|j|☆PepsiEnby
|j|☆Itotio
|t:|1758291181
|gametype|singles
|player|p1|PepsiEnby|lady-gen4|1665
|player|p2|Itotio|lucas|1734
|gen|9
|tier|[Gen 9] OU
|rated|
|rule|HP Percentage Mod: HP is shown in percentages
|rule|Endless Battle Clause: Forcing endless battles is banned
|rule|Species Clause: Limit one of each Pokémon
|rule|OHKO Clause: OHKO moves are banned
|rule|Evasion Items Clause: Evasion items are banned
|rule|Evasion Moves Clause: Evasion moves are banned
|rule|Evasion Abilities Clause: Evasion abilities are banned
|rule|Sleep Moves Clause: Sleep-inducing moves are banned
|clearpoke
|poke|p1|Alomomola, F|
|poke|p1|Slowking-Galar, M|
|poke|p1|Cinderace, M|
|poke|p1|Regice|
|poke|p1|Ting-Lu|
|poke|p1|Salamence, F|
|poke|p2|Cinderace, F|
|poke|p2|Sinistcha-Masterpiece|
|poke|p2|Kingambit, M|
|poke|p2|Ninetales-Alola, M|
|poke|p2|Dragonite, M|
|poke|p2|Ursaluna, F|
|teampreview
|inactive|Battle timer is ON: inactive players will automatically lose when time's up. (requested by Itotio)
|
|t:|1758291186
|teamsize|p1|6
|teamsize|p2|6
|start
|switch|p1a: Slowking|Slowking-Galar, M|100/100
|switch|p2a: Cinderace|Cinderace, F|100/100
|turn|1
|
|t:|1758291190
|move|p2a: Cinderace|U-turn|p1a: Slowking
|-start|p2a: Cinderace|typechange|Bug|[from] ability: Libero
|-damage|p1a: Slowking|77/100
|
|t:|1758291191
|switch|p2a: Ursaluna|Ursaluna, F|100/100|[from] U-turn
|move|p1a: Slowking|Trick|p2a: Ursaluna
|-activate|p1a: Slowking|move: Trick|[of] p2a: Ursaluna
|-item|p2a: Ursaluna|Black Sludge|[from] move: Trick
|-item|p1a: Slowking|Flame Orb|[from] move: Trick
|
|-damage|p2a: Ursaluna|88/100|[from] item: Black Sludge
|-status|p1a: Slowking|brn|[from] item: Flame Orb
|upkeep
|turn|2
|
|t:|1758291204
|switch|p2a: Ninetales|Ninetales-Alola, M|100/100
|-weather|Snowscape|[from] ability: Snow Warning|[of] p2a: Ninetales
|switch|p1a: Salamence|Salamence, F|100/100
|-ability|p1a: Salamence|Intimidate|boost
|-unboost|p2a: Ninetales|atk|1
|
|-weather|Snowscape|[upkeep]
|upkeep
|turn|3
|
|t:|1758291211
|switch|p1a: Slowking|Slowking-Galar, M|100/100 brn
|move|p2a: Ninetales|Blizzard|p1a: Slowking
|-damage|p1a: Slowking|68/100 brn
|
|-weather|Snowscape|[upkeep]
|-damage|p1a: Slowking|61/100 brn|[from] brn
|upkeep
|turn|4
|
|t:|1758291216
|switch|p2a: Ursaluna|Ursaluna, F|88/100
|-prepare|p1a: Slowking|Chilly Reception|[premajor]
|move|p1a: Slowking|Chilly Reception|p1a: Slowking
|
|t:|1758291221
|switch|p1a: Regice|Regice|100/100|[from] Chilly Reception
|
|-weather|Snowscape|[upkeep]
|-damage|p2a: Ursaluna|76/100|[from] item: Black Sludge
|upkeep
|turn|5
|
|t:|1758291223
|move|p2a: Ursaluna|Swords Dance|p2a: Ursaluna
|-boost|p2a: Ursaluna|atk|2
|move|p1a: Regice|Blizzard|p2a: Ursaluna
|-supereffective|p2a: Ursaluna
|-damage|p2a: Ursaluna|0 fnt
|faint|p2a: Ursaluna
|
|-weather|Snowscape|[upkeep]
|upkeep
|
|t:|1758291227
|switch|p2a: Kingambit|Kingambit, M, shiny|100/100
|-activate|p2a: Kingambit|ability: Supreme Overlord
|-start|p2a: Kingambit|fallen1|[silent]
|turn|6
|
|t:|1758291230
|move|p2a: Kingambit|Iron Head|p1a: Regice
|-supereffective|p1a: Regice
|-damage|p1a: Regice|40/100
|cant|p1a: Regice|flinch
|
|-weather|none
|upkeep
|turn|7
|
|t:|1758291237
|switch|p1a: Cinderace|Cinderace, M|100/100
|move|p2a: Kingambit|Iron Head|p1a: Cinderace
|-resisted|p1a: Cinderace
|-damage|p1a: Cinderace|68/100
|
|upkeep
|turn|8
|
|t:|1758291244
|move|p2a: Kingambit|Sucker Punch||[still]
|-fail|p2a: Kingambit
|move|p1a: Cinderace|Will-O-Wisp|p2a: Kingambit
|-status|p2a: Kingambit|brn
|
|-damage|p2a: Kingambit|94/100 brn|[from] brn
|upkeep
|turn|9
|
|t:|1758291248
|move|p1a: Cinderace|U-turn|p2a: Kingambit
|-damage|p2a: Kingambit|80/100 brn
|
|t:|1758291250
|switch|p1a: Salamence|Salamence, F|100/100|[from] U-turn
|-ability|p1a: Salamence|Intimidate|boost
|-unboost|p2a: Kingambit|atk|1
|move|p2a: Kingambit|Swords Dance|p2a: Kingambit
|-boost|p2a: Kingambit|atk|2
|
|-heal|p2a: Kingambit|86/100 brn|[from] item: Leftovers
|-damage|p2a: Kingambit|80/100 brn|[from] brn
|upkeep
|turn|10
|
|t:|1758291252
|move|p1a: Salamence|Dragon Dance|p1a: Salamence
|-boost|p1a: Salamence|atk|1
|-boost|p1a: Salamence|spe|1
|move|p2a: Kingambit|Swords Dance|p2a: Kingambit
|-boost|p2a: Kingambit|atk|2
|
|-heal|p2a: Kingambit|86/100 brn|[from] item: Leftovers
|-damage|p2a: Kingambit|80/100 brn|[from] brn
|upkeep
|turn|11
|
|t:|1758291257
|move|p1a: Salamence|Dragon Dance|p1a: Salamence
|-boost|p1a: Salamence|atk|1
|-boost|p1a: Salamence|spe|1
|move|p2a: Kingambit|Kowtow Cleave|p1a: Salamence
|-damage|p1a: Salamence|46/100
|
|-heal|p2a: Kingambit|86/100 brn|[from] item: Leftovers
|-damage|p2a: Kingambit|80/100 brn|[from] brn
|upkeep
|turn|12
|
|t:|1758291260
|move|p1a: Salamence|Roost|p1a: Salamence
|-heal|p1a: Salamence|96/100
|-singleturn|p1a: Salamence|move: Roost
|move|p2a: Kingambit|Kowtow Cleave|p1a: Salamence
|-damage|p1a: Salamence|44/100
|
|-heal|p2a: Kingambit|86/100 brn|[from] item: Leftovers
|-damage|p2a: Kingambit|80/100 brn|[from] brn
|upkeep
|turn|13
|
|t:|1758291262
|move|p1a: Salamence|Roost|p1a: Salamence
|-heal|p1a: Salamence|94/100
|-singleturn|p1a: Salamence|move: Roost
|move|p2a: Kingambit|Kowtow Cleave|p1a: Salamence
|-damage|p1a: Salamence|39/100
|
|-heal|p2a: Kingambit|86/100 brn|[from] item: Leftovers
|-damage|p2a: Kingambit|80/100 brn|[from] brn
|upkeep
|turn|14
|
|t:|1758291265
|move|p1a: Salamence|Roost|p1a: Salamence
|-heal|p1a: Salamence|89/100
|-singleturn|p1a: Salamence|move: Roost
|move|p2a: Kingambit|Kowtow Cleave|p1a: Salamence
|-damage|p1a: Salamence|31/100
|
|-heal|p2a: Kingambit|86/100 brn|[from] item: Leftovers
|-damage|p2a: Kingambit|80/100 brn|[from] brn
|upkeep
|turn|15
|
|t:|1758291267
|move|p1a: Salamence|Dragon Dance|p1a: Salamence
|-boost|p1a: Salamence|atk|1
|-boost|p1a: Salamence|spe|1
|move|p2a: Kingambit|Kowtow Cleave|p1a: Salamence
|-damage|p1a: Salamence|0 fnt
|faint|p1a: Salamence
|
|-heal|p2a: Kingambit|86/100 brn|[from] item: Leftovers
|-damage|p2a: Kingambit|80/100 brn|[from] brn
|upkeep
|
|t:|1758291272
|switch|p1a: Cinderace|Cinderace, M|68/100
|turn|16
|
|t:|1758291274
|move|p2a: Kingambit|Sucker Punch|p1a: Cinderace
|-damage|p1a: Cinderace|5/100
|move|p1a: Cinderace|Pyro Ball|p2a: Kingambit
|-supereffective|p2a: Kingambit
|-damage|p2a: Kingambit|0 fnt
|faint|p2a: Kingambit
|-end|p2a: Kingambit|fallen1|[silent]
|
|upkeep
|
|t:|1758291281
|switch|p2a: Cinderace|Cinderace, F|100/100
|turn|17
|
|t:|1758291285
|move|p1a: Cinderace|Pyro Ball|p2a: Cinderace
|-resisted|p2a: Cinderace
|-damage|p2a: Cinderace|53/100
|move|p2a: Cinderace|U-turn|p1a: Cinderace
|-start|p2a: Cinderace|typechange|Bug|[from] ability: Libero
|-resisted|p1a: Cinderace
|-damage|p1a: Cinderace|0 fnt
|faint|p1a: Cinderace
|
|t:|1758291293
|switch|p2a: Ninetales|Ninetales-Alola, M|100/100|[from] U-turn
|-weather|Snowscape|[from] ability: Snow Warning|[of] p2a: Ninetales
|
|-weather|Snowscape|[upkeep]
|upkeep
|
|t:|1758291295
|switch|p1a: Regice|Regice|40/100
|turn|18
|
|t:|1758291298
|move|p2a: Ninetales|Moonblast|p1a: Regice
|-damage|p1a: Regice|23/100
|move|p1a: Regice|Thunder Wave|p2a: Ninetales
|-status|p2a: Ninetales|par
|
|-weather|Snowscape|[upkeep]
|-heal|p1a: Regice|29/100|[from] ability: Ice Body
|upkeep
|turn|19
|
|t:|1758291304
|switch|p1a: Alomomola|Alomomola, F|100/100
|move|p2a: Ninetales|Aurora Veil|p2a: Ninetales
|-sidestart|p2: Itotio|move: Aurora Veil
|
|-weather|Snowscape|[upkeep]
|upkeep
|turn|20
|
|t:|1758291307
|switch|p2a: Sinistcha|Sinistcha-Masterpiece|100/100
|move|p1a: Alomomola|Flip Turn|p2a: Sinistcha
|-resisted|p2a: Sinistcha
|-damage|p2a: Sinistcha|96/100
|
|t:|1758291310
|switch|p1a: Slowking|Slowking-Galar, M|95/100 brn|[from] Flip Turn
|
|-weather|Snowscape|[upkeep]
|-heal|p2a: Sinistcha|100/100|[from] item: Leftovers
|-damage|p1a: Slowking|89/100 brn|[from] brn
|upkeep
|turn|21
|
|t:|1758291312
|-terastallize|p2a: Sinistcha|Poison
|move|p2a: Sinistcha|Calm Mind|p2a: Sinistcha
|-boost|p2a: Sinistcha|spa|1
|-boost|p2a: Sinistcha|spd|1
|move|p1a: Slowking|Trick|p2a: Sinistcha
|-activate|p1a: Slowking|move: Trick|[of] p2a: Sinistcha
|-item|p2a: Sinistcha|Flame Orb|[from] move: Trick
|-item|p1a: Slowking|Leftovers|[from] move: Trick
|
|-weather|none
|-heal|p1a: Slowking|95/100 brn|[from] item: Leftovers
|-damage|p1a: Slowking|89/100 brn|[from] brn
|-status|p2a: Sinistcha|brn|[from] item: Flame Orb
|upkeep
|turn|22
|
|t:|1758291319
|move|p2a: Sinistcha|Calm Mind|p2a: Sinistcha
|-boost|p2a: Sinistcha|spa|1
|-boost|p2a: Sinistcha|spd|1
|-prepare|p1a: Slowking|Chilly Reception|[premajor]
|move|p1a: Slowking|Chilly Reception|p1a: Slowking
|-weather|Snowscape
|
|t:|1758291321
|switch|p1a: Ting-Lu|Ting-Lu|100/100|[from] Chilly Reception
|-ability|p1a: Ting-Lu|Vessel of Ruin
|
|-weather|Snowscape|[upkeep]
|-damage|p2a: Sinistcha|98/100 brn|[from] brn
|upkeep
|turn|23
|
|t:|1758291324
|switch|p1a: Slowking|Slowking-Galar, M|100/100 brn
|move|p2a: Sinistcha|Matcha Gotcha|p1a: Slowking
|-resisted|p1a: Slowking
|-damage|p1a: Slowking|71/100 brn
|-heal|p2a: Sinistcha|100/100 brn|[from] drain|[of] p1a: Slowking
|
|-weather|Snowscape|[upkeep]
|-heal|p1a: Slowking|77/100 brn|[from] item: Leftovers
|-damage|p2a: Sinistcha|98/100 brn|[from] brn
|-damage|p1a: Slowking|71/100 brn|[from] brn
|upkeep
|turn|24
|
|t:|1758291329
|move|p2a: Sinistcha|Shadow Ball|p1a: Slowking
|-supereffective|p1a: Slowking
|-damage|p1a: Slowking|0 fnt
|faint|p1a: Slowking
|
|-weather|Snowscape|[upkeep]
|-damage|p2a: Sinistcha|95/100 brn|[from] brn
|upkeep
|
|t:|1758291334
|switch|p1a: Alomomola|Alomomola, F|100/100
|turn|25
|
|t:|1758291336
|move|p2a: Sinistcha|Matcha Gotcha|p1a: Alomomola
|-supereffective|p1a: Alomomola
|-damage|p1a: Alomomola|6/100
|-heal|p2a: Sinistcha|100/100 brn|[from] drain|[of] p1a: Alomomola
|move|p1a: Alomomola|Flip Turn|p2a: Sinistcha
|-damage|p2a: Sinistcha|90/100 brn
|
|t:|1758291340
|switch|p1a: Regice|Regice|29/100|[from] Flip Turn
|
|-weather|Snowscape|[upkeep]
|-heal|p1a: Regice|35/100|[from] ability: Ice Body
|-damage|p2a: Sinistcha|87/100 brn|[from] brn
|upkeep
|turn|26
|
|t:|1758291344
|switch|p1a: Alomomola|Alomomola, F|40/100
|move|p2a: Sinistcha|Shadow Ball|p1a: Alomomola
|-damage|p1a: Alomomola|0 fnt
|faint|p1a: Alomomola
|
|-weather|none
|-damage|p2a: Sinistcha|85/100 brn|[from] brn
|-sideend|p2: Itotio|move: Aurora Veil
|upkeep
|
|t:|1758291345
|switch|p1a: Ting-Lu|Ting-Lu|100/100
|-ability|p1a: Ting-Lu|Vessel of Ruin
|turn|27
|
|t:|1758291347
|-terastallize|p1a: Ting-Lu|Steel
|move|p2a: Sinistcha|Matcha Gotcha|p1a: Ting-Lu|[miss]
|-miss|p2a: Sinistcha|p1a: Ting-Lu
|move|p1a: Ting-Lu|Earthquake|p2a: Sinistcha
|-supereffective|p2a: Sinistcha
|-damage|p2a: Sinistcha|0 fnt
|faint|p2a: Sinistcha
|
|upkeep
|
|t:|1758291354
|switch|p2a: Dragonite|Dragonite, M|100/100
|turn|28
|
|t:|1758291355
|switch|p1a: Regice|Regice|35/100
|move|p2a: Dragonite|Encore||[still]
|-fail|p2a: Dragonite
|
|upkeep
|turn|29
|
|t:|1758291363
|move|p2a: Dragonite|Earthquake|p1a: Regice
|-damage|p1a: Regice|3/100
|move|p1a: Regice|Thunder Wave|p2a: Dragonite
|-status|p2a: Dragonite|par
|
|upkeep
|turn|30
|
|t:|1758291368
|move|p2a: Dragonite|Earthquake|p1a: Regice
|-damage|p1a: Regice|0 fnt
|faint|p1a: Regice
|
|upkeep
|
|t:|1758291370
|switch|p1a: Ting-Lu|Ting-Lu, tera:Steel|100/100
|-ability|p1a: Ting-Lu|Vessel of Ruin
|turn|31
|
|t:|1758291376
|move|p2a: Dragonite|Earthquake|p1a: Ting-Lu
|-supereffective|p1a: Ting-Lu
|-damage|p1a: Ting-Lu|62/100
|move|p1a: Ting-Lu|Stone Edge|p2a: Dragonite
|-supereffective|p2a: Dragonite
|-damage|p2a: Dragonite|49/100 par
|
|upkeep
|turn|32
|
|t:|1758291382
|move|p2a: Dragonite|Earthquake|p1a: Ting-Lu
|-supereffective|p1a: Ting-Lu
|-damage|p1a: Ting-Lu|21/100
|move|p1a: Ting-Lu|Stone Edge|p2a: Dragonite
|-supereffective|p2a: Dragonite
|-damage|p2a: Dragonite|0 fnt
|faint|p2a: Dragonite
|
|upkeep
|
|t:|1758291385
|switch|p2a: Cinderace|Cinderace, F|53/100
|turn|33
|
|t:|1758291387
|move|p2a: Cinderace|Pyro Ball|p1a: Ting-Lu|[miss]
|-miss|p2a: Cinderace|p1a: Ting-Lu
|move|p1a: Ting-Lu|Stone Edge|p2a: Cinderace
|-supereffective|p2a: Cinderace
|-damage|p2a: Cinderace|0 fnt
|faint|p2a: Cinderace
|
|upkeep
|
|t:|1758291389
|switch|p2a: Ninetales|Ninetales-Alola, M|100/100 par
|-weather|Snowscape|[from] ability: Snow Warning|[of] p2a: Ninetales
|turn|34
|
|t:|1758291391
|move|p2a: Ninetales|Blizzard|p1a: Ting-Lu
|-resisted|p1a: Ting-Lu
|-damage|p1a: Ting-Lu|8/100
|move|p1a: Ting-Lu|Stone Edge|p2a: Ninetales
|-supereffective|p2a: Ninetales
|-damage|p2a: Ninetales|6/100 par
|
|-weather|Snowscape|[upkeep]
|upkeep
|turn|35
|
|t:|1758291396
|cant|p2a: Ninetales|par
|move|p1a: Ting-Lu|Stone Edge|p2a: Ninetales|[miss]
|-miss|p1a: Ting-Lu|p2a: Ninetales
|
|-weather|Snowscape|[upkeep]
|upkeep
|turn|36
|
|t:|1758291399
|move|p2a: Ninetales|Blizzard|p1a: Ting-Lu
|-resisted|p1a: Ting-Lu
|-damage|p1a: Ting-Lu|0 fnt
|faint|p1a: Ting-Lu
|
|win|Itotio
|raw|PepsiEnby's rating: 1681 &rarr; <strong>1664</strong><br />(-17 for losing)
|raw|Itotio's rating: 1734 &rarr; <strong>1751</strong><br />(+17 for winning)
|l|☆PepsiEnby
|player|p1|
|l|☆Itotio
|player|p2|
