|j|☆ChasemanY2K
|j|☆MiinhuMC
|t:|1758280844
|gametype|singles
|player|p1|ChasemanY2K|101|1213
|player|p2|MiinhuMC|102|1295
|gen|9
|tier|[Gen 9] OU
|rated|
|rule|HP Percentage Mod: HP is shown in percentages
|rule|Endless Battle Clause: Forcing endless battles is banned
|rule|Species Clause: Limit one of each Pokémon
|rule|OHKO Clause: OHKO moves are banned
|rule|Evasion Items Clause: Evasion items are banned
|rule|Evasion Moves Clause: Evasion moves are banned
|rule|Evasion Abilities Clause: Evasion abilities are banned
|rule|Sleep Moves Clause: Sleep-inducing moves are banned
|clearpoke
|poke|p1|Primarina, F|
|poke|p1|Rillaboom, F|
|poke|p1|Grimmsnarl, M|
|poke|p1|Zamazenta-*|
|poke|p1|Cinderace, F|
|poke|p1|Great Tusk|
|poke|p2|Tyranitar, F|
|poke|p2|Excadrill, M|
|poke|p2|Gholdengo|
|poke|p2|Corviknight, M|
|poke|p2|Garganacl, F|
|poke|p2|Clodsire, F|
|teampreview
|inactive|Battle timer is ON: inactive players will automatically lose when time's up. (requested by MiinhuMC)
|
|t:|1758280866
|teamsize|p1|6
|teamsize|p2|6
|start
|switch|p1a: Cinderace|Cinderace, F|100/100
|switch|p2a: Gholdengo|Gholdengo|100/100
|-item|p2a: Gholdengo|Air Balloon
|turn|1
|
|t:|1758280876
|switch|p2a: Garganacl|Garganacl, F|100/100
|move|p1a: Cinderace|Pyro Ball|p2a: Garganacl
|-resisted|p2a: Garganacl
|-damage|p2a: Garganacl|77/100
|
|-heal|p2a: Garganacl|83/100|[from] item: Leftovers
|upkeep
|turn|2
|
|t:|1758280886
|switch|p1a: Rillaboom|Rillaboom, F|100/100
|-fieldstart|move: Grassy Terrain|[from] ability: Grassy Surge|[of] p1a: Rillaboom
|move|p2a: Garganacl|Salt Cure|p1a: Rillaboom
|-damage|p1a: Rillaboom|86/100
|-start|p1a: Rillaboom|Salt Cure
|
|-heal|p1a: Rillaboom|92/100|[from] Grassy Terrain
|-heal|p2a: Garganacl|90/100|[from] Grassy Terrain
|-heal|p2a: Garganacl|96/100|[from] item: Leftovers
|-damage|p1a: Rillaboom|80/100|[from] Salt Cure
|upkeep
|turn|3
|
|t:|1758280899
|move|p2a: Garganacl|Protect|p2a: Garganacl
|-singleturn|p2a: Garganacl|Protect
|move|p1a: Rillaboom|Wood Hammer|p2a: Garganacl
|-activate|p2a: Garganacl|move: Protect
|
|-heal|p1a: Rillaboom|86/100|[from] Grassy Terrain
|-heal|p2a: Garganacl|100/100|[from] Grassy Terrain
|-damage|p1a: Rillaboom|74/100|[from] Salt Cure
|upkeep
|turn|4
|
|t:|1758280910
|switch|p2a: Corviknight|Corviknight, M|100/100
|-ability|p2a: Corviknight|Pressure
|move|p1a: Rillaboom|Wood Hammer|p2a: Corviknight
|-resisted|p2a: Corviknight
|-damage|p2a: Corviknight|83/100
|-damage|p1a: Rillaboom|57/100|[from] item: Rocky Helmet|[of] p2a: Corviknight
|-damage|p1a: Rillaboom|50/100|[from] Recoil
|
|-heal|p1a: Rillaboom|57/100|[from] Grassy Terrain
|-damage|p1a: Rillaboom|44/100|[from] Salt Cure
|upkeep
|turn|5
|
|t:|1758280925
|switch|p1a: Cinderace|Cinderace, F|100/100
|move|p2a: Corviknight|U-turn|p1a: Cinderace
|-resisted|p1a: Cinderace
|-damage|p1a: Cinderace|91/100
|
|t:|1758280931
|switch|p2a: Garganacl|Garganacl, F|100/100|[from] U-turn
|
|-heal|p1a: Cinderace|97/100|[from] Grassy Terrain
|upkeep
|turn|6
|
|t:|1758280938
|move|p1a: Cinderace|High Jump Kick|p2a: Garganacl
|-start|p1a: Cinderace|typechange|Fighting|[from] ability: Libero
|-supereffective|p2a: Garganacl
|-damage|p2a: Garganacl|0 fnt
|faint|p2a: Garganacl
|
|-heal|p1a: Cinderace|100/100|[from] Grassy Terrain
|-fieldend|move: Grassy Terrain
|upkeep
|inactive|MiinhuMC has 120 seconds left.
|
|t:|1758280975
|switch|p2a: Tyranitar|Tyranitar, F|100/100
|-weather|Sandstorm|[from] ability: Sand Stream|[of] p2a: Tyranitar
|turn|7
|inactive|MiinhuMC has 90 seconds left.
|
|t:|1758281006
|switch|p1a: Rillaboom|Rillaboom, F|44/100
|-fieldstart|move: Grassy Terrain|[from] ability: Grassy Surge|[of] p1a: Rillaboom
|move|p2a: Tyranitar|Stealth Rock|p1a: Rillaboom
|-sidestart|p1: ChasemanY2K|move: Stealth Rock
|
|-weather|Sandstorm|[upkeep]
|-damage|p1a: Rillaboom|38/100|[from] Sandstorm
|-heal|p1a: Rillaboom|44/100|[from] Grassy Terrain
|upkeep
|turn|8
|inactive|MiinhuMC has 90 seconds left.
|
|t:|1758281019
|switch|p2a: Corviknight|Corviknight, M|83/100
|-ability|p2a: Corviknight|Pressure
|move|p1a: Rillaboom|Knock Off|p2a: Corviknight
|-damage|p2a: Corviknight|49/100
|-damage|p1a: Rillaboom|28/100|[from] item: Rocky Helmet|[of] p2a: Corviknight
|-enditem|p2a: Corviknight|Rocky Helmet|[from] move: Knock Off|[of] p1a: Rillaboom
|
|-weather|Sandstorm|[upkeep]
|-damage|p1a: Rillaboom|22/100|[from] Sandstorm
|-heal|p1a: Rillaboom|28/100|[from] Grassy Terrain
|upkeep
|turn|9
|inactive|MiinhuMC has 90 seconds left.
|
|t:|1758281034
|switch|p1a: Great Tusk|Great Tusk|100/100
|-damage|p1a: Great Tusk|98/100|[from] Stealth Rock
|move|p2a: Corviknight|Roost|p2a: Corviknight
|-heal|p2a: Corviknight|99/100
|-singleturn|p2a: Corviknight|move: Roost
|
|-weather|Sandstorm|[upkeep]
|-heal|p1a: Great Tusk|100/100|[from] Grassy Terrain
|-heal|p2a: Corviknight|100/100|[from] Grassy Terrain
|upkeep
|turn|10
|inactive|MiinhuMC has 90 seconds left.
|
|t:|1758281057
|move|p1a: Great Tusk|Rapid Spin|p2a: Corviknight
|-resisted|p2a: Corviknight
|-damage|p2a: Corviknight|95/100
|-boost|p1a: Great Tusk|spe|1
|-sideend|p1: ChasemanY2K|Stealth Rock|[from] move: Rapid Spin|[of] p1a: Great Tusk
|move|p2a: Corviknight|U-turn|p1a: Great Tusk
|-resisted|p1a: Great Tusk
|-damage|p1a: Great Tusk|96/100
|-damage|p2a: Corviknight|78/100|[from] item: Rocky Helmet|[of] p1a: Great Tusk
|
|t:|1758281080
|switch|p2a: Tyranitar|Tyranitar, F|100/100|[from] U-turn
|
|-weather|Sandstorm|[upkeep]
|-heal|p1a: Great Tusk|100/100|[from] Grassy Terrain
|upkeep
|turn|11
|
|t:|1758281088
|move|p1a: Great Tusk|Close Combat|p2a: Tyranitar
|-supereffective|p2a: Tyranitar
|-damage|p2a: Tyranitar|0 fnt
|-unboost|p1a: Great Tusk|def|1
|-unboost|p1a: Great Tusk|spd|1
|faint|p2a: Tyranitar
|
|-weather|none
|-fieldend|move: Grassy Terrain
|upkeep
|-message|MiinhuMC forfeited.
|
|win|ChasemanY2K
|raw|ChasemanY2K's rating: 1213 &rarr; <strong>1244</strong><br />(+31 for winning)
|raw|MiinhuMC's rating: 1295 &rarr; <strong>1264</strong><br />(-31 for losing)
|l|☆MiinhuMC
|player|p2|
