|badge|p2|bronze|gen9ou|100-6
|uhtml|medal-msg|<div class="broadcast-blue">Curious what those medals under the avatar are? PS now has Ladder Seasons! For more information, check out the <a href="https://www.smogon.com/forums/threads/3740067/">thread on Smogon.</a></div>
|j|☆omari p
|j|☆saeyouwontletgo
|t:|1758256473
|gametype|singles
|player|p1|omari p|pokemonrangerf|1825
|player|p2|saeyouwontletgo|102|1831
|gen|9
|tier|[Gen 9] OU
|rated|
|rule|HP Percentage Mod: HP is shown in percentages
|rule|Endless Battle Clause: Forcing endless battles is banned
|rule|Species Clause: Limit one of each Pokémon
|rule|OHKO Clause: OHKO moves are banned
|rule|Evasion Items Clause: Evasion items are banned
|rule|Evasion Moves Clause: Evasion moves are banned
|rule|Evasion Abilities Clause: Evasion abilities are banned
|rule|Sleep Moves Clause: Sleep-inducing moves are banned
|clearpoke
|poke|p1|Cinderace, M|
|poke|p1|Volcanion|
|poke|p1|Torkoal, M|
|poke|p1|Mandibuzz, F|
|poke|p1|Great Tusk|
|poke|p1|Fezandipiti, M|
|poke|p2|Pecharunt|
|poke|p2|Great Tusk|
|poke|p2|Ogerpon-Wellspring, F|
|poke|p2|Iron Crown|
|poke|p2|Landorus-Therian, M|
|poke|p2|Samurott-Hisui, M|
|teampreview
|inactive|Battle timer is ON: inactive players will automatically lose when time's up. (requested by saeyouwontletgo)
|
|t:|1758256480
|teamsize|p1|6
|teamsize|p2|6
|start
|switch|p1a: Torkoal|Torkoal, M, shiny|100/100
|switch|p2a: Landorus|Landorus-Therian, M|100/100
|-ability|p2a: Landorus|Intimidate|boost
|-unboost|p1a: Torkoal|atk|1
|-weather|SunnyDay|[from] ability: Drought|[of] p1a: Torkoal
|turn|1
|
|t:|1758256484
|move|p2a: Landorus|Stone Edge|p1a: Torkoal|[miss]
|-miss|p2a: Landorus|p1a: Torkoal
|move|p1a: Torkoal|Fire Blast|p2a: Landorus
|-damage|p2a: Landorus|16/100
|
|-weather|SunnyDay|[upkeep]
|upkeep
|turn|2
|inactive|omari p has 120 seconds left.
|inactive|omari p has 90 seconds left.
|j| king of spycrabs
|
|t:|1758256562
|move|p2a: Landorus|Stone Edge|p1a: Torkoal
|-supereffective|p1a: Torkoal
|-damage|p1a: Torkoal|42/100
|move|p1a: Torkoal|Fire Blast|p2a: Landorus
|-damage|p2a: Landorus|0 fnt
|faint|p2a: Landorus
|
|-weather|SunnyDay|[upkeep]
|upkeep
|
|t:|1758256573
|switch|p2a: Samurott|Samurott-Hisui, M|100/100
|turn|3
|
|t:|1758256578
|switch|p1a: Haku|Great Tusk, shiny|100/100
|-activate|p1a: Haku|ability: Protosynthesis
|-start|p1a: Haku|protosynthesisatk
|move|p2a: Samurott|Ceaseless Edge|p1a: Haku
|-resisted|p1a: Haku
|-damage|p1a: Haku|83/100
|-sidestart|p1: omari p|Spikes
|
|-weather|SunnyDay|[upkeep]
|upkeep
|turn|4
|
|t:|1758256585
|switch|p2a: Pecharunt|Pecharunt|100/100
|move|p1a: Haku|Headlong Rush|p2a: Pecharunt
|-supereffective|p2a: Pecharunt
|-damage|p2a: Pecharunt|19/100
|-unboost|p1a: Haku|def|1
|-unboost|p1a: Haku|spd|1
|-damage|p1a: Haku|67/100|[from] item: Rocky Helmet|[of] p2a: Pecharunt
|
|-weather|SunnyDay|[upkeep]
|upkeep
|turn|5
|
|t:|1758256590
|switch|p2a: Ogerpon|Ogerpon-Wellspring, F|100/100
|move|p1a: Haku|Headlong Rush|p2a: Ogerpon
|-resisted|p2a: Ogerpon
|-damage|p2a: Ogerpon|60/100
|-unboost|p1a: Haku|def|1
|-unboost|p1a: Haku|spd|1
|
|-weather|SunnyDay|[upkeep]
|upkeep
|turn|6
|
|t:|1758256595
|-end|p1a: Haku|Protosynthesis|[silent]
|switch|p1a: Omari P Bird|Mandibuzz, F, shiny|100/100
|move|p2a: Ogerpon|Synthesis|p2a: Ogerpon
|-heal|p2a: Ogerpon|100/100
|
|-weather|SunnyDay|[upkeep]
|upkeep
|turn|7
|
|t:|1758256601
|switch|p2a: Iron Crown|Iron Crown|100/100
|move|p1a: Omari P Bird|Foul Play|p2a: Iron Crown
|-supereffective|p2a: Iron Crown
|-damage|p2a: Iron Crown|52/100
|
|-weather|SunnyDay|[upkeep]
|upkeep
|turn|8
|j| iamfrhaan007
|j| IM AT MY LIMIT
|inactive|omari p has 120 seconds left.
|
|t:|1758256607
|move|p2a: Iron Crown|Tachyon Cutter|p1a: Omari P Bird
|-damage|p1a: Omari P Bird|66/100
|-damage|p1a: Omari P Bird|36/100
|-hitcount|p1a: Omari P Bird|2
|move|p1a: Omari P Bird|Foul Play|p2a: Iron Crown
|-supereffective|p2a: Iron Crown
|-damage|p2a: Iron Crown|9/100
|
|-weather|none
|upkeep
|turn|9
|
|t:|1758256610
|switch|p1a: Torkoal|Torkoal, M, shiny|42/100
|-damage|p1a: Torkoal|30/100|[from] Spikes
|-weather|SunnyDay|[from] ability: Drought|[of] p1a: Torkoal
|move|p2a: Iron Crown|Tachyon Cutter|p1a: Torkoal
|-resisted|p1a: Torkoal
|-damage|p1a: Torkoal|6/100
|-resisted|p1a: Torkoal
|-damage|p1a: Torkoal|0 fnt
|faint|p1a: Torkoal
|-hitcount|p1: Torkoal|2
|
|-weather|SunnyDay|[upkeep]
|upkeep
|
|t:|1758256613
|switch|p1a: Cinderace|Cinderace, M|100/100
|-damage|p1a: Cinderace|88/100|[from] Spikes
|turn|10
|
|t:|1758256616
|move|p1a: Cinderace|Pyro Ball|p2a: Iron Crown
|-supereffective|p2a: Iron Crown
|-damage|p2a: Iron Crown|0 fnt
|faint|p2a: Iron Crown
|-end|p2a: Iron Crown|Quark Drive|[silent]
|
|-weather|SunnyDay|[upkeep]
|upkeep
|
|t:|1758256624
|switch|p2a: Samurott|Samurott-Hisui, M|100/100
|turn|11
|
|t:|1758256630
|move|p1a: Cinderace|High Jump Kick|p2a: Samurott
|-start|p1a: Cinderace|typechange|Fighting|[from] ability: Libero
|-supereffective|p2a: Samurott
|-damage|p2a: Samurott|0 fnt
|faint|p2a: Samurott
|
|-weather|SunnyDay|[upkeep]
|upkeep
|
|t:|1758256640
|switch|p2a: Great Tusk|Great Tusk|100/100
|-activate|p2a: Great Tusk|ability: Protosynthesis
|-start|p2a: Great Tusk|protosynthesisspe
|turn|12
|
|t:|1758256649
|move|p2a: Great Tusk|Stealth Rock|p1a: Cinderace
|-sidestart|p1: omari p|move: Stealth Rock
|move|p1a: Cinderace|Court Change|p1a: Cinderace
|-swapsideconditions
|-activate|p1a: Cinderace|move: Court Change
|
|-weather|SunnyDay|[upkeep]
|upkeep
|turn|13
|
|t:|1758256652
|switch|p1a: Omari P Bird|Mandibuzz, F, shiny|36/100
|move|p2a: Great Tusk|Rapid Spin|p1a: Omari P Bird
|-damage|p1a: Omari P Bird|27/100
|-boost|p2a: Great Tusk|spe|1
|-damage|p2a: Great Tusk|84/100|[from] item: Rocky Helmet|[of] p1a: Omari P Bird
|-sideend|p2: saeyouwontletgo|Spikes|[from] move: Rapid Spin|[of] p2a: Great Tusk
|-sideend|p2: saeyouwontletgo|Stealth Rock|[from] move: Rapid Spin|[of] p2a: Great Tusk
|
|-weather|SunnyDay|[upkeep]
|upkeep
|turn|14
|
|t:|1758256656
|move|p2a: Great Tusk|Stealth Rock|p1a: Omari P Bird
|-sidestart|p1: omari p|move: Stealth Rock
|move|p1a: Omari P Bird|Roost|p1a: Omari P Bird
|-heal|p1a: Omari P Bird|77/100
|-singleturn|p1a: Omari P Bird|move: Roost
|
|-weather|SunnyDay|[upkeep]
|upkeep
|turn|15
|
|t:|1758256658
|move|p2a: Great Tusk|Knock Off|p1a: Omari P Bird
|-resisted|p1a: Omari P Bird
|-damage|p1a: Omari P Bird|69/100
|-damage|p2a: Great Tusk|67/100|[from] item: Rocky Helmet|[of] p1a: Omari P Bird
|-enditem|p1a: Omari P Bird|Rocky Helmet|[from] move: Knock Off|[of] p2a: Great Tusk
|move|p1a: Omari P Bird|Defog|p2a: Great Tusk
|-unboost|p2a: Great Tusk|evasion|1
|-sideend|p1: omari p|Stealth Rock|[from] move: Defog|[of] p1a: Omari P Bird
|
|-weather|SunnyDay|[upkeep]
|upkeep
|turn|16
|
|t:|1758256664
|move|p2a: Great Tusk|Stealth Rock|p1a: Omari P Bird
|-sidestart|p1: omari p|move: Stealth Rock
|move|p1a: Omari P Bird|Roost|p1a: Omari P Bird
|-heal|p1a: Omari P Bird|100/100
|-singleturn|p1a: Omari P Bird|move: Roost
|
|-weather|none
|-end|p2a: Great Tusk|Protosynthesis
|upkeep
|-enditem|p2a: Great Tusk|Booster Energy
|-activate|p2a: Great Tusk|ability: Protosynthesis|[fromitem]
|-start|p2a: Great Tusk|protosynthesisspe
|turn|17
|l| iamfrhaan007
|
|t:|1758256666
|-end|p2a: Great Tusk|Protosynthesis|[silent]
|switch|p2a: Pecharunt|Pecharunt|19/100
|move|p1a: Omari P Bird|Defog|p2a: Pecharunt
|-unboost|p2a: Pecharunt|evasion|1
|-sideend|p1: omari p|Stealth Rock|[from] move: Defog|[of] p1a: Omari P Bird
|
|upkeep
|turn|18
|
|t:|1758256672
|switch|p1a: Haku|Great Tusk, shiny|67/100
|move|p2a: Pecharunt|Recover|p2a: Pecharunt
|-heal|p2a: Pecharunt|69/100
|
|upkeep
|turn|19
|
|t:|1758256679
|move|p1a: Haku|Headlong Rush|p2a: Pecharunt
|-supereffective|p2a: Pecharunt
|-damage|p2a: Pecharunt|6/100
|-unboost|p1a: Haku|def|1
|-unboost|p1a: Haku|spd|1
|-damage|p1a: Haku|50/100|[from] item: Rocky Helmet|[of] p2a: Pecharunt
|move|p2a: Pecharunt|Parting Shot|p1a: Haku
|-unboost|p1a: Haku|atk|1
|-unboost|p1a: Haku|spa|1
|
|t:|1758256682
|switch|p2a: Great Tusk|Great Tusk|67/100|[from] Parting Shot
|
|upkeep
|turn|20
|
|t:|1758256685
|-end|p1a: Haku|Protosynthesis|[silent]
|switch|p1a: Omari P Bird|Mandibuzz, F, shiny|100/100
|move|p2a: Great Tusk|Stealth Rock|p1a: Omari P Bird
|-sidestart|p1: omari p|move: Stealth Rock
|
|upkeep
|turn|21
|
|t:|1758256688
|-end|p2a: Great Tusk|Protosynthesis|[silent]
|switch|p2a: Pecharunt|Pecharunt|6/100
|move|p1a: Omari P Bird|Foul Play|p2a: Pecharunt
|-supereffective|p2a: Pecharunt
|-crit|p2a: Pecharunt
|-damage|p2a: Pecharunt|0 fnt
|-damage|p1a: Omari P Bird|84/100|[from] item: Rocky Helmet|[of] p2a: Pecharunt
|faint|p2a: Pecharunt
|
|upkeep
|
|t:|1758256690
|switch|p2a: Ogerpon|Ogerpon-Wellspring, F|100/100
|turn|22
|
|t:|1758256694
|move|p2a: Ogerpon|Swords Dance|p2a: Ogerpon
|-boost|p2a: Ogerpon|atk|2
|move|p1a: Omari P Bird|Foul Play|p2a: Ogerpon
|-damage|p2a: Ogerpon|19/100
|
|upkeep
|turn|23
|
|t:|1758256699
|-terastallize|p2a: Ogerpon|Water
|detailschange|p2a: Ogerpon|Ogerpon-Wellspring-Tera, F, tera:Water
|-ability|p2a: Ogerpon|Embody Aspect (Wellspring)|boost
|-boost|p2a: Ogerpon|spd|1
|move|p2a: Ogerpon|Ivy Cudgel|p1a: Omari P Bird|[anim] Ivy Cudgel Water
|-damage|p1a: Omari P Bird|1/100
|move|p1a: Omari P Bird|Foul Play|p2a: Ogerpon
|-damage|p2a: Ogerpon|0 fnt
|faint|p2a: Ogerpon
|detailschange|p2: Ogerpon|Ogerpon-Wellspring, F|[silent]
|
|upkeep
|-message|saeyouwontletgo forfeited.
|
|win|omari p
|raw|omari p's rating: 1825 &rarr; <strong>1845</strong><br />(+20 for winning)
|raw|saeyouwontletgo's rating: 1831 &rarr; <strong>1811</strong><br />(-20 for losing)
|l|☆saeyouwontletgo
|player|p2|
|l| king of spycrabs
