|j|☆Eight Five
|j|‽tasty sardine 408
|t:|1758260947
|gametype|singles
|player|p1|Eight Five|170|1677
|player|p2|tasty sardine 408|harlequin|1573
|gen|9
|tier|[Gen 9] OU
|rated|
|rule|HP Percentage Mod: HP is shown in percentages
|rule|Endless Battle Clause: Forcing endless battles is banned
|rule|Species Clause: Limit one of each Pokémon
|rule|OHKO Clause: OHKO moves are banned
|rule|Evasion Items Clause: Evasion items are banned
|rule|Evasion Moves Clause: Evasion moves are banned
|rule|Evasion Abilities Clause: Evasion abilities are banned
|rule|Sleep Moves Clause: Sleep-inducing moves are banned
|clearpoke
|poke|p1|Iron Treads|
|poke|p1|Landorus-Therian, M|
|poke|p1|Iron Leaves|
|poke|p1|Chandelure, F|
|poke|p1|Primarina, F|
|poke|p1|Zapdos|
|poke|p2|Umbreon, M|
|poke|p2|Serperior, M|
|poke|p2|Cresselia, F|
|poke|p2|Revavroom, M|
|poke|p2|Skeledirge, F|
|poke|p2|Manaphy|
|teampreview
|inactive|Battle timer is ON: inactive players will automatically lose when time's up. (requested by Eight Five)
|inactive|Eight Five has 120 seconds left.
|inactive|tasty sardine 408 has 120 seconds left.
|
|t:|1758260996
|teamsize|p1|6
|teamsize|p2|6
|start
|switch|p1a: Zapdos|Zapdos|100/100
|switch|p2a: Serperior|Serperior, M, shiny|100/100
|turn|1
|
|t:|1758261019
|-terastallize|p2a: Serperior|Electric
|move|p2a: Serperior|Leaf Storm|p1a: Zapdos
|-resisted|p1a: Zapdos
|-damage|p1a: Zapdos|81/100
|-boost|p2a: Serperior|spa|2
|move|p1a: Zapdos|Volt Switch|p2a: Serperior
|-resisted|p2a: Serperior
|-damage|p2a: Serperior|72/100
|
|t:|1758261028
|switch|p1a: Iron Treads|Iron Treads|100/100|[from] Volt Switch
|-enditem|p1a: Iron Treads|Booster Energy
|-activate|p1a: Iron Treads|ability: Quark Drive|[fromitem]
|-start|p1a: Iron Treads|quarkdrivespe
|
|-heal|p2a: Serperior|78/100|[from] item: Leftovers
|upkeep
|turn|2
|
|t:|1758261039
|switch|p2a: Cresselia|Cresselia, F, shiny|100/100
|move|p1a: Iron Treads|Earthquake|p2a: Cresselia
|-immune|p2a: Cresselia|[from] ability: Levitate
|
|upkeep
|turn|3
|
|t:|1758261050
|move|p1a: Iron Treads|Stealth Rock|p2a: Cresselia
|-sidestart|p2: tasty sardine 408|move: Stealth Rock
|move|p2a: Cresselia|Calm Mind|p2a: Cresselia
|-boost|p2a: Cresselia|spa|1
|-boost|p2a: Cresselia|spd|1
|
|upkeep
|turn|4
|
|t:|1758261068
|-end|p1a: Iron Treads|Quark Drive|[silent]
|switch|p1a: Landorus|Landorus-Therian, M|100/100
|-ability|p1a: Landorus|Intimidate|boost
|-unboost|p2a: Cresselia|atk|1
|move|p2a: Cresselia|Calm Mind|p2a: Cresselia
|-boost|p2a: Cresselia|spa|1
|-boost|p2a: Cresselia|spd|1
|
|upkeep
|turn|5
|
|t:|1758261077
|move|p1a: Landorus|Taunt|p2a: Cresselia
|-start|p2a: Cresselia|move: Taunt
|move|p2a: Cresselia|Stored Power|p1a: Landorus
|-damage|p1a: Landorus|28/100
|
|upkeep
|turn|6
|
|t:|1758261101
|move|p1a: Landorus|U-turn|p2a: Cresselia
|-supereffective|p2a: Cresselia
|-damage|p2a: Cresselia|72/100
|
|t:|1758261108
|switch|p1a: Iron Leaves|Iron Leaves|100/100|[from] U-turn
|-enditem|p1a: Iron Leaves|Booster Energy
|-activate|p1a: Iron Leaves|ability: Quark Drive|[fromitem]
|-start|p1a: Iron Leaves|quarkdrivespe
|move|p2a: Cresselia|Stored Power|p1a: Iron Leaves
|-resisted|p1a: Iron Leaves
|-damage|p1a: Iron Leaves|74/100
|
|-heal|p2a: Cresselia|78/100|[from] item: Leftovers
|upkeep
|turn|7
|
|t:|1758261115
|move|p1a: Iron Leaves|Swords Dance|p1a: Iron Leaves
|-boost|p1a: Iron Leaves|atk|2
|move|p2a: Cresselia|Stored Power|p1a: Iron Leaves
|-resisted|p1a: Iron Leaves
|-damage|p1a: Iron Leaves|49/100
|
|-heal|p2a: Cresselia|84/100|[from] item: Leftovers
|-end|p2a: Cresselia|move: Taunt
|upkeep
|turn|8
|
|t:|1758261121
|move|p1a: Iron Leaves|Leaf Blade|p2a: Cresselia
|-damage|p2a: Cresselia|35/100
|move|p2a: Cresselia|Stored Power|p1a: Iron Leaves
|-resisted|p1a: Iron Leaves
|-damage|p1a: Iron Leaves|24/100
|
|-heal|p2a: Cresselia|41/100|[from] item: Leftovers
|upkeep
|turn|9
|
|t:|1758261126
|move|p1a: Iron Leaves|Leaf Blade|p2a: Cresselia
|-damage|p2a: Cresselia|0 fnt
|faint|p2a: Cresselia
|
|upkeep
|
|t:|1758261128
|switch|p2a: Skeledirge|Skeledirge, F, shiny|100/100
|turn|10
|
|t:|1758261155
|move|p1a: Iron Leaves|Gravity|p1a: Iron Leaves
|-fieldstart|move: Gravity
|move|p2a: Skeledirge|Hex|p1a: Iron Leaves
|-supereffective|p1a: Iron Leaves
|-damage|p1a: Iron Leaves|0 fnt
|faint|p1a: Iron Leaves
|-end|p1a: Iron Leaves|Quark Drive|[silent]
|
|upkeep
|
|t:|1758261163
|switch|p1a: Zapdos|Zapdos|81/100
|turn|11
|
|t:|1758261168
|move|p1a: Zapdos|Zap Cannon|p2a: Skeledirge
|-damage|p2a: Skeledirge|27/100
|-status|p2a: Skeledirge|par
|move|p2a: Skeledirge|Torch Song|p1a: Zapdos
|-damage|p1a: Zapdos|48/100
|-boost|p2a: Skeledirge|spa|1
|
|upkeep
|turn|12
|
|t:|1758261172
|move|p1a: Zapdos|Zap Cannon|p2a: Skeledirge|[miss]
|-miss|p1a: Zapdos|p2a: Skeledirge
|move|p2a: Skeledirge|Torch Song|p1a: Zapdos
|-damage|p1a: Zapdos|0 fnt
|-boost|p2a: Skeledirge|spa|1
|faint|p1a: Zapdos
|
|upkeep
|
|t:|1758261182
|switch|p1a: Primarina|Primarina, F|100/100
|turn|13
|
|t:|1758261196
|move|p1a: Primarina|Calm Mind|p1a: Primarina
|-boost|p1a: Primarina|spa|1
|-boost|p1a: Primarina|spd|1
|cant|p2a: Skeledirge|par
|
|upkeep
|turn|14
|
|t:|1758261198
|move|p1a: Primarina|Calm Mind|p1a: Primarina
|-boost|p1a: Primarina|spa|1
|-boost|p1a: Primarina|spd|1
|move|p2a: Skeledirge|Torch Song|p1a: Primarina
|-resisted|p1a: Primarina
|-damage|p1a: Primarina|75/100
|-boost|p2a: Skeledirge|spa|1
|
|-heal|p1a: Primarina|81/100|[from] item: Leftovers
|-fieldend|move: Gravity
|upkeep
|turn|15
|
|t:|1758261203
|move|p1a: Primarina|Psychic Noise|p2a: Skeledirge
|-supereffective|p2a: Skeledirge
|-damage|p2a: Skeledirge|0 fnt
|faint|p2a: Skeledirge
|
|-heal|p1a: Primarina|87/100|[from] item: Leftovers
|upkeep
|
|t:|1758261210
|switch|p2a: Revavroom|Revavroom, M, shiny|100/100
|-damage|p2a: Revavroom|94/100|[from] Stealth Rock
|-item|p2a: Revavroom|Air Balloon
|turn|16
|
|t:|1758261216
|move|p2a: Revavroom|Gunk Shot|p1a: Primarina
|-supereffective|p1a: Primarina
|-damage|p1a: Primarina|0 fnt
|faint|p1a: Primarina
|
|upkeep
|
|t:|1758261222
|switch|p1a: Chandelure|Chandelure, F|100/100
|turn|17
|
|t:|1758261244
|move|p1a: Chandelure|Fire Blast|p2a: Revavroom
|-supereffective|p2a: Revavroom
|-damage|p2a: Revavroom|0 fnt
|-enditem|p2a: Revavroom|Air Balloon
|faint|p2a: Revavroom
|
|upkeep
|
|t:|1758261248
|switch|p2a: Manaphy|Manaphy, shiny|100/100
|-damage|p2a: Manaphy|88/100|[from] Stealth Rock
|turn|18
|
|t:|1758261253
|switch|p1a: Iron Treads|Iron Treads|100/100
|move|p2a: Manaphy|Acid Armor|p2a: Manaphy
|-boost|p2a: Manaphy|def|2
|
|-heal|p2a: Manaphy|94/100|[from] item: Leftovers
|upkeep
|turn|19
|
|t:|1758261257
|move|p1a: Iron Treads|Earthquake|p2a: Manaphy
|-crit|p2a: Manaphy
|-damage|p2a: Manaphy|39/100
|move|p2a: Manaphy|Acid Armor|p2a: Manaphy
|-boost|p2a: Manaphy|def|2
|
|-heal|p2a: Manaphy|45/100|[from] item: Leftovers
|upkeep
|turn|20
|
|t:|1758261262
|-end|p1a: Iron Treads|Quark Drive|[silent]
|switch|p1a: Chandelure|Chandelure, F|100/100
|move|p2a: Manaphy|Scald|p1a: Chandelure
|-supereffective|p1a: Chandelure
|-damage|p1a: Chandelure|18/100
|
|-heal|p2a: Manaphy|51/100|[from] item: Leftovers
|upkeep
|turn|21
|
|t:|1758261266
|move|p1a: Chandelure|Energy Ball|p2a: Manaphy
|-supereffective|p2a: Manaphy
|-damage|p2a: Manaphy|0 fnt
|faint|p2a: Manaphy
|
|upkeep
|
|t:|1758261272
|switch|p2a: Umbreon|Umbreon, M, shiny|100/100
|-damage|p2a: Umbreon|88/100|[from] Stealth Rock
|turn|22
|
|t:|1758261275
|switch|p1a: Landorus|Landorus-Therian, M|28/100
|-ability|p1a: Landorus|Intimidate|boost
|-unboost|p2a: Umbreon|atk|1
|move|p2a: Umbreon|Foul Play|p1a: Landorus
|-damage|p1a: Landorus|0 fnt
|faint|p1a: Landorus
|
|-heal|p2a: Umbreon|94/100|[from] item: Leftovers
|upkeep
|
|t:|1758261290
|switch|p1a: Chandelure|Chandelure, F|18/100
|turn|23
|
|t:|1758261316
|-terastallize|p1a: Chandelure|Fire
|move|p1a: Chandelure|Fire Blast|p2a: Umbreon
|-damage|p2a: Umbreon|42/100
|move|p2a: Umbreon|Foul Play|p1a: Chandelure
|-damage|p1a: Chandelure|0 fnt
|faint|p1a: Chandelure
|
|-heal|p2a: Umbreon|48/100|[from] item: Leftovers
|upkeep
|
|t:|1758261320
|switch|p1a: Iron Treads|Iron Treads|100/100
|turn|24
|
|t:|1758261332
|move|p2a: Umbreon|Protect|p2a: Umbreon
|-singleturn|p2a: Umbreon|Protect
|move|p1a: Iron Treads|Earthquake|p2a: Umbreon
|-activate|p2a: Umbreon|move: Protect
|
|-heal|p2a: Umbreon|55/100|[from] item: Leftovers
|upkeep
|turn|25
|
|t:|1758261335
|move|p1a: Iron Treads|Earthquake|p2a: Umbreon
|-damage|p2a: Umbreon|20/100
|move|p2a: Umbreon|Wish|p2a: Umbreon
|
|-heal|p2a: Umbreon|26/100|[from] item: Leftovers
|upkeep
|turn|26
|
|t:|1758261338
|move|p2a: Umbreon|Protect|p2a: Umbreon
|-singleturn|p2a: Umbreon|Protect
|move|p1a: Iron Treads|Earthquake|p2a: Umbreon
|-activate|p2a: Umbreon|move: Protect
|
|-heal|p2a: Umbreon|76/100|[from] move: Wish|[wisher] Umbreon
|-heal|p2a: Umbreon|82/100|[from] item: Leftovers
|upkeep
|turn|27
|
|t:|1758261341
|move|p1a: Iron Treads|Earthquake|p2a: Umbreon
|-damage|p2a: Umbreon|52/100
|move|p2a: Umbreon|Foul Play|p1a: Iron Treads
|-damage|p1a: Iron Treads|57/100
|
|-heal|p2a: Umbreon|58/100|[from] item: Leftovers
|upkeep
|turn|28
|
|t:|1758261342
|move|p2a: Umbreon|Protect|p2a: Umbreon
|-singleturn|p2a: Umbreon|Protect
|move|p1a: Iron Treads|Earthquake|p2a: Umbreon
|-activate|p2a: Umbreon|move: Protect
|
|-heal|p2a: Umbreon|64/100|[from] item: Leftovers
|upkeep
|turn|29
|
|t:|1758261344
|move|p1a: Iron Treads|Earthquake|p2a: Umbreon
|-damage|p2a: Umbreon|30/100
|move|p2a: Umbreon|Wish|p2a: Umbreon
|
|-heal|p2a: Umbreon|36/100|[from] item: Leftovers
|upkeep
|turn|30
|
|t:|1758261346
|move|p2a: Umbreon|Protect|p2a: Umbreon
|-singleturn|p2a: Umbreon|Protect
|move|p1a: Iron Treads|Earthquake|p2a: Umbreon
|-activate|p2a: Umbreon|move: Protect
|
|-heal|p2a: Umbreon|86/100|[from] move: Wish|[wisher] Umbreon
|-heal|p2a: Umbreon|92/100|[from] item: Leftovers
|upkeep
|turn|31
|
|t:|1758261348
|move|p1a: Iron Treads|Earthquake|p2a: Umbreon
|-damage|p2a: Umbreon|58/100
|move|p2a: Umbreon|Foul Play|p1a: Iron Treads
|-damage|p1a: Iron Treads|19/100
|
|-heal|p2a: Umbreon|64/100|[from] item: Leftovers
|upkeep
|turn|32
|
|t:|1758261349
|move|p1a: Iron Treads|Earthquake|p2a: Umbreon
|-damage|p2a: Umbreon|34/100
|move|p2a: Umbreon|Foul Play|p1a: Iron Treads
|-damage|p1a: Iron Treads|0 fnt
|faint|p1a: Iron Treads
|-end|p1a: Iron Treads|Quark Drive|[silent]
|
|win|tasty sardine 408
|raw|Eight Five's rating: 1677 &rarr; <strong>1651</strong><br />(-26 for losing)
|raw|tasty sardine 408's rating: 1573 &rarr; <strong>1599</strong><br />(+26 for winning)
|l|‽tasty sardine 408
|player|p2|
|l|☆Eight Five
|player|p1|
