|j|☆HyperHHH
|j|☆kawhi my guy
|t:|1758355342
|gametype|singles
|player|p1|HyperHHH|fisherman-gen2jp|1564
|player|p2|kawhi my guy|caitlin|1535
|gen|9
|tier|[Gen 9] OU
|rated|
|rule|HP Percentage Mod: HP is shown in percentages
|rule|Endless Battle Clause: Forcing endless battles is banned
|rule|Species Clause: Limit one of each Pokémon
|rule|OHKO Clause: OHKO moves are banned
|rule|Evasion Items Clause: Evasion items are banned
|rule|Evasion Moves Clause: Evasion moves are banned
|rule|Evasion Abilities Clause: Evasion abilities are banned
|rule|Sleep Moves Clause: Sleep-inducing moves are banned
|clearpoke
|poke|p1|Darkrai|
|poke|p1|Cinderace, M|
|poke|p1|Alomomola, F|
|poke|p1|Corviknight, F|
|poke|p1|Hydrapple, M|
|poke|p1|Landorus-Therian, M|
|poke|p2|Ursaluna, F|
|poke|p2|Rillaboom, M|
|poke|p2|Ogerpon-Wellspring, F|
|poke|p2|Weezing-Galar, F|
|poke|p2|Garganacl, F|
|poke|p2|Dragapult, M|
|teampreview
|inactive|Battle timer is ON: inactive players will automatically lose when time's up. (requested by HyperHHH)
|
|t:|1758355352
|teamsize|p1|6
|teamsize|p2|6
|start
|switch|p1a: Cinderace|Cinderace, M|100/100
|switch|p2a: Rillaboom|Rillaboom, M|100/100
|-fieldstart|move: Grassy Terrain|[from] ability: Grassy Surge|[of] p2a: Rillaboom
|turn|1
|
|t:|1758355362
|switch|p2a: Garganacl|Garganacl, F|100/100
|move|p1a: Cinderace|U-turn|p2a: Garganacl
|-start|p1a: Cinderace|typechange|Bug|[from] ability: Libero
|-damage|p2a: Garganacl|83/100
|
|t:|1758355372
|switch|p1a: Hydrapple|Hydrapple, M|100/100|[from] U-turn
|
|-heal|p2a: Garganacl|89/100|[from] Grassy Terrain
|-heal|p2a: Garganacl|95/100|[from] item: Leftovers
|upkeep
|turn|2
|
|t:|1758355386
|switch|p2a: Weezing|Weezing-Galar, F|100/100
|-ability|p2a: Weezing|Neutralizing Gas
|move|p1a: Hydrapple|Leaf Storm|p2a: Weezing
|-resisted|p2a: Weezing
|-damage|p2a: Weezing|26/100
|-unboost|p1a: Hydrapple|spa|2
|-damage|p1a: Hydrapple|91/100|[from] item: Life Orb
|
|-heal|p2a: Weezing|32/100|[from] Grassy Terrain
|-heal|p1a: Hydrapple|97/100|[from] Grassy Terrain
|upkeep
|turn|3
|
|t:|1758355406
|switch|p1a: Alomomola|Alomomola, F|100/100
|move|p2a: Weezing|Pain Split|p1a: Alomomola
|-sethp|p1a: Alomomola|61/100|[from] move: Pain Split|[silent]
|-sethp|p2a: Weezing|87/100|[from] move: Pain Split
|
|-heal|p2a: Weezing|93/100|[from] Grassy Terrain
|-heal|p1a: Alomomola|68/100|[from] Grassy Terrain
|upkeep
|turn|4
|
|t:|1758355417
|move|p2a: Weezing|Sludge Bomb|p1a: Alomomola
|-damage|p1a: Alomomola|53/100
|-status|p1a: Alomomola|psn
|move|p1a: Alomomola|Flip Turn|p2a: Weezing
|-damage|p2a: Weezing|82/100
|
|t:|1758355423
|switch|p1a: Hydrapple|Hydrapple, M|97/100|[from] Flip Turn
|
|-heal|p2a: Weezing|88/100|[from] Grassy Terrain
|-heal|p1a: Hydrapple|100/100|[from] Grassy Terrain
|upkeep
|turn|5
|
|t:|1758355444
|switch|p1a: Corviknight|Corviknight, F|100/100
|move|p2a: Weezing|Sludge Bomb|p1a: Corviknight
|-immune|p1a: Corviknight
|
|-heal|p2a: Weezing|94/100|[from] Grassy Terrain
|upkeep
|turn|6
|
|t:|1758355449
|move|p1a: Corviknight|U-turn|p2a: Weezing
|-resisted|p2a: Weezing
|-damage|p2a: Weezing|92/100
|
|t:|1758355451
|switch|p1a: Cinderace|Cinderace, M|100/100|[from] U-turn
|move|p2a: Weezing|Will-O-Wisp|p1a: Cinderace
|-immune|p1a: Cinderace
|
|-heal|p2a: Weezing|98/100|[from] Grassy Terrain
|upkeep
|turn|7
|
|t:|1758355471
|move|p1a: Cinderace|U-turn|p2a: Weezing
|-resisted|p2a: Weezing
|-damage|p2a: Weezing|95/100
|
|t:|1758355478
|switch|p1a: Landorus|Landorus-Therian, M|100/100|[from] U-turn
|move|p2a: Weezing|Sludge Bomb|p1a: Landorus
|-resisted|p1a: Landorus
|-damage|p1a: Landorus|80/100
|-status|p1a: Landorus|psn
|
|-heal|p2a: Weezing|100/100|[from] Grassy Terrain
|-damage|p1a: Landorus|68/100 psn|[from] psn
|upkeep
|turn|8
|
|t:|1758355494
|move|p1a: Landorus|U-turn|p2a: Weezing
|-resisted|p2a: Weezing
|-damage|p2a: Weezing|96/100
|
|t:|1758355496
|switch|p1a: Darkrai|Darkrai|100/100|[from] U-turn
|move|p2a: Weezing|Sludge Bomb|p1a: Darkrai
|-damage|p1a: Darkrai|65/100
|-status|p1a: Darkrai|psn
|
|-heal|p1a: Darkrai|71/100 psn|[from] Grassy Terrain
|-heal|p2a: Weezing|100/100|[from] Grassy Terrain
|-damage|p1a: Darkrai|59/100 psn|[from] psn
|-fieldend|move: Grassy Terrain
|upkeep
|turn|9
|
|t:|1758355518
|-end|p2a: Weezing|ability: Neutralizing Gas
|switch|p2a: Garganacl|Garganacl, F|95/100
|move|p1a: Darkrai|Trick|p2a: Garganacl
|-activate|p1a: Darkrai|move: Trick|[of] p2a: Garganacl
|-item|p2a: Garganacl|Choice Scarf|[from] move: Trick
|-item|p1a: Darkrai|Leftovers|[from] move: Trick
|
|-heal|p1a: Darkrai|65/100 psn|[from] item: Leftovers
|-damage|p1a: Darkrai|52/100 psn|[from] psn
|upkeep
|turn|10
|
|t:|1758355527
|switch|p1a: Corviknight|Corviknight, F|100/100
|-ability|p1a: Corviknight|Pressure
|move|p2a: Garganacl|Stealth Rock|p1a: Corviknight
|-sidestart|p1: HyperHHH|move: Stealth Rock
|
|upkeep
|turn|11
|
|t:|1758355538
|switch|p2a: Dragapult|Dragapult, M|100/100
|move|p1a: Corviknight|Defog|p2a: Dragapult
|-unboost|p2a: Dragapult|evasion|1
|-sideend|p1: HyperHHH|Stealth Rock|[from] move: Defog|[of] p1a: Corviknight
|
|upkeep
|turn|12
|
|t:|1758355557
|move|p2a: Dragapult|Shadow Ball|p1a: Corviknight
|-damage|p1a: Corviknight|52/100
|move|p1a: Corviknight|U-turn|p2a: Dragapult
|-resisted|p2a: Dragapult
|-damage|p2a: Dragapult|91/100
|
|t:|1758355572
|switch|p1a: Alomomola|Alomomola, F|53/100 psn|[from] U-turn
|
|-damage|p1a: Alomomola|40/100 psn|[from] psn
|upkeep
|turn|13
|inactive|kawhi my guy has 120 seconds left.
|
|t:|1758355605
|move|p2a: Dragapult|Shadow Ball|p1a: Alomomola
|-damage|p1a: Alomomola|13/100 psn
|move|p1a: Alomomola|Flip Turn|p2a: Dragapult
|-resisted|p2a: Dragapult
|-damage|p2a: Dragapult|81/100
|
|t:|1758355616
|switch|p1a: Landorus|Landorus-Therian, M|68/100 psn|[from] Flip Turn
|-ability|p1a: Landorus|Intimidate|boost
|-unboost|p2a: Dragapult|atk|1
|
|-damage|p1a: Landorus|56/100 psn|[from] psn
|upkeep
|turn|14
|inactive|kawhi my guy has 120 seconds left.
|
|t:|1758355628
|switch|p2a: Rillaboom|Rillaboom, M|100/100
|-fieldstart|move: Grassy Terrain|[from] ability: Grassy Surge|[of] p2a: Rillaboom
|move|p1a: Landorus|U-turn|p2a: Rillaboom
|-supereffective|p2a: Rillaboom
|-damage|p2a: Rillaboom|55/100
|
|t:|1758355632
|switch|p1a: Hydrapple|Hydrapple, M|100/100|[from] U-turn
|
|-heal|p2a: Rillaboom|61/100|[from] Grassy Terrain
|upkeep
|turn|15
|
|t:|1758355640
|switch|p2a: Garganacl|Garganacl, F|95/100
|move|p1a: Hydrapple|Nasty Plot|p1a: Hydrapple
|-boost|p1a: Hydrapple|spa|2
|
|-heal|p2a: Garganacl|100/100|[from] Grassy Terrain
|upkeep
|turn|16
|
|t:|1758355652
|move|p2a: Garganacl|Salt Cure|p1a: Hydrapple
|-damage|p1a: Hydrapple|89/100
|-start|p1a: Hydrapple|Salt Cure
|move|p1a: Hydrapple|Leaf Storm|p2a: Garganacl|[miss]
|-miss|p1a: Hydrapple|p2a: Garganacl
|
|-heal|p1a: Hydrapple|95/100|[from] Grassy Terrain
|-damage|p1a: Hydrapple|82/100|[from] Salt Cure
|upkeep
|turn|17
|inactive|kawhi my guy has 120 seconds left.
|
|t:|1758355675
|move|p2a: Garganacl|Salt Cure|p1a: Hydrapple
|-damage|p1a: Hydrapple|71/100
|move|p1a: Hydrapple|Leaf Storm|p2a: Garganacl
|-supereffective|p2a: Garganacl
|-damage|p2a: Garganacl|0 fnt
|-unboost|p1a: Hydrapple|spa|2
|faint|p2a: Garganacl
|-damage|p1a: Hydrapple|61/100|[from] item: Life Orb
|
|-heal|p1a: Hydrapple|67/100|[from] Grassy Terrain
|-damage|p1a: Hydrapple|55/100|[from] Salt Cure
|upkeep
|inactive|kawhi my guy has 120 seconds left.
|
|t:|1758355695
|switch|p2a: Dragapult|Dragapult, M|81/100
|turn|18
|
|t:|1758355709
|switch|p1a: Alomomola|Alomomola, F|47/100 psn
|move|p2a: Dragapult|Shadow Ball|p1a: Alomomola
|-damage|p1a: Alomomola|19/100 psn
|
|-heal|p2a: Dragapult|87/100|[from] Grassy Terrain
|-heal|p1a: Alomomola|25/100 psn|[from] Grassy Terrain
|-damage|p1a: Alomomola|12/100 psn|[from] psn
|upkeep
|turn|19
|
|t:|1758355724
|-terastallize|p1a: Alomomola|Normal
|move|p2a: Dragapult|Shadow Ball|p1a: Alomomola
|-immune|p1a: Alomomola
|move|p1a: Alomomola|Flip Turn|p2a: Dragapult
|-resisted|p2a: Dragapult
|-damage|p2a: Dragapult|75/100
|inactive|HyperHHH has 120 seconds left.
|
|t:|1758355758
|switch|p1a: Darkrai|Darkrai|52/100 psn|[from] Flip Turn
|
|-heal|p2a: Dragapult|81/100|[from] Grassy Terrain
|-heal|p1a: Darkrai|58/100 psn|[from] Grassy Terrain
|-heal|p1a: Darkrai|64/100 psn|[from] item: Leftovers
|-damage|p1a: Darkrai|52/100 psn|[from] psn
|upkeep
|turn|20
|
|t:|1758355776
|switch|p2a: Ogerpon|Ogerpon-Wellspring, F|100/100
|move|p1a: Darkrai|Ice Beam|p2a: Ogerpon
|-damage|p2a: Ogerpon|61/100
|
|-heal|p1a: Darkrai|58/100 psn|[from] Grassy Terrain
|-heal|p1a: Darkrai|64/100 psn|[from] item: Leftovers
|-heal|p2a: Ogerpon|67/100|[from] Grassy Terrain
|-damage|p1a: Darkrai|51/100 psn|[from] psn
|upkeep
|turn|21
|
|t:|1758355783
|move|p2a: Ogerpon|Grassy Glide|p1a: Darkrai
|-damage|p1a: Darkrai|0 fnt
|faint|p1a: Darkrai
|
|-heal|p2a: Ogerpon|73/100|[from] Grassy Terrain
|-fieldend|move: Grassy Terrain
|upkeep
|
|t:|1758355788
|switch|p1a: Cinderace|Cinderace, M|100/100
|turn|22
|
|t:|1758355803
|switch|p2a: Ursaluna|Ursaluna, F|100/100
|move|p1a: Cinderace|U-turn|p2a: Ursaluna
|-start|p1a: Cinderace|typechange|Bug|[from] ability: Libero
|-damage|p2a: Ursaluna|81/100
|
|t:|1758355810
|switch|p1a: Hydrapple|Hydrapple, M|88/100|[from] U-turn
|
|-heal|p2a: Ursaluna|88/100|[from] item: Leftovers
|upkeep
|turn|23
|
|t:|1758355819
|switch|p2a: Weezing|Weezing-Galar, F|100/100
|-ability|p2a: Weezing|Neutralizing Gas
|move|p1a: Hydrapple|Leaf Storm|p2a: Weezing
|-resisted|p2a: Weezing
|-crit|p2a: Weezing
|-damage|p2a: Weezing|8/100
|-unboost|p1a: Hydrapple|spa|2
|-damage|p1a: Hydrapple|78/100|[from] item: Life Orb
|
|upkeep
|turn|24
|
|t:|1758355823
|move|p2a: Weezing|Pain Split|p1a: Hydrapple
|-sethp|p1a: Hydrapple|42/100|[from] move: Pain Split|[silent]
|-sethp|p2a: Weezing|50/100|[from] move: Pain Split
|move|p1a: Hydrapple|Leaf Storm|p2a: Weezing
|-resisted|p2a: Weezing
|-damage|p2a: Weezing|17/100
|-unboost|p1a: Hydrapple|spa|2
|-damage|p1a: Hydrapple|33/100|[from] item: Life Orb
|
|upkeep
|turn|25
|
|t:|1758355831
|move|p2a: Weezing|Sludge Bomb|p1a: Hydrapple
|-supereffective|p1a: Hydrapple
|-damage|p1a: Hydrapple|0 fnt
|faint|p1a: Hydrapple
|
|upkeep
|
|t:|1758355842
|switch|p1a: Cinderace|Cinderace, M|100/100
|turn|26
|
|t:|1758355849
|move|p1a: Cinderace|Pyro Ball|p2a: Weezing|[miss]
|-miss|p1a: Cinderace|p2a: Weezing
|move|p2a: Weezing|Pain Split|p1a: Cinderace
|-sethp|p1a: Cinderace|58/100|[from] move: Pain Split|[silent]
|-sethp|p2a: Weezing|63/100|[from] move: Pain Split
|
|upkeep
|turn|27
|
|t:|1758355862
|move|p1a: Cinderace|Pyro Ball|p2a: Weezing
|-damage|p2a: Weezing|30/100
|move|p2a: Weezing|Sludge Bomb|p1a: Cinderace
|-damage|p1a: Cinderace|24/100
|-status|p1a: Cinderace|psn
|
|-damage|p1a: Cinderace|12/100 psn|[from] psn
|upkeep
|turn|28
|c|☆kawhi my guy|bro did you get poisoned on every chance
|
|t:|1758355880
|move|p1a: Cinderace|Pyro Ball|p2a: Weezing
|-damage|p2a: Weezing|1/100
|-status|p2a: Weezing|brn
|move|p2a: Weezing|Sludge Bomb|p1a: Cinderace
|-damage|p1a: Cinderace|0 fnt
|faint|p1a: Cinderace
|
|-damage|p2a: Weezing|0 fnt|[from] brn
|faint|p2a: Weezing
|-end|p2a: Weezing|ability: Neutralizing Gas
|upkeep
|c|☆HyperHHH|try not to get lucky mission impossible
|inactive|kawhi my guy has 120 seconds left.
|
|t:|1758355901
|switch|p1a: Corviknight|Corviknight, F|52/100
|switch|p2a: Rillaboom|Rillaboom, M|61/100
|-fieldstart|move: Grassy Terrain|[from] ability: Grassy Surge|[of] p2a: Rillaboom
|-ability|p1a: Corviknight|Pressure
|turn|29
|
|t:|1758355914
|move|p2a: Rillaboom|Knock Off|p1a: Corviknight
|-damage|p1a: Corviknight|33/100
|-enditem|p1a: Corviknight|Leftovers|[from] move: Knock Off|[of] p2a: Rillaboom
|move|p1a: Corviknight|Roost|p1a: Corviknight
|-heal|p1a: Corviknight|83/100
|-singleturn|p1a: Corviknight|move: Roost
|
|-heal|p2a: Rillaboom|67/100|[from] Grassy Terrain
|-heal|p1a: Corviknight|89/100|[from] Grassy Terrain
|upkeep
|turn|30
|
|t:|1758355920
|move|p2a: Rillaboom|U-turn|p1a: Corviknight
|-resisted|p1a: Corviknight
|-damage|p1a: Corviknight|85/100
|
|t:|1758355925
|switch|p2a: Ursaluna|Ursaluna, F|88/100|[from] U-turn
|move|p1a: Corviknight|U-turn|p2a: Ursaluna
|-damage|p2a: Ursaluna|77/100
|
|t:|1758355937
|switch|p1a: Landorus|Landorus-Therian, M|56/100 psn|[from] U-turn
|-ability|p1a: Landorus|Intimidate|boost
|-unboost|p2a: Ursaluna|atk|1
|
|-heal|p2a: Ursaluna|83/100|[from] Grassy Terrain
|-heal|p2a: Ursaluna|89/100|[from] item: Leftovers
|-damage|p1a: Landorus|43/100 psn|[from] psn
|upkeep
|turn|31
|
|t:|1758355950
|move|p1a: Landorus|Grass Knot|p2a: Ursaluna
|-supereffective|p2a: Ursaluna
|-damage|p2a: Ursaluna|56/100
|move|p2a: Ursaluna|Bulk Up|p2a: Ursaluna
|-boost|p2a: Ursaluna|atk|1
|-boost|p2a: Ursaluna|def|1
|
|-heal|p2a: Ursaluna|62/100|[from] Grassy Terrain
|-heal|p2a: Ursaluna|68/100|[from] item: Leftovers
|-damage|p1a: Landorus|31/100 psn|[from] psn
|upkeep
|turn|32
|
|t:|1758355961
|move|p2a: Ursaluna|Protect|p2a: Ursaluna
|-singleturn|p2a: Ursaluna|Protect
|move|p1a: Landorus|Grass Knot|p2a: Ursaluna
|-activate|p2a: Ursaluna|move: Protect
|
|-heal|p2a: Ursaluna|74/100|[from] Grassy Terrain
|-heal|p2a: Ursaluna|80/100|[from] item: Leftovers
|-damage|p1a: Landorus|19/100 psn|[from] psn
|upkeep
|turn|33
|
|t:|1758355983
|-terastallize|p2a: Ursaluna|Poison
|move|p1a: Landorus|Grass Knot|p2a: Ursaluna
|-resisted|p2a: Ursaluna
|-damage|p2a: Ursaluna|72/100
|move|p2a: Ursaluna|Bulk Up|p2a: Ursaluna
|-boost|p2a: Ursaluna|atk|1
|-boost|p2a: Ursaluna|def|1
|
|-heal|p2a: Ursaluna|78/100|[from] Grassy Terrain
|-heal|p2a: Ursaluna|84/100|[from] item: Leftovers
|-damage|p1a: Landorus|7/100 psn|[from] psn
|upkeep
|turn|34
|
|t:|1758355997
|switch|p1a: Corviknight|Corviknight, F|85/100
|-ability|p1a: Corviknight|Pressure
|move|p2a: Ursaluna|Bulk Up|p2a: Ursaluna
|-boost|p2a: Ursaluna|atk|1
|-boost|p2a: Ursaluna|def|1
|
|-heal|p2a: Ursaluna|90/100|[from] Grassy Terrain
|-heal|p2a: Ursaluna|96/100|[from] item: Leftovers
|upkeep
|turn|35
|
|t:|1758356003
|move|p1a: Corviknight|Defog|p2a: Ursaluna
|-unboost|p2a: Ursaluna|evasion|1
|-fieldend|move: Grassy Terrain
|move|p2a: Ursaluna|Bulk Up|p2a: Ursaluna
|-boost|p2a: Ursaluna|atk|1
|-boost|p2a: Ursaluna|def|1
|
|-heal|p2a: Ursaluna|100/100|[from] item: Leftovers
|upkeep
|turn|36
|
|t:|1758356009
|move|p1a: Corviknight|U-turn|p2a: Ursaluna
|-resisted|p2a: Ursaluna
|-damage|p2a: Ursaluna|99/100
|
|t:|1758356012
|switch|p1a: Alomomola|Alomomola, F, tera:Normal|46/100 psn|[from] U-turn
|move|p2a: Ursaluna|Bulk Up|p2a: Ursaluna
|-boost|p2a: Ursaluna|atk|1
|-boost|p2a: Ursaluna|def|1
|
|-heal|p2a: Ursaluna|100/100|[from] item: Leftovers
|-damage|p1a: Alomomola|33/100 psn|[from] psn
|upkeep
|turn|37
|
|t:|1758356024
|switch|p1a: Corviknight|Corviknight, F|85/100
|-ability|p1a: Corviknight|Pressure
|move|p2a: Ursaluna|Body Slam|p1a: Corviknight
|-resisted|p1a: Corviknight
|-damage|p1a: Corviknight|50/100
|
|upkeep
|turn|38
|
|t:|1758356034
|move|p1a: Corviknight|U-turn|p2a: Ursaluna
|-resisted|p2a: Ursaluna
|-damage|p2a: Ursaluna|99/100
|
|t:|1758356037
|switch|p1a: Landorus|Landorus-Therian, M|7/100 psn|[from] U-turn
|-ability|p1a: Landorus|Intimidate|boost
|-unboost|p2a: Ursaluna|atk|1
|move|p2a: Ursaluna|Bulk Up|p2a: Ursaluna
|-boost|p2a: Ursaluna|atk|1
|-boost|p2a: Ursaluna|def|1
|
|-heal|p2a: Ursaluna|100/100|[from] item: Leftovers
|-damage|p1a: Landorus|0 fnt|[from] psn
|faint|p1a: Landorus
|upkeep
|-message|HyperHHH forfeited.
|
|win|kawhi my guy
|raw|HyperHHH's rating: 1564 &rarr; <strong>1542</strong><br />(-22 for losing)
|raw|kawhi my guy's rating: 1535 &rarr; <strong>1557</strong><br />(+22 for winning)
|l|☆HyperHHH
|player|p1|
|l|☆kawhi my guy
|player|p2|
