|j|☆tejasvi_v.22
|j|☆Oattumblely
|t:|1758255345
|gametype|singles
|player|p1|tejasvi_v.22|265|1483
|player|p2|Oattumblely|rocketgruntf|1466
|gen|9
|tier|[Gen 9] OU
|rated|
|rule|HP Percentage Mod: HP is shown in percentages
|rule|Endless Battle Clause: Forcing endless battles is banned
|rule|Species Clause: Limit one of each Pokémon
|rule|OHKO Clause: OHKO moves are banned
|rule|Evasion Items Clause: Evasion items are banned
|rule|Evasion Moves Clause: Evasion moves are banned
|rule|Evasion Abilities Clause: Evasion abilities are banned
|rule|Sleep Moves Clause: Sleep-inducing moves are banned
|clearpoke
|poke|p1|Darkrai|
|poke|p1|Ceruledge, F|
|poke|p1|Dragonite, M|
|poke|p1|Ogerpon-Wellspring, F|
|poke|p1|Glimmora, M|
|poke|p1|Clefable, M|
|poke|p2|Slither Wing|
|poke|p2|Ninetales, F|
|poke|p2|Venusaur, M|
|poke|p2|Great Tusk|
|poke|p2|Weezing-Galar, M|
|poke|p2|Cinderace, F|
|teampreview
|
|t:|1758255360
|teamsize|p1|6
|teamsize|p2|6
|start
|switch|p1a: Glimmora|Glimmora, M|100/100
|switch|p2a: Great Tusk|Great Tusk|100/100
|-item|p1a: Glimmora|Air Balloon
|turn|1
|
|t:|1758255365
|move|p1a: Glimmora|Mortal Spin|p2a: Great Tusk
|-resisted|p2a: Great Tusk
|-damage|p2a: Great Tusk|99/100
|-status|p2a: Great Tusk|psn
|move|p2a: Great Tusk|Rapid Spin|p1a: Glimmora
|-resisted|p1a: Glimmora
|-damage|p1a: Glimmora|91/100
|-boost|p2a: Great Tusk|spe|1
|-activate|p1a: Glimmora|ability: Toxic Debris
|-sidestart|p2: Oattumblely|move: Toxic Spikes
|-enditem|p1a: Glimmora|Air Balloon
|-sideend|p2: Oattumblely|Toxic Spikes|[from] move: Rapid Spin|[of] p2a: Great Tusk
|
|-damage|p2a: Great Tusk|86/100 psn|[from] psn
|upkeep
|turn|2
|
|t:|1758255377
|switch|p1a: Ogerpon|Ogerpon-Wellspring, F|100/100
|move|p2a: Great Tusk|Earthquake|p1a: Ogerpon
|-resisted|p1a: Ogerpon
|-damage|p1a: Ogerpon|69/100
|
|-damage|p2a: Great Tusk|74/100 psn|[from] psn
|upkeep
|turn|3
|
|t:|1758255386
|-end|p2a: Great Tusk|Protosynthesis|[silent]
|switch|p2a: Weezing|Weezing-Galar, M|100/100
|-ability|p2a: Weezing|Neutralizing Gas
|move|p1a: Ogerpon|Ivy Cudgel|p2a: Weezing|[anim] Ivy Cudgel Water
|-damage|p2a: Weezing|62/100
|
|upkeep
|turn|4
|inactive|Battle timer is ON: inactive players will automatically lose when time's up. (requested by Oattumblely)
|
|t:|1758255397
|move|p1a: Ogerpon|Ivy Cudgel|p2a: Weezing|[anim] Ivy Cudgel Water
|-crit|p2a: Weezing
|-damage|p2a: Weezing|1/100
|move|p2a: Weezing|Will-O-Wisp|p1a: Ogerpon
|-status|p1a: Ogerpon|brn
|
|-damage|p1a: Ogerpon|63/100 brn|[from] brn
|upkeep
|turn|5
|
|t:|1758255403
|-end|p2a: Weezing|ability: Neutralizing Gas
|switch|p2a: Ninetales|Ninetales, F|100/100
|-weather|SunnyDay|[from] ability: Drought|[of] p2a: Ninetales
|move|p1a: Ogerpon|Knock Off|p2a: Ninetales
|-damage|p2a: Ninetales|77/100
|-enditem|p2a: Ninetales|Heat Rock|[from] move: Knock Off|[of] p1a: Ogerpon
|
|-weather|SunnyDay|[upkeep]
|-damage|p1a: Ogerpon|57/100 brn|[from] brn
|upkeep
|turn|6
|
|t:|1758255411
|switch|p2a: Slither Wing|Slither Wing|100/100
|-activate|p2a: Slither Wing|ability: Protosynthesis
|-start|p2a: Slither Wing|protosynthesisatk
|move|p1a: Ogerpon|Ivy Cudgel|p2a: Slither Wing|[anim] Ivy Cudgel Water
|-damage|p2a: Slither Wing|84/100
|
|-weather|SunnyDay|[upkeep]
|-damage|p1a: Ogerpon|51/100 brn|[from] brn
|upkeep
|turn|7
|
|t:|1758255419
|move|p2a: Slither Wing|First Impression|p1a: Ogerpon
|-supereffective|p1a: Ogerpon
|-damage|p1a: Ogerpon|0 fnt
|faint|p1a: Ogerpon
|
|-weather|SunnyDay|[upkeep]
|upkeep
|
|t:|1758255437
|switch|p1a: Ceruledge|Ceruledge, F, shiny|100/100
|turn|8
|
|t:|1758255443
|-end|p2a: Slither Wing|Protosynthesis|[silent]
|switch|p2a: Great Tusk|Great Tusk|74/100 psn
|-activate|p2a: Great Tusk|ability: Protosynthesis
|-start|p2a: Great Tusk|protosynthesisdef
|move|p1a: Ceruledge|Swords Dance|p1a: Ceruledge
|-boost|p1a: Ceruledge|atk|2
|
|-weather|SunnyDay|[upkeep]
|-damage|p2a: Great Tusk|62/100 psn|[from] psn
|upkeep
|turn|9
|
|t:|1758255453
|move|p1a: Ceruledge|Bitter Blade|p2a: Great Tusk
|-damage|p2a: Great Tusk|4/100 psn
|move|p2a: Great Tusk|Earthquake|p1a: Ceruledge
|-supereffective|p1a: Ceruledge
|-crit|p1a: Ceruledge
|-enditem|p1a: Ceruledge|Focus Sash
|-damage|p1a: Ceruledge|1/100
|-ability|p1a: Ceruledge|Weak Armor|boost
|-unboost|p1a: Ceruledge|def|1
|-boost|p1a: Ceruledge|spe|2
|
|-weather|SunnyDay|[upkeep]
|-damage|p2a: Great Tusk|0 fnt|[from] psn
|faint|p2a: Great Tusk
|-end|p2a: Great Tusk|Protosynthesis|[silent]
|upkeep
|
|t:|1758255461
|switch|p2a: Slither Wing|Slither Wing|84/100
|-activate|p2a: Slither Wing|ability: Protosynthesis
|-start|p2a: Slither Wing|protosynthesisatk
|turn|10
|
|t:|1758255466
|switch|p1a: Clefable|Clefable, M|100/100
|move|p2a: Slither Wing|First Impression|p1a: Clefable
|-resisted|p1a: Clefable
|-damage|p1a: Clefable|62/100
|
|-weather|SunnyDay|[upkeep]
|-heal|p1a: Clefable|68/100|[from] item: Leftovers
|upkeep
|turn|11
|
|t:|1758255475
|-end|p2a: Slither Wing|Protosynthesis|[silent]
|switch|p2a: Weezing|Weezing-Galar, M|1/100
|-ability|p2a: Weezing|Neutralizing Gas
|move|p1a: Clefable|Moonblast|p2a: Weezing
|-resisted|p2a: Weezing
|-damage|p2a: Weezing|0 fnt
|faint|p2a: Weezing
|-end|p2a: Weezing|ability: Neutralizing Gas
|
|-weather|SunnyDay|[upkeep]
|-heal|p1a: Clefable|74/100|[from] item: Leftovers
|upkeep
|
|t:|1758255480
|switch|p2a: Venusaur|Venusaur, M|100/100
|turn|12
|
|t:|1758255483
|move|p2a: Venusaur|Sludge Bomb|p1a: Clefable
|-supereffective|p1a: Clefable
|-damage|p1a: Clefable|0 fnt
|faint|p1a: Clefable
|
|-weather|none
|upkeep
|
|t:|1758255490
|switch|p1a: Ceruledge|Ceruledge, F, shiny|1/100
|turn|13
|
|t:|1758255494
|switch|p2a: Ninetales|Ninetales, F|77/100
|-weather|SunnyDay|[from] ability: Drought|[of] p2a: Ninetales
|move|p1a: Ceruledge|Bitter Blade|p2a: Ninetales
|-resisted|p2a: Ninetales
|-damage|p2a: Ninetales|34/100
|-heal|p1a: Ceruledge|27/100|[from] drain|[of] p2a: Ninetales
|
|-weather|SunnyDay|[upkeep]
|upkeep
|turn|14
|
|t:|1758255505
|move|p2a: Ninetales|Healing Wish|p2a: Ninetales
|faint|p2a: Ninetales
|move|p1a: Ceruledge|Bitter Blade|p2: Ninetales|[notarget]
|-fail|p1a: Ceruledge
|
|-weather|SunnyDay|[upkeep]
|upkeep
|
|t:|1758255509
|switch|p2a: Venusaur|Venusaur, M|100/100
|turn|15
|
|t:|1758255512
|move|p2a: Venusaur|Sludge Bomb|p1a: Ceruledge
|-resisted|p1a: Ceruledge
|-damage|p1a: Ceruledge|1/100
|move|p1a: Ceruledge|Bitter Blade|p2a: Venusaur
|-supereffective|p2a: Venusaur
|-damage|p2a: Venusaur|0 fnt
|-heal|p1a: Ceruledge|54/100|[from] drain|[of] p2a: Venusaur
|faint|p2a: Venusaur
|
|-weather|SunnyDay|[upkeep]
|upkeep
|
|t:|1758255516
|switch|p2a: Cinderace|Cinderace, F|100/100
|turn|16
|
|t:|1758255521
|move|p2a: Cinderace|Pyro Ball|p1a: Ceruledge
|-resisted|p1a: Ceruledge
|-damage|p1a: Ceruledge|0 fnt
|faint|p1a: Ceruledge
|
|-weather|SunnyDay|[upkeep]
|upkeep
|
|t:|1758255527
|switch|p1a: Darkrai|Darkrai|100/100
|turn|17
|
|t:|1758255534
|move|p1a: Darkrai|Dark Pulse|p2a: Cinderace
|-damage|p2a: Cinderace|40/100
|move|p2a: Cinderace|Pyro Ball|p1a: Darkrai
|-damage|p1a: Darkrai|0 fnt
|faint|p1a: Darkrai
|
|-weather|none
|upkeep
|
|t:|1758255539
|switch|p1a: Dragonite|Dragonite, M|100/100
|turn|18
|
|t:|1758255544
|-terastallize|p1a: Dragonite|Flying
|move|p2a: Cinderace|U-turn|p1a: Dragonite
|-start|p2a: Cinderace|typechange|Bug|[from] ability: Libero
|-resisted|p1a: Dragonite
|-damage|p1a: Dragonite|90/100
|
|t:|1758255548
|switch|p2a: Slither Wing|Slither Wing|84/100|[from] U-turn
|-heal|p2a: Slither Wing|100/100|[from] move: Healing Wish
|move|p1a: Dragonite|Dragon Dance|p1a: Dragonite
|-boost|p1a: Dragonite|atk|1
|-boost|p1a: Dragonite|spe|1
|
|upkeep
|turn|19
|
|t:|1758255554
|-terastallize|p2a: Slither Wing|Fire
|move|p1a: Dragonite|Tera Blast|p2a: Slither Wing|[anim] Tera Blast Flying
|-damage|p2a: Slither Wing|0 fnt
|faint|p2a: Slither Wing
|-end|p2a: Slither Wing|Protosynthesis|[silent]
|
|upkeep
|-message|Oattumblely forfeited.
|
|win|tejasvi_v.22
|raw|tejasvi_v.22's rating: 1483 &rarr; <strong>1502</strong><br />(+19 for winning)
|raw|Oattumblely's rating: 1466 &rarr; <strong>1447</strong><br />(-19 for losing)
|l|☆Oattumblely
|player|p2|
