|j|☆Fragments
|j|☆SValore
|inactive|Battle timer is ON: inactive players will automatically lose when time's up.
|t:|1758331495
|gametype|singles
|player|p1|Fragments|#fcl13snowbirds|
|player|p2|SValore|miku-ghost|
|gen|9
|tier|[Gen 9] OU
|rated|Tournament battle
|rule|HP Percentage Mod: HP is shown in percentages
|rule|Endless Battle Clause: Forcing endless battles is banned
|rule|Species Clause: Limit one of each Pokémon
|rule|OHKO Clause: OHKO moves are banned
|rule|Evasion Items Clause: Evasion items are banned
|rule|Evasion Moves Clause: Evasion moves are banned
|rule|Evasion Abilities Clause: Evasion abilities are banned
|rule|Sleep Moves Clause: Sleep-inducing moves are banned
|clearpoke
|poke|p1|Ninetales, M|
|poke|p1|Ceruledge, M|
|poke|p1|Venusaur, F|
|poke|p1|Hatterene, F|
|poke|p1|Great Tusk|
|poke|p1|Walking Wake|
|poke|p2|Dragonite, F|
|poke|p2|Meowscarada, M|
|poke|p2|Slowking, M|
|poke|p2|Great Tusk|
|poke|p2|Kingambit, M|
|poke|p2|Cinderace, M|
|teampreview
|j|*Lady Monita ☀
|j| BB-8-NU
|j| ElainJade
|j|%JoelMasterX@!
|j| HORRIBLE TRUTH
|j| TheTrueLtaker
|j|#Rage
|j| HighHonorsJacob
|inactive|SValore has 120 seconds left.
|c|☆Fragments|Ive been on the toilet for an hour for this tour
|c|☆Fragments|My butt hurts
|c|%JoelMasterX|lol
|l| HORRIBLE TRUTH
|c|☆SValore|Imma stall to keep your butt hurting
|c|☆SValore|kek
|inactive|SValore has 90 seconds left.
|c|☆Fragments|Thats cruel
|
|t:|1758331567
|teamsize|p1|6
|teamsize|p2|6
|start
|switch|p1a: Ninetales|Ninetales, M|100/100
|switch|p2a: Stallking|Slowking, M, shiny|100/100
|-weather|SunnyDay|[from] ability: Drought|[of] p1a: Ninetales
|turn|1
|c|☆Fragments|Mods DO something
|
|t:|1758331575
|switch|p1a: Hatterene|Hatterene, F|100/100
|-prepare|p2a: Stallking|Chilly Reception|[premajor]
|move|p2a: Stallking|Chilly Reception|p2a: Stallking
|-weather|Snowscape
|j| HORRIBLE TRUTH
|
|t:|1758331599
|switch|p2a: Dragonite|Dragonite, F|100/100|[from] Chilly Reception
|
|-weather|Snowscape|[upkeep]
|upkeep
|turn|2
|j| Hoennseptile
|
|t:|1758331611
|move|p2a: Dragonite|Earthquake|p1a: Hatterene
|-damage|p1a: Hatterene|51/100
|-enditem|p1a: Hatterene|Eject Button
|
|t:|1758331617
|switch|p1a: Ninetales|Ninetales, M|100/100
|-weather|SunnyDay|[from] ability: Drought|[of] p1a: Ninetales
|
|-weather|SunnyDay|[upkeep]
|upkeep
|turn|3
|
|t:|1758331622
|move|p1a: Ninetales|Will-O-Wisp|p2a: Dragonite
|-status|p2a: Dragonite|brn
|move|p2a: Dragonite|Earthquake|p1a: Ninetales
|-supereffective|p1a: Ninetales
|-damage|p1a: Ninetales|32/100
|
|-weather|SunnyDay|[upkeep]
|-damage|p2a: Dragonite|94/100 brn|[from] brn
|upkeep
|turn|4
|j| megustapollo
|j| FuecocoFan6789
|
|t:|1758331636
|switch|p1a: Ceruledge|Ceruledge, M|100/100
|switch|p2a: Meowscarada|Meowscarada, M, shiny|100/100
|
|-weather|SunnyDay|[upkeep]
|upkeep
|turn|5
|
|t:|1758331642
|move|p2a: Meowscarada|Knock Off|p1a: Ceruledge
|-start|p2a: Meowscarada|typechange|Dark|[from] ability: Protean
|-supereffective|p1a: Ceruledge
|-enditem|p1a: Ceruledge|Focus Sash
|-damage|p1a: Ceruledge|1/100
|-ability|p1a: Ceruledge|Weak Armor|boost
|-unboost|p1a: Ceruledge|def|1
|-boost|p1a: Ceruledge|spe|2
|move|p1a: Ceruledge|Bitter Blade|p2a: Meowscarada
|-damage|p2a: Meowscarada|0 fnt
|-heal|p1a: Ceruledge|51/100|[from] drain|[of] p2a: Meowscarada
|faint|p2a: Meowscarada
|
|-weather|SunnyDay|[upkeep]
|upkeep
|
|t:|1758331668
|switch|p2a: Great Tusk|Great Tusk, shiny|100/100
|-activate|p2a: Great Tusk|ability: Protosynthesis
|-start|p2a: Great Tusk|protosynthesisdef
|turn|6
|
|t:|1758331678
|move|p1a: Ceruledge|Bitter Blade|p2a: Great Tusk
|-damage|p2a: Great Tusk|76/100
|-heal|p1a: Ceruledge|70/100|[from] drain|[of] p2a: Great Tusk
|-damage|p1a: Ceruledge|53/100|[from] item: Rocky Helmet|[of] p2a: Great Tusk
|move|p2a: Great Tusk|Earthquake|p1a: Ceruledge
|-supereffective|p1a: Ceruledge
|-damage|p1a: Ceruledge|0 fnt
|faint|p1a: Ceruledge
|
|-weather|SunnyDay|[upkeep]
|upkeep
|
|t:|1758331682
|switch|p1a: Walking Wake|Walking Wake|100/100
|-activate|p1a: Walking Wake|ability: Protosynthesis
|-start|p1a: Walking Wake|protosynthesisspe
|turn|7
|c|☆SValore|where's da solar blade
|
|t:|1758331694
|-end|p2a: Great Tusk|Protosynthesis|[silent]
|switch|p2a: Stallking|Slowking, M, shiny|100/100
|move|p1a: Walking Wake|Dragon Pulse|p2a: Stallking
|-damage|p2a: Stallking|63/100
|
|-weather|SunnyDay|[upkeep]
|upkeep
|turn|8
|
|t:|1758331700
|move|p1a: Walking Wake|Dragon Pulse|p2a: Stallking
|-damage|p2a: Stallking|25/100
|-prepare|p2a: Stallking|Chilly Reception|[premajor]
|move|p2a: Stallking|Chilly Reception|p2a: Stallking
|-weather|Snowscape
|-end|p1a: Walking Wake|Protosynthesis
|
|t:|1758331703
|switch|p2a: Kingambit|Kingambit, M, shiny|100/100|[from] Chilly Reception
|-activate|p2a: Kingambit|ability: Supreme Overlord
|-start|p2a: Kingambit|fallen1|[silent]
|
|-weather|Snowscape|[upkeep]
|upkeep
|turn|9
|
|t:|1758331714
|-end|p1a: Walking Wake|Protosynthesis|[silent]
|switch|p1a: Great Tusk|Great Tusk|100/100
|-end|p2a: Kingambit|fallen1|[silent]
|switch|p2a: Dragonite|Dragonite, F|94/100 brn
|
|-weather|Snowscape|[upkeep]
|-damage|p2a: Dragonite|88/100 brn|[from] brn
|upkeep
|turn|10
|
|t:|1758331728
|-terastallize|p2a: Dragonite|Flying
|move|p1a: Great Tusk|Ice Spinner|p2a: Dragonite
|-supereffective|p2a: Dragonite
|-damage|p2a: Dragonite|21/100 brn
|move|p2a: Dragonite|Tera Blast|p1a: Great Tusk|[anim] Tera Blast Flying
|-supereffective|p1a: Great Tusk
|-crit|p1a: Great Tusk
|-damage|p1a: Great Tusk|1/100
|
|-weather|Snowscape|[upkeep]
|-damage|p2a: Dragonite|14/100 brn|[from] brn
|upkeep
|turn|11
|
|t:|1758331736
|switch|p2a: Great Tusk|Great Tusk, shiny|76/100
|move|p1a: Great Tusk|Stealth Rock|p2a: Great Tusk
|-sidestart|p2: SValore|move: Stealth Rock
|
|-weather|Snowscape|[upkeep]
|upkeep
|turn|12
|
|t:|1758331744
|move|p1a: Great Tusk|Ice Spinner|p2a: Great Tusk
|-supereffective|p2a: Great Tusk
|-damage|p2a: Great Tusk|47/100
|-damage|p1a: Great Tusk|0 fnt|[from] item: Rocky Helmet|[of] p2a: Great Tusk
|faint|p1a: Great Tusk
|-end|p1a: Great Tusk|Protosynthesis|[silent]
|move|p2a: Great Tusk|Stealth Rock|p1: Great Tusk
|-sidestart|p1: Fragments|move: Stealth Rock
|
|-weather|none
|upkeep
|
|t:|1758331752
|switch|p1a: Ninetales|Ninetales, M|32/100
|-damage|p1a: Ninetales|7/100|[from] Stealth Rock
|-weather|SunnyDay|[from] ability: Drought|[of] p1a: Ninetales
|-activate|p2a: Great Tusk|ability: Protosynthesis
|-start|p2a: Great Tusk|protosynthesisdef
|turn|13
|
|t:|1758331761
|-end|p2a: Great Tusk|Protosynthesis|[silent]
|switch|p2a: Stallking|Slowking, M, shiny|58/100
|move|p1a: Ninetales|Flamethrower|p2a: Stallking
|-resisted|p2a: Stallking
|-damage|p2a: Stallking|46/100
|
|-weather|SunnyDay|[upkeep]
|upkeep
|turn|14
|
|t:|1758331780
|switch|p1a: Hatterene|Hatterene, F|51/100
|-damage|p1a: Hatterene|39/100|[from] Stealth Rock
|-prepare|p2a: Stallking|Chilly Reception|[premajor]
|move|p2a: Stallking|Chilly Reception|p2a: Stallking
|-weather|Snowscape
|l| HORRIBLE TRUTH
|inactive|SValore has 120 seconds left.
|j| Reaper P2
|
|t:|1758331826
|switch|p2a: Kingambit|Kingambit, M, shiny|100/100|[from] Chilly Reception
|-damage|p2a: Kingambit|94/100|[from] Stealth Rock
|-activate|p2a: Kingambit|ability: Supreme Overlord
|-start|p2a: Kingambit|fallen1|[silent]
|
|-weather|Snowscape|[upkeep]
|-heal|p2a: Kingambit|100/100|[from] item: Leftovers
|upkeep
|turn|15
|
|t:|1758331835
|move|p2a: Kingambit|Iron Head|p1a: Hatterene
|-supereffective|p1a: Hatterene
|-damage|p1a: Hatterene|0 fnt
|faint|p1a: Hatterene
|
|-weather|Snowscape|[upkeep]
|upkeep
|
|t:|1758331839
|switch|p1a: Walking Wake|Walking Wake|100/100
|-damage|p1a: Walking Wake|88/100|[from] Stealth Rock
|turn|16
|
|t:|1758331856
|-end|p2a: Kingambit|fallen1|[silent]
|switch|p2a: Great Tusk|Great Tusk, shiny|47/100
|-damage|p2a: Great Tusk|44/100|[from] Stealth Rock
|move|p1a: Walking Wake|Flamethrower|p2a: Great Tusk
|-crit|p2a: Great Tusk
|-damage|p2a: Great Tusk|0 fnt
|faint|p2a: Great Tusk
|-end|p2a: Great Tusk|Protosynthesis|[silent]
|
|-weather|Snowscape|[upkeep]
|upkeep
|
|t:|1758331870
|switch|p2a: Stallking|Slowking, M, shiny|79/100
|turn|17
|
|t:|1758331874
|-end|p1a: Walking Wake|Protosynthesis|[silent]
|switch|p1a: Ninetales|Ninetales, M|7/100
|-damage|p1a: Ninetales|0 fnt|[from] Stealth Rock
|faint|p1a: Ninetales
|move|p2a: Stallking|Future Sight|p1: Ninetales
|-start|p2a: Stallking|move: Future Sight
|
|-weather|Snowscape|[upkeep]
|upkeep
|
|t:|1758331877
|switch|p1a: Venusaur|Venusaur, F|100/100
|-damage|p1a: Venusaur|88/100|[from] Stealth Rock
|turn|18
|inactive|SValore has 120 seconds left.
|j| Hockeystick7
|
|t:|1758331888
|switch|p2a: Dragonite|Dragonite, F, tera:Flying|14/100 brn
|-damage|p2a: Dragonite|0 fnt|[from] Stealth Rock
|faint|p2a: Dragonite
|move|p1a: Venusaur|Giga Drain|p2: Dragonite|[notarget]
|-fail|p1a: Venusaur
|
|-weather|none
|upkeep
|l| FuecocoFan6789
|
|t:|1758331893
|switch|p2a: Kingambit|Kingambit, M, shiny|100/100
|-damage|p2a: Kingambit|94/100|[from] Stealth Rock
|-activate|p2a: Kingambit|ability: Supreme Overlord
|-start|p2a: Kingambit|fallen3|[silent]
|turn|19
|
|t:|1758331900
|move|p1a: Venusaur|Giga Drain|p2a: Kingambit
|-resisted|p2a: Kingambit
|-damage|p2a: Kingambit|72/100
|-heal|p1a: Venusaur|100/100|[from] drain|[of] p2a: Kingambit
|-damage|p1a: Venusaur|91/100|[from] item: Life Orb
|move|p2a: Kingambit|Swords Dance|p2a: Kingambit
|-boost|p2a: Kingambit|atk|2
|
|-end|p1a: Venusaur|move: Future Sight
|-supereffective|p1a: Venusaur
|-damage|p1a: Venusaur|0 fnt
|faint|p1a: Venusaur
|-heal|p2a: Kingambit|78/100|[from] item: Leftovers
|upkeep
|c|☆SValore|gg
|
|t:|1758331909
|switch|p1a: Walking Wake|Walking Wake|88/100
|-damage|p1a: Walking Wake|76/100|[from] Stealth Rock
|turn|20
|
|t:|1758331912
|-terastallize|p1a: Walking Wake|Water
|move|p2a: Kingambit|Sucker Punch|p1a: Walking Wake
|-damage|p1a: Walking Wake|0 fnt
|faint|p1a: Walking Wake
|-end|p1a: Walking Wake|Protosynthesis|[silent]
|
|win|SValore
|n|☆Fragments|fragments
|n|☆SValore|svalore
|n|*Lady Monita ☀|ladymonita
|n| BB-8-NU|bb8nu
|n| ElainJade|elainjade
|n| JoelMasterX@!|joelmasterx
|n| TheTrueLtaker|thetrueltaker
|n|@Rage|rage
|n| HighHonorsJacob|highhonorsjacob
|n| Hoennseptile|hoennseptile
|n| megustapollo|megustapollo
|n| Reaper P2|reaperp2
|n| Hockeystick7|hockeystick7
|l|*Lady Monita ☀
