|j|☆v1n001
|j|‽TTExergy
|t:|1758292673
|gametype|singles
|player|p1|v1n001|1|1554
|player|p2|TTExergy|101|1509
|gen|9
|tier|[Gen 9] OU
|rated|
|rule|HP Percentage Mod: HP is shown in percentages
|rule|Endless Battle Clause: Forcing endless battles is banned
|rule|Species Clause: Limit one of each Pokémon
|rule|OHKO Clause: OHKO moves are banned
|rule|Evasion Items Clause: Evasion items are banned
|rule|Evasion Moves Clause: Evasion moves are banned
|rule|Evasion Abilities Clause: Evasion abilities are banned
|rule|Sleep Moves Clause: Sleep-inducing moves are banned
|clearpoke
|poke|p1|Rillaboom, F|
|poke|p1|Hawlucha, F|
|poke|p1|Gholdengo|
|poke|p1|Heatran, F|
|poke|p1|Glimmora, F|
|poke|p1|Ogerpon-Wellspring, F|
|poke|p2|Enamorus, F|
|poke|p2|Araquanid, F|
|poke|p2|Raging Bolt|
|poke|p2|Iron Treads|
|poke|p2|Moltres|
|poke|p2|Zamazenta-*|
|teampreview
|inactive|Battle timer is ON: inactive players will automatically lose when time's up. (requested by v1n001)
|
|t:|1758292684
|teamsize|p1|6
|teamsize|p2|6
|start
|switch|p1a: Glimmora|Glimmora, F, shiny|100/100
|switch|p2a: Iron Treads|Iron Treads|100/100
|turn|1
|
|t:|1758292689
|move|p1a: Glimmora|Earth Power|p2a: Iron Treads
|-supereffective|p2a: Iron Treads
|-damage|p2a: Iron Treads|25/100
|-unboost|p2a: Iron Treads|spd|1
|move|p2a: Iron Treads|Earthquake|p1a: Glimmora
|-supereffective|p1a: Glimmora
|-damage|p1a: Glimmora|0 fnt
|-activate|p1a: Glimmora|ability: Toxic Debris
|-sidestart|p2: TTExergy|move: Toxic Spikes
|faint|p1a: Glimmora
|
|-heal|p2a: Iron Treads|32/100|[from] item: Leftovers
|upkeep
|
|t:|1758292692
|switch|p1a: Ogerpon|Ogerpon-Wellspring, F|100/100
|turn|2
|
|t:|1758292699
|-end|p2a: Iron Treads|Quark Drive|[silent]
|switch|p2a: Araquanid|Araquanid, F|100/100
|-status|p2a: Araquanid|psn
|move|p1a: Ogerpon|Ivy Cudgel|p2a: Araquanid|[anim] Ivy Cudgel Water
|-resisted|p2a: Araquanid
|-damage|p2a: Araquanid|63/100 psn
|
|-damage|p2a: Araquanid|51/100 psn|[from] psn
|upkeep
|turn|3
|
|t:|1758292704
|move|p1a: Ogerpon|Trailblaze|p2a: Araquanid
|-damage|p2a: Araquanid|15/100 psn
|-boost|p1a: Ogerpon|spe|1
|move|p2a: Araquanid|Liquidation|p1a: Ogerpon
|-immune|p1a: Ogerpon|[from] ability: Water Absorb
|
|-damage|p2a: Araquanid|3/100 psn|[from] psn
|upkeep
|turn|4
|-enditem|p2a: Araquanid|Custap Berry|[eat]
|-activate|p2a: Araquanid|item: Custap Berry|[consumed]
|
|t:|1758292710
|move|p2a: Araquanid|Endeavor|p1a: Ogerpon
|-damage|p1a: Ogerpon|3/100
|move|p1a: Ogerpon|Trailblaze|p2a: Araquanid
|-damage|p2a: Araquanid|0 fnt
|-boost|p1a: Ogerpon|spe|1
|faint|p2a: Araquanid
|
|upkeep
|
|t:|1758292714
|switch|p2a: Raging Bolt|Raging Bolt|100/100
|-status|p2a: Raging Bolt|psn
|-enditem|p2a: Raging Bolt|Booster Energy
|-activate|p2a: Raging Bolt|ability: Protosynthesis|[fromitem]
|-start|p2a: Raging Bolt|protosynthesisspa
|turn|5
|
|t:|1758292716
|move|p1a: Ogerpon|Swords Dance|p1a: Ogerpon
|-boost|p1a: Ogerpon|atk|2
|move|p2a: Raging Bolt|Thunderbolt|p1a: Ogerpon
|-damage|p1a: Ogerpon|0 fnt
|faint|p1a: Ogerpon
|
|-damage|p2a: Raging Bolt|88/100 psn|[from] psn
|upkeep
|
|t:|1758292719
|switch|p1a: Heatran|Heatran, F, shiny|100/100
|turn|6
|
|t:|1758292721
|move|p1a: Heatran|Earth Power|p2a: Raging Bolt
|-supereffective|p2a: Raging Bolt
|-damage|p2a: Raging Bolt|44/100 psn
|move|p2a: Raging Bolt|Thunderbolt|p1a: Heatran
|-damage|p1a: Heatran|57/100
|
|-heal|p1a: Heatran|64/100|[from] item: Leftovers
|-damage|p2a: Raging Bolt|32/100 psn|[from] psn
|upkeep
|turn|7
|
|t:|1758292725
|move|p2a: Raging Bolt|Thunderclap|p1a: Heatran
|-damage|p1a: Heatran|32/100
|move|p1a: Heatran|Earth Power|p2a: Raging Bolt
|-supereffective|p2a: Raging Bolt
|-damage|p2a: Raging Bolt|0 fnt
|faint|p2a: Raging Bolt
|-end|p2a: Raging Bolt|Protosynthesis|[silent]
|
|-heal|p1a: Heatran|39/100|[from] item: Leftovers
|upkeep
|
|t:|1758292728
|switch|p2a: Iron Treads|Iron Treads|32/100
|turn|8
|
|t:|1758292730
|move|p2a: Iron Treads|Knock Off|p1a: Heatran
|-damage|p1a: Heatran|18/100
|-enditem|p1a: Heatran|Leftovers|[from] move: Knock Off|[of] p2a: Iron Treads
|move|p1a: Heatran|Earth Power|p2a: Iron Treads
|-supereffective|p2a: Iron Treads
|-damage|p2a: Iron Treads|0 fnt
|faint|p2a: Iron Treads
|-end|p2a: Iron Treads|Quark Drive|[silent]
|
|upkeep
|
|t:|1758292740
|switch|p2a: Enamorus|Enamorus, F|100/100
|turn|9
|
|t:|1758292743
|move|p2a: Enamorus|Superpower|p1a: Heatran
|-supereffective|p1a: Heatran
|-damage|p1a: Heatran|0 fnt
|-boost|p2a: Enamorus|atk|1
|-boost|p2a: Enamorus|def|1
|faint|p1a: Heatran
|
|upkeep
|
|t:|1758292746
|switch|p1a: Rillaboom|Rillaboom, F, shiny|100/100
|-fieldstart|move: Grassy Terrain|[from] ability: Grassy Surge|[of] p1a: Rillaboom
|turn|10
|
|t:|1758292750
|move|p2a: Enamorus|Superpower|p1a: Rillaboom
|-damage|p1a: Rillaboom|63/100
|-boost|p2a: Enamorus|atk|1
|-boost|p2a: Enamorus|def|1
|move|p1a: Rillaboom|U-turn|p2a: Enamorus
|-resisted|p2a: Enamorus
|-damage|p2a: Enamorus|96/100
|
|t:|1758292756
|switch|p1a: Gholdengo|Gholdengo|100/100|[from] U-turn
|-enditem|p1a: Gholdengo|Grassy Seed
|-boost|p1a: Gholdengo|def|1|[from] item: Grassy Seed
|
|upkeep
|turn|11
|
|t:|1758292758
|switch|p2a: Moltres|Moltres|100/100
|move|p1a: Gholdengo|Make It Rain|p2a: Moltres
|-resisted|p2a: Moltres
|-damage|p2a: Moltres|81/100
|-unboost|p1a: Gholdengo|spa|1
|
|upkeep
|turn|12
|
|t:|1758292761
|move|p1a: Gholdengo|Nasty Plot|p1a: Gholdengo
|-boost|p1a: Gholdengo|spa|2
|move|p2a: Moltres|Will-O-Wisp|p1a: Gholdengo
|-immune|p1a: Gholdengo|[from] ability: Good as Gold
|
|upkeep
|turn|13
|
|t:|1758292764
|-terastallize|p1a: Gholdengo|Fairy
|move|p1a: Gholdengo|Nasty Plot|p1a: Gholdengo
|-boost|p1a: Gholdengo|spa|2
|move|p2a: Moltres|Flamethrower|p1a: Gholdengo
|-damage|p1a: Gholdengo|63/100
|
|-heal|p1a: Gholdengo|69/100|[from] Grassy Terrain
|upkeep
|turn|14
|
|t:|1758292768
|move|p1a: Gholdengo|Nasty Plot|p1a: Gholdengo
|-boost|p1a: Gholdengo|spa|2
|move|p2a: Moltres|Flamethrower|p1a: Gholdengo
|-damage|p1a: Gholdengo|31/100
|
|-heal|p1a: Gholdengo|37/100|[from] Grassy Terrain
|upkeep
|turn|15
|
|t:|1758292771
|move|p1a: Gholdengo|Recover|p1a: Gholdengo
|-heal|p1a: Gholdengo|87/100
|move|p2a: Moltres|U-turn|p1a: Gholdengo
|-resisted|p1a: Gholdengo
|-damage|p1a: Gholdengo|83/100
|
|t:|1758292773
|switch|p2a: Enamorus|Enamorus, F|96/100|[from] U-turn
|
|-heal|p1a: Gholdengo|89/100|[from] Grassy Terrain
|upkeep
|turn|16
|
|t:|1758292780
|move|p2a: Enamorus|Moonblast|p1a: Gholdengo
|-damage|p1a: Gholdengo|37/100
|move|p1a: Gholdengo|Shadow Ball|p2a: Enamorus
|-damage|p2a: Enamorus|0 fnt
|faint|p2a: Enamorus
|
|-heal|p1a: Gholdengo|43/100|[from] Grassy Terrain
|upkeep
|-message|TTExergy forfeited.
|
|win|v1n001
|raw|v1n001's rating: 1554 &rarr; <strong>1571</strong><br />(+17 for winning)
|raw|TTExergy's rating: 1509 &rarr; <strong>1492</strong><br />(-17 for losing)
|l|‽TTExergy
|player|p2|
|l|☆v1n001
|player|p1|
