|j|☆RizzlenDizzle
|j|☆TheOmniOyster
|t:|1758340308
|gametype|singles
|player|p1|RizzlenDizzle|266|1310
|player|p2|TheOmniOyster|169|1308
|gen|9
|tier|[Gen 9] OU
|rated|
|rule|HP Percentage Mod: HP is shown in percentages
|rule|Endless Battle Clause: Forcing endless battles is banned
|rule|Species Clause: Limit one of each Pokémon
|rule|OHKO Clause: OHKO moves are banned
|rule|Evasion Items Clause: Evasion items are banned
|rule|Evasion Moves Clause: Evasion moves are banned
|rule|Evasion Abilities Clause: Evasion abilities are banned
|rule|Sleep Moves Clause: Sleep-inducing moves are banned
|clearpoke
|poke|p1|Hydrapple, F|
|poke|p1|Dragonite, F|
|poke|p1|Samurott-Hisui, F|
|poke|p1|Scizor, F|
|poke|p1|Slowking-Galar, F|
|poke|p1|Kyurem|
|poke|p2|Trevenant, M|
|poke|p2|Maushold-Four|
|poke|p2|Gliscor, F|
|poke|p2|Ogerpon-Wellspring, F|
|poke|p2|Heatran, F|
|poke|p2|Tornadus-Therian, M|
|teampreview
|
|t:|1758340313
|teamsize|p1|6
|teamsize|p2|6
|start
|switch|p1a: Samurott|Samurott-Hisui, F, shiny|100/100
|switch|p2a: Tornadus|Tornadus-Therian, M|100/100
|turn|1
|
|t:|1758340322
|switch|p1a: Scizor|Scizor, F, shiny|100/100
|move|p2a: Tornadus|U-turn|p1a: Scizor
|-resisted|p1a: Scizor
|-damage|p1a: Scizor|95/100
|-damage|p2a: Tornadus|84/100|[from] item: Rocky Helmet|[of] p1a: Scizor
|
|t:|1758340344
|switch|p2a: Heatran|Heatran, F|100/100|[from] U-turn
|
|upkeep
|turn|2
|
|t:|1758340350
|switch|p1a: Samurott|Samurott-Hisui, F, shiny|100/100
|move|p2a: Heatran|Lava Plume|p1a: Samurott
|-resisted|p1a: Samurott
|-damage|p1a: Samurott|77/100
|-status|p1a: Samurott|brn
|
|-damage|p1a: Samurott|71/100 brn|[from] brn
|upkeep
|turn|3
|
|t:|1758340365
|switch|p2a: Ogerpon|Ogerpon-Wellspring, F|100/100
|move|p1a: Samurott|Ceaseless Edge|p2a: Ogerpon|[miss]
|-miss|p1a: Samurott|p2a: Ogerpon
|
|-damage|p1a: Samurott|65/100 brn|[from] brn
|upkeep
|turn|4
|
|t:|1758340379
|move|p2a: Ogerpon|Swords Dance|p2a: Ogerpon
|-boost|p2a: Ogerpon|atk|2
|move|p1a: Samurott|Ceaseless Edge|p2a: Ogerpon
|-damage|p2a: Ogerpon|60/100
|-sidestart|p2: TheOmniOyster|Spikes
|-damage|p1a: Samurott|55/100 brn|[from] item: Life Orb
|
|-damage|p1a: Samurott|49/100 brn|[from] brn
|upkeep
|turn|5
|
|t:|1758340385
|move|p2a: Ogerpon|Horn Leech|p1a: Samurott
|-supereffective|p1a: Samurott
|-damage|p1a: Samurott|0 fnt
|-heal|p2a: Ogerpon|86/100|[from] drain|[of] p1a: Samurott
|faint|p1a: Samurott
|
|upkeep
|
|t:|1758340396
|switch|p1a: Kyurem|Kyurem, shiny|100/100
|-ability|p1a: Kyurem|Pressure
|turn|6
|
|t:|1758340406
|move|p2a: Ogerpon|Spiky Shield|p2a: Ogerpon
|-singleturn|p2a: Ogerpon|move: Protect
|move|p1a: Kyurem|Freeze-Dry|p2a: Ogerpon
|-activate|p2a: Ogerpon|move: Protect
|
|upkeep
|turn|7
|
|t:|1758340436
|switch|p2a: Heatran|Heatran, F|100/100
|-damage|p2a: Heatran|88/100|[from] Spikes
|move|p1a: Kyurem|Freeze-Dry|p2a: Heatran
|-resisted|p2a: Heatran
|-damage|p2a: Heatran|79/100
|
|-heal|p2a: Heatran|85/100|[from] item: Leftovers
|upkeep
|turn|8
|
|t:|1758340449
|switch|p1a: Slowking|Slowking-Galar, F|100/100
|move|p2a: Heatran|Stealth Rock|p1a: Slowking
|-sidestart|p1: RizzlenDizzle|move: Stealth Rock
|
|-heal|p2a: Heatran|91/100|[from] item: Leftovers
|upkeep
|turn|9
|
|t:|1758340459
|move|p2a: Heatran|Taunt|p1a: Slowking
|-start|p1a: Slowking|move: Taunt
|move|p1a: Slowking|Psychic|p2a: Heatran
|-resisted|p2a: Heatran
|-damage|p2a: Heatran|75/100
|
|-heal|p2a: Heatran|81/100|[from] item: Leftovers
|upkeep
|turn|10
|
|t:|1758340470
|move|p2a: Heatran|Lava Plume|p1a: Slowking
|-damage|p1a: Slowking|78/100
|-status|p1a: Slowking|brn
|move|p1a: Slowking|Psychic|p2a: Heatran
|-resisted|p2a: Heatran
|-damage|p2a: Heatran|65/100
|-unboost|p2a: Heatran|spd|1
|
|-heal|p2a: Heatran|71/100|[from] item: Leftovers
|-damage|p1a: Slowking|72/100 brn|[from] brn
|upkeep
|turn|11
|
|t:|1758340485
|switch|p2a: Trevenant|Trevenant, M|100/100
|-damage|p2a: Trevenant|88/100|[from] Spikes
|move|p1a: Slowking|Psychic|p2a: Trevenant
|-damage|p2a: Trevenant|56/100
|-unboost|p2a: Trevenant|spd|1
|
|-damage|p1a: Slowking|66/100 brn|[from] brn
|-end|p1a: Slowking|move: Taunt
|upkeep
|turn|12
|
|t:|1758340509
|switch|p2a: Tornadus|Tornadus-Therian, M|100/100
|switch|p1a: Hydrapple|Hydrapple, F, shiny|100/100
|-damage|p1a: Hydrapple|88/100|[from] Stealth Rock
|
|-heal|p1a: Hydrapple|94/100|[from] item: Leftovers
|upkeep
|turn|13
|
|t:|1758340524
|move|p2a: Tornadus|Tailwind|p2a: Tornadus
|-sidestart|p2: TheOmniOyster|move: Tailwind
|move|p1a: Hydrapple|Fickle Beam|p2a: Tornadus
|-damage|p2a: Tornadus|72/100
|
|-heal|p1a: Hydrapple|100/100|[from] item: Leftovers
|upkeep
|turn|14
|
|t:|1758340538
|switch|p1a: Slowking|Slowking-Galar, F|99/100 brn
|-damage|p1a: Slowking|87/100 brn|[from] Stealth Rock
|move|p2a: Tornadus|Knock Off|p1a: Slowking
|-supereffective|p1a: Slowking
|-damage|p1a: Slowking|33/100 brn
|-enditem|p1a: Slowking|Assault Vest|[from] move: Knock Off|[of] p2a: Tornadus
|
|-damage|p1a: Slowking|27/100 brn|[from] brn
|upkeep
|turn|15
|
|t:|1758340547
|switch|p1a: Scizor|Scizor, F, shiny|95/100
|-damage|p1a: Scizor|82/100|[from] Stealth Rock
|move|p2a: Tornadus|Knock Off|p1a: Scizor
|-damage|p1a: Scizor|69/100
|-damage|p2a: Tornadus|55/100|[from] item: Rocky Helmet|[of] p1a: Scizor
|-enditem|p1a: Scizor|Rocky Helmet|[from] move: Knock Off|[of] p2a: Tornadus
|
|upkeep
|turn|16
|
|t:|1758340558
|move|p2a: Tornadus|U-turn|p1a: Scizor
|-resisted|p1a: Scizor
|-damage|p1a: Scizor|64/100
|
|t:|1758340561
|switch|p2a: Heatran|Heatran, F|71/100|[from] U-turn
|-damage|p2a: Heatran|59/100|[from] Spikes
|move|p1a: Scizor|Defog|p2a: Heatran
|-unboost|p2a: Heatran|evasion|1
|-sideend|p2: TheOmniOyster|Spikes|[from] move: Defog|[of] p1a: Scizor
|-sideend|p1: RizzlenDizzle|Stealth Rock|[from] move: Defog|[of] p1a: Scizor
|
|-heal|p2a: Heatran|65/100|[from] item: Leftovers
|-sideend|p2: TheOmniOyster|move: Tailwind
|upkeep
|turn|17
|
|t:|1758340570
|switch|p1a: Kyurem|Kyurem, shiny|100/100
|-ability|p1a: Kyurem|Pressure
|move|p2a: Heatran|Lava Plume|p1a: Kyurem
|-damage|p1a: Kyurem|60/100
|
|-heal|p2a: Heatran|71/100|[from] item: Leftovers
|upkeep
|turn|18
|
|t:|1758340587
|switch|p2a: Tornadus|Tornadus-Therian, M|89/100
|move|p1a: Kyurem|Earth Power|p2a: Tornadus
|-immune|p2a: Tornadus
|
|upkeep
|turn|19
|
|t:|1758340606
|switch|p1a: Slowking|Slowking-Galar, F|60/100 brn
|move|p2a: Tornadus|U-turn|p1a: Slowking
|-crit|p1a: Slowking
|-damage|p1a: Slowking|33/100 brn
|
|t:|1758340620
|switch|p2a: Gliscor|Gliscor, F|100/100|[from] U-turn
|
|-damage|p1a: Slowking|27/100 brn|[from] brn
|-status|p2a: Gliscor|tox|[from] item: Toxic Orb
|upkeep
|turn|20
|
|t:|1758340643
|switch|p1a: Scizor|Scizor, F, shiny|64/100
|move|p2a: Gliscor|Toxic Spikes|p1a: Scizor
|-sidestart|p1: RizzlenDizzle|move: Toxic Spikes
|
|upkeep
|turn|21
|
|t:|1758340659
|switch|p1a: Slowking|Slowking-Galar, F|60/100 brn
|-sideend|p1: RizzlenDizzle|move: Toxic Spikes|[of] p1a: Slowking
|move|p2a: Gliscor|Earthquake|p1a: Slowking
|-supereffective|p1a: Slowking
|-damage|p1a: Slowking|0 fnt
|faint|p1a: Slowking
|
|upkeep
|
|t:|1758340665
|switch|p1a: Kyurem|Kyurem, shiny|60/100
|-ability|p1a: Kyurem|Pressure
|turn|22
|
|t:|1758340671
|move|p2a: Gliscor|Protect|p2a: Gliscor
|-singleturn|p2a: Gliscor|Protect
|move|p1a: Kyurem|Freeze-Dry|p2a: Gliscor
|-activate|p2a: Gliscor|move: Protect
|
|upkeep
|turn|23
|
|t:|1758340683
|switch|p2a: Heatran|Heatran, F|71/100
|move|p1a: Kyurem|Freeze-Dry|p2a: Heatran
|-resisted|p2a: Heatran
|-damage|p2a: Heatran|63/100
|
|-heal|p2a: Heatran|70/100|[from] item: Leftovers
|upkeep
|turn|24
|
|t:|1758340693
|switch|p1a: Hydrapple|Hydrapple, F, shiny|100/100
|move|p2a: Heatran|Stealth Rock|p1a: Hydrapple
|-sidestart|p1: RizzlenDizzle|move: Stealth Rock
|
|-heal|p2a: Heatran|76/100|[from] item: Leftovers
|upkeep
|turn|25
|
|t:|1758340706
|switch|p2a: Gliscor|Gliscor, F|100/100 tox
|move|p1a: Hydrapple|Earth Power|p2a: Gliscor
|-immune|p2a: Gliscor
|
|upkeep
|turn|26
|
|t:|1758340742
|switch|p1a: Scizor|Scizor, F, shiny|64/100
|-damage|p1a: Scizor|51/100|[from] Stealth Rock
|move|p2a: Gliscor|Knock Off|p1a: Scizor
|-damage|p1a: Scizor|40/100
|
|upkeep
|turn|27
|
|t:|1758340750
|move|p2a: Gliscor|Earthquake|p1a: Scizor
|-crit|p1a: Scizor
|-damage|p1a: Scizor|1/100
|move|p1a: Scizor|Defog|p2a: Gliscor
|-unboost|p2a: Gliscor|evasion|1
|-sideend|p1: RizzlenDizzle|Stealth Rock|[from] move: Defog|[of] p1a: Scizor
|
|upkeep
|turn|28
|
|t:|1758340771
|move|p2a: Gliscor|Earthquake|p1a: Scizor
|-damage|p1a: Scizor|0 fnt
|faint|p1a: Scizor
|
|upkeep
|
|t:|1758340775
|switch|p1a: Kyurem|Kyurem, shiny|60/100
|-ability|p1a: Kyurem|Pressure
|turn|29
|
|t:|1758340777
|move|p2a: Gliscor|Protect|p2a: Gliscor
|-singleturn|p2a: Gliscor|Protect
|move|p1a: Kyurem|Earth Power|p2a: Gliscor
|-activate|p2a: Gliscor|move: Protect
|
|upkeep
|turn|30
|
|t:|1758340786
|switch|p1a: Dragonite|Dragonite, F, shiny|100/100
|move|p2a: Gliscor|Earthquake|p1a: Dragonite
|-immune|p1a: Dragonite
|
|upkeep
|turn|31
|
|t:|1758340793
|move|p2a: Gliscor|Knock Off|p1a: Dragonite
|-damage|p1a: Dragonite|87/100
|-enditem|p1a: Dragonite|Leftovers|[from] move: Knock Off|[of] p2a: Gliscor
|move|p1a: Dragonite|Dragon Dance|p1a: Dragonite
|-boost|p1a: Dragonite|atk|1
|-boost|p1a: Dragonite|spe|1
|
|upkeep
|turn|32
|
|t:|1758340806
|switch|p2a: Trevenant|Trevenant, M|56/100
|move|p1a: Dragonite|Dragon Dance|p1a: Dragonite
|-boost|p1a: Dragonite|atk|1
|-boost|p1a: Dragonite|spe|1
|
|upkeep
|turn|33
|
|t:|1758340812
|move|p1a: Dragonite|Dragon Dance|p1a: Dragonite
|-boost|p1a: Dragonite|atk|1
|-boost|p1a: Dragonite|spe|1
|move|p2a: Trevenant|Curse|p1a: Dragonite
|-start|p1a: Dragonite|Curse|[of] p2a: Trevenant
|-damage|p2a: Trevenant|6/100
|-enditem|p2a: Trevenant|Sitrus Berry|[eat]
|-heal|p2a: Trevenant|31/100|[from] item: Sitrus Berry
|
|-damage|p1a: Dragonite|62/100|[from] Curse
|upkeep
|turn|34
|
|t:|1758340821
|move|p1a: Dragonite|Dragon Claw|p2a: Trevenant
|-damage|p2a: Trevenant|0 fnt
|faint|p2a: Trevenant
|
|-damage|p1a: Dragonite|38/100|[from] Curse
|upkeep
|
|t:|1758340824
|switch|p2a: Ogerpon|Ogerpon-Wellspring, F|86/100
|turn|35
|
|t:|1758340827
|move|p2a: Ogerpon|Spiky Shield|p2a: Ogerpon
|-singleturn|p2a: Ogerpon|move: Protect
|move|p1a: Dragonite|Dragon Claw|p2a: Ogerpon
|-activate|p2a: Ogerpon|move: Protect
|-damage|p1a: Dragonite|25/100|[from] Spiky Shield|[of] p2a: Ogerpon
|
|-damage|p1a: Dragonite|0 fnt|[from] Curse
|faint|p1a: Dragonite
|upkeep
|
|t:|1758340831
|switch|p1a: Kyurem|Kyurem, shiny|60/100
|-ability|p1a: Kyurem|Pressure
|turn|36
|
|t:|1758340843
|switch|p2a: Jerry and Friends|Maushold-Four|100/100
|move|p1a: Kyurem|Freeze-Dry|p2a: Jerry and Friends
|-damage|p2a: Jerry and Friends|40/100
|
|upkeep
|turn|37
|
|t:|1758340848
|move|p1a: Kyurem|Freeze-Dry|p2a: Jerry and Friends
|-damage|p2a: Jerry and Friends|0 fnt
|faint|p2a: Jerry and Friends
|
|upkeep
|
|t:|1758340853
|switch|p2a: Heatran|Heatran, F|76/100
|turn|38
|
|t:|1758340860
|switch|p1a: Hydrapple|Hydrapple, F, shiny|100/100
|move|p2a: Heatran|Lava Plume|p1a: Hydrapple
|-damage|p1a: Hydrapple|51/100
|-status|p1a: Hydrapple|brn
|
|-heal|p2a: Heatran|82/100|[from] item: Leftovers
|-heal|p1a: Hydrapple|57/100 brn|[from] item: Leftovers
|-damage|p1a: Hydrapple|51/100 brn|[from] brn
|upkeep
|turn|39
|
|t:|1758340869
|switch|p2a: Gliscor|Gliscor, F|100/100 tox
|move|p1a: Hydrapple|Earth Power|p2a: Gliscor
|-immune|p2a: Gliscor
|
|-heal|p1a: Hydrapple|57/100 brn|[from] item: Leftovers
|-damage|p1a: Hydrapple|51/100 brn|[from] brn
|upkeep
|turn|40
|
|t:|1758340878
|switch|p1a: Kyurem|Kyurem, shiny|60/100
|-ability|p1a: Kyurem|Pressure
|move|p2a: Gliscor|Earthquake|p1a: Kyurem
|-damage|p1a: Kyurem|28/100
|
|upkeep
|turn|41
|
|t:|1758340884
|move|p2a: Gliscor|Protect|p2a: Gliscor
|-singleturn|p2a: Gliscor|Protect
|move|p1a: Kyurem|Ice Beam|p2a: Gliscor
|-activate|p2a: Gliscor|move: Protect
|
|upkeep
|turn|42
|
|t:|1758340892
|switch|p1a: Hydrapple|Hydrapple, F, shiny|84/100 brn
|switch|p2a: Heatran|Heatran, F|82/100
|
|-heal|p2a: Heatran|88/100|[from] item: Leftovers
|-heal|p1a: Hydrapple|91/100 brn|[from] item: Leftovers
|-damage|p1a: Hydrapple|84/100 brn|[from] brn
|upkeep
|turn|43
|
|t:|1758340898
|switch|p2a: Tornadus|Tornadus-Therian, M|100/100
|move|p1a: Hydrapple|Fickle Beam|p2a: Tornadus
|-damage|p2a: Tornadus|71/100
|
|-heal|p1a: Hydrapple|91/100 brn|[from] item: Leftovers
|-damage|p1a: Hydrapple|84/100 brn|[from] brn
|upkeep
|turn|44
|
|t:|1758340908
|move|p2a: Tornadus|U-turn|p1a: Hydrapple
|-supereffective|p1a: Hydrapple
|-damage|p1a: Hydrapple|67/100 brn
|
|t:|1758340910
|switch|p2a: Gliscor|Gliscor, F|100/100 tox|[from] U-turn
|move|p1a: Hydrapple|Fickle Beam|p2a: Gliscor
|-crit|p2a: Gliscor
|-damage|p2a: Gliscor|43/100 tox
|
|-heal|p1a: Hydrapple|73/100 brn|[from] item: Leftovers
|-heal|p2a: Gliscor|55/100 tox|[from] ability: Poison Heal
|-damage|p1a: Hydrapple|67/100 brn|[from] brn
|upkeep
|turn|45
|inactive|Battle timer is ON: inactive players will automatically lose when time's up. (requested by TheOmniOyster)
|
|t:|1758340950
|move|p2a: Gliscor|Earthquake|p1a: Hydrapple
|-resisted|p1a: Hydrapple
|-damage|p1a: Hydrapple|57/100 brn
|move|p1a: Hydrapple|Fickle Beam|p2a: Gliscor
|-damage|p2a: Gliscor|13/100 tox
|
|-heal|p1a: Hydrapple|63/100 brn|[from] item: Leftovers
|-heal|p2a: Gliscor|26/100 tox|[from] ability: Poison Heal
|-damage|p1a: Hydrapple|57/100 brn|[from] brn
|upkeep
|turn|46
|
|t:|1758340956
|switch|p2a: Heatran|Heatran, F|88/100
|move|p1a: Hydrapple|Fickle Beam|p2a: Heatran
|-resisted|p2a: Heatran
|-damage|p2a: Heatran|75/100
|
|-heal|p2a: Heatran|81/100|[from] item: Leftovers
|-heal|p1a: Hydrapple|63/100 brn|[from] item: Leftovers
|-damage|p1a: Hydrapple|57/100 brn|[from] brn
|upkeep
|turn|47
|
|t:|1758340960
|move|p2a: Heatran|Lava Plume|p1a: Hydrapple
|-damage|p1a: Hydrapple|10/100 brn
|move|p1a: Hydrapple|Earth Power|p2a: Heatran
|-supereffective|p2a: Heatran
|-damage|p2a: Heatran|0 fnt
|faint|p2a: Heatran
|
|-heal|p1a: Hydrapple|16/100 brn|[from] item: Leftovers
|-damage|p1a: Hydrapple|10/100 brn|[from] brn
|upkeep
|
|t:|1758340973
|switch|p2a: Gliscor|Gliscor, F|26/100 tox
|turn|48
|
|t:|1758340976
|move|p2a: Gliscor|Protect|p2a: Gliscor
|-singleturn|p2a: Gliscor|Protect
|move|p1a: Hydrapple|Fickle Beam|p2a: Gliscor
|-activate|p2a: Gliscor|move: Protect
|
|-heal|p1a: Hydrapple|16/100 brn|[from] item: Leftovers
|-heal|p2a: Gliscor|38/100 tox|[from] ability: Poison Heal
|-damage|p1a: Hydrapple|10/100 brn|[from] brn
|upkeep
|turn|49
|inactive|TheOmniOyster has 120 seconds left.
|
|t:|1758341007
|move|p2a: Gliscor|Toxic Spikes|p1a: Hydrapple
|-sidestart|p1: RizzlenDizzle|move: Toxic Spikes
|move|p1a: Hydrapple|Fickle Beam|p2a: Gliscor
|-damage|p2a: Gliscor|0 fnt
|faint|p2a: Gliscor
|
|-heal|p1a: Hydrapple|16/100 brn|[from] item: Leftovers
|-damage|p1a: Hydrapple|10/100 brn|[from] brn
|upkeep
|inactive|TheOmniOyster has 120 seconds left.
|
|t:|1758341014
|switch|p2a: Tornadus|Tornadus-Therian, M|100/100
|turn|50
|inactive|TheOmniOyster has 120 seconds left.
|
|t:|1758341033
|move|p2a: Tornadus|Tailwind|p2a: Tornadus
|-sidestart|p2: TheOmniOyster|move: Tailwind
|move|p1a: Hydrapple|Fickle Beam|p2a: Tornadus
|-damage|p2a: Tornadus|73/100
|
|-heal|p1a: Hydrapple|16/100 brn|[from] item: Leftovers
|-damage|p1a: Hydrapple|10/100 brn|[from] brn
|upkeep
|turn|51
|inactive|TheOmniOyster has 120 seconds left.
|
|t:|1758341042
|move|p2a: Tornadus|Knock Off|p1a: Hydrapple
|-crit|p1a: Hydrapple
|-damage|p1a: Hydrapple|0 fnt
|-enditem|p1a: Hydrapple|Leftovers|[from] move: Knock Off|[of] p2a: Tornadus
|faint|p1a: Hydrapple
|
|upkeep
|
|t:|1758341044
|switch|p1a: Kyurem|Kyurem, shiny|28/100
|-status|p1a: Kyurem|psn
|-ability|p1a: Kyurem|Pressure
|turn|52
|
|t:|1758341051
|-terastallize|p2a: Tornadus|Ground
|move|p2a: Tornadus|Air Slash|p1a: Kyurem
|-damage|p1a: Kyurem|3/100 psn
|move|p1a: Kyurem|Freeze-Dry|p2a: Tornadus
|-supereffective|p2a: Tornadus
|-damage|p2a: Tornadus|0 fnt
|faint|p2a: Tornadus
|
|-damage|p1a: Kyurem|0 fnt|[from] psn
|faint|p1a: Kyurem
|
|win|TheOmniOyster
|raw|RizzlenDizzle's rating: 1310 &rarr; <strong>1290</strong><br />(-20 for losing)
|raw|TheOmniOyster's rating: 1308 &rarr; <strong>1328</strong><br />(+20 for winning)
|l|☆TheOmniOyster
|player|p2|
|j|☆TheOmniOyster
|player|p2|TheOmniOyster|169|
