|j|☆Trumpismessiah
|j|☆metakill4r
|t:|1758333141
|gametype|singles
|player|p1|Trumpismessiah|170|1480
|player|p2|metakill4r|n|1476
|gen|9
|tier|[Gen 9] OU
|rated|
|rule|HP Percentage Mod: HP is shown in percentages
|rule|Endless Battle Clause: Forcing endless battles is banned
|rule|Species Clause: Limit one of each Pokémon
|rule|OHKO Clause: OHKO moves are banned
|rule|Evasion Items Clause: Evasion items are banned
|rule|Evasion Moves Clause: Evasion moves are banned
|rule|Evasion Abilities Clause: Evasion abilities are banned
|rule|Sleep Moves Clause: Sleep-inducing moves are banned
|clearpoke
|poke|p1|Snorlax, M|
|poke|p1|Pikachu, M|
|poke|p1|Gengar, F|
|poke|p1|Moltres|
|poke|p1|Vileplume, F|
|poke|p1|Vaporeon, F|
|poke|p2|Great Tusk|
|poke|p2|Slowking-Galar, F|
|poke|p2|Zapdos|
|poke|p2|Cinderace, M|
|poke|p2|Crawdaunt, M|
|poke|p2|Gholdengo|
|teampreview
|
|t:|1758333165
|teamsize|p1|6
|teamsize|p2|6
|start
|switch|p1a: Pikachu|Pikachu, M|100/100
|switch|p2a: Slowking|Slowking-Galar, F|100/100
|turn|1
|
|t:|1758333171
|move|p1a: Pikachu|Fake Out|p2a: Slowking
|-damage|p2a: Slowking|80/100
|cant|p2a: Slowking|flinch
|
|upkeep
|turn|2
|inactive|Battle timer is ON: inactive players will automatically lose when time's up. (requested by Trumpismessiah)
|
|t:|1758333199
|move|p1a: Pikachu|Volt Tackle|p2a: Slowking
|-damage|p2a: Slowking|0 fnt
|faint|p2a: Slowking
|-damage|p1a: Pikachu|51/100|[from] Recoil
|
|upkeep
|
|t:|1758333211
|switch|p2a: Cinderace|Cinderace, M|100/100
|turn|3
|
|t:|1758333214
|switch|p1a: Moltres|Moltres|100/100
|move|p2a: Cinderace|Pyro Ball|p1a: Moltres
|-resisted|p1a: Moltres
|-damage|p1a: Moltres|81/100
|
|upkeep
|turn|4
|inactive|metakill4r has 120 seconds left.
|
|t:|1758333263
|switch|p2a: Zapdos|Zapdos|100/100
|move|p1a: Moltres|U-turn|p2a: Zapdos
|-resisted|p2a: Zapdos
|-damage|p2a: Zapdos|95/100
|
|t:|1758333276
|switch|p1a: Snorlax|Snorlax, M|100/100|[from] U-turn
|
|upkeep
|turn|5
|
|t:|1758333283
|move|p2a: Zapdos|Volt Switch|p1a: Snorlax
|-damage|p1a: Snorlax|83/100
|
|t:|1758333285
|switch|p2a: Gholdengo|Gholdengo|100/100|[from] Volt Switch
|move|p1a: Snorlax|Body Slam|p2a: Gholdengo
|-immune|p2a: Gholdengo
|
|upkeep
|turn|6
|
|t:|1758333289
|move|p2a: Gholdengo|Trick|p1a: Snorlax
|-activate|p2a: Gholdengo|move: Trick|[of] p1a: Snorlax
|-item|p1a: Snorlax|Choice Scarf|[from] move: Trick
|-item|p2a: Gholdengo|Custap Berry|[from] move: Trick
|move|p1a: Snorlax|Heat Crash|p2a: Gholdengo
|-supereffective|p2a: Gholdengo
|-crit|p2a: Gholdengo
|-damage|p2a: Gholdengo|0 fnt
|faint|p2a: Gholdengo
|
|upkeep
|
|t:|1758333297
|switch|p2a: Crawdaunt|Crawdaunt, M|100/100
|turn|7
|
|t:|1758333310
|move|p2a: Crawdaunt|Crabhammer|p1a: Snorlax
|-damage|p1a: Snorlax|0 fnt
|faint|p1a: Snorlax
|
|upkeep
|
|t:|1758333316
|switch|p1a: Gengar|Gengar, F|100/100
|turn|8
|
|t:|1758333320
|move|p1a: Gengar|Focus Blast|p2a: Crawdaunt
|-supereffective|p2a: Crawdaunt
|-damage|p2a: Crawdaunt|0 fnt
|faint|p2a: Crawdaunt
|
|upkeep
|
|t:|1758333328
|switch|p2a: Zapdos|Zapdos|95/100
|turn|9
|
|t:|1758333334
|switch|p1a: Pikachu|Pikachu, M|51/100
|move|p2a: Zapdos|Thunder Wave|p1a: Pikachu
|-ability|p1a: Pikachu|Lightning Rod|boost
|-boost|p1a: Pikachu|spa|1
|
|upkeep
|turn|10
|
|t:|1758333339
|move|p1a: Pikachu|Fake Out|p2a: Zapdos
|-damage|p2a: Zapdos|81/100
|cant|p2a: Zapdos|flinch
|
|upkeep
|turn|11
|
|t:|1758333345
|switch|p2a: Great Tusk|Great Tusk|100/100
|move|p1a: Pikachu|Volt Tackle|p2a: Great Tusk
|-immune|p2a: Great Tusk
|
|upkeep
|turn|12
|
|t:|1758333350
|move|p2a: Great Tusk|Headlong Rush|p1a: Pikachu
|-supereffective|p1a: Pikachu
|-damage|p1a: Pikachu|0 fnt
|-unboost|p2a: Great Tusk|def|1
|-unboost|p2a: Great Tusk|spd|1
|faint|p1a: Pikachu
|
|upkeep
|
|t:|1758333356
|switch|p1a: Gengar|Gengar, F|100/100
|turn|13
|
|t:|1758333360
|-end|p2a: Great Tusk|Protosynthesis|[silent]
|switch|p2a: Zapdos|Zapdos|81/100
|move|p1a: Gengar|Shadow Ball|p2a: Zapdos
|-damage|p2a: Zapdos|16/100
|-unboost|p2a: Zapdos|spd|1
|
|upkeep
|turn|14
|
|t:|1758333368
|move|p1a: Gengar|Shadow Ball|p2a: Zapdos
|-damage|p2a: Zapdos|0 fnt
|faint|p2a: Zapdos
|
|upkeep
|
|t:|1758333371
|switch|p2a: Great Tusk|Great Tusk|100/100
|turn|15
|
|t:|1758333375
|-terastallize|p1a: Gengar|Ghost
|move|p1a: Gengar|Shadow Ball|p2a: Great Tusk
|-damage|p2a: Great Tusk|0 fnt
|faint|p2a: Great Tusk
|-end|p2a: Great Tusk|Protosynthesis|[silent]
|
|upkeep
|
|t:|1758333378
|switch|p2a: Cinderace|Cinderace, M|100/100
|turn|16
|
|t:|1758333384
|-terastallize|p2a: Cinderace|Fire
|move|p2a: Cinderace|Pyro Ball|p1a: Gengar
|-damage|p1a: Gengar|0 fnt
|faint|p1a: Gengar
|
|upkeep
|
|t:|1758333388
|switch|p1a: Vaporeon|Vaporeon, F|100/100
|turn|17
|-message|metakill4r forfeited.
|
|win|Trumpismessiah
|raw|Trumpismessiah's rating: 1480 &rarr; <strong>1500</strong><br />(+20 for winning)
|raw|metakill4r's rating: 1476 &rarr; <strong>1456</strong><br />(-20 for losing)
|l|☆metakill4r
|player|p2|
|l|☆Trumpismessiah
|player|p1|
