|j|☆nicolider
|j|☆R.para ti
|t:|1758297662
|gametype|singles
|player|p1|nicolider|preschooler|1164
|player|p2|R.para ti|265|1152
|gen|9
|tier|[Gen 9] OU
|rated|
|rule|HP Percentage Mod: HP is shown in percentages
|rule|Endless Battle Clause: Forcing endless battles is banned
|rule|Species Clause: Limit one of each Pokémon
|rule|OHKO Clause: OHKO moves are banned
|rule|Evasion Items Clause: Evasion items are banned
|rule|Evasion Moves Clause: Evasion moves are banned
|rule|Evasion Abilities Clause: Evasion abilities are banned
|rule|Sleep Moves Clause: Sleep-inducing moves are banned
|clearpoke
|poke|p1|Vaporeon, M|
|poke|p1|Incineroar, F|
|poke|p1|Rillaboom, M|
|poke|p1|Landorus-Therian, M|
|poke|p1|Iron Crown|
|poke|p1|Weezing-Galar, M|
|poke|p2|Empoleon, F|
|poke|p2|Kingambit, F|
|poke|p2|Ogerpon, F|
|poke|p2|Meowstic-F, F|
|poke|p2|Cinderace, M|
|poke|p2|Ribombee, F|
|teampreview
|inactive|Battle timer is ON: inactive players will automatically lose when time's up. (requested by nicolider)
|inactive|R.para ti has 120 seconds left.
|
|t:|1758297719
|teamsize|p1|6
|teamsize|p2|6
|start
|switch|p1a: Iron Crown|Iron Crown|100/100
|switch|p2a: Ribombee|Ribombee, F|100/100
|turn|1
|
|t:|1758297727
|move|p1a: Iron Crown|Tachyon Cutter|p2a: Ribombee
|-supereffective|p2a: Ribombee
|-damage|p2a: Ribombee|45/100
|-supereffective|p2a: Ribombee
|-damage|p2a: Ribombee|0 fnt
|faint|p2a: Ribombee
|-hitcount|p2: Ribombee|2
|
|upkeep
|
|t:|1758297752
|switch|p2a: Kingambit|Kingambit, F|100/100
|turn|2
|
|t:|1758297774
|-terastallize|p1a: Iron Crown|Fighting
|move|p1a: Iron Crown|Tera Blast|p2a: Kingambit|[anim] Tera Blast Fighting
|-supereffective|p2a: Kingambit
|-damage|p2a: Kingambit|0 fnt
|faint|p2a: Kingambit
|
|upkeep
|
|t:|1758297785
|switch|p2a: Meowstic|Meowstic-F, F|100/100
|turn|3
|
|t:|1758297796
|-end|p1a: Iron Crown|Quark Drive|[silent]
|switch|p1a: Incineroar|Incineroar, F|100/100
|-ability|p1a: Incineroar|Intimidate|boost
|-unboost|p2a: Meowstic|atk|1
|-ability|p2a: Meowstic|Competitive|boost
|-boost|p2a: Meowstic|spa|2
|-enditem|p2a: Meowstic|White Herb
|-clearnegativeboost|p2a: Meowstic|[silent]
|move|p2a: Meowstic|Psyshock|p1a: Incineroar
|-immune|p1a: Incineroar
|
|upkeep
|turn|4
|
|t:|1758297806
|-terastallize|p2a: Meowstic|Fairy
|move|p2a: Meowstic|Alluring Voice|p1a: Incineroar
|-damage|p1a: Incineroar|38/100
|move|p1a: Incineroar|Power Trip|p2a: Meowstic
|-resisted|p2a: Meowstic
|-damage|p2a: Meowstic|95/100
|
|upkeep
|turn|5
|inactive|nicolider has 120 seconds left.
|
|t:|1758297846
|move|p2a: Meowstic|Alluring Voice|p1a: Incineroar
|-damage|p1a: Incineroar|0 fnt
|faint|p1a: Incineroar
|
|upkeep
|
|t:|1758297860
|switch|p1a: Vaporeon|Vaporeon, M|100/100
|turn|6
|
|t:|1758297867
|move|p2a: Meowstic|Thunderbolt|p1a: Vaporeon
|-supereffective|p1a: Vaporeon
|-damage|p1a: Vaporeon|24/100
|move|p1a: Vaporeon|Scald|p2a: Meowstic
|-damage|p2a: Meowstic|45/100
|
|upkeep
|turn|7
|-enditem|p1a: Vaporeon|Custap Berry|[eat]
|-activate|p1a: Vaporeon|item: Custap Berry|[consumed]
|
|t:|1758297877
|move|p1a: Vaporeon|Scald|p2a: Meowstic
|-damage|p2a: Meowstic|0 fnt
|faint|p2a: Meowstic
|
|upkeep
|
|t:|1758297885
|switch|p2a: Ogerpon|Ogerpon, F|100/100
|turn|8
|inactive|nicolider has 120 seconds left.
|
|t:|1758297901
|move|p2a: Ogerpon|Knock Off|p1a: Vaporeon
|-damage|p1a: Vaporeon|3/100
|move|p1a: Vaporeon|Ice Beam|p2a: Ogerpon
|-supereffective|p2a: Ogerpon
|-damage|p2a: Ogerpon|48/100
|
|upkeep
|turn|9
|
|t:|1758297907
|move|p2a: Ogerpon|Knock Off|p1a: Vaporeon
|-damage|p1a: Vaporeon|0 fnt
|faint|p1a: Vaporeon
|
|upkeep
|
|t:|1758297919
|switch|p1a: Landorus|Landorus-Therian, M|100/100
|-ability|p1a: Landorus|Intimidate|boost
|-unboost|p2a: Ogerpon|atk|1
|-ability|p2a: Ogerpon|Defiant|boost
|-boost|p2a: Ogerpon|atk|2
|turn|10
|
|t:|1758297936
|move|p1a: Landorus|U-turn|p2a: Ogerpon
|-supereffective|p2a: Ogerpon
|-damage|p2a: Ogerpon|4/100
|
|t:|1758297942
|switch|p1a: Weezing|Weezing-Galar, M|100/100|[from] U-turn
|-ability|p1a: Weezing|Neutralizing Gas
|move|p2a: Ogerpon|Ivy Cudgel|p1a: Weezing
|-resisted|p1a: Weezing
|-damage|p1a: Weezing|74/100
|
|upkeep
|turn|11
|-message|R.para ti forfeited.
|
|win|nicolider
|raw|nicolider's rating: 1164 &rarr; <strong>1188</strong><br />(+24 for winning)
|raw|R.para ti's rating: 1152 &rarr; <strong>1128</strong><br />(-24 for losing)
|l|☆R.para ti
|player|p2|
|l|☆nicolider
|player|p1|
