|j|☆assssh
|j|☆pr.iyanshu768500
|t:|1758270459
|gametype|singles
|player|p1|assssh|1|1443
|player|p2|pr.iyanshu768500|steven|1400
|gen|9
|tier|[Gen 9] OU
|rated|
|rule|HP Percentage Mod: HP is shown in percentages
|rule|Endless Battle Clause: Forcing endless battles is banned
|rule|Species Clause: Limit one of each Pokémon
|rule|OHKO Clause: OHKO moves are banned
|rule|Evasion Items Clause: Evasion items are banned
|rule|Evasion Moves Clause: Evasion moves are banned
|rule|Evasion Abilities Clause: Evasion abilities are banned
|rule|Sleep Moves Clause: Sleep-inducing moves are banned
|clearpoke
|poke|p1|Dragonite, F|
|poke|p1|Great Tusk|
|poke|p1|Gholdengo|
|poke|p1|Zapdos|
|poke|p1|Garganacl, M|
|poke|p1|Kleavor, F|
|poke|p2|Deoxys-Speed|
|poke|p2|Gholdengo|
|poke|p2|Meowscarada, F|
|poke|p2|Dragonite, F|
|poke|p2|Darkrai|
|poke|p2|Great Tusk|
|teampreview
|inactive|Battle timer is ON: inactive players will automatically lose when time's up. (requested by pr.iyanshu768500)
|
|t:|1758270464
|teamsize|p1|6
|teamsize|p2|6
|start
|switch|p1a: Kleavor|Kleavor, F|100/100
|switch|p2a: Deoxys|Deoxys-Speed|100/100
|-ability|p2a: Deoxys|Pressure
|turn|1
|
|t:|1758270469
|move|p2a: Deoxys|Thunder Wave|p1a: Kleavor
|-status|p1a: Kleavor|par
|move|p1a: Kleavor|Stone Axe|p2a: Deoxys
|-damage|p2a: Deoxys|23/100
|-sidestart|p2: pr.iyanshu768500|move: Stealth Rock
|
|upkeep
|turn|2
|
|t:|1758270475
|move|p2a: Deoxys|Stealth Rock|p1a: Kleavor
|-sidestart|p1: assssh|move: Stealth Rock
|move|p1a: Kleavor|Stone Axe|p2a: Deoxys
|-damage|p2a: Deoxys|0 fnt
|faint|p2a: Deoxys
|
|upkeep
|
|t:|1758270478
|switch|p2a: Great Tusk|Great Tusk|100/100
|-damage|p2a: Great Tusk|98/100|[from] Stealth Rock
|-enditem|p2a: Great Tusk|Booster Energy
|-activate|p2a: Great Tusk|ability: Protosynthesis|[fromitem]
|-start|p2a: Great Tusk|protosynthesisatk
|turn|3
|
|t:|1758270486
|switch|p1a: Gholdengo|Gholdengo|100/100
|-damage|p1a: Gholdengo|94/100|[from] Stealth Rock
|move|p2a: Great Tusk|Ice Spinner|p1a: Gholdengo
|-resisted|p1a: Gholdengo
|-damage|p1a: Gholdengo|72/100
|
|upkeep
|turn|4
|
|t:|1758270494
|-terastallize|p1a: Gholdengo|Flying
|-terastallize|p2a: Great Tusk|Fire
|move|p1a: Gholdengo|Shadow Ball|p2a: Great Tusk
|-damage|p2a: Great Tusk|42/100
|move|p2a: Great Tusk|Headlong Rush|p1a: Gholdengo
|-immune|p1a: Gholdengo
|
|upkeep
|turn|5
|
|t:|1758270502
|move|p1a: Gholdengo|Shadow Ball|p2a: Great Tusk
|-damage|p2a: Great Tusk|0 fnt
|faint|p2a: Great Tusk
|-end|p2a: Great Tusk|Protosynthesis|[silent]
|
|upkeep
|
|t:|1758270509
|switch|p2a: Darkrai|Darkrai|100/100
|-damage|p2a: Darkrai|88/100|[from] Stealth Rock
|turn|6
|
|t:|1758270511
|switch|p1a: Garganacl|Garganacl, M|100/100
|-damage|p1a: Garganacl|88/100|[from] Stealth Rock
|move|p2a: Darkrai|Ice Beam|p1a: Garganacl
|-damage|p1a: Garganacl|61/100
|-damage|p2a: Darkrai|78/100|[from] item: Life Orb
|
|-heal|p1a: Garganacl|67/100|[from] item: Leftovers
|upkeep
|turn|7
|
|t:|1758270516
|move|p2a: Darkrai|Focus Blast|p1a: Garganacl
|-supereffective|p1a: Garganacl
|-damage|p1a: Garganacl|0 fnt
|faint|p1a: Garganacl
|-damage|p2a: Darkrai|68/100|[from] item: Life Orb
|
|upkeep
|
|t:|1758270523
|switch|p1a: Gholdengo|Gholdengo, tera:Flying|72/100
|-damage|p1a: Gholdengo|47/100|[from] Stealth Rock
|turn|8
|
|t:|1758270528
|move|p1a: Gholdengo|Focus Blast|p2a: Darkrai
|-supereffective|p2a: Darkrai
|-damage|p2a: Darkrai|0 fnt
|faint|p2a: Darkrai
|
|upkeep
|
|t:|1758270534
|switch|p2a: Gholdengo|Gholdengo|100/100
|-damage|p2a: Gholdengo|94/100|[from] Stealth Rock
|-item|p2a: Gholdengo|Air Balloon
|turn|9
|
|t:|1758270538
|switch|p1a: Kleavor|Kleavor, F|100/100 par
|-damage|p1a: Kleavor|76/100 par|[from] Stealth Rock
|move|p2a: Gholdengo|Substitute|p2a: Gholdengo
|-start|p2a: Gholdengo|Substitute
|-damage|p2a: Gholdengo|70/100
|
|upkeep
|turn|10
|
|t:|1758270545
|move|p2a: Gholdengo|Nasty Plot|p2a: Gholdengo
|-boost|p2a: Gholdengo|spa|2
|move|p1a: Kleavor|Stone Axe|p2a: Gholdengo
|-resisted|p2a: Gholdengo
|-end|p2a: Gholdengo|Substitute
|-enditem|p2a: Gholdengo|Air Balloon
|
|upkeep
|turn|11
|
|t:|1758270552
|move|p2a: Gholdengo|Substitute|p2a: Gholdengo
|-start|p2a: Gholdengo|Substitute
|-damage|p2a: Gholdengo|45/100
|move|p1a: Kleavor|Stone Axe|p2a: Gholdengo
|-resisted|p2a: Gholdengo
|-end|p2a: Gholdengo|Substitute
|
|upkeep
|turn|12
|
|t:|1758270558
|move|p2a: Gholdengo|Substitute|p2a: Gholdengo
|-start|p2a: Gholdengo|Substitute
|-damage|p2a: Gholdengo|20/100
|move|p1a: Kleavor|Stone Axe|p2a: Gholdengo
|-resisted|p2a: Gholdengo
|-end|p2a: Gholdengo|Substitute
|
|upkeep
|turn|13
|
|t:|1758270566
|move|p2a: Gholdengo|Make It Rain|p1a: Kleavor
|-supereffective|p1a: Kleavor
|-damage|p1a: Kleavor|0 fnt
|-unboost|p2a: Gholdengo|spa|1
|faint|p1a: Kleavor
|
|upkeep
|
|t:|1758270580
|switch|p1a: Gholdengo|Gholdengo, tera:Flying|47/100
|-damage|p1a: Gholdengo|22/100|[from] Stealth Rock
|turn|14
|
|t:|1758270587
|move|p1a: Gholdengo|Shadow Ball|p2a: Gholdengo
|-supereffective|p2a: Gholdengo
|-crit|p2a: Gholdengo
|-damage|p2a: Gholdengo|0 fnt
|faint|p2a: Gholdengo
|
|upkeep
|
|t:|1758270589
|switch|p2a: Dragonite|Dragonite, F|100/100
|-damage|p2a: Dragonite|76/100|[from] Stealth Rock
|turn|15
|
|t:|1758270601
|switch|p1a: Zapdos|Zapdos|100/100
|move|p2a: Dragonite|Scale Shot|p1a: Zapdos
|-damage|p1a: Zapdos|90/100
|-damage|p1a: Zapdos|80/100
|-damage|p1a: Zapdos|69/100
|-damage|p1a: Zapdos|58/100
|-hitcount|p1a: Zapdos|4
|-unboost|p2a: Dragonite|def|1
|-boost|p2a: Dragonite|spe|1
|
|upkeep
|turn|16
|
|t:|1758270611
|move|p2a: Dragonite|Dragon Dance|p2a: Dragonite
|-boost|p2a: Dragonite|atk|1
|-boost|p2a: Dragonite|spe|1
|move|p1a: Zapdos|Roost|p1a: Zapdos
|-heal|p1a: Zapdos|100/100
|-singleturn|p1a: Zapdos|move: Roost
|
|upkeep
|turn|17
|
|t:|1758270616
|move|p2a: Dragonite|Scale Shot|p1a: Zapdos|[miss]
|-miss|p2a: Dragonite|p1a: Zapdos
|move|p1a: Zapdos|Discharge|p2a: Dragonite
|-damage|p2a: Dragonite|42/100
|-status|p2a: Dragonite|par
|
|upkeep
|turn|18
|
|t:|1758270619
|move|p2a: Dragonite|Scale Shot|p1a: Zapdos
|-damage|p1a: Zapdos|84/100
|-damage|p1a: Zapdos|68/100
|-damage|p1a: Zapdos|54/100
|-damage|p1a: Zapdos|38/100
|-damage|p1a: Zapdos|21/100
|-hitcount|p1a: Zapdos|5
|-unboost|p2a: Dragonite|def|1
|-boost|p2a: Dragonite|spe|1
|move|p1a: Zapdos|Discharge|p2a: Dragonite
|-damage|p2a: Dragonite|9/100 par
|
|upkeep
|turn|19
|
|t:|1758270631
|move|p2a: Dragonite|Extreme Speed|p1a: Zapdos
|-damage|p1a: Zapdos|0 fnt
|faint|p1a: Zapdos
|
|upkeep
|
|t:|1758270635
|switch|p1a: Dragonite|Dragonite, F|100/100
|turn|20
|
|t:|1758270642
|move|p2a: Dragonite|Extreme Speed|p1a: Dragonite
|-damage|p1a: Dragonite|74/100
|move|p1a: Dragonite|Extreme Speed|p2a: Dragonite
|-damage|p2a: Dragonite|0 fnt
|faint|p2a: Dragonite
|
|upkeep
|
|t:|1758270647
|switch|p2a: Meowscarada|Meowscarada, F|100/100
|-damage|p2a: Meowscarada|88/100|[from] Stealth Rock
|turn|21
|
|t:|1758270651
|move|p1a: Dragonite|Extreme Speed|p2a: Meowscarada
|-crit|p2a: Meowscarada
|-damage|p2a: Meowscarada|21/100
|move|p2a: Meowscarada|Triple Axel|p1a: Dragonite
|-start|p2a: Meowscarada|typechange|Ice|[from] ability: Protean
|-supereffective|p1a: Dragonite
|-damage|p1a: Dragonite|15/100
|-supereffective|p1a: Dragonite
|-damage|p1a: Dragonite|0 fnt
|faint|p1a: Dragonite
|-hitcount|p1: Dragonite|2
|
|upkeep
|
|t:|1758270656
|switch|p1a: Great Tusk|Great Tusk|100/100
|-damage|p1a: Great Tusk|98/100|[from] Stealth Rock
|-enditem|p1a: Great Tusk|Booster Energy
|-activate|p1a: Great Tusk|ability: Protosynthesis|[fromitem]
|-start|p1a: Great Tusk|protosynthesisatk
|turn|22
|
|t:|1758270665
|move|p2a: Meowscarada|Triple Axel|p1a: Great Tusk
|-supereffective|p1a: Great Tusk
|-damage|p1a: Great Tusk|78/100
|-supereffective|p1a: Great Tusk
|-damage|p1a: Great Tusk|38/100
|-supereffective|p1a: Great Tusk
|-damage|p1a: Great Tusk|0 fnt
|faint|p1a: Great Tusk
|-end|p1a: Great Tusk|Protosynthesis|[silent]
|-hitcount|p1: Great Tusk|3
|
|upkeep
|
|t:|1758270668
|switch|p1a: Gholdengo|Gholdengo, tera:Flying|22/100
|-damage|p1a: Gholdengo|0 fnt|[from] Stealth Rock
|faint|p1a: Gholdengo
|
|win|pr.iyanshu768500
|raw|assssh's rating: 1443 &rarr; <strong>1421</strong><br />(-22 for losing)
|raw|pr.iyanshu768500's rating: 1400 &rarr; <strong>1422</strong><br />(+22 for winning)
|c|☆pr.iyanshu768500|gg
|l|☆pr.iyanshu768500
|player|p2|
|l|☆assssh
|player|p1|
