|j|☆flygonisdragon
|j|☆oreoinabox
|t:|1758336188
|gametype|singles
|player|p1|flygonisdragon|serena-masters|1646
|player|p2|oreoinabox|170|1587
|gen|9
|tier|[Gen 9] OU
|rated|
|rule|HP Percentage Mod: HP is shown in percentages
|rule|Endless Battle Clause: Forcing endless battles is banned
|rule|Species Clause: Limit one of each Pokémon
|rule|OHKO Clause: OHKO moves are banned
|rule|Evasion Items Clause: Evasion items are banned
|rule|Evasion Moves Clause: Evasion moves are banned
|rule|Evasion Abilities Clause: Evasion abilities are banned
|rule|Sleep Moves Clause: Sleep-inducing moves are banned
|clearpoke
|poke|p1|Volcanion|
|poke|p1|Metagross|
|poke|p1|Zamazenta-*|
|poke|p1|Weezing-Galar, F|
|poke|p1|Regidrago|
|poke|p1|Rillaboom, F|
|poke|p2|Iron Thorns|
|poke|p2|Araquanid, F|
|poke|p2|Blastoise, M|
|poke|p2|Corviknight, M|
|poke|p2|Meowscarada, M|
|poke|p2|Great Tusk|
|teampreview
|inactive|Battle timer is ON: inactive players will automatically lose when time's up. (requested by oreoinabox)
|
|t:|1758336194
|teamsize|p1|6
|teamsize|p2|6
|start
|switch|p1a: Regidrago|Regidrago|100/100
|switch|p2a: Araquanid|Araquanid, F|100/100
|turn|1
|
|t:|1758336199
|move|p1a: Regidrago|Dragon Energy|p2a: Araquanid
|-enditem|p2a: Araquanid|Focus Sash
|-damage|p2a: Araquanid|1/100
|move|p2a: Araquanid|Sticky Web|p1a: Regidrago
|-sidestart|p1: flygonisdragon|move: Sticky Web
|
|upkeep
|turn|2
|
|t:|1758336204
|move|p1a: Regidrago|Dragon Energy|p2a: Araquanid
|-damage|p2a: Araquanid|0 fnt
|faint|p2a: Araquanid
|
|upkeep
|
|t:|1758336215
|switch|p2a: Corviknight|Corviknight, M|100/100
|-ability|p2a: Corviknight|Pressure
|turn|3
|
|t:|1758336218
|move|p1a: Regidrago|Dragon Energy|p2a: Corviknight
|-resisted|p2a: Corviknight
|-damage|p2a: Corviknight|44/100
|move|p2a: Corviknight|Brave Bird|p1a: Regidrago
|-damage|p1a: Regidrago|61/100
|-damage|p2a: Corviknight|26/100|[from] Recoil
|
|upkeep
|turn|4
|
|t:|1758336221
|move|p1a: Regidrago|Dragon Energy|p2a: Corviknight
|-resisted|p2a: Corviknight
|-damage|p2a: Corviknight|0 fnt
|faint|p2a: Corviknight
|
|upkeep
|
|t:|1758336232
|switch|p2a: Great Tusk|Great Tusk|100/100
|turn|5
|
|t:|1758336235
|switch|p1a: Rillaboom|Rillaboom, F|100/100
|-activate|p1a: Rillaboom|move: Sticky Web
|-unboost|p1a: Rillaboom|spe|1
|-fieldstart|move: Grassy Terrain|[from] ability: Grassy Surge|[of] p1a: Rillaboom
|move|p2a: Great Tusk|Rapid Spin|p1a: Rillaboom
|-damage|p1a: Rillaboom|83/100
|-boost|p2a: Great Tusk|spe|1
|
|-heal|p1a: Rillaboom|89/100|[from] Grassy Terrain
|upkeep
|turn|6
|
|t:|1758336244
|-terastallize|p2a: Great Tusk|Grass
|move|p1a: Rillaboom|Grassy Glide|p2a: Great Tusk
|-resisted|p2a: Great Tusk
|-damage|p2a: Great Tusk|87/100
|move|p2a: Great Tusk|Ice Spinner|p1a: Rillaboom
|-supereffective|p1a: Rillaboom
|-damage|p1a: Rillaboom|35/100
|-fieldend|move: Grassy Terrain
|
|upkeep
|turn|7
|
|t:|1758336261
|move|p2a: Great Tusk|Ice Spinner|p1a: Rillaboom
|-supereffective|p1a: Rillaboom
|-damage|p1a: Rillaboom|0 fnt
|faint|p1a: Rillaboom
|
|upkeep
|
|t:|1758336279
|switch|p1a: Zamazenta|Zamazenta|100/100
|-activate|p1a: Zamazenta|move: Sticky Web
|-unboost|p1a: Zamazenta|spe|1
|-ability|p1a: Zamazenta|Dauntless Shield|boost
|-boost|p1a: Zamazenta|def|1
|turn|8
|inactive|oreoinabox has 120 seconds left.
|
|t:|1758336311
|-end|p2a: Great Tusk|Protosynthesis|[silent]
|switch|p2a: Iron Thorns|Iron Thorns|100/100
|-enditem|p2a: Iron Thorns|Booster Energy
|-activate|p2a: Iron Thorns|ability: Quark Drive|[fromitem]
|-start|p2a: Iron Thorns|quarkdriveatk
|move|p1a: Zamazenta|Iron Defense|p1a: Zamazenta
|-boost|p1a: Zamazenta|def|2
|
|upkeep
|turn|9
|
|t:|1758336320
|move|p1a: Zamazenta|Body Press|p2a: Iron Thorns
|-supereffective|p2a: Iron Thorns
|-damage|p2a: Iron Thorns|0 fnt
|faint|p2a: Iron Thorns
|-end|p2a: Iron Thorns|Quark Drive|[silent]
|
|upkeep
|
|t:|1758336326
|switch|p2a: Blastoise|Blastoise, M|100/100
|turn|10
|inactive|flygonisdragon has 120 seconds left.
|inactive|flygonisdragon has 90 seconds left.
|
|t:|1758336395
|move|p1a: Zamazenta|Body Press|p2a: Blastoise
|-damage|p2a: Blastoise|0 fnt
|faint|p2a: Blastoise
|
|upkeep
|-message|oreoinabox forfeited.
|
|win|flygonisdragon
|raw|flygonisdragon's rating: 1646 &rarr; <strong>1663</strong><br />(+17 for winning)
|raw|oreoinabox's rating: 1587 &rarr; <strong>1570</strong><br />(-17 for losing)
|l|☆oreoinabox
|player|p2|
|l|☆flygonisdragon
|player|p1|
