|j|☆zeqiangtian
|j|☆aluolingd
|t:|1758265228
|gametype|singles
|player|p1|zeqiangtian|102|1095
|player|p2|aluolingd|170|1073
|gen|9
|tier|[Gen 9] OU
|rated|
|rule|HP Percentage Mod: HP is shown in percentages
|rule|Endless Battle Clause: Forcing endless battles is banned
|rule|Species Clause: Limit one of each Pokémon
|rule|OHKO Clause: OHKO moves are banned
|rule|Evasion Items Clause: Evasion items are banned
|rule|Evasion Moves Clause: Evasion moves are banned
|rule|Evasion Abilities Clause: Evasion abilities are banned
|rule|Sleep Moves Clause: Sleep-inducing moves are banned
|clearpoke
|poke|p1|Incineroar, F|
|poke|p1|Gliscor, F|
|poke|p1|Garganacl, M|
|poke|p1|Ogerpon-Wellspring, F|
|poke|p1|Toxapex, F|
|poke|p1|Corviknight, M|
|poke|p2|Enamorus, F|
|poke|p2|Landorus-Therian, M|
|poke|p2|Heatran, M|
|poke|p2|Ting-Lu|
|poke|p2|Meowscarada, F|
|poke|p2|Dondozo, M|
|teampreview
|
|t:|1758265242
|teamsize|p1|6
|teamsize|p2|6
|start
|switch|p1a: Toxapex|Toxapex, F|100/100
|switch|p2a: Ting-Lu|Ting-Lu|100/100
|-ability|p2a: Ting-Lu|Vessel of Ruin
|turn|1
|
|t:|1758265252
|move|p2a: Ting-Lu|Spikes|p1a: Toxapex
|-sidestart|p1: zeqiangtian|Spikes
|move|p1a: Toxapex|Toxic|p2a: Ting-Lu
|-status|p2a: Ting-Lu|tox
|
|-damage|p2a: Ting-Lu|94/100 tox|[from] psn
|upkeep
|turn|2
|
|t:|1758265259
|move|p2a: Ting-Lu|Stealth Rock|p1a: Toxapex
|-sidestart|p1: zeqiangtian|move: Stealth Rock
|move|p1a: Toxapex|Substitute|p1a: Toxapex
|-start|p1a: Toxapex|Substitute
|-damage|p1a: Toxapex|76/100
|
|-heal|p2a: Ting-Lu|100/100 tox|[from] item: Leftovers
|-heal|p1a: Toxapex|82/100|[from] item: Black Sludge
|-damage|p2a: Ting-Lu|88/100 tox|[from] psn
|upkeep
|turn|3
|
|t:|1758265274
|move|p1a: Toxapex|Pain Split|p2a: Ting-Lu
|-sethp|p2a: Ting-Lu|63/100 tox|[from] move: Pain Split|[silent]
|-sethp|p1a: Toxapex|100/100|[from] move: Pain Split
|move|p2a: Ting-Lu|Whirlwind|p1a: Toxapex
|drag|p1a: Gliscor|Gliscor, F|100/100
|-damage|p1a: Gliscor|88/100|[from] Stealth Rock
|
|-heal|p2a: Ting-Lu|70/100 tox|[from] item: Leftovers
|-damage|p2a: Ting-Lu|51/100 tox|[from] psn
|-status|p1a: Gliscor|tox|[from] item: Toxic Orb
|upkeep
|turn|4
|
|t:|1758265293
|switch|p2a: Meowscarada|Meowscarada, F|100/100
|move|p1a: Gliscor|Knock Off|p2a: Meowscarada
|-resisted|p2a: Meowscarada
|-damage|p2a: Meowscarada|83/100
|-enditem|p2a: Meowscarada|Heavy-Duty Boots|[from] move: Knock Off|[of] p1a: Gliscor
|
|-heal|p1a: Gliscor|100/100 tox|[from] ability: Poison Heal
|upkeep
|turn|5
|
|t:|1758265302
|move|p2a: Meowscarada|Flower Trick|p1a: Gliscor
|-start|p2a: Meowscarada|typechange|Grass|[from] ability: Protean
|-crit|p1a: Gliscor
|-damage|p1a: Gliscor|63/100 tox
|move|p1a: Gliscor|Toxic|p2a: Meowscarada
|-status|p2a: Meowscarada|tox
|
|-damage|p2a: Meowscarada|77/100 tox|[from] psn
|-heal|p1a: Gliscor|76/100 tox|[from] ability: Poison Heal
|upkeep
|turn|6
|
|t:|1758265318
|move|p1a: Gliscor|Protect|p1a: Gliscor
|-singleturn|p1a: Gliscor|Protect
|move|p2a: Meowscarada|Knock Off|p1a: Gliscor
|-activate|p1a: Gliscor|move: Protect
|
|-damage|p2a: Meowscarada|64/100 tox|[from] psn
|-heal|p1a: Gliscor|88/100 tox|[from] ability: Poison Heal
|upkeep
|turn|7
|
|t:|1758265326
|move|p2a: Meowscarada|Knock Off|p1a: Gliscor
|-damage|p1a: Gliscor|65/100 tox
|-enditem|p1a: Gliscor|Toxic Orb|[from] move: Knock Off|[of] p2a: Meowscarada
|move|p1a: Gliscor|Substitute|p1a: Gliscor
|-start|p1a: Gliscor|Substitute
|-damage|p1a: Gliscor|40/100 tox
|
|-damage|p2a: Meowscarada|46/100 tox|[from] psn
|-heal|p1a: Gliscor|52/100 tox|[from] ability: Poison Heal
|upkeep
|turn|8
|
|t:|1758265337
|switch|p2a: Ting-Lu|Ting-Lu|51/100 tox
|-ability|p2a: Ting-Lu|Vessel of Ruin
|move|p1a: Gliscor|Protect||[still]
|-fail|p1a: Gliscor
|
|-heal|p2a: Ting-Lu|57/100 tox|[from] item: Leftovers
|-heal|p1a: Gliscor|65/100 tox|[from] ability: Poison Heal
|-damage|p2a: Ting-Lu|51/100 tox|[from] psn
|upkeep
|turn|9
|inactive|Battle timer is ON: inactive players will automatically lose when time's up. (requested by aluolingd)
|
|t:|1758265349
|move|p1a: Gliscor|Knock Off|p2a: Ting-Lu
|-resisted|p2a: Ting-Lu
|-damage|p2a: Ting-Lu|45/100 tox
|-enditem|p2a: Ting-Lu|Leftovers|[from] move: Knock Off|[of] p1a: Gliscor
|move|p2a: Ting-Lu|Whirlwind|p1a: Gliscor
|drag|p1a: Corviknight|Corviknight, M|100/100
|-damage|p1a: Corviknight|88/100|[from] Stealth Rock
|
|-damage|p2a: Ting-Lu|33/100 tox|[from] psn
|upkeep
|turn|10
|
|t:|1758265363
|move|p1a: Corviknight|Defog|p2a: Ting-Lu
|-unboost|p2a: Ting-Lu|evasion|1
|-sideend|p1: zeqiangtian|Spikes|[from] move: Defog|[of] p1a: Corviknight
|-sideend|p1: zeqiangtian|Stealth Rock|[from] move: Defog|[of] p1a: Corviknight
|move|p2a: Ting-Lu|Whirlwind|p1a: Corviknight
|drag|p1a: Toxapex|Toxapex, F|100/100
|
|-damage|p2a: Ting-Lu|14/100 tox|[from] psn
|upkeep
|turn|11
|
|t:|1758265373
|move|p2a: Ting-Lu|Spikes|p1a: Toxapex
|-sidestart|p1: zeqiangtian|Spikes
|move|p1a: Toxapex|Substitute|p1a: Toxapex
|-start|p1a: Toxapex|Substitute
|-damage|p1a: Toxapex|76/100
|
|-heal|p1a: Toxapex|82/100|[from] item: Black Sludge
|-damage|p2a: Ting-Lu|0 fnt|[from] psn
|faint|p2a: Ting-Lu
|upkeep
|
|t:|1758265393
|switch|p2a: Meowscarada|Meowscarada, F|46/100 tox
|turn|12
|
|t:|1758265405
|move|p2a: Meowscarada|Flower Trick|p1a: Toxapex
|-start|p2a: Meowscarada|typechange|Grass|[from] ability: Protean
|-crit|p1a: Toxapex
|-end|p1a: Toxapex|Substitute
|move|p1a: Toxapex|Haze|p1a: Toxapex
|-clearallboost
|
|-heal|p1a: Toxapex|88/100|[from] item: Black Sludge
|-damage|p2a: Meowscarada|40/100 tox|[from] psn
|upkeep
|turn|13
|
|t:|1758265416
|move|p2a: Meowscarada|Flower Trick|p1a: Toxapex
|-crit|p1a: Toxapex
|-damage|p1a: Toxapex|48/100
|move|p1a: Toxapex|Substitute|p1a: Toxapex
|-start|p1a: Toxapex|Substitute
|-damage|p1a: Toxapex|24/100
|
|-heal|p1a: Toxapex|30/100|[from] item: Black Sludge
|-damage|p2a: Meowscarada|27/100 tox|[from] psn
|upkeep
|turn|14
|
|t:|1758265426
|move|p2a: Meowscarada|Flower Trick|p1a: Toxapex
|-crit|p1a: Toxapex
|-end|p1a: Toxapex|Substitute
|move|p1a: Toxapex|Pain Split|p2a: Meowscarada
|-sethp|p2a: Meowscarada|26/100 tox|[from] move: Pain Split|[silent]
|-sethp|p1a: Toxapex|31/100|[from] move: Pain Split
|
|-heal|p1a: Toxapex|38/100|[from] item: Black Sludge
|-damage|p2a: Meowscarada|8/100 tox|[from] psn
|upkeep
|turn|15
|
|t:|1758265445
|switch|p1a: Corviknight|Corviknight, M|88/100
|move|p2a: Meowscarada|Flower Trick|p1a: Corviknight
|-resisted|p1a: Corviknight
|-crit|p1a: Corviknight
|-damage|p1a: Corviknight|80/100
|
|-damage|p2a: Meowscarada|0 fnt|[from] psn
|faint|p2a: Meowscarada
|upkeep
|
|t:|1758265454
|switch|p2a: Enamorus|Enamorus, F|100/100
|turn|16
|
|t:|1758265460
|move|p2a: Enamorus|Superpower|p1a: Corviknight
|-damage|p1a: Corviknight|54/100
|-boost|p2a: Enamorus|atk|1
|-boost|p2a: Enamorus|def|1
|-damage|p2a: Enamorus|84/100|[from] item: Rocky Helmet|[of] p1a: Corviknight
|move|p1a: Corviknight|Defog|p2a: Enamorus
|-boost|p2a: Enamorus|evasion|1
|-sideend|p1: zeqiangtian|Spikes|[from] move: Defog|[of] p1a: Corviknight
|
|upkeep
|turn|17
|
|t:|1758265477
|move|p2a: Enamorus|Superpower|p1a: Corviknight
|-damage|p1a: Corviknight|16/100
|-boost|p2a: Enamorus|atk|1
|-boost|p2a: Enamorus|def|1
|-damage|p2a: Enamorus|67/100|[from] item: Rocky Helmet|[of] p1a: Corviknight
|move|p1a: Corviknight|U-turn|p2a: Enamorus
|-resisted|p2a: Enamorus
|-damage|p2a: Enamorus|65/100
|
|t:|1758265490
|switch|p1a: Toxapex|Toxapex, F|71/100|[from] U-turn
|
|-heal|p1a: Toxapex|77/100|[from] item: Black Sludge
|upkeep
|turn|18
|
|t:|1758265499
|move|p2a: Enamorus|Taunt|p1a: Toxapex
|-start|p1a: Toxapex|move: Taunt
|cant|p1a: Toxapex|move: Taunt|Haze
|
|-heal|p1a: Toxapex|83/100|[from] item: Black Sludge
|upkeep
|turn|19
|
|t:|1758265517
|switch|p1a: Gliscor|Gliscor, F|65/100 tox
|move|p2a: Enamorus|Superpower|p1a: Gliscor
|-resisted|p1a: Gliscor
|-damage|p1a: Gliscor|36/100 tox
|-boost|p2a: Enamorus|atk|1
|-boost|p2a: Enamorus|def|1
|
|-heal|p1a: Gliscor|48/100 tox|[from] ability: Poison Heal
|upkeep
|turn|20
|
|t:|1758265529
|move|p1a: Gliscor|Protect|p1a: Gliscor
|-singleturn|p1a: Gliscor|Protect
|move|p2a: Enamorus|Superpower|p1a: Gliscor
|-activate|p1a: Gliscor|move: Protect
|
|-heal|p1a: Gliscor|61/100 tox|[from] ability: Poison Heal
|upkeep
|turn|21
|
|t:|1758265536
|move|p2a: Enamorus|Superpower|p1a: Gliscor
|-resisted|p1a: Gliscor
|-damage|p1a: Gliscor|25/100 tox
|-boost|p2a: Enamorus|atk|1
|-boost|p2a: Enamorus|def|1
|move|p1a: Gliscor|Toxic|p2a: Enamorus
|-status|p2a: Enamorus|tox
|
|-damage|p2a: Enamorus|58/100 tox|[from] psn
|-heal|p1a: Gliscor|38/100 tox|[from] ability: Poison Heal
|upkeep
|turn|22
|
|t:|1758265546
|move|p1a: Gliscor|Protect|p1a: Gliscor
|-singleturn|p1a: Gliscor|Protect
|move|p2a: Enamorus|Taunt|p1a: Gliscor
|-activate|p1a: Gliscor|move: Protect
|
|-damage|p2a: Enamorus|46/100 tox|[from] psn
|-heal|p1a: Gliscor|50/100 tox|[from] ability: Poison Heal
|upkeep
|turn|23
|
|t:|1758265554
|move|p1a: Gliscor|Protect|p1a: Gliscor
|-singleturn|p1a: Gliscor|Protect
|move|p2a: Enamorus|Superpower|p1a: Gliscor
|-activate|p1a: Gliscor|move: Protect
|
|-damage|p2a: Enamorus|27/100 tox|[from] psn
|-heal|p1a: Gliscor|62/100 tox|[from] ability: Poison Heal
|upkeep
|turn|24
|
|t:|1758265567
|move|p1a: Gliscor|Protect||[still]
|-fail|p1a: Gliscor
|move|p2a: Enamorus|Superpower|p1a: Gliscor
|-resisted|p1a: Gliscor
|-damage|p1a: Gliscor|22/100 tox
|-boost|p2a: Enamorus|atk|1
|-boost|p2a: Enamorus|def|1
|
|-damage|p2a: Enamorus|2/100 tox|[from] psn
|-heal|p1a: Gliscor|34/100 tox|[from] ability: Poison Heal
|upkeep
|turn|25
|
|t:|1758265584
|move|p1a: Gliscor|Protect|p1a: Gliscor
|-singleturn|p1a: Gliscor|Protect
|move|p2a: Enamorus|Superpower|p1a: Gliscor
|-activate|p1a: Gliscor|move: Protect
|
|-damage|p2a: Enamorus|0 fnt|[from] psn
|faint|p2a: Enamorus
|-heal|p1a: Gliscor|47/100 tox|[from] ability: Poison Heal
|upkeep
|
|t:|1758265599
|switch|p2a: Heatran|Heatran, M|100/100
|turn|26
|
|t:|1758265609
|move|p2a: Heatran|Will-O-Wisp|p1a: Gliscor|[miss]
|-miss|p2a: Heatran|p1a: Gliscor
|move|p1a: Gliscor|Knock Off|p2a: Heatran
|-damage|p2a: Heatran|79/100
|-enditem|p2a: Heatran|Leftovers|[from] move: Knock Off|[of] p1a: Gliscor
|
|-heal|p1a: Gliscor|59/100 tox|[from] ability: Poison Heal
|upkeep
|turn|27
|
|t:|1758265617
|move|p1a: Gliscor|Protect|p1a: Gliscor
|-singleturn|p1a: Gliscor|Protect
|move|p2a: Heatran|Will-O-Wisp|p1a: Gliscor
|-activate|p1a: Gliscor|move: Protect
|
|-heal|p1a: Gliscor|71/100 tox|[from] ability: Poison Heal
|upkeep
|turn|28
|
|t:|1758265636
|move|p2a: Heatran|Will-O-Wisp|p1a: Gliscor|[miss]
|-miss|p2a: Heatran|p1a: Gliscor
|move|p1a: Gliscor|Knock Off|p2a: Heatran
|-damage|p2a: Heatran|65/100
|
|-heal|p1a: Gliscor|84/100 tox|[from] ability: Poison Heal
|upkeep
|turn|29
|
|t:|1758265655
|move|p2a: Heatran|Will-O-Wisp||[still]
|-fail|p2a: Heatran
|move|p1a: Gliscor|Knock Off|p2a: Heatran
|-damage|p2a: Heatran|50/100
|
|-heal|p1a: Gliscor|96/100 tox|[from] ability: Poison Heal
|upkeep
|turn|30
|
|t:|1758265663
|move|p2a: Heatran|Magma Storm|p1a: Gliscor
|-damage|p1a: Gliscor|33/100 tox
|-activate|p1a: Gliscor|move: Magma Storm|[of] p2a: Heatran
|move|p1a: Gliscor|Knock Off|p2a: Heatran
|-damage|p2a: Heatran|35/100
|
|-heal|p1a: Gliscor|45/100 tox|[from] ability: Poison Heal
|-damage|p1a: Gliscor|33/100 tox|[from] move: Magma Storm|[partiallytrapped]
|upkeep
|turn|31
|
|t:|1758265672
|move|p1a: Gliscor|Protect|p1a: Gliscor
|-singleturn|p1a: Gliscor|Protect
|move|p2a: Heatran|Taunt|p1a: Gliscor
|-activate|p1a: Gliscor|move: Protect
|
|-heal|p1a: Gliscor|45/100 tox|[from] ability: Poison Heal
|-damage|p1a: Gliscor|33/100 tox|[from] move: Magma Storm|[partiallytrapped]
|upkeep
|turn|32
|
|t:|1758265683
|move|p1a: Gliscor|Protect|p1a: Gliscor
|-singleturn|p1a: Gliscor|Protect
|move|p2a: Heatran|Magma Storm|p1a: Gliscor
|-activate|p1a: Gliscor|move: Protect
|
|-heal|p1a: Gliscor|45/100 tox|[from] ability: Poison Heal
|-damage|p1a: Gliscor|33/100 tox|[from] move: Magma Storm|[partiallytrapped]
|upkeep
|turn|33
|
|t:|1758265693
|move|p2a: Heatran|Magma Storm|p1a: Gliscor|[miss]
|-miss|p2a: Heatran|p1a: Gliscor
|move|p1a: Gliscor|Knock Off|p2a: Heatran
|-damage|p2a: Heatran|21/100
|
|-heal|p1a: Gliscor|45/100 tox|[from] ability: Poison Heal
|-damage|p1a: Gliscor|33/100 tox|[from] move: Magma Storm|[partiallytrapped]
|upkeep
|turn|34
|
|t:|1758265701
|move|p1a: Gliscor|Protect|p1a: Gliscor
|-singleturn|p1a: Gliscor|Protect
|move|p2a: Heatran|Magma Storm|p1a: Gliscor
|-activate|p1a: Gliscor|move: Protect
|
|-heal|p1a: Gliscor|45/100 tox|[from] ability: Poison Heal
|-end|p1a: Gliscor|Magma Storm|[partiallytrapped]
|upkeep
|turn|35
|
|t:|1758265715
|switch|p1a: Garganacl|Garganacl, M|100/100
|move|p2a: Heatran|Magma Storm|p1a: Garganacl
|-resisted|p1a: Garganacl
|-damage|p1a: Garganacl|76/100
|-activate|p1a: Garganacl|move: Magma Storm|[of] p2a: Heatran
|
|-heal|p1a: Garganacl|82/100|[from] item: Leftovers
|-damage|p1a: Garganacl|70/100|[from] move: Magma Storm|[partiallytrapped]
|upkeep
|turn|36
|
|t:|1758265726
|move|p2a: Heatran|Earth Power|p1a: Garganacl
|-supereffective|p1a: Garganacl
|-damage|p1a: Garganacl|9/100
|move|p1a: Garganacl|Salt Cure|p2a: Heatran
|-damage|p2a: Heatran|6/100
|-start|p2a: Heatran|Salt Cure
|
|-heal|p1a: Garganacl|15/100|[from] item: Leftovers
|-damage|p2a: Heatran|0 fnt|[from] Salt Cure
|faint|p2a: Heatran
|-end|p1a: Garganacl|Magma Storm|[partiallytrapped]|[silent]
|upkeep
|
|t:|1758265733
|switch|p2a: Landorus|Landorus-Therian, M|100/100
|-ability|p2a: Landorus|Intimidate|boost
|-unboost|p1a: Garganacl|atk|1
|turn|37
|
|t:|1758265743
|switch|p1a: Corviknight|Corviknight, M|16/100
|move|p2a: Landorus|Earthquake|p1a: Corviknight
|-immune|p1a: Corviknight
|
|upkeep
|turn|38
|
|t:|1758265749
|move|p2a: Landorus|U-turn|p1a: Corviknight
|-resisted|p1a: Corviknight
|-damage|p1a: Corviknight|12/100
|-damage|p2a: Landorus|84/100|[from] item: Rocky Helmet|[of] p1a: Corviknight
|
|t:|1758265753
|switch|p2a: Dondozo|Dondozo, M|100/100|[from] U-turn
|move|p1a: Corviknight|Roost|p1a: Corviknight
|-heal|p1a: Corviknight|62/100
|-singleturn|p1a: Corviknight|move: Roost
|
|upkeep
|turn|39
|
|t:|1758265762
|move|p1a: Corviknight|Roost|p1a: Corviknight
|-heal|p1a: Corviknight|100/100
|-singleturn|p1a: Corviknight|move: Roost
|move|p2a: Dondozo|Body Press|p1a: Corviknight
|-supereffective|p1a: Corviknight
|-damage|p1a: Corviknight|60/100
|-damage|p2a: Dondozo|84/100|[from] item: Rocky Helmet|[of] p1a: Corviknight
|
|-heal|p2a: Dondozo|90/100|[from] item: Leftovers
|upkeep
|turn|40
|
|t:|1758265772
|move|p1a: Corviknight|Roost|p1a: Corviknight
|-heal|p1a: Corviknight|100/100
|-singleturn|p1a: Corviknight|move: Roost
|move|p2a: Dondozo|Body Press|p1a: Corviknight
|-supereffective|p1a: Corviknight
|-damage|p1a: Corviknight|57/100
|-damage|p2a: Dondozo|73/100|[from] item: Rocky Helmet|[of] p1a: Corviknight
|
|-heal|p2a: Dondozo|79/100|[from] item: Leftovers
|upkeep
|turn|41
|
|t:|1758265785
|move|p1a: Corviknight|Roost|p1a: Corviknight
|-heal|p1a: Corviknight|100/100
|-singleturn|p1a: Corviknight|move: Roost
|move|p2a: Dondozo|Body Press|p1a: Corviknight
|-supereffective|p1a: Corviknight
|-damage|p1a: Corviknight|64/100
|-damage|p2a: Dondozo|63/100|[from] item: Rocky Helmet|[of] p1a: Corviknight
|
|-heal|p2a: Dondozo|69/100|[from] item: Leftovers
|upkeep
|turn|42
|
|t:|1758265807
|switch|p1a: Incineroar|Incineroar, F|100/100
|-ability|p1a: Incineroar|Intimidate|boost
|-unboost|p2a: Dondozo|atk|1
|move|p2a: Dondozo|Liquidation|p1a: Incineroar
|-supereffective|p1a: Incineroar
|-damage|p1a: Incineroar|65/100
|
|-heal|p1a: Incineroar|71/100|[from] item: Leftovers
|-heal|p2a: Dondozo|75/100|[from] item: Leftovers
|upkeep
|turn|43
|
|t:|1758265819
|move|p1a: Incineroar|Fake Out|p2a: Dondozo
|-damage|p2a: Dondozo|71/100
|cant|p2a: Dondozo|flinch
|
|-heal|p1a: Incineroar|77/100|[from] item: Leftovers
|-heal|p2a: Dondozo|77/100|[from] item: Leftovers
|upkeep
|turn|44
|
|t:|1758265827
|move|p1a: Incineroar|Knock Off|p2a: Dondozo
|-damage|p2a: Dondozo|59/100
|-enditem|p2a: Dondozo|Leftovers|[from] move: Knock Off|[of] p1a: Incineroar
|move|p2a: Dondozo|Liquidation|p1a: Incineroar
|-supereffective|p1a: Incineroar
|-damage|p1a: Incineroar|40/100
|
|-heal|p1a: Incineroar|46/100|[from] item: Leftovers
|upkeep
|turn|45
|
|t:|1758265842
|move|p1a: Incineroar|Parting Shot|p2a: Dondozo
|-unboost|p2a: Dondozo|atk|1
|-unboost|p2a: Dondozo|spa|1
|
|t:|1758265854
|switch|p1a: Ogerpon|Ogerpon-Wellspring, F|100/100|[from] Parting Shot
|move|p2a: Dondozo|Liquidation|p1a: Ogerpon
|-immune|p1a: Ogerpon|[from] ability: Water Absorb
|
|upkeep
|turn|46
|
|t:|1758265861
|move|p1a: Ogerpon|Swords Dance|p1a: Ogerpon
|-boost|p1a: Ogerpon|atk|2
|move|p2a: Dondozo|Rest|p2a: Dondozo
|-status|p2a: Dondozo|slp|[from] move: Rest
|-heal|p2a: Dondozo|100/100 slp|[silent]
|
|upkeep
|turn|47
|
|t:|1758265868
|switch|p2a: Landorus|Landorus-Therian, M|84/100
|-ability|p2a: Landorus|Intimidate|boost
|-unboost|p1a: Ogerpon|atk|1
|move|p1a: Ogerpon|Swords Dance|p1a: Ogerpon
|-boost|p1a: Ogerpon|atk|2
|
|upkeep
|turn|48
|
|t:|1758265877
|move|p1a: Ogerpon|Ivy Cudgel|p2a: Landorus|[anim] Ivy Cudgel Water
|-supereffective|p2a: Landorus
|-damage|p2a: Landorus|0 fnt
|faint|p2a: Landorus
|
|upkeep
|
|t:|1758265880
|switch|p2a: Dondozo|Dondozo, M|100/100 slp
|turn|49
|
|t:|1758265884
|-terastallize|p2a: Dondozo|Grass
|move|p1a: Ogerpon|Swords Dance|p1a: Ogerpon
|-boost|p1a: Ogerpon|atk|2
|cant|p2a: Dondozo|slp
|move|p2a: Dondozo|Sleep Talk|p2a: Dondozo
|move|p2a: Dondozo|Rest||[from] move: Sleep Talk|[still]
|-fail|p2a: Dondozo
|
|upkeep
|turn|50
|
|t:|1758265896
|move|p1a: Ogerpon|Swords Dance|p1a: Ogerpon
|-boost|p1a: Ogerpon|atk|1
|cant|p2a: Dondozo|slp
|move|p2a: Dondozo|Sleep Talk|p2a: Dondozo
|move|p2a: Dondozo|Rest||[from] move: Sleep Talk|[still]
|-fail|p2a: Dondozo
|
|upkeep
|turn|51
|inactive|aluolingd has 120 seconds left.
|inactive|aluolingd has 90 seconds left.
|
|t:|1758265958
|move|p1a: Ogerpon|Ivy Cudgel|p2a: Dondozo|[anim] Ivy Cudgel Water
|-resisted|p2a: Dondozo
|-damage|p2a: Dondozo|87/100 slp
|-curestatus|p2a: Dondozo|slp|[msg]
|move|p2a: Dondozo|Sleep Talk||[still]
|-fail|p2a: Dondozo
|
|upkeep
|turn|52
|
|t:|1758265968
|move|p1a: Ogerpon|Horn Leech|p2a: Dondozo
|-resisted|p2a: Dondozo
|-damage|p2a: Dondozo|76/100
|move|p2a: Dondozo|Body Press|p1a: Ogerpon
|-damage|p1a: Ogerpon|61/100
|
|upkeep
|turn|53
|
|t:|1758265976
|move|p1a: Ogerpon|Horn Leech|p2a: Dondozo
|-resisted|p2a: Dondozo
|-damage|p2a: Dondozo|65/100
|-heal|p1a: Ogerpon|71/100|[from] drain|[of] p2a: Dondozo
|move|p2a: Dondozo|Body Press|p1a: Ogerpon
|-damage|p1a: Ogerpon|32/100
|
|upkeep
|turn|54
|
|t:|1758265984
|move|p1a: Ogerpon|U-turn|p2a: Dondozo
|-supereffective|p2a: Dondozo
|-damage|p2a: Dondozo|37/100
|
|t:|1758265997
|switch|p1a: Toxapex|Toxapex, F|100/100|[from] U-turn
|move|p2a: Dondozo|Body Press|p1a: Toxapex
|-resisted|p1a: Toxapex
|-damage|p1a: Toxapex|90/100
|
|-heal|p1a: Toxapex|96/100|[from] item: Black Sludge
|upkeep
|turn|55
|
|t:|1758266007
|move|p1a: Toxapex|Toxic|p2a: Dondozo
|-status|p2a: Dondozo|tox
|move|p2a: Dondozo|Rest|p2a: Dondozo
|-status|p2a: Dondozo|slp|[from] move: Rest
|-heal|p2a: Dondozo|100/100 slp|[silent]
|
|-heal|p1a: Toxapex|100/100|[from] item: Black Sludge
|upkeep
|turn|56
|inactive|aluolingd has 120 seconds left.
|inactive|aluolingd has 90 seconds left.
|inactive|aluolingd has 60 seconds left.
|
|t:|1758266072
|switch|p1a: Garganacl|Garganacl, M|15/100
|cant|p2a: Dondozo|slp
|move|p2a: Dondozo|Sleep Talk|p2a: Dondozo
|move|p2a: Dondozo|Liquidation|p1a: Garganacl|[from] move: Sleep Talk
|-supereffective|p1a: Garganacl
|-damage|p1a: Garganacl|0 fnt
|faint|p1a: Garganacl
|
|upkeep
|
|t:|1758266089
|switch|p1a: Corviknight|Corviknight, M|64/100
|turn|57
|inactive|aluolingd has 60 seconds left.
|
|t:|1758266105
|move|p1a: Corviknight|Roost|p1a: Corviknight
|-heal|p1a: Corviknight|100/100
|-singleturn|p1a: Corviknight|move: Roost
|cant|p2a: Dondozo|slp
|move|p2a: Dondozo|Sleep Talk|p2a: Dondozo
|move|p2a: Dondozo|Rest||[from] move: Sleep Talk|[still]
|-fail|p2a: Dondozo
|
|upkeep
|turn|58
|inactive|aluolingd has 60 seconds left.
|inactive|zeqiangtian has 120 seconds left.
|
|t:|1758266140
|move|p1a: Corviknight|Defog|p2a: Dondozo
|-unboost|p2a: Dondozo|evasion|1
|-curestatus|p2a: Dondozo|slp|[msg]
|move|p2a: Dondozo|Sleep Talk||[still]
|-fail|p2a: Dondozo
|
|upkeep
|turn|59
|
|t:|1758266149
|move|p1a: Corviknight|Defog|p2a: Dondozo
|-unboost|p2a: Dondozo|evasion|1
|move|p2a: Dondozo|Body Press|p1a: Corviknight
|-damage|p1a: Corviknight|79/100
|-damage|p2a: Dondozo|84/100|[from] item: Rocky Helmet|[of] p1a: Corviknight
|
|upkeep
|turn|60
|inactive|zeqiangtian has 120 seconds left.
|
|t:|1758266176
|move|p1a: Corviknight|Defog|p2a: Dondozo
|-unboost|p2a: Dondozo|evasion|1
|move|p2a: Dondozo|Body Press|p1a: Corviknight
|-damage|p1a: Corviknight|58/100
|-damage|p2a: Dondozo|67/100|[from] item: Rocky Helmet|[of] p1a: Corviknight
|
|upkeep
|turn|61
|
|t:|1758266200
|switch|p1a: Toxapex|Toxapex, F|100/100
|move|p2a: Dondozo|Body Press|p1a: Toxapex
|-resisted|p1a: Toxapex
|-damage|p1a: Toxapex|90/100
|
|-heal|p1a: Toxapex|96/100|[from] item: Black Sludge
|upkeep
|turn|62
|inactive|zeqiangtian has 90 seconds left.
|
|t:|1758266242
|move|p1a: Toxapex|Substitute|p1a: Toxapex
|-start|p1a: Toxapex|Substitute
|-damage|p1a: Toxapex|71/100
|move|p2a: Dondozo|Liquidation|p1a: Toxapex
|-resisted|p1a: Toxapex
|-activate|p1a: Toxapex|move: Substitute|[damage]
|
|-heal|p1a: Toxapex|77/100|[from] item: Black Sludge
|upkeep
|turn|63
|
|t:|1758266257
|move|p2a: Dondozo|Body Press|p1a: Toxapex
|-resisted|p1a: Toxapex
|-activate|p1a: Toxapex|move: Substitute|[damage]
|move|p1a: Toxapex|Toxic|p2a: Dondozo
|-status|p2a: Dondozo|tox
|
|-heal|p1a: Toxapex|84/100|[from] item: Black Sludge
|-damage|p2a: Dondozo|61/100 tox|[from] psn
|upkeep
|turn|64
|
|t:|1758266275
|move|p2a: Dondozo|Rest|p2a: Dondozo
|-status|p2a: Dondozo|slp|[from] move: Rest
|-heal|p2a: Dondozo|100/100 slp|[silent]
|move|p1a: Toxapex|Pain Split|p2a: Dondozo
|-sethp|p2a: Dondozo|70/100 slp|[from] move: Pain Split|[silent]
|-sethp|p1a: Toxapex|100/100|[from] move: Pain Split
|
|upkeep
|turn|65
|inactive|aluolingd has 60 seconds left.
|
|t:|1758266301
|move|p1a: Toxapex|Haze|p1a: Toxapex
|-clearallboost
|cant|p2a: Dondozo|slp
|move|p2a: Dondozo|Sleep Talk|p2a: Dondozo
|move|p2a: Dondozo|Rest||[from] move: Sleep Talk|[still]
|-fail|p2a: Dondozo
|
|upkeep
|turn|66
|inactive|aluolingd has 60 seconds left.
|inactive|zeqiangtian has 60 seconds left.
|
|t:|1758266350
|cant|p2a: Dondozo|slp
|move|p2a: Dondozo|Sleep Talk|p2a: Dondozo
|move|p2a: Dondozo|Liquidation|p1a: Toxapex|[from] move: Sleep Talk
|-resisted|p1a: Toxapex
|-end|p1a: Toxapex|Substitute
|move|p1a: Toxapex|Toxic||[still]
|-fail|p1a: Toxapex
|
|upkeep
|turn|67
|inactive|aluolingd has 60 seconds left.
|
|t:|1758266364
|-curestatus|p2a: Dondozo|slp|[msg]
|move|p2a: Dondozo|Body Press|p1a: Toxapex
|-resisted|p1a: Toxapex
|-damage|p1a: Toxapex|89/100
|move|p1a: Toxapex|Substitute|p1a: Toxapex
|-start|p1a: Toxapex|Substitute
|-damage|p1a: Toxapex|65/100
|
|-heal|p1a: Toxapex|71/100|[from] item: Black Sludge
|upkeep
|turn|68
|
|t:|1758266375
|move|p2a: Dondozo|Rest|p2a: Dondozo
|-status|p2a: Dondozo|slp|[from] move: Rest
|-heal|p2a: Dondozo|100/100 slp|[silent]
|move|p1a: Toxapex|Toxic||[still]
|-fail|p1a: Toxapex
|
|-heal|p1a: Toxapex|77/100|[from] item: Black Sludge
|upkeep
|turn|69
|inactive|aluolingd has 60 seconds left.
|l|☆aluolingd
|inactive|aluolingd disconnected and has a minute to reconnect!
|player|p2|
|j|☆aluolingd
|inactive|aluolingd reconnected and has 40 seconds left.
|player|p2|aluolingd|170|
|inactive|aluolingd has 30 seconds left.
|
|t:|1758266420
|cant|p2a: Dondozo|slp
|move|p2a: Dondozo|Sleep Talk|p2a: Dondozo
|move|p2a: Dondozo|Body Press|p1a: Toxapex|[from] move: Sleep Talk
|-resisted|p1a: Toxapex
|-activate|p1a: Toxapex|move: Substitute|[damage]
|move|p1a: Toxapex|Pain Split|p2a: Dondozo
|-sethp|p2a: Dondozo|69/100 slp|[from] move: Pain Split|[silent]
|-sethp|p1a: Toxapex|100/100|[from] move: Pain Split
|
|upkeep
|turn|70
|inactive|aluolingd has 30 seconds left.
|
|t:|1758266444
|move|p1a: Toxapex|Haze|p1a: Toxapex
|-clearallboost
|cant|p2a: Dondozo|slp
|move|p2a: Dondozo|Sleep Talk|p2a: Dondozo
|move|p2a: Dondozo|Rest||[from] move: Sleep Talk|[still]
|-fail|p2a: Dondozo
|
|upkeep
|turn|71
|inactive|aluolingd has 30 seconds left.
|
|t:|1758266459
|-curestatus|p2a: Dondozo|slp|[msg]
|move|p2a: Dondozo|Sleep Talk||[still]
|-fail|p2a: Dondozo
|move|p1a: Toxapex|Haze|p1a: Toxapex
|-clearallboost
|
|upkeep
|turn|72
|inactive|aluolingd has 30 seconds left.
|inactive|zeqiangtian has 30 seconds left.
|inactive|zeqiangtian has 20 seconds left.
|inactive|zeqiangtian has 15 seconds left.
|inactive|zeqiangtian has 10 seconds left.
|inactive|zeqiangtian has 5 seconds left.
|-message|zeqiangtian lost due to inactivity.
|
|win|aluolingd
|raw|zeqiangtian's rating: 1095 &rarr; <strong>1069</strong><br />(-26 for losing)
|raw|aluolingd's rating: 1073 &rarr; <strong>1104</strong><br />(+31 for winning)
