|j|☆xgik
|j|☆08XHX
|t:|1758348994
|gametype|singles
|player|p1|xgik|170|1065
|player|p2|08XHX|n|1110
|gen|9
|tier|[Gen 9] OU
|rated|
|rule|HP Percentage Mod: HP is shown in percentages
|rule|Endless Battle Clause: Forcing endless battles is banned
|rule|Species Clause: Limit one of each Pokémon
|rule|OHKO Clause: OHKO moves are banned
|rule|Evasion Items Clause: Evasion items are banned
|rule|Evasion Moves Clause: Evasion moves are banned
|rule|Evasion Abilities Clause: Evasion abilities are banned
|rule|Sleep Moves Clause: Sleep-inducing moves are banned
|clearpoke
|poke|p1|Glimmora, F|
|poke|p1|Dragapult, F|
|poke|p1|Gholdengo|
|poke|p1|Cinderace, M|
|poke|p1|Dondozo, F|
|poke|p1|Great Tusk|
|poke|p2|Gyarados, M|
|poke|p2|Incineroar, M|
|poke|p2|Masquerain, F|
|poke|p2|Landorus-Therian, M|
|poke|p2|Salamence, M|
|poke|p2|Arcanine, M|
|teampreview
|inactive|Battle timer is ON: inactive players will automatically lose when time's up. (requested by 08XHX)
|
|t:|1758349002
|teamsize|p1|6
|teamsize|p2|6
|start
|switch|p1a: Glimmora|Glimmora, F|100/100
|switch|p2a: Landorus|Landorus-Therian, M|100/100
|-ability|p2a: Landorus|Intimidate|boost
|-unboost|p1a: Glimmora|atk|1
|turn|1
|
|t:|1758349011
|move|p2a: Landorus|Earthquake|p1a: Glimmora
|-supereffective|p1a: Glimmora
|-enditem|p1a: Glimmora|Focus Sash
|-damage|p1a: Glimmora|1/100
|-activate|p1a: Glimmora|ability: Toxic Debris
|-sidestart|p2: 08XHX|move: Toxic Spikes
|move|p1a: Glimmora|Spikes|p2a: Landorus
|-sidestart|p2: 08XHX|Spikes
|
|upkeep
|turn|2
|
|t:|1758349023
|move|p1a: Glimmora|Spiky Shield|p1a: Glimmora
|-singleturn|p1a: Glimmora|move: Protect
|move|p2a: Landorus|Earthquake|p1a: Glimmora
|-activate|p1a: Glimmora|move: Protect
|
|upkeep
|turn|3
|
|t:|1758349030
|move|p2a: Landorus|Earthquake|p1a: Glimmora
|-supereffective|p1a: Glimmora
|-damage|p1a: Glimmora|0 fnt
|-activate|p1a: Glimmora|ability: Toxic Debris
|-sidestart|p2: 08XHX|move: Toxic Spikes
|faint|p1a: Glimmora
|
|upkeep
|
|t:|1758349044
|switch|p1a: Dondozo|Dondozo, F|100/100
|turn|4
|
|t:|1758349048
|move|p2a: Landorus|Taunt|p1a: Dondozo
|-start|p1a: Dondozo|move: Taunt
|move|p1a: Dondozo|Liquidation|p2a: Landorus
|-supereffective|p2a: Landorus
|-damage|p2a: Landorus|28/100
|
|-heal|p2a: Landorus|34/100|[from] item: Leftovers
|upkeep
|turn|5
|
|t:|1758349057
|move|p2a: Landorus|U-turn|p1a: Dondozo
|-damage|p1a: Dondozo|88/100
|
|t:|1758349061
|switch|p2a: Gyarados|Gyarados, M|100/100|[from] U-turn
|-ability|p2a: Gyarados|Intimidate|boost
|-unboost|p1a: Dondozo|atk|1
|move|p1a: Dondozo|Liquidation|p2a: Gyarados
|-resisted|p2a: Gyarados
|-damage|p2a: Gyarados|88/100
|
|-heal|p2a: Gyarados|94/100|[from] item: Leftovers
|-heal|p1a: Dondozo|94/100|[from] item: Leftovers
|upkeep
|turn|6
|
|t:|1758349072
|move|p2a: Gyarados|Dragon Dance|p2a: Gyarados
|-boost|p2a: Gyarados|atk|1
|-boost|p2a: Gyarados|spe|1
|move|p1a: Dondozo|Body Press|p2a: Gyarados
|-resisted|p2a: Gyarados
|-damage|p2a: Gyarados|78/100
|
|-heal|p2a: Gyarados|84/100|[from] item: Leftovers
|-heal|p1a: Dondozo|99/100|[from] item: Leftovers
|-end|p1a: Dondozo|move: Taunt
|upkeep
|turn|7
|
|t:|1758349083
|move|p2a: Gyarados|Thunder Wave|p1a: Dondozo
|-status|p1a: Dondozo|par
|move|p1a: Dondozo|Body Press|p2a: Gyarados
|-resisted|p2a: Gyarados
|-damage|p2a: Gyarados|65/100
|
|-heal|p2a: Gyarados|71/100|[from] item: Leftovers
|-heal|p1a: Dondozo|100/100 par|[from] item: Leftovers
|upkeep
|turn|8
|
|t:|1758349093
|move|p2a: Gyarados|Dragon Dance|p2a: Gyarados
|-boost|p2a: Gyarados|atk|1
|-boost|p2a: Gyarados|spe|1
|move|p1a: Dondozo|Body Press|p2a: Gyarados
|-resisted|p2a: Gyarados
|-damage|p2a: Gyarados|52/100
|
|-heal|p2a: Gyarados|58/100|[from] item: Leftovers
|upkeep
|turn|9
|
|t:|1758349102
|move|p2a: Gyarados|Earthquake|p1a: Dondozo
|-damage|p1a: Dondozo|83/100 par
|move|p1a: Dondozo|Body Press|p2a: Gyarados
|-resisted|p2a: Gyarados
|-damage|p2a: Gyarados|39/100
|
|-heal|p2a: Gyarados|46/100|[from] item: Leftovers
|-heal|p1a: Dondozo|90/100 par|[from] item: Leftovers
|upkeep
|turn|10
|
|t:|1758349112
|move|p2a: Gyarados|Waterfall|p1a: Dondozo
|-resisted|p1a: Dondozo
|-damage|p1a: Dondozo|80/100 par
|cant|p1a: Dondozo|flinch
|
|-heal|p2a: Gyarados|52/100|[from] item: Leftovers
|-heal|p1a: Dondozo|86/100 par|[from] item: Leftovers
|upkeep
|turn|11
|
|t:|1758349121
|move|p2a: Gyarados|Waterfall|p1a: Dondozo
|-resisted|p1a: Dondozo
|-damage|p1a: Dondozo|76/100 par
|move|p1a: Dondozo|Body Press|p2a: Gyarados
|-resisted|p2a: Gyarados
|-damage|p2a: Gyarados|35/100
|
|-heal|p2a: Gyarados|41/100|[from] item: Leftovers
|-heal|p1a: Dondozo|82/100 par|[from] item: Leftovers
|upkeep
|turn|12
|
|t:|1758349131
|move|p2a: Gyarados|Earthquake|p1a: Dondozo
|-damage|p1a: Dondozo|66/100 par
|cant|p1a: Dondozo|par
|
|-heal|p2a: Gyarados|47/100|[from] item: Leftovers
|-heal|p1a: Dondozo|72/100 par|[from] item: Leftovers
|upkeep
|turn|13
|
|t:|1758349139
|move|p2a: Gyarados|Earthquake|p1a: Dondozo
|-damage|p1a: Dondozo|56/100 par
|cant|p1a: Dondozo|par
|
|-heal|p2a: Gyarados|53/100|[from] item: Leftovers
|-heal|p1a: Dondozo|63/100 par|[from] item: Leftovers
|upkeep
|turn|14
|
|t:|1758349148
|move|p2a: Gyarados|Earthquake|p1a: Dondozo
|-damage|p1a: Dondozo|45/100 par
|cant|p1a: Dondozo|par
|
|-heal|p2a: Gyarados|59/100|[from] item: Leftovers
|-heal|p1a: Dondozo|51/100 par|[from] item: Leftovers
|upkeep
|turn|15
|
|t:|1758349157
|move|p2a: Gyarados|Earthquake|p1a: Dondozo
|-damage|p1a: Dondozo|33/100 par
|cant|p1a: Dondozo|par
|
|-heal|p2a: Gyarados|65/100|[from] item: Leftovers
|-heal|p1a: Dondozo|39/100 par|[from] item: Leftovers
|upkeep
|turn|16
|
|t:|1758349165
|move|p2a: Gyarados|Earthquake|p1a: Dondozo
|-damage|p1a: Dondozo|21/100 par
|move|p1a: Dondozo|Body Press|p2a: Gyarados
|-resisted|p2a: Gyarados
|-damage|p2a: Gyarados|48/100
|
|-heal|p2a: Gyarados|54/100|[from] item: Leftovers
|-heal|p1a: Dondozo|27/100 par|[from] item: Leftovers
|upkeep
|turn|17
|
|t:|1758349175
|move|p2a: Gyarados|Earthquake|p1a: Dondozo
|-damage|p1a: Dondozo|12/100 par
|cant|p1a: Dondozo|par
|
|-heal|p2a: Gyarados|60/100|[from] item: Leftovers
|-heal|p1a: Dondozo|18/100 par|[from] item: Leftovers
|upkeep
|turn|18
|
|t:|1758349183
|move|p2a: Gyarados|Earthquake|p1a: Dondozo
|-damage|p1a: Dondozo|2/100 par
|cant|p1a: Dondozo|par
|
|-heal|p2a: Gyarados|66/100|[from] item: Leftovers
|-heal|p1a: Dondozo|8/100 par|[from] item: Leftovers
|upkeep
|turn|19
|
|t:|1758349198
|switch|p1a: Great Tusk|Great Tusk|100/100
|-enditem|p1a: Great Tusk|Booster Energy
|-activate|p1a: Great Tusk|ability: Protosynthesis|[fromitem]
|-start|p1a: Great Tusk|protosynthesisatk
|move|p2a: Gyarados|Earthquake|p1a: Great Tusk
|-damage|p1a: Great Tusk|59/100
|
|-heal|p2a: Gyarados|72/100|[from] item: Leftovers
|upkeep
|turn|20
|
|t:|1758349209
|move|p2a: Gyarados|Waterfall|p1a: Great Tusk
|-supereffective|p1a: Great Tusk
|-damage|p1a: Great Tusk|0 fnt
|faint|p1a: Great Tusk
|-end|p1a: Great Tusk|Protosynthesis|[silent]
|
|-heal|p2a: Gyarados|78/100|[from] item: Leftovers
|upkeep
|
|t:|1758349217
|switch|p1a: Gholdengo|Gholdengo|100/100
|turn|21
|
|t:|1758349220
|move|p2a: Gyarados|Earthquake|p1a: Gholdengo
|-supereffective|p1a: Gholdengo
|-damage|p1a: Gholdengo|0 fnt
|faint|p1a: Gholdengo
|
|-heal|p2a: Gyarados|84/100|[from] item: Leftovers
|upkeep
|
|t:|1758349228
|switch|p1a: Dragapult|Dragapult, F|100/100
|turn|22
|
|t:|1758349232
|move|p2a: Gyarados|Earthquake|p1a: Dragapult
|-damage|p1a: Dragapult|0 fnt
|faint|p1a: Dragapult
|
|-heal|p2a: Gyarados|91/100|[from] item: Leftovers
|upkeep
|-message|xgik forfeited.
|
|win|08XHX
|raw|xgik's rating: 1065 &rarr; <strong>1048</strong><br />(-17 for losing)
|raw|08XHX's rating: 1110 &rarr; <strong>1132</strong><br />(+22 for winning)
|l|☆xgik
|player|p1|
