|j|☆Vacodrish
|j|☆funfunmochibun
|t:|1758256327
|gametype|singles
|player|p1|Vacodrish|beauty-masters|1498
|player|p2|funfunmochibun|skierf-gen4dp|1458
|gen|9
|tier|[Gen 9] OU
|rated|
|rule|HP Percentage Mod: HP is shown in percentages
|rule|Endless Battle Clause: Forcing endless battles is banned
|rule|Species Clause: Limit one of each Pokémon
|rule|OHKO Clause: OHKO moves are banned
|rule|Evasion Items Clause: Evasion items are banned
|rule|Evasion Moves Clause: Evasion moves are banned
|rule|Evasion Abilities Clause: Evasion abilities are banned
|rule|Sleep Moves Clause: Sleep-inducing moves are banned
|clearpoke
|poke|p1|Pelipper, F|
|poke|p1|Hatterene, F|
|poke|p1|Iron Treads|
|poke|p1|Toxicroak, F|
|poke|p1|Barraskewda, F|
|poke|p1|Zapdos|
|poke|p2|Latios, M|
|poke|p2|Scizor, M|
|poke|p2|Zapdos|
|poke|p2|Clodsire, M|
|poke|p2|Ogerpon-Wellspring, F|
|poke|p2|Maushold|
|teampreview
|
|t:|1758256348
|teamsize|p1|6
|teamsize|p2|6
|start
|switch|p1a: Pelipper|Pelipper, F|100/100
|switch|p2a: Zapdos|Zapdos|100/100
|-weather|RainDance|[from] ability: Drizzle|[of] p1a: Pelipper
|turn|1
|
|t:|1758256354
|switch|p1a: Iron Treads|Iron Treads|100/100
|move|p2a: Zapdos|Thunder Wave|p1a: Iron Treads
|-immune|p1a: Iron Treads
|
|-weather|RainDance|[upkeep]
|upkeep
|turn|2
|
|t:|1758256362
|switch|p2a: Scizor|Scizor, M|100/100
|move|p1a: Iron Treads|Stealth Rock|p2a: Scizor
|-sidestart|p2: funfunmochibun|move: Stealth Rock
|
|-weather|RainDance|[upkeep]
|upkeep
|turn|3
|
|t:|1758256368
|-end|p1a: Iron Treads|Quark Drive|[silent]
|switch|p1a: Toxicroak|Toxicroak, F|100/100
|move|p2a: Scizor|Knock Off|p1a: Toxicroak
|-resisted|p1a: Toxicroak
|-damage|p1a: Toxicroak|73/100
|-damage|p2a: Scizor|84/100|[from] item: Rocky Helmet|[of] p1a: Toxicroak
|-enditem|p1a: Toxicroak|Rocky Helmet|[from] move: Knock Off|[of] p2a: Scizor
|
|-weather|RainDance|[upkeep]
|-heal|p1a: Toxicroak|86/100|[from] ability: Dry Skin
|upkeep
|turn|4
|
|t:|1758256375
|switch|p2a: Latios|Latios, M|100/100
|-damage|p2a: Latios|88/100|[from] Stealth Rock
|move|p1a: Toxicroak|Knock Off|p2a: Latios
|-supereffective|p2a: Latios
|-damage|p2a: Latios|28/100
|-enditem|p2a: Latios|Choice Scarf|[from] move: Knock Off|[of] p1a: Toxicroak
|
|-weather|RainDance|[upkeep]
|-heal|p1a: Toxicroak|98/100|[from] ability: Dry Skin
|upkeep
|turn|5
|
|t:|1758256391
|switch|p2a: Scizor|Scizor, M|84/100
|-damage|p2a: Scizor|72/100|[from] Stealth Rock
|switch|p1a: Hatterene|Hatterene, F|100/100
|
|-weather|RainDance|[upkeep]
|upkeep
|turn|6
|
|t:|1758256395
|switch|p1a: Toxicroak|Toxicroak, F|98/100
|move|p2a: Scizor|U-turn|p1a: Toxicroak
|-resisted|p1a: Toxicroak
|-damage|p1a: Toxicroak|85/100
|
|t:|1758256403
|switch|p2a: Maushold|Maushold|100/100|[from] U-turn
|-damage|p2a: Maushold|88/100|[from] Stealth Rock
|
|-weather|RainDance|[upkeep]
|-heal|p1a: Toxicroak|98/100|[from] ability: Dry Skin
|upkeep
|turn|7
|
|t:|1758256408
|-terastallize|p2a: Maushold|Ghost
|-terastallize|p1a: Toxicroak|Ghost
|move|p2a: Maushold|Tidy Up|p2a: Maushold
|-sideend|p2: funfunmochibun|Stealth Rock
|-activate|p2a: Maushold|move: Tidy Up
|-boost|p2a: Maushold|atk|1
|-boost|p2a: Maushold|spe|1
|move|p1a: Toxicroak|Drain Punch|p2a: Maushold
|-immune|p2a: Maushold
|
|-weather|RainDance|[upkeep]
|-heal|p1a: Toxicroak|100/100|[from] ability: Dry Skin
|upkeep
|turn|8
|
|t:|1758256416
|move|p2a: Maushold|Encore|p1a: Toxicroak
|-start|p1a: Toxicroak|Encore
|move|p1a: Toxicroak|Drain Punch|p2a: Maushold
|-immune|p2a: Maushold
|
|-weather|none
|upkeep
|turn|9
|
|t:|1758256422
|switch|p1a: Hatterene|Hatterene, F|100/100
|move|p2a: Maushold|Tidy Up|p2a: Maushold
|-boost|p2a: Maushold|atk|1
|-boost|p2a: Maushold|spe|1
|
|upkeep
|turn|10
|
|t:|1758256426
|move|p2a: Maushold|Population Bomb|p1a: Hatterene
|-damage|p1a: Hatterene|81/100
|-damage|p1a: Hatterene|61/100
|-damage|p1a: Hatterene|42/100
|-damage|p1a: Hatterene|21/100
|-damage|p1a: Hatterene|0 fnt
|faint|p1a: Hatterene
|-hitcount|p1: Hatterene|5
|
|upkeep
|
|t:|1758256429
|switch|p1a: Toxicroak|Toxicroak, F, tera:Ghost|100/100
|turn|11
|
|t:|1758256434
|move|p2a: Maushold|Bite|p1a: Toxicroak
|-supereffective|p1a: Toxicroak
|-damage|p1a: Toxicroak|21/100
|move|p1a: Toxicroak|Knock Off|p2a: Maushold
|-supereffective|p2a: Maushold
|-damage|p2a: Maushold|17/100
|-enditem|p2a: Maushold|Wide Lens|[from] move: Knock Off|[of] p1a: Toxicroak
|
|upkeep
|turn|12
|
|t:|1758256438
|move|p2a: Maushold|Bite|p1a: Toxicroak
|-supereffective|p1a: Toxicroak
|-damage|p1a: Toxicroak|0 fnt
|faint|p1a: Toxicroak
|
|upkeep
|
|t:|1758256440
|switch|p1a: Barraskewda|Barraskewda, F|100/100
|turn|13
|
|t:|1758256443
|switch|p2a: Ogerpon|Ogerpon-Wellspring, F|100/100
|move|p1a: Barraskewda|Aqua Jet|p2a: Ogerpon
|-immune|p2a: Ogerpon|[from] ability: Water Absorb
|
|upkeep
|turn|14
|
|t:|1758256450
|switch|p1a: Pelipper|Pelipper, F|100/100
|-weather|RainDance|[from] ability: Drizzle|[of] p1a: Pelipper
|move|p2a: Ogerpon|Swords Dance|p2a: Ogerpon
|-boost|p2a: Ogerpon|atk|2
|
|-weather|RainDance|[upkeep]
|upkeep
|turn|15
|
|t:|1758256452
|move|p2a: Ogerpon|Trailblaze|p1a: Pelipper
|-damage|p1a: Pelipper|34/100
|-boost|p2a: Ogerpon|spe|1
|move|p1a: Pelipper|Hurricane|p2a: Ogerpon
|-supereffective|p2a: Ogerpon
|-damage|p2a: Ogerpon|16/100
|
|-weather|RainDance|[upkeep]
|upkeep
|turn|16
|
|t:|1758256456
|move|p2a: Ogerpon|Trailblaze|p1a: Pelipper
|-damage|p1a: Pelipper|0 fnt
|-boost|p2a: Ogerpon|spe|1
|faint|p1a: Pelipper
|
|-weather|RainDance|[upkeep]
|upkeep
|
|t:|1758256460
|switch|p1a: Zapdos|Zapdos|100/100
|turn|17
|
|t:|1758256463
|move|p2a: Ogerpon|Ivy Cudgel|p1a: Zapdos|[anim] Ivy Cudgel Water
|-damage|p1a: Zapdos|0 fnt
|faint|p1a: Zapdos
|
|-weather|RainDance|[upkeep]
|upkeep
|c|☆Vacodrish|gg
|-message|Vacodrish forfeited.
|
|win|funfunmochibun
|raw|Vacodrish's rating: 1498 &rarr; <strong>1476</strong><br />(-22 for losing)
|raw|funfunmochibun's rating: 1458 &rarr; <strong>1480</strong><br />(+22 for winning)
|l|☆Vacodrish
|player|p1|
|c|☆funfunmochibun|gg
|l|☆funfunmochibun
|player|p2|
