|j|☆lilaqueenofthe7k
|j|☆Caesar nivis
|t:|1758276848
|gametype|singles
|player|p1|lilaqueenofthe7k|elesa|1335
|player|p2|Caesar nivis|lance|1357
|gen|9
|tier|[Gen 9] OU
|rated|
|rule|HP Percentage Mod: HP is shown in percentages
|rule|Endless Battle Clause: Forcing endless battles is banned
|rule|Species Clause: Limit one of each Pokémon
|rule|OHKO Clause: OHKO moves are banned
|rule|Evasion Items Clause: Evasion items are banned
|rule|Evasion Moves Clause: Evasion moves are banned
|rule|Evasion Abilities Clause: Evasion abilities are banned
|rule|Sleep Moves Clause: Sleep-inducing moves are banned
|clearpoke
|poke|p1|Torkoal, F|
|poke|p1|Walking Wake|
|poke|p1|Cinderace, M|
|poke|p1|Great Tusk|
|poke|p1|Hatterene, F|
|poke|p1|Rillaboom, F|
|poke|p2|Ninetales-Alola, F|
|poke|p2|Ursaluna, F|
|poke|p2|Moltres-Galar|
|poke|p2|Iron Treads|
|poke|p2|Glastrier|
|poke|p2|Dondozo, F|
|teampreview
|inactive|Battle timer is ON: inactive players will automatically lose when time's up. (requested by Caesar nivis)
|
|t:|1758276864
|teamsize|p1|6
|teamsize|p2|6
|start
|switch|p1a: Torkoal|Torkoal, F|100/100
|switch|p2a: Moltres|Moltres-Galar|100/100
|-weather|SunnyDay|[from] ability: Drought|[of] p1a: Torkoal
|turn|1
|
|t:|1758276878
|move|p2a: Moltres|Fiery Wrath|p1a: Torkoal
|-damage|p1a: Torkoal|46/100
|move|p1a: Torkoal|Stealth Rock|p2a: Moltres
|-sidestart|p2: Caesar nivis|move: Stealth Rock
|
|-weather|SunnyDay|[upkeep]
|upkeep
|turn|2
|
|t:|1758276891
|switch|p1a: Great Tusk|Great Tusk|100/100
|-activate|p1a: Great Tusk|ability: Protosynthesis
|-start|p1a: Great Tusk|protosynthesisatk
|move|p2a: Moltres|Air Slash|p1a: Great Tusk
|-supereffective|p1a: Great Tusk
|-damage|p1a: Great Tusk|0 fnt
|faint|p1a: Great Tusk
|-end|p1a: Great Tusk|Protosynthesis|[silent]
|
|-weather|SunnyDay|[upkeep]
|upkeep
|
|t:|1758276901
|switch|p1a: Cinderace|Cinderace, M|100/100
|turn|3
|
|t:|1758276903
|move|p1a: Cinderace|Pyro Ball|p2a: Moltres
|-damage|p2a: Moltres|0 fnt
|faint|p2a: Moltres
|
|-weather|SunnyDay|[upkeep]
|upkeep
|
|t:|1758276910
|switch|p2a: Dondozo|Dondozo, F|100/100
|-damage|p2a: Dondozo|88/100|[from] Stealth Rock
|turn|4
|
|t:|1758276926
|switch|p1a: Rillaboom|Rillaboom, F|100/100
|-fieldstart|move: Grassy Terrain|[from] ability: Grassy Surge|[of] p1a: Rillaboom
|switch|p2a: Ninetales|Ninetales-Alola, F|100/100
|-damage|p2a: Ninetales|76/100|[from] Stealth Rock
|-weather|Snowscape|[from] ability: Snow Warning|[of] p2a: Ninetales
|
|-weather|Snowscape|[upkeep]
|-heal|p2a: Ninetales|82/100|[from] Grassy Terrain
|upkeep
|turn|5
|
|t:|1758276942
|move|p2a: Ninetales|Moonblast|p1a: Rillaboom
|-damage|p1a: Rillaboom|54/100
|-unboost|p1a: Rillaboom|spa|1
|move|p1a: Rillaboom|Wood Hammer|p2a: Ninetales
|-damage|p2a: Ninetales|0 fnt
|faint|p2a: Ninetales
|-damage|p1a: Rillaboom|31/100|[from] Recoil
|
|-weather|Snowscape|[upkeep]
|-heal|p1a: Rillaboom|37/100|[from] Grassy Terrain
|upkeep
|
|t:|1758276954
|switch|p2a: Glastrier|Glastrier|100/100
|-damage|p2a: Glastrier|76/100|[from] Stealth Rock
|turn|6
|
|t:|1758276960
|switch|p1a: Torkoal|Torkoal, F|46/100
|-weather|SunnyDay|[from] ability: Drought|[of] p1a: Torkoal
|move|p2a: Glastrier|Avalanche|p1a: Torkoal
|-resisted|p1a: Torkoal
|-damage|p1a: Torkoal|35/100
|
|-weather|SunnyDay|[upkeep]
|-heal|p2a: Glastrier|82/100|[from] Grassy Terrain
|-heal|p1a: Torkoal|41/100|[from] Grassy Terrain
|upkeep
|turn|7
|
|t:|1758276982
|move|p2a: Glastrier|High Horsepower|p1a: Torkoal
|-supereffective|p1a: Torkoal
|-damage|p1a: Torkoal|0 fnt
|faint|p1a: Torkoal
|-ability|p2a: Glastrier|Chilling Neigh|boost
|-boost|p2a: Glastrier|atk|1
|
|-weather|SunnyDay|[upkeep]
|-heal|p2a: Glastrier|88/100|[from] Grassy Terrain
|upkeep
|
|t:|1758276988
|switch|p1a: Walking Wake|Walking Wake|100/100
|-activate|p1a: Walking Wake|ability: Protosynthesis
|-start|p1a: Walking Wake|protosynthesisspe
|turn|8
|
|t:|1758276994
|-terastallize|p2a: Glastrier|Water
|move|p1a: Walking Wake|Flamethrower|p2a: Glastrier
|-resisted|p2a: Glastrier
|-damage|p2a: Glastrier|70/100
|move|p2a: Glastrier|Avalanche|p1a: Walking Wake
|-damage|p1a: Walking Wake|0 fnt
|faint|p1a: Walking Wake
|-end|p1a: Walking Wake|Protosynthesis|[silent]
|-ability|p2a: Glastrier|Chilling Neigh|boost
|-boost|p2a: Glastrier|atk|1
|
|-weather|SunnyDay|[upkeep]
|-heal|p2a: Glastrier|76/100|[from] Grassy Terrain
|-fieldend|move: Grassy Terrain
|upkeep
|
|t:|1758276999
|switch|p1a: Rillaboom|Rillaboom, F|37/100
|-fieldstart|move: Grassy Terrain|[from] ability: Grassy Surge|[of] p1a: Rillaboom
|turn|9
|
|t:|1758277006
|move|p1a: Rillaboom|Wood Hammer|p2a: Glastrier
|-supereffective|p2a: Glastrier
|-damage|p2a: Glastrier|0 fnt
|faint|p2a: Glastrier
|-damage|p1a: Rillaboom|8/100|[from] Recoil
|
|-weather|SunnyDay|[upkeep]
|-heal|p1a: Rillaboom|14/100|[from] Grassy Terrain
|upkeep
|
|t:|1758277011
|switch|p2a: Iron Treads|Iron Treads|100/100
|-damage|p2a: Iron Treads|97/100|[from] Stealth Rock
|turn|10
|
|t:|1758277015
|switch|p1a: Hatterene|Hatterene, F|100/100
|move|p2a: Iron Treads|Earthquake|p1a: Hatterene
|-damage|p1a: Hatterene|82/100
|-enditem|p1a: Hatterene|Eject Button
|
|t:|1758277017
|switch|p1a: Cinderace|Cinderace, M|100/100
|
|-weather|SunnyDay|[upkeep]
|-heal|p2a: Iron Treads|100/100|[from] Grassy Terrain
|upkeep
|turn|11
|
|t:|1758277020
|-end|p2a: Iron Treads|Quark Drive|[silent]
|switch|p2a: Dondozo|Dondozo, F|88/100
|-damage|p2a: Dondozo|75/100|[from] Stealth Rock
|move|p1a: Cinderace|Pyro Ball|p2a: Dondozo|[miss]
|-miss|p1a: Cinderace|p2a: Dondozo
|
|-weather|SunnyDay|[upkeep]
|-heal|p2a: Dondozo|82/100|[from] Grassy Terrain
|-heal|p2a: Dondozo|88/100|[from] item: Leftovers
|upkeep
|turn|12
|
|t:|1758277025
|switch|p1a: Hatterene|Hatterene, F|82/100
|move|p2a: Dondozo|Crunch|p1a: Hatterene
|-damage|p1a: Hatterene|67/100
|
|-weather|SunnyDay|[upkeep]
|-heal|p2a: Dondozo|94/100|[from] Grassy Terrain
|-heal|p2a: Dondozo|99/100|[from] item: Leftovers
|-heal|p1a: Hatterene|73/100|[from] Grassy Terrain
|upkeep
|turn|13
|
|t:|1758277030
|switch|p2a: Iron Treads|Iron Treads|100/100
|-damage|p2a: Iron Treads|97/100|[from] Stealth Rock
|move|p1a: Hatterene|Healing Wish|p1a: Hatterene
|faint|p1a: Hatterene
|
|-weather|none
|-heal|p2a: Iron Treads|100/100|[from] Grassy Terrain
|-fieldend|move: Grassy Terrain
|upkeep
|
|t:|1758277032
|switch|p1a: Rillaboom|Rillaboom, F|14/100
|-heal|p1a: Rillaboom|100/100|[from] move: Healing Wish
|-fieldstart|move: Grassy Terrain|[from] ability: Grassy Surge|[of] p1a: Rillaboom
|turn|14
|
|t:|1758277041
|move|p2a: Iron Treads|Ice Spinner|p1a: Rillaboom
|-supereffective|p1a: Rillaboom
|-crit|p1a: Rillaboom
|-damage|p1a: Rillaboom|24/100
|-fieldend|move: Grassy Terrain
|move|p1a: Rillaboom|Wood Hammer|p2a: Iron Treads
|-damage|p2a: Iron Treads|8/100
|-damage|p1a: Rillaboom|0 fnt|[from] Recoil
|faint|p1a: Rillaboom
|
|upkeep
|
|t:|1758277047
|switch|p1a: Cinderace|Cinderace, M|100/100
|turn|15
|
|t:|1758277051
|move|p1a: Cinderace|High Jump Kick|p2a: Iron Treads
|-start|p1a: Cinderace|typechange|Fighting|[from] ability: Libero
|-supereffective|p2a: Iron Treads
|-damage|p2a: Iron Treads|0 fnt
|faint|p2a: Iron Treads
|-end|p2a: Iron Treads|Quark Drive|[silent]
|
|upkeep
|
|t:|1758277055
|switch|p2a: Dondozo|Dondozo, F|99/100
|-damage|p2a: Dondozo|88/100|[from] Stealth Rock
|turn|16
|
|t:|1758277057
|move|p1a: Cinderace|High Jump Kick|p2a: Dondozo
|-damage|p2a: Dondozo|61/100
|move|p2a: Dondozo|Curse|p2a: Dondozo
|-unboost|p2a: Dondozo|spe|1
|-boost|p2a: Dondozo|atk|1
|-boost|p2a: Dondozo|def|1
|
|-heal|p2a: Dondozo|67/100|[from] item: Leftovers
|upkeep
|turn|17
|
|t:|1758277061
|move|p1a: Cinderace|High Jump Kick|p2a: Dondozo
|-damage|p2a: Dondozo|47/100
|move|p2a: Dondozo|Curse|p2a: Dondozo
|-unboost|p2a: Dondozo|spe|1
|-boost|p2a: Dondozo|atk|1
|-boost|p2a: Dondozo|def|1
|
|-heal|p2a: Dondozo|53/100|[from] item: Leftovers
|upkeep
|turn|18
|
|t:|1758277065
|move|p1a: Cinderace|High Jump Kick|p2a: Dondozo|[miss]
|-miss|p1a: Cinderace|p2a: Dondozo
|-damage|p1a: Cinderace|51/100|[from] highjumpkick
|move|p2a: Dondozo|Body Press|p1a: Cinderace
|-damage|p1a: Cinderace|0 fnt
|faint|p1a: Cinderace
|
|win|Caesar nivis
|raw|lilaqueenofthe7k's rating: 1335 &rarr; <strong>1316</strong><br />(-19 for losing)
|raw|Caesar nivis's rating: 1357 &rarr; <strong>1376</strong><br />(+19 for winning)
|l|☆lilaqueenofthe7k
|player|p1|
|l|☆Caesar nivis
|player|p2|
