|j|☆Team BBIO 38
|j|☆xa2n
|t:|1758291937
|gametype|singles
|player|p1|Team BBIO 38|dragontamer|1464
|player|p2|xa2n|will|1508
|gen|9
|tier|[Gen 9] OU
|rated|
|rule|HP Percentage Mod: HP is shown in percentages
|rule|Endless Battle Clause: Forcing endless battles is banned
|rule|Species Clause: Limit one of each Pokémon
|rule|OHKO Clause: OHKO moves are banned
|rule|Evasion Items Clause: Evasion items are banned
|rule|Evasion Moves Clause: Evasion moves are banned
|rule|Evasion Abilities Clause: Evasion abilities are banned
|rule|Sleep Moves Clause: Sleep-inducing moves are banned
|clearpoke
|poke|p1|Dusclops, M|
|poke|p1|Blissey, F|
|poke|p1|Flamigo, M|
|poke|p1|Latias, F|
|poke|p1|Darkrai|
|poke|p1|Latios, M|
|poke|p2|Samurott-Hisui, F|
|poke|p2|Kyurem|
|poke|p2|Gholdengo|
|poke|p2|Zamazenta-*|
|poke|p2|Kingambit, F|
|poke|p2|Ting-Lu|
|teampreview
|inactive|Battle timer is ON: inactive players will automatically lose when time's up. (requested by Team BBIO 38)
|
|t:|1758291943
|teamsize|p1|6
|teamsize|p2|6
|start
|switch|p1a: Flamigo|Flamigo, M|100/100
|switch|p2a: Samurott|Samurott-Hisui, F, shiny|100/100
|turn|1
|
|t:|1758291949
|switch|p2a: Gholdengo|Gholdengo|100/100
|move|p1a: Flamigo|Close Combat|p2a: Gholdengo
|-supereffective|p2a: Gholdengo
|-damage|p2a: Gholdengo|0 fnt
|-unboost|p1a: Flamigo|def|1
|-unboost|p1a: Flamigo|spd|1
|faint|p2a: Gholdengo
|
|upkeep
|
|t:|1758291958
|switch|p2a: Zamazenta|Zamazenta|100/100
|-ability|p2a: Zamazenta|Dauntless Shield|boost
|-boost|p2a: Zamazenta|def|1
|turn|2
|
|t:|1758291962
|switch|p1a: Dusclops|Dusclops, M|100/100
|-item|p2a: Zamazenta|Heavy-Duty Boots|[from] ability: Frisk|[of] p1a: Dusclops
|move|p2a: Zamazenta|Stone Edge|p1a: Dusclops
|-damage|p1a: Dusclops|84/100
|
|upkeep
|turn|3
|
|t:|1758291968
|move|p2a: Zamazenta|Crunch|p1a: Dusclops
|-supereffective|p1a: Dusclops
|-damage|p1a: Dusclops|54/100
|-unboost|p1a: Dusclops|def|1
|move|p1a: Dusclops|Will-O-Wisp|p2a: Zamazenta
|-status|p2a: Zamazenta|brn
|
|-damage|p2a: Zamazenta|94/100 brn|[from] brn
|upkeep
|turn|4
|
|t:|1758291977
|switch|p2a: Samurott|Samurott-Hisui, F, shiny|100/100
|move|p1a: Dusclops|Pain Split|p2a: Samurott
|-sethp|p2a: Samurott|71/100|[from] move: Pain Split|[silent]
|-sethp|p1a: Dusclops|93/100|[from] move: Pain Split
|
|upkeep
|turn|5
|
|t:|1758291985
|move|p2a: Samurott|Ceaseless Edge|p1a: Dusclops
|-supereffective|p1a: Dusclops
|-crit|p1a: Dusclops
|-damage|p1a: Dusclops|0 fnt
|-sidestart|p1: Team BBIO 38|Spikes
|faint|p1a: Dusclops
|
|upkeep
|
|t:|1758291990
|switch|p1a: Flamigo|Flamigo, M|100/100
|turn|6
|
|t:|1758291999
|move|p1a: Flamigo|Close Combat|p2a: Samurott
|-supereffective|p2a: Samurott
|-damage|p2a: Samurott|0 fnt
|-unboost|p1a: Flamigo|def|1
|-unboost|p1a: Flamigo|spd|1
|faint|p2a: Samurott
|
|upkeep
|
|t:|1758292017
|switch|p2a: Kyurem|Kyurem|100/100
|-ability|p2a: Kyurem|Pressure
|turn|7
|
|t:|1758292023
|move|p1a: Flamigo|Close Combat|p2a: Kyurem
|-supereffective|p2a: Kyurem
|-damage|p2a: Kyurem|0 fnt
|-unboost|p1a: Flamigo|def|1
|-unboost|p1a: Flamigo|spd|1
|faint|p2a: Kyurem
|
|upkeep
|
|t:|1758292039
|switch|p2a: Kingambit|Kingambit, F|100/100
|-activate|p2a: Kingambit|ability: Supreme Overlord
|-start|p2a: Kingambit|fallen3|[silent]
|turn|8
|
|t:|1758292043
|-terastallize|p2a: Kingambit|Fairy
|move|p1a: Flamigo|Close Combat|p2a: Kingambit
|-resisted|p2a: Kingambit
|-damage|p2a: Kingambit|80/100
|-unboost|p1a: Flamigo|def|1
|-unboost|p1a: Flamigo|spd|1
|move|p2a: Kingambit|Swords Dance|p2a: Kingambit
|-boost|p2a: Kingambit|atk|2
|
|upkeep
|turn|9
|
|t:|1758292062
|switch|p1a: Blissey|Blissey, F|100/100
|-damage|p1a: Blissey|88/100|[from] Spikes
|move|p2a: Kingambit|Swords Dance|p2a: Kingambit
|-boost|p2a: Kingambit|atk|2
|
|-heal|p1a: Blissey|94/100|[from] item: Leftovers
|upkeep
|turn|10
|
|t:|1758292071
|-terastallize|p1a: Blissey|Fairy
|move|p2a: Kingambit|Kowtow Cleave|p1a: Blissey
|-resisted|p1a: Blissey
|-damage|p1a: Blissey|0 fnt
|faint|p1a: Blissey
|
|upkeep
|
|t:|1758292086
|switch|p1a: Flamigo|Flamigo, M|100/100
|turn|11
|
|t:|1758292091
|move|p2a: Kingambit|Sucker Punch|p1a: Flamigo
|-resisted|p1a: Flamigo
|-damage|p1a: Flamigo|0 fnt
|faint|p1a: Flamigo
|
|upkeep
|
|t:|1758292096
|switch|p1a: Alaric|Latias, F|100/100
|turn|12
|
|t:|1758292101
|move|p1a: Alaric|Aura Sphere|p2a: Kingambit
|-resisted|p2a: Kingambit
|-damage|p2a: Kingambit|67/100
|move|p2a: Kingambit|Tera Blast|p1a: Alaric|[anim] Tera Blast Fairy
|-supereffective|p1a: Alaric
|-damage|p1a: Alaric|0 fnt
|faint|p1a: Alaric
|
|upkeep
|
|t:|1758292111
|switch|p1a: Darkrai|Darkrai|100/100
|-damage|p1a: Darkrai|88/100|[from] Spikes
|turn|13
|
|t:|1758292116
|move|p2a: Kingambit|Sucker Punch|p1a: Darkrai
|-resisted|p1a: Darkrai
|-damage|p1a: Darkrai|0 fnt
|faint|p1a: Darkrai
|
|upkeep
|
|t:|1758292120
|switch|p1a: Latios|Latios, M|100/100
|turn|14
|
|t:|1758292127
|move|p1a: Latios|Ice Beam|p2a: Kingambit
|-damage|p2a: Kingambit|20/100
|move|p2a: Kingambit|Tera Blast|p1a: Latios|[anim] Tera Blast Fairy
|-supereffective|p1a: Latios
|-damage|p1a: Latios|0 fnt
|faint|p1a: Latios
|
|win|xa2n
|raw|Team BBIO 38's rating: 1464 &rarr; <strong>1447</strong><br />(-17 for losing)
|raw|xa2n's rating: 1508 &rarr; <strong>1525</strong><br />(+17 for winning)
|l|☆Team BBIO 38
|player|p1|
|l|☆xa2n
|player|p2|
