|j|☆don coleone
|j|☆slowbro named paul
|t:|1758269608
|gametype|singles
|player|p1|don coleone|266|1460
|player|p2|slowbro named paul|skierf|1429
|gen|9
|tier|[Gen 9] OU
|rated|
|rule|HP Percentage Mod: HP is shown in percentages
|rule|Endless Battle Clause: Forcing endless battles is banned
|rule|Species Clause: Limit one of each Pokémon
|rule|OHKO Clause: OHKO moves are banned
|rule|Evasion Items Clause: Evasion items are banned
|rule|Evasion Moves Clause: Evasion moves are banned
|rule|Evasion Abilities Clause: Evasion abilities are banned
|rule|Sleep Moves Clause: Sleep-inducing moves are banned
|clearpoke
|poke|p1|Lokix, M|
|poke|p1|Comfey, F|
|poke|p1|Weezing-Galar, M|
|poke|p1|Feraligatr, M|
|poke|p1|Clodsire, F|
|poke|p1|Alomomola, F|
|poke|p2|Goodra-Hisui, F|
|poke|p2|Klawf, F|
|poke|p2|Ting-Lu|
|poke|p2|Tentacruel, M|
|poke|p2|Cresselia, F|
|poke|p2|Chesnaught, F|
|teampreview
|inactive|Battle timer is ON: inactive players will automatically lose when time's up. (requested by slowbro named paul)
|inactive|don coleone has 120 seconds left.
|
|t:|1758269640
|teamsize|p1|6
|teamsize|p2|6
|start
|switch|p1a: Feraligatr|Feraligatr, M|100/100
|switch|p2a: Klawf|Klawf, F|100/100
|turn|1
|
|t:|1758269643
|move|p1a: Feraligatr|Liquidation|p2a: Klawf
|-supereffective|p2a: Klawf
|-damage|p2a: Klawf|1/100
|move|p2a: Klawf|Knock Off|p1a: Feraligatr
|-damage|p1a: Feraligatr|78/100
|-enditem|p1a: Feraligatr|Life Orb|[from] move: Knock Off|[of] p2a: Klawf
|
|upkeep
|turn|2
|
|t:|1758269649
|switch|p2a: Cresselia|Cresselia, F|100/100
|move|p1a: Feraligatr|Liquidation|p2a: Cresselia
|-damage|p2a: Cresselia|71/100
|-damage|p1a: Feraligatr|62/100|[from] item: Rocky Helmet|[of] p2a: Cresselia
|
|upkeep
|turn|3
|
|t:|1758269653
|move|p1a: Feraligatr|Dragon Dance|p1a: Feraligatr
|-boost|p1a: Feraligatr|atk|1
|-boost|p1a: Feraligatr|spe|1
|move|p2a: Cresselia|Calm Mind|p2a: Cresselia
|-boost|p2a: Cresselia|spa|1
|-boost|p2a: Cresselia|spd|1
|
|upkeep
|turn|4
|
|t:|1758269656
|-terastallize|p2a: Cresselia|Fairy
|move|p1a: Feraligatr|Crunch|p2a: Cresselia
|-resisted|p2a: Cresselia
|-damage|p2a: Cresselia|58/100
|-damage|p1a: Feraligatr|45/100|[from] item: Rocky Helmet|[of] p2a: Cresselia
|move|p2a: Cresselia|Moonblast|p1a: Feraligatr
|-damage|p1a: Feraligatr|0 fnt
|faint|p1a: Feraligatr
|
|upkeep
|
|t:|1758269662
|switch|p1a: Comfey|Comfey, F|100/100
|turn|5
|
|t:|1758269666
|move|p1a: Comfey|Calm Mind|p1a: Comfey
|-boost|p1a: Comfey|spa|1
|-boost|p1a: Comfey|spd|1
|move|p2a: Cresselia|Calm Mind|p2a: Cresselia
|-boost|p2a: Cresselia|spa|1
|-boost|p2a: Cresselia|spd|1
|
|upkeep
|turn|6
|
|t:|1758269669
|move|p1a: Comfey|Calm Mind|p1a: Comfey
|-boost|p1a: Comfey|spa|1
|-boost|p1a: Comfey|spd|1
|move|p2a: Cresselia|Calm Mind|p2a: Cresselia
|-boost|p2a: Cresselia|spa|1
|-boost|p2a: Cresselia|spd|1
|
|upkeep
|turn|7
|
|t:|1758269673
|move|p1a: Comfey|Calm Mind|p1a: Comfey
|-boost|p1a: Comfey|spa|1
|-boost|p1a: Comfey|spd|1
|move|p2a: Cresselia|Lunar Blessing|p2a: Cresselia
|-heal|p2a: Cresselia|83/100
|
|upkeep
|turn|8
|
|t:|1758269678
|move|p1a: Comfey|Calm Mind|p1a: Comfey
|-boost|p1a: Comfey|spa|1
|-boost|p1a: Comfey|spd|1
|move|p2a: Cresselia|Calm Mind|p2a: Cresselia
|-boost|p2a: Cresselia|spa|1
|-boost|p2a: Cresselia|spd|1
|
|upkeep
|turn|9
|
|t:|1758269681
|move|p1a: Comfey|Draining Kiss|p2a: Cresselia
|-damage|p2a: Cresselia|64/100
|-damage|p1a: Comfey|84/100|[from] item: Rocky Helmet|[of] p2a: Cresselia
|-damage|p1a: Comfey|74/100|[from] item: Life Orb
|move|p2a: Cresselia|Psyshock|p1a: Comfey
|-damage|p1a: Comfey|0 fnt
|faint|p1a: Comfey
|
|upkeep
|
|t:|1758269688
|switch|p1a: Clodsire|Clodsire, F|100/100
|turn|10
|
|t:|1758269694
|switch|p2a: Klawf|Klawf, F|34/100
|move|p1a: Clodsire|Poison Jab|p2a: Klawf
|-resisted|p2a: Klawf
|-damage|p2a: Klawf|27/100
|
|upkeep
|turn|11
|
|t:|1758269702
|switch|p1a: Weezing|Weezing-Galar, M|100/100
|-ability|p1a: Weezing|Neutralizing Gas
|move|p2a: Klawf|Stealth Rock|p1a: Weezing
|-sidestart|p1: don coleone|move: Stealth Rock
|
|upkeep
|turn|12
|
|t:|1758269707
|move|p2a: Klawf|Knock Off|p1a: Weezing
|-resisted|p1a: Weezing
|-damage|p1a: Weezing|93/100
|-enditem|p1a: Weezing|Leftovers|[from] move: Knock Off|[of] p2a: Klawf
|move|p1a: Weezing|Toxic|p2a: Klawf
|-status|p2a: Klawf|tox
|
|-damage|p2a: Klawf|21/100 tox|[from] psn
|upkeep
|turn|13
|
|t:|1758269712
|switch|p2a: Tentacruel|Tentacruel, M|100/100
|move|p1a: Weezing|Strange Steam|p2a: Tentacruel
|-resisted|p2a: Tentacruel
|-damage|p2a: Tentacruel|93/100
|-start|p2a: Tentacruel|confusion
|
|upkeep
|turn|14
|
|t:|1758269717
|-end|p1a: Weezing|ability: Neutralizing Gas
|switch|p1a: Clodsire|Clodsire, F|100/100
|-damage|p1a: Clodsire|94/100|[from] Stealth Rock
|-activate|p2a: Tentacruel|confusion
|move|p2a: Tentacruel|Acid Spray|p1a: Clodsire
|-resisted|p1a: Clodsire
|-damage|p1a: Clodsire|92/100
|-unboost|p1a: Clodsire|spd|2
|
|-heal|p1a: Clodsire|99/100|[from] item: Leftovers
|upkeep
|turn|15
|
|t:|1758269721
|-activate|p2a: Tentacruel|confusion
|move|p2a: Tentacruel|Surf|p1a: Clodsire
|-supereffective|p1a: Clodsire
|-damage|p1a: Clodsire|18/100
|move|p1a: Clodsire|Earthquake|p2a: Tentacruel
|-supereffective|p2a: Tentacruel
|-damage|p2a: Tentacruel|26/100
|
|-heal|p1a: Clodsire|25/100|[from] item: Leftovers
|upkeep
|turn|16
|
|t:|1758269731
|switch|p2a: Ting-Lu|Ting-Lu|100/100
|-ability|p2a: Ting-Lu|Vessel of Ruin
|switch|p1a: Alomomola|Alomomola, F|100/100
|-damage|p1a: Alomomola|88/100|[from] Stealth Rock
|
|-heal|p1a: Alomomola|94/100|[from] item: Leftovers
|upkeep
|turn|17
|
|t:|1758269734
|move|p1a: Alomomola|Wish|p1a: Alomomola
|move|p2a: Ting-Lu|Spikes|p1a: Alomomola
|-sidestart|p1: don coleone|Spikes
|
|-heal|p1a: Alomomola|100/100|[from] item: Leftovers
|upkeep
|turn|18
|
|t:|1758269739
|move|p1a: Alomomola|Flip Turn|p2a: Ting-Lu
|-supereffective|p2a: Ting-Lu
|-damage|p2a: Ting-Lu|83/100
|
|t:|1758269741
|switch|p1a: Clodsire|Clodsire, F|25/100|[from] Flip Turn
|-damage|p1a: Clodsire|18/100|[from] Stealth Rock
|-damage|p1a: Clodsire|6/100|[from] Spikes
|move|p2a: Ting-Lu|Spikes|p1a: Clodsire
|-sidestart|p1: don coleone|Spikes
|
|-heal|p1a: Clodsire|63/100|[from] move: Wish|[wisher] Alomomola
|-heal|p2a: Ting-Lu|89/100|[from] item: Leftovers
|-heal|p1a: Clodsire|70/100|[from] item: Leftovers
|upkeep
|turn|19
|
|t:|1758269753
|switch|p1a: Weezing|Weezing-Galar, M|93/100
|-ability|p1a: Weezing|Neutralizing Gas
|-damage|p1a: Weezing|81/100|[from] Stealth Rock
|-damage|p1a: Weezing|65/100|[from] Spikes
|move|p2a: Ting-Lu|Earthquake|p1a: Weezing
|-supereffective|p1a: Weezing
|-damage|p1a: Weezing|18/100
|
|-heal|p2a: Ting-Lu|95/100|[from] item: Leftovers
|upkeep
|turn|20
|
|t:|1758269756
|move|p1a: Weezing|Toxic|p2a: Ting-Lu
|-status|p2a: Ting-Lu|tox
|move|p2a: Ting-Lu|Earthquake|p1a: Weezing
|-supereffective|p1a: Weezing
|-damage|p1a: Weezing|0 fnt
|faint|p1a: Weezing
|-end|p1a: Weezing|ability: Neutralizing Gas
|-ability|p2a: Ting-Lu|Vessel of Ruin
|
|-heal|p2a: Ting-Lu|100/100 tox|[from] item: Leftovers
|-damage|p2a: Ting-Lu|94/100 tox|[from] psn
|upkeep
|
|t:|1758269764
|switch|p1a: Clodsire|Clodsire, F|70/100
|-damage|p1a: Clodsire|63/100|[from] Stealth Rock
|-damage|p1a: Clodsire|47/100|[from] Spikes
|turn|21
|
|t:|1758269767
|move|p2a: Ting-Lu|Spikes|p1a: Clodsire
|-sidestart|p1: don coleone|Spikes
|move|p1a: Clodsire|Stealth Rock|p2a: Ting-Lu
|-sidestart|p2: slowbro named paul|move: Stealth Rock
|
|-heal|p2a: Ting-Lu|100/100 tox|[from] item: Leftovers
|-heal|p1a: Clodsire|53/100|[from] item: Leftovers
|-damage|p2a: Ting-Lu|88/100 tox|[from] psn
|upkeep
|turn|22
|
|t:|1758269773
|move|p2a: Ting-Lu|Earthquake|p1a: Clodsire
|-supereffective|p1a: Clodsire
|-damage|p1a: Clodsire|0 fnt
|faint|p1a: Clodsire
|
|-heal|p2a: Ting-Lu|94/100 tox|[from] item: Leftovers
|-damage|p2a: Ting-Lu|76/100 tox|[from] psn
|upkeep
|
|t:|1758269779
|switch|p1a: Alomomola|Alomomola, F|100/100
|-damage|p1a: Alomomola|88/100|[from] Stealth Rock
|-damage|p1a: Alomomola|63/100|[from] Spikes
|turn|23
|
|t:|1758269783
|move|p1a: Alomomola|Icy Wind|p2a: Ting-Lu
|-supereffective|p2a: Ting-Lu
|-damage|p2a: Ting-Lu|71/100 tox
|-unboost|p2a: Ting-Lu|spe|1
|move|p2a: Ting-Lu|Whirlwind|p1a: Alomomola
|drag|p1a: Lokix|Lokix, M|100/100
|
|-heal|p2a: Ting-Lu|77/100 tox|[from] item: Leftovers
|-damage|p2a: Ting-Lu|52/100 tox|[from] psn
|upkeep
|turn|24
|
|t:|1758269788
|move|p1a: Lokix|Swords Dance|p1a: Lokix
|-boost|p1a: Lokix|atk|2
|move|p2a: Ting-Lu|Whirlwind|p1a: Lokix
|drag|p1a: Alomomola|Alomomola, F|97/100
|-damage|p1a: Alomomola|84/100|[from] Stealth Rock
|-damage|p1a: Alomomola|59/100|[from] Spikes
|
|-heal|p1a: Alomomola|65/100|[from] item: Leftovers
|-heal|p2a: Ting-Lu|58/100 tox|[from] item: Leftovers
|-damage|p2a: Ting-Lu|27/100 tox|[from] psn
|upkeep
|turn|25
|
|t:|1758269792
|switch|p2a: Klawf|Klawf, F|21/100 tox
|move|p1a: Alomomola|Wish|p1a: Alomomola
|
|-heal|p1a: Alomomola|72/100|[from] item: Leftovers
|-damage|p2a: Klawf|14/100 tox|[from] psn
|upkeep
|turn|26
|
|t:|1758269796
|move|p2a: Klawf|Knock Off|p1a: Alomomola
|-crit|p1a: Alomomola
|-damage|p1a: Alomomola|53/100
|-enditem|p1a: Alomomola|Leftovers|[from] move: Knock Off|[of] p2a: Klawf
|move|p1a: Alomomola|Flip Turn|p2a: Klawf
|-supereffective|p2a: Klawf
|-damage|p2a: Klawf|0 fnt
|faint|p2a: Klawf
|
|t:|1758269802
|switch|p1a: Lokix|Lokix, M|100/100|[from] Flip Turn
|
|upkeep
|
|t:|1758269804
|switch|p2a: Cresselia|Cresselia, F, tera:Fairy|64/100
|-damage|p2a: Cresselia|52/100|[from] Stealth Rock
|turn|27
|
|t:|1758269811
|-terastallize|p1a: Lokix|Ghost
|move|p1a: Lokix|Swords Dance|p1a: Lokix
|-boost|p1a: Lokix|atk|2
|move|p2a: Cresselia|Moonblast|p1a: Lokix
|-damage|p1a: Lokix|51/100
|-unboost|p1a: Lokix|spa|1
|
|upkeep
|turn|28
|
|t:|1758269816
|move|p1a: Lokix|Knock Off|p2a: Cresselia
|-resisted|p2a: Cresselia
|-damage|p2a: Cresselia|7/100
|-damage|p1a: Lokix|35/100|[from] item: Rocky Helmet|[of] p2a: Cresselia
|-enditem|p2a: Cresselia|Rocky Helmet|[from] move: Knock Off|[of] p1a: Lokix
|move|p2a: Cresselia|Moonblast|p1a: Lokix
|-damage|p1a: Lokix|0 fnt
|faint|p1a: Lokix
|
|upkeep
|
|t:|1758269820
|switch|p1a: Alomomola|Alomomola, F|86/100
|-damage|p1a: Alomomola|74/100|[from] Stealth Rock
|-damage|p1a: Alomomola|49/100|[from] Spikes
|turn|29
|
|t:|1758269822
|move|p2a: Cresselia|Moonblast|p1a: Alomomola
|-damage|p1a: Alomomola|17/100
|-unboost|p1a: Alomomola|spa|1
|move|p1a: Alomomola|Flip Turn|p2a: Cresselia
|-damage|p2a: Cresselia|0 fnt
|faint|p2a: Cresselia
|
|upkeep
|l|☆don coleone
|inactive|don coleone disconnected and has a minute to reconnect!
|player|p1|
|
|t:|1758269827
|switch|p2a: Chesnaught|Chesnaught, F|100/100
|-damage|p2a: Chesnaught|94/100|[from] Stealth Rock
|turn|30
|inactive|don coleone has 30 seconds to reconnect!
|inactive|don coleone has 20 seconds to reconnect!
|inactive|don coleone has 15 seconds to reconnect!
|inactive|don coleone has 10 seconds to reconnect!
|inactive|don coleone has 5 seconds to reconnect!
|-message|don coleone lost due to inactivity.
|
|win|slowbro named paul
|raw|don coleone's rating: 1460 &rarr; <strong>1438</strong><br />(-22 for losing)
|raw|slowbro named paul's rating: 1429 &rarr; <strong>1451</strong><br />(+22 for winning)
|l|☆slowbro named paul
|player|p2|
