|j|☆Pig Perfect
|j|☆ollybomb
|t:|1758344155
|gametype|singles
|player|p1|Pig Perfect|workerice|1464
|player|p2|ollybomb|cress|1489
|gen|9
|tier|[Gen 9] OU
|rated|
|rule|HP Percentage Mod: HP is shown in percentages
|rule|Endless Battle Clause: Forcing endless battles is banned
|rule|Species Clause: Limit one of each Pokémon
|rule|OHKO Clause: OHKO moves are banned
|rule|Evasion Items Clause: Evasion items are banned
|rule|Evasion Moves Clause: Evasion moves are banned
|rule|Evasion Abilities Clause: Evasion abilities are banned
|rule|Sleep Moves Clause: Sleep-inducing moves are banned
|clearpoke
|poke|p1|Hawlucha, M|
|poke|p1|Iron Hands|
|poke|p1|Iron Treads|
|poke|p1|Kingambit, M|
|poke|p1|Quaquaval, F|
|poke|p1|Weezing-Galar, F|
|poke|p2|Ribombee, M|
|poke|p2|Gholdengo|
|poke|p2|Landorus-Therian, M|
|poke|p2|Iron Valiant|
|poke|p2|Darkrai|
|poke|p2|Dragapult, F|
|teampreview
|
|t:|1758344171
|teamsize|p1|6
|teamsize|p2|6
|start
|switch|p1a: Iron Treads|Iron Treads|100/100
|switch|p2a: Landorus|Landorus-Therian, M|100/100
|-item|p1a: Iron Treads|Air Balloon
|-ability|p2a: Landorus|Intimidate|boost
|-unboost|p1a: Iron Treads|atk|1
|turn|1
|
|t:|1758344180
|switch|p2a: Darkrai|Darkrai|100/100
|move|p1a: Iron Treads|Stealth Rock|p2a: Darkrai
|-sidestart|p2: ollybomb|move: Stealth Rock
|
|upkeep
|turn|2
|
|t:|1758344190
|switch|p2a: Ribombee|Ribombee, M|100/100
|-damage|p2a: Ribombee|76/100|[from] Stealth Rock
|-end|p1a: Iron Treads|Quark Drive|[silent]
|switch|p1a: Weezing|Weezing-Galar, F|100/100
|-fieldstart|move: Misty Terrain|[from] ability: Misty Surge|[of] p1a: Weezing
|
|upkeep
|turn|3
|
|t:|1758344214
|switch|p1a: Iron Treads|Iron Treads|100/100
|-item|p1a: Iron Treads|Air Balloon
|move|p2a: Ribombee|Sticky Web|p1a: Iron Treads
|-sidestart|p1: Pig Perfect|move: Sticky Web
|
|upkeep
|turn|4
|inactive|Battle timer is ON: inactive players will automatically lose when time's up. (requested by ollybomb)
|
|t:|1758344235
|move|p2a: Ribombee|Stun Spore|p1a: Iron Treads
|-status|p1a: Iron Treads|par
|move|p1a: Iron Treads|Ice Spinner|p2a: Ribombee
|-damage|p2a: Ribombee|31/100
|-fieldend|Misty Terrain
|
|upkeep
|turn|5
|
|t:|1758344242
|switch|p2a: Gholdengo|Gholdengo|100/100
|-damage|p2a: Gholdengo|94/100|[from] Stealth Rock
|-item|p2a: Gholdengo|Air Balloon
|move|p1a: Iron Treads|Ice Spinner|p2a: Gholdengo
|-resisted|p2a: Gholdengo
|-damage|p2a: Gholdengo|83/100
|-enditem|p2a: Gholdengo|Air Balloon
|
|upkeep
|turn|6
|
|t:|1758344247
|move|p2a: Gholdengo|Shadow Ball|p1a: Iron Treads
|-damage|p1a: Iron Treads|49/100 par
|-enditem|p1a: Iron Treads|Air Balloon
|move|p1a: Iron Treads|Earthquake|p2a: Gholdengo
|-supereffective|p2a: Gholdengo
|-damage|p2a: Gholdengo|0 fnt
|faint|p2a: Gholdengo
|
|upkeep
|
|t:|1758344252
|switch|p2a: Landorus|Landorus-Therian, M|100/100
|-damage|p2a: Landorus|88/100|[from] Stealth Rock
|-ability|p2a: Landorus|Intimidate|boost
|-unboost|p1a: Iron Treads|atk|1
|turn|7
|
|t:|1758344264
|-end|p1a: Iron Treads|Quark Drive|[silent]
|switch|p1a: Hawlucha|Hawlucha, M|100/100
|move|p2a: Landorus|Earthquake|p1a: Hawlucha
|-immune|p1a: Hawlucha
|
|upkeep
|turn|8
|
|t:|1758344268
|switch|p2a: Ribombee|Ribombee, M|31/100
|-damage|p2a: Ribombee|6/100|[from] Stealth Rock
|move|p1a: Hawlucha|Encore||[still]
|-fail|p1a: Hawlucha
|
|upkeep
|turn|9
|
|t:|1758344273
|switch|p1a: Weezing|Weezing-Galar, F|100/100
|-activate|p1a: Weezing|move: Sticky Web
|-unboost|p1a: Weezing|spe|1
|-fieldstart|move: Misty Terrain|[from] ability: Misty Surge|[of] p1a: Weezing
|move|p2a: Ribombee|Moonblast|p1a: Weezing
|-resisted|p1a: Weezing
|-damage|p1a: Weezing|78/100
|-unboost|p1a: Weezing|spa|1
|
|upkeep
|turn|10
|
|t:|1758344282
|move|p2a: Ribombee|Psychic Noise|p1a: Weezing
|-supereffective|p1a: Weezing
|-damage|p1a: Weezing|33/100
|-start|p1a: Weezing|move: Heal Block
|move|p1a: Weezing|Strange Steam|p2a: Ribombee
|-damage|p2a: Ribombee|0 fnt
|faint|p2a: Ribombee
|
|upkeep
|
|t:|1758344311
|switch|p2a: Landorus|Landorus-Therian, M|88/100
|-damage|p2a: Landorus|76/100|[from] Stealth Rock
|-ability|p2a: Landorus|Intimidate|boost
|-unboost|p1a: Weezing|atk|1
|turn|11
|
|t:|1758344327
|switch|p2a: Darkrai|Darkrai|100/100
|switch|p1a: Hawlucha|Hawlucha, M|100/100
|-enditem|p1a: Hawlucha|Misty Seed
|-boost|p1a: Hawlucha|spd|1|[from] item: Misty Seed
|
|upkeep
|turn|12
|inactive|ollybomb has 120 seconds left.
|
|t:|1758344357
|-terastallize|p2a: Darkrai|Poison
|move|p1a: Hawlucha|Swords Dance|p1a: Hawlucha
|-boost|p1a: Hawlucha|atk|2
|move|p2a: Darkrai|Sludge Bomb|p1a: Hawlucha
|-crit|p1a: Hawlucha
|-damage|p1a: Hawlucha|0 fnt
|faint|p1a: Hawlucha
|
|upkeep
|
|t:|1758344371
|switch|p1a: Iron Treads|Iron Treads|49/100 par
|-activate|p1a: Iron Treads|move: Sticky Web
|-unboost|p1a: Iron Treads|spe|1
|turn|13
|inactive|ollybomb has 120 seconds left.
|
|t:|1758344385
|switch|p2a: Dragapult|Dragapult, F|100/100
|-damage|p2a: Dragapult|88/100|[from] Stealth Rock
|move|p1a: Iron Treads|Rapid Spin|p2a: Dragapult
|-immune|p2a: Dragapult
|
|upkeep
|turn|14
|
|t:|1758344388
|move|p2a: Dragapult|Dragon Darts|p1a: Iron Treads
|-resisted|p1a: Iron Treads
|-damage|p1a: Iron Treads|42/100 par
|-anim|p2a: Dragapult|Dragon Darts|p1a: Iron Treads
|-resisted|p1a: Iron Treads
|-damage|p1a: Iron Treads|35/100 par
|-damage|p2a: Dragapult|78/100|[from] item: Life Orb
|move|p1a: Iron Treads|Ice Spinner|p2a: Dragapult
|-supereffective|p2a: Dragapult
|-damage|p2a: Dragapult|15/100
|-fieldend|Misty Terrain
|
|upkeep
|turn|15
|
|t:|1758344394
|-end|p1a: Iron Treads|Quark Drive|[silent]
|switch|p1a: Weezing|Weezing-Galar, F|33/100
|-activate|p1a: Weezing|move: Sticky Web
|-unboost|p1a: Weezing|spe|1
|-fieldstart|move: Misty Terrain|[from] ability: Misty Surge|[of] p1a: Weezing
|move|p2a: Dragapult|Dragon Darts|p1a: Weezing
|-immune|p1a: Weezing
|
|upkeep
|turn|16
|
|t:|1758344405
|switch|p1a: Kingambit|Kingambit, M|100/100
|-activate|p1a: Kingambit|move: Sticky Web
|-unboost|p1a: Kingambit|spe|1
|-activate|p1a: Kingambit|ability: Supreme Overlord
|-start|p1a: Kingambit|fallen1|[silent]
|move|p2a: Dragapult|Dragon Dance|p2a: Dragapult
|-boost|p2a: Dragapult|atk|1
|-boost|p2a: Dragapult|spe|1
|
|upkeep
|turn|17
|
|t:|1758344412
|move|p2a: Dragapult|U-turn|p1a: Kingambit
|-damage|p1a: Kingambit|60/100
|-damage|p2a: Dragapult|5/100|[from] item: Life Orb
|
|t:|1758344423
|switch|p2a: Landorus|Landorus-Therian, M|76/100|[from] U-turn
|-damage|p2a: Landorus|64/100|[from] Stealth Rock
|-ability|p2a: Landorus|Intimidate|boost
|-unboost|p1a: Kingambit|atk|1
|move|p1a: Kingambit|Swords Dance|p1a: Kingambit
|-boost|p1a: Kingambit|atk|2
|
|-heal|p1a: Kingambit|66/100|[from] item: Leftovers
|upkeep
|turn|18
|
|t:|1758344448
|switch|p2a: Dragapult|Dragapult, F|5/100
|-damage|p2a: Dragapult|0 fnt|[from] Stealth Rock
|faint|p2a: Dragapult
|-end|p1a: Kingambit|fallen1|[silent]
|switch|p1a: Iron Treads|Iron Treads|35/100 par
|-activate|p1a: Iron Treads|move: Sticky Web
|-unboost|p1a: Iron Treads|spe|1
|
|upkeep
|
|t:|1758344457
|switch|p2a: Landorus|Landorus-Therian, M|64/100
|-damage|p2a: Landorus|52/100|[from] Stealth Rock
|-ability|p2a: Landorus|Intimidate|boost
|-unboost|p1a: Iron Treads|atk|1
|turn|19
|
|t:|1758344466
|move|p2a: Landorus|Earthquake|p1a: Iron Treads
|-supereffective|p1a: Iron Treads
|-damage|p1a: Iron Treads|0 fnt
|faint|p1a: Iron Treads
|-end|p1a: Iron Treads|Quark Drive|[silent]
|
|upkeep
|
|t:|1758344471
|switch|p1a: Quaquaval|Quaquaval, F|100/100
|-activate|p1a: Quaquaval|move: Sticky Web
|-unboost|p1a: Quaquaval|spe|1
|-enditem|p1a: Quaquaval|Misty Seed
|-boost|p1a: Quaquaval|spd|1|[from] item: Misty Seed
|turn|20
|
|t:|1758344500
|switch|p2a: Iron Valiant|Iron Valiant|100/100
|-damage|p2a: Iron Valiant|94/100|[from] Stealth Rock
|-enditem|p2a: Iron Valiant|Booster Energy
|-activate|p2a: Iron Valiant|ability: Quark Drive|[fromitem]
|-start|p2a: Iron Valiant|quarkdriveatk
|move|p1a: Quaquaval|Aqua Step|p2a: Iron Valiant
|-damage|p2a: Iron Valiant|42/100
|-boost|p1a: Quaquaval|spe|1
|
|upkeep
|turn|21
|
|t:|1758344508
|move|p2a: Iron Valiant|Close Combat|p1a: Quaquaval
|-damage|p1a: Quaquaval|0 fnt
|-unboost|p2a: Iron Valiant|def|1
|-unboost|p2a: Iron Valiant|spd|1
|faint|p1a: Quaquaval
|
|upkeep
|
|t:|1758344524
|switch|p1a: Weezing|Weezing-Galar, F|33/100
|-activate|p1a: Weezing|move: Sticky Web
|-unboost|p1a: Weezing|spe|1
|turn|22
|
|t:|1758344527
|-end|p2a: Iron Valiant|Quark Drive|[silent]
|switch|p2a: Darkrai|Darkrai, tera:Poison|100/100
|move|p1a: Weezing|Strange Steam|p2a: Darkrai
|-resisted|p2a: Darkrai
|-damage|p2a: Darkrai|83/100
|
|-fieldend|Misty Terrain
|upkeep
|turn|23
|
|t:|1758344555
|switch|p2a: Iron Valiant|Iron Valiant|42/100
|-damage|p2a: Iron Valiant|36/100|[from] Stealth Rock
|move|p1a: Weezing|Pain Split|p2a: Iron Valiant
|-sethp|p2a: Iron Valiant|37/100|[from] move: Pain Split|[silent]
|-sethp|p1a: Weezing|32/100|[from] move: Pain Split
|
|upkeep
|turn|24
|
|t:|1758344574
|-end|p2a: Iron Valiant|Quark Drive|[silent]
|switch|p2a: Darkrai|Darkrai, tera:Poison|83/100
|move|p1a: Weezing|Strange Steam|p2a: Darkrai
|-resisted|p2a: Darkrai
|-damage|p2a: Darkrai|66/100
|-start|p2a: Darkrai|confusion
|
|upkeep
|turn|25
|
|t:|1758344581
|switch|p2a: Iron Valiant|Iron Valiant|37/100
|-damage|p2a: Iron Valiant|31/100|[from] Stealth Rock
|move|p1a: Weezing|Strange Steam|p2a: Iron Valiant
|-supereffective|p2a: Iron Valiant
|-damage|p2a: Iron Valiant|0 fnt
|faint|p2a: Iron Valiant
|-end|p2a: Iron Valiant|Quark Drive|[silent]
|
|upkeep
|
|t:|1758344584
|switch|p2a: Landorus|Landorus-Therian, M|52/100
|-damage|p2a: Landorus|39/100|[from] Stealth Rock
|-ability|p2a: Landorus|Intimidate|boost
|-unboost|p1a: Weezing|atk|1
|turn|26
|
|t:|1758344589
|move|p2a: Landorus|Earthquake|p1a: Weezing
|-supereffective|p1a: Weezing
|-damage|p1a: Weezing|0 fnt
|faint|p1a: Weezing
|
|upkeep
|
|t:|1758344595
|switch|p1a: Kingambit|Kingambit, M|66/100
|-activate|p1a: Kingambit|move: Sticky Web
|-unboost|p1a: Kingambit|spe|1
|-activate|p1a: Kingambit|ability: Supreme Overlord
|-start|p1a: Kingambit|fallen4|[silent]
|turn|27
|
|t:|1758344610
|move|p1a: Kingambit|Sucker Punch||[still]
|-fail|p1a: Kingambit
|move|p2a: Landorus|Swords Dance|p2a: Landorus
|-boost|p2a: Landorus|atk|2
|
|-heal|p1a: Kingambit|72/100|[from] item: Leftovers
|upkeep
|turn|28
|
|t:|1758344621
|move|p1a: Kingambit|Sucker Punch|p2a: Landorus
|-damage|p2a: Landorus|0 fnt
|faint|p2a: Landorus
|
|-heal|p1a: Kingambit|79/100|[from] item: Leftovers
|upkeep
|-message|ollybomb forfeited.
|
|win|Pig Perfect
|raw|Pig Perfect's rating: 1464 &rarr; <strong>1485</strong><br />(+21 for winning)
|raw|ollybomb's rating: 1489 &rarr; <strong>1468</strong><br />(-21 for losing)
|l|☆ollybomb
|player|p2|
|l|☆Pig Perfect
|player|p1|
