|j|☆MBRis
|j|☆chenlongzhenniubi
|t:|1758294666
|gametype|singles
|player|p1|MBRis|102|1193
|player|p2|chenlongzhenniubi|102|1233
|gen|9
|tier|[Gen 9] OU
|rated|
|rule|HP Percentage Mod: HP is shown in percentages
|rule|Endless Battle Clause: Forcing endless battles is banned
|rule|Species Clause: Limit one of each Pokémon
|rule|OHKO Clause: OHKO moves are banned
|rule|Evasion Items Clause: Evasion items are banned
|rule|Evasion Moves Clause: Evasion moves are banned
|rule|Evasion Abilities Clause: Evasion abilities are banned
|rule|Sleep Moves Clause: Sleep-inducing moves are banned
|clearpoke
|poke|p1|Masquerain, M|
|poke|p1|Serperior, M|
|poke|p1|Malamar, M|
|poke|p1|Cinderace, F|
|poke|p1|Quaquaval, F|
|poke|p1|Donphan, L25, F|
|poke|p2|Pelipper, F|
|poke|p2|Ogerpon-Wellspring, F|
|poke|p2|Greninja-*, M|
|poke|p2|Ludicolo, M|
|poke|p2|Iron Treads|
|poke|p2|Sandy Shocks|
|teampreview
|inactive|Battle timer is ON: inactive players will automatically lose when time's up. (requested by MBRis)
|
|t:|1758294674
|teamsize|p1|6
|teamsize|p2|6
|start
|switch|p1a: Quaquaval|Quaquaval, F|100/100
|switch|p2a: Pelipper|Pelipper, F|100/100
|-weather|RainDance|[from] ability: Drizzle|[of] p2a: Pelipper
|turn|1
|
|t:|1758294681
|-terastallize|p1a: Quaquaval|Water
|move|p1a: Quaquaval|Aqua Step|p2a: Pelipper
|-resisted|p2a: Pelipper
|-damage|p2a: Pelipper|58/100
|-boost|p1a: Quaquaval|spe|1
|move|p2a: Pelipper|Hurricane|p1a: Quaquaval
|-damage|p1a: Quaquaval|50/100
|
|-weather|RainDance|[upkeep]
|upkeep
|turn|2
|
|t:|1758294694
|move|p1a: Quaquaval|Swords Dance|p1a: Quaquaval
|-boost|p1a: Quaquaval|atk|2
|move|p2a: Pelipper|U-turn|p1a: Quaquaval
|-damage|p1a: Quaquaval|39/100
|
|t:|1758294699
|switch|p2a: Ogerpon|Ogerpon-Wellspring, F|100/100|[from] U-turn
|
|-weather|RainDance|[upkeep]
|upkeep
|turn|3
|
|t:|1758294705
|-terastallize|p2a: Ogerpon|Water
|detailschange|p2a: Ogerpon|Ogerpon-Wellspring-Tera, F, tera:Water
|-ability|p2a: Ogerpon|Embody Aspect (Wellspring)|boost
|-boost|p2a: Ogerpon|spd|1
|move|p1a: Quaquaval|Acrobatics|p2a: Ogerpon
|-damage|p2a: Ogerpon|48/100
|move|p2a: Ogerpon|Horn Leech|p1a: Quaquaval
|-supereffective|p1a: Quaquaval
|-damage|p1a: Quaquaval|0 fnt
|-heal|p2a: Ogerpon|68/100|[from] drain|[of] p1a: Quaquaval
|faint|p1a: Quaquaval
|
|-weather|RainDance|[upkeep]
|upkeep
|
|t:|1758294717
|switch|p1a: Serperior|Serperior, M|100/100
|turn|4
|
|t:|1758294723
|move|p1a: Serperior|Leaf Storm|p2a: Ogerpon
|-supereffective|p2a: Ogerpon
|-crit|p2a: Ogerpon
|-damage|p2a: Ogerpon|0 fnt
|-boost|p1a: Serperior|spa|2
|faint|p2a: Ogerpon
|detailschange|p2: Ogerpon|Ogerpon-Wellspring, F|[silent]
|
|-weather|RainDance|[upkeep]
|upkeep
|
|t:|1758294740
|switch|p2a: Sandy Shocks|Sandy Shocks|100/100
|-enditem|p2a: Sandy Shocks|Booster Energy
|-activate|p2a: Sandy Shocks|ability: Protosynthesis|[fromitem]
|-start|p2a: Sandy Shocks|protosynthesisspa
|turn|5
|
|t:|1758294747
|move|p1a: Serperior|Leaf Storm|p2a: Sandy Shocks
|-supereffective|p2a: Sandy Shocks
|-damage|p2a: Sandy Shocks|0 fnt
|-boost|p1a: Serperior|spa|2
|faint|p2a: Sandy Shocks
|-end|p2a: Sandy Shocks|Protosynthesis|[silent]
|
|-weather|RainDance|[upkeep]
|upkeep
|
|t:|1758294756
|switch|p2a: Ludicolo|Ludicolo, M|100/100
|turn|6
|
|t:|1758294762
|move|p2a: Ludicolo|Hydro Pump|p1a: Serperior
|-resisted|p1a: Serperior
|-crit|p1a: Serperior
|-damage|p1a: Serperior|7/100
|move|p1a: Serperior|Leaf Storm|p2a: Ludicolo
|-damage|p2a: Ludicolo|0 fnt
|-boost|p1a: Serperior|spa|2
|faint|p2a: Ludicolo
|
|-weather|RainDance|[upkeep]
|upkeep
|
|t:|1758294765
|switch|p2a: Greninja|Greninja, M|100/100
|turn|7
|
|t:|1758294769
|move|p2a: Greninja|Water Shuriken|p1a: Serperior
|-resisted|p1a: Serperior
|-damage|p1a: Serperior|0 fnt
|faint|p1a: Serperior
|-ability|p2a: Greninja|Battle Bond|boost
|-boost|p2a: Greninja|atk|1
|-boost|p2a: Greninja|spa|1
|-boost|p2a: Greninja|spe|1
|-activate|p2a: Greninja|ability: Battle Bond
|-hitcount|p1: Serperior|1
|
|-weather|RainDance|[upkeep]
|upkeep
|
|t:|1758294773
|switch|p1a: Donphan|Donphan, L25, F|100/100
|turn|8
|
|t:|1758294775
|move|p2a: Greninja|Water Shuriken|p1a: Donphan
|-supereffective|p1a: Donphan
|-ability|p1a: Donphan|Sturdy
|-damage|p1a: Donphan|2/100
|-supereffective|p1a: Donphan
|-damage|p1a: Donphan|0 fnt
|faint|p1a: Donphan
|-hitcount|p1: Donphan|2
|
|-weather|none
|upkeep
|
|t:|1758294783
|switch|p1a: Malamar|Malamar, M|100/100
|turn|9
|
|t:|1758294786
|move|p2a: Greninja|Water Shuriken|p1a: Malamar
|-damage|p1a: Malamar|87/100
|-damage|p1a: Malamar|73/100
|-damage|p1a: Malamar|60/100
|-damage|p1a: Malamar|47/100
|-damage|p1a: Malamar|35/100
|-hitcount|p1a: Malamar|5
|move|p1a: Malamar|Superpower|p2a: Greninja
|-supereffective|p2a: Greninja
|-damage|p2a: Greninja|0 fnt
|-boost|p1a: Malamar|atk|1
|-boost|p1a: Malamar|def|1
|faint|p2a: Greninja
|-damage|p1a: Malamar|25/100|[from] item: Life Orb
|
|upkeep
|
|t:|1758294789
|switch|p2a: Pelipper|Pelipper, F|58/100
|-weather|RainDance|[from] ability: Drizzle|[of] p2a: Pelipper
|turn|10
|
|t:|1758294796
|move|p2a: Pelipper|Hydro Pump|p1a: Malamar
|-damage|p1a: Malamar|0 fnt
|faint|p1a: Malamar
|
|-weather|RainDance|[upkeep]
|upkeep
|
|t:|1758294801
|switch|p1a: Masquerain|Masquerain, M|100/100
|-ability|p1a: Masquerain|Intimidate|boost
|-unboost|p2a: Pelipper|atk|1
|turn|11
|
|t:|1758294805
|move|p1a: Masquerain|Tailwind|p1a: Masquerain
|-sidestart|p1: MBRis|move: Tailwind
|move|p2a: Pelipper|Hurricane|p1a: Masquerain
|-supereffective|p1a: Masquerain
|-damage|p1a: Masquerain|2/100
|
|-weather|RainDance|[upkeep]
|upkeep
|turn|12
|
|t:|1758294810
|move|p1a: Masquerain|Lunge|p2a: Pelipper
|-resisted|p2a: Pelipper
|-damage|p2a: Pelipper|45/100
|-unboost|p2a: Pelipper|atk|1
|move|p2a: Pelipper|U-turn|p1a: Masquerain
|-resisted|p1a: Masquerain
|-damage|p1a: Masquerain|0 fnt
|faint|p1a: Masquerain
|
|t:|1758294816
|switch|p2a: Iron Treads|Iron Treads|100/100|[from] U-turn
|-enditem|p2a: Iron Treads|Booster Energy
|-activate|p2a: Iron Treads|ability: Quark Drive|[fromitem]
|-start|p2a: Iron Treads|quarkdriveatk
|
|-weather|RainDance|[upkeep]
|upkeep
|
|t:|1758294818
|switch|p1a: Cinderace|Cinderace, F|100/100
|turn|13
|
|t:|1758294827
|move|p1a: Cinderace|Flare Blitz|p2a: Iron Treads
|-supereffective|p2a: Iron Treads
|-damage|p2a: Iron Treads|60/100
|-damage|p1a: Cinderace|85/100|[from] Recoil
|move|p2a: Iron Treads|Earthquake|p1a: Cinderace
|-supereffective|p1a: Cinderace
|-damage|p1a: Cinderace|0 fnt
|faint|p1a: Cinderace
|
|win|chenlongzhenniubi
|raw|MBRis's rating: 1193 &rarr; <strong>1171</strong><br />(-22 for losing)
|raw|chenlongzhenniubi's rating: 1233 &rarr; <strong>1255</strong><br />(+22 for winning)
|l|☆MBRis
|player|p1|
|l|☆chenlongzhenniubi
|player|p2|
