|j|‽Ferraq
|j|☆Absol656060
|t:|1758270280
|gametype|singles
|player|p1|Ferraq|102|1075
|player|p2|Absol656060|bellelba|1112
|gen|9
|tier|[Gen 9] OU
|rated|
|rule|HP Percentage Mod: HP is shown in percentages
|rule|Endless Battle Clause: Forcing endless battles is banned
|rule|Species Clause: Limit one of each Pokémon
|rule|OHKO Clause: OHKO moves are banned
|rule|Evasion Items Clause: Evasion items are banned
|rule|Evasion Moves Clause: Evasion moves are banned
|rule|Evasion Abilities Clause: Evasion abilities are banned
|rule|Sleep Moves Clause: Sleep-inducing moves are banned
|clearpoke
|poke|p1|Landorus-Therian, M|
|poke|p1|Toxapex, F|
|poke|p1|Dragonite, M|
|poke|p1|Ninetales-Alola, M|
|poke|p1|Kingambit, M|
|poke|p1|Cinderace, M|
|poke|p2|Kyurem|
|poke|p2|Slowking-Galar, M|
|poke|p2|Iron Treads|
|poke|p2|Zamazenta-*|
|poke|p2|Zapdos|
|poke|p2|Samurott-Hisui, M|
|teampreview
|inactive|Battle timer is ON: inactive players will automatically lose when time's up. (requested by Absol656060)
|inactive|Absol656060 has 120 seconds left.
|l|‽Ferraq
|inactive|Ferraq disconnected and has a minute to reconnect!
|player|p1|
|
|t:|1758270331
|teamsize|p1|6
|teamsize|p2|6
|start
|switch|p1a: Landorus|Landorus-Therian, M, shiny|100/100
|switch|p2a: Slowking|Slowking-Galar, M|100/100
|-ability|p1a: Landorus|Intimidate|boost
|-unboost|p2a: Slowking|atk|1
|turn|1
|j|‽Ferraq
|inactive|Ferraq reconnected and has 150 seconds left.
|player|p1|Ferraq|102|
|n|‽Ferraq|ferraq
|n|☆Ferraq|ferraq
|
|t:|1758270350
|switch|p2a: Zapdos|Zapdos|100/100
|move|p1a: Landorus|Stone Edge|p2a: Zapdos
|-supereffective|p2a: Zapdos
|-damage|p2a: Zapdos|34/100
|-damage|p1a: Landorus|90/100|[from] item: Life Orb
|
|upkeep
|turn|2
|inactive|Absol656060 has 120 seconds left.
|
|t:|1758270384
|switch|p2a: Samurott|Samurott-Hisui, M, shiny|100/100
|move|p1a: Landorus|Stealth Rock|p2a: Samurott
|-sidestart|p2: Absol656060|move: Stealth Rock
|
|upkeep
|turn|3
|inactive|Absol656060 has 120 seconds left.
|
|t:|1758270407
|switch|p1a: Toxapex|Toxapex, F, shiny|100/100
|move|p2a: Samurott|Ceaseless Edge|p1a: Toxapex
|-damage|p1a: Toxapex|60/100
|-sidestart|p1: Ferraq|Spikes
|
|-heal|p1a: Toxapex|66/100|[from] item: Black Sludge
|upkeep
|turn|4
|inactive|Absol656060 has 120 seconds left.
|
|t:|1758270416
|switch|p2a: Iron Treads|Iron Treads|100/100
|move|p1a: Toxapex|Toxic Spikes|p2a: Iron Treads
|-sidestart|p2: Absol656060|move: Toxic Spikes
|
|-heal|p1a: Toxapex|73/100|[from] item: Black Sludge
|upkeep
|turn|5
|
|t:|1758270425
|move|p1a: Toxapex|Baneful Bunker|p1a: Toxapex
|-singleturn|p1a: Toxapex|move: Protect
|move|p2a: Iron Treads|Stealth Rock|p1a: Toxapex
|-sidestart|p1: Ferraq|move: Stealth Rock
|
|-heal|p1a: Toxapex|79/100|[from] item: Black Sludge
|upkeep
|turn|6
|
|t:|1758270432
|move|p2a: Iron Treads|Rapid Spin|p1a: Toxapex
|-damage|p1a: Toxapex|69/100
|-boost|p2a: Iron Treads|spe|1
|-sideend|p2: Absol656060|Toxic Spikes|[from] move: Rapid Spin|[of] p2a: Iron Treads
|-sideend|p2: Absol656060|Stealth Rock|[from] move: Rapid Spin|[of] p2a: Iron Treads
|move|p1a: Toxapex|Toxic Spikes|p2a: Iron Treads
|-sidestart|p2: Absol656060|move: Toxic Spikes
|
|-heal|p1a: Toxapex|75/100|[from] item: Black Sludge
|upkeep
|turn|7
|
|t:|1758270450
|move|p2a: Iron Treads|Earthquake|p1a: Toxapex
|-supereffective|p1a: Toxapex
|-damage|p1a: Toxapex|9/100
|move|p1a: Toxapex|Surf|p2a: Iron Treads
|-supereffective|p2a: Iron Treads
|-damage|p2a: Iron Treads|54/100
|
|-heal|p1a: Toxapex|15/100|[from] item: Black Sludge
|upkeep
|turn|8
|
|t:|1758270460
|move|p1a: Toxapex|Baneful Bunker|p1a: Toxapex
|-singleturn|p1a: Toxapex|move: Protect
|move|p2a: Iron Treads|Earthquake|p1a: Toxapex
|-activate|p1a: Toxapex|move: Protect
|
|-heal|p1a: Toxapex|22/100|[from] item: Black Sludge
|upkeep
|turn|9
|
|t:|1758270477
|switch|p1a: Landorus|Landorus-Therian, M, shiny|90/100
|-damage|p1a: Landorus|78/100|[from] Stealth Rock
|-ability|p1a: Landorus|Intimidate|boost
|-unboost|p2a: Iron Treads|atk|1
|move|p2a: Iron Treads|Knock Off|p1a: Landorus
|-damage|p1a: Landorus|59/100
|-enditem|p1a: Landorus|Life Orb|[from] move: Knock Off|[of] p2a: Iron Treads
|
|upkeep
|turn|10
|
|t:|1758270505
|-terastallize|p2a: Iron Treads|Water
|move|p2a: Iron Treads|Rapid Spin|p1a: Landorus
|-damage|p1a: Landorus|49/100
|-boost|p2a: Iron Treads|spe|1
|-sideend|p2: Absol656060|Toxic Spikes|[from] move: Rapid Spin|[of] p2a: Iron Treads
|move|p1a: Landorus|Earthquake|p2a: Iron Treads
|-damage|p2a: Iron Treads|7/100
|
|upkeep
|turn|11
|
|t:|1758270514
|move|p2a: Iron Treads|Knock Off|p1a: Landorus
|-damage|p1a: Landorus|36/100
|move|p1a: Landorus|Earthquake|p2a: Iron Treads
|-damage|p2a: Iron Treads|0 fnt
|faint|p2a: Iron Treads
|-end|p2a: Iron Treads|Quark Drive|[silent]
|
|upkeep
|
|t:|1758270528
|switch|p2a: Zamazenta|Zamazenta|100/100
|-ability|p2a: Zamazenta|Dauntless Shield|boost
|-boost|p2a: Zamazenta|def|1
|turn|12
|
|t:|1758270545
|switch|p1a: Cinderace|Cinderace, M|100/100
|-damage|p1a: Cinderace|88/100|[from] Spikes
|-damage|p1a: Cinderace|63/100|[from] Stealth Rock
|move|p2a: Zamazenta|Substitute|p2a: Zamazenta
|-start|p2a: Zamazenta|Substitute
|-damage|p2a: Zamazenta|75/100
|
|-heal|p2a: Zamazenta|82/100|[from] item: Leftovers
|upkeep
|turn|13
|
|t:|1758270563
|move|p2a: Zamazenta|Iron Defense|p2a: Zamazenta
|-boost|p2a: Zamazenta|def|2
|move|p1a: Cinderace|Zen Headbutt|p2a: Zamazenta
|-supereffective|p2a: Zamazenta
|-crit|p2a: Zamazenta
|-end|p2a: Zamazenta|Substitute
|-damage|p1a: Cinderace|53/100|[from] item: Life Orb
|
|-heal|p2a: Zamazenta|88/100|[from] item: Leftovers
|upkeep
|turn|14
|
|t:|1758270573
|move|p2a: Zamazenta|Substitute|p2a: Zamazenta
|-start|p2a: Zamazenta|Substitute
|-damage|p2a: Zamazenta|63/100
|move|p1a: Cinderace|Zen Headbutt|p2a: Zamazenta
|-supereffective|p2a: Zamazenta
|-activate|p2a: Zamazenta|move: Substitute|[damage]
|-damage|p1a: Cinderace|44/100|[from] item: Life Orb
|
|-heal|p2a: Zamazenta|69/100|[from] item: Leftovers
|upkeep
|turn|15
|
|t:|1758270583
|move|p2a: Zamazenta|Iron Defense|p2a: Zamazenta
|-boost|p2a: Zamazenta|def|2
|move|p1a: Cinderace|Zen Headbutt|p2a: Zamazenta
|-supereffective|p2a: Zamazenta
|-end|p2a: Zamazenta|Substitute
|-damage|p1a: Cinderace|34/100|[from] item: Life Orb
|
|-heal|p2a: Zamazenta|75/100|[from] item: Leftovers
|upkeep
|turn|16
|
|t:|1758270592
|move|p2a: Zamazenta|Substitute|p2a: Zamazenta
|-start|p2a: Zamazenta|Substitute
|-damage|p2a: Zamazenta|50/100
|move|p1a: Cinderace|Zen Headbutt|p2a: Zamazenta
|-supereffective|p2a: Zamazenta
|-activate|p2a: Zamazenta|move: Substitute|[damage]
|-damage|p1a: Cinderace|24/100|[from] item: Life Orb
|
|-heal|p2a: Zamazenta|56/100|[from] item: Leftovers
|upkeep
|turn|17
|
|t:|1758270610
|move|p1a: Cinderace|Sucker Punch|p2a: Zamazenta
|-resisted|p2a: Zamazenta
|-activate|p2a: Zamazenta|move: Substitute|[damage]
|-damage|p1a: Cinderace|14/100|[from] item: Life Orb
|move|p2a: Zamazenta|Body Press|p1a: Cinderace
|-damage|p1a: Cinderace|0 fnt
|faint|p1a: Cinderace
|
|-heal|p2a: Zamazenta|63/100|[from] item: Leftovers
|upkeep
|
|t:|1758270624
|switch|p1a: Toxapex|Toxapex, F, shiny|55/100
|-damage|p1a: Toxapex|42/100|[from] Spikes
|-damage|p1a: Toxapex|30/100|[from] Stealth Rock
|turn|18
|
|t:|1758270634
|move|p1a: Toxapex|Baneful Bunker|p1a: Toxapex
|-singleturn|p1a: Toxapex|move: Protect
|move|p2a: Zamazenta|Iron Defense|p2a: Zamazenta
|-boost|p2a: Zamazenta|def|1
|
|-heal|p2a: Zamazenta|69/100|[from] item: Leftovers
|-heal|p1a: Toxapex|36/100|[from] item: Black Sludge
|upkeep
|turn|19
|
|t:|1758270645
|move|p2a: Zamazenta|Body Press|p1a: Toxapex
|-resisted|p1a: Toxapex
|-damage|p1a: Toxapex|0 fnt
|faint|p1a: Toxapex
|
|-heal|p2a: Zamazenta|75/100|[from] item: Leftovers
|upkeep
|
|t:|1758270655
|switch|p1a: Ninetales|Ninetales-Alola, M, shiny|100/100
|-damage|p1a: Ninetales|88/100|[from] Spikes
|-damage|p1a: Ninetales|63/100|[from] Stealth Rock
|-weather|Snowscape|[from] ability: Snow Warning|[of] p1a: Ninetales
|turn|20
|
|t:|1758270663
|move|p2a: Zamazenta|Body Press|p1a: Ninetales
|-damage|p1a: Ninetales|0 fnt
|faint|p1a: Ninetales
|
|-weather|Snowscape|[upkeep]
|-heal|p2a: Zamazenta|81/100|[from] item: Leftovers
|upkeep
|
|t:|1758270672
|switch|p1a: Landorus|Landorus-Therian, M, shiny|36/100
|-damage|p1a: Landorus|24/100|[from] Stealth Rock
|-ability|p1a: Landorus|Intimidate|boost
|-immune|p2a: Zamazenta
|turn|21
|
|t:|1758270678
|move|p2a: Zamazenta|Body Press|p1a: Landorus
|-resisted|p1a: Landorus
|-damage|p1a: Landorus|0 fnt
|faint|p1a: Landorus
|
|-weather|Snowscape|[upkeep]
|-heal|p2a: Zamazenta|87/100|[from] item: Leftovers
|upkeep
|
|t:|1758270687
|switch|p1a: Dragonite|Dragonite, M, shiny|100/100
|-damage|p1a: Dragonite|75/100|[from] Stealth Rock
|turn|22
|
|t:|1758270693
|move|p1a: Dragonite|Extreme Speed|p2a: Zamazenta
|-activate|p2a: Zamazenta|move: Substitute|[damage]
|move|p2a: Zamazenta|Body Press|p1a: Dragonite
|-resisted|p1a: Dragonite
|-damage|p1a: Dragonite|4/100
|
|-weather|Snowscape|[upkeep]
|-heal|p2a: Zamazenta|94/100|[from] item: Leftovers
|upkeep
|turn|23
|
|t:|1758270709
|move|p1a: Dragonite|Extreme Speed|p2a: Zamazenta
|-end|p2a: Zamazenta|Substitute
|move|p2a: Zamazenta|Body Press|p1a: Dragonite
|-resisted|p1a: Dragonite
|-damage|p1a: Dragonite|0 fnt
|faint|p1a: Dragonite
|
|-weather|Snowscape|[upkeep]
|-heal|p2a: Zamazenta|99/100|[from] item: Leftovers
|upkeep
|
|t:|1758270722
|switch|p1a: Kingambit|Kingambit, M, shiny|100/100
|-damage|p1a: Kingambit|88/100|[from] Spikes
|-damage|p1a: Kingambit|82/100|[from] Stealth Rock
|-activate|p1a: Kingambit|ability: Supreme Overlord
|-start|p1a: Kingambit|fallen5|[silent]
|turn|24
|inactive|Ferraq has 120 seconds left.
|
|t:|1758270744
|-terastallize|p1a: Kingambit|Dark
|move|p2a: Zamazenta|Body Press|p1a: Kingambit
|-supereffective|p1a: Kingambit
|-damage|p1a: Kingambit|0 fnt
|faint|p1a: Kingambit
|-end|p1a: Kingambit|fallen5|[silent]
|
|win|Absol656060
|raw|Ferraq's rating: 1075 &rarr; <strong>1056</strong><br />(-19 for losing)
|raw|Absol656060's rating: 1112 &rarr; <strong>1134</strong><br />(+22 for winning)
