|j|☆sly_skip
|j|☆mansonabuluting
|t:|1758372452
|gametype|singles
|player|p1|sly_skip|169|1565
|player|p2|mansonabuluting|bellelba|1621
|gen|9
|tier|[Gen 9] OU
|rated|
|rule|HP Percentage Mod: HP is shown in percentages
|rule|Endless Battle Clause: Forcing endless battles is banned
|rule|Species Clause: Limit one of each Pokémon
|rule|OHKO Clause: OHKO moves are banned
|rule|Evasion Items Clause: Evasion items are banned
|rule|Evasion Moves Clause: Evasion moves are banned
|rule|Evasion Abilities Clause: Evasion abilities are banned
|rule|Sleep Moves Clause: Sleep-inducing moves are banned
|clearpoke
|poke|p1|Great Tusk|
|poke|p1|Darkrai|
|poke|p1|Garganacl, M|
|poke|p1|Kyurem|
|poke|p1|Zamazenta-*|
|poke|p1|Slowking-Galar, F|
|poke|p2|Rillaboom, M|
|poke|p2|Hawlucha, F|
|poke|p2|Thundurus-Therian, M|
|poke|p2|Great Tusk|
|poke|p2|Volcanion|
|poke|p2|Goodra-Hisui, M|
|teampreview
|inactive|Battle timer is ON: inactive players will automatically lose when time's up. (requested by sly_skip)
|
|t:|1758372467
|teamsize|p1|6
|teamsize|p2|6
|start
|switch|p1a: Darkrai|Darkrai|100/100
|switch|p2a: Volcanion|Volcanion|100/100
|turn|1
|
|t:|1758372474
|move|p1a: Darkrai|Knock Off|p2a: Volcanion
|-damage|p2a: Volcanion|76/100
|-enditem|p2a: Volcanion|Choice Specs|[from] move: Knock Off|[of] p1a: Darkrai
|move|p2a: Volcanion|Overheat|p1a: Darkrai
|-damage|p1a: Darkrai|0 fnt
|-unboost|p2a: Volcanion|spa|2
|faint|p1a: Darkrai
|
|upkeep
|
|t:|1758372492
|switch|p1a: Zamazenta|Zamazenta|100/100
|-ability|p1a: Zamazenta|Dauntless Shield|boost
|-boost|p1a: Zamazenta|def|1
|turn|2
|
|t:|1758372513
|switch|p2a: Thundurus|Thundurus-Therian, M|100/100
|move|p1a: Zamazenta|Substitute|p1a: Zamazenta
|-start|p1a: Zamazenta|Substitute
|-damage|p1a: Zamazenta|76/100
|
|-heal|p1a: Zamazenta|82/100|[from] item: Leftovers
|upkeep
|turn|3
|inactive|mansonabuluting has 120 seconds left.
|
|t:|1758372546
|move|p2a: Thundurus|Volt Switch|p1a: Zamazenta
|-end|p1a: Zamazenta|Substitute
|
|t:|1758372550
|switch|p2a: Rillaboom|Rillaboom, M|100/100|[from] Volt Switch
|-fieldstart|move: Grassy Terrain|[from] ability: Grassy Surge|[of] p2a: Rillaboom
|move|p1a: Zamazenta|Iron Defense|p1a: Zamazenta
|-boost|p1a: Zamazenta|def|2
|
|-heal|p1a: Zamazenta|88/100|[from] Grassy Terrain
|-heal|p1a: Zamazenta|94/100|[from] item: Leftovers
|upkeep
|turn|4
|
|t:|1758372564
|move|p1a: Zamazenta|Body Press|p2a: Rillaboom
|-damage|p2a: Rillaboom|14/100
|move|p2a: Rillaboom|U-turn|p1a: Zamazenta
|-resisted|p1a: Zamazenta
|-damage|p1a: Zamazenta|88/100
|
|t:|1758372568
|switch|p2a: Thundurus|Thundurus-Therian, M|100/100|[from] U-turn
|
|-heal|p1a: Zamazenta|94/100|[from] Grassy Terrain
|-heal|p1a: Zamazenta|99/100|[from] item: Leftovers
|upkeep
|turn|5
|
|t:|1758372576
|-terastallize|p2a: Thundurus|Flying
|move|p2a: Thundurus|Tera Blast|p1a: Zamazenta|[anim] Tera Blast Flying
|-supereffective|p1a: Zamazenta
|-damage|p1a: Zamazenta|0 fnt
|faint|p1a: Zamazenta
|
|upkeep
|
|t:|1758372605
|switch|p1a: Kyurem|Kyurem|100/100
|-ability|p1a: Kyurem|Pressure
|turn|6
|
|t:|1758372612
|move|p2a: Thundurus|Tera Blast|p1a: Kyurem|[anim] Tera Blast Flying
|-damage|p1a: Kyurem|36/100
|move|p1a: Kyurem|Dragon Dance|p1a: Kyurem
|-boost|p1a: Kyurem|atk|1
|-boost|p1a: Kyurem|spe|1
|
|-heal|p1a: Kyurem|42/100|[from] Grassy Terrain
|upkeep
|turn|7
|
|t:|1758372618
|move|p1a: Kyurem|Icicle Spear|p2a: Thundurus
|-supereffective|p2a: Thundurus
|-damage|p2a: Thundurus|46/100
|-supereffective|p2a: Thundurus
|-damage|p2a: Thundurus|0 fnt
|faint|p2a: Thundurus
|-hitcount|p2: Thundurus|2
|
|-heal|p1a: Kyurem|48/100|[from] Grassy Terrain
|-fieldend|move: Grassy Terrain
|upkeep
|
|t:|1758372627
|switch|p2a: Rillaboom|Rillaboom, M|14/100
|-fieldstart|move: Grassy Terrain|[from] ability: Grassy Surge|[of] p2a: Rillaboom
|turn|8
|
|t:|1758372637
|move|p2a: Rillaboom|Grassy Glide|p1a: Kyurem
|-resisted|p1a: Kyurem
|-damage|p1a: Kyurem|18/100
|move|p1a: Kyurem|Icicle Spear|p2a: Rillaboom
|-supereffective|p2a: Rillaboom
|-damage|p2a: Rillaboom|0 fnt
|faint|p2a: Rillaboom
|-hitcount|p2: Rillaboom|1
|
|-heal|p1a: Kyurem|25/100|[from] Grassy Terrain
|upkeep
|
|t:|1758372642
|switch|p2a: Hawlucha|Hawlucha, F|100/100
|-enditem|p2a: Hawlucha|Grassy Seed
|-boost|p2a: Hawlucha|def|1|[from] item: Grassy Seed
|turn|9
|
|t:|1758372647
|-terastallize|p1a: Kyurem|Ghost
|move|p2a: Hawlucha|Acrobatics|p1a: Kyurem
|-damage|p1a: Kyurem|0 fnt
|faint|p1a: Kyurem
|
|upkeep
|
|t:|1758372654
|switch|p1a: Slowking|Slowking-Galar, F|100/100
|turn|10
|
|t:|1758372660
|move|p2a: Hawlucha|Swords Dance|p2a: Hawlucha
|-boost|p2a: Hawlucha|atk|2
|move|p1a: Slowking|Thunder Wave|p2a: Hawlucha|[miss]
|-miss|p1a: Slowking|p2a: Hawlucha
|
|upkeep
|turn|11
|-message|sly_skip forfeited.
|
|win|mansonabuluting
|raw|sly_skip's rating: 1579 &rarr; <strong>1561</strong><br />(-18 for losing)
|raw|mansonabuluting's rating: 1621 &rarr; <strong>1639</strong><br />(+18 for winning)
|l|☆sly_skip
|player|p1|
|l|☆mansonabuluting
|player|p2|
