|j|☆Imurdadwithmilk
|j|☆rockdrigox666
|t:|1758350078
|gametype|singles
|player|p1|Imurdadwithmilk|blackbelt-gen4|1137
|player|p2|rockdrigox666|102|1141
|gen|9
|tier|[Gen 9] OU
|rated|
|rule|HP Percentage Mod: HP is shown in percentages
|rule|Endless Battle Clause: Forcing endless battles is banned
|rule|Species Clause: Limit one of each Pokémon
|rule|OHKO Clause: OHKO moves are banned
|rule|Evasion Items Clause: Evasion items are banned
|rule|Evasion Moves Clause: Evasion moves are banned
|rule|Evasion Abilities Clause: Evasion abilities are banned
|rule|Sleep Moves Clause: Sleep-inducing moves are banned
|clearpoke
|poke|p1|Scizor, M|
|poke|p1|Scyther, F|
|poke|p1|Clefable, F|
|poke|p1|Kingambit, M|
|poke|p1|Samurott-Hisui, M|
|poke|p1|Kleavor, F|
|poke|p2|Weavile, F|
|poke|p2|Garchomp, F|
|poke|p2|Typhlosion, M|
|poke|p2|Tyranitar, M|
|poke|p2|Raging Bolt|
|poke|p2|Orthworm, M|
|teampreview
|inactive|Battle timer is ON: inactive players will automatically lose when time's up. (requested by rockdrigox666)
|inactive|Imurdadwithmilk also wants the timer to be on.
|
|t:|1758350086
|teamsize|p1|6
|teamsize|p2|6
|start
|switch|p1a: Scyther|Scyther, F|100/100
|switch|p2a: Garchomp|Garchomp, F|100/100
|turn|1
|
|t:|1758350092
|move|p1a: Scyther|Dual Wingbeat|p2a: Garchomp|[miss]
|-miss|p1a: Scyther|p2a: Garchomp
|move|p2a: Garchomp|Stealth Rock|p1a: Scyther
|-sidestart|p1: Imurdadwithmilk|move: Stealth Rock
|
|upkeep
|turn|2
|
|t:|1758350099
|move|p1a: Scyther|Dual Wingbeat|p2a: Garchomp
|-damage|p2a: Garchomp|75/100
|-damage|p1a: Scyther|88/100|[from] ability: Rough Skin|[of] p2a: Garchomp
|-damage|p1a: Scyther|72/100|[from] item: Rocky Helmet|[of] p2a: Garchomp
|-damage|p2a: Garchomp|52/100
|-damage|p1a: Scyther|59/100|[from] ability: Rough Skin|[of] p2a: Garchomp
|-damage|p1a: Scyther|43/100|[from] item: Rocky Helmet|[of] p2a: Garchomp
|-hitcount|p2a: Garchomp|2
|move|p2a: Garchomp|Flamethrower|p1a: Scyther
|-supereffective|p1a: Scyther
|-damage|p1a: Scyther|0 fnt
|faint|p1a: Scyther
|
|upkeep
|
|t:|1758350113
|switch|p1a: Clefable|Clefable, F|100/100
|turn|3
|
|t:|1758350119
|switch|p2a: Orthworm|Orthworm, M|100/100
|move|p1a: Clefable|Stealth Rock|p2a: Orthworm
|-sidestart|p2: rockdrigox666|move: Stealth Rock
|
|upkeep
|turn|4
|
|t:|1758350125
|move|p2a: Orthworm|Heavy Slam|p1a: Clefable
|-supereffective|p1a: Clefable
|-damage|p1a: Clefable|14/100
|move|p1a: Clefable|Reflect|p1a: Clefable
|-sidestart|p1: Imurdadwithmilk|Reflect
|
|-heal|p1a: Clefable|20/100|[from] item: Leftovers
|upkeep
|turn|5
|
|t:|1758350133
|switch|p1a: Kleavor|Kleavor, F|100/100
|-damage|p1a: Kleavor|76/100|[from] Stealth Rock
|move|p2a: Orthworm|Heavy Slam|p1a: Kleavor
|-supereffective|p1a: Kleavor
|-damage|p1a: Kleavor|46/100
|
|upkeep
|turn|6
|
|t:|1758350142
|-terastallize|p2a: Orthworm|Electric
|move|p1a: Kleavor|Swords Dance|p1a: Kleavor
|-boost|p1a: Kleavor|atk|2
|move|p2a: Orthworm|Iron Defense|p2a: Orthworm
|-boost|p2a: Orthworm|def|2
|
|upkeep
|turn|7
|
|t:|1758350149
|move|p1a: Kleavor|Agility|p1a: Kleavor
|-boost|p1a: Kleavor|spe|2
|move|p2a: Orthworm|Body Press|p1a: Kleavor
|-damage|p1a: Kleavor|10/100
|
|upkeep
|turn|8
|
|t:|1758350157
|move|p1a: Kleavor|Stone Axe|p2a: Orthworm
|-damage|p2a: Orthworm|66/100
|move|p2a: Orthworm|Body Press|p1a: Kleavor
|-damage|p1a: Kleavor|0 fnt
|faint|p1a: Kleavor
|
|-heal|p2a: Orthworm|72/100|[from] item: Leftovers
|-sideend|p1: Imurdadwithmilk|Reflect
|upkeep
|
|t:|1758350176
|switch|p1a: Clefable|Clefable, F|20/100
|turn|9
|
|t:|1758350180
|move|p2a: Orthworm|Heavy Slam|p1a: Clefable
|-supereffective|p1a: Clefable
|-damage|p1a: Clefable|0 fnt
|faint|p1a: Clefable
|
|-heal|p2a: Orthworm|78/100|[from] item: Leftovers
|upkeep
|
|t:|1758350189
|switch|p1a: Samurott|Samurott-Hisui, M|100/100
|-damage|p1a: Samurott|88/100|[from] Stealth Rock
|turn|10
|
|t:|1758350192
|move|p1a: Samurott|Ceaseless Edge|p2a: Orthworm
|-damage|p2a: Orthworm|65/100
|-sidestart|p2: rockdrigox666|Spikes
|move|p2a: Orthworm|Iron Defense|p2a: Orthworm
|-boost|p2a: Orthworm|def|2
|
|-heal|p2a: Orthworm|71/100|[from] item: Leftovers
|upkeep
|turn|11
|
|t:|1758350198
|move|p1a: Samurott|Ceaseless Edge|p2a: Orthworm
|-damage|p2a: Orthworm|63/100
|-sidestart|p2: rockdrigox666|Spikes
|move|p2a: Orthworm|Body Press|p1a: Samurott
|-supereffective|p1a: Samurott
|-damage|p1a: Samurott|0 fnt
|faint|p1a: Samurott
|
|-heal|p2a: Orthworm|69/100|[from] item: Leftovers
|upkeep
|
|t:|1758350208
|switch|p1a: Kingambit|Kingambit, M|100/100
|-damage|p1a: Kingambit|94/100|[from] Stealth Rock
|-activate|p1a: Kingambit|ability: Supreme Overlord
|-start|p1a: Kingambit|fallen4|[silent]
|turn|12
|
|t:|1758350213
|move|p2a: Orthworm|Body Press|p1a: Kingambit
|-supereffective|p1a: Kingambit
|-damage|p1a: Kingambit|0 fnt
|faint|p1a: Kingambit
|-end|p1a: Kingambit|fallen4|[silent]
|
|-heal|p2a: Orthworm|75/100|[from] item: Leftovers
|upkeep
|-message|Imurdadwithmilk forfeited.
|
|win|rockdrigox666
|raw|Imurdadwithmilk's rating: 1137 &rarr; <strong>1112</strong><br />(-25 for losing)
|raw|rockdrigox666's rating: 1141 &rarr; <strong>1166</strong><br />(+25 for winning)
|l|☆Imurdadwithmilk
|player|p1|
|l|☆rockdrigox666
|player|p2|
