|j|☆prakshep
|j|☆ch02583
|t:|1758276624
|gametype|singles
|player|p1|prakshep|nate|1349
|player|p2|ch02583|265|1352
|gen|9
|tier|[Gen 9] OU
|rated|
|rule|HP Percentage Mod: HP is shown in percentages
|rule|Endless Battle Clause: Forcing endless battles is banned
|rule|Species Clause: Limit one of each Pokémon
|rule|OHKO Clause: OHKO moves are banned
|rule|Evasion Items Clause: Evasion items are banned
|rule|Evasion Moves Clause: Evasion moves are banned
|rule|Evasion Abilities Clause: Evasion abilities are banned
|rule|Sleep Moves Clause: Sleep-inducing moves are banned
|clearpoke
|poke|p1|Torterra, M|
|poke|p1|Polteageist-Antique|
|poke|p1|Quaquaval, M|
|poke|p1|Maushold-Four|
|poke|p1|Iron Valiant|
|poke|p1|Cinderace, M|
|poke|p2|Pelipper, F|
|poke|p2|Hatterene, F|
|poke|p2|Iron Treads|
|poke|p2|Toxicroak, F|
|poke|p2|Barraskewda, F|
|poke|p2|Zapdos|
|teampreview
|inactive|Battle timer is ON: inactive players will automatically lose when time's up. (requested by prakshep)
|
|t:|1758276630
|teamsize|p1|6
|teamsize|p2|6
|start
|switch|p1a: Quaquaval|Quaquaval, M|100/100
|switch|p2a: Pelipper|Pelipper, F|100/100
|-weather|RainDance|[from] ability: Drizzle|[of] p2a: Pelipper
|turn|1
|
|t:|1758276637
|move|p1a: Quaquaval|Aqua Step|p2a: Pelipper
|-resisted|p2a: Pelipper
|-damage|p2a: Pelipper|64/100
|-boost|p1a: Quaquaval|spe|1
|move|p2a: Pelipper|U-turn|p1a: Quaquaval
|-resisted|p1a: Quaquaval
|-damage|p1a: Quaquaval|94/100
|
|t:|1758276649
|switch|p2a: Barraskewda|Barraskewda, F|100/100|[from] U-turn
|
|-weather|RainDance|[upkeep]
|upkeep
|turn|2
|
|t:|1758276654
|move|p2a: Barraskewda|Flip Turn|p1a: Quaquaval
|-resisted|p1a: Quaquaval
|-damage|p1a: Quaquaval|49/100
|
|t:|1758276658
|switch|p2a: Toxicroak|Toxicroak, F|100/100|[from] Flip Turn
|move|p1a: Quaquaval|Brave Bird|p2a: Toxicroak
|-supereffective|p2a: Toxicroak
|-damage|p2a: Toxicroak|16/100
|-damage|p1a: Quaquaval|32/100|[from] item: Rocky Helmet|[of] p2a: Toxicroak
|-damage|p1a: Quaquaval|0 fnt|[from] Recoil
|faint|p1a: Quaquaval
|
|-weather|RainDance|[upkeep]
|-heal|p2a: Toxicroak|29/100|[from] ability: Dry Skin
|upkeep
|
|t:|1758276668
|switch|p1a: Cinderace|Cinderace, M|100/100
|turn|3
|
|t:|1758276673
|switch|p2a: Hatterene|Hatterene, F|100/100
|move|p1a: Cinderace|Pyro Ball|p2a: Hatterene
|-damage|p2a: Hatterene|73/100
|-enditem|p2a: Hatterene|Eject Button
|
|t:|1758276679
|switch|p2a: Barraskewda|Barraskewda, F|100/100
|
|-weather|RainDance|[upkeep]
|upkeep
|turn|4
|
|t:|1758276683
|move|p2a: Barraskewda|Flip Turn|p1a: Cinderace
|-supereffective|p1a: Cinderace
|-damage|p1a: Cinderace|0 fnt
|faint|p1a: Cinderace
|
|t:|1758276693
|switch|p2a: Zapdos|Zapdos|100/100|[from] Flip Turn
|
|-weather|RainDance|[upkeep]
|upkeep
|
|t:|1758276711
|switch|p1a: Torterra|Torterra, M|100/100
|turn|5
|
|t:|1758276715
|move|p2a: Zapdos|Hurricane|p1a: Torterra
|-supereffective|p1a: Torterra
|-damage|p1a: Torterra|0 fnt
|faint|p1a: Torterra
|
|-weather|RainDance|[upkeep]
|upkeep
|
|t:|1758276719
|switch|p1a: Iron Valiant|Iron Valiant|100/100
|-enditem|p1a: Iron Valiant|Booster Energy
|-activate|p1a: Iron Valiant|ability: Quark Drive|[fromitem]
|-start|p1a: Iron Valiant|quarkdrivespe
|turn|6
|
|t:|1758276724
|-terastallize|p1a: Iron Valiant|Steel
|move|p1a: Iron Valiant|Swords Dance|p1a: Iron Valiant
|-boost|p1a: Iron Valiant|atk|2
|move|p2a: Zapdos|Hurricane|p1a: Iron Valiant
|-resisted|p1a: Iron Valiant
|-damage|p1a: Iron Valiant|32/100
|-start|p1a: Iron Valiant|confusion
|
|-weather|RainDance|[upkeep]
|upkeep
|turn|7
|
|t:|1758276739
|switch|p2a: Toxicroak|Toxicroak, F|29/100
|-activate|p1a: Iron Valiant|confusion
|move|p1a: Iron Valiant|Spirit Break|p2a: Toxicroak
|-damage|p2a: Toxicroak|0 fnt
|-damage|p1a: Iron Valiant|16/100|[from] item: Rocky Helmet|[of] p2a: Toxicroak
|faint|p2a: Toxicroak
|
|-weather|RainDance|[upkeep]
|upkeep
|
|t:|1758276748
|switch|p2a: Barraskewda|Barraskewda, F|100/100
|turn|8
|
|t:|1758276753
|move|p2a: Barraskewda|Flip Turn|p1a: Iron Valiant
|-damage|p1a: Iron Valiant|0 fnt
|faint|p1a: Iron Valiant
|-end|p1a: Iron Valiant|Quark Drive|[silent]
|
|t:|1758276758
|switch|p2a: Iron Treads|Iron Treads|100/100|[from] Flip Turn
|
|-weather|none
|upkeep
|
|t:|1758276762
|switch|p1a: Polteageist|Polteageist-Antique|100/100
|turn|9
|
|t:|1758276765
|move|p2a: Iron Treads|Volt Switch|p1a: Polteageist
|-damage|p1a: Polteageist|88/100
|
|t:|1758276768
|-end|p2a: Iron Treads|Quark Drive|[silent]
|switch|p2a: Hatterene|Hatterene, F|73/100|[from] Volt Switch
|move|p1a: Polteageist|Shell Smash|p1a: Polteageist
|-unboost|p1a: Polteageist|def|1
|-unboost|p1a: Polteageist|spd|1
|-boost|p1a: Polteageist|atk|2
|-boost|p1a: Polteageist|spa|2
|-boost|p1a: Polteageist|spe|2
|
|upkeep
|turn|10
|
|t:|1758276778
|switch|p2a: Pelipper|Pelipper, F|64/100
|-weather|RainDance|[from] ability: Drizzle|[of] p2a: Pelipper
|move|p1a: Polteageist|Shell Smash|p1a: Polteageist
|-unboost|p1a: Polteageist|def|1
|-unboost|p1a: Polteageist|spd|1
|-boost|p1a: Polteageist|atk|2
|-boost|p1a: Polteageist|spa|2
|-boost|p1a: Polteageist|spe|2
|
|-weather|RainDance|[upkeep]
|upkeep
|turn|11
|
|t:|1758276788
|switch|p2a: Hatterene|Hatterene, F|73/100
|move|p1a: Polteageist|Stored Power|p2a: Hatterene
|-resisted|p2a: Hatterene
|-damage|p2a: Hatterene|0 fnt
|faint|p2a: Hatterene
|
|-weather|RainDance|[upkeep]
|upkeep
|
|t:|1758276795
|switch|p2a: Barraskewda|Barraskewda, F|100/100
|turn|12
|
|t:|1758276798
|move|p2a: Barraskewda|Aqua Jet|p1a: Polteageist
|-damage|p1a: Polteageist|0 fnt
|faint|p1a: Polteageist
|
|-weather|RainDance|[upkeep]
|upkeep
|
|t:|1758276803
|switch|p1a: Maushold|Maushold-Four|100/100
|turn|13
|
|t:|1758276814
|switch|p2a: Zapdos|Zapdos|100/100
|move|p1a: Maushold|Tidy Up|p1a: Maushold
|-boost|p1a: Maushold|atk|1
|-boost|p1a: Maushold|spe|1
|
|-weather|RainDance|[upkeep]
|upkeep
|turn|14
|
|t:|1758276822
|move|p1a: Maushold|Population Bomb|p2a: Zapdos
|-damage|p2a: Zapdos|80/100
|-damage|p2a: Zapdos|58/100
|-damage|p2a: Zapdos|39/100
|-damage|p2a: Zapdos|19/100
|-damage|p2a: Zapdos|0 fnt
|faint|p2a: Zapdos
|-hitcount|p2: Zapdos|5
|
|-weather|RainDance|[upkeep]
|upkeep
|
|t:|1758276833
|switch|p2a: Barraskewda|Barraskewda, F|100/100
|turn|15
|inactive|prakshep has 120 seconds left.
|inactive|prakshep has 90 seconds left.
|l|☆prakshep
|inactive|prakshep disconnected and has a minute to reconnect!
|player|p1|
|inactive|prakshep has 30 seconds to reconnect!
|inactive|prakshep has 20 seconds to reconnect!
|inactive|prakshep has 15 seconds to reconnect!
|inactive|prakshep has 10 seconds to reconnect!
|inactive|prakshep has 5 seconds to reconnect!
|-message|prakshep lost due to inactivity.
|
|win|ch02583
|raw|prakshep's rating: 1349 &rarr; <strong>1329</strong><br />(-20 for losing)
|raw|ch02583's rating: 1352 &rarr; <strong>1372</strong><br />(+20 for winning)
|l|☆ch02583
|player|p2|
