|j|☆hiatus1213
|j|☆ghost3978
|t:|1758305584
|gametype|singles
|player|p1|hiatus1213|burglar|1221
|player|p2|ghost3978|1|1207
|gen|9
|tier|[Gen 9] OU
|rated|
|rule|HP Percentage Mod: HP is shown in percentages
|rule|Endless Battle Clause: Forcing endless battles is banned
|rule|Species Clause: Limit one of each Pokémon
|rule|OHKO Clause: OHKO moves are banned
|rule|Evasion Items Clause: Evasion items are banned
|rule|Evasion Moves Clause: Evasion moves are banned
|rule|Evasion Abilities Clause: Evasion abilities are banned
|rule|Sleep Moves Clause: Sleep-inducing moves are banned
|clearpoke
|poke|p1|Slowking-Galar, F|
|poke|p1|Alomomola, F|
|poke|p1|Cinderace, M|
|poke|p1|Thundurus-Therian, M|
|poke|p1|Iron Valiant|
|poke|p1|Kingambit, M|
|poke|p2|Torterra, M|
|poke|p2|Ambipom, M|
|poke|p2|Incineroar, M|
|poke|p2|Milotic, F|
|poke|p2|Jolteon, F|
|poke|p2|Noivern, M|
|teampreview
|inactive|Battle timer is ON: inactive players will automatically lose when time's up. (requested by hiatus1213)
|
|t:|1758305597
|teamsize|p1|6
|teamsize|p2|6
|start
|switch|p1a: Thundurus|Thundurus-Therian, M|100/100
|switch|p2a: Torterra|Torterra, M, shiny|100/100
|turn|1
|
|t:|1758305608
|move|p1a: Thundurus|Dark Pulse|p2a: Torterra
|-damage|p2a: Torterra|45/100
|move|p2a: Torterra|Leech Seed|p1a: Thundurus
|-start|p1a: Thundurus|move: Leech Seed
|
|-damage|p1a: Thundurus|88/100|[from] Leech Seed|[of] p2a: Torterra
|-heal|p2a: Torterra|56/100|[silent]
|upkeep
|turn|2
|
|t:|1758305617
|switch|p1a: Iron Valiant|Iron Valiant|100/100
|-enditem|p1a: Iron Valiant|Booster Energy
|-activate|p1a: Iron Valiant|ability: Quark Drive|[fromitem]
|-start|p1a: Iron Valiant|quarkdrivespe
|move|p2a: Torterra|Stealth Rock|p1a: Iron Valiant
|-sidestart|p1: hiatus1213|move: Stealth Rock
|
|upkeep
|turn|3
|
|t:|1758305624
|move|p1a: Iron Valiant|Moonblast|p2a: Torterra
|-damage|p2a: Torterra|8/100
|move|p2a: Torterra|Leech Seed|p1a: Iron Valiant
|-start|p1a: Iron Valiant|move: Leech Seed
|
|-damage|p1a: Iron Valiant|88/100|[from] Leech Seed|[of] p2a: Torterra
|-heal|p2a: Torterra|19/100|[silent]
|upkeep
|turn|4
|
|t:|1758305633
|move|p1a: Iron Valiant|Knock Off|p2a: Torterra
|-damage|p2a: Torterra|0 fnt
|-enditem|p2a: Torterra|Life Orb|[from] move: Knock Off|[of] p1a: Iron Valiant
|faint|p2a: Torterra
|
|upkeep
|
|t:|1758305641
|switch|p2a: Ambipom|Ambipom, M, shiny|100/100
|turn|5
|
|t:|1758305645
|-end|p1a: Iron Valiant|Quark Drive|[silent]
|switch|p1a: Alomomola|Alomomola, F|100/100
|-damage|p1a: Alomomola|88/100|[from] Stealth Rock
|move|p2a: Ambipom|Fake Out|p1a: Alomomola
|-damage|p1a: Alomomola|61/100
|-damage|p2a: Ambipom|84/100|[from] item: Rocky Helmet|[of] p1a: Alomomola
|
|upkeep
|turn|6
|
|t:|1758305660
|switch|p2a: Jolteon|Jolteon, F, shiny|100/100
|move|p1a: Alomomola|Wish|p1a: Alomomola
|
|upkeep
|turn|7
|
|t:|1758305667
|switch|p1a: Iron Valiant|Iron Valiant|88/100
|-damage|p1a: Iron Valiant|82/100|[from] Stealth Rock
|move|p2a: Jolteon|Calm Mind|p2a: Jolteon
|-boost|p2a: Jolteon|spa|1
|-boost|p2a: Jolteon|spd|1
|
|-heal|p1a: Iron Valiant|100/100|[from] move: Wish|[wisher] Alomomola
|upkeep
|turn|8
|
|t:|1758305677
|move|p2a: Jolteon|Alluring Voice|p1a: Iron Valiant
|-supereffective|p1a: Iron Valiant
|-crit|p1a: Iron Valiant
|-damage|p1a: Iron Valiant|0 fnt
|faint|p1a: Iron Valiant
|-end|p1a: Iron Valiant|Quark Drive|[silent]
|-damage|p2a: Jolteon|91/100|[from] item: Life Orb
|
|upkeep
|
|t:|1758305685
|switch|p1a: Kingambit|Kingambit, M|100/100
|-damage|p1a: Kingambit|94/100|[from] Stealth Rock
|-activate|p1a: Kingambit|ability: Supreme Overlord
|-start|p1a: Kingambit|fallen1|[silent]
|-item|p1a: Kingambit|Air Balloon
|turn|9
|
|t:|1758305692
|move|p2a: Jolteon|Calm Mind|p2a: Jolteon
|-boost|p2a: Jolteon|spa|1
|-boost|p2a: Jolteon|spd|1
|move|p1a: Kingambit|Kowtow Cleave|p2a: Jolteon
|-damage|p2a: Jolteon|0 fnt
|faint|p2a: Jolteon
|
|upkeep
|
|t:|1758305699
|switch|p2a: Incineroar|Incineroar, M, shiny|100/100
|-ability|p2a: Incineroar|Intimidate|boost
|-unboost|p1a: Kingambit|atk|1
|turn|10
|
|t:|1758305704
|-end|p1a: Kingambit|fallen1|[silent]
|switch|p1a: Alomomola|Alomomola, F|95/100
|-damage|p1a: Alomomola|82/100|[from] Stealth Rock
|move|p2a: Incineroar|Bulk Up|p2a: Incineroar
|-boost|p2a: Incineroar|atk|1
|-boost|p2a: Incineroar|def|1
|
|upkeep
|turn|11
|
|t:|1758305713
|move|p1a: Alomomola|Flip Turn|p2a: Incineroar
|-supereffective|p2a: Incineroar
|-damage|p2a: Incineroar|85/100
|
|t:|1758305717
|switch|p1a: Thundurus|Thundurus-Therian, M|88/100|[from] Flip Turn
|-damage|p1a: Thundurus|63/100|[from] Stealth Rock
|move|p2a: Incineroar|Bulk Up|p2a: Incineroar
|-boost|p2a: Incineroar|atk|1
|-boost|p2a: Incineroar|def|1
|
|-heal|p2a: Incineroar|91/100|[from] item: Leftovers
|upkeep
|turn|12
|
|t:|1758305727
|switch|p2a: Noivern|Noivern, M, shiny|100/100
|-terastallize|p1a: Thundurus|Electric
|move|p1a: Thundurus|Volt Switch|p2a: Noivern
|-damage|p2a: Noivern|0 fnt
|faint|p2a: Noivern
|
|t:|1758305738
|switch|p1a: Cinderace|Cinderace, M|100/100|[from] Volt Switch
|
|upkeep
|
|t:|1758305744
|switch|p2a: Incineroar|Incineroar, M, shiny|91/100
|-ability|p2a: Incineroar|Intimidate|boost
|-unboost|p1a: Cinderace|atk|1
|turn|13
|
|t:|1758305749
|move|p1a: Cinderace|Court Change|p1a: Cinderace
|-start|p1a: Cinderace|typechange|Normal|[from] ability: Libero
|-swapsideconditions
|-activate|p1a: Cinderace|move: Court Change
|move|p2a: Incineroar|Bulk Up|p2a: Incineroar
|-boost|p2a: Incineroar|atk|1
|-boost|p2a: Incineroar|def|1
|
|-heal|p2a: Incineroar|97/100|[from] item: Leftovers
|upkeep
|turn|14
|
|t:|1758305758
|move|p1a: Cinderace|U-turn|p2a: Incineroar
|-damage|p2a: Incineroar|89/100
|
|t:|1758305760
|switch|p1a: Thundurus|Thundurus-Therian, M, tera:Electric|63/100|[from] U-turn
|move|p2a: Incineroar|Knock Off|p1a: Thundurus
|-damage|p1a: Thundurus|0 fnt
|-enditem|p1a: Thundurus|Choice Specs|[from] move: Knock Off|[of] p2a: Incineroar
|faint|p1a: Thundurus
|
|-heal|p2a: Incineroar|95/100|[from] item: Leftovers
|upkeep
|
|t:|1758305762
|switch|p1a: Alomomola|Alomomola, F|100/100
|turn|15
|
|t:|1758305771
|move|p1a: Alomomola|Scald|p2a: Incineroar
|-supereffective|p2a: Incineroar
|-damage|p2a: Incineroar|66/100
|move|p2a: Incineroar|Bulk Up|p2a: Incineroar
|-boost|p2a: Incineroar|atk|1
|-boost|p2a: Incineroar|def|1
|
|-heal|p2a: Incineroar|72/100|[from] item: Leftovers
|upkeep
|turn|16
|
|t:|1758305786
|-terastallize|p2a: Incineroar|Fighting
|move|p1a: Alomomola|Scald|p2a: Incineroar
|-damage|p2a: Incineroar|57/100
|-status|p2a: Incineroar|brn
|move|p2a: Incineroar|Bulk Up|p2a: Incineroar
|-boost|p2a: Incineroar|atk|1
|-boost|p2a: Incineroar|def|1
|
|-heal|p2a: Incineroar|63/100 brn|[from] item: Leftovers
|-damage|p2a: Incineroar|57/100 brn|[from] brn
|upkeep
|turn|17
|
|t:|1758305798
|move|p1a: Alomomola|Flip Turn|p2a: Incineroar
|-damage|p2a: Incineroar|51/100 brn
|
|t:|1758305800
|switch|p1a: Slowking|Slowking-Galar, F|100/100|[from] Flip Turn
|move|p2a: Incineroar|Knock Off|p1a: Slowking
|-supereffective|p1a: Slowking
|-damage|p1a: Slowking|0 fnt
|-enditem|p1a: Slowking|Black Sludge|[from] move: Knock Off|[of] p2a: Incineroar
|faint|p1a: Slowking
|
|-heal|p2a: Incineroar|57/100 brn|[from] item: Leftovers
|-damage|p2a: Incineroar|51/100 brn|[from] brn
|upkeep
|
|t:|1758305807
|switch|p1a: Alomomola|Alomomola, F|100/100
|turn|18
|
|t:|1758305812
|move|p1a: Alomomola|Scald|p2a: Incineroar
|-damage|p2a: Incineroar|36/100 brn
|move|p2a: Incineroar|Bulk Up|p2a: Incineroar
|-boost|p2a: Incineroar|atk|1
|-boost|p2a: Incineroar|def|1
|
|-heal|p2a: Incineroar|42/100 brn|[from] item: Leftovers
|-damage|p2a: Incineroar|36/100 brn|[from] brn
|upkeep
|turn|19
|
|t:|1758305824
|move|p1a: Alomomola|Scald|p2a: Incineroar
|-damage|p2a: Incineroar|21/100 brn
|move|p2a: Incineroar|Knock Off|p1a: Alomomola
|-damage|p1a: Alomomola|53/100
|-damage|p2a: Incineroar|4/100 brn|[from] item: Rocky Helmet|[of] p1a: Alomomola
|-enditem|p1a: Alomomola|Rocky Helmet|[from] move: Knock Off|[of] p2a: Incineroar
|
|-heal|p2a: Incineroar|10/100 brn|[from] item: Leftovers
|-damage|p2a: Incineroar|4/100 brn|[from] brn
|upkeep
|turn|20
|
|t:|1758305835
|move|p1a: Alomomola|Flip Turn|p2a: Incineroar
|-damage|p2a: Incineroar|0 fnt
|faint|p2a: Incineroar
|
|t:|1758305844
|switch|p1a: Cinderace|Cinderace, M|100/100|[from] Flip Turn
|
|upkeep
|
|t:|1758305848
|switch|p2a: Milotic|Milotic, F, shiny|100/100
|-damage|p2a: Milotic|88/100|[from] Stealth Rock
|turn|21
|
|t:|1758305854
|move|p1a: Cinderace|U-turn|p2a: Milotic
|-start|p1a: Cinderace|typechange|Bug|[from] ability: Libero
|-damage|p2a: Milotic|45/100
|
|t:|1758305868
|switch|p1a: Alomomola|Alomomola, F|86/100|[from] U-turn
|move|p2a: Milotic|Scald|p1a: Alomomola
|-resisted|p1a: Alomomola
|-damage|p1a: Alomomola|71/100
|
|upkeep
|turn|22
|-message|ghost3978 forfeited.
|
|win|hiatus1213
|raw|hiatus1213's rating: 1221 &rarr; <strong>1245</strong><br />(+24 for winning)
|raw|ghost3978's rating: 1207 &rarr; <strong>1183</strong><br />(-24 for losing)
|l|☆ghost3978
|player|p2|
