|j|☆mala☆huju
|j|☆happyorunhappy春和景明
|t:|1758347525
|gametype|singles
|player|p1|mala☆huju|#malahuju|1539
|player|p2|happyorunhappy春和景明|iono|1523
|gen|9
|tier|[Gen 9] OU
|rated|
|rule|HP Percentage Mod: HP is shown in percentages
|rule|Endless Battle Clause: Forcing endless battles is banned
|rule|Species Clause: Limit one of each Pokémon
|rule|OHKO Clause: OHKO moves are banned
|rule|Evasion Items Clause: Evasion items are banned
|rule|Evasion Moves Clause: Evasion moves are banned
|rule|Evasion Abilities Clause: Evasion abilities are banned
|rule|Sleep Moves Clause: Sleep-inducing moves are banned
|clearpoke
|poke|p1|Zamazenta-*|
|poke|p1|Garganacl, F|
|poke|p1|Clefable, F|
|poke|p1|Zapdos|
|poke|p1|Ting-Lu|
|poke|p1|Dragonite, F|
|poke|p2|Tyranitar, M|
|poke|p2|Excadrill, M|
|poke|p2|Espeon, F|
|poke|p2|Tornadus-Therian, M|
|poke|p2|Hydrapple, M|
|poke|p2|Heatran, F|
|teampreview
|c|☆mala☆huju|hf
|c|☆happyorunhappy春和景明|U2
|inactive|Battle timer is ON: inactive players will automatically lose when time's up. (requested by happyorunhappy春和景明)
|j| youkemin
|l| youkemin
|inactive|mala☆huju has 120 seconds left.
|inactive|mala☆huju has 90 seconds left.
|inactive|mala☆huju has 60 seconds left.
|inactive|mala☆huju has 30 seconds left.
|
|t:|1758347680
|teamsize|p1|6
|teamsize|p2|6
|start
|switch|p1a: Ting-Lu|Ting-Lu|100/100
|switch|p2a: Espeon|Espeon, F|100/100
|-ability|p1a: Ting-Lu|Vessel of Ruin
|turn|1
|
|t:|1758347687
|switch|p2a: Hydrapple|Hydrapple, M, shiny|100/100
|move|p1a: Ting-Lu|Earthquake|p2a: Hydrapple
|-resisted|p2a: Hydrapple
|-damage|p2a: Hydrapple|90/100
|
|upkeep
|turn|2
|inactive|mala☆huju has 90 seconds left.
|
|t:|1758347706
|switch|p2a: Espeon|Espeon, F|100/100
|move|p1a: Ting-Lu|Stealth Rock|p2a: Espeon
|move|p2a: Espeon|Stealth Rock|p1a: Ting-Lu|[from] ability: Magic Bounce
|-sidestart|p1: mala☆huju|move: Stealth Rock
|
|upkeep
|turn|3
|
|t:|1758347722
|switch|p2a: Hydrapple|Hydrapple, M, shiny|100/100
|move|p1a: Ting-Lu|Earthquake|p2a: Hydrapple
|-resisted|p2a: Hydrapple
|-damage|p2a: Hydrapple|91/100
|
|upkeep
|turn|4
|
|t:|1758347727
|move|p1a: Ting-Lu|Stealth Rock|p2a: Hydrapple
|-sidestart|p2: happyorunhappy春和景明|move: Stealth Rock
|move|p2a: Hydrapple|Nasty Plot|p2a: Hydrapple
|-boost|p2a: Hydrapple|spa|2
|
|upkeep
|turn|5
|
|t:|1758347731
|move|p2a: Hydrapple|Giga Drain|p1a: Ting-Lu
|-supereffective|p1a: Ting-Lu
|-damage|p1a: Ting-Lu|49/100
|-heal|p2a: Hydrapple|100/100|[from] drain|[of] p1a: Ting-Lu
|move|p1a: Ting-Lu|Whirlwind|p2a: Hydrapple
|drag|p2a: Excadrill|Excadrill, M, shiny|100/100
|-damage|p2a: Excadrill|97/100|[from] Stealth Rock
|-item|p2a: Excadrill|Air Balloon
|
|-heal|p1a: Ting-Lu|55/100|[from] item: Leftovers
|upkeep
|turn|6
|inactive|mala☆huju has 120 seconds left.
|
|t:|1758347746
|switch|p1a: Zamazenta|Zamazenta|100/100
|-ability|p1a: Zamazenta|Dauntless Shield|boost
|-boost|p1a: Zamazenta|def|1
|move|p2a: Excadrill|Rapid Spin|p1a: Zamazenta
|-damage|p1a: Zamazenta|88/100
|-boost|p2a: Excadrill|spe|1
|-sideend|p2: happyorunhappy春和景明|Stealth Rock|[from] move: Rapid Spin|[of] p2a: Excadrill
|
|upkeep
|turn|7
|
|t:|1758347755
|switch|p2a: Hydrapple|Hydrapple, M, shiny|100/100
|move|p1a: Zamazenta|Crunch|p2a: Hydrapple
|-damage|p2a: Hydrapple|86/100
|-damage|p1a: Zamazenta|71/100|[from] item: Rocky Helmet|[of] p2a: Hydrapple
|
|upkeep
|turn|8
|
|t:|1758347759
|switch|p1a: Zapdos|Zapdos|100/100
|move|p2a: Hydrapple|Nasty Plot|p2a: Hydrapple
|-boost|p2a: Hydrapple|spa|2
|
|upkeep
|turn|9
|
|t:|1758347777
|switch|p2a: Heatran|Heatran, F|100/100
|move|p1a: Zapdos|Hurricane|p2a: Heatran|[miss]
|-miss|p1a: Zapdos|p2a: Heatran
|
|upkeep
|turn|10
|j| amefurikoneko
|
|t:|1758347783
|move|p1a: Zapdos|Volt Switch|p2a: Heatran
|-damage|p2a: Heatran|79/100
|
|t:|1758347788
|switch|p1a: Ting-Lu|Ting-Lu|55/100|[from] Volt Switch
|-damage|p1a: Ting-Lu|49/100|[from] Stealth Rock
|-ability|p1a: Ting-Lu|Vessel of Ruin
|move|p2a: Heatran|Magma Storm|p1a: Ting-Lu|[miss]
|-miss|p2a: Heatran|p1a: Ting-Lu
|
|-heal|p2a: Heatran|85/100|[from] item: Leftovers
|-heal|p1a: Ting-Lu|55/100|[from] item: Leftovers
|upkeep
|turn|11
|inactive|mala☆huju has 120 seconds left.
|inactive|mala☆huju has 90 seconds left.
|
|t:|1758347852
|switch|p2a: Hydrapple|Hydrapple, M, shiny|100/100
|move|p1a: Ting-Lu|Earthquake|p2a: Hydrapple
|-resisted|p2a: Hydrapple
|-damage|p2a: Hydrapple|90/100
|
|-heal|p1a: Ting-Lu|62/100|[from] item: Leftovers
|upkeep
|turn|12
|
|t:|1758347860
|switch|p1a: Zapdos|Zapdos|100/100
|move|p2a: Hydrapple|Fickle Beam|p1a: Zapdos
|-damage|p1a: Zapdos|70/100
|
|upkeep
|turn|13
|inactive|mala☆huju has 90 seconds left.
|
|t:|1758347876
|move|p1a: Zapdos|Hurricane|p2a: Hydrapple
|-supereffective|p2a: Hydrapple
|-damage|p2a: Hydrapple|8/100
|move|p2a: Hydrapple|Nasty Plot|p2a: Hydrapple
|-boost|p2a: Hydrapple|spa|2
|
|upkeep
|turn|14
|
|t:|1758347884
|switch|p2a: Heatran|Heatran, F|85/100
|move|p1a: Zapdos|Volt Switch|p2a: Heatran
|-damage|p2a: Heatran|66/100
|inactive|mala☆huju has 90 seconds left.
|inactive|mala☆huju has 60 seconds left.
|inactive|mala☆huju has 30 seconds left.
|
|t:|1758347958
|switch|p1a: Garganacl|Garganacl, F|100/100|[from] Volt Switch
|-damage|p1a: Garganacl|88/100|[from] Stealth Rock
|
|-heal|p2a: Heatran|73/100|[from] item: Leftovers
|-heal|p1a: Garganacl|94/100|[from] item: Leftovers
|upkeep
|turn|15
|
|t:|1758347982
|switch|p2a: Hydrapple|Hydrapple, M, shiny|41/100
|move|p1a: Garganacl|Salt Cure|p2a: Hydrapple
|-damage|p2a: Hydrapple|34/100
|-start|p2a: Hydrapple|Salt Cure
|
|-heal|p1a: Garganacl|100/100|[from] item: Leftovers
|-damage|p2a: Hydrapple|21/100|[from] Salt Cure
|upkeep
|turn|16
|
|t:|1758347989
|switch|p2a: Tyranitar|Tyranitar, M, shiny|100/100
|-weather|Sandstorm|[from] ability: Sand Stream|[of] p2a: Tyranitar
|switch|p1a: Zapdos|Zapdos|70/100
|
|-weather|Sandstorm|[upkeep]
|-damage|p1a: Zapdos|64/100|[from] Sandstorm
|upkeep
|turn|17
|inactive|happyorunhappy春和景明 has 120 seconds left.
|
|t:|1758348024
|switch|p1a: Zamazenta|Zamazenta|71/100
|move|p2a: Tyranitar|Stone Edge|p1a: Zamazenta|[miss]
|-miss|p2a: Tyranitar|p1a: Zamazenta
|
|-weather|Sandstorm|[upkeep]
|-damage|p1a: Zamazenta|65/100|[from] Sandstorm
|upkeep
|turn|18
|inactive|mala☆huju has 30 seconds left.
|
|t:|1758348050
|switch|p2a: Tornadus|Tornadus-Therian, M|100/100
|move|p1a: Zamazenta|Ice Fang|p2a: Tornadus
|-supereffective|p2a: Tornadus
|-damage|p2a: Tornadus|57/100
|
|-weather|Sandstorm|[upkeep]
|-damage|p1a: Zamazenta|59/100|[from] Sandstorm
|-damage|p2a: Tornadus|51/100|[from] Sandstorm
|upkeep
|turn|19
|inactive|mala☆huju has 30 seconds left.
|
|t:|1758348069
|switch|p1a: Zapdos|Zapdos|64/100
|move|p2a: Tornadus|U-turn|p1a: Zapdos
|-resisted|p1a: Zapdos
|-damage|p1a: Zapdos|58/100
|
|t:|1758348079
|switch|p2a: Tyranitar|Tyranitar, M, shiny|100/100|[from] U-turn
|
|-weather|Sandstorm|[upkeep]
|-damage|p1a: Zapdos|52/100|[from] Sandstorm
|upkeep
|turn|20
|
|t:|1758348086
|move|p1a: Zapdos|Roost|p1a: Zapdos
|-heal|p1a: Zapdos|100/100
|-singleturn|p1a: Zapdos|move: Roost
|move|p2a: Tyranitar|Knock Off|p1a: Zapdos
|-crit|p1a: Zapdos
|-damage|p1a: Zapdos|14/100
|-enditem|p1a: Zapdos|Heavy-Duty Boots|[from] move: Knock Off|[of] p2a: Tyranitar
|
|-weather|none
|upkeep
|turn|21
|
|t:|1758348096
|move|p1a: Zapdos|Thunder Wave|p2a: Tyranitar
|-status|p2a: Tyranitar|par
|move|p2a: Tyranitar|Knock Off|p1a: Zapdos
|-damage|p1a: Zapdos|0 fnt
|faint|p1a: Zapdos
|
|upkeep
|inactive|mala☆huju has 30 seconds left.
|
|t:|1758348107
|switch|p1a: Dragonite|Dragonite, F|100/100
|turn|22
|
|t:|1758348113
|move|p2a: Tyranitar|Knock Off|p1a: Dragonite
|-damage|p1a: Dragonite|64/100
|-enditem|p1a: Dragonite|Heavy-Duty Boots|[from] move: Knock Off|[of] p2a: Tyranitar
|move|p1a: Dragonite|Dragon Tail|p2a: Tyranitar
|-damage|p2a: Tyranitar|66/100 par
|drag|p2a: Hydrapple|Hydrapple, M, shiny|54/100
|
|upkeep
|turn|23
|inactive|mala☆huju has 30 seconds left.
|inactive|mala☆huju has 20 seconds left.
|inactive|mala☆huju has 15 seconds left.
|
|t:|1758348149
|move|p2a: Hydrapple|Fickle Beam|p1a: Dragonite|[anim] Fickle Beam All Out
|-activate|p2a: Hydrapple|move: Fickle Beam
|-supereffective|p1a: Dragonite
|-damage|p1a: Dragonite|0 fnt
|faint|p1a: Dragonite
|
|upkeep
|inactive|mala☆huju has 20 seconds left this turn.
|
|t:|1758348153
|switch|p1a: Clefable|Clefable, F|100/100
|turn|24
|inactive|mala☆huju has 30 seconds left this turn.
|
|t:|1758348172
|switch|p2a: Excadrill|Excadrill, M, shiny|97/100
|-item|p2a: Excadrill|Air Balloon
|move|p1a: Clefable|Moonblast|p2a: Excadrill
|-resisted|p2a: Excadrill
|-damage|p2a: Excadrill|78/100
|-unboost|p2a: Excadrill|spa|1
|-enditem|p2a: Excadrill|Air Balloon
|
|upkeep
|turn|25
|inactive|mala☆huju has 30 seconds left.
|
|t:|1758348187
|switch|p1a: Ting-Lu|Ting-Lu|62/100
|-damage|p1a: Ting-Lu|55/100|[from] Stealth Rock
|-ability|p1a: Ting-Lu|Vessel of Ruin
|move|p2a: Excadrill|Iron Head|p1a: Ting-Lu
|-damage|p1a: Ting-Lu|29/100
|
|-heal|p1a: Ting-Lu|36/100|[from] item: Leftovers
|upkeep
|turn|26
|
|t:|1758348210
|switch|p2a: Hydrapple|Hydrapple, M, shiny|88/100
|move|p1a: Ting-Lu|Earthquake|p2a: Hydrapple
|-resisted|p2a: Hydrapple
|-crit|p2a: Hydrapple
|-damage|p2a: Hydrapple|73/100
|
|-heal|p1a: Ting-Lu|42/100|[from] item: Leftovers
|upkeep
|turn|27
|
|t:|1758348219
|move|p1a: Ting-Lu|Stealth Rock|p2a: Hydrapple
|-sidestart|p2: happyorunhappy春和景明|move: Stealth Rock
|move|p2a: Hydrapple|Giga Drain|p1a: Ting-Lu
|-supereffective|p1a: Ting-Lu
|-damage|p1a: Ting-Lu|17/100
|-heal|p2a: Hydrapple|88/100|[from] drain|[of] p1a: Ting-Lu
|
|-heal|p1a: Ting-Lu|24/100|[from] item: Leftovers
|upkeep
|turn|28
|
|t:|1758348242
|move|p1a: Ting-Lu|Ruination|p2a: Hydrapple|[miss]
|-miss|p1a: Ting-Lu|p2a: Hydrapple
|move|p2a: Hydrapple|Giga Drain|p1a: Ting-Lu
|-supereffective|p1a: Ting-Lu
|-damage|p1a: Ting-Lu|0 fnt
|-heal|p2a: Hydrapple|100/100|[from] drain|[of] p1a: Ting-Lu
|faint|p1a: Ting-Lu
|
|upkeep
|inactive|mala☆huju has 30 seconds left.
|
|t:|1758348258
|switch|p1a: Clefable|Clefable, F|100/100
|turn|29
|
|t:|1758348266
|switch|p2a: Heatran|Heatran, F|73/100
|-damage|p2a: Heatran|60/100|[from] Stealth Rock
|move|p1a: Clefable|Calm Mind|p1a: Clefable
|-boost|p1a: Clefable|spa|1
|-boost|p1a: Clefable|spd|1
|
|-heal|p2a: Heatran|66/100|[from] item: Leftovers
|upkeep
|turn|30
|
|t:|1758348288
|move|p2a: Heatran|Magma Storm|p1a: Clefable|[miss]
|-miss|p2a: Heatran|p1a: Clefable
|move|p1a: Clefable|Calm Mind|p1a: Clefable
|-boost|p1a: Clefable|spa|1
|-boost|p1a: Clefable|spd|1
|
|-heal|p2a: Heatran|73/100|[from] item: Leftovers
|upkeep
|turn|31
|
|t:|1758348292
|move|p2a: Heatran|Taunt|p1a: Clefable
|-start|p1a: Clefable|move: Taunt
|move|p1a: Clefable|Moonblast|p2a: Heatran
|-resisted|p2a: Heatran
|-damage|p2a: Heatran|62/100
|
|-heal|p2a: Heatran|68/100|[from] item: Leftovers
|upkeep
|turn|32
|
|t:|1758348312
|move|p2a: Heatran|Magma Storm|p1a: Clefable
|-damage|p1a: Clefable|81/100
|-activate|p1a: Clefable|move: Magma Storm|[of] p2a: Heatran
|move|p1a: Clefable|Knock Off|p2a: Heatran
|-damage|p2a: Heatran|56/100
|-enditem|p2a: Heatran|Leftovers|[from] move: Knock Off|[of] p1a: Clefable
|
|-heal|p1a: Clefable|87/100|[from] item: Leftovers
|upkeep
|turn|33
|
|t:|1758348320
|move|p2a: Heatran|Earth Power|p1a: Clefable
|-damage|p1a: Clefable|74/100
|move|p1a: Clefable|Moonblast|p2a: Heatran
|-resisted|p2a: Heatran
|-damage|p2a: Heatran|45/100
|
|-heal|p1a: Clefable|80/100|[from] item: Leftovers
|-end|p1a: Clefable|move: Taunt
|upkeep
|turn|34
|
|t:|1758348325
|move|p2a: Heatran|Taunt|p1a: Clefable
|-start|p1a: Clefable|move: Taunt
|move|p1a: Clefable|Moonblast|p2a: Heatran
|-resisted|p2a: Heatran
|-damage|p2a: Heatran|33/100
|
|-heal|p1a: Clefable|87/100|[from] item: Leftovers
|upkeep
|turn|35
|
|t:|1758348336
|move|p2a: Heatran|Magma Storm|p1a: Clefable
|-damage|p1a: Clefable|66/100
|move|p1a: Clefable|Moonblast|p2a: Heatran
|-resisted|p2a: Heatran
|-damage|p2a: Heatran|22/100
|
|-heal|p1a: Clefable|72/100|[from] item: Leftovers
|upkeep
|turn|36
|
|t:|1758348352
|move|p2a: Heatran|Magma Storm|p1a: Clefable|[miss]
|-miss|p2a: Heatran|p1a: Clefable
|move|p1a: Clefable|Moonblast|p2a: Heatran
|-resisted|p2a: Heatran
|-damage|p2a: Heatran|11/100
|
|-heal|p1a: Clefable|78/100|[from] item: Leftovers
|-end|p1a: Clefable|Magma Storm|[partiallytrapped]
|-end|p1a: Clefable|move: Taunt
|upkeep
|turn|37
|
|t:|1758348364
|move|p2a: Heatran|Taunt|p1a: Clefable
|-start|p1a: Clefable|move: Taunt
|move|p1a: Clefable|Moonblast|p2a: Heatran
|-resisted|p2a: Heatran
|-damage|p2a: Heatran|0 fnt
|faint|p2a: Heatran
|
|-heal|p1a: Clefable|84/100|[from] item: Leftovers
|upkeep
|
|t:|1758348370
|switch|p2a: Tyranitar|Tyranitar, M, shiny|66/100 par
|-damage|p2a: Tyranitar|53/100 par|[from] Stealth Rock
|-weather|Sandstorm|[from] ability: Sand Stream|[of] p2a: Tyranitar
|turn|38
|
|t:|1758348396
|move|p1a: Clefable|Moonblast|p2a: Tyranitar
|-supereffective|p2a: Tyranitar
|-damage|p2a: Tyranitar|0 fnt
|faint|p2a: Tyranitar
|
|-weather|Sandstorm|[upkeep]
|-heal|p1a: Clefable|90/100|[from] item: Leftovers
|upkeep
|
|t:|1758348416
|switch|p2a: Excadrill|Excadrill, M, shiny|78/100
|-damage|p2a: Excadrill|75/100|[from] Stealth Rock
|turn|39
|inactive|mala☆huju has 60 seconds left.
|
|t:|1758348440
|-terastallize|p1a: Clefable|Water
|move|p2a: Excadrill|Iron Head|p1a: Clefable
|-resisted|p1a: Clefable
|-damage|p1a: Clefable|72/100
|move|p1a: Clefable|Moonblast|p2a: Excadrill
|-resisted|p2a: Excadrill
|-damage|p2a: Excadrill|34/100
|
|-weather|Sandstorm|[upkeep]
|-heal|p1a: Clefable|78/100|[from] item: Leftovers
|-end|p1a: Clefable|move: Taunt
|upkeep
|turn|40
|
|t:|1758348464
|move|p2a: Excadrill|Earthquake|p1a: Clefable
|-damage|p1a: Clefable|31/100
|move|p1a: Clefable|Calm Mind|p1a: Clefable
|-boost|p1a: Clefable|spa|1
|-boost|p1a: Clefable|spd|1
|
|-weather|Sandstorm|[upkeep]
|-heal|p1a: Clefable|37/100|[from] item: Leftovers
|upkeep
|turn|41
|
|t:|1758348474
|switch|p1a: Zamazenta|Zamazenta|59/100
|move|p2a: Excadrill|Earthquake|p1a: Zamazenta
|-damage|p1a: Zamazenta|9/100
|
|-weather|Sandstorm|[upkeep]
|-damage|p1a: Zamazenta|3/100|[from] Sandstorm
|upkeep
|turn|42
|
|t:|1758348482
|move|p2a: Excadrill|Earthquake|p1a: Zamazenta
|-damage|p1a: Zamazenta|0 fnt
|faint|p1a: Zamazenta
|
|-weather|none
|upkeep
|
|t:|1758348495
|switch|p1a: Garganacl|Garganacl, F|100/100
|-damage|p1a: Garganacl|88/100|[from] Stealth Rock
|turn|43
|c|☆mala☆huju|gg
|
|t:|1758348522
|move|p2a: Excadrill|Earthquake|p1a: Garganacl
|-supereffective|p1a: Garganacl
|-damage|p1a: Garganacl|14/100
|move|p1a: Garganacl|Salt Cure|p2a: Excadrill
|-resisted|p2a: Excadrill
|-damage|p2a: Excadrill|29/100
|-start|p2a: Excadrill|Salt Cure
|
|-heal|p1a: Garganacl|20/100|[from] item: Leftovers
|-damage|p2a: Excadrill|4/100|[from] Salt Cure
|upkeep
|turn|44
|inactive|mala☆huju has 90 seconds left.
|
|t:|1758348531
|move|p2a: Excadrill|Earthquake|p1a: Garganacl
|-supereffective|p1a: Garganacl
|-damage|p1a: Garganacl|0 fnt
|faint|p1a: Garganacl
|
|-damage|p2a: Excadrill|0 fnt|[from] Salt Cure
|faint|p2a: Excadrill
|upkeep
|
|t:|1758348535
|switch|p2a: Espeon|Espeon, F|100/100
|switch|p1a: Clefable|Clefable, F, tera:Water|37/100
|-damage|p2a: Espeon|88/100|[from] Stealth Rock
|turn|45
|
|t:|1758348539
|move|p2a: Espeon|Psyshock|p1a: Clefable
|-damage|p1a: Clefable|2/100
|move|p1a: Clefable|Moonlight|p1a: Clefable
|-heal|p1a: Clefable|52/100
|
|-heal|p1a: Clefable|58/100|[from] item: Leftovers
|upkeep
|turn|46
|
|t:|1758348547
|switch|p2a: Hydrapple|Hydrapple, M, shiny|100/100
|-damage|p2a: Hydrapple|88/100|[from] Stealth Rock
|move|p1a: Clefable|Moonlight|p1a: Clefable
|-heal|p1a: Clefable|100/100
|
|upkeep
|turn|47
|
|t:|1758348552
|-terastallize|p2a: Hydrapple|Poison
|move|p1a: Clefable|Calm Mind|p1a: Clefable
|-boost|p1a: Clefable|spa|1
|-boost|p1a: Clefable|spd|1
|move|p2a: Hydrapple|Nasty Plot|p2a: Hydrapple
|-boost|p2a: Hydrapple|spa|2
|
|upkeep
|turn|48
|
|t:|1758348557
|move|p1a: Clefable|Calm Mind|p1a: Clefable
|-boost|p1a: Clefable|spa|1
|-boost|p1a: Clefable|spd|1
|move|p2a: Hydrapple|Nasty Plot|p2a: Hydrapple
|-boost|p2a: Hydrapple|spa|2
|
|upkeep
|turn|49
|
|t:|1758348564
|move|p1a: Clefable|Calm Mind|p1a: Clefable
|-boost|p1a: Clefable|spa|1
|-boost|p1a: Clefable|spd|1
|move|p2a: Hydrapple|Giga Drain|p1a: Clefable
|-supereffective|p1a: Clefable
|-damage|p1a: Clefable|32/100
|-heal|p2a: Hydrapple|100/100|[from] drain|[of] p1a: Clefable
|
|-heal|p1a: Clefable|38/100|[from] item: Leftovers
|upkeep
|turn|50
|
|t:|1758348570
|move|p1a: Clefable|Moonblast|p2a: Hydrapple
|-resisted|p2a: Hydrapple
|-damage|p2a: Hydrapple|64/100
|move|p2a: Hydrapple|Giga Drain|p1a: Clefable
|-supereffective|p1a: Clefable
|-damage|p1a: Clefable|0 fnt
|-heal|p2a: Hydrapple|82/100|[from] drain|[of] p1a: Clefable
|faint|p1a: Clefable
|
|win|happyorunhappy春和景明
|raw|mala☆huju's rating: 1539 &rarr; <strong>1518</strong><br />(-21 for losing)
|raw|happyorunhappy春和景明's rating: 1523 &rarr; <strong>1544</strong><br />(+21 for winning)
|l|☆mala☆huju
|player|p1|
|l|☆happyorunhappy春和景明
|player|p2|
|l| amefurikoneko
