|j|☆gogotoat
|j|☆UltraDJames
|t:|1758344933
|gametype|singles
|player|p1|gogotoat|dawn|1413
|player|p2|UltraDJames|falkner|1366
|gen|9
|tier|[Gen 9] OU
|rated|
|rule|HP Percentage Mod: HP is shown in percentages
|rule|Endless Battle Clause: Forcing endless battles is banned
|rule|Species Clause: Limit one of each Pokémon
|rule|OHKO Clause: OHKO moves are banned
|rule|Evasion Items Clause: Evasion items are banned
|rule|Evasion Moves Clause: Evasion moves are banned
|rule|Evasion Abilities Clause: Evasion abilities are banned
|rule|Sleep Moves Clause: Sleep-inducing moves are banned
|clearpoke
|poke|p1|Cinderace, M|
|poke|p1|Quaquaval, F|
|poke|p1|Thundurus-Therian, M|
|poke|p1|Necrozma|
|poke|p1|Ogerpon-Wellspring, F|
|poke|p1|Dragapult, M|
|poke|p2|Entei|
|poke|p2|Corviknight, M|
|poke|p2|Glimmora, F|
|poke|p2|Cinccino, M|
|poke|p2|Quagsire, M|
|poke|p2|Deoxys-Defense|
|teampreview
|inactive|Battle timer is ON: inactive players will automatically lose when time's up. (requested by UltraDJames)
|c|☆UltraDJames|gl
|
|t:|1758344940
|teamsize|p1|6
|teamsize|p2|6
|start
|switch|p1a: Thundurus|Thundurus-Therian, M|100/100
|switch|p2a: Glimmora|Glimmora, F|100/100
|turn|1
|
|t:|1758344948
|move|p1a: Thundurus|Volt Switch|p2a: Glimmora
|-damage|p2a: Glimmora|31/100
|-damage|p1a: Thundurus|91/100|[from] item: Life Orb
|
|t:|1758344958
|switch|p1a: Dragapult|Dragapult, M|100/100|[from] Volt Switch
|move|p2a: Glimmora|Power Gem|p1a: Dragapult
|-damage|p1a: Dragapult|48/100
|
|upkeep
|turn|2
|
|t:|1758344963
|switch|p2a: Cinccino|Cinccino, M|100/100
|move|p1a: Dragapult|Dragon Darts|p2a: Cinccino
|-damage|p2a: Cinccino|23/100
|-anim|p1a: Dragapult|Dragon Darts|p2a: Cinccino
|-damage|p2a: Cinccino|0 fnt
|faint|p2a: Cinccino
|
|upkeep
|
|t:|1758344978
|switch|p2a: Glimmora|Glimmora, F|31/100
|turn|3
|
|t:|1758344980
|move|p1a: Dragapult|Dragon Darts|p2a: Glimmora
|-damage|p2a: Glimmora|0 fnt
|-activate|p2a: Glimmora|ability: Toxic Debris
|-sidestart|p1: gogotoat|move: Toxic Spikes
|faint|p2a: Glimmora
|
|upkeep
|
|t:|1758344991
|switch|p2a: Quagsire|Quagsire, M|100/100
|turn|4
|
|t:|1758344997
|move|p1a: Dragapult|Dragon Darts|p2a: Quagsire
|-damage|p2a: Quagsire|75/100
|-anim|p1a: Dragapult|Dragon Darts|p2a: Quagsire
|-damage|p2a: Quagsire|48/100
|move|p2a: Quagsire|Toxic|p1a: Dragapult
|-status|p1a: Dragapult|tox
|
|-heal|p2a: Quagsire|55/100|[from] item: Leftovers
|-damage|p1a: Dragapult|42/100 tox|[from] psn
|upkeep
|turn|5
|
|t:|1758345003
|move|p1a: Dragapult|Dragon Darts|p2a: Quagsire
|-damage|p2a: Quagsire|25/100
|-anim|p1a: Dragapult|Dragon Darts|p2a: Quagsire
|-damage|p2a: Quagsire|0 fnt
|faint|p2a: Quagsire
|
|-damage|p1a: Dragapult|30/100 tox|[from] psn
|upkeep
|
|t:|1758345015
|switch|p2a: Corviknight|Corviknight, M|100/100
|turn|6
|
|t:|1758345021
|switch|p1a: Cinderace|Cinderace, M|100/100
|move|p2a: Corviknight|Bulk Up|p2a: Corviknight
|-boost|p2a: Corviknight|atk|1
|-boost|p2a: Corviknight|def|1
|
|upkeep
|turn|7
|
|t:|1758345026
|switch|p2a: Deoxys|Deoxys-Defense|100/100
|-ability|p2a: Deoxys|Pressure
|move|p1a: Cinderace|Court Change|p1a: Cinderace
|-start|p1a: Cinderace|typechange|Normal|[from] ability: Libero
|-swapsideconditions
|-activate|p1a: Cinderace|move: Court Change
|
|upkeep
|turn|8
|
|t:|1758345034
|move|p1a: Cinderace|U-turn|p2a: Deoxys
|-supereffective|p2a: Deoxys
|-damage|p2a: Deoxys|56/100
|
|t:|1758345038
|switch|p1a: Quaquaval|Quaquaval, F|100/100|[from] U-turn
|move|p2a: Deoxys|Psycho Boost|p1a: Quaquaval
|-supereffective|p1a: Quaquaval
|-damage|p1a: Quaquaval|24/100
|-unboost|p2a: Deoxys|spa|2
|
|upkeep
|turn|9
|
|t:|1758345045
|move|p2a: Deoxys|Psycho Boost|p1a: Quaquaval
|-supereffective|p1a: Quaquaval
|-damage|p1a: Quaquaval|0 fnt
|-unboost|p2a: Deoxys|spa|2
|faint|p1a: Quaquaval
|
|upkeep
|
|t:|1758345049
|switch|p1a: Cinderace|Cinderace, M|100/100
|turn|10
|
|t:|1758345054
|switch|p2a: Corviknight|Corviknight, M|100/100
|move|p1a: Cinderace|U-turn|p2a: Corviknight
|-start|p1a: Cinderace|typechange|Bug|[from] ability: Libero
|-resisted|p2a: Corviknight
|-damage|p2a: Corviknight|94/100
|
|t:|1758345057
|switch|p1a: Thundurus|Thundurus-Therian, M|91/100|[from] U-turn
|
|-heal|p2a: Corviknight|99/100|[from] item: Leftovers
|upkeep
|turn|11
|
|t:|1758345063
|switch|p2a: Deoxys|Deoxys-Defense|56/100
|-status|p2a: Deoxys|psn
|-ability|p2a: Deoxys|Pressure
|move|p1a: Thundurus|Thunderbolt|p2a: Deoxys
|-damage|p2a: Deoxys|12/100 psn
|-damage|p1a: Thundurus|81/100|[from] item: Life Orb
|
|-damage|p2a: Deoxys|0 fnt|[from] psn
|faint|p2a: Deoxys
|upkeep
|
|t:|1758345066
|switch|p2a: Entei|Entei|100/100
|-status|p2a: Entei|psn
|turn|12
|c|☆UltraDJames|ggs
|c|☆gogotoat|gg
|
|t:|1758345074
|-terastallize|p2a: Entei|Normal
|move|p1a: Thundurus|Thunderbolt|p2a: Entei
|-damage|p2a: Entei|28/100 psn
|-damage|p1a: Thundurus|71/100|[from] item: Life Orb
|move|p2a: Entei|Swagger|p1a: Thundurus
|-boost|p1a: Thundurus|atk|2
|-start|p1a: Thundurus|confusion
|-enditem|p2a: Entei|Mirror Herb
|-boost|p2a: Entei|atk|2|[from] item: Mirror Herb
|
|-damage|p2a: Entei|16/100 psn|[from] psn
|upkeep
|turn|13
|
|t:|1758345094
|switch|p1a: Cinderace|Cinderace, M|100/100
|move|p2a: Entei|Extreme Speed|p1a: Cinderace
|-damage|p1a: Cinderace|0 fnt
|faint|p1a: Cinderace
|
|-damage|p2a: Entei|3/100 psn|[from] psn
|upkeep
|
|t:|1758345099
|switch|p1a: Ogerpon|Ogerpon-Wellspring, F|100/100
|turn|14
|
|t:|1758345102
|move|p2a: Entei|Extreme Speed|p1a: Ogerpon
|-damage|p1a: Ogerpon|0 fnt
|faint|p1a: Ogerpon
|
|-damage|p2a: Entei|0 fnt|[from] psn
|faint|p2a: Entei
|upkeep
|
|t:|1758345105
|switch|p1a: Thundurus|Thundurus-Therian, M|71/100
|switch|p2a: Corviknight|Corviknight, M|99/100
|turn|15
|
|t:|1758345113
|move|p1a: Thundurus|Thunderbolt|p2a: Corviknight
|-supereffective|p2a: Corviknight
|-damage|p2a: Corviknight|12/100
|-status|p2a: Corviknight|par
|-damage|p1a: Thundurus|62/100|[from] item: Life Orb
|move|p2a: Corviknight|Bulk Up|p2a: Corviknight
|-boost|p2a: Corviknight|atk|1
|-boost|p2a: Corviknight|def|1
|
|-heal|p2a: Corviknight|18/100 par|[from] item: Leftovers
|upkeep
|turn|16
|
|t:|1758345116
|move|p1a: Thundurus|Volt Switch|p2a: Corviknight
|-supereffective|p2a: Corviknight
|-damage|p2a: Corviknight|0 fnt
|faint|p2a: Corviknight
|-damage|p1a: Thundurus|52/100|[from] item: Life Orb
|
|win|gogotoat
|raw|gogotoat's rating: 1413 &rarr; <strong>1430</strong><br />(+17 for winning)
|raw|UltraDJames's rating: 1366 &rarr; <strong>1349</strong><br />(-17 for losing)
|l|☆gogotoat
|player|p1|
|l|☆UltraDJames
|player|p2|
