|j|☆Nylia
|j|☆jamespeeen
|t:|1758327192
|gametype|singles
|player|p1|Nylia|cyclistf|1198
|player|p2|jamespeeen|1|1161
|gen|9
|tier|[Gen 9] OU
|rated|
|rule|HP Percentage Mod: HP is shown in percentages
|rule|Endless Battle Clause: Forcing endless battles is banned
|rule|Species Clause: Limit one of each Pokémon
|rule|OHKO Clause: OHKO moves are banned
|rule|Evasion Items Clause: Evasion items are banned
|rule|Evasion Moves Clause: Evasion moves are banned
|rule|Evasion Abilities Clause: Evasion abilities are banned
|rule|Sleep Moves Clause: Sleep-inducing moves are banned
|clearpoke
|poke|p1|Garganacl, F|
|poke|p1|Golem, M|
|poke|p1|Glimmora, M|
|poke|p1|Kleavor, M|
|poke|p1|Tyranitar, M|
|poke|p1|Minior|
|poke|p2|Whimsicott, F|
|poke|p2|Gliscor, M|
|poke|p2|Alomomola, M|
|poke|p2|Tornadus-Therian, M|
|poke|p2|Iron Moth|
|poke|p2|Kingambit, M|
|teampreview
|inactive|Battle timer is ON: inactive players will automatically lose when time's up. (requested by Nylia)
|
|t:|1758327218
|teamsize|p1|6
|teamsize|p2|6
|start
|switch|p1a: Kleavor|Kleavor, M|100/100
|switch|p2a: Iron Moth|Iron Moth|100/100
|-enditem|p2a: Iron Moth|Booster Energy
|-activate|p2a: Iron Moth|ability: Quark Drive|[fromitem]
|-start|p2a: Iron Moth|quarkdrivespa
|turn|1
|
|t:|1758327239
|-end|p2a: Iron Moth|Quark Drive|[silent]
|switch|p2a: Gliscor|Gliscor, M|100/100
|move|p1a: Kleavor|Stone Axe|p2a: Gliscor
|-damage|p2a: Gliscor|55/100
|-sidestart|p2: jamespeeen|move: Stealth Rock
|
|-status|p2a: Gliscor|tox|[from] item: Toxic Orb
|upkeep
|turn|2
|
|t:|1758327251
|move|p1a: Kleavor|Stone Axe|p2a: Gliscor
|-damage|p2a: Gliscor|2/100 tox
|move|p2a: Gliscor|Knock Off|p1a: Kleavor
|-damage|p1a: Kleavor|72/100
|-enditem|p1a: Kleavor|Choice Band|[from] move: Knock Off|[of] p2a: Gliscor
|
|-heal|p2a: Gliscor|14/100 tox|[from] ability: Poison Heal
|upkeep
|turn|3
|
|t:|1758327259
|move|p2a: Gliscor|Protect|p2a: Gliscor
|-singleturn|p2a: Gliscor|Protect
|move|p1a: Kleavor|Stone Axe|p2a: Gliscor
|-activate|p2a: Gliscor|move: Protect
|
|-heal|p2a: Gliscor|27/100 tox|[from] ability: Poison Heal
|upkeep
|turn|4
|
|t:|1758327267
|switch|p2a: Alomomola|Alomomola, M|100/100
|-damage|p2a: Alomomola|88/100|[from] Stealth Rock
|move|p1a: Kleavor|Stone Axe|p2a: Alomomola|[miss]
|-miss|p1a: Kleavor|p2a: Alomomola
|
|-heal|p2a: Alomomola|94/100|[from] item: Leftovers
|upkeep
|turn|5
|
|t:|1758327275
|move|p1a: Kleavor|U-turn|p2a: Alomomola
|-damage|p2a: Alomomola|73/100
|
|t:|1758327277
|switch|p1a: Golem|Golem, M|100/100|[from] U-turn
|move|p2a: Alomomola|Scald|p1a: Golem
|-supereffective|p1a: Golem
|-damage|p1a: Golem|15/100
|-status|p1a: Golem|brn
|-enditem|p1a: Golem|Weakness Policy
|-boost|p1a: Golem|atk|2|[from] item: Weakness Policy
|-boost|p1a: Golem|spa|2|[from] item: Weakness Policy
|
|-heal|p2a: Alomomola|79/100|[from] item: Leftovers
|-damage|p1a: Golem|9/100 brn|[from] brn
|upkeep
|turn|6
|c|☆Nylia|okay then
|
|t:|1758327290
|move|p2a: Alomomola|Protect|p2a: Alomomola
|-singleturn|p2a: Alomomola|Protect
|move|p1a: Golem|Rock Slide|p2a: Alomomola
|-activate|p2a: Alomomola|move: Protect
|
|-heal|p2a: Alomomola|85/100|[from] item: Leftovers
|-damage|p1a: Golem|3/100 brn|[from] brn
|upkeep
|turn|7
|
|t:|1758327298
|move|p1a: Golem|Hammer Arm|p2a: Alomomola|[miss]
|-miss|p1a: Golem|p2a: Alomomola
|move|p2a: Alomomola|Flip Turn|p1a: Golem
|-supereffective|p1a: Golem
|-damage|p1a: Golem|0 fnt
|faint|p1a: Golem
|c|☆Nylia|brother
|
|t:|1758327309
|switch|p2a: Whimsicott|Whimsicott, F|100/100|[from] Flip Turn
|-damage|p2a: Whimsicott|88/100|[from] Stealth Rock
|
|-heal|p2a: Whimsicott|94/100|[from] item: Leftovers
|upkeep
|c|☆Nylia|stone Axe into hammer arm lol
|
|t:|1758327316
|switch|p1a: Glimmora|Glimmora, M|100/100
|turn|8
|
|t:|1758327323
|move|p2a: Whimsicott|Substitute|p2a: Whimsicott
|-start|p2a: Whimsicott|Substitute
|-damage|p2a: Whimsicott|69/100
|move|p1a: Glimmora|Mortal Spin|p2a: Whimsicott
|-supereffective|p2a: Whimsicott
|-end|p2a: Whimsicott|Substitute
|
|-heal|p2a: Whimsicott|75/100|[from] item: Leftovers
|upkeep
|turn|9
|
|t:|1758327333
|switch|p2a: Alomomola|Alomomola, M|100/100
|-damage|p2a: Alomomola|88/100|[from] Stealth Rock
|move|p1a: Glimmora|Mortal Spin|p2a: Alomomola
|-damage|p2a: Alomomola|85/100
|-status|p2a: Alomomola|psn
|
|-heal|p2a: Alomomola|91/100 psn|[from] item: Leftovers
|-damage|p2a: Alomomola|79/100 psn|[from] psn
|upkeep
|turn|10
|
|t:|1758327346
|switch|p1a: Kleavor|Kleavor, M|72/100
|move|p2a: Alomomola|Scald|p1a: Kleavor
|-supereffective|p1a: Kleavor
|-damage|p1a: Kleavor|27/100
|
|-heal|p2a: Alomomola|85/100 psn|[from] item: Leftovers
|-damage|p2a: Alomomola|73/100 psn|[from] psn
|upkeep
|turn|11
|
|t:|1758327354
|move|p1a: Kleavor|Stone Axe|p2a: Alomomola
|-damage|p2a: Alomomola|44/100 psn
|move|p2a: Alomomola|Scald|p1a: Kleavor
|-supereffective|p1a: Kleavor
|-damage|p1a: Kleavor|0 fnt
|faint|p1a: Kleavor
|
|-heal|p2a: Alomomola|50/100 psn|[from] item: Leftovers
|-damage|p2a: Alomomola|38/100 psn|[from] psn
|upkeep
|
|t:|1758327360
|switch|p1a: Minior|Minior|100/100
|-formechange|p1a: Minior|Minior-Meteor||[from] ability: Shields Down
|turn|12
|
|t:|1758327367
|move|p1a: Minior|Shell Smash|p1a: Minior
|-unboost|p1a: Minior|def|1
|-unboost|p1a: Minior|spd|1
|-boost|p1a: Minior|atk|2
|-boost|p1a: Minior|spa|2
|-boost|p1a: Minior|spe|2
|-enditem|p1a: Minior|White Herb
|-clearnegativeboost|p1a: Minior|[silent]
|move|p2a: Alomomola|Wish|p2a: Alomomola
|
|-heal|p2a: Alomomola|44/100 psn|[from] item: Leftovers
|-damage|p2a: Alomomola|32/100 psn|[from] psn
|upkeep
|turn|13
|
|t:|1758327395
|move|p2a: Alomomola|Protect|p2a: Alomomola
|-singleturn|p2a: Alomomola|Protect
|move|p1a: Minior|Acrobatics|p2a: Alomomola
|-activate|p2a: Alomomola|move: Protect
|
|-heal|p2a: Alomomola|82/100 psn|[from] move: Wish|[wisher] Alomomola
|-heal|p2a: Alomomola|88/100 psn|[from] item: Leftovers
|-damage|p2a: Alomomola|76/100 psn|[from] psn
|upkeep
|turn|14
|
|t:|1758327409
|move|p1a: Minior|Power Gem|p2a: Alomomola
|-damage|p2a: Alomomola|23/100 psn
|move|p2a: Alomomola|Scald|p1a: Minior
|-supereffective|p1a: Minior
|-damage|p1a: Minior|64/100
|
|-heal|p2a: Alomomola|30/100 psn|[from] item: Leftovers
|-damage|p2a: Alomomola|17/100 psn|[from] psn
|upkeep
|turn|15
|inactive|jamespeeen has 120 seconds left.
|
|t:|1758327428
|switch|p2a: Kingambit|Kingambit, M|100/100
|-damage|p2a: Kingambit|94/100|[from] Stealth Rock
|move|p1a: Minior|Power Gem|p2a: Kingambit
|-resisted|p2a: Kingambit
|-damage|p2a: Kingambit|73/100
|
|upkeep
|turn|16
|
|t:|1758327438
|move|p1a: Minior|Earth Power|p2a: Kingambit
|-supereffective|p2a: Kingambit
|-damage|p2a: Kingambit|13/100
|move|p2a: Kingambit|Iron Head|p1a: Minior
|-supereffective|p1a: Minior
|-damage|p1a: Minior|0 fnt
|faint|p1a: Minior
|
|upkeep
|
|t:|1758327446
|switch|p1a: Garganacl|Garganacl, F|100/100
|turn|17
|
|t:|1758327462
|-end|p2a: Kingambit|fallenundefined|[silent]
|switch|p2a: Tornadus|Tornadus-Therian, M|100/100
|-damage|p2a: Tornadus|76/100|[from] Stealth Rock
|move|p1a: Garganacl|Iron Defense|p1a: Garganacl
|-boost|p1a: Garganacl|def|2
|
|upkeep
|turn|18
|
|t:|1758327470
|move|p2a: Tornadus|Taunt|p1a: Garganacl
|-start|p1a: Garganacl|move: Taunt
|move|p1a: Garganacl|Salt Cure|p2a: Tornadus
|-supereffective|p2a: Tornadus
|-damage|p2a: Tornadus|47/100
|-start|p2a: Tornadus|Salt Cure
|
|-damage|p2a: Tornadus|35/100|[from] Salt Cure
|upkeep
|turn|19
|
|t:|1758327495
|switch|p2a: Whimsicott|Whimsicott, F|75/100
|-damage|p2a: Whimsicott|63/100|[from] Stealth Rock
|move|p1a: Garganacl|Salt Cure|p2a: Whimsicott
|-damage|p2a: Whimsicott|47/100
|-start|p2a: Whimsicott|Salt Cure
|
|-heal|p2a: Whimsicott|54/100|[from] item: Leftovers
|-damage|p2a: Whimsicott|41/100|[from] Salt Cure
|upkeep
|turn|20
|
|t:|1758327508
|move|p2a: Whimsicott|Leech Seed|p1a: Garganacl
|-start|p1a: Garganacl|move: Leech Seed
|move|p1a: Garganacl|Body Press|p2a: Whimsicott
|-resisted|p2a: Whimsicott
|-damage|p2a: Whimsicott|2/100
|
|-heal|p2a: Whimsicott|9/100|[from] item: Leftovers
|-damage|p1a: Garganacl|88/100|[from] Leech Seed|[of] p2a: Whimsicott
|-heal|p2a: Whimsicott|24/100|[silent]
|-damage|p2a: Whimsicott|12/100|[from] Salt Cure
|-end|p1a: Garganacl|move: Taunt
|upkeep
|turn|21
|
|t:|1758327527
|switch|p2a: Alomomola|Alomomola, M|50/100 psn
|-damage|p2a: Alomomola|38/100 psn|[from] Stealth Rock
|move|p1a: Garganacl|Salt Cure|p2a: Alomomola
|-damage|p2a: Alomomola|31/100 psn
|-start|p2a: Alomomola|Salt Cure
|
|-heal|p2a: Alomomola|37/100 psn|[from] item: Leftovers
|-heal|p1a: Garganacl|94/100|[from] item: Leftovers
|-damage|p1a: Garganacl|82/100|[from] Leech Seed|[of] p2a: Alomomola
|-heal|p2a: Alomomola|46/100 psn|[silent]
|-damage|p2a: Alomomola|34/100 psn|[from] psn
|-damage|p2a: Alomomola|9/100 psn|[from] Salt Cure
|upkeep
|turn|22
|inactive|jamespeeen has 120 seconds left.
|
|t:|1758327543
|switch|p2a: Tornadus|Tornadus-Therian, M|68/100
|-damage|p2a: Tornadus|43/100|[from] Stealth Rock
|move|p1a: Garganacl|Recover|p1a: Garganacl
|-heal|p1a: Garganacl|100/100
|
|-damage|p1a: Garganacl|88/100|[from] Leech Seed|[of] p2a: Tornadus
|-heal|p2a: Tornadus|57/100|[silent]
|upkeep
|turn|23
|inactive|jamespeeen has 120 seconds left.
|
|t:|1758327581
|switch|p2a: Alomomola|Alomomola, M|42/100 psn
|-damage|p2a: Alomomola|30/100 psn|[from] Stealth Rock
|move|p1a: Garganacl|Salt Cure|p2a: Alomomola
|-damage|p2a: Alomomola|22/100 psn
|-start|p2a: Alomomola|Salt Cure
|
|-heal|p2a: Alomomola|29/100 psn|[from] item: Leftovers
|-heal|p1a: Garganacl|94/100|[from] item: Leftovers
|-damage|p1a: Garganacl|82/100|[from] Leech Seed|[of] p2a: Alomomola
|-heal|p2a: Alomomola|38/100 psn|[silent]
|-damage|p2a: Alomomola|26/100 psn|[from] psn
|-damage|p2a: Alomomola|1/100 psn|[from] Salt Cure
|upkeep
|turn|24
|
|t:|1758327593
|move|p2a: Alomomola|Wish|p2a: Alomomola
|move|p1a: Garganacl|Salt Cure|p2a: Alomomola
|-damage|p2a: Alomomola|0 fnt
|faint|p2a: Alomomola
|
|-heal|p1a: Garganacl|88/100|[from] item: Leftovers
|upkeep
|
|t:|1758327599
|switch|p2a: Kingambit|Kingambit, M|13/100
|-damage|p2a: Kingambit|7/100|[from] Stealth Rock
|-activate|p2a: Kingambit|ability: Supreme Overlord
|-start|p2a: Kingambit|fallen1|[silent]
|turn|25
|
|t:|1758327608
|move|p2a: Kingambit|Iron Head|p1a: Garganacl
|-supereffective|p1a: Garganacl
|-crit|p1a: Garganacl
|-damage|p1a: Garganacl|15/100
|move|p1a: Garganacl|Salt Cure|p2a: Kingambit
|-resisted|p2a: Kingambit
|-damage|p2a: Kingambit|1/100
|-start|p2a: Kingambit|Salt Cure
|
|-heal|p2a: Kingambit|68/100|[from] move: Wish|[wisher] Alomomola
|-heal|p1a: Garganacl|22/100|[from] item: Leftovers
|-damage|p1a: Garganacl|9/100|[from] Leech Seed|[of] p2a: Kingambit
|-heal|p2a: Kingambit|80/100|[silent]
|-damage|p2a: Kingambit|55/100|[from] Salt Cure
|upkeep
|turn|26
|c|☆Nylia|nice crit
|
|t:|1758327624
|move|p2a: Kingambit|Iron Head|p1a: Garganacl
|-supereffective|p1a: Garganacl
|-damage|p1a: Garganacl|0 fnt
|faint|p1a: Garganacl
|
|-damage|p2a: Kingambit|30/100|[from] Salt Cure
|upkeep
|
|t:|1758327628
|switch|p1a: Glimmora|Glimmora, M|100/100
|turn|27
|
|t:|1758327642
|move|p2a: Kingambit|Sucker Punch|p1a: Glimmora
|-damage|p1a: Glimmora|48/100
|-activate|p1a: Glimmora|ability: Toxic Debris
|-sidestart|p2: jamespeeen|move: Toxic Spikes
|move|p1a: Glimmora|Earth Power|p2a: Kingambit
|-supereffective|p2a: Kingambit
|-crit|p2a: Kingambit
|-damage|p2a: Kingambit|0 fnt
|faint|p2a: Kingambit
|-end|p2a: Kingambit|fallen1|[silent]
|
|upkeep
|inactive|jamespeeen has 90 seconds left.
|
|t:|1758327664
|switch|p2a: Iron Moth|Iron Moth|100/100
|-damage|p2a: Iron Moth|76/100|[from] Stealth Rock
|-sideend|p2: jamespeeen|move: Toxic Spikes|[of] p2a: Iron Moth
|turn|28
|inactive|jamespeeen has 90 seconds left.
|
|t:|1758327677
|move|p2a: Iron Moth|Fiery Dance|p1a: Glimmora
|-resisted|p1a: Glimmora
|-damage|p1a: Glimmora|22/100
|move|p1a: Glimmora|Power Gem|p2a: Iron Moth
|-supereffective|p2a: Iron Moth
|-damage|p2a: Iron Moth|0 fnt
|faint|p2a: Iron Moth
|-end|p2a: Iron Moth|Quark Drive|[silent]
|
|upkeep
|
|t:|1758327685
|switch|p2a: Tornadus|Tornadus-Therian, M|90/100
|-damage|p2a: Tornadus|66/100|[from] Stealth Rock
|turn|29
|inactive|jamespeeen has 90 seconds left.
|
|t:|1758327694
|switch|p1a: Tyranitar|Tyranitar, M|100/100
|-weather|Sandstorm|[from] ability: Sand Stream|[of] p1a: Tyranitar
|move|p2a: Tornadus|Bleakwind Storm|p1a: Tyranitar|[miss]
|-miss|p2a: Tornadus|p1a: Tyranitar
|
|-weather|Sandstorm|[upkeep]
|-damage|p2a: Tornadus|60/100|[from] Sandstorm
|upkeep
|turn|30
|inactive|jamespeeen has 90 seconds left.
|
|t:|1758327711
|move|p2a: Tornadus|Bleakwind Storm|p1a: Tyranitar
|-resisted|p1a: Tyranitar
|-damage|p1a: Tyranitar|95/100
|move|p1a: Tyranitar|Power Gem|p2a: Tornadus
|-supereffective|p2a: Tornadus
|-damage|p2a: Tornadus|6/100
|
|-weather|Sandstorm|[upkeep]
|-damage|p2a: Tornadus|0 fnt|[from] Sandstorm
|faint|p2a: Tornadus
|upkeep
|
|t:|1758327719
|switch|p2a: Gliscor|Gliscor, M|27/100 tox
|-damage|p2a: Gliscor|14/100 tox|[from] Stealth Rock
|turn|31
|inactive|jamespeeen has 90 seconds left.
|
|t:|1758327727
|move|p2a: Gliscor|Knock Off|p1a: Tyranitar
|-resisted|p1a: Tyranitar
|-damage|p1a: Tyranitar|87/100
|-enditem|p1a: Tyranitar|Assault Vest|[from] move: Knock Off|[of] p2a: Gliscor
|move|p1a: Tyranitar|Power Gem|p2a: Gliscor
|-damage|p2a: Gliscor|0 fnt
|faint|p2a: Gliscor
|
|-weather|Sandstorm|[upkeep]
|upkeep
|inactive|jamespeeen has 90 seconds left.
|
|t:|1758327735
|switch|p2a: Whimsicott|Whimsicott, F|12/100
|-damage|p2a: Whimsicott|0 fnt|[from] Stealth Rock
|faint|p2a: Whimsicott
|
|win|Nylia
|raw|Nylia's rating: 1198 &rarr; <strong>1220</strong><br />(+22 for winning)
|raw|jamespeeen's rating: 1161 &rarr; <strong>1139</strong><br />(-22 for losing)
|l|☆jamespeeen
|player|p2|
|l|☆Nylia
|player|p1|
