|j|☆John Mahmoud
|j|☆Tecceth
|t:|1758320639
|gametype|singles
|player|p1|John Mahmoud|102|1286
|player|p2|Tecceth|miku-ground|1252
|gen|9
|tier|[Gen 9] OU
|rated|
|rule|HP Percentage Mod: HP is shown in percentages
|rule|Endless Battle Clause: Forcing endless battles is banned
|rule|Species Clause: Limit one of each Pokémon
|rule|OHKO Clause: OHKO moves are banned
|rule|Evasion Items Clause: Evasion items are banned
|rule|Evasion Moves Clause: Evasion moves are banned
|rule|Evasion Abilities Clause: Evasion abilities are banned
|rule|Sleep Moves Clause: Sleep-inducing moves are banned
|clearpoke
|poke|p1|Great Tusk|
|poke|p1|Azumarill, F|
|poke|p1|Iron Crown|
|poke|p1|Zapdos|
|poke|p1|Cinderace, M|
|poke|p1|Dragapult, F|
|poke|p2|Ceruledge, M|
|poke|p2|Ninetales, F|
|poke|p2|Leavanny, F|
|poke|p2|Great Tusk|
|poke|p2|Venusaur, F|
|poke|p2|Walking Wake|
|teampreview
|inactive|Battle timer is ON: inactive players will automatically lose when time's up. (requested by John Mahmoud)
|
|t:|1758320645
|teamsize|p1|6
|teamsize|p2|6
|start
|switch|p1a: Gros corn|Great Tusk|100/100
|switch|p2a: Ninetales|Ninetales, F|100/100
|-weather|SunnyDay|[from] ability: Drought|[of] p2a: Ninetales
|-activate|p1a: Gros corn|ability: Protosynthesis
|-start|p1a: Gros corn|protosynthesisatk
|turn|1
|
|t:|1758320656
|switch|p2a: Ceruledge|Ceruledge, M|100/100
|move|p1a: Gros corn|Earthquake|p2a: Ceruledge
|-supereffective|p2a: Ceruledge
|-enditem|p2a: Ceruledge|Focus Sash
|-damage|p2a: Ceruledge|1/100
|-ability|p2a: Ceruledge|Weak Armor|boost
|-unboost|p2a: Ceruledge|def|1
|-boost|p2a: Ceruledge|spe|2
|
|-weather|SunnyDay|[upkeep]
|upkeep
|turn|2
|
|t:|1758320668
|-terastallize|p2a: Ceruledge|Grass
|move|p2a: Ceruledge|Solar Blade||[still]
|-prepare|p2a: Ceruledge|Solar Blade
|-anim|p2a: Ceruledge|Solar Blade|p1a: Gros corn
|-supereffective|p1a: Gros corn
|-damage|p1a: Gros corn|10/100
|-damage|p2a: Ceruledge|0 fnt|[from] item: Rocky Helmet|[of] p1a: Gros corn
|faint|p2a: Ceruledge
|move|p1a: Gros corn|Earthquake|p2: Ceruledge|[notarget]
|-fail|p1a: Gros corn
|
|-weather|SunnyDay|[upkeep]
|upkeep
|
|t:|1758320677
|switch|p2a: Leavanny|Leavanny, F|100/100
|turn|3
|
|t:|1758320686
|move|p2a: Leavanny|Sticky Web|p1a: Gros corn
|-sidestart|p1: John Mahmoud|move: Sticky Web
|move|p1a: Gros corn|Stealth Rock|p2a: Leavanny
|-sidestart|p2: Tecceth|move: Stealth Rock
|
|-weather|SunnyDay|[upkeep]
|upkeep
|turn|4
|
|t:|1758320692
|move|p2a: Leavanny|Leaf Storm|p1a: Gros corn
|-supereffective|p1a: Gros corn
|-damage|p1a: Gros corn|0 fnt
|-unboost|p2a: Leavanny|spa|2
|faint|p1a: Gros corn
|-end|p1a: Gros corn|Protosynthesis|[silent]
|-enditem|p2a: Leavanny|Eject Pack
|
|t:|1758320695
|switch|p2a: Great Tusk|Great Tusk|100/100
|-activate|p2a: Great Tusk|ability: Protosynthesis
|-start|p2a: Great Tusk|protosynthesisatk
|
|-weather|SunnyDay|[upkeep]
|upkeep
|
|t:|1758320704
|switch|p1a: Désiré Doué|Cinderace, M|100/100
|turn|5
|
|t:|1758320707
|move|p1a: Désiré Doué|Court Change|p1a: Désiré Doué
|-start|p1a: Désiré Doué|typechange|Normal|[from] ability: Libero
|-swapsideconditions
|-activate|p1a: Désiré Doué|move: Court Change
|move|p2a: Great Tusk|Rapid Spin|p1a: Désiré Doué
|-damage|p1a: Désiré Doué|66/100
|-boost|p2a: Great Tusk|spe|1
|-sideend|p2: Tecceth|Sticky Web|[from] move: Rapid Spin|[of] p2a: Great Tusk
|
|-weather|SunnyDay|[upkeep]
|upkeep
|turn|6
|
|t:|1758320717
|move|p2a: Great Tusk|Headlong Rush|p1a: Désiré Doué
|-damage|p1a: Désiré Doué|0 fnt
|-unboost|p2a: Great Tusk|def|1
|-unboost|p2a: Great Tusk|spd|1
|faint|p1a: Désiré Doué
|
|-weather|SunnyDay|[upkeep]
|upkeep
|
|t:|1758320725
|switch|p1a: Joe Yabuki|Zapdos|100/100
|turn|7
|
|t:|1758320731
|move|p2a: Great Tusk|Ice Spinner|p1a: Joe Yabuki
|-supereffective|p1a: Joe Yabuki
|-damage|p1a: Joe Yabuki|25/100
|-status|p2a: Great Tusk|par|[from] ability: Static|[of] p1a: Joe Yabuki
|move|p1a: Joe Yabuki|Hurricane|p2a: Great Tusk
|-supereffective|p2a: Great Tusk
|-damage|p2a: Great Tusk|0 fnt
|faint|p2a: Great Tusk
|-end|p2a: Great Tusk|Protosynthesis|[silent]
|
|-weather|SunnyDay|[upkeep]
|upkeep
|
|t:|1758320738
|switch|p2a: Leavanny|Leavanny, F|100/100
|turn|8
|
|t:|1758320743
|move|p2a: Leavanny|Sticky Web|p1a: Joe Yabuki
|-sidestart|p1: John Mahmoud|move: Sticky Web
|move|p1a: Joe Yabuki|Roost|p1a: Joe Yabuki
|-heal|p1a: Joe Yabuki|75/100
|-singleturn|p1a: Joe Yabuki|move: Roost
|
|-weather|none
|upkeep
|turn|9
|
|t:|1758320751
|move|p2a: Leavanny|Triple Axel|p1a: Joe Yabuki
|-supereffective|p1a: Joe Yabuki
|-damage|p1a: Joe Yabuki|65/100
|-status|p2a: Leavanny|par|[from] ability: Static|[of] p1a: Joe Yabuki
|-supereffective|p1a: Joe Yabuki
|-damage|p1a: Joe Yabuki|43/100
|-hitcount|p1a: Joe Yabuki|2
|move|p1a: Joe Yabuki|Hurricane|p2a: Leavanny
|-supereffective|p2a: Leavanny
|-damage|p2a: Leavanny|0 fnt
|faint|p2a: Leavanny
|
|upkeep
|
|t:|1758320760
|switch|p2a: Ninetales|Ninetales, F|100/100
|-weather|SunnyDay|[from] ability: Drought|[of] p2a: Ninetales
|turn|10
|
|t:|1758320770
|switch|p2a: Venusaur|Venusaur, F|100/100
|move|p1a: Joe Yabuki|Volt Switch|p2a: Venusaur
|-resisted|p2a: Venusaur
|-damage|p2a: Venusaur|78/100
|
|t:|1758320776
|switch|p1a: Miraculous|Iron Crown|100/100|[from] Volt Switch
|-damage|p1a: Miraculous|94/100|[from] Stealth Rock
|-activate|p1a: Miraculous|move: Sticky Web
|-unboost|p1a: Miraculous|spe|1
|-enditem|p1a: Miraculous|Booster Energy
|-activate|p1a: Miraculous|ability: Quark Drive|[fromitem]
|-start|p1a: Miraculous|quarkdrivespa
|
|-weather|SunnyDay|[upkeep]
|upkeep
|turn|11
|
|t:|1758320787
|move|p2a: Venusaur|Weather Ball|p1a: Miraculous
|-supereffective|p1a: Miraculous
|-damage|p1a: Miraculous|0 fnt
|faint|p1a: Miraculous
|-end|p1a: Miraculous|Quark Drive|[silent]
|-damage|p2a: Venusaur|68/100|[from] item: Life Orb
|
|-weather|SunnyDay|[upkeep]
|upkeep
|
|t:|1758320797
|switch|p1a: Joe Yabuki|Zapdos|43/100
|turn|12
|
|t:|1758320802
|move|p2a: Venusaur|Weather Ball|p1a: Joe Yabuki
|-damage|p1a: Joe Yabuki|0 fnt
|faint|p1a: Joe Yabuki
|-damage|p2a: Venusaur|58/100|[from] item: Life Orb
|
|-weather|SunnyDay|[upkeep]
|upkeep
|
|t:|1758320809
|switch|p1a: Dragaput|Dragapult, F|100/100
|-damage|p1a: Dragaput|88/100|[from] Stealth Rock
|-activate|p1a: Dragaput|move: Sticky Web
|-unboost|p1a: Dragaput|spe|1
|turn|13
|
|t:|1758320816
|move|p2a: Venusaur|Growth|p2a: Venusaur
|-boost|p2a: Venusaur|atk|2
|-boost|p2a: Venusaur|spa|2
|move|p1a: Dragaput|Draco Meteor|p2a: Venusaur|[miss]
|-miss|p1a: Dragaput|p2a: Venusaur
|
|-weather|SunnyDay|[upkeep]
|upkeep
|turn|14
|-message|John Mahmoud forfeited.
|
|win|Tecceth
|raw|John Mahmoud's rating: 1286 &rarr; <strong>1259</strong><br />(-27 for losing)
|raw|Tecceth's rating: 1252 &rarr; <strong>1279</strong><br />(+27 for winning)
|l|☆John Mahmoud
|player|p1|
|l|☆Tecceth
|player|p2|
