|j|☆Donut Operator
|j|☆TheTired
|t:|1758293226
|gametype|singles
|player|p1|Donut Operator|170|1520
|player|p2|TheTired|colress|1560
|gen|9
|tier|[Gen 9] OU
|rated|
|rule|HP Percentage Mod: HP is shown in percentages
|rule|Endless Battle Clause: Forcing endless battles is banned
|rule|Species Clause: Limit one of each Pokémon
|rule|OHKO Clause: OHKO moves are banned
|rule|Evasion Items Clause: Evasion items are banned
|rule|Evasion Moves Clause: Evasion moves are banned
|rule|Evasion Abilities Clause: Evasion abilities are banned
|rule|Sleep Moves Clause: Sleep-inducing moves are banned
|clearpoke
|poke|p1|Kingambit, M|
|poke|p1|Deoxys-Speed|
|poke|p1|Great Tusk|
|poke|p1|Dragonite, M|
|poke|p1|Iron Moth|
|poke|p1|Primarina, M|
|poke|p2|Indeedee, M|
|poke|p2|Hatterene, F|
|poke|p2|Ursaluna, F|
|poke|p2|Iron Hands|
|poke|p2|Hoopa-Unbound|
|poke|p2|Mimikyu, F|
|teampreview
|inactive|Battle timer is ON: inactive players will automatically lose when time's up. (requested by Donut Operator)
|inactive|Donut Operator has 120 seconds left.
|
|t:|1758293267
|teamsize|p1|6
|teamsize|p2|6
|start
|switch|p1a: Meruem|Kingambit, M|100/100
|switch|p2a: Indeedee|Indeedee, M, shiny|100/100
|-fieldstart|move: Psychic Terrain|[from] ability: Psychic Surge|[of] p2a: Indeedee
|turn|1
|
|t:|1758293276
|switch|p2a: Iron Hands|Iron Hands|100/100
|-enditem|p2a: Iron Hands|Booster Energy
|-activate|p2a: Iron Hands|ability: Quark Drive|[fromitem]
|-start|p2a: Iron Hands|quarkdriveatk
|move|p1a: Meruem|Kowtow Cleave|p2a: Iron Hands
|-resisted|p2a: Iron Hands
|-damage|p2a: Iron Hands|81/100
|
|upkeep
|turn|2
|
|t:|1758293282
|-end|p1a: Meruem|fallenundefined|[silent]
|switch|p1a: Anomaly|Great Tusk|100/100
|-enditem|p1a: Anomaly|Booster Energy
|-activate|p1a: Anomaly|ability: Protosynthesis|[fromitem]
|-start|p1a: Anomaly|protosynthesisatk
|move|p2a: Iron Hands|Ice Punch|p1a: Anomaly
|-supereffective|p1a: Anomaly
|-damage|p1a: Anomaly|46/100
|
|upkeep
|turn|3
|
|t:|1758293286
|-terastallize|p2a: Iron Hands|Flying
|move|p1a: Anomaly|Headlong Rush|p2a: Iron Hands
|-immune|p2a: Iron Hands
|move|p2a: Iron Hands|Ice Punch|p1a: Anomaly
|-supereffective|p1a: Anomaly
|-damage|p1a: Anomaly|0 fnt
|faint|p1a: Anomaly
|-end|p1a: Anomaly|Protosynthesis|[silent]
|
|upkeep
|
|t:|1758293291
|switch|p1a: Yoshi|Dragonite, M, shiny|100/100
|turn|4
|
|t:|1758293293
|move|p1a: Yoshi|Outrage|p2a: Iron Hands
|-damage|p2a: Iron Hands|2/100
|move|p2a: Iron Hands|Ice Punch|p1a: Yoshi
|-supereffective|p1a: Yoshi
|-damage|p1a: Yoshi|12/100
|-status|p1a: Yoshi|frz
|
|upkeep
|turn|5
|
|t:|1758293301
|cant|p1a: Yoshi|frz
|move|p2a: Iron Hands|Supercell Slam|p1a: Yoshi
|-damage|p1a: Yoshi|0 fnt
|faint|p1a: Yoshi
|
|upkeep
|
|t:|1758293322
|switch|p1a: Anomаly|Iron Moth|100/100
|-enditem|p1a: Anomаly|Booster Energy
|-activate|p1a: Anomаly|ability: Quark Drive|[fromitem]
|-start|p1a: Anomаly|quarkdrivespe
|turn|6
|
|t:|1758293326
|move|p1a: Anomаly|Fiery Dance|p2a: Iron Hands
|-damage|p2a: Iron Hands|0 fnt
|faint|p2a: Iron Hands
|-end|p2a: Iron Hands|Quark Drive|[silent]
|
|upkeep
|
|t:|1758293331
|switch|p2a: Hoopa|Hoopa-Unbound|100/100
|-enditem|p2a: Hoopa|Psychic Seed
|-boost|p2a: Hoopa|spd|1|[from] item: Psychic Seed
|turn|7
|
|t:|1758293335
|move|p1a: Anomаly|Fiery Dance|p2a: Hoopa
|-damage|p2a: Hoopa|80/100
|move|p2a: Hoopa|Trick Room|p2a: Hoopa
|-fieldstart|move: Trick Room|[of] p2a: Hoopa
|
|upkeep
|turn|8
|
|t:|1758293339
|move|p2a: Hoopa|Expanding Force|p1a: Anomаly
|-supereffective|p1a: Anomаly
|-damage|p1a: Anomаly|0 fnt
|faint|p1a: Anomаly
|-end|p1a: Anomаly|Quark Drive|[silent]
|
|-fieldend|move: Psychic Terrain
|upkeep
|
|t:|1758293343
|switch|p1a: Meruem|Kingambit, M|100/100
|-activate|p1a: Meruem|ability: Supreme Overlord
|-start|p1a: Meruem|fallen3|[silent]
|turn|9
|
|t:|1758293345
|move|p2a: Hoopa|Focus Blast|p1a: Meruem
|-supereffective|p1a: Meruem
|-damage|p1a: Meruem|0 fnt
|faint|p1a: Meruem
|-end|p1a: Meruem|fallen3|[silent]
|-item|p2a: Hoopa|Leftovers|[from] ability: Magician|[of] p1: Meruem
|
|-heal|p2a: Hoopa|86/100|[from] item: Leftovers
|upkeep
|
|t:|1758293348
|switch|p1a: Moebius|Deoxys-Speed|100/100
|-ability|p1a: Moebius|Pressure
|turn|10
|
|t:|1758293354
|move|p2a: Hoopa|Hyperspace Fury|p1a: Moebius
|-supereffective|p1a: Moebius
|-damage|p1a: Moebius|0 fnt
|-unboost|p2a: Hoopa|def|1
|faint|p1a: Moebius
|
|-heal|p2a: Hoopa|92/100|[from] item: Leftovers
|upkeep
|-message|Donut Operator forfeited.
|
|win|TheTired
|raw|Donut Operator's rating: 1520 &rarr; <strong>1502</strong><br />(-18 for losing)
|raw|TheTired's rating: 1560 &rarr; <strong>1578</strong><br />(+18 for winning)
|l|☆Donut Operator
|player|p1|
|l|☆TheTired
|player|p2|
