|j|☆Mr.villains
|j|☆Flapjack Hero
|t:|1758341284
|gametype|singles
|player|p1|Mr.villains|cynthia-gen4|1576
|player|p2|Flapjack Hero|169|1553
|gen|9
|tier|[Gen 9] OU
|rated|
|rule|HP Percentage Mod: HP is shown in percentages
|rule|Endless Battle Clause: Forcing endless battles is banned
|rule|Species Clause: Limit one of each Pokémon
|rule|OHKO Clause: OHKO moves are banned
|rule|Evasion Items Clause: Evasion items are banned
|rule|Evasion Moves Clause: Evasion moves are banned
|rule|Evasion Abilities Clause: Evasion abilities are banned
|rule|Sleep Moves Clause: Sleep-inducing moves are banned
|clearpoke
|poke|p1|Darkrai|
|poke|p1|Glimmora, M|
|poke|p1|Dragonite, F|
|poke|p1|Enamorus, F|
|poke|p1|Corviknight, F|
|poke|p1|Kingambit, M|
|poke|p2|Great Tusk|
|poke|p2|Ceruledge, F|
|poke|p2|Hatterene, F|
|poke|p2|Ninetales, F|
|poke|p2|Venusaur, F|
|poke|p2|Walking Wake|
|teampreview
|inactive|Battle timer is ON: inactive players will automatically lose when time's up. (requested by Mr.villains)
|
|t:|1758341293
|teamsize|p1|6
|teamsize|p2|6
|start
|switch|p1a: Glimmora|Glimmora, M|100/100
|switch|p2a: Ninetales|Ninetales, F|100/100
|-weather|SunnyDay|[from] ability: Drought|[of] p2a: Ninetales
|turn|1
|
|t:|1758341300
|switch|p2a: Great Tusk|Great Tusk|100/100
|-activate|p2a: Great Tusk|ability: Protosynthesis
|-start|p2a: Great Tusk|protosynthesisspe
|move|p1a: Glimmora|Mortal Spin|p2a: Great Tusk
|-resisted|p2a: Great Tusk
|-damage|p2a: Great Tusk|98/100
|-status|p2a: Great Tusk|psn
|-damage|p1a: Glimmora|84/100|[from] item: Rocky Helmet|[of] p2a: Great Tusk
|
|-weather|SunnyDay|[upkeep]
|-damage|p2a: Great Tusk|86/100 psn|[from] psn
|upkeep
|turn|2
|
|t:|1758341312
|move|p2a: Great Tusk|Stealth Rock|p1a: Glimmora
|-sidestart|p1: Mr.villains|move: Stealth Rock
|move|p1a: Glimmora|Dazzling Gleam|p2a: Great Tusk
|-supereffective|p2a: Great Tusk
|-damage|p2a: Great Tusk|23/100 psn
|
|-weather|SunnyDay|[upkeep]
|-damage|p2a: Great Tusk|11/100 psn|[from] psn
|upkeep
|turn|3
|
|t:|1758341319
|switch|p1a: Enamorus|Enamorus, F|100/100
|-damage|p1a: Enamorus|76/100|[from] Stealth Rock
|move|p2a: Great Tusk|Headlong Rush|p1a: Enamorus
|-immune|p1a: Enamorus
|
|-weather|SunnyDay|[upkeep]
|-damage|p2a: Great Tusk|0 fnt|[from] psn
|faint|p2a: Great Tusk
|-end|p2a: Great Tusk|Protosynthesis|[silent]
|upkeep
|
|t:|1758341324
|switch|p2a: Venusaur|Venusaur, F|100/100
|turn|4
|
|t:|1758341328
|switch|p1a: Glimmora|Glimmora, M|84/100
|-damage|p1a: Glimmora|72/100|[from] Stealth Rock
|move|p2a: Venusaur|Sludge Bomb|p1a: Glimmora
|-resisted|p1a: Glimmora
|-crit|p1a: Glimmora
|-damage|p1a: Glimmora|53/100
|-enditem|p1a: Glimmora|Red Card|[of] p2a: Venusaur
|drag|p2a: Ceruledge|Ceruledge, F|100/100
|
|-weather|SunnyDay|[upkeep]
|upkeep
|turn|5
|
|t:|1758341336
|switch|p2a: Venusaur|Venusaur, F|100/100
|move|p1a: Glimmora|Mortal Spin|p2a: Venusaur
|-damage|p2a: Venusaur|92/100
|-sideend|p1: Mr.villains|Stealth Rock|[from] move: Mortal Spin|[of] p1a: Glimmora
|
|-weather|SunnyDay|[upkeep]
|upkeep
|turn|6
|
|t:|1758341346
|move|p2a: Venusaur|Giga Drain|p1a: Glimmora
|-damage|p1a: Glimmora|12/100
|-heal|p2a: Venusaur|100/100|[from] drain|[of] p1a: Glimmora
|-damage|p2a: Venusaur|91/100|[from] item: Life Orb
|move|p1a: Glimmora|Stealth Rock|p2a: Venusaur
|-sidestart|p2: Flapjack Hero|move: Stealth Rock
|
|-weather|SunnyDay|[upkeep]
|upkeep
|turn|7
|
|t:|1758341352
|switch|p1a: Corviknight|Corviknight, F|100/100
|-ability|p1a: Corviknight|Pressure
|move|p2a: Venusaur|Weather Ball|p1a: Corviknight
|-supereffective|p1a: Corviknight
|-damage|p1a: Corviknight|0 fnt
|faint|p1a: Corviknight
|-damage|p2a: Venusaur|81/100|[from] item: Life Orb
|
|-weather|SunnyDay|[upkeep]
|upkeep
|
|t:|1758341360
|switch|p1a: Glimmora|Glimmora, M|12/100
|turn|8
|
|t:|1758341364
|move|p2a: Venusaur|Weather Ball|p1a: Glimmora
|-resisted|p1a: Glimmora
|-damage|p1a: Glimmora|0 fnt
|faint|p1a: Glimmora
|-damage|p2a: Venusaur|71/100|[from] item: Life Orb
|
|-weather|none
|upkeep
|
|t:|1758341372
|switch|p1a: Dragonite|Dragonite, F|100/100
|turn|9
|
|t:|1758341377
|switch|p2a: Ninetales|Ninetales, F|100/100
|-damage|p2a: Ninetales|76/100|[from] Stealth Rock
|-weather|SunnyDay|[from] ability: Drought|[of] p2a: Ninetales
|move|p1a: Dragonite|Dragon Dance|p1a: Dragonite
|-boost|p1a: Dragonite|atk|1
|-boost|p1a: Dragonite|spe|1
|
|-weather|SunnyDay|[upkeep]
|upkeep
|turn|10
|
|t:|1758341384
|switch|p2a: Hatterene|Hatterene, F|100/100
|-damage|p2a: Hatterene|88/100|[from] Stealth Rock
|move|p1a: Dragonite|Earthquake|p2a: Hatterene
|-damage|p2a: Hatterene|48/100
|-enditem|p2a: Hatterene|Eject Button
|
|t:|1758341398
|switch|p2a: Ceruledge|Ceruledge, F|100/100
|-damage|p2a: Ceruledge|76/100|[from] Stealth Rock
|
|-weather|SunnyDay|[upkeep]
|upkeep
|turn|11
|
|t:|1758341404
|-terastallize|p2a: Ceruledge|Fairy
|move|p1a: Dragonite|Earthquake|p2a: Ceruledge
|-damage|p2a: Ceruledge|0 fnt
|faint|p2a: Ceruledge
|
|-weather|SunnyDay|[upkeep]
|upkeep
|-message|Flapjack Hero forfeited.
|
|win|Mr.villains
|raw|Mr.villains's rating: 1576 &rarr; <strong>1595</strong><br />(+19 for winning)
|raw|Flapjack Hero's rating: 1553 &rarr; <strong>1534</strong><br />(-19 for losing)
|l|☆Flapjack Hero
|player|p2|
|l|☆Mr.villains
|player|p1|
