|j|☆S733LH34R7
|j|☆TAMERLAJUIVE
|t:|1758312729
|gametype|singles
|player|p1|S733LH34R7|drayden|1258
|player|p2|TAMERLAJUIVE|clair|1309
|gen|9
|tier|[Gen 9] OU
|rated|
|rule|HP Percentage Mod: HP is shown in percentages
|rule|Endless Battle Clause: Forcing endless battles is banned
|rule|Species Clause: Limit one of each Pokémon
|rule|OHKO Clause: OHKO moves are banned
|rule|Evasion Items Clause: Evasion items are banned
|rule|Evasion Moves Clause: Evasion moves are banned
|rule|Evasion Abilities Clause: Evasion abilities are banned
|rule|Sleep Moves Clause: Sleep-inducing moves are banned
|clearpoke
|poke|p1|Haxorus, M|
|poke|p1|Dragonite, F|
|poke|p1|Goodra-Hisui, F|
|poke|p1|Noivern, F|
|poke|p1|Garchomp, M|
|poke|p1|Duraludon, M|
|poke|p2|Garganacl, F|
|poke|p2|Dragapult, F|
|poke|p2|Ogerpon-Wellspring, F|
|poke|p2|Moltres|
|poke|p2|Zamazenta-*|
|poke|p2|Iron Treads|
|teampreview
|inactive|Battle timer is ON: inactive players will automatically lose when time's up. (requested by S733LH34R7)
|
|t:|1758312755
|teamsize|p1|6
|teamsize|p2|6
|start
|switch|p1a: Haxorus|Haxorus, M, shiny|100/100
|switch|p2a: Iron Treads|Iron Treads|100/100
|-ability|p1a: Haxorus|Mold Breaker
|turn|1
|
|t:|1758312765
|move|p1a: Haxorus|Dragon Dance|p1a: Haxorus
|-boost|p1a: Haxorus|atk|1
|-boost|p1a: Haxorus|spe|1
|move|p2a: Iron Treads|Knock Off|p1a: Haxorus
|-damage|p1a: Haxorus|68/100
|-enditem|p1a: Haxorus|Lum Berry|[from] move: Knock Off|[of] p2a: Iron Treads
|
|upkeep
|turn|2
|
|t:|1758312795
|-end|p2a: Iron Treads|Quark Drive|[silent]
|switch|p2a: Moltres|Moltres|100/100
|move|p1a: Haxorus|Dragon Dance|p1a: Haxorus
|-boost|p1a: Haxorus|atk|1
|-boost|p1a: Haxorus|spe|1
|
|upkeep
|turn|3
|c|☆S733LH34R7|Flame body with 100% chance to burn XD
|
|t:|1758312818
|-terastallize|p2a: Moltres|Fairy
|move|p1a: Haxorus|Outrage|p2a: Moltres
|-immune|p2a: Moltres
|move|p2a: Moltres|Will-O-Wisp|p1a: Haxorus
|-status|p1a: Haxorus|brn
|
|-damage|p1a: Haxorus|62/100 brn|[from] brn
|upkeep
|turn|4
|
|t:|1758312830
|switch|p2a: Garganacl|Garganacl, F|100/100
|-terastallize|p1a: Haxorus|Steel
|move|p1a: Haxorus|Iron Head|p2a: Garganacl
|-supereffective|p2a: Garganacl
|-damage|p2a: Garganacl|40/100
|
|-heal|p2a: Garganacl|46/100|[from] item: Leftovers
|-damage|p1a: Haxorus|55/100 brn|[from] brn
|upkeep
|turn|5
|
|t:|1758312841
|switch|p2a: Iron Treads|Iron Treads|100/100
|move|p1a: Haxorus|Iron Head|p2a: Iron Treads
|-resisted|p2a: Iron Treads
|-damage|p2a: Iron Treads|82/100
|
|-heal|p2a: Iron Treads|88/100|[from] item: Leftovers
|-damage|p1a: Haxorus|49/100 brn|[from] brn
|upkeep
|turn|6
|
|t:|1758312851
|move|p1a: Haxorus|Earthquake|p2a: Iron Treads
|-supereffective|p2a: Iron Treads
|-damage|p2a: Iron Treads|34/100
|move|p2a: Iron Treads|Stealth Rock|p1a: Haxorus
|-sidestart|p1: S733LH34R7|move: Stealth Rock
|
|-heal|p2a: Iron Treads|40/100|[from] item: Leftovers
|-damage|p1a: Haxorus|43/100 brn|[from] brn
|upkeep
|turn|7
|
|t:|1758312870
|-end|p2a: Iron Treads|Quark Drive|[silent]
|switch|p2a: Moltres|Moltres, tera:Fairy|100/100
|move|p1a: Haxorus|Earthquake|p2a: Moltres
|-damage|p2a: Moltres|70/100
|
|-damage|p1a: Haxorus|37/100 brn|[from] brn
|upkeep
|turn|8
|
|t:|1758312881
|move|p1a: Haxorus|Iron Head|p2a: Moltres
|-supereffective|p2a: Moltres
|-damage|p2a: Moltres|0 fnt
|faint|p2a: Moltres
|
|-damage|p1a: Haxorus|31/100 brn|[from] brn
|upkeep
|
|t:|1758312897
|switch|p2a: Zamazenta|Zamazenta|100/100
|-ability|p2a: Zamazenta|Dauntless Shield|boost
|-boost|p2a: Zamazenta|def|1
|turn|9
|
|t:|1758312902
|move|p1a: Haxorus|Outrage|p2a: Zamazenta
|-damage|p2a: Zamazenta|55/100
|move|p2a: Zamazenta|Ice Fang|p1a: Haxorus
|-resisted|p1a: Haxorus
|-damage|p1a: Haxorus|17/100 brn
|
|-damage|p1a: Haxorus|11/100 brn|[from] brn
|upkeep
|turn|10
|
|t:|1758312911
|move|p1a: Haxorus|Outrage|p2a: Zamazenta|[from] lockedmove
|-damage|p2a: Zamazenta|15/100
|move|p2a: Zamazenta|Ice Fang|p1a: Haxorus
|-resisted|p1a: Haxorus
|-damage|p1a: Haxorus|0 fnt
|faint|p1a: Haxorus
|
|upkeep
|
|t:|1758312921
|switch|p1a: Dragonite|Dragonite, F|100/100
|turn|11
|
|t:|1758312932
|switch|p2a: Garganacl|Garganacl, F|46/100
|move|p1a: Dragonite|Extreme Speed|p2a: Garganacl
|-resisted|p2a: Garganacl
|-damage|p2a: Garganacl|36/100
|
|-heal|p2a: Garganacl|42/100|[from] item: Leftovers
|upkeep
|turn|12
|
|t:|1758312941
|move|p1a: Dragonite|Earthquake|p2a: Garganacl
|-supereffective|p2a: Garganacl
|-damage|p2a: Garganacl|0 fnt
|faint|p2a: Garganacl
|
|upkeep
|
|t:|1758312951
|switch|p2a: Dragapult|Dragapult, F|100/100
|turn|13
|
|t:|1758312957
|switch|p1a: Duraludon|Duraludon, M|100/100
|-damage|p1a: Duraludon|94/100|[from] Stealth Rock
|move|p2a: Dragapult|U-turn|p1a: Duraludon
|-resisted|p1a: Duraludon
|-damage|p1a: Duraludon|89/100
|
|t:|1758312972
|switch|p2a: Ogerpon|Ogerpon-Wellspring, F|100/100|[from] U-turn
|
|upkeep
|turn|14
|
|t:|1758312980
|move|p2a: Ogerpon|Swords Dance|p2a: Ogerpon
|-boost|p2a: Ogerpon|atk|2
|move|p1a: Duraludon|Dragon Pulse|p2a: Ogerpon
|-damage|p2a: Ogerpon|55/100
|
|upkeep
|turn|15
|
|t:|1758312986
|move|p2a: Ogerpon|Trailblaze|p1a: Duraludon
|-resisted|p1a: Duraludon
|-damage|p1a: Duraludon|82/100
|-boost|p2a: Ogerpon|spe|1
|move|p1a: Duraludon|Dragon Pulse|p2a: Ogerpon
|-damage|p2a: Ogerpon|10/100
|
|upkeep
|turn|16
|
|t:|1758312997
|move|p2a: Ogerpon|Synthesis|p2a: Ogerpon
|-heal|p2a: Ogerpon|60/100
|move|p1a: Duraludon|Dragon Pulse|p2a: Ogerpon
|-damage|p2a: Ogerpon|14/100
|
|upkeep
|turn|17
|
|t:|1758313003
|move|p2a: Ogerpon|Synthesis|p2a: Ogerpon
|-heal|p2a: Ogerpon|64/100
|move|p1a: Duraludon|Dragon Pulse|p2a: Ogerpon
|-crit|p2a: Ogerpon
|-damage|p2a: Ogerpon|0 fnt
|faint|p2a: Ogerpon
|
|upkeep
|-message|TAMERLAJUIVE forfeited.
|
|win|S733LH34R7
|raw|S733LH34R7's rating: 1258 &rarr; <strong>1287</strong><br />(+29 for winning)
|raw|TAMERLAJUIVE's rating: 1309 &rarr; <strong>1286</strong><br />(-23 for losing)
|l|☆TAMERLAJUIVE
|player|p2|
|l|☆S733LH34R7
|player|p1|
