|j|☆hnhgjmmkn
|j|☆B/CFan
|t:|1758286492
|gametype|singles
|player|p1|hnhgjmmkn|265|1247
|player|p2|B/CFan|101|1292
|gen|9
|tier|[Gen 9] OU
|rated|
|rule|HP Percentage Mod: HP is shown in percentages
|rule|Endless Battle Clause: Forcing endless battles is banned
|rule|Species Clause: Limit one of each Pokémon
|rule|OHKO Clause: OHKO moves are banned
|rule|Evasion Items Clause: Evasion items are banned
|rule|Evasion Moves Clause: Evasion moves are banned
|rule|Evasion Abilities Clause: Evasion abilities are banned
|rule|Sleep Moves Clause: Sleep-inducing moves are banned
|clearpoke
|poke|p1|Raging Bolt|
|poke|p1|Torkoal, F|
|poke|p1|Gliscor, F|
|poke|p1|Walking Wake|
|poke|p1|Scizor, M|
|poke|p1|Hatterene, F|
|poke|p2|Galvantula, M|
|poke|p2|Cinderace, M|
|poke|p2|Sceptile, M|
|poke|p2|Malamar, M|
|poke|p2|Excadrill, M|
|poke|p2|Dragapult, M|
|teampreview
|inactive|Battle timer is ON: inactive players will automatically lose when time's up. (requested by hnhgjmmkn)
|
|t:|1758286504
|teamsize|p1|6
|teamsize|p2|6
|start
|switch|p1a: Walking Wake|Walking Wake|100/100
|switch|p2a: Galvantula|Galvantula, M|100/100
|turn|1
|
|t:|1758286511
|move|p1a: Walking Wake|Flip Turn|p2a: Galvantula
|-damage|p2a: Galvantula|70/100
|
|t:|1758286514
|-end|p1a: Walking Wake|Protosynthesis|[silent]
|switch|p1a: Hatterene|Hatterene, F|100/100|[from] Flip Turn
|move|p2a: Galvantula|Sticky Web|p1a: Hatterene
|move|p1a: Hatterene|Sticky Web|p2a: Galvantula|[from] ability: Magic Bounce
|-sidestart|p2: B/CFan|move: Sticky Web
|
|upkeep
|turn|2
|
|t:|1758286524
|move|p2a: Galvantula|Volt Switch|p1a: Hatterene
|-damage|p1a: Hatterene|78/100
|
|t:|1758286527
|switch|p2a: Cinderace|Cinderace, M|100/100|[from] Volt Switch
|move|p1a: Hatterene|Mystical Fire|p2a: Cinderace
|-resisted|p2a: Cinderace
|-damage|p2a: Cinderace|84/100
|-unboost|p2a: Cinderace|spa|1
|
|upkeep
|turn|3
|
|t:|1758286535
|move|p2a: Cinderace|U-turn|p1a: Hatterene
|-start|p2a: Cinderace|typechange|Bug|[from] ability: Libero
|-damage|p1a: Hatterene|46/100
|
|t:|1758286545
|switch|p2a: Malamar|Malamar, M|100/100|[from] U-turn
|-activate|p2a: Malamar|move: Sticky Web
|-boost|p2a: Malamar|spe|1
|move|p1a: Hatterene|Nuzzle|p2a: Malamar
|-crit|p2a: Malamar
|-damage|p2a: Malamar|94/100
|-status|p2a: Malamar|par
|
|-heal|p2a: Malamar|99/100 par|[from] item: Leftovers
|upkeep
|turn|4
|
|t:|1758286557
|move|p2a: Malamar|Knock Off|p1a: Hatterene
|-damage|p1a: Hatterene|11/100
|-enditem|p1a: Hatterene|Assault Vest|[from] move: Knock Off|[of] p2a: Malamar
|move|p1a: Hatterene|Draining Kiss|p2a: Malamar
|-supereffective|p2a: Malamar
|-damage|p2a: Malamar|31/100 par
|-heal|p1a: Hatterene|62/100|[from] drain|[of] p2a: Malamar
|
|-heal|p2a: Malamar|37/100 par|[from] item: Leftovers
|upkeep
|turn|5
|
|t:|1758286567
|move|p2a: Malamar|Knock Off|p1a: Hatterene
|-damage|p1a: Hatterene|40/100
|move|p1a: Hatterene|Draining Kiss|p2a: Malamar
|-supereffective|p2a: Malamar
|-damage|p2a: Malamar|0 fnt
|-heal|p1a: Hatterene|67/100|[from] drain|[of] p2a: Malamar
|faint|p2a: Malamar
|
|upkeep
|
|t:|1758286569
|switch|p2a: Excadrill|Excadrill, M|100/100
|-activate|p2a: Excadrill|move: Sticky Web
|-unboost|p2a: Excadrill|spe|1
|-ability|p2a: Excadrill|Mold Breaker
|turn|6
|
|t:|1758286581
|move|p2a: Excadrill|Iron Head|p1a: Hatterene
|-supereffective|p1a: Hatterene
|-damage|p1a: Hatterene|0 fnt
|faint|p1a: Hatterene
|
|upkeep
|
|t:|1758286587
|switch|p1a: Walking Wake|Walking Wake|100/100
|turn|7
|
|t:|1758286590
|switch|p2a: Galvantula|Galvantula, M|70/100
|-activate|p2a: Galvantula|move: Sticky Web
|-unboost|p2a: Galvantula|spe|1
|move|p1a: Walking Wake|Hydro Steam|p2a: Galvantula
|-damage|p2a: Galvantula|0 fnt
|faint|p2a: Galvantula
|
|upkeep
|
|t:|1758286594
|switch|p2a: Sceptile|Sceptile, M|100/100
|-activate|p2a: Sceptile|move: Sticky Web
|-unboost|p2a: Sceptile|spe|1
|-enditem|p2a: Sceptile|White Herb
|-clearnegativeboost|p2a: Sceptile|[silent]
|turn|8
|
|t:|1758286604
|-end|p1a: Walking Wake|Protosynthesis|[silent]
|switch|p1a: Gliscor|Gliscor, F|100/100
|-terastallize|p2a: Sceptile|Water
|move|p2a: Sceptile|Swords Dance|p2a: Sceptile
|-boost|p2a: Sceptile|atk|2
|
|-status|p1a: Gliscor|tox|[from] item: Toxic Orb
|upkeep
|turn|9
|
|t:|1758286615
|move|p2a: Sceptile|Leaf Blade|p1a: Gliscor
|-damage|p1a: Gliscor|43/100 tox
|move|p1a: Gliscor|Facade|p2a: Sceptile
|-damage|p2a: Sceptile|45/100
|
|-heal|p1a: Gliscor|55/100 tox|[from] ability: Poison Heal
|upkeep
|turn|10
|
|t:|1758286625
|switch|p1a: Torkoal|Torkoal, F|100/100
|-weather|SunnyDay|[from] ability: Drought|[of] p1a: Torkoal
|move|p2a: Sceptile|Leaf Blade|p1a: Torkoal
|-resisted|p1a: Torkoal
|-damage|p1a: Torkoal|80/100
|
|-weather|SunnyDay|[upkeep]
|upkeep
|turn|11
|
|t:|1758286636
|move|p2a: Sceptile|Earthquake|p1a: Torkoal
|-supereffective|p1a: Torkoal
|-damage|p1a: Torkoal|14/100
|move|p1a: Torkoal|Stealth Rock|p2a: Sceptile
|-sidestart|p2: B/CFan|move: Stealth Rock
|
|-weather|SunnyDay|[upkeep]
|upkeep
|turn|12
|
|t:|1758286648
|switch|p1a: Gliscor|Gliscor, F|55/100 tox
|move|p2a: Sceptile|Leaf Blade|p1a: Gliscor
|-damage|p1a: Gliscor|0 fnt
|faint|p1a: Gliscor
|
|-weather|SunnyDay|[upkeep]
|upkeep
|
|t:|1758286658
|switch|p1a: Walking Wake|Walking Wake|100/100
|-activate|p1a: Walking Wake|ability: Protosynthesis
|-start|p1a: Walking Wake|protosynthesisspe
|turn|13
|
|t:|1758286665
|move|p2a: Sceptile|Leaf Blade|p1a: Walking Wake
|-damage|p1a: Walking Wake|15/100
|move|p1a: Walking Wake|Hydro Steam|p2a: Sceptile
|-resisted|p2a: Sceptile
|-damage|p2a: Sceptile|0 fnt
|faint|p2a: Sceptile
|
|-weather|SunnyDay|[upkeep]
|upkeep
|
|t:|1758286669
|switch|p2a: Cinderace|Cinderace, M|84/100
|turn|14
|
|t:|1758286677
|move|p2a: Cinderace|Sucker Punch|p1a: Walking Wake
|-start|p2a: Cinderace|typechange|Dark|[from] ability: Libero
|-damage|p1a: Walking Wake|0 fnt
|faint|p1a: Walking Wake
|-end|p1a: Walking Wake|Protosynthesis|[silent]
|
|-weather|SunnyDay|[upkeep]
|upkeep
|
|t:|1758286684
|switch|p1a: Scizor|Scizor, M|100/100
|turn|15
|
|t:|1758286688
|-terastallize|p1a: Scizor|Steel
|move|p1a: Scizor|Bullet Punch|p2a: Cinderace
|-damage|p2a: Cinderace|0 fnt
|faint|p2a: Cinderace
|
|-weather|SunnyDay|[upkeep]
|upkeep
|
|t:|1758286693
|switch|p2a: Excadrill|Excadrill, M|100/100
|-activate|p2a: Excadrill|move: Sticky Web
|-unboost|p2a: Excadrill|spe|1
|-damage|p2a: Excadrill|97/100|[from] Stealth Rock
|-ability|p2a: Excadrill|Mold Breaker
|turn|16
|
|t:|1758286701
|move|p1a: Scizor|Bullet Punch|p2a: Excadrill
|-resisted|p2a: Excadrill
|-damage|p2a: Excadrill|49/100
|move|p2a: Excadrill|Rapid Spin|p1a: Scizor
|-resisted|p1a: Scizor
|-damage|p1a: Scizor|91/100
|-boost|p2a: Excadrill|spe|1
|-sideend|p2: B/CFan|Stealth Rock|[from] move: Rapid Spin|[of] p2a: Excadrill
|-sideend|p2: B/CFan|Sticky Web|[from] move: Rapid Spin|[of] p2a: Excadrill
|
|-weather|SunnyDay|[upkeep]
|upkeep
|turn|17
|
|t:|1758286711
|move|p1a: Scizor|Bullet Punch|p2a: Excadrill
|-resisted|p2a: Excadrill
|-damage|p2a: Excadrill|0 fnt
|faint|p2a: Excadrill
|
|-weather|none
|upkeep
|
|t:|1758286713
|switch|p2a: Dragapult|Dragapult, M|100/100
|turn|18
|
|t:|1758286720
|switch|p1a: Torkoal|Torkoal, F|14/100
|-weather|SunnyDay|[from] ability: Drought|[of] p1a: Torkoal
|move|p2a: Dragapult|Shadow Ball|p1a: Torkoal
|-damage|p1a: Torkoal|0 fnt
|faint|p1a: Torkoal
|
|-weather|SunnyDay|[upkeep]
|upkeep
|
|t:|1758286730
|switch|p1a: Raging Bolt|Raging Bolt|100/100
|-activate|p1a: Raging Bolt|ability: Protosynthesis
|-start|p1a: Raging Bolt|protosynthesisspa
|turn|19
|
|t:|1758286734
|move|p2a: Dragapult|Shadow Ball|p1a: Raging Bolt
|-damage|p1a: Raging Bolt|71/100
|move|p1a: Raging Bolt|Dragon Pulse|p2a: Dragapult
|-supereffective|p2a: Dragapult
|-damage|p2a: Dragapult|0 fnt
|faint|p2a: Dragapult
|
|win|hnhgjmmkn
|raw|hnhgjmmkn's rating: 1247 &rarr; <strong>1275</strong><br />(+28 for winning)
|raw|B&#x2f;CFan's rating: 1292 &rarr; <strong>1264</strong><br />(-28 for losing)
|l|☆B/CFan
|player|p2|
|l|☆hnhgjmmkn
|player|p1|
