|j|☆mirfee
|j|☆itoshiflwr
|t:|1758302114
|gametype|singles
|player|p1|mirfee|maid|1483
|player|p2|itoshiflwr|burnet|1490
|gen|9
|tier|[Gen 9] OU
|rated|
|rule|HP Percentage Mod: HP is shown in percentages
|rule|Endless Battle Clause: Forcing endless battles is banned
|rule|Species Clause: Limit one of each Pokémon
|rule|OHKO Clause: OHKO moves are banned
|rule|Evasion Items Clause: Evasion items are banned
|rule|Evasion Moves Clause: Evasion moves are banned
|rule|Evasion Abilities Clause: Evasion abilities are banned
|rule|Sleep Moves Clause: Sleep-inducing moves are banned
|clearpoke
|poke|p1|Samurott-Hisui, F|
|poke|p1|Meowscarada, M|
|poke|p1|Glimmora, F|
|poke|p1|Kyurem|
|poke|p1|Zapdos|
|poke|p1|Gholdengo|
|poke|p2|Dragapult, F|
|poke|p2|Glastrier|
|poke|p2|Tinkaton, F|
|poke|p2|Ting-Lu|
|poke|p2|Iron Hands|
|poke|p2|Moltres|
|teampreview
|
|t:|1758302140
|teamsize|p1|6
|teamsize|p2|6
|start
|switch|p1a: Zapdos|Zapdos|100/100
|switch|p2a: Iron Hands|Iron Hands|100/100
|turn|1
|
|t:|1758302160
|-end|p2a: Iron Hands|Quark Drive|[silent]
|switch|p2a: Ting-Lu|Ting-Lu|100/100
|-ability|p2a: Ting-Lu|Vessel of Ruin
|move|p1a: Zapdos|Hurricane|p2a: Ting-Lu
|-damage|p2a: Ting-Lu|77/100
|
|-heal|p2a: Ting-Lu|83/100|[from] item: Leftovers
|upkeep
|turn|2
|
|t:|1758302173
|switch|p1a: Samurott|Samurott-Hisui, F|100/100
|move|p2a: Ting-Lu|Spikes|p1a: Samurott
|-sidestart|p1: mirfee|Spikes
|
|-heal|p2a: Ting-Lu|89/100|[from] item: Leftovers
|upkeep
|turn|3
|
|t:|1758302185
|move|p1a: Samurott|Knock Off|p2a: Ting-Lu
|-resisted|p2a: Ting-Lu
|-damage|p2a: Ting-Lu|75/100
|-enditem|p2a: Ting-Lu|Leftovers|[from] move: Knock Off|[of] p1a: Samurott
|move|p2a: Ting-Lu|Earthquake|p1a: Samurott
|-damage|p1a: Samurott|51/100
|
|upkeep
|turn|4
|
|t:|1758302193
|switch|p2a: Iron Hands|Iron Hands|100/100
|move|p1a: Samurott|Ceaseless Edge|p2a: Iron Hands|[miss]
|-miss|p1a: Samurott|p2a: Iron Hands
|
|upkeep
|turn|5
|
|t:|1758302197
|move|p1a: Samurott|Flip Turn|p2a: Iron Hands
|-damage|p2a: Iron Hands|80/100
|
|t:|1758302205
|switch|p1a: Gholdengo|Gholdengo|100/100|[from] Flip Turn
|-damage|p1a: Gholdengo|88/100|[from] Spikes
|move|p2a: Iron Hands|Drain Punch|p1a: Gholdengo
|-immune|p1a: Gholdengo
|
|upkeep
|turn|6
|
|t:|1758302220
|move|p1a: Gholdengo|Focus Blast|p2a: Iron Hands|[miss]
|-miss|p1a: Gholdengo|p2a: Iron Hands
|move|p2a: Iron Hands|Thunder Punch|p1a: Gholdengo
|-damage|p1a: Gholdengo|40/100
|
|upkeep
|turn|7
|
|t:|1758302234
|switch|p1a: Zapdos|Zapdos|100/100
|move|p2a: Iron Hands|Swords Dance|p2a: Iron Hands
|-boost|p2a: Iron Hands|atk|2
|
|upkeep
|turn|8
|
|t:|1758302244
|move|p1a: Zapdos|Hurricane|p2a: Iron Hands|[miss]
|-miss|p1a: Zapdos|p2a: Iron Hands
|move|p2a: Iron Hands|Ice Punch|p1a: Zapdos
|-supereffective|p1a: Zapdos
|-damage|p1a: Zapdos|0 fnt
|faint|p1a: Zapdos
|
|upkeep
|
|t:|1758302261
|switch|p1a: Glimmora|Glimmora, F|100/100
|-damage|p1a: Glimmora|88/100|[from] Spikes
|turn|9
|
|t:|1758302264
|move|p1a: Glimmora|Mortal Spin|p2a: Iron Hands
|-damage|p2a: Iron Hands|76/100
|-status|p2a: Iron Hands|psn
|-sideend|p1: mirfee|Spikes|[from] move: Mortal Spin|[of] p1a: Glimmora
|move|p2a: Iron Hands|Drain Punch|p1a: Glimmora
|-damage|p1a: Glimmora|26/100
|-heal|p2a: Iron Hands|99/100 psn|[from] drain|[of] p1a: Glimmora
|-activate|p1a: Glimmora|ability: Toxic Debris
|-sidestart|p2: itoshiflwr|move: Toxic Spikes
|-enditem|p1a: Glimmora|Red Card|[of] p2a: Iron Hands
|-end|p2a: Iron Hands|Quark Drive|[silent]
|drag|p2a: Glastrier|Glastrier|100/100
|
|upkeep
|turn|10
|
|t:|1758302273
|switch|p2a: Tinkaton|Tinkaton, F|100/100
|-item|p2a: Tinkaton|Air Balloon
|move|p1a: Glimmora|Mortal Spin|p2a: Tinkaton
|-immune|p2a: Tinkaton
|
|upkeep
|turn|11
|
|t:|1758302278
|move|p2a: Tinkaton|Gigaton Hammer|p1a: Glimmora
|-supereffective|p1a: Glimmora
|-damage|p1a: Glimmora|0 fnt
|-activate|p1a: Glimmora|ability: Toxic Debris
|-sidestart|p2: itoshiflwr|move: Toxic Spikes
|faint|p1a: Glimmora
|
|upkeep
|
|t:|1758302283
|switch|p1a: Kyurem|Kyurem|100/100
|-ability|p1a: Kyurem|Pressure
|turn|12
|
|t:|1758302295
|move|p2a: Tinkaton|Encore||[still]
|-fail|p2a: Tinkaton
|move|p1a: Kyurem|Substitute|p1a: Kyurem
|-start|p1a: Kyurem|Substitute
|-damage|p1a: Kyurem|76/100
|
|-heal|p1a: Kyurem|82/100|[from] item: Leftovers
|upkeep
|turn|13
|
|t:|1758302300
|move|p2a: Tinkaton|Encore|p1a: Kyurem
|-start|p1a: Kyurem|Encore
|move|p1a: Kyurem|Substitute|p1a: Kyurem
|-fail|p1a: Kyurem|move: Substitute
|
|-heal|p1a: Kyurem|88/100|[from] item: Leftovers
|upkeep
|turn|14
|
|t:|1758302306
|switch|p1a: Samurott|Samurott-Hisui, F|51/100
|move|p2a: Tinkaton|Stealth Rock|p1a: Samurott
|-sidestart|p1: mirfee|move: Stealth Rock
|
|upkeep
|turn|15
|
|t:|1758302311
|switch|p2a: Iron Hands|Iron Hands|99/100 psn
|move|p1a: Samurott|Ceaseless Edge|p2a: Iron Hands
|-resisted|p2a: Iron Hands
|-damage|p2a: Iron Hands|83/100 psn
|-sidestart|p2: itoshiflwr|Spikes
|
|-damage|p2a: Iron Hands|70/100 psn|[from] psn
|upkeep
|turn|16
|
|t:|1758302316
|move|p1a: Samurott|Flip Turn|p2a: Iron Hands
|-crit|p2a: Iron Hands
|-damage|p2a: Iron Hands|40/100 psn
|
|t:|1758302320
|switch|p1a: Gholdengo|Gholdengo|40/100|[from] Flip Turn
|-damage|p1a: Gholdengo|34/100|[from] Stealth Rock
|move|p2a: Iron Hands|Drain Punch|p1a: Gholdengo
|-immune|p1a: Gholdengo
|
|-damage|p2a: Iron Hands|27/100 psn|[from] psn
|upkeep
|turn|17
|
|t:|1758302331
|move|p1a: Gholdengo|Shadow Ball|p2a: Iron Hands
|-damage|p2a: Iron Hands|0 fnt
|faint|p2a: Iron Hands
|-end|p2a: Iron Hands|Quark Drive|[silent]
|
|upkeep
|
|t:|1758302340
|switch|p2a: Moltres|Moltres|100/100
|turn|18
|
|t:|1758302347
|move|p1a: Gholdengo|Shadow Ball|p2a: Moltres
|-damage|p2a: Moltres|58/100
|move|p2a: Moltres|Flamethrower|p1a: Gholdengo
|-supereffective|p1a: Gholdengo
|-damage|p1a: Gholdengo|0 fnt
|faint|p1a: Gholdengo
|
|upkeep
|
|t:|1758302371
|switch|p1a: Samurott|Samurott-Hisui, F|51/100
|-damage|p1a: Samurott|39/100|[from] Stealth Rock
|turn|19
|
|t:|1758302379
|move|p1a: Samurott|Ceaseless Edge|p2a: Moltres
|-damage|p2a: Moltres|25/100
|-sidestart|p2: itoshiflwr|Spikes
|move|p2a: Moltres|U-turn|p1a: Samurott
|-supereffective|p1a: Samurott
|-damage|p1a: Samurott|6/100
|
|t:|1758302385
|switch|p2a: Tinkaton|Tinkaton, F|100/100|[from] U-turn
|-item|p2a: Tinkaton|Air Balloon
|
|upkeep
|turn|20
|
|t:|1758302389
|move|p2a: Tinkaton|Knock Off|p1a: Samurott
|-resisted|p1a: Samurott
|-damage|p1a: Samurott|0 fnt
|-enditem|p1a: Samurott|Assault Vest|[from] move: Knock Off|[of] p2a: Tinkaton
|faint|p1a: Samurott
|
|upkeep
|
|t:|1758302391
|switch|p1a: Meowscarada|Meowscarada, M|100/100
|-damage|p1a: Meowscarada|88/100|[from] Stealth Rock
|turn|21
|inactive|Battle timer is ON: inactive players will automatically lose when time's up. (requested by itoshiflwr)
|
|t:|1758302422
|move|p1a: Meowscarada|Trick|p2a: Tinkaton
|-start|p1a: Meowscarada|typechange|Psychic|[from] ability: Protean
|-activate|p1a: Meowscarada|move: Trick|[of] p2a: Tinkaton
|-item|p2a: Tinkaton|Choice Scarf|[from] move: Trick
|-item|p1a: Meowscarada|Air Balloon
|-item|p1a: Meowscarada|Air Balloon|[from] move: Trick
|move|p2a: Tinkaton|Knock Off|p1a: Meowscarada
|-supereffective|p1a: Meowscarada
|-damage|p1a: Meowscarada|34/100
|-enditem|p1a: Meowscarada|Air Balloon
|
|upkeep
|turn|22
|
|t:|1758302434
|switch|p2a: Moltres|Moltres|25/100
|move|p1a: Meowscarada|Triple Axel|p2a: Moltres
|-damage|p2a: Moltres|21/100
|-damage|p2a: Moltres|12/100
|-damage|p2a: Moltres|0 fnt
|faint|p2a: Moltres
|-hitcount|p2: Moltres|3
|
|upkeep
|
|t:|1758302437
|switch|p2a: Dragapult|Dragapult, F|100/100
|turn|23
|
|t:|1758302443
|move|p2a: Dragapult|Hex|p1a: Meowscarada
|-supereffective|p1a: Meowscarada
|-damage|p1a: Meowscarada|0 fnt
|faint|p1a: Meowscarada
|
|upkeep
|
|t:|1758302445
|switch|p1a: Kyurem|Kyurem|88/100
|-damage|p1a: Kyurem|63/100|[from] Stealth Rock
|-ability|p1a: Kyurem|Pressure
|turn|24
|
|t:|1758302455
|-terastallize|p2a: Dragapult|Fairy
|-terastallize|p1a: Kyurem|Fairy
|move|p2a: Dragapult|Draco Meteor|p1a: Kyurem
|-immune|p1a: Kyurem
|move|p1a: Kyurem|Dragon Dance|p1a: Kyurem
|-boost|p1a: Kyurem|atk|1
|-boost|p1a: Kyurem|spe|1
|
|-heal|p1a: Kyurem|69/100|[from] item: Leftovers
|upkeep
|turn|25
|
|t:|1758302460
|move|p2a: Dragapult|Thunder Wave|p1a: Kyurem
|-status|p1a: Kyurem|par
|move|p1a: Kyurem|Dragon Dance|p1a: Kyurem
|-boost|p1a: Kyurem|atk|1
|-boost|p1a: Kyurem|spe|1
|
|-heal|p1a: Kyurem|75/100 par|[from] item: Leftovers
|upkeep
|turn|26
|
|t:|1758302463
|move|p2a: Dragapult|Hex|p1a: Kyurem
|-damage|p1a: Kyurem|38/100 par
|cant|p1a: Kyurem|par
|
|-heal|p1a: Kyurem|44/100 par|[from] item: Leftovers
|upkeep
|turn|27
|
|t:|1758302466
|move|p1a: Kyurem|Protect|p1a: Kyurem
|-singleturn|p1a: Kyurem|Protect
|move|p2a: Dragapult|Hex|p1a: Kyurem
|-activate|p1a: Kyurem|move: Protect
|
|-heal|p1a: Kyurem|50/100 par|[from] item: Leftovers
|upkeep
|turn|28
|
|t:|1758302469
|move|p2a: Dragapult|Hex|p1a: Kyurem
|-damage|p1a: Kyurem|11/100 par
|move|p1a: Kyurem|Substitute|p1a: Kyurem
|-fail|p1a: Kyurem|move: Substitute|[weak]
|
|-heal|p1a: Kyurem|17/100 par|[from] item: Leftovers
|upkeep
|turn|29
|
|t:|1758302473
|move|p2a: Dragapult|Hex|p1a: Kyurem
|-damage|p1a: Kyurem|0 fnt
|faint|p1a: Kyurem
|
|win|itoshiflwr
|raw|mirfee's rating: 1483 &rarr; <strong>1463</strong><br />(-20 for losing)
|raw|itoshiflwr's rating: 1490 &rarr; <strong>1510</strong><br />(+20 for winning)
|l|☆mirfee
|player|p1|
|l|☆itoshiflwr
|player|p2|
