|j|☆Ruby Xoxo
|j|☆noahtdiditfirst
|t:|1758328058
|gametype|singles
|player|p1|Ruby Xoxo|acetrainerf-gen4dp|1302
|player|p2|noahtdiditfirst|marshal|1328
|gen|9
|tier|[Gen 9] OU
|rated|
|rule|HP Percentage Mod: HP is shown in percentages
|rule|Endless Battle Clause: Forcing endless battles is banned
|rule|Species Clause: Limit one of each Pokémon
|rule|OHKO Clause: OHKO moves are banned
|rule|Evasion Items Clause: Evasion items are banned
|rule|Evasion Moves Clause: Evasion moves are banned
|rule|Evasion Abilities Clause: Evasion abilities are banned
|rule|Sleep Moves Clause: Sleep-inducing moves are banned
|clearpoke
|poke|p1|Skarmory, M|
|poke|p1|Darkrai|
|poke|p1|Reuniclus, M|
|poke|p1|Tornadus-Therian, M|
|poke|p1|Moltres|
|poke|p1|Ting-Lu|
|poke|p2|Enamorus, F|
|poke|p2|Great Tusk|
|poke|p2|Iron Crown|
|poke|p2|Lokix, M|
|poke|p2|Alomomola, M|
|poke|p2|Pecharunt|
|teampreview
|
|t:|1758328067
|teamsize|p1|6
|teamsize|p2|6
|start
|switch|p1a: Moltres|Moltres|100/100
|switch|p2a: Behemoth|Great Tusk, shiny|100/100
|turn|1
|
|t:|1758328077
|move|p2a: Behemoth|Stealth Rock|p1a: Moltres
|-sidestart|p1: Ruby Xoxo|move: Stealth Rock
|move|p1a: Moltres|Flamethrower|p2a: Behemoth
|-damage|p2a: Behemoth|46/100
|
|upkeep
|turn|2
|
|t:|1758328084
|-end|p2a: Behemoth|Protosynthesis|[silent]
|switch|p2a: Pisces|Alomomola, M, shiny|100/100
|switch|p1a: Ting-Lu|Ting-Lu|100/100
|-damage|p1a: Ting-Lu|94/100|[from] Stealth Rock
|-ability|p1a: Ting-Lu|Vessel of Ruin
|
|upkeep
|turn|3
|
|t:|1758328089
|move|p1a: Ting-Lu|Stealth Rock|p2a: Pisces
|-sidestart|p2: noahtdiditfirst|move: Stealth Rock
|move|p2a: Pisces|Flip Turn|p1a: Ting-Lu
|-supereffective|p1a: Ting-Lu
|-crit|p1a: Ting-Lu
|-damage|p1a: Ting-Lu|69/100
|-damage|p2a: Pisces|84/100|[from] item: Rocky Helmet|[of] p1a: Ting-Lu
|
|t:|1758328093
|switch|p2a: Behemoth|Great Tusk, shiny|46/100|[from] Flip Turn
|-damage|p2a: Behemoth|43/100|[from] Stealth Rock
|
|upkeep
|turn|4
|
|t:|1758328103
|-end|p2a: Behemoth|Protosynthesis|[silent]
|switch|p2a: Pisces|Alomomola, M, shiny|100/100
|-damage|p2a: Pisces|88/100|[from] Stealth Rock
|switch|p1a: Moltres|Moltres|100/100
|
|upkeep
|turn|5
|
|t:|1758328107
|switch|p1a: Reuniclus|Reuniclus, M, shiny|100/100
|move|p2a: Pisces|Scald|p1a: Reuniclus
|-damage|p1a: Reuniclus|88/100
|
|upkeep
|turn|6
|
|t:|1758328111
|move|p1a: Reuniclus|Psychic Noise|p2a: Pisces
|-damage|p2a: Pisces|60/100
|-start|p2a: Pisces|move: Heal Block
|move|p2a: Pisces|Mirror Coat|p1a: Reuniclus
|-damage|p1a: Reuniclus|23/100
|
|upkeep
|turn|7
|
|t:|1758328120
|move|p1a: Reuniclus|Recover|p1a: Reuniclus
|-heal|p1a: Reuniclus|73/100
|move|p2a: Pisces|Flip Turn|p1a: Reuniclus
|-damage|p1a: Reuniclus|55/100
|
|t:|1758328123
|switch|p2a: Edgar|Lokix, M, shiny|100/100|[from] Flip Turn
|-damage|p2a: Edgar|76/100|[from] Stealth Rock
|
|upkeep
|turn|8
|
|t:|1758328127
|switch|p1a: Skarmory|Skarmory, M|100/100
|-damage|p1a: Skarmory|88/100|[from] Stealth Rock
|move|p2a: Edgar|U-turn|p1a: Skarmory
|-resisted|p1a: Skarmory
|-damage|p1a: Skarmory|71/100
|-damage|p2a: Edgar|59/100|[from] item: Rocky Helmet|[of] p1a: Skarmory
|
|t:|1758328131
|switch|p2a: Braveheart|Iron Crown|100/100|[from] U-turn
|-damage|p2a: Braveheart|94/100|[from] Stealth Rock
|
|upkeep
|turn|9
|
|t:|1758328133
|switch|p1a: Ting-Lu|Ting-Lu|69/100
|-damage|p1a: Ting-Lu|62/100|[from] Stealth Rock
|-ability|p1a: Ting-Lu|Vessel of Ruin
|move|p2a: Braveheart|Volt Switch|p1a: Ting-Lu
|-immune|p1a: Ting-Lu
|
|upkeep
|turn|10
|
|t:|1758328139
|-end|p2a: Braveheart|Quark Drive|[silent]
|switch|p2a: Gin|Enamorus, F|100/100
|-damage|p2a: Gin|76/100|[from] Stealth Rock
|switch|p1a: Reuniclus|Reuniclus, M, shiny|55/100
|
|upkeep
|turn|11
|
|t:|1758328148
|move|p2a: Gin|Moonblast|p1a: Reuniclus
|-damage|p1a: Reuniclus|10/100
|move|p1a: Reuniclus|Psychic Noise|p2a: Gin
|-damage|p2a: Gin|12/100
|-start|p2a: Gin|move: Heal Block
|
|upkeep
|turn|12
|
|t:|1758328153
|switch|p1a: Moltres|Moltres|100/100
|move|p2a: Gin|Moonblast|p1a: Moltres
|-resisted|p1a: Moltres
|-damage|p1a: Moltres|75/100
|
|-end|p2a: Gin|move: Heal Block
|upkeep
|turn|13
|
|t:|1758328164
|switch|p2a: Pisces|Alomomola, M, shiny|93/100
|-damage|p2a: Pisces|81/100|[from] Stealth Rock
|move|p1a: Moltres|Scorching Sands|p2a: Pisces
|-damage|p2a: Pisces|70/100
|-status|p2a: Pisces|brn
|
|-damage|p2a: Pisces|64/100 brn|[from] brn
|upkeep
|turn|14
|
|t:|1758328174
|move|p2a: Pisces|Flip Turn|p1a: Moltres
|-supereffective|p1a: Moltres
|-damage|p1a: Moltres|64/100
|
|t:|1758328177
|switch|p2a: Behemoth|Great Tusk, shiny|43/100|[from] Flip Turn
|-damage|p2a: Behemoth|40/100|[from] Stealth Rock
|move|p1a: Moltres|Roar|p2a: Behemoth
|-end|p2a: Behemoth|Protosynthesis|[silent]
|drag|p2a: Braveheart|Iron Crown|94/100
|-damage|p2a: Braveheart|88/100|[from] Stealth Rock
|
|upkeep
|turn|15
|
|t:|1758328184
|switch|p1a: Ting-Lu|Ting-Lu|62/100
|-damage|p1a: Ting-Lu|56/100|[from] Stealth Rock
|-ability|p1a: Ting-Lu|Vessel of Ruin
|move|p2a: Braveheart|Volt Switch|p1a: Ting-Lu
|-immune|p1a: Ting-Lu
|
|upkeep
|turn|16
|
|t:|1758328192
|-end|p2a: Braveheart|Quark Drive|[silent]
|switch|p2a: Behemoth|Great Tusk, shiny|40/100
|-damage|p2a: Behemoth|37/100|[from] Stealth Rock
|move|p1a: Ting-Lu|Earthquake|p2a: Behemoth
|-damage|p2a: Behemoth|12/100
|
|upkeep
|turn|17
|
|t:|1758328196
|switch|p1a: Skarmory|Skarmory, M|71/100
|-damage|p1a: Skarmory|59/100|[from] Stealth Rock
|move|p2a: Behemoth|Rapid Spin|p1a: Skarmory
|-resisted|p1a: Skarmory
|-crit|p1a: Skarmory
|-damage|p1a: Skarmory|51/100
|-boost|p2a: Behemoth|spe|1
|-damage|p2a: Behemoth|0 fnt|[from] item: Rocky Helmet|[of] p1a: Skarmory
|faint|p2a: Behemoth
|-end|p2a: Behemoth|Protosynthesis|[silent]
|
|upkeep
|
|t:|1758328201
|switch|p2a: Braveheart|Iron Crown|88/100
|-damage|p2a: Braveheart|82/100|[from] Stealth Rock
|turn|18
|
|t:|1758328204
|move|p2a: Braveheart|Tachyon Cutter|p1a: Skarmory
|-resisted|p1a: Skarmory
|-damage|p1a: Skarmory|25/100
|-resisted|p1a: Skarmory
|-damage|p1a: Skarmory|1/100
|-hitcount|p1a: Skarmory|2
|move|p1a: Skarmory|Roost|p1a: Skarmory
|-heal|p1a: Skarmory|51/100
|-singleturn|p1a: Skarmory|move: Roost
|
|upkeep
|turn|19
|
|t:|1758328225
|switch|p1a: Darkrai|Darkrai|100/100
|-damage|p1a: Darkrai|88/100|[from] Stealth Rock
|move|p2a: Braveheart|Tachyon Cutter|p1a: Darkrai
|-damage|p1a: Darkrai|38/100
|-damage|p1a: Darkrai|0 fnt
|faint|p1a: Darkrai
|-hitcount|p1: Darkrai|2
|
|upkeep
|
|t:|1758328234
|switch|p1a: Tornadus|Tornadus-Therian, M|100/100
|-damage|p1a: Tornadus|76/100|[from] Stealth Rock
|turn|20
|
|t:|1758328241
|-terastallize|p1a: Tornadus|Steel
|move|p1a: Tornadus|Heat Wave|p2a: Braveheart
|-supereffective|p2a: Braveheart
|-damage|p2a: Braveheart|12/100
|-damage|p1a: Tornadus|66/100|[from] item: Life Orb
|move|p2a: Braveheart|Tachyon Cutter|p1a: Tornadus
|-resisted|p1a: Tornadus
|-damage|p1a: Tornadus|42/100
|-resisted|p1a: Tornadus
|-crit|p1a: Tornadus
|-damage|p1a: Tornadus|9/100
|-hitcount|p1a: Tornadus|2
|
|upkeep
|turn|21
|
|t:|1758328257
|switch|p1a: Reuniclus|Reuniclus, M, shiny|10/100
|-end|p2a: Braveheart|Quark Drive|[silent]
|switch|p2a: Pisces|Alomomola, M, shiny|97/100 brn
|-damage|p2a: Pisces|85/100 brn|[from] Stealth Rock
|
|-damage|p2a: Pisces|78/100 brn|[from] brn
|upkeep
|turn|22
|
|t:|1758328264
|switch|p2a: Edgar|Lokix, M, shiny|59/100
|-damage|p2a: Edgar|34/100|[from] Stealth Rock
|move|p1a: Reuniclus|Knock Off|p2a: Edgar
|-resisted|p2a: Edgar
|-damage|p2a: Edgar|21/100
|-enditem|p2a: Edgar|Choice Band|[from] move: Knock Off|[of] p1a: Reuniclus
|
|upkeep
|turn|23
|
|t:|1758328275
|switch|p1a: Skarmory|Skarmory, M|51/100
|-damage|p1a: Skarmory|39/100|[from] Stealth Rock
|move|p2a: Edgar|Knock Off|p1a: Skarmory
|-damage|p1a: Skarmory|8/100
|-damage|p2a: Edgar|4/100|[from] item: Rocky Helmet|[of] p1a: Skarmory
|-enditem|p1a: Skarmory|Rocky Helmet|[from] move: Knock Off|[of] p2a: Edgar
|
|upkeep
|turn|24
|
|t:|1758328285
|move|p2a: Edgar|Leech Life|p1a: Skarmory
|-resisted|p1a: Skarmory
|-crit|p1a: Skarmory
|-damage|p1a: Skarmory|0 fnt
|-heal|p2a: Edgar|9/100|[from] drain|[of] p1a: Skarmory
|faint|p1a: Skarmory
|
|upkeep
|
|t:|1758328290
|switch|p1a: Moltres|Moltres|64/100
|turn|25
|
|t:|1758328294
|move|p2a: Edgar|Knock Off|p1a: Moltres
|-damage|p1a: Moltres|30/100
|-status|p2a: Edgar|brn|[from] ability: Flame Body|[of] p1a: Moltres
|-enditem|p1a: Moltres|Heavy-Duty Boots|[from] move: Knock Off|[of] p2a: Edgar
|move|p1a: Moltres|Roost|p1a: Moltres
|-heal|p1a: Moltres|80/100
|-singleturn|p1a: Moltres|move: Roost
|
|-damage|p2a: Edgar|3/100 brn|[from] brn
|upkeep
|turn|26
|
|t:|1758328305
|move|p2a: Edgar|U-turn|p1a: Moltres
|-resisted|p1a: Moltres
|-damage|p1a: Moltres|74/100
|
|t:|1758328319
|switch|p2a: Pisces|Alomomola, M, shiny|100/100 brn|[from] U-turn
|-damage|p2a: Pisces|88/100 brn|[from] Stealth Rock
|move|p1a: Moltres|Flamethrower|p2a: Pisces
|-resisted|p2a: Pisces
|-damage|p2a: Pisces|77/100 brn
|
|-damage|p2a: Pisces|71/100 brn|[from] brn
|upkeep
|turn|27
|
|t:|1758328323
|move|p1a: Moltres|Scorching Sands|p2a: Pisces
|-damage|p2a: Pisces|60/100 brn
|move|p2a: Pisces|Scald|p1a: Moltres
|-supereffective|p1a: Moltres
|-damage|p1a: Moltres|44/100
|
|-damage|p2a: Pisces|54/100 brn|[from] brn
|upkeep
|turn|28
|
|t:|1758328327
|move|p1a: Moltres|Roost|p1a: Moltres
|-heal|p1a: Moltres|94/100
|-singleturn|p1a: Moltres|move: Roost
|move|p2a: Pisces|Scald|p1a: Moltres
|-supereffective|p1a: Moltres
|-crit|p1a: Moltres
|-damage|p1a: Moltres|54/100
|
|-damage|p2a: Pisces|47/100 brn|[from] brn
|upkeep
|turn|29
|
|t:|1758328331
|move|p1a: Moltres|Roost|p1a: Moltres
|-heal|p1a: Moltres|100/100
|-singleturn|p1a: Moltres|move: Roost
|move|p2a: Pisces|Scald|p1a: Moltres
|-supereffective|p1a: Moltres
|-damage|p1a: Moltres|71/100
|
|-damage|p2a: Pisces|41/100 brn|[from] brn
|upkeep
|turn|30
|
|t:|1758328336
|move|p1a: Moltres|Roost|p1a: Moltres
|-heal|p1a: Moltres|100/100
|-singleturn|p1a: Moltres|move: Roost
|move|p2a: Pisces|Scald|p1a: Moltres
|-supereffective|p1a: Moltres
|-damage|p1a: Moltres|73/100
|
|-damage|p2a: Pisces|35/100 brn|[from] brn
|upkeep
|turn|31
|
|t:|1758328338
|move|p1a: Moltres|Scorching Sands|p2a: Pisces
|-damage|p2a: Pisces|24/100 brn
|move|p2a: Pisces|Flip Turn|p1a: Moltres
|-supereffective|p1a: Moltres
|-damage|p1a: Moltres|61/100
|
|t:|1758328341
|switch|p2a: Edgar|Lokix, M, shiny|3/100 brn|[from] Flip Turn
|-damage|p2a: Edgar|0 fnt|[from] Stealth Rock
|faint|p2a: Edgar
|
|upkeep
|
|t:|1758328343
|switch|p2a: Pisces|Alomomola, M, shiny|58/100 brn
|-damage|p2a: Pisces|46/100 brn|[from] Stealth Rock
|turn|32
|
|t:|1758328349
|move|p1a: Moltres|Roost|p1a: Moltres
|-heal|p1a: Moltres|100/100
|-singleturn|p1a: Moltres|move: Roost
|move|p2a: Pisces|Scald|p1a: Moltres
|-supereffective|p1a: Moltres
|-damage|p1a: Moltres|73/100
|
|-damage|p2a: Pisces|39/100 brn|[from] brn
|upkeep
|turn|33
|
|t:|1758328353
|move|p1a: Moltres|Scorching Sands|p2a: Pisces
|-damage|p2a: Pisces|29/100 brn
|move|p2a: Pisces|Scald|p1a: Moltres
|-supereffective|p1a: Moltres
|-damage|p1a: Moltres|46/100
|
|-damage|p2a: Pisces|22/100 brn|[from] brn
|upkeep
|turn|34
|
|t:|1758328355
|move|p1a: Moltres|Roost|p1a: Moltres
|-heal|p1a: Moltres|96/100
|-singleturn|p1a: Moltres|move: Roost
|move|p2a: Pisces|Flip Turn|p1a: Moltres
|-supereffective|p1a: Moltres
|-damage|p1a: Moltres|85/100
|
|t:|1758328357
|switch|p2a: Gin|Enamorus, F|12/100|[from] Flip Turn
|-damage|p2a: Gin|0 fnt|[from] Stealth Rock
|faint|p2a: Gin
|
|upkeep
|
|t:|1758328359
|switch|p2a: Pisces|Alomomola, M, shiny|56/100 brn
|-damage|p2a: Pisces|43/100 brn|[from] Stealth Rock
|turn|35
|
|t:|1758328364
|move|p1a: Moltres|Scorching Sands|p2a: Pisces
|-damage|p2a: Pisces|33/100 brn
|move|p2a: Pisces|Scald|p1a: Moltres
|-supereffective|p1a: Moltres
|-damage|p1a: Moltres|58/100
|
|-damage|p2a: Pisces|27/100 brn|[from] brn
|upkeep
|turn|36
|
|t:|1758328366
|move|p1a: Moltres|Roost|p1a: Moltres
|-heal|p1a: Moltres|100/100
|-singleturn|p1a: Moltres|move: Roost
|move|p2a: Pisces|Flip Turn|p1a: Moltres
|-supereffective|p1a: Moltres
|-damage|p1a: Moltres|89/100
|
|t:|1758328368
|switch|p2a: Braveheart|Iron Crown|12/100|[from] Flip Turn
|-damage|p2a: Braveheart|6/100|[from] Stealth Rock
|
|upkeep
|turn|37
|
|t:|1758328372
|switch|p1a: Ting-Lu|Ting-Lu|56/100
|-damage|p1a: Ting-Lu|50/100|[from] Stealth Rock
|-ability|p1a: Ting-Lu|Vessel of Ruin
|move|p2a: Braveheart|Volt Switch|p1a: Ting-Lu
|-immune|p1a: Ting-Lu
|
|upkeep
|turn|38
|-message|noahtdiditfirst forfeited.
|
|win|Ruby Xoxo
|raw|Ruby Xoxo's rating: 1302 &rarr; <strong>1323</strong><br />(+21 for winning)
|raw|noahtdiditfirst's rating: 1328 &rarr; <strong>1307</strong><br />(-21 for losing)
|l|☆noahtdiditfirst
|player|p2|
|l|☆Ruby Xoxo
|player|p1|
