|j|☆haiziniwudile
|j|☆IreneColdHeart
|t:|1758264579
|gametype|singles
|player|p1|haiziniwudile|101|1161
|player|p2|IreneColdHeart|lady|1172
|gen|9
|tier|[Gen 9] OU
|rated|
|rule|HP Percentage Mod: HP is shown in percentages
|rule|Endless Battle Clause: Forcing endless battles is banned
|rule|Species Clause: Limit one of each Pokémon
|rule|OHKO Clause: OHKO moves are banned
|rule|Evasion Items Clause: Evasion items are banned
|rule|Evasion Moves Clause: Evasion moves are banned
|rule|Evasion Abilities Clause: Evasion abilities are banned
|rule|Sleep Moves Clause: Sleep-inducing moves are banned
|clearpoke
|poke|p1|Raging Bolt|
|poke|p1|Ninetales, F|
|poke|p1|Walking Wake|
|poke|p1|Hatterene, F|
|poke|p1|Landorus-Therian, M|
|poke|p1|Lokix, F|
|poke|p2|Avalugg-Hisui, M|
|poke|p2|Iron Valiant|
|poke|p2|Samurott-Hisui, M|
|poke|p2|Slowking-Galar, M|
|poke|p2|Garchomp, M|
|poke|p2|Ogerpon-Wellspring, F|
|teampreview
|
|t:|1758264588
|teamsize|p1|6
|teamsize|p2|6
|start
|switch|p1a: Lokix|Lokix, F, shiny|100/100
|switch|p2a: Avalugg|Avalugg-Hisui, M|100/100
|turn|1
|
|t:|1758264593
|move|p1a: Lokix|U-turn|p2a: Avalugg
|-damage|p2a: Avalugg|73/100
|
|t:|1758264603
|switch|p1a: Hatterene|Hatterene, F, shiny|100/100|[from] U-turn
|move|p2a: Avalugg|Stealth Rock|p1a: Hatterene
|move|p1a: Hatterene|Stealth Rock|p2a: Avalugg|[from] ability: Magic Bounce
|-sidestart|p2: IreneColdHeart|move: Stealth Rock
|
|upkeep
|turn|2
|
|t:|1758264610
|move|p2a: Avalugg|Rapid Spin|p1a: Hatterene
|-damage|p1a: Hatterene|82/100
|-boost|p2a: Avalugg|spe|1
|-sideend|p2: IreneColdHeart|Stealth Rock|[from] move: Rapid Spin|[of] p2a: Avalugg
|move|p1a: Hatterene|Mystical Fire|p2a: Avalugg
|-damage|p2a: Avalugg|20/100
|-unboost|p2a: Avalugg|spa|1
|
|-heal|p1a: Hatterene|88/100|[from] item: Leftovers
|upkeep
|turn|3
|-enditem|p2a: Avalugg|Custap Berry|[eat]
|-activate|p2a: Avalugg|item: Custap Berry|[consumed]
|
|t:|1758264626
|move|p2a: Avalugg|Mountain Gale|p1a: Hatterene
|-damage|p1a: Hatterene|31/100
|cant|p1a: Hatterene|flinch
|
|-heal|p1a: Hatterene|37/100|[from] item: Leftovers
|upkeep
|turn|4
|
|t:|1758264638
|switch|p1a: Walking Wake|Walking Wake|100/100
|move|p2a: Avalugg|Mountain Gale|p1a: Walking Wake|[miss]
|-miss|p2a: Avalugg|p1a: Walking Wake
|
|upkeep
|turn|5
|
|t:|1758264651
|move|p1a: Walking Wake|Hydro Steam|p2a: Avalugg
|-supereffective|p2a: Avalugg
|-damage|p2a: Avalugg|0 fnt
|faint|p2a: Avalugg
|
|upkeep
|
|t:|1758264659
|switch|p2a: Iron Valiant|Iron Valiant|100/100
|-enditem|p2a: Iron Valiant|Booster Energy
|-activate|p2a: Iron Valiant|ability: Quark Drive|[fromitem]
|-start|p2a: Iron Valiant|quarkdrivespe
|turn|6
|
|t:|1758264671
|-end|p1a: Walking Wake|Protosynthesis|[silent]
|switch|p1a: Hatterene|Hatterene, F, shiny|37/100
|move|p2a: Iron Valiant|Moonblast|p1a: Hatterene
|-damage|p1a: Hatterene|0 fnt
|faint|p1a: Hatterene
|
|upkeep
|
|t:|1758264688
|switch|p1a: Raging Bolt|Raging Bolt|100/100
|turn|7
|
|t:|1758264695
|-terastallize|p2a: Iron Valiant|Stellar
|move|p2a: Iron Valiant|Moonblast|p1a: Raging Bolt
|-supereffective|p1a: Raging Bolt
|-damage|p1a: Raging Bolt|0 fnt
|faint|p1a: Raging Bolt
|-end|p1a: Raging Bolt|Protosynthesis|[silent]
|
|upkeep
|
|t:|1758264703
|switch|p1a: Lokix|Lokix, F, shiny|100/100
|turn|8
|
|t:|1758264711
|move|p1a: Lokix|First Impression|p2a: Iron Valiant
|-resisted|p2a: Iron Valiant
|-damage|p2a: Iron Valiant|58/100
|move|p2a: Iron Valiant|Moonblast|p1a: Lokix
|-supereffective|p1a: Lokix
|-damage|p1a: Lokix|0 fnt
|faint|p1a: Lokix
|
|upkeep
|
|t:|1758264715
|switch|p1a: Ninetales|Ninetales, F, shiny|100/100
|-weather|SunnyDay|[from] ability: Drought|[of] p1a: Ninetales
|turn|9
|
|t:|1758264722
|move|p2a: Iron Valiant|Aura Sphere|p1a: Ninetales
|-damage|p1a: Ninetales|51/100
|move|p1a: Ninetales|Weather Ball|p2a: Iron Valiant
|-damage|p2a: Iron Valiant|0 fnt
|faint|p2a: Iron Valiant
|-end|p2a: Iron Valiant|Quark Drive|[silent]
|
|-weather|SunnyDay|[upkeep]
|upkeep
|
|t:|1758264731
|switch|p2a: Garchomp|Garchomp, M|100/100
|turn|10
|
|t:|1758264736
|move|p2a: Garchomp|Earthquake|p1a: Ninetales
|-supereffective|p1a: Ninetales
|-damage|p1a: Ninetales|0 fnt
|faint|p1a: Ninetales
|-damage|p2a: Garchomp|91/100|[from] item: Life Orb
|
|-weather|SunnyDay|[upkeep]
|upkeep
|
|t:|1758264738
|switch|p1a: Walking Wake|Walking Wake|100/100
|-activate|p1a: Walking Wake|ability: Protosynthesis
|-start|p1a: Walking Wake|protosynthesisspa
|turn|11
|inactive|Battle timer is ON: inactive players will automatically lose when time's up. (requested by haiziniwudile)
|
|t:|1758264758
|switch|p2a: Slowking|Slowking-Galar, M|100/100
|-terastallize|p1a: Walking Wake|Water
|move|p1a: Walking Wake|Hydro Steam|p2a: Slowking
|-damage|p2a: Slowking|0 fnt
|faint|p2a: Slowking
|
|-weather|SunnyDay|[upkeep]
|upkeep
|
|t:|1758264768
|switch|p2a: Ogerpon|Ogerpon-Wellspring, F|100/100
|turn|12
|
|t:|1758264774
|-end|p1a: Walking Wake|Protosynthesis|[silent]
|switch|p1a: Landorus|Landorus-Therian, M, shiny|100/100
|-ability|p1a: Landorus|Intimidate|boost
|-unboost|p2a: Ogerpon|atk|1
|move|p2a: Ogerpon|Spiky Shield||[still]
|-fail|p2a: Ogerpon
|
|-weather|SunnyDay|[upkeep]
|upkeep
|turn|13
|
|t:|1758264784
|move|p2a: Ogerpon|Ivy Cudgel|p1a: Landorus|[anim] Ivy Cudgel Water
|-supereffective|p1a: Landorus
|-damage|p1a: Landorus|76/100
|move|p1a: Landorus|U-turn|p2a: Ogerpon
|-supereffective|p2a: Ogerpon
|-damage|p2a: Ogerpon|52/100
|
|t:|1758264787
|switch|p1a: Walking Wake|Walking Wake, tera:Water|100/100|[from] U-turn
|-activate|p1a: Walking Wake|ability: Protosynthesis
|-start|p1a: Walking Wake|protosynthesisspa
|
|-weather|SunnyDay|[upkeep]
|upkeep
|turn|14
|
|t:|1758264807
|move|p2a: Ogerpon|Horn Leech|p1a: Walking Wake
|-supereffective|p1a: Walking Wake
|-damage|p1a: Walking Wake|40/100
|-heal|p2a: Ogerpon|83/100|[from] drain|[of] p1a: Walking Wake
|move|p1a: Walking Wake|Draco Meteor|p2a: Ogerpon
|-damage|p2a: Ogerpon|0 fnt
|-unboost|p1a: Walking Wake|spa|2
|faint|p2a: Ogerpon
|
|-weather|SunnyDay|[upkeep]
|upkeep
|
|t:|1758264819
|switch|p2a: Samurott|Samurott-Hisui, M|100/100
|turn|15
|
|t:|1758264828
|-end|p1a: Walking Wake|Protosynthesis|[silent]
|switch|p1a: Landorus|Landorus-Therian, M, shiny|76/100
|-ability|p1a: Landorus|Intimidate|boost
|-unboost|p2a: Samurott|atk|1
|move|p2a: Samurott|Night Slash|p1a: Landorus
|-damage|p1a: Landorus|54/100
|-damage|p2a: Samurott|84/100|[from] item: Rocky Helmet|[of] p1a: Landorus
|
|-weather|SunnyDay|[upkeep]
|upkeep
|turn|16
|
|t:|1758264843
|switch|p2a: Garchomp|Garchomp, M|91/100
|move|p1a: Landorus|Earthquake|p2a: Garchomp
|-damage|p2a: Garchomp|41/100
|
|-weather|none
|upkeep
|turn|17
|
|t:|1758264859
|move|p2a: Garchomp|Dragon Claw|p1a: Landorus
|-damage|p1a: Landorus|19/100
|-damage|p2a: Garchomp|25/100|[from] item: Rocky Helmet|[of] p1a: Landorus
|-damage|p2a: Garchomp|15/100|[from] item: Life Orb
|move|p1a: Landorus|Earthquake|p2a: Garchomp
|-damage|p2a: Garchomp|0 fnt
|faint|p2a: Garchomp
|
|upkeep
|
|t:|1758264868
|switch|p2a: Samurott|Samurott-Hisui, M|84/100
|turn|18
|
|t:|1758264879
|move|p2a: Samurott|Night Slash|p1a: Landorus
|-damage|p1a: Landorus|0 fnt
|-damage|p2a: Samurott|67/100|[from] item: Rocky Helmet|[of] p1a: Landorus
|faint|p1a: Landorus
|
|upkeep
|
|t:|1758264883
|switch|p1a: Walking Wake|Walking Wake, tera:Water|40/100
|turn|19
|
|t:|1758264889
|move|p2a: Samurott|Night Slash|p1a: Walking Wake
|-damage|p1a: Walking Wake|0 fnt
|faint|p1a: Walking Wake
|-end|p1a: Walking Wake|Protosynthesis|[silent]
|
|win|IreneColdHeart
|raw|haiziniwudile's rating: 1161 &rarr; <strong>1137</strong><br />(-24 for losing)
|raw|IreneColdHeart's rating: 1172 &rarr; <strong>1196</strong><br />(+24 for winning)
|l|☆haiziniwudile
|player|p1|
|l|☆IreneColdHeart
|player|p2|
