|j|☆Aggrhy
|j|☆femotoz
|t:|1758322235
|gametype|singles
|player|p1|Aggrhy|red-masters|1380
|player|p2|femotoz|akari|1367
|gen|9
|tier|[Gen 9] OU
|rated|
|rule|HP Percentage Mod: HP is shown in percentages
|rule|Endless Battle Clause: Forcing endless battles is banned
|rule|Species Clause: Limit one of each Pokémon
|rule|OHKO Clause: OHKO moves are banned
|rule|Evasion Items Clause: Evasion items are banned
|rule|Evasion Moves Clause: Evasion moves are banned
|rule|Evasion Abilities Clause: Evasion abilities are banned
|rule|Sleep Moves Clause: Sleep-inducing moves are banned
|clearpoke
|poke|p1|Pikachu, F|
|poke|p1|Lokix, M|
|poke|p1|Fezandipiti, M|
|poke|p1|Blastoise, M|
|poke|p1|Flygon, F|
|poke|p1|Vikavolt, M|
|poke|p2|Tyranitar, M|
|poke|p2|Excadrill, F|
|poke|p2|Hydrapple, F|
|poke|p2|Slowking-Galar, F|
|poke|p2|Latios, M|
|poke|p2|Tinkaton, F|
|teampreview
|inactive|Battle timer is ON: inactive players will automatically lose when time's up. (requested by Aggrhy)
|
|t:|1758322250
|teamsize|p1|6
|teamsize|p2|6
|start
|switch|p1a: Flygon|Flygon, F|100/100
|switch|p2a: Latios|Latios, M|100/100
|turn|1
|
|t:|1758322257
|switch|p1a: Fezandipiti|Fezandipiti, M|100/100
|move|p2a: Latios|Draco Meteor|p1a: Fezandipiti
|-immune|p1a: Fezandipiti
|
|upkeep
|turn|2
|
|t:|1758322264
|switch|p2a: Tinkaton|Tinkaton, F|100/100
|-item|p2a: Tinkaton|Air Balloon
|move|p1a: Fezandipiti|Moonblast|p2a: Tinkaton
|-resisted|p2a: Tinkaton
|-damage|p2a: Tinkaton|91/100
|-enditem|p2a: Tinkaton|Air Balloon
|
|upkeep
|turn|3
|
|t:|1758322274
|switch|p1a: Vikavolt|Vikavolt, M|100/100
|move|p2a: Tinkaton|Stealth Rock|p1a: Vikavolt
|-sidestart|p1: Aggrhy|move: Stealth Rock
|
|upkeep
|turn|4
|
|t:|1758322282
|switch|p2a: Tyranitar|Tyranitar, M|100/100
|-weather|Sandstorm|[from] ability: Sand Stream|[of] p2a: Tyranitar
|move|p1a: Vikavolt|Sticky Web|p2a: Tyranitar
|-sidestart|p2: femotoz|move: Sticky Web
|
|-weather|Sandstorm|[upkeep]
|-damage|p1a: Vikavolt|94/100|[from] Sandstorm
|upkeep
|turn|5
|
|t:|1758322291
|switch|p1a: Blastoise|Blastoise, M|100/100
|-damage|p1a: Blastoise|88/100|[from] Stealth Rock
|move|p2a: Tyranitar|Stone Edge|p1a: Blastoise
|-damage|p1a: Blastoise|30/100
|
|-weather|Sandstorm|[upkeep]
|-damage|p1a: Blastoise|24/100|[from] Sandstorm
|-heal|p1a: Blastoise|30/100|[from] item: Leftovers
|upkeep
|turn|6
|
|t:|1758322302
|switch|p2a: Slowking|Slowking-Galar, F|100/100
|-activate|p2a: Slowking|move: Sticky Web
|-unboost|p2a: Slowking|spe|1
|move|p1a: Blastoise|Body Press|p2a: Slowking
|-resisted|p2a: Slowking
|-damage|p2a: Slowking|94/100
|
|-weather|Sandstorm|[upkeep]
|-damage|p1a: Blastoise|24/100|[from] Sandstorm
|-damage|p2a: Slowking|88/100|[from] Sandstorm
|-heal|p1a: Blastoise|30/100|[from] item: Leftovers
|upkeep
|turn|7
|
|t:|1758322315
|move|p1a: Blastoise|Rapid Spin|p2a: Slowking
|-damage|p2a: Slowking|78/100
|-boost|p1a: Blastoise|spe|1
|-sideend|p1: Aggrhy|Stealth Rock|[from] move: Rapid Spin|[of] p1a: Blastoise
|move|p2a: Slowking|Psychic Noise|p1a: Blastoise
|-damage|p1a: Blastoise|0 fnt
|faint|p1a: Blastoise
|
|-weather|Sandstorm|[upkeep]
|-damage|p2a: Slowking|72/100|[from] Sandstorm
|upkeep
|
|t:|1758322327
|switch|p1a: Flygon|Flygon, F|100/100
|turn|8
|
|t:|1758322332
|switch|p2a: Tinkaton|Tinkaton, F|91/100
|-activate|p2a: Tinkaton|move: Sticky Web
|-unboost|p2a: Tinkaton|spe|1
|move|p1a: Flygon|Dragon Dance|p1a: Flygon
|-boost|p1a: Flygon|atk|1
|-boost|p1a: Flygon|spe|1
|
|-weather|none
|upkeep
|turn|9
|
|t:|1758322344
|switch|p2a: Latios|Latios, M|100/100
|move|p1a: Flygon|Earthquake|p2a: Latios
|-immune|p2a: Latios|[from] ability: Levitate
|
|upkeep
|turn|10
|
|t:|1758322351
|move|p2a: Latios|Draco Meteor|p1a: Flygon
|-supereffective|p1a: Flygon
|-damage|p1a: Flygon|0 fnt
|-unboost|p2a: Latios|spa|2
|faint|p1a: Flygon
|
|upkeep
|
|t:|1758322358
|switch|p1a: Lokix|Lokix, M|100/100
|turn|11
|
|t:|1758322362
|switch|p2a: Tinkaton|Tinkaton, F|91/100
|-activate|p2a: Tinkaton|move: Sticky Web
|-unboost|p2a: Tinkaton|spe|1
|move|p1a: Lokix|Swords Dance|p1a: Lokix
|-boost|p1a: Lokix|atk|2
|
|upkeep
|turn|12
|
|t:|1758322371
|move|p1a: Lokix|Axe Kick|p2a: Tinkaton|[miss]
|-miss|p1a: Lokix|p2a: Tinkaton
|-damage|p1a: Lokix|50/100|[from] highjumpkick
|move|p2a: Tinkaton|Thunder Wave|p1a: Lokix
|-status|p1a: Lokix|par
|
|upkeep
|turn|13
|-message|Aggrhy forfeited.
|
|win|femotoz
|raw|Aggrhy's rating: 1380 &rarr; <strong>1358</strong><br />(-22 for losing)
|raw|femotoz's rating: 1347 &rarr; <strong>1369</strong><br />(+22 for winning)
|l|☆Aggrhy
|player|p1|
|l|☆femotoz
|player|p2|
