|j|☆Nageez
|j|☆Allheckers
|t:|1758255234
|gametype|singles
|player|p1|Nageez|170|1096
|player|p2|Allheckers|1|1077
|gen|9
|tier|[Gen 9] OU
|rated|
|rule|HP Percentage Mod: HP is shown in percentages
|rule|Endless Battle Clause: Forcing endless battles is banned
|rule|Species Clause: Limit one of each Pokémon
|rule|OHKO Clause: OHKO moves are banned
|rule|Evasion Items Clause: Evasion items are banned
|rule|Evasion Moves Clause: Evasion moves are banned
|rule|Evasion Abilities Clause: Evasion abilities are banned
|rule|Sleep Moves Clause: Sleep-inducing moves are banned
|clearpoke
|poke|p1|Corviknight, M|
|poke|p1|Mandibuzz, F|
|poke|p1|Fezandipiti, M|
|poke|p1|Zapdos|
|poke|p1|Moltres|
|poke|p1|Skarmory, F|
|poke|p2|Entei|
|poke|p2|Dragapult, M|
|poke|p2|Scizor, F|
|poke|p2|Glimmora, M|
|poke|p2|Zapdos|
|poke|p2|Ogerpon-Cornerstone, F|
|teampreview
|
|t:|1758255245
|teamsize|p1|6
|teamsize|p2|6
|start
|switch|p1a: Mandibuzz|Mandibuzz, F|100/100
|switch|p2a: Ogerpon|Ogerpon-Cornerstone, F|100/100
|turn|1
|
|t:|1758255257
|move|p2a: Ogerpon|Ivy Cudgel|p1a: Mandibuzz|[anim] Ivy Cudgel Rock
|-supereffective|p1a: Mandibuzz
|-damage|p1a: Mandibuzz|25/100
|move|p1a: Mandibuzz|Toxic|p2a: Ogerpon
|-status|p2a: Ogerpon|tox
|
|-damage|p2a: Ogerpon|95/100 tox|[from] psn
|upkeep
|turn|2
|inactive|Battle timer is ON: inactive players will automatically lose when time's up. (requested by Allheckers)
|
|t:|1758255294
|switch|p1a: Skarmory|Skarmory, F|100/100
|move|p2a: Ogerpon|Ivy Cudgel|p1a: Skarmory|[anim] Ivy Cudgel Rock
|-damage|p1a: Skarmory|57/100
|
|-damage|p2a: Ogerpon|83/100 tox|[from] psn
|upkeep
|turn|3
|
|t:|1758255301
|move|p2a: Ogerpon|Ivy Cudgel|p1a: Skarmory|[anim] Ivy Cudgel Rock
|-damage|p1a: Skarmory|18/100
|move|p1a: Skarmory|Roost|p1a: Skarmory
|-heal|p1a: Skarmory|68/100
|-singleturn|p1a: Skarmory|move: Roost
|
|-damage|p2a: Ogerpon|65/100 tox|[from] psn
|upkeep
|turn|4
|
|t:|1758255314
|switch|p2a: Zapdos|Zapdos, shiny|100/100
|move|p1a: Skarmory|Roost|p1a: Skarmory
|-heal|p1a: Skarmory|100/100
|-singleturn|p1a: Skarmory|move: Roost
|
|upkeep
|turn|5
|
|t:|1758255329
|switch|p1a: Fezandipiti|Fezandipiti, M|100/100
|move|p2a: Zapdos|Heat Wave|p1a: Fezandipiti
|-damage|p1a: Fezandipiti|81/100
|
|upkeep
|turn|6
|
|t:|1758255335
|move|p2a: Zapdos|Thunder Wave|p1a: Fezandipiti
|-status|p1a: Fezandipiti|par
|move|p1a: Fezandipiti|Toxic|p2a: Zapdos
|-status|p2a: Zapdos|tox
|
|-damage|p2a: Zapdos|94/100 tox|[from] psn
|upkeep
|turn|7
|
|t:|1758255344
|move|p2a: Zapdos|Hurricane|p1a: Fezandipiti|[miss]
|-miss|p2a: Zapdos|p1a: Fezandipiti
|move|p1a: Fezandipiti|Play Rough|p2a: Zapdos
|-damage|p2a: Zapdos|58/100 tox
|
|-damage|p2a: Zapdos|45/100 tox|[from] psn
|upkeep
|turn|8
|
|t:|1758255367
|move|p2a: Zapdos|Hurricane|p1a: Fezandipiti|[miss]
|-miss|p2a: Zapdos|p1a: Fezandipiti
|move|p1a: Fezandipiti|Play Rough|p2a: Zapdos
|-damage|p2a: Zapdos|10/100 tox
|
|-damage|p2a: Zapdos|0 fnt|[from] psn
|faint|p2a: Zapdos
|upkeep
|
|t:|1758255377
|switch|p2a: Entei|Entei|100/100
|turn|9
|
|t:|1758255394
|move|p2a: Entei|Stomping Tantrum|p1a: Fezandipiti
|-supereffective|p1a: Fezandipiti
|-damage|p1a: Fezandipiti|15/100 par
|-damage|p2a: Entei|91/100|[from] item: Life Orb
|move|p1a: Fezandipiti|Toxic|p2a: Entei
|-status|p2a: Entei|tox
|
|-damage|p2a: Entei|84/100 tox|[from] psn
|upkeep
|turn|10
|
|t:|1758255405
|switch|p1a: Moltres|Moltres|100/100
|move|p2a: Entei|Extreme Speed|p1a: Moltres
|-damage|p1a: Moltres|76/100
|-damage|p2a: Entei|74/100 tox|[from] item: Life Orb
|
|-damage|p2a: Entei|62/100 tox|[from] psn
|upkeep
|turn|11
|
|t:|1758255418
|switch|p2a: Glimmora|Glimmora, M, shiny|100/100
|move|p1a: Moltres|Roost|p1a: Moltres
|-heal|p1a: Moltres|100/100
|-singleturn|p1a: Moltres|move: Roost
|
|upkeep
|turn|12
|inactive|Nageez has 120 seconds left.
|
|t:|1758255451
|switch|p1a: Skarmory|Skarmory, F|100/100
|move|p2a: Glimmora|Power Gem|p1a: Skarmory
|-damage|p1a: Skarmory|39/100
|
|upkeep
|turn|13
|inactive|Nageez has 120 seconds left.
|
|t:|1758255459
|switch|p1a: Fezandipiti|Fezandipiti, M|15/100 par
|move|p2a: Glimmora|Power Gem|p1a: Fezandipiti
|-damage|p1a: Fezandipiti|0 fnt
|faint|p1a: Fezandipiti
|
|upkeep
|inactive|Nageez has 120 seconds left.
|inactive|Nageez has 90 seconds left.
|
|t:|1758255495
|switch|p1a: Zapdos|Zapdos|100/100
|turn|14
|
|t:|1758255503
|move|p1a: Zapdos|Volt Switch|p2a: Glimmora
|-damage|p2a: Glimmora|57/100
|
|t:|1758255515
|switch|p1a: Corviknight|Corviknight, M|100/100|[from] Volt Switch
|-ability|p1a: Corviknight|Pressure
|move|p2a: Glimmora|Power Gem|p1a: Corviknight
|-damage|p1a: Corviknight|57/100
|
|-heal|p1a: Corviknight|63/100|[from] item: Leftovers
|upkeep
|turn|15
|
|t:|1758255527
|switch|p2a: Entei|Entei|62/100 tox
|move|p1a: Corviknight|U-turn|p2a: Entei
|-resisted|p2a: Entei
|-crit|p2a: Entei
|-damage|p2a: Entei|51/100 tox
|inactive|Nageez has 90 seconds left.
|
|t:|1758255542
|switch|p1a: Moltres|Moltres|100/100|[from] U-turn
|
|-damage|p2a: Entei|45/100 tox|[from] psn
|upkeep
|turn|16
|
|t:|1758255551
|move|p2a: Entei|Extreme Speed|p1a: Moltres
|-damage|p1a: Moltres|73/100
|-damage|p2a: Entei|35/100 tox|[from] item: Life Orb
|move|p1a: Moltres|Will-O-Wisp||[still]
|-fail|p1a: Moltres
|
|-damage|p2a: Entei|23/100 tox|[from] psn
|upkeep
|turn|17
|
|t:|1758255559
|move|p2a: Entei|Extreme Speed|p1a: Moltres
|-damage|p1a: Moltres|50/100
|-damage|p2a: Entei|13/100 tox|[from] item: Life Orb
|move|p1a: Moltres|Roost|p1a: Moltres
|-heal|p1a: Moltres|100/100
|-singleturn|p1a: Moltres|move: Roost
|
|-damage|p2a: Entei|0 fnt|[from] psn
|faint|p2a: Entei
|upkeep
|
|t:|1758255580
|switch|p2a: Ogerpon|Ogerpon-Cornerstone, F|65/100 tox
|turn|18
|
|t:|1758255601
|move|p2a: Ogerpon|Ivy Cudgel|p1a: Moltres|[anim] Ivy Cudgel Rock
|-supereffective|p1a: Moltres
|-damage|p1a: Moltres|0 fnt
|faint|p1a: Moltres
|
|-damage|p2a: Ogerpon|59/100 tox|[from] psn
|upkeep
|inactive|Nageez has 90 seconds left.
|
|t:|1758255615
|switch|p1a: Corviknight|Corviknight, M|63/100
|-ability|p1a: Corviknight|Pressure
|turn|19
|
|t:|1758255621
|move|p2a: Ogerpon|Ivy Cudgel|p1a: Corviknight|[anim] Ivy Cudgel Rock
|-damage|p1a: Corviknight|24/100
|move|p1a: Corviknight|Roost|p1a: Corviknight
|-heal|p1a: Corviknight|74/100
|-singleturn|p1a: Corviknight|move: Roost
|
|-heal|p1a: Corviknight|80/100|[from] item: Leftovers
|-damage|p2a: Ogerpon|47/100 tox|[from] psn
|upkeep
|turn|20
|
|t:|1758255631
|move|p2a: Ogerpon|Knock Off|p1a: Corviknight
|-damage|p1a: Corviknight|54/100
|-enditem|p1a: Corviknight|Leftovers|[from] move: Knock Off|[of] p2a: Ogerpon
|move|p1a: Corviknight|Roost|p1a: Corviknight
|-heal|p1a: Corviknight|100/100
|-singleturn|p1a: Corviknight|move: Roost
|
|-damage|p2a: Ogerpon|29/100 tox|[from] psn
|upkeep
|turn|21
|
|t:|1758255645
|switch|p2a: Dragapult|Dragapult, M|100/100
|move|p1a: Corviknight|Roost||[still]
|-fail|p1a: Corviknight|heal
|
|upkeep
|turn|22
|
|t:|1758255660
|move|p2a: Dragapult|Thunder Wave|p1a: Corviknight
|-status|p1a: Corviknight|par
|move|p1a: Corviknight|Brave Bird|p2a: Dragapult
|-damage|p2a: Dragapult|50/100
|-damage|p1a: Corviknight|87/100 par|[from] Recoil
|
|upkeep
|turn|23
|
|t:|1758255666
|move|p2a: Dragapult|Hydro Pump|p1a: Corviknight
|-damage|p1a: Corviknight|53/100 par
|cant|p1a: Corviknight|par
|
|upkeep
|turn|24
|
|t:|1758255672
|move|p2a: Dragapult|Hydro Pump|p1a: Corviknight
|-damage|p1a: Corviknight|16/100 par
|cant|p1a: Corviknight|par
|
|upkeep
|turn|25
|
|t:|1758255686
|move|p2a: Dragapult|Hydro Pump|p1a: Corviknight
|-damage|p1a: Corviknight|0 fnt
|faint|p1a: Corviknight
|
|upkeep
|
|t:|1758255692
|switch|p1a: Skarmory|Skarmory, F|39/100
|turn|26
|
|t:|1758255699
|move|p2a: Dragapult|Hydro Pump|p1a: Skarmory|[miss]
|-miss|p2a: Dragapult|p1a: Skarmory
|move|p1a: Skarmory|Spikes|p2a: Dragapult
|-sidestart|p2: Allheckers|Spikes
|
|upkeep
|turn|27
|inactive|Nageez has 120 seconds left.
|
|t:|1758255706
|move|p2a: Dragapult|Hydro Pump|p1a: Skarmory
|-crit|p1a: Skarmory
|-damage|p1a: Skarmory|0 fnt
|faint|p1a: Skarmory
|
|upkeep
|
|t:|1758255711
|switch|p1a: Mandibuzz|Mandibuzz, F|25/100
|turn|28
|
|t:|1758255715
|move|p2a: Dragapult|Draco Meteor|p1a: Mandibuzz
|-damage|p1a: Mandibuzz|0 fnt
|-unboost|p2a: Dragapult|spa|2
|faint|p1a: Mandibuzz
|
|upkeep
|
|t:|1758255720
|switch|p1a: Zapdos|Zapdos|100/100
|turn|29
|
|t:|1758255725
|move|p2a: Dragapult|Draco Meteor|p1a: Zapdos
|-damage|p1a: Zapdos|64/100
|-unboost|p2a: Dragapult|spa|2
|move|p1a: Zapdos|Hurricane|p2a: Dragapult
|-damage|p2a: Dragapult|0 fnt
|faint|p2a: Dragapult
|
|upkeep
|
|t:|1758255728
|switch|p2a: Glimmora|Glimmora, M, shiny|57/100
|-damage|p2a: Glimmora|44/100|[from] Spikes
|turn|30
|
|t:|1758255742
|move|p1a: Zapdos|Volt Switch|p2a: Glimmora
|-damage|p2a: Glimmora|0 fnt
|faint|p2a: Glimmora
|
|upkeep
|
|t:|1758255746
|switch|p2a: Scizor|Scizor, F|100/100
|-damage|p2a: Scizor|88/100|[from] Spikes
|turn|31
|
|t:|1758255752
|-terastallize|p1a: Zapdos|Fire
|move|p2a: Scizor|Bullet Punch|p1a: Zapdos
|-resisted|p1a: Zapdos
|-damage|p1a: Zapdos|31/100
|move|p1a: Zapdos|Heat Wave|p2a: Scizor
|-supereffective|p2a: Scizor
|-damage|p2a: Scizor|0 fnt
|faint|p2a: Scizor
|
|upkeep
|
|t:|1758255754
|switch|p2a: Ogerpon|Ogerpon-Cornerstone, F|29/100 tox
|-damage|p2a: Ogerpon|17/100 tox|[from] Spikes
|turn|32
|
|t:|1758255782
|-terastallize|p2a: Ogerpon|Rock
|detailschange|p2a: Ogerpon|Ogerpon-Cornerstone-Tera, F, tera:Rock
|-ability|p2a: Ogerpon|Embody Aspect (Cornerstone)|boost
|-boost|p2a: Ogerpon|def|1
|move|p1a: Zapdos|Volt Switch|p2a: Ogerpon
|-crit|p2a: Ogerpon
|-damage|p2a: Ogerpon|0 fnt
|faint|p2a: Ogerpon
|detailschange|p2: Ogerpon|Ogerpon-Cornerstone, F|[silent]
|
|win|Nageez
|raw|Nageez's rating: 1096 &rarr; <strong>1117</strong><br />(+21 for winning)
|raw|Allheckers's rating: 1037 &rarr; <strong>1024</strong><br />(-13 for losing)
|l|☆Allheckers
|player|p2|
