|j|☆Unishper
|j|☆tehsterhsterh
|t:|1758342340
|gametype|singles
|player|p1|Unishper|1|1111
|player|p2|tehsterhsterh|pokekid|1120
|gen|9
|tier|[Gen 9] OU
|rated|
|rule|HP Percentage Mod: HP is shown in percentages
|rule|Endless Battle Clause: Forcing endless battles is banned
|rule|Species Clause: Limit one of each Pokémon
|rule|OHKO Clause: OHKO moves are banned
|rule|Evasion Items Clause: Evasion items are banned
|rule|Evasion Moves Clause: Evasion moves are banned
|rule|Evasion Abilities Clause: Evasion abilities are banned
|rule|Sleep Moves Clause: Sleep-inducing moves are banned
|clearpoke
|poke|p1|Raichu-Alola, F|
|poke|p1|Ursaluna, F|
|poke|p1|Kommo-o, F|
|poke|p1|Quaquaval, F|
|poke|p1|Politoed, M|
|poke|p1|Blaziken, M|
|poke|p2|Lokix, M|
|poke|p2|Alomomola, M|
|poke|p2|Slowking-Galar, M|
|poke|p2|Gliscor, F|
|poke|p2|Cinderace, F|
|poke|p2|Drifblim, M|
|teampreview
|inactive|Battle timer is ON: inactive players will automatically lose when time's up. (requested by Unishper)
|
|t:|1758342405
|teamsize|p1|6
|teamsize|p2|6
|start
|switch|p1a: Politoed|Politoed, M|100/100
|switch|p2a: Lokix|Lokix, M|100/100
|-weather|RainDance|[from] ability: Drizzle|[of] p1a: Politoed
|turn|1
|
|t:|1758342417
|-terastallize|p2a: Lokix|Bug
|move|p2a: Lokix|U-turn|p1a: Politoed
|-damage|p1a: Politoed|39/100
|
|t:|1758342427
|switch|p2a: Slowking|Slowking-Galar, M|100/100|[from] U-turn
|move|p1a: Politoed|Weather Ball|p2a: Slowking
|-damage|p2a: Slowking|71/100
|
|-weather|RainDance|[upkeep]
|-heal|p2a: Slowking|77/100|[from] item: Black Sludge
|upkeep
|turn|2
|
|t:|1758342437
|move|p1a: Politoed|Weather Ball|p2a: Slowking
|-damage|p2a: Slowking|52/100
|-prepare|p2a: Slowking|Chilly Reception|[premajor]
|move|p2a: Slowking|Chilly Reception|p2a: Slowking
|-weather|Snowscape
|
|t:|1758342442
|switch|p2a: Lokix|Lokix, M, tera:Bug|100/100|[from] Chilly Reception
|
|-weather|Snowscape|[upkeep]
|upkeep
|turn|3
|
|t:|1758342452
|move|p2a: Lokix|U-turn|p1a: Politoed
|-damage|p1a: Politoed|0 fnt
|faint|p1a: Politoed
|
|t:|1758342463
|switch|p2a: Cinderace|Cinderace, F|100/100|[from] U-turn
|
|-weather|Snowscape|[upkeep]
|upkeep
|
|t:|1758342471
|switch|p1a: Quaquaval|Quaquaval, F|100/100
|turn|4
|
|t:|1758342486
|move|p2a: Cinderace|U-turn|p1a: Quaquaval
|-start|p2a: Cinderace|typechange|Bug|[from] ability: Libero
|-resisted|p1a: Quaquaval
|-damage|p1a: Quaquaval|78/100
|
|t:|1758342487
|switch|p2a: Alomomola|Alomomola, M|100/100|[from] U-turn
|move|p1a: Quaquaval|Swords Dance|p1a: Quaquaval
|-boost|p1a: Quaquaval|atk|2
|
|-weather|Snowscape|[upkeep]
|upkeep
|turn|5
|
|t:|1758342502
|move|p1a: Quaquaval|Knock Off|p2a: Alomomola
|-damage|p2a: Alomomola|61/100
|-enditem|p2a: Alomomola|Focus Sash|[from] move: Knock Off|[of] p1a: Quaquaval
|move|p2a: Alomomola|Flip Turn|p1a: Quaquaval
|-resisted|p1a: Quaquaval
|-damage|p1a: Quaquaval|67/100
|
|t:|1758342508
|switch|p2a: Cinderace|Cinderace, F|100/100|[from] Flip Turn
|
|-weather|Snowscape|[upkeep]
|upkeep
|turn|6
|
|t:|1758342513
|move|p2a: Cinderace|U-turn|p1a: Quaquaval
|-start|p2a: Cinderace|typechange|Bug|[from] ability: Libero
|-resisted|p1a: Quaquaval
|-damage|p1a: Quaquaval|43/100
|
|t:|1758342515
|switch|p2a: Alomomola|Alomomola, M|94/100|[from] U-turn
|move|p1a: Quaquaval|Aqua Step|p2a: Alomomola
|-resisted|p2a: Alomomola
|-damage|p2a: Alomomola|72/100
|-boost|p1a: Quaquaval|spe|1
|
|-weather|none
|upkeep
|turn|7
|
|t:|1758342527
|switch|p2a: Slowking|Slowking-Galar, M|85/100
|move|p1a: Quaquaval|Swords Dance|p1a: Quaquaval
|-boost|p1a: Quaquaval|atk|2
|
|-heal|p2a: Slowking|91/100|[from] item: Black Sludge
|upkeep
|turn|8
|
|t:|1758342544
|switch|p2a: Gliscor|Gliscor, F|100/100
|move|p1a: Quaquaval|Knock Off|p2a: Gliscor
|-damage|p2a: Gliscor|24/100
|-enditem|p2a: Gliscor|Toxic Orb|[from] move: Knock Off|[of] p1a: Quaquaval
|
|upkeep
|turn|9
|
|t:|1758342553
|move|p1a: Quaquaval|Knock Off|p2a: Gliscor
|-damage|p2a: Gliscor|0 fnt
|faint|p2a: Gliscor
|-ability|p1a: Quaquaval|Moxie|boost
|-boost|p1a: Quaquaval|atk|1
|
|upkeep
|
|t:|1758342555
|switch|p2a: Lokix|Lokix, M, tera:Bug|100/100
|turn|10
|
|t:|1758342564
|move|p2a: Lokix|First Impression|p1a: Quaquaval
|-resisted|p1a: Quaquaval
|-damage|p1a: Quaquaval|0 fnt
|faint|p1a: Quaquaval
|
|upkeep
|
|t:|1758342570
|switch|p1a: Blaziken|Blaziken, M|100/100
|turn|11
|
|t:|1758342574
|switch|p2a: Alomomola|Alomomola, M|100/100
|move|p1a: Blaziken|Blaze Kick|p2a: Alomomola
|-resisted|p2a: Alomomola
|-damage|p2a: Alomomola|89/100
|
|-ability|p1a: Blaziken|Speed Boost|boost
|-boost|p1a: Blaziken|spe|1
|upkeep
|turn|12
|
|t:|1758342583
|move|p1a: Blaziken|Protect|p1a: Blaziken
|-singleturn|p1a: Blaziken|Protect
|move|p2a: Alomomola|Scald|p1a: Blaziken
|-activate|p1a: Blaziken|move: Protect
|
|-ability|p1a: Blaziken|Speed Boost|boost
|-boost|p1a: Blaziken|spe|1
|upkeep
|turn|13
|
|t:|1758342596
|move|p1a: Blaziken|Close Combat|p2a: Alomomola
|-damage|p2a: Alomomola|54/100
|-unboost|p1a: Blaziken|def|1
|-unboost|p1a: Blaziken|spd|1
|move|p2a: Alomomola|Scald|p1a: Blaziken
|-supereffective|p1a: Blaziken
|-damage|p1a: Blaziken|33/100
|
|-ability|p1a: Blaziken|Speed Boost|boost
|-boost|p1a: Blaziken|spe|1
|upkeep
|turn|14
|
|t:|1758342609
|move|p1a: Blaziken|Close Combat|p2a: Alomomola
|-damage|p2a: Alomomola|20/100
|-unboost|p1a: Blaziken|def|1
|-unboost|p1a: Blaziken|spd|1
|move|p2a: Alomomola|Wish|p2a: Alomomola
|
|-ability|p1a: Blaziken|Speed Boost|boost
|-boost|p1a: Blaziken|spe|1
|upkeep
|turn|15
|
|t:|1758342618
|move|p2a: Alomomola|Protect|p2a: Alomomola
|-singleturn|p2a: Alomomola|Protect
|move|p1a: Blaziken|Close Combat|p2a: Alomomola
|-activate|p2a: Alomomola|move: Protect
|
|-heal|p2a: Alomomola|70/100|[from] move: Wish|[wisher] Alomomola
|-ability|p1a: Blaziken|Speed Boost|boost
|-boost|p1a: Blaziken|spe|1
|upkeep
|turn|16
|
|t:|1758342635
|move|p1a: Blaziken|Close Combat|p2a: Alomomola
|-damage|p2a: Alomomola|33/100
|-unboost|p1a: Blaziken|def|1
|-unboost|p1a: Blaziken|spd|1
|move|p2a: Alomomola|Wish|p2a: Alomomola
|
|-ability|p1a: Blaziken|Speed Boost|boost
|-boost|p1a: Blaziken|spe|1
|upkeep
|turn|17
|
|t:|1758342656
|switch|p1a: Raichu|Raichu-Alola, F|100/100
|move|p2a: Alomomola|Protect||[still]
|-fail|p2a: Alomomola
|
|-heal|p2a: Alomomola|83/100|[from] move: Wish|[wisher] Alomomola
|upkeep
|turn|18
|
|t:|1758342664
|switch|p2a: Slowking|Slowking-Galar, M|100/100
|move|p1a: Raichu|Nasty Plot|p1a: Raichu
|-boost|p1a: Raichu|spa|2
|
|upkeep
|turn|19
|
|t:|1758342672
|move|p1a: Raichu|Psychic|p2a: Slowking
|-damage|p2a: Slowking|45/100
|-damage|p1a: Raichu|91/100|[from] item: Life Orb
|move|p2a: Slowking|Shadow Ball|p1a: Raichu
|-supereffective|p1a: Raichu
|-damage|p1a: Raichu|32/100
|
|-heal|p2a: Slowking|51/100|[from] item: Black Sludge
|upkeep
|turn|20
|
|t:|1758342682
|switch|p2a: Cinderace|Cinderace, F|100/100
|move|p1a: Raichu|Psychic|p2a: Cinderace
|-damage|p2a: Cinderace|0 fnt
|faint|p2a: Cinderace
|-damage|p1a: Raichu|22/100|[from] item: Life Orb
|
|upkeep
|
|t:|1758342684
|switch|p2a: Lokix|Lokix, M, tera:Bug|100/100
|turn|21
|
|t:|1758342695
|move|p2a: Lokix|First Impression|p1a: Raichu
|-supereffective|p1a: Raichu
|-damage|p1a: Raichu|0 fnt
|faint|p1a: Raichu
|
|upkeep
|
|t:|1758342701
|switch|p1a: Blaziken|Blaziken, M|33/100
|turn|22
|
|t:|1758342705
|switch|p2a: Alomomola|Alomomola, M|100/100
|move|p1a: Blaziken|Close Combat|p2a: Alomomola
|-damage|p2a: Alomomola|68/100
|-unboost|p1a: Blaziken|def|1
|-unboost|p1a: Blaziken|spd|1
|
|-ability|p1a: Blaziken|Speed Boost|boost
|-boost|p1a: Blaziken|spe|1
|upkeep
|turn|23
|
|t:|1758342716
|move|p1a: Blaziken|Protect|p1a: Blaziken
|-singleturn|p1a: Blaziken|Protect
|move|p2a: Alomomola|Flip Turn|p1a: Blaziken
|-activate|p1a: Blaziken|move: Protect
|
|-ability|p1a: Blaziken|Speed Boost|boost
|-boost|p1a: Blaziken|spe|1
|upkeep
|turn|24
|
|t:|1758342725
|move|p1a: Blaziken|Close Combat|p2a: Alomomola
|-crit|p2a: Alomomola
|-damage|p2a: Alomomola|14/100
|-unboost|p1a: Blaziken|def|1
|-unboost|p1a: Blaziken|spd|1
|move|p2a: Alomomola|Flip Turn|p1a: Blaziken
|-supereffective|p1a: Blaziken
|-damage|p1a: Blaziken|0 fnt
|faint|p1a: Blaziken
|
|t:|1758342734
|switch|p2a: Lokix|Lokix, M, tera:Bug|100/100|[from] Flip Turn
|
|upkeep
|
|t:|1758342743
|switch|p1a: Kommo-o|Kommo-o, F|100/100
|turn|25
|
|t:|1758342746
|move|p2a: Lokix|U-turn|p1a: Kommo-o
|-resisted|p1a: Kommo-o
|-damage|p1a: Kommo-o|46/100
|
|t:|1758342749
|switch|p2a: Alomomola|Alomomola, M|47/100|[from] U-turn
|move|p1a: Kommo-o|Dragon Dance|p1a: Kommo-o
|-boost|p1a: Kommo-o|atk|1
|-boost|p1a: Kommo-o|spe|1
|
|upkeep
|turn|26
|
|t:|1758342757
|move|p1a: Kommo-o|Scale Shot|p2a: Alomomola
|-damage|p2a: Alomomola|38/100
|-damage|p2a: Alomomola|29/100
|-damage|p2a: Alomomola|20/100
|-damage|p2a: Alomomola|10/100
|-hitcount|p2a: Alomomola|4
|-unboost|p1a: Kommo-o|def|1
|-boost|p1a: Kommo-o|spe|1
|move|p2a: Alomomola|Flip Turn|p1a: Kommo-o
|-resisted|p1a: Kommo-o
|-damage|p1a: Kommo-o|36/100
|
|t:|1758342759
|switch|p2a: Lokix|Lokix, M, tera:Bug|100/100|[from] Flip Turn
|
|upkeep
|turn|27
|
|t:|1758342776
|move|p2a: Lokix|First Impression|p1a: Kommo-o
|-resisted|p1a: Kommo-o
|-damage|p1a: Kommo-o|0 fnt
|faint|p1a: Kommo-o
|
|upkeep
|
|t:|1758342781
|switch|p1a: Ursaluna|Ursaluna, F|100/100
|turn|28
|
|t:|1758342786
|switch|p2a: Drifblim|Drifblim, M|100/100
|-terastallize|p1a: Ursaluna|Normal
|move|p1a: Ursaluna|Bulk Up|p1a: Ursaluna
|-boost|p1a: Ursaluna|atk|1
|-boost|p1a: Ursaluna|def|1
|
|-status|p1a: Ursaluna|brn|[from] item: Flame Orb
|upkeep
|turn|29
|
|t:|1758342798
|move|p2a: Drifblim|Strength Sap|p1a: Ursaluna
|-unboost|p1a: Ursaluna|atk|1
|move|p1a: Ursaluna|Headlong Rush|p2a: Drifblim
|-immune|p2a: Drifblim
|
|-damage|p1a: Ursaluna|94/100 brn|[from] brn
|upkeep
|turn|30
|l|☆Unishper
|inactive|Unishper disconnected and has a minute to reconnect!
|player|p1|
|inactive|Unishper has 30 seconds to reconnect!
|inactive|Unishper has 20 seconds to reconnect!
|inactive|Unishper has 15 seconds to reconnect!
|inactive|Unishper has 10 seconds to reconnect!
|inactive|Unishper has 5 seconds to reconnect!
|-message|tehsterhsterh forfeited.
|
|win|Unishper
|raw|Unishper's rating: 1111 &rarr; <strong>1135</strong><br />(+24 for winning)
|raw|tehsterhsterh's rating: 1095 &rarr; <strong>1072</strong><br />(-23 for losing)
|l|☆tehsterhsterh
|player|p2|
