|j|☆Koveted
|j|☆redthekiller22
|t:|1758264171
|gametype|singles
|player|p1|Koveted|boarder|1190
|player|p2|redthekiller22|red|1174
|gen|9
|tier|[Gen 9] OU
|rated|
|rule|HP Percentage Mod: HP is shown in percentages
|rule|Endless Battle Clause: Forcing endless battles is banned
|rule|Species Clause: Limit one of each Pokémon
|rule|OHKO Clause: OHKO moves are banned
|rule|Evasion Items Clause: Evasion items are banned
|rule|Evasion Moves Clause: Evasion moves are banned
|rule|Evasion Abilities Clause: Evasion abilities are banned
|rule|Sleep Moves Clause: Sleep-inducing moves are banned
|clearpoke
|poke|p1|Great Tusk|
|poke|p1|Walking Wake|
|poke|p1|Grimmsnarl, M|
|poke|p1|Ceruledge, F|
|poke|p1|Torkoal, F|
|poke|p1|Corviknight, M|
|poke|p2|Hatterene, F|
|poke|p2|Ursaluna, F|
|poke|p2|Porygon2|
|poke|p2|Cresselia, F|
|poke|p2|Iron Hands|
|poke|p2|Volcanion|
|teampreview
|inactive|Battle timer is ON: inactive players will automatically lose when time's up. (requested by Koveted)
|
|t:|1758264187
|teamsize|p1|6
|teamsize|p2|6
|start
|switch|p1a: Corviknight|Corviknight, M, shiny|100/100
|switch|p2a: Cresselia|Cresselia, F|100/100
|turn|1
|
|t:|1758264193
|switch|p1a: Grimmsnarl|Grimmsnarl, M|100/100
|move|p2a: Cresselia|Trick Room|p2a: Cresselia
|-fieldstart|move: Trick Room|[of] p2a: Cresselia
|
|upkeep
|turn|2
|
|t:|1758264212
|switch|p2a: Hatterene|Hatterene, F|100/100
|move|p1a: Grimmsnarl|Trick|p2a: Hatterene
|-activate|p1a: Grimmsnarl|move: Trick|[of] p2a: Hatterene
|-item|p2a: Hatterene|Choice Specs|[from] move: Trick
|-item|p1a: Grimmsnarl|Leftovers|[from] move: Trick
|
|upkeep
|turn|3
|
|t:|1758264223
|move|p1a: Grimmsnarl|Thunder Wave|p2a: Hatterene
|move|p2a: Hatterene|Thunder Wave|p1a: Grimmsnarl|[from] ability: Magic Bounce
|-status|p1a: Grimmsnarl|par
|move|p2a: Hatterene|Draining Kiss|p1a: Grimmsnarl
|-supereffective|p1a: Grimmsnarl
|-damage|p1a: Grimmsnarl|49/100 par
|
|-heal|p1a: Grimmsnarl|55/100 par|[from] item: Leftovers
|upkeep
|turn|4
|
|t:|1758264249
|switch|p1a: Corviknight|Corviknight, M, shiny|100/100
|move|p2a: Hatterene|Draining Kiss|p1a: Corviknight
|-resisted|p1a: Corviknight
|-damage|p1a: Corviknight|83/100
|-damage|p2a: Hatterene|84/100|[from] item: Rocky Helmet|[of] p1a: Corviknight
|
|upkeep
|turn|5
|
|t:|1758264261
|switch|p2a: Cresselia|Cresselia, F|100/100
|move|p1a: Corviknight|Iron Defense|p1a: Corviknight
|-boost|p1a: Corviknight|def|2
|
|-fieldend|move: Trick Room
|upkeep
|turn|6
|
|t:|1758264273
|switch|p1a: Grimmsnarl|Grimmsnarl, M|55/100 par
|move|p2a: Cresselia|Trick Room|p2a: Cresselia
|-fieldstart|move: Trick Room|[of] p2a: Cresselia
|
|-heal|p1a: Grimmsnarl|61/100 par|[from] item: Leftovers
|upkeep
|turn|7
|
|t:|1758264288
|switch|p1a: Torkoal|Torkoal, F|100/100
|-weather|SunnyDay|[from] ability: Drought|[of] p1a: Torkoal
|switch|p2a: Hatterene|Hatterene, F|84/100
|
|-weather|SunnyDay|[upkeep]
|upkeep
|turn|8
|
|t:|1758264300
|move|p1a: Torkoal|Lava Plume|p2a: Hatterene
|-crit|p2a: Hatterene
|-damage|p2a: Hatterene|29/100
|-status|p2a: Hatterene|brn
|move|p2a: Hatterene|Psychic Noise|p1a: Torkoal
|-damage|p1a: Torkoal|32/100
|-start|p1a: Torkoal|move: Heal Block
|
|-weather|SunnyDay|[upkeep]
|-damage|p2a: Hatterene|23/100 brn|[from] brn
|upkeep
|turn|9
|
|t:|1758264313
|switch|p1a: Grimmsnarl|Grimmsnarl, M|61/100 par
|switch|p2a: Cresselia|Cresselia, F|100/100
|
|-weather|SunnyDay|[upkeep]
|-heal|p1a: Grimmsnarl|67/100 par|[from] item: Leftovers
|upkeep
|turn|10
|
|t:|1758264333
|switch|p1a: Great Tusk|Great Tusk|100/100
|-activate|p1a: Great Tusk|ability: Protosynthesis
|-start|p1a: Great Tusk|protosynthesisatk
|switch|p2a: Iron Hands|Iron Hands|100/100
|-enditem|p2a: Iron Hands|Booster Energy
|-activate|p2a: Iron Hands|ability: Quark Drive|[fromitem]
|-start|p2a: Iron Hands|quarkdriveatk
|
|-weather|SunnyDay|[upkeep]
|-fieldend|move: Trick Room
|upkeep
|turn|11
|c|☆redthekiller22|Good
|
|t:|1758264346
|-end|p2a: Iron Hands|Quark Drive|[silent]
|switch|p2a: Cresselia|Cresselia, F|100/100
|move|p1a: Great Tusk|Ice Spinner|p2a: Cresselia
|-damage|p2a: Cresselia|80/100
|
|-weather|SunnyDay|[upkeep]
|upkeep
|turn|12
|
|t:|1758264375
|-end|p1a: Great Tusk|Protosynthesis|[silent]
|switch|p1a: Grimmsnarl|Grimmsnarl, M|67/100 par
|move|p2a: Cresselia|Ice Beam|p1a: Grimmsnarl
|-damage|p1a: Grimmsnarl|55/100 par
|
|-weather|SunnyDay|[upkeep]
|-heal|p1a: Grimmsnarl|61/100 par|[from] item: Leftovers
|upkeep
|turn|13
|
|t:|1758264386
|switch|p2a: Iron Hands|Iron Hands|100/100
|move|p1a: Grimmsnarl|Parting Shot|p2a: Iron Hands
|-unboost|p2a: Iron Hands|atk|1
|-unboost|p2a: Iron Hands|spa|1
|
|t:|1758264400
|switch|p1a: Ceruledge|Ceruledge, F|100/100|[from] Parting Shot
|
|-weather|SunnyDay|[upkeep]
|upkeep
|turn|14
|
|t:|1758264410
|-end|p2a: Iron Hands|Quark Drive|[silent]
|switch|p2a: Porygon2|Porygon2|100/100
|-ability|p2a: Porygon2|Weak Armor|Trace|[from] ability: Trace|[of] p1a: Ceruledge
|move|p1a: Ceruledge|Swords Dance|p1a: Ceruledge
|-boost|p1a: Ceruledge|atk|2
|
|-weather|none
|upkeep
|turn|15
|
|t:|1758264427
|move|p1a: Ceruledge|Bitter Blade|p2a: Porygon2
|-damage|p2a: Porygon2|36/100
|-ability|p2a: Porygon2|Weak Armor|boost
|-unboost|p2a: Porygon2|def|1
|-boost|p2a: Porygon2|spe|2
|move|p2a: Porygon2|Thunder Wave|p1a: Ceruledge
|-status|p1a: Ceruledge|par
|
|upkeep
|turn|16
|
|t:|1758264438
|switch|p2a: Volcanion|Volcanion|100/100
|move|p1a: Ceruledge|Bitter Blade|p2a: Volcanion
|-resisted|p2a: Volcanion
|-damage|p2a: Volcanion|84/100
|
|upkeep
|turn|17
|
|t:|1758264450
|switch|p1a: Torkoal|Torkoal, F|32/100
|-weather|SunnyDay|[from] ability: Drought|[of] p1a: Torkoal
|move|p2a: Volcanion|Earth Power|p1a: Torkoal
|-supereffective|p1a: Torkoal
|-damage|p1a: Torkoal|0 fnt
|faint|p1a: Torkoal
|
|-weather|SunnyDay|[upkeep]
|upkeep
|
|t:|1758264456
|switch|p1a: Walking Wake|Walking Wake|100/100
|-activate|p1a: Walking Wake|ability: Protosynthesis
|-start|p1a: Walking Wake|protosynthesisspe
|turn|18
|
|t:|1758264471
|move|p1a: Walking Wake|Dragon Pulse|p2a: Volcanion
|-damage|p2a: Volcanion|38/100
|move|p2a: Volcanion|Earth Power|p1a: Walking Wake
|-damage|p1a: Walking Wake|58/100
|
|-weather|SunnyDay|[upkeep]
|upkeep
|turn|19
|
|t:|1758264479
|switch|p2a: Hatterene|Hatterene, F|23/100 brn
|move|p1a: Walking Wake|Flamethrower|p2a: Hatterene
|-damage|p2a: Hatterene|0 fnt
|faint|p2a: Hatterene
|
|-weather|SunnyDay|[upkeep]
|upkeep
|
|t:|1758264489
|switch|p2a: Cresselia|Cresselia, F|80/100
|turn|20
|
|t:|1758264495
|move|p1a: Walking Wake|Hydro Steam|p2a: Cresselia
|-damage|p2a: Cresselia|42/100
|move|p2a: Cresselia|Trick Room|p2a: Cresselia
|-fieldstart|move: Trick Room|[of] p2a: Cresselia
|
|-weather|SunnyDay|[upkeep]
|upkeep
|turn|21
|
|t:|1758264509
|move|p2a: Cresselia|Lunar Dance|p2a: Cresselia
|faint|p2a: Cresselia
|move|p1a: Walking Wake|Hydro Steam|p2: Cresselia|[notarget]
|-fail|p1a: Walking Wake
|
|-weather|SunnyDay|[upkeep]
|upkeep
|
|t:|1758264520
|switch|p2a: Porygon2|Porygon2|36/100
|-heal|p2a: Porygon2|100/100|[from] move: Lunar Dance
|turn|22
|
|t:|1758264538
|-end|p1a: Walking Wake|Protosynthesis|[silent]
|switch|p1a: Corviknight|Corviknight, M, shiny|83/100
|-ability|p2a: Porygon2|Mirror Armor|Trace|[from] ability: Trace|[of] p1a: Corviknight
|move|p2a: Porygon2|Tri Attack|p1a: Corviknight
|-resisted|p1a: Corviknight
|-damage|p1a: Corviknight|69/100
|
|-weather|SunnyDay|[upkeep]
|upkeep
|turn|23
|
|t:|1758264545
|move|p2a: Porygon2|Shadow Ball|p1a: Corviknight
|-crit|p1a: Corviknight
|-damage|p1a: Corviknight|41/100
|move|p1a: Corviknight|Iron Defense|p1a: Corviknight
|-boost|p1a: Corviknight|def|2
|
|-weather|SunnyDay|[upkeep]
|upkeep
|turn|24
|
|t:|1758264550
|move|p2a: Porygon2|Shadow Ball|p1a: Corviknight
|-damage|p1a: Corviknight|20/100
|move|p1a: Corviknight|Roost|p1a: Corviknight
|-heal|p1a: Corviknight|70/100
|-singleturn|p1a: Corviknight|move: Roost
|
|-weather|none
|-fieldend|move: Trick Room
|upkeep
|turn|25
|
|t:|1758264555
|move|p1a: Corviknight|Body Press|p2a: Porygon2
|-supereffective|p2a: Porygon2
|-damage|p2a: Porygon2|28/100
|move|p2a: Porygon2|Thunder Wave|p1a: Corviknight|[miss]
|-miss|p2a: Porygon2|p1a: Corviknight
|
|upkeep
|turn|26
|
|t:|1758264561
|move|p1a: Corviknight|Body Press|p2a: Porygon2
|-supereffective|p2a: Porygon2
|-damage|p2a: Porygon2|0 fnt
|faint|p2a: Porygon2
|
|upkeep
|
|t:|1758264564
|switch|p2a: Volcanion|Volcanion|38/100
|turn|27
|
|t:|1758264571
|switch|p1a: Grimmsnarl|Grimmsnarl, M|61/100 par
|move|p2a: Volcanion|Flamethrower|p1a: Grimmsnarl
|-damage|p1a: Grimmsnarl|22/100 par
|
|-heal|p1a: Grimmsnarl|28/100 par|[from] item: Leftovers
|upkeep
|turn|28
|
|t:|1758264582
|move|p1a: Grimmsnarl|Thunder Wave|p2a: Volcanion
|-status|p2a: Volcanion|par
|move|p2a: Volcanion|Sludge Bomb|p1a: Grimmsnarl
|-supereffective|p1a: Grimmsnarl
|-damage|p1a: Grimmsnarl|0 fnt
|faint|p1a: Grimmsnarl
|
|upkeep
|
|t:|1758264596
|switch|p1a: Ceruledge|Ceruledge, F|100/100 par
|turn|29
|
|t:|1758264598
|cant|p1a: Ceruledge|par
|move|p2a: Volcanion|Earth Power|p1a: Ceruledge
|-supereffective|p1a: Ceruledge
|-damage|p1a: Ceruledge|18/100 par
|
|upkeep
|turn|30
|
|t:|1758264604
|move|p1a: Ceruledge|Shadow Sneak|p2a: Volcanion
|-damage|p2a: Volcanion|21/100 par
|move|p2a: Volcanion|Earth Power|p1a: Ceruledge
|-supereffective|p1a: Ceruledge
|-damage|p1a: Ceruledge|0 fnt
|faint|p1a: Ceruledge
|
|upkeep
|
|t:|1758264611
|switch|p1a: Great Tusk|Great Tusk|100/100
|turn|31
|
|t:|1758264635
|move|p1a: Great Tusk|Close Combat|p2a: Volcanion
|-damage|p2a: Volcanion|0 fnt
|-unboost|p1a: Great Tusk|def|1
|-unboost|p1a: Great Tusk|spd|1
|faint|p2a: Volcanion
|
|upkeep
|
|t:|1758264640
|switch|p2a: Ursaluna|Ursaluna, F|100/100
|turn|32
|
|t:|1758264646
|-end|p1a: Great Tusk|Protosynthesis|[silent]
|switch|p1a: Corviknight|Corviknight, M, shiny|70/100
|move|p2a: Ursaluna|Headlong Rush|p1a: Corviknight
|-immune|p1a: Corviknight
|
|-status|p2a: Ursaluna|brn|[from] item: Flame Orb
|upkeep
|turn|33
|
|t:|1758264653
|move|p2a: Ursaluna|Fire Punch|p1a: Corviknight
|-supereffective|p1a: Corviknight
|-damage|p1a: Corviknight|16/100
|-damage|p2a: Ursaluna|84/100 brn|[from] item: Rocky Helmet|[of] p1a: Corviknight
|move|p1a: Corviknight|Iron Defense|p1a: Corviknight
|-boost|p1a: Corviknight|def|2
|
|-damage|p2a: Ursaluna|78/100 brn|[from] brn
|upkeep
|turn|34
|
|t:|1758264658
|switch|p1a: Walking Wake|Walking Wake|58/100
|move|p2a: Ursaluna|Fire Punch|p1a: Walking Wake
|-resisted|p1a: Walking Wake
|-damage|p1a: Walking Wake|44/100
|
|-damage|p2a: Ursaluna|72/100 brn|[from] brn
|upkeep
|turn|35
|
|t:|1758264664
|-terastallize|p2a: Ursaluna|Normal
|move|p1a: Walking Wake|Hydro Steam|p2a: Ursaluna
|-damage|p2a: Ursaluna|29/100 brn
|move|p2a: Ursaluna|Facade|p1a: Walking Wake
|-damage|p1a: Walking Wake|0 fnt
|faint|p1a: Walking Wake
|-end|p1a: Walking Wake|Protosynthesis|[silent]
|
|-damage|p2a: Ursaluna|22/100 brn|[from] brn
|upkeep
|
|t:|1758264676
|switch|p1a: Corviknight|Corviknight, M, shiny|16/100
|turn|36
|
|t:|1758264681
|-terastallize|p1a: Corviknight|Ground
|move|p2a: Ursaluna|Fire Punch|p1a: Corviknight
|-damage|p1a: Corviknight|0 fnt
|-damage|p2a: Ursaluna|6/100 brn|[from] item: Rocky Helmet|[of] p1a: Corviknight
|faint|p1a: Corviknight
|
|-damage|p2a: Ursaluna|0 fnt|[from] brn
|faint|p2a: Ursaluna
|upkeep
|
|t:|1758264687
|switch|p2a: Iron Hands|Iron Hands|100/100
|switch|p1a: Great Tusk|Great Tusk|100/100
|turn|37
|
|t:|1758264694
|move|p1a: Great Tusk|Headlong Rush|p2a: Iron Hands
|-supereffective|p2a: Iron Hands
|-damage|p2a: Iron Hands|3/100
|-unboost|p1a: Great Tusk|def|1
|-unboost|p1a: Great Tusk|spd|1
|move|p2a: Iron Hands|Ice Punch|p1a: Great Tusk
|-supereffective|p1a: Great Tusk
|-damage|p1a: Great Tusk|40/100
|
|upkeep
|turn|38
|
|t:|1758264703
|move|p1a: Great Tusk|Headlong Rush|p2a: Iron Hands
|-supereffective|p2a: Iron Hands
|-damage|p2a: Iron Hands|0 fnt
|-unboost|p1a: Great Tusk|def|1
|-unboost|p1a: Great Tusk|spd|1
|faint|p2a: Iron Hands
|-end|p2a: Iron Hands|Quark Drive|[silent]
|
|win|Koveted
|raw|Koveted's rating: 1190 &rarr; <strong>1214</strong><br />(+24 for winning)
|raw|redthekiller22's rating: 1174 &rarr; <strong>1150</strong><br />(-24 for losing)
|l|☆redthekiller22
|player|p2|
|l|☆Koveted
|player|p1|
