|j|☆XDatboiiX
|j|☆freakoffweeb
|t:|1758305681
|gametype|singles
|player|p1|XDatboiiX|265|1469
|player|p2|freakoffweeb|101|1462
|gen|9
|tier|[Gen 9] OU
|rated|
|rule|HP Percentage Mod: HP is shown in percentages
|rule|Endless Battle Clause: Forcing endless battles is banned
|rule|Species Clause: Limit one of each Pokémon
|rule|OHKO Clause: OHKO moves are banned
|rule|Evasion Items Clause: Evasion items are banned
|rule|Evasion Moves Clause: Evasion moves are banned
|rule|Evasion Abilities Clause: Evasion abilities are banned
|rule|Sleep Moves Clause: Sleep-inducing moves are banned
|clearpoke
|poke|p1|Serperior, F|
|poke|p1|Dragonite, F|
|poke|p1|Gliscor, M|
|poke|p1|Dondozo, F|
|poke|p1|Scizor, F|
|poke|p1|Pecharunt|
|poke|p2|Ogerpon-Wellspring, F|
|poke|p2|Pecharunt|
|poke|p2|Weavile, M|
|poke|p2|Great Tusk|
|poke|p2|Zapdos|
|poke|p2|Ting-Lu|
|teampreview
|inactive|Battle timer is ON: inactive players will automatically lose when time's up. (requested by freakoffweeb)
|inactive|freakoffweeb has 120 seconds left.
|
|t:|1758305722
|teamsize|p1|6
|teamsize|p2|6
|start
|switch|p1a: Scizor|Scizor, F|100/100
|switch|p2a: Zapdos|Zapdos|100/100
|turn|1
|
|t:|1758305741
|move|p2a: Zapdos|Heat Wave|p1a: Scizor
|-supereffective|p1a: Scizor
|-damage|p1a: Scizor|0 fnt
|faint|p1a: Scizor
|
|upkeep
|
|t:|1758305757
|switch|p1a: Pecharunt|Pecharunt|100/100
|turn|2
|inactive|XDatboiiX has 120 seconds left.
|
|t:|1758305798
|move|p2a: Zapdos|Volt Switch|p1a: Pecharunt
|-damage|p1a: Pecharunt|68/100
|
|t:|1758305803
|switch|p2a: Pecharunt|Pecharunt|100/100|[from] Volt Switch
|move|p1a: Pecharunt|Parting Shot|p2a: Pecharunt
|-unboost|p2a: Pecharunt|atk|1
|-unboost|p2a: Pecharunt|spa|1
|
|t:|1758305817
|switch|p1a: Serperior|Serperior, F|100/100|[from] Parting Shot
|
|upkeep
|turn|3
|
|t:|1758305835
|move|p1a: Serperior|Glare|p2a: Pecharunt
|-status|p2a: Pecharunt|par
|move|p2a: Pecharunt|Malignant Chain|p1a: Serperior
|-supereffective|p1a: Serperior
|-damage|p1a: Serperior|45/100
|-status|p1a: Serperior|tox
|-start|p1a: Serperior|confusion|[from] ability: Poison Puppeteer|[of] p2a: Pecharunt
|
|-heal|p1a: Serperior|51/100 tox|[from] item: Leftovers
|-damage|p1a: Serperior|45/100 tox|[from] psn
|upkeep
|turn|4
|inactive|XDatboiiX has 90 seconds left.
|
|t:|1758305861
|switch|p1a: Dondozo|Dondozo, F|100/100
|switch|p2a: Zapdos|Zapdos|100/100
|
|upkeep
|turn|5
|inactive|XDatboiiX has 90 seconds left.
|
|t:|1758305875
|-terastallize|p1a: Dondozo|Fire
|move|p2a: Zapdos|Hurricane|p1a: Dondozo|[miss]
|-miss|p2a: Zapdos|p1a: Dondozo
|move|p1a: Dondozo|Curse|p1a: Dondozo
|-unboost|p1a: Dondozo|spe|1
|-boost|p1a: Dondozo|atk|1
|-boost|p1a: Dondozo|def|1
|
|upkeep
|turn|6
|inactive|XDatboiiX has 90 seconds left.
|
|t:|1758305884
|move|p2a: Zapdos|Hurricane|p1a: Dondozo
|-damage|p1a: Dondozo|66/100
|move|p1a: Dondozo|Curse|p1a: Dondozo
|-unboost|p1a: Dondozo|spe|1
|-boost|p1a: Dondozo|atk|1
|-boost|p1a: Dondozo|def|1
|
|-heal|p1a: Dondozo|72/100|[from] item: Leftovers
|upkeep
|turn|7
|inactive|XDatboiiX has 90 seconds left.
|
|t:|1758305903
|move|p2a: Zapdos|Hurricane|p1a: Dondozo
|-damage|p1a: Dondozo|41/100
|move|p1a: Dondozo|Rest|p1a: Dondozo
|-status|p1a: Dondozo|slp|[from] move: Rest
|-heal|p1a: Dondozo|100/100 slp|[silent]
|
|upkeep
|turn|8
|inactive|XDatboiiX has 90 seconds left.
|
|t:|1758305911
|move|p2a: Zapdos|Volt Switch|p1a: Dondozo
|-damage|p1a: Dondozo|78/100 slp
|
|t:|1758305914
|switch|p2a: Ogerpon|Ogerpon-Wellspring, F|100/100|[from] Volt Switch
|cant|p1a: Dondozo|slp
|move|p1a: Dondozo|Sleep Talk|p1a: Dondozo
|move|p1a: Dondozo|Waterfall|p2a: Ogerpon|[from] move: Sleep Talk
|-immune|p2a: Ogerpon|[from] ability: Water Absorb
|
|-heal|p1a: Dondozo|84/100 slp|[from] item: Leftovers
|upkeep
|turn|9
|inactive|XDatboiiX has 90 seconds left.
|
|t:|1758305945
|move|p2a: Ogerpon|Spikes|p1a: Dondozo
|-sidestart|p1: XDatboiiX|Spikes
|cant|p1a: Dondozo|slp
|move|p1a: Dondozo|Sleep Talk|p1a: Dondozo
|move|p1a: Dondozo|Curse|p1a: Dondozo|[from] move: Sleep Talk
|-unboost|p1a: Dondozo|spe|1
|-boost|p1a: Dondozo|atk|1
|-boost|p1a: Dondozo|def|1
|
|-heal|p1a: Dondozo|91/100 slp|[from] item: Leftovers
|upkeep
|turn|10
|inactive|XDatboiiX has 60 seconds left.
|-message|XDatboiiX forfeited.
|
|win|freakoffweeb
|raw|XDatboiiX's rating: 1469 &rarr; <strong>1450</strong><br />(-19 for losing)
|raw|freakoffweeb's rating: 1481 &rarr; <strong>1500</strong><br />(+19 for winning)
|l|☆XDatboiiX
|player|p1|
