|j|☆seethemalldie
|j|☆Eclomi
|t:|1758293525
|gametype|singles
|player|p1|seethemalldie|170|1266
|player|p2|Eclomi|iris|1228
|gen|9
|tier|[Gen 9] OU
|rated|
|rule|HP Percentage Mod: HP is shown in percentages
|rule|Endless Battle Clause: Forcing endless battles is banned
|rule|Species Clause: Limit one of each Pokémon
|rule|OHKO Clause: OHKO moves are banned
|rule|Evasion Items Clause: Evasion items are banned
|rule|Evasion Moves Clause: Evasion moves are banned
|rule|Evasion Abilities Clause: Evasion abilities are banned
|rule|Sleep Moves Clause: Sleep-inducing moves are banned
|clearpoke
|poke|p1|Scizor, M|
|poke|p1|Toxtricity-Low-Key, M|
|poke|p1|Hydreigon, F|
|poke|p1|Iron Valiant|
|poke|p1|Ogerpon-Wellspring, F|
|poke|p1|Arcanine-Hisui, M|
|poke|p2|Alomomola, M|
|poke|p2|Clodsire, M|
|poke|p2|Garganacl, F|
|poke|p2|Corviknight, M|
|poke|p2|Gholdengo|
|poke|p2|Glimmora, F|
|teampreview
|inactive|Battle timer is ON: inactive players will automatically lose when time's up. (requested by Eclomi)
|inactive|seethemalldie also wants the timer to be on.
|
|t:|1758293531
|teamsize|p1|6
|teamsize|p2|6
|start
|switch|p1a: Trip|Hydreigon, F, shiny|100/100
|switch|p2a: Glimmora|Glimmora, F|100/100
|-item|p2a: Glimmora|Air Balloon
|turn|1
|
|t:|1758293545
|move|p1a: Trip|Tailwind|p1a: Trip
|-sidestart|p1: seethemalldie|move: Tailwind
|move|p2a: Glimmora|Stealth Rock|p1a: Trip
|-sidestart|p1: seethemalldie|move: Stealth Rock
|
|upkeep
|turn|2
|
|t:|1758293551
|move|p1a: Trip|Draco Meteor|p2a: Glimmora
|-damage|p2a: Glimmora|7/100
|-unboost|p1a: Trip|spa|2
|-enditem|p2a: Glimmora|Air Balloon
|-enditem|p1a: Trip|Eject Pack
|
|t:|1758293577
|switch|p1a: Solid|Scizor, M|100/100
|-damage|p1a: Solid|88/100|[from] Stealth Rock
|move|p2a: Glimmora|Toxic|p1a: Solid
|-status|p1a: Solid|tox
|
|-damage|p1a: Solid|82/100 tox|[from] psn
|upkeep
|turn|3
|
|t:|1758293590
|switch|p2a: Clodsire|Clodsire, M|100/100
|move|p1a: Solid|Swords Dance|p1a: Solid
|-boost|p1a: Solid|atk|2
|
|-damage|p1a: Solid|70/100 tox|[from] psn
|upkeep
|turn|4
|
|t:|1758293601
|move|p1a: Solid|Swords Dance|p1a: Solid
|-boost|p1a: Solid|atk|2
|move|p2a: Clodsire|Earthquake|p1a: Solid
|-damage|p1a: Solid|44/100 tox
|
|-damage|p1a: Solid|26/100 tox|[from] psn
|-sideend|p1: seethemalldie|move: Tailwind
|upkeep
|turn|5
|
|t:|1758293610
|move|p1a: Solid|Knock Off|p2a: Clodsire
|-damage|p2a: Clodsire|70/100
|-enditem|p2a: Clodsire|Leftovers|[from] move: Knock Off|[of] p1a: Solid
|move|p2a: Clodsire|Earthquake|p1a: Solid
|-damage|p1a: Solid|2/100 tox
|
|-damage|p1a: Solid|0 fnt|[from] psn
|faint|p1a: Solid
|upkeep
|
|t:|1758293623
|switch|p1a: Chili|Toxtricity-Low-Key, M|100/100
|-damage|p1a: Chili|88/100|[from] Stealth Rock
|turn|6
|
|t:|1758293631
|-terastallize|p1a: Chili|Normal
|move|p1a: Chili|Boomburst|p2a: Clodsire
|-damage|p2a: Clodsire|0 fnt
|faint|p2a: Clodsire
|
|upkeep
|
|t:|1758293644
|switch|p2a: Gholdengo|Gholdengo|100/100
|turn|7
|
|t:|1758293648
|switch|p1a: Trip|Hydreigon, F, shiny|100/100
|-damage|p1a: Trip|88/100|[from] Stealth Rock
|move|p2a: Gholdengo|Make It Rain|p1a: Trip
|-crit|p1a: Trip
|-damage|p1a: Trip|0 fnt
|-unboost|p2a: Gholdengo|spa|1
|faint|p1a: Trip
|
|upkeep
|
|t:|1758293669
|switch|p1a: Berry|Ogerpon-Wellspring, F|100/100
|-damage|p1a: Berry|88/100|[from] Stealth Rock
|turn|8
|
|t:|1758293682
|switch|p2a: Alomomola|Alomomola, M|100/100
|move|p1a: Berry|Swords Dance|p1a: Berry
|-boost|p1a: Berry|atk|2
|
|upkeep
|turn|9
|
|t:|1758293690
|move|p1a: Berry|Knock Off|p2a: Alomomola
|-damage|p2a: Alomomola|63/100
|-enditem|p2a: Alomomola|Leftovers|[from] move: Knock Off|[of] p1a: Berry
|move|p2a: Alomomola|Flip Turn|p1a: Berry
|-heal|p1a: Berry|100/100|[from] ability: Water Absorb|[of] p2a: Alomomola
|
|upkeep
|turn|10
|
|t:|1758293701
|switch|p2a: Corviknight|Corviknight, M|100/100
|move|p1a: Berry|Swords Dance|p1a: Berry
|-boost|p1a: Berry|atk|2
|
|upkeep
|turn|11
|
|t:|1758293709
|move|p1a: Berry|Ivy Cudgel|p2a: Corviknight|[anim] Ivy Cudgel Water
|-damage|p2a: Corviknight|0 fnt
|faint|p2a: Corviknight
|
|upkeep
|
|t:|1758293723
|switch|p2a: Gholdengo|Gholdengo|100/100
|turn|12
|
|t:|1758293727
|move|p2a: Gholdengo|Shadow Ball|p1a: Berry
|-damage|p1a: Berry|47/100
|move|p1a: Berry|Knock Off|p2a: Gholdengo
|-supereffective|p2a: Gholdengo
|-damage|p2a: Gholdengo|0 fnt
|-enditem|p2a: Gholdengo|Choice Scarf|[from] move: Knock Off|[of] p1a: Berry
|faint|p2a: Gholdengo
|
|upkeep
|-message|Eclomi forfeited.
|
|win|seethemalldie
|raw|seethemalldie's rating: 1266 &rarr; <strong>1288</strong><br />(+22 for winning)
|raw|Eclomi's rating: 1228 &rarr; <strong>1206</strong><br />(-22 for losing)
|l|☆Eclomi
|player|p2|
|l|☆seethemalldie
|player|p1|
