|j|☆Pickledpanda123
|j|☆adri4n10
|t:|1758343851
|gametype|singles
|player|p1|Pickledpanda123|harlequin|1309
|player|p2|adri4n10|volkner|1253
|gen|9
|tier|[Gen 9] OU
|rated|
|rule|HP Percentage Mod: HP is shown in percentages
|rule|Endless Battle Clause: Forcing endless battles is banned
|rule|Species Clause: Limit one of each Pokémon
|rule|OHKO Clause: OHKO moves are banned
|rule|Evasion Items Clause: Evasion items are banned
|rule|Evasion Moves Clause: Evasion moves are banned
|rule|Evasion Abilities Clause: Evasion abilities are banned
|rule|Sleep Moves Clause: Sleep-inducing moves are banned
|clearpoke
|poke|p1|Pelipper, F|
|poke|p1|Hatterene, F|
|poke|p1|Iron Treads|
|poke|p1|Skarmory, M|
|poke|p1|Barraskewda, F|
|poke|p1|Zapdos|
|poke|p2|Gyarados, M|
|poke|p2|Gengar, M|
|poke|p2|Kommo-o, M|
|poke|p2|Great Tusk|
|poke|p2|Hatterene, F|
|poke|p2|Torkoal, M|
|teampreview
|inactive|Battle timer is ON: inactive players will automatically lose when time's up. (requested by Pickledpanda123)
|
|t:|1758343869
|teamsize|p1|6
|teamsize|p2|6
|start
|switch|p1a: Iron Treads|Iron Treads|100/100
|switch|p2a: Hatterene|Hatterene, F|100/100
|turn|1
|
|t:|1758343873
|move|p1a: Iron Treads|Earthquake|p2a: Hatterene
|-damage|p2a: Hatterene|65/100
|move|p2a: Hatterene|Mystical Fire|p1a: Iron Treads
|-supereffective|p1a: Iron Treads
|-damage|p1a: Iron Treads|55/100
|-unboost|p1a: Iron Treads|spa|1
|
|-heal|p1a: Iron Treads|61/100|[from] item: Leftovers
|-heal|p2a: Hatterene|71/100|[from] item: Leftovers
|upkeep
|turn|2
|
|t:|1758343881
|switch|p2a: Torkoal|Torkoal, M|100/100
|-weather|SunnyDay|[from] ability: Drought|[of] p2a: Torkoal
|move|p1a: Iron Treads|Volt Switch|p2a: Torkoal
|-damage|p2a: Torkoal|89/100
|
|t:|1758343887
|-end|p1a: Iron Treads|Quark Drive|[silent]
|switch|p1a: Pelipper|Pelipper, F|100/100|[from] Volt Switch
|-weather|RainDance|[from] ability: Drizzle|[of] p1a: Pelipper
|
|-weather|RainDance|[upkeep]
|upkeep
|turn|3
|
|t:|1758343892
|move|p1a: Pelipper|Knock Off|p2a: Torkoal
|-damage|p2a: Torkoal|82/100
|-enditem|p2a: Torkoal|Heavy-Duty Boots|[from] move: Knock Off|[of] p1a: Pelipper
|move|p2a: Torkoal|Stealth Rock|p1a: Pelipper
|-sidestart|p1: Pickledpanda123|move: Stealth Rock
|
|-weather|RainDance|[upkeep]
|upkeep
|turn|4
|
|t:|1758343900
|switch|p1a: Iron Treads|Iron Treads|61/100
|-damage|p1a: Iron Treads|58/100|[from] Stealth Rock
|switch|p2a: Hatterene|Hatterene, F|71/100
|
|-weather|RainDance|[upkeep]
|-heal|p1a: Iron Treads|64/100|[from] item: Leftovers
|-heal|p2a: Hatterene|77/100|[from] item: Leftovers
|upkeep
|turn|5
|
|t:|1758343905
|move|p1a: Iron Treads|Rapid Spin|p2a: Hatterene
|-damage|p2a: Hatterene|65/100
|-boost|p1a: Iron Treads|spe|1
|-sideend|p1: Pickledpanda123|Stealth Rock|[from] move: Rapid Spin|[of] p1a: Iron Treads
|move|p2a: Hatterene|Mystical Fire|p1a: Iron Treads
|-supereffective|p1a: Iron Treads
|-damage|p1a: Iron Treads|39/100
|-unboost|p1a: Iron Treads|spa|1
|
|-weather|RainDance|[upkeep]
|-heal|p1a: Iron Treads|45/100|[from] item: Leftovers
|-heal|p2a: Hatterene|71/100|[from] item: Leftovers
|upkeep
|turn|6
|
|t:|1758343919
|switch|p2a: Gyarados|Gyarados, M|100/100
|move|p1a: Iron Treads|Earthquake|p2a: Gyarados
|-immune|p2a: Gyarados
|
|-weather|RainDance|[upkeep]
|-heal|p1a: Iron Treads|51/100|[from] item: Leftovers
|upkeep
|turn|7
|
|t:|1758343932
|switch|p2a: Great Tusk|Great Tusk|100/100
|move|p1a: Iron Treads|Volt Switch|p2a: Great Tusk
|-immune|p2a: Great Tusk
|
|-weather|RainDance|[upkeep]
|-heal|p1a: Iron Treads|57/100|[from] item: Leftovers
|upkeep
|turn|8
|
|t:|1758343941
|move|p1a: Iron Treads|Stealth Rock|p2a: Great Tusk
|-sidestart|p2: adri4n10|move: Stealth Rock
|move|p2a: Great Tusk|Close Combat|p1a: Iron Treads
|-supereffective|p1a: Iron Treads
|-damage|p1a: Iron Treads|0 fnt
|-unboost|p2a: Great Tusk|def|1
|-unboost|p2a: Great Tusk|spd|1
|faint|p1a: Iron Treads
|-end|p1a: Iron Treads|Quark Drive|[silent]
|
|-weather|RainDance|[upkeep]
|upkeep
|
|t:|1758343949
|switch|p1a: Barraskewda|Barraskewda, F|100/100
|turn|9
|
|t:|1758343967
|-end|p2a: Great Tusk|Protosynthesis|[silent]
|switch|p2a: Torkoal|Torkoal, M|82/100
|-damage|p2a: Torkoal|57/100|[from] Stealth Rock
|-weather|SunnyDay|[from] ability: Drought|[of] p2a: Torkoal
|-terastallize|p1a: Barraskewda|Water
|move|p1a: Barraskewda|Liquidation|p2a: Torkoal
|-supereffective|p2a: Torkoal
|-damage|p2a: Torkoal|1/100
|
|-weather|SunnyDay|[upkeep]
|upkeep
|turn|10
|
|t:|1758343973
|move|p1a: Barraskewda|Liquidation|p2a: Torkoal
|-supereffective|p2a: Torkoal
|-damage|p2a: Torkoal|0 fnt
|faint|p2a: Torkoal
|
|-weather|SunnyDay|[upkeep]
|upkeep
|
|t:|1758343981
|switch|p2a: Kommo-o|Kommo-o, M|100/100
|-damage|p2a: Kommo-o|94/100|[from] Stealth Rock
|turn|11
|
|t:|1758343985
|switch|p1a: Pelipper|Pelipper, F|100/100
|-weather|RainDance|[from] ability: Drizzle|[of] p1a: Pelipper
|move|p2a: Kommo-o|Substitute|p2a: Kommo-o
|-start|p2a: Kommo-o|Substitute
|-damage|p2a: Kommo-o|70/100
|
|-weather|RainDance|[upkeep]
|upkeep
|turn|12
|
|t:|1758343995
|move|p2a: Kommo-o|Belly Drum|p2a: Kommo-o
|-damage|p2a: Kommo-o|20/100
|-setboost|p2a: Kommo-o|atk|6|[from] move: Belly Drum
|-enditem|p2a: Kommo-o|Salac Berry|[eat]
|-boost|p2a: Kommo-o|spe|1|[from] item: Salac Berry
|move|p1a: Pelipper|Hurricane|p2a: Kommo-o
|-supereffective|p2a: Kommo-o
|-end|p2a: Kommo-o|Substitute
|
|-weather|RainDance|[upkeep]
|upkeep
|turn|13
|
|t:|1758344014
|switch|p1a: Skarmory|Skarmory, M|100/100
|move|p2a: Kommo-o|Drain Punch|p1a: Skarmory
|-damage|p1a: Skarmory|13/100
|-heal|p2a: Kommo-o|70/100|[from] drain|[of] p1a: Skarmory
|-damage|p2a: Kommo-o|53/100|[from] item: Rocky Helmet|[of] p1a: Skarmory
|
|-weather|RainDance|[upkeep]
|upkeep
|turn|14
|
|t:|1758344027
|move|p2a: Kommo-o|Drain Punch|p1a: Skarmory
|-damage|p1a: Skarmory|0 fnt
|-heal|p2a: Kommo-o|61/100|[from] drain|[of] p1a: Skarmory
|-damage|p2a: Kommo-o|44/100|[from] item: Rocky Helmet|[of] p1a: Skarmory
|faint|p1a: Skarmory
|
|-weather|RainDance|[upkeep]
|upkeep
|
|t:|1758344034
|switch|p1a: Barraskewda|Barraskewda, F, tera:Water|100/100
|turn|15
|
|t:|1758344044
|move|p1a: Barraskewda|Liquidation|p2a: Kommo-o
|-resisted|p2a: Kommo-o
|-damage|p2a: Kommo-o|0 fnt
|faint|p2a: Kommo-o
|
|-weather|RainDance|[upkeep]
|upkeep
|
|t:|1758344052
|switch|p2a: Gyarados|Gyarados, M|100/100
|-damage|p2a: Gyarados|76/100|[from] Stealth Rock
|turn|16
|
|t:|1758344055
|move|p1a: Barraskewda|Liquidation|p2a: Gyarados
|-resisted|p2a: Gyarados
|-damage|p2a: Gyarados|0 fnt
|faint|p2a: Gyarados
|
|-weather|RainDance|[upkeep]
|upkeep
|c|☆Pickledpanda123|Ggs
|
|t:|1758344063
|switch|p2a: Hatterene|Hatterene, F|71/100
|-damage|p2a: Hatterene|59/100|[from] Stealth Rock
|turn|17
|
|t:|1758344066
|move|p1a: Barraskewda|Liquidation|p2a: Hatterene
|-damage|p2a: Hatterene|0 fnt
|faint|p2a: Hatterene
|
|-weather|RainDance|[upkeep]
|upkeep
|
|t:|1758344069
|switch|p2a: Gengar|Gengar, M|100/100
|-damage|p2a: Gengar|88/100|[from] Stealth Rock
|turn|18
|
|t:|1758344072
|move|p1a: Barraskewda|Liquidation|p2a: Gengar
|-damage|p2a: Gengar|0 fnt
|-start|p1a: Barraskewda|Disable|Liquidation|[from] ability: Cursed Body|[of] p2a: Gengar
|faint|p2a: Gengar
|
|-weather|none
|upkeep
|
|t:|1758344074
|switch|p2a: Great Tusk|Great Tusk|100/100
|-damage|p2a: Great Tusk|98/100|[from] Stealth Rock
|turn|19
|
|t:|1758344079
|switch|p1a: Pelipper|Pelipper, F|100/100
|-weather|RainDance|[from] ability: Drizzle|[of] p1a: Pelipper
|move|p2a: Great Tusk|Rapid Spin|p1a: Pelipper
|-damage|p1a: Pelipper|82/100
|-boost|p2a: Great Tusk|spe|1
|-sideend|p2: adri4n10|Stealth Rock|[from] move: Rapid Spin|[of] p2a: Great Tusk
|
|-weather|RainDance|[upkeep]
|-heal|p2a: Great Tusk|100/100|[from] item: Leftovers
|upkeep
|turn|20
|
|t:|1758344087
|-terastallize|p2a: Great Tusk|Ground
|move|p2a: Great Tusk|Rapid Spin|p1a: Pelipper
|-damage|p1a: Pelipper|61/100
|-boost|p2a: Great Tusk|spe|1
|move|p1a: Pelipper|U-turn|p2a: Great Tusk
|-damage|p2a: Great Tusk|93/100
|
|t:|1758344091
|switch|p1a: Barraskewda|Barraskewda, F, tera:Water|100/100|[from] U-turn
|
|-weather|RainDance|[upkeep]
|-heal|p2a: Great Tusk|99/100|[from] item: Leftovers
|upkeep
|turn|21
|
|t:|1758344094
|move|p1a: Barraskewda|Liquidation|p2a: Great Tusk
|-supereffective|p2a: Great Tusk
|-damage|p2a: Great Tusk|0 fnt
|faint|p2a: Great Tusk
|-end|p2a: Great Tusk|Protosynthesis|[silent]
|
|win|Pickledpanda123
|raw|Pickledpanda123's rating: 1309 &rarr; <strong>1326</strong><br />(+17 for winning)
|raw|adri4n10's rating: 1253 &rarr; <strong>1232</strong><br />(-21 for losing)
|l|☆adri4n10
|player|p2|
|c|☆Pickledpanda123|Ggs
|l|☆Pickledpanda123
|player|p1|
