|j|☆GummyDeino
|j|‽Kadoooooow
|t:|1758320699
|gametype|singles
|player|p1|GummyDeino|265|1460
|player|p2|Kadoooooow|medium|1416
|gen|9
|tier|[Gen 9] OU
|rated|
|rule|HP Percentage Mod: HP is shown in percentages
|rule|Endless Battle Clause: Forcing endless battles is banned
|rule|Species Clause: Limit one of each Pokémon
|rule|OHKO Clause: OHKO moves are banned
|rule|Evasion Items Clause: Evasion items are banned
|rule|Evasion Moves Clause: Evasion moves are banned
|rule|Evasion Abilities Clause: Evasion abilities are banned
|rule|Sleep Moves Clause: Sleep-inducing moves are banned
|clearpoke
|poke|p1|Indeedee, M|
|poke|p1|Hatterene, F|
|poke|p1|Ursaluna, F|
|poke|p1|Iron Hands|
|poke|p1|Hoopa-Unbound|
|poke|p1|Mimikyu, F|
|poke|p2|Gholdengo|
|poke|p2|Dragapult, M|
|poke|p2|Sylveon, M|
|poke|p2|Torkoal, F|
|poke|p2|Raging Bolt|
|poke|p2|Great Tusk|
|teampreview
|inactive|Battle timer is ON: inactive players will automatically lose when time's up. (requested by GummyDeino)
|inactive|Kadoooooow has 120 seconds left.
|
|t:|1758320730
|teamsize|p1|6
|teamsize|p2|6
|start
|switch|p1a: Machine|Iron Hands, shiny|100/100
|switch|p2a: Torkoal|Torkoal, F|100/100
|-weather|SunnyDay|[from] ability: Drought|[of] p2a: Torkoal
|-enditem|p1a: Machine|Booster Energy
|-activate|p1a: Machine|ability: Quark Drive|[fromitem]
|-start|p1a: Machine|quarkdriveatk
|turn|1
|
|t:|1758320740
|move|p1a: Machine|Close Combat|p2a: Torkoal
|-damage|p2a: Torkoal|51/100
|-unboost|p1a: Machine|def|1
|-unboost|p1a: Machine|spd|1
|move|p2a: Torkoal|Will-O-Wisp|p1a: Machine
|-status|p1a: Machine|brn
|
|-weather|SunnyDay|[upkeep]
|-damage|p1a: Machine|94/100 brn|[from] brn
|upkeep
|turn|2
|
|t:|1758320753
|-end|p1a: Machine|Quark Drive|[silent]
|switch|p1a: Scientist|Indeedee, M, shiny|100/100
|-fieldstart|move: Psychic Terrain|[from] ability: Psychic Surge|[of] p1a: Scientist
|switch|p2a: Great Tusk|Great Tusk|100/100
|-activate|p2a: Great Tusk|ability: Protosynthesis
|-start|p2a: Great Tusk|protosynthesisatk
|
|-weather|SunnyDay|[upkeep]
|upkeep
|turn|3
|
|t:|1758320764
|move|p2a: Great Tusk|Headlong Rush|p1a: Scientist
|-damage|p1a: Scientist|18/100
|-unboost|p2a: Great Tusk|def|1
|-unboost|p2a: Great Tusk|spd|1
|move|p1a: Scientist|Expanding Force|p2a: Great Tusk
|-supereffective|p2a: Great Tusk
|-damage|p2a: Great Tusk|0 fnt
|faint|p2a: Great Tusk
|-end|p2a: Great Tusk|Protosynthesis|[silent]
|
|-weather|SunnyDay|[upkeep]
|upkeep
|
|t:|1758320769
|switch|p2a: Sylveon|Sylveon, M|100/100
|turn|4
|
|t:|1758320778
|move|p1a: Scientist|Healing Wish|p1a: Scientist
|faint|p1a: Scientist
|move|p2a: Sylveon|Hyper Voice|p1: Scientist|[notarget]
|-fail|p2a: Sylveon
|
|-weather|SunnyDay|[upkeep]
|upkeep
|
|t:|1758320784
|switch|p1a: Catastrophe|Hoopa-Unbound|100/100
|-enditem|p1a: Catastrophe|Psychic Seed
|-boost|p1a: Catastrophe|spd|1|[from] item: Psychic Seed
|turn|5
|
|t:|1758320788
|move|p2a: Sylveon|Hyper Voice|p1a: Catastrophe
|-supereffective|p1a: Catastrophe
|-damage|p1a: Catastrophe|49/100
|move|p1a: Catastrophe|Trick Room|p1a: Catastrophe
|-fieldstart|move: Trick Room|[of] p1a: Catastrophe
|
|-weather|SunnyDay|[upkeep]
|upkeep
|turn|6
|
|t:|1758320796
|-terastallize|p1a: Catastrophe|Psychic
|move|p1a: Catastrophe|Expanding Force|p2a: Sylveon
|-damage|p2a: Sylveon|36/100
|-item|p1a: Catastrophe|Assault Vest|[from] ability: Magician|[of] p2a: Sylveon
|move|p2a: Sylveon|Hyper Voice|p1a: Catastrophe
|-damage|p1a: Catastrophe|32/100
|
|-weather|SunnyDay|[upkeep]
|upkeep
|turn|7
|
|t:|1758320808
|move|p1a: Catastrophe|Expanding Force|p2a: Sylveon
|-damage|p2a: Sylveon|0 fnt
|faint|p2a: Sylveon
|
|-weather|SunnyDay|[upkeep]
|upkeep
|
|t:|1758320815
|switch|p2a: Gholdengo|Gholdengo|100/100
|turn|8
|
|t:|1758320818
|move|p1a: Catastrophe|Hyperspace Fury|p2a: Gholdengo
|-supereffective|p2a: Gholdengo
|-damage|p2a: Gholdengo|0 fnt
|-unboost|p1a: Catastrophe|def|1
|faint|p2a: Gholdengo
|
|-weather|none
|upkeep
|
|t:|1758320824
|switch|p2a: Torkoal|Torkoal, F|51/100
|-weather|SunnyDay|[from] ability: Drought|[of] p2a: Torkoal
|turn|9
|
|t:|1758320829
|move|p2a: Torkoal|Lava Plume|p1a: Catastrophe
|-damage|p1a: Catastrophe|20/100
|move|p1a: Catastrophe|Expanding Force|p2a: Torkoal
|-damage|p2a: Torkoal|0 fnt
|faint|p2a: Torkoal
|
|-weather|SunnyDay|[upkeep]
|-fieldend|move: Trick Room
|-fieldend|move: Psychic Terrain
|upkeep
|
|t:|1758320836
|switch|p2a: Dragapult|Dragapult, M|100/100
|turn|10
|
|t:|1758320841
|switch|p1a: Mimi|Mimikyu, F, shiny|100/100
|move|p2a: Dragapult|U-turn|p1a: Mimi
|-activate|p1a: Mimi|ability: Disguise
|-damage|p1a: Mimi|100/100
|detailschange|p1a: Mimi|Mimikyu-Busted, F, shiny
|-damage|p1a: Mimi|88/100|[from] pokemon: Mimikyu-Busted
|-enditem|p1a: Mimi|Red Card|[of] p2a: Dragapult
|drag|p2a: Raging Bolt|Raging Bolt|100/100
|-activate|p2a: Raging Bolt|ability: Protosynthesis
|-start|p2a: Raging Bolt|protosynthesisspa
|
|-weather|SunnyDay|[upkeep]
|upkeep
|turn|11
|
|t:|1758320854
|move|p2a: Raging Bolt|Thunderbolt|p1a: Mimi
|-damage|p1a: Mimi|9/100
|move|p1a: Mimi|Trick Room|p1a: Mimi
|-fieldstart|move: Trick Room|[of] p1a: Mimi
|
|-weather|SunnyDay|[upkeep]
|upkeep
|turn|12
|
|t:|1758320860
|move|p1a: Mimi|Curse|p2a: Raging Bolt
|-start|p2a: Raging Bolt|Curse|[of] p1a: Mimi
|-damage|p1a: Mimi|0 fnt
|faint|p1a: Mimi
|move|p2a: Raging Bolt|Thunderbolt|p1: Mimi|[notarget]
|-fail|p2a: Raging Bolt
|
|-weather|SunnyDay|[upkeep]
|-damage|p2a: Raging Bolt|76/100|[from] Curse
|upkeep
|
|t:|1758320869
|switch|p1a: Witch|Hatterene, F, shiny|100/100
|turn|13
|
|t:|1758320883
|-terastallize|p2a: Raging Bolt|Fairy
|move|p1a: Witch|Draining Kiss|p2a: Raging Bolt
|-damage|p2a: Raging Bolt|37/100
|-damage|p1a: Witch|91/100|[from] item: Life Orb
|move|p2a: Raging Bolt|Thunderbolt|p1a: Witch
|-damage|p1a: Witch|11/100
|
|-weather|SunnyDay|[upkeep]
|-damage|p2a: Raging Bolt|12/100|[from] Curse
|upkeep
|turn|14
|
|t:|1758320897
|move|p2a: Raging Bolt|Thunderclap|p1a: Witch
|-damage|p1a: Witch|0 fnt
|faint|p1a: Witch
|
|-weather|SunnyDay|[upkeep]
|-damage|p2a: Raging Bolt|0 fnt|[from] Curse
|faint|p2a: Raging Bolt
|-end|p2a: Raging Bolt|Protosynthesis|[silent]
|upkeep
|
|t:|1758320906
|switch|p1a: Catastrophe|Hoopa-Unbound, tera:Psychic|20/100
|switch|p2a: Dragapult|Dragapult, M|100/100
|-heal|p1a: Catastrophe|100/100|[from] move: Healing Wish
|turn|15
|
|t:|1758320912
|move|p1a: Catastrophe|Hyperspace Fury|p2a: Dragapult
|-supereffective|p2a: Dragapult
|-damage|p2a: Dragapult|0 fnt
|-unboost|p1a: Catastrophe|def|1
|faint|p2a: Dragapult
|
|win|GummyDeino
|raw|GummyDeino's rating: 1460 &rarr; <strong>1477</strong><br />(+17 for winning)
|raw|Kadoooooow's rating: 1416 &rarr; <strong>1399</strong><br />(-17 for losing)
|l|‽Kadoooooow
|player|p2|
|l|☆GummyDeino
|player|p1|
