|j|☆Green38
|j|☆MBRis
|t:|1758294479
|gametype|singles
|player|p1|Green38|blue|1171
|player|p2|MBRis|102|1168
|gen|9
|tier|[Gen 9] OU
|rated|
|rule|HP Percentage Mod: HP is shown in percentages
|rule|Endless Battle Clause: Forcing endless battles is banned
|rule|Species Clause: Limit one of each Pokémon
|rule|OHKO Clause: OHKO moves are banned
|rule|Evasion Items Clause: Evasion items are banned
|rule|Evasion Moves Clause: Evasion moves are banned
|rule|Evasion Abilities Clause: Evasion abilities are banned
|rule|Sleep Moves Clause: Sleep-inducing moves are banned
|clearpoke
|poke|p1|Zoroark, F|
|poke|p1|Lucario, M|
|poke|p1|Great Tusk|
|poke|p1|Garchomp, F|
|poke|p1|Tyranitar, F|
|poke|p1|Zapdos|
|poke|p2|Masquerain, F|
|poke|p2|Serperior, F|
|poke|p2|Malamar, F|
|poke|p2|Cinderace, F|
|poke|p2|Quaquaval, M|
|poke|p2|Donphan, L25, F|
|teampreview
|inactive|Battle timer is ON: inactive players will automatically lose when time's up. (requested by MBRis)
|inactive|Green38 also wants the timer to be on.
|
|t:|1758294490
|teamsize|p1|6
|teamsize|p2|6
|start
|switch|p1a: Lucario|Lucario, M|100/100
|switch|p2a: Quaquaval|Quaquaval, M|100/100
|turn|1
|
|t:|1758294503
|switch|p1a: Zapdos|Zapdos|100/100
|-ability|p1a: Zapdos|Pressure
|-terastallize|p2a: Quaquaval|Water
|move|p2a: Quaquaval|Aqua Step|p1a: Zapdos
|-damage|p1a: Zapdos|59/100
|-boost|p2a: Quaquaval|spe|1
|-damage|p2a: Quaquaval|84/100|[from] item: Rocky Helmet|[of] p1a: Zapdos
|
|upkeep
|turn|2
|
|t:|1758294516
|switch|p2a: Cinderace|Cinderace, F|100/100
|move|p1a: Zapdos|Volt Switch|p2a: Cinderace
|-damage|p2a: Cinderace|61/100
|
|t:|1758294523
|switch|p1a: Tyranitar|Tyranitar, F|100/100|[from] Volt Switch
|-weather|Sandstorm|[from] ability: Sand Stream|[of] p1a: Tyranitar
|
|-weather|Sandstorm|[upkeep]
|-damage|p2a: Cinderace|55/100|[from] Sandstorm
|upkeep
|turn|3
|
|t:|1758294531
|move|p2a: Cinderace|U-turn|p1a: Tyranitar
|-start|p2a: Cinderace|typechange|Bug|[from] ability: Libero
|-supereffective|p1a: Tyranitar
|-damage|p1a: Tyranitar|52/100
|
|t:|1758294536
|switch|p2a: Masquerain|Masquerain, F|100/100|[from] U-turn
|-ability|p2a: Masquerain|Intimidate|boost
|-unboost|p1a: Tyranitar|atk|1
|move|p1a: Tyranitar|Stone Edge|p2a: Masquerain
|-supereffective|p2a: Masquerain
|-enditem|p2a: Masquerain|Focus Sash
|-damage|p2a: Masquerain|1/100
|
|-weather|Sandstorm|[upkeep]
|-damage|p2a: Masquerain|0 fnt|[from] Sandstorm
|faint|p2a: Masquerain
|upkeep
|
|t:|1758294540
|switch|p2a: Serperior|Serperior, F|100/100
|turn|4
|
|t:|1758294552
|move|p2a: Serperior|Leaf Storm|p1a: Tyranitar
|-supereffective|p1a: Tyranitar
|-damage|p1a: Tyranitar|22/100
|-boost|p2a: Serperior|spa|2
|move|p1a: Tyranitar|Avalanche|p2a: Serperior
|-supereffective|p2a: Serperior
|-damage|p2a: Serperior|29/100
|
|-weather|Sandstorm|[upkeep]
|-damage|p2a: Serperior|22/100|[from] Sandstorm
|upkeep
|turn|5
|
|t:|1758294564
|move|p2a: Serperior|Giga Drain|p1a: Tyranitar
|-supereffective|p1a: Tyranitar
|-damage|p1a: Tyranitar|0 fnt
|-heal|p2a: Serperior|37/100|[from] drain|[of] p1a: Tyranitar
|faint|p1a: Tyranitar
|
|-weather|Sandstorm|[upkeep]
|-damage|p2a: Serperior|31/100|[from] Sandstorm
|upkeep
|
|t:|1758294574
|switch|p1a: Garchomp|Garchomp, F|100/100
|turn|6
|
|t:|1758294582
|move|p2a: Serperior|Giga Drain|p1a: Garchomp
|-damage|p1a: Garchomp|38/100
|-heal|p2a: Serperior|69/100|[from] drain|[of] p1a: Garchomp
|move|p1a: Garchomp|Fire Blast|p2a: Serperior|[miss]
|-miss|p1a: Garchomp|p2a: Serperior
|
|-weather|none
|upkeep
|turn|7
|
|t:|1758294593
|move|p2a: Serperior|Leaf Storm|p1a: Garchomp
|-damage|p1a: Garchomp|0 fnt
|-boost|p2a: Serperior|spa|2
|faint|p1a: Garchomp
|
|upkeep
|
|t:|1758294602
|switch|p1a: Lucario|Lucario, M|100/100
|turn|8
|
|t:|1758294617
|move|p2a: Serperior|Leaf Storm|p1a: Lucario
|-resisted|p1a: Lucario
|-damage|p1a: Lucario|0 fnt
|-boost|p2a: Serperior|spa|2
|faint|p1a: Lucario
|
|upkeep
|
|t:|1758294625
|switch|p1a: Zapdos|Zapdos|59/100
|-ability|p1a: Zapdos|Pressure
|turn|9
|
|t:|1758294644
|move|p2a: Serperior|Leaf Storm|p1a: Zapdos
|-resisted|p1a: Zapdos
|-damage|p1a: Zapdos|0 fnt
|faint|p1a: Zapdos
|
|upkeep
|-message|Green38 forfeited.
|
|win|MBRis
|raw|Green38's rating: 1171 &rarr; <strong>1146</strong><br />(-25 for losing)
|raw|MBRis's rating: 1168 &rarr; <strong>1193</strong><br />(+25 for winning)
|l|☆Green38
|player|p1|
|l|☆MBRis
|player|p2|
