|j|☆Yugiohvn
|j|‽tasty sardine 408
|t:|1758299553
|gametype|singles
|player|p1|Yugiohvn|elesa|1666
|player|p2|tasty sardine 408|harlequin|1641
|gen|9
|tier|[Gen 9] OU
|rated|
|rule|HP Percentage Mod: HP is shown in percentages
|rule|Endless Battle Clause: Forcing endless battles is banned
|rule|Species Clause: Limit one of each Pokémon
|rule|OHKO Clause: OHKO moves are banned
|rule|Evasion Items Clause: Evasion items are banned
|rule|Evasion Moves Clause: Evasion moves are banned
|rule|Evasion Abilities Clause: Evasion abilities are banned
|rule|Sleep Moves Clause: Sleep-inducing moves are banned
|clearpoke
|poke|p1|Araquanid, M|
|poke|p1|Ceruledge, F|
|poke|p1|Enamorus, F|
|poke|p1|Iron Treads|
|poke|p1|Gholdengo|
|poke|p1|Ogerpon-Cornerstone, F|
|poke|p2|Umbreon, M|
|poke|p2|Serperior, F|
|poke|p2|Cresselia, F|
|poke|p2|Revavroom, F|
|poke|p2|Skeledirge, F|
|poke|p2|Manaphy|
|teampreview
|inactive|Battle timer is ON: inactive players will automatically lose when time's up. (requested by tasty sardine 408)
|
|t:|1758299559
|teamsize|p1|6
|teamsize|p2|6
|start
|switch|p1a: Ogerpon|Ogerpon-Cornerstone, F|100/100
|switch|p2a: Umbreon|Umbreon, M, shiny|100/100
|turn|1
|
|t:|1758299565
|switch|p1a: Araquanid|Araquanid, M|100/100
|move|p2a: Umbreon|Foul Play|p1a: Araquanid
|-damage|p1a: Araquanid|82/100
|
|upkeep
|turn|2
|
|t:|1758299568
|move|p2a: Umbreon|Toxic|p1a: Araquanid
|-status|p1a: Araquanid|tox
|move|p1a: Araquanid|Sticky Web|p2a: Umbreon
|-sidestart|p2: tasty sardine 408|move: Sticky Web
|
|-damage|p1a: Araquanid|76/100 tox|[from] psn
|upkeep
|turn|3
|
|t:|1758299571
|move|p2a: Umbreon|Foul Play|p1a: Araquanid
|-damage|p1a: Araquanid|58/100 tox
|move|p1a: Araquanid|Surf|p2a: Umbreon
|-damage|p2a: Umbreon|70/100
|
|-heal|p2a: Umbreon|76/100|[from] item: Leftovers
|-damage|p1a: Araquanid|46/100 tox|[from] psn
|upkeep
|turn|4
|
|t:|1758299575
|move|p2a: Umbreon|Wish|p2a: Umbreon
|move|p1a: Araquanid|Endeavor|p2a: Umbreon
|-damage|p2a: Umbreon|39/100
|
|-heal|p2a: Umbreon|45/100|[from] item: Leftovers
|-damage|p1a: Araquanid|27/100 tox|[from] psn
|upkeep
|turn|5
|
|t:|1758299580
|move|p2a: Umbreon|Protect|p2a: Umbreon
|-singleturn|p2a: Umbreon|Protect
|move|p1a: Araquanid|Endeavor|p2a: Umbreon
|-activate|p2a: Umbreon|move: Protect
|
|-heal|p2a: Umbreon|95/100|[from] move: Wish|[wisher] Umbreon
|-heal|p2a: Umbreon|100/100|[from] item: Leftovers
|-damage|p1a: Araquanid|2/100 tox|[from] psn
|upkeep
|turn|6
|-enditem|p1a: Araquanid|Custap Berry|[eat]
|-activate|p1a: Araquanid|item: Custap Berry|[consumed]
|
|t:|1758299583
|move|p1a: Araquanid|Endeavor|p2a: Umbreon
|-damage|p2a: Umbreon|2/100
|move|p2a: Umbreon|Wish|p2a: Umbreon
|
|-heal|p2a: Umbreon|8/100|[from] item: Leftovers
|-damage|p1a: Araquanid|0 fnt|[from] psn
|faint|p1a: Araquanid
|upkeep
|
|t:|1758299590
|switch|p1a: Enamorus|Enamorus, F|100/100
|turn|7
|
|t:|1758299594
|move|p2a: Umbreon|Protect|p2a: Umbreon
|-singleturn|p2a: Umbreon|Protect
|move|p1a: Enamorus|Moonblast|p2a: Umbreon
|-activate|p2a: Umbreon|move: Protect
|
|-heal|p2a: Umbreon|58/100|[from] move: Wish|[wisher] Umbreon
|-heal|p2a: Umbreon|64/100|[from] item: Leftovers
|upkeep
|turn|8
|
|t:|1758299604
|switch|p2a: Skeledirge|Skeledirge, F, shiny|100/100
|move|p1a: Enamorus|Moonblast|p2a: Skeledirge
|-resisted|p2a: Skeledirge
|-crit|p2a: Skeledirge
|-damage|p2a: Skeledirge|52/100
|-unboost|p2a: Skeledirge|spa|1
|
|upkeep
|turn|9
|
|t:|1758299613
|switch|p1a: Gholdengo|Gholdengo|100/100
|-item|p1a: Gholdengo|Air Balloon
|move|p2a: Skeledirge|Torch Song|p1a: Gholdengo
|-supereffective|p1a: Gholdengo
|-damage|p1a: Gholdengo|59/100
|-boost|p2a: Skeledirge|spa|1
|-enditem|p1a: Gholdengo|Air Balloon
|
|upkeep
|turn|10
|
|t:|1758299616
|move|p1a: Gholdengo|Shadow Ball|p2a: Skeledirge
|-supereffective|p2a: Skeledirge
|-damage|p2a: Skeledirge|0 fnt
|faint|p2a: Skeledirge
|
|upkeep
|
|t:|1758299618
|switch|p2a: Serperior|Serperior, F, shiny|100/100
|-activate|p2a: Serperior|move: Sticky Web
|-boost|p2a: Serperior|spe|1
|turn|11
|
|t:|1758299623
|move|p2a: Serperior|Leaf Storm|p1a: Gholdengo
|-resisted|p1a: Gholdengo
|-damage|p1a: Gholdengo|37/100
|-boost|p2a: Serperior|spa|2
|move|p1a: Gholdengo|Shadow Ball|p2a: Serperior
|-damage|p2a: Serperior|56/100
|-boost|p2a: Serperior|spd|1
|
|-heal|p2a: Serperior|63/100|[from] item: Leftovers
|upkeep
|turn|12
|
|t:|1758299626
|move|p2a: Serperior|Synthesis|p2a: Serperior
|-heal|p2a: Serperior|100/100
|move|p1a: Gholdengo|Shadow Ball|p2a: Serperior
|-damage|p2a: Serperior|70/100
|-boost|p2a: Serperior|spd|1
|
|-heal|p2a: Serperior|76/100|[from] item: Leftovers
|upkeep
|turn|13
|
|t:|1758299630
|move|p2a: Serperior|Leaf Storm|p1a: Gholdengo|[miss]
|-miss|p2a: Serperior|p1a: Gholdengo
|move|p1a: Gholdengo|Shadow Ball|p2a: Serperior
|-damage|p2a: Serperior|54/100
|
|-heal|p2a: Serperior|60/100|[from] item: Leftovers
|upkeep
|turn|14
|
|t:|1758299632
|move|p2a: Serperior|Synthesis|p2a: Serperior
|-heal|p2a: Serperior|100/100
|move|p1a: Gholdengo|Shadow Ball|p2a: Serperior
|-damage|p2a: Serperior|76/100
|-boost|p2a: Serperior|spd|1
|
|-heal|p2a: Serperior|82/100|[from] item: Leftovers
|upkeep
|turn|15
|
|t:|1758299634
|move|p2a: Serperior|Leaf Storm|p1a: Gholdengo
|-resisted|p1a: Gholdengo
|-damage|p1a: Gholdengo|0 fnt
|-boost|p2a: Serperior|spa|2
|faint|p1a: Gholdengo
|
|-heal|p2a: Serperior|88/100|[from] item: Leftovers
|upkeep
|
|t:|1758299637
|switch|p1a: Ogerpon|Ogerpon-Cornerstone, F|100/100
|turn|16
|
|t:|1758299640
|move|p2a: Serperior|Leaf Storm|p1a: Ogerpon|[miss]
|-miss|p2a: Serperior|p1a: Ogerpon
|move|p1a: Ogerpon|Ivy Cudgel|p2a: Serperior|[anim] Ivy Cudgel Rock
|-damage|p2a: Serperior|27/100
|
|-heal|p2a: Serperior|33/100|[from] item: Leftovers
|upkeep
|turn|17
|
|t:|1758299649
|move|p2a: Serperior|Leaf Storm|p1a: Ogerpon
|-ability|p1a: Ogerpon|Sturdy
|-damage|p1a: Ogerpon|1/100
|-boost|p2a: Serperior|spa|2
|move|p1a: Ogerpon|Encore|p2a: Serperior
|-start|p2a: Serperior|Encore
|
|-heal|p2a: Serperior|39/100|[from] item: Leftovers
|upkeep
|turn|18
|
|t:|1758299653
|move|p2a: Serperior|Leaf Storm|p1a: Ogerpon
|-damage|p1a: Ogerpon|0 fnt
|faint|p1a: Ogerpon
|
|-heal|p2a: Serperior|45/100|[from] item: Leftovers
|upkeep
|
|t:|1758299659
|switch|p1a: Ceruledge|Ceruledge, F|100/100
|turn|19
|
|t:|1758299661
|move|p2a: Serperior|Leaf Storm|p1a: Ceruledge
|-resisted|p1a: Ceruledge
|-damage|p1a: Ceruledge|22/100
|move|p1a: Ceruledge|Bitter Blade|p2a: Serperior
|-supereffective|p2a: Serperior
|-damage|p2a: Serperior|0 fnt
|-heal|p1a: Ceruledge|50/100|[from] drain|[of] p2a: Serperior
|faint|p2a: Serperior
|
|upkeep
|
|t:|1758299670
|switch|p2a: Manaphy|Manaphy, shiny|100/100
|-activate|p2a: Manaphy|move: Sticky Web
|-unboost|p2a: Manaphy|spe|1
|turn|20
|
|t:|1758299675
|move|p1a: Ceruledge|Swords Dance|p1a: Ceruledge
|-boost|p1a: Ceruledge|atk|2
|move|p2a: Manaphy|Acid Armor|p2a: Manaphy
|-boost|p2a: Manaphy|def|2
|
|upkeep
|turn|21
|
|t:|1758299679
|switch|p1a: Enamorus|Enamorus, F|100/100
|move|p2a: Manaphy|Acid Armor|p2a: Manaphy
|-boost|p2a: Manaphy|def|2
|
|upkeep
|turn|22
|
|t:|1758299683
|-terastallize|p1a: Enamorus|Stellar
|move|p1a: Enamorus|Tera Blast|p2a: Manaphy|[anim] Tera Blast Stellar
|-damage|p2a: Manaphy|36/100
|-boost|p1a: Enamorus|atk|1
|-boost|p1a: Enamorus|spa|1
|move|p2a: Manaphy|Scald|p1a: Enamorus
|-damage|p1a: Enamorus|62/100
|
|-heal|p2a: Manaphy|42/100|[from] item: Leftovers
|upkeep
|turn|23
|
|t:|1758299687
|move|p1a: Enamorus|Tera Blast|p2a: Manaphy|[anim] Tera Blast Stellar
|-damage|p2a: Manaphy|0 fnt
|-boost|p1a: Enamorus|atk|1
|-boost|p1a: Enamorus|spa|1
|faint|p2a: Manaphy
|
|upkeep
|
|t:|1758299694
|switch|p2a: Umbreon|Umbreon, M, shiny|64/100
|-activate|p2a: Umbreon|move: Sticky Web
|-unboost|p2a: Umbreon|spe|1
|turn|24
|
|t:|1758299698
|switch|p1a: Iron Treads|Iron Treads|100/100
|-enditem|p1a: Iron Treads|Booster Energy
|-activate|p1a: Iron Treads|ability: Quark Drive|[fromitem]
|-start|p1a: Iron Treads|quarkdrivespe
|move|p2a: Umbreon|Protect||[still]
|-fail|p2a: Umbreon
|
|-heal|p2a: Umbreon|70/100|[from] item: Leftovers
|upkeep
|turn|25
|
|t:|1758299701
|move|p1a: Iron Treads|Stealth Rock|p2a: Umbreon
|-sidestart|p2: tasty sardine 408|move: Stealth Rock
|move|p2a: Umbreon|Wish|p2a: Umbreon
|
|-heal|p2a: Umbreon|76/100|[from] item: Leftovers
|upkeep
|turn|26
|
|t:|1758299704
|-end|p1a: Iron Treads|Quark Drive|[silent]
|switch|p1a: Enamorus|Enamorus, F, tera:Stellar|62/100
|move|p2a: Umbreon|Foul Play|p1a: Enamorus
|-resisted|p1a: Enamorus
|-damage|p1a: Enamorus|37/100
|
|-heal|p2a: Umbreon|100/100|[from] move: Wish|[wisher] Umbreon
|upkeep
|turn|27
|
|t:|1758299712
|-terastallize|p2a: Umbreon|Poison
|move|p1a: Enamorus|Moonblast|p2a: Umbreon
|-resisted|p2a: Umbreon
|-damage|p2a: Umbreon|68/100
|-unboost|p2a: Umbreon|spa|1
|move|p2a: Umbreon|Toxic|p1a: Enamorus
|-status|p1a: Enamorus|tox
|
|-heal|p2a: Umbreon|74/100|[from] item: Leftovers
|-damage|p1a: Enamorus|31/100 tox|[from] psn
|upkeep
|turn|28
|
|t:|1758299718
|switch|p1a: Iron Treads|Iron Treads|100/100
|move|p2a: Umbreon|Wish|p2a: Umbreon
|
|-heal|p2a: Umbreon|80/100|[from] item: Leftovers
|upkeep
|turn|29
|
|t:|1758299721
|move|p1a: Iron Treads|Earthquake|p2a: Umbreon
|-supereffective|p2a: Umbreon
|-damage|p2a: Umbreon|19/100
|move|p2a: Umbreon|Foul Play|p1a: Iron Treads
|-damage|p1a: Iron Treads|57/100
|
|-heal|p2a: Umbreon|69/100|[from] move: Wish|[wisher] Umbreon
|-heal|p2a: Umbreon|75/100|[from] item: Leftovers
|upkeep
|turn|30
|
|t:|1758299724
|move|p2a: Umbreon|Protect|p2a: Umbreon
|-singleturn|p2a: Umbreon|Protect
|move|p1a: Iron Treads|Earthquake|p2a: Umbreon
|-activate|p2a: Umbreon|move: Protect
|
|-heal|p2a: Umbreon|81/100|[from] item: Leftovers
|upkeep
|turn|31
|
|t:|1758299726
|switch|p2a: Cresselia|Cresselia, F, shiny|100/100
|-damage|p2a: Cresselia|88/100|[from] Stealth Rock
|move|p1a: Iron Treads|Earthquake|p2a: Cresselia
|-immune|p2a: Cresselia|[from] ability: Levitate
|
|-heal|p2a: Cresselia|94/100|[from] item: Leftovers
|upkeep
|turn|32
|
|t:|1758299729
|-end|p1a: Iron Treads|Quark Drive|[silent]
|switch|p1a: Enamorus|Enamorus, F, tera:Stellar|31/100 tox
|move|p2a: Cresselia|Calm Mind|p2a: Cresselia
|-boost|p2a: Cresselia|spa|1
|-boost|p2a: Cresselia|spd|1
|
|-heal|p2a: Cresselia|99/100|[from] item: Leftovers
|-damage|p1a: Enamorus|25/100 tox|[from] psn
|upkeep
|turn|33
|
|t:|1758299732
|move|p1a: Enamorus|Healing Wish|p1a: Enamorus
|faint|p1a: Enamorus
|move|p2a: Cresselia|Calm Mind|p2a: Cresselia
|-boost|p2a: Cresselia|spa|1
|-boost|p2a: Cresselia|spd|1
|
|-heal|p2a: Cresselia|100/100|[from] item: Leftovers
|upkeep
|
|t:|1758299734
|switch|p1a: Ceruledge|Ceruledge, F|50/100
|-heal|p1a: Ceruledge|100/100|[from] move: Healing Wish
|turn|34
|
|t:|1758299737
|move|p1a: Ceruledge|Swords Dance|p1a: Ceruledge
|-boost|p1a: Ceruledge|atk|2
|move|p2a: Cresselia|Stored Power|p1a: Ceruledge
|-damage|p1a: Ceruledge|37/100
|
|upkeep
|turn|35
|
|t:|1758299739
|move|p1a: Ceruledge|Bitter Blade|p2a: Cresselia
|-damage|p2a: Cresselia|46/100
|-heal|p1a: Ceruledge|79/100|[from] drain|[of] p2a: Cresselia
|move|p2a: Cresselia|Stored Power|p1a: Ceruledge
|-damage|p1a: Ceruledge|18/100
|
|-heal|p2a: Cresselia|52/100|[from] item: Leftovers
|upkeep
|turn|36
|
|t:|1758299744
|move|p1a: Ceruledge|Bitter Blade|p2a: Cresselia
|-damage|p2a: Cresselia|1/100
|-heal|p1a: Ceruledge|57/100|[from] drain|[of] p2a: Cresselia
|move|p2a: Cresselia|Stored Power|p1a: Ceruledge
|-damage|p1a: Ceruledge|0 fnt
|faint|p1a: Ceruledge
|
|-heal|p2a: Cresselia|7/100|[from] item: Leftovers
|upkeep
|
|t:|1758299747
|switch|p1a: Iron Treads|Iron Treads|57/100
|turn|37
|
|t:|1758299752
|move|p1a: Iron Treads|Ice Spinner|p2a: Cresselia
|-damage|p2a: Cresselia|0 fnt
|faint|p2a: Cresselia
|
|upkeep
|
|t:|1758299756
|switch|p2a: Revavroom|Revavroom, F, shiny|100/100
|-damage|p2a: Revavroom|94/100|[from] Stealth Rock
|-item|p2a: Revavroom|Air Balloon
|turn|38
|
|t:|1758299760
|move|p1a: Iron Treads|Rapid Spin|p2a: Revavroom
|-resisted|p2a: Revavroom
|-damage|p2a: Revavroom|86/100
|-boost|p1a: Iron Treads|spe|1
|-enditem|p2a: Revavroom|Air Balloon
|move|p2a: Revavroom|High Horsepower|p1a: Iron Treads
|-supereffective|p1a: Iron Treads
|-damage|p1a: Iron Treads|0 fnt
|faint|p1a: Iron Treads
|-end|p1a: Iron Treads|Quark Drive|[silent]
|
|win|tasty sardine 408
|raw|Yugiohvn's rating: 1666 &rarr; <strong>1645</strong><br />(-21 for losing)
|raw|tasty sardine 408's rating: 1641 &rarr; <strong>1662</strong><br />(+21 for winning)
|l|☆Yugiohvn
|player|p1|
|l|‽tasty sardine 408
|player|p2|
