|j|☆aaron200589
|j|☆Nickthenickthenick
|t:|1758265426
|gametype|singles
|player|p1|aaron200589|giovanni|1325
|player|p2|Nickthenickthenick|102|1317
|gen|9
|tier|[Gen 9] OU
|rated|
|rule|HP Percentage Mod: HP is shown in percentages
|rule|Endless Battle Clause: Forcing endless battles is banned
|rule|Species Clause: Limit one of each Pokémon
|rule|OHKO Clause: OHKO moves are banned
|rule|Evasion Items Clause: Evasion items are banned
|rule|Evasion Moves Clause: Evasion moves are banned
|rule|Evasion Abilities Clause: Evasion abilities are banned
|rule|Sleep Moves Clause: Sleep-inducing moves are banned
|clearpoke
|poke|p1|Alomomola, M|
|poke|p1|Iron Moth|
|poke|p1|Great Tusk|
|poke|p1|Sinistcha|
|poke|p1|Iron Valiant|
|poke|p1|Hoopa-Unbound|
|poke|p2|Torkoal, F|
|poke|p2|Typhlosion-Hisui, F|
|poke|p2|Venusaur, F|
|poke|p2|Alomomola, M|
|poke|p2|Zapdos|
|poke|p2|Great Tusk|
|teampreview
|inactive|Battle timer is ON: inactive players will automatically lose when time's up. (requested by Nickthenickthenick)
|
|t:|1758265440
|teamsize|p1|6
|teamsize|p2|6
|start
|switch|p1a: Hoopa|Hoopa-Unbound|100/100
|switch|p2a: Torkoal|Torkoal, F|100/100
|-weather|SunnyDay|[from] ability: Drought|[of] p2a: Torkoal
|turn|1
|
|t:|1758265468
|move|p1a: Hoopa|Psychic Noise|p2a: Torkoal
|-damage|p2a: Torkoal|54/100
|-start|p2a: Torkoal|move: Heal Block
|move|p2a: Torkoal|Stealth Rock|p1a: Hoopa
|-sidestart|p1: aaron200589|move: Stealth Rock
|
|-weather|SunnyDay|[upkeep]
|upkeep
|turn|2
|
|t:|1758265480
|move|p1a: Hoopa|Psychic Noise|p2a: Torkoal
|-damage|p2a: Torkoal|11/100
|move|p2a: Torkoal|Will-O-Wisp|p1a: Hoopa|[miss]
|-miss|p2a: Torkoal|p1a: Hoopa
|
|-weather|SunnyDay|[upkeep]
|-end|p2a: Torkoal|move: Heal Block
|upkeep
|turn|3
|
|t:|1758265490
|switch|p2a: Zapdos|Zapdos|100/100
|move|p1a: Hoopa|Psychic Noise|p2a: Zapdos
|-damage|p2a: Zapdos|63/100
|-start|p2a: Zapdos|move: Heal Block
|
|-weather|SunnyDay|[upkeep]
|upkeep
|turn|4
|
|t:|1758265507
|move|p2a: Zapdos|Volt Switch|p1a: Hoopa
|-damage|p1a: Hoopa|82/100
|
|t:|1758265512
|switch|p2a: Typhlosion|Typhlosion-Hisui, F|100/100|[from] Volt Switch
|move|p1a: Hoopa|Dark Pulse|p2a: Typhlosion
|-supereffective|p2a: Typhlosion
|-damage|p2a: Typhlosion|0 fnt
|faint|p2a: Typhlosion
|
|-weather|SunnyDay|[upkeep]
|upkeep
|
|t:|1758265521
|switch|p2a: Venusaur|Venusaur, F|100/100
|turn|5
|
|t:|1758265532
|-terastallize|p2a: Venusaur|Ground
|move|p2a: Venusaur|Growth|p2a: Venusaur
|-boost|p2a: Venusaur|atk|2
|-boost|p2a: Venusaur|spa|2
|move|p1a: Hoopa|Psychic Noise|p2a: Venusaur
|-damage|p2a: Venusaur|44/100
|-start|p2a: Venusaur|move: Heal Block
|
|-weather|SunnyDay|[upkeep]
|upkeep
|turn|6
|inactive|Nickthenickthenick has 120 seconds left.
|
|t:|1758265549
|move|p2a: Venusaur|Sludge Bomb|p1a: Hoopa
|-damage|p1a: Hoopa|20/100
|-damage|p2a: Venusaur|34/100|[from] item: Life Orb
|move|p1a: Hoopa|Dark Pulse|p2a: Venusaur
|-damage|p2a: Venusaur|0 fnt
|faint|p2a: Venusaur
|
|-weather|SunnyDay|[upkeep]
|upkeep
|inactive|Nickthenickthenick has 120 seconds left.
|-message|Nickthenickthenick forfeited.
|
|win|aaron200589
|raw|aaron200589's rating: 1325 &rarr; <strong>1345</strong><br />(+20 for winning)
|raw|Nickthenickthenick's rating: 1317 &rarr; <strong>1297</strong><br />(-20 for losing)
|l|☆Nickthenickthenick
|player|p2|
|l|☆aaron200589
|player|p1|
