|j|☆Siisisihisia
|j|‽GarbagioFilth
|t:|1758284401
|gametype|singles
|player|p1|Siisisihisia|2|1483
|player|p2|GarbagioFilth|byron|1403
|gen|9
|tier|[Gen 9] OU
|rated|
|rule|HP Percentage Mod: HP is shown in percentages
|rule|Endless Battle Clause: Forcing endless battles is banned
|rule|Species Clause: Limit one of each Pokémon
|rule|OHKO Clause: OHKO moves are banned
|rule|Evasion Items Clause: Evasion items are banned
|rule|Evasion Moves Clause: Evasion moves are banned
|rule|Evasion Abilities Clause: Evasion abilities are banned
|rule|Sleep Moves Clause: Sleep-inducing moves are banned
|clearpoke
|poke|p1|Darkrai|
|poke|p1|Gliscor, F|
|poke|p1|Slowking-Galar, M|
|poke|p1|Gholdengo|
|poke|p1|Avalugg, M|
|poke|p1|Deoxys-Speed|
|poke|p2|Dondozo, M|
|poke|p2|Corviknight, F|
|poke|p2|Weezing-Galar, M|
|poke|p2|Gliscor, F|
|poke|p2|Toxapex, M|
|poke|p2|Garganacl, F|
|teampreview
|inactive|Battle timer is ON: inactive players will automatically lose when time's up. (requested by GarbagioFilth)
|
|t:|1758284408
|teamsize|p1|6
|teamsize|p2|6
|start
|switch|p1a: Gliscor|Gliscor, F|100/100
|switch|p2a: Gliscor|Gliscor, F|100/100
|turn|1
|
|t:|1758284412
|move|p1a: Gliscor|Protect|p1a: Gliscor
|-singleturn|p1a: Gliscor|Protect
|move|p2a: Gliscor|Protect||[still]
|-fail|p2a: Gliscor
|
|-status|p1a: Gliscor|tox|[from] item: Toxic Orb
|-status|p2a: Gliscor|tox|[from] item: Toxic Orb
|upkeep
|turn|2
|
|t:|1758284416
|move|p1a: Gliscor|Spikes|p2a: Gliscor
|-sidestart|p2: GarbagioFilth|Spikes
|move|p2a: Gliscor|Spikes|p1a: Gliscor
|-sidestart|p1: Siisisihisia|Spikes
|
|upkeep
|turn|3
|
|t:|1758284418
|move|p1a: Gliscor|Spikes|p2a: Gliscor
|-sidestart|p2: GarbagioFilth|Spikes
|move|p2a: Gliscor|Spikes|p1a: Gliscor
|-sidestart|p1: Siisisihisia|Spikes
|
|upkeep
|turn|4
|
|t:|1758284420
|move|p1a: Gliscor|Spikes|p2a: Gliscor
|-sidestart|p2: GarbagioFilth|Spikes
|move|p2a: Gliscor|Spikes|p1a: Gliscor
|-sidestart|p1: Siisisihisia|Spikes
|
|upkeep
|turn|5
|
|t:|1758284424
|switch|p1a: Avalugg|Avalugg, M, shiny|100/100
|move|p2a: Gliscor|Knock Off|p1a: Avalugg
|-damage|p1a: Avalugg|89/100
|-enditem|p1a: Avalugg|Heavy-Duty Boots|[from] move: Knock Off|[of] p2a: Gliscor
|
|upkeep
|turn|6
|
|t:|1758284431
|move|p2a: Gliscor|Protect|p2a: Gliscor
|-singleturn|p2a: Gliscor|Protect
|move|p1a: Avalugg|Rapid Spin|p2a: Gliscor
|-activate|p2a: Gliscor|move: Protect
|
|upkeep
|turn|7
|
|t:|1758284437
|switch|p2a: Toxapex|Toxapex, M|100/100
|-damage|p2a: Toxapex|75/100|[from] Spikes
|move|p1a: Avalugg|Rapid Spin|p2a: Toxapex
|-damage|p2a: Toxapex|65/100
|-boost|p1a: Avalugg|spe|1
|-sideend|p1: Siisisihisia|Spikes|[from] move: Rapid Spin|[of] p1a: Avalugg
|
|-heal|p2a: Toxapex|71/100|[from] item: Leftovers
|upkeep
|turn|8
|
|t:|1758284442
|switch|p1a: Gholdengo|Gholdengo|100/100
|move|p2a: Toxapex|Toxic|p1a: Gholdengo
|-immune|p1a: Gholdengo|[from] ability: Good as Gold
|
|-heal|p2a: Toxapex|77/100|[from] item: Leftovers
|upkeep
|turn|9
|
|t:|1758284447
|move|p1a: Gholdengo|Nasty Plot|p1a: Gholdengo
|-boost|p1a: Gholdengo|spa|2
|move|p2a: Toxapex|Haze|p2a: Toxapex
|-clearallboost
|
|-heal|p2a: Toxapex|83/100|[from] item: Leftovers
|upkeep
|turn|10
|
|t:|1758284453
|move|p1a: Gholdengo|Shadow Ball|p2a: Toxapex
|-damage|p2a: Toxapex|63/100
|move|p2a: Toxapex|Haze|p2a: Toxapex
|-clearallboost
|
|-heal|p2a: Toxapex|69/100|[from] item: Leftovers
|upkeep
|turn|11
|
|t:|1758284458
|move|p1a: Gholdengo|Shadow Ball|p2a: Toxapex
|-damage|p2a: Toxapex|46/100
|move|p2a: Toxapex|Toxic Spikes|p1a: Gholdengo
|-sidestart|p1: Siisisihisia|move: Toxic Spikes
|
|-heal|p2a: Toxapex|52/100|[from] item: Leftovers
|upkeep
|turn|12
|
|t:|1758284461
|move|p1a: Gholdengo|Nasty Plot|p1a: Gholdengo
|-boost|p1a: Gholdengo|spa|2
|move|p2a: Toxapex|Toxic Spikes|p1a: Gholdengo
|-sidestart|p1: Siisisihisia|move: Toxic Spikes
|
|-heal|p2a: Toxapex|58/100|[from] item: Leftovers
|upkeep
|turn|13
|
|t:|1758284463
|move|p1a: Gholdengo|Shadow Ball|p2a: Toxapex
|-damage|p2a: Toxapex|18/100
|move|p2a: Toxapex|Haze|p2a: Toxapex
|-clearallboost
|
|-heal|p2a: Toxapex|24/100|[from] item: Leftovers
|upkeep
|turn|14
|
|t:|1758284468
|switch|p2a: Weezing|Weezing-Galar, M|100/100
|-ability|p2a: Weezing|Neutralizing Gas
|move|p1a: Gholdengo|Shadow Ball|p2a: Weezing
|-damage|p2a: Weezing|55/100
|
|upkeep
|turn|15
|
|t:|1758284480
|-end|p2a: Weezing|ability: Neutralizing Gas
|switch|p2a: Toxapex|Toxapex, M|57/100
|-damage|p2a: Toxapex|32/100|[from] Spikes
|move|p1a: Gholdengo|Make It Rain|p2a: Toxapex
|-resisted|p2a: Toxapex
|-damage|p2a: Toxapex|14/100
|-unboost|p1a: Gholdengo|spa|1
|
|-heal|p2a: Toxapex|21/100|[from] item: Leftovers
|upkeep
|turn|16
|
|t:|1758284490
|switch|p2a: Garganacl|Garganacl, F|100/100
|-damage|p2a: Garganacl|75/100|[from] Spikes
|move|p1a: Gholdengo|Nasty Plot|p1a: Gholdengo
|-boost|p1a: Gholdengo|spa|2
|
|-heal|p2a: Garganacl|82/100|[from] item: Leftovers
|upkeep
|turn|17
|
|t:|1758284496
|move|p1a: Gholdengo|Make It Rain|p2a: Garganacl
|-supereffective|p2a: Garganacl
|-damage|p2a: Garganacl|0 fnt
|-unboost|p1a: Gholdengo|spa|1
|faint|p2a: Garganacl
|
|upkeep
|
|t:|1758284499
|switch|p2a: Toxapex|Toxapex, M|54/100
|-damage|p2a: Toxapex|29/100|[from] Spikes
|turn|18
|
|t:|1758284503
|move|p1a: Gholdengo|Shadow Ball|p2a: Toxapex
|-damage|p2a: Toxapex|6/100
|move|p2a: Toxapex|Recover|p2a: Toxapex
|-heal|p2a: Toxapex|56/100
|
|-heal|p2a: Toxapex|62/100|[from] item: Leftovers
|upkeep
|turn|19
|
|t:|1758284506
|move|p1a: Gholdengo|Nasty Plot|p1a: Gholdengo
|-boost|p1a: Gholdengo|spa|2
|move|p2a: Toxapex|Recover|p2a: Toxapex
|-heal|p2a: Toxapex|100/100
|
|upkeep
|turn|20
|
|t:|1758284508
|move|p1a: Gholdengo|Shadow Ball|p2a: Toxapex
|-damage|p2a: Toxapex|53/100
|move|p2a: Toxapex|Haze|p2a: Toxapex
|-clearallboost
|
|-heal|p2a: Toxapex|59/100|[from] item: Leftovers
|upkeep
|turn|21
|
|t:|1758284512
|move|p1a: Gholdengo|Shadow Ball|p2a: Toxapex
|-damage|p2a: Toxapex|37/100
|-unboost|p2a: Toxapex|spd|1
|move|p2a: Toxapex|Haze|p2a: Toxapex
|-clearallboost
|
|-heal|p2a: Toxapex|44/100|[from] item: Leftovers
|upkeep
|turn|22
|
|t:|1758284516
|move|p1a: Gholdengo|Shadow Ball|p2a: Toxapex
|-damage|p2a: Toxapex|23/100
|move|p2a: Toxapex|Recover|p2a: Toxapex
|-heal|p2a: Toxapex|73/100
|
|-heal|p2a: Toxapex|79/100|[from] item: Leftovers
|upkeep
|turn|23
|
|t:|1758284519
|move|p1a: Gholdengo|Nasty Plot|p1a: Gholdengo
|-boost|p1a: Gholdengo|spa|2
|move|p2a: Toxapex|Haze|p2a: Toxapex
|-clearallboost
|
|-heal|p2a: Toxapex|85/100|[from] item: Leftovers
|upkeep
|turn|24
|
|t:|1758284522
|switch|p1a: Slowking|Slowking-Galar, M|100/100
|-sideend|p1: Siisisihisia|move: Toxic Spikes|[of] p1a: Slowking
|move|p2a: Toxapex|Haze|p2a: Toxapex
|-clearallboost
|
|-heal|p2a: Toxapex|92/100|[from] item: Leftovers
|upkeep
|turn|25
|
|t:|1758284533
|move|p2a: Toxapex|Toxic Spikes|p1a: Slowking
|-sidestart|p1: Siisisihisia|move: Toxic Spikes
|move|p1a: Slowking|Future Sight|p2a: Toxapex
|-start|p1a: Slowking|move: Future Sight
|
|-heal|p2a: Toxapex|98/100|[from] item: Leftovers
|upkeep
|turn|26
|
|t:|1758284540
|switch|p1a: Gholdengo|Gholdengo|100/100
|move|p2a: Toxapex|Toxic Spikes|p1a: Gholdengo
|-sidestart|p1: Siisisihisia|move: Toxic Spikes
|
|-heal|p2a: Toxapex|100/100|[from] item: Leftovers
|upkeep
|turn|27
|
|t:|1758284546
|-terastallize|p2a: Toxapex|Steel
|move|p1a: Gholdengo|Nasty Plot|p1a: Gholdengo
|-boost|p1a: Gholdengo|spa|2
|move|p2a: Toxapex|Haze|p2a: Toxapex
|-clearallboost
|
|-end|p2a: Toxapex|move: Future Sight
|-resisted|p2a: Toxapex
|-damage|p2a: Toxapex|88/100
|-heal|p2a: Toxapex|94/100|[from] item: Leftovers
|upkeep
|turn|28
|
|t:|1758284551
|switch|p1a: Slowking|Slowking-Galar, M|100/100
|-sideend|p1: Siisisihisia|move: Toxic Spikes|[of] p1a: Slowking
|move|p2a: Toxapex|Haze|p2a: Toxapex
|-clearallboost
|
|-heal|p2a: Toxapex|99/100|[from] item: Leftovers
|upkeep
|turn|29
|
|t:|1758284555
|switch|p1a: Gliscor|Gliscor, F|100/100 tox
|move|p2a: Toxapex|Toxic Spikes|p1a: Gliscor
|-sidestart|p1: Siisisihisia|move: Toxic Spikes
|
|-heal|p2a: Toxapex|100/100|[from] item: Leftovers
|upkeep
|turn|30
|
|t:|1758284558
|switch|p2a: Gliscor|Gliscor, F|100/100 tox
|move|p1a: Gliscor|Earthquake|p2a: Gliscor
|-immune|p2a: Gliscor
|
|upkeep
|turn|31
|
|t:|1758284566
|move|p1a: Gliscor|U-turn|p2a: Gliscor
|-resisted|p2a: Gliscor
|-damage|p2a: Gliscor|95/100 tox
|
|t:|1758284568
|switch|p1a: Slowking|Slowking-Galar, M|100/100|[from] U-turn
|-sideend|p1: Siisisihisia|move: Toxic Spikes|[of] p1a: Slowking
|move|p2a: Gliscor|Knock Off|p1a: Slowking
|-supereffective|p1a: Slowking
|-damage|p1a: Slowking|56/100
|-enditem|p1a: Slowking|Heavy-Duty Boots|[from] move: Knock Off|[of] p2a: Gliscor
|
|-heal|p2a: Gliscor|100/100 tox|[from] ability: Poison Heal
|upkeep
|turn|32
|
|t:|1758284572
|switch|p1a: Avalugg|Avalugg, M, shiny|89/100
|move|p2a: Gliscor|Earthquake|p1a: Avalugg
|-damage|p1a: Avalugg|72/100
|
|upkeep
|turn|33
|
|t:|1758284574
|move|p2a: Gliscor|Protect|p2a: Gliscor
|-singleturn|p2a: Gliscor|Protect
|move|p1a: Avalugg|Icicle Crash|p2a: Gliscor
|-activate|p2a: Gliscor|move: Protect
|
|upkeep
|turn|34
|
|t:|1758284578
|switch|p2a: Corviknight|Corviknight, F|100/100
|-ability|p2a: Corviknight|Pressure
|move|p1a: Avalugg|Body Press|p2a: Corviknight
|-damage|p2a: Corviknight|81/100
|
|-heal|p2a: Corviknight|87/100|[from] item: Leftovers
|upkeep
|turn|35
|
|t:|1758284584
|move|p2a: Corviknight|Defog|p1a: Avalugg
|-unboost|p1a: Avalugg|evasion|1
|-sideend|p2: GarbagioFilth|Spikes|[from] move: Defog|[of] p2a: Corviknight
|move|p1a: Avalugg|Icicle Crash|p2a: Corviknight
|-damage|p2a: Corviknight|69/100
|
|-heal|p2a: Corviknight|75/100|[from] item: Leftovers
|upkeep
|turn|36
|
|t:|1758284588
|switch|p2a: Weezing|Weezing-Galar, M|55/100
|-ability|p2a: Weezing|Neutralizing Gas
|move|p1a: Avalugg|Recover|p1a: Avalugg
|-heal|p1a: Avalugg|100/100
|
|upkeep
|turn|37
|
|t:|1758284595
|switch|p1a: Slowking|Slowking-Galar, M|90/100
|move|p2a: Weezing|Pain Split|p1a: Slowking
|-sethp|p1a: Slowking|68/100|[from] move: Pain Split|[silent]
|-sethp|p2a: Weezing|80/100|[from] move: Pain Split
|
|upkeep
|turn|38
|
|t:|1758284602
|-end|p2a: Weezing|ability: Neutralizing Gas
|switch|p2a: Toxapex|Toxapex, M, tera:Steel|100/100
|move|p1a: Slowking|Future Sight|p2a: Toxapex
|-start|p1a: Slowking|move: Future Sight
|
|upkeep
|turn|39
|
|t:|1758284609
|switch|p1a: Gliscor|Gliscor, F|100/100 tox
|move|p2a: Toxapex|Toxic Spikes|p1a: Gliscor
|-sidestart|p1: Siisisihisia|move: Toxic Spikes
|
|upkeep
|turn|40
|
|t:|1758284612
|switch|p2a: Gliscor|Gliscor, F|100/100 tox
|move|p1a: Gliscor|Spikes|p2a: Gliscor
|-sidestart|p2: GarbagioFilth|Spikes
|
|-end|p2a: Gliscor|move: Future Sight
|-damage|p2a: Gliscor|64/100 tox
|-heal|p2a: Gliscor|76/100 tox|[from] ability: Poison Heal
|upkeep
|turn|41
|
|t:|1758284619
|move|p1a: Gliscor|Spikes|p2a: Gliscor
|-sidestart|p2: GarbagioFilth|Spikes
|move|p2a: Gliscor|Spikes|p1a: Gliscor
|-sidestart|p1: Siisisihisia|Spikes
|
|-heal|p2a: Gliscor|89/100 tox|[from] ability: Poison Heal
|upkeep
|turn|42
|
|t:|1758284623
|move|p1a: Gliscor|Spikes|p2a: Gliscor
|-sidestart|p2: GarbagioFilth|Spikes
|move|p2a: Gliscor|Knock Off|p1a: Gliscor
|-damage|p1a: Gliscor|88/100 tox
|-enditem|p1a: Gliscor|Toxic Orb|[from] move: Knock Off|[of] p2a: Gliscor
|
|-heal|p1a: Gliscor|99/100 tox|[from] ability: Poison Heal
|-heal|p2a: Gliscor|100/100 tox|[from] ability: Poison Heal
|upkeep
|turn|43
|
|t:|1758284626
|switch|p1a: Slowking|Slowking-Galar, M|100/100
|-sideend|p1: Siisisihisia|move: Toxic Spikes|[of] p1a: Slowking
|-damage|p1a: Slowking|88/100|[from] Spikes
|move|p2a: Gliscor|Knock Off|p1a: Slowking
|-supereffective|p1a: Slowking
|-damage|p1a: Slowking|57/100
|
|upkeep
|turn|44
|
|t:|1758284632
|switch|p1a: Avalugg|Avalugg, M, shiny|100/100
|-damage|p1a: Avalugg|88/100|[from] Spikes
|move|p2a: Gliscor|Knock Off|p1a: Avalugg
|-damage|p1a: Avalugg|81/100
|
|upkeep
|turn|45
|
|t:|1758284635
|move|p2a: Gliscor|Protect|p2a: Gliscor
|-singleturn|p2a: Gliscor|Protect
|move|p1a: Avalugg|Rapid Spin|p2a: Gliscor
|-activate|p2a: Gliscor|move: Protect
|
|upkeep
|turn|46
|
|t:|1758284636
|switch|p2a: Corviknight|Corviknight, F|75/100
|-ability|p2a: Corviknight|Pressure
|move|p1a: Avalugg|Rapid Spin|p2a: Corviknight
|-resisted|p2a: Corviknight
|-damage|p2a: Corviknight|71/100
|-boost|p1a: Avalugg|spe|1
|-sideend|p1: Siisisihisia|Spikes|[from] move: Rapid Spin|[of] p1a: Avalugg
|
|-heal|p2a: Corviknight|77/100|[from] item: Leftovers
|upkeep
|turn|47
|
|t:|1758284642
|switch|p1a: Gholdengo|Gholdengo|100/100
|move|p2a: Corviknight|Defog|p1a: Gholdengo
|-immune|p1a: Gholdengo|[from] ability: Good as Gold
|
|-heal|p2a: Corviknight|83/100|[from] item: Leftovers
|upkeep
|turn|48
|
|t:|1758284644
|switch|p2a: Toxapex|Toxapex, M, tera:Steel|100/100
|-damage|p2a: Toxapex|75/100|[from] Spikes
|move|p1a: Gholdengo|Nasty Plot|p1a: Gholdengo
|-boost|p1a: Gholdengo|spa|2
|
|-heal|p2a: Toxapex|82/100|[from] item: Leftovers
|upkeep
|turn|49
|
|t:|1758284649
|move|p1a: Gholdengo|Shadow Ball|p2a: Toxapex
|-damage|p2a: Toxapex|37/100
|move|p2a: Toxapex|Haze|p2a: Toxapex
|-clearallboost
|
|-heal|p2a: Toxapex|43/100|[from] item: Leftovers
|upkeep
|turn|50
|
|t:|1758284656
|move|p1a: Gholdengo|Nasty Plot|p1a: Gholdengo
|-boost|p1a: Gholdengo|spa|2
|move|p2a: Toxapex|Recover|p2a: Toxapex
|-heal|p2a: Toxapex|93/100
|
|-heal|p2a: Toxapex|99/100|[from] item: Leftovers
|upkeep
|turn|51
|
|t:|1758284658
|move|p1a: Gholdengo|Shadow Ball|p2a: Toxapex
|-damage|p2a: Toxapex|57/100
|move|p2a: Toxapex|Haze|p2a: Toxapex
|-clearallboost
|
|-heal|p2a: Toxapex|63/100|[from] item: Leftovers
|upkeep
|turn|52
|
|t:|1758284663
|move|p1a: Gholdengo|Nasty Plot|p1a: Gholdengo
|-boost|p1a: Gholdengo|spa|2
|move|p2a: Toxapex|Haze|p2a: Toxapex
|-clearallboost
|
|-heal|p2a: Toxapex|70/100|[from] item: Leftovers
|upkeep
|turn|53
|
|t:|1758284664
|move|p1a: Gholdengo|Shadow Ball|p2a: Toxapex
|-damage|p2a: Toxapex|46/100
|move|p2a: Toxapex|Haze|p2a: Toxapex
|-clearallboost
|
|-heal|p2a: Toxapex|52/100|[from] item: Leftovers
|upkeep
|turn|54
|
|t:|1758284667
|switch|p1a: Darkrai|Darkrai|100/100
|move|p2a: Toxapex|Haze|p2a: Toxapex
|-clearallboost
|
|-heal|p2a: Toxapex|58/100|[from] item: Leftovers
|upkeep
|turn|55
|
|t:|1758284677
|switch|p2a: Corviknight|Corviknight, F|83/100
|-ability|p2a: Corviknight|Pressure
|move|p1a: Darkrai|Dark Pulse|p2a: Corviknight
|-damage|p2a: Corviknight|11/100
|
|-heal|p2a: Corviknight|17/100|[from] item: Leftovers
|upkeep
|turn|56
|
|t:|1758284689
|switch|p2a: Gliscor|Gliscor, F|100/100 tox
|move|p1a: Darkrai|Dark Pulse|p2a: Gliscor
|-damage|p2a: Gliscor|42/100 tox
|
|-heal|p2a: Gliscor|54/100 tox|[from] ability: Poison Heal
|upkeep
|turn|57
|
|t:|1758284694
|move|p2a: Gliscor|Protect|p2a: Gliscor
|-singleturn|p2a: Gliscor|Protect
|move|p1a: Darkrai|Dark Pulse|p2a: Gliscor
|-activate|p2a: Gliscor|move: Protect
|
|-heal|p2a: Gliscor|67/100 tox|[from] ability: Poison Heal
|upkeep
|turn|58
|
|t:|1758284698
|-terastallize|p1a: Darkrai|Dark
|move|p1a: Darkrai|Dark Pulse|p2a: Gliscor
|-damage|p2a: Gliscor|0 fnt
|faint|p2a: Gliscor
|
|upkeep
|
|t:|1758284703
|switch|p2a: Dondozo|Dondozo, M|100/100
|-damage|p2a: Dondozo|76/100|[from] Spikes
|turn|59
|
|t:|1758284705
|move|p1a: Darkrai|Dark Pulse|p2a: Dondozo
|-damage|p2a: Dondozo|0 fnt
|faint|p2a: Dondozo
|
|upkeep
|
|t:|1758284708
|switch|p2a: Corviknight|Corviknight, F|17/100
|-ability|p2a: Corviknight|Pressure
|turn|60
|
|t:|1758284710
|move|p1a: Darkrai|Dark Pulse|p2a: Corviknight
|-damage|p2a: Corviknight|0 fnt
|faint|p2a: Corviknight
|
|upkeep
|
|t:|1758284711
|switch|p2a: Toxapex|Toxapex, M, tera:Steel|92/100
|-damage|p2a: Toxapex|67/100|[from] Spikes
|turn|61
|
|t:|1758284714
|move|p1a: Darkrai|Dark Pulse|p2a: Toxapex
|-damage|p2a: Toxapex|8/100
|move|p2a: Toxapex|Toxic|p1a: Darkrai
|-status|p1a: Darkrai|tox
|
|-heal|p2a: Toxapex|14/100|[from] item: Leftovers
|-damage|p1a: Darkrai|94/100 tox|[from] psn
|upkeep
|turn|62
|
|t:|1758284718
|switch|p2a: Weezing|Weezing-Galar, M|80/100
|-ability|p2a: Weezing|Neutralizing Gas
|move|p1a: Darkrai|Dark Pulse|p2a: Weezing
|-resisted|p2a: Weezing
|-damage|p2a: Weezing|19/100
|
|-damage|p1a: Darkrai|82/100 tox|[from] psn
|upkeep
|turn|63
|
|t:|1758284726
|move|p1a: Darkrai|Dark Pulse|p2a: Weezing
|-resisted|p2a: Weezing
|-damage|p2a: Weezing|0 fnt
|faint|p2a: Weezing
|-end|p2a: Weezing|ability: Neutralizing Gas
|
|-damage|p1a: Darkrai|64/100 tox|[from] psn
|upkeep
|
|t:|1758284727
|switch|p2a: Toxapex|Toxapex, M, tera:Steel|48/100
|-damage|p2a: Toxapex|23/100|[from] Spikes
|turn|64
|
|t:|1758284729
|move|p1a: Darkrai|Dark Pulse|p2a: Toxapex
|-damage|p2a: Toxapex|0 fnt
|faint|p2a: Toxapex
|
|win|Siisisihisia
|raw|Siisisihisia's rating: 1483 &rarr; <strong>1498</strong><br />(+15 for winning)
|raw|GarbagioFilth's rating: 1403 &rarr; <strong>1388</strong><br />(-15 for losing)
|l|‽GarbagioFilth
|player|p2|
|l|☆Siisisihisia
|player|p1|
