|j|☆tmelo
|j|☆monkeyhighbooster
|t:|1758299341
|gametype|singles
|player|p1|tmelo|byron|1370
|player|p2|monkeyhighbooster|cynthia-gen4|1328
|gen|9
|tier|[Gen 9] OU
|rated|
|rule|HP Percentage Mod: HP is shown in percentages
|rule|Endless Battle Clause: Forcing endless battles is banned
|rule|Species Clause: Limit one of each Pokémon
|rule|OHKO Clause: OHKO moves are banned
|rule|Evasion Items Clause: Evasion items are banned
|rule|Evasion Moves Clause: Evasion moves are banned
|rule|Evasion Abilities Clause: Evasion abilities are banned
|rule|Sleep Moves Clause: Sleep-inducing moves are banned
|clearpoke
|poke|p1|Gholdengo|
|poke|p1|Ogerpon-Wellspring, F|
|poke|p1|Glimmora, M|
|poke|p1|Enamorus, F|
|poke|p1|Weavile, F|
|poke|p1|Gliscor, F|
|poke|p2|Arboliva, F|
|poke|p2|Torkoal, M|
|poke|p2|Swampert, M|
|poke|p2|Heatran, M|
|poke|p2|Zamazenta-*|
|poke|p2|Gholdengo|
|teampreview
|
|t:|1758299350
|teamsize|p1|6
|teamsize|p2|6
|start
|switch|p1a: Glimmora|Glimmora, M|100/100
|switch|p2a: Swampert|Swampert, M, shiny|100/100
|turn|1
|
|t:|1758299375
|switch|p1a: Ogerpon|Ogerpon-Wellspring, F|100/100
|move|p2a: Swampert|Stealth Rock|p1a: Ogerpon
|-sidestart|p1: tmelo|move: Stealth Rock
|
|upkeep
|turn|2
|
|t:|1758299388
|switch|p2a: T H E|Arboliva, F|100/100
|move|p1a: Ogerpon|Ivy Cudgel|p2a: T H E|[anim] Ivy Cudgel Water
|-resisted|p2a: T H E
|-damage|p2a: T H E|71/100
|-fieldstart|move: Grassy Terrain|[from] ability: Seed Sower|[of] p2a: T H E
|-enditem|p2a: T H E|Grassy Seed
|-boost|p2a: T H E|def|1|[from] item: Grassy Seed
|
|-heal|p2a: T H E|77/100|[from] Grassy Terrain
|upkeep
|turn|3
|
|t:|1758299405
|switch|p1a: Gholdengo|Gholdengo|100/100
|-damage|p1a: Gholdengo|94/100|[from] Stealth Rock
|-item|p1a: Gholdengo|Air Balloon
|move|p2a: T H E|Giga Drain|p1a: Gholdengo
|-resisted|p1a: Gholdengo
|-damage|p1a: Gholdengo|65/100
|-heal|p2a: T H E|90/100|[from] drain|[of] p1a: Gholdengo
|-enditem|p1a: Gholdengo|Air Balloon
|
|-heal|p1a: Gholdengo|71/100|[from] Grassy Terrain
|-heal|p2a: T H E|96/100|[from] Grassy Terrain
|upkeep
|turn|4
|
|t:|1758299415
|move|p1a: Gholdengo|Focus Blast|p2a: T H E
|-supereffective|p2a: T H E
|-damage|p2a: T H E|31/100
|move|p2a: T H E|Earth Power|p1a: Gholdengo
|-supereffective|p1a: Gholdengo
|-damage|p1a: Gholdengo|0 fnt
|faint|p1a: Gholdengo
|
|-heal|p2a: T H E|37/100|[from] Grassy Terrain
|upkeep
|
|t:|1758299433
|switch|p1a: Enamorus|Enamorus, F|100/100
|turn|5
|
|t:|1758299467
|move|p1a: Enamorus|Moonblast|p2a: T H E
|-damage|p2a: T H E|0 fnt
|faint|p2a: T H E
|
|upkeep
|
|t:|1758299480
|switch|p2a: Heatran|Heatran, M|100/100
|-item|p2a: Heatran|Air Balloon
|turn|6
|
|t:|1758299544
|move|p1a: Enamorus|Superpower|p2a: Heatran
|-supereffective|p2a: Heatran
|-damage|p2a: Heatran|47/100
|-boost|p1a: Enamorus|atk|1
|-boost|p1a: Enamorus|def|1
|-enditem|p2a: Heatran|Air Balloon
|move|p2a: Heatran|Flash Cannon|p1a: Enamorus
|-supereffective|p1a: Enamorus
|-damage|p1a: Enamorus|0 fnt
|faint|p1a: Enamorus
|
|-heal|p2a: Heatran|53/100|[from] Grassy Terrain
|-fieldend|move: Grassy Terrain
|upkeep
|
|t:|1758299568
|switch|p1a: Glimmora|Glimmora, M|100/100
|-damage|p1a: Glimmora|88/100|[from] Stealth Rock
|turn|7
|
|t:|1758299594
|move|p1a: Glimmora|Earth Power|p2a: Heatran
|-supereffective|p2a: Heatran
|-damage|p2a: Heatran|0 fnt
|faint|p2a: Heatran
|
|upkeep
|
|t:|1758299608
|switch|p2a: Gholdengo|Gholdengo|100/100
|-item|p2a: Gholdengo|Air Balloon
|turn|8
|inactive|Battle timer is ON: inactive players will automatically lose when time's up. (requested by monkeyhighbooster)
|
|t:|1758299637
|move|p1a: Glimmora|Stealth Rock|p2a: Gholdengo
|-sidestart|p2: monkeyhighbooster|move: Stealth Rock
|move|p2a: Gholdengo|Thunder Wave|p1a: Glimmora
|-status|p1a: Glimmora|par
|
|upkeep
|turn|9
|
|t:|1758299646
|move|p2a: Gholdengo|Hex|p1a: Glimmora
|-damage|p1a: Glimmora|0 fnt
|faint|p1a: Glimmora
|
|upkeep
|
|t:|1758299658
|switch|p1a: Weavile|Weavile, F|100/100
|-damage|p1a: Weavile|76/100|[from] Stealth Rock
|-ability|p1a: Weavile|Pressure
|turn|10
|inactive|tmelo has 120 seconds left.
|
|t:|1758299692
|switch|p2a: Zamazenta|Zamazenta|100/100
|-damage|p2a: Zamazenta|94/100|[from] Stealth Rock
|-ability|p2a: Zamazenta|Dauntless Shield|boost
|-boost|p2a: Zamazenta|def|1
|move|p1a: Weavile|Knock Off|p2a: Zamazenta
|-resisted|p2a: Zamazenta
|-damage|p2a: Zamazenta|80/100
|-enditem|p2a: Zamazenta|Grassy Seed|[from] move: Knock Off|[of] p1a: Weavile
|-damage|p1a: Weavile|66/100|[from] item: Life Orb
|
|upkeep
|turn|11
|inactive|tmelo has 120 seconds left.
|
|t:|1758299716
|move|p2a: Zamazenta|Iron Defense|p2a: Zamazenta
|-boost|p2a: Zamazenta|def|2
|move|p1a: Weavile|Triple Axel|p2a: Zamazenta
|-damage|p2a: Zamazenta|76/100
|-damage|p2a: Zamazenta|68/100
|-damage|p2a: Zamazenta|55/100
|-hitcount|p2a: Zamazenta|3
|-damage|p1a: Weavile|56/100|[from] item: Life Orb
|
|upkeep
|turn|12
|
|t:|1758299724
|move|p2a: Zamazenta|Iron Defense|p2a: Zamazenta
|-boost|p2a: Zamazenta|def|2
|move|p1a: Weavile|Triple Axel|p2a: Zamazenta|[miss]
|-miss|p1a: Weavile|p2a: Zamazenta
|
|upkeep
|turn|13
|inactive|tmelo has 120 seconds left.
|-message|tmelo forfeited.
|
|win|monkeyhighbooster
|raw|tmelo's rating: 1370 &rarr; <strong>1348</strong><br />(-22 for losing)
|raw|monkeyhighbooster's rating: 1328 &rarr; <strong>1350</strong><br />(+22 for winning)
|l|☆tmelo
|player|p1|
|l|☆monkeyhighbooster
|player|p2|
