|j|☆son of soulja
|j|☆hoons
|t:|1758266268
|gametype|singles
|player|p1|son of soulja|boarder|1485
|player|p2|hoons|265|1533
|gen|9
|tier|[Gen 9] OU
|rated|
|rule|HP Percentage Mod: HP is shown in percentages
|rule|Endless Battle Clause: Forcing endless battles is banned
|rule|Species Clause: Limit one of each Pokémon
|rule|OHKO Clause: OHKO moves are banned
|rule|Evasion Items Clause: Evasion items are banned
|rule|Evasion Moves Clause: Evasion moves are banned
|rule|Evasion Abilities Clause: Evasion abilities are banned
|rule|Sleep Moves Clause: Sleep-inducing moves are banned
|clearpoke
|poke|p1|Landorus-Therian, M|
|poke|p1|Sinistcha|
|poke|p1|Tinkaton, F|
|poke|p1|Moltres|
|poke|p1|Samurott-Hisui, M|
|poke|p1|Hydreigon, M|
|poke|p2|Raging Bolt|
|poke|p2|Great Tusk|
|poke|p2|Kingambit, F|
|poke|p2|Ogerpon-Wellspring, F|
|poke|p2|Weezing-Galar, M|
|poke|p2|Zamazenta-*|
|teampreview
|inactive|Battle timer is ON: inactive players will automatically lose when time's up. (requested by son of soulja)
|inactive|hoons has 120 seconds left.
|inactive|son of soulja has 120 seconds left.
|inactive|hoons has 90 seconds left.
|inactive|son of soulja has 90 seconds left.
|inactive|hoons has 60 seconds left.
|
|t:|1758266363
|teamsize|p1|6
|teamsize|p2|6
|start
|switch|p1a: Landorus|Landorus-Therian, M|100/100
|switch|p2a: Great Tusk|Great Tusk|100/100
|-ability|p1a: Landorus|Intimidate|boost
|-unboost|p2a: Great Tusk|atk|1
|-enditem|p2a: Great Tusk|Booster Energy
|-activate|p2a: Great Tusk|ability: Protosynthesis|[fromitem]
|-start|p2a: Great Tusk|protosynthesisspe
|turn|1
|inactive|hoons has 120 seconds left.
|
|t:|1758266373
|move|p1a: Landorus|Grass Knot|p2a: Great Tusk
|-supereffective|p2a: Great Tusk
|-damage|p2a: Great Tusk|23/100
|move|p2a: Great Tusk|Knock Off|p1a: Landorus
|-damage|p1a: Landorus|78/100
|-enditem|p1a: Landorus|Choice Scarf|[from] move: Knock Off|[of] p2a: Great Tusk
|
|upkeep
|turn|2
|inactive|hoons has 120 seconds left.
|
|t:|1758266388
|move|p2a: Great Tusk|Stealth Rock|p1a: Landorus
|-sidestart|p1: son of soulja|move: Stealth Rock
|move|p1a: Landorus|Earthquake|p2a: Great Tusk
|-damage|p2a: Great Tusk|0 fnt
|faint|p2a: Great Tusk
|-end|p2a: Great Tusk|Protosynthesis|[silent]
|
|upkeep
|
|t:|1758266391
|switch|p2a: Ogerpon|Ogerpon-Wellspring, F|100/100
|turn|3
|
|t:|1758266408
|switch|p2a: Kingambit|Kingambit, F|100/100
|-activate|p2a: Kingambit|ability: Supreme Overlord
|-start|p2a: Kingambit|fallen1|[silent]
|switch|p1a: Sinistcha|Sinistcha|100/100
|
|upkeep
|turn|4
|
|t:|1758266414
|switch|p1a: Tinkaton|Tinkaton, F|100/100
|-damage|p1a: Tinkaton|94/100|[from] Stealth Rock
|-item|p1a: Tinkaton|Air Balloon
|move|p2a: Kingambit|Kowtow Cleave|p1a: Tinkaton
|-resisted|p1a: Tinkaton
|-damage|p1a: Tinkaton|56/100
|-enditem|p1a: Tinkaton|Air Balloon
|-enditem|p2a: Kingambit|Assault Vest|[silent]|[from] ability: Pickpocket|[of] p2a: Kingambit
|-item|p1a: Tinkaton|Assault Vest|[from] ability: Pickpocket|[of] p2a: Kingambit
|
|upkeep
|turn|5
|
|t:|1758266429
|move|p1a: Tinkaton|Gigaton Hammer|p2a: Kingambit
|-resisted|p2a: Kingambit
|-damage|p2a: Kingambit|78/100
|move|p2a: Kingambit|Iron Head|p1a: Tinkaton
|-crit|p1a: Tinkaton
|-damage|p1a: Tinkaton|0 fnt
|faint|p1a: Tinkaton
|
|upkeep
|
|t:|1758266440
|switch|p1a: Hydreigon|Hydreigon, M, shiny|100/100
|-damage|p1a: Hydreigon|88/100|[from] Stealth Rock
|turn|6
|
|t:|1758266454
|-terastallize|p2a: Kingambit|Flying
|move|p1a: Hydreigon|Flash Cannon|p2a: Kingambit
|-damage|p2a: Kingambit|35/100
|move|p2a: Kingambit|Low Kick|p1a: Hydreigon
|-supereffective|p1a: Hydreigon
|-damage|p1a: Hydreigon|0 fnt
|faint|p1a: Hydreigon
|
|upkeep
|-message|son of soulja forfeited.
|
|win|hoons
|raw|son of soulja's rating: 1485 &rarr; <strong>1468</strong><br />(-17 for losing)
|raw|hoons's rating: 1533 &rarr; <strong>1550</strong><br />(+17 for winning)
|l|☆son of soulja
|player|p1|
|l|☆hoons
|player|p2|
