|j|☆Minoluck
|j|☆alexis77350
|t:|1758377188
|gametype|singles
|player|p1|Minoluck|gentleman-gen4dp|1275
|player|p2|alexis77350|2|1320
|gen|9
|tier|[Gen 9] OU
|rated|
|rule|HP Percentage Mod: HP is shown in percentages
|rule|Endless Battle Clause: Forcing endless battles is banned
|rule|Species Clause: Limit one of each Pokémon
|rule|OHKO Clause: OHKO moves are banned
|rule|Evasion Items Clause: Evasion items are banned
|rule|Evasion Moves Clause: Evasion moves are banned
|rule|Evasion Abilities Clause: Evasion abilities are banned
|rule|Sleep Moves Clause: Sleep-inducing moves are banned
|clearpoke
|poke|p1|Staraptor, M|
|poke|p1|Iron Valiant|
|poke|p1|Arcanine-Hisui, M|
|poke|p1|Raging Bolt|
|poke|p1|Pincurchin, M|
|poke|p1|Iron Treads|
|poke|p2|Blaziken, M|
|poke|p2|Tinkaton, F|
|poke|p2|Primarina, F|
|poke|p2|Kingambit, M|
|poke|p2|Dragapult, M|
|poke|p2|Gliscor, F|
|teampreview
|
|t:|1758377196
|teamsize|p1|6
|teamsize|p2|6
|start
|switch|p1a: Arcanine|Arcanine-Hisui, M|100/100
|switch|p2a: Tinkaton|Tinkaton, F|100/100
|-item|p2a: Tinkaton|Air Balloon
|turn|1
|
|t:|1758377208
|switch|p2a: Gliscor|Gliscor, F|100/100
|move|p1a: Arcanine|Flare Blitz|p2a: Gliscor
|-damage|p2a: Gliscor|54/100
|
|-status|p2a: Gliscor|tox|[from] item: Toxic Orb
|upkeep
|turn|2
|
|t:|1758377213
|switch|p1a: Staraptor|Staraptor, M|100/100
|move|p2a: Gliscor|Protect||[still]
|-fail|p2a: Gliscor
|
|-heal|p2a: Gliscor|66/100 tox|[from] ability: Poison Heal
|upkeep
|turn|3
|
|t:|1758377216
|move|p1a: Staraptor|Brave Bird|p2a: Gliscor
|-damage|p2a: Gliscor|0 fnt
|faint|p2a: Gliscor
|-damage|p1a: Staraptor|76/100|[from] Recoil
|
|upkeep
|
|t:|1758377235
|switch|p2a: Tinkaton|Tinkaton, F|100/100
|-item|p2a: Tinkaton|Air Balloon
|turn|4
|
|t:|1758377242
|switch|p1a: Pincurchin|Pincurchin, M|100/100
|-fieldstart|move: Electric Terrain|[from] ability: Electric Surge|[of] p1a: Pincurchin
|move|p2a: Tinkaton|Stealth Rock|p1a: Pincurchin
|-sidestart|p1: Minoluck|move: Stealth Rock
|
|upkeep
|turn|5
|
|t:|1758377249
|move|p2a: Tinkaton|Gigaton Hammer|p1a: Pincurchin
|-resisted|p1a: Pincurchin
|-damage|p1a: Pincurchin|73/100
|move|p1a: Pincurchin|Thunder Wave|p2a: Tinkaton
|-status|p2a: Tinkaton|par
|
|upkeep
|turn|6
|
|t:|1758377261
|switch|p2a: Kingambit|Kingambit, M|100/100
|-activate|p2a: Kingambit|ability: Supreme Overlord
|-start|p2a: Kingambit|fallen1|[silent]
|move|p1a: Pincurchin|Discharge|p2a: Kingambit
|-damage|p2a: Kingambit|50/100
|
|-heal|p2a: Kingambit|56/100|[from] item: Leftovers
|upkeep
|turn|7
|
|t:|1758377268
|move|p2a: Kingambit|Swords Dance|p2a: Kingambit
|-boost|p2a: Kingambit|atk|2
|move|p1a: Pincurchin|Thunder Wave|p2a: Kingambit
|-status|p2a: Kingambit|par
|
|-heal|p2a: Kingambit|62/100 par|[from] item: Leftovers
|upkeep
|turn|8
|
|t:|1758377272
|move|p2a: Kingambit|Kowtow Cleave|p1a: Pincurchin
|-damage|p1a: Pincurchin|0 fnt
|faint|p1a: Pincurchin
|
|-heal|p2a: Kingambit|69/100 par|[from] item: Leftovers
|upkeep
|
|t:|1758377283
|switch|p1a: Iron Treads|Iron Treads|100/100
|-activate|p1a: Iron Treads|ability: Quark Drive
|-start|p1a: Iron Treads|quarkdriveatk
|turn|9
|
|t:|1758377287
|move|p1a: Iron Treads|Rapid Spin|p2a: Kingambit
|-resisted|p2a: Kingambit
|-damage|p2a: Kingambit|59/100 par
|-boost|p1a: Iron Treads|spe|1
|-sideend|p1: Minoluck|Stealth Rock|[from] move: Rapid Spin|[of] p1a: Iron Treads
|move|p2a: Kingambit|Kowtow Cleave|p1a: Iron Treads
|-damage|p1a: Iron Treads|4/100
|
|-heal|p2a: Kingambit|65/100 par|[from] item: Leftovers
|upkeep
|turn|10
|
|t:|1758377290
|move|p2a: Kingambit|Sucker Punch|p1a: Iron Treads
|-damage|p1a: Iron Treads|0 fnt
|faint|p1a: Iron Treads
|-end|p1a: Iron Treads|Quark Drive|[silent]
|
|-heal|p2a: Kingambit|71/100 par|[from] item: Leftovers
|upkeep
|
|t:|1758377292
|switch|p1a: Iron Valiant|Iron Valiant|100/100
|-activate|p1a: Iron Valiant|ability: Quark Drive
|-start|p1a: Iron Valiant|quarkdrivespe
|turn|11
|
|t:|1758377297
|move|p1a: Iron Valiant|Aura Sphere|p2a: Kingambit
|-supereffective|p2a: Kingambit
|-damage|p2a: Kingambit|0 fnt
|faint|p2a: Kingambit
|-end|p2a: Kingambit|fallen1|[silent]
|-damage|p1a: Iron Valiant|91/100|[from] item: Life Orb
|
|-fieldend|move: Electric Terrain
|-end|p1a: Iron Valiant|Quark Drive
|upkeep
|
|t:|1758377308
|switch|p2a: Blaziken|Blaziken, M|100/100
|turn|12
|
|t:|1758377323
|move|p2a: Blaziken|Protect|p2a: Blaziken
|-singleturn|p2a: Blaziken|Protect
|move|p1a: Iron Valiant|Calm Mind|p1a: Iron Valiant
|-boost|p1a: Iron Valiant|spa|1
|-boost|p1a: Iron Valiant|spd|1
|
|-ability|p2a: Blaziken|Speed Boost|boost
|-boost|p2a: Blaziken|spe|1
|upkeep
|turn|13
|
|t:|1758377326
|move|p2a: Blaziken|Flare Blitz|p1a: Iron Valiant
|-crit|p1a: Iron Valiant
|-damage|p1a: Iron Valiant|0 fnt
|faint|p1a: Iron Valiant
|-end|p1a: Iron Valiant|Quark Drive|[silent]
|-damage|p2a: Blaziken|72/100|[from] Recoil
|
|-ability|p2a: Blaziken|Speed Boost|boost
|-boost|p2a: Blaziken|spe|1
|upkeep
|
|t:|1758377333
|switch|p1a: Raging Bolt|Raging Bolt|100/100
|turn|14
|
|t:|1758377337
|move|p2a: Blaziken|Swords Dance|p2a: Blaziken
|-boost|p2a: Blaziken|atk|2
|move|p1a: Raging Bolt|Volt Switch|p2a: Blaziken
|-crit|p2a: Blaziken
|-damage|p2a: Blaziken|0 fnt
|faint|p2a: Blaziken
|
|t:|1758377341
|-end|p1a: Raging Bolt|Protosynthesis|[silent]
|switch|p1a: Arcanine|Arcanine-Hisui, M|100/100|[from] Volt Switch
|
|upkeep
|
|t:|1758377347
|switch|p2a: Dragapult|Dragapult, M|100/100
|turn|15
|
|t:|1758377349
|move|p1a: Arcanine|Head Smash|p2a: Dragapult
|-damage|p2a: Dragapult|0 fnt
|faint|p2a: Dragapult
|
|upkeep
|
|t:|1758377355
|switch|p2a: Primarina|Primarina, F|100/100
|turn|16
|
|t:|1758377359
|move|p1a: Arcanine|Head Smash|p2a: Primarina|[miss]
|-miss|p1a: Arcanine|p2a: Primarina
|move|p2a: Primarina|Surf|p1a: Arcanine
|-supereffective|p1a: Arcanine
|-damage|p1a: Arcanine|0 fnt
|faint|p1a: Arcanine
|
|upkeep
|
|t:|1758377361
|switch|p1a: Raging Bolt|Raging Bolt|100/100
|turn|17
|
|t:|1758377364
|-terastallize|p2a: Primarina|Steel
|-terastallize|p1a: Raging Bolt|Electric
|move|p2a: Primarina|Moonblast|p1a: Raging Bolt
|-damage|p1a: Raging Bolt|60/100
|move|p1a: Raging Bolt|Volt Switch|p2a: Primarina
|-damage|p2a: Primarina|51/100
|
|t:|1758377373
|-end|p1a: Raging Bolt|Protosynthesis|[silent]
|switch|p1a: Staraptor|Staraptor, M|76/100|[from] Volt Switch
|
|upkeep
|turn|18
|
|t:|1758377375
|switch|p2a: Tinkaton|Tinkaton, F|100/100 par
|-item|p2a: Tinkaton|Air Balloon
|move|p1a: Staraptor|Close Combat|p2a: Tinkaton
|-damage|p2a: Tinkaton|33/100 par
|-unboost|p1a: Staraptor|def|1
|-unboost|p1a: Staraptor|spd|1
|-enditem|p2a: Tinkaton|Air Balloon
|-enditem|p1a: Staraptor|Choice Band|[silent]|[from] ability: Pickpocket|[of] p1a: Staraptor
|-item|p2a: Tinkaton|Choice Band|[from] ability: Pickpocket|[of] p1a: Staraptor
|
|upkeep
|turn|19
|
|t:|1758377382
|move|p1a: Staraptor|Close Combat|p2a: Tinkaton
|-damage|p2a: Tinkaton|0 fnt
|-unboost|p1a: Staraptor|def|1
|-unboost|p1a: Staraptor|spd|1
|faint|p2a: Tinkaton
|
|upkeep
|
|t:|1758377384
|switch|p2a: Primarina|Primarina, F, tera:Steel|51/100
|turn|20
|
|t:|1758377386
|move|p1a: Staraptor|Close Combat|p2a: Primarina
|-supereffective|p2a: Primarina
|-damage|p2a: Primarina|0 fnt
|-unboost|p1a: Staraptor|def|1
|-unboost|p1a: Staraptor|spd|1
|faint|p2a: Primarina
|
|win|Minoluck
|raw|Minoluck's rating: 1275 &rarr; <strong>1303</strong><br />(+28 for winning)
|raw|alexis77350's rating: 1320 &rarr; <strong>1297</strong><br />(-23 for losing)
|l|☆Minoluck
|player|p1|
|l|☆alexis77350
|player|p2|
