|inactive|Battle timer is ON: inactive players will automatically lose when time's up.
|t:|1758329833
|gametype|singles
|player|p1|Mister McLovin|#wcop2025chile|
|player|p2|Pokemh|lass-gen4dp|
|gen|9
|tier|[Gen 9] OU
|rule|HP Percentage Mod: HP is shown in percentages
|rule|Endless Battle Clause: Forcing endless battles is banned
|rule|Species Clause: Limit one of each Pokémon
|rule|OHKO Clause: OHKO moves are banned
|rule|Evasion Items Clause: Evasion items are banned
|rule|Evasion Moves Clause: Evasion moves are banned
|rule|Evasion Abilities Clause: Evasion abilities are banned
|rule|Sleep Moves Clause: Sleep-inducing moves are banned
|clearpoke
|poke|p1|Latios, M|
|poke|p1|Darkrai|
|poke|p1|Great Tusk|
|poke|p1|Garganacl, M|
|poke|p1|Rillaboom, F|
|poke|p1|Gholdengo|
|poke|p2|Iron Treads|
|poke|p2|Alomomola, M|
|poke|p2|Lokix, F|
|poke|p2|Latios, M|
|poke|p2|Pecharunt|
|poke|p2|Zamazenta-*|
|teampreview
|c|☆Pokemh|glhf 
|c|☆Mister McLovin|hf
|inactive|Mister McLovin has 270 seconds left.
|inactive|Pokemh has 270 seconds left.
|inactive|Mister McLovin has 240 seconds left.
|inactive|Pokemh has 240 seconds left.
|inactive|Mister McLovin has 210 seconds left.
|inactive|Pokemh has 210 seconds left.
|inactive|Pokemh has 180 seconds left.
|inactive|Mister McLovin has 180 seconds left.
|inactive|Pokemh has 150 seconds left.
|c|+DripLegend|go mh
|
|t:|1758330006
|teamsize|p1|6
|teamsize|p2|6
|start
|switch|p1a: Garganacl|Garganacl, M|100/100
|switch|p2a: Lokix|Lokix, F|100/100
|turn|1
|inactive|Mister McLovin has 240 seconds left.
|
|t:|1758330020
|move|p2a: Lokix|Knock Off|p1a: Garganacl
|-damage|p1a: Garganacl|57/100
|-enditem|p1a: Garganacl|Leftovers|[from] move: Knock Off|[of] p2a: Lokix
|move|p1a: Garganacl|Stealth Rock|p2a: Lokix
|-sidestart|p2: Pokemh|move: Stealth Rock
|
|upkeep
|turn|2
|inactive|Mister McLovin has 240 seconds left.
|inactive|Pokemh has 180 seconds left.
|
|t:|1758330057
|switch|p2a: Latios|Latios, M|100/100
|-damage|p2a: Latios|88/100|[from] Stealth Rock
|move|p1a: Garganacl|Recover|p1a: Garganacl
|-heal|p1a: Garganacl|100/100
|
|upkeep
|turn|3
|inactive|Pokemh has 180 seconds left.
|inactive|Mister McLovin has 210 seconds left.
|
|t:|1758330090
|move|p2a: Latios|Calm Mind|p2a: Latios
|-boost|p2a: Latios|spa|1
|-boost|p2a: Latios|spd|1
|move|p1a: Garganacl|Salt Cure|p2a: Latios
|-damage|p2a: Latios|69/100
|-start|p2a: Latios|Salt Cure
|
|-damage|p2a: Latios|57/100|[from] Salt Cure
|upkeep
|turn|4
|inactive|Mister McLovin has 210 seconds left.
|inactive|Pokemh has 150 seconds left.
|
|t:|1758330123
|switch|p1a: Darkrai|Darkrai, shiny|100/100
|move|p2a: Latios|Draco Meteor|p1a: Darkrai|[miss]
|-miss|p2a: Latios|p1a: Darkrai
|
|-damage|p2a: Latios|45/100|[from] Salt Cure
|upkeep
|turn|5
|c|☆Mister McLovin|oops
|c|☆Mister McLovin|sorry
|
|t:|1758330138
|switch|p2a: Alomomola|Alomomola, M|100/100
|move|p1a: Darkrai|Dark Pulse|p2a: Alomomola
|-damage|p2a: Alomomola|66/100
|
|upkeep
|turn|6
|
|t:|1758330143
|move|p1a: Darkrai|Nasty Plot|p1a: Darkrai
|-boost|p1a: Darkrai|spa|2
|move|p2a: Alomomola|Flip Turn|p1a: Darkrai
|-damage|p1a: Darkrai|82/100
|inactive|Pokemh has 150 seconds left.
|inactive|Pokemh has 120 seconds left.
|
|t:|1758330201
|switch|p2a: Lokix|Lokix, F|100/100|[from] Flip Turn
|-damage|p2a: Lokix|76/100|[from] Stealth Rock
|
|-heal|p1a: Darkrai|88/100|[from] item: Leftovers
|upkeep
|turn|7
|inactive|Mister McLovin has 210 seconds left.
|inactive|Pokemh has 90 seconds left.
|inactive|Mister McLovin has 180 seconds left.
|inactive|Pokemh has 60 seconds left.
|
|t:|1758330255
|-terastallize|p1a: Darkrai|Poison
|move|p2a: Lokix|First Impression|p1a: Darkrai
|-resisted|p1a: Darkrai
|-damage|p1a: Darkrai|4/100
|move|p1a: Darkrai|Dark Pulse|p2a: Lokix
|-resisted|p2a: Lokix
|-damage|p2a: Lokix|0 fnt
|faint|p2a: Lokix
|
|-heal|p1a: Darkrai|10/100|[from] item: Leftovers
|upkeep
|inactive|Pokemh has 60 seconds left.
|
|t:|1758330263
|switch|p2a: Zamazenta|Zamazenta|100/100
|-ability|p2a: Zamazenta|Dauntless Shield|boost
|-boost|p2a: Zamazenta|def|1
|turn|8
|
|t:|1758330267
|switch|p1a: Gholdengo|Gholdengo|100/100
|-item|p1a: Gholdengo|Air Balloon
|move|p2a: Zamazenta|Crunch|p1a: Gholdengo
|-supereffective|p1a: Gholdengo
|-damage|p1a: Gholdengo|62/100
|-enditem|p1a: Gholdengo|Air Balloon
|
|upkeep
|turn|9
|inactive|Mister McLovin has 180 seconds left.
|
|t:|1758330279
|switch|p2a: Iron Treads|Iron Treads|100/100
|-damage|p2a: Iron Treads|98/100|[from] Stealth Rock
|move|p1a: Gholdengo|Recover|p1a: Gholdengo
|-heal|p1a: Gholdengo|100/100
|
|-heal|p2a: Iron Treads|100/100|[from] item: Leftovers
|upkeep
|turn|10
|
|t:|1758330287
|switch|p1a: Great Tusk|Great Tusk|100/100
|move|p2a: Iron Treads|Stealth Rock|p1a: Great Tusk
|-sidestart|p1: Mister McLovin|move: Stealth Rock
|
|upkeep
|turn|11
|inactive|Mister McLovin has 180 seconds left.
|
|t:|1758330310
|-end|p2a: Iron Treads|Quark Drive|[silent]
|switch|p2a: Alomomola|Alomomola, M|99/100
|move|p1a: Great Tusk|Headlong Rush|p2a: Alomomola
|-damage|p2a: Alomomola|57/100
|-unboost|p1a: Great Tusk|def|1
|-unboost|p1a: Great Tusk|spd|1
|
|upkeep
|turn|12
|
|t:|1758330317
|move|p1a: Great Tusk|Rapid Spin|p2a: Alomomola
|-damage|p2a: Alomomola|46/100
|-boost|p1a: Great Tusk|spe|1
|-sideend|p1: Mister McLovin|Stealth Rock|[from] move: Rapid Spin|[of] p1a: Great Tusk
|move|p2a: Alomomola|Scald|p1a: Great Tusk
|-supereffective|p1a: Great Tusk
|-damage|p1a: Great Tusk|61/100
|
|upkeep
|turn|13
|inactive|Mister McLovin has 180 seconds left.
|
|t:|1758330333
|-end|p1a: Great Tusk|Protosynthesis|[silent]
|switch|p1a: Latios|Latios, M|100/100
|move|p2a: Alomomola|Flip Turn|p1a: Latios
|-resisted|p1a: Latios
|-damage|p1a: Latios|90/100
|
|t:|1758330338
|switch|p2a: Iron Treads|Iron Treads|100/100|[from] Flip Turn
|-damage|p2a: Iron Treads|98/100|[from] Stealth Rock
|
|-heal|p2a: Iron Treads|100/100|[from] item: Leftovers
|upkeep
|turn|14
|inactive|Mister McLovin has 180 seconds left.
|c|+eq enrique|eu sou o mclovin
|c|+eq enrique|yo soy el mclovin
|
|t:|1758330365
|move|p1a: Latios|Trick|p2a: Iron Treads
|-activate|p1a: Latios|move: Trick|[of] p2a: Iron Treads
|-item|p2a: Iron Treads|Choice Scarf|[from] move: Trick
|-item|p1a: Latios|Leftovers|[from] move: Trick
|move|p2a: Iron Treads|Knock Off|p1a: Latios
|-supereffective|p1a: Latios
|-damage|p1a: Latios|27/100
|-enditem|p1a: Latios|Leftovers|[from] move: Knock Off|[of] p2a: Iron Treads
|
|upkeep
|turn|15
|
|t:|1758330375
|-end|p2a: Iron Treads|Quark Drive|[silent]
|switch|p2a: Alomomola|Alomomola, M|80/100
|switch|p1a: Garganacl|Garganacl, M|100/100
|
|upkeep
|turn|16
|
|t:|1758330379
|move|p2a: Alomomola|Wish|p2a: Alomomola
|move|p1a: Garganacl|Salt Cure|p2a: Alomomola
|-damage|p2a: Alomomola|71/100
|-start|p2a: Alomomola|Salt Cure
|
|-damage|p2a: Alomomola|46/100|[from] Salt Cure
|upkeep
|turn|17
|
|t:|1758330382
|switch|p2a: Latios|Latios, M|45/100
|-damage|p2a: Latios|32/100|[from] Stealth Rock
|move|p1a: Garganacl|Protect||[still]
|-fail|p1a: Garganacl
|
|-heal|p2a: Latios|100/100|[from] move: Wish|[wisher] Alomomola
|upkeep
|turn|18
|
|t:|1758330385
|move|p2a: Latios|Calm Mind|p2a: Latios
|-boost|p2a: Latios|spa|1
|-boost|p2a: Latios|spd|1
|move|p1a: Garganacl|Salt Cure|p2a: Latios
|-damage|p2a: Latios|81/100
|-start|p2a: Latios|Salt Cure
|
|-damage|p2a: Latios|69/100|[from] Salt Cure
|upkeep
|turn|19
|inactive|Pokemh has 150 seconds left.
|
|t:|1758330390
|switch|p1a: Latios|Latios, M|27/100
|move|p2a: Latios|Psychic Noise|p1a: Latios
|-resisted|p1a: Latios
|-damage|p1a: Latios|0 fnt
|faint|p1a: Latios
|
|-damage|p2a: Latios|57/100|[from] Salt Cure
|upkeep
|inactive|Mister McLovin has 210 seconds left.
|
|t:|1758330398
|switch|p1a: Darkrai|Darkrai, shiny, tera:Poison|10/100
|turn|20
|
|t:|1758330402
|switch|p2a: Alomomola|Alomomola, M|79/100
|move|p1a: Darkrai|Dark Pulse|p2a: Alomomola
|-damage|p2a: Alomomola|43/100
|
|-heal|p1a: Darkrai|16/100|[from] item: Leftovers
|upkeep
|turn|21
|
|t:|1758330410
|move|p1a: Darkrai|Dark Pulse|p2a: Alomomola
|-damage|p2a: Alomomola|5/100
|cant|p2a: Alomomola|flinch
|
|-heal|p1a: Darkrai|23/100|[from] item: Leftovers
|upkeep
|turn|22
|
|t:|1758330415
|switch|p2a: Iron Treads|Iron Treads|100/100
|-damage|p2a: Iron Treads|98/100|[from] Stealth Rock
|move|p1a: Darkrai|Dark Pulse|p2a: Iron Treads
|-damage|p2a: Iron Treads|66/100
|
|-heal|p1a: Darkrai|29/100|[from] item: Leftovers
|upkeep
|turn|23
|inactive|Mister McLovin has 240 seconds left.
|
|t:|1758330421
|switch|p1a: Great Tusk|Great Tusk|61/100
|move|p2a: Iron Treads|Rapid Spin|p1a: Great Tusk
|-damage|p1a: Great Tusk|52/100
|-boost|p2a: Iron Treads|spe|1
|-sideend|p2: Pokemh|Stealth Rock|[from] move: Rapid Spin|[of] p2a: Iron Treads
|
|upkeep
|turn|24
|inactive|Mister McLovin has 240 seconds left.
|
|t:|1758330432
|-end|p2a: Iron Treads|Quark Drive|[silent]
|switch|p2a: Zamazenta|Zamazenta|100/100
|move|p1a: Great Tusk|Ice Spinner|p2a: Zamazenta
|-damage|p2a: Zamazenta|72/100
|
|upkeep
|turn|25
|
|t:|1758330439
|-end|p1a: Great Tusk|Protosynthesis|[silent]
|switch|p1a: Gholdengo|Gholdengo|100/100
|move|p2a: Zamazenta|Crunch|p1a: Gholdengo
|-supereffective|p1a: Gholdengo
|-damage|p1a: Gholdengo|61/100
|
|upkeep
|turn|26
|
|t:|1758330444
|move|p2a: Zamazenta|Crunch|p1a: Gholdengo
|-supereffective|p1a: Gholdengo
|-damage|p1a: Gholdengo|25/100
|move|p1a: Gholdengo|Recover|p1a: Gholdengo
|-heal|p1a: Gholdengo|75/100
|
|upkeep
|turn|27
|
|t:|1758330448
|switch|p2a: Iron Treads|Iron Treads|66/100
|move|p1a: Gholdengo|Thunder Wave|p2a: Iron Treads
|-immune|p2a: Iron Treads
|
|upkeep
|turn|28
|inactive|Mister McLovin has 270 seconds left.
|
|t:|1758330461
|move|p2a: Iron Treads|Earthquake|p1a: Gholdengo
|-supereffective|p1a: Gholdengo
|-damage|p1a: Gholdengo|25/100
|move|p1a: Gholdengo|Recover|p1a: Gholdengo
|-heal|p1a: Gholdengo|75/100
|
|upkeep
|turn|29
|inactive|Mister McLovin has 270 seconds left.
|
|t:|1758330498
|-end|p2a: Iron Treads|Quark Drive|[silent]
|switch|p2a: Latios|Latios, M|57/100
|switch|p1a: Rillaboom|Rillaboom, F|100/100
|-fieldstart|move: Grassy Terrain|[from] ability: Grassy Surge|[of] p1a: Rillaboom
|
|upkeep
|turn|30
|
|t:|1758330502
|move|p2a: Latios|Draco Meteor|p1a: Rillaboom
|-damage|p1a: Rillaboom|40/100
|-unboost|p2a: Latios|spa|2
|move|p1a: Rillaboom|Knock Off|p2a: Latios
|-supereffective|p2a: Latios
|-damage|p2a: Latios|0 fnt
|-enditem|p2a: Latios|Soul Dew|[from] move: Knock Off|[of] p1a: Rillaboom
|faint|p2a: Latios
|
|-heal|p1a: Rillaboom|46/100|[from] Grassy Terrain
|upkeep
|
|t:|1758330506
|switch|p2a: Zamazenta|Zamazenta|72/100
|turn|31
|inactive|Mister McLovin has 270 seconds left.
|
|t:|1758330522
|switch|p1a: Gholdengo|Gholdengo|75/100
|move|p2a: Zamazenta|Crunch|p1a: Gholdengo
|-supereffective|p1a: Gholdengo
|-damage|p1a: Gholdengo|37/100
|
|-heal|p2a: Zamazenta|78/100|[from] Grassy Terrain
|-heal|p1a: Gholdengo|43/100|[from] Grassy Terrain
|upkeep
|turn|32
|
|t:|1758330528
|move|p2a: Zamazenta|Crunch|p1a: Gholdengo
|-supereffective|p1a: Gholdengo
|-damage|p1a: Gholdengo|9/100
|-unboost|p1a: Gholdengo|def|1
|move|p1a: Gholdengo|Recover|p1a: Gholdengo
|-heal|p1a: Gholdengo|59/100
|
|-heal|p2a: Zamazenta|84/100|[from] Grassy Terrain
|-heal|p1a: Gholdengo|65/100|[from] Grassy Terrain
|upkeep
|turn|33
|
|t:|1758330531
|switch|p1a: Great Tusk|Great Tusk|52/100
|move|p2a: Zamazenta|Crunch|p1a: Great Tusk
|-resisted|p1a: Great Tusk
|-damage|p1a: Great Tusk|43/100
|
|-heal|p2a: Zamazenta|90/100|[from] Grassy Terrain
|-heal|p1a: Great Tusk|49/100|[from] Grassy Terrain
|-fieldend|move: Grassy Terrain
|upkeep
|turn|34
|
|t:|1758330537
|move|p2a: Zamazenta|Ice Fang|p1a: Great Tusk
|-supereffective|p1a: Great Tusk
|-damage|p1a: Great Tusk|17/100
|move|p1a: Great Tusk|Headlong Rush|p2a: Zamazenta
|-damage|p2a: Zamazenta|31/100
|-unboost|p1a: Great Tusk|def|1
|-unboost|p1a: Great Tusk|spd|1
|
|upkeep
|turn|35
|
|t:|1758330548
|move|p2a: Zamazenta|Ice Fang|p1a: Great Tusk
|-supereffective|p1a: Great Tusk
|-damage|p1a: Great Tusk|0 fnt
|faint|p1a: Great Tusk
|-end|p1a: Great Tusk|Protosynthesis|[silent]
|
|upkeep
|
|t:|1758330554
|switch|p1a: Gholdengo|Gholdengo|65/100
|turn|36
|
|t:|1758330566
|move|p2a: Zamazenta|Crunch|p1a: Gholdengo
|-supereffective|p1a: Gholdengo
|-damage|p1a: Gholdengo|24/100
|move|p1a: Gholdengo|Recover|p1a: Gholdengo
|-heal|p1a: Gholdengo|74/100
|
|upkeep
|turn|37
|
|t:|1758330572
|move|p2a: Zamazenta|Crunch|p1a: Gholdengo
|-supereffective|p1a: Gholdengo
|-damage|p1a: Gholdengo|35/100
|-unboost|p1a: Gholdengo|def|1
|move|p1a: Gholdengo|Thunder Wave|p2a: Zamazenta
|-status|p2a: Zamazenta|par
|
|upkeep
|turn|38
|
|t:|1758330581
|switch|p1a: Garganacl|Garganacl, M|100/100
|move|p2a: Zamazenta|Crunch|p1a: Garganacl
|-damage|p1a: Garganacl|84/100
|-unboost|p1a: Garganacl|def|1
|
|upkeep
|turn|39
|inactive|Mister McLovin has 270 seconds left.
|inactive|Mister McLovin has 240 seconds left.
|inactive|Mister McLovin has 210 seconds left.
|
|t:|1758330691
|switch|p1a: Gholdengo|Gholdengo|35/100
|cant|p2a: Zamazenta|par
|
|upkeep
|turn|40
|
|t:|1758330696
|move|p1a: Gholdengo|Recover|p1a: Gholdengo
|-heal|p1a: Gholdengo|85/100
|move|p2a: Zamazenta|Crunch|p1a: Gholdengo
|-supereffective|p1a: Gholdengo
|-damage|p1a: Gholdengo|50/100
|
|upkeep
|turn|41
|inactive|Mister McLovin has 210 seconds left.
|
|t:|1758330702
|switch|p2a: Iron Treads|Iron Treads|66/100
|move|p1a: Gholdengo|Hex|p2a: Iron Treads
|-damage|p2a: Iron Treads|41/100
|
|upkeep
|turn|42
|
|t:|1758330712
|switch|p1a: Garganacl|Garganacl, M|84/100
|move|p2a: Iron Treads|Knock Off|p1a: Garganacl
|-damage|p1a: Garganacl|73/100
|
|upkeep
|turn|43
|
|t:|1758330717
|-end|p2a: Iron Treads|Quark Drive|[silent]
|switch|p2a: Pecharunt|Pecharunt|100/100
|move|p1a: Garganacl|Salt Cure|p2a: Pecharunt
|-damage|p2a: Pecharunt|94/100
|-start|p2a: Pecharunt|Salt Cure
|
|-damage|p2a: Pecharunt|82/100|[from] Salt Cure
|upkeep
|turn|44
|
|t:|1758330720
|move|p2a: Pecharunt|Parting Shot|p1a: Garganacl
|-unboost|p1a: Garganacl|atk|1
|-unboost|p1a: Garganacl|spa|1
|
|t:|1758330723
|switch|p2a: Alomomola|Alomomola, M|38/100|[from] Parting Shot
|move|p1a: Garganacl|Stealth Rock|p2a: Alomomola
|-sidestart|p2: Pokemh|move: Stealth Rock
|
|upkeep
|turn|45
|inactive|Mister McLovin has 240 seconds left.
|
|t:|1758330733
|switch|p1a: Darkrai|Darkrai, shiny, tera:Poison|29/100
|-terastallize|p2a: Alomomola|Ghost
|move|p2a: Alomomola|Wish|p2a: Alomomola
|
|-heal|p1a: Darkrai|35/100|[from] item: Leftovers
|upkeep
|turn|46
|inactive|Mister McLovin has 240 seconds left.
|
|t:|1758330750
|switch|p2a: Iron Treads|Iron Treads|41/100
|-damage|p2a: Iron Treads|39/100|[from] Stealth Rock
|move|p1a: Darkrai|Dark Pulse|p2a: Iron Treads
|-crit|p2a: Iron Treads
|-damage|p2a: Iron Treads|0 fnt
|faint|p2a: Iron Treads
|-end|p2a: Iron Treads|Quark Drive|[silent]
|
|-heal|p1a: Darkrai|41/100|[from] item: Leftovers
|upkeep
|c|☆Pokemh|alr
|c|☆Pokemh|gg
|-message|Pokemh forfeited.
|
|win|Mister McLovin
|player|p2|
|c|☆Mister McLovin|gg
