|j|☆obezer
|j|☆cchang21
|t:|1758360703
|gametype|singles
|player|p1|obezer|marshal|1329
|player|p2|cchang21|emmet|1300
|gen|9
|tier|[Gen 9] OU
|rated|
|rule|HP Percentage Mod: HP is shown in percentages
|rule|Endless Battle Clause: Forcing endless battles is banned
|rule|Species Clause: Limit one of each Pokémon
|rule|OHKO Clause: OHKO moves are banned
|rule|Evasion Items Clause: Evasion items are banned
|rule|Evasion Moves Clause: Evasion moves are banned
|rule|Evasion Abilities Clause: Evasion abilities are banned
|rule|Sleep Moves Clause: Sleep-inducing moves are banned
|clearpoke
|poke|p1|Milotic, F|
|poke|p1|Kleavor, M|
|poke|p1|Cramorant, F|
|poke|p1|Slowking-Galar, M|
|poke|p1|Sinistcha|
|poke|p1|Dudunsparce-*, M|
|poke|p2|Rillaboom, M|
|poke|p2|Enamorus, F|
|poke|p2|Iron Moth|
|poke|p2|Kingambit, M|
|poke|p2|Samurott-Hisui, M|
|poke|p2|Sandy Shocks|
|teampreview
|inactive|Battle timer is ON: inactive players will automatically lose when time's up. (requested by cchang21)
|j| Backrooms_The_City
|l| Backrooms_The_City
|
|t:|1758360728
|teamsize|p1|6
|teamsize|p2|6
|start
|switch|p1a: Kleavor|Kleavor, M|100/100
|switch|p2a: Rillaboom|Rillaboom, M|100/100
|-fieldstart|move: Grassy Terrain|[from] ability: Grassy Surge|[of] p2a: Rillaboom
|turn|1
|
|t:|1758360737
|switch|p1a: Sinistcha|Sinistcha|100/100
|move|p2a: Rillaboom|Grassy Glide|p1a: Sinistcha
|-resisted|p1a: Sinistcha
|-damage|p1a: Sinistcha|81/100
|
|-heal|p1a: Sinistcha|87/100|[from] Grassy Terrain
|upkeep
|turn|2
|
|t:|1758360749
|switch|p2a: Enamorus|Enamorus, F|100/100
|move|p1a: Sinistcha|Calm Mind|p1a: Sinistcha
|-boost|p1a: Sinistcha|spa|1
|-boost|p1a: Sinistcha|spd|1
|
|-heal|p1a: Sinistcha|93/100|[from] Grassy Terrain
|upkeep
|turn|3
|
|t:|1758360754
|switch|p1a: Slowking|Slowking-Galar, M|100/100
|move|p2a: Enamorus|Mystical Fire|p1a: Slowking
|-damage|p1a: Slowking|85/100
|-unboost|p1a: Slowking|spa|1
|
|-heal|p1a: Slowking|91/100|[from] Grassy Terrain
|upkeep
|turn|4
|
|t:|1758360763
|switch|p2a: Sandy Shocks|Sandy Shocks|100/100
|move|p1a: Slowking|Sludge Bomb|p2a: Sandy Shocks
|-resisted|p2a: Sandy Shocks
|-damage|p2a: Sandy Shocks|85/100
|-status|p2a: Sandy Shocks|psn
|
|-heal|p2a: Sandy Shocks|91/100 psn|[from] Grassy Terrain
|-heal|p1a: Slowking|97/100|[from] Grassy Terrain
|-damage|p2a: Sandy Shocks|79/100 psn|[from] psn
|upkeep
|turn|5
|
|t:|1758360771
|move|p2a: Sandy Shocks|Spikes|p1a: Slowking
|-sidestart|p1: obezer|Spikes
|move|p1a: Slowking|Ice Beam|p2a: Sandy Shocks
|-supereffective|p2a: Sandy Shocks
|-damage|p2a: Sandy Shocks|40/100 psn
|
|-heal|p2a: Sandy Shocks|46/100 psn|[from] Grassy Terrain
|-heal|p1a: Slowking|100/100|[from] Grassy Terrain
|-damage|p2a: Sandy Shocks|34/100 psn|[from] psn
|-fieldend|move: Grassy Terrain
|upkeep
|turn|6
|
|t:|1758360779
|move|p2a: Sandy Shocks|Earth Power|p1a: Slowking
|-supereffective|p1a: Slowking
|-damage|p1a: Slowking|66/100
|move|p1a: Slowking|Future Sight|p2a: Sandy Shocks
|-start|p1a: Slowking|move: Future Sight
|
|-damage|p2a: Sandy Shocks|22/100 psn|[from] psn
|upkeep
|turn|7
|
|t:|1758360788
|move|p2a: Sandy Shocks|Earth Power|p1a: Slowking
|-supereffective|p1a: Slowking
|-damage|p1a: Slowking|28/100
|move|p1a: Slowking|Ice Beam|p2a: Sandy Shocks
|-supereffective|p2a: Sandy Shocks
|-damage|p2a: Sandy Shocks|0 fnt
|faint|p2a: Sandy Shocks
|-end|p2a: Sandy Shocks|Protosynthesis|[silent]
|
|upkeep
|
|t:|1758360793
|switch|p2a: Samurott|Samurott-Hisui, M|100/100
|turn|8
|
|t:|1758360804
|switch|p1a: Cramorant|Cramorant, F|100/100
|move|p2a: Samurott|Swords Dance|p2a: Samurott
|-boost|p2a: Samurott|atk|2
|
|-end|p2a: Samurott|move: Future Sight
|-immune|p2a: Samurott
|upkeep
|turn|9
|
|t:|1758360817
|move|p2a: Samurott|Ceaseless Edge|p1a: Cramorant|[miss]
|-miss|p2a: Samurott|p1a: Cramorant
|move|p1a: Cramorant|Surf|p2a: Samurott
|-formechange|p1a: Cramorant|Cramorant-Gulping|
|-resisted|p2a: Samurott
|-damage|p2a: Samurott|81/100
|
|upkeep
|turn|10
|
|t:|1758360822
|move|p2a: Samurott|Ceaseless Edge|p1a: Cramorant
|-crit|p1a: Cramorant
|-damage|p1a: Cramorant|0 fnt
|-damage|p2a: Samurott|57/100|[from] ability: Gulp Missile|[of] p1a: Cramorant
|-unboost|p2a: Samurott|def|1
|-formechange|p1a: Cramorant|Cramorant|
|-sidestart|p1: obezer|Spikes
|faint|p1a: Cramorant
|
|upkeep
|
|t:|1758360831
|switch|p1a: Kleavor|Kleavor, M|100/100
|-damage|p1a: Kleavor|84/100|[from] Spikes
|turn|11
|
|t:|1758360836
|move|p2a: Samurott|Sucker Punch|p1a: Kleavor
|-damage|p1a: Kleavor|0 fnt
|faint|p1a: Kleavor
|
|upkeep
|
|t:|1758360847
|switch|p1a: Milotic|Milotic, F|100/100
|-damage|p1a: Milotic|84/100|[from] Spikes
|turn|12
|
|t:|1758360852
|move|p2a: Samurott|Ceaseless Edge|p1a: Milotic
|-damage|p1a: Milotic|0 fnt
|-damage|p2a: Samurott|40/100|[from] item: Rocky Helmet|[of] p1a: Milotic
|-sidestart|p1: obezer|Spikes
|faint|p1a: Milotic
|
|upkeep
|
|t:|1758360857
|switch|p1a: Dudunsparce|Dudunsparce, M|100/100
|-damage|p1a: Dudunsparce|76/100|[from] Spikes
|turn|13
|
|t:|1758360866
|move|p2a: Samurott|Ceaseless Edge|p1a: Dudunsparce
|-damage|p1a: Dudunsparce|7/100
|-ability|p1a: Dudunsparce|Rattled|boost
|-boost|p1a: Dudunsparce|spe|1
|-enditem|p1a: Dudunsparce|Kee Berry|[eat]
|-boost|p1a: Dudunsparce|def|1|[from] item: Kee Berry
|move|p1a: Dudunsparce|Roost|p1a: Dudunsparce
|-heal|p1a: Dudunsparce|57/100
|-singleturn|p1a: Dudunsparce|move: Roost
|
|upkeep
|turn|14
|
|t:|1758360895
|move|p2a: Samurott|Razor Shell|p1a: Dudunsparce
|-damage|p1a: Dudunsparce|13/100
|-unboost|p1a: Dudunsparce|def|1
|move|p1a: Dudunsparce|Roost|p1a: Dudunsparce
|-heal|p1a: Dudunsparce|63/100
|-singleturn|p1a: Dudunsparce|move: Roost
|
|upkeep
|turn|15
|-message|obezer forfeited.
|
|win|cchang21
|raw|obezer's rating: 1329 &rarr; <strong>1307</strong><br />(-22 for losing)
|raw|cchang21's rating: 1300 &rarr; <strong>1327</strong><br />(+27 for winning)
|l|☆obezer
|player|p1|
|l|☆cchang21
|player|p2|
