|j|☆matougris
|j|‽mysticryn
|t:|1758277858
|gametype|singles
|player|p1|matougris|cameraman|1544
|player|p2|mysticryn|170|1553
|gen|9
|tier|[Gen 9] OU
|rated|
|rule|HP Percentage Mod: HP is shown in percentages
|rule|Endless Battle Clause: Forcing endless battles is banned
|rule|Species Clause: Limit one of each Pokémon
|rule|OHKO Clause: OHKO moves are banned
|rule|Evasion Items Clause: Evasion items are banned
|rule|Evasion Moves Clause: Evasion moves are banned
|rule|Evasion Abilities Clause: Evasion abilities are banned
|rule|Sleep Moves Clause: Sleep-inducing moves are banned
|clearpoke
|poke|p1|Torkoal, M|
|poke|p1|Walking Wake|
|poke|p1|Iron Moth|
|poke|p1|Kingambit, F|
|poke|p1|Lilligant-Hisui, F|
|poke|p1|Great Tusk|
|poke|p2|Enamorus, F|
|poke|p2|Great Tusk|
|poke|p2|Iron Crown|
|poke|p2|Lokix, M|
|poke|p2|Alomomola, M|
|poke|p2|Pecharunt|
|teampreview
|
|t:|1758277867
|teamsize|p1|6
|teamsize|p2|6
|start
|switch|p1a: long queue|Walking Wake|100/100
|switch|p2a: Enamorus|Enamorus, F, shiny|100/100
|turn|1
|
|t:|1758277872
|-end|p1a: long queue|Protosynthesis|[silent]
|switch|p1a: here comes the|Torkoal, M, shiny|100/100
|-weather|SunnyDay|[from] ability: Drought|[of] p1a: here comes the
|move|p2a: Enamorus|Moonblast|p1a: here comes the
|-resisted|p1a: here comes the
|-damage|p1a: here comes the|77/100
|
|-weather|SunnyDay|[upkeep]
|upkeep
|turn|2
|
|t:|1758277875
|switch|p2a: Great Tusk|Great Tusk, shiny|100/100
|-activate|p2a: Great Tusk|ability: Protosynthesis
|-start|p2a: Great Tusk|protosynthesisatk
|move|p1a: here comes the|Stealth Rock|p2a: Great Tusk
|-sidestart|p2: mysticryn|move: Stealth Rock
|
|-weather|SunnyDay|[upkeep]
|upkeep
|turn|3
|
|t:|1758277879
|switch|p1a: long queue|Walking Wake|100/100
|-activate|p1a: long queue|ability: Protosynthesis
|-start|p1a: long queue|protosynthesisspe
|move|p2a: Great Tusk|Headlong Rush|p1a: long queue
|-damage|p1a: long queue|13/100
|-unboost|p2a: Great Tusk|def|1
|-unboost|p2a: Great Tusk|spd|1
|
|-weather|SunnyDay|[upkeep]
|upkeep
|turn|4
|
|t:|1758277883
|-end|p2a: Great Tusk|Protosynthesis|[silent]
|switch|p2a: Alomomola|Alomomola, M, shiny|100/100
|-damage|p2a: Alomomola|88/100|[from] Stealth Rock
|move|p1a: long queue|Hydro Steam|p2a: Alomomola
|-resisted|p2a: Alomomola
|-damage|p2a: Alomomola|67/100
|-damage|p1a: long queue|3/100|[from] item: Life Orb
|
|-weather|SunnyDay|[upkeep]
|upkeep
|turn|5
|
|t:|1758277886
|move|p1a: long queue|Draco Meteor|p2a: Alomomola
|-damage|p2a: Alomomola|15/100
|-unboost|p1a: long queue|spa|2
|-damage|p1a: long queue|0 fnt|[from] item: Life Orb
|faint|p1a: long queue
|-end|p1a: long queue|Protosynthesis|[silent]
|move|p2a: Alomomola|Flip Turn|p1: long queue|[notarget]
|-fail|p2a: Alomomola
|
|-weather|SunnyDay|[upkeep]
|upkeep
|
|t:|1758277892
|switch|p1a: tapfort 1|Great Tusk, shiny|100/100
|-activate|p1a: tapfort 1|ability: Protosynthesis
|-start|p1a: tapfort 1|protosynthesisatk
|turn|6
|
|t:|1758277896
|move|p1a: tapfort 1|Rapid Spin|p2a: Alomomola
|-damage|p2a: Alomomola|0 fnt
|-boost|p1a: tapfort 1|spe|1
|faint|p2a: Alomomola
|-damage|p1a: tapfort 1|91/100|[from] item: Life Orb
|
|-weather|SunnyDay|[upkeep]
|upkeep
|
|t:|1758277902
|switch|p2a: Great Tusk|Great Tusk, shiny|100/100
|-activate|p2a: Great Tusk|ability: Protosynthesis
|-start|p2a: Great Tusk|protosynthesisatk
|turn|7
|
|t:|1758277906
|move|p1a: tapfort 1|Ice Spinner|p2a: Great Tusk
|-supereffective|p2a: Great Tusk
|-damage|p2a: Great Tusk|31/100
|-damage|p1a: tapfort 1|81/100|[from] item: Life Orb
|move|p2a: Great Tusk|Rapid Spin|p1a: tapfort 1
|-damage|p1a: tapfort 1|65/100
|-boost|p2a: Great Tusk|spe|1
|-sideend|p2: mysticryn|Stealth Rock|[from] move: Rapid Spin|[of] p2a: Great Tusk
|
|-weather|SunnyDay|[upkeep]
|upkeep
|turn|8
|
|t:|1758277916
|move|p2a: Great Tusk|Headlong Rush|p1a: tapfort 1
|-damage|p1a: tapfort 1|1/100
|-unboost|p2a: Great Tusk|def|1
|-unboost|p2a: Great Tusk|spd|1
|move|p1a: tapfort 1|Ice Spinner|p2a: Great Tusk
|-supereffective|p2a: Great Tusk
|-damage|p2a: Great Tusk|0 fnt
|faint|p2a: Great Tusk
|-end|p2a: Great Tusk|Protosynthesis|[silent]
|-damage|p1a: tapfort 1|0 fnt|[from] item: Life Orb
|faint|p1a: tapfort 1
|-end|p1a: tapfort 1|Protosynthesis|[silent]
|
|-weather|none
|upkeep
|
|t:|1758277924
|switch|p2a: Enamorus|Enamorus, F, shiny|100/100
|switch|p1a: here comes the|Torkoal, M, shiny|77/100
|-weather|SunnyDay|[from] ability: Drought|[of] p1a: here comes the
|turn|9
|
|t:|1758277926
|move|p2a: Enamorus|Earth Power|p1a: here comes the
|-supereffective|p1a: here comes the
|-damage|p1a: here comes the|17/100
|-unboost|p1a: here comes the|spd|1
|move|p1a: here comes the|Lava Plume|p2a: Enamorus
|-damage|p2a: Enamorus|51/100
|
|-weather|SunnyDay|[upkeep]
|upkeep
|turn|10
|
|t:|1758277930
|switch|p1a: streapteaseuse|Lilligant-Hisui, F, shiny|100/100
|move|p2a: Enamorus|Earth Power|p1a: streapteaseuse
|-resisted|p1a: streapteaseuse
|-crit|p1a: streapteaseuse
|-damage|p1a: streapteaseuse|57/100
|
|-weather|SunnyDay|[upkeep]
|upkeep
|turn|11
|
|t:|1758277935
|switch|p2a: Pecharunt|Pecharunt|100/100
|move|p1a: streapteaseuse|Swords Dance|p1a: streapteaseuse
|-boost|p1a: streapteaseuse|atk|2
|
|-weather|SunnyDay|[upkeep]
|upkeep
|turn|12
|
|t:|1758277938
|switch|p1a: frapfort 2|Kingambit, F, shiny|100/100
|-activate|p1a: frapfort 2|ability: Supreme Overlord
|-start|p1a: frapfort 2|fallen2|[silent]
|move|p2a: Pecharunt|Malignant Chain|p1a: frapfort 2
|-immune|p1a: frapfort 2
|
|-weather|SunnyDay|[upkeep]
|upkeep
|turn|13
|
|t:|1758277943
|move|p2a: Pecharunt|Parting Shot|p1a: frapfort 2
|-unboost|p1a: frapfort 2|atk|1
|-unboost|p1a: frapfort 2|spa|1
|
|t:|1758277945
|switch|p2a: Lokix|Lokix, M, shiny|100/100|[from] Parting Shot
|move|p1a: frapfort 2|Swords Dance|p1a: frapfort 2
|-boost|p1a: frapfort 2|atk|2
|
|-weather|SunnyDay|[upkeep]
|upkeep
|turn|14
|
|t:|1758277949
|-terastallize|p2a: Lokix|Bug
|-terastallize|p1a: frapfort 2|Fairy
|move|p2a: Lokix|U-turn|p1a: frapfort 2
|-resisted|p1a: frapfort 2
|-crit|p1a: frapfort 2
|-damage|p1a: frapfort 2|32/100
|
|t:|1758277960
|switch|p2a: Pecharunt|Pecharunt|100/100|[from] U-turn
|move|p1a: frapfort 2|Tera Blast|p2a: Pecharunt|[anim] Tera Blast Fairy
|-resisted|p2a: Pecharunt
|-damage|p2a: Pecharunt|82/100
|
|-weather|SunnyDay|[upkeep]
|-heal|p1a: frapfort 2|38/100|[from] item: Leftovers
|upkeep
|turn|15
|
|t:|1758277964
|move|p1a: frapfort 2|Sucker Punch|p2a: Pecharunt
|-supereffective|p2a: Pecharunt
|-damage|p2a: Pecharunt|10/100
|move|p2a: Pecharunt|Malignant Chain|p1a: frapfort 2
|-supereffective|p1a: frapfort 2
|-damage|p1a: frapfort 2|0 fnt
|faint|p1a: frapfort 2
|-end|p1a: frapfort 2|fallen2|[silent]
|
|-weather|SunnyDay|[upkeep]
|upkeep
|
|t:|1758277968
|switch|p1a: la mite|Iron Moth|100/100
|-enditem|p1a: la mite|Booster Energy
|-activate|p1a: la mite|ability: Quark Drive|[fromitem]
|-start|p1a: la mite|quarkdrivespe
|turn|16
|
|t:|1758277976
|move|p1a: la mite|Fiery Dance|p2a: Pecharunt
|-damage|p2a: Pecharunt|0 fnt
|faint|p2a: Pecharunt
|
|-weather|none
|upkeep
|
|t:|1758277977
|switch|p2a: Lokix|Lokix, M, shiny, tera:Bug|100/100
|turn|17
|
|t:|1758277981
|move|p2a: Lokix|First Impression|p1a: la mite
|-resisted|p1a: la mite
|-damage|p1a: la mite|43/100
|move|p1a: la mite|Fiery Dance|p2a: Lokix
|-supereffective|p2a: Lokix
|-damage|p2a: Lokix|0 fnt
|faint|p2a: Lokix
|
|upkeep
|
|t:|1758277985
|switch|p2a: Enamorus|Enamorus, F, shiny|51/100
|turn|18
|
|t:|1758277987
|move|p1a: la mite|Sludge Wave|p2a: Enamorus
|-supereffective|p2a: Enamorus
|-damage|p2a: Enamorus|0 fnt
|faint|p2a: Enamorus
|
|upkeep
|
|t:|1758277988
|switch|p2a: Iron Crown|Iron Crown|100/100
|turn|19
|
|t:|1758277991
|-end|p1a: la mite|Quark Drive|[silent]
|switch|p1a: here comes the|Torkoal, M, shiny|17/100
|-weather|SunnyDay|[from] ability: Drought|[of] p1a: here comes the
|move|p2a: Iron Crown|Psychic Noise|p1a: here comes the
|-damage|p1a: here comes the|0 fnt
|faint|p1a: here comes the
|
|-weather|SunnyDay|[upkeep]
|upkeep
|
|t:|1758277992
|switch|p1a: la mite|Iron Moth|43/100
|turn|20
|
|t:|1758277994
|move|p1a: la mite|Fiery Dance|p2a: Iron Crown
|-supereffective|p2a: Iron Crown
|-damage|p2a: Iron Crown|0 fnt
|-boost|p1a: la mite|spa|1
|faint|p2a: Iron Crown
|-end|p2a: Iron Crown|Quark Drive|[silent]
|
|win|matougris
|raw|matougris's rating: 1544 &rarr; <strong>1565</strong><br />(+21 for winning)
|raw|mysticryn's rating: 1553 &rarr; <strong>1532</strong><br />(-21 for losing)
|c|☆matougris|GG
|l|‽mysticryn
|player|p2|
|l|☆matougris
|player|p1|
