|j|☆mechamakachino
|j|☆cyyishandsome3
|t:|1758265275
|gametype|singles
|player|p1|mechamakachino|170|1442
|player|p2|cyyishandsome3|1|1501
|gen|9
|tier|[Gen 9] OU
|rated|
|rule|HP Percentage Mod: HP is shown in percentages
|rule|Endless Battle Clause: Forcing endless battles is banned
|rule|Species Clause: Limit one of each Pokémon
|rule|OHKO Clause: OHKO moves are banned
|rule|Evasion Items Clause: Evasion items are banned
|rule|Evasion Moves Clause: Evasion moves are banned
|rule|Evasion Abilities Clause: Evasion abilities are banned
|rule|Sleep Moves Clause: Sleep-inducing moves are banned
|clearpoke
|poke|p1|Skarmory, F|
|poke|p1|Ting-Lu|
|poke|p1|Zamazenta-*|
|poke|p1|Pecharunt|
|poke|p1|Clefable, M|
|poke|p1|Walking Wake|
|poke|p2|Tyranitar, F|
|poke|p2|Garganacl, F|
|poke|p2|Sandaconda, F|
|poke|p2|Garchomp, M|
|poke|p2|Great Tusk|
|poke|p2|Magnezone|
|teampreview
|inactive|Battle timer is ON: inactive players will automatically lose when time's up. (requested by cyyishandsome3)
|
|t:|1758265284
|teamsize|p1|6
|teamsize|p2|6
|start
|switch|p1a: Smooth Criminal|Skarmory, F|100/100
|switch|p2a: Sandaconda|Sandaconda, F|100/100
|turn|1
|
|t:|1758265294
|switch|p1a: Rock With You|Ting-Lu|100/100
|-ability|p1a: Rock With You|Vessel of Ruin
|move|p2a: Sandaconda|Glare|p1a: Rock With You
|-status|p1a: Rock With You|par
|
|upkeep
|turn|2
|
|t:|1758265299
|move|p2a: Sandaconda|Stealth Rock|p1a: Rock With You
|-sidestart|p1: mechamakachino|move: Stealth Rock
|cant|p1a: Rock With You|par
|
|upkeep
|turn|3
|
|t:|1758265303
|move|p2a: Sandaconda|Endeavor|p1a: Rock With You
|-damage|p1a: Rock With You|56/100 par
|cant|p1a: Rock With You|par
|
|-heal|p1a: Rock With You|62/100 par|[from] item: Leftovers
|upkeep
|turn|4
|
|t:|1758265306
|move|p2a: Sandaconda|Earthquake|p1a: Rock With You
|-damage|p1a: Rock With You|36/100 par
|move|p1a: Rock With You|Stealth Rock|p2a: Sandaconda
|-sidestart|p2: cyyishandsome3|move: Stealth Rock
|
|-heal|p1a: Rock With You|42/100 par|[from] item: Leftovers
|upkeep
|turn|5
|
|t:|1758265309
|switch|p1a: Thriller|Walking Wake|100/100
|move|p2a: Sandaconda|Earthquake|p1a: Thriller
|-damage|p1a: Thriller|51/100
|
|upkeep
|turn|6
|
|t:|1758265314
|move|p1a: Thriller|Surf|p2a: Sandaconda
|-supereffective|p2a: Sandaconda
|-enditem|p2a: Sandaconda|Focus Sash
|-damage|p2a: Sandaconda|1/100
|-weather|Sandstorm|[from] ability: Sand Spit|[of] p2a: Sandaconda
|move|p2a: Sandaconda|Glare|p1a: Thriller
|-status|p1a: Thriller|par
|
|-weather|Sandstorm|[upkeep]
|-damage|p1a: Thriller|45/100 par|[from] Sandstorm
|upkeep
|turn|7
|
|t:|1758265321
|move|p2a: Sandaconda|Earthquake|p1a: Thriller
|-damage|p1a: Thriller|0 fnt
|faint|p1a: Thriller
|-end|p1a: Thriller|Protosynthesis|[silent]
|
|-weather|Sandstorm|[upkeep]
|upkeep
|
|t:|1758265326
|switch|p1a: Beat It|Zamazenta|100/100
|-ability|p1a: Beat It|Dauntless Shield|boost
|-boost|p1a: Beat It|def|1
|turn|8
|
|t:|1758265333
|move|p1a: Beat It|Heavy Slam|p2a: Sandaconda
|-damage|p2a: Sandaconda|0 fnt
|faint|p2a: Sandaconda
|
|-weather|Sandstorm|[upkeep]
|-damage|p1a: Beat It|94/100|[from] Sandstorm
|upkeep
|
|t:|1758265336
|switch|p2a: Garchomp|Garchomp, M|100/100
|-damage|p2a: Garchomp|94/100|[from] Stealth Rock
|turn|9
|
|t:|1758265341
|switch|p1a: Moonwalker|Clefable, M|100/100
|move|p2a: Garchomp|Dragon Tail|p1a: Moonwalker
|-immune|p1a: Moonwalker
|
|-weather|Sandstorm|[upkeep]
|upkeep
|turn|10
|
|t:|1758265356
|move|p2a: Garchomp|Poison Jab|p1a: Moonwalker
|-supereffective|p1a: Moonwalker
|-damage|p1a: Moonwalker|63/100
|move|p1a: Moonwalker|Knock Off|p2a: Garchomp
|-damage|p2a: Garchomp|84/100
|-activate|p2a: Garchomp|ability: Rough Skin
|-enditem|p2a: Garchomp|Rocky Helmet|[from] move: Knock Off|[of] p1a: Moonwalker
|
|-weather|none
|-heal|p1a: Moonwalker|69/100|[from] item: Leftovers
|upkeep
|turn|11
|
|t:|1758265363
|switch|p2a: Magnezone|Magnezone|100/100
|-damage|p2a: Magnezone|94/100|[from] Stealth Rock
|move|p1a: Moonwalker|Moonlight|p1a: Moonwalker
|-heal|p1a: Moonwalker|100/100
|
|upkeep
|turn|12
|
|t:|1758265370
|switch|p1a: Rock With You|Ting-Lu|42/100 par
|-damage|p1a: Rock With You|36/100 par|[from] Stealth Rock
|-ability|p1a: Rock With You|Vessel of Ruin
|move|p2a: Magnezone|Flash Cannon|p1a: Rock With You
|-damage|p1a: Rock With You|8/100 par
|
|-heal|p1a: Rock With You|14/100 par|[from] item: Leftovers
|upkeep
|turn|13
|
|t:|1758265376
|move|p2a: Magnezone|Flash Cannon|p1a: Rock With You
|-damage|p1a: Rock With You|0 fnt
|faint|p1a: Rock With You
|
|upkeep
|
|t:|1758265378
|switch|p1a: Beat It|Zamazenta|94/100
|turn|14
|
|t:|1758265382
|switch|p2a: Garchomp|Garchomp, M|84/100
|-damage|p2a: Garchomp|78/100|[from] Stealth Rock
|move|p1a: Beat It|Close Combat|p2a: Garchomp
|-damage|p2a: Garchomp|39/100
|-unboost|p1a: Beat It|def|1
|-unboost|p1a: Beat It|spd|1
|-damage|p1a: Beat It|82/100|[from] ability: Rough Skin|[of] p2a: Garchomp
|
|upkeep
|turn|15
|
|t:|1758265391
|move|p1a: Beat It|Close Combat|p2a: Garchomp
|-damage|p2a: Garchomp|0 fnt
|-unboost|p1a: Beat It|def|1
|-unboost|p1a: Beat It|spd|1
|-damage|p1a: Beat It|69/100|[from] ability: Rough Skin|[of] p2a: Garchomp
|faint|p2a: Garchomp
|
|upkeep
|
|t:|1758265396
|switch|p2a: Great Tusk|Great Tusk|100/100
|turn|16
|
|t:|1758265398
|switch|p1a: Smooth Criminal|Skarmory, F|100/100
|-damage|p1a: Smooth Criminal|88/100|[from] Stealth Rock
|move|p2a: Great Tusk|Rapid Spin|p1a: Smooth Criminal
|-resisted|p1a: Smooth Criminal
|-damage|p1a: Smooth Criminal|84/100
|-boost|p2a: Great Tusk|spe|1
|-damage|p2a: Great Tusk|84/100|[from] item: Rocky Helmet|[of] p1a: Smooth Criminal
|-sideend|p2: cyyishandsome3|Stealth Rock|[from] move: Rapid Spin|[of] p2a: Great Tusk
|
|upkeep
|turn|17
|
|t:|1758265402
|-end|p2a: Great Tusk|Protosynthesis|[silent]
|switch|p2a: Magnezone|Magnezone|94/100
|switch|p1a: Beat It|Zamazenta|69/100
|
|upkeep
|turn|18
|
|t:|1758265412
|-terastallize|p2a: Magnezone|Flying
|move|p1a: Beat It|Close Combat|p2a: Magnezone
|-resisted|p2a: Magnezone
|-damage|p2a: Magnezone|68/100
|-unboost|p1a: Beat It|def|1
|-unboost|p1a: Beat It|spd|1
|move|p2a: Magnezone|Tera Blast|p1a: Beat It|[anim] Tera Blast Flying
|-supereffective|p1a: Beat It
|-crit|p1a: Beat It
|-damage|p1a: Beat It|0 fnt
|faint|p1a: Beat It
|
|upkeep
|
|t:|1758265415
|switch|p1a: Poison Young Thing|Pecharunt|100/100
|turn|19
|
|t:|1758265423
|switch|p2a: Garganacl|Garganacl, F|100/100
|move|p1a: Poison Young Thing|Parting Shot|p2a: Garganacl
|-unboost|p2a: Garganacl|atk|1
|-unboost|p2a: Garganacl|spa|1
|
|t:|1758265425
|switch|p1a: Moonwalker|Clefable, M|100/100|[from] Parting Shot
|
|upkeep
|turn|20
|
|t:|1758265437
|move|p1a: Moonwalker|Calm Mind|p1a: Moonwalker
|-boost|p1a: Moonwalker|spa|1
|-boost|p1a: Moonwalker|spd|1
|move|p2a: Garganacl|Salt Cure|p1a: Moonwalker
|-damage|p1a: Moonwalker|93/100
|-start|p1a: Moonwalker|Salt Cure
|
|-heal|p1a: Moonwalker|99/100|[from] item: Leftovers
|upkeep
|turn|21
|
|t:|1758265442
|switch|p2a: Magnezone|Magnezone, tera:Flying|68/100
|move|p1a: Moonwalker|Calm Mind|p1a: Moonwalker
|-boost|p1a: Moonwalker|spa|1
|-boost|p1a: Moonwalker|spd|1
|
|-heal|p1a: Moonwalker|100/100|[from] item: Leftovers
|upkeep
|turn|22
|
|t:|1758265446
|move|p1a: Moonwalker|Knock Off|p2a: Magnezone
|-damage|p2a: Magnezone|55/100
|-enditem|p2a: Magnezone|Choice Specs|[from] move: Knock Off|[of] p1a: Moonwalker
|move|p2a: Magnezone|Flash Cannon|p1a: Moonwalker
|-supereffective|p1a: Moonwalker
|-damage|p1a: Moonwalker|58/100
|
|-heal|p1a: Moonwalker|64/100|[from] item: Leftovers
|upkeep
|turn|23
|
|t:|1758265452
|move|p1a: Moonwalker|Calm Mind|p1a: Moonwalker
|-boost|p1a: Moonwalker|spa|1
|-boost|p1a: Moonwalker|spd|1
|move|p2a: Magnezone|Flash Cannon|p1a: Moonwalker
|-supereffective|p1a: Moonwalker
|-damage|p1a: Moonwalker|27/100
|
|-heal|p1a: Moonwalker|33/100|[from] item: Leftovers
|upkeep
|turn|24
|
|t:|1758265459
|move|p1a: Moonwalker|Moonlight|p1a: Moonwalker
|-heal|p1a: Moonwalker|83/100
|move|p2a: Magnezone|Flash Cannon|p1a: Moonwalker
|-supereffective|p1a: Moonwalker
|-damage|p1a: Moonwalker|48/100
|
|-heal|p1a: Moonwalker|54/100|[from] item: Leftovers
|upkeep
|turn|25
|
|t:|1758265465
|move|p1a: Moonwalker|Moonlight|p1a: Moonwalker
|-heal|p1a: Moonwalker|100/100
|move|p2a: Magnezone|Flash Cannon|p1a: Moonwalker
|-supereffective|p1a: Moonwalker
|-damage|p1a: Moonwalker|65/100
|
|-heal|p1a: Moonwalker|72/100|[from] item: Leftovers
|upkeep
|turn|26
|
|t:|1758265476
|move|p1a: Moonwalker|Moonblast|p2a: Magnezone
|-damage|p2a: Magnezone|0 fnt
|faint|p2a: Magnezone
|
|-heal|p1a: Moonwalker|78/100|[from] item: Leftovers
|upkeep
|-message|cyyishandsome3 forfeited.
|
|win|mechamakachino
|raw|mechamakachino's rating: 1442 &rarr; <strong>1465</strong><br />(+23 for winning)
|raw|cyyishandsome3's rating: 1501 &rarr; <strong>1478</strong><br />(-23 for losing)
|l|☆cyyishandsome3
|player|p2|
|l|☆mechamakachino
|player|p1|
