|j|☆danicasber1
|j|☆Night Rainn何年
|t:|1758355638
|gametype|singles
|player|p1|danicasber1|170|1051
|player|p2|Night Rainn何年|rosa|1092
|gen|9
|tier|[Gen 9] OU
|rated|
|rule|HP Percentage Mod: HP is shown in percentages
|rule|Endless Battle Clause: Forcing endless battles is banned
|rule|Species Clause: Limit one of each Pokémon
|rule|OHKO Clause: OHKO moves are banned
|rule|Evasion Items Clause: Evasion items are banned
|rule|Evasion Moves Clause: Evasion moves are banned
|rule|Evasion Abilities Clause: Evasion abilities are banned
|rule|Sleep Moves Clause: Sleep-inducing moves are banned
|clearpoke
|poke|p1|Garganacl, M|
|poke|p1|Corviknight, M|
|poke|p1|Heracross, M|
|poke|p1|Cinderace, F|
|poke|p1|Maushold-Four|
|poke|p1|Metagross|
|poke|p2|Keldeo-Resolute|
|poke|p2|Pelipper, M|
|poke|p2|Zapdos|
|poke|p2|Scizor, M|
|poke|p2|Meloetta|
|poke|p2|Barraskewda, M|
|teampreview
|
|t:|1758355656
|teamsize|p1|6
|teamsize|p2|6
|start
|switch|p1a: Tanque-cuadrupedo|Metagross|100/100
|switch|p2a: Pelipper|Pelipper, M|100/100
|-weather|RainDance|[from] ability: Drizzle|[of] p2a: Pelipper
|turn|1
|
|t:|1758355669
|move|p2a: Pelipper|Weather Ball|p1a: Tanque-cuadrupedo
|-damage|p1a: Tanque-cuadrupedo|46/100
|move|p1a: Tanque-cuadrupedo|Meteor Mash|p2a: Pelipper
|-resisted|p2a: Pelipper
|-damage|p2a: Pelipper|68/100
|
|-weather|RainDance|[upkeep]
|upkeep
|turn|2
|
|t:|1758355679
|move|p2a: Pelipper|Weather Ball|p1a: Tanque-cuadrupedo
|-crit|p1a: Tanque-cuadrupedo
|-damage|p1a: Tanque-cuadrupedo|0 fnt
|faint|p1a: Tanque-cuadrupedo
|
|-weather|RainDance|[upkeep]
|upkeep
|
|t:|1758355695
|switch|p1a: Denuncia familiar|Maushold-Four|100/100
|turn|3
|
|t:|1758355701
|-terastallize|p2a: Pelipper|Water
|move|p2a: Pelipper|Weather Ball|p1a: Denuncia familiar
|-damage|p1a: Denuncia familiar|0 fnt
|faint|p1a: Denuncia familiar
|
|-weather|RainDance|[upkeep]
|upkeep
|
|t:|1758355707
|switch|p1a: Payo pajaro|Corviknight, M|100/100
|turn|4
|
|t:|1758355715
|switch|p2a: Zapdos|Zapdos|100/100
|move|p1a: Payo pajaro|Iron Defense|p1a: Payo pajaro
|-boost|p1a: Payo pajaro|def|2
|
|-weather|RainDance|[upkeep]
|upkeep
|turn|5
|
|t:|1758355723
|move|p2a: Zapdos|Thunder|p1a: Payo pajaro
|-supereffective|p1a: Payo pajaro
|-damage|p1a: Payo pajaro|23/100
|move|p1a: Payo pajaro|Iron Defense|p1a: Payo pajaro
|-boost|p1a: Payo pajaro|def|2
|
|-weather|none
|-heal|p1a: Payo pajaro|30/100|[from] item: Leftovers
|upkeep
|turn|6
|
|t:|1758355742
|move|p2a: Zapdos|Volt Switch|p1a: Payo pajaro
|-supereffective|p1a: Payo pajaro
|-damage|p1a: Payo pajaro|0 fnt
|faint|p1a: Payo pajaro
|
|t:|1758355747
|switch|p2a: Pelipper|Pelipper, M, tera:Water|68/100|[from] Volt Switch
|-weather|RainDance|[from] ability: Drizzle|[of] p2a: Pelipper
|
|-weather|RainDance|[upkeep]
|upkeep
|
|t:|1758355754
|switch|p1a: Bombeador de anos|Heracross, M|100/100
|turn|7
|
|t:|1758355767
|-terastallize|p1a: Bombeador de anos|Bug
|move|p1a: Bombeador de anos|Megahorn|p2a: Pelipper|[miss]
|-miss|p1a: Bombeador de anos|p2a: Pelipper
|move|p2a: Pelipper|Weather Ball|p1a: Bombeador de anos
|-damage|p1a: Bombeador de anos|0 fnt
|faint|p1a: Bombeador de anos
|
|-weather|RainDance|[upkeep]
|upkeep
|-message|danicasber1 forfeited.
|
|win|Night Rainn何年
|raw|danicasber1's rating: 1051 &rarr; <strong>1035</strong><br />(-16 for losing)
|raw|Night Rainn何年's rating: 1092 &rarr; <strong>1115</strong><br />(+23 for winning)
|l|☆danicasber1
|player|p1|
|l|☆Night Rainn何年
|player|p2|
