|j|☆GoldenBoyy91
|j|☆LuthStar
|t:|1758287308
|gametype|singles
|player|p1|GoldenBoyy91|102|1111
|player|p2|LuthStar|ethan|1125
|gen|9
|tier|[Gen 9] OU
|rated|
|rule|HP Percentage Mod: HP is shown in percentages
|rule|Endless Battle Clause: Forcing endless battles is banned
|rule|Species Clause: Limit one of each Pokémon
|rule|OHKO Clause: OHKO moves are banned
|rule|Evasion Items Clause: Evasion items are banned
|rule|Evasion Moves Clause: Evasion moves are banned
|rule|Evasion Abilities Clause: Evasion abilities are banned
|rule|Sleep Moves Clause: Sleep-inducing moves are banned
|clearpoke
|poke|p1|Weavile, F|
|poke|p1|Gliscor, M|
|poke|p1|Hatterene, F|
|poke|p1|Great Tusk|
|poke|p1|Latias, F|
|poke|p1|Cobalion|
|poke|p2|Typhlosion, M|
|poke|p2|Donphan, M|
|poke|p2|Azumarill, F|
|poke|p2|Espeon, F|
|poke|p2|Hitmontop, M|
|poke|p2|Scizor, M|
|teampreview
|inactive|Battle timer is ON: inactive players will automatically lose when time's up. (requested by LuthStar)
|
|t:|1758287325
|teamsize|p1|6
|teamsize|p2|6
|start
|switch|p1a: Latias|Latias, F|100/100
|switch|p2a: Typhlosion|Typhlosion, M|100/100
|turn|1
|
|t:|1758287334
|switch|p1a: Hatterene|Hatterene, F|100/100
|move|p2a: Typhlosion|Shadow Ball|p1a: Hatterene
|-supereffective|p1a: Hatterene
|-damage|p1a: Hatterene|50/100
|
|upkeep
|turn|2
|
|t:|1758287341
|move|p2a: Typhlosion|Shadow Ball|p1a: Hatterene
|-supereffective|p1a: Hatterene
|-damage|p1a: Hatterene|0 fnt
|faint|p1a: Hatterene
|
|upkeep
|
|t:|1758287359
|switch|p1a: Great Tusk|Great Tusk|100/100
|-enditem|p1a: Great Tusk|Booster Energy
|-activate|p1a: Great Tusk|ability: Protosynthesis|[fromitem]
|-start|p1a: Great Tusk|protosynthesisspe
|turn|3
|
|t:|1758287369
|switch|p2a: Donphan|Donphan, M|100/100
|move|p1a: Great Tusk|Headlong Rush|p2a: Donphan
|-damage|p2a: Donphan|69/100
|-unboost|p1a: Great Tusk|def|1
|-unboost|p1a: Great Tusk|spd|1
|
|-heal|p2a: Donphan|75/100|[from] item: Leftovers
|upkeep
|turn|4
|
|t:|1758287378
|move|p1a: Great Tusk|Ice Spinner|p2a: Donphan
|-supereffective|p2a: Donphan
|-damage|p2a: Donphan|45/100
|move|p2a: Donphan|Stealth Rock|p1a: Great Tusk
|-sidestart|p1: GoldenBoyy91|move: Stealth Rock
|
|-heal|p2a: Donphan|51/100|[from] item: Leftovers
|upkeep
|turn|5
|
|t:|1758287386
|move|p1a: Great Tusk|Ice Spinner|p2a: Donphan
|-supereffective|p2a: Donphan
|-damage|p2a: Donphan|21/100
|move|p2a: Donphan|Ice Spinner|p1a: Great Tusk
|-supereffective|p1a: Great Tusk
|-damage|p1a: Great Tusk|55/100
|
|-heal|p2a: Donphan|28/100|[from] item: Leftovers
|upkeep
|turn|6
|
|t:|1758287396
|move|p1a: Great Tusk|Rapid Spin|p2a: Donphan
|-damage|p2a: Donphan|18/100
|-boost|p1a: Great Tusk|spe|1
|-sideend|p1: GoldenBoyy91|Stealth Rock|[from] move: Rapid Spin|[of] p1a: Great Tusk
|move|p2a: Donphan|Ice Spinner|p1a: Great Tusk
|-supereffective|p1a: Great Tusk
|-damage|p1a: Great Tusk|14/100
|
|-heal|p2a: Donphan|24/100|[from] item: Leftovers
|upkeep
|turn|7
|
|t:|1758287405
|move|p1a: Great Tusk|Ice Spinner|p2a: Donphan
|-supereffective|p2a: Donphan
|-damage|p2a: Donphan|0 fnt
|faint|p2a: Donphan
|
|upkeep
|
|t:|1758287413
|switch|p2a: Scizor|Scizor, M|100/100
|turn|8
|
|t:|1758287419
|move|p1a: Great Tusk|Close Combat|p2a: Scizor
|-damage|p2a: Scizor|44/100
|-unboost|p1a: Great Tusk|def|1
|-unboost|p1a: Great Tusk|spd|1
|move|p2a: Scizor|Brick Break|p1a: Great Tusk
|-damage|p1a: Great Tusk|0 fnt
|faint|p1a: Great Tusk
|-end|p1a: Great Tusk|Protosynthesis|[silent]
|
|upkeep
|
|t:|1758287428
|switch|p1a: Cobalion|Cobalion|100/100
|turn|9
|
|t:|1758287431
|move|p1a: Cobalion|Thunder Wave|p2a: Scizor
|-status|p2a: Scizor|par
|cant|p2a: Scizor|par
|
|upkeep
|turn|10
|
|t:|1758287439
|move|p1a: Cobalion|Body Press|p2a: Scizor
|-damage|p2a: Scizor|9/100 par
|move|p2a: Scizor|Brick Break|p1a: Cobalion
|-supereffective|p1a: Cobalion
|-crit|p1a: Cobalion
|-damage|p1a: Cobalion|4/100
|
|upkeep
|turn|11
|
|t:|1758287450
|switch|p2a: Azumarill|Azumarill, F|100/100
|move|p1a: Cobalion|Body Press|p2a: Azumarill
|-resisted|p2a: Azumarill
|-damage|p2a: Azumarill|84/100
|
|upkeep
|turn|12
|
|t:|1758287458
|move|p2a: Azumarill|Aqua Jet|p1a: Cobalion
|-damage|p1a: Cobalion|0 fnt
|faint|p1a: Cobalion
|
|upkeep
|
|t:|1758287460
|switch|p1a: Weavile|Weavile, F|100/100
|turn|13
|
|t:|1758287464
|move|p1a: Weavile|Knock Off|p2a: Azumarill
|-resisted|p2a: Azumarill
|-damage|p2a: Azumarill|63/100
|-enditem|p2a: Azumarill|Assault Vest|[from] move: Knock Off|[of] p1a: Weavile
|move|p2a: Azumarill|Play Rough|p1a: Weavile|[miss]
|-miss|p2a: Azumarill|p1a: Weavile
|
|upkeep
|turn|14
|
|t:|1758287471
|switch|p1a: Gliscor|Gliscor, M|100/100
|move|p2a: Azumarill|Play Rough|p1a: Gliscor
|-damage|p1a: Gliscor|67/100
|
|-status|p1a: Gliscor|tox|[from] item: Toxic Orb
|upkeep
|turn|15
|
|t:|1758287481
|switch|p2a: Espeon|Espeon, F|100/100
|move|p1a: Gliscor|Protect||[still]
|-fail|p1a: Gliscor
|
|-heal|p1a: Gliscor|80/100 tox|[from] ability: Poison Heal
|upkeep
|turn|16
|
|t:|1758287498
|switch|p1a: Weavile|Weavile, F|100/100
|move|p2a: Espeon|Trick|p1a: Weavile
|-activate|p2a: Espeon|move: Trick|[of] p1a: Weavile
|-item|p1a: Weavile|Choice Specs|[from] move: Trick
|-item|p2a: Espeon|Choice Scarf|[from] move: Trick
|
|upkeep
|turn|17
|
|t:|1758287519
|-terastallize|p2a: Espeon|Fairy
|move|p2a: Espeon|Tera Blast|p1a: Weavile|[anim] Tera Blast Fairy
|-supereffective|p1a: Weavile
|-damage|p1a: Weavile|0 fnt
|faint|p1a: Weavile
|
|upkeep
|
|t:|1758287533
|switch|p1a: Gliscor|Gliscor, M|80/100 tox
|turn|18
|
|t:|1758287541
|move|p1a: Gliscor|Protect|p1a: Gliscor
|-singleturn|p1a: Gliscor|Protect
|move|p2a: Espeon|Tera Blast|p1a: Gliscor|[anim] Tera Blast Fairy
|-activate|p1a: Gliscor|move: Protect
|
|-heal|p1a: Gliscor|92/100 tox|[from] ability: Poison Heal
|upkeep
|turn|19
|
|t:|1758287566
|move|p2a: Espeon|Tera Blast|p1a: Gliscor|[anim] Tera Blast Fairy
|-damage|p1a: Gliscor|38/100 tox
|move|p1a: Gliscor|Swords Dance|p1a: Gliscor
|-boost|p1a: Gliscor|atk|2
|
|-heal|p1a: Gliscor|51/100 tox|[from] ability: Poison Heal
|upkeep
|turn|20
|
|t:|1758287578
|switch|p2a: Azumarill|Azumarill, F|63/100
|move|p1a: Gliscor|Protect||[still]
|-fail|p1a: Gliscor
|
|-heal|p1a: Gliscor|63/100 tox|[from] ability: Poison Heal
|upkeep
|turn|21
|
|t:|1758287587
|-terastallize|p1a: Gliscor|Water
|move|p1a: Gliscor|Earthquake|p2a: Azumarill
|-damage|p2a: Azumarill|8/100
|move|p2a: Azumarill|Ice Spinner|p1a: Gliscor
|-resisted|p1a: Gliscor
|-damage|p1a: Gliscor|54/100 tox
|
|-heal|p1a: Gliscor|66/100 tox|[from] ability: Poison Heal
|upkeep
|turn|22
|
|t:|1758287598
|move|p1a: Gliscor|Earthquake|p2a: Azumarill
|-damage|p2a: Azumarill|0 fnt
|faint|p2a: Azumarill
|
|-heal|p1a: Gliscor|78/100 tox|[from] ability: Poison Heal
|upkeep
|
|t:|1758287613
|switch|p2a: Hitmontop|Hitmontop, M|100/100
|turn|23
|
|t:|1758287623
|move|p2a: Hitmontop|Fake Out|p1a: Gliscor
|-damage|p1a: Gliscor|62/100 tox
|-damage|p2a: Hitmontop|91/100|[from] item: Life Orb
|cant|p1a: Gliscor|flinch
|
|-heal|p1a: Gliscor|75/100 tox|[from] ability: Poison Heal
|upkeep
|turn|24
|
|t:|1758287631
|move|p1a: Gliscor|Crabhammer|p2a: Hitmontop
|-damage|p2a: Hitmontop|1/100
|move|p2a: Hitmontop|High Jump Kick|p1a: Gliscor
|-damage|p1a: Gliscor|22/100 tox
|-damage|p2a: Hitmontop|0 fnt|[from] item: Life Orb
|faint|p2a: Hitmontop
|
|-heal|p1a: Gliscor|34/100 tox|[from] ability: Poison Heal
|upkeep
|
|t:|1758287649
|switch|p2a: Typhlosion|Typhlosion, M|100/100
|turn|25
|
|t:|1758287653
|move|p1a: Gliscor|Earthquake|p2a: Typhlosion
|-supereffective|p2a: Typhlosion
|-damage|p2a: Typhlosion|0 fnt
|faint|p2a: Typhlosion
|
|-heal|p1a: Gliscor|47/100 tox|[from] ability: Poison Heal
|upkeep
|
|t:|1758287659
|switch|p2a: Espeon|Espeon, F, tera:Fairy|100/100
|turn|26
|
|t:|1758287665
|move|p1a: Gliscor|Protect|p1a: Gliscor
|-singleturn|p1a: Gliscor|Protect
|move|p2a: Espeon|Tera Blast|p1a: Gliscor|[anim] Tera Blast Fairy
|-activate|p1a: Gliscor|move: Protect
|
|-heal|p1a: Gliscor|59/100 tox|[from] ability: Poison Heal
|upkeep
|turn|27
|
|t:|1758287672
|move|p2a: Espeon|Tera Blast|p1a: Gliscor|[anim] Tera Blast Fairy
|-damage|p1a: Gliscor|11/100 tox
|move|p1a: Gliscor|Crabhammer|p2a: Espeon
|-damage|p2a: Espeon|0 fnt
|faint|p2a: Espeon
|
|-heal|p1a: Gliscor|23/100 tox|[from] ability: Poison Heal
|upkeep
|
|t:|1758287680
|switch|p2a: Scizor|Scizor, M|9/100 par
|turn|28
|
|t:|1758287683
|cant|p2a: Scizor|par
|move|p1a: Gliscor|Earthquake|p2a: Scizor
|-damage|p2a: Scizor|0 fnt
|faint|p2a: Scizor
|
|win|GoldenBoyy91
|raw|GoldenBoyy91's rating: 1111 &rarr; <strong>1137</strong><br />(+26 for winning)
|raw|LuthStar's rating: 1125 &rarr; <strong>1099</strong><br />(-26 for losing)
|l|☆LuthStar
|player|p2|
