|j|☆ouzq hbk
|j|☆CherylBush
|t:|1758271215
|gametype|singles
|player|p1|ouzq hbk|101|1611
|player|p2|CherylBush|mallow-masters|1558
|gen|9
|tier|[Gen 9] OU
|rated|
|rule|HP Percentage Mod: HP is shown in percentages
|rule|Endless Battle Clause: Forcing endless battles is banned
|rule|Species Clause: Limit one of each Pokémon
|rule|OHKO Clause: OHKO moves are banned
|rule|Evasion Items Clause: Evasion items are banned
|rule|Evasion Moves Clause: Evasion moves are banned
|rule|Evasion Abilities Clause: Evasion abilities are banned
|rule|Sleep Moves Clause: Sleep-inducing moves are banned
|clearpoke
|poke|p1|Hoopa-Unbound|
|poke|p1|Clefable, F|
|poke|p1|Landorus-Therian, M|
|poke|p1|Gholdengo|
|poke|p1|Alomomola, M|
|poke|p1|Cinderace, F|
|poke|p2|Landorus-Therian, M|
|poke|p2|Skeledirge, M|
|poke|p2|Skarmory, M|
|poke|p2|Hydrapple, M|
|poke|p2|Samurott-Hisui, M|
|poke|p2|Fezandipiti, M|
|teampreview
|
|t:|1758271226
|teamsize|p1|6
|teamsize|p2|6
|start
|switch|p1a: Clefinately Gay|Clefable, F|100/100
|switch|p2a: Samurott|Samurott-Hisui, M, shiny|100/100
|turn|1
|
|t:|1758271231
|move|p2a: Samurott|Flip Turn|p1a: Clefinately Gay
|-damage|p1a: Clefinately Gay|77/100
|
|t:|1758271238
|switch|p2a: Skarmory|Skarmory, M, shiny|100/100|[from] Flip Turn
|move|p1a: Clefinately Gay|Thunder Wave|p2a: Skarmory
|-status|p2a: Skarmory|par
|
|-heal|p1a: Clefinately Gay|83/100|[from] item: Leftovers
|upkeep
|turn|2
|inactive|Battle timer is ON: inactive players will automatically lose when time's up. (requested by CherylBush)
|
|t:|1758271248
|move|p1a: Clefinately Gay|Calm Mind|p1a: Clefinately Gay
|-boost|p1a: Clefinately Gay|spa|1
|-boost|p1a: Clefinately Gay|spd|1
|move|p2a: Skarmory|Stealth Rock|p1a: Clefinately Gay
|-sidestart|p1: ouzq hbk|move: Stealth Rock
|
|-heal|p1a: Clefinately Gay|89/100|[from] item: Leftovers
|upkeep
|turn|3
|
|t:|1758271270
|switch|p2a: Skeledirge|Skeledirge, M, shiny|100/100
|move|p1a: Clefinately Gay|Calm Mind|p1a: Clefinately Gay
|-boost|p1a: Clefinately Gay|spa|1
|-boost|p1a: Clefinately Gay|spd|1
|
|-heal|p1a: Clefinately Gay|95/100|[from] item: Leftovers
|upkeep
|turn|4
|
|t:|1758271280
|move|p2a: Skeledirge|Torch Song|p1a: Clefinately Gay
|-damage|p1a: Clefinately Gay|67/100
|-boost|p2a: Skeledirge|spa|1
|move|p1a: Clefinately Gay|Thunder Wave|p2a: Skeledirge
|-status|p2a: Skeledirge|par
|
|-heal|p1a: Clefinately Gay|73/100|[from] item: Leftovers
|upkeep
|turn|5
|
|t:|1758271288
|switch|p1a: Poopa|Hoopa-Unbound|100/100
|-damage|p1a: Poopa|88/100|[from] Stealth Rock
|cant|p2a: Skeledirge|par
|
|upkeep
|turn|6
|
|t:|1758271297
|switch|p2a: Skarmory|Skarmory, M, shiny|100/100 par
|move|p1a: Poopa|Knock Off|p2a: Skarmory
|-damage|p2a: Skarmory|73/100 par
|-damage|p1a: Poopa|72/100|[from] item: Rocky Helmet|[of] p2a: Skarmory
|-enditem|p2a: Skarmory|Rocky Helmet|[from] move: Knock Off|[of] p1a: Poopa
|
|upkeep
|turn|7
|
|t:|1758271305
|switch|p2a: Samurott|Samurott-Hisui, M, shiny|100/100
|move|p1a: Poopa|Psychic Noise|p2a: Samurott
|-immune|p2a: Samurott
|
|upkeep
|turn|8
|
|t:|1758271312
|switch|p1a: Annoying lil shit|Alomomola, M|100/100
|-damage|p1a: Annoying lil shit|88/100|[from] Stealth Rock
|move|p2a: Samurott|Knock Off|p1a: Annoying lil shit
|-damage|p1a: Annoying lil shit|63/100
|-damage|p2a: Samurott|84/100|[from] item: Rocky Helmet|[of] p1a: Annoying lil shit
|-enditem|p1a: Annoying lil shit|Rocky Helmet|[from] move: Knock Off|[of] p2a: Samurott
|
|upkeep
|turn|9
|
|t:|1758271320
|move|p2a: Samurott|Ceaseless Edge|p1a: Annoying lil shit
|-crit|p1a: Annoying lil shit
|-damage|p1a: Annoying lil shit|23/100
|-sidestart|p1: ouzq hbk|Spikes
|move|p1a: Annoying lil shit|Whirlpool|p2a: Samurott|[miss]
|-miss|p1a: Annoying lil shit|p2a: Samurott
|
|upkeep
|turn|10
|
|t:|1758271327
|move|p2a: Samurott|Ceaseless Edge|p1a: Annoying lil shit
|-damage|p1a: Annoying lil shit|0 fnt
|-sidestart|p1: ouzq hbk|Spikes
|faint|p1a: Annoying lil shit
|
|upkeep
|
|t:|1758271337
|switch|p1a: Cinderace|Cinderace, F|100/100
|turn|11
|
|t:|1758271340
|move|p1a: Cinderace|U-turn|p2a: Samurott
|-supereffective|p2a: Samurott
|-damage|p2a: Samurott|24/100
|
|t:|1758271344
|switch|p1a: Clefinately Gay|Clefable, F|73/100|[from] U-turn
|-damage|p1a: Clefinately Gay|60/100|[from] Stealth Rock
|-damage|p1a: Clefinately Gay|44/100|[from] Spikes
|move|p2a: Samurott|Flip Turn|p1a: Clefinately Gay
|-damage|p1a: Clefinately Gay|21/100
|
|t:|1758271351
|switch|p2a: Landorus|Landorus-Therian, M, shiny|100/100|[from] Flip Turn
|-ability|p2a: Landorus|Intimidate|boost
|-unboost|p1a: Clefinately Gay|atk|1
|
|-heal|p1a: Clefinately Gay|27/100|[from] item: Leftovers
|upkeep
|turn|12
|
|t:|1758271364
|move|p2a: Landorus|Earthquake|p1a: Clefinately Gay
|-damage|p1a: Clefinately Gay|0 fnt
|faint|p1a: Clefinately Gay
|
|upkeep
|
|t:|1758271371
|switch|p1a: Cinderace|Cinderace, F|100/100
|turn|13
|
|t:|1758271374
|move|p2a: Landorus|Earthquake|p1a: Cinderace
|-supereffective|p1a: Cinderace
|-damage|p1a: Cinderace|0 fnt
|faint|p1a: Cinderace
|
|upkeep
|-message|ouzq hbk forfeited.
|
|win|CherylBush
|raw|ouzq hbk's rating: 1611 &rarr; <strong>1588</strong><br />(-23 for losing)
|raw|CherylBush's rating: 1558 &rarr; <strong>1581</strong><br />(+23 for winning)
|l|☆ouzq hbk
|player|p1|
|l|☆CherylBush
|player|p2|
