|j|☆teambuildtest420
|j|☆bottom drawer
|t:|1758255187
|gametype|singles
|player|p1|teambuildtest420|unknownf|1454
|player|p2|bottom drawer|1|1411
|gen|9
|tier|[Gen 9] OU
|rated|
|rule|HP Percentage Mod: HP is shown in percentages
|rule|Endless Battle Clause: Forcing endless battles is banned
|rule|Species Clause: Limit one of each Pokémon
|rule|OHKO Clause: OHKO moves are banned
|rule|Evasion Items Clause: Evasion items are banned
|rule|Evasion Moves Clause: Evasion moves are banned
|rule|Evasion Abilities Clause: Evasion abilities are banned
|rule|Sleep Moves Clause: Sleep-inducing moves are banned
|clearpoke
|poke|p1|Iron Treads|
|poke|p1|Landorus-Therian, M|
|poke|p1|Iron Valiant|
|poke|p1|Kingambit, F|
|poke|p1|Zamazenta-*|
|poke|p1|Primarina, F|
|poke|p2|Toxapex, F|
|poke|p2|Rillaboom, M|
|poke|p2|Hawlucha, M|
|poke|p2|Raging Bolt|
|poke|p2|Cinderace, M|
|poke|p2|Corviknight, M|
|teampreview
|inactive|Battle timer is ON: inactive players will automatically lose when time's up. (requested by teambuildtest420)
|c|☆bottom drawer|gl
|inactive|bottom drawer has 120 seconds left.
|
|t:|1758255234
|teamsize|p1|6
|teamsize|p2|6
|start
|switch|p1a: Landorus|Landorus-Therian, M|100/100
|switch|p2a: Cinderace|Cinderace, M|100/100
|-ability|p1a: Landorus|Intimidate|boost
|-unboost|p2a: Cinderace|atk|1
|turn|1
|
|t:|1758255247
|move|p2a: Cinderace|U-turn|p1a: Landorus
|-start|p2a: Cinderace|typechange|Bug|[from] ability: Libero
|-resisted|p1a: Landorus
|-damage|p1a: Landorus|91/100
|-damage|p2a: Cinderace|84/100|[from] item: Rocky Helmet|[of] p1a: Landorus
|-damage|p2a: Cinderace|74/100|[from] item: Life Orb
|inactive|bottom drawer has 120 seconds left.
|
|t:|1758255280
|switch|p2a: wade|Rillaboom, M|100/100|[from] U-turn
|-fieldstart|move: Grassy Terrain|[from] ability: Grassy Surge|[of] p2a: wade
|move|p1a: Landorus|Earth Power|p2a: wade
|-resisted|p2a: wade
|-damage|p2a: wade|80/100
|
|-heal|p2a: wade|86/100|[from] Grassy Terrain
|upkeep
|turn|2
|
|t:|1758255287
|move|p2a: wade|Knock Off|p1a: Landorus
|-damage|p1a: Landorus|51/100
|-damage|p2a: wade|70/100|[from] item: Rocky Helmet|[of] p1a: Landorus
|-enditem|p1a: Landorus|Rocky Helmet|[from] move: Knock Off|[of] p2a: wade
|move|p1a: Landorus|U-turn|p2a: wade
|-supereffective|p2a: wade
|-damage|p2a: wade|29/100
|
|t:|1758255294
|switch|p1a: Iron Valiant|Iron Valiant|100/100|[from] U-turn
|
|-heal|p2a: wade|35/100|[from] Grassy Terrain
|upkeep
|turn|3
|
|t:|1758255306
|switch|p2a: Toxapex|Toxapex, F|100/100
|move|p1a: Iron Valiant|Moonblast|p2a: Toxapex
|-resisted|p2a: Toxapex
|-damage|p2a: Toxapex|88/100
|
|-heal|p2a: Toxapex|94/100|[from] Grassy Terrain
|upkeep
|turn|4
|
|t:|1758255318
|-end|p1a: Iron Valiant|Quark Drive|[silent]
|switch|p1a: Landorus|Landorus-Therian, M|51/100
|-ability|p1a: Landorus|Intimidate|boost
|-unboost|p2a: Toxapex|atk|1
|move|p2a: Toxapex|Infestation|p1a: Landorus
|-resisted|p1a: Landorus
|-damage|p1a: Landorus|49/100
|-activate|p1a: Landorus|move: Infestation|[of] p2a: Toxapex
|
|-heal|p2a: Toxapex|99/100|[from] Grassy Terrain
|-damage|p1a: Landorus|37/100|[from] move: Infestation|[partiallytrapped]
|upkeep
|turn|5
|inactive|teambuildtest420 has 120 seconds left.
|
|t:|1758255377
|move|p1a: Landorus|Stealth Rock|p2a: Toxapex
|-sidestart|p2: bottom drawer|move: Stealth Rock
|move|p2a: Toxapex|Toxic|p1a: Landorus
|-status|p1a: Landorus|tox
|
|-heal|p2a: Toxapex|100/100|[from] Grassy Terrain
|-damage|p1a: Landorus|31/100 tox|[from] psn
|-damage|p1a: Landorus|19/100 tox|[from] move: Infestation|[partiallytrapped]
|-fieldend|move: Grassy Terrain
|upkeep
|turn|6
|
|t:|1758255389
|switch|p2a: Corviknight|Corviknight, M|100/100
|-damage|p2a: Corviknight|88/100|[from] Stealth Rock
|-ability|p2a: Corviknight|Pressure
|move|p1a: Landorus|Earth Power|p2a: Corviknight
|-immune|p2a: Corviknight
|
|-damage|p1a: Landorus|7/100 tox|[from] psn
|-end|p1a: Landorus|Infestation|[partiallytrapped]|[silent]
|upkeep
|turn|7
|
|t:|1758255393
|move|p1a: Landorus|Taunt|p2a: Corviknight
|-start|p2a: Corviknight|move: Taunt
|cant|p2a: Corviknight|move: Taunt|Defog
|
|-damage|p1a: Landorus|0 fnt|[from] psn
|faint|p1a: Landorus
|upkeep
|
|t:|1758255400
|switch|p1a: Iron Valiant|Iron Valiant|100/100
|turn|8
|
|t:|1758255404
|move|p1a: Iron Valiant|Thunderbolt|p2a: Corviknight
|-supereffective|p2a: Corviknight
|-damage|p2a: Corviknight|19/100
|move|p2a: Corviknight|Brave Bird|p1a: Iron Valiant
|-supereffective|p1a: Iron Valiant
|-damage|p1a: Iron Valiant|0 fnt
|faint|p1a: Iron Valiant
|-end|p1a: Iron Valiant|Quark Drive|[silent]
|-damage|p2a: Corviknight|0 fnt|[from] Recoil
|faint|p2a: Corviknight
|
|upkeep
|
|t:|1758255414
|switch|p1a: Primarina|Primarina, F|100/100
|switch|p2a: Cinderace|Cinderace, M|74/100
|-damage|p2a: Cinderace|49/100|[from] Stealth Rock
|turn|9
|
|t:|1758255418
|move|p2a: Cinderace|Court Change|p2a: Cinderace
|-start|p2a: Cinderace|typechange|Normal|[from] ability: Libero
|-swapsideconditions
|-activate|p2a: Cinderace|move: Court Change
|move|p1a: Primarina|Surf|p2a: Cinderace
|-damage|p2a: Cinderace|0 fnt
|faint|p2a: Cinderace
|
|upkeep
|
|t:|1758255422
|switch|p2a: wade|Rillaboom, M|35/100
|-fieldstart|move: Grassy Terrain|[from] ability: Grassy Surge|[of] p2a: wade
|turn|10
|
|t:|1758255447
|-terastallize|p1a: Primarina|Steel
|move|p2a: wade|U-turn|p1a: Primarina
|-resisted|p1a: Primarina
|-damage|p1a: Primarina|72/100
|
|t:|1758255451
|switch|p2a: Toxapex|Toxapex, F|100/100|[from] U-turn
|move|p1a: Primarina|Moonblast|p2a: Toxapex
|-resisted|p2a: Toxapex
|-damage|p2a: Toxapex|85/100
|
|-heal|p1a: Primarina|78/100|[from] Grassy Terrain
|-heal|p2a: Toxapex|91/100|[from] Grassy Terrain
|upkeep
|turn|11
|
|t:|1758255462
|move|p1a: Primarina|Flip Turn|p2a: Toxapex
|-resisted|p2a: Toxapex
|-damage|p2a: Toxapex|85/100
|
|t:|1758255466
|switch|p1a: Iron Treads|Iron Treads|100/100|[from] Flip Turn
|-damage|p1a: Iron Treads|97/100|[from] Stealth Rock
|-enditem|p1a: Iron Treads|Booster Energy
|-activate|p1a: Iron Treads|ability: Quark Drive|[fromitem]
|-start|p1a: Iron Treads|quarkdrivespe
|move|p2a: Toxapex|Toxic|p1a: Iron Treads
|-immune|p1a: Iron Treads
|
|-heal|p1a: Iron Treads|100/100|[from] Grassy Terrain
|-heal|p2a: Toxapex|92/100|[from] Grassy Terrain
|upkeep
|turn|12
|
|t:|1758255471
|switch|p2a: lebron|Hawlucha, M|100/100
|-enditem|p2a: lebron|Grassy Seed
|-boost|p2a: lebron|def|1|[from] item: Grassy Seed
|move|p1a: Iron Treads|Rapid Spin|p2a: lebron
|-damage|p2a: lebron|86/100
|-boost|p1a: Iron Treads|spe|1
|-sideend|p1: teambuildtest420|Stealth Rock|[from] move: Rapid Spin|[of] p1a: Iron Treads
|
|upkeep
|turn|13
|
|t:|1758255477
|move|p1a: Iron Treads|Ice Spinner|p2a: lebron
|-supereffective|p2a: lebron
|-damage|p2a: lebron|40/100
|-fieldend|move: Grassy Terrain
|move|p2a: lebron|Encore|p1a: Iron Treads
|-start|p1a: Iron Treads|Encore
|
|upkeep
|turn|14
|inactive|bottom drawer has 120 seconds left.
|
|t:|1758255528
|switch|p2a: Toxapex|Toxapex, F|100/100
|move|p1a: Iron Treads|Ice Spinner|p2a: Toxapex
|-resisted|p2a: Toxapex
|-damage|p2a: Toxapex|90/100
|
|upkeep
|turn|15
|
|t:|1758255536
|-end|p1a: Iron Treads|Quark Drive|[silent]
|switch|p1a: Primarina|Primarina, F, tera:Steel|78/100
|move|p2a: Toxapex|Infestation|p1a: Primarina
|-resisted|p1a: Primarina
|-damage|p1a: Primarina|77/100
|-activate|p1a: Primarina|move: Infestation|[of] p2a: Toxapex
|
|-damage|p1a: Primarina|65/100|[from] move: Infestation|[partiallytrapped]
|upkeep
|turn|16
|
|t:|1758255547
|switch|p2a: wade|Rillaboom, M|35/100
|-fieldstart|move: Grassy Terrain|[from] ability: Grassy Surge|[of] p2a: wade
|move|p1a: Primarina|Psychic Noise|p2a: wade
|-damage|p2a: wade|0 fnt
|faint|p2a: wade
|
|-heal|p1a: Primarina|71/100|[from] Grassy Terrain
|-end|p1a: Primarina|Infestation|[partiallytrapped]|[silent]
|upkeep
|
|t:|1758255566
|switch|p2a: Raging Bolt|Raging Bolt|100/100
|-enditem|p2a: Raging Bolt|Booster Energy
|-activate|p2a: Raging Bolt|ability: Protosynthesis|[fromitem]
|-start|p2a: Raging Bolt|protosynthesisspa
|turn|17
|
|t:|1758255570
|-terastallize|p2a: Raging Bolt|Fairy
|move|p2a: Raging Bolt|Calm Mind|p2a: Raging Bolt
|-boost|p2a: Raging Bolt|spa|1
|-boost|p2a: Raging Bolt|spd|1
|move|p1a: Primarina|Moonblast|p2a: Raging Bolt
|-damage|p2a: Raging Bolt|65/100
|
|-heal|p2a: Raging Bolt|71/100|[from] Grassy Terrain
|-heal|p1a: Primarina|77/100|[from] Grassy Terrain
|upkeep
|turn|18
|
|t:|1758255578
|switch|p1a: Iron Treads|Iron Treads|100/100
|move|p2a: Raging Bolt|Calm Mind|p2a: Raging Bolt
|-boost|p2a: Raging Bolt|spa|1
|-boost|p2a: Raging Bolt|spd|1
|
|-heal|p2a: Raging Bolt|77/100|[from] Grassy Terrain
|upkeep
|turn|19
|
|t:|1758255581
|move|p1a: Iron Treads|Iron Head|p2a: Raging Bolt
|-supereffective|p2a: Raging Bolt
|-damage|p2a: Raging Bolt|11/100
|move|p2a: Raging Bolt|Dragon Pulse|p1a: Iron Treads
|-resisted|p1a: Iron Treads
|-damage|p1a: Iron Treads|13/100
|
|-heal|p1a: Iron Treads|19/100|[from] Grassy Terrain
|-heal|p2a: Raging Bolt|17/100|[from] Grassy Terrain
|upkeep
|turn|20
|inactive|bottom drawer has 120 seconds left.
|
|t:|1758255613
|move|p1a: Iron Treads|Earthquake|p2a: Raging Bolt
|-damage|p2a: Raging Bolt|0 fnt
|faint|p2a: Raging Bolt
|-end|p2a: Raging Bolt|Protosynthesis|[silent]
|
|-heal|p1a: Iron Treads|25/100|[from] Grassy Terrain
|-fieldend|move: Grassy Terrain
|upkeep
|
|t:|1758255617
|switch|p2a: lebron|Hawlucha, M|40/100
|turn|21
|inactive|bottom drawer has 120 seconds left.
|
|t:|1758255627
|-end|p1a: Iron Treads|Quark Drive|[silent]
|switch|p1a: Zamazenta|Zamazenta|100/100
|-ability|p1a: Zamazenta|Dauntless Shield|boost
|-boost|p1a: Zamazenta|def|1
|move|p2a: lebron|Close Combat|p1a: Zamazenta
|-damage|p1a: Zamazenta|66/100
|-unboost|p2a: lebron|def|1
|-unboost|p2a: lebron|spd|1
|
|upkeep
|turn|22
|
|t:|1758255634
|switch|p2a: Toxapex|Toxapex, F|100/100
|move|p1a: Zamazenta|Heavy Slam|p2a: Toxapex
|-resisted|p2a: Toxapex
|-damage|p2a: Toxapex|86/100
|
|upkeep
|turn|23
|
|t:|1758255640
|switch|p1a: Primarina|Primarina, F, tera:Steel|77/100
|move|p2a: Toxapex|Infestation|p1a: Primarina
|-resisted|p1a: Primarina
|-damage|p1a: Primarina|76/100
|-activate|p1a: Primarina|move: Infestation|[of] p2a: Toxapex
|
|-damage|p1a: Primarina|64/100|[from] move: Infestation|[partiallytrapped]
|upkeep
|turn|24
|
|t:|1758255643
|move|p1a: Primarina|Psychic Noise|p2a: Toxapex
|-supereffective|p2a: Toxapex
|-damage|p2a: Toxapex|48/100
|-start|p2a: Toxapex|move: Heal Block
|cant|p2a: Toxapex|move: Heal Block|Recover
|
|-damage|p1a: Primarina|51/100|[from] move: Infestation|[partiallytrapped]
|upkeep
|turn|25
|inactive|bottom drawer has 120 seconds left.
|inactive|bottom drawer has 90 seconds left.
|
|t:|1758255711
|switch|p2a: lebron|Hawlucha, M|40/100
|move|p1a: Primarina|Psychic Noise|p2a: lebron
|-supereffective|p2a: lebron
|-damage|p2a: lebron|0 fnt
|faint|p2a: lebron
|
|-end|p1a: Primarina|Infestation|[partiallytrapped]|[silent]
|upkeep
|
|t:|1758255714
|switch|p2a: Toxapex|Toxapex, F|81/100
|turn|26
|-message|bottom drawer forfeited.
|
|win|teambuildtest420
|raw|teambuildtest420's rating: 1454 &rarr; <strong>1472</strong><br />(+18 for winning)
|raw|bottom drawer's rating: 1411 &rarr; <strong>1393</strong><br />(-18 for losing)
|l|☆bottom drawer
|player|p2|
|l|☆teambuildtest420
|player|p1|
