|j|☆Ton618m87
|j|☆Jzcool
|t:|1758289100
|gametype|singles
|player|p1|Ton618m87|169|1030
|player|p2|Jzcool|mars|1000
|gen|9
|tier|[Gen 9] OU
|rated|
|rule|HP Percentage Mod: HP is shown in percentages
|rule|Endless Battle Clause: Forcing endless battles is banned
|rule|Species Clause: Limit one of each Pokémon
|rule|OHKO Clause: OHKO moves are banned
|rule|Evasion Items Clause: Evasion items are banned
|rule|Evasion Moves Clause: Evasion moves are banned
|rule|Evasion Abilities Clause: Evasion abilities are banned
|rule|Sleep Moves Clause: Sleep-inducing moves are banned
|clearpoke
|poke|p1|Scizor, M|
|poke|p1|Garganacl, M|
|poke|p1|Weavile, F|
|poke|p1|Dragonite, M|
|poke|p1|Primarina, M|
|poke|p1|Clefairy, M|
|poke|p2|Ceruledge, F|
|poke|p2|Scizor, M|
|poke|p2|Gliscor, M|
|poke|p2|Pecharunt|
|poke|p2|Blaziken, F|
|poke|p2|Raging Bolt|
|teampreview
|inactive|Battle timer is ON: inactive players will automatically lose when time's up. (requested by Jzcool)
|
|t:|1758289116
|teamsize|p1|6
|teamsize|p2|6
|start
|switch|p1a: Weavile|Weavile, F|100/100
|switch|p2a: Rei|Scizor, M|100/100
|-ability|p1a: Weavile|Pressure
|turn|1
|
|t:|1758289126
|move|p1a: Weavile|Fake Out|p2a: Rei
|-resisted|p2a: Rei
|-damage|p2a: Rei|94/100
|cant|p2a: Rei|flinch
|
|upkeep
|turn|2
|
|t:|1758289135
|move|p1a: Weavile|Swords Dance|p1a: Weavile
|-boost|p1a: Weavile|atk|2
|move|p2a: Rei|U-turn|p1a: Weavile
|-supereffective|p1a: Weavile
|-damage|p1a: Weavile|0 fnt
|faint|p1a: Weavile
|
|t:|1758289150
|switch|p2a: Gliscor|Gliscor, M|100/100|[from] U-turn
|
|-status|p2a: Gliscor|tox|[from] item: Toxic Orb
|upkeep
|
|t:|1758289159
|switch|p1a: Garganacl|Garganacl, M|100/100
|turn|3
|
|t:|1758289169
|move|p2a: Gliscor|Toxic|p1a: Garganacl
|-immune|p1a: Garganacl|[from] ability: Purifying Salt
|move|p1a: Garganacl|Stealth Rock|p2a: Gliscor
|-sidestart|p2: Jzcool|move: Stealth Rock
|
|upkeep
|turn|4
|
|t:|1758289179
|move|p2a: Gliscor|Spikes|p1a: Garganacl
|-sidestart|p1: Ton618m87|Spikes
|move|p1a: Garganacl|Sandstorm|p1a: Garganacl
|-weather|Sandstorm
|
|-weather|Sandstorm|[upkeep]
|upkeep
|turn|5
|
|t:|1758289185
|move|p2a: Gliscor|Knock Off|p1a: Garganacl
|-damage|p1a: Garganacl|86/100
|-enditem|p1a: Garganacl|Leftovers|[from] move: Knock Off|[of] p2a: Gliscor
|move|p1a: Garganacl|Salt Cure|p2a: Gliscor
|-damage|p2a: Gliscor|90/100 tox
|-start|p2a: Gliscor|Salt Cure
|
|-weather|Sandstorm|[upkeep]
|-heal|p2a: Gliscor|100/100 tox|[from] ability: Poison Heal
|-damage|p2a: Gliscor|88/100 tox|[from] Salt Cure
|upkeep
|turn|6
|
|t:|1758289206
|switch|p1a: Scizor|Scizor, M|100/100
|-damage|p1a: Scizor|88/100|[from] Spikes
|move|p2a: Gliscor|Spikes|p1a: Scizor
|-sidestart|p1: Ton618m87|Spikes
|
|-weather|Sandstorm|[upkeep]
|-heal|p2a: Gliscor|100/100 tox|[from] ability: Poison Heal
|-damage|p2a: Gliscor|88/100 tox|[from] Salt Cure
|upkeep
|turn|7
|
|t:|1758289218
|move|p2a: Gliscor|Knock Off|p1a: Scizor
|-damage|p1a: Scizor|65/100
|-enditem|p1a: Scizor|Metal Coat|[from] move: Knock Off|[of] p2a: Gliscor
|move|p1a: Scizor|Swords Dance|p1a: Scizor
|-boost|p1a: Scizor|atk|2
|
|-weather|Sandstorm|[upkeep]
|-heal|p2a: Gliscor|100/100 tox|[from] ability: Poison Heal
|-damage|p2a: Gliscor|88/100 tox|[from] Salt Cure
|upkeep
|turn|8
|
|t:|1758289235
|move|p2a: Gliscor|Protect|p2a: Gliscor
|-singleturn|p2a: Gliscor|Protect
|move|p1a: Scizor|Swords Dance|p1a: Scizor
|-boost|p1a: Scizor|atk|2
|
|-weather|none
|-heal|p2a: Gliscor|100/100 tox|[from] ability: Poison Heal
|-damage|p2a: Gliscor|88/100 tox|[from] Salt Cure
|upkeep
|turn|9
|
|t:|1758289260
|-terastallize|p1a: Scizor|Steel
|move|p2a: Gliscor|Protect|p2a: Gliscor
|-singleturn|p2a: Gliscor|Protect
|move|p1a: Scizor|Bullet Punch|p2a: Gliscor
|-activate|p2a: Gliscor|move: Protect
|
|-heal|p2a: Gliscor|100/100 tox|[from] ability: Poison Heal
|-damage|p2a: Gliscor|88/100 tox|[from] Salt Cure
|upkeep
|turn|10
|inactive|Jzcool has 120 seconds left.
|
|t:|1758289276
|switch|p2a: Raging Bolt|Raging Bolt|100/100
|-damage|p2a: Raging Bolt|88/100|[from] Stealth Rock
|move|p1a: Scizor|Bullet Punch|p2a: Raging Bolt
|-resisted|p2a: Raging Bolt
|-damage|p2a: Raging Bolt|19/100
|
|upkeep
|turn|11
|
|t:|1758289285
|move|p2a: Raging Bolt|Thunderclap|p1a: Scizor
|-damage|p1a: Scizor|0 fnt
|faint|p1a: Scizor
|
|upkeep
|
|t:|1758289293
|switch|p1a: Clefairy|Clefairy, M|100/100
|turn|12
|
|t:|1758289300
|move|p2a: Raging Bolt|Thunderclap||[still]
|-fail|p2a: Raging Bolt
|move|p1a: Clefairy|Light Screen|p1a: Clefairy
|-sidestart|p1: Ton618m87|move: Light Screen
|
|upkeep
|turn|13
|
|t:|1758289305
|move|p2a: Raging Bolt|Thunderclap||[still]
|-fail|p2a: Raging Bolt
|move|p1a: Clefairy|Reflect|p1a: Clefairy
|-sidestart|p1: Ton618m87|Reflect
|
|upkeep
|turn|14
|
|t:|1758289320
|switch|p1a: Primarina|Primarina, M|100/100
|-damage|p1a: Primarina|84/100|[from] Spikes
|move|p2a: Raging Bolt|Thunderclap||[still]
|-fail|p2a: Raging Bolt
|
|upkeep
|turn|15
|
|t:|1758289328
|move|p2a: Raging Bolt|Thunderclap||[still]
|-fail|p2a: Raging Bolt
|move|p1a: Primarina|Calm Mind|p1a: Primarina
|-boost|p1a: Primarina|spa|1
|-boost|p1a: Primarina|spd|1
|
|upkeep
|turn|16
|
|t:|1758289345
|-end|p2a: Raging Bolt|Protosynthesis|[silent]
|switch|p2a: Pecharunt|Pecharunt|100/100
|-damage|p2a: Pecharunt|88/100|[from] Stealth Rock
|move|p1a: Primarina|Calm Mind|p1a: Primarina
|-boost|p1a: Primarina|spa|1
|-boost|p1a: Primarina|spd|1
|
|-sideend|p1: Ton618m87|move: Light Screen
|upkeep
|turn|17
|
|t:|1758289360
|move|p2a: Pecharunt|Malignant Chain|p1a: Primarina
|-supereffective|p1a: Primarina
|-damage|p1a: Primarina|55/100
|move|p1a: Primarina|Hyper Voice|p2a: Pecharunt
|-damage|p2a: Pecharunt|3/100
|
|-sideend|p1: Ton618m87|Reflect
|upkeep
|turn|18
|
|t:|1758289371
|move|p2a: Pecharunt|Malignant Chain|p1a: Primarina
|-supereffective|p1a: Primarina
|-damage|p1a: Primarina|26/100
|-enditem|p1a: Primarina|Sitrus Berry|[eat]
|-heal|p1a: Primarina|50/100|[from] item: Sitrus Berry
|move|p1a: Primarina|Icy Wind|p2a: Pecharunt
|-damage|p2a: Pecharunt|0 fnt
|faint|p2a: Pecharunt
|
|upkeep
|
|t:|1758289383
|switch|p2a: Gliscor|Gliscor, M|88/100 tox
|-damage|p2a: Gliscor|75/100 tox|[from] Stealth Rock
|turn|19
|
|t:|1758289392
|move|p2a: Gliscor|Protect|p2a: Gliscor
|-singleturn|p2a: Gliscor|Protect
|move|p1a: Primarina|Icy Wind|p2a: Gliscor
|-activate|p2a: Gliscor|move: Protect
|
|-heal|p2a: Gliscor|88/100 tox|[from] ability: Poison Heal
|upkeep
|turn|20
|
|t:|1758289404
|move|p2a: Gliscor|Toxic|p1a: Primarina
|-status|p1a: Primarina|tox
|move|p1a: Primarina|Hyper Voice|p2a: Gliscor
|-supereffective|p2a: Gliscor
|-damage|p2a: Gliscor|0 fnt
|faint|p2a: Gliscor
|
|-damage|p1a: Primarina|45/100 tox|[from] psn
|upkeep
|
|t:|1758289417
|switch|p2a: Raging Bolt|Raging Bolt|19/100
|-damage|p2a: Raging Bolt|7/100|[from] Stealth Rock
|turn|21
|
|t:|1758289425
|move|p2a: Raging Bolt|Thunderbolt|p1a: Primarina
|-supereffective|p1a: Primarina
|-damage|p1a: Primarina|0 fnt
|faint|p1a: Primarina
|
|upkeep
|
|t:|1758289435
|switch|p1a: Garganacl|Garganacl, M|86/100
|-damage|p1a: Garganacl|70/100|[from] Spikes
|turn|22
|
|t:|1758289447
|move|p2a: Raging Bolt|Thunderbolt|p1a: Garganacl
|-damage|p1a: Garganacl|18/100
|move|p1a: Garganacl|Salt Cure|p2a: Raging Bolt
|-damage|p2a: Raging Bolt|0 fnt
|faint|p2a: Raging Bolt
|-end|p2a: Raging Bolt|Protosynthesis|[silent]
|
|upkeep
|
|t:|1758289455
|switch|p2a: Rei|Scizor, M|94/100
|turn|23
|
|t:|1758289462
|move|p2a: Rei|Bullet Punch|p1a: Garganacl
|-supereffective|p1a: Garganacl
|-damage|p1a: Garganacl|0 fnt
|faint|p1a: Garganacl
|
|upkeep
|
|t:|1758289469
|switch|p1a: Clefairy|Clefairy, M|100/100
|turn|24
|
|t:|1758289474
|move|p2a: Rei|Defog|p1a: Clefairy
|-unboost|p1a: Clefairy|evasion|1
|-sideend|p1: Ton618m87|Spikes|[from] move: Defog|[of] p2a: Rei
|-sideend|p2: Jzcool|Stealth Rock|[from] move: Defog|[of] p2a: Rei
|move|p1a: Clefairy|Reflect|p1a: Clefairy
|-sidestart|p1: Ton618m87|Reflect
|
|upkeep
|turn|25
|
|t:|1758289481
|move|p2a: Rei|Bullet Punch|p1a: Clefairy
|-supereffective|p1a: Clefairy
|-damage|p1a: Clefairy|71/100
|move|p1a: Clefairy|Thunder Wave|p2a: Rei
|-status|p2a: Rei|par
|
|upkeep
|turn|26
|
|t:|1758289491
|move|p2a: Rei|Bullet Punch|p1a: Clefairy
|-supereffective|p1a: Clefairy
|-damage|p1a: Clefairy|45/100
|move|p1a: Clefairy|Knock Off|p2a: Rei
|-damage|p2a: Rei|82/100 par
|-enditem|p2a: Rei|Heavy-Duty Boots|[from] move: Knock Off|[of] p1a: Clefairy
|
|upkeep
|turn|27
|
|t:|1758289502
|move|p2a: Rei|Bullet Punch|p1a: Clefairy
|-supereffective|p1a: Clefairy
|-damage|p1a: Clefairy|16/100
|move|p1a: Clefairy|Knock Off|p2a: Rei
|-damage|p2a: Rei|74/100 par
|
|upkeep
|turn|28
|
|t:|1758289511
|cant|p2a: Rei|par
|move|p1a: Clefairy|Knock Off|p2a: Rei
|-damage|p2a: Rei|66/100 par
|
|-sideend|p1: Ton618m87|Reflect
|upkeep
|turn|29
|
|t:|1758289517
|move|p2a: Rei|Bullet Punch|p1a: Clefairy
|-supereffective|p1a: Clefairy
|-damage|p1a: Clefairy|0 fnt
|faint|p1a: Clefairy
|
|upkeep
|
|t:|1758289522
|switch|p1a: Dragonite|Dragonite, M|100/100
|turn|30
|
|t:|1758289532
|move|p1a: Dragonite|Giga Impact|p2a: Rei
|-resisted|p2a: Rei
|-damage|p2a: Rei|26/100 par
|-mustrecharge|p1a: Dragonite
|move|p2a: Rei|Close Combat|p1a: Dragonite
|-resisted|p1a: Dragonite
|-damage|p1a: Dragonite|77/100
|-unboost|p2a: Rei|def|1
|-unboost|p2a: Rei|spd|1
|
|upkeep
|turn|31
|
|t:|1758289550
|switch|p2a: Ceruledge|Ceruledge, F|100/100
|cant|p1a: Dragonite|recharge
|
|upkeep
|turn|32
|
|t:|1758289559
|move|p2a: Ceruledge|Swords Dance|p2a: Ceruledge
|-boost|p2a: Ceruledge|atk|2
|move|p1a: Dragonite|Giga Impact|p2a: Ceruledge
|-immune|p2a: Ceruledge
|
|upkeep
|turn|33
|-message|Ton618m87 forfeited.
|
|win|Jzcool
|raw|Ton618m87's rating: 1030 &rarr; <strong>1014</strong><br />(-16 for losing)
|raw|Jzcool's rating: 1000 &rarr; <strong>1043</strong><br />(+43 for winning)
|l|☆Ton618m87
|player|p1|
