|j|☆MVA Monotype
|j|☆redthekiller22
|t:|1758263170
|gametype|singles
|player|p1|MVA Monotype|riley|1108
|player|p2|redthekiller22|red|1153
|gen|9
|tier|[Gen 9] OU
|rated|
|rule|HP Percentage Mod: HP is shown in percentages
|rule|Endless Battle Clause: Forcing endless battles is banned
|rule|Species Clause: Limit one of each Pokémon
|rule|OHKO Clause: OHKO moves are banned
|rule|Evasion Items Clause: Evasion items are banned
|rule|Evasion Moves Clause: Evasion moves are banned
|rule|Evasion Abilities Clause: Evasion abilities are banned
|rule|Sleep Moves Clause: Sleep-inducing moves are banned
|clearpoke
|poke|p1|Dragapult, M|
|poke|p1|Hydreigon, M|
|poke|p1|Dragalge, F|
|poke|p1|Goodra-Hisui, M|
|poke|p1|Latias, F|
|poke|p1|Haxorus, M|
|poke|p2|Hatterene, F|
|poke|p2|Ursaluna, M|
|poke|p2|Porygon2|
|poke|p2|Cresselia, F|
|poke|p2|Iron Hands|
|poke|p2|Volcanion|
|teampreview
|inactive|Battle timer is ON: inactive players will automatically lose when time's up. (requested by MVA Monotype)
|
|t:|1758263179
|teamsize|p1|6
|teamsize|p2|6
|start
|switch|p1a: Dragalge|Dragalge, F, shiny|100/100
|switch|p2a: Iron Hands|Iron Hands|100/100
|-enditem|p2a: Iron Hands|Booster Energy
|-activate|p2a: Iron Hands|ability: Quark Drive|[fromitem]
|-start|p2a: Iron Hands|quarkdriveatk
|turn|1
|
|t:|1758263192
|-end|p2a: Iron Hands|Quark Drive|[silent]
|switch|p2a: Ursaluna|Ursaluna, M|100/100
|-terastallize|p1a: Dragalge|Ground
|move|p1a: Dragalge|Tera Blast|p2a: Ursaluna|[anim] Tera Blast Ground
|-damage|p2a: Ursaluna|31/100
|-damage|p1a: Dragalge|91/100|[from] item: Life Orb
|
|-status|p2a: Ursaluna|brn|[from] item: Flame Orb
|upkeep
|turn|2
|
|t:|1758263201
|switch|p2a: Cresselia|Cresselia, F|100/100
|move|p1a: Dragalge|Sludge Wave|p2a: Cresselia
|-damage|p2a: Cresselia|62/100
|-status|p2a: Cresselia|psn
|-damage|p1a: Dragalge|81/100|[from] item: Life Orb
|
|-damage|p2a: Cresselia|50/100 psn|[from] psn
|upkeep
|turn|3
|
|t:|1758263208
|move|p1a: Dragalge|Draco Meteor|p2a: Cresselia|[miss]
|-miss|p1a: Dragalge|p2a: Cresselia
|move|p2a: Cresselia|Trick Room|p2a: Cresselia
|-fieldstart|move: Trick Room|[of] p2a: Cresselia
|
|-damage|p2a: Cresselia|38/100 psn|[from] psn
|upkeep
|turn|4
|
|t:|1758263219
|switch|p2a: Hatterene|Hatterene, F|100/100
|move|p1a: Dragalge|Draco Meteor|p2a: Hatterene
|-immune|p2a: Hatterene
|
|upkeep
|turn|5
|
|t:|1758263231
|-terastallize|p2a: Hatterene|Water
|move|p2a: Hatterene|Calm Mind|p2a: Hatterene
|-boost|p2a: Hatterene|spa|1
|-boost|p2a: Hatterene|spd|1
|move|p1a: Dragalge|Sludge Wave|p2a: Hatterene
|-damage|p2a: Hatterene|58/100
|-damage|p1a: Dragalge|71/100|[from] item: Life Orb
|
|-heal|p2a: Hatterene|64/100|[from] item: Leftovers
|upkeep
|turn|6
|
|t:|1758263238
|move|p2a: Hatterene|Psychic Noise|p1a: Dragalge
|-damage|p1a: Dragalge|25/100
|-start|p1a: Dragalge|move: Heal Block
|move|p1a: Dragalge|Dragon Tail|p2a: Hatterene
|-damage|p2a: Hatterene|47/100
|-damage|p1a: Dragalge|15/100|[from] item: Life Orb
|drag|p2a: Ursaluna|Ursaluna, M|31/100 brn
|
|-damage|p2a: Ursaluna|25/100 brn|[from] brn
|upkeep
|turn|7
|
|t:|1758263267
|switch|p1a: Dragapult|Dragapult, M|100/100
|move|p2a: Ursaluna|Facade|p1a: Dragapult
|-immune|p1a: Dragapult
|
|-damage|p2a: Ursaluna|19/100 brn|[from] brn
|-fieldend|move: Trick Room
|upkeep
|turn|8
|
|t:|1758263277
|move|p1a: Dragapult|U-turn|p2a: Ursaluna
|-damage|p2a: Ursaluna|0 fnt
|faint|p2a: Ursaluna
|
|t:|1758263283
|switch|p1a: Hydreigon|Hydreigon, M|100/100|[from] U-turn
|
|upkeep
|
|t:|1758263287
|switch|p2a: Hatterene|Hatterene, F, tera:Water|47/100
|turn|9
|
|t:|1758263293
|move|p1a: Hydreigon|Draco Meteor|p2a: Hatterene
|-damage|p2a: Hatterene|0 fnt
|-unboost|p1a: Hydreigon|spa|2
|faint|p2a: Hatterene
|-enditem|p1a: Hydreigon|White Herb
|-clearnegativeboost|p1a: Hydreigon|[silent]
|
|upkeep
|
|t:|1758263298
|switch|p2a: Iron Hands|Iron Hands|100/100
|turn|10
|
|t:|1758263313
|switch|p1a: Dragapult|Dragapult, M|100/100
|move|p2a: Iron Hands|Swords Dance|p2a: Iron Hands
|-boost|p2a: Iron Hands|atk|2
|
|upkeep
|turn|11
|
|t:|1758263325
|move|p1a: Dragapult|Dragon Darts|p2a: Iron Hands
|-damage|p2a: Iron Hands|73/100
|-anim|p1a: Dragapult|Dragon Darts|p2a: Iron Hands
|-damage|p2a: Iron Hands|44/100
|move|p2a: Iron Hands|Ice Punch|p1a: Dragapult
|-supereffective|p1a: Dragapult
|-damage|p1a: Dragapult|0 fnt
|faint|p1a: Dragapult
|
|upkeep
|
|t:|1758263338
|switch|p1a: Hydreigon|Hydreigon, M|100/100
|turn|12
|
|t:|1758263340
|move|p1a: Hydreigon|Draco Meteor|p2a: Iron Hands
|-damage|p2a: Iron Hands|0 fnt
|-unboost|p1a: Hydreigon|spa|2
|faint|p2a: Iron Hands
|-end|p2a: Iron Hands|Quark Drive|[silent]
|
|upkeep
|
|t:|1758263346
|switch|p2a: Cresselia|Cresselia, F|38/100 psn
|turn|13
|
|t:|1758263348
|move|p1a: Hydreigon|Taunt|p2a: Cresselia
|-start|p2a: Cresselia|move: Taunt
|-enditem|p2a: Cresselia|Mental Herb
|-end|p2a: Cresselia|move: Taunt
|move|p2a: Cresselia|Trick Room|p2a: Cresselia
|-fieldstart|move: Trick Room|[of] p2a: Cresselia
|
|-damage|p2a: Cresselia|25/100 psn|[from] psn
|upkeep
|turn|14
|
|t:|1758263365
|move|p2a: Cresselia|Ice Beam|p1a: Hydreigon
|-supereffective|p1a: Hydreigon
|-damage|p1a: Hydreigon|66/100
|move|p1a: Hydreigon|Dark Pulse|p2a: Cresselia
|-supereffective|p2a: Cresselia
|-damage|p2a: Cresselia|0 fnt
|faint|p2a: Cresselia
|
|upkeep
|
|t:|1758263374
|switch|p2a: Porygon2|Porygon2|100/100
|-ability|p2a: Porygon2|Levitate|Trace|[from] ability: Trace|[of] p1a: Hydreigon
|turn|15
|
|t:|1758263378
|switch|p1a: Goodra|Goodra-Hisui, M|100/100
|move|p2a: Porygon2|Tri Attack|p1a: Goodra
|-resisted|p1a: Goodra
|-damage|p1a: Goodra|91/100
|
|upkeep
|turn|16
|
|t:|1758263384
|switch|p2a: Volcanion|Volcanion|100/100
|move|p1a: Goodra|Knock Off|p2a: Volcanion
|-damage|p2a: Volcanion|84/100
|-enditem|p2a: Volcanion|Heavy-Duty Boots|[from] move: Knock Off|[of] p1a: Goodra
|
|upkeep
|turn|17
|
|t:|1758263390
|move|p1a: Goodra|Draco Meteor|p2a: Volcanion
|-damage|p2a: Volcanion|17/100
|-unboost|p1a: Goodra|spa|2
|move|p2a: Volcanion|Flamethrower|p1a: Goodra
|-damage|p1a: Goodra|54/100
|
|-fieldend|move: Trick Room
|upkeep
|turn|18
|
|t:|1758263399
|move|p2a: Volcanion|Earth Power|p1a: Goodra
|-supereffective|p1a: Goodra
|-damage|p1a: Goodra|5/100
|move|p1a: Goodra|Draco Meteor|p2a: Volcanion
|-damage|p2a: Volcanion|0 fnt
|-unboost|p1a: Goodra|spa|2
|faint|p2a: Volcanion
|
|upkeep
|
|t:|1758263402
|switch|p2a: Porygon2|Porygon2|100/100
|-ability|p2a: Porygon2|Shell Armor|Trace|[from] ability: Trace|[of] p1a: Goodra
|turn|19
|
|t:|1758263404
|switch|p1a: Hydreigon|Hydreigon, M|66/100
|move|p2a: Porygon2|Shadow Ball|p1a: Hydreigon
|-resisted|p1a: Hydreigon
|-damage|p1a: Hydreigon|54/100
|
|upkeep
|turn|20
|
|t:|1758263408
|move|p1a: Hydreigon|Taunt|p2a: Porygon2
|-start|p2a: Porygon2|move: Taunt
|cant|p2a: Porygon2|move: Taunt|Thunder Wave
|
|upkeep
|turn|21
|
|t:|1758263413
|move|p1a: Hydreigon|Draco Meteor|p2a: Porygon2
|-damage|p2a: Porygon2|68/100
|-unboost|p1a: Hydreigon|spa|2
|move|p2a: Porygon2|Tri Attack|p1a: Hydreigon
|-damage|p1a: Hydreigon|21/100
|
|upkeep
|turn|22
|
|t:|1758263419
|move|p1a: Hydreigon|Flash Cannon|p2a: Porygon2
|-damage|p2a: Porygon2|60/100
|move|p2a: Porygon2|Tri Attack|p1a: Hydreigon
|-damage|p1a: Hydreigon|0 fnt
|faint|p1a: Hydreigon
|
|-end|p2a: Porygon2|move: Taunt
|upkeep
|
|t:|1758263420
|switch|p1a: Dragalge|Dragalge, F, shiny, tera:Ground|15/100
|turn|23
|
|t:|1758263427
|move|p2a: Porygon2|Recover|p2a: Porygon2
|-heal|p2a: Porygon2|100/100
|move|p1a: Dragalge|Sludge Wave|p2a: Porygon2
|-damage|p2a: Porygon2|72/100
|-damage|p1a: Dragalge|5/100|[from] item: Life Orb
|
|upkeep
|turn|24
|
|t:|1758263430
|move|p2a: Porygon2|Recover|p2a: Porygon2
|-heal|p2a: Porygon2|100/100
|move|p1a: Dragalge|Draco Meteor|p2a: Porygon2
|-damage|p2a: Porygon2|63/100
|-unboost|p1a: Dragalge|spa|2
|-damage|p1a: Dragalge|0 fnt|[from] item: Life Orb
|faint|p1a: Dragalge
|
|upkeep
|
|t:|1758263436
|switch|p1a: Haxorus|Haxorus, M, shiny|100/100
|-ability|p1a: Haxorus|Mold Breaker
|turn|25
|
|t:|1758263439
|move|p1a: Haxorus|Swords Dance|p1a: Haxorus
|-boost|p1a: Haxorus|atk|2
|move|p2a: Porygon2|Thunder Wave|p1a: Haxorus
|-status|p1a: Haxorus|par
|
|upkeep
|turn|26
|
|t:|1758263448
|move|p2a: Porygon2|Tri Attack|p1a: Haxorus
|-damage|p1a: Haxorus|69/100 par
|cant|p1a: Haxorus|par
|
|upkeep
|turn|27
|
|t:|1758263452
|move|p2a: Porygon2|Tri Attack|p1a: Haxorus
|-damage|p1a: Haxorus|33/100 par
|move|p1a: Haxorus|Outrage|p2a: Porygon2
|-damage|p2a: Porygon2|0 fnt
|faint|p2a: Porygon2
|-damage|p1a: Haxorus|24/100 par|[from] item: Life Orb
|
|win|MVA Monotype
|raw|MVA Monotype's rating: 1108 &rarr; <strong>1136</strong><br />(+28 for winning)
|raw|redthekiller22's rating: 1153 &rarr; <strong>1125</strong><br />(-28 for losing)
|l|☆redthekiller22
|player|p2|
