|j|☆jxrx
|j|☆w33df1sh
|t:|1758242825
|gametype|singles
|player|p1|jxrx|norman|1412
|player|p2|w33df1sh|266|1420
|gen|9
|tier|[Gen 9] OU
|rated|
|rule|HP Percentage Mod: HP is shown in percentages
|rule|Endless Battle Clause: Forcing endless battles is banned
|rule|Species Clause: Limit one of each Pokémon
|rule|OHKO Clause: OHKO moves are banned
|rule|Evasion Items Clause: Evasion items are banned
|rule|Evasion Moves Clause: Evasion moves are banned
|rule|Evasion Abilities Clause: Evasion abilities are banned
|rule|Sleep Moves Clause: Sleep-inducing moves are banned
|clearpoke
|poke|p1|Sableye, M|
|poke|p1|Empoleon, M|
|poke|p1|Rillaboom, M|
|poke|p1|Ting-Lu|
|poke|p1|Great Tusk|
|poke|p1|Cyclizar, M|
|poke|p2|Ogerpon-Wellspring, F|
|poke|p2|Kingambit, M|
|poke|p2|Landorus-Therian, M|
|poke|p2|Dragapult, F|
|poke|p2|Iron Valiant|
|poke|p2|Glimmora, F|
|teampreview
|inactive|Battle timer is ON: inactive players will automatically lose when time's up. (requested by jxrx)
|
|t:|1758242879
|teamsize|p1|6
|teamsize|p2|6
|start
|switch|p1a: Great Tusk|Great Tusk|100/100
|switch|p2a: Landorus|Landorus-Therian, M|100/100
|-ability|p2a: Landorus|Intimidate|boost
|-unboost|p1a: Great Tusk|atk|1
|turn|1
|
|t:|1758242888
|move|p2a: Landorus|Stealth Rock|p1a: Great Tusk
|-sidestart|p1: jxrx|move: Stealth Rock
|move|p1a: Great Tusk|Bulk Up|p1a: Great Tusk
|-boost|p1a: Great Tusk|atk|1
|-boost|p1a: Great Tusk|def|1
|
|upkeep
|turn|2
|
|t:|1758242893
|move|p2a: Landorus|Taunt|p1a: Great Tusk
|-start|p1a: Great Tusk|move: Taunt
|move|p1a: Great Tusk|Ice Spinner|p2a: Landorus
|-supereffective|p2a: Landorus
|-damage|p2a: Landorus|0 fnt
|-damage|p1a: Great Tusk|84/100|[from] item: Rocky Helmet|[of] p2a: Landorus
|faint|p2a: Landorus
|
|upkeep
|
|t:|1758242913
|switch|p2a: Dragapult|Dragapult, F|100/100
|turn|3
|
|t:|1758242917
|move|p2a: Dragapult|Draco Meteor|p1a: Great Tusk
|-damage|p1a: Great Tusk|0 fnt
|-unboost|p2a: Dragapult|spa|2
|faint|p1a: Great Tusk
|-end|p1a: Great Tusk|Protosynthesis|[silent]
|
|upkeep
|
|t:|1758242922
|switch|p1a: Ting-Lu|Ting-Lu|100/100
|-damage|p1a: Ting-Lu|94/100|[from] Stealth Rock
|-ability|p1a: Ting-Lu|Vessel of Ruin
|turn|4
|
|t:|1758242929
|switch|p2a: Ogerpon|Ogerpon-Wellspring, F|100/100
|move|p1a: Ting-Lu|Stealth Rock|p2a: Ogerpon
|-sidestart|p2: w33df1sh|move: Stealth Rock
|
|-heal|p1a: Ting-Lu|100/100|[from] item: Leftovers
|upkeep
|turn|5
|
|t:|1758242931
|move|p2a: Ogerpon|Taunt|p1a: Ting-Lu
|-start|p1a: Ting-Lu|move: Taunt
|cant|p1a: Ting-Lu|move: Taunt|Whirlwind
|
|upkeep
|turn|6
|
|t:|1758242940
|switch|p1a: Sableye|Sableye, M|100/100
|-damage|p1a: Sableye|88/100|[from] Stealth Rock
|move|p2a: Ogerpon|Ivy Cudgel|p1a: Sableye|[anim] Ivy Cudgel Water
|-damage|p1a: Sableye|28/100
|
|upkeep
|turn|7
|
|t:|1758242948
|switch|p2a: Glimmora|Glimmora, F|100/100
|-damage|p2a: Glimmora|88/100|[from] Stealth Rock
|move|p1a: Sableye|Will-O-Wisp|p2a: Glimmora
|-status|p2a: Glimmora|brn
|
|-damage|p2a: Glimmora|82/100 brn|[from] brn
|upkeep
|turn|8
|
|t:|1758242954
|switch|p1a: Empoleon|Empoleon, M|100/100
|-damage|p1a: Empoleon|95/100|[from] Stealth Rock
|move|p2a: Glimmora|Spikes|p1a: Empoleon
|-sidestart|p1: jxrx|Spikes
|
|-heal|p1a: Empoleon|100/100|[from] item: Leftovers
|-damage|p2a: Glimmora|76/100 brn|[from] brn
|upkeep
|turn|9
|
|t:|1758242962
|switch|p2a: Ogerpon|Ogerpon-Wellspring, F|100/100
|-damage|p2a: Ogerpon|88/100|[from] Stealth Rock
|move|p1a: Empoleon|Flash Cannon|p2a: Ogerpon
|-resisted|p2a: Ogerpon
|-damage|p2a: Ogerpon|63/100
|
|upkeep
|turn|10
|
|t:|1758242968
|switch|p1a: Sableye|Sableye, M|28/100
|-damage|p1a: Sableye|16/100|[from] Stealth Rock
|-damage|p1a: Sableye|3/100|[from] Spikes
|move|p2a: Ogerpon|Horn Leech|p1a: Sableye
|-damage|p1a: Sableye|0 fnt
|-heal|p2a: Ogerpon|65/100|[from] drain|[of] p1a: Sableye
|-damage|p2a: Ogerpon|48/100|[from] item: Rocky Helmet|[of] p1a: Sableye
|faint|p1a: Sableye
|
|upkeep
|
|t:|1758242973
|switch|p1a: Cyclizar|Cyclizar, M|100/100
|-damage|p1a: Cyclizar|88/100|[from] Stealth Rock
|-damage|p1a: Cyclizar|76/100|[from] Spikes
|turn|11
|
|t:|1758242979
|move|p1a: Cyclizar|Rapid Spin|p2a: Ogerpon
|-damage|p2a: Ogerpon|24/100
|-boost|p1a: Cyclizar|spe|1
|-sideend|p1: jxrx|Spikes|[from] move: Rapid Spin|[of] p1a: Cyclizar
|-sideend|p1: jxrx|Stealth Rock|[from] move: Rapid Spin|[of] p1a: Cyclizar
|-damage|p1a: Cyclizar|66/100|[from] item: Life Orb
|move|p2a: Ogerpon|Play Rough|p1a: Cyclizar
|-supereffective|p1a: Cyclizar
|-damage|p1a: Cyclizar|0 fnt
|faint|p1a: Cyclizar
|
|upkeep
|
|t:|1758242982
|switch|p1a: Rillaboom|Rillaboom, M|100/100
|-fieldstart|move: Grassy Terrain|[from] ability: Grassy Surge|[of] p1a: Rillaboom
|turn|12
|
|t:|1758243000
|move|p1a: Rillaboom|Grassy Glide|p2a: Ogerpon
|-damage|p2a: Ogerpon|0 fnt
|faint|p2a: Ogerpon
|
|upkeep
|
|t:|1758243003
|switch|p2a: Glimmora|Glimmora, F|76/100 brn
|-damage|p2a: Glimmora|64/100 brn|[from] Stealth Rock
|turn|13
|
|t:|1758243011
|move|p1a: Rillaboom|Grassy Glide|p2a: Glimmora
|-damage|p2a: Glimmora|11/100 brn
|-activate|p2a: Glimmora|ability: Toxic Debris
|-sidestart|p1: jxrx|move: Toxic Spikes
|-enditem|p2a: Glimmora|Red Card|[of] p1a: Rillaboom
|drag|p1a: Ting-Lu|Ting-Lu|100/100
|-status|p1a: Ting-Lu|psn
|-ability|p1a: Ting-Lu|Vessel of Ruin
|move|p2a: Glimmora|Mortal Spin|p1a: Ting-Lu
|-resisted|p1a: Ting-Lu
|-damage|p1a: Ting-Lu|99/100 psn
|-sideend|p2: w33df1sh|Stealth Rock|[from] move: Mortal Spin|[of] p2a: Glimmora
|
|-heal|p2a: Glimmora|17/100 brn|[from] Grassy Terrain
|-heal|p1a: Ting-Lu|100/100 psn|[from] Grassy Terrain
|-damage|p1a: Ting-Lu|88/100 psn|[from] psn
|-damage|p2a: Glimmora|11/100 brn|[from] brn
|upkeep
|turn|14
|
|t:|1758243019
|move|p2a: Glimmora|Spikes|p1a: Ting-Lu
|-sidestart|p1: jxrx|Spikes
|move|p1a: Ting-Lu|Stealth Rock|p2a: Glimmora
|-sidestart|p2: w33df1sh|move: Stealth Rock
|
|-heal|p2a: Glimmora|17/100 brn|[from] Grassy Terrain
|-heal|p1a: Ting-Lu|94/100 psn|[from] Grassy Terrain
|-heal|p1a: Ting-Lu|100/100 psn|[from] item: Leftovers
|-damage|p1a: Ting-Lu|88/100 psn|[from] psn
|-damage|p2a: Glimmora|11/100 brn|[from] brn
|upkeep
|turn|15
|
|t:|1758243024
|switch|p1a: Empoleon|Empoleon, M|100/100
|-damage|p1a: Empoleon|88/100|[from] Spikes
|move|p2a: Glimmora|Spikes|p1a: Empoleon
|-sidestart|p1: jxrx|Spikes
|
|-heal|p2a: Glimmora|17/100 brn|[from] Grassy Terrain
|-heal|p1a: Empoleon|94/100|[from] Grassy Terrain
|-heal|p1a: Empoleon|99/100|[from] item: Leftovers
|-damage|p2a: Glimmora|11/100 brn|[from] brn
|upkeep
|turn|16
|
|t:|1758243031
|move|p2a: Glimmora|Earth Power|p1a: Empoleon
|-supereffective|p1a: Empoleon
|-damage|p1a: Empoleon|47/100
|-unboost|p1a: Empoleon|spd|1
|-ability|p1a: Empoleon|Competitive|boost
|-boost|p1a: Empoleon|spa|2
|move|p1a: Empoleon|Agility|p1a: Empoleon
|-boost|p1a: Empoleon|spe|2
|
|-heal|p1a: Empoleon|53/100|[from] Grassy Terrain
|-heal|p1a: Empoleon|59/100|[from] item: Leftovers
|-heal|p2a: Glimmora|17/100 brn|[from] Grassy Terrain
|-damage|p2a: Glimmora|11/100 brn|[from] brn
|-fieldend|move: Grassy Terrain
|upkeep
|turn|17
|c|☆w33df1sh|no
|c|☆w33df1sh|im cooked
|
|t:|1758243053
|move|p1a: Empoleon|Surf|p2a: Glimmora
|-supereffective|p2a: Glimmora
|-damage|p2a: Glimmora|0 fnt
|faint|p2a: Glimmora
|
|-heal|p1a: Empoleon|65/100|[from] item: Leftovers
|upkeep
|inactive|w33df1sh has 120 seconds left.
|l|☆jxrx
|inactive|jxrx disconnected and has a minute to reconnect!
|player|p1|
|j|☆jxrx
|inactive|jxrx reconnected.
|player|p1|jxrx|norman|
|inactive|w33df1sh has 90 seconds left.
|
|t:|1758243101
|switch|p2a: Kingambit|Kingambit, M|100/100
|-damage|p2a: Kingambit|94/100|[from] Stealth Rock
|-activate|p2a: Kingambit|ability: Supreme Overlord
|-start|p2a: Kingambit|fallen3|[silent]
|turn|18
|
|t:|1758243104
|move|p2a: Kingambit|Sucker Punch|p1a: Empoleon
|-damage|p1a: Empoleon|1/100
|move|p1a: Empoleon|Surf|p2a: Kingambit
|-damage|p2a: Kingambit|12/100
|
|-heal|p1a: Empoleon|7/100|[from] item: Leftovers
|-heal|p2a: Kingambit|18/100|[from] item: Leftovers
|upkeep
|turn|19
|
|t:|1758243113
|move|p1a: Empoleon|Agility|p1a: Empoleon
|-boost|p1a: Empoleon|spe|2
|move|p2a: Kingambit|Kowtow Cleave|p1a: Empoleon
|-damage|p1a: Empoleon|0 fnt
|faint|p1a: Empoleon
|
|-heal|p2a: Kingambit|24/100|[from] item: Leftovers
|upkeep
|
|t:|1758243125
|switch|p1a: Rillaboom|Rillaboom, M|100/100
|-status|p1a: Rillaboom|psn
|-damage|p1a: Rillaboom|84/100 psn|[from] Spikes
|-fieldstart|move: Grassy Terrain|[from] ability: Grassy Surge|[of] p1a: Rillaboom
|turn|20
|
|t:|1758243148
|-terastallize|p1a: Rillaboom|Grass
|move|p1a: Rillaboom|Grassy Glide|p2a: Kingambit
|-resisted|p2a: Kingambit
|-damage|p2a: Kingambit|0 fnt
|faint|p2a: Kingambit
|-end|p2a: Kingambit|fallen3|[silent]
|
|-heal|p1a: Rillaboom|90/100 psn|[from] Grassy Terrain
|-damage|p1a: Rillaboom|78/100 psn|[from] psn
|upkeep
|
|t:|1758243152
|switch|p2a: Iron Valiant|Iron Valiant|100/100
|-damage|p2a: Iron Valiant|94/100|[from] Stealth Rock
|-enditem|p2a: Iron Valiant|Booster Energy
|-activate|p2a: Iron Valiant|ability: Quark Drive|[fromitem]
|-start|p2a: Iron Valiant|quarkdrivespe
|turn|21
|
|t:|1758243160
|-terastallize|p2a: Iron Valiant|Steel
|move|p1a: Rillaboom|Grassy Glide|p2a: Iron Valiant
|-resisted|p2a: Iron Valiant
|-damage|p2a: Iron Valiant|40/100
|move|p2a: Iron Valiant|Spirit Break|p1a: Rillaboom
|-damage|p1a: Rillaboom|42/100 psn
|-unboost|p1a: Rillaboom|spa|1
|
|-heal|p2a: Iron Valiant|46/100|[from] Grassy Terrain
|-heal|p1a: Rillaboom|48/100 psn|[from] Grassy Terrain
|-damage|p1a: Rillaboom|36/100 psn|[from] psn
|upkeep
|turn|22
|
|t:|1758243174
|move|p1a: Rillaboom|Grassy Glide|p2a: Iron Valiant
|-resisted|p2a: Iron Valiant
|-damage|p2a: Iron Valiant|0 fnt
|faint|p2a: Iron Valiant
|-end|p2a: Iron Valiant|Quark Drive|[silent]
|
|-heal|p1a: Rillaboom|42/100 psn|[from] Grassy Terrain
|-damage|p1a: Rillaboom|30/100 psn|[from] psn
|upkeep
|
|t:|1758243175
|switch|p2a: Dragapult|Dragapult, F|100/100
|-damage|p2a: Dragapult|88/100|[from] Stealth Rock
|turn|23
|inactive|w33df1sh has 120 seconds left.
|c|☆w33df1sh|gg
|
|t:|1758243198
|move|p1a: Rillaboom|Grassy Glide|p2a: Dragapult
|-resisted|p2a: Dragapult
|-damage|p2a: Dragapult|37/100
|move|p2a: Dragapult|Flamethrower|p1a: Rillaboom
|-supereffective|p1a: Rillaboom
|-damage|p1a: Rillaboom|0 fnt
|faint|p1a: Rillaboom
|
|-heal|p2a: Dragapult|43/100|[from] Grassy Terrain
|upkeep
|
|t:|1758243203
|switch|p1a: Ting-Lu|Ting-Lu|88/100 psn
|-damage|p1a: Ting-Lu|72/100 psn|[from] Spikes
|-ability|p1a: Ting-Lu|Vessel of Ruin
|turn|24
|-message|jxrx forfeited.
|
|win|w33df1sh
|raw|jxrx's rating: 1412 &rarr; <strong>1392</strong><br />(-20 for losing)
|raw|w33df1sh's rating: 1420 &rarr; <strong>1440</strong><br />(+20 for winning)
|l|☆jxrx
|player|p1|
|l|☆w33df1sh
|player|p2|
