|j|☆c.empty
|j|☆partyt0mb
|t:|1758337360
|gametype|singles
|player|p1|c.empty|2|1226
|player|p2|partyt0mb|pokemaniac|1218
|gen|9
|tier|[Gen 9] OU
|rated|
|rule|HP Percentage Mod: HP is shown in percentages
|rule|Endless Battle Clause: Forcing endless battles is banned
|rule|Species Clause: Limit one of each Pokémon
|rule|OHKO Clause: OHKO moves are banned
|rule|Evasion Items Clause: Evasion items are banned
|rule|Evasion Moves Clause: Evasion moves are banned
|rule|Evasion Abilities Clause: Evasion abilities are banned
|rule|Sleep Moves Clause: Sleep-inducing moves are banned
|clearpoke
|poke|p1|Pelipper, M|
|poke|p1|Zapdos|
|poke|p1|Barraskewda, M|
|poke|p1|Iron Valiant|
|poke|p1|Iron Treads|
|poke|p1|Hydrapple, F|
|poke|p2|Cinderace, F|
|poke|p2|Kyurem|
|poke|p2|Great Tusk|
|poke|p2|Alomomola, F|
|poke|p2|Pecharunt|
|poke|p2|Ting-Lu|
|teampreview
|inactive|Battle timer is ON: inactive players will automatically lose when time's up. (requested by partyt0mb)
|
|t:|1758337383
|teamsize|p1|6
|teamsize|p2|6
|start
|switch|p1a: Pelipper|Pelipper, M|100/100
|switch|p2a: Kyurem|Kyurem|100/100
|-ability|p2a: Kyurem|Pressure
|-weather|RainDance|[from] ability: Drizzle|[of] p1a: Pelipper
|turn|1
|
|t:|1758337390
|switch|p1a: Iron Treads|Iron Treads|100/100
|move|p2a: Kyurem|Freeze-Dry|p1a: Iron Treads
|-damage|p1a: Iron Treads|61/100
|-status|p1a: Iron Treads|frz
|
|-weather|RainDance|[upkeep]
|upkeep
|turn|2
|
|t:|1758337397
|cant|p1a: Iron Treads|frz
|move|p2a: Kyurem|Freeze-Dry|p1a: Iron Treads
|-damage|p1a: Iron Treads|14/100 frz
|
|-weather|RainDance|[upkeep]
|upkeep
|turn|3
|
|t:|1758337405
|cant|p1a: Iron Treads|frz
|move|p2a: Kyurem|Freeze-Dry|p1a: Iron Treads
|-damage|p1a: Iron Treads|0 fnt
|faint|p1a: Iron Treads
|-end|p1a: Iron Treads|Quark Drive|[silent]
|
|-weather|RainDance|[upkeep]
|upkeep
|
|t:|1758337411
|switch|p1a: Iron Valiant|Iron Valiant|100/100
|-enditem|p1a: Iron Valiant|Booster Energy
|-activate|p1a: Iron Valiant|ability: Quark Drive|[fromitem]
|-start|p1a: Iron Valiant|quarkdrivespe
|turn|4
|
|t:|1758337415
|switch|p2a: Alomomola|Alomomola, F|100/100
|move|p1a: Iron Valiant|Moonblast|p2a: Alomomola
|-damage|p2a: Alomomola|76/100
|
|-weather|RainDance|[upkeep]
|upkeep
|turn|5
|
|t:|1758337431
|-end|p1a: Iron Valiant|Quark Drive|[silent]
|switch|p1a: Zapdos|Zapdos|100/100
|move|p2a: Alomomola|Flip Turn|p1a: Zapdos
|-damage|p1a: Zapdos|76/100
|-status|p2a: Alomomola|par|[from] ability: Static|[of] p1a: Zapdos
|
|t:|1758337443
|switch|p2a: Ting-Lu|Ting-Lu|100/100|[from] Flip Turn
|-ability|p2a: Ting-Lu|Vessel of Ruin
|
|-weather|RainDance|[upkeep]
|upkeep
|turn|6
|
|t:|1758337451
|switch|p1a: Barraskewda|Barraskewda, M, shiny|100/100
|move|p2a: Ting-Lu|Stealth Rock|p1a: Barraskewda
|-sidestart|p1: c.empty|move: Stealth Rock
|
|-weather|RainDance|[upkeep]
|upkeep
|turn|7
|
|t:|1758337462
|switch|p2a: Pecharunt|Pecharunt|100/100
|move|p1a: Barraskewda|Flip Turn|p2a: Pecharunt
|-damage|p2a: Pecharunt|52/100
|
|t:|1758337478
|switch|p1a: Iron Valiant|Iron Valiant|100/100|[from] Flip Turn
|-damage|p1a: Iron Valiant|94/100|[from] Stealth Rock
|
|-weather|RainDance|[upkeep]
|upkeep
|turn|8
|inactive|c.empty has 120 seconds left.
|
|t:|1758337498
|-terastallize|p1a: Iron Valiant|Steel
|move|p1a: Iron Valiant|Shadow Ball|p2a: Pecharunt
|-supereffective|p2a: Pecharunt
|-damage|p2a: Pecharunt|0 fnt
|faint|p2a: Pecharunt
|
|-weather|none
|upkeep
|
|t:|1758337504
|switch|p2a: Cinderace|Cinderace, F|100/100
|turn|9
|
|t:|1758337509
|-end|p1a: Iron Valiant|Quark Drive|[silent]
|switch|p1a: Pelipper|Pelipper, M|100/100
|-damage|p1a: Pelipper|76/100|[from] Stealth Rock
|-weather|RainDance|[from] ability: Drizzle|[of] p1a: Pelipper
|move|p2a: Cinderace|U-turn|p1a: Pelipper
|-start|p2a: Cinderace|typechange|Bug|[from] ability: Libero
|-resisted|p1a: Pelipper
|-damage|p1a: Pelipper|50/100
|
|t:|1758337515
|switch|p2a: Kyurem|Kyurem|100/100|[from] U-turn
|-ability|p2a: Kyurem|Pressure
|
|-weather|RainDance|[upkeep]
|upkeep
|turn|10
|
|t:|1758337525
|switch|p1a: Iron Valiant|Iron Valiant, tera:Steel|94/100
|-damage|p1a: Iron Valiant|88/100|[from] Stealth Rock
|move|p2a: Kyurem|Substitute|p2a: Kyurem
|-start|p2a: Kyurem|Substitute
|-damage|p2a: Kyurem|76/100
|
|-weather|RainDance|[upkeep]
|-heal|p2a: Kyurem|82/100|[from] item: Leftovers
|upkeep
|turn|11
|
|t:|1758337531
|move|p1a: Iron Valiant|Encore|p2a: Kyurem
|-start|p2a: Kyurem|Encore
|move|p2a: Kyurem|Substitute|p2a: Kyurem
|-fail|p2a: Kyurem|move: Substitute
|
|-weather|RainDance|[upkeep]
|-heal|p2a: Kyurem|88/100|[from] item: Leftovers
|upkeep
|turn|12
|
|t:|1758337536
|switch|p2a: Alomomola|Alomomola, F|100/100 par
|move|p1a: Iron Valiant|Moonblast|p2a: Alomomola
|-damage|p2a: Alomomola|74/100 par
|
|-weather|RainDance|[upkeep]
|upkeep
|turn|13
|
|t:|1758337547
|-end|p1a: Iron Valiant|Quark Drive|[silent]
|switch|p1a: Zapdos|Zapdos|76/100
|move|p2a: Alomomola|Mirror Coat||[still]
|-fail|p2a: Alomomola
|
|-weather|RainDance|[upkeep]
|upkeep
|turn|14
|
|t:|1758337560
|switch|p2a: Ting-Lu|Ting-Lu|100/100
|-ability|p2a: Ting-Lu|Vessel of Ruin
|move|p1a: Zapdos|Volt Switch|p2a: Ting-Lu
|-immune|p2a: Ting-Lu
|
|-weather|RainDance|[upkeep]
|upkeep
|turn|15
|
|t:|1758337567
|switch|p1a: Barraskewda|Barraskewda, M, shiny|100/100
|-damage|p1a: Barraskewda|88/100|[from] Stealth Rock
|move|p2a: Ting-Lu|Whirlwind|p1a: Barraskewda
|drag|p1a: Iron Valiant|Iron Valiant, tera:Steel|88/100
|-damage|p1a: Iron Valiant|82/100|[from] Stealth Rock
|
|-weather|RainDance|[upkeep]
|upkeep
|turn|16
|
|t:|1758337578
|-end|p1a: Iron Valiant|Quark Drive|[silent]
|switch|p1a: Hydrapple|Hydrapple, F|100/100
|-damage|p1a: Hydrapple|88/100|[from] Stealth Rock
|move|p2a: Ting-Lu|Earthquake|p1a: Hydrapple
|-resisted|p1a: Hydrapple
|-damage|p1a: Hydrapple|75/100
|
|-weather|none
|upkeep
|turn|17
|
|t:|1758337585
|move|p1a: Hydrapple|Fickle Beam|p2a: Ting-Lu
|-damage|p2a: Ting-Lu|84/100
|move|p2a: Ting-Lu|Whirlwind|p1a: Hydrapple
|drag|p1a: Iron Valiant|Iron Valiant, tera:Steel|82/100
|-damage|p1a: Iron Valiant|76/100|[from] Stealth Rock
|
|upkeep
|turn|18
|
|t:|1758337605
|move|p1a: Iron Valiant|Encore|p2a: Ting-Lu
|-start|p2a: Ting-Lu|Encore
|move|p2a: Ting-Lu|Whirlwind|p1a: Iron Valiant
|-end|p1a: Iron Valiant|Quark Drive|[silent]
|drag|p1a: Pelipper|Pelipper, M|50/100
|-damage|p1a: Pelipper|25/100|[from] Stealth Rock
|-weather|RainDance|[from] ability: Drizzle|[of] p1a: Pelipper
|
|-weather|RainDance|[upkeep]
|upkeep
|turn|19
|
|t:|1758337613
|move|p1a: Pelipper|U-turn|p2a: Ting-Lu
|-supereffective|p2a: Ting-Lu
|-damage|p2a: Ting-Lu|72/100
|
|t:|1758337622
|switch|p1a: Hydrapple|Hydrapple, F|100/100|[from] U-turn
|-damage|p1a: Hydrapple|88/100|[from] Stealth Rock
|move|p2a: Ting-Lu|Whirlwind|p1a: Hydrapple
|drag|p1a: Pelipper|Pelipper, M|25/100
|-damage|p1a: Pelipper|0 fnt|[from] Stealth Rock
|faint|p1a: Pelipper
|
|-weather|RainDance|[upkeep]
|upkeep
|
|t:|1758337631
|switch|p1a: Barraskewda|Barraskewda, M, shiny|88/100
|-damage|p1a: Barraskewda|76/100|[from] Stealth Rock
|turn|20
|
|t:|1758337639
|switch|p2a: Alomomola|Alomomola, F|100/100 par
|move|p1a: Barraskewda|Liquidation|p2a: Alomomola
|-resisted|p2a: Alomomola
|-damage|p2a: Alomomola|67/100 par
|
|-weather|RainDance|[upkeep]
|upkeep
|turn|21
|
|t:|1758337645
|switch|p1a: Zapdos|Zapdos|76/100
|move|p2a: Alomomola|Scald|p1a: Zapdos
|-damage|p1a: Zapdos|57/100
|
|-weather|RainDance|[upkeep]
|upkeep
|turn|22
|
|t:|1758337650
|move|p1a: Zapdos|Roost|p1a: Zapdos
|-heal|p1a: Zapdos|100/100
|-singleturn|p1a: Zapdos|move: Roost
|move|p2a: Alomomola|Mirror Coat||[still]
|-fail|p2a: Alomomola
|
|-weather|RainDance|[upkeep]
|upkeep
|turn|23
|
|t:|1758337657
|switch|p2a: Ting-Lu|Ting-Lu|72/100
|-ability|p2a: Ting-Lu|Vessel of Ruin
|move|p1a: Zapdos|Hurricane|p2a: Ting-Lu
|-damage|p2a: Ting-Lu|44/100
|-start|p2a: Ting-Lu|confusion
|
|-weather|RainDance|[upkeep]
|upkeep
|turn|24
|
|t:|1758337664
|move|p1a: Zapdos|Hurricane|p2a: Ting-Lu
|-damage|p2a: Ting-Lu|17/100
|-activate|p2a: Ting-Lu|confusion
|-damage|p2a: Ting-Lu|10/100|[from] confusion
|
|-weather|RainDance|[upkeep]
|upkeep
|turn|25
|
|t:|1758337672
|move|p1a: Zapdos|Hurricane|p2a: Ting-Lu
|-damage|p2a: Ting-Lu|0 fnt
|faint|p2a: Ting-Lu
|
|-weather|none
|upkeep
|
|t:|1758337675
|switch|p2a: Cinderace|Cinderace, F|100/100
|turn|26
|
|t:|1758337685
|-terastallize|p2a: Cinderace|Fire
|move|p2a: Cinderace|Pyro Ball|p1a: Zapdos
|-damage|p1a: Zapdos|0 fnt
|faint|p1a: Zapdos
|
|upkeep
|
|t:|1758337695
|switch|p1a: Barraskewda|Barraskewda, M, shiny|76/100
|-damage|p1a: Barraskewda|64/100|[from] Stealth Rock
|turn|27
|
|t:|1758337698
|switch|p2a: Alomomola|Alomomola, F|99/100 par
|move|p1a: Barraskewda|Liquidation|p2a: Alomomola
|-resisted|p2a: Alomomola
|-damage|p2a: Alomomola|79/100 par
|
|upkeep
|turn|28
|
|t:|1758337706
|switch|p1a: Hydrapple|Hydrapple, F|100/100
|-damage|p1a: Hydrapple|88/100|[from] Stealth Rock
|move|p2a: Alomomola|Alluring Voice|p1a: Hydrapple
|-supereffective|p1a: Hydrapple
|-damage|p1a: Hydrapple|70/100
|
|upkeep
|turn|29
|
|t:|1758337712
|switch|p2a: Kyurem|Kyurem|88/100
|-ability|p2a: Kyurem|Pressure
|move|p1a: Hydrapple|Earth Power|p2a: Kyurem
|-damage|p2a: Kyurem|65/100
|
|-heal|p2a: Kyurem|71/100|[from] item: Leftovers
|upkeep
|turn|30
|
|t:|1758337717
|switch|p1a: Iron Valiant|Iron Valiant, tera:Steel|76/100
|-damage|p1a: Iron Valiant|69/100|[from] Stealth Rock
|move|p2a: Kyurem|Freeze-Dry|p1a: Iron Valiant
|-resisted|p1a: Iron Valiant
|-damage|p1a: Iron Valiant|43/100
|
|-heal|p2a: Kyurem|77/100|[from] item: Leftovers
|upkeep
|turn|31
|
|t:|1758337726
|switch|p2a: Alomomola|Alomomola, F|100/100 par
|move|p1a: Iron Valiant|Moonblast|p2a: Alomomola
|-damage|p2a: Alomomola|76/100 par
|
|upkeep
|turn|32
|
|t:|1758337733
|-end|p1a: Iron Valiant|Quark Drive|[silent]
|switch|p1a: Hydrapple|Hydrapple, F|100/100
|-damage|p1a: Hydrapple|88/100|[from] Stealth Rock
|move|p2a: Alomomola|Flip Turn|p1a: Hydrapple
|-resisted|p1a: Hydrapple
|-damage|p1a: Hydrapple|86/100
|-damage|p2a: Alomomola|60/100 par|[from] item: Rocky Helmet|[of] p1a: Hydrapple
|
|t:|1758337737
|switch|p2a: Cinderace|Cinderace, F, tera:Fire|100/100|[from] Flip Turn
|
|upkeep
|turn|33
|
|t:|1758337751
|move|p2a: Cinderace|Pyro Ball|p1a: Hydrapple
|-crit|p1a: Hydrapple
|-damage|p1a: Hydrapple|0 fnt
|faint|p1a: Hydrapple
|
|upkeep
|
|t:|1758337754
|switch|p1a: Barraskewda|Barraskewda, M, shiny|64/100
|-damage|p1a: Barraskewda|52/100|[from] Stealth Rock
|turn|34
|
|t:|1758337762
|switch|p2a: Kyurem|Kyurem|77/100
|-ability|p2a: Kyurem|Pressure
|move|p1a: Barraskewda|Flip Turn|p2a: Kyurem
|-resisted|p2a: Kyurem
|-damage|p2a: Kyurem|58/100
|
|t:|1758337768
|switch|p1a: Iron Valiant|Iron Valiant, tera:Steel|43/100|[from] Flip Turn
|-damage|p1a: Iron Valiant|37/100|[from] Stealth Rock
|
|-heal|p2a: Kyurem|64/100|[from] item: Leftovers
|upkeep
|turn|35
|
|t:|1758337775
|switch|p2a: Alomomola|Alomomola, F|93/100 par
|move|p1a: Iron Valiant|Moonblast|p2a: Alomomola
|-damage|p2a: Alomomola|66/100 par
|-unboost|p2a: Alomomola|spa|1
|
|upkeep
|turn|36
|
|t:|1758337784
|-end|p1a: Iron Valiant|Quark Drive|[silent]
|switch|p1a: Barraskewda|Barraskewda, M, shiny|52/100
|-damage|p1a: Barraskewda|40/100|[from] Stealth Rock
|move|p2a: Alomomola|Flip Turn|p1a: Barraskewda
|-resisted|p1a: Barraskewda
|-damage|p1a: Barraskewda|25/100
|
|t:|1758337800
|switch|p2a: Great Tusk|Great Tusk|100/100|[from] Flip Turn
|
|upkeep
|turn|37
|
|t:|1758337806
|-end|p2a: Great Tusk|Protosynthesis|[silent]
|switch|p2a: Alomomola|Alomomola, F|99/100 par
|move|p1a: Barraskewda|Liquidation|p2a: Alomomola
|-resisted|p2a: Alomomola
|-damage|p2a: Alomomola|75/100 par
|
|upkeep
|turn|38
|
|t:|1758337811
|move|p1a: Barraskewda|Liquidation|p2a: Alomomola
|-resisted|p2a: Alomomola
|-damage|p2a: Alomomola|52/100 par
|move|p2a: Alomomola|Flip Turn|p1a: Barraskewda
|-resisted|p1a: Barraskewda
|-damage|p1a: Barraskewda|8/100
|
|t:|1758337830
|switch|p2a: Kyurem|Kyurem|64/100|[from] Flip Turn
|-ability|p2a: Kyurem|Pressure
|
|-heal|p2a: Kyurem|70/100|[from] item: Leftovers
|upkeep
|turn|39
|
|t:|1758337834
|move|p1a: Barraskewda|Liquidation|p2a: Kyurem
|-resisted|p2a: Kyurem
|-damage|p2a: Kyurem|42/100
|-unboost|p2a: Kyurem|def|1
|move|p2a: Kyurem|Earth Power|p1a: Barraskewda
|-crit|p1a: Barraskewda
|-damage|p1a: Barraskewda|0 fnt
|faint|p1a: Barraskewda
|
|-heal|p2a: Kyurem|48/100|[from] item: Leftovers
|upkeep
|
|t:|1758337840
|switch|p1a: Iron Valiant|Iron Valiant, tera:Steel|37/100
|-damage|p1a: Iron Valiant|31/100|[from] Stealth Rock
|turn|40
|
|t:|1758337846
|switch|p2a: Great Tusk|Great Tusk|100/100
|move|p1a: Iron Valiant|Moonblast|p2a: Great Tusk
|-supereffective|p2a: Great Tusk
|-damage|p2a: Great Tusk|0 fnt
|faint|p2a: Great Tusk
|-end|p2a: Great Tusk|Protosynthesis|[silent]
|
|upkeep
|
|t:|1758337849
|switch|p2a: Cinderace|Cinderace, F, tera:Fire|100/100
|turn|41
|
|t:|1758337858
|move|p2a: Cinderace|Pyro Ball|p1a: Iron Valiant
|-supereffective|p1a: Iron Valiant
|-damage|p1a: Iron Valiant|0 fnt
|faint|p1a: Iron Valiant
|-end|p1a: Iron Valiant|Quark Drive|[silent]
|
|win|partyt0mb
|raw|c.empty's rating: 1226 &rarr; <strong>1200</strong><br />(-26 for losing)
|raw|partyt0mb's rating: 1218 &rarr; <strong>1244</strong><br />(+26 for winning)
|c|☆c.empty|you are soluck
|l|☆c.empty
|player|p1|
