|j|‽MunkiC
|j|☆heatedrhombus
|t:|1758294681
|gametype|singles
|player|p1|MunkiC|265|1354
|player|p2|heatedrhombus|265|1348
|gen|9
|tier|[Gen 9] OU
|rated|
|rule|HP Percentage Mod: HP is shown in percentages
|rule|Endless Battle Clause: Forcing endless battles is banned
|rule|Species Clause: Limit one of each Pokémon
|rule|OHKO Clause: OHKO moves are banned
|rule|Evasion Items Clause: Evasion items are banned
|rule|Evasion Moves Clause: Evasion moves are banned
|rule|Evasion Abilities Clause: Evasion abilities are banned
|rule|Sleep Moves Clause: Sleep-inducing moves are banned
|clearpoke
|poke|p1|Pelipper, F|
|poke|p1|Hatterene, F|
|poke|p1|Barraskewda, F|
|poke|p1|Zapdos|
|poke|p1|Iron Treads|
|poke|p1|Toxicroak, F|
|poke|p2|Alomomola, M|
|poke|p2|Darkrai|
|poke|p2|Araquanid, M|
|poke|p2|Great Tusk|
|poke|p2|Gholdengo|
|poke|p2|Weezing-Galar, F|
|teampreview
|inactive|Battle timer is ON: inactive players will automatically lose when time's up. (requested by heatedrhombus)
|
|t:|1758294698
|teamsize|p1|6
|teamsize|p2|6
|start
|switch|p1a: Pelipper|Pelipper, F|100/100
|switch|p2a: Araquanid|Araquanid, M|100/100
|-weather|RainDance|[from] ability: Drizzle|[of] p1a: Pelipper
|turn|1
|
|t:|1758294706
|move|p1a: Pelipper|U-turn|p2a: Araquanid
|-damage|p2a: Araquanid|90/100
|
|t:|1758294709
|switch|p1a: Hatterene|Hatterene, F|100/100|[from] U-turn
|move|p2a: Araquanid|Surf|p1a: Hatterene
|-damage|p1a: Hatterene|0 fnt
|faint|p1a: Hatterene
|
|-weather|RainDance|[upkeep]
|upkeep
|
|t:|1758294718
|switch|p1a: Zapdos|Zapdos|100/100
|turn|2
|
|t:|1758294729
|-terastallize|p1a: Zapdos|Flying
|-terastallize|p2a: Araquanid|Ghost
|move|p1a: Zapdos|Hurricane|p2a: Araquanid
|-damage|p2a: Araquanid|0 fnt
|faint|p2a: Araquanid
|
|-weather|RainDance|[upkeep]
|upkeep
|
|t:|1758294736
|switch|p2a: Gholdengo|Gholdengo|100/100
|turn|3
|
|t:|1758294747
|move|p1a: Zapdos|Hurricane|p2a: Gholdengo
|-resisted|p2a: Gholdengo
|-damage|p2a: Gholdengo|38/100
|move|p2a: Gholdengo|Shadow Ball|p1a: Zapdos
|-damage|p1a: Zapdos|22/100
|
|-weather|RainDance|[upkeep]
|upkeep
|turn|4
|
|t:|1758294753
|move|p1a: Zapdos|Hurricane|p2a: Gholdengo
|-resisted|p2a: Gholdengo
|-damage|p2a: Gholdengo|0 fnt
|faint|p2a: Gholdengo
|
|-weather|RainDance|[upkeep]
|upkeep
|
|t:|1758294756
|switch|p2a: Darkrai|Darkrai|100/100
|turn|5
|
|t:|1758294771
|switch|p1a: Iron Treads|Iron Treads|100/100
|move|p2a: Darkrai|Ice Beam|p1a: Iron Treads
|-damage|p1a: Iron Treads|75/100
|
|-weather|RainDance|[upkeep]
|-heal|p1a: Iron Treads|81/100|[from] item: Leftovers
|upkeep
|turn|6
|
|t:|1758294780
|switch|p2a: Alomomola|Alomomola, M|100/100
|move|p1a: Iron Treads|Earthquake|p2a: Alomomola
|-damage|p2a: Alomomola|67/100
|
|-weather|RainDance|[upkeep]
|-heal|p1a: Iron Treads|87/100|[from] item: Leftovers
|upkeep
|turn|7
|
|t:|1758294785
|move|p1a: Iron Treads|Stealth Rock|p2a: Alomomola
|-sidestart|p2: heatedrhombus|move: Stealth Rock
|move|p2a: Alomomola|Body Slam|p1a: Iron Treads
|-resisted|p1a: Iron Treads
|-damage|p1a: Iron Treads|78/100
|
|-weather|RainDance|[upkeep]
|-heal|p1a: Iron Treads|84/100|[from] item: Leftovers
|upkeep
|turn|8
|
|t:|1758294794
|move|p1a: Iron Treads|Volt Switch|p2a: Alomomola
|-supereffective|p2a: Alomomola
|-damage|p2a: Alomomola|44/100
|
|t:|1758294797
|-end|p1a: Iron Treads|Quark Drive|[silent]
|switch|p1a: Toxicroak|Toxicroak, F|100/100|[from] Volt Switch
|move|p2a: Alomomola|Flip Turn|p1a: Toxicroak
|-immune|p1a: Toxicroak|[from] ability: Dry Skin
|
|-weather|none
|upkeep
|turn|9
|
|t:|1758294805
|switch|p2a: Weezing|Weezing-Galar, F|100/100
|-ability|p2a: Weezing|Neutralizing Gas
|-damage|p2a: Weezing|88/100|[from] Stealth Rock
|move|p1a: Toxicroak|Toxic|p2a: Weezing
|-immune|p2a: Weezing
|
|upkeep
|turn|10
|
|t:|1758294812
|move|p1a: Toxicroak|Knock Off|p2a: Weezing
|-resisted|p2a: Weezing
|-damage|p2a: Weezing|80/100
|-damage|p1a: Toxicroak|84/100|[from] item: Rocky Helmet|[of] p2a: Weezing
|-enditem|p2a: Weezing|Rocky Helmet|[from] move: Knock Off|[of] p1a: Toxicroak
|move|p2a: Weezing|Defog|p1a: Toxicroak
|-unboost|p1a: Toxicroak|evasion|1
|-sideend|p2: heatedrhombus|Stealth Rock|[from] move: Defog|[of] p2a: Weezing
|
|upkeep
|turn|11
|
|t:|1758294821
|-end|p2a: Weezing|ability: Neutralizing Gas
|switch|p2a: Great Tusk|Great Tusk|100/100
|move|p1a: Toxicroak|Encore||[still]
|-fail|p1a: Toxicroak
|
|upkeep
|turn|12
|
|t:|1758294825
|move|p2a: Great Tusk|Stealth Rock|p1a: Toxicroak
|-sidestart|p1: MunkiC|move: Stealth Rock
|move|p1a: Toxicroak|Toxic|p2a: Great Tusk
|-status|p2a: Great Tusk|tox
|
|-damage|p2a: Great Tusk|94/100 tox|[from] psn
|upkeep
|turn|13
|
|t:|1758294831
|switch|p1a: Pelipper|Pelipper, F|100/100
|-damage|p1a: Pelipper|76/100|[from] Stealth Rock
|-weather|RainDance|[from] ability: Drizzle|[of] p1a: Pelipper
|move|p2a: Great Tusk|Headlong Rush|p1a: Pelipper
|-immune|p1a: Pelipper
|
|-weather|RainDance|[upkeep]
|-damage|p2a: Great Tusk|82/100 tox|[from] psn
|upkeep
|turn|14
|
|t:|1758294841
|move|p2a: Great Tusk|Supercell Slam|p1a: Pelipper
|-supereffective|p1a: Pelipper
|-damage|p1a: Pelipper|0 fnt
|faint|p1a: Pelipper
|
|-weather|RainDance|[upkeep]
|-damage|p2a: Great Tusk|63/100 tox|[from] psn
|upkeep
|
|t:|1758294844
|switch|p1a: Barraskewda|Barraskewda, F|100/100
|-damage|p1a: Barraskewda|88/100|[from] Stealth Rock
|turn|15
|
|t:|1758294849
|-end|p2a: Great Tusk|Protosynthesis|[silent]
|switch|p2a: Weezing|Weezing-Galar, F|80/100
|-ability|p2a: Weezing|Neutralizing Gas
|move|p1a: Barraskewda|Liquidation|p2a: Weezing
|-damage|p2a: Weezing|15/100
|
|-weather|RainDance|[upkeep]
|upkeep
|turn|16
|
|t:|1758294856
|move|p1a: Barraskewda|Liquidation|p2a: Weezing
|-damage|p2a: Weezing|0 fnt
|faint|p2a: Weezing
|-end|p2a: Weezing|ability: Neutralizing Gas
|
|-weather|RainDance|[upkeep]
|upkeep
|
|t:|1758294858
|switch|p2a: Alomomola|Alomomola, M|78/100
|turn|17
|
|t:|1758294871
|move|p1a: Barraskewda|Liquidation|p2a: Alomomola
|-resisted|p2a: Alomomola
|-damage|p2a: Alomomola|35/100
|-unboost|p2a: Alomomola|def|1
|move|p2a: Alomomola|Body Slam|p1a: Barraskewda
|-damage|p1a: Barraskewda|43/100
|
|-weather|RainDance|[upkeep]
|upkeep
|turn|18
|
|t:|1758294877
|switch|p2a: Great Tusk|Great Tusk|63/100 tox
|move|p1a: Barraskewda|Liquidation|p2a: Great Tusk
|-supereffective|p2a: Great Tusk
|-damage|p2a: Great Tusk|0 fnt
|faint|p2a: Great Tusk
|-end|p2a: Great Tusk|Protosynthesis|[silent]
|
|-weather|RainDance|[upkeep]
|upkeep
|
|t:|1758294879
|switch|p2a: Alomomola|Alomomola, M|68/100
|turn|19
|
|t:|1758294882
|switch|p1a: Iron Treads|Iron Treads|84/100
|-damage|p1a: Iron Treads|81/100|[from] Stealth Rock
|move|p2a: Alomomola|Body Slam|p1a: Iron Treads
|-resisted|p1a: Iron Treads
|-damage|p1a: Iron Treads|73/100
|
|-weather|RainDance|[upkeep]
|-heal|p1a: Iron Treads|79/100|[from] item: Leftovers
|upkeep
|turn|20
|
|t:|1758294886
|move|p1a: Iron Treads|Rapid Spin|p2a: Alomomola
|-damage|p2a: Alomomola|58/100
|-boost|p1a: Iron Treads|spe|1
|-sideend|p1: MunkiC|Stealth Rock|[from] move: Rapid Spin|[of] p1a: Iron Treads
|move|p2a: Alomomola|Flip Turn|p1a: Iron Treads
|-supereffective|p1a: Iron Treads
|-damage|p1a: Iron Treads|26/100
|
|t:|1758294888
|switch|p2a: Darkrai|Darkrai|100/100|[from] Flip Turn
|
|-weather|none
|-heal|p1a: Iron Treads|32/100|[from] item: Leftovers
|upkeep
|turn|21
|
|t:|1758294895
|move|p2a: Darkrai|Dark Pulse|p1a: Iron Treads
|-damage|p1a: Iron Treads|0 fnt
|faint|p1a: Iron Treads
|-end|p1a: Iron Treads|Quark Drive|[silent]
|
|upkeep
|
|t:|1758294905
|switch|p1a: Toxicroak|Toxicroak, F|84/100
|turn|22
|
|t:|1758294916
|move|p2a: Darkrai|Ice Beam|p1a: Toxicroak
|-crit|p1a: Toxicroak
|-damage|p1a: Toxicroak|23/100
|move|p1a: Toxicroak|Drain Punch|p2a: Darkrai
|-supereffective|p2a: Darkrai
|-damage|p2a: Darkrai|27/100
|-heal|p1a: Toxicroak|51/100|[from] drain|[of] p2a: Darkrai
|
|upkeep
|turn|23
|
|t:|1758294924
|switch|p2a: Alomomola|Alomomola, M|91/100
|move|p1a: Toxicroak|Drain Punch|p2a: Alomomola
|-damage|p2a: Alomomola|68/100
|-heal|p1a: Toxicroak|65/100|[from] drain|[of] p2a: Alomomola
|
|upkeep
|turn|24
|
|t:|1758294928
|move|p2a: Alomomola|Body Slam|p1a: Toxicroak
|-damage|p1a: Toxicroak|46/100
|-status|p1a: Toxicroak|par
|-damage|p2a: Alomomola|52/100|[from] item: Rocky Helmet|[of] p1a: Toxicroak
|move|p1a: Toxicroak|Toxic|p2a: Alomomola
|-status|p2a: Alomomola|tox
|
|-damage|p2a: Alomomola|46/100 tox|[from] psn
|upkeep
|turn|25
|
|t:|1758294934
|move|p2a: Alomomola|Scale Shot|p1a: Toxicroak
|-damage|p1a: Toxicroak|39/100 par
|-damage|p1a: Toxicroak|33/100 par
|-hitcount|p1a: Toxicroak|2
|-unboost|p2a: Alomomola|def|1
|-boost|p2a: Alomomola|spe|1
|move|p1a: Toxicroak|Drain Punch|p2a: Alomomola
|-damage|p2a: Alomomola|7/100 tox
|-heal|p1a: Toxicroak|58/100 par|[from] drain|[of] p2a: Alomomola
|
|-damage|p2a: Alomomola|0 fnt|[from] psn
|faint|p2a: Alomomola
|upkeep
|
|t:|1758294937
|switch|p2a: Darkrai|Darkrai|27/100
|turn|26
|
|t:|1758294945
|move|p2a: Darkrai|Dark Pulse|p1a: Toxicroak
|-resisted|p1a: Toxicroak
|-damage|p1a: Toxicroak|31/100 par
|cant|p1a: Toxicroak|flinch
|
|upkeep
|turn|27
|
|t:|1758294963
|move|p2a: Darkrai|Dark Pulse|p1a: Toxicroak
|-resisted|p1a: Toxicroak
|-damage|p1a: Toxicroak|3/100 par
|move|p1a: Toxicroak|Drain Punch|p2a: Darkrai
|-supereffective|p2a: Darkrai
|-damage|p2a: Darkrai|0 fnt
|-heal|p1a: Toxicroak|14/100 par|[from] drain|[of] p2a: Darkrai
|faint|p2a: Darkrai
|
|win|MunkiC
|raw|MunkiC's rating: 1354 &rarr; <strong>1374</strong><br />(+20 for winning)
|raw|heatedrhombus's rating: 1348 &rarr; <strong>1328</strong><br />(-20 for losing)
|l|☆heatedrhombus
|player|p2|
