|j|☆adeeda
|j|☆AeiGlass
|t:|1758373673
|gametype|singles
|player|p1|adeeda|265|1084
|player|p2|AeiGlass|hugh|1040
|gen|9
|tier|[Gen 9] OU
|rated|
|rule|HP Percentage Mod: HP is shown in percentages
|rule|Endless Battle Clause: Forcing endless battles is banned
|rule|Species Clause: Limit one of each Pokémon
|rule|OHKO Clause: OHKO moves are banned
|rule|Evasion Items Clause: Evasion items are banned
|rule|Evasion Moves Clause: Evasion moves are banned
|rule|Evasion Abilities Clause: Evasion abilities are banned
|rule|Sleep Moves Clause: Sleep-inducing moves are banned
|clearpoke
|poke|p1|Gliscor, F|
|poke|p1|Araquanid, M|
|poke|p1|Garganacl, M|
|poke|p1|Gholdengo|
|poke|p1|Raging Bolt|
|poke|p1|Zamazenta-*|
|poke|p2|Typhlosion-Hisui, F|
|poke|p2|Quaquaval, M|
|poke|p2|Dragonite, F|
|poke|p2|Enamorus, F|
|poke|p2|Ribombee, M|
|poke|p2|Kingambit, M|
|teampreview
|inactive|Battle timer is ON: inactive players will automatically lose when time's up. (requested by adeeda)
|
|t:|1758373690
|teamsize|p1|6
|teamsize|p2|6
|start
|switch|p1a: Gliscor|Gliscor, F|100/100
|switch|p2a: Dragonite|Dragonite, F|100/100
|turn|1
|
|t:|1758373703
|move|p1a: Gliscor|Knock Off|p2a: Dragonite
|-damage|p2a: Dragonite|84/100
|-enditem|p2a: Dragonite|Heavy-Duty Boots|[from] move: Knock Off|[of] p1a: Gliscor
|move|p2a: Dragonite|Dragon Dance|p2a: Dragonite
|-boost|p2a: Dragonite|atk|1
|-boost|p2a: Dragonite|spe|1
|
|-status|p1a: Gliscor|tox|[from] item: Toxic Orb
|upkeep
|turn|2
|
|t:|1758373719
|switch|p1a: Gholdengo|Gholdengo|100/100
|move|p2a: Dragonite|Ice Spinner|p1a: Gholdengo
|-resisted|p1a: Gholdengo
|-damage|p1a: Gholdengo|72/100
|
|-heal|p1a: Gholdengo|78/100|[from] item: Leftovers
|upkeep
|turn|3
|
|t:|1758373729
|move|p2a: Dragonite|Earthquake|p1a: Gholdengo
|-supereffective|p1a: Gholdengo
|-damage|p1a: Gholdengo|0 fnt
|faint|p1a: Gholdengo
|
|upkeep
|
|t:|1758373739
|switch|p1a: Garganacl|Garganacl, M|100/100
|turn|4
|
|t:|1758373744
|move|p1a: Garganacl|Protect|p1a: Garganacl
|-singleturn|p1a: Garganacl|Protect
|move|p2a: Dragonite|Earthquake|p1a: Garganacl
|-activate|p1a: Garganacl|move: Protect
|
|upkeep
|turn|5
|
|t:|1758373751
|move|p2a: Dragonite|Earthquake|p1a: Garganacl
|-supereffective|p1a: Garganacl
|-damage|p1a: Garganacl|44/100
|move|p1a: Garganacl|Salt Cure|p2a: Dragonite
|-supereffective|p2a: Dragonite
|-damage|p2a: Dragonite|54/100
|-start|p2a: Dragonite|Salt Cure
|
|-damage|p2a: Dragonite|42/100|[from] Salt Cure
|upkeep
|turn|6
|
|t:|1758373761
|move|p1a: Garganacl|Protect|p1a: Garganacl
|-singleturn|p1a: Garganacl|Protect
|move|p2a: Dragonite|Earthquake|p1a: Garganacl
|-activate|p1a: Garganacl|move: Protect
|
|-damage|p2a: Dragonite|29/100|[from] Salt Cure
|upkeep
|turn|7
|
|t:|1758373771
|switch|p1a: Gliscor|Gliscor, F|100/100 tox
|move|p2a: Dragonite|Earthquake|p1a: Gliscor
|-immune|p1a: Gliscor
|
|-damage|p2a: Dragonite|17/100|[from] Salt Cure
|upkeep
|turn|8
|
|t:|1758373782
|move|p1a: Gliscor|Protect|p1a: Gliscor
|-singleturn|p1a: Gliscor|Protect
|move|p2a: Dragonite|Ice Spinner|p1a: Gliscor
|-activate|p1a: Gliscor|move: Protect
|
|-damage|p2a: Dragonite|5/100|[from] Salt Cure
|upkeep
|turn|9
|
|t:|1758373793
|move|p2a: Dragonite|Ice Spinner|p1a: Gliscor
|-supereffective|p1a: Gliscor
|-damage|p1a: Gliscor|0 fnt
|faint|p1a: Gliscor
|
|-damage|p2a: Dragonite|0 fnt|[from] Salt Cure
|faint|p2a: Dragonite
|upkeep
|
|t:|1758373802
|switch|p1a: Garganacl|Garganacl, M|44/100
|switch|p2a: Ribombee|Ribombee, M|100/100
|turn|10
|
|t:|1758373808
|move|p2a: Ribombee|Sticky Web|p1a: Garganacl
|-sidestart|p1: adeeda|move: Sticky Web
|move|p1a: Garganacl|Stealth Rock|p2a: Ribombee
|-sidestart|p2: AeiGlass|move: Stealth Rock
|
|upkeep
|turn|11
|
|t:|1758373816
|move|p2a: Ribombee|Stun Spore|p1a: Garganacl
|-status|p1a: Garganacl|par
|move|p1a: Garganacl|Salt Cure|p2a: Ribombee
|-supereffective|p2a: Ribombee
|-damage|p2a: Ribombee|45/100
|
|upkeep
|turn|12
|
|t:|1758373823
|move|p2a: Ribombee|Psychic Noise|p1a: Garganacl
|-damage|p1a: Garganacl|24/100 par
|-start|p1a: Garganacl|move: Heal Block
|cant|p1a: Garganacl|move: Heal Block|Recover
|
|upkeep
|turn|13
|
|t:|1758373831
|move|p1a: Garganacl|Protect|p1a: Garganacl
|-singleturn|p1a: Garganacl|Protect
|move|p2a: Ribombee|Psychic Noise|p1a: Garganacl
|-activate|p1a: Garganacl|move: Protect
|
|-end|p1a: Garganacl|move: Heal Block
|upkeep
|turn|14
|
|t:|1758373840
|move|p2a: Ribombee|Psychic Noise|p1a: Garganacl
|-damage|p1a: Garganacl|6/100 par
|-start|p1a: Garganacl|move: Heal Block
|move|p1a: Garganacl|Salt Cure|p2a: Ribombee
|-supereffective|p2a: Ribombee
|-damage|p2a: Ribombee|0 fnt
|faint|p2a: Ribombee
|
|upkeep
|
|t:|1758373850
|switch|p2a: Quaquaval|Quaquaval, M|100/100
|-damage|p2a: Quaquaval|94/100|[from] Stealth Rock
|turn|15
|
|t:|1758373855
|move|p1a: Garganacl|Protect|p1a: Garganacl
|-singleturn|p1a: Garganacl|Protect
|move|p2a: Quaquaval|Aqua Step|p1a: Garganacl
|-activate|p1a: Garganacl|move: Protect
|
|-end|p1a: Garganacl|move: Heal Block
|upkeep
|turn|16
|
|t:|1758373863
|move|p1a: Garganacl|Protect||[still]
|-fail|p1a: Garganacl
|move|p2a: Quaquaval|Aqua Step|p1a: Garganacl
|-supereffective|p1a: Garganacl
|-damage|p1a: Garganacl|0 fnt
|-boost|p2a: Quaquaval|spe|1
|-damage|p2a: Quaquaval|78/100|[from] item: Rocky Helmet|[of] p1a: Garganacl
|faint|p1a: Garganacl
|-ability|p2a: Quaquaval|Moxie|boost
|-boost|p2a: Quaquaval|atk|1
|
|upkeep
|
|t:|1758373875
|switch|p1a: Raging Bolt|Raging Bolt|100/100
|-activate|p1a: Raging Bolt|move: Sticky Web
|-unboost|p1a: Raging Bolt|spe|1
|-enditem|p1a: Raging Bolt|Booster Energy
|-activate|p1a: Raging Bolt|ability: Protosynthesis|[fromitem]
|-start|p1a: Raging Bolt|protosynthesisspa
|turn|17
|
|t:|1758373890
|-terastallize|p2a: Quaquaval|Steel
|move|p2a: Quaquaval|Knock Off|p1a: Raging Bolt
|-damage|p1a: Raging Bolt|71/100
|move|p1a: Raging Bolt|Ancient Power|p2a: Quaquaval
|-resisted|p2a: Quaquaval
|-damage|p2a: Quaquaval|64/100
|-boost|p1a: Raging Bolt|atk|1
|-boost|p1a: Raging Bolt|def|1
|-boost|p1a: Raging Bolt|spa|1
|-boost|p1a: Raging Bolt|spd|1
|-boost|p1a: Raging Bolt|spe|1
|
|upkeep
|turn|18
|
|t:|1758373907
|-terastallize|p1a: Raging Bolt|Fairy
|move|p1a: Raging Bolt|Thunderclap|p2a: Quaquaval
|-damage|p2a: Quaquaval|0 fnt
|faint|p2a: Quaquaval
|
|upkeep
|
|t:|1758373911
|switch|p2a: Typhlosion|Typhlosion-Hisui, F|100/100
|-damage|p2a: Typhlosion|76/100|[from] Stealth Rock
|turn|19
|
|t:|1758373919
|move|p2a: Typhlosion|Eruption|p1a: Raging Bolt
|-damage|p1a: Raging Bolt|28/100
|-damage|p2a: Typhlosion|66/100|[from] item: Life Orb
|move|p1a: Raging Bolt|Ancient Power|p2a: Typhlosion
|-supereffective|p2a: Typhlosion
|-damage|p2a: Typhlosion|0 fnt
|faint|p2a: Typhlosion
|
|upkeep
|
|t:|1758373927
|switch|p2a: Enamorus|Enamorus, F|100/100
|-damage|p2a: Enamorus|76/100|[from] Stealth Rock
|turn|20
|
|t:|1758373941
|move|p1a: Raging Bolt|Thunderclap|p2a: Enamorus
|-supereffective|p2a: Enamorus
|-damage|p2a: Enamorus|0 fnt
|faint|p2a: Enamorus
|
|upkeep
|
|t:|1758373943
|switch|p2a: Kingambit|Kingambit, M|100/100
|-damage|p2a: Kingambit|94/100|[from] Stealth Rock
|-activate|p2a: Kingambit|ability: Supreme Overlord
|-start|p2a: Kingambit|fallen5|[silent]
|turn|21
|
|t:|1758373953
|move|p2a: Kingambit|Swords Dance|p2a: Kingambit
|-boost|p2a: Kingambit|atk|2
|move|p1a: Raging Bolt|Tera Blast|p2a: Kingambit|[anim] Tera Blast Fairy
|-damage|p2a: Kingambit|0 fnt
|faint|p2a: Kingambit
|-end|p2a: Kingambit|fallen5|[silent]
|
|win|adeeda
|raw|adeeda's rating: 1084 &rarr; <strong>1108</strong><br />(+24 for winning)
|raw|AeiGlass's rating: 1040 &rarr; <strong>1026</strong><br />(-14 for losing)
|l|☆AeiGlass
|player|p2|
