|j|☆norca152
|j|☆Obito 2001
|t:|1758276622
|gametype|singles
|player|p1|norca152|drayden|1569
|player|p2|Obito 2001|blue-gen3two|1785
|gen|9
|tier|[Gen 9] OU
|rated|
|rule|HP Percentage Mod: HP is shown in percentages
|rule|Endless Battle Clause: Forcing endless battles is banned
|rule|Species Clause: Limit one of each Pokémon
|rule|OHKO Clause: OHKO moves are banned
|rule|Evasion Items Clause: Evasion items are banned
|rule|Evasion Moves Clause: Evasion moves are banned
|rule|Evasion Abilities Clause: Evasion abilities are banned
|rule|Sleep Moves Clause: Sleep-inducing moves are banned
|clearpoke
|poke|p1|Kyurem|
|poke|p1|Zamazenta-*|
|poke|p1|Landorus-Therian, M|
|poke|p1|Ogerpon-Wellspring, F|
|poke|p1|Corviknight, M|
|poke|p1|Slowking-Galar, F|
|poke|p2|Ting-Lu|
|poke|p2|Weezing-Galar, F|
|poke|p2|Ogerpon-Wellspring, F|
|poke|p2|Corviknight, F|
|poke|p2|Kyurem|
|poke|p2|Amoonguss, M|
|teampreview
|inactive|Battle timer is ON: inactive players will automatically lose when time's up. (requested by Obito 2001)
|
|t:|1758276631
|teamsize|p1|6
|teamsize|p2|6
|start
|switch|p1a: Landorus|Landorus-Therian, M|100/100
|switch|p2a: Ban me|Ogerpon-Wellspring, F|100/100
|-ability|p1a: Landorus|Intimidate|boost
|-unboost|p2a: Ban me|atk|1
|turn|1
|
|t:|1758276636
|switch|p2a: Ban Dragonite|Corviknight, F|100/100
|-ability|p2a: Ban Dragonite|Pressure
|move|p1a: Landorus|U-turn|p2a: Ban Dragonite
|-resisted|p2a: Ban Dragonite
|-damage|p2a: Ban Dragonite|96/100
|-damage|p1a: Landorus|84/100|[from] item: Rocky Helmet|[of] p2a: Ban Dragonite
|
|t:|1758276647
|switch|p1a: Slowking|Slowking-Galar, F|100/100|[from] U-turn
|
|upkeep
|turn|2
|
|t:|1758276653
|switch|p2a: Ban Zamazenta|Ting-Lu|100/100
|-ability|p2a: Ban Zamazenta|Vessel of Ruin
|move|p1a: Slowking|Flamethrower|p2a: Ban Zamazenta
|-damage|p2a: Ban Zamazenta|90/100
|
|-heal|p2a: Ban Zamazenta|96/100|[from] item: Leftovers
|upkeep
|turn|3
|
|t:|1758276660
|switch|p2a: Ban Gliscor ASAP|Kyurem, shiny|100/100
|-ability|p2a: Ban Gliscor ASAP|Pressure
|move|p1a: Slowking|Sludge Bomb|p2a: Ban Gliscor ASAP
|-damage|p2a: Ban Gliscor ASAP|71/100
|
|-heal|p2a: Ban Gliscor ASAP|77/100|[from] item: Leftovers
|upkeep
|turn|4
|
|t:|1758276668
|switch|p2a: Ban Zamazenta|Ting-Lu|96/100
|-ability|p2a: Ban Zamazenta|Vessel of Ruin
|move|p1a: Slowking|Future Sight|p2a: Ban Zamazenta
|-start|p1a: Slowking|move: Future Sight
|
|-heal|p2a: Ban Zamazenta|100/100|[from] item: Leftovers
|upkeep
|turn|5
|
|t:|1758276673
|move|p2a: Ban Zamazenta|Earthquake|p1a: Slowking
|-supereffective|p1a: Slowking
|-damage|p1a: Slowking|16/100
|-prepare|p1a: Slowking|Chilly Reception|[premajor]
|move|p1a: Slowking|Chilly Reception|p1a: Slowking
|-weather|Snowscape
|
|t:|1758276679
|switch|p1a: Kyurem|Kyurem|100/100|[from] Chilly Reception
|-ability|p1a: Kyurem|Pressure
|
|-weather|Snowscape|[upkeep]
|upkeep
|turn|6
|
|t:|1758276689
|move|p1a: Kyurem|Freeze-Dry|p2a: Ban Zamazenta
|-supereffective|p2a: Ban Zamazenta
|-damage|p2a: Ban Zamazenta|53/100
|move|p2a: Ban Zamazenta|Rest|p2a: Ban Zamazenta
|-status|p2a: Ban Zamazenta|slp|[from] move: Rest
|-heal|p2a: Ban Zamazenta|100/100 slp|[silent]
|
|-weather|Snowscape|[upkeep]
|-end|p2a: Ban Zamazenta|move: Future Sight
|-immune|p2a: Ban Zamazenta
|upkeep
|turn|7
|
|t:|1758276695
|switch|p2a: Ban Dragonite|Corviknight, F|96/100
|-ability|p2a: Ban Dragonite|Pressure
|-terastallize|p1a: Kyurem|Ice
|move|p1a: Kyurem|Freeze-Dry|p2a: Ban Dragonite
|-damage|p2a: Ban Dragonite|31/100
|
|-weather|Snowscape|[upkeep]
|upkeep
|turn|8
|
|t:|1758276706
|move|p1a: Kyurem|Freeze-Dry|p2a: Ban Dragonite
|-damage|p2a: Ban Dragonite|0 fnt
|faint|p2a: Ban Dragonite
|
|-weather|Snowscape|[upkeep]
|upkeep
|
|t:|1758276715
|switch|p2a: Ban Gliscor ASAP|Kyurem, shiny|77/100
|-ability|p2a: Ban Gliscor ASAP|Pressure
|turn|9
|
|t:|1758276730
|switch|p1a: Corviknight|Corviknight, M|100/100
|-ability|p1a: Corviknight|Pressure
|move|p2a: Ban Gliscor ASAP|Earth Power|p1a: Corviknight
|-immune|p1a: Corviknight
|
|-weather|none
|-heal|p2a: Ban Gliscor ASAP|83/100|[from] item: Leftovers
|upkeep
|turn|10
|
|t:|1758276751
|move|p2a: Ban Gliscor ASAP|Freeze-Dry|p1a: Corviknight
|-damage|p1a: Corviknight|59/100
|move|p1a: Corviknight|Body Press|p2a: Ban Gliscor ASAP
|-supereffective|p2a: Ban Gliscor ASAP
|-damage|p2a: Ban Gliscor ASAP|36/100
|
|-heal|p2a: Ban Gliscor ASAP|42/100|[from] item: Leftovers
|upkeep
|turn|11
|
|t:|1758276762
|move|p2a: Ban Gliscor ASAP|Freeze-Dry|p1a: Corviknight
|-damage|p1a: Corviknight|23/100
|move|p1a: Corviknight|Brave Bird|p2a: Ban Gliscor ASAP
|-damage|p2a: Ban Gliscor ASAP|10/100
|-damage|p1a: Corviknight|12/100|[from] Recoil
|
|-heal|p2a: Ban Gliscor ASAP|16/100|[from] item: Leftovers
|upkeep
|turn|12
|
|t:|1758276767
|move|p2a: Ban Gliscor ASAP|Freeze-Dry|p1a: Corviknight
|-damage|p1a: Corviknight|0 fnt
|faint|p1a: Corviknight
|
|-heal|p2a: Ban Gliscor ASAP|22/100|[from] item: Leftovers
|upkeep
|
|t:|1758276769
|switch|p1a: Landorus|Landorus-Therian, M|84/100
|-ability|p1a: Landorus|Intimidate|boost
|-unboost|p2a: Ban Gliscor ASAP|atk|1
|turn|13
|
|t:|1758276772
|switch|p2a: Ban Wogerpon|Amoonguss, M, shiny|100/100
|move|p1a: Landorus|U-turn|p2a: Ban Wogerpon
|-damage|p2a: Ban Wogerpon|81/100
|
|t:|1758276776
|switch|p1a: Kyurem|Kyurem, tera:Ice|100/100|[from] U-turn
|-ability|p1a: Kyurem|Pressure
|
|-heal|p2a: Ban Wogerpon|87/100|[from] item: Leftovers
|upkeep
|turn|14
|
|t:|1758276783
|move|p1a: Kyurem|Freeze-Dry|p2a: Ban Wogerpon
|-supereffective|p2a: Ban Wogerpon
|-damage|p2a: Ban Wogerpon|0 fnt
|faint|p2a: Ban Wogerpon
|
|upkeep
|
|t:|1758276788
|switch|p2a: Ban me|Ogerpon-Wellspring, F|100/100
|turn|15
|
|t:|1758276792
|move|p2a: Ban me|U-turn|p1a: Kyurem
|-damage|p1a: Kyurem|76/100
|-message|Obito 2001 forfeited.
|
|win|norca152
|raw|norca152's rating: 1569 &rarr; <strong>1600</strong><br />(+31 for winning)
|raw|Obito 2001's rating: 1785 &rarr; <strong>1754</strong><br />(-31 for losing)
|l|☆Obito 2001
|player|p2|
|l|☆norca152
|player|p1|
