|j|☆Hanagi
|j|☆wispycrunchy48
|t:|1758245048
|gametype|singles
|player|p1|Hanagi|lady-gen4|1106
|player|p2|wispycrunchy48|veteran|1099
|gen|9
|tier|[Gen 9] OU
|rated|
|rule|HP Percentage Mod: HP is shown in percentages
|rule|Endless Battle Clause: Forcing endless battles is banned
|rule|Species Clause: Limit one of each Pokémon
|rule|OHKO Clause: OHKO moves are banned
|rule|Evasion Items Clause: Evasion items are banned
|rule|Evasion Moves Clause: Evasion moves are banned
|rule|Evasion Abilities Clause: Evasion abilities are banned
|rule|Sleep Moves Clause: Sleep-inducing moves are banned
|clearpoke
|poke|p1|Porygon-Z|
|poke|p1|Dragapult, M|
|poke|p1|Jirachi|
|poke|p1|Great Tusk|
|poke|p1|Darkrai|
|poke|p1|Zapdos|
|poke|p2|Charizard, M|
|poke|p2|Pelipper, M|
|poke|p2|Luvdisc, M|
|poke|p2|Virizion|
|poke|p2|Empoleon, M|
|poke|p2|Cryogonal|
|teampreview
|inactive|Battle timer is ON: inactive players will automatically lose when time's up. (requested by Hanagi)
|
|t:|1758245069
|teamsize|p1|6
|teamsize|p2|6
|start
|switch|p1a: Play time|Porygon-Z|100/100
|switch|p2a: Napoleon|Empoleon, M|100/100
|turn|1
|
|t:|1758245091
|move|p1a: Play time|Discharge|p2a: Napoleon
|-supereffective|p2a: Napoleon
|-damage|p2a: Napoleon|16/100
|move|p2a: Napoleon|Stealth Rock|p1a: Play time
|-sidestart|p1: Hanagi|move: Stealth Rock
|
|-heal|p2a: Napoleon|22/100|[from] item: Leftovers
|upkeep
|turn|2
|
|t:|1758245098
|move|p1a: Play time|Discharge|p2a: Napoleon
|-supereffective|p2a: Napoleon
|-damage|p2a: Napoleon|0 fnt
|faint|p2a: Napoleon
|
|upkeep
|
|t:|1758245111
|switch|p2a: Wireless|Virizion|100/100
|turn|3
|
|t:|1758245119
|switch|p1a: Zzzzt|Zapdos, shiny|100/100
|move|p2a: Wireless|Swords Dance|p2a: Wireless
|-boost|p2a: Wireless|atk|2
|
|upkeep
|turn|4
|
|t:|1758245128
|move|p2a: Wireless|Stone Edge|p1a: Zzzzt
|-supereffective|p1a: Zzzzt
|-damage|p1a: Zzzzt|0 fnt
|faint|p1a: Zzzzt
|
|upkeep
|
|t:|1758245135
|switch|p1a: hehe|Jirachi|100/100
|-damage|p1a: hehe|94/100|[from] Stealth Rock
|turn|5
|
|t:|1758245139
|move|p1a: hehe|Thunder Wave|p2a: Wireless|[miss]
|-miss|p1a: hehe|p2a: Wireless
|move|p2a: Wireless|Close Combat|p1a: hehe
|-damage|p1a: hehe|4/100
|-unboost|p2a: Wireless|def|1
|-unboost|p2a: Wireless|spd|1
|
|upkeep
|turn|6
|
|t:|1758245150
|move|p1a: hehe|Thunder Wave|p2a: Wireless
|-status|p2a: Wireless|par
|-enditem|p2a: Wireless|Lum Berry|[eat]
|-curestatus|p2a: Wireless|par|[msg]
|move|p2a: Wireless|Leaf Blade|p1a: hehe
|-resisted|p1a: hehe
|-damage|p1a: hehe|0 fnt
|faint|p1a: hehe
|
|upkeep
|inactive|Hanagi has 120 seconds left.
|
|t:|1758245205
|switch|p1a: X-Cata-Pult|Dragapult, M|100/100
|-damage|p1a: X-Cata-Pult|88/100|[from] Stealth Rock
|turn|7
|
|t:|1758245213
|move|p1a: X-Cata-Pult|Thunder Wave|p2a: Wireless|[miss]
|-miss|p1a: X-Cata-Pult|p2a: Wireless
|move|p2a: Wireless|Stone Edge|p1a: X-Cata-Pult
|-damage|p1a: X-Cata-Pult|18/100
|
|-heal|p1a: X-Cata-Pult|24/100|[from] item: Leftovers
|upkeep
|turn|8
|c|☆Hanagi|bro
|c|☆Hanagi|luckiest guy ever
|
|t:|1758245226
|move|p1a: X-Cata-Pult|Thunder Wave|p2a: Wireless
|-status|p2a: Wireless|par
|move|p2a: Wireless|Stone Edge|p1a: X-Cata-Pult
|-crit|p1a: X-Cata-Pult
|-damage|p1a: X-Cata-Pult|0 fnt
|-start|p2a: Wireless|Disable|Stone Edge|[from] ability: Cursed Body|[of] p1a: X-Cata-Pult
|faint|p1a: X-Cata-Pult
|
|upkeep
|c|☆wispycrunchy48|ikr lol
|
|t:|1758245243
|switch|p1a: Pick one 2 die|Darkrai|100/100
|-damage|p1a: Pick one 2 die|88/100|[from] Stealth Rock
|turn|9
|
|t:|1758245252
|move|p1a: Pick one 2 die|Ice Beam|p2a: Wireless
|-supereffective|p2a: Wireless
|-damage|p2a: Wireless|5/100 par
|cant|p2a: Wireless|par
|
|upkeep
|turn|10
|
|t:|1758245264
|move|p1a: Pick one 2 die|Ice Beam|p2a: Wireless
|-supereffective|p2a: Wireless
|-damage|p2a: Wireless|0 fnt
|faint|p2a: Wireless
|
|upkeep
|
|t:|1758245290
|switch|p2a: BBL|Pelipper, M|100/100
|-weather|RainDance|[from] ability: Drizzle|[of] p2a: BBL
|turn|11
|
|t:|1758245316
|move|p1a: Pick one 2 die|Dark Pulse|p2a: BBL
|-damage|p2a: BBL|32/100
|move|p2a: BBL|Tailwind|p2a: BBL
|-sidestart|p2: wispycrunchy48|move: Tailwind
|
|-weather|RainDance|[upkeep]
|upkeep
|turn|12
|c|☆Hanagi|noooo
|inactive|Hanagi has 90 seconds left.
|
|t:|1758245336
|move|p1a: Pick one 2 die|Dark Pulse|p2a: BBL
|-damage|p2a: BBL|0 fnt
|faint|p2a: BBL
|
|-weather|RainDance|[upkeep]
|upkeep
|
|t:|1758245338
|switch|p2a: Sriracha|Charizard, M, shiny|100/100
|turn|13
|
|t:|1758245349
|-terastallize|p2a: Sriracha|Water
|move|p2a: Sriracha|Weather Ball|p1a: Pick one 2 die
|-damage|p1a: Pick one 2 die|0 fnt
|faint|p1a: Pick one 2 die
|-damage|p2a: Sriracha|91/100|[from] item: Life Orb
|
|-weather|RainDance|[upkeep]
|upkeep
|inactive|Hanagi has 90 seconds left.
|
|t:|1758245364
|switch|p1a: Play time|Porygon-Z|100/100
|-damage|p1a: Play time|88/100|[from] Stealth Rock
|turn|14
|
|t:|1758245371
|move|p2a: Sriracha|Focus Blast|p1a: Play time|[miss]
|-miss|p2a: Sriracha|p1a: Play time
|move|p1a: Play time|Discharge|p2a: Sriracha
|-supereffective|p2a: Sriracha
|-damage|p2a: Sriracha|0 fnt
|faint|p2a: Sriracha
|
|-weather|RainDance|[upkeep]
|-sideend|p2: wispycrunchy48|move: Tailwind
|upkeep
|
|t:|1758245377
|switch|p2a: GADNUK|Luvdisc, M|100/100
|turn|15
|
|t:|1758245389
|move|p2a: GADNUK|Hydro Pump|p1a: Play time
|-damage|p1a: Play time|0 fnt
|faint|p1a: Play time
|
|-weather|RainDance|[upkeep]
|upkeep
|
|t:|1758245400
|switch|p1a: The great|Great Tusk|100/100
|-damage|p1a: The great|98/100|[from] Stealth Rock
|turn|16
|
|t:|1758245415
|-terastallize|p1a: The great|Steel
|move|p2a: GADNUK|Hydro Pump|p1a: The great
|-damage|p1a: The great|0 fnt
|faint|p1a: The great
|-end|p1a: The great|Protosynthesis|[silent]
|
|win|wispycrunchy48
|raw|Hanagi's rating: 1106 &rarr; <strong>1080</strong><br />(-26 for losing)
|raw|wispycrunchy48's rating: 1099 &rarr; <strong>1125</strong><br />(+26 for winning)
|c|☆wispycrunchy48|gg
|c|☆Hanagi|gg
|l|☆Hanagi
|player|p1|
|l|☆wispycrunchy48
|player|p2|
