|j|☆ORCAGOD
|j|☆LinMark
|t:|1758356310
|gametype|singles
|player|p1|ORCAGOD|265|1160
|player|p2|LinMark|bugsy|1162
|gen|9
|tier|[Gen 9] OU
|rated|
|rule|HP Percentage Mod: HP is shown in percentages
|rule|Endless Battle Clause: Forcing endless battles is banned
|rule|Species Clause: Limit one of each Pokémon
|rule|OHKO Clause: OHKO moves are banned
|rule|Evasion Items Clause: Evasion items are banned
|rule|Evasion Moves Clause: Evasion moves are banned
|rule|Evasion Abilities Clause: Evasion abilities are banned
|rule|Sleep Moves Clause: Sleep-inducing moves are banned
|clearpoke
|poke|p1|Torterra, M|
|poke|p1|Electabuzz, F|
|poke|p1|Virizion|
|poke|p1|Staraptor, M|
|poke|p1|Regice|
|poke|p1|Muk, F|
|poke|p2|Chesnaught, F|
|poke|p2|Slowbro, F|
|poke|p2|Pelipper, M|
|poke|p2|Maushold|
|poke|p2|Clodsire, M|
|poke|p2|Goodra-Hisui, M|
|teampreview
|inactive|Battle timer is ON: inactive players will automatically lose when time's up. (requested by LinMark)
|
|t:|1758356315
|teamsize|p1|6
|teamsize|p2|6
|start
|switch|p1a: Staraptor|Staraptor, M|100/100
|switch|p2a: Clodsire|Clodsire, M|100/100
|turn|1
|
|t:|1758356323
|move|p1a: Staraptor|U-turn|p2a: Clodsire
|-resisted|p2a: Clodsire
|-damage|p2a: Clodsire|87/100
|
|t:|1758356340
|switch|p1a: Torterra|Torterra, M|100/100|[from] U-turn
|move|p2a: Clodsire|Toxic|p1a: Torterra
|-status|p1a: Torterra|tox
|
|-heal|p2a: Clodsire|93/100|[from] item: Black Sludge
|-damage|p1a: Torterra|94/100 tox|[from] psn
|upkeep
|turn|2
|
|t:|1758356348
|move|p1a: Torterra|Shell Smash|p1a: Torterra
|-unboost|p1a: Torterra|def|1
|-unboost|p1a: Torterra|spd|1
|-boost|p1a: Torterra|atk|2
|-boost|p1a: Torterra|spa|2
|-boost|p1a: Torterra|spe|2
|move|p2a: Clodsire|Stealth Rock|p1a: Torterra
|-sidestart|p1: ORCAGOD|move: Stealth Rock
|
|-heal|p2a: Clodsire|99/100|[from] item: Black Sludge
|-damage|p1a: Torterra|82/100 tox|[from] psn
|upkeep
|turn|3
|
|t:|1758356360
|move|p1a: Torterra|Headlong Rush|p2a: Clodsire
|-supereffective|p2a: Clodsire
|-damage|p2a: Clodsire|0 fnt
|-unboost|p1a: Torterra|def|1
|-unboost|p1a: Torterra|spd|1
|faint|p2a: Clodsire
|
|-damage|p1a: Torterra|64/100 tox|[from] psn
|upkeep
|
|t:|1758356377
|switch|p2a: Chesnaught|Chesnaught, F|100/100
|turn|4
|
|t:|1758356388
|switch|p1a: Muk|Muk, F|100/100
|-damage|p1a: Muk|88/100|[from] Stealth Rock
|move|p2a: Chesnaught|Spiky Shield||[still]
|-fail|p2a: Chesnaught
|
|upkeep
|turn|5
|
|t:|1758356412
|switch|p2a: Goodra|Goodra-Hisui, M|100/100
|move|p1a: Muk|Gunk Shot|p2a: Goodra
|-immune|p2a: Goodra
|
|upkeep
|turn|6
|
|t:|1758356425
|move|p2a: Goodra|Earthquake|p1a: Muk
|-supereffective|p1a: Muk
|-damage|p1a: Muk|44/100
|move|p1a: Muk|Curse|p1a: Muk
|-unboost|p1a: Muk|spe|1
|-boost|p1a: Muk|atk|1
|-boost|p1a: Muk|def|1
|
|upkeep
|turn|7
|
|t:|1758356431
|move|p2a: Goodra|Earthquake|p1a: Muk
|-supereffective|p1a: Muk
|-damage|p1a: Muk|13/100
|move|p1a: Muk|Drain Punch|p2a: Goodra
|-supereffective|p2a: Goodra
|-damage|p2a: Goodra|26/100
|-heal|p1a: Muk|45/100|[from] drain|[of] p2a: Goodra
|
|upkeep
|turn|8
|
|t:|1758356438
|move|p2a: Goodra|Draco Meteor|p1a: Muk
|-damage|p1a: Muk|0 fnt
|-unboost|p2a: Goodra|spa|2
|faint|p1a: Muk
|
|upkeep
|
|t:|1758356446
|switch|p1a: Staraptor|Staraptor, M|100/100
|-damage|p1a: Staraptor|76/100|[from] Stealth Rock
|turn|9
|
|t:|1758356456
|switch|p2a: Slowbro|Slowbro, F|100/100
|move|p1a: Staraptor|Brave Bird|p2a: Slowbro
|-damage|p2a: Slowbro|50/100
|-damage|p1a: Staraptor|59/100|[from] item: Rocky Helmet|[of] p2a: Slowbro
|-damage|p1a: Staraptor|38/100|[from] Recoil
|
|upkeep
|turn|10
|
|t:|1758356475
|switch|p1a: Regice|Regice|100/100
|-damage|p1a: Regice|76/100|[from] Stealth Rock
|switch|p2a: Pelipper|Pelipper, M|100/100
|-weather|RainDance|[from] ability: Drizzle|[of] p2a: Pelipper
|
|-weather|RainDance|[upkeep]
|upkeep
|turn|11
|
|t:|1758356491
|move|p2a: Pelipper|Hurricane|p1a: Regice
|-damage|p1a: Regice|59/100
|move|p1a: Regice|Thunderbolt|p2a: Pelipper
|-supereffective|p2a: Pelipper
|-damage|p2a: Pelipper|0 fnt
|faint|p2a: Pelipper
|
|-weather|RainDance|[upkeep]
|upkeep
|
|t:|1758356498
|switch|p2a: Goodra|Goodra-Hisui, M|26/100
|turn|12
|
|t:|1758356504
|move|p2a: Goodra|Flash Cannon|p1a: Regice
|-supereffective|p1a: Regice
|-damage|p1a: Regice|34/100
|move|p1a: Regice|Ice Beam|p2a: Goodra
|-damage|p2a: Goodra|6/100
|
|-weather|RainDance|[upkeep]
|upkeep
|turn|13
|
|t:|1758356509
|move|p2a: Goodra|Flash Cannon|p1a: Regice
|-supereffective|p1a: Regice
|-damage|p1a: Regice|8/100
|move|p1a: Regice|Ice Beam|p2a: Goodra
|-damage|p2a: Goodra|0 fnt
|faint|p2a: Goodra
|
|-weather|RainDance|[upkeep]
|upkeep
|
|t:|1758356516
|switch|p2a: Maushold|Maushold|100/100
|turn|14
|
|t:|1758356521
|move|p2a: Maushold|Population Bomb|p1a: Regice
|-damage|p1a: Regice|0 fnt
|faint|p1a: Regice
|-hitcount|p1: Regice|1
|
|-weather|none
|upkeep
|
|t:|1758356524
|switch|p1a: Electabuzz|Electabuzz, F|100/100
|-damage|p1a: Electabuzz|88/100|[from] Stealth Rock
|turn|15
|
|t:|1758356531
|move|p2a: Maushold|Population Bomb|p1a: Electabuzz
|-damage|p1a: Electabuzz|74/100
|-damage|p1a: Electabuzz|60/100
|-damage|p1a: Electabuzz|46/100
|-damage|p1a: Electabuzz|33/100
|-damage|p1a: Electabuzz|17/100
|-crit|p1a: Electabuzz
|-damage|p1a: Electabuzz|0 fnt
|faint|p1a: Electabuzz
|-hitcount|p1: Electabuzz|6
|
|upkeep
|
|t:|1758356545
|switch|p1a: Staraptor|Staraptor, M|38/100
|-damage|p1a: Staraptor|14/100|[from] Stealth Rock
|turn|16
|
|t:|1758356556
|switch|p2a: Slowbro|Slowbro, F|83/100
|move|p1a: Staraptor|Brave Bird|p2a: Slowbro
|-damage|p2a: Slowbro|40/100
|-damage|p1a: Staraptor|0 fnt|[from] item: Rocky Helmet|[of] p2a: Slowbro
|faint|p1a: Staraptor
|
|upkeep
|
|t:|1758356562
|switch|p1a: Torterra|Torterra, M|64/100 tox
|-damage|p1a: Torterra|58/100 tox|[from] Stealth Rock
|turn|17
|
|t:|1758356575
|switch|p2a: Chesnaught|Chesnaught, F|100/100
|move|p1a: Torterra|Bullet Seed|p2a: Chesnaught
|-immune|p2a: Chesnaught|[from] ability: Bulletproof
|
|-damage|p1a: Torterra|52/100 tox|[from] psn
|upkeep
|turn|18
|
|t:|1758356583
|move|p1a: Torterra|Headlong Rush|p2a: Chesnaught
|-resisted|p2a: Chesnaught
|-damage|p2a: Chesnaught|80/100
|-unboost|p1a: Torterra|def|1
|-unboost|p1a: Torterra|spd|1
|-damage|p1a: Torterra|36/100 tox|[from] item: Rocky Helmet|[of] p2a: Chesnaught
|move|p2a: Chesnaught|Drain Punch|p1a: Torterra
|-damage|p1a: Torterra|0 fnt
|-heal|p2a: Chesnaught|96/100|[from] drain|[of] p1a: Torterra
|faint|p1a: Torterra
|
|upkeep
|
|t:|1758356586
|switch|p1a: Virizion|Virizion, shiny|100/100
|-damage|p1a: Virizion|94/100|[from] Stealth Rock
|turn|19
|
|t:|1758356596
|move|p1a: Virizion|Calm Mind|p1a: Virizion
|-boost|p1a: Virizion|spa|1
|-boost|p1a: Virizion|spd|1
|move|p2a: Chesnaught|Drain Punch|p1a: Virizion
|-damage|p1a: Virizion|63/100
|-heal|p2a: Chesnaught|100/100|[from] drain|[of] p1a: Virizion
|
|-heal|p1a: Virizion|69/100|[from] item: Leftovers
|upkeep
|turn|20
|
|t:|1758356602
|move|p1a: Virizion|Calm Mind|p1a: Virizion
|-boost|p1a: Virizion|spa|1
|-boost|p1a: Virizion|spd|1
|move|p2a: Chesnaught|Drain Punch|p1a: Virizion
|-damage|p1a: Virizion|39/100
|
|-heal|p1a: Virizion|45/100|[from] item: Leftovers
|upkeep
|turn|21
|
|t:|1758356609
|move|p1a: Virizion|Giga Drain|p2a: Chesnaught
|-resisted|p2a: Chesnaught
|-damage|p2a: Chesnaught|73/100
|-heal|p1a: Virizion|59/100|[from] drain|[of] p2a: Chesnaught
|move|p2a: Chesnaught|Drain Punch|p1a: Virizion
|-damage|p1a: Virizion|26/100
|-heal|p2a: Chesnaught|90/100|[from] drain|[of] p1a: Virizion
|
|-heal|p1a: Virizion|32/100|[from] item: Leftovers
|upkeep
|turn|22
|
|t:|1758356616
|move|p1a: Virizion|Giga Drain|p2a: Chesnaught
|-resisted|p2a: Chesnaught
|-damage|p2a: Chesnaught|60/100
|-heal|p1a: Virizion|46/100|[from] drain|[of] p2a: Chesnaught
|move|p2a: Chesnaught|Drain Punch|p1a: Virizion
|-damage|p1a: Virizion|14/100
|-heal|p2a: Chesnaught|77/100|[from] drain|[of] p1a: Virizion
|
|-heal|p1a: Virizion|20/100|[from] item: Leftovers
|upkeep
|turn|23
|
|t:|1758356634
|-terastallize|p1a: Virizion|Ground
|-terastallize|p2a: Chesnaught|Fire
|move|p1a: Virizion|Tera Blast|p2a: Chesnaught|[anim] Tera Blast Ground
|-supereffective|p2a: Chesnaught
|-damage|p2a: Chesnaught|0 fnt
|faint|p2a: Chesnaught
|
|-heal|p1a: Virizion|26/100|[from] item: Leftovers
|upkeep
|
|t:|1758356643
|switch|p2a: Maushold|Maushold|100/100
|turn|24
|
|t:|1758356654
|move|p2a: Maushold|Population Bomb|p1a: Virizion
|-crit|p1a: Virizion
|-damage|p1a: Virizion|7/100
|-damage|p1a: Virizion|0 fnt
|faint|p1a: Virizion
|-hitcount|p1: Virizion|2
|
|win|LinMark
|raw|ORCAGOD's rating: 1160 &rarr; <strong>1135</strong><br />(-25 for losing)
|raw|LinMark's rating: 1162 &rarr; <strong>1187</strong><br />(+25 for winning)
|l|☆LinMark
|player|p2|
|l|☆ORCAGOD
|player|p1|
