|j|☆4arms67
|j|☆mattcoolcat98
|t:|1758246158
|gametype|singles
|player|p1|4arms67|101|1516
|player|p2|mattcoolcat98|2|1573
|gen|9
|tier|[Gen 9] OU
|rated|
|rule|HP Percentage Mod: HP is shown in percentages
|rule|Endless Battle Clause: Forcing endless battles is banned
|rule|Species Clause: Limit one of each Pokémon
|rule|OHKO Clause: OHKO moves are banned
|rule|Evasion Items Clause: Evasion items are banned
|rule|Evasion Moves Clause: Evasion moves are banned
|rule|Evasion Abilities Clause: Evasion abilities are banned
|rule|Sleep Moves Clause: Sleep-inducing moves are banned
|clearpoke
|poke|p1|Alomomola, F|
|poke|p1|Dragalge, F|
|poke|p1|Lokix, F|
|poke|p1|Great Tusk|
|poke|p1|Gholdengo|
|poke|p1|Moltres|
|poke|p2|Pelipper, F|
|poke|p2|Hatterene, F|
|poke|p2|Iron Treads|
|poke|p2|Toxicroak, F|
|poke|p2|Barraskewda, F|
|poke|p2|Zapdos|
|teampreview
|l|☆4arms67
|player|p1|
|
|t:|1758246259
|teamsize|p1|6
|teamsize|p2|6
|start
|switch|p1a: Dragalge|Dragalge, F|100/100
|switch|p2a: Pelipper|Pelipper, F|100/100
|-weather|RainDance|[from] ability: Drizzle|[of] p2a: Pelipper
|turn|1
|j|☆4arms67
|player|p1|4arms67|101|
|
|t:|1758246275
|move|p1a: Dragalge|Draco Meteor|p2a: Pelipper
|-damage|p2a: Pelipper|0 fnt
|-unboost|p1a: Dragalge|spa|2
|faint|p2a: Pelipper
|
|-weather|RainDance|[upkeep]
|upkeep
|
|t:|1758246282
|switch|p2a: Barraskewda|Barraskewda, F|100/100
|turn|2
|
|t:|1758246286
|switch|p1a: Alomomola|Alomomola, F|100/100
|move|p2a: Barraskewda|Flip Turn|p1a: Alomomola
|-resisted|p1a: Alomomola
|-damage|p1a: Alomomola|75/100
|
|t:|1758246288
|switch|p2a: Zapdos|Zapdos|100/100|[from] Flip Turn
|
|-weather|RainDance|[upkeep]
|upkeep
|turn|3
|
|t:|1758246292
|-terastallize|p2a: Zapdos|Flying
|move|p2a: Zapdos|Hurricane|p1a: Alomomola
|-damage|p1a: Alomomola|11/100
|move|p1a: Alomomola|Flip Turn|p2a: Zapdos
|-damage|p2a: Zapdos|69/100
|-status|p1a: Alomomola|par|[from] ability: Static|[of] p2a: Zapdos
|
|t:|1758246300
|switch|p1a: Dragalge|Dragalge, F|100/100|[from] Flip Turn
|
|-weather|RainDance|[upkeep]
|upkeep
|turn|4
|
|t:|1758246306
|move|p2a: Zapdos|Hurricane|p1a: Dragalge
|-damage|p1a: Dragalge|0 fnt
|faint|p1a: Dragalge
|
|-weather|RainDance|[upkeep]
|upkeep
|
|t:|1758246323
|switch|p1a: Lokix|Lokix, F|100/100
|turn|5
|inactive|Battle timer is ON: inactive players will automatically lose when time's up. (requested by 4arms67)
|l|☆4arms67
|inactive|4arms67 disconnected and has a minute to reconnect!
|player|p1|
|j|☆4arms67
|inactive|4arms67 reconnected.
|player|p1|4arms67|101|
|
|t:|1758246400
|switch|p2a: Toxicroak|Toxicroak, F|100/100
|move|p1a: Lokix|Knock Off|p2a: Toxicroak
|-resisted|p2a: Toxicroak
|-damage|p2a: Toxicroak|40/100
|-damage|p1a: Lokix|84/100|[from] item: Rocky Helmet|[of] p2a: Toxicroak
|-enditem|p2a: Toxicroak|Rocky Helmet|[from] move: Knock Off|[of] p1a: Lokix
|
|-weather|RainDance|[upkeep]
|-heal|p2a: Toxicroak|53/100|[from] ability: Dry Skin
|upkeep
|turn|6
|
|t:|1758246406
|switch|p1a: Moltres|Moltres|100/100
|move|p2a: Toxicroak|Toxic|p1a: Moltres
|-status|p1a: Moltres|tox
|
|-weather|RainDance|[upkeep]
|-heal|p2a: Toxicroak|65/100|[from] ability: Dry Skin
|-damage|p1a: Moltres|94/100 tox|[from] psn
|upkeep
|turn|7
|
|t:|1758246418
|switch|p2a: Hatterene|Hatterene, F|100/100
|move|p1a: Moltres|U-turn|p2a: Hatterene
|-damage|p2a: Hatterene|88/100
|-enditem|p2a: Hatterene|Eject Button
|
|t:|1758246422
|switch|p2a: Barraskewda|Barraskewda, F|100/100
|
|-weather|RainDance|[upkeep]
|-damage|p1a: Moltres|82/100 tox|[from] psn
|upkeep
|turn|8
|
|t:|1758246430
|switch|p1a: Alomomola|Alomomola, F|44/100 par
|move|p2a: Barraskewda|Liquidation|p1a: Alomomola
|-resisted|p1a: Alomomola
|-damage|p1a: Alomomola|7/100 par
|
|-weather|none
|upkeep
|turn|9
|
|t:|1758246436
|move|p2a: Barraskewda|Liquidation|p1a: Alomomola
|-resisted|p1a: Alomomola
|-damage|p1a: Alomomola|0 fnt
|faint|p1a: Alomomola
|
|upkeep
|
|t:|1758246442
|switch|p1a: Gholdengo|Gholdengo|100/100
|turn|10
|
|t:|1758246445
|move|p1a: Gholdengo|Shadow Ball|p2a: Barraskewda
|-crit|p2a: Barraskewda
|-damage|p2a: Barraskewda|0 fnt
|faint|p2a: Barraskewda
|
|upkeep
|
|t:|1758246468
|switch|p2a: Iron Treads|Iron Treads|100/100
|turn|11
|
|t:|1758246481
|switch|p1a: Great Tusk|Great Tusk|100/100
|move|p2a: Iron Treads|Volt Switch|p1a: Great Tusk
|-immune|p1a: Great Tusk
|
|upkeep
|turn|12
|
|t:|1758246489
|-end|p2a: Iron Treads|Quark Drive|[silent]
|switch|p2a: Hatterene|Hatterene, F|88/100
|move|p1a: Great Tusk|Headlong Rush|p2a: Hatterene
|-damage|p2a: Hatterene|33/100
|-unboost|p1a: Great Tusk|def|1
|-unboost|p1a: Great Tusk|spd|1
|
|upkeep
|turn|13
|
|t:|1758246499
|move|p1a: Great Tusk|Headlong Rush|p2a: Hatterene
|-damage|p2a: Hatterene|0 fnt
|-unboost|p1a: Great Tusk|def|1
|-unboost|p1a: Great Tusk|spd|1
|faint|p2a: Hatterene
|
|upkeep
|
|t:|1758246504
|switch|p2a: Zapdos|Zapdos, tera:Flying|69/100
|turn|14
|
|t:|1758246508
|-end|p1a: Great Tusk|Protosynthesis|[silent]
|switch|p1a: Moltres|Moltres|82/100 tox
|move|p2a: Zapdos|Hurricane|p1a: Moltres
|-damage|p1a: Moltres|0 fnt
|faint|p1a: Moltres
|
|upkeep
|
|t:|1758246516
|switch|p1a: Gholdengo|Gholdengo|100/100
|turn|15
|
|t:|1758246533
|switch|p2a: Iron Treads|Iron Treads|100/100
|move|p1a: Gholdengo|Shadow Ball|p2a: Iron Treads
|-damage|p2a: Iron Treads|69/100
|
|-heal|p2a: Iron Treads|75/100|[from] item: Leftovers
|upkeep
|turn|16
|
|t:|1758246541
|switch|p1a: Great Tusk|Great Tusk|100/100
|-end|p2a: Iron Treads|Quark Drive|[silent]
|switch|p2a: Zapdos|Zapdos, tera:Flying|69/100
|
|upkeep
|turn|17
|
|t:|1758246555
|-end|p1a: Great Tusk|Protosynthesis|[silent]
|switch|p1a: Gholdengo|Gholdengo|100/100
|move|p2a: Zapdos|Hurricane|p1a: Gholdengo
|-resisted|p1a: Gholdengo
|-damage|p1a: Gholdengo|31/100
|-start|p1a: Gholdengo|confusion
|
|upkeep
|turn|18
|
|t:|1758246562
|-activate|p1a: Gholdengo|confusion
|-damage|p1a: Gholdengo|26/100|[from] confusion
|move|p2a: Zapdos|Hurricane|p1a: Gholdengo
|-resisted|p1a: Gholdengo
|-damage|p1a: Gholdengo|0 fnt
|faint|p1a: Gholdengo
|
|upkeep
|
|t:|1758246578
|switch|p1a: Great Tusk|Great Tusk|100/100
|turn|19
|
|t:|1758246583
|-terastallize|p1a: Great Tusk|Dragon
|move|p2a: Zapdos|Hurricane|p1a: Great Tusk
|-damage|p1a: Great Tusk|0 fnt
|faint|p1a: Great Tusk
|-end|p1a: Great Tusk|Protosynthesis|[silent]
|
|upkeep
|
|t:|1758246587
|switch|p1a: Lokix|Lokix, F|84/100
|turn|20
|
|t:|1758246591
|switch|p2a: Toxicroak|Toxicroak, F|65/100
|move|p1a: Lokix|First Impression|p2a: Toxicroak
|-resisted|p2a: Toxicroak
|-damage|p2a: Toxicroak|38/100
|
|upkeep
|turn|21
|-message|4arms67 forfeited.
|
|win|mattcoolcat98
|raw|4arms67's rating: 1516 &rarr; <strong>1499</strong><br />(-17 for losing)
|raw|mattcoolcat98's rating: 1573 &rarr; <strong>1590</strong><br />(+17 for winning)
|l|☆4arms67
|player|p1|
|l|☆mattcoolcat98
|player|p2|
