|j|☆Celestial_dubkun
|j|☆Should Ban Darkrai
|t:|1758255655
|gametype|singles
|player|p1|Celestial_dubkun|hiker-gen4|1565
|player|p2|Should Ban Darkrai|supernerd|1567
|gen|9
|tier|[Gen 9] OU
|rated|
|rule|HP Percentage Mod: HP is shown in percentages
|rule|Endless Battle Clause: Forcing endless battles is banned
|rule|Species Clause: Limit one of each Pokémon
|rule|OHKO Clause: OHKO moves are banned
|rule|Evasion Items Clause: Evasion items are banned
|rule|Evasion Moves Clause: Evasion moves are banned
|rule|Evasion Abilities Clause: Evasion abilities are banned
|rule|Sleep Moves Clause: Sleep-inducing moves are banned
|clearpoke
|poke|p1|Toxapex, F|
|poke|p1|Goodra-Hisui, M|
|poke|p1|Corviknight, M|
|poke|p1|Great Tusk|
|poke|p1|Enamorus, F|
|poke|p1|Darkrai|
|poke|p2|Ogerpon-Cornerstone, F|
|poke|p2|Deoxys-Speed|
|poke|p2|Great Tusk|
|poke|p2|Darkrai|
|poke|p2|Landorus-Therian, M|
|poke|p2|Gholdengo|
|teampreview
|inactive|Battle timer is ON: inactive players will automatically lose when time's up. (requested by Should Ban Darkrai)
|
|t:|1758255681
|teamsize|p1|6
|teamsize|p2|6
|start
|switch|p1a: Corviknight|Corviknight, M|100/100
|switch|p2a: Ogerpon|Ogerpon-Cornerstone, F|100/100
|-ability|p1a: Corviknight|Pressure
|turn|1
|
|t:|1758255692
|move|p2a: Ogerpon|Swords Dance|p2a: Ogerpon
|-boost|p2a: Ogerpon|atk|2
|move|p1a: Corviknight|U-turn|p2a: Ogerpon
|-supereffective|p2a: Ogerpon
|-damage|p2a: Ogerpon|61/100
|
|t:|1758255699
|switch|p1a: Darkrai|Darkrai|100/100|[from] U-turn
|
|upkeep
|turn|2
|
|t:|1758255703
|switch|p2a: Landorus|Landorus-Therian, M|100/100
|-ability|p2a: Landorus|Intimidate|boost
|-unboost|p1a: Darkrai|atk|1
|move|p1a: Darkrai|Ice Beam|p2a: Landorus
|-supereffective|p2a: Landorus
|-damage|p2a: Landorus|34/100
|
|upkeep
|turn|3
|c|☆Should Ban Darkrai|gg
|
|t:|1758255716
|switch|p2a: Deoxys|Deoxys-Speed|100/100
|-ability|p2a: Deoxys|Pressure
|move|p1a: Darkrai|Ice Beam|p2a: Deoxys
|-damage|p2a: Deoxys|62/100
|
|upkeep
|turn|4
|
|t:|1758255723
|switch|p1a: Goodra|Goodra-Hisui, M|100/100
|move|p2a: Deoxys|Thunder Wave|p1a: Goodra|[miss]
|-miss|p2a: Deoxys|p1a: Goodra
|
|upkeep
|turn|5
|
|t:|1758255730
|move|p2a: Deoxys|Thunder Wave|p1a: Goodra
|-status|p1a: Goodra|par
|move|p1a: Goodra|Knock Off|p2a: Deoxys
|-supereffective|p2a: Deoxys
|-damage|p2a: Deoxys|0 fnt
|-enditem|p2a: Deoxys|Focus Sash|[from] move: Knock Off|[of] p1a: Goodra
|faint|p2a: Deoxys
|
|upkeep
|
|t:|1758255741
|switch|p2a: Great Tusk|Great Tusk|100/100
|turn|6
|
|t:|1758255746
|switch|p1a: Corviknight|Corviknight, M|100/100
|-ability|p1a: Corviknight|Pressure
|move|p2a: Great Tusk|Knock Off|p1a: Corviknight
|-crit|p1a: Corviknight
|-damage|p1a: Corviknight|66/100
|-damage|p2a: Great Tusk|84/100|[from] item: Rocky Helmet|[of] p1a: Corviknight
|-enditem|p1a: Corviknight|Rocky Helmet|[from] move: Knock Off|[of] p2a: Great Tusk
|
|upkeep
|turn|7
|
|t:|1758255759
|move|p2a: Great Tusk|Rapid Spin|p1a: Corviknight
|-resisted|p1a: Corviknight
|-damage|p1a: Corviknight|61/100
|-boost|p2a: Great Tusk|spe|1
|move|p1a: Corviknight|Brave Bird|p2a: Great Tusk
|-supereffective|p2a: Great Tusk
|-damage|p2a: Great Tusk|25/100
|-damage|p1a: Corviknight|43/100|[from] Recoil
|
|upkeep
|turn|8
|
|t:|1758255762
|move|p2a: Great Tusk|Ice Spinner|p1a: Corviknight
|-damage|p1a: Corviknight|24/100
|move|p1a: Corviknight|Roost|p1a: Corviknight
|-heal|p1a: Corviknight|74/100
|-singleturn|p1a: Corviknight|move: Roost
|
|upkeep
|turn|9
|c|☆Should Ban Darkrai|yeah holy shit
|c|☆Should Ban Darkrai|worst set of all time
|c|☆Should Ban Darkrai|gg
|-message|Should Ban Darkrai forfeited.
|
|win|Celestial_dubkun
|raw|Celestial_dubkun's rating: 1565 &rarr; <strong>1585</strong><br />(+20 for winning)
|raw|Should Ban Darkrai's rating: 1567 &rarr; <strong>1547</strong><br />(-20 for losing)
|l|☆Should Ban Darkrai
|player|p2|
|l|☆Celestial_dubkun
|player|p1|
