|j|☆Magicant13
|j|☆z12598765
|t:|1758258379
|gametype|singles
|player|p1|Magicant13|plasmagruntf|1257
|player|p2|z12598765|169|1278
|gen|9
|tier|[Gen 9] OU
|rated|
|rule|HP Percentage Mod: HP is shown in percentages
|rule|Endless Battle Clause: Forcing endless battles is banned
|rule|Species Clause: Limit one of each Pokémon
|rule|OHKO Clause: OHKO moves are banned
|rule|Evasion Items Clause: Evasion items are banned
|rule|Evasion Moves Clause: Evasion moves are banned
|rule|Evasion Abilities Clause: Evasion abilities are banned
|rule|Sleep Moves Clause: Sleep-inducing moves are banned
|clearpoke
|poke|p1|Trevenant, M|
|poke|p1|Araquanid, M|
|poke|p1|Porygon-Z|
|poke|p1|Slowking-Galar, M|
|poke|p1|Moltres|
|poke|p1|Garganacl, M|
|poke|p2|Ninetales-Alola, M|
|poke|p2|Goodra-Hisui, F|
|poke|p2|Great Tusk|
|poke|p2|Skarmory, M|
|poke|p2|Landorus-Therian, M|
|poke|p2|Rotom-Wash|
|teampreview
|
|t:|1758258398
|teamsize|p1|6
|teamsize|p2|6
|start
|switch|p1a: Slowking|Slowking-Galar, M|100/100
|switch|p2a: Landorus|Landorus-Therian, M, shiny|100/100
|-ability|p2a: Landorus|Intimidate|boost
|-unboost|p1a: Slowking|atk|1
|turn|1
|
|t:|1758258403
|switch|p1a: Moltres|Moltres, shiny|100/100
|move|p2a: Landorus|Earthquake|p1a: Moltres
|-immune|p1a: Moltres
|
|upkeep
|turn|2
|
|t:|1758258413
|switch|p2a: Rotom|Rotom-Wash, shiny|100/100
|move|p1a: Moltres|Will-O-Wisp|p2a: Rotom
|-status|p2a: Rotom|brn
|
|-damage|p2a: Rotom|94/100 brn|[from] brn
|upkeep
|turn|3
|
|t:|1758258422
|switch|p1a: Porygon-Z|Porygon-Z, shiny|100/100
|move|p2a: Rotom|Hydro Pump|p1a: Porygon-Z
|-damage|p1a: Porygon-Z|22/100
|
|-heal|p2a: Rotom|100/100 brn|[from] item: Leftovers
|-damage|p2a: Rotom|94/100 brn|[from] brn
|upkeep
|turn|4
|
|t:|1758258427
|switch|p1a: Slowking|Slowking-Galar, M|100/100
|move|p2a: Rotom|Volt Switch|p1a: Slowking
|-damage|p1a: Slowking|81/100
|
|t:|1758258435
|switch|p2a: Landorus|Landorus-Therian, M, shiny|100/100|[from] Volt Switch
|-ability|p2a: Landorus|Intimidate|boost
|-unboost|p1a: Slowking|atk|1
|
|upkeep
|turn|5
|
|t:|1758258439
|move|p2a: Landorus|Earthquake|p1a: Slowking
|-supereffective|p1a: Slowking
|-damage|p1a: Slowking|0 fnt
|faint|p1a: Slowking
|
|upkeep
|
|t:|1758258441
|switch|p1a: Porygon-Z|Porygon-Z, shiny|22/100
|turn|6
|
|t:|1758258444
|move|p2a: Landorus|Earthquake|p1a: Porygon-Z
|-damage|p1a: Porygon-Z|0 fnt
|faint|p1a: Porygon-Z
|
|upkeep
|
|t:|1758258447
|switch|p1a: The Taking Tree|Trevenant, M, shiny|100/100
|turn|7
|
|t:|1758258454
|switch|p2a: Skarmory|Skarmory, M, shiny|100/100
|move|p1a: The Taking Tree|Leech Seed|p2a: Skarmory
|-start|p2a: Skarmory|move: Leech Seed
|
|-damage|p2a: Skarmory|88/100|[from] Leech Seed|[of] p1a: The Taking Tree
|upkeep
|turn|8
|-message|Magicant13 forfeited.
|
|win|z12598765
|raw|Magicant13's rating: 1257 &rarr; <strong>1234</strong><br />(-23 for losing)
|raw|z12598765's rating: 1278 &rarr; <strong>1301</strong><br />(+23 for winning)
|l|☆Magicant13
|player|p1|
|l|☆z12598765
|player|p2|
|j|☆z12598765
|player|p2|z12598765|169|
|l|☆z12598765
|player|p2|
