|j|☆sam bjiku kaiju
|j|☆willhigh
|inactive|Battle timer is ON: inactive players will automatically lose when time's up.
|t:|1758310608
|gametype|singles
|player|p1|sam bjiku kaiju|101|
|player|p2|willhigh|169|
|gen|9
|tier|[Gen 9] OU
|rated|Tournament battle
|rule|HP Percentage Mod: HP is shown in percentages
|rule|Endless Battle Clause: Forcing endless battles is banned
|rule|Species Clause: Limit one of each Pokémon
|rule|OHKO Clause: OHKO moves are banned
|rule|Evasion Items Clause: Evasion items are banned
|rule|Evasion Moves Clause: Evasion moves are banned
|rule|Evasion Abilities Clause: Evasion abilities are banned
|rule|Sleep Moves Clause: Sleep-inducing moves are banned
|clearpoke
|poke|p1|Latios, M|
|poke|p1|Weezing-Galar, M|
|poke|p1|Alomomola, M|
|poke|p1|Dragonite, M|
|poke|p1|Gholdengo|
|poke|p1|Great Tusk|
|poke|p2|Araquanid, F|
|poke|p2|Iron Treads|
|poke|p2|Cinderace, M|
|poke|p2|Kingambit, F|
|poke|p2|Pecharunt|
|poke|p2|Dragonite, M|
|teampreview
|j|*Lady Monita ☀
|
|t:|1758310618
|teamsize|p1|6
|teamsize|p2|6
|start
|switch|p1a: Weezing|Weezing-Galar, M|100/100
|switch|p2a: Araquanid|Araquanid, F, shiny|100/100
|-ability|p1a: Weezing|Neutralizing Gas
|turn|1
|
|t:|1758310622
|move|p1a: Weezing|Will-O-Wisp|p2a: Araquanid
|-status|p2a: Araquanid|brn
|move|p2a: Araquanid|Sticky Web|p1a: Weezing
|-sidestart|p1: sam bjiku kaiju|move: Sticky Web
|
|-damage|p2a: Araquanid|94/100 brn|[from] brn
|upkeep
|turn|2
|
|t:|1758310625
|move|p1a: Weezing|Defog|p2a: Araquanid
|-unboost|p2a: Araquanid|evasion|1
|-sideend|p1: sam bjiku kaiju|Sticky Web|[from] move: Defog|[of] p1a: Weezing
|move|p2a: Araquanid|Liquidation|p1a: Weezing
|-damage|p1a: Weezing|93/100
|
|-damage|p2a: Araquanid|88/100 brn|[from] brn
|upkeep
|turn|3
|
|t:|1758310629
|move|p1a: Weezing|Sludge Bomb|p2a: Araquanid
|-crit|p2a: Araquanid
|-damage|p2a: Araquanid|56/100 brn
|move|p2a: Araquanid|Lunge|p1a: Weezing
|-resisted|p1a: Weezing
|-damage|p1a: Weezing|92/100
|-unboost|p1a: Weezing|atk|1
|
|-damage|p2a: Araquanid|50/100 brn|[from] brn
|upkeep
|turn|4
|
|t:|1758310632
|move|p1a: Weezing|Sludge Bomb|p2a: Araquanid
|-damage|p2a: Araquanid|28/100 brn
|move|p2a: Araquanid|Sticky Web|p1a: Weezing
|-sidestart|p1: sam bjiku kaiju|move: Sticky Web
|
|-damage|p2a: Araquanid|22/100 brn|[from] brn
|upkeep
|turn|5
|
|t:|1758310635
|move|p1a: Weezing|Defog|p2a: Araquanid
|-unboost|p2a: Araquanid|evasion|1
|-sideend|p1: sam bjiku kaiju|Sticky Web|[from] move: Defog|[of] p1a: Weezing
|move|p2a: Araquanid|Endeavor|p1a: Weezing
|-damage|p1a: Weezing|22/100
|
|-damage|p2a: Araquanid|15/100 brn|[from] brn
|upkeep
|turn|6
|
|t:|1758310639
|move|p1a: Weezing|Sludge Bomb|p2a: Araquanid
|-damage|p2a: Araquanid|0 fnt
|faint|p2a: Araquanid
|
|upkeep
|
|t:|1758310647
|switch|p2a: Pecharunt|Pecharunt|100/100
|-item|p2a: Pecharunt|Air Balloon
|turn|7
|
|t:|1758310653
|-end|p1a: Weezing|ability: Neutralizing Gas
|switch|p1a: Gholdengo|Gholdengo|100/100
|move|p2a: Pecharunt|Malignant Chain|p1a: Gholdengo
|-immune|p1a: Gholdengo
|
|upkeep
|turn|8
|
|t:|1758310663
|move|p1a: Gholdengo|Shadow Ball|p2a: Pecharunt
|-supereffective|p2a: Pecharunt
|-damage|p2a: Pecharunt|6/100
|-unboost|p2a: Pecharunt|spd|1
|-enditem|p2a: Pecharunt|Air Balloon
|move|p2a: Pecharunt|Shadow Ball|p1a: Gholdengo
|-supereffective|p1a: Gholdengo
|-damage|p1a: Gholdengo|31/100
|
|upkeep
|turn|9
|
|t:|1758310672
|move|p1a: Gholdengo|Shadow Ball|p2a: Pecharunt
|-supereffective|p2a: Pecharunt
|-damage|p2a: Pecharunt|0 fnt
|faint|p2a: Pecharunt
|
|upkeep
|
|t:|1758310680
|switch|p2a: Cinderace|Cinderace, M|100/100
|turn|10
|
|t:|1758310684
|switch|p1a: Weezing|Weezing-Galar, M|22/100
|-ability|p1a: Weezing|Neutralizing Gas
|move|p2a: Cinderace|Pyro Ball|p1a: Weezing
|-damage|p1a: Weezing|0 fnt
|faint|p1a: Weezing
|-end|p1a: Weezing|ability: Neutralizing Gas
|
|upkeep
|
|t:|1758310689
|switch|p1a: Alomomola|Alomomola, M|100/100
|turn|11
|
|t:|1758310698
|switch|p2a: Kingambit|Kingambit, F|100/100
|-activate|p2a: Kingambit|ability: Supreme Overlord
|-start|p2a: Kingambit|fallen2|[silent]
|move|p1a: Alomomola|Flip Turn|p2a: Kingambit
|-damage|p2a: Kingambit|88/100
|
|t:|1758310706
|switch|p1a: Gholdengo|Gholdengo|31/100|[from] Flip Turn
|
|upkeep
|turn|12
|
|t:|1758310714
|move|p1a: Gholdengo|Trick|p2a: Kingambit
|-activate|p1a: Gholdengo|move: Trick|[of] p2a: Kingambit
|-item|p2a: Kingambit|Choice Scarf|[from] move: Trick
|-item|p1a: Gholdengo|Black Glasses|[from] move: Trick
|move|p2a: Kingambit|Kowtow Cleave|p1a: Gholdengo
|-supereffective|p1a: Gholdengo
|-damage|p1a: Gholdengo|0 fnt
|faint|p1a: Gholdengo
|
|upkeep
|
|t:|1758310719
|switch|p1a: Great Tusk|Great Tusk|100/100
|turn|13
|
|t:|1758310725
|-end|p2a: Kingambit|fallen2|[silent]
|switch|p2a: Dragonite|Dragonite, M|100/100
|move|p1a: Great Tusk|Stealth Rock|p2a: Dragonite
|-sidestart|p2: willhigh|move: Stealth Rock
|
|upkeep
|turn|14
|
|t:|1758310730
|move|p1a: Great Tusk|Ice Spinner|p2a: Dragonite
|-supereffective|p2a: Dragonite
|-damage|p2a: Dragonite|37/100
|move|p2a: Dragonite|Dragon Dance|p2a: Dragonite
|-boost|p2a: Dragonite|atk|1
|-boost|p2a: Dragonite|spe|1
|
|upkeep
|turn|15
|j| Albrtix
|
|t:|1758310735
|move|p2a: Dragonite|Ice Spinner|p1a: Great Tusk
|-supereffective|p1a: Great Tusk
|-damage|p1a: Great Tusk|31/100
|move|p1a: Great Tusk|Ice Spinner|p2a: Dragonite
|-supereffective|p2a: Dragonite
|-damage|p2a: Dragonite|0 fnt
|faint|p2a: Dragonite
|
|upkeep
|
|t:|1758310742
|switch|p2a: Iron Treads|Iron Treads|100/100
|-damage|p2a: Iron Treads|97/100|[from] Stealth Rock
|-enditem|p2a: Iron Treads|Booster Energy
|-activate|p2a: Iron Treads|ability: Quark Drive|[fromitem]
|-start|p2a: Iron Treads|quarkdriveatk
|turn|16
|
|t:|1758310758
|move|p2a: Iron Treads|Rapid Spin|p1a: Great Tusk
|-damage|p1a: Great Tusk|16/100
|-boost|p2a: Iron Treads|spe|1
|-sideend|p2: willhigh|Stealth Rock|[from] move: Rapid Spin|[of] p2a: Iron Treads
|move|p1a: Great Tusk|Headlong Rush|p2a: Iron Treads
|-supereffective|p2a: Iron Treads
|-damage|p2a: Iron Treads|0 fnt
|-unboost|p1a: Great Tusk|def|1
|-unboost|p1a: Great Tusk|spd|1
|faint|p2a: Iron Treads
|-end|p2a: Iron Treads|Quark Drive|[silent]
|
|upkeep
|
|t:|1758310769
|switch|p2a: Cinderace|Cinderace, M|100/100
|turn|17
|
|t:|1758310786
|-end|p1a: Great Tusk|Protosynthesis|[silent]
|switch|p1a: Alomomola|Alomomola, M|100/100
|move|p2a: Cinderace|Swords Dance|p2a: Cinderace
|-boost|p2a: Cinderace|atk|2
|
|upkeep
|turn|18
|
|t:|1758310792
|move|p2a: Cinderace|Gunk Shot|p1a: Alomomola
|-damage|p1a: Alomomola|40/100
|-status|p1a: Alomomola|psn
|move|p1a: Alomomola|Scald|p2a: Cinderace
|-supereffective|p2a: Cinderace
|-damage|p2a: Cinderace|59/100
|
|-damage|p1a: Alomomola|28/100 psn|[from] psn
|upkeep
|turn|19
|
|t:|1758310803
|switch|p1a: Great Tusk|Great Tusk|16/100
|move|p2a: Cinderace|Pyro Ball|p1a: Great Tusk
|-damage|p1a: Great Tusk|0 fnt
|faint|p1a: Great Tusk
|-end|p1a: Great Tusk|Protosynthesis|[silent]
|
|upkeep
|
|t:|1758310808
|switch|p1a: Dragonite|Dragonite, M|100/100
|turn|20
|
|t:|1758310814
|move|p1a: Dragonite|Extreme Speed|p2a: Cinderace
|-damage|p2a: Cinderace|18/100
|move|p2a: Cinderace|Pyro Ball|p1a: Dragonite
|-resisted|p1a: Dragonite
|-damage|p1a: Dragonite|62/100
|
|upkeep
|turn|21
|
|t:|1758310821
|move|p1a: Dragonite|Extreme Speed|p2a: Cinderace
|-damage|p2a: Cinderace|0 fnt
|faint|p2a: Cinderace
|
|upkeep
|
|t:|1758310823
|switch|p2a: Kingambit|Kingambit, F|88/100
|-activate|p2a: Kingambit|ability: Supreme Overlord
|-start|p2a: Kingambit|fallen5|[silent]
|turn|22
|
|t:|1758310827
|-terastallize|p2a: Kingambit|Dark
|move|p2a: Kingambit|Kowtow Cleave|p1a: Dragonite
|-damage|p1a: Dragonite|0 fnt
|faint|p1a: Dragonite
|
|upkeep
|
|t:|1758310834
|switch|p1a: Alomomola|Alomomola, M|61/100 psn
|turn|23
|
|t:|1758310839
|move|p2a: Kingambit|Kowtow Cleave|p1a: Alomomola
|-damage|p1a: Alomomola|0 fnt
|faint|p1a: Alomomola
|
|upkeep
|
|t:|1758310842
|switch|p1a: Latios|Latios, M|100/100
|turn|24
|
|t:|1758310845
|-terastallize|p1a: Latios|Steel
|move|p1a: Latios|Draco Meteor|p2a: Kingambit
|-damage|p2a: Kingambit|0 fnt
|-unboost|p1a: Latios|spa|2
|faint|p2a: Kingambit
|-end|p2a: Kingambit|fallen5|[silent]
|
|win|sam bjiku kaiju
|n|☆sam bjiku kaiju|sambjikukaiju
|n|☆willhigh|willhigh
|n|*Lady Monita ☀|ladymonita
|n| Albrtix|albrtix
|l|*Lady Monita ☀
|l|☆willhigh
|player|p2|
|l|☆sam bjiku kaiju
|player|p1|
