|j|☆Swag_SerotoninYT
|j|☆revolution is now
|t:|1758291377
|gametype|singles
|player|p1|Swag_SerotoninYT|harlequin|1090
|player|p2|revolution is now|102|1107
|gen|9
|tier|[Gen 9] OU
|rated|
|rule|HP Percentage Mod: HP is shown in percentages
|rule|Endless Battle Clause: Forcing endless battles is banned
|rule|Species Clause: Limit one of each Pokémon
|rule|OHKO Clause: OHKO moves are banned
|rule|Evasion Items Clause: Evasion items are banned
|rule|Evasion Moves Clause: Evasion moves are banned
|rule|Evasion Abilities Clause: Evasion abilities are banned
|rule|Sleep Moves Clause: Sleep-inducing moves are banned
|clearpoke
|poke|p1|Gastrodon, F|
|poke|p1|Masquerain, F|
|poke|p1|Stantler, F|
|poke|p1|Chandelure, M|
|poke|p1|Grimmsnarl, M|
|poke|p1|Sandslash-Alola, M|
|poke|p2|Masquerain, F|
|poke|p2|Mimikyu, M|
|poke|p2|Primarina, F|
|poke|p2|Garchomp, F|
|poke|p2|Mandibuzz, F|
|poke|p2|Toxapex, F|
|teampreview
|inactive|Battle timer is ON: inactive players will automatically lose when time's up. (requested by Swag_SerotoninYT)
|
|t:|1758291388
|teamsize|p1|6
|teamsize|p2|6
|start
|switch|p1a: Masquerain|Masquerain, F|100/100
|switch|p2a: Masquerain|Masquerain, F|100/100
|-ability|p2a: Masquerain|Intimidate|boost
|-unboost|p1a: Masquerain|atk|1
|-ability|p1a: Masquerain|Intimidate|boost
|-unboost|p2a: Masquerain|atk|1
|turn|1
|
|t:|1758291401
|move|p1a: Masquerain|Sticky Web|p2a: Masquerain
|-sidestart|p2: revolution is now|move: Sticky Web
|move|p2a: Masquerain|Hurricane|p1a: Masquerain
|-supereffective|p1a: Masquerain
|-enditem|p1a: Masquerain|Focus Sash
|-damage|p1a: Masquerain|1/100
|
|upkeep
|turn|2
|
|t:|1758291409
|move|p2a: Masquerain|Sticky Web|p1a: Masquerain
|-sidestart|p1: Swag_SerotoninYT|move: Sticky Web
|move|p1a: Masquerain|Stun Spore|p2a: Masquerain
|-status|p2a: Masquerain|par
|
|upkeep
|turn|3
|
|t:|1758291415
|move|p1a: Masquerain|Ice Beam|p2a: Masquerain
|-supereffective|p2a: Masquerain
|-damage|p2a: Masquerain|29/100 par
|move|p2a: Masquerain|Hurricane|p1a: Masquerain|[miss]
|-miss|p2a: Masquerain|p1a: Masquerain
|
|upkeep
|turn|4
|
|t:|1758291421
|move|p1a: Masquerain|Ice Beam|p2a: Masquerain
|-supereffective|p2a: Masquerain
|-damage|p2a: Masquerain|0 fnt
|faint|p2a: Masquerain
|
|upkeep
|
|t:|1758291432
|switch|p2a: Mimikyu|Mimikyu, M|100/100
|-activate|p2a: Mimikyu|move: Sticky Web
|-unboost|p2a: Mimikyu|spe|1
|turn|5
|
|t:|1758291437
|move|p2a: Mimikyu|Shadow Sneak|p1a: Masquerain
|-damage|p1a: Masquerain|0 fnt
|faint|p1a: Masquerain
|-damage|p2a: Mimikyu|91/100|[from] item: Life Orb
|
|upkeep
|
|t:|1758291443
|switch|p1a: Sandslash|Sandslash-Alola, M|100/100
|-activate|p1a: Sandslash|move: Sticky Web
|-unboost|p1a: Sandslash|spe|1
|turn|6
|
|t:|1758291461
|switch|p2a: Primarina|Primarina, F|100/100
|-activate|p2a: Primarina|move: Sticky Web
|-unboost|p2a: Primarina|spe|1
|move|p1a: Sandslash|Iron Head|p2a: Primarina
|-damage|p2a: Primarina|69/100
|
|upkeep
|turn|7
|inactive|revolution is now has 120 seconds left.
|
|t:|1758291494
|move|p1a: Sandslash|Rapid Spin|p2a: Primarina
|-damage|p2a: Primarina|57/100
|-boost|p1a: Sandslash|spe|1
|-sideend|p1: Swag_SerotoninYT|Sticky Web|[from] move: Rapid Spin|[of] p1a: Sandslash
|move|p2a: Primarina|Sparkling Aria|p1a: Sandslash
|-damage|p1a: Sandslash|48/100
|
|upkeep
|turn|8
|inactive|revolution is now has 120 seconds left.
|
|t:|1758291502
|move|p1a: Sandslash|Iron Head|p2a: Primarina
|-damage|p2a: Primarina|28/100
|move|p2a: Primarina|Sparkling Aria|p1a: Sandslash
|-damage|p1a: Sandslash|0 fnt
|faint|p1a: Sandslash
|
|upkeep
|
|t:|1758291514
|switch|p1a: Grimmsnarl|Grimmsnarl, M|100/100
|turn|9
|
|t:|1758291521
|switch|p2a: Mandibuzz|Mandibuzz, F|100/100
|move|p1a: Grimmsnarl|Spirit Break|p2a: Mandibuzz
|-supereffective|p2a: Mandibuzz
|-damage|p2a: Mandibuzz|44/100
|-unboost|p2a: Mandibuzz|spa|1
|
|-heal|p2a: Mandibuzz|50/100|[from] item: Leftovers
|upkeep
|turn|10
|
|t:|1758291531
|move|p2a: Mandibuzz|Toxic|p1a: Grimmsnarl|[miss]
|-miss|p2a: Mandibuzz|p1a: Grimmsnarl
|move|p1a: Grimmsnarl|Spirit Break|p2a: Mandibuzz
|-supereffective|p2a: Mandibuzz
|-crit|p2a: Mandibuzz
|-damage|p2a: Mandibuzz|0 fnt
|faint|p2a: Mandibuzz
|
|upkeep
|inactive|revolution is now has 120 seconds left.
|
|t:|1758291553
|switch|p2a: Mimikyu|Mimikyu, M|91/100
|-activate|p2a: Mimikyu|move: Sticky Web
|-unboost|p2a: Mimikyu|spe|1
|turn|11
|inactive|revolution is now has 120 seconds left.
|
|t:|1758291559
|move|p1a: Grimmsnarl|Thunder Wave|p2a: Mimikyu
|-status|p2a: Mimikyu|par
|cant|p2a: Mimikyu|par
|
|upkeep
|turn|12
|
|t:|1758291566
|move|p1a: Grimmsnarl|Spirit Break|p2a: Mimikyu
|-activate|p2a: Mimikyu|ability: Disguise
|-damage|p2a: Mimikyu|91/100 par
|-unboost|p2a: Mimikyu|spa|1
|detailschange|p2a: Mimikyu|Mimikyu-Busted, M
|-damage|p2a: Mimikyu|78/100 par|[from] pokemon: Mimikyu-Busted
|move|p2a: Mimikyu|Play Rough|p1a: Grimmsnarl
|-supereffective|p1a: Grimmsnarl
|-damage|p1a: Grimmsnarl|0 fnt
|faint|p1a: Grimmsnarl
|-damage|p2a: Mimikyu|68/100 par|[from] item: Life Orb
|
|upkeep
|
|t:|1758291575
|switch|p1a: Chandelure|Chandelure, M|100/100
|turn|13
|
|t:|1758291587
|move|p2a: Mimikyu|Shadow Sneak|p1a: Chandelure
|-supereffective|p1a: Chandelure
|-crit|p1a: Chandelure
|-damage|p1a: Chandelure|19/100
|-damage|p2a: Mimikyu|58/100 par|[from] item: Life Orb
|move|p1a: Chandelure|Flamethrower|p2a: Mimikyu
|-damage|p2a: Mimikyu|0 fnt
|faint|p2a: Mimikyu
|
|upkeep
|inactive|revolution is now has 120 seconds left.
|
|t:|1758291610
|switch|p2a: Toxapex|Toxapex, F|100/100
|-activate|p2a: Toxapex|move: Sticky Web
|-unboost|p2a: Toxapex|spe|1
|turn|14
|inactive|revolution is now has 120 seconds left.
|
|t:|1758291624
|move|p1a: Chandelure|Fire Spin|p2a: Toxapex
|-resisted|p2a: Toxapex
|-damage|p2a: Toxapex|92/100
|-activate|p2a: Toxapex|move: Fire Spin|[of] p1a: Chandelure
|move|p2a: Toxapex|Ice Beam|p1a: Chandelure
|-resisted|p1a: Chandelure
|-damage|p1a: Chandelure|14/100
|
|-heal|p2a: Toxapex|98/100|[from] item: Black Sludge
|-damage|p2a: Toxapex|86/100|[from] move: Fire Spin|[partiallytrapped]
|upkeep
|turn|15
|
|t:|1758291635
|switch|p1a: Stantler|Stantler, F|100/100
|move|p2a: Toxapex|Toxic|p1a: Stantler
|-status|p1a: Stantler|tox
|
|-heal|p2a: Toxapex|92/100|[from] item: Black Sludge
|-damage|p1a: Stantler|94/100 tox|[from] psn
|-end|p2a: Toxapex|Fire Spin|[partiallytrapped]|[silent]
|upkeep
|turn|16
|
|t:|1758291649
|move|p2a: Toxapex|Baneful Bunker|p2a: Toxapex
|-singleturn|p2a: Toxapex|move: Protect
|move|p1a: Stantler|Earthquake|p2a: Toxapex
|-activate|p2a: Toxapex|move: Protect
|
|-heal|p2a: Toxapex|98/100|[from] item: Black Sludge
|-damage|p1a: Stantler|82/100 tox|[from] psn
|upkeep
|turn|17
|
|t:|1758291659
|move|p1a: Stantler|Earthquake|p2a: Toxapex
|-supereffective|p2a: Toxapex
|-damage|p2a: Toxapex|43/100
|move|p2a: Toxapex|Recover|p2a: Toxapex
|-heal|p2a: Toxapex|93/100
|
|-heal|p2a: Toxapex|99/100|[from] item: Black Sludge
|-damage|p1a: Stantler|64/100 tox|[from] psn
|upkeep
|turn|18
|
|t:|1758291674
|move|p1a: Stantler|Earthquake|p2a: Toxapex
|-supereffective|p2a: Toxapex
|-damage|p2a: Toxapex|49/100
|move|p2a: Toxapex|Toxic|p1a: Stantler
|-fail|p1a: Stantler|tox
|
|-heal|p2a: Toxapex|55/100|[from] item: Black Sludge
|-damage|p1a: Stantler|40/100 tox|[from] psn
|upkeep
|turn|19
|
|t:|1758291683
|move|p2a: Toxapex|Baneful Bunker|p2a: Toxapex
|-singleturn|p2a: Toxapex|move: Protect
|move|p1a: Stantler|Earthquake|p2a: Toxapex
|-activate|p2a: Toxapex|move: Protect
|
|-heal|p2a: Toxapex|61/100|[from] item: Black Sludge
|-damage|p1a: Stantler|10/100 tox|[from] psn
|upkeep
|turn|20
|
|t:|1758291693
|move|p1a: Stantler|Rest|p1a: Stantler
|-status|p1a: Stantler|slp|[from] move: Rest
|-heal|p1a: Stantler|100/100 slp|[silent]
|move|p2a: Toxapex|Recover|p2a: Toxapex
|-heal|p2a: Toxapex|100/100
|
|upkeep
|turn|21
|
|t:|1758291705
|switch|p1a: Chandelure|Chandelure, M|14/100
|switch|p2a: Primarina|Primarina, F|28/100
|-activate|p2a: Primarina|move: Sticky Web
|-unboost|p2a: Primarina|spe|1
|
|upkeep
|turn|22
|
|t:|1758291716
|switch|p2a: Garchomp|Garchomp, F|100/100
|-activate|p2a: Garchomp|move: Sticky Web
|-unboost|p2a: Garchomp|spe|1
|move|p1a: Chandelure|Energy Ball|p2a: Garchomp
|-damage|p2a: Garchomp|65/100
|
|upkeep
|turn|23
|
|t:|1758291727
|move|p1a: Chandelure|Fire Spin|p2a: Garchomp
|-resisted|p2a: Garchomp
|-damage|p2a: Garchomp|54/100
|-activate|p2a: Garchomp|move: Fire Spin|[of] p1a: Chandelure
|move|p2a: Garchomp|Earthquake|p1a: Chandelure
|-supereffective|p1a: Chandelure
|-damage|p1a: Chandelure|0 fnt
|faint|p1a: Chandelure
|
|-end|p2a: Garchomp|Fire Spin|[partiallytrapped]|[silent]
|upkeep
|
|t:|1758291733
|switch|p1a: Gastrodon|Gastrodon, F|100/100
|turn|24
|
|t:|1758291737
|move|p2a: Garchomp|Earthquake|p1a: Gastrodon
|-damage|p1a: Gastrodon|45/100
|move|p1a: Gastrodon|Ice Beam|p2a: Garchomp
|-supereffective|p2a: Garchomp
|-damage|p2a: Garchomp|0 fnt
|faint|p2a: Garchomp
|
|-heal|p1a: Gastrodon|51/100|[from] item: Leftovers
|upkeep
|
|t:|1758291746
|switch|p2a: Toxapex|Toxapex, F|100/100
|-activate|p2a: Toxapex|move: Sticky Web
|-unboost|p2a: Toxapex|spe|1
|turn|25
|
|t:|1758291751
|move|p1a: Gastrodon|Recover|p1a: Gastrodon
|-heal|p1a: Gastrodon|100/100
|move|p2a: Toxapex|Toxic|p1a: Gastrodon
|-status|p1a: Gastrodon|tox
|
|-damage|p1a: Gastrodon|94/100 tox|[from] psn
|upkeep
|turn|26
|
|t:|1758291760
|-terastallize|p1a: Gastrodon|Grass
|move|p2a: Toxapex|Baneful Bunker|p2a: Toxapex
|-singleturn|p2a: Toxapex|move: Protect
|move|p1a: Gastrodon|Tera Blast|p2a: Toxapex|[anim] Tera Blast Grass
|-activate|p2a: Toxapex|move: Protect
|
|-heal|p1a: Gastrodon|100/100 tox|[from] item: Leftovers
|-damage|p1a: Gastrodon|88/100 tox|[from] psn
|upkeep
|turn|27
|
|t:|1758291769
|move|p1a: Gastrodon|Tera Blast|p2a: Toxapex|[anim] Tera Blast Grass
|-damage|p2a: Toxapex|78/100
|move|p2a: Toxapex|Ice Beam|p1a: Gastrodon
|-supereffective|p1a: Gastrodon
|-damage|p1a: Gastrodon|68/100 tox
|
|-heal|p1a: Gastrodon|74/100 tox|[from] item: Leftovers
|-heal|p2a: Toxapex|84/100|[from] item: Black Sludge
|-damage|p1a: Gastrodon|56/100 tox|[from] psn
|upkeep
|turn|28
|
|t:|1758291781
|move|p2a: Toxapex|Baneful Bunker|p2a: Toxapex
|-singleturn|p2a: Toxapex|move: Protect
|move|p1a: Gastrodon|Tera Blast|p2a: Toxapex|[anim] Tera Blast Grass
|-activate|p2a: Toxapex|move: Protect
|
|-heal|p1a: Gastrodon|62/100 tox|[from] item: Leftovers
|-heal|p2a: Toxapex|90/100|[from] item: Black Sludge
|-damage|p1a: Gastrodon|38/100 tox|[from] psn
|upkeep
|turn|29
|
|t:|1758291792
|move|p1a: Gastrodon|Recover|p1a: Gastrodon
|-heal|p1a: Gastrodon|88/100 tox
|move|p2a: Toxapex|Ice Beam|p1a: Gastrodon
|-supereffective|p1a: Gastrodon
|-damage|p1a: Gastrodon|67/100 tox
|
|-heal|p1a: Gastrodon|73/100 tox|[from] item: Leftovers
|-heal|p2a: Toxapex|96/100|[from] item: Black Sludge
|-damage|p1a: Gastrodon|43/100 tox|[from] psn
|upkeep
|turn|30
|
|t:|1758291807
|switch|p1a: Stantler|Stantler, F|100/100 slp
|move|p2a: Toxapex|Baneful Bunker||[still]
|-fail|p2a: Toxapex
|
|-heal|p2a: Toxapex|100/100|[from] item: Black Sludge
|upkeep
|turn|31
|
|t:|1758291814
|cant|p1a: Stantler|slp
|move|p1a: Stantler|Sleep Talk|p1a: Stantler
|move|p1a: Stantler|Earthquake|p2a: Toxapex|[from] move: Sleep Talk
|-supereffective|p2a: Toxapex
|-damage|p2a: Toxapex|47/100
|move|p2a: Toxapex|Ice Beam|p1a: Stantler
|-damage|p1a: Stantler|88/100 slp
|
|-heal|p2a: Toxapex|53/100|[from] item: Black Sludge
|upkeep
|turn|32
|
|t:|1758291824
|move|p2a: Toxapex|Baneful Bunker|p2a: Toxapex
|-singleturn|p2a: Toxapex|move: Protect
|cant|p1a: Stantler|slp
|
|-heal|p2a: Toxapex|59/100|[from] item: Black Sludge
|upkeep
|turn|33
|
|t:|1758291833
|-curestatus|p1a: Stantler|slp|[msg]
|move|p1a: Stantler|Earthquake|p2a: Toxapex
|-supereffective|p2a: Toxapex
|-damage|p2a: Toxapex|9/100
|move|p2a: Toxapex|Recover|p2a: Toxapex
|-heal|p2a: Toxapex|59/100
|
|-heal|p2a: Toxapex|65/100|[from] item: Black Sludge
|upkeep
|turn|34
|
|t:|1758291853
|move|p2a: Toxapex|Baneful Bunker|p2a: Toxapex
|-singleturn|p2a: Toxapex|move: Protect
|move|p1a: Stantler|Earthquake|p2a: Toxapex
|-activate|p2a: Toxapex|move: Protect
|
|-heal|p2a: Toxapex|71/100|[from] item: Black Sludge
|upkeep
|turn|35
|
|t:|1758291876
|move|p1a: Stantler|Earthquake|p2a: Toxapex
|-supereffective|p2a: Toxapex
|-damage|p2a: Toxapex|17/100
|move|p2a: Toxapex|Ice Beam|p1a: Stantler
|-damage|p1a: Stantler|76/100
|
|-heal|p2a: Toxapex|24/100|[from] item: Black Sludge
|upkeep
|turn|36
|
|t:|1758291885
|move|p2a: Toxapex|Baneful Bunker|p2a: Toxapex
|-singleturn|p2a: Toxapex|move: Protect
|move|p1a: Stantler|Earthquake|p2a: Toxapex
|-activate|p2a: Toxapex|move: Protect
|
|-heal|p2a: Toxapex|30/100|[from] item: Black Sludge
|upkeep
|turn|37
|
|t:|1758291893
|switch|p2a: Primarina|Primarina, F|28/100
|-activate|p2a: Primarina|move: Sticky Web
|-unboost|p2a: Primarina|spe|1
|move|p1a: Stantler|Earthquake|p2a: Primarina
|-damage|p2a: Primarina|0 fnt
|faint|p2a: Primarina
|
|upkeep
|
|t:|1758291901
|switch|p2a: Toxapex|Toxapex, F|63/100
|-activate|p2a: Toxapex|move: Sticky Web
|-unboost|p2a: Toxapex|spe|1
|turn|38
|
|t:|1758291905
|move|p2a: Toxapex|Baneful Bunker|p2a: Toxapex
|-singleturn|p2a: Toxapex|move: Protect
|move|p1a: Stantler|Earthquake|p2a: Toxapex
|-activate|p2a: Toxapex|move: Protect
|
|-heal|p2a: Toxapex|69/100|[from] item: Black Sludge
|upkeep
|turn|39
|c|☆Swag_SerotoninYT|dude you've lost
|c|☆Swag_SerotoninYT|please stop wasting my time
|
|t:|1758291921
|move|p1a: Stantler|Earthquake|p2a: Toxapex
|-supereffective|p2a: Toxapex
|-damage|p2a: Toxapex|17/100
|move|p2a: Toxapex|Ice Beam|p1a: Stantler
|-crit|p1a: Stantler
|-damage|p1a: Stantler|58/100
|
|-heal|p2a: Toxapex|23/100|[from] item: Black Sludge
|upkeep
|turn|40
|
|t:|1758291931
|move|p1a: Stantler|Earthquake|p2a: Toxapex
|-supereffective|p2a: Toxapex
|-damage|p2a: Toxapex|0 fnt
|faint|p2a: Toxapex
|
|win|Swag_SerotoninYT
|raw|Swag_SerotoninYT's rating: 1090 &rarr; <strong>1118</strong><br />(+28 for winning)
|raw|revolution is now's rating: 1107 &rarr; <strong>1081</strong><br />(-26 for losing)
|c|☆Swag_SerotoninYT|finally
