|j|☆Jinghan Yu
|j|☆Luisao
|t:|1758378737
|gametype|singles
|player|p1|Jinghan Yu|nate|1324
|player|p2|Luisao|265|1316
|gen|9
|tier|[Gen 9] OU
|rated|
|rule|HP Percentage Mod: HP is shown in percentages
|rule|Endless Battle Clause: Forcing endless battles is banned
|rule|Species Clause: Limit one of each Pokémon
|rule|OHKO Clause: OHKO moves are banned
|rule|Evasion Items Clause: Evasion items are banned
|rule|Evasion Moves Clause: Evasion moves are banned
|rule|Evasion Abilities Clause: Evasion abilities are banned
|rule|Sleep Moves Clause: Sleep-inducing moves are banned
|clearpoke
|poke|p1|Scizor, M|
|poke|p1|Tyranitar, M|
|poke|p1|Garchomp, M|
|poke|p1|Gyarados, M|
|poke|p1|Gengar, M|
|poke|p1|Excadrill, M|
|poke|p2|Dragonite, M|
|poke|p2|Serperior, F|
|poke|p2|Donphan, M|
|poke|p2|Medicham, M|
|poke|p2|Scizor, M|
|poke|p2|Gengar, M|
|teampreview
|inactive|Battle timer is ON: inactive players will automatically lose when time's up. (requested by Luisao)
|j| Itwasneroox
|
|t:|1758378750
|teamsize|p1|6
|teamsize|p2|6
|start
|switch|p1a: Osten|Gyarados, M, shiny|100/100
|switch|p2a: Gengar|Gengar, M, shiny|100/100
|-ability|p1a: Osten|Intimidate|boost
|-unboost|p2a: Gengar|atk|1
|turn|1
|
|t:|1758378758
|switch|p1a: Timothy|Tyranitar, M|100/100
|-weather|Sandstorm|[from] ability: Sand Stream|[of] p1a: Timothy
|move|p2a: Gengar|Sludge Wave|p1a: Timothy
|-resisted|p1a: Timothy
|-damage|p1a: Timothy|84/100
|
|-weather|Sandstorm|[upkeep]
|-damage|p2a: Gengar|94/100|[from] Sandstorm
|upkeep
|turn|2
|
|t:|1758378773
|switch|p2a: Donphan|Donphan, M|100/100
|move|p1a: Timothy|Stealth Rock|p2a: Donphan
|-sidestart|p2: Luisao|move: Stealth Rock
|
|-weather|Sandstorm|[upkeep]
|upkeep
|turn|3
|
|t:|1758378784
|switch|p1a: Osten|Gyarados, M, shiny|100/100
|-ability|p1a: Osten|Intimidate|boost
|-unboost|p2a: Donphan|atk|1
|move|p2a: Donphan|Earthquake|p1a: Osten
|-immune|p1a: Osten
|
|-weather|Sandstorm|[upkeep]
|-damage|p1a: Osten|94/100|[from] Sandstorm
|-heal|p1a: Osten|100/100|[from] item: Leftovers
|upkeep
|turn|4
|
|t:|1758378795
|move|p1a: Osten|Dragon Dance|p1a: Osten
|-boost|p1a: Osten|atk|1
|-boost|p1a: Osten|spe|1
|move|p2a: Donphan|Rapid Spin|p1a: Osten
|-damage|p1a: Osten|85/100
|-boost|p2a: Donphan|spe|1
|-sideend|p2: Luisao|Stealth Rock|[from] move: Rapid Spin|[of] p2a: Donphan
|
|-weather|Sandstorm|[upkeep]
|-damage|p1a: Osten|79/100|[from] Sandstorm
|-heal|p1a: Osten|85/100|[from] item: Leftovers
|upkeep
|turn|5
|
|t:|1758378815
|switch|p2a: Medicham|Medicham, M, shiny|100/100
|move|p1a: Osten|Dragon Dance|p1a: Osten
|-boost|p1a: Osten|atk|1
|-boost|p1a: Osten|spe|1
|
|-weather|Sandstorm|[upkeep]
|-damage|p1a: Osten|79/100|[from] Sandstorm
|-damage|p2a: Medicham|94/100|[from] Sandstorm
|-heal|p1a: Osten|85/100|[from] item: Leftovers
|upkeep
|turn|6
|
|t:|1758378825
|move|p2a: Medicham|Fake Out|p1a: Osten
|-damage|p1a: Osten|57/100
|-damage|p2a: Medicham|84/100|[from] item: Life Orb
|cant|p1a: Osten|flinch
|
|-weather|Sandstorm|[upkeep]
|-damage|p1a: Osten|51/100|[from] Sandstorm
|-damage|p2a: Medicham|78/100|[from] Sandstorm
|-heal|p1a: Osten|57/100|[from] item: Leftovers
|upkeep
|turn|7
|
|t:|1758378839
|move|p2a: Medicham|Bullet Punch|p1a: Osten
|-resisted|p1a: Osten
|-damage|p1a: Osten|41/100
|-damage|p2a: Medicham|68/100|[from] item: Life Orb
|move|p1a: Osten|Waterfall|p2a: Medicham
|-damage|p2a: Medicham|0 fnt
|faint|p2a: Medicham
|
|-weather|Sandstorm|[upkeep]
|-damage|p1a: Osten|35/100|[from] Sandstorm
|-heal|p1a: Osten|41/100|[from] item: Leftovers
|upkeep
|
|t:|1758378853
|switch|p2a: Dragonite|Dragonite, M|100/100
|turn|8
|
|t:|1758378861
|move|p2a: Dragonite|Extreme Speed|p1a: Osten
|-damage|p1a: Osten|4/100
|move|p1a: Osten|Waterfall|p2a: Dragonite
|-resisted|p2a: Dragonite
|-damage|p2a: Dragonite|77/100
|
|-weather|none
|-heal|p1a: Osten|10/100|[from] item: Leftovers
|-heal|p2a: Dragonite|83/100|[from] item: Leftovers
|upkeep
|turn|9
|inactive|Luisao has 120 seconds left.
|
|t:|1758378894
|switch|p1a: Nasim|Gengar, M|100/100
|move|p2a: Dragonite|Extreme Speed|p1a: Nasim
|-immune|p1a: Nasim
|
|-heal|p2a: Dragonite|89/100|[from] item: Leftovers
|upkeep
|turn|10
|
|t:|1758378909
|switch|p1a: Boden|Scizor, M, shiny|100/100
|-terastallize|p2a: Dragonite|Normal
|move|p2a: Dragonite|Dragon Dance|p2a: Dragonite
|-boost|p2a: Dragonite|atk|1
|-boost|p2a: Dragonite|spe|1
|
|-heal|p2a: Dragonite|96/100|[from] item: Leftovers
|upkeep
|turn|11
|
|t:|1758378919
|move|p1a: Boden|Bullet Punch|p2a: Dragonite
|-damage|p2a: Dragonite|51/100
|move|p2a: Dragonite|Fire Punch|p1a: Boden
|-supereffective|p1a: Boden
|-damage|p1a: Boden|0 fnt
|faint|p1a: Boden
|
|-heal|p2a: Dragonite|57/100|[from] item: Leftovers
|upkeep
|
|t:|1758378926
|switch|p1a: Mangus|Garchomp, M, shiny|100/100
|turn|12
|
|t:|1758378931
|-terastallize|p1a: Mangus|Ghost
|move|p2a: Dragonite|Outrage|p1a: Mangus
|-damage|p1a: Mangus|0 fnt
|-damage|p2a: Dragonite|45/100|[from] ability: Rough Skin|[of] p1a: Mangus
|-damage|p2a: Dragonite|28/100|[from] item: Rocky Helmet|[of] p1a: Mangus
|faint|p1a: Mangus
|
|-heal|p2a: Dragonite|34/100|[from] item: Leftovers
|upkeep
|
|t:|1758378939
|switch|p1a: Osten|Gyarados, M, shiny|10/100
|-ability|p1a: Osten|Intimidate|boost
|-unboost|p2a: Dragonite|atk|1
|turn|13
|
|t:|1758378946
|switch|p1a: Timothy|Tyranitar, M|84/100
|-weather|Sandstorm|[from] ability: Sand Stream|[of] p1a: Timothy
|move|p2a: Dragonite|Outrage|p1a: Timothy|[from] lockedmove
|-damage|p1a: Timothy|25/100
|-start|p2a: Dragonite|confusion|[fatigue]
|
|-weather|Sandstorm|[upkeep]
|-damage|p2a: Dragonite|28/100|[from] Sandstorm
|-heal|p2a: Dragonite|34/100|[from] item: Leftovers
|upkeep
|turn|14
|
|t:|1758378958
|switch|p1a: Osten|Gyarados, M, shiny|10/100
|-ability|p1a: Osten|Intimidate|boost
|-unboost|p2a: Dragonite|atk|1
|-activate|p2a: Dragonite|confusion
|move|p2a: Dragonite|Outrage|p1a: Osten
|-damage|p1a: Osten|0 fnt
|faint|p1a: Osten
|
|-weather|Sandstorm|[upkeep]
|-damage|p2a: Dragonite|28/100|[from] Sandstorm
|-heal|p2a: Dragonite|34/100|[from] item: Leftovers
|upkeep
|
|t:|1758378965
|switch|p1a: Emmett|Excadrill, M|100/100
|-item|p1a: Emmett|Air Balloon
|turn|15
|
|t:|1758378974
|move|p1a: Emmett|Swords Dance|p1a: Emmett
|-boost|p1a: Emmett|atk|2
|-activate|p2a: Dragonite|confusion
|move|p2a: Dragonite|Outrage|p1a: Emmett|[from] lockedmove
|-resisted|p1a: Emmett
|-damage|p1a: Emmett|69/100
|-enditem|p1a: Emmett|Air Balloon
|
|-weather|Sandstorm|[upkeep]
|-damage|p2a: Dragonite|28/100|[from] Sandstorm
|-heal|p2a: Dragonite|34/100|[from] item: Leftovers
|upkeep
|turn|16
|
|t:|1758378991
|move|p1a: Emmett|Rapid Spin|p2a: Dragonite
|-damage|p2a: Dragonite|0 fnt
|-boost|p1a: Emmett|spe|1
|faint|p2a: Dragonite
|
|-weather|Sandstorm|[upkeep]
|upkeep
|
|t:|1758379007
|switch|p2a: Donphan|Donphan, M|100/100
|turn|17
|
|t:|1758379013
|move|p1a: Emmett|Earthquake|p2a: Donphan
|-crit|p2a: Donphan
|-ability|p2a: Donphan|Sturdy
|-damage|p2a: Donphan|1/100
|move|p2a: Donphan|Earthquake|p1a: Emmett
|-supereffective|p1a: Emmett
|-damage|p1a: Emmett|0 fnt
|faint|p1a: Emmett
|
|-weather|Sandstorm|[upkeep]
|-heal|p2a: Donphan|7/100|[from] item: Leftovers
|upkeep
|
|t:|1758379019
|switch|p1a: Nasim|Gengar, M|100/100
|turn|18
|
|t:|1758379044
|switch|p1a: Timothy|Tyranitar, M|25/100
|move|p2a: Donphan|Ice Shard|p1a: Timothy
|-crit|p1a: Timothy
|-damage|p1a: Timothy|5/100
|
|-weather|Sandstorm|[upkeep]
|-heal|p2a: Donphan|13/100|[from] item: Leftovers
|upkeep
|turn|19
|
|t:|1758379054
|move|p2a: Donphan|Ice Shard|p1a: Timothy
|-damage|p1a: Timothy|0 fnt
|faint|p1a: Timothy
|
|-weather|Sandstorm|[upkeep]
|-heal|p2a: Donphan|20/100|[from] item: Leftovers
|upkeep
|
|t:|1758379055
|switch|p1a: Nasim|Gengar, M|100/100
|turn|20
|
|t:|1758379068
|move|p2a: Donphan|Ice Shard|p1a: Nasim
|-damage|p1a: Nasim|71/100
|move|p1a: Nasim|Nasty Plot|p1a: Nasim
|-boost|p1a: Nasim|spa|2
|
|-weather|none
|-heal|p2a: Donphan|26/100|[from] item: Leftovers
|upkeep
|turn|21
|l|☆Luisao
|inactive|Luisao disconnected and has a minute to reconnect!
|player|p2|
|j|☆Luisao
|inactive|Luisao reconnected and has 120 seconds left.
|player|p2|Luisao|265|
|
|t:|1758379103
|move|p2a: Donphan|Ice Shard|p1a: Nasim
|-crit|p1a: Nasim
|-damage|p1a: Nasim|25/100
|-enditem|p1a: Nasim|Salac Berry|[eat]
|-boost|p1a: Nasim|spe|1|[from] item: Salac Berry
|move|p1a: Nasim|Hex|p2a: Donphan
|-damage|p2a: Donphan|0 fnt
|faint|p2a: Donphan
|
|upkeep
|
|t:|1758379114
|switch|p2a: Scizor|Scizor, M|100/100
|turn|22
|
|t:|1758379120
|move|p1a: Nasim|Endure|p1a: Nasim
|-singleturn|p1a: Nasim|move: Endure
|move|p2a: Scizor|Bullet Punch|p1a: Nasim
|-activate|p1a: Nasim|move: Endure
|-damage|p1a: Nasim|1/100
|-damage|p2a: Scizor|91/100|[from] item: Life Orb
|
|upkeep
|turn|23
|inactive|Luisao has 120 seconds left.
|
|t:|1758379130
|move|p1a: Nasim|Endure||[still]
|-fail|p1a: Nasim
|move|p2a: Scizor|Bullet Punch|p1a: Nasim
|-damage|p1a: Nasim|0 fnt
|faint|p1a: Nasim
|-damage|p2a: Scizor|81/100|[from] item: Life Orb
|
|win|Luisao
|raw|Jinghan Yu's rating: 1324 &rarr; <strong>1304</strong><br />(-20 for losing)
|raw|Luisao's rating: 1316 &rarr; <strong>1336</strong><br />(+20 for winning)
|l|☆Jinghan Yu
|player|p1|
|l| Itwasneroox
|l|☆Luisao
|player|p2|
