|badge|p1|bronze|gen9monotype|100-6
|badge|p1|bronze|gen9uu|100-6
|uhtml|medal-msg|<div class="broadcast-blue">Curious what those medals under the avatar are? PS now has Ladder Seasons! For more information, check out the <a href="https://www.smogon.com/forums/threads/3740067/">thread on Smogon.</a></div>
|j|☆domingo a noite
|j|☆powerfull_rock
|t:|1758275295
|gametype|singles
|player|p1|domingo a noite|miku-ice|1693
|player|p2|powerfull_rock|blackbelt|1695
|gen|9
|tier|[Gen 9] OU
|rated|
|rule|HP Percentage Mod: HP is shown in percentages
|rule|Endless Battle Clause: Forcing endless battles is banned
|rule|Species Clause: Limit one of each Pokémon
|rule|OHKO Clause: OHKO moves are banned
|rule|Evasion Items Clause: Evasion items are banned
|rule|Evasion Moves Clause: Evasion moves are banned
|rule|Evasion Abilities Clause: Evasion abilities are banned
|rule|Sleep Moves Clause: Sleep-inducing moves are banned
|clearpoke
|poke|p1|Ribombee, F|
|poke|p1|Great Tusk|
|poke|p1|Gholdengo|
|poke|p1|Manaphy|
|poke|p1|Kingambit, M|
|poke|p1|Iron Valiant|
|poke|p2|Clodsire, F|
|poke|p2|Conkeldurr, F|
|poke|p2|Enamorus, F|
|poke|p2|Ceruledge, M|
|poke|p2|Skarmory, F|
|poke|p2|Sinistcha|
|teampreview
|inactive|Battle timer is ON: inactive players will automatically lose when time's up. (requested by powerfull_rock)
|
|t:|1758275321
|teamsize|p1|6
|teamsize|p2|6
|start
|switch|p1a: Manaphy|Manaphy|100/100
|switch|p2a: Fat Body|Clodsire, F, shiny|100/100
|turn|1
|
|t:|1758275326
|move|p1a: Manaphy|Substitute|p1a: Manaphy
|-start|p1a: Manaphy|Substitute
|-damage|p1a: Manaphy|76/100
|move|p2a: Fat Body|Toxic||[still]
|-fail|p2a: Fat Body
|
|-heal|p1a: Manaphy|82/100|[from] item: Leftovers
|upkeep
|turn|2
|
|t:|1758275329
|switch|p2a: Metal Wing|Skarmory, F|100/100
|move|p1a: Manaphy|Surf|p2a: Metal Wing
|-damage|p2a: Metal Wing|62/100
|
|-heal|p1a: Manaphy|88/100|[from] item: Leftovers
|-heal|p2a: Metal Wing|68/100|[from] item: Leftovers
|upkeep
|turn|3
|
|t:|1758275335
|move|p1a: Manaphy|Tail Glow|p1a: Manaphy
|-boost|p1a: Manaphy|spa|3
|move|p2a: Metal Wing|Whirlwind|p1a: Manaphy
|drag|p1a: Great Tusk|Great Tusk|100/100
|-enditem|p1a: Great Tusk|Booster Energy
|-activate|p1a: Great Tusk|ability: Protosynthesis|[fromitem]
|-start|p1a: Great Tusk|protosynthesisatk
|
|-heal|p2a: Metal Wing|74/100|[from] item: Leftovers
|upkeep
|turn|4
|
|t:|1758275339
|move|p1a: Great Tusk|Close Combat|p2a: Metal Wing
|-damage|p2a: Metal Wing|20/100
|-unboost|p1a: Great Tusk|def|1
|-unboost|p1a: Great Tusk|spd|1
|move|p2a: Metal Wing|Roost|p2a: Metal Wing
|-heal|p2a: Metal Wing|70/100
|-singleturn|p2a: Metal Wing|move: Roost
|
|-heal|p2a: Metal Wing|76/100|[from] item: Leftovers
|upkeep
|turn|5
|
|t:|1758275344
|-end|p1a: Great Tusk|Protosynthesis|[silent]
|switch|p1a: Manaphy|Manaphy|88/100
|switch|p2a: Broken Vessel|Sinistcha, shiny|100/100
|
|-heal|p1a: Manaphy|94/100|[from] item: Leftovers
|upkeep
|turn|6
|
|t:|1758275349
|switch|p1a: Ribombee|Ribombee, F|100/100
|move|p2a: Broken Vessel|Matcha Gotcha|p1a: Ribombee
|-resisted|p1a: Ribombee
|-damage|p1a: Ribombee|72/100
|
|upkeep
|turn|7
|
|t:|1758275352
|switch|p2a: Metal Wing|Skarmory, F|76/100
|move|p1a: Ribombee|Moonblast|p2a: Metal Wing
|-resisted|p2a: Metal Wing
|-damage|p2a: Metal Wing|59/100
|-unboost|p2a: Metal Wing|spa|1
|
|-heal|p2a: Metal Wing|65/100|[from] item: Leftovers
|upkeep
|turn|8
|
|t:|1758275356
|move|p1a: Ribombee|Psychic Noise|p2a: Metal Wing
|-resisted|p2a: Metal Wing
|-damage|p2a: Metal Wing|57/100
|-start|p2a: Metal Wing|move: Heal Block
|move|p2a: Metal Wing|Spikes|p1a: Ribombee
|-sidestart|p1: domingo a noite|Spikes
|
|upkeep
|turn|9
|
|t:|1758275386
|move|p1a: Ribombee|Sticky Web|p2a: Metal Wing
|-sidestart|p2: powerfull_rock|move: Sticky Web
|move|p2a: Metal Wing|Brave Bird|p1a: Ribombee
|-supereffective|p1a: Ribombee
|-damage|p1a: Ribombee|0 fnt
|faint|p1a: Ribombee
|-damage|p2a: Metal Wing|38/100|[from] Recoil
|
|-end|p2a: Metal Wing|move: Heal Block
|upkeep
|
|t:|1758275394
|switch|p1a: Gholdengo|Gholdengo|100/100
|-item|p1a: Gholdengo|Air Balloon
|turn|10
|
|t:|1758275398
|switch|p2a: Wide Shoulder|Conkeldurr, F, shiny|100/100
|-activate|p2a: Wide Shoulder|move: Sticky Web
|-unboost|p2a: Wide Shoulder|spe|1
|move|p1a: Gholdengo|Shadow Ball|p2a: Wide Shoulder
|-damage|p2a: Wide Shoulder|75/100
|
|upkeep
|turn|11
|
|t:|1758275405
|switch|p1a: Great Tusk|Great Tusk|100/100
|-damage|p1a: Great Tusk|88/100|[from] Spikes
|move|p2a: Wide Shoulder|Knock Off|p1a: Great Tusk
|-resisted|p1a: Great Tusk
|-damage|p1a: Great Tusk|80/100
|
|upkeep
|turn|12
|
|t:|1758275411
|switch|p2a: Broken Vessel|Sinistcha, shiny|100/100
|move|p1a: Great Tusk|Head Smash|p2a: Broken Vessel
|-damage|p2a: Broken Vessel|65/100
|-damage|p1a: Great Tusk|64/100|[from] Recoil
|
|upkeep
|turn|13
|
|t:|1758275416
|-end|p1a: Great Tusk|Protosynthesis|[silent]
|switch|p1a: Kingambit|Kingambit, M|100/100
|-activate|p1a: Kingambit|ability: Supreme Overlord
|-start|p1a: Kingambit|fallen1|[silent]
|-item|p1a: Kingambit|Air Balloon
|move|p2a: Broken Vessel|Matcha Gotcha|p1a: Kingambit
|-resisted|p1a: Kingambit
|-damage|p1a: Kingambit|82/100
|-heal|p2a: Broken Vessel|74/100|[from] drain|[of] p1a: Kingambit
|-enditem|p1a: Kingambit|Air Balloon
|
|upkeep
|turn|14
|
|t:|1758275423
|move|p1a: Kingambit|Swords Dance|p1a: Kingambit
|-boost|p1a: Kingambit|atk|2
|move|p2a: Broken Vessel|Iron Defense|p2a: Broken Vessel
|-boost|p2a: Broken Vessel|def|2
|
|upkeep
|turn|15
|
|t:|1758275426
|move|p1a: Kingambit|Kowtow Cleave|p2a: Broken Vessel
|-supereffective|p2a: Broken Vessel
|-damage|p2a: Broken Vessel|0 fnt
|faint|p2a: Broken Vessel
|
|upkeep
|
|t:|1758275435
|switch|p2a: Love Snake|Enamorus, F|100/100
|turn|16
|
|t:|1758275441
|move|p1a: Kingambit|Sucker Punch||[still]
|-fail|p1a: Kingambit
|move|p2a: Love Snake|Substitute|p2a: Love Snake
|-start|p2a: Love Snake|Substitute
|-damage|p2a: Love Snake|76/100
|
|-heal|p2a: Love Snake|82/100|[from] item: Leftovers
|upkeep
|turn|17
|
|t:|1758275445
|move|p1a: Kingambit|Sucker Punch|p2a: Love Snake
|-resisted|p2a: Love Snake
|-end|p2a: Love Snake|Substitute
|move|p2a: Love Snake|Superpower|p1a: Kingambit
|-supereffective|p1a: Kingambit
|-damage|p1a: Kingambit|0 fnt
|-boost|p2a: Love Snake|atk|1
|-boost|p2a: Love Snake|def|1
|faint|p1a: Kingambit
|-end|p1a: Kingambit|fallen1|[silent]
|
|-heal|p2a: Love Snake|88/100|[from] item: Leftovers
|upkeep
|
|t:|1758275448
|switch|p1a: Gholdengo|Gholdengo|100/100
|-item|p1a: Gholdengo|Air Balloon
|turn|18
|
|t:|1758275454
|switch|p2a: Metal Wing|Skarmory, F|38/100
|move|p1a: Gholdengo|Make It Rain|p2a: Metal Wing
|-resisted|p2a: Metal Wing
|-damage|p2a: Metal Wing|3/100
|-unboost|p1a: Gholdengo|spa|1
|
|-heal|p2a: Metal Wing|9/100|[from] item: Leftovers
|upkeep
|turn|19
|
|t:|1758275458
|move|p1a: Gholdengo|Shadow Ball|p2a: Metal Wing
|-damage|p2a: Metal Wing|0 fnt
|faint|p2a: Metal Wing
|
|upkeep
|
|t:|1758275460
|switch|p2a: Wide Shoulder|Conkeldurr, F, shiny|75/100
|-activate|p2a: Wide Shoulder|move: Sticky Web
|-unboost|p2a: Wide Shoulder|spe|1
|turn|20
|
|t:|1758275462
|switch|p1a: Great Tusk|Great Tusk|64/100
|-damage|p1a: Great Tusk|51/100|[from] Spikes
|move|p2a: Wide Shoulder|Drain Punch|p1a: Great Tusk
|-damage|p1a: Great Tusk|26/100
|-heal|p2a: Wide Shoulder|86/100|[from] drain|[of] p1a: Great Tusk
|
|upkeep
|turn|21
|
|t:|1758275468
|move|p1a: Great Tusk|Headlong Rush|p2a: Wide Shoulder
|-damage|p2a: Wide Shoulder|37/100
|-unboost|p1a: Great Tusk|def|1
|-unboost|p1a: Great Tusk|spd|1
|move|p2a: Wide Shoulder|Drain Punch|p1a: Great Tusk
|-damage|p1a: Great Tusk|0 fnt
|-heal|p2a: Wide Shoulder|49/100|[from] drain|[of] p1a: Great Tusk
|faint|p1a: Great Tusk
|-end|p1a: Great Tusk|Protosynthesis|[silent]
|
|upkeep
|
|t:|1758275471
|switch|p1a: Iron Valiant|Iron Valiant|100/100
|-damage|p1a: Iron Valiant|88/100|[from] Spikes
|-enditem|p1a: Iron Valiant|Booster Energy
|-activate|p1a: Iron Valiant|ability: Quark Drive|[fromitem]
|-start|p1a: Iron Valiant|quarkdrivespe
|turn|22
|
|t:|1758275474
|switch|p2a: Fat Body|Clodsire, F, shiny|100/100
|-activate|p2a: Fat Body|move: Sticky Web
|-unboost|p2a: Fat Body|spe|1
|move|p1a: Iron Valiant|Moonblast|p2a: Fat Body
|-resisted|p2a: Fat Body
|-crit|p2a: Fat Body
|-damage|p2a: Fat Body|78/100
|-unboost|p2a: Fat Body|spa|1
|
|-heal|p2a: Fat Body|84/100|[from] item: Leftovers
|upkeep
|turn|23
|
|t:|1758275481
|switch|p2a: Wide Shoulder|Conkeldurr, F, shiny|49/100
|-activate|p2a: Wide Shoulder|move: Sticky Web
|-unboost|p2a: Wide Shoulder|spe|1
|move|p1a: Iron Valiant|Shadow Ball|p2a: Wide Shoulder
|-damage|p2a: Wide Shoulder|33/100
|
|upkeep
|turn|24
|
|t:|1758275491
|switch|p2a: Fat Body|Clodsire, F, shiny|84/100
|-activate|p2a: Fat Body|move: Sticky Web
|-unboost|p2a: Fat Body|spe|1
|move|p1a: Iron Valiant|Moonblast|p2a: Fat Body
|-resisted|p2a: Fat Body
|-damage|p2a: Fat Body|70/100
|
|-heal|p2a: Fat Body|76/100|[from] item: Leftovers
|upkeep
|turn|25
|
|t:|1758275497
|-end|p1a: Iron Valiant|Quark Drive|[silent]
|switch|p1a: Gholdengo|Gholdengo|100/100
|-item|p1a: Gholdengo|Air Balloon
|move|p2a: Fat Body|Stealth Rock|p1a: Gholdengo
|-sidestart|p1: domingo a noite|move: Stealth Rock
|
|-heal|p2a: Fat Body|82/100|[from] item: Leftovers
|upkeep
|turn|26
|
|t:|1758275504
|switch|p2a: Wide Shoulder|Conkeldurr, F, shiny|33/100
|-activate|p2a: Wide Shoulder|move: Sticky Web
|-unboost|p2a: Wide Shoulder|spe|1
|move|p1a: Gholdengo|Dazzling Gleam|p2a: Wide Shoulder
|-supereffective|p2a: Wide Shoulder
|-damage|p2a: Wide Shoulder|0 fnt
|faint|p2a: Wide Shoulder
|
|upkeep
|
|t:|1758275506
|switch|p2a: Love Snake|Enamorus, F|88/100
|turn|27
|
|t:|1758275508
|move|p2a: Love Snake|Moonblast|p1a: Gholdengo
|-resisted|p1a: Gholdengo
|-damage|p1a: Gholdengo|71/100
|-enditem|p1a: Gholdengo|Air Balloon
|move|p1a: Gholdengo|Make It Rain|p2a: Love Snake
|-supereffective|p2a: Love Snake
|-damage|p2a: Love Snake|0 fnt
|-unboost|p1a: Gholdengo|spa|1
|faint|p2a: Love Snake
|
|upkeep
|
|t:|1758275511
|switch|p2a: Fat Body|Clodsire, F, shiny|82/100
|-activate|p2a: Fat Body|move: Sticky Web
|-unboost|p2a: Fat Body|spe|1
|turn|28
|
|t:|1758275519
|switch|p1a: Manaphy|Manaphy|94/100
|-damage|p1a: Manaphy|82/100|[from] Spikes
|-damage|p1a: Manaphy|69/100|[from] Stealth Rock
|move|p2a: Fat Body|Earthquake|p1a: Manaphy
|-damage|p1a: Manaphy|42/100
|
|-heal|p1a: Manaphy|48/100|[from] item: Leftovers
|-heal|p2a: Fat Body|88/100|[from] item: Leftovers
|upkeep
|turn|29
|
|t:|1758275527
|move|p1a: Manaphy|Surf|p2a: Fat Body
|-heal|p2a: Fat Body|100/100|[from] ability: Water Absorb|[of] p1a: Manaphy
|move|p2a: Fat Body|Earthquake|p1a: Manaphy
|-damage|p1a: Manaphy|21/100
|
|-heal|p1a: Manaphy|27/100|[from] item: Leftovers
|upkeep
|turn|30
|j| wgw2333
|
|t:|1758275537
|move|p1a: Manaphy|Tail Glow|p1a: Manaphy
|-boost|p1a: Manaphy|spa|3
|move|p2a: Fat Body|Earthquake|p1a: Manaphy
|-damage|p1a: Manaphy|0 fnt
|faint|p1a: Manaphy
|
|upkeep
|
|t:|1758275541
|switch|p1a: Gholdengo|Gholdengo|71/100
|-damage|p1a: Gholdengo|59/100|[from] Spikes
|-damage|p1a: Gholdengo|53/100|[from] Stealth Rock
|turn|31
|
|t:|1758275545
|-terastallize|p1a: Gholdengo|Fairy
|move|p1a: Gholdengo|Nasty Plot|p1a: Gholdengo
|-boost|p1a: Gholdengo|spa|2
|move|p2a: Fat Body|Earthquake|p1a: Gholdengo
|-damage|p1a: Gholdengo|20/100
|
|upkeep
|turn|32
|
|t:|1758275549
|move|p1a: Gholdengo|Make It Rain|p2a: Fat Body
|-damage|p2a: Fat Body|19/100
|-unboost|p1a: Gholdengo|spa|1
|move|p2a: Fat Body|Earthquake|p1a: Gholdengo
|-damage|p1a: Gholdengo|0 fnt
|faint|p1a: Gholdengo
|
|-heal|p2a: Fat Body|25/100|[from] item: Leftovers
|upkeep
|
|t:|1758275551
|switch|p1a: Iron Valiant|Iron Valiant|88/100
|-damage|p1a: Iron Valiant|76/100|[from] Spikes
|-damage|p1a: Iron Valiant|69/100|[from] Stealth Rock
|turn|33
|
|t:|1758275553
|move|p1a: Iron Valiant|Shadow Ball|p2a: Fat Body
|-damage|p2a: Fat Body|6/100
|move|p2a: Fat Body|Recover|p2a: Fat Body
|-heal|p2a: Fat Body|57/100
|
|-heal|p2a: Fat Body|63/100|[from] item: Leftovers
|upkeep
|turn|34
|-message|domingo a noite forfeited.
|
|win|powerfull_rock
|raw|domingo a noite's rating: 1716 &rarr; <strong>1695</strong><br />(-21 for losing)
|raw|powerfull_rock's rating: 1695 &rarr; <strong>1716</strong><br />(+21 for winning)
|l|☆domingo a noite
|player|p1|
|j|☆domingo a noite
|player|p1|domingo a noite|miku-ice|
|l|☆domingo a noite
|player|p1|
|l| wgw2333
|l|☆powerfull_rock
|player|p2|
