|j|☆diegoluquechaves
|j|☆AllegianceIs2UrMom
|t:|1758376279
|gametype|singles
|player|p1|diegoluquechaves|102|1435
|player|p2|AllegianceIs2UrMom|2|1417
|gen|9
|tier|[Gen 9] OU
|rated|
|rule|HP Percentage Mod: HP is shown in percentages
|rule|Endless Battle Clause: Forcing endless battles is banned
|rule|Species Clause: Limit one of each Pokémon
|rule|OHKO Clause: OHKO moves are banned
|rule|Evasion Items Clause: Evasion items are banned
|rule|Evasion Moves Clause: Evasion moves are banned
|rule|Evasion Abilities Clause: Evasion abilities are banned
|rule|Sleep Moves Clause: Sleep-inducing moves are banned
|clearpoke
|poke|p1|Typhlosion-Hisui, M|
|poke|p1|Corviknight, M|
|poke|p1|Glimmora, F|
|poke|p1|Great Tusk|
|poke|p1|Araquanid, F|
|poke|p1|Ogerpon, F|
|poke|p2|Metagross|
|poke|p2|Hatterene, F|
|poke|p2|Iron Hands|
|poke|p2|Toedscruel, M|
|poke|p2|Pelipper, F|
|poke|p2|Ursaluna, M|
|teampreview
|inactive|Battle timer is ON: inactive players will automatically lose when time's up. (requested by AllegianceIs2UrMom)
|
|t:|1758376335
|teamsize|p1|6
|teamsize|p2|6
|start
|switch|p1a: Glimmora|Glimmora, F|100/100
|switch|p2a: Toedscruel|Toedscruel, M|100/100
|turn|1
|
|t:|1758376343
|switch|p1a: Corviknight|Corviknight, M|100/100
|move|p2a: Toedscruel|Rapid Spin|p1a: Corviknight
|-resisted|p1a: Corviknight
|-damage|p1a: Corviknight|98/100
|-boost|p2a: Toedscruel|spe|1
|-damage|p2a: Toedscruel|84/100|[from] item: Rocky Helmet|[of] p1a: Corviknight
|
|-heal|p2a: Toedscruel|90/100|[from] item: Leftovers
|upkeep
|turn|2
|
|t:|1758376359
|move|p1a: Corviknight|U-turn|p2a: Toedscruel
|-supereffective|p2a: Toedscruel
|-damage|p2a: Toedscruel|50/100
|
|t:|1758376366
|switch|p1a: Typhlosion|Typhlosion-Hisui, M|100/100|[from] U-turn
|-item|p2a: Toedscruel|Leftovers|[from] ability: Frisk|[of] p1a: Typhlosion
|move|p2a: Toedscruel|Trick Room|p2a: Toedscruel
|-fieldstart|move: Trick Room|[of] p2a: Toedscruel
|
|-heal|p2a: Toedscruel|56/100|[from] item: Leftovers
|upkeep
|turn|3
|inactive|diegoluquechaves has 120 seconds left.
|
|t:|1758376395
|switch|p2a: Pelipper|Pelipper, F|100/100
|-weather|RainDance|[from] ability: Drizzle|[of] p2a: Pelipper
|move|p1a: Typhlosion|Eruption|p2a: Pelipper
|-resisted|p2a: Pelipper
|-damage|p2a: Pelipper|71/100
|
|-weather|RainDance|[upkeep]
|upkeep
|turn|4
|inactive|diegoluquechaves has 120 seconds left.
|
|t:|1758376408
|switch|p1a: Araquanid|Araquanid, F|100/100
|move|p2a: Pelipper|Weather Ball|p1a: Araquanid
|-resisted|p1a: Araquanid
|-damage|p1a: Araquanid|75/100
|
|-weather|RainDance|[upkeep]
|-heal|p1a: Araquanid|81/100|[from] item: Leftovers
|upkeep
|turn|5
|inactive|diegoluquechaves has 120 seconds left.
|
|t:|1758376434
|move|p1a: Araquanid|Liquidation|p2a: Pelipper
|-resisted|p2a: Pelipper
|-damage|p2a: Pelipper|39/100
|move|p2a: Pelipper|Hurricane|p1a: Araquanid
|-supereffective|p1a: Araquanid
|-damage|p1a: Araquanid|18/100
|
|-weather|RainDance|[upkeep]
|-heal|p1a: Araquanid|24/100|[from] item: Leftovers
|upkeep
|turn|6
|
|t:|1758376444
|move|p1a: Araquanid|Liquidation|p2a: Pelipper
|-resisted|p2a: Pelipper
|-damage|p2a: Pelipper|1/100
|move|p2a: Pelipper|Weather Ball|p1a: Araquanid
|-resisted|p1a: Araquanid
|-damage|p1a: Araquanid|0 fnt
|faint|p1a: Araquanid
|
|-weather|RainDance|[upkeep]
|-fieldend|move: Trick Room
|upkeep
|
|t:|1758376469
|switch|p1a: Glimmora|Glimmora, F|100/100
|turn|7
|
|t:|1758376479
|switch|p2a: Hatterene|Hatterene, F|100/100
|move|p1a: Glimmora|Meteor Beam||[still]
|-prepare|p1a: Glimmora|Meteor Beam
|-boost|p1a: Glimmora|spa|1
|-enditem|p1a: Glimmora|Power Herb
|-anim|p1a: Glimmora|Meteor Beam|p2a: Hatterene
|-crit|p2a: Hatterene
|-damage|p2a: Hatterene|0 fnt
|faint|p2a: Hatterene
|
|-weather|none
|upkeep
|
|t:|1758376484
|switch|p2a: Toedscruel|Toedscruel, M|56/100
|turn|8
|
|t:|1758376506
|-terastallize|p1a: Glimmora|Grass
|move|p1a: Glimmora|Energy Ball|p2a: Toedscruel
|-damage|p2a: Toedscruel|17/100
|-unboost|p2a: Toedscruel|spd|1
|move|p2a: Toedscruel|Trick Room|p2a: Toedscruel
|-fieldstart|move: Trick Room|[of] p2a: Toedscruel
|
|-heal|p2a: Toedscruel|23/100|[from] item: Leftovers
|upkeep
|turn|9
|inactive|diegoluquechaves has 90 seconds left.
|
|t:|1758376526
|move|p2a: Toedscruel|Earth Power|p1a: Glimmora
|-resisted|p1a: Glimmora
|-damage|p1a: Glimmora|83/100
|move|p1a: Glimmora|Energy Ball|p2a: Toedscruel
|-crit|p2a: Toedscruel
|-damage|p2a: Toedscruel|0 fnt
|faint|p2a: Toedscruel
|
|upkeep
|
|t:|1758376532
|switch|p2a: Pelipper|Pelipper, F|1/100
|-weather|RainDance|[from] ability: Drizzle|[of] p2a: Pelipper
|turn|10
|inactive|diegoluquechaves has 90 seconds left.
|
|t:|1758376548
|switch|p1a: Corviknight|Corviknight, M|98/100
|move|p2a: Pelipper|Weather Ball|p1a: Corviknight
|-damage|p1a: Corviknight|24/100
|
|-weather|RainDance|[upkeep]
|upkeep
|turn|11
|inactive|diegoluquechaves has 90 seconds left.
|
|t:|1758376559
|move|p2a: Pelipper|Hurricane|p1a: Corviknight
|-resisted|p1a: Corviknight
|-damage|p1a: Corviknight|0 fnt
|faint|p1a: Corviknight
|
|-weather|RainDance|[upkeep]
|upkeep
|inactive|diegoluquechaves has 90 seconds left.
|
|t:|1758376572
|switch|p1a: Typhlosion|Typhlosion-Hisui, M|100/100
|-item|p2a: Pelipper|Mystic Water|[from] ability: Frisk|[of] p1a: Typhlosion
|turn|12
|
|t:|1758376577
|switch|p1a: Ogerpon|Ogerpon, F|100/100
|move|p2a: Pelipper|Weather Ball|p1a: Ogerpon
|-resisted|p1a: Ogerpon
|-damage|p1a: Ogerpon|52/100
|
|-weather|RainDance|[upkeep]
|-fieldend|move: Trick Room
|upkeep
|turn|13
|inactive|diegoluquechaves has 90 seconds left.
|
|t:|1758376594
|switch|p2a: Iron Hands|Iron Hands|100/100
|move|p1a: Ogerpon|U-turn|p2a: Iron Hands
|-resisted|p2a: Iron Hands
|-damage|p2a: Iron Hands|94/100
|inactive|diegoluquechaves has 90 seconds left.
|
|t:|1758376604
|switch|p1a: Great Tusk|Great Tusk|100/100|[from] U-turn
|-enditem|p1a: Great Tusk|Booster Energy
|-activate|p1a: Great Tusk|ability: Protosynthesis|[fromitem]
|-start|p1a: Great Tusk|protosynthesisatk
|
|-weather|RainDance|[upkeep]
|-heal|p2a: Iron Hands|99/100|[from] item: Leftovers
|upkeep
|turn|14
|inactive|diegoluquechaves has 90 seconds left.
|
|t:|1758376617
|-terastallize|p2a: Iron Hands|Flying
|move|p1a: Great Tusk|Stealth Rock|p2a: Iron Hands
|-sidestart|p2: AllegianceIs2UrMom|move: Stealth Rock
|move|p2a: Iron Hands|Swords Dance|p2a: Iron Hands
|-boost|p2a: Iron Hands|atk|2
|
|-weather|none
|-heal|p2a: Iron Hands|100/100|[from] item: Leftovers
|upkeep
|turn|15
|inactive|diegoluquechaves has 90 seconds left.
|
|t:|1758376629
|move|p1a: Great Tusk|Ice Spinner|p2a: Iron Hands
|-supereffective|p2a: Iron Hands
|-damage|p2a: Iron Hands|55/100
|move|p2a: Iron Hands|Drain Punch|p1a: Great Tusk
|-damage|p1a: Great Tusk|37/100
|-heal|p2a: Iron Hands|78/100|[from] drain|[of] p1a: Great Tusk
|
|-heal|p2a: Iron Hands|84/100|[from] item: Leftovers
|upkeep
|turn|16
|inactive|diegoluquechaves has 90 seconds left.
|
|t:|1758376646
|move|p1a: Great Tusk|Ice Spinner|p2a: Iron Hands
|-supereffective|p2a: Iron Hands
|-damage|p2a: Iron Hands|36/100
|move|p2a: Iron Hands|Drain Punch|p1a: Great Tusk
|-damage|p1a: Great Tusk|0 fnt
|-heal|p2a: Iron Hands|50/100|[from] drain|[of] p1a: Great Tusk
|faint|p1a: Great Tusk
|-end|p1a: Great Tusk|Protosynthesis|[silent]
|
|-heal|p2a: Iron Hands|56/100|[from] item: Leftovers
|upkeep
|inactive|diegoluquechaves has 60 seconds left.
|
|t:|1758376682
|switch|p1a: Typhlosion|Typhlosion-Hisui, M|100/100
|-item|p2a: Iron Hands|Leftovers|[from] ability: Frisk|[of] p1a: Typhlosion
|turn|17
|
|t:|1758376711
|move|p1a: Typhlosion|Eruption|p2a: Iron Hands
|-damage|p2a: Iron Hands|0 fnt
|faint|p2a: Iron Hands
|-end|p2a: Iron Hands|Quark Drive|[silent]
|
|upkeep
|
|t:|1758376714
|switch|p2a: Ursaluna|Ursaluna, M|100/100
|-damage|p2a: Ursaluna|94/100|[from] Stealth Rock
|turn|18
|inactive|diegoluquechaves has 60 seconds left.
|
|t:|1758376730
|switch|p2a: Pelipper|Pelipper, F|1/100
|-damage|p2a: Pelipper|0 fnt|[from] Stealth Rock
|faint|p2a: Pelipper
|move|p1a: Typhlosion|Eruption|p2: Pelipper|[notarget]
|-fail|p1a: Typhlosion
|
|upkeep
|
|t:|1758376736
|switch|p2a: Ursaluna|Ursaluna, M|94/100
|-damage|p2a: Ursaluna|88/100|[from] Stealth Rock
|turn|19
|
|t:|1758376742
|move|p1a: Typhlosion|Eruption|p2a: Ursaluna
|-damage|p2a: Ursaluna|23/100
|move|p2a: Ursaluna|Headlong Rush|p1a: Typhlosion
|-supereffective|p1a: Typhlosion
|-damage|p1a: Typhlosion|0 fnt
|-unboost|p2a: Ursaluna|def|1
|-unboost|p2a: Ursaluna|spd|1
|faint|p1a: Typhlosion
|
|-status|p2a: Ursaluna|brn|[from] item: Flame Orb
|upkeep
|
|t:|1758376755
|switch|p1a: Ogerpon|Ogerpon, F|52/100
|turn|20
|
|t:|1758376769
|move|p1a: Ogerpon|Ivy Cudgel|p2a: Ursaluna
|-supereffective|p2a: Ursaluna
|-damage|p2a: Ursaluna|0 fnt
|faint|p2a: Ursaluna
|
|upkeep
|
|t:|1758376771
|switch|p2a: Metagross|Metagross|100/100
|-damage|p2a: Metagross|94/100|[from] Stealth Rock
|turn|21
|
|t:|1758376778
|move|p1a: Ogerpon|Knock Off|p2a: Metagross
|-supereffective|p2a: Metagross
|-damage|p2a: Metagross|45/100
|-enditem|p2a: Metagross|Assault Vest|[from] move: Knock Off|[of] p1a: Ogerpon
|move|p2a: Metagross|Psychic Fangs|p1a: Ogerpon
|-damage|p1a: Ogerpon|0 fnt
|faint|p1a: Ogerpon
|
|upkeep
|
|t:|1758376786
|switch|p1a: Glimmora|Glimmora, F, tera:Grass|83/100
|turn|22
|
|t:|1758376791
|move|p1a: Glimmora|Earth Power|p2a: Metagross
|-supereffective|p2a: Metagross
|-damage|p2a: Metagross|0 fnt
|faint|p2a: Metagross
|
|win|diegoluquechaves
|raw|diegoluquechaves's rating: 1435 &rarr; <strong>1453</strong><br />(+18 for winning)
|raw|AllegianceIs2UrMom's rating: 1396 &rarr; <strong>1378</strong><br />(-18 for losing)
|l|☆AllegianceIs2UrMom
|player|p2|
|l|☆diegoluquechaves
|player|p1|
