|j|☆VeilWalker
|j|☆Crogenius2
|t:|1758284479
|gametype|singles
|player|p1|VeilWalker|sonia-masters|1570
|player|p2|Crogenius2|wattson|1654
|gen|9
|tier|[Gen 9] OU
|rated|
|rule|HP Percentage Mod: HP is shown in percentages
|rule|Endless Battle Clause: Forcing endless battles is banned
|rule|Species Clause: Limit one of each Pokémon
|rule|OHKO Clause: OHKO moves are banned
|rule|Evasion Items Clause: Evasion items are banned
|rule|Evasion Moves Clause: Evasion moves are banned
|rule|Evasion Abilities Clause: Evasion abilities are banned
|rule|Sleep Moves Clause: Sleep-inducing moves are banned
|clearpoke
|poke|p1|Pecharunt|
|poke|p1|Great Tusk|
|poke|p1|Ogerpon-Wellspring, F|
|poke|p1|Iron Crown|
|poke|p1|Landorus-Therian, M|
|poke|p1|Samurott-Hisui, M|
|poke|p2|Vaporeon, F|
|poke|p2|Garchomp, M|
|poke|p2|Gholdengo|
|poke|p2|Darkrai|
|poke|p2|Scizor, M|
|poke|p2|Great Tusk|
|teampreview
|inactive|Battle timer is ON: inactive players will automatically lose when time's up. (requested by Crogenius2)
|inactive|VeilWalker also wants the timer to be on.
|l|☆VeilWalker
|inactive|VeilWalker disconnected and has a minute to reconnect!
|player|p1|
|j|☆VeilWalker
|inactive|VeilWalker reconnected and has 110 seconds left.
|player|p1|VeilWalker|sonia-masters|
|
|t:|1758284528
|teamsize|p1|6
|teamsize|p2|6
|start
|switch|p1a: Landorus|Landorus-Therian, M|100/100
|switch|p2a: Scizor|Scizor, M|100/100
|-ability|p1a: Landorus|Intimidate|boost
|-unboost|p2a: Scizor|atk|1
|turn|1
|
|t:|1758284549
|move|p1a: Landorus|U-turn|p2a: Scizor
|-resisted|p2a: Scizor
|-damage|p2a: Scizor|85/100
|
|t:|1758284553
|switch|p1a: Pecharunt|Pecharunt|100/100|[from] U-turn
|move|p2a: Scizor|U-turn|p1a: Pecharunt
|-resisted|p1a: Pecharunt
|-damage|p1a: Pecharunt|96/100
|-damage|p2a: Scizor|68/100|[from] item: Rocky Helmet|[of] p1a: Pecharunt
|
|t:|1758284561
|switch|p2a: Darkrai|Darkrai|100/100|[from] U-turn
|
|upkeep
|turn|2
|
|t:|1758284571
|switch|p1a: Samurott|Samurott-Hisui, M|100/100
|move|p2a: Darkrai|Focus Blast|p1a: Samurott|[miss]
|-miss|p2a: Darkrai|p1a: Samurott
|
|upkeep
|turn|3
|
|t:|1758284582
|switch|p2a: Garchomp|Garchomp, M|100/100
|switch|p1a: Landorus|Landorus-Therian, M|100/100
|-ability|p1a: Landorus|Intimidate|boost
|-unboost|p2a: Garchomp|atk|1
|
|upkeep
|turn|4
|
|t:|1758284598
|switch|p1a: Ogerpon|Ogerpon-Wellspring, F|100/100
|move|p2a: Garchomp|Stealth Rock|p1a: Ogerpon
|-sidestart|p1: VeilWalker|move: Stealth Rock
|
|upkeep
|turn|5
|
|t:|1758284608
|move|p1a: Ogerpon|Ivy Cudgel|p2a: Garchomp|[anim] Ivy Cudgel Water
|-damage|p2a: Garchomp|71/100
|move|p2a: Garchomp|Dragon Tail|p1a: Ogerpon
|-damage|p1a: Ogerpon|85/100
|drag|p1a: Iron Crown|Iron Crown|100/100
|-damage|p1a: Iron Crown|94/100|[from] Stealth Rock
|
|upkeep
|turn|6
|
|t:|1758284627
|-end|p1a: Iron Crown|Quark Drive|[silent]
|switch|p1a: Ogerpon|Ogerpon-Wellspring, F|85/100
|-damage|p1a: Ogerpon|72/100|[from] Stealth Rock
|switch|p2a: Vaporeon|Vaporeon, F|100/100
|
|upkeep
|turn|7
|
|t:|1758284631
|switch|p2a: Garchomp|Garchomp, M|71/100
|move|p1a: Ogerpon|Swords Dance|p1a: Ogerpon
|-boost|p1a: Ogerpon|atk|2
|
|upkeep
|turn|8
|
|t:|1758284636
|move|p1a: Ogerpon|Ivy Cudgel|p2a: Garchomp|[anim] Ivy Cudgel Water
|-damage|p2a: Garchomp|10/100
|move|p2a: Garchomp|Dragon Tail|p1a: Ogerpon
|-damage|p1a: Ogerpon|48/100
|drag|p1a: Pecharunt|Pecharunt|96/100
|-damage|p1a: Pecharunt|84/100|[from] Stealth Rock
|
|upkeep
|turn|9
|
|t:|1758284649
|move|p2a: Garchomp|Earthquake|p1a: Pecharunt
|-supereffective|p1a: Pecharunt
|-damage|p1a: Pecharunt|43/100
|move|p1a: Pecharunt|Parting Shot|p2a: Garchomp
|-unboost|p2a: Garchomp|atk|1
|-unboost|p2a: Garchomp|spa|1
|
|t:|1758284659
|switch|p1a: Landorus|Landorus-Therian, M|100/100|[from] Parting Shot
|-damage|p1a: Landorus|88/100|[from] Stealth Rock
|-ability|p1a: Landorus|Intimidate|boost
|-unboost|p2a: Garchomp|atk|1
|
|upkeep
|turn|10
|
|t:|1758284662
|move|p1a: Landorus|Earthquake|p2a: Garchomp
|-crit|p2a: Garchomp
|-damage|p2a: Garchomp|0 fnt
|faint|p2a: Garchomp
|
|upkeep
|
|t:|1758284664
|switch|p2a: Darkrai|Darkrai|100/100
|turn|11
|
|t:|1758284669
|switch|p1a: Samurott|Samurott-Hisui, M|100/100
|-damage|p1a: Samurott|88/100|[from] Stealth Rock
|-terastallize|p2a: Darkrai|Dark
|move|p2a: Darkrai|Dark Pulse|p1a: Samurott
|-resisted|p1a: Samurott
|-damage|p1a: Samurott|47/100
|
|upkeep
|turn|12
|
|t:|1758284680
|switch|p2a: Great Tusk|Great Tusk|100/100
|move|p1a: Samurott|Ceaseless Edge|p2a: Great Tusk
|-resisted|p2a: Great Tusk
|-damage|p2a: Great Tusk|84/100
|-sidestart|p2: Crogenius2|Spikes
|
|upkeep
|turn|13
|
|t:|1758284686
|switch|p1a: Pecharunt|Pecharunt|43/100
|-damage|p1a: Pecharunt|30/100|[from] Stealth Rock
|move|p2a: Great Tusk|Earthquake|p1a: Pecharunt
|-supereffective|p1a: Pecharunt
|-damage|p1a: Pecharunt|0 fnt
|faint|p1a: Pecharunt
|
|upkeep
|
|t:|1758284692
|switch|p1a: Great Tusk|Great Tusk|100/100
|-damage|p1a: Great Tusk|98/100|[from] Stealth Rock
|-enditem|p1a: Great Tusk|Booster Energy
|-activate|p1a: Great Tusk|ability: Protosynthesis|[fromitem]
|-start|p1a: Great Tusk|protosynthesisspe
|turn|14
|
|t:|1758284696
|move|p1a: Great Tusk|Rapid Spin|p2a: Great Tusk
|-damage|p2a: Great Tusk|74/100
|-boost|p1a: Great Tusk|spe|1
|-sideend|p1: VeilWalker|Stealth Rock|[from] move: Rapid Spin|[of] p1a: Great Tusk
|move|p2a: Great Tusk|Ice Spinner|p1a: Great Tusk
|-supereffective|p1a: Great Tusk
|-damage|p1a: Great Tusk|60/100
|
|upkeep
|turn|15
|
|t:|1758284699
|move|p1a: Great Tusk|Stealth Rock|p2a: Great Tusk
|-sidestart|p2: Crogenius2|move: Stealth Rock
|move|p2a: Great Tusk|Ice Spinner|p1a: Great Tusk
|-supereffective|p1a: Great Tusk
|-damage|p1a: Great Tusk|24/100
|
|upkeep
|turn|16
|
|t:|1758284703
|move|p1a: Great Tusk|Headlong Rush|p2a: Great Tusk
|-damage|p2a: Great Tusk|34/100
|-unboost|p1a: Great Tusk|def|1
|-unboost|p1a: Great Tusk|spd|1
|move|p2a: Great Tusk|Rapid Spin|p1a: Great Tusk
|-damage|p1a: Great Tusk|8/100
|-boost|p2a: Great Tusk|spe|1
|-sideend|p2: Crogenius2|Spikes|[from] move: Rapid Spin|[of] p2a: Great Tusk
|-sideend|p2: Crogenius2|Stealth Rock|[from] move: Rapid Spin|[of] p2a: Great Tusk
|
|upkeep
|turn|17
|
|t:|1758284709
|move|p1a: Great Tusk|Stealth Rock|p2a: Great Tusk
|-sidestart|p2: Crogenius2|move: Stealth Rock
|move|p2a: Great Tusk|Rapid Spin|p1a: Great Tusk
|-damage|p1a: Great Tusk|0 fnt
|-boost|p2a: Great Tusk|spe|1
|-sideend|p2: Crogenius2|Stealth Rock|[from] move: Rapid Spin|[of] p2a: Great Tusk
|faint|p1a: Great Tusk
|-end|p1a: Great Tusk|Protosynthesis|[silent]
|
|upkeep
|
|t:|1758284720
|switch|p1a: Ogerpon|Ogerpon-Wellspring, F|48/100
|turn|18
|
|t:|1758284723
|move|p2a: Great Tusk|Earthquake|p1a: Ogerpon
|-resisted|p1a: Ogerpon
|-damage|p1a: Ogerpon|26/100
|move|p1a: Ogerpon|Synthesis|p1a: Ogerpon
|-heal|p1a: Ogerpon|76/100
|
|upkeep
|turn|19
|
|t:|1758284728
|move|p2a: Great Tusk|Close Combat|p1a: Ogerpon
|-damage|p1a: Ogerpon|16/100
|-unboost|p2a: Great Tusk|def|1
|-unboost|p2a: Great Tusk|spd|1
|move|p1a: Ogerpon|Trailblaze|p2a: Great Tusk
|-supereffective|p2a: Great Tusk
|-damage|p2a: Great Tusk|0 fnt
|-boost|p1a: Ogerpon|spe|1
|faint|p2a: Great Tusk
|-end|p2a: Great Tusk|Protosynthesis|[silent]
|
|upkeep
|
|t:|1758284734
|switch|p2a: Scizor|Scizor, M|68/100
|turn|20
|
|t:|1758284749
|switch|p1a: Iron Crown|Iron Crown|94/100
|move|p2a: Scizor|Bullet Punch|p1a: Iron Crown
|-resisted|p1a: Iron Crown
|-damage|p1a: Iron Crown|68/100
|
|upkeep
|turn|21
|
|t:|1758284752
|switch|p2a: Vaporeon|Vaporeon, F|100/100
|move|p1a: Iron Crown|Volt Switch|p2a: Vaporeon
|-supereffective|p2a: Vaporeon
|-damage|p2a: Vaporeon|60/100
|
|t:|1758284756
|-end|p1a: Iron Crown|Quark Drive|[silent]
|switch|p1a: Ogerpon|Ogerpon-Wellspring, F|16/100|[from] Volt Switch
|
|-heal|p2a: Vaporeon|66/100|[from] item: Leftovers
|upkeep
|turn|22
|
|t:|1758284762
|switch|p2a: Darkrai|Darkrai, tera:Dark|100/100
|move|p1a: Ogerpon|Synthesis|p1a: Ogerpon
|-heal|p1a: Ogerpon|66/100
|
|upkeep
|turn|23
|
|t:|1758284781
|move|p2a: Darkrai|Dark Pulse|p1a: Ogerpon
|-damage|p1a: Ogerpon|0 fnt
|faint|p1a: Ogerpon
|
|upkeep
|
|t:|1758284794
|switch|p1a: Landorus|Landorus-Therian, M|88/100
|-ability|p1a: Landorus|Intimidate|boost
|-unboost|p2a: Darkrai|atk|1
|turn|24
|
|t:|1758284796
|move|p1a: Landorus|U-turn|p2a: Darkrai
|-supereffective|p2a: Darkrai
|-damage|p2a: Darkrai|27/100
|
|t:|1758284799
|switch|p1a: Samurott|Samurott-Hisui, M|47/100|[from] U-turn
|move|p2a: Darkrai|Dark Pulse|p1a: Samurott
|-resisted|p1a: Samurott
|-damage|p1a: Samurott|9/100
|
|upkeep
|turn|25
|
|t:|1758284802
|move|p1a: Samurott|Sucker Punch|p2a: Darkrai
|-resisted|p2a: Darkrai
|-damage|p2a: Darkrai|6/100
|move|p2a: Darkrai|Dark Pulse|p1a: Samurott
|-resisted|p1a: Samurott
|-damage|p1a: Samurott|0 fnt
|faint|p1a: Samurott
|
|upkeep
|
|t:|1758284805
|switch|p1a: Landorus|Landorus-Therian, M|88/100
|-ability|p1a: Landorus|Intimidate|boost
|-unboost|p2a: Darkrai|atk|1
|turn|26
|
|t:|1758284810
|switch|p2a: Scizor|Scizor, M|68/100
|move|p1a: Landorus|U-turn|p2a: Scizor
|-resisted|p2a: Scizor
|-damage|p2a: Scizor|55/100
|
|t:|1758284814
|switch|p1a: Iron Crown|Iron Crown|68/100|[from] U-turn
|
|upkeep
|turn|27
|
|t:|1758284826
|move|p2a: Scizor|Bullet Punch|p1a: Iron Crown
|-resisted|p1a: Iron Crown
|-damage|p1a: Iron Crown|42/100
|move|p1a: Iron Crown|Volt Switch|p2a: Scizor
|-damage|p2a: Scizor|16/100
|
|t:|1758284828
|-end|p1a: Iron Crown|Quark Drive|[silent]
|switch|p1a: Landorus|Landorus-Therian, M|88/100|[from] Volt Switch
|-ability|p1a: Landorus|Intimidate|boost
|-unboost|p2a: Scizor|atk|1
|
|upkeep
|turn|28
|
|t:|1758284834
|move|p2a: Scizor|Bullet Punch|p1a: Landorus
|-damage|p1a: Landorus|45/100
|move|p1a: Landorus|U-turn|p2a: Scizor
|-resisted|p2a: Scizor
|-damage|p2a: Scizor|3/100
|
|t:|1758284837
|switch|p1a: Iron Crown|Iron Crown|42/100|[from] U-turn
|
|upkeep
|turn|29
|
|t:|1758284842
|switch|p2a: Darkrai|Darkrai, tera:Dark|6/100
|move|p1a: Iron Crown|Volt Switch|p2a: Darkrai
|-crit|p2a: Darkrai
|-damage|p2a: Darkrai|0 fnt
|faint|p2a: Darkrai
|
|t:|1758284844
|-end|p1a: Iron Crown|Quark Drive|[silent]
|switch|p1a: Landorus|Landorus-Therian, M|45/100|[from] Volt Switch
|
|upkeep
|
|t:|1758284845
|switch|p2a: Scizor|Scizor, M|3/100
|turn|30
|
|t:|1758284858
|move|p2a: Scizor|Bullet Punch|p1a: Landorus
|-damage|p1a: Landorus|0 fnt
|faint|p1a: Landorus
|
|upkeep
|
|t:|1758284862
|switch|p1a: Iron Crown|Iron Crown|42/100
|turn|31
|inactive|VeilWalker has 120 seconds left.
|
|t:|1758284901
|-terastallize|p1a: Iron Crown|Steel
|move|p2a: Scizor|Bullet Punch|p1a: Iron Crown
|-resisted|p1a: Iron Crown
|-damage|p1a: Iron Crown|12/100
|move|p1a: Iron Crown|Tachyon Cutter|p2a: Scizor
|-resisted|p2a: Scizor
|-damage|p2a: Scizor|0 fnt
|faint|p2a: Scizor
|-hitcount|p2: Scizor|1
|
|upkeep
|
|t:|1758284911
|switch|p2a: Gholdengo|Gholdengo|100/100
|turn|32
|
|t:|1758284913
|move|p2a: Gholdengo|Shadow Ball|p1a: Iron Crown
|-damage|p1a: Iron Crown|0 fnt
|faint|p1a: Iron Crown
|-end|p1a: Iron Crown|Quark Drive|[silent]
|
|win|Crogenius2
|raw|VeilWalker's rating: 1570 &rarr; <strong>1555</strong><br />(-15 for losing)
|raw|Crogenius2's rating: 1654 &rarr; <strong>1669</strong><br />(+15 for winning)
|l|☆VeilWalker
|player|p1|
|l|☆Crogenius2
|player|p2|
