|j|☆T9xxx
|j|☆magical leaves
|t:|1758234155
|gametype|singles
|player|p1|T9xxx|266|1258
|player|p2|magical leaves|aromalady|1310
|gen|9
|tier|[Gen 9] OU
|rated|
|rule|HP Percentage Mod: HP is shown in percentages
|rule|Endless Battle Clause: Forcing endless battles is banned
|rule|Species Clause: Limit one of each Pokémon
|rule|OHKO Clause: OHKO moves are banned
|rule|Evasion Items Clause: Evasion items are banned
|rule|Evasion Moves Clause: Evasion moves are banned
|rule|Evasion Abilities Clause: Evasion abilities are banned
|rule|Sleep Moves Clause: Sleep-inducing moves are banned
|clearpoke
|poke|p1|Glimmora, F|
|poke|p1|Tyranitar, F|
|poke|p1|Skarmory, F|
|poke|p1|Gholdengo|
|poke|p1|Hatterene, F|
|poke|p1|Dragonite, F|
|poke|p2|Lilligant-Hisui, F|
|poke|p2|Thundurus, M|
|poke|p2|Ting-Lu|
|poke|p2|Blaziken, F|
|poke|p2|Walking Wake|
|poke|p2|Scizor, F|
|teampreview
|inactive|Battle timer is ON: inactive players will automatically lose when time's up. (requested by magical leaves)
|
|t:|1758234216
|teamsize|p1|6
|teamsize|p2|6
|start
|switch|p1a: Glimmora|Glimmora, F, shiny|100/100
|switch|p2a: shnow|Ting-Lu|100/100
|-ability|p2a: shnow|Vessel of Ruin
|turn|1
|
|t:|1758234226
|move|p1a: Glimmora|Stealth Rock|p2a: shnow
|-sidestart|p2: magical leaves|move: Stealth Rock
|move|p2a: shnow|Stealth Rock|p1a: Glimmora
|-sidestart|p1: T9xxx|move: Stealth Rock
|
|upkeep
|turn|2
|
|t:|1758234238
|move|p1a: Glimmora|Mortal Spin|p2a: shnow
|-resisted|p2a: shnow
|-damage|p2a: shnow|99/100
|-status|p2a: shnow|psn
|-sideend|p1: T9xxx|Stealth Rock|[from] move: Mortal Spin|[of] p1a: Glimmora
|move|p2a: shnow|Earthquake|p1a: Glimmora
|-supereffective|p1a: Glimmora
|-enditem|p1a: Glimmora|Focus Sash
|-damage|p1a: Glimmora|1/100
|-activate|p1a: Glimmora|ability: Toxic Debris
|-sidestart|p2: magical leaves|move: Toxic Spikes
|
|-heal|p2a: shnow|100/100 psn|[from] item: Leftovers
|-damage|p2a: shnow|88/100 psn|[from] psn
|upkeep
|turn|3
|
|t:|1758234253
|move|p1a: Glimmora|Spiky Shield|p1a: Glimmora
|-singleturn|p1a: Glimmora|move: Protect
|move|p2a: shnow|Earthquake|p1a: Glimmora
|-activate|p1a: Glimmora|move: Protect
|
|-heal|p2a: shnow|94/100 psn|[from] item: Leftovers
|-damage|p2a: shnow|82/100 psn|[from] psn
|upkeep
|turn|4
|
|t:|1758234262
|move|p1a: Glimmora|Spikes|p2a: shnow
|-sidestart|p2: magical leaves|Spikes
|move|p2a: shnow|Earthquake|p1a: Glimmora
|-supereffective|p1a: Glimmora
|-damage|p1a: Glimmora|0 fnt
|-activate|p1a: Glimmora|ability: Toxic Debris
|-sidestart|p2: magical leaves|move: Toxic Spikes
|faint|p1a: Glimmora
|
|-heal|p2a: shnow|88/100 psn|[from] item: Leftovers
|-damage|p2a: shnow|76/100 psn|[from] psn
|upkeep
|
|t:|1758234273
|switch|p1a: Hatterene|Hatterene, F|100/100
|turn|5
|
|t:|1758234280
|move|p1a: Hatterene|Draining Kiss|p2a: shnow
|-supereffective|p2a: shnow
|-damage|p2a: shnow|51/100 psn
|move|p2a: shnow|Whirlwind|p1a: Hatterene
|move|p1a: Hatterene|Whirlwind|p2a: shnow|[from] ability: Magic Bounce
|drag|p2a: jello|Blaziken, F|100/100
|-damage|p2a: jello|88/100|[from] Stealth Rock
|-status|p2a: jello|tox
|-damage|p2a: jello|76/100 tox|[from] Spikes
|
|-damage|p2a: jello|70/100 tox|[from] psn
|upkeep
|turn|6
|
|t:|1758234303
|switch|p1a: Dragonite|Dragonite, F|100/100
|move|p2a: jello|Focus Energy|p2a: jello
|-start|p2a: jello|move: Focus Energy
|
|-damage|p2a: jello|58/100 tox|[from] psn
|-ability|p2a: jello|Speed Boost|boost
|-boost|p2a: jello|spe|1
|upkeep
|turn|7
|
|t:|1758234312
|move|p1a: Dragonite|Extreme Speed|p2a: jello
|-damage|p2a: jello|0 fnt
|faint|p2a: jello
|
|upkeep
|
|t:|1758234317
|switch|p2a: raps|Scizor, F|100/100
|turn|8
|
|t:|1758234320
|switch|p1a: Skarmory|Skarmory, F|100/100
|move|p2a: raps|Defog|p1a: Skarmory
|-unboost|p1a: Skarmory|evasion|1
|-sideend|p2: magical leaves|Spikes|[from] move: Defog|[of] p2a: raps
|-sideend|p2: magical leaves|Toxic Spikes|[from] move: Defog|[of] p2a: raps
|-sideend|p2: magical leaves|Stealth Rock|[from] move: Defog|[of] p2a: raps
|
|upkeep
|turn|9
|
|t:|1758234334
|switch|p2a: thundercat|Thundurus, M|100/100
|move|p1a: Skarmory|Spikes|p2a: thundercat
|-sidestart|p2: magical leaves|Spikes
|
|upkeep
|turn|10
|
|t:|1758234344
|switch|p1a: Tyranitar|Tyranitar, F|100/100
|-weather|Sandstorm|[from] ability: Sand Stream|[of] p1a: Tyranitar
|move|p2a: thundercat|Sunny Day|p2a: thundercat
|-weather|SunnyDay
|
|-weather|SunnyDay|[upkeep]
|upkeep
|turn|11
|
|t:|1758234355
|move|p2a: thundercat|Thunder Wave|p1a: Tyranitar
|-hint|Since gen 7, Dark is immune to Prankster moves.
|-immune|p1a: Tyranitar
|move|p1a: Tyranitar|Knock Off|p2a: thundercat
|-damage|p2a: thundercat|22/100
|-enditem|p2a: thundercat|Heat Rock|[from] move: Knock Off|[of] p1a: Tyranitar
|
|-weather|SunnyDay|[upkeep]
|upkeep
|turn|12
|
|t:|1758234363
|move|p2a: thundercat|Volt Switch|p1a: Tyranitar
|-damage|p1a: Tyranitar|81/100
|
|t:|1758234367
|switch|p2a: atopos|Lilligant-Hisui, F|100/100|[from] Volt Switch
|-damage|p2a: atopos|88/100|[from] Spikes
|move|p1a: Tyranitar|Knock Off|p2a: atopos
|-resisted|p2a: atopos
|-damage|p2a: atopos|50/100
|-enditem|p2a: atopos|Life Orb|[from] move: Knock Off|[of] p1a: Tyranitar
|
|-weather|SunnyDay|[upkeep]
|upkeep
|turn|13
|
|t:|1758234380
|switch|p1a: Dragonite|Dragonite, F|100/100
|move|p2a: atopos|Solar Blade||[still]
|-prepare|p2a: atopos|Solar Blade
|-anim|p2a: atopos|Solar Blade|p1a: Dragonite
|-resisted|p1a: Dragonite
|-damage|p1a: Dragonite|92/100
|
|-weather|SunnyDay|[upkeep]
|upkeep
|turn|14
|
|t:|1758234391
|move|p2a: atopos|Triple Axel|p1a: Dragonite
|-supereffective|p1a: Dragonite
|-damage|p1a: Dragonite|59/100
|-supereffective|p1a: Dragonite
|-damage|p1a: Dragonite|5/100
|-supereffective|p1a: Dragonite
|-damage|p1a: Dragonite|0 fnt
|faint|p1a: Dragonite
|-hitcount|p1: Dragonite|3
|
|-weather|SunnyDay|[upkeep]
|upkeep
|-message|T9xxx forfeited.
|
|win|magical leaves
|raw|T9xxx's rating: 1258 &rarr; <strong>1237</strong><br />(-21 for losing)
|raw|magical leaves's rating: 1310 &rarr; <strong>1327</strong><br />(+17 for winning)
|l|☆T9xxx
|player|p1|
