|j|☆GodBananaBread
|j|☆gopiki
|t:|1758370799
|gametype|singles
|player|p1|GodBananaBread|steven|1560
|player|p2|gopiki|266|1588
|gen|9
|tier|[Gen 9] OU
|rated|
|rule|HP Percentage Mod: HP is shown in percentages
|rule|Endless Battle Clause: Forcing endless battles is banned
|rule|Species Clause: Limit one of each Pokémon
|rule|OHKO Clause: OHKO moves are banned
|rule|Evasion Items Clause: Evasion items are banned
|rule|Evasion Moves Clause: Evasion moves are banned
|rule|Evasion Abilities Clause: Evasion abilities are banned
|rule|Sleep Moves Clause: Sleep-inducing moves are banned
|clearpoke
|poke|p1|Kingambit, M|
|poke|p1|Slowking-Galar, M|
|poke|p1|Samurott-Hisui, F|
|poke|p1|Raging Bolt|
|poke|p1|Great Tusk|
|poke|p1|Cinderace, M|
|poke|p2|Mabosstiff, M|
|poke|p2|Moltres|
|poke|p2|Alomomola, F|
|poke|p2|Raging Bolt|
|poke|p2|Clodsire, F|
|poke|p2|Ogerpon-Wellspring, F|
|teampreview
|
|t:|1758370817
|teamsize|p1|6
|teamsize|p2|6
|start
|switch|p1a: Samurott|Samurott-Hisui, F|100/100
|switch|p2a: Raging Bolt|Raging Bolt|100/100
|turn|1
|inactive|Battle timer is ON: inactive players will automatically lose when time's up. (requested by GodBananaBread)
|
|t:|1758370827
|switch|p1a: Kingambit|Kingambit, M|100/100
|move|p2a: Raging Bolt|Volt Switch|p1a: Kingambit
|-damage|p1a: Kingambit|55/100
|
|t:|1758370838
|-end|p2a: Raging Bolt|Protosynthesis|[silent]
|switch|p2a: Moltres|Moltres|100/100|[from] Volt Switch
|
|upkeep
|turn|2
|
|t:|1758370847
|-end|p1a: Kingambit|fallenundefined|[silent]
|switch|p1a: Slowking|Slowking-Galar, M|100/100
|move|p2a: Moltres|U-turn|p1a: Slowking
|-damage|p1a: Slowking|81/100
|-damage|p2a: Moltres|84/100|[from] item: Rocky Helmet|[of] p1a: Slowking
|
|t:|1758370853
|switch|p2a: Mabosstiff|Mabosstiff, M|100/100|[from] U-turn
|
|upkeep
|turn|3
|
|t:|1758370863
|switch|p1a: Great Tusk|Great Tusk|100/100
|-enditem|p1a: Great Tusk|Booster Energy
|-activate|p1a: Great Tusk|ability: Protosynthesis|[fromitem]
|-start|p1a: Great Tusk|protosynthesisatk
|move|p2a: Mabosstiff|Psychic Fangs|p1a: Great Tusk
|-supereffective|p1a: Great Tusk
|-damage|p1a: Great Tusk|0 fnt
|faint|p1a: Great Tusk
|-end|p1a: Great Tusk|Protosynthesis|[silent]
|
|upkeep
|
|t:|1758370889
|switch|p1a: Raging Bolt|Raging Bolt|100/100
|turn|4
|
|t:|1758370893
|switch|p2a: Clodsire|Clodsire, F|100/100
|move|p1a: Raging Bolt|Draco Meteor|p2a: Clodsire
|-damage|p2a: Clodsire|33/100
|-unboost|p1a: Raging Bolt|spa|2
|
|-heal|p2a: Clodsire|39/100|[from] item: Leftovers
|upkeep
|turn|5
|
|t:|1758370903
|switch|p2a: Alomomola|Alomomola, F|100/100
|move|p1a: Raging Bolt|Draco Meteor|p2a: Alomomola
|-damage|p2a: Alomomola|48/100
|-unboost|p1a: Raging Bolt|spa|2
|
|upkeep
|turn|6
|
|t:|1758370920
|-end|p1a: Raging Bolt|Protosynthesis|[silent]
|switch|p1a: Slowking|Slowking-Galar, M|100/100
|switch|p2a: Raging Bolt|Raging Bolt|100/100
|
|upkeep
|turn|7
|
|t:|1758370931
|move|p2a: Raging Bolt|Thunderbolt|p1a: Slowking
|-damage|p1a: Slowking|63/100
|-prepare|p1a: Slowking|Chilly Reception|[premajor]
|move|p1a: Slowking|Chilly Reception|p1a: Slowking
|-weather|Snowscape
|
|t:|1758370937
|switch|p1a: Raging Bolt|Raging Bolt|100/100|[from] Chilly Reception
|
|-weather|Snowscape|[upkeep]
|upkeep
|turn|8
|
|t:|1758370947
|-terastallize|p2a: Raging Bolt|Fairy
|move|p2a: Raging Bolt|Draco Meteor|p1a: Raging Bolt
|-supereffective|p1a: Raging Bolt
|-crit|p1a: Raging Bolt
|-damage|p1a: Raging Bolt|0 fnt
|-unboost|p2a: Raging Bolt|spa|2
|faint|p1a: Raging Bolt
|-end|p1a: Raging Bolt|Protosynthesis|[silent]
|
|-weather|Snowscape|[upkeep]
|upkeep
|
|t:|1758370954
|switch|p1a: Slowking|Slowking-Galar, M|96/100
|turn|9
|
|t:|1758370961
|move|p2a: Raging Bolt|Volt Switch|p1a: Slowking
|-damage|p1a: Slowking|82/100
|
|t:|1758370965
|-end|p2a: Raging Bolt|Protosynthesis|[silent]
|switch|p2a: Mabosstiff|Mabosstiff, M|100/100|[from] Volt Switch
|move|p1a: Slowking|Psyshock|p2a: Mabosstiff
|-immune|p2a: Mabosstiff
|
|-weather|Snowscape|[upkeep]
|upkeep
|turn|10
|
|t:|1758370978
|switch|p1a: Samurott|Samurott-Hisui, F|100/100
|move|p2a: Mabosstiff|Crunch|p1a: Samurott
|-resisted|p1a: Samurott
|-damage|p1a: Samurott|14/100
|
|-weather|Snowscape|[upkeep]
|upkeep
|turn|11
|
|t:|1758370987
|move|p1a: Samurott|Aqua Cutter|p2a: Mabosstiff
|-damage|p2a: Mabosstiff|51/100
|move|p2a: Mabosstiff|Crunch|p1a: Samurott
|-resisted|p1a: Samurott
|-damage|p1a: Samurott|0 fnt
|faint|p1a: Samurott
|
|-weather|none
|upkeep
|inactive|GodBananaBread has 120 seconds left.
|c|☆GodBananaBread|Ohhh
|c|☆GodBananaBread|Stakeout
|c|☆gopiki|Hh
|inactive|GodBananaBread has 90 seconds left.
|c|☆GodBananaBread|Yeah im fried lol i knew as soon as i saw a zu mon T-T
|
|t:|1758371057
|switch|p1a: Cinderace|Cinderace, M|100/100
|turn|12
|
|t:|1758371061
|switch|p2a: Moltres|Moltres|84/100
|move|p1a: Cinderace|Pyro Ball|p2a: Moltres
|-resisted|p2a: Moltres
|-damage|p2a: Moltres|42/100
|
|upkeep
|turn|13
|
|t:|1758371068
|move|p1a: Cinderace|Pyro Ball|p2a: Moltres
|-resisted|p2a: Moltres
|-damage|p2a: Moltres|0 fnt
|faint|p2a: Moltres
|
|upkeep
|
|t:|1758371074
|switch|p2a: Ogerpon|Ogerpon-Wellspring, F|100/100
|turn|14
|
|t:|1758371079
|-terastallize|p1a: Cinderace|Fire
|move|p1a: Cinderace|Pyro Ball|p2a: Ogerpon|[miss]
|-miss|p1a: Cinderace|p2a: Ogerpon
|move|p2a: Ogerpon|Ivy Cudgel|p1a: Cinderace|[anim] Ivy Cudgel Water
|-supereffective|p1a: Cinderace
|-damage|p1a: Cinderace|0 fnt
|faint|p1a: Cinderace
|
|upkeep
|c|☆GodBananaBread|Yeah ggs this soccer ahh bunny got 0 aim
|inactive|GodBananaBread has 90 seconds left.
|-message|GodBananaBread forfeited.
|
|win|gopiki
|raw|GodBananaBread's rating: 1560 &rarr; <strong>1542</strong><br />(-18 for losing)
|raw|gopiki's rating: 1588 &rarr; <strong>1606</strong><br />(+18 for winning)
|l|☆GodBananaBread
|player|p1|
|j|☆GodBananaBread
|player|p1|GodBananaBread|steven|
|c|☆GodBananaBread|Gg
|l|☆GodBananaBread
|player|p1|
|c|☆gopiki|Good luck
|l|☆gopiki
|player|p2|
