|j|☆waha8
|j|☆webigaza
|t:|1758352293
|gametype|singles
|player|p1|waha8|102|1402
|player|p2|webigaza|skierf-gen4dp|1357
|gen|9
|tier|[Gen 9] OU
|rated|
|rule|HP Percentage Mod: HP is shown in percentages
|rule|Endless Battle Clause: Forcing endless battles is banned
|rule|Species Clause: Limit one of each Pokémon
|rule|OHKO Clause: OHKO moves are banned
|rule|Evasion Items Clause: Evasion items are banned
|rule|Evasion Moves Clause: Evasion moves are banned
|rule|Evasion Abilities Clause: Evasion abilities are banned
|rule|Sleep Moves Clause: Sleep-inducing moves are banned
|clearpoke
|poke|p1|Blaziken, F|
|poke|p1|Ninetales, F|
|poke|p1|Indeedee, M|
|poke|p1|Hatterene, F|
|poke|p1|Slowbro-Galar, F|
|poke|p1|Cinderace, M|
|poke|p2|Latios, M|
|poke|p2|Scizor, M|
|poke|p2|Moltres|
|poke|p2|Clodsire, M|
|poke|p2|Ogerpon-Wellspring, F|
|poke|p2|Maushold|
|teampreview
|
|t:|1758352309
|teamsize|p1|6
|teamsize|p2|6
|start
|switch|p1a: Kurama|Ninetales, F|100/100
|switch|p2a: Latios|Latios, M|100/100
|-weather|SunnyDay|[from] ability: Drought|[of] p1a: Kurama
|turn|1
|
|t:|1758352321
|switch|p1a: Mavis|Hatterene, F|100/100
|move|p2a: Latios|Flip Turn|p1a: Mavis
|-damage|p1a: Mavis|94/100
|c|☆waha8|choice
|
|t:|1758352353
|switch|p2a: Clodsire|Clodsire, M|100/100|[from] Flip Turn
|
|-weather|SunnyDay|[upkeep]
|upkeep
|turn|2
|
|t:|1758352366
|move|p2a: Clodsire|Earthquake|p1a: Mavis
|-damage|p1a: Mavis|62/100
|move|p1a: Mavis|Trick Room|p1a: Mavis
|-fieldstart|move: Trick Room|[of] p1a: Mavis
|
|-weather|SunnyDay|[upkeep]
|upkeep
|turn|3
|
|t:|1758352374
|switch|p2a: Scizor|Scizor, M|100/100
|move|p1a: Mavis|Expanding Force|p2a: Scizor
|-resisted|p2a: Scizor
|-damage|p2a: Scizor|58/100
|-damage|p1a: Mavis|52/100|[from] item: Life Orb
|
|-weather|SunnyDay|[upkeep]
|upkeep
|turn|4
|
|t:|1758352382
|switch|p1a: DeeDee|Indeedee, M|100/100
|-fieldstart|move: Psychic Terrain|[from] ability: Psychic Surge|[of] p1a: DeeDee
|move|p2a: Scizor|Bullet Punch|p1a: DeeDee
|-activate|p1a: DeeDee|move: Psychic Terrain
|
|-weather|SunnyDay|[upkeep]
|upkeep
|turn|5
|
|t:|1758352393
|switch|p2a: Latios|Latios, M|100/100
|switch|p1a: WildWest|Slowbro-Galar, F|100/100
|
|-weather|SunnyDay|[upkeep]
|upkeep
|turn|6
|
|t:|1758352401
|switch|p1a: Mavis|Hatterene, F|52/100
|move|p2a: Latios|Luster Purge|p1a: Mavis
|-resisted|p1a: Mavis
|-crit|p1a: Mavis
|-damage|p1a: Mavis|10/100
|-unboost|p1a: Mavis|spd|1
|
|-weather|SunnyDay|[upkeep]
|-fieldend|move: Trick Room
|upkeep
|turn|7
|
|t:|1758352409
|move|p2a: Latios|Luster Purge|p1a: Mavis
|-resisted|p1a: Mavis
|-damage|p1a: Mavis|0 fnt
|faint|p1a: Mavis
|
|-weather|SunnyDay|[upkeep]
|upkeep
|
|t:|1758352423
|switch|p1a: DeeDee|Indeedee, M|100/100
|turn|8
|
|t:|1758352430
|switch|p2a: Maushold|Maushold|100/100
|move|p1a: DeeDee|Expanding Force|p2a: Maushold
|-damage|p2a: Maushold|0 fnt
|faint|p2a: Maushold
|
|-weather|none
|upkeep
|
|t:|1758352440
|switch|p2a: Clodsire|Clodsire, M|100/100
|turn|9
|
|t:|1758352449
|switch|p1a: Kurama|Ninetales, F|100/100
|-weather|SunnyDay|[from] ability: Drought|[of] p1a: Kurama
|-terastallize|p2a: Clodsire|Dark
|move|p2a: Clodsire|Toxic|p1a: Kurama
|-status|p1a: Kurama|tox
|
|-weather|SunnyDay|[upkeep]
|-damage|p1a: Kurama|95/100 tox|[from] psn
|upkeep
|turn|10
|
|t:|1758352460
|move|p1a: Kurama|Will-O-Wisp|p2a: Clodsire|[miss]
|-miss|p1a: Kurama|p2a: Clodsire
|move|p2a: Clodsire|Earthquake|p1a: Kurama
|-supereffective|p1a: Kurama
|-damage|p1a: Kurama|12/100 tox
|
|-weather|SunnyDay|[upkeep]
|-damage|p1a: Kurama|0 fnt|[from] psn
|faint|p1a: Kurama
|upkeep
|
|t:|1758352472
|switch|p1a: ReverseUNO|Cinderace, M|100/100
|turn|11
|
|t:|1758352478
|switch|p2a: Moltres|Moltres|100/100
|move|p1a: ReverseUNO|Gunk Shot|p2a: Moltres
|-start|p1a: ReverseUNO|typechange|Poison|[from] ability: Libero
|-damage|p2a: Moltres|60/100
|
|-weather|SunnyDay|[upkeep]
|-fieldend|move: Psychic Terrain
|upkeep
|turn|12
|
|t:|1758352487
|switch|p1a: DeeDee|Indeedee, M|100/100
|-fieldstart|move: Psychic Terrain|[from] ability: Psychic Surge|[of] p1a: DeeDee
|move|p2a: Moltres|Roost|p2a: Moltres
|-heal|p2a: Moltres|100/100
|-singleturn|p2a: Moltres|move: Roost
|
|-weather|SunnyDay|[upkeep]
|upkeep
|turn|13
|
|t:|1758352495
|switch|p1a: ReverseUNO|Cinderace, M|100/100
|move|p2a: Moltres|U-turn|p1a: ReverseUNO
|-resisted|p1a: ReverseUNO
|-damage|p1a: ReverseUNO|91/100
|
|t:|1758352500
|switch|p2a: Ogerpon|Ogerpon-Wellspring, F|100/100|[from] U-turn
|
|-weather|SunnyDay|[upkeep]
|upkeep
|turn|14
|
|t:|1758352508
|switch|p2a: Moltres|Moltres|100/100
|move|p1a: ReverseUNO|Gunk Shot|p2a: Moltres
|-start|p1a: ReverseUNO|typechange|Poison|[from] ability: Libero
|-damage|p2a: Moltres|61/100
|
|-weather|SunnyDay|[upkeep]
|upkeep
|turn|15
|
|t:|1758352515
|move|p1a: ReverseUNO|Gunk Shot|p2a: Moltres
|-damage|p2a: Moltres|24/100
|move|p2a: Moltres|Will-O-Wisp|p1a: ReverseUNO
|-status|p1a: ReverseUNO|brn
|
|-weather|SunnyDay|[upkeep]
|-damage|p1a: ReverseUNO|85/100 brn|[from] brn
|upkeep
|turn|16
|
|t:|1758352533
|move|p1a: ReverseUNO|Gunk Shot|p2a: Moltres|[miss]
|-miss|p1a: ReverseUNO|p2a: Moltres
|move|p2a: Moltres|Roost|p2a: Moltres
|-heal|p2a: Moltres|74/100
|-singleturn|p2a: Moltres|move: Roost
|
|-weather|none
|-damage|p1a: ReverseUNO|79/100 brn|[from] brn
|upkeep
|turn|17
|
|t:|1758352541
|move|p1a: ReverseUNO|Gunk Shot|p2a: Moltres
|-damage|p2a: Moltres|54/100
|move|p2a: Moltres|Flamethrower|p1a: ReverseUNO
|-damage|p1a: ReverseUNO|21/100 brn
|
|-damage|p1a: ReverseUNO|15/100 brn|[from] brn
|upkeep
|turn|18
|
|t:|1758352549
|move|p1a: ReverseUNO|Gunk Shot|p2a: Moltres
|-damage|p2a: Moltres|35/100
|move|p2a: Moltres|Roost|p2a: Moltres
|-heal|p2a: Moltres|85/100
|-singleturn|p2a: Moltres|move: Roost
|
|-damage|p1a: ReverseUNO|9/100 brn|[from] brn
|upkeep
|turn|19
|
|t:|1758352557
|move|p1a: ReverseUNO|Gunk Shot|p2a: Moltres
|-crit|p2a: Moltres
|-damage|p2a: Moltres|56/100
|move|p2a: Moltres|Flamethrower|p1a: ReverseUNO
|-damage|p1a: ReverseUNO|0 fnt
|faint|p1a: ReverseUNO
|
|-fieldend|move: Psychic Terrain
|upkeep
|inactive|Battle timer is ON: inactive players will automatically lose when time's up. (requested by webigaza)
|
|t:|1758352612
|switch|p1a: DeeDee|Indeedee, M|100/100
|-fieldstart|move: Psychic Terrain|[from] ability: Psychic Surge|[of] p1a: DeeDee
|turn|20
|
|t:|1758352623
|switch|p2a: Clodsire|Clodsire, M, tera:Dark|100/100
|move|p1a: DeeDee|Dazzling Gleam|p2a: Clodsire
|-supereffective|p2a: Clodsire
|-damage|p2a: Clodsire|75/100
|
|-heal|p2a: Clodsire|81/100|[from] item: Leftovers
|upkeep
|turn|21
|
|t:|1758352635
|move|p1a: DeeDee|Dazzling Gleam|p2a: Clodsire
|-supereffective|p2a: Clodsire
|-damage|p2a: Clodsire|56/100
|move|p2a: Clodsire|Earthquake|p1a: DeeDee
|-crit|p1a: DeeDee
|-damage|p1a: DeeDee|20/100
|
|-heal|p2a: Clodsire|63/100|[from] item: Leftovers
|upkeep
|turn|22
|
|t:|1758352657
|move|p1a: DeeDee|Encore|p2a: Clodsire
|-start|p2a: Clodsire|Encore
|move|p2a: Clodsire|Earthquake|p1a: DeeDee
|-damage|p1a: DeeDee|0 fnt
|faint|p1a: DeeDee
|
|-heal|p2a: Clodsire|69/100|[from] item: Leftovers
|upkeep
|
|t:|1758352665
|switch|p1a: WildWest|Slowbro-Galar, F|100/100
|turn|23
|
|t:|1758352670
|move|p2a: Clodsire|Earthquake|p1a: WildWest
|-supereffective|p1a: WildWest
|-damage|p1a: WildWest|52/100
|move|p1a: WildWest|Nasty Plot|p1a: WildWest
|-boost|p1a: WildWest|spa|2
|
|-heal|p2a: Clodsire|75/100|[from] item: Leftovers
|upkeep
|turn|24
|-activate|p1a: WildWest|item: Quick Claw
|
|t:|1758352694
|move|p1a: WildWest|Shell Side Arm|p2a: Clodsire|[anim] Shell Side Arm Special
|-damage|p2a: Clodsire|50/100
|-hint|Special Shell Side Arm
|move|p2a: Clodsire|Earthquake|p1a: WildWest
|-supereffective|p1a: WildWest
|-damage|p1a: WildWest|4/100
|
|-heal|p2a: Clodsire|57/100|[from] item: Leftovers
|-end|p2a: Clodsire|Encore
|upkeep
|turn|25
|
|t:|1758352705
|move|p2a: Clodsire|Earthquake|p1a: WildWest
|-supereffective|p1a: WildWest
|-damage|p1a: WildWest|0 fnt
|faint|p1a: WildWest
|
|-heal|p2a: Clodsire|63/100|[from] item: Leftovers
|upkeep
|-message|waha8 forfeited.
|
|win|webigaza
|raw|waha8's rating: 1402 &rarr; <strong>1379</strong><br />(-23 for losing)
|raw|webigaza's rating: 1357 &rarr; <strong>1380</strong><br />(+23 for winning)
|l|☆waha8
|player|p1|
|l|☆webigaza
|player|p2|
