|j|☆Uli17chavez
|j|☆Aimsss
|t:|1758341770
|gametype|singles
|player|p1|Uli17chavez|102|1352
|player|p2|Aimsss|policeman-gen4|1351
|gen|9
|tier|[Gen 9] OU
|rated|
|rule|HP Percentage Mod: HP is shown in percentages
|rule|Endless Battle Clause: Forcing endless battles is banned
|rule|Species Clause: Limit one of each Pokémon
|rule|OHKO Clause: OHKO moves are banned
|rule|Evasion Items Clause: Evasion items are banned
|rule|Evasion Moves Clause: Evasion moves are banned
|rule|Evasion Abilities Clause: Evasion abilities are banned
|rule|Sleep Moves Clause: Sleep-inducing moves are banned
|clearpoke
|poke|p1|Garchomp, M|
|poke|p1|Espeon, M|
|poke|p1|Cinderace, M|
|poke|p1|Zapdos|
|poke|p1|Ogerpon-Wellspring, F|
|poke|p1|Darkrai|
|poke|p2|Dragapult, M|
|poke|p2|Kingambit, M|
|poke|p2|Hawlucha, M|
|poke|p2|Glimmora, F|
|poke|p2|Chesnaught, F|
|poke|p2|Gallade, M|
|teampreview
|
|t:|1758341779
|teamsize|p1|6
|teamsize|p2|6
|start
|switch|p1a: Zapdos|Zapdos|100/100
|switch|p2a: Gallade|Gallade, M, shiny|100/100
|-ability|p1a: Zapdos|Pressure
|turn|1
|
|t:|1758341788
|switch|p2a: Glimmora|Glimmora, F|100/100
|-item|p2a: Glimmora|Air Balloon
|move|p1a: Zapdos|Hurricane|p2a: Glimmora
|-resisted|p2a: Glimmora
|-damage|p2a: Glimmora|60/100
|-enditem|p2a: Glimmora|Air Balloon
|
|upkeep
|turn|2
|
|t:|1758341796
|switch|p1a: Espeon|Espeon, M|100/100
|move|p2a: Glimmora|Sludge Bomb|p1a: Espeon
|-crit|p1a: Espeon
|-damage|p1a: Espeon|2/100
|
|upkeep
|turn|3
|
|t:|1758341808
|switch|p2a: Kingambit|Kingambit, M|100/100
|move|p1a: Espeon|Future Sight|p2a: Kingambit
|-start|p1a: Espeon|move: Future Sight
|
|upkeep
|turn|4
|
|t:|1758341817
|move|p1a: Espeon|Alluring Voice|p2a: Kingambit
|-damage|p2a: Kingambit|65/100
|-damage|p1a: Espeon|0 fnt|[from] item: Life Orb
|faint|p1a: Espeon
|move|p2a: Kingambit|Iron Head|p1: Espeon|[notarget]
|-fail|p2a: Kingambit
|
|upkeep
|
|t:|1758341820
|switch|p1a: Garchomp|Garchomp, M|100/100
|turn|5
|
|t:|1758341826
|move|p1a: Garchomp|Earthquake|p2a: Kingambit
|-supereffective|p2a: Kingambit
|-damage|p2a: Kingambit|0 fnt
|faint|p2a: Kingambit
|
|-hint|Future Sight did not hit because the target is fainted.
|upkeep
|
|t:|1758341834
|switch|p2a: Dragapult|Dragapult, M|100/100
|turn|6
|
|t:|1758341837
|-terastallize|p1a: Garchomp|Steel
|move|p2a: Dragapult|Will-O-Wisp|p1a: Garchomp
|-status|p1a: Garchomp|brn
|move|p1a: Garchomp|Scale Shot|p2a: Dragapult
|-supereffective|p2a: Dragapult
|-damage|p2a: Dragapult|80/100
|-supereffective|p2a: Dragapult
|-damage|p2a: Dragapult|60/100
|-supereffective|p2a: Dragapult
|-damage|p2a: Dragapult|42/100
|-supereffective|p2a: Dragapult
|-damage|p2a: Dragapult|23/100
|-supereffective|p2a: Dragapult
|-damage|p2a: Dragapult|2/100
|-hitcount|p2a: Dragapult|5
|-unboost|p1a: Garchomp|def|1
|-boost|p1a: Garchomp|spe|1
|
|-damage|p1a: Garchomp|94/100 brn|[from] brn
|upkeep
|turn|7
|
|t:|1758341858
|switch|p2a: Glimmora|Glimmora, F|60/100
|move|p1a: Garchomp|Earthquake|p2a: Glimmora
|-supereffective|p2a: Glimmora
|-damage|p2a: Glimmora|0 fnt
|-activate|p2a: Glimmora|ability: Toxic Debris
|-sidestart|p1: Uli17chavez|move: Toxic Spikes
|faint|p2a: Glimmora
|
|-damage|p1a: Garchomp|88/100 brn|[from] brn
|upkeep
|
|t:|1758341871
|switch|p2a: Chesnaught|Chesnaught, F|100/100
|turn|8
|
|t:|1758341875
|switch|p1a: Zapdos|Zapdos|100/100
|-ability|p1a: Zapdos|Pressure
|move|p2a: Chesnaught|Belly Drum|p2a: Chesnaught
|-damage|p2a: Chesnaught|50/100
|-setboost|p2a: Chesnaught|atk|6|[from] move: Belly Drum
|-enditem|p2a: Chesnaught|Sitrus Berry|[eat]
|-heal|p2a: Chesnaught|75/100|[from] item: Sitrus Berry
|
|upkeep
|turn|9
|
|t:|1758341890
|-terastallize|p2a: Chesnaught|Poison
|move|p1a: Zapdos|Hurricane|p2a: Chesnaught|[miss]
|-miss|p1a: Zapdos|p2a: Chesnaught
|move|p2a: Chesnaught|Knock Off|p1a: Zapdos
|-damage|p1a: Zapdos|0 fnt
|-enditem|p1a: Zapdos|Choice Specs|[from] move: Knock Off|[of] p2a: Chesnaught
|faint|p1a: Zapdos
|
|upkeep
|
|t:|1758341897
|switch|p1a: Darkrai|Darkrai|100/100
|-status|p1a: Darkrai|psn
|turn|10
|
|t:|1758341903
|move|p1a: Darkrai|Dark Pulse|p2a: Chesnaught
|-damage|p2a: Chesnaught|37/100
|move|p2a: Chesnaught|Drain Punch|p1a: Darkrai
|-supereffective|p1a: Darkrai
|-damage|p1a: Darkrai|0 fnt
|-heal|p2a: Chesnaught|74/100|[from] drain|[of] p1a: Darkrai
|faint|p1a: Darkrai
|
|upkeep
|
|t:|1758341910
|switch|p1a: Cinderace|Cinderace, M|100/100
|-status|p1a: Cinderace|psn
|turn|11
|
|t:|1758341915
|move|p1a: Cinderace|Pyro Ball|p2a: Chesnaught
|-immune|p2a: Chesnaught|[from] ability: Bulletproof
|move|p2a: Chesnaught|Drain Punch|p1a: Cinderace
|-damage|p1a: Cinderace|0 fnt
|-heal|p2a: Chesnaught|100/100|[from] drain|[of] p1a: Cinderace
|faint|p1a: Cinderace
|
|upkeep
|-message|Uli17chavez forfeited.
|
|win|Aimsss
|raw|Uli17chavez's rating: 1352 &rarr; <strong>1332</strong><br />(-20 for losing)
|raw|Aimsss's rating: 1351 &rarr; <strong>1371</strong><br />(+20 for winning)
|l|☆Uli17chavez
|player|p1|
|l|☆Aimsss
|player|p2|
