|j|☆Felikeruto
|j|☆socratic13_
|t:|1758342363
|gametype|singles
|player|p1|Felikeruto|170|1160
|player|p2|socratic13_|1|1185
|gen|9
|tier|[Gen 9] OU
|rated|
|rule|HP Percentage Mod: HP is shown in percentages
|rule|Endless Battle Clause: Forcing endless battles is banned
|rule|Species Clause: Limit one of each Pokémon
|rule|OHKO Clause: OHKO moves are banned
|rule|Evasion Items Clause: Evasion items are banned
|rule|Evasion Moves Clause: Evasion moves are banned
|rule|Evasion Abilities Clause: Evasion abilities are banned
|rule|Sleep Moves Clause: Sleep-inducing moves are banned
|clearpoke
|poke|p1|Ditto|
|poke|p1|Umbreon, F|
|poke|p1|Slowking-Galar, M|
|poke|p1|Cinderace, M|
|poke|p1|Latios, M|
|poke|p1|Skarmory, M|
|poke|p2|Pelipper, F|
|poke|p2|Toxapex, M|
|poke|p2|Meowscarada, M|
|poke|p2|Glimmora, F|
|poke|p2|Spidops, M|
|poke|p2|Gholdengo|
|teampreview
|
|t:|1758342381
|teamsize|p1|6
|teamsize|p2|6
|start
|switch|p1a: Ladios|Latios, M|100/100
|switch|p2a: Pelipper|Pelipper, F|100/100
|-weather|RainDance|[from] ability: Drizzle|[of] p2a: Pelipper
|turn|1
|
|t:|1758342398
|move|p1a: Ladios|Draco Meteor|p2a: Pelipper
|-damage|p2a: Pelipper|0 fnt
|-unboost|p1a: Ladios|spa|2
|faint|p2a: Pelipper
|
|-weather|RainDance|[upkeep]
|upkeep
|
|t:|1758342410
|switch|p2a: Spidops|Spidops, M|100/100
|turn|2
|
|t:|1758342422
|switch|p1a: Scaremori|Skarmory, M|100/100
|move|p2a: Spidops|Knock Off|p1a: Scaremori
|-damage|p1a: Scaremori|77/100
|-damage|p2a: Spidops|84/100|[from] item: Rocky Helmet|[of] p1a: Scaremori
|-enditem|p1a: Scaremori|Rocky Helmet|[from] move: Knock Off|[of] p2a: Spidops
|
|-weather|RainDance|[upkeep]
|upkeep
|turn|3
|
|t:|1758342435
|move|p1a: Scaremori|Stealth Rock|p2a: Spidops
|-sidestart|p2: socratic13_|move: Stealth Rock
|move|p2a: Spidops|Toxic Spikes|p1a: Scaremori
|-sidestart|p1: Felikeruto|move: Toxic Spikes
|
|-weather|RainDance|[upkeep]
|upkeep
|turn|4
|
|t:|1758342447
|move|p1a: Scaremori|Brave Bird|p2a: Spidops
|-supereffective|p2a: Spidops
|-damage|p2a: Spidops|31/100
|-enditem|p2a: Spidops|Sitrus Berry|[eat]
|-heal|p2a: Spidops|56/100|[from] item: Sitrus Berry
|-damage|p1a: Scaremori|60/100|[from] Recoil
|move|p2a: Spidops|Toxic Spikes|p1a: Scaremori
|-sidestart|p1: Felikeruto|move: Toxic Spikes
|
|-weather|RainDance|[upkeep]
|upkeep
|turn|5
|
|t:|1758342458
|move|p1a: Scaremori|Brave Bird|p2a: Spidops
|-supereffective|p2a: Spidops
|-damage|p2a: Spidops|5/100
|-damage|p1a: Scaremori|44/100|[from] Recoil
|move|p2a: Spidops|Circle Throw|p1a: Scaremori
|-damage|p1a: Scaremori|38/100
|drag|p1a: Slowking-Caña|Slowking-Galar, M|100/100
|-sideend|p1: Felikeruto|move: Toxic Spikes|[of] p1a: Slowking-Caña
|
|-weather|none
|upkeep
|turn|6
|
|t:|1758342470
|switch|p1a: Scaremori|Skarmory, M|38/100
|move|p2a: Spidops|Toxic Spikes|p1a: Scaremori
|-sidestart|p1: Felikeruto|move: Toxic Spikes
|
|upkeep
|turn|7
|
|t:|1758342476
|move|p1a: Scaremori|Roost|p1a: Scaremori
|-heal|p1a: Scaremori|88/100
|-singleturn|p1a: Scaremori|move: Roost
|move|p2a: Spidops|Toxic Spikes|p1a: Scaremori
|-sidestart|p1: Felikeruto|move: Toxic Spikes
|
|upkeep
|turn|8
|
|t:|1758342482
|move|p1a: Scaremori|Whirlwind|p2a: Spidops
|drag|p2a: Glimmora|Glimmora, F|100/100
|-damage|p2a: Glimmora|88/100|[from] Stealth Rock
|
|upkeep
|turn|9
|
|t:|1758342497
|switch|p1a: Slowking-Caña|Slowking-Galar, M|100/100
|-sideend|p1: Felikeruto|move: Toxic Spikes|[of] p1a: Slowking-Caña
|move|p2a: Glimmora|Stealth Rock|p1a: Slowking-Caña
|-sidestart|p1: Felikeruto|move: Stealth Rock
|
|upkeep
|turn|10
|
|t:|1758342509
|move|p2a: Glimmora|Earth Power|p1a: Slowking-Caña
|-supereffective|p1a: Slowking-Caña
|-damage|p1a: Slowking-Caña|65/100
|move|p1a: Slowking-Caña|Future Sight|p2a: Glimmora
|-start|p1a: Slowking-Caña|move: Future Sight
|
|-heal|p1a: Slowking-Caña|71/100|[from] item: Leftovers
|upkeep
|turn|11
|
|t:|1758342516
|move|p2a: Glimmora|Earth Power|p1a: Slowking-Caña
|-supereffective|p1a: Slowking-Caña
|-damage|p1a: Slowking-Caña|37/100
|move|p1a: Slowking-Caña|Slack Off|p1a: Slowking-Caña
|-heal|p1a: Slowking-Caña|87/100
|
|-heal|p1a: Slowking-Caña|93/100|[from] item: Leftovers
|upkeep
|turn|12
|
|t:|1758342524
|switch|p2a: Spidops|Spidops, M|5/100
|-damage|p2a: Spidops|0 fnt|[from] Stealth Rock
|faint|p2a: Spidops
|-prepare|p1a: Slowking-Caña|Chilly Reception|[premajor]
|move|p1a: Slowking-Caña|Chilly Reception|p1a: Slowking-Caña
|-weather|Snowscape
|
|t:|1758342531
|switch|p1a: CRolando|Cinderace, M|100/100|[from] Chilly Reception
|
|-weather|Snowscape|[upkeep]
|-hint|Future Sight did not hit because the target is fainted.
|upkeep
|
|t:|1758342548
|switch|p2a: Toxapex|Toxapex, M|100/100
|-damage|p2a: Toxapex|88/100|[from] Stealth Rock
|turn|13
|
|t:|1758342552
|move|p1a: CRolando|U-turn|p2a: Toxapex
|-start|p1a: CRolando|typechange|Bug|[from] ability: Libero
|-resisted|p2a: Toxapex
|-damage|p2a: Toxapex|75/100
|
|t:|1758342557
|switch|p1a: Slowking-Caña|Slowking-Galar, M|100/100|[from] U-turn
|-damage|p1a: Slowking-Caña|88/100|[from] Stealth Rock
|move|p2a: Toxapex|Liquidation|p1a: Slowking-Caña
|-damage|p1a: Slowking-Caña|40/100
|-unboost|p1a: Slowking-Caña|def|1
|
|-weather|Snowscape|[upkeep]
|-heal|p1a: Slowking-Caña|46/100|[from] item: Leftovers
|upkeep
|turn|14
|
|t:|1758342563
|move|p2a: Toxapex|Liquidation|p1a: Slowking-Caña
|-damage|p1a: Slowking-Caña|0 fnt
|faint|p1a: Slowking-Caña
|
|-weather|Snowscape|[upkeep]
|upkeep
|
|t:|1758342578
|switch|p1a: Ladios|Latios, M|100/100
|-damage|p1a: Ladios|88/100|[from] Stealth Rock
|turn|15
|
|t:|1758342583
|switch|p2a: Gholdengo|Gholdengo|100/100
|-damage|p2a: Gholdengo|94/100|[from] Stealth Rock
|-item|p2a: Gholdengo|Air Balloon
|move|p1a: Ladios|Luster Purge|p2a: Gholdengo
|-resisted|p2a: Gholdengo
|-damage|p2a: Gholdengo|71/100
|-unboost|p2a: Gholdengo|spd|1
|-enditem|p2a: Gholdengo|Air Balloon
|
|-weather|Snowscape|[upkeep]
|upkeep
|turn|16
|
|t:|1758342597
|switch|p1a: CRolando|Cinderace, M|100/100
|move|p2a: Gholdengo|Recover|p2a: Gholdengo
|-heal|p2a: Gholdengo|100/100
|
|-weather|none
|upkeep
|turn|17
|
|t:|1758342607
|switch|p2a: Glimmora|Glimmora, F|88/100
|-damage|p2a: Glimmora|76/100|[from] Stealth Rock
|move|p1a: CRolando|Pyro Ball|p2a: Glimmora
|-resisted|p2a: Glimmora
|-damage|p2a: Glimmora|43/100
|-activate|p2a: Glimmora|ability: Toxic Debris
|-sidestart|p1: Felikeruto|move: Toxic Spikes
|
|upkeep
|turn|18
|
|t:|1758342629
|switch|p1a: Ladios|Latios, M|88/100
|-damage|p1a: Ladios|76/100|[from] Stealth Rock
|move|p2a: Glimmora|Mortal Spin|p1a: Ladios
|-crit|p1a: Ladios
|-damage|p1a: Ladios|62/100
|-status|p1a: Ladios|psn
|-sideend|p2: socratic13_|Stealth Rock|[from] move: Mortal Spin|[of] p2a: Glimmora
|
|-damage|p1a: Ladios|49/100 psn|[from] psn
|upkeep
|turn|19
|
|t:|1758342643
|move|p1a: Ladios|Trick|p2a: Glimmora
|-activate|p1a: Ladios|move: Trick|[of] p2a: Glimmora
|-item|p2a: Glimmora|Choice Scarf|[from] move: Trick
|-item|p1a: Ladios|Focus Sash|[from] move: Trick
|move|p2a: Glimmora|Sludge Bomb|p1a: Ladios
|-damage|p1a: Ladios|2/100 psn
|
|-damage|p1a: Ladios|0 fnt|[from] psn
|faint|p1a: Ladios
|upkeep
|
|t:|1758342655
|switch|p1a: CRolando|Cinderace, M|100/100
|turn|20
|
|t:|1758342664
|move|p2a: Glimmora|Sludge Bomb|p1a: CRolando
|-damage|p1a: CRolando|33/100
|move|p1a: CRolando|Pyro Ball|p2a: Glimmora
|-resisted|p2a: Glimmora
|-damage|p2a: Glimmora|9/100
|-activate|p2a: Glimmora|ability: Toxic Debris
|-sidestart|p1: Felikeruto|move: Toxic Spikes
|
|upkeep
|turn|21
|
|t:|1758342674
|move|p1a: CRolando|Sucker Punch|p2a: Glimmora
|-start|p1a: CRolando|typechange|Dark|[from] ability: Libero
|-damage|p2a: Glimmora|0 fnt
|faint|p2a: Glimmora
|
|upkeep
|
|t:|1758342682
|switch|p2a: Meowscarada|Meowscarada, M|100/100
|turn|22
|
|t:|1758342690
|switch|p1a: Scaremori|Skarmory, M|88/100
|-damage|p1a: Scaremori|76/100|[from] Stealth Rock
|move|p2a: Meowscarada|Knock Off|p1a: Scaremori
|-start|p2a: Meowscarada|typechange|Dark|[from] ability: Protean
|-damage|p1a: Scaremori|58/100
|
|upkeep
|turn|23
|
|t:|1758342709
|switch|p2a: Gholdengo|Gholdengo|100/100
|move|p1a: Scaremori|Roost|p1a: Scaremori
|-heal|p1a: Scaremori|100/100
|-singleturn|p1a: Scaremori|move: Roost
|
|upkeep
|turn|24
|
|t:|1758342720
|move|p2a: Gholdengo|Hex|p1a: Scaremori
|-damage|p1a: Scaremori|53/100
|move|p1a: Scaremori|Stealth Rock|p2a: Gholdengo
|-sidestart|p2: socratic13_|move: Stealth Rock
|
|upkeep
|turn|25
|
|t:|1758342727
|move|p2a: Gholdengo|Hex|p1a: Scaremori
|-damage|p1a: Scaremori|6/100
|move|p1a: Scaremori|Roost|p1a: Scaremori
|-heal|p1a: Scaremori|56/100
|-singleturn|p1a: Scaremori|move: Roost
|
|upkeep
|turn|26
|
|t:|1758342733
|switch|p1a: Umbrella|Umbreon, F, shiny|100/100
|-damage|p1a: Umbrella|88/100|[from] Stealth Rock
|-status|p1a: Umbrella|tox
|move|p2a: Gholdengo|Hex|p1a: Umbrella
|-resisted|p1a: Umbrella
|-damage|p1a: Umbrella|70/100 tox
|
|-heal|p1a: Umbrella|76/100 tox|[from] item: Leftovers
|-damage|p1a: Umbrella|70/100 tox|[from] psn
|upkeep
|turn|27
|
|t:|1758342742
|switch|p2a: Toxapex|Toxapex, M|75/100
|-damage|p2a: Toxapex|63/100|[from] Stealth Rock
|move|p1a: Umbrella|Foul Play|p2a: Toxapex
|-damage|p2a: Toxapex|38/100
|
|-heal|p1a: Umbrella|76/100 tox|[from] item: Leftovers
|-damage|p1a: Umbrella|64/100 tox|[from] psn
|upkeep
|turn|28
|
|t:|1758342754
|move|p1a: Umbrella|Wish|p1a: Umbrella
|move|p2a: Toxapex|Liquidation|p1a: Umbrella
|-crit|p1a: Umbrella
|-damage|p1a: Umbrella|9/100 tox
|
|-heal|p1a: Umbrella|15/100 tox|[from] item: Leftovers
|-damage|p1a: Umbrella|0 fnt|[from] psn
|faint|p1a: Umbrella
|upkeep
|
|t:|1758342764
|switch|p1a: CRolando|Cinderace, M|33/100
|turn|29
|
|t:|1758342771
|move|p1a: CRolando|High Jump Kick|p2a: Toxapex
|-start|p1a: CRolando|typechange|Fighting|[from] ability: Libero
|-resisted|p2a: Toxapex
|-damage|p2a: Toxapex|12/100
|move|p2a: Toxapex|Liquidation|p1a: CRolando
|-damage|p1a: CRolando|0 fnt
|faint|p1a: CRolando
|
|upkeep
|
|t:|1758342777
|switch|p1a: Scaremori|Skarmory, M|56/100
|-damage|p1a: Scaremori|44/100|[from] Stealth Rock
|turn|30
|
|t:|1758342788
|move|p1a: Scaremori|Brave Bird|p2a: Toxapex
|-damage|p2a: Toxapex|0 fnt
|faint|p2a: Toxapex
|-damage|p1a: Scaremori|40/100|[from] Recoil
|
|upkeep
|
|t:|1758342791
|switch|p2a: Gholdengo|Gholdengo|100/100
|-damage|p2a: Gholdengo|94/100|[from] Stealth Rock
|turn|31
|
|t:|1758342796
|move|p2a: Gholdengo|Hex|p1a: Scaremori
|-damage|p1a: Scaremori|0 fnt
|faint|p1a: Scaremori
|
|upkeep
|
|t:|1758342798
|switch|p1a: ChikiDitto|Ditto|100/100
|-damage|p1a: ChikiDitto|88/100|[from] Stealth Rock
|-status|p1a: ChikiDitto|tox
|-transform|p1a: ChikiDitto|p2a: Gholdengo|[from] ability: Imposter
|turn|32
|
|t:|1758342806
|-terastallize|p1a: ChikiDitto|Ghost
|move|p1a: ChikiDitto|Hex|p2a: Gholdengo
|-supereffective|p2a: Gholdengo
|-damage|p2a: Gholdengo|1/100
|move|p2a: Gholdengo|Hex|p1a: ChikiDitto
|-supereffective|p1a: ChikiDitto
|-damage|p1a: ChikiDitto|0 fnt
|faint|p1a: ChikiDitto
|
|win|socratic13_
|raw|Felikeruto's rating: 1160 &rarr; <strong>1137</strong><br />(-23 for losing)
|raw|socratic13_'s rating: 1185 &rarr; <strong>1208</strong><br />(+23 for winning)
|l|☆Felikeruto
|player|p1|
|l|☆socratic13_
|player|p2|
