|j|☆mingying
|j|☆will1994
|t:|1758290607
|gametype|singles
|player|p1|mingying|102|1442
|player|p2|will1994|red|1485
|gen|9
|tier|[Gen 9] OU
|rated|
|rule|HP Percentage Mod: HP is shown in percentages
|rule|Endless Battle Clause: Forcing endless battles is banned
|rule|Species Clause: Limit one of each Pokémon
|rule|OHKO Clause: OHKO moves are banned
|rule|Evasion Items Clause: Evasion items are banned
|rule|Evasion Moves Clause: Evasion moves are banned
|rule|Evasion Abilities Clause: Evasion abilities are banned
|rule|Sleep Moves Clause: Sleep-inducing moves are banned
|clearpoke
|poke|p1|Iron Valiant|
|poke|p1|Dragapult, F|
|poke|p1|Dragonite, M|
|poke|p1|Hatterene, F|
|poke|p1|Great Tusk|
|poke|p1|Ting-Lu|
|poke|p2|Rillaboom, M|
|poke|p2|Charizard, F|
|poke|p2|Corviknight, M|
|poke|p2|Kleavor, F|
|poke|p2|Clodsire, M|
|poke|p2|Samurott-Hisui, M|
|teampreview
|inactive|Battle timer is ON: inactive players will automatically lose when time's up. (requested by mingying)
|
|t:|1758290621
|teamsize|p1|6
|teamsize|p2|6
|start
|switch|p1a: Iron Valiant|Iron Valiant|100/100
|switch|p2a: Kleavor|Kleavor, F|100/100
|turn|1
|
|t:|1758290631
|switch|p2a: Clodsire|Clodsire, M|100/100
|move|p1a: Iron Valiant|Close Combat|p2a: Clodsire
|-resisted|p2a: Clodsire
|-damage|p2a: Clodsire|69/100
|-unboost|p1a: Iron Valiant|def|1
|-unboost|p1a: Iron Valiant|spd|1
|-damage|p1a: Iron Valiant|91/100|[from] item: Life Orb
|
|-heal|p2a: Clodsire|75/100|[from] item: Leftovers
|upkeep
|turn|2
|
|t:|1758290640
|-end|p1a: Iron Valiant|Quark Drive|[silent]
|switch|p1a: Ting-Lu|Ting-Lu|100/100
|-ability|p1a: Ting-Lu|Vessel of Ruin
|move|p2a: Clodsire|Toxic|p1a: Ting-Lu
|-status|p1a: Ting-Lu|tox
|
|-heal|p2a: Clodsire|81/100|[from] item: Leftovers
|-damage|p1a: Ting-Lu|94/100 tox|[from] psn
|upkeep
|turn|3
|
|t:|1758290646
|switch|p2a: Corviknight|Corviknight, M|100/100
|-ability|p2a: Corviknight|Pressure
|move|p1a: Ting-Lu|Stealth Rock|p2a: Corviknight
|-sidestart|p2: will1994|move: Stealth Rock
|
|-heal|p1a: Ting-Lu|100/100 tox|[from] item: Leftovers
|-damage|p1a: Ting-Lu|88/100 tox|[from] psn
|upkeep
|turn|4
|
|t:|1758290651
|switch|p1a: Dragapult|Dragapult, F|100/100
|move|p2a: Corviknight|Defog|p1a: Dragapult
|-unboost|p1a: Dragapult|evasion|1
|-sideend|p2: will1994|Stealth Rock|[from] move: Defog|[of] p2a: Corviknight
|
|upkeep
|turn|5
|
|t:|1758290655
|switch|p2a: Samurott|Samurott-Hisui, M|100/100
|move|p1a: Dragapult|U-turn|p2a: Samurott
|-supereffective|p2a: Samurott
|-damage|p2a: Samurott|66/100
|
|t:|1758290662
|switch|p1a: Iron Valiant|Iron Valiant|91/100|[from] U-turn
|
|upkeep
|turn|6
|
|t:|1758290666
|switch|p2a: Clodsire|Clodsire, M|81/100
|move|p1a: Iron Valiant|Close Combat|p2a: Clodsire
|-resisted|p2a: Clodsire
|-damage|p2a: Clodsire|51/100
|-unboost|p1a: Iron Valiant|def|1
|-unboost|p1a: Iron Valiant|spd|1
|-damage|p1a: Iron Valiant|81/100|[from] item: Life Orb
|
|-heal|p2a: Clodsire|57/100|[from] item: Leftovers
|upkeep
|turn|7
|
|t:|1758290692
|move|p1a: Iron Valiant|Knock Off|p2a: Clodsire
|-damage|p2a: Clodsire|26/100
|-enditem|p2a: Clodsire|Leftovers|[from] move: Knock Off|[of] p1a: Iron Valiant
|-damage|p1a: Iron Valiant|71/100|[from] item: Life Orb
|move|p2a: Clodsire|Recover|p2a: Clodsire
|-heal|p2a: Clodsire|76/100
|
|upkeep
|turn|8
|
|t:|1758290706
|-end|p1a: Iron Valiant|Quark Drive|[silent]
|switch|p1a: Hatterene|Hatterene, F|100/100
|move|p2a: Clodsire|Toxic|p1a: Hatterene
|move|p1a: Hatterene|Toxic|p2a: Clodsire|[from] ability: Magic Bounce
|-immune|p2a: Clodsire
|
|upkeep
|turn|9
|
|t:|1758290721
|switch|p2a: Samurott|Samurott-Hisui, M|66/100
|move|p1a: Hatterene|Psyshock|p2a: Samurott
|-immune|p2a: Samurott
|
|upkeep
|turn|10
|
|t:|1758290746
|move|p2a: Samurott|Ceaseless Edge|p1a: Hatterene
|-damage|p1a: Hatterene|59/100
|-sidestart|p1: mingying|Spikes
|move|p1a: Hatterene|Draining Kiss|p2a: Samurott
|-supereffective|p2a: Samurott
|-damage|p2a: Samurott|37/100
|-heal|p1a: Hatterene|85/100|[from] drain|[of] p2a: Samurott
|
|upkeep
|turn|11
|
|t:|1758290760
|move|p2a: Samurott|Ceaseless Edge|p1a: Hatterene
|-damage|p1a: Hatterene|45/100
|-sidestart|p1: mingying|Spikes
|move|p1a: Hatterene|Draining Kiss|p2a: Samurott
|-supereffective|p2a: Samurott
|-damage|p2a: Samurott|8/100
|-heal|p1a: Hatterene|70/100|[from] drain|[of] p2a: Samurott
|
|upkeep
|turn|12
|
|t:|1758290766
|switch|p2a: Charizard|Charizard, F|100/100
|move|p1a: Hatterene|Draining Kiss|p2a: Charizard
|-resisted|p2a: Charizard
|-damage|p2a: Charizard|84/100
|-heal|p1a: Hatterene|82/100|[from] drain|[of] p2a: Charizard
|
|upkeep
|turn|13
|
|t:|1758290778
|-terastallize|p2a: Charizard|Fire
|move|p2a: Charizard|Flamethrower|p1a: Hatterene
|-damage|p1a: Hatterene|28/100
|move|p1a: Hatterene|Psyshock|p2a: Charizard
|-damage|p2a: Charizard|27/100
|
|upkeep
|turn|14
|
|t:|1758290787
|switch|p1a: Ting-Lu|Ting-Lu|88/100 tox
|-damage|p1a: Ting-Lu|72/100 tox|[from] Spikes
|-ability|p1a: Ting-Lu|Vessel of Ruin
|move|p2a: Charizard|Flamethrower|p1a: Ting-Lu
|-damage|p1a: Ting-Lu|38/100 tox
|
|-heal|p1a: Ting-Lu|45/100 tox|[from] item: Leftovers
|-damage|p1a: Ting-Lu|38/100 tox|[from] psn
|upkeep
|turn|15
|
|t:|1758290804
|move|p2a: Charizard|Flamethrower|p1a: Ting-Lu
|-damage|p1a: Ting-Lu|4/100 tox
|move|p1a: Ting-Lu|Stealth Rock|p2a: Charizard
|-sidestart|p2: will1994|move: Stealth Rock
|
|-heal|p1a: Ting-Lu|10/100 tox|[from] item: Leftovers
|-damage|p1a: Ting-Lu|0 fnt|[from] psn
|faint|p1a: Ting-Lu
|upkeep
|
|t:|1758290820
|switch|p1a: Dragapult|Dragapult, F|100/100
|-damage|p1a: Dragapult|84/100|[from] Spikes
|turn|16
|
|t:|1758290828
|switch|p2a: Corviknight|Corviknight, M|100/100
|-damage|p2a: Corviknight|88/100|[from] Stealth Rock
|-ability|p2a: Corviknight|Pressure
|move|p1a: Dragapult|Shadow Ball|p2a: Corviknight
|-damage|p2a: Corviknight|39/100
|
|upkeep
|turn|17
|
|t:|1758290841
|switch|p2a: Charizard|Charizard, F, tera:Fire|27/100
|-damage|p2a: Charizard|3/100|[from] Stealth Rock
|move|p1a: Dragapult|Shadow Ball|p2a: Charizard
|-crit|p2a: Charizard
|-damage|p2a: Charizard|0 fnt
|faint|p2a: Charizard
|
|upkeep
|
|t:|1758290858
|switch|p2a: Clodsire|Clodsire, M|76/100
|-damage|p2a: Clodsire|70/100|[from] Stealth Rock
|turn|18
|
|t:|1758290872
|switch|p1a: Hatterene|Hatterene, F|28/100
|-damage|p1a: Hatterene|12/100|[from] Spikes
|move|p2a: Clodsire|Stockpile|p2a: Clodsire
|-start|p2a: Clodsire|stockpile1
|-boost|p2a: Clodsire|def|1
|-boost|p2a: Clodsire|spd|1
|
|upkeep
|turn|19
|
|t:|1758290881
|move|p1a: Hatterene|Psychic Noise|p2a: Clodsire
|-supereffective|p2a: Clodsire
|-damage|p2a: Clodsire|31/100
|-start|p2a: Clodsire|move: Heal Block
|cant|p2a: Clodsire|move: Heal Block|Recover
|
|upkeep
|turn|20
|
|t:|1758290909
|switch|p2a: Samurott|Samurott-Hisui, M|8/100
|-damage|p2a: Samurott|0 fnt|[from] Stealth Rock
|faint|p2a: Samurott
|move|p1a: Hatterene|Psychic Noise|p2: Samurott|[notarget]
|-fail|p1a: Hatterene
|
|upkeep
|
|t:|1758290911
|switch|p2a: Kleavor|Kleavor, F|100/100
|-damage|p2a: Kleavor|76/100|[from] Stealth Rock
|turn|21
|
|t:|1758290920
|move|p2a: Kleavor|U-turn|p1a: Hatterene
|-damage|p1a: Hatterene|0 fnt
|faint|p1a: Hatterene
|
|t:|1758290935
|switch|p2a: Clodsire|Clodsire, M|31/100|[from] U-turn
|-damage|p2a: Clodsire|25/100|[from] Stealth Rock
|
|upkeep
|
|t:|1758290940
|switch|p1a: Great Tusk|Great Tusk|100/100
|turn|22
|
|t:|1758290945
|switch|p2a: Corviknight|Corviknight, M|39/100
|-damage|p2a: Corviknight|27/100|[from] Stealth Rock
|-ability|p2a: Corviknight|Pressure
|move|p1a: Great Tusk|Rapid Spin|p2a: Corviknight
|-resisted|p2a: Corviknight
|-damage|p2a: Corviknight|21/100
|-boost|p1a: Great Tusk|spe|1
|-damage|p1a: Great Tusk|84/100|[from] item: Rocky Helmet|[of] p2a: Corviknight
|-sideend|p1: mingying|Spikes|[from] move: Rapid Spin|[of] p1a: Great Tusk
|
|upkeep
|turn|23
|
|t:|1758290949
|move|p1a: Great Tusk|Ice Spinner|p2a: Corviknight
|-damage|p2a: Corviknight|5/100
|-damage|p1a: Great Tusk|68/100|[from] item: Rocky Helmet|[of] p2a: Corviknight
|move|p2a: Corviknight|Roost|p2a: Corviknight
|-heal|p2a: Corviknight|55/100
|-singleturn|p2a: Corviknight|move: Roost
|
|upkeep
|turn|24
|
|t:|1758290964
|-end|p1a: Great Tusk|Protosynthesis|[silent]
|switch|p1a: Dragapult|Dragapult, F|84/100
|move|p2a: Corviknight|Defog|p1a: Dragapult
|-unboost|p1a: Dragapult|evasion|1
|-sideend|p2: will1994|Stealth Rock|[from] move: Defog|[of] p2a: Corviknight
|
|upkeep
|turn|25
|
|t:|1758290977
|move|p1a: Dragapult|Shadow Ball|p2a: Corviknight
|-damage|p2a: Corviknight|0 fnt
|faint|p2a: Corviknight
|
|upkeep
|
|t:|1758290983
|switch|p2a: Kleavor|Kleavor, F|76/100
|turn|26
|
|t:|1758290986
|move|p2a: Kleavor|Night Slash|p1a: Dragapult
|-supereffective|p1a: Dragapult
|-damage|p1a: Dragapult|0 fnt
|faint|p1a: Dragapult
|
|upkeep
|
|t:|1758290989
|switch|p1a: Great Tusk|Great Tusk|68/100
|turn|27
|
|t:|1758291001
|switch|p2a: Rillaboom|Rillaboom, M|100/100
|-fieldstart|move: Grassy Terrain|[from] ability: Grassy Surge|[of] p2a: Rillaboom
|move|p1a: Great Tusk|Close Combat|p2a: Rillaboom
|-damage|p2a: Rillaboom|29/100
|-unboost|p1a: Great Tusk|def|1
|-unboost|p1a: Great Tusk|spd|1
|
|-heal|p1a: Great Tusk|74/100|[from] Grassy Terrain
|-heal|p2a: Rillaboom|35/100|[from] Grassy Terrain
|upkeep
|turn|28
|
|t:|1758291006
|move|p2a: Rillaboom|Grassy Glide|p1a: Great Tusk
|-supereffective|p1a: Great Tusk
|-damage|p1a: Great Tusk|0 fnt
|faint|p1a: Great Tusk
|-end|p1a: Great Tusk|Protosynthesis|[silent]
|
|-heal|p2a: Rillaboom|42/100|[from] Grassy Terrain
|upkeep
|
|t:|1758291007
|switch|p1a: Dragonite|Dragonite, M|100/100
|turn|29
|
|t:|1758291017
|move|p2a: Rillaboom|Grassy Glide|p1a: Dragonite
|-resisted|p1a: Dragonite
|-damage|p1a: Dragonite|93/100
|move|p1a: Dragonite|Dragon Dance|p1a: Dragonite
|-boost|p1a: Dragonite|atk|1
|-boost|p1a: Dragonite|spe|1
|
|-heal|p2a: Rillaboom|48/100|[from] Grassy Terrain
|upkeep
|turn|30
|
|t:|1758291020
|switch|p2a: Clodsire|Clodsire, M|25/100
|move|p1a: Dragonite|Ice Spinner|p2a: Clodsire
|-supereffective|p2a: Clodsire
|-damage|p2a: Clodsire|0 fnt
|-fieldend|move: Grassy Terrain
|faint|p2a: Clodsire
|-damage|p1a: Dragonite|83/100|[from] item: Life Orb
|
|upkeep
|
|t:|1758291022
|switch|p2a: Kleavor|Kleavor, F|76/100
|turn|31
|
|t:|1758291030
|move|p2a: Kleavor|Stone Axe|p1a: Dragonite
|-supereffective|p1a: Dragonite
|-damage|p1a: Dragonite|0 fnt
|-sidestart|p1: mingying|move: Stealth Rock
|faint|p1a: Dragonite
|
|upkeep
|
|t:|1758291033
|switch|p1a: Iron Valiant|Iron Valiant|71/100
|-damage|p1a: Iron Valiant|65/100|[from] Stealth Rock
|turn|32
|
|t:|1758291046
|move|p2a: Kleavor|Stone Axe|p1a: Iron Valiant
|-resisted|p1a: Iron Valiant
|-damage|p1a: Iron Valiant|33/100
|move|p1a: Iron Valiant|Close Combat|p2a: Kleavor
|-damage|p2a: Kleavor|0 fnt
|-unboost|p1a: Iron Valiant|def|1
|-unboost|p1a: Iron Valiant|spd|1
|faint|p2a: Kleavor
|-damage|p1a: Iron Valiant|23/100|[from] item: Life Orb
|
|upkeep
|
|t:|1758291050
|switch|p2a: Rillaboom|Rillaboom, M|48/100
|-fieldstart|move: Grassy Terrain|[from] ability: Grassy Surge|[of] p2a: Rillaboom
|turn|33
|
|t:|1758291052
|-terastallize|p1a: Iron Valiant|Ghost
|move|p1a: Iron Valiant|Shadow Sneak|p2a: Rillaboom
|-damage|p2a: Rillaboom|19/100
|-damage|p1a: Iron Valiant|14/100|[from] item: Life Orb
|move|p2a: Rillaboom|Grassy Glide|p1a: Iron Valiant
|-damage|p1a: Iron Valiant|0 fnt
|faint|p1a: Iron Valiant
|-end|p1a: Iron Valiant|Quark Drive|[silent]
|
|win|will1994
|raw|mingying's rating: 1442 &rarr; <strong>1424</strong><br />(-18 for losing)
|raw|will1994's rating: 1485 &rarr; <strong>1503</strong><br />(+18 for winning)
|l|☆mingying
|player|p1|
