|j|☆LikeEmerald
|j|☆likeanyother
|t:|1758301184
|gametype|singles
|player|p1|LikeEmerald|265|1143
|player|p2|likeanyother|169|1114
|gen|9
|tier|[Gen 9] OU
|rated|
|rule|HP Percentage Mod: HP is shown in percentages
|rule|Endless Battle Clause: Forcing endless battles is banned
|rule|Species Clause: Limit one of each Pokémon
|rule|OHKO Clause: OHKO moves are banned
|rule|Evasion Items Clause: Evasion items are banned
|rule|Evasion Moves Clause: Evasion moves are banned
|rule|Evasion Abilities Clause: Evasion abilities are banned
|rule|Sleep Moves Clause: Sleep-inducing moves are banned
|clearpoke
|poke|p1|Kricketune, M|
|poke|p1|Araquanid, M|
|poke|p1|Landorus-Therian, M|
|poke|p1|Magneton|
|poke|p1|Weezing, F|
|poke|p1|Blaziken, F|
|poke|p2|Minior|
|poke|p2|Kleavor, M|
|poke|p2|Sudowoodo, M|
|poke|p2|Bastiodon, M|
|poke|p2|Glimmora, M|
|poke|p2|Klawf, F|
|teampreview
|inactive|Battle timer is ON: inactive players will automatically lose when time's up. (requested by likeanyother)
|
|t:|1758301220
|teamsize|p1|6
|teamsize|p2|6
|start
|switch|p1a: Araquanid|Araquanid, M|100/100
|switch|p2a: Kleavor|Kleavor, M|100/100
|turn|1
|
|t:|1758301228
|switch|p1a: Landorus|Landorus-Therian, M|100/100
|-ability|p1a: Landorus|Intimidate|boost
|-unboost|p2a: Kleavor|atk|1
|-terastallize|p2a: Kleavor|Bug
|move|p2a: Kleavor|Fury Cutter|p1a: Landorus
|-resisted|p1a: Landorus
|-damage|p1a: Landorus|83/100
|-damage|p2a: Kleavor|84/100|[from] item: Rocky Helmet|[of] p1a: Landorus
|
|upkeep
|turn|2
|
|t:|1758301240
|move|p1a: Landorus|Stealth Rock|p2a: Kleavor
|-sidestart|p2: likeanyother|move: Stealth Rock
|move|p2a: Kleavor|Fury Cutter|p1a: Landorus
|-resisted|p1a: Landorus
|-damage|p1a: Landorus|38/100
|-damage|p2a: Kleavor|68/100|[from] item: Rocky Helmet|[of] p1a: Landorus
|
|upkeep
|turn|3
|
|t:|1758301256
|move|p1a: Landorus|Earth Power|p2a: Kleavor
|-resisted|p2a: Kleavor
|-damage|p2a: Kleavor|33/100
|move|p2a: Kleavor|Fury Cutter|p1a: Landorus
|-resisted|p1a: Landorus
|-damage|p1a: Landorus|0 fnt
|-damage|p2a: Kleavor|17/100|[from] item: Rocky Helmet|[of] p1a: Landorus
|faint|p1a: Landorus
|
|upkeep
|
|t:|1758301273
|switch|p1a: Weezing|Weezing, F|100/100
|turn|4
|
|t:|1758301278
|move|p2a: Kleavor|Fury Cutter|p1a: Weezing
|-resisted|p1a: Weezing
|-damage|p1a: Weezing|12/100
|move|p1a: Weezing|Sludge Bomb|p2a: Kleavor
|-damage|p2a: Kleavor|0 fnt
|faint|p2a: Kleavor
|
|-heal|p1a: Weezing|18/100|[from] item: Leftovers
|upkeep
|
|t:|1758301289
|switch|p2a: Minior|Minior|100/100
|-damage|p2a: Minior|76/100|[from] Stealth Rock
|-formechange|p2a: Minior|Minior-Meteor||[from] ability: Shields Down
|turn|5
|
|t:|1758301303
|move|p2a: Minior|Shell Smash|p2a: Minior
|-unboost|p2a: Minior|def|1
|-unboost|p2a: Minior|spd|1
|-boost|p2a: Minior|atk|2
|-boost|p2a: Minior|spa|2
|-boost|p2a: Minior|spe|2
|-enditem|p2a: Minior|White Herb
|-clearnegativeboost|p2a: Minior|[silent]
|move|p1a: Weezing|Sludge Bomb|p2a: Minior
|-resisted|p2a: Minior
|-damage|p2a: Minior|51/100
|
|-heal|p1a: Weezing|24/100|[from] item: Leftovers
|upkeep
|turn|6
|
|t:|1758301316
|move|p2a: Minior|Acrobatics|p1a: Weezing
|-damage|p1a: Weezing|0 fnt
|faint|p1a: Weezing
|
|upkeep
|
|t:|1758301324
|switch|p1a: Magneton|Magneton|100/100
|turn|7
|
|t:|1758301334
|move|p2a: Minior|Acrobatics|p1a: Magneton
|-resisted|p1a: Magneton
|-damage|p1a: Magneton|87/100
|move|p1a: Magneton|Volt Switch|p2a: Minior
|-supereffective|p2a: Minior
|-damage|p2a: Minior|0 fnt
|faint|p2a: Minior
|
|t:|1758301343
|switch|p1a: Blaziken|Blaziken, F|100/100|[from] Volt Switch
|
|upkeep
|
|t:|1758301351
|switch|p2a: Sudowoodo|Sudowoodo, M|100/100
|-damage|p2a: Sudowoodo|88/100|[from] Stealth Rock
|turn|8
|
|t:|1758301356
|move|p1a: Blaziken|Close Combat|p2a: Sudowoodo
|-supereffective|p2a: Sudowoodo
|-crit|p2a: Sudowoodo
|-damage|p2a: Sudowoodo|0 fnt
|-unboost|p1a: Blaziken|def|1
|-unboost|p1a: Blaziken|spd|1
|faint|p2a: Sudowoodo
|
|-ability|p1a: Blaziken|Speed Boost|boost
|-boost|p1a: Blaziken|spe|1
|upkeep
|
|t:|1758301366
|switch|p2a: Glimmora|Glimmora, M|100/100
|-damage|p2a: Glimmora|88/100|[from] Stealth Rock
|turn|9
|c|☆LikeEmerald|Respect the mono rock
|
|t:|1758301383
|move|p1a: Blaziken|Close Combat|p2a: Glimmora
|-damage|p2a: Glimmora|0 fnt
|-unboost|p1a: Blaziken|def|1
|-unboost|p1a: Blaziken|spd|1
|faint|p2a: Glimmora
|
|-ability|p1a: Blaziken|Speed Boost|boost
|-boost|p1a: Blaziken|spe|1
|upkeep
|
|t:|1758301391
|switch|p2a: Bastiodon|Bastiodon, M|100/100
|-damage|p2a: Bastiodon|94/100|[from] Stealth Rock
|turn|10
|-message|likeanyother forfeited.
|
|win|LikeEmerald
|raw|LikeEmerald's rating: 1143 &rarr; <strong>1166</strong><br />(+23 for winning)
|raw|likeanyother's rating: 1114 &rarr; <strong>1091</strong><br />(-23 for losing)
|l|☆likeanyother
|player|p2|
|l|☆LikeEmerald
|player|p1|
