|j|☆pvc31
|j|☆Twilor/Lei
|t:|1758270161
|gametype|singles
|player|p1|pvc31|n|1173
|player|p2|Twilor/Lei|cheryl|1182
|gen|9
|tier|[Gen 9] OU
|rated|
|rule|HP Percentage Mod: HP is shown in percentages
|rule|Endless Battle Clause: Forcing endless battles is banned
|rule|Species Clause: Limit one of each Pokémon
|rule|OHKO Clause: OHKO moves are banned
|rule|Evasion Items Clause: Evasion items are banned
|rule|Evasion Moves Clause: Evasion moves are banned
|rule|Evasion Abilities Clause: Evasion abilities are banned
|rule|Sleep Moves Clause: Sleep-inducing moves are banned
|clearpoke
|poke|p1|Serperior, F|
|poke|p1|Hydreigon, F|
|poke|p1|Chandelure, M|
|poke|p1|Corviknight, M|
|poke|p1|Great Tusk|
|poke|p1|Milotic, M|
|poke|p2|Meowscarada, M|
|poke|p2|Ceruledge, F|
|poke|p2|Gliscor, M|
|poke|p2|Iron Moth|
|poke|p2|Hatterene, F|
|poke|p2|Slowking-Galar, F|
|teampreview
|inactive|Battle timer is ON: inactive players will automatically lose when time's up. (requested by Twilor/Lei)
|
|t:|1758270175
|teamsize|p1|6
|teamsize|p2|6
|start
|switch|p1a: Serperior|Serperior, F|100/100
|switch|p2a: Gliscor|Gliscor, M|100/100
|turn|1
|
|t:|1758270187
|move|p2a: Gliscor|Protect|p2a: Gliscor
|-singleturn|p2a: Gliscor|Protect
|move|p1a: Serperior|Glare|p2a: Gliscor
|-activate|p2a: Gliscor|move: Protect
|
|-status|p2a: Gliscor|tox|[from] item: Toxic Orb
|upkeep
|turn|2
|
|t:|1758270198
|move|p1a: Serperior|Leaf Storm|p2a: Gliscor
|-damage|p2a: Gliscor|42/100 tox
|-boost|p1a: Serperior|spa|2
|move|p2a: Gliscor|Knock Off|p1a: Serperior
|-damage|p1a: Serperior|70/100
|-enditem|p1a: Serperior|Leftovers|[from] move: Knock Off|[of] p2a: Gliscor
|
|-heal|p2a: Gliscor|54/100 tox|[from] ability: Poison Heal
|upkeep
|turn|3
|
|t:|1758270217
|move|p2a: Gliscor|Protect|p2a: Gliscor
|-singleturn|p2a: Gliscor|Protect
|move|p1a: Serperior|Leaf Storm|p2a: Gliscor
|-activate|p2a: Gliscor|move: Protect
|
|-heal|p2a: Gliscor|67/100 tox|[from] ability: Poison Heal
|upkeep
|turn|4
|
|t:|1758270225
|switch|p2a: Iron Moth|Iron Moth|100/100
|move|p1a: Serperior|Leaf Storm|p2a: Iron Moth
|-resisted|p2a: Iron Moth
|-damage|p2a: Iron Moth|77/100
|-boost|p1a: Serperior|spa|2
|
|upkeep
|turn|5
|
|t:|1758270241
|-terastallize|p1a: Serperior|Water
|move|p1a: Serperior|Tera Blast|p2a: Iron Moth|[anim] Tera Blast Water
|-supereffective|p2a: Iron Moth
|-damage|p2a: Iron Moth|0 fnt
|faint|p2a: Iron Moth
|-end|p2a: Iron Moth|Quark Drive|[silent]
|
|upkeep
|
|t:|1758270248
|switch|p2a: Meowscarada|Meowscarada, M|100/100
|turn|6
|
|t:|1758270261
|switch|p1a: Corviknight|Corviknight, M|100/100
|move|p2a: Meowscarada|Flower Trick|p1a: Corviknight
|-start|p2a: Meowscarada|typechange|Grass|[from] ability: Protean
|-resisted|p1a: Corviknight
|-crit|p1a: Corviknight
|-damage|p1a: Corviknight|91/100
|-damage|p2a: Meowscarada|91/100|[from] item: Life Orb
|
|upkeep
|turn|7
|
|t:|1758270277
|switch|p2a: Slowking|Slowking-Galar, F|100/100
|move|p1a: Corviknight|Tailwind|p1a: Corviknight
|-sidestart|p1: pvc31|move: Tailwind
|
|upkeep
|turn|8
|
|t:|1758270294
|switch|p1a: Chandelure|Chandelure, M|100/100
|move|p2a: Slowking|Future Sight|p1a: Chandelure
|-start|p2a: Slowking|move: Future Sight
|
|upkeep
|turn|9
|
|t:|1758270305
|move|p1a: Chandelure|Will-O-Wisp|p2a: Slowking
|-status|p2a: Slowking|brn
|-prepare|p2a: Slowking|Chilly Reception|[premajor]
|move|p2a: Slowking|Chilly Reception|p2a: Slowking
|-weather|Snowscape
|
|t:|1758270310
|switch|p2a: Ceruledge|Ceruledge, F|100/100|[from] Chilly Reception
|
|-weather|Snowscape|[upkeep]
|upkeep
|turn|10
|
|t:|1758270317
|move|p1a: Chandelure|Shadow Ball|p2a: Ceruledge
|-supereffective|p2a: Ceruledge
|-enditem|p2a: Ceruledge|Focus Sash
|-damage|p2a: Ceruledge|1/100
|-damage|p1a: Chandelure|91/100|[from] item: Life Orb
|move|p2a: Ceruledge|Swords Dance|p2a: Ceruledge
|-boost|p2a: Ceruledge|atk|2
|
|-weather|Snowscape|[upkeep]
|-end|p1a: Chandelure|move: Future Sight
|-damage|p1a: Chandelure|22/100
|-sideend|p1: pvc31|move: Tailwind
|upkeep
|turn|11
|
|t:|1758270336
|switch|p1a: Milotic|Milotic, M|100/100
|move|p2a: Ceruledge|Shadow Sneak|p1a: Milotic
|-damage|p1a: Milotic|70/100
|
|-weather|Snowscape|[upkeep]
|-status|p1a: Milotic|brn|[from] item: Flame Orb
|upkeep
|turn|12
|
|t:|1758270352
|move|p2a: Ceruledge|Poltergeist|p1a: Milotic
|-activate|p1a: Milotic|move: Poltergeist|Flame Orb
|-damage|p1a: Milotic|14/100 brn
|move|p1a: Milotic|Scald|p2a: Ceruledge
|-supereffective|p2a: Ceruledge
|-damage|p2a: Ceruledge|0 fnt
|faint|p2a: Ceruledge
|
|-weather|Snowscape|[upkeep]
|-damage|p1a: Milotic|8/100 brn|[from] brn
|upkeep
|
|t:|1758270360
|switch|p2a: Meowscarada|Meowscarada, M|91/100
|turn|13
|
|t:|1758270370
|switch|p1a: Corviknight|Corviknight, M|91/100
|move|p2a: Meowscarada|Knock Off|p1a: Corviknight
|-start|p2a: Meowscarada|typechange|Dark|[from] ability: Protean
|-damage|p1a: Corviknight|55/100
|-damage|p2a: Meowscarada|74/100|[from] item: Rocky Helmet|[of] p1a: Corviknight
|-enditem|p1a: Corviknight|Rocky Helmet|[from] move: Knock Off|[of] p2a: Meowscarada
|-damage|p2a: Meowscarada|64/100|[from] item: Life Orb
|
|-weather|none
|upkeep
|turn|14
|
|t:|1758270383
|move|p2a: Meowscarada|U-turn|p1a: Corviknight
|-resisted|p1a: Corviknight
|-damage|p1a: Corviknight|51/100
|-damage|p2a: Meowscarada|54/100|[from] item: Life Orb
|
|t:|1758270386
|switch|p2a: Gliscor|Gliscor, M|67/100 tox|[from] U-turn
|move|p1a: Corviknight|Tailwind|p1a: Corviknight
|-sidestart|p1: pvc31|move: Tailwind
|
|-heal|p2a: Gliscor|79/100 tox|[from] ability: Poison Heal
|upkeep
|turn|15
|
|t:|1758270402
|switch|p1a: Milotic|Milotic, M|8/100 brn
|move|p2a: Gliscor|Stealth Rock|p1a: Milotic
|-sidestart|p1: pvc31|move: Stealth Rock
|
|-heal|p2a: Gliscor|91/100 tox|[from] ability: Poison Heal
|-damage|p1a: Milotic|2/100 brn|[from] brn
|upkeep
|turn|16
|
|t:|1758270412
|move|p1a: Milotic|Recover|p1a: Milotic
|-heal|p1a: Milotic|52/100 brn
|move|p2a: Gliscor|Knock Off|p1a: Milotic
|-damage|p1a: Milotic|42/100 brn
|-enditem|p1a: Milotic|Flame Orb|[from] move: Knock Off|[of] p2a: Gliscor
|
|-heal|p2a: Gliscor|100/100 tox|[from] ability: Poison Heal
|-damage|p1a: Milotic|36/100 brn|[from] brn
|upkeep
|turn|17
|l|☆pvc31
|inactive|pvc31 disconnected and has a minute to reconnect!
|player|p1|
|j|☆pvc31
|inactive|pvc31 reconnected and has 120 seconds left.
|player|p1|pvc31|n|
|
|t:|1758270445
|move|p1a: Milotic|Ice Beam|p2a: Gliscor
|-supereffective|p2a: Gliscor
|-damage|p2a: Gliscor|4/100 tox
|move|p2a: Gliscor|Earthquake|p1a: Milotic
|-damage|p1a: Milotic|19/100 brn
|
|-heal|p2a: Gliscor|17/100 tox|[from] ability: Poison Heal
|-damage|p1a: Milotic|13/100 brn|[from] brn
|-sideend|p1: pvc31|move: Tailwind
|upkeep
|turn|18
|inactive|pvc31 has 120 seconds left.
|
|t:|1758270459
|switch|p2a: Hatterene|Hatterene, F|100/100
|move|p1a: Milotic|Recover|p1a: Milotic
|-heal|p1a: Milotic|63/100 brn
|
|-damage|p1a: Milotic|57/100 brn|[from] brn
|upkeep
|turn|19
|
|t:|1758270468
|move|p1a: Milotic|Light Screen|p1a: Milotic
|-sidestart|p1: pvc31|move: Light Screen
|move|p2a: Hatterene|Calm Mind|p2a: Hatterene
|-boost|p2a: Hatterene|spa|1
|-boost|p2a: Hatterene|spd|1
|
|-damage|p1a: Milotic|51/100 brn|[from] brn
|upkeep
|turn|20
|inactive|pvc31 has 120 seconds left.
|
|t:|1758270487
|switch|p1a: Corviknight|Corviknight, M|51/100
|-damage|p1a: Corviknight|39/100|[from] Stealth Rock
|move|p2a: Hatterene|Calm Mind|p2a: Hatterene
|-boost|p2a: Hatterene|spa|1
|-boost|p2a: Hatterene|spd|1
|
|upkeep
|turn|21
|
|t:|1758270497
|-terastallize|p2a: Hatterene|Fairy
|move|p1a: Corviknight|Roost|p1a: Corviknight
|-heal|p1a: Corviknight|89/100
|-singleturn|p1a: Corviknight|move: Roost
|move|p2a: Hatterene|Draining Kiss|p1a: Corviknight
|-resisted|p1a: Corviknight
|-damage|p1a: Corviknight|66/100
|
|upkeep
|turn|22
|
|t:|1758270507
|move|p1a: Corviknight|Brave Bird|p2a: Hatterene
|-damage|p2a: Hatterene|61/100
|-damage|p1a: Corviknight|56/100|[from] Recoil
|move|p2a: Hatterene|Nuzzle|p1a: Corviknight
|-supereffective|p1a: Corviknight
|-damage|p1a: Corviknight|50/100
|-status|p1a: Corviknight|par
|
|-heal|p2a: Hatterene|67/100|[from] item: Leftovers
|upkeep
|turn|23
|
|t:|1758270520
|move|p1a: Corviknight|Roost|p1a: Corviknight
|-heal|p1a: Corviknight|100/100 par
|-singleturn|p1a: Corviknight|move: Roost
|move|p2a: Hatterene|Psychic Noise|p1a: Corviknight
|-resisted|p1a: Corviknight
|-damage|p1a: Corviknight|79/100 par
|-start|p1a: Corviknight|move: Heal Block
|
|-heal|p2a: Hatterene|73/100|[from] item: Leftovers
|-sideend|p1: pvc31|move: Light Screen
|upkeep
|turn|24
|
|t:|1758270534
|move|p1a: Corviknight|Brave Bird|p2a: Hatterene
|-damage|p2a: Hatterene|30/100
|-damage|p1a: Corviknight|68/100 par|[from] Recoil
|move|p2a: Hatterene|Draining Kiss|p1a: Corviknight
|-resisted|p1a: Corviknight
|-damage|p1a: Corviknight|26/100 par
|-heal|p2a: Hatterene|70/100|[from] drain|[of] p1a: Corviknight
|
|-heal|p2a: Hatterene|76/100|[from] item: Leftovers
|-end|p1a: Corviknight|move: Heal Block
|upkeep
|turn|25
|inactive|pvc31 has 120 seconds left.
|
|t:|1758270554
|move|p1a: Corviknight|Brave Bird|p2a: Hatterene
|-damage|p2a: Hatterene|38/100
|-damage|p1a: Corviknight|16/100 par|[from] Recoil
|move|p2a: Hatterene|Calm Mind|p2a: Hatterene
|-boost|p2a: Hatterene|spa|1
|-boost|p2a: Hatterene|spd|1
|
|-heal|p2a: Hatterene|44/100|[from] item: Leftovers
|upkeep
|turn|26
|inactive|pvc31 has 120 seconds left.
|
|t:|1758270564
|move|p1a: Corviknight|Brave Bird|p2a: Hatterene
|-damage|p2a: Hatterene|1/100
|-damage|p1a: Corviknight|4/100 par|[from] Recoil
|move|p2a: Hatterene|Draining Kiss|p1a: Corviknight
|-resisted|p1a: Corviknight
|-damage|p1a: Corviknight|0 fnt
|-heal|p2a: Hatterene|4/100|[from] drain|[of] p1a: Corviknight
|faint|p1a: Corviknight
|
|-heal|p2a: Hatterene|10/100|[from] item: Leftovers
|upkeep
|inactive|pvc31 has 120 seconds left.
|
|t:|1758270576
|switch|p1a: Great Tusk|Great Tusk|100/100
|-damage|p1a: Great Tusk|98/100|[from] Stealth Rock
|-enditem|p1a: Great Tusk|Booster Energy
|-activate|p1a: Great Tusk|ability: Protosynthesis|[fromitem]
|-start|p1a: Great Tusk|protosynthesisatk
|turn|27
|inactive|pvc31 has 120 seconds left.
|
|t:|1758270583
|move|p1a: Great Tusk|Rapid Spin|p2a: Hatterene
|-damage|p2a: Hatterene|0 fnt
|-boost|p1a: Great Tusk|spe|1
|-sideend|p1: pvc31|Stealth Rock|[from] move: Rapid Spin|[of] p1a: Great Tusk
|faint|p2a: Hatterene
|
|upkeep
|
|t:|1758270587
|switch|p2a: Slowking|Slowking-Galar, F|100/100 brn
|turn|28
|
|t:|1758270595
|move|p1a: Great Tusk|Earthquake|p2a: Slowking
|-supereffective|p2a: Slowking
|-damage|p2a: Slowking|0 fnt
|faint|p2a: Slowking
|
|upkeep
|
|t:|1758270598
|switch|p2a: Meowscarada|Meowscarada, M|54/100
|turn|29
|
|t:|1758270604
|move|p1a: Great Tusk|Close Combat|p2a: Meowscarada
|-supereffective|p2a: Meowscarada
|-damage|p2a: Meowscarada|0 fnt
|-unboost|p1a: Great Tusk|def|1
|-unboost|p1a: Great Tusk|spd|1
|faint|p2a: Meowscarada
|
|upkeep
|
|t:|1758270607
|switch|p2a: Gliscor|Gliscor, M|17/100 tox
|turn|30
|
|t:|1758270615
|move|p1a: Great Tusk|Rock Slide|p2a: Gliscor
|-damage|p2a: Gliscor|0 fnt
|faint|p2a: Gliscor
|
|win|pvc31
|raw|pvc31's rating: 1173 &rarr; <strong>1199</strong><br />(+26 for winning)
|raw|Twilor&#x2f;Lei's rating: 1182 &rarr; <strong>1156</strong><br />(-26 for losing)
|l|☆Twilor/Lei
|player|p2|
|l|☆pvc31
|player|p1|
