|j|☆loneslopeman
|j|☆evilmassacre
|t:|1758342228
|gametype|singles
|player|p1|loneslopeman|2|1251
|player|p2|evilmassacre|clown|1209
|gen|9
|tier|[Gen 9] OU
|rated|
|rule|HP Percentage Mod: HP is shown in percentages
|rule|Endless Battle Clause: Forcing endless battles is banned
|rule|Species Clause: Limit one of each Pokémon
|rule|OHKO Clause: OHKO moves are banned
|rule|Evasion Items Clause: Evasion items are banned
|rule|Evasion Moves Clause: Evasion moves are banned
|rule|Evasion Abilities Clause: Evasion abilities are banned
|rule|Sleep Moves Clause: Sleep-inducing moves are banned
|clearpoke
|poke|p1|Zarude-Dada|
|poke|p1|Torkoal, M|
|poke|p1|Scream Tail|
|poke|p1|Great Tusk|
|poke|p1|Zamazenta-*|
|poke|p1|Walking Wake|
|poke|p2|Gholdengo|
|poke|p2|Gliscor, M|
|poke|p2|Ceruledge, M|
|poke|p2|Zoroark-Hisui, F|
|poke|p2|Iron Treads|
|poke|p2|Chansey, F|
|teampreview
|inactive|Battle timer is ON: inactive players will automatically lose when time's up. (requested by evilmassacre)
|
|t:|1758342248
|teamsize|p1|6
|teamsize|p2|6
|start
|switch|p1a: Torkoal|Torkoal, M|100/100
|switch|p2a: Gliscor|Gliscor, M|100/100
|-weather|SunnyDay|[from] ability: Drought|[of] p1a: Torkoal
|turn|1
|
|t:|1758342255
|move|p2a: Gliscor|Swords Dance|p2a: Gliscor
|-boost|p2a: Gliscor|atk|2
|move|p1a: Torkoal|Lava Plume|p2a: Gliscor
|-damage|p2a: Gliscor|48/100
|
|-weather|SunnyDay|[upkeep]
|-status|p2a: Gliscor|tox|[from] item: Toxic Orb
|upkeep
|turn|2
|
|t:|1758342283
|switch|p1a: Zarude|Zarude-Dada|100/100
|move|p2a: Gliscor|Earthquake|p1a: Zarude
|-resisted|p1a: Zarude
|-damage|p1a: Zarude|60/100
|
|-weather|SunnyDay|[upkeep]
|-heal|p1a: Zarude|66/100|[from] item: Leftovers
|-heal|p2a: Gliscor|60/100 tox|[from] ability: Poison Heal
|upkeep
|turn|3
|
|t:|1758342300
|move|p2a: Gliscor|Facade|p1a: Zarude
|-damage|p1a: Zarude|0 fnt
|faint|p1a: Zarude
|
|-weather|SunnyDay|[upkeep]
|-heal|p2a: Gliscor|73/100 tox|[from] ability: Poison Heal
|upkeep
|
|t:|1758342303
|switch|p1a: Great Tusk|Great Tusk|100/100
|-activate|p1a: Great Tusk|ability: Protosynthesis
|-start|p1a: Great Tusk|protosynthesisatk
|turn|4
|
|t:|1758342317
|move|p2a: Gliscor|Earthquake|p1a: Great Tusk
|-damage|p1a: Great Tusk|45/100
|move|p1a: Great Tusk|Ice Spinner|p2a: Gliscor
|-supereffective|p2a: Gliscor
|-damage|p2a: Gliscor|0 fnt
|faint|p2a: Gliscor
|
|-weather|SunnyDay|[upkeep]
|upkeep
|inactive|evilmassacre has 120 seconds left.
|
|t:|1758342346
|switch|p2a: Iron Treads|Iron Treads|100/100
|-enditem|p2a: Iron Treads|Booster Energy
|-activate|p2a: Iron Treads|ability: Quark Drive|[fromitem]
|-start|p2a: Iron Treads|quarkdrivespe
|turn|5
|
|t:|1758342366
|move|p2a: Iron Treads|Earthquake|p1a: Great Tusk
|-damage|p1a: Great Tusk|18/100
|move|p1a: Great Tusk|Earthquake|p2a: Iron Treads
|-supereffective|p2a: Iron Treads
|-damage|p2a: Iron Treads|0 fnt
|faint|p2a: Iron Treads
|-end|p2a: Iron Treads|Quark Drive|[silent]
|
|-weather|SunnyDay|[upkeep]
|upkeep
|inactive|evilmassacre has 120 seconds left.
|
|t:|1758342378
|switch|p2a: Chansey|Chansey, F|100/100
|turn|6
|
|t:|1758342384
|move|p2a: Chansey|Nasty Plot|p2a: Chansey
|-boost|p2a: Chansey|spa|2
|move|p1a: Great Tusk|Earthquake|p2a: Chansey
|-enditem|p2a: Chansey|Focus Sash
|-damage|p2a: Chansey|1/100
|replace|p2a: Zoroark|Zoroark-Hisui, F
|-end|p2a: Zoroark|Illusion
|
|-weather|SunnyDay|[upkeep]
|upkeep
|turn|7
|
|t:|1758342396
|move|p2a: Zoroark|Shadow Ball|p1a: Great Tusk
|-damage|p1a: Great Tusk|0 fnt
|faint|p1a: Great Tusk
|-end|p1a: Great Tusk|Protosynthesis|[silent]
|
|-weather|SunnyDay|[upkeep]
|upkeep
|
|t:|1758342399
|switch|p1a: Walking Wake|Walking Wake|100/100
|-activate|p1a: Walking Wake|ability: Protosynthesis
|-start|p1a: Walking Wake|protosynthesisspe
|turn|8
|
|t:|1758342411
|switch|p2a: Ceruledge|Ceruledge, M|100/100
|move|p1a: Walking Wake|Flip Turn|p2a: Ceruledge
|-supereffective|p2a: Ceruledge
|-damage|p2a: Ceruledge|70/100
|-ability|p2a: Ceruledge|Weak Armor|boost
|-unboost|p2a: Ceruledge|def|1
|-boost|p2a: Ceruledge|spe|2
|-damage|p1a: Walking Wake|91/100|[from] item: Life Orb
|
|t:|1758342426
|-end|p1a: Walking Wake|Protosynthesis|[silent]
|switch|p1a: Zamazenta|Zamazenta|100/100|[from] Flip Turn
|-ability|p1a: Zamazenta|Dauntless Shield|boost
|-boost|p1a: Zamazenta|def|1
|
|-weather|none
|upkeep
|turn|9
|
|t:|1758342434
|move|p2a: Ceruledge|Bitter Blade|p1a: Zamazenta
|-damage|p1a: Zamazenta|83/100
|-heal|p2a: Ceruledge|82/100|[from] drain|[of] p1a: Zamazenta
|move|p1a: Zamazenta|Crunch|p2a: Ceruledge
|-supereffective|p2a: Ceruledge
|-damage|p2a: Ceruledge|0 fnt
|faint|p2a: Ceruledge
|
|-heal|p1a: Zamazenta|89/100|[from] item: Leftovers
|upkeep
|
|t:|1758342445
|switch|p2a: Gholdengo|Gholdengo|100/100
|turn|10
|
|t:|1758342468
|move|p1a: Zamazenta|Crunch|p2a: Gholdengo
|-supereffective|p2a: Gholdengo
|-damage|p2a: Gholdengo|59/100
|-unboost|p2a: Gholdengo|def|1
|move|p2a: Gholdengo|Thunder Wave|p1a: Zamazenta
|-status|p1a: Zamazenta|par
|
|-heal|p2a: Gholdengo|65/100|[from] item: Leftovers
|-heal|p1a: Zamazenta|95/100 par|[from] item: Leftovers
|upkeep
|turn|11
|inactive|loneslopeman has 120 seconds left.
|
|t:|1758342499
|-terastallize|p2a: Gholdengo|Steel
|move|p2a: Gholdengo|Shadow Ball|p1a: Zamazenta
|-damage|p1a: Zamazenta|58/100 par
|move|p1a: Zamazenta|Crunch|p2a: Gholdengo
|-damage|p2a: Gholdengo|34/100
|
|-heal|p2a: Gholdengo|40/100|[from] item: Leftovers
|-heal|p1a: Zamazenta|64/100 par|[from] item: Leftovers
|upkeep
|turn|12
|
|t:|1758342510
|move|p2a: Gholdengo|Recover|p2a: Gholdengo
|-heal|p2a: Gholdengo|90/100
|cant|p1a: Zamazenta|par
|
|-heal|p2a: Gholdengo|96/100|[from] item: Leftovers
|-heal|p1a: Zamazenta|70/100 par|[from] item: Leftovers
|upkeep
|turn|13
|
|t:|1758342517
|move|p2a: Gholdengo|Shadow Ball|p1a: Zamazenta
|-crit|p1a: Zamazenta
|-damage|p1a: Zamazenta|19/100 par
|move|p1a: Zamazenta|Body Press|p2a: Gholdengo
|-supereffective|p2a: Gholdengo
|-damage|p2a: Gholdengo|0 fnt
|faint|p2a: Gholdengo
|
|-heal|p1a: Zamazenta|25/100 par|[from] item: Leftovers
|upkeep
|
|t:|1758342526
|switch|p2a: Chansey|Chansey, F|1/100
|turn|14
|
|t:|1758342532
|switch|p1a: Torkoal|Torkoal, M|100/100
|-weather|SunnyDay|[from] ability: Drought|[of] p1a: Torkoal
|move|p2a: Chansey|Shadow Ball|p1a: Torkoal
|-damage|p1a: Torkoal|44/100
|
|-weather|SunnyDay|[upkeep]
|upkeep
|turn|15
|
|t:|1758342545
|move|p2a: Chansey|Shadow Ball|p1a: Torkoal
|-damage|p1a: Torkoal|0 fnt
|faint|p1a: Torkoal
|
|-weather|SunnyDay|[upkeep]
|upkeep
|
|t:|1758342548
|switch|p1a: Walking Wake|Walking Wake|91/100
|-activate|p1a: Walking Wake|ability: Protosynthesis
|-start|p1a: Walking Wake|protosynthesisspe
|turn|16
|
|t:|1758342554
|switch|p2a: Chansey|Chansey, F|100/100
|move|p1a: Walking Wake|Hydro Steam|p2a: Chansey
|-damage|p2a: Chansey|77/100
|-damage|p1a: Walking Wake|81/100|[from] item: Life Orb
|
|-weather|SunnyDay|[upkeep]
|upkeep
|turn|17
|
|t:|1758342574
|-end|p1a: Walking Wake|Protosynthesis|[silent]
|switch|p1a: Zamazenta|Zamazenta|25/100 par
|move|p2a: Chansey|Stealth Rock|p1a: Zamazenta
|-sidestart|p1: loneslopeman|move: Stealth Rock
|
|-weather|SunnyDay|[upkeep]
|-heal|p1a: Zamazenta|31/100 par|[from] item: Leftovers
|upkeep
|turn|18
|
|t:|1758342585
|move|p1a: Zamazenta|Crunch|p2a: Chansey
|-damage|p2a: Chansey|63/100
|move|p2a: Chansey|Seismic Toss|p1a: Zamazenta
|-damage|p1a: Zamazenta|6/100 par
|
|-weather|SunnyDay|[upkeep]
|-heal|p1a: Zamazenta|12/100 par|[from] item: Leftovers
|upkeep
|turn|19
|
|t:|1758342593
|switch|p2a: Chansey|Chansey, F|1/100
|cant|p1a: Zamazenta|par
|
|-weather|SunnyDay|[upkeep]
|-heal|p1a: Zamazenta|18/100 par|[from] item: Leftovers
|upkeep
|turn|20
|
|t:|1758342602
|switch|p1a: Scream Tail|Scream Tail|100/100
|-damage|p1a: Scream Tail|88/100|[from] Stealth Rock
|-activate|p1a: Scream Tail|ability: Protosynthesis
|-start|p1a: Scream Tail|protosynthesisspd
|move|p2a: Chansey|Shadow Ball|p1a: Scream Tail
|-supereffective|p1a: Scream Tail
|-damage|p1a: Scream Tail|46/100
|-unboost|p1a: Scream Tail|spd|1
|
|-weather|SunnyDay|[upkeep]
|upkeep
|turn|21
|
|t:|1758342616
|switch|p2a: Chansey|Chansey, F|63/100
|move|p1a: Scream Tail|Light Screen|p1a: Scream Tail
|-sidestart|p1: loneslopeman|move: Light Screen
|
|-weather|none
|-end|p1a: Scream Tail|Protosynthesis
|upkeep
|turn|22
|
|t:|1758342632
|move|p1a: Scream Tail|Reflect|p1a: Scream Tail
|-sidestart|p1: loneslopeman|Reflect
|move|p2a: Chansey|Seismic Toss|p1a: Scream Tail
|-damage|p1a: Scream Tail|21/100
|
|upkeep
|turn|23
|
|t:|1758342645
|move|p1a: Scream Tail|Psychic Noise|p2a: Chansey
|-damage|p2a: Chansey|58/100
|-start|p2a: Chansey|move: Heal Block
|move|p2a: Chansey|Seismic Toss|p1a: Scream Tail
|-damage|p1a: Scream Tail|0 fnt
|faint|p1a: Scream Tail
|-end|p1a: Scream Tail|Protosynthesis|[silent]
|
|upkeep
|
|t:|1758342655
|switch|p1a: Zamazenta|Zamazenta|18/100 par
|-damage|p1a: Zamazenta|12/100 par|[from] Stealth Rock
|turn|24
|inactive|loneslopeman has 120 seconds left.
|inactive|evilmassacre has 120 seconds left.
|
|t:|1758342705
|-terastallize|p1a: Zamazenta|Dark
|move|p1a: Zamazenta|Crunch|p2a: Chansey
|-damage|p2a: Chansey|37/100
|move|p2a: Chansey|Seismic Toss|p1a: Zamazenta
|-damage|p1a: Zamazenta|0 fnt
|faint|p1a: Zamazenta
|
|-end|p2a: Chansey|move: Heal Block
|upkeep
|
|t:|1758342712
|switch|p1a: Walking Wake|Walking Wake|81/100
|-damage|p1a: Walking Wake|69/100|[from] Stealth Rock
|turn|25
|
|t:|1758342717
|move|p1a: Walking Wake|Hydro Steam|p2a: Chansey
|-damage|p2a: Chansey|19/100
|-damage|p1a: Walking Wake|59/100|[from] item: Life Orb
|move|p2a: Chansey|Soft-Boiled|p2a: Chansey
|-heal|p2a: Chansey|69/100
|
|upkeep
|turn|26
|
|t:|1758342727
|move|p1a: Walking Wake|Hydro Steam|p2a: Chansey
|-damage|p2a: Chansey|54/100
|-damage|p1a: Walking Wake|49/100|[from] item: Life Orb
|move|p2a: Chansey|Soft-Boiled|p2a: Chansey
|-heal|p2a: Chansey|100/100
|
|upkeep
|turn|27
|-message|loneslopeman forfeited.
|
|win|evilmassacre
|raw|loneslopeman's rating: 1251 &rarr; <strong>1223</strong><br />(-28 for losing)
|raw|evilmassacre's rating: 1209 &rarr; <strong>1237</strong><br />(+28 for winning)
|l|☆loneslopeman
|player|p1|
|l|☆evilmassacre
|player|p2|
