|j|☆Denorisn
|j|☆DNZ11
|t:|1758289039
|gametype|singles
|player|p1|Denorisn|marlon|1399
|player|p2|DNZ11|1|1464
|gen|9
|tier|[Gen 9] OU
|rated|
|rule|HP Percentage Mod: HP is shown in percentages
|rule|Endless Battle Clause: Forcing endless battles is banned
|rule|Species Clause: Limit one of each Pokémon
|rule|OHKO Clause: OHKO moves are banned
|rule|Evasion Items Clause: Evasion items are banned
|rule|Evasion Moves Clause: Evasion moves are banned
|rule|Evasion Abilities Clause: Evasion abilities are banned
|rule|Sleep Moves Clause: Sleep-inducing moves are banned
|clearpoke
|poke|p1|Gholdengo|
|poke|p1|Garchomp, M|
|poke|p1|Ditto|
|poke|p1|Mandibuzz, F|
|poke|p1|Toxapex, F|
|poke|p1|Garganacl, F|
|poke|p2|Dragonite, F|
|poke|p2|Zamazenta-*|
|poke|p2|Landorus-Therian, M|
|poke|p2|Gholdengo|
|poke|p2|Darkrai|
|poke|p2|Hatterene, F|
|teampreview
|inactive|Battle timer is ON: inactive players will automatically lose when time's up. (requested by DNZ11)
|
|t:|1758289061
|teamsize|p1|6
|teamsize|p2|6
|start
|switch|p1a: Garganacl|Garganacl, F|100/100
|switch|p2a: Landorus|Landorus-Therian, M|100/100
|-ability|p2a: Landorus|Intimidate|boost
|-unboost|p1a: Garganacl|atk|1
|turn|1
|
|t:|1758289091
|switch|p1a: Ditto|Ditto|100/100
|-transform|p1a: Ditto|p2a: Landorus|[from] ability: Imposter
|-ability|p1a: Ditto|Intimidate|boost
|-unboost|p2a: Landorus|atk|1
|move|p2a: Landorus|Taunt|p1a: Ditto
|-start|p1a: Ditto|move: Taunt
|
|upkeep
|turn|2
|inactive|Denorisn has 120 seconds left.
|inactive|Denorisn has 90 seconds left.
|inactive|Denorisn has 60 seconds left.
|inactive|Denorisn has 30 seconds left.
|-activate|p1a: Ditto|item: Quick Claw
|
|t:|1758289200
|move|p1a: Ditto|U-turn|p2a: Landorus
|-resisted|p2a: Landorus
|-damage|p2a: Landorus|91/100
|-damage|p1a: Ditto|84/100|[from] item: Rocky Helmet|[of] p2a: Landorus
|inactive|Denorisn has 30 seconds left.
|inactive|Denorisn has 20 seconds left.
|
|t:|1758289218
|switch|p1a: Garchomp|Garchomp, M|100/100|[from] U-turn
|move|p2a: Landorus|Stealth Rock|p1a: Garchomp
|-sidestart|p1: Denorisn|move: Stealth Rock
|
|upkeep
|turn|3
|inactive|Denorisn has 30 seconds left this turn.
|inactive|DNZ11 has 120 seconds left.
|
|t:|1758289249
|switch|p2a: Hatterene|Hatterene, F|100/100
|move|p1a: Garchomp|Swords Dance|p1a: Garchomp
|-boost|p1a: Garchomp|atk|2
|
|upkeep
|turn|4
|
|t:|1758289258
|switch|p2a: Landorus|Landorus-Therian, M|91/100
|-ability|p2a: Landorus|Intimidate|boost
|-unboost|p1a: Garchomp|atk|1
|move|p1a: Garchomp|Poison Jab|p2a: Landorus
|-resisted|p2a: Landorus
|-damage|p2a: Landorus|70/100
|-status|p2a: Landorus|psn
|-damage|p1a: Garchomp|84/100|[from] item: Rocky Helmet|[of] p2a: Landorus
|
|-damage|p2a: Landorus|58/100 psn|[from] psn
|upkeep
|turn|5
|inactive|DNZ11 has 120 seconds left.
|
|t:|1758289273
|move|p1a: Garchomp|Scale Shot|p2a: Landorus|[miss]
|-miss|p1a: Garchomp|p2a: Landorus
|move|p2a: Landorus|Earthquake|p1a: Garchomp
|-damage|p1a: Garchomp|35/100
|
|-damage|p2a: Landorus|46/100 psn|[from] psn
|upkeep
|turn|6
|inactive|DNZ11 has 120 seconds left.
|
|t:|1758289286
|switch|p2a: Hatterene|Hatterene, F|100/100
|move|p1a: Garchomp|Scale Shot|p2a: Hatterene
|-immune|p2a: Hatterene
|
|upkeep
|turn|7
|
|t:|1758289293
|switch|p2a: Landorus|Landorus-Therian, M|46/100 psn
|-ability|p2a: Landorus|Intimidate|boost
|-unboost|p1a: Garchomp|atk|1
|move|p1a: Garchomp|Poison Jab|p2a: Landorus
|-resisted|p2a: Landorus
|-damage|p2a: Landorus|33/100 psn
|-damage|p1a: Garchomp|19/100|[from] item: Rocky Helmet|[of] p2a: Landorus
|
|-damage|p2a: Landorus|20/100 psn|[from] psn
|upkeep
|turn|8
|inactive|Denorisn has 60 seconds left.
|
|t:|1758289299
|move|p1a: Garchomp|Scale Shot|p2a: Landorus|[miss]
|-miss|p1a: Garchomp|p2a: Landorus
|move|p2a: Landorus|U-turn|p1a: Garchomp
|-damage|p1a: Garchomp|0 fnt
|-damage|p2a: Landorus|8/100 psn|[from] ability: Rough Skin|[of] p1a: Garchomp
|faint|p1a: Garchomp
|c|☆Denorisn|why is it like this....
|c|☆Denorisn|its a 90% chance to hit
|inactive|DNZ11 has 120 seconds left.
|
|t:|1758289325
|switch|p2a: Gholdengo|Gholdengo|100/100|[from] U-turn
|
|upkeep
|
|t:|1758289332
|switch|p1a: Mandibuzz|Mandibuzz, F|100/100
|turn|9
|inactive|DNZ11 has 120 seconds left.
|c|☆DNZ11|been there too
|c|☆DNZ11|it is insane how much better 100% is than 90 or 95
|inactive|DNZ11 has 90 seconds left.
|
|t:|1758289378
|move|p2a: Gholdengo|Nasty Plot|p2a: Gholdengo
|-boost|p2a: Gholdengo|spa|2
|move|p1a: Mandibuzz|Foul Play|p2a: Gholdengo
|-supereffective|p2a: Gholdengo
|-damage|p2a: Gholdengo|71/100
|
|upkeep
|turn|10
|inactive|Denorisn has 60 seconds left.
|
|t:|1758289424
|switch|p1a: Toxapex|Toxapex, F|100/100
|-damage|p1a: Toxapex|88/100|[from] Stealth Rock
|move|p2a: Gholdengo|Thunderbolt|p1a: Toxapex
|-supereffective|p1a: Toxapex
|-damage|p1a: Toxapex|17/100
|
|upkeep
|turn|11
|inactive|Denorisn has 30 seconds left.
|inactive|DNZ11 has 90 seconds left.
|c|☆Denorisn|that's game
|
|t:|1758289453
|switch|p1a: Garganacl|Garganacl, F|100/100
|-damage|p1a: Garganacl|88/100|[from] Stealth Rock
|move|p2a: Gholdengo|Make It Rain|p1a: Garganacl
|-supereffective|p1a: Garganacl
|-damage|p1a: Garganacl|0 fnt
|-unboost|p2a: Gholdengo|spa|1
|faint|p1a: Garganacl
|
|upkeep
|inactive|Denorisn has 30 seconds left this turn.
|
|t:|1758289458
|switch|p1a: Ditto|Ditto|84/100
|-damage|p1a: Ditto|72/100|[from] Stealth Rock
|-transform|p1a: Ditto|p2a: Gholdengo|[from] ability: Imposter
|turn|12
|inactive|DNZ11 has 90 seconds left.
|
|t:|1758289468
|move|p1a: Ditto|Thunderbolt|p2a: Gholdengo
|-damage|p2a: Gholdengo|21/100
|-status|p2a: Gholdengo|par
|move|p2a: Gholdengo|Make It Rain|p1a: Ditto
|-resisted|p1a: Ditto
|-damage|p1a: Ditto|0 fnt
|-unboost|p2a: Gholdengo|spa|1
|faint|p1a: Ditto
|
|upkeep
|
|t:|1758289477
|switch|p1a: Gholdengo|Gholdengo|100/100
|-damage|p1a: Gholdengo|94/100|[from] Stealth Rock
|turn|13
|
|t:|1758289480
|move|p1a: Gholdengo|Shadow Ball|p2a: Gholdengo
|-supereffective|p2a: Gholdengo
|-damage|p2a: Gholdengo|0 fnt
|faint|p2a: Gholdengo
|
|upkeep
|
|t:|1758289482
|switch|p2a: Darkrai|Darkrai|100/100
|turn|14
|
|t:|1758289492
|switch|p1a: Toxapex|Toxapex, F|50/100
|-damage|p1a: Toxapex|38/100|[from] Stealth Rock
|move|p2a: Darkrai|Dark Pulse|p1a: Toxapex
|-damage|p1a: Toxapex|17/100
|
|upkeep
|turn|15
|
|t:|1758289495
|switch|p1a: Mandibuzz|Mandibuzz, F|100/100
|move|p2a: Darkrai|Dark Pulse|p1a: Mandibuzz
|-resisted|p1a: Mandibuzz
|-damage|p1a: Mandibuzz|83/100
|
|upkeep
|turn|16
|
|t:|1758289498
|move|p2a: Darkrai|Ice Beam|p1a: Mandibuzz
|-supereffective|p1a: Mandibuzz
|-damage|p1a: Mandibuzz|37/100
|move|p1a: Mandibuzz|Defog|p2a: Darkrai
|-unboost|p2a: Darkrai|evasion|1
|-sideend|p1: Denorisn|Stealth Rock|[from] move: Defog|[of] p1a: Mandibuzz
|
|upkeep
|turn|17
|
|t:|1758289509
|-terastallize|p1a: Mandibuzz|Fairy
|move|p2a: Darkrai|Ice Beam|p1a: Mandibuzz
|-damage|p1a: Mandibuzz|14/100
|-status|p1a: Mandibuzz|frz
|cant|p1a: Mandibuzz|frz
|
|upkeep
|turn|18
|c|☆Denorisn|.......
|c|☆DNZ11|ufff
|c|☆Denorisn|okay
|c|☆Denorisn|game says no today
|
|t:|1758289531
|move|p2a: Darkrai|Dark Pulse|p1a: Mandibuzz
|-resisted|p1a: Mandibuzz
|-damage|p1a: Mandibuzz|0 fnt
|faint|p1a: Mandibuzz
|
|upkeep
|
|t:|1758289534
|switch|p1a: Gholdengo|Gholdengo|94/100
|turn|19
|
|t:|1758289545
|move|p1a: Gholdengo|Make It Rain|p2a: Darkrai
|-damage|p2a: Darkrai|28/100
|-unboost|p1a: Gholdengo|spa|1
|move|p2a: Darkrai|Dark Pulse|p1a: Gholdengo
|-supereffective|p1a: Gholdengo
|-damage|p1a: Gholdengo|10/100
|
|upkeep
|turn|20
|
|t:|1758289549
|move|p1a: Gholdengo|Make It Rain|p2a: Darkrai
|-damage|p2a: Darkrai|0 fnt
|-unboost|p1a: Gholdengo|spa|1
|faint|p2a: Darkrai
|
|upkeep
|
|t:|1758289557
|switch|p2a: Dragonite|Dragonite, F|100/100
|turn|21
|
|t:|1758289562
|switch|p1a: Toxapex|Toxapex, F|50/100
|move|p2a: Dragonite|Earthquake|p1a: Toxapex
|-supereffective|p1a: Toxapex
|-damage|p1a: Toxapex|0 fnt
|faint|p1a: Toxapex
|
|upkeep
|
|t:|1758289566
|switch|p1a: Gholdengo|Gholdengo|10/100
|turn|22
|c|☆DNZ11|gg
|
|t:|1758289570
|move|p1a: Gholdengo|Shadow Ball|p2a: Dragonite
|-damage|p2a: Dragonite|77/100
|move|p2a: Dragonite|Earthquake|p1a: Gholdengo
|-supereffective|p1a: Gholdengo
|-damage|p1a: Gholdengo|0 fnt
|faint|p1a: Gholdengo
|
|win|DNZ11
|raw|Denorisn's rating: 1399 &rarr; <strong>1383</strong><br />(-16 for losing)
|raw|DNZ11's rating: 1464 &rarr; <strong>1480</strong><br />(+16 for winning)
|c|☆DNZ11|gl for your next games
|c|☆Denorisn|hopefully
|l|☆DNZ11
|player|p2|
|l|☆Denorisn
|player|p1|
