|j|☆ballsackmanny
|j|☆Eyoyism
|t:|1758295845
|gametype|singles
|player|p1|ballsackmanny|1|1239
|player|p2|Eyoyism|candice|1293
|gen|9
|tier|[Gen 9] OU
|rated|
|rule|HP Percentage Mod: HP is shown in percentages
|rule|Endless Battle Clause: Forcing endless battles is banned
|rule|Species Clause: Limit one of each Pokémon
|rule|OHKO Clause: OHKO moves are banned
|rule|Evasion Items Clause: Evasion items are banned
|rule|Evasion Moves Clause: Evasion moves are banned
|rule|Evasion Abilities Clause: Evasion abilities are banned
|rule|Sleep Moves Clause: Sleep-inducing moves are banned
|clearpoke
|poke|p1|Ogerpon-Wellspring, F|
|poke|p1|Dragapult, M|
|poke|p1|Enamorus, F|
|poke|p1|Zamazenta-*|
|poke|p1|Cinderace, F|
|poke|p1|Ting-Lu|
|poke|p2|Toucannon, F|
|poke|p2|Dragonite, M|
|poke|p2|Zamazenta-*|
|poke|p2|Iron Treads|
|poke|p2|Zapdos|
|poke|p2|Primarina, F|
|teampreview
|inactive|Battle timer is ON: inactive players will automatically lose when time's up. (requested by ballsackmanny)
|
|t:|1758295866
|teamsize|p1|6
|teamsize|p2|6
|start
|switch|p1a: Dragapult|Dragapult, M|100/100
|switch|p2a: bird2|Zapdos|100/100
|turn|1
|
|t:|1758295872
|move|p1a: Dragapult|Light Screen|p1a: Dragapult
|-sidestart|p1: ballsackmanny|move: Light Screen
|move|p2a: bird2|Volt Switch|p1a: Dragapult
|-resisted|p1a: Dragapult
|-damage|p1a: Dragapult|87/100
|
|t:|1758295879
|switch|p2a: dog|Zamazenta|100/100|[from] Volt Switch
|-ability|p2a: dog|Dauntless Shield|boost
|-boost|p2a: dog|def|1
|
|upkeep
|turn|2
|
|t:|1758295888
|move|p1a: Dragapult|Reflect|p1a: Dragapult
|-sidestart|p1: ballsackmanny|Reflect
|move|p2a: dog|Ice Fang|p1a: Dragapult
|-supereffective|p1a: Dragapult
|-damage|p1a: Dragapult|49/100
|
|upkeep
|turn|3
|
|t:|1758295896
|switch|p2a: bird2|Zapdos|100/100
|move|p1a: Dragapult|U-turn|p2a: bird2
|-resisted|p2a: bird2
|-damage|p2a: bird2|89/100
|
|t:|1758295907
|switch|p1a: Cinderace|Cinderace, F|100/100|[from] U-turn
|
|upkeep
|turn|4
|
|t:|1758295926
|move|p1a: Cinderace|Gunk Shot|p2a: bird2
|-start|p1a: Cinderace|typechange|Poison|[from] ability: Libero
|-damage|p2a: bird2|14/100
|move|p2a: bird2|Volt Switch|p1a: Cinderace
|-damage|p1a: Cinderace|64/100
|
|t:|1758295933
|switch|p2a: bird|Toucannon, F|100/100|[from] Volt Switch
|
|upkeep
|turn|5
|
|t:|1758295941
|-singleturn|p2a: bird|move: Beak Blast
|move|p1a: Cinderace|Gunk Shot|p2a: bird
|-damage|p2a: bird|26/100
|move|p2a: bird|Beak Blast|p1a: Cinderace
|-damage|p1a: Cinderace|28/100
|
|upkeep
|turn|6
|
|t:|1758295950
|switch|p2a: monkey|Iron Treads|100/100
|-item|p2a: monkey|Air Balloon
|move|p1a: Cinderace|Pyro Ball|p2a: monkey
|-supereffective|p2a: monkey
|-damage|p2a: monkey|37/100
|-enditem|p2a: monkey|Air Balloon
|
|upkeep
|turn|7
|
|t:|1758295959
|move|p1a: Cinderace|Pyro Ball|p2a: monkey
|-supereffective|p2a: monkey
|-damage|p2a: monkey|0 fnt
|faint|p2a: monkey
|-end|p2a: monkey|Quark Drive|[silent]
|
|upkeep
|
|t:|1758295963
|switch|p2a: dog|Zamazenta|100/100
|turn|8
|
|t:|1758295982
|switch|p1a: Enamorus|Enamorus, F|100/100
|move|p2a: dog|Crunch|p1a: Enamorus
|-resisted|p1a: Enamorus
|-damage|p1a: Enamorus|86/100
|
|-heal|p1a: Enamorus|92/100|[from] item: Leftovers
|-sideend|p1: ballsackmanny|move: Light Screen
|upkeep
|turn|9
|
|t:|1758295998
|switch|p2a: seal|Primarina, F|100/100
|move|p1a: Enamorus|Calm Mind|p1a: Enamorus
|-boost|p1a: Enamorus|spa|1
|-boost|p1a: Enamorus|spd|1
|
|-heal|p1a: Enamorus|98/100|[from] item: Leftovers
|-sideend|p1: ballsackmanny|Reflect
|upkeep
|turn|10
|
|t:|1758296002
|move|p1a: Enamorus|Substitute|p1a: Enamorus
|-start|p1a: Enamorus|Substitute
|-damage|p1a: Enamorus|74/100
|move|p2a: seal|Moonblast|p1a: Enamorus
|-end|p1a: Enamorus|Substitute
|
|-heal|p1a: Enamorus|80/100|[from] item: Leftovers
|upkeep
|turn|11
|
|t:|1758296008
|move|p1a: Enamorus|Moonblast|p2a: seal
|-damage|p2a: seal|59/100
|move|p2a: seal|Moonblast|p1a: Enamorus
|-damage|p1a: Enamorus|30/100
|
|-heal|p1a: Enamorus|36/100|[from] item: Leftovers
|upkeep
|turn|12
|
|t:|1758296017
|move|p1a: Enamorus|Calm Mind|p1a: Enamorus
|-boost|p1a: Enamorus|spa|1
|-boost|p1a: Enamorus|spd|1
|move|p2a: seal|Psychic Noise|p1a: Enamorus
|-damage|p1a: Enamorus|4/100
|-start|p1a: Enamorus|move: Heal Block
|
|upkeep
|turn|13
|
|t:|1758296022
|move|p1a: Enamorus|Moonblast|p2a: seal
|-damage|p2a: seal|0 fnt
|faint|p2a: seal
|
|-end|p1a: Enamorus|move: Heal Block
|upkeep
|
|t:|1758296030
|switch|p2a: dog|Zamazenta|100/100
|turn|14
|
|t:|1758296036
|move|p2a: dog|Ice Fang|p1a: Enamorus
|-supereffective|p1a: Enamorus
|-damage|p1a: Enamorus|0 fnt
|faint|p1a: Enamorus
|
|upkeep
|
|t:|1758296057
|switch|p1a: Dragapult|Dragapult, M|49/100
|turn|15
|
|t:|1758296076
|move|p1a: Dragapult|Reflect|p1a: Dragapult
|-sidestart|p1: ballsackmanny|Reflect
|move|p2a: dog|Ice Fang|p1a: Dragapult
|-supereffective|p1a: Dragapult
|-damage|p1a: Dragapult|11/100
|
|upkeep
|turn|16
|
|t:|1758296082
|move|p1a: Dragapult|Light Screen|p1a: Dragapult
|-sidestart|p1: ballsackmanny|move: Light Screen
|move|p2a: dog|Ice Fang|p1a: Dragapult
|-supereffective|p1a: Dragapult
|-damage|p1a: Dragapult|0 fnt
|faint|p1a: Dragapult
|
|upkeep
|
|t:|1758296089
|switch|p1a: Zamazenta|Zamazenta|100/100
|-ability|p1a: Zamazenta|Dauntless Shield|boost
|-boost|p1a: Zamazenta|def|1
|turn|17
|
|t:|1758296095
|switch|p2a: bird2|Zapdos|14/100
|move|p1a: Zamazenta|Close Combat|p2a: bird2
|-resisted|p2a: bird2
|-damage|p2a: bird2|0 fnt
|-unboost|p1a: Zamazenta|def|1
|-unboost|p1a: Zamazenta|spd|1
|faint|p2a: bird2
|
|upkeep
|
|t:|1758296100
|switch|p2a: bird|Toucannon, F|26/100
|turn|18
|
|t:|1758296104
|-singleturn|p2a: bird|move: Beak Blast
|move|p1a: Zamazenta|Close Combat|p2a: bird
|-damage|p2a: bird|0 fnt
|-status|p1a: Zamazenta|brn
|-unboost|p1a: Zamazenta|def|1
|-unboost|p1a: Zamazenta|spd|1
|faint|p2a: bird
|
|-damage|p1a: Zamazenta|94/100 brn|[from] brn
|upkeep
|
|t:|1758296114
|switch|p2a: sparkey d dragon|Dragonite, M|100/100
|turn|19
|
|t:|1758296127
|switch|p1a: Ting-Lu|Ting-Lu|100/100
|-ability|p1a: Ting-Lu|Vessel of Ruin
|move|p2a: sparkey d dragon|Dragon Dance|p2a: sparkey d dragon
|-boost|p2a: sparkey d dragon|atk|1
|-boost|p2a: sparkey d dragon|spe|1
|
|upkeep
|turn|20
|
|t:|1758296138
|move|p2a: sparkey d dragon|Dragon Dance|p2a: sparkey d dragon
|-boost|p2a: sparkey d dragon|atk|1
|-boost|p2a: sparkey d dragon|spe|1
|move|p1a: Ting-Lu|Spikes|p2a: sparkey d dragon
|-sidestart|p2: Eyoyism|Spikes
|
|upkeep
|turn|21
|
|t:|1758296152
|move|p2a: sparkey d dragon|Scale Shot|p1a: Ting-Lu|[miss]
|-miss|p2a: sparkey d dragon|p1a: Ting-Lu
|move|p1a: Ting-Lu|Spikes|p2a: sparkey d dragon
|-sidestart|p2: Eyoyism|Spikes
|
|upkeep
|turn|22
|
|t:|1758296156
|move|p2a: sparkey d dragon|Dragon Dance|p2a: sparkey d dragon
|-boost|p2a: sparkey d dragon|atk|1
|-boost|p2a: sparkey d dragon|spe|1
|move|p1a: Ting-Lu|Spikes|p2a: sparkey d dragon
|-sidestart|p2: Eyoyism|Spikes
|
|-sideend|p1: ballsackmanny|Reflect
|upkeep
|turn|23
|
|t:|1758296161
|move|p2a: sparkey d dragon|Scale Shot|p1a: Ting-Lu
|-damage|p1a: Ting-Lu|85/100
|-damage|p1a: Ting-Lu|69/100
|-damage|p1a: Ting-Lu|55/100
|-damage|p1a: Ting-Lu|40/100
|-hitcount|p1a: Ting-Lu|4
|-enditem|p1a: Ting-Lu|Red Card|[of] p2a: sparkey d dragon
|-unboost|p2a: sparkey d dragon|def|1
|-boost|p2a: sparkey d dragon|spe|1
|drag|p2a: dog|Zamazenta|100/100
|-damage|p2a: dog|76/100|[from] Spikes
|move|p1a: Ting-Lu|Ruination|p2a: dog
|-damage|p2a: dog|38/100
|
|-sideend|p1: ballsackmanny|move: Light Screen
|upkeep
|turn|24
|
|t:|1758296168
|move|p2a: dog|Close Combat|p1a: Ting-Lu
|-supereffective|p1a: Ting-Lu
|-damage|p1a: Ting-Lu|0 fnt
|-unboost|p2a: dog|def|1
|-unboost|p2a: dog|spd|1
|faint|p1a: Ting-Lu
|
|upkeep
|
|t:|1758296174
|switch|p1a: Ogerpon|Ogerpon-Wellspring, F|100/100
|turn|25
|
|t:|1758296180
|move|p2a: dog|Close Combat|p1a: Ogerpon
|-damage|p1a: Ogerpon|0 fnt
|-unboost|p2a: dog|def|1
|-unboost|p2a: dog|spd|1
|faint|p1a: Ogerpon
|
|upkeep
|
|t:|1758296183
|switch|p1a: Zamazenta|Zamazenta|94/100 brn
|turn|26
|
|t:|1758296187
|move|p1a: Zamazenta|Close Combat|p2a: dog
|-damage|p2a: dog|0 fnt
|-unboost|p1a: Zamazenta|def|1
|-unboost|p1a: Zamazenta|spd|1
|faint|p2a: dog
|
|-damage|p1a: Zamazenta|88/100 brn|[from] brn
|upkeep
|
|t:|1758296190
|switch|p2a: sparkey d dragon|Dragonite, M|100/100
|turn|27
|
|t:|1758296194
|switch|p1a: Cinderace|Cinderace, F|28/100
|move|p2a: sparkey d dragon|Dragon Dance|p2a: sparkey d dragon
|-boost|p2a: sparkey d dragon|atk|1
|-boost|p2a: sparkey d dragon|spe|1
|
|upkeep
|turn|28
|
|t:|1758296199
|move|p2a: sparkey d dragon|Extreme Speed|p1a: Cinderace
|-damage|p1a: Cinderace|0 fnt
|faint|p1a: Cinderace
|
|upkeep
|
|t:|1758296201
|switch|p1a: Zamazenta|Zamazenta|88/100 brn
|turn|29
|
|t:|1758296207
|move|p1a: Zamazenta|Ice Fang|p2a: sparkey d dragon
|-supereffective|p2a: sparkey d dragon
|-damage|p2a: sparkey d dragon|63/100
|move|p2a: sparkey d dragon|Dragon Dance|p2a: sparkey d dragon
|-boost|p2a: sparkey d dragon|atk|1
|-boost|p2a: sparkey d dragon|spe|1
|
|-damage|p1a: Zamazenta|82/100 brn|[from] brn
|upkeep
|turn|30
|
|t:|1758296214
|move|p2a: sparkey d dragon|Scale Shot|p1a: Zamazenta
|-damage|p1a: Zamazenta|52/100 brn
|-damage|p1a: Zamazenta|25/100 brn
|-damage|p1a: Zamazenta|0 fnt
|faint|p1a: Zamazenta
|-hitcount|p1: Zamazenta|3
|
|win|Eyoyism
|raw|ballsackmanny's rating: 1239 &rarr; <strong>1218</strong><br />(-21 for losing)
|raw|Eyoyism's rating: 1293 &rarr; <strong>1314</strong><br />(+21 for winning)
|l|☆ballsackmanny
|player|p1|
