|j|☆Just Icicle
|j|☆m355y
|t:|1758317754
|gametype|singles
|player|p1|Just Icicle|wattson|1524
|player|p2|m355y|170|1515
|gen|9
|tier|[Gen 9] OU
|rated|
|rule|HP Percentage Mod: HP is shown in percentages
|rule|Endless Battle Clause: Forcing endless battles is banned
|rule|Species Clause: Limit one of each Pokémon
|rule|OHKO Clause: OHKO moves are banned
|rule|Evasion Items Clause: Evasion items are banned
|rule|Evasion Moves Clause: Evasion moves are banned
|rule|Evasion Abilities Clause: Evasion abilities are banned
|rule|Sleep Moves Clause: Sleep-inducing moves are banned
|clearpoke
|poke|p1|Iron Boulder|
|poke|p1|Rillaboom, F|
|poke|p1|Weezing-Galar, M|
|poke|p1|Tornadus-Therian, M|
|poke|p1|Kommo-o, F|
|poke|p1|Slowking-Galar, M|
|poke|p2|Ogerpon-Wellspring, F|
|poke|p2|Gholdengo|
|poke|p2|Iron Valiant|
|poke|p2|Ting-Lu|
|poke|p2|Raging Bolt|
|poke|p2|Weezing-Galar, F|
|teampreview
|inactive|Battle timer is ON: inactive players will automatically lose when time's up. (requested by Just Icicle)
|c|☆m355y|glhf
|inactive|m355y has 120 seconds left.
|
|t:|1758317801
|teamsize|p1|6
|teamsize|p2|6
|start
|switch|p1a: Kommo-o|Kommo-o, F|100/100
|switch|p2a: Weezing|Weezing-Galar, F|100/100
|-ability|p2a: Weezing|Neutralizing Gas
|turn|1
|
|t:|1758317810
|switch|p1a: Tornadus|Tornadus-Therian, M|100/100
|move|p2a: Weezing|Will-O-Wisp|p1a: Tornadus
|-status|p1a: Tornadus|brn
|
|-damage|p1a: Tornadus|94/100 brn|[from] brn
|upkeep
|turn|2
|
|t:|1758317816
|-end|p2a: Weezing|ability: Neutralizing Gas
|switch|p2a: Ting-Lu|Ting-Lu|100/100
|-ability|p2a: Ting-Lu|Vessel of Ruin
|move|p1a: Tornadus|Knock Off|p2a: Ting-Lu
|-resisted|p2a: Ting-Lu
|-damage|p2a: Ting-Lu|97/100
|-enditem|p2a: Ting-Lu|Leftovers|[from] move: Knock Off|[of] p1a: Tornadus
|
|-damage|p1a: Tornadus|88/100 brn|[from] brn
|upkeep
|turn|3
|
|t:|1758317828
|move|p1a: Tornadus|Grass Knot|p2a: Ting-Lu
|-supereffective|p2a: Ting-Lu
|-damage|p2a: Ting-Lu|71/100
|move|p2a: Ting-Lu|Stealth Rock|p1a: Tornadus
|-sidestart|p1: Just Icicle|move: Stealth Rock
|
|-damage|p1a: Tornadus|82/100 brn|[from] brn
|upkeep
|turn|4
|
|t:|1758317832
|move|p1a: Tornadus|U-turn|p2a: Ting-Lu
|-supereffective|p2a: Ting-Lu
|-damage|p2a: Ting-Lu|63/100
|
|t:|1758317834
|switch|p1a: Weezing|Weezing-Galar, M|100/100|[from] U-turn
|-ability|p1a: Weezing|Neutralizing Gas
|move|p2a: Ting-Lu|Ruination|p1a: Weezing
|-damage|p1a: Weezing|50/100
|
|upkeep
|turn|5
|
|t:|1758317846
|move|p1a: Weezing|Will-O-Wisp|p2a: Ting-Lu|[miss]
|-miss|p1a: Weezing|p2a: Ting-Lu
|move|p2a: Ting-Lu|Earthquake|p1a: Weezing
|-supereffective|p1a: Weezing
|-damage|p1a: Weezing|4/100
|
|upkeep
|turn|6
|
|t:|1758317866
|switch|p2a: Gholdengo|Gholdengo|100/100
|-item|p2a: Gholdengo|Air Balloon
|move|p1a: Weezing|Pain Split|p2a: Gholdengo
|-sethp|p2a: Gholdengo|52/100|[from] move: Pain Split|[silent]
|-sethp|p1a: Weezing|52/100|[from] move: Pain Split
|
|upkeep
|turn|7
|
|t:|1758317874
|-end|p1a: Weezing|ability: Neutralizing Gas
|switch|p1a: Rillaboom|Rillaboom, F|100/100
|-fieldstart|move: Grassy Terrain|[from] ability: Grassy Surge|[of] p1a: Rillaboom
|move|p2a: Gholdengo|Nasty Plot|p2a: Gholdengo
|-boost|p2a: Gholdengo|spa|2
|
|upkeep
|turn|8
|inactive|m355y has 120 seconds left.
|
|t:|1758317912
|move|p1a: Rillaboom|Knock Off|p2a: Gholdengo
|-supereffective|p2a: Gholdengo
|-damage|p2a: Gholdengo|0 fnt
|-enditem|p2a: Gholdengo|Air Balloon
|faint|p2a: Gholdengo
|
|upkeep
|
|t:|1758317935
|switch|p2a: Ogerpon|Ogerpon-Wellspring, F|100/100
|turn|9
|
|t:|1758317946
|move|p2a: Ogerpon|U-turn|p1a: Rillaboom
|-supereffective|p1a: Rillaboom
|-damage|p1a: Rillaboom|40/100
|
|t:|1758317954
|switch|p2a: Weezing|Weezing-Galar, F|100/100|[from] U-turn
|-ability|p2a: Weezing|Neutralizing Gas
|move|p1a: Rillaboom|U-turn|p2a: Weezing
|-resisted|p2a: Weezing
|-damage|p2a: Weezing|96/100
|
|t:|1758317958
|switch|p1a: Weezing|Weezing-Galar, M|52/100|[from] U-turn
|-ability|p1a: Weezing|Neutralizing Gas
|
|-heal|p2a: Weezing|100/100|[from] Grassy Terrain
|-heal|p1a: Weezing|58/100|[from] Grassy Terrain
|upkeep
|turn|10
|
|t:|1758317973
|switch|p2a: Raging Bolt|Raging Bolt|100/100
|move|p1a: Weezing|Defog|p2a: Raging Bolt
|-unboost|p2a: Raging Bolt|evasion|1
|-sideend|p1: Just Icicle|Stealth Rock|[from] move: Defog|[of] p1a: Weezing
|-fieldend|move: Grassy Terrain
|
|upkeep
|turn|11
|
|t:|1758317979
|-end|p1a: Weezing|ability: Neutralizing Gas
|switch|p1a: Slowking|Slowking-Galar, M|100/100
|move|p2a: Raging Bolt|Thunderbolt|p1a: Slowking
|-damage|p1a: Slowking|65/100
|
|upkeep
|turn|12
|inactive|m355y has 120 seconds left.
|
|t:|1758317991
|move|p2a: Raging Bolt|Thunderbolt|p1a: Slowking
|-damage|p1a: Slowking|30/100
|move|p1a: Slowking|Sludge Bomb|p2a: Raging Bolt
|-damage|p2a: Raging Bolt|72/100
|
|upkeep
|turn|13
|inactive|m355y has 120 seconds left.
|
|t:|1758317996
|switch|p1a: Kommo-o|Kommo-o, F|100/100
|move|p2a: Raging Bolt|Thunderbolt|p1a: Kommo-o
|-resisted|p1a: Kommo-o
|-damage|p1a: Kommo-o|57/100
|
|upkeep
|turn|14
|inactive|m355y has 120 seconds left.
|
|t:|1758318019
|move|p1a: Kommo-o|Stealth Rock|p2a: Raging Bolt
|-sidestart|p2: m355y|move: Stealth Rock
|move|p2a: Raging Bolt|Thunderbolt|p1a: Kommo-o
|-resisted|p1a: Kommo-o
|-damage|p1a: Kommo-o|15/100
|
|upkeep
|turn|15
|
|t:|1758318033
|move|p2a: Raging Bolt|Thunderclap|p1a: Kommo-o
|-resisted|p1a: Kommo-o
|-damage|p1a: Kommo-o|0 fnt
|faint|p1a: Kommo-o
|
|upkeep
|
|t:|1758318039
|switch|p1a: Iron Boulder|Iron Boulder|100/100
|turn|16
|inactive|m355y has 120 seconds left.
|
|t:|1758318053
|move|p1a: Iron Boulder|Earthquake|p2a: Raging Bolt
|-supereffective|p2a: Raging Bolt
|-damage|p2a: Raging Bolt|0 fnt
|faint|p2a: Raging Bolt
|-end|p2a: Raging Bolt|Protosynthesis|[silent]
|
|upkeep
|
|t:|1758318061
|switch|p2a: Ogerpon|Ogerpon-Wellspring, F|100/100
|-damage|p2a: Ogerpon|88/100|[from] Stealth Rock
|turn|17
|inactive|m355y has 120 seconds left.
|
|t:|1758318075
|-end|p1a: Iron Boulder|Quark Drive|[silent]
|switch|p1a: Weezing|Weezing-Galar, M|58/100
|-ability|p1a: Weezing|Neutralizing Gas
|move|p2a: Ogerpon|Ivy Cudgel|p1a: Weezing|[anim] Ivy Cudgel Water
|-damage|p1a: Weezing|17/100
|
|upkeep
|turn|18
|inactive|m355y has 120 seconds left.
|
|t:|1758318083
|move|p2a: Ogerpon|Ivy Cudgel|p1a: Weezing|[anim] Ivy Cudgel Water
|-crit|p1a: Weezing
|-damage|p1a: Weezing|0 fnt
|faint|p1a: Weezing
|-end|p1a: Weezing|ability: Neutralizing Gas
|
|upkeep
|
|t:|1758318085
|switch|p1a: Tornadus|Tornadus-Therian, M|100/100 brn
|turn|19
|
|t:|1758318094
|-terastallize|p2a: Ogerpon|Water
|detailschange|p2a: Ogerpon|Ogerpon-Wellspring-Tera, F, tera:Water
|-ability|p2a: Ogerpon|Embody Aspect (Wellspring)|boost
|-boost|p2a: Ogerpon|spd|1
|move|p2a: Ogerpon|Ivy Cudgel|p1a: Tornadus|[anim] Ivy Cudgel Water
|-damage|p1a: Tornadus|0 fnt
|faint|p1a: Tornadus
|
|upkeep
|
|t:|1758318119
|switch|p1a: Rillaboom|Rillaboom, F|40/100
|-fieldstart|move: Grassy Terrain|[from] ability: Grassy Surge|[of] p1a: Rillaboom
|turn|20
|
|t:|1758318140
|move|p1a: Rillaboom|Grassy Glide|p2a: Ogerpon
|-supereffective|p2a: Ogerpon
|-damage|p2a: Ogerpon|0 fnt
|faint|p2a: Ogerpon
|detailschange|p2: Ogerpon|Ogerpon-Wellspring, F|[silent]
|
|-heal|p1a: Rillaboom|46/100|[from] Grassy Terrain
|upkeep
|inactive|m355y has 120 seconds left.
|
|t:|1758318151
|switch|p2a: Weezing|Weezing-Galar, F|100/100
|-ability|p2a: Weezing|Neutralizing Gas
|-damage|p2a: Weezing|88/100|[from] Stealth Rock
|turn|21
|
|t:|1758318156
|move|p1a: Rillaboom|U-turn|p2a: Weezing
|-resisted|p2a: Weezing
|-damage|p2a: Weezing|84/100
|
|t:|1758318157
|switch|p1a: Slowking|Slowking-Galar, M|64/100|[from] U-turn
|move|p2a: Weezing|Will-O-Wisp|p1a: Slowking
|-status|p1a: Slowking|brn
|
|-heal|p2a: Weezing|90/100|[from] Grassy Terrain
|-heal|p2a: Weezing|96/100|[from] item: Leftovers
|-heal|p1a: Slowking|70/100 brn|[from] Grassy Terrain
|-damage|p1a: Slowking|64/100 brn|[from] brn
|upkeep
|turn|22
|
|t:|1758318167
|move|p2a: Weezing|Defog|p1a: Slowking
|-unboost|p1a: Slowking|evasion|1
|-sideend|p2: m355y|Stealth Rock|[from] move: Defog|[of] p2a: Weezing
|-fieldend|move: Grassy Terrain
|move|p1a: Slowking|Sludge Bomb|p2a: Weezing
|-damage|p2a: Weezing|47/100
|
|-heal|p2a: Weezing|53/100|[from] item: Leftovers
|-damage|p1a: Slowking|58/100 brn|[from] brn
|upkeep
|turn|23
|
|t:|1758318183
|move|p2a: Weezing|Will-O-Wisp|p1a: Slowking
|-fail|p1a: Slowking|brn
|-prepare|p1a: Slowking|Chilly Reception|[premajor]
|move|p1a: Slowking|Chilly Reception|p1a: Slowking
|-weather|Snowscape
|
|t:|1758318188
|switch|p1a: Iron Boulder|Iron Boulder|100/100|[from] Chilly Reception
|
|-weather|Snowscape|[upkeep]
|-heal|p2a: Weezing|59/100|[from] item: Leftovers
|upkeep
|turn|24
|
|t:|1758318199
|move|p1a: Iron Boulder|Earthquake|p2a: Weezing
|-supereffective|p2a: Weezing
|-damage|p2a: Weezing|0 fnt
|faint|p2a: Weezing
|-end|p2a: Weezing|ability: Neutralizing Gas
|
|-weather|Snowscape|[upkeep]
|upkeep
|
|t:|1758318212
|switch|p2a: Iron Valiant|Iron Valiant|100/100
|-enditem|p2a: Iron Valiant|Booster Energy
|-activate|p2a: Iron Valiant|ability: Quark Drive|[fromitem]
|-start|p2a: Iron Valiant|quarkdrivespe
|turn|25
|
|t:|1758318215
|move|p2a: Iron Valiant|Knock Off|p1a: Iron Boulder
|-supereffective|p1a: Iron Boulder
|-damage|p1a: Iron Boulder|27/100
|-enditem|p1a: Iron Boulder|Choice Band|[from] move: Knock Off|[of] p2a: Iron Valiant
|move|p1a: Iron Boulder|Earthquake|p2a: Iron Valiant
|-damage|p2a: Iron Valiant|55/100
|
|-weather|Snowscape|[upkeep]
|upkeep
|turn|26
|
|t:|1758318222
|move|p2a: Iron Valiant|Knock Off|p1a: Iron Boulder
|-supereffective|p1a: Iron Boulder
|-damage|p1a: Iron Boulder|0 fnt
|faint|p1a: Iron Boulder
|-end|p1a: Iron Boulder|Quark Drive|[silent]
|
|-weather|Snowscape|[upkeep]
|upkeep
|
|t:|1758318244
|switch|p1a: Rillaboom|Rillaboom, F|46/100
|-fieldstart|move: Grassy Terrain|[from] ability: Grassy Surge|[of] p1a: Rillaboom
|turn|27
|
|t:|1758318257
|-terastallize|p1a: Rillaboom|Grass
|move|p1a: Rillaboom|Grassy Glide|p2a: Iron Valiant
|-damage|p2a: Iron Valiant|0 fnt
|faint|p2a: Iron Valiant
|-end|p2a: Iron Valiant|Quark Drive|[silent]
|
|-weather|none
|-heal|p1a: Rillaboom|52/100|[from] Grassy Terrain
|upkeep
|c|☆m355y|gg
|c|☆Just Icicle|gg
|
|t:|1758318264
|switch|p2a: Ting-Lu|Ting-Lu|63/100
|-ability|p2a: Ting-Lu|Vessel of Ruin
|turn|28
|
|t:|1758318265
|move|p1a: Rillaboom|Wood Hammer|p2a: Ting-Lu
|-supereffective|p2a: Ting-Lu
|-damage|p2a: Ting-Lu|0 fnt
|faint|p2a: Ting-Lu
|-damage|p1a: Rillaboom|24/100|[from] Recoil
|
|win|Just Icicle
|raw|Just Icicle's rating: 1524 &rarr; <strong>1543</strong><br />(+19 for winning)
|raw|m355y's rating: 1515 &rarr; <strong>1496</strong><br />(-19 for losing)
|l|☆Just Icicle
|player|p1|
|l|☆m355y
|player|p2|
