|j|☆Drinnian
|j|☆ha gaiiiiii
|t:|1758366389
|gametype|singles
|player|p1|Drinnian|zinnia|1194
|player|p2|ha gaiiiiii|cynthia|1197
|gen|9
|tier|[Gen 9] OU
|rated|
|rule|HP Percentage Mod: HP is shown in percentages
|rule|Endless Battle Clause: Forcing endless battles is banned
|rule|Species Clause: Limit one of each Pokémon
|rule|OHKO Clause: OHKO moves are banned
|rule|Evasion Items Clause: Evasion items are banned
|rule|Evasion Moves Clause: Evasion moves are banned
|rule|Evasion Abilities Clause: Evasion abilities are banned
|rule|Sleep Moves Clause: Sleep-inducing moves are banned
|clearpoke
|poke|p1|Lilligant-Hisui, F|
|poke|p1|Torkoal, F|
|poke|p1|Heatran, M|
|poke|p1|Iron Crown|
|poke|p1|Ninetales, M|
|poke|p1|Walking Wake|
|poke|p2|Zamazenta-*|
|poke|p2|Ninetales-Alola, M|
|poke|p2|Darkrai|
|poke|p2|Ceruledge, M|
|poke|p2|Gliscor, M|
|poke|p2|Hatterene, F|
|teampreview
|inactive|Battle timer is ON: inactive players will automatically lose when time's up. (requested by ha gaiiiiii)
|
|t:|1758366404
|teamsize|p1|6
|teamsize|p2|6
|start
|switch|p1a: Smokehouse|Torkoal, F|100/100
|switch|p2a: Ninetales|Ninetales-Alola, M|100/100
|-weather|Snowscape|[from] ability: Snow Warning|[of] p2a: Ninetales
|-weather|SunnyDay|[from] ability: Drought|[of] p1a: Smokehouse
|turn|1
|
|t:|1758366413
|move|p2a: Ninetales|Aurora Veil||[still]
|-fail|p2a: Ninetales
|move|p1a: Smokehouse|Lava Plume|p2a: Ninetales
|-supereffective|p2a: Ninetales
|-damage|p2a: Ninetales|23/100
|
|-weather|SunnyDay|[upkeep]
|upkeep
|turn|2
|
|t:|1758366422
|switch|p2a: Ceruledge|Ceruledge, M|100/100
|move|p1a: Smokehouse|Lava Plume|p2a: Ceruledge
|-start|p2a: Ceruledge|ability: Flash Fire
|
|-weather|SunnyDay|[upkeep]
|upkeep
|turn|3
|
|t:|1758366430
|switch|p1a: A second sun has|Ninetales, M, shiny|100/100
|move|p2a: Ceruledge|Bulk Up|p2a: Ceruledge
|-boost|p2a: Ceruledge|atk|1
|-boost|p2a: Ceruledge|def|1
|
|-weather|SunnyDay|[upkeep]
|upkeep
|turn|4
|
|t:|1758366438
|move|p1a: A second sun has|Encore|p2a: Ceruledge
|-start|p2a: Ceruledge|Encore
|move|p2a: Ceruledge|Bulk Up|p2a: Ceruledge
|-boost|p2a: Ceruledge|atk|1
|-boost|p2a: Ceruledge|def|1
|
|-weather|SunnyDay|[upkeep]
|upkeep
|turn|5
|
|t:|1758366447
|move|p1a: A second sun has|Disable|p2a: Ceruledge
|-start|p2a: Ceruledge|Disable|Bulk Up
|cant|p2a: Ceruledge|Disable|Bulk Up
|
|-weather|SunnyDay|[upkeep]
|upkeep
|turn|6
|
|t:|1758366471
|switch|p1a: Walk-In Wake|Walking Wake|100/100
|-activate|p1a: Walk-In Wake|ability: Protosynthesis
|-start|p1a: Walk-In Wake|protosynthesisspe
|-end|p2a: Ceruledge|ability: Flash Fire|[silent]
|switch|p2a: Gliscor|Gliscor, M|100/100
|
|-weather|SunnyDay|[upkeep]
|-status|p2a: Gliscor|tox|[from] item: Toxic Orb
|upkeep
|turn|7
|
|t:|1758366489
|switch|p2a: Hatterene|Hatterene, F|100/100
|move|p1a: Walk-In Wake|Hydro Steam|p2a: Hatterene
|-damage|p2a: Hatterene|42/100
|
|-weather|SunnyDay|[upkeep]
|-heal|p2a: Hatterene|48/100|[from] item: Leftovers
|upkeep
|turn|8
|
|t:|1758366500
|move|p1a: Walk-In Wake|Hydro Steam|p2a: Hatterene
|-damage|p2a: Hatterene|0 fnt
|faint|p2a: Hatterene
|
|-weather|none
|-end|p1a: Walk-In Wake|Protosynthesis
|upkeep
|
|t:|1758366509
|switch|p2a: Ninetales|Ninetales-Alola, M|23/100
|-weather|Snowscape|[from] ability: Snow Warning|[of] p2a: Ninetales
|turn|9
|
|t:|1758366513
|-end|p1a: Walk-In Wake|Protosynthesis|[silent]
|switch|p1a: Smokehouse|Torkoal, F|100/100
|-weather|SunnyDay|[from] ability: Drought|[of] p1a: Smokehouse
|move|p2a: Ninetales|Aurora Veil||[still]
|-fail|p2a: Ninetales
|
|-weather|SunnyDay|[upkeep]
|upkeep
|turn|10
|
|t:|1758366523
|switch|p2a: Ceruledge|Ceruledge, M|100/100
|move|p1a: Smokehouse|Stealth Rock|p2a: Ceruledge
|-sidestart|p2: ha gaiiiiii|move: Stealth Rock
|
|-weather|SunnyDay|[upkeep]
|upkeep
|turn|11
|
|t:|1758366530
|switch|p1a: Walk-In Wake|Walking Wake|100/100
|-activate|p1a: Walk-In Wake|ability: Protosynthesis
|-start|p1a: Walk-In Wake|protosynthesisspe
|move|p2a: Ceruledge|Bulk Up|p2a: Ceruledge
|-boost|p2a: Ceruledge|atk|1
|-boost|p2a: Ceruledge|def|1
|
|-weather|SunnyDay|[upkeep]
|upkeep
|turn|12
|
|t:|1758366541
|move|p2a: Ceruledge|Shadow Sneak|p1a: Walk-In Wake
|-damage|p1a: Walk-In Wake|80/100
|move|p1a: Walk-In Wake|Hydro Steam|p2a: Ceruledge
|-supereffective|p2a: Ceruledge
|-damage|p2a: Ceruledge|20/100
|
|-weather|SunnyDay|[upkeep]
|upkeep
|turn|13
|
|t:|1758366556
|switch|p2a: Zamazenta|Zamazenta|100/100
|-damage|p2a: Zamazenta|94/100|[from] Stealth Rock
|-ability|p2a: Zamazenta|Dauntless Shield|boost
|-boost|p2a: Zamazenta|def|1
|move|p1a: Walk-In Wake|Hydro Steam|p2a: Zamazenta
|-damage|p2a: Zamazenta|44/100
|
|-weather|SunnyDay|[upkeep]
|upkeep
|turn|14
|
|t:|1758366568
|move|p1a: Walk-In Wake|Hydro Steam|p2a: Zamazenta
|-damage|p2a: Zamazenta|0 fnt
|faint|p2a: Zamazenta
|
|-weather|SunnyDay|[upkeep]
|upkeep
|-message|ha gaiiiiii forfeited.
|
|win|Drinnian
|raw|Drinnian's rating: 1194 &rarr; <strong>1219</strong><br />(+25 for winning)
|raw|ha gaiiiiii's rating: 1197 &rarr; <strong>1172</strong><br />(-25 for losing)
|l|☆ha gaiiiiii
|player|p2|
