|j|☆JASONWUB
|j|☆LovingsArtfulPupil
|t:|1758297473
|gametype|singles
|player|p1|JASONWUB|cynthia|1158
|player|p2|LovingsArtfulPupil|170|1191
|gen|9
|tier|[Gen 9] OU
|rated|
|rule|HP Percentage Mod: HP is shown in percentages
|rule|Endless Battle Clause: Forcing endless battles is banned
|rule|Species Clause: Limit one of each Pokémon
|rule|OHKO Clause: OHKO moves are banned
|rule|Evasion Items Clause: Evasion items are banned
|rule|Evasion Moves Clause: Evasion moves are banned
|rule|Evasion Abilities Clause: Evasion abilities are banned
|rule|Sleep Moves Clause: Sleep-inducing moves are banned
|clearpoke
|poke|p1|Garchomp, F|
|poke|p1|Dragapult, F|
|poke|p1|Dragonite, F|
|poke|p1|Hydreigon, F|
|poke|p1|Metagross|
|poke|p1|Kommo-o, F|
|poke|p2|Alomomola, F|
|poke|p2|Hoopa-Unbound|
|poke|p2|Cinderace, F|
|poke|p2|Dragapult, M|
|poke|p2|Great Tusk|
|poke|p2|Iron Valiant|
|teampreview
|inactive|Battle timer is ON: inactive players will automatically lose when time's up. (requested by LovingsArtfulPupil)
|
|t:|1758297503
|teamsize|p1|6
|teamsize|p2|6
|start
|switch|p1a: Garchomp|Garchomp, F, shiny|100/100
|switch|p2a: Dragapult|Dragapult, M|100/100
|turn|1
|
|t:|1758297528
|-terastallize|p1a: Garchomp|Fairy
|move|p2a: Dragapult|Dragon Darts|p1a: Garchomp
|-immune|p1a: Garchomp
|move|p1a: Garchomp|Stealth Rock|p2a: Dragapult
|-sidestart|p2: LovingsArtfulPupil|move: Stealth Rock
|
|upkeep
|turn|2
|
|t:|1758297536
|switch|p2a: Great Tusk|Great Tusk|100/100
|move|p1a: Garchomp|Dragon Tail|p2a: Great Tusk
|-crit|p2a: Great Tusk
|-damage|p2a: Great Tusk|71/100
|-end|p2a: Great Tusk|Protosynthesis|[silent]
|drag|p2a: Hoopa|Hoopa-Unbound|100/100
|-damage|p2a: Hoopa|88/100|[from] Stealth Rock
|
|upkeep
|turn|3
|
|t:|1758297549
|move|p1a: Garchomp|Earthquake|p2a: Hoopa
|-damage|p2a: Hoopa|38/100
|move|p2a: Hoopa|Gunk Shot|p1a: Garchomp
|-supereffective|p1a: Garchomp
|-damage|p1a: Garchomp|44/100
|
|upkeep
|turn|4
|
|t:|1758297561
|switch|p2a: Alomomola|Alomomola, F, shiny|100/100
|-damage|p2a: Alomomola|88/100|[from] Stealth Rock
|move|p1a: Garchomp|Earthquake|p2a: Alomomola
|-damage|p2a: Alomomola|65/100
|
|upkeep
|turn|5
|
|t:|1758297573
|switch|p1a: Metagross|Metagross, shiny|100/100
|move|p2a: Alomomola|Wish|p2a: Alomomola
|
|upkeep
|turn|6
|
|t:|1758297580
|move|p1a: Metagross|Trick|p2a: Alomomola
|-activate|p1a: Metagross|move: Trick|[of] p2a: Alomomola
|-item|p2a: Alomomola|Choice Band|[from] move: Trick
|-item|p1a: Metagross|Rocky Helmet|[from] move: Trick
|move|p2a: Alomomola|Flip Turn|p1a: Metagross
|-damage|p1a: Metagross|82/100
|-damage|p2a: Alomomola|48/100|[from] item: Rocky Helmet|[of] p1a: Metagross
|
|t:|1758297592
|switch|p2a: Hoopa|Hoopa-Unbound|38/100|[from] Flip Turn
|-damage|p2a: Hoopa|26/100|[from] Stealth Rock
|
|-heal|p2a: Hoopa|99/100|[from] move: Wish|[wisher] Alomomola
|upkeep
|turn|7
|
|t:|1758297604
|switch|p1a: Dragonite|Dragonite, F, shiny|100/100
|move|p2a: Hoopa|Knock Off|p1a: Dragonite
|-damage|p1a: Dragonite|73/100
|-enditem|p1a: Dragonite|Heavy-Duty Boots|[from] move: Knock Off|[of] p2a: Hoopa
|
|upkeep
|turn|8
|
|t:|1758297615
|move|p1a: Dragonite|Roost|p1a: Dragonite
|-heal|p1a: Dragonite|100/100
|-singleturn|p1a: Dragonite|move: Roost
|move|p2a: Hoopa|Psychic Noise|p1a: Dragonite
|-damage|p1a: Dragonite|77/100
|-start|p1a: Dragonite|move: Heal Block
|
|upkeep
|turn|9
|
|t:|1758297624
|move|p1a: Dragonite|Dragon Dance|p1a: Dragonite
|-boost|p1a: Dragonite|atk|1
|-boost|p1a: Dragonite|spe|1
|move|p2a: Hoopa|Psychic Noise|p1a: Dragonite
|-damage|p1a: Dragonite|31/100
|
|-end|p1a: Dragonite|move: Heal Block
|upkeep
|turn|10
|
|t:|1758297635
|move|p1a: Dragonite|Roost|p1a: Dragonite
|-heal|p1a: Dragonite|81/100
|-singleturn|p1a: Dragonite|move: Roost
|move|p2a: Hoopa|Psychic Noise|p1a: Dragonite
|-damage|p1a: Dragonite|31/100
|-start|p1a: Dragonite|move: Heal Block
|
|upkeep
|turn|11
|
|t:|1758297644
|move|p1a: Dragonite|Earthquake|p2a: Hoopa
|-damage|p2a: Hoopa|38/100
|move|p2a: Hoopa|Psychic Noise|p1a: Dragonite
|-damage|p1a: Dragonite|0 fnt
|faint|p1a: Dragonite
|
|upkeep
|
|t:|1758297660
|switch|p1a: Dragapult|Dragapult, F, shiny|100/100
|turn|12
|
|t:|1758297667
|move|p1a: Dragapult|Draco Meteor|p2a: Hoopa
|-damage|p2a: Hoopa|8/100
|-unboost|p1a: Dragapult|spa|2
|move|p2a: Hoopa|Knock Off|p1a: Dragapult
|-supereffective|p1a: Dragapult
|-damage|p1a: Dragapult|0 fnt
|-enditem|p1a: Dragapult|Heavy-Duty Boots|[from] move: Knock Off|[of] p2a: Hoopa
|faint|p1a: Dragapult
|
|upkeep
|
|t:|1758297693
|switch|p1a: Hydreigon|Hydreigon, F, shiny|100/100
|turn|13
|
|t:|1758297702
|move|p1a: Hydreigon|U-turn|p2a: Hoopa
|-supereffective|p2a: Hoopa
|-damage|p2a: Hoopa|0 fnt
|faint|p2a: Hoopa
|
|t:|1758297707
|switch|p1a: Kommo-o|Kommo-o, F, shiny|100/100|[from] U-turn
|
|upkeep
|
|t:|1758297720
|switch|p2a: Iron Valiant|Iron Valiant|100/100
|-damage|p2a: Iron Valiant|94/100|[from] Stealth Rock
|turn|14
|
|t:|1758297729
|switch|p1a: Metagross|Metagross, shiny|82/100
|-terastallize|p2a: Iron Valiant|Fairy
|move|p2a: Iron Valiant|Moonblast|p1a: Metagross
|-resisted|p1a: Metagross
|-damage|p1a: Metagross|30/100
|
|upkeep
|turn|15
|
|t:|1758297738
|move|p2a: Iron Valiant|Moonblast|p1a: Metagross
|-resisted|p1a: Metagross
|-damage|p1a: Metagross|0 fnt
|faint|p1a: Metagross
|
|upkeep
|
|t:|1758297745
|switch|p1a: Kommo-o|Kommo-o, F, shiny|100/100
|turn|16
|
|t:|1758297748
|move|p2a: Iron Valiant|Moonblast|p1a: Kommo-o
|-supereffective|p1a: Kommo-o
|-damage|p1a: Kommo-o|0 fnt
|faint|p1a: Kommo-o
|
|upkeep
|-message|JASONWUB forfeited.
|
|win|LovingsArtfulPupil
|raw|JASONWUB's rating: 1158 &rarr; <strong>1135</strong><br />(-23 for losing)
|raw|LovingsArtfulPupil's rating: 1191 &rarr; <strong>1214</strong><br />(+23 for winning)
|l|☆JASONWUB
|player|p1|
