|j|☆SnomisGoated
|j|☆antok206
|t:|1758274892
|gametype|singles
|player|p1|SnomisGoated|bellelba|1077
|player|p2|antok206|giovanni|1140
|gen|9
|tier|[Gen 9] OU
|rated|
|rule|HP Percentage Mod: HP is shown in percentages
|rule|Endless Battle Clause: Forcing endless battles is banned
|rule|Species Clause: Limit one of each Pokémon
|rule|OHKO Clause: OHKO moves are banned
|rule|Evasion Items Clause: Evasion items are banned
|rule|Evasion Moves Clause: Evasion moves are banned
|rule|Evasion Abilities Clause: Evasion abilities are banned
|rule|Sleep Moves Clause: Sleep-inducing moves are banned
|clearpoke
|poke|p1|Drifblim, M|
|poke|p1|Wo-Chien|
|poke|p1|Toxapex, M|
|poke|p1|Hippowdon, F|
|poke|p1|Tyranitar, M|
|poke|p1|Slaking, M|
|poke|p2|Ariados, F|
|poke|p2|Cramorant, M|
|poke|p2|Trevenant, M|
|poke|p2|Braviary, M|
|poke|p2|Hitmontop, M|
|poke|p2|Flygon, M|
|teampreview
|
|t:|1758274907
|teamsize|p1|6
|teamsize|p2|6
|start
|switch|p1a: Slaking|Slaking, M|100/100
|switch|p2a: Flygon|Flygon, M|100/100
|turn|1
|
|t:|1758274913
|move|p1a: Slaking|Giga Impact|p2a: Flygon
|-damage|p2a: Flygon|0 fnt
|-mustrecharge|p1a: Slaking
|faint|p2a: Flygon
|
|upkeep
|
|t:|1758274925
|switch|p2a: Braviary|Braviary, M|100/100
|turn|2
|
|t:|1758274930
|cant|p1a: Slaking|recharge
|move|p2a: Braviary|Brave Bird|p1a: Slaking
|-damage|p1a: Slaking|47/100
|-damage|p2a: Braviary|81/100|[from] Recoil
|
|upkeep
|turn|3
|
|t:|1758274937
|switch|p2a: Trevenant|Trevenant, M|100/100
|move|p1a: Slaking|Giga Impact|p2a: Trevenant
|-immune|p2a: Trevenant
|
|upkeep
|turn|4
|
|t:|1758274948
|switch|p1a: Tyranitar|Tyranitar, M|100/100
|-weather|Sandstorm|[from] ability: Sand Stream|[of] p1a: Tyranitar
|move|p2a: Trevenant|Leech Seed|p1a: Tyranitar
|-start|p1a: Tyranitar|move: Leech Seed
|
|-weather|Sandstorm|[upkeep]
|-damage|p2a: Trevenant|94/100|[from] Sandstorm
|-damage|p1a: Tyranitar|88/100|[from] Leech Seed|[of] p2a: Trevenant
|-heal|p2a: Trevenant|100/100|[silent]
|upkeep
|turn|5
|
|t:|1758274961
|move|p2a: Trevenant|Will-O-Wisp|p1a: Tyranitar
|-status|p1a: Tyranitar|brn
|move|p1a: Tyranitar|Dragon Tail|p2a: Trevenant
|-crit|p2a: Trevenant
|-damage|p2a: Trevenant|87/100
|drag|p2a: Hitmontop|Hitmontop, M|100/100
|
|-weather|Sandstorm|[upkeep]
|-damage|p2a: Hitmontop|94/100|[from] Sandstorm
|-damage|p1a: Tyranitar|76/100 brn|[from] Leech Seed|[of] p2a: Hitmontop
|-heal|p2a: Hitmontop|100/100|[silent]
|-damage|p1a: Tyranitar|70/100 brn|[from] brn
|upkeep
|turn|6
|
|t:|1758274973
|move|p2a: Hitmontop|Triple Axel|p1a: Tyranitar
|-damage|p1a: Tyranitar|64/100 brn
|-damage|p1a: Tyranitar|52/100 brn
|-damage|p1a: Tyranitar|34/100 brn
|-hitcount|p1a: Tyranitar|3
|move|p1a: Tyranitar|Dragon Tail|p2a: Hitmontop
|-damage|p2a: Hitmontop|89/100
|drag|p2a: Ariados|Ariados, F|100/100
|
|-weather|Sandstorm|[upkeep]
|-damage|p2a: Ariados|94/100|[from] Sandstorm
|-damage|p1a: Tyranitar|22/100 brn|[from] Leech Seed|[of] p2a: Ariados
|-heal|p2a: Ariados|100/100|[silent]
|-damage|p1a: Tyranitar|16/100 brn|[from] brn
|upkeep
|turn|7
|
|t:|1758274986
|move|p1a: Tyranitar|Rest|p1a: Tyranitar
|-status|p1a: Tyranitar|slp|[from] move: Rest
|-heal|p1a: Tyranitar|100/100 slp|[silent]
|-enditem|p1a: Tyranitar|Chesto Berry|[eat]
|-curestatus|p1a: Tyranitar|slp|[msg]
|move|p2a: Ariados|Fell Stinger|p1a: Tyranitar
|-supereffective|p1a: Tyranitar
|-damage|p1a: Tyranitar|74/100
|
|-weather|Sandstorm|[upkeep]
|-damage|p2a: Ariados|94/100|[from] Sandstorm
|-damage|p1a: Tyranitar|62/100|[from] Leech Seed|[of] p2a: Ariados
|-heal|p2a: Ariados|100/100|[silent]
|upkeep
|turn|8
|
|t:|1758275011
|switch|p1a: Hippowdon|Hippowdon, F|100/100
|move|p2a: Ariados|Focus Energy|p2a: Ariados
|-start|p2a: Ariados|move: Focus Energy
|
|-weather|none
|upkeep
|turn|9
|
|t:|1758275021
|switch|p2a: Trevenant|Trevenant, M|87/100
|move|p1a: Hippowdon|Whirlwind|p2a: Trevenant
|drag|p2a: Ariados|Ariados, F|100/100
|
|upkeep
|turn|10
|
|t:|1758275028
|switch|p2a: Cramorant|Cramorant, M|100/100
|move|p1a: Hippowdon|Sand Tomb|p2a: Cramorant
|-immune|p2a: Cramorant
|
|upkeep
|turn|11
|
|t:|1758275036
|switch|p1a: Tyranitar|Tyranitar, M|62/100
|-weather|Sandstorm|[from] ability: Sand Stream|[of] p1a: Tyranitar
|move|p2a: Cramorant|Surf|p1a: Tyranitar
|-formechange|p2a: Cramorant|Cramorant-Gulping|
|-supereffective|p1a: Tyranitar
|-damage|p1a: Tyranitar|36/100
|
|-weather|Sandstorm|[upkeep]
|-damage|p2a: Cramorant|94/100|[from] Sandstorm
|upkeep
|turn|12
|
|t:|1758275046
|move|p2a: Cramorant|Surf|p1a: Tyranitar
|-supereffective|p1a: Tyranitar
|-damage|p1a: Tyranitar|7/100
|move|p1a: Tyranitar|Dragon Tail|p2a: Cramorant
|-damage|p2a: Cramorant|69/100
|-damage|p1a: Tyranitar|0 fnt|[from] ability: Gulp Missile|[of] p2a: Cramorant
|-formechange|p2a: Cramorant|Cramorant|
|faint|p1a: Tyranitar
|drag|p2a: Trevenant|Trevenant, M|87/100
|
|-weather|Sandstorm|[upkeep]
|-damage|p2a: Trevenant|81/100|[from] Sandstorm
|upkeep
|
|t:|1758275065
|switch|p1a: Hippowdon|Hippowdon, F|100/100
|turn|13
|
|t:|1758275071
|move|p2a: Trevenant|Leech Seed|p1a: Hippowdon
|-start|p1a: Hippowdon|move: Leech Seed
|move|p1a: Hippowdon|Whirlwind|p2a: Trevenant
|drag|p2a: Hitmontop|Hitmontop, M|89/100
|
|-weather|Sandstorm|[upkeep]
|-damage|p2a: Hitmontop|83/100|[from] Sandstorm
|-damage|p1a: Hippowdon|88/100|[from] Leech Seed|[of] p2a: Hitmontop
|-heal|p2a: Hitmontop|100/100|[silent]
|upkeep
|turn|14
|
|t:|1758275084
|move|p2a: Hitmontop|Triple Axel|p1a: Hippowdon
|-supereffective|p1a: Hippowdon
|-damage|p1a: Hippowdon|78/100
|-supereffective|p1a: Hippowdon
|-damage|p1a: Hippowdon|55/100
|-supereffective|p1a: Hippowdon
|-damage|p1a: Hippowdon|23/100
|-hitcount|p1a: Hippowdon|3
|move|p1a: Hippowdon|Sand Tomb|p2a: Hitmontop
|-damage|p2a: Hitmontop|83/100
|-activate|p2a: Hitmontop|move: Sand Tomb|[of] p1a: Hippowdon
|
|-weather|Sandstorm|[upkeep]
|-damage|p2a: Hitmontop|76/100|[from] Sandstorm
|-damage|p1a: Hippowdon|11/100|[from] Leech Seed|[of] p2a: Hitmontop
|-heal|p2a: Hitmontop|98/100|[silent]
|-damage|p2a: Hitmontop|86/100|[from] move: Sand Tomb|[partiallytrapped]
|upkeep
|turn|15
|
|t:|1758275100
|move|p2a: Hitmontop|Mach Punch|p1a: Hippowdon
|-damage|p1a: Hippowdon|0 fnt
|faint|p1a: Hippowdon
|
|-weather|none
|-end|p2a: Hitmontop|Sand Tomb|[partiallytrapped]|[silent]
|upkeep
|
|t:|1758275106
|switch|p1a: Drifblim|Drifblim, M|100/100
|turn|16
|
|t:|1758275111
|move|p1a: Drifblim|Strength Sap|p2a: Hitmontop
|-unboost|p2a: Hitmontop|atk|1
|move|p2a: Hitmontop|Triple Axel|p1a: Drifblim
|-supereffective|p1a: Drifblim
|-damage|p1a: Drifblim|91/100
|-supereffective|p1a: Drifblim
|-damage|p1a: Drifblim|73/100
|-supereffective|p1a: Drifblim
|-damage|p1a: Drifblim|43/100
|-hitcount|p1a: Drifblim|3
|
|upkeep
|turn|17
|
|t:|1758275121
|switch|p2a: Braviary|Braviary, M|81/100
|move|p1a: Drifblim|Strength Sap|p2a: Braviary
|-unboost|p2a: Braviary|atk|1
|-ability|p2a: Braviary|Defiant|boost
|-boost|p2a: Braviary|atk|2
|-heal|p1a: Drifblim|100/100
|
|upkeep
|turn|18
|
|t:|1758275132
|move|p1a: Drifblim|Strength Sap|p2a: Braviary
|-unboost|p2a: Braviary|atk|1
|-ability|p2a: Braviary|Defiant|boost
|-boost|p2a: Braviary|atk|2
|move|p2a: Braviary|Brave Bird|p1a: Drifblim
|-enditem|p1a: Drifblim|Focus Sash
|-damage|p1a: Drifblim|1/100
|-damage|p2a: Braviary|45/100|[from] Recoil
|
|upkeep
|turn|19
|
|t:|1758275145
|move|p1a: Drifblim|Strength Sap|p2a: Braviary
|-unboost|p2a: Braviary|atk|1
|-ability|p2a: Braviary|Defiant|boost
|-boost|p2a: Braviary|atk|2
|-heal|p1a: Drifblim|100/100
|move|p2a: Braviary|U-turn|p1a: Drifblim
|-resisted|p1a: Drifblim
|-damage|p1a: Drifblim|86/100
|
|t:|1758275156
|switch|p2a: Ariados|Ariados, F|100/100|[from] U-turn
|
|upkeep
|turn|20
|
|t:|1758275162
|move|p1a: Drifblim|Strength Sap|p2a: Ariados
|-unboost|p2a: Ariados|atk|1
|-heal|p1a: Drifblim|100/100
|move|p2a: Ariados|Focus Energy|p2a: Ariados
|-start|p2a: Ariados|move: Focus Energy
|
|upkeep
|turn|21
|
|t:|1758275170
|move|p2a: Ariados|Shadow Sneak|p1a: Drifblim
|-supereffective|p1a: Drifblim
|-crit|p1a: Drifblim
|-damage|p1a: Drifblim|64/100
|move|p1a: Drifblim|Night Shade|p2a: Ariados
|-damage|p2a: Ariados|67/100
|
|upkeep
|turn|22
|
|t:|1758275176
|move|p2a: Ariados|Shadow Sneak|p1a: Drifblim
|-supereffective|p1a: Drifblim
|-crit|p1a: Drifblim
|-damage|p1a: Drifblim|24/100
|move|p1a: Drifblim|Strength Sap|p2a: Ariados
|-unboost|p2a: Ariados|atk|1
|-heal|p1a: Drifblim|61/100
|
|upkeep
|turn|23
|
|t:|1758275183
|-terastallize|p2a: Ariados|Dark
|move|p2a: Ariados|Sucker Punch||[still]
|-fail|p2a: Ariados
|move|p1a: Drifblim|Strength Sap|p2a: Ariados
|-unboost|p2a: Ariados|atk|1
|-heal|p1a: Drifblim|88/100
|
|upkeep
|turn|24
|
|t:|1758275192
|move|p2a: Ariados|Shadow Sneak|p1a: Drifblim
|-supereffective|p1a: Drifblim
|-crit|p1a: Drifblim
|-damage|p1a: Drifblim|46/100
|move|p1a: Drifblim|Night Shade|p2a: Ariados
|-damage|p2a: Ariados|33/100
|
|upkeep
|turn|25
|
|t:|1758275199
|move|p2a: Ariados|Shadow Sneak|p1a: Drifblim
|-supereffective|p1a: Drifblim
|-crit|p1a: Drifblim
|-damage|p1a: Drifblim|8/100
|move|p1a: Drifblim|Strength Sap|p2a: Ariados
|-unboost|p2a: Ariados|atk|1
|-heal|p1a: Drifblim|29/100
|
|upkeep
|turn|26
|
|t:|1758275214
|move|p2a: Ariados|Shadow Sneak|p1a: Drifblim
|-supereffective|p1a: Drifblim
|-crit|p1a: Drifblim
|-damage|p1a: Drifblim|0 fnt
|faint|p1a: Drifblim
|
|upkeep
|
|t:|1758275223
|switch|p1a: Slaking|Slaking, M|47/100
|turn|27
|
|t:|1758275255
|move|p2a: Ariados|Sucker Punch|p1a: Slaking
|-crit|p1a: Slaking
|-damage|p1a: Slaking|3/100
|move|p1a: Slaking|Giga Impact|p2a: Ariados
|-damage|p2a: Ariados|0 fnt
|-mustrecharge|p1a: Slaking
|faint|p2a: Ariados
|
|upkeep
|
|t:|1758275259
|switch|p2a: Cramorant|Cramorant, M|69/100
|turn|28
|
|t:|1758275265
|cant|p1a: Slaking|recharge
|move|p2a: Cramorant|Surf|p1a: Slaking
|-formechange|p2a: Cramorant|Cramorant-Gulping|
|-damage|p1a: Slaking|0 fnt
|faint|p1a: Slaking
|
|upkeep
|
|t:|1758275274
|switch|p1a: Wo-Chien|Wo-Chien|100/100
|-ability|p1a: Wo-Chien|Tablets of Ruin
|turn|29
|
|t:|1758275296
|-terastallize|p1a: Wo-Chien|Poison
|move|p2a: Cramorant|Hurricane|p1a: Wo-Chien|[miss]
|-miss|p2a: Cramorant|p1a: Wo-Chien
|move|p1a: Wo-Chien|Ingrain|p1a: Wo-Chien
|-start|p1a: Wo-Chien|move: Ingrain
|
|upkeep
|turn|30
|
|t:|1758275303
|move|p2a: Cramorant|Hurricane|p1a: Wo-Chien|[miss]
|-miss|p2a: Cramorant|p1a: Wo-Chien
|move|p1a: Wo-Chien|Leech Seed|p2a: Cramorant
|-start|p2a: Cramorant|move: Leech Seed
|
|-damage|p2a: Cramorant|56/100|[from] Leech Seed|[of] p1a: Wo-Chien
|upkeep
|turn|31
|
|t:|1758275310
|move|p2a: Cramorant|Roost|p2a: Cramorant
|-heal|p2a: Cramorant|100/100
|-singleturn|p2a: Cramorant|move: Roost
|move|p1a: Wo-Chien|Giga Drain|p2a: Cramorant
|-supereffective|p2a: Cramorant
|-damage|p2a: Cramorant|40/100
|-damage|p1a: Wo-Chien|76/100|[from] ability: Gulp Missile|[of] p2a: Cramorant
|-unboost|p1a: Wo-Chien|def|1
|-formechange|p2a: Cramorant|Cramorant|
|
|-heal|p1a: Wo-Chien|82/100|[from] item: Leftovers
|-heal|p1a: Wo-Chien|88/100|[from] Ingrain
|-damage|p2a: Cramorant|28/100|[from] Leech Seed|[of] p1a: Wo-Chien
|-heal|p1a: Wo-Chien|97/100|[silent]
|upkeep
|turn|32
|
|t:|1758275324
|move|p2a: Cramorant|Surf|p1a: Wo-Chien
|-formechange|p2a: Cramorant|Cramorant-Gorging|
|-damage|p1a: Wo-Chien|78/100
|move|p1a: Wo-Chien|Giga Drain|p2a: Cramorant
|-damage|p2a: Cramorant|0 fnt
|-heal|p1a: Wo-Chien|88/100|[from] drain|[of] p2a: Cramorant
|-damage|p1a: Wo-Chien|63/100|[from] ability: Gulp Missile|[of] p2a: Cramorant
|-status|p1a: Wo-Chien|par
|-formechange|p2a: Cramorant|Cramorant|
|faint|p2a: Cramorant
|
|-heal|p1a: Wo-Chien|69/100 par|[from] item: Leftovers
|-heal|p1a: Wo-Chien|75/100 par|[from] Ingrain
|upkeep
|
|t:|1758275336
|switch|p2a: Braviary|Braviary, M|45/100
|turn|33
|
|t:|1758275345
|cant|p1a: Wo-Chien|par
|move|p2a: Braviary|Brave Bird|p1a: Wo-Chien
|-damage|p1a: Wo-Chien|22/100 par
|-damage|p2a: Braviary|29/100|[from] Recoil
|
|-heal|p1a: Wo-Chien|28/100 par|[from] item: Leftovers
|-heal|p1a: Wo-Chien|34/100 par|[from] Ingrain
|upkeep
|turn|34
|
|t:|1758275358
|move|p1a: Wo-Chien|Protect|p1a: Wo-Chien
|-singleturn|p1a: Wo-Chien|Protect
|move|p2a: Braviary|Brave Bird|p1a: Wo-Chien
|-activate|p1a: Wo-Chien|move: Protect
|
|-heal|p1a: Wo-Chien|41/100 par|[from] item: Leftovers
|-heal|p1a: Wo-Chien|47/100 par|[from] Ingrain
|upkeep
|turn|35
|
|t:|1758275368
|move|p2a: Braviary|Brave Bird|p1a: Wo-Chien
|-damage|p1a: Wo-Chien|0 fnt
|faint|p1a: Wo-Chien
|-damage|p2a: Braviary|15/100|[from] Recoil
|
|upkeep
|
|t:|1758275374
|switch|p1a: Toxapex|Toxapex, M|100/100
|turn|36
|
|t:|1758275379
|move|p2a: Braviary|Brave Bird|p1a: Toxapex
|-damage|p1a: Toxapex|53/100
|-damage|p2a: Braviary|3/100|[from] Recoil
|move|p1a: Toxapex|Recover|p1a: Toxapex
|-heal|p1a: Toxapex|100/100
|
|upkeep
|turn|37
|
|t:|1758275386
|move|p2a: Braviary|U-turn|p1a: Toxapex
|-resisted|p1a: Toxapex
|-damage|p1a: Toxapex|91/100
|
|t:|1758275388
|switch|p2a: Trevenant|Trevenant, M|81/100|[from] U-turn
|move|p1a: Toxapex|Recover|p1a: Toxapex
|-heal|p1a: Toxapex|100/100
|
|upkeep
|turn|38
|
|t:|1758275402
|move|p2a: Trevenant|Leech Seed|p1a: Toxapex
|-start|p1a: Toxapex|move: Leech Seed
|move|p1a: Toxapex|Toxic|p2a: Trevenant
|-status|p2a: Trevenant|tox
|
|-damage|p1a: Toxapex|88/100|[from] Leech Seed|[of] p2a: Trevenant
|-heal|p2a: Trevenant|92/100 tox|[silent]
|-damage|p2a: Trevenant|86/100 tox|[from] psn
|upkeep
|turn|39
|
|t:|1758275410
|move|p2a: Trevenant|Will-O-Wisp|p1a: Toxapex
|-status|p1a: Toxapex|brn
|move|p1a: Toxapex|Acid Spray|p2a: Trevenant
|-damage|p2a: Trevenant|78/100 tox
|-unboost|p2a: Trevenant|spd|2
|
|-damage|p1a: Toxapex|75/100 brn|[from] Leech Seed|[of] p2a: Trevenant
|-heal|p2a: Trevenant|89/100 tox|[silent]
|-damage|p2a: Trevenant|77/100 tox|[from] psn
|-damage|p1a: Toxapex|69/100 brn|[from] brn
|upkeep
|turn|40
|
|t:|1758275423
|move|p2a: Trevenant|Night Shade|p1a: Toxapex
|-damage|p1a: Toxapex|36/100 brn
|move|p1a: Toxapex|Recover|p1a: Toxapex
|-heal|p1a: Toxapex|86/100 brn
|
|-damage|p1a: Toxapex|74/100 brn|[from] Leech Seed|[of] p2a: Trevenant
|-heal|p2a: Trevenant|88/100 tox|[silent]
|-damage|p2a: Trevenant|70/100 tox|[from] psn
|-damage|p1a: Toxapex|68/100 brn|[from] brn
|upkeep
|turn|41
|inactive|Battle timer is ON: inactive players will automatically lose when time's up. (requested by SnomisGoated)
|
|t:|1758275460
|switch|p2a: Braviary|Braviary, M|3/100
|move|p1a: Toxapex|Recover|p1a: Toxapex
|-heal|p1a: Toxapex|100/100 brn
|
|-damage|p1a: Toxapex|88/100 brn|[from] Leech Seed|[of] p2a: Braviary
|-heal|p2a: Braviary|12/100|[silent]
|-damage|p1a: Toxapex|82/100 brn|[from] brn
|upkeep
|turn|42
|
|t:|1758275473
|move|p2a: Braviary|U-turn|p1a: Toxapex
|-resisted|p1a: Toxapex
|-damage|p1a: Toxapex|72/100 brn
|
|t:|1758275476
|switch|p2a: Trevenant|Trevenant, M|70/100 tox|[from] U-turn
|move|p1a: Toxapex|Acid Spray|p2a: Trevenant
|-crit|p2a: Trevenant
|-damage|p2a: Trevenant|58/100 tox
|-unboost|p2a: Trevenant|spd|2
|
|-damage|p1a: Toxapex|60/100 brn|[from] Leech Seed|[of] p2a: Trevenant
|-heal|p2a: Trevenant|69/100 tox|[silent]
|-damage|p2a: Trevenant|63/100 tox|[from] psn
|-damage|p1a: Toxapex|53/100 brn|[from] brn
|upkeep
|turn|43
|
|t:|1758275487
|move|p2a: Trevenant|Night Shade|p1a: Toxapex
|-damage|p1a: Toxapex|21/100 brn
|-enditem|p1a: Toxapex|Wiki Berry|[eat]
|-heal|p1a: Toxapex|54/100 brn|[from] item: Wiki Berry
|move|p1a: Toxapex|Recover|p1a: Toxapex
|-heal|p1a: Toxapex|100/100 brn
|
|-damage|p1a: Toxapex|88/100 brn|[from] Leech Seed|[of] p2a: Trevenant
|-heal|p2a: Trevenant|74/100 tox|[silent]
|-damage|p2a: Trevenant|62/100 tox|[from] psn
|-damage|p1a: Toxapex|82/100 brn|[from] brn
|upkeep
|turn|44
|
|t:|1758275498
|move|p2a: Trevenant|Night Shade|p1a: Toxapex
|-damage|p1a: Toxapex|49/100 brn
|move|p1a: Toxapex|Acid Spray|p2a: Trevenant
|-damage|p2a: Trevenant|48/100 tox
|-unboost|p2a: Trevenant|spd|2
|-enditem|p2a: Trevenant|Sitrus Berry|[eat]
|-heal|p2a: Trevenant|73/100 tox|[from] item: Sitrus Berry
|
|-damage|p1a: Toxapex|36/100 brn|[from] Leech Seed|[of] p2a: Trevenant
|-heal|p2a: Trevenant|84/100 tox|[silent]
|-damage|p2a: Trevenant|66/100 tox|[from] psn
|-damage|p1a: Toxapex|30/100 brn|[from] brn
|upkeep
|turn|45
|
|t:|1758275512
|move|p2a: Trevenant|Night Shade|p1a: Toxapex
|-damage|p1a: Toxapex|0 fnt
|faint|p1a: Toxapex
|
|win|antok206
|raw|SnomisGoated's rating: 1077 &rarr; <strong>1059</strong><br />(-18 for losing)
|raw|antok206's rating: 1140 &rarr; <strong>1161</strong><br />(+21 for winning)
|l|☆antok206
|player|p2|
|l|☆SnomisGoated
|player|p1|
