|html|<div class="broadcast-blue"><strong>[Gen 9] OU is currently suspecting Tera Blast! For information on how to participate check out the <a href="https://www.smogon.com/tools/suspects/view/200">suspect thread</a>.</strong></div>
|j|☆zaexida
|j|☆solum888
|t:|1776068236
|gametype|singles
|player|p1|zaexida|benga|1102
|player|p2|solum888|palmer|1093
|gen|9
|tier|[Gen 9] OU
|rated|
|rule|HP Percentage Mod: HP is shown in percentages
|rule|Endless Battle Clause: Forcing endless battles is banned
|rule|Species Clause: Limit one of each Pokémon
|rule|OHKO Clause: OHKO moves are banned
|rule|Evasion Items Clause: Evasion items are banned
|rule|Evasion Moves Clause: Evasion moves are banned
|rule|Evasion Abilities Clause: Evasion abilities are banned
|rule|Sleep Moves Clause: Sleep-inducing moves are banned
|clearpoke
|poke|p1|Dragonite, M|
|poke|p1|Samurott-Hisui, F|
|poke|p1|Clefable, M|
|poke|p1|Gliscor, F|
|poke|p1|Gholdengo|
|poke|p1|Zamazenta-*|
|poke|p2|Hatterene, F|
|poke|p2|Ting-Lu|
|poke|p2|Brambleghast, F|
|poke|p2|Dondozo, F|
|poke|p2|Meowscarada, F|
|poke|p2|Blaziken, F|
|teampreview
|l|☆zaexida
|player|p1|
|
|t:|1776068290
|teamsize|p1|6
|teamsize|p2|6
|start
|switch|p1a: Gliscor|Gliscor, F|100/100
|switch|p2a: Ting-Lu|Ting-Lu, shiny|100/100
|-ability|p2a: Ting-Lu|Vessel of Ruin
|turn|1
|inactive|Battle timer is ON: inactive players will automatically lose when time's up. (requested by solum888)
|j|☆zaexida
|inactive|zaexida reconnected and has 150 seconds left.
|player|p1|zaexida|benga|
|l|☆zaexida
|inactive|zaexida disconnected and has a minute to reconnect!
|player|p1|
|j|☆zaexida
|inactive|zaexida reconnected and has 145 seconds left.
|player|p1|zaexida|benga|
|
|t:|1776068319
|switch|p2a: Hatterene|Hatterene, F, shiny|100/100
|move|p1a: Gliscor|Swords Dance|p1a: Gliscor
|-boost|p1a: Gliscor|atk|2
|
|-status|p1a: Gliscor|tox|[from] item: Toxic Orb
|upkeep
|turn|2
|
|t:|1776068336
|move|p1a: Gliscor|Knock Off|p2a: Hatterene
|-damage|p2a: Hatterene|66/100
|-enditem|p2a: Hatterene|Leftovers|[from] move: Knock Off|[of] p1a: Gliscor
|move|p2a: Hatterene|Psychic|p1a: Gliscor
|-damage|p1a: Gliscor|64/100 tox
|
|-heal|p1a: Gliscor|77/100 tox|[from] ability: Poison Heal
|upkeep
|turn|3
|
|t:|1776068351
|switch|p2a: Ting-Lu|Ting-Lu, shiny|100/100
|-ability|p2a: Ting-Lu|Vessel of Ruin
|move|p1a: Gliscor|Knock Off|p2a: Ting-Lu
|-resisted|p2a: Ting-Lu
|-damage|p2a: Ting-Lu|90/100
|-enditem|p2a: Ting-Lu|Leftovers|[from] move: Knock Off|[of] p1a: Gliscor
|
|-heal|p1a: Gliscor|89/100 tox|[from] ability: Poison Heal
|upkeep
|turn|4
|inactive|solum888 has 120 seconds left.
|
|t:|1776068380
|switch|p1a: Gholdengo|Gholdengo|100/100
|switch|p2a: Meowscarada|Meowscarada, F, shiny|100/100
|
|upkeep
|turn|5
|inactive|solum888 has 120 seconds left.
|
|t:|1776068403
|-terastallize|p1a: Gholdengo|Ghost
|move|p1a: Gholdengo|Trick|p2a: Meowscarada
|-activate|p1a: Gholdengo|move: Trick|[of] p2a: Meowscarada
|-item|p2a: Meowscarada|Choice Scarf|[from] move: Trick
|-item|p1a: Gholdengo|Choice Band|[from] move: Trick
|move|p2a: Meowscarada|Knock Off|p1a: Gholdengo
|-start|p2a: Meowscarada|typechange|Dark|[from] ability: Protean
|-supereffective|p1a: Gholdengo
|-damage|p1a: Gholdengo|0 fnt
|-enditem|p1a: Gholdengo|Choice Band|[from] move: Knock Off|[of] p2a: Meowscarada
|faint|p1a: Gholdengo
|
|upkeep
|
|t:|1776068419
|switch|p1a: Clefable|Clefable, M|100/100
|turn|6
|
|t:|1776068430
|switch|p2a: Brambleghast|Brambleghast, F|100/100
|move|p1a: Clefable|Moonblast|p2a: Brambleghast
|-damage|p2a: Brambleghast|55/100
|
|upkeep
|turn|7
|inactive|solum888 has 90 seconds left.
|inactive|solum888 has 60 seconds left.
|
|t:|1776068493
|switch|p2a: Ting-Lu|Ting-Lu, shiny|90/100
|-ability|p2a: Ting-Lu|Vessel of Ruin
|move|p1a: Clefable|Knock Off|p2a: Ting-Lu
|-resisted|p2a: Ting-Lu
|-damage|p2a: Ting-Lu|87/100
|
|upkeep
|turn|8
|
|t:|1776068503
|move|p1a: Clefable|Moonblast|p2a: Ting-Lu
|-supereffective|p2a: Ting-Lu
|-damage|p2a: Ting-Lu|61/100
|move|p2a: Ting-Lu|Stealth Rock|p1a: Clefable
|-sidestart|p1: zaexida|move: Stealth Rock
|
|upkeep
|turn|9
|inactive|solum888 has 60 seconds left.
|
|t:|1776068525
|switch|p2a: Brambleghast|Brambleghast, F|55/100
|move|p1a: Clefable|Moonblast|p2a: Brambleghast
|-damage|p2a: Brambleghast|6/100
|
|upkeep
|turn|10
|inactive|solum888 has 60 seconds left.
|
|t:|1776068539
|move|p2a: Brambleghast|Strength Sap|p1a: Clefable
|-unboost|p1a: Clefable|atk|1
|-heal|p2a: Brambleghast|56/100
|move|p1a: Clefable|Knock Off|p2a: Brambleghast
|-supereffective|p2a: Brambleghast
|-damage|p2a: Brambleghast|26/100
|-enditem|p2a: Brambleghast|Heavy-Duty Boots|[from] move: Knock Off|[of] p1a: Clefable
|
|upkeep
|turn|11
|inactive|solum888 has 60 seconds left.
|
|t:|1776068550
|move|p2a: Brambleghast|Strength Sap|p1a: Clefable
|-unboost|p1a: Clefable|atk|1
|-heal|p2a: Brambleghast|59/100
|move|p1a: Clefable|Knock Off|p2a: Brambleghast
|-supereffective|p2a: Brambleghast
|-damage|p2a: Brambleghast|43/100
|
|upkeep
|turn|12
|inactive|solum888 has 60 seconds left.
|
|t:|1776068563
|switch|p1a: Zamazenta|Zamazenta|100/100
|-damage|p1a: Zamazenta|94/100|[from] Stealth Rock
|-ability|p1a: Zamazenta|Dauntless Shield|boost
|-boost|p1a: Zamazenta|def|1
|move|p2a: Brambleghast|Strength Sap|p1a: Zamazenta
|-unboost|p1a: Zamazenta|atk|1
|-heal|p2a: Brambleghast|100/100
|
|-heal|p1a: Zamazenta|100/100|[from] item: Leftovers
|upkeep
|turn|13
|inactive|solum888 has 60 seconds left.
|
|t:|1776068580
|switch|p2a: Dondozo|Dondozo, F, shiny|100/100
|move|p1a: Zamazenta|Iron Defense|p1a: Zamazenta
|-boost|p1a: Zamazenta|def|2
|
|upkeep
|turn|14
|inactive|solum888 has 60 seconds left.
|
|t:|1776068587
|move|p1a: Zamazenta|Iron Defense|p1a: Zamazenta
|-boost|p1a: Zamazenta|def|2
|move|p2a: Dondozo|Curse|p2a: Dondozo
|-unboost|p2a: Dondozo|spe|1
|-boost|p2a: Dondozo|atk|1
|-boost|p2a: Dondozo|def|1
|
|upkeep
|turn|15
|
|t:|1776068597
|move|p1a: Zamazenta|Body Press|p2a: Dondozo
|-damage|p2a: Dondozo|90/100
|move|p2a: Dondozo|Curse|p2a: Dondozo
|-unboost|p2a: Dondozo|spe|1
|-boost|p2a: Dondozo|atk|1
|-boost|p2a: Dondozo|def|1
|
|-heal|p2a: Dondozo|96/100|[from] item: Leftovers
|upkeep
|turn|16
|
|t:|1776068608
|move|p2a: Dondozo|Body Press|p1a: Zamazenta
|-damage|p1a: Zamazenta|57/100
|move|p1a: Zamazenta|Roar|p2a: Dondozo
|drag|p2a: Ting-Lu|Ting-Lu, shiny|61/100
|-ability|p2a: Ting-Lu|Vessel of Ruin
|
|-heal|p1a: Zamazenta|63/100|[from] item: Leftovers
|upkeep
|turn|17
|
|t:|1776068621
|switch|p2a: Dondozo|Dondozo, F, shiny|96/100
|move|p1a: Zamazenta|Body Press|p2a: Dondozo
|-damage|p2a: Dondozo|80/100
|
|-heal|p1a: Zamazenta|69/100|[from] item: Leftovers
|-heal|p2a: Dondozo|86/100|[from] item: Leftovers
|upkeep
|turn|18
|
|t:|1776068638
|-terastallize|p2a: Dondozo|Fighting
|move|p2a: Dondozo|Body Press|p1a: Zamazenta
|-damage|p1a: Zamazenta|36/100
|move|p1a: Zamazenta|Roar|p2a: Dondozo
|drag|p2a: Hatterene|Hatterene, F, shiny|66/100
|
|-heal|p1a: Zamazenta|42/100|[from] item: Leftovers
|upkeep
|turn|19
|inactive|solum888 has 60 seconds left.
|
|t:|1776068657
|switch|p2a: Dondozo|Dondozo, F, shiny, tera:Fighting|86/100
|move|p1a: Zamazenta|Crunch|p2a: Dondozo
|-resisted|p2a: Dondozo
|-damage|p2a: Dondozo|81/100
|
|-heal|p1a: Zamazenta|48/100|[from] item: Leftovers
|-heal|p2a: Dondozo|87/100|[from] item: Leftovers
|upkeep
|turn|20
|
|t:|1776068671
|switch|p1a: Dragonite|Dragonite, M|100/100
|move|p2a: Dondozo|Body Press|p1a: Dragonite
|-resisted|p1a: Dragonite
|-damage|p1a: Dragonite|89/100
|
|-heal|p2a: Dondozo|94/100|[from] item: Leftovers
|upkeep
|turn|21
|inactive|solum888 has 60 seconds left.
|
|t:|1776068703
|switch|p2a: Hatterene|Hatterene, F, shiny|66/100
|move|p1a: Dragonite|Dragon Dance|p1a: Dragonite
|-boost|p1a: Dragonite|atk|1
|-boost|p1a: Dragonite|spe|1
|
|upkeep
|turn|22
|
|t:|1776068726
|move|p1a: Dragonite|Earthquake|p2a: Hatterene
|-damage|p2a: Hatterene|14/100
|move|p2a: Hatterene|Dazzling Gleam|p1a: Dragonite
|-supereffective|p1a: Dragonite
|-damage|p1a: Dragonite|20/100
|
|upkeep
|turn|23
|
|t:|1776068736
|switch|p2a: Dondozo|Dondozo, F, shiny, tera:Fighting|94/100
|move|p1a: Dragonite|Earthquake|p2a: Dondozo
|-damage|p2a: Dondozo|77/100
|
|-heal|p2a: Dondozo|83/100|[from] item: Leftovers
|upkeep
|turn|24
|
|t:|1776068747
|move|p1a: Dragonite|Roost|p1a: Dragonite
|-heal|p1a: Dragonite|70/100
|-singleturn|p1a: Dragonite|move: Roost
|move|p2a: Dondozo|Curse|p2a: Dondozo
|-unboost|p2a: Dondozo|spe|1
|-boost|p2a: Dondozo|atk|1
|-boost|p2a: Dondozo|def|1
|
|-heal|p2a: Dondozo|90/100|[from] item: Leftovers
|upkeep
|turn|25
|
|t:|1776068764
|switch|p1a: Gliscor|Gliscor, F|89/100 tox
|-damage|p1a: Gliscor|77/100 tox|[from] Stealth Rock
|move|p2a: Dondozo|Curse|p2a: Dondozo
|-unboost|p2a: Dondozo|spe|1
|-boost|p2a: Dondozo|atk|1
|-boost|p2a: Dondozo|def|1
|
|-heal|p2a: Dondozo|96/100|[from] item: Leftovers
|-heal|p1a: Gliscor|89/100 tox|[from] ability: Poison Heal
|upkeep
|turn|26
|
|t:|1776068777
|move|p1a: Gliscor|Protect|p1a: Gliscor
|-singleturn|p1a: Gliscor|Protect
|move|p2a: Dondozo|Curse|p2a: Dondozo
|-unboost|p2a: Dondozo|spe|1
|-boost|p2a: Dondozo|atk|1
|-boost|p2a: Dondozo|def|1
|
|-heal|p2a: Dondozo|100/100|[from] item: Leftovers
|-heal|p1a: Gliscor|100/100 tox|[from] ability: Poison Heal
|upkeep
|turn|27
|
|t:|1776068790
|move|p1a: Gliscor|Swords Dance|p1a: Gliscor
|-boost|p1a: Gliscor|atk|2
|move|p2a: Dondozo|Curse|p2a: Dondozo
|-unboost|p2a: Dondozo|spe|1
|-boost|p2a: Dondozo|atk|1
|-boost|p2a: Dondozo|def|1
|
|upkeep
|turn|28
|
|t:|1776068803
|switch|p1a: Zamazenta|Zamazenta|48/100
|-damage|p1a: Zamazenta|42/100|[from] Stealth Rock
|move|p2a: Dondozo|Curse|p2a: Dondozo
|-unboost|p2a: Dondozo|spe|1
|-boost|p2a: Dondozo|atk|1
|-boost|p2a: Dondozo|def|1
|
|-heal|p1a: Zamazenta|48/100|[from] item: Leftovers
|upkeep
|turn|29
|
|t:|1776068815
|move|p2a: Dondozo|Body Press|p1a: Zamazenta
|-damage|p1a: Zamazenta|0 fnt
|faint|p1a: Zamazenta
|
|upkeep
|
|t:|1776068822
|switch|p1a: Samurott|Samurott-Hisui, F|100/100
|-damage|p1a: Samurott|88/100|[from] Stealth Rock
|turn|30
|
|t:|1776068833
|move|p1a: Samurott|Razor Shell|p2a: Dondozo
|-damage|p2a: Dondozo|93/100
|-unboost|p2a: Dondozo|def|1
|move|p2a: Dondozo|Body Press|p1a: Samurott
|-supereffective|p1a: Samurott
|-damage|p1a: Samurott|0 fnt
|faint|p1a: Samurott
|
|-heal|p2a: Dondozo|99/100|[from] item: Leftovers
|upkeep
|
|t:|1776068846
|switch|p1a: Clefable|Clefable, M|100/100
|turn|31
|
|t:|1776068850
|move|p1a: Clefable|Moonblast|p2a: Dondozo
|-supereffective|p2a: Dondozo
|-damage|p2a: Dondozo|35/100
|move|p2a: Dondozo|Body Press|p1a: Clefable
|-resisted|p1a: Clefable
|-damage|p1a: Clefable|56/100
|-damage|p2a: Dondozo|18/100|[from] item: Rocky Helmet|[of] p1a: Clefable
|
|-heal|p2a: Dondozo|24/100|[from] item: Leftovers
|upkeep
|turn|32
|inactive|solum888 has 60 seconds left.
|
|t:|1776068898
|switch|p2a: Brambleghast|Brambleghast, F|100/100
|move|p1a: Clefable|Moonblast|p2a: Brambleghast
|-damage|p2a: Brambleghast|57/100
|
|upkeep
|turn|33
|
|t:|1776068912
|switch|p1a: Dragonite|Dragonite, M|70/100
|move|p2a: Brambleghast|Power Whip|p1a: Dragonite
|-resisted|p1a: Dragonite
|-damage|p1a: Dragonite|57/100
|
|upkeep
|turn|34
|inactive|solum888 has 30 seconds left.
|
|t:|1776068930
|move|p2a: Brambleghast|Strength Sap|p1a: Dragonite
|-unboost|p1a: Dragonite|atk|1
|-heal|p2a: Brambleghast|100/100
|move|p1a: Dragonite|Roost|p1a: Dragonite
|-heal|p1a: Dragonite|100/100
|-singleturn|p1a: Dragonite|move: Roost
|
|upkeep
|turn|35
|inactive|solum888 has 30 seconds left.
|
|t:|1776068948
|move|p2a: Brambleghast|Poltergeist|p1a: Dragonite|[miss]
|-miss|p2a: Brambleghast|p1a: Dragonite
|move|p1a: Dragonite|Dragon Dance|p1a: Dragonite
|-boost|p1a: Dragonite|atk|1
|-boost|p1a: Dragonite|spe|1
|
|upkeep
|turn|36
|inactive|solum888 has 30 seconds left.
|
|t:|1776068956
|move|p1a: Dragonite|Dragon Dance|p1a: Dragonite
|-boost|p1a: Dragonite|atk|1
|-boost|p1a: Dragonite|spe|1
|move|p2a: Brambleghast|Strength Sap|p1a: Dragonite
|-unboost|p1a: Dragonite|atk|1
|
|upkeep
|turn|37
|
|t:|1776068964
|move|p1a: Dragonite|Dragon Dance|p1a: Dragonite
|-boost|p1a: Dragonite|atk|1
|-boost|p1a: Dragonite|spe|1
|move|p2a: Brambleghast|Poltergeist|p1a: Dragonite
|-activate|p1a: Dragonite|move: Poltergeist|Heavy-Duty Boots
|-damage|p1a: Dragonite|79/100
|
|upkeep
|turn|38
|inactive|solum888 has 30 seconds left.
|
|t:|1776068986
|move|p1a: Dragonite|Dragon Dance|p1a: Dragonite
|-boost|p1a: Dragonite|atk|1
|-boost|p1a: Dragonite|spe|1
|move|p2a: Brambleghast|Strength Sap|p1a: Dragonite
|-unboost|p1a: Dragonite|atk|1
|
|upkeep
|turn|39
|inactive|solum888 has 30 seconds left.
|inactive|solum888 has 20 seconds left.
|inactive|solum888 has 15 seconds left.
|inactive|solum888 has 10 seconds left.
|
|t:|1776069016
|switch|p2a: Meowscarada|Meowscarada, F, shiny|100/100
|move|p1a: Dragonite|Earthquake|p2a: Meowscarada
|-resisted|p2a: Meowscarada
|-damage|p2a: Meowscarada|51/100
|
|upkeep
|turn|40
|inactive|solum888 has 20 seconds left this turn.
|inactive|solum888 has 15 seconds left.
|inactive|solum888 has 10 seconds left.
|
|t:|1776069028
|move|p1a: Dragonite|Extreme Speed|p2a: Meowscarada
|-damage|p2a: Meowscarada|0 fnt
|faint|p2a: Meowscarada
|
|upkeep
|inactive|solum888 has 15 seconds left this turn.
|inactive|solum888 has 10 seconds left.
|inactive|solum888 has 5 seconds left.
|
|t:|1776069042
|switch|p2a: Dondozo|Dondozo, F, shiny, tera:Fighting|24/100
|turn|41
|inactive|solum888 has 15 seconds left this turn.
|
|t:|1776069047
|move|p1a: Dragonite|Extreme Speed|p2a: Dondozo
|-damage|p2a: Dondozo|10/100
|move|p2a: Dondozo|Rest|p2a: Dondozo
|-status|p2a: Dondozo|slp|[from] move: Rest
|-heal|p2a: Dondozo|100/100 slp|[silent]
|
|upkeep
|turn|42
|inactive|solum888 has 25 seconds left this turn.
|inactive|solum888 has 20 seconds left.
|
|t:|1776069055
|move|p1a: Dragonite|Dragon Dance|p1a: Dragonite
|-boost|p1a: Dragonite|atk|1
|-boost|p1a: Dragonite|spe|1
|cant|p2a: Dondozo|slp
|move|p2a: Dondozo|Sleep Talk|p2a: Dondozo
|move|p2a: Dondozo|Curse|p2a: Dondozo|[from] move: Sleep Talk
|-unboost|p2a: Dondozo|spe|1
|-boost|p2a: Dondozo|atk|1
|-boost|p2a: Dondozo|def|1
|
|upkeep
|turn|43
|inactive|solum888 has 30 seconds left this turn.
|
|t:|1776069068
|move|p1a: Dragonite|Earthquake|p2a: Dondozo
|-damage|p2a: Dondozo|88/100 slp
|cant|p2a: Dondozo|slp
|move|p2a: Dondozo|Sleep Talk|p2a: Dondozo
|move|p2a: Dondozo|Body Press|p1a: Dragonite|[from] move: Sleep Talk
|-resisted|p1a: Dragonite
|-damage|p1a: Dragonite|49/100
|
|-heal|p2a: Dondozo|95/100 slp|[from] item: Leftovers
|upkeep
|turn|44
|inactive|solum888 has 30 seconds left.
|
|t:|1776069081
|move|p1a: Dragonite|Roost|p1a: Dragonite
|-heal|p1a: Dragonite|99/100
|-singleturn|p1a: Dragonite|move: Roost
|-curestatus|p2a: Dondozo|slp|[msg]
|move|p2a: Dondozo|Curse|p2a: Dondozo
|-unboost|p2a: Dondozo|spe|1
|-boost|p2a: Dondozo|atk|1
|-boost|p2a: Dondozo|def|1
|
|-heal|p2a: Dondozo|100/100|[from] item: Leftovers
|upkeep
|turn|45
|inactive|solum888 has 30 seconds left.
|
|t:|1776069094
|move|p1a: Dragonite|Dragon Dance|p1a: Dragonite
|-boost|p1a: Dragonite|atk|1
|-boost|p1a: Dragonite|spe|1
|move|p2a: Dondozo|Body Press|p1a: Dragonite
|-resisted|p1a: Dragonite
|-damage|p1a: Dragonite|54/100
|
|upkeep
|turn|46
|inactive|solum888 has 30 seconds left.
|
|t:|1776069104
|move|p1a: Dragonite|Extreme Speed|p2a: Dondozo
|-damage|p2a: Dondozo|94/100
|move|p2a: Dondozo|Body Press|p1a: Dragonite
|-resisted|p1a: Dragonite
|-damage|p1a: Dragonite|14/100
|
|-heal|p2a: Dondozo|99/100|[from] item: Leftovers
|upkeep
|turn|47
|
|t:|1776069113
|move|p1a: Dragonite|Roost|p1a: Dragonite
|-heal|p1a: Dragonite|64/100
|-singleturn|p1a: Dragonite|move: Roost
|move|p2a: Dondozo|Body Press|p1a: Dragonite
|-damage|p1a: Dragonite|0 fnt
|faint|p1a: Dragonite
|
|-heal|p2a: Dondozo|100/100|[from] item: Leftovers
|upkeep
|-message|zaexida forfeited.
|
|win|solum888
|raw|zaexida's rating: 1102 &rarr; <strong>1076</strong><br />(-26 for losing)
|raw|solum888's rating: 1093 &rarr; <strong>1120</strong><br />(+27 for winning)
|l|☆zaexida
|player|p1|
|l|☆solum888
|player|p2|
