|html|<div class="broadcast-blue"><strong>[Gen 9] OU is currently suspecting Tera Blast! For information on how to participate check out the <a href="https://www.smogon.com/tools/suspects/view/200">suspect thread</a>.</strong></div>
|j|☆nneti
|j|☆calio5
|t:|1776099043
|gametype|singles
|player|p1|nneti|ninjaboy|1469
|player|p2|calio5|170|1458
|gen|9
|tier|[Gen 9] OU
|rated|
|rule|HP Percentage Mod: HP is shown in percentages
|rule|Endless Battle Clause: Forcing endless battles is banned
|rule|Species Clause: Limit one of each Pokémon
|rule|OHKO Clause: OHKO moves are banned
|rule|Evasion Items Clause: Evasion items are banned
|rule|Evasion Moves Clause: Evasion moves are banned
|rule|Evasion Abilities Clause: Evasion abilities are banned
|rule|Sleep Moves Clause: Sleep-inducing moves are banned
|clearpoke
|poke|p1|Iron Valiant|
|poke|p1|Corviknight, F|
|poke|p1|Iron Hands|
|poke|p1|Greninja-*, M|
|poke|p1|Serperior, M|
|poke|p1|Clodsire, M|
|poke|p2|Zapdos|
|poke|p2|Volcanion|
|poke|p2|Corviknight, F|
|poke|p2|Clodsire, F|
|poke|p2|Dondozo, F|
|poke|p2|Politoed, F|
|teampreview
|inactive|Battle timer is ON: inactive players will automatically lose when time's up. (requested by calio5)
|inactive|nneti has 120 seconds left.
|
|t:|1776099171
|teamsize|p1|6
|teamsize|p2|6
|start
|switch|p1a: 🐸🐸|Clodsire, M, shiny|100/100
|switch|p2a: Volcanion|Volcanion|100/100
|turn|1
|
|t:|1776099192
|move|p2a: Volcanion|Earth Power|p1a: 🐸🐸
|-supereffective|p1a: 🐸🐸
|-damage|p1a: 🐸🐸|65/100
|move|p1a: 🐸🐸|Toxic|p2a: Volcanion
|-status|p2a: Volcanion|tox
|
|-heal|p1a: 🐸🐸|71/100|[from] item: Leftovers
|-damage|p2a: Volcanion|94/100 tox|[from] psn
|upkeep
|turn|2
|
|t:|1776099205
|switch|p2a: Politoed|Politoed, F|100/100
|-weather|RainDance|[from] ability: Drizzle|[of] p2a: Politoed
|move|p1a: 🐸🐸|Recover|p1a: 🐸🐸
|-heal|p1a: 🐸🐸|100/100
|
|-weather|RainDance|[upkeep]
|upkeep
|turn|3
|
|t:|1776099213
|switch|p2a: Clodsire|Clodsire, F|100/100
|move|p1a: 🐸🐸|Toxic|p2a: Clodsire
|-immune|p2a: Clodsire
|
|-weather|RainDance|[upkeep]
|upkeep
|turn|4
|
|t:|1776099221
|switch|p1a: knight de la night|Corviknight, F, shiny|100/100
|-ability|p1a: knight de la night|Pressure
|move|p2a: Clodsire|Stealth Rock|p1a: knight de la night
|-sidestart|p1: nneti|move: Stealth Rock
|
|-weather|RainDance|[upkeep]
|upkeep
|turn|5
|inactive|nneti has 120 seconds left.
|
|t:|1776099270
|switch|p2a: Dondozo|Dondozo, F|100/100
|move|p1a: knight de la night|Defog|p2a: Dondozo
|-unboost|p2a: Dondozo|evasion|1
|-sideend|p1: nneti|Stealth Rock|[from] move: Defog|[of] p1a: knight de la night
|
|-weather|RainDance|[upkeep]
|upkeep
|turn|6
|
|t:|1776099278
|move|p1a: knight de la night|U-turn|p2a: Dondozo
|-damage|p2a: Dondozo|93/100
|
|t:|1776099280
|switch|p1a: 🐸🐸|Clodsire, M, shiny|100/100|[from] U-turn
|move|p2a: Dondozo|Curse|p2a: Dondozo
|-unboost|p2a: Dondozo|spe|1
|-boost|p2a: Dondozo|atk|1
|-boost|p2a: Dondozo|def|1
|
|-weather|RainDance|[upkeep]
|-heal|p2a: Dondozo|99/100|[from] item: Leftovers
|upkeep
|turn|7
|
|t:|1776099289
|-terastallize|p2a: Dondozo|Poison
|move|p1a: 🐸🐸|Toxic|p2a: Dondozo
|-immune|p2a: Dondozo
|move|p2a: Dondozo|Earthquake|p1a: 🐸🐸
|-supereffective|p1a: 🐸🐸
|-damage|p1a: 🐸🐸|12/100
|
|-weather|RainDance|[upkeep]
|-heal|p1a: 🐸🐸|18/100|[from] item: Leftovers
|-heal|p2a: Dondozo|100/100|[from] item: Leftovers
|upkeep
|turn|8
|
|t:|1776099298
|switch|p1a: knight de la night|Corviknight, F, shiny|100/100
|-ability|p1a: knight de la night|Pressure
|move|p2a: Dondozo|Curse|p2a: Dondozo
|-unboost|p2a: Dondozo|spe|1
|-boost|p2a: Dondozo|atk|1
|-boost|p2a: Dondozo|def|1
|
|-weather|RainDance|[upkeep]
|upkeep
|turn|9
|
|t:|1776099308
|switch|p1a: 🐸🐸|Clodsire, M, shiny|18/100
|move|p2a: Dondozo|Liquidation|p1a: 🐸🐸
|-heal|p1a: 🐸🐸|43/100|[from] ability: Water Absorb|[of] p2a: Dondozo
|
|-weather|none
|-heal|p1a: 🐸🐸|50/100|[from] item: Leftovers
|upkeep
|turn|10
|
|t:|1776099316
|switch|p1a: knight de la night|Corviknight, F, shiny|100/100
|-ability|p1a: knight de la night|Pressure
|move|p2a: Dondozo|Curse|p2a: Dondozo
|-unboost|p2a: Dondozo|spe|1
|-boost|p2a: Dondozo|atk|1
|-boost|p2a: Dondozo|def|1
|
|upkeep
|turn|11
|
|t:|1776099325
|move|p1a: knight de la night|U-turn|p2a: Dondozo
|-resisted|p2a: Dondozo
|-damage|p2a: Dondozo|99/100
|
|t:|1776099333
|switch|p1a: 🐸🐸|Clodsire, M, shiny|50/100|[from] U-turn
|move|p2a: Dondozo|Avalanche|p1a: 🐸🐸
|-supereffective|p1a: 🐸🐸
|-damage|p1a: 🐸🐸|0 fnt
|faint|p1a: 🐸🐸
|
|-heal|p2a: Dondozo|100/100|[from] item: Leftovers
|upkeep
|
|t:|1776099349
|switch|p1a: Assasin's Crad|Iron Valiant, shiny|100/100
|-enditem|p1a: Assasin's Crad|Booster Energy
|-activate|p1a: Assasin's Crad|ability: Quark Drive|[fromitem]
|-start|p1a: Assasin's Crad|quarkdrivespe
|turn|12
|
|t:|1776099355
|move|p1a: Assasin's Crad|Destiny Bond|p1a: Assasin's Crad
|-singlemove|p1a: Assasin's Crad|Destiny Bond
|move|p2a: Dondozo|Avalanche|p1a: Assasin's Crad
|-damage|p1a: Assasin's Crad|50/100
|
|upkeep
|turn|13
|
|t:|1776099361
|move|p1a: Assasin's Crad|Knock Off|p2a: Dondozo
|-damage|p2a: Dondozo|93/100
|-enditem|p2a: Dondozo|Leftovers|[from] move: Knock Off|[of] p1a: Assasin's Crad
|move|p2a: Dondozo|Earthquake|p1a: Assasin's Crad
|-damage|p1a: Assasin's Crad|0 fnt
|faint|p1a: Assasin's Crad
|-end|p1a: Assasin's Crad|Quark Drive|[silent]
|
|upkeep
|
|t:|1776099375
|switch|p1a: Dorigami|Greninja, M|100/100
|turn|14
|
|t:|1776099378
|move|p1a: Dorigami|Surf|p2a: Dondozo
|-damage|p2a: Dondozo|42/100
|-damage|p1a: Dorigami|91/100|[from] item: Life Orb
|move|p2a: Dondozo|Earthquake|p1a: Dorigami
|-damage|p1a: Dorigami|0 fnt
|faint|p1a: Dorigami
|
|upkeep
|
|t:|1776099387
|switch|p1a: knight de la night|Corviknight, F, shiny|100/100
|-ability|p1a: knight de la night|Pressure
|turn|15
|
|t:|1776099391
|move|p1a: knight de la night|Roost||[still]
|-fail|p1a: knight de la night|heal
|move|p2a: Dondozo|Curse|p2a: Dondozo
|-unboost|p2a: Dondozo|spe|1
|-boost|p2a: Dondozo|atk|1
|-boost|p2a: Dondozo|def|1
|
|upkeep
|turn|16
|
|t:|1776099400
|move|p1a: knight de la night|Brave Bird|p2a: Dondozo
|-damage|p2a: Dondozo|35/100
|-damage|p1a: knight de la night|98/100|[from] Recoil
|move|p2a: Dondozo|Earthquake|p1a: knight de la night
|-immune|p1a: knight de la night
|
|upkeep
|turn|17
|
|t:|1776099413
|move|p1a: knight de la night|Brave Bird|p2a: Dondozo
|-damage|p2a: Dondozo|28/100
|-damage|p1a: knight de la night|95/100|[from] Recoil
|move|p2a: Dondozo|Curse|p2a: Dondozo
|-unboost|p2a: Dondozo|spe|1
|-boost|p2a: Dondozo|atk|1
|-boost|p2a: Dondozo|def|1
|
|upkeep
|turn|18
|
|t:|1776099421
|move|p1a: knight de la night|Brave Bird|p2a: Dondozo
|-damage|p2a: Dondozo|22/100
|-damage|p1a: knight de la night|93/100|[from] Recoil
|move|p2a: Dondozo|Liquidation|p1a: knight de la night
|-damage|p1a: knight de la night|15/100
|-damage|p2a: Dondozo|6/100|[from] item: Rocky Helmet|[of] p1a: knight de la night
|
|upkeep
|turn|19
|
|t:|1776099429
|move|p1a: knight de la night|Roost|p1a: knight de la night
|-heal|p1a: knight de la night|65/100
|-singleturn|p1a: knight de la night|move: Roost
|move|p2a: Dondozo|Earthquake|p1a: knight de la night
|-supereffective|p1a: knight de la night
|-crit|p1a: knight de la night
|-damage|p1a: knight de la night|0 fnt
|faint|p1a: knight de la night
|
|upkeep
|
|t:|1776099433
|switch|p1a: Spitta|Serperior, M, shiny|100/100
|turn|20
|
|t:|1776099441
|move|p1a: Spitta|Leaf Storm|p2a: Dondozo
|-resisted|p2a: Dondozo
|-damage|p2a: Dondozo|0 fnt
|-boost|p1a: Spitta|spa|2
|faint|p2a: Dondozo
|
|upkeep
|
|t:|1776099451
|switch|p2a: Corviknight|Corviknight, F|100/100
|-ability|p2a: Corviknight|Pressure
|turn|21
|
|t:|1776099460
|-terastallize|p1a: Spitta|Fire
|move|p1a: Spitta|Substitute|p1a: Spitta
|-start|p1a: Spitta|Substitute
|-damage|p1a: Spitta|76/100
|move|p2a: Corviknight|Sand Attack||[still]
|-fail|p2a: Corviknight
|
|-heal|p1a: Spitta|82/100|[from] item: Leftovers
|upkeep
|turn|22
|
|t:|1776099471
|switch|p2a: Politoed|Politoed, F|100/100
|-weather|RainDance|[from] ability: Drizzle|[of] p2a: Politoed
|move|p1a: Spitta|Tera Blast|p2a: Politoed|[anim] Tera Blast Fire
|-resisted|p2a: Politoed
|-damage|p2a: Politoed|90/100
|
|-weather|RainDance|[upkeep]
|-heal|p1a: Spitta|88/100|[from] item: Leftovers
|upkeep
|turn|23
|
|t:|1776099482
|move|p1a: Spitta|Leaf Storm|p2a: Politoed
|-supereffective|p2a: Politoed
|-damage|p2a: Politoed|0 fnt
|-boost|p1a: Spitta|spa|2
|faint|p2a: Politoed
|
|-weather|RainDance|[upkeep]
|-heal|p1a: Spitta|94/100|[from] item: Leftovers
|upkeep
|
|t:|1776099490
|switch|p2a: Clodsire|Clodsire, F|100/100
|turn|24
|inactive|nneti has 120 seconds left.
|
|t:|1776099541
|move|p1a: Spitta|Glare|p2a: Clodsire
|-status|p2a: Clodsire|par
|move|p2a: Clodsire|Earthquake|p1a: Spitta
|-supereffective|p1a: Spitta
|-end|p1a: Spitta|Substitute
|
|-weather|RainDance|[upkeep]
|-heal|p1a: Spitta|100/100|[from] item: Leftovers
|upkeep
|turn|25
|
|t:|1776099551
|move|p1a: Spitta|Leaf Storm|p2a: Clodsire
|-damage|p2a: Clodsire|15/100 par
|-boost|p1a: Spitta|spa|2
|move|p2a: Clodsire|Earthquake|p1a: Spitta
|-supereffective|p1a: Spitta
|-damage|p1a: Spitta|21/100
|
|-weather|RainDance|[upkeep]
|-heal|p1a: Spitta|28/100|[from] item: Leftovers
|-heal|p2a: Clodsire|22/100 par|[from] item: Black Sludge
|upkeep
|turn|26
|
|t:|1776099560
|move|p1a: Spitta|Tera Blast|p2a: Clodsire|[anim] Tera Blast Fire
|-damage|p2a: Clodsire|0 fnt
|faint|p2a: Clodsire
|
|-weather|RainDance|[upkeep]
|-heal|p1a: Spitta|34/100|[from] item: Leftovers
|upkeep
|
|t:|1776099567
|switch|p2a: Corviknight|Corviknight, F|100/100
|-ability|p2a: Corviknight|Pressure
|turn|27
|
|t:|1776099572
|move|p1a: Spitta|Tera Blast|p2a: Corviknight|[anim] Tera Blast Fire
|-supereffective|p2a: Corviknight
|-damage|p2a: Corviknight|4/100
|move|p2a: Corviknight|Body Press|p1a: Spitta
|-damage|p1a: Spitta|5/100
|
|-weather|RainDance|[upkeep]
|-heal|p1a: Spitta|11/100|[from] item: Leftovers
|upkeep
|turn|28
|
|t:|1776099580
|move|p1a: Spitta|Tera Blast|p2a: Corviknight|[anim] Tera Blast Fire
|-supereffective|p2a: Corviknight
|-damage|p2a: Corviknight|0 fnt
|faint|p2a: Corviknight
|
|-weather|RainDance|[upkeep]
|-heal|p1a: Spitta|17/100|[from] item: Leftovers
|upkeep
|-message|calio5 forfeited.
|
|win|nneti
|raw|nneti's rating: 1469 &rarr; <strong>1488</strong><br />(+19 for winning)
|raw|calio5's rating: 1458 &rarr; <strong>1439</strong><br />(-19 for losing)
|l|☆calio5
|player|p2|
|l|☆nneti
|player|p1|
