|html|<div class="broadcast-blue"><strong>[Gen 9] OU is currently suspecting Tera Blast! For information on how to participate check out the <a href="https://www.smogon.com/tools/suspects/view/200">suspect thread</a>.</strong></div>
|j|☆boluabum
|j|☆daeducator
|t:|1776040394
|gametype|singles
|player|p1|boluabum|265|1212
|player|p2|daeducator|swimmerf|1162
|gen|9
|tier|[Gen 9] OU
|rated|
|rule|HP Percentage Mod: HP is shown in percentages
|rule|Endless Battle Clause: Forcing endless battles is banned
|rule|Species Clause: Limit one of each Pokémon
|rule|OHKO Clause: OHKO moves are banned
|rule|Evasion Items Clause: Evasion items are banned
|rule|Evasion Moves Clause: Evasion moves are banned
|rule|Evasion Abilities Clause: Evasion abilities are banned
|rule|Sleep Moves Clause: Sleep-inducing moves are banned
|clearpoke
|poke|p1|Zangoose, F|
|poke|p1|Dragapult, F|
|poke|p1|Kingambit, M|
|poke|p1|Zamazenta-*|
|poke|p1|Serperior, M|
|poke|p1|Iron Moth|
|poke|p2|Heatran, M|
|poke|p2|Rillaboom, M|
|poke|p2|Dragapult, F|
|poke|p2|Hatterene, F|
|poke|p2|Dondozo, M|
|poke|p2|Corviknight, M|
|teampreview
|inactive|Battle timer is ON: inactive players will automatically lose when time's up. (requested by boluabum)
|
|t:|1776040421
|teamsize|p1|6
|teamsize|p2|6
|start
|switch|p1a: ...|Serperior, M|100/100
|switch|p2a: Hatterene|Hatterene, F|100/100
|turn|1
|
|t:|1776040429
|move|p1a: ...|Leaf Storm|p2a: Hatterene
|-damage|p2a: Hatterene|50/100
|-boost|p1a: ...|spa|2
|move|p2a: Hatterene|Light Screen|p2a: Hatterene
|-sidestart|p2: daeducator|move: Light Screen
|
|upkeep
|turn|2
|
|t:|1776040440
|switch|p2a: Heatran|Heatran, M|100/100
|-item|p2a: Heatran|Air Balloon
|move|p1a: ...|Leaf Storm|p2a: Heatran
|-resisted|p2a: Heatran
|-damage|p2a: Heatran|89/100
|-boost|p1a: ...|spa|2
|-enditem|p2a: Heatran|Air Balloon
|
|upkeep
|turn|3
|
|t:|1776040455
|move|p2a: Heatran|Stealth Rock|p1a: ...
|-sidestart|p1: boluabum|move: Stealth Rock
|move|p1a: ...|Mirror Coat||[still]
|-fail|p1a: ...
|
|upkeep
|turn|4
|
|t:|1776040461
|move|p2a: Heatran|Fire Blast|p1a: ...
|-supereffective|p1a: ...
|-damage|p1a: ...|0 fnt
|faint|p1a: ...
|
|upkeep
|
|t:|1776040468
|switch|p1a: pretty buff|Zamazenta|100/100
|-damage|p1a: pretty buff|94/100|[from] Stealth Rock
|-ability|p1a: pretty buff|Dauntless Shield|boost
|-boost|p1a: pretty buff|def|1
|turn|5
|
|t:|1776040474
|switch|p2a: Dondozo|Dondozo, M|100/100
|move|p1a: pretty buff|Body Press|p2a: Dondozo
|-damage|p2a: Dondozo|87/100
|
|-heal|p1a: pretty buff|100/100|[from] item: Leftovers
|-heal|p2a: Dondozo|93/100|[from] item: Leftovers
|upkeep
|turn|6
|
|t:|1776040486
|move|p1a: pretty buff|Iron Defense|p1a: pretty buff
|-boost|p1a: pretty buff|def|2
|move|p2a: Dondozo|Liquidation|p1a: pretty buff
|-damage|p1a: pretty buff|79/100
|-unboost|p1a: pretty buff|def|1
|
|-heal|p1a: pretty buff|85/100|[from] item: Leftovers
|-heal|p2a: Dondozo|99/100|[from] item: Leftovers
|upkeep
|turn|7
|
|t:|1776040495
|move|p1a: pretty buff|Iron Defense|p1a: pretty buff
|-boost|p1a: pretty buff|def|2
|move|p2a: Dondozo|Liquidation|p1a: pretty buff
|-damage|p1a: pretty buff|61/100
|
|-heal|p1a: pretty buff|67/100|[from] item: Leftovers
|-heal|p2a: Dondozo|100/100|[from] item: Leftovers
|upkeep
|turn|8
|
|t:|1776040504
|move|p1a: pretty buff|Iron Defense|p1a: pretty buff
|-boost|p1a: pretty buff|def|2
|move|p2a: Dondozo|Liquidation|p1a: pretty buff
|-damage|p1a: pretty buff|43/100
|
|-heal|p1a: pretty buff|49/100|[from] item: Leftovers
|-sideend|p2: daeducator|move: Light Screen
|upkeep
|turn|9
|
|t:|1776040517
|move|p1a: pretty buff|Body Press|p2a: Dondozo
|-damage|p2a: Dondozo|88/100
|move|p2a: Dondozo|Body Press|p1a: pretty buff
|-damage|p1a: pretty buff|26/100
|
|-heal|p1a: pretty buff|32/100|[from] item: Leftovers
|-heal|p2a: Dondozo|94/100|[from] item: Leftovers
|upkeep
|turn|10
|
|t:|1776040532
|switch|p1a: just here|Dragapult, F|100/100
|-damage|p1a: just here|88/100|[from] Stealth Rock
|move|p2a: Dondozo|Liquidation|p1a: just here
|-resisted|p1a: just here
|-damage|p1a: just here|69/100
|
|-heal|p2a: Dondozo|99/100|[from] item: Leftovers
|upkeep
|turn|11
|
|t:|1776040551
|switch|p2a: Hatterene|Hatterene, F|50/100
|move|p1a: just here|Shadow Ball|p2a: Hatterene
|-supereffective|p2a: Hatterene
|-damage|p2a: Hatterene|0 fnt
|faint|p2a: Hatterene
|
|upkeep
|
|t:|1776040564
|switch|p2a: Dondozo|Dondozo, M|99/100
|turn|12
|
|t:|1776040568
|move|p1a: just here|Dragon Pulse|p2a: Dondozo
|-damage|p2a: Dondozo|58/100
|move|p2a: Dondozo|Liquidation|p1a: just here
|-resisted|p1a: just here
|-damage|p1a: just here|50/100
|
|-heal|p2a: Dondozo|64/100|[from] item: Leftovers
|upkeep
|turn|13
|
|t:|1776040578
|move|p1a: just here|Dragon Pulse|p2a: Dondozo
|-damage|p2a: Dondozo|20/100
|move|p2a: Dondozo|Liquidation|p1a: just here
|-resisted|p1a: just here
|-damage|p1a: just here|30/100
|
|-heal|p2a: Dondozo|26/100|[from] item: Leftovers
|upkeep
|turn|14
|
|t:|1776040588
|switch|p2a: Heatran|Heatran, M|89/100
|move|p1a: just here|Dragon Pulse|p2a: Heatran
|-resisted|p2a: Heatran
|-damage|p2a: Heatran|71/100
|
|upkeep
|turn|15
|
|t:|1776040608
|move|p1a: just here|Flamethrower|p2a: Heatran
|-start|p2a: Heatran|ability: Flash Fire
|move|p2a: Heatran|Flash Cannon|p1a: just here
|-damage|p1a: just here|0 fnt
|faint|p1a: just here
|
|upkeep
|
|t:|1776040618
|switch|p1a: pretty buff|Zamazenta|32/100
|-damage|p1a: pretty buff|26/100|[from] Stealth Rock
|turn|16
|
|t:|1776040633
|-terastallize|p2a: Heatran|Water
|move|p1a: pretty buff|Body Press|p2a: Heatran
|-damage|p2a: Heatran|46/100
|move|p2a: Heatran|Earth Power|p1a: pretty buff
|-damage|p1a: pretty buff|0 fnt
|faint|p1a: pretty buff
|
|upkeep
|
|t:|1776040644
|switch|p1a: Pls dont status|Zangoose, F|100/100
|-damage|p1a: Pls dont status|88/100|[from] Stealth Rock
|turn|17
|
|t:|1776040652
|move|p1a: Pls dont status|Shadow Claw|p2a: Heatran
|-damage|p2a: Heatran|26/100
|move|p2a: Heatran|Fire Blast|p1a: Pls dont status|[miss]
|-miss|p2a: Heatran|p1a: Pls dont status
|
|-status|p1a: Pls dont status|tox|[from] item: Toxic Orb
|upkeep
|turn|18
|
|t:|1776040662
|move|p1a: Pls dont status|Facade|p2a: Heatran
|-damage|p2a: Heatran|0 fnt
|faint|p2a: Heatran
|
|-damage|p1a: Pls dont status|82/100 tox|[from] psn
|upkeep
|
|t:|1776040674
|switch|p2a: Dondozo|Dondozo, M|26/100
|turn|19
|
|t:|1776040677
|move|p1a: Pls dont status|Facade|p2a: Dondozo
|-damage|p2a: Dondozo|0 fnt
|faint|p2a: Dondozo
|
|-damage|p1a: Pls dont status|71/100 tox|[from] psn
|upkeep
|
|t:|1776040684
|switch|p2a: Corviknight|Corviknight, M|100/100
|turn|20
|
|t:|1776040691
|move|p1a: Pls dont status|Facade|p2a: Corviknight
|-resisted|p2a: Corviknight
|-damage|p2a: Corviknight|70/100
|-damage|p1a: Pls dont status|54/100 tox|[from] item: Rocky Helmet|[of] p2a: Corviknight
|move|p2a: Corviknight|Roost|p2a: Corviknight
|-heal|p2a: Corviknight|100/100
|-singleturn|p2a: Corviknight|move: Roost
|
|-damage|p1a: Pls dont status|36/100 tox|[from] psn
|upkeep
|turn|21
|
|t:|1776040702
|move|p1a: Pls dont status|Shadow Claw|p2a: Corviknight
|-damage|p2a: Corviknight|79/100
|-damage|p1a: Pls dont status|20/100 tox|[from] item: Rocky Helmet|[of] p2a: Corviknight
|move|p2a: Corviknight|Roost|p2a: Corviknight
|-heal|p2a: Corviknight|100/100
|-singleturn|p2a: Corviknight|move: Roost
|
|-damage|p1a: Pls dont status|0 fnt|[from] psn
|faint|p1a: Pls dont status
|upkeep
|
|t:|1776040712
|switch|p1a: Iron Moth|Iron Moth, shiny|100/100
|-damage|p1a: Iron Moth|76/100|[from] Stealth Rock
|-enditem|p1a: Iron Moth|Booster Energy
|-activate|p1a: Iron Moth|ability: Quark Drive|[fromitem]
|-start|p1a: Iron Moth|quarkdrivespa
|turn|22
|
|t:|1776040723
|move|p1a: Iron Moth|Fiery Dance|p2a: Corviknight
|-supereffective|p2a: Corviknight
|-damage|p2a: Corviknight|0 fnt
|-boost|p1a: Iron Moth|spa|1
|faint|p2a: Corviknight
|
|upkeep
|
|t:|1776040730
|switch|p2a: Dragapult|Dragapult, F|100/100
|turn|23
|
|t:|1776040736
|move|p2a: Dragapult|Dragon Darts|p1a: Iron Moth
|-damage|p1a: Iron Moth|10/100
|-anim|p2a: Dragapult|Dragon Darts|p1a: Iron Moth
|-damage|p1a: Iron Moth|0 fnt
|faint|p1a: Iron Moth
|-end|p1a: Iron Moth|Quark Drive|[silent]
|
|upkeep
|
|t:|1776040742
|switch|p1a: broom|Kingambit, M, shiny|100/100
|-damage|p1a: broom|94/100|[from] Stealth Rock
|-activate|p1a: broom|ability: Supreme Overlord
|-start|p1a: broom|fallen5|[silent]
|turn|24
|
|t:|1776040750
|switch|p2a: Rillaboom|Rillaboom, M|100/100
|move|p1a: broom|Kowtow Cleave|p2a: Rillaboom
|-damage|p2a: Rillaboom|13/100
|
|-heal|p2a: Rillaboom|19/100|[from] item: Leftovers
|upkeep
|turn|25
|
|t:|1776040763
|move|p2a: Rillaboom|Drain Punch|p1a: broom
|-supereffective|p1a: broom
|-damage|p1a: broom|15/100
|-heal|p2a: Rillaboom|66/100|[from] drain|[of] p1a: broom
|move|p1a: broom|Kowtow Cleave|p2a: Rillaboom
|-damage|p2a: Rillaboom|0 fnt
|faint|p2a: Rillaboom
|
|upkeep
|
|t:|1776040772
|switch|p2a: Dragapult|Dragapult, F|100/100
|turn|26
|
|t:|1776040786
|move|p2a: Dragapult|Dragon Darts|p1a: broom
|-resisted|p1a: broom
|-damage|p1a: broom|1/100
|-anim|p2a: Dragapult|Dragon Darts|p1a: broom
|-resisted|p1a: broom
|-damage|p1a: broom|0 fnt
|faint|p1a: broom
|-end|p1a: broom|fallen5|[silent]
|
|win|daeducator
|raw|boluabum's rating: 1212 &rarr; <strong>1183</strong><br />(-29 for losing)
|raw|daeducator's rating: 1162 &rarr; <strong>1191</strong><br />(+29 for winning)
|c|☆daeducator|gg
|c|☆boluabum|gg
|l|☆boluabum
|player|p1|
|l|☆daeducator
|player|p2|
