|html|<div class="broadcast-blue"><strong>[Gen 9] OU is currently suspecting Tera Blast! For information on how to participate check out the <a href="https://www.smogon.com/tools/suspects/view/200">suspect thread</a>.</strong></div>
|j|☆Sqlky
|j|☆clouddaearth
|t:|1776083892
|gametype|singles
|player|p1|Sqlky|elesa|1469
|player|p2|clouddaearth|1|1427
|gen|9
|tier|[Gen 9] OU
|rated|
|rule|HP Percentage Mod: HP is shown in percentages
|rule|Endless Battle Clause: Forcing endless battles is banned
|rule|Species Clause: Limit one of each Pokémon
|rule|OHKO Clause: OHKO moves are banned
|rule|Evasion Items Clause: Evasion items are banned
|rule|Evasion Moves Clause: Evasion moves are banned
|rule|Evasion Abilities Clause: Evasion abilities are banned
|rule|Sleep Moves Clause: Sleep-inducing moves are banned
|clearpoke
|poke|p1|Ceruledge, M|
|poke|p1|Iron Valiant|
|poke|p1|Glimmora, M|
|poke|p1|Great Tusk|
|poke|p1|Kingambit, M|
|poke|p1|Raging Bolt|
|poke|p2|Toxapex, M|
|poke|p2|Cinderace, M|
|poke|p2|Polteageist-Antique|
|poke|p2|Ting-Lu|
|poke|p2|Pawmot, F|
|poke|p2|Noivern, M|
|teampreview
|inactive|Battle timer is ON: inactive players will automatically lose when time's up. (requested by Sqlky)
|
|t:|1776083898
|teamsize|p1|6
|teamsize|p2|6
|start
|switch|p1a: PerfectSky|Glimmora, M|100/100
|switch|p2a: Toxapex|Toxapex, M|100/100
|turn|1
|
|t:|1776083906
|move|p1a: PerfectSky|Stealth Rock|p2a: Toxapex
|-sidestart|p2: clouddaearth|move: Stealth Rock
|move|p2a: Toxapex|Infestation|p1a: PerfectSky
|-resisted|p1a: PerfectSky
|-damage|p1a: PerfectSky|99/100
|-activate|p1a: PerfectSky|move: Infestation|[of] p2a: Toxapex
|
|-damage|p1a: PerfectSky|86/100|[from] move: Infestation|[partiallytrapped]
|upkeep
|turn|2
|
|t:|1776083917
|move|p1a: PerfectSky|Earth Power|p2a: Toxapex
|-supereffective|p2a: Toxapex
|-damage|p2a: Toxapex|49/100
|move|p2a: Toxapex|Liquidation|p1a: PerfectSky
|-supereffective|p1a: PerfectSky
|-damage|p1a: PerfectSky|36/100
|-activate|p1a: PerfectSky|ability: Toxic Debris
|-sidestart|p2: clouddaearth|move: Toxic Spikes
|
|-heal|p2a: Toxapex|55/100|[from] item: Black Sludge
|-damage|p1a: PerfectSky|23/100|[from] move: Infestation|[partiallytrapped]
|upkeep
|turn|3
|
|t:|1776083929
|move|p2a: Toxapex|Baneful Bunker|p2a: Toxapex
|-singleturn|p2a: Toxapex|move: Protect
|move|p1a: PerfectSky|Earth Power|p2a: Toxapex
|-activate|p2a: Toxapex|move: Protect
|
|-heal|p2a: Toxapex|62/100|[from] item: Black Sludge
|-damage|p1a: PerfectSky|11/100|[from] move: Infestation|[partiallytrapped]
|upkeep
|turn|4
|
|t:|1776083951
|move|p1a: PerfectSky|Earth Power|p2a: Toxapex
|-supereffective|p2a: Toxapex
|-damage|p2a: Toxapex|11/100
|move|p2a: Toxapex|Liquidation|p1a: PerfectSky
|-supereffective|p1a: PerfectSky
|-damage|p1a: PerfectSky|0 fnt
|-activate|p1a: PerfectSky|ability: Toxic Debris
|-sidestart|p2: clouddaearth|move: Toxic Spikes
|faint|p1a: PerfectSky
|
|-heal|p2a: Toxapex|17/100|[from] item: Black Sludge
|upkeep
|
|t:|1776083965
|switch|p1a: Swaggot|Ceruledge, M|100/100
|turn|5
|
|t:|1776083970
|switch|p2a: Noivern|Noivern, M|100/100
|move|p1a: Swaggot|Swords Dance|p1a: Swaggot
|-boost|p1a: Swaggot|atk|2
|
|upkeep
|turn|6
|
|t:|1776083977
|move|p2a: Noivern|Defog|p1a: Swaggot
|-unboost|p1a: Swaggot|evasion|1
|-sideend|p2: clouddaearth|Toxic Spikes|[from] move: Defog|[of] p2a: Noivern
|-sideend|p2: clouddaearth|Stealth Rock|[from] move: Defog|[of] p2a: Noivern
|move|p1a: Swaggot|Poltergeist|p2a: Noivern
|-activate|p2a: Noivern|move: Poltergeist|Heavy-Duty Boots
|-damage|p2a: Noivern|0 fnt
|faint|p2a: Noivern
|
|upkeep
|
|t:|1776083988
|switch|p2a: Ting-Lu|Ting-Lu|100/100
|-ability|p2a: Ting-Lu|Vessel of Ruin
|turn|7
|
|t:|1776083995
|move|p1a: Swaggot|Bitter Blade|p2a: Ting-Lu
|-damage|p2a: Ting-Lu|64/100
|-damage|p1a: Swaggot|84/100|[from] item: Rocky Helmet|[of] p2a: Ting-Lu
|move|p2a: Ting-Lu|Whirlwind|p1a: Swaggot
|drag|p1a: Raging Goat|Raging Bolt|100/100
|-enditem|p1a: Raging Goat|Booster Energy
|-activate|p1a: Raging Goat|ability: Protosynthesis|[fromitem]
|-start|p1a: Raging Goat|protosynthesisspa
|
|upkeep
|turn|8
|
|t:|1776084022
|-end|p1a: Raging Goat|Protosynthesis|[silent]
|switch|p1a: Great Tusk|Great Tusk|100/100
|move|p2a: Ting-Lu|Earthquake|p1a: Great Tusk
|-damage|p1a: Great Tusk|73/100
|
|upkeep
|turn|9
|
|t:|1776084032
|move|p1a: Great Tusk|Ice Spinner|p2a: Ting-Lu
|-supereffective|p2a: Ting-Lu
|-damage|p2a: Ting-Lu|39/100
|-damage|p1a: Great Tusk|57/100|[from] item: Rocky Helmet|[of] p2a: Ting-Lu
|move|p2a: Ting-Lu|Stealth Rock|p1a: Great Tusk
|-sidestart|p1: Sqlky|move: Stealth Rock
|
|upkeep
|turn|10
|
|t:|1776084046
|move|p1a: Great Tusk|Stealth Rock|p2a: Ting-Lu
|-sidestart|p2: clouddaearth|move: Stealth Rock
|move|p2a: Ting-Lu|Earthquake|p1a: Great Tusk
|-damage|p1a: Great Tusk|28/100
|
|upkeep
|turn|11
|
|t:|1776084055
|move|p1a: Great Tusk|Rapid Spin|p2a: Ting-Lu
|-damage|p2a: Ting-Lu|31/100
|-boost|p1a: Great Tusk|spe|1
|-damage|p1a: Great Tusk|12/100|[from] item: Rocky Helmet|[of] p2a: Ting-Lu
|-sideend|p1: Sqlky|Stealth Rock|[from] move: Rapid Spin|[of] p1a: Great Tusk
|move|p2a: Ting-Lu|Earthquake|p1a: Great Tusk
|-damage|p1a: Great Tusk|0 fnt
|faint|p1a: Great Tusk
|-end|p1a: Great Tusk|Protosynthesis|[silent]
|
|upkeep
|
|t:|1776084064
|switch|p1a: Queen|Iron Valiant|100/100
|-enditem|p1a: Queen|Booster Energy
|-activate|p1a: Queen|ability: Quark Drive|[fromitem]
|-start|p1a: Queen|quarkdrivespe
|turn|12
|
|t:|1776084079
|move|p1a: Queen|Moonblast|p2a: Ting-Lu
|-supereffective|p2a: Ting-Lu
|-damage|p2a: Ting-Lu|0 fnt
|faint|p2a: Ting-Lu
|
|upkeep
|
|t:|1776084081
|switch|p2a: Toxapex|Toxapex, M|50/100
|-damage|p2a: Toxapex|38/100|[from] Stealth Rock
|turn|13
|
|t:|1776084087
|switch|p2a: Cinderace|Cinderace, M|100/100
|move|p1a: Queen|Shadow Ball|p2a: Cinderace
|-damage|p2a: Cinderace|64/100
|
|upkeep
|turn|14
|
|t:|1776084095
|move|p1a: Queen|Calm Mind|p1a: Queen
|-boost|p1a: Queen|spa|1
|-boost|p1a: Queen|spd|1
|move|p2a: Cinderace|U-turn|p1a: Queen
|-start|p2a: Cinderace|typechange|Bug|[from] ability: Libero
|-resisted|p1a: Queen
|-damage|p1a: Queen|90/100
|
|t:|1776084098
|switch|p2a: Toxapex|Toxapex, M|71/100|[from] U-turn
|-damage|p2a: Toxapex|59/100|[from] Stealth Rock
|
|-heal|p2a: Toxapex|65/100|[from] item: Black Sludge
|upkeep
|turn|15
|
|t:|1776084108
|move|p1a: Queen|Shadow Ball|p2a: Toxapex
|-damage|p2a: Toxapex|33/100
|move|p2a: Toxapex|Toxic|p1a: Queen
|-status|p1a: Queen|tox
|
|-heal|p2a: Toxapex|39/100|[from] item: Black Sludge
|-damage|p1a: Queen|84/100 tox|[from] psn
|upkeep
|turn|16
|
|t:|1776084118
|move|p2a: Toxapex|Baneful Bunker|p2a: Toxapex
|-singleturn|p2a: Toxapex|move: Protect
|move|p1a: Queen|Encore|p2a: Toxapex
|-activate|p2a: Toxapex|move: Protect
|
|-heal|p2a: Toxapex|46/100|[from] item: Black Sludge
|-damage|p1a: Queen|72/100 tox|[from] psn
|upkeep
|turn|17
|
|t:|1776084127
|move|p1a: Queen|Calm Mind|p1a: Queen
|-boost|p1a: Queen|spa|1
|-boost|p1a: Queen|spd|1
|move|p2a: Toxapex|Infestation|p1a: Queen
|-resisted|p1a: Queen
|-damage|p1a: Queen|71/100 tox
|-activate|p1a: Queen|move: Infestation|[of] p2a: Toxapex
|
|-heal|p2a: Toxapex|52/100|[from] item: Black Sludge
|-damage|p1a: Queen|52/100 tox|[from] psn
|-damage|p1a: Queen|40/100 tox|[from] move: Infestation|[partiallytrapped]
|upkeep
|turn|18
|
|t:|1776084138
|move|p2a: Toxapex|Baneful Bunker|p2a: Toxapex
|-singleturn|p2a: Toxapex|move: Protect
|move|p1a: Queen|Calm Mind|p1a: Queen
|-boost|p1a: Queen|spa|1
|-boost|p1a: Queen|spd|1
|
|-heal|p2a: Toxapex|58/100|[from] item: Black Sludge
|-damage|p1a: Queen|15/100 tox|[from] psn
|-damage|p1a: Queen|3/100 tox|[from] move: Infestation|[partiallytrapped]
|upkeep
|turn|19
|
|t:|1776084148
|move|p2a: Toxapex|Baneful Bunker||[still]
|-fail|p2a: Toxapex
|move|p1a: Queen|Shadow Ball|p2a: Toxapex
|-damage|p2a: Toxapex|2/100
|
|-heal|p2a: Toxapex|8/100|[from] item: Black Sludge
|-damage|p1a: Queen|0 fnt|[from] psn
|faint|p1a: Queen
|-end|p1a: Queen|Quark Drive|[silent]
|upkeep
|
|t:|1776084163
|switch|p1a: Raging Goat|Raging Bolt|100/100
|turn|20
|
|t:|1776084168
|move|p2a: Toxapex|Baneful Bunker|p2a: Toxapex
|-singleturn|p2a: Toxapex|move: Protect
|move|p1a: Raging Goat|Thunderbolt|p2a: Toxapex
|-activate|p2a: Toxapex|move: Protect
|
|-heal|p2a: Toxapex|15/100|[from] item: Black Sludge
|upkeep
|turn|21
|
|t:|1776084182
|switch|p2a: Cinderace|Cinderace, M|64/100
|move|p1a: Raging Goat|Dragon Pulse|p2a: Cinderace
|-damage|p2a: Cinderace|0 fnt
|faint|p2a: Cinderace
|
|upkeep
|
|t:|1776084187
|switch|p2a: Pawmot|Pawmot, F|100/100
|-damage|p2a: Pawmot|94/100|[from] Stealth Rock
|turn|22
|
|t:|1776084196
|move|p2a: Pawmot|Ice Punch|p1a: Raging Goat
|-supereffective|p1a: Raging Goat
|-damage|p1a: Raging Goat|48/100
|move|p1a: Raging Goat|Dragon Pulse|p2a: Pawmot
|-damage|p2a: Pawmot|4/100
|
|upkeep
|turn|23
|
|t:|1776084203
|-end|p1a: Raging Goat|Protosynthesis|[silent]
|switch|p1a: Swaggot|Ceruledge, M|84/100
|move|p2a: Pawmot|Ice Punch|p1a: Swaggot
|-resisted|p1a: Swaggot
|-crit|p1a: Swaggot
|-damage|p1a: Swaggot|54/100
|-ability|p1a: Swaggot|Weak Armor|boost
|-unboost|p1a: Swaggot|def|1
|-boost|p1a: Swaggot|spe|2
|
|upkeep
|turn|24
|
|t:|1776084213
|switch|p2a: Toxapex|Toxapex, M|48/100
|-damage|p2a: Toxapex|35/100|[from] Stealth Rock
|move|p1a: Swaggot|Shadow Sneak|p2a: Toxapex
|-damage|p2a: Toxapex|22/100
|
|-heal|p2a: Toxapex|28/100|[from] item: Black Sludge
|upkeep
|turn|25
|
|t:|1776084219
|switch|p2a: Pawmot|Pawmot, F|4/100
|-damage|p2a: Pawmot|0 fnt|[from] Stealth Rock
|faint|p2a: Pawmot
|move|p1a: Swaggot|Poltergeist|p2: Pawmot|[notarget]
|-fail|p1a: Swaggot
|
|upkeep
|
|t:|1776084226
|switch|p2a: Toxapex|Toxapex, M|62/100
|-damage|p2a: Toxapex|49/100|[from] Stealth Rock
|turn|26
|
|t:|1776084236
|move|p2a: Toxapex|Baneful Bunker|p2a: Toxapex
|-singleturn|p2a: Toxapex|move: Protect
|move|p1a: Swaggot|Poltergeist|p2a: Toxapex
|-activate|p2a: Toxapex|move: Protect
|
|-heal|p2a: Toxapex|55/100|[from] item: Black Sludge
|upkeep
|turn|27
|
|t:|1776084245
|move|p1a: Swaggot|Poltergeist|p2a: Toxapex
|-activate|p2a: Toxapex|move: Poltergeist|Black Sludge
|-damage|p2a: Toxapex|21/100
|move|p2a: Toxapex|Toxic|p1a: Swaggot
|-status|p1a: Swaggot|tox
|
|-heal|p2a: Toxapex|27/100|[from] item: Black Sludge
|-damage|p1a: Swaggot|48/100 tox|[from] psn
|upkeep
|turn|28
|
|t:|1776084255
|move|p1a: Swaggot|Swords Dance|p1a: Swaggot
|-boost|p1a: Swaggot|atk|2
|move|p2a: Toxapex|Infestation|p1a: Swaggot
|-resisted|p1a: Swaggot
|-damage|p1a: Swaggot|48/100 tox
|-activate|p1a: Swaggot|move: Infestation|[of] p2a: Toxapex
|
|-heal|p2a: Toxapex|33/100|[from] item: Black Sludge
|-damage|p1a: Swaggot|35/100 tox|[from] psn
|-damage|p1a: Swaggot|23/100 tox|[from] move: Infestation|[partiallytrapped]
|upkeep
|turn|29
|
|t:|1776084266
|move|p2a: Toxapex|Baneful Bunker|p2a: Toxapex
|-singleturn|p2a: Toxapex|move: Protect
|move|p1a: Swaggot|Shadow Sneak|p2a: Toxapex
|-activate|p2a: Toxapex|move: Protect
|
|-heal|p2a: Toxapex|40/100|[from] item: Black Sludge
|-damage|p1a: Swaggot|4/100 tox|[from] psn
|-damage|p1a: Swaggot|0 fnt|[from] move: Infestation|[partiallytrapped]
|faint|p1a: Swaggot
|upkeep
|
|t:|1776084268
|switch|p1a: Big man|Kingambit, M|100/100
|-activate|p1a: Big man|ability: Supreme Overlord
|-start|p1a: Big man|fallen4|[silent]
|turn|30
|
|t:|1776084287
|move|p1a: Big man|Swords Dance|p1a: Big man
|-boost|p1a: Big man|atk|2
|move|p2a: Toxapex|Infestation|p1a: Big man
|-damage|p1a: Big man|97/100
|-activate|p1a: Big man|move: Infestation|[of] p2a: Toxapex
|
|-heal|p1a: Big man|100/100|[from] item: Leftovers
|-heal|p2a: Toxapex|46/100|[from] item: Black Sludge
|-damage|p1a: Big man|88/100|[from] move: Infestation|[partiallytrapped]
|upkeep
|turn|31
|
|t:|1776084293
|move|p1a: Big man|Kowtow Cleave|p2a: Toxapex
|-damage|p2a: Toxapex|0 fnt
|faint|p2a: Toxapex
|
|-heal|p1a: Big man|94/100|[from] item: Leftovers
|-end|p1a: Big man|Infestation|[partiallytrapped]|[silent]
|upkeep
|inactive|clouddaearth has 120 seconds left.
|inactive|clouddaearth has 90 seconds left.
|
|t:|1776084358
|switch|p2a: Polteageist|Polteageist-Antique|100/100
|-damage|p2a: Polteageist|88/100|[from] Stealth Rock
|turn|32
|inactive|clouddaearth has 90 seconds left.
|
|t:|1776084368
|-terastallize|p2a: Polteageist|Ghost
|move|p1a: Big man|Sucker Punch||[still]
|-fail|p1a: Big man
|move|p2a: Polteageist|Shell Smash|p2a: Polteageist
|-unboost|p2a: Polteageist|def|1
|-unboost|p2a: Polteageist|spd|1
|-boost|p2a: Polteageist|atk|2
|-boost|p2a: Polteageist|spa|2
|-boost|p2a: Polteageist|spe|2
|
|-heal|p1a: Big man|100/100|[from] item: Leftovers
|upkeep
|turn|33
|inactive|clouddaearth has 90 seconds left.
|
|t:|1776084380
|move|p1a: Big man|Sucker Punch||[still]
|-fail|p1a: Big man
|move|p2a: Polteageist|Shell Smash|p2a: Polteageist
|-unboost|p2a: Polteageist|def|1
|-unboost|p2a: Polteageist|spd|1
|-boost|p2a: Polteageist|atk|2
|-boost|p2a: Polteageist|spa|2
|-boost|p2a: Polteageist|spe|2
|
|upkeep
|turn|34
|
|t:|1776084384
|move|p1a: Big man|Sucker Punch||[still]
|-fail|p1a: Big man
|move|p2a: Polteageist|Shell Smash|p2a: Polteageist
|-unboost|p2a: Polteageist|def|1
|-unboost|p2a: Polteageist|spd|1
|-boost|p2a: Polteageist|atk|2
|-boost|p2a: Polteageist|spa|2
|-boost|p2a: Polteageist|spe|2
|
|upkeep
|turn|35
|
|t:|1776084388
|move|p1a: Big man|Sucker Punch||[still]
|-fail|p1a: Big man
|move|p2a: Polteageist|Shell Smash|p2a: Polteageist
|-unboost|p2a: Polteageist|def|1
|-unboost|p2a: Polteageist|spd|1
|-boost|p2a: Polteageist|atk|0
|-boost|p2a: Polteageist|spa|0
|-boost|p2a: Polteageist|spe|0
|
|upkeep
|turn|36
|
|t:|1776084392
|move|p1a: Big man|Sucker Punch||[still]
|-fail|p1a: Big man
|move|p2a: Polteageist|Shell Smash|p2a: Polteageist
|-unboost|p2a: Polteageist|def|1
|-unboost|p2a: Polteageist|spd|1
|-boost|p2a: Polteageist|atk|0
|-boost|p2a: Polteageist|spa|0
|-boost|p2a: Polteageist|spe|0
|
|upkeep
|turn|37
|
|t:|1776084395
|move|p2a: Polteageist|Giga Drain|p1a: Big man
|-resisted|p1a: Big man
|-damage|p1a: Big man|38/100
|-heal|p2a: Polteageist|100/100|[from] drain|[of] p1a: Big man
|move|p1a: Big man|Kowtow Cleave|p2a: Polteageist
|-supereffective|p2a: Polteageist
|-enditem|p2a: Polteageist|Focus Sash
|-damage|p2a: Polteageist|1/100
|-ability|p2a: Polteageist|Weak Armor|boost
|-unboost|p2a: Polteageist|def|1
|
|-heal|p1a: Big man|44/100|[from] item: Leftovers
|upkeep
|turn|38
|
|t:|1776084407
|move|p1a: Big man|Sucker Punch||[still]
|-fail|p1a: Big man
|move|p2a: Polteageist|Shell Smash|p2a: Polteageist
|-unboost|p2a: Polteageist|def|0
|-unboost|p2a: Polteageist|spd|1
|-boost|p2a: Polteageist|atk|0
|-boost|p2a: Polteageist|spa|0
|-boost|p2a: Polteageist|spe|0
|
|-heal|p1a: Big man|51/100|[from] item: Leftovers
|upkeep
|turn|39
|
|t:|1776084412
|move|p1a: Big man|Sucker Punch||[still]
|-fail|p1a: Big man
|move|p2a: Polteageist|Shell Smash|p2a: Polteageist
|-unboost|p2a: Polteageist|def|0
|-unboost|p2a: Polteageist|spd|0
|-boost|p2a: Polteageist|atk|0
|-boost|p2a: Polteageist|spa|0
|-boost|p2a: Polteageist|spe|0
|
|-heal|p1a: Big man|57/100|[from] item: Leftovers
|upkeep
|turn|40
|
|t:|1776084416
|move|p2a: Polteageist|Giga Drain|p1a: Big man
|-resisted|p1a: Big man
|-damage|p1a: Big man|0 fnt
|-heal|p2a: Polteageist|38/100|[from] drain|[of] p1a: Big man
|faint|p1a: Big man
|-end|p1a: Big man|fallen4|[silent]
|
|upkeep
|
|t:|1776084419
|switch|p1a: Raging Goat|Raging Bolt|48/100
|turn|41
|
|t:|1776084427
|move|p1a: Raging Goat|Thunderclap|p2a: Polteageist
|-damage|p2a: Polteageist|0 fnt
|faint|p2a: Polteageist
|
|win|Sqlky
|raw|Sqlky's rating: 1469 &rarr; <strong>1487</strong><br />(+18 for winning)
|raw|clouddaearth's rating: 1427 &rarr; <strong>1409</strong><br />(-18 for losing)
|c|☆Sqlky|Lol
|c|☆Sqlky|gg
|l|☆Sqlky
|player|p1|
|l|☆clouddaearth
|player|p2|
