|html|<div class="broadcast-blue"><strong>[Gen 9] OU is currently suspecting Tera Blast! For information on how to participate check out the <a href="https://www.smogon.com/tools/suspects/view/200">suspect thread</a>.</strong></div>
|j|☆Estreul
|j|☆I buy roblox items
|t:|1776059397
|gametype|singles
|player|p1|Estreul|lucas|1476
|player|p2|I buy roblox items|gentleman-gen1|1549
|gen|9
|tier|[Gen 9] OU
|rated|
|rule|HP Percentage Mod: HP is shown in percentages
|rule|Endless Battle Clause: Forcing endless battles is banned
|rule|Species Clause: Limit one of each Pokémon
|rule|OHKO Clause: OHKO moves are banned
|rule|Evasion Items Clause: Evasion items are banned
|rule|Evasion Moves Clause: Evasion moves are banned
|rule|Evasion Abilities Clause: Evasion abilities are banned
|rule|Sleep Moves Clause: Sleep-inducing moves are banned
|clearpoke
|poke|p1|Hoopa-Unbound|
|poke|p1|Landorus-Therian, M|
|poke|p1|Kyurem|
|poke|p1|Alomomola, F|
|poke|p1|Weezing-Galar, F|
|poke|p1|Zamazenta-*|
|poke|p2|Entei|
|poke|p2|Kyurem|
|poke|p2|Zamazenta-*|
|poke|p2|Quaquaval, F|
|poke|p2|Muk-Alola, M|
|poke|p2|Ceruledge, F|
|teampreview
|inactive|Battle timer is ON: inactive players will automatically lose when time's up. (requested by I buy roblox items)
|inactive|Estreul also wants the timer to be on.
|
|t:|1776059418
|teamsize|p1|6
|teamsize|p2|6
|start
|switch|p1a: Landorus|Landorus-Therian, M|100/100
|switch|p2a: Entei|Entei|100/100
|-ability|p2a: Entei|Pressure
|-ability|p1a: Landorus|Intimidate|boost
|-unboost|p2a: Entei|atk|1
|turn|1
|
|t:|1776059423
|move|p2a: Entei|Sacred Fire|p1a: Landorus
|-damage|p1a: Landorus|69/100
|move|p1a: Landorus|Earthquake|p2a: Entei
|-supereffective|p2a: Entei
|-damage|p2a: Entei|0 fnt
|faint|p2a: Entei
|
|upkeep
|
|t:|1776059429
|switch|p2a: 🥢🆙🎣|Kyurem|100/100
|-ability|p2a: 🥢🆙🎣|Pressure
|turn|2
|
|t:|1776059436
|switch|p1a: Hoopa|Hoopa-Unbound|100/100
|move|p2a: 🥢🆙🎣|Substitute|p2a: 🥢🆙🎣
|-start|p2a: 🥢🆙🎣|Substitute
|-damage|p2a: 🥢🆙🎣|76/100
|
|-heal|p2a: 🥢🆙🎣|82/100|[from] item: Leftovers
|upkeep
|turn|3
|
|t:|1776059440
|move|p2a: 🥢🆙🎣|Dragon Dance|p2a: 🥢🆙🎣
|-boost|p2a: 🥢🆙🎣|atk|1
|-boost|p2a: 🥢🆙🎣|spe|1
|move|p1a: Hoopa|Psychic Noise|p2a: 🥢🆙🎣
|-damage|p2a: 🥢🆙🎣|41/100
|-start|p2a: 🥢🆙🎣|move: Heal Block
|
|upkeep
|turn|4
|inactive|Estreul has 120 seconds left.
|
|t:|1776059474
|move|p2a: 🥢🆙🎣|Icicle Spear|p1a: Hoopa
|-damage|p1a: Hoopa|82/100
|-damage|p1a: Hoopa|63/100
|-hitcount|p1a: Hoopa|2
|move|p1a: Hoopa|Psychic Noise|p2a: 🥢🆙🎣
|-damage|p2a: 🥢🆙🎣|1/100
|
|-end|p2a: 🥢🆙🎣|move: Heal Block
|upkeep
|turn|5
|
|t:|1776059485
|move|p2a: 🥢🆙🎣|Protect|p2a: 🥢🆙🎣
|-singleturn|p2a: 🥢🆙🎣|Protect
|move|p1a: Hoopa|Psychic Noise|p2a: 🥢🆙🎣
|-activate|p2a: 🥢🆙🎣|move: Protect
|
|-heal|p2a: 🥢🆙🎣|7/100|[from] item: Leftovers
|upkeep
|turn|6
|
|t:|1776059487
|move|p2a: 🥢🆙🎣|Icicle Spear|p1a: Hoopa
|-damage|p1a: Hoopa|44/100
|-damage|p1a: Hoopa|26/100
|-damage|p1a: Hoopa|7/100
|-damage|p1a: Hoopa|0 fnt
|faint|p1a: Hoopa
|-hitcount|p1: Hoopa|4
|
|-heal|p2a: 🥢🆙🎣|13/100|[from] item: Leftovers
|upkeep
|inactive|Estreul has 120 seconds left.
|
|t:|1776059509
|switch|p1a: Zamazenta|Zamazenta|100/100
|-ability|p1a: Zamazenta|Dauntless Shield|boost
|-boost|p1a: Zamazenta|def|1
|turn|7
|
|t:|1776059519
|move|p2a: 🥢🆙🎣|Icicle Spear|p1a: Zamazenta
|-damage|p1a: Zamazenta|92/100
|-damage|p1a: Zamazenta|84/100
|-damage|p1a: Zamazenta|76/100
|-damage|p1a: Zamazenta|68/100
|-hitcount|p1a: Zamazenta|4
|move|p1a: Zamazenta|Iron Defense|p1a: Zamazenta
|-boost|p1a: Zamazenta|def|2
|
|-heal|p2a: 🥢🆙🎣|19/100|[from] item: Leftovers
|-heal|p1a: Zamazenta|74/100|[from] item: Leftovers
|upkeep
|turn|8
|
|t:|1776059528
|move|p2a: 🥢🆙🎣|Protect|p2a: 🥢🆙🎣
|-singleturn|p2a: 🥢🆙🎣|Protect
|move|p1a: Zamazenta|Iron Defense|p1a: Zamazenta
|-boost|p1a: Zamazenta|def|2
|
|-heal|p2a: 🥢🆙🎣|26/100|[from] item: Leftovers
|-heal|p1a: Zamazenta|80/100|[from] item: Leftovers
|upkeep
|turn|9
|
|t:|1776059534
|move|p2a: 🥢🆙🎣|Icicle Spear|p1a: Zamazenta
|-damage|p1a: Zamazenta|76/100
|-damage|p1a: Zamazenta|73/100
|-damage|p1a: Zamazenta|69/100
|-damage|p1a: Zamazenta|65/100
|-damage|p1a: Zamazenta|62/100
|-hitcount|p1a: Zamazenta|5
|move|p1a: Zamazenta|Roar|p2a: 🥢🆙🎣
|drag|p2a: Muk|Muk-Alola, M|100/100
|
|-heal|p1a: Zamazenta|68/100|[from] item: Leftovers
|upkeep
|turn|10
|
|t:|1776059550
|-terastallize|p2a: Muk|Flying
|move|p1a: Zamazenta|Body Press|p2a: Muk
|-resisted|p2a: Muk
|-damage|p2a: Muk|35/100
|move|p2a: Muk|Knock Off|p1a: Zamazenta
|-resisted|p1a: Zamazenta
|-damage|p1a: Zamazenta|63/100
|-enditem|p1a: Zamazenta|Leftovers|[from] move: Knock Off|[of] p2a: Muk
|
|-heal|p2a: Muk|41/100|[from] item: Leftovers
|upkeep
|turn|11
|
|t:|1776059556
|move|p1a: Zamazenta|Body Press|p2a: Muk
|-resisted|p2a: Muk
|-damage|p2a: Muk|0 fnt
|faint|p2a: Muk
|
|upkeep
|
|t:|1776059563
|switch|p2a: Zamazenta|Zamazenta|100/100
|-ability|p2a: Zamazenta|Dauntless Shield|boost
|-boost|p2a: Zamazenta|def|1
|turn|12
|
|t:|1776059568
|move|p2a: Zamazenta|Body Press|p1a: Zamazenta
|-damage|p1a: Zamazenta|53/100
|move|p1a: Zamazenta|Body Press|p2a: Zamazenta
|-damage|p2a: Zamazenta|40/100
|
|-heal|p2a: Zamazenta|46/100|[from] item: Leftovers
|upkeep
|turn|13
|
|t:|1776059571
|move|p2a: Zamazenta|Iron Defense|p2a: Zamazenta
|-boost|p2a: Zamazenta|def|2
|move|p1a: Zamazenta|Body Press|p2a: Zamazenta
|-damage|p2a: Zamazenta|14/100
|
|-heal|p2a: Zamazenta|20/100|[from] item: Leftovers
|upkeep
|turn|14
|
|t:|1776059574
|move|p2a: Zamazenta|Body Press|p1a: Zamazenta
|-damage|p1a: Zamazenta|34/100
|move|p1a: Zamazenta|Body Press|p2a: Zamazenta
|-damage|p2a: Zamazenta|0 fnt
|faint|p2a: Zamazenta
|
|upkeep
|
|t:|1776059578
|switch|p2a: Ceruledge|Ceruledge, F|100/100
|turn|15
|
|t:|1776059583
|move|p1a: Zamazenta|Crunch|p2a: Ceruledge
|-supereffective|p2a: Ceruledge
|-damage|p2a: Ceruledge|52/100
|move|p2a: Ceruledge|Bitter Blade|p1a: Zamazenta
|-damage|p1a: Zamazenta|26/100
|-heal|p2a: Ceruledge|57/100|[from] drain|[of] p1a: Zamazenta
|
|upkeep
|turn|16
|
|t:|1776059588
|move|p1a: Zamazenta|Crunch|p2a: Ceruledge
|-supereffective|p2a: Ceruledge
|-damage|p2a: Ceruledge|8/100
|move|p2a: Ceruledge|Bitter Blade|p1a: Zamazenta
|-damage|p1a: Zamazenta|19/100
|-heal|p2a: Ceruledge|12/100|[from] drain|[of] p1a: Zamazenta
|
|upkeep
|turn|17
|
|t:|1776059591
|move|p2a: Ceruledge|Shadow Sneak|p1a: Zamazenta
|-damage|p1a: Zamazenta|15/100
|move|p1a: Zamazenta|Crunch|p2a: Ceruledge
|-supereffective|p2a: Ceruledge
|-damage|p2a: Ceruledge|0 fnt
|faint|p2a: Ceruledge
|
|upkeep
|
|t:|1776059593
|switch|p2a: Quaquaval|Quaquaval, F|100/100
|turn|18
|
|t:|1776059597
|move|p1a: Zamazenta|Body Press|p2a: Quaquaval
|-crit|p2a: Quaquaval
|-damage|p2a: Quaquaval|0 fnt
|faint|p2a: Quaquaval
|
|upkeep
|
|t:|1776059599
|switch|p2a: 🥢🆙🎣|Kyurem|26/100
|-ability|p2a: 🥢🆙🎣|Pressure
|turn|19
|
|t:|1776059600
|move|p1a: Zamazenta|Body Press|p2a: 🥢🆙🎣
|-supereffective|p2a: 🥢🆙🎣
|-damage|p2a: 🥢🆙🎣|0 fnt
|faint|p2a: 🥢🆙🎣
|
|win|Estreul
|raw|Estreul's rating: 1476 &rarr; <strong>1500</strong><br />(+24 for winning)
|raw|I buy roblox items's rating: 1549 &rarr; <strong>1525</strong><br />(-24 for losing)
|l|☆I buy roblox items
|player|p2|
|l|☆Estreul
|player|p1|
