|j|☆ledealerderamoloss
|j|☆Mishsire
|inactive|Battle timer is ON: inactive players will automatically lose when time's up.
|t:|1776215692
|gametype|singles
|player|p1|ledealerderamoloss|lance-gen2|
|player|p2|Mishsire|chili|
|gen|9
|tier|[Gen 9] OU
|rated|Tournament battle
|rule|HP Percentage Mod: HP is shown in percentages
|rule|Endless Battle Clause: Forcing endless battles is banned
|rule|Species Clause: Limit one of each Pokémon
|rule|OHKO Clause: OHKO moves are banned
|rule|Evasion Items Clause: Evasion items are banned
|rule|Evasion Moves Clause: Evasion moves are banned
|rule|Evasion Abilities Clause: Evasion abilities are banned
|rule|Sleep Moves Clause: Sleep-inducing moves are banned
|rule|Item Clause: Limit 1 of each item
|raw|<div class="infobox"><details class="readmore"><summary><strong>60 custom rules:</strong></summary> -allitems, +blackbelt, +blackglasses, +brightpowder, +charcoal, +choicescarf, +dragonfang, +fairyfeather, +focusband, +focussash, +hardstone, +kingsrock, +leftovers, +lightball, +magnet, +mentalherb, +metalcoat, +miracleseed, +mysticwater, +nevermeltice, +poisonbarb, +quickclaw, +scopelens, +sharpbeak, +shellbell, +silkscarf, +silverpowder, +softsand, +spelltag, +twistedspoon, +whiteherb, +aspearberry, +babiriberry, +chartiberry, +cheriberry, +chestoberry, +chilanberry, +chopleberry, +cobaberry, +colburberry, +habanberry, +kasibberry, +kebiaberry, +leppaberry, +lumberry, +occaberry, +oranberry, +passhoberry, +payapaberry, +pechaberry, +persimberry, +rawstberry, +rindoberry, +roseliberry, +shucaberry, +sitrusberry, +tangaberry, +wacanberry, +yacheberry, Item Clause = 1</details></div>
|clearpoke
|poke|p1|Sinistcha|
|poke|p1|Tyranitar, F|
|poke|p1|Excadrill, F|
|poke|p1|Scizor, M|
|poke|p1|Tornadus-Therian, M|
|poke|p1|Ting-Lu|
|poke|p2|Slither Wing|
|poke|p2|Gholdengo|
|poke|p2|Meowscarada, F|
|poke|p2|Slowking-Galar, M|
|poke|p2|Alomomola, M|
|poke|p2|Great Tusk|
|teampreview
|j| i am a dirt
|c|☆Mishsire|glhf
|j| thegrindto2000dez
|c|☆ledealerderamoloss|u2
|j| Santino655
|
|t:|1776215707
|teamsize|p1|6
|teamsize|p2|6
|start
|switch|p1a: Tornadus|Tornadus-Therian, M|100/100
|switch|p2a: Meowscarada|Meowscarada, F|100/100
|turn|1
|
|t:|1776215715
|switch|p1a: Scizor|Scizor, M|100/100
|move|p2a: Meowscarada|Triple Axel|p1a: Scizor
|-start|p2a: Meowscarada|typechange|Ice|[from] ability: Protean
|-resisted|p1a: Scizor
|-damage|p1a: Scizor|96/100
|-resisted|p1a: Scizor
|-damage|p1a: Scizor|86/100
|-resisted|p1a: Scizor
|-damage|p1a: Scizor|70/100
|-hitcount|p1a: Scizor|3
|
|upkeep
|turn|2
|j| Victory Victreebel
|
|t:|1776215725
|switch|p2a: Alomomola|Alomomola, M|100/100
|move|p1a: Scizor|U-turn|p2a: Alomomola
|-crit|p2a: Alomomola
|-damage|p2a: Alomomola|68/100
|
|t:|1776215733
|switch|p1a: Sinistcha|Sinistcha|100/100|[from] U-turn
|
|upkeep
|turn|3
|j| yomaalt
|
|t:|1776215741
|switch|p2a: Slowking|Slowking-Galar, M|100/100
|move|p1a: Sinistcha|Matcha Gotcha|p2a: Slowking
|-resisted|p2a: Slowking
|-damage|p2a: Slowking|91/100
|-status|p2a: Slowking|brn
|
|-damage|p2a: Slowking|85/100 brn|[from] brn
|upkeep
|turn|4
|
|t:|1776215750
|switch|p1a: Tyranitar|Tyranitar, F|100/100
|-weather|Sandstorm|[from] ability: Sand Stream|[of] p1a: Tyranitar
|move|p2a: Slowking|Toxic|p1a: Tyranitar
|-status|p1a: Tyranitar|tox
|
|-weather|Sandstorm|[upkeep]
|-damage|p2a: Slowking|79/100 brn|[from] Sandstorm
|-damage|p1a: Tyranitar|94/100 tox|[from] psn
|-damage|p2a: Slowking|73/100 brn|[from] brn
|upkeep
|turn|5
|
|t:|1776215760
|switch|p2a: Slither Wing|Slither Wing|100/100
|move|p1a: Tyranitar|Stealth Rock|p2a: Slither Wing
|-sidestart|p2: Mishsire|move: Stealth Rock
|
|-weather|Sandstorm|[upkeep]
|-damage|p2a: Slither Wing|94/100|[from] Sandstorm
|-heal|p2a: Slither Wing|100/100|[from] item: Leftovers
|-damage|p1a: Tyranitar|82/100 tox|[from] psn
|upkeep
|turn|6
|
|t:|1776215770
|switch|p1a: Tornadus|Tornadus-Therian, M|100/100
|move|p2a: Slither Wing|U-turn|p1a: Tornadus
|-resisted|p1a: Tornadus
|-damage|p1a: Tornadus|81/100
|j| the w1nd
|
|t:|1776215787
|-end|p2a: Slither Wing|Protosynthesis|[silent]
|switch|p2a: Slowking|Slowking-Galar, M|100/100 brn|[from] U-turn
|-damage|p2a: Slowking|88/100 brn|[from] Stealth Rock
|
|-weather|Sandstorm|[upkeep]
|-damage|p1a: Tornadus|75/100|[from] Sandstorm
|-damage|p2a: Slowking|82/100 brn|[from] Sandstorm
|-damage|p2a: Slowking|76/100 brn|[from] brn
|upkeep
|turn|7
|j| Cameltony000
|j|#UnovX
|
|t:|1776215795
|move|p1a: Tornadus|Knock Off|p2a: Slowking
|-supereffective|p2a: Slowking
|-crit|p2a: Slowking
|-damage|p2a: Slowking|19/100 brn
|-enditem|p2a: Slowking|Shuca Berry|[from] move: Knock Off|[of] p1a: Tornadus
|move|p2a: Slowking|Toxic|p1a: Tornadus
|-status|p1a: Tornadus|tox
|
|-weather|Sandstorm|[upkeep]
|-damage|p1a: Tornadus|69/100 tox|[from] Sandstorm
|-damage|p2a: Slowking|12/100 brn|[from] Sandstorm
|-damage|p1a: Tornadus|63/100 tox|[from] psn
|-damage|p2a: Slowking|6/100 brn|[from] brn
|upkeep
|turn|8
|l| Santino655
|j| TrentMercer
|
|t:|1776215820
|switch|p2a: Alomomola|Alomomola, M|100/100
|-damage|p2a: Alomomola|88/100|[from] Stealth Rock
|move|p1a: Tornadus|U-turn|p2a: Alomomola
|-damage|p2a: Alomomola|80/100
|
|t:|1776215825
|switch|p1a: Sinistcha|Sinistcha|100/100|[from] U-turn
|
|-weather|none
|upkeep
|turn|9
|
|t:|1776215837
|switch|p2a: Meowscarada|Meowscarada, F|100/100
|-damage|p2a: Meowscarada|88/100|[from] Stealth Rock
|move|p1a: Sinistcha|Shadow Ball|p2a: Meowscarada
|-resisted|p2a: Meowscarada
|-damage|p2a: Meowscarada|62/100
|
|upkeep
|turn|10
|l| i am a dirt
|
|t:|1776215847
|move|p2a: Meowscarada|Knock Off|p1a: Sinistcha
|-start|p2a: Meowscarada|typechange|Dark|[from] ability: Protean
|-supereffective|p1a: Sinistcha
|-damage|p1a: Sinistcha|43/100
|-enditem|p1a: Sinistcha|Leftovers|[from] move: Knock Off|[of] p2a: Meowscarada
|move|p1a: Sinistcha|Strength Sap|p2a: Meowscarada
|-unboost|p2a: Meowscarada|atk|1
|-heal|p1a: Sinistcha|100/100
|
|upkeep
|turn|11
|
|t:|1776215856
|move|p2a: Meowscarada|U-turn|p1a: Sinistcha
|-damage|p1a: Sinistcha|91/100
|
|t:|1776215859
|switch|p2a: Slowking|Slowking-Galar, M|40/100 brn|[from] U-turn
|-damage|p2a: Slowking|27/100 brn|[from] Stealth Rock
|move|p1a: Sinistcha|Matcha Gotcha|p2a: Slowking
|-resisted|p2a: Slowking
|-damage|p2a: Slowking|17/100 brn
|-heal|p1a: Sinistcha|96/100|[from] drain|[of] p2a: Slowking
|
|-damage|p2a: Slowking|11/100 brn|[from] brn
|upkeep
|turn|12
|
|t:|1776215881
|move|p1a: Sinistcha|Shadow Ball|p2a: Slowking
|-supereffective|p2a: Slowking
|-damage|p2a: Slowking|0 fnt
|faint|p2a: Slowking
|
|upkeep
|
|t:|1776215885
|switch|p2a: Great Tusk|Great Tusk|100/100
|-damage|p2a: Great Tusk|98/100|[from] Stealth Rock
|turn|13
|j| Tullpukuna
|
|t:|1776215890
|-terastallize|p2a: Great Tusk|Ice
|move|p2a: Great Tusk|Ice Spinner|p1a: Sinistcha
|-supereffective|p1a: Sinistcha
|-damage|p1a: Sinistcha|39/100
|move|p1a: Sinistcha|Strength Sap|p2a: Great Tusk
|-unboost|p2a: Great Tusk|atk|1
|-heal|p1a: Sinistcha|100/100
|
|upkeep
|turn|14
|l| the w1nd
|
|t:|1776215908
|move|p2a: Great Tusk|Stealth Rock|p1a: Sinistcha
|-sidestart|p1: ledealerderamoloss|move: Stealth Rock
|move|p1a: Sinistcha|Matcha Gotcha|p2a: Great Tusk
|-damage|p2a: Great Tusk|50/100
|-status|p2a: Great Tusk|brn
|-enditem|p2a: Great Tusk|Sitrus Berry|[eat]
|-heal|p2a: Great Tusk|75/100 brn|[from] item: Sitrus Berry
|
|-damage|p2a: Great Tusk|68/100 brn|[from] brn
|upkeep
|turn|15
|c|☆Mishsire|gg
|-message|Mishsire forfeited.
|
|win|ledealerderamoloss
|n|☆ledealerderamoloss|ledealerderamoloss
|n|☆Mishsire|mishsire
|n| thegrindto2000dez|thegrindto2000dez
|n| Victory Victreebel|victoryvictreebel
|n| yomaalt|yomaalt
|n| Cameltony000|cameltony000
|n|+UnovX|unovx
|n| TrentMercer|trentmercer
|n| Tullpukuna|tullpukuna
|l|☆Mishsire
|player|p2|
|c|☆ledealerderamoloss|wp
|c|☆ledealerderamoloss|gg
|l| thegrindto2000dez
|l|☆ledealerderamoloss
|player|p1|
|l| Tullpukuna
|l| TrentMercer
|l| Cameltony000
