|j|☆scald spamm
|j|☆6026_Dark
|inactive|Battle timer is ON: inactive players will automatically lose when time's up.
|t:|1776178986
|gametype|singles
|player|p1|scald spamm|wallace-masters|
|player|p2|6026_Dark|wulfric|
|gen|9
|tier|[Gen 9] OU
|rated|Tournament battle
|rule|HP Percentage Mod: HP is shown in percentages
|rule|Endless Battle Clause: Forcing endless battles is banned
|rule|Species Clause: Limit one of each Pokémon
|rule|OHKO Clause: OHKO moves are banned
|rule|Evasion Items Clause: Evasion items are banned
|rule|Evasion Moves Clause: Evasion moves are banned
|rule|Evasion Abilities Clause: Evasion abilities are banned
|rule|Sleep Moves Clause: Sleep-inducing moves are banned
|raw|<div class="infobox"><details class="readmore" open><summary><strong>1 custom rule:</strong></summary> -wobbuffet</details></div>
|clearpoke
|poke|p1|Arcanine-Hisui, F|
|poke|p1|Buizel, M|
|poke|p1|Diglett-Alola, F|
|poke|p1|Shroomish, F|
|poke|p2|Fletchinder, F|
|poke|p2|Ambipom, F|
|poke|p2|Quaxwell, F|
|poke|p2|Drakloak, M|
|teampreview
|j|*Lady Monita 
|inactive|scald spamm also wants the timer to be on.
|j| ghost rider 1708
|
|t:|1776179001
|teamsize|p1|4
|teamsize|p2|4
|start
|switch|p1a: Diglett|Diglett-Alola, F|100/100
|switch|p2a: Ambipom|Ambipom, F|100/100
|turn|1
|c| ghost rider 1708|go scald
|
|t:|1776179015
|move|p2a: Ambipom|Fake Out|p1a: Diglett
|-resisted|p1a: Diglett
|-damage|p1a: Diglett|34/100
|-ability|p1a: Diglett|Tangling Hair
|-unboost|p2a: Ambipom|spe|1
|cant|p1a: Diglett|flinch
|
|upkeep
|turn|2
|
|t:|1776179029
|switch|p2a: Drakloak|Drakloak, M|100/100
|move|p1a: Diglett|Earthquake|p2a: Drakloak
|-damage|p2a: Drakloak|59/100
|
|upkeep
|turn|3
|
|t:|1776179040
|move|p1a: Diglett|Stealth Rock|p2a: Drakloak
|-sidestart|p2: 6026_Dark|move: Stealth Rock
|move|p2a: Drakloak|Dragon Dance|p2a: Drakloak
|-boost|p2a: Drakloak|atk|1
|-boost|p2a: Drakloak|spe|1
|
|upkeep
|turn|4
|c| ghost rider 1708|sucker punch okho's
|
|t:|1776179051
|move|p1a: Diglett|Sucker Punch||[still]
|-fail|p1a: Diglett
|move|p2a: Drakloak|Will-O-Wisp|p1a: Diglett
|-status|p1a: Diglett|brn
|
|-damage|p1a: Diglett|28/100 brn|[from] brn
|upkeep
|turn|5
|
|t:|1776179062
|move|p2a: Drakloak|Phantom Force||[still]
|-prepare|p2a: Drakloak|Phantom Force
|move|p1a: Diglett|Earthquake|p2a: Drakloak|[miss]
|-miss|p1a: Diglett|p2a: Drakloak
|
|-damage|p1a: Diglett|22/100 brn|[from] brn
|upkeep
|turn|6
|
|t:|1776179069
|move|p2a: Drakloak|Phantom Force|p1a: Diglett|[from] lockedmove
|-damage|p1a: Diglett|0 fnt
|-ability|p1a: Diglett|Tangling Hair
|-unboost|p2a: Drakloak|spe|1
|faint|p1a: Diglett
|
|upkeep
|
|t:|1776179073
|switch|p1a: Arcanine|Arcanine-Hisui, F|100/100
|turn|7
|
|t:|1776179084
|move|p1a: Arcanine|Head Smash|p2a: Drakloak
|-damage|p2a: Drakloak|0 fnt
|faint|p2a: Drakloak
|
|upkeep
|
|t:|1776179098
|switch|p2a: Ambipom|Ambipom, F|100/100
|-damage|p2a: Ambipom|88/100|[from] Stealth Rock
|turn|8
|
|t:|1776179104
|switch|p1a: Shroomish|Shroomish, F|100/100
|move|p2a: Ambipom|Fake Out|p1a: Shroomish
|-damage|p1a: Shroomish|72/100
|-status|p2a: Ambipom|slp|[from] ability: Effect Spore|[of] p1a: Shroomish
|
|upkeep
|turn|9
|
|t:|1776179112
|switch|p1a: Arcanine|Arcanine-Hisui, F|100/100
|cant|p2a: Ambipom|slp
|
|upkeep
|turn|10
|
|t:|1776179117
|-curestatus|p2a: Ambipom|slp|[msg]
|move|p2a: Ambipom|Knock Off|p1a: Arcanine
|-damage|p1a: Arcanine|68/100
|-enditem|p1a: Arcanine|Silk Scarf|[from] move: Knock Off|[of] p2a: Ambipom
|move|p1a: Arcanine|Flare Blitz|p2a: Ambipom
|-damage|p2a: Ambipom|0 fnt
|faint|p2a: Ambipom
|
|upkeep
|
|t:|1776179124
|switch|p2a: Quaxwell|Quaxwell, F|100/100
|-damage|p2a: Quaxwell|88/100|[from] Stealth Rock
|turn|11
|j| Emdimd
|
|t:|1776179134
|-terastallize|p1a: Arcanine|Normal
|move|p1a: Arcanine|Head Smash|p2a: Quaxwell
|-damage|p2a: Quaxwell|17/100
|move|p2a: Quaxwell|Brave Bird|p1a: Arcanine
|-damage|p1a: Arcanine|23/100
|-damage|p2a: Quaxwell|3/100|[from] Recoil
|
|upkeep
|turn|12
|
|t:|1776179141
|move|p1a: Arcanine|Extreme Speed|p2a: Quaxwell
|-damage|p2a: Quaxwell|0 fnt
|faint|p2a: Quaxwell
|
|upkeep
|
|t:|1776179143
|switch|p2a: Fletchinder|Fletchinder, F|100/100
|-damage|p2a: Fletchinder|51/100|[from] Stealth Rock
|turn|13
|
|t:|1776179149
|move|p1a: Arcanine|Extreme Speed|p2a: Fletchinder
|-damage|p2a: Fletchinder|0 fnt
|faint|p2a: Fletchinder
|
|win|scald spamm
|n|☆scald spamm|scaldspamm
|n|☆6026_Dark|6026dark
|n|*Lady Monita |ladymonita
|n| ghost rider 1708|ghostrider1708
|n| Emdimd|emdimd
