|html|<div class="broadcast-blue"><strong>[Gen 9] OU is currently suspecting Volcarona! For information on how to participate check out the <a href="https://www.smogon.com/tools/suspects/view/208">suspect thread</a>.</strong></div>
|j|☆DeltaEcho7792
|j|☆newbiegurl
|t:|1778517593
|gametype|singles
|player|p1|DeltaEcho7792|265|1094
|player|p2|newbiegurl|pokekid|1096
|gen|9
|tier|[Gen 9] OU
|rated|
|rule|HP Percentage Mod: HP is shown in percentages
|rule|Endless Battle Clause: Forcing endless battles is banned
|rule|Species Clause: Limit one of each Pokémon
|rule|OHKO Clause: OHKO moves are banned
|rule|Evasion Items Clause: Evasion items are banned
|rule|Evasion Moves Clause: Evasion moves are banned
|rule|Evasion Abilities Clause: Evasion abilities are banned
|rule|Sleep Moves Clause: Sleep-inducing moves are banned
|clearpoke
|poke|p1|Glimmora, F|
|poke|p1|Iron Hands|
|poke|p1|Primarina, F|
|poke|p1|Moltres|
|poke|p1|Landorus-Therian, M|
|poke|p1|Darkrai|
|poke|p2|Toxtricity, F|
|poke|p2|Maushold|
|poke|p2|Mimikyu, F|
|poke|p2|Serperior, F|
|poke|p2|Scrafty, F|
|poke|p2|Lycanroc-Midnight, F|
|teampreview
|inactive|Battle timer is ON: inactive players will automatically lose when time's up. (requested by DeltaEcho7792)
|
|t:|1778517608
|teamsize|p1|6
|teamsize|p2|6
|start
|switch|p1a: Landorus|Landorus-Therian, M|100/100
|switch|p2a: Toxtricity|Toxtricity, F|100/100
|-ability|p1a: Landorus|Intimidate|boost
|-unboost|p2a: Toxtricity|atk|1
|turn|1
|
|t:|1778517620
|-terastallize|p2a: Toxtricity|Flying
|move|p1a: Landorus|Earthquake|p2a: Toxtricity
|-immune|p2a: Toxtricity
|move|p2a: Toxtricity|Boomburst|p1a: Landorus
|-damage|p1a: Landorus|26/100
|
|-damage|p2a: Toxtricity|88/100|[from] item: Black Sludge
|upkeep
|turn|2
|
|t:|1778517633
|switch|p1a: Iron Hands|Iron Hands, shiny|100/100
|move|p2a: Toxtricity|Boomburst|p1a: Iron Hands
|-damage|p1a: Iron Hands|63/100
|
|-damage|p2a: Toxtricity|76/100|[from] item: Black Sludge
|upkeep
|turn|3
|
|t:|1778517642
|move|p2a: Toxtricity|Drain Punch|p1a: Iron Hands
|-damage|p1a: Iron Hands|57/100
|-heal|p2a: Toxtricity|80/100|[from] drain|[of] p1a: Iron Hands
|move|p1a: Iron Hands|Ice Punch|p2a: Toxtricity
|-supereffective|p2a: Toxtricity
|-damage|p2a: Toxtricity|0 fnt
|faint|p2a: Toxtricity
|
|upkeep
|
|t:|1778517659
|switch|p2a: Mimikyu|Mimikyu, F, shiny|100/100
|turn|4
|
|t:|1778517663
|move|p2a: Mimikyu|Play Rough|p1a: Iron Hands
|-supereffective|p1a: Iron Hands
|-damage|p1a: Iron Hands|0 fnt
|faint|p1a: Iron Hands
|-end|p1a: Iron Hands|Quark Drive|[silent]
|-damage|p2a: Mimikyu|91/100|[from] item: Life Orb
|
|upkeep
|
|t:|1778517674
|switch|p1a: Landorus|Landorus-Therian, M|26/100
|-ability|p1a: Landorus|Intimidate|boost
|-unboost|p2a: Mimikyu|atk|1
|turn|5
|
|t:|1778517685
|move|p2a: Mimikyu|Play Rough|p1a: Landorus
|-damage|p1a: Landorus|0 fnt
|faint|p1a: Landorus
|-damage|p2a: Mimikyu|81/100|[from] item: Life Orb
|
|upkeep
|
|t:|1778517692
|switch|p1a: Glimmora|Glimmora, F, shiny|100/100
|turn|6
|
|t:|1778517702
|move|p2a: Mimikyu|Curse|p1a: Glimmora
|-start|p1a: Glimmora|Curse|[of] p2a: Mimikyu
|-damage|p2a: Mimikyu|31/100
|move|p1a: Glimmora|Sludge Bomb|p2a: Mimikyu
|-activate|p2a: Mimikyu|ability: Disguise
|-damage|p2a: Mimikyu|31/100
|detailschange|p2a: Mimikyu|Mimikyu-Busted, F, shiny
|-damage|p2a: Mimikyu|18/100|[from] pokemon: Mimikyu-Busted
|
|-damage|p1a: Glimmora|76/100|[from] Curse
|upkeep
|turn|7
|
|t:|1778517717
|switch|p2a: Scrafty|Scrafty, F|100/100
|move|p1a: Glimmora|Sludge Bomb|p2a: Scrafty
|-damage|p2a: Scrafty|55/100
|
|-damage|p1a: Glimmora|51/100|[from] Curse
|upkeep
|turn|8
|
|t:|1778517728
|move|p1a: Glimmora|Sludge Bomb|p2a: Scrafty
|-damage|p2a: Scrafty|9/100
|move|p2a: Scrafty|Dragon Pulse|p1a: Glimmora
|-damage|p1a: Glimmora|36/100
|
|-damage|p1a: Glimmora|11/100|[from] Curse
|upkeep
|turn|9
|
|t:|1778517738
|switch|p2a: Lycanroc|Lycanroc-Midnight, F, shiny|100/100
|move|p1a: Glimmora|Sludge Bomb|p2a: Lycanroc
|-resisted|p2a: Lycanroc
|-crit|p2a: Lycanroc
|-damage|p2a: Lycanroc|54/100
|
|-damage|p1a: Glimmora|0 fnt|[from] Curse
|faint|p1a: Glimmora
|upkeep
|
|t:|1778517747
|switch|p1a: Primarina|Primarina, F, shiny|100/100
|turn|10
|
|t:|1778517755
|switch|p2a: Serperior|Serperior, F|100/100
|move|p1a: Primarina|Hyper Voice|p2a: Serperior
|-resisted|p2a: Serperior
|-damage|p2a: Serperior|85/100
|
|upkeep
|turn|11
|
|t:|1778517763
|-terastallize|p1a: Primarina|Steel
|move|p2a: Serperior|Leaf Storm|p1a: Primarina|[miss]
|-miss|p2a: Serperior|p1a: Primarina
|move|p1a: Primarina|Moonblast|p2a: Serperior
|-damage|p2a: Serperior|52/100
|-boost|p2a: Serperior|spa|1
|
|upkeep
|turn|12
|
|t:|1778517773
|move|p2a: Serperior|Leaf Storm|p1a: Primarina
|-resisted|p1a: Primarina
|-damage|p1a: Primarina|67/100
|-boost|p2a: Serperior|spa|2
|move|p1a: Primarina|Moonblast|p2a: Serperior
|-damage|p2a: Serperior|15/100
|
|-heal|p1a: Primarina|73/100|[from] item: Leftovers
|upkeep
|turn|13
|
|t:|1778517782
|move|p1a: Primarina|Protect|p1a: Primarina
|-singleturn|p1a: Primarina|Protect
|move|p2a: Serperior|Giga Drain|p1a: Primarina
|-activate|p1a: Primarina|move: Protect
|
|-heal|p1a: Primarina|79/100|[from] item: Leftovers
|upkeep
|turn|14
|
|t:|1778517791
|move|p2a: Serperior|Giga Drain|p1a: Primarina
|-resisted|p1a: Primarina
|-damage|p1a: Primarina|47/100
|-heal|p2a: Serperior|32/100|[from] drain|[of] p1a: Primarina
|move|p1a: Primarina|Moonblast|p2a: Serperior
|-damage|p2a: Serperior|0 fnt
|faint|p2a: Serperior
|
|-heal|p1a: Primarina|53/100|[from] item: Leftovers
|upkeep
|
|t:|1778517801
|switch|p2a: Maushold|Maushold, shiny|100/100
|turn|15
|
|t:|1778517817
|move|p2a: Maushold|Water Pulse|p1a: Primarina
|-damage|p1a: Primarina|39/100
|-damage|p2a: Maushold|91/100|[from] item: Life Orb
|move|p1a: Primarina|Moonblast|p2a: Maushold
|-damage|p2a: Maushold|7/100
|
|-heal|p1a: Primarina|45/100|[from] item: Leftovers
|upkeep
|turn|16
|
|t:|1778517828
|move|p1a: Primarina|Protect|p1a: Primarina
|-singleturn|p1a: Primarina|Protect
|move|p2a: Maushold|Beat Up|p1a: Primarina
|-activate|p1a: Primarina|move: Protect
|
|-heal|p1a: Primarina|51/100|[from] item: Leftovers
|upkeep
|turn|17
|
|t:|1778517835
|move|p2a: Maushold|Beat Up|p1a: Primarina
|-damage|p1a: Primarina|43/100
|-damage|p1a: Primarina|34/100
|-damage|p1a: Primarina|26/100
|-damage|p1a: Primarina|18/100
|-hitcount|p1a: Primarina|4
|-damage|p2a: Maushold|0 fnt|[from] item: Life Orb
|faint|p2a: Maushold
|move|p1a: Primarina|Moonblast|p2: Maushold|[notarget]
|-fail|p1a: Primarina
|
|-heal|p1a: Primarina|24/100|[from] item: Leftovers
|upkeep
|
|t:|1778517853
|switch|p2a: Mimikyu|Mimikyu-Busted, F, shiny|18/100
|turn|18
|
|t:|1778517860
|move|p1a: Primarina|Protect|p1a: Primarina
|-singleturn|p1a: Primarina|Protect
|move|p2a: Mimikyu|Shadow Sneak|p1a: Primarina
|-activate|p1a: Primarina|move: Protect
|
|-heal|p1a: Primarina|30/100|[from] item: Leftovers
|upkeep
|turn|19
|
|t:|1778517867
|move|p2a: Mimikyu|Shadow Sneak|p1a: Primarina
|-damage|p1a: Primarina|7/100
|-damage|p2a: Mimikyu|8/100|[from] item: Life Orb
|move|p1a: Primarina|Moonblast|p2a: Mimikyu
|-damage|p2a: Mimikyu|0 fnt
|faint|p2a: Mimikyu
|
|-heal|p1a: Primarina|13/100|[from] item: Leftovers
|upkeep
|-message|newbiegurl forfeited.
|
|win|DeltaEcho7792
|raw|DeltaEcho7792's rating: 1094 &rarr; <strong>1120</strong><br />(+26 for winning)
|raw|newbiegurl's rating: 1096 &rarr; <strong>1071</strong><br />(-25 for losing)
|l|☆newbiegurl
|player|p2|
|l|☆DeltaEcho7792
|player|p1|
