|inactive|Battle timer is ON: inactive players will automatically lose when time's up.
|t:|1776296737
|gametype|singles
|player|p1|electraineheart|#solomodspliii|
|player|p2|xurkiyee|waiter|
|gen|9
|tier|[Gen 9] OU
|rule|HP Percentage Mod: HP is shown in percentages
|rule|Endless Battle Clause: Forcing endless battles is banned
|rule|Species Clause: Limit one of each Pokémon
|rule|OHKO Clause: OHKO moves are banned
|rule|Evasion Items Clause: Evasion items are banned
|rule|Evasion Moves Clause: Evasion moves are banned
|rule|Evasion Abilities Clause: Evasion abilities are banned
|rule|Sleep Moves Clause: Sleep-inducing moves are banned
|clearpoke
|poke|p1|Iron Valiant|
|poke|p1|Landorus-Therian, M|
|poke|p1|Kyurem|
|poke|p1|Kingambit, M|
|poke|p1|Glimmora, F|
|poke|p1|Iron Moth|
|poke|p2|Dragonite, M|
|poke|p2|Zamazenta-*|
|poke|p2|Kyurem|
|poke|p2|Pecharunt|
|poke|p2|Ting-Lu|
|poke|p2|Gholdengo|
|teampreview
|c|☆electraineheart|hf
|c|☆xurkiyee|hf
|inactive|electraineheart has 270 seconds left.
|inactive|electraineheart has 240 seconds left.
|inactive|xurkiyee has 270 seconds left.
|inactive|electraineheart has 210 seconds left.
|
|t:|1776296832
|teamsize|p1|6
|teamsize|p2|6
|start
|switch|p1a: Glimmora|Glimmora, F|100/100
|switch|p2a: Kyurem|Kyurem|100/100
|-ability|p2a: Kyurem|Pressure
|turn|1
|inactive|electraineheart has 270 seconds left.
|inactive|electraineheart has 240 seconds left.
|inactive|xurkiyee has 270 seconds left.
|inactive|electraineheart has 210 seconds left.
|inactive|xurkiyee has 240 seconds left.
|
|t:|1776296930
|move|p1a: Glimmora|Dazzling Gleam|p2a: Kyurem
|-supereffective|p2a: Kyurem
|-damage|p2a: Kyurem|51/100
|move|p2a: Kyurem|Freeze-Dry|p1a: Glimmora
|-damage|p1a: Glimmora|50/100
|-status|p1a: Glimmora|frz
|
|upkeep
|turn|2
|c|☆xurkiyee|mb
|inactive|xurkiyee has 240 seconds left.
|
|t:|1776296962
|cant|p1a: Glimmora|frz
|move|p2a: Kyurem|Scale Shot|p1a: Glimmora
|-damage|p1a: Glimmora|40/100 frz
|-activate|p1a: Glimmora|ability: Toxic Debris
|-sidestart|p2: xurkiyee|move: Toxic Spikes
|-damage|p1a: Glimmora|28/100 frz
|-activate|p1a: Glimmora|ability: Toxic Debris
|-sidestart|p2: xurkiyee|move: Toxic Spikes
|-damage|p1a: Glimmora|16/100 frz
|-hitcount|p1a: Glimmora|3
|-unboost|p2a: Kyurem|def|1
|-boost|p2a: Kyurem|spe|1
|
|upkeep
|turn|3
|inactive|electraineheart has 180 seconds left.
|
|t:|1776296995
|move|p2a: Kyurem|Freeze-Dry|p1a: Glimmora
|-damage|p1a: Glimmora|0 fnt
|faint|p1a: Glimmora
|
|upkeep
|inactive|electraineheart has 150 seconds left.
|inactive|electraineheart has 120 seconds left.
|
|t:|1776297063
|switch|p1a: Iron Valiant|Iron Valiant|100/100
|-enditem|p1a: Iron Valiant|Booster Energy
|-activate|p1a: Iron Valiant|ability: Quark Drive|[fromitem]
|-start|p1a: Iron Valiant|quarkdrivespe
|turn|4
|inactive|xurkiyee has 210 seconds left.
|
|t:|1776297087
|switch|p2a: Pecharunt|Pecharunt|100/100
|-sideend|p2: xurkiyee|move: Toxic Spikes|[of] p2a: Pecharunt
|move|p1a: Iron Valiant|Swords Dance|p1a: Iron Valiant
|-boost|p1a: Iron Valiant|atk|2
|
|upkeep
|turn|5
|inactive|electraineheart has 120 seconds left.
|inactive|xurkiyee has 210 seconds left.
|inactive|electraineheart has 90 seconds left.
|inactive|xurkiyee has 180 seconds left.
|inactive|electraineheart has 60 seconds left.
|inactive|xurkiyee has 150 seconds left.
|
|t:|1776297184
|move|p1a: Iron Valiant|Knock Off|p2a: Pecharunt
|-supereffective|p2a: Pecharunt
|-damage|p2a: Pecharunt|27/100
|-enditem|p2a: Pecharunt|Heavy-Duty Boots|[from] move: Knock Off|[of] p1a: Iron Valiant
|move|p2a: Pecharunt|Parting Shot|p1a: Iron Valiant
|-unboost|p1a: Iron Valiant|atk|1
|-unboost|p1a: Iron Valiant|spa|1
|inactive|xurkiyee has 120 seconds left.
|
|t:|1776297215
|switch|p2a: Gholdengo|Gholdengo|100/100|[from] Parting Shot
|-item|p2a: Gholdengo|Air Balloon
|
|upkeep
|turn|6
|
|t:|1776297220
|move|p1a: Iron Valiant|Knock Off|p2a: Gholdengo
|-supereffective|p2a: Gholdengo
|-damage|p2a: Gholdengo|27/100
|-enditem|p2a: Gholdengo|Air Balloon
|move|p2a: Gholdengo|Make It Rain|p1a: Iron Valiant
|-supereffective|p1a: Iron Valiant
|-damage|p1a: Iron Valiant|0 fnt
|-unboost|p2a: Gholdengo|spa|1
|faint|p1a: Iron Valiant
|-end|p1a: Iron Valiant|Quark Drive|[silent]
|
|upkeep
|inactive|electraineheart has 60 seconds left.
|
|t:|1776297249
|switch|p1a: Iron Moth|Iron Moth|100/100
|-enditem|p1a: Iron Moth|Booster Energy
|-activate|p1a: Iron Moth|ability: Quark Drive|[fromitem]
|-start|p1a: Iron Moth|quarkdrivespe
|turn|7
|inactive|xurkiyee has 120 seconds left.
|
|t:|1776297261
|switch|p2a: Pecharunt|Pecharunt|27/100
|move|p1a: Iron Moth|Fiery Dance|p2a: Pecharunt
|-damage|p2a: Pecharunt|0 fnt
|faint|p2a: Pecharunt
|
|upkeep
|inactive|xurkiyee has 120 seconds left.
|
|t:|1776297270
|switch|p2a: Ting-Lu|Ting-Lu|100/100
|-ability|p2a: Ting-Lu|Vessel of Ruin
|turn|8
|inactive|electraineheart has 60 seconds left.
|inactive|electraineheart has 30 seconds left.
|inactive|electraineheart has 20 seconds left.
|
|t:|1776297316
|move|p1a: Iron Moth|Energy Ball|p2a: Ting-Lu
|-supereffective|p2a: Ting-Lu
|-damage|p2a: Ting-Lu|75/100
|move|p2a: Ting-Lu|Stealth Rock|p1a: Iron Moth
|-sidestart|p1: electraineheart|move: Stealth Rock
|
|upkeep
|turn|9
|inactive|electraineheart has 30 seconds left this turn.
|
|t:|1776297328
|move|p1a: Iron Moth|Energy Ball|p2a: Ting-Lu
|-supereffective|p2a: Ting-Lu
|-damage|p2a: Ting-Lu|48/100
|move|p2a: Ting-Lu|Spikes|p1a: Iron Moth
|-sidestart|p1: electraineheart|Spikes
|
|upkeep
|turn|10
|
|t:|1776297336
|move|p1a: Iron Moth|Energy Ball|p2a: Ting-Lu
|-supereffective|p2a: Ting-Lu
|-damage|p2a: Ting-Lu|23/100
|move|p2a: Ting-Lu|Earthquake|p1a: Iron Moth
|-supereffective|p1a: Iron Moth
|-damage|p1a: Iron Moth|0 fnt
|faint|p1a: Iron Moth
|-end|p1a: Iron Moth|Quark Drive|[silent]
|
|upkeep
|inactive|electraineheart has 30 seconds left.
|
|t:|1776297351
|switch|p1a: Kingambit|Kingambit, M|100/100
|-damage|p1a: Kingambit|94/100|[from] Stealth Rock
|-damage|p1a: Kingambit|82/100|[from] Spikes
|-activate|p1a: Kingambit|ability: Supreme Overlord
|-start|p1a: Kingambit|fallen3|[silent]
|turn|11
|-enditem|p2a: Ting-Lu|Custap Berry|[eat]
|-activate|p2a: Ting-Lu|item: Custap Berry|[consumed]
|
|t:|1776297357
|move|p2a: Ting-Lu|Earthquake|p1a: Kingambit
|-supereffective|p1a: Kingambit
|-damage|p1a: Kingambit|20/100
|move|p1a: Kingambit|Low Kick|p2a: Ting-Lu
|-supereffective|p2a: Ting-Lu
|-damage|p2a: Ting-Lu|0 fnt
|faint|p2a: Ting-Lu
|
|upkeep
|
|t:|1776297368
|switch|p2a: Zamazenta|Zamazenta|100/100
|-ability|p2a: Zamazenta|Dauntless Shield|boost
|-boost|p2a: Zamazenta|def|1
|turn|12
|
|t:|1776297373
|move|p1a: Kingambit|Sucker Punch||[still]
|-fail|p1a: Kingambit
|move|p2a: Zamazenta|Iron Defense|p2a: Zamazenta
|-boost|p2a: Zamazenta|def|2
|
|upkeep
|turn|13
|
|t:|1776297375
|-end|p1a: Kingambit|fallen3|[silent]
|switch|p1a: Landorus|Landorus-Therian, M|100/100
|-damage|p1a: Landorus|88/100|[from] Stealth Rock
|-ability|p1a: Landorus|Intimidate|boost
|-unboost|p2a: Zamazenta|atk|1
|move|p2a: Zamazenta|Iron Defense|p2a: Zamazenta
|-boost|p2a: Zamazenta|def|2
|
|upkeep
|turn|14
|
|t:|1776297381
|move|p2a: Zamazenta|Body Press|p1a: Landorus
|-resisted|p1a: Landorus
|-damage|p1a: Landorus|40/100
|-damage|p2a: Zamazenta|84/100|[from] item: Rocky Helmet|[of] p1a: Landorus
|move|p1a: Landorus|Earthquake|p2a: Zamazenta
|-damage|p2a: Zamazenta|72/100
|
|-heal|p2a: Zamazenta|78/100|[from] item: Leftovers
|upkeep
|turn|15
|
|t:|1776297385
|move|p2a: Zamazenta|Body Press|p1a: Landorus
|-resisted|p1a: Landorus
|-damage|p1a: Landorus|0 fnt
|-damage|p2a: Zamazenta|61/100|[from] item: Rocky Helmet|[of] p1a: Landorus
|faint|p1a: Landorus
|
|-heal|p2a: Zamazenta|68/100|[from] item: Leftovers
|upkeep
|
|t:|1776297387
|switch|p1a: Kingambit|Kingambit, M|20/100
|-damage|p1a: Kingambit|14/100|[from] Stealth Rock
|-damage|p1a: Kingambit|1/100|[from] Spikes
|-activate|p1a: Kingambit|ability: Supreme Overlord
|-start|p1a: Kingambit|fallen4|[silent]
|turn|16
|
|t:|1776297390
|move|p2a: Zamazenta|Iron Defense|p2a: Zamazenta
|-boost|p2a: Zamazenta|def|1
|move|p1a: Kingambit|Low Kick|p2a: Zamazenta
|-damage|p2a: Zamazenta|53/100
|
|-heal|p2a: Zamazenta|60/100|[from] item: Leftovers
|upkeep
|turn|17
|
|t:|1776297394
|move|p2a: Zamazenta|Body Press|p1a: Kingambit
|-supereffective|p1a: Kingambit
|-damage|p1a: Kingambit|0 fnt
|faint|p1a: Kingambit
|-end|p1a: Kingambit|fallen4|[silent]
|
|-heal|p2a: Zamazenta|66/100|[from] item: Leftovers
|upkeep
|
|t:|1776297395
|switch|p1a: Kyurem|Kyurem|100/100
|-damage|p1a: Kyurem|76/100|[from] Stealth Rock
|-damage|p1a: Kyurem|63/100|[from] Spikes
|-ability|p1a: Kyurem|Pressure
|turn|18
|
|t:|1776297398
|-terastallize|p1a: Kyurem|Ground
|move|p2a: Zamazenta|Body Press|p1a: Kyurem
|-damage|p1a: Kyurem|0 fnt
|faint|p1a: Kyurem
|
|win|xurkiyee
