|html|<div class="broadcast-blue"><strong>[Gen 9] OU is currently suspecting Tera Blast! For information on how to participate check out the <a href="https://www.smogon.com/tools/suspects/view/200">suspect thread</a>.</strong></div>
|j|☆cabrerajordan
|j|☆DongWure
|t:|1776265121
|gametype|singles
|player|p1|cabrerajordan|ingo|1349
|player|p2|DongWure|steven|1313
|gen|9
|tier|[Gen 9] OU
|rated|
|rule|HP Percentage Mod: HP is shown in percentages
|rule|Endless Battle Clause: Forcing endless battles is banned
|rule|Species Clause: Limit one of each Pokémon
|rule|OHKO Clause: OHKO moves are banned
|rule|Evasion Items Clause: Evasion items are banned
|rule|Evasion Moves Clause: Evasion moves are banned
|rule|Evasion Abilities Clause: Evasion abilities are banned
|rule|Sleep Moves Clause: Sleep-inducing moves are banned
|clearpoke
|poke|p1|Garchomp, M|
|poke|p1|Darkrai|
|poke|p1|Gholdengo|
|poke|p1|Meowscarada, M|
|poke|p1|Iron Valiant|
|poke|p1|Great Tusk|
|poke|p2|Deoxys-Speed|
|poke|p2|Kingambit, F|
|poke|p2|Ceruledge, F|
|poke|p2|Ogerpon-Wellspring, F|
|poke|p2|Zamazenta-*|
|poke|p2|Dragonite, F|
|teampreview
|inactive|Battle timer is ON: inactive players will automatically lose when time's up. (requested by DongWure)
|
|t:|1776265135
|teamsize|p1|6
|teamsize|p2|6
|start
|switch|p1a: Garchomp|Garchomp, M|100/100
|switch|p2a: Deoxys|Deoxys-Speed|100/100
|-ability|p2a: Deoxys|Pressure
|turn|1
|
|t:|1776265147
|move|p2a: Deoxys|Reflect|p2a: Deoxys
|-sidestart|p2: DongWure|Reflect
|move|p1a: Garchomp|Swords Dance|p1a: Garchomp
|-boost|p1a: Garchomp|atk|2
|
|upkeep
|turn|2
|
|t:|1776265155
|move|p2a: Deoxys|Stealth Rock|p1a: Garchomp
|-sidestart|p1: cabrerajordan|move: Stealth Rock
|move|p1a: Garchomp|Swords Dance|p1a: Garchomp
|-boost|p1a: Garchomp|atk|2
|
|upkeep
|turn|3
|
|t:|1776265171
|switch|p2a: Zamazenta|Zamazenta|100/100
|-ability|p2a: Zamazenta|Dauntless Shield|boost
|-boost|p2a: Zamazenta|def|1
|move|p1a: Garchomp|Scale Shot|p2a: Zamazenta
|-damage|p2a: Zamazenta|89/100
|-damage|p2a: Zamazenta|76/100
|-damage|p2a: Zamazenta|65/100
|-damage|p2a: Zamazenta|53/100
|-hitcount|p2a: Zamazenta|4
|-unboost|p1a: Garchomp|def|1
|-boost|p1a: Garchomp|spe|1
|
|-heal|p2a: Zamazenta|59/100|[from] item: Leftovers
|upkeep
|turn|4
|
|t:|1776265198
|switch|p1a: Gholdengo|Gholdengo|100/100
|-damage|p1a: Gholdengo|94/100|[from] Stealth Rock
|-item|p1a: Gholdengo|Air Balloon
|move|p2a: Zamazenta|Roar|p1a: Gholdengo
|-immune|p1a: Gholdengo|[from] ability: Good as Gold
|
|-heal|p2a: Zamazenta|65/100|[from] item: Leftovers
|upkeep
|turn|5
|inactive|cabrerajordan has 120 seconds left.
|inactive|DongWure has 120 seconds left.
|
|t:|1776265223
|switch|p2a: Kingambit|Kingambit, F|100/100
|move|p1a: Gholdengo|Dazzling Gleam|p2a: Kingambit
|-damage|p2a: Kingambit|78/100
|
|-heal|p2a: Kingambit|84/100|[from] item: Leftovers
|upkeep
|turn|6
|
|t:|1776265238
|move|p1a: Gholdengo|Thunder Wave|p2a: Kingambit
|-status|p2a: Kingambit|par
|move|p2a: Kingambit|Swords Dance|p2a: Kingambit
|-boost|p2a: Kingambit|atk|2
|
|-heal|p2a: Kingambit|91/100 par|[from] item: Leftovers
|upkeep
|turn|7
|inactive|cabrerajordan has 120 seconds left.
|
|t:|1776265254
|switch|p1a: Great Tusk|Great Tusk|100/100
|cant|p2a: Kingambit|par
|
|-heal|p2a: Kingambit|97/100 par|[from] item: Leftovers
|upkeep
|turn|8
|inactive|DongWure has 120 seconds left.
|
|t:|1776265278
|-end|p2a: Kingambit|fallenundefined|[silent]
|switch|p2a: Dragonite|Dragonite, F|100/100
|move|p1a: Great Tusk|Close Combat|p2a: Dragonite
|-resisted|p2a: Dragonite
|-damage|p2a: Dragonite|92/100
|-unboost|p1a: Great Tusk|def|1
|-unboost|p1a: Great Tusk|spd|1
|
|-sideend|p2: DongWure|Reflect
|upkeep
|turn|9
|
|t:|1776265296
|switch|p2a: Deoxys|Deoxys-Speed|100/100
|-ability|p2a: Deoxys|Pressure
|move|p1a: Great Tusk|Ice Spinner|p2a: Deoxys
|-damage|p2a: Deoxys|68/100
|
|upkeep
|turn|10
|
|t:|1776265306
|-end|p1a: Great Tusk|Protosynthesis|[silent]
|switch|p1a: Darkrai|Darkrai|100/100
|move|p2a: Deoxys|Reflect|p2a: Deoxys
|-sidestart|p2: DongWure|Reflect
|
|upkeep
|turn|11
|
|t:|1776265313
|move|p2a: Deoxys|Light Screen|p2a: Deoxys
|-sidestart|p2: DongWure|move: Light Screen
|move|p1a: Darkrai|Nasty Plot|p1a: Darkrai
|-boost|p1a: Darkrai|spa|2
|
|upkeep
|turn|12
|inactive|DongWure has 90 seconds left.
|
|t:|1776265348
|switch|p2a: Kingambit|Kingambit, F|97/100 par
|move|p1a: Darkrai|Dark Pulse|p2a: Kingambit
|-resisted|p2a: Kingambit
|-damage|p2a: Kingambit|76/100 par
|
|-heal|p2a: Kingambit|82/100 par|[from] item: Leftovers
|upkeep
|turn|13
|inactive|DongWure has 90 seconds left.
|inactive|cabrerajordan has 120 seconds left.
|
|t:|1776265387
|switch|p1a: Great Tusk|Great Tusk|100/100
|move|p2a: Kingambit|Iron Head|p1a: Great Tusk
|-damage|p1a: Great Tusk|65/100
|
|-heal|p2a: Kingambit|88/100 par|[from] item: Leftovers
|upkeep
|turn|14
|inactive|cabrerajordan has 120 seconds left.
|inactive|DongWure has 60 seconds left.
|
|t:|1776265405
|-end|p2a: Kingambit|fallenundefined|[silent]
|switch|p2a: Ceruledge|Ceruledge, F|100/100
|move|p1a: Great Tusk|Rapid Spin|p2a: Ceruledge
|-immune|p2a: Ceruledge
|
|upkeep
|turn|15
|inactive|cabrerajordan has 120 seconds left.
|inactive|DongWure has 60 seconds left.
|
|t:|1776265420
|move|p1a: Great Tusk|Ice Spinner|p2a: Ceruledge
|-resisted|p2a: Ceruledge
|-damage|p2a: Ceruledge|91/100
|-ability|p2a: Ceruledge|Weak Armor|boost
|-unboost|p2a: Ceruledge|def|1
|-boost|p2a: Ceruledge|spe|2
|move|p2a: Ceruledge|Swords Dance|p2a: Ceruledge
|-boost|p2a: Ceruledge|atk|2
|
|upkeep
|turn|16
|inactive|cabrerajordan has 120 seconds left.
|inactive|DongWure has 60 seconds left.
|
|t:|1776265443
|-end|p1a: Great Tusk|Protosynthesis|[silent]
|switch|p1a: Darkrai|Darkrai|100/100
|move|p2a: Ceruledge|Bitter Blade|p1a: Darkrai
|-damage|p1a: Darkrai|0 fnt
|-heal|p2a: Ceruledge|100/100|[from] drain|[of] p1a: Darkrai
|faint|p1a: Darkrai
|
|upkeep
|
|t:|1776265453
|switch|p1a: Garchomp|Garchomp, M|100/100
|-damage|p1a: Garchomp|94/100|[from] Stealth Rock
|turn|17
|inactive|DongWure has 60 seconds left.
|
|t:|1776265467
|-terastallize|p2a: Ceruledge|Ghost
|move|p2a: Ceruledge|Poltergeist|p1a: Garchomp
|-activate|p1a: Garchomp|move: Poltergeist|Loaded Dice
|-damage|p1a: Garchomp|0 fnt
|faint|p1a: Garchomp
|
|-sideend|p2: DongWure|Reflect
|upkeep
|
|t:|1776265475
|switch|p1a: Meowscarada|Meowscarada, M|100/100
|turn|18
|
|t:|1776265485
|move|p2a: Ceruledge|Bitter Blade|p1a: Meowscarada
|-supereffective|p1a: Meowscarada
|-damage|p1a: Meowscarada|0 fnt
|faint|p1a: Meowscarada
|
|-sideend|p2: DongWure|move: Light Screen
|upkeep
|inactive|cabrerajordan has 120 seconds left.
|-message|cabrerajordan forfeited.
|
|win|DongWure
|raw|cabrerajordan's rating: 1349 &rarr; <strong>1327</strong><br />(-22 for losing)
|raw|DongWure's rating: 1313 &rarr; <strong>1335</strong><br />(+22 for winning)
|l|☆cabrerajordan
|player|p1|
