|html|<div class="broadcast-blue"><strong>[Gen 9] OU is currently suspecting Tera Blast! For information on how to participate check out the <a href="https://www.smogon.com/tools/suspects/view/200">suspect thread</a>.</strong></div>
|j|☆FearlyVGC
|j|☆Randomcan42
|t:|1776086211
|gametype|singles
|player|p1|FearlyVGC|1|1308
|player|p2|Randomcan42|170|1319
|gen|9
|tier|[Gen 9] OU
|rated|
|rule|HP Percentage Mod: HP is shown in percentages
|rule|Endless Battle Clause: Forcing endless battles is banned
|rule|Species Clause: Limit one of each Pokémon
|rule|OHKO Clause: OHKO moves are banned
|rule|Evasion Items Clause: Evasion items are banned
|rule|Evasion Moves Clause: Evasion moves are banned
|rule|Evasion Abilities Clause: Evasion abilities are banned
|rule|Sleep Moves Clause: Sleep-inducing moves are banned
|clearpoke
|poke|p1|Dragapult, F|
|poke|p1|Meowscarada, F|
|poke|p1|Corviknight, F|
|poke|p1|Heatran, M|
|poke|p1|Gliscor, F|
|poke|p1|Espeon, M|
|poke|p2|Alomomola, M|
|poke|p2|Registeel|
|poke|p2|Cyclizar, M|
|poke|p2|Dragonite, F|
|poke|p2|Dudunsparce-*, F|
|poke|p2|Moltres-Galar|
|teampreview
|inactive|Battle timer is ON: inactive players will automatically lose when time's up. (requested by FearlyVGC)
|
|t:|1776086249
|teamsize|p1|6
|teamsize|p2|6
|start
|switch|p1a: Meowscarada|Meowscarada, F|100/100
|switch|p2a: Dudunsparce|Dudunsparce, F|100/100
|turn|1
|
|t:|1776086257
|move|p1a: Meowscarada|U-turn|p2a: Dudunsparce
|-start|p1a: Meowscarada|typechange|Bug|[from] ability: Protean
|-damage|p2a: Dudunsparce|78/100
|-ability|p2a: Dudunsparce|Rattled|boost
|-boost|p2a: Dudunsparce|spe|1
|
|t:|1776086260
|switch|p1a: Corviknight|Corviknight, F|100/100|[from] U-turn
|-ability|p1a: Corviknight|Pressure
|move|p2a: Dudunsparce|Glare|p1a: Corviknight
|-status|p1a: Corviknight|par
|
|-heal|p2a: Dudunsparce|85/100|[from] item: Leftovers
|upkeep
|turn|2
|
|t:|1776086270
|switch|p2a: Moltres|Moltres-Galar|100/100
|move|p1a: Corviknight|Taunt|p2a: Moltres
|-start|p2a: Moltres|move: Taunt
|
|upkeep
|turn|3
|
|t:|1776086275
|move|p2a: Moltres|Fiery Wrath|p1a: Corviknight
|-damage|p1a: Corviknight|76/100 par
|cant|p1a: Corviknight|flinch
|
|upkeep
|turn|4
|
|t:|1776086279
|move|p2a: Moltres|Fiery Wrath|p1a: Corviknight
|-damage|p1a: Corviknight|53/100 par
|cant|p1a: Corviknight|par
|
|-end|p2a: Moltres|move: Taunt
|upkeep
|turn|5
|
|t:|1776086283
|switch|p1a: Meowscarada|Meowscarada, F|100/100
|move|p2a: Moltres|Nasty Plot|p2a: Moltres
|-boost|p2a: Moltres|spa|2
|
|upkeep
|turn|6
|
|t:|1776086289
|switch|p2a: Alomomola|Alomomola, M|100/100
|move|p1a: Meowscarada|Triple Axel|p2a: Alomomola
|-start|p1a: Meowscarada|typechange|Ice|[from] ability: Protean
|-resisted|p2a: Alomomola
|-damage|p2a: Alomomola|98/100
|-damage|p1a: Meowscarada|84/100|[from] item: Rocky Helmet|[of] p2a: Alomomola
|-resisted|p2a: Alomomola
|-damage|p2a: Alomomola|93/100
|-damage|p1a: Meowscarada|68/100|[from] item: Rocky Helmet|[of] p2a: Alomomola
|-resisted|p2a: Alomomola
|-damage|p2a: Alomomola|85/100
|-damage|p1a: Meowscarada|51/100|[from] item: Rocky Helmet|[of] p2a: Alomomola
|-hitcount|p2a: Alomomola|3
|
|upkeep
|turn|7
|
|t:|1776086315
|switch|p1a: Corviknight|Corviknight, F|53/100 par
|-ability|p1a: Corviknight|Pressure
|move|p2a: Alomomola|Flip Turn|p1a: Corviknight
|-damage|p1a: Corviknight|42/100 par
|-damage|p2a: Alomomola|68/100|[from] item: Rocky Helmet|[of] p1a: Corviknight
|
|t:|1776086320
|switch|p2a: Moltres|Moltres-Galar|100/100|[from] Flip Turn
|
|upkeep
|turn|8
|
|t:|1776086323
|move|p2a: Moltres|Fiery Wrath|p1a: Corviknight
|-damage|p1a: Corviknight|18/100 par
|move|p1a: Corviknight|U-turn|p2a: Moltres
|-damage|p2a: Moltres|86/100
|
|t:|1776086329
|switch|p1a: Espeon|Espeon, M|100/100|[from] U-turn
|
|-heal|p2a: Moltres|93/100|[from] item: Leftovers
|upkeep
|turn|9
|
|t:|1776086345
|-terastallize|p1a: Espeon|Fairy
|move|p1a: Espeon|Dazzling Gleam|p2a: Moltres
|-supereffective|p2a: Moltres
|-damage|p2a: Moltres|54/100
|move|p2a: Moltres|Agility|p2a: Moltres
|-boost|p2a: Moltres|spe|2
|
|-heal|p2a: Moltres|60/100|[from] item: Leftovers
|upkeep
|turn|10
|
|t:|1776086351
|move|p2a: Moltres|Protect|p2a: Moltres
|-singleturn|p2a: Moltres|Protect
|move|p1a: Espeon|Dazzling Gleam|p2a: Moltres
|-activate|p2a: Moltres|move: Protect
|
|-heal|p2a: Moltres|66/100|[from] item: Leftovers
|upkeep
|turn|11
|
|t:|1776086353
|move|p1a: Espeon|Dazzling Gleam|p2a: Moltres
|-supereffective|p2a: Moltres
|-crit|p2a: Moltres
|-damage|p2a: Moltres|2/100
|-ability|p2a: Moltres|Berserk|boost
|-boost|p2a: Moltres|spa|1
|move|p2a: Moltres|Nasty Plot|p2a: Moltres
|-boost|p2a: Moltres|spa|2
|
|-heal|p2a: Moltres|8/100|[from] item: Leftovers
|upkeep
|turn|12
|
|t:|1776086357
|move|p1a: Espeon|Dazzling Gleam|p2a: Moltres
|-supereffective|p2a: Moltres
|-damage|p2a: Moltres|0 fnt
|faint|p2a: Moltres
|
|upkeep
|
|t:|1776086360
|switch|p2a: Registeel|Registeel|100/100
|turn|13
|
|t:|1776086365
|switch|p1a: Corviknight|Corviknight, F|18/100 par
|-ability|p1a: Corviknight|Pressure
|move|p2a: Registeel|Thunder Punch|p1a: Corviknight
|-supereffective|p1a: Corviknight
|-damage|p1a: Corviknight|0 fnt
|-damage|p2a: Registeel|84/100|[from] item: Rocky Helmet|[of] p1a: Corviknight
|faint|p1a: Corviknight
|
|upkeep
|
|t:|1776086369
|switch|p1a: Heatran|Heatran, M|100/100
|turn|14
|
|t:|1776086389
|move|p1a: Heatran|Lava Plume|p2a: Registeel
|-supereffective|p2a: Registeel
|-damage|p2a: Registeel|30/100
|-damage|p1a: Heatran|90/100|[from] item: Life Orb
|move|p2a: Registeel|Earthquake|p1a: Heatran
|-supereffective|p1a: Heatran
|-damage|p1a: Heatran|0 fnt
|faint|p1a: Heatran
|
|upkeep
|
|t:|1776086402
|switch|p1a: Meowscarada|Meowscarada, F|51/100
|turn|15
|
|t:|1776086416
|move|p1a: Meowscarada|Knock Off|p2a: Registeel
|-start|p1a: Meowscarada|typechange|Dark|[from] ability: Protean
|-damage|p2a: Registeel|0 fnt
|-enditem|p2a: Registeel|Assault Vest|[from] move: Knock Off|[of] p1a: Meowscarada
|faint|p2a: Registeel
|
|upkeep
|
|t:|1776086420
|switch|p2a: Cyclizar|Cyclizar, M|100/100
|turn|16
|
|t:|1776086423
|move|p1a: Meowscarada|Knock Off|p2a: Cyclizar
|-damage|p2a: Cyclizar|13/100
|-enditem|p2a: Cyclizar|Assault Vest|[from] move: Knock Off|[of] p1a: Meowscarada
|move|p2a: Cyclizar|Knock Off|p1a: Meowscarada
|-resisted|p1a: Meowscarada
|-damage|p1a: Meowscarada|30/100
|-enditem|p1a: Meowscarada|Choice Scarf|[from] move: Knock Off|[of] p2a: Cyclizar
|
|upkeep
|turn|17
|
|t:|1776086432
|move|p2a: Cyclizar|U-turn|p1a: Meowscarada
|-supereffective|p1a: Meowscarada
|-damage|p1a: Meowscarada|0 fnt
|faint|p1a: Meowscarada
|
|t:|1776086435
|switch|p2a: Alomomola|Alomomola, M|100/100|[from] U-turn
|
|upkeep
|
|t:|1776086442
|switch|p1a: Espeon|Espeon, M, tera:Fairy|100/100
|turn|18
|inactive|Randomcan42 has 120 seconds left.
|
|t:|1776086482
|move|p2a: Alomomola|Protect|p2a: Alomomola
|-singleturn|p2a: Alomomola|Protect
|move|p1a: Espeon|Trick|p2a: Alomomola
|-activate|p2a: Alomomola|move: Protect
|
|upkeep
|turn|19
|
|t:|1776086486
|switch|p2a: Cyclizar|Cyclizar, M|46/100
|move|p1a: Espeon|Trick|p2a: Cyclizar
|-activate|p1a: Espeon|move: Trick|[of] p2a: Cyclizar
|-item|p2a: Cyclizar|Choice Scarf|[from] move: Trick
|-enditem|p1a: Espeon|Choice Scarf|[silent]|[from] move: Trick
|
|upkeep
|turn|20
|
|t:|1776086489
|move|p2a: Cyclizar|Knock Off|p1a: Espeon
|-resisted|p1a: Espeon
|-crit|p1a: Espeon
|-damage|p1a: Espeon|77/100
|move|p1a: Espeon|Dazzling Gleam|p2a: Cyclizar
|-supereffective|p2a: Cyclizar
|-damage|p2a: Cyclizar|0 fnt
|faint|p2a: Cyclizar
|
|upkeep
|
|t:|1776086500
|switch|p2a: Dudunsparce|Dudunsparce, F|85/100
|turn|21
|
|t:|1776086504
|move|p1a: Espeon|Future Sight|p2a: Dudunsparce
|-start|p1a: Espeon|move: Future Sight
|move|p2a: Dudunsparce|Glare|p1a: Espeon
|move|p1a: Espeon|Glare|p2a: Dudunsparce|[from] ability: Magic Bounce
|-status|p2a: Dudunsparce|par
|
|-heal|p2a: Dudunsparce|91/100 par|[from] item: Leftovers
|upkeep
|turn|22
|
|t:|1776086512
|move|p1a: Espeon|Trick|p2a: Dudunsparce
|-activate|p1a: Espeon|move: Trick|[of] p2a: Dudunsparce
|-enditem|p2a: Dudunsparce|Leftovers|[silent]|[from] move: Trick
|-item|p1a: Espeon|Leftovers|[from] move: Trick
|move|p2a: Dudunsparce|Body Press|p1a: Espeon
|-resisted|p1a: Espeon
|-damage|p1a: Espeon|60/100
|
|-heal|p1a: Espeon|66/100|[from] item: Leftovers
|upkeep
|turn|23
|
|t:|1776086520
|move|p1a: Espeon|Dazzling Gleam|p2a: Dudunsparce
|-damage|p2a: Dudunsparce|56/100 par
|cant|p2a: Dudunsparce|par
|
|-end|p2a: Dudunsparce|move: Future Sight
|-damage|p2a: Dudunsparce|0 fnt
|faint|p2a: Dudunsparce
|-heal|p1a: Espeon|72/100|[from] item: Leftovers
|upkeep
|
|t:|1776086522
|switch|p2a: Dragonite|Dragonite, F|100/100
|turn|24
|
|t:|1776086526
|move|p1a: Espeon|Dazzling Gleam|p2a: Dragonite
|-supereffective|p2a: Dragonite
|-damage|p2a: Dragonite|68/100
|move|p2a: Dragonite|Dragon Dance|p2a: Dragonite
|-boost|p2a: Dragonite|atk|1
|-boost|p2a: Dragonite|spe|1
|
|-heal|p1a: Espeon|78/100|[from] item: Leftovers
|-heal|p2a: Dragonite|75/100|[from] item: Leftovers
|upkeep
|turn|25
|
|t:|1776086529
|-terastallize|p2a: Dragonite|Steel
|move|p1a: Espeon|Future Sight|p2a: Dragonite
|-start|p1a: Espeon|move: Future Sight
|move|p2a: Dragonite|Dragon Dance|p2a: Dragonite
|-boost|p2a: Dragonite|atk|1
|-boost|p2a: Dragonite|spe|1
|
|-heal|p2a: Dragonite|81/100|[from] item: Leftovers
|-heal|p1a: Espeon|84/100|[from] item: Leftovers
|upkeep
|turn|26
|
|t:|1776086536
|switch|p1a: Gliscor|Gliscor, F|100/100
|move|p2a: Dragonite|Dragon Dance|p2a: Dragonite
|-boost|p2a: Dragonite|atk|1
|-boost|p2a: Dragonite|spe|1
|
|-heal|p2a: Dragonite|87/100|[from] item: Leftovers
|-status|p1a: Gliscor|tox|[from] item: Toxic Orb
|upkeep
|turn|27
|
|t:|1776086540
|move|p2a: Dragonite|Iron Head|p1a: Gliscor
|-damage|p1a: Gliscor|46/100 tox
|cant|p1a: Gliscor|flinch
|
|-end|p2a: Dragonite|move: Future Sight
|-resisted|p2a: Dragonite
|-damage|p2a: Dragonite|64/100
|-heal|p2a: Dragonite|70/100|[from] item: Leftovers
|-heal|p1a: Gliscor|58/100 tox|[from] ability: Poison Heal
|upkeep
|turn|28
|
|t:|1776086544
|move|p1a: Gliscor|Protect|p1a: Gliscor
|-singleturn|p1a: Gliscor|Protect
|move|p2a: Dragonite|Iron Head|p1a: Gliscor
|-activate|p1a: Gliscor|move: Protect
|
|-heal|p2a: Dragonite|76/100|[from] item: Leftovers
|-heal|p1a: Gliscor|71/100 tox|[from] ability: Poison Heal
|upkeep
|turn|29
|
|t:|1776086549
|move|p2a: Dragonite|Iron Head|p1a: Gliscor
|-damage|p1a: Gliscor|12/100 tox
|cant|p1a: Gliscor|flinch
|
|-heal|p2a: Dragonite|83/100|[from] item: Leftovers
|-heal|p1a: Gliscor|24/100 tox|[from] ability: Poison Heal
|upkeep
|turn|30
|
|t:|1776086552
|move|p1a: Gliscor|Protect|p1a: Gliscor
|-singleturn|p1a: Gliscor|Protect
|move|p2a: Dragonite|Iron Head|p1a: Gliscor
|-activate|p1a: Gliscor|move: Protect
|
|-heal|p2a: Dragonite|89/100|[from] item: Leftovers
|-heal|p1a: Gliscor|36/100 tox|[from] ability: Poison Heal
|upkeep
|turn|31
|
|t:|1776086555
|move|p2a: Dragonite|Iron Head|p1a: Gliscor
|-damage|p1a: Gliscor|0 fnt
|faint|p1a: Gliscor
|
|-heal|p2a: Dragonite|95/100|[from] item: Leftovers
|upkeep
|
|t:|1776086557
|switch|p1a: Dragapult|Dragapult, F|100/100
|turn|32
|
|t:|1776086560
|move|p2a: Dragonite|Iron Head|p1a: Dragapult
|-damage|p1a: Dragapult|0 fnt
|faint|p1a: Dragapult
|
|-heal|p2a: Dragonite|100/100|[from] item: Leftovers
|upkeep
|-message|FearlyVGC forfeited.
|
|win|Randomcan42
|raw|FearlyVGC's rating: 1308 &rarr; <strong>1289</strong><br />(-19 for losing)
|raw|Randomcan42's rating: 1319 &rarr; <strong>1338</strong><br />(+19 for winning)
|l|☆FearlyVGC
|player|p1|
|l|☆Randomcan42
|player|p2|
