|html|<div class="broadcast-blue"><strong>[Gen 9] OU is currently suspecting Tera Blast! For information on how to participate check out the <a href="https://www.smogon.com/tools/suspects/view/200">suspect thread</a>.</strong></div>
|j|☆Swanky swanna
|j|☆koreanbreakfast
|t:|1776040973
|gametype|singles
|player|p1|Swanky swanna|2|1320
|player|p2|koreanbreakfast|wallace|1359
|gen|9
|tier|[Gen 9] OU
|rated|
|rule|HP Percentage Mod: HP is shown in percentages
|rule|Endless Battle Clause: Forcing endless battles is banned
|rule|Species Clause: Limit one of each Pokémon
|rule|OHKO Clause: OHKO moves are banned
|rule|Evasion Items Clause: Evasion items are banned
|rule|Evasion Moves Clause: Evasion moves are banned
|rule|Evasion Abilities Clause: Evasion abilities are banned
|rule|Sleep Moves Clause: Sleep-inducing moves are banned
|clearpoke
|poke|p1|Haxorus, M|
|poke|p1|Revavroom, F|
|poke|p1|Grimmsnarl, M|
|poke|p1|Clefable, M|
|poke|p1|Corviknight, M|
|poke|p1|Slowking-Galar, F|
|poke|p2|Primarina, M|
|poke|p2|Great Tusk|
|poke|p2|Kingambit, M|
|poke|p2|Slowking-Galar, M|
|poke|p2|Ogerpon, F|
|poke|p2|Enamorus, F|
|teampreview
|inactive|Battle timer is ON: inactive players will automatically lose when time's up. (requested by Swanky swanna)
|
|t:|1776040981
|teamsize|p1|6
|teamsize|p2|6
|start
|switch|p1a: Grimmsnarl|Grimmsnarl, M|100/100
|switch|p2a: Enamorus|Enamorus, F, shiny|100/100
|turn|1
|
|t:|1776040985
|move|p1a: Grimmsnarl|Reflect|p1a: Grimmsnarl
|-sidestart|p1: Swanky swanna|Reflect
|move|p2a: Enamorus|Moonblast|p1a: Grimmsnarl
|-supereffective|p1a: Grimmsnarl
|-damage|p1a: Grimmsnarl|15/100
|
|upkeep
|turn|2
|
|t:|1776040988
|move|p1a: Grimmsnarl|Light Screen|p1a: Grimmsnarl
|-sidestart|p1: Swanky swanna|move: Light Screen
|move|p2a: Enamorus|Moonblast|p1a: Grimmsnarl
|-supereffective|p1a: Grimmsnarl
|-damage|p1a: Grimmsnarl|0 fnt
|faint|p1a: Grimmsnarl
|
|upkeep
|
|t:|1776040992
|switch|p1a: Revavroom|Revavroom, F|100/100
|turn|3
|
|t:|1776041006
|switch|p2a: Great Tusk|Great Tusk, shiny|100/100
|move|p1a: Revavroom|Shift Gear|p1a: Revavroom
|-boost|p1a: Revavroom|spe|2
|-boost|p1a: Revavroom|atk|1
|
|upkeep
|turn|4
|
|t:|1776041016
|-terastallize|p1a: Revavroom|Ground
|move|p1a: Revavroom|High Horsepower|p2a: Great Tusk
|-damage|p2a: Great Tusk|31/100
|-damage|p1a: Revavroom|84/100|[from] item: Rocky Helmet|[of] p2a: Great Tusk
|-damage|p1a: Revavroom|74/100|[from] item: Life Orb
|move|p2a: Great Tusk|Headlong Rush|p1a: Revavroom
|-damage|p1a: Revavroom|33/100
|-unboost|p2a: Great Tusk|def|1
|-unboost|p2a: Great Tusk|spd|1
|
|upkeep
|turn|5
|
|t:|1776041031
|move|p1a: Revavroom|Iron Head|p2a: Great Tusk
|-damage|p2a: Great Tusk|0 fnt
|-damage|p1a: Revavroom|17/100|[from] item: Rocky Helmet|[of] p2a: Great Tusk
|faint|p2a: Great Tusk
|-end|p2a: Great Tusk|Protosynthesis|[silent]
|-damage|p1a: Revavroom|7/100|[from] item: Life Orb
|
|upkeep
|
|t:|1776041040
|switch|p2a: Kingambit|Kingambit, M, shiny|100/100
|-activate|p2a: Kingambit|ability: Supreme Overlord
|-start|p2a: Kingambit|fallen1|[silent]
|turn|6
|
|t:|1776041043
|move|p2a: Kingambit|Sucker Punch||[still]
|-fail|p2a: Kingambit
|move|p1a: Revavroom|Shift Gear|p1a: Revavroom
|-boost|p1a: Revavroom|spe|2
|-boost|p1a: Revavroom|atk|1
|
|upkeep
|turn|7
|
|t:|1776041045
|move|p2a: Kingambit|Sucker Punch||[still]
|-fail|p2a: Kingambit
|move|p1a: Revavroom|Shift Gear|p1a: Revavroom
|-boost|p1a: Revavroom|spe|2
|-boost|p1a: Revavroom|atk|1
|
|upkeep
|turn|8
|
|t:|1776041050
|move|p2a: Kingambit|Sucker Punch|p1a: Revavroom
|-damage|p1a: Revavroom|0 fnt
|faint|p1a: Revavroom
|
|-sideend|p1: Swanky swanna|Reflect
|upkeep
|
|t:|1776041056
|switch|p1a: Corviknight|Corviknight, M|100/100
|-ability|p1a: Corviknight|Pressure
|turn|9
|
|t:|1776041067
|-end|p2a: Kingambit|fallen1|[silent]
|switch|p2a: Primarina|Primarina, M, shiny|100/100
|move|p1a: Corviknight|U-turn|p2a: Primarina
|-resisted|p2a: Primarina
|-damage|p2a: Primarina|91/100
|
|t:|1776041077
|switch|p1a: Clefable|Clefable, M|100/100|[from] U-turn
|
|-heal|p2a: Primarina|97/100|[from] item: Leftovers
|-sideend|p1: Swanky swanna|move: Light Screen
|upkeep
|turn|10
|
|t:|1776041082
|move|p2a: Primarina|Whirlpool|p1a: Clefable|[miss]
|-miss|p2a: Primarina|p1a: Clefable
|move|p1a: Clefable|Calm Mind|p1a: Clefable
|-boost|p1a: Clefable|spa|1
|-boost|p1a: Clefable|spd|1
|
|-heal|p2a: Primarina|100/100|[from] item: Leftovers
|upkeep
|turn|11
|
|t:|1776041092
|switch|p2a: Kingambit|Kingambit, M, shiny|100/100
|-activate|p2a: Kingambit|ability: Supreme Overlord
|-start|p2a: Kingambit|fallen1|[silent]
|move|p1a: Clefable|Moonblast|p2a: Kingambit
|-damage|p2a: Kingambit|54/100
|
|-heal|p2a: Kingambit|60/100|[from] item: Leftovers
|upkeep
|turn|12
|
|t:|1776041095
|move|p1a: Clefable|Moonblast|p2a: Kingambit
|-damage|p2a: Kingambit|12/100
|move|p2a: Kingambit|Iron Head|p1a: Clefable
|-supereffective|p1a: Clefable
|-damage|p1a: Clefable|24/100
|
|-heal|p1a: Clefable|30/100|[from] item: Leftovers
|-heal|p2a: Kingambit|18/100|[from] item: Leftovers
|upkeep
|turn|13
|
|t:|1776041098
|move|p1a: Clefable|Moonblast|p2a: Kingambit
|-damage|p2a: Kingambit|0 fnt
|faint|p2a: Kingambit
|-end|p2a: Kingambit|fallen1|[silent]
|
|-heal|p1a: Clefable|36/100|[from] item: Leftovers
|upkeep
|
|t:|1776041100
|switch|p2a: Ogerpon|Ogerpon, F|100/100
|turn|14
|
|t:|1776041102
|move|p1a: Clefable|Protect|p1a: Clefable
|-singleturn|p1a: Clefable|Protect
|move|p2a: Ogerpon|Ivy Cudgel|p1a: Clefable
|-activate|p1a: Clefable|move: Protect
|
|-heal|p1a: Clefable|42/100|[from] item: Leftovers
|upkeep
|turn|15
|
|t:|1776041106
|switch|p1a: Corviknight|Corviknight, M|100/100
|-ability|p1a: Corviknight|Pressure
|move|p2a: Ogerpon|Ivy Cudgel|p1a: Corviknight
|-resisted|p1a: Corviknight
|-damage|p1a: Corviknight|89/100
|
|upkeep
|turn|16
|
|t:|1776041110
|switch|p2a: Enamorus|Enamorus, F, shiny|100/100
|move|p1a: Corviknight|Brave Bird|p2a: Enamorus
|-damage|p2a: Enamorus|41/100
|-damage|p1a: Corviknight|75/100|[from] Recoil
|
|upkeep
|turn|17
|
|t:|1776041115
|switch|p1a: Slowking|Slowking-Galar, F|100/100
|move|p2a: Enamorus|Mystical Fire|p1a: Slowking
|-damage|p1a: Slowking|75/100
|-unboost|p1a: Slowking|spa|1
|
|upkeep
|turn|18
|
|t:|1776041121
|switch|p2a: Slowking|Slowking-Galar, M, shiny|100/100
|-prepare|p1a: Slowking|Chilly Reception|[premajor]
|move|p1a: Slowking|Chilly Reception|p1a: Slowking
|-weather|Snowscape
|
|t:|1776041131
|switch|p1a: Haxorus|Haxorus, M|100/100|[from] Chilly Reception
|-ability|p1a: Haxorus|Mold Breaker
|
|-weather|Snowscape|[upkeep]
|upkeep
|turn|19
|
|t:|1776041136
|move|p1a: Haxorus|Dragon Dance|p1a: Haxorus
|-boost|p1a: Haxorus|atk|1
|-boost|p1a: Haxorus|spe|1
|move|p2a: Slowking|Ice Beam|p1a: Haxorus
|-supereffective|p1a: Haxorus
|-damage|p1a: Haxorus|34/100
|
|-weather|Snowscape|[upkeep]
|upkeep
|turn|20
|
|t:|1776041140
|move|p1a: Haxorus|Outrage|p2a: Slowking
|-damage|p2a: Slowking|13/100
|move|p2a: Slowking|Psychic Noise|p1a: Haxorus
|-damage|p1a: Haxorus|0 fnt
|faint|p1a: Haxorus
|
|-weather|Snowscape|[upkeep]
|upkeep
|
|t:|1776041145
|switch|p1a: Corviknight|Corviknight, M|75/100
|-ability|p1a: Corviknight|Pressure
|turn|21
|
|t:|1776041149
|switch|p2a: Enamorus|Enamorus, F, shiny|41/100
|move|p1a: Corviknight|Brave Bird|p2a: Enamorus
|-damage|p2a: Enamorus|0 fnt
|faint|p2a: Enamorus
|-damage|p1a: Corviknight|65/100|[from] Recoil
|
|-weather|Snowscape|[upkeep]
|upkeep
|
|t:|1776041163
|switch|p2a: Primarina|Primarina, M, shiny|100/100
|turn|22
|
|t:|1776041173
|switch|p1a: Slowking|Slowking-Galar, F|100/100
|move|p2a: Primarina|Substitute|p2a: Primarina
|-start|p2a: Primarina|Substitute
|-damage|p2a: Primarina|76/100
|
|-weather|none
|-heal|p2a: Primarina|82/100|[from] item: Leftovers
|upkeep
|turn|23
|
|t:|1776041178
|move|p2a: Primarina|Psychic Noise|p1a: Slowking
|-damage|p1a: Slowking|69/100
|-start|p1a: Slowking|move: Heal Block
|move|p1a: Slowking|Psychic|p2a: Primarina
|-end|p2a: Primarina|Substitute
|
|-heal|p2a: Primarina|88/100|[from] item: Leftovers
|upkeep
|turn|24
|
|t:|1776041184
|move|p2a: Primarina|Psychic Noise|p1a: Slowking
|-damage|p1a: Slowking|33/100
|move|p1a: Slowking|Psychic|p2a: Primarina
|-damage|p2a: Primarina|43/100
|
|-heal|p2a: Primarina|49/100|[from] item: Leftovers
|-end|p1a: Slowking|move: Heal Block
|upkeep
|turn|25
|
|t:|1776041194
|switch|p2a: Ogerpon|Ogerpon, F|100/100
|switch|p1a: Corviknight|Corviknight, M|65/100
|-ability|p1a: Corviknight|Pressure
|
|upkeep
|turn|26
|
|t:|1776041199
|move|p2a: Ogerpon|Knock Off|p1a: Corviknight
|-damage|p1a: Corviknight|34/100
|-enditem|p1a: Corviknight|Heavy-Duty Boots|[from] move: Knock Off|[of] p2a: Ogerpon
|move|p1a: Corviknight|Brave Bird|p2a: Ogerpon
|-supereffective|p2a: Ogerpon
|-damage|p2a: Ogerpon|10/100
|-damage|p1a: Corviknight|11/100|[from] Recoil
|
|upkeep
|turn|27
|
|t:|1776041203
|move|p2a: Ogerpon|Knock Off|p1a: Corviknight
|-damage|p1a: Corviknight|0 fnt
|faint|p1a: Corviknight
|
|upkeep
|
|t:|1776041207
|switch|p1a: Clefable|Clefable, M|42/100
|turn|28
|
|t:|1776041211
|switch|p2a: Slowking|Slowking-Galar, M, shiny|47/100
|move|p1a: Clefable|Protect||[still]
|-fail|p1a: Clefable
|
|-heal|p1a: Clefable|48/100|[from] item: Leftovers
|upkeep
|turn|29
|
|t:|1776041221
|move|p1a: Clefable|Calm Mind|p1a: Clefable
|-boost|p1a: Clefable|spa|1
|-boost|p1a: Clefable|spd|1
|move|p2a: Slowking|Psychic Noise|p1a: Clefable
|-damage|p1a: Clefable|31/100
|-start|p1a: Clefable|move: Heal Block
|
|upkeep
|turn|30
|
|t:|1776041227
|move|p1a: Clefable|Protect|p1a: Clefable
|-singleturn|p1a: Clefable|Protect
|move|p2a: Slowking|Sludge Bomb|p1a: Clefable
|-activate|p1a: Clefable|move: Protect
|
|-end|p1a: Clefable|move: Heal Block
|upkeep
|turn|31
|
|t:|1776041231
|move|p1a: Clefable|Calm Mind|p1a: Clefable
|-boost|p1a: Clefable|spa|1
|-boost|p1a: Clefable|spd|1
|move|p2a: Slowking|Psychic Noise|p1a: Clefable
|-damage|p1a: Clefable|18/100
|-start|p1a: Clefable|move: Heal Block
|
|upkeep
|turn|32
|
|t:|1776041235
|move|p1a: Clefable|Protect|p1a: Clefable
|-singleturn|p1a: Clefable|Protect
|move|p2a: Slowking|Psychic Noise|p1a: Clefable
|-activate|p1a: Clefable|move: Protect
|
|-end|p1a: Clefable|move: Heal Block
|upkeep
|turn|33
|
|t:|1776041243
|switch|p2a: Ogerpon|Ogerpon, F|10/100
|move|p1a: Clefable|Moonblast|p2a: Ogerpon
|-damage|p2a: Ogerpon|0 fnt
|faint|p2a: Ogerpon
|
|-heal|p1a: Clefable|24/100|[from] item: Leftovers
|upkeep
|
|t:|1776041245
|switch|p2a: Primarina|Primarina, M, shiny|49/100
|turn|34
|
|t:|1776041247
|move|p1a: Clefable|Protect|p1a: Clefable
|-singleturn|p1a: Clefable|Protect
|move|p2a: Primarina|Moonblast|p1a: Clefable
|-activate|p1a: Clefable|move: Protect
|
|-heal|p2a: Primarina|55/100|[from] item: Leftovers
|-heal|p1a: Clefable|30/100|[from] item: Leftovers
|upkeep
|turn|35
|
|t:|1776041255
|move|p2a: Primarina|Psychic Noise|p1a: Clefable
|-damage|p1a: Clefable|9/100
|-start|p1a: Clefable|move: Heal Block
|move|p1a: Clefable|Moonblast|p2a: Primarina
|-damage|p2a: Primarina|0 fnt
|faint|p2a: Primarina
|
|upkeep
|
|t:|1776041256
|switch|p2a: Slowking|Slowking-Galar, M, shiny|80/100
|turn|36
|
|t:|1776041263
|move|p1a: Clefable|Protect|p1a: Clefable
|-singleturn|p1a: Clefable|Protect
|move|p2a: Slowking|Sludge Bomb|p1a: Clefable
|-activate|p1a: Clefable|move: Protect
|
|-end|p1a: Clefable|move: Heal Block
|upkeep
|turn|37
|
|t:|1776041272
|move|p1a: Clefable|Moonblast|p2a: Slowking
|-resisted|p2a: Slowking
|-damage|p2a: Slowking|63/100
|move|p2a: Slowking|Sludge Bomb|p1a: Clefable
|-supereffective|p1a: Clefable
|-damage|p1a: Clefable|0 fnt
|faint|p1a: Clefable
|
|upkeep
|
|t:|1776041275
|switch|p1a: Slowking|Slowking-Galar, F|67/100
|turn|38
|
|t:|1776041283
|move|p2a: Slowking|Psychic Noise|p1a: Slowking
|-damage|p1a: Slowking|45/100
|-start|p1a: Slowking|move: Heal Block
|move|p1a: Slowking|Psychic|p2a: Slowking
|-damage|p2a: Slowking|40/100
|
|upkeep
|turn|39
|
|t:|1776041287
|move|p1a: Slowking|Psychic|p2a: Slowking
|-damage|p2a: Slowking|16/100
|move|p2a: Slowking|Psychic Noise|p1a: Slowking
|-damage|p1a: Slowking|24/100
|
|-end|p1a: Slowking|move: Heal Block
|upkeep
|turn|40
|
|t:|1776041295
|move|p2a: Slowking|Psychic Noise|p1a: Slowking
|-damage|p1a: Slowking|2/100
|-start|p1a: Slowking|move: Heal Block
|move|p1a: Slowking|Psychic|p2a: Slowking
|-damage|p2a: Slowking|0 fnt
|faint|p2a: Slowking
|
|win|Swanky swanna
|raw|Swanky swanna's rating: 1320 &rarr; <strong>1342</strong><br />(+22 for winning)
|raw|koreanbreakfast's rating: 1359 &rarr; <strong>1337</strong><br />(-22 for losing)
|l|☆Swanky swanna
|player|p1|
|l|☆koreanbreakfast
|player|p2|
