|html|<div class="broadcast-blue"><strong>[Gen 9] OU is currently suspecting Tera Blast! For information on how to participate check out the <a href="https://www.smogon.com/tools/suspects/view/200">suspect thread</a>.</strong></div>
|j|‽rank 1 greninja
|j|☆Goofy Gabriel
|t:|1776038075
|gametype|singles
|player|p1|rank 1 greninja|2|1450
|player|p2|Goofy Gabriel|lucas|1461
|gen|9
|tier|[Gen 9] OU
|rated|
|rule|HP Percentage Mod: HP is shown in percentages
|rule|Endless Battle Clause: Forcing endless battles is banned
|rule|Species Clause: Limit one of each Pokémon
|rule|OHKO Clause: OHKO moves are banned
|rule|Evasion Items Clause: Evasion items are banned
|rule|Evasion Moves Clause: Evasion moves are banned
|rule|Evasion Abilities Clause: Evasion abilities are banned
|rule|Sleep Moves Clause: Sleep-inducing moves are banned
|clearpoke
|poke|p1|Pelipper, F|
|poke|p1|Tornadus-Therian, M|
|poke|p1|Barraskewda, F|
|poke|p1|Iron Treads|
|poke|p1|Ogerpon-Wellspring, F|
|poke|p1|Bronzong|
|poke|p2|Amoonguss, M|
|poke|p2|Toxapex, F|
|poke|p2|Corviknight, F|
|poke|p2|Dondozo, F|
|poke|p2|Blissey, F|
|poke|p2|Gliscor, M|
|teampreview
|inactive|Battle timer is ON: inactive players will automatically lose when time's up. (requested by Goofy Gabriel)
|j| ohko_smeargle
|
|t:|1776038102
|teamsize|p1|6
|teamsize|p2|6
|start
|switch|p1a: Pelipper|Pelipper, F|100/100
|switch|p2a: Gliscor|Gliscor, M|100/100
|-weather|RainDance|[from] ability: Drizzle|[of] p1a: Pelipper
|turn|1
|
|t:|1776038110
|switch|p1a: Tornadus|Tornadus-Therian, M|100/100
|move|p2a: Gliscor|Protect||[still]
|-fail|p2a: Gliscor
|
|-weather|RainDance|[upkeep]
|-status|p2a: Gliscor|tox|[from] item: Toxic Orb
|upkeep
|turn|2
|
|t:|1776038115
|move|p2a: Gliscor|Protect|p2a: Gliscor
|-singleturn|p2a: Gliscor|Protect
|move|p1a: Tornadus|Nasty Plot|p1a: Tornadus
|-boost|p1a: Tornadus|spa|2
|
|-weather|RainDance|[upkeep]
|upkeep
|turn|3
|
|t:|1776038127
|switch|p2a: Dondozo|Dondozo, F|100/100
|move|p1a: Tornadus|Hurricane|p2a: Dondozo
|-damage|p2a: Dondozo|41/100
|-start|p2a: Dondozo|confusion
|-damage|p1a: Tornadus|91/100|[from] item: Life Orb
|
|-weather|RainDance|[upkeep]
|upkeep
|turn|4
|
|t:|1776038151
|switch|p2a: Toxapex|Toxapex, F|100/100
|move|p1a: Tornadus|Hurricane|p2a: Toxapex
|-damage|p2a: Toxapex|19/100
|-start|p2a: Toxapex|confusion
|-damage|p1a: Tornadus|81/100|[from] item: Life Orb
|
|-weather|RainDance|[upkeep]
|upkeep
|turn|5
|
|t:|1776038159
|-activate|p2a: Toxapex|confusion
|move|p2a: Toxapex|Baneful Bunker|p2a: Toxapex
|-singleturn|p2a: Toxapex|move: Protect
|move|p1a: Tornadus|Hurricane|p2a: Toxapex
|-activate|p2a: Toxapex|move: Protect
|
|-weather|RainDance|[upkeep]
|upkeep
|turn|6
|
|t:|1776038169
|switch|p2a: Blissey|Blissey, F|100/100
|move|p1a: Tornadus|Weather Ball|p2a: Blissey
|-damage|p2a: Blissey|66/100
|-damage|p1a: Tornadus|71/100|[from] item: Life Orb
|
|-weather|RainDance|[upkeep]
|upkeep
|turn|7
|
|t:|1776038184
|move|p1a: Tornadus|Taunt|p2a: Blissey
|-start|p2a: Blissey|move: Taunt
|cant|p2a: Blissey|move: Taunt|Soft-Boiled
|
|-weather|RainDance|[upkeep]
|upkeep
|turn|8
|
|t:|1776038201
|switch|p2a: Corviknight|Corviknight, F|100/100
|-ability|p2a: Corviknight|Pressure
|move|p1a: Tornadus|Hurricane|p2a: Corviknight
|-resisted|p2a: Corviknight
|-damage|p2a: Corviknight|33/100
|-start|p2a: Corviknight|confusion
|-damage|p1a: Tornadus|62/100|[from] item: Life Orb
|
|-weather|none
|upkeep
|turn|9
|
|t:|1776038209
|move|p1a: Tornadus|Hurricane|p2a: Corviknight
|-resisted|p2a: Corviknight
|-damage|p2a: Corviknight|0 fnt
|faint|p2a: Corviknight
|-damage|p1a: Tornadus|52/100|[from] item: Life Orb
|
|upkeep
|
|t:|1776038222
|switch|p2a: Blissey|Blissey, F|66/100
|turn|10
|
|t:|1776038228
|move|p1a: Tornadus|Hurricane|p2a: Blissey
|-damage|p2a: Blissey|23/100
|-damage|p1a: Tornadus|42/100|[from] item: Life Orb
|move|p2a: Blissey|Seismic Toss|p1a: Tornadus
|-damage|p1a: Tornadus|9/100
|
|upkeep
|turn|11
|
|t:|1776038239
|switch|p1a: Barraskewda|Barraskewda, F|100/100
|switch|p2a: Dondozo|Dondozo, F|41/100
|
|upkeep
|turn|12
|
|t:|1776038244
|move|p1a: Barraskewda|Flip Turn|p2a: Dondozo
|-resisted|p2a: Dondozo
|-damage|p2a: Dondozo|30/100
|
|t:|1776038248
|switch|p1a: Tornadus|Tornadus-Therian, M|42/100|[from] Flip Turn
|move|p2a: Dondozo|Rest|p2a: Dondozo
|-status|p2a: Dondozo|slp|[from] move: Rest
|-heal|p2a: Dondozo|100/100 slp|[silent]
|
|upkeep
|turn|13
|
|t:|1776038259
|switch|p1a: Pelipper|Pelipper, F|100/100
|-weather|RainDance|[from] ability: Drizzle|[of] p1a: Pelipper
|cant|p2a: Dondozo|slp
|move|p2a: Dondozo|Sleep Talk|p2a: Dondozo
|move|p2a: Dondozo|Curse|p2a: Dondozo|[from] move: Sleep Talk
|-unboost|p2a: Dondozo|spe|1
|-boost|p2a: Dondozo|atk|1
|-boost|p2a: Dondozo|def|1
|
|-weather|RainDance|[upkeep]
|upkeep
|turn|14
|
|t:|1776038269
|move|p1a: Pelipper|U-turn|p2a: Dondozo
|-crit|p2a: Dondozo
|-damage|p2a: Dondozo|93/100 slp
|
|t:|1776038271
|switch|p1a: Bronzong|Bronzong|100/100|[from] U-turn
|cant|p2a: Dondozo|slp
|move|p2a: Dondozo|Sleep Talk|p2a: Dondozo
|move|p2a: Dondozo|Rest||[from] move: Sleep Talk|[still]
|-fail|p2a: Dondozo
|
|-weather|RainDance|[upkeep]
|upkeep
|turn|15
|
|t:|1776038278
|move|p1a: Bronzong|Psychic Noise|p2a: Dondozo
|-damage|p2a: Dondozo|65/100 slp
|-start|p2a: Dondozo|move: Heal Block
|-curestatus|p2a: Dondozo|slp|[msg]
|move|p2a: Dondozo|Waterfall|p1a: Bronzong
|-damage|p1a: Bronzong|49/100
|
|-weather|RainDance|[upkeep]
|-heal|p1a: Bronzong|55/100|[from] item: Leftovers
|upkeep
|turn|16
|
|t:|1776038291
|move|p1a: Bronzong|Psychic Noise|p2a: Dondozo
|-damage|p2a: Dondozo|35/100
|move|p2a: Dondozo|Waterfall|p1a: Bronzong
|-damage|p1a: Bronzong|0 fnt
|faint|p1a: Bronzong
|
|-weather|RainDance|[upkeep]
|-end|p2a: Dondozo|move: Heal Block
|upkeep
|
|t:|1776038295
|switch|p1a: Tornadus|Tornadus-Therian, M|75/100
|turn|17
|
|t:|1776038316
|move|p1a: Tornadus|Hurricane|p2a: Dondozo
|-damage|p2a: Dondozo|0 fnt
|faint|p2a: Dondozo
|-damage|p1a: Tornadus|65/100|[from] item: Life Orb
|
|-weather|RainDance|[upkeep]
|upkeep
|
|t:|1776038322
|switch|p2a: Blissey|Blissey, F|23/100
|turn|18
|
|t:|1776038325
|move|p1a: Tornadus|Taunt|p2a: Blissey
|-start|p2a: Blissey|move: Taunt
|cant|p2a: Blissey|move: Taunt|Soft-Boiled
|
|-weather|RainDance|[upkeep]
|upkeep
|turn|19
|
|t:|1776038334
|switch|p2a: Toxapex|Toxapex, F|53/100
|move|p1a: Tornadus|Nasty Plot|p1a: Tornadus
|-boost|p1a: Tornadus|spa|2
|
|-weather|RainDance|[upkeep]
|upkeep
|turn|20
|
|t:|1776038344
|switch|p2a: Blissey|Blissey, F|23/100
|move|p1a: Tornadus|Hurricane|p2a: Blissey
|-damage|p2a: Blissey|0 fnt
|faint|p2a: Blissey
|-damage|p1a: Tornadus|56/100|[from] item: Life Orb
|
|-weather|none
|upkeep
|
|t:|1776038353
|switch|p2a: Toxapex|Toxapex, F|86/100
|turn|21
|
|t:|1776038360
|-terastallize|p2a: Toxapex|Steel
|move|p1a: Tornadus|Nasty Plot|p1a: Tornadus
|-boost|p1a: Tornadus|spa|2
|move|p2a: Toxapex|Toxic|p1a: Tornadus
|-status|p1a: Tornadus|tox
|
|-damage|p1a: Tornadus|50/100 tox|[from] psn
|upkeep
|turn|22
|
|t:|1776038367
|switch|p1a: Pelipper|Pelipper, F|100/100
|-weather|RainDance|[from] ability: Drizzle|[of] p1a: Pelipper
|move|p2a: Toxapex|Haze|p2a: Toxapex
|-clearallboost
|
|-weather|RainDance|[upkeep]
|upkeep
|turn|23
|
|t:|1776038372
|move|p1a: Pelipper|U-turn|p2a: Toxapex
|-resisted|p2a: Toxapex
|-damage|p2a: Toxapex|83/100
|
|t:|1776038375
|switch|p1a: Iron Treads|Iron Treads|100/100|[from] U-turn
|move|p2a: Toxapex|Toxic|p1a: Iron Treads|[miss]
|-miss|p2a: Toxapex|p1a: Iron Treads
|
|-weather|RainDance|[upkeep]
|upkeep
|turn|24
|
|t:|1776038382
|-end|p1a: Iron Treads|Quark Drive|[silent]
|switch|p1a: Barraskewda|Barraskewda, F|100/100
|switch|p2a: Gliscor|Gliscor, M|100/100 tox
|
|-weather|RainDance|[upkeep]
|upkeep
|turn|25
|
|t:|1776038387
|move|p2a: Gliscor|Protect|p2a: Gliscor
|-singleturn|p2a: Gliscor|Protect
|move|p1a: Barraskewda|Flip Turn|p2a: Gliscor
|-activate|p2a: Gliscor|move: Protect
|
|-weather|RainDance|[upkeep]
|upkeep
|turn|26
|
|t:|1776038391
|switch|p2a: Amoonguss|Amoonguss, M|100/100
|move|p1a: Barraskewda|Flip Turn|p2a: Amoonguss
|-resisted|p2a: Amoonguss
|-damage|p2a: Amoonguss|73/100
|
|t:|1776038407
|switch|p1a: Tornadus|Tornadus-Therian, M|83/100 tox|[from] Flip Turn
|
|-weather|RainDance|[upkeep]
|-damage|p1a: Tornadus|77/100 tox|[from] psn
|upkeep
|turn|27
|
|t:|1776038415
|switch|p2a: Toxapex|Toxapex, F, tera:Steel|100/100
|move|p1a: Tornadus|Nasty Plot|p1a: Tornadus
|-boost|p1a: Tornadus|spa|2
|
|-weather|RainDance|[upkeep]
|-damage|p1a: Tornadus|65/100 tox|[from] psn
|upkeep
|turn|28
|
|t:|1776038421
|move|p1a: Tornadus|Weather Ball|p2a: Toxapex
|-damage|p2a: Toxapex|22/100
|-damage|p1a: Tornadus|55/100 tox|[from] item: Life Orb
|move|p2a: Toxapex|Haze|p2a: Toxapex
|-clearallboost
|
|-weather|RainDance|[upkeep]
|-damage|p1a: Tornadus|37/100 tox|[from] psn
|upkeep
|turn|29
|
|t:|1776038433
|switch|p1a: Barraskewda|Barraskewda, F|100/100
|switch|p2a: Amoonguss|Amoonguss, M|100/100
|
|-weather|none
|upkeep
|turn|30
|
|t:|1776038440
|switch|p1a: Pelipper|Pelipper, F|100/100
|-weather|RainDance|[from] ability: Drizzle|[of] p1a: Pelipper
|move|p2a: Amoonguss|Foul Play|p1a: Pelipper
|-damage|p1a: Pelipper|90/100
|
|-weather|RainDance|[upkeep]
|upkeep
|turn|31
|
|t:|1776038445
|move|p1a: Pelipper|U-turn|p2a: Amoonguss
|-damage|p2a: Amoonguss|93/100
|
|t:|1776038447
|switch|p1a: Iron Treads|Iron Treads|100/100|[from] U-turn
|move|p2a: Amoonguss|Foul Play|p1a: Iron Treads
|-damage|p1a: Iron Treads|82/100
|
|-weather|RainDance|[upkeep]
|upkeep
|turn|32
|
|t:|1776038458
|move|p1a: Iron Treads|Ice Spinner|p2a: Amoonguss
|-supereffective|p2a: Amoonguss
|-damage|p2a: Amoonguss|65/100
|move|p2a: Amoonguss|Foul Play|p1a: Iron Treads
|-damage|p1a: Iron Treads|64/100
|
|-weather|RainDance|[upkeep]
|upkeep
|turn|33
|
|t:|1776038466
|move|p1a: Iron Treads|Ice Spinner|p2a: Amoonguss
|-supereffective|p2a: Amoonguss
|-damage|p2a: Amoonguss|38/100
|move|p2a: Amoonguss|Foul Play|p1a: Iron Treads
|-damage|p1a: Iron Treads|44/100
|
|-weather|RainDance|[upkeep]
|upkeep
|turn|34
|
|t:|1776038474
|move|p1a: Iron Treads|Earthquake|p2a: Amoonguss
|-damage|p2a: Amoonguss|9/100
|move|p2a: Amoonguss|Synthesis|p2a: Amoonguss
|-heal|p2a: Amoonguss|34/100
|
|-weather|RainDance|[upkeep]
|upkeep
|turn|35
|
|t:|1776038482
|switch|p2a: Gliscor|Gliscor, M|100/100 tox
|move|p1a: Iron Treads|Ice Spinner|p2a: Gliscor
|-supereffective|p2a: Gliscor
|-damage|p2a: Gliscor|36/100 tox
|
|-weather|RainDance|[upkeep]
|-heal|p2a: Gliscor|48/100 tox|[from] ability: Poison Heal
|upkeep
|turn|36
|
|t:|1776038486
|-end|p1a: Iron Treads|Quark Drive|[silent]
|switch|p1a: Ogerpon|Ogerpon-Wellspring, F|100/100
|move|p2a: Gliscor|Protect||[still]
|-fail|p2a: Gliscor
|
|-weather|RainDance|[upkeep]
|-heal|p2a: Gliscor|61/100 tox|[from] ability: Poison Heal
|upkeep
|turn|37
|
|t:|1776038493
|switch|p2a: Amoonguss|Amoonguss, M|67/100
|-terastallize|p1a: Ogerpon|Water
|detailschange|p1a: Ogerpon|Ogerpon-Wellspring-Tera, F, tera:Water
|-ability|p1a: Ogerpon|Embody Aspect (Wellspring)|boost
|-boost|p1a: Ogerpon|spd|1
|move|p1a: Ogerpon|Ivy Cudgel|p2a: Amoonguss|[anim] Ivy Cudgel Water
|-resisted|p2a: Amoonguss
|-damage|p2a: Amoonguss|23/100
|
|-weather|none
|upkeep
|turn|38
|-message|Goofy Gabriel forfeited.
|
|win|rank 1 greninja
|raw|rank 1 greninja's rating: 1450 &rarr; <strong>1471</strong><br />(+21 for winning)
|raw|Goofy Gabriel's rating: 1461 &rarr; <strong>1440</strong><br />(-21 for losing)
|l|☆Goofy Gabriel
|player|p2|
|l| ohko_smeargle
