|html|<div class="broadcast-blue"><strong>[Gen 9] OU is currently suspecting Volcarona! For information on how to participate check out the <a href="https://www.smogon.com/tools/suspects/view/208">suspect thread</a>.</strong></div>
|j|☆Nez_Otanura
|j|☆swaggercaptain
|t:|1778496953
|gametype|singles
|player|p1|Nez_Otanura|266|1184
|player|p2|swaggercaptain|2|1196
|gen|9
|tier|[Gen 9] OU
|rated|
|rule|HP Percentage Mod: HP is shown in percentages
|rule|Endless Battle Clause: Forcing endless battles is banned
|rule|Species Clause: Limit one of each Pokémon
|rule|OHKO Clause: OHKO moves are banned
|rule|Evasion Items Clause: Evasion items are banned
|rule|Evasion Moves Clause: Evasion moves are banned
|rule|Evasion Abilities Clause: Evasion abilities are banned
|rule|Sleep Moves Clause: Sleep-inducing moves are banned
|clearpoke
|poke|p1|Kingambit, M|
|poke|p1|Walking Wake|
|poke|p1|Volcarona, F|
|poke|p1|Gholdengo|
|poke|p1|Great Tusk|
|poke|p1|Torkoal, F|
|poke|p2|Ogerpon-Wellspring, F|
|poke|p2|Braviary, M|
|poke|p2|Talonflame, M|
|poke|p2|Brambleghast, F|
|poke|p2|Mamoswine, F|
|poke|p2|Pelipper, M|
|teampreview
|
|t:|1778496976
|teamsize|p1|6
|teamsize|p2|6
|start
|switch|p1a: Torkoal|Torkoal, F|100/100
|switch|p2a: Momo|Mamoswine, F|100/100
|-weather|SunnyDay|[from] ability: Drought|[of] p1a: Torkoal
|turn|1
|inactive|Battle timer is ON: inactive players will automatically lose when time's up. (requested by Nez_Otanura)
|
|t:|1778496994
|move|p2a: Momo|Earthquake|p1a: Torkoal
|-supereffective|p1a: Torkoal
|-damage|p1a: Torkoal|36/100
|move|p1a: Torkoal|Lava Plume|p2a: Momo
|-supereffective|p2a: Momo
|-enditem|p2a: Momo|Focus Sash
|-damage|p2a: Momo|1/100
|
|-weather|SunnyDay|[upkeep]
|upkeep
|turn|2
|
|t:|1778497006
|move|p2a: Momo|Earthquake|p1a: Torkoal
|-supereffective|p1a: Torkoal
|-damage|p1a: Torkoal|0 fnt
|faint|p1a: Torkoal
|
|-weather|SunnyDay|[upkeep]
|upkeep
|
|t:|1778497016
|switch|p1a: Walking Wake|Walking Wake|100/100
|-activate|p1a: Walking Wake|ability: Protosynthesis
|-start|p1a: Walking Wake|protosynthesisspa
|turn|3
|
|t:|1778497026
|move|p2a: Momo|Ice Shard|p1a: Walking Wake
|-damage|p1a: Walking Wake|77/100
|move|p1a: Walking Wake|Hydro Steam|p2a: Momo
|-supereffective|p2a: Momo
|-damage|p2a: Momo|0 fnt
|faint|p2a: Momo
|
|-weather|SunnyDay|[upkeep]
|upkeep
|
|t:|1778497039
|switch|p2a: beak|Pelipper, M|100/100
|-weather|RainDance|[from] ability: Drizzle|[of] p2a: beak
|-end|p1a: Walking Wake|Protosynthesis
|-enditem|p1a: Walking Wake|Booster Energy
|-activate|p1a: Walking Wake|ability: Protosynthesis|[fromitem]
|-start|p1a: Walking Wake|protosynthesisspa
|turn|4
|inactive|swaggercaptain has 120 seconds left.
|
|t:|1778497074
|-end|p1a: Walking Wake|Protosynthesis|[silent]
|switch|p1a: Gholdengo|Gholdengo|100/100
|move|p2a: beak|Tailwind|p2a: beak
|-sidestart|p2: swaggercaptain|move: Tailwind
|
|-weather|RainDance|[upkeep]
|upkeep
|turn|5
|inactive|swaggercaptain has 120 seconds left.
|
|t:|1778497103
|move|p2a: beak|Hydro Pump|p1a: Gholdengo
|-damage|p1a: Gholdengo|26/100
|move|p1a: Gholdengo|Trick|p2a: beak
|-activate|p1a: Gholdengo|move: Trick|[of] p2a: beak
|-item|p2a: beak|Choice Scarf|[from] move: Trick
|-item|p1a: Gholdengo|Damp Rock|[from] move: Trick
|
|-weather|RainDance|[upkeep]
|upkeep
|turn|6
|inactive|swaggercaptain has 90 seconds left.
|
|t:|1778497132
|switch|p2a: Ghastblast|Brambleghast, F|100/100
|-ability|p2a: Ghastblast|Wind Rider|boost
|-boost|p2a: Ghastblast|atk|1
|switch|p1a: Walking Wake|Walking Wake|77/100
|
|-weather|RainDance|[upkeep]
|upkeep
|turn|7
|inactive|swaggercaptain has 90 seconds left.
|
|t:|1778497156
|move|p2a: Ghastblast|Power Whip|p1a: Walking Wake|[miss]
|-miss|p2a: Ghastblast|p1a: Walking Wake
|move|p1a: Walking Wake|Flamethrower|p2a: Ghastblast
|-supereffective|p2a: Ghastblast
|-crit|p2a: Ghastblast
|-damage|p2a: Ghastblast|13/100
|
|-weather|RainDance|[upkeep]
|-sideend|p2: swaggercaptain|move: Tailwind
|upkeep
|turn|8
|
|t:|1778497173
|move|p1a: Walking Wake|Flamethrower|p2a: Ghastblast
|-supereffective|p2a: Ghastblast
|-damage|p2a: Ghastblast|0 fnt
|faint|p2a: Ghastblast
|
|-weather|RainDance|[upkeep]
|upkeep
|inactive|swaggercaptain has 60 seconds left.
|
|t:|1778497189
|switch|p2a: Bravy|Braviary, M, shiny|100/100
|turn|9
|
|t:|1778497205
|move|p1a: Walking Wake|Hydro Steam|p2a: Bravy
|-damage|p2a: Bravy|29/100
|move|p2a: Bravy|Agility|p2a: Bravy
|-boost|p2a: Bravy|spe|2
|
|-weather|RainDance|[upkeep]
|upkeep
|turn|10
|
|t:|1778497213
|move|p2a: Bravy|Sky Attack||[still]
|-prepare|p2a: Bravy|Sky Attack
|-enditem|p2a: Bravy|Power Herb
|-anim|p2a: Bravy|Sky Attack|p1a: Walking Wake
|-crit|p1a: Walking Wake
|-damage|p1a: Walking Wake|0 fnt
|faint|p1a: Walking Wake
|-end|p1a: Walking Wake|Protosynthesis|[silent]
|
|-weather|RainDance|[upkeep]
|upkeep
|inactive|Nez_Otanura has 120 seconds left.
|
|t:|1778497239
|switch|p1a: Gholdengo|Gholdengo|26/100
|turn|11
|
|t:|1778497251
|move|p2a: Bravy|Acrobatics|p1a: Gholdengo
|-resisted|p1a: Gholdengo
|-damage|p1a: Gholdengo|0 fnt
|faint|p1a: Gholdengo
|
|-weather|none
|upkeep
|
|t:|1778497257
|switch|p1a: Kingambit|Kingambit, M|100/100
|-activate|p1a: Kingambit|ability: Supreme Overlord
|-start|p1a: Kingambit|fallen3|[silent]
|turn|12
|inactive|swaggercaptain has 90 seconds left.
|inactive|swaggercaptain has 60 seconds left.
|
|t:|1778497299
|move|p1a: Kingambit|Sucker Punch|p2a: Bravy
|-damage|p2a: Bravy|0 fnt
|faint|p2a: Bravy
|
|upkeep
|
|t:|1778497312
|switch|p2a: Talonflame|Talonflame, M|100/100
|turn|13
|
|t:|1778497320
|-terastallize|p1a: Kingambit|Flying
|move|p2a: Talonflame|Will-O-Wisp|p1a: Kingambit
|-status|p1a: Kingambit|brn
|move|p1a: Kingambit|Kowtow Cleave|p2a: Talonflame
|-damage|p2a: Talonflame|52/100
|-enditem|p2a: Talonflame|Eject Button
|inactive|swaggercaptain has 60 seconds left.
|
|t:|1778497341
|switch|p2a: beak|Pelipper, M|100/100
|-weather|RainDance|[from] ability: Drizzle|[of] p2a: beak
|
|-weather|RainDance|[upkeep]
|-damage|p1a: Kingambit|94/100 brn|[from] brn
|upkeep
|turn|14
|
|t:|1778497348
|move|p2a: beak|Ice Beam|p1a: Kingambit
|-supereffective|p1a: Kingambit
|-damage|p1a: Kingambit|28/100 brn
|move|p1a: Kingambit|Kowtow Cleave|p2a: beak
|-damage|p2a: beak|64/100
|
|-weather|RainDance|[upkeep]
|-heal|p1a: Kingambit|34/100 brn|[from] item: Leftovers
|-damage|p1a: Kingambit|28/100 brn|[from] brn
|upkeep
|turn|15
|
|t:|1778497358
|-end|p1a: Kingambit|fallen3|[silent]
|switch|p1a: Volcarona|Volcarona, F|100/100
|move|p2a: beak|Ice Beam|p1a: Volcarona
|-resisted|p1a: Volcarona
|-damage|p1a: Volcarona|86/100
|
|-weather|RainDance|[upkeep]
|upkeep
|turn|16
|inactive|swaggercaptain has 60 seconds left.
|
|t:|1778497372
|switch|p2a: Talonflame|Talonflame, M|52/100
|move|p1a: Volcarona|Quiver Dance|p1a: Volcarona
|-boost|p1a: Volcarona|spa|1
|-boost|p1a: Volcarona|spd|1
|-boost|p1a: Volcarona|spe|1
|
|-weather|RainDance|[upkeep]
|upkeep
|turn|17
|inactive|swaggercaptain has 60 seconds left.
|
|t:|1778497382
|move|p1a: Volcarona|Fiery Dance|p2a: Talonflame
|-resisted|p2a: Talonflame
|-crit|p2a: Talonflame
|-damage|p2a: Talonflame|13/100
|move|p2a: Talonflame|Brave Bird|p1a: Volcarona
|-supereffective|p1a: Volcarona
|-damage|p1a: Volcarona|0 fnt
|faint|p1a: Volcarona
|-damage|p2a: Talonflame|0 fnt|[from] Recoil
|faint|p2a: Talonflame
|
|-weather|none
|upkeep
|
|t:|1778497400
|switch|p2a: beak|Pelipper, M|64/100
|switch|p1a: Great Tusk|Great Tusk|100/100
|-weather|RainDance|[from] ability: Drizzle|[of] p2a: beak
|turn|18
|
|t:|1778497410
|move|p1a: Great Tusk|Ice Spinner|p2a: beak
|-damage|p2a: beak|33/100
|move|p2a: beak|Hydro Pump|p1a: Great Tusk
|-supereffective|p1a: Great Tusk
|-damage|p1a: Great Tusk|0 fnt
|faint|p1a: Great Tusk
|-end|p1a: Great Tusk|Protosynthesis|[silent]
|
|-weather|RainDance|[upkeep]
|upkeep
|
|t:|1778497414
|switch|p1a: Kingambit|Kingambit, M, tera:Flying|28/100 brn
|-activate|p1a: Kingambit|ability: Supreme Overlord
|-start|p1a: Kingambit|fallen5|[silent]
|turn|19
|inactive|swaggercaptain has 60 seconds left.
|
|t:|1778497425
|switch|p2a: Ogerpon|Ogerpon-Wellspring, F|100/100
|move|p1a: Kingambit|Sucker Punch||[still]
|-fail|p1a: Kingambit
|
|-weather|RainDance|[upkeep]
|-heal|p1a: Kingambit|34/100 brn|[from] item: Leftovers
|-damage|p1a: Kingambit|28/100 brn|[from] brn
|upkeep
|turn|20
|inactive|swaggercaptain has 60 seconds left.
|
|t:|1778497434
|move|p2a: Ogerpon|Encore|p1a: Kingambit
|-start|p1a: Kingambit|Encore
|move|p1a: Kingambit|Sucker Punch||[still]
|-fail|p1a: Kingambit
|
|-weather|RainDance|[upkeep]
|-heal|p1a: Kingambit|34/100 brn|[from] item: Leftovers
|-damage|p1a: Kingambit|28/100 brn|[from] brn
|upkeep
|turn|21
|-message|Nez_Otanura forfeited.
|
|win|swaggercaptain
|raw|Nez_Otanura's rating: 1184 &rarr; <strong>1160</strong><br />(-24 for losing)
|raw|swaggercaptain's rating: 1196 &rarr; <strong>1220</strong><br />(+24 for winning)
|l|☆Nez_Otanura
|player|p1|
|l|☆swaggercaptain
|player|p2|
