|j|☆encore21768768
|j|☆Abyssal Bot
|t:|1776075331
|gametype|singles
|player|p1|encore21768768|265|
|player|p2|Abyssal Bot|supernerd|
|teamsize|p1|6
|teamsize|p2|6
|gen|9
|tier|[Gen 9] OU
|rule|Species Clause: Limit one of each Pokémon
|rule|OHKO Clause: OHKO moves are banned
|rule|Evasion Items Clause: Evasion items are banned
|rule|Evasion Moves Clause: Evasion moves are banned
|rule|Endless Battle Clause: Forcing endless battles is banned
|rule|HP Percentage Mod: HP is shown in percentages
|rule|Sleep Moves Clause: Sleep-inducing moves are banned
|clearpoke
|poke|p1|Volcanion|
|poke|p1|Polteageist|
|poke|p1|Kingdra, F|
|poke|p1|Scrafty, F|
|poke|p1|Raging Bolt|
|poke|p1|Great Tusk|
|poke|p2|Gliscor, M|
|poke|p2|Alomomola, M|
|poke|p2|Gholdengo|
|poke|p2|Hoopa-Unbound|
|poke|p2|Cinderace, F|
|poke|p2|Zamazenta-*|
|teampreview
|c|☆Abyssal Bot|Good Luck and Have Fun my Friend!
|inactive|Battle timer is ON: inactive players will automatically lose when time's up. (requested by Abyssal Bot)
|j|*Turbo Bottttt
|
|t:|1776075337
|start
|switch|p1a: Polteageist|Polteageist|100/100
|switch|p2a: Cinderace|Cinderace, F|100/100
|turn|1
|
|t:|1776075340
|move|p2a: Cinderace|Pyro Ball|p1a: Polteageist
|-damage|p1a: Polteageist|21/100
|-status|p1a: Polteageist|brn
|-ability|p1a: Polteageist|Weak Armor|boost
|-unboost|p1a: Polteageist|def|1
|-boost|p1a: Polteageist|spe|2
|move|p1a: Polteageist|Shell Smash|p1a: Polteageist
|-unboost|p1a: Polteageist|def|1
|-unboost|p1a: Polteageist|spd|1
|-boost|p1a: Polteageist|atk|2
|-boost|p1a: Polteageist|spa|2
|-boost|p1a: Polteageist|spe|2
|
|-damage|p1a: Polteageist|15/100 brn|[from] brn|[of] p2a: Cinderace
|upkeep
|turn|2
|
|t:|1776075343
|move|p1a: Polteageist|Stored Power|p2a: Cinderace
|-damage|p2a: Cinderace|0
|faint|p2a: Cinderace
|
|-damage|p1a: Polteageist|9/100 brn|[from] brn|[of] p2: Cinderace
|upkeep
|
|t:|1776075343
|switch|p2a: Hoopa|Hoopa-Unbound|100/100
|turn|3
|
|t:|1776075347
|move|p1a: Polteageist|Shadow Ball|p2a: Hoopa
|-damage|p2a: Hoopa|63/100
|-unboost|p2a: Hoopa|spd|1
|move|p2a: Hoopa|Thunderbolt|p1a: Polteageist
|-damage|p1a: Polteageist|0 brn
|faint|p1a: Polteageist
|
|upkeep
|
|t:|1776075358
|switch|p1a: Great Tusk|Great Tusk|100/100
|turn|4
|
|t:|1776075361
|move|p1a: Great Tusk|Earthquake|p2a: Hoopa
|-damage|p2a: Hoopa|15/100
|move|p2a: Hoopa|Psychic Noise|p1a: Great Tusk
|-supereffective|p1a: Great Tusk
|-damage|p1a: Great Tusk|0
|faint|p1a: Great Tusk
|-end|p1a: Great Tusk|Protosynthesis|[silent]
|
|upkeep
|
|t:|1776075369
|switch|p1a: Raging Bolt|Raging Bolt|100/100
|turn|5
|
|t:|1776075371
|switch|p2a: Gliscor|Gliscor, M|100/100
|move|p1a: Raging Bolt|Thunderclap||[still]
|-fail|p1a: Raging Bolt
|
|-status|p2a: Gliscor|tox|[from] item: Toxic Orb
|upkeep
|turn|6
|
|t:|1776075374
|-end|p1a: Raging Bolt|Protosynthesis|[silent]
|switch|p1a: Scrafty|Scrafty, F|100/100
|move|p2a: Gliscor|Protect||[still]
|-fail|p2a: Gliscor
|
|upkeep
|turn|7
|
|t:|1776075377
|switch|p2a: Zamazenta|Zamazenta|100/100
|-ability|p2a: Zamazenta|Dauntless Shield|boost
|-boost|p2a: Zamazenta|def|1
|move|p1a: Scrafty|Rain Dance|p1a: Scrafty
|-weather|Rain Dance
|
|-weather|Rain Dance|[upkeep]
|upkeep
|turn|8
|
|t:|1776075385
|move|p2a: Zamazenta|Body Press|p1a: Scrafty
|-supereffective|p1a: Scrafty
|-damage|p1a: Scrafty|0
|faint|p1a: Scrafty
|
|-weather|Rain Dance|[upkeep]
|upkeep
|
|t:|1776075390
|switch|p1a: Volcanion|Volcanion|100/100
|turn|9
|
|t:|1776075392
|switch|p2a: Alomomola|Alomomola, M|100/100
|move|p1a: Volcanion|Steam Eruption|p2a: Alomomola
|-resisted|p2a: Alomomola
|-damage|p2a: Alomomola|58/100
|-enditem|p2a: Alomomola|Red Card|[of] p1a: Volcanion
|drag|p1a: Raging Bolt|Raging Bolt|100/100
|
|-weather|Rain Dance|[upkeep]
|upkeep
|turn|10
|
|t:|1776075395
|switch|p2a: Gliscor|Gliscor, M|100/100 tox
|move|p1a: Raging Bolt|Thunder|p2a: Gliscor
|-immune|p2a: Gliscor
|
|-weather|Rain Dance|[upkeep]
|upkeep
|turn|11
|
|t:|1776075397
|-end|p1a: Raging Bolt|Protosynthesis|[silent]
|switch|p1a: Kingdra|Kingdra, F|100/100
|move|p2a: Gliscor|Swords Dance|p2a: Gliscor
|-boost|p2a: Gliscor|atk|2
|
|-weather|Rain Dance|[upkeep]
|upkeep
|turn|12
|
|t:|1776075399
|move|p1a: Kingdra|Focus Energy|p1a: Kingdra
|-start|p1a: Kingdra|move: Focus Energy
|move|p2a: Gliscor|Swords Dance|p2a: Gliscor
|-boost|p2a: Gliscor|atk|2
|
|-weather|Rain Dance|[upkeep]
|upkeep
|turn|13
|
|t:|1776075401
|move|p1a: Kingdra|Scald|p2a: Gliscor
|-supereffective|p2a: Gliscor
|-crit|p2a: Gliscor
|-damage|p2a: Gliscor|0 tox
|faint|p2a: Gliscor
|
|-weather|Rain Dance|[upkeep]
|upkeep
|c|☆Abyssal Bot|I should be the one who gets hax ;-;
|
|t:|1776075401
|switch|p2a: Gholdengo|Gholdengo|100/100
|turn|14
|
|t:|1776075404
|move|p1a: Kingdra|Scald|p2a: Gholdengo
|-crit|p2a: Gholdengo
|-damage|p2a: Gholdengo|7/100
|move|p2a: Gholdengo|Focus Blast|p1a: Kingdra
|-damage|p1a: Kingdra|55/100
|
|-weather|none
|upkeep
|turn|15
|c|☆Abyssal Bot|Oh crap, that crit...
|
|t:|1776075406
|move|p2a: Gholdengo|Focus Blast|p1a: Kingdra|[miss]
|-miss|p2a: Gholdengo|p1a: Kingdra
|move|p1a: Kingdra|Scald|p2a: Gholdengo
|-crit|p2a: Gholdengo
|-damage|p2a: Gholdengo|0
|faint|p2a: Gholdengo
|
|upkeep
|c|☆Abyssal Bot|;-;
|c|☆Abyssal Bot|Oh crap, that crit...
|
|t:|1776075406
|switch|p2a: Alomomola|Alomomola, M|91/100
|turn|16
|
|t:|1776075409
|move|p2a: Alomomola|Protect|p2a: Alomomola
|-singleturn|p2a: Alomomola|Protect
|move|p1a: Kingdra|Draco Meteor|p2a: Alomomola
|-activate|p2a: Alomomola|move: Protect
|
|upkeep
|turn|17
|
|t:|1776075413
|move|p1a: Kingdra|Draco Meteor|p2a: Alomomola
|-crit|p2a: Alomomola
|-damage|p2a: Alomomola|0
|-unboost|p1a: Kingdra|spa|2
|faint|p2a: Alomomola
|
|upkeep
|c|☆Abyssal Bot|I should be the one who gets hax ;-;
|
|t:|1776075413
|switch|p2a: Hoopa|Hoopa-Unbound|15/100
|turn|18
|
|t:|1776075416
|move|p1a: Kingdra|Scald|p2a: Hoopa
|-crit|p2a: Hoopa
|-damage|p2a: Hoopa|0
|faint|p2a: Hoopa
|
|upkeep
|c|☆Abyssal Bot|I should be the one who gets hax ;-;
|
|t:|1776075416
|switch|p2a: Zamazenta|Zamazenta|100/100
|turn|19
|
|t:|1776075418
|move|p2a: Zamazenta|Body Press|p1a: Kingdra
|-damage|p1a: Kingdra|12/100
|move|p1a: Kingdra|Scald|p2a: Zamazenta
|-crit|p2a: Zamazenta
|-damage|p2a: Zamazenta|51/100
|
|-heal|p2a: Zamazenta|57/100|[from] item: Leftovers
|upkeep
|turn|20
|c|☆Abyssal Bot|I should be the one who gets hax ;-;
|
|t:|1776075420
|move|p2a: Zamazenta|Crunch|p1a: Kingdra
|-damage|p1a: Kingdra|0
|faint|p1a: Kingdra
|
|-heal|p2a: Zamazenta|63/100|[from] item: Leftovers
|upkeep
|
|t:|1776075422
|switch|p1a: Raging Bolt|Raging Bolt|100/100
|turn|21
|
|t:|1776075425
|move|p2a: Zamazenta|Crunch|p1a: Raging Bolt
|-damage|p1a: Raging Bolt|89/100
|move|p1a: Raging Bolt|Draco Meteor|p2a: Zamazenta
|-damage|p2a: Zamazenta|0
|-unboost|p1a: Raging Bolt|spa|2
|faint|p2a: Zamazenta
|
|win|encore21768768
|c|☆Abyssal Bot|This loss doesn't matter, because I'm just a bot.
|l|☆Abyssal Bot
|player|p2|
|l|*Turbo Bottttt
