|html|<div class="broadcast-blue"><strong>[Gen 9] OU is currently suspecting Volcarona! For information on how to participate check out the <a href="https://www.smogon.com/tools/suspects/view/208">suspect thread</a>.</strong></div>
|j|☆one_angry_jew
|j|☆ASRAyeetASRA
|t:|1778507593
|gametype|singles
|player|p1|one_angry_jew|1|1414
|player|p2|ASRAyeetASRA|265|1420
|gen|9
|tier|[Gen 9] OU
|rated|
|rule|HP Percentage Mod: HP is shown in percentages
|rule|Endless Battle Clause: Forcing endless battles is banned
|rule|Species Clause: Limit one of each Pokémon
|rule|OHKO Clause: OHKO moves are banned
|rule|Evasion Items Clause: Evasion items are banned
|rule|Evasion Moves Clause: Evasion moves are banned
|rule|Evasion Abilities Clause: Evasion abilities are banned
|rule|Sleep Moves Clause: Sleep-inducing moves are banned
|clearpoke
|poke|p1|Vaporeon, M|
|poke|p1|Sylveon, M|
|poke|p1|Espeon, M|
|poke|p1|Jolteon, M|
|poke|p1|Glaceon, M|
|poke|p1|Umbreon, M|
|poke|p2|Zamazenta-*|
|poke|p2|Dragonite, M|
|poke|p2|Gholdengo|
|poke|p2|Ting-Lu|
|poke|p2|Clefable, M|
|poke|p2|Glimmora, M|
|teampreview
|inactive|Battle timer is ON: inactive players will automatically lose when time's up. (requested by ASRAyeetASRA)
|
|t:|1778507598
|teamsize|p1|6
|teamsize|p2|6
|start
|switch|p1a: Vaporeon|Vaporeon, M|100/100
|switch|p2a: Glimmora|Glimmora, M, shiny|100/100
|turn|1
|
|t:|1778507604
|move|p2a: Glimmora|Mortal Spin|p1a: Vaporeon
|-damage|p1a: Vaporeon|94/100
|-status|p1a: Vaporeon|psn
|move|p1a: Vaporeon|Scald|p2a: Glimmora
|-supereffective|p2a: Glimmora
|-damage|p2a: Glimmora|32/100
|
|-damage|p1a: Vaporeon|81/100 psn|[from] psn
|upkeep
|turn|2
|inactive|ASRAyeetASRA has 120 seconds left.
|
|t:|1778507644
|switch|p2a: Zamazenta|Zamazenta, shiny|100/100
|-ability|p2a: Zamazenta|Dauntless Shield|boost
|-boost|p2a: Zamazenta|def|1
|move|p1a: Vaporeon|Scald|p2a: Zamazenta
|-damage|p2a: Zamazenta|49/100
|
|-heal|p2a: Zamazenta|55/100|[from] item: Leftovers
|-damage|p1a: Vaporeon|69/100 psn|[from] psn
|upkeep
|turn|3
|
|t:|1778507649
|move|p1a: Vaporeon|Scald|p2a: Zamazenta
|-damage|p2a: Zamazenta|7/100
|move|p2a: Zamazenta|Roar|p1a: Vaporeon
|drag|p1a: Sylveon|Sylveon, M|100/100
|
|-heal|p2a: Zamazenta|14/100|[from] item: Leftovers
|upkeep
|turn|4
|
|t:|1778507657
|switch|p2a: Clefable|Clefable, M, shiny|100/100
|move|p1a: Sylveon|Quick Attack|p2a: Clefable
|-damage|p2a: Clefable|92/100
|
|-heal|p2a: Clefable|98/100|[from] item: Leftovers
|upkeep
|turn|5
|
|t:|1778507662
|move|p2a: Clefable|Knock Off|p1a: Sylveon
|-resisted|p1a: Sylveon
|-damage|p1a: Sylveon|90/100
|-enditem|p1a: Sylveon|Assault Vest|[from] move: Knock Off|[of] p2a: Clefable
|move|p1a: Sylveon|Hyper Voice|p2a: Clefable
|-damage|p2a: Clefable|47/100
|
|-heal|p2a: Clefable|53/100|[from] item: Leftovers
|upkeep
|turn|6
|
|t:|1778507668
|move|p2a: Clefable|Protect|p2a: Clefable
|-singleturn|p2a: Clefable|Protect
|move|p1a: Sylveon|Hyper Voice|p2a: Clefable
|-activate|p2a: Clefable|move: Protect
|
|-heal|p2a: Clefable|59/100|[from] item: Leftovers
|upkeep
|turn|7
|
|t:|1778507672
|move|p2a: Clefable|Wish|p2a: Clefable
|move|p1a: Sylveon|Hyper Voice|p2a: Clefable
|-crit|p2a: Clefable
|-damage|p2a: Clefable|0 fnt
|faint|p2a: Clefable
|
|upkeep
|
|t:|1778507680
|switch|p2a: Glimmora|Glimmora, M, shiny|32/100
|turn|8
|
|t:|1778507686
|move|p2a: Glimmora|Mortal Spin|p1a: Sylveon
|-supereffective|p1a: Sylveon
|-damage|p1a: Sylveon|73/100
|-status|p1a: Sylveon|psn
|move|p1a: Sylveon|Psyshock|p2a: Glimmora
|-supereffective|p2a: Glimmora
|-damage|p2a: Glimmora|0 fnt
|faint|p2a: Glimmora
|
|-damage|p1a: Sylveon|61/100 psn|[from] psn
|upkeep
|
|t:|1778507695
|switch|p2a: Ting-Lu|Ting-Lu, shiny|100/100
|-ability|p2a: Ting-Lu|Vessel of Ruin
|turn|9
|
|t:|1778507702
|move|p1a: Sylveon|Hyper Voice|p2a: Ting-Lu
|-supereffective|p2a: Ting-Lu
|-crit|p2a: Ting-Lu
|-damage|p2a: Ting-Lu|32/100
|move|p2a: Ting-Lu|Ruination|p1a: Sylveon
|-damage|p1a: Sylveon|31/100 psn
|
|-heal|p2a: Ting-Lu|38/100|[from] item: Leftovers
|-damage|p1a: Sylveon|19/100 psn|[from] psn
|upkeep
|turn|10
|
|t:|1778507717
|switch|p1a: Espeon|Espeon, M|100/100
|switch|p2a: Zamazenta|Zamazenta, shiny|14/100
|
|-heal|p2a: Zamazenta|20/100|[from] item: Leftovers
|upkeep
|turn|11
|
|t:|1778507722
|move|p1a: Espeon|Shadow Ball|p2a: Zamazenta
|-damage|p2a: Zamazenta|0 fnt
|faint|p2a: Zamazenta
|
|upkeep
|
|t:|1778507729
|switch|p2a: Ting-Lu|Ting-Lu, shiny|38/100
|-ability|p2a: Ting-Lu|Vessel of Ruin
|turn|12
|
|t:|1778507738
|switch|p1a: Sylveon|Sylveon, M|19/100 psn
|move|p2a: Ting-Lu|Earthquake|p1a: Sylveon
|-damage|p1a: Sylveon|0 fnt
|faint|p1a: Sylveon
|
|-heal|p2a: Ting-Lu|44/100|[from] item: Leftovers
|upkeep
|
|t:|1778507740
|switch|p1a: Vaporeon|Vaporeon, M|69/100 psn
|turn|13
|
|t:|1778507744
|-terastallize|p2a: Ting-Lu|Water
|move|p1a: Vaporeon|Scald|p2a: Ting-Lu
|-resisted|p2a: Ting-Lu
|-damage|p2a: Ting-Lu|31/100
|move|p2a: Ting-Lu|Stealth Rock|p1a: Vaporeon
|-sidestart|p1: one_angry_jew|move: Stealth Rock
|
|-heal|p2a: Ting-Lu|37/100|[from] item: Leftovers
|-damage|p1a: Vaporeon|56/100 psn|[from] psn
|upkeep
|turn|14
|
|t:|1778507751
|switch|p1a: Espeon|Espeon, M|100/100
|-damage|p1a: Espeon|88/100|[from] Stealth Rock
|move|p2a: Ting-Lu|Ruination|p1a: Espeon
|-damage|p1a: Espeon|44/100
|
|-heal|p2a: Ting-Lu|43/100|[from] item: Leftovers
|upkeep
|turn|15
|
|t:|1778507759
|move|p1a: Espeon|Trick|p2a: Ting-Lu
|-activate|p1a: Espeon|move: Trick|[of] p2a: Ting-Lu
|-item|p2a: Ting-Lu|Choice Scarf|[from] move: Trick
|-item|p1a: Espeon|Leftovers|[from] move: Trick
|move|p2a: Ting-Lu|Earthquake|p1a: Espeon
|-damage|p1a: Espeon|0 fnt
|faint|p1a: Espeon
|
|upkeep
|
|t:|1778507767
|switch|p1a: Glaceon|Glaceon, M|100/100
|-damage|p1a: Glaceon|76/100|[from] Stealth Rock
|turn|16
|
|t:|1778507771
|move|p2a: Ting-Lu|Earthquake|p1a: Glaceon
|-damage|p1a: Glaceon|43/100
|move|p1a: Glaceon|Freeze-Dry|p2a: Ting-Lu
|-supereffective|p2a: Ting-Lu
|-damage|p2a: Ting-Lu|9/100
|
|upkeep
|turn|17
|
|t:|1778507776
|move|p2a: Ting-Lu|Earthquake|p1a: Glaceon
|-damage|p1a: Glaceon|6/100
|move|p1a: Glaceon|Freeze-Dry|p2a: Ting-Lu
|-supereffective|p2a: Ting-Lu
|-damage|p2a: Ting-Lu|0 fnt
|faint|p2a: Ting-Lu
|
|upkeep
|
|t:|1778507796
|switch|p2a: Dragonite|Dragonite, M, shiny|100/100
|turn|18
|
|t:|1778507809
|move|p2a: Dragonite|Earthquake|p1a: Glaceon
|-damage|p1a: Glaceon|0 fnt
|faint|p1a: Glaceon
|
|upkeep
|
|t:|1778507814
|switch|p1a: Vaporeon|Vaporeon, M|56/100 psn
|-damage|p1a: Vaporeon|44/100 psn|[from] Stealth Rock
|turn|19
|
|t:|1778507819
|move|p2a: Dragonite|Earthquake|p1a: Vaporeon
|-damage|p1a: Vaporeon|2/100 psn
|move|p1a: Vaporeon|Ice Beam|p2a: Dragonite
|-supereffective|p2a: Dragonite
|-damage|p2a: Dragonite|16/100
|
|-damage|p1a: Vaporeon|0 fnt|[from] psn
|faint|p1a: Vaporeon
|upkeep
|
|t:|1778507823
|switch|p1a: Umbreon|Umbreon, M|100/100
|-damage|p1a: Umbreon|88/100|[from] Stealth Rock
|turn|20
|
|t:|1778507838
|switch|p2a: Gholdengo|Gholdengo, shiny|100/100
|-item|p2a: Gholdengo|Air Balloon
|move|p1a: Umbreon|Wish|p1a: Umbreon
|
|-heal|p1a: Umbreon|94/100|[from] item: Leftovers
|upkeep
|turn|21
|
|t:|1778507849
|switch|p1a: Jolteon|Jolteon, M|100/100
|-damage|p1a: Jolteon|88/100|[from] Stealth Rock
|move|p2a: Gholdengo|Nasty Plot|p2a: Gholdengo
|-boost|p2a: Gholdengo|spa|2
|
|-heal|p1a: Jolteon|100/100|[from] move: Wish|[wisher] Umbreon
|upkeep
|turn|22
|
|t:|1778507859
|move|p1a: Jolteon|Volt Switch|p2a: Gholdengo
|-damage|p2a: Gholdengo|57/100
|-enditem|p2a: Gholdengo|Air Balloon
|
|t:|1778507862
|switch|p1a: Umbreon|Umbreon, M|94/100|[from] Volt Switch
|-damage|p1a: Umbreon|82/100|[from] Stealth Rock
|move|p2a: Gholdengo|Shadow Ball|p1a: Umbreon
|-resisted|p1a: Umbreon
|-damage|p1a: Umbreon|47/100
|
|-heal|p1a: Umbreon|54/100|[from] item: Leftovers
|upkeep
|turn|23
|
|t:|1778507877
|move|p2a: Gholdengo|Recover|p2a: Gholdengo
|-heal|p2a: Gholdengo|100/100
|move|p1a: Umbreon|Foul Play|p2a: Gholdengo
|-supereffective|p2a: Gholdengo
|-damage|p2a: Gholdengo|73/100
|
|-heal|p1a: Umbreon|60/100|[from] item: Leftovers
|upkeep
|turn|24
|
|t:|1778507887
|move|p2a: Gholdengo|Nasty Plot|p2a: Gholdengo
|-boost|p2a: Gholdengo|spa|2
|move|p1a: Umbreon|Foul Play|p2a: Gholdengo
|-supereffective|p2a: Gholdengo
|-damage|p2a: Gholdengo|43/100
|
|-heal|p1a: Umbreon|66/100|[from] item: Leftovers
|upkeep
|turn|25
|
|t:|1778507891
|move|p2a: Gholdengo|Recover|p2a: Gholdengo
|-heal|p2a: Gholdengo|93/100
|move|p1a: Umbreon|Foul Play|p2a: Gholdengo
|-supereffective|p2a: Gholdengo
|-damage|p2a: Gholdengo|62/100
|
|-heal|p1a: Umbreon|72/100|[from] item: Leftovers
|upkeep
|turn|26
|
|t:|1778507902
|move|p2a: Gholdengo|Recover|p2a: Gholdengo
|-heal|p2a: Gholdengo|100/100
|move|p1a: Umbreon|Foul Play|p2a: Gholdengo
|-supereffective|p2a: Gholdengo
|-damage|p2a: Gholdengo|73/100
|
|-heal|p1a: Umbreon|78/100|[from] item: Leftovers
|upkeep
|turn|27
|
|t:|1778507905
|move|p2a: Gholdengo|Make It Rain|p1a: Umbreon
|-damage|p1a: Umbreon|0 fnt
|-unboost|p2a: Gholdengo|spa|1
|faint|p1a: Umbreon
|
|upkeep
|
|t:|1778507907
|switch|p1a: Jolteon|Jolteon, M|100/100
|-damage|p1a: Jolteon|88/100|[from] Stealth Rock
|turn|28
|
|t:|1778507910
|move|p1a: Jolteon|Shadow Ball|p2a: Gholdengo
|-supereffective|p2a: Gholdengo
|-damage|p2a: Gholdengo|0 fnt
|faint|p2a: Gholdengo
|
|upkeep
|
|t:|1778507915
|switch|p2a: Dragonite|Dragonite, M, shiny|16/100
|turn|29
|
|t:|1778507921
|-terastallize|p1a: Jolteon|Fairy
|move|p2a: Dragonite|Extreme Speed|p1a: Jolteon
|-damage|p1a: Jolteon|31/100
|move|p1a: Jolteon|Shadow Ball|p2a: Dragonite
|-damage|p2a: Dragonite|0 fnt
|faint|p2a: Dragonite
|
|win|one_angry_jew
|raw|one_angry_jew's rating: 1414 &rarr; <strong>1434</strong><br />(+20 for winning)
|raw|ASRAyeetASRA's rating: 1420 &rarr; <strong>1400</strong><br />(-20 for losing)
|l|☆ASRAyeetASRA
|player|p2|
|l|☆one_angry_jew
|player|p1|
