|html|<div class="broadcast-blue"><strong>[Gen 9] OU is currently suspecting Tera Blast! For information on how to participate check out the <a href="https://www.smogon.com/tools/suspects/view/200">suspect thread</a>.</strong></div>
|j|☆EeroyeTheCamerupt
|j|☆Powernoddle20
|t:|1776090207
|gametype|singles
|player|p1|EeroyeTheCamerupt|hilda|1212
|player|p2|Powernoddle20|266|1220
|gen|9
|tier|[Gen 9] OU
|rated|
|rule|HP Percentage Mod: HP is shown in percentages
|rule|Endless Battle Clause: Forcing endless battles is banned
|rule|Species Clause: Limit one of each Pokémon
|rule|OHKO Clause: OHKO moves are banned
|rule|Evasion Items Clause: Evasion items are banned
|rule|Evasion Moves Clause: Evasion moves are banned
|rule|Evasion Abilities Clause: Evasion abilities are banned
|rule|Sleep Moves Clause: Sleep-inducing moves are banned
|clearpoke
|poke|p1|Swanna, F|
|poke|p1|Gholdengo|
|poke|p1|Iron Valiant|
|poke|p1|Cinderace, M|
|poke|p1|Kingambit, M|
|poke|p1|Clodsire, M|
|poke|p2|Pelipper, F|
|poke|p2|Manaphy|
|poke|p2|Barraskewda, F|
|poke|p2|Ogerpon-Wellspring, F|
|poke|p2|Quaquaval, F|
|poke|p2|Raging Bolt|
|teampreview
|inactive|Battle timer is ON: inactive players will automatically lose when time's up. (requested by Powernoddle20)
|
|t:|1776090213
|teamsize|p1|6
|teamsize|p2|6
|start
|switch|p1a: CLODfromElemental|Clodsire, M|100/100
|switch|p2a: Pelipper|Pelipper, F, shiny|100/100
|-weather|RainDance|[from] ability: Drizzle|[of] p2a: Pelipper
|turn|1
|
|t:|1776090222
|move|p2a: Pelipper|U-turn|p1a: CLODfromElemental
|-resisted|p1a: CLODfromElemental
|-damage|p1a: CLODfromElemental|96/100
|
|t:|1776090224
|switch|p2a: Manaphy|Manaphy, shiny|100/100|[from] U-turn
|move|p1a: CLODfromElemental|Toxic|p2a: Manaphy
|-status|p2a: Manaphy|tox
|
|-weather|RainDance|[upkeep]
|-activate|p2a: Manaphy|ability: Hydration
|-curestatus|p2a: Manaphy|tox|[msg]
|-heal|p1a: CLODfromElemental|100/100|[from] item: Black Sludge
|upkeep
|turn|2
|
|t:|1776090233
|move|p2a: Manaphy|Tail Glow|p2a: Manaphy
|-boost|p2a: Manaphy|spa|3
|move|p1a: CLODfromElemental|Rock Tomb|p2a: Manaphy
|-damage|p2a: Manaphy|91/100
|-unboost|p2a: Manaphy|spe|1
|
|-weather|RainDance|[upkeep]
|upkeep
|turn|3
|
|t:|1776090240
|move|p2a: Manaphy|Tail Glow|p2a: Manaphy
|-boost|p2a: Manaphy|spa|3
|move|p1a: CLODfromElemental|Rock Tomb|p2a: Manaphy
|-damage|p2a: Manaphy|82/100
|-unboost|p2a: Manaphy|spe|1
|
|-weather|RainDance|[upkeep]
|upkeep
|turn|4
|
|t:|1776090248
|move|p2a: Manaphy|Ice Beam|p1a: CLODfromElemental
|-supereffective|p1a: CLODfromElemental
|-damage|p1a: CLODfromElemental|0 fnt
|faint|p1a: CLODfromElemental
|
|-weather|RainDance|[upkeep]
|upkeep
|
|t:|1776090253
|switch|p1a: Cygnus|Swanna, F|100/100
|turn|5
|
|t:|1776090257
|move|p1a: Cygnus|Air Slash|p2a: Manaphy
|-damage|p2a: Manaphy|55/100
|cant|p2a: Manaphy|flinch
|
|-weather|RainDance|[upkeep]
|upkeep
|turn|6
|
|t:|1776090261
|move|p1a: Cygnus|Air Slash|p2a: Manaphy
|-damage|p2a: Manaphy|32/100
|cant|p2a: Manaphy|flinch
|
|-weather|RainDance|[upkeep]
|upkeep
|turn|7
|
|t:|1776090267
|move|p1a: Cygnus|Air Slash|p2a: Manaphy
|-damage|p2a: Manaphy|8/100
|move|p2a: Manaphy|Rest|p2a: Manaphy
|-status|p2a: Manaphy|slp|[from] move: Rest
|-heal|p2a: Manaphy|100/100 slp|[silent]
|
|-weather|RainDance|[upkeep]
|-activate|p2a: Manaphy|ability: Hydration
|-curestatus|p2a: Manaphy|slp|[msg]
|upkeep
|turn|8
|
|t:|1776090271
|move|p1a: Cygnus|Air Slash|p2a: Manaphy
|-damage|p2a: Manaphy|74/100
|move|p2a: Manaphy|Ice Beam|p1a: Cygnus
|-damage|p1a: Cygnus|0 fnt
|faint|p1a: Cygnus
|
|-weather|none
|upkeep
|
|t:|1776090278
|switch|p1a: Goldilocks|Gholdengo|100/100
|turn|9
|
|t:|1776090281
|move|p1a: Goldilocks|Thunderbolt|p2a: Manaphy
|-supereffective|p2a: Manaphy
|-crit|p2a: Manaphy
|-damage|p2a: Manaphy|0 fnt
|faint|p2a: Manaphy
|
|upkeep
|
|t:|1776090284
|switch|p2a: Pelipper|Pelipper, F, shiny|100/100
|-weather|RainDance|[from] ability: Drizzle|[of] p2a: Pelipper
|turn|10
|
|t:|1776090298
|switch|p2a: Raging Bolt|Raging Bolt|100/100
|move|p1a: Goldilocks|Thunderbolt|p2a: Raging Bolt
|-resisted|p2a: Raging Bolt
|-damage|p2a: Raging Bolt|94/100
|
|-weather|RainDance|[upkeep]
|upkeep
|turn|11
|
|t:|1776090305
|switch|p1a: Trixie|Cinderace, M|100/100
|move|p2a: Raging Bolt|Thunder|p1a: Trixie
|-damage|p1a: Trixie|0 fnt
|faint|p1a: Trixie
|
|-weather|RainDance|[upkeep]
|upkeep
|
|t:|1776090307
|switch|p1a: Valiant|Iron Valiant|100/100
|-enditem|p1a: Valiant|Booster Energy
|-activate|p1a: Valiant|ability: Quark Drive|[fromitem]
|-start|p1a: Valiant|quarkdrivespe
|turn|12
|
|t:|1776090310
|move|p1a: Valiant|Moonblast|p2a: Raging Bolt
|-supereffective|p2a: Raging Bolt
|-damage|p2a: Raging Bolt|22/100
|move|p2a: Raging Bolt|Thunder|p1a: Valiant
|-damage|p1a: Valiant|0 fnt
|faint|p1a: Valiant
|-end|p1a: Valiant|Quark Drive|[silent]
|
|-weather|RainDance|[upkeep]
|upkeep
|
|t:|1776090315
|switch|p1a: Uramasa|Kingambit, M|100/100
|-activate|p1a: Uramasa|ability: Supreme Overlord
|-start|p1a: Uramasa|fallen4|[silent]
|turn|13
|
|t:|1776090321
|-end|p2a: Raging Bolt|Protosynthesis|[silent]
|switch|p2a: Barraskewda|Barraskewda, F, shiny|100/100
|move|p1a: Uramasa|Kowtow Cleave|p2a: Barraskewda
|-damage|p2a: Barraskewda|0 fnt
|faint|p2a: Barraskewda
|
|-weather|RainDance|[upkeep]
|upkeep
|
|t:|1776090324
|switch|p2a: Quaquaval|Quaquaval, F, shiny|100/100
|turn|14
|
|t:|1776090329
|-end|p1a: Uramasa|fallen4|[silent]
|switch|p1a: Goldilocks|Gholdengo|100/100
|move|p2a: Quaquaval|Close Combat|p1a: Goldilocks
|-immune|p1a: Goldilocks
|
|-weather|RainDance|[upkeep]
|upkeep
|turn|15
|
|t:|1776090356
|switch|p2a: Raging Bolt|Raging Bolt|22/100
|move|p1a: Goldilocks|Thunderbolt|p2a: Raging Bolt
|-resisted|p2a: Raging Bolt
|-damage|p2a: Raging Bolt|16/100
|
|-weather|RainDance|[upkeep]
|upkeep
|turn|16
|
|t:|1776090363
|switch|p1a: Uramasa|Kingambit, M|100/100
|-activate|p1a: Uramasa|ability: Supreme Overlord
|-start|p1a: Uramasa|fallen4|[silent]
|move|p2a: Raging Bolt|Thunder|p1a: Uramasa
|-damage|p1a: Uramasa|0 fnt
|faint|p1a: Uramasa
|-end|p1a: Uramasa|fallen4|[silent]
|
|-weather|RainDance|[upkeep]
|upkeep
|
|t:|1776090366
|switch|p1a: Goldilocks|Gholdengo|100/100
|turn|17
|
|t:|1776090372
|move|p1a: Goldilocks|Shadow Ball|p2a: Raging Bolt
|-damage|p2a: Raging Bolt|0 fnt
|faint|p2a: Raging Bolt
|-end|p2a: Raging Bolt|Protosynthesis|[silent]
|
|-weather|none
|upkeep
|
|t:|1776090375
|switch|p2a: Pelipper|Pelipper, F, shiny|100/100
|-weather|RainDance|[from] ability: Drizzle|[of] p2a: Pelipper
|turn|18
|
|t:|1776090377
|move|p1a: Goldilocks|Shadow Ball|p2a: Pelipper
|-damage|p2a: Pelipper|41/100
|move|p2a: Pelipper|Weather Ball|p1a: Goldilocks
|-damage|p1a: Goldilocks|42/100
|
|-weather|RainDance|[upkeep]
|upkeep
|turn|19
|
|t:|1776090384
|move|p1a: Goldilocks|Shadow Ball|p2a: Pelipper
|-damage|p2a: Pelipper|0 fnt
|faint|p2a: Pelipper
|
|-weather|RainDance|[upkeep]
|upkeep
|
|t:|1776090388
|switch|p2a: Ogerpon|Ogerpon-Wellspring, F|100/100
|turn|20
|
|t:|1776090393
|-terastallize|p2a: Ogerpon|Water
|detailschange|p2a: Ogerpon|Ogerpon-Wellspring-Tera, F, tera:Water
|-ability|p2a: Ogerpon|Embody Aspect (Wellspring)|boost
|-boost|p2a: Ogerpon|spd|1
|move|p1a: Goldilocks|Shadow Ball|p2a: Ogerpon
|-damage|p2a: Ogerpon|65/100
|move|p2a: Ogerpon|Ivy Cudgel|p1a: Goldilocks|[anim] Ivy Cudgel Water
|-damage|p1a: Goldilocks|0 fnt
|faint|p1a: Goldilocks
|
|win|Powernoddle20
|raw|EeroyeTheCamerupt's rating: 1212 &rarr; <strong>1188</strong><br />(-24 for losing)
|raw|Powernoddle20's rating: 1220 &rarr; <strong>1244</strong><br />(+24 for winning)
|l|☆EeroyeTheCamerupt
|player|p1|
|l|☆Powernoddle20
|player|p2|
