|html|<div class="broadcast-blue"><strong>[Gen 9] OU is currently suspecting Volcarona! For information on how to participate check out the <a href="https://www.smogon.com/tools/suspects/view/208">suspect thread</a>.</strong></div>
|j|☆YooChiJin
|j|☆FORSTAKEN99036
|t:|1778502033
|gametype|singles
|player|p1|YooChiJin|rancher|1079
|player|p2|FORSTAKEN99036|170|1081
|gen|9
|tier|[Gen 9] OU
|rated|
|rule|HP Percentage Mod: HP is shown in percentages
|rule|Endless Battle Clause: Forcing endless battles is banned
|rule|Species Clause: Limit one of each Pokémon
|rule|OHKO Clause: OHKO moves are banned
|rule|Evasion Items Clause: Evasion items are banned
|rule|Evasion Moves Clause: Evasion moves are banned
|rule|Evasion Abilities Clause: Evasion abilities are banned
|rule|Sleep Moves Clause: Sleep-inducing moves are banned
|clearpoke
|poke|p1|Glimmora, F|
|poke|p1|Minior-Green|
|poke|p1|Corviknight, M|
|poke|p1|Kingambit, M|
|poke|p1|Garganacl, M|
|poke|p1|Ogerpon-Wellspring, F|
|poke|p2|Ceruledge, M|
|poke|p2|Corviknight, M|
|poke|p2|Garganacl, M|
|poke|p2|Iron Valiant|
|poke|p2|Iron Hands|
|poke|p2|Ninetales, M|
|teampreview
|
|t:|1778502039
|teamsize|p1|6
|teamsize|p2|6
|start
|switch|p1a: Glimmora|Glimmora, F|100/100
|switch|p2a: Ninetales|Ninetales, M|100/100
|-weather|SunnyDay|[from] ability: Drought|[of] p2a: Ninetales
|turn|1
|inactive|Battle timer is ON: inactive players will automatically lose when time's up. (requested by YooChiJin)
|
|t:|1778502055
|move|p2a: Ninetales|Solar Beam||[still]
|-prepare|p2a: Ninetales|Solar Beam
|-anim|p2a: Ninetales|Solar Beam|p1a: Glimmora
|-damage|p1a: Glimmora|60/100
|move|p1a: Glimmora|Stealth Rock|p2a: Ninetales
|-sidestart|p2: FORSTAKEN99036|move: Stealth Rock
|
|-weather|SunnyDay|[upkeep]
|upkeep
|turn|2
|
|t:|1778502065
|move|p2a: Ninetales|Solar Beam||[still]
|-prepare|p2a: Ninetales|Solar Beam
|-anim|p2a: Ninetales|Solar Beam|p1a: Glimmora
|-damage|p1a: Glimmora|17/100
|move|p1a: Glimmora|Mortal Spin|p2a: Ninetales
|-damage|p2a: Ninetales|92/100
|-status|p2a: Ninetales|psn
|
|-weather|SunnyDay|[upkeep]
|-damage|p2a: Ninetales|80/100 psn|[from] psn
|upkeep
|turn|3
|
|t:|1778502081
|move|p2a: Ninetales|Solar Beam||[still]
|-prepare|p2a: Ninetales|Solar Beam
|-anim|p2a: Ninetales|Solar Beam|p1a: Glimmora
|-damage|p1a: Glimmora|0 fnt
|faint|p1a: Glimmora
|
|-weather|SunnyDay|[upkeep]
|-damage|p2a: Ninetales|67/100 psn|[from] psn
|upkeep
|
|t:|1778502090
|switch|p1a: Minior|Minior-Green|100/100
|-formechange|p1a: Minior|Minior-Meteor||[from] ability: Shields Down
|turn|4
|
|t:|1778502098
|move|p2a: Ninetales|Solar Beam||[still]
|-prepare|p2a: Ninetales|Solar Beam
|-anim|p2a: Ninetales|Solar Beam|p1a: Minior
|-damage|p1a: Minior|55/100
|move|p1a: Minior|Shell Smash|p1a: Minior
|-unboost|p1a: Minior|def|1
|-unboost|p1a: Minior|spd|1
|-boost|p1a: Minior|atk|2
|-boost|p1a: Minior|spa|2
|-boost|p1a: Minior|spe|2
|
|-weather|SunnyDay|[upkeep]
|-damage|p2a: Ninetales|55/100 psn|[from] psn
|upkeep
|turn|5
|
|t:|1778502112
|move|p1a: Minior|Earthquake|p2a: Ninetales
|-supereffective|p2a: Ninetales
|-damage|p2a: Ninetales|0 fnt
|faint|p2a: Ninetales
|
|-weather|none
|upkeep
|
|t:|1778502118
|switch|p2a: Ceruledge|Ceruledge, M, shiny|100/100
|-damage|p2a: Ceruledge|76/100|[from] Stealth Rock
|turn|6
|
|t:|1778502124
|move|p1a: Minior|Earthquake|p2a: Ceruledge
|-supereffective|p2a: Ceruledge
|-damage|p2a: Ceruledge|0 fnt
|faint|p2a: Ceruledge
|
|upkeep
|
|t:|1778502138
|switch|p2a: Iron Valiant|Iron Valiant|100/100
|-damage|p2a: Iron Valiant|94/100|[from] Stealth Rock
|-enditem|p2a: Iron Valiant|Booster Energy
|-activate|p2a: Iron Valiant|ability: Quark Drive|[fromitem]
|-start|p2a: Iron Valiant|quarkdrivespe
|turn|7
|
|t:|1778502155
|move|p2a: Iron Valiant|Substitute|p2a: Iron Valiant
|-start|p2a: Iron Valiant|Substitute
|-damage|p2a: Iron Valiant|69/100
|move|p1a: Minior|Earthquake|p2a: Iron Valiant
|-end|p2a: Iron Valiant|Substitute
|
|upkeep
|turn|8
|
|t:|1778502163
|move|p2a: Iron Valiant|Stored Power|p1a: Minior
|-damage|p1a: Minior|39/100
|move|p1a: Minior|Earthquake|p2a: Iron Valiant
|-damage|p2a: Iron Valiant|13/100
|
|-formechange|p1a: Minior|Minior-Green||[from] ability: Shields Down
|upkeep
|turn|9
|
|t:|1778502174
|move|p1a: Minior|Earthquake|p2a: Iron Valiant
|-damage|p2a: Iron Valiant|0 fnt
|faint|p2a: Iron Valiant
|-end|p2a: Iron Valiant|Quark Drive|[silent]
|
|upkeep
|
|t:|1778502181
|switch|p2a: Iron Hands|Iron Hands|100/100
|-damage|p2a: Iron Hands|94/100|[from] Stealth Rock
|-enditem|p2a: Iron Hands|Booster Energy
|-activate|p2a: Iron Hands|ability: Quark Drive|[fromitem]
|-start|p2a: Iron Hands|quarkdriveatk
|turn|10
|
|t:|1778502189
|move|p1a: Minior|Earthquake|p2a: Iron Hands
|-supereffective|p2a: Iron Hands
|-damage|p2a: Iron Hands|4/100
|move|p2a: Iron Hands|Thunder Punch|p1a: Minior
|-supereffective|p1a: Minior
|-damage|p1a: Minior|0 fnt
|faint|p1a: Minior
|
|upkeep
|
|t:|1778502200
|switch|p1a: Ogerpon|Ogerpon-Wellspring, F|100/100
|turn|11
|
|t:|1778502206
|move|p1a: Ogerpon|Knock Off|p2a: Iron Hands
|-resisted|p2a: Iron Hands
|-damage|p2a: Iron Hands|0 fnt
|faint|p2a: Iron Hands
|-end|p2a: Iron Hands|Quark Drive|[silent]
|
|upkeep
|
|t:|1778502211
|switch|p2a: Corviknight|Corviknight, M|100/100
|-damage|p2a: Corviknight|88/100|[from] Stealth Rock
|-ability|p2a: Corviknight|Pressure
|turn|12
|
|t:|1778502217
|move|p1a: Ogerpon|Knock Off|p2a: Corviknight
|-damage|p2a: Corviknight|67/100
|-enditem|p2a: Corviknight|Leftovers|[from] move: Knock Off|[of] p1a: Ogerpon
|move|p2a: Corviknight|Body Press|p1a: Ogerpon
|-damage|p1a: Ogerpon|67/100
|
|upkeep
|turn|13
|
|t:|1778502226
|move|p1a: Ogerpon|Swords Dance|p1a: Ogerpon
|-boost|p1a: Ogerpon|atk|2
|move|p2a: Corviknight|Body Press|p1a: Ogerpon
|-damage|p1a: Ogerpon|34/100
|
|upkeep
|turn|14
|
|t:|1778502237
|move|p1a: Ogerpon|Swords Dance|p1a: Ogerpon
|-boost|p1a: Ogerpon|atk|2
|move|p2a: Corviknight|Body Press|p1a: Ogerpon
|-damage|p1a: Ogerpon|0 fnt
|faint|p1a: Ogerpon
|
|upkeep
|
|t:|1778502245
|switch|p1a: Garganacl|Garganacl, M|100/100
|turn|15
|
|t:|1778502250
|move|p2a: Corviknight|Body Press|p1a: Garganacl
|-supereffective|p1a: Garganacl
|-damage|p1a: Garganacl|64/100
|move|p1a: Garganacl|Salt Cure|p2a: Corviknight
|-damage|p2a: Corviknight|58/100
|-start|p2a: Corviknight|Salt Cure
|
|-heal|p1a: Garganacl|70/100|[from] item: Leftovers
|-damage|p2a: Corviknight|33/100|[from] Salt Cure
|upkeep
|turn|16
|
|t:|1778502261
|move|p2a: Corviknight|Roost|p2a: Corviknight
|-heal|p2a: Corviknight|83/100
|-singleturn|p2a: Corviknight|move: Roost
|move|p1a: Garganacl|Recover|p1a: Garganacl
|-heal|p1a: Garganacl|100/100
|
|-damage|p2a: Corviknight|59/100|[from] Salt Cure
|upkeep
|turn|17
|
|t:|1778502270
|move|p2a: Corviknight|Body Press|p1a: Garganacl
|-supereffective|p1a: Garganacl
|-damage|p1a: Garganacl|67/100
|move|p1a: Garganacl|Salt Cure|p2a: Corviknight
|-damage|p2a: Corviknight|50/100
|
|-heal|p1a: Garganacl|74/100|[from] item: Leftovers
|-damage|p2a: Corviknight|26/100|[from] Salt Cure
|upkeep
|turn|18
|
|t:|1778502286
|move|p2a: Corviknight|Roost|p2a: Corviknight
|-heal|p2a: Corviknight|76/100
|-singleturn|p2a: Corviknight|move: Roost
|move|p1a: Garganacl|Recover|p1a: Garganacl
|-heal|p1a: Garganacl|100/100
|
|-damage|p2a: Corviknight|51/100|[from] Salt Cure
|upkeep
|turn|19
|
|t:|1778502301
|move|p2a: Corviknight|Iron Head|p1a: Garganacl
|-supereffective|p1a: Garganacl
|-damage|p1a: Garganacl|70/100
|move|p1a: Garganacl|Salt Cure|p2a: Corviknight
|-damage|p2a: Corviknight|43/100
|
|-heal|p1a: Garganacl|76/100|[from] item: Leftovers
|-damage|p2a: Corviknight|18/100|[from] Salt Cure
|upkeep
|turn|20
|
|t:|1778502314
|move|p2a: Corviknight|Roost|p2a: Corviknight
|-heal|p2a: Corviknight|68/100
|-singleturn|p2a: Corviknight|move: Roost
|move|p1a: Garganacl|Recover|p1a: Garganacl
|-heal|p1a: Garganacl|100/100
|
|-damage|p2a: Corviknight|43/100|[from] Salt Cure
|upkeep
|turn|21
|
|t:|1778502324
|move|p2a: Corviknight|Roost|p2a: Corviknight
|-heal|p2a: Corviknight|93/100
|-singleturn|p2a: Corviknight|move: Roost
|move|p1a: Garganacl|Salt Cure|p2a: Corviknight
|-resisted|p2a: Corviknight
|-damage|p2a: Corviknight|89/100
|
|-damage|p2a: Corviknight|64/100|[from] Salt Cure
|upkeep
|turn|22
|
|t:|1778502336
|move|p2a: Corviknight|Body Press|p1a: Garganacl
|-supereffective|p1a: Garganacl
|-damage|p1a: Garganacl|64/100
|move|p1a: Garganacl|Iron Defense|p1a: Garganacl
|-boost|p1a: Garganacl|def|2
|
|-heal|p1a: Garganacl|70/100|[from] item: Leftovers
|-damage|p2a: Corviknight|39/100|[from] Salt Cure
|upkeep
|turn|23
|
|t:|1778502346
|move|p2a: Corviknight|Body Press|p1a: Garganacl
|-supereffective|p1a: Garganacl
|-damage|p1a: Garganacl|52/100
|move|p1a: Garganacl|Recover|p1a: Garganacl
|-heal|p1a: Garganacl|100/100
|
|-damage|p2a: Corviknight|15/100|[from] Salt Cure
|upkeep
|turn|24
|
|t:|1778502355
|move|p2a: Corviknight|Roost|p2a: Corviknight
|-heal|p2a: Corviknight|65/100
|-singleturn|p2a: Corviknight|move: Roost
|move|p1a: Garganacl|Salt Cure|p2a: Corviknight
|-resisted|p2a: Corviknight
|-damage|p2a: Corviknight|61/100
|
|-damage|p2a: Corviknight|36/100|[from] Salt Cure
|upkeep
|turn|25
|
|t:|1778502365
|move|p2a: Corviknight|Roost|p2a: Corviknight
|-heal|p2a: Corviknight|86/100
|-singleturn|p2a: Corviknight|move: Roost
|move|p1a: Garganacl|Iron Defense|p1a: Garganacl
|-boost|p1a: Garganacl|def|2
|
|-damage|p2a: Corviknight|61/100|[from] Salt Cure
|upkeep
|turn|26
|
|t:|1778502374
|move|p2a: Corviknight|Iron Defense|p2a: Corviknight
|-boost|p2a: Corviknight|def|2
|move|p1a: Garganacl|Body Press|p2a: Corviknight
|-damage|p2a: Corviknight|42/100
|
|-damage|p2a: Corviknight|17/100|[from] Salt Cure
|upkeep
|turn|27
|
|t:|1778502382
|move|p2a: Corviknight|Roost|p2a: Corviknight
|-heal|p2a: Corviknight|67/100
|-singleturn|p2a: Corviknight|move: Roost
|move|p1a: Garganacl|Body Press|p2a: Corviknight
|-supereffective|p2a: Corviknight
|-damage|p2a: Corviknight|22/100
|
|-damage|p2a: Corviknight|0 fnt|[from] Salt Cure
|faint|p2a: Corviknight
|upkeep
|
|t:|1778502391
|switch|p2a: Garganacl|Garganacl, M|100/100
|-damage|p2a: Garganacl|88/100|[from] Stealth Rock
|turn|28
|-message|FORSTAKEN99036 forfeited.
|
|win|YooChiJin
|raw|YooChiJin's rating: 1079 &rarr; <strong>1107</strong><br />(+28 for winning)
|raw|FORSTAKEN99036's rating: 1081 &rarr; <strong>1059</strong><br />(-22 for losing)
|l|☆FORSTAKEN99036
|player|p2|
|l|☆YooChiJin
|player|p1|
