|html|<div class="broadcast-blue"><strong>[Gen 9] OU is currently suspecting Tera Blast! For information on how to participate check out the <a href="https://www.smogon.com/tools/suspects/view/200">suspect thread</a>.</strong></div>
|j|☆Extinct
|j|☆Kindyy
|t:|1776337188
|gametype|singles
|player|p1|Extinct|whitney-masters|
|player|p2|Kindyy|lillie-masters|
|gen|9
|tier|[Gen 9] OU
|rated|Tournament battle
|rule|HP Percentage Mod: HP is shown in percentages
|rule|Endless Battle Clause: Forcing endless battles is banned
|rule|Species Clause: Limit one of each Pokémon
|rule|OHKO Clause: OHKO moves are banned
|rule|Evasion Items Clause: Evasion items are banned
|rule|Evasion Moves Clause: Evasion moves are banned
|rule|Evasion Abilities Clause: Evasion abilities are banned
|rule|Sleep Moves Clause: Sleep-inducing moves are banned
|clearpoke
|poke|p1|Kyurem|
|poke|p1|Rillaboom, M|
|poke|p1|Garganacl, F|
|poke|p1|Pecharunt|
|poke|p1|Iron Treads|
|poke|p1|Zamazenta-*|
|poke|p2|Ogerpon-Cornerstone, F|
|poke|p2|Ceruledge, M|
|poke|p2|Zamazenta-*|
|poke|p2|Landorus-Therian, M|
|poke|p2|Hatterene, F|
|poke|p2|Kingambit, F|
|teampreview
|c|☆Extinct|hf
|c|☆Kindyy|Hf
|
|t:|1776337223
|teamsize|p1|6
|teamsize|p2|6
|start
|switch|p1a: Rillaboom|Rillaboom, M|100/100
|switch|p2a: Landorus|Landorus-Therian, M|100/100
|-fieldstart|move: Grassy Terrain|[from] ability: Grassy Surge|[of] p1a: Rillaboom
|-ability|p2a: Landorus|Intimidate|boost
|-unboost|p1a: Rillaboom|atk|1
|turn|1
|
|t:|1776337238
|switch|p1a: Kyurem|Kyurem|100/100
|-ability|p1a: Kyurem|Pressure
|move|p2a: Landorus|Stealth Rock|p1a: Kyurem
|-sidestart|p1: Extinct|move: Stealth Rock
|
|upkeep
|turn|2
|inactive|Battle timer is ON: inactive players will automatically lose when time's up. (requested by Extinct)
|inactive|Kindyy has 120 seconds left.
|
|t:|1776337290
|switch|p2a: Hatterene|Hatterene, F|100/100
|move|p1a: Kyurem|Substitute|p1a: Kyurem
|-start|p1a: Kyurem|Substitute
|-damage|p1a: Kyurem|75/100
|
|-heal|p1a: Kyurem|82/100|[from] Grassy Terrain
|-heal|p1a: Kyurem|88/100|[from] item: Leftovers
|upkeep
|turn|3
|
|t:|1776337300
|move|p1a: Kyurem|Protect|p1a: Kyurem
|-singleturn|p1a: Kyurem|Protect
|move|p2a: Hatterene|Draining Kiss|p1a: Kyurem
|-activate|p1a: Kyurem|move: Protect
|
|-heal|p1a: Kyurem|94/100|[from] Grassy Terrain
|-heal|p1a: Kyurem|99/100|[from] item: Leftovers
|upkeep
|turn|4
|
|t:|1776337326
|move|p1a: Kyurem|Freeze-Dry|p2a: Hatterene
|-damage|p2a: Hatterene|80/100
|move|p2a: Hatterene|Draining Kiss|p1a: Kyurem
|-supereffective|p1a: Kyurem
|-end|p1a: Kyurem|Substitute
|-heal|p2a: Hatterene|100/100|[from] drain|[of] p1a: Kyurem
|
|-heal|p1a: Kyurem|100/100|[from] Grassy Terrain
|upkeep
|turn|5
|
|t:|1776337339
|move|p1a: Kyurem|Protect|p1a: Kyurem
|-singleturn|p1a: Kyurem|Protect
|move|p2a: Hatterene|Psyshock|p1a: Kyurem
|-activate|p1a: Kyurem|move: Protect
|
|-fieldend|move: Grassy Terrain
|upkeep
|turn|6
|inactive|Kindyy has 120 seconds left.
|
|t:|1776337365
|switch|p1a: Iron Treads|Iron Treads|100/100
|-damage|p1a: Iron Treads|97/100|[from] Stealth Rock
|move|p2a: Hatterene|Draining Kiss|p1a: Iron Treads
|-resisted|p1a: Iron Treads
|-damage|p1a: Iron Treads|85/100
|
|upkeep
|turn|7
|
|t:|1776337375
|switch|p2a: Ceruledge|Ceruledge, M|100/100
|move|p1a: Iron Treads|Knock Off|p2a: Ceruledge
|-supereffective|p2a: Ceruledge
|-damage|p2a: Ceruledge|14/100
|-ability|p2a: Ceruledge|Weak Armor|boost
|-unboost|p2a: Ceruledge|def|1
|-boost|p2a: Ceruledge|spe|2
|-enditem|p2a: Ceruledge|Focus Sash|[from] move: Knock Off|[of] p1a: Iron Treads
|
|upkeep
|turn|8
|inactive|Kindyy has 120 seconds left.
|
|t:|1776337385
|-end|p1a: Iron Treads|Quark Drive|[silent]
|switch|p1a: Garganacl|Garganacl, F|100/100
|-damage|p1a: Garganacl|88/100|[from] Stealth Rock
|move|p2a: Ceruledge|Bitter Blade|p1a: Garganacl
|-resisted|p1a: Garganacl
|-damage|p1a: Garganacl|73/100
|-heal|p2a: Ceruledge|25/100|[from] drain|[of] p1a: Garganacl
|
|-heal|p1a: Garganacl|79/100|[from] item: Leftovers
|upkeep
|turn|9
|
|t:|1776337392
|move|p2a: Ceruledge|Poltergeist|p1a: Garganacl
|-activate|p1a: Garganacl|move: Poltergeist|Leftovers
|-damage|p1a: Garganacl|61/100
|move|p1a: Garganacl|Stealth Rock|p2a: Ceruledge
|-sidestart|p2: Kindyy|move: Stealth Rock
|
|-heal|p1a: Garganacl|67/100|[from] item: Leftovers
|upkeep
|turn|10
|
|t:|1776337399
|move|p2a: Ceruledge|Destiny Bond|p2a: Ceruledge
|-singlemove|p2a: Ceruledge|Destiny Bond
|move|p1a: Garganacl|Recover|p1a: Garganacl
|-heal|p1a: Garganacl|100/100
|
|upkeep
|turn|11
|
|t:|1776337409
|switch|p2a: Landorus|Landorus-Therian, M|100/100
|-damage|p2a: Landorus|88/100|[from] Stealth Rock
|-ability|p2a: Landorus|Intimidate|boost
|-unboost|p1a: Garganacl|atk|1
|move|p1a: Garganacl|Protect||[still]
|-fail|p1a: Garganacl
|
|upkeep
|turn|12
|
|t:|1776337418
|move|p1a: Garganacl|Protect|p1a: Garganacl
|-singleturn|p1a: Garganacl|Protect
|move|p2a: Landorus|Earth Power|p1a: Garganacl
|-activate|p1a: Garganacl|move: Protect
|
|upkeep
|turn|13
|
|t:|1776337427
|move|p2a: Landorus|Earth Power|p1a: Garganacl
|-supereffective|p1a: Garganacl
|-damage|p1a: Garganacl|55/100
|move|p1a: Garganacl|Salt Cure|p2a: Landorus
|-damage|p2a: Landorus|80/100
|-start|p2a: Landorus|Salt Cure
|
|-heal|p1a: Garganacl|62/100|[from] item: Leftovers
|-damage|p2a: Landorus|67/100|[from] Salt Cure
|upkeep
|turn|14
|
|t:|1776337431
|move|p1a: Garganacl|Protect|p1a: Garganacl
|-singleturn|p1a: Garganacl|Protect
|move|p2a: Landorus|U-turn|p1a: Garganacl
|-activate|p1a: Garganacl|move: Protect
|
|-heal|p1a: Garganacl|68/100|[from] item: Leftovers
|-damage|p2a: Landorus|55/100|[from] Salt Cure
|upkeep
|turn|15
|
|t:|1776337434
|move|p2a: Landorus|U-turn|p1a: Garganacl
|-damage|p1a: Garganacl|55/100
|
|t:|1776337436
|switch|p2a: Ogerpon|Ogerpon-Cornerstone, F|100/100|[from] U-turn
|-damage|p2a: Ogerpon|88/100|[from] Stealth Rock
|move|p1a: Garganacl|Recover|p1a: Garganacl
|-heal|p1a: Garganacl|100/100
|
|upkeep
|turn|16
|
|t:|1776337446
|switch|p1a: Pecharunt|Pecharunt|100/100
|move|p2a: Ogerpon|Swords Dance|p2a: Ogerpon
|-boost|p2a: Ogerpon|atk|2
|
|upkeep
|turn|17
|
|t:|1776337456
|move|p2a: Ogerpon|Ivy Cudgel|p1a: Pecharunt|[anim] Ivy Cudgel Rock
|-damage|p1a: Pecharunt|49/100
|move|p1a: Pecharunt|Malignant Chain|p2a: Ogerpon
|-damage|p2a: Ogerpon|53/100
|-status|p2a: Ogerpon|tox
|-start|p2a: Ogerpon|confusion|[from] ability: Poison Puppeteer|[of] p1a: Pecharunt
|
|-damage|p2a: Ogerpon|47/100 tox|[from] psn
|upkeep
|turn|18
|
|t:|1776337464
|-activate|p2a: Ogerpon|confusion
|move|p2a: Ogerpon|Ivy Cudgel|p1a: Pecharunt|[anim] Ivy Cudgel Rock
|-damage|p1a: Pecharunt|0 fnt
|faint|p1a: Pecharunt
|
|-damage|p2a: Ogerpon|35/100 tox|[from] psn
|upkeep
|
|t:|1776337478
|switch|p1a: Rillaboom|Rillaboom, M|100/100
|-damage|p1a: Rillaboom|88/100|[from] Stealth Rock
|-fieldstart|move: Grassy Terrain|[from] ability: Grassy Surge|[of] p1a: Rillaboom
|turn|19
|
|t:|1776337486
|switch|p2a: Ceruledge|Ceruledge, M|25/100
|-damage|p2a: Ceruledge|0 fnt|[from] Stealth Rock
|faint|p2a: Ceruledge
|move|p1a: Rillaboom|U-turn|p2: Ceruledge|[notarget]
|-fail|p1a: Rillaboom
|
|-heal|p1a: Rillaboom|94/100|[from] Grassy Terrain
|upkeep
|
|t:|1776337505
|switch|p2a: Kingambit|Kingambit, F|100/100
|-damage|p2a: Kingambit|94/100|[from] Stealth Rock
|-activate|p2a: Kingambit|ability: Supreme Overlord
|-start|p2a: Kingambit|fallen1|[silent]
|turn|20
|
|t:|1776337509
|move|p1a: Rillaboom|U-turn|p2a: Kingambit
|-damage|p2a: Kingambit|76/100
|
|t:|1776337512
|switch|p1a: Zamazenta|Zamazenta|100/100|[from] U-turn
|-damage|p1a: Zamazenta|94/100|[from] Stealth Rock
|-ability|p1a: Zamazenta|Dauntless Shield|boost
|-boost|p1a: Zamazenta|def|1
|move|p2a: Kingambit|Swords Dance|p2a: Kingambit
|-boost|p2a: Kingambit|atk|2
|
|-heal|p1a: Zamazenta|100/100|[from] Grassy Terrain
|-heal|p2a: Kingambit|82/100|[from] Grassy Terrain
|-heal|p2a: Kingambit|88/100|[from] item: Leftovers
|upkeep
|turn|21
|
|t:|1776337520
|-terastallize|p2a: Kingambit|Ghost
|move|p1a: Zamazenta|Iron Defense|p1a: Zamazenta
|-boost|p1a: Zamazenta|def|2
|move|p2a: Kingambit|Iron Head|p1a: Zamazenta
|-damage|p1a: Zamazenta|68/100
|
|-heal|p1a: Zamazenta|74/100|[from] Grassy Terrain
|-heal|p1a: Zamazenta|80/100|[from] item: Leftovers
|-heal|p2a: Kingambit|94/100|[from] Grassy Terrain
|-heal|p2a: Kingambit|100/100|[from] item: Leftovers
|upkeep
|turn|22
|
|t:|1776337529
|move|p2a: Kingambit|Swords Dance|p2a: Kingambit
|-boost|p2a: Kingambit|atk|2
|move|p1a: Zamazenta|Roar|p2a: Kingambit
|-end|p2a: Kingambit|fallen1|[silent]
|drag|p2a: Zamazenta|Zamazenta|100/100
|-damage|p2a: Zamazenta|94/100|[from] Stealth Rock
|-ability|p2a: Zamazenta|Dauntless Shield|boost
|-boost|p2a: Zamazenta|def|1
|
|-heal|p2a: Zamazenta|100/100|[from] Grassy Terrain
|-heal|p1a: Zamazenta|86/100|[from] Grassy Terrain
|-heal|p1a: Zamazenta|92/100|[from] item: Leftovers
|upkeep
|turn|23
|
|t:|1776337535
|move|p1a: Zamazenta|Iron Defense|p1a: Zamazenta
|-boost|p1a: Zamazenta|def|2
|move|p2a: Zamazenta|Roar|p1a: Zamazenta
|drag|p1a: Kyurem|Kyurem|100/100
|-damage|p1a: Kyurem|75/100|[from] Stealth Rock
|-ability|p1a: Kyurem|Pressure
|
|-heal|p1a: Kyurem|82/100|[from] Grassy Terrain
|-heal|p1a: Kyurem|88/100|[from] item: Leftovers
|-fieldend|move: Grassy Terrain
|upkeep
|turn|24
|
|t:|1776337554
|move|p2a: Zamazenta|Body Press|p1a: Kyurem
|-supereffective|p1a: Kyurem
|-damage|p1a: Kyurem|0 fnt
|faint|p1a: Kyurem
|
|upkeep
|
|t:|1776337556
|switch|p1a: Garganacl|Garganacl, F|100/100
|-damage|p1a: Garganacl|88/100|[from] Stealth Rock
|turn|25
|
|t:|1776337565
|-terastallize|p1a: Garganacl|Water
|move|p2a: Zamazenta|Body Press|p1a: Garganacl
|-damage|p1a: Garganacl|55/100
|move|p1a: Garganacl|Salt Cure|p2a: Zamazenta
|-resisted|p2a: Zamazenta
|-damage|p2a: Zamazenta|96/100
|-start|p2a: Zamazenta|Salt Cure
|
|-heal|p2a: Zamazenta|100/100|[from] item: Leftovers
|-heal|p1a: Garganacl|62/100|[from] item: Leftovers
|-damage|p2a: Zamazenta|88/100|[from] Salt Cure
|upkeep
|turn|26
|
|t:|1776337569
|switch|p2a: Ogerpon|Ogerpon-Cornerstone, F|35/100 tox
|-damage|p2a: Ogerpon|23/100 tox|[from] Stealth Rock
|move|p1a: Garganacl|Recover|p1a: Garganacl
|-heal|p1a: Garganacl|100/100
|
|-damage|p2a: Ogerpon|17/100 tox|[from] psn
|upkeep
|turn|27
|
|t:|1776337573
|move|p1a: Garganacl|Protect|p1a: Garganacl
|-singleturn|p1a: Garganacl|Protect
|move|p2a: Ogerpon|Power Whip|p1a: Garganacl
|-activate|p1a: Garganacl|move: Protect
|
|-damage|p2a: Ogerpon|5/100 tox|[from] psn
|upkeep
|turn|28
|
|t:|1776337581
|switch|p1a: Rillaboom|Rillaboom, M|94/100
|-damage|p1a: Rillaboom|82/100|[from] Stealth Rock
|-fieldstart|move: Grassy Terrain|[from] ability: Grassy Surge|[of] p1a: Rillaboom
|move|p2a: Ogerpon|Power Whip|p1a: Rillaboom
|-resisted|p1a: Rillaboom
|-damage|p1a: Rillaboom|28/100
|
|-heal|p1a: Rillaboom|35/100|[from] Grassy Terrain
|-heal|p2a: Ogerpon|11/100 tox|[from] Grassy Terrain
|-damage|p2a: Ogerpon|0 fnt|[from] psn
|faint|p2a: Ogerpon
|upkeep
|inactive|Kindyy has 120 seconds left.
|
|t:|1776337612
|switch|p2a: Landorus|Landorus-Therian, M|55/100
|-damage|p2a: Landorus|43/100|[from] Stealth Rock
|-ability|p2a: Landorus|Intimidate|boost
|-unboost|p1a: Rillaboom|atk|1
|turn|29
|
|t:|1776337619
|move|p1a: Rillaboom|Wood Hammer|p2a: Landorus
|-damage|p2a: Landorus|0 fnt
|-damage|p1a: Rillaboom|18/100|[from] item: Rocky Helmet|[of] p2a: Landorus
|faint|p2a: Landorus
|-damage|p1a: Rillaboom|3/100|[from] Recoil
|
|-heal|p1a: Rillaboom|9/100|[from] Grassy Terrain
|upkeep
|
|t:|1776337623
|switch|p2a: Zamazenta|Zamazenta|88/100
|-damage|p2a: Zamazenta|82/100|[from] Stealth Rock
|turn|30
|
|t:|1776337626
|switch|p1a: Garganacl|Garganacl, F, tera:Water|100/100
|-damage|p1a: Garganacl|88/100|[from] Stealth Rock
|move|p2a: Zamazenta|Body Press|p1a: Garganacl
|-damage|p1a: Garganacl|69/100
|
|-heal|p2a: Zamazenta|88/100|[from] Grassy Terrain
|-heal|p2a: Zamazenta|94/100|[from] item: Leftovers
|-heal|p1a: Garganacl|75/100|[from] Grassy Terrain
|-heal|p1a: Garganacl|81/100|[from] item: Leftovers
|upkeep
|turn|31
|j| snekuji
|l| snekuji
|inactive|Kindyy has 120 seconds left.
|
|t:|1776337669
|move|p1a: Garganacl|Salt Cure|p2a: Zamazenta
|-resisted|p2a: Zamazenta
|-damage|p2a: Zamazenta|88/100
|-start|p2a: Zamazenta|Salt Cure
|move|p2a: Zamazenta|Roar|p1a: Garganacl
|drag|p1a: Iron Treads|Iron Treads|85/100
|-damage|p1a: Iron Treads|82/100|[from] Stealth Rock
|
|-heal|p2a: Zamazenta|94/100|[from] Grassy Terrain
|-heal|p2a: Zamazenta|99/100|[from] item: Leftovers
|-heal|p1a: Iron Treads|88/100|[from] Grassy Terrain
|-damage|p2a: Zamazenta|88/100|[from] Salt Cure
|upkeep
|turn|32
|
|t:|1776337681
|switch|p2a: Kingambit|Kingambit, F, tera:Ghost|100/100
|-damage|p2a: Kingambit|88/100|[from] Stealth Rock
|-activate|p2a: Kingambit|ability: Supreme Overlord
|-start|p2a: Kingambit|fallen3|[silent]
|-end|p1a: Iron Treads|Quark Drive|[silent]
|switch|p1a: Garganacl|Garganacl, F, tera:Water|81/100
|-damage|p1a: Garganacl|69/100|[from] Stealth Rock
|
|-heal|p2a: Kingambit|94/100|[from] Grassy Terrain
|-heal|p2a: Kingambit|99/100|[from] item: Leftovers
|-heal|p1a: Garganacl|75/100|[from] Grassy Terrain
|-heal|p1a: Garganacl|81/100|[from] item: Leftovers
|-fieldend|move: Grassy Terrain
|upkeep
|turn|33
|inactive|Kindyy has 120 seconds left.
|
|t:|1776337689
|switch|p1a: Zamazenta|Zamazenta|92/100
|-damage|p1a: Zamazenta|86/100|[from] Stealth Rock
|move|p2a: Kingambit|Swords Dance|p2a: Kingambit
|-boost|p2a: Kingambit|atk|2
|
|-heal|p1a: Zamazenta|92/100|[from] item: Leftovers
|-heal|p2a: Kingambit|100/100|[from] item: Leftovers
|upkeep
|turn|34
|
|t:|1776337692
|move|p1a: Zamazenta|Iron Defense|p1a: Zamazenta
|-boost|p1a: Zamazenta|def|2
|move|p2a: Kingambit|Iron Head|p1a: Zamazenta
|-damage|p1a: Zamazenta|46/100
|
|-heal|p1a: Zamazenta|52/100|[from] item: Leftovers
|upkeep
|turn|35
|
|t:|1776337704
|move|p1a: Zamazenta|Crunch|p2a: Kingambit
|-supereffective|p2a: Kingambit
|-damage|p2a: Kingambit|65/100
|-unboost|p2a: Kingambit|def|1
|move|p2a: Kingambit|Iron Head|p1a: Zamazenta
|-crit|p1a: Zamazenta
|-damage|p1a: Zamazenta|0 fnt
|faint|p1a: Zamazenta
|
|-heal|p2a: Kingambit|71/100|[from] item: Leftovers
|upkeep
|c|☆Extinct|AH
|
|t:|1776337714
|switch|p1a: Rillaboom|Rillaboom, M|9/100
|-damage|p1a: Rillaboom|0 fnt|[from] Stealth Rock
|faint|p1a: Rillaboom
|
|t:|1776337716
|switch|p1a: Garganacl|Garganacl, F, tera:Water|81/100
|-damage|p1a: Garganacl|69/100|[from] Stealth Rock
|turn|36
|j|+lemonstre1
|
|t:|1776337724
|move|p2a: Kingambit|Kowtow Cleave|p1a: Garganacl
|-damage|p1a: Garganacl|0 fnt
|faint|p1a: Garganacl
|
|-heal|p2a: Kingambit|77/100|[from] item: Leftovers
|upkeep
|
|t:|1776337727
|switch|p1a: Iron Treads|Iron Treads|88/100
|-damage|p1a: Iron Treads|85/100|[from] Stealth Rock
|turn|37
|
|t:|1776337734
|move|p2a: Kingambit|Sucker Punch|p1a: Iron Treads
|-damage|p1a: Iron Treads|0 fnt
|faint|p1a: Iron Treads
|-end|p1a: Iron Treads|Quark Drive|[silent]
|
|win|Kindyy
|n|☆Extinct|extinct
|n|☆Kindyy|kindyy
|n| lemonstre1|lemonstre1
|l|☆Extinct
|player|p1|
|l|☆Kindyy
|player|p2|
|l| lemonstre1
|j| Giga㋛Chandelure-☂
