|html|<div class="broadcast-blue"><strong>[Gen 9] OU is currently suspecting Tera Blast! For information on how to participate check out the <a href="https://www.smogon.com/tools/suspects/view/200">suspect thread</a>.</strong></div>
|j|☆Princessjosie1001!
|j|☆ButcherMarine
|t:|1776034399
|gametype|singles
|player|p1|Princessjosie1001!|nurse|1555
|player|p2|ButcherMarine|102|1651
|gen|9
|tier|[Gen 9] OU
|rated|
|rule|HP Percentage Mod: HP is shown in percentages
|rule|Endless Battle Clause: Forcing endless battles is banned
|rule|Species Clause: Limit one of each Pokémon
|rule|OHKO Clause: OHKO moves are banned
|rule|Evasion Items Clause: Evasion items are banned
|rule|Evasion Moves Clause: Evasion moves are banned
|rule|Evasion Abilities Clause: Evasion abilities are banned
|rule|Sleep Moves Clause: Sleep-inducing moves are banned
|clearpoke
|poke|p1|Grimmsnarl, M|
|poke|p1|Cloyster, F|
|poke|p1|Salazzle, F|
|poke|p1|Espeon, M|
|poke|p1|Jirachi|
|poke|p1|Dragonite, M|
|poke|p2|Iron Moth|
|poke|p2|Gliscor, M|
|poke|p2|Hatterene, F|
|poke|p2|Ogerpon-Wellspring, F|
|poke|p2|Raging Bolt|
|poke|p2|Zamazenta-*|
|teampreview
|j| ohko_smeargle
|inactive|Battle timer is ON: inactive players will automatically lose when time's up. (requested by ButcherMarine)
|
|t:|1776034411
|teamsize|p1|6
|teamsize|p2|6
|start
|switch|p1a: Jirachi|Jirachi|100/100
|switch|p2a: Raging Bolt|Raging Bolt|100/100
|-enditem|p2a: Raging Bolt|Booster Energy
|-activate|p2a: Raging Bolt|ability: Protosynthesis|[fromitem]
|-start|p2a: Raging Bolt|protosynthesisspa
|turn|1
|
|t:|1776034422
|move|p1a: Jirachi|Iron Head|p2a: Raging Bolt
|-resisted|p2a: Raging Bolt
|-damage|p2a: Raging Bolt|83/100
|cant|p2a: Raging Bolt|flinch
|
|upkeep
|turn|2
|
|t:|1776034430
|move|p1a: Jirachi|Iron Head|p2a: Raging Bolt
|-resisted|p2a: Raging Bolt
|-damage|p2a: Raging Bolt|64/100
|cant|p2a: Raging Bolt|flinch
|
|upkeep
|turn|3
|
|t:|1776034440
|switch|p1a: Grimmsnarl|Grimmsnarl, M|100/100
|move|p2a: Raging Bolt|Thunderclap||[still]
|-fail|p2a: Raging Bolt
|
|upkeep
|turn|4
|
|t:|1776034447
|move|p1a: Grimmsnarl|Trick|p2a: Raging Bolt
|-activate|p1a: Grimmsnarl|move: Trick|[of] p2a: Raging Bolt
|-item|p2a: Raging Bolt|Choice Scarf|[from] move: Trick
|-enditem|p1a: Grimmsnarl|Choice Scarf|[silent]|[from] move: Trick
|move|p2a: Raging Bolt|Thunderbolt|p1a: Grimmsnarl
|-damage|p1a: Grimmsnarl|12/100
|
|upkeep
|turn|5
|
|t:|1776034453
|move|p1a: Grimmsnarl|Sucker Punch|p2a: Raging Bolt
|-damage|p2a: Raging Bolt|26/100
|move|p2a: Raging Bolt|Thunderbolt|p1a: Grimmsnarl
|-damage|p1a: Grimmsnarl|0 fnt
|faint|p1a: Grimmsnarl
|
|upkeep
|
|t:|1776034460
|switch|p1a: Cloyster|Cloyster, F|100/100
|turn|6
|
|t:|1776034464
|-end|p2a: Raging Bolt|Protosynthesis|[silent]
|switch|p2a: Zamazenta|Zamazenta|100/100
|-ability|p2a: Zamazenta|Dauntless Shield|boost
|-boost|p2a: Zamazenta|def|1
|move|p1a: Cloyster|Ice Shard|p2a: Zamazenta
|-damage|p2a: Zamazenta|91/100
|
|upkeep
|turn|7
|
|t:|1776034471
|switch|p1a: Jirachi|Jirachi|100/100
|move|p2a: Zamazenta|Reflect|p2a: Zamazenta
|-sidestart|p2: ButcherMarine|Reflect
|
|upkeep
|turn|8
|
|t:|1776034476
|move|p1a: Jirachi|Body Slam|p2a: Zamazenta
|-damage|p2a: Zamazenta|83/100
|-status|p2a: Zamazenta|par
|move|p2a: Zamazenta|Light Screen|p2a: Zamazenta
|-sidestart|p2: ButcherMarine|move: Light Screen
|
|upkeep
|turn|9
|
|t:|1776034487
|switch|p1a: Salazzle|Salazzle, F|100/100
|switch|p2a: Gliscor|Gliscor, M|100/100
|
|-status|p2a: Gliscor|tox|[from] item: Toxic Orb
|upkeep
|turn|10
|
|t:|1776034494
|switch|p1a: No hazard allowed|Espeon, M|100/100
|move|p2a: Gliscor|Swords Dance|p2a: Gliscor
|-boost|p2a: Gliscor|atk|2
|
|upkeep
|turn|11
|
|t:|1776034499
|move|p1a: No hazard allowed|Trick|p2a: Gliscor
|-activate|p1a: No hazard allowed|move: Trick|[of] p2a: Gliscor
|-item|p2a: Gliscor|Choice Scarf|[from] move: Trick
|-item|p1a: No hazard allowed|Toxic Orb|[from] move: Trick
|move|p2a: Gliscor|Agility|p2a: Gliscor
|-boost|p2a: Gliscor|spe|2
|
|-status|p1a: No hazard allowed|tox|[from] item: Toxic Orb
|upkeep
|turn|12
|
|t:|1776034509
|switch|p2a: Ogerpon|Ogerpon-Wellspring, F|100/100
|move|p1a: No hazard allowed|Thunder Wave|p2a: Ogerpon
|-status|p2a: Ogerpon|par
|
|-damage|p1a: No hazard allowed|95/100 tox|[from] psn
|upkeep
|turn|13
|
|t:|1776034517
|move|p1a: No hazard allowed|Psychic|p2a: Ogerpon
|-damage|p2a: Ogerpon|70/100 par
|move|p2a: Ogerpon|Ivy Cudgel|p1a: No hazard allowed|[anim] Ivy Cudgel Water
|-crit|p1a: No hazard allowed
|-damage|p1a: No hazard allowed|0 fnt
|faint|p1a: No hazard allowed
|
|upkeep
|
|t:|1776034530
|switch|p1a: Cloyster|Cloyster, F|100/100
|turn|14
|
|t:|1776034533
|move|p1a: Cloyster|Shell Smash|p1a: Cloyster
|-unboost|p1a: Cloyster|def|1
|-unboost|p1a: Cloyster|spd|1
|-boost|p1a: Cloyster|atk|2
|-boost|p1a: Cloyster|spa|2
|-boost|p1a: Cloyster|spe|2
|cant|p2a: Ogerpon|par
|
|-sideend|p2: ButcherMarine|Reflect
|upkeep
|turn|15
|
|t:|1776034541
|move|p1a: Cloyster|Shell Smash|p1a: Cloyster
|-unboost|p1a: Cloyster|def|1
|-unboost|p1a: Cloyster|spd|1
|-boost|p1a: Cloyster|atk|2
|-boost|p1a: Cloyster|spa|2
|-boost|p1a: Cloyster|spe|2
|move|p2a: Ogerpon|Encore|p1a: Cloyster
|-start|p1a: Cloyster|Encore
|
|-sideend|p2: ButcherMarine|move: Light Screen
|upkeep
|turn|16
|
|t:|1776034551
|switch|p1a: Salazzle|Salazzle, F|100/100
|switch|p2a: Iron Moth|Iron Moth|100/100
|-enditem|p2a: Iron Moth|Booster Energy
|-activate|p2a: Iron Moth|ability: Quark Drive|[fromitem]
|-start|p2a: Iron Moth|quarkdrivespe
|
|upkeep
|turn|17
|
|t:|1776034559
|move|p2a: Iron Moth|Fiery Dance|p1a: Salazzle
|-resisted|p1a: Salazzle
|-crit|p1a: Salazzle
|-damage|p1a: Salazzle|45/100
|move|p1a: Salazzle|Toxic|p2a: Iron Moth
|-status|p2a: Iron Moth|tox
|
|-damage|p2a: Iron Moth|94/100 tox|[from] psn
|upkeep
|turn|18
|
|t:|1776034566
|move|p2a: Iron Moth|Fiery Dance|p1a: Salazzle
|-resisted|p1a: Salazzle
|-damage|p1a: Salazzle|11/100
|-boost|p2a: Iron Moth|spa|1
|move|p1a: Salazzle|Flamethrower|p2a: Iron Moth
|-resisted|p2a: Iron Moth
|-damage|p2a: Iron Moth|74/100 tox
|
|-damage|p2a: Iron Moth|62/100 tox|[from] psn
|upkeep
|turn|19
|
|t:|1776034576
|move|p2a: Iron Moth|Fiery Dance|p1a: Salazzle
|-resisted|p1a: Salazzle
|-damage|p1a: Salazzle|0 fnt
|faint|p1a: Salazzle
|
|-damage|p2a: Iron Moth|44/100 tox|[from] psn
|upkeep
|
|t:|1776034582
|switch|p1a: Dragonite|Dragonite, M|100/100
|turn|20
|
|t:|1776034585
|-terastallize|p2a: Iron Moth|Ghost
|move|p2a: Iron Moth|Sludge Wave|p1a: Dragonite
|-damage|p1a: Dragonite|63/100
|move|p1a: Dragonite|Dragon Dance|p1a: Dragonite
|-boost|p1a: Dragonite|atk|1
|-boost|p1a: Dragonite|spe|1
|
|-damage|p2a: Iron Moth|20/100 tox|[from] psn
|upkeep
|turn|21
|
|t:|1776034595
|move|p2a: Iron Moth|Fiery Dance|p1a: Dragonite
|-resisted|p1a: Dragonite
|-damage|p1a: Dragonite|33/100
|-boost|p2a: Iron Moth|spa|1
|move|p1a: Dragonite|Dragon Dance|p1a: Dragonite
|-boost|p1a: Dragonite|atk|1
|-boost|p1a: Dragonite|spe|1
|
|-damage|p2a: Iron Moth|0 fnt|[from] psn
|faint|p2a: Iron Moth
|-end|p2a: Iron Moth|Quark Drive|[silent]
|upkeep
|
|t:|1776034601
|switch|p2a: Hatterene|Hatterene, F|100/100
|turn|22
|
|t:|1776034606
|move|p1a: Dragonite|Extreme Speed|p2a: Hatterene
|-damage|p2a: Hatterene|52/100
|move|p2a: Hatterene|Draining Kiss|p1a: Dragonite
|-supereffective|p1a: Dragonite
|-damage|p1a: Dragonite|0 fnt
|-heal|p2a: Hatterene|77/100|[from] drain|[of] p1a: Dragonite
|faint|p1a: Dragonite
|
|-heal|p2a: Hatterene|83/100|[from] item: Leftovers
|upkeep
|
|t:|1776034616
|switch|p1a: Jirachi|Jirachi|100/100
|turn|23
|
|t:|1776034620
|switch|p2a: Zamazenta|Zamazenta|83/100 par
|move|p1a: Jirachi|Iron Head|p2a: Zamazenta
|-damage|p2a: Zamazenta|51/100 par
|
|upkeep
|turn|24
|
|t:|1776034626
|move|p1a: Jirachi|Iron Head|p2a: Zamazenta
|-damage|p2a: Zamazenta|22/100 par
|cant|p2a: Zamazenta|par
|
|upkeep
|turn|25
|
|t:|1776034630
|move|p1a: Jirachi|Iron Head|p2a: Zamazenta
|-damage|p2a: Zamazenta|0 fnt
|faint|p2a: Zamazenta
|
|upkeep
|
|t:|1776034632
|switch|p2a: Gliscor|Gliscor, M|100/100 tox
|turn|26
|
|t:|1776034636
|move|p1a: Jirachi|Iron Head|p2a: Gliscor
|-damage|p2a: Gliscor|69/100 tox
|cant|p2a: Gliscor|flinch
|
|-heal|p2a: Gliscor|81/100 tox|[from] ability: Poison Heal
|upkeep
|turn|27
|
|t:|1776034645
|move|p1a: Jirachi|Iron Head|p2a: Gliscor
|-crit|p2a: Gliscor
|-damage|p2a: Gliscor|35/100 tox
|cant|p2a: Gliscor|flinch
|
|-heal|p2a: Gliscor|48/100 tox|[from] ability: Poison Heal
|upkeep
|turn|28
|
|t:|1776034652
|move|p1a: Jirachi|Iron Head|p2a: Gliscor
|-damage|p2a: Gliscor|13/100 tox
|move|p2a: Gliscor|Earthquake|p1a: Jirachi
|-supereffective|p1a: Jirachi
|-damage|p1a: Jirachi|8/100
|
|-heal|p2a: Gliscor|26/100 tox|[from] ability: Poison Heal
|upkeep
|turn|29
|
|t:|1776034660
|switch|p1a: Cloyster|Cloyster, F|100/100
|move|p2a: Gliscor|Earthquake|p1a: Cloyster
|-damage|p1a: Cloyster|61/100
|
|-heal|p2a: Gliscor|38/100 tox|[from] ability: Poison Heal
|upkeep
|turn|30
|
|t:|1776034667
|move|p2a: Gliscor|Earthquake|p1a: Cloyster
|-damage|p1a: Cloyster|22/100
|move|p1a: Cloyster|Shell Smash|p1a: Cloyster
|-unboost|p1a: Cloyster|def|1
|-unboost|p1a: Cloyster|spd|1
|-boost|p1a: Cloyster|atk|2
|-boost|p1a: Cloyster|spa|2
|-boost|p1a: Cloyster|spe|2
|
|-heal|p2a: Gliscor|50/100 tox|[from] ability: Poison Heal
|upkeep
|turn|31
|
|t:|1776034677
|move|p1a: Cloyster|Ice Shard|p2a: Gliscor
|-supereffective|p2a: Gliscor
|-damage|p2a: Gliscor|0 fnt
|faint|p2a: Gliscor
|
|upkeep
|
|t:|1776034678
|switch|p2a: Hatterene|Hatterene, F|83/100
|turn|32
|
|t:|1776034684
|move|p1a: Cloyster|Icicle Spear|p2a: Hatterene
|-damage|p2a: Hatterene|64/100
|-damage|p2a: Hatterene|44/100
|-damage|p2a: Hatterene|24/100
|-damage|p2a: Hatterene|6/100
|-damage|p2a: Hatterene|0 fnt
|faint|p2a: Hatterene
|-hitcount|p2: Hatterene|5
|
|upkeep
|
|t:|1776034691
|switch|p2a: Raging Bolt|Raging Bolt|26/100
|turn|33
|
|t:|1776034694
|move|p1a: Cloyster|Ice Shard|p2a: Raging Bolt
|-supereffective|p2a: Raging Bolt
|-damage|p2a: Raging Bolt|0 fnt
|faint|p2a: Raging Bolt
|-end|p2a: Raging Bolt|Protosynthesis|[silent]
|
|upkeep
|
|t:|1776034696
|switch|p2a: Ogerpon|Ogerpon-Wellspring, F|70/100 par
|turn|34
|
|t:|1776034700
|move|p1a: Cloyster|Icicle Spear|p2a: Ogerpon
|-damage|p2a: Ogerpon|41/100 par
|-damage|p2a: Ogerpon|10/100 par
|-crit|p2a: Ogerpon
|-damage|p2a: Ogerpon|0 fnt
|faint|p2a: Ogerpon
|-hitcount|p2: Ogerpon|3
|
|win|Princessjosie1001!
|raw|Princessjosie1001!'s rating: 1555 &rarr; <strong>1580</strong><br />(+25 for winning)
|raw|ButcherMarine's rating: 1651 &rarr; <strong>1626</strong><br />(-25 for losing)
|l|☆ButcherMarine
|player|p2|
|l| ohko_smeargle
|l|☆Princessjosie1001!
|player|p1|
