|html|<div class="broadcast-blue"><strong>[Gen 9] OU is currently suspecting Tera Blast! For information on how to participate check out the <a href="https://www.smogon.com/tools/suspects/view/200">suspect thread</a>.</strong></div>
|j|☆Sencopion
|j|☆snorlaxpog
|t:|1776301473
|gametype|singles
|player|p1|Sencopion|roxie|1304
|player|p2|snorlaxpog|102|1349
|gen|9
|tier|[Gen 9] OU
|rated|
|rule|HP Percentage Mod: HP is shown in percentages
|rule|Endless Battle Clause: Forcing endless battles is banned
|rule|Species Clause: Limit one of each Pokémon
|rule|OHKO Clause: OHKO moves are banned
|rule|Evasion Items Clause: Evasion items are banned
|rule|Evasion Moves Clause: Evasion moves are banned
|rule|Evasion Abilities Clause: Evasion abilities are banned
|rule|Sleep Moves Clause: Sleep-inducing moves are banned
|clearpoke
|poke|p1|Darkrai|
|poke|p1|Ceruledge, F|
|poke|p1|Hatterene, F|
|poke|p1|Gliscor, M|
|poke|p1|Samurott-Hisui, M|
|poke|p1|Corviknight, F|
|poke|p2|Dragonite, M|
|poke|p2|Samurott-Hisui, F|
|poke|p2|Clefable, M|
|poke|p2|Gliscor, F|
|poke|p2|Gholdengo|
|poke|p2|Zamazenta-*|
|teampreview
|inactive|Battle timer is ON: inactive players will automatically lose when time's up. (requested by snorlaxpog)
|inactive|Sencopion also wants the timer to be on.
|inactive|snorlaxpog has 120 seconds left.
|inactive|snorlaxpog has 90 seconds left.
|
|t:|1776301540
|teamsize|p1|6
|teamsize|p2|6
|start
|switch|p1a: Darkrai|Darkrai|100/100
|switch|p2a: Clefable|Clefable, M|100/100
|turn|1
|
|t:|1776301546
|-terastallize|p1a: Darkrai|Poison
|move|p1a: Darkrai|Sludge Bomb|p2a: Clefable
|-supereffective|p2a: Clefable
|-damage|p2a: Clefable|0 fnt
|faint|p2a: Clefable
|
|upkeep
|inactive|snorlaxpog has 120 seconds left.
|
|t:|1776301576
|switch|p2a: Gholdengo|Gholdengo|100/100
|turn|2
|
|t:|1776301582
|move|p2a: Gholdengo|Make It Rain|p1a: Darkrai
|-crit|p1a: Darkrai
|-damage|p1a: Darkrai|0 fnt
|-unboost|p2a: Gholdengo|spa|1
|faint|p1a: Darkrai
|
|upkeep
|
|t:|1776301592
|switch|p1a: Samurott|Samurott-Hisui, M|100/100
|turn|3
|
|t:|1776301605
|switch|p2a: Gliscor|Gliscor, F|100/100
|move|p1a: Samurott|Ceaseless Edge|p2a: Gliscor
|-crit|p2a: Gliscor
|-damage|p2a: Gliscor|48/100
|-sidestart|p2: snorlaxpog|Spikes
|
|-status|p2a: Gliscor|tox|[from] item: Toxic Orb
|upkeep
|turn|4
|
|t:|1776301611
|move|p2a: Gliscor|Protect|p2a: Gliscor
|-singleturn|p2a: Gliscor|Protect
|move|p1a: Samurott|Razor Shell|p2a: Gliscor
|-activate|p2a: Gliscor|move: Protect
|
|-heal|p2a: Gliscor|60/100 tox|[from] ability: Poison Heal
|upkeep
|turn|5
|
|t:|1776301618
|switch|p2a: Dragonite|Dragonite, M|100/100
|move|p1a: Samurott|Razor Shell|p2a: Dragonite
|-resisted|p2a: Dragonite
|-damage|p2a: Dragonite|87/100
|
|upkeep
|turn|6
|
|t:|1776301624
|move|p2a: Dragonite|Dragon Dance|p2a: Dragonite
|-boost|p2a: Dragonite|atk|1
|-boost|p2a: Dragonite|spe|1
|move|p1a: Samurott|Ceaseless Edge|p2a: Dragonite
|-damage|p2a: Dragonite|40/100
|-sidestart|p2: snorlaxpog|Spikes
|
|upkeep
|turn|7
|
|t:|1776301632
|move|p2a: Dragonite|Roost|p2a: Dragonite
|-heal|p2a: Dragonite|90/100
|-singleturn|p2a: Dragonite|move: Roost
|move|p1a: Samurott|Ceaseless Edge|p2a: Dragonite
|-damage|p2a: Dragonite|50/100
|-sidestart|p2: snorlaxpog|Spikes
|
|upkeep
|turn|8
|inactive|snorlaxpog has 120 seconds left.
|
|t:|1776301667
|switch|p1a: Hatterene|Hatterene, F|100/100
|move|p2a: Dragonite|Roost|p2a: Dragonite
|-heal|p2a: Dragonite|100/100
|-singleturn|p2a: Dragonite|move: Roost
|
|upkeep
|turn|9
|inactive|snorlaxpog has 120 seconds left.
|
|t:|1776301693
|switch|p2a: Gholdengo|Gholdengo|100/100
|-damage|p2a: Gholdengo|76/100|[from] Spikes
|move|p1a: Hatterene|Nuzzle|p2a: Gholdengo
|-damage|p2a: Gholdengo|71/100
|-status|p2a: Gholdengo|par
|
|upkeep
|turn|10
|
|t:|1776301702
|switch|p1a: Samurott|Samurott-Hisui, M|100/100
|move|p2a: Gholdengo|Trick|p1a: Samurott
|-activate|p2a: Gholdengo|move: Trick|[of] p1a: Samurott
|-item|p1a: Samurott|Choice Scarf|[from] move: Trick
|-item|p2a: Gholdengo|Assault Vest|[from] move: Trick
|
|upkeep
|turn|11
|
|t:|1776301717
|switch|p2a: Zamazenta|Zamazenta|100/100
|-damage|p2a: Zamazenta|76/100|[from] Spikes
|-ability|p2a: Zamazenta|Dauntless Shield|boost
|-boost|p2a: Zamazenta|def|1
|move|p1a: Samurott|Razor Shell|p2a: Zamazenta
|-damage|p2a: Zamazenta|49/100
|
|-heal|p2a: Zamazenta|56/100|[from] item: Leftovers
|upkeep
|turn|12
|inactive|snorlaxpog has 120 seconds left.
|
|t:|1776301734
|switch|p1a: Gliscor|Gliscor, M|100/100
|move|p2a: Zamazenta|Crunch|p1a: Gliscor
|-damage|p1a: Gliscor|85/100
|
|-heal|p2a: Zamazenta|62/100|[from] item: Leftovers
|-status|p1a: Gliscor|tox|[from] item: Toxic Orb
|upkeep
|turn|13
|
|t:|1776301740
|move|p2a: Zamazenta|Iron Defense|p2a: Zamazenta
|-boost|p2a: Zamazenta|def|2
|move|p1a: Gliscor|Stealth Rock|p2a: Zamazenta
|-sidestart|p2: snorlaxpog|move: Stealth Rock
|
|-heal|p2a: Zamazenta|68/100|[from] item: Leftovers
|-heal|p1a: Gliscor|98/100 tox|[from] ability: Poison Heal
|upkeep
|turn|14
|
|t:|1776301746
|move|p2a: Zamazenta|Iron Defense|p2a: Zamazenta
|-boost|p2a: Zamazenta|def|2
|move|p1a: Gliscor|Toxic|p2a: Zamazenta
|-status|p2a: Zamazenta|tox
|
|-heal|p2a: Zamazenta|74/100 tox|[from] item: Leftovers
|-damage|p2a: Zamazenta|68/100 tox|[from] psn
|-heal|p1a: Gliscor|100/100 tox|[from] ability: Poison Heal
|upkeep
|turn|15
|
|t:|1776301752
|move|p2a: Zamazenta|Body Press|p1a: Gliscor
|-resisted|p1a: Gliscor
|-damage|p1a: Gliscor|66/100 tox
|move|p1a: Gliscor|Earthquake|p2a: Zamazenta
|-damage|p2a: Zamazenta|60/100 tox
|
|-heal|p2a: Zamazenta|66/100 tox|[from] item: Leftovers
|-damage|p2a: Zamazenta|53/100 tox|[from] psn
|-heal|p1a: Gliscor|79/100 tox|[from] ability: Poison Heal
|upkeep
|turn|16
|
|t:|1776301760
|switch|p2a: Gliscor|Gliscor, F|60/100 tox
|-damage|p2a: Gliscor|48/100 tox|[from] Stealth Rock
|move|p1a: Gliscor|Protect||[still]
|-fail|p1a: Gliscor
|
|-heal|p2a: Gliscor|60/100 tox|[from] ability: Poison Heal
|-heal|p1a: Gliscor|91/100 tox|[from] ability: Poison Heal
|upkeep
|turn|17
|
|t:|1776301777
|switch|p1a: Hatterene|Hatterene, F|100/100
|move|p2a: Gliscor|Swords Dance|p2a: Gliscor
|-boost|p2a: Gliscor|atk|2
|
|-heal|p2a: Gliscor|73/100 tox|[from] ability: Poison Heal
|upkeep
|turn|18
|
|t:|1776301785
|switch|p1a: Corviknight|Corviknight, F|100/100
|-ability|p1a: Corviknight|Pressure
|move|p2a: Gliscor|Protect||[still]
|-fail|p2a: Gliscor
|
|-heal|p2a: Gliscor|85/100 tox|[from] ability: Poison Heal
|upkeep
|turn|19
|
|t:|1776301795
|move|p2a: Gliscor|Swords Dance|p2a: Gliscor
|-boost|p2a: Gliscor|atk|2
|move|p1a: Corviknight|Brave Bird|p2a: Gliscor
|-damage|p2a: Gliscor|57/100 tox
|-damage|p1a: Corviknight|92/100|[from] Recoil
|
|-heal|p2a: Gliscor|70/100 tox|[from] ability: Poison Heal
|upkeep
|turn|20
|
|t:|1776301802
|move|p2a: Gliscor|Protect|p2a: Gliscor
|-singleturn|p2a: Gliscor|Protect
|move|p1a: Corviknight|Brave Bird|p2a: Gliscor
|-activate|p2a: Gliscor|move: Protect
|
|-heal|p2a: Gliscor|82/100 tox|[from] ability: Poison Heal
|upkeep
|turn|21
|
|t:|1776301808
|move|p2a: Gliscor|Swords Dance|p2a: Gliscor
|-boost|p2a: Gliscor|atk|2
|move|p1a: Corviknight|Brave Bird|p2a: Gliscor
|-damage|p2a: Gliscor|54/100 tox
|-damage|p1a: Corviknight|84/100|[from] Recoil
|
|-heal|p2a: Gliscor|66/100 tox|[from] ability: Poison Heal
|upkeep
|turn|22
|
|t:|1776301815
|move|p2a: Gliscor|Knock Off|p1a: Corviknight
|-damage|p1a: Corviknight|30/100
|-damage|p2a: Gliscor|50/100 tox|[from] item: Rocky Helmet|[of] p1a: Corviknight
|-enditem|p1a: Corviknight|Rocky Helmet|[from] move: Knock Off|[of] p2a: Gliscor
|move|p1a: Corviknight|Brave Bird|p2a: Gliscor
|-damage|p2a: Gliscor|18/100 tox
|-damage|p1a: Corviknight|21/100|[from] Recoil
|
|-heal|p2a: Gliscor|31/100 tox|[from] ability: Poison Heal
|upkeep
|turn|23
|
|t:|1776301836
|switch|p1a: Ceruledge|Ceruledge, F|100/100
|move|p2a: Gliscor|Knock Off|p1a: Ceruledge
|-supereffective|p1a: Ceruledge
|-enditem|p1a: Ceruledge|Focus Sash
|-damage|p1a: Ceruledge|1/100
|-ability|p1a: Ceruledge|Weak Armor|boost
|-unboost|p1a: Ceruledge|def|1
|-boost|p1a: Ceruledge|spe|2
|
|-heal|p2a: Gliscor|43/100 tox|[from] ability: Poison Heal
|upkeep
|turn|24
|
|t:|1776301850
|move|p2a: Gliscor|Protect|p2a: Gliscor
|-singleturn|p2a: Gliscor|Protect
|move|p1a: Ceruledge|Swords Dance|p1a: Ceruledge
|-boost|p1a: Ceruledge|atk|2
|
|-heal|p2a: Gliscor|56/100 tox|[from] ability: Poison Heal
|upkeep
|turn|25
|
|t:|1776301872
|switch|p2a: Gholdengo|Gholdengo|71/100 par
|-damage|p2a: Gholdengo|47/100 par|[from] Spikes
|-damage|p2a: Gholdengo|40/100 par|[from] Stealth Rock
|move|p1a: Ceruledge|Poltergeist|p2a: Gholdengo
|-activate|p2a: Gholdengo|move: Poltergeist|Assault Vest
|-supereffective|p2a: Gholdengo
|-damage|p2a: Gholdengo|0 fnt
|faint|p2a: Gholdengo
|
|upkeep
|
|t:|1776301874
|switch|p2a: Samurott|Samurott-Hisui, F|100/100
|-damage|p2a: Samurott|76/100|[from] Spikes
|-damage|p2a: Samurott|63/100|[from] Stealth Rock
|turn|26
|inactive|Sencopion has 120 seconds left.
|
|t:|1776301904
|move|p1a: Ceruledge|Shadow Sneak|p2a: Samurott
|-resisted|p2a: Samurott
|-damage|p2a: Samurott|40/100
|move|p2a: Samurott|Sucker Punch||[still]
|-fail|p2a: Samurott
|
|upkeep
|turn|27
|
|t:|1776301910
|move|p1a: Ceruledge|Bitter Blade|p2a: Samurott
|-resisted|p2a: Samurott
|-damage|p2a: Samurott|0 fnt
|-heal|p1a: Ceruledge|27/100|[from] drain|[of] p2a: Samurott
|faint|p2a: Samurott
|
|upkeep
|
|t:|1776301914
|switch|p2a: Dragonite|Dragonite, M|100/100
|turn|28
|
|t:|1776301919
|move|p1a: Ceruledge|Poltergeist|p2a: Dragonite
|-activate|p2a: Dragonite|move: Poltergeist|Heavy-Duty Boots
|-damage|p2a: Dragonite|45/100
|move|p2a: Dragonite|Earthquake|p1a: Ceruledge
|-supereffective|p1a: Ceruledge
|-damage|p1a: Ceruledge|0 fnt
|faint|p1a: Ceruledge
|
|upkeep
|inactive|Sencopion has 120 seconds left.
|
|t:|1776301960
|switch|p1a: Gliscor|Gliscor, M|91/100 tox
|turn|29
|
|t:|1776301965
|switch|p2a: Gliscor|Gliscor, F|56/100 tox
|-damage|p2a: Gliscor|43/100 tox|[from] Stealth Rock
|move|p1a: Gliscor|Toxic|p2a: Gliscor
|-fail|p2a: Gliscor|tox
|
|-heal|p2a: Gliscor|56/100 tox|[from] ability: Poison Heal
|-heal|p1a: Gliscor|100/100 tox|[from] ability: Poison Heal
|upkeep
|turn|30
|
|t:|1776301972
|switch|p1a: Samurott|Samurott-Hisui, M|100/100
|move|p2a: Gliscor|Swords Dance|p2a: Gliscor
|-boost|p2a: Gliscor|atk|2
|
|-heal|p2a: Gliscor|68/100 tox|[from] ability: Poison Heal
|upkeep
|turn|31
|
|t:|1776301981
|move|p2a: Gliscor|Protect|p2a: Gliscor
|-singleturn|p2a: Gliscor|Protect
|move|p1a: Samurott|Razor Shell|p2a: Gliscor
|-activate|p2a: Gliscor|move: Protect
|
|-heal|p2a: Gliscor|81/100 tox|[from] ability: Poison Heal
|upkeep
|turn|32
|
|t:|1776301984
|-terastallize|p2a: Gliscor|Normal
|move|p1a: Samurott|Razor Shell|p2a: Gliscor
|-damage|p2a: Gliscor|44/100 tox
|move|p2a: Gliscor|Facade|p1a: Samurott
|-damage|p1a: Samurott|7/100
|
|-heal|p2a: Gliscor|56/100 tox|[from] ability: Poison Heal
|upkeep
|turn|33
|
|t:|1776302004
|switch|p1a: Corviknight|Corviknight, F|21/100
|-ability|p1a: Corviknight|Pressure
|move|p2a: Gliscor|Protect||[still]
|-fail|p2a: Gliscor
|
|-heal|p2a: Gliscor|69/100 tox|[from] ability: Poison Heal
|upkeep
|turn|34
|
|t:|1776302012
|move|p2a: Gliscor|Facade|p1a: Corviknight
|-resisted|p1a: Corviknight
|-damage|p1a: Corviknight|0 fnt
|faint|p1a: Corviknight
|
|-heal|p2a: Gliscor|81/100 tox|[from] ability: Poison Heal
|upkeep
|
|t:|1776302023
|switch|p1a: Hatterene|Hatterene, F|100/100
|turn|35
|
|t:|1776302031
|move|p2a: Gliscor|Protect|p2a: Gliscor
|-singleturn|p2a: Gliscor|Protect
|move|p1a: Hatterene|Psychic Noise|p2a: Gliscor
|-activate|p2a: Gliscor|move: Protect
|
|-heal|p2a: Gliscor|94/100 tox|[from] ability: Poison Heal
|upkeep
|turn|36
|
|t:|1776302036
|move|p2a: Gliscor|Knock Off|p1a: Hatterene
|-damage|p1a: Hatterene|64/100
|-damage|p2a: Gliscor|77/100 tox|[from] item: Rocky Helmet|[of] p1a: Hatterene
|-enditem|p1a: Hatterene|Rocky Helmet|[from] move: Knock Off|[of] p2a: Gliscor
|move|p1a: Hatterene|Psychic Noise|p2a: Gliscor
|-damage|p2a: Gliscor|47/100 tox
|-start|p2a: Gliscor|move: Heal Block
|
|upkeep
|turn|37
|
|t:|1776302046
|move|p2a: Gliscor|Facade|p1a: Hatterene
|-damage|p1a: Hatterene|0 fnt
|faint|p1a: Hatterene
|
|-end|p2a: Gliscor|move: Heal Block
|upkeep
|
|t:|1776302066
|switch|p1a: Samurott|Samurott-Hisui, M|7/100
|turn|38
|
|t:|1776302074
|move|p2a: Gliscor|Protect|p2a: Gliscor
|-singleturn|p2a: Gliscor|Protect
|move|p1a: Samurott|Sacred Sword|p2a: Gliscor
|-activate|p2a: Gliscor|move: Protect
|
|-heal|p2a: Gliscor|60/100 tox|[from] ability: Poison Heal
|upkeep
|turn|39
|
|t:|1776302085
|switch|p2a: Dragonite|Dragonite, M|45/100
|move|p1a: Samurott|Sacred Sword|p2a: Dragonite
|-resisted|p2a: Dragonite
|-damage|p2a: Dragonite|25/100
|
|upkeep
|turn|40
|
|t:|1776302093
|switch|p1a: Gliscor|Gliscor, M|100/100 tox
|move|p2a: Dragonite|Roost|p2a: Dragonite
|-heal|p2a: Dragonite|76/100
|-singleturn|p2a: Dragonite|move: Roost
|
|upkeep
|turn|41
|
|t:|1776302101
|switch|p2a: Gliscor|Gliscor, F, tera:Normal|60/100 tox
|-damage|p2a: Gliscor|35/100 tox|[from] Spikes
|-damage|p2a: Gliscor|22/100 tox|[from] Stealth Rock
|move|p1a: Gliscor|Earthquake|p2a: Gliscor
|-damage|p2a: Gliscor|0 fnt
|faint|p2a: Gliscor
|
|upkeep
|
|t:|1776302111
|switch|p2a: Dragonite|Dragonite, M|76/100
|turn|42
|
|t:|1776302116
|move|p2a: Dragonite|Dragon Dance|p2a: Dragonite
|-boost|p2a: Dragonite|atk|1
|-boost|p2a: Dragonite|spe|1
|move|p1a: Gliscor|Toxic|p2a: Dragonite
|-status|p2a: Dragonite|tox
|
|-damage|p2a: Dragonite|70/100 tox|[from] psn
|upkeep
|turn|43
|
|t:|1776302124
|switch|p1a: Samurott|Samurott-Hisui, M|7/100
|move|p2a: Dragonite|Dragon Dance|p2a: Dragonite
|-boost|p2a: Dragonite|atk|1
|-boost|p2a: Dragonite|spe|1
|
|-damage|p2a: Dragonite|58/100 tox|[from] psn
|upkeep
|turn|44
|
|t:|1776302139
|move|p2a: Dragonite|Extreme Speed|p1a: Samurott
|-damage|p1a: Samurott|0 fnt
|faint|p1a: Samurott
|
|-damage|p2a: Dragonite|39/100 tox|[from] psn
|upkeep
|
|t:|1776302141
|switch|p1a: Gliscor|Gliscor, M|100/100 tox
|turn|45
|
|t:|1776302150
|move|p2a: Dragonite|Roost|p2a: Dragonite
|-heal|p2a: Dragonite|90/100 tox
|-singleturn|p2a: Dragonite|move: Roost
|move|p1a: Gliscor|Toxic|p2a: Dragonite
|-fail|p2a: Dragonite|tox
|
|-damage|p2a: Dragonite|66/100 tox|[from] psn
|upkeep
|turn|46
|
|t:|1776302157
|move|p1a: Gliscor|Protect|p1a: Gliscor
|-singleturn|p1a: Gliscor|Protect
|move|p2a: Dragonite|Dragon Dance|p2a: Dragonite
|-boost|p2a: Dragonite|atk|1
|-boost|p2a: Dragonite|spe|1
|
|-damage|p2a: Dragonite|35/100 tox|[from] psn
|upkeep
|turn|47
|
|t:|1776302166
|move|p2a: Dragonite|Extreme Speed|p1a: Gliscor
|-crit|p1a: Gliscor
|-damage|p1a: Gliscor|29/100 tox
|move|p1a: Gliscor|Toxic|p2a: Dragonite
|-fail|p2a: Dragonite|tox
|
|-damage|p2a: Dragonite|0 fnt|[from] psn
|faint|p2a: Dragonite
|-heal|p1a: Gliscor|41/100 tox|[from] ability: Poison Heal
|upkeep
|
|t:|1776302169
|switch|p2a: Zamazenta|Zamazenta|53/100 tox
|-damage|p2a: Zamazenta|28/100 tox|[from] Spikes
|-damage|p2a: Zamazenta|22/100 tox|[from] Stealth Rock
|turn|48
|
|t:|1776302174
|move|p1a: Gliscor|Protect|p1a: Gliscor
|-singleturn|p1a: Gliscor|Protect
|move|p2a: Zamazenta|Iron Defense|p2a: Zamazenta
|-boost|p2a: Zamazenta|def|2
|
|-heal|p2a: Zamazenta|28/100 tox|[from] item: Leftovers
|-damage|p2a: Zamazenta|22/100 tox|[from] psn
|-heal|p1a: Gliscor|54/100 tox|[from] ability: Poison Heal
|upkeep
|turn|49
|
|t:|1776302181
|move|p2a: Zamazenta|Body Press|p1a: Gliscor
|-resisted|p1a: Gliscor
|-damage|p1a: Gliscor|35/100 tox
|move|p1a: Gliscor|Earthquake|p2a: Zamazenta
|-damage|p2a: Zamazenta|8/100 tox
|
|-heal|p2a: Zamazenta|14/100 tox|[from] item: Leftovers
|-damage|p2a: Zamazenta|1/100 tox|[from] psn
|-heal|p1a: Gliscor|47/100 tox|[from] ability: Poison Heal
|upkeep
|turn|50
|
|t:|1776302185
|move|p1a: Gliscor|Protect|p1a: Gliscor
|-singleturn|p1a: Gliscor|Protect
|move|p2a: Zamazenta|Body Press|p1a: Gliscor
|-activate|p1a: Gliscor|move: Protect
|
|-heal|p2a: Zamazenta|8/100 tox|[from] item: Leftovers
|-damage|p2a: Zamazenta|0 fnt|[from] psn
|faint|p2a: Zamazenta
|
|win|Sencopion
|raw|Sencopion's rating: 1304 &rarr; <strong>1327</strong><br />(+23 for winning)
|raw|snorlaxpog's rating: 1349 &rarr; <strong>1326</strong><br />(-23 for losing)
|l|☆snorlaxpog
|player|p2|
