|html|<div class="broadcast-blue"><strong>[Gen 9] OU is currently suspecting Tera Blast! For information on how to participate check out the <a href="https://www.smogon.com/tools/suspects/view/200">suspect thread</a>.</strong></div>
|j|☆divinity41
|j|☆magistermilitum420
|t:|1776275065
|gametype|singles
|player|p1|divinity41|waiter-gen4|1304
|player|p2|magistermilitum420|blue|1363
|gen|9
|tier|[Gen 9] OU
|rated|
|rule|HP Percentage Mod: HP is shown in percentages
|rule|Endless Battle Clause: Forcing endless battles is banned
|rule|Species Clause: Limit one of each Pokémon
|rule|OHKO Clause: OHKO moves are banned
|rule|Evasion Items Clause: Evasion items are banned
|rule|Evasion Moves Clause: Evasion moves are banned
|rule|Evasion Abilities Clause: Evasion abilities are banned
|rule|Sleep Moves Clause: Sleep-inducing moves are banned
|clearpoke
|poke|p1|Ribombee, M|
|poke|p1|Cinderace, M|
|poke|p1|Serperior, F|
|poke|p1|Mimikyu, M|
|poke|p1|Dragapult, F|
|poke|p1|Bisharp, M|
|poke|p2|Meowscarada, F|
|poke|p2|Great Tusk|
|poke|p2|Alomomola, M|
|poke|p2|Slowking-Galar, F|
|poke|p2|Iron Valiant|
|poke|p2|Heatran, F|
|teampreview
|
|t:|1776275075
|teamsize|p1|6
|teamsize|p2|6
|start
|switch|p1a: Ribombee|Ribombee, M|100/100
|switch|p2a: Mithridates|Slowking-Galar, F|100/100
|turn|1
|
|t:|1776275085
|move|p1a: Ribombee|Stun Spore|p2a: Mithridates
|-status|p2a: Mithridates|par
|move|p2a: Mithridates|Sludge Bomb|p1a: Ribombee
|-supereffective|p1a: Ribombee
|-enditem|p1a: Ribombee|Focus Sash
|-damage|p1a: Ribombee|1/100
|
|upkeep
|turn|2
|
|t:|1776275094
|move|p1a: Ribombee|Sticky Web|p2a: Mithridates
|-sidestart|p2: magistermilitum420|move: Sticky Web
|move|p2a: Mithridates|Surf|p1a: Ribombee
|-damage|p1a: Ribombee|0 fnt
|faint|p1a: Ribombee
|
|upkeep
|
|t:|1776275099
|switch|p1a: Bisharp|Bisharp, M|100/100
|turn|3
|
|t:|1776275103
|switch|p2a: Barca|Great Tusk|100/100
|-activate|p2a: Barca|move: Sticky Web
|-unboost|p2a: Barca|spe|1
|move|p1a: Bisharp|Throat Chop|p2a: Barca
|-resisted|p2a: Barca
|-damage|p2a: Barca|91/100
|-start|p2a: Barca|Throat Chop|[silent]
|
|-heal|p2a: Barca|97/100|[from] item: Leftovers
|upkeep
|turn|4
|
|t:|1776275113
|switch|p1a: Dragapult|Dragapult, F|100/100
|move|p2a: Barca|Knock Off|p1a: Dragapult
|-supereffective|p1a: Dragapult
|-damage|p1a: Dragapult|26/100
|-enditem|p1a: Dragapult|Life Orb|[from] move: Knock Off|[of] p2a: Barca
|
|-heal|p2a: Barca|100/100|[from] item: Leftovers
|-end|p2a: Barca|Throat Chop|[silent]
|upkeep
|turn|5
|
|t:|1776275123
|-end|p2a: Barca|Protosynthesis|[silent]
|switch|p2a: Mithridates|Slowking-Galar, F|100/100 par
|-activate|p2a: Mithridates|move: Sticky Web
|-unboost|p2a: Mithridates|spe|1
|move|p1a: Dragapult|Hydro Pump|p2a: Mithridates
|-damage|p2a: Mithridates|83/100 par
|
|upkeep
|turn|6
|
|t:|1776275142
|switch|p1a: Bisharp|Bisharp, M|100/100
|cant|p2a: Mithridates|par
|
|upkeep
|turn|7
|
|t:|1776275147
|switch|p2a: Barca|Great Tusk|100/100
|-activate|p2a: Barca|move: Sticky Web
|-unboost|p2a: Barca|spe|1
|move|p1a: Bisharp|Swords Dance|p1a: Bisharp
|-boost|p1a: Bisharp|atk|2
|
|upkeep
|turn|8
|
|t:|1776275154
|switch|p1a: Serperior|Serperior, F|100/100
|move|p2a: Barca|Earthquake|p1a: Serperior
|-resisted|p1a: Serperior
|-damage|p1a: Serperior|73/100
|
|-heal|p1a: Serperior|79/100|[from] item: Leftovers
|upkeep
|turn|9
|
|t:|1776275162
|-end|p2a: Barca|Protosynthesis|[silent]
|switch|p2a: Vulcanus|Heatran, F, shiny|100/100
|-activate|p2a: Vulcanus|move: Sticky Web
|-unboost|p2a: Vulcanus|spe|1
|move|p1a: Serperior|Leaf Storm|p2a: Vulcanus
|-resisted|p2a: Vulcanus
|-damage|p2a: Vulcanus|90/100
|-boost|p1a: Serperior|spa|2
|
|-heal|p1a: Serperior|85/100|[from] item: Leftovers
|upkeep
|turn|10
|
|t:|1776275177
|-terastallize|p1a: Serperior|Fire
|move|p1a: Serperior|Leaf Storm|p2a: Vulcanus|[miss]
|-miss|p1a: Serperior|p2a: Vulcanus
|move|p2a: Vulcanus|Overheat|p1a: Serperior
|-resisted|p1a: Serperior
|-damage|p1a: Serperior|26/100
|-unboost|p2a: Vulcanus|spa|2
|
|-heal|p1a: Serperior|32/100|[from] item: Leftovers
|upkeep
|turn|11
|
|t:|1776275187
|move|p1a: Serperior|Leaf Storm|p2a: Vulcanus
|-resisted|p2a: Vulcanus
|-damage|p2a: Vulcanus|65/100
|-boost|p1a: Serperior|spa|2
|move|p2a: Vulcanus|Overheat|p1a: Serperior
|-resisted|p1a: Serperior
|-crit|p1a: Serperior
|-damage|p1a: Serperior|0 fnt
|-unboost|p2a: Vulcanus|spa|2
|faint|p1a: Serperior
|
|upkeep
|
|t:|1776275193
|switch|p1a: Cinderace|Cinderace, M|100/100
|turn|12
|
|t:|1776275202
|switch|p2a: Charybdis|Alomomola, M, shiny|100/100
|-activate|p2a: Charybdis|move: Sticky Web
|-unboost|p2a: Charybdis|spe|1
|move|p1a: Cinderace|Pyro Ball|p2a: Charybdis
|-resisted|p2a: Charybdis
|-damage|p2a: Charybdis|85/100
|
|upkeep
|turn|13
|
|t:|1776275209
|move|p1a: Cinderace|U-turn|p2a: Charybdis
|-start|p1a: Cinderace|typechange|Bug|[from] ability: Libero
|-damage|p2a: Charybdis|66/100
|-damage|p1a: Cinderace|84/100|[from] item: Rocky Helmet|[of] p2a: Charybdis
|
|t:|1776275218
|switch|p1a: Bisharp|Bisharp, M|100/100|[from] U-turn
|move|p2a: Charybdis|Scald|p1a: Bisharp
|-damage|p1a: Bisharp|88/100
|-status|p1a: Bisharp|brn
|
|-damage|p1a: Bisharp|81/100 brn|[from] brn
|upkeep
|turn|14
|inactive|Battle timer is ON: inactive players will automatically lose when time's up. (requested by divinity41)
|
|t:|1776275236
|move|p1a: Bisharp|Swords Dance|p1a: Bisharp
|-boost|p1a: Bisharp|atk|2
|move|p2a: Charybdis|Flip Turn|p1a: Bisharp
|-damage|p1a: Bisharp|69/100 brn
|
|t:|1776275241
|switch|p2a: Barca|Great Tusk|100/100|[from] Flip Turn
|-activate|p2a: Barca|move: Sticky Web
|-unboost|p2a: Barca|spe|1
|
|-damage|p1a: Bisharp|63/100 brn|[from] brn
|upkeep
|turn|15
|
|t:|1776275249
|move|p1a: Bisharp|Throat Chop|p2a: Barca
|-resisted|p2a: Barca
|-damage|p2a: Barca|90/100
|-start|p2a: Barca|Throat Chop|[silent]
|move|p2a: Barca|Earthquake|p1a: Bisharp
|-supereffective|p1a: Bisharp
|-damage|p1a: Bisharp|3/100 brn
|
|-heal|p2a: Barca|96/100|[from] item: Leftovers
|-damage|p1a: Bisharp|0 fnt|[from] brn
|faint|p1a: Bisharp
|upkeep
|
|t:|1776275252
|switch|p1a: Dragapult|Dragapult, F|26/100
|turn|16
|
|t:|1776275261
|-end|p2a: Barca|Protosynthesis|[silent]
|switch|p2a: Mithridates|Slowking-Galar, F|100/100 par
|-activate|p2a: Mithridates|move: Sticky Web
|-unboost|p2a: Mithridates|spe|1
|move|p1a: Dragapult|Hydro Pump|p2a: Mithridates
|-damage|p2a: Mithridates|84/100 par
|
|upkeep
|turn|17
|
|t:|1776275268
|move|p1a: Dragapult|Dragon Darts|p2a: Mithridates
|-damage|p2a: Mithridates|62/100 par
|-anim|p1a: Dragapult|Dragon Darts|p2a: Mithridates
|-damage|p2a: Mithridates|41/100 par
|cant|p2a: Mithridates|par
|
|upkeep
|turn|18
|
|t:|1776275277
|switch|p2a: Charybdis|Alomomola, M, shiny|99/100
|-activate|p2a: Charybdis|move: Sticky Web
|-unboost|p2a: Charybdis|spe|1
|move|p1a: Dragapult|Hydro Pump|p2a: Charybdis
|-resisted|p2a: Charybdis
|-damage|p2a: Charybdis|81/100
|
|upkeep
|turn|19
|
|t:|1776275284
|move|p1a: Dragapult|Thunderbolt|p2a: Charybdis
|-supereffective|p2a: Charybdis
|-damage|p2a: Charybdis|24/100
|move|p2a: Charybdis|Scald|p1a: Dragapult
|-resisted|p1a: Dragapult
|-damage|p1a: Dragapult|15/100
|
|upkeep
|turn|20
|
|t:|1776275297
|switch|p2a: Barca|Great Tusk|96/100
|-activate|p2a: Barca|move: Sticky Web
|-unboost|p2a: Barca|spe|1
|move|p1a: Dragapult|Dragon Darts|p2a: Barca
|-damage|p2a: Barca|87/100
|-anim|p1a: Dragapult|Dragon Darts|p2a: Barca
|-damage|p2a: Barca|77/100
|
|-heal|p2a: Barca|83/100|[from] item: Leftovers
|upkeep
|turn|21
|
|t:|1776275310
|-terastallize|p2a: Barca|Steel
|move|p1a: Dragapult|Hydro Pump|p2a: Barca
|-damage|p2a: Barca|39/100
|move|p2a: Barca|Knock Off|p1a: Dragapult
|-supereffective|p1a: Dragapult
|-damage|p1a: Dragapult|0 fnt
|faint|p1a: Dragapult
|
|-heal|p2a: Barca|45/100|[from] item: Leftovers
|upkeep
|
|t:|1776275313
|switch|p1a: Cinderace|Cinderace, M|84/100
|turn|22
|
|t:|1776275324
|-end|p2a: Barca|Protosynthesis|[silent]
|switch|p2a: Vulcanus|Heatran, F, shiny|65/100
|-activate|p2a: Vulcanus|move: Sticky Web
|-unboost|p2a: Vulcanus|spe|1
|move|p1a: Cinderace|Pyro Ball|p2a: Vulcanus
|-start|p2a: Vulcanus|ability: Flash Fire
|
|upkeep
|turn|23
|-message|divinity41 forfeited.
|
|win|magistermilitum420
|raw|divinity41's rating: 1304 &rarr; <strong>1287</strong><br />(-17 for losing)
|raw|magistermilitum420's rating: 1363 &rarr; <strong>1380</strong><br />(+17 for winning)
|l|☆divinity41
|player|p1|
