|html|<div class="broadcast-blue"><strong>[Gen 9] OU is currently suspecting Tera Blast! For information on how to participate check out the <a href="https://www.smogon.com/tools/suspects/view/200">suspect thread</a>.</strong></div>
|j|☆WoolooShocked
|j|☆claclabar6
|t:|1776053690
|gametype|singles
|player|p1|WoolooShocked|1|1377
|player|p2|claclabar6|zinzolin|1334
|gen|9
|tier|[Gen 9] OU
|rated|
|rule|HP Percentage Mod: HP is shown in percentages
|rule|Endless Battle Clause: Forcing endless battles is banned
|rule|Species Clause: Limit one of each Pokémon
|rule|OHKO Clause: OHKO moves are banned
|rule|Evasion Items Clause: Evasion items are banned
|rule|Evasion Moves Clause: Evasion moves are banned
|rule|Evasion Abilities Clause: Evasion abilities are banned
|rule|Sleep Moves Clause: Sleep-inducing moves are banned
|clearpoke
|poke|p1|Rillaboom, M|
|poke|p1|Heatran, M|
|poke|p1|Zamazenta-*|
|poke|p1|Alomomola, M|
|poke|p1|Iron Treads|
|poke|p1|Kyurem|
|poke|p2|Torkoal, F|
|poke|p2|Walking Wake|
|poke|p2|Dragapult, M|
|poke|p2|Raging Bolt|
|poke|p2|Ursaluna, F|
|poke|p2|Porygon2|
|teampreview
|inactive|Battle timer is ON: inactive players will automatically lose when time's up. (requested by claclabar6)
|inactive|WoolooShocked has 120 seconds left.
|
|t:|1776053726
|teamsize|p1|6
|teamsize|p2|6
|start
|switch|p1a: Kyurem|Kyurem|100/100
|switch|p2a: Raging Bolt|Raging Bolt|100/100
|-ability|p1a: Kyurem|Pressure
|turn|1
|
|t:|1776053755
|-terastallize|p2a: Raging Bolt|Ice
|move|p1a: Kyurem|Draco Meteor|p2a: Raging Bolt
|-damage|p2a: Raging Bolt|14/100
|-unboost|p1a: Kyurem|spa|2
|move|p2a: Raging Bolt|Tera Blast|p1a: Kyurem|[anim] Tera Blast Ice
|-damage|p1a: Kyurem|38/100
|-damage|p2a: Raging Bolt|4/100|[from] item: Life Orb
|
|upkeep
|turn|2
|inactive|WoolooShocked has 120 seconds left.
|
|t:|1776053789
|switch|p1a: Iron Treads|Iron Treads|100/100
|-enditem|p1a: Iron Treads|Booster Energy
|-activate|p1a: Iron Treads|ability: Quark Drive|[fromitem]
|-start|p1a: Iron Treads|quarkdrivespe
|move|p2a: Raging Bolt|Thunderclap||[still]
|-fail|p2a: Raging Bolt
|
|upkeep
|turn|3
|
|t:|1776053795
|move|p1a: Iron Treads|Stealth Rock|p2a: Raging Bolt
|-sidestart|p2: claclabar6|move: Stealth Rock
|move|p2a: Raging Bolt|Tera Blast|p1a: Iron Treads|[anim] Tera Blast Ice
|-damage|p1a: Iron Treads|12/100
|-damage|p2a: Raging Bolt|0 fnt|[from] item: Life Orb
|faint|p2a: Raging Bolt
|-end|p2a: Raging Bolt|Protosynthesis|[silent]
|
|upkeep
|
|t:|1776053799
|switch|p2a: Porygon2|Porygon2|100/100
|-damage|p2a: Porygon2|88/100|[from] Stealth Rock
|-ability|p2a: Porygon2|Download|boost
|-boost|p2a: Porygon2|spa|1
|turn|4
|inactive|WoolooShocked has 120 seconds left.
|
|t:|1776053824
|move|p1a: Iron Treads|Earthquake|p2a: Porygon2
|-damage|p2a: Porygon2|57/100
|move|p2a: Porygon2|Trick Room|p2a: Porygon2
|-fieldstart|move: Trick Room|[of] p2a: Porygon2
|
|upkeep
|turn|5
|
|t:|1776053834
|move|p2a: Porygon2|Ice Beam|p1a: Iron Treads
|-damage|p1a: Iron Treads|0 fnt
|faint|p1a: Iron Treads
|-end|p1a: Iron Treads|Quark Drive|[silent]
|
|upkeep
|
|t:|1776053843
|switch|p1a: Alomomola|Alomomola, M|100/100
|turn|6
|
|t:|1776053846
|move|p2a: Porygon2|Tera Blast|p1a: Alomomola
|-damage|p1a: Alomomola|73/100
|move|p1a: Alomomola|Flip Turn|p2a: Porygon2
|-damage|p2a: Porygon2|46/100
|
|t:|1776053869
|switch|p1a: Rillaboom|Rillaboom, M|100/100|[from] Flip Turn
|-fieldstart|move: Grassy Terrain|[from] ability: Grassy Surge|[of] p1a: Rillaboom
|
|-heal|p2a: Porygon2|52/100|[from] Grassy Terrain
|upkeep
|turn|7
|
|t:|1776053871
|move|p1a: Rillaboom|Grassy Glide|p2a: Porygon2
|-damage|p2a: Porygon2|15/100
|move|p2a: Porygon2|Ice Beam|p1a: Rillaboom
|-supereffective|p1a: Rillaboom
|-damage|p1a: Rillaboom|0 fnt
|faint|p1a: Rillaboom
|
|-heal|p2a: Porygon2|22/100|[from] Grassy Terrain
|upkeep
|
|t:|1776053894
|switch|p1a: Alomomola|Alomomola, M|100/100
|turn|8
|
|t:|1776053896
|move|p2a: Porygon2|Hyper Beam|p1a: Alomomola
|-damage|p1a: Alomomola|48/100
|-mustrecharge|p2a: Porygon2
|move|p1a: Alomomola|Mirror Coat|p2a: Porygon2
|-damage|p2a: Porygon2|0 fnt
|faint|p2a: Porygon2
|
|-heal|p1a: Alomomola|54/100|[from] Grassy Terrain
|-fieldend|move: Trick Room
|upkeep
|
|t:|1776053900
|switch|p2a: Dragapult|Dragapult, M|100/100
|-damage|p2a: Dragapult|88/100|[from] Stealth Rock
|turn|9
|
|t:|1776053908
|move|p2a: Dragapult|Dragon Dance|p2a: Dragapult
|-boost|p2a: Dragapult|atk|1
|-boost|p2a: Dragapult|spe|1
|move|p1a: Alomomola|Play Rough|p2a: Dragapult
|-supereffective|p2a: Dragapult
|-crit|p2a: Dragapult
|-damage|p2a: Dragapult|17/100
|
|-heal|p2a: Dragapult|23/100|[from] Grassy Terrain
|-heal|p1a: Alomomola|60/100|[from] Grassy Terrain
|upkeep
|turn|10
|inactive|WoolooShocked has 120 seconds left.
|
|t:|1776053918
|move|p2a: Dragapult|Dragon Darts|p1a: Alomomola
|-damage|p1a: Alomomola|21/100
|-anim|p2a: Dragapult|Dragon Darts|p1a: Alomomola
|-damage|p1a: Alomomola|0 fnt
|faint|p1a: Alomomola
|-damage|p2a: Dragapult|13/100|[from] item: Life Orb
|
|-heal|p2a: Dragapult|19/100|[from] Grassy Terrain
|-fieldend|move: Grassy Terrain
|upkeep
|
|t:|1776053926
|switch|p1a: Zamazenta|Zamazenta|100/100
|-ability|p1a: Zamazenta|Dauntless Shield|boost
|-boost|p1a: Zamazenta|def|1
|turn|11
|
|t:|1776053928
|move|p2a: Dragapult|Psychic Fangs|p1a: Zamazenta
|-supereffective|p1a: Zamazenta
|-damage|p1a: Zamazenta|48/100
|-damage|p2a: Dragapult|9/100|[from] item: Life Orb
|move|p1a: Zamazenta|Crunch|p2a: Dragapult
|-supereffective|p2a: Dragapult
|-crit|p2a: Dragapult
|-damage|p2a: Dragapult|0 fnt
|faint|p2a: Dragapult
|
|upkeep
|
|t:|1776053932
|switch|p2a: Torkoal|Torkoal, F|100/100
|-damage|p2a: Torkoal|76/100|[from] Stealth Rock
|-weather|SunnyDay|[from] ability: Drought|[of] p2a: Torkoal
|turn|12
|
|t:|1776053948
|move|p1a: Zamazenta|Body Press|p2a: Torkoal
|-damage|p2a: Torkoal|40/100
|move|p2a: Torkoal|Rapid Spin|p1a: Zamazenta
|-damage|p1a: Zamazenta|43/100
|-boost|p2a: Torkoal|spe|1
|-sideend|p2: claclabar6|Stealth Rock|[from] move: Rapid Spin|[of] p2a: Torkoal
|
|-weather|SunnyDay|[upkeep]
|upkeep
|turn|13
|
|t:|1776053954
|-terastallize|p1a: Zamazenta|Fire
|move|p1a: Zamazenta|Rest|p1a: Zamazenta
|-status|p1a: Zamazenta|slp|[from] move: Rest
|-heal|p1a: Zamazenta|100/100 slp|[silent]
|-enditem|p1a: Zamazenta|Chesto Berry|[eat]
|-curestatus|p1a: Zamazenta|slp|[msg]
|move|p2a: Torkoal|Overheat|p1a: Zamazenta
|-resisted|p1a: Zamazenta
|-damage|p1a: Zamazenta|65/100
|-unboost|p2a: Torkoal|spa|2
|
|-weather|SunnyDay|[upkeep]
|upkeep
|turn|14
|
|t:|1776053962
|move|p1a: Zamazenta|Iron Defense|p1a: Zamazenta
|-boost|p1a: Zamazenta|def|2
|move|p2a: Torkoal|Earthquake|p1a: Zamazenta
|-supereffective|p1a: Zamazenta
|-damage|p1a: Zamazenta|53/100
|
|-weather|SunnyDay|[upkeep]
|upkeep
|turn|15
|
|t:|1776053970
|switch|p2a: Ursaluna|Ursaluna, F|100/100
|move|p1a: Zamazenta|Iron Defense|p1a: Zamazenta
|-boost|p1a: Zamazenta|def|2
|
|-weather|SunnyDay|[upkeep]
|-status|p2a: Ursaluna|brn|[from] item: Flame Orb
|upkeep
|turn|16
|
|t:|1776053972
|move|p1a: Zamazenta|Body Press|p2a: Ursaluna
|-supereffective|p2a: Ursaluna
|-damage|p2a: Ursaluna|0 fnt
|faint|p2a: Ursaluna
|
|-weather|SunnyDay|[upkeep]
|upkeep
|
|t:|1776053974
|switch|p2a: Walking Wake|Walking Wake|100/100
|-activate|p2a: Walking Wake|ability: Protosynthesis
|-start|p2a: Walking Wake|protosynthesisspe
|turn|17
|
|t:|1776053980
|move|p2a: Walking Wake|Hydro Steam|p1a: Zamazenta
|-supereffective|p1a: Zamazenta
|-damage|p1a: Zamazenta|0 fnt
|faint|p1a: Zamazenta
|
|-weather|SunnyDay|[upkeep]
|upkeep
|
|t:|1776053993
|switch|p1a: Kyurem|Kyurem|38/100
|-ability|p1a: Kyurem|Pressure
|turn|18
|
|t:|1776054001
|-end|p2a: Walking Wake|Protosynthesis|[silent]
|switch|p2a: Torkoal|Torkoal, F|40/100
|move|p1a: Kyurem|Freeze-Dry|p2a: Torkoal
|-resisted|p2a: Torkoal
|-damage|p2a: Torkoal|4/100
|
|-weather|SunnyDay|[upkeep]
|upkeep
|turn|19
|
|t:|1776054003
|move|p1a: Kyurem|Freeze-Dry|p2a: Torkoal
|-resisted|p2a: Torkoal
|-damage|p2a: Torkoal|0 fnt
|faint|p2a: Torkoal
|
|-weather|none
|upkeep
|
|t:|1776054006
|switch|p2a: Walking Wake|Walking Wake|100/100
|turn|20
|
|t:|1776054015
|move|p2a: Walking Wake|Hydro Steam|p1a: Kyurem
|-resisted|p1a: Kyurem
|-crit|p1a: Kyurem
|-damage|p1a: Kyurem|0 fnt
|faint|p1a: Kyurem
|
|upkeep
|
|t:|1776054018
|switch|p1a: Heatran|Heatran, M|100/100
|turn|21
|c|☆claclabar6|tera grass
|
|t:|1776054032
|move|p2a: Walking Wake|Hydro Steam|p1a: Heatran
|-supereffective|p1a: Heatran
|-damage|p1a: Heatran|24/100
|move|p1a: Heatran|Earth Power|p2a: Walking Wake
|-damage|p2a: Walking Wake|68/100
|-unboost|p2a: Walking Wake|spd|1
|
|-heal|p1a: Heatran|30/100|[from] item: Leftovers
|upkeep
|turn|22
|c|☆claclabar6|would have saved you
|c|☆WoolooShocked|I don't have tera left tho
|c|☆WoolooShocked|I use tera grass
|c|☆claclabar6|ik
|c|☆WoolooShocked|but yeah
|
|t:|1776054042
|move|p2a: Walking Wake|Hydro Steam|p1a: Heatran
|-supereffective|p1a: Heatran
|-damage|p1a: Heatran|0 fnt
|faint|p1a: Heatran
|
|win|claclabar6
|raw|WoolooShocked's rating: 1377 &rarr; <strong>1355</strong><br />(-22 for losing)
|raw|claclabar6's rating: 1350 &rarr; <strong>1372</strong><br />(+22 for winning)
|c|☆claclabar6|fire tera
|c|☆claclabar6|was unecessary
|c|☆claclabar6|like
|c|☆claclabar6|wtf
|c|☆WoolooShocked|uhhh wait who
|c|☆WoolooShocked|i forgot who has that lol
|c|☆WoolooShocked|oh zamazenta
|c|☆claclabar6|zama
|c|☆claclabar6|that was like... ???
|c|☆claclabar6|you lost the game there
|c|☆WoolooShocked|oh I wanted to tank
|c|☆claclabar6|either way
|c|☆WoolooShocked|do you think hydro steam kills without crit?
|c|☆claclabar6|without sun? no
|c|☆claclabar6|crit mattered
|c|☆WoolooShocked|damn :/
|c|☆WoolooShocked|Gg I guess
|c|☆claclabar6|but you messed up
|c|☆claclabar6|i almost FFed
|c|☆WoolooShocked|Crazy
|c|☆claclabar6|when you iron defense 2x
|c|☆WoolooShocked|Yeah I mean I'm pretty bad lol
|c|☆claclabar6|you kill the turtle
|c|☆claclabar6|let bear die to kyuren
|c|☆claclabar6|in like
|c|☆claclabar6|2 turns
|c|☆claclabar6|then i would have no more sun
|c|☆WoolooShocked|so wait what I should've iron defense one more?
|c|☆claclabar6|and you'd still have grass tera on heatram
|c|☆claclabar6|yes
