|html|<div class="broadcast-blue"><strong>[Gen 9] OU is currently suspecting Tera Blast! For information on how to participate check out the <a href="https://www.smogon.com/tools/suspects/view/200">suspect thread</a>.</strong></div>
|j|☆Connor ogden
|j|‽fautser
|t:|1776266588
|gametype|singles
|player|p1|Connor ogden|265|1092
|player|p2|fautser|kimonogirl|1128
|gen|9
|tier|[Gen 9] OU
|rated|
|rule|HP Percentage Mod: HP is shown in percentages
|rule|Endless Battle Clause: Forcing endless battles is banned
|rule|Species Clause: Limit one of each Pokémon
|rule|OHKO Clause: OHKO moves are banned
|rule|Evasion Items Clause: Evasion items are banned
|rule|Evasion Moves Clause: Evasion moves are banned
|rule|Evasion Abilities Clause: Evasion abilities are banned
|rule|Sleep Moves Clause: Sleep-inducing moves are banned
|clearpoke
|poke|p1|Clawitzer, M|
|poke|p1|Articuno|
|poke|p1|Moltres-Galar|
|poke|p1|Blaziken, M|
|poke|p1|Metagross|
|poke|p1|Dragapult, F|
|poke|p2|Zamazenta-*|
|poke|p2|Pecharunt|
|poke|p2|Great Tusk|
|poke|p2|Tornadus-Therian, M|
|poke|p2|Kyurem|
|poke|p2|Raging Bolt|
|teampreview
|
|t:|1776266604
|teamsize|p1|6
|teamsize|p2|6
|start
|switch|p1a: Clawitzer|Clawitzer, M, shiny|100/100
|switch|p2a: Great Tusk|Great Tusk|100/100
|-enditem|p2a: Great Tusk|Booster Energy
|-activate|p2a: Great Tusk|ability: Protosynthesis|[fromitem]
|-start|p2a: Great Tusk|protosynthesisatk
|turn|1
|
|t:|1776266637
|-end|p2a: Great Tusk|Protosynthesis|[silent]
|switch|p2a: Raging Bolt|Raging Bolt|100/100
|-enditem|p2a: Raging Bolt|Booster Energy
|-activate|p2a: Raging Bolt|ability: Protosynthesis|[fromitem]
|-start|p2a: Raging Bolt|protosynthesisspa
|move|p1a: Clawitzer|Water Pulse|p2a: Raging Bolt
|-resisted|p2a: Raging Bolt
|-damage|p2a: Raging Bolt|75/100
|-damage|p1a: Clawitzer|91/100|[from] item: Life Orb
|
|upkeep
|turn|2
|
|t:|1776266652
|move|p2a: Raging Bolt|Thunderclap|p1a: Clawitzer
|-supereffective|p1a: Clawitzer
|-damage|p1a: Clawitzer|0 fnt
|faint|p1a: Clawitzer
|
|upkeep
|
|t:|1776266657
|switch|p1a: Blaziken|Blaziken, M, shiny|100/100
|turn|3
|
|t:|1776266681
|-end|p2a: Raging Bolt|Protosynthesis|[silent]
|switch|p2a: Great Tusk|Great Tusk|100/100
|move|p1a: Blaziken|Earthquake|p2a: Great Tusk
|-damage|p2a: Great Tusk|67/100
|
|-ability|p1a: Blaziken|Speed Boost|boost
|-boost|p1a: Blaziken|spe|1
|upkeep
|turn|4
|
|t:|1776266690
|move|p1a: Blaziken|Earthquake|p2a: Great Tusk
|-damage|p2a: Great Tusk|35/100
|move|p2a: Great Tusk|Stealth Rock|p1a: Blaziken
|-sidestart|p1: Connor ogden|move: Stealth Rock
|
|-ability|p1a: Blaziken|Speed Boost|boost
|-boost|p1a: Blaziken|spe|1
|upkeep
|turn|5
|
|t:|1776266709
|-end|p2a: Great Tusk|Protosynthesis|[silent]
|switch|p2a: Tornadus|Tornadus-Therian, M|100/100
|move|p1a: Blaziken|Earthquake|p2a: Tornadus
|-immune|p2a: Tornadus
|
|-ability|p1a: Blaziken|Speed Boost|boost
|-boost|p1a: Blaziken|spe|1
|upkeep
|turn|6
|
|t:|1776266720
|switch|p1a: Articuno|Articuno, shiny|100/100
|-ability|p1a: Articuno|Pressure
|move|p2a: Tornadus|Bleakwind Storm|p1a: Articuno
|-damage|p1a: Articuno|63/100
|-unboost|p1a: Articuno|spe|1
|
|upkeep
|turn|7
|
|t:|1776266736
|move|p2a: Tornadus|Taunt|p1a: Articuno
|-start|p1a: Articuno|move: Taunt
|move|p1a: Articuno|Blizzard|p2a: Tornadus|[miss]
|-miss|p1a: Articuno|p2a: Tornadus
|
|upkeep
|turn|8
|
|t:|1776266754
|move|p2a: Tornadus|U-turn|p1a: Articuno
|-resisted|p1a: Articuno
|-damage|p1a: Articuno|55/100
|
|t:|1776266759
|switch|p2a: Zamazenta|Zamazenta, shiny|100/100|[from] U-turn
|-ability|p2a: Zamazenta|Dauntless Shield|boost
|-boost|p2a: Zamazenta|def|1
|move|p1a: Articuno|Blizzard|p2a: Zamazenta
|-damage|p2a: Zamazenta|60/100
|
|-heal|p2a: Zamazenta|66/100|[from] item: Leftovers
|upkeep
|turn|9
|
|t:|1776266775
|-terastallize|p2a: Zamazenta|Steel
|move|p2a: Zamazenta|Iron Defense|p2a: Zamazenta
|-boost|p2a: Zamazenta|def|2
|move|p1a: Articuno|Air Slash|p2a: Zamazenta
|-resisted|p2a: Zamazenta
|-damage|p2a: Zamazenta|54/100
|
|-heal|p2a: Zamazenta|60/100|[from] item: Leftovers
|-end|p1a: Articuno|move: Taunt
|upkeep
|turn|10
|
|t:|1776266787
|move|p2a: Zamazenta|Body Press|p1a: Articuno
|-damage|p1a: Articuno|0 fnt
|faint|p1a: Articuno
|
|-heal|p2a: Zamazenta|66/100|[from] item: Leftovers
|upkeep
|
|t:|1776266805
|switch|p1a: Metagross|Metagross, shiny|100/100
|-damage|p1a: Metagross|95/100|[from] Stealth Rock
|turn|11
|
|t:|1776266822
|move|p2a: Zamazenta|Iron Defense|p2a: Zamazenta
|-boost|p2a: Zamazenta|def|2
|move|p1a: Metagross|Earthquake|p2a: Zamazenta
|-supereffective|p2a: Zamazenta
|-damage|p2a: Zamazenta|51/100
|
|-heal|p2a: Zamazenta|57/100|[from] item: Leftovers
|-heal|p1a: Metagross|100/100|[from] item: Leftovers
|upkeep
|turn|12
|
|t:|1776266835
|move|p2a: Zamazenta|Iron Defense|p2a: Zamazenta
|-boost|p2a: Zamazenta|def|1
|move|p1a: Metagross|Iron Defense|p1a: Metagross
|-boost|p1a: Metagross|def|2
|
|-heal|p2a: Zamazenta|63/100|[from] item: Leftovers
|upkeep
|turn|13
|
|t:|1776266844
|move|p1a: Metagross|Earthquake|p2a: Zamazenta
|-supereffective|p2a: Zamazenta
|-damage|p2a: Zamazenta|51/100
|move|p2a: Zamazenta|Roar|p1a: Metagross
|drag|p1a: Blaziken|Blaziken, M, shiny|100/100
|-damage|p1a: Blaziken|88/100|[from] Stealth Rock
|
|-heal|p2a: Zamazenta|57/100|[from] item: Leftovers
|upkeep
|turn|14
|
|t:|1776266871
|move|p2a: Zamazenta|Body Press|p1a: Blaziken
|-damage|p1a: Blaziken|0 fnt
|faint|p1a: Blaziken
|
|-heal|p2a: Zamazenta|63/100|[from] item: Leftovers
|upkeep
|
|t:|1776266876
|switch|p1a: Dragapult|Dragapult, F|100/100
|-damage|p1a: Dragapult|88/100|[from] Stealth Rock
|turn|15
|
|t:|1776266889
|move|p1a: Dragapult|Shadow Ball|p2a: Zamazenta
|-damage|p2a: Zamazenta|25/100
|-unboost|p2a: Zamazenta|spd|1
|move|p2a: Zamazenta|Crunch|p1a: Dragapult
|-supereffective|p1a: Dragapult
|-damage|p1a: Dragapult|31/100
|
|-heal|p2a: Zamazenta|32/100|[from] item: Leftovers
|upkeep
|turn|16
|
|t:|1776266909
|switch|p2a: Tornadus|Tornadus-Therian, M|100/100
|move|p1a: Dragapult|Shadow Ball|p2a: Tornadus
|-damage|p2a: Tornadus|51/100
|
|upkeep
|turn|17
|
|t:|1776266920
|move|p1a: Dragapult|Shadow Ball|p2a: Tornadus
|-damage|p2a: Tornadus|1/100
|move|p2a: Tornadus|Bleakwind Storm|p1a: Dragapult
|-damage|p1a: Dragapult|0 fnt
|faint|p1a: Dragapult
|
|upkeep
|
|t:|1776266927
|switch|p1a: Moltres|Moltres-Galar|100/100
|turn|18
|
|t:|1776266941
|move|p2a: Tornadus|U-turn|p1a: Moltres
|-damage|p1a: Moltres|85/100
|
|t:|1776266954
|switch|p2a: Great Tusk|Great Tusk|35/100|[from] U-turn
|move|p1a: Moltres|Nasty Plot|p1a: Moltres
|-boost|p1a: Moltres|spa|2
|
|upkeep
|turn|19
|
|t:|1776266964
|move|p1a: Moltres|Air Slash|p2a: Great Tusk
|-supereffective|p2a: Great Tusk
|-damage|p2a: Great Tusk|0 fnt
|faint|p2a: Great Tusk
|-end|p2a: Great Tusk|Protosynthesis|[silent]
|
|upkeep
|
|t:|1776266972
|switch|p2a: Raging Bolt|Raging Bolt|75/100
|turn|20
|
|t:|1776266980
|-terastallize|p1a: Moltres|Steel
|move|p2a: Raging Bolt|Thunderclap|p1a: Moltres
|-damage|p1a: Moltres|56/100
|move|p1a: Moltres|Fiery Wrath|p2a: Raging Bolt
|-damage|p2a: Raging Bolt|11/100
|
|upkeep
|turn|21
|
|t:|1776266991
|move|p2a: Raging Bolt|Thunderclap|p1a: Moltres
|-crit|p1a: Moltres
|-damage|p1a: Moltres|11/100
|-ability|p1a: Moltres|Berserk|boost
|-boost|p1a: Moltres|spa|1
|move|p1a: Moltres|Fiery Wrath|p2a: Raging Bolt
|-damage|p2a: Raging Bolt|0 fnt
|faint|p2a: Raging Bolt
|-end|p2a: Raging Bolt|Protosynthesis|[silent]
|
|upkeep
|
|t:|1776267002
|switch|p2a: Kyurem|Kyurem|100/100
|-ability|p2a: Kyurem|Pressure
|turn|22
|
|t:|1776267008
|move|p2a: Kyurem|Dragon Claw|p1a: Moltres
|-resisted|p1a: Moltres
|-damage|p1a: Moltres|0 fnt
|faint|p1a: Moltres
|
|upkeep
|
|t:|1776267015
|switch|p1a: Metagross|Metagross, shiny|100/100
|-damage|p1a: Metagross|95/100|[from] Stealth Rock
|turn|23
|
|t:|1776267026
|move|p2a: Kyurem|Dragon Dance|p2a: Kyurem
|-boost|p2a: Kyurem|atk|1
|-boost|p2a: Kyurem|spe|1
|move|p1a: Metagross|Iron Head|p2a: Kyurem
|-supereffective|p2a: Kyurem
|-damage|p2a: Kyurem|19/100
|
|-heal|p1a: Metagross|100/100|[from] item: Leftovers
|upkeep
|turn|24
|
|t:|1776267039
|move|p2a: Kyurem|Icicle Spear|p1a: Metagross
|-resisted|p1a: Metagross
|-damage|p1a: Metagross|91/100
|-resisted|p1a: Metagross
|-crit|p1a: Metagross
|-damage|p1a: Metagross|78/100
|-resisted|p1a: Metagross
|-damage|p1a: Metagross|68/100
|-resisted|p1a: Metagross
|-damage|p1a: Metagross|60/100
|-hitcount|p1a: Metagross|4
|move|p1a: Metagross|Iron Head|p2a: Kyurem
|-supereffective|p2a: Kyurem
|-damage|p2a: Kyurem|0 fnt
|faint|p2a: Kyurem
|
|-heal|p1a: Metagross|66/100|[from] item: Leftovers
|upkeep
|
|t:|1776267056
|switch|p2a: Pecharunt|Pecharunt|100/100
|turn|25
|
|t:|1776267073
|move|p1a: Metagross|Psychic Fangs|p2a: Pecharunt
|-supereffective|p2a: Pecharunt
|-damage|p2a: Pecharunt|45/100
|move|p2a: Pecharunt|Shadow Ball|p1a: Metagross
|-supereffective|p1a: Metagross
|-damage|p1a: Metagross|0 fnt
|faint|p1a: Metagross
|
|win|fautser
|raw|Connor ogden's rating: 1092 &rarr; <strong>1071</strong><br />(-21 for losing)
|raw|fautser's rating: 1128 &rarr; <strong>1150</strong><br />(+22 for winning)
