|html|<div class="broadcast-blue"><strong>[Gen 9] OU is currently suspecting Tera Blast! For information on how to participate check out the <a href="https://www.smogon.com/tools/suspects/view/200">suspect thread</a>.</strong></div>
|j|☆randomguy606060
|j|☆IAmNotAmanda
|t:|1776071888
|gametype|singles
|player|p1|randomguy606060|170|1306
|player|p2|IAmNotAmanda|iris-gen5bw2|1337
|gen|9
|tier|[Gen 9] OU
|rated|
|rule|HP Percentage Mod: HP is shown in percentages
|rule|Endless Battle Clause: Forcing endless battles is banned
|rule|Species Clause: Limit one of each Pokémon
|rule|OHKO Clause: OHKO moves are banned
|rule|Evasion Items Clause: Evasion items are banned
|rule|Evasion Moves Clause: Evasion moves are banned
|rule|Evasion Abilities Clause: Evasion abilities are banned
|rule|Sleep Moves Clause: Sleep-inducing moves are banned
|clearpoke
|poke|p1|Weezing-Galar, M|
|poke|p1|Alomomola, F|
|poke|p1|Clodsire, F|
|poke|p1|Lokix, F|
|poke|p1|Goodra-Hisui, M|
|poke|p1|Skarmory, M|
|poke|p2|Ninetales-Alola, M|
|poke|p2|Cloyster, F|
|poke|p2|Torterra, F|
|poke|p2|Hatterene, F|
|poke|p2|Corviknight, M|
|poke|p2|Pecharunt|
|teampreview
|inactive|Battle timer is ON: inactive players will automatically lose when time's up. (requested by IAmNotAmanda)
|
|t:|1776071904
|teamsize|p1|6
|teamsize|p2|6
|start
|switch|p1a: Goodra|Goodra-Hisui, M|100/100
|switch|p2a: Ninetales|Ninetales-Alola, M|100/100
|-weather|Snowscape|[from] ability: Snow Warning|[of] p2a: Ninetales
|turn|1
|
|t:|1776071916
|move|p2a: Ninetales|Aurora Veil|p2a: Ninetales
|-sidestart|p2: IAmNotAmanda|move: Aurora Veil
|move|p1a: Goodra|Flash Cannon|p2a: Ninetales
|-supereffective|p2a: Ninetales
|-damage|p2a: Ninetales|0 fnt
|faint|p2a: Ninetales
|
|-weather|Snowscape|[upkeep]
|upkeep
|
|t:|1776071926
|switch|p2a: Pecharunt|Pecharunt|100/100
|turn|2
|
|t:|1776071940
|move|p2a: Pecharunt|Parting Shot|p1a: Goodra
|-unboost|p1a: Goodra|atk|1
|-unboost|p1a: Goodra|spa|1
|
|t:|1776071944
|switch|p2a: Corviknight|Corviknight, M|100/100|[from] Parting Shot
|-ability|p2a: Corviknight|Pressure
|move|p1a: Goodra|Dragon Tail|p2a: Corviknight
|-resisted|p2a: Corviknight
|-damage|p2a: Corviknight|98/100
|-damage|p1a: Goodra|84/100|[from] item: Rocky Helmet|[of] p2a: Corviknight
|drag|p2a: Torterra|Torterra, F|100/100
|
|-weather|Snowscape|[upkeep]
|upkeep
|turn|3
|
|t:|1776071967
|switch|p1a: Skarmory|Skarmory, M|100/100
|move|p2a: Torterra|Headlong Rush|p1a: Skarmory
|-immune|p1a: Skarmory
|
|-weather|Snowscape|[upkeep]
|upkeep
|turn|4
|
|t:|1776071976
|switch|p2a: Hatterene|Hatterene, F|100/100
|move|p1a: Skarmory|Iron Defense|p1a: Skarmory
|-boost|p1a: Skarmory|def|2
|
|-weather|Snowscape|[upkeep]
|upkeep
|turn|5
|
|t:|1776071992
|switch|p1a: Clodsire|Clodsire, F|100/100
|move|p2a: Hatterene|Nuzzle|p1a: Clodsire
|-immune|p1a: Clodsire
|
|-weather|none
|upkeep
|turn|6
|
|t:|1776072000
|move|p2a: Hatterene|Psychic Noise|p1a: Clodsire
|-supereffective|p1a: Clodsire
|-damage|p1a: Clodsire|60/100
|-start|p1a: Clodsire|move: Heal Block
|move|p1a: Clodsire|Poison Jab|p2a: Hatterene
|-supereffective|p2a: Hatterene
|-damage|p2a: Hatterene|78/100
|-enditem|p2a: Hatterene|Eject Button
|
|t:|1776072010
|switch|p2a: Pecharunt|Pecharunt|100/100
|
|upkeep
|turn|7
|
|t:|1776072017
|move|p2a: Pecharunt|Parting Shot|p1a: Clodsire
|-unboost|p1a: Clodsire|atk|1
|-unboost|p1a: Clodsire|spa|1
|
|t:|1776072021
|switch|p2a: Hatterene|Hatterene, F|78/100|[from] Parting Shot
|move|p1a: Clodsire|Stealth Rock|p2a: Hatterene
|move|p2a: Hatterene|Stealth Rock|p1a: Clodsire|[from] ability: Magic Bounce
|-sidestart|p1: randomguy606060|move: Stealth Rock
|
|-end|p1a: Clodsire|move: Heal Block
|upkeep
|turn|8
|
|t:|1776072034
|switch|p1a: Goodra|Goodra-Hisui, M|84/100
|-damage|p1a: Goodra|78/100|[from] Stealth Rock
|move|p2a: Hatterene|Psychic Noise|p1a: Goodra
|-resisted|p1a: Goodra
|-damage|p1a: Goodra|69/100
|-start|p1a: Goodra|move: Heal Block
|
|-sideend|p2: IAmNotAmanda|move: Aurora Veil
|upkeep
|turn|9
|
|t:|1776072045
|switch|p2a: Corviknight|Corviknight, M|98/100
|-ability|p2a: Corviknight|Pressure
|move|p1a: Goodra|Flash Cannon|p2a: Corviknight
|-resisted|p2a: Corviknight
|-damage|p2a: Corviknight|84/100
|
|-end|p1a: Goodra|move: Heal Block
|upkeep
|turn|10
|
|t:|1776072055
|move|p2a: Corviknight|U-turn|p1a: Goodra
|-resisted|p1a: Goodra
|-damage|p1a: Goodra|63/100
|
|t:|1776072061
|switch|p2a: Pecharunt|Pecharunt|100/100|[from] U-turn
|move|p1a: Goodra|Flamethrower|p2a: Pecharunt
|-damage|p2a: Pecharunt|68/100
|
|upkeep
|turn|11
|
|t:|1776072076
|move|p2a: Pecharunt|Parting Shot|p1a: Goodra
|-unboost|p1a: Goodra|atk|1
|-unboost|p1a: Goodra|spa|1
|
|t:|1776072079
|switch|p2a: Corviknight|Corviknight, M|84/100|[from] Parting Shot
|-ability|p2a: Corviknight|Pressure
|move|p1a: Goodra|Knock Off|p2a: Corviknight
|-damage|p2a: Corviknight|73/100
|-damage|p1a: Goodra|46/100|[from] item: Rocky Helmet|[of] p2a: Corviknight
|-enditem|p2a: Corviknight|Rocky Helmet|[from] move: Knock Off|[of] p1a: Goodra
|
|upkeep
|turn|12
|
|t:|1776072090
|switch|p1a: Alomomola|Alomomola, F|100/100
|move|p2a: Corviknight|U-turn|p1a: Alomomola
|-damage|p1a: Alomomola|93/100
|
|t:|1776072095
|switch|p2a: Hatterene|Hatterene, F|78/100|[from] U-turn
|
|upkeep
|turn|13
|
|t:|1776072101
|move|p1a: Alomomola|Wish|p1a: Alomomola
|move|p2a: Hatterene|Calm Mind|p2a: Hatterene
|-boost|p2a: Hatterene|spa|1
|-boost|p2a: Hatterene|spd|1
|
|upkeep
|turn|14
|
|t:|1776072107
|move|p1a: Alomomola|Flip Turn|p2a: Hatterene
|-damage|p2a: Hatterene|59/100
|
|t:|1776072112
|switch|p1a: Lokix|Lokix, F|100/100|[from] Flip Turn
|-damage|p1a: Lokix|76/100|[from] Stealth Rock
|move|p2a: Hatterene|Nuzzle|p1a: Lokix
|-damage|p1a: Lokix|69/100
|-status|p1a: Lokix|par
|
|-heal|p1a: Lokix|100/100 par|[from] move: Wish|[wisher] Alomomola
|upkeep
|turn|15
|
|t:|1776072134
|switch|p2a: Pecharunt|Pecharunt|68/100
|move|p1a: Lokix|Leech Life|p2a: Pecharunt
|-resisted|p2a: Pecharunt
|-damage|p2a: Pecharunt|52/100
|
|upkeep
|turn|16
|
|t:|1776072153
|switch|p1a: Alomomola|Alomomola, F|100/100
|move|p2a: Pecharunt|Recover|p2a: Pecharunt
|-heal|p2a: Pecharunt|100/100
|
|upkeep
|turn|17
|
|t:|1776072160
|move|p2a: Pecharunt|Parting Shot|p1a: Alomomola
|-unboost|p1a: Alomomola|atk|1
|-unboost|p1a: Alomomola|spa|1
|
|t:|1776072163
|switch|p2a: Hatterene|Hatterene, F|59/100|[from] Parting Shot
|move|p1a: Alomomola|Wish|p1a: Alomomola
|
|upkeep
|turn|18
|
|t:|1776072169
|move|p1a: Alomomola|Flip Turn|p2a: Hatterene
|-damage|p2a: Hatterene|46/100
|
|t:|1776072172
|switch|p1a: Goodra|Goodra-Hisui, M|46/100|[from] Flip Turn
|-damage|p1a: Goodra|40/100|[from] Stealth Rock
|move|p2a: Hatterene|Draining Kiss|p1a: Goodra
|-damage|p1a: Goodra|27/100
|-heal|p2a: Hatterene|57/100|[from] drain|[of] p1a: Goodra
|
|-heal|p1a: Goodra|100/100|[from] move: Wish|[wisher] Alomomola
|upkeep
|turn|19
|
|t:|1776072190
|switch|p2a: Pecharunt|Pecharunt|100/100
|move|p1a: Goodra|Flash Cannon|p2a: Pecharunt
|-damage|p2a: Pecharunt|59/100
|
|upkeep
|turn|20
|
|t:|1776072202
|move|p2a: Pecharunt|Parting Shot|p1a: Goodra
|-unboost|p1a: Goodra|atk|1
|-unboost|p1a: Goodra|spa|1
|
|t:|1776072206
|switch|p2a: Corviknight|Corviknight, M|73/100|[from] Parting Shot
|-ability|p2a: Corviknight|Pressure
|move|p1a: Goodra|Dragon Tail|p2a: Corviknight
|-resisted|p2a: Corviknight
|-damage|p2a: Corviknight|67/100
|drag|p2a: Pecharunt|Pecharunt|59/100
|
|upkeep
|turn|21
|
|t:|1776072223
|switch|p1a: Alomomola|Alomomola, F|100/100
|move|p2a: Pecharunt|Recover|p2a: Pecharunt
|-heal|p2a: Pecharunt|100/100
|
|upkeep
|turn|22
|
|t:|1776072230
|move|p2a: Pecharunt|Malignant Chain|p1a: Alomomola
|-damage|p1a: Alomomola|47/100
|-status|p1a: Alomomola|tox
|-start|p1a: Alomomola|confusion|[from] ability: Poison Puppeteer|[of] p2a: Pecharunt
|-activate|p1a: Alomomola|confusion
|move|p1a: Alomomola|Flip Turn|p2a: Pecharunt
|-damage|p2a: Pecharunt|90/100
|
|t:|1776072244
|switch|p1a: Clodsire|Clodsire, F|60/100|[from] Flip Turn
|
|upkeep
|turn|23
|
|t:|1776072248
|move|p2a: Pecharunt|Parting Shot|p1a: Clodsire
|-unboost|p1a: Clodsire|atk|1
|-unboost|p1a: Clodsire|spa|1
|
|t:|1776072251
|switch|p2a: Hatterene|Hatterene, F|57/100|[from] Parting Shot
|move|p1a: Clodsire|Stealth Rock|p2a: Hatterene
|move|p2a: Hatterene|Stealth Rock||[from] ability: Magic Bounce|[still]
|-fail|p2a: Hatterene
|
|upkeep
|turn|24
|
|t:|1776072261
|switch|p1a: Weezing|Weezing-Galar, M|100/100
|-ability|p1a: Weezing|Neutralizing Gas
|move|p2a: Hatterene|Psychic Noise|p1a: Weezing
|-supereffective|p1a: Weezing
|-damage|p1a: Weezing|0 fnt
|faint|p1a: Weezing
|-end|p1a: Weezing|ability: Neutralizing Gas
|
|upkeep
|-message|randomguy606060 forfeited.
|
|win|IAmNotAmanda
|raw|randomguy606060's rating: 1324 &rarr; <strong>1305</strong><br />(-19 for losing)
|raw|IAmNotAmanda's rating: 1337 &rarr; <strong>1356</strong><br />(+19 for winning)
|l|☆randomguy606060
|player|p1|
|l|☆IAmNotAmanda
|player|p2|
