|html|<div class="broadcast-blue"><strong>[Gen 9] OU is currently suspecting Tera Blast! For information on how to participate check out the <a href="https://www.smogon.com/tools/suspects/view/200">suspect thread</a>.</strong></div>
|j|☆Hachikuro
|j|☆Depinion_97
|t:|1776061926
|gametype|singles
|player|p1|Hachikuro|steven|1152
|player|p2|Depinion_97|policeman-gen4|1208
|gen|9
|tier|[Gen 9] OU
|rated|
|rule|HP Percentage Mod: HP is shown in percentages
|rule|Endless Battle Clause: Forcing endless battles is banned
|rule|Species Clause: Limit one of each Pokémon
|rule|OHKO Clause: OHKO moves are banned
|rule|Evasion Items Clause: Evasion items are banned
|rule|Evasion Moves Clause: Evasion moves are banned
|rule|Evasion Abilities Clause: Evasion abilities are banned
|rule|Sleep Moves Clause: Sleep-inducing moves are banned
|clearpoke
|poke|p1|Gliscor, M|
|poke|p1|Dondozo, M|
|poke|p1|Maushold|
|poke|p1|Walking Wake|
|poke|p1|Goodra-Hisui, M|
|poke|p1|Kingambit, M|
|poke|p2|Primarina, M|
|poke|p2|Slowking-Galar, M|
|poke|p2|Great Tusk|
|poke|p2|Corviknight, F|
|poke|p2|Hydreigon, M|
|poke|p2|Rillaboom, M|
|teampreview
|
|t:|1776061954
|teamsize|p1|6
|teamsize|p2|6
|start
|switch|p1a: Maushold|Maushold, shiny|100/100
|switch|p2a: Primarina|Primarina, M|100/100
|turn|1
|
|t:|1776061961
|-terastallize|p1a: Maushold|Normal
|move|p1a: Maushold|Population Bomb|p2a: Primarina
|-damage|p2a: Primarina|81/100
|-damage|p2a: Primarina|61/100
|-damage|p2a: Primarina|42/100
|-damage|p2a: Primarina|25/100
|-damage|p2a: Primarina|7/100
|-damage|p2a: Primarina|0 fnt
|faint|p2a: Primarina
|-hitcount|p2: Primarina|6
|
|upkeep
|
|t:|1776061964
|switch|p2a: Corviknight|Corviknight, F|100/100
|-ability|p2a: Corviknight|Pressure
|turn|2
|
|t:|1776061978
|switch|p1a: Walking Wake|Walking Wake|100/100
|move|p2a: Corviknight|U-turn|p1a: Walking Wake
|-damage|p1a: Walking Wake|85/100
|
|t:|1776061982
|switch|p2a: Hydreigon|Hydreigon, M, shiny|100/100|[from] U-turn
|
|upkeep
|turn|3
|
|t:|1776061988
|move|p2a: Hydreigon|Draco Meteor|p1a: Walking Wake
|-supereffective|p1a: Walking Wake
|-damage|p1a: Walking Wake|0 fnt
|-unboost|p2a: Hydreigon|spa|2
|faint|p1a: Walking Wake
|-end|p1a: Walking Wake|Protosynthesis|[silent]
|
|upkeep
|
|t:|1776061995
|switch|p1a: Goodra|Goodra-Hisui, M, shiny|100/100
|turn|4
|
|t:|1776061999
|switch|p2a: Great Tusk|Great Tusk|100/100
|move|p1a: Goodra|Draco Meteor|p2a: Great Tusk
|-damage|p2a: Great Tusk|26/100
|-unboost|p1a: Goodra|spa|2
|
|upkeep
|turn|5
|
|t:|1776062008
|move|p2a: Great Tusk|Stealth Rock|p1a: Goodra
|-sidestart|p1: Hachikuro|move: Stealth Rock
|move|p1a: Goodra|Earthquake|p2a: Great Tusk
|-damage|p2a: Great Tusk|8/100
|
|upkeep
|turn|6
|
|t:|1776062014
|move|p2a: Great Tusk|Close Combat|p1a: Goodra
|-supereffective|p1a: Goodra
|-damage|p1a: Goodra|0 fnt
|-unboost|p2a: Great Tusk|def|1
|-unboost|p2a: Great Tusk|spd|1
|-ability|p1a: Goodra|Gooey
|-unboost|p2a: Great Tusk|spe|1
|faint|p1a: Goodra
|
|upkeep
|
|t:|1776062024
|switch|p1a: Gliscor|Gliscor, M, shiny|100/100
|-damage|p1a: Gliscor|88/100|[from] Stealth Rock
|turn|7
|
|t:|1776062030
|-end|p2a: Great Tusk|Protosynthesis|[silent]
|switch|p2a: Rillaboom|Rillaboom, M|100/100
|-fieldstart|move: Grassy Terrain|[from] ability: Grassy Surge|[of] p2a: Rillaboom
|move|p1a: Gliscor|Knock Off|p2a: Rillaboom
|-damage|p2a: Rillaboom|79/100
|-enditem|p2a: Rillaboom|Choice Band|[from] move: Knock Off|[of] p1a: Gliscor
|
|-heal|p2a: Rillaboom|86/100|[from] Grassy Terrain
|-status|p1a: Gliscor|tox|[from] item: Toxic Orb
|upkeep
|turn|8
|
|t:|1776062045
|-terastallize|p2a: Rillaboom|Grass
|move|p1a: Gliscor|Toxic|p2a: Rillaboom
|-status|p2a: Rillaboom|tox
|move|p2a: Rillaboom|Wood Hammer|p1a: Gliscor
|-damage|p1a: Gliscor|12/100 tox
|-damage|p2a: Rillaboom|64/100 tox|[from] Recoil
|
|-heal|p2a: Rillaboom|70/100 tox|[from] Grassy Terrain
|-heal|p1a: Gliscor|25/100 tox|[from] ability: Poison Heal
|-damage|p2a: Rillaboom|64/100 tox|[from] psn
|upkeep
|turn|9
|
|t:|1776062059
|switch|p2a: Hydreigon|Hydreigon, M, shiny|100/100
|move|p1a: Gliscor|Protect||[still]
|-fail|p1a: Gliscor
|
|-heal|p1a: Gliscor|37/100 tox|[from] ability: Poison Heal
|upkeep
|turn|10
|
|t:|1776062067
|move|p1a: Gliscor|Protect|p1a: Gliscor
|-singleturn|p1a: Gliscor|Protect
|move|p2a: Hydreigon|Draco Meteor|p1a: Gliscor
|-activate|p1a: Gliscor|move: Protect
|
|-heal|p1a: Gliscor|50/100 tox|[from] ability: Poison Heal
|upkeep
|turn|11
|
|t:|1776062076
|switch|p1a: Dondozo|Dondozo, M, shiny|100/100
|-damage|p1a: Dondozo|88/100|[from] Stealth Rock
|move|p2a: Hydreigon|Draco Meteor|p1a: Dondozo
|-damage|p1a: Dondozo|17/100
|-unboost|p2a: Hydreigon|spa|2
|
|-heal|p1a: Dondozo|23/100|[from] Grassy Terrain
|-fieldend|move: Grassy Terrain
|upkeep
|turn|12
|
|t:|1776062088
|switch|p2a: Great Tusk|Great Tusk|8/100
|move|p1a: Dondozo|Waterfall|p2a: Great Tusk
|-supereffective|p2a: Great Tusk
|-damage|p2a: Great Tusk|0 fnt
|faint|p2a: Great Tusk
|-end|p2a: Great Tusk|Protosynthesis|[silent]
|
|upkeep
|
|t:|1776062090
|switch|p2a: Rillaboom|Rillaboom, M, tera:Grass|64/100 tox
|-fieldstart|move: Grassy Terrain|[from] ability: Grassy Surge|[of] p2a: Rillaboom
|turn|13
|
|t:|1776062106
|move|p2a: Rillaboom|Wood Hammer|p1a: Dondozo
|-supereffective|p1a: Dondozo
|-damage|p1a: Dondozo|0 fnt
|-damage|p2a: Rillaboom|47/100 tox|[from] item: Rocky Helmet|[of] p1a: Dondozo
|faint|p1a: Dondozo
|-damage|p2a: Rillaboom|38/100 tox|[from] Recoil
|
|-heal|p2a: Rillaboom|44/100 tox|[from] Grassy Terrain
|-damage|p2a: Rillaboom|38/100 tox|[from] psn
|upkeep
|
|t:|1776062120
|switch|p1a: Maushold|Maushold, shiny, tera:Normal|100/100
|-damage|p1a: Maushold|88/100|[from] Stealth Rock
|turn|14
|
|t:|1776062125
|move|p2a: Rillaboom|Grassy Glide|p1a: Maushold
|-damage|p1a: Maushold|0 fnt
|faint|p1a: Maushold
|
|-heal|p2a: Rillaboom|44/100 tox|[from] Grassy Terrain
|-damage|p2a: Rillaboom|32/100 tox|[from] psn
|upkeep
|
|t:|1776062133
|switch|p1a: Gliscor|Gliscor, M, shiny|50/100 tox
|-damage|p1a: Gliscor|37/100 tox|[from] Stealth Rock
|turn|15
|
|t:|1776062139
|switch|p2a: Hydreigon|Hydreigon, M, shiny|100/100
|move|p1a: Gliscor|Protect||[still]
|-fail|p1a: Gliscor
|
|-heal|p1a: Gliscor|50/100 tox|[from] ability: Poison Heal
|upkeep
|turn|16
|
|t:|1776062147
|move|p1a: Gliscor|Protect|p1a: Gliscor
|-singleturn|p1a: Gliscor|Protect
|move|p2a: Hydreigon|Draco Meteor|p1a: Gliscor
|-activate|p1a: Gliscor|move: Protect
|
|-heal|p1a: Gliscor|62/100 tox|[from] ability: Poison Heal
|upkeep
|turn|17
|
|t:|1776062157
|move|p2a: Hydreigon|Draco Meteor|p1a: Gliscor|[miss]
|-miss|p2a: Hydreigon|p1a: Gliscor
|move|p1a: Gliscor|Toxic|p2a: Hydreigon
|-status|p2a: Hydreigon|tox
|
|-damage|p2a: Hydreigon|94/100 tox|[from] psn
|-heal|p1a: Gliscor|75/100 tox|[from] ability: Poison Heal
|-fieldend|move: Grassy Terrain
|upkeep
|turn|18
|
|t:|1776062167
|move|p1a: Gliscor|Protect|p1a: Gliscor
|-singleturn|p1a: Gliscor|Protect
|move|p2a: Hydreigon|Draco Meteor|p1a: Gliscor
|-activate|p1a: Gliscor|move: Protect
|
|-damage|p2a: Hydreigon|82/100 tox|[from] psn
|-heal|p1a: Gliscor|87/100 tox|[from] ability: Poison Heal
|upkeep
|turn|19
|
|t:|1776062177
|move|p2a: Hydreigon|Draco Meteor|p1a: Gliscor
|-damage|p1a: Gliscor|1/100 tox
|-unboost|p2a: Hydreigon|spa|2
|move|p1a: Gliscor|Knock Off|p2a: Hydreigon
|-resisted|p2a: Hydreigon
|-damage|p2a: Hydreigon|71/100 tox
|-enditem|p2a: Hydreigon|Choice Scarf|[from] move: Knock Off|[of] p1a: Gliscor
|
|-damage|p2a: Hydreigon|52/100 tox|[from] psn
|-heal|p1a: Gliscor|13/100 tox|[from] ability: Poison Heal
|upkeep
|turn|20
|
|t:|1776062189
|switch|p2a: Rillaboom|Rillaboom, M, tera:Grass|32/100 tox
|-fieldstart|move: Grassy Terrain|[from] ability: Grassy Surge|[of] p2a: Rillaboom
|move|p1a: Gliscor|Protect||[still]
|-fail|p1a: Gliscor
|
|-heal|p2a: Rillaboom|38/100 tox|[from] Grassy Terrain
|-heal|p1a: Gliscor|26/100 tox|[from] ability: Poison Heal
|-damage|p2a: Rillaboom|32/100 tox|[from] psn
|upkeep
|turn|21
|
|t:|1776062201
|move|p1a: Gliscor|Protect|p1a: Gliscor
|-singleturn|p1a: Gliscor|Protect
|move|p2a: Rillaboom|Grassy Glide|p1a: Gliscor
|-activate|p1a: Gliscor|move: Protect
|
|-heal|p2a: Rillaboom|38/100 tox|[from] Grassy Terrain
|-heal|p1a: Gliscor|38/100 tox|[from] ability: Poison Heal
|-damage|p2a: Rillaboom|26/100 tox|[from] psn
|upkeep
|turn|22
|
|t:|1776062220
|switch|p1a: Kingambit|Kingambit, M, shiny|100/100
|-damage|p1a: Kingambit|94/100|[from] Stealth Rock
|-activate|p1a: Kingambit|ability: Supreme Overlord
|-start|p1a: Kingambit|fallen4|[silent]
|move|p2a: Rillaboom|Grassy Glide|p1a: Kingambit
|-resisted|p1a: Kingambit
|-damage|p1a: Kingambit|73/100
|
|-heal|p2a: Rillaboom|32/100 tox|[from] Grassy Terrain
|-heal|p1a: Kingambit|79/100|[from] Grassy Terrain
|-damage|p2a: Rillaboom|13/100 tox|[from] psn
|upkeep
|turn|23
|
|t:|1776062233
|move|p2a: Rillaboom|Earthquake|p1a: Kingambit
|-supereffective|p1a: Kingambit
|-damage|p1a: Kingambit|48/100
|move|p1a: Kingambit|Kowtow Cleave|p2a: Rillaboom
|-damage|p2a: Rillaboom|0 fnt
|faint|p2a: Rillaboom
|
|-heal|p1a: Kingambit|54/100|[from] Grassy Terrain
|upkeep
|
|t:|1776062239
|switch|p2a: Corviknight|Corviknight, F|100/100
|-ability|p2a: Corviknight|Pressure
|turn|24
|
|t:|1776062287
|move|p2a: Corviknight|Body Press|p1a: Kingambit
|-supereffective|p1a: Kingambit
|-damage|p1a: Kingambit|0 fnt
|faint|p1a: Kingambit
|-end|p1a: Kingambit|fallen4|[silent]
|
|-fieldend|move: Grassy Terrain
|upkeep
|-message|Hachikuro forfeited.
|
|win|Depinion_97
|raw|Hachikuro's rating: 1152 &rarr; <strong>1131</strong><br />(-21 for losing)
|raw|Depinion_97's rating: 1208 &rarr; <strong>1229</strong><br />(+21 for winning)
|l|☆Hachikuro
|player|p1|
|l|☆Depinion_97
|player|p2|
