|html|<div class="broadcast-blue"><strong>[Gen 9] OU is currently suspecting Tera Blast! For information on how to participate check out the <a href="https://www.smogon.com/tools/suspects/view/200">suspect thread</a>.</strong></div>
|badge|p1|bronze|gen9randombattle|100-9
|uhtml|medal-msg|<div class="broadcast-blue">Curious what those medals under the avatar are? PS now has Ladder Seasons! For more information, check out the <a href="https://www.smogon.com/forums/threads/3740067/">thread on Smogon.</a></div>
|j|‽LT_Alt1
|j|☆Zuifeng
|t:|1776059316
|gametype|singles
|player|p1|LT_Alt1|101|1709
|player|p2|Zuifeng|li|1649
|gen|9
|tier|[Gen 9] OU
|rated|
|rule|HP Percentage Mod: HP is shown in percentages
|rule|Endless Battle Clause: Forcing endless battles is banned
|rule|Species Clause: Limit one of each Pokémon
|rule|OHKO Clause: OHKO moves are banned
|rule|Evasion Items Clause: Evasion items are banned
|rule|Evasion Moves Clause: Evasion moves are banned
|rule|Evasion Abilities Clause: Evasion abilities are banned
|rule|Sleep Moves Clause: Sleep-inducing moves are banned
|clearpoke
|poke|p1|Garganacl, F|
|poke|p1|Slowking-Galar, F|
|poke|p1|Kyurem|
|poke|p1|Weezing-Galar, F|
|poke|p1|Moltres|
|poke|p1|Iron Treads|
|poke|p2|Gholdengo|
|poke|p2|Tornadus-Therian, M|
|poke|p2|Hatterene, F|
|poke|p2|Samurott-Hisui, M|
|poke|p2|Dragapult, M|
|poke|p2|Great Tusk|
|teampreview
|inactive|Battle timer is ON: inactive players will automatically lose when time's up. (requested by Zuifeng)
|j| ohko_smeargle
|
|t:|1776059334
|teamsize|p1|6
|teamsize|p2|6
|start
|switch|p1a: Slowking|Slowking-Galar, F|100/100
|switch|p2a: Dragapult|Dragapult, M|100/100
|turn|1
|
|t:|1776059342
|move|p2a: Dragapult|U-turn|p1a: Slowking
|-damage|p1a: Slowking|63/100
|
|t:|1776059347
|switch|p2a: Tornadus|Tornadus-Therian, M|100/100|[from] U-turn
|move|p1a: Slowking|Thunder Wave|p2a: Tornadus
|-status|p2a: Tornadus|par
|
|upkeep
|turn|2
|
|t:|1776059354
|move|p2a: Tornadus|Knock Off|p1a: Slowking
|-supereffective|p1a: Slowking
|-enditem|p1a: Slowking|Colbur Berry|[eat]
|-enditem|p1a: Slowking|Colbur Berry|[weaken]
|-damage|p1a: Slowking|43/100
|move|p1a: Slowking|Future Sight|p2a: Tornadus
|-start|p1a: Slowking|move: Future Sight
|
|upkeep
|turn|3
|
|t:|1776059360
|move|p2a: Tornadus|Bleakwind Storm|p1a: Slowking
|-damage|p1a: Slowking|22/100
|-prepare|p1a: Slowking|Chilly Reception|[premajor]
|move|p1a: Slowking|Chilly Reception|p1a: Slowking
|-weather|Snowscape
|
|t:|1776059384
|switch|p1a: Garganacl|Garganacl, F|100/100|[from] Chilly Reception
|
|-weather|Snowscape|[upkeep]
|upkeep
|turn|4
|
|t:|1776059390
|cant|p2a: Tornadus|par
|move|p1a: Garganacl|Salt Cure|p2a: Tornadus
|-supereffective|p2a: Tornadus
|-damage|p2a: Tornadus|68/100 par
|-start|p2a: Tornadus|Salt Cure
|
|-weather|Snowscape|[upkeep]
|-end|p2a: Tornadus|move: Future Sight
|-damage|p2a: Tornadus|40/100 par
|-damage|p2a: Tornadus|28/100 par|[from] Salt Cure
|upkeep
|turn|5
|
|t:|1776059399
|switch|p2a: Hatterene|Hatterene, F|100/100
|move|p1a: Garganacl|Salt Cure|p2a: Hatterene
|-damage|p2a: Hatterene|85/100
|-start|p2a: Hatterene|Salt Cure
|
|-weather|Snowscape|[upkeep]
|-damage|p2a: Hatterene|73/100|[from] Salt Cure
|upkeep
|turn|6
|
|t:|1776059406
|move|p1a: Garganacl|Salt Cure|p2a: Hatterene
|-damage|p2a: Hatterene|57/100
|move|p2a: Hatterene|Psychic Noise|p1a: Garganacl
|-damage|p1a: Garganacl|68/100
|-start|p1a: Garganacl|move: Heal Block
|
|-weather|Snowscape|[upkeep]
|-damage|p2a: Hatterene|45/100|[from] Salt Cure
|upkeep
|turn|7
|
|t:|1776059412
|switch|p2a: Samurott|Samurott-Hisui, M|100/100
|move|p1a: Garganacl|Salt Cure|p2a: Samurott
|-damage|p2a: Samurott|82/100
|-start|p2a: Samurott|Salt Cure
|
|-weather|none
|-damage|p2a: Samurott|58/100|[from] Salt Cure
|-end|p1a: Garganacl|move: Heal Block
|upkeep
|turn|8
|
|t:|1776059418
|switch|p1a: Weezing|Weezing-Galar, F|100/100
|-ability|p1a: Weezing|Neutralizing Gas
|move|p2a: Samurott|Razor Shell|p1a: Weezing
|-damage|p1a: Weezing|73/100
|-unboost|p1a: Weezing|def|1
|
|-heal|p1a: Weezing|79/100|[from] item: Leftovers
|-damage|p2a: Samurott|33/100|[from] Salt Cure
|upkeep
|turn|9
|
|t:|1776059424
|switch|p2a: Hatterene|Hatterene, F|45/100
|move|p1a: Weezing|Will-O-Wisp|p2a: Hatterene
|-status|p2a: Hatterene|brn
|
|-heal|p1a: Weezing|85/100|[from] item: Leftovers
|-damage|p2a: Hatterene|39/100 brn|[from] brn
|upkeep
|turn|10
|
|t:|1776059431
|-end|p1a: Weezing|ability: Neutralizing Gas
|switch|p1a: Slowking|Slowking-Galar, F|55/100
|switch|p2a: Gholdengo|Gholdengo|100/100
|
|upkeep
|turn|11
|
|t:|1776059441
|move|p2a: Gholdengo|Trick|p1a: Slowking
|-activate|p2a: Gholdengo|move: Trick|[of] p1a: Slowking
|-item|p1a: Slowking|Choice Scarf|[from] move: Trick
|-enditem|p2a: Gholdengo|Choice Scarf|[silent]|[from] move: Trick
|-prepare|p1a: Slowking|Chilly Reception|[premajor]
|move|p1a: Slowking|Chilly Reception|p1a: Slowking
|-weather|Snowscape
|
|t:|1776059445
|switch|p1a: Iron Treads|Iron Treads|100/100|[from] Chilly Reception
|
|-weather|Snowscape|[upkeep]
|upkeep
|turn|12
|
|t:|1776059453
|switch|p2a: Great Tusk|Great Tusk|100/100
|move|p1a: Iron Treads|Earthquake|p2a: Great Tusk
|-damage|p2a: Great Tusk|70/100
|
|-weather|Snowscape|[upkeep]
|upkeep
|turn|13
|
|t:|1776059458
|-end|p1a: Iron Treads|Quark Drive|[silent]
|switch|p1a: Moltres|Moltres|100/100
|move|p2a: Great Tusk|Stealth Rock|p1a: Moltres
|-sidestart|p1: LT_Alt1|move: Stealth Rock
|
|-weather|Snowscape|[upkeep]
|upkeep
|turn|14
|
|t:|1776059464
|-end|p2a: Great Tusk|Protosynthesis|[silent]
|switch|p2a: Tornadus|Tornadus-Therian, M|61/100 par
|move|p1a: Moltres|Flamethrower|p2a: Tornadus
|-damage|p2a: Tornadus|37/100 par
|
|-weather|Snowscape|[upkeep]
|upkeep
|turn|15
|
|t:|1776059469
|move|p1a: Moltres|U-turn|p2a: Tornadus
|-resisted|p2a: Tornadus
|-damage|p2a: Tornadus|29/100 par
|
|t:|1776059472
|switch|p1a: Slowking|Slowking-Galar, F|88/100|[from] U-turn
|-damage|p1a: Slowking|76/100|[from] Stealth Rock
|move|p2a: Tornadus|U-turn|p1a: Slowking
|-damage|p1a: Slowking|61/100
|
|t:|1776059477
|switch|p2a: Samurott|Samurott-Hisui, M|33/100|[from] U-turn
|
|-weather|none
|upkeep
|turn|16
|
|t:|1776059483
|switch|p1a: Weezing|Weezing-Galar, F|85/100
|-ability|p1a: Weezing|Neutralizing Gas
|-damage|p1a: Weezing|72/100|[from] Stealth Rock
|move|p2a: Samurott|Razor Shell|p1a: Weezing
|-damage|p1a: Weezing|43/100
|
|-heal|p1a: Weezing|49/100|[from] item: Leftovers
|upkeep
|turn|17
|
|t:|1776059496
|switch|p2a: Gholdengo|Gholdengo|100/100
|move|p1a: Weezing|Defog|p2a: Gholdengo
|-unboost|p2a: Gholdengo|evasion|1
|-sideend|p1: LT_Alt1|Stealth Rock|[from] move: Defog|[of] p1a: Weezing
|
|-heal|p1a: Weezing|55/100|[from] item: Leftovers
|upkeep
|turn|18
|
|t:|1776059508
|-end|p1a: Weezing|ability: Neutralizing Gas
|switch|p1a: Garganacl|Garganacl, F|68/100
|move|p2a: Gholdengo|Shadow Ball|p1a: Garganacl
|-damage|p1a: Garganacl|53/100
|
|-heal|p1a: Garganacl|60/100|[from] item: Leftovers
|upkeep
|turn|19
|
|t:|1776059516
|switch|p1a: Slowking|Slowking-Galar, F|94/100
|move|p2a: Gholdengo|Make It Rain|p1a: Slowking
|-damage|p1a: Slowking|59/100
|-unboost|p2a: Gholdengo|spa|1
|
|upkeep
|turn|20
|
|t:|1776059520
|move|p2a: Gholdengo|Shadow Ball|p1a: Slowking
|-supereffective|p1a: Slowking
|-damage|p1a: Slowking|24/100
|-prepare|p1a: Slowking|Chilly Reception|[premajor]
|move|p1a: Slowking|Chilly Reception|p1a: Slowking
|-weather|Snowscape
|
|t:|1776059523
|switch|p1a: Iron Treads|Iron Treads|100/100|[from] Chilly Reception
|
|-weather|Snowscape|[upkeep]
|upkeep
|turn|21
|
|t:|1776059530
|switch|p2a: Tornadus|Tornadus-Therian, M|62/100 par
|move|p1a: Iron Treads|Stealth Rock|p2a: Tornadus
|-sidestart|p2: Zuifeng|move: Stealth Rock
|
|-weather|Snowscape|[upkeep]
|upkeep
|turn|22
|
|t:|1776059537
|switch|p2a: Great Tusk|Great Tusk|70/100
|move|p1a: Iron Treads|Knock Off|p2a: Great Tusk
|-resisted|p2a: Great Tusk
|-damage|p2a: Great Tusk|61/100
|-enditem|p2a: Great Tusk|Heavy-Duty Boots|[from] move: Knock Off|[of] p1a: Iron Treads
|
|-weather|Snowscape|[upkeep]
|upkeep
|turn|23
|
|t:|1776059546
|-end|p1a: Iron Treads|Quark Drive|[silent]
|switch|p1a: Moltres|Moltres|100/100
|move|p2a: Great Tusk|Rapid Spin|p1a: Moltres
|-damage|p1a: Moltres|88/100
|-boost|p2a: Great Tusk|spe|1
|-sideend|p2: Zuifeng|Stealth Rock|[from] move: Rapid Spin|[of] p2a: Great Tusk
|
|-weather|Snowscape|[upkeep]
|upkeep
|turn|24
|
|t:|1776059552
|-end|p2a: Great Tusk|Protosynthesis|[silent]
|switch|p2a: Tornadus|Tornadus-Therian, M|95/100 par
|move|p1a: Moltres|Flamethrower|p2a: Tornadus
|-damage|p2a: Tornadus|69/100 par
|
|-weather|none
|upkeep
|turn|25
|
|t:|1776059558
|move|p1a: Moltres|U-turn|p2a: Tornadus
|-resisted|p2a: Tornadus
|-damage|p2a: Tornadus|60/100 par
|
|t:|1776059566
|switch|p1a: Slowking|Slowking-Galar, F|57/100|[from] U-turn
|move|p2a: Tornadus|U-turn|p1a: Slowking
|-damage|p1a: Slowking|43/100
|
|t:|1776059570
|switch|p2a: Samurott|Samurott-Hisui, M|33/100|[from] U-turn
|
|upkeep
|turn|26
|
|t:|1776059582
|switch|p1a: Weezing|Weezing-Galar, F|55/100
|-ability|p1a: Weezing|Neutralizing Gas
|move|p2a: Samurott|Ceaseless Edge|p1a: Weezing
|-resisted|p1a: Weezing
|-damage|p1a: Weezing|39/100
|-sidestart|p1: LT_Alt1|Spikes
|
|-heal|p1a: Weezing|45/100|[from] item: Leftovers
|upkeep
|turn|27
|
|t:|1776059590
|switch|p2a: Gholdengo|Gholdengo|100/100
|move|p1a: Weezing|Defog|p2a: Gholdengo
|-unboost|p2a: Gholdengo|evasion|1
|-sideend|p1: LT_Alt1|Spikes|[from] move: Defog|[of] p1a: Weezing
|
|-heal|p1a: Weezing|51/100|[from] item: Leftovers
|upkeep
|turn|28
|
|t:|1776059599
|-end|p1a: Weezing|ability: Neutralizing Gas
|switch|p1a: Slowking|Slowking-Galar, F|76/100
|move|p2a: Gholdengo|Shadow Ball|p1a: Slowking
|-supereffective|p1a: Slowking
|-damage|p1a: Slowking|22/100
|
|upkeep
|turn|29
|
|t:|1776059604
|switch|p1a: Iron Treads|Iron Treads|100/100
|move|p2a: Gholdengo|Shadow Ball|p1a: Iron Treads
|-damage|p1a: Iron Treads|46/100
|
|-heal|p1a: Iron Treads|53/100|[from] item: Leftovers
|upkeep
|turn|30
|
|t:|1776059617
|switch|p2a: Tornadus|Tornadus-Therian, M|93/100 par
|move|p1a: Iron Treads|Earthquake|p2a: Tornadus
|-immune|p2a: Tornadus
|
|-heal|p1a: Iron Treads|59/100|[from] item: Leftovers
|upkeep
|turn|31
|
|t:|1776059625
|move|p1a: Iron Treads|Stealth Rock|p2a: Tornadus
|-sidestart|p2: Zuifeng|move: Stealth Rock
|move|p2a: Tornadus|Heat Wave|p1a: Iron Treads
|-supereffective|p1a: Iron Treads
|-damage|p1a: Iron Treads|3/100
|
|-heal|p1a: Iron Treads|9/100|[from] item: Leftovers
|upkeep
|turn|32
|
|t:|1776059634
|move|p1a: Iron Treads|Knock Off|p2a: Tornadus
|-damage|p2a: Tornadus|64/100 par
|-enditem|p2a: Tornadus|Assault Vest|[from] move: Knock Off|[of] p1a: Iron Treads
|move|p2a: Tornadus|U-turn|p1a: Iron Treads
|-resisted|p1a: Iron Treads
|-damage|p1a: Iron Treads|4/100
|
|t:|1776059639
|switch|p2a: Great Tusk|Great Tusk|61/100|[from] U-turn
|-damage|p2a: Great Tusk|58/100|[from] Stealth Rock
|
|-heal|p1a: Iron Treads|10/100|[from] item: Leftovers
|upkeep
|turn|33
|
|t:|1776059646
|move|p1a: Iron Treads|Earthquake|p2a: Great Tusk
|-damage|p2a: Great Tusk|30/100
|move|p2a: Great Tusk|Rapid Spin|p1a: Iron Treads
|-resisted|p1a: Iron Treads
|-damage|p1a: Iron Treads|3/100
|-boost|p2a: Great Tusk|spe|1
|-sideend|p2: Zuifeng|Stealth Rock|[from] move: Rapid Spin|[of] p2a: Great Tusk
|
|-heal|p1a: Iron Treads|9/100|[from] item: Leftovers
|upkeep
|turn|34
|
|t:|1776059654
|move|p2a: Great Tusk|Stealth Rock|p1a: Iron Treads
|-sidestart|p1: LT_Alt1|move: Stealth Rock
|move|p1a: Iron Treads|Rapid Spin|p2a: Great Tusk
|-damage|p2a: Great Tusk|20/100
|-boost|p1a: Iron Treads|spe|1
|-sideend|p1: LT_Alt1|Stealth Rock|[from] move: Rapid Spin|[of] p1a: Iron Treads
|
|-heal|p1a: Iron Treads|16/100|[from] item: Leftovers
|upkeep
|turn|35
|
|t:|1776059662
|move|p1a: Iron Treads|Stealth Rock|p2a: Great Tusk
|-sidestart|p2: Zuifeng|move: Stealth Rock
|move|p2a: Great Tusk|Ice Spinner|p1a: Iron Treads
|-damage|p1a: Iron Treads|0 fnt
|faint|p1a: Iron Treads
|-end|p1a: Iron Treads|Quark Drive|[silent]
|
|upkeep
|
|t:|1776059666
|switch|p1a: Moltres|Moltres|88/100
|turn|36
|
|t:|1776059695
|move|p2a: Great Tusk|Rapid Spin|p1a: Moltres
|-damage|p1a: Moltres|75/100
|-boost|p2a: Great Tusk|spe|1
|-sideend|p2: Zuifeng|Stealth Rock|[from] move: Rapid Spin|[of] p2a: Great Tusk
|move|p1a: Moltres|Flamethrower|p2a: Great Tusk
|-damage|p2a: Great Tusk|0 fnt
|faint|p2a: Great Tusk
|-end|p2a: Great Tusk|Protosynthesis|[silent]
|
|upkeep
|
|t:|1776059704
|switch|p2a: Samurott|Samurott-Hisui, M|33/100
|turn|37
|
|t:|1776059716
|switch|p2a: Hatterene|Hatterene, F|39/100 brn
|switch|p1a: Weezing|Weezing-Galar, F|51/100
|-ability|p1a: Weezing|Neutralizing Gas
|
|-heal|p1a: Weezing|57/100|[from] item: Leftovers
|-damage|p2a: Hatterene|33/100 brn|[from] brn
|upkeep
|turn|38
|
|t:|1776059722
|-end|p1a: Weezing|ability: Neutralizing Gas
|switch|p1a: Slowking|Slowking-Galar, F|55/100
|move|p2a: Hatterene|Psychic Noise|p1a: Slowking
|-damage|p1a: Slowking|31/100
|-start|p1a: Slowking|move: Heal Block
|
|-damage|p2a: Hatterene|27/100 brn|[from] brn
|upkeep
|turn|39
|
|t:|1776059733
|switch|p2a: Gholdengo|Gholdengo|100/100
|-prepare|p1a: Slowking|Chilly Reception|[premajor]
|move|p1a: Slowking|Chilly Reception|p1a: Slowking
|-weather|Snowscape
|
|t:|1776059736
|switch|p1a: Moltres|Moltres|75/100|[from] Chilly Reception
|
|-weather|Snowscape|[upkeep]
|upkeep
|turn|40
|
|t:|1776059759
|-terastallize|p2a: Gholdengo|Fairy
|move|p2a: Gholdengo|Shadow Ball|p1a: Moltres
|-damage|p1a: Moltres|35/100
|-unboost|p1a: Moltres|spd|1
|move|p1a: Moltres|U-turn|p2a: Gholdengo
|-resisted|p2a: Gholdengo
|-damage|p2a: Gholdengo|92/100
|
|t:|1776059766
|switch|p1a: Slowking|Slowking-Galar, F|64/100|[from] U-turn
|
|-weather|Snowscape|[upkeep]
|upkeep
|turn|41
|
|t:|1776059774
|move|p2a: Gholdengo|Shadow Ball|p1a: Slowking
|-supereffective|p1a: Slowking
|-damage|p1a: Slowking|11/100
|move|p1a: Slowking|Sludge Bomb|p2a: Gholdengo
|-supereffective|p2a: Gholdengo
|-damage|p2a: Gholdengo|7/100
|
|-weather|Snowscape|[upkeep]
|upkeep
|turn|42
|
|t:|1776059789
|switch|p1a: Garganacl|Garganacl, F|60/100
|move|p2a: Gholdengo|Shadow Ball|p1a: Garganacl
|-damage|p1a: Garganacl|43/100
|-unboost|p1a: Garganacl|spd|1
|
|-weather|Snowscape|[upkeep]
|-heal|p1a: Garganacl|50/100|[from] item: Leftovers
|upkeep
|turn|43
|
|t:|1776059800
|switch|p1a: Moltres|Moltres|35/100
|move|p2a: Gholdengo|Recover|p2a: Gholdengo
|-heal|p2a: Gholdengo|57/100
|
|-weather|none
|upkeep
|turn|44
|
|t:|1776059805
|move|p2a: Gholdengo|Shadow Ball|p1a: Moltres
|-damage|p1a: Moltres|0 fnt
|faint|p1a: Moltres
|
|upkeep
|
|t:|1776059809
|switch|p1a: Kyurem|Kyurem|100/100
|-ability|p1a: Kyurem|Pressure
|turn|45
|
|t:|1776059821
|switch|p2a: Tornadus|Tornadus-Therian, M|97/100 par
|move|p1a: Kyurem|Ice Beam|p2a: Tornadus
|-supereffective|p2a: Tornadus
|-damage|p2a: Tornadus|0 fnt
|faint|p2a: Tornadus
|
|upkeep
|
|t:|1776059825
|switch|p2a: Hatterene|Hatterene, F|27/100 brn
|turn|46
|
|t:|1776059832
|move|p1a: Kyurem|Ice Beam|p2a: Hatterene
|-damage|p2a: Hatterene|0 fnt
|faint|p2a: Hatterene
|
|upkeep
|
|t:|1776059836
|switch|p2a: Dragapult|Dragapult, M|100/100
|turn|47
|
|t:|1776059845
|-terastallize|p1a: Kyurem|Ice
|move|p2a: Dragapult|U-turn|p1a: Kyurem
|-damage|p1a: Kyurem|69/100
|
|t:|1776059852
|switch|p2a: Samurott|Samurott-Hisui, M|33/100|[from] U-turn
|move|p1a: Kyurem|Scale Shot|p2a: Samurott
|-damage|p2a: Samurott|19/100
|-damage|p2a: Samurott|7/100
|-damage|p2a: Samurott|0 fnt
|faint|p2a: Samurott
|-hitcount|p2: Samurott|3
|-unboost|p1a: Kyurem|def|1
|-boost|p1a: Kyurem|spe|1
|
|upkeep
|-message|Zuifeng forfeited.
|
|win|LT_Alt1
|raw|LT_Alt1's rating: 1709 &rarr; <strong>1726</strong><br />(+17 for winning)
|raw|Zuifeng's rating: 1649 &rarr; <strong>1632</strong><br />(-17 for losing)
|l|☆Zuifeng
|player|p2|
|l| ohko_smeargle
|l|‽LT_Alt1
|player|p1|
