|html|<div class="broadcast-blue"><strong>[Gen 9] OU is currently suspecting Volcarona! For information on how to participate check out the <a href="https://www.smogon.com/tools/suspects/view/208">suspect thread</a>.</strong></div>
|j|☆gokouku
|j|☆Apprentice Dogwood
|t:|1778507524
|gametype|singles
|player|p1|gokouku|acetrainercouple|1151
|player|p2|Apprentice Dogwood|brock|1169
|gen|9
|tier|[Gen 9] OU
|rated|
|rule|HP Percentage Mod: HP is shown in percentages
|rule|Endless Battle Clause: Forcing endless battles is banned
|rule|Species Clause: Limit one of each Pokémon
|rule|OHKO Clause: OHKO moves are banned
|rule|Evasion Items Clause: Evasion items are banned
|rule|Evasion Moves Clause: Evasion moves are banned
|rule|Evasion Abilities Clause: Evasion abilities are banned
|rule|Sleep Moves Clause: Sleep-inducing moves are banned
|clearpoke
|poke|p1|Gliscor, F|
|poke|p1|Landorus-Therian, M|
|poke|p1|Barraskewda, M|
|poke|p1|Pelipper, F|
|poke|p1|Greninja-*, F|
|poke|p1|Kingdra, M|
|poke|p2|Infernape, M|
|poke|p2|Blaziken, M|
|poke|p2|Emboar, M|
|poke|p2|Charizard, F|
|poke|p2|Cinderace, M|
|poke|p2|Delphox, F|
|teampreview
|inactive|Battle timer is ON: inactive players will automatically lose when time's up. (requested by gokouku)
|inactive|Apprentice Dogwood also wants the timer to be on.
|
|t:|1778507532
|teamsize|p1|6
|teamsize|p2|6
|start
|switch|p1a: Landorus|Landorus-Therian, M, shiny|100/100
|switch|p2a: Blaziken|Blaziken, M|100/100
|-ability|p1a: Landorus|Intimidate|boost
|-unboost|p2a: Blaziken|atk|1
|turn|1
|
|t:|1778507536
|switch|p2a: Charizard|Charizard, F|100/100
|move|p1a: Landorus|Stealth Rock|p2a: Charizard
|-sidestart|p2: Apprentice Dogwood|move: Stealth Rock
|
|upkeep
|turn|2
|
|t:|1778507540
|move|p2a: Charizard|Heat Wave|p1a: Landorus
|-damage|p1a: Landorus|45/100
|move|p1a: Landorus|Stone Edge|p2a: Charizard
|-supereffective|p2a: Charizard
|-damage|p2a: Charizard|0 fnt
|faint|p2a: Charizard
|
|-heal|p1a: Landorus|51/100|[from] item: Leftovers
|upkeep
|
|t:|1778507556
|switch|p2a: Infernape|Infernape, M|100/100
|-damage|p2a: Infernape|88/100|[from] Stealth Rock
|turn|3
|
|t:|1778507559
|move|p2a: Infernape|Knock Off|p1a: Landorus
|-damage|p1a: Landorus|16/100
|-enditem|p1a: Landorus|Leftovers|[from] move: Knock Off|[of] p2a: Infernape
|-damage|p2a: Infernape|78/100|[from] item: Life Orb
|move|p1a: Landorus|Earthquake|p2a: Infernape
|-supereffective|p2a: Infernape
|-damage|p2a: Infernape|0 fnt
|faint|p2a: Infernape
|
|upkeep
|
|t:|1778507567
|switch|p2a: Blaziken|Blaziken, M|100/100
|-damage|p2a: Blaziken|88/100|[from] Stealth Rock
|turn|4
|
|t:|1778507570
|move|p2a: Blaziken|Protect|p2a: Blaziken
|-singleturn|p2a: Blaziken|Protect
|move|p1a: Landorus|Earthquake|p2a: Blaziken
|-activate|p2a: Blaziken|move: Protect
|
|-heal|p2a: Blaziken|94/100|[from] item: Leftovers
|-ability|p2a: Blaziken|Speed Boost|boost
|-boost|p2a: Blaziken|spe|1
|upkeep
|turn|5
|
|t:|1778507575
|move|p2a: Blaziken|Flare Blitz|p1a: Landorus
|-damage|p1a: Landorus|0 fnt
|faint|p1a: Landorus
|-damage|p2a: Blaziken|89/100|[from] Recoil
|
|-heal|p2a: Blaziken|95/100|[from] item: Leftovers
|-ability|p2a: Blaziken|Speed Boost|boost
|-boost|p2a: Blaziken|spe|1
|upkeep
|
|t:|1778507578
|switch|p1a: Pelipper|Pelipper, F, shiny|100/100
|-weather|RainDance|[from] ability: Drizzle|[of] p1a: Pelipper
|turn|6
|
|t:|1778507582
|move|p2a: Blaziken|Thunder Punch|p1a: Pelipper
|-supereffective|p1a: Pelipper
|-enditem|p1a: Pelipper|Focus Sash
|-damage|p1a: Pelipper|1/100
|move|p1a: Pelipper|Weather Ball|p2a: Blaziken
|-supereffective|p2a: Blaziken
|-damage|p2a: Blaziken|0 fnt
|faint|p2a: Blaziken
|
|-weather|RainDance|[upkeep]
|upkeep
|
|t:|1778507591
|switch|p2a: Cinderace|Cinderace, M|100/100
|turn|7
|
|t:|1778507597
|switch|p1a: Barraskewda|Barraskewda, M, shiny|100/100
|move|p2a: Cinderace|U-turn|p1a: Barraskewda
|-start|p2a: Cinderace|typechange|Bug|[from] ability: Libero
|-damage|p1a: Barraskewda|33/100
|
|t:|1778507604
|switch|p2a: Emboar|Emboar, M|100/100|[from] U-turn
|-damage|p2a: Emboar|88/100|[from] Stealth Rock
|
|-weather|RainDance|[upkeep]
|upkeep
|turn|8
|
|t:|1778507609
|-terastallize|p2a: Emboar|Dark
|move|p1a: Barraskewda|Liquidation|p2a: Emboar
|-damage|p2a: Emboar|0 fnt
|faint|p2a: Emboar
|
|-weather|RainDance|[upkeep]
|upkeep
|
|t:|1778507613
|switch|p2a: Cinderace|Cinderace, M|100/100
|turn|9
|
|t:|1778507616
|move|p2a: Cinderace|Sucker Punch|p1a: Barraskewda
|-start|p2a: Cinderace|typechange|Dark|[from] ability: Libero
|-damage|p1a: Barraskewda|0 fnt
|faint|p1a: Barraskewda
|
|-weather|RainDance|[upkeep]
|upkeep
|
|t:|1778507620
|switch|p1a: Kingdra|Kingdra, M, shiny|100/100
|turn|10
|
|t:|1778507622
|move|p2a: Cinderace|Sucker Punch|p1a: Kingdra
|-damage|p1a: Kingdra|57/100
|move|p1a: Kingdra|Wave Crash|p2a: Cinderace
|-damage|p2a: Cinderace|0 fnt
|faint|p2a: Cinderace
|-damage|p1a: Kingdra|23/100|[from] Recoil
|-damage|p1a: Kingdra|13/100|[from] item: Life Orb
|
|-weather|none
|upkeep
|
|t:|1778507627
|switch|p2a: Delphox|Delphox, F|100/100
|-damage|p2a: Delphox|76/100|[from] Stealth Rock
|turn|11
|
|t:|1778507632
|switch|p1a: Pelipper|Pelipper, F, shiny|1/100
|-weather|RainDance|[from] ability: Drizzle|[of] p1a: Pelipper
|move|p2a: Delphox|Mystical Fire|p1a: Pelipper
|-resisted|p1a: Pelipper
|-damage|p1a: Pelipper|0 fnt
|faint|p1a: Pelipper
|
|-weather|RainDance|[upkeep]
|upkeep
|-message|Apprentice Dogwood forfeited.
|
|win|gokouku
|raw|gokouku's rating: 1151 &rarr; <strong>1177</strong><br />(+26 for winning)
|raw|Apprentice Dogwood's rating: 1169 &rarr; <strong>1143</strong><br />(-26 for losing)
|l|☆Apprentice Dogwood
|player|p2|
|l|☆gokouku
|player|p1|
