|html|<div class="broadcast-blue"><strong>[Gen 9] OU is currently suspecting Tera Blast! For information on how to participate check out the <a href="https://www.smogon.com/tools/suspects/view/200">suspect thread</a>.</strong></div>
|j|☆Snurke
|j|☆Gameboyrob
|t:|1776238329
|gametype|singles
|player|p1|Snurke|sisandbro|1512
|player|p2|Gameboyrob|petrel|1448
|gen|9
|tier|[Gen 9] OU
|rated|
|rule|HP Percentage Mod: HP is shown in percentages
|rule|Endless Battle Clause: Forcing endless battles is banned
|rule|Species Clause: Limit one of each Pokémon
|rule|OHKO Clause: OHKO moves are banned
|rule|Evasion Items Clause: Evasion items are banned
|rule|Evasion Moves Clause: Evasion moves are banned
|rule|Evasion Abilities Clause: Evasion abilities are banned
|rule|Sleep Moves Clause: Sleep-inducing moves are banned
|clearpoke
|poke|p1|Slowking, F|
|poke|p1|Ursaluna, F|
|poke|p1|Sinistcha|
|poke|p1|Kingambit, M|
|poke|p1|Coalossal, F|
|poke|p1|Glastrier|
|poke|p2|Ninetales, M|
|poke|p2|Ceruledge, F|
|poke|p2|Venusaur, F|
|poke|p2|Hatterene, F|
|poke|p2|Great Tusk|
|poke|p2|Walking Wake|
|teampreview
|inactive|Battle timer is ON: inactive players will automatically lose when time's up. (requested by Gameboyrob)
|
|t:|1776238346
|teamsize|p1|6
|teamsize|p2|6
|start
|switch|p1a: Old Man James|Slowking, F, shiny|100/100
|switch|p2a: Lynrd Spynrd|Great Tusk|100/100
|turn|1
|
|t:|1776238357
|move|p2a: Lynrd Spynrd|Knock Off|p1a: Old Man James
|-supereffective|p1a: Old Man James
|-enditem|p1a: Old Man James|Colbur Berry|[eat]
|-enditem|p1a: Old Man James|Colbur Berry|[weaken]
|-damage|p1a: Old Man James|70/100
|move|p1a: Old Man James|Future Sight|p2a: Lynrd Spynrd
|-start|p1a: Old Man James|move: Future Sight
|
|upkeep
|turn|2
|
|t:|1776238368
|move|p2a: Lynrd Spynrd|Stealth Rock|p1a: Old Man James
|-sidestart|p1: Snurke|move: Stealth Rock
|move|p1a: Old Man James|Trick Room|p1a: Old Man James
|-fieldstart|move: Trick Room|[of] p1a: Old Man James
|
|upkeep
|turn|3
|
|t:|1776238374
|-end|p2a: Lynrd Spynrd|Protosynthesis|[silent]
|switch|p2a: Die w A Smile|Hatterene, F|100/100
|-prepare|p1a: Old Man James|Chilly Reception|[premajor]
|move|p1a: Old Man James|Chilly Reception|p1a: Old Man James
|-weather|Snowscape
|
|t:|1776238377
|switch|p1a: Churro Lover Luka|Coalossal, F, shiny|100/100|[from] Chilly Reception
|
|-weather|Snowscape|[upkeep]
|-end|p2a: Die w A Smile|move: Future Sight
|-resisted|p2a: Die w A Smile
|-damage|p2a: Die w A Smile|81/100
|upkeep
|turn|4
|
|t:|1776238387
|move|p1a: Churro Lover Luka|Rapid Spin|p2a: Die w A Smile
|-damage|p2a: Die w A Smile|73/100
|-boost|p1a: Churro Lover Luka|spe|1
|-sideend|p1: Snurke|Stealth Rock|[from] move: Rapid Spin|[of] p1a: Churro Lover Luka
|-enditem|p2a: Die w A Smile|Eject Button
|
|t:|1776238398
|switch|p2a: Dubya|Walking Wake|100/100
|
|-weather|Snowscape|[upkeep]
|upkeep
|turn|5
|
|t:|1776238406
|switch|p1a: Old Man James|Slowking, F, shiny|100/100
|move|p2a: Dubya|Hydro Steam|p1a: Old Man James
|-resisted|p1a: Old Man James
|-damage|p1a: Old Man James|81/100
|
|-weather|Snowscape|[upkeep]
|upkeep
|turn|6
|
|t:|1776238417
|-end|p2a: Dubya|Protosynthesis|[silent]
|switch|p2a: Lynrd Spynrd|Great Tusk|100/100
|move|p1a: Old Man James|Future Sight|p2a: Lynrd Spynrd
|-start|p1a: Old Man James|move: Future Sight
|
|-weather|Snowscape|[upkeep]
|-fieldend|move: Trick Room
|upkeep
|turn|7
|
|t:|1776238438
|move|p2a: Lynrd Spynrd|Stealth Rock|p1a: Old Man James
|-sidestart|p1: Snurke|move: Stealth Rock
|move|p1a: Old Man James|Scald|p2a: Lynrd Spynrd
|-supereffective|p2a: Lynrd Spynrd
|-damage|p2a: Lynrd Spynrd|25/100
|-status|p2a: Lynrd Spynrd|brn
|
|-weather|none
|-damage|p2a: Lynrd Spynrd|19/100 brn|[from] brn
|upkeep
|turn|8
|
|t:|1776238454
|-end|p2a: Lynrd Spynrd|Protosynthesis|[silent]
|switch|p2a: Die w A Smile|Hatterene, F|73/100
|move|p1a: Old Man James|Trick Room|p1a: Old Man James
|-fieldstart|move: Trick Room|[of] p1a: Old Man James
|
|-end|p2a: Die w A Smile|move: Future Sight
|-resisted|p2a: Die w A Smile
|-damage|p2a: Die w A Smile|52/100
|upkeep
|turn|9
|
|t:|1776238470
|switch|p2a: Slayboi Carti|Ceruledge, F|100/100
|-prepare|p1a: Old Man James|Chilly Reception|[premajor]
|move|p1a: Old Man James|Chilly Reception|p1a: Old Man James
|-weather|Snowscape
|
|t:|1776238484
|switch|p1a: Zesty Ahh LaMelo|Sinistcha, shiny|100/100|[from] Chilly Reception
|-damage|p1a: Zesty Ahh LaMelo|88/100|[from] Stealth Rock
|
|-weather|Snowscape|[upkeep]
|upkeep
|turn|10
|
|t:|1776238492
|move|p1a: Zesty Ahh LaMelo|Shadow Ball|p2a: Slayboi Carti
|-supereffective|p2a: Slayboi Carti
|-damage|p2a: Slayboi Carti|22/100
|move|p2a: Slayboi Carti|Swords Dance|p2a: Slayboi Carti
|-boost|p2a: Slayboi Carti|atk|2
|
|-weather|Snowscape|[upkeep]
|upkeep
|turn|11
|
|t:|1776238498
|switch|p2a: Kurama Chakra Mode|Ninetales, M|100/100
|-weather|SunnyDay|[from] ability: Drought|[of] p2a: Kurama Chakra Mode
|move|p1a: Zesty Ahh LaMelo|Shadow Ball|p2a: Kurama Chakra Mode
|-damage|p2a: Kurama Chakra Mode|70/100
|
|-weather|SunnyDay|[upkeep]
|upkeep
|turn|12
|
|t:|1776238518
|switch|p2a: Venu Vidi Vici|Venusaur, F|100/100
|move|p1a: Zesty Ahh LaMelo|Shadow Ball|p2a: Venu Vidi Vici
|-damage|p2a: Venu Vidi Vici|60/100
|-unboost|p2a: Venu Vidi Vici|spd|1
|
|-weather|SunnyDay|[upkeep]
|-fieldend|move: Trick Room
|upkeep
|turn|13
|
|t:|1776238530
|move|p2a: Venu Vidi Vici|Growth|p2a: Venu Vidi Vici
|-boost|p2a: Venu Vidi Vici|atk|2
|-boost|p2a: Venu Vidi Vici|spa|2
|move|p1a: Zesty Ahh LaMelo|Trick Room|p1a: Zesty Ahh LaMelo
|-fieldstart|move: Trick Room|[of] p1a: Zesty Ahh LaMelo
|
|-weather|SunnyDay|[upkeep]
|upkeep
|turn|14
|
|t:|1776238544
|-terastallize|p1a: Zesty Ahh LaMelo|Ghost
|move|p1a: Zesty Ahh LaMelo|Shadow Ball|p2a: Venu Vidi Vici
|-damage|p2a: Venu Vidi Vici|0 fnt
|faint|p2a: Venu Vidi Vici
|
|-weather|SunnyDay|[upkeep]
|upkeep
|-message|Gameboyrob forfeited.
|
|win|Snurke
|raw|Snurke's rating: 1512 &rarr; <strong>1528</strong><br />(+16 for winning)
|raw|Gameboyrob's rating: 1448 &rarr; <strong>1432</strong><br />(-16 for losing)
|l|☆Gameboyrob
|player|p2|
