|html|<div class="broadcast-blue"><strong>[Gen 9] OU is currently suspecting Tera Blast! For information on how to participate check out the <a href="https://www.smogon.com/tools/suspects/view/200">suspect thread</a>.</strong></div>
|j|☆abhii.g
|j|☆pranjal singh
|t:|1776182964
|gametype|singles
|player|p1|abhii.g|benga|1657
|player|p2|pranjal singh|101|1620
|gen|9
|tier|[Gen 9] OU
|rated|
|rule|HP Percentage Mod: HP is shown in percentages
|rule|Endless Battle Clause: Forcing endless battles is banned
|rule|Species Clause: Limit one of each Pokémon
|rule|OHKO Clause: OHKO moves are banned
|rule|Evasion Items Clause: Evasion items are banned
|rule|Evasion Moves Clause: Evasion moves are banned
|rule|Evasion Abilities Clause: Evasion abilities are banned
|rule|Sleep Moves Clause: Sleep-inducing moves are banned
|clearpoke
|poke|p1|Dragonite, F|
|poke|p1|Zamazenta-*|
|poke|p1|Landorus-Therian, M|
|poke|p1|Gholdengo|
|poke|p1|Darkrai|
|poke|p1|Hatterene, F|
|poke|p2|Araquanid, F|
|poke|p2|Gholdengo|
|poke|p2|Iron Moth|
|poke|p2|Iron Valiant|
|poke|p2|Raging Bolt|
|poke|p2|Kingambit, F|
|teampreview
|inactive|Battle timer is ON: inactive players will automatically lose when time's up. (requested by pranjal singh)
|
|t:|1776182982
|teamsize|p1|6
|teamsize|p2|6
|start
|switch|p1a: Gholdengo|Gholdengo|100/100
|switch|p2a: QUIL|Araquanid, F|100/100
|turn|1
|
|t:|1776182991
|switch|p1a: Hatterene|Hatterene, F|100/100
|move|p2a: QUIL|Surf|p1a: Hatterene
|-damage|p1a: Hatterene|79/100
|
|upkeep
|turn|2
|
|t:|1776182998
|move|p2a: QUIL|Surf|p1a: Hatterene
|-damage|p1a: Hatterene|55/100
|move|p1a: Hatterene|Psyshock|p2a: QUIL
|-damage|p2a: QUIL|63/100
|
|upkeep
|turn|3
|
|t:|1776183005
|switch|p2a: SUPA|Kingambit, F|100/100
|-item|p2a: SUPA|Air Balloon
|move|p1a: Hatterene|Psyshock|p2a: SUPA
|-immune|p2a: SUPA
|
|upkeep
|turn|4
|
|t:|1776183011
|-end|p2a: SUPA|fallenundefined|[silent]
|switch|p2a: QUIL|Araquanid, F|63/100
|switch|p1a: Landorus|Landorus-Therian, M|100/100
|-ability|p1a: Landorus|Intimidate|boost
|-unboost|p2a: QUIL|atk|1
|
|upkeep
|turn|5
|
|t:|1776183020
|move|p1a: Landorus|U-turn|p2a: QUIL
|-damage|p2a: QUIL|43/100
|
|t:|1776183024
|switch|p1a: Hatterene|Hatterene, F|55/100|[from] U-turn
|move|p2a: QUIL|Surf|p1a: Hatterene
|-damage|p1a: Hatterene|34/100
|
|upkeep
|turn|6
|
|t:|1776183028
|switch|p2a: SUPA|Kingambit, F|100/100
|-item|p2a: SUPA|Air Balloon
|move|p1a: Hatterene|Draining Kiss|p2a: SUPA
|-damage|p2a: SUPA|68/100
|-heal|p1a: Hatterene|60/100|[from] drain|[of] p2a: SUPA
|-enditem|p2a: SUPA|Air Balloon
|
|upkeep
|turn|7
|
|t:|1776183037
|-end|p2a: SUPA|fallenundefined|[silent]
|switch|p2a: QUIL|Araquanid, F|43/100
|switch|p1a: Landorus|Landorus-Therian, M|100/100
|-ability|p1a: Landorus|Intimidate|boost
|-unboost|p2a: QUIL|atk|1
|
|upkeep
|turn|8
|
|t:|1776183044
|move|p1a: Landorus|U-turn|p2a: QUIL
|-damage|p2a: QUIL|21/100
|
|t:|1776183046
|switch|p1a: Hatterene|Hatterene, F|60/100|[from] U-turn
|move|p2a: QUIL|Surf|p1a: Hatterene
|-damage|p1a: Hatterene|40/100
|
|upkeep
|turn|9
|-enditem|p2a: QUIL|Custap Berry|[eat]
|-activate|p2a: QUIL|item: Custap Berry|[consumed]
|
|t:|1776183052
|move|p2a: QUIL|Endeavor|p1a: Hatterene
|-damage|p1a: Hatterene|23/100
|move|p1a: Hatterene|Psyshock|p2a: QUIL
|-damage|p2a: QUIL|0 fnt
|faint|p2a: QUIL
|
|upkeep
|
|t:|1776183065
|switch|p2a: TREE?|Gholdengo|100/100
|-item|p2a: TREE?|Air Balloon
|turn|10
|
|t:|1776183074
|move|p2a: TREE?|Nasty Plot|p2a: TREE?
|-boost|p2a: TREE?|spa|2
|move|p1a: Hatterene|Mystical Fire|p2a: TREE?
|-supereffective|p2a: TREE?
|-damage|p2a: TREE?|36/100
|-unboost|p2a: TREE?|spa|1
|-enditem|p2a: TREE?|Air Balloon
|
|upkeep
|turn|11
|
|t:|1776183082
|move|p2a: TREE?|Shadow Ball|p1a: Hatterene
|-supereffective|p1a: Hatterene
|-damage|p1a: Hatterene|0 fnt
|faint|p1a: Hatterene
|
|upkeep
|
|t:|1776183085
|switch|p1a: Darkrai|Darkrai|100/100
|turn|12
|
|t:|1776183090
|move|p1a: Darkrai|Dark Pulse|p2a: TREE?
|-supereffective|p2a: TREE?
|-damage|p2a: TREE?|0 fnt
|faint|p2a: TREE?
|
|upkeep
|
|t:|1776183116
|switch|p2a: SUPA|Kingambit, F|68/100
|-activate|p2a: SUPA|ability: Supreme Overlord
|-start|p2a: SUPA|fallen2|[silent]
|turn|13
|
|t:|1776183121
|move|p1a: Darkrai|Will-O-Wisp|p2a: SUPA
|-status|p2a: SUPA|brn
|move|p2a: SUPA|Iron Head|p1a: Darkrai
|-damage|p1a: Darkrai|68/100
|
|-damage|p2a: SUPA|61/100 brn|[from] brn
|upkeep
|turn|14
|-message|pranjal singh forfeited.
|
|win|abhii.g
|raw|abhii.g's rating: 1657 &rarr; <strong>1675</strong><br />(+18 for winning)
|raw|pranjal singh's rating: 1620 &rarr; <strong>1602</strong><br />(-18 for losing)
|l|☆pranjal singh
|player|p2|
