|html|<div class="broadcast-blue"><strong>[Gen 9] OU is currently suspecting Tera Blast! For information on how to participate check out the <a href="https://www.smogon.com/tools/suspects/view/200">suspect thread</a>.</strong></div>
|j|☆Rascior4
|j|☆abrdolf lincler
|t:|1776242251
|gametype|singles
|player|p1|Rascior4|rood|1083
|player|p2|abrdolf lincler|170|1068
|gen|9
|tier|[Gen 9] OU
|rated|
|rule|HP Percentage Mod: HP is shown in percentages
|rule|Endless Battle Clause: Forcing endless battles is banned
|rule|Species Clause: Limit one of each Pokémon
|rule|OHKO Clause: OHKO moves are banned
|rule|Evasion Items Clause: Evasion items are banned
|rule|Evasion Moves Clause: Evasion moves are banned
|rule|Evasion Abilities Clause: Evasion abilities are banned
|rule|Sleep Moves Clause: Sleep-inducing moves are banned
|clearpoke
|poke|p1|Dragonite, M|
|poke|p1|Gholdengo|
|poke|p1|Gliscor, F|
|poke|p1|Hatterene, F|
|poke|p1|Dondozo, M|
|poke|p1|Alomomola, M|
|poke|p2|Garganacl, F|
|poke|p2|Dragapult, F|
|poke|p2|Rotom-Wash|
|poke|p2|Gholdengo|
|poke|p2|Cloyster, F|
|poke|p2|Corviknight, F|
|teampreview
|
|t:|1776242259
|teamsize|p1|6
|teamsize|p2|6
|start
|switch|p1a: Gliscor|Gliscor, F|100/100
|switch|p2a: Rotom|Rotom-Wash|100/100
|turn|1
|
|t:|1776242266
|move|p1a: Gliscor|Protect|p1a: Gliscor
|-singleturn|p1a: Gliscor|Protect
|move|p2a: Rotom|Hydro Pump|p1a: Gliscor
|-activate|p1a: Gliscor|move: Protect
|
|-status|p1a: Gliscor|tox|[from] item: Toxic Orb
|upkeep
|turn|2
|
|t:|1776242277
|switch|p1a: Alomomola|Alomomola, M|100/100
|move|p2a: Rotom|Hydro Pump|p1a: Alomomola
|-resisted|p1a: Alomomola
|-damage|p1a: Alomomola|75/100
|
|-heal|p1a: Alomomola|81/100|[from] item: Leftovers
|upkeep
|turn|3
|
|t:|1776242288
|switch|p2a: Corviknight|Corviknight, F|100/100
|-ability|p2a: Corviknight|Pressure
|move|p1a: Alomomola|Protect||[still]
|-fail|p1a: Alomomola
|
|-heal|p1a: Alomomola|88/100|[from] item: Leftovers
|upkeep
|turn|4
|
|t:|1776242298
|move|p2a: Corviknight|U-turn|p1a: Alomomola
|-damage|p1a: Alomomola|80/100
|
|t:|1776242303
|switch|p2a: Rotom|Rotom-Wash|100/100|[from] U-turn
|move|p1a: Alomomola|Flip Turn|p2a: Rotom
|-resisted|p2a: Rotom
|-damage|p2a: Rotom|92/100
|
|t:|1776242311
|switch|p1a: Hatterene|Hatterene, F|100/100|[from] Flip Turn
|
|upkeep
|turn|5
|
|t:|1776242318
|move|p2a: Rotom|Volt Switch|p1a: Hatterene
|-crit|p1a: Hatterene
|-damage|p1a: Hatterene|62/100
|
|t:|1776242323
|switch|p2a: Garganacl|Garganacl, F|100/100|[from] Volt Switch
|move|p1a: Hatterene|Light Screen|p1a: Hatterene
|-sidestart|p1: Rascior4|move: Light Screen
|
|-heal|p1a: Hatterene|68/100|[from] item: Leftovers
|upkeep
|turn|6
|
|t:|1776242334
|move|p2a: Garganacl|Salt Cure|p1a: Hatterene
|-damage|p1a: Hatterene|53/100
|-start|p1a: Hatterene|Salt Cure
|move|p1a: Hatterene|Calm Mind|p1a: Hatterene
|-boost|p1a: Hatterene|spa|1
|-boost|p1a: Hatterene|spd|1
|
|-heal|p1a: Hatterene|59/100|[from] item: Leftovers
|-damage|p1a: Hatterene|46/100|[from] Salt Cure
|upkeep
|turn|7
|
|t:|1776242346
|move|p2a: Garganacl|Protect|p2a: Garganacl
|-singleturn|p2a: Garganacl|Protect
|move|p1a: Hatterene|Draining Kiss|p2a: Garganacl
|-activate|p2a: Garganacl|move: Protect
|
|-heal|p1a: Hatterene|52/100|[from] item: Leftovers
|-damage|p1a: Hatterene|40/100|[from] Salt Cure
|upkeep
|turn|8
|
|t:|1776242356
|switch|p2a: Gholdengo|Gholdengo|100/100
|-item|p2a: Gholdengo|Air Balloon
|move|p1a: Hatterene|Mystical Fire|p2a: Gholdengo
|-supereffective|p2a: Gholdengo
|-damage|p2a: Gholdengo|0 fnt
|-enditem|p2a: Gholdengo|Air Balloon
|faint|p2a: Gholdengo
|
|-heal|p1a: Hatterene|46/100|[from] item: Leftovers
|-damage|p1a: Hatterene|34/100|[from] Salt Cure
|upkeep
|c|☆Rascior4|hard read
|
|t:|1776242372
|switch|p2a: Rotom|Rotom-Wash|92/100
|turn|9
|
|t:|1776242379
|switch|p2a: Corviknight|Corviknight, F|100/100
|-ability|p2a: Corviknight|Pressure
|move|p1a: Hatterene|Draining Kiss|p2a: Corviknight
|-resisted|p2a: Corviknight
|-damage|p2a: Corviknight|78/100
|-heal|p1a: Hatterene|55/100|[from] drain|[of] p2a: Corviknight
|-damage|p1a: Hatterene|39/100|[from] item: Rocky Helmet|[of] p2a: Corviknight
|
|-heal|p1a: Hatterene|45/100|[from] item: Leftovers
|-damage|p1a: Hatterene|32/100|[from] Salt Cure
|-sideend|p1: Rascior4|move: Light Screen
|upkeep
|turn|10
|
|t:|1776242404
|switch|p2a: Garganacl|Garganacl, F|100/100
|-terastallize|p1a: Hatterene|Steel
|move|p1a: Hatterene|Mystical Fire|p2a: Garganacl
|-resisted|p2a: Garganacl
|-damage|p2a: Garganacl|82/100
|-unboost|p2a: Garganacl|spa|1
|
|-heal|p2a: Garganacl|88/100|[from] item: Leftovers
|-heal|p1a: Hatterene|38/100|[from] item: Leftovers
|-damage|p1a: Hatterene|13/100|[from] Salt Cure
|upkeep
|turn|11
|
|t:|1776242418
|move|p2a: Garganacl|Protect|p2a: Garganacl
|-singleturn|p2a: Garganacl|Protect
|move|p1a: Hatterene|Draining Kiss|p2a: Garganacl
|-activate|p2a: Garganacl|move: Protect
|
|-heal|p2a: Garganacl|94/100|[from] item: Leftovers
|-heal|p1a: Hatterene|19/100|[from] item: Leftovers
|-damage|p1a: Hatterene|0 fnt|[from] Salt Cure
|faint|p1a: Hatterene
|upkeep
|
|t:|1776242423
|switch|p1a: Dondozo|Dondozo, M|100/100
|turn|12
|
|t:|1776242432
|move|p1a: Dondozo|Curse|p1a: Dondozo
|-unboost|p1a: Dondozo|spe|1
|-boost|p1a: Dondozo|atk|1
|-boost|p1a: Dondozo|def|1
|move|p2a: Garganacl|Salt Cure|p1a: Dondozo
|-damage|p1a: Dondozo|96/100
|-start|p1a: Dondozo|Salt Cure
|
|-heal|p2a: Garganacl|99/100|[from] item: Leftovers
|-heal|p1a: Dondozo|100/100|[from] item: Leftovers
|-damage|p1a: Dondozo|75/100|[from] Salt Cure
|upkeep
|turn|13
|
|t:|1776242445
|switch|p2a: Corviknight|Corviknight, F|78/100
|-ability|p2a: Corviknight|Pressure
|move|p1a: Dondozo|Rest|p1a: Dondozo
|-status|p1a: Dondozo|slp|[from] move: Rest
|-heal|p1a: Dondozo|100/100 slp|[silent]
|
|-damage|p1a: Dondozo|75/100 slp|[from] Salt Cure
|upkeep
|turn|14
|
|t:|1776242458
|move|p2a: Corviknight|U-turn|p1a: Dondozo
|-damage|p1a: Dondozo|71/100 slp
|
|t:|1776242461
|switch|p2a: Rotom|Rotom-Wash|92/100|[from] U-turn
|cant|p1a: Dondozo|slp
|move|p1a: Dondozo|Sleep Talk|p1a: Dondozo
|move|p1a: Dondozo|Rest||[from] move: Sleep Talk|[still]
|-fail|p1a: Dondozo
|
|-heal|p1a: Dondozo|77/100 slp|[from] item: Leftovers
|-damage|p1a: Dondozo|52/100 slp|[from] Salt Cure
|upkeep
|turn|15
|
|t:|1776242476
|switch|p1a: Gliscor|Gliscor, F|100/100 tox
|move|p2a: Rotom|Volt Switch|p1a: Gliscor
|-immune|p1a: Gliscor
|
|upkeep
|turn|16
|
|t:|1776242490
|switch|p2a: Garganacl|Garganacl, F|99/100
|switch|p1a: Alomomola|Alomomola, M|100/100
|
|-heal|p2a: Garganacl|100/100|[from] item: Leftovers
|upkeep
|turn|17
|
|t:|1776242501
|move|p1a: Alomomola|Wish|p1a: Alomomola
|move|p2a: Garganacl|Salt Cure|p1a: Alomomola
|-damage|p1a: Alomomola|94/100
|-start|p1a: Alomomola|Salt Cure
|
|-heal|p1a: Alomomola|99/100|[from] item: Leftovers
|-damage|p1a: Alomomola|75/100|[from] Salt Cure
|upkeep
|turn|18
|
|t:|1776242510
|switch|p1a: Dondozo|Dondozo, M|52/100 slp
|move|p2a: Garganacl|Salt Cure|p1a: Dondozo
|-damage|p1a: Dondozo|46/100 slp
|-start|p1a: Dondozo|Salt Cure
|
|-heal|p1a: Dondozo|99/100 slp|[from] move: Wish|[wisher] Alomomola
|-heal|p1a: Dondozo|100/100 slp|[from] item: Leftovers
|-damage|p1a: Dondozo|75/100 slp|[from] Salt Cure
|upkeep
|turn|19
|
|t:|1776242528
|switch|p1a: Alomomola|Alomomola, M|100/100
|move|p2a: Garganacl|Protect||[still]
|-fail|p2a: Garganacl
|
|upkeep
|turn|20
|
|t:|1776242537
|move|p1a: Alomomola|Scald|p2a: Garganacl
|-supereffective|p2a: Garganacl
|-damage|p2a: Garganacl|75/100
|move|p2a: Garganacl|Iron Defense|p2a: Garganacl
|-boost|p2a: Garganacl|def|2
|
|-heal|p2a: Garganacl|81/100|[from] item: Leftovers
|upkeep
|turn|21
|
|t:|1776242547
|move|p1a: Alomomola|Scald|p2a: Garganacl
|-supereffective|p2a: Garganacl
|-damage|p2a: Garganacl|56/100
|move|p2a: Garganacl|Salt Cure|p1a: Alomomola
|-damage|p1a: Alomomola|94/100
|-start|p1a: Alomomola|Salt Cure
|
|-heal|p1a: Alomomola|99/100|[from] item: Leftovers
|-heal|p2a: Garganacl|62/100|[from] item: Leftovers
|-damage|p1a: Alomomola|75/100|[from] Salt Cure
|upkeep
|turn|22
|
|t:|1776242559
|move|p2a: Garganacl|Protect|p2a: Garganacl
|-singleturn|p2a: Garganacl|Protect
|move|p1a: Alomomola|Wish|p1a: Alomomola
|
|-heal|p1a: Alomomola|81/100|[from] item: Leftovers
|-heal|p2a: Garganacl|68/100|[from] item: Leftovers
|-damage|p1a: Alomomola|56/100|[from] Salt Cure
|upkeep
|turn|23
|
|t:|1776242569
|move|p1a: Alomomola|Scald|p2a: Garganacl
|-supereffective|p2a: Garganacl
|-damage|p2a: Garganacl|42/100
|move|p2a: Garganacl|Salt Cure|p1a: Alomomola
|-damage|p1a: Alomomola|48/100
|
|-heal|p1a: Alomomola|98/100|[from] move: Wish|[wisher] Alomomola
|-heal|p1a: Alomomola|100/100|[from] item: Leftovers
|-heal|p2a: Garganacl|49/100|[from] item: Leftovers
|-damage|p1a: Alomomola|76/100|[from] Salt Cure
|upkeep
|turn|24
|
|t:|1776242581
|move|p1a: Alomomola|Wish|p1a: Alomomola
|move|p2a: Garganacl|Recover|p2a: Garganacl
|-heal|p2a: Garganacl|99/100
|
|-heal|p1a: Alomomola|82/100|[from] item: Leftovers
|-heal|p2a: Garganacl|100/100|[from] item: Leftovers
|-damage|p1a: Alomomola|57/100|[from] Salt Cure
|upkeep
|turn|25
|
|t:|1776242592
|switch|p1a: Dondozo|Dondozo, M|75/100 slp
|move|p2a: Garganacl|Protect||[still]
|-fail|p2a: Garganacl
|
|-heal|p1a: Dondozo|100/100 slp|[from] move: Wish|[wisher] Alomomola
|upkeep
|turn|26
|
|t:|1776242600
|cant|p1a: Dondozo|slp
|move|p2a: Garganacl|Salt Cure|p1a: Dondozo
|-damage|p1a: Dondozo|95/100 slp
|-start|p1a: Dondozo|Salt Cure
|
|-heal|p1a: Dondozo|100/100 slp|[from] item: Leftovers
|-damage|p1a: Dondozo|75/100 slp|[from] Salt Cure
|upkeep
|turn|27
|
|t:|1776242612
|-curestatus|p1a: Dondozo|slp|[msg]
|move|p1a: Dondozo|Sleep Talk||[still]
|-fail|p1a: Dondozo
|move|p2a: Garganacl|Iron Defense|p2a: Garganacl
|-boost|p2a: Garganacl|def|2
|
|-heal|p1a: Dondozo|82/100|[from] item: Leftovers
|-damage|p1a: Dondozo|57/100|[from] Salt Cure
|upkeep
|turn|28
|
|t:|1776242624
|move|p2a: Garganacl|Protect|p2a: Garganacl
|-singleturn|p2a: Garganacl|Protect
|move|p1a: Dondozo|Rest|p1a: Dondozo
|-status|p1a: Dondozo|slp|[from] move: Rest
|-heal|p1a: Dondozo|100/100 slp|[silent]
|
|-damage|p1a: Dondozo|75/100 slp|[from] Salt Cure
|upkeep
|turn|29
|inactive|Battle timer is ON: inactive players will automatically lose when time's up. (requested by Rascior4)
|
|t:|1776242638
|switch|p1a: Alomomola|Alomomola, M|90/100
|switch|p2a: Rotom|Rotom-Wash|92/100
|
|-heal|p1a: Alomomola|96/100|[from] item: Leftovers
|upkeep
|turn|30
|
|t:|1776242648
|move|p1a: Alomomola|Protect|p1a: Alomomola
|-singleturn|p1a: Alomomola|Protect
|move|p2a: Rotom|Hydro Pump|p1a: Alomomola
|-activate|p1a: Alomomola|move: Protect
|
|-heal|p1a: Alomomola|100/100|[from] item: Leftovers
|upkeep
|turn|31
|
|t:|1776242660
|move|p2a: Rotom|Hydro Pump|p1a: Alomomola|[miss]
|-miss|p2a: Rotom|p1a: Alomomola
|move|p1a: Alomomola|Wish|p1a: Alomomola
|
|upkeep
|turn|32
|
|t:|1776242671
|switch|p2a: Corviknight|Corviknight, F|78/100
|-ability|p2a: Corviknight|Pressure
|switch|p1a: Dondozo|Dondozo, M|75/100 slp
|
|-heal|p1a: Dondozo|100/100 slp|[from] move: Wish|[wisher] Alomomola
|upkeep
|turn|33
|
|t:|1776242685
|move|p2a: Corviknight|U-turn|p1a: Dondozo
|-damage|p1a: Dondozo|94/100 slp
|
|t:|1776242692
|switch|p2a: Rotom|Rotom-Wash|92/100|[from] U-turn
|cant|p1a: Dondozo|slp
|move|p1a: Dondozo|Sleep Talk|p1a: Dondozo
|move|p1a: Dondozo|Curse|p1a: Dondozo|[from] move: Sleep Talk
|-unboost|p1a: Dondozo|spe|1
|-boost|p1a: Dondozo|atk|1
|-boost|p1a: Dondozo|def|1
|
|-heal|p1a: Dondozo|99/100 slp|[from] item: Leftovers
|upkeep
|turn|34
|
|t:|1776242708
|move|p2a: Rotom|Hydro Pump|p1a: Dondozo
|-resisted|p1a: Dondozo
|-damage|p1a: Dondozo|81/100 slp
|cant|p1a: Dondozo|slp
|move|p1a: Dondozo|Sleep Talk|p1a: Dondozo
|move|p1a: Dondozo|Body Press|p2a: Rotom|[from] move: Sleep Talk
|-damage|p2a: Rotom|49/100
|
|-heal|p1a: Dondozo|87/100 slp|[from] item: Leftovers
|upkeep
|turn|35
|
|t:|1776242725
|switch|p2a: Dragapult|Dragapult, F|100/100
|-curestatus|p1a: Dondozo|slp|[msg]
|move|p1a: Dondozo|Sleep Talk||[still]
|-fail|p1a: Dondozo
|
|-heal|p1a: Dondozo|94/100|[from] item: Leftovers
|upkeep
|turn|36
|inactive|Rascior4 has 120 seconds left.
|
|t:|1776242746
|switch|p1a: Alomomola|Alomomola, M|100/100
|move|p2a: Dragapult|Draco Meteor|p1a: Alomomola
|-damage|p1a: Alomomola|15/100
|-unboost|p2a: Dragapult|spa|2
|-damage|p2a: Dragapult|91/100|[from] item: Life Orb
|
|-heal|p1a: Alomomola|21/100|[from] item: Leftovers
|upkeep
|turn|37
|inactive|Rascior4 has 120 seconds left.
|
|t:|1776242758
|move|p1a: Alomomola|Protect|p1a: Alomomola
|-singleturn|p1a: Alomomola|Protect
|move|p2a: Dragapult|Draco Meteor|p1a: Alomomola
|-activate|p1a: Alomomola|move: Protect
|
|-heal|p1a: Alomomola|27/100|[from] item: Leftovers
|upkeep
|turn|38
|inactive|Rascior4 has 120 seconds left.
|
|t:|1776242769
|switch|p1a: Dondozo|Dondozo, M|94/100
|move|p2a: Dragapult|Draco Meteor|p1a: Dondozo
|-damage|p1a: Dondozo|18/100
|-unboost|p2a: Dragapult|spa|2
|-damage|p2a: Dragapult|81/100|[from] item: Life Orb
|
|-heal|p1a: Dondozo|24/100|[from] item: Leftovers
|upkeep
|turn|39
|inactive|Rascior4 has 120 seconds left.
|
|t:|1776242786
|switch|p1a: Gliscor|Gliscor, F|100/100 tox
|move|p2a: Dragapult|Draco Meteor|p1a: Gliscor
|-damage|p1a: Gliscor|72/100 tox
|-unboost|p2a: Dragapult|spa|2
|-damage|p2a: Dragapult|71/100|[from] item: Life Orb
|
|-heal|p1a: Gliscor|84/100 tox|[from] ability: Poison Heal
|upkeep
|turn|40
|
|t:|1776242798
|switch|p2a: Corviknight|Corviknight, F|78/100
|-ability|p2a: Corviknight|Pressure
|move|p1a: Gliscor|Toxic Spikes|p2a: Corviknight
|-sidestart|p2: abrdolf lincler|move: Toxic Spikes
|
|-heal|p1a: Gliscor|97/100 tox|[from] ability: Poison Heal
|upkeep
|turn|41
|
|t:|1776242812
|move|p1a: Gliscor|Toxic Spikes|p2a: Corviknight
|-sidestart|p2: abrdolf lincler|move: Toxic Spikes
|move|p2a: Corviknight|Body Press|p1a: Gliscor
|-resisted|p1a: Gliscor
|-damage|p1a: Gliscor|90/100 tox
|
|-heal|p1a: Gliscor|100/100 tox|[from] ability: Poison Heal
|upkeep
|turn|42
|
|t:|1776242832
|switch|p1a: Alomomola|Alomomola, M|60/100
|switch|p2a: Rotom|Rotom-Wash|49/100
|
|-heal|p1a: Alomomola|67/100|[from] item: Leftovers
|upkeep
|turn|43
|
|t:|1776242844
|move|p1a: Alomomola|Protect|p1a: Alomomola
|-singleturn|p1a: Alomomola|Protect
|move|p2a: Rotom|Pain Split|p1a: Alomomola
|-activate|p1a: Alomomola|move: Protect
|
|-heal|p1a: Alomomola|73/100|[from] item: Leftovers
|upkeep
|turn|44
|l|☆abrdolf lincler
|inactive|abrdolf lincler disconnected and has a minute to reconnect!
|player|p2|
|inactive|abrdolf lincler has 30 seconds to reconnect!
|inactive|abrdolf lincler has 20 seconds to reconnect!
|inactive|abrdolf lincler has 15 seconds to reconnect!
|inactive|abrdolf lincler has 10 seconds to reconnect!
|inactive|abrdolf lincler has 5 seconds to reconnect!
|-message|abrdolf lincler lost due to inactivity.
|
|win|Rascior4
|raw|Rascior4's rating: 1083 &rarr; <strong>1109</strong><br />(+26 for winning)
|raw|abrdolf lincler's rating: 1068 &rarr; <strong>1049</strong><br />(-19 for losing)
