|html|<div class="broadcast-blue"><strong>[Gen 9] OU is currently suspecting Tera Blast! For information on how to participate check out the <a href="https://www.smogon.com/tools/suspects/view/200">suspect thread</a>.</strong></div>
|j|☆Auburn Hills
|j|☆A Welcome Guest
|t:|1776050659
|gametype|singles
|player|p1|Auburn Hills|alder|1816
|player|p2|A Welcome Guest|pokemaniac|1795
|gen|9
|tier|[Gen 9] OU
|rated|
|rule|HP Percentage Mod: HP is shown in percentages
|rule|Endless Battle Clause: Forcing endless battles is banned
|rule|Species Clause: Limit one of each Pokémon
|rule|OHKO Clause: OHKO moves are banned
|rule|Evasion Items Clause: Evasion items are banned
|rule|Evasion Moves Clause: Evasion moves are banned
|rule|Evasion Abilities Clause: Evasion abilities are banned
|rule|Sleep Moves Clause: Sleep-inducing moves are banned
|clearpoke
|poke|p1|Iron Moth|
|poke|p1|Umbreon, M|
|poke|p1|Garchomp, F|
|poke|p1|Glimmora, F|
|poke|p1|Gholdengo|
|poke|p1|Dragonite, F|
|poke|p2|Rillaboom, F|
|poke|p2|Serperior, F|
|poke|p2|Heatran, F|
|poke|p2|Landorus-Therian, M|
|poke|p2|Hatterene, F|
|poke|p2|Dragonite, M|
|teampreview
|c|☆A Welcome Guest|hf
|inactive|Battle timer is ON: inactive players will automatically lose when time's up. (requested by Auburn Hills)
|inactive|A Welcome Guest has 120 seconds left.
|
|t:|1776050733
|teamsize|p1|6
|teamsize|p2|6
|start
|switch|p1a: Julia Jacklin|Glimmora, F|100/100
|switch|p2a: Dragonite|Dragonite, M|100/100
|turn|1
|j| Kyurem
|
|t:|1776050739
|move|p1a: Julia Jacklin|Sludge Wave|p2a: Dragonite
|-damage|p2a: Dragonite|73/100
|move|p2a: Dragonite|Dragon Dance|p2a: Dragonite
|-boost|p2a: Dragonite|atk|1
|-boost|p2a: Dragonite|spe|1
|
|upkeep
|turn|2
|
|t:|1776050745
|switch|p1a: Smino|Gholdengo|100/100
|move|p2a: Dragonite|Earthquake|p1a: Smino
|-supereffective|p1a: Smino
|-damage|p1a: Smino|0 fnt
|faint|p1a: Smino
|
|upkeep
|
|t:|1776050750
|switch|p1a: Alvvays|Umbreon, M|100/100
|turn|3
|
|t:|1776050756
|switch|p2a: Heatran|Heatran, F|100/100
|move|p1a: Alvvays|Foul Play|p2a: Heatran
|-crit|p2a: Heatran
|-damage|p2a: Heatran|74/100
|
|-heal|p2a: Heatran|80/100|[from] item: Leftovers
|upkeep
|turn|4
|
|t:|1776050760
|move|p2a: Heatran|Taunt|p1a: Alvvays
|-start|p1a: Alvvays|move: Taunt
|cant|p1a: Alvvays|move: Taunt|Thunder Wave
|
|-heal|p2a: Heatran|86/100|[from] item: Leftovers
|upkeep
|turn|5
|
|t:|1776050763
|switch|p1a: Julia Jacklin|Glimmora, F|100/100
|move|p2a: Heatran|Will-O-Wisp|p1a: Julia Jacklin
|-status|p1a: Julia Jacklin|brn
|
|-heal|p2a: Heatran|92/100|[from] item: Leftovers
|-damage|p1a: Julia Jacklin|94/100 brn|[from] brn
|upkeep
|turn|6
|
|t:|1776050766
|move|p1a: Julia Jacklin|Earth Power|p2a: Heatran
|-supereffective|p2a: Heatran
|-damage|p2a: Heatran|13/100
|move|p2a: Heatran|Stealth Rock|p1a: Julia Jacklin
|-sidestart|p1: Auburn Hills|move: Stealth Rock
|
|-heal|p2a: Heatran|19/100|[from] item: Leftovers
|-damage|p1a: Julia Jacklin|88/100 brn|[from] brn
|upkeep
|turn|7
|
|t:|1776050771
|move|p1a: Julia Jacklin|Earth Power|p2a: Heatran
|-supereffective|p2a: Heatran
|-damage|p2a: Heatran|0 fnt
|faint|p2a: Heatran
|
|-damage|p1a: Julia Jacklin|82/100 brn|[from] brn
|upkeep
|
|t:|1776050782
|switch|p2a: Rillaboom|Rillaboom, F|100/100
|-fieldstart|move: Grassy Terrain|[from] ability: Grassy Surge|[of] p2a: Rillaboom
|turn|8
|
|t:|1776050786
|move|p1a: Julia Jacklin|Sludge Wave|p2a: Rillaboom
|-supereffective|p2a: Rillaboom
|-crit|p2a: Rillaboom
|-damage|p2a: Rillaboom|0 fnt
|faint|p2a: Rillaboom
|
|-heal|p1a: Julia Jacklin|88/100 brn|[from] Grassy Terrain
|-damage|p1a: Julia Jacklin|82/100 brn|[from] brn
|upkeep
|
|t:|1776050788
|switch|p2a: Serperior|Serperior, F|100/100
|turn|9
|
|t:|1776050799
|move|p2a: Serperior|Leaf Storm|p1a: Julia Jacklin
|-damage|p1a: Julia Jacklin|0 fnt
|-boost|p2a: Serperior|spa|2
|faint|p1a: Julia Jacklin
|
|upkeep
|
|t:|1776050804
|switch|p1a: Carly Rae|Iron Moth|100/100
|-damage|p1a: Carly Rae|76/100|[from] Stealth Rock
|-enditem|p1a: Carly Rae|Booster Energy
|-activate|p1a: Carly Rae|ability: Quark Drive|[fromitem]
|-start|p1a: Carly Rae|quarkdrivespe
|turn|10
|
|t:|1776050823
|move|p1a: Carly Rae|Fiery Dance|p2a: Serperior
|-supereffective|p2a: Serperior
|-damage|p2a: Serperior|0 fnt
|-boost|p1a: Carly Rae|spa|1
|faint|p2a: Serperior
|
|-heal|p1a: Carly Rae|82/100|[from] Grassy Terrain
|upkeep
|
|t:|1776050827
|switch|p2a: Dragonite|Dragonite, M|73/100
|turn|11
|
|t:|1776050834
|-terastallize|p2a: Dragonite|Flying
|move|p1a: Carly Rae|Dazzling Gleam|p2a: Dragonite
|-damage|p2a: Dragonite|27/100
|move|p2a: Dragonite|Tera Blast|p1a: Carly Rae|[anim] Tera Blast Flying
|-damage|p1a: Carly Rae|0 fnt
|faint|p1a: Carly Rae
|-end|p1a: Carly Rae|Quark Drive|[silent]
|
|upkeep
|
|t:|1776050840
|switch|p1a: Elucid|Dragonite, F|100/100
|turn|12
|
|t:|1776050850
|switch|p2a: Landorus|Landorus-Therian, M|100/100
|-ability|p2a: Landorus|Intimidate|boost
|-unboost|p1a: Elucid|atk|1
|move|p1a: Elucid|Dragon Dance|p1a: Elucid
|-boost|p1a: Elucid|atk|1
|-boost|p1a: Elucid|spe|1
|
|-fieldend|move: Grassy Terrain
|upkeep
|turn|13
|
|t:|1776050853
|move|p2a: Landorus|Stone Edge|p1a: Elucid|[miss]
|-miss|p2a: Landorus|p1a: Elucid
|move|p1a: Elucid|Ice Spinner|p2a: Landorus
|-supereffective|p2a: Landorus
|-damage|p2a: Landorus|0 fnt
|faint|p2a: Landorus
|
|upkeep
|-message|A Welcome Guest forfeited.
|
|win|Auburn Hills
|raw|Auburn Hills's rating: 1816 &rarr; <strong>1835</strong><br />(+19 for winning)
|raw|A Welcome Guest's rating: 1795 &rarr; <strong>1776</strong><br />(-19 for losing)
|l|☆A Welcome Guest
|player|p2|
|l|☆Auburn Hills
|player|p1|
|l| Kyurem
