|html|<div class="broadcast-blue"><strong>[Gen 9] OU is currently suspecting Tera Blast! For information on how to participate check out the <a href="https://www.smogon.com/tools/suspects/view/200">suspect thread</a>.</strong></div>
|j|☆Wen-juckt's?
|j|☆Chaincrush
|t:|1776115669
|gametype|singles
|player|p1|Wen-juckt's?|266|1402
|player|p2|Chaincrush|2|1405
|gen|9
|tier|[Gen 9] OU
|rated|
|rule|HP Percentage Mod: HP is shown in percentages
|rule|Endless Battle Clause: Forcing endless battles is banned
|rule|Species Clause: Limit one of each Pokémon
|rule|OHKO Clause: OHKO moves are banned
|rule|Evasion Items Clause: Evasion items are banned
|rule|Evasion Moves Clause: Evasion moves are banned
|rule|Evasion Abilities Clause: Evasion abilities are banned
|rule|Sleep Moves Clause: Sleep-inducing moves are banned
|clearpoke
|poke|p1|Ogerpon-Wellspring, F|
|poke|p1|Gholdengo|
|poke|p1|Ninetales-Alola, M|
|poke|p1|Rillaboom, F|
|poke|p1|Great Tusk|
|poke|p1|Iron Moth|
|poke|p2|Rillaboom, F|
|poke|p2|Hawlucha, M|
|poke|p2|Virizion|
|poke|p2|Slowking-Galar, F|
|poke|p2|Kyurem|
|poke|p2|Hoopa-Unbound|
|teampreview
|inactive|Battle timer is ON: inactive players will automatically lose when time's up. (requested by Wen-juckt's?)
|
|t:|1776115693
|teamsize|p1|6
|teamsize|p2|6
|start
|switch|p1a: Ninetales|Ninetales-Alola, M|100/100
|switch|p2a: Rillaboom|Rillaboom, F|100/100
|-weather|Snowscape|[from] ability: Snow Warning|[of] p1a: Ninetales
|-fieldstart|move: Grassy Terrain|[from] ability: Grassy Surge|[of] p2a: Rillaboom
|turn|1
|
|t:|1776115705
|move|p2a: Rillaboom|Grassy Glide|p1a: Ninetales
|-damage|p1a: Ninetales|51/100
|move|p1a: Ninetales|Aurora Veil|p1a: Ninetales
|-sidestart|p1: Wen-juckt's?|move: Aurora Veil
|
|-weather|Snowscape|[upkeep]
|-heal|p1a: Ninetales|57/100|[from] Grassy Terrain
|upkeep
|turn|2
|inactive|Wen-juckt's? has 120 seconds left.
|inactive|Wen-juckt's? has 90 seconds left.
|
|t:|1776115773
|switch|p1a: Iron Moth|Iron Moth|100/100
|-enditem|p1a: Iron Moth|Booster Energy
|-activate|p1a: Iron Moth|ability: Quark Drive|[fromitem]
|-start|p1a: Iron Moth|quarkdrivespe
|switch|p2a: Slowking|Slowking-Galar, F|100/100
|
|-weather|Snowscape|[upkeep]
|upkeep
|turn|3
|inactive|Wen-juckt's? has 90 seconds left.
|
|t:|1776115793
|move|p1a: Iron Moth|Fiery Dance|p2a: Slowking
|-damage|p2a: Slowking|78/100
|move|p2a: Slowking|Future Sight|p1a: Iron Moth
|-start|p2a: Slowking|move: Future Sight
|
|-weather|Snowscape|[upkeep]
|-heal|p2a: Slowking|84/100|[from] Grassy Terrain
|upkeep
|turn|4
|
|t:|1776115800
|move|p1a: Iron Moth|Fiery Dance|p2a: Slowking
|-damage|p2a: Slowking|61/100
|-prepare|p2a: Slowking|Chilly Reception|[premajor]
|move|p2a: Slowking|Chilly Reception|p2a: Slowking
|
|t:|1776115814
|switch|p2a: Hawlucha|Hawlucha, M|100/100|[from] Chilly Reception
|-enditem|p2a: Hawlucha|Grassy Seed
|-boost|p2a: Hawlucha|def|1|[from] item: Grassy Seed
|
|-weather|Snowscape|[upkeep]
|upkeep
|turn|5
|
|t:|1776115828
|move|p2a: Hawlucha|Defog|p1a: Iron Moth
|-unboost|p1a: Iron Moth|evasion|1
|-sideend|p1: Wen-juckt's?|move: Aurora Veil
|-fieldend|move: Grassy Terrain
|move|p1a: Iron Moth|Fiery Dance|p2a: Hawlucha
|-damage|p2a: Hawlucha|34/100
|
|-weather|none
|-end|p1a: Iron Moth|move: Future Sight
|-supereffective|p1a: Iron Moth
|-damage|p1a: Iron Moth|8/100
|upkeep
|turn|6
|
|t:|1776115848
|move|p2a: Hawlucha|Acrobatics|p1a: Iron Moth
|-damage|p1a: Iron Moth|0 fnt
|faint|p1a: Iron Moth
|-end|p1a: Iron Moth|Quark Drive|[silent]
|
|upkeep
|
|t:|1776115854
|switch|p1a: Gholdengo|Gholdengo|100/100
|turn|7
|
|t:|1776115867
|switch|p2a: Hoopa|Hoopa-Unbound|100/100
|move|p1a: Gholdengo|Nasty Plot|p1a: Gholdengo
|-boost|p1a: Gholdengo|spa|2
|
|upkeep
|turn|8
|
|t:|1776115881
|-terastallize|p1a: Gholdengo|Steel
|move|p1a: Gholdengo|Make It Rain|p2a: Hoopa
|-damage|p2a: Hoopa|0 fnt
|-unboost|p1a: Gholdengo|spa|1
|faint|p2a: Hoopa
|
|upkeep
|
|t:|1776115889
|switch|p2a: Kyurem|Kyurem|100/100
|-ability|p2a: Kyurem|Pressure
|turn|9
|
|t:|1776115899
|switch|p1a: Rillaboom|Rillaboom, F|100/100
|-fieldstart|move: Grassy Terrain|[from] ability: Grassy Surge|[of] p1a: Rillaboom
|move|p2a: Kyurem|Earth Power|p1a: Rillaboom
|-resisted|p1a: Rillaboom
|-damage|p1a: Rillaboom|70/100
|
|-heal|p1a: Rillaboom|77/100|[from] Grassy Terrain
|upkeep
|turn|10
|inactive|Wen-juckt's? has 90 seconds left.
|
|t:|1776115934
|switch|p2a: Hawlucha|Hawlucha, M|34/100
|switch|p1a: Ninetales|Ninetales-Alola, M|57/100
|-weather|Snowscape|[from] ability: Snow Warning|[of] p1a: Ninetales
|
|-weather|Snowscape|[upkeep]
|-heal|p1a: Ninetales|63/100|[from] Grassy Terrain
|upkeep
|turn|11
|inactive|Wen-juckt's? has 90 seconds left.
|
|t:|1776115945
|move|p1a: Ninetales|Moonblast|p2a: Hawlucha
|-supereffective|p2a: Hawlucha
|-damage|p2a: Hawlucha|0 fnt
|faint|p2a: Hawlucha
|
|-weather|Snowscape|[upkeep]
|-heal|p1a: Ninetales|69/100|[from] Grassy Terrain
|upkeep
|
|t:|1776115955
|switch|p2a: Slowking|Slowking-Galar, F|94/100
|turn|12
|
|t:|1776115959
|move|p1a: Ninetales|Aurora Veil|p1a: Ninetales
|-sidestart|p1: Wen-juckt's?|move: Aurora Veil
|move|p2a: Slowking|Toxic|p1a: Ninetales
|-status|p1a: Ninetales|tox
|
|-weather|Snowscape|[upkeep]
|-heal|p1a: Ninetales|75/100 tox|[from] Grassy Terrain
|-heal|p2a: Slowking|99/100|[from] Grassy Terrain
|-damage|p1a: Ninetales|69/100 tox|[from] psn
|upkeep
|turn|13
|
|t:|1776115970
|switch|p1a: Gholdengo|Gholdengo, tera:Steel|100/100
|move|p2a: Slowking|Future Sight|p1a: Gholdengo
|-start|p2a: Slowking|move: Future Sight
|
|-weather|Snowscape|[upkeep]
|-heal|p2a: Slowking|100/100|[from] Grassy Terrain
|upkeep
|turn|14
|
|t:|1776115979
|move|p1a: Gholdengo|Nasty Plot|p1a: Gholdengo
|-boost|p1a: Gholdengo|spa|2
|-prepare|p2a: Slowking|Chilly Reception|[premajor]
|move|p2a: Slowking|Chilly Reception|p2a: Slowking
|
|t:|1776115989
|switch|p2a: Kyurem|Kyurem|100/100|[from] Chilly Reception
|-ability|p2a: Kyurem|Pressure
|
|-weather|none
|upkeep
|turn|15
|
|t:|1776115995
|move|p2a: Kyurem|Earth Power|p1a: Gholdengo
|-supereffective|p1a: Gholdengo
|-damage|p1a: Gholdengo|44/100
|-unboost|p1a: Gholdengo|spd|1
|move|p1a: Gholdengo|Make It Rain|p2a: Kyurem
|-supereffective|p2a: Kyurem
|-damage|p2a: Kyurem|0 fnt
|-unboost|p1a: Gholdengo|spa|1
|faint|p2a: Kyurem
|
|-end|p1a: Gholdengo|move: Future Sight
|-resisted|p1a: Gholdengo
|-crit|p1a: Gholdengo
|-damage|p1a: Gholdengo|0 fnt
|faint|p1a: Gholdengo
|upkeep
|inactive|Wen-juckt's? has 120 seconds left.
|
|t:|1776116028
|switch|p2a: Slowking|Slowking-Galar, F|100/100
|switch|p1a: Ogerpon|Ogerpon-Wellspring, F|100/100
|turn|16
|
|t:|1776116049
|switch|p2a: Virizion|Virizion|100/100
|-enditem|p2a: Virizion|Grassy Seed
|-boost|p2a: Virizion|def|1|[from] item: Grassy Seed
|move|p1a: Ogerpon|Swords Dance|p1a: Ogerpon
|-boost|p1a: Ogerpon|atk|2
|
|-fieldend|move: Grassy Terrain
|upkeep
|turn|17
|
|t:|1776116062
|move|p1a: Ogerpon|Ivy Cudgel|p2a: Virizion|[anim] Ivy Cudgel Water
|-resisted|p2a: Virizion
|-damage|p2a: Virizion|49/100
|move|p2a: Virizion|Swords Dance|p2a: Virizion
|-boost|p2a: Virizion|atk|2
|
|upkeep
|turn|18
|
|t:|1776116068
|move|p1a: Ogerpon|Ivy Cudgel|p2a: Virizion|[anim] Ivy Cudgel Water
|-resisted|p2a: Virizion
|-damage|p2a: Virizion|0 fnt
|faint|p2a: Virizion
|
|upkeep
|
|t:|1776116071
|switch|p2a: Slowking|Slowking-Galar, F|100/100
|turn|19
|
|t:|1776116076
|move|p1a: Ogerpon|Ivy Cudgel|p2a: Slowking|[anim] Ivy Cudgel Water
|-damage|p2a: Slowking|0 fnt
|faint|p2a: Slowking
|
|-sideend|p1: Wen-juckt's?|move: Aurora Veil
|upkeep
|
|t:|1776116078
|switch|p2a: Rillaboom|Rillaboom, F|100/100
|-fieldstart|move: Grassy Terrain|[from] ability: Grassy Surge|[of] p2a: Rillaboom
|turn|20
|inactive|Wen-juckt's? has 120 seconds left.
|
|t:|1776116089
|-terastallize|p2a: Rillaboom|Grass
|move|p2a: Rillaboom|Grassy Glide|p1a: Ogerpon
|-damage|p1a: Ogerpon|0 fnt
|faint|p1a: Ogerpon
|
|upkeep
|inactive|Wen-juckt's? has 120 seconds left.
|
|t:|1776116102
|switch|p1a: Ninetales|Ninetales-Alola, M|69/100 tox
|-weather|Snowscape|[from] ability: Snow Warning|[of] p1a: Ninetales
|turn|21
|
|t:|1776116106
|move|p2a: Rillaboom|Grassy Glide|p1a: Ninetales
|-damage|p1a: Ninetales|0 fnt
|faint|p1a: Ninetales
|
|-weather|Snowscape|[upkeep]
|upkeep
|inactive|Wen-juckt's? has 120 seconds left.
|
|t:|1776116119
|switch|p1a: Rillaboom|Rillaboom, F|77/100
|turn|22
|
|t:|1776116126
|move|p2a: Rillaboom|Grassy Glide|p1a: Rillaboom
|-resisted|p1a: Rillaboom
|-damage|p1a: Rillaboom|34/100
|move|p1a: Rillaboom|Knock Off|p2a: Rillaboom
|-damage|p2a: Rillaboom|67/100
|-enditem|p2a: Rillaboom|Choice Band|[from] move: Knock Off|[of] p1a: Rillaboom
|
|-weather|Snowscape|[upkeep]
|-heal|p1a: Rillaboom|40/100|[from] Grassy Terrain
|-heal|p2a: Rillaboom|73/100|[from] Grassy Terrain
|upkeep
|turn|23
|inactive|Wen-juckt's? has 120 seconds left.
|
|t:|1776116148
|move|p1a: Rillaboom|Knock Off|p2a: Rillaboom
|-damage|p2a: Rillaboom|48/100
|move|p2a: Rillaboom|Wood Hammer|p1a: Rillaboom
|-resisted|p1a: Rillaboom
|-damage|p1a: Rillaboom|0 fnt
|faint|p1a: Rillaboom
|-damage|p2a: Rillaboom|35/100|[from] Recoil
|
|-weather|Snowscape|[upkeep]
|-heal|p2a: Rillaboom|41/100|[from] Grassy Terrain
|upkeep
|
|t:|1776116152
|switch|p1a: Great Tusk|Great Tusk|100/100
|-enditem|p1a: Great Tusk|Booster Energy
|-activate|p1a: Great Tusk|ability: Protosynthesis|[fromitem]
|-start|p1a: Great Tusk|protosynthesisspe
|turn|24
|
|t:|1776116158
|move|p2a: Rillaboom|Grassy Glide|p1a: Great Tusk
|-supereffective|p1a: Great Tusk
|-damage|p1a: Great Tusk|28/100
|move|p1a: Great Tusk|Ice Spinner|p2a: Rillaboom
|-supereffective|p2a: Rillaboom
|-damage|p2a: Rillaboom|0 fnt
|-fieldend|move: Grassy Terrain
|faint|p2a: Rillaboom
|
|win|Wen-juckt's?
|raw|Wen-juckt&apos;s?'s rating: 1402 &rarr; <strong>1422</strong><br />(+20 for winning)
|raw|Chaincrush's rating: 1405 &rarr; <strong>1385</strong><br />(-20 for losing)
|c|☆Chaincrush|gg
|l|☆Wen-juckt's?
|player|p1|
|l|☆Chaincrush
|player|p2|
