|html|<div class="broadcast-blue"><strong>[Gen 9] OU is currently suspecting Tera Blast! For information on how to participate check out the <a href="https://www.smogon.com/tools/suspects/view/200">suspect thread</a>.</strong></div>
|j|☆sixludicolos
|j|☆trianguleur
|t:|1776064710
|gametype|singles
|player|p1|sixludicolos|roxie|1158
|player|p2|trianguleur|pokemaniac|1204
|gen|9
|tier|[Gen 9] OU
|rated|
|rule|HP Percentage Mod: HP is shown in percentages
|rule|Endless Battle Clause: Forcing endless battles is banned
|rule|Species Clause: Limit one of each Pokémon
|rule|OHKO Clause: OHKO moves are banned
|rule|Evasion Items Clause: Evasion items are banned
|rule|Evasion Moves Clause: Evasion moves are banned
|rule|Evasion Abilities Clause: Evasion abilities are banned
|rule|Sleep Moves Clause: Sleep-inducing moves are banned
|clearpoke
|poke|p1|Pelipper, M|
|poke|p1|Hatterene, F|
|poke|p1|Iron Treads|
|poke|p1|Toxicroak, M|
|poke|p1|Barraskewda, M|
|poke|p1|Zapdos|
|poke|p2|Glimmora, F|
|poke|p2|Iron Treads|
|poke|p2|Latias, F|
|poke|p2|Landorus-Therian, M|
|poke|p2|Zapdos|
|poke|p2|Gliscor, M|
|teampreview
|inactive|Battle timer is ON: inactive players will automatically lose when time's up. (requested by trianguleur)
|
|t:|1776064713
|teamsize|p1|6
|teamsize|p2|6
|start
|switch|p1a: Nigel|Pelipper, M, shiny|100/100
|switch|p2a: Glimmora|Glimmora, F|100/100
|-weather|RainDance|[from] ability: Drizzle|[of] p1a: Nigel
|turn|1
|
|t:|1776064721
|move|p2a: Glimmora|Mortal Spin|p1a: Nigel
|-damage|p1a: Nigel|94/100
|-status|p1a: Nigel|psn
|move|p1a: Nigel|Hurricane|p2a: Glimmora
|-resisted|p2a: Glimmora
|-damage|p2a: Glimmora|82/100
|-enditem|p2a: Glimmora|Red Card|[of] p1a: Nigel
|drag|p1a: Cipher|Hatterene, F|100/100
|
|-weather|RainDance|[upkeep]
|upkeep
|turn|2
|
|t:|1776064733
|move|p2a: Glimmora|Mortal Spin|p1a: Cipher
|-supereffective|p1a: Cipher
|-damage|p1a: Cipher|89/100
|-status|p1a: Cipher|psn
|-enditem|p1a: Cipher|Eject Button
|
|t:|1776064738
|switch|p1a: Aguilar|Barraskewda, M, shiny|100/100
|
|-weather|RainDance|[upkeep]
|upkeep
|turn|3
|
|t:|1776064745
|-terastallize|p1a: Aguilar|Water
|move|p1a: Aguilar|Flip Turn|p2a: Glimmora
|-supereffective|p2a: Glimmora
|-damage|p2a: Glimmora|0 fnt
|-activate|p2a: Glimmora|ability: Toxic Debris
|-sidestart|p1: sixludicolos|move: Toxic Spikes
|faint|p2a: Glimmora
|
|t:|1776064752
|switch|p1a: Tajiri|Toxicroak, M, shiny|100/100|[from] Flip Turn
|-sideend|p1: sixludicolos|move: Toxic Spikes|[of] p1a: Tajiri
|
|-weather|RainDance|[upkeep]
|upkeep
|
|t:|1776064756
|switch|p2a: Landorus|Landorus-Therian, M|100/100
|-ability|p2a: Landorus|Intimidate|boost
|-unboost|p1a: Tajiri|atk|1
|turn|4
|
|t:|1776064769
|move|p2a: Landorus|Earthquake|p1a: Tajiri
|-supereffective|p1a: Tajiri
|-damage|p1a: Tajiri|1/100
|move|p1a: Tajiri|Toxic|p2a: Landorus
|-status|p2a: Landorus|tox
|
|-weather|RainDance|[upkeep]
|-heal|p1a: Tajiri|13/100|[from] ability: Dry Skin
|-heal|p1a: Tajiri|19/100|[from] item: Leftovers
|-damage|p2a: Landorus|95/100 tox|[from] psn
|upkeep
|turn|5
|
|t:|1776064781
|move|p1a: Tajiri|Protect|p1a: Tajiri
|-singleturn|p1a: Tajiri|Protect
|move|p2a: Landorus|Earthquake|p1a: Tajiri
|-activate|p1a: Tajiri|move: Protect
|
|-weather|RainDance|[upkeep]
|-heal|p1a: Tajiri|32/100|[from] ability: Dry Skin
|-heal|p1a: Tajiri|38/100|[from] item: Leftovers
|-damage|p2a: Landorus|83/100 tox|[from] psn
|upkeep
|turn|6
|c|☆sixludicolos|you r banded
|
|t:|1776064804
|switch|p2a: Latias|Latias, F|100/100
|switch|p1a: Virgil|Zapdos|100/100
|
|-weather|RainDance|[upkeep]
|upkeep
|turn|7
|
|t:|1776064815
|move|p1a: Virgil|Hurricane|p2a: Latias
|-damage|p2a: Latias|47/100
|-start|p2a: Latias|confusion
|-activate|p2a: Latias|confusion
|-damage|p2a: Latias|42/100|[from] confusion
|
|-weather|RainDance|[upkeep]
|-heal|p2a: Latias|48/100|[from] item: Leftovers
|upkeep
|turn|8
|
|t:|1776064824
|move|p1a: Virgil|Hurricane|p2a: Latias
|-damage|p2a: Latias|0 fnt
|faint|p2a: Latias
|
|-weather|none
|upkeep
|
|t:|1776064827
|switch|p2a: Gliscor|Gliscor, M, shiny|100/100
|turn|9
|
|t:|1776064833
|switch|p1a: Nigel|Pelipper, M, shiny|94/100 psn
|-weather|RainDance|[from] ability: Drizzle|[of] p1a: Nigel
|move|p2a: Gliscor|Knock Off|p1a: Nigel
|-damage|p1a: Nigel|65/100 psn
|-enditem|p1a: Nigel|Damp Rock|[from] move: Knock Off|[of] p2a: Gliscor
|
|-weather|RainDance|[upkeep]
|-damage|p1a: Nigel|53/100 psn|[from] psn
|-status|p2a: Gliscor|tox|[from] item: Toxic Orb
|upkeep
|turn|10
|
|t:|1776064844
|move|p2a: Gliscor|Protect|p2a: Gliscor
|-singleturn|p2a: Gliscor|Protect
|move|p1a: Nigel|U-turn|p2a: Gliscor
|-activate|p2a: Gliscor|move: Protect
|
|-weather|RainDance|[upkeep]
|-damage|p1a: Nigel|40/100 psn|[from] psn
|upkeep
|turn|11
|
|t:|1776064849
|move|p2a: Gliscor|U-turn|p1a: Nigel
|-resisted|p1a: Nigel
|-damage|p1a: Nigel|28/100 psn
|
|t:|1776064852
|switch|p2a: Iron Treads|Iron Treads|100/100|[from] U-turn
|-enditem|p2a: Iron Treads|Booster Energy
|-activate|p2a: Iron Treads|ability: Quark Drive|[fromitem]
|-start|p2a: Iron Treads|quarkdrivedef
|move|p1a: Nigel|U-turn|p2a: Iron Treads
|-resisted|p2a: Iron Treads
|-crit|p2a: Iron Treads
|-damage|p2a: Iron Treads|97/100
|
|t:|1776064865
|switch|p1a: Virgil|Zapdos|100/100|[from] U-turn
|
|-weather|RainDance|[upkeep]
|upkeep
|turn|12
|
|t:|1776064871
|move|p1a: Virgil|Weather Ball|p2a: Iron Treads
|-supereffective|p2a: Iron Treads
|-damage|p2a: Iron Treads|0 fnt
|faint|p2a: Iron Treads
|-end|p2a: Iron Treads|Quark Drive|[silent]
|
|-weather|RainDance|[upkeep]
|upkeep
|
|t:|1776064876
|switch|p2a: Landorus|Landorus-Therian, M|83/100 tox
|-ability|p2a: Landorus|Intimidate|boost
|-unboost|p1a: Virgil|atk|1
|turn|13
|
|t:|1776064881
|move|p2a: Landorus|Outrage|p1a: Virgil
|-damage|p1a: Virgil|43/100
|move|p1a: Virgil|Weather Ball|p2a: Landorus
|-supereffective|p2a: Landorus
|-damage|p2a: Landorus|0 fnt
|faint|p2a: Landorus
|
|-weather|RainDance|[upkeep]
|upkeep
|
|t:|1776064885
|switch|p2a: Gliscor|Gliscor, M, shiny|100/100 tox
|turn|14
|
|t:|1776064894
|switch|p1a: Tajiri|Toxicroak, M, shiny|38/100
|move|p2a: Gliscor|Knock Off|p1a: Tajiri
|-resisted|p1a: Tajiri
|-damage|p1a: Tajiri|24/100
|-enditem|p1a: Tajiri|Leftovers|[from] move: Knock Off|[of] p2a: Gliscor
|
|-weather|RainDance|[upkeep]
|-heal|p1a: Tajiri|36/100|[from] ability: Dry Skin
|upkeep
|turn|15
|
|t:|1776064905
|move|p1a: Tajiri|Protect|p1a: Tajiri
|-singleturn|p1a: Tajiri|Protect
|move|p2a: Gliscor|Earthquake|p1a: Tajiri
|-activate|p1a: Tajiri|move: Protect
|
|-weather|RainDance|[upkeep]
|-heal|p1a: Tajiri|49/100|[from] ability: Dry Skin
|upkeep
|turn|16
|
|t:|1776064913
|switch|p1a: Virgil|Zapdos|43/100
|move|p2a: Gliscor|Earthquake|p1a: Virgil
|-immune|p1a: Virgil
|
|-weather|none
|upkeep
|turn|17
|
|t:|1776064925
|switch|p1a: Aguilar|Barraskewda, M, shiny, tera:Water|100/100
|move|p2a: Gliscor|Knock Off|p1a: Aguilar
|-damage|p1a: Aguilar|42/100
|-enditem|p1a: Aguilar|Choice Band|[from] move: Knock Off|[of] p2a: Gliscor
|
|upkeep
|turn|18
|
|t:|1776064939
|move|p1a: Aguilar|Liquidation|p2a: Gliscor
|-supereffective|p2a: Gliscor
|-damage|p2a: Gliscor|0 fnt
|faint|p2a: Gliscor
|
|upkeep
|
|t:|1776064942
|switch|p2a: Zapdos|Zapdos|100/100
|turn|19
|c|☆sixludicolos|ayyyyyyy
|c|☆sixludicolos|gotcha
|c|☆trianguleur|cringe asf
|inactive|sixludicolos has 120 seconds left.
|c|☆trianguleur|*yawn*
|c|☆sixludicolos|cringe that you left your ubers mon on a zu mon that could kill it
|c|☆sixludicolos|gotcha
|c|☆sixludicolos|I should just be an ubers slave
|inactive|sixludicolos has 90 seconds left.
|
|t:|1776065005
|switch|p1a: Abram|Iron Treads|100/100
|move|p2a: Zapdos|Volt Switch|p1a: Abram
|-immune|p1a: Abram
|
|upkeep
|turn|20
|c|☆trianguleur|lol need to play water for win
|l|☆trianguleur
|inactive|trianguleur disconnected and has a minute to reconnect!
|player|p2|
|inactive|sixludicolos has 90 seconds left.
|c|☆sixludicolos|use ogerpon
|c|☆sixludicolos|you complainer
|j|☆trianguleur
|inactive|trianguleur reconnected and has 130 seconds left.
|player|p2|trianguleur|pokemaniac|
|l|☆trianguleur
|inactive|trianguleur disconnected and has a minute to reconnect!
|player|p2|
|j|☆trianguleur
|inactive|trianguleur reconnected and has 125 seconds left.
|player|p2|trianguleur|pokemaniac|
|inactive|trianguleur has 120 seconds left.
|c|☆trianguleur|nah im not like u
|
|t:|1776065044
|move|p2a: Zapdos|Heat Wave|p1a: Abram
|-supereffective|p1a: Abram
|-crit|p1a: Abram
|-damage|p1a: Abram|0 fnt
|faint|p1a: Abram
|-end|p1a: Abram|Quark Drive|[silent]
|-damage|p2a: Zapdos|91/100|[from] item: Life Orb
|
|upkeep
|c|☆sixludicolos|then quit pokemon
|
|t:|1776065055
|switch|p1a: Virgil|Zapdos|43/100
|turn|21
|c|☆trianguleur|nah im not like u i said
|inactive|trianguleur has 120 seconds left.
|
|t:|1776065068
|move|p1a: Virgil|Thunder|p2a: Zapdos|[miss]
|-miss|p1a: Virgil|p2a: Zapdos
|move|p2a: Zapdos|Heat Wave|p1a: Virgil
|-damage|p1a: Virgil|0 fnt
|faint|p1a: Virgil
|-damage|p2a: Zapdos|81/100|[from] item: Life Orb
|
|upkeep
|c|☆sixludicolos|Then quit
|c|☆sixludicolos|Compaining
|c|☆trianguleur|im not like u
|c|☆sixludicolos|About things you can solve
|
|t:|1776065086
|switch|p1a: Nigel|Pelipper, M, shiny|28/100 psn
|-weather|RainDance|[from] ability: Drizzle|[of] p1a: Nigel
|turn|22
|c|☆trianguleur|i prefere chess anyway
|
|t:|1776065093
|move|p2a: Zapdos|Volt Switch|p1a: Nigel
|-supereffective|p1a: Nigel
|-damage|p1a: Nigel|0 fnt
|faint|p1a: Nigel
|-damage|p2a: Zapdos|71/100|[from] item: Life Orb
|
|-weather|RainDance|[upkeep]
|upkeep
|
|t:|1776065101
|switch|p1a: Aguilar|Barraskewda, M, shiny, tera:Water|42/100
|turn|23
|c|☆trianguleur|dont like luck game
|
|t:|1776065106
|move|p1a: Aguilar|Liquidation|p2a: Zapdos
|-damage|p2a: Zapdos|0 fnt
|-status|p1a: Aguilar|par|[from] ability: Static|[of] p2a: Zapdos
|faint|p2a: Zapdos
|
|win|sixludicolos
|raw|sixludicolos's rating: 1158 &rarr; <strong>1186</strong><br />(+28 for winning)
|raw|trianguleur's rating: 1204 &rarr; <strong>1176</strong><br />(-28 for losing)
|c|☆sixludicolos|Then play chess
|c|☆trianguleur|ezzzzzzzzzzzzz
|c|☆sixludicolos|bye
|l|☆sixludicolos
|player|p1|
|c|☆trianguleur|eeeeeeeezzzzzzzz
|l|☆trianguleur
|player|p2|
