|html|<div class="broadcast-blue"><strong>[Gen 9] OU is currently suspecting Tera Blast! For information on how to participate check out the <a href="https://www.smogon.com/tools/suspects/view/200">suspect thread</a>.</strong></div>
|raw|<div class="broadcast-blue"><strong>This battle is required to be public due to a player having a name starting with 'caplt26eq'.</div>
|j|☆EverythingIsTB
|j|☆CAPLT26EQ Miasmaw
|t:|1776061820
|gametype|singles
|player|p1|EverythingIsTB|palmer|1000
|player|p2|CAPLT26EQ Miasmaw|miku-ground|1000
|gen|9
|tier|[Gen 9] OU
|rated|
|rule|HP Percentage Mod: HP is shown in percentages
|rule|Endless Battle Clause: Forcing endless battles is banned
|rule|Species Clause: Limit one of each Pokémon
|rule|OHKO Clause: OHKO moves are banned
|rule|Evasion Items Clause: Evasion items are banned
|rule|Evasion Moves Clause: Evasion moves are banned
|rule|Evasion Abilities Clause: Evasion abilities are banned
|rule|Sleep Moves Clause: Sleep-inducing moves are banned
|clearpoke
|poke|p1|Gliscor, F|
|poke|p1|Blissey, F|
|poke|p1|Dondozo, M|
|poke|p1|Clodsire, M|
|poke|p1|Ting-Lu|
|poke|p1|Talonflame, M|
|poke|p2|Araquanid, M|
|poke|p2|Kyurem|
|poke|p2|Gholdengo|
|poke|p2|Great Tusk|
|poke|p2|Weavile, F|
|poke|p2|Iron Moth|
|teampreview
|
|t:|1776061841
|teamsize|p1|6
|teamsize|p2|6
|start
|switch|p1a: Ting-Lu|Ting-Lu|100/100
|switch|p2a: Kyurem|Kyurem, shiny|100/100
|-ability|p2a: Kyurem|Pressure
|-ability|p1a: Ting-Lu|Vessel of Ruin
|turn|1
|
|t:|1776061849
|switch|p2a: Araquanid|Araquanid, M, shiny|100/100
|switch|p1a: Blissey|Blissey, F|100/100
|
|upkeep
|turn|2
|
|t:|1776061860
|move|p1a: Blissey|Seismic Toss|p2a: Araquanid
|-damage|p2a: Araquanid|71/100
|move|p2a: Araquanid|Sticky Web|p1a: Blissey
|-sidestart|p1: EverythingIsTB|move: Sticky Web
|
|upkeep
|turn|3
|
|t:|1776061868
|switch|p1a: Dondozo|Dondozo, M|100/100
|-activate|p1a: Dondozo|move: Sticky Web
|-unboost|p1a: Dondozo|spe|1
|move|p2a: Araquanid|Surf|p1a: Dondozo
|-resisted|p1a: Dondozo
|-damage|p1a: Dondozo|78/100
|
|-heal|p1a: Dondozo|84/100|[from] item: Leftovers
|upkeep
|turn|4
|
|t:|1776061873
|switch|p2a: Kyurem|Kyurem, shiny|100/100
|-ability|p2a: Kyurem|Pressure
|switch|p1a: Blissey|Blissey, F|100/100
|
|upkeep
|turn|5
|
|t:|1776061877
|switch|p2a: Araquanid|Araquanid, M, shiny|71/100
|move|p1a: Blissey|Seismic Toss|p2a: Araquanid
|-damage|p2a: Araquanid|42/100
|
|upkeep
|turn|6
|
|t:|1776061898
|move|p1a: Blissey|Seismic Toss|p2a: Araquanid
|-damage|p2a: Araquanid|12/100
|move|p2a: Araquanid|Endeavor|p1a: Blissey
|-damage|p1a: Blissey|7/100
|
|upkeep
|turn|7
|-enditem|p2a: Araquanid|Custap Berry|[eat]
|-activate|p2a: Araquanid|item: Custap Berry|[consumed]
|
|t:|1776061916
|switch|p1a: Ting-Lu|Ting-Lu|100/100
|-activate|p1a: Ting-Lu|move: Sticky Web
|-unboost|p1a: Ting-Lu|spe|1
|-ability|p1a: Ting-Lu|Vessel of Ruin
|move|p2a: Araquanid|Surf|p1a: Ting-Lu
|-supereffective|p1a: Ting-Lu
|-damage|p1a: Ting-Lu|39/100
|
|-heal|p1a: Ting-Lu|46/100|[from] item: Leftovers
|upkeep
|turn|8
|
|t:|1776061922
|move|p2a: Araquanid|Endeavor|p1a: Ting-Lu
|-damage|p1a: Ting-Lu|8/100
|move|p1a: Ting-Lu|Earthquake|p2a: Araquanid
|-resisted|p2a: Araquanid
|-damage|p2a: Araquanid|0 fnt
|faint|p2a: Araquanid
|
|-heal|p1a: Ting-Lu|15/100|[from] item: Leftovers
|upkeep
|
|t:|1776061927
|switch|p2a: Kyurem|Kyurem, shiny|100/100
|-ability|p2a: Kyurem|Pressure
|turn|9
|
|t:|1776061934
|switch|p1a: Dondozo|Dondozo, M|84/100
|-activate|p1a: Dondozo|move: Sticky Web
|-unboost|p1a: Dondozo|spe|1
|move|p2a: Kyurem|Ice Beam|p1a: Dondozo
|-resisted|p1a: Dondozo
|-damage|p1a: Dondozo|63/100
|
|-heal|p1a: Dondozo|69/100|[from] item: Leftovers
|upkeep
|turn|10
|
|t:|1776061939
|move|p2a: Kyurem|Freeze-Dry|p1a: Dondozo
|-supereffective|p1a: Dondozo
|-damage|p1a: Dondozo|0 fnt
|faint|p1a: Dondozo
|
|upkeep
|
|t:|1776061945
|switch|p1a: Gliscor|Gliscor, F|100/100
|turn|11
|
|t:|1776061948
|move|p1a: Gliscor|Protect|p1a: Gliscor
|-singleturn|p1a: Gliscor|Protect
|move|p2a: Kyurem|Hyper Voice|p1a: Gliscor
|-activate|p1a: Gliscor|move: Protect
|
|-status|p1a: Gliscor|tox|[from] item: Toxic Orb
|upkeep
|turn|12
|
|t:|1776061968
|-terastallize|p1a: Gliscor|Water
|move|p2a: Kyurem|Hyper Voice|p1a: Gliscor
|-damage|p1a: Gliscor|66/100 tox
|-enditem|p2a: Kyurem|Throat Spray
|-boost|p2a: Kyurem|spa|1|[from] item: Throat Spray
|move|p1a: Gliscor|Toxic|p2a: Kyurem
|-status|p2a: Kyurem|tox
|
|-damage|p2a: Kyurem|94/100 tox|[from] psn
|-heal|p1a: Gliscor|78/100 tox|[from] ability: Poison Heal
|upkeep
|turn|13
|
|t:|1776061978
|move|p1a: Gliscor|Protect|p1a: Gliscor
|-singleturn|p1a: Gliscor|Protect
|move|p2a: Kyurem|Freeze-Dry|p1a: Gliscor
|-activate|p1a: Gliscor|move: Protect
|
|-damage|p2a: Kyurem|82/100 tox|[from] psn
|-heal|p1a: Gliscor|91/100 tox|[from] ability: Poison Heal
|upkeep
|turn|14
|-message|EverythingIsTB forfeited.
|
|win|CAPLT26EQ Miasmaw
|raw|EverythingIsTB's rating: 1000 &rarr; <strong>1000</strong><br />(+0 for losing)
|raw|CAPLT26EQ Miasmaw's rating: 1000 &rarr; <strong>1040</strong><br />(+40 for winning)
|l|☆EverythingIsTB
|player|p1|
