|html|<div class="broadcast-blue"><strong>[Gen 9] OU is currently suspecting Tera Blast! For information on how to participate check out the <a href="https://www.smogon.com/tools/suspects/view/200">suspect thread</a>.</strong></div>
|j|☆Sunshinne
|j|☆Johnny tots
|t:|1776101496
|gametype|singles
|player|p1|Sunshinne|darach-caitlin|1743
|player|p2|Johnny tots|2|1742
|gen|9
|tier|[Gen 9] OU
|rated|
|rule|HP Percentage Mod: HP is shown in percentages
|rule|Endless Battle Clause: Forcing endless battles is banned
|rule|Species Clause: Limit one of each Pokémon
|rule|OHKO Clause: OHKO moves are banned
|rule|Evasion Items Clause: Evasion items are banned
|rule|Evasion Moves Clause: Evasion moves are banned
|rule|Evasion Abilities Clause: Evasion abilities are banned
|rule|Sleep Moves Clause: Sleep-inducing moves are banned
|clearpoke
|poke|p1|Great Tusk|
|poke|p1|Landorus-Therian, M|
|poke|p1|Slowking-Galar, M|
|poke|p1|Ogerpon-Wellspring, F|
|poke|p1|Raging Bolt|
|poke|p1|Kingambit, F|
|poke|p2|Klefki, F|
|poke|p2|Manaphy|
|poke|p2|Kyurem|
|poke|p2|Cinderace, F|
|poke|p2|Iron Valiant|
|poke|p2|Clefable, M|
|teampreview
|inactive|Battle timer is ON: inactive players will automatically lose when time's up. (requested by Sunshinne)
|
|t:|1776101500
|teamsize|p1|6
|teamsize|p2|6
|start
|switch|p1a: Comme ils disent|Landorus-Therian, M|100/100
|switch|p2a: Klefki|Klefki, F|100/100
|-ability|p1a: Comme ils disent|Intimidate|boost
|-unboost|p2a: Klefki|atk|1
|turn|1
|
|t:|1776101503
|move|p2a: Klefki|Reflect|p2a: Klefki
|-sidestart|p2: Johnny tots|Reflect
|move|p1a: Comme ils disent|Earthquake|p2a: Klefki
|-supereffective|p2a: Klefki
|-damage|p2a: Klefki|56/100
|
|upkeep
|turn|2
|j| Metallic Symphony
|
|t:|1776101506
|move|p2a: Klefki|Light Screen|p2a: Klefki
|-sidestart|p2: Johnny tots|move: Light Screen
|move|p1a: Comme ils disent|Earthquake|p2a: Klefki
|-supereffective|p2a: Klefki
|-damage|p2a: Klefki|7/100
|
|upkeep
|turn|3
|l| Metallic Symphony
|
|t:|1776101509
|switch|p2a: Clefable|Clefable, M|100/100
|move|p1a: Comme ils disent|Earthquake|p2a: Clefable
|-damage|p2a: Clefable|71/100
|
|-heal|p2a: Clefable|77/100|[from] item: Leftovers
|upkeep
|turn|4
|
|t:|1776101512
|switch|p1a: La vie en rose|Slowking-Galar, M|100/100
|move|p2a: Clefable|Calm Mind|p2a: Clefable
|-boost|p2a: Clefable|spa|1
|-boost|p2a: Clefable|spd|1
|
|-heal|p2a: Clefable|83/100|[from] item: Leftovers
|upkeep
|turn|5
|
|t:|1776101515
|move|p2a: Clefable|Calm Mind|p2a: Clefable
|-boost|p2a: Clefable|spa|1
|-boost|p2a: Clefable|spd|1
|move|p1a: La vie en rose|Sludge Bomb|p2a: Clefable
|-supereffective|p2a: Clefable
|-damage|p2a: Clefable|67/100
|
|-heal|p2a: Clefable|73/100|[from] item: Leftovers
|upkeep
|turn|6
|
|t:|1776101517
|move|p2a: Clefable|Psyshock|p1a: La vie en rose
|-crit|p1a: La vie en rose
|-damage|p1a: La vie en rose|48/100
|move|p1a: La vie en rose|Sludge Bomb|p2a: Clefable
|-supereffective|p2a: Clefable
|-damage|p2a: Clefable|57/100
|
|-heal|p2a: Clefable|63/100|[from] item: Leftovers
|upkeep
|turn|7
|
|t:|1776101520
|move|p2a: Clefable|Calm Mind|p2a: Clefable
|-boost|p2a: Clefable|spa|1
|-boost|p2a: Clefable|spd|1
|move|p1a: La vie en rose|Sludge Bomb|p2a: Clefable
|-supereffective|p2a: Clefable
|-damage|p2a: Clefable|50/100
|
|-heal|p2a: Clefable|57/100|[from] item: Leftovers
|upkeep
|turn|8
|
|t:|1776101523
|move|p2a: Clefable|Moonblast|p1a: La vie en rose
|-resisted|p1a: La vie en rose
|-damage|p1a: La vie en rose|23/100
|move|p1a: La vie en rose|Sludge Bomb|p2a: Clefable
|-supereffective|p2a: Clefable
|-damage|p2a: Clefable|43/100
|
|-heal|p2a: Clefable|50/100|[from] item: Leftovers
|-sideend|p2: Johnny tots|Reflect
|upkeep
|turn|9
|
|t:|1776101526
|move|p2a: Clefable|Moonblast|p1a: La vie en rose
|-resisted|p1a: La vie en rose
|-damage|p1a: La vie en rose|0 fnt
|faint|p1a: La vie en rose
|
|-heal|p2a: Clefable|56/100|[from] item: Leftovers
|-sideend|p2: Johnny tots|move: Light Screen
|upkeep
|
|t:|1776101528
|switch|p1a: La Maritza|Ogerpon-Wellspring, F|100/100
|turn|10
|
|t:|1776101533
|-terastallize|p1a: La Maritza|Water
|detailschange|p1a: La Maritza|Ogerpon-Wellspring-Tera, F, tera:Water
|-ability|p1a: La Maritza|Embody Aspect (Wellspring)|boost
|-boost|p1a: La Maritza|spd|1
|move|p1a: La Maritza|Ivy Cudgel|p2a: Clefable|[anim] Ivy Cudgel Water
|-damage|p2a: Clefable|0 fnt
|faint|p2a: Clefable
|
|upkeep
|
|t:|1776101538
|switch|p2a: Klefki|Klefki, F|7/100
|turn|11
|
|t:|1776101544
|switch|p1a: Emmenez-moi|Great Tusk|100/100
|move|p2a: Klefki|Reflect|p2a: Klefki
|-sidestart|p2: Johnny tots|Reflect
|
|upkeep
|turn|12
|
|t:|1776101552
|move|p2a: Klefki|Light Screen|p2a: Klefki
|-sidestart|p2: Johnny tots|move: Light Screen
|move|p1a: Emmenez-moi|Stealth Rock|p2a: Klefki
|-sidestart|p2: Johnny tots|move: Stealth Rock
|
|upkeep
|turn|13
|
|t:|1776101554
|switch|p2a: Iron Valiant|Iron Valiant|100/100
|-damage|p2a: Iron Valiant|94/100|[from] Stealth Rock
|-enditem|p2a: Iron Valiant|Booster Energy
|-activate|p2a: Iron Valiant|ability: Quark Drive|[fromitem]
|-start|p2a: Iron Valiant|quarkdrivespe
|move|p1a: Emmenez-moi|Rapid Spin|p2a: Iron Valiant
|-damage|p2a: Iron Valiant|85/100
|-boost|p1a: Emmenez-moi|spe|1
|
|upkeep
|turn|14
|
|t:|1776101558
|-end|p1a: Emmenez-moi|Protosynthesis|[silent]
|switch|p1a: Comme ils disent|Landorus-Therian, M|100/100
|-ability|p1a: Comme ils disent|Intimidate|boost
|-unboost|p2a: Iron Valiant|atk|1
|move|p2a: Iron Valiant|Moonblast|p1a: Comme ils disent
|-damage|p1a: Comme ils disent|38/100
|-unboost|p1a: Comme ils disent|spa|1
|
|upkeep
|turn|15
|
|t:|1776101563
|move|p2a: Iron Valiant|Calm Mind|p2a: Iron Valiant
|-boost|p2a: Iron Valiant|spa|1
|-boost|p2a: Iron Valiant|spd|1
|move|p1a: Comme ils disent|Earthquake|p2a: Iron Valiant
|-crit|p2a: Iron Valiant
|-damage|p2a: Iron Valiant|0 fnt
|faint|p2a: Iron Valiant
|-end|p2a: Iron Valiant|Quark Drive|[silent]
|
|upkeep
|
|t:|1776101571
|switch|p2a: Manaphy|Manaphy|100/100
|-damage|p2a: Manaphy|88/100|[from] Stealth Rock
|turn|16
|
|t:|1776101574
|switch|p1a: La Maritza|Ogerpon-Wellspring-Tera, F, tera:Water|100/100
|-ability|p1a: La Maritza|Embody Aspect (Wellspring)|boost
|-boost|p1a: La Maritza|spd|1
|move|p2a: Manaphy|Acid Armor|p2a: Manaphy
|-boost|p2a: Manaphy|def|2
|
|-heal|p2a: Manaphy|94/100|[from] item: Leftovers
|upkeep
|turn|17
|
|t:|1776101580
|move|p1a: La Maritza|Knock Off|p2a: Manaphy
|-damage|p2a: Manaphy|85/100
|-enditem|p2a: Manaphy|Leftovers|[from] move: Knock Off|[of] p1a: La Maritza
|move|p2a: Manaphy|Acid Armor|p2a: Manaphy
|-boost|p2a: Manaphy|def|2
|
|upkeep
|turn|18
|
|t:|1776101593
|-terastallize|p2a: Manaphy|Grass
|move|p1a: La Maritza|Power Whip|p2a: Manaphy
|-resisted|p2a: Manaphy
|-damage|p2a: Manaphy|80/100
|move|p2a: Manaphy|Take Heart|p2a: Manaphy
|-boost|p2a: Manaphy|spa|1
|-boost|p2a: Manaphy|spd|1
|
|-sideend|p2: Johnny tots|Reflect
|upkeep
|turn|19
|
|t:|1776101599
|move|p1a: La Maritza|U-turn|p2a: Manaphy
|-supereffective|p2a: Manaphy
|-damage|p2a: Manaphy|61/100
|
|t:|1776101602
|switch|p1a: Emmenez-moi|Great Tusk|100/100|[from] U-turn
|move|p2a: Manaphy|Take Heart|p2a: Manaphy
|-boost|p2a: Manaphy|spa|1
|-boost|p2a: Manaphy|spd|1
|
|-sideend|p2: Johnny tots|move: Light Screen
|upkeep
|turn|20
|
|t:|1776101605
|move|p1a: Emmenez-moi|Ice Spinner|p2a: Manaphy
|-supereffective|p2a: Manaphy
|-damage|p2a: Manaphy|47/100
|move|p2a: Manaphy|Scald|p1a: Emmenez-moi
|-supereffective|p1a: Emmenez-moi
|-damage|p1a: Emmenez-moi|0 fnt
|faint|p1a: Emmenez-moi
|-end|p1a: Emmenez-moi|Protosynthesis|[silent]
|
|upkeep
|
|t:|1776101608
|switch|p1a: Hier encore|Raging Bolt|100/100
|-enditem|p1a: Hier encore|Booster Energy
|-activate|p1a: Hier encore|ability: Protosynthesis|[fromitem]
|-start|p1a: Hier encore|protosynthesisspa
|turn|21
|
|t:|1776101609
|move|p2a: Manaphy|Stored Power|p1a: Hier encore
|-damage|p1a: Hier encore|6/100
|move|p1a: Hier encore|Dragon Pulse|p2a: Manaphy
|-damage|p2a: Manaphy|14/100
|
|upkeep
|turn|22
|
|t:|1776101620
|move|p1a: Hier encore|Thunderclap|p2a: Manaphy
|-resisted|p2a: Manaphy
|-damage|p2a: Manaphy|1/100
|move|p2a: Manaphy|Stored Power|p1a: Hier encore
|-damage|p1a: Hier encore|0 fnt
|faint|p1a: Hier encore
|-end|p1a: Hier encore|Protosynthesis|[silent]
|
|upkeep
|
|t:|1776101627
|switch|p1a: Comme ils disent|Landorus-Therian, M|38/100
|-ability|p1a: Comme ils disent|Intimidate|boost
|-unboost|p2a: Manaphy|atk|1
|turn|23
|
|t:|1776101632
|move|p1a: Comme ils disent|Earthquake|p2a: Manaphy
|-resisted|p2a: Manaphy
|-damage|p2a: Manaphy|0 fnt
|faint|p2a: Manaphy
|
|upkeep
|
|t:|1776101633
|switch|p2a: Cinderace|Cinderace, F|100/100
|turn|24
|
|t:|1776101636
|move|p1a: Comme ils disent|Earthquake|p2a: Cinderace
|-supereffective|p2a: Cinderace
|-damage|p2a: Cinderace|0 fnt
|faint|p2a: Cinderace
|
|upkeep
|c|☆Johnny tots|Insane
|-message|Johnny tots forfeited.
|
|win|Sunshinne
|raw|Sunshinne's rating: 1743 &rarr; <strong>1763</strong><br />(+20 for winning)
|raw|Johnny tots's rating: 1742 &rarr; <strong>1722</strong><br />(-20 for losing)
|l|☆Johnny tots
|player|p2|
|j| xeshuw
|l|☆Sunshinne
|player|p1|
|l| xeshuw
