|html|<div class="broadcast-blue"><strong>[Gen 9] OU is currently suspecting Tera Blast! For information on how to participate check out the <a href="https://www.smogon.com/tools/suspects/view/200">suspect thread</a>.</strong></div>
|j|☆goodgoodcush
|j|☆batsanj
|t:|1776055320
|gametype|singles
|player|p1|goodgoodcush|101|1421
|player|p2|batsanj|red|1426
|gen|9
|tier|[Gen 9] OU
|rated|
|rule|HP Percentage Mod: HP is shown in percentages
|rule|Endless Battle Clause: Forcing endless battles is banned
|rule|Species Clause: Limit one of each Pokémon
|rule|OHKO Clause: OHKO moves are banned
|rule|Evasion Items Clause: Evasion items are banned
|rule|Evasion Moves Clause: Evasion moves are banned
|rule|Evasion Abilities Clause: Evasion abilities are banned
|rule|Sleep Moves Clause: Sleep-inducing moves are banned
|clearpoke
|poke|p1|Dragonite, M|
|poke|p1|Latias, F|
|poke|p1|Maushold-Four|
|poke|p1|Grimmsnarl, M|
|poke|p1|Manaphy|
|poke|p1|Kingambit, F|
|poke|p2|Conkeldurr, F|
|poke|p2|Great Tusk|
|poke|p2|Ogerpon-Wellspring, F|
|poke|p2|Skeledirge, M|
|poke|p2|Iron Moth|
|poke|p2|Dragonite, F|
|teampreview
|inactive|Battle timer is ON: inactive players will automatically lose when time's up. (requested by batsanj)
|inactive|goodgoodcush has 120 seconds left.
|
|t:|1776055365
|teamsize|p1|6
|teamsize|p2|6
|start
|switch|p1a: Manaphy|Manaphy|100/100
|switch|p2a: Conkeldurr|Conkeldurr, F|100/100
|turn|1
|
|t:|1776055371
|move|p1a: Manaphy|Acid Armor|p1a: Manaphy
|-boost|p1a: Manaphy|def|2
|move|p2a: Conkeldurr|Knock Off|p1a: Manaphy
|-damage|p1a: Manaphy|84/100
|-enditem|p1a: Manaphy|Leftovers|[from] move: Knock Off|[of] p2a: Conkeldurr
|
|-status|p2a: Conkeldurr|brn|[from] item: Flame Orb
|upkeep
|turn|2
|
|t:|1776055378
|switch|p2a: Ogerpon|Ogerpon-Wellspring, F|100/100
|move|p1a: Manaphy|Acid Armor|p1a: Manaphy
|-boost|p1a: Manaphy|def|2
|
|upkeep
|turn|3
|
|t:|1776055386
|move|p2a: Ogerpon|Swords Dance|p2a: Ogerpon
|-boost|p2a: Ogerpon|atk|2
|move|p1a: Manaphy|Take Heart|p1a: Manaphy
|-boost|p1a: Manaphy|spa|1
|-boost|p1a: Manaphy|spd|1
|
|upkeep
|turn|4
|
|t:|1776055391
|move|p2a: Ogerpon|Power Whip|p1a: Manaphy
|-supereffective|p1a: Manaphy
|-damage|p1a: Manaphy|5/100
|move|p1a: Manaphy|Acid Armor|p1a: Manaphy
|-boost|p1a: Manaphy|def|2
|
|upkeep
|turn|5
|
|t:|1776055400
|move|p2a: Ogerpon|Ivy Cudgel|p1a: Manaphy|[anim] Ivy Cudgel Water
|-resisted|p1a: Manaphy
|-damage|p1a: Manaphy|0 fnt
|faint|p1a: Manaphy
|
|upkeep
|
|t:|1776055411
|switch|p1a: Maushold|Maushold-Four|100/100
|turn|6
|
|t:|1776055414
|move|p1a: Maushold|Population Bomb|p2a: Ogerpon
|-damage|p2a: Ogerpon|85/100
|-damage|p2a: Ogerpon|70/100
|-damage|p2a: Ogerpon|56/100
|-damage|p2a: Ogerpon|42/100
|-damage|p2a: Ogerpon|29/100
|-damage|p2a: Ogerpon|14/100
|-damage|p2a: Ogerpon|0 fnt
|faint|p2a: Ogerpon
|-hitcount|p2: Ogerpon|7
|
|upkeep
|inactive|batsanj has 120 seconds left.
|
|t:|1776055447
|switch|p2a: Conkeldurr|Conkeldurr, F|100/100 brn
|turn|7
|
|t:|1776055456
|-terastallize|p1a: Maushold|Ghost
|move|p1a: Maushold|Population Bomb|p2a: Conkeldurr
|-damage|p2a: Conkeldurr|91/100 brn
|-damage|p2a: Conkeldurr|81/100 brn
|-damage|p2a: Conkeldurr|72/100 brn
|-damage|p2a: Conkeldurr|62/100 brn
|-damage|p2a: Conkeldurr|53/100 brn
|-damage|p2a: Conkeldurr|43/100 brn
|-damage|p2a: Conkeldurr|34/100 brn
|-damage|p2a: Conkeldurr|24/100 brn
|-damage|p2a: Conkeldurr|14/100 brn
|-damage|p2a: Conkeldurr|5/100 brn
|-hitcount|p2a: Conkeldurr|10
|move|p2a: Conkeldurr|Knock Off|p1a: Maushold
|-supereffective|p1a: Maushold
|-damage|p1a: Maushold|0 fnt
|-enditem|p1a: Maushold|Wide Lens|[from] move: Knock Off|[of] p2a: Conkeldurr
|faint|p1a: Maushold
|
|-damage|p2a: Conkeldurr|0 fnt|[from] brn
|faint|p2a: Conkeldurr
|upkeep
|inactive|batsanj has 120 seconds left.
|
|t:|1776055485
|switch|p1a: Grimmsnarl|Grimmsnarl, M|100/100
|switch|p2a: Skeledirge|Skeledirge, M|100/100
|turn|8
|inactive|batsanj has 120 seconds left.
|
|t:|1776055499
|move|p1a: Grimmsnarl|Light Screen|p1a: Grimmsnarl
|-sidestart|p1: goodgoodcush|move: Light Screen
|move|p2a: Skeledirge|Torch Song|p1a: Grimmsnarl
|-damage|p1a: Grimmsnarl|87/100
|-boost|p2a: Skeledirge|spa|1
|
|upkeep
|turn|9
|
|t:|1776055502
|move|p1a: Grimmsnarl|Parting Shot|p2a: Skeledirge
|-unboost|p2a: Skeledirge|atk|1
|-unboost|p2a: Skeledirge|spa|1
|
|t:|1776055504
|switch|p1a: Latias|Latias, F|100/100|[from] Parting Shot
|move|p2a: Skeledirge|Torch Song|p1a: Latias
|-resisted|p1a: Latias
|-damage|p1a: Latias|94/100
|-boost|p2a: Skeledirge|spa|1
|
|upkeep
|turn|10
|
|t:|1776055511
|move|p1a: Latias|Agility|p1a: Latias
|-boost|p1a: Latias|spe|2
|move|p2a: Skeledirge|Shadow Ball|p1a: Latias
|-supereffective|p1a: Latias
|-damage|p1a: Latias|51/100
|-unboost|p1a: Latias|spd|1
|-enditem|p1a: Latias|Weakness Policy
|-boost|p1a: Latias|atk|2|[from] item: Weakness Policy
|-boost|p1a: Latias|spa|2|[from] item: Weakness Policy
|
|upkeep
|turn|11
|l|☆batsanj
|inactive|batsanj disconnected and has a minute to reconnect!
|player|p2|
|j|☆batsanj
|inactive|batsanj reconnected and has 135 seconds left.
|player|p2|batsanj|red|
|
|t:|1776055535
|move|p1a: Latias|Calm Mind|p1a: Latias
|-boost|p1a: Latias|spa|1
|-boost|p1a: Latias|spd|1
|move|p2a: Skeledirge|Torch Song|p1a: Latias
|-resisted|p1a: Latias
|-damage|p1a: Latias|41/100
|-boost|p2a: Skeledirge|spa|1
|
|upkeep
|turn|12
|
|t:|1776055542
|move|p1a: Latias|Stored Power|p2a: Skeledirge
|-damage|p2a: Skeledirge|46/100
|move|p2a: Skeledirge|Shadow Ball|p1a: Latias
|-supereffective|p1a: Latias
|-damage|p1a: Latias|0 fnt
|faint|p1a: Latias
|
|upkeep
|
|t:|1776055558
|switch|p1a: Dragonite|Dragonite, M|100/100
|turn|13
|
|t:|1776055567
|move|p1a: Dragonite|Earthquake|p2a: Skeledirge
|-supereffective|p2a: Skeledirge
|-damage|p2a: Skeledirge|0 fnt
|faint|p2a: Skeledirge
|
|upkeep
|l|☆batsanj
|inactive|batsanj disconnected and has a minute to reconnect!
|player|p2|
|j|☆batsanj
|inactive|batsanj reconnected and has 140 seconds left.
|player|p2|batsanj|red|
|
|t:|1776055583
|switch|p2a: Dragonite|Dragonite, F|100/100
|turn|14
|
|t:|1776055597
|move|p1a: Dragonite|Tera Blast|p2a: Dragonite
|-damage|p2a: Dragonite|92/100
|move|p2a: Dragonite|Ice Spinner|p1a: Dragonite
|-supereffective|p1a: Dragonite
|-damage|p1a: Dragonite|34/100
|
|upkeep
|turn|15
|
|t:|1776055607
|move|p2a: Dragonite|Extreme Speed|p1a: Dragonite
|-damage|p1a: Dragonite|2/100
|move|p1a: Dragonite|Tera Blast|p2a: Dragonite
|-damage|p2a: Dragonite|74/100
|
|-sideend|p1: goodgoodcush|move: Light Screen
|upkeep
|turn|16
|
|t:|1776055612
|move|p2a: Dragonite|Extreme Speed|p1a: Dragonite
|-damage|p1a: Dragonite|0 fnt
|faint|p1a: Dragonite
|
|upkeep
|
|t:|1776055614
|switch|p1a: Grimmsnarl|Grimmsnarl, M|87/100
|turn|17
|
|t:|1776055627
|move|p2a: Dragonite|Extreme Speed|p1a: Grimmsnarl
|-damage|p1a: Grimmsnarl|49/100
|move|p1a: Grimmsnarl|Reflect|p1a: Grimmsnarl
|-sidestart|p1: goodgoodcush|Reflect
|
|upkeep
|turn|18
|
|t:|1776055641
|move|p2a: Dragonite|Extreme Speed|p1a: Grimmsnarl
|-damage|p1a: Grimmsnarl|33/100
|move|p1a: Grimmsnarl|Light Screen|p1a: Grimmsnarl
|-sidestart|p1: goodgoodcush|move: Light Screen
|
|upkeep
|turn|19
|
|t:|1776055646
|move|p1a: Grimmsnarl|Parting Shot|p2a: Dragonite
|-unboost|p2a: Dragonite|atk|1
|-unboost|p2a: Dragonite|spa|1
|
|t:|1776055648
|switch|p1a: Kingambit|Kingambit, F|100/100|[from] Parting Shot
|-activate|p1a: Kingambit|ability: Supreme Overlord
|-start|p1a: Kingambit|fallen4|[silent]
|move|p2a: Dragonite|Dragon Dance|p2a: Dragonite
|-boost|p2a: Dragonite|atk|1
|-boost|p2a: Dragonite|spe|1
|
|upkeep
|turn|20
|
|t:|1776055652
|move|p2a: Dragonite|Earthquake|p1a: Kingambit
|-supereffective|p1a: Kingambit
|-damage|p1a: Kingambit|74/100
|move|p1a: Kingambit|Kowtow Cleave|p2a: Dragonite
|-damage|p2a: Dragonite|0 fnt
|faint|p2a: Dragonite
|
|upkeep
|
|t:|1776055655
|switch|p2a: Great Tusk|Great Tusk|100/100
|-enditem|p2a: Great Tusk|Booster Energy
|-activate|p2a: Great Tusk|ability: Protosynthesis|[fromitem]
|-start|p2a: Great Tusk|protosynthesisatk
|turn|21
|
|t:|1776055663
|move|p2a: Great Tusk|Close Combat|p1a: Kingambit
|-supereffective|p1a: Kingambit
|-damage|p1a: Kingambit|0 fnt
|-unboost|p2a: Great Tusk|def|1
|-unboost|p2a: Great Tusk|spd|1
|faint|p1a: Kingambit
|-end|p1a: Kingambit|fallen4|[silent]
|
|upkeep
|-message|goodgoodcush forfeited.
|
|win|batsanj
|raw|goodgoodcush's rating: 1421 &rarr; <strong>1401</strong><br />(-20 for losing)
|raw|batsanj's rating: 1426 &rarr; <strong>1446</strong><br />(+20 for winning)
|l|☆goodgoodcush
|player|p1|
|l|☆batsanj
|player|p2|
