|html|<div class="broadcast-blue"><strong>[Gen 9] OU is currently suspecting Tera Blast! For information on how to participate check out the <a href="https://www.smogon.com/tools/suspects/view/200">suspect thread</a>.</strong></div>
|j|☆kimarthie
|j|☆elgeyum
|t:|1776065567
|gametype|singles
|player|p1|kimarthie|101|1190
|player|p2|elgeyum|wattson|1224
|gen|9
|tier|[Gen 9] OU
|rated|
|rule|HP Percentage Mod: HP is shown in percentages
|rule|Endless Battle Clause: Forcing endless battles is banned
|rule|Species Clause: Limit one of each Pokémon
|rule|OHKO Clause: OHKO moves are banned
|rule|Evasion Items Clause: Evasion items are banned
|rule|Evasion Moves Clause: Evasion moves are banned
|rule|Evasion Abilities Clause: Evasion abilities are banned
|rule|Sleep Moves Clause: Sleep-inducing moves are banned
|clearpoke
|poke|p1|Ditto|
|poke|p1|Meowscarada, F|
|poke|p1|Kyurem|
|poke|p1|Walking Wake|
|poke|p1|Alomomola, F|
|poke|p1|Zamazenta-*|
|poke|p2|Venusaur, F|
|poke|p2|Ninetales, F|
|poke|p2|Arcanine, F|
|poke|p2|Magneton|
|poke|p2|Clefable, M|
|poke|p2|Mew|
|teampreview
|inactive|Battle timer is ON: inactive players will automatically lose when time's up. (requested by elgeyum)
|inactive|kimarthie also wants the timer to be on.
|
|t:|1776065586
|teamsize|p1|6
|teamsize|p2|6
|start
|switch|p1a: Walking Wake|Walking Wake|100/100
|switch|p2a: Magneton|Magneton|100/100
|-enditem|p1a: Walking Wake|Booster Energy
|-activate|p1a: Walking Wake|ability: Protosynthesis|[fromitem]
|-start|p1a: Walking Wake|protosynthesisspa
|turn|1
|
|t:|1776065596
|move|p1a: Walking Wake|Flamethrower|p2a: Magneton
|-supereffective|p2a: Magneton
|-damage|p2a: Magneton|40/100
|move|p2a: Magneton|Thunder Wave|p1a: Walking Wake
|-status|p1a: Walking Wake|par
|
|upkeep
|turn|2
|
|t:|1776065602
|move|p2a: Magneton|Light Screen|p2a: Magneton
|-sidestart|p2: elgeyum|move: Light Screen
|move|p1a: Walking Wake|Substitute|p1a: Walking Wake
|-start|p1a: Walking Wake|Substitute
|-damage|p1a: Walking Wake|76/100 par
|
|upkeep
|turn|3
|
|t:|1776065607
|move|p2a: Magneton|Tri Attack|p1a: Walking Wake
|-end|p1a: Walking Wake|Substitute
|move|p1a: Walking Wake|Surf|p2a: Magneton
|-damage|p2a: Magneton|18/100
|
|upkeep
|turn|4
|
|t:|1776065618
|-end|p1a: Walking Wake|Protosynthesis|[silent]
|switch|p1a: Kyurem|Kyurem|100/100
|-ability|p1a: Kyurem|Pressure
|move|p2a: Magneton|Reflect|p2a: Magneton
|-sidestart|p2: elgeyum|Reflect
|
|upkeep
|turn|5
|
|t:|1776065623
|move|p1a: Kyurem|Protect|p1a: Kyurem
|-singleturn|p1a: Kyurem|Protect
|move|p2a: Magneton|Thunder Wave|p1a: Kyurem
|-activate|p1a: Kyurem|move: Protect
|
|upkeep
|turn|6
|
|t:|1776065633
|move|p1a: Kyurem|Shadow Ball|p2a: Magneton
|-damage|p2a: Magneton|8/100
|-unboost|p2a: Magneton|spd|1
|move|p2a: Magneton|Tri Attack|p1a: Kyurem
|-damage|p1a: Kyurem|78/100
|
|-heal|p1a: Kyurem|84/100|[from] item: Leftovers
|-sideend|p2: elgeyum|move: Light Screen
|upkeep
|turn|7
|
|t:|1776065642
|move|p1a: Kyurem|Shadow Ball|p2a: Magneton
|-damage|p2a: Magneton|0 fnt
|faint|p2a: Magneton
|
|-heal|p1a: Kyurem|90/100|[from] item: Leftovers
|upkeep
|
|t:|1776065648
|switch|p2a: Ninetales|Ninetales, F|100/100
|-weather|SunnyDay|[from] ability: Drought|[of] p2a: Ninetales
|turn|8
|
|t:|1776065666
|switch|p1a: Alomomola|Alomomola, F|100/100
|move|p2a: Ninetales|Will-O-Wisp|p1a: Alomomola
|-status|p1a: Alomomola|brn
|
|-weather|SunnyDay|[upkeep]
|-damage|p1a: Alomomola|94/100 brn|[from] brn
|-sideend|p2: elgeyum|Reflect
|upkeep
|turn|9
|
|t:|1776065673
|switch|p2a: Venusaur|Venusaur, F|100/100
|move|p1a: Alomomola|Flip Turn|p2a: Venusaur
|-resisted|p2a: Venusaur
|-damage|p2a: Venusaur|97/100
|
|t:|1776065682
|switch|p1a: Meowscarada|Meowscarada, F, shiny|100/100|[from] Flip Turn
|
|-weather|SunnyDay|[upkeep]
|upkeep
|turn|10
|
|t:|1776065691
|move|p2a: Venusaur|Weather Ball|p1a: Meowscarada
|-supereffective|p1a: Meowscarada
|-enditem|p1a: Meowscarada|Focus Sash
|-damage|p1a: Meowscarada|1/100
|move|p1a: Meowscarada|U-turn|p2a: Venusaur
|-start|p1a: Meowscarada|typechange|Bug|[from] ability: Protean
|-damage|p2a: Venusaur|59/100
|
|t:|1776065701
|switch|p1a: Ditto|Ditto, shiny|100/100|[from] U-turn
|-transform|p1a: Ditto|p2a: Venusaur|[from] ability: Imposter
|
|-weather|SunnyDay|[upkeep]
|upkeep
|turn|11
|
|t:|1776065711
|-terastallize|p2a: Venusaur|Fire
|move|p1a: Ditto|Weather Ball|p2a: Venusaur
|-resisted|p2a: Venusaur
|-damage|p2a: Venusaur|39/100
|move|p2a: Venusaur|Weather Ball|p1a: Ditto
|-supereffective|p1a: Ditto
|-damage|p1a: Ditto|0 fnt
|faint|p1a: Ditto
|
|-weather|SunnyDay|[upkeep]
|upkeep
|-message|kimarthie forfeited.
|
|win|elgeyum
|raw|kimarthie's rating: 1190 &rarr; <strong>1167</strong><br />(-23 for losing)
|raw|elgeyum's rating: 1224 &rarr; <strong>1247</strong><br />(+23 for winning)
|l|☆kimarthie
|player|p1|
|l|☆elgeyum
|player|p2|
