|html|<div class="broadcast-blue"><strong>[Gen 9] OU is currently suspecting Tera Blast! For information on how to participate check out the <a href="https://www.smogon.com/tools/suspects/view/200">suspect thread</a>.</strong></div>
|j|☆BAzz Barge
|j|☆plshelpme37
|t:|1776042764
|gametype|singles
|player|p1|BAzz Barge|benga|1284
|player|p2|plshelpme37|harlequin|1337
|gen|9
|tier|[Gen 9] OU
|rated|
|rule|HP Percentage Mod: HP is shown in percentages
|rule|Endless Battle Clause: Forcing endless battles is banned
|rule|Species Clause: Limit one of each Pokémon
|rule|OHKO Clause: OHKO moves are banned
|rule|Evasion Items Clause: Evasion items are banned
|rule|Evasion Moves Clause: Evasion moves are banned
|rule|Evasion Abilities Clause: Evasion abilities are banned
|rule|Sleep Moves Clause: Sleep-inducing moves are banned
|clearpoke
|poke|p1|Tyranitar, M|
|poke|p1|Excadrill, M|
|poke|p1|Dragapult, F|
|poke|p1|Ogerpon-Wellspring, F|
|poke|p1|Great Tusk|
|poke|p1|Iron Moth|
|poke|p2|Hatterene, F|
|poke|p2|Garchomp, M|
|poke|p2|Talonflame, M|
|poke|p2|Tyranitar, M|
|poke|p2|Zamazenta-*|
|poke|p2|Slowking-Galar, F|
|teampreview
|j| ohko_smeargle
|inactive|Battle timer is ON: inactive players will automatically lose when time's up. (requested by plshelpme37)
|
|t:|1776042784
|teamsize|p1|6
|teamsize|p2|6
|start
|switch|p1a: Great Tusk|Great Tusk|100/100
|switch|p2a: Johnathan|Talonflame, M|100/100
|turn|1
|
|t:|1776042795
|move|p2a: Johnathan|Will-O-Wisp|p1a: Great Tusk
|-status|p1a: Great Tusk|brn
|move|p1a: Great Tusk|Stealth Rock|p2a: Johnathan
|-sidestart|p2: plshelpme37|move: Stealth Rock
|
|-damage|p1a: Great Tusk|94/100 brn|[from] brn
|upkeep
|turn|2
|
|t:|1776042803
|-end|p1a: Great Tusk|Protosynthesis|[silent]
|switch|p1a: Tyranitar|Tyranitar, M|100/100
|-weather|Sandstorm|[from] ability: Sand Stream|[of] p1a: Tyranitar
|move|p2a: Johnathan|Defog|p1a: Tyranitar
|-unboost|p1a: Tyranitar|evasion|1
|-sideend|p2: plshelpme37|Stealth Rock|[from] move: Defog|[of] p2a: Johnathan
|
|-weather|Sandstorm|[upkeep]
|-damage|p2a: Johnathan|94/100|[from] Sandstorm
|upkeep
|turn|3
|
|t:|1776042816
|move|p2a: Johnathan|U-turn|p1a: Tyranitar
|-supereffective|p1a: Tyranitar
|-damage|p1a: Tyranitar|79/100
|
|t:|1776042820
|switch|p2a: Garchomp|Garchomp, M|100/100|[from] U-turn
|move|p1a: Tyranitar|Stone Edge|p2a: Garchomp|[miss]
|-miss|p1a: Tyranitar|p2a: Garchomp
|
|-weather|Sandstorm|[upkeep]
|upkeep
|turn|4
|
|t:|1776042833
|switch|p1a: Excadrill|Excadrill, M|100/100
|-item|p1a: Excadrill|Air Balloon
|move|p2a: Garchomp|Spikes|p1a: Excadrill
|-sidestart|p1: BAzz Barge|Spikes
|
|-weather|Sandstorm|[upkeep]
|upkeep
|turn|5
|
|t:|1776042843
|move|p1a: Excadrill|Swords Dance|p1a: Excadrill
|-boost|p1a: Excadrill|atk|2
|move|p2a: Garchomp|Fire Blast|p1a: Excadrill
|-supereffective|p1a: Excadrill
|-damage|p1a: Excadrill|4/100
|-enditem|p1a: Excadrill|Air Balloon
|-damage|p2a: Garchomp|91/100|[from] item: Life Orb
|
|-weather|Sandstorm|[upkeep]
|upkeep
|turn|6
|
|t:|1776042855
|switch|p2a: Johnathan|Talonflame, M|94/100
|move|p1a: Excadrill|Earthquake|p2a: Johnathan
|-immune|p2a: Johnathan
|
|-weather|none
|upkeep
|turn|7
|
|t:|1776042871
|switch|p1a: Iron Moth|Iron Moth|100/100
|-damage|p1a: Iron Moth|88/100|[from] Spikes
|-enditem|p1a: Iron Moth|Booster Energy
|-activate|p1a: Iron Moth|ability: Quark Drive|[fromitem]
|-start|p1a: Iron Moth|quarkdrivespe
|move|p2a: Johnathan|U-turn|p1a: Iron Moth
|-resisted|p1a: Iron Moth
|-damage|p1a: Iron Moth|84/100
|
|t:|1776042881
|switch|p2a: Joab|Tyranitar, M|100/100|[from] U-turn
|-weather|Sandstorm|[from] ability: Sand Stream|[of] p2a: Joab
|
|-weather|Sandstorm|[upkeep]
|-damage|p1a: Iron Moth|78/100|[from] Sandstorm
|upkeep
|turn|8
|
|t:|1776042888
|move|p1a: Iron Moth|Dazzling Gleam|p2a: Joab
|-supereffective|p2a: Joab
|-crit|p2a: Joab
|-damage|p2a: Joab|54/100
|move|p2a: Joab|Knock Off|p1a: Iron Moth
|-damage|p1a: Iron Moth|24/100
|
|-weather|Sandstorm|[upkeep]
|-damage|p1a: Iron Moth|18/100|[from] Sandstorm
|-heal|p2a: Joab|60/100|[from] item: Leftovers
|upkeep
|turn|9
|
|t:|1776042908
|move|p1a: Iron Moth|Dazzling Gleam|p2a: Joab
|-supereffective|p2a: Joab
|-damage|p2a: Joab|30/100
|move|p2a: Joab|Knock Off|p1a: Iron Moth
|-damage|p1a: Iron Moth|0 fnt
|faint|p1a: Iron Moth
|-end|p1a: Iron Moth|Quark Drive|[silent]
|
|-weather|Sandstorm|[upkeep]
|-heal|p2a: Joab|36/100|[from] item: Leftovers
|upkeep
|
|t:|1776042917
|switch|p1a: Great Tusk|Great Tusk|94/100 brn
|-damage|p1a: Great Tusk|82/100 brn|[from] Spikes
|turn|10
|
|t:|1776042926
|move|p1a: Great Tusk|Rapid Spin|p2a: Joab
|-resisted|p2a: Joab
|-crit|p2a: Joab
|-damage|p2a: Joab|32/100
|-boost|p1a: Great Tusk|spe|1
|-sideend|p1: BAzz Barge|Spikes|[from] move: Rapid Spin|[of] p1a: Great Tusk
|move|p2a: Joab|Ice Beam|p1a: Great Tusk
|-supereffective|p1a: Great Tusk
|-damage|p1a: Great Tusk|26/100 brn
|
|-weather|Sandstorm|[upkeep]
|-heal|p2a: Joab|38/100|[from] item: Leftovers
|-damage|p1a: Great Tusk|19/100 brn|[from] brn
|upkeep
|turn|11
|
|t:|1776042938
|switch|p2a: Johnathan|Talonflame, M|94/100
|move|p1a: Great Tusk|Stealth Rock|p2a: Johnathan
|-sidestart|p2: plshelpme37|move: Stealth Rock
|
|-weather|none
|-damage|p1a: Great Tusk|13/100 brn|[from] brn
|upkeep
|turn|12
|
|t:|1776042950
|-end|p1a: Great Tusk|Protosynthesis|[silent]
|switch|p1a: Tyranitar|Tyranitar, M|79/100
|-weather|Sandstorm|[from] ability: Sand Stream|[of] p1a: Tyranitar
|move|p2a: Johnathan|Defog|p1a: Tyranitar
|-unboost|p1a: Tyranitar|evasion|1
|-sideend|p2: plshelpme37|Stealth Rock|[from] move: Defog|[of] p2a: Johnathan
|
|-weather|Sandstorm|[upkeep]
|-damage|p2a: Johnathan|88/100|[from] Sandstorm
|upkeep
|turn|13
|
|t:|1776042962
|move|p2a: Johnathan|U-turn|p1a: Tyranitar
|-supereffective|p1a: Tyranitar
|-damage|p1a: Tyranitar|56/100
|
|t:|1776042966
|switch|p2a: Garchomp|Garchomp, M|91/100|[from] U-turn
|move|p1a: Tyranitar|Ice Punch|p2a: Garchomp
|-supereffective|p2a: Garchomp
|-damage|p2a: Garchomp|0 fnt
|-damage|p1a: Tyranitar|44/100|[from] ability: Rough Skin|[of] p2a: Garchomp
|faint|p2a: Garchomp
|
|-weather|Sandstorm|[upkeep]
|upkeep
|c|☆BAzz Barge|bien vu
|
|t:|1776042984
|switch|p2a: Johnathan|Talonflame, M|88/100
|turn|14
|
|t:|1776042992
|switch|p1a: Great Tusk|Great Tusk|13/100 brn
|move|p2a: Johnathan|U-turn|p1a: Great Tusk
|-resisted|p1a: Great Tusk
|-damage|p1a: Great Tusk|9/100 brn
|-damage|p2a: Johnathan|72/100|[from] item: Rocky Helmet|[of] p1a: Great Tusk
|
|t:|1776043001
|switch|p2a: Mary|Hatterene, F|100/100|[from] U-turn
|
|-weather|Sandstorm|[upkeep]
|-damage|p2a: Mary|94/100|[from] Sandstorm
|-heal|p2a: Mary|100/100|[from] item: Leftovers
|-damage|p1a: Great Tusk|3/100 brn|[from] brn
|upkeep
|turn|15
|
|t:|1776043015
|move|p1a: Great Tusk|Headlong Rush|p2a: Mary
|-damage|p2a: Mary|76/100
|-unboost|p1a: Great Tusk|def|1
|-unboost|p1a: Great Tusk|spd|1
|move|p2a: Mary|Agility|p2a: Mary
|-boost|p2a: Mary|spe|2
|
|-weather|Sandstorm|[upkeep]
|-damage|p2a: Mary|70/100|[from] Sandstorm
|-heal|p2a: Mary|76/100|[from] item: Leftovers
|-damage|p1a: Great Tusk|0 fnt|[from] brn
|faint|p1a: Great Tusk
|-end|p1a: Great Tusk|Protosynthesis|[silent]
|upkeep
|
|t:|1776043030
|switch|p1a: Excadrill|Excadrill, M|4/100
|turn|16
|
|t:|1776043038
|switch|p2a: Johnathan|Talonflame, M|72/100
|move|p1a: Excadrill|Earthquake|p2a: Johnathan
|-immune|p2a: Johnathan
|
|-weather|none
|upkeep
|turn|17
|
|t:|1776043046
|switch|p1a: Tyranitar|Tyranitar, M|44/100
|-weather|Sandstorm|[from] ability: Sand Stream|[of] p1a: Tyranitar
|move|p2a: Johnathan|U-turn|p1a: Tyranitar
|-supereffective|p1a: Tyranitar
|-damage|p1a: Tyranitar|22/100
|
|t:|1776043057
|switch|p2a: Joab|Tyranitar, M|38/100|[from] U-turn
|
|-weather|Sandstorm|[upkeep]
|-heal|p2a: Joab|44/100|[from] item: Leftovers
|upkeep
|turn|18
|
|t:|1776043063
|move|p1a: Tyranitar|Low Kick|p2a: Joab
|-supereffective|p2a: Joab
|-damage|p2a: Joab|0 fnt
|faint|p2a: Joab
|
|-weather|Sandstorm|[upkeep]
|upkeep
|
|t:|1776043070
|switch|p2a: Mary|Hatterene, F|76/100
|turn|19
|
|t:|1776043080
|switch|p1a: Ogerpon|Ogerpon-Wellspring, F|100/100
|move|p2a: Mary|Draining Kiss|p1a: Ogerpon
|-damage|p1a: Ogerpon|74/100
|-heal|p2a: Mary|99/100|[from] drain|[of] p1a: Ogerpon
|
|-weather|Sandstorm|[upkeep]
|-damage|p1a: Ogerpon|68/100|[from] Sandstorm
|-damage|p2a: Mary|93/100|[from] Sandstorm
|-heal|p2a: Mary|99/100|[from] item: Leftovers
|upkeep
|turn|20
|
|t:|1776043099
|switch|p2a: Johnathan|Talonflame, M|72/100
|move|p1a: Ogerpon|Ivy Cudgel|p2a: Johnathan|[anim] Ivy Cudgel Water
|-supereffective|p2a: Johnathan
|-damage|p2a: Johnathan|0 fnt
|faint|p2a: Johnathan
|
|-weather|Sandstorm|[upkeep]
|-damage|p1a: Ogerpon|62/100|[from] Sandstorm
|upkeep
|
|t:|1776043104
|switch|p2a: David|Zamazenta|100/100
|-ability|p2a: David|Dauntless Shield|boost
|-boost|p2a: David|def|1
|turn|21
|
|t:|1776043125
|move|p2a: David|Psychic Fangs|p1a: Ogerpon
|-damage|p1a: Ogerpon|27/100
|move|p1a: Ogerpon|Ivy Cudgel|p2a: David|[anim] Ivy Cudgel Water
|-damage|p2a: David|64/100
|
|-weather|none
|-heal|p2a: David|70/100|[from] item: Leftovers
|upkeep
|turn|22
|
|t:|1776043137
|move|p2a: David|Howl|p2a: David
|-boost|p2a: David|atk|1
|move|p1a: Ogerpon|Knock Off|p2a: David
|-resisted|p2a: David
|-damage|p2a: David|58/100
|-enditem|p2a: David|Leftovers|[from] move: Knock Off|[of] p1a: Ogerpon
|
|upkeep
|turn|23
|
|t:|1776043143
|move|p2a: David|Psychic Fangs|p1a: Ogerpon
|-damage|p1a: Ogerpon|0 fnt
|faint|p1a: Ogerpon
|
|upkeep
|
|t:|1776043150
|switch|p1a: Dragapult|Dragapult, F|100/100
|turn|24
|
|t:|1776043162
|switch|p2a: Slowking|Slowking-Galar, F|100/100
|move|p1a: Dragapult|U-turn|p2a: Slowking
|-damage|p2a: Slowking|84/100
|
|t:|1776043174
|switch|p1a: Excadrill|Excadrill, M|4/100|[from] U-turn
|
|upkeep
|turn|25
|
|t:|1776043180
|switch|p2a: David|Zamazenta|58/100
|move|p1a: Excadrill|Earthquake|p2a: David
|-damage|p2a: David|7/100
|
|upkeep
|turn|26
|
|t:|1776043189
|switch|p1a: Dragapult|Dragapult, F|100/100
|move|p2a: David|Psychic Fangs|p1a: Dragapult
|-damage|p1a: Dragapult|64/100
|
|upkeep
|turn|27
|
|t:|1776043203
|move|p1a: Dragapult|Shadow Ball|p2a: David
|-damage|p2a: David|0 fnt
|faint|p2a: David
|
|upkeep
|
|t:|1776043208
|switch|p2a: Slowking|Slowking-Galar, F|100/100
|turn|28
|
|t:|1776043222
|-terastallize|p1a: Dragapult|Ghost
|move|p1a: Dragapult|Shadow Ball|p2a: Slowking
|-supereffective|p2a: Slowking
|-damage|p2a: Slowking|28/100
|move|p2a: Slowking|Ice Beam|p1a: Dragapult
|-damage|p1a: Dragapult|19/100
|-status|p1a: Dragapult|frz
|
|upkeep
|turn|29
|
|t:|1776043232
|-curestatus|p1a: Dragapult|frz|[msg]
|move|p1a: Dragapult|Shadow Ball|p2a: Slowking
|-supereffective|p2a: Slowking
|-damage|p2a: Slowking|0 fnt
|faint|p2a: Slowking
|
|upkeep
|
|t:|1776043234
|switch|p2a: Mary|Hatterene, F|99/100
|turn|30
|c|☆BAzz Barge|thx lord
|
|t:|1776043243
|-terastallize|p2a: Mary|Steel
|move|p1a: Dragapult|Shadow Ball|p2a: Mary
|-damage|p2a: Mary|4/100
|move|p2a: Mary|Calm Mind|p2a: Mary
|-boost|p2a: Mary|spa|1
|-boost|p2a: Mary|spd|1
|
|-heal|p2a: Mary|11/100|[from] item: Leftovers
|upkeep
|turn|31
|-message|plshelpme37 forfeited.
|
|win|BAzz Barge
|raw|BAzz Barge's rating: 1284 &rarr; <strong>1313</strong><br />(+29 for winning)
|raw|plshelpme37's rating: 1337 &rarr; <strong>1314</strong><br />(-23 for losing)
|l|☆plshelpme37
|player|p2|
|l| ohko_smeargle
