|html|<div class="broadcast-blue"><strong>[Gen 9] OU is currently suspecting Tera Blast! For information on how to participate check out the <a href="https://www.smogon.com/tools/suspects/view/200">suspect thread</a>.</strong></div>
|j|☆vzn.exe
|j|☆BlueEmperor
|t:|1776080071
|gametype|singles
|player|p1|vzn.exe|lusamine-nihilego|1417
|player|p2|BlueEmperor|1|1345
|gen|9
|tier|[Gen 9] OU
|rated|
|rule|HP Percentage Mod: HP is shown in percentages
|rule|Endless Battle Clause: Forcing endless battles is banned
|rule|Species Clause: Limit one of each Pokémon
|rule|OHKO Clause: OHKO moves are banned
|rule|Evasion Items Clause: Evasion items are banned
|rule|Evasion Moves Clause: Evasion moves are banned
|rule|Evasion Abilities Clause: Evasion abilities are banned
|rule|Sleep Moves Clause: Sleep-inducing moves are banned
|clearpoke
|poke|p1|Hydrapple, M|
|poke|p1|Tyranitar, F|
|poke|p1|Moltres|
|poke|p1|Zamazenta-*|
|poke|p1|Slowking-Galar, M|
|poke|p1|Excadrill, F|
|poke|p2|Dragapult, F|
|poke|p2|Alomomola, F|
|poke|p2|Ting-Lu|
|poke|p2|Kyurem|
|poke|p2|Weezing-Galar, F|
|poke|p2|Corviknight, F|
|teampreview
|inactive|Battle timer is ON: inactive players will automatically lose when time's up. (requested by BlueEmperor)
|inactive|vzn.exe also wants the timer to be on.
|
|t:|1776080094
|teamsize|p1|6
|teamsize|p2|6
|start
|switch|p1a: Zamazenta|Zamazenta|100/100
|switch|p2a: Weezing|Weezing-Galar, F|100/100
|-ability|p2a: Weezing|Neutralizing Gas
|turn|1
|
|t:|1776080111
|switch|p1a: Slowking|Slowking-Galar, M|100/100
|move|p2a: Weezing|Will-O-Wisp|p1a: Slowking
|-status|p1a: Slowking|brn
|
|-damage|p1a: Slowking|94/100 brn|[from] brn
|upkeep
|turn|2
|
|t:|1776080129
|switch|p1a: Zamazenta|Zamazenta|100/100
|move|p2a: Weezing|Protect||[still]
|-fail|p2a: Weezing
|
|upkeep
|turn|3
|
|t:|1776080148
|switch|p1a: Slowking|Slowking-Galar, M|94/100 brn
|move|p2a: Weezing|Will-O-Wisp|p1a: Slowking
|-fail|p1a: Slowking|brn
|
|-damage|p1a: Slowking|88/100 brn|[from] brn
|upkeep
|turn|4
|inactive|vzn.exe has 120 seconds left.
|
|t:|1776080169
|move|p2a: Weezing|Will-O-Wisp|p1a: Slowking
|-fail|p1a: Slowking|brn
|move|p1a: Slowking|Ice Beam|p2a: Weezing
|-damage|p2a: Weezing|69/100
|
|-heal|p2a: Weezing|75/100|[from] item: Leftovers
|-damage|p1a: Slowking|82/100 brn|[from] brn
|upkeep
|turn|5
|inactive|vzn.exe has 120 seconds left.
|inactive|BlueEmperor has 120 seconds left.
|
|t:|1776080196
|move|p2a: Weezing|Protect|p2a: Weezing
|-singleturn|p2a: Weezing|Protect
|move|p1a: Slowking|Ice Beam|p2a: Weezing
|-activate|p2a: Weezing|move: Protect
|
|-heal|p2a: Weezing|81/100|[from] item: Leftovers
|-damage|p1a: Slowking|76/100 brn|[from] brn
|upkeep
|turn|6
|inactive|vzn.exe has 120 seconds left.
|inactive|BlueEmperor has 120 seconds left.
|
|t:|1776080217
|-end|p2a: Weezing|ability: Neutralizing Gas
|switch|p2a: Fogbound Lake|Alomomola, F|100/100
|move|p1a: Slowking|Sludge Bomb|p2a: Fogbound Lake
|-damage|p2a: Fogbound Lake|58/100
|
|-damage|p1a: Slowking|70/100 brn|[from] brn
|upkeep
|turn|7
|
|t:|1776080235
|switch|p1a: Hydrapple|Hydrapple, M|100/100
|move|p2a: Fogbound Lake|Wish|p2a: Fogbound Lake
|
|upkeep
|turn|8
|inactive|BlueEmperor has 120 seconds left.
|
|t:|1776080253
|switch|p2a: Moody Blues|Dragapult, F|100/100
|move|p1a: Hydrapple|Fickle Beam|p2a: Moody Blues
|-supereffective|p2a: Moody Blues
|-damage|p2a: Moody Blues|2/100
|
|-heal|p2a: Moody Blues|86/100|[from] move: Wish|[wisher] Fogbound Lake
|upkeep
|turn|9
|inactive|BlueEmperor has 120 seconds left.
|
|t:|1776080270
|switch|p1a: Tyranitar|Tyranitar, F|100/100
|-weather|Sandstorm|[from] ability: Sand Stream|[of] p1a: Tyranitar
|move|p2a: Moody Blues|Dragon Darts|p1a: Tyranitar
|-damage|p1a: Tyranitar|71/100
|-anim|p2a: Moody Blues|Dragon Darts|p1a: Tyranitar
|-damage|p1a: Tyranitar|40/100
|
|-weather|Sandstorm|[upkeep]
|-damage|p2a: Moody Blues|80/100|[from] Sandstorm
|upkeep
|turn|10
|inactive|BlueEmperor has 120 seconds left.
|inactive|vzn.exe has 90 seconds left.
|
|t:|1776080289
|switch|p1a: Zamazenta|Zamazenta|100/100
|-ability|p1a: Zamazenta|Dauntless Shield|boost
|-boost|p1a: Zamazenta|def|1
|move|p2a: Moody Blues|Dragon Darts|p1a: Zamazenta
|-damage|p1a: Zamazenta|81/100
|-anim|p2a: Moody Blues|Dragon Darts|p1a: Zamazenta
|-damage|p1a: Zamazenta|60/100
|
|-weather|Sandstorm|[upkeep]
|-damage|p2a: Moody Blues|74/100|[from] Sandstorm
|-damage|p1a: Zamazenta|54/100|[from] Sandstorm
|-heal|p1a: Zamazenta|60/100|[from] item: Leftovers
|upkeep
|turn|11
|inactive|vzn.exe has 90 seconds left.
|inactive|BlueEmperor has 120 seconds left.
|
|t:|1776080306
|switch|p2a: Weezing|Weezing-Galar, F|81/100
|-ability|p2a: Weezing|Neutralizing Gas
|move|p1a: Zamazenta|Crunch|p2a: Weezing
|-resisted|p2a: Weezing
|-damage|p2a: Weezing|72/100
|
|-weather|Sandstorm|[upkeep]
|-damage|p1a: Zamazenta|54/100|[from] Sandstorm
|-damage|p2a: Weezing|66/100|[from] Sandstorm
|-heal|p1a: Zamazenta|60/100|[from] item: Leftovers
|-heal|p2a: Weezing|72/100|[from] item: Leftovers
|upkeep
|turn|12
|inactive|vzn.exe has 90 seconds left.
|inactive|BlueEmperor has 120 seconds left.
|
|t:|1776080324
|switch|p1a: Slowking|Slowking-Galar, M|100/100 brn
|move|p2a: Weezing|Will-O-Wisp|p1a: Slowking
|-fail|p1a: Slowking|brn
|
|-weather|Sandstorm|[upkeep]
|-damage|p2a: Weezing|66/100|[from] Sandstorm
|-damage|p1a: Slowking|94/100 brn|[from] Sandstorm
|-heal|p2a: Weezing|72/100|[from] item: Leftovers
|-damage|p1a: Slowking|88/100 brn|[from] brn
|upkeep
|turn|13
|
|t:|1776080347
|-end|p2a: Weezing|ability: Neutralizing Gas
|switch|p2a: Corviknight|Corviknight, F|100/100
|-ability|p2a: Corviknight|Pressure
|move|p1a: Slowking|Sludge Bomb|p2a: Corviknight
|-immune|p2a: Corviknight
|
|-weather|Sandstorm|[upkeep]
|-damage|p1a: Slowking|82/100 brn|[from] Sandstorm
|-damage|p1a: Slowking|76/100 brn|[from] brn
|upkeep
|turn|14
|
|t:|1776080379
|switch|p1a: Moltres|Moltres|100/100
|move|p2a: Corviknight|U-turn|p1a: Moltres
|-resisted|p1a: Moltres
|-crit|p1a: Moltres
|-damage|p1a: Moltres|97/100
|
|t:|1776080388
|switch|p2a: Fogbound Lake|Alomomola, F|92/100|[from] U-turn
|
|-weather|Sandstorm|[upkeep]
|-damage|p1a: Moltres|91/100|[from] Sandstorm
|-damage|p2a: Fogbound Lake|85/100|[from] Sandstorm
|upkeep
|turn|15
|
|t:|1776080405
|move|p2a: Fogbound Lake|Tickle|p1a: Moltres
|-unboost|p1a: Moltres|atk|1
|-unboost|p1a: Moltres|def|1
|move|p1a: Moltres|Roar|p2a: Fogbound Lake
|drag|p2a: Ting-Lu|Ting-Lu|100/100
|-ability|p2a: Ting-Lu|Vessel of Ruin
|
|-weather|Sandstorm|[upkeep]
|-damage|p1a: Moltres|85/100|[from] Sandstorm
|upkeep
|turn|16
|
|t:|1776080422
|move|p1a: Moltres|U-turn|p2a: Ting-Lu
|-supereffective|p2a: Ting-Lu
|-damage|p2a: Ting-Lu|90/100
|inactive|vzn.exe has 60 seconds left.
|
|t:|1776080440
|switch|p1a: Zamazenta|Zamazenta|60/100|[from] U-turn
|move|p2a: Ting-Lu|Stealth Rock|p1a: Zamazenta
|-sidestart|p1: vzn.exe|move: Stealth Rock
|
|-weather|none
|-heal|p1a: Zamazenta|67/100|[from] item: Leftovers
|-heal|p2a: Ting-Lu|96/100|[from] item: Leftovers
|upkeep
|turn|17
|inactive|vzn.exe has 60 seconds left.
|
|t:|1776080457
|switch|p2a: Weezing|Weezing-Galar, F|72/100
|-ability|p2a: Weezing|Neutralizing Gas
|move|p1a: Zamazenta|Body Press|p2a: Weezing
|-resisted|p2a: Weezing
|-damage|p2a: Weezing|64/100
|
|-heal|p1a: Zamazenta|73/100|[from] item: Leftovers
|-heal|p2a: Weezing|70/100|[from] item: Leftovers
|upkeep
|turn|18
|
|t:|1776080475
|switch|p1a: Slowking|Slowking-Galar, M|100/100 brn
|-damage|p1a: Slowking|88/100 brn|[from] Stealth Rock
|move|p2a: Weezing|Toxic||[still]
|-fail|p2a: Weezing
|
|-heal|p2a: Weezing|76/100|[from] item: Leftovers
|-damage|p1a: Slowking|82/100 brn|[from] brn
|upkeep
|turn|19
|
|t:|1776080484
|move|p2a: Weezing|Protect|p2a: Weezing
|-singleturn|p2a: Weezing|Protect
|move|p1a: Slowking|Sludge Bomb|p2a: Weezing
|-activate|p2a: Weezing|move: Protect
|
|-heal|p2a: Weezing|82/100|[from] item: Leftovers
|-damage|p1a: Slowking|76/100 brn|[from] brn
|upkeep
|turn|20
|
|t:|1776080493
|-end|p2a: Weezing|ability: Neutralizing Gas
|switch|p2a: Corviknight|Corviknight, F|100/100
|-ability|p2a: Corviknight|Pressure
|move|p1a: Slowking|Sludge Bomb|p2a: Corviknight
|-immune|p2a: Corviknight
|
|-damage|p1a: Slowking|70/100 brn|[from] brn
|upkeep
|turn|21
|inactive|vzn.exe has 60 seconds left.
|inactive|BlueEmperor has 120 seconds left.
|
|t:|1776080511
|switch|p2a: Ting-Lu|Ting-Lu|96/100
|-ability|p2a: Ting-Lu|Vessel of Ruin
|switch|p1a: Moltres|Moltres|85/100
|
|-heal|p2a: Ting-Lu|100/100|[from] item: Leftovers
|upkeep
|turn|22
|inactive|vzn.exe has 60 seconds left.
|
|t:|1776080528
|move|p1a: Moltres|U-turn|p2a: Ting-Lu
|-supereffective|p2a: Ting-Lu
|-damage|p2a: Ting-Lu|83/100
|
|t:|1776080546
|switch|p1a: Hydrapple|Hydrapple, M|100/100|[from] U-turn
|move|p2a: Ting-Lu|Ruination|p1a: Hydrapple
|-damage|p1a: Hydrapple|51/100
|
|-heal|p2a: Ting-Lu|90/100|[from] item: Leftovers
|upkeep
|turn|23
|inactive|BlueEmperor has 120 seconds left.
|
|t:|1776080574
|switch|p2a: Corviknight|Corviknight, F|100/100
|-ability|p2a: Corviknight|Pressure
|move|p1a: Hydrapple|Fickle Beam|p2a: Corviknight
|-resisted|p2a: Corviknight
|-damage|p2a: Corviknight|89/100
|
|-heal|p2a: Corviknight|95/100|[from] item: Leftovers
|upkeep
|turn|24
|inactive|BlueEmperor has 120 seconds left.
|
|t:|1776080594
|switch|p1a: Zamazenta|Zamazenta|73/100
|-damage|p1a: Zamazenta|67/100|[from] Stealth Rock
|move|p2a: Corviknight|Brave Bird|p1a: Zamazenta
|-supereffective|p1a: Zamazenta
|-damage|p1a: Zamazenta|11/100
|-damage|p2a: Corviknight|81/100|[from] Recoil
|
|-heal|p1a: Zamazenta|17/100|[from] item: Leftovers
|-heal|p2a: Corviknight|87/100|[from] item: Leftovers
|upkeep
|turn|25
|inactive|vzn.exe has 60 seconds left.
|
|t:|1776080605
|switch|p1a: Moltres|Moltres|85/100
|move|p2a: Corviknight|Brave Bird|p1a: Moltres
|-damage|p1a: Moltres|61/100
|-status|p2a: Corviknight|brn|[from] ability: Flame Body|[of] p1a: Moltres
|-damage|p2a: Corviknight|79/100 brn|[from] Recoil
|
|-heal|p2a: Corviknight|86/100 brn|[from] item: Leftovers
|-damage|p2a: Corviknight|79/100 brn|[from] brn
|upkeep
|turn|26
|inactive|vzn.exe has 60 seconds left.
|
|t:|1776080625
|switch|p2a: Fogbound Lake|Alomomola, F|100/100
|move|p1a: Moltres|Roost|p1a: Moltres
|-heal|p1a: Moltres|100/100
|-singleturn|p1a: Moltres|move: Roost
|
|upkeep
|turn|27
|
|t:|1776080642
|move|p2a: Fogbound Lake|Flip Turn|p1a: Moltres
|-supereffective|p1a: Moltres
|-damage|p1a: Moltres|75/100
|
|t:|1776080648
|switch|p2a: Corviknight|Corviknight, F|79/100 brn|[from] Flip Turn
|-ability|p2a: Corviknight|Pressure
|move|p1a: Moltres|Roar|p2a: Corviknight
|drag|p2a: Fogbound Lake|Alomomola, F|100/100
|
|upkeep
|turn|28
|inactive|BlueEmperor has 120 seconds left.
|
|t:|1776080657
|move|p1a: Moltres|Roost|p1a: Moltres
|-heal|p1a: Moltres|100/100
|-singleturn|p1a: Moltres|move: Roost
|move|p2a: Fogbound Lake|Flip Turn|p1a: Moltres
|-supereffective|p1a: Moltres
|-damage|p1a: Moltres|76/100
|-status|p2a: Fogbound Lake|brn|[from] ability: Flame Body|[of] p1a: Moltres
|inactive|BlueEmperor has 120 seconds left.
|
|t:|1776080666
|switch|p2a: Weezing|Weezing-Galar, F|82/100|[from] Flip Turn
|-ability|p2a: Weezing|Neutralizing Gas
|
|-heal|p2a: Weezing|88/100|[from] item: Leftovers
|upkeep
|turn|29
|
|t:|1776080675
|-end|p2a: Weezing|ability: Neutralizing Gas
|switch|p2a: Ting-Lu|Ting-Lu|90/100
|-ability|p2a: Ting-Lu|Vessel of Ruin
|move|p1a: Moltres|Flamethrower|p2a: Ting-Lu
|-damage|p2a: Ting-Lu|75/100
|
|-heal|p2a: Ting-Lu|81/100|[from] item: Leftovers
|upkeep
|turn|30
|inactive|vzn.exe has 60 seconds left.
|
|t:|1776080692
|move|p1a: Moltres|U-turn|p2a: Ting-Lu
|-supereffective|p2a: Ting-Lu
|-damage|p2a: Ting-Lu|66/100
|inactive|vzn.exe has 60 seconds left.
|
|t:|1776080710
|switch|p1a: Hydrapple|Hydrapple, M|84/100|[from] U-turn
|move|p2a: Ting-Lu|Ruination|p1a: Hydrapple
|-damage|p1a: Hydrapple|42/100
|
|-heal|p2a: Ting-Lu|72/100|[from] item: Leftovers
|upkeep
|turn|31
|
|t:|1776080727
|switch|p2a: Corviknight|Corviknight, F|79/100 brn
|-ability|p2a: Corviknight|Pressure
|move|p1a: Hydrapple|Fickle Beam|p2a: Corviknight
|-resisted|p2a: Corviknight
|-damage|p2a: Corviknight|67/100 brn
|
|-heal|p2a: Corviknight|73/100 brn|[from] item: Leftovers
|-damage|p2a: Corviknight|67/100 brn|[from] brn
|upkeep
|turn|32
|
|t:|1776080736
|move|p1a: Hydrapple|Fickle Beam|p2a: Corviknight|[anim] Fickle Beam All Out
|-activate|p1a: Hydrapple|move: Fickle Beam
|-resisted|p2a: Corviknight
|-damage|p2a: Corviknight|43/100 brn
|move|p2a: Corviknight|U-turn|p1a: Hydrapple
|-supereffective|p1a: Hydrapple
|-damage|p1a: Hydrapple|33/100
|
|t:|1776080750
|switch|p2a: Tiffany BlueStones|Kyurem, shiny|100/100|[from] U-turn
|-ability|p2a: Tiffany BlueStones|Pressure
|
|upkeep
|turn|33
|inactive|vzn.exe has 60 seconds left.
|
|t:|1776080759
|switch|p1a: Tyranitar|Tyranitar, F|40/100
|-damage|p1a: Tyranitar|28/100|[from] Stealth Rock
|-weather|Sandstorm|[from] ability: Sand Stream|[of] p1a: Tyranitar
|move|p2a: Tiffany BlueStones|Substitute|p2a: Tiffany BlueStones
|-start|p2a: Tiffany BlueStones|Substitute
|-damage|p2a: Tiffany BlueStones|76/100
|
|-weather|Sandstorm|[upkeep]
|-damage|p2a: Tiffany BlueStones|70/100|[from] Sandstorm
|-heal|p2a: Tiffany BlueStones|76/100|[from] item: Leftovers
|upkeep
|turn|34
|inactive|vzn.exe has 60 seconds left.
|
|t:|1776080776
|move|p2a: Tiffany BlueStones|Earth Power|p1a: Tyranitar
|-supereffective|p1a: Tyranitar
|-damage|p1a: Tyranitar|1/100
|move|p1a: Tyranitar|Knock Off|p2a: Tiffany BlueStones
|-end|p2a: Tiffany BlueStones|Substitute
|
|-weather|Sandstorm|[upkeep]
|-damage|p2a: Tiffany BlueStones|70/100|[from] Sandstorm
|-heal|p2a: Tiffany BlueStones|76/100|[from] item: Leftovers
|upkeep
|turn|35
|inactive|vzn.exe has 60 seconds left.
|
|t:|1776080794
|move|p2a: Tiffany BlueStones|Freeze-Dry|p1a: Tyranitar
|-crit|p1a: Tyranitar
|-damage|p1a: Tyranitar|0 fnt
|faint|p1a: Tyranitar
|
|-weather|Sandstorm|[upkeep]
|-damage|p2a: Tiffany BlueStones|70/100|[from] Sandstorm
|-heal|p2a: Tiffany BlueStones|76/100|[from] item: Leftovers
|upkeep
|
|t:|1776080803
|switch|p1a: Excadrill|Excadrill, F|100/100
|-damage|p1a: Excadrill|97/100|[from] Stealth Rock
|-item|p1a: Excadrill|Air Balloon
|turn|36
|
|t:|1776080824
|switch|p2a: Fogbound Lake|Alomomola, F|100/100 brn
|move|p1a: Excadrill|Swords Dance|p1a: Excadrill
|-boost|p1a: Excadrill|atk|2
|
|-weather|Sandstorm|[upkeep]
|-damage|p2a: Fogbound Lake|94/100 brn|[from] Sandstorm
|-damage|p2a: Fogbound Lake|88/100 brn|[from] brn
|upkeep
|turn|37
|inactive|vzn.exe has 60 seconds left.
|
|t:|1776080833
|move|p1a: Excadrill|Swords Dance|p1a: Excadrill
|-boost|p1a: Excadrill|atk|2
|move|p2a: Fogbound Lake|Flip Turn|p1a: Excadrill
|-supereffective|p1a: Excadrill
|-damage|p1a: Excadrill|74/100
|-enditem|p1a: Excadrill|Air Balloon
|inactive|BlueEmperor has 120 seconds left.
|
|t:|1776080861
|switch|p2a: Weezing|Weezing-Galar, F|88/100|[from] Flip Turn
|-ability|p2a: Weezing|Neutralizing Gas
|
|-weather|Sandstorm|[upkeep]
|-damage|p2a: Weezing|82/100|[from] Sandstorm
|-heal|p2a: Weezing|88/100|[from] item: Leftovers
|upkeep
|turn|38
|inactive|BlueEmperor has 120 seconds left.
|
|t:|1776080870
|move|p2a: Weezing|Protect|p2a: Weezing
|-singleturn|p2a: Weezing|Protect
|move|p1a: Excadrill|Iron Head|p2a: Weezing
|-activate|p2a: Weezing|move: Protect
|
|-weather|Sandstorm|[upkeep]
|-damage|p2a: Weezing|82/100|[from] Sandstorm
|-heal|p2a: Weezing|88/100|[from] item: Leftovers
|upkeep
|turn|39
|inactive|BlueEmperor has 120 seconds left.
|
|t:|1776080880
|-end|p2a: Weezing|ability: Neutralizing Gas
|switch|p2a: Corviknight|Corviknight, F|43/100 brn
|-ability|p2a: Corviknight|Pressure
|move|p1a: Excadrill|Rapid Spin|p2a: Corviknight
|-resisted|p2a: Corviknight
|-damage|p2a: Corviknight|23/100 brn
|-boost|p1a: Excadrill|spe|1
|-sideend|p1: vzn.exe|Stealth Rock|[from] move: Rapid Spin|[of] p1a: Excadrill
|
|-weather|Sandstorm|[upkeep]
|-heal|p2a: Corviknight|29/100 brn|[from] item: Leftovers
|-damage|p2a: Corviknight|23/100 brn|[from] brn
|upkeep
|turn|40
|inactive|BlueEmperor has 120 seconds left.
|
|t:|1776080898
|move|p1a: Excadrill|Iron Head|p2a: Corviknight
|-resisted|p2a: Corviknight
|-damage|p2a: Corviknight|0 fnt
|faint|p2a: Corviknight
|
|-weather|none
|upkeep
|inactive|BlueEmperor has 90 seconds left.
|
|t:|1776080952
|switch|p2a: Ting-Lu|Ting-Lu|72/100
|-ability|p2a: Ting-Lu|Vessel of Ruin
|turn|41
|
|t:|1776080969
|move|p1a: Excadrill|Earthquake|p2a: Ting-Lu
|-damage|p2a: Ting-Lu|0 fnt
|faint|p2a: Ting-Lu
|
|upkeep
|inactive|BlueEmperor has 60 seconds left.
|
|t:|1776080993
|switch|p2a: Fogbound Lake|Alomomola, F|100/100 brn
|turn|42
|inactive|BlueEmperor has 60 seconds left.
|
|t:|1776081005
|move|p1a: Excadrill|Earthquake|p2a: Fogbound Lake
|-damage|p2a: Fogbound Lake|10/100 brn
|move|p2a: Fogbound Lake|Tickle|p1a: Excadrill
|-unboost|p1a: Excadrill|atk|1
|-unboost|p1a: Excadrill|def|1
|
|-damage|p2a: Fogbound Lake|4/100 brn|[from] brn
|upkeep
|turn|43
|inactive|BlueEmperor has 60 seconds left.
|
|t:|1776081019
|move|p1a: Excadrill|Earthquake|p2a: Fogbound Lake
|-damage|p2a: Fogbound Lake|0 fnt
|faint|p2a: Fogbound Lake
|
|upkeep
|
|t:|1776081028
|switch|p2a: Tiffany BlueStones|Kyurem, shiny|76/100
|-ability|p2a: Tiffany BlueStones|Pressure
|turn|44
|
|t:|1776081036
|-terastallize|p2a: Tiffany BlueStones|Steel
|move|p1a: Excadrill|Earthquake|p2a: Tiffany BlueStones
|-supereffective|p2a: Tiffany BlueStones
|-damage|p2a: Tiffany BlueStones|0 fnt
|faint|p2a: Tiffany BlueStones
|
|upkeep
|
|t:|1776081040
|switch|p2a: Moody Blues|Dragapult, F|74/100
|turn|45
|
|t:|1776081055
|move|p1a: Excadrill|Iron Head|p2a: Moody Blues
|-crit|p2a: Moody Blues
|-damage|p2a: Moody Blues|0 fnt
|faint|p2a: Moody Blues
|
|upkeep
|
|t:|1776081058
|switch|p2a: Weezing|Weezing-Galar, F|88/100
|-ability|p2a: Weezing|Neutralizing Gas
|turn|46
|
|t:|1776081062
|move|p1a: Excadrill|Iron Head|p2a: Weezing
|-supereffective|p2a: Weezing
|-damage|p2a: Weezing|0 fnt
|faint|p2a: Weezing
|-end|p2a: Weezing|ability: Neutralizing Gas
|
|win|vzn.exe
|raw|vzn.exe's rating: 1417 &rarr; <strong>1433</strong><br />(+16 for winning)
|raw|BlueEmperor's rating: 1345 &rarr; <strong>1329</strong><br />(-16 for losing)
