|html|<div class="broadcast-blue"><strong>[Gen 9] OU is currently suspecting Tera Blast! For information on how to participate check out the <a href="https://www.smogon.com/tools/suspects/view/200">suspect thread</a>.</strong></div>
|j|☆phreshoatmeal
|j|☆labububunny
|t:|1776110989
|gametype|singles
|player|p1|phreshoatmeal|266|1509
|player|p2|labububunny|pokefanf-gen4|1424
|gen|9
|tier|[Gen 9] OU
|rated|
|rule|HP Percentage Mod: HP is shown in percentages
|rule|Endless Battle Clause: Forcing endless battles is banned
|rule|Species Clause: Limit one of each Pokémon
|rule|OHKO Clause: OHKO moves are banned
|rule|Evasion Items Clause: Evasion items are banned
|rule|Evasion Moves Clause: Evasion moves are banned
|rule|Evasion Abilities Clause: Evasion abilities are banned
|rule|Sleep Moves Clause: Sleep-inducing moves are banned
|clearpoke
|poke|p1|Donphan, L1, F|
|poke|p1|Hawlucha, M|
|poke|p1|Vileplume, M|
|poke|p1|Kingambit, F|
|poke|p1|Hatterene, F|
|poke|p1|Dragapult, F|
|poke|p2|Slowking-Galar, M|
|poke|p2|Tornadus-Therian, M|
|poke|p2|Cinderace, F|
|poke|p2|Lokix, F|
|poke|p2|Hydrapple, M|
|poke|p2|Great Tusk|
|teampreview
|inactive|Battle timer is ON: inactive players will automatically lose when time's up. (requested by labububunny)
|inactive|phreshoatmeal has 120 seconds left.
|inactive|labububunny has 120 seconds left.
|inactive|labububunny has 90 seconds left.
|
|t:|1776111053
|teamsize|p1|6
|teamsize|p2|6
|start
|switch|p1a: Donphan|Donphan, L1, F|100/100
|switch|p2a: Slowking|Slowking-Galar, M|100/100
|turn|1
|
|t:|1776111063
|move|p2a: Slowking|Toxic|p1a: Donphan
|-status|p1a: Donphan|tox
|move|p1a: Donphan|Endeavor|p2a: Slowking
|-damage|p2a: Slowking|4/100
|
|-damage|p1a: Donphan|92/100 tox|[from] psn
|upkeep
|turn|2
|
|t:|1776111071
|switch|p2a: Tornadus|Tornadus-Therian, M|100/100
|switch|p1a: Kingambit|Kingambit, F|100/100
|
|upkeep
|turn|3
|
|t:|1776111081
|move|p2a: Tornadus|U-turn|p1a: Kingambit
|-damage|p1a: Kingambit|90/100
|
|t:|1776111083
|switch|p2a: Great Tusk|Great Tusk|100/100|[from] U-turn
|move|p1a: Kingambit|Kowtow Cleave|p2a: Great Tusk
|-resisted|p2a: Great Tusk
|-damage|p2a: Great Tusk|83/100
|-damage|p1a: Kingambit|73/100|[from] item: Rocky Helmet|[of] p2a: Great Tusk
|
|upkeep
|turn|4
|
|t:|1776111089
|-end|p1a: Kingambit|fallenundefined|[silent]
|switch|p1a: Hatterene|Hatterene, F|100/100
|move|p2a: Great Tusk|Stealth Rock|p1a: Hatterene
|move|p1a: Hatterene|Stealth Rock|p2a: Great Tusk|[from] ability: Magic Bounce
|-sidestart|p2: labububunny|move: Stealth Rock
|
|upkeep
|turn|5
|
|t:|1776111099
|-end|p2a: Great Tusk|Protosynthesis|[silent]
|switch|p2a: Tornadus|Tornadus-Therian, M|100/100
|-damage|p2a: Tornadus|76/100|[from] Stealth Rock
|move|p1a: Hatterene|Psychic Noise|p2a: Tornadus
|-damage|p2a: Tornadus|57/100
|-start|p2a: Tornadus|move: Heal Block
|
|upkeep
|turn|6
|
|t:|1776111114
|move|p2a: Tornadus|Knock Off|p1a: Hatterene
|-damage|p1a: Hatterene|83/100
|-enditem|p1a: Hatterene|Leftovers|[from] move: Knock Off|[of] p2a: Tornadus
|move|p1a: Hatterene|Draining Kiss|p2a: Tornadus
|-damage|p2a: Tornadus|44/100
|-heal|p1a: Hatterene|94/100|[from] drain|[of] p2a: Tornadus
|
|-end|p2a: Tornadus|move: Heal Block
|upkeep
|turn|7
|
|t:|1776111121
|move|p2a: Tornadus|U-turn|p1a: Hatterene
|-damage|p1a: Hatterene|81/100
|
|t:|1776111124
|switch|p2a: Slowking|Slowking-Galar, M|37/100|[from] U-turn
|-damage|p2a: Slowking|24/100|[from] Stealth Rock
|move|p1a: Hatterene|Psychic Noise|p2a: Slowking
|-damage|p2a: Slowking|0 fnt
|faint|p2a: Slowking
|
|upkeep
|
|t:|1776111128
|switch|p2a: Cinderace|Cinderace, F|100/100
|turn|8
|
|t:|1776111132
|switch|p1a: Hawlucha|Hawlucha, M|100/100
|-ability|p1a: Hawlucha|Mold Breaker
|move|p2a: Cinderace|Court Change|p2a: Cinderace
|-start|p2a: Cinderace|typechange|Normal|[from] ability: Libero
|-swapsideconditions
|-activate|p2a: Cinderace|move: Court Change
|
|upkeep
|turn|9
|
|t:|1776111148
|switch|p2a: Tornadus|Tornadus-Therian, M|77/100
|move|p1a: Hawlucha|Defog|p2a: Tornadus
|-unboost|p2a: Tornadus|evasion|1
|-sideend|p1: phreshoatmeal|Stealth Rock|[from] move: Defog|[of] p1a: Hawlucha
|
|upkeep
|turn|10
|
|t:|1776111154
|switch|p1a: Kingambit|Kingambit, F|73/100
|move|p2a: Tornadus|Bleakwind Storm|p1a: Kingambit
|-resisted|p1a: Kingambit
|-damage|p1a: Kingambit|61/100
|
|upkeep
|turn|11
|
|t:|1776111158
|-end|p1a: Kingambit|fallenundefined|[silent]
|switch|p1a: Vileplume|Vileplume, M|100/100
|move|p2a: Tornadus|Heat Wave|p1a: Vileplume
|-supereffective|p1a: Vileplume
|-damage|p1a: Vileplume|52/100
|
|upkeep
|turn|12
|
|t:|1776111165
|move|p2a: Tornadus|Bleakwind Storm|p1a: Vileplume
|-supereffective|p1a: Vileplume
|-damage|p1a: Vileplume|0 fnt
|faint|p1a: Vileplume
|
|upkeep
|
|t:|1776111168
|switch|p1a: Dragapult|Dragapult, F|100/100
|turn|13
|
|t:|1776111179
|move|p1a: Dragapult|Dragon Darts|p2a: Tornadus
|-damage|p2a: Tornadus|37/100
|-anim|p1a: Dragapult|Dragon Darts|p2a: Tornadus
|-damage|p2a: Tornadus|0 fnt
|faint|p2a: Tornadus
|
|upkeep
|
|t:|1776111183
|switch|p2a: Lokix|Lokix, F|100/100
|turn|14
|
|t:|1776111187
|switch|p1a: Hawlucha|Hawlucha, M|100/100
|-ability|p1a: Hawlucha|Mold Breaker
|-terastallize|p2a: Lokix|Bug
|move|p2a: Lokix|First Impression|p1a: Hawlucha
|-resisted|p1a: Hawlucha
|-damage|p1a: Hawlucha|58/100
|-damage|p2a: Lokix|84/100|[from] item: Rocky Helmet|[of] p1a: Hawlucha
|
|upkeep
|turn|15
|
|t:|1776111202
|switch|p2a: Great Tusk|Great Tusk|83/100
|move|p1a: Hawlucha|Roost|p1a: Hawlucha
|-heal|p1a: Hawlucha|100/100
|-singleturn|p1a: Hawlucha|move: Roost
|
|upkeep
|turn|16
|
|t:|1776111209
|move|p1a: Hawlucha|Flying Press|p2a: Great Tusk
|-supereffective|p2a: Great Tusk
|-damage|p2a: Great Tusk|41/100
|-damage|p1a: Hawlucha|84/100|[from] item: Rocky Helmet|[of] p2a: Great Tusk
|move|p2a: Great Tusk|Headlong Rush|p1a: Hawlucha
|-immune|p1a: Hawlucha
|
|upkeep
|turn|17
|
|t:|1776111217
|-end|p2a: Great Tusk|Protosynthesis|[silent]
|switch|p2a: Cinderace|Cinderace, F|100/100
|move|p1a: Hawlucha|Flying Press|p2a: Cinderace
|-damage|p2a: Cinderace|62/100
|
|upkeep
|turn|18
|
|t:|1776111223
|switch|p1a: Dragapult|Dragapult, F|100/100
|move|p2a: Cinderace|Will-O-Wisp|p1a: Dragapult
|-status|p1a: Dragapult|brn
|
|-damage|p1a: Dragapult|95/100 brn|[from] brn
|upkeep
|turn|19
|
|t:|1776111232
|move|p1a: Dragapult|Dragon Darts|p2a: Cinderace
|-damage|p2a: Cinderace|40/100
|-anim|p1a: Dragapult|Dragon Darts|p2a: Cinderace
|-damage|p2a: Cinderace|19/100
|move|p2a: Cinderace|U-turn|p1a: Dragapult
|-start|p2a: Cinderace|typechange|Bug|[from] ability: Libero
|-resisted|p1a: Dragapult
|-damage|p1a: Dragapult|76/100 brn
|
|t:|1776111239
|switch|p2a: Lokix|Lokix, F, tera:Bug|84/100|[from] U-turn
|
|-damage|p1a: Dragapult|70/100 brn|[from] brn
|upkeep
|turn|20
|
|t:|1776111244
|switch|p1a: Hawlucha|Hawlucha, M|84/100
|-ability|p1a: Hawlucha|Mold Breaker
|move|p2a: Lokix|Knock Off|p1a: Hawlucha
|-resisted|p1a: Hawlucha
|-damage|p1a: Hawlucha|15/100
|-damage|p2a: Lokix|67/100|[from] item: Rocky Helmet|[of] p1a: Hawlucha
|-enditem|p1a: Hawlucha|Rocky Helmet|[from] move: Knock Off|[of] p2a: Lokix
|
|upkeep
|turn|21
|
|t:|1776111253
|switch|p2a: Great Tusk|Great Tusk|41/100
|move|p1a: Hawlucha|Roost|p1a: Hawlucha
|-heal|p1a: Hawlucha|65/100
|-singleturn|p1a: Hawlucha|move: Roost
|
|upkeep
|turn|22
|
|t:|1776111256
|move|p1a: Hawlucha|Roost|p1a: Hawlucha
|-heal|p1a: Hawlucha|100/100
|-singleturn|p1a: Hawlucha|move: Roost
|move|p2a: Great Tusk|Ice Spinner|p1a: Hawlucha
|-damage|p1a: Hawlucha|78/100
|
|upkeep
|turn|23
|
|t:|1776111265
|move|p1a: Hawlucha|Flying Press|p2a: Great Tusk
|-supereffective|p2a: Great Tusk
|-damage|p2a: Great Tusk|0 fnt
|-damage|p1a: Hawlucha|62/100|[from] item: Rocky Helmet|[of] p2a: Great Tusk
|faint|p2a: Great Tusk
|-end|p2a: Great Tusk|Protosynthesis|[silent]
|
|upkeep
|
|t:|1776111272
|switch|p2a: Hydrapple|Hydrapple, M|100/100
|turn|24
|
|t:|1776111281
|switch|p1a: Hatterene|Hatterene, F|81/100
|move|p2a: Hydrapple|Fickle Beam|p1a: Hatterene
|-immune|p1a: Hatterene
|
|upkeep
|turn|25
|-message|labububunny forfeited.
|
|win|phreshoatmeal
|raw|phreshoatmeal's rating: 1509 &rarr; <strong>1524</strong><br />(+15 for winning)
|raw|labububunny's rating: 1424 &rarr; <strong>1409</strong><br />(-15 for losing)
|l|☆labububunny
|player|p2|
|l|☆phreshoatmeal
|player|p1|
