|html|<div class="broadcast-blue"><strong>[Gen 9] OU is currently suspecting Volcarona! For information on how to participate check out the <a href="https://www.smogon.com/tools/suspects/view/208">suspect thread</a>.</strong></div>
|j|☆erjuanzas
|j|☆Tagada3333
|t:|1778516458
|gametype|singles
|player|p1|erjuanzas|linebacker|1410
|player|p2|Tagada3333|265|1398
|gen|9
|tier|[Gen 9] OU
|rated|
|rule|HP Percentage Mod: HP is shown in percentages
|rule|Endless Battle Clause: Forcing endless battles is banned
|rule|Species Clause: Limit one of each Pokémon
|rule|OHKO Clause: OHKO moves are banned
|rule|Evasion Items Clause: Evasion items are banned
|rule|Evasion Moves Clause: Evasion moves are banned
|rule|Evasion Abilities Clause: Evasion abilities are banned
|rule|Sleep Moves Clause: Sleep-inducing moves are banned
|clearpoke
|poke|p1|Kingambit, F|
|poke|p1|Cinderace, F|
|poke|p1|Landorus-Therian, M|
|poke|p1|Iron Valiant|
|poke|p1|Kyurem|
|poke|p1|Slowking-Galar, M|
|poke|p2|Porygon2|
|poke|p2|Hatterene, F|
|poke|p2|Ursaluna, F|
|poke|p2|Kingambit, F|
|poke|p2|Primarina, M|
|poke|p2|Hoopa-Unbound|
|teampreview
|
|t:|1778516470
|teamsize|p1|6
|teamsize|p2|6
|start
|switch|p1a: Kyurem|Kyurem, shiny|100/100
|switch|p2a: Hatterene|Hatterene, F, shiny|100/100
|-ability|p1a: Kyurem|Pressure
|turn|1
|inactive|Battle timer is ON: inactive players will automatically lose when time's up. (requested by erjuanzas)
|
|t:|1778516482
|move|p1a: Kyurem|Substitute|p1a: Kyurem
|-start|p1a: Kyurem|Substitute
|-damage|p1a: Kyurem|76/100
|move|p2a: Hatterene|Trick Room|p2a: Hatterene
|-fieldstart|move: Trick Room|[of] p2a: Hatterene
|
|-heal|p1a: Kyurem|82/100|[from] item: Leftovers
|upkeep
|turn|2
|
|t:|1778516497
|move|p2a: Hatterene|Dazzling Gleam|p1a: Kyurem
|-supereffective|p1a: Kyurem
|-end|p1a: Kyurem|Substitute
|move|p1a: Kyurem|Freeze-Dry|p2a: Hatterene
|-damage|p2a: Hatterene|62/100
|
|-heal|p1a: Kyurem|88/100|[from] item: Leftovers
|upkeep
|turn|3
|
|t:|1778516506
|move|p1a: Kyurem|Protect|p1a: Kyurem
|-singleturn|p1a: Kyurem|Protect
|move|p2a: Hatterene|Dazzling Gleam|p1a: Kyurem
|-activate|p1a: Kyurem|move: Protect
|
|-heal|p1a: Kyurem|94/100|[from] item: Leftovers
|upkeep
|turn|4
|
|t:|1778516515
|switch|p1a: Slowking|Slowking-Galar, M, shiny|100/100
|move|p2a: Hatterene|Dazzling Gleam|p1a: Slowking
|-resisted|p1a: Slowking
|-damage|p1a: Slowking|87/100
|
|upkeep
|turn|5
|
|t:|1778516538
|switch|p2a: Kingambit|Kingambit, F|100/100
|-prepare|p1a: Slowking|Chilly Reception|[premajor]
|move|p1a: Slowking|Chilly Reception|p1a: Slowking
|-weather|Snowscape
|
|t:|1778516549
|switch|p1a: Landorus|Landorus-Therian, M, shiny|100/100|[from] Chilly Reception
|-ability|p1a: Landorus|Intimidate|boost
|-unboost|p2a: Kingambit|atk|1
|
|-weather|Snowscape|[upkeep]
|-fieldend|move: Trick Room
|upkeep
|turn|6
|
|t:|1778516571
|-end|p2a: Kingambit|fallenundefined|[silent]
|switch|p2a: Porygon2|Porygon2|100/100
|-ability|p2a: Porygon2|Download|boost
|-boost|p2a: Porygon2|spa|1
|move|p1a: Landorus|Earthquake|p2a: Porygon2
|-damage|p2a: Porygon2|75/100
|
|-weather|Snowscape|[upkeep]
|upkeep
|turn|7
|
|t:|1778516581
|move|p1a: Landorus|U-turn|p2a: Porygon2
|-damage|p2a: Porygon2|64/100
|
|t:|1778516585
|switch|p1a: Slowking|Slowking-Galar, M, shiny|100/100|[from] U-turn
|move|p2a: Porygon2|Ice Beam|p1a: Slowking
|-damage|p1a: Slowking|82/100
|
|-weather|Snowscape|[upkeep]
|upkeep
|turn|8
|
|t:|1778516598
|move|p1a: Slowking|Thunder Wave|p2a: Porygon2
|-status|p2a: Porygon2|par
|cant|p2a: Porygon2|par
|
|-weather|Snowscape|[upkeep]
|upkeep
|turn|9
|
|t:|1778516605
|move|p1a: Slowking|Psychic Noise|p2a: Porygon2
|-damage|p2a: Porygon2|48/100 par
|-start|p2a: Porygon2|move: Heal Block
|move|p2a: Porygon2|Trick Room|p2a: Porygon2
|-fieldstart|move: Trick Room|[of] p2a: Porygon2
|
|-weather|none
|upkeep
|turn|10
|
|t:|1778516616
|switch|p2a: Kingambit|Kingambit, F|100/100
|move|p1a: Slowking|Psychic Noise|p2a: Kingambit
|-immune|p2a: Kingambit
|
|upkeep
|turn|11
|
|t:|1778516628
|switch|p1a: Landorus|Landorus-Therian, M, shiny|100/100
|-ability|p1a: Landorus|Intimidate|boost
|-unboost|p2a: Kingambit|atk|1
|move|p2a: Kingambit|Swords Dance|p2a: Kingambit
|-boost|p2a: Kingambit|atk|2
|
|upkeep
|turn|12
|
|t:|1778516640
|-terastallize|p2a: Kingambit|Flying
|move|p2a: Kingambit|Iron Head|p1a: Landorus
|-damage|p1a: Landorus|38/100
|-damage|p2a: Kingambit|84/100|[from] item: Rocky Helmet|[of] p1a: Landorus
|move|p1a: Landorus|Earthquake|p2a: Kingambit
|-immune|p2a: Kingambit
|
|upkeep
|turn|13
|
|t:|1778516651
|move|p2a: Kingambit|Iron Head|p1a: Landorus
|-damage|p1a: Landorus|0 fnt
|-damage|p2a: Kingambit|67/100|[from] item: Rocky Helmet|[of] p1a: Landorus
|faint|p1a: Landorus
|
|-fieldend|move: Trick Room
|upkeep
|
|t:|1778516665
|switch|p1a: Kyurem|Kyurem, shiny|94/100
|-ability|p1a: Kyurem|Pressure
|turn|14
|inactive|Tagada3333 has 120 seconds left.
|inactive|Tagada3333 has 90 seconds left.
|inactive|Tagada3333 has 60 seconds left.
|
|t:|1778516763
|-end|p2a: Kingambit|fallenundefined|[silent]
|switch|p2a: Primarina|Primarina, M|100/100
|move|p1a: Kyurem|Substitute|p1a: Kyurem
|-start|p1a: Kyurem|Substitute
|-damage|p1a: Kyurem|69/100
|
|-heal|p1a: Kyurem|75/100|[from] item: Leftovers
|upkeep
|turn|15
|inactive|Tagada3333 has 60 seconds left.
|inactive|Tagada3333 has 30 seconds left.
|
|t:|1778516799
|move|p1a: Kyurem|Protect|p1a: Kyurem
|-singleturn|p1a: Kyurem|Protect
|move|p2a: Primarina|Moonblast|p1a: Kyurem
|-activate|p1a: Kyurem|move: Protect
|
|-heal|p1a: Kyurem|81/100|[from] item: Leftovers
|upkeep
|turn|16
|
|t:|1778516808
|move|p1a: Kyurem|Freeze-Dry|p2a: Primarina
|-supereffective|p2a: Primarina
|-damage|p2a: Primarina|39/100
|move|p2a: Primarina|Moonblast|p1a: Kyurem
|-supereffective|p1a: Kyurem
|-end|p1a: Kyurem|Substitute
|
|-heal|p1a: Kyurem|88/100|[from] item: Leftovers
|upkeep
|turn|17
|inactive|Tagada3333 has 30 seconds left.
|
|t:|1778516830
|switch|p2a: Hoopa|Hoopa-Unbound|100/100
|move|p1a: Kyurem|Freeze-Dry|p2a: Hoopa
|-crit|p2a: Hoopa
|-damage|p2a: Hoopa|53/100
|
|-heal|p1a: Kyurem|94/100|[from] item: Leftovers
|upkeep
|turn|18
|inactive|Tagada3333 has 30 seconds left.
|
|t:|1778516844
|switch|p1a: Kingambit|Kingambit, F|100/100
|-activate|p1a: Kingambit|ability: Supreme Overlord
|-start|p1a: Kingambit|fallen1|[silent]
|move|p2a: Hoopa|Drain Punch|p1a: Kingambit
|-supereffective|p1a: Kingambit
|-damage|p1a: Kingambit|0 fnt
|-heal|p2a: Hoopa|100/100|[from] drain|[of] p1a: Kingambit
|faint|p1a: Kingambit
|-end|p1a: Kingambit|fallen1|[silent]
|
|upkeep
|
|t:|1778516855
|switch|p1a: Cinderace|Cinderace, F, shiny|100/100
|turn|19
|inactive|Tagada3333 has 30 seconds left.
|
|t:|1778516871
|switch|p2a: Hatterene|Hatterene, F, shiny|62/100
|move|p1a: Cinderace|U-turn|p2a: Hatterene
|-start|p1a: Cinderace|typechange|Bug|[from] ability: Libero
|-damage|p2a: Hatterene|33/100
|
|t:|1778516884
|switch|p1a: Kyurem|Kyurem, shiny|94/100|[from] U-turn
|-ability|p1a: Kyurem|Pressure
|
|-heal|p1a: Kyurem|99/100|[from] item: Leftovers
|upkeep
|turn|20
|inactive|Tagada3333 has 30 seconds left.
|
|t:|1778516902
|move|p1a: Kyurem|Freeze-Dry|p2a: Hatterene
|-damage|p2a: Hatterene|0 fnt
|faint|p2a: Hatterene
|
|-heal|p1a: Kyurem|100/100|[from] item: Leftovers
|upkeep
|inactive|Tagada3333 has 30 seconds left this turn.
|inactive|Tagada3333 has 20 seconds left.
|
|t:|1778516913
|switch|p2a: Hoopa|Hoopa-Unbound|100/100
|turn|21
|inactive|Tagada3333 has 30 seconds left this turn.
|
|t:|1778516921
|switch|p1a: Slowking|Slowking-Galar, M, shiny|100/100
|move|p2a: Hoopa|Drain Punch|p1a: Slowking
|-resisted|p1a: Slowking
|-damage|p1a: Slowking|91/100
|
|upkeep
|turn|22
|inactive|Tagada3333 has 30 seconds left.
|
|t:|1778516931
|switch|p2a: Kingambit|Kingambit, F, tera:Flying|67/100
|-activate|p2a: Kingambit|ability: Supreme Overlord
|-start|p2a: Kingambit|fallen1|[silent]
|move|p1a: Slowking|Thunder Wave|p2a: Kingambit
|-status|p2a: Kingambit|par
|
|upkeep
|turn|23
|
|t:|1778516941
|switch|p1a: Cinderace|Cinderace, F, shiny|100/100
|move|p2a: Kingambit|Sucker Punch||[still]
|-fail|p2a: Kingambit
|
|upkeep
|turn|24
|
|t:|1778516947
|move|p2a: Kingambit|Sucker Punch|p1a: Cinderace
|-damage|p1a: Cinderace|37/100
|move|p1a: Cinderace|U-turn|p2a: Kingambit
|-start|p1a: Cinderace|typechange|Bug|[from] ability: Libero
|-resisted|p2a: Kingambit
|-damage|p2a: Kingambit|58/100 par
|
|t:|1778516951
|switch|p1a: Kyurem|Kyurem, shiny|100/100|[from] U-turn
|-ability|p1a: Kyurem|Pressure
|
|upkeep
|turn|25
|
|t:|1778516971
|-end|p2a: Kingambit|fallen1|[silent]
|switch|p2a: Hoopa|Hoopa-Unbound|100/100
|move|p1a: Kyurem|Substitute|p1a: Kyurem
|-start|p1a: Kyurem|Substitute
|-damage|p1a: Kyurem|76/100
|
|-heal|p1a: Kyurem|82/100|[from] item: Leftovers
|upkeep
|turn|26
|
|t:|1778516983
|move|p2a: Hoopa|Hyperspace Fury|p1a: Kyurem
|-damage|p1a: Kyurem|16/100
|-unboost|p2a: Hoopa|def|1
|move|p1a: Kyurem|Freeze-Dry|p2a: Hoopa
|-damage|p2a: Hoopa|70/100
|
|-heal|p1a: Kyurem|22/100|[from] item: Leftovers
|upkeep
|turn|27
|inactive|erjuanzas has 120 seconds left.
|
|t:|1778517020
|switch|p1a: Cinderace|Cinderace, F, shiny|37/100
|move|p2a: Hoopa|Hyperspace Fury|p1a: Cinderace
|-damage|p1a: Cinderace|0 fnt
|-unboost|p2a: Hoopa|def|1
|faint|p1a: Cinderace
|
|upkeep
|
|t:|1778517024
|switch|p1a: Iron Valiant|Iron Valiant|100/100
|-enditem|p1a: Iron Valiant|Booster Energy
|-activate|p1a: Iron Valiant|ability: Quark Drive|[fromitem]
|-start|p1a: Iron Valiant|quarkdrivespe
|turn|28
|inactive|erjuanzas has 120 seconds left.
|inactive|Tagada3333 has 30 seconds left.
|inactive|Tagada3333 has 20 seconds left.
|inactive|Tagada3333 has 15 seconds left.
|inactive|Tagada3333 has 10 seconds left.
|
|t:|1778517073
|switch|p2a: Primarina|Primarina, M|39/100
|move|p1a: Iron Valiant|Moonblast|p2a: Primarina
|-damage|p2a: Primarina|0 fnt
|faint|p2a: Primarina
|
|upkeep
|inactive|Tagada3333 has 15 seconds left this turn.
|inactive|Tagada3333 has 10 seconds left.
|inactive|Tagada3333 has 5 seconds left.
|
|t:|1778517085
|switch|p2a: Hoopa|Hoopa-Unbound|70/100
|turn|29
|inactive|Tagada3333 has 15 seconds left this turn.
|
|t:|1778517090
|move|p1a: Iron Valiant|Moonblast|p2a: Hoopa
|-supereffective|p2a: Hoopa
|-damage|p2a: Hoopa|0 fnt
|faint|p2a: Hoopa
|
|upkeep
|inactive|Tagada3333 has 20 seconds left this turn.
|inactive|Tagada3333 has 15 seconds left.
|
|t:|1778517098
|switch|p2a: Ursaluna|Ursaluna, F, shiny|100/100
|turn|30
|inactive|Tagada3333 has 25 seconds left this turn.
|inactive|Tagada3333 has 20 seconds left.
|
|t:|1778517107
|move|p1a: Iron Valiant|Moonblast|p2a: Ursaluna
|-damage|p2a: Ursaluna|59/100
|move|p2a: Ursaluna|Headlong Rush|p1a: Iron Valiant
|-damage|p1a: Iron Valiant|15/100
|-unboost|p2a: Ursaluna|def|1
|-unboost|p2a: Ursaluna|spd|1
|
|-status|p2a: Ursaluna|brn|[from] item: Flame Orb
|upkeep
|turn|31
|inactive|Tagada3333 has 30 seconds left this turn.
|inactive|Tagada3333 has 20 seconds left.
|
|t:|1778517120
|switch|p2a: Kingambit|Kingambit, F, tera:Flying|58/100 par
|-activate|p2a: Kingambit|ability: Supreme Overlord
|-start|p2a: Kingambit|fallen3|[silent]
|move|p1a: Iron Valiant|Moonblast|p2a: Kingambit
|-damage|p2a: Kingambit|17/100 par
|
|upkeep
|turn|32
|inactive|Tagada3333 has 30 seconds left this turn.
|
|t:|1778517129
|move|p2a: Kingambit|Sucker Punch||[still]
|-fail|p2a: Kingambit
|move|p1a: Iron Valiant|Encore|p2a: Kingambit
|-start|p2a: Kingambit|Encore
|
|upkeep
|turn|33
|inactive|Tagada3333 has 30 seconds left.
|
|t:|1778517144
|-end|p1a: Iron Valiant|Quark Drive|[silent]
|switch|p1a: Kyurem|Kyurem, shiny|22/100
|-ability|p1a: Kyurem|Pressure
|-end|p2a: Kingambit|fallen3|[silent]
|switch|p2a: Porygon2|Porygon2|48/100 par
|-ability|p2a: Porygon2|Download|boost
|-boost|p2a: Porygon2|spa|1
|
|-heal|p1a: Kyurem|28/100|[from] item: Leftovers
|upkeep
|turn|34
|inactive|Tagada3333 has 30 seconds left.
|
|t:|1778517154
|move|p1a: Kyurem|Protect|p1a: Kyurem
|-singleturn|p1a: Kyurem|Protect
|move|p2a: Porygon2|Trick Room|p2a: Porygon2
|-fieldstart|move: Trick Room|[of] p2a: Porygon2
|
|-heal|p1a: Kyurem|34/100|[from] item: Leftovers
|upkeep
|turn|35
|inactive|Tagada3333 has 30 seconds left.
|inactive|Tagada3333 has 20 seconds left.
|inactive|Tagada3333 has 15 seconds left.
|
|t:|1778517177
|switch|p1a: Slowking|Slowking-Galar, M, shiny|100/100
|move|p2a: Porygon2|Foul Play|p1a: Slowking
|-supereffective|p1a: Slowking
|-damage|p1a: Slowking|77/100
|
|upkeep
|turn|36
|inactive|Tagada3333 has 25 seconds left this turn.
|inactive|Tagada3333 has 20 seconds left.
|inactive|Tagada3333 has 15 seconds left.
|inactive|Tagada3333 has 10 seconds left.
|
|t:|1778517194
|switch|p2a: Ursaluna|Ursaluna, F, shiny|59/100 brn
|move|p1a: Slowking|Sludge Bomb|p2a: Ursaluna
|-resisted|p2a: Ursaluna
|-damage|p2a: Ursaluna|44/100 brn
|
|-damage|p2a: Ursaluna|38/100 brn|[from] brn
|upkeep
|turn|37
|inactive|Tagada3333 has 20 seconds left this turn.
|inactive|Tagada3333 has 15 seconds left.
|inactive|Tagada3333 has 10 seconds left.
|
|t:|1778517206
|switch|p1a: Iron Valiant|Iron Valiant|15/100
|move|p2a: Ursaluna|Facade|p1a: Iron Valiant
|-damage|p1a: Iron Valiant|0 fnt
|faint|p1a: Iron Valiant
|-end|p1a: Iron Valiant|Quark Drive|[silent]
|
|-damage|p2a: Ursaluna|32/100 brn|[from] brn
|upkeep
|
|t:|1778517210
|switch|p1a: Slowking|Slowking-Galar, M, shiny|100/100
|turn|38
|inactive|Tagada3333 has 25 seconds left this turn.
|inactive|Tagada3333 has 20 seconds left.
|
|t:|1778517219
|move|p1a: Slowking|Psychic Noise|p2a: Ursaluna
|-damage|p2a: Ursaluna|8/100 brn
|-start|p2a: Ursaluna|move: Heal Block
|move|p2a: Ursaluna|Headlong Rush|p1a: Slowking
|-supereffective|p1a: Slowking
|-damage|p1a: Slowking|0 fnt
|-unboost|p2a: Ursaluna|def|1
|-unboost|p2a: Ursaluna|spd|1
|faint|p1a: Slowking
|
|-damage|p2a: Ursaluna|2/100 brn|[from] brn
|-fieldend|move: Trick Room
|upkeep
|
|t:|1778517223
|switch|p1a: Kyurem|Kyurem, shiny|34/100
|-ability|p1a: Kyurem|Pressure
|turn|39
|inactive|Tagada3333 has 30 seconds left.
|inactive|Tagada3333 has 20 seconds left.
|
|t:|1778517241
|switch|p2a: Kingambit|Kingambit, F, tera:Flying|17/100 par
|-activate|p2a: Kingambit|ability: Supreme Overlord
|-start|p2a: Kingambit|fallen3|[silent]
|move|p1a: Kyurem|Protect||[still]
|-fail|p1a: Kyurem
|
|-heal|p1a: Kyurem|40/100|[from] item: Leftovers
|upkeep
|turn|40
|inactive|Tagada3333 has 30 seconds left this turn.
|inactive|Tagada3333 has 20 seconds left.
|
|t:|1778517252
|move|p2a: Kingambit|Sucker Punch||[still]
|-fail|p2a: Kingambit
|move|p1a: Kyurem|Substitute|p1a: Kyurem
|-start|p1a: Kyurem|Substitute
|-damage|p1a: Kyurem|16/100
|
|-heal|p1a: Kyurem|22/100|[from] item: Leftovers
|upkeep
|turn|41
|inactive|Tagada3333 has 30 seconds left this turn.
|inactive|Tagada3333 has 20 seconds left.
|
|t:|1778517264
|move|p1a: Kyurem|Protect|p1a: Kyurem
|-singleturn|p1a: Kyurem|Protect
|cant|p2a: Kingambit|par
|
|-heal|p1a: Kyurem|28/100|[from] item: Leftovers
|upkeep
|turn|42
|inactive|Tagada3333 has 30 seconds left this turn.
|
|t:|1778517277
|move|p2a: Kingambit|Sucker Punch||[still]
|-fail|p2a: Kingambit
|move|p1a: Kyurem|Substitute|p1a: Kyurem
|-fail|p1a: Kyurem|move: Substitute
|
|-heal|p1a: Kyurem|34/100|[from] item: Leftovers
|upkeep
|turn|43
|inactive|Tagada3333 has 30 seconds left.
|
|t:|1778517289
|move|p1a: Kyurem|Protect|p1a: Kyurem
|-singleturn|p1a: Kyurem|Protect
|move|p2a: Kingambit|Low Kick|p1a: Kyurem
|-activate|p1a: Kyurem|move: Protect
|
|-heal|p1a: Kyurem|40/100|[from] item: Leftovers
|upkeep
|turn|44
|inactive|Tagada3333 has 30 seconds left.
|
|t:|1778517298
|-end|p2a: Kingambit|fallen3|[silent]
|switch|p2a: Porygon2|Porygon2|48/100 par
|-ability|p2a: Porygon2|Download|boost
|-boost|p2a: Porygon2|spa|1
|move|p1a: Kyurem|Freeze-Dry|p2a: Porygon2
|-damage|p2a: Porygon2|30/100 par
|
|-heal|p1a: Kyurem|46/100|[from] item: Leftovers
|upkeep
|turn|45
|inactive|Tagada3333 has 30 seconds left.
|
|t:|1778517311
|-terastallize|p1a: Kyurem|Ground
|move|p1a: Kyurem|Earth Power|p2a: Porygon2
|-damage|p2a: Porygon2|5/100 par
|cant|p2a: Porygon2|par
|
|-heal|p1a: Kyurem|53/100|[from] item: Leftovers
|upkeep
|turn|46
|c|☆erjuanzas|gg
|inactive|Tagada3333 has 30 seconds left.
|inactive|Tagada3333 has 20 seconds left.
|
|t:|1778517335
|move|p1a: Kyurem|Freeze-Dry|p2a: Porygon2
|-damage|p2a: Porygon2|0 fnt
|faint|p2a: Porygon2
|
|-heal|p1a: Kyurem|59/100|[from] item: Leftovers
|upkeep
|inactive|Tagada3333 has 25 seconds left this turn.
|inactive|Tagada3333 has 20 seconds left.
|inactive|Tagada3333 has 15 seconds left.
|inactive|Tagada3333 has 10 seconds left.
|inactive|Tagada3333 has 5 seconds left.
|-message|Tagada3333 lost due to inactivity.
|
|win|erjuanzas
|raw|erjuanzas's rating: 1410 &rarr; <strong>1429</strong><br />(+19 for winning)
|raw|Tagada3333's rating: 1398 &rarr; <strong>1379</strong><br />(-19 for losing)
|l|☆erjuanzas
|player|p1|
|l|☆Tagada3333
|player|p2|
