|html|<div class="broadcast-blue"><strong>[Gen 9] OU is currently suspecting Tera Blast! For information on how to participate check out the <a href="https://www.smogon.com/tools/suspects/view/200">suspect thread</a>.</strong></div>
|j|☆anne.steele
|j|‽bindler
|t:|1776099978
|gametype|singles
|player|p1|anne.steele|clair|1270
|player|p2|bindler|swimmer-gen4|1228
|gen|9
|tier|[Gen 9] OU
|rated|
|rule|HP Percentage Mod: HP is shown in percentages
|rule|Endless Battle Clause: Forcing endless battles is banned
|rule|Species Clause: Limit one of each Pokémon
|rule|OHKO Clause: OHKO moves are banned
|rule|Evasion Items Clause: Evasion items are banned
|rule|Evasion Moves Clause: Evasion moves are banned
|rule|Evasion Abilities Clause: Evasion abilities are banned
|rule|Sleep Moves Clause: Sleep-inducing moves are banned
|clearpoke
|poke|p1|Garchomp, F|
|poke|p1|Zapdos|
|poke|p1|Mandibuzz, F|
|poke|p1|Arcanine, M|
|poke|p1|Gholdengo|
|poke|p1|Serperior, F|
|poke|p2|Ninetales, M|
|poke|p2|Typhlosion, M|
|poke|p2|Cresselia, F|
|poke|p2|Talonflame, M|
|poke|p2|Gallade, M|
|poke|p2|Milotic, F|
|teampreview
|
|t:|1776099984
|teamsize|p1|6
|teamsize|p2|6
|start
|switch|p1a: Zapdos|Zapdos|100/100
|switch|p2a: Ninetales|Ninetales, M|100/100
|-weather|SunnyDay|[from] ability: Drought|[of] p2a: Ninetales
|turn|1
|inactive|Battle timer is ON: inactive players will automatically lose when time's up. (requested by bindler)
|
|t:|1776099992
|move|p2a: Ninetales|Nasty Plot|p2a: Ninetales
|-boost|p2a: Ninetales|spa|2
|move|p1a: Zapdos|Thunder Wave|p2a: Ninetales
|-status|p2a: Ninetales|par
|
|-weather|SunnyDay|[upkeep]
|upkeep
|turn|2
|
|t:|1776100014
|move|p1a: Zapdos|Volt Switch|p2a: Ninetales
|-damage|p2a: Ninetales|65/100 par
|
|t:|1776100019
|switch|p1a: Garchomp|Garchomp, F|100/100|[from] Volt Switch
|move|p2a: Ninetales|Flamethrower|p1a: Garchomp
|-resisted|p1a: Garchomp
|-damage|p1a: Garchomp|45/100
|
|-weather|SunnyDay|[upkeep]
|-heal|p1a: Garchomp|51/100|[from] item: Leftovers
|upkeep
|turn|3
|
|t:|1776100030
|switch|p2a: Talonflame|Talonflame, M|100/100
|move|p1a: Garchomp|Earthquake|p2a: Talonflame
|-immune|p2a: Talonflame
|
|-weather|SunnyDay|[upkeep]
|-heal|p1a: Garchomp|57/100|[from] item: Leftovers
|upkeep
|turn|4
|
|t:|1776100035
|switch|p1a: Arcanine|Arcanine, M|100/100
|-ability|p1a: Arcanine|Intimidate|boost
|-unboost|p2a: Talonflame|atk|1
|move|p2a: Talonflame|Will-O-Wisp|p1a: Arcanine
|-immune|p1a: Arcanine
|
|-weather|SunnyDay|[upkeep]
|upkeep
|turn|5
|inactive|anne.steele has 120 seconds left.
|
|t:|1776100075
|move|p2a: Talonflame|Tailwind|p2a: Talonflame
|-sidestart|p2: bindler|move: Tailwind
|move|p1a: Arcanine|Flamethrower|p2a: Talonflame
|-resisted|p2a: Talonflame
|-damage|p2a: Talonflame|63/100
|
|-weather|SunnyDay|[upkeep]
|upkeep
|turn|6
|
|t:|1776100082
|switch|p2a: Typhlosion|Typhlosion, M|100/100
|move|p1a: Arcanine|Flamethrower|p2a: Typhlosion
|-start|p2a: Typhlosion|ability: Flash Fire
|
|-weather|SunnyDay|[upkeep]
|upkeep
|turn|7
|
|t:|1776100090
|-terastallize|p2a: Typhlosion|Fire
|move|p2a: Typhlosion|Eruption|p1a: Arcanine
|-resisted|p1a: Arcanine
|-damage|p1a: Arcanine|0 fnt
|faint|p1a: Arcanine
|
|-weather|SunnyDay|[upkeep]
|upkeep
|
|t:|1776100103
|switch|p1a: Garchomp|Garchomp, F|57/100
|turn|8
|
|t:|1776100105
|move|p2a: Typhlosion|Eruption|p1a: Garchomp
|-resisted|p1a: Garchomp
|-damage|p1a: Garchomp|0 fnt
|faint|p1a: Garchomp
|
|-weather|none
|-sideend|p2: bindler|move: Tailwind
|upkeep
|
|t:|1776100109
|switch|p1a: Gholdengo|Gholdengo|100/100
|turn|9
|
|t:|1776100114
|-terastallize|p1a: Gholdengo|Steel
|move|p2a: Typhlosion|Eruption|p1a: Gholdengo
|-supereffective|p1a: Gholdengo
|-damage|p1a: Gholdengo|0 fnt
|faint|p1a: Gholdengo
|
|upkeep
|-message|anne.steele forfeited.
|
|win|bindler
|raw|anne.steele's rating: 1270 &rarr; <strong>1242</strong><br />(-28 for losing)
|raw|bindler's rating: 1228 &rarr; <strong>1256</strong><br />(+28 for winning)
|l|☆anne.steele
|player|p1|
|l|‽bindler
|player|p2|
