|html|<div class="broadcast-blue"><strong>[Gen 9] OU is currently suspecting Tera Blast! For information on how to participate check out the <a href="https://www.smogon.com/tools/suspects/view/200">suspect thread</a>.</strong></div>
|j|☆yazloed
|j|☆NeonCanTrain
|t:|1776132796
|gametype|singles
|player|p1|yazloed|janitor|1096
|player|p2|NeonCanTrain|unknown|1085
|gen|9
|tier|[Gen 9] OU
|rated|
|rule|HP Percentage Mod: HP is shown in percentages
|rule|Endless Battle Clause: Forcing endless battles is banned
|rule|Species Clause: Limit one of each Pokémon
|rule|OHKO Clause: OHKO moves are banned
|rule|Evasion Items Clause: Evasion items are banned
|rule|Evasion Moves Clause: Evasion moves are banned
|rule|Evasion Abilities Clause: Evasion abilities are banned
|rule|Sleep Moves Clause: Sleep-inducing moves are banned
|clearpoke
|poke|p1|Crawdaunt, M|
|poke|p1|Torkoal, M|
|poke|p1|Garchomp, F|
|poke|p1|Fezandipiti, M|
|poke|p1|Rotom-Wash|
|poke|p1|Meganium, F|
|poke|p2|Ceruledge, M|
|poke|p2|Kyurem|
|poke|p2|Iron Valiant|
|poke|p2|Rillaboom, F|
|poke|p2|Gholdengo|
|poke|p2|Primarina, M|
|teampreview
|inactive|Battle timer is ON: inactive players will automatically lose when time's up. (requested by yazloed)
|
|t:|1776132803
|teamsize|p1|6
|teamsize|p2|6
|start
|switch|p1a: Meganium|Meganium, F|100/100
|switch|p2a: Helios|Ceruledge, M, shiny|100/100
|turn|1
|
|t:|1776132812
|move|p2a: Helios|Swords Dance|p2a: Helios
|-boost|p2a: Helios|atk|2
|move|p1a: Meganium|Light Screen|p1a: Meganium
|-sidestart|p1: yazloed|move: Light Screen
|
|upkeep
|turn|2
|
|t:|1776132824
|move|p2a: Helios|Swords Dance|p2a: Helios
|-boost|p2a: Helios|atk|2
|move|p1a: Meganium|Reflect|p1a: Meganium
|-sidestart|p1: yazloed|Reflect
|
|upkeep
|turn|3
|
|t:|1776132830
|move|p2a: Helios|Bitter Blade|p1a: Meganium
|-supereffective|p1a: Meganium
|-damage|p1a: Meganium|0 fnt
|faint|p1a: Meganium
|-damage|p2a: Helios|91/100|[from] item: Life Orb
|
|upkeep
|
|t:|1776132836
|switch|p1a: Garchomp|Garchomp, F|100/100
|turn|4
|
|t:|1776132864
|-terastallize|p2a: Helios|Ghost
|move|p1a: Garchomp|Earthquake|p2a: Helios
|-damage|p2a: Helios|15/100
|-ability|p2a: Helios|Weak Armor|boost
|-unboost|p2a: Helios|def|1
|-boost|p2a: Helios|spe|2
|move|p2a: Helios|Bitter Blade|p1a: Garchomp
|-resisted|p1a: Garchomp
|-damage|p1a: Garchomp|56/100
|-heal|p2a: Helios|42/100|[from] drain|[of] p1a: Garchomp
|-damage|p2a: Helios|30/100|[from] ability: Rough Skin|[of] p1a: Garchomp
|-damage|p2a: Helios|20/100|[from] item: Life Orb
|
|upkeep
|turn|5
|inactive|NeonCanTrain has 120 seconds left.
|
|t:|1776132879
|switch|p2a: Iron Valiant|Iron Valiant|100/100
|-enditem|p2a: Iron Valiant|Booster Energy
|-activate|p2a: Iron Valiant|ability: Quark Drive|[fromitem]
|-start|p2a: Iron Valiant|quarkdrivespe
|move|p1a: Garchomp|Earthquake|p2a: Iron Valiant
|-damage|p2a: Iron Valiant|30/100
|
|upkeep
|turn|6
|
|t:|1776132887
|move|p2a: Iron Valiant|Moonblast|p1a: Garchomp
|-supereffective|p1a: Garchomp
|-damage|p1a: Garchomp|5/100
|move|p1a: Garchomp|Earthquake|p2a: Iron Valiant
|-damage|p2a: Iron Valiant|0 fnt
|faint|p2a: Iron Valiant
|-end|p2a: Iron Valiant|Quark Drive|[silent]
|
|upkeep
|
|t:|1776132896
|switch|p2a: Helios|Ceruledge, M, shiny, tera:Ghost|20/100
|turn|7
|
|t:|1776132900
|move|p2a: Helios|Shadow Sneak|p1a: Garchomp
|-damage|p1a: Garchomp|0 fnt
|-damage|p2a: Helios|8/100|[from] ability: Rough Skin|[of] p1a: Garchomp
|faint|p1a: Garchomp
|-damage|p2a: Helios|0 fnt|[from] item: Life Orb
|faint|p2a: Helios
|
|upkeep
|
|t:|1776132913
|switch|p1a: Torkkkoal|Torkoal, M, shiny|100/100
|switch|p2a: Alaska|Kyurem, shiny|100/100
|-ability|p2a: Alaska|Pressure
|-weather|SunnyDay|[from] ability: Drought|[of] p1a: Torkkkoal
|turn|8
|
|t:|1776132916
|move|p2a: Alaska|Earth Power|p1a: Torkkkoal
|-supereffective|p1a: Torkkkoal
|-damage|p1a: Torkkkoal|25/100
|move|p1a: Torkkkoal|Shell Smash|p1a: Torkkkoal
|-unboost|p1a: Torkkkoal|def|1
|-unboost|p1a: Torkkkoal|spd|1
|-boost|p1a: Torkkkoal|atk|2
|-boost|p1a: Torkkkoal|spa|2
|-boost|p1a: Torkkkoal|spe|2
|-enditem|p1a: Torkkkoal|White Herb
|-clearnegativeboost|p1a: Torkkkoal|[silent]
|
|-weather|SunnyDay|[upkeep]
|-sideend|p1: yazloed|move: Light Screen
|upkeep
|turn|9
|
|t:|1776132927
|move|p2a: Alaska|Earth Power|p1a: Torkkkoal
|-supereffective|p1a: Torkkkoal
|-damage|p1a: Torkkkoal|0 fnt
|faint|p1a: Torkkkoal
|
|-weather|SunnyDay|[upkeep]
|-sideend|p1: yazloed|Reflect
|upkeep
|
|t:|1776132937
|switch|p1a: Rotom|Rotom-Wash|100/100
|turn|10
|
|t:|1776132942
|move|p2a: Alaska|Earth Power|p1a: Rotom
|-immune|p1a: Rotom|[from] ability: Levitate
|move|p1a: Rotom|Will-O-Wisp|p2a: Alaska
|-status|p2a: Alaska|brn
|
|-weather|SunnyDay|[upkeep]
|-damage|p2a: Alaska|94/100 brn|[from] brn
|upkeep
|turn|11
|
|t:|1776132955
|switch|p2a: Rillaboom|Rillaboom, F|100/100
|-fieldstart|move: Grassy Terrain|[from] ability: Grassy Surge|[of] p2a: Rillaboom
|move|p1a: Rotom|Thunderbolt|p2a: Rillaboom
|-resisted|p2a: Rillaboom
|-damage|p2a: Rillaboom|73/100
|
|-weather|SunnyDay|[upkeep]
|-heal|p2a: Rillaboom|79/100|[from] Grassy Terrain
|upkeep
|turn|12
|
|t:|1776132966
|move|p2a: Rillaboom|Grassy Glide|p1a: Rotom
|-supereffective|p1a: Rotom
|-damage|p1a: Rotom|0 fnt
|faint|p1a: Rotom
|-damage|p2a: Rillaboom|69/100|[from] item: Life Orb
|
|-weather|none
|-heal|p2a: Rillaboom|75/100|[from] Grassy Terrain
|upkeep
|
|t:|1776132969
|switch|p1a: Fezandipiti|Fezandipiti, M|100/100
|turn|13
|
|t:|1776132993
|switch|p2a: Gholdengo|Gholdengo, shiny|100/100
|-item|p2a: Gholdengo|Air Balloon
|move|p1a: Fezandipiti|Poison Jab|p2a: Gholdengo
|-immune|p2a: Gholdengo
|
|upkeep
|turn|14
|
|t:|1776133000
|move|p2a: Gholdengo|Nasty Plot|p2a: Gholdengo
|-boost|p2a: Gholdengo|spa|2
|move|p1a: Fezandipiti|U-turn|p2a: Gholdengo
|-resisted|p2a: Gholdengo
|-damage|p2a: Gholdengo|96/100
|-enditem|p2a: Gholdengo|Air Balloon
|
|t:|1776133003
|switch|p1a: CwaDwaunt|Crawdaunt, M|100/100|[from] U-turn
|
|-heal|p2a: Gholdengo|100/100|[from] Grassy Terrain
|upkeep
|turn|15
|
|t:|1776133025
|move|p2a: Gholdengo|Make It Rain|p1a: CwaDwaunt
|-resisted|p1a: CwaDwaunt
|-enditem|p1a: CwaDwaunt|Focus Sash
|-damage|p1a: CwaDwaunt|1/100
|-unboost|p2a: Gholdengo|spa|1
|move|p1a: CwaDwaunt|Dragon Dance|p1a: CwaDwaunt
|-boost|p1a: CwaDwaunt|atk|1
|-boost|p1a: CwaDwaunt|spe|1
|
|-heal|p1a: CwaDwaunt|7/100|[from] Grassy Terrain
|-fieldend|move: Grassy Terrain
|upkeep
|turn|16
|
|t:|1776133037
|move|p1a: CwaDwaunt|Crunch|p2a: Gholdengo
|-supereffective|p2a: Gholdengo
|-damage|p2a: Gholdengo|0 fnt
|faint|p2a: Gholdengo
|
|upkeep
|
|t:|1776133048
|switch|p2a: Rillaboom|Rillaboom, F|75/100
|-fieldstart|move: Grassy Terrain|[from] ability: Grassy Surge|[of] p2a: Rillaboom
|turn|17
|
|t:|1776133053
|move|p2a: Rillaboom|Grassy Glide|p1a: CwaDwaunt
|-supereffective|p1a: CwaDwaunt
|-damage|p1a: CwaDwaunt|0 fnt
|faint|p1a: CwaDwaunt
|-damage|p2a: Rillaboom|65/100|[from] item: Life Orb
|
|-heal|p2a: Rillaboom|71/100|[from] Grassy Terrain
|upkeep
|
|t:|1776133060
|switch|p1a: Fezandipiti|Fezandipiti, M|100/100
|turn|18
|
|t:|1776133077
|switch|p2a: Primarina|Primarina, M, shiny|100/100
|move|p1a: Fezandipiti|Poison Jab|p2a: Primarina
|-supereffective|p2a: Primarina
|-damage|p2a: Primarina|14/100
|
|-heal|p2a: Primarina|20/100|[from] Grassy Terrain
|upkeep
|turn|19
|
|t:|1776133086
|move|p1a: Fezandipiti|Poison Jab|p2a: Primarina
|-supereffective|p2a: Primarina
|-damage|p2a: Primarina|0 fnt
|faint|p2a: Primarina
|
|upkeep
|
|t:|1776133089
|switch|p2a: Alaska|Kyurem, shiny|94/100 brn
|-ability|p2a: Alaska|Pressure
|turn|20
|
|t:|1776133096
|move|p2a: Alaska|Ice Beam|p1a: Fezandipiti
|-damage|p1a: Fezandipiti|52/100
|move|p1a: Fezandipiti|Play Rough|p2a: Alaska
|-supereffective|p2a: Alaska
|-damage|p2a: Alaska|28/100 brn
|
|-heal|p2a: Alaska|34/100 brn|[from] Grassy Terrain
|-heal|p1a: Fezandipiti|58/100|[from] Grassy Terrain
|-damage|p2a: Alaska|28/100 brn|[from] brn
|upkeep
|turn|21
|
|t:|1776133104
|move|p2a: Alaska|Ice Beam|p1a: Fezandipiti
|-damage|p1a: Fezandipiti|9/100
|move|p1a: Fezandipiti|Roost|p1a: Fezandipiti
|-heal|p1a: Fezandipiti|59/100
|-singleturn|p1a: Fezandipiti|move: Roost
|
|-heal|p2a: Alaska|34/100 brn|[from] Grassy Terrain
|-heal|p1a: Fezandipiti|65/100|[from] Grassy Terrain
|-damage|p2a: Alaska|28/100 brn|[from] brn
|-fieldend|move: Grassy Terrain
|upkeep
|turn|22
|
|t:|1776133109
|move|p2a: Alaska|Ice Beam|p1a: Fezandipiti
|-damage|p1a: Fezandipiti|18/100
|move|p1a: Fezandipiti|Roost|p1a: Fezandipiti
|-heal|p1a: Fezandipiti|68/100
|-singleturn|p1a: Fezandipiti|move: Roost
|
|-damage|p2a: Alaska|22/100 brn|[from] brn
|upkeep
|turn|23
|
|t:|1776133114
|move|p2a: Alaska|Ice Beam|p1a: Fezandipiti
|-damage|p1a: Fezandipiti|25/100
|move|p1a: Fezandipiti|Roost|p1a: Fezandipiti
|-heal|p1a: Fezandipiti|75/100
|-singleturn|p1a: Fezandipiti|move: Roost
|
|-damage|p2a: Alaska|16/100 brn|[from] brn
|upkeep
|turn|24
|
|t:|1776133121
|switch|p2a: Rillaboom|Rillaboom, F|71/100
|-fieldstart|move: Grassy Terrain|[from] ability: Grassy Surge|[of] p2a: Rillaboom
|move|p1a: Fezandipiti|Roost|p1a: Fezandipiti
|-heal|p1a: Fezandipiti|100/100
|-singleturn|p1a: Fezandipiti|move: Roost
|
|-heal|p2a: Rillaboom|78/100|[from] Grassy Terrain
|upkeep
|turn|25
|
|t:|1776133124
|move|p2a: Rillaboom|Wood Hammer|p1a: Fezandipiti
|-resisted|p1a: Fezandipiti
|-damage|p1a: Fezandipiti|42/100
|-damage|p2a: Rillaboom|56/100|[from] Recoil
|-damage|p2a: Rillaboom|46/100|[from] item: Life Orb
|move|p1a: Fezandipiti|Poison Jab|p2a: Rillaboom
|-supereffective|p2a: Rillaboom
|-damage|p2a: Rillaboom|0 fnt
|faint|p2a: Rillaboom
|
|-heal|p1a: Fezandipiti|49/100|[from] Grassy Terrain
|upkeep
|
|t:|1776133128
|switch|p2a: Alaska|Kyurem, shiny|16/100 brn
|-ability|p2a: Alaska|Pressure
|turn|26
|
|t:|1776133132
|move|p2a: Alaska|Earth Power|p1a: Fezandipiti
|-supereffective|p1a: Fezandipiti
|-damage|p1a: Fezandipiti|0 fnt
|faint|p1a: Fezandipiti
|
|win|NeonCanTrain
|raw|yazloed's rating: 1096 &rarr; <strong>1071</strong><br />(-25 for losing)
|raw|NeonCanTrain's rating: 1085 &rarr; <strong>1113</strong><br />(+28 for winning)
|c|☆yazloed|gg
|l|☆yazloed
|player|p1|
