|html|<div class="broadcast-blue"><strong>[Gen 9] OU is currently suspecting Tera Blast! For information on how to participate check out the <a href="https://www.smogon.com/tools/suspects/view/200">suspect thread</a>.</strong></div>
|j|☆Leap Call
|j|☆LetsgoBrandonJ
|t:|1776311449
|gametype|singles
|player|p1|Leap Call|170|1541
|player|p2|LetsgoBrandonJ|palmer|1658
|gen|9
|tier|[Gen 9] OU
|rated|
|rule|HP Percentage Mod: HP is shown in percentages
|rule|Endless Battle Clause: Forcing endless battles is banned
|rule|Species Clause: Limit one of each Pokémon
|rule|OHKO Clause: OHKO moves are banned
|rule|Evasion Items Clause: Evasion items are banned
|rule|Evasion Moves Clause: Evasion moves are banned
|rule|Evasion Abilities Clause: Evasion abilities are banned
|rule|Sleep Moves Clause: Sleep-inducing moves are banned
|clearpoke
|poke|p1|Lokix, M|
|poke|p1|Slowking-Galar, F|
|poke|p1|Great Tusk|
|poke|p1|Ogerpon-Cornerstone, F|
|poke|p1|Alomomola, M|
|poke|p1|Enamorus, F|
|poke|p2|Araquanid, M|
|poke|p2|Gholdengo|
|poke|p2|Iron Moth|
|poke|p2|Iron Valiant|
|poke|p2|Raging Bolt|
|poke|p2|Kingambit, M|
|teampreview
|inactive|Battle timer is ON: inactive players will automatically lose when time's up. (requested by LetsgoBrandonJ)
|
|t:|1776311474
|teamsize|p1|6
|teamsize|p2|6
|start
|switch|p1a: Lokix|Lokix, M|100/100
|switch|p2a: Araquanid|Araquanid, M, shiny|100/100
|turn|1
|
|t:|1776311480
|move|p1a: Lokix|First Impression|p2a: Araquanid
|-damage|p2a: Araquanid|60/100
|move|p2a: Araquanid|Sticky Web|p1a: Lokix
|-sidestart|p1: Leap Call|move: Sticky Web
|
|upkeep
|turn|2
|
|t:|1776311488
|move|p1a: Lokix|U-turn|p2a: Araquanid
|-damage|p2a: Araquanid|31/100
|
|t:|1776311489
|switch|p1a: Alomomola|Alomomola, M|100/100|[from] U-turn
|-activate|p1a: Alomomola|move: Sticky Web
|-unboost|p1a: Alomomola|spe|1
|move|p2a: Araquanid|Lunge|p1a: Alomomola
|-damage|p1a: Alomomola|89/100
|-unboost|p1a: Alomomola|atk|1
|-damage|p2a: Araquanid|15/100|[from] item: Rocky Helmet|[of] p1a: Alomomola
|
|upkeep
|turn|3
|-enditem|p2a: Araquanid|Custap Berry|[eat]
|-activate|p2a: Araquanid|item: Custap Berry|[consumed]
|
|t:|1776311500
|move|p2a: Araquanid|Endeavor|p1a: Alomomola
|-damage|p1a: Alomomola|9/100
|-damage|p2a: Araquanid|0 fnt|[from] item: Rocky Helmet|[of] p1a: Alomomola
|faint|p2a: Araquanid
|move|p1a: Alomomola|Flip Turn|p2: Araquanid|[notarget]
|-fail|p1a: Alomomola
|
|upkeep
|
|t:|1776311511
|switch|p2a: Raging Bolt|Raging Bolt|100/100
|-enditem|p2a: Raging Bolt|Booster Energy
|-activate|p2a: Raging Bolt|ability: Protosynthesis|[fromitem]
|-start|p2a: Raging Bolt|protosynthesisspa
|turn|4
|
|t:|1776311520
|switch|p1a: Slowking|Slowking-Galar, F|100/100
|-activate|p1a: Slowking|move: Sticky Web
|-unboost|p1a: Slowking|spe|1
|move|p2a: Raging Bolt|Calm Mind|p2a: Raging Bolt
|-boost|p2a: Raging Bolt|spa|1
|-boost|p2a: Raging Bolt|spd|1
|
|upkeep
|turn|5
|
|t:|1776311528
|move|p2a: Raging Bolt|Thunderbolt|p1a: Slowking
|-crit|p1a: Slowking
|-damage|p1a: Slowking|18/100
|move|p1a: Slowking|Ice Beam|p2a: Raging Bolt
|-supereffective|p2a: Raging Bolt
|-damage|p2a: Raging Bolt|65/100
|
|upkeep
|turn|6
|
|t:|1776311537
|switch|p1a: Enamorus|Enamorus, F|100/100
|move|p2a: Raging Bolt|Dragon Pulse|p1a: Enamorus
|-immune|p1a: Enamorus
|
|upkeep
|turn|7
|inactive|Leap Call has 120 seconds left.
|
|t:|1776311597
|-terastallize|p1a: Enamorus|Ground
|-terastallize|p2a: Raging Bolt|Ghost
|move|p2a: Raging Bolt|Thunderclap|p1a: Enamorus
|-immune|p1a: Enamorus
|move|p1a: Enamorus|Moonblast|p2a: Raging Bolt
|-damage|p2a: Raging Bolt|28/100
|-unboost|p2a: Raging Bolt|spa|1
|
|upkeep
|turn|8
|inactive|Leap Call has 90 seconds left.
|
|t:|1776311619
|move|p1a: Enamorus|Moonblast|p2a: Raging Bolt
|-damage|p2a: Raging Bolt|0 fnt
|faint|p2a: Raging Bolt
|-end|p2a: Raging Bolt|Protosynthesis|[silent]
|
|upkeep
|
|t:|1776311629
|switch|p2a: Gholdengo|Gholdengo|100/100
|-item|p2a: Gholdengo|Air Balloon
|turn|9
|inactive|Leap Call has 90 seconds left.
|
|t:|1776311665
|switch|p1a: Lokix|Lokix, M|100/100
|move|p2a: Gholdengo|Make It Rain|p1a: Lokix
|-damage|p1a: Lokix|0 fnt
|-unboost|p2a: Gholdengo|spa|1
|faint|p1a: Lokix
|
|upkeep
|
|t:|1776311671
|switch|p1a: Ogerpon|Ogerpon-Cornerstone, F|100/100
|-activate|p1a: Ogerpon|move: Sticky Web
|-unboost|p1a: Ogerpon|spe|1
|turn|10
|
|t:|1776311678
|switch|p1a: Alomomola|Alomomola, M|43/100
|-activate|p1a: Alomomola|move: Sticky Web
|-unboost|p1a: Alomomola|spe|1
|move|p2a: Gholdengo|Make It Rain|p1a: Alomomola
|-resisted|p1a: Alomomola
|-damage|p1a: Alomomola|19/100
|-unboost|p2a: Gholdengo|spa|1
|
|upkeep
|turn|11
|
|t:|1776311692
|switch|p1a: Great Tusk|Great Tusk|100/100
|-activate|p1a: Great Tusk|move: Sticky Web
|-unboost|p1a: Great Tusk|spe|1
|move|p2a: Gholdengo|Make It Rain|p1a: Great Tusk
|-damage|p1a: Great Tusk|48/100
|-unboost|p2a: Gholdengo|spa|1
|
|upkeep
|turn|12
|
|t:|1776311702
|move|p2a: Gholdengo|Nasty Plot|p2a: Gholdengo
|-boost|p2a: Gholdengo|spa|2
|move|p1a: Great Tusk|Stealth Rock|p2a: Gholdengo
|-sidestart|p2: LetsgoBrandonJ|move: Stealth Rock
|
|upkeep
|turn|13
|inactive|Leap Call has 60 seconds left.
|
|t:|1776311742
|move|p2a: Gholdengo|Make It Rain|p1a: Great Tusk
|-damage|p1a: Great Tusk|0 fnt
|-unboost|p2a: Gholdengo|spa|1
|faint|p1a: Great Tusk
|-end|p1a: Great Tusk|Protosynthesis|[silent]
|
|upkeep
|
|t:|1776311746
|switch|p1a: Alomomola|Alomomola, M|53/100
|-activate|p1a: Alomomola|move: Sticky Web
|-unboost|p1a: Alomomola|spe|1
|turn|14
|
|t:|1776311756
|move|p2a: Gholdengo|Nasty Plot|p2a: Gholdengo
|-boost|p2a: Gholdengo|spa|2
|move|p1a: Alomomola|Flip Turn|p2a: Gholdengo
|-damage|p2a: Gholdengo|81/100
|-enditem|p2a: Gholdengo|Air Balloon
|
|t:|1776311759
|switch|p1a: Enamorus|Enamorus, F, tera:Ground|100/100|[from] Flip Turn
|-activate|p1a: Enamorus|move: Sticky Web
|-boost|p1a: Enamorus|spe|1
|
|upkeep
|turn|15
|
|t:|1776311771
|move|p1a: Enamorus|Earth Power|p2a: Gholdengo
|-supereffective|p2a: Gholdengo
|-damage|p2a: Gholdengo|0 fnt
|faint|p2a: Gholdengo
|
|upkeep
|
|t:|1776311777
|switch|p2a: Kingambit|Kingambit, M, shiny|100/100
|-damage|p2a: Kingambit|94/100|[from] Stealth Rock
|-activate|p2a: Kingambit|ability: Supreme Overlord
|-start|p2a: Kingambit|fallen3|[silent]
|-item|p2a: Kingambit|Air Balloon
|turn|16
|
|t:|1776311787
|switch|p1a: Alomomola|Alomomola, M|86/100
|-activate|p1a: Alomomola|move: Sticky Web
|-unboost|p1a: Alomomola|spe|1
|move|p2a: Kingambit|Swords Dance|p2a: Kingambit
|-boost|p2a: Kingambit|atk|2
|
|upkeep
|turn|17
|
|t:|1776311796
|move|p2a: Kingambit|Kowtow Cleave|p1a: Alomomola
|-damage|p1a: Alomomola|25/100
|-damage|p2a: Kingambit|78/100|[from] item: Rocky Helmet|[of] p1a: Alomomola
|move|p1a: Alomomola|Flip Turn|p2a: Kingambit
|-damage|p2a: Kingambit|63/100
|-enditem|p2a: Kingambit|Air Balloon
|inactive|Leap Call has 90 seconds left.
|l|☆LetsgoBrandonJ
|inactive|LetsgoBrandonJ disconnected and has a minute to reconnect!
|player|p2|
|
|t:|1776311822
|switch|p1a: Enamorus|Enamorus, F, tera:Ground|100/100|[from] Flip Turn
|-activate|p1a: Enamorus|move: Sticky Web
|-boost|p1a: Enamorus|spe|1
|
|upkeep
|turn|18
|j|☆LetsgoBrandonJ
|inactive|LetsgoBrandonJ reconnected and has 135 seconds left.
|player|p2|LetsgoBrandonJ|palmer|
|inactive|LetsgoBrandonJ has 120 seconds left.
|
|t:|1776311856
|switch|p1a: Ogerpon|Ogerpon-Cornerstone, F|100/100
|-activate|p1a: Ogerpon|move: Sticky Web
|-unboost|p1a: Ogerpon|spe|1
|move|p2a: Kingambit|Sucker Punch||[still]
|-fail|p2a: Kingambit
|
|upkeep
|turn|19
|
|t:|1776311863
|move|p1a: Ogerpon|Encore|p2a: Kingambit
|-start|p2a: Kingambit|Encore
|move|p2a: Kingambit|Sucker Punch||[still]
|-fail|p2a: Kingambit
|
|upkeep
|turn|20
|inactive|Leap Call has 90 seconds left.
|
|t:|1776311880
|move|p2a: Kingambit|Sucker Punch|p1a: Ogerpon
|-ability|p1a: Ogerpon|Sturdy
|-damage|p1a: Ogerpon|1/100
|move|p1a: Ogerpon|Trailblaze|p2a: Kingambit
|-resisted|p2a: Kingambit
|-damage|p2a: Kingambit|51/100
|-boost|p1a: Ogerpon|spe|1
|
|upkeep
|turn|21
|
|t:|1776311890
|move|p2a: Kingambit|Sucker Punch||[still]
|-fail|p2a: Kingambit
|move|p1a: Ogerpon|Swords Dance|p1a: Ogerpon
|-boost|p1a: Ogerpon|atk|2
|
|-end|p2a: Kingambit|Encore
|upkeep
|turn|22
|
|t:|1776311906
|move|p1a: Ogerpon|Encore|p2a: Kingambit
|-start|p2a: Kingambit|Encore
|move|p2a: Kingambit|Sucker Punch||[still]
|-fail|p2a: Kingambit
|
|upkeep
|turn|23
|
|t:|1776311912
|move|p2a: Kingambit|Sucker Punch||[still]
|-fail|p2a: Kingambit
|move|p1a: Ogerpon|Swords Dance|p1a: Ogerpon
|-boost|p1a: Ogerpon|atk|2
|
|upkeep
|turn|24
|
|t:|1776311918
|move|p2a: Kingambit|Sucker Punch||[still]
|-fail|p2a: Kingambit
|move|p1a: Ogerpon|Swords Dance|p1a: Ogerpon
|-boost|p1a: Ogerpon|atk|2
|
|-end|p2a: Kingambit|Encore
|upkeep
|turn|25
|inactive|Leap Call has 120 seconds left.
|
|t:|1776311948
|move|p1a: Ogerpon|Encore|p2a: Kingambit
|-start|p2a: Kingambit|Encore
|move|p2a: Kingambit|Sucker Punch||[still]
|-fail|p2a: Kingambit
|
|-end|p2a: Kingambit|Encore
|upkeep
|turn|26
|
|t:|1776311956
|move|p1a: Ogerpon|Ivy Cudgel|p2a: Kingambit|[anim] Ivy Cudgel Rock
|-resisted|p2a: Kingambit
|-damage|p2a: Kingambit|0 fnt
|faint|p2a: Kingambit
|-end|p2a: Kingambit|fallen3|[silent]
|
|upkeep
|
|t:|1776311961
|switch|p2a: Iron Valiant|Iron Valiant|100/100
|-damage|p2a: Iron Valiant|94/100|[from] Stealth Rock
|-enditem|p2a: Iron Valiant|Booster Energy
|-activate|p2a: Iron Valiant|ability: Quark Drive|[fromitem]
|-start|p2a: Iron Valiant|quarkdrivespa
|turn|27
|
|t:|1776311971
|move|p2a: Iron Valiant|Vacuum Wave|p1a: Ogerpon
|-supereffective|p1a: Ogerpon
|-damage|p1a: Ogerpon|0 fnt
|faint|p1a: Ogerpon
|
|upkeep
|
|t:|1776311978
|switch|p1a: Enamorus|Enamorus, F, tera:Ground|100/100
|-activate|p1a: Enamorus|move: Sticky Web
|-boost|p1a: Enamorus|spe|1
|turn|28
|
|t:|1776311987
|move|p1a: Enamorus|Earth Power|p2a: Iron Valiant
|-damage|p2a: Iron Valiant|0 fnt
|faint|p2a: Iron Valiant
|-end|p2a: Iron Valiant|Quark Drive|[silent]
|
|upkeep
|
|t:|1776311993
|switch|p2a: Iron Moth|Iron Moth|100/100
|-damage|p2a: Iron Moth|76/100|[from] Stealth Rock
|-enditem|p2a: Iron Moth|Booster Energy
|-activate|p2a: Iron Moth|ability: Quark Drive|[fromitem]
|-start|p2a: Iron Moth|quarkdrivespa
|turn|29
|c|☆Leap Call|gfg
|
|t:|1776311999
|move|p1a: Enamorus|Earth Power|p2a: Iron Moth
|-supereffective|p2a: Iron Moth
|-damage|p2a: Iron Moth|0 fnt
|faint|p2a: Iron Moth
|-end|p2a: Iron Moth|Quark Drive|[silent]
|
|win|Leap Call
|raw|Leap Call's rating: 1541 &rarr; <strong>1567</strong><br />(+26 for winning)
|raw|LetsgoBrandonJ's rating: 1658 &rarr; <strong>1632</strong><br />(-26 for losing)
|l|☆LetsgoBrandonJ
|player|p2|
