|html|<div class="broadcast-blue"><strong>[Gen 9] OU is currently suspecting Volcarona! For information on how to participate check out the <a href="https://www.smogon.com/tools/suspects/view/208">suspect thread</a>.</strong></div>
|j|☆dhruvaaaa
|j|☆MADMANWHO
|t:|1778503945
|gametype|singles
|player|p1|dhruvaaaa|170|1208
|player|p2|MADMANWHO|hiker-gen4|1206
|gen|9
|tier|[Gen 9] OU
|rated|
|rule|HP Percentage Mod: HP is shown in percentages
|rule|Endless Battle Clause: Forcing endless battles is banned
|rule|Species Clause: Limit one of each Pokémon
|rule|OHKO Clause: OHKO moves are banned
|rule|Evasion Items Clause: Evasion items are banned
|rule|Evasion Moves Clause: Evasion moves are banned
|rule|Evasion Abilities Clause: Evasion abilities are banned
|rule|Sleep Moves Clause: Sleep-inducing moves are banned
|clearpoke
|poke|p1|Volcarona, M|
|poke|p1|Meowscarada, M|
|poke|p1|Dondozo, M|
|poke|p1|Goodra-Hisui, M|
|poke|p1|Dragapult, F|
|poke|p1|Gholdengo|
|poke|p2|Torterra, F|
|poke|p2|Tyranitar, F|
|poke|p2|Drednaw, M|
|poke|p2|Pelipper, F|
|poke|p2|Clodsire, M|
|poke|p2|Goodra-Hisui, M|
|teampreview
|inactive|Battle timer is ON: inactive players will automatically lose when time's up. (requested by MADMANWHO)
|
|t:|1778503975
|teamsize|p1|6
|teamsize|p2|6
|start
|switch|p1a: Dondozo|Dondozo, M, shiny|100/100
|switch|p2a: Torterra|Torterra, F|100/100
|turn|1
|
|t:|1778503994
|switch|p2a: Pelipper|Pelipper, F|100/100
|-weather|RainDance|[from] ability: Drizzle|[of] p2a: Pelipper
|switch|p1a: Gholdengo|Gholdengo|100/100
|-item|p1a: Gholdengo|Air Balloon
|
|-weather|RainDance|[upkeep]
|upkeep
|turn|2
|
|t:|1778504009
|move|p1a: Gholdengo|Nasty Plot|p1a: Gholdengo
|-boost|p1a: Gholdengo|spa|2
|move|p2a: Pelipper|U-turn|p1a: Gholdengo
|-resisted|p1a: Gholdengo
|-damage|p1a: Gholdengo|98/100
|-enditem|p1a: Gholdengo|Air Balloon
|
|t:|1778504017
|switch|p2a: Drednaw|Drednaw, M|100/100|[from] U-turn
|
|-weather|RainDance|[upkeep]
|upkeep
|turn|3
|
|t:|1778504039
|move|p2a: Drednaw|Jaw Lock|p1a: Gholdengo
|-supereffective|p1a: Gholdengo
|-damage|p1a: Gholdengo|18/100
|-activate|p2a: Drednaw|trapped
|-damage|p2a: Drednaw|91/100|[from] item: Life Orb
|move|p1a: Gholdengo|Make It Rain|p2a: Drednaw
|-damage|p2a: Drednaw|0 fnt
|-unboost|p1a: Gholdengo|spa|1
|faint|p2a: Drednaw
|
|-weather|RainDance|[upkeep]
|upkeep
|
|t:|1778504058
|switch|p2a: Goodra|Goodra-Hisui, M|100/100
|turn|4
|
|t:|1778504064
|move|p1a: Gholdengo|Focus Blast|p2a: Goodra|[miss]
|-miss|p1a: Gholdengo|p2a: Goodra
|move|p2a: Goodra|Weather Ball|p1a: Gholdengo
|-damage|p1a: Gholdengo|0 fnt
|faint|p1a: Gholdengo
|
|-weather|RainDance|[upkeep]
|upkeep
|
|t:|1778504077
|switch|p1a: Goodra|Goodra-Hisui, M, shiny|100/100
|turn|5
|
|t:|1778504090
|switch|p2a: Clodsire|Clodsire, M|100/100
|move|p1a: Goodra|Substitute|p1a: Goodra
|-start|p1a: Goodra|Substitute
|-damage|p1a: Goodra|76/100
|
|-weather|RainDance|[upkeep]
|-heal|p1a: Goodra|82/100|[from] item: Leftovers
|upkeep
|turn|6
|
|t:|1778504100
|move|p1a: Goodra|Ice Beam|p2a: Clodsire
|-supereffective|p2a: Clodsire
|-damage|p2a: Clodsire|57/100
|move|p2a: Clodsire|High Horsepower|p1a: Goodra
|-supereffective|p1a: Goodra
|-end|p1a: Goodra|Substitute
|
|-weather|RainDance|[upkeep]
|-heal|p1a: Goodra|88/100|[from] item: Leftovers
|-heal|p2a: Clodsire|64/100|[from] item: Black Sludge
|upkeep
|turn|7
|
|t:|1778504109
|switch|p1a: Dragapult|Dragapult, F, shiny|100/100
|move|p2a: Clodsire|High Horsepower|p1a: Dragapult
|-damage|p1a: Dragapult|65/100
|
|-weather|RainDance|[upkeep]
|-heal|p1a: Dragapult|71/100|[from] item: Leftovers
|-heal|p2a: Clodsire|70/100|[from] item: Black Sludge
|upkeep
|turn|8
|
|t:|1778504128
|switch|p1a: Dondozo|Dondozo, M, shiny|100/100
|move|p2a: Clodsire|Stealth Rock|p1a: Dondozo
|-sidestart|p1: dhruvaaaa|move: Stealth Rock
|
|-weather|none
|-heal|p2a: Clodsire|76/100|[from] item: Black Sludge
|upkeep
|turn|9
|
|t:|1778504143
|switch|p1a: Goodra|Goodra-Hisui, M, shiny|88/100
|-damage|p1a: Goodra|82/100|[from] Stealth Rock
|move|p2a: Clodsire|Toxic|p1a: Goodra
|-immune|p1a: Goodra
|
|-heal|p1a: Goodra|88/100|[from] item: Leftovers
|-heal|p2a: Clodsire|82/100|[from] item: Black Sludge
|upkeep
|turn|10
|
|t:|1778504152
|move|p1a: Goodra|Ice Beam|p2a: Clodsire
|-supereffective|p2a: Clodsire
|-damage|p2a: Clodsire|40/100
|move|p2a: Clodsire|High Horsepower|p1a: Goodra
|-supereffective|p1a: Goodra
|-damage|p1a: Goodra|33/100
|
|-heal|p1a: Goodra|39/100|[from] item: Leftovers
|-heal|p2a: Clodsire|46/100|[from] item: Black Sludge
|upkeep
|turn|11
|
|t:|1778504162
|move|p1a: Goodra|Ice Beam|p2a: Clodsire
|-supereffective|p2a: Clodsire
|-damage|p2a: Clodsire|6/100
|move|p2a: Clodsire|High Horsepower|p1a: Goodra
|-supereffective|p1a: Goodra
|-damage|p1a: Goodra|0 fnt
|faint|p1a: Goodra
|
|-heal|p2a: Clodsire|13/100|[from] item: Black Sludge
|upkeep
|
|t:|1778504167
|switch|p1a: Dragapult|Dragapult, F, shiny|71/100
|-damage|p1a: Dragapult|59/100|[from] Stealth Rock
|turn|12
|
|t:|1778504175
|move|p1a: Dragapult|Dragon Darts|p2a: Clodsire
|-crit|p2a: Clodsire
|-damage|p2a: Clodsire|0 fnt
|faint|p2a: Clodsire
|
|-heal|p1a: Dragapult|65/100|[from] item: Leftovers
|upkeep
|
|t:|1778504182
|switch|p2a: Tyranitar|Tyranitar, F|100/100
|-weather|Sandstorm|[from] ability: Sand Stream|[of] p2a: Tyranitar
|turn|13
|
|t:|1778504189
|switch|p1a: Dondozo|Dondozo, M, shiny|100/100
|-damage|p1a: Dondozo|88/100|[from] Stealth Rock
|move|p2a: Tyranitar|Knock Off|p1a: Dondozo
|-damage|p1a: Dondozo|64/100
|-enditem|p1a: Dondozo|Leftovers|[from] move: Knock Off|[of] p2a: Tyranitar
|
|-weather|Sandstorm|[upkeep]
|-damage|p1a: Dondozo|58/100|[from] Sandstorm
|upkeep
|turn|14
|
|t:|1778504199
|switch|p2a: Goodra|Goodra-Hisui, M|100/100
|move|p1a: Dondozo|Curse|p1a: Dondozo
|-unboost|p1a: Dondozo|spe|1
|-boost|p1a: Dondozo|atk|1
|-boost|p1a: Dondozo|def|1
|
|-weather|Sandstorm|[upkeep]
|-damage|p1a: Dondozo|52/100|[from] Sandstorm
|upkeep
|turn|15
|
|t:|1778504210
|move|p2a: Goodra|Draco Meteor|p1a: Dondozo
|-damage|p1a: Dondozo|0 fnt
|-unboost|p2a: Goodra|spa|2
|faint|p1a: Dondozo
|
|-weather|Sandstorm|[upkeep]
|upkeep
|
|t:|1778504216
|switch|p1a: Volcarona|Volcarona, M, shiny|100/100
|turn|16
|
|t:|1778504223
|move|p1a: Volcarona|Quiver Dance|p1a: Volcarona
|-boost|p1a: Volcarona|spa|1
|-boost|p1a: Volcarona|spd|1
|-boost|p1a: Volcarona|spe|1
|move|p2a: Goodra|Weather Ball|p1a: Volcarona
|-supereffective|p1a: Volcarona
|-damage|p1a: Volcarona|53/100
|
|-weather|Sandstorm|[upkeep]
|-damage|p1a: Volcarona|47/100|[from] Sandstorm
|upkeep
|turn|17
|
|t:|1778504234
|move|p1a: Volcarona|Fiery Dance|p2a: Goodra
|-damage|p2a: Goodra|59/100
|-boost|p1a: Volcarona|spa|1
|move|p2a: Goodra|Weather Ball|p1a: Volcarona
|-supereffective|p1a: Volcarona
|-damage|p1a: Volcarona|3/100
|
|-weather|none
|-heal|p2a: Goodra|65/100|[from] item: Leftovers
|upkeep
|turn|18
|
|t:|1778504245
|switch|p2a: Pelipper|Pelipper, F|100/100
|-weather|RainDance|[from] ability: Drizzle|[of] p2a: Pelipper
|move|p1a: Volcarona|Fiery Dance|p2a: Pelipper
|-resisted|p2a: Pelipper
|-damage|p2a: Pelipper|72/100
|-boost|p1a: Volcarona|spa|1
|
|-weather|RainDance|[upkeep]
|upkeep
|turn|19
|
|t:|1778504259
|move|p1a: Volcarona|Psychic|p2a: Pelipper
|-damage|p2a: Pelipper|0 fnt
|faint|p2a: Pelipper
|
|-weather|RainDance|[upkeep]
|upkeep
|
|t:|1778504264
|switch|p2a: Tyranitar|Tyranitar, F|100/100
|-weather|Sandstorm|[from] ability: Sand Stream|[of] p2a: Tyranitar
|turn|20
|
|t:|1778504273
|switch|p2a: Goodra|Goodra-Hisui, M|65/100
|move|p1a: Volcarona|Bug Buzz|p2a: Goodra
|-resisted|p2a: Goodra
|-damage|p2a: Goodra|8/100
|
|-weather|Sandstorm|[upkeep]
|-damage|p1a: Volcarona|0 fnt|[from] Sandstorm
|faint|p1a: Volcarona
|-heal|p2a: Goodra|14/100|[from] item: Leftovers
|upkeep
|
|t:|1778504281
|switch|p1a: Dragapult|Dragapult, F, shiny|65/100
|-damage|p1a: Dragapult|53/100|[from] Stealth Rock
|turn|21
|
|t:|1778504286
|move|p1a: Dragapult|Dragon Darts|p2a: Goodra
|-crit|p2a: Goodra
|-damage|p2a: Goodra|0 fnt
|faint|p2a: Goodra
|
|-weather|Sandstorm|[upkeep]
|-damage|p1a: Dragapult|47/100|[from] Sandstorm
|-heal|p1a: Dragapult|53/100|[from] item: Leftovers
|upkeep
|
|t:|1778504294
|switch|p2a: Tyranitar|Tyranitar, F|100/100
|turn|22
|
|t:|1778504315
|move|p1a: Dragapult|Dragon Darts|p2a: Tyranitar
|-damage|p2a: Tyranitar|76/100
|-anim|p1a: Dragapult|Dragon Darts|p2a: Tyranitar
|-damage|p2a: Tyranitar|51/100
|move|p2a: Tyranitar|Knock Off|p1a: Dragapult
|-supereffective|p1a: Dragapult
|-damage|p1a: Dragapult|0 fnt
|-enditem|p1a: Dragapult|Leftovers|[from] move: Knock Off|[of] p2a: Tyranitar
|faint|p1a: Dragapult
|
|-weather|Sandstorm|[upkeep]
|upkeep
|inactive|dhruvaaaa has 120 seconds left.
|
|t:|1778504331
|switch|p1a: Meowscarada|Meowscarada, M, shiny|100/100
|-damage|p1a: Meowscarada|88/100|[from] Stealth Rock
|turn|23
|
|t:|1778504337
|move|p1a: Meowscarada|Flower Trick|p2a: Tyranitar
|-start|p1a: Meowscarada|typechange|Grass|[from] ability: Protean
|-supereffective|p2a: Tyranitar
|-crit|p2a: Tyranitar
|-damage|p2a: Tyranitar|0 fnt
|faint|p2a: Tyranitar
|
|-weather|Sandstorm|[upkeep]
|-damage|p1a: Meowscarada|82/100|[from] Sandstorm
|upkeep
|
|t:|1778504347
|switch|p2a: Torterra|Torterra, F|100/100
|turn|24
|
|t:|1778504371
|-terastallize|p1a: Meowscarada|Dragon
|move|p1a: Meowscarada|Play Rough|p2a: Torterra
|-damage|p2a: Torterra|71/100
|move|p2a: Torterra|Shell Smash|p2a: Torterra
|-unboost|p2a: Torterra|def|1
|-unboost|p2a: Torterra|spd|1
|-boost|p2a: Torterra|atk|2
|-boost|p2a: Torterra|spa|2
|-boost|p2a: Torterra|spe|2
|
|-weather|none
|upkeep
|turn|25
|
|t:|1778504389
|move|p2a: Torterra|Headlong Rush|p1a: Meowscarada
|-crit|p1a: Meowscarada
|-damage|p1a: Meowscarada|0 fnt
|-unboost|p2a: Torterra|def|1
|-unboost|p2a: Torterra|spd|1
|faint|p1a: Meowscarada
|
|win|MADMANWHO
|raw|dhruvaaaa's rating: 1208 &rarr; <strong>1183</strong><br />(-25 for losing)
|raw|MADMANWHO's rating: 1206 &rarr; <strong>1231</strong><br />(+25 for winning)
|l|☆dhruvaaaa
|player|p1|
|l|☆MADMANWHO
|player|p2|
