|html|<div class="broadcast-blue"><strong>[Gen 9] OU is currently suspecting Volcarona! For information on how to participate check out the <a href="https://www.smogon.com/tools/suspects/view/208">suspect thread</a>.</strong></div>
|j|☆CaptainOrb
|j|☆lolcano46
|t:|1778511529
|gametype|singles
|player|p1|CaptainOrb|266|1523
|player|p2|lolcano46|fisherman-gen4|1481
|gen|9
|tier|[Gen 9] OU
|rated|
|rule|HP Percentage Mod: HP is shown in percentages
|rule|Endless Battle Clause: Forcing endless battles is banned
|rule|Species Clause: Limit one of each Pokémon
|rule|OHKO Clause: OHKO moves are banned
|rule|Evasion Items Clause: Evasion items are banned
|rule|Evasion Moves Clause: Evasion moves are banned
|rule|Evasion Abilities Clause: Evasion abilities are banned
|rule|Sleep Moves Clause: Sleep-inducing moves are banned
|clearpoke
|poke|p1|Dondozo, M|
|poke|p1|Blissey, F|
|poke|p1|Corviknight, M|
|poke|p1|Weezing-Galar, F|
|poke|p1|Gliscor, F|
|poke|p1|Toxapex, F|
|poke|p2|Azelf|
|poke|p2|Ogerpon-Wellspring, F|
|poke|p2|Scizor, F|
|poke|p2|Gengar, M|
|poke|p2|Raging Bolt|
|poke|p2|Cinderace, M|
|teampreview
|inactive|Battle timer is ON: inactive players will automatically lose when time's up. (requested by lolcano46)
|
|t:|1778511534
|teamsize|p1|6
|teamsize|p2|6
|start
|switch|p1a: Gliscor|Gliscor, F|100/100
|switch|p2a: Cinderace|Cinderace, M|100/100
|turn|1
|
|t:|1778511538
|move|p1a: Gliscor|Protect|p1a: Gliscor
|-singleturn|p1a: Gliscor|Protect
|move|p2a: Cinderace|Will-O-Wisp|p1a: Gliscor
|-activate|p1a: Gliscor|move: Protect
|
|-status|p1a: Gliscor|tox|[from] item: Toxic Orb
|upkeep
|turn|2
|
|t:|1778511540
|move|p2a: Cinderace|Pyro Ball|p1a: Gliscor
|-damage|p1a: Gliscor|55/100 tox
|move|p1a: Gliscor|Knock Off|p2a: Cinderace
|-damage|p2a: Cinderace|71/100
|-enditem|p2a: Cinderace|Heavy-Duty Boots|[from] move: Knock Off|[of] p1a: Gliscor
|
|-heal|p1a: Gliscor|68/100 tox|[from] ability: Poison Heal
|upkeep
|turn|3
|
|t:|1778511543
|move|p2a: Cinderace|Pyro Ball|p1a: Gliscor
|-damage|p1a: Gliscor|19/100 tox
|move|p1a: Gliscor|Earthquake|p2a: Cinderace
|-supereffective|p2a: Cinderace
|-damage|p2a: Cinderace|0 fnt
|faint|p2a: Cinderace
|
|-heal|p1a: Gliscor|32/100 tox|[from] ability: Poison Heal
|upkeep
|
|t:|1778511546
|switch|p2a: Ogerpon|Ogerpon-Wellspring, F|100/100
|turn|4
|
|t:|1778511550
|switch|p1a: Toxapex|Toxapex, F|100/100
|move|p2a: Ogerpon|Swords Dance|p2a: Ogerpon
|-boost|p2a: Ogerpon|atk|2
|
|upkeep
|turn|5
|
|t:|1778511552
|switch|p2a: Gengar|Gengar, M|100/100
|move|p1a: Toxapex|Haze|p1a: Toxapex
|-clearallboost
|
|upkeep
|turn|6
|
|t:|1778511556
|move|p2a: Gengar|Trick|p1a: Toxapex
|-activate|p2a: Gengar|move: Trick|[of] p1a: Toxapex
|-item|p1a: Toxapex|Choice Scarf|[from] move: Trick
|-item|p2a: Gengar|Leftovers|[from] move: Trick
|move|p1a: Toxapex|Poison Jab|p2a: Gengar
|-resisted|p2a: Gengar
|-damage|p2a: Gengar|92/100
|
|-heal|p2a: Gengar|98/100|[from] item: Leftovers
|upkeep
|turn|7
|
|t:|1778511564
|switch|p1a: Blissey|Blissey, F|100/100
|move|p2a: Gengar|Shadow Ball|p1a: Blissey
|-immune|p1a: Blissey
|
|-heal|p2a: Gengar|100/100|[from] item: Leftovers
|upkeep
|turn|8
|
|t:|1778511572
|move|p2a: Gengar|Sludge Bomb|p1a: Blissey
|-damage|p1a: Blissey|87/100
|move|p1a: Blissey|Stealth Rock|p2a: Gengar
|-sidestart|p2: lolcano46|move: Stealth Rock
|
|-heal|p1a: Blissey|93/100|[from] item: Leftovers
|upkeep
|turn|9
|
|t:|1778511579
|move|p2a: Gengar|Sludge Bomb|p1a: Blissey
|-damage|p1a: Blissey|78/100
|move|p1a: Blissey|Calm Mind|p1a: Blissey
|-boost|p1a: Blissey|spa|1
|-boost|p1a: Blissey|spd|1
|
|-heal|p1a: Blissey|84/100|[from] item: Leftovers
|upkeep
|turn|10
|
|t:|1778511583
|switch|p2a: Ogerpon|Ogerpon-Wellspring, F|100/100
|-damage|p2a: Ogerpon|88/100|[from] Stealth Rock
|switch|p1a: Toxapex|Toxapex, F|100/100
|
|upkeep
|turn|11
|
|t:|1778511587
|switch|p2a: Gengar|Gengar, M|100/100
|-damage|p2a: Gengar|88/100|[from] Stealth Rock
|move|p1a: Toxapex|Toxic|p2a: Gengar
|-immune|p2a: Gengar
|
|-heal|p2a: Gengar|94/100|[from] item: Leftovers
|upkeep
|turn|12
|
|t:|1778511591
|switch|p2a: Ogerpon|Ogerpon-Wellspring, F|88/100
|-damage|p2a: Ogerpon|76/100|[from] Stealth Rock
|switch|p1a: Blissey|Blissey, F|84/100
|
|-heal|p1a: Blissey|91/100|[from] item: Leftovers
|upkeep
|turn|13
|
|t:|1778511594
|switch|p1a: Corviknight|Corviknight, M|100/100
|-ability|p1a: Corviknight|Pressure
|move|p2a: Ogerpon|Swords Dance|p2a: Ogerpon
|-boost|p2a: Ogerpon|atk|2
|
|upkeep
|turn|14
|
|t:|1778511597
|switch|p1a: Dondozo|Dondozo, M|100/100
|-terastallize|p2a: Ogerpon|Water
|detailschange|p2a: Ogerpon|Ogerpon-Wellspring-Tera, F, tera:Water
|-ability|p2a: Ogerpon|Embody Aspect (Wellspring)|boost
|-boost|p2a: Ogerpon|spd|1
|move|p2a: Ogerpon|Ivy Cudgel|p1a: Dondozo|[anim] Ivy Cudgel Water
|-resisted|p1a: Dondozo
|-damage|p1a: Dondozo|84/100
|
|-heal|p1a: Dondozo|91/100|[from] item: Leftovers
|upkeep
|turn|15
|
|t:|1778511608
|-terastallize|p1a: Dondozo|Dragon
|move|p2a: Ogerpon|Horn Leech|p1a: Dondozo
|-resisted|p1a: Dondozo
|-damage|p1a: Dondozo|81/100
|-heal|p2a: Ogerpon|84/100|[from] drain|[of] p1a: Dondozo
|move|p1a: Dondozo|Body Press|p2a: Ogerpon
|-damage|p2a: Ogerpon|46/100
|
|-heal|p1a: Dondozo|87/100|[from] item: Leftovers
|upkeep
|turn|16
|j| magnesyum
|
|t:|1778511612
|move|p2a: Ogerpon|Play Rough|p1a: Dondozo
|-supereffective|p1a: Dondozo
|-damage|p1a: Dondozo|54/100
|move|p1a: Dondozo|Body Press|p2a: Ogerpon
|-damage|p2a: Ogerpon|8/100
|
|-heal|p1a: Dondozo|60/100|[from] item: Leftovers
|upkeep
|turn|17
|-message|lolcano46 forfeited.
|
|win|CaptainOrb
|raw|CaptainOrb's rating: 1523 &rarr; <strong>1541</strong><br />(+18 for winning)
|raw|lolcano46's rating: 1481 &rarr; <strong>1463</strong><br />(-18 for losing)
|l|☆lolcano46
|player|p2|
|l|☆CaptainOrb
|player|p1|
|l| magnesyum
