|html|<div class="broadcast-blue"><strong>[Gen 9] OU is currently suspecting Tera Blast! For information on how to participate check out the <a href="https://www.smogon.com/tools/suspects/view/200">suspect thread</a>.</strong></div>
|j|☆CannonAnon
|j|☆IDK4AName
|t:|1776293544
|gametype|singles
|player|p1|CannonAnon|266|1139
|player|p2|IDK4AName|guitarist|1196
|gen|9
|tier|[Gen 9] OU
|rated|
|rule|HP Percentage Mod: HP is shown in percentages
|rule|Endless Battle Clause: Forcing endless battles is banned
|rule|Species Clause: Limit one of each Pokémon
|rule|OHKO Clause: OHKO moves are banned
|rule|Evasion Items Clause: Evasion items are banned
|rule|Evasion Moves Clause: Evasion moves are banned
|rule|Evasion Abilities Clause: Evasion abilities are banned
|rule|Sleep Moves Clause: Sleep-inducing moves are banned
|clearpoke
|poke|p1|Gliscor, M|
|poke|p1|Great Tusk|
|poke|p1|Greninja-*, M|
|poke|p1|Iron Moth|
|poke|p1|Glimmora, M|
|poke|p1|Dragapult, F|
|poke|p2|Meowstic-F, F|
|poke|p2|Flygon, F|
|poke|p2|Iron Moth|
|poke|p2|Grimmsnarl, M|
|poke|p2|Galvantula, F|
|poke|p2|Iron Treads|
|teampreview
|
|t:|1776293561
|teamsize|p1|6
|teamsize|p2|6
|start
|switch|p1a: Glimmora|Glimmora, M|100/100
|switch|p2a: Flygon|Flygon, F|100/100
|turn|1
|
|t:|1776293571
|switch|p1a: Gliscor|Gliscor, M|100/100
|move|p2a: Flygon|Earthquake|p1a: Gliscor
|-immune|p1a: Gliscor
|
|-status|p1a: Gliscor|tox|[from] item: Toxic Orb
|upkeep
|turn|2
|
|t:|1776293580
|switch|p2a: Iron Treads|Iron Treads|100/100
|move|p1a: Gliscor|Toxic|p2a: Iron Treads
|-immune|p2a: Iron Treads
|
|upkeep
|turn|3
|
|t:|1776293594
|-end|p2a: Iron Treads|Quark Drive|[silent]
|switch|p2a: Iron Moth|Iron Moth, shiny|100/100
|-enditem|p2a: Iron Moth|Booster Energy
|-activate|p2a: Iron Moth|ability: Quark Drive|[fromitem]
|-start|p2a: Iron Moth|quarkdrivespa
|move|p1a: Gliscor|Substitute|p1a: Gliscor
|-start|p1a: Gliscor|Substitute
|-damage|p1a: Gliscor|75/100 tox
|
|-heal|p1a: Gliscor|88/100 tox|[from] ability: Poison Heal
|upkeep
|turn|4
|
|t:|1776293603
|move|p2a: Iron Moth|Fiery Dance|p1a: Gliscor
|-end|p1a: Gliscor|Substitute
|-boost|p2a: Iron Moth|spa|1
|move|p1a: Gliscor|Earthquake|p2a: Iron Moth
|-supereffective|p2a: Iron Moth
|-damage|p2a: Iron Moth|0 fnt
|faint|p2a: Iron Moth
|-end|p2a: Iron Moth|Quark Drive|[silent]
|
|-heal|p1a: Gliscor|100/100 tox|[from] ability: Poison Heal
|upkeep
|
|t:|1776293615
|switch|p2a: Meowstic|Meowstic-F, F, shiny|100/100
|turn|5
|
|t:|1776293619
|move|p2a: Meowstic|Psychic Noise|p1a: Gliscor
|-damage|p1a: Gliscor|65/100 tox
|-start|p1a: Gliscor|move: Heal Block
|move|p1a: Gliscor|Knock Off|p2a: Meowstic
|-supereffective|p2a: Meowstic
|-damage|p2a: Meowstic|39/100
|-enditem|p2a: Meowstic|Covert Cloak|[from] move: Knock Off|[of] p1a: Gliscor
|
|upkeep
|turn|6
|
|t:|1776293630
|move|p2a: Meowstic|Psychic Noise|p1a: Gliscor
|-damage|p1a: Gliscor|31/100 tox
|move|p1a: Gliscor|Earthquake|p2a: Meowstic
|-damage|p2a: Meowstic|0 fnt
|faint|p2a: Meowstic
|
|-end|p1a: Gliscor|move: Heal Block
|upkeep
|
|t:|1776293643
|switch|p2a: Flygon|Flygon, F|100/100
|turn|7
|
|t:|1776293652
|move|p2a: Flygon|Outrage|p1a: Gliscor
|-damage|p1a: Gliscor|0 fnt
|faint|p1a: Gliscor
|
|upkeep
|
|t:|1776293659
|switch|p1a: Glimmora|Glimmora, M|100/100
|turn|8
|
|t:|1776293673
|move|p2a: Flygon|Outrage|p1a: Glimmora|[from] lockedmove
|-damage|p1a: Glimmora|54/100
|-activate|p1a: Glimmora|ability: Toxic Debris
|-sidestart|p2: IDK4AName|move: Toxic Spikes
|move|p1a: Glimmora|Spikes|p2a: Flygon
|-sidestart|p2: IDK4AName|Spikes
|
|-heal|p1a: Glimmora|60/100|[from] item: Leftovers
|upkeep
|turn|9
|
|t:|1776293681
|move|p2a: Flygon|Outrage|p1a: Glimmora|[from] lockedmove
|-damage|p1a: Glimmora|14/100
|-activate|p1a: Glimmora|ability: Toxic Debris
|-sidestart|p2: IDK4AName|move: Toxic Spikes
|-start|p2a: Flygon|confusion|[fatigue]
|move|p1a: Glimmora|Spikes|p2a: Flygon
|-sidestart|p2: IDK4AName|Spikes
|
|-heal|p1a: Glimmora|20/100|[from] item: Leftovers
|upkeep
|turn|10
|
|t:|1776293707
|switch|p1a: Great Tusk|Great Tusk|100/100
|-activate|p2a: Flygon|confusion
|move|p2a: Flygon|Outrage|p1a: Great Tusk
|-damage|p1a: Great Tusk|73/100
|
|upkeep
|turn|11
|
|t:|1776293717
|-activate|p2a: Flygon|confusion
|-damage|p2a: Flygon|83/100|[from] confusion
|move|p1a: Great Tusk|Stealth Rock|p2a: Flygon
|-sidestart|p2: IDK4AName|move: Stealth Rock
|
|upkeep
|turn|12
|
|t:|1776293724
|-activate|p2a: Flygon|confusion
|-damage|p2a: Flygon|68/100|[from] confusion
|move|p1a: Great Tusk|Rapid Spin|p2a: Flygon
|-damage|p2a: Flygon|47/100
|-boost|p1a: Great Tusk|spe|1
|
|upkeep
|turn|13
|
|t:|1776293732
|-end|p2a: Flygon|confusion
|move|p2a: Flygon|Outrage|p1a: Great Tusk
|-damage|p1a: Great Tusk|46/100
|move|p1a: Great Tusk|Rapid Spin|p2a: Flygon
|-damage|p2a: Flygon|24/100
|-boost|p1a: Great Tusk|spe|1
|
|upkeep
|turn|14
|
|t:|1776293748
|move|p2a: Flygon|Outrage|p1a: Great Tusk|[from] lockedmove
|-damage|p1a: Great Tusk|18/100
|move|p1a: Great Tusk|Body Press|p2a: Flygon
|-damage|p2a: Flygon|0 fnt
|faint|p2a: Flygon
|
|upkeep
|
|t:|1776293751
|switch|p2a: Galvantula|Galvantula, F|100/100
|turn|15
|
|t:|1776293760
|move|p1a: Great Tusk|Earthquake|p2a: Galvantula
|-damage|p2a: Galvantula|15/100
|move|p2a: Galvantula|Bug Buzz|p1a: Great Tusk
|-resisted|p1a: Great Tusk
|-damage|p1a: Great Tusk|0 fnt
|faint|p1a: Great Tusk
|-end|p1a: Great Tusk|Protosynthesis|[silent]
|
|upkeep
|
|t:|1776293773
|switch|p1a: Iron Moth|Iron Moth|100/100
|-enditem|p1a: Iron Moth|Booster Energy
|-activate|p1a: Iron Moth|ability: Quark Drive|[fromitem]
|-start|p1a: Iron Moth|quarkdrivespa
|turn|16
|
|t:|1776293779
|move|p1a: Iron Moth|Fiery Dance|p2a: Galvantula
|-supereffective|p2a: Galvantula
|-damage|p2a: Galvantula|0 fnt
|-boost|p1a: Iron Moth|spa|1
|faint|p2a: Galvantula
|
|upkeep
|
|t:|1776293782
|switch|p2a: Iron Treads|Iron Treads|100/100
|-damage|p2a: Iron Treads|84/100|[from] Spikes
|-damage|p2a: Iron Treads|81/100|[from] Stealth Rock
|turn|17
|
|t:|1776293793
|move|p1a: Iron Moth|Fiery Dance|p2a: Iron Treads
|-supereffective|p2a: Iron Treads
|-damage|p2a: Iron Treads|0 fnt
|faint|p2a: Iron Treads
|-end|p2a: Iron Treads|Quark Drive|[silent]
|
|upkeep
|
|t:|1776293795
|switch|p2a: Grimmsnarl|Grimmsnarl, M, shiny|100/100
|-status|p2a: Grimmsnarl|tox
|-damage|p2a: Grimmsnarl|84/100 tox|[from] Spikes
|-damage|p2a: Grimmsnarl|72/100 tox|[from] Stealth Rock
|turn|18
|
|t:|1776293804
|move|p1a: Iron Moth|Sludge Wave|p2a: Grimmsnarl
|-supereffective|p2a: Grimmsnarl
|-damage|p2a: Grimmsnarl|0 fnt
|faint|p2a: Grimmsnarl
|
|win|CannonAnon
|raw|CannonAnon's rating: 1139 &rarr; <strong>1168</strong><br />(+29 for winning)
|raw|IDK4AName's rating: 1196 &rarr; <strong>1167</strong><br />(-29 for losing)
