|html|<div class="broadcast-blue"><strong>[Gen 9] OU is currently suspecting Tera Blast! For information on how to participate check out the <a href="https://www.smogon.com/tools/suspects/view/200">suspect thread</a>.</strong></div>
|j|☆Fermin59
|j|☆1235j
|t:|1776034495
|gametype|singles
|player|p1|Fermin59|lucas|1100
|player|p2|1235j|101|1081
|gen|9
|tier|[Gen 9] OU
|rated|
|rule|HP Percentage Mod: HP is shown in percentages
|rule|Endless Battle Clause: Forcing endless battles is banned
|rule|Species Clause: Limit one of each Pokémon
|rule|OHKO Clause: OHKO moves are banned
|rule|Evasion Items Clause: Evasion items are banned
|rule|Evasion Moves Clause: Evasion moves are banned
|rule|Evasion Abilities Clause: Evasion abilities are banned
|rule|Sleep Moves Clause: Sleep-inducing moves are banned
|clearpoke
|poke|p1|Ribombee, F|
|poke|p1|Scizor, M|
|poke|p1|Heracross, M|
|poke|p1|Vikavolt, F|
|poke|p1|Forretress, M|
|poke|p1|Araquanid, F|
|poke|p2|Blaziken, F|
|poke|p2|Grafaiai, F|
|poke|p2|Cyclizar, M|
|poke|p2|Iron Crown|
|poke|p2|Drifblim, M|
|poke|p2|Primarina, M|
|teampreview
|l|☆1235j
|player|p2|
|inactive|Battle timer is ON: inactive players will automatically lose when time's up. (requested by Fermin59)
|inactive|1235j has 30 seconds to reconnect!
|inactive|1235j has 20 seconds to reconnect!
|j|☆1235j
|inactive|1235j reconnected and has 110 seconds left.
|player|p2|1235j|101|
|
|t:|1776034590
|teamsize|p1|6
|teamsize|p2|6
|start
|switch|p1a: Ribombee|Ribombee, F|100/100
|switch|p2a: Pooh Shiesty|Grafaiai, F|100/100
|turn|1
|l|☆1235j
|inactive|1235j disconnected and has a minute to reconnect!
|player|p2|
|j|☆1235j
|inactive|1235j reconnected and has 130 seconds left.
|player|p2|1235j|101|
|inactiveoff|Battle timer is now OFF.
|
|t:|1776034613
|move|p1a: Ribombee|Sticky Web|p2a: Pooh Shiesty
|-sidestart|p2: 1235j|move: Sticky Web
|move|p2a: Pooh Shiesty|U-turn|p1a: Ribombee
|-resisted|p1a: Ribombee
|-damage|p1a: Ribombee|81/100
|
|t:|1776034621
|switch|p2a: King Von|Cyclizar, M|100/100|[from] U-turn
|-activate|p2a: King Von|move: Sticky Web
|-unboost|p2a: King Von|spe|1
|
|upkeep
|turn|2
|
|t:|1776034642
|-terastallize|p2a: King Von|Steel
|move|p1a: Ribombee|Moonblast|p2a: King Von
|-resisted|p2a: King Von
|-damage|p2a: King Von|67/100
|move|p2a: King Von|Rapid Spin|p1a: Ribombee
|-damage|p1a: Ribombee|37/100
|-boost|p2a: King Von|spe|1
|-sideend|p2: 1235j|Sticky Web|[from] move: Rapid Spin|[of] p2a: King Von
|
|upkeep
|turn|3
|l|☆1235j
|player|p2|
|j|☆1235j
|player|p2|1235j|101|
|l|☆1235j
|player|p2|
|j|☆1235j
|player|p2|1235j|101|
|inactive|Battle timer is ON: inactive players will automatically lose when time's up. (requested by Fermin59)
|
|t:|1776034693
|switch|p1a: Heracross|Heracross, M|100/100
|move|p2a: King Von|Supercell Slam|p1a: Heracross
|-damage|p1a: Heracross|58/100
|
|upkeep
|turn|4
|
|t:|1776034705
|move|p1a: Heracross|Close Combat|p2a: King Von
|-supereffective|p2a: King Von
|-damage|p2a: King Von|0 fnt
|-unboost|p1a: Heracross|def|1
|-unboost|p1a: Heracross|spd|1
|faint|p2a: King Von
|
|upkeep
|
|t:|1776034716
|switch|p2a: Tay-k|Blaziken, F|100/100
|-item|p2a: Tay-k|Air Balloon
|turn|5
|
|t:|1776034727
|move|p1a: Heracross|Close Combat|p2a: Tay-k
|-damage|p2a: Tay-k|0 fnt
|-unboost|p1a: Heracross|def|1
|-unboost|p1a: Heracross|spd|1
|-enditem|p2a: Tay-k|Air Balloon
|faint|p2a: Tay-k
|
|upkeep
|inactive|1235j has 120 seconds left.
|
|t:|1776034762
|switch|p2a: Kanye West|Primarina, M|100/100
|turn|6
|
|t:|1776034772
|switch|p1a: Forretress|Forretress, M, shiny|100/100
|move|p2a: Kanye West|Hyper Voice|p1a: Forretress
|-damage|p1a: Forretress|28/100
|
|-heal|p1a: Forretress|35/100|[from] item: Leftovers
|upkeep
|turn|7
|inactive|1235j has 120 seconds left.
|
|t:|1776034789
|move|p2a: Kanye West|Hyper Voice|p1a: Forretress
|-damage|p1a: Forretress|0 fnt
|faint|p1a: Forretress
|
|upkeep
|
|t:|1776034792
|switch|p1a: Vikavolt|Vikavolt, F, shiny|100/100
|turn|8
|inactive|1235j has 120 seconds left.
|
|t:|1776034810
|switch|p2a: Lil Peep|Drifblim, M|100/100
|move|p1a: Vikavolt|Thunderbolt|p2a: Lil Peep
|-supereffective|p2a: Lil Peep
|-damage|p2a: Lil Peep|0 fnt
|faint|p2a: Lil Peep
|
|upkeep
|l|☆1235j
|inactive|1235j disconnected and has a minute to reconnect!
|player|p2|
|j|☆1235j
|inactive|1235j reconnected and has 90 seconds left.
|player|p2|1235j|101|
|
|t:|1776034842
|switch|p2a: Pooh Shiesty|Grafaiai, F|100/100
|turn|9
|inactive|1235j has 90 seconds left.
|
|t:|1776034853
|move|p2a: Pooh Shiesty|Cross Poison|p1a: Vikavolt
|-crit|p1a: Vikavolt
|-damage|p1a: Vikavolt|44/100
|move|p1a: Vikavolt|Thunderbolt|p2a: Pooh Shiesty
|-damage|p2a: Pooh Shiesty|2/100
|
|upkeep
|turn|10
|inactive|1235j has 90 seconds left.
|
|t:|1776034869
|switch|p1a: Scyth3r|Scizor, M, shiny|100/100
|move|p2a: Pooh Shiesty|U-turn|p1a: Scyth3r
|-resisted|p1a: Scyth3r
|-damage|p1a: Scyth3r|90/100
|
|t:|1776034878
|switch|p2a: YNW Melly|Iron Crown|100/100|[from] U-turn
|-enditem|p2a: YNW Melly|Booster Energy
|-activate|p2a: YNW Melly|ability: Quark Drive|[fromitem]
|-start|p2a: YNW Melly|quarkdrivespa
|
|upkeep
|turn|11
|
|t:|1776034889
|move|p2a: YNW Melly|Tachyon Cutter|p1a: Scyth3r
|-resisted|p1a: Scyth3r
|-damage|p1a: Scyth3r|71/100
|-resisted|p1a: Scyth3r
|-damage|p1a: Scyth3r|53/100
|-hitcount|p1a: Scyth3r|2
|move|p1a: Scyth3r|Knock Off|p2a: YNW Melly
|-supereffective|p2a: YNW Melly
|-damage|p2a: YNW Melly|27/100
|
|upkeep
|turn|12
|
|t:|1776034901
|move|p2a: YNW Melly|Tachyon Cutter|p1a: Scyth3r
|-resisted|p1a: Scyth3r
|-damage|p1a: Scyth3r|34/100
|-resisted|p1a: Scyth3r
|-damage|p1a: Scyth3r|16/100
|-hitcount|p1a: Scyth3r|2
|move|p1a: Scyth3r|Knock Off|p2a: YNW Melly
|-supereffective|p2a: YNW Melly
|-damage|p2a: YNW Melly|0 fnt
|faint|p2a: YNW Melly
|-end|p2a: YNW Melly|Quark Drive|[silent]
|
|upkeep
|
|t:|1776034913
|switch|p2a: Kanye West|Primarina, M|100/100
|turn|13
|
|t:|1776034922
|switch|p1a: Araquanid|Araquanid, F|100/100
|move|p2a: Kanye West|Hyper Voice|p1a: Araquanid
|-resisted|p1a: Araquanid
|-damage|p1a: Araquanid|88/100
|
|upkeep
|turn|14
|
|t:|1776034930
|move|p2a: Kanye West|Energy Ball|p1a: Araquanid
|-damage|p1a: Araquanid|71/100
|move|p1a: Araquanid|Mirror Coat|p2a: Kanye West
|-damage|p2a: Kanye West|69/100
|
|-heal|p2a: Kanye West|75/100|[from] item: Leftovers
|upkeep
|turn|15
|inactive|1235j has 90 seconds left.
|
|t:|1776034939
|move|p2a: Kanye West|Encore|p1a: Araquanid
|-start|p1a: Araquanid|Encore
|move|p1a: Araquanid|Mirror Coat||[still]
|-fail|p1a: Araquanid
|
|-heal|p2a: Kanye West|81/100|[from] item: Leftovers
|upkeep
|turn|16
|inactive|1235j has 90 seconds left.
|
|t:|1776034951
|switch|p2a: Pooh Shiesty|Grafaiai, F|2/100
|move|p1a: Araquanid|Mirror Coat||[still]
|-fail|p1a: Araquanid
|
|upkeep
|turn|17
|inactive|1235j has 90 seconds left.
|
|t:|1776034965
|switch|p1a: Ribombee|Ribombee, F|37/100
|move|p2a: Pooh Shiesty|Knock Off|p1a: Ribombee
|-resisted|p1a: Ribombee
|-crit|p1a: Ribombee
|-damage|p1a: Ribombee|0 fnt
|-enditem|p1a: Ribombee|Focus Sash|[from] move: Knock Off|[of] p2a: Pooh Shiesty
|faint|p1a: Ribombee
|
|upkeep
|
|t:|1776034969
|switch|p1a: Scyth3r|Scizor, M, shiny|16/100
|turn|18
|inactive|1235j has 90 seconds left.
|
|t:|1776034987
|move|p1a: Scyth3r|Bullet Punch|p2a: Pooh Shiesty
|-damage|p2a: Pooh Shiesty|0 fnt
|faint|p2a: Pooh Shiesty
|
|upkeep
|inactive|1235j has 90 seconds left.
|
|t:|1776034992
|switch|p2a: Kanye West|Primarina, M|81/100
|turn|19
|
|t:|1776035002
|move|p1a: Scyth3r|Bullet Punch|p2a: Kanye West
|-damage|p2a: Kanye West|15/100
|move|p2a: Kanye West|Hyper Voice|p1a: Scyth3r
|-damage|p1a: Scyth3r|0 fnt
|faint|p1a: Scyth3r
|
|-heal|p2a: Kanye West|21/100|[from] item: Leftovers
|upkeep
|-message|1235j forfeited.
|
|win|Fermin59
|raw|Fermin59's rating: 1074 &rarr; <strong>1103</strong><br />(+29 for winning)
|raw|1235j's rating: 1081 &rarr; <strong>1058</strong><br />(-23 for losing)
|l|☆1235j
|player|p2|
|l|☆Fermin59
|player|p1|
