|html|<div class="broadcast-blue"><strong>[Gen 9] OU is currently suspecting Tera Blast! For information on how to participate check out the <a href="https://www.smogon.com/tools/suspects/view/200">suspect thread</a>.</strong></div>
|j|☆PinguButGood
|j|☆dubsubsib
|t:|1776189526
|gametype|singles
|player|p1|PinguButGood|falkner|1110
|player|p2|dubsubsib|266|1093
|gen|9
|tier|[Gen 9] OU
|rated|
|rule|HP Percentage Mod: HP is shown in percentages
|rule|Endless Battle Clause: Forcing endless battles is banned
|rule|Species Clause: Limit one of each Pokémon
|rule|OHKO Clause: OHKO moves are banned
|rule|Evasion Items Clause: Evasion items are banned
|rule|Evasion Moves Clause: Evasion moves are banned
|rule|Evasion Abilities Clause: Evasion abilities are banned
|rule|Sleep Moves Clause: Sleep-inducing moves are banned
|clearpoke
|poke|p1|Kyurem|
|poke|p1|Rillaboom, F|
|poke|p1|Garganacl, F|
|poke|p1|Pecharunt|
|poke|p1|Iron Treads|
|poke|p1|Zamazenta-*|
|poke|p2|Dragonite, F|
|poke|p2|Greninja-*, F|
|poke|p2|Tyranitar, M|
|poke|p2|Excadrill, M|
|poke|p2|Dragapult, M|
|poke|p2|Incineroar, F|
|teampreview
|inactive|Battle timer is ON: inactive players will automatically lose when time's up. (requested by PinguButGood)
|
|t:|1776189531
|teamsize|p1|6
|teamsize|p2|6
|start
|switch|p1a: Pecharunt|Pecharunt|100/100
|switch|p2a: Dragapult|Dragapult, M, shiny|100/100
|turn|1
|
|t:|1776189543
|move|p2a: Dragapult|Shadow Ball|p1a: Pecharunt
|-supereffective|p1a: Pecharunt
|-damage|p1a: Pecharunt|0 fnt
|faint|p1a: Pecharunt
|
|upkeep
|
|t:|1776189552
|switch|p1a: Rillaboom|Rillaboom, F|100/100
|-fieldstart|move: Grassy Terrain|[from] ability: Grassy Surge|[of] p1a: Rillaboom
|turn|2
|
|t:|1776189558
|switch|p2a: Incineroar|Incineroar, F, shiny|100/100
|-ability|p2a: Incineroar|Intimidate|boost
|-unboost|p1a: Rillaboom|atk|1
|move|p1a: Rillaboom|Knock Off|p2a: Incineroar
|-resisted|p2a: Incineroar
|-damage|p2a: Incineroar|85/100
|-enditem|p2a: Incineroar|Assault Vest|[from] move: Knock Off|[of] p1a: Rillaboom
|
|-heal|p2a: Incineroar|91/100|[from] Grassy Terrain
|upkeep
|turn|3
|
|t:|1776189570
|switch|p1a: Garganacl|Garganacl, F|100/100
|move|p2a: Incineroar|Fake Out|p1a: Garganacl
|-resisted|p1a: Garganacl
|-damage|p1a: Garganacl|96/100
|
|-heal|p2a: Incineroar|97/100|[from] Grassy Terrain
|-heal|p1a: Garganacl|100/100|[from] Grassy Terrain
|upkeep
|turn|4
|
|t:|1776189582
|move|p2a: Incineroar|U-turn|p1a: Garganacl
|-damage|p1a: Garganacl|86/100
|
|t:|1776189587
|switch|p2a: Tyranitar|Tyranitar, M, shiny|100/100|[from] U-turn
|-weather|Sandstorm|[from] ability: Sand Stream|[of] p2a: Tyranitar
|move|p1a: Garganacl|Salt Cure|p2a: Tyranitar
|-damage|p2a: Tyranitar|90/100
|-start|p2a: Tyranitar|Salt Cure
|
|-weather|Sandstorm|[upkeep]
|-heal|p2a: Tyranitar|96/100|[from] Grassy Terrain
|-heal|p1a: Garganacl|92/100|[from] Grassy Terrain
|-heal|p1a: Garganacl|98/100|[from] item: Leftovers
|-damage|p2a: Tyranitar|84/100|[from] Salt Cure
|upkeep
|turn|5
|
|t:|1776189612
|switch|p1a: Zamazenta|Zamazenta|100/100
|-ability|p1a: Zamazenta|Dauntless Shield|boost
|-boost|p1a: Zamazenta|def|1
|move|p2a: Tyranitar|Stealth Rock|p1a: Zamazenta
|-sidestart|p1: PinguButGood|move: Stealth Rock
|
|-weather|Sandstorm|[upkeep]
|-damage|p1a: Zamazenta|94/100|[from] Sandstorm
|-heal|p1a: Zamazenta|100/100|[from] Grassy Terrain
|-heal|p2a: Tyranitar|90/100|[from] Grassy Terrain
|-damage|p2a: Tyranitar|78/100|[from] Salt Cure
|upkeep
|turn|6
|
|t:|1776189626
|switch|p2a: Dragapult|Dragapult, M, shiny|100/100
|move|p1a: Zamazenta|Crunch|p2a: Dragapult
|-supereffective|p2a: Dragapult
|-damage|p2a: Dragapult|46/100
|
|-weather|Sandstorm|[upkeep]
|-damage|p2a: Dragapult|40/100|[from] Sandstorm
|-damage|p1a: Zamazenta|94/100|[from] Sandstorm
|-heal|p2a: Dragapult|46/100|[from] Grassy Terrain
|-heal|p1a: Zamazenta|100/100|[from] Grassy Terrain
|-fieldend|move: Grassy Terrain
|upkeep
|turn|7
|
|t:|1776189639
|move|p2a: Dragapult|Draco Meteor|p1a: Zamazenta
|-damage|p1a: Zamazenta|30/100
|-unboost|p2a: Dragapult|spa|2
|move|p1a: Zamazenta|Crunch|p2a: Dragapult
|-supereffective|p2a: Dragapult
|-damage|p2a: Dragapult|0 fnt
|faint|p2a: Dragapult
|
|-weather|Sandstorm|[upkeep]
|-damage|p1a: Zamazenta|24/100|[from] Sandstorm
|-heal|p1a: Zamazenta|30/100|[from] item: Leftovers
|upkeep
|
|t:|1776189652
|switch|p2a: Excadrill|Excadrill, M, shiny|100/100
|turn|8
|
|t:|1776189656
|move|p2a: Excadrill|Earthquake|p1a: Zamazenta
|-damage|p1a: Zamazenta|1/100
|move|p1a: Zamazenta|Body Press|p2a: Excadrill
|-supereffective|p2a: Excadrill
|-enditem|p2a: Excadrill|Focus Sash
|-damage|p2a: Excadrill|1/100
|
|-weather|Sandstorm|[upkeep]
|-damage|p1a: Zamazenta|0 fnt|[from] Sandstorm
|faint|p1a: Zamazenta
|upkeep
|
|t:|1776189666
|switch|p1a: Iron Treads|Iron Treads|100/100
|-damage|p1a: Iron Treads|98/100|[from] Stealth Rock
|turn|9
|
|t:|1776189675
|move|p2a: Excadrill|Earthquake|p1a: Iron Treads
|-supereffective|p1a: Iron Treads
|-damage|p1a: Iron Treads|0 fnt
|faint|p1a: Iron Treads
|-end|p1a: Iron Treads|Quark Drive|[silent]
|
|-weather|Sandstorm|[upkeep]
|upkeep
|
|t:|1776189681
|switch|p1a: Rillaboom|Rillaboom, F|100/100
|-damage|p1a: Rillaboom|88/100|[from] Stealth Rock
|-fieldstart|move: Grassy Terrain|[from] ability: Grassy Surge|[of] p1a: Rillaboom
|turn|10
|
|t:|1776189689
|switch|p2a: Incineroar|Incineroar, F, shiny|97/100
|-ability|p2a: Incineroar|Intimidate|boost
|-unboost|p1a: Rillaboom|atk|1
|move|p1a: Rillaboom|Grassy Glide|p2a: Incineroar
|-resisted|p2a: Incineroar
|-damage|p2a: Incineroar|78/100
|
|-weather|Sandstorm|[upkeep]
|-damage|p1a: Rillaboom|82/100|[from] Sandstorm
|-damage|p2a: Incineroar|72/100|[from] Sandstorm
|-heal|p1a: Rillaboom|88/100|[from] Grassy Terrain
|-heal|p2a: Incineroar|78/100|[from] Grassy Terrain
|upkeep
|turn|11
|
|t:|1776189702
|switch|p1a: Garganacl|Garganacl, F|98/100
|-damage|p1a: Garganacl|86/100|[from] Stealth Rock
|move|p2a: Incineroar|U-turn|p1a: Garganacl
|-damage|p1a: Garganacl|68/100
|
|t:|1776189712
|switch|p2a: Tyranitar|Tyranitar, M, shiny|78/100|[from] U-turn
|
|-weather|none
|-heal|p2a: Tyranitar|84/100|[from] Grassy Terrain
|-heal|p1a: Garganacl|75/100|[from] Grassy Terrain
|-heal|p1a: Garganacl|81/100|[from] item: Leftovers
|upkeep
|turn|12
|
|t:|1776189721
|switch|p1a: Rillaboom|Rillaboom, F|88/100
|-damage|p1a: Rillaboom|76/100|[from] Stealth Rock
|move|p2a: Tyranitar|Earthquake|p1a: Rillaboom
|-resisted|p1a: Rillaboom
|-damage|p1a: Rillaboom|64/100
|
|-heal|p1a: Rillaboom|70/100|[from] Grassy Terrain
|-heal|p2a: Tyranitar|90/100|[from] Grassy Terrain
|upkeep
|turn|13
|
|t:|1776189732
|move|p1a: Rillaboom|U-turn|p2a: Tyranitar
|-supereffective|p2a: Tyranitar
|-damage|p2a: Tyranitar|26/100
|
|t:|1776189743
|switch|p1a: Garganacl|Garganacl, F|81/100|[from] U-turn
|-damage|p1a: Garganacl|68/100|[from] Stealth Rock
|move|p2a: Tyranitar|Thunder Wave|p1a: Garganacl
|-immune|p1a: Garganacl|[from] ability: Purifying Salt
|
|-heal|p2a: Tyranitar|32/100|[from] Grassy Terrain
|-heal|p1a: Garganacl|75/100|[from] Grassy Terrain
|-heal|p1a: Garganacl|81/100|[from] item: Leftovers
|upkeep
|turn|14
|
|t:|1776189757
|switch|p2a: Incineroar|Incineroar, F, shiny|78/100
|-ability|p2a: Incineroar|Intimidate|boost
|-unboost|p1a: Garganacl|atk|1
|move|p1a: Garganacl|Salt Cure|p2a: Incineroar
|-supereffective|p2a: Incineroar
|-damage|p2a: Incineroar|61/100
|-start|p2a: Incineroar|Salt Cure
|
|-heal|p2a: Incineroar|67/100|[from] Grassy Terrain
|-heal|p1a: Garganacl|87/100|[from] Grassy Terrain
|-heal|p1a: Garganacl|93/100|[from] item: Leftovers
|-damage|p2a: Incineroar|54/100|[from] Salt Cure
|-fieldend|move: Grassy Terrain
|upkeep
|turn|15
|
|t:|1776189771
|switch|p2a: Tyranitar|Tyranitar, M, shiny|32/100
|-weather|Sandstorm|[from] ability: Sand Stream|[of] p2a: Tyranitar
|move|p1a: Garganacl|Salt Cure|p2a: Tyranitar
|-damage|p2a: Tyranitar|25/100
|-start|p2a: Tyranitar|Salt Cure
|
|-weather|Sandstorm|[upkeep]
|-heal|p1a: Garganacl|99/100|[from] item: Leftovers
|-damage|p2a: Tyranitar|12/100|[from] Salt Cure
|upkeep
|turn|16
|
|t:|1776189783
|move|p2a: Tyranitar|Earthquake|p1a: Garganacl
|-supereffective|p1a: Garganacl
|-damage|p1a: Garganacl|51/100
|move|p1a: Garganacl|Salt Cure|p2a: Tyranitar
|-damage|p2a: Tyranitar|5/100
|
|-weather|Sandstorm|[upkeep]
|-heal|p1a: Garganacl|57/100|[from] item: Leftovers
|-damage|p2a: Tyranitar|0 fnt|[from] Salt Cure
|faint|p2a: Tyranitar
|upkeep
|
|t:|1776189795
|switch|p2a: Greninja|Greninja, F, shiny|100/100
|turn|17
|
|t:|1776189808
|-terastallize|p1a: Garganacl|Water
|move|p2a: Greninja|Ice Beam|p1a: Garganacl
|-start|p2a: Greninja|typechange|Ice|[from] ability: Protean
|-resisted|p1a: Garganacl
|-damage|p1a: Garganacl|43/100
|move|p1a: Garganacl|Recover|p1a: Garganacl
|-heal|p1a: Garganacl|93/100
|
|-weather|Sandstorm|[upkeep]
|-damage|p2a: Greninja|95/100|[from] Sandstorm
|-damage|p1a: Garganacl|87/100|[from] Sandstorm
|-heal|p1a: Garganacl|93/100|[from] item: Leftovers
|upkeep
|turn|18
|
|t:|1776189825
|switch|p2a: Excadrill|Excadrill, M, shiny|1/100
|move|p1a: Garganacl|Salt Cure|p2a: Excadrill
|-resisted|p2a: Excadrill
|-damage|p2a: Excadrill|0 fnt
|faint|p2a: Excadrill
|
|-weather|Sandstorm|[upkeep]
|-damage|p1a: Garganacl|87/100|[from] Sandstorm
|-heal|p1a: Garganacl|93/100|[from] item: Leftovers
|upkeep
|inactive|dubsubsib has 120 seconds left.
|
|t:|1776189847
|switch|p2a: Greninja|Greninja, F, shiny|95/100
|turn|19
|
|t:|1776189852
|move|p2a: Greninja|Dark Pulse|p1a: Garganacl
|-start|p2a: Greninja|typechange|Dark|[from] ability: Protean
|-damage|p1a: Garganacl|67/100
|cant|p1a: Garganacl|flinch
|
|-weather|Sandstorm|[upkeep]
|-damage|p2a: Greninja|89/100|[from] Sandstorm
|-damage|p1a: Garganacl|60/100|[from] Sandstorm
|-heal|p1a: Garganacl|67/100|[from] item: Leftovers
|upkeep
|turn|20
|
|t:|1776189865
|switch|p2a: Incineroar|Incineroar, F, shiny|54/100
|-ability|p2a: Incineroar|Intimidate|boost
|-unboost|p1a: Garganacl|atk|1
|move|p1a: Garganacl|Salt Cure|p2a: Incineroar
|-supereffective|p2a: Incineroar
|-damage|p2a: Incineroar|40/100
|-start|p2a: Incineroar|Salt Cure
|
|-weather|Sandstorm|[upkeep]
|-damage|p2a: Incineroar|34/100|[from] Sandstorm
|-damage|p1a: Garganacl|60/100|[from] Sandstorm
|-heal|p1a: Garganacl|67/100|[from] item: Leftovers
|-damage|p2a: Incineroar|22/100|[from] Salt Cure
|upkeep
|turn|21
|
|t:|1776189879
|switch|p2a: Greninja|Greninja, F, shiny|89/100
|move|p1a: Garganacl|Recover|p1a: Garganacl
|-heal|p1a: Garganacl|100/100
|
|-weather|Sandstorm|[upkeep]
|-damage|p2a: Greninja|83/100|[from] Sandstorm
|-damage|p1a: Garganacl|94/100|[from] Sandstorm
|-heal|p1a: Garganacl|100/100|[from] item: Leftovers
|upkeep
|turn|22
|
|t:|1776189891
|move|p2a: Greninja|Dark Pulse|p1a: Garganacl
|-start|p2a: Greninja|typechange|Dark|[from] ability: Protean
|-damage|p1a: Garganacl|77/100
|move|p1a: Garganacl|Salt Cure|p2a: Greninja
|-damage|p2a: Greninja|71/100
|-start|p2a: Greninja|Salt Cure
|
|-weather|none
|-heal|p1a: Garganacl|84/100|[from] item: Leftovers
|-damage|p2a: Greninja|58/100|[from] Salt Cure
|upkeep
|turn|23
|
|t:|1776189904
|switch|p2a: Incineroar|Incineroar, F, shiny|22/100
|-ability|p2a: Incineroar|Intimidate|boost
|-unboost|p1a: Garganacl|atk|1
|move|p1a: Garganacl|Salt Cure|p2a: Incineroar
|-supereffective|p2a: Incineroar
|-damage|p2a: Incineroar|10/100
|-start|p2a: Incineroar|Salt Cure
|
|-heal|p1a: Garganacl|90/100|[from] item: Leftovers
|-damage|p2a: Incineroar|0 fnt|[from] Salt Cure
|faint|p2a: Incineroar
|upkeep
|inactive|dubsubsib has 120 seconds left.
|
|t:|1776189916
|switch|p2a: Dragonite|Dragonite, F|100/100
|turn|24
|
|t:|1776189921
|-terastallize|p2a: Dragonite|Steel
|move|p2a: Dragonite|Dragon Dance|p2a: Dragonite
|-boost|p2a: Dragonite|atk|1
|-boost|p2a: Dragonite|spe|1
|move|p1a: Garganacl|Salt Cure|p2a: Dragonite
|-resisted|p2a: Dragonite
|-damage|p2a: Dragonite|99/100
|-start|p2a: Dragonite|Salt Cure
|
|-heal|p1a: Garganacl|96/100|[from] item: Leftovers
|-damage|p2a: Dragonite|74/100|[from] Salt Cure
|upkeep
|turn|25
|
|t:|1776189935
|move|p2a: Dragonite|Dragon Claw|p1a: Garganacl
|-damage|p1a: Garganacl|48/100
|move|p1a: Garganacl|Salt Cure|p2a: Dragonite
|-resisted|p2a: Dragonite
|-damage|p2a: Dragonite|72/100
|
|-heal|p1a: Garganacl|54/100|[from] item: Leftovers
|-damage|p2a: Dragonite|47/100|[from] Salt Cure
|upkeep
|turn|26
|
|t:|1776189947
|move|p1a: Garganacl|Protect|p1a: Garganacl
|-singleturn|p1a: Garganacl|Protect
|move|p2a: Dragonite|Dragon Claw|p1a: Garganacl
|-activate|p1a: Garganacl|move: Protect
|
|-heal|p1a: Garganacl|60/100|[from] item: Leftovers
|-damage|p2a: Dragonite|22/100|[from] Salt Cure
|upkeep
|turn|27
|inactive|dubsubsib has 120 seconds left.
|inactive|dubsubsib has 90 seconds left.
|inactive|dubsubsib has 60 seconds left.
|inactive|dubsubsib has 30 seconds left.
|inactive|dubsubsib has 20 seconds left.
|inactive|dubsubsib has 15 seconds left.
|inactive|dubsubsib has 10 seconds left.
|inactive|dubsubsib has 5 seconds left.
|-message|dubsubsib lost due to inactivity.
|
|win|PinguButGood
|raw|PinguButGood's rating: 1110 &rarr; <strong>1132</strong><br />(+22 for winning)
|raw|dubsubsib's rating: 1073 &rarr; <strong>1054</strong><br />(-19 for losing)
