|html|<div class="broadcast-blue"><strong>[Gen 9] OU is currently suspecting Tera Blast! For information on how to participate check out the <a href="https://www.smogon.com/tools/suspects/view/200">suspect thread</a>.</strong></div>
|j|☆user795680
|j|☆sdfghjkloiuy
|t:|1776284516
|gametype|singles
|player|p1|user795680|lucas|1089
|player|p2|sdfghjkloiuy|102|1108
|gen|9
|tier|[Gen 9] OU
|rated|
|rule|HP Percentage Mod: HP is shown in percentages
|rule|Endless Battle Clause: Forcing endless battles is banned
|rule|Species Clause: Limit one of each Pokémon
|rule|OHKO Clause: OHKO moves are banned
|rule|Evasion Items Clause: Evasion items are banned
|rule|Evasion Moves Clause: Evasion moves are banned
|rule|Evasion Abilities Clause: Evasion abilities are banned
|rule|Sleep Moves Clause: Sleep-inducing moves are banned
|clearpoke
|poke|p1|Dragapult, F|
|poke|p1|Iron Valiant|
|poke|p1|Samurott-Hisui, M|
|poke|p1|Iron Treads|
|poke|p1|Kommo-o, M|
|poke|p1|Meowscarada, F|
|poke|p2|Iron Crown|
|poke|p2|Walking Wake|
|poke|p2|Gliscor, F|
|poke|p2|Iron Valiant|
|poke|p2|Incineroar, F|
|poke|p2|Rillaboom, F|
|teampreview
|inactive|Battle timer is ON: inactive players will automatically lose when time's up. (requested by sdfghjkloiuy)
|
|t:|1776284524
|teamsize|p1|6
|teamsize|p2|6
|start
|switch|p1a: Kommo-o|Kommo-o, M|100/100
|switch|p2a: Iron Crown|Iron Crown|100/100
|turn|1
|
|t:|1776284532
|move|p2a: Iron Crown|Calm Mind|p2a: Iron Crown
|-boost|p2a: Iron Crown|spa|1
|-boost|p2a: Iron Crown|spd|1
|move|p1a: Kommo-o|Clangorous Soul|p1a: Kommo-o
|-boost|p1a: Kommo-o|atk|1
|-boost|p1a: Kommo-o|def|1
|-boost|p1a: Kommo-o|spa|1
|-boost|p1a: Kommo-o|spd|1
|-boost|p1a: Kommo-o|spe|1
|-damage|p1a: Kommo-o|68/100
|
|-heal|p1a: Kommo-o|74/100|[from] item: Leftovers
|upkeep
|turn|2
|
|t:|1776284546
|move|p1a: Kommo-o|Drain Punch|p2a: Iron Crown
|-damage|p2a: Iron Crown|46/100
|-heal|p1a: Kommo-o|99/100|[from] drain|[of] p2a: Iron Crown
|move|p2a: Iron Crown|Expanding Force|p1a: Kommo-o
|-supereffective|p1a: Kommo-o
|-damage|p1a: Kommo-o|6/100
|
|-heal|p1a: Kommo-o|12/100|[from] item: Leftovers
|upkeep
|turn|3
|
|t:|1776284556
|-terastallize|p1a: Kommo-o|Normal
|move|p1a: Kommo-o|Drain Punch|p2a: Iron Crown
|-damage|p2a: Iron Crown|0 fnt
|-heal|p1a: Kommo-o|33/100|[from] drain|[of] p2a: Iron Crown
|faint|p2a: Iron Crown
|-end|p2a: Iron Crown|Quark Drive|[silent]
|
|-heal|p1a: Kommo-o|39/100|[from] item: Leftovers
|upkeep
|
|t:|1776284562
|switch|p2a: Rillaboom|Rillaboom, F|100/100
|-fieldstart|move: Grassy Terrain|[from] ability: Grassy Surge|[of] p2a: Rillaboom
|turn|4
|
|t:|1776284575
|-terastallize|p2a: Rillaboom|Grass
|move|p2a: Rillaboom|Grassy Glide|p1a: Kommo-o
|-damage|p1a: Kommo-o|3/100
|move|p1a: Kommo-o|Drain Punch|p2a: Rillaboom
|-damage|p2a: Rillaboom|57/100
|-heal|p1a: Kommo-o|24/100|[from] drain|[of] p2a: Rillaboom
|
|-heal|p1a: Kommo-o|30/100|[from] Grassy Terrain
|-heal|p1a: Kommo-o|36/100|[from] item: Leftovers
|-heal|p2a: Rillaboom|63/100|[from] Grassy Terrain
|upkeep
|turn|5
|
|t:|1776284589
|move|p2a: Rillaboom|Grassy Glide|p1a: Kommo-o
|-damage|p1a: Kommo-o|0 fnt
|faint|p1a: Kommo-o
|
|-heal|p2a: Rillaboom|69/100|[from] Grassy Terrain
|upkeep
|
|t:|1776284614
|switch|p1a: Meowscarada|Meowscarada, F|100/100
|turn|6
|
|t:|1776284634
|switch|p2a: Incineroar|Incineroar, F, shiny|100/100
|-ability|p2a: Incineroar|Intimidate|boost
|-unboost|p1a: Meowscarada|atk|1
|move|p1a: Meowscarada|Knock Off|p2a: Incineroar
|-start|p1a: Meowscarada|typechange|Dark|[from] ability: Protean
|-resisted|p2a: Incineroar
|-damage|p2a: Incineroar|77/100
|-enditem|p2a: Incineroar|Heavy-Duty Boots|[from] move: Knock Off|[of] p1a: Meowscarada
|
|-heal|p2a: Incineroar|83/100|[from] Grassy Terrain
|upkeep
|turn|7
|
|t:|1776284649
|switch|p1a: Samurott|Samurott-Hisui, M|100/100
|move|p2a: Incineroar|Fake Out|p1a: Samurott
|-damage|p1a: Samurott|81/100
|
|-heal|p1a: Samurott|88/100|[from] Grassy Terrain
|-heal|p1a: Samurott|94/100|[from] item: Leftovers
|-heal|p2a: Incineroar|90/100|[from] Grassy Terrain
|upkeep
|turn|8
|
|t:|1776284661
|switch|p2a: Walking Wake|Walking Wake|100/100
|-enditem|p2a: Walking Wake|Booster Energy
|-activate|p2a: Walking Wake|ability: Protosynthesis|[fromitem]
|-start|p2a: Walking Wake|protosynthesisspa
|move|p1a: Samurott|Razor Shell|p2a: Walking Wake
|-resisted|p2a: Walking Wake
|-damage|p2a: Walking Wake|88/100
|
|-heal|p2a: Walking Wake|94/100|[from] Grassy Terrain
|-heal|p1a: Samurott|99/100|[from] Grassy Terrain
|-heal|p1a: Samurott|100/100|[from] item: Leftovers
|-fieldend|move: Grassy Terrain
|upkeep
|turn|9
|
|t:|1776284675
|move|p2a: Walking Wake|Draco Meteor|p1a: Samurott
|-damage|p1a: Samurott|0 fnt
|-unboost|p2a: Walking Wake|spa|2
|faint|p1a: Samurott
|
|upkeep
|
|t:|1776284682
|switch|p1a: Iron Valiant|Iron Valiant|100/100
|-enditem|p1a: Iron Valiant|Booster Energy
|-activate|p1a: Iron Valiant|ability: Quark Drive|[fromitem]
|-start|p1a: Iron Valiant|quarkdrivespe
|turn|10
|
|t:|1776284698
|move|p1a: Iron Valiant|Moonblast|p2a: Walking Wake
|-supereffective|p2a: Walking Wake
|-damage|p2a: Walking Wake|0 fnt
|faint|p2a: Walking Wake
|-end|p2a: Walking Wake|Protosynthesis|[silent]
|
|upkeep
|
|t:|1776284703
|switch|p2a: Iron Valiant|Iron Valiant|100/100
|turn|11
|
|t:|1776284712
|move|p1a: Iron Valiant|Moonblast|p2a: Iron Valiant
|-supereffective|p2a: Iron Valiant
|-damage|p2a: Iron Valiant|0 fnt
|faint|p2a: Iron Valiant
|-end|p2a: Iron Valiant|Quark Drive|[silent]
|
|upkeep
|
|t:|1776284718
|switch|p2a: Gliscor|Gliscor, F, shiny|100/100
|turn|12
|
|t:|1776284721
|move|p1a: Iron Valiant|Ice Punch|p2a: Gliscor
|-supereffective|p2a: Gliscor
|-damage|p2a: Gliscor|45/100
|move|p2a: Gliscor|Toxic|p1a: Iron Valiant
|-status|p1a: Iron Valiant|tox
|
|-damage|p1a: Iron Valiant|94/100 tox|[from] psn
|-status|p2a: Gliscor|tox|[from] item: Toxic Orb
|upkeep
|turn|13
|
|t:|1776284729
|move|p2a: Gliscor|Protect|p2a: Gliscor
|-singleturn|p2a: Gliscor|Protect
|move|p1a: Iron Valiant|Ice Punch|p2a: Gliscor
|-activate|p2a: Gliscor|move: Protect
|
|-damage|p1a: Iron Valiant|82/100 tox|[from] psn
|-heal|p2a: Gliscor|58/100 tox|[from] ability: Poison Heal
|upkeep
|turn|14
|
|t:|1776284741
|move|p1a: Iron Valiant|Ice Punch|p2a: Gliscor
|-supereffective|p2a: Gliscor
|-damage|p2a: Gliscor|2/100 tox
|move|p2a: Gliscor|U-turn|p1a: Iron Valiant
|-resisted|p1a: Iron Valiant
|-damage|p1a: Iron Valiant|77/100 tox
|
|t:|1776284746
|switch|p2a: Rillaboom|Rillaboom, F, tera:Grass|69/100|[from] U-turn
|-fieldstart|move: Grassy Terrain|[from] ability: Grassy Surge|[of] p2a: Rillaboom
|
|-heal|p1a: Iron Valiant|83/100 tox|[from] Grassy Terrain
|-heal|p2a: Rillaboom|76/100|[from] Grassy Terrain
|-damage|p1a: Iron Valiant|64/100 tox|[from] psn
|upkeep
|turn|15
|
|t:|1776284756
|move|p2a: Rillaboom|Grassy Glide|p1a: Iron Valiant
|-damage|p1a: Iron Valiant|0 fnt
|faint|p1a: Iron Valiant
|-end|p1a: Iron Valiant|Quark Drive|[silent]
|
|-heal|p2a: Rillaboom|82/100|[from] Grassy Terrain
|upkeep
|
|t:|1776284764
|switch|p1a: Meowscarada|Meowscarada, F|100/100
|turn|16
|
|t:|1776284772
|switch|p2a: Incineroar|Incineroar, F, shiny|90/100
|-ability|p2a: Incineroar|Intimidate|boost
|-unboost|p1a: Meowscarada|atk|1
|move|p1a: Meowscarada|Knock Off|p2a: Incineroar
|-start|p1a: Meowscarada|typechange|Dark|[from] ability: Protean
|-resisted|p2a: Incineroar
|-damage|p2a: Incineroar|75/100
|
|-heal|p2a: Incineroar|81/100|[from] Grassy Terrain
|upkeep
|turn|17
|
|t:|1776284786
|move|p1a: Meowscarada|Knock Off|p2a: Incineroar
|-resisted|p2a: Incineroar
|-damage|p2a: Incineroar|65/100
|move|p2a: Incineroar|Parting Shot|p1a: Meowscarada
|-unboost|p1a: Meowscarada|atk|1
|-unboost|p1a: Meowscarada|spa|1
|
|t:|1776284794
|switch|p2a: Rillaboom|Rillaboom, F, tera:Grass|82/100|[from] Parting Shot
|
|-heal|p2a: Rillaboom|88/100|[from] Grassy Terrain
|upkeep
|turn|18
|
|t:|1776284810
|move|p1a: Meowscarada|Knock Off|p2a: Rillaboom
|-damage|p2a: Rillaboom|47/100
|-enditem|p2a: Rillaboom|Choice Band|[from] move: Knock Off|[of] p1a: Meowscarada
|move|p2a: Rillaboom|Brick Break|p1a: Meowscarada
|-supereffective|p1a: Meowscarada
|-damage|p1a: Meowscarada|23/100
|
|-heal|p1a: Meowscarada|30/100|[from] Grassy Terrain
|-heal|p2a: Rillaboom|53/100|[from] Grassy Terrain
|-fieldend|move: Grassy Terrain
|upkeep
|turn|19
|
|t:|1776284823
|switch|p1a: Dragapult|Dragapult, F|100/100
|move|p2a: Rillaboom|Earthquake|p1a: Dragapult
|-damage|p1a: Dragapult|56/100
|
|upkeep
|turn|20
|
|t:|1776284832
|move|p1a: Dragapult|Draco Meteor|p2a: Rillaboom
|-damage|p2a: Rillaboom|0 fnt
|-unboost|p1a: Dragapult|spa|2
|faint|p2a: Rillaboom
|
|upkeep
|
|t:|1776284835
|switch|p2a: Incineroar|Incineroar, F, shiny|65/100
|-ability|p2a: Incineroar|Intimidate|boost
|-unboost|p1a: Dragapult|atk|1
|turn|21
|
|t:|1776284845
|move|p1a: Dragapult|Dragon Darts|p2a: Incineroar
|-damage|p2a: Incineroar|51/100
|-anim|p1a: Dragapult|Dragon Darts|p2a: Incineroar
|-damage|p2a: Incineroar|36/100
|move|p2a: Incineroar|Darkest Lariat|p1a: Dragapult
|-supereffective|p1a: Dragapult
|-damage|p1a: Dragapult|0 fnt
|faint|p1a: Dragapult
|
|upkeep
|
|t:|1776284856
|switch|p1a: Meowscarada|Meowscarada, F|30/100
|turn|22
|
|t:|1776284862
|move|p1a: Meowscarada|Play Rough|p2a: Incineroar
|-start|p1a: Meowscarada|typechange|Fairy|[from] ability: Protean
|-damage|p2a: Incineroar|0 fnt
|faint|p2a: Incineroar
|
|upkeep
|
|t:|1776284867
|switch|p2a: Gliscor|Gliscor, F, shiny|2/100 tox
|turn|23
|
|t:|1776284871
|move|p2a: Gliscor|Protect|p2a: Gliscor
|-singleturn|p2a: Gliscor|Protect
|move|p1a: Meowscarada|Play Rough|p2a: Gliscor
|-activate|p2a: Gliscor|move: Protect
|
|-heal|p2a: Gliscor|15/100 tox|[from] ability: Poison Heal
|upkeep
|turn|24
|
|t:|1776284879
|move|p1a: Meowscarada|Play Rough|p2a: Gliscor
|-damage|p2a: Gliscor|0 fnt
|faint|p2a: Gliscor
|
|win|user795680
|raw|user795680's rating: 1089 &rarr; <strong>1117</strong><br />(+28 for winning)
|raw|sdfghjkloiuy's rating: 1108 &rarr; <strong>1082</strong><br />(-26 for losing)
|l|☆sdfghjkloiuy
|player|p2|
