|html|<div class="broadcast-blue"><strong>[Gen 9] OU is currently suspecting Tera Blast! For information on how to participate check out the <a href="https://www.smogon.com/tools/suspects/view/200">suspect thread</a>.</strong></div>
|j|☆peixedentrod'agua
|j|☆Tsaun
|t:|1776099621
|gametype|singles
|player|p1|peixedentrod'agua|lyra|1266
|player|p2|Tsaun|169|1263
|gen|9
|tier|[Gen 9] OU
|rated|
|rule|HP Percentage Mod: HP is shown in percentages
|rule|Endless Battle Clause: Forcing endless battles is banned
|rule|Species Clause: Limit one of each Pokémon
|rule|OHKO Clause: OHKO moves are banned
|rule|Evasion Items Clause: Evasion items are banned
|rule|Evasion Moves Clause: Evasion moves are banned
|rule|Evasion Abilities Clause: Evasion abilities are banned
|rule|Sleep Moves Clause: Sleep-inducing moves are banned
|clearpoke
|poke|p1|Veluza, M|
|poke|p1|Galvantula, F|
|poke|p1|Cryogonal|
|poke|p1|Mimikyu, F|
|poke|p1|Palossand, M|
|poke|p1|Moltres|
|poke|p2|Alomomola, M|
|poke|p2|Dragapult, F|
|poke|p2|Samurott-Hisui, M|
|poke|p2|Iron Valiant|
|poke|p2|Iron Treads|
|poke|p2|Thundurus-Therian, M|
|teampreview
|inactive|Battle timer is ON: inactive players will automatically lose when time's up. (requested by peixedentrod'agua)
|inactive|Tsaun has 120 seconds left.
|
|t:|1776099669
|teamsize|p1|6
|teamsize|p2|6
|start
|switch|p1a: Galvantula|Galvantula, F|100/100
|switch|p2a: Thundurus|Thundurus-Therian, M|100/100
|turn|1
|
|t:|1776099675
|move|p1a: Galvantula|Sticky Web|p2a: Thundurus
|-sidestart|p2: Tsaun|move: Sticky Web
|move|p2a: Thundurus|Taunt|p1a: Galvantula
|-start|p1a: Galvantula|move: Taunt
|
|upkeep
|turn|2
|
|t:|1776099682
|switch|p1a: Palossand|Palossand, M|100/100
|move|p2a: Thundurus|Volt Switch|p1a: Palossand
|-immune|p1a: Palossand
|
|upkeep
|turn|3
|
|t:|1776099691
|switch|p2a: Samurott|Samurott-Hisui, M|100/100
|-activate|p2a: Samurott|move: Sticky Web
|-unboost|p2a: Samurott|spe|1
|move|p1a: Palossand|Curse|p2a: Samurott
|-start|p2a: Samurott|Curse|[of] p1a: Palossand
|-damage|p1a: Palossand|50/100
|
|-heal|p1a: Palossand|57/100|[from] item: Leftovers
|-damage|p2a: Samurott|76/100|[from] Curse
|upkeep
|turn|4
|
|t:|1776099707
|switch|p1a: Galvantula|Galvantula, F|100/100
|move|p2a: Samurott|Ceaseless Edge|p1a: Galvantula
|-damage|p1a: Galvantula|25/100
|-sidestart|p1: peixedentrod'agua|Spikes
|
|-damage|p2a: Samurott|51/100|[from] Curse
|upkeep
|turn|5
|
|t:|1776099718
|switch|p2a: Thundurus|Thundurus-Therian, M|100/100
|move|p1a: Galvantula|Bug Buzz|p2a: Thundurus
|-resisted|p2a: Thundurus
|-damage|p2a: Thundurus|64/100
|
|upkeep
|turn|6
|
|t:|1776099732
|switch|p1a: Palossand|Palossand, M|57/100
|-damage|p1a: Palossand|44/100|[from] Spikes
|move|p2a: Thundurus|Volt Switch|p1a: Palossand
|-immune|p1a: Palossand
|
|-heal|p1a: Palossand|50/100|[from] item: Leftovers
|upkeep
|turn|7
|
|t:|1776099741
|-terastallize|p2a: Thundurus|Ice
|move|p2a: Thundurus|Tera Blast|p1a: Palossand|[anim] Tera Blast Ice
|-supereffective|p1a: Palossand
|-damage|p1a: Palossand|0 fnt
|faint|p1a: Palossand
|
|upkeep
|
|t:|1776099746
|switch|p1a: Cryogonal|Cryogonal|100/100
|turn|8
|
|t:|1776099752
|move|p2a: Thundurus|Taunt|p1a: Cryogonal
|-start|p1a: Cryogonal|move: Taunt
|move|p1a: Cryogonal|Rapid Spin|p2a: Thundurus
|-damage|p2a: Thundurus|55/100
|-boost|p1a: Cryogonal|spe|1
|-sideend|p1: peixedentrod'agua|Spikes|[from] move: Rapid Spin|[of] p1a: Cryogonal
|
|upkeep
|turn|9
|
|t:|1776099762
|move|p1a: Cryogonal|Tera Blast|p2a: Thundurus
|-damage|p2a: Thundurus|28/100
|move|p2a: Thundurus|Volt Switch|p1a: Cryogonal
|-damage|p1a: Cryogonal|79/100
|
|t:|1776099767
|switch|p2a: Iron Treads|Iron Treads|100/100|[from] Volt Switch
|
|-heal|p1a: Cryogonal|85/100|[from] item: Leftovers
|upkeep
|turn|10
|
|t:|1776099775
|switch|p1a: Moltres|Moltres|100/100
|move|p2a: Iron Treads|Rapid Spin|p1a: Moltres
|-damage|p1a: Moltres|89/100
|-boost|p2a: Iron Treads|spe|1
|-status|p2a: Iron Treads|brn|[from] ability: Flame Body|[of] p1a: Moltres
|-sideend|p2: Tsaun|Sticky Web|[from] move: Rapid Spin|[of] p2a: Iron Treads
|
|-heal|p1a: Moltres|95/100|[from] item: Leftovers
|-damage|p2a: Iron Treads|94/100 brn|[from] brn
|upkeep
|turn|11
|
|t:|1776099786
|-end|p2a: Iron Treads|Quark Drive|[silent]
|switch|p2a: Alomomola|Alomomola, M|100/100
|move|p1a: Moltres|Flamethrower|p2a: Alomomola
|-resisted|p2a: Alomomola
|-damage|p2a: Alomomola|83/100
|
|-heal|p1a: Moltres|100/100|[from] item: Leftovers
|upkeep
|turn|12
|
|t:|1776099790
|move|p1a: Moltres|Will-O-Wisp|p2a: Alomomola
|-status|p2a: Alomomola|brn
|move|p2a: Alomomola|Wish|p2a: Alomomola
|
|-damage|p2a: Alomomola|77/100 brn|[from] brn
|upkeep
|turn|13
|
|t:|1776099800
|switch|p1a: Galvantula|Galvantula, F|25/100
|move|p2a: Alomomola|Flip Turn|p1a: Galvantula
|-damage|p1a: Galvantula|12/100
|
|t:|1776099803
|switch|p2a: Samurott|Samurott-Hisui, M|51/100|[from] Flip Turn
|
|-heal|p2a: Samurott|100/100|[from] move: Wish|[wisher] Alomomola
|upkeep
|turn|14
|
|t:|1776099813
|move|p2a: Samurott|Aqua Jet|p1a: Galvantula
|-damage|p1a: Galvantula|0 fnt
|faint|p1a: Galvantula
|
|upkeep
|
|t:|1776099822
|switch|p1a: Mimikyu|Mimikyu, F|100/100
|turn|15
|
|t:|1776099825
|move|p1a: Mimikyu|Swords Dance|p1a: Mimikyu
|-boost|p1a: Mimikyu|atk|2
|move|p2a: Samurott|Ceaseless Edge|p1a: Mimikyu
|-activate|p1a: Mimikyu|ability: Disguise
|-damage|p1a: Mimikyu|100/100
|-sidestart|p1: peixedentrod'agua|Spikes
|detailschange|p1a: Mimikyu|Mimikyu-Busted, F
|-damage|p1a: Mimikyu|88/100|[from] pokemon: Mimikyu-Busted
|
|upkeep
|turn|16
|
|t:|1776099830
|move|p1a: Mimikyu|Play Rough|p2a: Samurott|[miss]
|-miss|p1a: Mimikyu|p2a: Samurott
|move|p2a: Samurott|Ceaseless Edge|p1a: Mimikyu
|-damage|p1a: Mimikyu|11/100
|-sidestart|p1: peixedentrod'agua|Spikes
|
|upkeep
|turn|17
|
|t:|1776099838
|move|p2a: Samurott|Aqua Jet|p1a: Mimikyu
|-damage|p1a: Mimikyu|0 fnt
|faint|p1a: Mimikyu
|
|upkeep
|
|t:|1776099842
|switch|p1a: Cryogonal|Cryogonal|85/100
|turn|18
|
|t:|1776099846
|move|p2a: Samurott|Sacred Sword|p1a: Cryogonal
|-supereffective|p1a: Cryogonal
|-damage|p1a: Cryogonal|0 fnt
|faint|p1a: Cryogonal
|
|upkeep
|
|t:|1776099849
|switch|p1a: Moltres|Moltres|100/100
|turn|19
|
|t:|1776099856
|move|p2a: Samurott|Knock Off|p1a: Moltres
|-damage|p1a: Moltres|60/100
|-enditem|p1a: Moltres|Leftovers|[from] move: Knock Off|[of] p2a: Samurott
|move|p1a: Moltres|Will-O-Wisp|p2a: Samurott|[miss]
|-miss|p1a: Moltres|p2a: Samurott
|
|upkeep
|turn|20
|-message|peixedentrod'agua forfeited.
|
|win|Tsaun
|raw|peixedentrod&apos;agua's rating: 1266 &rarr; <strong>1241</strong><br />(-25 for losing)
|raw|Tsaun's rating: 1263 &rarr; <strong>1288</strong><br />(+25 for winning)
|l|☆peixedentrod'agua
|player|p1|
|l|☆Tsaun
|player|p2|
