|html|<div class="broadcast-blue"><strong>[Gen 9] OU is currently suspecting Tera Blast! For information on how to participate check out the <a href="https://www.smogon.com/tools/suspects/view/200">suspect thread</a>.</strong></div>
|j|☆Milky Toner
|j|☆BlueEmperor
|t:|1776071187
|gametype|singles
|player|p1|Milky Toner|beauty-gen4dp|1321
|player|p2|BlueEmperor|1|1261
|gen|9
|tier|[Gen 9] OU
|rated|
|rule|HP Percentage Mod: HP is shown in percentages
|rule|Endless Battle Clause: Forcing endless battles is banned
|rule|Species Clause: Limit one of each Pokémon
|rule|OHKO Clause: OHKO moves are banned
|rule|Evasion Items Clause: Evasion items are banned
|rule|Evasion Moves Clause: Evasion moves are banned
|rule|Evasion Abilities Clause: Evasion abilities are banned
|rule|Sleep Moves Clause: Sleep-inducing moves are banned
|clearpoke
|poke|p1|Salazzle, F|
|poke|p1|Torkoal, M|
|poke|p1|Hatterene, F|
|poke|p1|Walking Wake|
|poke|p1|Kingambit, M|
|poke|p1|Lilligant-Hisui, F|
|poke|p2|Dragapult, F|
|poke|p2|Alomomola, F|
|poke|p2|Ting-Lu|
|poke|p2|Kyurem|
|poke|p2|Weezing-Galar, F|
|poke|p2|Corviknight, F|
|teampreview
|inactive|Battle timer is ON: inactive players will automatically lose when time's up. (requested by BlueEmperor)
|inactive|Milky Toner has 120 seconds left.
|
|t:|1776071219
|teamsize|p1|6
|teamsize|p2|6
|start
|switch|p1a: Torkoal|Torkoal, M, shiny|100/100
|switch|p2a: Weezing|Weezing-Galar, F|100/100
|-ability|p2a: Weezing|Neutralizing Gas
|turn|1
|
|t:|1776071230
|move|p2a: Weezing|Toxic|p1a: Torkoal
|-status|p1a: Torkoal|tox
|move|p1a: Torkoal|Stealth Rock|p2a: Weezing
|-sidestart|p2: BlueEmperor|move: Stealth Rock
|
|-damage|p1a: Torkoal|94/100 tox|[from] psn
|upkeep
|turn|2
|
|t:|1776071237
|move|p2a: Weezing|Defog|p1a: Torkoal
|-unboost|p1a: Torkoal|evasion|1
|-sideend|p2: BlueEmperor|Stealth Rock|[from] move: Defog|[of] p2a: Weezing
|move|p1a: Torkoal|Earth Power|p2a: Weezing
|-supereffective|p2a: Weezing
|-damage|p2a: Weezing|52/100
|
|-heal|p2a: Weezing|58/100|[from] item: Leftovers
|-damage|p1a: Torkoal|82/100 tox|[from] psn
|upkeep
|turn|3
|
|t:|1776071245
|-end|p2a: Weezing|ability: Neutralizing Gas
|-weather|SunnyDay|[from] ability: Drought|[of] p1a: Torkoal
|switch|p2a: Ting-Lu|Ting-Lu|100/100
|-ability|p2a: Ting-Lu|Vessel of Ruin
|switch|p1a: Salazzle|Salazzle, F, shiny|100/100
|
|-weather|SunnyDay|[upkeep]
|upkeep
|turn|4
|
|t:|1776071257
|switch|p1a: Lilligant|Lilligant-Hisui, F, shiny|100/100
|move|p2a: Ting-Lu|Earthquake|p1a: Lilligant
|-resisted|p1a: Lilligant
|-damage|p1a: Lilligant|71/100
|
|-weather|SunnyDay|[upkeep]
|upkeep
|turn|5
|
|t:|1776071267
|switch|p2a: Weezing|Weezing-Galar, F|58/100
|-ability|p2a: Weezing|Neutralizing Gas
|move|p1a: Lilligant|Close Combat|p2a: Weezing
|-resisted|p2a: Weezing
|-damage|p2a: Weezing|46/100
|-unboost|p1a: Lilligant|def|1
|-unboost|p1a: Lilligant|spd|1
|
|-weather|SunnyDay|[upkeep]
|-heal|p2a: Weezing|52/100|[from] item: Leftovers
|upkeep
|turn|6
|
|t:|1776071281
|switch|p1a: Salazzle|Salazzle, F, shiny|100/100
|move|p2a: Weezing|Will-O-Wisp|p1a: Salazzle
|-immune|p1a: Salazzle
|
|-weather|SunnyDay|[upkeep]
|-heal|p2a: Weezing|58/100|[from] item: Leftovers
|upkeep
|turn|7
|
|t:|1776071289
|move|p2a: Weezing|Protect|p2a: Weezing
|-singleturn|p2a: Weezing|Protect
|move|p1a: Salazzle|Toxic|p2a: Weezing
|-activate|p2a: Weezing|move: Protect
|
|-weather|SunnyDay|[upkeep]
|-heal|p2a: Weezing|64/100|[from] item: Leftovers
|upkeep
|turn|8
|inactive|Milky Toner has 120 seconds left.
|
|t:|1776071319
|-end|p2a: Weezing|ability: Neutralizing Gas
|switch|p2a: Ting-Lu|Ting-Lu|100/100
|-ability|p2a: Ting-Lu|Vessel of Ruin
|move|p1a: Salazzle|Toxic|p2a: Ting-Lu
|-status|p2a: Ting-Lu|tox
|
|-weather|SunnyDay|[upkeep]
|-damage|p2a: Ting-Lu|94/100 tox|[from] psn
|upkeep
|turn|9
|
|t:|1776071327
|switch|p1a: Lilligant|Lilligant-Hisui, F, shiny|71/100
|move|p2a: Ting-Lu|Ruination|p1a: Lilligant
|-damage|p1a: Lilligant|36/100
|
|-weather|SunnyDay|[upkeep]
|-heal|p2a: Ting-Lu|100/100 tox|[from] item: Leftovers
|-damage|p2a: Ting-Lu|88/100 tox|[from] psn
|upkeep
|turn|10
|
|t:|1776071336
|switch|p2a: Weezing|Weezing-Galar, F|64/100
|-ability|p2a: Weezing|Neutralizing Gas
|move|p1a: Lilligant|Victory Dance|p1a: Lilligant
|-boost|p1a: Lilligant|atk|1
|-boost|p1a: Lilligant|def|1
|-boost|p1a: Lilligant|spe|1
|
|-weather|none
|-heal|p2a: Weezing|70/100|[from] item: Leftovers
|upkeep
|turn|11
|
|t:|1776071345
|switch|p1a: Salazzle|Salazzle, F, shiny|100/100
|move|p2a: Weezing|Toxic|p1a: Salazzle
|-immune|p1a: Salazzle
|
|-heal|p2a: Weezing|76/100|[from] item: Leftovers
|upkeep
|turn|12
|
|t:|1776071351
|switch|p1a: Lilligant|Lilligant-Hisui, F, shiny|36/100
|move|p2a: Weezing|Protect||[still]
|-fail|p2a: Weezing
|
|-heal|p2a: Weezing|82/100|[from] item: Leftovers
|upkeep
|turn|13
|
|t:|1776071358
|switch|p1a: Salazzle|Salazzle, F, shiny|100/100
|move|p2a: Weezing|Toxic|p1a: Salazzle
|-immune|p1a: Salazzle
|
|-heal|p2a: Weezing|88/100|[from] item: Leftovers
|upkeep
|turn|14
|
|t:|1776071362
|move|p2a: Weezing|Protect|p2a: Weezing
|-singleturn|p2a: Weezing|Protect
|move|p1a: Salazzle|Sludge Wave|p2a: Weezing
|-activate|p2a: Weezing|move: Protect
|
|-heal|p2a: Weezing|94/100|[from] item: Leftovers
|upkeep
|turn|15
|
|t:|1776071368
|-end|p2a: Weezing|ability: Neutralizing Gas
|switch|p2a: Ting-Lu|Ting-Lu|88/100 tox
|-ability|p2a: Ting-Lu|Vessel of Ruin
|move|p1a: Salazzle|Toxic|p2a: Ting-Lu
|-fail|p2a: Ting-Lu|tox
|
|-heal|p2a: Ting-Lu|94/100 tox|[from] item: Leftovers
|-damage|p2a: Ting-Lu|88/100 tox|[from] psn
|upkeep
|turn|16
|
|t:|1776071379
|switch|p1a: Lilligant|Lilligant-Hisui, F, shiny|36/100
|move|p2a: Ting-Lu|Stealth Rock|p1a: Lilligant
|-sidestart|p1: Milky Toner|move: Stealth Rock
|
|-heal|p2a: Ting-Lu|94/100 tox|[from] item: Leftovers
|-damage|p2a: Ting-Lu|82/100 tox|[from] psn
|upkeep
|turn|17
|
|t:|1776071386
|switch|p2a: Weezing|Weezing-Galar, F|94/100
|-ability|p2a: Weezing|Neutralizing Gas
|move|p1a: Lilligant|Close Combat|p2a: Weezing
|-resisted|p2a: Weezing
|-damage|p2a: Weezing|84/100
|-unboost|p1a: Lilligant|def|1
|-unboost|p1a: Lilligant|spd|1
|
|-heal|p2a: Weezing|90/100|[from] item: Leftovers
|upkeep
|turn|18
|
|t:|1776071397
|switch|p1a: Torkoal|Torkoal, M, shiny|82/100 tox
|-damage|p1a: Torkoal|57/100 tox|[from] Stealth Rock
|move|p2a: Weezing|Toxic|p1a: Torkoal
|-fail|p1a: Torkoal|tox
|
|-heal|p2a: Weezing|96/100|[from] item: Leftovers
|-damage|p1a: Torkoal|51/100 tox|[from] psn
|upkeep
|turn|19
|
|t:|1776071407
|move|p2a: Weezing|Protect|p2a: Weezing
|-singleturn|p2a: Weezing|Protect
|move|p1a: Torkoal|Rapid Spin|p2a: Weezing
|-activate|p2a: Weezing|move: Protect
|
|-heal|p2a: Weezing|100/100|[from] item: Leftovers
|-damage|p1a: Torkoal|39/100 tox|[from] psn
|upkeep
|turn|20
|
|t:|1776071427
|move|p2a: Weezing|Toxic|p1a: Torkoal
|-fail|p1a: Torkoal|tox
|move|p1a: Torkoal|Rapid Spin|p2a: Weezing
|-damage|p2a: Weezing|93/100
|-boost|p1a: Torkoal|spe|1
|-sideend|p1: Milky Toner|Stealth Rock|[from] move: Rapid Spin|[of] p1a: Torkoal
|
|-heal|p2a: Weezing|99/100|[from] item: Leftovers
|-damage|p1a: Torkoal|21/100 tox|[from] psn
|upkeep
|turn|21
|
|t:|1776071440
|switch|p1a: Salazzle|Salazzle, F, shiny|100/100
|move|p2a: Weezing|Toxic|p1a: Salazzle
|-immune|p1a: Salazzle
|
|-heal|p2a: Weezing|100/100|[from] item: Leftovers
|upkeep
|turn|22
|
|t:|1776071445
|-end|p2a: Weezing|ability: Neutralizing Gas
|switch|p2a: Ting-Lu|Ting-Lu|82/100 tox
|-ability|p2a: Ting-Lu|Vessel of Ruin
|move|p1a: Salazzle|Encore||[still]
|-fail|p1a: Salazzle
|
|-heal|p2a: Ting-Lu|88/100 tox|[from] item: Leftovers
|-damage|p2a: Ting-Lu|82/100 tox|[from] psn
|upkeep
|turn|23
|
|t:|1776071460
|switch|p1a: Walking Wake|Walking Wake|100/100
|move|p2a: Ting-Lu|Earthquake|p1a: Walking Wake
|-damage|p1a: Walking Wake|57/100
|
|-heal|p2a: Ting-Lu|88/100 tox|[from] item: Leftovers
|-damage|p2a: Ting-Lu|76/100 tox|[from] psn
|upkeep
|turn|24
|
|t:|1776071467
|switch|p2a: Weezing|Weezing-Galar, F|100/100
|-ability|p2a: Weezing|Neutralizing Gas
|-terastallize|p1a: Walking Wake|Water
|move|p1a: Walking Wake|Hydro Steam|p2a: Weezing
|-damage|p2a: Weezing|0 fnt
|faint|p2a: Weezing
|-end|p2a: Weezing|ability: Neutralizing Gas
|
|upkeep
|
|t:|1776071478
|switch|p2a: Moody Blues|Dragapult, F|100/100
|turn|25
|
|t:|1776071485
|-end|p1a: Walking Wake|Protosynthesis|[silent]
|switch|p1a: Lilligant|Lilligant-Hisui, F, shiny|36/100
|move|p2a: Moody Blues|U-turn|p1a: Lilligant
|-damage|p1a: Lilligant|0 fnt
|faint|p1a: Lilligant
|
|t:|1776071495
|switch|p2a: Fogbound Lake|Alomomola, F|100/100|[from] U-turn
|
|upkeep
|
|t:|1776071499
|switch|p1a: Salazzle|Salazzle, F, shiny|100/100
|turn|26
|
|t:|1776071504
|switch|p1a: Torkoal|Torkoal, M, shiny|21/100 tox
|-weather|SunnyDay|[from] ability: Drought|[of] p1a: Torkoal
|move|p2a: Fogbound Lake|Protect||[still]
|-fail|p2a: Fogbound Lake
|
|-weather|SunnyDay|[upkeep]
|-damage|p1a: Torkoal|14/100 tox|[from] psn
|upkeep
|turn|27
|
|t:|1776071509
|move|p2a: Fogbound Lake|Flip Turn|p1a: Torkoal
|-supereffective|p1a: Torkoal
|-damage|p1a: Torkoal|2/100 tox
|
|t:|1776071513
|switch|p2a: Ting-Lu|Ting-Lu|76/100 tox|[from] Flip Turn
|-ability|p2a: Ting-Lu|Vessel of Ruin
|move|p1a: Torkoal|Stealth Rock|p2a: Ting-Lu
|-sidestart|p2: BlueEmperor|move: Stealth Rock
|
|-weather|SunnyDay|[upkeep]
|-heal|p2a: Ting-Lu|82/100 tox|[from] item: Leftovers
|-damage|p2a: Ting-Lu|76/100 tox|[from] psn
|-damage|p1a: Torkoal|0 fnt|[from] psn
|faint|p1a: Torkoal
|upkeep
|
|t:|1776071516
|switch|p1a: Walking Wake|Walking Wake, tera:Water|57/100
|-activate|p1a: Walking Wake|ability: Protosynthesis
|-start|p1a: Walking Wake|protosynthesisspe
|turn|28
|
|t:|1776071527
|move|p1a: Walking Wake|Flip Turn|p2a: Ting-Lu
|-supereffective|p2a: Ting-Lu
|-damage|p2a: Ting-Lu|65/100 tox
|
|t:|1776071533
|-end|p1a: Walking Wake|Protosynthesis|[silent]
|switch|p1a: Kingambit|Kingambit, M, shiny|100/100|[from] Flip Turn
|-activate|p1a: Kingambit|ability: Supreme Overlord
|-start|p1a: Kingambit|fallen2|[silent]
|-item|p1a: Kingambit|Air Balloon
|move|p2a: Ting-Lu|Rest|p2a: Ting-Lu
|-status|p2a: Ting-Lu|slp|[from] move: Rest
|-heal|p2a: Ting-Lu|100/100 slp|[silent]
|
|-weather|SunnyDay|[upkeep]
|upkeep
|turn|29
|
|t:|1776071543
|move|p1a: Kingambit|Swords Dance|p1a: Kingambit
|-boost|p1a: Kingambit|atk|2
|cant|p2a: Ting-Lu|slp
|
|-weather|SunnyDay|[upkeep]
|upkeep
|turn|30
|
|t:|1776071548
|move|p1a: Kingambit|Low Kick|p2a: Ting-Lu
|-supereffective|p2a: Ting-Lu
|-damage|p2a: Ting-Lu|0 fnt
|faint|p2a: Ting-Lu
|
|-weather|SunnyDay|[upkeep]
|upkeep
|
|t:|1776071560
|switch|p2a: Moody Blues|Dragapult, F|100/100
|-damage|p2a: Moody Blues|88/100|[from] Stealth Rock
|turn|31
|
|t:|1776071567
|move|p1a: Kingambit|Sucker Punch||[still]
|-fail|p1a: Kingambit
|move|p2a: Moody Blues|Will-O-Wisp|p1a: Kingambit
|-status|p1a: Kingambit|brn
|
|-weather|SunnyDay|[upkeep]
|-damage|p1a: Kingambit|94/100 brn|[from] brn
|upkeep
|turn|32
|
|t:|1776071574
|switch|p2a: Fogbound Lake|Alomomola, F|100/100
|-damage|p2a: Fogbound Lake|88/100|[from] Stealth Rock
|move|p1a: Kingambit|Sucker Punch||[still]
|-fail|p1a: Kingambit
|
|-weather|SunnyDay|[upkeep]
|-damage|p1a: Kingambit|88/100 brn|[from] brn
|upkeep
|turn|33
|
|t:|1776071581
|move|p1a: Kingambit|Swords Dance|p1a: Kingambit
|-boost|p1a: Kingambit|atk|2
|move|p2a: Fogbound Lake|Tickle|p1a: Kingambit
|-unboost|p1a: Kingambit|atk|1
|-unboost|p1a: Kingambit|def|1
|
|-weather|none
|-damage|p1a: Kingambit|82/100 brn|[from] brn
|upkeep
|turn|34
|
|t:|1776071591
|move|p1a: Kingambit|Low Kick|p2a: Fogbound Lake
|-damage|p2a: Fogbound Lake|70/100
|-damage|p1a: Kingambit|66/100 brn|[from] item: Rocky Helmet|[of] p2a: Fogbound Lake
|move|p2a: Fogbound Lake|Flip Turn|p1a: Kingambit
|-damage|p1a: Kingambit|45/100 brn
|-enditem|p1a: Kingambit|Air Balloon
|
|t:|1776071600
|switch|p2a: Tiffany BlueStones|Kyurem, shiny|100/100|[from] Flip Turn
|-damage|p2a: Tiffany BlueStones|76/100|[from] Stealth Rock
|-ability|p2a: Tiffany BlueStones|Pressure
|
|-heal|p2a: Tiffany BlueStones|82/100|[from] item: Leftovers
|-damage|p1a: Kingambit|39/100 brn|[from] brn
|upkeep
|turn|35
|
|t:|1776071608
|move|p2a: Tiffany BlueStones|Earth Power|p1a: Kingambit
|-supereffective|p1a: Kingambit
|-damage|p1a: Kingambit|0 fnt
|faint|p1a: Kingambit
|-end|p1a: Kingambit|fallen2|[silent]
|
|-heal|p2a: Tiffany BlueStones|88/100|[from] item: Leftovers
|upkeep
|
|t:|1776071623
|switch|p1a: Walking Wake|Walking Wake, tera:Water|57/100
|turn|36
|
|t:|1776071632
|switch|p2a: Corviknight|Corviknight, F|100/100
|-damage|p2a: Corviknight|88/100|[from] Stealth Rock
|-ability|p2a: Corviknight|Pressure
|move|p1a: Walking Wake|Flip Turn|p2a: Corviknight
|-damage|p2a: Corviknight|70/100
|
|t:|1776071634
|-end|p1a: Walking Wake|Protosynthesis|[silent]
|switch|p1a: Salazzle|Salazzle, F, shiny|100/100|[from] Flip Turn
|
|-heal|p2a: Corviknight|76/100|[from] item: Leftovers
|upkeep
|turn|37
|
|t:|1776071644
|move|p1a: Salazzle|Toxic|p2a: Corviknight
|-status|p2a: Corviknight|tox
|move|p2a: Corviknight|Defog|p1a: Salazzle
|-unboost|p1a: Salazzle|evasion|1
|-sideend|p2: BlueEmperor|Stealth Rock|[from] move: Defog|[of] p2a: Corviknight
|
|-heal|p2a: Corviknight|82/100 tox|[from] item: Leftovers
|-damage|p2a: Corviknight|76/100 tox|[from] psn
|upkeep
|turn|38
|
|t:|1776071655
|switch|p1a: Walking Wake|Walking Wake, tera:Water|57/100
|move|p2a: Corviknight|U-turn|p1a: Walking Wake
|-damage|p1a: Walking Wake|42/100
|
|t:|1776071660
|switch|p2a: Moody Blues|Dragapult, F|88/100|[from] U-turn
|
|upkeep
|turn|39
|
|t:|1776071678
|-end|p1a: Walking Wake|Protosynthesis|[silent]
|switch|p1a: Salazzle|Salazzle, F, shiny|100/100
|-terastallize|p2a: Moody Blues|Ghost
|move|p2a: Moody Blues|Tera Blast|p1a: Salazzle|[anim] Tera Blast Ghost
|-crit|p1a: Salazzle
|-damage|p1a: Salazzle|0 fnt
|faint|p1a: Salazzle
|
|upkeep
|
|t:|1776071680
|switch|p1a: Hatterene|Hatterene, F, shiny|100/100
|turn|40
|
|t:|1776071686
|move|p2a: Moody Blues|Tera Blast|p1a: Hatterene|[anim] Tera Blast Ghost
|-supereffective|p1a: Hatterene
|-enditem|p1a: Hatterene|Focus Sash
|-damage|p1a: Hatterene|1/100
|move|p1a: Hatterene|Trick Room|p1a: Hatterene
|-fieldstart|move: Trick Room|[of] p1a: Hatterene
|
|upkeep
|turn|41
|
|t:|1776071697
|move|p1a: Hatterene|Psychic Noise|p2a: Moody Blues
|-damage|p2a: Moody Blues|24/100
|-start|p2a: Moody Blues|move: Heal Block
|move|p2a: Moody Blues|Tera Blast|p1a: Hatterene|[anim] Tera Blast Ghost
|-supereffective|p1a: Hatterene
|-damage|p1a: Hatterene|0 fnt
|faint|p1a: Hatterene
|
|upkeep
|
|t:|1776071702
|switch|p1a: Walking Wake|Walking Wake, tera:Water|42/100
|turn|42
|
|t:|1776071709
|move|p1a: Walking Wake|Hydro Steam|p2a: Moody Blues
|-damage|p2a: Moody Blues|0 fnt
|faint|p2a: Moody Blues
|
|upkeep
|
|t:|1776071721
|switch|p2a: Corviknight|Corviknight, F|76/100 tox
|-ability|p2a: Corviknight|Pressure
|turn|43
|
|t:|1776071723
|move|p2a: Corviknight|Brave Bird|p1a: Walking Wake
|-damage|p1a: Walking Wake|4/100
|-damage|p2a: Corviknight|66/100 tox|[from] Recoil
|move|p1a: Walking Wake|Hydro Steam|p2a: Corviknight
|-damage|p2a: Corviknight|10/100 tox
|
|-heal|p2a: Corviknight|16/100 tox|[from] item: Leftovers
|-damage|p2a: Corviknight|10/100 tox|[from] psn
|upkeep
|turn|44
|
|t:|1776071732
|move|p2a: Corviknight|U-turn|p1a: Walking Wake
|-damage|p1a: Walking Wake|0 fnt
|faint|p1a: Walking Wake
|-end|p1a: Walking Wake|Protosynthesis|[silent]
|
|win|BlueEmperor
|raw|Milky Toner's rating: 1321 &rarr; <strong>1298</strong><br />(-23 for losing)
|raw|BlueEmperor's rating: 1261 &rarr; <strong>1290</strong><br />(+29 for winning)
|l|☆Milky Toner
|player|p1|
|l|☆BlueEmperor
|player|p2|
