|html|<div class="broadcast-blue"><strong>[Gen 9] OU is currently suspecting Volcarona! For information on how to participate check out the <a href="https://www.smogon.com/tools/suspects/view/208">suspect thread</a>.</strong></div>
|j|☆f99rsaka
|j|☆24iomxx
|t:|1778496647
|gametype|singles
|player|p1|f99rsaka|2|1150
|player|p2|24iomxx|hilbert-masters|1192
|gen|9
|tier|[Gen 9] OU
|rated|
|rule|HP Percentage Mod: HP is shown in percentages
|rule|Endless Battle Clause: Forcing endless battles is banned
|rule|Species Clause: Limit one of each Pokémon
|rule|OHKO Clause: OHKO moves are banned
|rule|Evasion Items Clause: Evasion items are banned
|rule|Evasion Moves Clause: Evasion moves are banned
|rule|Evasion Abilities Clause: Evasion abilities are banned
|rule|Sleep Moves Clause: Sleep-inducing moves are banned
|clearpoke
|poke|p1|Indeedee, M|
|poke|p1|Armarouge, F|
|poke|p1|Hatterene, F|
|poke|p1|Polteageist|
|poke|p1|Hawlucha, F|
|poke|p1|Maushold|
|poke|p2|Hydreigon, F|
|poke|p2|Excadrill, F|
|poke|p2|Galvantula, M|
|poke|p2|Chandelure, M|
|poke|p2|Amoonguss, F|
|poke|p2|Braviary, M|
|teampreview
|inactive|Battle timer is ON: inactive players will automatically lose when time's up. (requested by 24iomxx)
|
|t:|1778496669
|teamsize|p1|6
|teamsize|p2|6
|start
|switch|p1a: Maushold|Maushold|100/100
|switch|p2a: Galvantula|Galvantula, M|100/100
|turn|1
|
|t:|1778496683
|move|p1a: Maushold|Tidy Up|p1a: Maushold
|-boost|p1a: Maushold|atk|1
|-boost|p1a: Maushold|spe|1
|move|p2a: Galvantula|Thunder Wave|p1a: Maushold
|-status|p1a: Maushold|par
|
|upkeep
|turn|2
|
|t:|1778496693
|move|p2a: Galvantula|Thunder|p1a: Maushold
|-damage|p1a: Maushold|32/100 par
|move|p1a: Maushold|Population Bomb|p2a: Galvantula
|-damage|p2a: Galvantula|67/100
|-damage|p2a: Galvantula|37/100
|-damage|p2a: Galvantula|7/100
|-damage|p2a: Galvantula|0 fnt
|faint|p2a: Galvantula
|-hitcount|p2: Galvantula|4
|
|upkeep
|
|t:|1778496698
|switch|p2a: Chandelure|Chandelure, M|100/100
|turn|3
|
|t:|1778496714
|move|p2a: Chandelure|Fire Blast|p1a: Maushold
|-damage|p1a: Maushold|0 fnt
|faint|p1a: Maushold
|
|upkeep
|
|t:|1778496727
|switch|p1a: Polteageist|Polteageist|100/100
|turn|4
|
|t:|1778496736
|move|p2a: Chandelure|Fire Blast|p1a: Polteageist
|-damage|p1a: Polteageist|26/100
|move|p1a: Polteageist|Shell Smash|p1a: Polteageist
|-unboost|p1a: Polteageist|def|1
|-unboost|p1a: Polteageist|spd|1
|-boost|p1a: Polteageist|atk|2
|-boost|p1a: Polteageist|spa|2
|-boost|p1a: Polteageist|spe|2
|
|upkeep
|turn|5
|
|t:|1778496746
|move|p1a: Polteageist|Shadow Ball|p2a: Chandelure
|-supereffective|p2a: Chandelure
|-damage|p2a: Chandelure|0 fnt
|faint|p2a: Chandelure
|
|upkeep
|
|t:|1778496763
|switch|p2a: Amoonguss|Amoonguss, F|100/100
|turn|6
|
|t:|1778496768
|move|p1a: Polteageist|Stored Power|p2a: Amoonguss
|-supereffective|p2a: Amoonguss
|-damage|p2a: Amoonguss|0 fnt
|faint|p2a: Amoonguss
|
|upkeep
|
|t:|1778496778
|switch|p2a: Hydreigon|Hydreigon, F|100/100
|turn|7
|
|t:|1778496786
|move|p1a: Polteageist|Shadow Ball|p2a: Hydreigon
|-resisted|p2a: Hydreigon
|-damage|p2a: Hydreigon|50/100
|move|p2a: Hydreigon|Flash Cannon|p1a: Polteageist
|-damage|p1a: Polteageist|0 fnt
|faint|p1a: Polteageist
|
|-heal|p2a: Hydreigon|56/100|[from] item: Leftovers
|upkeep
|
|t:|1778496799
|switch|p1a: Indeedee|Indeedee, M|100/100
|-fieldstart|move: Psychic Terrain|[from] ability: Psychic Surge|[of] p1a: Indeedee
|turn|8
|
|t:|1778496807
|move|p2a: Hydreigon|Substitute|p2a: Hydreigon
|-start|p2a: Hydreigon|Substitute
|-damage|p2a: Hydreigon|32/100
|move|p1a: Indeedee|Dazzling Gleam|p2a: Hydreigon
|-supereffective|p2a: Hydreigon
|-end|p2a: Hydreigon|Substitute
|
|-heal|p2a: Hydreigon|38/100|[from] item: Leftovers
|upkeep
|turn|9
|
|t:|1778496819
|switch|p2a: Excadrill|Excadrill, F|100/100
|-ability|p2a: Excadrill|Mold Breaker
|-item|p2a: Excadrill|Air Balloon
|move|p1a: Indeedee|Dazzling Gleam|p2a: Excadrill
|-resisted|p2a: Excadrill
|-damage|p2a: Excadrill|87/100
|-enditem|p2a: Excadrill|Air Balloon
|
|upkeep
|turn|10
|
|t:|1778496837
|switch|p1a: Hatterene|Hatterene, F|100/100
|move|p2a: Excadrill|Swords Dance|p2a: Excadrill
|-boost|p2a: Excadrill|atk|2
|
|upkeep
|turn|11
|
|t:|1778496846
|move|p2a: Excadrill|Iron Head|p1a: Hatterene
|-supereffective|p1a: Hatterene
|-damage|p1a: Hatterene|0 fnt
|faint|p1a: Hatterene
|
|upkeep
|
|t:|1778496852
|switch|p1a: Hawlucha|Hawlucha, F|100/100
|-enditem|p1a: Hawlucha|Psychic Seed
|-boost|p1a: Hawlucha|spd|1|[from] item: Psychic Seed
|turn|12
|
|t:|1778496865
|switch|p2a: Braviary|Braviary, M|100/100
|move|p1a: Hawlucha|Close Combat|p2a: Braviary
|-crit|p2a: Braviary
|-damage|p2a: Braviary|0 fnt
|-unboost|p1a: Hawlucha|def|1
|-unboost|p1a: Hawlucha|spd|1
|faint|p2a: Braviary
|
|upkeep
|
|t:|1778496870
|switch|p2a: Excadrill|Excadrill, F|87/100
|-ability|p2a: Excadrill|Mold Breaker
|turn|13
|
|t:|1778496879
|-terastallize|p2a: Excadrill|Dragon
|move|p1a: Hawlucha|Close Combat|p2a: Excadrill
|-damage|p2a: Excadrill|12/100
|-unboost|p1a: Hawlucha|def|1
|-unboost|p1a: Hawlucha|spd|1
|move|p2a: Excadrill|Iron Head|p1a: Hawlucha
|-damage|p1a: Hawlucha|0 fnt
|faint|p1a: Hawlucha
|
|upkeep
|
|t:|1778496891
|switch|p1a: Indeedee|Indeedee, M|100/100
|turn|14
|
|t:|1778496897
|move|p1a: Indeedee|Dazzling Gleam|p2a: Excadrill
|-supereffective|p2a: Excadrill
|-damage|p2a: Excadrill|0 fnt
|faint|p2a: Excadrill
|
|upkeep
|
|t:|1778496900
|switch|p2a: Hydreigon|Hydreigon, F|38/100
|turn|15
|
|t:|1778496906
|move|p2a: Hydreigon|Draco Meteor|p1a: Indeedee
|-crit|p1a: Indeedee
|-damage|p1a: Indeedee|0 fnt
|-unboost|p2a: Hydreigon|spa|2
|faint|p1a: Indeedee
|
|-heal|p2a: Hydreigon|44/100|[from] item: Leftovers
|-fieldend|move: Psychic Terrain
|upkeep
|
|t:|1778496915
|switch|p1a: Armarouge|Armarouge, F|100/100
|turn|16
|
|t:|1778496920
|move|p2a: Hydreigon|Draco Meteor|p1a: Armarouge
|-damage|p1a: Armarouge|60/100
|-unboost|p2a: Hydreigon|spa|2
|move|p1a: Armarouge|Aura Sphere|p2a: Hydreigon
|-supereffective|p2a: Hydreigon
|-damage|p2a: Hydreigon|0 fnt
|faint|p2a: Hydreigon
|
|win|f99rsaka
|raw|f99rsaka's rating: 1150 &rarr; <strong>1178</strong><br />(+28 for winning)
|raw|24iomxx's rating: 1192 &rarr; <strong>1164</strong><br />(-28 for losing)
|l|☆24iomxx
|player|p2|
|l|☆f99rsaka
|player|p1|
