|html|<div class="broadcast-blue"><strong>[Gen 9] OU is currently suspecting Tera Blast! For information on how to participate check out the <a href="https://www.smogon.com/tools/suspects/view/200">suspect thread</a>.</strong></div>
|j|☆d1burner
|j|☆100XO
|t:|1776290563
|gametype|singles
|player|p1|d1burner|aquagruntf|1132
|player|p2|100XO|giovanni|1184
|gen|9
|tier|[Gen 9] OU
|rated|
|rule|HP Percentage Mod: HP is shown in percentages
|rule|Endless Battle Clause: Forcing endless battles is banned
|rule|Species Clause: Limit one of each Pokémon
|rule|OHKO Clause: OHKO moves are banned
|rule|Evasion Items Clause: Evasion items are banned
|rule|Evasion Moves Clause: Evasion moves are banned
|rule|Evasion Abilities Clause: Evasion abilities are banned
|rule|Sleep Moves Clause: Sleep-inducing moves are banned
|clearpoke
|poke|p1|Kyurem|
|poke|p1|Great Tusk|
|poke|p1|Corviknight, M|
|poke|p1|Slowking-Galar, M|
|poke|p1|Cinderace, F|
|poke|p1|Kingambit, F|
|poke|p2|Dragapult, M|
|poke|p2|Comfey, M|
|poke|p2|Zapdos|
|poke|p2|Tornadus-Therian, M|
|poke|p2|Umbreon, F|
|poke|p2|Great Tusk|
|teampreview
|inactive|Battle timer is ON: inactive players will automatically lose when time's up. (requested by 100XO)
|inactive|d1burner also wants the timer to be on.
|
|t:|1776290591
|teamsize|p1|6
|teamsize|p2|6
|start
|switch|p1a: Cinderace|Cinderace, F|100/100
|switch|p2a: Tornadus|Tornadus-Therian, M|100/100
|turn|1
|
|t:|1776290609
|move|p2a: Tornadus|U-turn|p1a: Cinderace
|-resisted|p1a: Cinderace
|-damage|p1a: Cinderace|90/100
|
|t:|1776290614
|switch|p2a: Zapdos|Zapdos|100/100|[from] U-turn
|move|p1a: Cinderace|U-turn|p2a: Zapdos
|-start|p1a: Cinderace|typechange|Bug|[from] ability: Libero
|-resisted|p2a: Zapdos
|-damage|p2a: Zapdos|88/100
|
|t:|1776290628
|switch|p1a: Kyurem|Kyurem|100/100|[from] U-turn
|-ability|p1a: Kyurem|Pressure
|
|upkeep
|turn|2
|
|t:|1776290642
|switch|p2a: Comfey|Comfey, M|100/100
|move|p1a: Kyurem|Ice Beam|p2a: Comfey
|-damage|p2a: Comfey|23/100
|
|upkeep
|turn|3
|
|t:|1776290647
|move|p2a: Comfey|Draining Kiss|p1a: Kyurem
|-supereffective|p1a: Kyurem
|-damage|p1a: Kyurem|53/100
|-heal|p2a: Comfey|69/100|[from] drain|[of] p1a: Kyurem
|-damage|p2a: Comfey|59/100|[from] item: Life Orb
|move|p1a: Kyurem|Ice Beam|p2a: Comfey
|-damage|p2a: Comfey|0 fnt
|faint|p2a: Comfey
|
|upkeep
|
|t:|1776290676
|switch|p2a: Dragapult|Dragapult, M|100/100
|turn|4
|
|t:|1776290687
|switch|p1a: Corviknight|Corviknight, M|100/100
|-ability|p1a: Corviknight|Pressure
|move|p2a: Dragapult|Dragon Darts|p1a: Corviknight
|-resisted|p1a: Corviknight
|-damage|p1a: Corviknight|94/100
|-anim|p2a: Dragapult|Dragon Darts|p1a: Corviknight
|-resisted|p1a: Corviknight
|-damage|p1a: Corviknight|88/100
|
|upkeep
|turn|5
|
|t:|1776290701
|switch|p2a: Zapdos|Zapdos|88/100
|move|p1a: Corviknight|U-turn|p2a: Zapdos
|-resisted|p2a: Zapdos
|-damage|p2a: Zapdos|83/100
|
|t:|1776290708
|switch|p1a: Kyurem|Kyurem|53/100|[from] U-turn
|-ability|p1a: Kyurem|Pressure
|
|upkeep
|turn|6
|
|t:|1776290713
|switch|p2a: Umbreon|Umbreon, F|100/100
|move|p1a: Kyurem|Ice Beam|p2a: Umbreon
|-damage|p2a: Umbreon|66/100
|
|-heal|p2a: Umbreon|72/100|[from] item: Leftovers
|upkeep
|turn|7
|inactive|d1burner has 120 seconds left.
|inactive|d1burner has 90 seconds left.
|
|t:|1776290779
|switch|p1a: Corviknight|Corviknight, M|88/100
|-ability|p1a: Corviknight|Pressure
|move|p2a: Umbreon|Thunder Wave|p1a: Corviknight
|-status|p1a: Corviknight|par
|
|-heal|p2a: Umbreon|78/100|[from] item: Leftovers
|upkeep
|turn|8
|inactive|d1burner has 90 seconds left.
|
|t:|1776290784
|move|p2a: Umbreon|Protect|p2a: Umbreon
|-singleturn|p2a: Umbreon|Protect
|cant|p1a: Corviknight|par
|
|-heal|p2a: Umbreon|84/100|[from] item: Leftovers
|upkeep
|turn|9
|
|t:|1776290789
|switch|p2a: Zapdos|Zapdos|83/100
|move|p1a: Corviknight|Brave Bird|p2a: Zapdos
|-resisted|p2a: Zapdos
|-damage|p2a: Zapdos|71/100
|-damage|p1a: Corviknight|84/100 par|[from] Recoil
|
|upkeep
|turn|10
|
|t:|1776290794
|move|p2a: Zapdos|Volt Switch|p1a: Corviknight
|-supereffective|p1a: Corviknight
|-damage|p1a: Corviknight|24/100 par
|
|t:|1776290803
|switch|p2a: Great Tusk|Great Tusk|100/100|[from] Volt Switch
|move|p1a: Corviknight|U-turn|p2a: Great Tusk
|-resisted|p2a: Great Tusk
|-damage|p2a: Great Tusk|97/100
|-damage|p1a: Corviknight|7/100 par|[from] item: Rocky Helmet|[of] p2a: Great Tusk
|
|t:|1776290810
|switch|p1a: Kyurem|Kyurem|53/100|[from] U-turn
|-ability|p1a: Kyurem|Pressure
|
|upkeep
|turn|11
|inactive|d1burner has 120 seconds left.
|
|t:|1776290829
|-end|p2a: Great Tusk|Protosynthesis|[silent]
|switch|p2a: Umbreon|Umbreon, F|84/100
|move|p1a: Kyurem|Ice Beam|p2a: Umbreon
|-damage|p2a: Umbreon|47/100
|
|-heal|p2a: Umbreon|53/100|[from] item: Leftovers
|upkeep
|turn|12
|inactive|d1burner has 120 seconds left.
|
|t:|1776290845
|switch|p1a: Slowking|Slowking-Galar, M|100/100
|move|p2a: Umbreon|Wish|p2a: Umbreon
|
|-heal|p2a: Umbreon|59/100|[from] item: Leftovers
|upkeep
|turn|13
|
|t:|1776290857
|move|p2a: Umbreon|Protect|p2a: Umbreon
|-singleturn|p2a: Umbreon|Protect
|move|p1a: Slowking|Thunder Wave|p2a: Umbreon
|-activate|p2a: Umbreon|move: Protect
|
|-heal|p2a: Umbreon|100/100|[from] move: Wish|[wisher] Umbreon
|upkeep
|turn|14
|
|t:|1776290865
|switch|p2a: Great Tusk|Great Tusk|97/100
|move|p1a: Slowking|Thunder Wave|p2a: Great Tusk
|-immune|p2a: Great Tusk
|
|upkeep
|turn|15
|inactive|d1burner has 120 seconds left.
|
|t:|1776290882
|switch|p1a: Corviknight|Corviknight, M|7/100 par
|-ability|p1a: Corviknight|Pressure
|move|p2a: Great Tusk|Ice Spinner|p1a: Corviknight
|-damage|p1a: Corviknight|0 fnt
|-damage|p2a: Great Tusk|80/100|[from] item: Rocky Helmet|[of] p1a: Corviknight
|faint|p1a: Corviknight
|
|upkeep
|inactive|d1burner has 90 seconds left.
|
|t:|1776290936
|switch|p1a: Kyurem|Kyurem|53/100
|-ability|p1a: Kyurem|Pressure
|turn|16
|
|t:|1776290942
|switch|p1a: Kingambit|Kingambit, F|100/100
|-activate|p1a: Kingambit|ability: Supreme Overlord
|-start|p1a: Kingambit|fallen1|[silent]
|-end|p2a: Great Tusk|Protosynthesis|[silent]
|switch|p2a: Umbreon|Umbreon, F|100/100
|
|upkeep
|turn|17
|
|t:|1776290968
|switch|p2a: Dragapult|Dragapult, M|100/100
|move|p1a: Kingambit|Swords Dance|p1a: Kingambit
|-boost|p1a: Kingambit|atk|2
|
|upkeep
|turn|18
|inactive|d1burner has 90 seconds left.
|
|t:|1776290979
|move|p1a: Kingambit|Sucker Punch||[still]
|-fail|p1a: Kingambit
|move|p2a: Dragapult|Will-O-Wisp|p1a: Kingambit|[miss]
|-miss|p2a: Dragapult|p1a: Kingambit
|
|upkeep
|turn|19
|inactive|d1burner has 90 seconds left.
|
|t:|1776290994
|-end|p1a: Kingambit|fallen1|[silent]
|switch|p1a: Slowking|Slowking-Galar, M|100/100
|move|p2a: Dragapult|U-turn|p1a: Slowking
|-damage|p1a: Slowking|80/100
|inactive|100XO has 120 seconds left.
|
|t:|1776291026
|switch|p2a: Great Tusk|Great Tusk|80/100|[from] U-turn
|
|upkeep
|turn|20
|inactive|100XO has 120 seconds left.
|inactive|d1burner has 90 seconds left.
|
|t:|1776291053
|-terastallize|p1a: Slowking|Water
|move|p2a: Great Tusk|Stealth Rock|p1a: Slowking
|-sidestart|p1: d1burner|move: Stealth Rock
|move|p1a: Slowking|Future Sight|p2a: Great Tusk
|-start|p1a: Slowking|move: Future Sight
|
|upkeep
|turn|21
|inactive|100XO has 120 seconds left.
|inactive|d1burner has 60 seconds left.
|
|t:|1776291087
|-end|p2a: Great Tusk|Protosynthesis|[silent]
|switch|p2a: Tornadus|Tornadus-Therian, M|100/100
|-prepare|p1a: Slowking|Chilly Reception|[premajor]
|move|p1a: Slowking|Chilly Reception|p1a: Slowking
|-weather|Snowscape
|inactive|d1burner has 30 seconds left.
|inactive|d1burner has 20 seconds left.
|inactive|d1burner has 15 seconds left.
|
|t:|1776291137
|switch|p1a: Cinderace|Cinderace, F|90/100|[from] Chilly Reception
|
|-weather|Snowscape|[upkeep]
|upkeep
|turn|22
|inactive|d1burner has 25 seconds left this turn.
|inactive|d1burner has 20 seconds left.
|inactive|d1burner has 15 seconds left.
|
|t:|1776291148
|move|p2a: Tornadus|Knock Off|p1a: Cinderace
|-damage|p1a: Cinderace|63/100
|-enditem|p1a: Cinderace|Heavy-Duty Boots|[from] move: Knock Off|[of] p2a: Tornadus
|move|p1a: Cinderace|Court Change|p1a: Cinderace
|-start|p1a: Cinderace|typechange|Normal|[from] ability: Libero
|-swapsideconditions
|-activate|p1a: Cinderace|move: Court Change
|
|-weather|Snowscape|[upkeep]
|-end|p2a: Tornadus|move: Future Sight
|-damage|p2a: Tornadus|69/100
|upkeep
|turn|23
|inactive|d1burner has 25 seconds left this turn.
|inactive|d1burner has 20 seconds left.
|
|t:|1776291158
|move|p2a: Tornadus|U-turn|p1a: Cinderace
|-damage|p1a: Cinderace|40/100
|
|t:|1776291167
|switch|p2a: Zapdos|Zapdos|71/100|[from] U-turn
|move|p1a: Cinderace|Pyro Ball|p2a: Zapdos
|-damage|p2a: Zapdos|44/100
|
|-weather|Snowscape|[upkeep]
|upkeep
|turn|24
|inactive|d1burner has 30 seconds left.
|
|t:|1776291175
|move|p1a: Cinderace|U-turn|p2a: Zapdos
|-resisted|p2a: Zapdos
|-damage|p2a: Zapdos|37/100
|-status|p1a: Cinderace|par|[from] ability: Static|[of] p2a: Zapdos
|inactive|d1burner has 30 seconds left.
|
|t:|1776291183
|switch|p1a: Slowking|Slowking-Galar, M, tera:Water|100/100|[from] U-turn
|move|p2a: Zapdos|Roost|p2a: Zapdos
|-heal|p2a: Zapdos|87/100
|-singleturn|p2a: Zapdos|move: Roost
|
|-weather|Snowscape|[upkeep]
|upkeep
|turn|25
|
|t:|1776291189
|move|p2a: Zapdos|Volt Switch|p1a: Slowking
|-supereffective|p1a: Slowking
|-damage|p1a: Slowking|63/100
|
|t:|1776291211
|switch|p2a: Great Tusk|Great Tusk|80/100|[from] Volt Switch
|-damage|p2a: Great Tusk|77/100|[from] Stealth Rock
|move|p1a: Slowking|Future Sight|p2a: Great Tusk
|-start|p1a: Slowking|move: Future Sight
|
|-weather|none
|upkeep
|turn|26
|inactive|d1burner has 30 seconds left.
|inactive|d1burner has 20 seconds left.
|inactive|d1burner has 15 seconds left.
|inactive|d1burner has 10 seconds left.
|
|t:|1776291258
|move|p2a: Great Tusk|Stealth Rock|p1a: Slowking
|-sidestart|p1: d1burner|move: Stealth Rock
|-prepare|p1a: Slowking|Chilly Reception|[premajor]
|move|p1a: Slowking|Chilly Reception|p1a: Slowking
|-weather|Snowscape
|inactive|d1burner has 15 seconds left this turn.
|inactive|d1burner has 10 seconds left.
|
|t:|1776291263
|switch|p1a: Great Tusk|Great Tusk|100/100|[from] Chilly Reception
|
|-weather|Snowscape|[upkeep]
|upkeep
|turn|27
|inactive|d1burner has 20 seconds left this turn.
|inactive|d1burner has 15 seconds left.
|
|t:|1776291279
|-end|p2a: Great Tusk|Protosynthesis|[silent]
|switch|p2a: Tornadus|Tornadus-Therian, M|100/100
|-damage|p2a: Tornadus|76/100|[from] Stealth Rock
|move|p1a: Great Tusk|Rapid Spin|p2a: Tornadus
|-damage|p2a: Tornadus|56/100
|-boost|p1a: Great Tusk|spe|1
|-sideend|p1: d1burner|Stealth Rock|[from] move: Rapid Spin|[of] p1a: Great Tusk
|
|-weather|Snowscape|[upkeep]
|-end|p2a: Tornadus|move: Future Sight
|-damage|p2a: Tornadus|28/100
|upkeep
|turn|28
|inactive|d1burner has 25 seconds left this turn.
|inactive|d1burner has 20 seconds left.
|inactive|100XO has 120 seconds left.
|
|t:|1776291307
|move|p1a: Great Tusk|Ice Spinner|p2a: Tornadus
|-supereffective|p2a: Tornadus
|-damage|p2a: Tornadus|0 fnt
|faint|p2a: Tornadus
|
|-weather|Snowscape|[upkeep]
|upkeep
|inactive|100XO has 120 seconds left.
|j| nasa16bear
|
|t:|1776291331
|switch|p2a: Dragapult|Dragapult, M|100/100
|turn|29
|inactive|d1burner has 30 seconds left.
|
|t:|1776291338
|move|p1a: Great Tusk|Ice Spinner|p2a: Dragapult
|-supereffective|p2a: Dragapult
|-damage|p2a: Dragapult|30/100
|move|p2a: Dragapult|Will-O-Wisp|p1a: Great Tusk
|-status|p1a: Great Tusk|brn
|
|-weather|Snowscape|[upkeep]
|-damage|p1a: Great Tusk|94/100 brn|[from] brn
|upkeep
|turn|30
|inactive|100XO has 120 seconds left.
|
|t:|1776291343
|move|p1a: Great Tusk|Ice Spinner|p2a: Dragapult
|-supereffective|p2a: Dragapult
|-damage|p2a: Dragapult|0 fnt
|faint|p2a: Dragapult
|
|-weather|none
|-damage|p1a: Great Tusk|88/100 brn|[from] brn
|upkeep
|inactive|100XO has 120 seconds left.
|
|t:|1776291360
|switch|p2a: Umbreon|Umbreon, F|100/100
|-damage|p2a: Umbreon|88/100|[from] Stealth Rock
|turn|31
|
|t:|1776291369
|move|p1a: Great Tusk|Ice Spinner|p2a: Umbreon
|-damage|p2a: Umbreon|76/100
|move|p2a: Umbreon|Foul Play|p1a: Great Tusk
|-resisted|p1a: Great Tusk
|-damage|p1a: Great Tusk|68/100 brn
|
|-heal|p2a: Umbreon|82/100|[from] item: Leftovers
|-damage|p1a: Great Tusk|62/100 brn|[from] brn
|upkeep
|turn|32
|
|t:|1776291376
|-end|p1a: Great Tusk|Protosynthesis|[silent]
|switch|p1a: Kingambit|Kingambit, F|100/100
|-activate|p1a: Kingambit|ability: Supreme Overlord
|-start|p1a: Kingambit|fallen1|[silent]
|move|p2a: Umbreon|Foul Play|p1a: Kingambit
|-resisted|p1a: Kingambit
|-damage|p1a: Kingambit|79/100
|
|-heal|p2a: Umbreon|89/100|[from] item: Leftovers
|-heal|p1a: Kingambit|85/100|[from] item: Leftovers
|upkeep
|turn|33
|
|t:|1776291386
|switch|p2a: Great Tusk|Great Tusk|77/100
|-damage|p2a: Great Tusk|74/100|[from] Stealth Rock
|move|p1a: Kingambit|Swords Dance|p1a: Kingambit
|-boost|p1a: Kingambit|atk|2
|
|-heal|p1a: Kingambit|91/100|[from] item: Leftovers
|upkeep
|turn|34
|
|t:|1776291397
|move|p2a: Great Tusk|Headlong Rush|p1a: Kingambit
|-supereffective|p1a: Kingambit
|-damage|p1a: Kingambit|20/100
|-unboost|p2a: Great Tusk|def|1
|-unboost|p2a: Great Tusk|spd|1
|move|p1a: Kingambit|Low Kick|p2a: Great Tusk
|-damage|p2a: Great Tusk|2/100
|-damage|p1a: Kingambit|3/100|[from] item: Rocky Helmet|[of] p2a: Great Tusk
|
|-heal|p1a: Kingambit|9/100|[from] item: Leftovers
|upkeep
|turn|35
|
|t:|1776291409
|move|p1a: Kingambit|Sucker Punch|p2a: Great Tusk
|-resisted|p2a: Great Tusk
|-damage|p2a: Great Tusk|0 fnt
|-damage|p1a: Kingambit|0 fnt|[from] item: Rocky Helmet|[of] p2a: Great Tusk
|faint|p2a: Great Tusk
|-end|p2a: Great Tusk|Protosynthesis|[silent]
|faint|p1a: Kingambit
|-end|p1a: Kingambit|fallen1|[silent]
|
|upkeep
|inactive|d1burner has 60 seconds left.
|
|t:|1776291421
|switch|p2a: Zapdos|Zapdos|87/100
|switch|p1a: Kyurem|Kyurem|53/100
|-ability|p1a: Kyurem|Pressure
|turn|36
|
|t:|1776291428
|-terastallize|p2a: Zapdos|Steel
|move|p1a: Kyurem|Draco Meteor|p2a: Zapdos
|-resisted|p2a: Zapdos
|-crit|p2a: Zapdos
|-damage|p2a: Zapdos|15/100
|-unboost|p1a: Kyurem|spa|2
|move|p2a: Zapdos|Thunder Wave|p1a: Kyurem|[miss]
|-miss|p2a: Zapdos|p1a: Kyurem
|
|upkeep
|turn|37
|
|t:|1776291435
|move|p1a: Kyurem|Draco Meteor|p2a: Zapdos
|-resisted|p2a: Zapdos
|-damage|p2a: Zapdos|0 fnt
|-unboost|p1a: Kyurem|spa|2
|faint|p2a: Zapdos
|
|upkeep
|
|t:|1776291438
|switch|p2a: Umbreon|Umbreon, F|89/100
|-damage|p2a: Umbreon|76/100|[from] Stealth Rock
|turn|38
|
|t:|1776291445
|switch|p1a: Slowking|Slowking-Galar, M, tera:Water|97/100
|move|p2a: Umbreon|Foul Play|p1a: Slowking
|-damage|p1a: Slowking|77/100
|
|-heal|p2a: Umbreon|82/100|[from] item: Leftovers
|upkeep
|turn|39
|-message|100XO forfeited.
|
|win|d1burner
|raw|d1burner's rating: 1132 &rarr; <strong>1161</strong><br />(+29 for winning)
|raw|100XO's rating: 1184 &rarr; <strong>1155</strong><br />(-29 for losing)
|l|☆100XO
|player|p2|
|c|☆d1burner|gg
