|html|<div class="broadcast-blue"><strong>[Gen 9] OU is currently suspecting Tera Blast! For information on how to participate check out the <a href="https://www.smogon.com/tools/suspects/view/200">suspect thread</a>.</strong></div>
|j|☆critmonger
|j|☆69Risbo
|t:|1776092439
|gametype|singles
|player|p1|critmonger|fisherman-gen4|1291
|player|p2|69Risbo|1|1340
|gen|9
|tier|[Gen 9] OU
|rated|
|rule|HP Percentage Mod: HP is shown in percentages
|rule|Endless Battle Clause: Forcing endless battles is banned
|rule|Species Clause: Limit one of each Pokémon
|rule|OHKO Clause: OHKO moves are banned
|rule|Evasion Items Clause: Evasion items are banned
|rule|Evasion Moves Clause: Evasion moves are banned
|rule|Evasion Abilities Clause: Evasion abilities are banned
|rule|Sleep Moves Clause: Sleep-inducing moves are banned
|clearpoke
|poke|p1|Iron Valiant|
|poke|p1|Great Tusk|
|poke|p1|Dragonite, F|
|poke|p1|Deoxys-Speed|
|poke|p1|Glimmora, F|
|poke|p1|Kingambit, M|
|poke|p2|Flamigo, M|
|poke|p2|Iron Crown|
|poke|p2|Ogerpon-Wellspring, F|
|poke|p2|Zoroark-Hisui, F|
|poke|p2|Okidogi, M|
|poke|p2|Chandelure, M|
|teampreview
|inactive|Battle timer is ON: inactive players will automatically lose when time's up. (requested by 69Risbo)
|
|t:|1776092449
|teamsize|p1|6
|teamsize|p2|6
|start
|switch|p1a: Deoxys|Deoxys-Speed|100/100
|switch|p2a: Iron Crown|Iron Crown|100/100
|-ability|p1a: Deoxys|Pressure
|turn|1
|
|t:|1776092458
|move|p1a: Deoxys|Light Screen|p1a: Deoxys
|-sidestart|p1: critmonger|move: Light Screen
|move|p2a: Iron Crown|Future Sight|p1a: Deoxys
|-start|p2a: Iron Crown|move: Future Sight
|
|upkeep
|turn|2
|
|t:|1776092466
|move|p1a: Deoxys|Reflect|p1a: Deoxys
|-sidestart|p1: critmonger|Reflect
|move|p2a: Iron Crown|Volt Switch|p1a: Deoxys
|-damage|p1a: Deoxys|87/100
|
|t:|1776092475
|-end|p2a: Iron Crown|Quark Drive|[silent]
|switch|p2a: Ogerpon|Ogerpon-Wellspring, F|100/100|[from] Volt Switch
|
|upkeep
|turn|3
|
|t:|1776092486
|move|p1a: Deoxys|Psycho Boost|p2a: Ogerpon|[miss]
|-miss|p1a: Deoxys|p2a: Ogerpon
|move|p2a: Ogerpon|Swords Dance|p2a: Ogerpon
|-boost|p2a: Ogerpon|atk|2
|
|-end|p1a: Deoxys|move: Future Sight
|-resisted|p1a: Deoxys
|-damage|p1a: Deoxys|67/100
|upkeep
|turn|4
|
|t:|1776092499
|switch|p1a: Dragonite|Dragonite, F|100/100
|-terastallize|p2a: Ogerpon|Water
|detailschange|p2a: Ogerpon|Ogerpon-Wellspring-Tera, F, tera:Water
|-ability|p2a: Ogerpon|Embody Aspect (Wellspring)|boost
|-boost|p2a: Ogerpon|spd|1
|move|p2a: Ogerpon|Ivy Cudgel|p1a: Dragonite|[anim] Ivy Cudgel Water
|-resisted|p1a: Dragonite
|-damage|p1a: Dragonite|78/100
|
|-heal|p1a: Dragonite|84/100|[from] item: Leftovers
|upkeep
|turn|5
|
|t:|1776092506
|move|p2a: Ogerpon|Play Rough|p1a: Dragonite
|-supereffective|p1a: Dragonite
|-damage|p1a: Dragonite|7/100
|move|p1a: Dragonite|Dragon Dance|p1a: Dragonite
|-boost|p1a: Dragonite|atk|1
|-boost|p1a: Dragonite|spe|1
|
|-heal|p1a: Dragonite|13/100|[from] item: Leftovers
|upkeep
|turn|6
|
|t:|1776092514
|-terastallize|p1a: Dragonite|Flying
|move|p1a: Dragonite|Tera Blast|p2a: Ogerpon|[anim] Tera Blast Flying
|-damage|p2a: Ogerpon|0 fnt
|faint|p2a: Ogerpon
|detailschange|p2: Ogerpon|Ogerpon-Wellspring, F|[silent]
|
|-heal|p1a: Dragonite|19/100|[from] item: Leftovers
|upkeep
|
|t:|1776092524
|switch|p2a: Iron Crown|Iron Crown|100/100
|turn|7
|
|t:|1776092529
|move|p1a: Dragonite|Earthquake|p2a: Iron Crown
|-supereffective|p2a: Iron Crown
|-damage|p2a: Iron Crown|0 fnt
|faint|p2a: Iron Crown
|-end|p2a: Iron Crown|Quark Drive|[silent]
|
|-heal|p1a: Dragonite|26/100|[from] item: Leftovers
|upkeep
|
|t:|1776092534
|switch|p2a: Chandelure|Chandelure, M|100/100
|turn|8
|
|t:|1776092539
|move|p2a: Chandelure|Shadow Ball|p1a: Dragonite
|-damage|p1a: Dragonite|0 fnt
|faint|p1a: Dragonite
|
|-sideend|p1: critmonger|move: Light Screen
|upkeep
|
|t:|1776092556
|switch|p1a: Kingambit|Kingambit, M|100/100
|-activate|p1a: Kingambit|ability: Supreme Overlord
|-start|p1a: Kingambit|fallen1|[silent]
|turn|9
|
|t:|1776092579
|switch|p2a: Okidogi|Okidogi, M|100/100
|move|p1a: Kingambit|Swords Dance|p1a: Kingambit
|-boost|p1a: Kingambit|atk|2
|
|-sideend|p1: critmonger|Reflect
|upkeep
|turn|10
|
|t:|1776092586
|move|p2a: Okidogi|Drain Punch|p1a: Kingambit
|-supereffective|p1a: Kingambit
|-damage|p1a: Kingambit|0 fnt
|faint|p1a: Kingambit
|-end|p1a: Kingambit|fallen1|[silent]
|
|upkeep
|
|t:|1776092589
|switch|p1a: Deoxys|Deoxys-Speed|67/100
|-ability|p1a: Deoxys|Pressure
|turn|11
|
|t:|1776092593
|switch|p2a: Chandelure|Chandelure, M|100/100
|move|p1a: Deoxys|Reflect|p1a: Deoxys
|-sidestart|p1: critmonger|Reflect
|
|upkeep
|turn|12
|
|t:|1776092599
|move|p1a: Deoxys|Light Screen|p1a: Deoxys
|-sidestart|p1: critmonger|move: Light Screen
|move|p2a: Chandelure|Shadow Ball|p1a: Deoxys
|-supereffective|p1a: Deoxys
|-damage|p1a: Deoxys|0 fnt
|faint|p1a: Deoxys
|
|upkeep
|inactive|critmonger has 120 seconds left.
|
|t:|1776092631
|switch|p1a: Glimmora|Glimmora, F|100/100
|turn|13
|
|t:|1776092640
|move|p2a: Chandelure|Shadow Ball|p1a: Glimmora
|-damage|p1a: Glimmora|58/100
|move|p1a: Glimmora|Meteor Beam||[still]
|-prepare|p1a: Glimmora|Meteor Beam
|-boost|p1a: Glimmora|spa|1
|-enditem|p1a: Glimmora|Power Herb
|-anim|p1a: Glimmora|Meteor Beam|p2a: Chandelure|[miss]
|-miss|p1a: Glimmora|p2a: Chandelure
|
|upkeep
|turn|14
|
|t:|1776092650
|move|p2a: Chandelure|Shadow Ball|p1a: Glimmora
|-damage|p1a: Glimmora|15/100
|-unboost|p1a: Glimmora|spd|1
|move|p1a: Glimmora|Earth Power|p2a: Chandelure
|-crit|p2a: Chandelure
|-damage|p2a: Chandelure|0 fnt
|replace|p2a: Zoroark|Zoroark-Hisui, F
|-end|p2a: Zoroark|Illusion
|faint|p2a: Zoroark
|
|upkeep
|
|t:|1776092659
|switch|p2a: Chandelure|Chandelure, M|100/100
|turn|15
|
|t:|1776092665
|move|p2a: Chandelure|Shadow Ball|p1a: Glimmora
|-damage|p1a: Glimmora|0 fnt
|faint|p1a: Glimmora
|
|upkeep
|
|t:|1776092674
|switch|p1a: Iron Valiant|Iron Valiant|100/100
|-enditem|p1a: Iron Valiant|Booster Energy
|-activate|p1a: Iron Valiant|ability: Quark Drive|[fromitem]
|-start|p1a: Iron Valiant|quarkdrivespe
|turn|16
|
|t:|1776092681
|move|p1a: Iron Valiant|Knock Off|p2a: Chandelure
|-supereffective|p2a: Chandelure
|-damage|p2a: Chandelure|19/100
|-enditem|p2a: Chandelure|Choice Scarf|[from] move: Knock Off|[of] p1a: Iron Valiant
|move|p2a: Chandelure|Shadow Ball|p1a: Iron Valiant
|-damage|p1a: Iron Valiant|57/100
|
|upkeep
|turn|17
|
|t:|1776092689
|move|p1a: Iron Valiant|Knock Off|p2a: Chandelure
|-supereffective|p2a: Chandelure
|-damage|p2a: Chandelure|0 fnt
|faint|p2a: Chandelure
|
|upkeep
|
|t:|1776092693
|switch|p2a: Okidogi|Okidogi, M|100/100
|turn|18
|
|t:|1776092700
|move|p1a: Iron Valiant|Taunt|p2a: Okidogi
|-start|p2a: Okidogi|move: Taunt
|move|p2a: Okidogi|Drain Punch|p1a: Iron Valiant
|-resisted|p1a: Iron Valiant
|-damage|p1a: Iron Valiant|47/100
|
|-sideend|p1: critmonger|Reflect
|upkeep
|turn|19
|
|t:|1776092711
|move|p1a: Iron Valiant|Moonblast|p2a: Okidogi
|-damage|p2a: Okidogi|69/100
|move|p2a: Okidogi|Ice Punch|p1a: Iron Valiant
|-damage|p1a: Iron Valiant|22/100
|
|-heal|p2a: Okidogi|75/100|[from] item: Leftovers
|-sideend|p1: critmonger|move: Light Screen
|upkeep
|turn|20
|
|t:|1776092717
|move|p1a: Iron Valiant|Moonblast|p2a: Okidogi
|-damage|p2a: Okidogi|39/100
|move|p2a: Okidogi|Ice Punch|p1a: Iron Valiant
|-damage|p1a: Iron Valiant|0 fnt
|faint|p1a: Iron Valiant
|-end|p1a: Iron Valiant|Quark Drive|[silent]
|
|-heal|p2a: Okidogi|45/100|[from] item: Leftovers
|-end|p2a: Okidogi|move: Taunt
|upkeep
|
|t:|1776092720
|switch|p1a: Great Tusk|Great Tusk|100/100
|-enditem|p1a: Great Tusk|Booster Energy
|-activate|p1a: Great Tusk|ability: Protosynthesis|[fromitem]
|-start|p1a: Great Tusk|protosynthesisspe
|turn|21
|
|t:|1776092725
|move|p1a: Great Tusk|Bulk Up|p1a: Great Tusk
|-boost|p1a: Great Tusk|atk|1
|-boost|p1a: Great Tusk|def|1
|move|p2a: Okidogi|Ice Punch|p1a: Great Tusk
|-supereffective|p1a: Great Tusk
|-crit|p1a: Great Tusk
|-damage|p1a: Great Tusk|61/100
|
|-heal|p2a: Okidogi|51/100|[from] item: Leftovers
|upkeep
|turn|22
|
|t:|1776092736
|move|p1a: Great Tusk|Bulk Up|p1a: Great Tusk
|-boost|p1a: Great Tusk|atk|1
|-boost|p1a: Great Tusk|def|1
|move|p2a: Okidogi|Ice Punch|p1a: Great Tusk
|-supereffective|p1a: Great Tusk
|-damage|p1a: Great Tusk|46/100
|
|-heal|p2a: Okidogi|57/100|[from] item: Leftovers
|upkeep
|turn|23
|
|t:|1776092740
|move|p1a: Great Tusk|Headlong Rush|p2a: Okidogi
|-supereffective|p2a: Okidogi
|-damage|p2a: Okidogi|0 fnt
|-unboost|p1a: Great Tusk|def|1
|-unboost|p1a: Great Tusk|spd|1
|faint|p2a: Okidogi
|
|upkeep
|
|t:|1776092742
|switch|p2a: Flamigo|Flamigo, M|100/100
|turn|24
|
|t:|1776092745
|move|p1a: Great Tusk|Head Smash|p2a: Flamigo
|-damage|p2a: Flamigo|0 fnt
|faint|p2a: Flamigo
|-damage|p1a: Great Tusk|11/100|[from] Recoil
|
|win|critmonger
|raw|critmonger's rating: 1291 &rarr; <strong>1320</strong><br />(+29 for winning)
|raw|69Risbo's rating: 1340 &rarr; <strong>1317</strong><br />(-23 for losing)
|l|☆69Risbo
|player|p2|
|l|☆critmonger
|player|p1|
