|html|<div class="broadcast-blue"><strong>[Gen 9] OU is currently suspecting Tera Blast! For information on how to participate check out the <a href="https://www.smogon.com/tools/suspects/view/200">suspect thread</a>.</strong></div>
|j|☆S.FROSTE_9
|j|☆Kira167
|t:|1776075743
|gametype|singles
|player|p1|S.FROSTE_9|steven|1172
|player|p2|Kira167|2|1131
|gen|9
|tier|[Gen 9] OU
|rated|
|rule|HP Percentage Mod: HP is shown in percentages
|rule|Endless Battle Clause: Forcing endless battles is banned
|rule|Species Clause: Limit one of each Pokémon
|rule|OHKO Clause: OHKO moves are banned
|rule|Evasion Items Clause: Evasion items are banned
|rule|Evasion Moves Clause: Evasion moves are banned
|rule|Evasion Abilities Clause: Evasion abilities are banned
|rule|Sleep Moves Clause: Sleep-inducing moves are banned
|clearpoke
|poke|p1|Registeel|
|poke|p1|Dragapult, M|
|poke|p1|Glimmora, F|
|poke|p1|Barraskewda, M|
|poke|p1|Sneasel-Hisui, M|
|poke|p1|Iron Valiant|
|poke|p2|Gliscor, M|
|poke|p2|Gholdengo|
|poke|p2|Toxapex, M|
|poke|p2|Kyurem|
|poke|p2|Kingambit, M|
|poke|p2|Great Tusk|
|teampreview
|inactive|Battle timer is ON: inactive players will automatically lose when time's up. (requested by S.FROSTE_9)
|
|t:|1776075751
|teamsize|p1|6
|teamsize|p2|6
|start
|switch|p1a: Glimmora|Glimmora, F|100/100
|switch|p2a: Kyurem|Kyurem, shiny|100/100
|-ability|p2a: Kyurem|Pressure
|turn|1
|
|t:|1776075765
|move|p2a: Kyurem|Earth Power|p1a: Glimmora
|-supereffective|p1a: Glimmora
|-enditem|p1a: Glimmora|Focus Sash
|-damage|p1a: Glimmora|1/100
|move|p1a: Glimmora|Stealth Rock|p2a: Kyurem
|-sidestart|p2: Kira167|move: Stealth Rock
|
|upkeep
|turn|2
|
|t:|1776075774
|move|p2a: Kyurem|Earth Power|p1a: Glimmora
|-supereffective|p1a: Glimmora
|-damage|p1a: Glimmora|0 fnt
|faint|p1a: Glimmora
|
|upkeep
|
|t:|1776075778
|switch|p1a: Dragapult|Dragapult, M|100/100
|turn|3
|
|t:|1776075787
|move|p1a: Dragapult|Fire Blast|p2a: Kyurem
|-damage|p2a: Kyurem|54/100
|move|p2a: Kyurem|Freeze-Dry|p1a: Dragapult
|-supereffective|p1a: Dragapult
|-damage|p1a: Dragapult|11/100
|
|-heal|p2a: Kyurem|60/100|[from] item: Leftovers
|upkeep
|turn|4
|
|t:|1776075799
|switch|p1a: Registeel|Registeel|100/100
|-terastallize|p2a: Kyurem|Ground
|move|p2a: Kyurem|Freeze-Dry|p1a: Registeel
|-resisted|p1a: Registeel
|-damage|p1a: Registeel|92/100
|-status|p1a: Registeel|frz
|-enditem|p1a: Registeel|Lum Berry|[eat]
|-curestatus|p1a: Registeel|frz|[msg]
|
|-heal|p2a: Kyurem|67/100|[from] item: Leftovers
|upkeep
|turn|5
|
|t:|1776075821
|switch|p1a: Barraskewda|Barraskewda, M|100/100
|move|p2a: Kyurem|Earth Power|p1a: Barraskewda
|-damage|p1a: Barraskewda|38/100
|
|-heal|p2a: Kyurem|73/100|[from] item: Leftovers
|upkeep
|turn|6
|
|t:|1776075836
|move|p1a: Barraskewda|Flip Turn|p2a: Kyurem
|-supereffective|p2a: Kyurem
|-damage|p2a: Kyurem|11/100
|
|t:|1776075842
|switch|p1a: Registeel|Registeel|92/100|[from] Flip Turn
|move|p2a: Kyurem|Earth Power|p1a: Registeel
|-supereffective|p1a: Registeel
|-damage|p1a: Registeel|46/100
|
|-heal|p2a: Kyurem|17/100|[from] item: Leftovers
|upkeep
|turn|7
|
|t:|1776075860
|switch|p1a: Sneasel|Sneasel-Hisui, M|100/100
|move|p2a: Kyurem|Earth Power|p1a: Sneasel
|-supereffective|p1a: Sneasel
|-enditem|p1a: Sneasel|Focus Sash
|-damage|p1a: Sneasel|1/100
|
|-heal|p2a: Kyurem|23/100|[from] item: Leftovers
|upkeep
|turn|8
|
|t:|1776075871
|switch|p2a: Toxapex|Toxapex, M|100/100
|-damage|p2a: Toxapex|88/100|[from] Stealth Rock
|move|p1a: Sneasel|Close Combat|p2a: Toxapex
|-resisted|p2a: Toxapex
|-damage|p2a: Toxapex|73/100
|-unboost|p1a: Sneasel|def|1
|-unboost|p1a: Sneasel|spd|1
|
|-heal|p2a: Toxapex|79/100|[from] item: Black Sludge
|upkeep
|turn|9
|
|t:|1776075884
|move|p1a: Sneasel|Swords Dance|p1a: Sneasel
|-boost|p1a: Sneasel|atk|2
|move|p2a: Toxapex|Toxic Spikes|p1a: Sneasel
|-sidestart|p1: S.FROSTE_9|move: Toxic Spikes
|
|-heal|p2a: Toxapex|86/100|[from] item: Black Sludge
|upkeep
|turn|10
|
|t:|1776075896
|move|p1a: Sneasel|Swords Dance|p1a: Sneasel
|-boost|p1a: Sneasel|atk|2
|move|p2a: Toxapex|Surf|p1a: Sneasel
|-damage|p1a: Sneasel|0 fnt
|faint|p1a: Sneasel
|
|-heal|p2a: Toxapex|92/100|[from] item: Black Sludge
|upkeep
|
|t:|1776075903
|switch|p1a: Dragapult|Dragapult, M|11/100
|-status|p1a: Dragapult|psn
|turn|11
|
|t:|1776075910
|move|p1a: Dragapult|Thunderbolt|p2a: Toxapex
|-supereffective|p2a: Toxapex
|-damage|p2a: Toxapex|31/100
|move|p2a: Toxapex|Surf|p1a: Dragapult
|-resisted|p1a: Dragapult
|-damage|p1a: Dragapult|0 fnt
|faint|p1a: Dragapult
|
|-heal|p2a: Toxapex|38/100|[from] item: Black Sludge
|upkeep
|
|t:|1776075920
|switch|p1a: Registeel|Registeel|46/100
|turn|12
|
|t:|1776075933
|move|p1a: Registeel|Iron Defense|p1a: Registeel
|-boost|p1a: Registeel|def|2
|move|p2a: Toxapex|Recover|p2a: Toxapex
|-heal|p2a: Toxapex|88/100
|
|-heal|p2a: Toxapex|94/100|[from] item: Black Sludge
|upkeep
|turn|13
|
|t:|1776075944
|move|p1a: Registeel|Iron Defense|p1a: Registeel
|-boost|p1a: Registeel|def|2
|move|p2a: Toxapex|Haze|p2a: Toxapex
|-clearallboost
|
|-heal|p2a: Toxapex|99/100|[from] item: Black Sludge
|upkeep
|turn|14
|-message|S.FROSTE_9 forfeited.
|
|win|Kira167
|raw|S.FROSTE_9's rating: 1172 &rarr; <strong>1144</strong><br />(-28 for losing)
|raw|Kira167's rating: 1131 &rarr; <strong>1159</strong><br />(+28 for winning)
|l|☆S.FROSTE_9
|player|p1|
|l|☆Kira167
|player|p2|
