|html|<div class="broadcast-blue"><strong>[Gen 9] OU is currently suspecting Tera Blast! For information on how to participate check out the <a href="https://www.smogon.com/tools/suspects/view/200">suspect thread</a>.</strong></div>
|j|☆TOMBDADDY
|j|☆roddyj
|t:|1776288129
|gametype|singles
|player|p1|TOMBDADDY|unknown|1666
|player|p2|roddyj|ethan|1659
|gen|9
|tier|[Gen 9] OU
|rated|
|rule|HP Percentage Mod: HP is shown in percentages
|rule|Endless Battle Clause: Forcing endless battles is banned
|rule|Species Clause: Limit one of each Pokémon
|rule|OHKO Clause: OHKO moves are banned
|rule|Evasion Items Clause: Evasion items are banned
|rule|Evasion Moves Clause: Evasion moves are banned
|rule|Evasion Abilities Clause: Evasion abilities are banned
|rule|Sleep Moves Clause: Sleep-inducing moves are banned
|clearpoke
|poke|p1|Deoxys-Speed|
|poke|p1|Ceruledge, M|
|poke|p1|Zamazenta-*|
|poke|p1|Ogerpon-Wellspring, F|
|poke|p1|Glimmora, F|
|poke|p1|Moltres-Galar|
|poke|p2|Iron Crown|
|poke|p2|Articuno-Galar|
|poke|p2|Blaziken, M|
|poke|p2|Incineroar, F|
|poke|p2|Weezing-Galar, M|
|poke|p2|Hatterene, F|
|teampreview
|
|t:|1776288155
|teamsize|p1|6
|teamsize|p2|6
|start
|switch|p1a: Ogerpon|Ogerpon-Wellspring, F|100/100
|switch|p2a: Incineroar|Incineroar, F, shiny|100/100
|-ability|p2a: Incineroar|Intimidate|boost
|-unboost|p1a: Ogerpon|atk|1
|turn|1
|inactive|Battle timer is ON: inactive players will automatically lose when time's up. (requested by roddyj)
|
|t:|1776288164
|move|p1a: Ogerpon|Swords Dance|p1a: Ogerpon
|-boost|p1a: Ogerpon|atk|2
|move|p2a: Incineroar|Will-O-Wisp|p1a: Ogerpon
|-status|p1a: Ogerpon|brn
|
|-damage|p1a: Ogerpon|95/100 brn|[from] brn
|upkeep
|turn|2
|
|t:|1776288172
|move|p1a: Ogerpon|Swords Dance|p1a: Ogerpon
|-boost|p1a: Ogerpon|atk|2
|move|p2a: Incineroar|Parting Shot|p1a: Ogerpon
|-unboost|p1a: Ogerpon|atk|1
|-unboost|p1a: Ogerpon|spa|1
|
|t:|1776288179
|switch|p2a: Weezing|Weezing-Galar, M, shiny|100/100|[from] Parting Shot
|
|-damage|p1a: Ogerpon|89/100 brn|[from] brn
|upkeep
|turn|3
|
|t:|1776288186
|move|p1a: Ogerpon|Swords Dance|p1a: Ogerpon
|-boost|p1a: Ogerpon|atk|2
|move|p2a: Weezing|Acid Spray|p1a: Ogerpon
|-supereffective|p1a: Ogerpon
|-damage|p1a: Ogerpon|59/100 brn
|-unboost|p1a: Ogerpon|spd|2
|
|-damage|p1a: Ogerpon|53/100 brn|[from] brn
|upkeep
|turn|4
|
|t:|1776288191
|move|p1a: Ogerpon|Ivy Cudgel|p2a: Weezing|[anim] Ivy Cudgel Water
|-crit|p2a: Weezing
|-damage|p2a: Weezing|11/100
|move|p2a: Weezing|Acid Spray|p1a: Ogerpon
|-supereffective|p1a: Ogerpon
|-damage|p1a: Ogerpon|0 fnt
|faint|p1a: Ogerpon
|
|-heal|p2a: Weezing|17/100|[from] item: Leftovers
|upkeep
|
|t:|1776288217
|switch|p1a: Glimmora|Glimmora, F|100/100
|turn|5
|
|t:|1776288222
|switch|p2a: Hatterene|Hatterene, F, shiny|100/100
|move|p1a: Glimmora|Meteor Beam||[still]
|-prepare|p1a: Glimmora|Meteor Beam
|-boost|p1a: Glimmora|spa|1
|-enditem|p1a: Glimmora|Power Herb
|-anim|p1a: Glimmora|Meteor Beam|p2a: Hatterene|[miss]
|-miss|p1a: Glimmora|p2a: Hatterene
|
|upkeep
|turn|6
|
|t:|1776288228
|switch|p2a: Incineroar|Incineroar, F, shiny|100/100
|-ability|p2a: Incineroar|Intimidate|boost
|-unboost|p1a: Glimmora|atk|1
|move|p1a: Glimmora|Earth Power|p2a: Incineroar
|-supereffective|p2a: Incineroar
|-damage|p2a: Incineroar|36/100
|
|upkeep
|turn|7
|
|t:|1776288238
|switch|p2a: Hatterene|Hatterene, F, shiny|100/100
|move|p1a: Glimmora|Meteor Beam||[still]
|-prepare|p1a: Glimmora|Meteor Beam
|-boost|p1a: Glimmora|spa|1
|
|upkeep
|turn|8
|
|t:|1776288243
|move|p1a: Glimmora|Meteor Beam|p2a: Hatterene|[from] lockedmove
|-damage|p2a: Hatterene|14/100
|move|p2a: Hatterene|Psyshock|p1a: Glimmora
|-supereffective|p1a: Glimmora
|-damage|p1a: Glimmora|0 fnt
|faint|p1a: Glimmora
|
|upkeep
|
|t:|1776288251
|switch|p1a: Moltres|Moltres-Galar|100/100
|turn|9
|
|t:|1776288257
|move|p1a: Moltres|Fiery Wrath|p2a: Hatterene
|-damage|p2a: Hatterene|0 fnt
|faint|p2a: Hatterene
|
|upkeep
|
|t:|1776288264
|switch|p2a: Articuno|Articuno-Galar, shiny|100/100
|turn|10
|
|t:|1776288277
|move|p2a: Articuno|Calm Mind|p2a: Articuno
|-boost|p2a: Articuno|spa|1
|-boost|p2a: Articuno|spd|1
|move|p1a: Moltres|Agility|p1a: Moltres
|-boost|p1a: Moltres|spe|2
|
|upkeep
|turn|11
|
|t:|1776288281
|move|p1a: Moltres|Nasty Plot|p1a: Moltres
|-boost|p1a: Moltres|spa|2
|move|p2a: Articuno|Agility|p2a: Articuno
|-boost|p2a: Articuno|spe|2
|
|upkeep
|turn|12
|
|t:|1776288287
|move|p2a: Articuno|Calm Mind|p2a: Articuno
|-boost|p2a: Articuno|spa|1
|-boost|p2a: Articuno|spd|1
|move|p1a: Moltres|Fiery Wrath|p2a: Articuno
|-supereffective|p2a: Articuno
|-damage|p2a: Articuno|30/100
|-enditem|p2a: Articuno|Weakness Policy
|-boost|p2a: Articuno|atk|2|[from] item: Weakness Policy
|-boost|p2a: Articuno|spa|2|[from] item: Weakness Policy
|
|upkeep
|turn|13
|j| Ctannn
|
|t:|1776288297
|move|p2a: Articuno|Tera Blast|p1a: Moltres
|-crit|p1a: Moltres
|-damage|p1a: Moltres|18/100
|-ability|p1a: Moltres|Berserk|boost
|-boost|p1a: Moltres|spa|1
|-enditem|p1a: Moltres|Sitrus Berry|[eat]
|-heal|p1a: Moltres|43/100|[from] item: Sitrus Berry
|move|p1a: Moltres|Fiery Wrath|p2a: Articuno
|-supereffective|p2a: Articuno
|-damage|p2a: Articuno|0 fnt
|faint|p2a: Articuno
|
|upkeep
|
|t:|1776288301
|switch|p2a: Blaziken|Blaziken, M, shiny|100/100
|turn|14
|
|t:|1776288319
|move|p1a: Moltres|Tera Blast|p2a: Blaziken
|-damage|p2a: Blaziken|11/100
|move|p2a: Blaziken|Reversal|p1a: Moltres
|-damage|p1a: Moltres|0 fnt
|faint|p1a: Moltres
|
|-ability|p2a: Blaziken|Speed Boost|boost
|-boost|p2a: Blaziken|spe|1
|upkeep
|
|t:|1776288324
|switch|p1a: Ceruledge|Ceruledge, M|100/100
|turn|15
|
|t:|1776288330
|switch|p2a: Incineroar|Incineroar, F, shiny|36/100
|-ability|p2a: Incineroar|Intimidate|boost
|-unboost|p1a: Ceruledge|atk|1
|move|p1a: Ceruledge|Swords Dance|p1a: Ceruledge
|-boost|p1a: Ceruledge|atk|2
|
|upkeep
|turn|16
|
|t:|1776288343
|switch|p2a: Weezing|Weezing-Galar, M, shiny|17/100
|move|p1a: Ceruledge|Bitter Blade|p2a: Weezing
|-damage|p2a: Weezing|0 fnt
|faint|p2a: Weezing
|-damage|p1a: Ceruledge|91/100|[from] item: Life Orb
|
|upkeep
|
|t:|1776288346
|switch|p2a: Incineroar|Incineroar, F, shiny|36/100
|-ability|p2a: Incineroar|Intimidate|boost
|-unboost|p1a: Ceruledge|atk|1
|turn|17
|
|t:|1776288354
|move|p1a: Ceruledge|Poltergeist|p2a: Incineroar
|-activate|p2a: Incineroar|move: Poltergeist|Heavy-Duty Boots
|-resisted|p2a: Incineroar
|-damage|p2a: Incineroar|1/100
|-damage|p1a: Ceruledge|81/100|[from] item: Life Orb
|move|p2a: Incineroar|Knock Off|p1a: Ceruledge
|-supereffective|p1a: Ceruledge
|-damage|p1a: Ceruledge|0 fnt
|-enditem|p1a: Ceruledge|Life Orb|[from] move: Knock Off|[of] p2a: Incineroar
|faint|p1a: Ceruledge
|
|upkeep
|
|t:|1776288359
|switch|p1a: Zamazenta|Zamazenta|100/100
|-ability|p1a: Zamazenta|Dauntless Shield|boost
|-boost|p1a: Zamazenta|def|1
|turn|18
|
|t:|1776288366
|move|p1a: Zamazenta|Body Press|p2a: Incineroar
|-supereffective|p2a: Incineroar
|-damage|p2a: Incineroar|0 fnt
|faint|p2a: Incineroar
|
|upkeep
|
|t:|1776288368
|switch|p2a: Blaziken|Blaziken, M, shiny|11/100
|turn|19
|
|t:|1776288374
|move|p2a: Blaziken|Endure|p2a: Blaziken
|-singleturn|p2a: Blaziken|move: Endure
|move|p1a: Zamazenta|Iron Defense|p1a: Zamazenta
|-boost|p1a: Zamazenta|def|2
|
|-ability|p2a: Blaziken|Speed Boost|boost
|-boost|p2a: Blaziken|spe|1
|upkeep
|turn|20
|
|t:|1776288378
|-terastallize|p2a: Blaziken|Ghost
|move|p1a: Zamazenta|Body Press|p2a: Blaziken
|-immune|p2a: Blaziken
|move|p2a: Blaziken|Swords Dance|p2a: Blaziken
|-boost|p2a: Blaziken|atk|2
|
|-ability|p2a: Blaziken|Speed Boost|boost
|-boost|p2a: Blaziken|spe|1
|upkeep
|turn|21
|
|t:|1776288382
|move|p2a: Blaziken|Endure|p2a: Blaziken
|-singleturn|p2a: Blaziken|move: Endure
|move|p1a: Zamazenta|Roar|p2a: Blaziken
|drag|p2a: Iron Crown|Iron Crown|100/100
|
|upkeep
|turn|22
|
|t:|1776288388
|-terastallize|p1a: Zamazenta|Electric
|move|p1a: Zamazenta|Body Press|p2a: Iron Crown
|-damage|p2a: Iron Crown|13/100
|move|p2a: Iron Crown|Agility|p2a: Iron Crown
|-boost|p2a: Iron Crown|spe|2
|
|upkeep
|turn|23
|
|t:|1776288393
|move|p2a: Iron Crown|Stored Power|p1a: Zamazenta
|-damage|p1a: Zamazenta|79/100
|move|p1a: Zamazenta|Body Press|p2a: Iron Crown
|-damage|p2a: Iron Crown|0 fnt
|faint|p2a: Iron Crown
|-end|p2a: Iron Crown|Quark Drive|[silent]
|
|-heal|p1a: Zamazenta|85/100|[from] item: Leftovers
|upkeep
|
|t:|1776288396
|switch|p2a: Blaziken|Blaziken, M, shiny, tera:Ghost|11/100
|turn|24
|
|t:|1776288400
|move|p2a: Blaziken|Endure|p2a: Blaziken
|-singleturn|p2a: Blaziken|move: Endure
|move|p1a: Zamazenta|Iron Defense|p1a: Zamazenta
|-boost|p1a: Zamazenta|def|2
|
|-heal|p1a: Zamazenta|92/100|[from] item: Leftovers
|-ability|p2a: Blaziken|Speed Boost|boost
|-boost|p2a: Blaziken|spe|1
|upkeep
|turn|25
|
|t:|1776288403
|move|p1a: Zamazenta|Heavy Slam|p2a: Blaziken
|-damage|p2a: Blaziken|0 fnt
|faint|p2a: Blaziken
|
|win|TOMBDADDY
|raw|TOMBDADDY's rating: 1666 &rarr; <strong>1686</strong><br />(+20 for winning)
|raw|roddyj's rating: 1659 &rarr; <strong>1639</strong><br />(-20 for losing)
|l|☆roddyj
|player|p2|
