|html|<div class="broadcast-blue"><strong>[Gen 9] OU is currently suspecting Tera Blast! For information on how to participate check out the <a href="https://www.smogon.com/tools/suspects/view/200">suspect thread</a>.</strong></div>
|j|☆coslada rey
|j|☆per27
|t:|1776180291
|gametype|singles
|player|p1|coslada rey|ltsurge|1107
|player|p2|per27|266|1065
|gen|9
|tier|[Gen 9] OU
|rated|
|rule|HP Percentage Mod: HP is shown in percentages
|rule|Endless Battle Clause: Forcing endless battles is banned
|rule|Species Clause: Limit one of each Pokémon
|rule|OHKO Clause: OHKO moves are banned
|rule|Evasion Items Clause: Evasion items are banned
|rule|Evasion Moves Clause: Evasion moves are banned
|rule|Evasion Abilities Clause: Evasion abilities are banned
|rule|Sleep Moves Clause: Sleep-inducing moves are banned
|clearpoke
|poke|p1|Great Tusk|
|poke|p1|Gliscor, M|
|poke|p1|Bisharp, M|
|poke|p1|Rotom-Wash|
|poke|p1|Heatran, M|
|poke|p1|Dragapult, F|
|poke|p2|Clefable, M|
|poke|p2|Uxie|
|teampreview
|inactive|Battle timer is ON: inactive players will automatically lose when time's up. (requested by per27)
|
|t:|1776180302
|teamsize|p1|6
|teamsize|p2|2
|start
|switch|p1a: Great Tusk|Great Tusk|100/100
|switch|p2a: Uxie|Uxie|100/100
|-enditem|p1a: Great Tusk|Booster Energy
|-activate|p1a: Great Tusk|ability: Protosynthesis|[fromitem]
|-start|p1a: Great Tusk|protosynthesisdef
|turn|1
|
|t:|1776180313
|-terastallize|p1a: Great Tusk|Ground
|move|p2a: Uxie|Reflect|p2a: Uxie
|-sidestart|p2: per27|Reflect
|move|p1a: Great Tusk|Knock Off|p2a: Uxie
|-supereffective|p2a: Uxie
|-damage|p2a: Uxie|81/100
|-enditem|p2a: Uxie|Mental Herb|[from] move: Knock Off|[of] p1a: Great Tusk
|
|upkeep
|turn|2
|
|t:|1776180324
|move|p2a: Uxie|Light Screen|p2a: Uxie
|-sidestart|p2: per27|move: Light Screen
|move|p1a: Great Tusk|Stealth Rock|p2a: Uxie
|-sidestart|p2: per27|move: Stealth Rock
|
|upkeep
|turn|3
|
|t:|1776180330
|move|p2a: Uxie|Memento|p1a: Great Tusk
|-unboost|p1a: Great Tusk|atk|2
|-unboost|p1a: Great Tusk|spa|2
|faint|p2a: Uxie
|move|p1a: Great Tusk|Rapid Spin|p2: Uxie|[notarget]
|-fail|p1a: Great Tusk
|
|upkeep
|
|t:|1776180337
|switch|p2a: Clefable|Clefable, M, shiny|100/100
|turn|4
|n|☆coslada rey|cosladarey
|inactive|coslada rey has 120 seconds left.
|inactive|coslada rey has 90 seconds left.
|
|t:|1776180398
|-terastallize|p2a: Clefable|Psychic
|move|p2a: Clefable|Cosmic Power|p2a: Clefable
|-boost|p2a: Clefable|def|1
|-boost|p2a: Clefable|spd|1
|move|p1a: Great Tusk|Knock Off|p2a: Clefable
|-supereffective|p2a: Clefable
|-damage|p2a: Clefable|91/100
|-enditem|p2a: Clefable|Weakness Policy
|-boost|p2a: Clefable|atk|2|[from] item: Weakness Policy
|-boost|p2a: Clefable|spa|2|[from] item: Weakness Policy
|
|upkeep
|turn|5
|inactive|coslada rey has 90 seconds left.
|
|t:|1776180417
|move|p2a: Clefable|Stored Power|p1a: Great Tusk
|-damage|p1a: Great Tusk|0 fnt
|faint|p1a: Great Tusk
|-end|p1a: Great Tusk|Protosynthesis|[silent]
|
|-sideend|p2: per27|Reflect
|upkeep
|
|t:|1776180423
|switch|p1a: Rotom|Rotom-Wash|100/100
|turn|6
|inactive|coslada rey has 90 seconds left.
|
|t:|1776180438
|move|p1a: Rotom|Volt Switch|p2a: Clefable
|-damage|p2a: Clefable|82/100
|
|t:|1776180443
|switch|p1a: Heatran|Heatran, M|100/100|[from] Volt Switch
|-item|p1a: Heatran|Air Balloon
|move|p2a: Clefable|Cosmic Power|p2a: Clefable
|-boost|p2a: Clefable|def|1
|-boost|p2a: Clefable|spd|1
|
|-sideend|p2: per27|move: Light Screen
|upkeep
|turn|7
|inactive|coslada rey has 90 seconds left.
|
|t:|1776180459
|move|p2a: Clefable|Cosmic Power|p2a: Clefable
|-boost|p2a: Clefable|def|1
|-boost|p2a: Clefable|spd|1
|move|p1a: Heatran|Magma Storm|p2a: Clefable
|-damage|p2a: Clefable|63/100
|-activate|p2a: Clefable|move: Magma Storm|[of] p1a: Heatran
|
|upkeep
|turn|8
|
|t:|1776180468
|move|p2a: Clefable|Cosmic Power|p2a: Clefable
|-boost|p2a: Clefable|def|1
|-boost|p2a: Clefable|spd|1
|move|p1a: Heatran|Taunt|p2a: Clefable
|-start|p2a: Clefable|move: Taunt
|
|upkeep
|turn|9
|inactive|coslada rey has 90 seconds left.
|
|t:|1776180480
|switch|p1a: Rotom|Rotom-Wash|100/100
|move|p2a: Clefable|Stored Power|p1a: Rotom
|-damage|p1a: Rotom|0 fnt
|faint|p1a: Rotom
|
|-end|p2a: Clefable|Magma Storm|[partiallytrapped]|[silent]
|upkeep
|
|t:|1776180490
|switch|p1a: Gliscor|Gliscor, M|100/100
|turn|10
|inactive|coslada rey has 90 seconds left.
|
|t:|1776180497
|move|p1a: Gliscor|Toxic|p2a: Clefable
|-status|p2a: Clefable|tox
|move|p2a: Clefable|Draining Kiss|p1a: Gliscor
|-damage|p1a: Gliscor|54/100
|-heal|p2a: Clefable|99/100 tox|[from] drain|[of] p1a: Gliscor
|
|-status|p1a: Gliscor|tox|[from] item: Toxic Orb
|upkeep
|turn|11
|
|t:|1776180509
|move|p1a: Gliscor|Protect|p1a: Gliscor
|-singleturn|p1a: Gliscor|Protect
|move|p2a: Clefable|Stored Power|p1a: Gliscor
|-activate|p1a: Gliscor|move: Protect
|
|-heal|p1a: Gliscor|66/100 tox|[from] ability: Poison Heal
|-end|p2a: Clefable|move: Taunt
|upkeep
|turn|12
|
|t:|1776180524
|move|p1a: Gliscor|Substitute|p1a: Gliscor
|-start|p1a: Gliscor|Substitute
|-damage|p1a: Gliscor|41/100 tox
|move|p2a: Clefable|Stored Power|p1a: Gliscor
|-end|p1a: Gliscor|Substitute
|
|-heal|p1a: Gliscor|54/100 tox|[from] ability: Poison Heal
|upkeep
|turn|13
|
|t:|1776180540
|move|p1a: Gliscor|Protect|p1a: Gliscor
|-singleturn|p1a: Gliscor|Protect
|move|p2a: Clefable|Stored Power|p1a: Gliscor
|-activate|p1a: Gliscor|move: Protect
|
|-heal|p1a: Gliscor|66/100 tox|[from] ability: Poison Heal
|upkeep
|turn|14
|
|t:|1776180566
|move|p1a: Gliscor|Substitute|p1a: Gliscor
|-start|p1a: Gliscor|Substitute
|-damage|p1a: Gliscor|41/100 tox
|move|p2a: Clefable|Cosmic Power|p2a: Clefable
|-boost|p2a: Clefable|def|1
|-boost|p2a: Clefable|spd|1
|
|-heal|p1a: Gliscor|54/100 tox|[from] ability: Poison Heal
|upkeep
|turn|15
|inactive|coslada rey has 90 seconds left.
|inactive|per27 has 120 seconds left.
|
|t:|1776180599
|move|p1a: Gliscor|Protect|p1a: Gliscor
|-singleturn|p1a: Gliscor|Protect
|move|p2a: Clefable|Cosmic Power|p2a: Clefable
|-boost|p2a: Clefable|def|1
|-boost|p2a: Clefable|spd|1
|
|-heal|p1a: Gliscor|66/100 tox|[from] ability: Poison Heal
|upkeep
|turn|16
|inactive|coslada rey has 90 seconds left.
|
|t:|1776180618
|move|p1a: Gliscor|Earthquake|p2a: Clefable
|-damage|p2a: Clefable|92/100 tox
|move|p2a: Clefable|Draining Kiss|p1a: Gliscor
|-end|p1a: Gliscor|Substitute
|-heal|p2a: Clefable|100/100 tox|[from] drain|[of] p1a: Gliscor
|
|-heal|p1a: Gliscor|79/100 tox|[from] ability: Poison Heal
|upkeep
|turn|17
|inactive|coslada rey has 90 seconds left.
|
|t:|1776180630
|move|p1a: Gliscor|Substitute|p1a: Gliscor
|-start|p1a: Gliscor|Substitute
|-damage|p1a: Gliscor|54/100 tox
|move|p2a: Clefable|Stored Power|p1a: Gliscor
|-end|p1a: Gliscor|Substitute
|
|-heal|p1a: Gliscor|66/100 tox|[from] ability: Poison Heal
|upkeep
|turn|18
|
|t:|1776180641
|move|p1a: Gliscor|Protect|p1a: Gliscor
|-singleturn|p1a: Gliscor|Protect
|move|p2a: Clefable|Draining Kiss|p1a: Gliscor
|-activate|p1a: Gliscor|move: Protect
|
|-heal|p1a: Gliscor|79/100 tox|[from] ability: Poison Heal
|upkeep
|turn|19
|inactive|coslada rey has 90 seconds left.
|
|t:|1776180686
|move|p1a: Gliscor|Substitute|p1a: Gliscor
|-start|p1a: Gliscor|Substitute
|-damage|p1a: Gliscor|54/100 tox
|move|p2a: Clefable|Stored Power|p1a: Gliscor
|-end|p1a: Gliscor|Substitute
|
|-heal|p1a: Gliscor|66/100 tox|[from] ability: Poison Heal
|upkeep
|turn|20
|
|t:|1776180699
|move|p1a: Gliscor|Protect|p1a: Gliscor
|-singleturn|p1a: Gliscor|Protect
|move|p2a: Clefable|Flamethrower|p1a: Gliscor
|-activate|p1a: Gliscor|move: Protect
|
|-heal|p1a: Gliscor|79/100 tox|[from] ability: Poison Heal
|upkeep
|turn|21
|
|t:|1776180709
|move|p1a: Gliscor|Substitute|p1a: Gliscor
|-start|p1a: Gliscor|Substitute
|-damage|p1a: Gliscor|54/100 tox
|move|p2a: Clefable|Draining Kiss|p1a: Gliscor
|-end|p1a: Gliscor|Substitute
|
|-heal|p1a: Gliscor|66/100 tox|[from] ability: Poison Heal
|upkeep
|turn|22
|
|t:|1776180718
|move|p1a: Gliscor|Protect|p1a: Gliscor
|-singleturn|p1a: Gliscor|Protect
|move|p2a: Clefable|Flamethrower|p1a: Gliscor
|-activate|p1a: Gliscor|move: Protect
|
|-heal|p1a: Gliscor|79/100 tox|[from] ability: Poison Heal
|upkeep
|turn|23
|
|t:|1776180730
|move|p1a: Gliscor|Substitute|p1a: Gliscor
|-start|p1a: Gliscor|Substitute
|-damage|p1a: Gliscor|54/100 tox
|move|p2a: Clefable|Flamethrower|p1a: Gliscor
|-end|p1a: Gliscor|Substitute
|
|-heal|p1a: Gliscor|66/100 tox|[from] ability: Poison Heal
|upkeep
|turn|24
|inactive|per27 has 120 seconds left.
|
|t:|1776180739
|move|p1a: Gliscor|Protect|p1a: Gliscor
|-singleturn|p1a: Gliscor|Protect
|move|p2a: Clefable|Flamethrower|p1a: Gliscor
|-activate|p1a: Gliscor|move: Protect
|
|-heal|p1a: Gliscor|79/100 tox|[from] ability: Poison Heal
|upkeep
|turn|25
|
|t:|1776180754
|move|p1a: Gliscor|Substitute|p1a: Gliscor
|-start|p1a: Gliscor|Substitute
|-damage|p1a: Gliscor|54/100 tox
|move|p2a: Clefable|Flamethrower|p1a: Gliscor
|-end|p1a: Gliscor|Substitute
|
|-heal|p1a: Gliscor|66/100 tox|[from] ability: Poison Heal
|upkeep
|turn|26
|
|t:|1776180763
|move|p1a: Gliscor|Protect|p1a: Gliscor
|-singleturn|p1a: Gliscor|Protect
|move|p2a: Clefable|Flamethrower|p1a: Gliscor
|-activate|p1a: Gliscor|move: Protect
|
|-heal|p1a: Gliscor|79/100 tox|[from] ability: Poison Heal
|upkeep
|turn|27
|inactive|coslada rey has 90 seconds left.
|n|!per27|per27
|
|t:|1776180791
|move|p1a: Gliscor|Substitute|p1a: Gliscor
|-start|p1a: Gliscor|Substitute
|-damage|p1a: Gliscor|54/100 tox
|move|p2a: Clefable|Flamethrower|p1a: Gliscor
|-end|p1a: Gliscor|Substitute
|
|-heal|p1a: Gliscor|66/100 tox|[from] ability: Poison Heal
|upkeep
|turn|28
|
|t:|1776180801
|move|p1a: Gliscor|Protect|p1a: Gliscor
|-singleturn|p1a: Gliscor|Protect
|move|p2a: Clefable|Flamethrower|p1a: Gliscor
|-activate|p1a: Gliscor|move: Protect
|
|-heal|p1a: Gliscor|79/100 tox|[from] ability: Poison Heal
|upkeep
|turn|29
|
|t:|1776180811
|move|p1a: Gliscor|Substitute|p1a: Gliscor
|-start|p1a: Gliscor|Substitute
|-damage|p1a: Gliscor|54/100 tox
|move|p2a: Clefable|Flamethrower|p1a: Gliscor
|-end|p1a: Gliscor|Substitute
|
|-heal|p1a: Gliscor|66/100 tox|[from] ability: Poison Heal
|upkeep
|turn|30
|
|t:|1776180821
|move|p1a: Gliscor|Protect|p1a: Gliscor
|-singleturn|p1a: Gliscor|Protect
|move|p2a: Clefable|Flamethrower|p1a: Gliscor
|-activate|p1a: Gliscor|move: Protect
|
|-heal|p1a: Gliscor|79/100 tox|[from] ability: Poison Heal
|upkeep
|turn|31
|inactive|coslada rey has 90 seconds left.
|
|t:|1776180832
|move|p1a: Gliscor|Substitute|p1a: Gliscor
|-start|p1a: Gliscor|Substitute
|-damage|p1a: Gliscor|54/100 tox
|move|p2a: Clefable|Flamethrower|p1a: Gliscor
|-end|p1a: Gliscor|Substitute
|
|-heal|p1a: Gliscor|66/100 tox|[from] ability: Poison Heal
|upkeep
|turn|32
|inactive|coslada rey has 90 seconds left.
|
|t:|1776180844
|move|p1a: Gliscor|Protect|p1a: Gliscor
|-singleturn|p1a: Gliscor|Protect
|move|p2a: Clefable|Flamethrower|p1a: Gliscor
|-activate|p1a: Gliscor|move: Protect
|
|-heal|p1a: Gliscor|79/100 tox|[from] ability: Poison Heal
|upkeep
|turn|33
|
|t:|1776180857
|move|p1a: Gliscor|Substitute|p1a: Gliscor
|-start|p1a: Gliscor|Substitute
|-damage|p1a: Gliscor|54/100 tox
|move|p2a: Clefable|Flamethrower|p1a: Gliscor
|-end|p1a: Gliscor|Substitute
|
|-heal|p1a: Gliscor|66/100 tox|[from] ability: Poison Heal
|upkeep
|turn|34
|
|t:|1776180870
|move|p1a: Gliscor|Protect|p1a: Gliscor
|-singleturn|p1a: Gliscor|Protect
|move|p2a: Clefable|Cosmic Power|p2a: Clefable
|-boost|p2a: Clefable|def|0
|-boost|p2a: Clefable|spd|0
|
|-heal|p1a: Gliscor|79/100 tox|[from] ability: Poison Heal
|upkeep
|turn|35
|
|t:|1776180880
|move|p1a: Gliscor|Substitute|p1a: Gliscor
|-start|p1a: Gliscor|Substitute
|-damage|p1a: Gliscor|54/100 tox
|move|p2a: Clefable|Flamethrower|p1a: Gliscor
|-end|p1a: Gliscor|Substitute
|
|-heal|p1a: Gliscor|66/100 tox|[from] ability: Poison Heal
|upkeep
|turn|36
|
|t:|1776180895
|move|p1a: Gliscor|Earthquake|p2a: Clefable
|-damage|p2a: Clefable|92/100 tox
|move|p2a: Clefable|Cosmic Power|p2a: Clefable
|-boost|p2a: Clefable|def|0
|-boost|p2a: Clefable|spd|0
|
|-heal|p1a: Gliscor|79/100 tox|[from] ability: Poison Heal
|upkeep
|turn|37
|
|t:|1776180911
|move|p1a: Gliscor|Protect|p1a: Gliscor
|-singleturn|p1a: Gliscor|Protect
|move|p2a: Clefable|Flamethrower|p1a: Gliscor
|-activate|p1a: Gliscor|move: Protect
|
|-heal|p1a: Gliscor|91/100 tox|[from] ability: Poison Heal
|upkeep
|turn|38
|
|t:|1776180922
|move|p1a: Gliscor|Substitute|p1a: Gliscor
|-start|p1a: Gliscor|Substitute
|-damage|p1a: Gliscor|66/100 tox
|move|p2a: Clefable|Cosmic Power|p2a: Clefable
|-boost|p2a: Clefable|def|0
|-boost|p2a: Clefable|spd|0
|
|-heal|p1a: Gliscor|79/100 tox|[from] ability: Poison Heal
|upkeep
|turn|39
|
|t:|1776180941
|move|p1a: Gliscor|Earthquake|p2a: Clefable
|-damage|p2a: Clefable|84/100 tox
|move|p2a: Clefable|Cosmic Power|p2a: Clefable
|-boost|p2a: Clefable|def|0
|-boost|p2a: Clefable|spd|0
|
|-heal|p1a: Gliscor|91/100 tox|[from] ability: Poison Heal
|upkeep
|turn|40
|
|t:|1776180952
|move|p1a: Gliscor|Earthquake|p2a: Clefable
|-damage|p2a: Clefable|76/100 tox
|move|p2a: Clefable|Flamethrower|p1a: Gliscor
|-end|p1a: Gliscor|Substitute
|
|-heal|p1a: Gliscor|100/100 tox|[from] ability: Poison Heal
|upkeep
|turn|41
|
|t:|1776180965
|move|p1a: Gliscor|Substitute|p1a: Gliscor
|-start|p1a: Gliscor|Substitute
|-damage|p1a: Gliscor|75/100 tox
|move|p2a: Clefable|Flamethrower|p1a: Gliscor
|-end|p1a: Gliscor|Substitute
|
|-heal|p1a: Gliscor|88/100 tox|[from] ability: Poison Heal
|upkeep
|turn|42
|
|t:|1776180979
|move|p1a: Gliscor|Protect|p1a: Gliscor
|-singleturn|p1a: Gliscor|Protect
|move|p2a: Clefable|Flamethrower|p1a: Gliscor
|-activate|p1a: Gliscor|move: Protect
|
|-heal|p1a: Gliscor|100/100 tox|[from] ability: Poison Heal
|upkeep
|turn|43
|
|t:|1776180993
|move|p1a: Gliscor|Earthquake|p2a: Clefable
|-damage|p2a: Clefable|67/100 tox
|move|p2a: Clefable|Flamethrower|p1a: Gliscor
|-damage|p1a: Gliscor|46/100 tox
|
|-heal|p1a: Gliscor|58/100 tox|[from] ability: Poison Heal
|upkeep
|turn|44
|
|t:|1776181007
|move|p1a: Gliscor|Protect|p1a: Gliscor
|-singleturn|p1a: Gliscor|Protect
|move|p2a: Clefable|Flamethrower|p1a: Gliscor
|-activate|p1a: Gliscor|move: Protect
|
|-heal|p1a: Gliscor|71/100 tox|[from] ability: Poison Heal
|upkeep
|turn|45
|
|t:|1776181016
|move|p1a: Gliscor|Substitute|p1a: Gliscor
|-start|p1a: Gliscor|Substitute
|-damage|p1a: Gliscor|46/100 tox
|move|p2a: Clefable|Flamethrower|p1a: Gliscor
|-end|p1a: Gliscor|Substitute
|
|-heal|p1a: Gliscor|58/100 tox|[from] ability: Poison Heal
|upkeep
|turn|46
|
|t:|1776181039
|move|p1a: Gliscor|Protect|p1a: Gliscor
|-singleturn|p1a: Gliscor|Protect
|move|p2a: Clefable|Cosmic Power|p2a: Clefable
|-boost|p2a: Clefable|def|0
|-boost|p2a: Clefable|spd|0
|
|-heal|p1a: Gliscor|71/100 tox|[from] ability: Poison Heal
|upkeep
|turn|47
|
|t:|1776181051
|move|p1a: Gliscor|Earthquake|p2a: Clefable
|-damage|p2a: Clefable|59/100 tox
|move|p2a: Clefable|Flamethrower|p1a: Gliscor
|-damage|p1a: Gliscor|14/100 tox
|
|-heal|p1a: Gliscor|27/100 tox|[from] ability: Poison Heal
|upkeep
|turn|48
|
|t:|1776181063
|move|p1a: Gliscor|Substitute|p1a: Gliscor
|-start|p1a: Gliscor|Substitute
|-damage|p1a: Gliscor|2/100 tox
|move|p2a: Clefable|Draining Kiss|p1a: Gliscor
|-end|p1a: Gliscor|Substitute
|-heal|p2a: Clefable|78/100 tox|[from] drain|[of] p1a: Gliscor
|
|-heal|p1a: Gliscor|14/100 tox|[from] ability: Poison Heal
|upkeep
|turn|49
|
|t:|1776181074
|move|p1a: Gliscor|Earthquake|p2a: Clefable
|-damage|p2a: Clefable|70/100 tox
|move|p2a: Clefable|Flamethrower|p1a: Gliscor
|-damage|p1a: Gliscor|0 fnt
|faint|p1a: Gliscor
|
|upkeep
|inactive|coslada rey has 90 seconds left.
|
|t:|1776181092
|switch|p1a: Bisharp|Bisharp, M|100/100
|turn|50
|inactive|coslada rey has 90 seconds left.
|
|t:|1776181107
|move|p1a: Bisharp|Sucker Punch|p2a: Clefable
|-supereffective|p2a: Clefable
|-damage|p2a: Clefable|50/100 tox
|move|p2a: Clefable|Draining Kiss|p1a: Bisharp
|-damage|p1a: Bisharp|61/100
|-heal|p2a: Clefable|75/100 tox|[from] drain|[of] p1a: Bisharp
|
|upkeep
|turn|51
|
|t:|1776181117
|move|p1a: Bisharp|Iron Head|p2a: Clefable
|-damage|p2a: Clefable|65/100 tox
|cant|p2a: Clefable|flinch
|
|upkeep
|turn|52
|
|t:|1776181125
|move|p1a: Bisharp|Swords Dance|p1a: Bisharp
|-boost|p1a: Bisharp|atk|2
|move|p2a: Clefable|Draining Kiss|p1a: Bisharp
|-damage|p1a: Bisharp|24/100
|-heal|p2a: Clefable|88/100 tox|[from] drain|[of] p1a: Bisharp
|
|upkeep
|turn|53
|
|t:|1776181136
|move|p1a: Bisharp|Iron Head|p2a: Clefable
|-damage|p2a: Clefable|68/100 tox
|move|p2a: Clefable|Draining Kiss|p1a: Bisharp
|-damage|p1a: Bisharp|0 fnt
|-heal|p2a: Clefable|83/100 tox|[from] drain|[of] p1a: Bisharp
|faint|p1a: Bisharp
|
|upkeep
|
|t:|1776181144
|switch|p1a: Heatran|Heatran, M|100/100
|-item|p1a: Heatran|Air Balloon
|turn|54
|
|t:|1776181155
|move|p2a: Clefable|Stored Power|p1a: Heatran
|-resisted|p1a: Heatran
|-damage|p1a: Heatran|27/100
|-enditem|p1a: Heatran|Air Balloon
|move|p1a: Heatran|Magma Storm|p2a: Clefable
|-damage|p2a: Clefable|71/100 tox
|-activate|p2a: Clefable|move: Magma Storm|[of] p1a: Heatran
|
|upkeep
|turn|55
|
|t:|1776181166
|move|p1a: Heatran|Protect|p1a: Heatran
|-singleturn|p1a: Heatran|Protect
|move|p2a: Clefable|Stored Power|p1a: Heatran
|-activate|p1a: Heatran|move: Protect
|
|upkeep
|turn|56
|
|t:|1776181177
|move|p1a: Heatran|Protect||[still]
|-fail|p1a: Heatran
|move|p2a: Clefable|Stored Power|p1a: Heatran
|-resisted|p1a: Heatran
|-damage|p1a: Heatran|0 fnt
|faint|p1a: Heatran
|
|-end|p2a: Clefable|Magma Storm|[partiallytrapped]|[silent]
|upkeep
|
|t:|1776181181
|switch|p1a: Dragapult|Dragapult, F|100/100
|turn|57
|n|☆per27|per27
|c|☆per27|Godo merda
|
|t:|1776181202
|move|p1a: Dragapult|Shadow Ball|p2a: Clefable
|-supereffective|p2a: Clefable
|-damage|p2a: Clefable|40/100 tox
|move|p2a: Clefable|Draining Kiss|p1a: Dragapult
|-supereffective|p1a: Dragapult
|-damage|p1a: Dragapult|0 fnt
|-heal|p2a: Clefable|100/100 tox|[from] drain|[of] p1a: Dragapult
|faint|p1a: Dragapult
|
|win|per27
