|html|<div class="broadcast-blue"><strong>[Gen 9] OU is currently suspecting Volcarona! For information on how to participate check out the <a href="https://www.smogon.com/tools/suspects/view/208">suspect thread</a>.</strong></div>
|j|☆canelo casper
|j|☆saiyanromeo
|t:|1778504894
|gametype|singles
|player|p1|canelo casper|265|1152
|player|p2|saiyanromeo|cynthia-gen4|1136
|gen|9
|tier|[Gen 9] OU
|rated|
|rule|HP Percentage Mod: HP is shown in percentages
|rule|Endless Battle Clause: Forcing endless battles is banned
|rule|Species Clause: Limit one of each Pokémon
|rule|OHKO Clause: OHKO moves are banned
|rule|Evasion Items Clause: Evasion items are banned
|rule|Evasion Moves Clause: Evasion moves are banned
|rule|Evasion Abilities Clause: Evasion abilities are banned
|rule|Sleep Moves Clause: Sleep-inducing moves are banned
|clearpoke
|poke|p1|Azumarill, M|
|poke|p1|Scizor, M|
|poke|p1|Grimmsnarl, M|
|poke|p1|Ogerpon, F|
|poke|p1|Iron Treads|
|poke|p1|Haxorus, F|
|poke|p2|Ribombee, M|
|poke|p2|Glimmora, M|
|poke|p2|Flareon, M|
|poke|p2|Salamence, M|
|poke|p2|Empoleon, M|
|poke|p2|Rillaboom, F|
|teampreview
|
|t:|1778504904
|teamsize|p1|6
|teamsize|p2|6
|start
|switch|p1a: Grimmsnarl|Grimmsnarl, M|100/100
|switch|p2a: Ribombee|Ribombee, M|100/100
|turn|1
|
|t:|1778504911
|move|p1a: Grimmsnarl|Light Screen|p1a: Grimmsnarl
|-sidestart|p1: canelo casper|move: Light Screen
|move|p2a: Ribombee|Sticky Web|p1a: Grimmsnarl
|-sidestart|p1: canelo casper|move: Sticky Web
|
|upkeep
|turn|2
|
|t:|1778504917
|move|p1a: Grimmsnarl|Thunder Wave|p2a: Ribombee
|-status|p2a: Ribombee|par
|move|p2a: Ribombee|Light Screen|p2a: Ribombee
|-sidestart|p2: saiyanromeo|move: Light Screen
|
|upkeep
|turn|3
|
|t:|1778504922
|move|p1a: Grimmsnarl|Reflect|p1a: Grimmsnarl
|-sidestart|p1: canelo casper|Reflect
|move|p2a: Ribombee|Reflect|p2a: Ribombee
|-sidestart|p2: saiyanromeo|Reflect
|
|upkeep
|turn|4
|
|t:|1778504930
|switch|p2a: Rillaboom|Rillaboom, F|100/100
|-fieldstart|move: Grassy Terrain|[from] ability: Grassy Surge|[of] p2a: Rillaboom
|move|p1a: Grimmsnarl|Parting Shot|p2a: Rillaboom
|-unboost|p2a: Rillaboom|atk|1
|-unboost|p2a: Rillaboom|spa|1
|
|t:|1778504937
|switch|p1a: Iron Treads|Iron Treads|100/100|[from] Parting Shot
|-activate|p1a: Iron Treads|move: Sticky Web
|-unboost|p1a: Iron Treads|spe|1
|
|upkeep
|turn|5
|
|t:|1778504957
|move|p1a: Iron Treads|Rapid Spin|p2a: Rillaboom
|-damage|p2a: Rillaboom|95/100
|-boost|p1a: Iron Treads|spe|1
|-sideend|p1: canelo casper|Sticky Web|[from] move: Rapid Spin|[of] p1a: Iron Treads
|move|p2a: Rillaboom|Knock Off|p1a: Iron Treads
|-damage|p1a: Iron Treads|91/100
|-enditem|p1a: Iron Treads|Focus Sash|[from] move: Knock Off|[of] p2a: Rillaboom
|
|-heal|p1a: Iron Treads|97/100|[from] Grassy Terrain
|-heal|p2a: Rillaboom|100/100|[from] Grassy Terrain
|upkeep
|turn|6
|
|t:|1778504970
|move|p1a: Iron Treads|Stealth Rock|p2a: Rillaboom
|-sidestart|p2: saiyanromeo|move: Stealth Rock
|move|p2a: Rillaboom|U-turn|p1a: Iron Treads
|-resisted|p1a: Iron Treads
|-damage|p1a: Iron Treads|94/100
|
|t:|1778504976
|switch|p2a: Empoleon|Empoleon, M|100/100|[from] U-turn
|-damage|p2a: Empoleon|94/100|[from] Stealth Rock
|-enditem|p2a: Empoleon|Grassy Seed
|-boost|p2a: Empoleon|def|1|[from] item: Grassy Seed
|
|-heal|p1a: Iron Treads|99/100|[from] Grassy Terrain
|-heal|p2a: Empoleon|100/100|[from] Grassy Terrain
|-sideend|p2: saiyanromeo|move: Light Screen
|upkeep
|turn|7
|
|t:|1778504991
|move|p1a: Iron Treads|Earthquake|p2a: Empoleon
|-supereffective|p2a: Empoleon
|-damage|p2a: Empoleon|84/100
|move|p2a: Empoleon|Surf|p1a: Iron Treads
|-supereffective|p1a: Iron Treads
|-damage|p1a: Iron Treads|45/100
|
|-heal|p1a: Iron Treads|51/100|[from] Grassy Terrain
|-heal|p2a: Empoleon|90/100|[from] Grassy Terrain
|-sideend|p2: saiyanromeo|Reflect
|upkeep
|turn|8
|
|t:|1778505001
|move|p1a: Iron Treads|Earthquake|p2a: Empoleon
|-supereffective|p2a: Empoleon
|-damage|p2a: Empoleon|57/100
|move|p2a: Empoleon|Surf|p1a: Iron Treads
|-supereffective|p1a: Iron Treads
|-damage|p1a: Iron Treads|0 fnt
|faint|p1a: Iron Treads
|-end|p1a: Iron Treads|Quark Drive|[silent]
|
|-heal|p2a: Empoleon|63/100|[from] Grassy Terrain
|-sideend|p1: canelo casper|move: Light Screen
|-fieldend|move: Grassy Terrain
|upkeep
|
|t:|1778505010
|switch|p1a: Baby|Haxorus, F, shiny|100/100
|-ability|p1a: Baby|Mold Breaker
|turn|9
|
|t:|1778505023
|move|p1a: Baby|Swords Dance|p1a: Baby
|-boost|p1a: Baby|atk|2
|move|p2a: Empoleon|Ice Beam|p1a: Baby
|-supereffective|p1a: Baby
|-damage|p1a: Baby|12/100
|-status|p1a: Baby|frz
|
|upkeep
|turn|10
|
|t:|1778505031
|cant|p1a: Baby|frz
|move|p2a: Empoleon|Ice Beam|p1a: Baby
|-supereffective|p1a: Baby
|-damage|p1a: Baby|0 fnt
|faint|p1a: Baby
|
|-sideend|p1: canelo casper|Reflect
|upkeep
|
|t:|1778505038
|switch|p1a: Grimmsnarl|Grimmsnarl, M|100/100
|turn|11
|
|t:|1778505042
|move|p1a: Grimmsnarl|Reflect|p1a: Grimmsnarl
|-sidestart|p1: canelo casper|Reflect
|move|p2a: Empoleon|Flash Cannon|p1a: Grimmsnarl
|-supereffective|p1a: Grimmsnarl
|-damage|p1a: Grimmsnarl|43/100
|-unboost|p1a: Grimmsnarl|spd|1
|
|upkeep
|turn|12
|
|t:|1778505052
|move|p1a: Grimmsnarl|Light Screen|p1a: Grimmsnarl
|-sidestart|p1: canelo casper|move: Light Screen
|move|p2a: Empoleon|Flash Cannon|p1a: Grimmsnarl
|-supereffective|p1a: Grimmsnarl
|-damage|p1a: Grimmsnarl|3/100
|
|upkeep
|turn|13
|
|t:|1778505069
|move|p1a: Grimmsnarl|Thunder Wave|p2a: Empoleon
|-status|p2a: Empoleon|par
|cant|p2a: Empoleon|par
|
|upkeep
|turn|14
|
|t:|1778505075
|move|p1a: Grimmsnarl|Parting Shot|p2a: Empoleon
|-unboost|p2a: Empoleon|atk|1
|-ability|p2a: Empoleon|Competitive|boost
|-boost|p2a: Empoleon|spa|2
|-unboost|p2a: Empoleon|spa|1
|-ability|p2a: Empoleon|Competitive|boost
|-boost|p2a: Empoleon|spa|2
|
|t:|1778505090
|switch|p1a: Azumarill|Azumarill, M|100/100|[from] Parting Shot
|move|p2a: Empoleon|Surf|p1a: Azumarill
|-resisted|p1a: Azumarill
|-damage|p1a: Azumarill|71/100
|
|upkeep
|turn|15
|
|t:|1778505100
|move|p1a: Azumarill|Belly Drum|p1a: Azumarill
|-damage|p1a: Azumarill|21/100
|-setboost|p1a: Azumarill|atk|6|[from] move: Belly Drum
|-enditem|p1a: Azumarill|Sitrus Berry|[eat]
|-heal|p1a: Azumarill|46/100|[from] item: Sitrus Berry
|move|p2a: Empoleon|Flash Cannon|p1a: Azumarill
|-damage|p1a: Azumarill|0 fnt
|faint|p1a: Azumarill
|
|upkeep
|
|t:|1778505111
|switch|p1a: Scizor|Scizor, M|100/100
|turn|16
|
|t:|1778505119
|move|p1a: Scizor|Swords Dance|p1a: Scizor
|-boost|p1a: Scizor|atk|2
|move|p2a: Empoleon|Surf|p1a: Scizor
|-damage|p1a: Scizor|28/100
|
|upkeep
|turn|17
|
|t:|1778505126
|move|p1a: Scizor|Close Combat|p2a: Empoleon
|-supereffective|p2a: Empoleon
|-damage|p2a: Empoleon|0 fnt
|-unboost|p1a: Scizor|def|1
|-unboost|p1a: Scizor|spd|1
|faint|p2a: Empoleon
|-damage|p1a: Scizor|18/100|[from] item: Life Orb
|
|upkeep
|
|t:|1778505135
|switch|p2a: Ribombee|Ribombee, M|100/100 par
|-damage|p2a: Ribombee|76/100 par|[from] Stealth Rock
|turn|18
|
|t:|1778505142
|move|p1a: Scizor|Bullet Punch|p2a: Ribombee
|-supereffective|p2a: Ribombee
|-damage|p2a: Ribombee|0 fnt
|faint|p2a: Ribombee
|-damage|p1a: Scizor|8/100|[from] item: Life Orb
|
|-sideend|p1: canelo casper|Reflect
|upkeep
|
|t:|1778505152
|switch|p2a: Rillaboom|Rillaboom, F|100/100
|-damage|p2a: Rillaboom|88/100|[from] Stealth Rock
|-fieldstart|move: Grassy Terrain|[from] ability: Grassy Surge|[of] p2a: Rillaboom
|turn|19
|
|t:|1778505161
|move|p1a: Scizor|Bullet Punch|p2a: Rillaboom
|-damage|p2a: Rillaboom|25/100
|-damage|p1a: Scizor|0 fnt|[from] item: Life Orb
|faint|p1a: Scizor
|move|p2a: Rillaboom|Grassy Glide|p1: Scizor|[notarget]
|-fail|p2a: Rillaboom
|
|-heal|p2a: Rillaboom|31/100|[from] Grassy Terrain
|-sideend|p1: canelo casper|move: Light Screen
|upkeep
|
|t:|1778505173
|switch|p1a: Grimmsnarl|Grimmsnarl, M|3/100
|turn|20
|
|t:|1778505178
|move|p2a: Rillaboom|Grassy Glide|p1a: Grimmsnarl
|-damage|p1a: Grimmsnarl|0 fnt
|faint|p1a: Grimmsnarl
|
|-heal|p2a: Rillaboom|37/100|[from] Grassy Terrain
|upkeep
|
|t:|1778505183
|switch|p1a: Ogerpon|Ogerpon, F|100/100
|turn|21
|
|t:|1778505190
|-terastallize|p1a: Ogerpon|Grass
|detailschange|p1a: Ogerpon|Ogerpon-Teal-Tera, F, tera:Grass
|-ability|p1a: Ogerpon|Embody Aspect (Teal)|boost
|-boost|p1a: Ogerpon|spe|1
|move|p1a: Ogerpon|Play Rough|p2a: Rillaboom
|-damage|p2a: Rillaboom|5/100
|-damage|p1a: Ogerpon|91/100|[from] item: Life Orb
|move|p2a: Rillaboom|U-turn|p1a: Ogerpon
|-supereffective|p1a: Ogerpon
|-damage|p1a: Ogerpon|32/100
|
|t:|1778505207
|switch|p2a: Glimmora|Glimmora, M|100/100|[from] U-turn
|-damage|p2a: Glimmora|88/100|[from] Stealth Rock
|
|-heal|p1a: Ogerpon|38/100|[from] Grassy Terrain
|-heal|p2a: Glimmora|94/100|[from] Grassy Terrain
|upkeep
|turn|22
|
|t:|1778505220
|move|p1a: Ogerpon|Ivy Cudgel|p2a: Glimmora
|-crit|p2a: Glimmora
|-damage|p2a: Glimmora|0 fnt
|-activate|p2a: Glimmora|ability: Toxic Debris
|-sidestart|p1: canelo casper|move: Toxic Spikes
|faint|p2a: Glimmora
|-damage|p1a: Ogerpon|28/100|[from] item: Life Orb
|
|-heal|p1a: Ogerpon|34/100|[from] Grassy Terrain
|upkeep
|
|t:|1778505232
|switch|p2a: Flareon|Flareon, M|100/100
|-damage|p2a: Flareon|76/100|[from] Stealth Rock
|turn|23
|
|t:|1778505237
|move|p2a: Flareon|Protect|p2a: Flareon
|-singleturn|p2a: Flareon|Protect
|move|p1a: Ogerpon|Knock Off|p2a: Flareon
|-activate|p2a: Flareon|move: Protect
|
|-heal|p1a: Ogerpon|40/100|[from] Grassy Terrain
|-heal|p2a: Flareon|82/100|[from] Grassy Terrain
|-fieldend|move: Grassy Terrain
|-status|p2a: Flareon|tox|[from] item: Toxic Orb
|upkeep
|turn|24
|
|t:|1778505249
|move|p1a: Ogerpon|Knock Off|p2a: Flareon
|-damage|p2a: Flareon|0 fnt
|-enditem|p2a: Flareon|Toxic Orb|[from] move: Knock Off|[of] p1a: Ogerpon
|faint|p2a: Flareon
|-damage|p1a: Ogerpon|30/100|[from] item: Life Orb
|
|upkeep
|
|t:|1778505256
|switch|p2a: Salamence|Salamence, M|100/100
|-damage|p2a: Salamence|75/100|[from] Stealth Rock
|turn|25
|
|t:|1778505267
|-terastallize|p2a: Salamence|Dragon
|move|p1a: Ogerpon|Play Rough|p2a: Salamence|[miss]
|-miss|p1a: Ogerpon|p2a: Salamence
|move|p2a: Salamence|Dragon Claw|p1a: Ogerpon
|-damage|p1a: Ogerpon|0 fnt
|faint|p1a: Ogerpon
|detailschange|p1: Ogerpon|Ogerpon, F|[silent]
|
|win|saiyanromeo
|raw|canelo casper's rating: 1152 &rarr; <strong>1126</strong><br />(-26 for losing)
|raw|saiyanromeo's rating: 1136 &rarr; <strong>1162</strong><br />(+26 for winning)
|l|☆saiyanromeo
|player|p2|
|l|☆canelo casper
|player|p1|
