|html|<div class="broadcast-blue"><strong>[Gen 9] OU is currently suspecting Tera Blast! For information on how to participate check out the <a href="https://www.smogon.com/tools/suspects/view/200">suspect thread</a>.</strong></div>
|j|☆vartholomeus
|j|☆tonightbaby
|t:|1776108491
|gametype|singles
|player|p1|vartholomeus|ruinmaniac|1460
|player|p2|tonightbaby|rood|1473
|gen|9
|tier|[Gen 9] OU
|rated|
|rule|HP Percentage Mod: HP is shown in percentages
|rule|Endless Battle Clause: Forcing endless battles is banned
|rule|Species Clause: Limit one of each Pokémon
|rule|OHKO Clause: OHKO moves are banned
|rule|Evasion Items Clause: Evasion items are banned
|rule|Evasion Moves Clause: Evasion moves are banned
|rule|Evasion Abilities Clause: Evasion abilities are banned
|rule|Sleep Moves Clause: Sleep-inducing moves are banned
|clearpoke
|poke|p1|Rillaboom, M|
|poke|p1|Iron Hands|
|poke|p1|Gholdengo|
|poke|p1|Greninja-*, M|
|poke|p1|Landorus-Therian, M|
|poke|p1|Arcanine-Hisui, M|
|poke|p2|Inteleon, F|
|poke|p2|Gholdengo|
|poke|p2|Ting-Lu|
|poke|p2|Dragonite, F|
|poke|p2|Ceruledge, F|
|poke|p2|Ogerpon-Wellspring, F|
|teampreview
|inactive|Battle timer is ON: inactive players will automatically lose when time's up. (requested by vartholomeus)
|
|t:|1776108513
|teamsize|p1|6
|teamsize|p2|6
|start
|switch|p1a: Lilo|Landorus-Therian, M|100/100
|switch|p2a: Inteleon|Inteleon, F|100/100
|-ability|p1a: Lilo|Intimidate|boost
|-unboost|p2a: Inteleon|atk|1
|turn|1
|
|t:|1776108518
|move|p1a: Lilo|Grass Knot|p2a: Inteleon
|-supereffective|p2a: Inteleon
|-damage|p2a: Inteleon|41/100
|move|p2a: Inteleon|Snipe Shot|p1a: Lilo
|-supereffective|p1a: Lilo
|-crit|p1a: Lilo
|-damage|p1a: Lilo|0 fnt
|faint|p1a: Lilo
|
|upkeep
|
|t:|1776108522
|switch|p1a: Tarso|Rillaboom, M|100/100
|-fieldstart|move: Grassy Terrain|[from] ability: Grassy Surge|[of] p1a: Tarso
|turn|2
|
|t:|1776108531
|switch|p2a: Dragonite|Dragonite, F|100/100
|move|p1a: Tarso|U-turn|p2a: Dragonite
|-resisted|p2a: Dragonite
|-damage|p2a: Dragonite|94/100
|
|t:|1776108536
|switch|p1a: Ehonda|Iron Hands|100/100|[from] U-turn
|-enditem|p1a: Ehonda|Booster Energy
|-activate|p1a: Ehonda|ability: Quark Drive|[fromitem]
|-start|p1a: Ehonda|quarkdriveatk
|
|upkeep
|turn|3
|
|t:|1776108554
|switch|p2a: Gholdengo|Gholdengo|100/100
|-item|p2a: Gholdengo|Air Balloon
|move|p1a: Ehonda|Swords Dance|p1a: Ehonda
|-boost|p1a: Ehonda|atk|2
|
|upkeep
|turn|4
|
|t:|1776108565
|move|p2a: Gholdengo|Hex|p1a: Ehonda
|-damage|p1a: Ehonda|77/100
|move|p1a: Ehonda|Thunder Punch|p2a: Gholdengo
|-damage|p2a: Gholdengo|0 fnt
|-enditem|p2a: Gholdengo|Air Balloon
|faint|p2a: Gholdengo
|
|-heal|p1a: Ehonda|83/100|[from] Grassy Terrain
|upkeep
|
|t:|1776108571
|switch|p2a: Inteleon|Inteleon, F|41/100
|turn|5
|
|t:|1776108574
|move|p2a: Inteleon|Snipe Shot|p1a: Ehonda
|-crit|p1a: Ehonda
|-damage|p1a: Ehonda|0 fnt
|faint|p1a: Ehonda
|-end|p1a: Ehonda|Quark Drive|[silent]
|
|-heal|p2a: Inteleon|47/100|[from] Grassy Terrain
|upkeep
|
|t:|1776108580
|switch|p1a: Tarso|Rillaboom, M|100/100
|turn|6
|
|t:|1776108589
|switch|p2a: Dragonite|Dragonite, F|94/100
|move|p1a: Tarso|Grassy Glide|p2a: Dragonite
|-resisted|p2a: Dragonite
|-damage|p2a: Dragonite|83/100
|
|upkeep
|turn|7
|
|t:|1776108596
|move|p2a: Dragonite|Dragon Dance|p2a: Dragonite
|-boost|p2a: Dragonite|atk|1
|-boost|p2a: Dragonite|spe|1
|move|p1a: Tarso|U-turn|p2a: Dragonite
|-resisted|p2a: Dragonite
|-damage|p2a: Dragonite|70/100
|
|t:|1776108598
|switch|p1a: Fyr|Arcanine-Hisui, M|100/100|[from] U-turn
|
|upkeep
|turn|8
|
|t:|1776108604
|move|p2a: Dragonite|Roost|p2a: Dragonite
|-heal|p2a: Dragonite|100/100
|-singleturn|p2a: Dragonite|move: Roost
|move|p1a: Fyr|Head Smash|p2a: Dragonite
|-damage|p2a: Dragonite|38/100
|
|-heal|p2a: Dragonite|44/100|[from] Grassy Terrain
|upkeep
|turn|9
|
|t:|1776108612
|move|p2a: Dragonite|Earthquake|p1a: Fyr
|-supereffective|p1a: Fyr
|-damage|p1a: Fyr|0 fnt
|faint|p1a: Fyr
|
|-fieldend|move: Grassy Terrain
|upkeep
|
|t:|1776108621
|switch|p1a: Kesso|Gholdengo|100/100
|turn|10
|
|t:|1776108625
|move|p1a: Kesso|Make It Rain|p2a: Dragonite
|-damage|p2a: Dragonite|0 fnt
|-unboost|p1a: Kesso|spa|1
|faint|p2a: Dragonite
|
|upkeep
|
|t:|1776108642
|switch|p2a: Ceruledge|Ceruledge, F|100/100
|turn|11
|
|t:|1776108653
|switch|p1a: Tarso|Rillaboom, M|100/100
|-fieldstart|move: Grassy Terrain|[from] ability: Grassy Surge|[of] p1a: Tarso
|move|p2a: Ceruledge|Close Combat|p1a: Tarso
|-damage|p1a: Tarso|67/100
|-unboost|p2a: Ceruledge|def|1
|-unboost|p2a: Ceruledge|spd|1
|
|-heal|p1a: Tarso|73/100|[from] Grassy Terrain
|upkeep
|turn|12
|
|t:|1776108671
|-terastallize|p2a: Ceruledge|Bug
|move|p1a: Tarso|Knock Off|p2a: Ceruledge
|-damage|p2a: Ceruledge|38/100
|-enditem|p2a: Ceruledge|Heavy-Duty Boots|[from] move: Knock Off|[of] p1a: Tarso
|move|p2a: Ceruledge|Bitter Blade|p1a: Tarso
|-supereffective|p1a: Tarso
|-damage|p1a: Tarso|0 fnt
|-heal|p2a: Ceruledge|78/100|[from] drain|[of] p1a: Tarso
|faint|p1a: Tarso
|
|-heal|p2a: Ceruledge|84/100|[from] Grassy Terrain
|upkeep
|
|t:|1776108679
|switch|p1a: Gregg|Greninja, M|100/100
|turn|13
|
|t:|1776108686
|switch|p2a: Ogerpon|Ogerpon-Wellspring, F|100/100
|move|p1a: Gregg|Dark Pulse|p2a: Ogerpon
|-damage|p2a: Ogerpon|48/100
|-damage|p1a: Gregg|91/100|[from] item: Life Orb
|
|-heal|p1a: Gregg|97/100|[from] Grassy Terrain
|-heal|p2a: Ogerpon|54/100|[from] Grassy Terrain
|upkeep
|turn|14
|
|t:|1776108697
|move|p1a: Gregg|Sludge Wave|p2a: Ogerpon
|-supereffective|p2a: Ogerpon
|-damage|p2a: Ogerpon|0 fnt
|faint|p2a: Ogerpon
|-ability|p1a: Gregg|Battle Bond|boost
|-boost|p1a: Gregg|atk|1
|-boost|p1a: Gregg|spa|1
|-boost|p1a: Gregg|spe|1
|-activate|p1a: Gregg|ability: Battle Bond
|-damage|p1a: Gregg|87/100|[from] item: Life Orb
|
|-heal|p1a: Gregg|93/100|[from] Grassy Terrain
|upkeep
|
|t:|1776108702
|switch|p2a: Ting-Lu|Ting-Lu|100/100
|-ability|p2a: Ting-Lu|Vessel of Ruin
|turn|15
|
|t:|1776108706
|move|p1a: Gregg|Ice Beam|p2a: Ting-Lu
|-supereffective|p2a: Ting-Lu
|-damage|p2a: Ting-Lu|43/100
|-damage|p1a: Gregg|83/100|[from] item: Life Orb
|move|p2a: Ting-Lu|Whirlwind|p1a: Gregg
|drag|p1a: Kesso|Gholdengo|100/100
|
|-heal|p2a: Ting-Lu|50/100|[from] Grassy Terrain
|-heal|p2a: Ting-Lu|56/100|[from] item: Leftovers
|upkeep
|turn|16
|
|t:|1776108716
|move|p1a: Kesso|Focus Blast|p2a: Ting-Lu
|-supereffective|p2a: Ting-Lu
|-damage|p2a: Ting-Lu|9/100
|move|p2a: Ting-Lu|Spikes|p1a: Kesso
|-sidestart|p1: vartholomeus|Spikes
|
|-heal|p2a: Ting-Lu|15/100|[from] Grassy Terrain
|-heal|p2a: Ting-Lu|22/100|[from] item: Leftovers
|upkeep
|turn|17
|
|t:|1776108721
|move|p1a: Kesso|Focus Blast|p2a: Ting-Lu
|-supereffective|p2a: Ting-Lu
|-damage|p2a: Ting-Lu|0 fnt
|faint|p2a: Ting-Lu
|
|upkeep
|
|t:|1776108730
|switch|p2a: Ceruledge|Ceruledge, F, tera:Bug|84/100
|turn|18
|
|t:|1776108742
|switch|p1a: Gregg|Greninja, M|83/100
|-damage|p1a: Gregg|71/100|[from] Spikes
|move|p2a: Ceruledge|Bitter Blade|p1a: Gregg
|-resisted|p1a: Gregg
|-damage|p1a: Gregg|40/100
|-heal|p2a: Ceruledge|97/100|[from] drain|[of] p1a: Gregg
|
|-heal|p1a: Gregg|46/100|[from] Grassy Terrain
|-heal|p2a: Ceruledge|100/100|[from] Grassy Terrain
|-fieldend|move: Grassy Terrain
|upkeep
|turn|19
|
|t:|1776108750
|move|p1a: Gregg|Dark Pulse|p2a: Ceruledge
|-damage|p2a: Ceruledge|65/100
|-damage|p1a: Gregg|36/100|[from] item: Life Orb
|move|p2a: Ceruledge|Bitter Blade|p1a: Gregg
|-resisted|p1a: Gregg
|-damage|p1a: Gregg|7/100
|-heal|p2a: Ceruledge|77/100|[from] drain|[of] p1a: Gregg
|
|upkeep
|turn|20
|
|t:|1776108756
|move|p1a: Gregg|Water Shuriken|p2a: Ceruledge
|-damage|p2a: Ceruledge|70/100
|-damage|p2a: Ceruledge|64/100
|-damage|p2a: Ceruledge|58/100
|-hitcount|p2a: Ceruledge|3
|-damage|p1a: Gregg|0 fnt|[from] item: Life Orb
|faint|p1a: Gregg
|move|p2a: Ceruledge|Shadow Sneak|p1: Gregg|[notarget]
|-fail|p2a: Ceruledge
|
|upkeep
|
|t:|1776108761
|switch|p1a: Kesso|Gholdengo|100/100
|-damage|p1a: Kesso|88/100|[from] Spikes
|turn|21
|
|t:|1776108769
|move|p1a: Kesso|Shadow Ball|p2a: Ceruledge
|-damage|p2a: Ceruledge|30/100
|move|p2a: Ceruledge|Bitter Blade|p1a: Kesso
|-supereffective|p1a: Kesso
|-damage|p1a: Kesso|6/100
|-heal|p2a: Ceruledge|67/100|[from] drain|[of] p1a: Kesso
|
|upkeep
|turn|22
|
|t:|1776108774
|move|p2a: Ceruledge|Shadow Sneak|p1a: Kesso
|-supereffective|p1a: Kesso
|-damage|p1a: Kesso|0 fnt
|faint|p1a: Kesso
|
|win|tonightbaby
|raw|vartholomeus's rating: 1460 &rarr; <strong>1441</strong><br />(-19 for losing)
|raw|tonightbaby's rating: 1473 &rarr; <strong>1492</strong><br />(+19 for winning)
|l|☆vartholomeus
|player|p1|
|l|☆tonightbaby
|player|p2|
