|html|<div class="broadcast-blue"><strong>[Gen 9] OU is currently suspecting Tera Blast! For information on how to participate check out the <a href="https://www.smogon.com/tools/suspects/view/200">suspect thread</a>.</strong></div>
|j|☆decidueyebadlol
|j|☆Benro137
|t:|1776202893
|gametype|singles
|player|p1|decidueyebadlol|2|1277
|player|p2|Benro137|scientist-gen4dp|1317
|gen|9
|tier|[Gen 9] OU
|rated|
|rule|HP Percentage Mod: HP is shown in percentages
|rule|Endless Battle Clause: Forcing endless battles is banned
|rule|Species Clause: Limit one of each Pokémon
|rule|OHKO Clause: OHKO moves are banned
|rule|Evasion Items Clause: Evasion items are banned
|rule|Evasion Moves Clause: Evasion moves are banned
|rule|Evasion Abilities Clause: Evasion abilities are banned
|rule|Sleep Moves Clause: Sleep-inducing moves are banned
|clearpoke
|poke|p1|Decidueye-Hisui, F|
|poke|p1|Indeedee, M|
|poke|p1|Hatterene, F|
|poke|p1|Polteageist|
|poke|p1|Armarouge, F|
|poke|p1|Maushold-Four|
|poke|p2|Slowking-Galar, M|
|poke|p2|Tornadus-Therian, M|
|poke|p2|Cinderace, F|
|poke|p2|Lokix, M|
|poke|p2|Hydrapple, F|
|poke|p2|Great Tusk|
|teampreview
|inactive|Battle timer is ON: inactive players will automatically lose when time's up. (requested by decidueyebadlol)
|
|t:|1776202903
|teamsize|p1|6
|teamsize|p2|6
|start
|switch|p1a: Indeedee|Indeedee, M|100/100
|switch|p2a: Lokix|Lokix, M|100/100
|-fieldstart|move: Psychic Terrain|[from] ability: Psychic Surge|[of] p1a: Indeedee
|turn|1
|
|t:|1776202911
|switch|p1a: Hatterene|Hatterene, F|100/100
|move|p2a: Lokix|Leech Life|p1a: Hatterene
|-damage|p1a: Hatterene|51/100
|-enditem|p1a: Hatterene|Eject Button
|
|t:|1776202921
|switch|p1a: Maushold|Maushold-Four|100/100
|
|upkeep
|turn|2
|
|t:|1776202930
|switch|p2a: Great Tusk|Great Tusk|100/100
|move|p1a: Maushold|Tidy Up|p1a: Maushold
|-boost|p1a: Maushold|atk|1
|-boost|p1a: Maushold|spe|1
|
|upkeep
|turn|3
|
|t:|1776202937
|move|p1a: Maushold|Population Bomb|p2a: Great Tusk
|-damage|p2a: Great Tusk|90/100
|-damage|p1a: Maushold|84/100|[from] item: Rocky Helmet|[of] p2a: Great Tusk
|-damage|p2a: Great Tusk|80/100
|-damage|p1a: Maushold|67/100|[from] item: Rocky Helmet|[of] p2a: Great Tusk
|-damage|p2a: Great Tusk|70/100
|-damage|p1a: Maushold|51/100|[from] item: Rocky Helmet|[of] p2a: Great Tusk
|-damage|p2a: Great Tusk|60/100
|-damage|p1a: Maushold|34/100|[from] item: Rocky Helmet|[of] p2a: Great Tusk
|-damage|p2a: Great Tusk|50/100
|-damage|p1a: Maushold|17/100|[from] item: Rocky Helmet|[of] p2a: Great Tusk
|-damage|p2a: Great Tusk|39/100
|-damage|p1a: Maushold|1/100|[from] item: Rocky Helmet|[of] p2a: Great Tusk
|-damage|p2a: Great Tusk|29/100
|-damage|p1a: Maushold|0 fnt|[from] item: Rocky Helmet|[of] p2a: Great Tusk
|faint|p1a: Maushold
|-hitcount|p2a: Great Tusk|7
|move|p2a: Great Tusk|Stealth Rock|p1: Maushold
|-sidestart|p1: decidueyebadlol|move: Stealth Rock
|
|upkeep
|c|☆Benro137|looool
|
|t:|1776202956
|switch|p1a: Armarouge|Armarouge, F|100/100
|-damage|p1a: Armarouge|76/100|[from] Stealth Rock
|turn|4
|
|t:|1776202970
|-end|p2a: Great Tusk|Protosynthesis|[silent]
|switch|p2a: Tornadus|Tornadus-Therian, M|100/100
|move|p1a: Armarouge|Endure||[still]
|-fail|p1a: Armarouge
|
|upkeep
|turn|5
|
|t:|1776202977
|move|p1a: Armarouge|Endure|p1a: Armarouge
|-singleturn|p1a: Armarouge|move: Endure
|move|p2a: Tornadus|Knock Off|p1a: Armarouge
|-supereffective|p1a: Armarouge
|-crit|p1a: Armarouge
|-damage|p1a: Armarouge|13/100
|-ability|p1a: Armarouge|Weak Armor|boost
|-unboost|p1a: Armarouge|def|1
|-boost|p1a: Armarouge|spe|2
|-enditem|p1a: Armarouge|Weakness Policy
|-boost|p1a: Armarouge|atk|2|[from] item: Weakness Policy
|-boost|p1a: Armarouge|spa|2|[from] item: Weakness Policy
|
|upkeep
|turn|6
|
|t:|1776202997
|move|p1a: Armarouge|Armor Cannon|p2a: Tornadus
|-damage|p2a: Tornadus|30/100
|-unboost|p1a: Armarouge|def|1
|-unboost|p1a: Armarouge|spd|1
|move|p2a: Tornadus|Knock Off|p1a: Armarouge
|-supereffective|p1a: Armarouge
|-damage|p1a: Armarouge|0 fnt
|faint|p1a: Armarouge
|
|upkeep
|
|t:|1776203004
|switch|p1a: Hatterene|Hatterene, F|51/100
|-damage|p1a: Hatterene|39/100|[from] Stealth Rock
|turn|7
|
|t:|1776203009
|move|p2a: Tornadus|U-turn|p1a: Hatterene
|-damage|p1a: Hatterene|28/100
|
|t:|1776203016
|switch|p2a: Lokix|Lokix, M|100/100|[from] U-turn
|move|p1a: Hatterene|Draining Kiss|p2a: Lokix
|-supereffective|p2a: Lokix
|-damage|p2a: Lokix|19/100
|-heal|p1a: Hatterene|82/100|[from] drain|[of] p2a: Lokix
|
|upkeep
|turn|8
|
|t:|1776203028
|move|p2a: Lokix|U-turn|p1a: Hatterene
|-damage|p1a: Hatterene|44/100
|
|t:|1776203031
|switch|p2a: Cinderace|Cinderace, F|100/100|[from] U-turn
|move|p1a: Hatterene|Draining Kiss|p2a: Cinderace
|-resisted|p2a: Cinderace
|-damage|p2a: Cinderace|86/100
|-heal|p1a: Hatterene|56/100|[from] drain|[of] p2a: Cinderace
|
|-fieldend|move: Psychic Terrain
|upkeep
|turn|9
|
|t:|1776203043
|move|p2a: Cinderace|Pyro Ball|p1a: Hatterene
|-crit|p1a: Hatterene
|-damage|p1a: Hatterene|0 fnt
|faint|p1a: Hatterene
|
|upkeep
|
|t:|1776203047
|switch|p1a: Indeedee|Indeedee, M|100/100
|-damage|p1a: Indeedee|88/100|[from] Stealth Rock
|-fieldstart|move: Psychic Terrain|[from] ability: Psychic Surge|[of] p1a: Indeedee
|turn|10
|
|t:|1776203053
|move|p2a: Cinderace|Pyro Ball|p1a: Indeedee
|-damage|p1a: Indeedee|10/100
|move|p1a: Indeedee|Expanding Force|p2a: Cinderace
|-damage|p2a: Cinderace|19/100
|
|upkeep
|turn|11
|
|t:|1776203059
|move|p2a: Cinderace|U-turn|p1a: Indeedee
|-supereffective|p1a: Indeedee
|-damage|p1a: Indeedee|0 fnt
|faint|p1a: Indeedee
|
|t:|1776203070
|switch|p2a: Tornadus|Tornadus-Therian, M|64/100|[from] U-turn
|
|upkeep
|
|t:|1776203074
|switch|p1a: Polteageist|Polteageist|100/100
|-damage|p1a: Polteageist|88/100|[from] Stealth Rock
|turn|12
|
|t:|1776203080
|-terastallize|p1a: Polteageist|Fighting
|move|p2a: Tornadus|Knock Off|p1a: Polteageist
|-resisted|p1a: Polteageist
|-damage|p1a: Polteageist|70/100
|-ability|p1a: Polteageist|Weak Armor|boost
|-unboost|p1a: Polteageist|def|1
|-boost|p1a: Polteageist|spe|2
|-enditem|p1a: Polteageist|Focus Sash|[from] move: Knock Off|[of] p2a: Tornadus
|move|p1a: Polteageist|Shell Smash|p1a: Polteageist
|-unboost|p1a: Polteageist|def|1
|-unboost|p1a: Polteageist|spd|1
|-boost|p1a: Polteageist|atk|2
|-boost|p1a: Polteageist|spa|2
|-boost|p1a: Polteageist|spe|2
|
|upkeep
|turn|13
|
|t:|1776203100
|switch|p2a: Cinderace|Cinderace, F|19/100
|move|p1a: Polteageist|Shadow Ball|p2a: Cinderace
|-crit|p2a: Cinderace
|-damage|p2a: Cinderace|0 fnt
|faint|p2a: Cinderace
|
|upkeep
|inactive|Benro137 has 120 seconds left.
|
|t:|1776203118
|switch|p2a: Tornadus|Tornadus-Therian, M|97/100
|turn|14
|
|t:|1776203126
|move|p1a: Polteageist|Stored Power|p2a: Tornadus
|-damage|p2a: Tornadus|0 fnt
|faint|p2a: Tornadus
|
|upkeep
|
|t:|1776203134
|switch|p2a: Hydrapple|Hydrapple, F|100/100
|turn|15
|
|t:|1776203140
|move|p1a: Polteageist|Stored Power|p2a: Hydrapple
|-damage|p2a: Hydrapple|0 fnt
|faint|p2a: Hydrapple
|
|upkeep
|
|t:|1776203148
|switch|p2a: Slowking|Slowking-Galar, M|100/100
|turn|16
|
|t:|1776203157
|move|p1a: Polteageist|Shadow Ball|p2a: Slowking
|-supereffective|p2a: Slowking
|-damage|p2a: Slowking|0 fnt
|faint|p2a: Slowking
|
|upkeep
|
|t:|1776203166
|switch|p2a: Great Tusk|Great Tusk|29/100
|turn|17
|
|t:|1776203171
|move|p1a: Polteageist|Shadow Ball|p2a: Great Tusk
|-damage|p2a: Great Tusk|0 fnt
|faint|p2a: Great Tusk
|-end|p2a: Great Tusk|Protosynthesis|[silent]
|
|-fieldend|move: Psychic Terrain
|upkeep
|
|t:|1776203176
|switch|p2a: Lokix|Lokix, M|19/100
|turn|18
|-message|Benro137 forfeited.
|
|win|decidueyebadlol
|raw|decidueyebadlol's rating: 1277 &rarr; <strong>1305</strong><br />(+28 for winning)
|raw|Benro137's rating: 1317 &rarr; <strong>1295</strong><br />(-22 for losing)
