|html|<div class="broadcast-blue"><strong>[Gen 9] OU is currently suspecting Tera Blast! For information on how to participate check out the <a href="https://www.smogon.com/tools/suspects/view/200">suspect thread</a>.</strong></div>
|j|☆slival
|j|☆Bumno12
|t:|1776034086
|gametype|singles
|player|p1|slival|jupiter|1304
|player|p2|Bumno12|steven|1262
|gen|9
|tier|[Gen 9] OU
|rated|
|rule|HP Percentage Mod: HP is shown in percentages
|rule|Endless Battle Clause: Forcing endless battles is banned
|rule|Species Clause: Limit one of each Pokémon
|rule|OHKO Clause: OHKO moves are banned
|rule|Evasion Items Clause: Evasion items are banned
|rule|Evasion Moves Clause: Evasion moves are banned
|rule|Evasion Abilities Clause: Evasion abilities are banned
|rule|Sleep Moves Clause: Sleep-inducing moves are banned
|clearpoke
|poke|p1|Kyurem|
|poke|p1|Cinderace, M|
|poke|p1|Tornadus-Therian, M|
|poke|p1|Hatterene, F|
|poke|p1|Great Tusk|
|poke|p1|Kingambit, F|
|poke|p2|Primarina, M|
|poke|p2|Garchomp, F|
|poke|p2|Scizor, M|
|poke|p2|Okidogi, M|
|poke|p2|Moltres|
|poke|p2|Thundurus-Therian, M|
|teampreview
|inactive|Battle timer is ON: inactive players will automatically lose when time's up. (requested by slival)
|inactive|Bumno12 has 120 seconds left.
|
|t:|1776034133
|teamsize|p1|6
|teamsize|p2|6
|start
|switch|p1a: Kyurem|Kyurem|100/100
|switch|p2a: Garchomp|Garchomp, F|100/100
|-ability|p1a: Kyurem|Pressure
|turn|1
|
|t:|1776034141
|switch|p1a: Hatterene|Hatterene, F|100/100
|switch|p2a: Scizor|Scizor, M|100/100
|
|upkeep
|turn|2
|
|t:|1776034158
|switch|p1a: Cinderace|Cinderace, M|100/100
|move|p2a: Scizor|Swords Dance|p2a: Scizor
|-boost|p2a: Scizor|atk|2
|
|upkeep
|turn|3
|
|t:|1776034173
|move|p2a: Scizor|Bullet Punch|p1a: Cinderace
|-resisted|p1a: Cinderace
|-damage|p1a: Cinderace|50/100
|move|p1a: Cinderace|Pyro Ball|p2a: Scizor
|-supereffective|p2a: Scizor
|-damage|p2a: Scizor|0 fnt
|faint|p2a: Scizor
|
|upkeep
|
|t:|1776034184
|switch|p2a: Garchomp|Garchomp, F|100/100
|turn|4
|
|t:|1776034190
|switch|p1a: Hatterene|Hatterene, F|100/100
|move|p2a: Garchomp|Stealth Rock|p1a: Hatterene
|move|p1a: Hatterene|Stealth Rock|p2a: Garchomp|[from] ability: Magic Bounce
|-sidestart|p2: Bumno12|move: Stealth Rock
|
|upkeep
|turn|5
|
|t:|1776034199
|move|p2a: Garchomp|Earthquake|p1a: Hatterene
|-damage|p1a: Hatterene|54/100
|move|p1a: Hatterene|Draining Kiss|p2a: Garchomp
|-supereffective|p2a: Garchomp
|-damage|p2a: Garchomp|54/100
|-heal|p1a: Hatterene|98/100|[from] drain|[of] p2a: Garchomp
|-damage|p1a: Hatterene|86/100|[from] ability: Rough Skin|[of] p2a: Garchomp
|-damage|p1a: Hatterene|69/100|[from] item: Rocky Helmet|[of] p2a: Garchomp
|
|-heal|p1a: Hatterene|75/100|[from] item: Leftovers
|upkeep
|turn|6
|
|t:|1776034206
|switch|p2a: Okidogi|Okidogi, M|100/100
|-damage|p2a: Okidogi|94/100|[from] Stealth Rock
|move|p1a: Hatterene|Draining Kiss|p2a: Okidogi
|-damage|p2a: Okidogi|80/100
|-heal|p1a: Hatterene|88/100|[from] drain|[of] p2a: Okidogi
|
|-heal|p1a: Hatterene|94/100|[from] item: Leftovers
|upkeep
|turn|7
|
|t:|1776034215
|switch|p1a: Great Tusk|Great Tusk|100/100
|move|p2a: Okidogi|Drain Punch|p1a: Great Tusk
|-damage|p1a: Great Tusk|76/100
|-heal|p2a: Okidogi|94/100|[from] drain|[of] p1a: Great Tusk
|-damage|p2a: Okidogi|78/100|[from] item: Rocky Helmet|[of] p1a: Great Tusk
|
|upkeep
|turn|8
|
|t:|1776034219
|move|p1a: Great Tusk|Stealth Rock||[still]
|-fail|p1a: Great Tusk
|move|p2a: Okidogi|Poison Fang|p1a: Great Tusk
|-resisted|p1a: Great Tusk
|-crit|p1a: Great Tusk
|-damage|p1a: Great Tusk|63/100
|-status|p1a: Great Tusk|tox
|-damage|p2a: Okidogi|61/100|[from] item: Rocky Helmet|[of] p1a: Great Tusk
|
|-damage|p1a: Great Tusk|57/100 tox|[from] psn
|upkeep
|turn|9
|
|t:|1776034224
|switch|p2a: Moltres|Moltres|100/100
|move|p1a: Great Tusk|Headlong Rush|p2a: Moltres
|-immune|p2a: Moltres
|
|-damage|p1a: Great Tusk|45/100 tox|[from] psn
|upkeep
|turn|10
|
|t:|1776034229
|-end|p1a: Great Tusk|Protosynthesis|[silent]
|switch|p1a: Kyurem|Kyurem|100/100
|-ability|p1a: Kyurem|Pressure
|move|p2a: Moltres|U-turn|p1a: Kyurem
|-damage|p1a: Kyurem|87/100
|
|t:|1776034234
|switch|p2a: Okidogi|Okidogi, M|61/100|[from] U-turn
|-damage|p2a: Okidogi|55/100|[from] Stealth Rock
|
|upkeep
|turn|11
|
|t:|1776034245
|move|p1a: Kyurem|Draco Meteor|p2a: Okidogi
|-damage|p2a: Okidogi|0 fnt
|-unboost|p1a: Kyurem|spa|2
|faint|p2a: Okidogi
|
|upkeep
|
|t:|1776034251
|switch|p2a: Thundurus|Thundurus-Therian, M|100/100
|turn|12
|
|t:|1776034280
|switch|p1a: Tornadus|Tornadus-Therian, M|100/100
|move|p2a: Thundurus|Nasty Plot|p2a: Thundurus
|-boost|p2a: Thundurus|spa|2
|
|upkeep
|turn|13
|
|t:|1776034287
|move|p1a: Tornadus|U-turn|p2a: Thundurus
|-resisted|p2a: Thundurus
|-crit|p2a: Thundurus
|-damage|p2a: Thundurus|83/100
|
|t:|1776034290
|switch|p1a: Great Tusk|Great Tusk|45/100 tox|[from] U-turn
|move|p2a: Thundurus|Thunderbolt|p1a: Great Tusk
|-immune|p1a: Great Tusk
|
|-damage|p1a: Great Tusk|38/100 tox|[from] psn
|upkeep
|turn|14
|
|t:|1776034297
|move|p2a: Thundurus|Grass Knot|p1a: Great Tusk
|-supereffective|p1a: Great Tusk
|-damage|p1a: Great Tusk|0 fnt
|-damage|p2a: Thundurus|66/100|[from] item: Rocky Helmet|[of] p1a: Great Tusk
|faint|p1a: Great Tusk
|-end|p1a: Great Tusk|Protosynthesis|[silent]
|
|upkeep
|
|t:|1776034305
|switch|p1a: Cinderace|Cinderace, M|50/100
|turn|15
|
|t:|1776034310
|move|p1a: Cinderace|Pyro Ball|p2a: Thundurus
|-damage|p2a: Thundurus|0 fnt
|faint|p2a: Thundurus
|
|upkeep
|
|t:|1776034314
|switch|p2a: Moltres|Moltres|100/100
|turn|16
|
|t:|1776034325
|switch|p1a: Kyurem|Kyurem|87/100
|-ability|p1a: Kyurem|Pressure
|move|p2a: Moltres|Fire Blast|p1a: Kyurem
|-damage|p1a: Kyurem|37/100
|
|upkeep
|turn|17
|
|t:|1776034335
|move|p1a: Kyurem|Freeze-Dry|p2a: Moltres
|-damage|p2a: Moltres|29/100
|move|p2a: Moltres|Fire Blast|p1a: Kyurem
|-damage|p1a: Kyurem|0 fnt
|faint|p1a: Kyurem
|
|upkeep
|
|t:|1776034344
|switch|p1a: Tornadus|Tornadus-Therian, M|100/100
|turn|18
|
|t:|1776034354
|move|p1a: Tornadus|Bleakwind Storm|p2a: Moltres
|-damage|p2a: Moltres|0 fnt
|faint|p2a: Moltres
|
|upkeep
|
|t:|1776034358
|switch|p2a: Primarina|Primarina, M|100/100
|-damage|p2a: Primarina|88/100|[from] Stealth Rock
|turn|19
|
|t:|1776034367
|move|p1a: Tornadus|Knock Off|p2a: Primarina
|-resisted|p2a: Primarina
|-damage|p2a: Primarina|76/100
|-enditem|p2a: Primarina|Leftovers|[from] move: Knock Off|[of] p1a: Tornadus
|move|p2a: Primarina|Surf|p1a: Tornadus
|-damage|p1a: Tornadus|66/100
|
|upkeep
|turn|20
|
|t:|1776034380
|move|p1a: Tornadus|Bleakwind Storm|p2a: Primarina
|-damage|p2a: Primarina|44/100
|move|p2a: Primarina|Surf|p1a: Tornadus
|-damage|p1a: Tornadus|33/100
|
|upkeep
|turn|21
|
|t:|1776034385
|move|p1a: Tornadus|Bleakwind Storm|p2a: Primarina
|-damage|p2a: Primarina|11/100
|-unboost|p2a: Primarina|spe|1
|move|p2a: Primarina|Light Screen|p2a: Primarina
|-sidestart|p2: Bumno12|move: Light Screen
|
|upkeep
|turn|22
|
|t:|1776034392
|move|p1a: Tornadus|Bleakwind Storm|p2a: Primarina
|-damage|p2a: Primarina|0 fnt
|faint|p2a: Primarina
|
|upkeep
|
|t:|1776034394
|switch|p2a: Garchomp|Garchomp, F|54/100
|-damage|p2a: Garchomp|48/100|[from] Stealth Rock
|turn|23
|
|t:|1776034423
|switch|p1a: Hatterene|Hatterene, F|94/100
|move|p2a: Garchomp|Dragon Tail|p1a: Hatterene
|-immune|p1a: Hatterene
|
|-heal|p1a: Hatterene|99/100|[from] item: Leftovers
|upkeep
|turn|24
|
|t:|1776034435
|-terastallize|p2a: Garchomp|Fire
|move|p2a: Garchomp|Fire Fang|p1a: Hatterene
|-damage|p1a: Hatterene|73/100
|move|p1a: Hatterene|Draining Kiss|p2a: Garchomp
|-resisted|p2a: Garchomp
|-damage|p2a: Garchomp|42/100
|-heal|p1a: Hatterene|78/100|[from] drain|[of] p2a: Garchomp
|-damage|p1a: Hatterene|66/100|[from] ability: Rough Skin|[of] p2a: Garchomp
|-damage|p1a: Hatterene|49/100|[from] item: Rocky Helmet|[of] p2a: Garchomp
|
|-heal|p1a: Hatterene|55/100|[from] item: Leftovers
|upkeep
|turn|25
|
|t:|1776034446
|move|p2a: Garchomp|Fire Fang|p1a: Hatterene
|-damage|p1a: Hatterene|25/100
|move|p1a: Hatterene|Psychic Noise|p2a: Garchomp
|-damage|p2a: Garchomp|24/100
|-start|p2a: Garchomp|move: Heal Block
|
|-heal|p1a: Hatterene|31/100|[from] item: Leftovers
|-sideend|p2: Bumno12|move: Light Screen
|upkeep
|turn|26
|
|t:|1776034449
|move|p2a: Garchomp|Earthquake|p1a: Hatterene
|-damage|p1a: Hatterene|0 fnt
|faint|p1a: Hatterene
|
|-end|p2a: Garchomp|move: Heal Block
|upkeep
|
|t:|1776034454
|switch|p1a: Tornadus|Tornadus-Therian, M|66/100
|turn|27
|
|t:|1776034457
|move|p1a: Tornadus|Bleakwind Storm|p2a: Garchomp|[miss]
|-miss|p1a: Tornadus|p2a: Garchomp
|move|p2a: Garchomp|Dragon Tail|p1a: Tornadus
|-damage|p1a: Tornadus|28/100
|drag|p1a: Kingambit|Kingambit, F|100/100
|-activate|p1a: Kingambit|ability: Supreme Overlord
|-start|p1a: Kingambit|fallen3|[silent]
|
|upkeep
|turn|28
|
|t:|1776034460
|-terastallize|p1a: Kingambit|Fairy
|move|p2a: Garchomp|Earthquake|p1a: Kingambit
|-damage|p1a: Kingambit|62/100
|move|p1a: Kingambit|Tera Blast|p2a: Garchomp|[anim] Tera Blast Fairy
|-resisted|p2a: Garchomp
|-damage|p2a: Garchomp|0 fnt
|faint|p2a: Garchomp
|
|win|slival
|raw|slival's rating: 1304 &rarr; <strong>1322</strong><br />(+18 for winning)
|raw|Bumno12's rating: 1262 &rarr; <strong>1240</strong><br />(-22 for losing)
|l|☆Bumno12
|player|p2|
|l|☆slival
|player|p1|
