|html|<div class="broadcast-blue"><strong>[Gen 9] OU is currently suspecting Tera Blast! For information on how to participate check out the <a href="https://www.smogon.com/tools/suspects/view/200">suspect thread</a>.</strong></div>
|j|☆tokiwakano
|j|☆cachowcapow
|t:|1776145414
|gametype|singles
|player|p1|tokiwakano|acetrainerf|1617
|player|p2|cachowcapow|2|1637
|gen|9
|tier|[Gen 9] OU
|rated|
|rule|HP Percentage Mod: HP is shown in percentages
|rule|Endless Battle Clause: Forcing endless battles is banned
|rule|Species Clause: Limit one of each Pokémon
|rule|OHKO Clause: OHKO moves are banned
|rule|Evasion Items Clause: Evasion items are banned
|rule|Evasion Moves Clause: Evasion moves are banned
|rule|Evasion Abilities Clause: Evasion abilities are banned
|rule|Sleep Moves Clause: Sleep-inducing moves are banned
|clearpoke
|poke|p1|Great Tusk|
|poke|p1|Slowking-Galar, M|
|poke|p1|Corviknight, F|
|poke|p1|Clefable, F|
|poke|p1|Samurott-Hisui, M|
|poke|p1|Dragapult, F|
|poke|p2|Alomomola, F|
|poke|p2|Gardevoir, M|
|poke|p2|Scizor, M|
|poke|p2|Slither Wing|
|poke|p2|Mew|
|poke|p2|Ogerpon, F|
|teampreview
|inactive|Battle timer is ON: inactive players will automatically lose when time's up. (requested by tokiwakano)
|
|t:|1776145439
|teamsize|p1|6
|teamsize|p2|6
|start
|switch|p1a: Clefable|Clefable, F|100/100
|switch|p2a: Gardevoir|Gardevoir, M, shiny|100/100
|-ability|p2a: Gardevoir|Magic Guard|Trace|[from] ability: Trace|[of] p1a: Clefable
|turn|1
|
|t:|1776145445
|switch|p1a: Slowking|Slowking-Galar, M|100/100
|-terastallize|p2a: Gardevoir|Fairy
|move|p2a: Gardevoir|Moonblast|p1a: Slowking
|-resisted|p1a: Slowking
|-damage|p1a: Slowking|74/100
|
|upkeep
|turn|2
|
|t:|1776145452
|switch|p2a: Scizor|Scizor, M|100/100
|move|p1a: Slowking|Flamethrower|p2a: Scizor
|-supereffective|p2a: Scizor
|-damage|p2a: Scizor|0 fnt
|faint|p2a: Scizor
|
|upkeep
|
|t:|1776145467
|switch|p2a: Alomomola|Alomomola, F|100/100
|turn|3
|
|t:|1776145469
|move|p2a: Alomomola|Liquidation|p1a: Slowking
|-damage|p1a: Slowking|22/100
|move|p1a: Slowking|Sludge Bomb|p2a: Alomomola
|-damage|p2a: Alomomola|55/100
|
|upkeep
|turn|4
|
|t:|1776145474
|switch|p2a: Slither Wing|Slither Wing|100/100
|switch|p1a: Dragapult|Dragapult, F|100/100
|
|upkeep
|turn|5
|
|t:|1776145481
|move|p1a: Dragapult|Shadow Ball|p2a: Slither Wing
|-crit|p2a: Slither Wing
|-damage|p2a: Slither Wing|36/100
|-unboost|p2a: Slither Wing|spd|1
|move|p2a: Slither Wing|U-turn|p1a: Dragapult
|-resisted|p1a: Dragapult
|-damage|p1a: Dragapult|80/100
|
|t:|1776145499
|-end|p2a: Slither Wing|Protosynthesis|[silent]
|switch|p2a: Gardevoir|Gardevoir, M, shiny, tera:Fairy|100/100|[from] U-turn
|-ability|p2a: Gardevoir|Clear Body|Trace|[from] ability: Trace|[of] p1a: Dragapult
|
|upkeep
|turn|6
|
|t:|1776145505
|switch|p1a: Slowking|Slowking-Galar, M|56/100
|move|p2a: Gardevoir|Moonblast|p1a: Slowking
|-resisted|p1a: Slowking
|-damage|p1a: Slowking|29/100
|-unboost|p1a: Slowking|spa|1
|
|upkeep
|turn|7
|
|t:|1776145511
|switch|p1a: Corviknight|Corviknight, F|100/100
|-ability|p1a: Corviknight|Pressure
|move|p2a: Gardevoir|Moonblast|p1a: Corviknight
|-resisted|p1a: Corviknight
|-damage|p1a: Corviknight|46/100
|
|upkeep
|turn|8
|
|t:|1776145519
|switch|p1a: Slowking|Slowking-Galar, M|63/100
|move|p2a: Gardevoir|Moonblast|p1a: Slowking
|-resisted|p1a: Slowking
|-damage|p1a: Slowking|35/100
|
|upkeep
|turn|9
|
|t:|1776145529
|switch|p2a: Alomomola|Alomomola, F|88/100
|move|p1a: Slowking|Sludge Bomb|p2a: Alomomola
|-damage|p2a: Alomomola|38/100
|-status|p2a: Alomomola|psn
|
|-damage|p2a: Alomomola|26/100 psn|[from] psn
|upkeep
|turn|10
|
|t:|1776145535
|move|p2a: Alomomola|Flip Turn|p1a: Slowking
|-crit|p1a: Slowking
|-damage|p1a: Slowking|0 fnt
|faint|p1a: Slowking
|
|t:|1776145548
|switch|p2a: Gardevoir|Gardevoir, M, shiny, tera:Fairy|100/100|[from] Flip Turn
|
|upkeep
|
|t:|1776145552
|switch|p1a: Great Tusk|Great Tusk|100/100
|turn|11
|
|t:|1776145568
|switch|p2a: Slither Wing|Slither Wing|36/100
|move|p1a: Great Tusk|Headlong Rush|p2a: Slither Wing
|-resisted|p2a: Slither Wing
|-damage|p2a: Slither Wing|11/100
|-unboost|p1a: Great Tusk|def|1
|-unboost|p1a: Great Tusk|spd|1
|-damage|p1a: Great Tusk|84/100|[from] item: Rocky Helmet|[of] p2a: Slither Wing
|
|-heal|p1a: Great Tusk|90/100|[from] item: Leftovers
|upkeep
|turn|12
|
|t:|1776145572
|move|p1a: Great Tusk|Ice Spinner|p2a: Slither Wing
|-damage|p2a: Slither Wing|0 fnt
|-damage|p1a: Great Tusk|74/100|[from] item: Rocky Helmet|[of] p2a: Slither Wing
|faint|p2a: Slither Wing
|-end|p2a: Slither Wing|Protosynthesis|[silent]
|
|-heal|p1a: Great Tusk|80/100|[from] item: Leftovers
|upkeep
|
|t:|1776145578
|switch|p2a: Mew|Mew, shiny|100/100
|turn|13
|
|t:|1776145580
|-end|p1a: Great Tusk|Protosynthesis|[silent]
|switch|p1a: Samurott|Samurott-Hisui, M|100/100
|move|p2a: Mew|Dragon Dance|p2a: Mew
|-boost|p2a: Mew|atk|1
|-boost|p2a: Mew|spe|1
|
|upkeep
|turn|14
|
|t:|1776145584
|-terastallize|p1a: Samurott|Fire
|move|p2a: Mew|Drain Punch|p1a: Samurott
|-damage|p1a: Samurott|65/100
|move|p1a: Samurott|Ceaseless Edge|p2a: Mew
|-supereffective|p2a: Mew
|-damage|p2a: Mew|20/100
|-enditem|p2a: Mew|Weakness Policy
|-boost|p2a: Mew|atk|2|[from] item: Weakness Policy
|-boost|p2a: Mew|spa|2|[from] item: Weakness Policy
|-sidestart|p2: cachowcapow|Spikes
|
|upkeep
|turn|15
|
|t:|1776145598
|move|p1a: Samurott|Aqua Jet|p2a: Mew
|-damage|p2a: Mew|2/100
|move|p2a: Mew|Psychic Fangs|p1a: Samurott
|-damage|p1a: Samurott|0 fnt
|faint|p1a: Samurott
|
|upkeep
|
|t:|1776145603
|switch|p1a: Dragapult|Dragapult, F|80/100
|turn|16
|
|t:|1776145605
|switch|p1a: Corviknight|Corviknight, F|46/100
|-ability|p1a: Corviknight|Pressure
|move|p2a: Mew|Psychic Fangs|p1a: Corviknight
|-resisted|p1a: Corviknight
|-damage|p1a: Corviknight|22/100
|-damage|p2a: Mew|0 fnt|[from] item: Rocky Helmet|[of] p1a: Corviknight
|faint|p2a: Mew
|
|upkeep
|
|t:|1776145611
|switch|p2a: Gardevoir|Gardevoir, M, shiny, tera:Fairy|100/100
|-damage|p2a: Gardevoir|88/100|[from] Spikes
|-ability|p2a: Gardevoir|Pressure|Trace|[from] ability: Trace|[of] p1a: Corviknight
|-ability|p2a: Gardevoir|Pressure
|turn|17
|
|t:|1776145616
|move|p2a: Gardevoir|Moonblast|p1a: Corviknight
|-resisted|p1a: Corviknight
|-damage|p1a: Corviknight|0 fnt
|faint|p1a: Corviknight
|
|upkeep
|
|t:|1776145618
|switch|p1a: Great Tusk|Great Tusk|80/100
|turn|18
|
|t:|1776145622
|switch|p2a: Alomomola|Alomomola, F|59/100 psn
|-damage|p2a: Alomomola|47/100 psn|[from] Spikes
|move|p1a: Great Tusk|Headlong Rush|p2a: Alomomola
|-damage|p2a: Alomomola|0 fnt
|-unboost|p1a: Great Tusk|def|1
|-unboost|p1a: Great Tusk|spd|1
|faint|p2a: Alomomola
|
|-heal|p1a: Great Tusk|86/100|[from] item: Leftovers
|upkeep
|
|t:|1776145624
|switch|p2a: Ogerpon|Ogerpon, F|100/100
|-damage|p2a: Ogerpon|88/100|[from] Spikes
|turn|19
|
|t:|1776145627
|-end|p1a: Great Tusk|Protosynthesis|[silent]
|switch|p1a: Clefable|Clefable, F|100/100
|move|p2a: Ogerpon|U-turn|p1a: Clefable
|-resisted|p1a: Clefable
|-damage|p1a: Clefable|87/100
|
|t:|1776145629
|switch|p2a: Gardevoir|Gardevoir, M, shiny, tera:Fairy|88/100|[from] U-turn
|-damage|p2a: Gardevoir|76/100|[from] Spikes
|-ability|p2a: Gardevoir|Magic Guard|Trace|[from] ability: Trace|[of] p1a: Clefable
|
|-heal|p1a: Clefable|93/100|[from] item: Leftovers
|upkeep
|turn|20
|
|t:|1776145635
|move|p2a: Gardevoir|Moonblast|p1a: Clefable
|-damage|p1a: Clefable|0 fnt
|faint|p1a: Clefable
|
|upkeep
|
|t:|1776145638
|switch|p1a: Great Tusk|Great Tusk|86/100
|turn|21
|
|t:|1776145642
|switch|p2a: Ogerpon|Ogerpon, F|88/100
|-damage|p2a: Ogerpon|76/100|[from] Spikes
|move|p1a: Great Tusk|Headlong Rush|p2a: Ogerpon
|-resisted|p2a: Ogerpon
|-damage|p2a: Ogerpon|34/100
|-unboost|p1a: Great Tusk|def|1
|-unboost|p1a: Great Tusk|spd|1
|
|-heal|p1a: Great Tusk|92/100|[from] item: Leftovers
|upkeep
|turn|22
|
|t:|1776145644
|-end|p1a: Great Tusk|Protosynthesis|[silent]
|switch|p1a: Dragapult|Dragapult, F|80/100
|move|p2a: Ogerpon|Ivy Cudgel|p1a: Dragapult
|-resisted|p1a: Dragapult
|-damage|p1a: Dragapult|30/100
|
|upkeep
|turn|23
|
|t:|1776145649
|move|p1a: Dragapult|Shadow Ball|p2a: Ogerpon
|-damage|p2a: Ogerpon|0 fnt
|faint|p2a: Ogerpon
|
|upkeep
|-message|cachowcapow forfeited.
|
|win|tokiwakano
|raw|tokiwakano's rating: 1617 &rarr; <strong>1638</strong><br />(+21 for winning)
|raw|cachowcapow's rating: 1637 &rarr; <strong>1616</strong><br />(-21 for losing)
|l|☆cachowcapow
|player|p2|
