|html|<div class="broadcast-blue"><strong>[Gen 9] OU is currently suspecting Tera Blast! For information on how to participate check out the <a href="https://www.smogon.com/tools/suspects/view/200">suspect thread</a>.</strong></div>
|j|☆MrPr1ce
|j|☆darkmaskedman
|t:|1776085486
|gametype|singles
|player|p1|MrPr1ce|lance|1360
|player|p2|darkmaskedman|flannery|1366
|gen|9
|tier|[Gen 9] OU
|rated|
|rule|HP Percentage Mod: HP is shown in percentages
|rule|Endless Battle Clause: Forcing endless battles is banned
|rule|Species Clause: Limit one of each Pokémon
|rule|OHKO Clause: OHKO moves are banned
|rule|Evasion Items Clause: Evasion items are banned
|rule|Evasion Moves Clause: Evasion moves are banned
|rule|Evasion Abilities Clause: Evasion abilities are banned
|rule|Sleep Moves Clause: Sleep-inducing moves are banned
|clearpoke
|poke|p1|Gliscor, F|
|poke|p1|Dragonite, M|
|poke|p1|Iron Valiant|
|poke|p1|Slowking-Galar, M|
|poke|p1|Great Tusk|
|poke|p1|Primarina, F|
|poke|p2|Ogerpon, F|
|poke|p2|Alomomola, M|
|poke|p2|Ting-Lu|
|poke|p2|Gholdengo|
|poke|p2|Darkrai|
|poke|p2|Lucario, F|
|teampreview
|inactive|Battle timer is ON: inactive players will automatically lose when time's up. (requested by darkmaskedman)
|inactive|MrPr1ce also wants the timer to be on.
|
|t:|1776085495
|teamsize|p1|6
|teamsize|p2|6
|start
|switch|p1a: Wait|Gliscor, F, shiny|100/100
|switch|p2a: Ting-Lu|Ting-Lu|100/100
|-ability|p2a: Ting-Lu|Vessel of Ruin
|turn|1
|
|t:|1776085501
|move|p1a: Wait|Toxic|p2a: Ting-Lu
|-status|p2a: Ting-Lu|tox
|move|p2a: Ting-Lu|Stealth Rock|p1a: Wait
|-sidestart|p1: MrPr1ce|move: Stealth Rock
|
|-damage|p2a: Ting-Lu|94/100 tox|[from] psn
|-status|p1a: Wait|tox|[from] item: Toxic Orb
|upkeep
|turn|2
|
|t:|1776085508
|move|p1a: Wait|Spikes|p2a: Ting-Lu
|-sidestart|p2: darkmaskedman|Spikes
|move|p2a: Ting-Lu|Spikes|p1a: Wait
|-sidestart|p1: MrPr1ce|Spikes
|
|-damage|p2a: Ting-Lu|82/100 tox|[from] psn
|upkeep
|turn|3
|
|t:|1776085511
|move|p1a: Wait|Spikes|p2a: Ting-Lu
|-sidestart|p2: darkmaskedman|Spikes
|move|p2a: Ting-Lu|Spikes|p1a: Wait
|-sidestart|p1: MrPr1ce|Spikes
|
|-damage|p2a: Ting-Lu|63/100 tox|[from] psn
|upkeep
|turn|4
|
|t:|1776085513
|move|p1a: Wait|Spikes|p2a: Ting-Lu
|-sidestart|p2: darkmaskedman|Spikes
|move|p2a: Ting-Lu|Spikes|p1a: Wait
|-sidestart|p1: MrPr1ce|Spikes
|
|-damage|p2a: Ting-Lu|38/100 tox|[from] psn
|upkeep
|turn|5
|
|t:|1776085524
|switch|p1a: Turn turn|Great Tusk|100/100
|-damage|p1a: Turn turn|98/100|[from] Stealth Rock
|-damage|p1a: Turn turn|73/100|[from] Spikes
|move|p2a: Ting-Lu|Whirlwind|p1a: Turn turn
|-end|p1a: Turn turn|Protosynthesis|[silent]
|drag|p1a: 1st time|Primarina, F, shiny|100/100
|-damage|p1a: 1st time|88/100|[from] Stealth Rock
|-damage|p1a: 1st time|63/100|[from] Spikes
|
|-heal|p1a: 1st time|69/100|[from] item: Leftovers
|-damage|p2a: Ting-Lu|7/100 tox|[from] psn
|upkeep
|turn|6
|
|t:|1776085531
|move|p1a: 1st time|Flip Turn|p2a: Ting-Lu
|-supereffective|p2a: Ting-Lu
|-damage|p2a: Ting-Lu|0 fnt
|-damage|p1a: 1st time|53/100|[from] item: Rocky Helmet|[of] p2a: Ting-Lu
|faint|p2a: Ting-Lu
|
|t:|1776085534
|switch|p1a: Turn turn|Great Tusk|73/100|[from] Flip Turn
|-damage|p1a: Turn turn|70/100|[from] Stealth Rock
|-damage|p1a: Turn turn|45/100|[from] Spikes
|
|upkeep
|
|t:|1776085541
|switch|p2a: Darkrai|Darkrai, shiny|100/100
|-damage|p2a: Darkrai|76/100|[from] Spikes
|turn|7
|
|t:|1776085549
|-terastallize|p1a: Turn turn|Steel
|move|p2a: Darkrai|Psychic|p1a: Turn turn
|-resisted|p1a: Turn turn
|-crit|p1a: Turn turn
|-damage|p1a: Turn turn|11/100
|move|p1a: Turn turn|Rapid Spin|p2a: Darkrai
|-damage|p2a: Darkrai|56/100
|-boost|p1a: Turn turn|spe|1
|-sideend|p1: MrPr1ce|Spikes|[from] move: Rapid Spin|[of] p1a: Turn turn
|-sideend|p1: MrPr1ce|Stealth Rock|[from] move: Rapid Spin|[of] p1a: Turn turn
|
|upkeep
|turn|8
|
|t:|1776085559
|move|p2a: Darkrai|Psychic|p1a: Turn turn
|-resisted|p1a: Turn turn
|-damage|p1a: Turn turn|0 fnt
|faint|p1a: Turn turn
|-end|p1a: Turn turn|Protosynthesis|[silent]
|
|upkeep
|
|t:|1776085565
|switch|p1a: One shot ?|Iron Valiant, shiny|100/100
|-enditem|p1a: One shot ?|Booster Energy
|-activate|p1a: One shot ?|ability: Quark Drive|[fromitem]
|-start|p1a: One shot ?|quarkdrivespe
|turn|9
|
|t:|1776085570
|move|p2a: Darkrai|Psychic|p1a: One shot ?
|-supereffective|p1a: One shot ?
|-crit|p1a: One shot ?
|-damage|p1a: One shot ?|0 fnt
|faint|p1a: One shot ?
|-end|p1a: One shot ?|Quark Drive|[silent]
|
|upkeep
|
|t:|1776085572
|switch|p1a: The "Savior"|Dragonite, M, shiny|100/100
|turn|10
|
|t:|1776085576
|switch|p2a: Alomomola|Alomomola, M, shiny|100/100
|move|p1a: The "Savior"|Dragon Dance|p1a: The "Savior"
|-boost|p1a: The "Savior"|atk|1
|-boost|p1a: The "Savior"|spe|1
|
|upkeep
|turn|11
|
|t:|1776085584
|switch|p1a: Wait|Gliscor, F, shiny|100/100 tox
|move|p2a: Alomomola|Flip Turn|p1a: Wait
|-supereffective|p1a: Wait
|-damage|p1a: Wait|78/100 tox
|
|t:|1776085587
|switch|p2a: Darkrai|Darkrai, shiny|56/100|[from] Flip Turn
|-damage|p2a: Darkrai|31/100|[from] Spikes
|
|-heal|p1a: Wait|91/100 tox|[from] ability: Poison Heal
|upkeep
|turn|12
|
|t:|1776085595
|move|p1a: Wait|Protect|p1a: Wait
|-singleturn|p1a: Wait|Protect
|move|p2a: Darkrai|Ice Beam|p1a: Wait
|-activate|p1a: Wait|move: Protect
|
|-heal|p1a: Wait|100/100 tox|[from] ability: Poison Heal
|upkeep
|turn|13
|
|t:|1776085602
|switch|p1a: 1st time|Primarina, F, shiny|53/100
|move|p2a: Darkrai|Ice Beam|p1a: 1st time
|-resisted|p1a: 1st time
|-damage|p1a: 1st time|38/100
|
|-heal|p1a: 1st time|44/100|[from] item: Leftovers
|upkeep
|turn|14
|
|t:|1776085617
|switch|p2a: Ogerpon|Ogerpon, F|100/100
|move|p1a: 1st time|Surf|p2a: Ogerpon
|-resisted|p2a: Ogerpon
|-damage|p2a: Ogerpon|69/100
|
|-heal|p1a: 1st time|50/100|[from] item: Leftovers
|upkeep
|turn|15
|
|t:|1776085623
|move|p2a: Ogerpon|Knock Off|p1a: 1st time
|-resisted|p1a: 1st time
|-damage|p1a: 1st time|29/100
|-enditem|p1a: 1st time|Leftovers|[from] move: Knock Off|[of] p2a: Ogerpon
|move|p1a: 1st time|Moonblast|p2a: Ogerpon
|-damage|p2a: Ogerpon|3/100
|
|upkeep
|turn|16
|
|t:|1776085631
|move|p2a: Ogerpon|Ivy Cudgel|p1a: 1st time
|-supereffective|p1a: 1st time
|-damage|p1a: 1st time|0 fnt
|faint|p1a: 1st time
|
|upkeep
|
|t:|1776085637
|switch|p1a: Wait|Gliscor, F, shiny|100/100 tox
|turn|17
|
|t:|1776085640
|move|p2a: Ogerpon|Ivy Cudgel|p1a: Wait
|-damage|p1a: Wait|70/100 tox
|move|p1a: Wait|Earthquake|p2a: Ogerpon
|-resisted|p2a: Ogerpon
|-damage|p2a: Ogerpon|0 fnt
|faint|p2a: Ogerpon
|
|-heal|p1a: Wait|82/100 tox|[from] ability: Poison Heal
|upkeep
|
|t:|1776085644
|switch|p2a: Darkrai|Darkrai, shiny|31/100
|-damage|p2a: Darkrai|6/100|[from] Spikes
|turn|18
|
|t:|1776085651
|move|p2a: Darkrai|Dark Pulse|p1a: Wait
|-damage|p1a: Wait|30/100 tox
|move|p1a: Wait|Earthquake|p2a: Darkrai
|-damage|p2a: Darkrai|0 fnt
|faint|p2a: Darkrai
|
|-heal|p1a: Wait|43/100 tox|[from] ability: Poison Heal
|upkeep
|
|t:|1776085655
|switch|p2a: Alomomola|Alomomola, M, shiny|100/100
|turn|19
|
|t:|1776085667
|move|p1a: Wait|Toxic|p2a: Alomomola
|-status|p2a: Alomomola|tox
|move|p2a: Alomomola|Scald|p1a: Wait
|-supereffective|p1a: Wait
|-damage|p1a: Wait|10/100 tox
|
|-heal|p1a: Wait|22/100 tox|[from] ability: Poison Heal
|-damage|p2a: Alomomola|94/100 tox|[from] psn
|upkeep
|turn|20
|
|t:|1776085671
|move|p1a: Wait|Earthquake|p2a: Alomomola
|-damage|p2a: Alomomola|77/100 tox
|move|p2a: Alomomola|Scald|p1a: Wait
|-supereffective|p1a: Wait
|-damage|p1a: Wait|0 fnt
|faint|p1a: Wait
|
|-damage|p2a: Alomomola|65/100 tox|[from] psn
|upkeep
|
|t:|1776085683
|switch|p1a: Boom|Slowking-Galar, M|100/100
|turn|21
|
|t:|1776085707
|move|p2a: Alomomola|Wish|p2a: Alomomola
|move|p1a: Boom|Future Sight|p2a: Alomomola
|-start|p1a: Boom|move: Future Sight
|
|-damage|p2a: Alomomola|47/100 tox|[from] psn
|upkeep
|turn|22
|
|t:|1776085719
|move|p2a: Alomomola|Scald|p1a: Boom
|-damage|p1a: Boom|93/100
|move|p1a: Boom|Surf|p2a: Alomomola
|-resisted|p2a: Alomomola
|-damage|p2a: Alomomola|29/100 tox
|
|-heal|p2a: Alomomola|79/100 tox|[from] move: Wish|[wisher] Alomomola
|-damage|p2a: Alomomola|55/100 tox|[from] psn
|upkeep
|turn|23
|
|t:|1776085729
|move|p2a: Alomomola|Wish|p2a: Alomomola
|move|p1a: Boom|Future Sight||[still]
|-fail|p1a: Boom
|
|-end|p2a: Alomomola|move: Future Sight
|-damage|p2a: Alomomola|0 fnt
|faint|p2a: Alomomola
|upkeep
|
|t:|1776085734
|switch|p2a: Lucario|Lucario, F, shiny|100/100
|-damage|p2a: Lucario|76/100|[from] Spikes
|turn|24
|
|t:|1776085744
|move|p2a: Lucario|Earthquake|p1a: Boom
|-supereffective|p1a: Boom
|-damage|p1a: Boom|0 fnt
|faint|p1a: Boom
|
|-heal|p2a: Lucario|100/100|[from] move: Wish|[wisher] Alomomola
|upkeep
|
|t:|1776085749
|switch|p1a: The "Savior"|Dragonite, M, shiny|100/100
|turn|25
|
|t:|1776085751
|switch|p2a: Gholdengo|Gholdengo|100/100
|-item|p2a: Gholdengo|Air Balloon
|move|p1a: The "Savior"|Dragon Dance|p1a: The "Savior"
|-boost|p1a: The "Savior"|atk|1
|-boost|p1a: The "Savior"|spe|1
|
|upkeep
|turn|26
|
|t:|1776085764
|move|p1a: The "Savior"|Ice Spinner|p2a: Gholdengo
|-resisted|p2a: Gholdengo
|-damage|p2a: Gholdengo|77/100
|-enditem|p2a: Gholdengo|Air Balloon
|move|p2a: Gholdengo|Nasty Plot|p2a: Gholdengo
|-boost|p2a: Gholdengo|spa|2
|
|upkeep
|turn|27
|
|t:|1776085768
|-terastallize|p2a: Gholdengo|Flying
|move|p1a: The "Savior"|Earthquake|p2a: Gholdengo
|-immune|p2a: Gholdengo
|move|p2a: Gholdengo|Shadow Ball|p1a: The "Savior"
|-crit|p1a: The "Savior"
|-damage|p1a: The "Savior"|26/100
|
|upkeep
|turn|28
|
|t:|1776085775
|move|p1a: The "Savior"|Extreme Speed|p2a: Gholdengo
|-damage|p2a: Gholdengo|33/100
|move|p2a: Gholdengo|Shadow Ball|p1a: The "Savior"
|-damage|p1a: The "Savior"|0 fnt
|faint|p1a: The "Savior"
|
|win|darkmaskedman
|raw|MrPr1ce's rating: 1360 &rarr; <strong>1340</strong><br />(-20 for losing)
|raw|darkmaskedman's rating: 1366 &rarr; <strong>1386</strong><br />(+20 for winning)
|l|☆MrPr1ce
|player|p1|
|l|☆darkmaskedman
|player|p2|
