|html|<div class="broadcast-blue"><strong>[Gen 9] OU is currently suspecting Tera Blast! For information on how to participate check out the <a href="https://www.smogon.com/tools/suspects/view/200">suspect thread</a>.</strong></div>
|j|☆TRYN1TY
|j|☆ming nao
|t:|1776053779
|gametype|singles
|player|p1|TRYN1TY|n|1083
|player|p2|ming nao|palmer|1102
|gen|9
|tier|[Gen 9] OU
|rated|
|rule|HP Percentage Mod: HP is shown in percentages
|rule|Endless Battle Clause: Forcing endless battles is banned
|rule|Species Clause: Limit one of each Pokémon
|rule|OHKO Clause: OHKO moves are banned
|rule|Evasion Items Clause: Evasion items are banned
|rule|Evasion Moves Clause: Evasion moves are banned
|rule|Evasion Abilities Clause: Evasion abilities are banned
|rule|Sleep Moves Clause: Sleep-inducing moves are banned
|clearpoke
|poke|p1|Amoonguss, F|
|poke|p1|Meowscarada, M|
|poke|p1|Rillaboom, M|
|poke|p1|Sceptile, M|
|poke|p1|Scovillain, M|
|poke|p1|Rotom-Mow|
|poke|p2|Zangoose, M|
|poke|p2|Quaquaval, F|
|poke|p2|Forretress, M|
|poke|p2|Clodsire, F|
|poke|p2|Skeledirge, F|
|poke|p2|Lokix, F|
|teampreview
|inactive|Battle timer is ON: inactive players will automatically lose when time's up. (requested by ming nao)
|
|t:|1776053788
|teamsize|p1|6
|teamsize|p2|6
|start
|switch|p1a: Amoonguss|Amoonguss, F, shiny|100/100
|switch|p2a: Forretress|Forretress, M|100/100
|turn|1
|
|t:|1776053796
|move|p2a: Forretress|Stealth Rock|p1a: Amoonguss
|-sidestart|p1: TRYN1TY|move: Stealth Rock
|move|p1a: Amoonguss|Sunny Day|p1a: Amoonguss
|-weather|SunnyDay
|
|-weather|SunnyDay|[upkeep]
|upkeep
|turn|2
|
|t:|1776053823
|switch|p1a: Scovillain|Scovillain, M|100/100
|-damage|p1a: Scovillain|76/100|[from] Stealth Rock
|move|p2a: Forretress|Reflect|p2a: Forretress
|-sidestart|p2: ming nao|Reflect
|
|-weather|SunnyDay|[upkeep]
|upkeep
|turn|3
|
|t:|1776053835
|switch|p2a: Skeledirge|Skeledirge, F|100/100
|move|p1a: Scovillain|Overheat|p2a: Skeledirge
|-resisted|p2a: Skeledirge
|-damage|p2a: Skeledirge|43/100
|-unboost|p1a: Scovillain|spa|2
|-damage|p1a: Scovillain|66/100|[from] item: Life Orb
|
|-weather|SunnyDay|[upkeep]
|upkeep
|turn|4
|inactive|TRYN1TY has 120 seconds left.
|
|t:|1776053852
|move|p1a: Scovillain|Zen Headbutt|p2a: Skeledirge
|-damage|p2a: Skeledirge|30/100
|-damage|p1a: Scovillain|56/100|[from] item: Life Orb
|move|p2a: Skeledirge|Torch Song|p1a: Scovillain
|-damage|p1a: Scovillain|0 fnt
|-boost|p2a: Skeledirge|spa|1
|faint|p1a: Scovillain
|
|-weather|SunnyDay|[upkeep]
|upkeep
|inactive|TRYN1TY has 120 seconds left.
|
|t:|1776053867
|switch|p1a: Meowscarada|Meowscarada, M, shiny|100/100
|turn|5
|
|t:|1776053876
|switch|p2a: Forretress|Forretress, M|100/100
|move|p1a: Meowscarada|Sucker Punch||[still]
|-fail|p1a: Meowscarada
|
|-weather|none
|upkeep
|turn|6
|inactive|TRYN1TY has 120 seconds left.
|
|t:|1776053900
|move|p1a: Meowscarada|U-turn|p2a: Forretress
|-start|p1a: Meowscarada|typechange|Bug|[from] ability: Protean
|-resisted|p2a: Forretress
|-damage|p2a: Forretress|96/100
|
|t:|1776053908
|switch|p1a: Byrak|Rillaboom, M|100/100|[from] U-turn
|-damage|p1a: Byrak|88/100|[from] Stealth Rock
|move|p2a: Forretress|Spikes|p1a: Byrak
|-sidestart|p1: TRYN1TY|Spikes
|
|-heal|p2a: Forretress|100/100|[from] item: Leftovers
|-sideend|p2: ming nao|Reflect
|upkeep
|turn|7
|
|t:|1776053922
|move|p1a: Byrak|Knock Off|p2a: Forretress
|-damage|p2a: Forretress|72/100
|-enditem|p2a: Forretress|Leftovers|[from] move: Knock Off|[of] p1a: Byrak
|move|p2a: Forretress|Reflect|p2a: Forretress
|-sidestart|p2: ming nao|Reflect
|
|upkeep
|turn|8
|
|t:|1776053930
|move|p1a: Byrak|Knock Off|p2a: Forretress
|-damage|p2a: Forretress|62/100
|move|p2a: Forretress|Spikes|p1a: Byrak
|-sidestart|p1: TRYN1TY|Spikes
|
|upkeep
|turn|9
|
|t:|1776053935
|move|p1a: Byrak|Knock Off|p2a: Forretress
|-damage|p2a: Forretress|52/100
|move|p2a: Forretress|Spikes|p1a: Byrak
|-sidestart|p1: TRYN1TY|Spikes
|
|upkeep
|turn|10
|inactive|TRYN1TY has 120 seconds left.
|
|t:|1776053941
|move|p1a: Byrak|Knock Off|p2a: Forretress
|-damage|p2a: Forretress|43/100
|move|p2a: Forretress|Counter|p1a: Byrak
|-damage|p1a: Byrak|72/100
|
|upkeep
|turn|11
|
|t:|1776053947
|move|p1a: Byrak|Knock Off|p2a: Forretress
|-damage|p2a: Forretress|33/100
|move|p2a: Forretress|Counter|p1a: Byrak
|-damage|p1a: Byrak|55/100
|
|-sideend|p2: ming nao|Reflect
|upkeep
|turn|12
|
|t:|1776053954
|move|p1a: Byrak|Knock Off|p2a: Forretress
|-damage|p2a: Forretress|13/100
|move|p2a: Forretress|Counter|p1a: Byrak
|-damage|p1a: Byrak|21/100
|
|upkeep
|turn|13
|
|t:|1776053960
|move|p1a: Byrak|Knock Off|p2a: Forretress
|-damage|p2a: Forretress|0 fnt
|faint|p2a: Forretress
|
|upkeep
|
|t:|1776053974
|switch|p2a: Clodsire|Clodsire, F|100/100
|turn|14
|
|t:|1776053998
|switch|p1a: Amoonguss|Amoonguss, F, shiny|100/100
|-damage|p1a: Amoonguss|88/100|[from] Stealth Rock
|-damage|p1a: Amoonguss|63/100|[from] Spikes
|move|p2a: Clodsire|Toxic|p1a: Amoonguss
|-immune|p1a: Amoonguss
|
|-heal|p1a: Amoonguss|69/100|[from] item: Black Sludge
|upkeep
|turn|15
|
|t:|1776054013
|switch|p2a: Zangoose|Zangoose, M|100/100
|move|p1a: Amoonguss|Sunny Day|p1a: Amoonguss
|-weather|SunnyDay
|
|-weather|SunnyDay|[upkeep]
|-heal|p1a: Amoonguss|75/100|[from] item: Black Sludge
|-status|p2a: Zangoose|tox|[from] item: Toxic Orb
|upkeep
|turn|16
|
|t:|1776054025
|-terastallize|p2a: Zangoose|Normal
|move|p2a: Zangoose|Facade|p1a: Amoonguss
|-damage|p1a: Amoonguss|0 fnt
|faint|p1a: Amoonguss
|
|-weather|SunnyDay|[upkeep]
|-damage|p2a: Zangoose|94/100 tox|[from] psn
|upkeep
|
|t:|1776054034
|switch|p1a: Sceptile|Sceptile, M|100/100
|-damage|p1a: Sceptile|88/100|[from] Stealth Rock
|-damage|p1a: Sceptile|63/100|[from] Spikes
|turn|17
|
|t:|1776054043
|move|p1a: Sceptile|Solar Beam||[still]
|-prepare|p1a: Sceptile|Solar Beam
|-anim|p1a: Sceptile|Solar Beam|p2a: Zangoose
|-damage|p2a: Zangoose|0 fnt
|faint|p2a: Zangoose
|-damage|p1a: Sceptile|53/100|[from] item: Life Orb
|
|-weather|SunnyDay|[upkeep]
|upkeep
|
|t:|1776054050
|switch|p2a: Lokix|Lokix, F|100/100
|turn|18
|
|t:|1776054069
|move|p2a: Lokix|First Impression|p1a: Sceptile
|-supereffective|p1a: Sceptile
|-damage|p1a: Sceptile|0 fnt
|faint|p1a: Sceptile
|
|-weather|SunnyDay|[upkeep]
|upkeep
|
|t:|1776054089
|switch|p1a: Meowscarada|Meowscarada, M, shiny|100/100
|turn|19
|
|t:|1776054095
|move|p1a: Meowscarada|Play Rough|p2a: Lokix
|-start|p1a: Meowscarada|typechange|Fairy|[from] ability: Protean
|-supereffective|p2a: Lokix
|-enditem|p2a: Lokix|Focus Sash
|-damage|p2a: Lokix|1/100
|move|p2a: Lokix|U-turn|p1a: Meowscarada
|-resisted|p1a: Meowscarada
|-damage|p1a: Meowscarada|52/100
|
|t:|1776054106
|switch|p2a: Clodsire|Clodsire, F|100/100|[from] U-turn
|
|-weather|none
|upkeep
|turn|20
|
|t:|1776054120
|move|p1a: Meowscarada|U-turn|p2a: Clodsire
|-resisted|p2a: Clodsire
|-damage|p2a: Clodsire|87/100
|
|t:|1776054128
|switch|p1a: Rotom|Rotom-Mow, shiny|100/100|[from] U-turn
|move|p2a: Clodsire|Chilling Water|p1a: Rotom
|-resisted|p1a: Rotom
|-damage|p1a: Rotom|97/100
|-unboost|p1a: Rotom|atk|1
|
|-heal|p2a: Clodsire|93/100|[from] item: Leftovers
|upkeep
|turn|21
|
|t:|1776054144
|move|p1a: Rotom|Sunny Day|p1a: Rotom
|-weather|SunnyDay
|move|p2a: Clodsire|Toxic Spikes|p1a: Rotom
|-sidestart|p1: TRYN1TY|move: Toxic Spikes
|
|-weather|SunnyDay|[upkeep]
|-heal|p2a: Clodsire|99/100|[from] item: Leftovers
|upkeep
|turn|22
|
|t:|1776054152
|move|p1a: Rotom|Foul Play|p2a: Clodsire
|-damage|p2a: Clodsire|83/100
|move|p2a: Clodsire|Toxic Spikes|p1a: Rotom
|-sidestart|p1: TRYN1TY|move: Toxic Spikes
|
|-weather|SunnyDay|[upkeep]
|-heal|p2a: Clodsire|89/100|[from] item: Leftovers
|upkeep
|turn|23
|
|t:|1776054163
|move|p1a: Rotom|Will-O-Wisp|p2a: Clodsire|[miss]
|-miss|p1a: Rotom|p2a: Clodsire
|move|p2a: Clodsire|Toxic|p1a: Rotom
|-status|p1a: Rotom|tox
|
|-weather|SunnyDay|[upkeep]
|-heal|p2a: Clodsire|95/100|[from] item: Leftovers
|-damage|p1a: Rotom|91/100 tox|[from] psn
|upkeep
|turn|24
|
|t:|1776054172
|switch|p2a: Skeledirge|Skeledirge, F|30/100
|move|p1a: Rotom|Will-O-Wisp|p2a: Skeledirge
|-immune|p2a: Skeledirge
|
|-weather|SunnyDay|[upkeep]
|-damage|p1a: Rotom|78/100 tox|[from] psn
|upkeep
|turn|25
|
|t:|1776054183
|move|p1a: Rotom|Foul Play|p2a: Skeledirge
|-supereffective|p2a: Skeledirge
|-damage|p2a: Skeledirge|8/100
|move|p2a: Skeledirge|Hex|p1a: Rotom
|-damage|p1a: Rotom|17/100 tox
|
|-weather|none
|-damage|p1a: Rotom|0 fnt|[from] psn
|faint|p1a: Rotom
|upkeep
|
|t:|1776054196
|switch|p1a: Meowscarada|Meowscarada, M, shiny|52/100
|turn|26
|
|t:|1776054206
|switch|p2a: Lokix|Lokix, F|1/100
|move|p1a: Meowscarada|Sucker Punch||[still]
|-fail|p1a: Meowscarada
|
|upkeep
|turn|27
|
|t:|1776054216
|move|p2a: Lokix|First Impression|p1a: Meowscarada
|-supereffective|p1a: Meowscarada
|-damage|p1a: Meowscarada|0 fnt
|faint|p1a: Meowscarada
|
|upkeep
|
|t:|1776054222
|switch|p1a: Byrak|Rillaboom, M|21/100
|-damage|p1a: Byrak|8/100|[from] Stealth Rock
|-damage|p1a: Byrak|0 fnt|[from] Spikes
|faint|p1a: Byrak
|
|win|ming nao
|raw|TRYN1TY's rating: 1083 &rarr; <strong>1062</strong><br />(-21 for losing)
|raw|ming nao's rating: 1102 &rarr; <strong>1126</strong><br />(+24 for winning)
|l|☆ming nao
|player|p2|
|l|☆TRYN1TY
|player|p1|
