|html|<div class="broadcast-blue"><strong>[Gen 9] OU is currently suspecting Tera Blast! For information on how to participate check out the <a href="https://www.smogon.com/tools/suspects/view/200">suspect thread</a>.</strong></div>
|j|☆seilakkj
|j|☆Virid18
|t:|1776045723
|gametype|singles
|player|p1|seilakkj|sabrina|1099
|player|p2|Virid18|101|1082
|gen|9
|tier|[Gen 9] OU
|rated|
|rule|HP Percentage Mod: HP is shown in percentages
|rule|Endless Battle Clause: Forcing endless battles is banned
|rule|Species Clause: Limit one of each Pokémon
|rule|OHKO Clause: OHKO moves are banned
|rule|Evasion Items Clause: Evasion items are banned
|rule|Evasion Moves Clause: Evasion moves are banned
|rule|Evasion Abilities Clause: Evasion abilities are banned
|rule|Sleep Moves Clause: Sleep-inducing moves are banned
|clearpoke
|poke|p1|Meowscarada, M|
|poke|p1|Rillaboom, M|
|poke|p1|Primarina, F|
|poke|p1|Ceruledge, F|
|poke|p1|Alomomola, M|
|poke|p1|Weavile, M|
|poke|p2|Milotic, F|
|poke|p2|Ursaluna, F|
|poke|p2|Glimmora, F|
|poke|p2|Cinderace, F|
|poke|p2|Gliscor, M|
|poke|p2|Perrserker, F|
|teampreview
|inactive|Battle timer is ON: inactive players will automatically lose when time's up. (requested by Virid18)
|
|t:|1776045743
|teamsize|p1|6
|teamsize|p2|6
|start
|switch|p1a: Rillaboom|Rillaboom, M|100/100
|switch|p2a: Glimmora|Glimmora, F|100/100
|-fieldstart|move: Grassy Terrain|[from] ability: Grassy Surge|[of] p1a: Rillaboom
|turn|1
|
|t:|1776045763
|switch|p1a: Alomomola|Alomomola, M|100/100
|move|p2a: Glimmora|Light Screen|p2a: Glimmora
|-sidestart|p2: Virid18|move: Light Screen
|
|upkeep
|turn|2
|
|t:|1776045769
|move|p2a: Glimmora|Mortal Spin|p1a: Alomomola
|-damage|p1a: Alomomola|97/100
|-status|p1a: Alomomola|psn
|move|p1a: Alomomola|Scald|p2a: Glimmora
|-supereffective|p2a: Glimmora
|-damage|p2a: Glimmora|84/100
|
|-heal|p2a: Glimmora|90/100|[from] Grassy Terrain
|-heal|p1a: Alomomola|100/100 psn|[from] Grassy Terrain
|-damage|p1a: Alomomola|88/100 psn|[from] psn
|upkeep
|turn|3
|
|t:|1776045781
|move|p2a: Glimmora|Toxic Spikes|p1a: Alomomola
|-sidestart|p1: seilakkj|move: Toxic Spikes
|move|p1a: Alomomola|Flip Turn|p2a: Glimmora
|-supereffective|p2a: Glimmora
|-damage|p2a: Glimmora|56/100
|-damage|p1a: Alomomola|71/100 psn|[from] item: Rocky Helmet|[of] p2a: Glimmora
|-activate|p2a: Glimmora|ability: Toxic Debris
|-sidestart|p1: seilakkj|move: Toxic Spikes
|
|t:|1776045790
|switch|p1a: Primarina|Primarina, F|100/100|[from] Flip Turn
|-status|p1a: Primarina|tox
|
|-heal|p2a: Glimmora|62/100|[from] Grassy Terrain
|-damage|p1a: Primarina|94/100 tox|[from] psn
|upkeep
|turn|4
|
|t:|1776045799
|move|p2a: Glimmora|Power Gem|p1a: Primarina
|-damage|p1a: Primarina|73/100 tox
|move|p1a: Primarina|Surf|p2a: Glimmora
|-supereffective|p2a: Glimmora
|-damage|p2a: Glimmora|0 fnt
|faint|p2a: Glimmora
|
|-heal|p1a: Primarina|79/100 tox|[from] Grassy Terrain
|-damage|p1a: Primarina|67/100 tox|[from] psn
|upkeep
|
|t:|1776045812
|switch|p2a: Perrserker|Perrserker, F|100/100
|turn|5
|
|t:|1776045824
|switch|p1a: Alomomola|Alomomola, M|100/100 psn
|move|p2a: Perrserker|Crunch|p1a: Alomomola
|-damage|p1a: Alomomola|78/100 psn
|-unboost|p1a: Alomomola|def|1
|
|-heal|p1a: Alomomola|84/100 psn|[from] Grassy Terrain
|-damage|p1a: Alomomola|71/100 psn|[from] psn
|-sideend|p2: Virid18|move: Light Screen
|-fieldend|move: Grassy Terrain
|upkeep
|turn|6
|
|t:|1776045843
|move|p1a: Alomomola|Flip Turn|p2a: Perrserker
|-damage|p2a: Perrserker|86/100
|
|t:|1776045851
|switch|p1a: Primarina|Primarina, F|67/100 tox|[from] Flip Turn
|move|p2a: Perrserker|Crunch|p1a: Primarina
|-resisted|p1a: Primarina
|-damage|p1a: Primarina|38/100 tox
|-unboost|p1a: Primarina|def|1
|
|-damage|p1a: Primarina|32/100 tox|[from] psn
|upkeep
|turn|7
|
|t:|1776045865
|switch|p1a: Alomomola|Alomomola, M|100/100 psn
|move|p2a: Perrserker|Crunch|p1a: Alomomola
|-damage|p1a: Alomomola|79/100 psn
|
|-damage|p1a: Alomomola|67/100 psn|[from] psn
|upkeep
|turn|8
|
|t:|1776045873
|move|p1a: Alomomola|Scald|p2a: Perrserker
|-damage|p2a: Perrserker|64/100
|-status|p2a: Perrserker|brn
|move|p2a: Perrserker|Crunch|p1a: Alomomola
|-damage|p1a: Alomomola|56/100 psn
|-unboost|p1a: Alomomola|def|1
|
|-damage|p1a: Alomomola|43/100 psn|[from] psn
|-damage|p2a: Perrserker|58/100 brn|[from] brn
|upkeep
|turn|9
|
|t:|1776045885
|move|p1a: Alomomola|Scald|p2a: Perrserker
|-damage|p2a: Perrserker|37/100 brn
|move|p2a: Perrserker|Crunch|p1a: Alomomola
|-damage|p1a: Alomomola|27/100 psn
|
|-damage|p1a: Alomomola|15/100 psn|[from] psn
|-damage|p2a: Perrserker|31/100 brn|[from] brn
|upkeep
|turn|10
|
|t:|1776045898
|move|p1a: Alomomola|Scald|p2a: Perrserker
|-damage|p2a: Perrserker|10/100 brn
|move|p2a: Perrserker|Crunch|p1a: Alomomola
|-damage|p1a: Alomomola|0 fnt
|faint|p1a: Alomomola
|
|-damage|p2a: Perrserker|4/100 brn|[from] brn
|upkeep
|
|t:|1776045919
|switch|p1a: Ceruledge|Ceruledge, F|100/100
|-status|p1a: Ceruledge|tox
|turn|11
|
|t:|1776045924
|move|p1a: Ceruledge|Shadow Sneak|p2a: Perrserker
|-damage|p2a: Perrserker|0 fnt
|faint|p2a: Perrserker
|-damage|p1a: Ceruledge|91/100 tox|[from] item: Life Orb
|
|-damage|p1a: Ceruledge|84/100 tox|[from] psn
|upkeep
|
|t:|1776045933
|switch|p2a: Ursaluna|Ursaluna, F|100/100
|turn|12
|
|t:|1776045942
|move|p1a: Ceruledge|Bitter Blade|p2a: Ursaluna
|-damage|p2a: Ursaluna|61/100
|-heal|p1a: Ceruledge|100/100 tox|[from] drain|[of] p2a: Ursaluna
|-damage|p1a: Ceruledge|91/100 tox|[from] item: Life Orb
|move|p2a: Ursaluna|Earthquake|p1a: Ceruledge
|-supereffective|p1a: Ceruledge
|-damage|p1a: Ceruledge|0 fnt
|faint|p1a: Ceruledge
|
|upkeep
|
|t:|1776045954
|switch|p1a: Rillaboom|Rillaboom, M|100/100
|-status|p1a: Rillaboom|tox
|-fieldstart|move: Grassy Terrain|[from] ability: Grassy Surge|[of] p1a: Rillaboom
|turn|13
|
|t:|1776045961
|-terastallize|p2a: Ursaluna|Ghost
|move|p1a: Rillaboom|Grassy Glide|p2a: Ursaluna
|-damage|p2a: Ursaluna|25/100
|-enditem|p2a: Ursaluna|Sitrus Berry|[eat]
|-heal|p2a: Ursaluna|50/100|[from] item: Sitrus Berry
|-damage|p1a: Rillaboom|91/100 tox|[from] item: Life Orb
|move|p2a: Ursaluna|Avalanche|p1a: Rillaboom
|-supereffective|p1a: Rillaboom
|-damage|p1a: Rillaboom|0 fnt
|faint|p1a: Rillaboom
|
|-heal|p2a: Ursaluna|57/100|[from] Grassy Terrain
|upkeep
|
|t:|1776045977
|switch|p1a: Meowscarada|Meowscarada, M, shiny|100/100
|turn|14
|
|t:|1776045983
|-terastallize|p1a: Meowscarada|Grass
|move|p1a: Meowscarada|Flower Trick|p2a: Ursaluna
|-crit|p2a: Ursaluna
|-damage|p2a: Ursaluna|0 fnt
|faint|p2a: Ursaluna
|
|upkeep
|
|t:|1776046003
|switch|p2a: Cinderace|Cinderace, F|100/100
|turn|15
|
|t:|1776046016
|switch|p1a: Primarina|Primarina, F|32/100 tox
|move|p2a: Cinderace|Pyro Ball|p1a: Primarina
|-resisted|p1a: Primarina
|-damage|p1a: Primarina|0 fnt
|faint|p1a: Primarina
|
|upkeep
|
|t:|1776046022
|switch|p1a: Weavile|Weavile, M|100/100
|-ability|p1a: Weavile|Pressure
|turn|16
|
|t:|1776046031
|move|p2a: Cinderace|Pyro Ball|p1a: Weavile
|-supereffective|p1a: Weavile
|-damage|p1a: Weavile|0 fnt
|faint|p1a: Weavile
|
|upkeep
|
|t:|1776046036
|switch|p1a: Meowscarada|Meowscarada, M, shiny, tera:Grass|100/100
|turn|17
|
|t:|1776046040
|move|p2a: Cinderace|Pyro Ball|p1a: Meowscarada
|-supereffective|p1a: Meowscarada
|-damage|p1a: Meowscarada|0 fnt
|faint|p1a: Meowscarada
|
|win|Virid18
|raw|seilakkj's rating: 1099 &rarr; <strong>1073</strong><br />(-26 for losing)
|raw|Virid18's rating: 1082 &rarr; <strong>1111</strong><br />(+29 for winning)
|l|☆seilakkj
|player|p1|
|l|☆Virid18
|player|p2|
