|html|<div class="broadcast-blue"><strong>[Gen 9] OU is currently suspecting Volcarona! For information on how to participate check out the <a href="https://www.smogon.com/tools/suspects/view/208">suspect thread</a>.</strong></div>
|j|☆silverjay#2240
|j|☆jewofjwe98
|t:|1778498296
|gametype|singles
|player|p1|silverjay#2240|101|1311
|player|p2|jewofjwe98|2|1318
|gen|9
|tier|[Gen 9] OU
|rated|
|rule|HP Percentage Mod: HP is shown in percentages
|rule|Endless Battle Clause: Forcing endless battles is banned
|rule|Species Clause: Limit one of each Pokémon
|rule|OHKO Clause: OHKO moves are banned
|rule|Evasion Items Clause: Evasion items are banned
|rule|Evasion Moves Clause: Evasion moves are banned
|rule|Evasion Abilities Clause: Evasion abilities are banned
|rule|Sleep Moves Clause: Sleep-inducing moves are banned
|clearpoke
|poke|p1|Garganacl, F|
|poke|p1|Great Tusk|
|poke|p1|Hydrapple, F|
|poke|p1|Darkrai|
|poke|p1|Alomomola, F|
|poke|p1|Clodsire, F|
|poke|p2|Dondozo, F|
|poke|p2|Blissey, F|
|poke|p2|Gliscor, M|
|poke|p2|Toxapex, F|
|poke|p2|Mandibuzz, F|
|poke|p2|Talonflame, F|
|teampreview
|
|t:|1778498338
|teamsize|p1|6
|teamsize|p2|6
|start
|switch|p1a: Darkrai|Darkrai|100/100
|switch|p2a: Gliscor|Gliscor, M|100/100
|turn|1
|
|t:|1778498344
|move|p2a: Gliscor|Protect|p2a: Gliscor
|-singleturn|p2a: Gliscor|Protect
|move|p1a: Darkrai|Ice Beam|p2a: Gliscor
|-activate|p2a: Gliscor|move: Protect
|
|-status|p2a: Gliscor|tox|[from] item: Toxic Orb
|upkeep
|turn|2
|
|t:|1778498356
|switch|p1a: Clodsire|Clodsire, F|100/100
|switch|p2a: Blissey|Blissey, F|100/100
|
|upkeep
|turn|3
|
|t:|1778498374
|move|p2a: Blissey|Stealth Rock|p1a: Clodsire
|-sidestart|p1: silverjay#2240|move: Stealth Rock
|move|p1a: Clodsire|Spikes|p2a: Blissey
|-sidestart|p2: jewofjwe98|Spikes
|
|upkeep
|turn|4
|
|t:|1778498385
|switch|p2a: Gliscor|Gliscor, M|100/100 tox
|switch|p1a: Garganacl|Garganacl, F|100/100
|-damage|p1a: Garganacl|88/100|[from] Stealth Rock
|
|-heal|p1a: Garganacl|94/100|[from] item: Leftovers
|upkeep
|turn|5
|
|t:|1778498394
|move|p2a: Gliscor|Knock Off|p1a: Garganacl
|-damage|p1a: Garganacl|81/100
|-enditem|p1a: Garganacl|Leftovers|[from] move: Knock Off|[of] p2a: Gliscor
|move|p1a: Garganacl|Salt Cure|p2a: Gliscor
|-damage|p2a: Gliscor|90/100 tox
|-start|p2a: Gliscor|Salt Cure
|
|-heal|p2a: Gliscor|100/100 tox|[from] ability: Poison Heal
|-damage|p2a: Gliscor|88/100 tox|[from] Salt Cure
|upkeep
|turn|6
|
|t:|1778498401
|switch|p1a: Darkrai|Darkrai|100/100
|-damage|p1a: Darkrai|88/100|[from] Stealth Rock
|move|p2a: Gliscor|Earthquake|p1a: Darkrai
|-damage|p1a: Darkrai|42/100
|
|-heal|p2a: Gliscor|100/100 tox|[from] ability: Poison Heal
|-damage|p2a: Gliscor|88/100 tox|[from] Salt Cure
|upkeep
|turn|7
|
|t:|1778498413
|switch|p1a: the undying|Alomomola, F|100/100
|-damage|p1a: the undying|88/100|[from] Stealth Rock
|move|p2a: Gliscor|Protect||[still]
|-fail|p2a: Gliscor
|
|-heal|p2a: Gliscor|100/100 tox|[from] ability: Poison Heal
|-damage|p2a: Gliscor|88/100 tox|[from] Salt Cure
|upkeep
|turn|8
|
|t:|1778498423
|move|p1a: the undying|Protect|p1a: the undying
|-singleturn|p1a: the undying|Protect
|move|p2a: Gliscor|Knock Off|p1a: the undying
|-activate|p1a: the undying|move: Protect
|
|-heal|p2a: Gliscor|100/100 tox|[from] ability: Poison Heal
|-damage|p2a: Gliscor|88/100 tox|[from] Salt Cure
|upkeep
|turn|9
|
|t:|1778498428
|move|p2a: Gliscor|Knock Off|p1a: the undying
|-damage|p1a: the undying|78/100
|-damage|p2a: Gliscor|72/100 tox|[from] item: Rocky Helmet|[of] p1a: the undying
|-enditem|p1a: the undying|Rocky Helmet|[from] move: Knock Off|[of] p2a: Gliscor
|move|p1a: the undying|Flip Turn|p2a: Gliscor
|-supereffective|p2a: Gliscor
|-damage|p2a: Gliscor|49/100 tox
|
|t:|1778498436
|switch|p1a: Garganacl|Garganacl, F|81/100|[from] Flip Turn
|-damage|p1a: Garganacl|69/100|[from] Stealth Rock
|
|-heal|p2a: Gliscor|62/100 tox|[from] ability: Poison Heal
|-damage|p2a: Gliscor|49/100 tox|[from] Salt Cure
|upkeep
|turn|10
|
|t:|1778498443
|switch|p2a: Toxapex|Toxapex, F|100/100
|-damage|p2a: Toxapex|88/100|[from] Spikes
|move|p1a: Garganacl|Salt Cure|p2a: Toxapex
|-damage|p2a: Toxapex|78/100
|-start|p2a: Toxapex|Salt Cure
|
|-heal|p2a: Toxapex|84/100|[from] item: Black Sludge
|-damage|p2a: Toxapex|59/100|[from] Salt Cure
|upkeep
|turn|11
|
|t:|1778498448
|move|p1a: Garganacl|Curse|p1a: Garganacl
|-unboost|p1a: Garganacl|spe|1
|-boost|p1a: Garganacl|atk|1
|-boost|p1a: Garganacl|def|1
|move|p2a: Toxapex|Toxic Spikes|p1a: Garganacl
|-sidestart|p1: silverjay#2240|move: Toxic Spikes
|
|-heal|p2a: Toxapex|66/100|[from] item: Black Sludge
|-damage|p2a: Toxapex|41/100|[from] Salt Cure
|upkeep
|turn|12
|
|t:|1778498453
|switch|p2a: Gliscor|Gliscor, M|49/100 tox
|move|p1a: Garganacl|Recover|p1a: Garganacl
|-heal|p1a: Garganacl|100/100
|
|-heal|p2a: Gliscor|62/100 tox|[from] ability: Poison Heal
|upkeep
|turn|13
|
|t:|1778498459
|move|p2a: Gliscor|Protect|p2a: Gliscor
|-singleturn|p2a: Gliscor|Protect
|move|p1a: Garganacl|Salt Cure|p2a: Gliscor
|-activate|p2a: Gliscor|move: Protect
|
|-heal|p2a: Gliscor|74/100 tox|[from] ability: Poison Heal
|upkeep
|turn|14
|
|t:|1778498474
|switch|p2a: Dondozo|Dondozo, F|100/100
|-damage|p2a: Dondozo|88/100|[from] Spikes
|move|p1a: Garganacl|Salt Cure|p2a: Dondozo
|-damage|p2a: Dondozo|82/100
|-start|p2a: Dondozo|Salt Cure
|
|-heal|p2a: Dondozo|88/100|[from] item: Leftovers
|-damage|p2a: Dondozo|64/100|[from] Salt Cure
|upkeep
|turn|15
|
|t:|1778498496
|switch|p1a: the undying|Alomomola, F|100/100
|-damage|p1a: the undying|88/100|[from] Stealth Rock
|-status|p1a: the undying|psn
|-terastallize|p2a: Dondozo|Dragon
|move|p2a: Dondozo|Body Press|p1a: the undying
|-damage|p1a: the undying|74/100 psn
|
|-heal|p2a: Dondozo|70/100|[from] item: Leftovers
|-damage|p1a: the undying|61/100 psn|[from] psn
|-damage|p2a: Dondozo|57/100|[from] Salt Cure
|upkeep
|turn|16
|
|t:|1778498519
|switch|p2a: Gliscor|Gliscor, M|74/100 tox
|move|p1a: the undying|Wish|p1a: the undying
|
|-heal|p2a: Gliscor|87/100 tox|[from] ability: Poison Heal
|-damage|p1a: the undying|49/100 psn|[from] psn
|upkeep
|turn|17
|
|t:|1778498524
|switch|p1a: Darkrai|Darkrai|42/100
|-damage|p1a: Darkrai|30/100|[from] Stealth Rock
|-status|p1a: Darkrai|psn
|move|p2a: Gliscor|Spikes|p1a: Darkrai
|-sidestart|p1: silverjay#2240|Spikes
|
|-heal|p1a: Darkrai|100/100 psn|[from] move: Wish|[wisher] the undying
|-damage|p1a: Darkrai|88/100 psn|[from] psn
|-heal|p2a: Gliscor|99/100 tox|[from] ability: Poison Heal
|upkeep
|turn|18
|
|t:|1778498539
|move|p2a: Gliscor|Protect|p2a: Gliscor
|-singleturn|p2a: Gliscor|Protect
|move|p1a: Darkrai|Ice Beam|p2a: Gliscor
|-activate|p2a: Gliscor|move: Protect
|
|-damage|p1a: Darkrai|76/100 psn|[from] psn
|-heal|p2a: Gliscor|100/100 tox|[from] ability: Poison Heal
|upkeep
|turn|19
|
|t:|1778498544
|switch|p1a: the undying|Alomomola, F|82/100 psn
|-damage|p1a: the undying|70/100 psn|[from] Stealth Rock
|-damage|p1a: the undying|57/100 psn|[from] Spikes
|switch|p2a: Blissey|Blissey, F|100/100
|-damage|p2a: Blissey|88/100|[from] Spikes
|
|-heal|p2a: Blissey|94/100|[from] item: Leftovers
|-damage|p1a: the undying|45/100 psn|[from] psn
|upkeep
|turn|20
|
|t:|1778498549
|move|p2a: Blissey|Seismic Toss|p1a: the undying
|-damage|p1a: the undying|26/100 psn
|move|p1a: the undying|Wish|p1a: the undying
|
|-heal|p2a: Blissey|100/100|[from] item: Leftovers
|-damage|p1a: the undying|14/100 psn|[from] psn
|upkeep
|turn|21
|
|t:|1778498556
|move|p1a: the undying|Protect|p1a: the undying
|-singleturn|p1a: the undying|Protect
|move|p2a: Blissey|Seismic Toss|p1a: the undying
|-activate|p1a: the undying|move: Protect
|
|-heal|p1a: the undying|64/100 psn|[from] move: Wish|[wisher] the undying
|-damage|p1a: the undying|52/100 psn|[from] psn
|upkeep
|turn|22
|
|t:|1778498562
|switch|p2a: Toxapex|Toxapex, F|74/100
|-damage|p2a: Toxapex|61/100|[from] Spikes
|move|p1a: the undying|Wish|p1a: the undying
|
|-heal|p2a: Toxapex|68/100|[from] item: Black Sludge
|-damage|p1a: the undying|39/100 psn|[from] psn
|upkeep
|turn|23
|
|t:|1778498571
|switch|p1a: Darkrai|Darkrai|76/100 psn
|-damage|p1a: Darkrai|63/100 psn|[from] Stealth Rock
|-damage|p1a: Darkrai|51/100 psn|[from] Spikes
|move|p2a: Toxapex|Surf|p1a: Darkrai
|-damage|p1a: Darkrai|27/100 psn
|
|-heal|p1a: Darkrai|100/100 psn|[from] move: Wish|[wisher] the undying
|-heal|p2a: Toxapex|74/100|[from] item: Black Sludge
|-damage|p1a: Darkrai|88/100 psn|[from] psn
|upkeep
|turn|24
|
|t:|1778498580
|move|p1a: Darkrai|Trick|p2a: Toxapex
|-activate|p1a: Darkrai|move: Trick|[of] p2a: Toxapex
|-item|p2a: Toxapex|Choice Scarf|[from] move: Trick
|-item|p1a: Darkrai|Black Sludge|[from] move: Trick
|move|p2a: Toxapex|Surf|p1a: Darkrai
|-damage|p1a: Darkrai|61/100 psn
|
|-damage|p1a: Darkrai|49/100 psn|[from] item: Black Sludge
|-damage|p1a: Darkrai|36/100 psn|[from] psn
|upkeep
|turn|25
|
|t:|1778498591
|switch|p1a: the undying|Alomomola, F|73/100 psn
|-damage|p1a: the undying|60/100 psn|[from] Stealth Rock
|-damage|p1a: the undying|48/100 psn|[from] Spikes
|move|p2a: Toxapex|Surf|p1a: the undying
|-resisted|p1a: the undying
|-damage|p1a: the undying|37/100 psn
|
|-damage|p1a: the undying|24/100 psn|[from] psn
|upkeep
|turn|26
|
|t:|1778498601
|move|p2a: Toxapex|Surf|p1a: the undying
|-resisted|p1a: the undying
|-damage|p1a: the undying|13/100 psn
|move|p1a: the undying|Wish|p1a: the undying
|
|-damage|p1a: the undying|1/100 psn|[from] psn
|upkeep
|turn|27
|
|t:|1778498610
|switch|p1a: Great Tusk|Great Tusk|100/100
|move|p2a: Toxapex|Surf|p1a: Great Tusk
|-supereffective|p1a: Great Tusk
|-damage|p1a: Great Tusk|45/100
|
|-heal|p1a: Great Tusk|100/100|[from] move: Wish|[wisher] the undying
|upkeep
|turn|28
|
|t:|1778498617
|switch|p2a: Talonflame|Talonflame, F|100/100
|move|p1a: Great Tusk|Rapid Spin|p2a: Talonflame
|-damage|p2a: Talonflame|84/100
|-boost|p1a: Great Tusk|spe|1
|-sideend|p1: silverjay#2240|Spikes|[from] move: Rapid Spin|[of] p1a: Great Tusk
|-sideend|p1: silverjay#2240|Toxic Spikes|[from] move: Rapid Spin|[of] p1a: Great Tusk
|-sideend|p1: silverjay#2240|Stealth Rock|[from] move: Rapid Spin|[of] p1a: Great Tusk
|
|upkeep
|turn|29
|
|t:|1778498625
|-end|p1a: Great Tusk|Protosynthesis|[silent]
|switch|p1a: Garganacl|Garganacl, F|100/100
|move|p2a: Talonflame|Defog|p1a: Garganacl
|-unboost|p1a: Garganacl|evasion|1
|-sideend|p2: jewofjwe98|Spikes|[from] move: Defog|[of] p2a: Talonflame
|
|upkeep
|turn|30
|
|t:|1778498631
|switch|p2a: Toxapex|Toxapex, F|100/100
|move|p1a: Garganacl|Salt Cure|p2a: Toxapex
|-damage|p2a: Toxapex|91/100
|-start|p2a: Toxapex|Salt Cure
|
|-damage|p2a: Toxapex|66/100|[from] Salt Cure
|upkeep
|turn|31
|
|t:|1778498642
|switch|p2a: Gliscor|Gliscor, M|100/100 tox
|switch|p1a: the undying|Alomomola, F|34/100 psn
|
|-damage|p1a: the undying|22/100 psn|[from] psn
|upkeep
|turn|32
|
|t:|1778498662
|switch|p1a: Great Tusk|Great Tusk|100/100
|move|p2a: Gliscor|Earthquake|p1a: Great Tusk
|-damage|p1a: Great Tusk|78/100
|
|upkeep
|turn|33
|
|t:|1778498667
|move|p1a: Great Tusk|Ice Spinner|p2a: Gliscor
|-supereffective|p2a: Gliscor
|-damage|p2a: Gliscor|4/100 tox
|move|p2a: Gliscor|Knock Off|p1a: Great Tusk
|-resisted|p1a: Great Tusk
|-damage|p1a: Great Tusk|71/100
|-enditem|p1a: Great Tusk|Heavy-Duty Boots|[from] move: Knock Off|[of] p2a: Gliscor
|
|-heal|p2a: Gliscor|16/100 tox|[from] ability: Poison Heal
|upkeep
|turn|34
|
|t:|1778498676
|move|p2a: Gliscor|Protect|p2a: Gliscor
|-singleturn|p2a: Gliscor|Protect
|move|p1a: Great Tusk|Stealth Rock|p2a: Gliscor
|-sidestart|p2: jewofjwe98|move: Stealth Rock
|
|-heal|p2a: Gliscor|29/100 tox|[from] ability: Poison Heal
|upkeep
|turn|35
|
|t:|1778498681
|switch|p2a: Talonflame|Talonflame, F|84/100
|move|p1a: Great Tusk|Ice Spinner|p2a: Talonflame
|-damage|p2a: Talonflame|62/100
|-status|p1a: Great Tusk|brn|[from] ability: Flame Body|[of] p2a: Talonflame
|
|-damage|p1a: Great Tusk|65/100 brn|[from] brn
|upkeep
|turn|36
|
|t:|1778498691
|-end|p1a: Great Tusk|Protosynthesis|[silent]
|switch|p1a: the undying|Alomomola, F|55/100 psn
|move|p2a: Talonflame|Defog|p1a: the undying
|-unboost|p1a: the undying|evasion|1
|-sideend|p2: jewofjwe98|Stealth Rock|[from] move: Defog|[of] p2a: Talonflame
|
|-damage|p1a: the undying|43/100 psn|[from] psn
|upkeep
|turn|37
|inactive|Battle timer is ON: inactive players will automatically lose when time's up. (requested by silverjay#2240)
|
|t:|1778498700
|switch|p2a: Gliscor|Gliscor, M|29/100 tox
|move|p1a: the undying|Wish|p1a: the undying
|
|-heal|p2a: Gliscor|41/100 tox|[from] ability: Poison Heal
|-damage|p1a: the undying|30/100 psn|[from] psn
|upkeep
|turn|38
|
|t:|1778498708
|move|p2a: Gliscor|Spikes|p1a: the undying
|-sidestart|p1: silverjay#2240|Spikes
|move|p1a: the undying|Flip Turn|p2a: Gliscor
|-supereffective|p2a: Gliscor
|-damage|p2a: Gliscor|19/100 tox
|
|t:|1778498711
|switch|p1a: Darkrai|Darkrai|36/100 psn|[from] Flip Turn
|-damage|p1a: Darkrai|24/100 psn|[from] Spikes
|
|-heal|p1a: Darkrai|100/100 psn|[from] move: Wish|[wisher] the undying
|-damage|p1a: Darkrai|88/100 psn|[from] item: Black Sludge
|-damage|p1a: Darkrai|76/100 psn|[from] psn
|-heal|p2a: Gliscor|32/100 tox|[from] ability: Poison Heal
|upkeep
|turn|39
|
|t:|1778498722
|-terastallize|p1a: Darkrai|Poison
|move|p2a: Gliscor|Protect|p2a: Gliscor
|-singleturn|p2a: Gliscor|Protect
|move|p1a: Darkrai|Ice Beam|p2a: Gliscor
|-activate|p2a: Gliscor|move: Protect
|
|-heal|p1a: Darkrai|82/100 psn|[from] item: Black Sludge
|-damage|p1a: Darkrai|69/100 psn|[from] psn
|-heal|p2a: Gliscor|44/100 tox|[from] ability: Poison Heal
|upkeep
|turn|40
|
|t:|1778498735
|switch|p2a: Toxapex|Toxapex, F|99/100
|move|p1a: Darkrai|Trick|p2a: Toxapex
|-activate|p1a: Darkrai|move: Trick|[of] p2a: Toxapex
|-item|p2a: Toxapex|Black Sludge|[from] move: Trick
|-item|p1a: Darkrai|Choice Scarf|[from] move: Trick
|
|-heal|p2a: Toxapex|100/100|[from] item: Black Sludge
|-damage|p1a: Darkrai|57/100 psn|[from] psn
|upkeep
|turn|41
|
|t:|1778498743
|move|p1a: Darkrai|Trick|p2a: Toxapex
|-activate|p1a: Darkrai|move: Trick|[of] p2a: Toxapex
|-item|p2a: Toxapex|Choice Scarf|[from] move: Trick
|-item|p1a: Darkrai|Black Sludge|[from] move: Trick
|move|p2a: Toxapex|Surf|p1a: Darkrai
|-damage|p1a: Darkrai|33/100 psn
|
|-heal|p1a: Darkrai|39/100 psn|[from] item: Black Sludge
|-damage|p1a: Darkrai|26/100 psn|[from] psn
|upkeep
|turn|42
|
|t:|1778498752
|switch|p1a: the undying|Alomomola, F|64/100 psn
|-damage|p1a: the undying|51/100 psn|[from] Spikes
|move|p2a: Toxapex|Surf|p1a: the undying
|-resisted|p1a: the undying
|-crit|p1a: the undying
|-damage|p1a: the undying|36/100 psn
|
|-damage|p1a: the undying|24/100 psn|[from] psn
|upkeep
|turn|43
|
|t:|1778498770
|move|p2a: Toxapex|Surf|p1a: the undying
|-resisted|p1a: the undying
|-damage|p1a: the undying|13/100 psn
|move|p1a: the undying|Flip Turn|p2a: Toxapex
|-resisted|p2a: Toxapex
|-damage|p2a: Toxapex|95/100
|
|t:|1778498773
|switch|p1a: Great Tusk|Great Tusk|65/100 brn|[from] Flip Turn
|-damage|p1a: Great Tusk|52/100 brn|[from] Spikes
|
|-damage|p1a: Great Tusk|46/100 brn|[from] brn
|upkeep
|turn|44
|
|t:|1778498781
|-end|p1a: Great Tusk|Protosynthesis|[silent]
|switch|p1a: badapple|Hydrapple, F|100/100
|switch|p2a: Talonflame|Talonflame, F|62/100
|
|upkeep
|turn|45
|
|t:|1778498792
|switch|p2a: Toxapex|Toxapex, F|100/100
|move|p1a: badapple|Nasty Plot|p1a: badapple
|-boost|p1a: badapple|spa|2
|
|upkeep
|turn|46
|
|t:|1778498799
|switch|p2a: Blissey|Blissey, F|100/100
|switch|p1a: the undying|Alomomola, F|47/100 psn
|-damage|p1a: the undying|34/100 psn|[from] Spikes
|
|-damage|p1a: the undying|22/100 psn|[from] psn
|upkeep
|turn|47
|
|t:|1778498804
|move|p2a: Blissey|Seismic Toss|p1a: the undying
|-damage|p1a: the undying|3/100 psn
|move|p1a: the undying|Flip Turn|p2a: Blissey
|-damage|p2a: Blissey|84/100
|
|t:|1778498815
|switch|p1a: Garganacl|Garganacl, F|100/100|[from] Flip Turn
|-damage|p1a: Garganacl|88/100|[from] Spikes
|
|-heal|p2a: Blissey|90/100|[from] item: Leftovers
|upkeep
|turn|48
|
|t:|1778498822
|switch|p2a: Toxapex|Toxapex, F|100/100
|move|p1a: Garganacl|Salt Cure|p2a: Toxapex
|-damage|p2a: Toxapex|89/100
|-start|p2a: Toxapex|Salt Cure
|
|-damage|p2a: Toxapex|64/100|[from] Salt Cure
|upkeep
|turn|49
|
|t:|1778498831
|switch|p2a: Dondozo|Dondozo, F, tera:Dragon|57/100
|move|p1a: Garganacl|Curse|p1a: Garganacl
|-unboost|p1a: Garganacl|spe|1
|-boost|p1a: Garganacl|atk|1
|-boost|p1a: Garganacl|def|1
|
|-heal|p2a: Dondozo|64/100|[from] item: Leftovers
|upkeep
|turn|50
|
|t:|1778498835
|move|p2a: Dondozo|Body Press|p1a: Garganacl
|-supereffective|p1a: Garganacl
|-damage|p1a: Garganacl|49/100
|move|p1a: Garganacl|Salt Cure|p2a: Dondozo
|-damage|p2a: Dondozo|57/100
|-start|p2a: Dondozo|Salt Cure
|
|-heal|p2a: Dondozo|63/100|[from] item: Leftovers
|-damage|p2a: Dondozo|51/100|[from] Salt Cure
|upkeep
|turn|51
|
|t:|1778498843
|move|p2a: Dondozo|Rest|p2a: Dondozo
|-status|p2a: Dondozo|slp|[from] move: Rest
|-heal|p2a: Dondozo|100/100 slp|[silent]
|move|p1a: Garganacl|Recover|p1a: Garganacl
|-heal|p1a: Garganacl|99/100
|
|-damage|p2a: Dondozo|88/100 slp|[from] Salt Cure
|upkeep
|turn|52
|
|t:|1778498847
|switch|p1a: the undying|Alomomola, F|37/100 psn
|-damage|p1a: the undying|24/100 psn|[from] Spikes
|cant|p2a: Dondozo|slp
|move|p2a: Dondozo|Sleep Talk|p2a: Dondozo
|move|p2a: Dondozo|Rest||[from] move: Sleep Talk|[still]
|-fail|p2a: Dondozo
|
|-heal|p2a: Dondozo|94/100 slp|[from] item: Leftovers
|-damage|p1a: the undying|12/100 psn|[from] psn
|-damage|p2a: Dondozo|82/100 slp|[from] Salt Cure
|upkeep
|turn|53
|
|t:|1778498856
|move|p1a: the undying|Flip Turn|p2a: Dondozo
|-resisted|p2a: Dondozo
|-damage|p2a: Dondozo|78/100 slp
|
|t:|1778498864
|switch|p1a: badapple|Hydrapple, F|100/100|[from] Flip Turn
|cant|p2a: Dondozo|slp
|move|p2a: Dondozo|Sleep Talk|p2a: Dondozo
|move|p2a: Dondozo|Body Press|p1a: badapple|[from] move: Sleep Talk
|-damage|p1a: badapple|83/100
|
|-heal|p2a: Dondozo|85/100 slp|[from] item: Leftovers
|-damage|p2a: Dondozo|72/100 slp|[from] Salt Cure
|upkeep
|turn|54
|
|t:|1778498872
|switch|p2a: Blissey|Blissey, F|90/100
|move|p1a: badapple|Nasty Plot|p1a: badapple
|-boost|p1a: badapple|spa|2
|
|-heal|p2a: Blissey|97/100|[from] item: Leftovers
|upkeep
|turn|55
|
|t:|1778498877
|move|p2a: Blissey|Calm Mind|p2a: Blissey
|-boost|p2a: Blissey|spa|1
|-boost|p2a: Blissey|spd|1
|move|p1a: badapple|Nasty Plot|p1a: badapple
|-boost|p1a: badapple|spa|2
|
|-heal|p2a: Blissey|100/100|[from] item: Leftovers
|upkeep
|turn|56
|
|t:|1778498883
|move|p2a: Blissey|Calm Mind|p2a: Blissey
|-boost|p2a: Blissey|spa|1
|-boost|p2a: Blissey|spd|1
|move|p1a: badapple|Fickle Beam|p2a: Blissey
|-damage|p2a: Blissey|87/100
|
|-heal|p2a: Blissey|93/100|[from] item: Leftovers
|upkeep
|turn|57
|
|t:|1778498892
|switch|p1a: Clodsire|Clodsire, F|100/100
|move|p2a: Blissey|Seismic Toss|p1a: Clodsire
|-damage|p1a: Clodsire|79/100
|
|-heal|p2a: Blissey|99/100|[from] item: Leftovers
|upkeep
|turn|58
|
|t:|1778498898
|switch|p2a: Gliscor|Gliscor, M|44/100 tox
|move|p1a: Clodsire|Poison Jab|p2a: Gliscor
|-resisted|p2a: Gliscor
|-damage|p2a: Gliscor|36/100 tox
|
|-heal|p2a: Gliscor|49/100 tox|[from] ability: Poison Heal
|upkeep
|turn|59
|
|t:|1778498905
|switch|p1a: Garganacl|Garganacl, F|99/100
|-damage|p1a: Garganacl|86/100|[from] Spikes
|move|p2a: Gliscor|Knock Off|p1a: Garganacl
|-damage|p1a: Garganacl|77/100
|
|-heal|p2a: Gliscor|61/100 tox|[from] ability: Poison Heal
|upkeep
|turn|60
|
|t:|1778498914
|move|p2a: Gliscor|Protect|p2a: Gliscor
|-singleturn|p2a: Gliscor|Protect
|move|p1a: Garganacl|Salt Cure|p2a: Gliscor
|-activate|p2a: Gliscor|move: Protect
|
|-heal|p2a: Gliscor|74/100 tox|[from] ability: Poison Heal
|upkeep
|turn|61
|
|t:|1778498924
|move|p2a: Gliscor|Earthquake|p1a: Garganacl
|-supereffective|p1a: Garganacl
|-damage|p1a: Garganacl|35/100
|move|p1a: Garganacl|Curse|p1a: Garganacl
|-unboost|p1a: Garganacl|spe|1
|-boost|p1a: Garganacl|atk|1
|-boost|p1a: Garganacl|def|1
|
|-heal|p2a: Gliscor|86/100 tox|[from] ability: Poison Heal
|upkeep
|turn|62
|
|t:|1778498933
|move|p2a: Gliscor|Earthquake|p1a: Garganacl
|-supereffective|p1a: Garganacl
|-damage|p1a: Garganacl|5/100
|move|p1a: Garganacl|Recover|p1a: Garganacl
|-heal|p1a: Garganacl|55/100
|
|-heal|p2a: Gliscor|99/100 tox|[from] ability: Poison Heal
|upkeep
|turn|63
|
|t:|1778498941
|move|p2a: Gliscor|Spikes|p1a: Garganacl
|-sidestart|p1: silverjay#2240|Spikes
|move|p1a: Garganacl|Curse|p1a: Garganacl
|-unboost|p1a: Garganacl|spe|1
|-boost|p1a: Garganacl|atk|1
|-boost|p1a: Garganacl|def|1
|
|-heal|p2a: Gliscor|100/100 tox|[from] ability: Poison Heal
|upkeep
|turn|64
|
|t:|1778498965
|switch|p2a: Toxapex|Toxapex, F|98/100
|move|p1a: Garganacl|Recover|p1a: Garganacl
|-heal|p1a: Garganacl|100/100
|
|upkeep
|turn|65
|
|t:|1778498971
|move|p2a: Toxapex|Surf|p1a: Garganacl
|-supereffective|p1a: Garganacl
|-damage|p1a: Garganacl|73/100
|move|p1a: Garganacl|Earthquake|p2a: Toxapex
|-supereffective|p2a: Toxapex
|-damage|p2a: Toxapex|31/100
|
|upkeep
|turn|66
|
|t:|1778498979
|switch|p2a: Dondozo|Dondozo, F, tera:Dragon|72/100 slp
|move|p1a: Garganacl|Salt Cure|p2a: Dondozo
|-damage|p2a: Dondozo|66/100 slp
|-start|p2a: Dondozo|Salt Cure
|
|-heal|p2a: Dondozo|72/100 slp|[from] item: Leftovers
|-damage|p2a: Dondozo|60/100 slp|[from] Salt Cure
|upkeep
|turn|67
|
|t:|1778498991
|switch|p1a: badapple|Hydrapple, F|100/100
|-curestatus|p2a: Dondozo|slp|[msg]
|move|p2a: Dondozo|Body Press|p1a: badapple
|-damage|p1a: badapple|86/100
|
|-heal|p2a: Dondozo|66/100|[from] item: Leftovers
|-damage|p2a: Dondozo|54/100|[from] Salt Cure
|upkeep
|turn|68
|-message|silverjay#2240 forfeited.
|
|win|jewofjwe98
|raw|silverjay#2240's rating: 1311 &rarr; <strong>1291</strong><br />(-20 for losing)
|raw|jewofjwe98's rating: 1318 &rarr; <strong>1338</strong><br />(+20 for winning)
|l|☆silverjay#2240
|player|p1|
|c|☆jewofjwe98|gg
