|html|<div class="broadcast-blue"><strong>[Gen 9] OU is currently suspecting Tera Blast! For information on how to participate check out the <a href="https://www.smogon.com/tools/suspects/view/200">suspect thread</a>.</strong></div>
|j|☆gultyluxury
|j|☆Shattersong
|t:|1776306761
|gametype|singles
|player|p1|gultyluxury|bellelba|1358
|player|p2|Shattersong|wattson|1402
|gen|9
|tier|[Gen 9] OU
|rated|
|rule|HP Percentage Mod: HP is shown in percentages
|rule|Endless Battle Clause: Forcing endless battles is banned
|rule|Species Clause: Limit one of each Pokémon
|rule|OHKO Clause: OHKO moves are banned
|rule|Evasion Items Clause: Evasion items are banned
|rule|Evasion Moves Clause: Evasion moves are banned
|rule|Evasion Abilities Clause: Evasion abilities are banned
|rule|Sleep Moves Clause: Sleep-inducing moves are banned
|clearpoke
|poke|p1|Cinderace, F|
|poke|p1|Gholdengo|
|poke|p1|Glimmora, F|
|poke|p1|Garganacl, F|
|poke|p1|Raging Bolt|
|poke|p1|Dragonite, M|
|poke|p2|Glimmora, F|
|poke|p2|Raging Bolt|
|poke|p2|Cinderace, F|
|poke|p2|Quaquaval, M|
|poke|p2|Ninetales-Alola, F|
|poke|p2|Gholdengo|
|teampreview
|inactive|Battle timer is ON: inactive players will automatically lose when time's up. (requested by Shattersong)
|
|t:|1776306783
|teamsize|p1|6
|teamsize|p2|6
|start
|switch|p1a: Gholdengo|Gholdengo|100/100
|switch|p2a: Seadall|Quaquaval, M|100/100
|turn|1
|
|t:|1776306789
|move|p1a: Gholdengo|Trick|p2a: Seadall
|-activate|p1a: Gholdengo|move: Trick|[of] p2a: Seadall
|-item|p2a: Seadall|Choice Scarf|[from] move: Trick
|-item|p1a: Gholdengo|Clear Amulet|[from] move: Trick
|move|p2a: Seadall|Aqua Step|p1a: Gholdengo
|-damage|p1a: Gholdengo|59/100
|-boost|p2a: Seadall|spe|1
|
|upkeep
|turn|2
|
|t:|1776306797
|switch|p1a: Glimmora|Glimmora, F, shiny|100/100
|move|p2a: Seadall|Aqua Step|p1a: Glimmora
|-supereffective|p1a: Glimmora
|-enditem|p1a: Glimmora|Focus Sash
|-damage|p1a: Glimmora|1/100
|-boost|p2a: Seadall|spe|1
|-activate|p1a: Glimmora|ability: Toxic Debris
|-sidestart|p2: Shattersong|move: Toxic Spikes
|
|upkeep
|turn|3
|
|t:|1776306806
|move|p2a: Seadall|Aqua Step|p1a: Glimmora
|-supereffective|p1a: Glimmora
|-damage|p1a: Glimmora|0 fnt
|-boost|p2a: Seadall|spe|1
|-activate|p1a: Glimmora|ability: Toxic Debris
|-sidestart|p2: Shattersong|move: Toxic Spikes
|faint|p1a: Glimmora
|-ability|p2a: Seadall|Moxie|boost
|-boost|p2a: Seadall|atk|1
|
|upkeep
|
|t:|1776306810
|switch|p1a: Garganacl|Garganacl, F|100/100
|turn|4
|
|t:|1776306817
|-terastallize|p1a: Garganacl|Ghost
|move|p2a: Seadall|Aqua Step|p1a: Garganacl
|-damage|p1a: Garganacl|71/100
|-boost|p2a: Seadall|spe|1
|move|p1a: Garganacl|Iron Defense|p1a: Garganacl
|-boost|p1a: Garganacl|def|2
|
|-heal|p1a: Garganacl|77/100|[from] item: Leftovers
|upkeep
|turn|5
|
|t:|1776306828
|switch|p2a: Jewel|Glimmora, F, shiny|100/100
|-sideend|p2: Shattersong|move: Toxic Spikes|[of] p2a: Jewel
|move|p1a: Garganacl|Salt Cure|p2a: Jewel
|-damage|p2a: Jewel|85/100
|-start|p2a: Jewel|Salt Cure
|-activate|p2a: Jewel|ability: Toxic Debris
|-sidestart|p1: gultyluxury|move: Toxic Spikes
|
|-heal|p1a: Garganacl|83/100|[from] item: Leftovers
|-damage|p2a: Jewel|72/100|[from] Salt Cure
|upkeep
|turn|6
|
|t:|1776306840
|move|p2a: Jewel|Rock Polish|p2a: Jewel
|-boost|p2a: Jewel|spe|2
|move|p1a: Garganacl|Body Press|p2a: Jewel
|-damage|p2a: Jewel|0 fnt
|-activate|p2a: Jewel|ability: Toxic Debris
|-sidestart|p1: gultyluxury|move: Toxic Spikes
|faint|p2a: Jewel
|
|-heal|p1a: Garganacl|89/100|[from] item: Leftovers
|upkeep
|
|t:|1776306851
|switch|p2a: Jade|Ninetales-Alola, F, shiny|100/100
|-weather|Snowscape|[from] ability: Snow Warning|[of] p2a: Jade
|turn|7
|
|t:|1776306857
|move|p2a: Jade|Nasty Plot|p2a: Jade
|-boost|p2a: Jade|spa|2
|move|p1a: Garganacl|Salt Cure|p2a: Jade
|-supereffective|p2a: Jade
|-damage|p2a: Jade|73/100
|-start|p2a: Jade|Salt Cure
|
|-weather|Snowscape|[upkeep]
|-heal|p1a: Garganacl|96/100|[from] item: Leftovers
|-damage|p2a: Jade|60/100|[from] Salt Cure
|upkeep
|turn|8
|
|t:|1776306869
|switch|p1a: Gyaru|Cinderace, F, shiny|100/100
|-status|p1a: Gyaru|tox
|move|p2a: Jade|Aurora Veil|p2a: Jade
|-sidestart|p2: Shattersong|move: Aurora Veil
|
|-weather|Snowscape|[upkeep]
|-damage|p1a: Gyaru|95/100 tox|[from] psn
|-damage|p2a: Jade|48/100|[from] Salt Cure
|upkeep
|turn|9
|
|t:|1776306879
|move|p1a: Gyaru|High Jump Kick|p2a: Jade
|-start|p1a: Gyaru|typechange|Fighting|[from] ability: Libero
|-damage|p2a: Jade|18/100
|move|p2a: Jade|Blizzard|p1a: Gyaru
|-damage|p1a: Gyaru|0 fnt
|faint|p1a: Gyaru
|
|-weather|Snowscape|[upkeep]
|-damage|p2a: Jade|6/100|[from] Salt Cure
|upkeep
|
|t:|1776306883
|switch|p1a: Gholdengo|Gholdengo|59/100
|turn|10
|
|t:|1776306893
|move|p2a: Jade|Blizzard|p1a: Gholdengo
|-resisted|p1a: Gholdengo
|-damage|p1a: Gholdengo|13/100
|move|p1a: Gholdengo|Shadow Ball|p2a: Jade
|-damage|p2a: Jade|0 fnt
|faint|p2a: Jade
|
|-weather|Snowscape|[upkeep]
|upkeep
|
|t:|1776306903
|switch|p2a: Seadall|Quaquaval, M|100/100
|turn|11
|
|t:|1776306907
|move|p2a: Seadall|Knock Off|p1a: Gholdengo
|-supereffective|p1a: Gholdengo
|-damage|p1a: Gholdengo|0 fnt
|-enditem|p1a: Gholdengo|Clear Amulet|[from] move: Knock Off|[of] p2a: Seadall
|faint|p1a: Gholdengo
|-ability|p2a: Seadall|Moxie|boost
|-boost|p2a: Seadall|atk|1
|
|-weather|none
|upkeep
|
|t:|1776306909
|switch|p1a: Garganacl|Garganacl, F, tera:Ghost|96/100
|turn|12
|
|t:|1776306917
|move|p2a: Seadall|Knock Off|p1a: Garganacl
|-supereffective|p1a: Garganacl
|-damage|p1a: Garganacl|44/100
|-enditem|p1a: Garganacl|Leftovers|[from] move: Knock Off|[of] p2a: Seadall
|move|p1a: Garganacl|Iron Defense|p1a: Garganacl
|-boost|p1a: Garganacl|def|2
|
|upkeep
|turn|13
|
|t:|1776306925
|move|p2a: Seadall|Knock Off|p1a: Garganacl
|-supereffective|p1a: Garganacl
|-damage|p1a: Garganacl|27/100
|move|p1a: Garganacl|Recover|p1a: Garganacl
|-heal|p1a: Garganacl|77/100
|
|upkeep
|turn|14
|
|t:|1776306932
|move|p2a: Seadall|Knock Off|p1a: Garganacl
|-supereffective|p1a: Garganacl
|-crit|p1a: Garganacl
|-damage|p1a: Garganacl|28/100
|move|p1a: Garganacl|Salt Cure|p2a: Seadall
|-resisted|p2a: Seadall
|-damage|p2a: Seadall|96/100
|-start|p2a: Seadall|Salt Cure
|
|-damage|p2a: Seadall|72/100|[from] Salt Cure
|upkeep
|turn|15
|c|☆gultyluxury|bruh
|
|t:|1776306941
|move|p2a: Seadall|Knock Off|p1a: Garganacl
|-supereffective|p1a: Garganacl
|-damage|p1a: Garganacl|11/100
|move|p1a: Garganacl|Recover|p1a: Garganacl
|-heal|p1a: Garganacl|61/100
|
|-damage|p2a: Seadall|47/100|[from] Salt Cure
|-sideend|p2: Shattersong|move: Aurora Veil
|upkeep
|turn|16
|c|☆gultyluxury|not the crit two matches in a row
|
|t:|1776306950
|move|p2a: Seadall|Knock Off|p1a: Garganacl
|-supereffective|p1a: Garganacl
|-damage|p1a: Garganacl|44/100
|move|p1a: Garganacl|Iron Defense|p1a: Garganacl
|-boost|p1a: Garganacl|def|2
|
|-damage|p2a: Seadall|22/100|[from] Salt Cure
|upkeep
|turn|17
|
|t:|1776306961
|switch|p2a: Raging Bolt|Raging Bolt|100/100
|move|p1a: Garganacl|Recover|p1a: Garganacl
|-heal|p1a: Garganacl|94/100
|
|upkeep
|turn|18
|
|t:|1776306969
|move|p2a: Raging Bolt|Calm Mind|p2a: Raging Bolt
|-boost|p2a: Raging Bolt|spa|1
|-boost|p2a: Raging Bolt|spd|1
|move|p1a: Garganacl|Body Press|p2a: Raging Bolt
|-damage|p2a: Raging Bolt|22/100
|
|-heal|p2a: Raging Bolt|28/100|[from] item: Leftovers
|upkeep
|turn|19
|
|t:|1776306984
|move|p2a: Raging Bolt|Discharge|p1a: Garganacl
|-damage|p1a: Garganacl|25/100
|move|p1a: Garganacl|Body Press|p2a: Raging Bolt
|-damage|p2a: Raging Bolt|0 fnt
|faint|p2a: Raging Bolt
|-end|p2a: Raging Bolt|Protosynthesis|[silent]
|
|upkeep
|
|t:|1776306991
|switch|p2a: Soleil|Gholdengo|100/100
|-item|p2a: Soleil|Air Balloon
|turn|20
|
|t:|1776306997
|move|p2a: Soleil|Shadow Ball|p1a: Garganacl
|-supereffective|p1a: Garganacl
|-damage|p1a: Garganacl|0 fnt
|faint|p1a: Garganacl
|
|upkeep
|
|t:|1776307006
|switch|p1a: Raging Bolt|Raging Bolt|100/100
|-status|p1a: Raging Bolt|tox
|-enditem|p1a: Raging Bolt|Booster Energy
|-activate|p1a: Raging Bolt|ability: Protosynthesis|[fromitem]
|-start|p1a: Raging Bolt|protosynthesisspa
|turn|21
|
|t:|1776307014
|switch|p2a: Gala|Cinderace, F, shiny|100/100
|move|p1a: Raging Bolt|Rising Voltage|p2a: Gala
|-damage|p2a: Gala|27/100
|
|-damage|p1a: Raging Bolt|94/100 tox|[from] psn
|upkeep
|turn|22
|
|t:|1776307023
|move|p1a: Raging Bolt|Thunderclap|p2a: Gala
|-damage|p2a: Gala|0 fnt
|faint|p2a: Gala
|
|-damage|p1a: Raging Bolt|82/100 tox|[from] psn
|upkeep
|
|t:|1776307029
|switch|p2a: Soleil|Gholdengo|100/100
|-item|p2a: Soleil|Air Balloon
|turn|23
|
|t:|1776307035
|-end|p1a: Raging Bolt|Protosynthesis|[silent]
|switch|p1a: Dragonite|Dragonite, M|100/100
|move|p2a: Soleil|Shadow Ball|p1a: Dragonite
|-damage|p1a: Dragonite|57/100
|-unboost|p1a: Dragonite|spd|1
|
|upkeep
|turn|24
|
|t:|1776307043
|move|p2a: Soleil|Make It Rain|p1a: Dragonite
|-damage|p1a: Dragonite|0 fnt
|-unboost|p2a: Soleil|spa|1
|faint|p1a: Dragonite
|
|upkeep
|
|t:|1776307046
|switch|p1a: Raging Bolt|Raging Bolt|82/100 tox
|turn|25
|
|t:|1776307052
|move|p2a: Soleil|Nasty Plot|p2a: Soleil
|-boost|p2a: Soleil|spa|2
|move|p1a: Raging Bolt|Rising Voltage|p2a: Soleil
|-damage|p2a: Soleil|50/100
|-enditem|p2a: Soleil|Air Balloon
|
|-damage|p1a: Raging Bolt|76/100 tox|[from] psn
|upkeep
|turn|26
|
|t:|1776307062
|move|p2a: Soleil|Shadow Ball|p1a: Raging Bolt
|-damage|p1a: Raging Bolt|21/100 tox
|move|p1a: Raging Bolt|Rising Voltage|p2a: Soleil
|-damage|p2a: Soleil|0 fnt
|faint|p2a: Soleil
|
|-damage|p1a: Raging Bolt|9/100 tox|[from] psn
|upkeep
|
|t:|1776307072
|switch|p2a: Seadall|Quaquaval, M|22/100
|turn|27
|
|t:|1776307075
|move|p1a: Raging Bolt|Thunderclap||[still]
|-fail|p1a: Raging Bolt
|move|p2a: Seadall|Swords Dance|p2a: Seadall
|-boost|p2a: Seadall|atk|2
|
|-damage|p1a: Raging Bolt|0 fnt|[from] psn
|faint|p1a: Raging Bolt
|-end|p1a: Raging Bolt|Protosynthesis|[silent]
|
|win|Shattersong
|raw|gultyluxury's rating: 1358 &rarr; <strong>1341</strong><br />(-17 for losing)
|raw|Shattersong's rating: 1402 &rarr; <strong>1419</strong><br />(+17 for winning)
|l|☆gultyluxury
|player|p1|
