|html|<div class="broadcast-blue"><strong>[Gen 9] OU is currently suspecting Volcarona! For information on how to participate check out the <a href="https://www.smogon.com/tools/suspects/view/208">suspect thread</a>.</strong></div>
|j|☆Crespomac
|j|☆swaggercaptain
|t:|1778497462
|gametype|singles
|player|p1|Crespomac|steven|1202
|player|p2|swaggercaptain|2|1220
|gen|9
|tier|[Gen 9] OU
|rated|
|rule|HP Percentage Mod: HP is shown in percentages
|rule|Endless Battle Clause: Forcing endless battles is banned
|rule|Species Clause: Limit one of each Pokémon
|rule|OHKO Clause: OHKO moves are banned
|rule|Evasion Items Clause: Evasion items are banned
|rule|Evasion Moves Clause: Evasion moves are banned
|rule|Evasion Abilities Clause: Evasion abilities are banned
|rule|Sleep Moves Clause: Sleep-inducing moves are banned
|clearpoke
|poke|p1|Mimikyu, F|
|poke|p1|Tentacruel, F|
|poke|p1|Krookodile, M|
|poke|p1|Rotom-Heat|
|poke|p1|Toxicroak, F|
|poke|p1|Umbreon, M|
|poke|p2|Ogerpon-Wellspring, F|
|poke|p2|Braviary, M|
|poke|p2|Talonflame, M|
|poke|p2|Brambleghast, F|
|poke|p2|Mamoswine, F|
|poke|p2|Pelipper, M|
|teampreview
|
|t:|1778497472
|teamsize|p1|6
|teamsize|p2|6
|start
|switch|p1a: Rotom|Rotom-Heat|100/100
|switch|p2a: Momo|Mamoswine, F|100/100
|turn|1
|
|t:|1778497484
|move|p1a: Rotom|Will-O-Wisp|p2a: Momo
|-status|p2a: Momo|brn
|move|p2a: Momo|Stealth Rock|p1a: Rotom
|-sidestart|p1: Crespomac|move: Stealth Rock
|
|-damage|p2a: Momo|94/100 brn|[from] brn
|upkeep
|turn|2
|
|t:|1778497504
|switch|p2a: beak|Pelipper, M|100/100
|-weather|RainDance|[from] ability: Drizzle|[of] p2a: beak
|move|p1a: Rotom|Overheat|p2a: beak
|-resisted|p2a: beak
|-damage|p2a: beak|84/100
|-unboost|p1a: Rotom|spa|2
|
|-weather|RainDance|[upkeep]
|upkeep
|turn|3
|
|t:|1778497515
|move|p1a: Rotom|Volt Switch|p2a: beak
|-supereffective|p2a: beak
|-damage|p2a: beak|6/100
|
|t:|1778497522
|switch|p1a: Toxicroak|Toxicroak, F|100/100|[from] Volt Switch
|-damage|p1a: Toxicroak|94/100|[from] Stealth Rock
|move|p2a: beak|Tailwind|p2a: beak
|-sidestart|p2: swaggercaptain|move: Tailwind
|
|-weather|RainDance|[upkeep]
|-heal|p1a: Toxicroak|100/100|[from] ability: Dry Skin
|upkeep
|turn|4
|
|t:|1778497549
|move|p2a: beak|Ice Beam|p1a: Toxicroak
|-damage|p1a: Toxicroak|60/100
|move|p1a: Toxicroak|Swords Dance|p1a: Toxicroak
|-boost|p1a: Toxicroak|atk|2
|
|-weather|RainDance|[upkeep]
|-heal|p1a: Toxicroak|73/100|[from] ability: Dry Skin
|upkeep
|turn|5
|
|t:|1778497558
|move|p1a: Toxicroak|Sucker Punch|p2a: beak
|-damage|p2a: beak|0 fnt
|faint|p2a: beak
|-damage|p1a: Toxicroak|63/100|[from] item: Life Orb
|
|-weather|RainDance|[upkeep]
|-heal|p1a: Toxicroak|75/100|[from] ability: Dry Skin
|upkeep
|
|t:|1778497576
|switch|p2a: Talonflame|Talonflame, M|100/100
|turn|6
|
|t:|1778497585
|move|p2a: Talonflame|Brave Bird|p1a: Toxicroak
|-supereffective|p1a: Toxicroak
|-crit|p1a: Toxicroak
|-damage|p1a: Toxicroak|0 fnt
|faint|p1a: Toxicroak
|-damage|p2a: Talonflame|75/100|[from] Recoil
|
|-weather|RainDance|[upkeep]
|-sideend|p2: swaggercaptain|move: Tailwind
|upkeep
|
|t:|1778497594
|switch|p1a: Rotom|Rotom-Heat|100/100
|turn|7
|
|t:|1778497644
|switch|p2a: Momo|Mamoswine, F|94/100 brn
|move|p1a: Rotom|Volt Switch|p2a: Momo
|-immune|p2a: Momo
|
|-weather|RainDance|[upkeep]
|-damage|p2a: Momo|88/100 brn|[from] brn
|upkeep
|turn|8
|inactive|Battle timer is ON: inactive players will automatically lose when time's up. (requested by Crespomac)
|
|t:|1778497694
|move|p1a: Rotom|Overheat|p2a: Momo
|-supereffective|p2a: Momo
|-damage|p2a: Momo|21/100 brn
|-unboost|p1a: Rotom|spa|2
|move|p2a: Momo|Icicle Crash|p1a: Rotom
|-resisted|p1a: Rotom
|-damage|p1a: Rotom|88/100
|
|-weather|RainDance|[upkeep]
|-damage|p2a: Momo|15/100 brn|[from] brn
|upkeep
|turn|9
|
|t:|1778497707
|move|p2a: Momo|Ice Shard|p1a: Rotom
|-resisted|p1a: Rotom
|-damage|p1a: Rotom|82/100
|move|p1a: Rotom|Overheat|p2a: Momo
|-supereffective|p2a: Momo
|-damage|p2a: Momo|0 fnt
|-unboost|p1a: Rotom|spa|2
|faint|p2a: Momo
|
|-weather|none
|upkeep
|
|t:|1778497723
|switch|p2a: Bravy|Braviary, M, shiny|100/100
|turn|10
|inactive|Crespomac has 120 seconds left.
|
|t:|1778497755
|move|p1a: Rotom|Volt Switch|p2a: Bravy
|-supereffective|p2a: Bravy
|-damage|p2a: Bravy|77/100
|
|t:|1778497759
|switch|p1a: Krookodile|Krookodile, M|100/100|[from] Volt Switch
|-damage|p1a: Krookodile|94/100|[from] Stealth Rock
|move|p2a: Bravy|Agility|p2a: Bravy
|-boost|p2a: Bravy|spe|2
|
|upkeep
|turn|11
|inactive|Crespomac has 120 seconds left.
|inactive|swaggercaptain has 120 seconds left.
|
|t:|1778497791
|-terastallize|p2a: Bravy|Fighting
|move|p2a: Bravy|Close Combat|p1a: Krookodile
|-supereffective|p1a: Krookodile
|-damage|p1a: Krookodile|0 fnt
|-unboost|p2a: Bravy|def|1
|-unboost|p2a: Bravy|spd|1
|faint|p1a: Krookodile
|
|upkeep
|inactive|Crespomac has 120 seconds left.
|
|t:|1778497803
|switch|p1a: Mimikyu|Mimikyu, F|100/100
|-damage|p1a: Mimikyu|88/100|[from] Stealth Rock
|turn|12
|inactive|Crespomac has 120 seconds left.
|
|t:|1778497813
|move|p2a: Bravy|Sky Attack||[still]
|-prepare|p2a: Bravy|Sky Attack
|-enditem|p2a: Bravy|Power Herb
|-anim|p2a: Bravy|Sky Attack|p1a: Mimikyu
|-activate|p1a: Mimikyu|ability: Disguise
|-damage|p1a: Mimikyu|88/100
|detailschange|p1a: Mimikyu|Mimikyu-Busted, F
|-damage|p1a: Mimikyu|76/100|[from] pokemon: Mimikyu-Busted
|cant|p1a: Mimikyu|flinch
|
|upkeep
|turn|13
|inactive|Crespomac has 120 seconds left.
|
|t:|1778497823
|move|p2a: Bravy|Acrobatics|p1a: Mimikyu
|-damage|p1a: Mimikyu|0 fnt
|faint|p1a: Mimikyu
|
|upkeep
|
|t:|1778497828
|switch|p1a: Rotom|Rotom-Heat|82/100
|turn|14
|
|t:|1778497836
|move|p2a: Bravy|Close Combat|p1a: Rotom
|-damage|p1a: Rotom|9/100
|-unboost|p2a: Bravy|def|1
|-unboost|p2a: Bravy|spd|1
|move|p1a: Rotom|Volt Switch|p2a: Bravy
|-damage|p2a: Bravy|18/100
|
|t:|1778497846
|switch|p1a: Tentacruel|Tentacruel, F|100/100|[from] Volt Switch
|
|upkeep
|turn|15
|
|t:|1778497852
|move|p2a: Bravy|Acrobatics|p1a: Tentacruel
|-damage|p1a: Tentacruel|43/100
|move|p1a: Tentacruel|Surf|p2a: Bravy
|-damage|p2a: Bravy|0 fnt
|faint|p2a: Bravy
|
|upkeep
|
|t:|1778497868
|switch|p2a: Ogerpon|Ogerpon-Wellspring, F|100/100
|turn|16
|
|t:|1778497879
|move|p2a: Ogerpon|Encore|p1a: Tentacruel
|-start|p1a: Tentacruel|Encore
|move|p1a: Tentacruel|Surf|p2a: Ogerpon
|-immune|p2a: Ogerpon|[from] ability: Water Absorb
|
|upkeep
|turn|17
|
|t:|1778497889
|switch|p1a: Rotom|Rotom-Heat|9/100
|move|p2a: Ogerpon|Leech Seed|p1a: Rotom
|-start|p1a: Rotom|move: Leech Seed
|
|-damage|p1a: Rotom|0 fnt|[from] Leech Seed|[of] p2a: Ogerpon
|faint|p1a: Rotom
|upkeep
|
|t:|1778497897
|switch|p1a: Umbreon|Umbreon, M|100/100
|-damage|p1a: Umbreon|88/100|[from] Stealth Rock
|turn|18
|
|t:|1778497905
|move|p2a: Ogerpon|Leech Seed|p1a: Umbreon
|-start|p1a: Umbreon|move: Leech Seed
|move|p1a: Umbreon|Thunder Wave|p2a: Ogerpon|[miss]
|-miss|p1a: Umbreon|p2a: Ogerpon
|
|-heal|p1a: Umbreon|94/100|[from] item: Leftovers
|-damage|p1a: Umbreon|82/100|[from] Leech Seed|[of] p2a: Ogerpon
|upkeep
|turn|19
|inactive|swaggercaptain has 120 seconds left.
|
|t:|1778497939
|move|p2a: Ogerpon|Ivy Cudgel|p1a: Umbreon|[anim] Ivy Cudgel Water
|-damage|p1a: Umbreon|39/100
|move|p1a: Umbreon|Thunder Wave|p2a: Ogerpon
|-status|p2a: Ogerpon|par
|
|-heal|p1a: Umbreon|45/100|[from] item: Leftovers
|-damage|p1a: Umbreon|32/100|[from] Leech Seed|[of] p2a: Ogerpon
|upkeep
|turn|20
|
|t:|1778497949
|move|p2a: Ogerpon|Horn Leech|p1a: Umbreon
|-damage|p1a: Umbreon|0 fnt
|faint|p1a: Umbreon
|
|upkeep
|-message|Crespomac forfeited.
|
|win|swaggercaptain
|raw|Crespomac's rating: 1202 &rarr; <strong>1178</strong><br />(-24 for losing)
|raw|swaggercaptain's rating: 1220 &rarr; <strong>1244</strong><br />(+24 for winning)
|l|☆Crespomac
|player|p1|
|l|☆swaggercaptain
|player|p2|
