|html|<div class="broadcast-blue"><strong>[Gen 9] OU is currently suspecting Tera Blast! For information on how to participate check out the <a href="https://www.smogon.com/tools/suspects/view/200">suspect thread</a>.</strong></div>
|j|☆tokiwakano
|j|☆birbirb
|t:|1776145678
|gametype|singles
|player|p1|tokiwakano|acetrainerf|1638
|player|p2|birbirb|pokemaniac|1556
|gen|9
|tier|[Gen 9] OU
|rated|
|rule|HP Percentage Mod: HP is shown in percentages
|rule|Endless Battle Clause: Forcing endless battles is banned
|rule|Species Clause: Limit one of each Pokémon
|rule|OHKO Clause: OHKO moves are banned
|rule|Evasion Items Clause: Evasion items are banned
|rule|Evasion Moves Clause: Evasion moves are banned
|rule|Evasion Abilities Clause: Evasion abilities are banned
|rule|Sleep Moves Clause: Sleep-inducing moves are banned
|clearpoke
|poke|p1|Great Tusk|
|poke|p1|Slowking-Galar, M|
|poke|p1|Corviknight, F|
|poke|p1|Clefable, F|
|poke|p1|Samurott-Hisui, M|
|poke|p1|Dragapult, F|
|poke|p2|Tyranitar, F|
|poke|p2|Gholdengo|
|poke|p2|Zamazenta-*|
|poke|p2|Rillaboom, F|
|poke|p2|Garchomp, F|
|poke|p2|Zapdos|
|teampreview
|inactive|Battle timer is ON: inactive players will automatically lose when time's up. (requested by tokiwakano)
|
|t:|1776145694
|teamsize|p1|6
|teamsize|p2|6
|start
|switch|p1a: Dragapult|Dragapult, F|100/100
|switch|p2a: Zapdos|Zapdos|100/100
|turn|1
|
|t:|1776145699
|move|p1a: Dragapult|Draco Meteor|p2a: Zapdos
|-damage|p2a: Zapdos|12/100
|-unboost|p1a: Dragapult|spa|2
|move|p2a: Zapdos|Volt Switch|p1a: Dragapult
|-resisted|p1a: Dragapult
|-damage|p1a: Dragapult|77/100
|
|t:|1776145702
|switch|p2a: Tyranitar|Tyranitar, F|100/100|[from] Volt Switch
|-weather|Sandstorm|[from] ability: Sand Stream|[of] p2a: Tyranitar
|
|-weather|Sandstorm|[upkeep]
|-damage|p1a: Dragapult|71/100|[from] Sandstorm
|upkeep
|turn|2
|
|t:|1776145709
|switch|p1a: Great Tusk|Great Tusk|100/100
|switch|p2a: Garchomp|Garchomp, F|100/100
|
|-weather|Sandstorm|[upkeep]
|upkeep
|turn|3
|
|t:|1776145714
|move|p1a: Great Tusk|Ice Spinner|p2a: Garchomp
|-supereffective|p2a: Garchomp
|-damage|p2a: Garchomp|32/100
|-damage|p1a: Great Tusk|88/100|[from] ability: Rough Skin|[of] p2a: Garchomp
|-damage|p1a: Great Tusk|72/100|[from] item: Rocky Helmet|[of] p2a: Garchomp
|move|p2a: Garchomp|Stealth Rock|p1a: Great Tusk
|-sidestart|p1: tokiwakano|move: Stealth Rock
|
|-weather|Sandstorm|[upkeep]
|-heal|p1a: Great Tusk|78/100|[from] item: Leftovers
|upkeep
|turn|4
|
|t:|1776145718
|switch|p2a: Gholdengo|Gholdengo|100/100
|-item|p2a: Gholdengo|Air Balloon
|move|p1a: Great Tusk|Ice Spinner|p2a: Gholdengo
|-resisted|p2a: Gholdengo
|-damage|p2a: Gholdengo|91/100
|-enditem|p2a: Gholdengo|Air Balloon
|
|-weather|Sandstorm|[upkeep]
|-heal|p1a: Great Tusk|84/100|[from] item: Leftovers
|upkeep
|turn|5
|
|t:|1776145721
|move|p1a: Great Tusk|Headlong Rush|p2a: Gholdengo
|-supereffective|p2a: Gholdengo
|-damage|p2a: Gholdengo|0 fnt
|-unboost|p1a: Great Tusk|def|1
|-unboost|p1a: Great Tusk|spd|1
|faint|p2a: Gholdengo
|
|-weather|none
|-heal|p1a: Great Tusk|90/100|[from] item: Leftovers
|upkeep
|
|t:|1776145724
|switch|p2a: Zapdos|Zapdos|12/100
|turn|6
|
|t:|1776145727
|-end|p1a: Great Tusk|Protosynthesis|[silent]
|switch|p1a: Slowking|Slowking-Galar, M|100/100
|-damage|p1a: Slowking|88/100|[from] Stealth Rock
|move|p2a: Zapdos|Hurricane|p1a: Slowking
|-damage|p1a: Slowking|61/100
|
|upkeep
|turn|7
|
|t:|1776145730
|move|p2a: Zapdos|Volt Switch|p1a: Slowking
|-damage|p1a: Slowking|45/100
|
|t:|1776145731
|switch|p2a: Tyranitar|Tyranitar, F|100/100|[from] Volt Switch
|-weather|Sandstorm|[from] ability: Sand Stream|[of] p2a: Tyranitar
|move|p1a: Slowking|Sludge Bomb|p2a: Tyranitar
|-resisted|p2a: Tyranitar
|-damage|p2a: Tyranitar|87/100
|
|-weather|Sandstorm|[upkeep]
|-damage|p1a: Slowking|39/100|[from] Sandstorm
|upkeep
|turn|8
|
|t:|1776145735
|switch|p1a: Great Tusk|Great Tusk|90/100
|-damage|p1a: Great Tusk|87/100|[from] Stealth Rock
|move|p2a: Tyranitar|Knock Off|p1a: Great Tusk
|-resisted|p1a: Great Tusk
|-damage|p1a: Great Tusk|69/100
|-enditem|p1a: Great Tusk|Leftovers|[from] move: Knock Off|[of] p2a: Tyranitar
|
|-weather|Sandstorm|[upkeep]
|upkeep
|turn|9
|
|t:|1776145740
|move|p1a: Great Tusk|Rapid Spin|p2a: Tyranitar
|-resisted|p2a: Tyranitar
|-damage|p2a: Tyranitar|78/100
|-boost|p1a: Great Tusk|spe|1
|-sideend|p1: tokiwakano|Stealth Rock|[from] move: Rapid Spin|[of] p1a: Great Tusk
|move|p2a: Tyranitar|Ice Punch|p1a: Great Tusk
|-supereffective|p1a: Great Tusk
|-crit|p1a: Great Tusk
|-damage|p1a: Great Tusk|16/100
|
|-weather|Sandstorm|[upkeep]
|upkeep
|turn|10
|-message|birbirb forfeited.
|
|win|tokiwakano
|raw|tokiwakano's rating: 1638 &rarr; <strong>1653</strong><br />(+15 for winning)
|raw|birbirb's rating: 1556 &rarr; <strong>1541</strong><br />(-15 for losing)
|l|☆birbirb
|player|p2|
