|html|<div class="broadcast-blue"><strong>[Gen 9] OU is currently suspecting Tera Blast! For information on how to participate check out the <a href="https://www.smogon.com/tools/suspects/view/200">suspect thread</a>.</strong></div>
|j|☆Princessjosie1001!
|j|☆kopv18
|t:|1776188035
|gametype|singles
|player|p1|Princessjosie1001!|nurse|1513
|player|p2|kopv18|bugcatcher-gen4dp|1525
|gen|9
|tier|[Gen 9] OU
|rated|
|rule|HP Percentage Mod: HP is shown in percentages
|rule|Endless Battle Clause: Forcing endless battles is banned
|rule|Species Clause: Limit one of each Pokémon
|rule|OHKO Clause: OHKO moves are banned
|rule|Evasion Items Clause: Evasion items are banned
|rule|Evasion Moves Clause: Evasion moves are banned
|rule|Evasion Abilities Clause: Evasion abilities are banned
|rule|Sleep Moves Clause: Sleep-inducing moves are banned
|clearpoke
|poke|p1|Polteageist|
|poke|p1|Cloyster, M|
|poke|p1|Salazzle, F|
|poke|p1|Espeon, M|
|poke|p1|Alcremie, F|
|poke|p1|Dragonite, F|
|poke|p2|Tyranitar, M|
|poke|p2|Kingambit, M|
|poke|p2|Excadrill, F|
|poke|p2|Chimecho, F|
|poke|p2|Cinderace, M|
|poke|p2|Hydrapple, M|
|teampreview
|j| ohko_smeargle
|
|t:|1776188051
|teamsize|p1|6
|teamsize|p2|6
|start
|switch|p1a: Salazzle|Salazzle, F|100/100
|switch|p2a: Tyranitar|Tyranitar, M|100/100
|-weather|Sandstorm|[from] ability: Sand Stream|[of] p2a: Tyranitar
|turn|1
|
|t:|1776188058
|move|p1a: Salazzle|Toxic|p2a: Tyranitar
|-status|p2a: Tyranitar|tox
|move|p2a: Tyranitar|Stone Edge|p1a: Salazzle
|-supereffective|p1a: Salazzle
|-crit|p1a: Salazzle
|-enditem|p1a: Salazzle|Focus Sash
|-damage|p1a: Salazzle|1/100
|
|-weather|Sandstorm|[upkeep]
|-damage|p1a: Salazzle|0 fnt|[from] Sandstorm
|faint|p1a: Salazzle
|-damage|p2a: Tyranitar|94/100 tox|[from] psn
|upkeep
|
|t:|1776188071
|switch|p1a: No hazard allowed|Espeon, M|100/100
|turn|2
|
|t:|1776188077
|switch|p2a: Excadrill|Excadrill, F|100/100
|move|p1a: No hazard allowed|Trick|p2a: Excadrill
|-activate|p1a: No hazard allowed|move: Trick|[of] p2a: Excadrill
|-item|p2a: Excadrill|Choice Scarf|[from] move: Trick
|-item|p1a: No hazard allowed|Leftovers|[from] move: Trick
|
|-weather|Sandstorm|[upkeep]
|-damage|p1a: No hazard allowed|95/100|[from] Sandstorm
|-heal|p1a: No hazard allowed|100/100|[from] item: Leftovers
|upkeep
|turn|3
|
|t:|1776188086
|move|p2a: Excadrill|Iron Head|p1a: No hazard allowed
|-damage|p1a: No hazard allowed|12/100
|move|p1a: No hazard allowed|Shadow Ball|p2a: Excadrill
|-crit|p2a: Excadrill
|-damage|p2a: Excadrill|41/100
|
|-weather|Sandstorm|[upkeep]
|-damage|p1a: No hazard allowed|6/100|[from] Sandstorm
|-heal|p1a: No hazard allowed|12/100|[from] item: Leftovers
|upkeep
|turn|4
|
|t:|1776188095
|move|p2a: Excadrill|Iron Head|p1a: No hazard allowed
|-crit|p1a: No hazard allowed
|-damage|p1a: No hazard allowed|0 fnt
|faint|p1a: No hazard allowed
|
|-weather|Sandstorm|[upkeep]
|upkeep
|
|t:|1776188102
|switch|p1a: Cloyster|Cloyster, M|100/100
|turn|5
|
|t:|1776188105
|move|p2a: Excadrill|Iron Head|p1a: Cloyster
|-damage|p1a: Cloyster|61/100
|cant|p1a: Cloyster|flinch
|
|-weather|none
|upkeep
|turn|6
|
|t:|1776188111
|move|p2a: Excadrill|Iron Head|p1a: Cloyster
|-damage|p1a: Cloyster|20/100
|cant|p1a: Cloyster|flinch
|
|upkeep
|turn|7
|
|t:|1776188116
|move|p1a: Cloyster|Ice Shard|p2a: Excadrill
|-damage|p2a: Excadrill|15/100
|move|p2a: Excadrill|Iron Head|p1a: Cloyster
|-damage|p1a: Cloyster|0 fnt
|faint|p1a: Cloyster
|
|upkeep
|
|t:|1776188122
|switch|p1a: Dragonite|Dragonite, F|100/100
|turn|8
|
|t:|1776188126
|move|p1a: Dragonite|Extreme Speed|p2a: Excadrill
|-resisted|p2a: Excadrill
|-damage|p2a: Excadrill|0 fnt
|faint|p2a: Excadrill
|
|upkeep
|
|t:|1776188131
|switch|p2a: Hydrapple|Hydrapple, M|100/100
|turn|9
|
|t:|1776188137
|move|p1a: Dragonite|Dragon Claw|p2a: Hydrapple
|-supereffective|p2a: Hydrapple
|-crit|p2a: Hydrapple
|-damage|p2a: Hydrapple|2/100
|move|p2a: Hydrapple|Fickle Beam|p1a: Dragonite
|-supereffective|p1a: Dragonite
|-damage|p1a: Dragonite|39/100
|-enditem|p1a: Dragonite|Weakness Policy
|-boost|p1a: Dragonite|atk|2|[from] item: Weakness Policy
|-boost|p1a: Dragonite|spa|2|[from] item: Weakness Policy
|-damage|p2a: Hydrapple|0 fnt|[from] item: Life Orb
|faint|p2a: Hydrapple
|
|upkeep
|
|t:|1776188155
|switch|p2a: Cinderace|Cinderace, M|100/100
|turn|10
|
|t:|1776188169
|move|p1a: Dragonite|Extreme Speed|p2a: Cinderace
|-damage|p2a: Cinderace|5/100
|move|p2a: Cinderace|U-turn|p1a: Dragonite
|-start|p2a: Cinderace|typechange|Bug|[from] ability: Libero
|-resisted|p1a: Dragonite
|-damage|p1a: Dragonite|20/100
|
|t:|1776188173
|switch|p2a: Tyranitar|Tyranitar, M|94/100 tox|[from] U-turn
|-weather|Sandstorm|[from] ability: Sand Stream|[of] p2a: Tyranitar
|
|-weather|Sandstorm|[upkeep]
|-damage|p1a: Dragonite|14/100|[from] Sandstorm
|-damage|p2a: Tyranitar|88/100 tox|[from] psn
|upkeep
|turn|11
|
|t:|1776188184
|switch|p2a: Chimecho|Chimecho, F|100/100
|move|p1a: Dragonite|Earthquake|p2a: Chimecho
|-immune|p2a: Chimecho|[from] ability: Levitate
|
|-weather|Sandstorm|[upkeep]
|-damage|p1a: Dragonite|8/100|[from] Sandstorm
|-damage|p2a: Chimecho|94/100|[from] Sandstorm
|-heal|p2a: Chimecho|100/100|[from] item: Leftovers
|upkeep
|turn|12
|
|t:|1776188196
|move|p1a: Dragonite|Dragon Claw|p2a: Chimecho
|-damage|p2a: Chimecho|15/100
|move|p2a: Chimecho|Thunder Wave|p1a: Dragonite
|-status|p1a: Dragonite|par
|
|-weather|Sandstorm|[upkeep]
|-damage|p2a: Chimecho|9/100|[from] Sandstorm
|-damage|p1a: Dragonite|2/100 par|[from] Sandstorm
|-heal|p2a: Chimecho|15/100|[from] item: Leftovers
|upkeep
|turn|13
|
|t:|1776188205
|cant|p1a: Dragonite|par
|move|p2a: Chimecho|Future Sight|p1a: Dragonite
|-start|p2a: Chimecho|move: Future Sight
|
|-weather|Sandstorm|[upkeep]
|-damage|p2a: Chimecho|9/100|[from] Sandstorm
|-damage|p1a: Dragonite|0 fnt|[from] Sandstorm
|faint|p1a: Dragonite
|-heal|p2a: Chimecho|15/100|[from] item: Leftovers
|upkeep
|
|t:|1776188215
|switch|p1a: Polteageist|Polteageist|100/100
|turn|14
|
|t:|1776188224
|move|p1a: Polteageist|Shadow Ball|p2a: Chimecho
|-supereffective|p2a: Chimecho
|-damage|p2a: Chimecho|0 fnt
|faint|p2a: Chimecho
|
|-weather|none
|upkeep
|
|t:|1776188230
|switch|p2a: Cinderace|Cinderace, M|5/100
|turn|15
|
|t:|1776188234
|move|p2a: Cinderace|Pyro Ball|p1a: Polteageist
|-enditem|p1a: Polteageist|Focus Sash
|-damage|p1a: Polteageist|1/100
|-ability|p1a: Polteageist|Weak Armor|boost
|-unboost|p1a: Polteageist|def|1
|-boost|p1a: Polteageist|spe|2
|move|p1a: Polteageist|Shadow Ball|p2a: Cinderace
|-damage|p2a: Cinderace|0 fnt
|faint|p2a: Cinderace
|
|-end|p1a: Polteageist|move: Future Sight
|-damage|p1a: Polteageist|0 fnt
|faint|p1a: Polteageist
|upkeep
|
|t:|1776188250
|switch|p2a: Kingambit|Kingambit, M|100/100
|switch|p1a: Alcremie|Alcremie, F|100/100
|-activate|p2a: Kingambit|ability: Supreme Overlord
|-start|p2a: Kingambit|fallen4|[silent]
|turn|16
|j| volbeatluvr
|
|t:|1776188257
|-terastallize|p1a: Alcremie|Steel
|move|p2a: Kingambit|Swords Dance|p2a: Kingambit
|-boost|p2a: Kingambit|atk|2
|move|p1a: Alcremie|Acid Armor|p1a: Alcremie
|-boost|p1a: Alcremie|def|2
|
|upkeep
|turn|17
|
|t:|1776188263
|move|p2a: Kingambit|Low Kick|p1a: Alcremie
|-supereffective|p1a: Alcremie
|-damage|p1a: Alcremie|73/100
|move|p1a: Alcremie|Acid Armor|p1a: Alcremie
|-boost|p1a: Alcremie|def|2
|
|upkeep
|turn|18
|
|t:|1776188270
|move|p2a: Kingambit|Swords Dance|p2a: Kingambit
|-boost|p2a: Kingambit|atk|2
|move|p1a: Alcremie|Acid Armor|p1a: Alcremie
|-boost|p1a: Alcremie|def|2
|
|upkeep
|turn|19
|
|t:|1776188277
|move|p2a: Kingambit|Swords Dance|p2a: Kingambit
|-boost|p2a: Kingambit|atk|2
|move|p1a: Alcremie|Calm Mind|p1a: Alcremie
|-boost|p1a: Alcremie|spa|1
|-boost|p1a: Alcremie|spd|1
|
|upkeep
|turn|20
|
|t:|1776188283
|move|p2a: Kingambit|Iron Head|p1a: Alcremie
|-resisted|p1a: Alcremie
|-damage|p1a: Alcremie|31/100
|cant|p1a: Alcremie|flinch
|
|upkeep
|turn|21
|
|t:|1776188288
|move|p2a: Kingambit|Iron Head|p1a: Alcremie
|-resisted|p1a: Alcremie
|-damage|p1a: Alcremie|0 fnt
|faint|p1a: Alcremie
|
|win|kopv18
|raw|Princessjosie1001!'s rating: 1513 &rarr; <strong>1494</strong><br />(-19 for losing)
|raw|kopv18's rating: 1525 &rarr; <strong>1544</strong><br />(+19 for winning)
|l| ohko_smeargle
|l|☆Princessjosie1001!
|player|p1|
