|html|<div class="broadcast-blue"><strong>[Gen 9] OU is currently suspecting Tera Blast! For information on how to participate check out the <a href="https://www.smogon.com/tools/suspects/view/200">suspect thread</a>.</strong></div>
|j|☆GreenSpot
|j|‽abat489
|t:|1776092204
|gametype|singles
|player|p1|GreenSpot|skyla|1251
|player|p2|abat489|backpacker|1309
|gen|9
|tier|[Gen 9] OU
|rated|
|rule|HP Percentage Mod: HP is shown in percentages
|rule|Endless Battle Clause: Forcing endless battles is banned
|rule|Species Clause: Limit one of each Pokémon
|rule|OHKO Clause: OHKO moves are banned
|rule|Evasion Items Clause: Evasion items are banned
|rule|Evasion Moves Clause: Evasion moves are banned
|rule|Evasion Abilities Clause: Evasion abilities are banned
|rule|Sleep Moves Clause: Sleep-inducing moves are banned
|clearpoke
|poke|p1|Meowscarada, M|
|poke|p1|Scizor, F|
|poke|p1|Garchomp, M|
|poke|p1|Raikou|
|poke|p1|Sylveon, M|
|poke|p1|Metagross|
|poke|p2|Tyranitar, F|
|poke|p2|Toxapex, M|
|poke|p2|Dragapult, M|
|poke|p2|Gliscor, F|
|poke|p2|Slither Wing|
|poke|p2|Gholdengo|
|teampreview
|j| ohko_smeargle
|inactive|Battle timer is ON: inactive players will automatically lose when time's up. (requested by abat489)
|inactive|GreenSpot also wants the timer to be on.
|inactive|GreenSpot has 120 seconds left.
|
|t:|1776092244
|teamsize|p1|6
|teamsize|p2|6
|start
|switch|p1a: Meowscarada|Meowscarada, M|100/100
|switch|p2a: Gliscor|Gliscor, F|100/100
|turn|1
|inactive|abat489 has 120 seconds left.
|
|t:|1776092287
|move|p2a: Gliscor|Protect|p2a: Gliscor
|-singleturn|p2a: Gliscor|Protect
|move|p1a: Meowscarada|Knock Off|p2a: Gliscor
|-start|p1a: Meowscarada|typechange|Dark|[from] ability: Protean
|-activate|p2a: Gliscor|move: Protect
|
|-status|p2a: Gliscor|tox|[from] item: Toxic Orb
|upkeep
|turn|2
|
|t:|1776092295
|switch|p2a: Slither Wing|Slither Wing|100/100
|move|p1a: Meowscarada|Triple Axel|p2a: Slither Wing
|-damage|p2a: Slither Wing|95/100
|-damage|p2a: Slither Wing|85/100
|-damage|p2a: Slither Wing|71/100
|-hitcount|p2a: Slither Wing|3
|
|upkeep
|turn|3
|inactive|abat489 has 120 seconds left.
|
|t:|1776092318
|switch|p1a: Metagross|Metagross|100/100
|move|p2a: Slither Wing|U-turn|p1a: Metagross
|-damage|p1a: Metagross|76/100
|
|t:|1776092332
|-end|p2a: Slither Wing|Protosynthesis|[silent]
|switch|p2a: Gholdengo|Gholdengo|100/100|[from] U-turn
|
|upkeep
|turn|4
|
|t:|1776092338
|move|p2a: Gholdengo|Shadow Ball|p1a: Metagross
|-supereffective|p1a: Metagross
|-damage|p1a: Metagross|0 fnt
|faint|p1a: Metagross
|
|upkeep
|
|t:|1776092345
|switch|p1a: Scizor|Scizor, F|100/100
|turn|5
|inactive|abat489 has 120 seconds left.
|
|t:|1776092358
|move|p2a: Gholdengo|Shadow Ball|p1a: Scizor
|-damage|p1a: Scizor|47/100
|move|p1a: Scizor|Knock Off|p2a: Gholdengo
|-supereffective|p2a: Gholdengo
|-damage|p2a: Gholdengo|13/100
|-enditem|p2a: Gholdengo|Choice Scarf|[from] move: Knock Off|[of] p1a: Scizor
|
|upkeep
|turn|6
|
|t:|1776092367
|switch|p2a: Slither Wing|Slither Wing|71/100
|move|p1a: Scizor|Bullet Punch|p2a: Slither Wing
|-damage|p2a: Slither Wing|45/100
|
|upkeep
|turn|7
|inactive|abat489 has 120 seconds left.
|inactive|abat489 has 90 seconds left.
|
|t:|1776092422
|move|p1a: Scizor|Bullet Punch|p2a: Slither Wing
|-damage|p2a: Slither Wing|18/100
|move|p2a: Slither Wing|Will-O-Wisp|p1a: Scizor
|-status|p1a: Scizor|brn
|
|-damage|p1a: Scizor|41/100 brn|[from] brn
|upkeep
|turn|8
|
|t:|1776092439
|move|p1a: Scizor|Bullet Punch|p2a: Slither Wing
|-damage|p2a: Slither Wing|5/100
|move|p2a: Slither Wing|Morning Sun|p2a: Slither Wing
|-heal|p2a: Slither Wing|55/100
|
|-damage|p1a: Scizor|35/100 brn|[from] brn
|upkeep
|turn|9
|inactive|abat489 has 90 seconds left.
|
|t:|1776092461
|move|p2a: Slither Wing|Morning Sun|p2a: Slither Wing
|-heal|p2a: Slither Wing|100/100
|move|p1a: Scizor|Swords Dance|p1a: Scizor
|-boost|p1a: Scizor|atk|2
|
|-damage|p1a: Scizor|29/100 brn|[from] brn
|upkeep
|turn|10
|
|t:|1776092482
|move|p1a: Scizor|Bullet Punch|p2a: Slither Wing
|-crit|p2a: Slither Wing
|-damage|p2a: Slither Wing|58/100
|move|p2a: Slither Wing|Low Kick|p1a: Scizor
|-damage|p1a: Scizor|0 fnt
|faint|p1a: Scizor
|
|upkeep
|
|t:|1776092489
|switch|p1a: Sylveon|Sylveon, M, shiny|100/100
|turn|11
|
|t:|1776092506
|move|p1a: Sylveon|Psychic|p2a: Slither Wing
|-supereffective|p2a: Slither Wing
|-damage|p2a: Slither Wing|3/100
|move|p2a: Slither Wing|U-turn|p1a: Sylveon
|-resisted|p1a: Sylveon
|-damage|p1a: Sylveon|78/100
|
|t:|1776092511
|-end|p2a: Slither Wing|Protosynthesis|[silent]
|switch|p2a: Gholdengo|Gholdengo|13/100|[from] U-turn
|
|upkeep
|turn|12
|
|t:|1776092519
|switch|p1a: Raikou|Raikou|100/100
|-ability|p1a: Raikou|Pressure
|move|p2a: Gholdengo|Make It Rain|p1a: Raikou
|-resisted|p1a: Raikou
|-damage|p1a: Raikou|69/100
|-unboost|p2a: Gholdengo|spa|1
|
|upkeep
|turn|13
|inactive|abat489 has 90 seconds left.
|
|t:|1776092567
|switch|p2a: Tyranitar|Tyranitar, F|100/100
|-weather|Sandstorm|[from] ability: Sand Stream|[of] p2a: Tyranitar
|move|p1a: Raikou|Scald|p2a: Tyranitar
|-supereffective|p2a: Tyranitar
|-damage|p2a: Tyranitar|78/100
|
|-weather|Sandstorm|[upkeep]
|-damage|p1a: Raikou|63/100|[from] Sandstorm
|upkeep
|turn|14
|
|t:|1776092578
|move|p1a: Raikou|Volt Switch|p2a: Tyranitar
|-damage|p2a: Tyranitar|64/100
|
|t:|1776092581
|switch|p1a: Garchomp|Garchomp, M|100/100|[from] Volt Switch
|move|p2a: Tyranitar|Stealth Rock|p1a: Garchomp
|-sidestart|p1: GreenSpot|move: Stealth Rock
|
|-weather|Sandstorm|[upkeep]
|upkeep
|turn|15
|inactive|abat489 has 90 seconds left.
|inactive|abat489 has 60 seconds left.
|
|t:|1776092634
|move|p1a: Garchomp|Stealth Rock|p2a: Tyranitar
|-sidestart|p2: abat489|move: Stealth Rock
|move|p2a: Tyranitar|Ice Beam|p1a: Garchomp
|-supereffective|p1a: Garchomp
|-damage|p1a: Garchomp|13/100
|
|-weather|Sandstorm|[upkeep]
|upkeep
|turn|16
|
|t:|1776092652
|switch|p2a: Gliscor|Gliscor, F|100/100 tox
|-damage|p2a: Gliscor|88/100 tox|[from] Stealth Rock
|move|p1a: Garchomp|Earthquake|p2a: Gliscor
|-immune|p2a: Gliscor
|
|-weather|Sandstorm|[upkeep]
|-heal|p2a: Gliscor|100/100 tox|[from] ability: Poison Heal
|upkeep
|turn|17
|inactive|abat489 has 60 seconds left.
|
|t:|1776092661
|move|p1a: Garchomp|Outrage|p2a: Gliscor
|-crit|p2a: Gliscor
|-damage|p2a: Gliscor|41/100 tox
|move|p2a: Gliscor|Earthquake|p1a: Garchomp
|-damage|p1a: Garchomp|0 fnt
|faint|p1a: Garchomp
|
|-weather|Sandstorm|[upkeep]
|-heal|p2a: Gliscor|53/100 tox|[from] ability: Poison Heal
|upkeep
|
|t:|1776092676
|switch|p1a: Meowscarada|Meowscarada, M|100/100
|turn|18
|inactive|abat489 has 60 seconds left.
|
|t:|1776092693
|move|p2a: Gliscor|Protect|p2a: Gliscor
|-singleturn|p2a: Gliscor|Protect
|move|p1a: Meowscarada|Knock Off|p2a: Gliscor
|-start|p1a: Meowscarada|typechange|Dark|[from] ability: Protean
|-activate|p2a: Gliscor|move: Protect
|
|-weather|Sandstorm|[upkeep]
|-damage|p1a: Meowscarada|94/100|[from] Sandstorm
|-heal|p2a: Gliscor|66/100 tox|[from] ability: Poison Heal
|upkeep
|turn|19
|inactive|abat489 has 60 seconds left.
|
|t:|1776092705
|switch|p2a: Gholdengo|Gholdengo|13/100
|-damage|p2a: Gholdengo|7/100|[from] Stealth Rock
|move|p1a: Meowscarada|Triple Axel|p2a: Gholdengo
|-resisted|p2a: Gholdengo
|-damage|p2a: Gholdengo|3/100
|-resisted|p2a: Gholdengo
|-damage|p2a: Gholdengo|0 fnt
|faint|p2a: Gholdengo
|-hitcount|p2: Gholdengo|2
|
|-weather|Sandstorm|[upkeep]
|-damage|p1a: Meowscarada|88/100|[from] Sandstorm
|upkeep
|inactive|abat489 has 60 seconds left.
|
|t:|1776092730
|switch|p2a: Toxapex|Toxapex, M|100/100
|turn|20
|
|t:|1776092740
|move|p1a: Meowscarada|Knock Off|p2a: Toxapex
|-damage|p2a: Toxapex|65/100
|-enditem|p2a: Toxapex|Heavy-Duty Boots|[from] move: Knock Off|[of] p1a: Meowscarada
|move|p2a: Toxapex|Toxic|p1a: Meowscarada
|-status|p1a: Meowscarada|tox
|
|-weather|none
|-damage|p1a: Meowscarada|82/100 tox|[from] psn
|upkeep
|turn|21
|
|t:|1776092748
|move|p1a: Meowscarada|U-turn|p2a: Toxapex
|-resisted|p2a: Toxapex
|-damage|p2a: Toxapex|56/100
|
|t:|1776092751
|switch|p1a: Raikou|Raikou|63/100|[from] U-turn
|-ability|p1a: Raikou|Pressure
|move|p2a: Toxapex|Recover|p2a: Toxapex
|-heal|p2a: Toxapex|100/100
|
|upkeep
|turn|22
|
|t:|1776092758
|-terastallize|p2a: Toxapex|Steel
|move|p1a: Raikou|Scald|p2a: Toxapex
|-damage|p2a: Toxapex|85/100
|move|p2a: Toxapex|Toxic|p1a: Raikou
|-status|p1a: Raikou|tox
|
|-damage|p1a: Raikou|57/100 tox|[from] psn
|upkeep
|turn|23
|
|t:|1776092767
|move|p1a: Raikou|Aura Sphere|p2a: Toxapex
|-supereffective|p2a: Toxapex
|-damage|p2a: Toxapex|55/100
|move|p2a: Toxapex|Infestation|p1a: Raikou
|-damage|p1a: Raikou|53/100 tox
|-activate|p1a: Raikou|move: Infestation|[of] p2a: Toxapex
|
|-damage|p1a: Raikou|41/100 tox|[from] psn
|-damage|p1a: Raikou|28/100 tox|[from] move: Infestation|[partiallytrapped]
|upkeep
|turn|24
|inactive|abat489 has 90 seconds left.
|-message|GreenSpot forfeited.
|
|win|abat489
|raw|GreenSpot's rating: 1251 &rarr; <strong>1229</strong><br />(-22 for losing)
|raw|abat489's rating: 1286 &rarr; <strong>1308</strong><br />(+22 for winning)
|l|☆GreenSpot
|player|p1|
|l|‽abat489
|player|p2|
