|html|<div class="broadcast-blue"><strong>[Gen 9] OU is currently suspecting Volcarona! For information on how to participate check out the <a href="https://www.smogon.com/tools/suspects/view/208">suspect thread</a>.</strong></div>
|j|☆ragingsquirtle420
|j|☆151htyrneh
|t:|1778511094
|gametype|singles
|player|p1|ragingsquirtle420|pokemonbreederf-gen4|1683
|player|p2|151htyrneh|unknownf|1578
|gen|9
|tier|[Gen 9] OU
|rated|
|rule|HP Percentage Mod: HP is shown in percentages
|rule|Endless Battle Clause: Forcing endless battles is banned
|rule|Species Clause: Limit one of each Pokémon
|rule|OHKO Clause: OHKO moves are banned
|rule|Evasion Items Clause: Evasion items are banned
|rule|Evasion Moves Clause: Evasion moves are banned
|rule|Evasion Abilities Clause: Evasion abilities are banned
|rule|Sleep Moves Clause: Sleep-inducing moves are banned
|clearpoke
|poke|p1|Kyurem|
|poke|p1|Rillaboom, F|
|poke|p1|Garganacl, M|
|poke|p1|Pecharunt|
|poke|p1|Iron Treads|
|poke|p1|Zamazenta-*|
|poke|p2|Dondozo, F|
|poke|p2|Blissey, F|
|poke|p2|Gliscor, F|
|poke|p2|Toxapex, F|
|poke|p2|Mandibuzz, F|
|poke|p2|Talonflame, F|
|teampreview
|inactive|Battle timer is ON: inactive players will automatically lose when time's up. (requested by 151htyrneh)
|inactive|151htyrneh has 120 seconds left.
|
|t:|1778511128
|teamsize|p1|6
|teamsize|p2|6
|start
|switch|p1a: Kyurem|Kyurem|100/100
|switch|p2a: Gliscor|Gliscor, F|100/100
|-ability|p1a: Kyurem|Pressure
|turn|1
|
|t:|1778511132
|move|p2a: Gliscor|Protect|p2a: Gliscor
|-singleturn|p2a: Gliscor|Protect
|move|p1a: Kyurem|Substitute|p1a: Kyurem
|-start|p1a: Kyurem|Substitute
|-damage|p1a: Kyurem|76/100
|
|-heal|p1a: Kyurem|82/100|[from] item: Leftovers
|-status|p2a: Gliscor|tox|[from] item: Toxic Orb
|upkeep
|turn|2
|
|t:|1778511138
|switch|p2a: Blissey|Blissey, F|100/100
|move|p1a: Kyurem|Freeze-Dry|p2a: Blissey
|-damage|p2a: Blissey|89/100
|
|-heal|p1a: Kyurem|88/100|[from] item: Leftovers
|-heal|p2a: Blissey|96/100|[from] item: Leftovers
|upkeep
|turn|3
|
|t:|1778511144
|move|p1a: Kyurem|Freeze-Dry|p2a: Blissey
|-damage|p2a: Blissey|85/100
|-status|p2a: Blissey|frz
|cant|p2a: Blissey|frz
|
|-heal|p1a: Kyurem|94/100|[from] item: Leftovers
|-heal|p2a: Blissey|91/100 frz|[from] item: Leftovers
|upkeep
|turn|4
|
|t:|1778511156
|switch|p1a: Rillaboom|Rillaboom, F|100/100
|-fieldstart|move: Grassy Terrain|[from] ability: Grassy Surge|[of] p1a: Rillaboom
|-curestatus|p2a: Blissey|frz|[from] ability: Natural Cure|[silent]
|switch|p2a: Toxapex|Toxapex, F|100/100
|
|upkeep
|turn|5
|
|t:|1778511162
|switch|p1a: Iron Treads|Iron Treads|100/100
|switch|p2a: Talonflame|Talonflame, F|100/100
|
|upkeep
|turn|6
|
|t:|1778511165
|move|p1a: Iron Treads|Knock Off|p2a: Talonflame
|-damage|p2a: Talonflame|73/100
|-enditem|p2a: Talonflame|Heavy-Duty Boots|[from] move: Knock Off|[of] p1a: Iron Treads
|move|p2a: Talonflame|Will-O-Wisp|p1a: Iron Treads
|-status|p1a: Iron Treads|brn
|
|-damage|p1a: Iron Treads|94/100 brn|[from] brn
|upkeep
|turn|7
|
|t:|1778511170
|-end|p1a: Iron Treads|Quark Drive|[silent]
|switch|p1a: Garganacl|Garganacl, M|100/100
|move|p2a: Talonflame|Roost|p2a: Talonflame
|-heal|p2a: Talonflame|100/100
|-singleturn|p2a: Talonflame|move: Roost
|
|upkeep
|turn|8
|
|t:|1778511175
|switch|p2a: Gliscor|Gliscor, F|100/100 tox
|move|p1a: Garganacl|Stealth Rock|p2a: Gliscor
|-sidestart|p2: 151htyrneh|move: Stealth Rock
|
|-fieldend|move: Grassy Terrain
|upkeep
|turn|9
|
|t:|1778511177
|move|p2a: Gliscor|Knock Off|p1a: Garganacl
|-damage|p1a: Garganacl|86/100
|-enditem|p1a: Garganacl|Leftovers|[from] move: Knock Off|[of] p2a: Gliscor
|move|p1a: Garganacl|Salt Cure|p2a: Gliscor
|-damage|p2a: Gliscor|89/100 tox
|-start|p2a: Gliscor|Salt Cure
|
|-heal|p2a: Gliscor|100/100 tox|[from] ability: Poison Heal
|-damage|p2a: Gliscor|88/100 tox|[from] Salt Cure
|upkeep
|turn|10
|
|t:|1778511184
|switch|p1a: Iron Treads|Iron Treads|94/100 brn
|move|p2a: Gliscor|Earthquake|p1a: Iron Treads
|-supereffective|p1a: Iron Treads
|-damage|p1a: Iron Treads|41/100 brn
|
|-heal|p2a: Gliscor|100/100 tox|[from] ability: Poison Heal
|-damage|p1a: Iron Treads|35/100 brn|[from] brn
|-damage|p2a: Gliscor|88/100 tox|[from] Salt Cure
|upkeep
|turn|11
|
|t:|1778511192
|-end|p1a: Iron Treads|Quark Drive|[silent]
|switch|p1a: Kyurem|Kyurem|94/100
|-ability|p1a: Kyurem|Pressure
|switch|p2a: Mandibuzz|Mandibuzz, F|100/100
|
|-heal|p1a: Kyurem|99/100|[from] item: Leftovers
|upkeep
|turn|12
|
|t:|1778511200
|switch|p1a: Rillaboom|Rillaboom, F|100/100
|-fieldstart|move: Grassy Terrain|[from] ability: Grassy Surge|[of] p1a: Rillaboom
|switch|p2a: Blissey|Blissey, F|91/100
|-damage|p2a: Blissey|78/100|[from] Stealth Rock
|
|-heal|p2a: Blissey|85/100|[from] Grassy Terrain
|-heal|p2a: Blissey|91/100|[from] item: Leftovers
|upkeep
|turn|13
|
|t:|1778511208
|switch|p2a: Talonflame|Talonflame, F|100/100
|-damage|p2a: Talonflame|51/100|[from] Stealth Rock
|move|p1a: Rillaboom|U-turn|p2a: Talonflame
|-resisted|p2a: Talonflame
|-damage|p2a: Talonflame|42/100
|-status|p1a: Rillaboom|brn|[from] ability: Flame Body|[of] p2a: Talonflame
|
|t:|1778511214
|switch|p1a: Garganacl|Garganacl, M|86/100|[from] U-turn
|
|-heal|p1a: Garganacl|92/100|[from] Grassy Terrain
|upkeep
|turn|14
|
|t:|1778511225
|move|p2a: Talonflame|Roost|p2a: Talonflame
|-heal|p2a: Talonflame|92/100
|-singleturn|p2a: Talonflame|move: Roost
|move|p1a: Garganacl|Salt Cure|p2a: Talonflame
|-supereffective|p2a: Talonflame
|-damage|p2a: Talonflame|67/100
|-start|p2a: Talonflame|Salt Cure
|
|-heal|p2a: Talonflame|73/100|[from] Grassy Terrain
|-heal|p1a: Garganacl|98/100|[from] Grassy Terrain
|-damage|p2a: Talonflame|61/100|[from] Salt Cure
|upkeep
|turn|15
|
|t:|1778511229
|switch|p2a: Mandibuzz|Mandibuzz, F|100/100
|move|p1a: Garganacl|Salt Cure|p2a: Mandibuzz
|-supereffective|p2a: Mandibuzz
|-damage|p2a: Mandibuzz|82/100
|-start|p2a: Mandibuzz|Salt Cure
|
|-heal|p1a: Garganacl|100/100|[from] Grassy Terrain
|-damage|p2a: Mandibuzz|70/100|[from] Salt Cure
|upkeep
|turn|16
|
|t:|1778511233
|switch|p1a: Kyurem|Kyurem|99/100
|-ability|p1a: Kyurem|Pressure
|move|p2a: Mandibuzz|Defog|p1a: Kyurem
|-unboost|p1a: Kyurem|evasion|1
|-sideend|p2: 151htyrneh|Stealth Rock|[from] move: Defog|[of] p2a: Mandibuzz
|-fieldend|move: Grassy Terrain
|
|-heal|p1a: Kyurem|100/100|[from] item: Leftovers
|-damage|p2a: Mandibuzz|57/100|[from] Salt Cure
|upkeep
|turn|17
|
|t:|1778511236
|switch|p1a: Rillaboom|Rillaboom, F|100/100 brn
|-fieldstart|move: Grassy Terrain|[from] ability: Grassy Surge|[of] p1a: Rillaboom
|switch|p2a: Blissey|Blissey, F|91/100
|
|-heal|p2a: Blissey|97/100|[from] Grassy Terrain
|-heal|p2a: Blissey|100/100|[from] item: Leftovers
|-damage|p1a: Rillaboom|94/100 brn|[from] brn
|upkeep
|turn|18
|
|t:|1778511241
|move|p1a: Rillaboom|U-turn|p2a: Blissey
|-damage|p2a: Blissey|81/100
|
|t:|1778511243
|switch|p1a: Garganacl|Garganacl, M|100/100|[from] U-turn
|move|p2a: Blissey|Stealth Rock|p1a: Garganacl
|-sidestart|p1: ragingsquirtle420|move: Stealth Rock
|
|-heal|p2a: Blissey|87/100|[from] Grassy Terrain
|-heal|p2a: Blissey|93/100|[from] item: Leftovers
|upkeep
|turn|19
|j| angel engine
|
|t:|1778511247
|switch|p2a: Gliscor|Gliscor, F|88/100 tox
|move|p1a: Garganacl|Salt Cure|p2a: Gliscor
|-damage|p2a: Gliscor|77/100 tox
|-start|p2a: Gliscor|Salt Cure
|
|-heal|p2a: Gliscor|89/100 tox|[from] ability: Poison Heal
|-damage|p2a: Gliscor|77/100 tox|[from] Salt Cure
|upkeep
|turn|20
|
|t:|1778511249
|move|p2a: Gliscor|Spikes|p1a: Garganacl
|-sidestart|p1: ragingsquirtle420|Spikes
|move|p1a: Garganacl|Stealth Rock|p2a: Gliscor
|-sidestart|p2: 151htyrneh|move: Stealth Rock
|
|-heal|p2a: Gliscor|89/100 tox|[from] ability: Poison Heal
|-damage|p2a: Gliscor|77/100 tox|[from] Salt Cure
|upkeep
|turn|21
|
|t:|1778511252
|switch|p1a: Kyurem|Kyurem|100/100
|-damage|p1a: Kyurem|76/100|[from] Stealth Rock
|-damage|p1a: Kyurem|63/100|[from] Spikes
|-ability|p1a: Kyurem|Pressure
|move|p2a: Gliscor|Spikes|p1a: Kyurem
|-sidestart|p1: ragingsquirtle420|Spikes
|
|-heal|p1a: Kyurem|69/100|[from] Grassy Terrain
|-heal|p1a: Kyurem|76/100|[from] item: Leftovers
|-heal|p2a: Gliscor|89/100 tox|[from] ability: Poison Heal
|-damage|p2a: Gliscor|77/100 tox|[from] Salt Cure
|-fieldend|move: Grassy Terrain
|upkeep
|turn|22
|l|☆151htyrneh
|inactive|151htyrneh disconnected and has a minute to reconnect!
|player|p2|
|j| snus epok nr 1
|j|☆151htyrneh
|inactive|151htyrneh reconnected and has 125 seconds left.
|player|p2|151htyrneh|unknownf|
|inactive|151htyrneh has 120 seconds left.
|j| psoe=mafia
|j| Light SV
|inactive|151htyrneh has 90 seconds left.
|
|t:|1778511314
|switch|p2a: Blissey|Blissey, F|93/100
|-damage|p2a: Blissey|81/100|[from] Stealth Rock
|move|p1a: Kyurem|Substitute|p1a: Kyurem
|-start|p1a: Kyurem|Substitute
|-damage|p1a: Kyurem|51/100
|
|-heal|p1a: Kyurem|57/100|[from] item: Leftovers
|-heal|p2a: Blissey|87/100|[from] item: Leftovers
|upkeep
|turn|23
|
|t:|1778511318
|move|p1a: Kyurem|Protect|p1a: Kyurem
|-singleturn|p1a: Kyurem|Protect
|move|p2a: Blissey|Seismic Toss|p1a: Kyurem
|-activate|p1a: Kyurem|move: Protect
|
|-heal|p1a: Kyurem|63/100|[from] item: Leftovers
|-heal|p2a: Blissey|93/100|[from] item: Leftovers
|upkeep
|turn|24
|
|t:|1778511321
|move|p1a: Kyurem|Freeze-Dry|p2a: Blissey
|-damage|p2a: Blissey|81/100
|move|p2a: Blissey|Calm Mind|p2a: Blissey
|-boost|p2a: Blissey|spa|1
|-boost|p2a: Blissey|spd|1
|
|-heal|p1a: Kyurem|69/100|[from] item: Leftovers
|-heal|p2a: Blissey|87/100|[from] item: Leftovers
|upkeep
|turn|25
|
|t:|1778511324
|move|p1a: Kyurem|Freeze-Dry|p2a: Blissey
|-damage|p2a: Blissey|81/100
|move|p2a: Blissey|Calm Mind|p2a: Blissey
|-boost|p2a: Blissey|spa|1
|-boost|p2a: Blissey|spd|1
|
|-heal|p1a: Kyurem|75/100|[from] item: Leftovers
|-heal|p2a: Blissey|87/100|[from] item: Leftovers
|upkeep
|turn|26
|
|t:|1778511327
|move|p1a: Kyurem|Earth Power|p2a: Blissey
|-damage|p2a: Blissey|82/100
|move|p2a: Blissey|Calm Mind|p2a: Blissey
|-boost|p2a: Blissey|spa|1
|-boost|p2a: Blissey|spd|1
|
|-heal|p1a: Kyurem|81/100|[from] item: Leftovers
|-heal|p2a: Blissey|88/100|[from] item: Leftovers
|upkeep
|turn|27
|
|t:|1778511329
|move|p1a: Kyurem|Earth Power|p2a: Blissey
|-damage|p2a: Blissey|85/100
|move|p2a: Blissey|Seismic Toss|p1a: Kyurem
|-activate|p1a: Kyurem|move: Substitute|[damage]
|
|-heal|p1a: Kyurem|88/100|[from] item: Leftovers
|-heal|p2a: Blissey|91/100|[from] item: Leftovers
|upkeep
|turn|28
|
|t:|1778511335
|move|p1a: Kyurem|Earth Power|p2a: Blissey
|-damage|p2a: Blissey|87/100
|move|p2a: Blissey|Calm Mind|p2a: Blissey
|-boost|p2a: Blissey|spa|1
|-boost|p2a: Blissey|spd|1
|
|-heal|p1a: Kyurem|94/100|[from] item: Leftovers
|-heal|p2a: Blissey|94/100|[from] item: Leftovers
|upkeep
|turn|29
|l| psoe=mafia
|
|t:|1778511339
|move|p1a: Kyurem|Earth Power|p2a: Blissey
|-damage|p2a: Blissey|90/100
|move|p2a: Blissey|Seismic Toss|p1a: Kyurem
|-end|p1a: Kyurem|Substitute
|
|-heal|p1a: Kyurem|99/100|[from] item: Leftovers
|-heal|p2a: Blissey|97/100|[from] item: Leftovers
|upkeep
|turn|30
|
|t:|1778511342
|move|p1a: Kyurem|Substitute|p1a: Kyurem
|-start|p1a: Kyurem|Substitute
|-damage|p1a: Kyurem|75/100
|move|p2a: Blissey|Calm Mind|p2a: Blissey
|-boost|p2a: Blissey|spa|1
|-boost|p2a: Blissey|spd|1
|
|-heal|p1a: Kyurem|81/100|[from] item: Leftovers
|-heal|p2a: Blissey|100/100|[from] item: Leftovers
|upkeep
|turn|31
|
|t:|1778511345
|move|p1a: Kyurem|Freeze-Dry|p2a: Blissey
|-damage|p2a: Blissey|97/100
|move|p2a: Blissey|Calm Mind|p2a: Blissey
|-boost|p2a: Blissey|spa|1
|-boost|p2a: Blissey|spd|1
|
|-heal|p1a: Kyurem|87/100|[from] item: Leftovers
|-heal|p2a: Blissey|100/100|[from] item: Leftovers
|upkeep
|turn|32
|
|t:|1778511347
|move|p1a: Kyurem|Freeze-Dry|p2a: Blissey
|-damage|p2a: Blissey|98/100
|move|p2a: Blissey|Calm Mind|p2a: Blissey
|-boost|p2a: Blissey|spa|0
|-boost|p2a: Blissey|spd|0
|
|-heal|p1a: Kyurem|94/100|[from] item: Leftovers
|-heal|p2a: Blissey|100/100|[from] item: Leftovers
|upkeep
|turn|33
|
|t:|1778511350
|move|p1a: Kyurem|Freeze-Dry|p2a: Blissey
|-damage|p2a: Blissey|98/100
|move|p2a: Blissey|Calm Mind|p2a: Blissey
|-boost|p2a: Blissey|spa|0
|-boost|p2a: Blissey|spd|0
|
|-heal|p1a: Kyurem|99/100|[from] item: Leftovers
|-heal|p2a: Blissey|100/100|[from] item: Leftovers
|upkeep
|turn|34
|j| psoe=mafia
|
|t:|1778511355
|switch|p1a: Iron Treads|Iron Treads|35/100 brn
|-damage|p1a: Iron Treads|32/100 brn|[from] Stealth Rock
|-damage|p1a: Iron Treads|15/100 brn|[from] Spikes
|move|p2a: Blissey|Calm Mind|p2a: Blissey
|-boost|p2a: Blissey|spa|0
|-boost|p2a: Blissey|spd|0
|
|-damage|p1a: Iron Treads|9/100 brn|[from] brn
|upkeep
|turn|35
|
|t:|1778511357
|move|p1a: Iron Treads|Rapid Spin|p2a: Blissey
|-damage|p2a: Blissey|93/100
|-boost|p1a: Iron Treads|spe|1
|-sideend|p1: ragingsquirtle420|Spikes|[from] move: Rapid Spin|[of] p1a: Iron Treads
|-sideend|p1: ragingsquirtle420|Stealth Rock|[from] move: Rapid Spin|[of] p1a: Iron Treads
|move|p2a: Blissey|Seismic Toss|p1a: Iron Treads
|-damage|p1a: Iron Treads|0 fnt
|faint|p1a: Iron Treads
|-end|p1a: Iron Treads|Quark Drive|[silent]
|
|-heal|p2a: Blissey|99/100|[from] item: Leftovers
|upkeep
|
|t:|1778511359
|switch|p1a: Zamazenta|Zamazenta|100/100
|-ability|p1a: Zamazenta|Dauntless Shield|boost
|-boost|p1a: Zamazenta|def|1
|turn|36
|
|t:|1778511364
|switch|p2a: Toxapex|Toxapex, F|100/100
|-damage|p2a: Toxapex|88/100|[from] Stealth Rock
|move|p1a: Zamazenta|Roar|p2a: Toxapex
|drag|p2a: Dondozo|Dondozo, F|100/100
|-damage|p2a: Dondozo|88/100|[from] Stealth Rock
|
|-heal|p2a: Dondozo|94/100|[from] item: Leftovers
|upkeep
|turn|37
|
|t:|1778511368
|move|p2a: Dondozo|Body Press|p1a: Zamazenta
|-damage|p1a: Zamazenta|80/100
|move|p1a: Zamazenta|Roar|p2a: Dondozo
|drag|p2a: Talonflame|Talonflame, F|61/100
|-damage|p2a: Talonflame|11/100|[from] Stealth Rock
|
|-heal|p1a: Zamazenta|86/100|[from] item: Leftovers
|upkeep
|turn|38
|
|t:|1778511374
|switch|p2a: Toxapex|Toxapex, F|100/100
|-damage|p2a: Toxapex|88/100|[from] Stealth Rock
|move|p1a: Zamazenta|Body Press|p2a: Toxapex
|-resisted|p2a: Toxapex
|-damage|p2a: Toxapex|67/100
|
|-heal|p1a: Zamazenta|92/100|[from] item: Leftovers
|-heal|p2a: Toxapex|73/100|[from] item: Black Sludge
|upkeep
|turn|39
|
|t:|1778511377
|switch|p1a: Pecharunt|Pecharunt|100/100
|move|p2a: Toxapex|Sludge Bomb|p1a: Pecharunt
|-resisted|p1a: Pecharunt
|-damage|p1a: Pecharunt|96/100
|
|-heal|p2a: Toxapex|79/100|[from] item: Black Sludge
|upkeep
|turn|40
|
|t:|1778511384
|move|p1a: Pecharunt|Parting Shot|p2a: Toxapex
|-unboost|p2a: Toxapex|atk|1
|-unboost|p2a: Toxapex|spa|1
|
|t:|1778511386
|switch|p1a: Garganacl|Garganacl, M|100/100|[from] Parting Shot
|move|p2a: Toxapex|Toxic Spikes|p1a: Garganacl
|-sidestart|p1: ragingsquirtle420|move: Toxic Spikes
|
|-heal|p2a: Toxapex|85/100|[from] item: Black Sludge
|upkeep
|turn|41
|
|t:|1778511390
|switch|p2a: Mandibuzz|Mandibuzz, F|57/100
|move|p1a: Garganacl|Salt Cure|p2a: Mandibuzz
|-supereffective|p2a: Mandibuzz
|-damage|p2a: Mandibuzz|35/100
|-start|p2a: Mandibuzz|Salt Cure
|
|-damage|p2a: Mandibuzz|23/100|[from] Salt Cure
|upkeep
|turn|42
|
|t:|1778511392
|move|p2a: Mandibuzz|Roost|p2a: Mandibuzz
|-heal|p2a: Mandibuzz|73/100
|-singleturn|p2a: Mandibuzz|move: Roost
|move|p1a: Garganacl|Salt Cure|p2a: Mandibuzz
|-damage|p2a: Mandibuzz|63/100
|
|-damage|p2a: Mandibuzz|50/100|[from] Salt Cure
|upkeep
|turn|43
|
|t:|1778511396
|move|p2a: Mandibuzz|Roost|p2a: Mandibuzz
|-heal|p2a: Mandibuzz|100/100
|-singleturn|p2a: Mandibuzz|move: Roost
|move|p1a: Garganacl|Stealth Rock||[still]
|-fail|p1a: Garganacl
|
|-damage|p2a: Mandibuzz|88/100|[from] Salt Cure
|upkeep
|turn|44
|
|t:|1778511399
|switch|p1a: Pecharunt|Pecharunt|96/100
|-sideend|p1: ragingsquirtle420|move: Toxic Spikes|[of] p1a: Pecharunt
|move|p2a: Mandibuzz|Defog|p1a: Pecharunt
|-unboost|p1a: Pecharunt|evasion|1
|-sideend|p2: 151htyrneh|Stealth Rock|[from] move: Defog|[of] p2a: Mandibuzz
|
|-damage|p2a: Mandibuzz|75/100|[from] Salt Cure
|upkeep
|turn|45
|
|t:|1778511402
|switch|p2a: Toxapex|Toxapex, F|100/100
|move|p1a: Pecharunt|Parting Shot|p2a: Toxapex
|-unboost|p2a: Toxapex|atk|1
|-unboost|p2a: Toxapex|spa|1
|
|t:|1778511404
|switch|p1a: Garganacl|Garganacl, M|100/100|[from] Parting Shot
|
|upkeep
|turn|46
|
|t:|1778511405
|switch|p2a: Talonflame|Talonflame, F|11/100
|move|p1a: Garganacl|Stealth Rock|p2a: Talonflame
|-sidestart|p2: 151htyrneh|move: Stealth Rock
|
|upkeep
|turn|47
|
|t:|1778511409
|move|p2a: Talonflame|Roost|p2a: Talonflame
|-heal|p2a: Talonflame|61/100
|-singleturn|p2a: Talonflame|move: Roost
|move|p1a: Garganacl|Salt Cure|p2a: Talonflame
|-supereffective|p2a: Talonflame
|-damage|p2a: Talonflame|38/100
|-start|p2a: Talonflame|Salt Cure
|
|-damage|p2a: Talonflame|25/100|[from] Salt Cure
|upkeep
|turn|48
|
|t:|1778511411
|move|p2a: Talonflame|Roost|p2a: Talonflame
|-heal|p2a: Talonflame|75/100
|-singleturn|p2a: Talonflame|move: Roost
|move|p1a: Garganacl|Salt Cure|p2a: Talonflame
|-supereffective|p2a: Talonflame
|-damage|p2a: Talonflame|52/100
|
|-damage|p2a: Talonflame|40/100|[from] Salt Cure
|upkeep
|turn|49
|
|t:|1778511413
|move|p2a: Talonflame|Defog|p1a: Garganacl
|-unboost|p1a: Garganacl|evasion|1
|-sideend|p2: 151htyrneh|Stealth Rock|[from] move: Defog|[of] p2a: Talonflame
|move|p1a: Garganacl|Salt Cure|p2a: Talonflame
|-supereffective|p2a: Talonflame
|-damage|p2a: Talonflame|0 fnt
|faint|p2a: Talonflame
|
|upkeep
|
|t:|1778511416
|switch|p2a: Gliscor|Gliscor, F|77/100 tox
|turn|50
|
|t:|1778511419
|move|p2a: Gliscor|Earthquake|p1a: Garganacl
|-supereffective|p1a: Garganacl
|-damage|p1a: Garganacl|58/100
|move|p1a: Garganacl|Salt Cure|p2a: Gliscor
|-damage|p2a: Gliscor|66/100 tox
|-start|p2a: Gliscor|Salt Cure
|
|-heal|p2a: Gliscor|79/100 tox|[from] ability: Poison Heal
|-damage|p2a: Gliscor|66/100 tox|[from] Salt Cure
|upkeep
|turn|51
|
|t:|1778511423
|switch|p1a: Kyurem|Kyurem|99/100
|-ability|p1a: Kyurem|Pressure
|move|p2a: Gliscor|Earthquake|p1a: Kyurem
|-damage|p1a: Kyurem|69/100
|
|-heal|p1a: Kyurem|75/100|[from] item: Leftovers
|-heal|p2a: Gliscor|79/100 tox|[from] ability: Poison Heal
|-damage|p2a: Gliscor|66/100 tox|[from] Salt Cure
|upkeep
|turn|52
|
|t:|1778511428
|switch|p2a: Blissey|Blissey, F|99/100
|move|p1a: Kyurem|Freeze-Dry|p2a: Blissey
|-damage|p2a: Blissey|89/100
|
|-heal|p1a: Kyurem|81/100|[from] item: Leftovers
|-heal|p2a: Blissey|95/100|[from] item: Leftovers
|upkeep
|turn|53
|
|t:|1778511432
|switch|p1a: Garganacl|Garganacl, M|58/100
|move|p2a: Blissey|Stealth Rock|p1a: Garganacl
|-sidestart|p1: ragingsquirtle420|move: Stealth Rock
|
|-heal|p2a: Blissey|100/100|[from] item: Leftovers
|upkeep
|turn|54
|
|t:|1778511435
|switch|p2a: Gliscor|Gliscor, F|66/100 tox
|move|p1a: Garganacl|Stealth Rock|p2a: Gliscor
|-sidestart|p2: 151htyrneh|move: Stealth Rock
|
|-heal|p2a: Gliscor|79/100 tox|[from] ability: Poison Heal
|upkeep
|turn|55
|
|t:|1778511437
|move|p2a: Gliscor|Spikes|p1a: Garganacl
|-sidestart|p1: ragingsquirtle420|Spikes
|move|p1a: Garganacl|Recover|p1a: Garganacl
|-heal|p1a: Garganacl|100/100
|
|-heal|p2a: Gliscor|91/100 tox|[from] ability: Poison Heal
|upkeep
|turn|56
|
|t:|1778511440
|move|p2a: Gliscor|Spikes|p1a: Garganacl
|-sidestart|p1: ragingsquirtle420|Spikes
|move|p1a: Garganacl|Salt Cure|p2a: Gliscor
|-damage|p2a: Gliscor|80/100 tox
|-start|p2a: Gliscor|Salt Cure
|
|-heal|p2a: Gliscor|93/100 tox|[from] ability: Poison Heal
|-damage|p2a: Gliscor|80/100 tox|[from] Salt Cure
|upkeep
|turn|57
|-message|ragingsquirtle420 forfeited.
|
|win|151htyrneh
|raw|ragingsquirtle420's rating: 1683 &rarr; <strong>1657</strong><br />(-26 for losing)
|raw|151htyrneh's rating: 1578 &rarr; <strong>1604</strong><br />(+26 for winning)
|l|☆ragingsquirtle420
|player|p1|
|l| Light SV
