|html|<div class="broadcast-blue"><strong>[Gen 9] OU is currently suspecting Tera Blast! For information on how to participate check out the <a href="https://www.smogon.com/tools/suspects/view/200">suspect thread</a>.</strong></div>
|j|☆Rgb69rgb
|j|☆hi im fuji
|t:|1776059841
|gametype|singles
|player|p1|Rgb69rgb|n|1149
|player|p2|hi im fuji|265|1199
|gen|9
|tier|[Gen 9] OU
|rated|
|rule|HP Percentage Mod: HP is shown in percentages
|rule|Endless Battle Clause: Forcing endless battles is banned
|rule|Species Clause: Limit one of each Pokémon
|rule|OHKO Clause: OHKO moves are banned
|rule|Evasion Items Clause: Evasion items are banned
|rule|Evasion Moves Clause: Evasion moves are banned
|rule|Evasion Abilities Clause: Evasion abilities are banned
|rule|Sleep Moves Clause: Sleep-inducing moves are banned
|clearpoke
|poke|p1|Feraligatr, M|
|poke|p1|Ludicolo, F|
|poke|p1|Pawmot, M|
|poke|p1|Diancie|
|poke|p1|Latios, M|
|poke|p1|Cramorant, M|
|poke|p2|Dragonite, F|
|poke|p2|Gliscor, F|
|poke|p2|Rotom-Wash|
|poke|p2|Dragapult, F|
|poke|p2|Enamorus, F|
|poke|p2|Landorus-Therian, M|
|teampreview
|inactive|Battle timer is ON: inactive players will automatically lose when time's up. (requested by Rgb69rgb)
|
|t:|1776059847
|teamsize|p1|6
|teamsize|p2|6
|start
|switch|p1a: Cramorant|Cramorant, M|100/100
|switch|p2a: Dragapult|Dragapult, F|100/100
|turn|1
|
|t:|1776059854
|move|p2a: Dragapult|Draco Meteor|p1a: Cramorant
|-damage|p1a: Cramorant|19/100
|-unboost|p2a: Dragapult|spa|2
|move|p1a: Cramorant|Ice Beam|p2a: Dragapult
|-supereffective|p2a: Dragapult
|-damage|p2a: Dragapult|39/100
|
|upkeep
|turn|2
|
|t:|1776059863
|switch|p2a: Enamorus|Enamorus, F|100/100
|move|p1a: Cramorant|Ice Beam|p2a: Enamorus
|-supereffective|p2a: Enamorus
|-damage|p2a: Enamorus|39/100
|
|upkeep
|turn|3
|
|t:|1776059872
|move|p2a: Enamorus|Moonblast|p1a: Cramorant
|-damage|p1a: Cramorant|0 fnt
|faint|p1a: Cramorant
|
|upkeep
|
|t:|1776059886
|switch|p1a: Latios|Latios, M|100/100
|turn|4
|
|t:|1776059894
|move|p2a: Enamorus|Moonblast|p1a: Latios
|-supereffective|p1a: Latios
|-damage|p1a: Latios|0 fnt
|faint|p1a: Latios
|
|upkeep
|
|t:|1776059900
|switch|p1a: Diancie|Diancie|100/100
|turn|5
|
|t:|1776059910
|switch|p2a: Rotom|Rotom-Wash|100/100
|move|p1a: Diancie|Diamond Storm|p2a: Rotom
|-damage|p2a: Rotom|74/100
|-boost|p1a: Diancie|def|2
|
|-heal|p2a: Rotom|80/100|[from] item: Leftovers
|upkeep
|turn|6
|
|t:|1776059925
|move|p2a: Rotom|Will-O-Wisp|p1a: Diancie
|-status|p1a: Diancie|brn
|move|p1a: Diancie|Body Press|p2a: Rotom
|-damage|p2a: Rotom|58/100
|
|-heal|p2a: Rotom|65/100|[from] item: Leftovers
|-damage|p1a: Diancie|95/100 brn|[from] brn
|upkeep
|turn|7
|
|t:|1776059937
|switch|p1a: Ludicolo|Ludicolo, F|100/100
|move|p2a: Rotom|Hydro Pump|p1a: Ludicolo
|-resisted|p1a: Ludicolo
|-damage|p1a: Ludicolo|90/100
|
|-heal|p2a: Rotom|71/100|[from] item: Leftovers
|upkeep
|turn|8
|
|t:|1776059945
|move|p1a: Ludicolo|Rain Dance|p1a: Ludicolo
|-weather|RainDance
|move|p2a: Rotom|Will-O-Wisp|p1a: Ludicolo
|-status|p1a: Ludicolo|brn
|
|-weather|RainDance|[upkeep]
|-heal|p2a: Rotom|77/100|[from] item: Leftovers
|-damage|p1a: Ludicolo|84/100 brn|[from] brn
|upkeep
|turn|9
|
|t:|1776059956
|move|p1a: Ludicolo|Giga Drain|p2a: Rotom
|-supereffective|p2a: Rotom
|-damage|p2a: Rotom|0 fnt
|-heal|p1a: Ludicolo|100/100 brn|[from] drain|[of] p2a: Rotom
|faint|p2a: Rotom
|-damage|p1a: Ludicolo|91/100 brn|[from] item: Life Orb
|
|-weather|RainDance|[upkeep]
|-damage|p1a: Ludicolo|85/100 brn|[from] brn
|upkeep
|
|t:|1776059965
|switch|p2a: Dragapult|Dragapult, F|39/100
|turn|10
|
|t:|1776059970
|move|p1a: Ludicolo|Icy Wind|p2a: Dragapult
|-supereffective|p2a: Dragapult
|-damage|p2a: Dragapult|0 fnt
|faint|p2a: Dragapult
|-damage|p1a: Ludicolo|75/100 brn|[from] item: Life Orb
|
|-weather|RainDance|[upkeep]
|-damage|p1a: Ludicolo|69/100 brn|[from] brn
|upkeep
|
|t:|1776059979
|switch|p2a: Gliscor|Gliscor, F|100/100
|turn|11
|
|t:|1776060003
|-terastallize|p2a: Gliscor|Normal
|move|p1a: Ludicolo|Icy Wind|p2a: Gliscor
|-damage|p2a: Gliscor|82/100
|-unboost|p2a: Gliscor|spe|1
|-damage|p1a: Ludicolo|59/100 brn|[from] item: Life Orb
|move|p2a: Gliscor|Swords Dance|p2a: Gliscor
|-boost|p2a: Gliscor|atk|2
|
|-weather|RainDance|[upkeep]
|-damage|p1a: Ludicolo|53/100 brn|[from] brn
|-status|p2a: Gliscor|tox|[from] item: Toxic Orb
|upkeep
|turn|12
|
|t:|1776060016
|move|p1a: Ludicolo|Hydro Pump|p2a: Gliscor|[miss]
|-miss|p1a: Ludicolo|p2a: Gliscor
|move|p2a: Gliscor|Swords Dance|p2a: Gliscor
|-boost|p2a: Gliscor|atk|2
|
|-weather|none
|-heal|p2a: Gliscor|95/100 tox|[from] ability: Poison Heal
|-damage|p1a: Ludicolo|47/100 brn|[from] brn
|upkeep
|turn|13
|
|t:|1776060030
|move|p1a: Ludicolo|Rain Dance|p1a: Ludicolo
|-weather|RainDance
|move|p2a: Gliscor|Knock Off|p1a: Ludicolo
|-damage|p1a: Ludicolo|0 fnt
|-enditem|p1a: Ludicolo|Life Orb|[from] move: Knock Off|[of] p2a: Gliscor
|faint|p1a: Ludicolo
|
|-weather|RainDance|[upkeep]
|-heal|p2a: Gliscor|100/100 tox|[from] ability: Poison Heal
|upkeep
|inactive|Rgb69rgb has 120 seconds left.
|
|t:|1776060059
|switch|p1a: Pawmot|Pawmot, M|100/100
|turn|14
|
|t:|1776060088
|switch|p2a: Landorus|Landorus-Therian, M|100/100
|-ability|p2a: Landorus|Intimidate|boost
|-unboost|p1a: Pawmot|atk|1
|move|p1a: Pawmot|Double Shock|p2a: Landorus
|-immune|p2a: Landorus
|
|-weather|RainDance|[upkeep]
|upkeep
|turn|15
|
|t:|1776060099
|move|p1a: Pawmot|Ice Punch|p2a: Landorus
|-supereffective|p2a: Landorus
|-damage|p2a: Landorus|18/100
|-status|p2a: Landorus|frz
|cant|p2a: Landorus|frz
|
|-weather|RainDance|[upkeep]
|upkeep
|turn|16
|inactive|Rgb69rgb has 120 seconds left.
|inactive|Rgb69rgb has 90 seconds left.
|inactive|Rgb69rgb has 60 seconds left.
|
|t:|1776060184
|switch|p2a: Gliscor|Gliscor, F, tera:Normal|100/100 tox
|move|p1a: Pawmot|Ice Punch|p2a: Gliscor
|-damage|p2a: Gliscor|85/100 tox
|
|-weather|RainDance|[upkeep]
|-heal|p2a: Gliscor|98/100 tox|[from] ability: Poison Heal
|upkeep
|turn|17
|
|t:|1776060197
|move|p1a: Pawmot|Revival Blessing|p1a: Pawmot
|
|t:|1776060201
|-heal|p1: Latios|50/100|[from] move: Revival Blessing
|move|p2a: Gliscor|Knock Off|p1a: Pawmot
|-resisted|p1a: Pawmot
|-damage|p1a: Pawmot|83/100
|-enditem|p1a: Pawmot|Punching Glove|[from] move: Knock Off|[of] p2a: Gliscor
|
|-weather|none
|-heal|p2a: Gliscor|100/100 tox|[from] ability: Poison Heal
|upkeep
|turn|18
|
|t:|1776060210
|move|p1a: Pawmot|Double Shock|p2a: Gliscor
|-damage|p2a: Gliscor|72/100 tox
|-start|p1a: Pawmot|typechange|???/Fighting|[from] move: Double Shock
|move|p2a: Gliscor|Swords Dance|p2a: Gliscor
|-boost|p2a: Gliscor|atk|2
|
|-heal|p2a: Gliscor|84/100 tox|[from] ability: Poison Heal
|upkeep
|turn|19
|
|t:|1776060234
|move|p1a: Pawmot|Fire Punch|p2a: Gliscor
|-damage|p2a: Gliscor|68/100 tox
|move|p2a: Gliscor|Swords Dance|p2a: Gliscor
|-boost|p2a: Gliscor|atk|2
|
|-heal|p2a: Gliscor|81/100 tox|[from] ability: Poison Heal
|upkeep
|turn|20
|
|t:|1776060242
|move|p1a: Pawmot|Double Shock||[still]
|-fail|p1a: Pawmot|move: Double Shock
|move|p2a: Gliscor|Swords Dance|p2a: Gliscor
|-boost|p2a: Gliscor|atk|2
|
|-heal|p2a: Gliscor|93/100 tox|[from] ability: Poison Heal
|upkeep
|turn|21
|
|t:|1776060255
|move|p1a: Pawmot|Ice Punch|p2a: Gliscor
|-damage|p2a: Gliscor|78/100 tox
|move|p2a: Gliscor|Facade|p1a: Pawmot
|-damage|p1a: Pawmot|0 fnt
|faint|p1a: Pawmot
|
|-heal|p2a: Gliscor|91/100 tox|[from] ability: Poison Heal
|upkeep
|
|t:|1776060261
|switch|p1a: Latios|Latios, M|50/100
|turn|22
|
|t:|1776060268
|move|p1a: Latios|Luster Purge|p2a: Gliscor
|-damage|p2a: Gliscor|40/100 tox
|move|p2a: Gliscor|Knock Off|p1a: Latios
|-supereffective|p1a: Latios
|-damage|p1a: Latios|0 fnt
|-enditem|p1a: Latios|Soul Dew|[from] move: Knock Off|[of] p2a: Gliscor
|faint|p1a: Latios
|
|-heal|p2a: Gliscor|53/100 tox|[from] ability: Poison Heal
|upkeep
|
|t:|1776060280
|switch|p1a: Diancie|Diancie|95/100 brn
|turn|23
|
|t:|1776060283
|move|p2a: Gliscor|Protect|p2a: Gliscor
|-singleturn|p2a: Gliscor|Protect
|move|p1a: Diancie|Diamond Storm|p2a: Gliscor
|-activate|p2a: Gliscor|move: Protect
|
|-heal|p1a: Diancie|100/100 brn|[from] item: Leftovers
|-heal|p2a: Gliscor|65/100 tox|[from] ability: Poison Heal
|-damage|p1a: Diancie|95/100 brn|[from] brn
|upkeep
|turn|24
|
|t:|1776060295
|move|p2a: Gliscor|Knock Off|p1a: Diancie
|-resisted|p1a: Diancie
|-crit|p1a: Diancie
|-damage|p1a: Diancie|48/100 brn
|-enditem|p1a: Diancie|Leftovers|[from] move: Knock Off|[of] p2a: Gliscor
|move|p1a: Diancie|Body Press|p2a: Gliscor
|-supereffective|p2a: Gliscor
|-damage|p2a: Gliscor|45/100 tox
|
|-heal|p2a: Gliscor|58/100 tox|[from] ability: Poison Heal
|-damage|p1a: Diancie|42/100 brn|[from] brn
|upkeep
|turn|25
|c|☆Rgb69rgb|Critcal
|
|t:|1776060305
|move|p2a: Gliscor|Protect|p2a: Gliscor
|-singleturn|p2a: Gliscor|Protect
|move|p1a: Diancie|Diamond Storm|p2a: Gliscor
|-activate|p2a: Gliscor|move: Protect
|
|-heal|p2a: Gliscor|70/100 tox|[from] ability: Poison Heal
|-damage|p1a: Diancie|36/100 brn|[from] brn
|upkeep
|turn|26
|
|t:|1776060314
|move|p2a: Gliscor|Facade|p1a: Diancie
|-resisted|p1a: Diancie
|-damage|p1a: Diancie|0 fnt
|faint|p1a: Diancie
|
|-heal|p2a: Gliscor|83/100 tox|[from] ability: Poison Heal
|upkeep
|
|t:|1776060317
|switch|p1a: Feraligatr|Feraligatr, M|100/100
|turn|27
|
|t:|1776060326
|move|p1a: Feraligatr|Dragon Dance|p1a: Feraligatr
|-boost|p1a: Feraligatr|atk|1
|-boost|p1a: Feraligatr|spe|1
|move|p2a: Gliscor|Knock Off|p1a: Feraligatr
|-damage|p1a: Feraligatr|2/100
|-damage|p2a: Gliscor|66/100 tox|[from] item: Rocky Helmet|[of] p1a: Feraligatr
|-enditem|p1a: Feraligatr|Rocky Helmet|[from] move: Knock Off|[of] p2a: Gliscor
|
|-heal|p2a: Gliscor|79/100 tox|[from] ability: Poison Heal
|upkeep
|turn|28
|
|t:|1776060336
|-terastallize|p1a: Feraligatr|Water
|move|p1a: Feraligatr|Liquidation|p2a: Gliscor
|-damage|p2a: Gliscor|0 fnt
|faint|p2a: Gliscor
|
|upkeep
|
|t:|1776060344
|switch|p2a: Enamorus|Enamorus, F|39/100
|turn|29
|
|t:|1776060347
|move|p2a: Enamorus|Healing Wish|p2a: Enamorus
|faint|p2a: Enamorus
|move|p1a: Feraligatr|Liquidation|p2: Enamorus|[notarget]
|-fail|p1a: Feraligatr
|
|upkeep
|c|☆Rgb69rgb|Luck win
|
|t:|1776060351
|switch|p2a: Landorus|Landorus-Therian, M|18/100 frz
|-heal|p2a: Landorus|100/100|[from] move: Healing Wish
|-ability|p2a: Landorus|Intimidate|boost
|-unboost|p1a: Feraligatr|atk|1
|turn|30
|
|t:|1776060360
|move|p1a: Feraligatr|Liquidation|p2a: Landorus
|-supereffective|p2a: Landorus
|-damage|p2a: Landorus|0 fnt
|-damage|p1a: Feraligatr|0 fnt|[from] item: Rocky Helmet|[of] p2a: Landorus
|faint|p2a: Landorus
|faint|p1a: Feraligatr
|
|win|hi im fuji
|raw|Rgb69rgb's rating: 1149 &rarr; <strong>1128</strong><br />(-21 for losing)
|raw|hi im fuji's rating: 1199 &rarr; <strong>1220</strong><br />(+21 for winning)
|c|☆Rgb69rgb|Im gonna have luck if i win
|c|☆Rgb69rgb|But ofc no
|c|☆Rgb69rgb|gg
|l|☆Rgb69rgb
|player|p1|
|c|☆hi im fuji|gg
|l|☆hi im fuji
|player|p2|
