|html|<div class="broadcast-blue"><strong>[Gen 9] OU is currently suspecting Tera Blast! For information on how to participate check out the <a href="https://www.smogon.com/tools/suspects/view/200">suspect thread</a>.</strong></div>
|j|☆briendo
|j|☆snurke
|t:|1776071748
|gametype|singles
|player|p1|briendo|169|1620
|player|p2|snurke|sisandbro|1635
|gen|9
|tier|[Gen 9] OU
|rated|
|rule|HP Percentage Mod: HP is shown in percentages
|rule|Endless Battle Clause: Forcing endless battles is banned
|rule|Species Clause: Limit one of each Pokémon
|rule|OHKO Clause: OHKO moves are banned
|rule|Evasion Items Clause: Evasion items are banned
|rule|Evasion Moves Clause: Evasion moves are banned
|rule|Evasion Abilities Clause: Evasion abilities are banned
|rule|Sleep Moves Clause: Sleep-inducing moves are banned
|clearpoke
|poke|p1|Ursaluna, M|
|poke|p1|Enamorus-Therian, F|
|poke|p1|Kingambit, F|
|poke|p1|Hatterene, F|
|poke|p1|Cresselia, F|
|poke|p1|Bronzong|
|poke|p2|Mew|
|poke|p2|Great Tusk|
|poke|p2|Kingambit, M|
|poke|p2|Ceruledge, F|
|poke|p2|Ninetales-Alola, F|
|poke|p2|Gliscor, F|
|teampreview
|inactive|Battle timer is ON: inactive players will automatically lose when time's up. (requested by briendo)
|
|t:|1776071772
|teamsize|p1|6
|teamsize|p2|6
|start
|switch|p1a: Bronzong|Bronzong|100/100
|switch|p2a: Ninetales|Ninetales-Alola, F, shiny|100/100
|-weather|Snowscape|[from] ability: Snow Warning|[of] p2a: Ninetales
|turn|1
|
|t:|1776071778
|move|p2a: Ninetales|Aurora Veil|p2a: Ninetales
|-sidestart|p2: snurke|move: Aurora Veil
|move|p1a: Bronzong|Trick Room|p1a: Bronzong
|-fieldstart|move: Trick Room|[of] p1a: Bronzong
|
|-weather|Snowscape|[upkeep]
|upkeep
|turn|2
|
|t:|1776071787
|switch|p2a: Mew|Mew, shiny|100/100
|move|p1a: Bronzong|Stealth Rock|p2a: Mew
|-sidestart|p2: snurke|move: Stealth Rock
|
|-weather|Snowscape|[upkeep]
|upkeep
|turn|3
|
|t:|1776071792
|switch|p1a: Ursaluna|Ursaluna, M|100/100
|move|p2a: Mew|Imprison|p2a: Mew
|-start|p2a: Mew|move: Imprison
|
|-weather|Snowscape|[upkeep]
|-status|p1a: Ursaluna|brn|[from] item: Flame Orb
|upkeep
|turn|4
|
|t:|1776071799
|move|p1a: Ursaluna|Facade|p2a: Mew
|-damage|p2a: Mew|50/100
|move|p2a: Mew|Transform|p1a: Ursaluna
|-transform|p2a: Mew|p1a: Ursaluna
|
|-weather|Snowscape|[upkeep]
|-heal|p2a: Mew|56/100|[from] item: Leftovers
|-damage|p1a: Ursaluna|94/100 brn|[from] brn
|upkeep
|turn|5
|
|t:|1776071818
|-activate|p1a: Ursaluna|move: Struggle
|move|p1a: Ursaluna|Struggle|p2a: Mew
|-damage|p2a: Mew|44/100
|-damage|p1a: Ursaluna|69/100 brn|[from] recoil
|move|p2a: Mew|Swords Dance|p2a: Mew
|-boost|p2a: Mew|atk|2
|
|-weather|none
|-heal|p2a: Mew|50/100|[from] item: Leftovers
|-damage|p1a: Ursaluna|63/100 brn|[from] brn
|-fieldend|move: Trick Room
|upkeep
|turn|6
|inactive|briendo has 120 seconds left.
|
|t:|1776071847
|move|p2a: Mew|Swords Dance|p2a: Mew
|-boost|p2a: Mew|atk|2
|-activate|p1a: Ursaluna|move: Struggle
|move|p1a: Ursaluna|Struggle|p2a: Mew
|-damage|p2a: Mew|38/100
|-damage|p1a: Ursaluna|38/100 brn|[from] recoil
|
|-heal|p2a: Mew|44/100|[from] item: Leftovers
|-damage|p1a: Ursaluna|32/100 brn|[from] brn
|upkeep
|turn|7
|
|t:|1776071857
|-activate|p1a: Ursaluna|move: Struggle
|move|p1a: Ursaluna|Struggle|p2a: Mew
|-damage|p2a: Mew|32/100
|-damage|p1a: Ursaluna|7/100 brn|[from] recoil
|move|p2a: Mew|Facade|p1a: Ursaluna
|-damage|p1a: Ursaluna|0 fnt
|faint|p1a: Ursaluna
|
|-heal|p2a: Mew|38/100|[from] item: Leftovers
|upkeep
|
|t:|1776071860
|switch|p1a: Hatterene|Hatterene, F|100/100
|turn|8
|
|t:|1776071867
|move|p2a: Mew|Headlong Rush|p1a: Hatterene
|-enditem|p1a: Hatterene|Focus Sash
|-damage|p1a: Hatterene|1/100
|-unboost|p2a: Mew|def|1
|-unboost|p2a: Mew|spd|1
|move|p1a: Hatterene|Trick Room|p1a: Hatterene
|-fieldstart|move: Trick Room|[of] p1a: Hatterene
|
|-heal|p2a: Mew|44/100|[from] item: Leftovers
|-sideend|p2: snurke|move: Aurora Veil
|upkeep
|turn|9
|
|t:|1776071878
|switch|p2a: Gliscor|Gliscor, F, shiny|100/100
|-damage|p2a: Gliscor|88/100|[from] Stealth Rock
|move|p1a: Hatterene|Misty Explosion|p2a: Gliscor
|-damage|p2a: Gliscor|15/100
|faint|p1a: Hatterene
|
|-status|p2a: Gliscor|tox|[from] item: Toxic Orb
|upkeep
|
|t:|1776071884
|switch|p1a: Enamorus|Enamorus-Therian, F|100/100
|turn|10
|
|t:|1776071896
|move|p1a: Enamorus|Moonblast|p2a: Gliscor
|-damage|p2a: Gliscor|0 fnt
|faint|p2a: Gliscor
|
|upkeep
|
|t:|1776071909
|switch|p2a: Ninetales|Ninetales-Alola, F, shiny|100/100
|-damage|p2a: Ninetales|76/100|[from] Stealth Rock
|-weather|Snowscape|[from] ability: Snow Warning|[of] p2a: Ninetales
|turn|11
|
|t:|1776071915
|-terastallize|p1a: Enamorus|Fairy
|move|p1a: Enamorus|Moonblast|p2a: Ninetales
|-damage|p2a: Ninetales|0 fnt
|faint|p2a: Ninetales
|
|-weather|Snowscape|[upkeep]
|upkeep
|
|t:|1776071926
|switch|p2a: Ceruledge|Ceruledge, F, shiny|100/100
|-damage|p2a: Ceruledge|76/100|[from] Stealth Rock
|turn|12
|
|t:|1776071932
|move|p2a: Ceruledge|Shadow Sneak|p1a: Enamorus
|-damage|p1a: Enamorus|81/100
|move|p1a: Enamorus|Moonblast|p2a: Ceruledge
|-resisted|p2a: Ceruledge
|-damage|p2a: Ceruledge|26/100
|
|-weather|Snowscape|[upkeep]
|-fieldend|move: Trick Room
|upkeep
|turn|13
|
|t:|1776071938
|move|p2a: Ceruledge|Bitter Blade|p1a: Enamorus
|-damage|p1a: Enamorus|37/100
|-heal|p2a: Ceruledge|48/100|[from] drain|[of] p1a: Enamorus
|move|p1a: Enamorus|Moonblast|p2a: Ceruledge
|-resisted|p2a: Ceruledge
|-damage|p2a: Ceruledge|0 fnt
|faint|p2a: Ceruledge
|
|-weather|Snowscape|[upkeep]
|upkeep
|
|t:|1776071941
|switch|p2a: Kingambit|Kingambit, M, shiny|100/100
|-damage|p2a: Kingambit|94/100|[from] Stealth Rock
|-activate|p2a: Kingambit|ability: Supreme Overlord
|-start|p2a: Kingambit|fallen3|[silent]
|turn|14
|
|t:|1776071957
|switch|p1a: Kingambit|Kingambit, F|100/100
|-activate|p1a: Kingambit|ability: Supreme Overlord
|-start|p1a: Kingambit|fallen2|[silent]
|move|p2a: Kingambit|Iron Head|p1a: Kingambit
|-resisted|p1a: Kingambit
|-damage|p1a: Kingambit|80/100
|
|-weather|Snowscape|[upkeep]
|-heal|p2a: Kingambit|100/100|[from] item: Leftovers
|upkeep
|turn|15
|
|t:|1776071965
|-end|p2a: Kingambit|fallen3|[silent]
|switch|p2a: Great Tusk|Great Tusk|100/100
|move|p1a: Kingambit|Low Kick|p2a: Great Tusk
|-damage|p2a: Great Tusk|66/100
|
|-weather|none
|upkeep
|turn|16
|
|t:|1776071986
|-end|p1a: Kingambit|fallen2|[silent]
|switch|p1a: Bronzong|Bronzong|100/100
|move|p2a: Great Tusk|Rapid Spin|p1a: Bronzong
|-resisted|p1a: Bronzong
|-damage|p1a: Bronzong|95/100
|-boost|p2a: Great Tusk|spe|1
|-sideend|p2: snurke|Stealth Rock|[from] move: Rapid Spin|[of] p2a: Great Tusk
|
|upkeep
|turn|17
|
|t:|1776071998
|-end|p2a: Great Tusk|Protosynthesis|[silent]
|switch|p2a: Kingambit|Kingambit, M, shiny|100/100
|-activate|p2a: Kingambit|ability: Supreme Overlord
|-start|p2a: Kingambit|fallen3|[silent]
|move|p1a: Bronzong|Trick Room|p1a: Bronzong
|-fieldstart|move: Trick Room|[of] p1a: Bronzong
|
|upkeep
|turn|18
|
|t:|1776072004
|move|p1a: Bronzong|Body Press|p2a: Kingambit
|-supereffective|p2a: Kingambit
|-damage|p2a: Kingambit|11/100
|move|p2a: Kingambit|Swords Dance|p2a: Kingambit
|-boost|p2a: Kingambit|atk|2
|
|-heal|p2a: Kingambit|17/100|[from] item: Leftovers
|upkeep
|turn|19
|
|t:|1776072012
|switch|p1a: Kingambit|Kingambit, F|80/100
|-activate|p1a: Kingambit|ability: Supreme Overlord
|-start|p1a: Kingambit|fallen2|[silent]
|move|p2a: Kingambit|Sucker Punch||[still]
|-fail|p2a: Kingambit
|
|-heal|p2a: Kingambit|24/100|[from] item: Leftovers
|upkeep
|turn|20
|
|t:|1776072020
|-terastallize|p2a: Kingambit|Flying
|move|p2a: Kingambit|Sucker Punch|p1a: Kingambit
|-resisted|p1a: Kingambit
|-damage|p1a: Kingambit|41/100
|move|p1a: Kingambit|Low Kick|p2a: Kingambit
|-resisted|p2a: Kingambit
|-damage|p2a: Kingambit|6/100
|
|-heal|p2a: Kingambit|12/100|[from] item: Leftovers
|upkeep
|turn|21
|
|t:|1776072028
|move|p2a: Kingambit|Sucker Punch|p1a: Kingambit
|-resisted|p1a: Kingambit
|-crit|p1a: Kingambit
|-damage|p1a: Kingambit|0 fnt
|faint|p1a: Kingambit
|-end|p1a: Kingambit|fallen2|[silent]
|
|-heal|p2a: Kingambit|19/100|[from] item: Leftovers
|-fieldend|move: Trick Room
|upkeep
|
|t:|1776072036
|switch|p1a: Bronzong|Bronzong|95/100
|turn|22
|
|t:|1776072040
|move|p2a: Kingambit|Kowtow Cleave|p1a: Bronzong
|-supereffective|p1a: Bronzong
|-damage|p1a: Bronzong|0 fnt
|faint|p1a: Bronzong
|
|-heal|p2a: Kingambit|25/100|[from] item: Leftovers
|upkeep
|-message|briendo forfeited.
|
|win|snurke
|raw|briendo's rating: 1620 &rarr; <strong>1601</strong><br />(-19 for losing)
|raw|snurke's rating: 1635 &rarr; <strong>1654</strong><br />(+19 for winning)
