|html|<div class="broadcast-blue"><strong>[Gen 9] OU is currently suspecting Tera Blast! For information on how to participate check out the <a href="https://www.smogon.com/tools/suspects/view/200">suspect thread</a>.</strong></div>
|j|☆shado123191
|j|☆Estab_livid
|t:|1776031417
|gametype|singles
|player|p1|shado123191|1|1284
|player|p2|Estab_livid|1|1248
|gen|9
|tier|[Gen 9] OU
|rated|
|rule|HP Percentage Mod: HP is shown in percentages
|rule|Endless Battle Clause: Forcing endless battles is banned
|rule|Species Clause: Limit one of each Pokémon
|rule|OHKO Clause: OHKO moves are banned
|rule|Evasion Items Clause: Evasion items are banned
|rule|Evasion Moves Clause: Evasion moves are banned
|rule|Evasion Abilities Clause: Evasion abilities are banned
|rule|Sleep Moves Clause: Sleep-inducing moves are banned
|clearpoke
|poke|p1|Samurott-Hisui, F|
|poke|p1|Iron Crown|
|poke|p1|Dragapult, F|
|poke|p1|Landorus-Therian, M|
|poke|p1|Scizor, F|
|poke|p1|Clefable, M|
|poke|p2|Dragapult, M|
|poke|p2|Regidrago|
|poke|p2|Slither Wing|
|poke|p2|Araquanid, M|
|poke|p2|Sandy Shocks|
|poke|p2|Lurantis, F|
|teampreview
|c|☆shado123191|GLHF
|c|☆Estab_livid|u2u2
|c|☆shado123191|gimme a minute though
|c|☆shado123191|ty
|c|☆Estab_livid|oh ofc
|c|☆shado123191|ty
|
|t:|1776031456
|teamsize|p1|6
|teamsize|p2|6
|start
|switch|p1a: Iron Crown|Iron Crown|100/100
|switch|p2a: Araquanid|Araquanid, M, shiny|100/100
|turn|1
|
|t:|1776031462
|move|p1a: Iron Crown|Volt Switch|p2a: Araquanid
|-supereffective|p2a: Araquanid
|-damage|p2a: Araquanid|62/100
|
|t:|1776031466
|-end|p1a: Iron Crown|Quark Drive|[silent]
|switch|p1a: Scizor|Scizor, F|100/100|[from] Volt Switch
|move|p2a: Araquanid|Sticky Web|p1a: Scizor
|-sidestart|p1: shado123191|move: Sticky Web
|
|upkeep
|turn|2
|
|t:|1776031473
|switch|p2a: Dragapult|Dragapult, M|100/100
|move|p1a: Scizor|Defog|p2a: Dragapult
|-unboost|p2a: Dragapult|evasion|1
|-sideend|p1: shado123191|Sticky Web|[from] move: Defog|[of] p1a: Scizor
|
|upkeep
|turn|3
|
|t:|1776031484
|switch|p1a: Clefable|Clefable, M|100/100
|move|p2a: Dragapult|U-turn|p1a: Clefable
|-resisted|p1a: Clefable
|-damage|p1a: Clefable|94/100
|
|t:|1776031488
|switch|p2a: Lurantis|Lurantis, F, shiny|100/100|[from] U-turn
|
|-heal|p1a: Clefable|100/100|[from] item: Leftovers
|upkeep
|turn|4
|
|t:|1776031495
|move|p1a: Clefable|Thunder Wave|p2a: Lurantis
|-status|p2a: Lurantis|par
|move|p2a: Lurantis|Superpower|p1a: Clefable
|-resisted|p1a: Clefable
|-damage|p1a: Clefable|87/100
|-boost|p2a: Lurantis|atk|1
|-boost|p2a: Lurantis|def|1
|
|-heal|p1a: Clefable|93/100|[from] item: Leftovers
|upkeep
|turn|5
|
|t:|1776031509
|switch|p1a: Dragapult|Dragapult, F|100/100
|cant|p2a: Lurantis|par
|
|upkeep
|turn|6
|
|t:|1776031520
|move|p1a: Dragapult|Draco Meteor|p2a: Lurantis
|-damage|p2a: Lurantis|35/100 par
|-unboost|p1a: Dragapult|spa|2
|cant|p2a: Lurantis|par
|
|upkeep
|turn|7
|c|☆shado123191|oh shoot
|c|☆shado123191|well
|c|☆shado123191|that's unfortunate
|
|t:|1776031541
|switch|p1a: Landorus|Landorus-Therian, M|100/100
|-ability|p1a: Landorus|Intimidate|boost
|-boost|p2a: Lurantis|atk|1
|move|p2a: Lurantis|Knock Off|p1a: Landorus
|-damage|p1a: Landorus|38/100
|-damage|p2a: Lurantis|18/100 par|[from] item: Rocky Helmet|[of] p1a: Landorus
|-enditem|p1a: Landorus|Rocky Helmet|[from] move: Knock Off|[of] p2a: Lurantis
|
|upkeep
|turn|8
|
|t:|1776031553
|-terastallize|p2a: Lurantis|Fighting
|move|p1a: Landorus|U-turn|p2a: Lurantis
|-resisted|p2a: Lurantis
|-damage|p2a: Lurantis|11/100 par
|
|t:|1776031558
|switch|p1a: Dragapult|Dragapult, F|100/100|[from] U-turn
|cant|p2a: Lurantis|par
|
|upkeep
|turn|9
|c|☆shado123191|wow
|
|t:|1776031566
|move|p1a: Dragapult|Flamethrower|p2a: Lurantis
|-damage|p2a: Lurantis|0 fnt
|faint|p2a: Lurantis
|
|upkeep
|
|t:|1776031571
|switch|p2a: Regidrago|Regidrago, shiny|100/100
|turn|10
|
|t:|1776031577
|switch|p1a: Clefable|Clefable, M|93/100
|move|p2a: Regidrago|Dragon Energy|p1a: Clefable
|-immune|p1a: Clefable
|
|-heal|p1a: Clefable|99/100|[from] item: Leftovers
|upkeep
|turn|11
|
|t:|1776031584
|switch|p2a: Araquanid|Araquanid, M, shiny|62/100
|move|p1a: Clefable|Thunder Wave|p2a: Araquanid
|-status|p2a: Araquanid|par
|
|-heal|p1a: Clefable|100/100|[from] item: Leftovers
|upkeep
|turn|12
|
|t:|1776031599
|switch|p1a: Scizor|Scizor, F|100/100
|move|p2a: Araquanid|Liquidation|p1a: Scizor
|-crit|p1a: Scizor
|-damage|p1a: Scizor|0 fnt
|faint|p1a: Scizor
|-damage|p2a: Araquanid|52/100 par|[from] item: Life Orb
|
|upkeep
|c|☆shado123191|wow
|c|☆shado123191|that crit mattered dang fair
|
|t:|1776031614
|switch|p1a: Dragapult|Dragapult, F|100/100
|turn|13
|
|t:|1776031617
|move|p1a: Dragapult|Shadow Ball|p2a: Araquanid
|-damage|p2a: Araquanid|8/100 par
|cant|p2a: Araquanid|par
|
|upkeep
|turn|14
|c|☆shado123191|wth
|
|t:|1776031624
|move|p1a: Dragapult|Shadow Ball|p2a: Araquanid
|-damage|p2a: Araquanid|0 fnt
|faint|p2a: Araquanid
|
|upkeep
|
|t:|1776031630
|switch|p2a: Regidrago|Regidrago, shiny|100/100
|turn|15
|
|t:|1776031642
|switch|p2a: Sandy Shocks|Sandy Shocks, shiny|100/100
|switch|p1a: Iron Crown|Iron Crown|100/100
|
|upkeep
|turn|16
|
|t:|1776031660
|-end|p1a: Iron Crown|Quark Drive|[silent]
|switch|p1a: Landorus|Landorus-Therian, M|38/100
|-ability|p1a: Landorus|Intimidate|boost
|-unboost|p2a: Sandy Shocks|atk|1
|move|p2a: Sandy Shocks|Stealth Rock|p1a: Landorus
|-sidestart|p1: shado123191|move: Stealth Rock
|
|upkeep
|turn|17
|
|t:|1776031670
|-end|p2a: Sandy Shocks|Protosynthesis|[silent]
|switch|p2a: Regidrago|Regidrago, shiny|100/100
|move|p1a: Landorus|Stealth Rock|p2a: Regidrago
|-sidestart|p2: Estab_livid|move: Stealth Rock
|
|upkeep
|turn|18
|
|t:|1776031680
|move|p2a: Regidrago|Earth Power|p1a: Landorus
|-immune|p1a: Landorus
|move|p1a: Landorus|U-turn|p2a: Regidrago
|-damage|p2a: Regidrago|78/100
|c|☆shado123191|ooooh your choice scarf
|
|t:|1776031695
|switch|p1a: Clefable|Clefable, M|100/100|[from] U-turn
|
|upkeep
|turn|19
|
|t:|1776031700
|switch|p2a: Sandy Shocks|Sandy Shocks, shiny|100/100
|-damage|p2a: Sandy Shocks|94/100|[from] Stealth Rock
|move|p1a: Clefable|Thunder Wave|p2a: Sandy Shocks
|-immune|p2a: Sandy Shocks
|
|upkeep
|turn|20
|
|t:|1776031711
|move|p2a: Sandy Shocks|Thunderbolt|p1a: Clefable
|-damage|p1a: Clefable|57/100
|move|p1a: Clefable|Wish|p1a: Clefable
|
|-heal|p1a: Clefable|63/100|[from] item: Leftovers
|upkeep
|turn|21
|
|t:|1776031718
|-end|p2a: Sandy Shocks|Protosynthesis|[silent]
|switch|p2a: Dragapult|Dragapult, M|100/100
|-damage|p2a: Dragapult|88/100|[from] Stealth Rock
|switch|p1a: Landorus|Landorus-Therian, M|38/100
|-damage|p1a: Landorus|25/100|[from] Stealth Rock
|-ability|p1a: Landorus|Intimidate|boost
|-unboost|p2a: Dragapult|atk|1
|
|-heal|p1a: Landorus|77/100|[from] move: Wish|[wisher] Clefable
|upkeep
|turn|22
|
|t:|1776031742
|switch|p1a: Iron Crown|Iron Crown|100/100
|-damage|p1a: Iron Crown|94/100|[from] Stealth Rock
|move|p2a: Dragapult|Shadow Ball|p1a: Iron Crown
|-supereffective|p1a: Iron Crown
|-damage|p1a: Iron Crown|19/100
|
|upkeep
|turn|23
|
|t:|1776031750
|move|p2a: Dragapult|Shadow Ball|p1a: Iron Crown
|-supereffective|p1a: Iron Crown
|-damage|p1a: Iron Crown|0 fnt
|faint|p1a: Iron Crown
|-end|p1a: Iron Crown|Quark Drive|[silent]
|
|upkeep
|
|t:|1776031755
|switch|p1a: Samurott|Samurott-Hisui, F|100/100
|-damage|p1a: Samurott|88/100|[from] Stealth Rock
|turn|24
|
|t:|1776031761
|switch|p2a: Slither Wing|Slither Wing, shiny|100/100
|-damage|p2a: Slither Wing|88/100|[from] Stealth Rock
|-enditem|p2a: Slither Wing|Booster Energy
|-activate|p2a: Slither Wing|ability: Protosynthesis|[fromitem]
|-start|p2a: Slither Wing|protosynthesisatk
|move|p1a: Samurott|Razor Shell|p2a: Slither Wing
|-damage|p2a: Slither Wing|18/100
|-unboost|p2a: Slither Wing|def|1
|
|upkeep
|turn|25
|
|t:|1776031776
|switch|p1a: Landorus|Landorus-Therian, M|77/100
|-damage|p1a: Landorus|65/100|[from] Stealth Rock
|-ability|p1a: Landorus|Intimidate|boost
|-unboost|p2a: Slither Wing|atk|1
|move|p2a: Slither Wing|First Impression|p1a: Landorus
|-resisted|p1a: Landorus
|-damage|p1a: Landorus|46/100
|
|upkeep
|turn|26
|
|t:|1776031802
|-end|p2a: Slither Wing|Protosynthesis|[silent]
|switch|p2a: Regidrago|Regidrago, shiny|78/100
|-damage|p2a: Regidrago|66/100|[from] Stealth Rock
|move|p1a: Landorus|Earth Power|p2a: Regidrago
|-damage|p2a: Regidrago|31/100
|
|upkeep
|turn|27
|
|t:|1776031814
|move|p2a: Regidrago|Draco Meteor|p1a: Landorus
|-damage|p1a: Landorus|0 fnt
|-unboost|p2a: Regidrago|spa|2
|faint|p1a: Landorus
|
|upkeep
|
|t:|1776031843
|switch|p1a: Clefable|Clefable, M|63/100
|turn|28
|
|t:|1776031849
|switch|p2a: Slither Wing|Slither Wing, shiny|18/100
|-damage|p2a: Slither Wing|6/100|[from] Stealth Rock
|move|p1a: Clefable|Moonblast|p2a: Slither Wing
|-supereffective|p2a: Slither Wing
|-crit|p2a: Slither Wing
|-damage|p2a: Slither Wing|0 fnt
|faint|p2a: Slither Wing
|-end|p2a: Slither Wing|Protosynthesis|[silent]
|
|-heal|p1a: Clefable|69/100|[from] item: Leftovers
|upkeep
|
|t:|1776031860
|switch|p2a: Sandy Shocks|Sandy Shocks, shiny|94/100
|-damage|p2a: Sandy Shocks|88/100|[from] Stealth Rock
|turn|29
|
|t:|1776031871
|switch|p1a: Dragapult|Dragapult, F|100/100
|-damage|p1a: Dragapult|88/100|[from] Stealth Rock
|move|p2a: Sandy Shocks|Earth Power|p1a: Dragapult
|-damage|p1a: Dragapult|30/100
|-unboost|p1a: Dragapult|spd|1
|
|upkeep
|turn|30
|
|t:|1776031894
|move|p1a: Dragapult|Draco Meteor|p2a: Sandy Shocks
|-damage|p2a: Sandy Shocks|0 fnt
|-unboost|p1a: Dragapult|spa|2
|faint|p2a: Sandy Shocks
|-end|p2a: Sandy Shocks|Protosynthesis|[silent]
|
|upkeep
|
|t:|1776031900
|switch|p2a: Dragapult|Dragapult, M|88/100
|-damage|p2a: Dragapult|76/100|[from] Stealth Rock
|turn|31
|
|t:|1776031904
|move|p1a: Dragapult|Draco Meteor|p2a: Dragapult
|-supereffective|p2a: Dragapult
|-damage|p2a: Dragapult|0 fnt
|-unboost|p1a: Dragapult|spa|2
|faint|p2a: Dragapult
|
|upkeep
|c|☆shado123191|unforutnate
|
|t:|1776031909
|switch|p2a: Regidrago|Regidrago, shiny|31/100
|-damage|p2a: Regidrago|18/100|[from] Stealth Rock
|turn|32
|
|t:|1776031913
|move|p2a: Regidrago|Earth Power|p1a: Dragapult
|-damage|p1a: Dragapult|0 fnt
|faint|p1a: Dragapult
|
|upkeep
|
|t:|1776031920
|switch|p1a: Samurott|Samurott-Hisui, F|88/100
|-damage|p1a: Samurott|76/100|[from] Stealth Rock
|turn|33
|c|☆shado123191|very unlucky this game gg bro
|
|t:|1776031929
|move|p1a: Samurott|Knock Off|p2a: Regidrago
|-damage|p2a: Regidrago|0 fnt
|-enditem|p2a: Regidrago|Choice Scarf|[from] move: Knock Off|[of] p1a: Samurott
|faint|p2a: Regidrago
|
|win|shado123191
|raw|shado123191's rating: 1284 &rarr; <strong>1306</strong><br />(+22 for winning)
|raw|Estab_livid's rating: 1248 &rarr; <strong>1226</strong><br />(-22 for losing)
|l|☆Estab_livid
|player|p2|
|l|☆shado123191
|player|p1|
