|html|<div class="broadcast-blue"><strong>[Gen 9] OU is currently suspecting Tera Blast! For information on how to participate check out the <a href="https://www.smogon.com/tools/suspects/view/200">suspect thread</a>.</strong></div>
|badge|p2|bronze|gen9ubers|100-9
|uhtml|medal-msg|<div class="broadcast-blue">Curious what those medals under the avatar are? PS now has Ladder Seasons! For more information, check out the <a href="https://www.smogon.com/forums/threads/3740067/">thread on Smogon.</a></div>
|j|☆laurie nalo!
|j|☆SitrisNerd
|t:|1776219446
|gametype|singles
|player|p1|laurie nalo!|kahili|1354
|player|p2|SitrisNerd|touristf|1381
|gen|9
|tier|[Gen 9] OU
|rated|
|rule|HP Percentage Mod: HP is shown in percentages
|rule|Endless Battle Clause: Forcing endless battles is banned
|rule|Species Clause: Limit one of each Pokémon
|rule|OHKO Clause: OHKO moves are banned
|rule|Evasion Items Clause: Evasion items are banned
|rule|Evasion Moves Clause: Evasion moves are banned
|rule|Evasion Abilities Clause: Evasion abilities are banned
|rule|Sleep Moves Clause: Sleep-inducing moves are banned
|clearpoke
|poke|p1|Raging Bolt|
|poke|p1|Pelipper, F|
|poke|p1|Iron Treads|
|poke|p1|Barraskewda, M|
|poke|p1|Overqwil, F|
|poke|p1|Goodra-Hisui, M|
|poke|p2|Ting-Lu|
|poke|p2|Gholdengo|
|poke|p2|Slowking-Galar, F|
|poke|p2|Great Tusk|
|poke|p2|Enamorus, F|
|poke|p2|Meowscarada, F|
|teampreview
|inactive|Battle timer is ON: inactive players will automatically lose when time's up. (requested by SitrisNerd)
|inactive|laurie nalo! also wants the timer to be on.
|j| ohko_smeargle
|
|t:|1776219454
|teamsize|p1|6
|teamsize|p2|6
|start
|switch|p1a: Cutie|Goodra-Hisui, M|100/100
|switch|p2a: Meowscarada|Meowscarada, F, shiny|100/100
|turn|1
|
|t:|1776219467
|move|p2a: Meowscarada|U-turn|p1a: Cutie
|-start|p2a: Meowscarada|typechange|Bug|[from] ability: Protean
|-resisted|p1a: Cutie
|-damage|p1a: Cutie|76/100
|
|t:|1776219469
|switch|p2a: Ting-Lu|Ting-Lu, shiny|100/100|[from] U-turn
|-ability|p2a: Ting-Lu|Vessel of Ruin
|move|p1a: Cutie|Draco Meteor|p2a: Ting-Lu
|-damage|p2a: Ting-Lu|71/100
|-unboost|p1a: Cutie|spa|2
|
|-heal|p2a: Ting-Lu|77/100|[from] item: Leftovers
|upkeep
|turn|2
|
|t:|1776219473
|switch|p1a: Make it Rain|Pelipper, F|100/100
|-weather|RainDance|[from] ability: Drizzle|[of] p1a: Make it Rain
|move|p2a: Ting-Lu|Stealth Rock|p1a: Make it Rain
|-sidestart|p1: laurie nalo!|move: Stealth Rock
|
|-weather|RainDance|[upkeep]
|-heal|p2a: Ting-Lu|83/100|[from] item: Leftovers
|upkeep
|turn|3
|
|t:|1776219481
|move|p1a: Make it Rain|Weather Ball|p2a: Ting-Lu
|-supereffective|p2a: Ting-Lu
|-damage|p2a: Ting-Lu|37/100
|move|p2a: Ting-Lu|Ruination|p1a: Make it Rain
|-damage|p1a: Make it Rain|51/100
|
|-weather|RainDance|[upkeep]
|-heal|p2a: Ting-Lu|43/100|[from] item: Leftovers
|upkeep
|turn|4
|
|t:|1776219484
|switch|p2a: Slowking|Slowking-Galar, F|100/100
|move|p1a: Make it Rain|Weather Ball|p2a: Slowking
|-damage|p2a: Slowking|68/100
|
|-weather|RainDance|[upkeep]
|upkeep
|turn|5
|
|t:|1776219488
|move|p1a: Make it Rain|Roost|p1a: Make it Rain
|-heal|p1a: Make it Rain|100/100
|-singleturn|p1a: Make it Rain|move: Roost
|move|p2a: Slowking|Thunder Wave|p1a: Make it Rain
|-status|p1a: Make it Rain|par
|
|-weather|RainDance|[upkeep]
|upkeep
|turn|6
|
|t:|1776219492
|move|p1a: Make it Rain|Weather Ball|p2a: Slowking
|-damage|p2a: Slowking|32/100
|move|p2a: Slowking|Future Sight|p1a: Make it Rain
|-start|p2a: Slowking|move: Future Sight
|
|-weather|RainDance|[upkeep]
|upkeep
|turn|7
|
|t:|1776219497
|switch|p2a: Meowscarada|Meowscarada, F, shiny|100/100
|move|p1a: Make it Rain|Weather Ball|p2a: Meowscarada
|-resisted|p2a: Meowscarada
|-damage|p2a: Meowscarada|60/100
|
|-weather|RainDance|[upkeep]
|upkeep
|turn|8
|
|t:|1776219501
|move|p2a: Meowscarada|U-turn|p1a: Make it Rain
|-start|p2a: Meowscarada|typechange|Bug|[from] ability: Protean
|-resisted|p1a: Make it Rain
|-damage|p1a: Make it Rain|79/100 par
|
|t:|1776219503
|switch|p2a: Slowking|Slowking-Galar, F|66/100|[from] U-turn
|move|p1a: Make it Rain|Hurricane|p2a: Slowking
|-damage|p2a: Slowking|40/100
|
|-weather|RainDance|[upkeep]
|-end|p1a: Make it Rain|move: Future Sight
|-damage|p1a: Make it Rain|15/100 par
|upkeep
|turn|9
|
|t:|1776219515
|cant|p1a: Make it Rain|par
|-prepare|p2a: Slowking|Chilly Reception|[premajor]
|move|p2a: Slowking|Chilly Reception|p2a: Slowking
|-weather|Snowscape
|
|t:|1776219522
|switch|p2a: Meowscarada|Meowscarada, F, shiny|60/100|[from] Chilly Reception
|
|-weather|Snowscape|[upkeep]
|upkeep
|turn|10
|
|t:|1776219531
|move|p2a: Meowscarada|U-turn|p1a: Make it Rain
|-start|p2a: Meowscarada|typechange|Bug|[from] ability: Protean
|-resisted|p1a: Make it Rain
|-damage|p1a: Make it Rain|0 fnt
|faint|p1a: Make it Rain
|
|t:|1776219538
|switch|p2a: Enamorus|Enamorus, F|100/100|[from] U-turn
|
|-weather|Snowscape|[upkeep]
|upkeep
|
|t:|1776219547
|switch|p1a: Cutie|Goodra-Hisui, M|76/100
|-damage|p1a: Cutie|70/100|[from] Stealth Rock
|turn|11
|
|t:|1776219555
|-terastallize|p2a: Enamorus|Ground
|move|p2a: Enamorus|Earth Power|p1a: Cutie
|-supereffective|p1a: Cutie
|-damage|p1a: Cutie|22/100
|move|p1a: Cutie|Flash Cannon|p2a: Enamorus
|-crit|p2a: Enamorus
|-damage|p2a: Enamorus|14/100
|
|-weather|Snowscape|[upkeep]
|upkeep
|turn|12
|
|t:|1776219564
|-terastallize|p1a: Cutie|Flying
|move|p2a: Enamorus|Earth Power|p1a: Cutie
|-immune|p1a: Cutie
|move|p1a: Cutie|Flash Cannon|p2a: Enamorus
|-damage|p2a: Enamorus|0 fnt
|faint|p2a: Enamorus
|
|-weather|Snowscape|[upkeep]
|upkeep
|
|t:|1776219569
|switch|p2a: Meowscarada|Meowscarada, F, shiny|60/100
|turn|13
|
|t:|1776219575
|move|p2a: Meowscarada|Knock Off|p1a: Cutie
|-start|p2a: Meowscarada|typechange|Dark|[from] ability: Protean
|-damage|p1a: Cutie|0 fnt
|-enditem|p1a: Cutie|Assault Vest|[from] move: Knock Off|[of] p2a: Meowscarada
|faint|p1a: Cutie
|
|-weather|none
|upkeep
|
|t:|1776219584
|switch|p1a: Address Me|Iron Treads, shiny|100/100
|-damage|p1a: Address Me|97/100|[from] Stealth Rock
|turn|14
|
|t:|1776219588
|switch|p2a: Gholdengo|Gholdengo|100/100
|-item|p2a: Gholdengo|Air Balloon
|move|p1a: Address Me|Rapid Spin|p2a: Gholdengo
|-immune|p2a: Gholdengo
|
|-heal|p1a: Address Me|100/100|[from] item: Leftovers
|upkeep
|turn|15
|
|t:|1776219592
|move|p1a: Address Me|Stealth Rock|p2a: Gholdengo
|-sidestart|p2: SitrisNerd|move: Stealth Rock
|move|p2a: Gholdengo|Focus Blast|p1a: Address Me|[miss]
|-miss|p2a: Gholdengo|p1a: Address Me
|
|upkeep
|turn|16
|
|t:|1776219596
|-end|p1a: Address Me|Quark Drive|[silent]
|switch|p1a: Genghis Caltrops|Overqwil, F, shiny|100/100
|-damage|p1a: Genghis Caltrops|88/100|[from] Stealth Rock
|move|p2a: Gholdengo|Focus Blast|p1a: Genghis Caltrops
|-damage|p1a: Genghis Caltrops|23/100
|
|upkeep
|turn|17
|
|t:|1776219602
|switch|p2a: Great Tusk|Great Tusk|100/100
|-damage|p2a: Great Tusk|98/100|[from] Stealth Rock
|-enditem|p2a: Great Tusk|Booster Energy
|-activate|p2a: Great Tusk|ability: Protosynthesis|[fromitem]
|-start|p2a: Great Tusk|protosynthesisspe
|move|p1a: Genghis Caltrops|Crunch|p2a: Great Tusk
|-resisted|p2a: Great Tusk
|-damage|p2a: Great Tusk|84/100
|
|upkeep
|turn|18
|
|t:|1776219606
|move|p2a: Great Tusk|Bulk Up|p2a: Great Tusk
|-boost|p2a: Great Tusk|atk|1
|-boost|p2a: Great Tusk|def|1
|move|p1a: Genghis Caltrops|Destiny Bond|p1a: Genghis Caltrops
|-singlemove|p1a: Genghis Caltrops|Destiny Bond
|
|upkeep
|turn|19
|
|t:|1776219610
|move|p2a: Great Tusk|Bulk Up|p2a: Great Tusk
|-boost|p2a: Great Tusk|atk|1
|-boost|p2a: Great Tusk|def|1
|move|p1a: Genghis Caltrops|Crunch|p2a: Great Tusk
|-resisted|p2a: Great Tusk
|-damage|p2a: Great Tusk|77/100
|-unboost|p2a: Great Tusk|def|1
|
|upkeep
|turn|20
|
|t:|1776219613
|move|p2a: Great Tusk|Rapid Spin|p1a: Genghis Caltrops
|-damage|p1a: Genghis Caltrops|0 fnt
|-boost|p2a: Great Tusk|spe|1
|-sideend|p2: SitrisNerd|Stealth Rock|[from] move: Rapid Spin|[of] p2a: Great Tusk
|faint|p1a: Genghis Caltrops
|
|upkeep
|
|t:|1776219620
|switch|p1a: Dracovish Wannabe|Barraskewda, M, shiny|100/100
|-damage|p1a: Dracovish Wannabe|88/100|[from] Stealth Rock
|turn|21
|
|t:|1776219624
|move|p2a: Great Tusk|Headlong Rush|p1a: Dracovish Wannabe
|-damage|p1a: Dracovish Wannabe|0 fnt
|-unboost|p2a: Great Tusk|def|1
|-unboost|p2a: Great Tusk|spd|1
|faint|p1a: Dracovish Wannabe
|
|upkeep
|-message|laurie nalo! forfeited.
|
|win|SitrisNerd
|raw|laurie nalo!'s rating: 1354 &rarr; <strong>1336</strong><br />(-18 for losing)
|raw|SitrisNerd's rating: 1381 &rarr; <strong>1399</strong><br />(+18 for winning)
|l|☆laurie nalo!
|player|p1|
