|html|<div class="broadcast-blue"><strong>[Gen 9] OU is currently suspecting Tera Blast! For information on how to participate check out the <a href="https://www.smogon.com/tools/suspects/view/200">suspect thread</a>.</strong></div>
|j|☆Buffero
|j|☆Yox7460
|t:|1776077386
|gametype|singles
|player|p1|Buffero|101|1358
|player|p2|Yox7460|n|1379
|gen|9
|tier|[Gen 9] OU
|rated|
|rule|HP Percentage Mod: HP is shown in percentages
|rule|Endless Battle Clause: Forcing endless battles is banned
|rule|Species Clause: Limit one of each Pokémon
|rule|OHKO Clause: OHKO moves are banned
|rule|Evasion Items Clause: Evasion items are banned
|rule|Evasion Moves Clause: Evasion moves are banned
|rule|Evasion Abilities Clause: Evasion abilities are banned
|rule|Sleep Moves Clause: Sleep-inducing moves are banned
|clearpoke
|poke|p1|Snorlax, F|
|poke|p1|Garchomp, M|
|poke|p1|Overqwil, F|
|poke|p1|Politoed, M|
|poke|p1|Kilowattrel, F|
|poke|p1|Cinderace, F|
|poke|p2|Landorus-Therian, M|
|poke|p2|Scizor, M|
|poke|p2|Primarina, M|
|poke|p2|Raging Bolt|
|poke|p2|Pecharunt|
|poke|p2|Iron Valiant|
|teampreview
|inactive|Battle timer is ON: inactive players will automatically lose when time's up. (requested by Yox7460)
|inactive|Buffero also wants the timer to be on.
|j| ohko_smeargle
|
|t:|1776077399
|teamsize|p1|6
|teamsize|p2|6
|start
|switch|p1a: TopGun|Garchomp, M|100/100
|switch|p2a: Primarina|Primarina, M, shiny|100/100
|turn|1
|
|t:|1776077404
|switch|p1a: Bowser|Snorlax, F|100/100
|move|p2a: Primarina|Ice Beam|p1a: Bowser
|-damage|p1a: Bowser|93/100
|
|-heal|p1a: Bowser|99/100|[from] item: Leftovers
|upkeep
|turn|2
|
|t:|1776077411
|switch|p2a: Landorus|Landorus-Therian, M|100/100
|-ability|p2a: Landorus|Intimidate|boost
|-unboost|p1a: Bowser|atk|1
|move|p1a: Bowser|Body Slam|p2a: Landorus
|-damage|p2a: Landorus|80/100
|
|-heal|p2a: Landorus|86/100|[from] item: Leftovers
|-heal|p1a: Bowser|100/100|[from] item: Leftovers
|upkeep
|turn|3
|
|t:|1776077420
|switch|p1a: TopGun|Garchomp, M|100/100
|move|p2a: Landorus|Stealth Rock|p1a: TopGun
|-sidestart|p1: Buffero|move: Stealth Rock
|
|-heal|p2a: Landorus|92/100|[from] item: Leftovers
|upkeep
|turn|4
|
|t:|1776077426
|move|p2a: Landorus|U-turn|p1a: TopGun
|-damage|p1a: TopGun|86/100
|-damage|p2a: Landorus|79/100|[from] ability: Rough Skin|[of] p1a: TopGun
|-damage|p2a: Landorus|63/100|[from] item: Rocky Helmet|[of] p1a: TopGun
|
|t:|1776077431
|switch|p2a: Primarina|Primarina, M, shiny|100/100|[from] U-turn
|move|p1a: TopGun|Surf|p2a: Primarina
|-resisted|p2a: Primarina
|-damage|p2a: Primarina|95/100
|
|upkeep
|turn|5
|
|t:|1776077437
|switch|p1a: Bowser|Snorlax, F|100/100
|-damage|p1a: Bowser|88/100|[from] Stealth Rock
|move|p2a: Primarina|Ice Beam|p1a: Bowser
|-damage|p1a: Bowser|80/100
|
|-heal|p1a: Bowser|87/100|[from] item: Leftovers
|upkeep
|turn|6
|
|t:|1776077445
|switch|p2a: Landorus|Landorus-Therian, M|63/100
|-ability|p2a: Landorus|Intimidate|boost
|-unboost|p1a: Bowser|atk|1
|switch|p1a: Kermit|Politoed, M|100/100
|-damage|p1a: Kermit|88/100|[from] Stealth Rock
|-weather|RainDance|[from] ability: Drizzle|[of] p1a: Kermit
|
|-weather|RainDance|[upkeep]
|-heal|p2a: Landorus|69/100|[from] item: Leftovers
|upkeep
|turn|7
|
|t:|1776077456
|switch|p2a: Primarina|Primarina, M, shiny|95/100
|move|p1a: Kermit|Weather Ball|p2a: Primarina
|-resisted|p2a: Primarina
|-damage|p2a: Primarina|74/100
|
|-weather|RainDance|[upkeep]
|upkeep
|turn|8
|
|t:|1776077463
|switch|p2a: Landorus|Landorus-Therian, M|69/100
|-ability|p2a: Landorus|Intimidate|boost
|-unboost|p1a: Kermit|atk|1
|switch|p1a: Bowser|Snorlax, F|87/100
|-damage|p1a: Bowser|74/100|[from] Stealth Rock
|
|-weather|RainDance|[upkeep]
|-heal|p2a: Landorus|75/100|[from] item: Leftovers
|-heal|p1a: Bowser|80/100|[from] item: Leftovers
|upkeep
|turn|9
|
|t:|1776077473
|switch|p1a: Tesla|Kilowattrel, F|100/100
|-damage|p1a: Tesla|76/100|[from] Stealth Rock
|move|p2a: Landorus|Earthquake|p1a: Tesla
|-immune|p1a: Tesla
|
|-weather|RainDance|[upkeep]
|-heal|p2a: Landorus|81/100|[from] item: Leftovers
|upkeep
|turn|10
|
|t:|1776077481
|move|p1a: Tesla|Hurricane|p2a: Landorus
|-crit|p2a: Landorus
|-damage|p2a: Landorus|0 fnt
|faint|p2a: Landorus
|-damage|p1a: Tesla|66/100|[from] item: Life Orb
|
|-weather|RainDance|[upkeep]
|upkeep
|
|t:|1776077488
|switch|p2a: Scizor|Scizor, M|100/100
|turn|11
|
|t:|1776077492
|switch|p1a: TopGun|Garchomp, M|86/100
|-damage|p1a: TopGun|80/100|[from] Stealth Rock
|move|p2a: Scizor|Knock Off|p1a: TopGun
|-damage|p1a: TopGun|58/100
|-damage|p2a: Scizor|88/100|[from] ability: Rough Skin|[of] p1a: TopGun
|-damage|p2a: Scizor|72/100|[from] item: Rocky Helmet|[of] p1a: TopGun
|-enditem|p1a: TopGun|Rocky Helmet|[from] move: Knock Off|[of] p2a: Scizor
|
|-weather|RainDance|[upkeep]
|-heal|p2a: Scizor|78/100|[from] item: Leftovers
|upkeep
|turn|12
|
|t:|1776077503
|switch|p1a: Messi|Cinderace, F|100/100
|move|p2a: Scizor|Close Combat|p1a: Messi
|-damage|p1a: Messi|33/100
|-unboost|p2a: Scizor|def|1
|-unboost|p2a: Scizor|spd|1
|
|-weather|RainDance|[upkeep]
|-heal|p2a: Scizor|84/100|[from] item: Leftovers
|upkeep
|turn|13
|
|t:|1776077512
|switch|p2a: Primarina|Primarina, M, shiny|74/100
|move|p1a: Messi|Court Change|p1a: Messi
|-start|p1a: Messi|typechange|Normal|[from] ability: Libero
|-swapsideconditions
|-activate|p1a: Messi|move: Court Change
|
|-weather|none
|upkeep
|turn|14
|
|t:|1776077522
|switch|p1a: Bowser|Snorlax, F|80/100
|switch|p2a: Scizor|Scizor, M|84/100
|-damage|p2a: Scizor|72/100|[from] Stealth Rock
|
|-heal|p2a: Scizor|78/100|[from] item: Leftovers
|-heal|p1a: Bowser|86/100|[from] item: Leftovers
|upkeep
|turn|15
|
|t:|1776077530
|switch|p1a: TopGun|Garchomp, M|58/100
|move|p2a: Scizor|Knock Off|p1a: TopGun
|-damage|p1a: TopGun|43/100
|-damage|p2a: Scizor|65/100|[from] ability: Rough Skin|[of] p1a: TopGun
|
|-heal|p2a: Scizor|72/100|[from] item: Leftovers
|upkeep
|turn|16
|
|t:|1776077538
|move|p2a: Scizor|Close Combat|p1a: TopGun
|-damage|p1a: TopGun|15/100
|-unboost|p2a: Scizor|def|1
|-unboost|p2a: Scizor|spd|1
|-damage|p2a: Scizor|59/100|[from] ability: Rough Skin|[of] p1a: TopGun
|move|p1a: TopGun|Earth Power|p2a: Scizor
|-damage|p2a: Scizor|1/100
|
|-heal|p2a: Scizor|7/100|[from] item: Leftovers
|upkeep
|turn|17
|
|t:|1776077549
|move|p2a: Scizor|Bullet Punch|p1a: TopGun
|-damage|p1a: TopGun|0 fnt
|-damage|p2a: Scizor|0 fnt|[from] ability: Rough Skin|[of] p1a: TopGun
|faint|p1a: TopGun
|faint|p2a: Scizor
|
|upkeep
|
|t:|1776077559
|switch|p2a: Primarina|Primarina, M, shiny|74/100
|switch|p1a: Kermit|Politoed, M|88/100
|-damage|p2a: Primarina|62/100|[from] Stealth Rock
|-weather|RainDance|[from] ability: Drizzle|[of] p1a: Kermit
|turn|18
|
|t:|1776077565
|switch|p1a: Bowser|Snorlax, F|86/100
|move|p2a: Primarina|Moonblast|p1a: Bowser
|-damage|p1a: Bowser|62/100
|-unboost|p1a: Bowser|spa|1
|
|-weather|RainDance|[upkeep]
|-heal|p1a: Bowser|68/100|[from] item: Leftovers
|upkeep
|turn|19
|
|t:|1776077575
|switch|p1a: Goth|Overqwil, F|100/100
|move|p2a: Primarina|Sparkling Aria|p1a: Goth
|-damage|p1a: Goth|0 fnt
|faint|p1a: Goth
|
|-weather|RainDance|[upkeep]
|upkeep
|
|t:|1776077582
|switch|p1a: Tesla|Kilowattrel, F|66/100
|turn|20
|
|t:|1776077584
|-terastallize|p2a: Primarina|Steel
|move|p1a: Tesla|Thunder|p2a: Primarina
|-damage|p2a: Primarina|22/100
|-damage|p1a: Tesla|56/100|[from] item: Life Orb
|move|p2a: Primarina|Ice Beam|p1a: Tesla
|-supereffective|p1a: Tesla
|-damage|p1a: Tesla|0 fnt
|faint|p1a: Tesla
|
|-weather|RainDance|[upkeep]
|upkeep
|
|t:|1776077595
|switch|p1a: Bowser|Snorlax, F|68/100
|turn|21
|
|t:|1776077598
|move|p2a: Primarina|Sparkling Aria|p1a: Bowser
|-damage|p1a: Bowser|19/100
|move|p1a: Bowser|Earthquake|p2a: Primarina
|-supereffective|p2a: Primarina
|-damage|p2a: Primarina|0 fnt
|faint|p2a: Primarina
|
|-weather|RainDance|[upkeep]
|-heal|p1a: Bowser|25/100|[from] item: Leftovers
|upkeep
|
|t:|1776077606
|switch|p2a: Iron Valiant|Iron Valiant|100/100
|-damage|p2a: Iron Valiant|94/100|[from] Stealth Rock
|-enditem|p2a: Iron Valiant|Booster Energy
|-activate|p2a: Iron Valiant|ability: Quark Drive|[fromitem]
|-start|p2a: Iron Valiant|quarkdrivespe
|turn|22
|
|t:|1776077612
|move|p2a: Iron Valiant|Aura Sphere|p1a: Bowser
|-supereffective|p1a: Bowser
|-damage|p1a: Bowser|0 fnt
|faint|p1a: Bowser
|
|-weather|RainDance|[upkeep]
|upkeep
|
|t:|1776077619
|switch|p1a: Kermit|Politoed, M|88/100
|turn|23
|
|t:|1776077623
|move|p2a: Iron Valiant|Moonblast|p1a: Kermit
|-damage|p1a: Kermit|46/100
|move|p1a: Kermit|Weather Ball|p2a: Iron Valiant
|-damage|p2a: Iron Valiant|0 fnt
|faint|p2a: Iron Valiant
|-end|p2a: Iron Valiant|Quark Drive|[silent]
|
|-weather|RainDance|[upkeep]
|upkeep
|
|t:|1776077630
|switch|p2a: Raging Bolt|Raging Bolt|100/100
|-damage|p2a: Raging Bolt|88/100|[from] Stealth Rock
|-enditem|p2a: Raging Bolt|Booster Energy
|-activate|p2a: Raging Bolt|ability: Protosynthesis|[fromitem]
|-start|p2a: Raging Bolt|protosynthesisspa
|turn|24
|
|t:|1776077636
|switch|p1a: Messi|Cinderace, F|33/100
|move|p2a: Raging Bolt|Thunderbolt|p1a: Messi
|-damage|p1a: Messi|0 fnt
|faint|p1a: Messi
|
|-weather|RainDance|[upkeep]
|upkeep
|
|t:|1776077642
|switch|p1a: Kermit|Politoed, M|46/100
|turn|25
|
|t:|1776077645
|-terastallize|p1a: Kermit|Grass
|move|p2a: Raging Bolt|Thunderclap|p1a: Kermit
|-resisted|p1a: Kermit
|-crit|p1a: Kermit
|-damage|p1a: Kermit|13/100
|move|p1a: Kermit|Earth Power|p2a: Raging Bolt
|-supereffective|p2a: Raging Bolt
|-damage|p2a: Raging Bolt|32/100
|
|-weather|none
|upkeep
|turn|26
|c|☆Buffero|gg
|
|t:|1776077653
|move|p2a: Raging Bolt|Thunderclap|p1a: Kermit
|-resisted|p1a: Kermit
|-damage|p1a: Kermit|0 fnt
|faint|p1a: Kermit
|
|win|Yox7460
|raw|Buffero's rating: 1358 &rarr; <strong>1339</strong><br />(-19 for losing)
|raw|Yox7460's rating: 1379 &rarr; <strong>1398</strong><br />(+19 for winning)
|l| ohko_smeargle
|c|☆Yox7460|gg
|l|☆Buffero
|player|p1|
|l|☆Yox7460
|player|p2|
