|html|<div class="broadcast-blue"><strong>[Gen 9] OU is currently suspecting Tera Blast! For information on how to participate check out the <a href="https://www.smogon.com/tools/suspects/view/200">suspect thread</a>.</strong></div>
|j|☆Magallan_1017
|j|☆panzershock
|t:|1776082092
|gametype|singles
|player|p1|Magallan_1017|hilbert|1137
|player|p2|panzershock|170|1150
|gen|9
|tier|[Gen 9] OU
|rated|
|rule|HP Percentage Mod: HP is shown in percentages
|rule|Endless Battle Clause: Forcing endless battles is banned
|rule|Species Clause: Limit one of each Pokémon
|rule|OHKO Clause: OHKO moves are banned
|rule|Evasion Items Clause: Evasion items are banned
|rule|Evasion Moves Clause: Evasion moves are banned
|rule|Evasion Abilities Clause: Evasion abilities are banned
|rule|Sleep Moves Clause: Sleep-inducing moves are banned
|clearpoke
|poke|p1|Pelipper, M|
|poke|p1|Greninja-*, M|
|poke|p1|Basculegion, M|
|poke|p1|Zapdos|
|poke|p1|Hatterene, F|
|poke|p1|Walking Wake|
|poke|p2|Zoroark-Hisui, M|
|poke|p2|Ting-Lu|
|poke|p2|Mesprit|
|poke|p2|Pikachu, F|
|poke|p2|Klefki, F|
|poke|p2|Drednaw, M|
|teampreview
|
|t:|1776082116
|teamsize|p1|6
|teamsize|p2|6
|start
|switch|p1a: 萧敬腾|Pelipper, M|100/100
|switch|p2a: Pikachu|Pikachu, F|100/100
|-weather|RainDance|[from] ability: Drizzle|[of] p1a: 萧敬腾
|turn|1
|
|t:|1776082134
|switch|p1a: 炸毛鸡|Zapdos|100/100
|move|p2a: Pikachu|Thunderbolt|p1a: 炸毛鸡
|-damage|p1a: 炸毛鸡|52/100
|
|-weather|RainDance|[upkeep]
|upkeep
|turn|2
|
|t:|1776082175
|switch|p1a: 水君|Walking Wake|100/100
|-enditem|p1a: 水君|Booster Energy
|-activate|p1a: 水君|ability: Protosynthesis|[fromitem]
|-start|p1a: 水君|protosynthesisspe
|move|p2a: Pikachu|Thunderbolt|p1a: 水君
|-damage|p1a: 水君|38/100
|
|-weather|RainDance|[upkeep]
|upkeep
|turn|3
|
|t:|1776082191
|switch|p2a: Mesprit|Mesprit|100/100
|move|p1a: 水君|Draco Meteor|p2a: Mesprit
|-damage|p2a: Mesprit|56/100
|-unboost|p1a: 水君|spa|2
|
|-weather|RainDance|[upkeep]
|upkeep
|turn|4
|
|t:|1776082210
|-end|p1a: 水君|Protosynthesis|[silent]
|switch|p1a: 大魔女|Hatterene, F, shiny|100/100
|move|p2a: Mesprit|Mystical Power|p1a: 大魔女
|-resisted|p1a: 大魔女
|-damage|p1a: 大魔女|86/100
|-boost|p2a: Mesprit|spa|1
|
|-weather|RainDance|[upkeep]
|-heal|p1a: 大魔女|92/100|[from] item: Leftovers
|upkeep
|turn|5
|
|t:|1776082221
|move|p2a: Mesprit|Mystical Power|p1a: 大魔女
|-resisted|p1a: 大魔女
|-crit|p1a: 大魔女
|-damage|p1a: 大魔女|65/100
|-boost|p2a: Mesprit|spa|1
|move|p1a: 大魔女|Calm Mind|p1a: 大魔女
|-boost|p1a: 大魔女|spa|1
|-boost|p1a: 大魔女|spd|1
|
|-weather|RainDance|[upkeep]
|-heal|p1a: 大魔女|71/100|[from] item: Leftovers
|upkeep
|turn|6
|
|t:|1776082230
|move|p2a: Mesprit|Mystical Power|p1a: 大魔女
|-resisted|p1a: 大魔女
|-damage|p1a: 大魔女|54/100
|-boost|p2a: Mesprit|spa|1
|move|p1a: 大魔女|Calm Mind|p1a: 大魔女
|-boost|p1a: 大魔女|spa|1
|-boost|p1a: 大魔女|spd|1
|
|-weather|RainDance|[upkeep]
|-heal|p1a: 大魔女|60/100|[from] item: Leftovers
|upkeep
|turn|7
|
|t:|1776082242
|move|p2a: Mesprit|Mystical Power|p1a: 大魔女
|-resisted|p1a: 大魔女
|-damage|p1a: 大魔女|45/100
|-boost|p2a: Mesprit|spa|1
|move|p1a: 大魔女|Dazzling Gleam|p2a: Mesprit
|-crit|p2a: Mesprit
|-damage|p2a: Mesprit|0 fnt
|faint|p2a: Mesprit
|
|-weather|RainDance|[upkeep]
|-heal|p1a: 大魔女|51/100|[from] item: Leftovers
|upkeep
|
|t:|1776082249
|switch|p2a: Ting-Lu|Ting-Lu|100/100
|-ability|p2a: Ting-Lu|Vessel of Ruin
|turn|8
|
|t:|1776082255
|move|p2a: Ting-Lu|Heavy Slam|p1a: 大魔女
|-supereffective|p1a: 大魔女
|-damage|p1a: 大魔女|0 fnt
|faint|p1a: 大魔女
|
|-weather|none
|upkeep
|
|t:|1776082264
|switch|p1a: 萧敬腾|Pelipper, M|100/100
|-weather|RainDance|[from] ability: Drizzle|[of] p1a: 萧敬腾
|turn|9
|
|t:|1776082271
|switch|p1a: 鲤鱼王|Basculegion, M|100/100
|move|p2a: Ting-Lu|Stealth Rock|p1a: 鲤鱼王
|-sidestart|p1: Magallan_1017|move: Stealth Rock
|
|-weather|RainDance|[upkeep]
|upkeep
|turn|10
|
|t:|1776082294
|-terastallize|p1a: 鲤鱼王|Water
|move|p1a: 鲤鱼王|Wave Crash|p2a: Ting-Lu
|-supereffective|p2a: Ting-Lu
|-damage|p2a: Ting-Lu|0 fnt
|faint|p2a: Ting-Lu
|-damage|p1a: 鲤鱼王|61/100|[from] Recoil
|
|-weather|RainDance|[upkeep]
|upkeep
|
|t:|1776082312
|switch|p2a: Drednaw|Drednaw, M|100/100
|turn|11
|
|t:|1776082316
|move|p1a: 鲤鱼王|Wave Crash|p2a: Drednaw
|-damage|p2a: Drednaw|0 fnt
|faint|p2a: Drednaw
|-damage|p1a: 鲤鱼王|34/100|[from] Recoil
|
|-weather|RainDance|[upkeep]
|upkeep
|
|t:|1776082322
|switch|p2a: Klefki|Klefki, F|100/100
|turn|12
|
|t:|1776082326
|move|p2a: Klefki|Thunder Wave|p1a: 鲤鱼王
|-status|p1a: 鲤鱼王|par
|move|p1a: 鲤鱼王|Wave Crash|p2a: Klefki
|-damage|p2a: Klefki|0 fnt
|faint|p2a: Klefki
|-damage|p1a: 鲤鱼王|6/100 par|[from] Recoil
|
|-weather|RainDance|[upkeep]
|upkeep
|
|t:|1776082344
|switch|p2a: Pikachu|Pikachu, F|100/100
|turn|13
|
|t:|1776082353
|switch|p1a: 炸毛鸡|Zapdos|52/100
|move|p2a: Pikachu|Knock Off|p1a: 炸毛鸡
|-damage|p1a: 炸毛鸡|26/100
|-enditem|p1a: 炸毛鸡|Heavy-Duty Boots|[from] move: Knock Off|[of] p2a: Pikachu
|
|-weather|RainDance|[upkeep]
|upkeep
|turn|14
|
|t:|1776082368
|switch|p1a: 别小瞧了我们之间的羁绊口牙|Greninja, M|100/100
|-damage|p1a: 别小瞧了我们之间的羁绊口牙|88/100|[from] Stealth Rock
|move|p2a: Pikachu|Body Slam|p1a: 别小瞧了我们之间的羁绊口牙
|-damage|p1a: 别小瞧了我们之间的羁绊口牙|22/100
|
|-weather|RainDance|[upkeep]
|upkeep
|turn|15
|
|t:|1776082388
|move|p1a: 别小瞧了我们之间的羁绊口牙|Surf|p2a: Pikachu
|-damage|p2a: Pikachu|0 fnt
|replace|p2a: Zoroark|Zoroark-Hisui, M
|-end|p2a: Zoroark|Illusion
|faint|p2a: Zoroark
|-ability|p1a: 别小瞧了我们之间的羁绊口牙|Battle Bond|boost
|-boost|p1a: 别小瞧了我们之间的羁绊口牙|atk|1
|-boost|p1a: 别小瞧了我们之间的羁绊口牙|spa|1
|-boost|p1a: 别小瞧了我们之间的羁绊口牙|spe|1
|-activate|p1a: 别小瞧了我们之间的羁绊口牙|ability: Battle Bond
|-damage|p1a: 别小瞧了我们之间的羁绊口牙|12/100|[from] item: Life Orb
|
|-weather|RainDance|[upkeep]
|upkeep
|
|t:|1776082391
|switch|p2a: Pikachu|Pikachu, F|100/100
|turn|16
|
|t:|1776082407
|move|p2a: Pikachu|Fake Out|p1a: 别小瞧了我们之间的羁绊口牙
|-damage|p1a: 别小瞧了我们之间的羁绊口牙|0 fnt
|faint|p1a: 别小瞧了我们之间的羁绊口牙
|
|-weather|none
|upkeep
|
|t:|1776082412
|switch|p1a: 萧敬腾|Pelipper, M|100/100
|-damage|p1a: 萧敬腾|76/100|[from] Stealth Rock
|-weather|RainDance|[from] ability: Drizzle|[of] p1a: 萧敬腾
|turn|17
|
|t:|1776082429
|move|p2a: Pikachu|Thunderbolt|p1a: 萧敬腾
|-supereffective|p1a: 萧敬腾
|-damage|p1a: 萧敬腾|0 fnt
|faint|p1a: 萧敬腾
|
|-weather|RainDance|[upkeep]
|upkeep
|
|t:|1776082438
|switch|p1a: 水君|Walking Wake|38/100
|-damage|p1a: 水君|26/100|[from] Stealth Rock
|turn|18
|
|t:|1776082446
|-terastallize|p2a: Pikachu|Electric
|move|p1a: 水君|Draco Meteor|p2a: Pikachu
|-damage|p2a: Pikachu|0 fnt
|-unboost|p1a: 水君|spa|2
|faint|p2a: Pikachu
|
|win|Magallan_1017
|raw|Magallan_1017's rating: 1137 &rarr; <strong>1163</strong><br />(+26 for winning)
|raw|panzershock's rating: 1150 &rarr; <strong>1124</strong><br />(-26 for losing)
|l|☆panzershock
|player|p2|
|l|☆Magallan_1017
|player|p1|
