|html|<div class="broadcast-blue"><strong>[Gen 9] OU is currently suspecting Tera Blast! For information on how to participate check out the <a href="https://www.smogon.com/tools/suspects/view/200">suspect thread</a>.</strong></div>
|j|☆Monkey D MinMin
|j|☆alexander90281
|t:|1776138635
|gametype|singles
|player|p1|Monkey D MinMin|lucas|1832
|player|p2|alexander90281|tateandliza-gen3|1792
|gen|9
|tier|[Gen 9] OU
|rated|
|rule|HP Percentage Mod: HP is shown in percentages
|rule|Endless Battle Clause: Forcing endless battles is banned
|rule|Species Clause: Limit one of each Pokémon
|rule|OHKO Clause: OHKO moves are banned
|rule|Evasion Items Clause: Evasion items are banned
|rule|Evasion Moves Clause: Evasion moves are banned
|rule|Evasion Abilities Clause: Evasion abilities are banned
|rule|Sleep Moves Clause: Sleep-inducing moves are banned
|clearpoke
|poke|p1|Blissey, F|
|poke|p1|Hoopa-Unbound|
|poke|p1|Quagsire, M|
|poke|p1|Alomomola, M|
|poke|p1|Corviknight, M|
|poke|p1|Weezing-Galar, F|
|poke|p2|Mimikyu, F|
|poke|p2|Hatterene, F|
|poke|p2|Ursaluna, F|
|poke|p2|Kyurem|
|poke|p2|Kingambit, F|
|poke|p2|Raging Bolt|
|teampreview
|
|t:|1776138691
|teamsize|p1|6
|teamsize|p2|6
|start
|switch|p1a: He does tricks|Hoopa-Unbound|100/100
|switch|p2a: Hatterene|Hatterene, F|100/100
|turn|1
|
|t:|1776138694
|move|p1a: He does tricks|Knock Off|p2a: Hatterene
|-damage|p2a: Hatterene|45/100
|-enditem|p2a: Hatterene|Focus Sash|[from] move: Knock Off|[of] p1a: He does tricks
|move|p2a: Hatterene|Trick Room|p2a: Hatterene
|-fieldstart|move: Trick Room|[of] p2a: Hatterene
|
|upkeep
|turn|2
|
|t:|1776138703
|switch|p1a: HOOAHAHAH|Alomomola, M|100/100
|move|p2a: Hatterene|Healing Wish|p2a: Hatterene
|faint|p2a: Hatterene
|
|upkeep
|
|t:|1776138708
|switch|p2a: Ursaluna|Ursaluna, F|100/100
|turn|3
|
|t:|1776138712
|move|p2a: Ursaluna|Swords Dance|p2a: Ursaluna
|-boost|p2a: Ursaluna|atk|2
|move|p1a: HOOAHAHAH|Flip Turn|p2a: Ursaluna
|-supereffective|p2a: Ursaluna
|-damage|p2a: Ursaluna|78/100
|
|t:|1776138717
|switch|p1a: -Ga|Weezing-Galar, F|100/100|[from] Flip Turn
|-ability|p1a: -Ga|Neutralizing Gas
|
|-status|p2a: Ursaluna|brn|[from] item: Flame Orb
|upkeep
|turn|4
|j| FaronAan
|
|t:|1776138733
|move|p2a: Ursaluna|Facade|p1a: -Ga
|-damage|p1a: -Ga|0 fnt
|faint|p1a: -Ga
|-end|p1a: -Ga|ability: Neutralizing Gas
|
|-damage|p2a: Ursaluna|71/100 brn|[from] brn
|upkeep
|
|t:|1776138737
|switch|p1a: HOOAHAHAH|Alomomola, M|100/100
|turn|5
|
|t:|1776138739
|move|p1a: HOOAHAHAH|Protect|p1a: HOOAHAHAH
|-singleturn|p1a: HOOAHAHAH|Protect
|move|p2a: Ursaluna|Facade|p1a: HOOAHAHAH
|-activate|p1a: HOOAHAHAH|move: Protect
|
|-damage|p2a: Ursaluna|65/100 brn|[from] brn
|-fieldend|move: Trick Room
|upkeep
|turn|6
|j| alttesting124n
|
|t:|1776138753
|move|p1a: HOOAHAHAH|Flip Turn|p2a: Ursaluna
|-supereffective|p2a: Ursaluna
|-damage|p2a: Ursaluna|43/100 brn
|
|t:|1776138764
|switch|p1a: CORVVAVAGAJ|Corviknight, M|100/100|[from] Flip Turn
|-ability|p1a: CORVVAVAGAJ|Pressure
|move|p2a: Ursaluna|Facade|p1a: CORVVAVAGAJ
|-resisted|p1a: CORVVAVAGAJ
|-damage|p1a: CORVVAVAGAJ|22/100
|
|-heal|p1a: CORVVAVAGAJ|28/100|[from] item: Leftovers
|-damage|p2a: Ursaluna|36/100 brn|[from] brn
|upkeep
|turn|7
|
|t:|1776138770
|move|p1a: CORVVAVAGAJ|Brave Bird|p2a: Ursaluna
|-damage|p2a: Ursaluna|8/100 brn
|-damage|p1a: CORVVAVAGAJ|18/100|[from] Recoil
|move|p2a: Ursaluna|Facade|p1a: CORVVAVAGAJ
|-resisted|p1a: CORVVAVAGAJ
|-damage|p1a: CORVVAVAGAJ|0 fnt
|faint|p1a: CORVVAVAGAJ
|
|-damage|p2a: Ursaluna|2/100 brn|[from] brn
|upkeep
|
|t:|1776138773
|switch|p1a: HOOAHAHAH|Alomomola, M|100/100
|turn|8
|j| shauryagarchamp
|
|t:|1776138782
|switch|p2a: Kyurem|Kyurem|100/100
|-ability|p2a: Kyurem|Pressure
|move|p1a: HOOAHAHAH|Flip Turn|p2a: Kyurem
|-resisted|p2a: Kyurem
|-damage|p2a: Kyurem|93/100
|c|☆Monkey D MinMin|Wait I might have needed corv LMAOOO
|
|t:|1776138788
|switch|p1a: He does tricks|Hoopa-Unbound|100/100|[from] Flip Turn
|
|upkeep
|turn|9
|c|☆Monkey D MinMin|Don’t d dance omg
|
|t:|1776138799
|move|p2a: Kyurem|Icicle Spear|p1a: He does tricks
|-damage|p1a: He does tricks|86/100
|-damage|p1a: He does tricks|72/100
|-damage|p1a: He does tricks|58/100
|-crit|p1a: He does tricks
|-damage|p1a: He does tricks|35/100
|-damage|p1a: He does tricks|21/100
|-hitcount|p1a: He does tricks|5
|move|p1a: He does tricks|Drain Punch|p2a: Kyurem
|-supereffective|p2a: Kyurem
|-damage|p2a: Kyurem|42/100
|-heal|p1a: He does tricks|49/100|[from] drain|[of] p2a: Kyurem
|
|upkeep
|turn|10
|
|t:|1776138806
|switch|p1a: HOOAHAHAH|Alomomola, M|100/100
|move|p2a: Kyurem|Icicle Spear|p1a: HOOAHAHAH
|-resisted|p1a: HOOAHAHAH
|-damage|p1a: HOOAHAHAH|97/100
|-resisted|p1a: HOOAHAHAH
|-damage|p1a: HOOAHAHAH|93/100
|-resisted|p1a: HOOAHAHAH
|-damage|p1a: HOOAHAHAH|89/100
|-resisted|p1a: HOOAHAHAH
|-damage|p1a: HOOAHAHAH|86/100
|-hitcount|p1a: HOOAHAHAH|4
|
|upkeep
|turn|11
|
|t:|1776138810
|move|p1a: HOOAHAHAH|Protect|p1a: HOOAHAHAH
|-singleturn|p1a: HOOAHAHAH|Protect
|move|p2a: Kyurem|Freeze-Dry|p1a: HOOAHAHAH
|-activate|p1a: HOOAHAHAH|move: Protect
|
|upkeep
|turn|12
|
|t:|1776138822
|move|p2a: Kyurem|Freeze-Dry|p1a: HOOAHAHAH
|-supereffective|p1a: HOOAHAHAH
|-damage|p1a: HOOAHAHAH|28/100
|move|p1a: HOOAHAHAH|Scald|p2a: Kyurem
|-resisted|p2a: Kyurem
|-damage|p2a: Kyurem|35/100
|-status|p2a: Kyurem|brn
|
|-damage|p2a: Kyurem|28/100 brn|[from] brn
|upkeep
|turn|13
|
|t:|1776138829
|switch|p1a: Big and Greedy|Blissey, F|100/100
|move|p2a: Kyurem|Freeze-Dry|p1a: Big and Greedy
|-damage|p1a: Big and Greedy|91/100
|
|-heal|p1a: Big and Greedy|97/100|[from] item: Leftovers
|-damage|p2a: Kyurem|22/100 brn|[from] brn
|upkeep
|turn|14
|
|t:|1776138834
|switch|p2a: Ursaluna|Ursaluna, F|2/100 brn
|-heal|p2a: Ursaluna|100/100|[from] move: Healing Wish
|move|p1a: Big and Greedy|Stealth Rock|p2a: Ursaluna
|-sidestart|p2: alexander90281|move: Stealth Rock
|
|-heal|p1a: Big and Greedy|100/100|[from] item: Leftovers
|-status|p2a: Ursaluna|brn|[from] item: Flame Orb
|upkeep
|turn|15
|
|t:|1776138840
|switch|p1a: HOOAHAHAH|Alomomola, M|62/100
|move|p2a: Ursaluna|Facade|p1a: HOOAHAHAH
|-damage|p1a: HOOAHAHAH|0 fnt
|-damage|p2a: Ursaluna|84/100 brn|[from] item: Rocky Helmet|[of] p1a: HOOAHAHAH
|faint|p1a: HOOAHAHAH
|
|-damage|p2a: Ursaluna|78/100 brn|[from] brn
|upkeep
|
|t:|1776138842
|switch|p1a: He does tricks|Hoopa-Unbound|49/100
|turn|16
|
|t:|1776138845
|switch|p2a: Kyurem|Kyurem|22/100 brn
|-damage|p2a: Kyurem|0 fnt|[from] Stealth Rock
|faint|p2a: Kyurem
|move|p1a: He does tricks|Drain Punch|p2: Kyurem|[notarget]
|-fail|p1a: He does tricks
|
|upkeep
|
|t:|1776138847
|switch|p2a: Mimikyu|Mimikyu, F|100/100
|-damage|p2a: Mimikyu|88/100|[from] Stealth Rock
|turn|17
|
|t:|1776138852
|move|p2a: Mimikyu|Play Rough|p1a: He does tricks
|-supereffective|p1a: He does tricks
|-damage|p1a: He does tricks|0 fnt
|faint|p1a: He does tricks
|
|upkeep
|
|t:|1776138853
|switch|p1a: Bestie|Quagsire, M|100/100
|turn|18
|
|t:|1776138856
|move|p2a: Mimikyu|Curse|p1a: Bestie
|-start|p1a: Bestie|Curse|[of] p2a: Mimikyu
|-damage|p2a: Mimikyu|38/100
|move|p1a: Bestie|Earthquake|p2a: Mimikyu
|-activate|p2a: Mimikyu|ability: Disguise
|-damage|p2a: Mimikyu|38/100
|detailschange|p2a: Mimikyu|Mimikyu-Busted, F
|-damage|p2a: Mimikyu|26/100|[from] pokemon: Mimikyu-Busted
|
|-damage|p1a: Bestie|76/100|[from] Curse
|upkeep
|turn|19
|
|t:|1776138859
|move|p1a: Bestie|Recover|p1a: Bestie
|-heal|p1a: Bestie|100/100
|move|p2a: Mimikyu|Trick Room|p2a: Mimikyu
|-fieldstart|move: Trick Room|[of] p2a: Mimikyu
|
|-damage|p1a: Bestie|76/100|[from] Curse
|upkeep
|turn|20
|
|t:|1776138861
|move|p1a: Bestie|Recover|p1a: Bestie
|-heal|p1a: Bestie|100/100
|move|p2a: Mimikyu|Play Rough|p1a: Bestie
|-damage|p1a: Bestie|81/100
|
|-damage|p1a: Bestie|56/100|[from] Curse
|upkeep
|turn|21
|
|t:|1776138865
|switch|p2a: Ursaluna|Ursaluna, F|78/100 brn
|-damage|p2a: Ursaluna|72/100 brn|[from] Stealth Rock
|move|p1a: Bestie|Recover|p1a: Bestie
|-heal|p1a: Bestie|100/100
|
|-damage|p2a: Ursaluna|65/100 brn|[from] brn
|-damage|p1a: Bestie|76/100|[from] Curse
|upkeep
|turn|22
|
|t:|1776138869
|move|p2a: Ursaluna|Facade|p1a: Bestie
|-damage|p1a: Bestie|0 fnt
|faint|p1a: Bestie
|
|-damage|p2a: Ursaluna|59/100 brn|[from] brn
|upkeep
|-message|Monkey D MinMin forfeited.
|
|win|alexander90281
|raw|Monkey D MinMin's rating: 1832 &rarr; <strong>1810</strong><br />(-22 for losing)
|raw|alexander90281's rating: 1792 &rarr; <strong>1814</strong><br />(+22 for winning)
|l|☆Monkey D MinMin
|player|p1|
