|html|<div class="broadcast-blue"><strong>[Gen 9] OU is currently suspecting Tera Blast! For information on how to participate check out the <a href="https://www.smogon.com/tools/suspects/view/200">suspect thread</a>.</strong></div>
|j|☆Daycloud 2
|j|☆12erfg
|t:|1776152219
|gametype|singles
|player|p1|Daycloud 2|266|1089
|player|p2|12erfg|giovanni|1150
|gen|9
|tier|[Gen 9] OU
|rated|
|rule|HP Percentage Mod: HP is shown in percentages
|rule|Endless Battle Clause: Forcing endless battles is banned
|rule|Species Clause: Limit one of each Pokémon
|rule|OHKO Clause: OHKO moves are banned
|rule|Evasion Items Clause: Evasion items are banned
|rule|Evasion Moves Clause: Evasion moves are banned
|rule|Evasion Abilities Clause: Evasion abilities are banned
|rule|Sleep Moves Clause: Sleep-inducing moves are banned
|clearpoke
|poke|p1|Ribombee, M|
|poke|p1|Glimmora, M|
|poke|p1|Heatran, F|
|poke|p1|Darkrai|
|poke|p1|Dragapult, F|
|poke|p1|Volcanion|
|poke|p2|Kingambit, F|
|poke|p2|Cinderace, F|
|poke|p2|Landorus-Therian, M|
|poke|p2|Iron Valiant|
|poke|p2|Kyurem|
|poke|p2|Slowking-Galar, M|
|teampreview
|inactive|Battle timer is ON: inactive players will automatically lose when time's up. (requested by 12erfg)
|
|t:|1776152248
|teamsize|p1|6
|teamsize|p2|6
|start
|switch|p1a: Volcanion|Volcanion|100/100
|switch|p2a: Landorus|Landorus-Therian, M, shiny|100/100
|-ability|p2a: Landorus|Intimidate|boost
|-unboost|p1a: Volcanion|atk|1
|turn|1
|
|t:|1776152258
|move|p2a: Landorus|Earthquake|p1a: Volcanion
|-supereffective|p1a: Volcanion
|-damage|p1a: Volcanion|19/100
|move|p1a: Volcanion|Will-O-Wisp|p2a: Landorus
|-status|p2a: Landorus|brn
|
|-heal|p1a: Volcanion|25/100|[from] item: Leftovers
|-damage|p2a: Landorus|95/100 brn|[from] brn
|upkeep
|turn|2
|
|t:|1776152265
|move|p1a: Volcanion|Protect|p1a: Volcanion
|-singleturn|p1a: Volcanion|Protect
|move|p2a: Landorus|Earthquake|p1a: Volcanion
|-activate|p1a: Volcanion|move: Protect
|
|-heal|p1a: Volcanion|31/100|[from] item: Leftovers
|-damage|p2a: Landorus|89/100 brn|[from] brn
|upkeep
|turn|3
|
|t:|1776152289
|move|p2a: Landorus|Earthquake|p1a: Volcanion
|-supereffective|p1a: Volcanion
|-damage|p1a: Volcanion|0 fnt
|faint|p1a: Volcanion
|
|-damage|p2a: Landorus|83/100 brn|[from] brn
|upkeep
|
|t:|1776152296
|switch|p1a: Recoome|Ribombee, M|100/100
|turn|4
|
|t:|1776152307
|move|p1a: Recoome|Sticky Web|p2a: Landorus
|-sidestart|p2: 12erfg|move: Sticky Web
|move|p2a: Landorus|Earthquake|p1a: Recoome
|-resisted|p1a: Recoome
|-damage|p1a: Recoome|76/100
|
|-damage|p2a: Landorus|77/100 brn|[from] brn
|upkeep
|turn|5
|
|t:|1776152313
|switch|p1a: Drog0pult|Dragapult, F|100/100
|move|p2a: Landorus|U-turn|p1a: Drog0pult
|-resisted|p1a: Drog0pult
|-damage|p1a: Drog0pult|93/100
|
|t:|1776152333
|switch|p2a: Slowking|Slowking-Galar, M, shiny|100/100|[from] U-turn
|
|upkeep
|turn|6
|
|t:|1776152342
|move|p1a: Drog0pult|Dragon Darts|p2a: Slowking
|-damage|p2a: Slowking|56/100
|-anim|p1a: Drog0pult|Dragon Darts|p2a: Slowking
|-damage|p2a: Slowking|14/100
|move|p2a: Slowking|Thunder Wave|p1a: Drog0pult
|-status|p1a: Drog0pult|par
|
|upkeep
|turn|7
|
|t:|1776152352
|switch|p2a: Iron Valiant|Iron Valiant|100/100
|-activate|p2a: Iron Valiant|move: Sticky Web
|-unboost|p2a: Iron Valiant|spe|1
|-enditem|p2a: Iron Valiant|Booster Energy
|-activate|p2a: Iron Valiant|ability: Quark Drive|[fromitem]
|-start|p2a: Iron Valiant|quarkdrivespa
|move|p1a: Drog0pult|Dragon Darts|p2a: Iron Valiant
|-immune|p2a: Iron Valiant
|
|upkeep
|turn|8
|
|t:|1776152368
|switch|p1a: Heatrano|Heatran, F|100/100
|move|p2a: Iron Valiant|Calm Mind|p2a: Iron Valiant
|-boost|p2a: Iron Valiant|spa|1
|-boost|p2a: Iron Valiant|spd|1
|
|upkeep
|turn|9
|
|t:|1776152393
|move|p2a: Iron Valiant|Shadow Ball|p1a: Heatrano
|-damage|p1a: Heatrano|81/100
|move|p1a: Heatrano|Flash Cannon|p2a: Iron Valiant
|-supereffective|p2a: Iron Valiant
|-damage|p2a: Iron Valiant|17/100
|
|upkeep
|turn|10
|inactive|12erfg has 120 seconds left.
|
|t:|1776152420
|move|p2a: Iron Valiant|Encore|p1a: Heatrano
|-start|p1a: Heatrano|Encore
|move|p1a: Heatrano|Flash Cannon|p2a: Iron Valiant
|-supereffective|p2a: Iron Valiant
|-damage|p2a: Iron Valiant|0 fnt
|faint|p2a: Iron Valiant
|-end|p2a: Iron Valiant|Quark Drive|[silent]
|
|upkeep
|
|t:|1776152424
|switch|p2a: Cinderace|Cinderace, F, shiny|100/100
|turn|11
|inactive|12erfg has 120 seconds left.
|
|t:|1776152436
|switch|p2a: Slowking|Slowking-Galar, M, shiny|47/100
|switch|p1a: Drog0pult|Dragapult, F|93/100 par
|
|upkeep
|turn|12
|inactive|12erfg has 120 seconds left.
|
|t:|1776152442
|switch|p2a: Kingambit|Kingambit, F|100/100
|-activate|p2a: Kingambit|move: Sticky Web
|-unboost|p2a: Kingambit|spe|1
|-activate|p2a: Kingambit|ability: Supreme Overlord
|-start|p2a: Kingambit|fallen1|[silent]
|move|p1a: Drog0pult|Dragon Darts|p2a: Kingambit
|-resisted|p2a: Kingambit
|-damage|p2a: Kingambit|84/100
|-anim|p1a: Drog0pult|Dragon Darts|p2a: Kingambit
|-resisted|p2a: Kingambit
|-damage|p2a: Kingambit|67/100
|
|-heal|p2a: Kingambit|73/100|[from] item: Leftovers
|upkeep
|turn|13
|inactive|12erfg has 120 seconds left.
|
|t:|1776152454
|move|p1a: Drog0pult|Dragon Darts|p2a: Kingambit
|-resisted|p2a: Kingambit
|-damage|p2a: Kingambit|57/100
|-anim|p1a: Drog0pult|Dragon Darts|p2a: Kingambit
|-resisted|p2a: Kingambit
|-damage|p2a: Kingambit|42/100
|move|p2a: Kingambit|Kowtow Cleave|p1a: Drog0pult
|-supereffective|p1a: Drog0pult
|-damage|p1a: Drog0pult|0 fnt
|faint|p1a: Drog0pult
|
|-heal|p2a: Kingambit|48/100|[from] item: Leftovers
|upkeep
|
|t:|1776152467
|switch|p1a: Gliarandano|Glimmora, M|100/100
|turn|14
|
|t:|1776152472
|-end|p2a: Kingambit|fallen1|[silent]
|switch|p2a: Landorus|Landorus-Therian, M, shiny|77/100 brn
|-ability|p2a: Landorus|Intimidate|boost
|-unboost|p1a: Gliarandano|atk|1
|move|p1a: Gliarandano|Stealth Rock|p2a: Landorus
|-sidestart|p2: 12erfg|move: Stealth Rock
|
|-damage|p2a: Landorus|71/100 brn|[from] brn
|upkeep
|turn|15
|
|t:|1776152496
|switch|p1a: Heatrano|Heatran, F|81/100
|move|p2a: Landorus|Earthquake|p1a: Heatrano
|-supereffective|p1a: Heatrano
|-damage|p1a: Heatrano|0 fnt
|faint|p1a: Heatrano
|
|-damage|p2a: Landorus|65/100 brn|[from] brn
|upkeep
|
|t:|1776152502
|switch|p1a: la quesadilla|Darkrai|100/100
|turn|16
|
|t:|1776152508
|switch|p2a: Cinderace|Cinderace, F, shiny|100/100
|move|p1a: la quesadilla|Ice Beam|p2a: Cinderace
|-resisted|p2a: Cinderace
|-damage|p2a: Cinderace|82/100
|
|upkeep
|turn|17
|
|t:|1776152515
|move|p1a: la quesadilla|Ice Beam|p2a: Cinderace
|-resisted|p2a: Cinderace
|-damage|p2a: Cinderace|62/100
|-status|p2a: Cinderace|frz
|-curestatus|p2a: Cinderace|frz|[msg]
|move|p2a: Cinderace|Court Change|p2a: Cinderace
|-swapsideconditions
|-activate|p2a: Cinderace|move: Court Change
|
|upkeep
|turn|18
|
|t:|1776152525
|switch|p1a: Gliarandano|Glimmora, M|100/100
|-activate|p1a: Gliarandano|move: Sticky Web
|-unboost|p1a: Gliarandano|spe|1
|-damage|p1a: Gliarandano|88/100|[from] Stealth Rock
|move|p2a: Cinderace|U-turn|p1a: Gliarandano
|-resisted|p1a: Gliarandano
|-damage|p1a: Gliarandano|80/100
|-activate|p1a: Gliarandano|ability: Toxic Debris
|-sidestart|p2: 12erfg|move: Toxic Spikes
|
|t:|1776152534
|switch|p2a: Slowking|Slowking-Galar, M, shiny|81/100|[from] U-turn
|-sideend|p2: 12erfg|move: Toxic Spikes|[of] p2a: Slowking
|
|upkeep
|turn|19
|
|t:|1776152537
|switch|p2a: Kingambit|Kingambit, F|48/100
|-activate|p2a: Kingambit|ability: Supreme Overlord
|-start|p2a: Kingambit|fallen1|[silent]
|move|p1a: Gliarandano|Mortal Spin|p2a: Kingambit
|-immune|p2a: Kingambit
|
|-heal|p2a: Kingambit|54/100|[from] item: Leftovers
|upkeep
|turn|20
|
|t:|1776152555
|-terastallize|p2a: Kingambit|Flying
|move|p2a: Kingambit|Iron Head|p1a: Gliarandano
|-supereffective|p1a: Gliarandano
|-damage|p1a: Gliarandano|0 fnt
|-activate|p1a: Gliarandano|ability: Toxic Debris
|-sidestart|p2: 12erfg|move: Toxic Spikes
|faint|p1a: Gliarandano
|
|-heal|p2a: Kingambit|60/100|[from] item: Leftovers
|upkeep
|
|t:|1776152563
|switch|p1a: la quesadilla|Darkrai|100/100
|-activate|p1a: la quesadilla|move: Sticky Web
|-unboost|p1a: la quesadilla|spe|1
|-damage|p1a: la quesadilla|88/100|[from] Stealth Rock
|turn|21
|
|t:|1776152584
|-end|p2a: Kingambit|fallen1|[silent]
|switch|p2a: Cinderace|Cinderace, F, shiny|62/100
|move|p1a: la quesadilla|Ice Beam|p2a: Cinderace
|-resisted|p2a: Cinderace
|-damage|p2a: Cinderace|43/100
|
|upkeep
|turn|22
|
|t:|1776152592
|move|p1a: la quesadilla|Ice Beam|p2a: Cinderace
|-resisted|p2a: Cinderace
|-damage|p2a: Cinderace|25/100
|move|p2a: Cinderace|U-turn|p1a: la quesadilla
|-supereffective|p1a: la quesadilla
|-damage|p1a: la quesadilla|41/100
|
|t:|1776152595
|switch|p2a: Slowking|Slowking-Galar, M, shiny|100/100|[from] U-turn
|-sideend|p2: 12erfg|move: Toxic Spikes|[of] p2a: Slowking
|
|upkeep
|turn|23
|
|t:|1776152602
|move|p1a: la quesadilla|Ice Beam|p2a: Slowking
|-damage|p2a: Slowking|82/100
|move|p2a: Slowking|Sludge Bomb|p1a: la quesadilla
|-damage|p1a: la quesadilla|0 fnt
|faint|p1a: la quesadilla
|
|upkeep
|
|t:|1776152606
|switch|p1a: Recoome|Ribombee, M|76/100
|-activate|p1a: Recoome|move: Sticky Web
|-unboost|p1a: Recoome|spe|1
|-damage|p1a: Recoome|51/100|[from] Stealth Rock
|turn|24
|
|t:|1776152609
|move|p1a: Recoome|Quiver Dance|p1a: Recoome
|-boost|p1a: Recoome|spa|1
|-boost|p1a: Recoome|spd|1
|-boost|p1a: Recoome|spe|1
|move|p2a: Slowking|Sludge Bomb|p1a: Recoome
|-supereffective|p1a: Recoome
|-damage|p1a: Recoome|0 fnt
|faint|p1a: Recoome
|
|win|12erfg
|raw|Daycloud 2's rating: 1089 &rarr; <strong>1070</strong><br />(-19 for losing)
|raw|12erfg's rating: 1150 &rarr; <strong>1171</strong><br />(+21 for winning)
|l|☆Daycloud 2
|player|p1|
