|html|<div class="broadcast-blue"><strong>[Gen 9] OU is currently suspecting Tera Blast! For information on how to participate check out the <a href="https://www.smogon.com/tools/suspects/view/200">suspect thread</a>.</strong></div>
|j|☆chungus mcchungus
|j|☆Zuifeng
|t:|1776060725
|gametype|singles
|player|p1|chungus mcchungus|sage|1639
|player|p2|Zuifeng|li|1650
|gen|9
|tier|[Gen 9] OU
|rated|
|rule|HP Percentage Mod: HP is shown in percentages
|rule|Endless Battle Clause: Forcing endless battles is banned
|rule|Species Clause: Limit one of each Pokémon
|rule|OHKO Clause: OHKO moves are banned
|rule|Evasion Items Clause: Evasion items are banned
|rule|Evasion Moves Clause: Evasion moves are banned
|rule|Evasion Abilities Clause: Evasion abilities are banned
|rule|Sleep Moves Clause: Sleep-inducing moves are banned
|clearpoke
|poke|p1|Skarmory, F|
|poke|p1|Ting-Lu|
|poke|p1|Zamazenta-*|
|poke|p1|Pecharunt|
|poke|p1|Clefable, F|
|poke|p1|Walking Wake|
|poke|p2|Gholdengo|
|poke|p2|Tornadus-Therian, M|
|poke|p2|Hatterene, F|
|poke|p2|Samurott-Hisui, M|
|poke|p2|Dragapult, F|
|poke|p2|Great Tusk|
|teampreview
|inactive|Battle timer is ON: inactive players will automatically lose when time's up. (requested by Zuifeng)
|inactive|chungus mcchungus also wants the timer to be on.
|
|t:|1776060744
|teamsize|p1|6
|teamsize|p2|6
|start
|switch|p1a: Clefable|Clefable, F|100/100
|switch|p2a: Dragapult|Dragapult, F|100/100
|turn|1
|
|t:|1776060751
|move|p2a: Dragapult|U-turn|p1a: Clefable
|-resisted|p1a: Clefable
|-damage|p1a: Clefable|88/100
|
|t:|1776060755
|switch|p2a: Hatterene|Hatterene, F|100/100|[from] U-turn
|move|p1a: Clefable|Knock Off|p2a: Hatterene
|-damage|p2a: Hatterene|83/100
|-enditem|p2a: Hatterene|Assault Vest|[from] move: Knock Off|[of] p1a: Clefable
|
|-heal|p1a: Clefable|94/100|[from] item: Leftovers
|upkeep
|turn|2
|
|t:|1776060765
|move|p1a: Clefable|Calm Mind|p1a: Clefable
|-boost|p1a: Clefable|spa|1
|-boost|p1a: Clefable|spd|1
|move|p2a: Hatterene|Nuzzle|p1a: Clefable
|-damage|p1a: Clefable|91/100
|-status|p1a: Clefable|par
|
|-heal|p1a: Clefable|97/100 par|[from] item: Leftovers
|upkeep
|turn|3
|
|t:|1776060769
|switch|p2a: Gholdengo|Gholdengo|100/100
|move|p1a: Clefable|Moonblast|p2a: Gholdengo
|-resisted|p2a: Gholdengo
|-damage|p2a: Gholdengo|72/100
|
|-heal|p1a: Clefable|100/100 par|[from] item: Leftovers
|upkeep
|turn|4
|
|t:|1776060777
|switch|p1a: Ting-Lu|Ting-Lu|100/100
|-ability|p1a: Ting-Lu|Vessel of Ruin
|move|p2a: Gholdengo|Trick|p1a: Ting-Lu
|-activate|p2a: Gholdengo|move: Trick|[of] p1a: Ting-Lu
|-item|p1a: Ting-Lu|Choice Scarf|[from] move: Trick
|-item|p2a: Gholdengo|Leftovers|[from] move: Trick
|
|-heal|p2a: Gholdengo|78/100|[from] item: Leftovers
|upkeep
|turn|5
|j| No Bithes?????
|
|t:|1776060785
|switch|p2a: Tornadus|Tornadus-Therian, M|100/100
|move|p1a: Ting-Lu|Stealth Rock|p2a: Tornadus
|-sidestart|p2: Zuifeng|move: Stealth Rock
|
|upkeep
|turn|6
|j| Ctannn
|
|t:|1776060791
|switch|p1a: Pecharunt|Pecharunt|100/100
|move|p2a: Tornadus|U-turn|p1a: Pecharunt
|-resisted|p1a: Pecharunt
|-damage|p1a: Pecharunt|99/100
|
|t:|1776060795
|switch|p2a: Samurott|Samurott-Hisui, M|100/100|[from] U-turn
|-damage|p2a: Samurott|88/100|[from] Stealth Rock
|
|upkeep
|turn|7
|l| Ctannn
|
|t:|1776060798
|switch|p1a: Skarmory|Skarmory, F|100/100
|move|p2a: Samurott|Ceaseless Edge|p1a: Skarmory
|-damage|p1a: Skarmory|68/100
|-damage|p2a: Samurott|72/100|[from] item: Rocky Helmet|[of] p1a: Skarmory
|-sidestart|p1: chungus mcchungus|Spikes
|
|upkeep
|turn|8
|l| No Bithes?????
|
|t:|1776060811
|switch|p2a: Tornadus|Tornadus-Therian, M|100/100
|-damage|p2a: Tornadus|76/100|[from] Stealth Rock
|move|p1a: Skarmory|Whirlwind|p2a: Tornadus
|drag|p2a: Samurott|Samurott-Hisui, M|72/100
|-damage|p2a: Samurott|59/100|[from] Stealth Rock
|
|upkeep
|turn|9
|
|t:|1776060820
|move|p2a: Samurott|Encore|p1a: Skarmory
|-start|p1a: Skarmory|Encore
|move|p1a: Skarmory|Whirlwind|p2a: Samurott
|drag|p2a: Tornadus|Tornadus-Therian, M|100/100
|-damage|p2a: Tornadus|76/100|[from] Stealth Rock
|
|upkeep
|turn|10
|
|t:|1776060826
|switch|p1a: Ting-Lu|Ting-Lu|100/100
|-damage|p1a: Ting-Lu|88/100|[from] Spikes
|-ability|p1a: Ting-Lu|Vessel of Ruin
|move|p2a: Tornadus|U-turn|p1a: Ting-Lu
|-supereffective|p1a: Ting-Lu
|-damage|p1a: Ting-Lu|71/100
|
|t:|1776060828
|switch|p2a: Great Tusk|Great Tusk|100/100|[from] U-turn
|
|upkeep
|turn|11
|
|t:|1776060831
|switch|p1a: Pecharunt|Pecharunt|99/100
|move|p2a: Great Tusk|Stealth Rock|p1a: Pecharunt
|-sidestart|p1: chungus mcchungus|move: Stealth Rock
|
|upkeep
|turn|12
|
|t:|1776060841
|move|p2a: Great Tusk|Headlong Rush|p1a: Pecharunt
|-supereffective|p1a: Pecharunt
|-damage|p1a: Pecharunt|36/100
|-unboost|p2a: Great Tusk|def|1
|-unboost|p2a: Great Tusk|spd|1
|move|p1a: Pecharunt|Malignant Chain|p2a: Great Tusk
|-resisted|p2a: Great Tusk
|-damage|p2a: Great Tusk|67/100
|
|upkeep
|turn|13
|
|t:|1776060851
|move|p2a: Great Tusk|Headlong Rush|p1a: Pecharunt
|-supereffective|p1a: Pecharunt
|-damage|p1a: Pecharunt|0 fnt
|-unboost|p2a: Great Tusk|def|1
|-unboost|p2a: Great Tusk|spd|1
|faint|p1a: Pecharunt
|
|upkeep
|
|t:|1776060854
|switch|p1a: Walking Wake|Walking Wake|100/100
|turn|14
|
|t:|1776060860
|-end|p2a: Great Tusk|Protosynthesis|[silent]
|switch|p2a: Tornadus|Tornadus-Therian, M|100/100
|-damage|p2a: Tornadus|76/100|[from] Stealth Rock
|move|p1a: Walking Wake|Surf|p2a: Tornadus
|-damage|p2a: Tornadus|45/100
|
|upkeep
|turn|15
|
|t:|1776060868
|move|p2a: Tornadus|U-turn|p1a: Walking Wake
|-damage|p1a: Walking Wake|83/100
|
|t:|1776060870
|switch|p2a: Hatterene|Hatterene, F|83/100|[from] U-turn
|-damage|p2a: Hatterene|71/100|[from] Stealth Rock
|move|p1a: Walking Wake|Draco Meteor|p2a: Hatterene
|-immune|p2a: Hatterene
|
|upkeep
|turn|16
|
|t:|1776060880
|move|p1a: Walking Wake|Flip Turn|p2a: Hatterene
|-damage|p2a: Hatterene|53/100
|
|t:|1776060888
|-end|p1a: Walking Wake|Protosynthesis|[silent]
|switch|p1a: Clefable|Clefable, F|100/100 par|[from] Flip Turn
|move|p2a: Hatterene|Mystical Fire|p1a: Clefable
|-damage|p1a: Clefable|75/100 par
|-unboost|p1a: Clefable|spa|1
|
|-heal|p1a: Clefable|81/100 par|[from] item: Leftovers
|upkeep
|turn|17
|
|t:|1776060893
|move|p2a: Hatterene|Draining Kiss|p1a: Clefable
|-damage|p1a: Clefable|54/100 par
|-heal|p2a: Hatterene|78/100|[from] drain|[of] p1a: Clefable
|move|p1a: Clefable|Knock Off|p2a: Hatterene
|-damage|p2a: Hatterene|66/100
|
|-heal|p1a: Clefable|60/100 par|[from] item: Leftovers
|upkeep
|turn|18
|
|t:|1776060899
|switch|p1a: Zamazenta|Zamazenta|100/100
|-ability|p1a: Zamazenta|Dauntless Shield|boost
|-boost|p1a: Zamazenta|def|1
|move|p2a: Hatterene|Draining Kiss|p1a: Zamazenta
|-supereffective|p1a: Zamazenta
|-damage|p1a: Zamazenta|56/100
|-heal|p2a: Hatterene|100/100|[from] drain|[of] p1a: Zamazenta
|
|upkeep
|turn|19
|
|t:|1776060903
|move|p1a: Zamazenta|Heavy Slam|p2a: Hatterene
|-supereffective|p2a: Hatterene
|-damage|p2a: Hatterene|11/100
|move|p2a: Hatterene|Psychic Noise|p1a: Zamazenta
|-supereffective|p1a: Zamazenta
|-damage|p1a: Zamazenta|0 fnt
|faint|p1a: Zamazenta
|
|upkeep
|
|t:|1776060907
|switch|p1a: Walking Wake|Walking Wake|83/100
|turn|20
|
|t:|1776060913
|switch|p2a: Dragapult|Dragapult, F|100/100
|-damage|p2a: Dragapult|88/100|[from] Stealth Rock
|move|p1a: Walking Wake|Surf|p2a: Dragapult
|-resisted|p2a: Dragapult
|-damage|p2a: Dragapult|58/100
|
|upkeep
|turn|21
|
|t:|1776060926
|-terastallize|p1a: Walking Wake|Water
|move|p2a: Dragapult|U-turn|p1a: Walking Wake
|-crit|p1a: Walking Wake
|-damage|p1a: Walking Wake|31/100
|
|t:|1776060931
|switch|p2a: Hatterene|Hatterene, F|11/100|[from] U-turn
|-damage|p2a: Hatterene|0 fnt|[from] Stealth Rock
|faint|p2a: Hatterene
|move|p1a: Walking Wake|Draco Meteor|p2: Hatterene|[notarget]
|-fail|p1a: Walking Wake
|
|upkeep
|
|t:|1776060934
|switch|p2a: Dragapult|Dragapult, F|58/100
|-damage|p2a: Dragapult|46/100|[from] Stealth Rock
|turn|22
|
|t:|1776060940
|-end|p1a: Walking Wake|Protosynthesis|[silent]
|switch|p1a: Skarmory|Skarmory, F|68/100
|-damage|p1a: Skarmory|55/100|[from] Stealth Rock
|-terastallize|p2a: Dragapult|Ghost
|move|p2a: Dragapult|Tera Blast|p1a: Skarmory|[anim] Tera Blast Ghost
|-damage|p1a: Skarmory|12/100
|
|upkeep
|turn|23
|
|t:|1776060948
|move|p2a: Dragapult|Tera Blast|p1a: Skarmory|[anim] Tera Blast Ghost
|-damage|p1a: Skarmory|0 fnt
|faint|p1a: Skarmory
|
|upkeep
|
|t:|1776060950
|switch|p1a: Ting-Lu|Ting-Lu|71/100
|-damage|p1a: Ting-Lu|58/100|[from] Spikes
|-damage|p1a: Ting-Lu|52/100|[from] Stealth Rock
|-ability|p1a: Ting-Lu|Vessel of Ruin
|turn|24
|
|t:|1776060955
|switch|p2a: Great Tusk|Great Tusk|67/100
|move|p1a: Ting-Lu|Whirlwind|p2a: Great Tusk
|-end|p2a: Great Tusk|Protosynthesis|[silent]
|drag|p2a: Tornadus|Tornadus-Therian, M|78/100
|-damage|p2a: Tornadus|53/100|[from] Stealth Rock
|
|upkeep
|turn|25
|
|t:|1776060960
|move|p2a: Tornadus|Bleakwind Storm|p1a: Ting-Lu
|-damage|p1a: Ting-Lu|35/100
|move|p1a: Ting-Lu|Whirlwind|p2a: Tornadus
|drag|p2a: Great Tusk|Great Tusk|67/100
|
|upkeep
|turn|26
|
|t:|1776060966
|move|p2a: Great Tusk|Rapid Spin|p1a: Ting-Lu
|-damage|p1a: Ting-Lu|25/100
|-boost|p2a: Great Tusk|spe|1
|-sideend|p2: Zuifeng|Stealth Rock|[from] move: Rapid Spin|[of] p2a: Great Tusk
|move|p1a: Ting-Lu|Whirlwind|p2a: Great Tusk
|-end|p2a: Great Tusk|Protosynthesis|[silent]
|drag|p2a: Dragapult|Dragapult, F, tera:Ghost|46/100
|
|upkeep
|turn|27
|
|t:|1776060973
|move|p2a: Dragapult|Tera Blast|p1a: Ting-Lu|[anim] Tera Blast Ghost
|-resisted|p1a: Ting-Lu
|-damage|p1a: Ting-Lu|5/100
|move|p1a: Ting-Lu|Whirlwind|p2a: Dragapult
|drag|p2a: Samurott|Samurott-Hisui, M|59/100
|
|upkeep
|turn|28
|
|t:|1776060980
|move|p2a: Samurott|Ceaseless Edge|p1a: Ting-Lu
|-resisted|p1a: Ting-Lu
|-damage|p1a: Ting-Lu|0 fnt
|-sidestart|p1: chungus mcchungus|Spikes
|faint|p1a: Ting-Lu
|
|upkeep
|-message|chungus mcchungus forfeited.
|
|win|Zuifeng
|raw|chungus mcchungus's rating: 1639 &rarr; <strong>1620</strong><br />(-19 for losing)
|raw|Zuifeng's rating: 1650 &rarr; <strong>1669</strong><br />(+19 for winning)
|l|☆chungus mcchungus
|player|p1|
|l|☆Zuifeng
|player|p2|
