|html|<div class="broadcast-blue"><strong>[Gen 9] OU is currently suspecting Tera Blast! For information on how to participate check out the <a href="https://www.smogon.com/tools/suspects/view/200">suspect thread</a>.</strong></div>
|j|☆Rob The Old Butler
|j|☆SoupTM
|t:|1776093924
|gametype|singles
|player|p1|Rob The Old Butler|gentleman-gen4|1178
|player|p2|SoupTM|170|1219
|gen|9
|tier|[Gen 9] OU
|rated|
|rule|HP Percentage Mod: HP is shown in percentages
|rule|Endless Battle Clause: Forcing endless battles is banned
|rule|Species Clause: Limit one of each Pokémon
|rule|OHKO Clause: OHKO moves are banned
|rule|Evasion Items Clause: Evasion items are banned
|rule|Evasion Moves Clause: Evasion moves are banned
|rule|Evasion Abilities Clause: Evasion abilities are banned
|rule|Sleep Moves Clause: Sleep-inducing moves are banned
|clearpoke
|poke|p1|Porygon-Z|
|poke|p1|Sceptile, M|
|poke|p1|Delibird, M|
|poke|p1|Kleavor, M|
|poke|p1|Vaporeon, F|
|poke|p1|Heatran, M|
|poke|p2|Kingambit, M|
|poke|p2|Rillaboom, M|
|poke|p2|Slowking-Galar, M|
|poke|p2|Kyurem|
|poke|p2|Great Tusk|
|poke|p2|Dondozo, M|
|teampreview
|
|t:|1776093931
|teamsize|p1|6
|teamsize|p2|6
|start
|switch|p1a: Sanda|Delibird, M|100/100
|switch|p2a: Dondozo|Dondozo, M|100/100
|turn|1
|inactive|Battle timer is ON: inactive players will automatically lose when time's up. (requested by SoupTM)
|
|t:|1776093936
|move|p1a: Sanda|Spikes|p2a: Dondozo
|-sidestart|p2: SoupTM|Spikes
|move|p2a: Dondozo|Curse|p2a: Dondozo
|-unboost|p2a: Dondozo|spe|1
|-boost|p2a: Dondozo|atk|1
|-boost|p2a: Dondozo|def|1
|
|upkeep
|turn|2
|
|t:|1776093942
|move|p1a: Sanda|Spikes|p2a: Dondozo
|-sidestart|p2: SoupTM|Spikes
|move|p2a: Dondozo|Curse|p2a: Dondozo
|-unboost|p2a: Dondozo|spe|1
|-boost|p2a: Dondozo|atk|1
|-boost|p2a: Dondozo|def|1
|
|upkeep
|turn|3
|
|t:|1776093948
|move|p1a: Sanda|Spikes|p2a: Dondozo
|-sidestart|p2: SoupTM|Spikes
|move|p2a: Dondozo|Body Press|p1a: Sanda
|-enditem|p1a: Sanda|Focus Sash
|-damage|p1a: Sanda|1/100
|
|upkeep
|turn|4
|
|t:|1776093954
|move|p1a: Sanda|Destiny Bond|p1a: Sanda
|-singlemove|p1a: Sanda|Destiny Bond
|move|p2a: Dondozo|Body Press|p1a: Sanda
|-damage|p1a: Sanda|0 fnt
|faint|p1a: Sanda
|-activate|p1a: Sanda|move: Destiny Bond
|faint|p2a: Dondozo
|
|upkeep
|
|t:|1776093963
|switch|p1a: Tokyo drift-tree|Sceptile, M|100/100
|switch|p2a: Great Tusk|Great Tusk|100/100
|-damage|p2a: Great Tusk|76/100|[from] Spikes
|-enditem|p2a: Great Tusk|Booster Energy
|-activate|p2a: Great Tusk|ability: Protosynthesis|[fromitem]
|-start|p2a: Great Tusk|protosynthesisatk
|turn|5
|
|t:|1776093970
|-terastallize|p2a: Great Tusk|Steel
|move|p2a: Great Tusk|Rapid Spin|p1a: Tokyo drift-tree
|-damage|p1a: Tokyo drift-tree|65/100
|-boost|p2a: Great Tusk|spe|1
|-sideend|p2: SoupTM|Spikes|[from] move: Rapid Spin|[of] p2a: Great Tusk
|move|p1a: Tokyo drift-tree|Leaf Blade|p2a: Great Tusk
|-resisted|p2a: Great Tusk
|-damage|p2a: Great Tusk|61/100
|
|upkeep
|turn|6
|
|t:|1776093980
|move|p2a: Great Tusk|Ice Spinner|p1a: Tokyo drift-tree
|-supereffective|p1a: Tokyo drift-tree
|-damage|p1a: Tokyo drift-tree|0 fnt
|faint|p1a: Tokyo drift-tree
|
|upkeep
|
|t:|1776093984
|switch|p1a: Walter|Heatran, M|100/100
|turn|7
|
|t:|1776093988
|move|p2a: Great Tusk|Headlong Rush|p1a: Walter
|-supereffective|p1a: Walter
|-damage|p1a: Walter|0 fnt
|-unboost|p2a: Great Tusk|def|1
|-unboost|p2a: Great Tusk|spd|1
|faint|p1a: Walter
|
|upkeep
|
|t:|1776093993
|switch|p1a: Ronin|Kleavor, M|100/100
|turn|8
|
|t:|1776093998
|move|p2a: Great Tusk|Headlong Rush|p1a: Ronin
|-damage|p1a: Ronin|0 fnt
|-unboost|p2a: Great Tusk|def|1
|-unboost|p2a: Great Tusk|spd|1
|faint|p1a: Ronin
|
|upkeep
|-message|Rob The Old Butler forfeited.
|
|win|SoupTM
|raw|Rob The Old Butler's rating: 1178 &rarr; <strong>1156</strong><br />(-22 for losing)
|raw|SoupTM's rating: 1219 &rarr; <strong>1241</strong><br />(+22 for winning)
|l|☆Rob The Old Butler
|player|p1|
|l|☆SoupTM
|player|p2|
