|html|<div class="broadcast-blue"><strong>[Gen 9] OU is currently suspecting Volcarona! For information on how to participate check out the <a href="https://www.smogon.com/tools/suspects/view/208">suspect thread</a>.</strong></div>
|j|☆fregene97
|j|☆amyraaaaaa
|t:|1778505234
|gametype|singles
|player|p1|fregene97|169|1432
|player|p2|amyraaaaaa|elesa|1534
|gen|9
|tier|[Gen 9] OU
|rated|
|rule|HP Percentage Mod: HP is shown in percentages
|rule|Endless Battle Clause: Forcing endless battles is banned
|rule|Species Clause: Limit one of each Pokémon
|rule|OHKO Clause: OHKO moves are banned
|rule|Evasion Items Clause: Evasion items are banned
|rule|Evasion Moves Clause: Evasion moves are banned
|rule|Evasion Abilities Clause: Evasion abilities are banned
|rule|Sleep Moves Clause: Sleep-inducing moves are banned
|clearpoke
|poke|p1|Dragonite, M|
|poke|p1|Iron Valiant|
|poke|p1|Manaphy|
|poke|p1|Garchomp, F|
|poke|p1|Kommo-o, M|
|poke|p1|Kingambit, F|
|poke|p2|Volcarona, M|
|poke|p2|Samurott-Hisui, M|
|poke|p2|Hydrapple, F|
|poke|p2|Landorus-Therian, M|
|poke|p2|Great Tusk|
|poke|p2|Gholdengo|
|teampreview
|inactive|Battle timer is ON: inactive players will automatically lose when time's up. (requested by fregene97)
|
|t:|1778505258
|teamsize|p1|6
|teamsize|p2|6
|start
|switch|p1a: Dragonite|Dragonite, M|100/100
|switch|p2a: Great Tusk|Great Tusk|100/100
|turn|1
|
|t:|1778505269
|move|p2a: Great Tusk|Rapid Spin|p1a: Dragonite
|-damage|p1a: Dragonite|91/100
|-boost|p2a: Great Tusk|spe|1
|move|p1a: Dragonite|Dragon Dance|p1a: Dragonite
|-boost|p1a: Dragonite|atk|1
|-boost|p1a: Dragonite|spe|1
|
|upkeep
|turn|2
|
|t:|1778505275
|move|p2a: Great Tusk|Ice Spinner|p1a: Dragonite
|-supereffective|p1a: Dragonite
|-damage|p1a: Dragonite|0 fnt
|faint|p1a: Dragonite
|
|upkeep
|
|t:|1778505278
|switch|p1a: Manaphy|Manaphy|100/100
|turn|3
|
|t:|1778505283
|move|p2a: Great Tusk|Headlong Rush|p1a: Manaphy
|-damage|p1a: Manaphy|33/100
|-unboost|p2a: Great Tusk|def|1
|-unboost|p2a: Great Tusk|spd|1
|move|p1a: Manaphy|Surf|p2a: Great Tusk
|-supereffective|p2a: Great Tusk
|-damage|p2a: Great Tusk|0 fnt
|faint|p2a: Great Tusk
|-end|p2a: Great Tusk|Protosynthesis|[silent]
|
|-heal|p1a: Manaphy|39/100|[from] item: Leftovers
|upkeep
|
|t:|1778505292
|switch|p2a: Landorus|Landorus-Therian, M|100/100
|-ability|p2a: Landorus|Intimidate|boost
|-unboost|p1a: Manaphy|atk|1
|turn|4
|
|t:|1778505294
|move|p2a: Landorus|Earthquake|p1a: Manaphy
|-damage|p1a: Manaphy|0 fnt
|faint|p1a: Manaphy
|
|upkeep
|
|t:|1778505297
|switch|p1a: Kommo-o|Kommo-o, M|100/100
|turn|5
|
|t:|1778505305
|switch|p2a: Volcarona|Volcarona, M|100/100
|move|p1a: Kommo-o|Clangorous Soul|p1a: Kommo-o
|-boost|p1a: Kommo-o|atk|1
|-boost|p1a: Kommo-o|def|1
|-boost|p1a: Kommo-o|spa|1
|-boost|p1a: Kommo-o|spd|1
|-boost|p1a: Kommo-o|spe|1
|-damage|p1a: Kommo-o|68/100
|-enditem|p1a: Kommo-o|Throat Spray
|-boost|p1a: Kommo-o|spa|1|[from] item: Throat Spray
|
|upkeep
|turn|6
|
|t:|1778505318
|-terastallize|p1a: Kommo-o|Dragon
|move|p1a: Kommo-o|Clanging Scales|p2a: Volcarona
|-damage|p2a: Volcarona|0 fnt
|faint|p2a: Volcarona
|-unboost|p1a: Kommo-o|def|1
|
|upkeep
|
|t:|1778505339
|switch|p2a: Landorus|Landorus-Therian, M|100/100
|-ability|p2a: Landorus|Intimidate|boost
|-unboost|p1a: Kommo-o|atk|1
|turn|7
|
|t:|1778505351
|move|p2a: Landorus|Earthquake|p1a: Kommo-o
|-damage|p1a: Kommo-o|17/100
|move|p1a: Kommo-o|Clanging Scales|p2a: Landorus
|-damage|p2a: Landorus|0 fnt
|faint|p2a: Landorus
|-unboost|p1a: Kommo-o|def|1
|
|upkeep
|
|t:|1778505356
|switch|p2a: Samurott|Samurott-Hisui, M|100/100
|turn|8
|
|t:|1778505362
|move|p2a: Samurott|Sucker Punch|p1a: Kommo-o
|-damage|p1a: Kommo-o|0 fnt
|faint|p1a: Kommo-o
|
|upkeep
|
|t:|1778505364
|switch|p1a: Iron Valiant|Iron Valiant|100/100
|-enditem|p1a: Iron Valiant|Booster Energy
|-activate|p1a: Iron Valiant|ability: Quark Drive|[fromitem]
|-start|p1a: Iron Valiant|quarkdrivespe
|turn|9
|
|t:|1778505368
|switch|p2a: Gholdengo|Gholdengo|100/100
|move|p1a: Iron Valiant|Shadow Ball|p2a: Gholdengo
|-supereffective|p2a: Gholdengo
|-damage|p2a: Gholdengo|48/100
|
|upkeep
|turn|10
|
|t:|1778505379
|-terastallize|p2a: Gholdengo|Steel
|move|p1a: Iron Valiant|Shadow Ball|p2a: Gholdengo
|-damage|p2a: Gholdengo|18/100
|move|p2a: Gholdengo|Make It Rain|p1a: Iron Valiant
|-supereffective|p1a: Iron Valiant
|-damage|p1a: Iron Valiant|0 fnt
|-unboost|p2a: Gholdengo|spa|1
|faint|p1a: Iron Valiant
|-end|p1a: Iron Valiant|Quark Drive|[silent]
|
|upkeep
|
|t:|1778505390
|switch|p1a: Garchomp|Garchomp, F|100/100
|turn|11
|
|t:|1778505395
|switch|p2a: Hydrapple|Hydrapple, F|100/100
|move|p1a: Garchomp|Swords Dance|p1a: Garchomp
|-boost|p1a: Garchomp|atk|2
|
|upkeep
|turn|12
|
|t:|1778505400
|move|p1a: Garchomp|Scale Shot|p2a: Hydrapple
|-supereffective|p2a: Hydrapple
|-damage|p2a: Hydrapple|68/100
|-supereffective|p2a: Hydrapple
|-damage|p2a: Hydrapple|39/100
|-supereffective|p2a: Hydrapple
|-damage|p2a: Hydrapple|8/100
|-supereffective|p2a: Hydrapple
|-damage|p2a: Hydrapple|0 fnt
|faint|p2a: Hydrapple
|-hitcount|p2: Hydrapple|4
|-unboost|p1a: Garchomp|def|1
|-boost|p1a: Garchomp|spe|1
|
|upkeep
|
|t:|1778505403
|switch|p2a: Samurott|Samurott-Hisui, M|100/100
|turn|13
|
|t:|1778505406
|move|p2a: Samurott|Sucker Punch|p1a: Garchomp
|-damage|p1a: Garchomp|52/100
|-damage|p2a: Samurott|88/100|[from] ability: Rough Skin|[of] p1a: Garchomp
|move|p1a: Garchomp|Scale Shot|p2a: Samurott
|-damage|p2a: Samurott|62/100
|-damage|p2a: Samurott|36/100
|-damage|p2a: Samurott|7/100
|-damage|p2a: Samurott|0 fnt
|faint|p2a: Samurott
|-hitcount|p2: Samurott|4
|-unboost|p1a: Garchomp|def|1
|-boost|p1a: Garchomp|spe|1
|
|upkeep
|-message|amyraaaaaa forfeited.
|
|win|fregene97
|raw|fregene97's rating: 1407 &rarr; <strong>1434</strong><br />(+27 for winning)
|raw|amyraaaaaa's rating: 1534 &rarr; <strong>1507</strong><br />(-27 for losing)
|l|☆amyraaaaaa
|player|p2|
|l|☆fregene97
|player|p1|
