|html|<div class="broadcast-blue"><strong>[Gen 9] OU is currently suspecting Tera Blast! For information on how to participate check out the <a href="https://www.smogon.com/tools/suspects/view/200">suspect thread</a>.</strong></div>
|j|‽Rehheeh
|j|☆acewrecke99
|t:|1776087207
|gametype|singles
|player|p1|Rehheeh|palmer|1445
|player|p2|acewrecke99|265|1395
|gen|9
|tier|[Gen 9] OU
|rated|
|rule|HP Percentage Mod: HP is shown in percentages
|rule|Endless Battle Clause: Forcing endless battles is banned
|rule|Species Clause: Limit one of each Pokémon
|rule|OHKO Clause: OHKO moves are banned
|rule|Evasion Items Clause: Evasion items are banned
|rule|Evasion Moves Clause: Evasion moves are banned
|rule|Evasion Abilities Clause: Evasion abilities are banned
|rule|Sleep Moves Clause: Sleep-inducing moves are banned
|clearpoke
|poke|p1|Samurott-Hisui, F|
|poke|p1|Zapdos|
|poke|p1|Iron Treads|
|poke|p1|Ceruledge, M|
|poke|p1|Gholdengo|
|poke|p1|Kingambit, M|
|poke|p2|Pelipper, F|
|poke|p2|Crawdaunt, F|
|poke|p2|Basculegion-F, F|
|poke|p2|Goodra-Hisui, M|
|poke|p2|Great Tusk|
|poke|p2|Zapdos|
|teampreview
|j| ohko_smeargle
|inactive|Battle timer is ON: inactive players will automatically lose when time's up. (requested by Rehheeh)
|
|t:|1776087218
|teamsize|p1|6
|teamsize|p2|6
|start
|switch|p1a: Zapdos|Zapdos|100/100
|switch|p2a: Pelipper|Pelipper, F|100/100
|-weather|RainDance|[from] ability: Drizzle|[of] p2a: Pelipper
|turn|1
|
|t:|1776087229
|switch|p2a: Goodra|Goodra-Hisui, M|100/100
|move|p1a: Zapdos|Volt Switch|p2a: Goodra
|-resisted|p2a: Goodra
|-damage|p2a: Goodra|95/100
|inactive|Rehheeh has 120 seconds left.
|
|t:|1776087255
|switch|p1a: Samurott|Samurott-Hisui, F|100/100|[from] Volt Switch
|
|-weather|RainDance|[upkeep]
|upkeep
|turn|2
|
|t:|1776087268
|switch|p2a: Zapdos|Zapdos|100/100
|move|p1a: Samurott|Razor Shell|p2a: Zapdos
|-damage|p2a: Zapdos|50/100
|-status|p1a: Samurott|par|[from] ability: Static|[of] p2a: Zapdos
|
|-weather|RainDance|[upkeep]
|upkeep
|turn|3
|
|t:|1776087279
|move|p2a: Zapdos|Roost|p2a: Zapdos
|-heal|p2a: Zapdos|99/100
|-singleturn|p2a: Zapdos|move: Roost
|move|p1a: Samurott|Razor Shell|p2a: Zapdos
|-damage|p2a: Zapdos|44/100
|
|-weather|RainDance|[upkeep]
|upkeep
|turn|4
|
|t:|1776087288
|move|p2a: Zapdos|Volt Switch|p1a: Samurott
|-supereffective|p1a: Samurott
|-damage|p1a: Samurott|60/100 par
|
|t:|1776087307
|switch|p2a: Pelipper|Pelipper, F|100/100|[from] Volt Switch
|cant|p1a: Samurott|par
|
|-weather|RainDance|[upkeep]
|upkeep
|turn|5
|
|t:|1776087314
|switch|p1a: Zapdos|Zapdos|100/100
|move|p2a: Pelipper|U-turn|p1a: Zapdos
|-resisted|p1a: Zapdos
|-damage|p1a: Zapdos|98/100
|
|t:|1776087322
|switch|p2a: Basculegion|Basculegion-F, F|100/100|[from] U-turn
|
|-weather|RainDance|[upkeep]
|upkeep
|turn|6
|
|t:|1776087338
|move|p2a: Basculegion|Surf|p1a: Zapdos
|-damage|p1a: Zapdos|17/100
|move|p1a: Zapdos|Volt Switch|p2a: Basculegion
|-supereffective|p2a: Basculegion
|-damage|p2a: Basculegion|35/100
|
|t:|1776087351
|switch|p1a: Samurott|Samurott-Hisui, F|60/100 par|[from] Volt Switch
|
|-weather|RainDance|[upkeep]
|upkeep
|turn|7
|
|t:|1776087368
|switch|p2a: Pelipper|Pelipper, F|100/100
|cant|p1a: Samurott|par
|
|-weather|RainDance|[upkeep]
|upkeep
|turn|8
|
|t:|1776087376
|move|p2a: Pelipper|U-turn|p1a: Samurott
|-supereffective|p1a: Samurott
|-damage|p1a: Samurott|42/100 par
|
|t:|1776087380
|switch|p2a: Goodra|Goodra-Hisui, M|95/100|[from] U-turn
|move|p1a: Samurott|Razor Shell|p2a: Goodra
|-resisted|p2a: Goodra
|-damage|p2a: Goodra|63/100
|
|-weather|none
|upkeep
|turn|9
|
|t:|1776087391
|move|p2a: Goodra|Earthquake|p1a: Samurott
|-damage|p1a: Samurott|17/100 par
|move|p1a: Samurott|Knock Off|p2a: Goodra
|-damage|p2a: Goodra|21/100
|-enditem|p2a: Goodra|Assault Vest|[from] move: Knock Off|[of] p1a: Samurott
|
|upkeep
|turn|10
|
|t:|1776087404
|move|p1a: Samurott|Sucker Punch|p2a: Goodra
|-damage|p2a: Goodra|0 fnt
|faint|p2a: Goodra
|
|upkeep
|
|t:|1776087408
|switch|p2a: Crawdaunt|Crawdaunt, F|100/100
|turn|11
|
|t:|1776087416
|move|p2a: Crawdaunt|Knock Off|p1a: Samurott
|-resisted|p1a: Samurott
|-damage|p1a: Samurott|0 fnt
|-enditem|p1a: Samurott|Assault Vest|[from] move: Knock Off|[of] p2a: Crawdaunt
|faint|p1a: Samurott
|
|upkeep
|
|t:|1776087424
|switch|p1a: Kingambit|Kingambit, M|100/100
|-activate|p1a: Kingambit|ability: Supreme Overlord
|-start|p1a: Kingambit|fallen1|[silent]
|turn|12
|
|t:|1776087431
|switch|p2a: Great Tusk|Great Tusk|100/100
|move|p1a: Kingambit|Low Kick|p2a: Great Tusk
|-damage|p2a: Great Tusk|71/100
|-damage|p1a: Kingambit|84/100|[from] item: Rocky Helmet|[of] p2a: Great Tusk
|
|-heal|p1a: Kingambit|90/100|[from] item: Leftovers
|upkeep
|turn|13
|
|t:|1776087442
|-end|p1a: Kingambit|fallen1|[silent]
|switch|p1a: Zapdos|Zapdos|17/100
|move|p2a: Great Tusk|Stealth Rock|p1a: Zapdos
|-sidestart|p1: Rehheeh|move: Stealth Rock
|
|upkeep
|turn|14
|
|t:|1776087447
|move|p2a: Great Tusk|Ice Spinner|p1a: Zapdos
|-supereffective|p1a: Zapdos
|-damage|p1a: Zapdos|0 fnt
|faint|p1a: Zapdos
|
|upkeep
|
|t:|1776087464
|switch|p1a: Iron Treads|Iron Treads|100/100
|-damage|p1a: Iron Treads|97/100|[from] Stealth Rock
|turn|15
|
|t:|1776087475
|-end|p2a: Great Tusk|Protosynthesis|[silent]
|switch|p2a: Pelipper|Pelipper, F|100/100
|-weather|RainDance|[from] ability: Drizzle|[of] p2a: Pelipper
|-terastallize|p1a: Iron Treads|Water
|move|p1a: Iron Treads|Rapid Spin|p2a: Pelipper
|-damage|p2a: Pelipper|87/100
|-boost|p1a: Iron Treads|spe|1
|-sideend|p1: Rehheeh|Stealth Rock|[from] move: Rapid Spin|[of] p1a: Iron Treads
|
|-weather|RainDance|[upkeep]
|-heal|p1a: Iron Treads|100/100|[from] item: Leftovers
|upkeep
|turn|16
|
|t:|1776087494
|move|p1a: Iron Treads|Iron Head|p2a: Pelipper
|-resisted|p2a: Pelipper
|-damage|p2a: Pelipper|73/100
|move|p2a: Pelipper|Hurricane|p1a: Iron Treads
|-damage|p1a: Iron Treads|53/100
|-start|p1a: Iron Treads|confusion
|
|-weather|RainDance|[upkeep]
|-heal|p1a: Iron Treads|59/100|[from] item: Leftovers
|upkeep
|turn|17
|
|t:|1776087503
|-activate|p1a: Iron Treads|confusion
|move|p1a: Iron Treads|Iron Head|p2a: Pelipper
|-resisted|p2a: Pelipper
|-damage|p2a: Pelipper|60/100
|cant|p2a: Pelipper|flinch
|
|-weather|RainDance|[upkeep]
|-heal|p1a: Iron Treads|65/100|[from] item: Leftovers
|upkeep
|turn|18
|
|t:|1776087508
|-activate|p1a: Iron Treads|confusion
|-damage|p1a: Iron Treads|54/100|[from] confusion
|move|p2a: Pelipper|Hurricane|p1a: Iron Treads
|-damage|p1a: Iron Treads|0 fnt
|faint|p1a: Iron Treads
|-end|p1a: Iron Treads|Quark Drive|[silent]
|
|-weather|RainDance|[upkeep]
|upkeep
|
|t:|1776087512
|switch|p1a: Gholdengo|Gholdengo|100/100
|-item|p1a: Gholdengo|Air Balloon
|turn|19
|
|t:|1776087526
|switch|p2a: Zapdos|Zapdos|44/100
|move|p1a: Gholdengo|Thunder Wave|p2a: Zapdos
|-immune|p2a: Zapdos
|
|-weather|RainDance|[upkeep]
|upkeep
|turn|20
|
|t:|1776087536
|move|p2a: Zapdos|Volt Switch|p1a: Gholdengo
|-damage|p1a: Gholdengo|73/100
|-enditem|p1a: Gholdengo|Air Balloon
|
|t:|1776087550
|switch|p2a: Pelipper|Pelipper, F|60/100|[from] Volt Switch
|move|p1a: Gholdengo|Hex|p2a: Pelipper
|-damage|p2a: Pelipper|19/100
|
|-weather|RainDance|[upkeep]
|upkeep
|turn|21
|
|t:|1776087562
|switch|p2a: Zapdos|Zapdos|44/100
|move|p1a: Gholdengo|Hex|p2a: Zapdos
|-damage|p2a: Zapdos|15/100
|
|-weather|RainDance|[upkeep]
|upkeep
|turn|22
|
|t:|1776087572
|move|p2a: Zapdos|Hurricane|p1a: Gholdengo
|-resisted|p1a: Gholdengo
|-damage|p1a: Gholdengo|49/100
|-start|p1a: Gholdengo|confusion
|-activate|p1a: Gholdengo|confusion
|move|p1a: Gholdengo|Recover|p1a: Gholdengo
|-heal|p1a: Gholdengo|99/100
|
|-weather|none
|upkeep
|turn|23
|
|t:|1776087580
|move|p2a: Zapdos|Roost|p2a: Zapdos
|-heal|p2a: Zapdos|65/100
|-singleturn|p2a: Zapdos|move: Roost
|-activate|p1a: Gholdengo|confusion
|move|p1a: Gholdengo|Hex|p2a: Zapdos
|-damage|p2a: Zapdos|38/100
|
|upkeep
|turn|24
|
|t:|1776087586
|move|p2a: Zapdos|Roost|p2a: Zapdos
|-heal|p2a: Zapdos|88/100
|-singleturn|p2a: Zapdos|move: Roost
|-end|p1a: Gholdengo|confusion
|move|p1a: Gholdengo|Hex|p2a: Zapdos
|-damage|p2a: Zapdos|60/100
|
|upkeep
|turn|25
|
|t:|1776087599
|move|p2a: Zapdos|Hurricane|p1a: Gholdengo
|-resisted|p1a: Gholdengo
|-damage|p1a: Gholdengo|76/100
|move|p1a: Gholdengo|Hex|p2a: Zapdos
|-damage|p2a: Zapdos|34/100
|
|upkeep
|turn|26
|
|t:|1776087605
|move|p2a: Zapdos|Roost|p2a: Zapdos
|-heal|p2a: Zapdos|84/100
|-singleturn|p2a: Zapdos|move: Roost
|move|p1a: Gholdengo|Hex|p2a: Zapdos
|-damage|p2a: Zapdos|57/100
|
|upkeep
|turn|27
|
|t:|1776087628
|move|p2a: Zapdos|Roost|p2a: Zapdos
|-heal|p2a: Zapdos|100/100
|-singleturn|p2a: Zapdos|move: Roost
|move|p1a: Gholdengo|Hex|p2a: Zapdos
|-damage|p2a: Zapdos|71/100
|
|upkeep
|turn|28
|
|t:|1776087647
|move|p2a: Zapdos|Hurricane|p1a: Gholdengo
|-resisted|p1a: Gholdengo
|-damage|p1a: Gholdengo|56/100
|move|p1a: Gholdengo|Recover|p1a: Gholdengo
|-heal|p1a: Gholdengo|100/100
|
|upkeep
|turn|29
|
|t:|1776087654
|move|p2a: Zapdos|Hurricane|p1a: Gholdengo|[miss]
|-miss|p2a: Zapdos|p1a: Gholdengo
|move|p1a: Gholdengo|Focus Blast|p2a: Zapdos|[miss]
|-miss|p1a: Gholdengo|p2a: Zapdos
|
|upkeep
|turn|30
|
|t:|1776087667
|move|p2a: Zapdos|Hurricane|p1a: Gholdengo
|-resisted|p1a: Gholdengo
|-damage|p1a: Gholdengo|79/100
|-start|p1a: Gholdengo|confusion
|-activate|p1a: Gholdengo|confusion
|move|p1a: Gholdengo|Focus Blast|p2a: Zapdos
|-resisted|p2a: Zapdos
|-damage|p2a: Zapdos|55/100
|
|upkeep
|turn|31
|
|t:|1776087680
|move|p2a: Zapdos|Roost|p2a: Zapdos
|-heal|p2a: Zapdos|100/100
|-singleturn|p2a: Zapdos|move: Roost
|-activate|p1a: Gholdengo|confusion
|move|p1a: Gholdengo|Hex|p2a: Zapdos
|-damage|p2a: Zapdos|74/100
|
|upkeep
|turn|32
|
|t:|1776087689
|move|p2a: Zapdos|Volt Switch|p1a: Gholdengo
|-damage|p1a: Gholdengo|51/100
|
|t:|1776087692
|switch|p2a: Pelipper|Pelipper, F|19/100|[from] Volt Switch
|-weather|RainDance|[from] ability: Drizzle|[of] p2a: Pelipper
|-activate|p1a: Gholdengo|confusion
|move|p1a: Gholdengo|Recover|p1a: Gholdengo
|-heal|p1a: Gholdengo|100/100
|
|-weather|RainDance|[upkeep]
|upkeep
|turn|33
|
|t:|1776087699
|-activate|p1a: Gholdengo|confusion
|move|p1a: Gholdengo|Hex|p2a: Pelipper
|-damage|p2a: Pelipper|0 fnt
|faint|p2a: Pelipper
|
|-weather|RainDance|[upkeep]
|upkeep
|
|t:|1776087703
|switch|p2a: Basculegion|Basculegion-F, F|35/100
|turn|34
|
|t:|1776087712
|move|p2a: Basculegion|Surf|p1a: Gholdengo
|-damage|p1a: Gholdengo|11/100
|-end|p1a: Gholdengo|confusion
|move|p1a: Gholdengo|Hex|p2a: Basculegion
|-supereffective|p2a: Basculegion
|-damage|p2a: Basculegion|0 fnt
|faint|p2a: Basculegion
|
|-weather|RainDance|[upkeep]
|upkeep
|
|t:|1776087721
|switch|p2a: Crawdaunt|Crawdaunt, F|100/100
|turn|35
|
|t:|1776087729
|move|p2a: Crawdaunt|Aqua Jet|p1a: Gholdengo
|-damage|p1a: Gholdengo|0 fnt
|faint|p1a: Gholdengo
|
|-weather|RainDance|[upkeep]
|upkeep
|
|t:|1776087734
|switch|p1a: Kingambit|Kingambit, M|90/100
|-activate|p1a: Kingambit|ability: Supreme Overlord
|-start|p1a: Kingambit|fallen4|[silent]
|turn|36
|
|t:|1776087752
|-terastallize|p2a: Crawdaunt|Water
|move|p2a: Crawdaunt|Aqua Jet|p1a: Kingambit
|-damage|p1a: Kingambit|25/100
|move|p1a: Kingambit|Iron Head|p2a: Crawdaunt
|-resisted|p2a: Crawdaunt
|-damage|p2a: Crawdaunt|58/100
|
|-weather|RainDance|[upkeep]
|-heal|p1a: Kingambit|31/100|[from] item: Leftovers
|upkeep
|turn|37
|
|t:|1776087759
|move|p1a: Kingambit|Sucker Punch|p2a: Crawdaunt
|-crit|p2a: Crawdaunt
|-damage|p2a: Crawdaunt|0 fnt
|faint|p2a: Crawdaunt
|
|-weather|RainDance|[upkeep]
|-heal|p1a: Kingambit|37/100|[from] item: Leftovers
|upkeep
|
|t:|1776087762
|switch|p2a: Great Tusk|Great Tusk|71/100
|turn|38
|
|t:|1776087771
|move|p1a: Kingambit|Sucker Punch|p2a: Great Tusk
|-resisted|p2a: Great Tusk
|-damage|p2a: Great Tusk|54/100
|-damage|p1a: Kingambit|21/100|[from] item: Rocky Helmet|[of] p2a: Great Tusk
|move|p2a: Great Tusk|Headlong Rush|p1a: Kingambit
|-supereffective|p1a: Kingambit
|-damage|p1a: Kingambit|0 fnt
|-unboost|p2a: Great Tusk|def|1
|-unboost|p2a: Great Tusk|spd|1
|faint|p1a: Kingambit
|-end|p1a: Kingambit|fallen4|[silent]
|
|-weather|RainDance|[upkeep]
|upkeep
|
|t:|1776087774
|switch|p1a: Ceruledge|Ceruledge, M|100/100
|turn|39
|
|t:|1776087792
|move|p2a: Great Tusk|Headlong Rush|p1a: Ceruledge
|-supereffective|p1a: Ceruledge
|-damage|p1a: Ceruledge|0 fnt
|-unboost|p2a: Great Tusk|def|1
|-unboost|p2a: Great Tusk|spd|1
|faint|p1a: Ceruledge
|
|win|acewrecke99
|raw|Rehheeh's rating: 1445 &rarr; <strong>1422</strong><br />(-23 for losing)
|raw|acewrecke99's rating: 1395 &rarr; <strong>1418</strong><br />(+23 for winning)
|l| ohko_smeargle
|l|‽Rehheeh
|player|p1|
