|html|<div class="broadcast-blue"><strong>[Gen 9] OU is currently suspecting Tera Blast! For information on how to participate check out the <a href="https://www.smogon.com/tools/suspects/view/200">suspect thread</a>.</strong></div>
|j|☆muskat-mix
|j|☆Dragonzord6
|t:|1776105308
|gametype|singles
|player|p1|muskat-mix|2|1440
|player|p2|Dragonzord6|2|1473
|gen|9
|tier|[Gen 9] OU
|rated|
|rule|HP Percentage Mod: HP is shown in percentages
|rule|Endless Battle Clause: Forcing endless battles is banned
|rule|Species Clause: Limit one of each Pokémon
|rule|OHKO Clause: OHKO moves are banned
|rule|Evasion Items Clause: Evasion items are banned
|rule|Evasion Moves Clause: Evasion moves are banned
|rule|Evasion Abilities Clause: Evasion abilities are banned
|rule|Sleep Moves Clause: Sleep-inducing moves are banned
|clearpoke
|poke|p1|Alomomola, M|
|poke|p1|Pecharunt|
|poke|p1|Great Tusk|
|poke|p1|Lokix, M|
|poke|p1|Iron Crown|
|poke|p1|Enamorus, F|
|poke|p2|Pelipper, M|
|poke|p2|Barraskewda, M|
|poke|p2|Kingdra, M|
|poke|p2|Raging Bolt|
|poke|p2|Kingambit, F|
|poke|p2|Zamazenta-*|
|teampreview
|j| ohko_smeargle
|
|t:|1776105314
|teamsize|p1|6
|teamsize|p2|6
|start
|switch|p1a: Lokix|Lokix, M|100/100
|switch|p2a: Pelipper|Pelipper, M, shiny|100/100
|-weather|RainDance|[from] ability: Drizzle|[of] p2a: Pelipper
|turn|1
|inactive|Battle timer is ON: inactive players will automatically lose when time's up. (requested by muskat-mix)
|
|t:|1776105321
|move|p1a: Lokix|Knock Off|p2a: Pelipper
|-damage|p2a: Pelipper|26/100
|-enditem|p2a: Pelipper|Damp Rock|[from] move: Knock Off|[of] p1a: Lokix
|move|p2a: Pelipper|U-turn|p1a: Lokix
|-supereffective|p1a: Lokix
|-damage|p1a: Lokix|76/100
|
|t:|1776105328
|switch|p2a: Kingdra|Kingdra, M, shiny|100/100|[from] U-turn
|
|-weather|RainDance|[upkeep]
|upkeep
|turn|2
|
|t:|1776105334
|switch|p1a: Alomomola|Alomomola, M|100/100
|-terastallize|p2a: Kingdra|Water
|move|p2a: Kingdra|Weather Ball|p1a: Alomomola
|-resisted|p1a: Alomomola
|-damage|p1a: Alomomola|47/100
|
|-weather|RainDance|[upkeep]
|upkeep
|turn|3
|
|t:|1776105343
|move|p2a: Kingdra|Weather Ball|p1a: Alomomola
|-resisted|p1a: Alomomola
|-damage|p1a: Alomomola|0 fnt
|faint|p1a: Alomomola
|
|-weather|RainDance|[upkeep]
|upkeep
|
|t:|1776105350
|switch|p1a: Lokix|Lokix, M|76/100
|turn|4
|
|t:|1776105355
|switch|p2a: Barraskewda|Barraskewda, M, shiny|100/100
|-terastallize|p1a: Lokix|Bug
|move|p1a: Lokix|First Impression|p2a: Barraskewda
|-damage|p2a: Barraskewda|0 fnt
|faint|p2a: Barraskewda
|
|-weather|RainDance|[upkeep]
|upkeep
|
|t:|1776105365
|switch|p2a: Kingdra|Kingdra, M, shiny, tera:Water|100/100
|turn|5
|
|t:|1776105374
|switch|p1a: Pecharunt|Pecharunt|100/100
|-item|p1a: Pecharunt|Air Balloon
|move|p2a: Kingdra|Weather Ball|p1a: Pecharunt
|-damage|p1a: Pecharunt|0 fnt
|-enditem|p1a: Pecharunt|Air Balloon
|faint|p1a: Pecharunt
|
|-weather|RainDance|[upkeep]
|upkeep
|
|t:|1776105376
|switch|p1a: Lokix|Lokix, M, tera:Bug|76/100
|turn|6
|
|t:|1776105388
|switch|p2a: Kingambit|Kingambit, F|100/100
|move|p1a: Lokix|First Impression|p2a: Kingambit
|-damage|p2a: Kingambit|32/100
|
|-weather|RainDance|[upkeep]
|upkeep
|turn|7
|
|t:|1776105397
|switch|p1a: Great Tusk|Great Tusk|100/100
|move|p2a: Kingambit|Kowtow Cleave|p1a: Great Tusk
|-resisted|p1a: Great Tusk
|-damage|p1a: Great Tusk|79/100
|
|-weather|RainDance|[upkeep]
|upkeep
|turn|8
|
|t:|1776105406
|move|p1a: Great Tusk|Stealth Rock|p2a: Kingambit
|-sidestart|p2: Dragonzord6|move: Stealth Rock
|move|p2a: Kingambit|Swords Dance|p2a: Kingambit
|-boost|p2a: Kingambit|atk|2
|
|-weather|none
|upkeep
|turn|9
|
|t:|1776105413
|move|p2a: Kingambit|Sucker Punch|p1a: Great Tusk
|-resisted|p1a: Great Tusk
|-damage|p1a: Great Tusk|45/100
|move|p1a: Great Tusk|Headlong Rush|p2a: Kingambit
|-supereffective|p2a: Kingambit
|-damage|p2a: Kingambit|0 fnt
|-unboost|p1a: Great Tusk|def|1
|-unboost|p1a: Great Tusk|spd|1
|faint|p2a: Kingambit
|
|upkeep
|
|t:|1776105423
|switch|p2a: Pelipper|Pelipper, M, shiny|26/100
|-damage|p2a: Pelipper|1/100|[from] Stealth Rock
|-weather|RainDance|[from] ability: Drizzle|[of] p2a: Pelipper
|turn|10
|
|t:|1776105429
|move|p1a: Great Tusk|Rapid Spin|p2a: Pelipper
|-damage|p2a: Pelipper|0 fnt
|-boost|p1a: Great Tusk|spe|1
|faint|p2a: Pelipper
|
|-weather|RainDance|[upkeep]
|upkeep
|
|t:|1776105435
|switch|p2a: Kingdra|Kingdra, M, shiny, tera:Water|100/100
|-damage|p2a: Kingdra|88/100|[from] Stealth Rock
|turn|11
|
|t:|1776105440
|move|p2a: Kingdra|Weather Ball|p1a: Great Tusk
|-supereffective|p1a: Great Tusk
|-damage|p1a: Great Tusk|0 fnt
|faint|p1a: Great Tusk
|-end|p1a: Great Tusk|Protosynthesis|[silent]
|
|-weather|RainDance|[upkeep]
|upkeep
|
|t:|1776105445
|switch|p1a: Lokix|Lokix, M, tera:Bug|76/100
|turn|12
|
|t:|1776105450
|move|p2a: Kingdra|Weather Ball|p1a: Lokix
|-damage|p1a: Lokix|0 fnt
|faint|p1a: Lokix
|
|-weather|RainDance|[upkeep]
|upkeep
|
|t:|1776105453
|switch|p1a: Enamorus|Enamorus, F|100/100
|turn|13
|
|t:|1776105458
|move|p2a: Kingdra|Weather Ball|p1a: Enamorus
|-damage|p1a: Enamorus|0 fnt
|faint|p1a: Enamorus
|
|-weather|RainDance|[upkeep]
|upkeep
|
|t:|1776105460
|switch|p1a: Iron Crown|Iron Crown|100/100
|turn|14
|-message|muskat-mix forfeited.
|
|win|Dragonzord6
|raw|muskat-mix's rating: 1440 &rarr; <strong>1422</strong><br />(-18 for losing)
|raw|Dragonzord6's rating: 1473 &rarr; <strong>1491</strong><br />(+18 for winning)
|l|☆muskat-mix
|player|p1|
|l| ohko_smeargle
