|html|<div class="broadcast-blue"><strong>[Gen 9] OU is currently suspecting Tera Blast! For information on how to participate check out the <a href="https://www.smogon.com/tools/suspects/view/200">suspect thread</a>.</strong></div>
|j|☆flushable
|j|☆Blxgden
|t:|1776270855
|gametype|singles
|player|p1|flushable|collector|1503
|player|p2|Blxgden|boarder|1487
|gen|9
|tier|[Gen 9] OU
|rated|
|rule|HP Percentage Mod: HP is shown in percentages
|rule|Endless Battle Clause: Forcing endless battles is banned
|rule|Species Clause: Limit one of each Pokémon
|rule|OHKO Clause: OHKO moves are banned
|rule|Evasion Items Clause: Evasion items are banned
|rule|Evasion Moves Clause: Evasion moves are banned
|rule|Evasion Abilities Clause: Evasion abilities are banned
|rule|Sleep Moves Clause: Sleep-inducing moves are banned
|clearpoke
|poke|p1|Kyurem|
|poke|p1|Iron Treads|
|poke|p1|Samurott-Hisui, M|
|poke|p1|Zamazenta-*|
|poke|p1|Sinistcha|
|poke|p1|Tornadus-Therian, M|
|poke|p2|Hatterene, F|
|poke|p2|Ursaluna, M|
|poke|p2|Porygon2|
|poke|p2|Cresselia, F|
|poke|p2|Iron Hands|
|poke|p2|Volcanion|
|teampreview
|
|t:|1776270870
|teamsize|p1|6
|teamsize|p2|6
|start
|switch|p1a: Iron Treads|Iron Treads|100/100
|switch|p2a: Iron Hands|Iron Hands, shiny|100/100
|-enditem|p2a: Iron Hands|Booster Energy
|-activate|p2a: Iron Hands|ability: Quark Drive|[fromitem]
|-start|p2a: Iron Hands|quarkdriveatk
|turn|1
|
|t:|1776270880
|-terastallize|p1a: Iron Treads|Ghost
|move|p1a: Iron Treads|Earthquake|p2a: Iron Hands
|-supereffective|p2a: Iron Hands
|-damage|p2a: Iron Hands|56/100
|move|p2a: Iron Hands|Drain Punch|p1a: Iron Treads
|-immune|p1a: Iron Treads
|
|upkeep
|turn|2
|
|t:|1776270888
|-end|p2a: Iron Hands|Quark Drive|[silent]
|switch|p2a: Hatterene|Hatterene, F, shiny|100/100
|move|p1a: Iron Treads|Earthquake|p2a: Hatterene
|-damage|p2a: Hatterene|54/100
|
|upkeep
|turn|3
|
|t:|1776270892
|move|p1a: Iron Treads|Heavy Slam|p2a: Hatterene
|-supereffective|p2a: Hatterene
|-damage|p2a: Hatterene|0 fnt
|faint|p2a: Hatterene
|
|upkeep
|
|t:|1776270910
|switch|p2a: Porygon2|Porygon2, shiny|100/100
|-ability|p2a: Porygon2|Download|boost
|-boost|p2a: Porygon2|spa|1
|turn|4
|
|t:|1776270916
|move|p1a: Iron Treads|Stealth Rock|p2a: Porygon2
|-sidestart|p2: Blxgden|move: Stealth Rock
|move|p2a: Porygon2|Trick Room|p2a: Porygon2
|-fieldstart|move: Trick Room|[of] p2a: Porygon2
|
|upkeep
|turn|5
|
|t:|1776270943
|switch|p2a: Volcanion|Volcanion|100/100
|-damage|p2a: Volcanion|76/100|[from] Stealth Rock
|move|p1a: Iron Treads|Heavy Slam|p2a: Volcanion
|-resisted|p2a: Volcanion
|-damage|p2a: Volcanion|73/100
|
|upkeep
|turn|6
|
|t:|1776270950
|-end|p1a: Iron Treads|Quark Drive|[silent]
|switch|p1a: Kyurem|Kyurem|100/100
|-ability|p1a: Kyurem|Pressure
|move|p2a: Volcanion|Steam Eruption|p1a: Kyurem
|-resisted|p1a: Kyurem
|-damage|p1a: Kyurem|77/100
|-status|p1a: Kyurem|brn
|
|-damage|p1a: Kyurem|71/100 brn|[from] brn
|upkeep
|turn|7
|
|t:|1776270959
|move|p2a: Volcanion|Steam Eruption|p1a: Kyurem
|-resisted|p1a: Kyurem
|-damage|p1a: Kyurem|45/100 brn
|move|p1a: Kyurem|Freeze-Dry|p2a: Volcanion
|-damage|p2a: Volcanion|36/100
|
|-damage|p1a: Kyurem|38/100 brn|[from] brn
|upkeep
|turn|8
|
|t:|1776270968
|-terastallize|p2a: Volcanion|Water
|move|p2a: Volcanion|Steam Eruption|p1a: Kyurem
|-resisted|p1a: Kyurem
|-damage|p1a: Kyurem|7/100 brn
|move|p1a: Kyurem|Earth Power|p2a: Volcanion
|-crit|p2a: Volcanion
|-damage|p2a: Volcanion|0 fnt
|faint|p2a: Volcanion
|
|-damage|p1a: Kyurem|1/100 brn|[from] brn
|-fieldend|move: Trick Room
|upkeep
|
|t:|1776270988
|switch|p2a: Porygon2|Porygon2, shiny|100/100
|-damage|p2a: Porygon2|88/100|[from] Stealth Rock
|-ability|p2a: Porygon2|Download|boost
|-boost|p2a: Porygon2|spa|1
|turn|9
|
|t:|1776270994
|move|p1a: Kyurem|Ice Beam|p2a: Porygon2
|-damage|p2a: Porygon2|60/100
|move|p2a: Porygon2|Trick Room|p2a: Porygon2
|-fieldstart|move: Trick Room|[of] p2a: Porygon2
|
|-damage|p1a: Kyurem|0 fnt|[from] brn
|faint|p1a: Kyurem
|upkeep
|
|t:|1776271000
|switch|p1a: Samurott|Samurott-Hisui, M|100/100
|turn|10
|
|t:|1776271010
|switch|p2a: Iron Hands|Iron Hands, shiny|56/100
|-damage|p2a: Iron Hands|50/100|[from] Stealth Rock
|move|p1a: Samurott|Knock Off|p2a: Iron Hands
|-resisted|p2a: Iron Hands
|-damage|p2a: Iron Hands|40/100
|
|upkeep
|turn|11
|
|t:|1776271019
|switch|p1a: Iron Treads|Iron Treads, tera:Ghost|100/100
|move|p2a: Iron Hands|Ice Punch|p1a: Iron Treads
|-damage|p1a: Iron Treads|75/100
|
|-heal|p1a: Iron Treads|81/100|[from] item: Leftovers
|upkeep
|turn|12
|
|t:|1776271025
|move|p2a: Iron Hands|Wild Charge|p1a: Iron Treads
|-damage|p1a: Iron Treads|44/100
|-damage|p2a: Iron Hands|33/100|[from] Recoil
|move|p1a: Iron Treads|Earthquake|p2a: Iron Hands
|-supereffective|p2a: Iron Hands
|-damage|p2a: Iron Hands|0 fnt
|faint|p2a: Iron Hands
|-end|p2a: Iron Hands|Quark Drive|[silent]
|
|-heal|p1a: Iron Treads|50/100|[from] item: Leftovers
|upkeep
|
|t:|1776271039
|switch|p2a: Cresselia|Cresselia, F, shiny|100/100
|-damage|p2a: Cresselia|88/100|[from] Stealth Rock
|turn|13
|
|t:|1776271046
|-end|p1a: Iron Treads|Quark Drive|[silent]
|switch|p1a: Samurott|Samurott-Hisui, M|100/100
|move|p2a: Cresselia|Trick Room|p2a: Cresselia
|-fieldend|move: Trick Room
|
|upkeep
|turn|14
|
|t:|1776271049
|move|p1a: Samurott|Encore|p2a: Cresselia
|-start|p2a: Cresselia|Encore
|-enditem|p2a: Cresselia|Mental Herb
|-end|p2a: Cresselia|Encore
|move|p2a: Cresselia|Trick Room|p2a: Cresselia
|-fieldstart|move: Trick Room|[of] p2a: Cresselia
|
|upkeep
|turn|15
|
|t:|1776271053
|switch|p2a: Ursaluna|Ursaluna, M, shiny|100/100
|-damage|p2a: Ursaluna|94/100|[from] Stealth Rock
|move|p1a: Samurott|Ceaseless Edge|p2a: Ursaluna|[miss]
|-miss|p1a: Samurott|p2a: Ursaluna
|
|-status|p2a: Ursaluna|brn|[from] item: Flame Orb
|upkeep
|turn|16
|
|t:|1776271063
|switch|p1a: Iron Treads|Iron Treads, tera:Ghost|50/100
|move|p2a: Ursaluna|Headlong Rush|p1a: Iron Treads
|-damage|p1a: Iron Treads|0 fnt
|-unboost|p2a: Ursaluna|def|1
|-unboost|p2a: Ursaluna|spd|1
|faint|p1a: Iron Treads
|-end|p1a: Iron Treads|Quark Drive|[silent]
|
|-damage|p2a: Ursaluna|88/100 brn|[from] brn
|upkeep
|
|t:|1776271066
|switch|p1a: Sinistcha|Sinistcha|100/100
|turn|17
|
|t:|1776271069
|move|p2a: Ursaluna|Fire Punch|p1a: Sinistcha
|-supereffective|p1a: Sinistcha
|-damage|p1a: Sinistcha|72/100
|-damage|p2a: Ursaluna|72/100 brn|[from] item: Rocky Helmet|[of] p1a: Sinistcha
|move|p1a: Sinistcha|Strength Sap|p2a: Ursaluna
|-unboost|p2a: Ursaluna|atk|1
|-heal|p1a: Sinistcha|100/100
|
|-damage|p2a: Ursaluna|66/100 brn|[from] brn
|upkeep
|turn|18
|
|t:|1776271077
|switch|p2a: Porygon2|Porygon2, shiny|60/100
|-damage|p2a: Porygon2|47/100|[from] Stealth Rock
|-ability|p2a: Porygon2|Download|boost
|-boost|p2a: Porygon2|spa|1
|move|p1a: Sinistcha|Matcha Gotcha|p2a: Porygon2
|-damage|p2a: Porygon2|28/100
|
|-fieldend|move: Trick Room
|upkeep
|turn|19
|
|t:|1776271097
|switch|p1a: Samurott|Samurott-Hisui, M|100/100
|move|p2a: Porygon2|Trick Room|p2a: Porygon2
|-fieldstart|move: Trick Room|[of] p2a: Porygon2
|
|upkeep
|turn|20
|
|t:|1776271112
|switch|p1a: Sinistcha|Sinistcha|100/100
|move|p2a: Porygon2|Tera Blast|p1a: Sinistcha
|-immune|p1a: Sinistcha
|
|upkeep
|turn|21
|
|t:|1776271117
|switch|p1a: Tornadus|Tornadus-Therian, M|100/100
|move|p2a: Porygon2|Ice Beam|p1a: Tornadus
|-supereffective|p1a: Tornadus
|-crit|p1a: Tornadus
|-damage|p1a: Tornadus|6/100
|
|upkeep
|turn|22
|
|t:|1776271125
|switch|p1a: Samurott|Samurott-Hisui, M|100/100
|move|p2a: Porygon2|Tera Blast|p1a: Samurott
|-damage|p1a: Samurott|22/100
|
|upkeep
|turn|23
|
|t:|1776271132
|switch|p1a: Tornadus|Tornadus-Therian, M|40/100
|move|p2a: Porygon2|Tera Blast|p1a: Tornadus
|-damage|p1a: Tornadus|0 fnt
|faint|p1a: Tornadus
|
|-fieldend|move: Trick Room
|upkeep
|
|t:|1776271134
|switch|p1a: Zamazenta|Zamazenta|100/100
|-ability|p1a: Zamazenta|Dauntless Shield|boost
|-boost|p1a: Zamazenta|def|1
|turn|24
|
|t:|1776271139
|move|p1a: Zamazenta|Body Press|p2a: Porygon2
|-supereffective|p2a: Porygon2
|-damage|p2a: Porygon2|0 fnt
|faint|p2a: Porygon2
|
|upkeep
|
|t:|1776271142
|switch|p2a: Cresselia|Cresselia, F, shiny|88/100
|-damage|p2a: Cresselia|76/100|[from] Stealth Rock
|turn|25
|
|t:|1776271147
|move|p1a: Zamazenta|Crunch|p2a: Cresselia
|-supereffective|p2a: Cresselia
|-damage|p2a: Cresselia|52/100
|move|p2a: Cresselia|Trick Room|p2a: Cresselia
|-fieldstart|move: Trick Room|[of] p2a: Cresselia
|
|upkeep
|turn|26
|l|☆Blxgden
|player|p2|
|j|☆Blxgden
|player|p2|Blxgden|boarder|
|
|t:|1776271178
|move|p2a: Cresselia|Moonblast|p1a: Zamazenta
|-supereffective|p1a: Zamazenta
|-crit|p1a: Zamazenta
|-damage|p1a: Zamazenta|61/100
|move|p1a: Zamazenta|Crunch|p2a: Cresselia
|-supereffective|p2a: Cresselia
|-damage|p2a: Cresselia|26/100
|
|-heal|p1a: Zamazenta|68/100|[from] item: Leftovers
|upkeep
|turn|27
|
|t:|1776271183
|move|p2a: Cresselia|Psychic|p1a: Zamazenta
|-supereffective|p1a: Zamazenta
|-damage|p1a: Zamazenta|30/100
|move|p1a: Zamazenta|Crunch|p2a: Cresselia
|-supereffective|p2a: Cresselia
|-damage|p2a: Cresselia|3/100
|
|-heal|p1a: Zamazenta|36/100|[from] item: Leftovers
|upkeep
|turn|28
|l|☆Blxgden
|player|p2|
|inactive|Battle timer is ON: inactive players will automatically lose when time's up. (requested by flushable)
|inactive|Blxgden has 30 seconds to reconnect!
|j|☆Blxgden
|inactive|Blxgden reconnected and has 120 seconds left.
|player|p2|Blxgden|boarder|
|
|t:|1776271256
|move|p2a: Cresselia|Psychic|p1a: Zamazenta
|-supereffective|p1a: Zamazenta
|-damage|p1a: Zamazenta|0 fnt
|faint|p1a: Zamazenta
|
|upkeep
|inactive|flushable has 120 seconds left.
|
|t:|1776271307
|switch|p1a: Sinistcha|Sinistcha|100/100
|turn|29
|
|t:|1776271313
|move|p2a: Cresselia|Lunar Dance|p2a: Cresselia
|faint|p2a: Cresselia
|move|p1a: Sinistcha|Shadow Ball|p2: Cresselia|[notarget]
|-fail|p1a: Sinistcha
|
|-fieldend|move: Trick Room
|upkeep
|
|t:|1776271318
|switch|p2a: Ursaluna|Ursaluna, M, shiny|66/100 brn
|-heal|p2a: Ursaluna|100/100|[from] move: Lunar Dance
|-damage|p2a: Ursaluna|94/100|[from] Stealth Rock
|turn|30
|
|t:|1776271322
|move|p2a: Ursaluna|Protect|p2a: Ursaluna
|-singleturn|p2a: Ursaluna|Protect
|move|p1a: Sinistcha|Matcha Gotcha|p2a: Ursaluna
|-activate|p2a: Ursaluna|move: Protect
|
|-status|p2a: Ursaluna|brn|[from] item: Flame Orb
|upkeep
|turn|31
|
|t:|1776271328
|move|p1a: Sinistcha|Strength Sap|p2a: Ursaluna
|-unboost|p2a: Ursaluna|atk|1
|move|p2a: Ursaluna|Headlong Rush|p1a: Sinistcha
|-resisted|p1a: Sinistcha
|-damage|p1a: Sinistcha|74/100
|-unboost|p2a: Ursaluna|def|1
|-unboost|p2a: Ursaluna|spd|1
|-damage|p2a: Ursaluna|78/100 brn|[from] item: Rocky Helmet|[of] p1a: Sinistcha
|
|-damage|p2a: Ursaluna|72/100 brn|[from] brn
|upkeep
|turn|32
|c|☆Blxgden|gg
|c|☆flushable|gg
|-message|Blxgden forfeited.
|
|win|flushable
|raw|flushable's rating: 1503 &rarr; <strong>1522</strong><br />(+19 for winning)
|raw|Blxgden's rating: 1487 &rarr; <strong>1468</strong><br />(-19 for losing)
|l|☆Blxgden
|player|p2|
