|html|<div class="broadcast-blue"><strong>[Gen 9] OU is currently suspecting Tera Blast! For information on how to participate check out the <a href="https://www.smogon.com/tools/suspects/view/200">suspect thread</a>.</strong></div>
|j|☆t44 (the one)
|j|☆OP Earthquakes
|t:|1776160620
|gametype|singles
|player|p1|t44 (the one)|1|1526
|player|p2|OP Earthquakes|giovanni-masters|1651
|gen|9
|tier|[Gen 9] OU
|rated|
|rule|HP Percentage Mod: HP is shown in percentages
|rule|Endless Battle Clause: Forcing endless battles is banned
|rule|Species Clause: Limit one of each Pokémon
|rule|OHKO Clause: OHKO moves are banned
|rule|Evasion Items Clause: Evasion items are banned
|rule|Evasion Moves Clause: Evasion moves are banned
|rule|Evasion Abilities Clause: Evasion abilities are banned
|rule|Sleep Moves Clause: Sleep-inducing moves are banned
|clearpoke
|poke|p1|Ogerpon, F|
|poke|p1|Cinderace, M|
|poke|p1|Iron Valiant|
|poke|p1|Latios, M|
|poke|p1|Corviknight, F|
|poke|p1|Ting-Lu|
|poke|p2|Excadrill, F|
|poke|p2|Tyranitar, M|
|poke|p2|Kyurem|
|poke|p2|Hawlucha, F|
|poke|p2|Pawmot, F|
|poke|p2|Grimmsnarl, M|
|teampreview
|inactive|Battle timer is ON: inactive players will automatically lose when time's up. (requested by OP Earthquakes)
|inactive|t44 (the one) also wants the timer to be on.
|c|☆OP Earthquakes|GLHF
|c|☆t44 (the one)|is that who I think it is?
|inactive|t44 (the one) has 120 seconds left.
|
|t:|1776160652
|teamsize|p1|6
|teamsize|p2|6
|start
|switch|p1a: Ogerpon|Ogerpon, F|100/100
|switch|p2a: Grimmsnarl|Grimmsnarl, M|100/100
|turn|1
|
|t:|1776160656
|move|p2a: Grimmsnarl|Thunder Wave|p1a: Ogerpon
|-status|p1a: Ogerpon|par
|move|p1a: Ogerpon|Knock Off|p2a: Grimmsnarl
|-resisted|p2a: Grimmsnarl
|-damage|p2a: Grimmsnarl|86/100
|-enditem|p2a: Grimmsnarl|Light Clay|[from] move: Knock Off|[of] p1a: Ogerpon
|
|upkeep
|turn|2
|
|t:|1776160666
|switch|p2a: Frieza|Kyurem, shiny|100/100
|-ability|p2a: Frieza|Pressure
|switch|p1a: Ting-Lu|Ting-Lu|100/100
|-ability|p1a: Ting-Lu|Vessel of Ruin
|
|upkeep
|turn|3
|inactive|t44 (the one) has 120 seconds left.
|inactive|t44 (the one) has 90 seconds left.
|inactive|t44 (the one) has 60 seconds left.
|
|t:|1776160762
|switch|p1a: Corviknight|Corviknight, F|100/100
|-ability|p1a: Corviknight|Pressure
|move|p2a: Frieza|Freeze-Dry|p1a: Corviknight
|-damage|p1a: Corviknight|60/100
|
|upkeep
|turn|4
|inactive|t44 (the one) has 60 seconds left.
|
|t:|1776160770
|move|p2a: Frieza|Freeze-Dry|p1a: Corviknight
|-damage|p1a: Corviknight|20/100
|move|p1a: Corviknight|U-turn|p2a: Frieza
|-damage|p2a: Frieza|86/100
|inactive|t44 (the one) has 60 seconds left.
|
|t:|1776160778
|switch|p1a: Iron Valiant|Iron Valiant|100/100|[from] U-turn
|
|upkeep
|turn|5
|inactive|OP Earthquakes has 120 seconds left.
|c|☆OP Earthquakes|Love the guessing game lol
|
|t:|1776160828
|switch|p2a: The sandstorm|Tyranitar, M, shiny|100/100
|-weather|Sandstorm|[from] ability: Sand Stream|[of] p2a: The sandstorm
|move|p1a: Iron Valiant|Moonblast|p2a: The sandstorm
|-supereffective|p2a: The sandstorm
|-damage|p2a: The sandstorm|1/100
|
|-weather|Sandstorm|[upkeep]
|-damage|p1a: Iron Valiant|94/100|[from] Sandstorm
|upkeep
|turn|6
|j| dakota winchester
|
|t:|1776160848
|switch|p2a: Itachi|Hawlucha, F, shiny|100/100
|-ability|p2a: Itachi|Mold Breaker
|move|p1a: Iron Valiant|Moonblast|p2a: Itachi
|-supereffective|p2a: Itachi
|-damage|p2a: Itachi|0 fnt
|faint|p2a: Itachi
|
|-weather|Sandstorm|[upkeep]
|-damage|p1a: Iron Valiant|88/100|[from] Sandstorm
|upkeep
|
|t:|1776160849
|switch|p2a: OP|Excadrill, F|100/100
|turn|7
|
|t:|1776160857
|-end|p1a: Iron Valiant|Quark Drive|[silent]
|switch|p1a: Ting-Lu|Ting-Lu|100/100
|-ability|p1a: Ting-Lu|Vessel of Ruin
|move|p2a: OP|Iron Head|p1a: Ting-Lu
|-damage|p1a: Ting-Lu|61/100
|
|-weather|Sandstorm|[upkeep]
|-heal|p1a: Ting-Lu|67/100|[from] item: Leftovers
|upkeep
|turn|8
|inactive|t44 (the one) has 90 seconds left.
|
|t:|1776160862
|move|p2a: OP|Iron Head|p1a: Ting-Lu
|-damage|p1a: Ting-Lu|27/100
|cant|p1a: Ting-Lu|flinch
|
|-weather|Sandstorm|[upkeep]
|-heal|p1a: Ting-Lu|34/100|[from] item: Leftovers
|upkeep
|turn|9
|
|t:|1776160867
|switch|p1a: Corviknight|Corviknight, F|20/100
|-ability|p1a: Corviknight|Pressure
|move|p2a: OP|Iron Head|p1a: Corviknight
|-resisted|p1a: Corviknight
|-damage|p1a: Corviknight|0 fnt
|-damage|p2a: OP|84/100|[from] item: Rocky Helmet|[of] p1a: Corviknight
|faint|p1a: Corviknight
|
|-weather|Sandstorm|[upkeep]
|upkeep
|c| dakota winchester|mogged by excadrill
|inactive|t44 (the one) has 90 seconds left.
|
|t:|1776160884
|switch|p1a: Ogerpon|Ogerpon, F|100/100 par
|turn|10
|
|t:|1776160887
|move|p2a: OP|Iron Head|p1a: Ogerpon
|-damage|p1a: Ogerpon|7/100 par
|move|p1a: Ogerpon|Ivy Cudgel|p2a: OP
|-damage|p2a: OP|0 fnt
|faint|p2a: OP
|
|-weather|Sandstorm|[upkeep]
|-damage|p1a: Ogerpon|1/100 par|[from] Sandstorm
|upkeep
|
|t:|1776160893
|switch|p2a: Porunga|Pawmot, F|100/100
|turn|11
|
|t:|1776160902
|-terastallize|p1a: Ogerpon|Grass
|detailschange|p1a: Ogerpon|Ogerpon-Teal-Tera, F, tera:Grass
|-ability|p1a: Ogerpon|Embody Aspect (Teal)|boost
|-boost|p1a: Ogerpon|spe|1
|move|p2a: Porunga|Revival Blessing|p2a: Porunga
|-enditem|p2a: Porunga|Leppa Berry|[eat]
|-activate|p2a: Porunga|item: Leppa Berry|Revival Blessing|[consumed]
|c|☆OP Earthquakes|At 1hp
|c|☆OP Earthquakes|diabolical
|c|☆OP Earthquakes|true respect
|inactive|OP Earthquakes has 120 seconds left.
|
|t:|1776160938
|-heal|p2: OP|50/100|[from] move: Revival Blessing
|move|p1a: Ogerpon|Ivy Cudgel|p2a: Porunga
|-damage|p2a: Porunga|0 fnt
|faint|p2a: Porunga
|
|-weather|Sandstorm|[upkeep]
|-damage|p1a: Ogerpon|0 fnt|[from] Sandstorm
|faint|p1a: Ogerpon
|detailschange|p1: Ogerpon|Ogerpon, F|[silent]
|upkeep
|inactive|OP Earthquakes has 120 seconds left.
|
|t:|1776160953
|switch|p1a: Ting-Lu|Ting-Lu|34/100
|switch|p2a: Grimmsnarl|Grimmsnarl, M|86/100
|-ability|p1a: Ting-Lu|Vessel of Ruin
|turn|12
|
|t:|1776160959
|move|p2a: Grimmsnarl|Light Screen|p2a: Grimmsnarl
|-sidestart|p2: OP Earthquakes|move: Light Screen
|move|p1a: Ting-Lu|Earthquake|p2a: Grimmsnarl
|-damage|p2a: Grimmsnarl|41/100
|
|-weather|none
|-heal|p1a: Ting-Lu|40/100|[from] item: Leftovers
|upkeep
|turn|13
|
|t:|1776160963
|move|p2a: Grimmsnarl|Drain Punch|p1a: Ting-Lu
|-supereffective|p1a: Ting-Lu
|-damage|p1a: Ting-Lu|11/100
|-heal|p2a: Grimmsnarl|64/100|[from] drain|[of] p1a: Ting-Lu
|move|p1a: Ting-Lu|Earthquake|p2a: Grimmsnarl
|-damage|p2a: Grimmsnarl|18/100
|
|-heal|p1a: Ting-Lu|17/100|[from] item: Leftovers
|upkeep
|turn|14
|
|t:|1776160966
|move|p2a: Grimmsnarl|Drain Punch|p1a: Ting-Lu
|-supereffective|p1a: Ting-Lu
|-damage|p1a: Ting-Lu|0 fnt
|-heal|p2a: Grimmsnarl|31/100|[from] drain|[of] p1a: Ting-Lu
|faint|p1a: Ting-Lu
|
|upkeep
|
|t:|1776160971
|switch|p1a: Iron Valiant|Iron Valiant|88/100
|turn|15
|
|t:|1776160979
|switch|p2a: The sandstorm|Tyranitar, M, shiny|1/100
|-weather|Sandstorm|[from] ability: Sand Stream|[of] p2a: The sandstorm
|move|p1a: Iron Valiant|Moonblast|p2a: The sandstorm
|-supereffective|p2a: The sandstorm
|-damage|p2a: The sandstorm|0 fnt
|faint|p2a: The sandstorm
|
|-weather|Sandstorm|[upkeep]
|-damage|p1a: Iron Valiant|82/100|[from] Sandstorm
|upkeep
|
|t:|1776160987
|switch|p2a: OP|Excadrill, F|50/100
|turn|16
|
|t:|1776160996
|-end|p1a: Iron Valiant|Quark Drive|[silent]
|switch|p1a: Cinderace|Cinderace, M|100/100
|move|p2a: OP|Iron Head|p1a: Cinderace
|-resisted|p1a: Cinderace
|-damage|p1a: Cinderace|61/100
|
|-weather|Sandstorm|[upkeep]
|-damage|p1a: Cinderace|55/100|[from] Sandstorm
|-sideend|p2: OP Earthquakes|move: Light Screen
|upkeep
|turn|17
|c|☆OP Earthquakes|Thas a thick ace
|inactive|OP Earthquakes has 120 seconds left.
|
|t:|1776161029
|switch|p2a: Grimmsnarl|Grimmsnarl, M|31/100
|switch|p1a: Latios|Latios, M|100/100
|
|-weather|Sandstorm|[upkeep]
|-damage|p1a: Latios|95/100|[from] Sandstorm
|-damage|p2a: Grimmsnarl|25/100|[from] Sandstorm
|upkeep
|turn|18
|
|t:|1776161038
|switch|p1a: Cinderace|Cinderace, M|55/100
|move|p2a: Grimmsnarl|Thunder Wave|p1a: Cinderace
|-status|p1a: Cinderace|par
|
|-weather|Sandstorm|[upkeep]
|-damage|p2a: Grimmsnarl|19/100|[from] Sandstorm
|-damage|p1a: Cinderace|49/100 par|[from] Sandstorm
|upkeep
|turn|19
|
|t:|1776161047
|move|p2a: Grimmsnarl|Light Screen|p2a: Grimmsnarl
|-sidestart|p2: OP Earthquakes|move: Light Screen
|move|p1a: Cinderace|U-turn|p2a: Grimmsnarl
|-damage|p2a: Grimmsnarl|0 fnt
|faint|p2a: Grimmsnarl
|
|t:|1776161052
|switch|p1a: Latios|Latios, M|95/100|[from] U-turn
|
|-weather|Sandstorm|[upkeep]
|-damage|p1a: Latios|89/100|[from] Sandstorm
|upkeep
|
|t:|1776161063
|switch|p2a: OP|Excadrill, F|50/100
|turn|20
|
|t:|1776161073
|move|p2a: OP|Iron Head|p1a: Latios
|-damage|p1a: Latios|0 fnt
|faint|p1a: Latios
|
|-weather|Sandstorm|[upkeep]
|upkeep
|
|t:|1776161075
|switch|p1a: Cinderace|Cinderace, M|49/100 par
|turn|21
|
|t:|1776161079
|move|p2a: OP|Iron Head|p1a: Cinderace
|-resisted|p1a: Cinderace
|-damage|p1a: Cinderace|3/100 par
|cant|p1a: Cinderace|par
|
|-weather|Sandstorm|[upkeep]
|-damage|p1a: Cinderace|0 fnt|[from] Sandstorm
|faint|p1a: Cinderace
|upkeep
|
|t:|1776161084
|switch|p1a: Iron Valiant|Iron Valiant|82/100
|turn|22
|
|t:|1776161091
|-terastallize|p2a: OP|Fire
|move|p2a: OP|Iron Head|p1a: Iron Valiant
|-supereffective|p1a: Iron Valiant
|-damage|p1a: Iron Valiant|0 fnt
|faint|p1a: Iron Valiant
|-end|p1a: Iron Valiant|Quark Drive|[silent]
|
|win|OP Earthquakes
|raw|t44 (the one)'s rating: 1507 &rarr; <strong>1495</strong><br />(-12 for losing)
|raw|OP Earthquakes's rating: 1651 &rarr; <strong>1663</strong><br />(+12 for winning)
|l|☆t44 (the one)
|player|p1|
|l|☆OP Earthquakes
|player|p2|
