|html|<div class="broadcast-blue"><strong>[Gen 9] OU is currently suspecting Tera Blast! For information on how to participate check out the <a href="https://www.smogon.com/tools/suspects/view/200">suspect thread</a>.</strong></div>
|j|☆Astrogoose
|j|☆pelnolan
|t:|1776097180
|gametype|singles
|player|p1|Astrogoose|beauty-gen5bw2|1386
|player|p2|pelnolan|marshal|1400
|gen|9
|tier|[Gen 9] OU
|rated|
|rule|HP Percentage Mod: HP is shown in percentages
|rule|Endless Battle Clause: Forcing endless battles is banned
|rule|Species Clause: Limit one of each Pokémon
|rule|OHKO Clause: OHKO moves are banned
|rule|Evasion Items Clause: Evasion items are banned
|rule|Evasion Moves Clause: Evasion moves are banned
|rule|Evasion Abilities Clause: Evasion abilities are banned
|rule|Sleep Moves Clause: Sleep-inducing moves are banned
|clearpoke
|poke|p1|Kommo-o, M|
|poke|p1|Ting-Lu|
|poke|p1|Excadrill, M|
|poke|p1|Tyranitar, F|
|poke|p1|Electrode-Hisui|
|poke|p1|Entei|
|poke|p2|Landorus-Therian, M|
|poke|p2|Volcanion|
|poke|p2|Zapdos|
|poke|p2|Weezing-Galar, M|
|poke|p2|Dragapult, M|
|poke|p2|Kingambit, M|
|teampreview
|inactive|Battle timer is ON: inactive players will automatically lose when time's up. (requested by pelnolan)
|inactive|pelnolan has 120 seconds left.
|
|t:|1776097218
|teamsize|p1|6
|teamsize|p2|6
|start
|switch|p1a: Thing-Lu|Ting-Lu|100/100
|switch|p2a: Dragapult|Dragapult, M|100/100
|-ability|p1a: Thing-Lu|Vessel of Ruin
|turn|1
|
|t:|1776097237
|move|p2a: Dragapult|U-turn|p1a: Thing-Lu
|-supereffective|p1a: Thing-Lu
|-damage|p1a: Thing-Lu|79/100
|-damage|p2a: Dragapult|91/100|[from] item: Life Orb
|
|t:|1776097245
|switch|p2a: Weezing|Weezing-Galar, M|100/100|[from] U-turn
|move|p1a: Thing-Lu|Stealth Rock|p2a: Weezing
|-sidestart|p2: pelnolan|move: Stealth Rock
|
|-heal|p1a: Thing-Lu|85/100|[from] item: Leftovers
|upkeep
|turn|2
|
|t:|1776097259
|move|p2a: Weezing|Will-O-Wisp|p1a: Thing-Lu
|-status|p1a: Thing-Lu|brn
|move|p1a: Thing-Lu|Ruination|p2a: Weezing
|-damage|p2a: Weezing|50/100
|
|-heal|p2a: Weezing|56/100|[from] item: Leftovers
|-heal|p1a: Thing-Lu|91/100 brn|[from] item: Leftovers
|-damage|p1a: Thing-Lu|85/100 brn|[from] brn
|upkeep
|turn|3
|
|t:|1776097268
|move|p2a: Weezing|Pain Split|p1a: Thing-Lu
|-sethp|p1a: Thing-Lu|61/100 brn|[from] move: Pain Split|[silent]
|-sethp|p2a: Weezing|93/100|[from] move: Pain Split
|move|p1a: Thing-Lu|Whirlwind|p2a: Weezing
|drag|p2a: Dragapult|Dragapult, M|91/100
|-damage|p2a: Dragapult|78/100|[from] Stealth Rock
|
|-heal|p1a: Thing-Lu|67/100 brn|[from] item: Leftovers
|-damage|p1a: Thing-Lu|61/100 brn|[from] brn
|upkeep
|turn|4
|
|t:|1776097277
|move|p2a: Dragapult|U-turn|p1a: Thing-Lu
|-supereffective|p1a: Thing-Lu
|-damage|p1a: Thing-Lu|42/100 brn
|-damage|p2a: Dragapult|69/100|[from] item: Life Orb
|
|t:|1776097282
|switch|p2a: Weezing|Weezing-Galar, M|93/100|[from] U-turn
|-damage|p2a: Weezing|81/100|[from] Stealth Rock
|move|p1a: Thing-Lu|Ruination|p2a: Weezing
|-damage|p2a: Weezing|41/100
|
|-heal|p2a: Weezing|47/100|[from] item: Leftovers
|-heal|p1a: Thing-Lu|48/100 brn|[from] item: Leftovers
|-damage|p1a: Thing-Lu|42/100 brn|[from] brn
|upkeep
|turn|5
|
|t:|1776097301
|move|p2a: Weezing|Defog|p1a: Thing-Lu
|-unboost|p1a: Thing-Lu|evasion|1
|-sideend|p2: pelnolan|Stealth Rock|[from] move: Defog|[of] p2a: Weezing
|move|p1a: Thing-Lu|Whirlwind|p2a: Weezing
|drag|p2a: Dragapult|Dragapult, M|69/100
|
|-heal|p1a: Thing-Lu|48/100 brn|[from] item: Leftovers
|-damage|p1a: Thing-Lu|42/100 brn|[from] brn
|upkeep
|turn|6
|
|t:|1776097310
|switch|p2a: Weezing|Weezing-Galar, M|47/100
|move|p1a: Thing-Lu|Stealth Rock|p2a: Weezing
|-sidestart|p2: pelnolan|move: Stealth Rock
|
|-heal|p2a: Weezing|53/100|[from] item: Leftovers
|-heal|p1a: Thing-Lu|48/100 brn|[from] item: Leftovers
|-damage|p1a: Thing-Lu|42/100 brn|[from] brn
|upkeep
|turn|7
|
|t:|1776097317
|switch|p1a: Doug|Excadrill, M|100/100
|move|p2a: Weezing|Defog|p1a: Doug
|-unboost|p1a: Doug|evasion|1
|-sideend|p2: pelnolan|Stealth Rock|[from] move: Defog|[of] p2a: Weezing
|
|-heal|p2a: Weezing|59/100|[from] item: Leftovers
|upkeep
|turn|8
|
|t:|1776097329
|move|p1a: Doug|Iron Head|p2a: Weezing
|-supereffective|p2a: Weezing
|-damage|p2a: Weezing|0 fnt
|faint|p2a: Weezing
|
|upkeep
|
|t:|1776097342
|switch|p2a: Landorus|Landorus-Therian, M|100/100
|-ability|p2a: Landorus|Intimidate|boost
|-unboost|p1a: Doug|atk|1
|turn|9
|
|t:|1776097349
|switch|p1a: Thing-Lu|Ting-Lu|42/100 brn
|-ability|p1a: Thing-Lu|Vessel of Ruin
|move|p2a: Landorus|Earthquake|p1a: Thing-Lu
|-damage|p1a: Thing-Lu|21/100 brn
|
|-heal|p1a: Thing-Lu|27/100 brn|[from] item: Leftovers
|-damage|p1a: Thing-Lu|21/100 brn|[from] brn
|upkeep
|turn|10
|
|t:|1776097358
|move|p2a: Landorus|Earthquake|p1a: Thing-Lu
|-damage|p1a: Thing-Lu|0 fnt
|faint|p1a: Thing-Lu
|
|upkeep
|
|t:|1776097366
|switch|p1a: Tar Tar Binks|Tyranitar, F|100/100
|-weather|Sandstorm|[from] ability: Sand Stream|[of] p1a: Tar Tar Binks
|turn|11
|
|t:|1776097378
|move|p2a: Landorus|Earthquake|p1a: Tar Tar Binks
|-supereffective|p1a: Tar Tar Binks
|-damage|p1a: Tar Tar Binks|12/100
|move|p1a: Tar Tar Binks|Knock Off|p2a: Landorus
|-damage|p2a: Landorus|51/100
|-enditem|p2a: Landorus|Leftovers|[from] move: Knock Off|[of] p1a: Tar Tar Binks
|
|-weather|Sandstorm|[upkeep]
|upkeep
|turn|12
|
|t:|1776097386
|move|p2a: Landorus|Earthquake|p1a: Tar Tar Binks
|-supereffective|p1a: Tar Tar Binks
|-damage|p1a: Tar Tar Binks|0 fnt
|faint|p1a: Tar Tar Binks
|
|-weather|Sandstorm|[upkeep]
|upkeep
|
|t:|1776097396
|switch|p1a: Doug|Excadrill, M|100/100
|turn|13
|
|t:|1776097404
|-terastallize|p1a: Doug|Ground
|move|p1a: Doug|Iron Head|p2a: Landorus
|-damage|p2a: Landorus|5/100
|move|p2a: Landorus|Earthquake|p1a: Doug
|-damage|p1a: Doug|25/100
|
|-weather|Sandstorm|[upkeep]
|upkeep
|turn|14
|
|t:|1776097419
|switch|p2a: Kingambit|Kingambit, M|100/100
|-activate|p2a: Kingambit|ability: Supreme Overlord
|-start|p2a: Kingambit|fallen1|[silent]
|move|p1a: Doug|Rapid Spin|p2a: Kingambit
|-resisted|p2a: Kingambit
|-damage|p2a: Kingambit|94/100
|-boost|p1a: Doug|spe|1
|
|-weather|Sandstorm|[upkeep]
|-heal|p2a: Kingambit|99/100|[from] item: Leftovers
|upkeep
|turn|15
|
|t:|1776097429
|switch|p1a: Kommando|Kommo-o, M|100/100
|move|p2a: Kingambit|Sucker Punch||[still]
|-fail|p2a: Kingambit
|
|-weather|Sandstorm|[upkeep]
|-heal|p2a: Kingambit|100/100|[from] item: Leftovers
|upkeep
|turn|16
|
|t:|1776097439
|-end|p2a: Kingambit|fallen1|[silent]
|switch|p2a: Landorus|Landorus-Therian, M|5/100
|-ability|p2a: Landorus|Intimidate|boost
|-unboost|p1a: Kommando|atk|1
|move|p1a: Kommando|Clangorous Soul|p1a: Kommando
|-boost|p1a: Kommando|atk|1
|-boost|p1a: Kommando|def|1
|-boost|p1a: Kommando|spa|1
|-boost|p1a: Kommando|spd|1
|-boost|p1a: Kommando|spe|1
|-damage|p1a: Kommando|68/100
|
|-weather|Sandstorm|[upkeep]
|upkeep
|turn|17
|
|t:|1776097451
|move|p1a: Kommando|Flamethrower|p2a: Landorus
|-damage|p2a: Landorus|0 fnt
|faint|p2a: Landorus
|
|-weather|Sandstorm|[upkeep]
|upkeep
|
|t:|1776097456
|switch|p2a: Volcanion|Volcanion|100/100
|turn|18
|
|t:|1776097461
|-terastallize|p2a: Volcanion|Fairy
|move|p1a: Kommando|Clanging Scales|p2a: Volcanion
|-immune|p2a: Volcanion
|move|p2a: Volcanion|Tera Blast|p1a: Kommando|[anim] Tera Blast Fairy
|-supereffective|p1a: Kommando
|-damage|p1a: Kommando|0 fnt
|faint|p1a: Kommando
|
|-weather|none
|upkeep
|
|t:|1776097465
|switch|p1a: Doug|Excadrill, M, tera:Ground|25/100
|turn|19
|
|t:|1776097473
|switch|p2a: Zapdos|Zapdos|100/100
|move|p1a: Doug|Iron Head|p2a: Zapdos
|-resisted|p2a: Zapdos
|-damage|p2a: Zapdos|80/100
|
|upkeep
|turn|20
|
|t:|1776097481
|switch|p1a: Elec-chode|Electrode-Hisui, shiny|100/100
|move|p2a: Zapdos|U-turn|p1a: Elec-chode
|-supereffective|p1a: Elec-chode
|-crit|p1a: Elec-chode
|-damage|p1a: Elec-chode|32/100
|
|t:|1776097488
|switch|p2a: Kingambit|Kingambit, M|100/100|[from] U-turn
|-activate|p2a: Kingambit|ability: Supreme Overlord
|-start|p2a: Kingambit|fallen2|[silent]
|
|upkeep
|turn|21
|
|t:|1776097494
|move|p2a: Kingambit|Sucker Punch||[still]
|-fail|p2a: Kingambit
|move|p1a: Elec-chode|Leech Seed|p2a: Kingambit
|-start|p2a: Kingambit|move: Leech Seed
|
|-damage|p2a: Kingambit|88/100|[from] Leech Seed|[of] p1a: Elec-chode
|-heal|p1a: Elec-chode|51/100|[silent]
|upkeep
|turn|22
|
|t:|1776097501
|switch|p1a: Doug|Excadrill, M, tera:Ground|25/100
|move|p2a: Kingambit|Swords Dance|p2a: Kingambit
|-boost|p2a: Kingambit|atk|2
|
|-heal|p2a: Kingambit|94/100|[from] item: Leftovers
|-damage|p2a: Kingambit|82/100|[from] Leech Seed|[of] p1a: Doug
|-heal|p1a: Doug|38/100|[silent]
|upkeep
|turn|23
|
|t:|1776097509
|move|p2a: Kingambit|Sucker Punch||[still]
|-fail|p2a: Kingambit
|move|p1a: Doug|Swords Dance|p1a: Doug
|-boost|p1a: Doug|atk|2
|
|-heal|p2a: Kingambit|88/100|[from] item: Leftovers
|-damage|p2a: Kingambit|76/100|[from] Leech Seed|[of] p1a: Doug
|-heal|p1a: Doug|52/100|[silent]
|upkeep
|turn|24
|
|t:|1776097519
|move|p1a: Doug|Earthquake|p2a: Kingambit
|-supereffective|p2a: Kingambit
|-damage|p2a: Kingambit|0 fnt
|faint|p2a: Kingambit
|-end|p2a: Kingambit|fallen2|[silent]
|
|upkeep
|
|t:|1776097524
|switch|p2a: Dragapult|Dragapult, M|69/100
|turn|25
|
|t:|1776097531
|move|p2a: Dragapult|Dragon Darts|p1a: Doug
|-damage|p1a: Doug|16/100
|-anim|p2a: Dragapult|Dragon Darts|p1a: Doug
|-damage|p1a: Doug|0 fnt
|faint|p1a: Doug
|-damage|p2a: Dragapult|59/100|[from] item: Life Orb
|
|upkeep
|
|t:|1776097535
|switch|p1a: Not Entei-tained|Entei|100/100
|-ability|p1a: Not Entei-tained|Pressure
|turn|26
|
|t:|1776097542
|switch|p2a: Volcanion|Volcanion, tera:Fairy|100/100
|move|p1a: Not Entei-tained|Sacred Fire|p2a: Volcanion
|-damage|p2a: Volcanion|47/100
|
|upkeep
|turn|27
|
|t:|1776097549
|switch|p2a: Zapdos|Zapdos|80/100
|move|p1a: Not Entei-tained|Sacred Fire|p2a: Zapdos
|-damage|p2a: Zapdos|13/100
|
|upkeep
|turn|28
|
|t:|1776097556
|move|p1a: Not Entei-tained|Sacred Fire|p2a: Zapdos
|-damage|p2a: Zapdos|0 fnt
|faint|p2a: Zapdos
|
|upkeep
|
|t:|1776097561
|switch|p2a: Dragapult|Dragapult, M|59/100
|turn|29
|
|t:|1776097565
|move|p2a: Dragapult|Draco Meteor|p1a: Not Entei-tained
|-damage|p1a: Not Entei-tained|21/100
|-unboost|p2a: Dragapult|spa|2
|-damage|p2a: Dragapult|49/100|[from] item: Life Orb
|move|p1a: Not Entei-tained|Sacred Fire|p2a: Dragapult
|-resisted|p2a: Dragapult
|-damage|p2a: Dragapult|0 fnt
|faint|p2a: Dragapult
|
|upkeep
|
|t:|1776097573
|switch|p2a: Volcanion|Volcanion, tera:Fairy|47/100
|turn|30
|
|t:|1776097581
|move|p1a: Not Entei-tained|Sacred Fire|p2a: Volcanion
|-damage|p2a: Volcanion|0 fnt
|faint|p2a: Volcanion
|
|win|Astrogoose
|raw|Astrogoose's rating: 1386 &rarr; <strong>1407</strong><br />(+21 for winning)
|raw|pelnolan's rating: 1400 &rarr; <strong>1379</strong><br />(-21 for losing)
|c|☆Astrogoose|gg
|l|☆pelnolan
|player|p2|
|l|☆Astrogoose
|player|p1|
