|html|<div class="broadcast-blue"><strong>[Gen 9] OU is currently suspecting Tera Blast! For information on how to participate check out the <a href="https://www.smogon.com/tools/suspects/view/200">suspect thread</a>.</strong></div>
|j|☆saxymarsh
|j|☆Garlicmanalt
|t:|1776061198
|gametype|singles
|player|p1|saxymarsh|169|1165
|player|p2|Garlicmanalt|roxie|1157
|gen|9
|tier|[Gen 9] OU
|rated|
|rule|HP Percentage Mod: HP is shown in percentages
|rule|Endless Battle Clause: Forcing endless battles is banned
|rule|Species Clause: Limit one of each Pokémon
|rule|OHKO Clause: OHKO moves are banned
|rule|Evasion Items Clause: Evasion items are banned
|rule|Evasion Moves Clause: Evasion moves are banned
|rule|Evasion Abilities Clause: Evasion abilities are banned
|rule|Sleep Moves Clause: Sleep-inducing moves are banned
|clearpoke
|poke|p1|Tyranitar, F|
|poke|p1|Moltres|
|poke|p1|Zamazenta-*|
|poke|p1|Slowking-Galar, M|
|poke|p1|Excadrill, F|
|poke|p1|Gliscor, F|
|poke|p2|Darkrai|
|poke|p2|Indeedee-F, F|
|poke|p2|Hawlucha, M|
|poke|p2|Iron Treads|
|poke|p2|Alomomola, F|
|poke|p2|Armarouge, F|
|teampreview
|
|t:|1776061226
|teamsize|p1|6
|teamsize|p2|6
|start
|switch|p1a: Tyranitar|Tyranitar, F|100/100
|switch|p2a: Indeedee|Indeedee-F, F|100/100
|-fieldstart|move: Psychic Terrain|[from] ability: Psychic Surge|[of] p2a: Indeedee
|-weather|Sandstorm|[from] ability: Sand Stream|[of] p1a: Tyranitar
|turn|1
|inactive|Battle timer is ON: inactive players will automatically lose when time's up. (requested by Garlicmanalt)
|
|t:|1776061236
|switch|p2a: Hawlucha|Hawlucha, M|100/100
|-enditem|p2a: Hawlucha|Psychic Seed
|-boost|p2a: Hawlucha|spd|1|[from] item: Psychic Seed
|move|p1a: Tyranitar|Knock Off|p2a: Hawlucha
|-resisted|p2a: Hawlucha
|-damage|p2a: Hawlucha|80/100
|
|-weather|Sandstorm|[upkeep]
|-damage|p2a: Hawlucha|74/100|[from] Sandstorm
|upkeep
|turn|2
|
|t:|1776061255
|switch|p1a: Moltres|Moltres|100/100
|move|p2a: Hawlucha|Swords Dance|p2a: Hawlucha
|-boost|p2a: Hawlucha|atk|2
|
|-weather|Sandstorm|[upkeep]
|-damage|p2a: Hawlucha|68/100|[from] Sandstorm
|-damage|p1a: Moltres|94/100|[from] Sandstorm
|upkeep
|turn|3
|
|t:|1776061274
|move|p2a: Hawlucha|Swords Dance|p2a: Hawlucha
|-boost|p2a: Hawlucha|atk|2
|move|p1a: Moltres|Roar|p2a: Hawlucha
|drag|p2a: Alomomola|Alomomola, F|100/100
|
|-weather|Sandstorm|[upkeep]
|-damage|p1a: Moltres|88/100|[from] Sandstorm
|-damage|p2a: Alomomola|94/100|[from] Sandstorm
|upkeep
|turn|4
|
|t:|1776061286
|move|p1a: Moltres|U-turn|p2a: Alomomola
|-damage|p2a: Alomomola|86/100
|-damage|p1a: Moltres|72/100|[from] item: Rocky Helmet|[of] p2a: Alomomola
|
|t:|1776061301
|switch|p1a: Gliscor|Gliscor, F, shiny|100/100|[from] U-turn
|move|p2a: Alomomola|Flip Turn|p1a: Gliscor
|-supereffective|p1a: Gliscor
|-damage|p1a: Gliscor|75/100
|
|t:|1776061313
|switch|p2a: Darkrai|Darkrai|100/100|[from] Flip Turn
|
|-weather|Sandstorm|[upkeep]
|-damage|p2a: Darkrai|94/100|[from] Sandstorm
|-status|p1a: Gliscor|tox|[from] item: Toxic Orb
|upkeep
|turn|5
|
|t:|1776061327
|move|p1a: Gliscor|Protect|p1a: Gliscor
|-singleturn|p1a: Gliscor|Protect
|move|p2a: Darkrai|Ice Beam|p1a: Gliscor
|-activate|p1a: Gliscor|move: Protect
|
|-weather|Sandstorm|[upkeep]
|-damage|p2a: Darkrai|88/100|[from] Sandstorm
|-heal|p1a: Gliscor|87/100 tox|[from] ability: Poison Heal
|upkeep
|turn|6
|
|t:|1776061345
|-terastallize|p1a: Gliscor|Water
|move|p2a: Darkrai|Ice Beam|p1a: Gliscor
|-resisted|p1a: Gliscor
|-damage|p1a: Gliscor|71/100 tox
|move|p1a: Gliscor|Swords Dance|p1a: Gliscor
|-boost|p1a: Gliscor|atk|2
|
|-weather|Sandstorm|[upkeep]
|-damage|p2a: Darkrai|82/100|[from] Sandstorm
|-damage|p1a: Gliscor|65/100 tox|[from] Sandstorm
|-heal|p1a: Gliscor|77/100 tox|[from] ability: Poison Heal
|upkeep
|turn|7
|inactive|saxymarsh has 120 seconds left.
|
|t:|1776061360
|switch|p2a: Indeedee|Indeedee-F, F|100/100
|move|p1a: Gliscor|Earthquake|p2a: Indeedee
|-damage|p2a: Indeedee|3/100
|
|-weather|Sandstorm|[upkeep]
|-damage|p2a: Indeedee|0 fnt|[from] Sandstorm
|-damage|p1a: Gliscor|71/100 tox|[from] Sandstorm
|faint|p2a: Indeedee
|-heal|p1a: Gliscor|84/100 tox|[from] ability: Poison Heal
|upkeep
|
|t:|1776061384
|switch|p2a: Iron Treads|Iron Treads|100/100
|-enditem|p2a: Iron Treads|Booster Energy
|-activate|p2a: Iron Treads|ability: Quark Drive|[fromitem]
|-start|p2a: Iron Treads|quarkdrivespe
|turn|8
|
|t:|1776061394
|move|p2a: Iron Treads|Earthquake|p1a: Gliscor
|-damage|p1a: Gliscor|48/100 tox
|move|p1a: Gliscor|Earthquake|p2a: Iron Treads
|-supereffective|p2a: Iron Treads
|-damage|p2a: Iron Treads|0 fnt
|faint|p2a: Iron Treads
|-end|p2a: Iron Treads|Quark Drive|[silent]
|
|-weather|none
|-heal|p1a: Gliscor|61/100 tox|[from] ability: Poison Heal
|-fieldend|move: Psychic Terrain
|upkeep
|
|t:|1776061404
|switch|p2a: Armarouge|Armarouge, F, shiny|100/100
|turn|9
|
|t:|1776061408
|move|p2a: Armarouge|Endure|p2a: Armarouge
|-singleturn|p2a: Armarouge|move: Endure
|move|p1a: Gliscor|Protect||[still]
|-fail|p1a: Gliscor
|
|-heal|p1a: Gliscor|73/100 tox|[from] ability: Poison Heal
|upkeep
|turn|10
|
|t:|1776061420
|switch|p2a: Hawlucha|Hawlucha, M|68/100
|move|p1a: Gliscor|Protect||[still]
|-fail|p1a: Gliscor
|
|-heal|p1a: Gliscor|86/100 tox|[from] ability: Poison Heal
|upkeep
|turn|11
|l|☆saxymarsh
|inactive|saxymarsh disconnected and has a minute to reconnect!
|player|p1|
|inactive|saxymarsh has 30 seconds to reconnect!
|inactive|saxymarsh has 20 seconds to reconnect!
|j|☆saxymarsh
|inactive|saxymarsh reconnected and has 90 seconds left.
|player|p1|saxymarsh|169|
|
|t:|1776061487
|move|p2a: Hawlucha|Acrobatics|p1a: Gliscor
|-damage|p1a: Gliscor|46/100 tox
|move|p1a: Gliscor|Knock Off|p2a: Hawlucha
|-resisted|p2a: Hawlucha
|-damage|p2a: Hawlucha|45/100
|
|-heal|p1a: Gliscor|58/100 tox|[from] ability: Poison Heal
|upkeep
|turn|12
|inactive|saxymarsh has 90 seconds left.
|
|t:|1776061496
|move|p1a: Gliscor|Protect|p1a: Gliscor
|-singleturn|p1a: Gliscor|Protect
|move|p2a: Hawlucha|Swords Dance|p2a: Hawlucha
|-boost|p2a: Hawlucha|atk|2
|
|-heal|p1a: Gliscor|71/100 tox|[from] ability: Poison Heal
|upkeep
|turn|13
|inactive|saxymarsh has 90 seconds left.
|
|t:|1776061525
|move|p1a: Gliscor|Protect||[still]
|-fail|p1a: Gliscor
|move|p2a: Hawlucha|Swords Dance|p2a: Hawlucha
|-boost|p2a: Hawlucha|atk|2
|
|-heal|p1a: Gliscor|83/100 tox|[from] ability: Poison Heal
|upkeep
|turn|14
|
|t:|1776061535
|switch|p1a: Moltres|Moltres|72/100
|move|p2a: Hawlucha|Acrobatics|p1a: Moltres
|-damage|p1a: Moltres|0 fnt
|faint|p1a: Moltres
|
|upkeep
|
|t:|1776061544
|switch|p1a: Tyranitar|Tyranitar, F|100/100
|-weather|Sandstorm|[from] ability: Sand Stream|[of] p1a: Tyranitar
|turn|15
|
|t:|1776061552
|move|p2a: Hawlucha|Close Combat|p1a: Tyranitar
|-supereffective|p1a: Tyranitar
|-damage|p1a: Tyranitar|0 fnt
|-unboost|p2a: Hawlucha|def|1
|-unboost|p2a: Hawlucha|spd|1
|faint|p1a: Tyranitar
|
|-weather|Sandstorm|[upkeep]
|-damage|p2a: Hawlucha|39/100|[from] Sandstorm
|upkeep
|
|t:|1776061562
|switch|p1a: Excadrill|Excadrill, F|100/100
|-item|p1a: Excadrill|Air Balloon
|turn|16
|
|t:|1776061568
|move|p1a: Excadrill|Iron Head|p2a: Hawlucha
|-damage|p2a: Hawlucha|0 fnt
|faint|p2a: Hawlucha
|
|-weather|Sandstorm|[upkeep]
|upkeep
|
|t:|1776061577
|switch|p2a: Darkrai|Darkrai|82/100
|turn|17
|
|t:|1776061591
|move|p1a: Excadrill|Iron Head|p2a: Darkrai
|-crit|p2a: Darkrai
|-damage|p2a: Darkrai|0 fnt
|faint|p2a: Darkrai
|
|-weather|Sandstorm|[upkeep]
|upkeep
|
|t:|1776061597
|switch|p2a: Alomomola|Alomomola, F|100/100
|turn|18
|
|t:|1776061604
|move|p1a: Excadrill|Iron Head|p2a: Alomomola
|-resisted|p2a: Alomomola
|-damage|p2a: Alomomola|89/100
|-damage|p1a: Excadrill|84/100|[from] item: Rocky Helmet|[of] p2a: Alomomola
|move|p2a: Alomomola|Scald|p1a: Excadrill
|-supereffective|p1a: Excadrill
|-damage|p1a: Excadrill|47/100
|-enditem|p1a: Excadrill|Air Balloon
|
|-weather|Sandstorm|[upkeep]
|-damage|p2a: Alomomola|82/100|[from] Sandstorm
|upkeep
|turn|19
|
|t:|1776061621
|switch|p1a: Slowking|Slowking-Galar, M|100/100
|move|p2a: Alomomola|Scald|p1a: Slowking
|-damage|p1a: Slowking|93/100
|-status|p1a: Slowking|brn
|
|-weather|Sandstorm|[upkeep]
|-damage|p2a: Alomomola|76/100|[from] Sandstorm
|-damage|p1a: Slowking|87/100 brn|[from] Sandstorm
|-damage|p1a: Slowking|81/100 brn|[from] brn
|upkeep
|turn|20
|inactive|saxymarsh has 90 seconds left.
|
|t:|1776061642
|move|p2a: Alomomola|Wish|p2a: Alomomola
|move|p1a: Slowking|Sludge Bomb|p2a: Alomomola
|-damage|p2a: Alomomola|41/100
|
|-weather|Sandstorm|[upkeep]
|-damage|p2a: Alomomola|35/100|[from] Sandstorm
|-damage|p1a: Slowking|75/100 brn|[from] Sandstorm
|-damage|p1a: Slowking|69/100 brn|[from] brn
|upkeep
|turn|21
|inactive|saxymarsh has 90 seconds left.
|
|t:|1776061658
|switch|p1a: Gliscor|Gliscor, F, shiny, tera:Water|83/100 tox
|move|p2a: Alomomola|Protect||[still]
|-fail|p2a: Alomomola
|
|-weather|Sandstorm|[upkeep]
|-damage|p1a: Gliscor|77/100 tox|[from] Sandstorm
|-damage|p2a: Alomomola|29/100|[from] Sandstorm
|-heal|p2a: Alomomola|79/100|[from] move: Wish|[wisher] Alomomola
|-heal|p1a: Gliscor|89/100 tox|[from] ability: Poison Heal
|upkeep
|turn|22
|inactive|saxymarsh has 90 seconds left.
|
|t:|1776061671
|move|p1a: Gliscor|Earthquake|p2a: Alomomola
|-damage|p2a: Alomomola|56/100
|move|p2a: Alomomola|Flip Turn|p1a: Gliscor
|-resisted|p1a: Gliscor
|-damage|p1a: Gliscor|83/100 tox
|
|t:|1776061677
|switch|p2a: Armarouge|Armarouge, F, shiny|100/100|[from] Flip Turn
|
|-weather|none
|-heal|p1a: Gliscor|96/100 tox|[from] ability: Poison Heal
|upkeep
|turn|23
|
|t:|1776061684
|move|p2a: Armarouge|Endure|p2a: Armarouge
|-singleturn|p2a: Armarouge|move: Endure
|move|p1a: Gliscor|Knock Off|p2a: Armarouge
|-supereffective|p2a: Armarouge
|-damage|p2a: Armarouge|53/100
|-ability|p2a: Armarouge|Weak Armor|boost
|-unboost|p2a: Armarouge|def|1
|-boost|p2a: Armarouge|spe|2
|-enditem|p2a: Armarouge|Weakness Policy
|-boost|p2a: Armarouge|atk|2|[from] item: Weakness Policy
|-boost|p2a: Armarouge|spa|2|[from] item: Weakness Policy
|
|-heal|p1a: Gliscor|100/100 tox|[from] ability: Poison Heal
|upkeep
|turn|24
|
|t:|1776061697
|move|p2a: Armarouge|Energy Ball|p1a: Gliscor
|-supereffective|p1a: Gliscor
|-damage|p1a: Gliscor|0 fnt
|faint|p1a: Gliscor
|
|upkeep
|
|t:|1776061707
|switch|p1a: Zamazenta|Zamazenta|100/100
|-ability|p1a: Zamazenta|Dauntless Shield|boost
|-boost|p1a: Zamazenta|def|1
|turn|25
|
|t:|1776061721
|move|p2a: Armarouge|Expanding Force|p1a: Zamazenta
|-supereffective|p1a: Zamazenta
|-damage|p1a: Zamazenta|0 fnt
|faint|p1a: Zamazenta
|
|upkeep
|
|t:|1776061727
|switch|p1a: Slowking|Slowking-Galar, M|100/100 brn
|turn|26
|
|t:|1776061738
|move|p2a: Armarouge|Expanding Force|p1a: Slowking
|-damage|p1a: Slowking|52/100 brn
|move|p1a: Slowking|Sludge Bomb|p2a: Armarouge
|-damage|p2a: Armarouge|10/100
|
|-damage|p1a: Slowking|46/100 brn|[from] brn
|upkeep
|turn|27
|
|t:|1776061747
|switch|p1a: Excadrill|Excadrill, F|47/100
|move|p2a: Armarouge|Expanding Force|p1a: Excadrill
|-resisted|p1a: Excadrill
|-damage|p1a: Excadrill|0 fnt
|faint|p1a: Excadrill
|
|upkeep
|
|t:|1776061755
|switch|p1a: Slowking|Slowking-Galar, M|79/100 brn
|turn|28
|
|t:|1776061761
|move|p2a: Armarouge|Armor Cannon|p1a: Slowking
|-damage|p1a: Slowking|6/100 brn
|-unboost|p2a: Armarouge|def|1
|-unboost|p2a: Armarouge|spd|1
|move|p1a: Slowking|Sludge Bomb|p2a: Armarouge
|-damage|p2a: Armarouge|0 fnt
|faint|p2a: Armarouge
|
|-damage|p1a: Slowking|0 fnt|[from] brn
|faint|p1a: Slowking
|
|win|Garlicmanalt
|raw|saxymarsh's rating: 1165 &rarr; <strong>1139</strong><br />(-26 for losing)
|raw|Garlicmanalt's rating: 1157 &rarr; <strong>1183</strong><br />(+26 for winning)
|l|☆saxymarsh
|player|p1|
|l|☆Garlicmanalt
|player|p2|
