|html|<div class="broadcast-blue"><strong>[Gen 9] OU is currently suspecting Tera Blast! For information on how to participate check out the <a href="https://www.smogon.com/tools/suspects/view/200">suspect thread</a>.</strong></div>
|j|☆Gerenic
|j|☆s41f
|t:|1776180023
|gametype|singles
|player|p1|Gerenic|gentleman-gen4|1093
|player|p2|s41f|pokemonbreeder-gen4|1076
|gen|9
|tier|[Gen 9] OU
|rated|
|rule|HP Percentage Mod: HP is shown in percentages
|rule|Endless Battle Clause: Forcing endless battles is banned
|rule|Species Clause: Limit one of each Pokémon
|rule|OHKO Clause: OHKO moves are banned
|rule|Evasion Items Clause: Evasion items are banned
|rule|Evasion Moves Clause: Evasion moves are banned
|rule|Evasion Abilities Clause: Evasion abilities are banned
|rule|Sleep Moves Clause: Sleep-inducing moves are banned
|clearpoke
|poke|p1|Meowstic, M|
|poke|p1|Ceruledge, M|
|poke|p1|Meowscarada, F|
|poke|p1|Greninja-*, M|
|poke|p1|Skarmory, M|
|poke|p1|Ninetales-Alola, F|
|poke|p2|Ninetales, F|
|poke|p2|Blaziken, M|
|poke|p2|Walking Wake|
|poke|p2|Whimsicott, M|
|poke|p2|Great Tusk|
|poke|p2|Iron Moth|
|teampreview
|
|t:|1776180048
|teamsize|p1|6
|teamsize|p2|6
|start
|switch|p1a: Ninetales|Ninetales-Alola, F|100/100
|switch|p2a: Dubya|Walking Wake|100/100
|-weather|Snowscape|[from] ability: Snow Warning|[of] p1a: Ninetales
|turn|1
|
|t:|1776180064
|-end|p2a: Dubya|Protosynthesis|[silent]
|switch|p2a: borutodad|Ninetales, F|100/100
|-weather|SunnyDay|[from] ability: Drought|[of] p2a: borutodad
|move|p1a: Ninetales|Moonblast|p2a: borutodad
|-resisted|p2a: borutodad
|-damage|p2a: borutodad|80/100
|
|-weather|SunnyDay|[upkeep]
|upkeep
|turn|2
|
|t:|1776180090
|switch|p1a: Greninja|Greninja, M|100/100
|move|p2a: borutodad|Encore||[still]
|-fail|p2a: borutodad
|
|-weather|SunnyDay|[upkeep]
|upkeep
|turn|3
|
|t:|1776180103
|switch|p2a: Treevis Scott|Whimsicott, M|100/100
|move|p1a: Greninja|Water Shuriken|p2a: Treevis Scott
|-start|p1a: Greninja|typechange|Water|[from] ability: Protean
|-resisted|p2a: Treevis Scott
|-damage|p2a: Treevis Scott|97/100
|-resisted|p2a: Treevis Scott
|-damage|p2a: Treevis Scott|94/100
|-resisted|p2a: Treevis Scott
|-damage|p2a: Treevis Scott|91/100
|-resisted|p2a: Treevis Scott
|-damage|p2a: Treevis Scott|88/100
|-hitcount|p2a: Treevis Scott|4
|
|-weather|SunnyDay|[upkeep]
|upkeep
|turn|4
|
|t:|1776180121
|switch|p1a: Ninetales|Ninetales-Alola, F|100/100
|-weather|Snowscape|[from] ability: Snow Warning|[of] p1a: Ninetales
|move|p2a: Treevis Scott|Giga Drain|p1a: Ninetales
|-damage|p1a: Ninetales|55/100
|-heal|p2a: Treevis Scott|100/100|[from] drain|[of] p1a: Ninetales
|-damage|p2a: Treevis Scott|91/100|[from] item: Life Orb
|
|-weather|Snowscape|[upkeep]
|upkeep
|turn|5
|
|t:|1776180138
|switch|p2a: borutodad|Ninetales, F|80/100
|-weather|SunnyDay|[from] ability: Drought|[of] p2a: borutodad
|move|p1a: Ninetales|Blizzard|p2a: borutodad|[miss]
|-miss|p1a: Ninetales|p2a: borutodad
|
|-weather|SunnyDay|[upkeep]
|upkeep
|turn|6
|
|t:|1776180150
|switch|p1a: Greninja|Greninja, M|100/100
|move|p2a: borutodad|Overheat|p1a: Greninja
|-resisted|p1a: Greninja
|-damage|p1a: Greninja|42/100
|-unboost|p2a: borutodad|spa|2
|
|-weather|SunnyDay|[upkeep]
|upkeep
|turn|7
|inactive|Battle timer is ON: inactive players will automatically lose when time's up. (requested by Gerenic)
|inactiveoff|Battle timer is now OFF.
|
|t:|1776180325
|switch|p1a: Ninetales|Ninetales-Alola, F|55/100
|-weather|Snowscape|[from] ability: Snow Warning|[of] p1a: Ninetales
|switch|p2a: Treevis Scott|Whimsicott, M|91/100
|
|-weather|Snowscape|[upkeep]
|upkeep
|turn|8
|
|t:|1776180340
|switch|p2a: borutodad|Ninetales, F|80/100
|-weather|SunnyDay|[from] ability: Drought|[of] p2a: borutodad
|move|p1a: Ninetales|Blizzard|p2a: borutodad|[miss]
|-miss|p1a: Ninetales|p2a: borutodad
|
|-weather|SunnyDay|[upkeep]
|upkeep
|turn|9
|
|t:|1776180376
|move|p1a: Ninetales|Moonblast|p2a: borutodad
|-resisted|p2a: borutodad
|-damage|p2a: borutodad|59/100
|move|p2a: borutodad|Scorching Sands|p1a: Ninetales
|-damage|p1a: Ninetales|33/100
|
|-weather|SunnyDay|[upkeep]
|upkeep
|turn|10
|
|t:|1776180408
|move|p1a: Ninetales|Moonblast|p2a: borutodad
|-resisted|p2a: borutodad
|-damage|p2a: borutodad|38/100
|move|p2a: borutodad|Overheat|p1a: Ninetales
|-supereffective|p1a: Ninetales
|-damage|p1a: Ninetales|0 fnt
|-unboost|p2a: borutodad|spa|2
|faint|p1a: Ninetales
|
|-weather|SunnyDay|[upkeep]
|upkeep
|
|t:|1776180427
|switch|p1a: Ceruledge|Ceruledge, M|100/100
|turn|11
|
|t:|1776180443
|-terastallize|p1a: Ceruledge|Ghost
|move|p2a: borutodad|Scorching Sands|p1a: Ceruledge
|-damage|p1a: Ceruledge|91/100
|-status|p1a: Ceruledge|brn
|move|p1a: Ceruledge|Swords Dance|p1a: Ceruledge
|-boost|p1a: Ceruledge|atk|2
|
|-weather|SunnyDay|[upkeep]
|-damage|p1a: Ceruledge|84/100 brn|[from] brn
|upkeep
|turn|12
|
|t:|1776180457
|switch|p2a: Dubya|Walking Wake|100/100
|-activate|p2a: Dubya|ability: Protosynthesis
|-start|p2a: Dubya|protosynthesisspe
|move|p1a: Ceruledge|Shadow Claw|p2a: Dubya
|-damage|p2a: Dubya|40/100
|-damage|p1a: Ceruledge|74/100 brn|[from] item: Life Orb
|
|-weather|SunnyDay|[upkeep]
|-damage|p1a: Ceruledge|68/100 brn|[from] brn
|upkeep
|turn|13
|
|t:|1776180480
|move|p2a: Dubya|Flip Turn|p1a: Ceruledge
|-damage|p1a: Ceruledge|58/100 brn
|-ability|p1a: Ceruledge|Weak Armor|boost
|-unboost|p1a: Ceruledge|def|1
|-boost|p1a: Ceruledge|spe|2
|
|t:|1776180491
|-end|p2a: Dubya|Protosynthesis|[silent]
|switch|p2a: Address Me|Great Tusk|100/100|[from] Flip Turn
|-activate|p2a: Address Me|ability: Protosynthesis
|-start|p2a: Address Me|protosynthesisspe
|move|p1a: Ceruledge|Shadow Claw|p2a: Address Me
|-damage|p2a: Address Me|62/100
|-damage|p1a: Ceruledge|41/100 brn|[from] item: Rocky Helmet|[of] p2a: Address Me
|-damage|p1a: Ceruledge|31/100 brn|[from] item: Life Orb
|
|-weather|SunnyDay|[upkeep]
|-damage|p1a: Ceruledge|25/100 brn|[from] brn
|upkeep
|turn|14
|
|t:|1776180512
|move|p1a: Ceruledge|Bitter Blade|p2a: Address Me
|-damage|p2a: Address Me|8/100
|-heal|p1a: Ceruledge|66/100 brn|[from] drain|[of] p2a: Address Me
|-damage|p1a: Ceruledge|49/100 brn|[from] item: Rocky Helmet|[of] p2a: Address Me
|-damage|p1a: Ceruledge|39/100 brn|[from] item: Life Orb
|move|p2a: Address Me|Headlong Rush|p1a: Ceruledge
|-damage|p1a: Ceruledge|0 fnt
|-unboost|p2a: Address Me|def|1
|-unboost|p2a: Address Me|spd|1
|faint|p1a: Ceruledge
|
|-weather|SunnyDay|[upkeep]
|upkeep
|
|t:|1776180530
|switch|p1a: Greninja|Greninja, M|42/100
|turn|15
|
|t:|1776180540
|move|p1a: Greninja|Water Shuriken|p2a: Address Me
|-start|p1a: Greninja|typechange|Water|[from] ability: Protean
|-supereffective|p2a: Address Me
|-damage|p2a: Address Me|0 fnt
|faint|p2a: Address Me
|-end|p2a: Address Me|Protosynthesis|[silent]
|-hitcount|p2: Address Me|1
|
|-weather|none
|upkeep
|
|t:|1776180576
|switch|p2a: Treevis Scott|Whimsicott, M|91/100
|turn|16
|
|t:|1776180597
|switch|p1a: Skarmory|Skarmory, M|100/100
|move|p2a: Treevis Scott|Giga Drain|p1a: Skarmory
|-resisted|p1a: Skarmory
|-damage|p1a: Skarmory|90/100
|-heal|p2a: Treevis Scott|97/100|[from] drain|[of] p1a: Skarmory
|-damage|p2a: Treevis Scott|87/100|[from] item: Life Orb
|
|upkeep
|turn|17
|
|t:|1776180612
|switch|p2a: Kokushibo|Iron Moth|100/100
|-enditem|p2a: Kokushibo|Booster Energy
|-activate|p2a: Kokushibo|ability: Quark Drive|[fromitem]
|-start|p2a: Kokushibo|quarkdrivespe
|move|p1a: Skarmory|Spikes|p2a: Kokushibo
|-sidestart|p2: s41f|Spikes
|
|upkeep
|turn|18
|
|t:|1776180622
|move|p2a: Kokushibo|Overheat|p1a: Skarmory
|-supereffective|p1a: Skarmory
|-damage|p1a: Skarmory|0 fnt
|-unboost|p2a: Kokushibo|spa|2
|faint|p1a: Skarmory
|
|upkeep
|-message|Gerenic forfeited.
|
|win|s41f
|raw|Gerenic's rating: 1093 &rarr; <strong>1068</strong><br />(-25 for losing)
|raw|s41f's rating: 1076 &rarr; <strong>1106</strong><br />(+30 for winning)
|l|☆Gerenic
|player|p1|
