|html|<div class="broadcast-blue"><strong>[Gen 9] OU is currently suspecting Tera Blast! For information on how to participate check out the <a href="https://www.smogon.com/tools/suspects/view/200">suspect thread</a>.</strong></div>
|j|☆TrainerGly
|j|☆bohonwoz
|t:|1776090156
|gametype|singles
|player|p1|TrainerGly|101|1179
|player|p2|bohonwoz|red|1228
|gen|9
|tier|[Gen 9] OU
|rated|
|rule|HP Percentage Mod: HP is shown in percentages
|rule|Endless Battle Clause: Forcing endless battles is banned
|rule|Species Clause: Limit one of each Pokémon
|rule|OHKO Clause: OHKO moves are banned
|rule|Evasion Items Clause: Evasion items are banned
|rule|Evasion Moves Clause: Evasion moves are banned
|rule|Evasion Abilities Clause: Evasion abilities are banned
|rule|Sleep Moves Clause: Sleep-inducing moves are banned
|clearpoke
|poke|p1|Typhlosion, M|
|poke|p1|Torkoal, F|
|poke|p1|Garchomp, M|
|poke|p1|Kingambit, F|
|poke|p1|Shiftry, M|
|poke|p1|Corviknight, M|
|poke|p2|Ogerpon-Wellspring, F|
|poke|p2|Clefable, F|
|poke|p2|Zapdos|
|poke|p2|Iron Moth|
|poke|p2|Great Tusk|
|poke|p2|Gholdengo|
|teampreview
|inactive|Battle timer is ON: inactive players will automatically lose when time's up. (requested by bohonwoz)
|j| ohko_smeargle
|
|t:|1776090174
|teamsize|p1|6
|teamsize|p2|6
|start
|switch|p1a: Torkoal|Torkoal, F|100/100
|switch|p2a: Ogerpon|Ogerpon-Wellspring, F|100/100
|-weather|SunnyDay|[from] ability: Drought|[of] p1a: Torkoal
|turn|1
|
|t:|1776090187
|move|p2a: Ogerpon|Swords Dance|p2a: Ogerpon
|-boost|p2a: Ogerpon|atk|2
|move|p1a: Torkoal|Will-O-Wisp|p2a: Ogerpon
|-status|p2a: Ogerpon|brn
|
|-weather|SunnyDay|[upkeep]
|-damage|p2a: Ogerpon|95/100 brn|[from] brn
|upkeep
|turn|2
|
|t:|1776090196
|move|p2a: Ogerpon|Swords Dance|p2a: Ogerpon
|-boost|p2a: Ogerpon|atk|2
|move|p1a: Torkoal|Overheat|p2a: Ogerpon|[miss]
|-miss|p1a: Torkoal|p2a: Ogerpon
|
|-weather|SunnyDay|[upkeep]
|-damage|p2a: Ogerpon|89/100 brn|[from] brn
|upkeep
|turn|3
|
|t:|1776090204
|move|p2a: Ogerpon|Ivy Cudgel|p1a: Torkoal|[anim] Ivy Cudgel Water
|-supereffective|p1a: Torkoal
|-crit|p1a: Torkoal
|-damage|p1a: Torkoal|31/100
|move|p1a: Torkoal|Overheat|p2a: Ogerpon|[miss]
|-miss|p1a: Torkoal|p2a: Ogerpon
|
|-weather|SunnyDay|[upkeep]
|-damage|p2a: Ogerpon|83/100 brn|[from] brn
|upkeep
|turn|4
|
|t:|1776090213
|switch|p1a: Shiftry|Shiftry, M|100/100
|move|p2a: Ogerpon|Swords Dance|p2a: Ogerpon
|-boost|p2a: Ogerpon|atk|2
|
|-weather|SunnyDay|[upkeep]
|-damage|p2a: Ogerpon|77/100 brn|[from] brn
|upkeep
|turn|5
|
|t:|1776090229
|move|p1a: Shiftry|Solar Blade||[still]
|-prepare|p1a: Shiftry|Solar Blade
|-anim|p1a: Shiftry|Solar Blade|p2a: Ogerpon
|-damage|p2a: Ogerpon|0 fnt
|faint|p2a: Ogerpon
|-damage|p1a: Shiftry|91/100|[from] item: Life Orb
|
|-weather|SunnyDay|[upkeep]
|upkeep
|
|t:|1776090239
|switch|p2a: Iron Moth|Iron Moth|100/100
|turn|6
|
|t:|1776090245
|switch|p1a: Garchomp|Garchomp, M|100/100
|move|p2a: Iron Moth|Sludge Wave|p1a: Garchomp
|-resisted|p1a: Garchomp
|-damage|p1a: Garchomp|71/100
|
|-weather|SunnyDay|[upkeep]
|upkeep
|turn|7
|
|t:|1776090257
|-end|p2a: Iron Moth|Quark Drive|[silent]
|switch|p2a: Zapdos|Zapdos|100/100
|move|p1a: Garchomp|Earthquake|p2a: Zapdos
|-immune|p2a: Zapdos
|
|-weather|SunnyDay|[upkeep]
|upkeep
|turn|8
|
|t:|1776090264
|move|p1a: Garchomp|Stone Edge|p2a: Zapdos
|-supereffective|p2a: Zapdos
|-damage|p2a: Zapdos|30/100
|move|p2a: Zapdos|Hurricane|p1a: Garchomp
|-damage|p1a: Garchomp|10/100
|
|-weather|none
|upkeep
|turn|9
|
|t:|1776090273
|switch|p2a: Great Tusk|Great Tusk|100/100
|-enditem|p2a: Great Tusk|Booster Energy
|-activate|p2a: Great Tusk|ability: Protosynthesis|[fromitem]
|-start|p2a: Great Tusk|protosynthesisatk
|move|p1a: Garchomp|Stone Edge|p2a: Great Tusk
|-resisted|p2a: Great Tusk
|-damage|p2a: Great Tusk|94/100
|
|upkeep
|turn|10
|
|t:|1776090286
|switch|p1a: Corviknight|Corviknight, M|100/100
|-ability|p1a: Corviknight|Pressure
|move|p2a: Great Tusk|Stealth Rock|p1a: Corviknight
|-sidestart|p1: TrainerGly|move: Stealth Rock
|
|upkeep
|turn|11
|
|t:|1776090294
|move|p2a: Great Tusk|Ice Spinner|p1a: Corviknight
|-damage|p1a: Corviknight|79/100
|move|p1a: Corviknight|Defog|p2a: Great Tusk
|-unboost|p2a: Great Tusk|evasion|1
|-sideend|p1: TrainerGly|Stealth Rock|[from] move: Defog|[of] p1a: Corviknight
|
|-heal|p1a: Corviknight|86/100|[from] item: Leftovers
|upkeep
|turn|12
|
|t:|1776090302
|move|p2a: Great Tusk|Ice Spinner|p1a: Corviknight
|-damage|p1a: Corviknight|63/100
|move|p1a: Corviknight|U-turn|p2a: Great Tusk
|-resisted|p2a: Great Tusk
|-damage|p2a: Great Tusk|88/100
|
|t:|1776090307
|switch|p1a: Torkoal|Torkoal, F|31/100|[from] U-turn
|-weather|SunnyDay|[from] ability: Drought|[of] p1a: Torkoal
|
|-weather|SunnyDay|[upkeep]
|upkeep
|turn|13
|
|t:|1776090321
|switch|p1a: Shiftry|Shiftry, M|91/100
|move|p2a: Great Tusk|Stealth Rock|p1a: Shiftry
|-sidestart|p1: TrainerGly|move: Stealth Rock
|
|-weather|SunnyDay|[upkeep]
|upkeep
|turn|14
|
|t:|1776090332
|move|p1a: Shiftry|Solar Blade||[still]
|-prepare|p1a: Shiftry|Solar Blade
|-anim|p1a: Shiftry|Solar Blade|p2a: Great Tusk
|-supereffective|p2a: Great Tusk
|-damage|p2a: Great Tusk|0 fnt
|faint|p2a: Great Tusk
|-end|p2a: Great Tusk|Protosynthesis|[silent]
|-damage|p1a: Shiftry|81/100|[from] item: Life Orb
|
|-weather|SunnyDay|[upkeep]
|upkeep
|
|t:|1776090346
|switch|p2a: Gholdengo|Gholdengo|100/100
|turn|15
|
|t:|1776090351
|move|p1a: Shiftry|Knock Off|p2a: Gholdengo
|-supereffective|p2a: Gholdengo
|-damage|p2a: Gholdengo|0 fnt
|-enditem|p2a: Gholdengo|Choice Scarf|[from] move: Knock Off|[of] p1a: Shiftry
|faint|p2a: Gholdengo
|-damage|p1a: Shiftry|71/100|[from] item: Life Orb
|
|-weather|SunnyDay|[upkeep]
|upkeep
|
|t:|1776090355
|switch|p2a: Iron Moth|Iron Moth|100/100
|turn|16
|
|t:|1776090368
|move|p1a: Shiftry|Knock Off|p2a: Iron Moth
|-crit|p2a: Iron Moth
|-damage|p2a: Iron Moth|0 fnt
|-enditem|p2a: Iron Moth|Heavy-Duty Boots|[from] move: Knock Off|[of] p1a: Shiftry
|faint|p2a: Iron Moth
|-end|p2a: Iron Moth|Quark Drive|[silent]
|-damage|p1a: Shiftry|61/100|[from] item: Life Orb
|
|-weather|SunnyDay|[upkeep]
|upkeep
|
|t:|1776090374
|switch|p2a: Zapdos|Zapdos|30/100
|turn|17
|
|t:|1776090378
|move|p1a: Shiftry|Knock Off|p2a: Zapdos
|-damage|p2a: Zapdos|0 fnt
|-enditem|p2a: Zapdos|Heavy-Duty Boots|[from] move: Knock Off|[of] p1a: Shiftry
|faint|p2a: Zapdos
|-damage|p1a: Shiftry|51/100|[from] item: Life Orb
|
|-weather|SunnyDay|[upkeep]
|upkeep
|
|t:|1776090382
|switch|p2a: Clefable|Clefable, F|100/100
|turn|18
|
|t:|1776090387
|switch|p1a: Kingambit|Kingambit, F|100/100
|-damage|p1a: Kingambit|94/100|[from] Stealth Rock
|move|p2a: Clefable|Moonblast|p1a: Kingambit
|-damage|p1a: Kingambit|65/100
|-unboost|p1a: Kingambit|spa|1
|
|-weather|SunnyDay|[upkeep]
|upkeep
|turn|19
|
|t:|1776090398
|move|p2a: Clefable|Thunder Wave|p1a: Kingambit
|-status|p1a: Kingambit|par
|cant|p1a: Kingambit|par
|
|-weather|none
|upkeep
|turn|20
|
|t:|1776090404
|move|p2a: Clefable|Calm Mind|p2a: Clefable
|-boost|p2a: Clefable|spa|1
|-boost|p2a: Clefable|spd|1
|move|p1a: Kingambit|Kowtow Cleave|p2a: Clefable
|-resisted|p2a: Clefable
|-damage|p2a: Clefable|76/100
|
|-heal|p2a: Clefable|82/100|[from] item: Leftovers
|upkeep
|turn|21
|
|t:|1776090413
|move|p2a: Clefable|Calm Mind|p2a: Clefable
|-boost|p2a: Clefable|spa|1
|-boost|p2a: Clefable|spd|1
|cant|p1a: Kingambit|par
|
|-heal|p2a: Clefable|89/100|[from] item: Leftovers
|upkeep
|turn|22
|
|t:|1776090419
|-end|p1a: Kingambit|fallenundefined|[silent]
|switch|p1a: Corviknight|Corviknight, M|63/100
|-damage|p1a: Corviknight|50/100|[from] Stealth Rock
|-ability|p1a: Corviknight|Pressure
|move|p2a: Clefable|Moonblast|p1a: Corviknight
|-resisted|p1a: Corviknight
|-damage|p1a: Corviknight|21/100
|-unboost|p1a: Corviknight|spa|1
|
|-heal|p1a: Corviknight|27/100|[from] item: Leftovers
|-heal|p2a: Clefable|95/100|[from] item: Leftovers
|upkeep
|turn|23
|
|t:|1776090434
|move|p1a: Corviknight|Roost|p1a: Corviknight
|-heal|p1a: Corviknight|77/100
|-singleturn|p1a: Corviknight|move: Roost
|move|p2a: Clefable|Thunder Wave|p1a: Corviknight
|-status|p1a: Corviknight|par
|
|-heal|p2a: Clefable|100/100|[from] item: Leftovers
|-heal|p1a: Corviknight|83/100 par|[from] item: Leftovers
|upkeep
|turn|24
|
|t:|1776090445
|move|p2a: Clefable|Moonblast|p1a: Corviknight
|-resisted|p1a: Corviknight
|-damage|p1a: Corviknight|54/100 par
|move|p1a: Corviknight|Defog|p2a: Clefable
|-unboost|p2a: Clefable|evasion|1
|-sideend|p1: TrainerGly|Stealth Rock|[from] move: Defog|[of] p1a: Corviknight
|
|-heal|p1a: Corviknight|60/100 par|[from] item: Leftovers
|upkeep
|turn|25
|
|t:|1776090454
|move|p2a: Clefable|Calm Mind|p2a: Clefable
|-boost|p2a: Clefable|spa|1
|-boost|p2a: Clefable|spd|1
|move|p1a: Corviknight|U-turn|p2a: Clefable
|-resisted|p2a: Clefable
|-damage|p2a: Clefable|93/100
|
|t:|1776090459
|switch|p1a: Torkoal|Torkoal, F|31/100|[from] U-turn
|-weather|SunnyDay|[from] ability: Drought|[of] p1a: Torkoal
|
|-weather|SunnyDay|[upkeep]
|-heal|p2a: Clefable|99/100|[from] item: Leftovers
|upkeep
|turn|26
|
|t:|1776090470
|move|p2a: Clefable|Calm Mind|p2a: Clefable
|-boost|p2a: Clefable|spa|1
|-boost|p2a: Clefable|spd|1
|move|p1a: Torkoal|Will-O-Wisp|p2a: Clefable
|-status|p2a: Clefable|brn
|
|-weather|SunnyDay|[upkeep]
|-heal|p2a: Clefable|100/100 brn|[from] item: Leftovers
|upkeep
|turn|27
|
|t:|1776090486
|switch|p1a: Garchomp|Garchomp, M|10/100
|move|p2a: Clefable|Calm Mind|p2a: Clefable
|-boost|p2a: Clefable|spa|1
|-boost|p2a: Clefable|spd|1
|
|-weather|SunnyDay|[upkeep]
|upkeep
|turn|28
|
|t:|1776090494
|move|p1a: Garchomp|Earthquake|p2a: Clefable
|-damage|p2a: Clefable|47/100 brn
|move|p2a: Clefable|Moonblast|p1a: Garchomp
|-supereffective|p1a: Garchomp
|-damage|p1a: Garchomp|0 fnt
|faint|p1a: Garchomp
|
|-weather|SunnyDay|[upkeep]
|-heal|p2a: Clefable|53/100 brn|[from] item: Leftovers
|upkeep
|
|t:|1776090507
|switch|p1a: Corviknight|Corviknight, M|60/100 par
|-ability|p1a: Corviknight|Pressure
|turn|29
|
|t:|1776090513
|move|p2a: Clefable|Moonlight|p2a: Clefable
|-heal|p2a: Clefable|100/100 brn
|move|p1a: Corviknight|Body Press|p2a: Clefable
|-resisted|p2a: Clefable
|-damage|p2a: Clefable|87/100 brn
|
|-weather|SunnyDay|[upkeep]
|-heal|p2a: Clefable|93/100 brn|[from] item: Leftovers
|-heal|p1a: Corviknight|66/100 par|[from] item: Leftovers
|upkeep
|turn|30
|
|t:|1776090522
|move|p2a: Clefable|Calm Mind|p2a: Clefable
|-boost|p2a: Clefable|spa|1
|-boost|p2a: Clefable|spd|1
|move|p1a: Corviknight|Body Press|p2a: Clefable
|-resisted|p2a: Clefable
|-crit|p2a: Clefable
|-damage|p2a: Clefable|75/100 brn
|
|-weather|SunnyDay|[upkeep]
|-heal|p2a: Clefable|81/100 brn|[from] item: Leftovers
|-heal|p1a: Corviknight|73/100 par|[from] item: Leftovers
|upkeep
|turn|31
|
|t:|1776090533
|move|p2a: Clefable|Moonblast|p1a: Corviknight
|-resisted|p1a: Corviknight
|-damage|p1a: Corviknight|11/100 par
|-unboost|p1a: Corviknight|spa|1
|move|p1a: Corviknight|Body Press|p2a: Clefable
|-resisted|p2a: Clefable
|-damage|p2a: Clefable|69/100 brn
|
|-weather|SunnyDay|[upkeep]
|-heal|p2a: Clefable|75/100 brn|[from] item: Leftovers
|-heal|p1a: Corviknight|17/100 par|[from] item: Leftovers
|upkeep
|turn|32
|
|t:|1776090544
|move|p2a: Clefable|Moonlight|p2a: Clefable
|-heal|p2a: Clefable|100/100 brn
|move|p1a: Corviknight|U-turn|p2a: Clefable
|-resisted|p2a: Clefable
|-crit|p2a: Clefable
|-damage|p2a: Clefable|90/100 brn
|
|t:|1776090552
|switch|p1a: Kingambit|Kingambit, F|65/100 par|[from] U-turn
|-activate|p1a: Kingambit|ability: Supreme Overlord
|-start|p1a: Kingambit|fallen1|[silent]
|
|-weather|none
|-heal|p2a: Clefable|96/100 brn|[from] item: Leftovers
|upkeep
|turn|33
|
|t:|1776090560
|-end|p1a: Kingambit|fallen1|[silent]
|switch|p1a: Torkoal|Torkoal, F|31/100
|-weather|SunnyDay|[from] ability: Drought|[of] p1a: Torkoal
|move|p2a: Clefable|Moonblast|p1a: Torkoal
|-resisted|p1a: Torkoal
|-damage|p1a: Torkoal|0 fnt
|faint|p1a: Torkoal
|
|-weather|SunnyDay|[upkeep]
|-heal|p2a: Clefable|100/100 brn|[from] item: Leftovers
|upkeep
|
|t:|1776090578
|switch|p1a: Shiftry|Shiftry, M|51/100
|turn|34
|
|t:|1776090584
|-terastallize|p1a: Shiftry|Grass
|move|p1a: Shiftry|Solar Blade||[still]
|-prepare|p1a: Shiftry|Solar Blade
|-anim|p1a: Shiftry|Solar Blade|p2a: Clefable
|-damage|p2a: Clefable|4/100 brn
|-damage|p1a: Shiftry|41/100|[from] item: Life Orb
|move|p2a: Clefable|Thunder Wave|p1a: Shiftry
|-status|p1a: Shiftry|par
|
|-weather|SunnyDay|[upkeep]
|-heal|p2a: Clefable|10/100 brn|[from] item: Leftovers
|upkeep
|turn|35
|
|t:|1776090604
|cant|p1a: Shiftry|par
|move|p2a: Clefable|Moonblast|p1a: Shiftry
|-damage|p1a: Shiftry|0 fnt
|faint|p1a: Shiftry
|
|-weather|SunnyDay|[upkeep]
|-heal|p2a: Clefable|16/100 brn|[from] item: Leftovers
|upkeep
|
|t:|1776090616
|switch|p1a: Typhlosion|Typhlosion, M|100/100
|turn|36
|
|t:|1776090620
|move|p1a: Typhlosion|Eruption|p2a: Clefable
|-damage|p2a: Clefable|0 fnt
|faint|p2a: Clefable
|
|win|TrainerGly
|raw|TrainerGly's rating: 1179 &rarr; <strong>1208</strong><br />(+29 for winning)
|raw|bohonwoz's rating: 1228 &rarr; <strong>1199</strong><br />(-29 for losing)
|l| ohko_smeargle
|l|☆bohonwoz
|player|p2|
|l|☆TrainerGly
|player|p1|
