|html|<div class="broadcast-blue"><strong>[Gen 9] OU is currently suspecting Tera Blast! For information on how to participate check out the <a href="https://www.smogon.com/tools/suspects/view/200">suspect thread</a>.</strong></div>
|j|☆byKiller63
|j|☆Mommy Moma
|t:|1776266454
|gametype|singles
|player|p1|byKiller63|brycenman|1031
|player|p2|Mommy Moma|n|1030
|gen|9
|tier|[Gen 9] OU
|rated|
|rule|HP Percentage Mod: HP is shown in percentages
|rule|Endless Battle Clause: Forcing endless battles is banned
|rule|Species Clause: Limit one of each Pokémon
|rule|OHKO Clause: OHKO moves are banned
|rule|Evasion Items Clause: Evasion items are banned
|rule|Evasion Moves Clause: Evasion moves are banned
|rule|Evasion Abilities Clause: Evasion abilities are banned
|rule|Sleep Moves Clause: Sleep-inducing moves are banned
|clearpoke
|poke|p1|Tinkaton, F|
|poke|p1|Vikavolt, M|
|poke|p1|Toucannon, M|
|poke|p1|Gallade, M|
|poke|p1|Basculegion, M|
|poke|p1|Incineroar, M|
|poke|p2|Gliscor, F|
|poke|p2|Cyclizar, F|
|poke|p2|Incineroar, M|
|poke|p2|Primarina, M|
|poke|p2|Dragapult, M|
|poke|p2|Torterra, F|
|teampreview
|
|t:|1776266461
|teamsize|p1|6
|teamsize|p2|6
|start
|switch|p1a: Jhon Cena|Incineroar, M, shiny|100/100
|switch|p2a: Piège de roc|Gliscor, F|100/100
|-ability|p1a: Jhon Cena|Intimidate|boost
|-unboost|p2a: Piège de roc|atk|1
|turn|1
|
|t:|1776266467
|move|p1a: Jhon Cena|Fake Out|p2a: Piège de roc
|-damage|p2a: Piège de roc|94/100
|cant|p2a: Piège de roc|flinch
|
|-status|p2a: Piège de roc|tox|[from] item: Toxic Orb
|upkeep
|turn|2
|
|t:|1776266476
|move|p2a: Piège de roc|Stealth Rock|p1a: Jhon Cena
|-sidestart|p1: byKiller63|move: Stealth Rock
|move|p1a: Jhon Cena|Darkest Lariat|p2a: Piège de roc
|-damage|p2a: Piège de roc|72/100 tox
|
|-heal|p2a: Piège de roc|84/100 tox|[from] ability: Poison Heal
|upkeep
|turn|3
|
|t:|1776266486
|move|p2a: Piège de roc|Toxic|p1a: Jhon Cena|[miss]
|-miss|p2a: Piège de roc|p1a: Jhon Cena
|move|p1a: Jhon Cena|Flare Blitz|p2a: Piège de roc
|-damage|p2a: Piège de roc|56/100 tox
|-damage|p1a: Jhon Cena|91/100|[from] Recoil
|
|-heal|p2a: Piège de roc|69/100 tox|[from] ability: Poison Heal
|upkeep
|turn|4
|
|t:|1776266500
|switch|p1a: Perro|Toucannon, M, shiny|100/100
|-damage|p1a: Perro|76/100|[from] Stealth Rock
|move|p2a: Piège de roc|Toxic|p1a: Perro
|-status|p1a: Perro|tox
|
|-heal|p2a: Piège de roc|81/100 tox|[from] ability: Poison Heal
|-damage|p1a: Perro|70/100 tox|[from] psn
|upkeep
|turn|5
|
|t:|1776266513
|switch|p2a: all def|Incineroar, M|100/100
|-ability|p2a: all def|Intimidate|boost
|-unboost|p1a: Perro|atk|1
|-terastallize|p1a: Perro|Rock
|move|p1a: Perro|Rock Blast|p2a: all def
|-supereffective|p2a: all def
|-damage|p2a: all def|87/100
|-supereffective|p2a: all def
|-damage|p2a: all def|73/100
|-supereffective|p2a: all def
|-damage|p2a: all def|58/100
|-supereffective|p2a: all def
|-damage|p2a: all def|44/100
|-supereffective|p2a: all def
|-damage|p2a: all def|30/100
|-hitcount|p2a: all def|5
|
|-damage|p1a: Perro|58/100 tox|[from] psn
|upkeep
|turn|6
|
|t:|1776266536
|switch|p2a: Torterra|Torterra, F|100/100
|move|p1a: Perro|Rock Blast|p2a: Torterra
|-resisted|p2a: Torterra
|-damage|p2a: Torterra|98/100
|-resisted|p2a: Torterra
|-damage|p2a: Torterra|96/100
|-resisted|p2a: Torterra
|-damage|p2a: Torterra|94/100
|-resisted|p2a: Torterra
|-damage|p2a: Torterra|92/100
|-resisted|p2a: Torterra
|-damage|p2a: Torterra|89/100
|-hitcount|p2a: Torterra|5
|
|-damage|p1a: Perro|40/100 tox|[from] psn
|upkeep
|turn|7
|
|t:|1776266549
|move|p2a: Torterra|Protect|p2a: Torterra
|-singleturn|p2a: Torterra|Protect
|move|p1a: Perro|U-turn|p2a: Torterra
|-activate|p2a: Torterra|move: Protect
|
|-damage|p1a: Perro|16/100 tox|[from] psn
|upkeep
|turn|8
|
|t:|1776266563
|switch|p2a: Piège de roc|Gliscor, F|81/100 tox
|move|p1a: Perro|U-turn|p2a: Piège de roc
|-resisted|p2a: Piège de roc
|-damage|p2a: Piège de roc|76/100 tox
|
|t:|1776266575
|switch|p1a: Pescadiña|Basculegion, M, shiny|100/100|[from] U-turn
|-damage|p1a: Pescadiña|88/100|[from] Stealth Rock
|
|-heal|p2a: Piège de roc|89/100 tox|[from] ability: Poison Heal
|upkeep
|turn|9
|
|t:|1776266583
|move|p2a: Piège de roc|Protect|p2a: Piège de roc
|-singleturn|p2a: Piège de roc|Protect
|move|p1a: Pescadiña|Aqua Jet|p2a: Piège de roc
|-activate|p2a: Piège de roc|move: Protect
|
|-heal|p2a: Piège de roc|100/100 tox|[from] ability: Poison Heal
|upkeep
|turn|10
|
|t:|1776266601
|switch|p2a: sp def sweeper|Primarina, M|100/100
|move|p1a: Pescadiña|Aqua Jet|p2a: sp def sweeper
|-resisted|p2a: sp def sweeper
|-damage|p2a: sp def sweeper|83/100
|
|-heal|p2a: sp def sweeper|89/100|[from] item: Leftovers
|upkeep
|turn|11
|
|t:|1776266615
|switch|p1a: Cucaracha|Vikavolt, M, shiny|100/100
|-damage|p1a: Cucaracha|76/100|[from] Stealth Rock
|move|p2a: sp def sweeper|Calm Mind|p2a: sp def sweeper
|-boost|p2a: sp def sweeper|spa|1
|-boost|p2a: sp def sweeper|spd|1
|
|-heal|p2a: sp def sweeper|95/100|[from] item: Leftovers
|upkeep
|turn|12
|
|t:|1776266629
|move|p1a: Cucaracha|Volt Switch|p2a: sp def sweeper
|-supereffective|p2a: sp def sweeper
|-damage|p2a: sp def sweeper|37/100
|
|t:|1776266635
|switch|p1a: Niña de 14 años|Tinkaton, F|100/100|[from] Volt Switch
|-damage|p1a: Niña de 14 años|94/100|[from] Stealth Rock
|-ability|p1a: Niña de 14 años|Mold Breaker
|move|p2a: sp def sweeper|Draining Kiss|p1a: Niña de 14 años
|-resisted|p1a: Niña de 14 años
|-crit|p1a: Niña de 14 años
|-damage|p1a: Niña de 14 años|64/100
|-heal|p2a: sp def sweeper|56/100|[from] drain|[of] p1a: Niña de 14 años
|
|-heal|p1a: Niña de 14 años|71/100|[from] item: Leftovers
|-heal|p2a: sp def sweeper|62/100|[from] item: Leftovers
|upkeep
|turn|13
|
|t:|1776266659
|switch|p2a: Torterra|Torterra, F|89/100
|move|p1a: Niña de 14 años|Gigaton Hammer|p2a: Torterra
|-damage|p2a: Torterra|59/100
|
|-heal|p1a: Niña de 14 años|77/100|[from] item: Leftovers
|upkeep
|turn|14
|
|t:|1776266668
|-terastallize|p2a: Torterra|Steel
|move|p1a: Niña de 14 años|Knock Off|p2a: Torterra
|-damage|p2a: Torterra|47/100
|-damage|p1a: Niña de 14 años|60/100|[from] item: Rocky Helmet|[of] p2a: Torterra
|-enditem|p2a: Torterra|Rocky Helmet|[from] move: Knock Off|[of] p1a: Niña de 14 años
|move|p2a: Torterra|Leech Seed|p1a: Niña de 14 años
|-start|p1a: Niña de 14 años|move: Leech Seed
|
|-heal|p1a: Niña de 14 años|66/100|[from] item: Leftovers
|-damage|p1a: Niña de 14 años|54/100|[from] Leech Seed|[of] p2a: Torterra
|-heal|p2a: Torterra|57/100|[silent]
|upkeep
|turn|15
|
|t:|1776266684
|switch|p1a: Femboy|Gallade, M|100/100
|-damage|p1a: Femboy|94/100|[from] Stealth Rock
|move|p2a: Torterra|Synthesis|p2a: Torterra
|-heal|p2a: Torterra|100/100
|
|upkeep
|turn|16
|
|t:|1776266695
|switch|p2a: I am ATOMIC|Dragapult, M|100/100
|move|p1a: Femboy|Swords Dance|p1a: Femboy
|-boost|p1a: Femboy|atk|2
|
|upkeep
|turn|17
|
|t:|1776266711
|move|p2a: I am ATOMIC|Shadow Ball|p1a: Femboy
|-supereffective|p1a: Femboy
|-damage|p1a: Femboy|0 fnt
|faint|p1a: Femboy
|
|upkeep
|
|t:|1776266720
|switch|p1a: Pescadiña|Basculegion, M, shiny|88/100
|-damage|p1a: Pescadiña|76/100|[from] Stealth Rock
|turn|18
|
|t:|1776266727
|move|p2a: I am ATOMIC|Shadow Ball|p1a: Pescadiña
|-supereffective|p1a: Pescadiña
|-damage|p1a: Pescadiña|0 fnt
|faint|p1a: Pescadiña
|
|upkeep
|
|t:|1776266734
|switch|p1a: Jhon Cena|Incineroar, M, shiny|91/100
|-damage|p1a: Jhon Cena|66/100|[from] Stealth Rock
|-ability|p1a: Jhon Cena|Intimidate|boost
|-unboost|p2a: I am ATOMIC|atk|1
|turn|19
|
|t:|1776266743
|switch|p2a: Torterra|Torterra, F, tera:Steel|100/100
|move|p1a: Jhon Cena|Darkest Lariat|p2a: Torterra
|-damage|p2a: Torterra|79/100
|
|upkeep
|turn|20
|
|t:|1776266751
|switch|p2a: Piège de roc|Gliscor, F|100/100 tox
|move|p1a: Jhon Cena|Flare Blitz|p2a: Piège de roc
|-damage|p2a: Piège de roc|71/100 tox
|-damage|p1a: Jhon Cena|55/100|[from] Recoil
|
|-heal|p2a: Piège de roc|84/100 tox|[from] ability: Poison Heal
|upkeep
|turn|21
|
|t:|1776266761
|move|p1a: Jhon Cena|Fake Out||[still]
|-hint|Fake Out only works on your first turn out.
|-fail|p1a: Jhon Cena
|move|p2a: Piège de roc|Toxic|p1a: Jhon Cena
|-status|p1a: Jhon Cena|tox
|
|-heal|p2a: Piège de roc|96/100 tox|[from] ability: Poison Heal
|-damage|p1a: Jhon Cena|49/100 tox|[from] psn
|upkeep
|turn|22
|
|t:|1776266772
|switch|p1a: Cucaracha|Vikavolt, M, shiny|76/100
|-damage|p1a: Cucaracha|51/100|[from] Stealth Rock
|move|p2a: Piège de roc|Earthquake|p1a: Cucaracha
|-immune|p1a: Cucaracha|[from] ability: Levitate
|
|-heal|p2a: Piège de roc|100/100 tox|[from] ability: Poison Heal
|upkeep
|turn|23
|
|t:|1776266782
|move|p2a: Piège de roc|Toxic|p1a: Cucaracha
|-status|p1a: Cucaracha|tox
|move|p1a: Cucaracha|Energy Ball|p2a: Piège de roc
|-damage|p2a: Piège de roc|53/100 tox
|
|-heal|p2a: Piège de roc|66/100 tox|[from] ability: Poison Heal
|-damage|p1a: Cucaracha|45/100 tox|[from] psn
|upkeep
|turn|24
|
|t:|1776266790
|move|p2a: Piège de roc|Protect|p2a: Piège de roc
|-singleturn|p2a: Piège de roc|Protect
|move|p1a: Cucaracha|Energy Ball|p2a: Piège de roc
|-activate|p2a: Piège de roc|move: Protect
|
|-heal|p2a: Piège de roc|78/100 tox|[from] ability: Poison Heal
|-damage|p1a: Cucaracha|32/100 tox|[from] psn
|upkeep
|turn|25
|
|t:|1776266802
|switch|p2a: Torterra|Torterra, F, tera:Steel|79/100
|move|p1a: Cucaracha|Energy Ball|p2a: Torterra
|-resisted|p2a: Torterra
|-damage|p2a: Torterra|54/100
|
|-damage|p1a: Cucaracha|14/100 tox|[from] psn
|upkeep
|turn|26
|
|t:|1776266810
|move|p1a: Cucaracha|Energy Ball|p2a: Torterra
|-resisted|p2a: Torterra
|-damage|p2a: Torterra|31/100
|move|p2a: Torterra|Synthesis|p2a: Torterra
|-heal|p2a: Torterra|81/100
|
|-damage|p1a: Cucaracha|0 fnt|[from] psn
|faint|p1a: Cucaracha
|upkeep
|
|t:|1776266819
|switch|p1a: Perro|Toucannon, M, shiny, tera:Rock|16/100 tox
|-damage|p1a: Perro|3/100 tox|[from] Stealth Rock
|turn|27
|
|t:|1776266826
|move|p2a: Torterra|Protect|p2a: Torterra
|-singleturn|p2a: Torterra|Protect
|move|p1a: Perro|Rock Blast|p2a: Torterra
|-activate|p2a: Torterra|move: Protect
|
|-damage|p1a: Perro|0 fnt|[from] psn
|faint|p1a: Perro
|upkeep
|c|☆byKiller63|i hope u die
|c|☆byKiller63|niga
|
|t:|1776266834
|switch|p1a: Jhon Cena|Incineroar, M, shiny|49/100 tox
|-damage|p1a: Jhon Cena|25/100 tox|[from] Stealth Rock
|-ability|p1a: Jhon Cena|Intimidate|boost
|-unboost|p2a: Torterra|atk|1
|turn|28
|
|t:|1776266845
|switch|p2a: Piège de roc|Gliscor, F|78/100 tox
|move|p1a: Jhon Cena|Flare Blitz|p2a: Piège de roc
|-damage|p2a: Piège de roc|48/100 tox
|-damage|p1a: Jhon Cena|14/100 tox|[from] Recoil
|
|-heal|p2a: Piège de roc|61/100 tox|[from] ability: Poison Heal
|-damage|p1a: Jhon Cena|8/100 tox|[from] psn
|upkeep
|turn|29
|
|t:|1776266859
|move|p2a: Piège de roc|Earthquake|p1a: Jhon Cena
|-supereffective|p1a: Jhon Cena
|-damage|p1a: Jhon Cena|0 fnt
|faint|p1a: Jhon Cena
|
|-heal|p2a: Piège de roc|73/100 tox|[from] ability: Poison Heal
|upkeep
|
|t:|1776266866
|switch|p1a: Niña de 14 años|Tinkaton, F|54/100
|-damage|p1a: Niña de 14 años|48/100|[from] Stealth Rock
|-ability|p1a: Niña de 14 años|Mold Breaker
|turn|30
|
|t:|1776266872
|move|p2a: Piège de roc|Earthquake|p1a: Niña de 14 años
|-supereffective|p1a: Niña de 14 años
|-damage|p1a: Niña de 14 años|0 fnt
|faint|p1a: Niña de 14 años
|
|win|Mommy Moma
