|html|<div class="broadcast-blue"><strong>[Gen 9] OU is currently suspecting Tera Blast! For information on how to participate check out the <a href="https://www.smogon.com/tools/suspects/view/200">suspect thread</a>.</strong></div>
|j|☆VTCLA
|j|☆whatisherm3l0n
|t:|1776045804
|gametype|singles
|player|p1|VTCLA|265|1532
|player|p2|whatisherm3l0n|acetrainer-gen4dp|1439
|gen|9
|tier|[Gen 9] OU
|rated|
|rule|HP Percentage Mod: HP is shown in percentages
|rule|Endless Battle Clause: Forcing endless battles is banned
|rule|Species Clause: Limit one of each Pokémon
|rule|OHKO Clause: OHKO moves are banned
|rule|Evasion Items Clause: Evasion items are banned
|rule|Evasion Moves Clause: Evasion moves are banned
|rule|Evasion Abilities Clause: Evasion abilities are banned
|rule|Sleep Moves Clause: Sleep-inducing moves are banned
|clearpoke
|poke|p1|Raging Bolt|
|poke|p1|Alomomola, F|
|poke|p1|Garganacl, F|
|poke|p1|Corviknight, F|
|poke|p1|Slowking-Galar, F|
|poke|p1|Ogerpon-Wellspring, F|
|poke|p2|Pelipper, M|
|poke|p2|Manaphy|
|poke|p2|Bruxish, F|
|poke|p2|Overqwil, F|
|poke|p2|Iron Treads|
|poke|p2|Raging Bolt|
|teampreview
|
|t:|1776045820
|teamsize|p1|6
|teamsize|p2|6
|start
|switch|p1a: Garganacl|Garganacl, F|100/100
|switch|p2a: Iron Treads|Iron Treads, shiny|100/100
|-enditem|p2a: Iron Treads|Booster Energy
|-activate|p2a: Iron Treads|ability: Quark Drive|[fromitem]
|-start|p2a: Iron Treads|quarkdrivespe
|turn|1
|
|t:|1776045829
|move|p2a: Iron Treads|Stealth Rock|p1a: Garganacl
|-sidestart|p1: VTCLA|move: Stealth Rock
|move|p1a: Garganacl|Salt Cure|p2a: Iron Treads
|-resisted|p2a: Iron Treads
|-damage|p2a: Iron Treads|98/100
|-start|p2a: Iron Treads|Salt Cure
|
|-damage|p2a: Iron Treads|73/100|[from] Salt Cure
|upkeep
|turn|2
|
|t:|1776045839
|move|p2a: Iron Treads|Knock Off|p1a: Garganacl
|-damage|p1a: Garganacl|88/100
|-enditem|p1a: Garganacl|Leftovers|[from] move: Knock Off|[of] p2a: Iron Treads
|move|p1a: Garganacl|Stealth Rock|p2a: Iron Treads
|-sidestart|p2: whatisherm3l0n|move: Stealth Rock
|
|-damage|p2a: Iron Treads|48/100|[from] Salt Cure
|upkeep
|turn|3
|
|t:|1776045850
|move|p2a: Iron Treads|Rapid Spin|p1a: Garganacl
|-resisted|p1a: Garganacl
|-damage|p1a: Garganacl|84/100
|-boost|p2a: Iron Treads|spe|1
|-sideend|p2: whatisherm3l0n|Stealth Rock|[from] move: Rapid Spin|[of] p2a: Iron Treads
|move|p1a: Garganacl|Salt Cure|p2a: Iron Treads
|-resisted|p2a: Iron Treads
|-damage|p2a: Iron Treads|46/100
|
|-damage|p2a: Iron Treads|21/100|[from] Salt Cure
|upkeep
|turn|4
|
|t:|1776045865
|move|p2a: Iron Treads|Earthquake|p1a: Garganacl
|-supereffective|p1a: Garganacl
|-damage|p1a: Garganacl|41/100
|move|p1a: Garganacl|Stealth Rock|p2a: Iron Treads
|-sidestart|p2: whatisherm3l0n|move: Stealth Rock
|
|-damage|p2a: Iron Treads|0 fnt|[from] Salt Cure
|faint|p2a: Iron Treads
|-end|p2a: Iron Treads|Quark Drive|[silent]
|upkeep
|
|t:|1776045883
|switch|p2a: Bruxish|Bruxish, F, shiny|100/100
|-damage|p2a: Bruxish|88/100|[from] Stealth Rock
|turn|5
|
|t:|1776045891
|-terastallize|p1a: Garganacl|Water
|move|p2a: Bruxish|Wave Crash|p1a: Garganacl
|-resisted|p1a: Garganacl
|-crit|p1a: Garganacl
|-damage|p1a: Garganacl|19/100
|-damage|p2a: Bruxish|78/100|[from] Recoil
|move|p1a: Garganacl|Recover|p1a: Garganacl
|-heal|p1a: Garganacl|69/100
|
|upkeep
|turn|6
|
|t:|1776045901
|switch|p2a: Raging Bolt|Raging Bolt|100/100
|-damage|p2a: Raging Bolt|88/100|[from] Stealth Rock
|-enditem|p2a: Raging Bolt|Booster Energy
|-activate|p2a: Raging Bolt|ability: Protosynthesis|[fromitem]
|-start|p2a: Raging Bolt|protosynthesisspa
|move|p1a: Garganacl|Salt Cure|p2a: Raging Bolt
|-damage|p2a: Raging Bolt|76/100
|-start|p2a: Raging Bolt|Salt Cure
|
|-damage|p2a: Raging Bolt|63/100|[from] Salt Cure
|upkeep
|turn|7
|
|t:|1776045920
|switch|p1a: Slowking|Slowking-Galar, F|100/100
|-damage|p1a: Slowking|88/100|[from] Stealth Rock
|move|p2a: Raging Bolt|Dragon Pulse|p1a: Slowking
|-damage|p1a: Slowking|32/100
|
|-heal|p1a: Slowking|38/100|[from] item: Black Sludge
|-damage|p2a: Raging Bolt|51/100|[from] Salt Cure
|upkeep
|turn|8
|
|t:|1776045942
|switch|p1a: Corviknight|Corviknight, F|100/100
|-damage|p1a: Corviknight|88/100|[from] Stealth Rock
|-ability|p1a: Corviknight|Pressure
|move|p2a: Raging Bolt|Thunderbolt|p1a: Corviknight
|-supereffective|p1a: Corviknight
|-damage|p1a: Corviknight|0 fnt
|faint|p1a: Corviknight
|
|-damage|p2a: Raging Bolt|39/100|[from] Salt Cure
|upkeep
|
|t:|1776045962
|switch|p1a: Ogerpon|Ogerpon-Wellspring, F|100/100
|-damage|p1a: Ogerpon|88/100|[from] Stealth Rock
|turn|9
|
|t:|1776045975
|move|p1a: Ogerpon|Play Rough|p2a: Raging Bolt|[miss]
|-miss|p1a: Ogerpon|p2a: Raging Bolt
|move|p2a: Raging Bolt|Thunderbolt|p1a: Ogerpon
|-damage|p1a: Ogerpon|3/100
|
|-damage|p2a: Raging Bolt|26/100|[from] Salt Cure
|upkeep
|turn|10
|
|t:|1776045984
|move|p2a: Raging Bolt|Thunderclap||[still]
|-fail|p2a: Raging Bolt
|move|p1a: Ogerpon|Encore|p2a: Raging Bolt
|-start|p2a: Raging Bolt|Encore
|
|-damage|p2a: Raging Bolt|14/100|[from] Salt Cure
|upkeep
|turn|11
|
|t:|1776045995
|-end|p2a: Raging Bolt|Protosynthesis|[silent]
|switch|p2a: Dr. Pelipper|Pelipper, M, shiny|100/100
|-damage|p2a: Dr. Pelipper|75/100|[from] Stealth Rock
|-weather|RainDance|[from] ability: Drizzle|[of] p2a: Dr. Pelipper
|move|p1a: Ogerpon|Swords Dance|p1a: Ogerpon
|-boost|p1a: Ogerpon|atk|2
|
|-weather|RainDance|[upkeep]
|upkeep
|turn|12
|
|t:|1776046005
|move|p1a: Ogerpon|Play Rough|p2a: Dr. Pelipper
|-damage|p2a: Dr. Pelipper|19/100
|move|p2a: Dr. Pelipper|U-turn|p1a: Ogerpon
|-supereffective|p1a: Ogerpon
|-damage|p1a: Ogerpon|0 fnt
|faint|p1a: Ogerpon
|
|t:|1776046012
|switch|p2a: Manaphy|Manaphy, shiny|100/100|[from] U-turn
|-damage|p2a: Manaphy|88/100|[from] Stealth Rock
|
|-weather|RainDance|[upkeep]
|upkeep
|
|t:|1776046017
|switch|p1a: Raging Bolt|Raging Bolt|100/100
|-damage|p1a: Raging Bolt|88/100|[from] Stealth Rock
|turn|13
|
|t:|1776046024
|move|p2a: Manaphy|Ice Beam|p1a: Raging Bolt
|-supereffective|p1a: Raging Bolt
|-damage|p1a: Raging Bolt|59/100
|move|p1a: Raging Bolt|Volt Switch|p2a: Manaphy
|-supereffective|p2a: Manaphy
|-damage|p2a: Manaphy|0 fnt
|faint|p2a: Manaphy
|
|t:|1776046031
|-end|p1a: Raging Bolt|Protosynthesis|[silent]
|switch|p1a: Slowking|Slowking-Galar, F|71/100|[from] Volt Switch
|-damage|p1a: Slowking|59/100|[from] Stealth Rock
|
|-weather|RainDance|[upkeep]
|-heal|p1a: Slowking|65/100|[from] item: Black Sludge
|upkeep
|
|t:|1776046052
|switch|p2a: Overqwil|Overqwil, F, shiny|100/100
|-damage|p2a: Overqwil|88/100|[from] Stealth Rock
|turn|14
|
|t:|1776046058
|switch|p1a: Alomomola|Alomomola, F|100/100
|move|p2a: Overqwil|Swords Dance|p2a: Overqwil
|-boost|p2a: Overqwil|atk|2
|
|-weather|RainDance|[upkeep]
|upkeep
|turn|15
|
|t:|1776046068
|move|p2a: Overqwil|Swords Dance|p2a: Overqwil
|-boost|p2a: Overqwil|atk|2
|move|p1a: Alomomola|Wish|p1a: Alomomola
|
|-weather|RainDance|[upkeep]
|upkeep
|turn|16
|
|t:|1776046080
|move|p2a: Overqwil|Gunk Shot|p1a: Alomomola
|-damage|p1a: Alomomola|0 fnt
|faint|p1a: Alomomola
|-damage|p2a: Overqwil|78/100|[from] item: Life Orb
|
|-weather|RainDance|[upkeep]
|upkeep
|
|t:|1776046086
|switch|p1a: Garganacl|Garganacl, F, tera:Water|69/100
|-damage|p1a: Garganacl|56/100|[from] Stealth Rock
|turn|17
|
|t:|1776046102
|move|p2a: Overqwil|Crunch|p1a: Garganacl
|-damage|p1a: Garganacl|0 fnt
|faint|p1a: Garganacl
|-damage|p2a: Overqwil|68/100|[from] item: Life Orb
|
|-weather|RainDance|[upkeep]
|upkeep
|
|t:|1776046114
|switch|p1a: Raging Bolt|Raging Bolt|59/100
|-damage|p1a: Raging Bolt|46/100|[from] Stealth Rock
|turn|18
|
|t:|1776046130
|move|p2a: Overqwil|Crunch|p1a: Raging Bolt
|-damage|p1a: Raging Bolt|0 fnt
|faint|p1a: Raging Bolt
|-end|p1a: Raging Bolt|Protosynthesis|[silent]
|-damage|p2a: Overqwil|58/100|[from] item: Life Orb
|
|-weather|none
|upkeep
|
|t:|1776046136
|switch|p1a: Slowking|Slowking-Galar, F|98/100
|-damage|p1a: Slowking|86/100|[from] Stealth Rock
|turn|19
|c|☆whatisherm3l0n|gg
|
|t:|1776046142
|move|p2a: Overqwil|Crunch|p1a: Slowking
|-supereffective|p1a: Slowking
|-damage|p1a: Slowking|0 fnt
|faint|p1a: Slowking
|-damage|p2a: Overqwil|48/100|[from] item: Life Orb
|
|win|whatisherm3l0n
|raw|VTCLA's rating: 1532 &rarr; <strong>1507</strong><br />(-25 for losing)
|raw|whatisherm3l0n's rating: 1439 &rarr; <strong>1464</strong><br />(+25 for winning)
|l|☆VTCLA
|player|p1|
