|html|<div class="broadcast-blue"><strong>[Gen 9] OU is currently suspecting Volcarona! For information on how to participate check out the <a href="https://www.smogon.com/tools/suspects/view/208">suspect thread</a>.</strong></div>
|j|☆Ayushaw69
|j|☆hyxerin
|t:|1778513051
|gametype|singles
|player|p1|Ayushaw69|ghetsis-gen5bw|1074
|player|p2|hyxerin|hilda|1071
|gen|9
|tier|[Gen 9] OU
|rated|
|rule|HP Percentage Mod: HP is shown in percentages
|rule|Endless Battle Clause: Forcing endless battles is banned
|rule|Species Clause: Limit one of each Pokémon
|rule|OHKO Clause: OHKO moves are banned
|rule|Evasion Items Clause: Evasion items are banned
|rule|Evasion Moves Clause: Evasion moves are banned
|rule|Evasion Abilities Clause: Evasion abilities are banned
|rule|Sleep Moves Clause: Sleep-inducing moves are banned
|clearpoke
|poke|p1|Gliscor, M|
|poke|p1|Grimmsnarl, M|
|poke|p1|Hydreigon, M|
|poke|p1|Exeggutor, M|
|poke|p1|Armarouge, M|
|poke|p1|Clawitzer, M|
|poke|p2|Hydrapple, M|
|poke|p2|Gliscor, M|
|poke|p2|Slowking-Galar, M|
|poke|p2|Cinderace, M|
|poke|p2|Kingambit, M|
|poke|p2|Iron Valiant|
|teampreview
|inactive|Battle timer is ON: inactive players will automatically lose when time's up. (requested by Ayushaw69)
|
|t:|1778513066
|teamsize|p1|6
|teamsize|p2|6
|start
|switch|p1a: Gliscor|Gliscor, M|100/100
|switch|p2a: Slowking|Slowking-Galar, M|100/100
|turn|1
|
|t:|1778513077
|move|p1a: Gliscor|Toxic Spikes|p2a: Slowking
|-sidestart|p2: hyxerin|move: Toxic Spikes
|move|p2a: Slowking|Ice Beam|p1a: Gliscor
|-supereffective|p1a: Gliscor
|-damage|p1a: Gliscor|26/100
|-status|p1a: Gliscor|frz
|
|upkeep
|turn|2
|
|t:|1778513093
|cant|p1a: Gliscor|frz
|move|p2a: Slowking|Whirlpool|p1a: Gliscor
|-supereffective|p1a: Gliscor
|-damage|p1a: Gliscor|12/100 frz
|-activate|p1a: Gliscor|move: Whirlpool|[of] p2a: Slowking
|
|-damage|p1a: Gliscor|0 fnt|[from] move: Whirlpool|[partiallytrapped]
|faint|p1a: Gliscor
|upkeep
|
|t:|1778513111
|switch|p1a: Exeggutor|Exeggutor, M|100/100
|turn|3
|
|t:|1778513128
|move|p1a: Exeggutor|Leech Seed|p2a: Slowking
|-start|p2a: Slowking|move: Leech Seed
|move|p2a: Slowking|Sludge Wave|p1a: Exeggutor
|-supereffective|p1a: Exeggutor
|-damage|p1a: Exeggutor|35/100
|-enditem|p1a: Exeggutor|Sitrus Berry|[eat]
|-heal|p1a: Exeggutor|60/100|[from] item: Sitrus Berry
|
|-damage|p2a: Slowking|88/100|[from] Leech Seed|[of] p1a: Exeggutor
|-heal|p1a: Exeggutor|75/100|[silent]
|upkeep
|turn|4
|
|t:|1778513138
|move|p1a: Exeggutor|Substitute|p1a: Exeggutor
|-start|p1a: Exeggutor|Substitute
|-damage|p1a: Exeggutor|50/100
|move|p2a: Slowking|Sludge Wave|p1a: Exeggutor
|-supereffective|p1a: Exeggutor
|-end|p1a: Exeggutor|Substitute
|
|-damage|p2a: Slowking|76/100|[from] Leech Seed|[of] p1a: Exeggutor
|-heal|p1a: Exeggutor|64/100|[silent]
|-item|p1a: Exeggutor|Sitrus Berry|[from] ability: Harvest
|upkeep
|turn|5
|
|t:|1778513152
|move|p1a: Exeggutor|Substitute|p1a: Exeggutor
|-start|p1a: Exeggutor|Substitute
|-damage|p1a: Exeggutor|39/100
|-enditem|p1a: Exeggutor|Sitrus Berry|[eat]
|-heal|p1a: Exeggutor|64/100|[from] item: Sitrus Berry
|move|p2a: Slowking|Sludge Wave|p1a: Exeggutor
|-supereffective|p1a: Exeggutor
|-end|p1a: Exeggutor|Substitute
|
|-damage|p2a: Slowking|63/100|[from] Leech Seed|[of] p1a: Exeggutor
|-heal|p1a: Exeggutor|79/100|[silent]
|upkeep
|turn|6
|
|t:|1778513174
|move|p1a: Exeggutor|Substitute|p1a: Exeggutor
|-start|p1a: Exeggutor|Substitute
|-damage|p1a: Exeggutor|54/100
|move|p2a: Slowking|Sludge Wave|p1a: Exeggutor
|-supereffective|p1a: Exeggutor
|-end|p1a: Exeggutor|Substitute
|
|-damage|p2a: Slowking|51/100|[from] Leech Seed|[of] p1a: Exeggutor
|-heal|p1a: Exeggutor|69/100|[silent]
|upkeep
|turn|7
|inactive|hyxerin has 120 seconds left.
|
|t:|1778513196
|switch|p2a: Hydrapple|Hydrapple, M, shiny|100/100
|-status|p2a: Hydrapple|psn
|move|p1a: Exeggutor|Substitute|p1a: Exeggutor
|-start|p1a: Exeggutor|Substitute
|-damage|p1a: Exeggutor|44/100
|
|-damage|p2a: Hydrapple|88/100 psn|[from] psn
|-item|p1a: Exeggutor|Sitrus Berry|[from] ability: Harvest
|upkeep
|-enditem|p1a: Exeggutor|Sitrus Berry|[eat]
|-heal|p1a: Exeggutor|69/100|[from] item: Sitrus Berry
|turn|8
|inactive|hyxerin has 120 seconds left.
|
|t:|1778513212
|move|p1a: Exeggutor|Sludge Bomb|p2a: Hydrapple
|-supereffective|p2a: Hydrapple
|-damage|p2a: Hydrapple|40/100 psn
|move|p2a: Hydrapple|Earth Power|p1a: Exeggutor
|-resisted|p1a: Exeggutor
|-activate|p1a: Exeggutor|move: Substitute|[damage]
|-damage|p2a: Hydrapple|31/100 psn|[from] item: Life Orb
|
|-damage|p2a: Hydrapple|18/100 psn|[from] psn
|upkeep
|turn|9
|inactive|hyxerin has 120 seconds left.
|
|t:|1778513228
|switch|p2a: Cinderace|Cinderace, M|100/100
|move|p1a: Exeggutor|Sludge Bomb|p2a: Cinderace
|-damage|p2a: Cinderace|65/100
|
|-item|p1a: Exeggutor|Sitrus Berry|[from] ability: Harvest
|upkeep
|turn|10
|
|t:|1778513238
|move|p2a: Cinderace|Pyro Ball|p1a: Exeggutor
|-supereffective|p1a: Exeggutor
|-end|p1a: Exeggutor|Substitute
|move|p1a: Exeggutor|Leech Seed|p2a: Cinderace
|-start|p2a: Cinderace|move: Leech Seed
|
|-damage|p2a: Cinderace|53/100|[from] Leech Seed|[of] p1a: Exeggutor
|-heal|p1a: Exeggutor|80/100|[silent]
|upkeep
|turn|11
|
|t:|1778513249
|move|p2a: Cinderace|U-turn|p1a: Exeggutor
|-start|p2a: Cinderace|typechange|Bug|[from] ability: Libero
|-supereffective|p1a: Exeggutor
|-damage|p1a: Exeggutor|0 fnt
|faint|p1a: Exeggutor
|
|t:|1778513255
|switch|p2a: Slowking|Slowking-Galar, M|84/100|[from] U-turn
|-sideend|p2: hyxerin|move: Toxic Spikes|[of] p2a: Slowking
|
|upkeep
|
|t:|1778513271
|switch|p1a: Grimmsnarl|Grimmsnarl, M|100/100
|turn|12
|
|t:|1778513282
|move|p1a: Grimmsnarl|Light Screen|p1a: Grimmsnarl
|-sidestart|p1: Ayushaw69|move: Light Screen
|move|p2a: Slowking|Sludge Wave|p1a: Grimmsnarl
|-supereffective|p1a: Grimmsnarl
|-damage|p1a: Grimmsnarl|63/100
|
|upkeep
|turn|13
|
|t:|1778513300
|move|p1a: Grimmsnarl|Parting Shot|p2a: Slowking
|-unboost|p2a: Slowking|atk|1
|-unboost|p2a: Slowking|spa|1
|
|t:|1778513309
|switch|p1a: Hydreigon|Hydreigon, M|100/100|[from] Parting Shot
|move|p2a: Slowking|Sludge Wave|p1a: Hydreigon
|-damage|p1a: Hydreigon|87/100
|
|upkeep
|turn|14
|
|t:|1778513328
|move|p1a: Hydreigon|Focus Energy|p1a: Hydreigon
|-start|p1a: Hydreigon|move: Focus Energy
|move|p2a: Slowking|Whirlpool|p1a: Hydreigon
|-resisted|p1a: Hydreigon
|-damage|p1a: Hydreigon|85/100
|-activate|p1a: Hydreigon|move: Whirlpool|[of] p2a: Slowking
|
|-damage|p1a: Hydreigon|73/100|[from] move: Whirlpool|[partiallytrapped]
|upkeep
|turn|15
|
|t:|1778513339
|move|p1a: Hydreigon|Dark Pulse|p2a: Slowking
|-supereffective|p2a: Slowking
|-crit|p2a: Slowking
|-damage|p2a: Slowking|18/100
|cant|p2a: Slowking|flinch
|
|-damage|p1a: Hydreigon|61/100|[from] move: Whirlpool|[partiallytrapped]
|upkeep
|turn|16
|inactive|hyxerin has 120 seconds left.
|
|t:|1778513366
|switch|p2a: Iron Valiant|Iron Valiant|100/100
|-enditem|p2a: Iron Valiant|Booster Energy
|-activate|p2a: Iron Valiant|ability: Quark Drive|[fromitem]
|-start|p2a: Iron Valiant|quarkdrivespe
|move|p1a: Hydreigon|Dark Pulse|p2a: Iron Valiant
|-resisted|p2a: Iron Valiant
|-crit|p2a: Iron Valiant
|-damage|p2a: Iron Valiant|68/100
|
|-end|p1a: Hydreigon|Whirlpool|[partiallytrapped]|[silent]
|upkeep
|turn|17
|
|t:|1778513381
|move|p2a: Iron Valiant|Moonblast|p1a: Hydreigon
|-supereffective|p1a: Hydreigon
|-damage|p1a: Hydreigon|0 fnt
|faint|p1a: Hydreigon
|
|upkeep
|
|t:|1778513397
|switch|p1a: Grimmsnarl|Grimmsnarl, M|63/100
|turn|18
|
|t:|1778513407
|move|p1a: Grimmsnarl|Parting Shot|p2a: Iron Valiant
|-unboost|p2a: Iron Valiant|atk|1
|-unboost|p2a: Iron Valiant|spa|1
|
|t:|1778513411
|switch|p1a: Armarouge|Armarouge, M|100/100|[from] Parting Shot
|move|p2a: Iron Valiant|Close Combat|p1a: Armarouge
|-resisted|p1a: Armarouge
|-damage|p1a: Armarouge|84/100
|-unboost|p2a: Iron Valiant|def|1
|-unboost|p2a: Iron Valiant|spd|1
|
|upkeep
|turn|19
|
|t:|1778513431
|move|p2a: Iron Valiant|Destiny Bond|p2a: Iron Valiant
|-singlemove|p2a: Iron Valiant|Destiny Bond
|move|p1a: Armarouge|Trick Room|p1a: Armarouge
|-fieldstart|move: Trick Room|[of] p1a: Armarouge
|-enditem|p1a: Armarouge|Room Service
|-unboost|p1a: Armarouge|spe|1|[from] item: Room Service
|
|-sideend|p1: Ayushaw69|move: Light Screen
|upkeep
|turn|20
|inactive|hyxerin has 120 seconds left.
|
|t:|1778513456
|-end|p2a: Iron Valiant|Quark Drive|[silent]
|switch|p2a: Slowking|Slowking-Galar, M|51/100
|move|p1a: Armarouge|Armor Cannon|p2a: Slowking
|-damage|p2a: Slowking|20/100
|-unboost|p1a: Armarouge|def|1
|-unboost|p1a: Armarouge|spd|1
|
|upkeep
|turn|21
|inactive|hyxerin has 120 seconds left.
|
|t:|1778513468
|move|p1a: Armarouge|Psychic|p2a: Slowking
|-damage|p2a: Slowking|0 fnt
|faint|p2a: Slowking
|
|upkeep
|inactive|hyxerin has 120 seconds left.
|
|t:|1778513494
|switch|p2a: Hydrapple|Hydrapple, M, shiny|52/100 psn
|turn|22
|inactive|hyxerin has 90 seconds left.
|
|t:|1778513516
|move|p1a: Armarouge|Armor Cannon|p2a: Hydrapple
|-damage|p2a: Hydrapple|0 fnt
|-unboost|p1a: Armarouge|def|1
|-unboost|p1a: Armarouge|spd|1
|faint|p2a: Hydrapple
|
|upkeep
|inactive|hyxerin has 90 seconds left.
|
|t:|1778513524
|switch|p2a: Gliscor|Gliscor, M|100/100
|turn|23
|
|t:|1778513540
|move|p2a: Gliscor|Protect|p2a: Gliscor
|-singleturn|p2a: Gliscor|Protect
|move|p1a: Armarouge|Armor Cannon|p2a: Gliscor
|-activate|p2a: Gliscor|move: Protect
|
|-fieldend|move: Trick Room
|-status|p2a: Gliscor|tox|[from] item: Toxic Orb
|upkeep
|turn|24
|
|t:|1778513553
|move|p2a: Gliscor|Earthquake|p1a: Armarouge
|-supereffective|p1a: Armarouge
|-damage|p1a: Armarouge|0 fnt
|faint|p1a: Armarouge
|
|upkeep
|
|t:|1778513560
|switch|p1a: Grimmsnarl|Grimmsnarl, M|63/100
|turn|25
|
|t:|1778513567
|move|p1a: Grimmsnarl|Reflect|p1a: Grimmsnarl
|-sidestart|p1: Ayushaw69|Reflect
|move|p2a: Gliscor|Earthquake|p1a: Grimmsnarl
|-damage|p1a: Grimmsnarl|41/100
|
|upkeep
|turn|26
|
|t:|1778513579
|move|p2a: Gliscor|Swords Dance|p2a: Gliscor
|-boost|p2a: Gliscor|atk|2
|move|p1a: Grimmsnarl|Spirit Break|p2a: Gliscor
|-damage|p2a: Gliscor|72/100 tox
|-unboost|p2a: Gliscor|spa|1
|
|-heal|p2a: Gliscor|84/100 tox|[from] ability: Poison Heal
|upkeep
|turn|27
|
|t:|1778513590
|move|p1a: Grimmsnarl|Parting Shot|p2a: Gliscor
|-unboost|p2a: Gliscor|atk|1
|-unboost|p2a: Gliscor|spa|1
|
|t:|1778513594
|switch|p1a: Clawitzer|Clawitzer, M|100/100|[from] Parting Shot
|move|p2a: Gliscor|Swords Dance|p2a: Gliscor
|-boost|p2a: Gliscor|atk|2
|
|-heal|p2a: Gliscor|96/100 tox|[from] ability: Poison Heal
|upkeep
|turn|28
|inactive|hyxerin has 120 seconds left.
|
|t:|1778513607
|move|p2a: Gliscor|Earthquake|p1a: Clawitzer
|-damage|p1a: Clawitzer|39/100
|move|p1a: Clawitzer|Water Pulse|p2a: Gliscor
|-supereffective|p2a: Gliscor
|-damage|p2a: Gliscor|0 fnt
|faint|p2a: Gliscor
|
|upkeep
|inactive|hyxerin has 120 seconds left.
|
|t:|1778513635
|switch|p2a: Iron Valiant|Iron Valiant|68/100
|turn|29
|
|t:|1778513644
|move|p2a: Iron Valiant|Moonblast|p1a: Clawitzer
|-damage|p1a: Clawitzer|0 fnt
|faint|p1a: Clawitzer
|
|upkeep
|
|t:|1778513651
|switch|p1a: Grimmsnarl|Grimmsnarl, M|41/100
|turn|30
|
|t:|1778513658
|move|p1a: Grimmsnarl|Light Screen|p1a: Grimmsnarl
|-sidestart|p1: Ayushaw69|move: Light Screen
|move|p2a: Iron Valiant|Moonblast|p1a: Grimmsnarl
|-supereffective|p1a: Grimmsnarl
|-damage|p1a: Grimmsnarl|0 fnt
|faint|p1a: Grimmsnarl
|
|win|hyxerin
|raw|Ayushaw69's rating: 1074 &rarr; <strong>1053</strong><br />(-21 for losing)
|raw|hyxerin's rating: 1071 &rarr; <strong>1101</strong><br />(+30 for winning)
|c|☆hyxerin|it was a nice game
|l|☆Ayushaw69
|player|p1|
