|html|<div class="broadcast-blue"><strong>[Gen 9] OU is currently suspecting Tera Blast! For information on how to participate check out the <a href="https://www.smogon.com/tools/suspects/view/200">suspect thread</a>.</strong></div>
|j|☆GoyEmpereor
|j|☆spudcutter
|t:|1776068650
|gametype|singles
|player|p1|GoyEmpereor|101|1661
|player|p2|spudcutter|ghetsis-gen5bw|1642
|gen|9
|tier|[Gen 9] OU
|rated|
|rule|HP Percentage Mod: HP is shown in percentages
|rule|Endless Battle Clause: Forcing endless battles is banned
|rule|Species Clause: Limit one of each Pokémon
|rule|OHKO Clause: OHKO moves are banned
|rule|Evasion Items Clause: Evasion items are banned
|rule|Evasion Moves Clause: Evasion moves are banned
|rule|Evasion Abilities Clause: Evasion abilities are banned
|rule|Sleep Moves Clause: Sleep-inducing moves are banned
|clearpoke
|poke|p1|Heatran, F|
|poke|p1|Pecharunt|
|poke|p1|Zamazenta-*|
|poke|p1|Clefable, M|
|poke|p1|Ting-Lu|
|poke|p1|Dragonite, F|
|poke|p2|Tyranitar, F|
|poke|p2|Deoxys-Speed|
|poke|p2|Slowking-Galar, F|
|poke|p2|Great Tusk|
|poke|p2|Raging Bolt|
|poke|p2|Dondozo, M|
|teampreview
|inactive|Battle timer is ON: inactive players will automatically lose when time's up. (requested by spudcutter)
|
|t:|1776068670
|teamsize|p1|6
|teamsize|p2|6
|start
|switch|p1a: Ting-Lu|Ting-Lu|100/100
|switch|p2a: Tyranitar|Tyranitar, F|100/100
|-weather|Sandstorm|[from] ability: Sand Stream|[of] p2a: Tyranitar
|-ability|p1a: Ting-Lu|Vessel of Ruin
|turn|1
|
|t:|1776068676
|switch|p1a: Clefable|Clefable, M|100/100
|move|p2a: Tyranitar|Knock Off|p1a: Clefable
|-resisted|p1a: Clefable
|-damage|p1a: Clefable|77/100
|-enditem|p1a: Clefable|Leftovers|[from] move: Knock Off|[of] p2a: Tyranitar
|
|-weather|Sandstorm|[upkeep]
|upkeep
|turn|2
|
|t:|1776068684
|move|p2a: Tyranitar|Iron Head|p1a: Clefable
|-supereffective|p1a: Clefable
|-crit|p1a: Clefable
|-damage|p1a: Clefable|2/100
|cant|p1a: Clefable|flinch
|
|-weather|Sandstorm|[upkeep]
|upkeep
|turn|3
|
|t:|1776068691
|switch|p1a: Pecharunt|Pecharunt|100/100
|move|p2a: Tyranitar|Knock Off|p1a: Pecharunt
|-supereffective|p1a: Pecharunt
|-damage|p1a: Pecharunt|47/100
|-enditem|p1a: Pecharunt|Heavy-Duty Boots|[from] move: Knock Off|[of] p2a: Tyranitar
|
|-weather|Sandstorm|[upkeep]
|-damage|p1a: Pecharunt|41/100|[from] Sandstorm
|upkeep
|turn|4
|
|t:|1776068694
|move|p1a: Pecharunt|Recover|p1a: Pecharunt
|-heal|p1a: Pecharunt|91/100
|move|p2a: Tyranitar|Knock Off|p1a: Pecharunt
|-supereffective|p1a: Pecharunt
|-damage|p1a: Pecharunt|58/100
|
|-weather|Sandstorm|[upkeep]
|-damage|p1a: Pecharunt|52/100|[from] Sandstorm
|upkeep
|turn|5
|
|t:|1776068696
|switch|p2a: Great Tusk|Great Tusk|100/100
|move|p1a: Pecharunt|Toxic|p2a: Great Tusk
|-status|p2a: Great Tusk|tox
|-start|p2a: Great Tusk|confusion|[from] ability: Poison Puppeteer|[of] p1a: Pecharunt
|
|-weather|none
|-damage|p2a: Great Tusk|94/100 tox|[from] psn
|upkeep
|turn|6
|
|t:|1776068702
|switch|p1a: Dragonite|Dragonite, F|100/100
|-activate|p2a: Great Tusk|confusion
|move|p2a: Great Tusk|Stealth Rock|p1a: Dragonite
|-sidestart|p1: GoyEmpereor|move: Stealth Rock
|
|-heal|p2a: Great Tusk|100/100 tox|[from] item: Leftovers
|-damage|p2a: Great Tusk|88/100 tox|[from] psn
|upkeep
|turn|7
|
|t:|1776068708
|-end|p2a: Great Tusk|Protosynthesis|[silent]
|switch|p2a: Dondozo|Dondozo, M|100/100
|switch|p1a: Zamazenta|Zamazenta|100/100
|-ability|p1a: Zamazenta|Dauntless Shield|boost
|-boost|p1a: Zamazenta|def|1
|
|upkeep
|turn|8
|
|t:|1776068713
|switch|p1a: Pecharunt|Pecharunt|52/100
|-damage|p1a: Pecharunt|39/100|[from] Stealth Rock
|move|p2a: Dondozo|Waterfall|p1a: Pecharunt
|-damage|p1a: Pecharunt|27/100
|
|upkeep
|turn|9
|
|t:|1776068716
|switch|p2a: Deoxys|Deoxys-Speed|100/100
|-ability|p2a: Deoxys|Pressure
|move|p1a: Pecharunt|Recover|p1a: Pecharunt
|-heal|p1a: Pecharunt|77/100
|
|upkeep
|turn|10
|
|t:|1776068720
|move|p2a: Deoxys|Psycho Boost|p1a: Pecharunt
|-supereffective|p1a: Pecharunt
|-damage|p1a: Pecharunt|0 fnt
|-unboost|p2a: Deoxys|spa|2
|faint|p1a: Pecharunt
|-damage|p2a: Deoxys|91/100|[from] item: Life Orb
|
|upkeep
|
|t:|1776068723
|switch|p1a: Heatran|Heatran, F|100/100
|-damage|p1a: Heatran|88/100|[from] Stealth Rock
|turn|11
|
|t:|1776068726
|move|p2a: Deoxys|Superpower|p1a: Heatran
|-supereffective|p1a: Heatran
|-crit|p1a: Heatran
|-damage|p1a: Heatran|0 fnt
|-unboost|p2a: Deoxys|atk|1
|-unboost|p2a: Deoxys|def|1
|-status|p2a: Deoxys|brn|[from] ability: Flame Body|[of] p1a: Heatran
|faint|p1a: Heatran
|-damage|p2a: Deoxys|81/100 brn|[from] item: Life Orb
|
|-damage|p2a: Deoxys|74/100 brn|[from] brn
|upkeep
|-message|GoyEmpereor forfeited.
|
|win|spudcutter
|raw|GoyEmpereor's rating: 1661 &rarr; <strong>1640</strong><br />(-21 for losing)
|raw|spudcutter's rating: 1642 &rarr; <strong>1663</strong><br />(+21 for winning)
|l|☆GoyEmpereor
|player|p1|
|l|☆spudcutter
|player|p2|
