|html|<div class="broadcast-blue"><strong>[Gen 9] OU is currently suspecting Tera Blast! For information on how to participate check out the <a href="https://www.smogon.com/tools/suspects/view/200">suspect thread</a>.</strong></div>
|j|☆sandokan3000
|j|☆leon067!
|t:|1776286291
|gametype|singles
|player|p1|sandokan3000|brycen|1010
|player|p2|leon067!|2|1019
|gen|9
|tier|[Gen 9] OU
|rated|
|rule|HP Percentage Mod: HP is shown in percentages
|rule|Endless Battle Clause: Forcing endless battles is banned
|rule|Species Clause: Limit one of each Pokémon
|rule|OHKO Clause: OHKO moves are banned
|rule|Evasion Items Clause: Evasion items are banned
|rule|Evasion Moves Clause: Evasion moves are banned
|rule|Evasion Abilities Clause: Evasion abilities are banned
|rule|Sleep Moves Clause: Sleep-inducing moves are banned
|clearpoke
|poke|p1|Dragapult, M|
|poke|p1|Gholdengo|
|poke|p1|Ceruledge, F|
|poke|p1|Skeledirge, F|
|poke|p1|Brambleghast, F|
|poke|p1|Pecharunt|
|poke|p2|Tyranitar, M|
|poke|p2|Excadrill, M|
|poke|p2|Rotom-Wash|
|poke|p2|Kingambit, M|
|poke|p2|Iron Valiant|
|poke|p2|Landorus-Therian, M|
|teampreview
|
|t:|1776286299
|teamsize|p1|6
|teamsize|p2|6
|start
|switch|p1a: Brambleghast|Brambleghast, F|100/100
|switch|p2a: Landorus|Landorus-Therian, M, shiny|100/100
|-ability|p2a: Landorus|Intimidate|boost
|-unboost|p1a: Brambleghast|atk|1
|turn|1
|
|t:|1776286310
|move|p1a: Brambleghast|Spikes|p2a: Landorus
|-sidestart|p2: leon067!|Spikes
|move|p2a: Landorus|Stealth Rock|p1a: Brambleghast
|-sidestart|p1: sandokan3000|move: Stealth Rock
|
|upkeep
|turn|2
|
|t:|1776286315
|move|p1a: Brambleghast|Spikes|p2a: Landorus
|-sidestart|p2: leon067!|Spikes
|move|p2a: Landorus|Earthquake|p1a: Brambleghast
|-resisted|p1a: Brambleghast
|-damage|p1a: Brambleghast|50/100
|
|upkeep
|turn|3
|
|t:|1776286324
|move|p1a: Brambleghast|Rapid Spin|p2a: Landorus
|-damage|p2a: Landorus|92/100
|-boost|p1a: Brambleghast|spe|1
|-sideend|p1: sandokan3000|Stealth Rock|[from] move: Rapid Spin|[of] p1a: Brambleghast
|move|p2a: Landorus|Earthquake|p1a: Brambleghast
|-resisted|p1a: Brambleghast
|-damage|p1a: Brambleghast|1/100
|
|-heal|p2a: Landorus|98/100|[from] item: Leftovers
|upkeep
|turn|4
|
|t:|1776286345
|switch|p1a: Dragapult|Dragapult, M|100/100
|move|p2a: Landorus|U-turn|p1a: Dragapult
|-resisted|p1a: Dragapult
|-damage|p1a: Dragapult|85/100
|
|t:|1776286356
|switch|p2a: Iron Valiant|Iron Valiant|100/100|[from] U-turn
|-damage|p2a: Iron Valiant|84/100|[from] Spikes
|-enditem|p2a: Iron Valiant|Booster Energy
|-activate|p2a: Iron Valiant|ability: Quark Drive|[fromitem]
|-start|p2a: Iron Valiant|quarkdrivespe
|
|-heal|p1a: Dragapult|91/100|[from] item: Leftovers
|upkeep
|turn|5
|
|t:|1776286370
|-terastallize|p2a: Iron Valiant|Fairy
|move|p2a: Iron Valiant|Moonblast|p1a: Dragapult
|-supereffective|p1a: Dragapult
|-damage|p1a: Dragapult|0 fnt
|faint|p1a: Dragapult
|
|upkeep
|
|t:|1776286375
|switch|p1a: Gholdengo|Gholdengo|100/100
|-item|p1a: Gholdengo|Air Balloon
|turn|6
|
|t:|1776286383
|move|p2a: Iron Valiant|Close Combat|p1a: Gholdengo
|-immune|p1a: Gholdengo
|move|p1a: Gholdengo|Make It Rain|p2a: Iron Valiant
|-supereffective|p2a: Iron Valiant
|-damage|p2a: Iron Valiant|0 fnt
|-unboost|p1a: Gholdengo|spa|1
|faint|p2a: Iron Valiant
|-end|p2a: Iron Valiant|Quark Drive|[silent]
|
|upkeep
|
|t:|1776286407
|switch|p2a: Rotom|Rotom-Wash|100/100
|turn|7
|
|t:|1776286415
|move|p2a: Rotom|Will-O-Wisp|p1a: Gholdengo
|-immune|p1a: Gholdengo|[from] ability: Good as Gold
|move|p1a: Gholdengo|Nasty Plot|p1a: Gholdengo
|-boost|p1a: Gholdengo|spa|2
|
|upkeep
|turn|8
|
|t:|1776286423
|move|p2a: Rotom|Hydro Pump|p1a: Gholdengo
|-damage|p1a: Gholdengo|53/100
|-enditem|p1a: Gholdengo|Air Balloon
|move|p1a: Gholdengo|Shadow Ball|p2a: Rotom
|-damage|p2a: Rotom|12/100
|
|-heal|p2a: Rotom|18/100|[from] item: Leftovers
|upkeep
|turn|9
|
|t:|1776286434
|move|p2a: Rotom|Pain Split|p1a: Gholdengo
|-immune|p1a: Gholdengo|[from] ability: Good as Gold
|move|p1a: Gholdengo|Shadow Ball|p2a: Rotom
|-damage|p2a: Rotom|0 fnt
|faint|p2a: Rotom
|
|upkeep
|
|t:|1776286446
|switch|p2a: Tyranitar|Tyranitar, M, shiny|100/100
|-damage|p2a: Tyranitar|84/100|[from] Spikes
|-weather|Sandstorm|[from] ability: Sand Stream|[of] p2a: Tyranitar
|turn|10
|
|t:|1776286478
|-terastallize|p1a: Gholdengo|Steel
|move|p1a: Gholdengo|Make It Rain|p2a: Tyranitar
|-supereffective|p2a: Tyranitar
|-damage|p2a: Tyranitar|0 fnt
|-unboost|p1a: Gholdengo|spa|1
|faint|p2a: Tyranitar
|
|-weather|Sandstorm|[upkeep]
|upkeep
|
|t:|1776286491
|switch|p2a: Excadrill|Excadrill, M, shiny|100/100
|-damage|p2a: Excadrill|84/100|[from] Spikes
|turn|11
|
|t:|1776286499
|move|p2a: Excadrill|Rock Slide|p1a: Gholdengo|[miss]
|-miss|p2a: Excadrill|p1a: Gholdengo
|move|p1a: Gholdengo|Shadow Ball|p2a: Excadrill
|-damage|p2a: Excadrill|30/100
|
|-weather|Sandstorm|[upkeep]
|-heal|p2a: Excadrill|36/100|[from] item: Leftovers
|upkeep
|turn|12
|
|t:|1776286513
|move|p2a: Excadrill|Earthquake|p1a: Gholdengo
|-supereffective|p1a: Gholdengo
|-damage|p1a: Gholdengo|0 fnt
|faint|p1a: Gholdengo
|
|-weather|Sandstorm|[upkeep]
|-heal|p2a: Excadrill|42/100|[from] item: Leftovers
|upkeep
|
|t:|1776286533
|switch|p1a: Skeledirge|Skeledirge, F|100/100
|turn|13
|
|t:|1776286542
|move|p2a: Excadrill|Earthquake|p1a: Skeledirge
|-supereffective|p1a: Skeledirge
|-damage|p1a: Skeledirge|41/100
|move|p1a: Skeledirge|Torch Song|p2a: Excadrill
|-supereffective|p2a: Excadrill
|-damage|p2a: Excadrill|0 fnt
|-boost|p1a: Skeledirge|spa|1
|faint|p2a: Excadrill
|
|-weather|Sandstorm|[upkeep]
|-damage|p1a: Skeledirge|35/100|[from] Sandstorm
|-heal|p1a: Skeledirge|41/100|[from] item: Leftovers
|upkeep
|
|t:|1776286559
|switch|p2a: Landorus|Landorus-Therian, M, shiny|98/100
|-ability|p2a: Landorus|Intimidate|boost
|-unboost|p1a: Skeledirge|atk|1
|turn|14
|
|t:|1776286574
|switch|p1a: Pecharunt|Pecharunt|100/100
|move|p2a: Landorus|Earthquake|p1a: Pecharunt
|-supereffective|p1a: Pecharunt
|-damage|p1a: Pecharunt|48/100
|
|-weather|none
|-heal|p2a: Landorus|100/100|[from] item: Leftovers
|upkeep
|turn|15
|
|t:|1776286584
|move|p2a: Landorus|Earthquake|p1a: Pecharunt
|-supereffective|p1a: Pecharunt
|-damage|p1a: Pecharunt|1/100
|move|p1a: Pecharunt|Malignant Chain|p2a: Landorus
|-resisted|p2a: Landorus
|-damage|p2a: Landorus|83/100
|
|-heal|p2a: Landorus|89/100|[from] item: Leftovers
|upkeep
|turn|16
|
|t:|1776286594
|switch|p1a: Ceruledge|Ceruledge, F|100/100
|move|p2a: Landorus|Earthquake|p1a: Ceruledge
|-supereffective|p1a: Ceruledge
|-damage|p1a: Ceruledge|0 fnt
|faint|p1a: Ceruledge
|
|-heal|p2a: Landorus|95/100|[from] item: Leftovers
|upkeep
|
|t:|1776286600
|switch|p1a: Pecharunt|Pecharunt|1/100
|turn|17
|
|t:|1776286609
|move|p2a: Landorus|Earthquake|p1a: Pecharunt
|-supereffective|p1a: Pecharunt
|-damage|p1a: Pecharunt|0 fnt
|faint|p1a: Pecharunt
|
|-heal|p2a: Landorus|100/100|[from] item: Leftovers
|upkeep
|
|t:|1776286612
|switch|p1a: Brambleghast|Brambleghast, F|1/100
|turn|18
|
|t:|1776286620
|move|p1a: Brambleghast|Strength Sap|p2a: Landorus
|-unboost|p2a: Landorus|atk|1
|-heal|p1a: Brambleghast|100/100
|move|p2a: Landorus|Earthquake|p1a: Brambleghast
|-resisted|p1a: Brambleghast
|-damage|p1a: Brambleghast|69/100
|
|upkeep
|turn|19
|
|t:|1776286631
|move|p1a: Brambleghast|Power Whip|p2a: Landorus|[miss]
|-miss|p1a: Brambleghast|p2a: Landorus
|move|p2a: Landorus|Stone Edge|p1a: Brambleghast
|-crit|p1a: Brambleghast
|-damage|p1a: Brambleghast|0 fnt
|faint|p1a: Brambleghast
|
|upkeep
|
|t:|1776286633
|switch|p1a: Skeledirge|Skeledirge, F|41/100
|turn|20
|
|t:|1776286645
|move|p2a: Landorus|Earthquake|p1a: Skeledirge
|-supereffective|p1a: Skeledirge
|-crit|p1a: Skeledirge
|-damage|p1a: Skeledirge|0 fnt
|faint|p1a: Skeledirge
|
|win|leon067!
|raw|sandokan3000's rating: 1010 &rarr; <strong>1000</strong><br />(-10 for losing)
|raw|leon067!'s rating: 1019 &rarr; <strong>1055</strong><br />(+36 for winning)
