|html|<div class="broadcast-blue"><strong>[Gen 9] OU is currently suspecting Tera Blast! For information on how to participate check out the <a href="https://www.smogon.com/tools/suspects/view/200">suspect thread</a>.</strong></div>
|j|☆Noodlezzzzzzzz
|j|☆alexk45
|t:|1776076412
|gametype|singles
|player|p1|Noodlezzzzzzzz|pokekid|1306
|player|p2|alexk45|101|1288
|gen|9
|tier|[Gen 9] OU
|rated|
|rule|HP Percentage Mod: HP is shown in percentages
|rule|Endless Battle Clause: Forcing endless battles is banned
|rule|Species Clause: Limit one of each Pokémon
|rule|OHKO Clause: OHKO moves are banned
|rule|Evasion Items Clause: Evasion items are banned
|rule|Evasion Moves Clause: Evasion moves are banned
|rule|Evasion Abilities Clause: Evasion abilities are banned
|rule|Sleep Moves Clause: Sleep-inducing moves are banned
|clearpoke
|poke|p1|Alomomola, M|
|poke|p1|Porygon-Z|
|poke|p1|Landorus-Therian, M|
|poke|p1|Ogerpon-Wellspring, F|
|poke|p1|Polteageist|
|poke|p1|Dondozo, F|
|poke|p2|Pelipper, F|
|poke|p2|Raging Bolt|
|poke|p2|Overqwil, F|
|poke|p2|Barraskewda, M|
|poke|p2|Iron Treads|
|poke|p2|Kingambit, M|
|teampreview
|
|t:|1776076425
|teamsize|p1|6
|teamsize|p2|6
|start
|switch|p1a: Landorus|Landorus-Therian, M|100/100
|switch|p2a: Pelipper|Pelipper, F, shiny|100/100
|-ability|p1a: Landorus|Intimidate|boost
|-unboost|p2a: Pelipper|atk|1
|-weather|RainDance|[from] ability: Drizzle|[of] p2a: Pelipper
|turn|1
|
|t:|1776076434
|move|p1a: Landorus|Rock Slide|p2a: Pelipper|[miss]
|-miss|p1a: Landorus|p2a: Pelipper
|move|p2a: Pelipper|U-turn|p1a: Landorus
|-resisted|p1a: Landorus
|-damage|p1a: Landorus|97/100
|
|t:|1776076442
|switch|p2a: Barraskewda|Barraskewda, M, shiny|100/100|[from] U-turn
|
|-weather|RainDance|[upkeep]
|-heal|p1a: Landorus|100/100|[from] item: Leftovers
|upkeep
|turn|2
|
|t:|1776076455
|switch|p1a: Alomomola|Alomomola, M|100/100
|move|p2a: Barraskewda|Close Combat|p1a: Alomomola
|-damage|p1a: Alomomola|63/100
|-unboost|p2a: Barraskewda|def|1
|-unboost|p2a: Barraskewda|spd|1
|-damage|p2a: Barraskewda|91/100|[from] item: Life Orb
|
|-weather|RainDance|[upkeep]
|upkeep
|turn|3
|
|t:|1776076464
|move|p2a: Barraskewda|Flip Turn|p1a: Alomomola
|-resisted|p1a: Alomomola
|-damage|p1a: Alomomola|40/100
|-damage|p2a: Barraskewda|81/100|[from] item: Life Orb
|
|t:|1776076469
|switch|p2a: Overqwil|Overqwil, F, shiny|100/100|[from] Flip Turn
|move|p1a: Alomomola|Tickle|p2a: Overqwil
|-unboost|p2a: Overqwil|atk|1
|-unboost|p2a: Overqwil|def|1
|
|-weather|RainDance|[upkeep]
|upkeep
|turn|4
|
|t:|1776076477
|move|p2a: Overqwil|Swords Dance|p2a: Overqwil
|-boost|p2a: Overqwil|atk|2
|move|p1a: Alomomola|Flip Turn|p2a: Overqwil
|-damage|p2a: Overqwil|55/100
|
|t:|1776076486
|switch|p1a: Landorus|Landorus-Therian, M|100/100|[from] Flip Turn
|-ability|p1a: Landorus|Intimidate|boost
|-unboost|p2a: Overqwil|atk|1
|
|-weather|RainDance|[upkeep]
|upkeep
|turn|5
|
|t:|1776076496
|move|p2a: Overqwil|Liquidation|p1a: Landorus
|-supereffective|p1a: Landorus
|-damage|p1a: Landorus|0 fnt
|faint|p1a: Landorus
|-damage|p2a: Overqwil|45/100|[from] item: Life Orb
|
|-weather|RainDance|[upkeep]
|upkeep
|
|t:|1776076507
|switch|p1a: Ogerpon|Ogerpon-Wellspring, F|100/100
|turn|6
|
|t:|1776076512
|switch|p1a: Alomomola|Alomomola, M|73/100
|move|p2a: Overqwil|Gunk Shot|p1a: Alomomola|[miss]
|-miss|p2a: Overqwil|p1a: Alomomola
|
|-weather|RainDance|[upkeep]
|upkeep
|turn|7
|
|t:|1776076526
|move|p2a: Overqwil|Gunk Shot|p1a: Alomomola
|-damage|p1a: Alomomola|22/100
|-status|p1a: Alomomola|psn
|-damage|p2a: Overqwil|36/100|[from] item: Life Orb
|move|p1a: Alomomola|Flip Turn|p2a: Overqwil
|-damage|p2a: Overqwil|0 fnt
|faint|p2a: Overqwil
|
|t:|1776076533
|switch|p1a: Ogerpon|Ogerpon-Wellspring, F|100/100|[from] Flip Turn
|
|-weather|RainDance|[upkeep]
|upkeep
|
|t:|1776076538
|switch|p2a: Raging Bolt|Raging Bolt|100/100
|-enditem|p2a: Raging Bolt|Booster Energy
|-activate|p2a: Raging Bolt|ability: Protosynthesis|[fromitem]
|-start|p2a: Raging Bolt|protosynthesisspa
|turn|8
|
|t:|1776076548
|switch|p1a: Polteageist|Polteageist|100/100
|move|p2a: Raging Bolt|Thunder|p1a: Polteageist
|-damage|p1a: Polteageist|3/100
|-status|p1a: Polteageist|par
|
|-weather|none
|upkeep
|turn|9
|
|t:|1776076559
|move|p2a: Raging Bolt|Thunderclap|p1a: Polteageist
|-damage|p1a: Polteageist|0 fnt
|faint|p1a: Polteageist
|
|upkeep
|
|t:|1776076561
|switch|p1a: Porygon-Z|Porygon-Z|100/100
|turn|10
|
|t:|1776076571
|-terastallize|p1a: Porygon-Z|Electric
|move|p1a: Porygon-Z|Agility|p1a: Porygon-Z
|-boost|p1a: Porygon-Z|spe|2
|move|p2a: Raging Bolt|Thunder|p1a: Porygon-Z
|-resisted|p1a: Porygon-Z
|-damage|p1a: Porygon-Z|52/100
|
|upkeep
|turn|11
|
|t:|1776076585
|move|p1a: Porygon-Z|Tera Blast|p2a: Raging Bolt|[anim] Tera Blast Electric
|-resisted|p2a: Raging Bolt
|-damage|p2a: Raging Bolt|86/100
|-damage|p1a: Porygon-Z|42/100|[from] item: Life Orb
|move|p2a: Raging Bolt|Draco Meteor|p1a: Porygon-Z
|-crit|p1a: Porygon-Z
|-damage|p1a: Porygon-Z|0 fnt
|-unboost|p2a: Raging Bolt|spa|2
|faint|p1a: Porygon-Z
|
|upkeep
|-message|Noodlezzzzzzzz forfeited.
|
|win|alexk45
|raw|Noodlezzzzzzzz's rating: 1306 &rarr; <strong>1285</strong><br />(-21 for losing)
|raw|alexk45's rating: 1288 &rarr; <strong>1314</strong><br />(+26 for winning)
|l|☆Noodlezzzzzzzz
|player|p1|
|l|☆alexk45
|player|p2|
