|html|<div class="broadcast-blue"><strong>[Gen 9] OU is currently suspecting Tera Blast! For information on how to participate check out the <a href="https://www.smogon.com/tools/suspects/view/200">suspect thread</a>.</strong></div>
|j|☆C2icyy
|j|☆polaria_08
|t:|1776055896
|gametype|singles
|player|p1|C2icyy|hilbert-wonderlauncher|1063
|player|p2|polaria_08|lady|1073
|gen|9
|tier|[Gen 9] OU
|rated|
|rule|HP Percentage Mod: HP is shown in percentages
|rule|Endless Battle Clause: Forcing endless battles is banned
|rule|Species Clause: Limit one of each Pokémon
|rule|OHKO Clause: OHKO moves are banned
|rule|Evasion Items Clause: Evasion items are banned
|rule|Evasion Moves Clause: Evasion moves are banned
|rule|Evasion Abilities Clause: Evasion abilities are banned
|rule|Sleep Moves Clause: Sleep-inducing moves are banned
|clearpoke
|poke|p1|Maushold-Four|
|poke|p1|Zamazenta-*|
|poke|p1|Oricorio-Pom-Pom, M|
|poke|p1|Chandelure, M|
|poke|p1|Iron Leaves|
|poke|p1|Pincurchin, F|
|poke|p2|Ninetales-Alola, M|
|poke|p2|Samurott-Hisui, M|
|poke|p2|Iron Valiant|
|poke|p2|Dragonite, M|
|poke|p2|Glaceon, M|
|poke|p2|Kingambit, F|
|teampreview
|
|t:|1776055932
|teamsize|p1|6
|teamsize|p2|6
|start
|switch|p1a: Pincurchin|Pincurchin, F|100/100
|switch|p2a: Ragnar|Samurott-Hisui, M|100/100
|-fieldstart|move: Electric Terrain|[from] ability: Electric Surge|[of] p1a: Pincurchin
|turn|1
|
|t:|1776055942
|move|p2a: Ragnar|Ceaseless Edge|p1a: Pincurchin|[miss]
|-miss|p2a: Ragnar|p1a: Pincurchin
|move|p1a: Pincurchin|Discharge|p2a: Ragnar
|-supereffective|p2a: Ragnar
|-damage|p2a: Ragnar|3/100
|
|upkeep
|turn|2
|
|t:|1776055949
|move|p2a: Ragnar|Ceaseless Edge|p1a: Pincurchin|[miss]
|-miss|p2a: Ragnar|p1a: Pincurchin
|move|p1a: Pincurchin|Discharge|p2a: Ragnar
|-supereffective|p2a: Ragnar
|-damage|p2a: Ragnar|0 fnt
|faint|p2a: Ragnar
|
|upkeep
|
|t:|1776055955
|switch|p2a: Silva|Ninetales-Alola, M, shiny|100/100
|-weather|Snowscape|[from] ability: Snow Warning|[of] p2a: Silva
|turn|3
|
|t:|1776055959
|move|p2a: Silva|Aurora Veil|p2a: Silva
|-sidestart|p2: polaria_08|move: Aurora Veil
|move|p1a: Pincurchin|Toxic Spikes|p2a: Silva
|-sidestart|p2: polaria_08|move: Toxic Spikes
|
|-weather|Snowscape|[upkeep]
|upkeep
|turn|4
|
|t:|1776055966
|switch|p1a: Iron Leaves|Iron Leaves|100/100
|-activate|p1a: Iron Leaves|ability: Quark Drive
|-start|p1a: Iron Leaves|quarkdriveatk
|move|p2a: Silva|Encore||[still]
|-fail|p2a: Silva
|
|-weather|Snowscape|[upkeep]
|upkeep
|turn|5
|
|t:|1776055975
|-terastallize|p1a: Iron Leaves|Psychic
|move|p2a: Silva|Freeze-Dry|p1a: Iron Leaves
|-damage|p1a: Iron Leaves|81/100
|move|p1a: Iron Leaves|Psyblade|p2a: Silva
|-damage|p2a: Silva|52/100
|
|-weather|Snowscape|[upkeep]
|-fieldend|move: Electric Terrain
|-end|p1a: Iron Leaves|Quark Drive
|upkeep
|-enditem|p1a: Iron Leaves|Booster Energy
|-activate|p1a: Iron Leaves|ability: Quark Drive|[fromitem]
|-start|p1a: Iron Leaves|quarkdriveatk
|turn|6
|
|t:|1776055989
|move|p2a: Silva|Moonblast|p1a: Iron Leaves
|-damage|p1a: Iron Leaves|53/100
|move|p1a: Iron Leaves|Sacred Sword|p2a: Silva
|-damage|p2a: Silva|36/100
|
|-weather|Snowscape|[upkeep]
|upkeep
|turn|7
|
|t:|1776055999
|move|p2a: Silva|Moonblast|p1a: Iron Leaves
|-damage|p1a: Iron Leaves|24/100
|move|p1a: Iron Leaves|Psyblade|p2a: Silva
|-damage|p2a: Silva|4/100
|
|-weather|none
|upkeep
|turn|8
|
|t:|1776056009
|-end|p1a: Iron Leaves|Quark Drive|[silent]
|switch|p1a: Chandelure|Chandelure, M|100/100
|move|p2a: Silva|Moonblast|p1a: Chandelure
|-resisted|p1a: Chandelure
|-damage|p1a: Chandelure|83/100
|-unboost|p1a: Chandelure|spa|1
|
|-heal|p1a: Chandelure|89/100|[from] item: Leftovers
|upkeep
|turn|9
|
|t:|1776056019
|switch|p2a: Astraea|Iron Valiant|100/100
|-status|p2a: Astraea|psn
|-enditem|p2a: Astraea|Booster Energy
|-activate|p2a: Astraea|ability: Quark Drive|[fromitem]
|-start|p2a: Astraea|quarkdrivespe
|move|p1a: Chandelure|Flamethrower|p2a: Astraea
|-damage|p2a: Astraea|71/100 psn
|
|-heal|p1a: Chandelure|95/100|[from] item: Leftovers
|-damage|p2a: Astraea|59/100 psn|[from] psn
|upkeep
|turn|10
|
|t:|1776056037
|move|p2a: Astraea|Psyshock|p1a: Chandelure
|-damage|p1a: Chandelure|59/100
|move|p1a: Chandelure|Clear Smog|p2a: Astraea
|-supereffective|p2a: Astraea
|-damage|p2a: Astraea|37/100 psn
|-clearboost|p2a: Astraea
|
|-heal|p1a: Chandelure|65/100|[from] item: Leftovers
|-damage|p2a: Astraea|24/100 psn|[from] psn
|-sideend|p2: polaria_08|move: Aurora Veil
|upkeep
|turn|11
|
|t:|1776056056
|switch|p1a: Iron Leaves|Iron Leaves, tera:Psychic|24/100
|-terastallize|p2a: Astraea|Fairy
|move|p2a: Astraea|Moonblast|p1a: Iron Leaves
|-damage|p1a: Iron Leaves|0 fnt
|faint|p1a: Iron Leaves
|-end|p1a: Iron Leaves|Quark Drive|[silent]
|
|-damage|p2a: Astraea|12/100 psn|[from] psn
|upkeep
|
|t:|1776056071
|switch|p1a: Zamazenta|Zamazenta|100/100
|-ability|p1a: Zamazenta|Dauntless Shield|boost
|-boost|p1a: Zamazenta|def|1
|turn|12
|
|t:|1776056076
|move|p2a: Astraea|Moonblast|p1a: Zamazenta
|-supereffective|p1a: Zamazenta
|-crit|p1a: Zamazenta
|-damage|p1a: Zamazenta|0 fnt
|faint|p1a: Zamazenta
|
|-damage|p2a: Astraea|0 fnt|[from] psn
|faint|p2a: Astraea
|-end|p2a: Astraea|Quark Drive|[silent]
|upkeep
|
|t:|1776056084
|switch|p1a: Pincurchin|Pincurchin, F|100/100
|switch|p2a: Silva|Ninetales-Alola, M, shiny|4/100
|-status|p2a: Silva|psn
|-weather|Snowscape|[from] ability: Snow Warning|[of] p2a: Silva
|-fieldstart|move: Electric Terrain|[from] ability: Electric Surge|[of] p1a: Pincurchin
|turn|13
|-activate|p1a: Pincurchin|item: Quick Claw
|
|t:|1776056093
|move|p1a: Pincurchin|Sucker Punch||[still]
|-fail|p1a: Pincurchin
|move|p2a: Silva|Aurora Veil|p2a: Silva
|-sidestart|p2: polaria_08|move: Aurora Veil
|
|-weather|Snowscape|[upkeep]
|-damage|p2a: Silva|0 fnt|[from] psn
|faint|p2a: Silva
|upkeep
|
|t:|1776056096
|switch|p2a: Eislyn|Glaceon, M|100/100
|-status|p2a: Eislyn|psn
|turn|14
|
|t:|1776056103
|move|p2a: Eislyn|Freeze-Dry|p1a: Pincurchin
|-damage|p1a: Pincurchin|29/100
|move|p1a: Pincurchin|Discharge|p2a: Eislyn
|-damage|p2a: Eislyn|79/100 psn
|
|-weather|Snowscape|[upkeep]
|-heal|p2a: Eislyn|85/100 psn|[from] ability: Ice Body
|-damage|p2a: Eislyn|73/100 psn|[from] psn
|upkeep
|turn|15
|
|t:|1776056112
|move|p2a: Eislyn|Freeze-Dry|p1a: Pincurchin
|-damage|p1a: Pincurchin|0 fnt
|faint|p1a: Pincurchin
|
|-weather|Snowscape|[upkeep]
|-heal|p2a: Eislyn|79/100 psn|[from] ability: Ice Body
|-damage|p2a: Eislyn|67/100 psn|[from] psn
|upkeep
|
|t:|1776056117
|switch|p1a: Chandelure|Chandelure, M|65/100
|turn|16
|
|t:|1776056123
|switch|p2a: Himmel|Dragonite, M|100/100
|move|p1a: Chandelure|Flamethrower|p2a: Himmel
|-resisted|p2a: Himmel
|-crit|p2a: Himmel
|-damage|p2a: Himmel|81/100
|
|-weather|Snowscape|[upkeep]
|-heal|p1a: Chandelure|71/100|[from] item: Leftovers
|upkeep
|turn|17
|
|t:|1776056130
|move|p1a: Chandelure|Will-O-Wisp|p2a: Himmel|[miss]
|-miss|p1a: Chandelure|p2a: Himmel
|move|p2a: Himmel|Earthquake|p1a: Chandelure
|-supereffective|p1a: Chandelure
|-damage|p1a: Chandelure|0 fnt
|faint|p1a: Chandelure
|
|-weather|none
|-fieldend|move: Electric Terrain
|upkeep
|
|t:|1776056133
|switch|p1a: Oricorio|Oricorio-Pom-Pom, M|100/100
|turn|18
|
|t:|1776056141
|move|p2a: Himmel|Fire Punch|p1a: Oricorio
|-damage|p1a: Oricorio|72/100
|move|p1a: Oricorio|Revelation Dance|p2a: Himmel
|-damage|p2a: Himmel|66/100
|
|upkeep
|turn|19
|
|t:|1776056151
|switch|p2a: Eislyn|Glaceon, M|67/100 psn
|move|p1a: Oricorio|Quiver Dance|p1a: Oricorio
|-boost|p1a: Oricorio|spa|1
|-boost|p1a: Oricorio|spd|1
|-boost|p1a: Oricorio|spe|1
|
|-damage|p2a: Eislyn|55/100 psn|[from] psn
|upkeep
|turn|20
|
|t:|1776056160
|move|p2a: Eislyn|Ice Shard|p1a: Oricorio
|-supereffective|p1a: Oricorio
|-damage|p1a: Oricorio|53/100
|move|p1a: Oricorio|Hurricane|p2a: Eislyn
|-damage|p2a: Eislyn|19/100 psn
|
|-damage|p2a: Eislyn|7/100 psn|[from] psn
|-sideend|p2: polaria_08|move: Aurora Veil
|upkeep
|turn|21
|
|t:|1776056169
|move|p2a: Eislyn|Ice Shard|p1a: Oricorio
|-supereffective|p1a: Oricorio
|-damage|p1a: Oricorio|38/100
|move|p1a: Oricorio|Roost|p1a: Oricorio
|-heal|p1a: Oricorio|88/100
|-singleturn|p1a: Oricorio|move: Roost
|
|-damage|p2a: Eislyn|0 fnt|[from] psn
|faint|p2a: Eislyn
|upkeep
|
|t:|1776056176
|switch|p2a: Hildagard|Kingambit, F|100/100
|-activate|p2a: Hildagard|ability: Supreme Overlord
|-start|p2a: Hildagard|fallen4|[silent]
|turn|22
|
|t:|1776056184
|move|p1a: Oricorio|Revelation Dance|p2a: Hildagard
|-damage|p2a: Hildagard|55/100
|move|p2a: Hildagard|Kowtow Cleave|p1a: Oricorio
|-crit|p1a: Oricorio
|-damage|p1a: Oricorio|0 fnt
|faint|p1a: Oricorio
|
|-heal|p2a: Hildagard|61/100|[from] item: Leftovers
|upkeep
|
|t:|1776056190
|switch|p1a: Maushold|Maushold-Four|100/100
|turn|23
|c|☆C2icyy|uh oh
|c|☆C2icyy|i forgot i removed play rough
|
|t:|1776056214
|move|p1a: Maushold|Population Bomb|p2a: Hildagard|[miss]
|-miss|p1a: Maushold|p2a: Hildagard
|move|p2a: Hildagard|Kowtow Cleave|p1a: Maushold
|-crit|p1a: Maushold
|-damage|p1a: Maushold|0 fnt
|faint|p1a: Maushold
|
|win|polaria_08
|raw|C2icyy's rating: 1063 &rarr; <strong>1044</strong><br />(-19 for losing)
|raw|polaria_08's rating: 1073 &rarr; <strong>1101</strong><br />(+28 for winning)
|c|☆C2icyy|gg
|c|☆polaria_08|gg
|l|☆polaria_08
|player|p2|
