|html|<div class="broadcast-blue"><strong>[Gen 9] OU is currently suspecting Tera Blast! For information on how to participate check out the <a href="https://www.smogon.com/tools/suspects/view/200">suspect thread</a>.</strong></div>
|j|☆John Mahmoud
|j|☆mapleman1218
|t:|1776106019
|gametype|singles
|player|p1|John Mahmoud|102|1311
|player|p2|mapleman1218|ghetsis|1305
|gen|9
|tier|[Gen 9] OU
|rated|
|rule|HP Percentage Mod: HP is shown in percentages
|rule|Endless Battle Clause: Forcing endless battles is banned
|rule|Species Clause: Limit one of each Pokémon
|rule|OHKO Clause: OHKO moves are banned
|rule|Evasion Items Clause: Evasion items are banned
|rule|Evasion Moves Clause: Evasion moves are banned
|rule|Evasion Abilities Clause: Evasion abilities are banned
|rule|Sleep Moves Clause: Sleep-inducing moves are banned
|clearpoke
|poke|p1|Talonflame, M|
|poke|p1|Pelipper, F|
|poke|p1|Barraskewda, M|
|poke|p1|Ogerpon-Wellspring, F|
|poke|p1|Zapdos|
|poke|p1|Samurott-Hisui, M|
|poke|p2|Krookodile, M|
|poke|p2|Tyranitar, M|
|poke|p2|Ogerpon-Wellspring, F|
|poke|p2|Gholdengo|
|poke|p2|Enamorus, F|
|poke|p2|Raging Bolt|
|teampreview
|c|☆John Mahmoud|Gl
|
|t:|1776106030
|teamsize|p1|6
|teamsize|p2|6
|start
|switch|p1a: Big Mouth|Pelipper, F|100/100
|switch|p2a: Tyranitar|Tyranitar, M, shiny|100/100
|-weather|RainDance|[from] ability: Drizzle|[of] p1a: Big Mouth
|-weather|Sandstorm|[from] ability: Sand Stream|[of] p2a: Tyranitar
|turn|1
|
|t:|1776106040
|switch|p2a: Ogerpon|Ogerpon-Wellspring, F|100/100
|move|p1a: Big Mouth|U-turn|p2a: Ogerpon
|-supereffective|p2a: Ogerpon
|-damage|p2a: Ogerpon|77/100
|
|t:|1776106050
|switch|p1a: Mjolnir|Zapdos|100/100|[from] U-turn
|
|-weather|Sandstorm|[upkeep]
|-damage|p2a: Ogerpon|71/100|[from] Sandstorm
|-damage|p1a: Mjolnir|94/100|[from] Sandstorm
|upkeep
|turn|2
|
|t:|1776106058
|move|p2a: Ogerpon|U-turn|p1a: Mjolnir
|-resisted|p1a: Mjolnir
|-damage|p1a: Mjolnir|80/100
|
|t:|1776106061
|switch|p2a: Krookodile|Krookodile, M|100/100|[from] U-turn
|move|p1a: Mjolnir|Hurricane|p2a: Krookodile|[miss]
|-miss|p1a: Mjolnir|p2a: Krookodile
|
|-weather|Sandstorm|[upkeep]
|-damage|p1a: Mjolnir|74/100|[from] Sandstorm
|upkeep
|turn|3
|
|t:|1776106075
|switch|p1a: Big Mouth|Pelipper, F|100/100
|-weather|RainDance|[from] ability: Drizzle|[of] p1a: Big Mouth
|move|p2a: Krookodile|Crunch|p1a: Big Mouth
|-damage|p1a: Big Mouth|69/100
|
|-weather|RainDance|[upkeep]
|upkeep
|turn|4
|
|t:|1776106094
|switch|p2a: Gholdengo|Gholdengo, shiny|100/100
|move|p1a: Big Mouth|Weather Ball|p2a: Gholdengo
|-damage|p2a: Gholdengo|37/100
|
|-weather|RainDance|[upkeep]
|upkeep
|turn|5
|
|t:|1776106103
|switch|p2a: Ogerpon|Ogerpon-Wellspring, F|71/100
|move|p1a: Big Mouth|Weather Ball|p2a: Ogerpon
|-heal|p2a: Ogerpon|96/100|[from] ability: Water Absorb|[of] p1a: Big Mouth
|
|-weather|RainDance|[upkeep]
|upkeep
|turn|6
|
|t:|1776106111
|move|p2a: Ogerpon|Horn Leech|p1a: Big Mouth
|-damage|p1a: Big Mouth|35/100
|-heal|p2a: Ogerpon|100/100|[from] drain|[of] p1a: Big Mouth
|move|p1a: Big Mouth|Hurricane|p2a: Ogerpon
|-supereffective|p2a: Ogerpon
|-damage|p2a: Ogerpon|15/100
|
|-weather|RainDance|[upkeep]
|upkeep
|turn|7
|
|t:|1776106121
|switch|p1a: Mjolnir|Zapdos|74/100
|move|p2a: Ogerpon|Horn Leech|p1a: Mjolnir
|-resisted|p1a: Mjolnir
|-damage|p1a: Mjolnir|51/100
|-heal|p2a: Ogerpon|29/100|[from] drain|[of] p1a: Mjolnir
|-status|p2a: Ogerpon|par|[from] ability: Static|[of] p1a: Mjolnir
|
|-weather|RainDance|[upkeep]
|upkeep
|turn|8
|
|t:|1776106132
|move|p1a: Mjolnir|Roost|p1a: Mjolnir
|-heal|p1a: Mjolnir|100/100
|-singleturn|p1a: Mjolnir|move: Roost
|cant|p2a: Ogerpon|par
|
|-weather|RainDance|[upkeep]
|upkeep
|turn|9
|
|t:|1776106140
|switch|p2a: Krookodile|Krookodile, M|100/100
|move|p1a: Mjolnir|Hurricane|p2a: Krookodile
|-damage|p2a: Krookodile|12/100
|
|-weather|RainDance|[upkeep]
|upkeep
|turn|10
|
|t:|1776106150
|move|p2a: Krookodile|Dragon Claw|p1a: Mjolnir
|-damage|p1a: Mjolnir|76/100
|move|p1a: Mjolnir|Hurricane|p2a: Krookodile
|-damage|p2a: Krookodile|0 fnt
|faint|p2a: Krookodile
|
|-weather|none
|upkeep
|
|t:|1776106158
|switch|p2a: Gholdengo|Gholdengo, shiny|37/100
|turn|11
|
|t:|1776106165
|move|p2a: Gholdengo|Shadow Ball|p1a: Mjolnir
|-damage|p1a: Mjolnir|14/100
|move|p1a: Mjolnir|Volt Switch|p2a: Gholdengo
|-crit|p2a: Gholdengo
|-damage|p2a: Gholdengo|0 fnt
|faint|p2a: Gholdengo
|
|t:|1776106178
|switch|p1a: Shogunyan|Samurott-Hisui, M, shiny|100/100|[from] Volt Switch
|
|upkeep
|
|t:|1776106186
|switch|p2a: Raging Bolt|Raging Bolt|100/100
|-enditem|p2a: Raging Bolt|Booster Energy
|-activate|p2a: Raging Bolt|ability: Protosynthesis|[fromitem]
|-start|p2a: Raging Bolt|protosynthesisspa
|turn|12
|
|t:|1776106199
|move|p1a: Shogunyan|Knock Off|p2a: Raging Bolt
|-damage|p2a: Raging Bolt|77/100
|move|p2a: Raging Bolt|Calm Mind|p2a: Raging Bolt
|-boost|p2a: Raging Bolt|spa|1
|-boost|p2a: Raging Bolt|spd|1
|
|upkeep
|turn|13
|inactive|Battle timer is ON: inactive players will automatically lose when time's up. (requested by mapleman1218)
|
|t:|1776106211
|move|p2a: Raging Bolt|Thunderclap|p1a: Shogunyan
|-supereffective|p1a: Shogunyan
|-enditem|p1a: Shogunyan|Focus Sash
|-damage|p1a: Shogunyan|1/100
|move|p1a: Shogunyan|Ceaseless Edge|p2a: Raging Bolt
|-damage|p2a: Raging Bolt|42/100
|-sidestart|p2: mapleman1218|Spikes
|
|upkeep
|turn|14
|
|t:|1776106223
|move|p2a: Raging Bolt|Thunderclap|p1a: Shogunyan
|-supereffective|p1a: Shogunyan
|-damage|p1a: Shogunyan|0 fnt
|faint|p1a: Shogunyan
|
|upkeep
|
|t:|1776106230
|switch|p1a: Nerf Gun|Talonflame, M, shiny|100/100
|turn|15
|
|t:|1776106235
|move|p1a: Nerf Gun|Hurricane|p2a: Raging Bolt
|-resisted|p2a: Raging Bolt
|-damage|p2a: Raging Bolt|30/100
|move|p2a: Raging Bolt|Dragon Pulse|p1a: Nerf Gun
|-damage|p1a: Nerf Gun|0 fnt
|faint|p1a: Nerf Gun
|
|upkeep
|
|t:|1776106247
|switch|p1a: Big Mouth|Pelipper, F|35/100
|-weather|RainDance|[from] ability: Drizzle|[of] p1a: Big Mouth
|turn|16
|
|t:|1776106253
|move|p2a: Raging Bolt|Thunderclap|p1a: Big Mouth
|-supereffective|p1a: Big Mouth
|-damage|p1a: Big Mouth|0 fnt
|faint|p1a: Big Mouth
|
|-weather|RainDance|[upkeep]
|upkeep
|
|t:|1776106259
|switch|p1a: Glass Cannon|Barraskewda, M, shiny|100/100
|turn|17
|
|t:|1776106267
|-terastallize|p1a: Glass Cannon|Fighting
|move|p2a: Raging Bolt|Thunderclap|p1a: Glass Cannon
|-damage|p1a: Glass Cannon|0 fnt
|faint|p1a: Glass Cannon
|
|-weather|RainDance|[upkeep]
|upkeep
|
|t:|1776106277
|switch|p1a: Stone Mask|Ogerpon-Wellspring, F|100/100
|turn|18
|
|t:|1776106281
|move|p2a: Raging Bolt|Thunderclap|p1a: Stone Mask
|-damage|p1a: Stone Mask|11/100
|move|p1a: Stone Mask|Horn Leech|p2a: Raging Bolt
|-resisted|p2a: Raging Bolt
|-damage|p2a: Raging Bolt|11/100
|-heal|p1a: Stone Mask|25/100|[from] drain|[of] p2a: Raging Bolt
|
|-weather|RainDance|[upkeep]
|upkeep
|turn|19
|
|t:|1776106292
|move|p2a: Raging Bolt|Thunderclap|p1a: Stone Mask
|-damage|p1a: Stone Mask|0 fnt
|faint|p1a: Stone Mask
|
|-weather|RainDance|[upkeep]
|upkeep
|-message|John Mahmoud forfeited.
|
|win|mapleman1218
|raw|John Mahmoud's rating: 1311 &rarr; <strong>1291</strong><br />(-20 for losing)
|raw|mapleman1218's rating: 1305 &rarr; <strong>1325</strong><br />(+20 for winning)
|l|☆John Mahmoud
|player|p1|
|l|☆mapleman1218
|player|p2|
