|html|<div class="broadcast-blue"><strong>[Gen 9] OU is currently suspecting Tera Blast! For information on how to participate check out the <a href="https://www.smogon.com/tools/suspects/view/200">suspect thread</a>.</strong></div>
|j|☆valpreon
|j|☆clownfish3
|t:|1776120968
|gametype|singles
|player|p1|valpreon|2|1308
|player|p2|clownfish3|lance|1346
|gen|9
|tier|[Gen 9] OU
|rated|
|rule|HP Percentage Mod: HP is shown in percentages
|rule|Endless Battle Clause: Forcing endless battles is banned
|rule|Species Clause: Limit one of each Pokémon
|rule|OHKO Clause: OHKO moves are banned
|rule|Evasion Items Clause: Evasion items are banned
|rule|Evasion Moves Clause: Evasion moves are banned
|rule|Evasion Abilities Clause: Evasion abilities are banned
|rule|Sleep Moves Clause: Sleep-inducing moves are banned
|clearpoke
|poke|p1|Iron Valiant|
|poke|p1|Greninja-*, M|
|poke|p1|Lucario, M|
|poke|p1|Noivern, F|
|poke|p1|Ceruledge, M|
|poke|p1|Kingambit, F|
|poke|p2|Bellibolt, F|
|poke|p2|Clefable, F|
|poke|p2|Corviknight, F|
|poke|p2|Dragapult, F|
|poke|p2|Great Tusk|
|poke|p2|Manaphy|
|teampreview
|inactive|Battle timer is ON: inactive players will automatically lose when time's up. (requested by valpreon)
|
|t:|1776121010
|teamsize|p1|6
|teamsize|p2|6
|start
|switch|p1a: jett|Noivern, F, shiny|100/100
|switch|p2a: Dragapult|Dragapult, F|100/100
|-item|p2a: Dragapult|Heavy-Duty Boots|[from] ability: Frisk|[of] p1a: jett
|turn|1
|
|t:|1776121033
|-terastallize|p1a: jett|Flying
|move|p2a: Dragapult|U-turn|p1a: jett
|-resisted|p1a: jett
|-damage|p1a: jett|87/100
|j| datinkerer
|
|t:|1776121039
|switch|p2a: Corviknight|Corviknight, F|100/100|[from] U-turn
|-ability|p2a: Corviknight|Pressure
|move|p1a: jett|Dragon Pulse|p2a: Corviknight
|-resisted|p2a: Corviknight
|-damage|p2a: Corviknight|83/100
|
|-heal|p2a: Corviknight|89/100|[from] item: Leftovers
|upkeep
|turn|2
|
|t:|1776121053
|move|p1a: jett|Air Slash|p2a: Corviknight
|-resisted|p2a: Corviknight
|-damage|p2a: Corviknight|67/100
|move|p2a: Corviknight|Body Press|p1a: jett
|-resisted|p1a: jett
|-damage|p1a: jett|70/100
|
|-heal|p2a: Corviknight|73/100|[from] item: Leftovers
|upkeep
|turn|3
|inactive|valpreon has 120 seconds left.
|
|t:|1776121095
|move|p1a: jett|Air Slash|p2a: Corviknight
|-resisted|p2a: Corviknight
|-damage|p2a: Corviknight|51/100
|move|p2a: Corviknight|U-turn|p1a: jett
|-resisted|p1a: jett
|-damage|p1a: jett|60/100
|
|t:|1776121099
|switch|p2a: Clefable|Clefable, F|100/100|[from] U-turn
|
|upkeep
|turn|4
|
|t:|1776121109
|move|p1a: jett|Air Slash|p2a: Clefable
|-damage|p2a: Clefable|74/100
|cant|p2a: Clefable|flinch
|
|-heal|p2a: Clefable|80/100|[from] item: Leftovers
|upkeep
|turn|5
|
|t:|1776121112
|move|p1a: jett|Tailwind|p1a: jett
|-sidestart|p1: valpreon|move: Tailwind
|move|p2a: Clefable|Stealth Rock|p1a: jett
|-sidestart|p1: valpreon|move: Stealth Rock
|
|-heal|p2a: Clefable|86/100|[from] item: Leftovers
|upkeep
|turn|6
|
|t:|1776121115
|move|p1a: jett|Defog|p2a: Clefable
|-unboost|p2a: Clefable|evasion|1
|-sideend|p1: valpreon|Stealth Rock|[from] move: Defog|[of] p1a: jett
|move|p2a: Clefable|Thunder Wave|p1a: jett
|-status|p1a: jett|par
|
|-heal|p2a: Clefable|92/100|[from] item: Leftovers
|upkeep
|turn|7
|
|t:|1776121126
|move|p1a: jett|Air Slash|p2a: Clefable
|-damage|p2a: Clefable|61/100
|cant|p2a: Clefable|flinch
|
|-heal|p2a: Clefable|68/100|[from] item: Leftovers
|upkeep
|turn|8
|l|☆valpreon
|inactive|valpreon disconnected and has a minute to reconnect!
|player|p1|
|j|☆valpreon
|inactive|valpreon reconnected and has 145 seconds left.
|player|p1|valpreon|2|
|
|t:|1776121144
|cant|p1a: jett|par
|move|p2a: Clefable|Moonlight|p2a: Clefable
|-heal|p2a: Clefable|100/100
|
|-sideend|p1: valpreon|move: Tailwind
|upkeep
|turn|9
|
|t:|1776121147
|cant|p1a: jett|par
|move|p2a: Clefable|Moonblast|p1a: jett
|-damage|p1a: jett|20/100 par
|-unboost|p1a: jett|spa|1
|
|upkeep
|turn|10
|
|t:|1776121154
|move|p1a: jett|Tailwind|p1a: jett
|-sidestart|p1: valpreon|move: Tailwind
|move|p2a: Clefable|Moonblast|p1a: jett
|-crit|p1a: jett
|-damage|p1a: jett|0 fnt
|faint|p1a: jett
|
|upkeep
|
|t:|1776121173
|switch|p1a: knuckles💪|Lucario, M|100/100
|turn|11
|
|t:|1776121186
|switch|p2a: Great Tusk|Great Tusk|100/100
|move|p1a: knuckles💪|Swords Dance|p1a: knuckles💪
|-boost|p1a: knuckles💪|atk|2
|
|upkeep
|turn|12
|
|t:|1776121208
|move|p1a: knuckles💪|Close Combat|p2a: Great Tusk
|-damage|p2a: Great Tusk|14/100
|-unboost|p1a: knuckles💪|def|1
|-unboost|p1a: knuckles💪|spd|1
|move|p2a: Great Tusk|Headlong Rush|p1a: knuckles💪
|-supereffective|p1a: knuckles💪
|-enditem|p1a: knuckles💪|Focus Sash
|-damage|p1a: knuckles💪|1/100
|-unboost|p2a: Great Tusk|def|1
|-unboost|p2a: Great Tusk|spd|1
|
|-heal|p2a: Great Tusk|20/100|[from] item: Leftovers
|upkeep
|turn|13
|inactive|clownfish3 has 120 seconds left.
|
|t:|1776121232
|-end|p2a: Great Tusk|Protosynthesis|[silent]
|switch|p2a: Dragapult|Dragapult, F|100/100
|move|p1a: knuckles💪|Extreme Speed|p2a: Dragapult
|-immune|p2a: Dragapult
|
|-sideend|p1: valpreon|move: Tailwind
|upkeep
|turn|14
|inactive|clownfish3 has 120 seconds left.
|
|t:|1776121248
|move|p2a: Dragapult|U-turn|p1a: knuckles💪
|-resisted|p1a: knuckles💪
|-damage|p1a: knuckles💪|0 fnt
|faint|p1a: knuckles💪
|
|t:|1776121257
|switch|p2a: Bellibolt|Bellibolt, F|100/100|[from] U-turn
|
|upkeep
|
|t:|1776121269
|switch|p1a: amterasu💜🌂|Ceruledge, M, shiny|100/100
|turn|15
|inactive|clownfish3 has 120 seconds left.
|
|t:|1776121285
|move|p1a: amterasu💜🌂|Swords Dance|p1a: amterasu💜🌂
|-boost|p1a: amterasu💜🌂|atk|2
|move|p2a: Bellibolt|Parabolic Charge|p1a: amterasu💜🌂
|-damage|p1a: amterasu💜🌂|74/100
|
|upkeep
|turn|16
|inactive|clownfish3 has 120 seconds left.
|
|t:|1776121297
|move|p1a: amterasu💜🌂|Swords Dance|p1a: amterasu💜🌂
|-boost|p1a: amterasu💜🌂|atk|2
|move|p2a: Bellibolt|Toxic|p1a: amterasu💜🌂
|-status|p1a: amterasu💜🌂|tox
|
|-damage|p1a: amterasu💜🌂|68/100 tox|[from] psn
|upkeep
|turn|17
|
|t:|1776121304
|move|p1a: amterasu💜🌂|Bitter Blade|p2a: Bellibolt
|-damage|p2a: Bellibolt|4/100
|-heal|p1a: amterasu💜🌂|100/100 tox|[from] drain|[of] p2a: Bellibolt
|-start|p2a: Bellibolt|Charge|Bitter Blade|[from] ability: Electromorphosis
|move|p2a: Bellibolt|Charge Beam|p1a: amterasu💜🌂
|-damage|p1a: amterasu💜🌂|61/100 tox
|-boost|p2a: Bellibolt|spa|1
|-end|p2a: Bellibolt|Charge|[silent]
|
|-heal|p2a: Bellibolt|10/100|[from] item: Leftovers
|-damage|p1a: amterasu💜🌂|49/100 tox|[from] psn
|upkeep
|turn|18
|inactive|clownfish3 has 120 seconds left.
|
|t:|1776121339
|move|p1a: amterasu💜🌂|Bitter Blade|p2a: Bellibolt
|-damage|p2a: Bellibolt|0 fnt
|-heal|p1a: amterasu💜🌂|56/100 tox|[from] drain|[of] p2a: Bellibolt
|faint|p2a: Bellibolt
|
|-damage|p1a: amterasu💜🌂|37/100 tox|[from] psn
|upkeep
|
|t:|1776121343
|switch|p2a: Great Tusk|Great Tusk|20/100
|turn|19
|
|t:|1776121346
|move|p2a: Great Tusk|Headlong Rush|p1a: amterasu💜🌂
|-supereffective|p1a: amterasu💜🌂
|-damage|p1a: amterasu💜🌂|0 fnt
|-unboost|p2a: Great Tusk|def|1
|-unboost|p2a: Great Tusk|spd|1
|faint|p1a: amterasu💜🌂
|
|-heal|p2a: Great Tusk|26/100|[from] item: Leftovers
|upkeep
|
|t:|1776121350
|switch|p1a: INTEGRITY💙🌀|Greninja, M|100/100
|turn|20
|
|t:|1776121354
|move|p1a: INTEGRITY💙🌀|Ice Beam|p2a: Great Tusk
|-supereffective|p2a: Great Tusk
|-damage|p2a: Great Tusk|0 fnt
|faint|p2a: Great Tusk
|-end|p2a: Great Tusk|Protosynthesis|[silent]
|-ability|p1a: INTEGRITY💙🌀|Battle Bond|boost
|-boost|p1a: INTEGRITY💙🌀|atk|1
|-boost|p1a: INTEGRITY💙🌀|spa|1
|-boost|p1a: INTEGRITY💙🌀|spe|1
|-activate|p1a: INTEGRITY💙🌀|ability: Battle Bond
|
|upkeep
|
|t:|1776121363
|switch|p2a: Clefable|Clefable, F|100/100
|turn|21
|
|t:|1776121377
|move|p1a: INTEGRITY💙🌀|Sludge Wave|p2a: Clefable
|-supereffective|p2a: Clefable
|-damage|p2a: Clefable|37/100
|move|p2a: Clefable|Moonblast|p1a: INTEGRITY💙🌀
|-supereffective|p1a: INTEGRITY💙🌀
|-damage|p1a: INTEGRITY💙🌀|0 fnt
|faint|p1a: INTEGRITY💙🌀
|
|-heal|p2a: Clefable|43/100|[from] item: Leftovers
|upkeep
|
|t:|1776121384
|switch|p1a: ALL MIGHT💛|Kingambit, F|100/100
|-activate|p1a: ALL MIGHT💛|ability: Supreme Overlord
|-start|p1a: ALL MIGHT💛|fallen4|[silent]
|turn|22
|
|t:|1776121393
|move|p2a: Clefable|Moonlight|p2a: Clefable
|-heal|p2a: Clefable|93/100
|move|p1a: ALL MIGHT💛|Iron Head|p2a: Clefable
|-supereffective|p2a: Clefable
|-damage|p2a: Clefable|0 fnt
|faint|p2a: Clefable
|-damage|p1a: ALL MIGHT💛|91/100|[from] item: Life Orb
|
|upkeep
|
|t:|1776121398
|switch|p2a: Corviknight|Corviknight, F|51/100
|-ability|p2a: Corviknight|Pressure
|turn|23
|
|t:|1776121415
|move|p2a: Corviknight|Roost|p2a: Corviknight
|-heal|p2a: Corviknight|100/100
|-singleturn|p2a: Corviknight|move: Roost
|move|p1a: ALL MIGHT💛|Kowtow Cleave|p2a: Corviknight
|-damage|p2a: Corviknight|50/100
|-damage|p1a: ALL MIGHT💛|81/100|[from] item: Life Orb
|
|-heal|p2a: Corviknight|56/100|[from] item: Leftovers
|upkeep
|turn|24
|
|t:|1776121421
|move|p2a: Corviknight|Body Press|p1a: ALL MIGHT💛
|-supereffective|p1a: ALL MIGHT💛
|-damage|p1a: ALL MIGHT💛|10/100
|move|p1a: ALL MIGHT💛|Kowtow Cleave|p2a: Corviknight
|-damage|p2a: Corviknight|0 fnt
|faint|p2a: Corviknight
|-damage|p1a: ALL MIGHT💛|0 fnt|[from] item: Life Orb
|faint|p1a: ALL MIGHT💛
|-end|p1a: ALL MIGHT💛|fallen4|[silent]
|
|upkeep
|
|t:|1776121450
|switch|p2a: Dragapult|Dragapult, F|100/100
|switch|p1a: future trunks❤️📌|Iron Valiant, shiny|100/100
|-enditem|p1a: future trunks❤️📌|Booster Energy
|-activate|p1a: future trunks❤️📌|ability: Quark Drive|[fromitem]
|-start|p1a: future trunks❤️📌|quarkdrivespe
|turn|25
|
|t:|1776121455
|move|p1a: future trunks❤️📌|Spirit Break|p2a: Dragapult
|-supereffective|p2a: Dragapult
|-damage|p2a: Dragapult|0 fnt
|faint|p2a: Dragapult
|
|upkeep
|
|t:|1776121458
|switch|p2a: Manaphy|Manaphy|100/100
|turn|26
|
|t:|1776121472
|-terastallize|p2a: Manaphy|Poison
|move|p1a: future trunks❤️📌|Close Combat|p2a: Manaphy
|-resisted|p2a: Manaphy
|-damage|p2a: Manaphy|79/100
|-unboost|p1a: future trunks❤️📌|def|1
|-unboost|p1a: future trunks❤️📌|spd|1
|move|p2a: Manaphy|Acid Armor|p2a: Manaphy
|-boost|p2a: Manaphy|def|2
|
|-heal|p2a: Manaphy|85/100|[from] item: Leftovers
|upkeep
|turn|27
|
|t:|1776121486
|move|p1a: future trunks❤️📌|Knock Off|p2a: Manaphy
|-damage|p2a: Manaphy|74/100
|-enditem|p2a: Manaphy|Leftovers|[from] move: Knock Off|[of] p1a: future trunks❤️📌
|move|p2a: Manaphy|Acid Armor|p2a: Manaphy
|-boost|p2a: Manaphy|def|2
|
|upkeep
|turn|28
|
|t:|1776121492
|move|p1a: future trunks❤️📌|Knock Off|p2a: Manaphy
|-damage|p2a: Manaphy|69/100
|move|p2a: Manaphy|Stored Power|p1a: future trunks❤️📌
|-supereffective|p1a: future trunks❤️📌
|-damage|p1a: future trunks❤️📌|0 fnt
|faint|p1a: future trunks❤️📌
|-end|p1a: future trunks❤️📌|Quark Drive|[silent]
|
|win|clownfish3
|raw|valpreon's rating: 1305 &rarr; <strong>1287</strong><br />(-18 for losing)
|raw|clownfish3's rating: 1346 &rarr; <strong>1364</strong><br />(+18 for winning)
|l|☆valpreon
|player|p1|
|l|☆clownfish3
|player|p2|
