|html|<div class="broadcast-blue"><strong>[Gen 9] OU is currently suspecting Tera Blast! For information on how to participate check out the <a href="https://www.smogon.com/tools/suspects/view/200">suspect thread</a>.</strong></div>
|j|☆Xtthanos
|j|☆AbsolutNOOB1.2
|t:|1776102293
|gametype|singles
|player|p1|Xtthanos|169|1060
|player|p2|AbsolutNOOB1.2|266|1041
|gen|9
|tier|[Gen 9] OU
|rated|
|rule|HP Percentage Mod: HP is shown in percentages
|rule|Endless Battle Clause: Forcing endless battles is banned
|rule|Species Clause: Limit one of each Pokémon
|rule|OHKO Clause: OHKO moves are banned
|rule|Evasion Items Clause: Evasion items are banned
|rule|Evasion Moves Clause: Evasion moves are banned
|rule|Evasion Abilities Clause: Evasion abilities are banned
|rule|Sleep Moves Clause: Sleep-inducing moves are banned
|clearpoke
|poke|p1|Bellibolt, F|
|poke|p1|Braviary-Hisui, M|
|poke|p1|Grimmsnarl, M|
|poke|p1|Mudsdale, F|
|poke|p1|Scizor, M|
|poke|p1|Moltres|
|poke|p2|Great Tusk|
|poke|p2|Brute Bonnet|
|poke|p2|Walking Wake|
|poke|p2|Torkoal, F|
|poke|p2|Raging Bolt|
|poke|p2|Alomomola, F|
|teampreview
|inactive|Battle timer is ON: inactive players will automatically lose when time's up. (requested by AbsolutNOOB1.2)
|
|t:|1776102306
|teamsize|p1|6
|teamsize|p2|6
|start
|switch|p1a: Grimmsnarl|Grimmsnarl, M|100/100
|switch|p2a: Sunny|Torkoal, F|100/100
|-weather|SunnyDay|[from] ability: Drought|[of] p2a: Sunny
|turn|1
|
|t:|1776102320
|move|p1a: Grimmsnarl|Light Screen|p1a: Grimmsnarl
|-sidestart|p1: Xtthanos|move: Light Screen
|move|p2a: Sunny|Stealth Rock|p1a: Grimmsnarl
|-sidestart|p1: Xtthanos|move: Stealth Rock
|
|-weather|SunnyDay|[upkeep]
|upkeep
|turn|2
|
|t:|1776102328
|move|p1a: Grimmsnarl|Reflect|p1a: Grimmsnarl
|-sidestart|p1: Xtthanos|Reflect
|move|p2a: Sunny|Lava Plume|p1a: Grimmsnarl
|-damage|p1a: Grimmsnarl|88/100
|-status|p1a: Grimmsnarl|brn
|
|-weather|SunnyDay|[upkeep]
|-damage|p1a: Grimmsnarl|82/100 brn|[from] brn
|upkeep
|turn|3
|
|t:|1776102345
|move|p1a: Grimmsnarl|Parting Shot|p2a: Sunny
|-unboost|p2a: Sunny|atk|1
|-unboost|p2a: Sunny|spa|1
|
|t:|1776102354
|switch|p1a: Braviary|Braviary-Hisui, M|100/100|[from] Parting Shot
|move|p2a: Sunny|Weather Ball|p1a: Braviary
|-damage|p1a: Braviary|83/100
|
|-weather|SunnyDay|[upkeep]
|upkeep
|turn|4
|
|t:|1776102366
|move|p1a: Braviary|Calm Mind|p1a: Braviary
|-boost|p1a: Braviary|spa|1
|-boost|p1a: Braviary|spd|1
|move|p2a: Sunny|Rapid Spin|p1a: Braviary
|-damage|p1a: Braviary|80/100
|-boost|p2a: Sunny|spe|1
|
|-weather|SunnyDay|[upkeep]
|upkeep
|turn|5
|
|t:|1776102385
|switch|p2a: Girafe|Raging Bolt|100/100
|-activate|p2a: Girafe|ability: Protosynthesis
|-start|p2a: Girafe|protosynthesisspa
|move|p1a: Braviary|Esper Wing|p2a: Girafe
|-damage|p2a: Girafe|54/100
|-boost|p1a: Braviary|spe|1
|
|-weather|none
|-end|p2a: Girafe|Protosynthesis
|upkeep
|turn|6
|
|t:|1776102398
|-end|p2a: Girafe|Protosynthesis|[silent]
|switch|p2a: Sunny|Torkoal, F|100/100
|-weather|SunnyDay|[from] ability: Drought|[of] p2a: Sunny
|move|p1a: Braviary|Calm Mind|p1a: Braviary
|-boost|p1a: Braviary|spa|1
|-boost|p1a: Braviary|spd|1
|
|-weather|SunnyDay|[upkeep]
|upkeep
|turn|7
|inactive|AbsolutNOOB1.2 has 120 seconds left.
|
|t:|1776102432
|switch|p2a: AsmonG|Brute Bonnet|100/100
|-activate|p2a: AsmonG|ability: Protosynthesis
|-start|p2a: AsmonG|protosynthesisatk
|move|p1a: Braviary|Esper Wing|p2a: AsmonG
|-immune|p2a: AsmonG
|
|-weather|SunnyDay|[upkeep]
|upkeep
|turn|8
|inactive|AbsolutNOOB1.2 has 120 seconds left.
|inactive|Xtthanos has 120 seconds left.
|
|t:|1776102465
|move|p1a: Braviary|Vacuum Wave|p2a: AsmonG
|-supereffective|p2a: AsmonG
|-damage|p2a: AsmonG|66/100
|move|p2a: AsmonG|Sucker Punch||[still]
|-fail|p2a: AsmonG
|
|-weather|SunnyDay|[upkeep]
|-heal|p2a: AsmonG|72/100|[from] item: Leftovers
|-sideend|p1: Xtthanos|move: Light Screen
|upkeep
|turn|9
|inactive|AbsolutNOOB1.2 has 120 seconds left.
|
|t:|1776102475
|move|p1a: Braviary|Vacuum Wave|p2a: AsmonG
|-supereffective|p2a: AsmonG
|-damage|p2a: AsmonG|40/100
|move|p2a: AsmonG|Crunch|p1a: Braviary
|-supereffective|p1a: Braviary
|-damage|p1a: Braviary|34/100
|
|-weather|SunnyDay|[upkeep]
|-heal|p2a: AsmonG|46/100|[from] item: Leftovers
|-sideend|p1: Xtthanos|Reflect
|upkeep
|turn|10
|inactive|AbsolutNOOB1.2 has 120 seconds left.
|
|t:|1776102490
|switch|p1a: Moltres|Moltres|100/100
|move|p2a: AsmonG|Synthesis|p2a: AsmonG
|-heal|p2a: AsmonG|100/100
|
|-weather|none
|-end|p2a: AsmonG|Protosynthesis
|upkeep
|turn|11
|inactive|AbsolutNOOB1.2 has 120 seconds left.
|
|t:|1776102503
|-end|p2a: AsmonG|Protosynthesis|[silent]
|switch|p2a: Sunny|Torkoal, F|100/100
|-weather|SunnyDay|[from] ability: Drought|[of] p2a: Sunny
|move|p1a: Moltres|Flamethrower|p2a: Sunny
|-resisted|p2a: Sunny
|-damage|p2a: Sunny|69/100
|
|-weather|SunnyDay|[upkeep]
|-heal|p2a: Sunny|75/100|[from] item: Leftovers
|upkeep
|turn|12
|inactive|AbsolutNOOB1.2 has 120 seconds left.
|
|t:|1776102523
|switch|p1a: Grimmsnarl|Grimmsnarl, M|82/100 brn
|-damage|p1a: Grimmsnarl|69/100 brn|[from] Stealth Rock
|move|p2a: Sunny|Weather Ball|p1a: Grimmsnarl
|-damage|p1a: Grimmsnarl|36/100 brn
|
|-weather|SunnyDay|[upkeep]
|-heal|p2a: Sunny|81/100|[from] item: Leftovers
|-damage|p1a: Grimmsnarl|30/100 brn|[from] brn
|upkeep
|turn|13
|inactive|AbsolutNOOB1.2 has 120 seconds left.
|
|t:|1776102536
|move|p1a: Grimmsnarl|Light Screen|p1a: Grimmsnarl
|-sidestart|p1: Xtthanos|move: Light Screen
|move|p2a: Sunny|Weather Ball|p1a: Grimmsnarl
|-damage|p1a: Grimmsnarl|13/100 brn
|
|-weather|SunnyDay|[upkeep]
|-heal|p2a: Sunny|87/100|[from] item: Leftovers
|-damage|p1a: Grimmsnarl|7/100 brn|[from] brn
|upkeep
|turn|14
|inactive|AbsolutNOOB1.2 has 120 seconds left.
|
|t:|1776102548
|move|p1a: Grimmsnarl|Reflect|p1a: Grimmsnarl
|-sidestart|p1: Xtthanos|Reflect
|move|p2a: Sunny|Weather Ball|p1a: Grimmsnarl
|-damage|p1a: Grimmsnarl|0 fnt
|faint|p1a: Grimmsnarl
|
|-weather|SunnyDay|[upkeep]
|-heal|p2a: Sunny|94/100|[from] item: Leftovers
|upkeep
|
|t:|1776102552
|switch|p1a: Braviary|Braviary-Hisui, M|34/100
|turn|15
|inactive|AbsolutNOOB1.2 has 120 seconds left.
|
|t:|1776102566
|move|p1a: Braviary|Roost|p1a: Braviary
|-heal|p1a: Braviary|84/100
|-singleturn|p1a: Braviary|move: Roost
|move|p2a: Sunny|Weather Ball|p1a: Braviary
|-damage|p1a: Braviary|58/100
|
|-weather|none
|-heal|p2a: Sunny|99/100|[from] item: Leftovers
|upkeep
|turn|16
|inactive|AbsolutNOOB1.2 has 120 seconds left.
|
|t:|1776102579
|switch|p2a: Girafe|Raging Bolt|54/100
|move|p1a: Braviary|Calm Mind|p1a: Braviary
|-boost|p1a: Braviary|spa|1
|-boost|p1a: Braviary|spd|1
|
|upkeep
|turn|17
|
|t:|1776102589
|move|p2a: Girafe|Thunderclap||[still]
|-fail|p2a: Girafe
|move|p1a: Braviary|Calm Mind|p1a: Braviary
|-boost|p1a: Braviary|spa|1
|-boost|p1a: Braviary|spd|1
|
|upkeep
|turn|18
|
|t:|1776102596
|move|p2a: Girafe|Thunderclap||[still]
|-fail|p2a: Girafe
|move|p1a: Braviary|Roost|p1a: Braviary
|-heal|p1a: Braviary|100/100
|-singleturn|p1a: Braviary|move: Roost
|
|upkeep
|turn|19
|
|t:|1776102605
|move|p2a: Girafe|Thunderclap|p1a: Braviary
|-supereffective|p1a: Braviary
|-damage|p1a: Braviary|66/100
|move|p1a: Braviary|Vacuum Wave|p2a: Girafe
|-damage|p2a: Girafe|35/100
|
|upkeep
|turn|20
|
|t:|1776102612
|move|p2a: Girafe|Thunderclap|p1a: Braviary
|-supereffective|p1a: Braviary
|-damage|p1a: Braviary|31/100
|move|p1a: Braviary|Esper Wing|p2a: Girafe
|-crit|p2a: Girafe
|-damage|p2a: Girafe|0 fnt
|-boost|p1a: Braviary|spe|1
|faint|p2a: Girafe
|-end|p2a: Girafe|Protosynthesis|[silent]
|
|-sideend|p1: Xtthanos|move: Light Screen
|upkeep
|
|t:|1776102624
|switch|p2a: Sunny|Torkoal, F|99/100
|-weather|SunnyDay|[from] ability: Drought|[of] p2a: Sunny
|turn|21
|
|t:|1776102630
|move|p1a: Braviary|Roost|p1a: Braviary
|-heal|p1a: Braviary|81/100
|-singleturn|p1a: Braviary|move: Roost
|move|p2a: Sunny|Weather Ball|p1a: Braviary
|-damage|p1a: Braviary|56/100
|
|-weather|SunnyDay|[upkeep]
|-heal|p2a: Sunny|100/100|[from] item: Leftovers
|-sideend|p1: Xtthanos|Reflect
|upkeep
|turn|22
|
|t:|1776102642
|move|p1a: Braviary|Calm Mind|p1a: Braviary
|-boost|p1a: Braviary|spa|1
|-boost|p1a: Braviary|spd|1
|move|p2a: Sunny|Weather Ball|p1a: Braviary
|-damage|p1a: Braviary|36/100
|
|-weather|SunnyDay|[upkeep]
|upkeep
|turn|23
|
|t:|1776102652
|move|p1a: Braviary|Roost|p1a: Braviary
|-heal|p1a: Braviary|86/100
|-singleturn|p1a: Braviary|move: Roost
|move|p2a: Sunny|Weather Ball|p1a: Braviary
|-damage|p1a: Braviary|67/100
|
|-weather|SunnyDay|[upkeep]
|upkeep
|turn|24
|
|t:|1776102663
|switch|p2a: AsmonG|Brute Bonnet|100/100
|-activate|p2a: AsmonG|ability: Protosynthesis
|-start|p2a: AsmonG|protosynthesisatk
|move|p1a: Braviary|Esper Wing|p2a: AsmonG
|-immune|p2a: AsmonG
|
|-weather|SunnyDay|[upkeep]
|upkeep
|turn|25
|
|t:|1776102675
|move|p1a: Braviary|Vacuum Wave|p2a: AsmonG
|-supereffective|p2a: AsmonG
|-damage|p2a: AsmonG|59/100
|move|p2a: AsmonG|Crunch|p1a: Braviary
|-supereffective|p1a: Braviary
|-damage|p1a: Braviary|0 fnt
|faint|p1a: Braviary
|
|-weather|none
|-end|p2a: AsmonG|Protosynthesis
|-heal|p2a: AsmonG|65/100|[from] item: Leftovers
|upkeep
|
|t:|1776102680
|switch|p1a: Mudsdale|Mudsdale, F|100/100
|-damage|p1a: Mudsdale|94/100|[from] Stealth Rock
|turn|26
|
|t:|1776102693
|move|p2a: AsmonG|Seed Bomb|p1a: Mudsdale
|-supereffective|p1a: Mudsdale
|-damage|p1a: Mudsdale|39/100
|-ability|p1a: Mudsdale|Stamina|boost
|-boost|p1a: Mudsdale|def|1
|move|p1a: Mudsdale|Stealth Rock|p2a: AsmonG
|-sidestart|p2: AbsolutNOOB1.2|move: Stealth Rock
|
|-heal|p2a: AsmonG|71/100|[from] item: Leftovers
|-heal|p1a: Mudsdale|46/100|[from] item: Leftovers
|upkeep
|turn|27
|
|t:|1776102704
|move|p2a: AsmonG|Seed Bomb|p1a: Mudsdale
|-supereffective|p1a: Mudsdale
|-damage|p1a: Mudsdale|11/100
|-ability|p1a: Mudsdale|Stamina|boost
|-boost|p1a: Mudsdale|def|1
|move|p1a: Mudsdale|Body Press|p2a: AsmonG
|-supereffective|p2a: AsmonG
|-damage|p2a: AsmonG|0 fnt
|faint|p2a: AsmonG
|-end|p2a: AsmonG|Protosynthesis|[silent]
|
|-heal|p1a: Mudsdale|18/100|[from] item: Leftovers
|upkeep
|
|t:|1776102720
|switch|p2a: Sunny|Torkoal, F|100/100
|-damage|p2a: Sunny|75/100|[from] Stealth Rock
|-weather|SunnyDay|[from] ability: Drought|[of] p2a: Sunny
|turn|28
|
|t:|1776102727
|move|p1a: Mudsdale|Body Press|p2a: Sunny
|-damage|p2a: Sunny|43/100
|move|p2a: Sunny|Rapid Spin|p1a: Mudsdale
|-damage|p1a: Mudsdale|14/100
|-boost|p2a: Sunny|spe|1
|-ability|p1a: Mudsdale|Stamina|boost
|-boost|p1a: Mudsdale|def|1
|-sideend|p2: AbsolutNOOB1.2|Stealth Rock|[from] move: Rapid Spin|[of] p2a: Sunny
|
|-weather|SunnyDay|[upkeep]
|-heal|p1a: Mudsdale|21/100|[from] item: Leftovers
|-heal|p2a: Sunny|49/100|[from] item: Leftovers
|upkeep
|turn|29
|
|t:|1776102742
|move|p1a: Mudsdale|Body Press|p2a: Sunny
|-damage|p2a: Sunny|12/100
|move|p2a: Sunny|Weather Ball|p1a: Mudsdale
|-damage|p1a: Mudsdale|0 fnt
|faint|p1a: Mudsdale
|
|-weather|SunnyDay|[upkeep]
|-heal|p2a: Sunny|19/100|[from] item: Leftovers
|upkeep
|
|t:|1776102747
|switch|p1a: Moltres|Moltres|100/100
|turn|30
|
|t:|1776102762
|switch|p2a: Serpent-eau|Walking Wake|100/100
|-activate|p2a: Serpent-eau|ability: Protosynthesis
|-start|p2a: Serpent-eau|protosynthesisspa
|move|p1a: Moltres|Flamethrower|p2a: Serpent-eau
|-resisted|p2a: Serpent-eau
|-damage|p2a: Serpent-eau|83/100
|
|-weather|SunnyDay|[upkeep]
|upkeep
|turn|31
|
|t:|1776102776
|move|p2a: Serpent-eau|Hydro Pump|p1a: Moltres
|-supereffective|p1a: Moltres
|-damage|p1a: Moltres|11/100
|-damage|p2a: Serpent-eau|73/100|[from] item: Life Orb
|move|p1a: Moltres|Roar|p2a: Serpent-eau
|-end|p2a: Serpent-eau|Protosynthesis|[silent]
|drag|p2a: Sunny|Torkoal, F|19/100
|
|-weather|SunnyDay|[upkeep]
|-heal|p2a: Sunny|25/100|[from] item: Leftovers
|upkeep
|turn|32
|
|t:|1776102790
|move|p1a: Moltres|Flamethrower|p2a: Sunny
|-resisted|p2a: Sunny
|-damage|p2a: Sunny|0 fnt
|faint|p2a: Sunny
|
|-weather|none
|upkeep
|
|t:|1776102800
|switch|p2a: Serpent-eau|Walking Wake|73/100
|turn|33
|
|t:|1776102807
|move|p2a: Serpent-eau|Hydro Pump|p1a: Moltres
|-supereffective|p1a: Moltres
|-damage|p1a: Moltres|0 fnt
|faint|p1a: Moltres
|-damage|p2a: Serpent-eau|63/100|[from] item: Life Orb
|
|upkeep
|
|t:|1776102809
|switch|p1a: Bellibolt|Bellibolt, F|100/100
|-damage|p1a: Bellibolt|88/100|[from] Stealth Rock
|turn|34
|
|t:|1776102824
|move|p2a: Serpent-eau|Sunny Day|p2a: Serpent-eau
|-weather|SunnyDay
|-activate|p2a: Serpent-eau|ability: Protosynthesis
|-start|p2a: Serpent-eau|protosynthesisspa
|move|p1a: Bellibolt|Toxic|p2a: Serpent-eau
|-status|p2a: Serpent-eau|tox
|
|-weather|SunnyDay|[upkeep]
|-damage|p2a: Serpent-eau|57/100 tox|[from] psn
|upkeep
|turn|35
|
|t:|1776102838
|-end|p2a: Serpent-eau|Protosynthesis|[silent]
|switch|p2a: Bazil-eau|Great Tusk, shiny|100/100
|-activate|p2a: Bazil-eau|ability: Protosynthesis
|-start|p2a: Bazil-eau|protosynthesisatk
|move|p1a: Bellibolt|Thunderbolt|p2a: Bazil-eau
|-immune|p2a: Bazil-eau
|
|-weather|SunnyDay|[upkeep]
|upkeep
|turn|36
|
|t:|1776102851
|-terastallize|p1a: Bellibolt|Fairy
|move|p2a: Bazil-eau|Rapid Spin|p1a: Bellibolt
|-damage|p1a: Bellibolt|73/100
|-boost|p2a: Bazil-eau|spe|1
|-start|p1a: Bellibolt|Charge|Rapid Spin|[from] ability: Electromorphosis
|-damage|p2a: Bazil-eau|84/100|[from] item: Rocky Helmet|[of] p1a: Bellibolt
|move|p1a: Bellibolt|Toxic|p2a: Bazil-eau|[miss]
|-miss|p1a: Bellibolt|p2a: Bazil-eau
|
|-weather|SunnyDay|[upkeep]
|upkeep
|turn|37
|
|t:|1776102868
|move|p2a: Bazil-eau|Bulk Up|p2a: Bazil-eau
|-boost|p2a: Bazil-eau|atk|1
|-boost|p2a: Bazil-eau|def|1
|move|p1a: Bellibolt|Muddy Water|p2a: Bazil-eau|[miss]
|-miss|p1a: Bellibolt|p2a: Bazil-eau
|
|-weather|SunnyDay|[upkeep]
|upkeep
|turn|38
|
|t:|1776102880
|move|p2a: Bazil-eau|Headlong Rush|p1a: Bellibolt
|-damage|p1a: Bellibolt|0 fnt
|-unboost|p2a: Bazil-eau|def|1
|-unboost|p2a: Bazil-eau|spd|1
|-damage|p2a: Bazil-eau|67/100|[from] item: Rocky Helmet|[of] p1a: Bellibolt
|faint|p1a: Bellibolt
|
|-weather|none
|-end|p2a: Bazil-eau|Protosynthesis
|upkeep
|
|t:|1776102882
|switch|p1a: Scizor|Scizor, M|100/100
|-damage|p1a: Scizor|88/100|[from] Stealth Rock
|turn|39
|c|☆Xtthanos|Lucky lol
|
|t:|1776102895
|move|p1a: Scizor|Bullet Punch|p2a: Bazil-eau
|-damage|p2a: Bazil-eau|40/100
|-damage|p1a: Scizor|72/100|[from] item: Rocky Helmet|[of] p2a: Bazil-eau
|-damage|p1a: Scizor|62/100|[from] item: Life Orb
|move|p2a: Bazil-eau|Headlong Rush|p1a: Scizor
|-damage|p1a: Scizor|0 fnt
|-unboost|p2a: Bazil-eau|def|1
|-unboost|p2a: Bazil-eau|spd|1
|faint|p1a: Scizor
|
|win|AbsolutNOOB1.2
|raw|Xtthanos's rating: 1060 &rarr; <strong>1040</strong><br />(-20 for losing)
|raw|AbsolutNOOB1.2's rating: 1041 &rarr; <strong>1077</strong><br />(+36 for winning)
|l|☆Xtthanos
|player|p1|
