|html|<div class="broadcast-blue"><strong>[Gen 9] OU is currently suspecting Volcarona! For information on how to participate check out the <a href="https://www.smogon.com/tools/suspects/view/208">suspect thread</a>.</strong></div>
|j|☆SWAGGER_W2F
|j|‽Moorings
|t:|1778504591
|gametype|singles
|player|p1|SWAGGER_W2F|flint|1573
|player|p2|Moorings|plasmagrunt-gen5bw|1602
|gen|9
|tier|[Gen 9] OU
|rated|
|rule|HP Percentage Mod: HP is shown in percentages
|rule|Endless Battle Clause: Forcing endless battles is banned
|rule|Species Clause: Limit one of each Pokémon
|rule|OHKO Clause: OHKO moves are banned
|rule|Evasion Items Clause: Evasion items are banned
|rule|Evasion Moves Clause: Evasion moves are banned
|rule|Evasion Abilities Clause: Evasion abilities are banned
|rule|Sleep Moves Clause: Sleep-inducing moves are banned
|clearpoke
|poke|p1|Raging Bolt|
|poke|p1|Iron Valiant|
|poke|p1|Ceruledge, F|
|poke|p1|Iron Boulder|
|poke|p1|Ogerpon-Wellspring, F|
|poke|p1|Corviknight, F|
|poke|p2|Volcarona, M|
|poke|p2|Rillaboom, F|
|poke|p2|Hatterene, F|
|poke|p2|Great Tusk|
|poke|p2|Ogerpon-Wellspring, F|
|poke|p2|Glimmora, M|
|teampreview
|inactive|Battle timer is ON: inactive players will automatically lose when time's up. (requested by Moorings)
|
|t:|1778504614
|teamsize|p1|6
|teamsize|p2|6
|start
|switch|p1a: Raging Bolt|Raging Bolt|100/100
|switch|p2a: Rillaboom|Rillaboom, F|100/100
|-fieldstart|move: Grassy Terrain|[from] ability: Grassy Surge|[of] p2a: Rillaboom
|turn|1
|
|t:|1778504622
|move|p2a: Rillaboom|High Horsepower|p1a: Raging Bolt
|-supereffective|p1a: Raging Bolt
|-damage|p1a: Raging Bolt|58/100
|move|p1a: Raging Bolt|Dragon Pulse|p2a: Rillaboom
|-crit|p2a: Rillaboom
|-damage|p2a: Rillaboom|25/100
|
|-heal|p2a: Rillaboom|31/100|[from] Grassy Terrain
|-heal|p1a: Raging Bolt|64/100|[from] Grassy Terrain
|-heal|p1a: Raging Bolt|70/100|[from] item: Leftovers
|upkeep
|turn|2
|j| n44vvv
|
|t:|1778504634
|move|p2a: Rillaboom|U-turn|p1a: Raging Bolt
|-damage|p1a: Raging Bolt|55/100
|
|t:|1778504637
|switch|p2a: Hatterene|Hatterene, F|100/100|[from] U-turn
|-enditem|p2a: Hatterene|Grassy Seed
|-boost|p2a: Hatterene|def|1|[from] item: Grassy Seed
|move|p1a: Raging Bolt|Dragon Pulse|p2a: Hatterene
|-immune|p2a: Hatterene
|
|-heal|p1a: Raging Bolt|61/100|[from] Grassy Terrain
|-heal|p1a: Raging Bolt|67/100|[from] item: Leftovers
|upkeep
|turn|3
|
|t:|1778504649
|move|p1a: Raging Bolt|Volt Switch|p2a: Hatterene
|-damage|p2a: Hatterene|65/100
|
|t:|1778504660
|-end|p1a: Raging Bolt|Protosynthesis|[silent]
|switch|p1a: Ceruledge|Ceruledge, F|100/100|[from] Volt Switch
|move|p2a: Hatterene|Calm Mind|p2a: Hatterene
|-boost|p2a: Hatterene|spa|1
|-boost|p2a: Hatterene|spd|1
|
|-heal|p2a: Hatterene|71/100|[from] Grassy Terrain
|upkeep
|turn|4
|
|t:|1778504670
|move|p1a: Ceruledge|Bitter Blade|p2a: Hatterene
|-damage|p2a: Hatterene|41/100
|move|p2a: Hatterene|Stored Power|p1a: Ceruledge
|-damage|p1a: Ceruledge|66/100
|
|-heal|p1a: Ceruledge|72/100|[from] Grassy Terrain
|-heal|p2a: Hatterene|47/100|[from] Grassy Terrain
|upkeep
|turn|5
|
|t:|1778504679
|move|p1a: Ceruledge|Bitter Blade|p2a: Hatterene
|-damage|p2a: Hatterene|20/100
|-heal|p1a: Ceruledge|84/100|[from] drain|[of] p2a: Hatterene
|move|p2a: Hatterene|Stored Power|p1a: Ceruledge
|-damage|p1a: Ceruledge|49/100
|
|-heal|p1a: Ceruledge|55/100|[from] Grassy Terrain
|-heal|p2a: Hatterene|26/100|[from] Grassy Terrain
|upkeep
|turn|6
|
|t:|1778504693
|switch|p2a: Glimmora|Glimmora, M|100/100
|move|p1a: Ceruledge|Bitter Blade|p2a: Glimmora
|-resisted|p2a: Glimmora
|-damage|p2a: Glimmora|69/100
|-heal|p1a: Ceruledge|69/100|[from] drain|[of] p2a: Glimmora
|-activate|p2a: Glimmora|ability: Toxic Debris
|-sidestart|p1: SWAGGER_W2F|move: Toxic Spikes
|
|-heal|p2a: Glimmora|75/100|[from] Grassy Terrain
|-heal|p1a: Ceruledge|75/100|[from] Grassy Terrain
|upkeep
|turn|7
|
|t:|1778504706
|switch|p1a: Corviknight|Corviknight, F|100/100
|-ability|p1a: Corviknight|Pressure
|move|p2a: Glimmora|Meteor Beam||[still]
|-prepare|p2a: Glimmora|Meteor Beam
|-boost|p2a: Glimmora|spa|1
|-enditem|p2a: Glimmora|Power Herb
|-anim|p2a: Glimmora|Meteor Beam|p1a: Corviknight
|-damage|p1a: Corviknight|17/100
|
|-heal|p2a: Glimmora|81/100|[from] Grassy Terrain
|-heal|p1a: Corviknight|23/100|[from] item: Leftovers
|upkeep
|turn|8
|
|t:|1778504719
|move|p2a: Glimmora|Meteor Beam||[still]
|-prepare|p2a: Glimmora|Meteor Beam
|-boost|p2a: Glimmora|spa|1
|move|p1a: Corviknight|Defog|p2a: Glimmora
|-unboost|p2a: Glimmora|evasion|1
|-sideend|p1: SWAGGER_W2F|Toxic Spikes|[from] move: Defog|[of] p1a: Corviknight
|-fieldend|move: Grassy Terrain
|
|-heal|p1a: Corviknight|29/100|[from] item: Leftovers
|upkeep
|turn|9
|
|t:|1778504736
|switch|p1a: Raging Bolt|Raging Bolt|67/100
|move|p2a: Glimmora|Meteor Beam|p1a: Raging Bolt|[from] lockedmove
|-damage|p1a: Raging Bolt|0 fnt
|faint|p1a: Raging Bolt
|-end|p1a: Raging Bolt|Protosynthesis|[silent]
|
|upkeep
|
|t:|1778504746
|switch|p1a: Ogerpon|Ogerpon-Wellspring, F|100/100
|turn|10
|
|t:|1778504757
|switch|p2a: Rillaboom|Rillaboom, F|31/100
|-fieldstart|move: Grassy Terrain|[from] ability: Grassy Surge|[of] p2a: Rillaboom
|move|p1a: Ogerpon|Ivy Cudgel|p2a: Rillaboom|[anim] Ivy Cudgel Water
|-resisted|p2a: Rillaboom
|-damage|p2a: Rillaboom|1/100
|
|-heal|p2a: Rillaboom|7/100|[from] Grassy Terrain
|upkeep
|turn|11
|
|t:|1778504767
|move|p1a: Ogerpon|Trailblaze|p2a: Rillaboom
|-resisted|p2a: Rillaboom
|-damage|p2a: Rillaboom|0 fnt
|-boost|p1a: Ogerpon|spe|1
|faint|p2a: Rillaboom
|
|upkeep
|
|t:|1778504788
|switch|p2a: Ogerpon|Ogerpon-Wellspring, F|100/100
|turn|12
|
|t:|1778504791
|move|p1a: Ogerpon|Trailblaze|p2a: Ogerpon
|-damage|p2a: Ogerpon|50/100
|-boost|p1a: Ogerpon|spe|1
|move|p2a: Ogerpon|Swords Dance|p2a: Ogerpon
|-boost|p2a: Ogerpon|atk|2
|
|-heal|p2a: Ogerpon|56/100|[from] Grassy Terrain
|upkeep
|turn|13
|l| n44vvv
|inactive|SWAGGER_W2F has 120 seconds left.
|
|t:|1778504824
|switch|p1a: Corviknight|Corviknight, F|29/100
|-ability|p1a: Corviknight|Pressure
|move|p2a: Ogerpon|Grassy Glide|p1a: Corviknight
|-resisted|p1a: Corviknight
|-damage|p1a: Corviknight|13/100
|
|-heal|p2a: Ogerpon|62/100|[from] Grassy Terrain
|-heal|p1a: Corviknight|19/100|[from] item: Leftovers
|upkeep
|turn|14
|inactive|SWAGGER_W2F has 120 seconds left.
|
|t:|1778504840
|move|p2a: Ogerpon|Power Whip|p1a: Corviknight|[miss]
|-miss|p2a: Ogerpon|p1a: Corviknight
|move|p1a: Corviknight|U-turn|p2a: Ogerpon
|-supereffective|p2a: Ogerpon
|-damage|p2a: Ogerpon|25/100
|
|t:|1778504851
|switch|p1a: Ceruledge|Ceruledge, F|75/100|[from] U-turn
|
|-heal|p2a: Ogerpon|31/100|[from] Grassy Terrain
|-heal|p1a: Ceruledge|82/100|[from] Grassy Terrain
|upkeep
|turn|15
|
|t:|1778504859
|move|p1a: Ceruledge|Shadow Sneak|p2a: Ogerpon
|-damage|p2a: Ogerpon|3/100
|move|p2a: Ogerpon|Ivy Cudgel|p1a: Ceruledge|[anim] Ivy Cudgel Water
|-supereffective|p1a: Ceruledge
|-damage|p1a: Ceruledge|0 fnt
|faint|p1a: Ceruledge
|
|-heal|p2a: Ogerpon|9/100|[from] Grassy Terrain
|upkeep
|
|t:|1778504874
|switch|p1a: Corviknight|Corviknight, F|19/100
|-ability|p1a: Corviknight|Pressure
|turn|16
|
|t:|1778504879
|switch|p1a: Ogerpon|Ogerpon-Wellspring, F|100/100
|move|p2a: Ogerpon|Power Whip|p1a: Ogerpon
|-damage|p1a: Ogerpon|0 fnt
|faint|p1a: Ogerpon
|
|-heal|p2a: Ogerpon|15/100|[from] Grassy Terrain
|upkeep
|-message|SWAGGER_W2F forfeited.
|
|win|Moorings
|raw|SWAGGER_W2F's rating: 1573 &rarr; <strong>1555</strong><br />(-18 for losing)
|raw|Moorings's rating: 1602 &rarr; <strong>1620</strong><br />(+18 for winning)
|l|☆SWAGGER_W2F
|player|p1|
|l|‽Moorings
|player|p2|
