|html|<div class="broadcast-blue"><strong>[Gen 9] OU is currently suspecting Tera Blast! For information on how to participate check out the <a href="https://www.smogon.com/tools/suspects/view/200">suspect thread</a>.</strong></div>
|j|☆MassholeFlatlander
|j|☆beyondtricks
|t:|1776081607
|gametype|singles
|player|p1|MassholeFlatlander|n|1166
|player|p2|beyondtricks|veteran-gen4|1121
|gen|9
|tier|[Gen 9] OU
|rated|
|rule|HP Percentage Mod: HP is shown in percentages
|rule|Endless Battle Clause: Forcing endless battles is banned
|rule|Species Clause: Limit one of each Pokémon
|rule|OHKO Clause: OHKO moves are banned
|rule|Evasion Items Clause: Evasion items are banned
|rule|Evasion Moves Clause: Evasion moves are banned
|rule|Evasion Abilities Clause: Evasion abilities are banned
|rule|Sleep Moves Clause: Sleep-inducing moves are banned
|clearpoke
|poke|p1|Hippowdon, M|
|poke|p1|Corviknight, M|
|poke|p1|Flamigo, F|
|poke|p1|Farigiraf, M|
|poke|p1|Zoroark-Hisui, M|
|poke|p1|Slowking, M|
|poke|p2|Scizor, F|
|poke|p2|Primarina, F|
|poke|p2|Raging Bolt|
|poke|p2|Great Tusk|
|poke|p2|Corviknight, F|
|poke|p2|Darkrai|
|teampreview
|inactive|Battle timer is ON: inactive players will automatically lose when time's up. (requested by beyondtricks)
|
|t:|1776081626
|teamsize|p1|6
|teamsize|p2|6
|start
|switch|p1a: Hippowdon|Hippowdon, M|100/100
|switch|p2a: Great Tusk|Great Tusk|100/100
|turn|1
|
|t:|1776081636
|move|p2a: Great Tusk|Stealth Rock|p1a: Hippowdon
|-sidestart|p1: MassholeFlatlander|move: Stealth Rock
|move|p1a: Hippowdon|Body Slam|p2a: Great Tusk
|-damage|p2a: Great Tusk|85/100
|-status|p2a: Great Tusk|par
|
|upkeep
|turn|2
|
|t:|1776081643
|switch|p1a: Corviknight|Corviknight, M|100/100
|-damage|p1a: Corviknight|88/100|[from] Stealth Rock
|move|p2a: Great Tusk|Ice Spinner|p1a: Corviknight
|-damage|p1a: Corviknight|72/100
|
|-heal|p1a: Corviknight|78/100|[from] item: Leftovers
|upkeep
|turn|3
|
|t:|1776081653
|-end|p2a: Great Tusk|Protosynthesis|[silent]
|switch|p2a: Raging Bolt|Raging Bolt|100/100
|move|p1a: Corviknight|Defog|p2a: Raging Bolt
|-unboost|p2a: Raging Bolt|evasion|1
|-sideend|p1: MassholeFlatlander|Stealth Rock|[from] move: Defog|[of] p1a: Corviknight
|
|-heal|p1a: Corviknight|84/100|[from] item: Leftovers
|upkeep
|turn|4
|
|t:|1776081663
|switch|p1a: Hippowdon|Hippowdon, M|100/100
|move|p2a: Raging Bolt|Dragon Pulse|p1a: Hippowdon
|-damage|p1a: Hippowdon|49/100
|
|upkeep
|turn|5
|
|t:|1776081674
|switch|p1a: Slowking|Slowking, M|100/100
|move|p2a: Raging Bolt|Dragon Pulse|p1a: Slowking
|-damage|p1a: Slowking|71/100
|
|upkeep
|turn|6
|
|t:|1776081691
|move|p2a: Raging Bolt|Volt Switch|p1a: Slowking
|-supereffective|p1a: Slowking
|-damage|p1a: Slowking|26/100
|
|t:|1776081701
|-end|p2a: Raging Bolt|Protosynthesis|[silent]
|switch|p2a: Darkrai|Darkrai|100/100|[from] Volt Switch
|-prepare|p1a: Slowking|Chilly Reception|[premajor]
|move|p1a: Slowking|Chilly Reception|p1a: Slowking
|-weather|Snowscape
|
|t:|1776081708
|switch|p1a: Flamigo|Flamigo, F|100/100|[from] Chilly Reception
|
|-weather|Snowscape|[upkeep]
|upkeep
|turn|7
|
|t:|1776081731
|move|p1a: Flamigo|U-turn|p2a: Darkrai
|-supereffective|p2a: Darkrai
|-damage|p2a: Darkrai|31/100
|
|t:|1776081742
|switch|p1a: Slowking|Slowking, M|59/100|[from] U-turn
|move|p2a: Darkrai|Ice Beam|p1a: Slowking
|-resisted|p1a: Slowking
|-damage|p1a: Slowking|50/100
|-status|p1a: Slowking|frz
|
|-weather|Snowscape|[upkeep]
|upkeep
|turn|8
|
|t:|1776081753
|move|p2a: Darkrai|Shadow Ball|p1a: Slowking
|-supereffective|p1a: Slowking
|-damage|p1a: Slowking|17/100 frz
|-unboost|p1a: Slowking|spd|1
|-curestatus|p1a: Slowking|frz|[msg]
|move|p1a: Slowking|Flamethrower|p2a: Darkrai
|-damage|p2a: Darkrai|5/100
|
|-weather|Snowscape|[upkeep]
|upkeep
|turn|9
|
|t:|1776081776
|switch|p1a: Hippowdon|Hippowdon, M|100/100
|move|p2a: Darkrai|Shadow Ball|p1a: Hippowdon
|-immune|p1a: Hippowdon
|
|-weather|Snowscape|[upkeep]
|upkeep
|turn|10
|inactive|MassholeFlatlander has 120 seconds left.
|
|t:|1776081796
|switch|p2a: Primarina|Primarina, F|100/100
|move|p1a: Hippowdon|U-turn|p2a: Primarina
|-resisted|p2a: Primarina
|-damage|p2a: Primarina|91/100
|inactive|MassholeFlatlander has 120 seconds left.
|
|t:|1776081811
|switch|p1a: Slowking|Slowking, M|50/100|[from] U-turn
|
|-weather|none
|upkeep
|turn|11
|
|t:|1776081818
|move|p2a: Primarina|Moonblast|p1a: Slowking
|-damage|p1a: Slowking|16/100
|-unboost|p1a: Slowking|spa|1
|-prepare|p1a: Slowking|Chilly Reception|[premajor]
|move|p1a: Slowking|Chilly Reception|p1a: Slowking
|-weather|Snowscape
|
|t:|1776081825
|switch|p1a: Farigiraf|Farigiraf, M|100/100|[from] Chilly Reception
|
|-weather|Snowscape|[upkeep]
|upkeep
|turn|12
|inactive|MassholeFlatlander has 120 seconds left.
|
|t:|1776081832
|move|p1a: Farigiraf|Agility|p1a: Farigiraf
|-boost|p1a: Farigiraf|spe|2
|move|p2a: Primarina|Flip Turn|p1a: Farigiraf
|-damage|p1a: Farigiraf|82/100
|
|t:|1776081841
|switch|p2a: Scizor|Scizor, F|100/100|[from] Flip Turn
|
|-weather|Snowscape|[upkeep]
|upkeep
|turn|13
|
|t:|1776081861
|move|p2a: Scizor|Bullet Punch||[still]
|cant|p1a: Farigiraf|ability: Armor Tail|Bullet Punch|[of] p2a: Scizor
|move|p1a: Farigiraf|Thunder Wave|p2a: Scizor
|-status|p2a: Scizor|par
|
|-weather|Snowscape|[upkeep]
|upkeep
|turn|14
|
|t:|1776081869
|switch|p2a: Corviknight|Corviknight, F|100/100
|-ability|p2a: Corviknight|Pressure
|move|p1a: Farigiraf|Psychic|p2a: Corviknight
|-resisted|p2a: Corviknight
|-damage|p2a: Corviknight|73/100
|-damage|p1a: Farigiraf|72/100|[from] item: Life Orb
|
|-weather|Snowscape|[upkeep]
|upkeep
|turn|15
|
|t:|1776081879
|move|p1a: Farigiraf|Thunderbolt|p2a: Corviknight
|-supereffective|p2a: Corviknight
|-damage|p2a: Corviknight|0 fnt
|faint|p2a: Corviknight
|-damage|p1a: Farigiraf|62/100|[from] item: Life Orb
|
|-weather|none
|upkeep
|
|t:|1776081885
|switch|p2a: Great Tusk|Great Tusk|85/100 par
|turn|16
|
|t:|1776081893
|move|p1a: Farigiraf|Psychic|p2a: Great Tusk
|-supereffective|p2a: Great Tusk
|-damage|p2a: Great Tusk|0 fnt
|faint|p2a: Great Tusk
|-end|p2a: Great Tusk|Protosynthesis|[silent]
|-damage|p1a: Farigiraf|52/100|[from] item: Life Orb
|
|upkeep
|
|t:|1776081902
|switch|p2a: Raging Bolt|Raging Bolt|100/100
|turn|17
|
|t:|1776081908
|move|p1a: Farigiraf|Psychic|p2a: Raging Bolt
|-damage|p2a: Raging Bolt|47/100
|-damage|p1a: Farigiraf|42/100|[from] item: Life Orb
|move|p2a: Raging Bolt|Dragon Pulse|p1a: Farigiraf
|-damage|p1a: Farigiraf|0 fnt
|faint|p1a: Farigiraf
|
|-heal|p2a: Raging Bolt|53/100|[from] item: Leftovers
|upkeep
|
|t:|1776081922
|switch|p1a: Hippowdon|Hippowdon, M|100/100
|turn|18
|
|t:|1776081932
|-end|p2a: Raging Bolt|Protosynthesis|[silent]
|switch|p2a: Primarina|Primarina, F|91/100
|move|p1a: Hippowdon|Shadow Ball|p2a: Primarina
|-damage|p2a: Primarina|67/100
|
|upkeep
|turn|19
|
|t:|1776081941
|move|p1a: Hippowdon|U-turn|p2a: Primarina
|-resisted|p2a: Primarina
|-damage|p2a: Primarina|57/100
|
|t:|1776081955
|switch|p1a: Slowking|Slowking, M|50/100|[from] U-turn
|move|p2a: Primarina|Flip Turn|p1a: Slowking
|-resisted|p1a: Slowking
|-damage|p1a: Slowking|42/100
|
|t:|1776081964
|switch|p2a: Raging Bolt|Raging Bolt|53/100|[from] Flip Turn
|
|-heal|p2a: Raging Bolt|60/100|[from] item: Leftovers
|upkeep
|turn|20
|
|t:|1776081971
|move|p2a: Raging Bolt|Thunderbolt|p1a: Slowking
|-supereffective|p1a: Slowking
|-damage|p1a: Slowking|0 fnt
|faint|p1a: Slowking
|
|-heal|p2a: Raging Bolt|66/100|[from] item: Leftovers
|upkeep
|
|t:|1776081996
|switch|p1a: Hippowdon|Hippowdon, M|100/100
|turn|21
|
|t:|1776082016
|-end|p2a: Raging Bolt|Protosynthesis|[silent]
|switch|p2a: Primarina|Primarina, F|57/100
|move|p1a: Hippowdon|Shadow Ball|p2a: Primarina
|-damage|p2a: Primarina|30/100
|
|upkeep
|turn|22
|
|t:|1776082034
|switch|p1a: Flamigo|Flamigo, F|100/100
|move|p2a: Primarina|Surf|p1a: Flamigo
|-damage|p1a: Flamigo|0 fnt
|faint|p1a: Flamigo
|
|upkeep
|
|t:|1776082046
|switch|p1a: Corviknight|Corviknight, M|84/100
|turn|23
|
|t:|1776082053
|move|p2a: Primarina|Flip Turn|p1a: Corviknight
|-damage|p1a: Corviknight|71/100
|
|t:|1776082057
|switch|p2a: Raging Bolt|Raging Bolt|66/100|[from] Flip Turn
|move|p1a: Corviknight|Body Press|p2a: Raging Bolt
|-damage|p2a: Raging Bolt|42/100
|
|-heal|p2a: Raging Bolt|48/100|[from] item: Leftovers
|-heal|p1a: Corviknight|77/100|[from] item: Leftovers
|upkeep
|turn|24
|
|t:|1776082073
|-terastallize|p1a: Corviknight|Dragon
|move|p2a: Raging Bolt|Volt Switch|p1a: Corviknight
|-resisted|p1a: Corviknight
|-damage|p1a: Corviknight|55/100
|
|t:|1776082083
|-end|p2a: Raging Bolt|Protosynthesis|[silent]
|switch|p2a: Scizor|Scizor, F|100/100 par|[from] Volt Switch
|move|p1a: Corviknight|Body Press|p2a: Scizor
|-damage|p2a: Scizor|71/100 par
|
|-heal|p1a: Corviknight|62/100|[from] item: Leftovers
|upkeep
|turn|25
|
|t:|1776082098
|-terastallize|p2a: Scizor|Steel
|move|p2a: Scizor|Bullet Punch|p1a: Corviknight
|-damage|p1a: Corviknight|24/100
|move|p1a: Corviknight|U-turn|p2a: Scizor
|-resisted|p2a: Scizor
|-damage|p2a: Scizor|61/100 par
|
|t:|1776082105
|switch|p1a: Hippowdon|Hippowdon, M|49/100|[from] U-turn
|
|upkeep
|turn|26
|
|t:|1776082122
|switch|p2a: Primarina|Primarina, F|30/100
|move|p1a: Hippowdon|Slack Off|p1a: Hippowdon
|-heal|p1a: Hippowdon|99/100
|
|upkeep
|turn|27
|
|t:|1776082138
|switch|p1a: Corviknight|Corviknight, M, tera:Dragon|24/100
|move|p2a: Primarina|Surf|p1a: Corviknight
|-resisted|p1a: Corviknight
|-damage|p1a: Corviknight|0 fnt
|faint|p1a: Corviknight
|
|upkeep
|
|t:|1776082148
|switch|p1a: Hippowdon|Hippowdon, M|100/100
|turn|28
|
|t:|1776082160
|move|p1a: Hippowdon|Shadow Ball|p2a: Primarina
|-damage|p2a: Primarina|3/100
|move|p2a: Primarina|Moonblast|p1a: Hippowdon
|-enditem|p1a: Hippowdon|Focus Sash
|-damage|p1a: Hippowdon|1/100
|replace|p1a: Zoroark|Zoroark-Hisui, M
|-end|p1a: Zoroark|Illusion
|
|upkeep
|turn|29
|
|t:|1776082172
|move|p1a: Zoroark|Shadow Ball|p2a: Primarina
|-damage|p2a: Primarina|0 fnt
|faint|p2a: Primarina
|
|upkeep
|
|t:|1776082174
|switch|p2a: Darkrai|Darkrai|5/100
|turn|30
|
|t:|1776082179
|move|p2a: Darkrai|Dark Pulse|p1a: Zoroark
|-supereffective|p1a: Zoroark
|-damage|p1a: Zoroark|0 fnt
|faint|p1a: Zoroark
|
|upkeep
|
|t:|1776082185
|switch|p1a: Hippowdon|Hippowdon, M|99/100
|turn|31
|
|t:|1776082192
|move|p2a: Darkrai|Ice Beam|p1a: Hippowdon
|-supereffective|p1a: Hippowdon
|-damage|p1a: Hippowdon|28/100
|move|p1a: Hippowdon|Body Slam|p2a: Darkrai
|-damage|p2a: Darkrai|0 fnt
|faint|p2a: Darkrai
|
|upkeep
|
|t:|1776082197
|switch|p2a: Scizor|Scizor, F, tera:Steel|61/100 par
|turn|32
|
|t:|1776082202
|move|p2a: Scizor|Bullet Punch|p1a: Hippowdon
|-damage|p1a: Hippowdon|0 fnt
|-damage|p2a: Scizor|45/100 par|[from] item: Rocky Helmet|[of] p1a: Hippowdon
|faint|p1a: Hippowdon
|
|win|beyondtricks
|raw|MassholeFlatlander's rating: 1166 &rarr; <strong>1138</strong><br />(-28 for losing)
|raw|beyondtricks's rating: 1121 &rarr; <strong>1149</strong><br />(+28 for winning)
|l|☆MassholeFlatlander
|player|p1|
|l|☆beyondtricks
|player|p2|
