|html|<div class="broadcast-blue"><strong>[Gen 9] OU is currently suspecting Tera Blast! For information on how to participate check out the <a href="https://www.smogon.com/tools/suspects/view/200">suspect thread</a>.</strong></div>
|j|☆calio5
|j|☆abhii.g
|t:|1776106112
|gametype|singles
|player|p1|calio5|170|1562
|player|p2|abhii.g|benga|1642
|gen|9
|tier|[Gen 9] OU
|rated|
|rule|HP Percentage Mod: HP is shown in percentages
|rule|Endless Battle Clause: Forcing endless battles is banned
|rule|Species Clause: Limit one of each Pokémon
|rule|OHKO Clause: OHKO moves are banned
|rule|Evasion Items Clause: Evasion items are banned
|rule|Evasion Moves Clause: Evasion moves are banned
|rule|Evasion Abilities Clause: Evasion abilities are banned
|rule|Sleep Moves Clause: Sleep-inducing moves are banned
|clearpoke
|poke|p1|Zapdos|
|poke|p1|Volcanion|
|poke|p1|Corviknight, F|
|poke|p1|Clodsire, M|
|poke|p1|Dondozo, M|
|poke|p1|Politoed, M|
|poke|p2|Dragonite, F|
|poke|p2|Zamazenta-*|
|poke|p2|Landorus-Therian, M|
|poke|p2|Gholdengo|
|poke|p2|Darkrai|
|poke|p2|Hatterene, F|
|teampreview
|inactive|Battle timer is ON: inactive players will automatically lose when time's up. (requested by abhii.g)
|inactive|calio5 has 120 seconds left.
|inactive|calio5 has 90 seconds left.
|
|t:|1776106196
|teamsize|p1|6
|teamsize|p2|6
|start
|switch|p1a: Politoed|Politoed, M|100/100
|switch|p2a: Darkrai|Darkrai|100/100
|-weather|RainDance|[from] ability: Drizzle|[of] p1a: Politoed
|turn|1
|
|t:|1776106206
|move|p2a: Darkrai|Dark Pulse|p1a: Politoed
|-damage|p1a: Politoed|73/100
|move|p1a: Politoed|Surf|p2a: Darkrai
|-damage|p2a: Darkrai|48/100
|
|-weather|RainDance|[upkeep]
|upkeep
|turn|2
|
|t:|1776106219
|switch|p2a: Hatterene|Hatterene, F|100/100
|move|p1a: Politoed|Surf|p2a: Hatterene
|-damage|p2a: Hatterene|73/100
|
|-weather|RainDance|[upkeep]
|upkeep
|turn|3
|
|t:|1776106232
|switch|p1a: Zapdos|Zapdos|100/100
|move|p2a: Hatterene|Psyshock|p1a: Zapdos
|-damage|p1a: Zapdos|47/100
|
|-weather|RainDance|[upkeep]
|upkeep
|turn|4
|
|t:|1776106239
|move|p1a: Zapdos|Thunder|p2a: Hatterene
|-damage|p2a: Hatterene|42/100
|-status|p2a: Hatterene|par
|move|p2a: Hatterene|Psyshock|p1a: Zapdos
|-damage|p1a: Zapdos|0 fnt
|faint|p1a: Zapdos
|
|-weather|RainDance|[upkeep]
|upkeep
|
|t:|1776106248
|switch|p1a: Volcanion|Volcanion|100/100
|turn|5
|
|t:|1776106258
|move|p1a: Volcanion|Steam Eruption|p2a: Hatterene|[miss]
|-miss|p1a: Volcanion|p2a: Hatterene
|move|p2a: Hatterene|Psychic Noise|p1a: Volcanion
|-damage|p1a: Volcanion|54/100
|-start|p1a: Volcanion|move: Heal Block
|
|-weather|RainDance|[upkeep]
|upkeep
|turn|6
|
|t:|1776106268
|move|p1a: Volcanion|Steam Eruption|p2a: Hatterene
|-damage|p2a: Hatterene|0 fnt
|faint|p2a: Hatterene
|
|-weather|RainDance|[upkeep]
|-end|p1a: Volcanion|move: Heal Block
|upkeep
|
|t:|1776106278
|switch|p2a: Landorus|Landorus-Therian, M|100/100
|-ability|p2a: Landorus|Intimidate|boost
|-unboost|p1a: Volcanion|atk|1
|turn|7
|
|t:|1776106285
|switch|p1a: Corviknight|Corviknight, F|100/100
|-ability|p1a: Corviknight|Pressure
|move|p2a: Landorus|Stealth Rock|p1a: Corviknight
|-sidestart|p1: calio5|move: Stealth Rock
|
|-weather|RainDance|[upkeep]
|upkeep
|turn|8
|
|t:|1776106297
|move|p2a: Landorus|Taunt|p1a: Corviknight
|-start|p1a: Corviknight|move: Taunt
|cant|p1a: Corviknight|move: Taunt|Defog
|
|-weather|none
|upkeep
|turn|9
|
|t:|1776106304
|move|p2a: Landorus|U-turn|p1a: Corviknight
|-resisted|p1a: Corviknight
|-damage|p1a: Corviknight|97/100
|-damage|p2a: Landorus|84/100|[from] item: Rocky Helmet|[of] p1a: Corviknight
|
|t:|1776106306
|switch|p2a: Gholdengo|Gholdengo|100/100|[from] U-turn
|move|p1a: Corviknight|Body Press|p2a: Gholdengo
|-immune|p2a: Gholdengo
|
|upkeep
|turn|10
|
|t:|1776106313
|switch|p1a: Clodsire|Clodsire, M|100/100
|-damage|p1a: Clodsire|94/100|[from] Stealth Rock
|move|p2a: Gholdengo|Thunderbolt|p1a: Clodsire
|-immune|p1a: Clodsire
|
|-heal|p1a: Clodsire|100/100|[from] item: Black Sludge
|upkeep
|turn|11
|
|t:|1776106321
|switch|p2a: Landorus|Landorus-Therian, M|84/100
|-ability|p2a: Landorus|Intimidate|boost
|-unboost|p1a: Clodsire|atk|1
|move|p1a: Clodsire|Stealth Rock|p2a: Landorus
|-sidestart|p2: abhii.g|move: Stealth Rock
|
|upkeep
|turn|12
|
|t:|1776106328
|switch|p1a: Corviknight|Corviknight, F|97/100
|-damage|p1a: Corviknight|84/100|[from] Stealth Rock
|-ability|p1a: Corviknight|Pressure
|move|p2a: Landorus|U-turn|p1a: Corviknight
|-resisted|p1a: Corviknight
|-damage|p1a: Corviknight|80/100
|-damage|p2a: Landorus|67/100|[from] item: Rocky Helmet|[of] p1a: Corviknight
|
|t:|1776106331
|switch|p2a: Gholdengo|Gholdengo|100/100|[from] U-turn
|-damage|p2a: Gholdengo|94/100|[from] Stealth Rock
|
|upkeep
|turn|13
|
|t:|1776106341
|switch|p1a: Clodsire|Clodsire, M|100/100
|-damage|p1a: Clodsire|94/100|[from] Stealth Rock
|move|p2a: Gholdengo|Nasty Plot|p2a: Gholdengo
|-boost|p2a: Gholdengo|spa|2
|
|-heal|p1a: Clodsire|100/100|[from] item: Black Sludge
|upkeep
|turn|14
|
|t:|1776106349
|move|p2a: Gholdengo|Make It Rain|p1a: Clodsire
|-damage|p1a: Clodsire|2/100
|-unboost|p2a: Gholdengo|spa|1
|move|p1a: Clodsire|Earthquake|p2a: Gholdengo
|-supereffective|p2a: Gholdengo
|-damage|p2a: Gholdengo|32/100
|
|-heal|p1a: Clodsire|9/100|[from] item: Black Sludge
|upkeep
|turn|15
|
|t:|1776106359
|move|p2a: Gholdengo|Make It Rain|p1a: Clodsire
|-damage|p1a: Clodsire|0 fnt
|-unboost|p2a: Gholdengo|spa|1
|faint|p1a: Clodsire
|
|upkeep
|
|t:|1776106365
|switch|p1a: Politoed|Politoed, M|73/100
|-damage|p1a: Politoed|61/100|[from] Stealth Rock
|-weather|RainDance|[from] ability: Drizzle|[of] p1a: Politoed
|turn|16
|
|t:|1776106376
|move|p2a: Gholdengo|Recover|p2a: Gholdengo
|-heal|p2a: Gholdengo|82/100
|move|p1a: Politoed|Surf|p2a: Gholdengo
|-damage|p2a: Gholdengo|33/100
|
|-weather|RainDance|[upkeep]
|upkeep
|turn|17
|
|t:|1776106382
|move|p2a: Gholdengo|Recover|p2a: Gholdengo
|-heal|p2a: Gholdengo|83/100
|move|p1a: Politoed|Surf|p2a: Gholdengo
|-damage|p2a: Gholdengo|35/100
|
|-weather|RainDance|[upkeep]
|upkeep
|turn|18
|
|t:|1776106389
|move|p2a: Gholdengo|Recover|p2a: Gholdengo
|-heal|p2a: Gholdengo|85/100
|move|p1a: Politoed|Mud-Slap|p2a: Gholdengo
|-supereffective|p2a: Gholdengo
|-damage|p2a: Gholdengo|75/100
|-unboost|p2a: Gholdengo|accuracy|1
|
|-weather|RainDance|[upkeep]
|upkeep
|turn|19
|
|t:|1776106397
|switch|p2a: Darkrai|Darkrai|48/100
|move|p1a: Politoed|Mud-Slap|p2a: Darkrai
|-damage|p2a: Darkrai|42/100
|-unboost|p2a: Darkrai|accuracy|1
|
|-weather|RainDance|[upkeep]
|upkeep
|turn|20
|
|t:|1776106405
|move|p2a: Darkrai|Dark Pulse|p1a: Politoed
|-damage|p1a: Politoed|35/100
|move|p1a: Politoed|Surf|p2a: Darkrai
|-damage|p2a: Darkrai|0 fnt
|faint|p2a: Darkrai
|
|-weather|RainDance|[upkeep]
|upkeep
|
|t:|1776106414
|switch|p2a: Gholdengo|Gholdengo|75/100
|-damage|p2a: Gholdengo|69/100|[from] Stealth Rock
|turn|21
|
|t:|1776106419
|move|p2a: Gholdengo|Thunderbolt|p1a: Politoed
|-supereffective|p1a: Politoed
|-damage|p1a: Politoed|0 fnt
|faint|p1a: Politoed
|
|-weather|RainDance|[upkeep]
|upkeep
|
|t:|1776106426
|switch|p1a: Volcanion|Volcanion|54/100
|turn|22
|
|t:|1776106432
|switch|p2a: Landorus|Landorus-Therian, M|67/100
|-damage|p2a: Landorus|55/100|[from] Stealth Rock
|-ability|p2a: Landorus|Intimidate|boost
|-unboost|p1a: Volcanion|atk|1
|-terastallize|p1a: Volcanion|Ground
|move|p1a: Volcanion|Steam Eruption|p2a: Landorus
|-supereffective|p2a: Landorus
|-damage|p2a: Landorus|0 fnt
|faint|p2a: Landorus
|
|-weather|RainDance|[upkeep]
|upkeep
|
|t:|1776106441
|switch|p2a: Gholdengo|Gholdengo|69/100
|-damage|p2a: Gholdengo|63/100|[from] Stealth Rock
|turn|23
|
|t:|1776106447
|switch|p1a: Corviknight|Corviknight, F|80/100
|-damage|p1a: Corviknight|68/100|[from] Stealth Rock
|-ability|p1a: Corviknight|Pressure
|move|p2a: Gholdengo|Make It Rain|p1a: Corviknight
|-resisted|p1a: Corviknight
|-damage|p1a: Corviknight|36/100
|-unboost|p2a: Gholdengo|spa|1
|
|-weather|none
|upkeep
|turn|24
|
|t:|1776106460
|move|p2a: Gholdengo|Nasty Plot|p2a: Gholdengo
|-boost|p2a: Gholdengo|spa|2
|move|p1a: Corviknight|Roost|p1a: Corviknight
|-heal|p1a: Corviknight|86/100
|-singleturn|p1a: Corviknight|move: Roost
|
|upkeep
|turn|25
|
|t:|1776106467
|switch|p1a: Dondozo|Dondozo, M|100/100
|-damage|p1a: Dondozo|88/100|[from] Stealth Rock
|move|p2a: Gholdengo|Recover|p2a: Gholdengo
|-heal|p2a: Gholdengo|100/100
|
|-heal|p1a: Dondozo|94/100|[from] item: Leftovers
|upkeep
|turn|26
|
|t:|1776106475
|move|p2a: Gholdengo|Thunderbolt|p1a: Dondozo
|-supereffective|p1a: Dondozo
|-damage|p1a: Dondozo|29/100
|move|p1a: Dondozo|Earthquake|p2a: Gholdengo
|-supereffective|p2a: Gholdengo
|-damage|p2a: Gholdengo|43/100
|
|-heal|p1a: Dondozo|35/100|[from] item: Leftovers
|upkeep
|turn|27
|-message|calio5 forfeited.
|
|win|abhii.g
|raw|calio5's rating: 1562 &rarr; <strong>1547</strong><br />(-15 for losing)
|raw|abhii.g's rating: 1642 &rarr; <strong>1657</strong><br />(+15 for winning)
|l|☆calio5
|player|p1|
|l|☆abhii.g
|player|p2|
