|html|<div class="broadcast-blue"><strong>[Gen 9] OU is currently suspecting Tera Blast! For information on how to participate check out the <a href="https://www.smogon.com/tools/suspects/view/200">suspect thread</a>.</strong></div>
|j|☆satchitananda
|j|☆rockeater9000
|t:|1776240465
|gametype|singles
|player|p1|satchitananda|unknown|1433
|player|p2|rockeater9000|cheryl|1399
|gen|9
|tier|[Gen 9] OU
|rated|
|rule|HP Percentage Mod: HP is shown in percentages
|rule|Endless Battle Clause: Forcing endless battles is banned
|rule|Species Clause: Limit one of each Pokémon
|rule|OHKO Clause: OHKO moves are banned
|rule|Evasion Items Clause: Evasion items are banned
|rule|Evasion Moves Clause: Evasion moves are banned
|rule|Evasion Abilities Clause: Evasion abilities are banned
|rule|Sleep Moves Clause: Sleep-inducing moves are banned
|clearpoke
|poke|p1|Barraskewda, M|
|poke|p1|Corviknight, M|
|poke|p1|Great Tusk|
|poke|p1|Scizor, F|
|poke|p1|Dragapult, F|
|poke|p1|Pelipper, F|
|poke|p2|Ninetales, M|
|poke|p2|Alomomola, M|
|poke|p2|Walking Wake|
|poke|p2|Great Tusk|
|poke|p2|Iron Moth|
|poke|p2|Lilligant-Hisui, F|
|teampreview
|inactive|Battle timer is ON: inactive players will automatically lose when time's up. (requested by satchitananda)
|
|t:|1776240477
|teamsize|p1|6
|teamsize|p2|6
|start
|switch|p1a: Dragapult|Dragapult, F|100/100
|switch|p2a: Ninetales|Ninetales, M|100/100
|-weather|SunnyDay|[from] ability: Drought|[of] p2a: Ninetales
|turn|1
|
|t:|1776240482
|switch|p2a: Alomomola|Alomomola, M|100/100
|move|p1a: Dragapult|U-turn|p2a: Alomomola
|-damage|p2a: Alomomola|88/100
|-enditem|p2a: Alomomola|Eject Button
|
|t:|1776240489
|switch|p2a: Lilligant|Lilligant-Hisui, F|100/100
|
|-weather|SunnyDay|[upkeep]
|upkeep
|turn|2
|
|t:|1776240502
|-terastallize|p1a: Dragapult|Fairy
|move|p2a: Lilligant|Triple Axel|p1a: Dragapult
|-crit|p1a: Dragapult
|-damage|p1a: Dragapult|81/100
|-damage|p1a: Dragapult|56/100
|-damage|p1a: Dragapult|19/100
|-hitcount|p1a: Dragapult|3
|-damage|p2a: Lilligant|91/100|[from] item: Life Orb
|move|p1a: Dragapult|Tera Blast|p2a: Lilligant|[anim] Tera Blast Fairy
|-supereffective|p2a: Lilligant
|-damage|p2a: Lilligant|0 fnt
|faint|p2a: Lilligant
|
|-weather|SunnyDay|[upkeep]
|upkeep
|
|t:|1776240510
|switch|p2a: Great Tusk|Great Tusk|100/100
|-activate|p2a: Great Tusk|ability: Protosynthesis
|-start|p2a: Great Tusk|protosynthesisspe
|turn|3
|
|t:|1776240515
|switch|p1a: Pelipper|Pelipper, F|100/100
|-weather|RainDance|[from] ability: Drizzle|[of] p1a: Pelipper
|-end|p2a: Great Tusk|Protosynthesis
|move|p2a: Great Tusk|Headlong Rush|p1a: Pelipper
|-immune|p1a: Pelipper
|
|-weather|RainDance|[upkeep]
|upkeep
|turn|4
|
|t:|1776240518
|move|p2a: Great Tusk|Head Smash|p1a: Pelipper
|-supereffective|p1a: Pelipper
|-damage|p1a: Pelipper|20/100
|-damage|p2a: Great Tusk|70/100|[from] Recoil
|-damage|p2a: Great Tusk|60/100|[from] item: Life Orb
|move|p1a: Pelipper|U-turn|p2a: Great Tusk
|-resisted|p2a: Great Tusk
|-damage|p2a: Great Tusk|57/100
|
|t:|1776240523
|switch|p1a: Barraskewda|Barraskewda, M, shiny|100/100|[from] U-turn
|
|-weather|RainDance|[upkeep]
|upkeep
|turn|5
|
|t:|1776240526
|-end|p2a: Great Tusk|Protosynthesis|[silent]
|switch|p2a: Alomomola|Alomomola, M|100/100
|move|p1a: Barraskewda|Flip Turn|p2a: Alomomola
|-resisted|p2a: Alomomola
|-damage|p2a: Alomomola|77/100
|
|t:|1776240530
|switch|p1a: Scizor|Scizor, F, shiny|100/100|[from] Flip Turn
|
|-weather|RainDance|[upkeep]
|upkeep
|turn|6
|
|t:|1776240533
|move|p1a: Scizor|Knock Off|p2a: Alomomola
|-damage|p2a: Alomomola|51/100
|move|p2a: Alomomola|Flip Turn|p1a: Scizor
|-damage|p1a: Scizor|76/100
|
|t:|1776240535
|switch|p2a: Ninetales|Ninetales, M|100/100|[from] Flip Turn
|-weather|SunnyDay|[from] ability: Drought|[of] p2a: Ninetales
|
|-weather|SunnyDay|[upkeep]
|upkeep
|turn|7
|
|t:|1776240544
|switch|p1a: Pelipper|Pelipper, F|20/100
|-weather|RainDance|[from] ability: Drizzle|[of] p1a: Pelipper
|move|p2a: Ninetales|Overheat|p1a: Pelipper
|-resisted|p1a: Pelipper
|-damage|p1a: Pelipper|1/100
|-unboost|p2a: Ninetales|spa|2
|
|-weather|RainDance|[upkeep]
|upkeep
|turn|8
|
|t:|1776240553
|switch|p1a: Barraskewda|Barraskewda, M, shiny|100/100
|move|p2a: Ninetales|Overheat|p1a: Barraskewda
|-resisted|p1a: Barraskewda
|-damage|p1a: Barraskewda|87/100
|-unboost|p2a: Ninetales|spa|2
|
|-weather|RainDance|[upkeep]
|upkeep
|turn|9
|
|t:|1776240560
|switch|p2a: Alomomola|Alomomola, M|84/100
|move|p1a: Barraskewda|Liquidation|p2a: Alomomola
|-resisted|p2a: Alomomola
|-damage|p2a: Alomomola|47/100
|
|-weather|RainDance|[upkeep]
|upkeep
|turn|10
|
|t:|1776240568
|switch|p2a: Walking Wake|Walking Wake|100/100
|move|p1a: Barraskewda|Liquidation|p2a: Walking Wake
|-resisted|p2a: Walking Wake
|-damage|p2a: Walking Wake|70/100
|
|-weather|RainDance|[upkeep]
|upkeep
|turn|11
|
|t:|1776240575
|switch|p1a: Scizor|Scizor, F, shiny|76/100
|move|p2a: Walking Wake|Hydro Steam|p1a: Scizor
|-damage|p1a: Scizor|0 fnt
|faint|p1a: Scizor
|
|-weather|RainDance|[upkeep]
|upkeep
|
|t:|1776240577
|switch|p1a: Dragapult|Dragapult, F, tera:Fairy|19/100
|turn|12
|
|t:|1776240582
|-end|p2a: Walking Wake|Protosynthesis|[silent]
|switch|p2a: Ninetales|Ninetales, M|100/100
|-weather|SunnyDay|[from] ability: Drought|[of] p2a: Ninetales
|move|p1a: Dragapult|Draco Meteor|p2a: Ninetales
|-damage|p2a: Ninetales|22/100
|-unboost|p1a: Dragapult|spa|2
|
|-weather|SunnyDay|[upkeep]
|upkeep
|turn|13
|
|t:|1776240588
|switch|p2a: Alomomola|Alomomola, M|81/100
|move|p1a: Dragapult|U-turn|p2a: Alomomola
|-damage|p2a: Alomomola|69/100
|
|t:|1776240590
|switch|p1a: Pelipper|Pelipper, F|1/100|[from] U-turn
|-weather|RainDance|[from] ability: Drizzle|[of] p1a: Pelipper
|
|-weather|RainDance|[upkeep]
|upkeep
|turn|14
|
|t:|1776240593
|move|p1a: Pelipper|Roost|p1a: Pelipper
|-heal|p1a: Pelipper|52/100
|-singleturn|p1a: Pelipper|move: Roost
|move|p2a: Alomomola|Flip Turn|p1a: Pelipper
|-resisted|p1a: Pelipper
|-damage|p1a: Pelipper|42/100
|
|t:|1776240599
|switch|p2a: Walking Wake|Walking Wake|70/100|[from] Flip Turn
|
|-weather|RainDance|[upkeep]
|upkeep
|turn|15
|
|t:|1776240602
|switch|p1a: Corviknight|Corviknight, M, shiny|100/100
|-ability|p1a: Corviknight|Pressure
|move|p2a: Walking Wake|Hydro Steam|p1a: Corviknight
|-damage|p1a: Corviknight|34/100
|
|-weather|RainDance|[upkeep]
|upkeep
|turn|16
|
|t:|1776240605
|move|p2a: Walking Wake|Hydro Steam|p1a: Corviknight
|-damage|p1a: Corviknight|0 fnt
|faint|p1a: Corviknight
|
|-weather|RainDance|[upkeep]
|upkeep
|
|t:|1776240609
|switch|p1a: Dragapult|Dragapult, F, tera:Fairy|19/100
|turn|17
|
|t:|1776240615
|-end|p2a: Walking Wake|Protosynthesis|[silent]
|switch|p2a: Alomomola|Alomomola, M|100/100
|move|p1a: Dragapult|Tera Blast|p2a: Alomomola|[anim] Tera Blast Fairy
|-damage|p2a: Alomomola|71/100
|
|-weather|RainDance|[upkeep]
|upkeep
|turn|18
|
|t:|1776240621
|move|p1a: Dragapult|Draco Meteor|p2a: Alomomola
|-damage|p2a: Alomomola|24/100
|-unboost|p1a: Dragapult|spa|2
|move|p2a: Alomomola|Flip Turn|p1a: Dragapult
|-damage|p1a: Dragapult|0 fnt
|faint|p1a: Dragapult
|
|t:|1776240624
|switch|p2a: Ninetales|Ninetales, M|22/100|[from] Flip Turn
|-weather|SunnyDay|[from] ability: Drought|[of] p2a: Ninetales
|
|-weather|SunnyDay|[upkeep]
|upkeep
|
|t:|1776240630
|switch|p1a: Pelipper|Pelipper, F|42/100
|-weather|RainDance|[from] ability: Drizzle|[of] p1a: Pelipper
|turn|19
|
|t:|1776240633
|switch|p2a: Alomomola|Alomomola, M|57/100
|move|p1a: Pelipper|U-turn|p2a: Alomomola
|-damage|p2a: Alomomola|51/100
|
|t:|1776240636
|switch|p1a: Barraskewda|Barraskewda, M, shiny|87/100|[from] U-turn
|
|-weather|RainDance|[upkeep]
|upkeep
|turn|20
|
|t:|1776240638
|move|p2a: Alomomola|Protect|p2a: Alomomola
|-singleturn|p2a: Alomomola|Protect
|move|p1a: Barraskewda|Liquidation|p2a: Alomomola
|-activate|p2a: Alomomola|move: Protect
|
|-weather|RainDance|[upkeep]
|upkeep
|turn|21
|
|t:|1776240642
|move|p1a: Barraskewda|Liquidation|p2a: Alomomola
|-resisted|p2a: Alomomola
|-damage|p2a: Alomomola|13/100
|move|p2a: Alomomola|Wish|p2a: Alomomola
|
|-weather|RainDance|[upkeep]
|upkeep
|turn|22
|-message|satchitananda forfeited.
|
|win|rockeater9000
|raw|satchitananda's rating: 1433 &rarr; <strong>1411</strong><br />(-22 for losing)
|raw|rockeater9000's rating: 1399 &rarr; <strong>1421</strong><br />(+22 for winning)
|l|☆satchitananda
|player|p1|
