|html|<div class="broadcast-blue"><strong>[Gen 9] OU is currently suspecting Tera Blast! For information on how to participate check out the <a href="https://www.smogon.com/tools/suspects/view/200">suspect thread</a>.</strong></div>
|j|☆TheRegisAreCool
|j|☆labulabulaby
|t:|1776046521
|gametype|singles
|player|p1|TheRegisAreCool|fisherman-gen4|1298
|player|p2|labulabulaby|blue-gen7|1376
|gen|9
|tier|[Gen 9] OU
|rated|
|rule|HP Percentage Mod: HP is shown in percentages
|rule|Endless Battle Clause: Forcing endless battles is banned
|rule|Species Clause: Limit one of each Pokémon
|rule|OHKO Clause: OHKO moves are banned
|rule|Evasion Items Clause: Evasion items are banned
|rule|Evasion Moves Clause: Evasion moves are banned
|rule|Evasion Abilities Clause: Evasion abilities are banned
|rule|Sleep Moves Clause: Sleep-inducing moves are banned
|clearpoke
|poke|p1|Donphan, M|
|poke|p1|Dragonite, M|
|poke|p1|Iron Valiant|
|poke|p1|Raging Bolt|
|poke|p1|Deoxys-Speed|
|poke|p1|Lokix, F|
|poke|p2|Indeedee, M|
|poke|p2|Hatterene, F|
|poke|p2|Ursaluna, F|
|poke|p2|Iron Hands|
|poke|p2|Hoopa-Unbound|
|poke|p2|Mimikyu, M|
|teampreview
|
|t:|1776046545
|teamsize|p1|6
|teamsize|p2|6
|start
|switch|p1a: Giraffe cat|Raging Bolt|100/100
|switch|p2a: Satella|Hatterene, F, shiny|100/100
|-enditem|p1a: Giraffe cat|Booster Energy
|-activate|p1a: Giraffe cat|ability: Protosynthesis|[fromitem]
|-start|p1a: Giraffe cat|protosynthesisspa
|turn|1
|inactive|Battle timer is ON: inactive players will automatically lose when time's up. (requested by TheRegisAreCool)
|
|t:|1776046565
|-terastallize|p1a: Giraffe cat|Fairy
|move|p1a: Giraffe cat|Calm Mind|p1a: Giraffe cat
|-boost|p1a: Giraffe cat|spa|1
|-boost|p1a: Giraffe cat|spd|1
|move|p2a: Satella|Trick Room|p2a: Satella
|-fieldstart|move: Trick Room|[of] p2a: Satella
|
|upkeep
|turn|2
|
|t:|1776046574
|switch|p2a: 5 Nights in TR|Ursaluna, F, shiny|100/100
|move|p1a: Giraffe cat|Thunderbolt|p2a: 5 Nights in TR
|-immune|p2a: 5 Nights in TR
|
|-status|p2a: 5 Nights in TR|brn|[from] item: Flame Orb
|upkeep
|turn|3
|
|t:|1776046579
|move|p2a: 5 Nights in TR|Facade|p1a: Giraffe cat
|-damage|p1a: Giraffe cat|0 fnt
|faint|p1a: Giraffe cat
|-end|p1a: Giraffe cat|Protosynthesis|[silent]
|
|-damage|p2a: 5 Nights in TR|94/100 brn|[from] brn
|upkeep
|
|t:|1776046591
|switch|p1a: Lokix|Lokix, F|100/100
|turn|4
|
|t:|1776046608
|move|p1a: Lokix|First Impression|p2a: 5 Nights in TR
|-damage|p2a: 5 Nights in TR|62/100 brn
|move|p2a: 5 Nights in TR|Facade|p1a: Lokix
|-damage|p1a: Lokix|0 fnt
|faint|p1a: Lokix
|
|-damage|p2a: 5 Nights in TR|56/100 brn|[from] brn
|upkeep
|
|t:|1776046628
|switch|p1a: Donphan|Donphan, M|100/100
|turn|5
|
|t:|1776046639
|move|p2a: 5 Nights in TR|Facade|p1a: Donphan
|-ability|p1a: Donphan|Sturdy
|-damage|p1a: Donphan|1/100
|move|p1a: Donphan|Earthquake|p2a: 5 Nights in TR
|-damage|p2a: 5 Nights in TR|17/100 brn
|
|-damage|p2a: 5 Nights in TR|11/100 brn|[from] brn
|-fieldend|move: Trick Room
|upkeep
|turn|6
|
|t:|1776046648
|switch|p2a: Satella|Hatterene, F, shiny|100/100
|move|p1a: Donphan|Ice Shard|p2a: Satella
|-damage|p2a: Satella|84/100
|
|upkeep
|turn|7
|
|t:|1776046653
|move|p1a: Donphan|Earthquake|p2a: Satella
|-damage|p2a: Satella|24/100
|move|p2a: Satella|Trick Room|p2a: Satella
|-fieldstart|move: Trick Room|[of] p2a: Satella
|
|upkeep
|turn|8
|
|t:|1776046659
|move|p1a: Donphan|Ice Shard|p2a: Satella
|-damage|p2a: Satella|9/100
|move|p2a: Satella|Draining Kiss|p1a: Donphan
|-damage|p1a: Donphan|0 fnt
|-heal|p2a: Satella|9/100|[from] drain|[of] p1a: Donphan
|faint|p1a: Donphan
|-damage|p2a: Satella|0 fnt|[from] item: Life Orb
|faint|p2a: Satella
|
|upkeep
|
|t:|1776046682
|switch|p2a: LEBRON|Iron Hands|100/100
|switch|p1a: Dragonite|Dragonite, M|100/100
|-enditem|p2a: LEBRON|Booster Energy
|-activate|p2a: LEBRON|ability: Quark Drive|[fromitem]
|-start|p2a: LEBRON|quarkdriveatk
|turn|9
|
|t:|1776046687
|move|p2a: LEBRON|Ice Punch|p1a: Dragonite
|-supereffective|p1a: Dragonite
|-damage|p1a: Dragonite|8/100
|move|p1a: Dragonite|Earthquake|p2a: LEBRON
|-supereffective|p2a: LEBRON
|-damage|p2a: LEBRON|41/100
|
|upkeep
|turn|10
|
|t:|1776046690
|move|p1a: Dragonite|Extreme Speed|p2a: LEBRON
|-damage|p2a: LEBRON|17/100
|move|p2a: LEBRON|Ice Punch|p1a: Dragonite
|-supereffective|p1a: Dragonite
|-damage|p1a: Dragonite|0 fnt
|faint|p1a: Dragonite
|
|upkeep
|
|t:|1776046699
|switch|p1a: Iron Valiant|Iron Valiant|100/100
|-enditem|p1a: Iron Valiant|Booster Energy
|-activate|p1a: Iron Valiant|ability: Quark Drive|[fromitem]
|-start|p1a: Iron Valiant|quarkdrivespe
|turn|11
|
|t:|1776046702
|move|p1a: Iron Valiant|Vacuum Wave|p2a: LEBRON
|-damage|p2a: LEBRON|2/100
|move|p2a: LEBRON|Heavy Slam|p1a: Iron Valiant
|-supereffective|p1a: Iron Valiant
|-damage|p1a: Iron Valiant|0 fnt
|faint|p1a: Iron Valiant
|-end|p1a: Iron Valiant|Quark Drive|[silent]
|
|-fieldend|move: Trick Room
|upkeep
|
|t:|1776046707
|switch|p1a: Deoxys|Deoxys-Speed|100/100
|-ability|p1a: Deoxys|Pressure
|turn|12
|
|t:|1776046712
|move|p1a: Deoxys|Extreme Speed|p2a: LEBRON
|-damage|p2a: LEBRON|0 fnt
|faint|p2a: LEBRON
|-end|p2a: LEBRON|Quark Drive|[silent]
|
|upkeep
|
|t:|1776046715
|switch|p2a: Mimi|Mimikyu, M, shiny|100/100
|turn|13
|
|t:|1776046720
|move|p1a: Deoxys|Thunder|p2a: Mimi
|-activate|p2a: Mimi|ability: Disguise
|-damage|p2a: Mimi|100/100
|-status|p2a: Mimi|par
|detailschange|p2a: Mimi|Mimikyu-Busted, M, shiny
|-damage|p2a: Mimi|88/100 par|[from] pokemon: Mimikyu-Busted
|move|p2a: Mimi|Trick Room|p2a: Mimi
|-fieldstart|move: Trick Room|[of] p2a: Mimi
|
|upkeep
|turn|14
|
|t:|1776046735
|move|p2a: Mimi|Curse|p1a: Deoxys
|-start|p1a: Deoxys|Curse|[of] p2a: Mimi
|-damage|p2a: Mimi|38/100 par
|move|p1a: Deoxys|Thunder|p2a: Mimi
|-damage|p2a: Mimi|5/100 par
|
|-damage|p1a: Deoxys|76/100|[from] Curse
|upkeep
|turn|15
|
|t:|1776046739
|move|p2a: Mimi|Play Rough|p1a: Deoxys
|-damage|p1a: Deoxys|30/100
|move|p1a: Deoxys|Thunder|p2a: Mimi
|-damage|p2a: Mimi|0 fnt
|faint|p2a: Mimi
|
|-damage|p1a: Deoxys|5/100|[from] Curse
|upkeep
|
|t:|1776046742
|switch|p2a: Subaru|Indeedee, M, shiny|100/100
|-fieldstart|move: Psychic Terrain|[from] ability: Psychic Surge|[of] p2a: Subaru
|turn|16
|
|t:|1776046746
|move|p2a: Subaru|Expanding Force|p1a: Deoxys
|-resisted|p1a: Deoxys
|-damage|p1a: Deoxys|0 fnt
|faint|p1a: Deoxys
|
|win|labulabulaby
|raw|TheRegisAreCool's rating: 1298 &rarr; <strong>1279</strong><br />(-19 for losing)
|raw|labulabulaby's rating: 1376 &rarr; <strong>1392</strong><br />(+16 for winning)
