|html|<div class="broadcast-blue"><strong>[Gen 9] OU is currently suspecting Tera Blast! For information on how to participate check out the <a href="https://www.smogon.com/tools/suspects/view/200">suspect thread</a>.</strong></div>
|j|☆blunts89
|j|☆qqmatic
|t:|1776091706
|gametype|singles
|player|p1|blunts89|ghetsis|1333
|player|p2|qqmatic|cyrus|1305
|gen|9
|tier|[Gen 9] OU
|rated|
|rule|HP Percentage Mod: HP is shown in percentages
|rule|Endless Battle Clause: Forcing endless battles is banned
|rule|Species Clause: Limit one of each Pokémon
|rule|OHKO Clause: OHKO moves are banned
|rule|Evasion Items Clause: Evasion items are banned
|rule|Evasion Moves Clause: Evasion moves are banned
|rule|Evasion Abilities Clause: Evasion abilities are banned
|rule|Sleep Moves Clause: Sleep-inducing moves are banned
|clearpoke
|poke|p1|Iron Valiant|
|poke|p1|Kingambit, M|
|poke|p1|Corviknight, F|
|poke|p1|Greninja-*, M|
|poke|p1|Heatran, F|
|poke|p1|Raging Bolt|
|poke|p2|Hydrapple, M|
|poke|p2|Lycanroc-Dusk, F|
|poke|p2|Kingambit, M|
|poke|p2|Slither Wing|
|poke|p2|Iron Crown|
|poke|p2|Heatran, F|
|teampreview
|inactive|Battle timer is ON: inactive players will automatically lose when time's up. (requested by qqmatic)
|
|t:|1776091715
|teamsize|p1|6
|teamsize|p2|6
|start
|switch|p1a: Heatran|Heatran, F|100/100
|switch|p2a: Heatran|Heatran, F|100/100
|-item|p1a: Heatran|Air Balloon
|turn|1
|
|t:|1776091722
|switch|p2a: Lycanroc|Lycanroc-Dusk, F|100/100
|move|p1a: Heatran|Earth Power|p2a: Lycanroc
|-supereffective|p2a: Lycanroc
|-damage|p2a: Lycanroc|21/100
|
|upkeep
|turn|2
|
|t:|1776091729
|move|p2a: Lycanroc|Accelerock|p1a: Heatran
|-damage|p1a: Heatran|63/100
|-enditem|p1a: Heatran|Air Balloon
|-damage|p2a: Lycanroc|11/100|[from] item: Life Orb
|move|p1a: Heatran|Stealth Rock|p2a: Lycanroc
|-sidestart|p2: qqmatic|move: Stealth Rock
|
|upkeep
|turn|3
|
|t:|1776091735
|switch|p1a: Corviknight|Corviknight, F|100/100
|-ability|p1a: Corviknight|Pressure
|move|p2a: Lycanroc|Accelerock|p1a: Corviknight
|-damage|p1a: Corviknight|78/100
|-damage|p2a: Lycanroc|0 fnt|[from] item: Rocky Helmet|[of] p1a: Corviknight
|faint|p2a: Lycanroc
|
|upkeep
|
|t:|1776091740
|switch|p2a: Heatran|Heatran, F|100/100
|-damage|p2a: Heatran|88/100|[from] Stealth Rock
|turn|4
|
|t:|1776091745
|move|p2a: Heatran|Overheat|p1a: Corviknight
|-supereffective|p1a: Corviknight
|-damage|p1a: Corviknight|0 fnt
|-unboost|p2a: Heatran|spa|2
|faint|p1a: Corviknight
|
|upkeep
|
|t:|1776091748
|switch|p1a: Heatran|Heatran, F|63/100
|turn|5
|
|t:|1776091753
|switch|p2a: drap|Hydrapple, M|100/100
|-damage|p2a: drap|88/100|[from] Stealth Rock
|move|p1a: Heatran|Earth Power|p2a: drap
|-resisted|p2a: drap
|-damage|p2a: drap|72/100
|
|-heal|p2a: drap|78/100|[from] item: Leftovers
|upkeep
|turn|6
|
|t:|1776091760
|move|p1a: Heatran|Magma Storm|p2a: drap|[miss]
|-miss|p1a: Heatran|p2a: drap
|move|p2a: drap|Earth Power|p1a: Heatran
|-supereffective|p1a: Heatran
|-damage|p1a: Heatran|0 fnt
|faint|p1a: Heatran
|
|-heal|p2a: drap|84/100|[from] item: Leftovers
|upkeep
|
|t:|1776091767
|switch|p1a: Iron Valiant|Iron Valiant|100/100
|turn|7
|
|t:|1776091772
|-terastallize|p2a: drap|Poison
|move|p1a: Iron Valiant|Moonblast|p2a: drap
|-resisted|p2a: drap
|-damage|p2a: drap|55/100
|-unboost|p2a: drap|spa|1
|-damage|p1a: Iron Valiant|91/100|[from] item: Life Orb
|move|p2a: drap|Giga Drain|p1a: Iron Valiant
|-damage|p1a: Iron Valiant|46/100
|-heal|p2a: drap|70/100|[from] drain|[of] p1a: Iron Valiant
|
|-heal|p2a: drap|77/100|[from] item: Leftovers
|upkeep
|turn|8
|
|t:|1776091776
|move|p1a: Iron Valiant|Knock Off|p2a: drap
|-damage|p2a: drap|48/100
|-enditem|p2a: drap|Leftovers|[from] move: Knock Off|[of] p1a: Iron Valiant
|-damage|p1a: Iron Valiant|36/100|[from] item: Life Orb
|move|p2a: drap|Giga Drain|p1a: Iron Valiant
|-damage|p1a: Iron Valiant|0 fnt
|-heal|p2a: drap|60/100|[from] drain|[of] p1a: Iron Valiant
|faint|p1a: Iron Valiant
|-end|p1a: Iron Valiant|Quark Drive|[silent]
|
|upkeep
|
|t:|1776091781
|switch|p1a: Raging Bolt|Raging Bolt|100/100
|turn|9
|
|t:|1776091783
|move|p1a: Raging Bolt|Thunderbolt|p2a: drap
|-damage|p2a: drap|9/100
|move|p2a: drap|Fickle Beam|p1a: Raging Bolt
|-supereffective|p1a: Raging Bolt
|-damage|p1a: Raging Bolt|65/100
|
|upkeep
|turn|10
|
|t:|1776091792
|switch|p2a: wurm|Slither Wing|100/100
|-damage|p2a: wurm|88/100|[from] Stealth Rock
|move|p1a: Raging Bolt|Thunderbolt|p2a: wurm
|-damage|p2a: wurm|39/100
|
|upkeep
|turn|11
|
|t:|1776091797
|move|p2a: wurm|First Impression|p1a: Raging Bolt
|-damage|p1a: Raging Bolt|9/100
|move|p1a: Raging Bolt|Thunderbolt|p2a: wurm
|-damage|p2a: wurm|0 fnt
|faint|p2a: wurm
|-end|p2a: wurm|Protosynthesis|[silent]
|
|upkeep
|
|t:|1776091806
|switch|p2a: Kingambit|Kingambit, M|100/100
|-damage|p2a: Kingambit|94/100|[from] Stealth Rock
|-activate|p2a: Kingambit|ability: Supreme Overlord
|-start|p2a: Kingambit|fallen2|[silent]
|turn|12
|
|t:|1776091809
|move|p1a: Raging Bolt|Thunderclap|p2a: Kingambit
|-damage|p2a: Kingambit|57/100
|move|p2a: Kingambit|Iron Head|p1a: Raging Bolt
|-resisted|p1a: Raging Bolt
|-damage|p1a: Raging Bolt|0 fnt
|faint|p1a: Raging Bolt
|-end|p1a: Raging Bolt|Protosynthesis|[silent]
|
|upkeep
|
|t:|1776091814
|switch|p1a: Greninja|Greninja, M|100/100
|turn|13
|
|t:|1776091821
|move|p1a: Greninja|Water Shuriken|p2a: Kingambit
|-damage|p2a: Kingambit|50/100
|-damage|p2a: Kingambit|43/100
|-damage|p2a: Kingambit|36/100
|-damage|p2a: Kingambit|30/100
|-hitcount|p2a: Kingambit|4
|move|p2a: Kingambit|Sucker Punch||[still]
|-fail|p2a: Kingambit
|
|upkeep
|turn|14
|
|t:|1776091829
|move|p1a: Greninja|Water Shuriken|p2a: Kingambit
|-damage|p2a: Kingambit|24/100
|-damage|p2a: Kingambit|17/100
|-crit|p2a: Kingambit
|-damage|p2a: Kingambit|8/100
|-damage|p2a: Kingambit|1/100
|-damage|p2a: Kingambit|0 fnt
|faint|p2a: Kingambit
|-end|p2a: Kingambit|fallen2|[silent]
|-ability|p1a: Greninja|Battle Bond|boost
|-boost|p1a: Greninja|atk|1
|-boost|p1a: Greninja|spa|1
|-boost|p1a: Greninja|spe|1
|-activate|p1a: Greninja|ability: Battle Bond
|-hitcount|p2: Kingambit|5
|
|upkeep
|
|t:|1776091839
|switch|p2a: drap|Hydrapple, M, tera:Poison|42/100
|-damage|p2a: drap|30/100|[from] Stealth Rock
|turn|15
|
|t:|1776091843
|switch|p2a: Iron Crown|Iron Crown|100/100
|-damage|p2a: Iron Crown|94/100|[from] Stealth Rock
|move|p1a: Greninja|Dark Pulse|p2a: Iron Crown
|-supereffective|p2a: Iron Crown
|-damage|p2a: Iron Crown|2/100
|-enditem|p2a: Iron Crown|Weakness Policy
|-boost|p2a: Iron Crown|atk|2|[from] item: Weakness Policy
|-boost|p2a: Iron Crown|spa|2|[from] item: Weakness Policy
|
|upkeep
|turn|16
|
|t:|1776091848
|move|p1a: Greninja|Water Shuriken|p2a: Iron Crown
|-damage|p2a: Iron Crown|0 fnt
|faint|p2a: Iron Crown
|-end|p2a: Iron Crown|Quark Drive|[silent]
|-hitcount|p2: Iron Crown|1
|
|upkeep
|
|t:|1776091850
|switch|p2a: drap|Hydrapple, M, tera:Poison|63/100
|-damage|p2a: drap|50/100|[from] Stealth Rock
|turn|17
|
|t:|1776091854
|move|p1a: Greninja|Dark Pulse|p2a: drap
|-damage|p2a: drap|0 fnt
|faint|p2a: drap
|
|upkeep
|
|t:|1776091857
|switch|p2a: Heatran|Heatran, F|88/100
|-damage|p2a: Heatran|76/100|[from] Stealth Rock
|turn|18
|
|t:|1776091860
|move|p1a: Greninja|Water Shuriken|p2a: Heatran
|-supereffective|p2a: Heatran
|-damage|p2a: Heatran|55/100
|-supereffective|p2a: Heatran
|-damage|p2a: Heatran|37/100
|-supereffective|p2a: Heatran
|-damage|p2a: Heatran|17/100
|-supereffective|p2a: Heatran
|-damage|p2a: Heatran|0 fnt
|faint|p2a: Heatran
|-hitcount|p2: Heatran|4
|
|win|blunts89
|raw|blunts89's rating: 1333 &rarr; <strong>1351</strong><br />(+18 for winning)
|raw|qqmatic's rating: 1305 &rarr; <strong>1287</strong><br />(-18 for losing)
|l|☆blunts89
|player|p1|
