|html|<div class="broadcast-blue"><strong>[Gen 9] OU is currently suspecting Tera Blast! For information on how to participate check out the <a href="https://www.smogon.com/tools/suspects/view/200">suspect thread</a>.</strong></div>
|j|☆erhai
|j|☆yesterdaymister
|t:|1776099408
|gametype|singles
|player|p1|erhai|102|1798
|player|p2|yesterdaymister|blackbelt|1711
|gen|9
|tier|[Gen 9] OU
|rated|
|rule|HP Percentage Mod: HP is shown in percentages
|rule|Endless Battle Clause: Forcing endless battles is banned
|rule|Species Clause: Limit one of each Pokémon
|rule|OHKO Clause: OHKO moves are banned
|rule|Evasion Items Clause: Evasion items are banned
|rule|Evasion Moves Clause: Evasion moves are banned
|rule|Evasion Abilities Clause: Evasion abilities are banned
|rule|Sleep Moves Clause: Sleep-inducing moves are banned
|clearpoke
|poke|p1|Iron Jugulis|
|poke|p1|Ogerpon, F|
|poke|p1|Scizor, M|
|poke|p1|Sandy Shocks|
|poke|p1|Latios, M|
|poke|p1|Manaphy|
|poke|p2|Ninetales, F|
|poke|p2|Ceruledge, F|
|poke|p2|Venusaur, M|
|poke|p2|Hatterene, F|
|poke|p2|Great Tusk|
|poke|p2|Walking Wake|
|teampreview
|inactive|Battle timer is ON: inactive players will automatically lose when time's up. (requested by yesterdaymister)
|
|t:|1776099416
|teamsize|p1|6
|teamsize|p2|6
|start
|switch|p1a: Sandy Shocks|Sandy Shocks|100/100
|switch|p2a: arda guler|Ninetales, F|100/100
|-weather|SunnyDay|[from] ability: Drought|[of] p2a: arda guler
|-activate|p1a: Sandy Shocks|ability: Protosynthesis
|-start|p1a: Sandy Shocks|protosynthesisspe
|turn|1
|
|t:|1776099421
|switch|p2a: maccabi|Hatterene, F|100/100
|move|p1a: Sandy Shocks|Earth Power|p2a: maccabi
|-damage|p2a: maccabi|62/100
|-enditem|p2a: maccabi|Eject Button
|
|t:|1776099426
|switch|p2a: mignolet|Great Tusk|100/100
|-activate|p2a: mignolet|ability: Protosynthesis
|-start|p2a: mignolet|protosynthesisspe
|
|-weather|SunnyDay|[upkeep]
|upkeep
|turn|2
|
|t:|1776099430
|move|p1a: Sandy Shocks|Earth Power|p2a: mignolet
|-damage|p2a: mignolet|39/100
|move|p2a: mignolet|Headlong Rush|p1a: Sandy Shocks
|-supereffective|p1a: Sandy Shocks
|-damage|p1a: Sandy Shocks|0 fnt
|-unboost|p2a: mignolet|def|1
|-unboost|p2a: mignolet|spd|1
|faint|p1a: Sandy Shocks
|-end|p1a: Sandy Shocks|Protosynthesis|[silent]
|
|-weather|SunnyDay|[upkeep]
|upkeep
|
|t:|1776099442
|switch|p1a: Latios|Latios, M|100/100
|turn|3
|
|t:|1776099446
|-end|p2a: mignolet|Protosynthesis|[silent]
|switch|p2a: maccabi|Hatterene, F|62/100
|move|p1a: Latios|Agility|p1a: Latios
|-boost|p1a: Latios|spe|2
|
|-weather|SunnyDay|[upkeep]
|upkeep
|turn|4
|
|t:|1776099451
|move|p1a: Latios|Agility|p1a: Latios
|-boost|p1a: Latios|spe|2
|move|p2a: maccabi|Nuzzle|p1a: Latios
|-resisted|p1a: Latios
|-damage|p1a: Latios|99/100
|-status|p1a: Latios|par
|
|-weather|SunnyDay|[upkeep]
|upkeep
|turn|5
|
|t:|1776099454
|cant|p1a: Latios|par
|move|p2a: maccabi|Dazzling Gleam|p1a: Latios
|-supereffective|p1a: Latios
|-damage|p1a: Latios|31/100 par
|-enditem|p1a: Latios|Weakness Policy
|-boost|p1a: Latios|atk|2|[from] item: Weakness Policy
|-boost|p1a: Latios|spa|2|[from] item: Weakness Policy
|
|-weather|SunnyDay|[upkeep]
|upkeep
|turn|6
|
|t:|1776099461
|move|p1a: Latios|Stored Power|p2a: maccabi
|-resisted|p2a: maccabi
|-damage|p2a: maccabi|0 fnt
|faint|p2a: maccabi
|
|-weather|SunnyDay|[upkeep]
|upkeep
|
|t:|1776099467
|switch|p2a: lebron|Ceruledge, F|100/100
|turn|7
|
|t:|1776099480
|cant|p1a: Latios|par
|move|p2a: lebron|Bitter Blade|p1a: Latios
|-resisted|p1a: Latios
|-damage|p1a: Latios|0 fnt
|faint|p1a: Latios
|
|-weather|SunnyDay|[upkeep]
|upkeep
|
|t:|1776099484
|switch|p1a: Iron Jugulis|Iron Jugulis|100/100
|-enditem|p1a: Iron Jugulis|Booster Energy
|-activate|p1a: Iron Jugulis|ability: Quark Drive|[fromitem]
|-start|p1a: Iron Jugulis|quarkdrivespe
|turn|8
|
|t:|1776099491
|switch|p2a: mignolet|Great Tusk|39/100
|-activate|p2a: mignolet|ability: Protosynthesis
|-start|p2a: mignolet|protosynthesisspe
|move|p1a: Iron Jugulis|Dark Pulse|p2a: mignolet
|-resisted|p2a: mignolet
|-damage|p2a: mignolet|12/100
|
|-weather|none
|-end|p2a: mignolet|Protosynthesis
|upkeep
|turn|9
|
|t:|1776099496
|move|p1a: Iron Jugulis|Dark Pulse|p2a: mignolet
|-resisted|p2a: mignolet
|-crit|p2a: mignolet
|-damage|p2a: mignolet|0 fnt
|faint|p2a: mignolet
|-end|p2a: mignolet|Protosynthesis|[silent]
|
|upkeep
|
|t:|1776099498
|switch|p2a: arda guler|Ninetales, F|100/100
|-weather|SunnyDay|[from] ability: Drought|[of] p2a: arda guler
|turn|10
|
|t:|1776099506
|move|p1a: Iron Jugulis|Earth Power|p2a: arda guler
|-supereffective|p2a: arda guler
|-damage|p2a: arda guler|43/100
|move|p2a: arda guler|Flamethrower|p1a: Iron Jugulis
|-damage|p1a: Iron Jugulis|50/100
|-status|p1a: Iron Jugulis|brn
|
|-weather|SunnyDay|[upkeep]
|-damage|p1a: Iron Jugulis|44/100 brn|[from] brn
|upkeep
|turn|11
|
|t:|1776099514
|move|p1a: Iron Jugulis|Earth Power|p2a: arda guler
|-supereffective|p2a: arda guler
|-damage|p2a: arda guler|0 fnt
|faint|p2a: arda guler
|
|-weather|SunnyDay|[upkeep]
|-damage|p1a: Iron Jugulis|38/100 brn|[from] brn
|upkeep
|
|t:|1776099520
|switch|p2a: lebron|Ceruledge, F|100/100
|turn|12
|
|t:|1776099523
|move|p1a: Iron Jugulis|Dark Pulse|p2a: lebron
|-supereffective|p2a: lebron
|-damage|p2a: lebron|9/100
|move|p2a: lebron|Bitter Blade|p1a: Iron Jugulis
|-damage|p1a: Iron Jugulis|0 fnt
|-heal|p2a: lebron|30/100|[from] drain|[of] p1a: Iron Jugulis
|faint|p1a: Iron Jugulis
|-end|p1a: Iron Jugulis|Quark Drive|[silent]
|
|-weather|SunnyDay|[upkeep]
|upkeep
|
|t:|1776099530
|switch|p1a: Manaphy|Manaphy|100/100
|turn|13
|
|t:|1776099534
|move|p1a: Manaphy|Surf|p2a: lebron
|-supereffective|p2a: lebron
|-damage|p2a: lebron|0 fnt
|faint|p2a: lebron
|
|-weather|SunnyDay|[upkeep]
|upkeep
|
|t:|1776099536
|switch|p2a: hans vanaken|Venusaur, M|100/100
|turn|14
|
|t:|1776099540
|move|p2a: hans vanaken|Growth|p2a: hans vanaken
|-boost|p2a: hans vanaken|atk|2
|-boost|p2a: hans vanaken|spa|2
|move|p1a: Manaphy|Tail Glow|p1a: Manaphy
|-boost|p1a: Manaphy|spa|3
|
|-weather|SunnyDay|[upkeep]
|upkeep
|turn|15
|
|t:|1776099546
|-terastallize|p1a: Manaphy|Grass
|move|p2a: hans vanaken|Giga Drain|p1a: Manaphy
|-resisted|p1a: Manaphy
|-damage|p1a: Manaphy|52/100
|-damage|p2a: hans vanaken|91/100|[from] item: Life Orb
|move|p1a: Manaphy|Ice Beam|p2a: hans vanaken
|-supereffective|p2a: hans vanaken
|-damage|p2a: hans vanaken|0 fnt
|faint|p2a: hans vanaken
|
|-weather|SunnyDay|[upkeep]
|upkeep
|
|t:|1776099548
|switch|p2a: chama|Walking Wake|100/100
|-activate|p2a: chama|ability: Protosynthesis
|-start|p2a: chama|protosynthesisspa
|turn|16
|
|t:|1776099554
|move|p1a: Manaphy|Ice Beam|p2a: chama
|-damage|p2a: chama|20/100
|move|p2a: chama|Flamethrower|p1a: Manaphy
|-supereffective|p1a: Manaphy
|-damage|p1a: Manaphy|0 fnt
|faint|p1a: Manaphy
|
|-weather|SunnyDay|[upkeep]
|upkeep
|
|t:|1776099557
|switch|p1a: Scizor|Scizor, M, shiny|100/100
|turn|17
|
|t:|1776099559
|move|p1a: Scizor|Bullet Punch|p2a: chama
|-resisted|p2a: chama
|-damage|p2a: chama|3/100
|move|p2a: chama|Flamethrower|p1a: Scizor
|-supereffective|p1a: Scizor
|-damage|p1a: Scizor|0 fnt
|faint|p1a: Scizor
|
|-weather|none
|-end|p2a: chama|Protosynthesis
|upkeep
|
|t:|1776099562
|switch|p1a: Ogerpon|Ogerpon, F|100/100
|turn|18
|
|t:|1776099564
|move|p1a: Ogerpon|Ivy Cudgel|p2a: chama
|-crit|p2a: chama
|-damage|p2a: chama|0 fnt
|faint|p2a: chama
|-end|p2a: chama|Protosynthesis|[silent]
|
|win|erhai
|raw|erhai's rating: 1798 &rarr; <strong>1813</strong><br />(+15 for winning)
|raw|yesterdaymister's rating: 1711 &rarr; <strong>1696</strong><br />(-15 for losing)
|l|☆erhai
|player|p1|
|l|☆yesterdaymister
|player|p2|
