|html|<div class="broadcast-blue"><strong>[Gen 9] OU is currently suspecting Tera Blast! For information on how to participate check out the <a href="https://www.smogon.com/tools/suspects/view/200">suspect thread</a>.</strong></div>
|j|☆suminkwak249
|j|☆SlNGULARlTY
|t:|1776351709
|gametype|singles
|player|p1|suminkwak249|169|1474
|player|p2|SlNGULARlTY|koga|1455
|gen|9
|tier|[Gen 9] OU
|rated|
|rule|HP Percentage Mod: HP is shown in percentages
|rule|Endless Battle Clause: Forcing endless battles is banned
|rule|Species Clause: Limit one of each Pokémon
|rule|OHKO Clause: OHKO moves are banned
|rule|Evasion Items Clause: Evasion items are banned
|rule|Evasion Moves Clause: Evasion moves are banned
|rule|Evasion Abilities Clause: Evasion abilities are banned
|rule|Sleep Moves Clause: Sleep-inducing moves are banned
|clearpoke
|poke|p1|Torkoal, M|
|poke|p1|Walking Wake|
|poke|p1|Iron Treads|
|poke|p1|Raging Bolt|
|poke|p1|Ceruledge, F|
|poke|p1|Espeon, M|
|poke|p2|Raging Bolt|
|poke|p2|Darkrai|
|poke|p2|Zamazenta-*|
|poke|p2|Gholdengo|
|poke|p2|Alomomola, F|
|poke|p2|Ogerpon-Wellspring, F|
|teampreview
|inactive|Battle timer is ON: inactive players will automatically lose when time's up. (requested by SlNGULARlTY)
|
|t:|1776351723
|teamsize|p1|6
|teamsize|p2|6
|start
|switch|p1a: Iron Treads|Iron Treads|100/100
|switch|p2a: Darkrai|Darkrai|100/100
|-enditem|p1a: Iron Treads|Booster Energy
|-activate|p1a: Iron Treads|ability: Quark Drive|[fromitem]
|-start|p1a: Iron Treads|quarkdrivespe
|turn|1
|
|t:|1776351726
|move|p1a: Iron Treads|Earthquake|p2a: Darkrai
|-damage|p2a: Darkrai|36/100
|move|p2a: Darkrai|Dark Pulse|p1a: Iron Treads
|-damage|p1a: Iron Treads|49/100
|
|upkeep
|turn|2
|
|t:|1776351731
|move|p2a: Darkrai|Sucker Punch|p1a: Iron Treads
|-damage|p1a: Iron Treads|25/100
|move|p1a: Iron Treads|Earthquake|p2a: Darkrai
|-damage|p2a: Darkrai|0 fnt
|faint|p2a: Darkrai
|
|upkeep
|
|t:|1776351734
|switch|p2a: Alomomola|Alomomola, F|100/100
|turn|3
|
|t:|1776351737
|move|p1a: Iron Treads|Volt Switch|p2a: Alomomola
|-supereffective|p2a: Alomomola
|-damage|p2a: Alomomola|89/100
|
|t:|1776351739
|-end|p1a: Iron Treads|Quark Drive|[silent]
|switch|p1a: Espeon|Espeon, M|100/100|[from] Volt Switch
|move|p2a: Alomomola|Flip Turn|p1a: Espeon
|-damage|p1a: Espeon|69/100
|-enditem|p1a: Espeon|Eject Button
|
|t:|1776351745
|switch|p1a: Torkoal|Torkoal, M|100/100
|-weather|SunnyDay|[from] ability: Drought|[of] p1a: Torkoal
|
|-weather|SunnyDay|[upkeep]
|upkeep
|turn|4
|
|t:|1776351763
|switch|p1a: Iron Treads|Iron Treads|25/100
|move|p2a: Alomomola|Scald|p1a: Iron Treads
|-supereffective|p1a: Iron Treads
|-damage|p1a: Iron Treads|10/100
|
|-weather|SunnyDay|[upkeep]
|upkeep
|turn|5
|
|t:|1776351772
|move|p1a: Iron Treads|Volt Switch|p2a: Alomomola
|-supereffective|p2a: Alomomola
|-damage|p2a: Alomomola|77/100
|
|t:|1776351777
|-end|p1a: Iron Treads|Quark Drive|[silent]
|switch|p1a: Walking Wake|Walking Wake|100/100|[from] Volt Switch
|-activate|p1a: Walking Wake|ability: Protosynthesis
|-start|p1a: Walking Wake|protosynthesisspe
|move|p2a: Alomomola|Flip Turn|p1a: Walking Wake
|-resisted|p1a: Walking Wake
|-crit|p1a: Walking Wake
|-damage|p1a: Walking Wake|97/100
|
|t:|1776351784
|switch|p2a: Ogerpon|Ogerpon-Wellspring, F|100/100|[from] Flip Turn
|
|-weather|SunnyDay|[upkeep]
|upkeep
|turn|6
|
|t:|1776351787
|switch|p2a: Alomomola|Alomomola, F|100/100
|move|p1a: Walking Wake|Draco Meteor|p2a: Alomomola
|-damage|p2a: Alomomola|49/100
|-unboost|p1a: Walking Wake|spa|2
|
|-weather|SunnyDay|[upkeep]
|upkeep
|turn|7
|
|t:|1776351793
|-end|p1a: Walking Wake|Protosynthesis|[silent]
|switch|p1a: Raging Bolt|Raging Bolt|100/100
|-activate|p1a: Raging Bolt|ability: Protosynthesis
|-start|p1a: Raging Bolt|protosynthesisspa
|move|p2a: Alomomola|Flip Turn|p1a: Raging Bolt
|-resisted|p1a: Raging Bolt
|-crit|p1a: Raging Bolt
|-damage|p1a: Raging Bolt|95/100
|
|t:|1776351796
|switch|p2a: Zamazenta|Zamazenta|100/100|[from] Flip Turn
|-ability|p2a: Zamazenta|Dauntless Shield|boost
|-boost|p2a: Zamazenta|def|1
|
|-weather|SunnyDay|[upkeep]
|upkeep
|turn|8
|
|t:|1776351808
|-terastallize|p1a: Raging Bolt|Fairy
|move|p2a: Zamazenta|Substitute|p2a: Zamazenta
|-start|p2a: Zamazenta|Substitute
|-damage|p2a: Zamazenta|76/100
|move|p1a: Raging Bolt|Thunderbolt|p2a: Zamazenta
|-end|p2a: Zamazenta|Substitute
|-damage|p1a: Raging Bolt|85/100|[from] item: Life Orb
|
|-weather|SunnyDay|[upkeep]
|-heal|p2a: Zamazenta|82/100|[from] item: Leftovers
|upkeep
|turn|9
|
|t:|1776351812
|move|p2a: Zamazenta|Substitute|p2a: Zamazenta
|-start|p2a: Zamazenta|Substitute
|-damage|p2a: Zamazenta|57/100
|move|p1a: Raging Bolt|Thunderbolt|p2a: Zamazenta
|-end|p2a: Zamazenta|Substitute
|-damage|p1a: Raging Bolt|75/100|[from] item: Life Orb
|
|-weather|SunnyDay|[upkeep]
|-heal|p2a: Zamazenta|63/100|[from] item: Leftovers
|upkeep
|turn|10
|
|t:|1776351814
|move|p2a: Zamazenta|Substitute|p2a: Zamazenta
|-start|p2a: Zamazenta|Substitute
|-damage|p2a: Zamazenta|38/100
|move|p1a: Raging Bolt|Thunderbolt|p2a: Zamazenta
|-crit|p2a: Zamazenta
|-end|p2a: Zamazenta|Substitute
|-damage|p1a: Raging Bolt|65/100|[from] item: Life Orb
|
|-weather|none
|-end|p1a: Raging Bolt|Protosynthesis
|-heal|p2a: Zamazenta|44/100|[from] item: Leftovers
|upkeep
|turn|11
|
|t:|1776351816
|move|p2a: Zamazenta|Substitute|p2a: Zamazenta
|-start|p2a: Zamazenta|Substitute
|-damage|p2a: Zamazenta|19/100
|move|p1a: Raging Bolt|Thunderbolt|p2a: Zamazenta
|-end|p2a: Zamazenta|Substitute
|-damage|p1a: Raging Bolt|55/100|[from] item: Life Orb
|
|-heal|p2a: Zamazenta|25/100|[from] item: Leftovers
|upkeep
|turn|12
|
|t:|1776351819
|move|p2a: Zamazenta|Heavy Slam|p1a: Raging Bolt
|-supereffective|p1a: Raging Bolt
|-damage|p1a: Raging Bolt|29/100
|move|p1a: Raging Bolt|Thunderbolt|p2a: Zamazenta
|-crit|p2a: Zamazenta
|-damage|p2a: Zamazenta|0 fnt
|faint|p2a: Zamazenta
|-damage|p1a: Raging Bolt|19/100|[from] item: Life Orb
|
|upkeep
|
|t:|1776351825
|switch|p2a: Ogerpon|Ogerpon-Wellspring, F|100/100
|turn|13
|
|t:|1776351828
|move|p2a: Ogerpon|Trailblaze|p1a: Raging Bolt
|-damage|p1a: Raging Bolt|0 fnt
|-boost|p2a: Ogerpon|spe|1
|faint|p1a: Raging Bolt
|-end|p1a: Raging Bolt|Protosynthesis|[silent]
|
|upkeep
|
|t:|1776351836
|switch|p1a: Torkoal|Torkoal, M|100/100
|-weather|SunnyDay|[from] ability: Drought|[of] p1a: Torkoal
|turn|14
|
|t:|1776351838
|move|p2a: Ogerpon|Swords Dance|p2a: Ogerpon
|-boost|p2a: Ogerpon|atk|2
|move|p1a: Torkoal|Overheat|p2a: Ogerpon
|-damage|p2a: Ogerpon|16/100
|-unboost|p1a: Torkoal|spa|2
|
|-weather|SunnyDay|[upkeep]
|upkeep
|turn|15
|
|t:|1776351841
|move|p2a: Ogerpon|Synthesis|p2a: Ogerpon
|-heal|p2a: Ogerpon|83/100
|move|p1a: Torkoal|Overheat|p2a: Ogerpon
|-damage|p2a: Ogerpon|37/100
|-unboost|p1a: Torkoal|spa|2
|
|-weather|SunnyDay|[upkeep]
|upkeep
|turn|16
|
|t:|1776351846
|switch|p1a: Espeon|Espeon, M|69/100
|move|p2a: Ogerpon|Synthesis|p2a: Ogerpon
|-heal|p2a: Ogerpon|100/100
|
|-weather|SunnyDay|[upkeep]
|upkeep
|turn|17
|
|t:|1776351849
|move|p2a: Ogerpon|Trailblaze|p1a: Espeon
|-damage|p1a: Espeon|0 fnt
|-boost|p2a: Ogerpon|spe|1
|faint|p1a: Espeon
|
|-weather|SunnyDay|[upkeep]
|upkeep
|
|t:|1776351857
|switch|p1a: Ceruledge|Ceruledge, F|100/100
|turn|18
|
|t:|1776351862
|-terastallize|p2a: Ogerpon|Water
|detailschange|p2a: Ogerpon|Ogerpon-Wellspring-Tera, F, tera:Water
|-ability|p2a: Ogerpon|Embody Aspect (Wellspring)|boost
|-boost|p2a: Ogerpon|spd|1
|move|p2a: Ogerpon|Trailblaze|p1a: Ceruledge
|-resisted|p1a: Ceruledge
|-damage|p1a: Ceruledge|61/100
|-boost|p2a: Ogerpon|spe|1
|-ability|p1a: Ceruledge|Weak Armor|boost
|-unboost|p1a: Ceruledge|def|1
|-boost|p1a: Ceruledge|spe|2
|move|p1a: Ceruledge|Bitter Blade|p2a: Ogerpon
|-resisted|p2a: Ogerpon
|-damage|p2a: Ogerpon|53/100
|-heal|p1a: Ceruledge|86/100|[from] drain|[of] p2a: Ogerpon
|
|-weather|SunnyDay|[upkeep]
|upkeep
|turn|19
|
|t:|1776351868
|move|p1a: Ceruledge|Shadow Sneak|p2a: Ogerpon
|-damage|p2a: Ogerpon|24/100
|move|p2a: Ogerpon|Ivy Cudgel|p1a: Ceruledge|[anim] Ivy Cudgel Water
|-supereffective|p1a: Ceruledge
|-damage|p1a: Ceruledge|0 fnt
|faint|p1a: Ceruledge
|
|-weather|SunnyDay|[upkeep]
|upkeep
|
|t:|1776351877
|switch|p1a: Walking Wake|Walking Wake|97/100
|-activate|p1a: Walking Wake|ability: Protosynthesis
|-start|p1a: Walking Wake|protosynthesisspe
|turn|20
|
|t:|1776351879
|move|p2a: Ogerpon|Synthesis|p2a: Ogerpon
|-heal|p2a: Ogerpon|91/100
|move|p1a: Walking Wake|Draco Meteor|p2a: Ogerpon
|-damage|p2a: Ogerpon|12/100
|-unboost|p1a: Walking Wake|spa|2
|
|-weather|SunnyDay|[upkeep]
|upkeep
|turn|21
|
|t:|1776351882
|move|p2a: Ogerpon|Synthesis|p2a: Ogerpon
|-heal|p2a: Ogerpon|79/100
|move|p1a: Walking Wake|Draco Meteor|p2a: Ogerpon
|-damage|p2a: Ogerpon|45/100
|-unboost|p1a: Walking Wake|spa|2
|
|-weather|none
|-end|p1a: Walking Wake|Protosynthesis
|upkeep
|turn|22
|-message|suminkwak249 forfeited.
|
|win|SlNGULARlTY
|raw|suminkwak249's rating: 1474 &rarr; <strong>1453</strong><br />(-21 for losing)
|raw|SlNGULARlTY's rating: 1455 &rarr; <strong>1476</strong><br />(+21 for winning)
|l|☆suminkwak249
|player|p1|
|l|☆SlNGULARlTY
|player|p2|
|j|☆SlNGULARlTY
|player|p2|SlNGULARlTY|koga|
