|html|<div class="broadcast-blue"><strong>[Gen 9] OU is currently suspecting Tera Blast! For information on how to participate check out the <a href="https://www.smogon.com/tools/suspects/view/200">suspect thread</a>.</strong></div>
|j|☆kanyewestlover545
|j|☆Mateotruco
|t:|1776081570
|gametype|singles
|player|p1|kanyewestlover545|flannery|1373
|player|p2|Mateotruco|lisia-masters|1373
|gen|9
|tier|[Gen 9] OU
|rated|
|rule|HP Percentage Mod: HP is shown in percentages
|rule|Endless Battle Clause: Forcing endless battles is banned
|rule|Species Clause: Limit one of each Pokémon
|rule|OHKO Clause: OHKO moves are banned
|rule|Evasion Items Clause: Evasion items are banned
|rule|Evasion Moves Clause: Evasion moves are banned
|rule|Evasion Abilities Clause: Evasion abilities are banned
|rule|Sleep Moves Clause: Sleep-inducing moves are banned
|clearpoke
|poke|p1|Garchomp, F|
|poke|p1|Greninja-*, F|
|poke|p1|Cinderace, F|
|poke|p1|Alomomola, M|
|poke|p1|Slowking-Galar, F|
|poke|p1|Zapdos|
|poke|p2|Zapdos|
|poke|p2|Fezandipiti, M|
|poke|p2|Hydrapple, M|
|poke|p2|Skeledirge, M|
|poke|p2|Hatterene, F|
|poke|p2|Keldeo-Resolute|
|teampreview
|
|t:|1776081581
|teamsize|p1|6
|teamsize|p2|6
|start
|switch|p1a: Cinderace|Cinderace, F|100/100
|switch|p2a: Zapdos|Zapdos|100/100
|turn|1
|
|t:|1776081598
|switch|p1a: Slowking|Slowking-Galar, F|100/100
|move|p2a: Zapdos|Hurricane|p1a: Slowking
|-damage|p1a: Slowking|70/100
|
|upkeep
|turn|2
|
|t:|1776081603
|move|p2a: Zapdos|Volt Switch|p1a: Slowking
|-damage|p1a: Slowking|51/100
|
|t:|1776081607
|switch|p2a: Hatterene|Hatterene, F|100/100|[from] Volt Switch
|move|p1a: Slowking|Sludge Bomb|p2a: Hatterene
|-supereffective|p2a: Hatterene
|-damage|p2a: Hatterene|33/100
|
|-heal|p2a: Hatterene|39/100|[from] item: Leftovers
|upkeep
|turn|3
|
|t:|1776081616
|switch|p2a: Fezandipiti|Fezandipiti, M|100/100
|switch|p1a: Alomomola|Alomomola, M|100/100
|
|upkeep
|turn|4
|
|t:|1776081624
|move|p2a: Fezandipiti|Gunk Shot|p1a: Alomomola
|-damage|p1a: Alomomola|74/100
|move|p1a: Alomomola|Flip Turn|p2a: Fezandipiti
|-damage|p2a: Fezandipiti|82/100
|
|t:|1776081638
|switch|p1a: Garchomp|Garchomp, F|100/100|[from] Flip Turn
|
|upkeep
|turn|5
|
|t:|1776081646
|switch|p2a: Hatterene|Hatterene, F|39/100
|move|p1a: Garchomp|Earthquake|p2a: Hatterene
|-damage|p2a: Hatterene|0 fnt
|faint|p2a: Hatterene
|
|upkeep
|
|t:|1776081657
|switch|p2a: Keldeo|Keldeo-Resolute|100/100
|turn|6
|
|t:|1776081673
|switch|p1a: Alomomola|Alomomola, M|100/100
|move|p2a: Keldeo|Surf|p1a: Alomomola
|-resisted|p1a: Alomomola
|-damage|p1a: Alomomola|70/100
|
|upkeep
|turn|7
|
|t:|1776081679
|move|p2a: Keldeo|Surf|p1a: Alomomola
|-resisted|p1a: Alomomola
|-damage|p1a: Alomomola|41/100
|move|p1a: Alomomola|Flip Turn|p2a: Keldeo
|-resisted|p2a: Keldeo
|-crit|p2a: Keldeo
|-damage|p2a: Keldeo|87/100
|
|t:|1776081687
|switch|p1a: Zapdos|Zapdos|100/100|[from] Flip Turn
|
|upkeep
|turn|8
|
|t:|1776081694
|switch|p2a: Fezandipiti|Fezandipiti, M|82/100
|move|p1a: Zapdos|Discharge|p2a: Fezandipiti
|-damage|p2a: Fezandipiti|58/100
|-status|p2a: Fezandipiti|par
|
|upkeep
|turn|9
|
|t:|1776081702
|switch|p1a: Slowking|Slowking-Galar, F|84/100
|move|p2a: Fezandipiti|Roost|p2a: Fezandipiti
|-heal|p2a: Fezandipiti|100/100 par
|-singleturn|p2a: Fezandipiti|move: Roost
|
|upkeep
|turn|10
|
|t:|1776081707
|move|p2a: Fezandipiti|U-turn|p1a: Slowking
|-damage|p1a: Slowking|65/100
|
|t:|1776081718
|switch|p2a: Zapdos|Zapdos|100/100|[from] U-turn
|move|p1a: Slowking|Sludge Bomb|p2a: Zapdos
|-damage|p2a: Zapdos|70/100
|
|upkeep
|turn|11
|
|t:|1776081723
|move|p2a: Zapdos|Hurricane|p1a: Slowking|[miss]
|-miss|p2a: Zapdos|p1a: Slowking
|move|p1a: Slowking|Toxic|p2a: Zapdos
|-status|p2a: Zapdos|tox
|
|-damage|p2a: Zapdos|64/100 tox|[from] psn
|upkeep
|turn|12
|
|t:|1776081733
|move|p2a: Zapdos|Hurricane|p1a: Slowking
|-damage|p1a: Slowking|32/100
|move|p1a: Slowking|Sludge Bomb|p2a: Zapdos
|-damage|p2a: Zapdos|35/100 tox
|
|-damage|p2a: Zapdos|23/100 tox|[from] psn
|upkeep
|turn|13
|
|t:|1776081742
|switch|p1a: Alomomola|Alomomola, M|74/100
|move|p2a: Zapdos|Volt Switch|p1a: Alomomola
|-supereffective|p1a: Alomomola
|-damage|p1a: Alomomola|18/100
|
|t:|1776081748
|switch|p2a: Keldeo|Keldeo-Resolute|87/100|[from] Volt Switch
|
|upkeep
|turn|14
|
|t:|1776081752
|switch|p1a: Slowking|Slowking-Galar, F|66/100
|move|p2a: Keldeo|Surf|p1a: Slowking
|-damage|p1a: Slowking|23/100
|
|upkeep
|turn|15
|
|t:|1776081757
|switch|p1a: Alomomola|Alomomola, M|51/100
|move|p2a: Keldeo|Surf|p1a: Alomomola
|-resisted|p1a: Alomomola
|-damage|p1a: Alomomola|20/100
|
|upkeep
|turn|16
|
|t:|1776081762
|move|p2a: Keldeo|Surf|p1a: Alomomola
|-resisted|p1a: Alomomola
|-damage|p1a: Alomomola|0 fnt
|faint|p1a: Alomomola
|
|upkeep
|
|t:|1776081764
|switch|p1a: Zapdos|Zapdos|100/100
|turn|17
|
|t:|1776081773
|switch|p2a: Zapdos|Zapdos|23/100 tox
|move|p1a: Zapdos|Discharge|p2a: Zapdos
|-damage|p2a: Zapdos|0 fnt
|faint|p2a: Zapdos
|
|upkeep
|
|t:|1776081779
|switch|p2a: Hydrapple|Hydrapple, M, shiny|100/100
|turn|18
|
|t:|1776081783
|move|p1a: Zapdos|Hurricane|p2a: Hydrapple
|-supereffective|p2a: Hydrapple
|-damage|p2a: Hydrapple|52/100
|-start|p2a: Hydrapple|confusion
|-activate|p2a: Hydrapple|confusion
|-damage|p2a: Hydrapple|48/100|[from] confusion
|
|upkeep
|turn|19
|
|t:|1776081790
|switch|p2a: Fezandipiti|Fezandipiti, M|100/100 par
|move|p1a: Zapdos|Hurricane|p2a: Fezandipiti
|-damage|p2a: Fezandipiti|69/100 par
|
|upkeep
|turn|20
|
|t:|1776081796
|switch|p1a: Slowking|Slowking-Galar, F|56/100
|move|p2a: Fezandipiti|Gunk Shot|p1a: Slowking
|-resisted|p1a: Slowking
|-damage|p1a: Slowking|32/100
|
|upkeep
|turn|21
|
|t:|1776081803
|move|p2a: Fezandipiti|U-turn|p1a: Slowking
|-damage|p1a: Slowking|12/100
|
|t:|1776081807
|switch|p2a: Skeledirge|Skeledirge, M|100/100|[from] U-turn
|-prepare|p1a: Slowking|Chilly Reception|[premajor]
|move|p1a: Slowking|Chilly Reception|p1a: Slowking
|-weather|Snowscape
|
|t:|1776081823
|switch|p1a: Garchomp|Garchomp, F|100/100|[from] Chilly Reception
|
|-weather|Snowscape|[upkeep]
|upkeep
|turn|22
|
|t:|1776081828
|-terastallize|p1a: Garchomp|Fire
|move|p1a: Garchomp|Earthquake|p2a: Skeledirge
|-supereffective|p2a: Skeledirge
|-damage|p2a: Skeledirge|16/100
|move|p2a: Skeledirge|Will-O-Wisp|p1a: Garchomp
|-immune|p1a: Garchomp
|
|-weather|Snowscape|[upkeep]
|upkeep
|turn|23
|-message|Mateotruco forfeited.
|
|win|kanyewestlover545
|raw|kanyewestlover545's rating: 1373 &rarr; <strong>1393</strong><br />(+20 for winning)
|raw|Mateotruco's rating: 1373 &rarr; <strong>1353</strong><br />(-20 for losing)
|l|☆Mateotruco
|player|p2|
