|html|<div class="broadcast-blue"><strong>[Gen 9] OU is currently suspecting Volcarona! For information on how to participate check out the <a href="https://www.smogon.com/tools/suspects/view/208">suspect thread</a>.</strong></div>
|j|☆luxo1117
|j|☆Chickeneater334
|t:|1778506809
|gametype|singles
|player|p1|luxo1117|steven|1097
|player|p2|Chickeneater334|lady|1121
|gen|9
|tier|[Gen 9] OU
|rated|
|rule|HP Percentage Mod: HP is shown in percentages
|rule|Endless Battle Clause: Forcing endless battles is banned
|rule|Species Clause: Limit one of each Pokémon
|rule|OHKO Clause: OHKO moves are banned
|rule|Evasion Items Clause: Evasion items are banned
|rule|Evasion Moves Clause: Evasion moves are banned
|rule|Evasion Abilities Clause: Evasion abilities are banned
|rule|Sleep Moves Clause: Sleep-inducing moves are banned
|clearpoke
|poke|p1|Clodsire, M|
|poke|p1|Darkrai|
|poke|p1|Corviknight, M|
|poke|p1|Garchomp, M|
|poke|p1|Cinderace, M|
|poke|p1|Deoxys-Speed|
|poke|p2|Excadrill, M|
|poke|p2|Samurott, F|
|poke|p2|Eelektross, M|
|poke|p2|Virizion|
|poke|p2|Chandelure, M|
|poke|p2|Beartic, M|
|teampreview
|inactive|Battle timer is ON: inactive players will automatically lose when time's up. (requested by Chickeneater334)
|
|t:|1778506815
|teamsize|p1|6
|teamsize|p2|6
|start
|switch|p1a: canchero|Cinderace, M|100/100
|switch|p2a: Beartic|Beartic, M|100/100
|turn|1
|
|t:|1778506823
|move|p1a: canchero|Pyro Ball|p2a: Beartic|[miss]
|-miss|p1a: canchero|p2a: Beartic
|move|p2a: Beartic|Earthquake|p1a: canchero
|-supereffective|p1a: canchero
|-damage|p1a: canchero|0 fnt
|faint|p1a: canchero
|
|upkeep
|
|t:|1778506830
|switch|p1a: doctor|Corviknight, M, shiny|100/100
|-ability|p1a: doctor|Unnerve
|turn|2
|
|t:|1778506840
|switch|p2a: Eelektross|Eelektross, M, shiny|100/100
|move|p1a: doctor|Body Press|p2a: Eelektross
|-damage|p2a: Eelektross|72/100
|
|upkeep
|turn|3
|
|t:|1778506854
|switch|p1a: carriador|Clodsire, M, shiny|100/100
|switch|p2a: Beartic|Beartic, M|100/100
|
|upkeep
|turn|4
|
|t:|1778506861
|move|p2a: Beartic|Icicle Crash|p1a: carriador
|-supereffective|p1a: carriador
|-damage|p1a: carriador|0 fnt
|faint|p1a: carriador
|
|upkeep
|
|t:|1778506865
|switch|p1a: fideito|Deoxys-Speed|100/100
|-ability|p1a: fideito|Pressure
|turn|5
|
|t:|1778506869
|move|p1a: fideito|Superpower|p2a: Beartic
|-supereffective|p2a: Beartic
|-damage|p2a: Beartic|34/100
|-unboost|p1a: fideito|atk|1
|-unboost|p1a: fideito|def|1
|-damage|p1a: fideito|91/100|[from] item: Life Orb
|move|p2a: Beartic|Icicle Crash|p1a: fideito
|-damage|p1a: fideito|0 fnt
|faint|p1a: fideito
|
|upkeep
|
|t:|1778506877
|switch|p1a: jose|Darkrai, shiny|100/100
|turn|6
|
|t:|1778506881
|move|p1a: jose|Dark Pulse|p2a: Beartic
|-damage|p2a: Beartic|0 fnt
|faint|p2a: Beartic
|
|upkeep
|
|t:|1778506895
|switch|p2a: Virizion|Virizion|100/100
|turn|7
|
|t:|1778506903
|-terastallize|p1a: jose|Ghost
|move|p1a: jose|Sludge Bomb|p2a: Virizion
|-supereffective|p2a: Virizion
|-damage|p2a: Virizion|44/100
|move|p2a: Virizion|Calm Mind|p2a: Virizion
|-boost|p2a: Virizion|spa|1
|-boost|p2a: Virizion|spd|1
|
|upkeep
|turn|8
|
|t:|1778506912
|-terastallize|p2a: Virizion|Steel
|move|p1a: jose|Shadow Ball|p2a: Virizion
|-damage|p2a: Virizion|21/100
|move|p2a: Virizion|Energy Ball|p1a: jose
|-damage|p1a: jose|23/100
|
|-heal|p1a: jose|29/100|[from] item: Leftovers
|upkeep
|turn|9
|
|t:|1778506920
|move|p1a: jose|Shadow Ball|p2a: Virizion
|-damage|p2a: Virizion|0 fnt
|faint|p2a: Virizion
|
|-heal|p1a: jose|35/100|[from] item: Leftovers
|upkeep
|
|t:|1778506929
|switch|p2a: Chandelure|Chandelure, M, shiny|100/100
|turn|10
|
|t:|1778506932
|move|p2a: Chandelure|Dark Pulse|p1a: jose
|-supereffective|p1a: jose
|-damage|p1a: jose|0 fnt
|faint|p1a: jose
|
|upkeep
|
|t:|1778506946
|switch|p1a: sharpei|Garchomp, M|100/100
|turn|11
|
|t:|1778506954
|switch|p2a: Excadrill|Excadrill, M, shiny|100/100
|-ability|p2a: Excadrill|Mold Breaker
|move|p1a: sharpei|Stealth Rock|p2a: Excadrill
|-sidestart|p2: Chickeneater334|move: Stealth Rock
|
|upkeep
|turn|12
|
|t:|1778506960
|move|p2a: Excadrill|Rapid Spin|p1a: sharpei
|-damage|p1a: sharpei|86/100
|-boost|p2a: Excadrill|spe|1
|-damage|p2a: Excadrill|88/100|[from] ability: Rough Skin|[of] p1a: sharpei
|-damage|p2a: Excadrill|71/100|[from] item: Rocky Helmet|[of] p1a: sharpei
|-sideend|p2: Chickeneater334|Stealth Rock|[from] move: Rapid Spin|[of] p2a: Excadrill
|-damage|p2a: Excadrill|61/100|[from] item: Life Orb
|move|p1a: sharpei|Earthquake|p2a: Excadrill
|-supereffective|p2a: Excadrill
|-damage|p2a: Excadrill|0 fnt
|faint|p2a: Excadrill
|
|upkeep
|
|t:|1778506979
|switch|p2a: Samurott|Samurott, F|100/100
|turn|13
|l|☆Chickeneater334
|inactive|Chickeneater334 disconnected and has a minute to reconnect!
|player|p2|
|j|☆Chickeneater334
|inactive|Chickeneater334 reconnected and has 135 seconds left.
|player|p2|Chickeneater334|lady|
|
|t:|1778507001
|move|p1a: sharpei|Stealth Rock|p2a: Samurott
|-sidestart|p2: Chickeneater334|move: Stealth Rock
|move|p2a: Samurott|Knock Off|p1a: sharpei
|-damage|p1a: sharpei|65/100
|-damage|p2a: Samurott|88/100|[from] ability: Rough Skin|[of] p1a: sharpei
|-damage|p2a: Samurott|72/100|[from] item: Rocky Helmet|[of] p1a: sharpei
|-enditem|p1a: sharpei|Rocky Helmet|[from] move: Knock Off|[of] p2a: Samurott
|
|upkeep
|turn|14
|
|t:|1778507011
|move|p2a: Samurott|Swords Dance|p2a: Samurott
|-boost|p2a: Samurott|atk|2
|move|p1a: sharpei|Dragon Tail|p2a: Samurott
|-damage|p2a: Samurott|47/100
|drag|p2a: Chandelure|Chandelure, M, shiny|100/100
|-damage|p2a: Chandelure|76/100|[from] Stealth Rock
|
|upkeep
|turn|15
|
|t:|1778507020
|move|p2a: Chandelure|Shadow Ball|p1a: sharpei
|-damage|p1a: sharpei|24/100
|-unboost|p1a: sharpei|spd|1
|move|p1a: sharpei|Dragon Tail|p2a: Chandelure
|-damage|p2a: Chandelure|37/100
|drag|p2a: Eelektross|Eelektross, M, shiny|72/100
|-damage|p2a: Eelektross|60/100|[from] Stealth Rock
|
|upkeep
|turn|16
|
|t:|1778507031
|move|p1a: sharpei|Fire Fang|p2a: Eelektross
|-damage|p2a: Eelektross|38/100
|move|p2a: Eelektross|Dragon Pulse|p1a: sharpei
|-supereffective|p1a: sharpei
|-damage|p1a: sharpei|0 fnt
|faint|p1a: sharpei
|
|upkeep
|
|t:|1778507037
|switch|p1a: doctor|Corviknight, M, shiny|100/100
|-ability|p1a: doctor|Unnerve
|turn|17
|
|t:|1778507043
|move|p1a: doctor|Body Press|p2a: Eelektross
|-damage|p2a: Eelektross|11/100
|move|p2a: Eelektross|Thunderbolt|p1a: doctor
|-supereffective|p1a: doctor
|-damage|p1a: doctor|12/100
|
|upkeep
|turn|18
|
|t:|1778507049
|move|p1a: doctor|Brave Bird|p2a: Eelektross
|-resisted|p2a: Eelektross
|-damage|p2a: Eelektross|0 fnt
|faint|p2a: Eelektross
|-damage|p1a: doctor|9/100|[from] Recoil
|
|upkeep
|
|t:|1778507051
|switch|p2a: Chandelure|Chandelure, M, shiny|37/100
|-damage|p2a: Chandelure|12/100|[from] Stealth Rock
|turn|19
|
|t:|1778507056
|move|p2a: Chandelure|Fire Blast|p1a: doctor
|-supereffective|p1a: doctor
|-damage|p1a: doctor|0 fnt
|faint|p1a: doctor
|
|win|Chickeneater334
|raw|luxo1117's rating: 1097 &rarr; <strong>1074</strong><br />(-23 for losing)
|raw|Chickeneater334's rating: 1121 &rarr; <strong>1144</strong><br />(+23 for winning)
|l|☆luxo1117
|player|p1|
|l|☆Chickeneater334
|player|p2|
