|html|<div class="broadcast-blue"><strong>[Gen 9] OU is currently suspecting Tera Blast! For information on how to participate check out the <a href="https://www.smogon.com/tools/suspects/view/200">suspect thread</a>.</strong></div>
|j|☆cozyclown
|j|☆heppaistoss
|t:|1776299380
|gametype|singles
|player|p1|cozyclown|unknown|1268
|player|p2|heppaistoss|alder|1291
|gen|9
|tier|[Gen 9] OU
|rated|
|rule|HP Percentage Mod: HP is shown in percentages
|rule|Endless Battle Clause: Forcing endless battles is banned
|rule|Species Clause: Limit one of each Pokémon
|rule|OHKO Clause: OHKO moves are banned
|rule|Evasion Items Clause: Evasion items are banned
|rule|Evasion Moves Clause: Evasion moves are banned
|rule|Evasion Abilities Clause: Evasion abilities are banned
|rule|Sleep Moves Clause: Sleep-inducing moves are banned
|clearpoke
|poke|p1|Ting-Lu|
|poke|p1|Heatran, F|
|poke|p1|Dragapult, M|
|poke|p1|Zamazenta-*|
|poke|p1|Raging Bolt|
|poke|p1|Great Tusk|
|poke|p2|Zamazenta-*|
|poke|p2|Kyurem|
|poke|p2|Iron Treads|
|poke|p2|Tornadus-Therian, M|
|poke|p2|Pecharunt|
|poke|p2|Ting-Lu|
|teampreview
|inactive|Battle timer is ON: inactive players will automatically lose when time's up. (requested by cozyclown)
|
|t:|1776299393
|teamsize|p1|6
|teamsize|p2|6
|start
|switch|p1a: Tingaling|Ting-Lu, shiny|100/100
|switch|p2a: Tornadus|Tornadus-Therian, M|100/100
|-ability|p1a: Tingaling|Vessel of Ruin
|turn|1
|
|t:|1776299407
|move|p2a: Tornadus|Taunt|p1a: Tingaling
|-start|p1a: Tingaling|move: Taunt
|cant|p1a: Tingaling|move: Taunt|Stealth Rock
|
|upkeep
|turn|2
|
|t:|1776299413
|move|p2a: Tornadus|Knock Off|p1a: Tingaling
|-resisted|p1a: Tingaling
|-damage|p1a: Tingaling|96/100
|-enditem|p1a: Tingaling|Leftovers|[from] move: Knock Off|[of] p2a: Tornadus
|move|p1a: Tingaling|Ruination|p2a: Tornadus
|-damage|p2a: Tornadus|50/100
|
|upkeep
|turn|3
|
|t:|1776299423
|switch|p2a: Iron Treads|Iron Treads|100/100
|switch|p1a: Raging Bolt|Raging Bolt|100/100
|
|upkeep
|turn|4
|
|t:|1776299435
|-end|p1a: Raging Bolt|Protosynthesis|[silent]
|switch|p1a: Big T|Great Tusk|100/100
|move|p2a: Iron Treads|Stealth Rock|p1a: Big T
|-sidestart|p1: cozyclown|move: Stealth Rock
|
|upkeep
|turn|5
|l|☆cozyclown
|inactive|cozyclown disconnected and has a minute to reconnect!
|player|p1|
|j|☆cozyclown
|inactive|cozyclown reconnected and has 140 seconds left.
|player|p1|cozyclown|unknown|
|n|☆cozyclown|cozyclown
|
|t:|1776299450
|-end|p2a: Iron Treads|Quark Drive|[silent]
|switch|p2a: Pecharunt|Pecharunt|100/100
|move|p1a: Big T|Earthquake|p2a: Pecharunt
|-supereffective|p2a: Pecharunt
|-damage|p2a: Pecharunt|56/100
|
|upkeep
|turn|6
|
|t:|1776299460
|switch|p2a: Tornadus|Tornadus-Therian, M|84/100
|move|p1a: Big T|Knock Off|p2a: Tornadus
|-damage|p2a: Tornadus|54/100
|-enditem|p2a: Tornadus|Heavy-Duty Boots|[from] move: Knock Off|[of] p1a: Big T
|
|upkeep
|turn|7
|
|t:|1776299469
|move|p2a: Tornadus|Bleakwind Storm|p1a: Big T
|-supereffective|p1a: Big T
|-damage|p1a: Big T|2/100
|-unboost|p1a: Big T|spe|1
|move|p1a: Big T|Rapid Spin|p2a: Tornadus
|-damage|p2a: Tornadus|38/100
|-boost|p1a: Big T|spe|1
|-sideend|p1: cozyclown|Stealth Rock|[from] move: Rapid Spin|[of] p1a: Big T
|
|-heal|p1a: Big T|9/100|[from] item: Leftovers
|upkeep
|turn|8
|inactive|heppaistoss has 120 seconds left.
|inactive|heppaistoss has 90 seconds left.
|
|t:|1776299547
|switch|p2a: Zamazenta|Zamazenta|100/100
|-ability|p2a: Zamazenta|Dauntless Shield|boost
|-boost|p2a: Zamazenta|def|1
|move|p1a: Big T|Ice Spinner|p2a: Zamazenta
|-damage|p2a: Zamazenta|88/100
|
|-heal|p2a: Zamazenta|94/100|[from] item: Leftovers
|-heal|p1a: Big T|15/100|[from] item: Leftovers
|upkeep
|turn|9
|inactive|cozyclown has 120 seconds left.
|
|t:|1776299573
|-end|p1a: Big T|Protosynthesis|[silent]
|switch|p1a: Big Z|Zamazenta|100/100
|-ability|p1a: Big Z|Dauntless Shield|boost
|-boost|p1a: Big Z|def|1
|move|p2a: Zamazenta|Body Press|p1a: Big Z
|-damage|p1a: Big Z|77/100
|
|-heal|p2a: Zamazenta|99/100|[from] item: Leftovers
|-heal|p1a: Big Z|83/100|[from] item: Leftovers
|upkeep
|turn|10
|inactive|cozyclown has 120 seconds left.
|
|t:|1776299585
|move|p2a: Zamazenta|Iron Defense|p2a: Zamazenta
|-boost|p2a: Zamazenta|def|2
|move|p1a: Big Z|Iron Defense|p1a: Big Z
|-boost|p1a: Big Z|def|2
|
|-heal|p2a: Zamazenta|100/100|[from] item: Leftovers
|-heal|p1a: Big Z|89/100|[from] item: Leftovers
|upkeep
|turn|11
|inactive|cozyclown has 120 seconds left.
|inactive|heppaistoss has 90 seconds left.
|
|t:|1776299593
|move|p1a: Big Z|Iron Defense|p1a: Big Z
|-boost|p1a: Big Z|def|2
|move|p2a: Zamazenta|Roar|p1a: Big Z
|drag|p1a: Raging Bolt|Raging Bolt|100/100
|
|upkeep
|turn|12
|inactive|cozyclown has 120 seconds left.
|
|t:|1776299617
|move|p2a: Zamazenta|Body Press|p1a: Raging Bolt
|-damage|p1a: Raging Bolt|36/100
|move|p1a: Raging Bolt|Draco Meteor|p2a: Zamazenta
|-damage|p2a: Zamazenta|30/100
|-unboost|p1a: Raging Bolt|spa|2
|
|-heal|p2a: Zamazenta|36/100|[from] item: Leftovers
|-heal|p1a: Raging Bolt|42/100|[from] item: Leftovers
|upkeep
|turn|13
|
|t:|1776299627
|move|p1a: Raging Bolt|Thunderclap|p2a: Zamazenta
|-damage|p2a: Zamazenta|18/100
|move|p2a: Zamazenta|Body Press|p1a: Raging Bolt
|-damage|p1a: Raging Bolt|0 fnt
|faint|p1a: Raging Bolt
|-end|p1a: Raging Bolt|Protosynthesis|[silent]
|
|-heal|p2a: Zamazenta|24/100|[from] item: Leftovers
|upkeep
|
|t:|1776299637
|switch|p1a: snipa dragon|Dragapult, M|100/100
|turn|14
|
|t:|1776299643
|switch|p2a: Ting-Lu|Ting-Lu|100/100
|-ability|p2a: Ting-Lu|Vessel of Ruin
|move|p1a: snipa dragon|Shadow Ball|p2a: Ting-Lu
|-resisted|p2a: Ting-Lu
|-damage|p2a: Ting-Lu|89/100
|
|-heal|p2a: Ting-Lu|95/100|[from] item: Leftovers
|upkeep
|turn|15
|
|t:|1776299656
|switch|p1a: Tingaling|Ting-Lu, shiny|96/100
|-ability|p1a: Tingaling|Vessel of Ruin
|move|p2a: Ting-Lu|Earthquake|p1a: Tingaling
|-damage|p1a: Tingaling|82/100
|
|-heal|p2a: Ting-Lu|100/100|[from] item: Leftovers
|upkeep
|turn|16
|
|t:|1776299667
|switch|p2a: Iron Treads|Iron Treads|100/100
|move|p1a: Tingaling|Ruination|p2a: Iron Treads
|-damage|p2a: Iron Treads|50/100
|
|-heal|p2a: Iron Treads|57/100|[from] item: Leftovers
|upkeep
|turn|17
|
|t:|1776299676
|move|p2a: Iron Treads|Stealth Rock|p1a: Tingaling
|-sidestart|p1: cozyclown|move: Stealth Rock
|move|p1a: Tingaling|Earthquake|p2a: Iron Treads
|-supereffective|p2a: Iron Treads
|-damage|p2a: Iron Treads|5/100
|
|-heal|p2a: Iron Treads|11/100|[from] item: Leftovers
|upkeep
|turn|18
|inactive|cozyclown has 120 seconds left.
|
|t:|1776299684
|-end|p2a: Iron Treads|Quark Drive|[silent]
|switch|p2a: Tornadus|Tornadus-Therian, M|71/100
|move|p1a: Tingaling|Stealth Rock|p2a: Tornadus
|-sidestart|p2: heppaistoss|move: Stealth Rock
|
|upkeep
|turn|19
|
|t:|1776299692
|move|p2a: Tornadus|Nasty Plot|p2a: Tornadus
|-boost|p2a: Tornadus|spa|2
|move|p1a: Tingaling|Ruination|p2a: Tornadus
|-damage|p2a: Tornadus|36/100
|
|upkeep
|turn|20
|
|t:|1776299699
|move|p2a: Tornadus|Bleakwind Storm|p1a: Tingaling
|-damage|p1a: Tingaling|35/100
|move|p1a: Tingaling|Whirlwind|p2a: Tornadus
|drag|p2a: Pecharunt|Pecharunt|56/100
|-damage|p2a: Pecharunt|43/100|[from] Stealth Rock
|
|upkeep
|turn|21
|
|t:|1776299709
|move|p2a: Pecharunt|Recover|p2a: Pecharunt
|-heal|p2a: Pecharunt|93/100
|move|p1a: Tingaling|Earthquake|p2a: Pecharunt
|-supereffective|p2a: Pecharunt
|-damage|p2a: Pecharunt|57/100
|
|upkeep
|turn|22
|
|t:|1776299720
|move|p2a: Pecharunt|Recover|p2a: Pecharunt
|-heal|p2a: Pecharunt|100/100
|move|p1a: Tingaling|Earthquake|p2a: Pecharunt
|-supereffective|p2a: Pecharunt
|-damage|p2a: Pecharunt|59/100
|
|upkeep
|turn|23
|
|t:|1776299727
|-terastallize|p2a: Pecharunt|Water
|move|p2a: Pecharunt|Nasty Plot|p2a: Pecharunt
|-boost|p2a: Pecharunt|spa|2
|move|p1a: Tingaling|Earthquake|p2a: Pecharunt
|-damage|p2a: Pecharunt|42/100
|
|upkeep
|turn|24
|
|t:|1776299737
|move|p2a: Pecharunt|Recover|p2a: Pecharunt
|-heal|p2a: Pecharunt|92/100
|move|p1a: Tingaling|Ruination|p2a: Pecharunt
|-damage|p2a: Pecharunt|46/100
|
|upkeep
|turn|25
|
|t:|1776299744
|move|p2a: Pecharunt|Malignant Chain|p1a: Tingaling
|-resisted|p1a: Tingaling
|-damage|p1a: Tingaling|18/100
|move|p1a: Tingaling|Earthquake|p2a: Pecharunt
|-damage|p2a: Pecharunt|27/100
|
|upkeep
|turn|26
|
|t:|1776299752
|move|p2a: Pecharunt|Recover|p2a: Pecharunt
|-heal|p2a: Pecharunt|77/100
|move|p1a: Tingaling|Earthquake|p2a: Pecharunt
|-damage|p2a: Pecharunt|59/100
|
|upkeep
|turn|27
|
|t:|1776299765
|move|p2a: Pecharunt|Malignant Chain|p1a: Tingaling
|-resisted|p1a: Tingaling
|-damage|p1a: Tingaling|0 fnt
|faint|p1a: Tingaling
|
|upkeep
|
|t:|1776299775
|switch|p1a: snipa dragon|Dragapult, M|100/100
|-damage|p1a: snipa dragon|88/100|[from] Stealth Rock
|turn|28
|
|t:|1776299788
|move|p1a: snipa dragon|Shadow Ball|p2a: Pecharunt
|-damage|p2a: Pecharunt|10/100
|move|p2a: Pecharunt|Recover|p2a: Pecharunt
|-heal|p2a: Pecharunt|60/100
|
|upkeep
|turn|29
|
|t:|1776299795
|move|p1a: snipa dragon|Shadow Ball|p2a: Pecharunt
|-damage|p2a: Pecharunt|8/100
|move|p2a: Pecharunt|Shadow Ball|p1a: snipa dragon
|-supereffective|p1a: snipa dragon
|-damage|p1a: snipa dragon|0 fnt
|faint|p1a: snipa dragon
|
|upkeep
|
|t:|1776299805
|switch|p1a: Air fryer|Heatran, F, shiny|100/100
|-damage|p1a: Air fryer|88/100|[from] Stealth Rock
|turn|30
|
|t:|1776299810
|move|p2a: Pecharunt|Shadow Ball|p1a: Air fryer
|-damage|p1a: Air fryer|60/100
|move|p1a: Air fryer|Lava Plume|p2a: Pecharunt
|-resisted|p2a: Pecharunt
|-damage|p2a: Pecharunt|0 fnt
|faint|p2a: Pecharunt
|
|-heal|p1a: Air fryer|66/100|[from] item: Leftovers
|upkeep
|
|t:|1776299819
|switch|p2a: Zamazenta|Zamazenta|24/100
|-damage|p2a: Zamazenta|18/100|[from] Stealth Rock
|turn|31
|
|t:|1776299825
|move|p2a: Zamazenta|Body Press|p1a: Air fryer
|-supereffective|p1a: Air fryer
|-damage|p1a: Air fryer|5/100
|move|p1a: Air fryer|Lava Plume|p2a: Zamazenta
|-damage|p2a: Zamazenta|0 fnt
|faint|p2a: Zamazenta
|
|-heal|p1a: Air fryer|12/100|[from] item: Leftovers
|upkeep
|
|t:|1776299831
|switch|p2a: Iron Treads|Iron Treads|11/100
|-damage|p2a: Iron Treads|8/100|[from] Stealth Rock
|turn|32
|
|t:|1776299840
|move|p2a: Iron Treads|Rapid Spin|p1a: Air fryer
|-resisted|p1a: Air fryer
|-damage|p1a: Air fryer|5/100
|-boost|p2a: Iron Treads|spe|1
|-sideend|p2: heppaistoss|Stealth Rock|[from] move: Rapid Spin|[of] p2a: Iron Treads
|move|p1a: Air fryer|Lava Plume|p2a: Iron Treads
|-supereffective|p2a: Iron Treads
|-damage|p2a: Iron Treads|0 fnt
|faint|p2a: Iron Treads
|-end|p2a: Iron Treads|Quark Drive|[silent]
|
|-heal|p1a: Air fryer|11/100|[from] item: Leftovers
|upkeep
|
|t:|1776299843
|switch|p2a: Tornadus|Tornadus-Therian, M|69/100
|turn|33
|
|t:|1776299854
|move|p2a: Tornadus|Knock Off|p1a: Air fryer
|-damage|p1a: Air fryer|0 fnt
|-enditem|p1a: Air fryer|Leftovers|[from] move: Knock Off|[of] p2a: Tornadus
|faint|p1a: Air fryer
|
|upkeep
|
|t:|1776299860
|switch|p1a: Big T|Great Tusk|15/100
|-damage|p1a: Big T|12/100|[from] Stealth Rock
|turn|34
|
|t:|1776299865
|switch|p2a: Kyurem|Kyurem|100/100
|-ability|p2a: Kyurem|Pressure
|move|p1a: Big T|Ice Spinner|p2a: Kyurem
|-damage|p2a: Kyurem|84/100
|
|-heal|p1a: Big T|18/100|[from] item: Leftovers
|upkeep
|turn|35
|
|t:|1776299875
|move|p2a: Kyurem|Ice Beam|p1a: Big T
|-supereffective|p1a: Big T
|-damage|p1a: Big T|0 fnt
|faint|p1a: Big T
|-end|p1a: Big T|Protosynthesis|[silent]
|
|upkeep
|
|t:|1776299880
|switch|p1a: Big Z|Zamazenta|89/100
|-damage|p1a: Big Z|83/100|[from] Stealth Rock
|turn|36
|
|t:|1776299885
|move|p1a: Big Z|Iron Defense|p1a: Big Z
|-boost|p1a: Big Z|def|2
|move|p2a: Kyurem|Ice Beam|p1a: Big Z
|-damage|p1a: Big Z|47/100
|
|-heal|p1a: Big Z|54/100|[from] item: Leftovers
|upkeep
|turn|37
|
|t:|1776299893
|move|p1a: Big Z|Body Press|p2a: Kyurem
|-supereffective|p2a: Kyurem
|-damage|p2a: Kyurem|0 fnt
|faint|p2a: Kyurem
|
|-heal|p1a: Big Z|60/100|[from] item: Leftovers
|upkeep
|
|t:|1776299896
|switch|p2a: Tornadus|Tornadus-Therian, M|100/100
|turn|38
|
|t:|1776299903
|move|p1a: Big Z|Body Press|p2a: Tornadus
|-resisted|p2a: Tornadus
|-damage|p2a: Tornadus|62/100
|move|p2a: Tornadus|Bleakwind Storm|p1a: Big Z
|-supereffective|p1a: Big Z
|-damage|p1a: Big Z|5/100
|
|-heal|p1a: Big Z|11/100|[from] item: Leftovers
|upkeep
|turn|39
|
|t:|1776299920
|move|p1a: Big Z|Protect|p1a: Big Z
|-singleturn|p1a: Big Z|Protect
|move|p2a: Tornadus|Bleakwind Storm|p1a: Big Z
|-activate|p1a: Big Z|move: Protect
|
|-heal|p1a: Big Z|18/100|[from] item: Leftovers
|upkeep
|turn|40
|
|t:|1776299934
|-terastallize|p1a: Big Z|Steel
|move|p1a: Big Z|Iron Defense|p1a: Big Z
|-boost|p1a: Big Z|def|2
|move|p2a: Tornadus|Bleakwind Storm|p1a: Big Z
|-resisted|p1a: Big Z
|-damage|p1a: Big Z|2/100
|-unboost|p1a: Big Z|spe|1
|
|-heal|p1a: Big Z|8/100|[from] item: Leftovers
|upkeep
|turn|41
|
|t:|1776299946
|switch|p2a: Ting-Lu|Ting-Lu|100/100
|-ability|p2a: Ting-Lu|Vessel of Ruin
|move|p1a: Big Z|Protect||[still]
|-fail|p1a: Big Z
|
|-heal|p1a: Big Z|14/100|[from] item: Leftovers
|upkeep
|turn|42
|
|t:|1776299956
|move|p1a: Big Z|Body Press|p2a: Ting-Lu
|-supereffective|p2a: Ting-Lu
|-damage|p2a: Ting-Lu|0 fnt
|faint|p2a: Ting-Lu
|
|-heal|p1a: Big Z|20/100|[from] item: Leftovers
|upkeep
|
|t:|1776299959
|switch|p2a: Tornadus|Tornadus-Therian, M|95/100
|turn|43
|
|t:|1776299966
|move|p1a: Big Z|Protect|p1a: Big Z
|-singleturn|p1a: Big Z|Protect
|move|p2a: Tornadus|Nasty Plot|p2a: Tornadus
|-boost|p2a: Tornadus|spa|2
|
|-heal|p1a: Big Z|27/100|[from] item: Leftovers
|upkeep
|turn|44
|
|t:|1776299974
|move|p2a: Tornadus|Bleakwind Storm|p1a: Big Z
|-resisted|p1a: Big Z
|-damage|p1a: Big Z|0 fnt
|faint|p1a: Big Z
|
|win|heppaistoss
|raw|cozyclown's rating: 1268 &rarr; <strong>1245</strong><br />(-23 for losing)
|raw|heppaistoss's rating: 1291 &rarr; <strong>1314</strong><br />(+23 for winning)
|l|☆heppaistoss
|player|p2|
