|html|<div class="broadcast-blue"><strong>[Gen 9] OU is currently suspecting Volcarona! For information on how to participate check out the <a href="https://www.smogon.com/tools/suspects/view/208">suspect thread</a>.</strong></div>
|j|☆Uber Steelix
|j|☆DopeyDawg
|t:|1778497990
|gametype|singles
|player|p1|Uber Steelix|falkner-gen2|1151
|player|p2|DopeyDawg|266|1103
|gen|9
|tier|[Gen 9] OU
|rated|
|rule|HP Percentage Mod: HP is shown in percentages
|rule|Endless Battle Clause: Forcing endless battles is banned
|rule|Species Clause: Limit one of each Pokémon
|rule|OHKO Clause: OHKO moves are banned
|rule|Evasion Items Clause: Evasion items are banned
|rule|Evasion Moves Clause: Evasion moves are banned
|rule|Evasion Abilities Clause: Evasion abilities are banned
|rule|Sleep Moves Clause: Sleep-inducing moves are banned
|clearpoke
|poke|p1|Oricorio-Sensu, F|
|poke|p1|Great Tusk|
|poke|p1|Manaphy|
|poke|p1|Slowking-Galar, M|
|poke|p1|Kingambit, F|
|poke|p1|Ogerpon-Wellspring, F|
|poke|p2|Whimsicott, F|
|poke|p2|Quaquaval, M|
|poke|p2|Zoroark, F|
|poke|p2|Blaziken, M|
|poke|p2|Toxapex, F|
|poke|p2|Garchomp, M|
|teampreview
|
|t:|1778498019
|teamsize|p1|6
|teamsize|p2|6
|start
|switch|p1a: Ogerpon|Ogerpon-Wellspring, F|100/100
|switch|p2a: Quaquaval|Quaquaval, M|100/100
|turn|1
|
|t:|1778498033
|move|p1a: Ogerpon|Ivy Cudgel|p2a: Quaquaval|[anim] Ivy Cudgel Water
|-resisted|p2a: Quaquaval
|-crit|p2a: Quaquaval
|-damage|p2a: Quaquaval|44/100
|move|p2a: Quaquaval|Close Combat|p1a: Ogerpon
|-damage|p1a: Ogerpon|0 fnt
|-unboost|p2a: Quaquaval|def|1
|-unboost|p2a: Quaquaval|spd|1
|faint|p1a: Ogerpon
|-ability|p2a: Quaquaval|Moxie|boost
|-boost|p2a: Quaquaval|atk|1
|-damage|p2a: Quaquaval|34/100|[from] item: Life Orb
|
|upkeep
|
|t:|1778498045
|switch|p1a: Oricorio|Oricorio-Sensu, F|100/100
|turn|2
|
|t:|1778498061
|move|p1a: Oricorio|Revelation Dance|p2a: Quaquaval
|-damage|p2a: Quaquaval|0 fnt
|faint|p2a: Quaquaval
|
|upkeep
|
|t:|1778498073
|switch|p2a: Garchomp|Garchomp, M|100/100
|turn|3
|
|t:|1778498080
|move|p2a: Garchomp|Scale Shot|p1a: Oricorio
|-damage|p1a: Oricorio|80/100
|-damage|p1a: Oricorio|61/100
|-damage|p1a: Oricorio|41/100
|-damage|p1a: Oricorio|22/100
|-damage|p1a: Oricorio|2/100
|-hitcount|p1a: Oricorio|5
|-unboost|p2a: Garchomp|def|1
|-boost|p2a: Garchomp|spe|1
|move|p1a: Oricorio|Quiver Dance|p1a: Oricorio
|-boost|p1a: Oricorio|spa|1
|-boost|p1a: Oricorio|spd|1
|-boost|p1a: Oricorio|spe|1
|
|upkeep
|turn|4
|
|t:|1778498097
|move|p2a: Garchomp|Iron Head|p1a: Oricorio
|-crit|p1a: Oricorio
|-damage|p1a: Oricorio|0 fnt
|faint|p1a: Oricorio
|
|upkeep
|
|t:|1778498101
|switch|p1a: Manaphy|Manaphy|100/100
|turn|5
|
|t:|1778498109
|-terastallize|p2a: Garchomp|Steel
|move|p2a: Garchomp|Scale Shot|p1a: Manaphy
|-damage|p1a: Manaphy|87/100
|-damage|p1a: Manaphy|75/100
|-damage|p1a: Manaphy|62/100
|-damage|p1a: Manaphy|50/100
|-hitcount|p1a: Manaphy|4
|-unboost|p2a: Garchomp|def|1
|-boost|p2a: Garchomp|spe|1
|move|p1a: Manaphy|Tail Glow|p1a: Manaphy
|-boost|p1a: Manaphy|spa|3
|
|-heal|p1a: Manaphy|56/100|[from] item: Leftovers
|upkeep
|turn|6
|
|t:|1778498124
|-terastallize|p1a: Manaphy|Fairy
|move|p2a: Garchomp|Scale Shot|p1a: Manaphy
|-immune|p1a: Manaphy
|move|p1a: Manaphy|Scald|p2a: Garchomp
|-damage|p2a: Garchomp|0 fnt
|faint|p2a: Garchomp
|
|-heal|p1a: Manaphy|62/100|[from] item: Leftovers
|upkeep
|
|t:|1778498137
|switch|p2a: Whimsicott|Whimsicott, F|100/100
|turn|7
|
|t:|1778498143
|move|p2a: Whimsicott|Sludge Bomb|p1a: Manaphy
|-supereffective|p1a: Manaphy
|-damage|p1a: Manaphy|2/100
|-status|p1a: Manaphy|psn
|move|p1a: Manaphy|Alluring Voice|p2a: Whimsicott
|-supereffective|p2a: Whimsicott
|-damage|p2a: Whimsicott|0 fnt
|replace|p2a: Zoroark|Zoroark, F
|-end|p2a: Zoroark|Illusion
|faint|p2a: Zoroark
|
|-heal|p1a: Manaphy|8/100 psn|[from] item: Leftovers
|-damage|p1a: Manaphy|0 fnt|[from] psn
|faint|p1a: Manaphy
|upkeep
|
|t:|1778498162
|switch|p2a: Toxapex|Toxapex, F|100/100
|switch|p1a: Slowking|Slowking-Galar, M|100/100
|turn|8
|
|t:|1778498169
|switch|p2a: Whimsicott|Whimsicott, F|100/100
|move|p1a: Slowking|Psychic Noise|p2a: Whimsicott
|-damage|p2a: Whimsicott|70/100
|-start|p2a: Whimsicott|move: Heal Block
|
|upkeep
|turn|9
|-message|DopeyDawg forfeited.
|
|win|Uber Steelix
|raw|Uber Steelix's rating: 1151 &rarr; <strong>1173</strong><br />(+22 for winning)
|raw|DopeyDawg's rating: 1103 &rarr; <strong>1081</strong><br />(-22 for losing)
|l|☆DopeyDawg
|player|p2|
|l|☆Uber Steelix
|player|p1|
