|html|<div class="broadcast-blue"><strong>[Gen 9] OU is currently suspecting Tera Blast! For information on how to participate check out the <a href="https://www.smogon.com/tools/suspects/view/200">suspect thread</a>.</strong></div>
|j|☆sminey
|j|☆Zuifeng
|t:|1776056483
|gametype|singles
|player|p1|sminey|palmer|1697
|player|p2|Zuifeng|li|1702
|gen|9
|tier|[Gen 9] OU
|rated|
|rule|HP Percentage Mod: HP is shown in percentages
|rule|Endless Battle Clause: Forcing endless battles is banned
|rule|Species Clause: Limit one of each Pokémon
|rule|OHKO Clause: OHKO moves are banned
|rule|Evasion Items Clause: Evasion items are banned
|rule|Evasion Moves Clause: Evasion moves are banned
|rule|Evasion Abilities Clause: Evasion abilities are banned
|rule|Sleep Moves Clause: Sleep-inducing moves are banned
|clearpoke
|poke|p1|Cinderace, F|
|poke|p1|Zapdos|
|poke|p1|Latios, M|
|poke|p1|Weavile, F|
|poke|p1|Clefable, F|
|poke|p1|Slowking-Galar, F|
|poke|p2|Gholdengo|
|poke|p2|Tornadus-Therian, M|
|poke|p2|Hatterene, F|
|poke|p2|Samurott-Hisui, F|
|poke|p2|Dragapult, F|
|poke|p2|Great Tusk|
|teampreview
|inactive|Battle timer is ON: inactive players will automatically lose when time's up. (requested by Zuifeng)
|
|t:|1776056499
|teamsize|p1|6
|teamsize|p2|6
|start
|switch|p1a: Zapdos|Zapdos|100/100
|switch|p2a: Dragapult|Dragapult, F|100/100
|turn|1
|
|t:|1776056505
|move|p2a: Dragapult|Dragon Darts|p1a: Zapdos
|-damage|p1a: Zapdos|71/100
|-anim|p2a: Dragapult|Dragon Darts|p1a: Zapdos
|-damage|p1a: Zapdos|46/100
|move|p1a: Zapdos|Thunder Wave|p2a: Dragapult
|-status|p2a: Dragapult|par
|
|upkeep
|turn|2
|
|t:|1776056514
|switch|p2a: Gholdengo|Gholdengo|100/100
|move|p1a: Zapdos|Roost|p1a: Zapdos
|-heal|p1a: Zapdos|96/100
|-singleturn|p1a: Zapdos|move: Roost
|
|upkeep
|turn|3
|
|t:|1776056520
|move|p2a: Gholdengo|Shadow Ball|p1a: Zapdos
|-damage|p1a: Zapdos|56/100
|move|p1a: Zapdos|Volt Switch|p2a: Gholdengo
|-crit|p2a: Gholdengo
|-damage|p2a: Gholdengo|54/100
|
|t:|1776056526
|switch|p1a: Weavile|Weavile, F|100/100|[from] Volt Switch
|-ability|p1a: Weavile|Pressure
|
|upkeep
|turn|4
|
|t:|1776056531
|switch|p2a: Dragapult|Dragapult, F|100/100 par
|move|p1a: Weavile|Swords Dance|p1a: Weavile
|-boost|p1a: Weavile|atk|2
|
|upkeep
|turn|5
|
|t:|1776056539
|move|p1a: Weavile|Ice Shard|p2a: Dragapult
|-supereffective|p2a: Dragapult
|-damage|p2a: Dragapult|0 fnt
|faint|p2a: Dragapult
|
|upkeep
|
|t:|1776056545
|switch|p2a: Gholdengo|Gholdengo|54/100
|turn|6
|
|t:|1776056561
|switch|p1a: Slowking|Slowking-Galar, F|100/100
|move|p2a: Gholdengo|Make It Rain|p1a: Slowking
|-damage|p1a: Slowking|75/100
|-unboost|p2a: Gholdengo|spa|1
|
|upkeep
|turn|7
|
|t:|1776056566
|switch|p2a: Samurott|Samurott-Hisui, F|100/100
|switch|p1a: Zapdos|Zapdos|56/100
|
|upkeep
|turn|8
|
|t:|1776056570
|-terastallize|p2a: Samurott|Dark
|move|p2a: Samurott|Ceaseless Edge|p1a: Zapdos
|-damage|p1a: Zapdos|0 fnt
|-status|p2a: Samurott|par|[from] ability: Static|[of] p1a: Zapdos
|-sidestart|p1: sminey|Spikes
|faint|p1a: Zapdos
|
|upkeep
|
|t:|1776056575
|switch|p1a: Cinderace|Cinderace, F|100/100
|turn|9
|
|t:|1776056579
|move|p1a: Cinderace|U-turn|p2a: Samurott
|-start|p1a: Cinderace|typechange|Bug|[from] ability: Libero
|-supereffective|p2a: Samurott
|-damage|p2a: Samurott|13/100 par
|
|t:|1776056583
|switch|p1a: Clefable|Clefable, F|100/100|[from] U-turn
|cant|p2a: Samurott|par
|
|upkeep
|turn|10
|
|t:|1776056589
|switch|p2a: Gholdengo|Gholdengo|54/100
|move|p1a: Clefable|Moonblast|p2a: Gholdengo
|-resisted|p2a: Gholdengo
|-damage|p2a: Gholdengo|37/100
|-unboost|p2a: Gholdengo|spa|1
|
|upkeep
|turn|11
|
|t:|1776056593
|switch|p1a: Slowking|Slowking-Galar, F|100/100
|-damage|p1a: Slowking|88/100|[from] Spikes
|move|p2a: Gholdengo|Recover|p2a: Gholdengo
|-heal|p2a: Gholdengo|87/100
|
|upkeep
|turn|12
|
|t:|1776056598
|switch|p2a: Tornadus|Tornadus-Therian, M|100/100
|move|p1a: Slowking|Flamethrower|p2a: Tornadus
|-damage|p2a: Tornadus|83/100
|
|upkeep
|turn|13
|
|t:|1776056604
|switch|p1a: Clefable|Clefable, F|100/100
|move|p2a: Tornadus|Knock Off|p1a: Clefable
|-resisted|p1a: Clefable
|-damage|p1a: Clefable|93/100
|-enditem|p1a: Clefable|Heavy-Duty Boots|[from] move: Knock Off|[of] p2a: Tornadus
|
|upkeep
|turn|14
|
|t:|1776056609
|move|p2a: Tornadus|U-turn|p1a: Clefable
|-resisted|p1a: Clefable
|-damage|p1a: Clefable|87/100
|
|t:|1776056615
|switch|p2a: Gholdengo|Gholdengo|87/100|[from] U-turn
|move|p1a: Clefable|Knock Off|p2a: Gholdengo
|-supereffective|p2a: Gholdengo
|-damage|p2a: Gholdengo|50/100
|-enditem|p2a: Gholdengo|Choice Scarf|[from] move: Knock Off|[of] p1a: Clefable
|
|upkeep
|turn|15
|j| jckdkfigig
|
|t:|1776056624
|switch|p1a: Slowking|Slowking-Galar, F|100/100
|-damage|p1a: Slowking|88/100|[from] Spikes
|move|p2a: Gholdengo|Shadow Ball|p1a: Slowking
|-supereffective|p1a: Slowking
|-damage|p1a: Slowking|51/100
|
|upkeep
|turn|16
|j| Shucklepilled
|j| Mega Delibird X
|
|t:|1776056636
|move|p2a: Gholdengo|Recover|p2a: Gholdengo
|-heal|p2a: Gholdengo|99/100
|move|p1a: Slowking|Sludge Bomb|p2a: Gholdengo
|-immune|p2a: Gholdengo
|
|upkeep
|turn|17
|
|t:|1776056642
|move|p2a: Gholdengo|Shadow Ball|p1a: Slowking
|-supereffective|p1a: Slowking
|-damage|p1a: Slowking|14/100
|-unboost|p1a: Slowking|spd|1
|move|p1a: Slowking|Flamethrower|p2a: Gholdengo
|-supereffective|p2a: Gholdengo
|-damage|p2a: Gholdengo|47/100
|
|upkeep
|turn|18
|
|t:|1776056651
|switch|p1a: Cinderace|Cinderace, F|100/100
|move|p2a: Gholdengo|Make It Rain|p1a: Cinderace
|-resisted|p1a: Cinderace
|-damage|p1a: Cinderace|56/100
|-unboost|p2a: Gholdengo|spa|1
|
|upkeep
|turn|19
|
|t:|1776056661
|switch|p2a: Samurott|Samurott-Hisui, F, tera:Dark|13/100 par
|move|p1a: Cinderace|Pyro Ball|p2a: Samurott
|-damage|p2a: Samurott|0 fnt
|faint|p2a: Samurott
|
|upkeep
|
|t:|1776056667
|switch|p2a: Tornadus|Tornadus-Therian, M|100/100
|turn|20
|j| allee23
|
|t:|1776056678
|move|p1a: Cinderace|Pyro Ball|p2a: Tornadus|[miss]
|-miss|p1a: Cinderace|p2a: Tornadus
|move|p2a: Tornadus|Bleakwind Storm|p1a: Cinderace
|-damage|p1a: Cinderace|6/100
|-unboost|p1a: Cinderace|spe|1
|
|upkeep
|turn|21
|
|t:|1776056687
|move|p2a: Tornadus|U-turn|p1a: Cinderace
|-resisted|p1a: Cinderace
|-damage|p1a: Cinderace|0 fnt
|faint|p1a: Cinderace
|l| Mega Delibird X
|
|t:|1776056697
|switch|p2a: Great Tusk|Great Tusk|100/100|[from] U-turn
|
|upkeep
|c|☆sminey|what an insane speed tie
|l| jckdkfigig
|c|☆sminey|if you're gonna go 370 why not go 1 more to outspeed cinderace
|
|t:|1776056719
|switch|p1a: Latios|Latios, M|100/100
|turn|22
|c|☆Zuifeng|It wasnt a tie
|c|☆Zuifeng|You got dropped
|c|☆sminey|I'm so stupid
|c|☆sminey|lmao
|
|t:|1776056743
|-end|p2a: Great Tusk|Protosynthesis|[silent]
|switch|p2a: Tornadus|Tornadus-Therian, M|100/100
|move|p1a: Latios|Luster Purge|p2a: Tornadus
|-damage|p2a: Tornadus|63/100
|
|upkeep
|turn|23
|
|t:|1776056760
|switch|p1a: Slowking|Slowking-Galar, F|47/100
|-damage|p1a: Slowking|35/100|[from] Spikes
|move|p2a: Tornadus|Knock Off|p1a: Slowking
|-supereffective|p1a: Slowking
|-damage|p1a: Slowking|0 fnt
|-enditem|p1a: Slowking|Assault Vest|[from] move: Knock Off|[of] p2a: Tornadus
|faint|p1a: Slowking
|
|upkeep
|
|t:|1776056764
|switch|p1a: Weavile|Weavile, F|100/100
|-ability|p1a: Weavile|Pressure
|turn|24
|
|t:|1776056772
|move|p1a: Weavile|Swords Dance|p1a: Weavile
|-boost|p1a: Weavile|atk|2
|move|p2a: Tornadus|Heat Wave|p1a: Weavile
|-supereffective|p1a: Weavile
|-damage|p1a: Weavile|35/100
|
|upkeep
|turn|25
|
|t:|1776056781
|switch|p2a: Gholdengo|Gholdengo|47/100
|move|p1a: Weavile|Triple Axel|p2a: Gholdengo
|-resisted|p2a: Gholdengo
|-damage|p2a: Gholdengo|36/100
|-resisted|p2a: Gholdengo
|-damage|p2a: Gholdengo|16/100
|-resisted|p2a: Gholdengo
|-damage|p2a: Gholdengo|0 fnt
|faint|p2a: Gholdengo
|-hitcount|p2: Gholdengo|3
|
|upkeep
|
|t:|1776056790
|switch|p2a: Hatterene|Hatterene, F|100/100
|turn|26
|
|t:|1776056808
|-terastallize|p1a: Weavile|Ice
|move|p1a: Weavile|Triple Axel|p2a: Hatterene
|-damage|p2a: Hatterene|77/100
|-damage|p2a: Hatterene|29/100
|-damage|p2a: Hatterene|0 fnt
|faint|p2a: Hatterene
|-hitcount|p2: Hatterene|3
|
|upkeep
|j| aminotloggedin
|c|☆Zuifeng|gg
|-message|Zuifeng forfeited.
|
|win|sminey
|raw|sminey's rating: 1697 &rarr; <strong>1717</strong><br />(+20 for winning)
|raw|Zuifeng's rating: 1702 &rarr; <strong>1682</strong><br />(-20 for losing)
|l|☆Zuifeng
|player|p2|
|c|☆sminey|gg
|l| aminotloggedin
|l|☆sminey
|player|p1|
|l| allee23
