|html|<div class="broadcast-blue"><strong>[Gen 9] OU is currently suspecting Tera Blast! For information on how to participate check out the <a href="https://www.smogon.com/tools/suspects/view/200">suspect thread</a>.</strong></div>
|j|☆dorjaropashey
|j|☆my chingaling
|t:|1776307475
|gametype|singles
|player|p1|dorjaropashey|bellelba|1088
|player|p2|my chingaling|burglar-gen2|1114
|gen|9
|tier|[Gen 9] OU
|rated|
|rule|HP Percentage Mod: HP is shown in percentages
|rule|Endless Battle Clause: Forcing endless battles is banned
|rule|Species Clause: Limit one of each Pokémon
|rule|OHKO Clause: OHKO moves are banned
|rule|Evasion Items Clause: Evasion items are banned
|rule|Evasion Moves Clause: Evasion moves are banned
|rule|Evasion Abilities Clause: Evasion abilities are banned
|rule|Sleep Moves Clause: Sleep-inducing moves are banned
|clearpoke
|poke|p1|Great Tusk|
|poke|p1|Kingambit, F|
|poke|p1|Dragapult, F|
|poke|p1|Iron Valiant|
|poke|p1|Gholdengo|
|poke|p1|Ting-Lu|
|poke|p2|Deoxys-Speed|
|poke|p2|Ceruledge, M|
|poke|p2|Zamazenta-*|
|poke|p2|Ogerpon-Wellspring, F|
|poke|p2|Glimmora, F|
|poke|p2|Chingling, F|
|teampreview
|inactive|Battle timer is ON: inactive players will automatically lose when time's up. (requested by dorjaropashey)
|
|t:|1776307479
|teamsize|p1|6
|teamsize|p2|6
|start
|switch|p1a: Ting-Lu|Ting-Lu|100/100
|switch|p2a: Deoxys|Deoxys-Speed|100/100
|-ability|p2a: Deoxys|Pressure
|-ability|p1a: Ting-Lu|Vessel of Ruin
|turn|1
|
|t:|1776307496
|move|p2a: Deoxys|Taunt|p1a: Ting-Lu
|-start|p1a: Ting-Lu|move: Taunt
|cant|p1a: Ting-Lu|move: Taunt|Stealth Rock
|
|upkeep
|turn|2
|
|t:|1776307503
|move|p2a: Deoxys|Reflect|p2a: Deoxys
|-sidestart|p2: my chingaling|Reflect
|move|p1a: Ting-Lu|Ruination|p2a: Deoxys
|-damage|p2a: Deoxys|51/100
|
|upkeep
|turn|3
|
|t:|1776307524
|move|p2a: Deoxys|Light Screen|p2a: Deoxys
|-sidestart|p2: my chingaling|move: Light Screen
|move|p1a: Ting-Lu|Ruination|p2a: Deoxys
|-damage|p2a: Deoxys|26/100
|
|-end|p1a: Ting-Lu|move: Taunt
|upkeep
|turn|4
|
|t:|1776307535
|move|p2a: Deoxys|Taunt|p1a: Ting-Lu
|-start|p1a: Ting-Lu|move: Taunt
|move|p1a: Ting-Lu|Ruination|p2a: Deoxys|[miss]
|-miss|p1a: Ting-Lu|p2a: Deoxys
|
|upkeep
|turn|5
|
|t:|1776307543
|switch|p2a: Ogerpon|Ogerpon-Wellspring, F|100/100
|move|p1a: Ting-Lu|Earthquake|p2a: Ogerpon
|-resisted|p2a: Ogerpon
|-damage|p2a: Ogerpon|88/100
|
|upkeep
|turn|6
|
|t:|1776307566
|-terastallize|p1a: Ting-Lu|Poison
|move|p2a: Ogerpon|Swords Dance|p2a: Ogerpon
|-boost|p2a: Ogerpon|atk|2
|move|p1a: Ting-Lu|Ruination|p2a: Ogerpon
|-damage|p2a: Ogerpon|44/100
|
|-end|p1a: Ting-Lu|move: Taunt
|upkeep
|turn|7
|
|t:|1776307576
|move|p2a: Ogerpon|Ivy Cudgel|p1a: Ting-Lu|[anim] Ivy Cudgel Water
|-damage|p1a: Ting-Lu|27/100
|move|p1a: Ting-Lu|Ruination|p2a: Ogerpon|[miss]
|-miss|p1a: Ting-Lu|p2a: Ogerpon
|
|-heal|p1a: Ting-Lu|33/100|[from] item: Leftovers
|upkeep
|turn|8
|
|t:|1776307588
|move|p2a: Ogerpon|Ivy Cudgel|p1a: Ting-Lu|[anim] Ivy Cudgel Water
|-damage|p1a: Ting-Lu|0 fnt
|faint|p1a: Ting-Lu
|
|upkeep
|
|t:|1776307601
|switch|p1a: Dragapult|Dragapult, F|100/100
|turn|9
|
|t:|1776307615
|move|p1a: Dragapult|U-turn|p2a: Ogerpon
|-supereffective|p2a: Ogerpon
|-damage|p2a: Ogerpon|0 fnt
|faint|p2a: Ogerpon
|
|t:|1776307622
|switch|p1a: Great Tusk|Great Tusk|100/100|[from] U-turn
|
|-sideend|p2: my chingaling|Reflect
|upkeep
|
|t:|1776307625
|switch|p2a: Deoxys|Deoxys-Speed|26/100
|-ability|p2a: Deoxys|Pressure
|turn|10
|
|t:|1776307634
|move|p2a: Deoxys|Reflect|p2a: Deoxys
|-sidestart|p2: my chingaling|Reflect
|move|p1a: Great Tusk|Knock Off|p2a: Deoxys
|-supereffective|p2a: Deoxys
|-damage|p2a: Deoxys|0 fnt
|-enditem|p2a: Deoxys|Light Clay|[from] move: Knock Off|[of] p1a: Great Tusk
|faint|p2a: Deoxys
|
|-sideend|p2: my chingaling|move: Light Screen
|upkeep
|
|t:|1776307645
|switch|p2a: Ceruledge|Ceruledge, M|100/100
|turn|11
|
|t:|1776307656
|move|p2a: Ceruledge|Swords Dance|p2a: Ceruledge
|-boost|p2a: Ceruledge|atk|2
|move|p1a: Great Tusk|Headlong Rush|p2a: Ceruledge
|-supereffective|p2a: Ceruledge
|-damage|p2a: Ceruledge|36/100
|-unboost|p1a: Great Tusk|def|1
|-unboost|p1a: Great Tusk|spd|1
|-ability|p2a: Ceruledge|Weak Armor|boost
|-unboost|p2a: Ceruledge|def|1
|-boost|p2a: Ceruledge|spe|2
|
|upkeep
|turn|12
|
|t:|1776307667
|move|p2a: Ceruledge|Bitter Blade|p1a: Great Tusk
|-damage|p1a: Great Tusk|5/100
|-heal|p2a: Ceruledge|100/100|[from] drain|[of] p1a: Great Tusk
|-damage|p2a: Ceruledge|91/100|[from] item: Life Orb
|move|p1a: Great Tusk|Headlong Rush|p2a: Ceruledge
|-supereffective|p2a: Ceruledge
|-damage|p2a: Ceruledge|0 fnt
|-unboost|p1a: Great Tusk|def|1
|-unboost|p1a: Great Tusk|spd|1
|faint|p2a: Ceruledge
|
|-heal|p1a: Great Tusk|12/100|[from] item: Leftovers
|upkeep
|
|t:|1776307678
|switch|p2a: Chingling|Chingling, F|100/100
|turn|13
|
|t:|1776307687
|-terastallize|p2a: Chingling|Electric
|move|p1a: Great Tusk|Knock Off|p2a: Chingling
|-damage|p2a: Chingling|88/100
|-enditem|p2a: Chingling|Eviolite|[from] move: Knock Off|[of] p1a: Great Tusk
|move|p2a: Chingling|Cosmic Power|p2a: Chingling
|-boost|p2a: Chingling|def|1
|-boost|p2a: Chingling|spd|1
|
|-heal|p1a: Great Tusk|18/100|[from] item: Leftovers
|upkeep
|turn|14
|
|t:|1776307701
|move|p1a: Great Tusk|Headlong Rush|p2a: Chingling
|-immune|p2a: Chingling|[from] ability: Levitate
|move|p2a: Chingling|Cosmic Power|p2a: Chingling
|-boost|p2a: Chingling|def|1
|-boost|p2a: Chingling|spd|1
|
|-heal|p1a: Great Tusk|24/100|[from] item: Leftovers
|upkeep
|turn|15
|
|t:|1776307715
|move|p1a: Great Tusk|Knock Off|p2a: Chingling
|-damage|p2a: Chingling|81/100
|move|p2a: Chingling|Cosmic Power|p2a: Chingling
|-boost|p2a: Chingling|def|1
|-boost|p2a: Chingling|spd|1
|
|-heal|p1a: Great Tusk|30/100|[from] item: Leftovers
|upkeep
|turn|16
|
|t:|1776307724
|move|p1a: Great Tusk|Close Combat|p2a: Chingling
|-damage|p2a: Chingling|69/100
|-unboost|p1a: Great Tusk|def|1
|-unboost|p1a: Great Tusk|spd|1
|move|p2a: Chingling|Cosmic Power|p2a: Chingling
|-boost|p2a: Chingling|def|1
|-boost|p2a: Chingling|spd|1
|
|-heal|p1a: Great Tusk|36/100|[from] item: Leftovers
|upkeep
|turn|17
|
|t:|1776307735
|move|p1a: Great Tusk|Rapid Spin|p2a: Chingling
|-damage|p2a: Chingling|65/100
|-boost|p1a: Great Tusk|spe|1
|move|p2a: Chingling|Cosmic Power|p2a: Chingling
|-boost|p2a: Chingling|def|1
|-boost|p2a: Chingling|spd|1
|
|-heal|p1a: Great Tusk|43/100|[from] item: Leftovers
|-sideend|p2: my chingaling|Reflect
|upkeep
|turn|18
|
|t:|1776307751
|move|p1a: Great Tusk|Knock Off|p2a: Chingling
|-damage|p2a: Chingling|58/100
|move|p2a: Chingling|Cosmic Power|p2a: Chingling
|-boost|p2a: Chingling|def|1
|-boost|p2a: Chingling|spd|1
|
|-heal|p1a: Great Tusk|49/100|[from] item: Leftovers
|upkeep
|turn|19
|
|t:|1776307760
|move|p1a: Great Tusk|Knock Off|p2a: Chingling
|-damage|p2a: Chingling|52/100
|move|p2a: Chingling|Recover|p2a: Chingling
|-heal|p2a: Chingling|100/100
|
|-heal|p1a: Great Tusk|55/100|[from] item: Leftovers
|upkeep
|turn|20
|
|t:|1776307768
|move|p1a: Great Tusk|Knock Off|p2a: Chingling
|-damage|p2a: Chingling|94/100
|move|p2a: Chingling|Stored Power|p1a: Great Tusk
|-supereffective|p1a: Great Tusk
|-damage|p1a: Great Tusk|0 fnt
|faint|p1a: Great Tusk
|-end|p1a: Great Tusk|Protosynthesis|[silent]
|
|upkeep
|
|t:|1776307777
|switch|p1a: Gholdengo|Gholdengo|100/100
|turn|21
|
|t:|1776307785
|move|p1a: Gholdengo|Focus Blast|p2a: Chingling|[miss]
|-miss|p1a: Gholdengo|p2a: Chingling
|move|p2a: Chingling|Charge Beam|p1a: Gholdengo
|-damage|p1a: Gholdengo|82/100
|-boost|p2a: Chingling|spa|1
|
|upkeep
|turn|22
|
|t:|1776307794
|move|p1a: Gholdengo|Focus Blast|p2a: Chingling|[miss]
|-miss|p1a: Gholdengo|p2a: Chingling
|move|p2a: Chingling|Charge Beam|p1a: Gholdengo
|-damage|p1a: Gholdengo|57/100
|-boost|p2a: Chingling|spa|1
|
|upkeep
|turn|23
|
|t:|1776307802
|move|p1a: Gholdengo|Focus Blast|p2a: Chingling|[miss]
|-miss|p1a: Gholdengo|p2a: Chingling
|move|p2a: Chingling|Charge Beam|p1a: Gholdengo
|-damage|p1a: Gholdengo|26/100
|
|upkeep
|turn|24
|
|t:|1776307810
|switch|p1a: Dragapult|Dragapult, F|100/100
|move|p2a: Chingling|Charge Beam|p1a: Dragapult
|-resisted|p1a: Dragapult
|-damage|p1a: Dragapult|82/100
|-boost|p2a: Chingling|spa|1
|
|upkeep
|turn|25
|
|t:|1776307822
|move|p1a: Dragapult|Draco Meteor|p2a: Chingling
|-damage|p2a: Chingling|48/100
|-unboost|p1a: Dragapult|spa|2
|move|p2a: Chingling|Stored Power|p1a: Dragapult
|-damage|p1a: Dragapult|0 fnt
|faint|p1a: Dragapult
|
|upkeep
|
|t:|1776307831
|switch|p1a: Iron Valiant|Iron Valiant|100/100
|-enditem|p1a: Iron Valiant|Booster Energy
|-activate|p1a: Iron Valiant|ability: Quark Drive|[fromitem]
|-start|p1a: Iron Valiant|quarkdrivespe
|turn|26
|
|t:|1776307840
|move|p1a: Iron Valiant|Close Combat|p2a: Chingling
|-damage|p2a: Chingling|30/100
|-unboost|p1a: Iron Valiant|def|1
|-unboost|p1a: Iron Valiant|spd|1
|move|p2a: Chingling|Stored Power|p1a: Iron Valiant
|-supereffective|p1a: Iron Valiant
|-damage|p1a: Iron Valiant|0 fnt
|faint|p1a: Iron Valiant
|-end|p1a: Iron Valiant|Quark Drive|[silent]
|
|upkeep
|
|t:|1776307849
|switch|p1a: Kingambit|Kingambit, F|100/100
|-activate|p1a: Kingambit|ability: Supreme Overlord
|-start|p1a: Kingambit|fallen4|[silent]
|turn|27
|
|t:|1776307855
|move|p1a: Kingambit|Sucker Punch||[still]
|-fail|p1a: Kingambit
|move|p2a: Chingling|Recover|p2a: Chingling
|-heal|p2a: Chingling|80/100
|
|upkeep
|turn|28
|
|t:|1776307861
|move|p1a: Kingambit|Sucker Punch|p2a: Chingling
|-damage|p2a: Chingling|56/100
|move|p2a: Chingling|Charge Beam|p1a: Kingambit
|-damage|p1a: Kingambit|67/100
|-boost|p2a: Chingling|spa|1
|
|upkeep
|turn|29
|
|t:|1776307869
|move|p1a: Kingambit|Kowtow Cleave|p2a: Chingling
|-damage|p2a: Chingling|29/100
|move|p2a: Chingling|Recover|p2a: Chingling
|-heal|p2a: Chingling|79/100
|
|upkeep
|turn|30
|-message|dorjaropashey forfeited.
|
|win|my chingaling
|raw|dorjaropashey's rating: 1088 &rarr; <strong>1068</strong><br />(-20 for losing)
|raw|my chingaling's rating: 1137 &rarr; <strong>1158</strong><br />(+21 for winning)
|l|☆dorjaropashey
|player|p1|
