|html|<div class="broadcast-blue"><strong>[Gen 9] OU is currently suspecting Tera Blast! For information on how to participate check out the <a href="https://www.smogon.com/tools/suspects/view/200">suspect thread</a>.</strong></div>
|j|☆madewithstupidity
|j|☆Pelogrulla72
|t:|1776179115
|gametype|singles
|player|p1|madewithstupidity|alder|1092
|player|p2|Pelogrulla72|erika|1079
|gen|9
|tier|[Gen 9] OU
|rated|
|rule|HP Percentage Mod: HP is shown in percentages
|rule|Endless Battle Clause: Forcing endless battles is banned
|rule|Species Clause: Limit one of each Pokémon
|rule|OHKO Clause: OHKO moves are banned
|rule|Evasion Items Clause: Evasion items are banned
|rule|Evasion Moves Clause: Evasion moves are banned
|rule|Evasion Abilities Clause: Evasion abilities are banned
|rule|Sleep Moves Clause: Sleep-inducing moves are banned
|clearpoke
|poke|p1|Lokix, F|
|poke|p1|Deoxys-Speed|
|poke|p1|Alomomola, M|
|poke|p1|Great Tusk|
|poke|p1|Gholdengo|
|poke|p1|Iron Valiant|
|poke|p2|Bastiodon, M|
|poke|p2|Lurantis, F|
|poke|p2|Meowscarada, F|
|poke|p2|Golurk|
|poke|p2|Blastoise, F|
|poke|p2|Zoroark-Hisui, F|
|teampreview
|inactive|Battle timer is ON: inactive players will automatically lose when time's up. (requested by madewithstupidity)
|
|t:|1776179136
|teamsize|p1|6
|teamsize|p2|6
|start
|switch|p1a: Deoxys|Deoxys-Speed, shiny|100/100
|switch|p2a: Mahoraga|Bastiodon, M, shiny|100/100
|-ability|p1a: Deoxys|Pressure
|turn|1
|
|t:|1776179146
|move|p1a: Deoxys|Knock Off|p2a: Mahoraga
|-supereffective|p2a: Mahoraga
|-damage|p2a: Mahoraga|3/100
|replace|p2a: Death ringer|Zoroark-Hisui, F
|-end|p2a: Death ringer|Illusion
|-enditem|p2a: Death ringer|Heavy-Duty Boots|[from] move: Knock Off|[of] p1a: Deoxys
|move|p2a: Death ringer|Nasty Plot|p2a: Death ringer
|-boost|p2a: Death ringer|spa|2
|
|upkeep
|turn|2
|
|t:|1776179169
|move|p1a: Deoxys|Knock Off|p2a: Death ringer
|-supereffective|p2a: Death ringer
|-damage|p2a: Death ringer|0 fnt
|faint|p2a: Death ringer
|
|upkeep
|
|t:|1776179179
|switch|p2a: Zatoichi|Lurantis, F, shiny|100/100
|turn|3
|
|t:|1776179182
|move|p1a: Deoxys|Knock Off|p2a: Zatoichi
|-damage|p2a: Zatoichi|70/100
|-enditem|p2a: Zatoichi|Heavy-Duty Boots|[from] move: Knock Off|[of] p1a: Deoxys
|move|p2a: Zatoichi|Superpower|p1a: Deoxys
|-resisted|p1a: Deoxys
|-damage|p1a: Deoxys|71/100
|-boost|p2a: Zatoichi|atk|1
|-boost|p2a: Zatoichi|def|1
|
|upkeep
|turn|4
|
|t:|1776179187
|move|p1a: Deoxys|Stealth Rock|p2a: Zatoichi
|-sidestart|p2: Pelogrulla72|move: Stealth Rock
|move|p2a: Zatoichi|Superpower|p1a: Deoxys
|-resisted|p1a: Deoxys
|-damage|p1a: Deoxys|27/100
|-boost|p2a: Zatoichi|atk|1
|-boost|p2a: Zatoichi|def|1
|
|upkeep
|turn|5
|
|t:|1776179193
|move|p1a: Deoxys|Psycho Boost|p2a: Zatoichi
|-damage|p2a: Zatoichi|8/100
|-unboost|p1a: Deoxys|spa|2
|move|p2a: Zatoichi|Leech Life|p1a: Deoxys
|-supereffective|p1a: Deoxys
|-damage|p1a: Deoxys|0 fnt
|-heal|p2a: Zatoichi|18/100|[from] drain|[of] p1a: Deoxys
|faint|p1a: Deoxys
|
|upkeep
|
|t:|1776179205
|switch|p1a: Iron Valiant|Iron Valiant, shiny|100/100
|turn|6
|
|t:|1776179225
|move|p1a: Iron Valiant|Aura Sphere|p2a: Zatoichi
|-damage|p2a: Zatoichi|0 fnt
|faint|p2a: Zatoichi
|
|upkeep
|
|t:|1776179234
|switch|p2a: Doom Guy|Golurk, shiny|100/100
|-damage|p2a: Doom Guy|94/100|[from] Stealth Rock
|turn|7
|
|t:|1776179239
|-end|p1a: Iron Valiant|Quark Drive|[silent]
|switch|p1a: Alomomola|Alomomola, M, shiny|100/100
|move|p2a: Doom Guy|Fire Punch|p1a: Alomomola
|-resisted|p1a: Alomomola
|-damage|p1a: Alomomola|89/100
|-damage|p2a: Doom Guy|78/100|[from] item: Rocky Helmet|[of] p1a: Alomomola
|
|upkeep
|turn|8
|
|t:|1776179246
|move|p1a: Alomomola|Scald|p2a: Doom Guy
|-supereffective|p2a: Doom Guy
|-damage|p2a: Doom Guy|52/100
|-enditem|p2a: Doom Guy|Weakness Policy
|-boost|p2a: Doom Guy|atk|2|[from] item: Weakness Policy
|-boost|p2a: Doom Guy|spa|2|[from] item: Weakness Policy
|move|p2a: Doom Guy|Thunder Punch|p1a: Alomomola
|-supereffective|p1a: Alomomola
|-damage|p1a: Alomomola|0 fnt
|-damage|p2a: Doom Guy|35/100|[from] item: Rocky Helmet|[of] p1a: Alomomola
|faint|p1a: Alomomola
|
|upkeep
|
|t:|1776179255
|switch|p1a: Iron Valiant|Iron Valiant, shiny|100/100
|turn|9
|
|t:|1776179263
|-terastallize|p1a: Iron Valiant|Fairy
|move|p1a: Iron Valiant|Moonblast|p2a: Doom Guy
|-damage|p2a: Doom Guy|0 fnt
|faint|p2a: Doom Guy
|
|upkeep
|
|t:|1776179270
|switch|p2a: Mahoraga|Bastiodon, M, shiny|100/100
|-damage|p2a: Mahoraga|94/100|[from] Stealth Rock
|turn|10
|
|t:|1776179274
|-end|p1a: Iron Valiant|Quark Drive|[silent]
|switch|p1a: Gholdjengo|Gholdengo, shiny|100/100
|-item|p1a: Gholdjengo|Air Balloon
|move|p2a: Mahoraga|Iron Defense|p2a: Mahoraga
|-boost|p2a: Mahoraga|def|2
|
|upkeep
|turn|11
|
|t:|1776179289
|move|p1a: Gholdjengo|Make It Rain|p2a: Mahoraga
|-damage|p2a: Mahoraga|37/100
|-unboost|p1a: Gholdjengo|spa|1
|move|p2a: Mahoraga|Avalanche|p1a: Gholdjengo
|-resisted|p1a: Gholdjengo
|-damage|p1a: Gholdjengo|90/100
|-enditem|p1a: Gholdjengo|Air Balloon
|
|upkeep
|turn|12
|
|t:|1776179301
|switch|p1a: Great Tusk|Great Tusk, shiny|100/100
|switch|p2a: Ayin NGL|Meowscarada, F, shiny|100/100
|-damage|p2a: Ayin NGL|88/100|[from] Stealth Rock
|
|upkeep
|turn|13
|
|t:|1776179321
|-terastallize|p2a: Ayin NGL|Grass
|move|p2a: Ayin NGL|Hone Claws|p2a: Ayin NGL
|-boost|p2a: Ayin NGL|atk|1
|-boost|p2a: Ayin NGL|accuracy|1
|move|p1a: Great Tusk|Close Combat|p2a: Ayin NGL
|-damage|p2a: Ayin NGL|10/100
|-unboost|p1a: Great Tusk|def|1
|-unboost|p1a: Great Tusk|spd|1
|
|upkeep
|turn|14
|
|t:|1776179331
|move|p2a: Ayin NGL|Flower Trick|p1a: Great Tusk
|-supereffective|p1a: Great Tusk
|-crit|p1a: Great Tusk
|-damage|p1a: Great Tusk|0 fnt
|faint|p1a: Great Tusk
|-end|p1a: Great Tusk|Protosynthesis|[silent]
|
|upkeep
|
|t:|1776179333
|switch|p1a: LA BOMBA|Lokix, F, shiny|100/100
|turn|15
|
|t:|1776179349
|move|p1a: LA BOMBA|First Impression|p2a: Ayin NGL
|-supereffective|p2a: Ayin NGL
|-damage|p2a: Ayin NGL|0 fnt
|faint|p2a: Ayin NGL
|
|upkeep
|
|t:|1776179352
|switch|p2a: BOOM|Blastoise, F, shiny|100/100
|-damage|p2a: BOOM|88/100|[from] Stealth Rock
|turn|16
|
|t:|1776179355
|switch|p1a: Gholdjengo|Gholdengo, shiny|90/100
|move|p2a: BOOM|Shell Smash|p2a: BOOM
|-unboost|p2a: BOOM|def|1
|-unboost|p2a: BOOM|spd|1
|-boost|p2a: BOOM|atk|2
|-boost|p2a: BOOM|spa|2
|-boost|p2a: BOOM|spe|2
|
|upkeep
|turn|17
|
|t:|1776179360
|move|p2a: BOOM|Earthquake|p1a: Gholdjengo
|-supereffective|p1a: Gholdjengo
|-damage|p1a: Gholdjengo|0 fnt
|faint|p1a: Gholdjengo
|
|upkeep
|
|t:|1776179362
|switch|p1a: LA BOMBA|Lokix, F, shiny|100/100
|turn|18
|
|t:|1776179368
|move|p1a: LA BOMBA|First Impression|p2a: BOOM
|-damage|p2a: BOOM|0 fnt
|faint|p2a: BOOM
|
|upkeep
|
|t:|1776179372
|switch|p2a: Mahoraga|Bastiodon, M, shiny|37/100
|-damage|p2a: Mahoraga|31/100|[from] Stealth Rock
|turn|19
|
|t:|1776179379
|switch|p1a: Iron Valiant|Iron Valiant, shiny, tera:Fairy|100/100
|move|p2a: Mahoraga|Rest|p2a: Mahoraga
|-status|p2a: Mahoraga|slp|[from] move: Rest
|-heal|p2a: Mahoraga|100/100 slp|[silent]
|-enditem|p2a: Mahoraga|Chesto Berry|[eat]
|-curestatus|p2a: Mahoraga|slp|[msg]
|
|upkeep
|turn|20
|
|t:|1776179387
|move|p1a: Iron Valiant|Aura Sphere|p2a: Mahoraga
|-supereffective|p2a: Mahoraga
|-damage|p2a: Mahoraga|0 fnt
|faint|p2a: Mahoraga
|
|win|madewithstupidity
|raw|madewithstupidity's rating: 1092 &rarr; <strong>1117</strong><br />(+25 for winning)
|raw|Pelogrulla72's rating: 1079 &rarr; <strong>1058</strong><br />(-21 for losing)
|l|☆Pelogrulla72
|player|p2|
|c|☆madewithstupidity|gg
