|html|<div class="broadcast-blue"><strong>[Gen 9] OU is currently suspecting Tera Blast! For information on how to participate check out the <a href="https://www.smogon.com/tools/suspects/view/200">suspect thread</a>.</strong></div>
|j|☆Estreul
|j|☆Wuth3rfly
|t:|1776055134
|gametype|singles
|player|p1|Estreul|lucas|1482
|player|p2|Wuth3rfly|265|1398
|gen|9
|tier|[Gen 9] OU
|rated|
|rule|HP Percentage Mod: HP is shown in percentages
|rule|Endless Battle Clause: Forcing endless battles is banned
|rule|Species Clause: Limit one of each Pokémon
|rule|OHKO Clause: OHKO moves are banned
|rule|Evasion Items Clause: Evasion items are banned
|rule|Evasion Moves Clause: Evasion moves are banned
|rule|Evasion Abilities Clause: Evasion abilities are banned
|rule|Sleep Moves Clause: Sleep-inducing moves are banned
|clearpoke
|poke|p1|Hoopa-Unbound|
|poke|p1|Landorus-Therian, M|
|poke|p1|Kyurem|
|poke|p1|Alomomola, M|
|poke|p1|Weezing-Galar, F|
|poke|p1|Zamazenta-*|
|poke|p2|Torkoal, F|
|poke|p2|Walking Wake|
|poke|p2|Lilligant-Hisui, F|
|poke|p2|Great Tusk|
|poke|p2|Raging Bolt|
|poke|p2|Kingambit, F|
|teampreview
|inactive|Battle timer is ON: inactive players will automatically lose when time's up. (requested by Estreul)
|
|t:|1776055158
|teamsize|p1|6
|teamsize|p2|6
|start
|switch|p1a: Kyurem|Kyurem|100/100
|switch|p2a: Bill Wurtz|Torkoal, F|100/100
|-ability|p1a: Kyurem|Pressure
|-weather|SunnyDay|[from] ability: Drought|[of] p2a: Bill Wurtz
|turn|1
|
|t:|1776055170
|move|p1a: Kyurem|Draco Meteor|p2a: Bill Wurtz
|-damage|p2a: Bill Wurtz|0 fnt
|-unboost|p1a: Kyurem|spa|2
|faint|p2a: Bill Wurtz
|
|-weather|SunnyDay|[upkeep]
|upkeep
|
|t:|1776055178
|switch|p2a: Squishy|Lilligant-Hisui, F|100/100
|turn|2
|
|t:|1776055183
|switch|p1a: Weezing|Weezing-Galar, F|100/100
|-ability|p1a: Weezing|Neutralizing Gas
|move|p2a: Squishy|Victory Dance|p2a: Squishy
|-boost|p2a: Squishy|atk|1
|-boost|p2a: Squishy|def|1
|-boost|p2a: Squishy|spe|1
|
|-weather|SunnyDay|[upkeep]
|upkeep
|turn|3
|
|t:|1776055193
|move|p2a: Squishy|Solar Blade||[still]
|-prepare|p2a: Squishy|Solar Blade
|-anim|p2a: Squishy|Solar Blade|p1a: Weezing
|-resisted|p1a: Weezing
|-damage|p1a: Weezing|72/100
|move|p1a: Weezing|Will-O-Wisp|p2a: Squishy
|-status|p2a: Squishy|brn
|
|-weather|SunnyDay|[upkeep]
|-damage|p2a: Squishy|94/100 brn|[from] brn
|upkeep
|turn|4
|
|t:|1776055206
|switch|p2a: Eleanor Forte|Walking Wake|100/100
|-end|p1a: Weezing|ability: Neutralizing Gas
|-activate|p2a: Eleanor Forte|ability: Protosynthesis
|-start|p2a: Eleanor Forte|protosynthesisspe
|switch|p1a: Landorus|Landorus-Therian, M|100/100
|-ability|p1a: Landorus|Intimidate|boost
|-unboost|p2a: Eleanor Forte|atk|1
|
|-weather|SunnyDay|[upkeep]
|upkeep
|turn|5
|inactive|Estreul has 120 seconds left.
|
|t:|1776055241
|switch|p1a: Hoopa|Hoopa-Unbound|100/100
|move|p2a: Eleanor Forte|Draco Meteor|p1a: Hoopa
|-damage|p1a: Hoopa|55/100
|-unboost|p2a: Eleanor Forte|spa|2
|
|-weather|SunnyDay|[upkeep]
|upkeep
|turn|6
|inactive|Estreul has 120 seconds left.
|
|t:|1776055258
|-end|p2a: Eleanor Forte|Protosynthesis|[silent]
|switch|p2a: Fih Eater|Raging Bolt|100/100
|-activate|p2a: Fih Eater|ability: Protosynthesis
|-start|p2a: Fih Eater|protosynthesisspa
|move|p1a: Hoopa|Knock Off|p2a: Fih Eater
|-damage|p2a: Fih Eater|58/100
|-enditem|p2a: Fih Eater|Leftovers|[from] move: Knock Off|[of] p1a: Hoopa
|
|-weather|SunnyDay|[upkeep]
|upkeep
|turn|7
|inactive|Estreul has 120 seconds left.
|
|t:|1776055273
|switch|p1a: Landorus|Landorus-Therian, M|100/100
|-ability|p1a: Landorus|Intimidate|boost
|-unboost|p2a: Fih Eater|atk|1
|move|p2a: Fih Eater|Thunderclap||[still]
|-fail|p2a: Fih Eater
|
|-weather|SunnyDay|[upkeep]
|upkeep
|turn|8
|inactive|Estreul has 120 seconds left.
|
|t:|1776055282
|-end|p2a: Fih Eater|Protosynthesis|[silent]
|switch|p2a: Squishy|Lilligant-Hisui, F|94/100 brn
|move|p1a: Landorus|Earthquake|p2a: Squishy
|-resisted|p2a: Squishy
|-damage|p2a: Squishy|50/100 brn
|
|-weather|none
|-damage|p2a: Squishy|44/100 brn|[from] brn
|upkeep
|turn|9
|
|t:|1776055295
|move|p1a: Landorus|Stealth Rock|p2a: Squishy
|-sidestart|p2: Wuth3rfly|move: Stealth Rock
|move|p2a: Squishy|Ice Spinner|p1a: Landorus
|-supereffective|p1a: Landorus
|-damage|p1a: Landorus|38/100
|-damage|p2a: Squishy|27/100 brn|[from] item: Rocky Helmet|[of] p1a: Landorus
|
|-damage|p2a: Squishy|21/100 brn|[from] brn
|upkeep
|turn|10
|
|t:|1776055304
|move|p2a: Squishy|Ice Spinner|p1a: Landorus
|-supereffective|p1a: Landorus
|-damage|p1a: Landorus|0 fnt
|-damage|p2a: Squishy|5/100 brn|[from] item: Rocky Helmet|[of] p1a: Landorus
|faint|p1a: Landorus
|
|-damage|p2a: Squishy|0 fnt|[from] brn
|faint|p2a: Squishy
|upkeep
|inactive|Estreul has 120 seconds left.
|
|t:|1776055331
|switch|p2a: 2/3 Def 2/3 SpDef|Great Tusk|100/100
|switch|p1a: Kyurem|Kyurem|100/100
|-ability|p1a: Kyurem|Pressure
|-damage|p2a: 2/3 Def 2/3 SpDef|98/100|[from] Stealth Rock
|turn|11
|
|t:|1776055342
|move|p1a: Kyurem|Freeze-Dry|p2a: 2/3 Def 2/3 SpDef
|-supereffective|p2a: 2/3 Def 2/3 SpDef
|-damage|p2a: 2/3 Def 2/3 SpDef|0 fnt
|faint|p2a: 2/3 Def 2/3 SpDef
|-end|p2a: 2/3 Def 2/3 SpDef|Protosynthesis|[silent]
|
|upkeep
|
|t:|1776055352
|switch|p2a: Xiao|Kingambit, F|100/100
|-damage|p2a: Xiao|94/100|[from] Stealth Rock
|-activate|p2a: Xiao|ability: Supreme Overlord
|-start|p2a: Xiao|fallen3|[silent]
|turn|12
|
|t:|1776055358
|switch|p1a: Zamazenta|Zamazenta|100/100
|-ability|p1a: Zamazenta|Dauntless Shield|boost
|-boost|p1a: Zamazenta|def|1
|move|p2a: Xiao|Swords Dance|p2a: Xiao
|-boost|p2a: Xiao|atk|2
|
|-heal|p2a: Xiao|100/100|[from] item: Leftovers
|upkeep
|turn|13
|
|t:|1776055369
|-terastallize|p2a: Xiao|Fighting
|move|p1a: Zamazenta|Iron Defense|p1a: Zamazenta
|-boost|p1a: Zamazenta|def|2
|move|p2a: Xiao|Low Kick|p1a: Zamazenta
|-damage|p1a: Zamazenta|42/100
|
|-heal|p1a: Zamazenta|48/100|[from] item: Leftovers
|upkeep
|turn|14
|
|t:|1776055392
|move|p1a: Zamazenta|Body Press|p2a: Xiao
|-damage|p2a: Xiao|38/100
|move|p2a: Xiao|Low Kick|p1a: Zamazenta
|-damage|p1a: Zamazenta|0 fnt
|faint|p1a: Zamazenta
|
|-heal|p2a: Xiao|44/100|[from] item: Leftovers
|upkeep
|
|t:|1776055398
|switch|p1a: Weezing|Weezing-Galar, F|72/100
|-ability|p1a: Weezing|Neutralizing Gas
|turn|15
|
|t:|1776055409
|move|p2a: Xiao|Sucker Punch|p1a: Weezing
|-resisted|p1a: Weezing
|-damage|p1a: Weezing|47/100
|move|p1a: Weezing|Sludge Bomb|p2a: Xiao
|-damage|p2a: Xiao|18/100
|-status|p2a: Xiao|psn
|
|-heal|p2a: Xiao|24/100 psn|[from] item: Leftovers
|-damage|p2a: Xiao|12/100 psn|[from] psn
|upkeep
|turn|16
|
|t:|1776055430
|move|p2a: Xiao|Sucker Punch||[still]
|-fail|p2a: Xiao
|move|p1a: Weezing|Will-O-Wisp||[still]
|-fail|p1a: Weezing
|
|-heal|p2a: Xiao|18/100 psn|[from] item: Leftovers
|-damage|p2a: Xiao|6/100 psn|[from] psn
|upkeep
|turn|17
|
|t:|1776055443
|move|p2a: Xiao|Sucker Punch||[still]
|-fail|p2a: Xiao
|move|p1a: Weezing|Will-O-Wisp||[still]
|-fail|p1a: Weezing
|
|-heal|p2a: Xiao|12/100 psn|[from] item: Leftovers
|-damage|p2a: Xiao|0 fnt|[from] psn
|faint|p2a: Xiao
|-end|p2a: Xiao|fallen3|[silent]
|upkeep
|
|t:|1776055454
|switch|p2a: Fih Eater|Raging Bolt|58/100
|-damage|p2a: Fih Eater|46/100|[from] Stealth Rock
|turn|18
|l|☆Wuth3rfly
|inactive|Wuth3rfly disconnected and has a minute to reconnect!
|player|p2|
|inactive|Wuth3rfly has 30 seconds to reconnect!
|j|☆Wuth3rfly
|inactive|Wuth3rfly reconnected and has 100 seconds left.
|player|p2|Wuth3rfly|265|
|
|t:|1776055503
|move|p2a: Fih Eater|Calm Mind|p2a: Fih Eater
|-boost|p2a: Fih Eater|spa|1
|-boost|p2a: Fih Eater|spd|1
|move|p1a: Weezing|Pain Split|p2a: Fih Eater
|-sethp|p2a: Fih Eater|40/100|[from] move: Pain Split|[silent]
|-sethp|p1a: Weezing|55/100|[from] move: Pain Split
|
|upkeep
|turn|19
|
|t:|1776055511
|move|p2a: Fih Eater|Calm Mind|p2a: Fih Eater
|-boost|p2a: Fih Eater|spa|1
|-boost|p2a: Fih Eater|spd|1
|move|p1a: Weezing|Sludge Bomb|p2a: Fih Eater
|-crit|p2a: Fih Eater
|-damage|p2a: Fih Eater|7/100
|
|upkeep
|turn|20
|
|t:|1776055519
|move|p2a: Fih Eater|Thunderclap|p1a: Weezing
|-damage|p1a: Weezing|0 fnt
|faint|p1a: Weezing
|-end|p1a: Weezing|ability: Neutralizing Gas
|
|upkeep
|
|t:|1776055522
|switch|p1a: Kyurem|Kyurem|100/100
|-ability|p1a: Kyurem|Pressure
|turn|21
|inactive|Wuth3rfly has 120 seconds left.
|l|☆Wuth3rfly
|inactive|Wuth3rfly disconnected and has a minute to reconnect!
|player|p2|
|inactive|Wuth3rfly has 30 seconds to reconnect!
|inactive|Wuth3rfly has 20 seconds to reconnect!
|inactive|Wuth3rfly has 15 seconds to reconnect!
|inactive|Wuth3rfly has 10 seconds to reconnect!
|inactive|Wuth3rfly has 5 seconds to reconnect!
|-message|Wuth3rfly lost due to inactivity.
|
|win|Estreul
|raw|Estreul's rating: 1482 &rarr; <strong>1497</strong><br />(+15 for winning)
|raw|Wuth3rfly's rating: 1398 &rarr; <strong>1383</strong><br />(-15 for losing)
|l|☆Estreul
|player|p1|
|j|☆Wuth3rfly
|player|p2|Wuth3rfly|265|
|l|☆Wuth3rfly
|player|p2|
|j|☆Wuth3rfly
|player|p2|Wuth3rfly|265|
