|html|<div class="broadcast-blue"><strong>[Gen 9] OU is currently suspecting Tera Blast! For information on how to participate check out the <a href="https://www.smogon.com/tools/suspects/view/200">suspect thread</a>.</strong></div>
|j|☆SpiralShift
|j|☆Noodlezzzzzzzz
|t:|1776056272
|gametype|singles
|player|p1|SpiralShift|169|1138
|player|p2|Noodlezzzzzzzz|pokekid|1110
|gen|9
|tier|[Gen 9] OU
|rated|
|rule|HP Percentage Mod: HP is shown in percentages
|rule|Endless Battle Clause: Forcing endless battles is banned
|rule|Species Clause: Limit one of each Pokémon
|rule|OHKO Clause: OHKO moves are banned
|rule|Evasion Items Clause: Evasion items are banned
|rule|Evasion Moves Clause: Evasion moves are banned
|rule|Evasion Abilities Clause: Evasion abilities are banned
|rule|Sleep Moves Clause: Sleep-inducing moves are banned
|clearpoke
|poke|p1|Scizor, F|
|poke|p1|Skarmory, M|
|poke|p1|Galvantula, M|
|poke|p1|Feraligatr, F|
|poke|p1|Forretress, F|
|poke|p1|Dragonite, M|
|poke|p2|Dondozo, F|
|poke|p2|Ting-Lu|
|poke|p2|Moltres|
|poke|p2|Kleavor, M|
|poke|p2|Snorlax, M|
|poke|p2|Darkrai|
|teampreview
|
|t:|1776056276
|teamsize|p1|6
|teamsize|p2|6
|start
|switch|p1a: Forretress|Forretress, F|100/100
|switch|p2a: Kleavor|Kleavor, M|100/100
|turn|1
|
|t:|1776056284
|move|p2a: Kleavor|U-turn|p1a: Forretress
|-resisted|p1a: Forretress
|-damage|p1a: Forretress|88/100
|-damage|p2a: Kleavor|84/100|[from] item: Rocky Helmet|[of] p1a: Forretress
|
|t:|1776056288
|switch|p2a: Moltres|Moltres|100/100|[from] U-turn
|move|p1a: Forretress|Reflect|p1a: Forretress
|-sidestart|p1: SpiralShift|Reflect
|
|upkeep
|turn|2
|
|t:|1776056295
|move|p2a: Moltres|Flamethrower|p1a: Forretress
|-supereffective|p1a: Forretress
|-damage|p1a: Forretress|0 fnt
|faint|p1a: Forretress
|
|upkeep
|
|t:|1776056301
|switch|p1a: Galvantula|Galvantula, M|100/100
|turn|3
|
|t:|1776056305
|switch|p2a: Kleavor|Kleavor, M|84/100
|move|p1a: Galvantula|Thunder Wave|p2a: Kleavor
|-status|p2a: Kleavor|par
|
|upkeep
|turn|4
|
|t:|1776056314
|move|p1a: Galvantula|Light Screen|p1a: Galvantula
|-sidestart|p1: SpiralShift|move: Light Screen
|move|p2a: Kleavor|Brick Break|p1a: Galvantula
|-sideend|p1: SpiralShift|Reflect
|-sideend|p1: SpiralShift|move: Light Screen
|-resisted|p1a: Galvantula
|-damage|p1a: Galvantula|74/100
|
|upkeep
|turn|5
|
|t:|1776056355
|switch|p2a: Snorlax|Snorlax, M, shiny|100/100
|move|p1a: Galvantula|Sticky Web|p2a: Snorlax
|-sidestart|p2: Noodlezzzzzzzz|move: Sticky Web
|
|upkeep
|turn|6
|
|t:|1776056362
|move|p1a: Galvantula|Thunder Wave|p2a: Snorlax
|-status|p2a: Snorlax|par
|move|p2a: Snorlax|Curse|p2a: Snorlax
|-unboost|p2a: Snorlax|spe|1
|-boost|p2a: Snorlax|atk|1
|-boost|p2a: Snorlax|def|1
|
|upkeep
|turn|7
|
|t:|1776056371
|move|p1a: Galvantula|Light Screen|p1a: Galvantula
|-sidestart|p1: SpiralShift|move: Light Screen
|move|p2a: Snorlax|Curse|p2a: Snorlax
|-unboost|p2a: Snorlax|spe|1
|-boost|p2a: Snorlax|atk|1
|-boost|p2a: Snorlax|def|1
|
|upkeep
|turn|8
|
|t:|1776056380
|switch|p1a: Dragonite|Dragonite, M|100/100
|move|p2a: Snorlax|Amnesia|p2a: Snorlax
|-boost|p2a: Snorlax|spd|2
|
|upkeep
|turn|9
|
|t:|1776056387
|move|p2a: Snorlax|Body Slam|p1a: Dragonite
|-damage|p1a: Dragonite|58/100
|move|p1a: Dragonite|Dragon Tail|p2a: Snorlax
|-damage|p2a: Snorlax|83/100 par
|drag|p2a: Dondozo|Dondozo, F|100/100
|-activate|p2a: Dondozo|move: Sticky Web
|-unboost|p2a: Dondozo|spe|1
|
|upkeep
|turn|10
|
|t:|1776056397
|move|p1a: Dragonite|Dragon Dance|p1a: Dragonite
|-boost|p1a: Dragonite|atk|1
|-boost|p1a: Dragonite|spe|1
|move|p2a: Dondozo|Wave Crash|p1a: Dragonite
|-resisted|p1a: Dragonite
|-damage|p1a: Dragonite|34/100
|-damage|p2a: Dondozo|95/100|[from] Recoil
|
|-heal|p2a: Dondozo|100/100|[from] item: Leftovers
|upkeep
|turn|11
|
|t:|1776056414
|move|p1a: Dragonite|Earthquake|p2a: Dondozo
|-damage|p2a: Dondozo|78/100
|move|p2a: Dondozo|Wave Crash|p1a: Dragonite
|-resisted|p1a: Dragonite
|-damage|p1a: Dragonite|9/100
|-damage|p2a: Dondozo|72/100|[from] Recoil
|
|-heal|p2a: Dondozo|78/100|[from] item: Leftovers
|-sideend|p1: SpiralShift|move: Light Screen
|upkeep
|turn|12
|
|t:|1776056424
|move|p2a: Dondozo|Wave Crash|p1a: Dragonite
|-resisted|p1a: Dragonite
|-damage|p1a: Dragonite|0 fnt
|faint|p1a: Dragonite
|-damage|p2a: Dondozo|76/100|[from] Recoil
|
|-heal|p2a: Dondozo|82/100|[from] item: Leftovers
|upkeep
|
|t:|1776056436
|switch|p1a: Scizor|Scizor, F|100/100
|turn|13
|
|t:|1776056440
|switch|p2a: Moltres|Moltres|100/100
|move|p1a: Scizor|Swords Dance|p1a: Scizor
|-boost|p1a: Scizor|atk|2
|
|upkeep
|turn|14
|
|t:|1776056451
|move|p1a: Scizor|Bullet Punch|p2a: Moltres
|-resisted|p2a: Moltres
|-damage|p2a: Moltres|74/100
|move|p2a: Moltres|Will-O-Wisp|p1a: Scizor
|-status|p1a: Scizor|brn
|
|-damage|p1a: Scizor|94/100 brn|[from] brn
|upkeep
|turn|15
|
|t:|1776056459
|move|p2a: Moltres|Roost|p2a: Moltres
|-heal|p2a: Moltres|100/100
|-singleturn|p2a: Moltres|move: Roost
|move|p1a: Scizor|Knock Off|p2a: Moltres
|-damage|p2a: Moltres|70/100
|-enditem|p2a: Moltres|Heavy-Duty Boots|[from] move: Knock Off|[of] p1a: Scizor
|
|-heal|p1a: Scizor|100/100 brn|[from] item: Leftovers
|-damage|p1a: Scizor|94/100 brn|[from] brn
|upkeep
|turn|16
|
|t:|1776056475
|switch|p1a: Feraligatr|Feraligatr, F|100/100
|move|p2a: Moltres|Roost|p2a: Moltres
|-heal|p2a: Moltres|100/100
|-singleturn|p2a: Moltres|move: Roost
|
|upkeep
|turn|17
|
|t:|1776056483
|move|p2a: Moltres|Will-O-Wisp|p1a: Feraligatr
|-status|p1a: Feraligatr|brn
|move|p1a: Feraligatr|Dragon Dance|p1a: Feraligatr
|-boost|p1a: Feraligatr|atk|1
|-boost|p1a: Feraligatr|spe|1
|
|-damage|p1a: Feraligatr|94/100 brn|[from] brn
|upkeep
|turn|18
|
|t:|1776056496
|switch|p2a: Dondozo|Dondozo, F|82/100
|-activate|p2a: Dondozo|move: Sticky Web
|-unboost|p2a: Dondozo|spe|1
|move|p1a: Feraligatr|Dragon Dance|p1a: Feraligatr
|-boost|p1a: Feraligatr|atk|1
|-boost|p1a: Feraligatr|spe|1
|
|-heal|p2a: Dondozo|88/100|[from] item: Leftovers
|-damage|p1a: Feraligatr|88/100 brn|[from] brn
|upkeep
|turn|19
|
|t:|1776056507
|move|p1a: Feraligatr|Dragon Dance|p1a: Feraligatr
|-boost|p1a: Feraligatr|atk|1
|-boost|p1a: Feraligatr|spe|1
|move|p2a: Dondozo|Wave Crash|p1a: Feraligatr
|-resisted|p1a: Feraligatr
|-damage|p1a: Feraligatr|62/100 brn
|-damage|p2a: Dondozo|82/100|[from] Recoil
|
|-heal|p2a: Dondozo|88/100|[from] item: Leftovers
|-damage|p1a: Feraligatr|55/100 brn|[from] brn
|upkeep
|turn|20
|
|t:|1776056518
|move|p1a: Feraligatr|Dragon Dance|p1a: Feraligatr
|-boost|p1a: Feraligatr|atk|1
|-boost|p1a: Feraligatr|spe|1
|move|p2a: Dondozo|Wave Crash|p1a: Feraligatr
|-resisted|p1a: Feraligatr
|-damage|p1a: Feraligatr|29/100 brn
|-damage|p2a: Dondozo|82/100|[from] Recoil
|
|-heal|p2a: Dondozo|88/100|[from] item: Leftovers
|-damage|p1a: Feraligatr|23/100 brn|[from] brn
|upkeep
|turn|21
|
|t:|1776056530
|move|p1a: Feraligatr|Body Slam|p2a: Dondozo
|-damage|p2a: Dondozo|75/100
|move|p2a: Dondozo|Wave Crash|p1a: Feraligatr
|-resisted|p1a: Feraligatr
|-damage|p1a: Feraligatr|0 fnt
|faint|p1a: Feraligatr
|-damage|p2a: Dondozo|70/100|[from] Recoil
|
|-heal|p2a: Dondozo|76/100|[from] item: Leftovers
|upkeep
|
|t:|1776056541
|switch|p1a: Galvantula|Galvantula, M|74/100
|turn|22
|
|t:|1776056550
|switch|p2a: Ting-Lu|Ting-Lu|100/100
|-activate|p2a: Ting-Lu|move: Sticky Web
|-unboost|p2a: Ting-Lu|spe|1
|-ability|p2a: Ting-Lu|Vessel of Ruin
|move|p1a: Galvantula|Thunder Wave|p2a: Ting-Lu
|-immune|p2a: Ting-Lu
|
|upkeep
|turn|23
|
|t:|1776056559
|move|p1a: Galvantula|Light Screen|p1a: Galvantula
|-sidestart|p1: SpiralShift|move: Light Screen
|move|p2a: Ting-Lu|Stealth Rock|p1a: Galvantula
|-sidestart|p1: SpiralShift|move: Stealth Rock
|
|upkeep
|turn|24
|
|t:|1776056566
|switch|p1a: Skarmory|Skarmory, M|100/100
|-damage|p1a: Skarmory|88/100|[from] Stealth Rock
|move|p2a: Ting-Lu|Earthquake|p1a: Skarmory
|-immune|p1a: Skarmory
|
|-heal|p1a: Skarmory|94/100|[from] item: Leftovers
|upkeep
|turn|25
|
|t:|1776056575
|switch|p2a: Moltres|Moltres|100/100
|move|p1a: Skarmory|Swords Dance|p1a: Skarmory
|-boost|p1a: Skarmory|atk|2
|
|-heal|p1a: Skarmory|100/100|[from] item: Leftovers
|upkeep
|turn|26
|
|t:|1776056586
|move|p2a: Moltres|Will-O-Wisp|p1a: Skarmory|[miss]
|-miss|p2a: Moltres|p1a: Skarmory
|move|p1a: Skarmory|Iron Head|p2a: Moltres
|-resisted|p2a: Moltres
|-damage|p2a: Moltres|74/100
|
|upkeep
|turn|27
|
|t:|1776056596
|switch|p1a: Galvantula|Galvantula, M|74/100
|-damage|p1a: Galvantula|49/100|[from] Stealth Rock
|move|p2a: Moltres|Will-O-Wisp|p1a: Galvantula
|-status|p1a: Galvantula|brn
|
|-damage|p1a: Galvantula|43/100 brn|[from] brn
|-sideend|p1: SpiralShift|move: Light Screen
|upkeep
|turn|28
|
|t:|1776056606
|switch|p2a: Ting-Lu|Ting-Lu|100/100
|-activate|p2a: Ting-Lu|move: Sticky Web
|-unboost|p2a: Ting-Lu|spe|1
|-ability|p2a: Ting-Lu|Vessel of Ruin
|move|p1a: Galvantula|Light Screen|p1a: Galvantula
|-sidestart|p1: SpiralShift|move: Light Screen
|
|-damage|p1a: Galvantula|37/100 brn|[from] brn
|upkeep
|turn|29
|
|t:|1776056625
|switch|p1a: Skarmory|Skarmory, M|100/100
|-damage|p1a: Skarmory|88/100|[from] Stealth Rock
|move|p2a: Ting-Lu|Body Press|p1a: Skarmory
|-damage|p1a: Skarmory|64/100
|-ability|p1a: Skarmory|Weak Armor|boost
|-unboost|p1a: Skarmory|def|1
|-boost|p1a: Skarmory|spe|2
|
|-heal|p1a: Skarmory|70/100|[from] item: Leftovers
|upkeep
|turn|30
|
|t:|1776056637
|move|p1a: Skarmory|Swords Dance|p1a: Skarmory
|-boost|p1a: Skarmory|atk|2
|move|p2a: Ting-Lu|Body Press|p1a: Skarmory
|-damage|p1a: Skarmory|33/100
|-ability|p1a: Skarmory|Weak Armor|boost
|-unboost|p1a: Skarmory|def|1
|-boost|p1a: Skarmory|spe|2
|
|-heal|p1a: Skarmory|39/100|[from] item: Leftovers
|upkeep
|turn|31
|
|t:|1776056649
|switch|p2a: Dondozo|Dondozo, F|76/100
|-activate|p2a: Dondozo|move: Sticky Web
|-unboost|p2a: Dondozo|spe|1
|move|p1a: Skarmory|Iron Head|p2a: Dondozo
|-resisted|p2a: Dondozo
|-damage|p2a: Dondozo|66/100
|
|-heal|p1a: Skarmory|46/100|[from] item: Leftovers
|-heal|p2a: Dondozo|72/100|[from] item: Leftovers
|upkeep
|turn|32
|
|t:|1776056664
|move|p1a: Skarmory|Iron Head|p2a: Dondozo
|-resisted|p2a: Dondozo
|-damage|p2a: Dondozo|61/100
|cant|p2a: Dondozo|flinch
|
|-heal|p1a: Skarmory|52/100|[from] item: Leftovers
|-heal|p2a: Dondozo|67/100|[from] item: Leftovers
|-sideend|p1: SpiralShift|move: Light Screen
|upkeep
|turn|33
|
|t:|1776056674
|move|p1a: Skarmory|Iron Head|p2a: Dondozo
|-resisted|p2a: Dondozo
|-damage|p2a: Dondozo|56/100
|cant|p2a: Dondozo|flinch
|
|-heal|p1a: Skarmory|58/100|[from] item: Leftovers
|-heal|p2a: Dondozo|62/100|[from] item: Leftovers
|upkeep
|turn|34
|
|t:|1776056682
|move|p1a: Skarmory|Iron Head|p2a: Dondozo
|-resisted|p2a: Dondozo
|-damage|p2a: Dondozo|53/100
|move|p2a: Dondozo|Curse|p2a: Dondozo
|-unboost|p2a: Dondozo|spe|1
|-boost|p2a: Dondozo|atk|1
|-boost|p2a: Dondozo|def|1
|
|-heal|p1a: Skarmory|64/100|[from] item: Leftovers
|-heal|p2a: Dondozo|59/100|[from] item: Leftovers
|upkeep
|turn|35
|
|t:|1776056692
|move|p1a: Skarmory|Swords Dance|p1a: Skarmory
|-boost|p1a: Skarmory|atk|2
|move|p2a: Dondozo|Wave Crash|p1a: Skarmory
|-damage|p1a: Skarmory|0 fnt
|faint|p1a: Skarmory
|-damage|p2a: Dondozo|46/100|[from] Recoil
|
|-heal|p2a: Dondozo|52/100|[from] item: Leftovers
|upkeep
|-message|SpiralShift forfeited.
|
|win|Noodlezzzzzzzz
|raw|SpiralShift's rating: 1138 &rarr; <strong>1111</strong><br />(-27 for losing)
|raw|Noodlezzzzzzzz's rating: 1110 &rarr; <strong>1137</strong><br />(+27 for winning)
|l|☆SpiralShift
|player|p1|
|l|☆Noodlezzzzzzzz
|player|p2|
