|html|<div class="broadcast-blue"><strong>[Gen 9] OU is currently suspecting Tera Blast! For information on how to participate check out the <a href="https://www.smogon.com/tools/suspects/view/200">suspect thread</a>.</strong></div>
|j|☆Bring09
|j|☆TracerBuzz
|t:|1776053299
|gametype|singles
|player|p1|Bring09|169|1130
|player|p2|TracerBuzz|170|1106
|gen|9
|tier|[Gen 9] OU
|rated|
|rule|HP Percentage Mod: HP is shown in percentages
|rule|Endless Battle Clause: Forcing endless battles is banned
|rule|Species Clause: Limit one of each Pokémon
|rule|OHKO Clause: OHKO moves are banned
|rule|Evasion Items Clause: Evasion items are banned
|rule|Evasion Moves Clause: Evasion moves are banned
|rule|Evasion Abilities Clause: Evasion abilities are banned
|rule|Sleep Moves Clause: Sleep-inducing moves are banned
|clearpoke
|poke|p1|Excadrill, M|
|poke|p1|Dragonite, M|
|poke|p1|Hippowdon, M|
|poke|p1|Whimsicott, M|
|poke|p1|Dragapult, M|
|poke|p1|Cinccino, F|
|poke|p2|Rampardos, F|
|poke|p2|Clodsire, F|
|poke|p2|Hitmonlee, M|
|poke|p2|Cinderace, F|
|poke|p2|Salazzle, F|
|poke|p2|Latias, F|
|teampreview
|
|t:|1776053308
|teamsize|p1|6
|teamsize|p2|6
|start
|switch|p1a: Whimsicott|Whimsicott, M, shiny|100/100
|switch|p2a: Cinderace|Cinderace, F|100/100
|turn|1
|
|t:|1776053317
|move|p1a: Whimsicott|Tailwind|p1a: Whimsicott
|-sidestart|p1: Bring09|move: Tailwind
|move|p2a: Cinderace|Pyro Ball|p1a: Whimsicott
|-supereffective|p1a: Whimsicott
|-enditem|p1a: Whimsicott|Focus Sash
|-damage|p1a: Whimsicott|1/100
|-status|p1a: Whimsicott|brn
|
|-damage|p1a: Whimsicott|0 fnt|[from] brn
|faint|p1a: Whimsicott
|upkeep
|inactive|Battle timer is ON: inactive players will automatically lose when time's up. (requested by TracerBuzz)
|
|t:|1776053330
|switch|p1a: Cinccino|Cinccino, F|100/100
|turn|2
|
|t:|1776053344
|switch|p2a: Salazzle|Salazzle, F|100/100
|move|p1a: Cinccino|Rock Blast|p2a: Salazzle|[miss]
|-miss|p1a: Cinccino|p2a: Salazzle
|
|upkeep
|turn|3
|
|t:|1776053358
|move|p1a: Cinccino|Tail Slap|p2a: Salazzle
|-damage|p2a: Salazzle|75/100
|-damage|p2a: Salazzle|48/100
|-damage|p2a: Salazzle|23/100
|-crit|p2a: Salazzle
|-damage|p2a: Salazzle|0 fnt
|faint|p2a: Salazzle
|-hitcount|p2: Salazzle|4
|
|upkeep
|
|t:|1776053366
|switch|p2a: Hitmonlee|Hitmonlee, M|100/100
|turn|4
|
|t:|1776053371
|-terastallize|p1a: Cinccino|Normal
|move|p2a: Hitmonlee|Endure|p2a: Hitmonlee
|-singleturn|p2a: Hitmonlee|move: Endure
|move|p1a: Cinccino|Tail Slap|p2a: Hitmonlee
|-damage|p2a: Hitmonlee|44/100
|-activate|p2a: Hitmonlee|move: Endure
|-damage|p2a: Hitmonlee|1/100
|-enditem|p2a: Hitmonlee|Liechi Berry|[eat]
|-boost|p2a: Hitmonlee|atk|1|[from] item: Liechi Berry
|-activate|p2a: Hitmonlee|move: Endure
|-damage|p2a: Hitmonlee|1/100
|-activate|p2a: Hitmonlee|move: Endure
|-damage|p2a: Hitmonlee|1/100
|-hitcount|p2a: Hitmonlee|4
|
|-sideend|p1: Bring09|move: Tailwind
|upkeep
|turn|5
|
|t:|1776053388
|switch|p1a: Hippowdon|Hippowdon, M|100/100
|-weather|Sandstorm|[from] ability: Sand Stream|[of] p1a: Hippowdon
|move|p2a: Hitmonlee|Reversal|p1a: Hippowdon
|-damage|p1a: Hippowdon|14/100
|
|-weather|Sandstorm|[upkeep]
|-damage|p2a: Hitmonlee|0 fnt|[from] Sandstorm
|faint|p2a: Hitmonlee
|-heal|p1a: Hippowdon|20/100|[from] item: Leftovers
|upkeep
|
|t:|1776053397
|switch|p2a: Latias|Latias, F, shiny|100/100
|turn|6
|
|t:|1776053402
|move|p2a: Latias|Ice Beam|p1a: Hippowdon
|-supereffective|p1a: Hippowdon
|-damage|p1a: Hippowdon|0 fnt
|faint|p1a: Hippowdon
|
|-weather|Sandstorm|[upkeep]
|-damage|p2a: Latias|95/100|[from] Sandstorm
|upkeep
|
|t:|1776053419
|switch|p1a: Dragapult|Dragapult, M|100/100
|turn|7
|
|t:|1776053425
|-terastallize|p2a: Latias|Ice
|move|p1a: Dragapult|Dragon Darts|p2a: Latias
|-damage|p2a: Latias|54/100
|-anim|p1a: Dragapult|Dragon Darts|p2a: Latias
|-damage|p2a: Latias|10/100
|-damage|p1a: Dragapult|91/100|[from] item: Life Orb
|move|p2a: Latias|Ice Beam|p1a: Dragapult
|-supereffective|p1a: Dragapult
|-damage|p1a: Dragapult|0 fnt
|faint|p1a: Dragapult
|
|-weather|Sandstorm|[upkeep]
|-damage|p2a: Latias|4/100|[from] Sandstorm
|upkeep
|
|t:|1776053440
|switch|p1a: Excadrill|Excadrill, M|100/100
|turn|8
|
|t:|1776053445
|move|p1a: Excadrill|Iron Head|p2a: Latias
|-supereffective|p2a: Latias
|-damage|p2a: Latias|0 fnt
|faint|p2a: Latias
|-damage|p1a: Excadrill|91/100|[from] item: Life Orb
|
|-weather|Sandstorm|[upkeep]
|upkeep
|
|t:|1776053460
|switch|p2a: Clodsire|Clodsire, F|100/100
|turn|9
|
|t:|1776053467
|move|p1a: Excadrill|Earthquake|p2a: Clodsire
|-supereffective|p2a: Clodsire
|-damage|p2a: Clodsire|0 fnt
|faint|p2a: Clodsire
|-damage|p1a: Excadrill|81/100|[from] item: Life Orb
|
|-weather|none
|upkeep
|-message|TracerBuzz forfeited.
|
|win|Bring09
|raw|Bring09's rating: 1130 &rarr; <strong>1153</strong><br />(+23 for winning)
|raw|TracerBuzz's rating: 1106 &rarr; <strong>1083</strong><br />(-23 for losing)
|l|☆TracerBuzz
|player|p2|
|l|☆Bring09
|player|p1|
