|html|<div class="broadcast-blue"><strong>[Gen 9] OU is currently suspecting Volcarona! For information on how to participate check out the <a href="https://www.smogon.com/tools/suspects/view/208">suspect thread</a>.</strong></div>
|j|☆Iweallylikebugs
|j|☆VolcaronaSlimyTime
|t:|1778512890
|gametype|singles
|player|p1|Iweallylikebugs|cynthia-gen4|1336
|player|p2|VolcaronaSlimyTime|ltsurge|1350
|gen|9
|tier|[Gen 9] OU
|rated|
|rule|HP Percentage Mod: HP is shown in percentages
|rule|Endless Battle Clause: Forcing endless battles is banned
|rule|Species Clause: Limit one of each Pokémon
|rule|OHKO Clause: OHKO moves are banned
|rule|Evasion Items Clause: Evasion items are banned
|rule|Evasion Moves Clause: Evasion moves are banned
|rule|Evasion Abilities Clause: Evasion abilities are banned
|rule|Sleep Moves Clause: Sleep-inducing moves are banned
|clearpoke
|poke|p1|Ariados, F|
|poke|p1|Gholdengo|
|poke|p1|Dragonite, M|
|poke|p1|Ogerpon-Wellspring, F|
|poke|p1|Ting-Lu|
|poke|p1|Iron Moth|
|poke|p2|Great Tusk|
|poke|p2|Hatterene, F|
|poke|p2|Samurott-Hisui, M|
|poke|p2|Gholdengo|
|poke|p2|Volcarona, F|
|poke|p2|Rillaboom, M|
|teampreview
|inactive|Battle timer is ON: inactive players will automatically lose when time's up. (requested by Iweallylikebugs)
|
|t:|1778512904
|teamsize|p1|6
|teamsize|p2|6
|start
|switch|p1a: Gholdengo|Gholdengo|100/100
|switch|p2a: Samurott|Samurott-Hisui, M|100/100
|-item|p1a: Gholdengo|Air Balloon
|turn|1
|
|t:|1778512912
|-terastallize|p1a: Gholdengo|Fairy
|move|p2a: Samurott|Ceaseless Edge|p1a: Gholdengo
|-resisted|p1a: Gholdengo
|-crit|p1a: Gholdengo
|-damage|p1a: Gholdengo|65/100
|-enditem|p1a: Gholdengo|Air Balloon
|-sidestart|p1: Iweallylikebugs|Spikes
|move|p1a: Gholdengo|Dazzling Gleam|p2a: Samurott
|-supereffective|p2a: Samurott
|-damage|p2a: Samurott|0 fnt
|faint|p2a: Samurott
|
|upkeep
|
|t:|1778512925
|switch|p2a: Great Tusk|Great Tusk|100/100
|turn|2
|
|t:|1778512928
|move|p2a: Great Tusk|Headlong Rush|p1a: Gholdengo
|-damage|p1a: Gholdengo|0 fnt
|-unboost|p2a: Great Tusk|def|1
|-unboost|p2a: Great Tusk|spd|1
|faint|p1a: Gholdengo
|
|upkeep
|
|t:|1778512932
|switch|p1a: Ogerpon|Ogerpon-Wellspring, F|100/100
|-damage|p1a: Ogerpon|88/100|[from] Spikes
|turn|3
|
|t:|1778512936
|-end|p2a: Great Tusk|Protosynthesis|[silent]
|switch|p2a: Rillaboom|Rillaboom, M|100/100
|-fieldstart|move: Grassy Terrain|[from] ability: Grassy Surge|[of] p2a: Rillaboom
|move|p1a: Ogerpon|Knock Off|p2a: Rillaboom
|-damage|p2a: Rillaboom|62/100
|-enditem|p2a: Rillaboom|Choice Band|[from] move: Knock Off|[of] p1a: Ogerpon
|
|-heal|p1a: Ogerpon|94/100|[from] Grassy Terrain
|-heal|p2a: Rillaboom|68/100|[from] Grassy Terrain
|upkeep
|turn|4
|
|t:|1778512940
|switch|p1a: Iron Moth|Iron Moth|100/100
|move|p2a: Rillaboom|U-turn|p1a: Iron Moth
|-resisted|p1a: Iron Moth
|-damage|p1a: Iron Moth|90/100
|
|t:|1778512943
|switch|p2a: Hatterene|Hatterene, F|100/100|[from] U-turn
|
|-heal|p1a: Iron Moth|96/100|[from] Grassy Terrain
|upkeep
|turn|5
|
|t:|1778512946
|move|p1a: Iron Moth|Sludge Wave|p2a: Hatterene
|-supereffective|p2a: Hatterene
|-damage|p2a: Hatterene|36/100
|move|p2a: Hatterene|Psyshock|p1a: Iron Moth
|-supereffective|p1a: Iron Moth
|-damage|p1a: Iron Moth|0 fnt
|faint|p1a: Iron Moth
|-end|p1a: Iron Moth|Quark Drive|[silent]
|
|-heal|p2a: Hatterene|42/100|[from] Grassy Terrain
|upkeep
|
|t:|1778512950
|switch|p1a: Ogerpon|Ogerpon-Wellspring, F|94/100
|-damage|p1a: Ogerpon|82/100|[from] Spikes
|turn|6
|
|t:|1778512956
|move|p1a: Ogerpon|Ivy Cudgel|p2a: Hatterene|[anim] Ivy Cudgel Water
|-damage|p2a: Hatterene|0 fnt
|faint|p2a: Hatterene
|
|-heal|p1a: Ogerpon|88/100|[from] Grassy Terrain
|upkeep
|
|t:|1778512961
|switch|p2a: Rillaboom|Rillaboom, M|68/100
|turn|7
|
|t:|1778512963
|switch|p1a: Ariados|Ariados, F|100/100
|-damage|p1a: Ariados|88/100|[from] Spikes
|move|p2a: Rillaboom|U-turn|p1a: Ariados
|-resisted|p1a: Ariados
|-damage|p1a: Ariados|70/100
|
|t:|1778512968
|switch|p2a: Gholdengo|Gholdengo|100/100|[from] U-turn
|-item|p2a: Gholdengo|Air Balloon
|
|-heal|p1a: Ariados|76/100|[from] Grassy Terrain
|-fieldend|move: Grassy Terrain
|upkeep
|turn|8
|
|t:|1778512972
|move|p2a: Gholdengo|Make It Rain|p1a: Ariados
|-damage|p1a: Ariados|4/100
|-unboost|p2a: Gholdengo|spa|1
|move|p1a: Ariados|Sticky Web|p2a: Gholdengo
|-sidestart|p2: VolcaronaSlimyTime|move: Sticky Web
|
|upkeep
|turn|9
|
|t:|1778512975
|move|p1a: Ariados|Sucker Punch|p2a: Gholdengo
|-supereffective|p2a: Gholdengo
|-damage|p2a: Gholdengo|70/100
|-enditem|p2a: Gholdengo|Air Balloon
|move|p2a: Gholdengo|Shadow Ball|p1a: Ariados
|-damage|p1a: Ariados|0 fnt
|faint|p1a: Ariados
|
|upkeep
|
|t:|1778512984
|switch|p1a: Ogerpon|Ogerpon-Wellspring, F|88/100
|-damage|p1a: Ogerpon|76/100|[from] Spikes
|turn|10
|
|t:|1778512989
|move|p1a: Ogerpon|Knock Off|p2a: Gholdengo
|-supereffective|p2a: Gholdengo
|-damage|p2a: Gholdengo|31/100
|move|p2a: Gholdengo|Shadow Ball|p1a: Ogerpon
|-damage|p1a: Ogerpon|46/100
|
|upkeep
|turn|11
|
|t:|1778512993
|move|p1a: Ogerpon|Ivy Cudgel|p2a: Gholdengo|[anim] Ivy Cudgel Water
|-crit|p2a: Gholdengo
|-damage|p2a: Gholdengo|0 fnt
|faint|p2a: Gholdengo
|
|upkeep
|
|t:|1778512997
|switch|p2a: Rillaboom|Rillaboom, M|68/100
|-activate|p2a: Rillaboom|move: Sticky Web
|-unboost|p2a: Rillaboom|spe|1
|-fieldstart|move: Grassy Terrain|[from] ability: Grassy Surge|[of] p2a: Rillaboom
|turn|12
|
|t:|1778513000
|move|p1a: Ogerpon|Horn Leech|p2a: Rillaboom
|-resisted|p2a: Rillaboom
|-damage|p2a: Rillaboom|38/100
|-heal|p1a: Ogerpon|66/100|[from] drain|[of] p2a: Rillaboom
|move|p2a: Rillaboom|U-turn|p1a: Ogerpon
|-supereffective|p1a: Ogerpon
|-damage|p1a: Ogerpon|3/100
|
|t:|1778513005
|switch|p2a: Great Tusk|Great Tusk|100/100|[from] U-turn
|-activate|p2a: Great Tusk|move: Sticky Web
|-unboost|p2a: Great Tusk|spe|1
|
|-heal|p1a: Ogerpon|9/100|[from] Grassy Terrain
|upkeep
|turn|13
|
|t:|1778513008
|move|p1a: Ogerpon|Ivy Cudgel|p2a: Great Tusk|[anim] Ivy Cudgel Water
|-supereffective|p2a: Great Tusk
|-damage|p2a: Great Tusk|16/100
|move|p2a: Great Tusk|Rapid Spin|p1a: Ogerpon
|-damage|p1a: Ogerpon|0 fnt
|-boost|p2a: Great Tusk|spe|1
|-sideend|p2: VolcaronaSlimyTime|Sticky Web|[from] move: Rapid Spin|[of] p2a: Great Tusk
|faint|p1a: Ogerpon
|
|-heal|p2a: Great Tusk|22/100|[from] Grassy Terrain
|upkeep
|
|t:|1778513019
|switch|p1a: Dragonite|Dragonite, M|100/100
|turn|14
|
|t:|1778513025
|move|p2a: Great Tusk|Ice Spinner|p1a: Dragonite
|-supereffective|p1a: Dragonite
|-damage|p1a: Dragonite|34/100
|-fieldend|move: Grassy Terrain
|move|p1a: Dragonite|Dragon Dance|p1a: Dragonite
|-boost|p1a: Dragonite|atk|1
|-boost|p1a: Dragonite|spe|1
|
|upkeep
|turn|15
|
|t:|1778513028
|move|p1a: Dragonite|Ice Spinner|p2a: Great Tusk
|-supereffective|p2a: Great Tusk
|-damage|p2a: Great Tusk|0 fnt
|-damage|p1a: Dragonite|18/100|[from] item: Rocky Helmet|[of] p2a: Great Tusk
|faint|p2a: Great Tusk
|-end|p2a: Great Tusk|Protosynthesis|[silent]
|
|upkeep
|
|t:|1778513031
|switch|p2a: Volcarona|Volcarona, F|100/100
|turn|16
|
|t:|1778513034
|move|p1a: Dragonite|Outrage|p2a: Volcarona
|-damage|p2a: Volcarona|5/100
|move|p2a: Volcarona|Fiery Dance|p1a: Dragonite
|-resisted|p1a: Dragonite
|-damage|p1a: Dragonite|0 fnt
|faint|p1a: Dragonite
|
|-heal|p2a: Volcarona|11/100|[from] item: Leftovers
|upkeep
|
|t:|1778513037
|switch|p1a: Ting-Lu|Ting-Lu|100/100
|-ability|p1a: Ting-Lu|Vessel of Ruin
|turn|17
|
|t:|1778513040
|move|p2a: Volcarona|Giga Drain|p1a: Ting-Lu
|-supereffective|p1a: Ting-Lu
|-damage|p1a: Ting-Lu|83/100
|-heal|p2a: Volcarona|24/100|[from] drain|[of] p1a: Ting-Lu
|move|p1a: Ting-Lu|Earthquake|p2a: Volcarona
|-damage|p2a: Volcarona|0 fnt
|faint|p2a: Volcarona
|
|upkeep
|
|t:|1778513042
|switch|p2a: Rillaboom|Rillaboom, M|38/100
|-fieldstart|move: Grassy Terrain|[from] ability: Grassy Surge|[of] p2a: Rillaboom
|turn|18
|c|☆Iweallylikebugs|Gg
|
|t:|1778513049
|-terastallize|p2a: Rillaboom|Grass
|move|p2a: Rillaboom|Wood Hammer|p1a: Ting-Lu
|-supereffective|p1a: Ting-Lu
|-damage|p1a: Ting-Lu|0 fnt
|faint|p1a: Ting-Lu
|-damage|p2a: Rillaboom|2/100|[from] Recoil
|
|win|VolcaronaSlimyTime
|raw|Iweallylikebugs's rating: 1336 &rarr; <strong>1317</strong><br />(-19 for losing)
|raw|VolcaronaSlimyTime's rating: 1350 &rarr; <strong>1369</strong><br />(+19 for winning)
|l|☆VolcaronaSlimyTime
|player|p2|
|l|☆Iweallylikebugs
|player|p1|
