|html|<div class="broadcast-blue"><strong>[Gen 9] OU is currently suspecting Tera Blast! For information on how to participate check out the <a href="https://www.smogon.com/tools/suspects/view/200">suspect thread</a>.</strong></div>
|j|☆www1russs
|j|☆mfgunax
|t:|1776064253
|gametype|singles
|player|p1|www1russs|sabrina|1172
|player|p2|mfgunax|giovanni|1142
|gen|9
|tier|[Gen 9] OU
|rated|
|rule|HP Percentage Mod: HP is shown in percentages
|rule|Endless Battle Clause: Forcing endless battles is banned
|rule|Species Clause: Limit one of each Pokémon
|rule|OHKO Clause: OHKO moves are banned
|rule|Evasion Items Clause: Evasion items are banned
|rule|Evasion Moves Clause: Evasion moves are banned
|rule|Evasion Abilities Clause: Evasion abilities are banned
|rule|Sleep Moves Clause: Sleep-inducing moves are banned
|clearpoke
|poke|p1|Cinderace, F|
|poke|p1|Ceruledge, M|
|poke|p1|Great Tusk|
|poke|p1|Landorus-Therian, M|
|poke|p1|Ogerpon-Wellspring, F|
|poke|p1|Kingambit, M|
|poke|p2|Gliscor, M|
|poke|p2|Enamorus, F|
|poke|p2|Rotom-Heat|
|poke|p2|Glimmora, M|
|poke|p2|Duraludon, F|
|poke|p2|Samurott-Hisui, M|
|teampreview
|inactive|Battle timer is ON: inactive players will automatically lose when time's up. (requested by mfgunax)
|
|t:|1776064278
|teamsize|p1|6
|teamsize|p2|6
|start
|switch|p1a: Landorus|Landorus-Therian, M|100/100
|switch|p2a: Glimmora|Glimmora, M|100/100
|-ability|p1a: Landorus|Intimidate|boost
|-unboost|p2a: Glimmora|atk|1
|turn|1
|inactive|mfgunax has 120 seconds left.
|
|t:|1776064315
|move|p1a: Landorus|Taunt|p2a: Glimmora
|-start|p2a: Glimmora|move: Taunt
|move|p2a: Glimmora|Sludge Wave|p1a: Landorus
|-resisted|p1a: Landorus
|-damage|p1a: Landorus|72/100
|
|upkeep
|turn|2
|inactive|mfgunax has 120 seconds left.
|
|t:|1776064338
|move|p1a: Landorus|Earthquake|p2a: Glimmora
|-supereffective|p2a: Glimmora
|-damage|p2a: Glimmora|0 fnt
|-activate|p2a: Glimmora|ability: Toxic Debris
|-sidestart|p1: www1russs|move: Toxic Spikes
|faint|p2a: Glimmora
|
|upkeep
|inactive|mfgunax has 120 seconds left.
|
|t:|1776064352
|switch|p2a: Samurott|Samurott-Hisui, M|100/100
|turn|3
|inactive|mfgunax has 120 seconds left.
|
|t:|1776064358
|move|p1a: Landorus|Stealth Rock|p2a: Samurott
|-sidestart|p2: mfgunax|move: Stealth Rock
|move|p2a: Samurott|Ice Beam|p1a: Landorus
|-supereffective|p1a: Landorus
|-crit|p1a: Landorus
|-damage|p1a: Landorus|0 fnt
|faint|p1a: Landorus
|
|upkeep
|
|t:|1776064362
|switch|p1a: Great Tusk|Great Tusk|100/100
|turn|4
|
|t:|1776064370
|move|p1a: Great Tusk|Rapid Spin|p2a: Samurott
|-damage|p2a: Samurott|77/100
|-boost|p1a: Great Tusk|spe|1
|-sideend|p1: www1russs|Toxic Spikes|[from] move: Rapid Spin|[of] p1a: Great Tusk
|move|p2a: Samurott|Razor Shell|p1a: Great Tusk
|-supereffective|p1a: Great Tusk
|-damage|p1a: Great Tusk|11/100
|-unboost|p1a: Great Tusk|def|1
|
|upkeep
|turn|5
|
|t:|1776064380
|move|p1a: Great Tusk|Close Combat|p2a: Samurott
|-supereffective|p2a: Samurott
|-damage|p2a: Samurott|0 fnt
|-unboost|p1a: Great Tusk|def|1
|-unboost|p1a: Great Tusk|spd|1
|faint|p2a: Samurott
|
|upkeep
|
|t:|1776064388
|switch|p2a: Enamorus|Enamorus, F|100/100
|-damage|p2a: Enamorus|76/100|[from] Stealth Rock
|turn|6
|
|t:|1776064393
|move|p1a: Great Tusk|Ice Spinner|p2a: Enamorus
|-supereffective|p2a: Enamorus
|-damage|p2a: Enamorus|0 fnt
|faint|p2a: Enamorus
|
|upkeep
|
|t:|1776064408
|switch|p2a: Gliscor|Gliscor, M|100/100
|-damage|p2a: Gliscor|88/100|[from] Stealth Rock
|turn|7
|
|t:|1776064414
|move|p1a: Great Tusk|Ice Spinner|p2a: Gliscor
|-supereffective|p2a: Gliscor
|-damage|p2a: Gliscor|0 fnt
|faint|p2a: Gliscor
|
|upkeep
|
|t:|1776064418
|switch|p2a: Duraludon|Duraludon, F|100/100
|-damage|p2a: Duraludon|94/100|[from] Stealth Rock
|turn|8
|
|t:|1776064421
|move|p1a: Great Tusk|Headlong Rush|p2a: Duraludon
|-supereffective|p2a: Duraludon
|-damage|p2a: Duraludon|8/100
|-unboost|p1a: Great Tusk|def|1
|-unboost|p1a: Great Tusk|spd|1
|move|p2a: Duraludon|Flash Cannon|p1a: Great Tusk
|-damage|p1a: Great Tusk|0 fnt
|faint|p1a: Great Tusk
|-end|p1a: Great Tusk|Protosynthesis|[silent]
|
|upkeep
|
|t:|1776064427
|switch|p1a: Ceruledge|Ceruledge, M|100/100
|turn|9
|
|t:|1776064432
|move|p1a: Ceruledge|Phantom Force||[still]
|-prepare|p1a: Ceruledge|Phantom Force
|move|p2a: Duraludon|Thunder|p1a: Ceruledge|[miss]
|-miss|p2a: Duraludon|p1a: Ceruledge
|
|upkeep
|turn|10
|
|t:|1776064435
|move|p1a: Ceruledge|Phantom Force|p2a: Duraludon|[from] lockedmove
|-damage|p2a: Duraludon|0 fnt
|faint|p2a: Duraludon
|
|upkeep
|
|t:|1776064439
|switch|p2a: Rotom|Rotom-Heat|100/100
|-damage|p2a: Rotom|75/100|[from] Stealth Rock
|turn|11
|
|t:|1776064443
|move|p1a: Ceruledge|Phantom Force||[still]
|-prepare|p1a: Ceruledge|Phantom Force
|move|p2a: Rotom|Thunder Wave|p1a: Ceruledge|[miss]
|-miss|p2a: Rotom|p1a: Ceruledge
|
|upkeep
|turn|12
|
|t:|1776064448
|move|p1a: Ceruledge|Phantom Force|p2a: Rotom|[from] lockedmove
|-damage|p2a: Rotom|24/100
|move|p2a: Rotom|Thunder Wave|p1a: Ceruledge
|-status|p1a: Ceruledge|par
|
|upkeep
|turn|13
|
|t:|1776064453
|move|p1a: Ceruledge|Shadow Sneak|p2a: Rotom
|-damage|p2a: Rotom|2/100
|move|p2a: Rotom|Volt Switch|p1a: Ceruledge
|-damage|p1a: Ceruledge|55/100 par
|-damage|p2a: Rotom|0 fnt|[from] item: Life Orb
|faint|p2a: Rotom
|
|win|www1russs
|raw|www1russs's rating: 1172 &rarr; <strong>1195</strong><br />(+23 for winning)
|raw|mfgunax's rating: 1142 &rarr; <strong>1119</strong><br />(-23 for losing)
|l|☆mfgunax
|player|p2|
|l|☆www1russs
|player|p1|
