|html|<div class="broadcast-blue"><strong>[Gen 9] OU is currently suspecting Tera Blast! For information on how to participate check out the <a href="https://www.smogon.com/tools/suspects/view/200">suspect thread</a>.</strong></div>
|j|☆MixTheWhiteNGreen
|j|☆owdof
|t:|1776193945
|gametype|singles
|player|p1|MixTheWhiteNGreen|miku-ghost|1248
|player|p2|owdof|kris-gen2|1212
|gen|9
|tier|[Gen 9] OU
|rated|
|rule|HP Percentage Mod: HP is shown in percentages
|rule|Endless Battle Clause: Forcing endless battles is banned
|rule|Species Clause: Limit one of each Pokémon
|rule|OHKO Clause: OHKO moves are banned
|rule|Evasion Items Clause: Evasion items are banned
|rule|Evasion Moves Clause: Evasion moves are banned
|rule|Evasion Abilities Clause: Evasion abilities are banned
|rule|Sleep Moves Clause: Sleep-inducing moves are banned
|clearpoke
|poke|p1|Walking Wake|
|poke|p1|Ninetales, M|
|poke|p1|Cinderace, M|
|poke|p1|Great Tusk|
|poke|p1|Dragonite, F|
|poke|p1|Cresselia, F|
|poke|p2|Mareep, F|
|poke|p2|Glimmora, F|
|poke|p2|Greninja-*, M|
|poke|p2|Dragonite, F|
|poke|p2|Zapdos-Galar|
|poke|p2|Iron Crown|
|teampreview
|inactive|Battle timer is ON: inactive players will automatically lose when time's up. (requested by owdof)
|inactive|MixTheWhiteNGreen also wants the timer to be on.
|inactive|MixTheWhiteNGreen has 120 seconds left.
|
|t:|1776193982
|teamsize|p1|6
|teamsize|p2|6
|start
|switch|p1a: Ninetales|Ninetales, M|100/100
|switch|p2a: Glimmora-dof|Glimmora, F|100/100
|-weather|SunnyDay|[from] ability: Drought|[of] p1a: Ninetales
|-item|p2a: Glimmora-dof|Air Balloon
|turn|1
|inactive|MixTheWhiteNGreen has 120 seconds left.
|
|t:|1776194013
|switch|p1a: Great Tusk|Great Tusk|100/100
|-activate|p1a: Great Tusk|ability: Protosynthesis
|-start|p1a: Great Tusk|protosynthesisspe
|move|p2a: Glimmora-dof|Power Gem|p1a: Great Tusk
|-resisted|p1a: Great Tusk
|-damage|p1a: Great Tusk|88/100
|
|-weather|SunnyDay|[upkeep]
|upkeep
|turn|2
|
|t:|1776194027
|move|p1a: Great Tusk|Close Combat|p2a: Glimmora-dof
|-damage|p2a: Glimmora-dof|40/100
|-unboost|p1a: Great Tusk|def|1
|-unboost|p1a: Great Tusk|spd|1
|-activate|p2a: Glimmora-dof|ability: Toxic Debris
|-sidestart|p1: MixTheWhiteNGreen|move: Toxic Spikes
|-enditem|p2a: Glimmora-dof|Air Balloon
|-enditem|p1a: Great Tusk|Eject Pack
|
|t:|1776194035
|-end|p1a: Great Tusk|Protosynthesis|[silent]
|switch|p1a: Cresselia|Cresselia, F|100/100
|move|p2a: Glimmora-dof|Stealth Rock|p1a: Cresselia
|-sidestart|p1: MixTheWhiteNGreen|move: Stealth Rock
|
|-weather|SunnyDay|[upkeep]
|upkeep
|turn|3
|
|t:|1776194054
|switch|p2a: Mareep-dof|Mareep, F|100/100
|move|p1a: Cresselia|Ice Beam|p2a: Mareep-dof
|-damage|p2a: Mareep-dof|59/100
|
|-weather|SunnyDay|[upkeep]
|upkeep
|turn|4
|
|t:|1776194062
|move|p1a: Cresselia|Ice Beam|p2a: Mareep-dof
|-damage|p2a: Mareep-dof|22/100
|move|p2a: Mareep-dof|Electroweb|p1a: Cresselia|[miss]
|-miss|p2a: Mareep-dof|p1a: Cresselia
|
|-weather|SunnyDay|[upkeep]
|upkeep
|turn|5
|
|t:|1776194071
|move|p1a: Cresselia|Ice Beam|p2a: Mareep-dof
|-crit|p2a: Mareep-dof
|-damage|p2a: Mareep-dof|0 fnt
|faint|p2a: Mareep-dof
|
|-weather|SunnyDay|[upkeep]
|upkeep
|
|t:|1776194079
|switch|p2a: Zapdof|Zapdos-Galar|100/100
|turn|6
|
|t:|1776194083
|move|p2a: Zapdof|U-turn|p1a: Cresselia
|-supereffective|p1a: Cresselia
|-damage|p1a: Cresselia|70/100
|-enditem|p1a: Cresselia|Eject Button
|inactive|MixTheWhiteNGreen has 120 seconds left.
|
|t:|1776194116
|switch|p1a: Cinderace|Cinderace, M|100/100
|-status|p1a: Cinderace|psn
|-damage|p1a: Cinderace|76/100 psn|[from] Stealth Rock
|
|-weather|SunnyDay|[upkeep]
|-damage|p1a: Cinderace|63/100 psn|[from] psn
|upkeep
|turn|7
|
|t:|1776194124
|move|p1a: Cinderace|Court Change|p1a: Cinderace
|-start|p1a: Cinderace|typechange|Normal|[from] ability: Libero
|-swapsideconditions
|-activate|p1a: Cinderace|move: Court Change
|move|p2a: Zapdof|U-turn|p1a: Cinderace
|-damage|p1a: Cinderace|25/100 psn
|
|t:|1776194130
|switch|p2a: Glimmora-dof|Glimmora, F|40/100|[from] U-turn
|-sideend|p2: owdof|move: Toxic Spikes|[of] p2a: Glimmora-dof
|-damage|p2a: Glimmora-dof|28/100|[from] Stealth Rock
|
|-weather|SunnyDay|[upkeep]
|-damage|p1a: Cinderace|12/100 psn|[from] psn
|upkeep
|turn|8
|
|t:|1776194138
|switch|p1a: Great Tusk|Great Tusk|88/100
|-activate|p1a: Great Tusk|ability: Protosynthesis
|-start|p1a: Great Tusk|protosynthesisspe
|move|p2a: Glimmora-dof|Mortal Spin|p1a: Great Tusk
|-resisted|p1a: Great Tusk
|-damage|p1a: Great Tusk|86/100
|-status|p1a: Great Tusk|psn
|-sideend|p2: owdof|Stealth Rock|[from] move: Mortal Spin|[of] p2a: Glimmora-dof
|
|-weather|none
|-end|p1a: Great Tusk|Protosynthesis
|-damage|p1a: Great Tusk|73/100 psn|[from] psn
|upkeep
|turn|9
|
|t:|1776194163
|switch|p2a: Grenin-dof|Greninja, M|100/100
|move|p1a: Great Tusk|Ice Spinner|p2a: Grenin-dof
|-resisted|p2a: Grenin-dof
|-damage|p2a: Grenin-dof|80/100
|
|-damage|p1a: Great Tusk|61/100 psn|[from] psn
|upkeep
|turn|10
|
|t:|1776194183
|-end|p1a: Great Tusk|Protosynthesis|[silent]
|switch|p1a: Walking Wake|Walking Wake|100/100
|move|p2a: Grenin-dof|Surf|p1a: Walking Wake
|-start|p2a: Grenin-dof|typechange|Water|[from] ability: Protean
|-resisted|p1a: Walking Wake
|-damage|p1a: Walking Wake|89/100
|
|upkeep
|turn|11
|
|t:|1776194195
|move|p2a: Grenin-dof|Dark Pulse|p1a: Walking Wake
|-damage|p1a: Walking Wake|60/100
|move|p1a: Walking Wake|Dragon Pulse|p2a: Grenin-dof
|-damage|p2a: Grenin-dof|0 fnt
|faint|p2a: Grenin-dof
|
|upkeep
|
|t:|1776194201
|switch|p2a: Crown-dof|Iron Crown|100/100
|-enditem|p2a: Crown-dof|Booster Energy
|-activate|p2a: Crown-dof|ability: Quark Drive|[fromitem]
|-start|p2a: Crown-dof|quarkdrivespe
|turn|12
|
|t:|1776194206
|-end|p1a: Walking Wake|Protosynthesis|[silent]
|switch|p1a: Ninetales|Ninetales, M|100/100
|-weather|SunnyDay|[from] ability: Drought|[of] p1a: Ninetales
|move|p2a: Crown-dof|Calm Mind|p2a: Crown-dof
|-boost|p2a: Crown-dof|spa|1
|-boost|p2a: Crown-dof|spd|1
|
|-weather|SunnyDay|[upkeep]
|upkeep
|turn|13
|
|t:|1776194216
|move|p2a: Crown-dof|Psychic|p1a: Ninetales
|-damage|p1a: Ninetales|22/100
|move|p1a: Ninetales|Encore|p2a: Crown-dof
|-start|p2a: Crown-dof|Encore
|
|-weather|SunnyDay|[upkeep]
|upkeep
|turn|14
|
|t:|1776194227
|switch|p1a: Cresselia|Cresselia, F|70/100
|move|p2a: Crown-dof|Psychic|p1a: Cresselia
|-resisted|p1a: Cresselia
|-damage|p1a: Cresselia|53/100
|
|-weather|SunnyDay|[upkeep]
|upkeep
|turn|15
|
|t:|1776194235
|move|p2a: Crown-dof|Psychic|p1a: Cresselia
|-resisted|p1a: Cresselia
|-damage|p1a: Cresselia|35/100
|move|p1a: Cresselia|Thunder Wave|p2a: Crown-dof
|-status|p2a: Crown-dof|par
|
|-weather|SunnyDay|[upkeep]
|upkeep
|turn|16
|
|t:|1776194240
|move|p2a: Crown-dof|Psychic|p1a: Cresselia
|-resisted|p1a: Cresselia
|-damage|p1a: Cresselia|18/100
|move|p1a: Cresselia|Moonlight|p1a: Cresselia
|-heal|p1a: Cresselia|85/100
|
|-weather|SunnyDay|[upkeep]
|-end|p2a: Crown-dof|Encore
|upkeep
|turn|17
|
|t:|1776194258
|move|p2a: Crown-dof|Calm Mind|p2a: Crown-dof
|-boost|p2a: Crown-dof|spa|1
|-boost|p2a: Crown-dof|spd|1
|move|p1a: Cresselia|Lunar Dance|p1a: Cresselia
|faint|p1a: Cresselia
|
|-weather|SunnyDay|[upkeep]
|upkeep
|
|t:|1776194277
|switch|p1a: Cinderace|Cinderace, M|12/100 psn
|-heal|p1a: Cinderace|100/100|[from] move: Lunar Dance
|turn|18
|
|t:|1776194290
|move|p1a: Cinderace|Pyro Ball|p2a: Crown-dof|[miss]
|-miss|p1a: Cinderace|p2a: Crown-dof
|cant|p2a: Crown-dof|par
|
|-weather|SunnyDay|[upkeep]
|upkeep
|turn|19
|
|t:|1776194300
|-end|p2a: Crown-dof|Quark Drive|[silent]
|switch|p2a: Glimmora-dof|Glimmora, F|28/100
|move|p1a: Cinderace|Pyro Ball|p2a: Glimmora-dof
|-resisted|p2a: Glimmora-dof
|-damage|p2a: Glimmora-dof|0 fnt
|-activate|p2a: Glimmora-dof|ability: Toxic Debris
|-sidestart|p1: MixTheWhiteNGreen|move: Toxic Spikes
|faint|p2a: Glimmora-dof
|
|-weather|none
|upkeep
|
|t:|1776194313
|switch|p2a: Zapdof|Zapdos-Galar|100/100
|turn|20
|
|t:|1776194323
|move|p1a: Cinderace|Pyro Ball|p2a: Zapdof
|-damage|p2a: Zapdof|34/100
|move|p2a: Zapdof|Knock Off|p1a: Cinderace
|-damage|p1a: Cinderace|52/100
|-enditem|p1a: Cinderace|Choice Scarf|[from] move: Knock Off|[of] p2a: Zapdof
|
|upkeep
|turn|21
|
|t:|1776194338
|switch|p2a: Crown-dof|Iron Crown|100/100 par
|move|p1a: Cinderace|Pyro Ball|p2a: Crown-dof
|-supereffective|p2a: Crown-dof
|-damage|p2a: Crown-dof|0 fnt
|faint|p2a: Crown-dof
|-end|p2a: Crown-dof|Quark Drive|[silent]
|
|upkeep
|
|t:|1776194340
|switch|p2a: Zapdof|Zapdos-Galar|34/100
|turn|22
|
|t:|1776194357
|move|p2a: Zapdof|Brave Bird|p1a: Cinderace
|-damage|p1a: Cinderace|0 fnt
|faint|p1a: Cinderace
|-damage|p2a: Zapdof|18/100|[from] Recoil
|
|upkeep
|
|t:|1776194368
|switch|p1a: Ninetales|Ninetales, M|22/100
|-status|p1a: Ninetales|psn
|-weather|SunnyDay|[from] ability: Drought|[of] p1a: Ninetales
|turn|23
|
|t:|1776194374
|move|p2a: Zapdof|Brave Bird|p1a: Ninetales
|-damage|p1a: Ninetales|0 fnt
|faint|p1a: Ninetales
|-damage|p2a: Zapdof|12/100|[from] Recoil
|
|-weather|SunnyDay|[upkeep]
|upkeep
|inactive|MixTheWhiteNGreen has 120 seconds left.
|
|t:|1776194414
|switch|p1a: Dragonite|Dragonite, F|100/100
|turn|24
|
|t:|1776194418
|move|p2a: Zapdof|Brave Bird|p1a: Dragonite
|-damage|p1a: Dragonite|67/100
|-damage|p2a: Zapdof|0 fnt|[from] Recoil
|faint|p2a: Zapdof
|move|p1a: Dragonite|Dragon Dance|p1a: Dragonite
|-boost|p1a: Dragonite|atk|1
|-boost|p1a: Dragonite|spe|1
|
|-weather|SunnyDay|[upkeep]
|upkeep
|
|t:|1776194425
|switch|p2a: Dragon-dof|Dragonite, F|100/100
|turn|25
|
|t:|1776194435
|-terastallize|p1a: Dragonite|Fairy
|-terastallize|p2a: Dragon-dof|Normal
|move|p2a: Dragon-dof|Extreme Speed|p1a: Dragonite
|-damage|p1a: Dragonite|12/100
|move|p1a: Dragonite|Tera Blast|p2a: Dragon-dof|[anim] Tera Blast Fairy
|-damage|p2a: Dragon-dof|63/100
|
|-weather|SunnyDay|[upkeep]
|upkeep
|turn|26
|
|t:|1776194445
|move|p2a: Dragon-dof|Extreme Speed|p1a: Dragonite
|-damage|p1a: Dragonite|0 fnt
|faint|p1a: Dragonite
|
|-weather|SunnyDay|[upkeep]
|upkeep
|
|t:|1776194450
|switch|p1a: Great Tusk|Great Tusk|61/100 psn
|-activate|p1a: Great Tusk|ability: Protosynthesis
|-start|p1a: Great Tusk|protosynthesisspe
|turn|27
|
|t:|1776194457
|move|p2a: Dragon-dof|Extreme Speed|p1a: Great Tusk
|-damage|p1a: Great Tusk|33/100 psn
|move|p1a: Great Tusk|Close Combat|p2a: Dragon-dof
|-supereffective|p2a: Dragon-dof
|-damage|p2a: Dragon-dof|0 fnt
|-unboost|p1a: Great Tusk|def|1
|-unboost|p1a: Great Tusk|spd|1
|faint|p2a: Dragon-dof
|
|win|MixTheWhiteNGreen
|raw|MixTheWhiteNGreen's rating: 1248 &rarr; <strong>1270</strong><br />(+22 for winning)
|raw|owdof's rating: 1212 &rarr; <strong>1190</strong><br />(-22 for losing)
|l|☆owdof
|player|p2|
|l|☆MixTheWhiteNGreen
|player|p1|
|j|☆MixTheWhiteNGreen
|player|p1|MixTheWhiteNGreen|miku-ghost|
