|html|<div class="broadcast-blue"><strong>[Gen 9] OU is currently suspecting Tera Blast! For information on how to participate check out the <a href="https://www.smogon.com/tools/suspects/view/200">suspect thread</a>.</strong></div>
|j|☆pixel_dragon9
|j|☆Mizer_zZz
|t:|1776059209
|gametype|singles
|player|p1|pixel_dragon9|2|1303
|player|p2|Mizer_zZz|lance|1246
|gen|9
|tier|[Gen 9] OU
|rated|
|rule|HP Percentage Mod: HP is shown in percentages
|rule|Endless Battle Clause: Forcing endless battles is banned
|rule|Species Clause: Limit one of each Pokémon
|rule|OHKO Clause: OHKO moves are banned
|rule|Evasion Items Clause: Evasion items are banned
|rule|Evasion Moves Clause: Evasion moves are banned
|rule|Evasion Abilities Clause: Evasion abilities are banned
|rule|Sleep Moves Clause: Sleep-inducing moves are banned
|clearpoke
|poke|p1|Talonflame, F|
|poke|p1|Iron Valiant|
|poke|p1|Raging Bolt|
|poke|p1|Great Tusk|
|poke|p1|Hatterene, F|
|poke|p1|Ogerpon-Wellspring, F|
|poke|p2|Greninja-*, F|
|poke|p2|Dragonite, F|
|poke|p2|Landorus-Therian, M|
|poke|p2|Garganacl, F|
|poke|p2|Kingambit, F|
|poke|p2|Slowking-Galar, M|
|teampreview
|inactive|Battle timer is ON: inactive players will automatically lose when time's up. (requested by pixel_dragon9)
|
|t:|1776059230
|teamsize|p1|6
|teamsize|p2|6
|start
|switch|p1a: Talonflame|Talonflame, F|100/100
|switch|p2a: Greninja|Greninja, F, shiny|100/100
|turn|1
|
|t:|1776059246
|switch|p2a: Landorus|Landorus-Therian, M|100/100
|-ability|p2a: Landorus|Intimidate|boost
|-unboost|p1a: Talonflame|atk|1
|switch|p1a: Ogerpon|Ogerpon-Wellspring, F|100/100
|
|upkeep
|turn|2
|
|t:|1776059261
|move|p1a: Ogerpon|Ivy Cudgel|p2a: Landorus|[anim] Ivy Cudgel Water
|-supereffective|p2a: Landorus
|-damage|p2a: Landorus|0 fnt
|faint|p2a: Landorus
|
|upkeep
|
|t:|1776059274
|switch|p2a: Greninja|Greninja, F, shiny|100/100
|turn|3
|
|t:|1776059278
|move|p2a: Greninja|Ice Beam|p1a: Ogerpon
|-start|p2a: Greninja|typechange|Ice|[from] ability: Protean
|-damage|p1a: Ogerpon|44/100
|-damage|p2a: Greninja|91/100|[from] item: Life Orb
|move|p1a: Ogerpon|U-turn|p2a: Greninja
|-damage|p2a: Greninja|47/100
|
|t:|1776059290
|switch|p1a: Raging Bolt|Raging Bolt|100/100|[from] U-turn
|
|upkeep
|turn|4
|
|t:|1776059297
|move|p1a: Raging Bolt|Thunderclap|p2a: Greninja
|-damage|p2a: Greninja|0 fnt
|faint|p2a: Greninja
|
|upkeep
|
|t:|1776059312
|switch|p2a: Garganacl|Garganacl, F, shiny|100/100
|turn|5
|
|t:|1776059319
|move|p1a: Raging Bolt|Volt Switch|p2a: Garganacl
|-damage|p2a: Garganacl|65/100
|
|t:|1776059322
|-end|p1a: Raging Bolt|Protosynthesis|[silent]
|switch|p1a: Hatterene|Hatterene, F|100/100|[from] Volt Switch
|move|p2a: Garganacl|Salt Cure|p1a: Hatterene
|-damage|p1a: Hatterene|84/100
|-start|p1a: Hatterene|Salt Cure
|
|-heal|p2a: Garganacl|71/100|[from] item: Leftovers
|-heal|p1a: Hatterene|90/100|[from] item: Leftovers
|-damage|p1a: Hatterene|78/100|[from] Salt Cure
|upkeep
|turn|6
|
|t:|1776059335
|move|p2a: Garganacl|Iron Defense|p2a: Garganacl
|-boost|p2a: Garganacl|def|2
|move|p1a: Hatterene|Psychic Noise|p2a: Garganacl
|-damage|p2a: Garganacl|30/100
|-start|p2a: Garganacl|move: Heal Block
|
|-heal|p1a: Hatterene|84/100|[from] item: Leftovers
|-damage|p1a: Hatterene|72/100|[from] Salt Cure
|upkeep
|turn|7
|
|t:|1776059354
|switch|p2a: Slowking|Slowking-Galar, M, shiny|100/100
|move|p1a: Hatterene|Psychic Noise|p2a: Slowking
|-damage|p2a: Slowking|74/100
|-start|p2a: Slowking|move: Heal Block
|
|-heal|p1a: Hatterene|78/100|[from] item: Leftovers
|-damage|p1a: Hatterene|65/100|[from] Salt Cure
|upkeep
|turn|8
|
|t:|1776059368
|switch|p1a: Great Tusk|Great Tusk|100/100
|move|p2a: Slowking|Sludge Bomb|p1a: Great Tusk
|-resisted|p1a: Great Tusk
|-damage|p1a: Great Tusk|74/100
|
|-end|p2a: Slowking|move: Heal Block
|upkeep
|turn|9
|
|t:|1776059377
|switch|p2a: Dragonite|Dragonite, F, shiny|100/100
|move|p1a: Great Tusk|Ice Spinner|p2a: Dragonite
|-supereffective|p2a: Dragonite
|-damage|p2a: Dragonite|42/100
|
|-heal|p2a: Dragonite|48/100|[from] item: Leftovers
|upkeep
|turn|10
|
|t:|1776059395
|move|p1a: Great Tusk|Ice Spinner|p2a: Dragonite
|-supereffective|p2a: Dragonite
|-damage|p2a: Dragonite|0 fnt
|faint|p2a: Dragonite
|
|upkeep
|
|t:|1776059401
|switch|p2a: Garganacl|Garganacl, F, shiny|30/100
|turn|11
|
|t:|1776059420
|-terastallize|p2a: Garganacl|Water
|move|p1a: Great Tusk|Headlong Rush|p2a: Garganacl
|-damage|p2a: Garganacl|0 fnt
|-unboost|p1a: Great Tusk|def|1
|-unboost|p1a: Great Tusk|spd|1
|faint|p2a: Garganacl
|
|upkeep
|-message|Mizer_zZz forfeited.
|
|win|pixel_dragon9
|raw|pixel_dragon9's rating: 1303 &rarr; <strong>1320</strong><br />(+17 for winning)
|raw|Mizer_zZz's rating: 1246 &rarr; <strong>1225</strong><br />(-21 for losing)
|l|☆Mizer_zZz
|player|p2|
|l|☆pixel_dragon9
|player|p1|
