|html|<div class="broadcast-blue"><strong>[Gen 9] OU is currently suspecting Tera Blast! For information on how to participate check out the <a href="https://www.smogon.com/tools/suspects/view/200">suspect thread</a>.</strong></div>
|j|☆scooples
|j|☆R8FF9gqcIXGRRDZk
|t:|1776197402
|gametype|singles
|player|p1|scooples|hooligans|1053
|player|p2|R8FF9gqcIXGRRDZk|1|1000
|gen|9
|tier|[Gen 9] OU
|rated|
|rule|HP Percentage Mod: HP is shown in percentages
|rule|Endless Battle Clause: Forcing endless battles is banned
|rule|Species Clause: Limit one of each Pokémon
|rule|OHKO Clause: OHKO moves are banned
|rule|Evasion Items Clause: Evasion items are banned
|rule|Evasion Moves Clause: Evasion moves are banned
|rule|Evasion Abilities Clause: Evasion abilities are banned
|rule|Sleep Moves Clause: Sleep-inducing moves are banned
|clearpoke
|poke|p1|Rillaboom, M|
|poke|p1|Serperior, M|
|poke|p1|Heatran, M|
|poke|p1|Gholdengo|
|poke|p1|Zamazenta-*|
|poke|p1|Great Tusk|
|poke|p2|Iron Moth|
|poke|p2|Gliscor, M|
|poke|p2|Hatterene, F|
|poke|p2|Ogerpon-Wellspring, F|
|poke|p2|Raging Bolt|
|poke|p2|Zamazenta-*|
|teampreview
|inactive|Battle timer is ON: inactive players will automatically lose when time's up. (requested by R8FF9gqcIXGRRDZk)
|inactive|R8FF9gqcIXGRRDZk has 120 seconds left.
|
|t:|1776197442
|teamsize|p1|6
|teamsize|p2|6
|start
|switch|p1a: Rillaboom|Rillaboom, M|100/100
|switch|p2a: Zamazenta|Zamazenta|100/100
|-ability|p2a: Zamazenta|Dauntless Shield|boost
|-boost|p2a: Zamazenta|def|1
|-fieldstart|move: Grassy Terrain|[from] ability: Grassy Surge|[of] p1a: Rillaboom
|turn|1
|
|t:|1776197466
|switch|p1a: Gholdengo|Gholdengo|100/100
|-enditem|p1a: Gholdengo|Grassy Seed
|-boost|p1a: Gholdengo|def|1|[from] item: Grassy Seed
|move|p2a: Zamazenta|Reflect|p2a: Zamazenta
|-sidestart|p2: R8FF9gqcIXGRRDZk|Reflect
|
|upkeep
|turn|2
|
|t:|1776197479
|move|p2a: Zamazenta|Light Screen|p2a: Zamazenta
|-sidestart|p2: R8FF9gqcIXGRRDZk|move: Light Screen
|move|p1a: Gholdengo|Nasty Plot|p1a: Gholdengo
|-boost|p1a: Gholdengo|spa|2
|
|upkeep
|turn|3
|
|t:|1776197482
|switch|p2a: Iron Moth|Iron Moth|100/100
|-enditem|p2a: Iron Moth|Booster Energy
|-activate|p2a: Iron Moth|ability: Quark Drive|[fromitem]
|-start|p2a: Iron Moth|quarkdrivespe
|move|p1a: Gholdengo|Shadow Ball|p2a: Iron Moth
|-damage|p2a: Iron Moth|64/100
|
|-heal|p2a: Iron Moth|70/100|[from] Grassy Terrain
|upkeep
|turn|4
|
|t:|1776197500
|switch|p1a: Heatran|Heatran, M|100/100
|-item|p1a: Heatran|Air Balloon
|move|p2a: Iron Moth|Fiery Dance|p1a: Heatran
|-start|p1a: Heatran|ability: Flash Fire
|
|-heal|p2a: Iron Moth|76/100|[from] Grassy Terrain
|upkeep
|turn|5
|
|t:|1776197514
|move|p2a: Iron Moth|Toxic Spikes|p1a: Heatran
|-sidestart|p1: scooples|move: Toxic Spikes
|move|p1a: Heatran|Magma Storm|p2a: Iron Moth
|-resisted|p2a: Iron Moth
|-damage|p2a: Iron Moth|61/100
|-activate|p2a: Iron Moth|move: Magma Storm|[of] p1a: Heatran
|
|-heal|p2a: Iron Moth|67/100|[from] Grassy Terrain
|-damage|p2a: Iron Moth|54/100|[from] move: Magma Storm|[partiallytrapped]
|-fieldend|move: Grassy Terrain
|upkeep
|turn|6
|
|t:|1776197524
|move|p1a: Heatran|Taunt|p2a: Iron Moth
|-start|p2a: Iron Moth|move: Taunt
|cant|p2a: Iron Moth|move: Taunt|Whirlwind
|
|-damage|p2a: Iron Moth|42/100|[from] move: Magma Storm|[partiallytrapped]
|upkeep
|turn|7
|-message|R8FF9gqcIXGRRDZk forfeited.
|
|win|scooples
|raw|scooples's rating: 1053 &rarr; <strong>1080</strong><br />(+27 for winning)
|raw|R8FF9gqcIXGRRDZk's rating: 1000 &rarr; <strong>1000</strong><br />(+0 for losing)
|l|☆R8FF9gqcIXGRRDZk
|player|p2|
