|html|<div class="broadcast-blue"><strong>[Gen 9] OU is currently suspecting Tera Blast! For information on how to participate check out the <a href="https://www.smogon.com/tools/suspects/view/200">suspect thread</a>.</strong></div>
|j|☆andyn00
|j|☆ynnavoy
|t:|1776204646
|gametype|singles
|player|p1|andyn00|ash-kalos|1298
|player|p2|ynnavoy|1|1302
|gen|9
|tier|[Gen 9] OU
|rated|
|rule|HP Percentage Mod: HP is shown in percentages
|rule|Endless Battle Clause: Forcing endless battles is banned
|rule|Species Clause: Limit one of each Pokémon
|rule|OHKO Clause: OHKO moves are banned
|rule|Evasion Items Clause: Evasion items are banned
|rule|Evasion Moves Clause: Evasion moves are banned
|rule|Evasion Abilities Clause: Evasion abilities are banned
|rule|Sleep Moves Clause: Sleep-inducing moves are banned
|clearpoke
|poke|p1|Cetitan, F|
|poke|p1|Ogerpon-Wellspring, F|
|poke|p1|Talonflame, M|
|poke|p1|Hatterene, F|
|poke|p1|Glimmora, F|
|poke|p1|Raging Bolt|
|poke|p2|Great Tusk|
|poke|p2|Walking Wake|
|poke|p2|Kingambit, M|
|poke|p2|Venusaur, M|
|poke|p2|Ninetales, M|
|poke|p2|Raging Bolt|
|teampreview
|j| ohko_smeargle
|inactive|Battle timer is ON: inactive players will automatically lose when time's up. (requested by andyn00)
|
|t:|1776204674
|teamsize|p1|6
|teamsize|p2|6
|start
|switch|p1a: Glimmora|Glimmora, F|100/100
|switch|p2a: Ninetales|Ninetales, M|100/100
|-weather|SunnyDay|[from] ability: Drought|[of] p2a: Ninetales
|turn|1
|
|t:|1776204680
|switch|p2a: Great Tusk|Great Tusk|100/100
|-activate|p2a: Great Tusk|ability: Protosynthesis
|-start|p2a: Great Tusk|protosynthesisatk
|move|p1a: Glimmora|Power Gem|p2a: Great Tusk
|-resisted|p2a: Great Tusk
|-damage|p2a: Great Tusk|91/100
|
|-weather|SunnyDay|[upkeep]
|upkeep
|turn|2
|
|t:|1776204692
|switch|p1a: Talonflame|Talonflame, M|100/100
|move|p2a: Great Tusk|Headlong Rush|p1a: Talonflame
|-immune|p1a: Talonflame
|
|-weather|SunnyDay|[upkeep]
|upkeep
|turn|3
|
|t:|1776204704
|-end|p2a: Great Tusk|Protosynthesis|[silent]
|switch|p2a: Raging Bolt|Raging Bolt|100/100
|-item|p2a: Raging Bolt|Air Balloon
|-activate|p2a: Raging Bolt|ability: Protosynthesis
|-start|p2a: Raging Bolt|protosynthesisspa
|move|p1a: Talonflame|Will-O-Wisp|p2a: Raging Bolt
|-status|p2a: Raging Bolt|brn
|
|-weather|SunnyDay|[upkeep]
|-damage|p2a: Raging Bolt|94/100 brn|[from] brn
|upkeep
|turn|4
|inactive|andyn00 has 120 seconds left.
|
|t:|1776204740
|move|p1a: Talonflame|U-turn|p2a: Raging Bolt
|-damage|p2a: Raging Bolt|76/100 brn
|-enditem|p2a: Raging Bolt|Air Balloon
|
|t:|1776204746
|switch|p1a: Glimmora|Glimmora, F|100/100|[from] U-turn
|move|p2a: Raging Bolt|Thunderbolt|p1a: Glimmora
|-damage|p1a: Glimmora|2/100
|
|-weather|SunnyDay|[upkeep]
|-damage|p2a: Raging Bolt|70/100 brn|[from] brn
|upkeep
|turn|5
|
|t:|1776204756
|move|p1a: Glimmora|Stealth Rock|p2a: Raging Bolt
|-sidestart|p2: ynnavoy|move: Stealth Rock
|move|p2a: Raging Bolt|Dragon Pulse|p1a: Glimmora
|-damage|p1a: Glimmora|0 fnt
|faint|p1a: Glimmora
|
|-weather|SunnyDay|[upkeep]
|-damage|p2a: Raging Bolt|64/100 brn|[from] brn
|upkeep
|inactive|andyn00 has 120 seconds left.
|
|t:|1776204774
|switch|p1a: Sukuna|Cetitan, F|100/100
|turn|6
|inactive|andyn00 has 120 seconds left.
|
|t:|1776204784
|-terastallize|p1a: Sukuna|Electric
|move|p2a: Raging Bolt|Thunderbolt|p1a: Sukuna
|-resisted|p1a: Sukuna
|-damage|p1a: Sukuna|61/100
|move|p1a: Sukuna|Belly Drum|p1a: Sukuna
|-damage|p1a: Sukuna|11/100
|-setboost|p1a: Sukuna|atk|6|[from] move: Belly Drum
|-enditem|p1a: Sukuna|Sitrus Berry|[eat]
|-heal|p1a: Sukuna|36/100|[from] item: Sitrus Berry
|
|-weather|SunnyDay|[upkeep]
|-damage|p2a: Raging Bolt|58/100 brn|[from] brn
|upkeep
|turn|7
|
|t:|1776204796
|move|p1a: Sukuna|Ice Shard|p2a: Raging Bolt
|-supereffective|p2a: Raging Bolt
|-damage|p2a: Raging Bolt|0 fnt
|faint|p2a: Raging Bolt
|-end|p2a: Raging Bolt|Protosynthesis|[silent]
|
|-weather|SunnyDay|[upkeep]
|upkeep
|
|t:|1776204809
|switch|p2a: Venusaur|Venusaur, M|100/100
|-damage|p2a: Venusaur|88/100|[from] Stealth Rock
|turn|8
|
|t:|1776204823
|-terastallize|p2a: Venusaur|Fire
|move|p1a: Sukuna|Ice Shard|p2a: Venusaur
|-resisted|p2a: Venusaur
|-damage|p2a: Venusaur|33/100
|move|p2a: Venusaur|Weather Ball|p1a: Sukuna
|-damage|p1a: Sukuna|0 fnt
|faint|p1a: Sukuna
|-damage|p2a: Venusaur|23/100|[from] item: Life Orb
|
|-weather|none
|upkeep
|
|t:|1776204832
|switch|p1a: Talonflame|Talonflame, M|100/100
|turn|9
|
|t:|1776204840
|switch|p2a: Ninetales|Ninetales, M|100/100
|-damage|p2a: Ninetales|76/100|[from] Stealth Rock
|-weather|SunnyDay|[from] ability: Drought|[of] p2a: Ninetales
|move|p1a: Talonflame|Brave Bird|p2a: Ninetales
|-damage|p2a: Ninetales|25/100
|-damage|p1a: Talonflame|81/100|[from] Recoil
|
|-weather|SunnyDay|[upkeep]
|upkeep
|turn|10
|
|t:|1776204853
|switch|p1a: Raging Bolt|Raging Bolt|100/100
|-activate|p1a: Raging Bolt|ability: Protosynthesis
|-start|p1a: Raging Bolt|protosynthesisspa
|switch|p2a: Venusaur|Venusaur, M, tera:Fire|23/100
|-damage|p2a: Venusaur|0 fnt|[from] Stealth Rock
|faint|p2a: Venusaur
|
|-weather|SunnyDay|[upkeep]
|upkeep
|
|t:|1776204863
|switch|p2a: Walking Wake|Walking Wake|100/100
|-damage|p2a: Walking Wake|88/100|[from] Stealth Rock
|-activate|p2a: Walking Wake|ability: Protosynthesis
|-start|p2a: Walking Wake|protosynthesisspe
|turn|11
|
|t:|1776204879
|move|p1a: Raging Bolt|Thunderclap|p2a: Walking Wake
|-damage|p2a: Walking Wake|23/100
|move|p2a: Walking Wake|Draco Meteor|p1a: Raging Bolt
|-supereffective|p1a: Raging Bolt
|-damage|p1a: Raging Bolt|0 fnt
|-unboost|p2a: Walking Wake|spa|2
|faint|p1a: Raging Bolt
|-end|p1a: Raging Bolt|Protosynthesis|[silent]
|
|-weather|SunnyDay|[upkeep]
|upkeep
|
|t:|1776204886
|switch|p1a: Ogerpon|Ogerpon-Wellspring, F|100/100
|turn|12
|
|t:|1776204899
|move|p2a: Walking Wake|Flip Turn|p1a: Ogerpon
|-immune|p1a: Ogerpon|[from] ability: Water Absorb
|move|p1a: Ogerpon|Swords Dance|p1a: Ogerpon
|-boost|p1a: Ogerpon|atk|2
|
|-weather|SunnyDay|[upkeep]
|upkeep
|turn|13
|c|☆andyn00|hit me
|c|☆andyn00|good boy.
|
|t:|1776204906
|move|p2a: Walking Wake|Flamethrower|p1a: Ogerpon
|-damage|p1a: Ogerpon|74/100
|move|p1a: Ogerpon|Horn Leech|p2a: Walking Wake
|-damage|p2a: Walking Wake|0 fnt
|-heal|p1a: Ogerpon|87/100|[from] drain|[of] p2a: Walking Wake
|faint|p2a: Walking Wake
|-end|p2a: Walking Wake|Protosynthesis|[silent]
|
|-weather|SunnyDay|[upkeep]
|upkeep
|c|☆ynnavoy|xd
|
|t:|1776204918
|switch|p2a: Great Tusk|Great Tusk|91/100
|-damage|p2a: Great Tusk|88/100|[from] Stealth Rock
|-activate|p2a: Great Tusk|ability: Protosynthesis
|-start|p2a: Great Tusk|protosynthesisatk
|turn|14
|c|☆andyn00|welp
|
|t:|1776204927
|move|p1a: Ogerpon|Ivy Cudgel|p2a: Great Tusk|[anim] Ivy Cudgel Water
|-supereffective|p2a: Great Tusk
|-damage|p2a: Great Tusk|8/100
|move|p2a: Great Tusk|Close Combat|p1a: Ogerpon
|-damage|p1a: Ogerpon|0 fnt
|-unboost|p2a: Great Tusk|def|1
|-unboost|p2a: Great Tusk|spd|1
|faint|p1a: Ogerpon
|
|-weather|SunnyDay|[upkeep]
|upkeep
|c|☆andyn00|wait what
|c|☆andyn00|U LIVED?
|c|☆andyn00|WTH
|
|t:|1776204940
|switch|p1a: Talonflame|Talonflame, M|81/100
|turn|15
|c|☆ynnavoy|shhh
|c|☆andyn00|u sybau
|
|t:|1776204961
|move|p1a: Talonflame|Brave Bird|p2a: Great Tusk
|-supereffective|p2a: Great Tusk
|-damage|p2a: Great Tusk|0 fnt
|faint|p2a: Great Tusk
|-end|p2a: Great Tusk|Protosynthesis|[silent]
|-damage|p1a: Talonflame|78/100|[from] Recoil
|
|-weather|SunnyDay|[upkeep]
|upkeep
|
|t:|1776204968
|switch|p2a: Kingambit|Kingambit, M|100/100
|-damage|p2a: Kingambit|94/100|[from] Stealth Rock
|-activate|p2a: Kingambit|ability: Supreme Overlord
|-start|p2a: Kingambit|fallen4|[silent]
|-item|p2a: Kingambit|Air Balloon
|turn|16
|c|☆andyn00|all this weather advantage to lose
|
|t:|1776204975
|move|p2a: Kingambit|Sucker Punch||[still]
|-fail|p2a: Kingambit
|move|p1a: Talonflame|Will-O-Wisp|p2a: Kingambit
|-status|p2a: Kingambit|brn
|
|-weather|none
|-damage|p2a: Kingambit|88/100 brn|[from] brn
|upkeep
|turn|17
|c|☆andyn00|good boy.
|
|t:|1776204982
|move|p2a: Kingambit|Sucker Punch|p1a: Talonflame
|-crit|p1a: Talonflame
|-damage|p1a: Talonflame|9/100
|move|p1a: Talonflame|U-turn|p2a: Kingambit
|-damage|p2a: Kingambit|75/100 brn
|-enditem|p2a: Kingambit|Air Balloon
|
|t:|1776204984
|switch|p1a: Hatterene|Hatterene, F|100/100|[from] U-turn
|
|-damage|p2a: Kingambit|69/100 brn|[from] brn
|upkeep
|turn|18
|c|☆ynnavoy|xd
|
|t:|1776204991
|move|p2a: Kingambit|Iron Head|p1a: Hatterene
|-supereffective|p1a: Hatterene
|-damage|p1a: Hatterene|22/100
|move|p1a: Hatterene|Mystical Fire|p2a: Kingambit
|-supereffective|p2a: Kingambit
|-damage|p2a: Kingambit|23/100 brn
|-unboost|p2a: Kingambit|spa|1
|
|-damage|p2a: Kingambit|17/100 brn|[from] brn
|upkeep
|turn|19
|
|t:|1776205002
|switch|p1a: Talonflame|Talonflame, M|9/100
|move|p2a: Kingambit|Sucker Punch||[still]
|-fail|p2a: Kingambit
|
|-damage|p2a: Kingambit|11/100 brn|[from] brn
|upkeep
|turn|20
|c|☆andyn00|goood boy....
|inactive|andyn00 has 120 seconds left.
|
|t:|1776205033
|move|p2a: Kingambit|Sucker Punch||[still]
|-fail|p2a: Kingambit
|move|p1a: Talonflame|Defog|p2a: Kingambit
|-unboost|p2a: Kingambit|evasion|1
|-sideend|p2: ynnavoy|Stealth Rock|[from] move: Defog|[of] p1a: Talonflame
|
|-damage|p2a: Kingambit|4/100 brn|[from] brn
|upkeep
|turn|21
|c|☆andyn00|keep sucker punch fam
|inactive|andyn00 has 120 seconds left.
|inactive|ynnavoy has 120 seconds left.
|
|t:|1776205077
|switch|p1a: Hatterene|Hatterene, F|22/100
|move|p2a: Kingambit|Kowtow Cleave|p1a: Hatterene
|-damage|p1a: Hatterene|0 fnt
|faint|p1a: Hatterene
|
|-damage|p2a: Kingambit|0 fnt|[from] brn
|faint|p2a: Kingambit
|-end|p2a: Kingambit|fallen4|[silent]
|upkeep
|c|☆andyn00|i removed stealth rock for u btw
|
|t:|1776205086
|switch|p2a: Ninetales|Ninetales, M|25/100
|switch|p1a: Talonflame|Talonflame, M|9/100
|-weather|SunnyDay|[from] ability: Drought|[of] p2a: Ninetales
|turn|22
|inactive|ynnavoy has 120 seconds left.
|
|t:|1776205102
|move|p1a: Talonflame|Brave Bird|p2a: Ninetales
|-crit|p2a: Ninetales
|-damage|p2a: Ninetales|0 fnt
|faint|p2a: Ninetales
|-damage|p1a: Talonflame|0 fnt|[from] Recoil
|faint|p1a: Talonflame
|
|win|andyn00
