|html|<div class="broadcast-blue"><strong>[Gen 9] OU is currently suspecting Tera Blast! For information on how to participate check out the <a href="https://www.smogon.com/tools/suspects/view/200">suspect thread</a>.</strong></div>
|j|☆AmygdalanResponse
|j|☆956o
|t:|1776132962
|gametype|singles
|player|p1|AmygdalanResponse|marshal|1558
|player|p2|956o|169|1477
|gen|9
|tier|[Gen 9] OU
|rated|
|rule|HP Percentage Mod: HP is shown in percentages
|rule|Endless Battle Clause: Forcing endless battles is banned
|rule|Species Clause: Limit one of each Pokémon
|rule|OHKO Clause: OHKO moves are banned
|rule|Evasion Items Clause: Evasion items are banned
|rule|Evasion Moves Clause: Evasion moves are banned
|rule|Evasion Abilities Clause: Evasion abilities are banned
|rule|Sleep Moves Clause: Sleep-inducing moves are banned
|clearpoke
|poke|p1|Pelipper, F|
|poke|p1|Raging Bolt|
|poke|p1|Overqwil, F|
|poke|p1|Barraskewda, M|
|poke|p1|Iron Treads|
|poke|p1|Kingambit, F|
|poke|p2|Cinderace, M|
|poke|p2|Hatterene, F|
|poke|p2|Great Tusk|
|poke|p2|Primarina, M|
|poke|p2|Slowking-Galar, M|
|poke|p2|Scizor, M|
|teampreview
|c|☆AmygdalanResponse|gl hf
|
|t:|1776133000
|teamsize|p1|6
|teamsize|p2|6
|start
|switch|p1a: Pelipper|Pelipper, F|100/100
|switch|p2a: Primarina|Primarina, M|100/100
|-weather|RainDance|[from] ability: Drizzle|[of] p1a: Pelipper
|turn|1
|
|t:|1776133010
|move|p2a: Primarina|Moonblast|p1a: Pelipper
|-damage|p1a: Pelipper|11/100
|move|p1a: Pelipper|U-turn|p2a: Primarina
|-resisted|p2a: Primarina
|-damage|p2a: Primarina|94/100
|
|t:|1776133023
|switch|p1a: Overqwil|Overqwil, F|100/100|[from] U-turn
|
|-weather|RainDance|[upkeep]
|upkeep
|turn|2
|
|t:|1776133034
|switch|p2a: Scizor|Scizor, M|100/100
|move|p1a: Overqwil|Swords Dance|p1a: Overqwil
|-boost|p1a: Overqwil|atk|2
|
|-weather|RainDance|[upkeep]
|upkeep
|turn|3
|
|t:|1776133042
|move|p2a: Scizor|Bullet Punch|p1a: Overqwil
|-damage|p1a: Overqwil|46/100
|move|p1a: Overqwil|Liquidation|p2a: Scizor
|-damage|p2a: Scizor|0 fnt
|faint|p2a: Scizor
|-damage|p1a: Overqwil|37/100|[from] item: Life Orb
|
|-weather|RainDance|[upkeep]
|upkeep
|
|t:|1776133057
|switch|p2a: Great Tusk|Great Tusk|100/100
|turn|4
|
|t:|1776133082
|move|p1a: Overqwil|Liquidation|p2a: Great Tusk
|-supereffective|p2a: Great Tusk
|-damage|p2a: Great Tusk|0 fnt
|faint|p2a: Great Tusk
|-end|p2a: Great Tusk|Protosynthesis|[silent]
|-damage|p1a: Overqwil|27/100|[from] item: Life Orb
|
|-weather|RainDance|[upkeep]
|upkeep
|
|t:|1776133093
|switch|p2a: Hatterene|Hatterene, F|100/100
|turn|5
|
|t:|1776133098
|-terastallize|p2a: Hatterene|Water
|move|p1a: Overqwil|Gunk Shot|p2a: Hatterene
|-damage|p2a: Hatterene|0 fnt
|faint|p2a: Hatterene
|-damage|p1a: Overqwil|17/100|[from] item: Life Orb
|
|-weather|RainDance|[upkeep]
|upkeep
|c|☆956o|Damn that’s one spiky boi
|c|☆956o|gg
|
|t:|1776133128
|switch|p2a: Cinderace|Cinderace, M|100/100
|turn|6
|c|☆AmygdalanResponse|Ikr. Sleeper mon for rain tbh
|
|t:|1776133134
|move|p1a: Overqwil|Liquidation|p2a: Cinderace
|-supereffective|p2a: Cinderace
|-damage|p2a: Cinderace|0 fnt
|faint|p2a: Cinderace
|-damage|p1a: Overqwil|7/100|[from] item: Life Orb
|
|-weather|RainDance|[upkeep]
|upkeep
|
|t:|1776133137
|switch|p2a: Primarina|Primarina, M|94/100
|turn|7
|
|t:|1776133139
|move|p1a: Overqwil|Gunk Shot|p2a: Primarina
|-supereffective|p2a: Primarina
|-damage|p2a: Primarina|0 fnt
|faint|p2a: Primarina
|-damage|p1a: Overqwil|0 fnt|[from] item: Life Orb
|faint|p1a: Overqwil
|
|-weather|RainDance|[upkeep]
|upkeep
|
|t:|1776133147
|switch|p1a: Kingambit|Kingambit, F|100/100
|switch|p2a: Slowking|Slowking-Galar, M|100/100
|-activate|p1a: Kingambit|ability: Supreme Overlord
|-start|p1a: Kingambit|fallen1|[silent]
|turn|8
|c|☆956o|We just matched together right?
|c|☆956o|lol
|
|t:|1776133183
|move|p1a: Kingambit|Kowtow Cleave|p2a: Slowking
|-supereffective|p2a: Slowking
|-damage|p2a: Slowking|0 fnt
|faint|p2a: Slowking
|
|win|AmygdalanResponse
|raw|AmygdalanResponse's rating: 1558 &rarr; <strong>1573</strong><br />(+15 for winning)
|raw|956o's rating: 1477 &rarr; <strong>1462</strong><br />(-15 for losing)
|c|☆956o|I thought u would predict my Tera
|l|☆956o
|player|p2|
