|html|<div class="broadcast-blue"><strong>[Gen 9] OU is currently suspecting Volcarona! For information on how to participate check out the <a href="https://www.smogon.com/tools/suspects/view/208">suspect thread</a>.</strong></div>
|j|☆RedEmperorKing
|j|☆singi4989
|t:|1778514055
|gametype|singles
|player|p1|RedEmperorKing|alder|1152
|player|p2|singi4989|hooligans|1199
|gen|9
|tier|[Gen 9] OU
|rated|
|rule|HP Percentage Mod: HP is shown in percentages
|rule|Endless Battle Clause: Forcing endless battles is banned
|rule|Species Clause: Limit one of each Pokémon
|rule|OHKO Clause: OHKO moves are banned
|rule|Evasion Items Clause: Evasion items are banned
|rule|Evasion Moves Clause: Evasion moves are banned
|rule|Evasion Abilities Clause: Evasion abilities are banned
|rule|Sleep Moves Clause: Sleep-inducing moves are banned
|clearpoke
|poke|p1|Dragonite, M|
|poke|p1|Gholdengo|
|poke|p1|Regidrago|
|poke|p1|Scizor, M|
|poke|p1|Ting-Lu|
|poke|p1|Weezing-Galar, M|
|poke|p2|Kingambit, F|
|poke|p2|Great Tusk|
|poke|p2|Dragapult, M|
|poke|p2|Raging Bolt|
|poke|p2|Iron Valiant|
|poke|p2|Skeledirge, M|
|teampreview
|inactive|Battle timer is ON: inactive players will automatically lose when time's up. (requested by RedEmperorKing)
|
|t:|1778514063
|teamsize|p1|6
|teamsize|p2|6
|start
|switch|p1a: Weezing|Weezing-Galar, M|100/100
|switch|p2a: Manny|Great Tusk, shiny|100/100
|-ability|p1a: Weezing|Neutralizing Gas
|turn|1
|
|t:|1778514085
|-end|p1a: Weezing|ability: Neutralizing Gas
|switch|p1a: Dragonite|Dragonite, M|100/100
|-enditem|p2a: Manny|Booster Energy
|-activate|p2a: Manny|ability: Protosynthesis|[fromitem]
|-start|p2a: Manny|protosynthesisatk
|move|p2a: Manny|Stealth Rock|p1a: Dragonite
|-sidestart|p1: RedEmperorKing|move: Stealth Rock
|
|upkeep
|turn|2
|
|t:|1778514099
|-end|p2a: Manny|Protosynthesis|[silent]
|switch|p2a: Terminator|Iron Valiant, shiny|100/100
|-enditem|p2a: Terminator|Booster Energy
|-activate|p2a: Terminator|ability: Quark Drive|[fromitem]
|-start|p2a: Terminator|quarkdrivespe
|move|p1a: Dragonite|Earthquake|p2a: Terminator
|-damage|p2a: Terminator|52/100
|
|upkeep
|turn|3
|
|t:|1778514107
|move|p2a: Terminator|Moonblast|p1a: Dragonite
|-supereffective|p1a: Dragonite
|-damage|p1a: Dragonite|53/100
|move|p1a: Dragonite|Earthquake|p2a: Terminator
|-damage|p2a: Terminator|0 fnt
|faint|p2a: Terminator
|-end|p2a: Terminator|Quark Drive|[silent]
|
|upkeep
|
|t:|1778514119
|switch|p2a: Indra|Raging Bolt|100/100
|turn|4
|
|t:|1778514123
|move|p2a: Indra|Thunderclap||[still]
|-fail|p2a: Indra
|move|p1a: Dragonite|Roost|p1a: Dragonite
|-heal|p1a: Dragonite|100/100
|-singleturn|p1a: Dragonite|move: Roost
|
|upkeep
|turn|5
|
|t:|1778514129
|move|p1a: Dragonite|Dragon Dance|p1a: Dragonite
|-boost|p1a: Dragonite|atk|1
|-boost|p1a: Dragonite|spe|1
|move|p2a: Indra|Thunderbolt|p1a: Dragonite
|-damage|p1a: Dragonite|72/100
|
|upkeep
|turn|6
|
|t:|1778514146
|-terastallize|p2a: Indra|Fairy
|move|p1a: Dragonite|Dragon Dance|p1a: Dragonite
|-boost|p1a: Dragonite|atk|1
|-boost|p1a: Dragonite|spe|1
|move|p2a: Indra|Dragon Pulse|p1a: Dragonite
|-supereffective|p1a: Dragonite
|-damage|p1a: Dragonite|0 fnt
|faint|p1a: Dragonite
|
|upkeep
|
|t:|1778514155
|switch|p1a: Scizor|Scizor, M|100/100
|-damage|p1a: Scizor|88/100|[from] Stealth Rock
|turn|7
|
|t:|1778514170
|-end|p2a: Indra|Protosynthesis|[silent]
|switch|p2a: Manny|Great Tusk, shiny|100/100
|move|p1a: Scizor|Bullet Punch|p2a: Manny
|-damage|p2a: Manny|63/100
|
|upkeep
|turn|8
|
|t:|1778514181
|move|p1a: Scizor|Bullet Punch|p2a: Manny
|-damage|p2a: Manny|23/100
|move|p2a: Manny|Headlong Rush|p1a: Scizor
|-damage|p1a: Scizor|23/100
|-unboost|p2a: Manny|def|1
|-unboost|p2a: Manny|spd|1
|
|upkeep
|turn|9
|
|t:|1778514193
|-end|p2a: Manny|Protosynthesis|[silent]
|switch|p2a: Checkmate|Kingambit, F, shiny|100/100
|-activate|p2a: Checkmate|ability: Supreme Overlord
|-start|p2a: Checkmate|fallen1|[silent]
|move|p1a: Scizor|Bullet Punch|p2a: Checkmate
|-resisted|p2a: Checkmate
|-crit|p2a: Checkmate
|-damage|p2a: Checkmate|70/100
|
|upkeep
|turn|10
|
|t:|1778514202
|switch|p1a: Ting-Lu|Ting-Lu|100/100
|-damage|p1a: Ting-Lu|94/100|[from] Stealth Rock
|-ability|p1a: Ting-Lu|Vessel of Ruin
|move|p2a: Checkmate|Sucker Punch||[still]
|-fail|p2a: Checkmate
|
|-heal|p1a: Ting-Lu|100/100|[from] item: Leftovers
|upkeep
|turn|11
|
|t:|1778514221
|-end|p2a: Checkmate|fallen1|[silent]
|switch|p2a: Manny|Great Tusk, shiny|23/100
|move|p1a: Ting-Lu|Earthquake|p2a: Manny
|-damage|p2a: Manny|0 fnt
|faint|p2a: Manny
|-end|p2a: Manny|Protosynthesis|[silent]
|
|upkeep
|
|t:|1778514232
|switch|p2a: B-2|Dragapult, M, shiny|100/100
|turn|12
|
|t:|1778514239
|move|p2a: B-2|Draco Meteor|p1a: Ting-Lu
|-damage|p1a: Ting-Lu|68/100
|-unboost|p2a: B-2|spa|2
|move|p1a: Ting-Lu|Ruination|p2a: B-2
|-damage|p2a: B-2|51/100
|
|-heal|p1a: Ting-Lu|74/100|[from] item: Leftovers
|upkeep
|turn|13
|
|t:|1778514262
|switch|p2a: Indra|Raging Bolt, tera:Fairy|100/100
|move|p1a: Ting-Lu|Stealth Rock|p2a: Indra
|-sidestart|p2: singi4989|move: Stealth Rock
|
|-heal|p1a: Ting-Lu|80/100|[from] item: Leftovers
|upkeep
|turn|14
|inactive|singi4989 has 120 seconds left.
|
|t:|1778514285
|move|p2a: Indra|Calm Mind|p2a: Indra
|-boost|p2a: Indra|spa|1
|-boost|p2a: Indra|spd|1
|move|p1a: Ting-Lu|Whirlwind|p2a: Indra
|-end|p2a: Indra|Protosynthesis|[silent]
|drag|p2a: B-2|Dragapult, M, shiny|51/100
|-damage|p2a: B-2|38/100|[from] Stealth Rock
|
|-heal|p1a: Ting-Lu|86/100|[from] item: Leftovers
|upkeep
|turn|15
|inactive|singi4989 has 120 seconds left.
|
|t:|1778514297
|move|p2a: B-2|U-turn|p1a: Ting-Lu
|-supereffective|p1a: Ting-Lu
|-damage|p1a: Ting-Lu|68/100
|
|t:|1778514310
|switch|p2a: Indra|Raging Bolt, tera:Fairy|100/100|[from] U-turn
|-damage|p2a: Indra|88/100|[from] Stealth Rock
|move|p1a: Ting-Lu|Earthquake|p2a: Indra
|-damage|p2a: Indra|57/100
|
|-heal|p2a: Indra|63/100|[from] item: Leftovers
|-heal|p1a: Ting-Lu|75/100|[from] item: Leftovers
|upkeep
|turn|16
|
|t:|1778514328
|switch|p1a: Scizor|Scizor, M|23/100
|-damage|p1a: Scizor|11/100|[from] Stealth Rock
|move|p2a: Indra|Dragon Pulse|p1a: Scizor
|-resisted|p1a: Scizor
|-damage|p1a: Scizor|0 fnt
|faint|p1a: Scizor
|
|-heal|p2a: Indra|69/100|[from] item: Leftovers
|upkeep
|
|t:|1778514338
|switch|p1a: Gholdengo|Gholdengo|100/100
|-damage|p1a: Gholdengo|94/100|[from] Stealth Rock
|turn|17
|
|t:|1778514362
|-end|p2a: Indra|Protosynthesis|[silent]
|switch|p2a: Godzilla|Skeledirge, M, shiny|100/100
|move|p1a: Gholdengo|Make It Rain|p2a: Godzilla
|-resisted|p2a: Godzilla
|-crit|p2a: Godzilla
|-damage|p2a: Godzilla|38/100
|-unboost|p1a: Gholdengo|spa|1
|
|upkeep
|turn|18
|
|t:|1778514381
|switch|p1a: Weezing|Weezing-Galar, M|100/100
|-ability|p1a: Weezing|Neutralizing Gas
|move|p2a: Godzilla|Torch Song|p1a: Weezing
|-damage|p1a: Weezing|56/100
|-boost|p2a: Godzilla|spa|1
|
|upkeep
|turn|19
|
|t:|1778514392
|move|p2a: Godzilla|Torch Song|p1a: Weezing
|-damage|p1a: Weezing|0 fnt
|-boost|p2a: Godzilla|spa|1
|faint|p1a: Weezing
|-end|p1a: Weezing|ability: Neutralizing Gas
|
|upkeep
|
|t:|1778514396
|switch|p1a: Regidrago|Regidrago, shiny|100/100
|-damage|p1a: Regidrago|88/100|[from] Stealth Rock
|turn|20
|
|t:|1778514402
|move|p1a: Regidrago|Dragon Energy|p2a: Godzilla
|-damage|p2a: Godzilla|0 fnt
|faint|p2a: Godzilla
|
|upkeep
|
|t:|1778514407
|switch|p2a: Indra|Raging Bolt, tera:Fairy|69/100
|-damage|p2a: Indra|57/100|[from] Stealth Rock
|turn|21
|
|t:|1778514411
|switch|p1a: Gholdengo|Gholdengo|94/100
|-damage|p1a: Gholdengo|88/100|[from] Stealth Rock
|move|p2a: Indra|Thunderbolt|p1a: Gholdengo
|-damage|p1a: Gholdengo|26/100
|
|-heal|p2a: Indra|63/100|[from] item: Leftovers
|upkeep
|turn|22
|inactive|singi4989 has 120 seconds left.
|
|t:|1778514423
|-end|p2a: Indra|Protosynthesis|[silent]
|switch|p2a: Checkmate|Kingambit, F, shiny|70/100
|-damage|p2a: Checkmate|64/100|[from] Stealth Rock
|-activate|p2a: Checkmate|ability: Supreme Overlord
|-start|p2a: Checkmate|fallen3|[silent]
|move|p1a: Gholdengo|Recover|p1a: Gholdengo
|-heal|p1a: Gholdengo|76/100
|
|upkeep
|turn|23
|inactive|singi4989 has 120 seconds left.
|
|t:|1778514458
|switch|p1a: Ting-Lu|Ting-Lu|75/100
|-damage|p1a: Ting-Lu|68/100|[from] Stealth Rock
|-ability|p1a: Ting-Lu|Vessel of Ruin
|move|p2a: Checkmate|Kowtow Cleave|p1a: Ting-Lu
|-resisted|p1a: Ting-Lu
|-damage|p1a: Ting-Lu|49/100
|
|-heal|p1a: Ting-Lu|56/100|[from] item: Leftovers
|upkeep
|turn|24
|inactive|singi4989 has 90 seconds left.
|
|t:|1778514474
|-end|p2a: Checkmate|fallen3|[silent]
|switch|p2a: Indra|Raging Bolt, tera:Fairy|63/100
|-damage|p2a: Indra|50/100|[from] Stealth Rock
|move|p1a: Ting-Lu|Earthquake|p2a: Indra
|-damage|p2a: Indra|18/100
|
|-heal|p2a: Indra|25/100|[from] item: Leftovers
|-heal|p1a: Ting-Lu|62/100|[from] item: Leftovers
|upkeep
|turn|25
|inactive|singi4989 has 90 seconds left.
|
|t:|1778514486
|move|p2a: Indra|Dragon Pulse|p1a: Ting-Lu
|-damage|p1a: Ting-Lu|40/100
|move|p1a: Ting-Lu|Earthquake|p2a: Indra
|-damage|p2a: Indra|0 fnt
|faint|p2a: Indra
|-end|p2a: Indra|Protosynthesis|[silent]
|
|-heal|p1a: Ting-Lu|47/100|[from] item: Leftovers
|upkeep
|inactive|singi4989 has 90 seconds left.
|
|t:|1778514495
|switch|p2a: B-2|Dragapult, M, shiny|38/100
|-damage|p2a: B-2|26/100|[from] Stealth Rock
|turn|26
|
|t:|1778514502
|move|p2a: B-2|Shadow Ball|p1a: Ting-Lu
|-resisted|p1a: Ting-Lu
|-damage|p1a: Ting-Lu|35/100
|-unboost|p1a: Ting-Lu|spd|1
|move|p1a: Ting-Lu|Earthquake|p2a: B-2
|-damage|p2a: B-2|0 fnt
|faint|p2a: B-2
|
|-heal|p1a: Ting-Lu|41/100|[from] item: Leftovers
|upkeep
|
|t:|1778514511
|switch|p2a: Checkmate|Kingambit, F, shiny|64/100
|-damage|p2a: Checkmate|58/100|[from] Stealth Rock
|-activate|p2a: Checkmate|ability: Supreme Overlord
|-start|p2a: Checkmate|fallen5|[silent]
|turn|27
|inactive|singi4989 has 90 seconds left.
|
|t:|1778514529
|move|p2a: Checkmate|Iron Head|p1a: Ting-Lu
|-damage|p1a: Ting-Lu|0 fnt
|faint|p1a: Ting-Lu
|
|upkeep
|
|t:|1778514532
|switch|p1a: Regidrago|Regidrago, shiny|88/100
|-damage|p1a: Regidrago|76/100|[from] Stealth Rock
|turn|28
|
|t:|1778514539
|move|p2a: Checkmate|Sucker Punch|p1a: Regidrago
|-damage|p1a: Regidrago|7/100
|move|p1a: Regidrago|Earth Power|p2a: Checkmate
|-supereffective|p2a: Checkmate
|-damage|p2a: Checkmate|4/100
|
|upkeep
|turn|29
|
|t:|1778514548
|move|p1a: Regidrago|Earth Power|p2a: Checkmate
|-supereffective|p2a: Checkmate
|-damage|p2a: Checkmate|0 fnt
|faint|p2a: Checkmate
|-end|p2a: Checkmate|fallen5|[silent]
|
|win|RedEmperorKing
|raw|RedEmperorKing's rating: 1152 &rarr; <strong>1180</strong><br />(+28 for winning)
|raw|singi4989's rating: 1199 &rarr; <strong>1171</strong><br />(-28 for losing)
|l|☆singi4989
|player|p2|
|l|☆RedEmperorKing
|player|p1|
|j|☆RedEmperorKing
|player|p1|RedEmperorKing|alder|
