|html|<div class="broadcast-blue"><strong>[Gen 9] OU is currently suspecting Tera Blast! For information on how to participate check out the <a href="https://www.smogon.com/tools/suspects/view/200">suspect thread</a>.</strong></div>
|j|☆DracoMerchant
|j|☆Ericabi
|t:|1776186169
|gametype|singles
|player|p1|DracoMerchant|265|1093
|player|p2|Ericabi|1|1078
|gen|9
|tier|[Gen 9] OU
|rated|
|rule|HP Percentage Mod: HP is shown in percentages
|rule|Endless Battle Clause: Forcing endless battles is banned
|rule|Species Clause: Limit one of each Pokémon
|rule|OHKO Clause: OHKO moves are banned
|rule|Evasion Items Clause: Evasion items are banned
|rule|Evasion Moves Clause: Evasion moves are banned
|rule|Evasion Abilities Clause: Evasion abilities are banned
|rule|Sleep Moves Clause: Sleep-inducing moves are banned
|clearpoke
|poke|p1|Deoxys-Speed|
|poke|p1|Ceruledge, M|
|poke|p1|Zamazenta-*|
|poke|p1|Ogerpon-Wellspring, F|
|poke|p1|Glimmora, F|
|poke|p1|Moltres-Galar|
|poke|p2|Emboar, M|
|poke|p2|Shiftry, M|
|poke|p2|Leavanny, M|
|poke|p2|Gyarados, M|
|poke|p2|Carbink|
|poke|p2|Brute Bonnet|
|teampreview
|
|t:|1776186180
|teamsize|p1|6
|teamsize|p2|6
|start
|switch|p1a: Glimmora|Glimmora, F|100/100
|switch|p2a: Gyarados|Gyarados, M, shiny|100/100
|-ability|p2a: Gyarados|Intimidate|boost
|-unboost|p1a: Glimmora|atk|1
|turn|1
|
|t:|1776186192
|move|p1a: Glimmora|Stealth Rock|p2a: Gyarados
|-sidestart|p2: Ericabi|move: Stealth Rock
|move|p2a: Gyarados|Dragon Dance|p2a: Gyarados
|-boost|p2a: Gyarados|atk|1
|-boost|p2a: Gyarados|spe|1
|
|upkeep
|turn|2
|
|t:|1776186199
|move|p2a: Gyarados|Dragon Dance|p2a: Gyarados
|-boost|p2a: Gyarados|atk|1
|-boost|p2a: Gyarados|spe|1
|move|p1a: Glimmora|Mortal Spin|p2a: Gyarados
|-damage|p2a: Gyarados|96/100
|-status|p2a: Gyarados|psn
|
|-heal|p2a: Gyarados|100/100 psn|[from] item: Leftovers
|-damage|p2a: Gyarados|88/100 psn|[from] psn
|upkeep
|turn|3
|
|t:|1776186211
|move|p2a: Gyarados|Waterfall|p1a: Glimmora
|-supereffective|p1a: Glimmora
|-damage|p1a: Glimmora|0 fnt
|-activate|p1a: Glimmora|ability: Toxic Debris
|-sidestart|p2: Ericabi|move: Toxic Spikes
|faint|p1a: Glimmora
|
|-heal|p2a: Gyarados|94/100 psn|[from] item: Leftovers
|-damage|p2a: Gyarados|82/100 psn|[from] psn
|upkeep
|
|t:|1776186216
|switch|p1a: Deoxys|Deoxys-Speed|100/100
|-ability|p1a: Deoxys|Pressure
|turn|4
|
|t:|1776186240
|switch|p1a: Ogerpon|Ogerpon-Wellspring, F|100/100
|move|p2a: Gyarados|Protect||[still]
|-fail|p2a: Gyarados
|
|-heal|p2a: Gyarados|88/100 psn|[from] item: Leftovers
|-damage|p2a: Gyarados|76/100 psn|[from] psn
|upkeep
|turn|5
|
|t:|1776186254
|move|p2a: Gyarados|Waterfall|p1a: Ogerpon
|-immune|p1a: Ogerpon|[from] ability: Water Absorb
|move|p1a: Ogerpon|Horn Leech|p2a: Gyarados
|-damage|p2a: Gyarados|21/100 psn
|
|-heal|p2a: Gyarados|27/100 psn|[from] item: Leftovers
|-damage|p2a: Gyarados|15/100 psn|[from] psn
|upkeep
|turn|6
|inactive|Battle timer is ON: inactive players will automatically lose when time's up. (requested by DracoMerchant)
|
|t:|1776186273
|move|p1a: Ogerpon|Swords Dance|p1a: Ogerpon
|-boost|p1a: Ogerpon|atk|2
|move|p2a: Gyarados|Dragon Tail|p1a: Ogerpon
|-damage|p1a: Ogerpon|51/100
|drag|p1a: Zamazenta|Zamazenta|100/100
|-ability|p1a: Zamazenta|Dauntless Shield|boost
|-boost|p1a: Zamazenta|def|1
|
|-heal|p2a: Gyarados|21/100 psn|[from] item: Leftovers
|-damage|p2a: Gyarados|9/100 psn|[from] psn
|upkeep
|turn|7
|
|t:|1776186289
|move|p1a: Zamazenta|Iron Defense|p1a: Zamazenta
|-boost|p1a: Zamazenta|def|2
|move|p2a: Gyarados|Dragon Tail|p1a: Zamazenta
|-damage|p1a: Zamazenta|88/100
|drag|p1a: Moltres|Moltres-Galar|100/100
|
|-heal|p2a: Gyarados|15/100 psn|[from] item: Leftovers
|-damage|p2a: Gyarados|3/100 psn|[from] psn
|upkeep
|turn|8
|
|t:|1776186301
|move|p2a: Gyarados|Waterfall|p1a: Moltres
|-damage|p1a: Moltres|9/100
|-ability|p1a: Moltres|Berserk|boost
|-boost|p1a: Moltres|spa|1
|-enditem|p1a: Moltres|Sitrus Berry|[eat]
|-heal|p1a: Moltres|34/100|[from] item: Sitrus Berry
|move|p1a: Moltres|Fiery Wrath|p2a: Gyarados
|-damage|p2a: Gyarados|0 fnt
|faint|p2a: Gyarados
|
|upkeep
|inactive|Ericabi has 120 seconds left.
|
|t:|1776186322
|switch|p2a: Carbink|Carbink, shiny|100/100
|-damage|p2a: Carbink|88/100|[from] Stealth Rock
|-status|p2a: Carbink|psn
|turn|9
|inactive|Ericabi has 120 seconds left.
|
|t:|1776186339
|move|p1a: Moltres|Fiery Wrath|p2a: Carbink
|-resisted|p2a: Carbink
|-damage|p2a: Carbink|66/100 psn
|move|p2a: Carbink|Meteor Beam||[still]
|-prepare|p2a: Carbink|Meteor Beam
|-boost|p2a: Carbink|spa|1
|
|-heal|p2a: Carbink|72/100 psn|[from] item: Leftovers
|-damage|p2a: Carbink|60/100 psn|[from] psn
|upkeep
|turn|10
|inactive|Ericabi has 120 seconds left.
|
|t:|1776186351
|move|p1a: Moltres|Fiery Wrath|p2a: Carbink
|-resisted|p2a: Carbink
|-damage|p2a: Carbink|35/100 psn
|move|p2a: Carbink|Meteor Beam|p1a: Moltres|[from] lockedmove
|-supereffective|p1a: Moltres
|-damage|p1a: Moltres|0 fnt
|faint|p1a: Moltres
|
|-heal|p2a: Carbink|41/100 psn|[from] item: Leftovers
|-damage|p2a: Carbink|29/100 psn|[from] psn
|upkeep
|
|t:|1776186359
|switch|p1a: Ogerpon|Ogerpon-Wellspring, F|51/100
|turn|11
|
|t:|1776186364
|move|p1a: Ogerpon|Horn Leech|p2a: Carbink
|-supereffective|p2a: Carbink
|-damage|p2a: Carbink|0 fnt
|-heal|p1a: Ogerpon|64/100|[from] drain|[of] p2a: Carbink
|faint|p2a: Carbink
|
|upkeep
|inactive|Ericabi has 120 seconds left.
|
|t:|1776186387
|switch|p2a: Shiftry|Shiftry, M|100/100
|-damage|p2a: Shiftry|88/100|[from] Stealth Rock
|-status|p2a: Shiftry|psn
|turn|12
|
|t:|1776186400
|move|p1a: Ogerpon|Play Rough|p2a: Shiftry
|-supereffective|p2a: Shiftry
|-damage|p2a: Shiftry|0 fnt
|faint|p2a: Shiftry
|
|upkeep
|inactive|Ericabi has 90 seconds left.
|
|t:|1776186436
|switch|p2a: Brute Bonnet|Brute Bonnet|100/100
|-damage|p2a: Brute Bonnet|88/100|[from] Stealth Rock
|-status|p2a: Brute Bonnet|psn
|-enditem|p2a: Brute Bonnet|Booster Energy
|-activate|p2a: Brute Bonnet|ability: Protosynthesis|[fromitem]
|-start|p2a: Brute Bonnet|protosynthesisatk
|turn|13
|
|t:|1776186461
|move|p1a: Ogerpon|Play Rough|p2a: Brute Bonnet
|-supereffective|p2a: Brute Bonnet
|-damage|p2a: Brute Bonnet|26/100 psn
|move|p2a: Brute Bonnet|Seed Bomb|p1a: Ogerpon
|-damage|p1a: Ogerpon|0 fnt
|faint|p1a: Ogerpon
|
|-damage|p2a: Brute Bonnet|14/100 psn|[from] psn
|upkeep
|
|t:|1776186470
|switch|p1a: Ceruledge|Ceruledge, M|100/100
|turn|14
|
|t:|1776186475
|-end|p2a: Brute Bonnet|Protosynthesis|[silent]
|switch|p2a: Emboar|Emboar, M|100/100
|-damage|p2a: Emboar|88/100|[from] Stealth Rock
|-status|p2a: Emboar|psn
|move|p1a: Ceruledge|Swords Dance|p1a: Ceruledge
|-boost|p1a: Ceruledge|atk|2
|
|-damage|p2a: Emboar|76/100 psn|[from] psn
|upkeep
|turn|15
|
|t:|1776186494
|-terastallize|p2a: Emboar|Fire
|move|p1a: Ceruledge|Swords Dance|p1a: Ceruledge
|-boost|p1a: Ceruledge|atk|2
|move|p2a: Emboar|Flare Blitz|p1a: Ceruledge
|-resisted|p1a: Ceruledge
|-damage|p1a: Ceruledge|42/100
|-ability|p1a: Ceruledge|Weak Armor|boost
|-unboost|p1a: Ceruledge|def|1
|-boost|p1a: Ceruledge|spe|2
|-damage|p2a: Emboar|60/100 psn|[from] Recoil
|
|-damage|p2a: Emboar|47/100 psn|[from] psn
|upkeep
|turn|16
|-activate|p2a: Emboar|item: Quick Claw
|
|t:|1776186507
|move|p2a: Emboar|Flare Blitz|p1a: Ceruledge
|-resisted|p1a: Ceruledge
|-damage|p1a: Ceruledge|0 fnt
|faint|p1a: Ceruledge
|-damage|p2a: Emboar|36/100 psn|[from] Recoil
|
|-damage|p2a: Emboar|23/100 psn|[from] psn
|upkeep
|c|☆DracoMerchant|NO WAY LOL
|
|t:|1776186523
|switch|p1a: Deoxys|Deoxys-Speed|100/100
|-ability|p1a: Deoxys|Pressure
|turn|17
|
|t:|1776186546
|move|p1a: Deoxys|Reflect|p1a: Deoxys
|-sidestart|p1: DracoMerchant|Reflect
|move|p2a: Emboar|Will-O-Wisp|p1a: Deoxys
|-status|p1a: Deoxys|brn
|
|-damage|p2a: Emboar|11/100 psn|[from] psn
|-damage|p1a: Deoxys|95/100 brn|[from] brn
|upkeep
|turn|18
|
|t:|1776186561
|move|p1a: Deoxys|Psycho Boost|p2a: Emboar
|-damage|p2a: Emboar|0 fnt
|-unboost|p1a: Deoxys|spa|2
|faint|p2a: Emboar
|
|-damage|p1a: Deoxys|89/100 brn|[from] brn
|upkeep
|
|t:|1776186573
|switch|p2a: Brute Bonnet|Brute Bonnet|14/100 psn
|-damage|p2a: Brute Bonnet|1/100 psn|[from] Stealth Rock
|turn|19
|
|t:|1776186589
|move|p1a: Deoxys|Light Screen|p1a: Deoxys
|-sidestart|p1: DracoMerchant|move: Light Screen
|move|p2a: Brute Bonnet|Synthesis|p2a: Brute Bonnet
|-heal|p2a: Brute Bonnet|51/100 psn
|
|-damage|p2a: Brute Bonnet|39/100 psn|[from] psn
|-damage|p1a: Deoxys|83/100 brn|[from] brn
|upkeep
|turn|20
|
|t:|1776186597
|move|p1a: Deoxys|Taunt|p2a: Brute Bonnet
|-start|p2a: Brute Bonnet|move: Taunt
|cant|p2a: Brute Bonnet|move: Taunt|Synthesis
|
|-damage|p2a: Brute Bonnet|26/100 psn|[from] psn
|-damage|p1a: Deoxys|77/100 brn|[from] brn
|upkeep
|turn|21
|
|t:|1776186611
|move|p1a: Deoxys|Reflect||[still]
|-fail|p1a: Deoxys
|move|p2a: Brute Bonnet|Lash Out|p1a: Deoxys
|-supereffective|p1a: Deoxys
|-damage|p1a: Deoxys|31/100 brn
|
|-damage|p2a: Brute Bonnet|14/100 psn|[from] psn
|-damage|p1a: Deoxys|25/100 brn|[from] brn
|upkeep
|turn|22
|
|t:|1776186629
|move|p1a: Deoxys|Reflect||[still]
|-fail|p1a: Deoxys
|move|p2a: Brute Bonnet|Lash Out|p1a: Deoxys
|-supereffective|p1a: Deoxys
|-damage|p1a: Deoxys|0 fnt
|faint|p1a: Deoxys
|
|-damage|p2a: Brute Bonnet|1/100 psn|[from] psn
|-end|p2a: Brute Bonnet|move: Taunt
|upkeep
|
|t:|1776186637
|switch|p1a: Zamazenta|Zamazenta|88/100
|turn|23
|
|t:|1776186646
|move|p2a: Brute Bonnet|Synthesis|p2a: Brute Bonnet
|-heal|p2a: Brute Bonnet|51/100 psn
|move|p1a: Zamazenta|Roar|p2a: Brute Bonnet
|-end|p2a: Brute Bonnet|Protosynthesis|[silent]
|drag|p2a: Leavanny|Leavanny, M|100/100
|-damage|p2a: Leavanny|76/100|[from] Stealth Rock
|-status|p2a: Leavanny|psn
|
|-heal|p1a: Zamazenta|95/100|[from] item: Leftovers
|-damage|p2a: Leavanny|63/100 psn|[from] psn
|upkeep
|turn|24
|
|t:|1776186675
|-terastallize|p1a: Zamazenta|Electric
|move|p1a: Zamazenta|Iron Defense|p1a: Zamazenta
|-boost|p1a: Zamazenta|def|2
|move|p2a: Leavanny|Sunny Day|p2a: Leavanny
|-weather|SunnyDay
|
|-weather|SunnyDay|[upkeep]
|-heal|p1a: Zamazenta|100/100|[from] item: Leftovers
|-damage|p2a: Leavanny|51/100 psn|[from] psn
|-sideend|p1: DracoMerchant|Reflect
|upkeep
|turn|25
|inactive|Ericabi has 60 seconds left.
|
|t:|1776186694
|move|p2a: Leavanny|Lunge|p1a: Zamazenta
|-damage|p1a: Zamazenta|88/100
|-unboost|p1a: Zamazenta|atk|1
|move|p1a: Zamazenta|Iron Defense|p1a: Zamazenta
|-boost|p1a: Zamazenta|def|2
|
|-weather|SunnyDay|[upkeep]
|-heal|p1a: Zamazenta|94/100|[from] item: Leftovers
|-damage|p2a: Leavanny|39/100 psn|[from] psn
|upkeep
|turn|26
|inactive|Ericabi has 60 seconds left.
|
|t:|1776186712
|move|p2a: Leavanny|Lunge|p1a: Zamazenta
|-damage|p1a: Zamazenta|85/100
|-unboost|p1a: Zamazenta|atk|1
|move|p1a: Zamazenta|Iron Defense|p1a: Zamazenta
|-boost|p1a: Zamazenta|def|2
|
|-weather|SunnyDay|[upkeep]
|-heal|p1a: Zamazenta|91/100|[from] item: Leftovers
|-damage|p2a: Leavanny|27/100 psn|[from] psn
|-sideend|p1: DracoMerchant|move: Light Screen
|upkeep
|turn|27
|inactive|Ericabi has 60 seconds left.
|
|t:|1776186722
|move|p2a: Leavanny|Lunge|p1a: Zamazenta
|-damage|p1a: Zamazenta|84/100
|-unboost|p1a: Zamazenta|atk|1
|move|p1a: Zamazenta|Body Press|p2a: Leavanny
|-resisted|p2a: Leavanny
|-damage|p2a: Leavanny|0 fnt
|faint|p2a: Leavanny
|
|-weather|SunnyDay|[upkeep]
|-heal|p1a: Zamazenta|91/100|[from] item: Leftovers
|upkeep
|inactive|Ericabi has 60 seconds left.
|
|t:|1776186733
|switch|p2a: Brute Bonnet|Brute Bonnet|51/100 psn
|-damage|p2a: Brute Bonnet|39/100 psn|[from] Stealth Rock
|-activate|p2a: Brute Bonnet|ability: Protosynthesis
|-start|p2a: Brute Bonnet|protosynthesisatk
|turn|28
|inactive|Ericabi has 60 seconds left.
|
|t:|1776186739
|move|p1a: Zamazenta|Body Press|p2a: Brute Bonnet
|-supereffective|p2a: Brute Bonnet
|-damage|p2a: Brute Bonnet|0 fnt
|faint|p2a: Brute Bonnet
|-end|p2a: Brute Bonnet|Protosynthesis|[silent]
|
|win|DracoMerchant
|raw|DracoMerchant's rating: 1093 &rarr; <strong>1118</strong><br />(+25 for winning)
|raw|Ericabi's rating: 1078 &rarr; <strong>1057</strong><br />(-21 for losing)
|c|☆DracoMerchant|Gg
