|html|<div class="broadcast-blue"><strong>[Gen 9] OU is currently suspecting Tera Blast! For information on how to participate check out the <a href="https://www.smogon.com/tools/suspects/view/200">suspect thread</a>.</strong></div>
|j|☆one_angry_jew
|j|☆inoutofink
|t:|1776070002
|gametype|singles
|player|p1|one_angry_jew|101|1419
|player|p2|inoutofink|hoopster|1387
|gen|9
|tier|[Gen 9] OU
|rated|
|rule|HP Percentage Mod: HP is shown in percentages
|rule|Endless Battle Clause: Forcing endless battles is banned
|rule|Species Clause: Limit one of each Pokémon
|rule|OHKO Clause: OHKO moves are banned
|rule|Evasion Items Clause: Evasion items are banned
|rule|Evasion Moves Clause: Evasion moves are banned
|rule|Evasion Abilities Clause: Evasion abilities are banned
|rule|Sleep Moves Clause: Sleep-inducing moves are banned
|clearpoke
|poke|p1|Jolteon, M|
|poke|p1|Espeon, M|
|poke|p1|Glaceon, F|
|poke|p1|Vaporeon, M|
|poke|p1|Sylveon, M|
|poke|p1|Umbreon, F|
|poke|p2|Zamazenta-*|
|poke|p2|Landorus-Therian, M|
|poke|p2|Dondozo, M|
|poke|p2|Weezing-Galar, F|
|poke|p2|Arcanine-Hisui, F|
|poke|p2|Gholdengo|
|teampreview
|
|t:|1776070052
|teamsize|p1|6
|teamsize|p2|6
|start
|switch|p1a: Vaporeon|Vaporeon, M|100/100
|switch|p2a: Weezing|Weezing-Galar, F|100/100
|turn|1
|
|t:|1776070059
|move|p1a: Vaporeon|Scald|p2a: Weezing
|-damage|p2a: Weezing|10/100
|move|p2a: Weezing|Toxic|p1a: Vaporeon
|-status|p1a: Vaporeon|tox
|
|-damage|p1a: Vaporeon|94/100 tox|[from] psn
|upkeep
|turn|2
|
|t:|1776070069
|switch|p2a: Dondozo|Dondozo, M|100/100
|move|p1a: Vaporeon|Scald|p2a: Dondozo
|-resisted|p2a: Dondozo
|-damage|p2a: Dondozo|81/100
|
|-damage|p1a: Vaporeon|82/100 tox|[from] psn
|upkeep
|turn|3
|
|t:|1776070085
|switch|p1a: Glaceon|Glaceon, F|100/100
|switch|p2a: Landorus|Landorus-Therian, M|100/100
|-ability|p2a: Landorus|Intimidate|boost
|-unboost|p1a: Glaceon|atk|1
|
|upkeep
|turn|4
|
|t:|1776070095
|move|p2a: Landorus|U-turn|p1a: Glaceon
|-damage|p1a: Glaceon|81/100
|-damage|p2a: Landorus|84/100|[from] item: Rocky Helmet|[of] p1a: Glaceon
|
|t:|1776070099
|switch|p2a: Arcanine|Arcanine-Hisui, F|100/100|[from] U-turn
|move|p1a: Glaceon|Chilling Water|p2a: Arcanine
|-supereffective|p2a: Arcanine
|-damage|p2a: Arcanine|12/100
|-unboost|p2a: Arcanine|atk|1
|
|upkeep
|turn|5
|
|t:|1776070107
|move|p1a: Glaceon|Endure|p1a: Glaceon
|-singleturn|p1a: Glaceon|move: Endure
|move|p2a: Arcanine|Head Smash|p1a: Glaceon
|-supereffective|p1a: Glaceon
|-activate|p1a: Glaceon|move: Endure
|-damage|p1a: Glaceon|1/100
|-damage|p2a: Arcanine|0 fnt|[from] item: Rocky Helmet|[of] p1a: Glaceon
|faint|p2a: Arcanine
|
|upkeep
|
|t:|1776070130
|switch|p2a: Landorus|Landorus-Therian, M|84/100
|-ability|p2a: Landorus|Intimidate|boost
|-unboost|p1a: Glaceon|atk|1
|turn|6
|
|t:|1776070135
|move|p1a: Glaceon|Ice Shard|p2a: Landorus
|-supereffective|p2a: Landorus
|-damage|p2a: Landorus|63/100
|move|p2a: Landorus|U-turn|p1a: Glaceon
|-damage|p1a: Glaceon|0 fnt
|-damage|p2a: Landorus|46/100|[from] item: Rocky Helmet|[of] p1a: Glaceon
|faint|p1a: Glaceon
|
|t:|1776070140
|switch|p2a: Weezing|Weezing-Galar, F|10/100|[from] U-turn
|
|upkeep
|
|t:|1776070148
|switch|p1a: Sylveon|Sylveon, M|100/100
|turn|7
|
|t:|1776070177
|move|p2a: Weezing|Pain Split|p1a: Sylveon
|-sethp|p1a: Sylveon|54/100|[from] move: Pain Split|[silent]
|-sethp|p2a: Weezing|64/100|[from] move: Pain Split
|move|p1a: Sylveon|Hyper Voice|p2a: Weezing
|-resisted|p2a: Weezing
|-damage|p2a: Weezing|26/100
|
|upkeep
|turn|8
|
|t:|1776070185
|move|p2a: Weezing|Toxic|p1a: Sylveon
|-status|p1a: Sylveon|tox
|move|p1a: Sylveon|Psyshock|p2a: Weezing
|-supereffective|p2a: Weezing
|-damage|p2a: Weezing|0 fnt
|faint|p2a: Weezing
|
|-damage|p1a: Sylveon|48/100 tox|[from] psn
|upkeep
|
|t:|1776070192
|switch|p2a: Gholdengo|Gholdengo|100/100
|turn|9
|
|t:|1776070197
|move|p2a: Gholdengo|Make It Rain|p1a: Sylveon
|-supereffective|p1a: Sylveon
|-damage|p1a: Sylveon|0 fnt
|-unboost|p2a: Gholdengo|spa|1
|faint|p1a: Sylveon
|
|upkeep
|
|t:|1776070203
|switch|p1a: Jolteon|Jolteon, M|100/100
|turn|10
|
|t:|1776070208
|move|p1a: Jolteon|Shadow Ball|p2a: Gholdengo
|-supereffective|p2a: Gholdengo
|-damage|p2a: Gholdengo|10/100
|-unboost|p2a: Gholdengo|spd|1
|move|p2a: Gholdengo|Make It Rain|p1a: Jolteon
|-resisted|p1a: Jolteon
|-damage|p1a: Jolteon|55/100
|-unboost|p2a: Gholdengo|spa|1
|
|upkeep
|turn|11
|
|t:|1776070218
|switch|p2a: Landorus|Landorus-Therian, M|46/100
|-ability|p2a: Landorus|Intimidate|boost
|-unboost|p1a: Jolteon|atk|1
|move|p1a: Jolteon|Shadow Ball|p2a: Landorus
|-damage|p2a: Landorus|5/100
|
|-heal|p2a: Landorus|11/100|[from] item: Leftovers
|upkeep
|turn|12
|
|t:|1776070226
|switch|p1a: Umbreon|Umbreon, F|100/100
|move|p2a: Landorus|Earthquake|p1a: Umbreon
|-damage|p1a: Umbreon|71/100
|
|-heal|p2a: Landorus|18/100|[from] item: Leftovers
|-heal|p1a: Umbreon|77/100|[from] item: Leftovers
|upkeep
|turn|13
|
|t:|1776070233
|move|p2a: Landorus|U-turn|p1a: Umbreon
|-supereffective|p1a: Umbreon
|-damage|p1a: Umbreon|50/100
|
|t:|1776070237
|switch|p2a: Zamazenta|Zamazenta|100/100|[from] U-turn
|-ability|p2a: Zamazenta|Dauntless Shield|boost
|-boost|p2a: Zamazenta|def|1
|move|p1a: Umbreon|Foul Play|p2a: Zamazenta
|-resisted|p2a: Zamazenta
|-damage|p2a: Zamazenta|90/100
|
|-heal|p2a: Zamazenta|96/100|[from] item: Leftovers
|-heal|p1a: Umbreon|57/100|[from] item: Leftovers
|upkeep
|turn|14
|
|t:|1776070248
|-terastallize|p1a: Umbreon|Poison
|move|p2a: Zamazenta|Iron Defense|p2a: Zamazenta
|-boost|p2a: Zamazenta|def|2
|move|p1a: Umbreon|Toxic|p2a: Zamazenta
|-status|p2a: Zamazenta|tox
|
|-heal|p2a: Zamazenta|100/100 tox|[from] item: Leftovers
|-heal|p1a: Umbreon|63/100|[from] item: Leftovers
|-damage|p2a: Zamazenta|94/100 tox|[from] psn
|upkeep
|turn|15
|
|t:|1776070260
|move|p2a: Zamazenta|Iron Defense|p2a: Zamazenta
|-boost|p2a: Zamazenta|def|2
|move|p1a: Umbreon|Wish|p1a: Umbreon
|
|-heal|p2a: Zamazenta|100/100 tox|[from] item: Leftovers
|-heal|p1a: Umbreon|69/100|[from] item: Leftovers
|-damage|p2a: Zamazenta|88/100 tox|[from] psn
|upkeep
|turn|16
|
|t:|1776070266
|move|p2a: Zamazenta|Body Press|p1a: Umbreon
|-resisted|p1a: Umbreon
|-damage|p1a: Umbreon|28/100
|move|p1a: Umbreon|Foul Play|p2a: Zamazenta
|-resisted|p2a: Zamazenta
|-damage|p2a: Zamazenta|84/100 tox
|
|-heal|p1a: Umbreon|78/100|[from] move: Wish|[wisher] Umbreon
|-heal|p2a: Zamazenta|90/100 tox|[from] item: Leftovers
|-heal|p1a: Umbreon|84/100|[from] item: Leftovers
|-damage|p2a: Zamazenta|72/100 tox|[from] psn
|upkeep
|turn|17
|
|t:|1776070278
|move|p1a: Umbreon|Protect|p1a: Umbreon
|-singleturn|p1a: Umbreon|Protect
|move|p2a: Zamazenta|Body Press|p1a: Umbreon
|-activate|p1a: Umbreon|move: Protect
|
|-heal|p2a: Zamazenta|78/100 tox|[from] item: Leftovers
|-heal|p1a: Umbreon|90/100|[from] item: Leftovers
|-damage|p2a: Zamazenta|53/100 tox|[from] psn
|upkeep
|turn|18
|
|t:|1776070283
|switch|p2a: Dondozo|Dondozo, M|81/100
|move|p1a: Umbreon|Wish|p1a: Umbreon
|
|-heal|p1a: Umbreon|96/100|[from] item: Leftovers
|upkeep
|turn|19
|
|t:|1776070291
|switch|p1a: Espeon|Espeon, M|100/100
|move|p2a: Dondozo|Body Slam|p1a: Espeon
|-damage|p1a: Espeon|63/100
|-status|p1a: Espeon|par
|
|-heal|p1a: Espeon|100/100 par|[from] move: Wish|[wisher] Umbreon
|upkeep
|turn|20
|
|t:|1776070307
|cant|p1a: Espeon|par
|move|p2a: Dondozo|Wave Crash|p1a: Espeon
|-damage|p1a: Espeon|23/100 par
|-damage|p2a: Dondozo|67/100|[from] Recoil
|
|upkeep
|turn|21
|
|t:|1776070313
|move|p1a: Espeon|Trick|p2a: Dondozo
|-activate|p1a: Espeon|move: Trick|[of] p2a: Dondozo
|-item|p2a: Dondozo|Choice Scarf|[from] move: Trick
|-item|p1a: Espeon|Rocky Helmet|[from] move: Trick
|move|p2a: Dondozo|Body Slam|p1a: Espeon
|-damage|p1a: Espeon|0 fnt
|-damage|p2a: Dondozo|51/100|[from] item: Rocky Helmet|[of] p1a: Espeon
|faint|p1a: Espeon
|
|upkeep
|
|t:|1776070323
|switch|p1a: Umbreon|Umbreon, F, tera:Poison|96/100
|turn|22
|
|t:|1776070329
|switch|p2a: Gholdengo|Gholdengo|10/100
|move|p1a: Umbreon|Toxic|p2a: Gholdengo
|-immune|p2a: Gholdengo|[from] ability: Good as Gold
|
|-heal|p1a: Umbreon|100/100|[from] item: Leftovers
|upkeep
|turn|23
|
|t:|1776070342
|move|p2a: Gholdengo|Make It Rain|p1a: Umbreon
|-damage|p1a: Umbreon|29/100
|-unboost|p2a: Gholdengo|spa|1
|move|p1a: Umbreon|Foul Play|p2a: Gholdengo
|-supereffective|p2a: Gholdengo
|-damage|p2a: Gholdengo|0 fnt
|faint|p2a: Gholdengo
|
|-heal|p1a: Umbreon|36/100|[from] item: Leftovers
|upkeep
|
|t:|1776070351
|switch|p2a: Landorus|Landorus-Therian, M|18/100
|-ability|p2a: Landorus|Intimidate|boost
|-unboost|p1a: Umbreon|atk|1
|turn|24
|
|t:|1776070359
|move|p1a: Umbreon|Protect|p1a: Umbreon
|-singleturn|p1a: Umbreon|Protect
|move|p2a: Landorus|Earthquake|p1a: Umbreon
|-activate|p1a: Umbreon|move: Protect
|
|-heal|p2a: Landorus|24/100|[from] item: Leftovers
|-heal|p1a: Umbreon|42/100|[from] item: Leftovers
|upkeep
|turn|25
|
|t:|1776070363
|switch|p1a: Vaporeon|Vaporeon, M|82/100 tox
|move|p2a: Landorus|Earthquake|p1a: Vaporeon
|-damage|p1a: Vaporeon|23/100 tox
|
|-heal|p2a: Landorus|30/100|[from] item: Leftovers
|-damage|p1a: Vaporeon|17/100 tox|[from] psn
|upkeep
|turn|26
|
|t:|1776070373
|switch|p2a: Dondozo|Dondozo, M|51/100
|move|p1a: Vaporeon|Scald|p2a: Dondozo
|-resisted|p2a: Dondozo
|-damage|p2a: Dondozo|31/100
|
|-damage|p1a: Vaporeon|5/100 tox|[from] psn
|upkeep
|turn|27
|
|t:|1776070379
|move|p1a: Vaporeon|Scald|p2a: Dondozo
|-resisted|p2a: Dondozo
|-damage|p2a: Dondozo|11/100
|-status|p2a: Dondozo|brn
|move|p2a: Dondozo|Rest|p2a: Dondozo
|-status|p2a: Dondozo|slp|[from] move: Rest
|-heal|p2a: Dondozo|100/100 slp|[silent]
|
|-damage|p1a: Vaporeon|0 fnt|[from] psn
|faint|p1a: Vaporeon
|upkeep
|
|t:|1776070384
|switch|p1a: Umbreon|Umbreon, F, tera:Poison|42/100
|turn|28
|
|t:|1776070398
|switch|p2a: Zamazenta|Zamazenta|53/100 tox
|move|p1a: Umbreon|Wish|p1a: Umbreon
|
|-heal|p2a: Zamazenta|59/100 tox|[from] item: Leftovers
|-heal|p1a: Umbreon|48/100|[from] item: Leftovers
|-damage|p2a: Zamazenta|53/100 tox|[from] psn
|upkeep
|turn|29
|
|t:|1776070409
|switch|p2a: Landorus|Landorus-Therian, M|30/100
|-ability|p2a: Landorus|Intimidate|boost
|-unboost|p1a: Umbreon|atk|1
|move|p1a: Umbreon|Foul Play|p2a: Landorus
|-damage|p2a: Landorus|0 fnt
|faint|p2a: Landorus
|
|-heal|p1a: Umbreon|98/100|[from] move: Wish|[wisher] Umbreon
|-heal|p1a: Umbreon|100/100|[from] item: Leftovers
|upkeep
|
|t:|1776070417
|switch|p2a: Dondozo|Dondozo, M|100/100 slp
|turn|30
|
|t:|1776070423
|move|p1a: Umbreon|Foul Play|p2a: Dondozo
|-damage|p2a: Dondozo|81/100 slp
|cant|p2a: Dondozo|slp
|move|p2a: Dondozo|Sleep Talk|p2a: Dondozo
|move|p2a: Dondozo|Body Slam|p1a: Umbreon|[from] move: Sleep Talk
|-damage|p1a: Umbreon|89/100
|
|-heal|p1a: Umbreon|95/100|[from] item: Leftovers
|upkeep
|turn|31
|
|t:|1776070434
|move|p1a: Umbreon|Foul Play|p2a: Dondozo
|-damage|p2a: Dondozo|61/100 slp
|cant|p2a: Dondozo|slp
|move|p2a: Dondozo|Sleep Talk|p2a: Dondozo
|move|p2a: Dondozo|Rest||[from] move: Sleep Talk|[still]
|-fail|p2a: Dondozo
|
|-heal|p1a: Umbreon|100/100|[from] item: Leftovers
|upkeep
|turn|32
|
|t:|1776070445
|move|p1a: Umbreon|Foul Play|p2a: Dondozo
|-damage|p2a: Dondozo|42/100 slp
|-curestatus|p2a: Dondozo|slp|[msg]
|move|p2a: Dondozo|Sleep Talk||[still]
|-fail|p2a: Dondozo
|
|upkeep
|turn|33
|
|t:|1776070449
|switch|p2a: Zamazenta|Zamazenta|53/100 tox
|move|p1a: Umbreon|Foul Play|p2a: Zamazenta
|-resisted|p2a: Zamazenta
|-damage|p2a: Zamazenta|39/100 tox
|
|-heal|p2a: Zamazenta|45/100 tox|[from] item: Leftovers
|-damage|p2a: Zamazenta|39/100 tox|[from] psn
|upkeep
|turn|34
|
|t:|1776070456
|switch|p2a: Dondozo|Dondozo, M|42/100
|move|p1a: Umbreon|Foul Play|p2a: Dondozo
|-damage|p2a: Dondozo|23/100
|
|upkeep
|turn|35
|
|t:|1776070464
|switch|p1a: Jolteon|Jolteon, M|55/100
|move|p2a: Dondozo|Rest|p2a: Dondozo
|-status|p2a: Dondozo|slp|[from] move: Rest
|-heal|p2a: Dondozo|100/100 slp|[silent]
|
|upkeep
|turn|36
|
|t:|1776070474
|switch|p2a: Zamazenta|Zamazenta|39/100 tox
|move|p1a: Jolteon|Thunderbolt|p2a: Zamazenta
|-damage|p2a: Zamazenta|0 fnt
|faint|p2a: Zamazenta
|
|upkeep
|
|t:|1776070480
|switch|p2a: Dondozo|Dondozo, M|100/100 slp
|turn|37
|
|t:|1776070491
|-terastallize|p2a: Dondozo|Normal
|move|p1a: Jolteon|Thunderbolt|p2a: Dondozo
|-damage|p2a: Dondozo|59/100 slp
|cant|p2a: Dondozo|slp
|
|upkeep
|turn|38
|inactive|Battle timer is ON: inactive players will automatically lose when time's up. (requested by one_angry_jew)
|c|☆one_angry_jew|whenever you want
|inactive|inoutofink has 120 seconds left.
|inactive|inoutofink has 90 seconds left.
|inactive|inoutofink has 60 seconds left.
|inactive|inoutofink has 30 seconds left.
|inactive|inoutofink has 20 seconds left.
|inactive|inoutofink has 15 seconds left.
|inactive|inoutofink has 10 seconds left.
|inactive|inoutofink has 5 seconds left.
|-message|inoutofink lost due to inactivity.
|
|win|one_angry_jew
|raw|one_angry_jew's rating: 1419 &rarr; <strong>1437</strong><br />(+18 for winning)
|raw|inoutofink's rating: 1387 &rarr; <strong>1369</strong><br />(-18 for losing)
