|html|<div class="broadcast-blue"><strong>[Gen 9] OU is currently suspecting Tera Blast! For information on how to participate check out the <a href="https://www.smogon.com/tools/suspects/view/200">suspect thread</a>.</strong></div>
|j|☆AKGD
|j|☆KnightKnaveSpy
|t:|1776117703
|gametype|singles
|player|p1|AKGD|hilbert|1499
|player|p2|KnightKnaveSpy|170|1546
|gen|9
|tier|[Gen 9] OU
|rated|
|rule|HP Percentage Mod: HP is shown in percentages
|rule|Endless Battle Clause: Forcing endless battles is banned
|rule|Species Clause: Limit one of each Pokémon
|rule|OHKO Clause: OHKO moves are banned
|rule|Evasion Items Clause: Evasion items are banned
|rule|Evasion Moves Clause: Evasion moves are banned
|rule|Evasion Abilities Clause: Evasion abilities are banned
|rule|Sleep Moves Clause: Sleep-inducing moves are banned
|clearpoke
|poke|p1|Dragapult, F|
|poke|p1|Raging Bolt|
|poke|p1|Iron Moth|
|poke|p1|Great Tusk|
|poke|p1|Ogerpon-Wellspring, F|
|poke|p1|Landorus-Therian, M|
|poke|p2|Samurott-Hisui, F|
|poke|p2|Blaziken, F|
|poke|p2|Kingambit, F|
|poke|p2|Raging Bolt|
|poke|p2|Ogerpon-Wellspring, F|
|poke|p2|Greninja-*, M|
|teampreview
|inactive|Battle timer is ON: inactive players will automatically lose when time's up. (requested by AKGD)
|
|t:|1776117715
|teamsize|p1|6
|teamsize|p2|6
|start
|switch|p1a: Landorus|Landorus-Therian, M|100/100
|switch|p2a: Samurott|Samurott-Hisui, F|100/100
|-ability|p1a: Landorus|Intimidate|boost
|-unboost|p2a: Samurott|atk|1
|turn|1
|
|t:|1776117727
|move|p1a: Landorus|U-turn|p2a: Samurott
|-supereffective|p2a: Samurott
|-damage|p2a: Samurott|37/100
|
|t:|1776117736
|switch|p1a: Ogerpon|Ogerpon-Wellspring, F|100/100|[from] U-turn
|move|p2a: Samurott|Ceaseless Edge|p1a: Ogerpon
|-damage|p1a: Ogerpon|62/100
|-sidestart|p1: AKGD|Spikes
|
|upkeep
|turn|2
|
|t:|1776117746
|switch|p2a: Blaziken|Blaziken, F|100/100
|move|p1a: Ogerpon|Horn Leech|p2a: Blaziken
|-resisted|p2a: Blaziken
|-damage|p2a: Blaziken|66/100
|-heal|p1a: Ogerpon|79/100|[from] drain|[of] p2a: Blaziken
|
|-heal|p2a: Blaziken|72/100|[from] item: Leftovers
|upkeep
|turn|3
|
|t:|1776117756
|move|p2a: Blaziken|Detect|p2a: Blaziken
|-singleturn|p2a: Blaziken|Protect
|move|p1a: Ogerpon|Ivy Cudgel|p2a: Blaziken|[anim] Ivy Cudgel Water
|-activate|p2a: Blaziken|move: Protect
|
|-heal|p2a: Blaziken|78/100|[from] item: Leftovers
|-ability|p2a: Blaziken|Speed Boost|boost
|-boost|p2a: Blaziken|spe|1
|upkeep
|turn|4
|
|t:|1776117767
|move|p2a: Blaziken|Close Combat|p1a: Ogerpon
|-damage|p1a: Ogerpon|0 fnt
|-unboost|p2a: Blaziken|def|1
|-unboost|p2a: Blaziken|spd|1
|faint|p1a: Ogerpon
|
|-heal|p2a: Blaziken|84/100|[from] item: Leftovers
|-ability|p2a: Blaziken|Speed Boost|boost
|-boost|p2a: Blaziken|spe|1
|upkeep
|
|t:|1776117778
|switch|p1a: Dragjet|Dragapult, F|100/100
|-damage|p1a: Dragjet|88/100|[from] Spikes
|turn|5
|
|t:|1776117793
|move|p2a: Blaziken|Flare Blitz|p1a: Dragjet
|-resisted|p1a: Dragjet
|-damage|p1a: Dragjet|45/100
|-status|p1a: Dragjet|brn
|-damage|p2a: Blaziken|69/100|[from] Recoil
|move|p1a: Dragjet|Phantom Force||[still]
|-prepare|p1a: Dragjet|Phantom Force
|
|-heal|p2a: Blaziken|75/100|[from] item: Leftovers
|-damage|p1a: Dragjet|39/100 brn|[from] brn
|-ability|p2a: Blaziken|Speed Boost|boost
|-boost|p2a: Blaziken|spe|1
|upkeep
|turn|6
|
|t:|1776117817
|switch|p2a: Samurott|Samurott-Hisui, F|37/100
|move|p1a: Dragjet|Phantom Force|p2a: Samurott|[from] lockedmove
|-resisted|p2a: Samurott
|-damage|p2a: Samurott|21/100
|
|-damage|p1a: Dragjet|33/100 brn|[from] brn
|upkeep
|turn|7
|
|t:|1776117827
|move|p1a: Dragjet|Dragon Darts|p2a: Samurott
|-damage|p2a: Samurott|3/100
|-anim|p1a: Dragjet|Dragon Darts|p2a: Samurott
|-damage|p2a: Samurott|0 fnt
|faint|p2a: Samurott
|
|-damage|p1a: Dragjet|27/100 brn|[from] brn
|upkeep
|
|t:|1776117836
|switch|p2a: Blaziken|Blaziken, F|75/100
|turn|8
|
|t:|1776117842
|move|p1a: Dragjet|Phantom Force||[still]
|-prepare|p1a: Dragjet|Phantom Force
|move|p2a: Blaziken|Swords Dance|p2a: Blaziken
|-boost|p2a: Blaziken|atk|2
|
|-heal|p2a: Blaziken|81/100|[from] item: Leftovers
|-damage|p1a: Dragjet|21/100 brn|[from] brn
|-ability|p2a: Blaziken|Speed Boost|boost
|-boost|p2a: Blaziken|spe|1
|upkeep
|turn|9
|
|t:|1776117851
|move|p2a: Blaziken|Swords Dance|p2a: Blaziken
|-boost|p2a: Blaziken|atk|2
|move|p1a: Dragjet|Phantom Force|p2a: Blaziken|[from] lockedmove
|-damage|p2a: Blaziken|42/100
|
|-heal|p2a: Blaziken|48/100|[from] item: Leftovers
|-damage|p1a: Dragjet|15/100 brn|[from] brn
|-ability|p2a: Blaziken|Speed Boost|boost
|-boost|p2a: Blaziken|spe|1
|upkeep
|turn|10
|
|t:|1776117862
|move|p2a: Blaziken|Flare Blitz|p1a: Dragjet
|-resisted|p1a: Dragjet
|-damage|p1a: Dragjet|0 fnt
|faint|p1a: Dragjet
|-damage|p2a: Blaziken|43/100|[from] Recoil
|
|-heal|p2a: Blaziken|49/100|[from] item: Leftovers
|-ability|p2a: Blaziken|Speed Boost|boost
|-boost|p2a: Blaziken|spe|1
|upkeep
|
|t:|1776117873
|switch|p1a: Landorus|Landorus-Therian, M|100/100
|-ability|p1a: Landorus|Intimidate|boost
|-unboost|p2a: Blaziken|atk|1
|turn|11
|
|t:|1776117888
|move|p2a: Blaziken|Detect|p2a: Blaziken
|-singleturn|p2a: Blaziken|Protect
|move|p1a: Landorus|Earthquake|p2a: Blaziken
|-activate|p2a: Blaziken|move: Protect
|
|-heal|p2a: Blaziken|55/100|[from] item: Leftovers
|-ability|p2a: Blaziken|Speed Boost|boost
|-boost|p2a: Blaziken|spe|1
|upkeep
|turn|12
|
|t:|1776117897
|move|p2a: Blaziken|Flare Blitz|p1a: Landorus
|-damage|p1a: Landorus|0 fnt
|faint|p1a: Landorus
|-damage|p2a: Blaziken|20/100|[from] Recoil
|
|-heal|p2a: Blaziken|26/100|[from] item: Leftovers
|-ability|p2a: Blaziken|Speed Boost|boost
|-boost|p2a: Blaziken|spe|1
|upkeep
|
|t:|1776117911
|switch|p1a: Raging Bolt|Raging Bolt|100/100
|-damage|p1a: Raging Bolt|88/100|[from] Spikes
|-enditem|p1a: Raging Bolt|Booster Energy
|-activate|p1a: Raging Bolt|ability: Protosynthesis|[fromitem]
|-start|p1a: Raging Bolt|protosynthesisspa
|turn|13
|
|t:|1776117928
|move|p2a: Blaziken|Swords Dance|p2a: Blaziken
|-boost|p2a: Blaziken|atk|2
|move|p1a: Raging Bolt|Thunderbolt|p2a: Blaziken
|-damage|p2a: Blaziken|0 fnt
|faint|p2a: Blaziken
|
|upkeep
|
|t:|1776117943
|switch|p2a: Raging Bolt|Raging Bolt|100/100
|-item|p2a: Raging Bolt|Air Balloon
|turn|14
|
|t:|1776117948
|-terastallize|p2a: Raging Bolt|Fairy
|move|p1a: Raging Bolt|Dragon Pulse|p2a: Raging Bolt
|-immune|p2a: Raging Bolt
|move|p2a: Raging Bolt|Draco Meteor|p1a: Raging Bolt|[miss]
|-miss|p2a: Raging Bolt|p1a: Raging Bolt
|
|upkeep
|turn|15
|
|t:|1776117958
|move|p1a: Raging Bolt|Thunderbolt|p2a: Raging Bolt
|-damage|p2a: Raging Bolt|44/100
|-enditem|p2a: Raging Bolt|Air Balloon
|move|p2a: Raging Bolt|Draco Meteor|p1a: Raging Bolt|[miss]
|-miss|p2a: Raging Bolt|p1a: Raging Bolt
|
|upkeep
|turn|16
|
|t:|1776117967
|move|p1a: Raging Bolt|Thunderbolt|p2a: Raging Bolt
|-damage|p2a: Raging Bolt|0 fnt
|faint|p2a: Raging Bolt
|-end|p2a: Raging Bolt|Protosynthesis|[silent]
|
|upkeep
|-message|KnightKnaveSpy forfeited.
|
|win|AKGD
|raw|AKGD's rating: 1499 &rarr; <strong>1522</strong><br />(+23 for winning)
|raw|KnightKnaveSpy's rating: 1546 &rarr; <strong>1523</strong><br />(-23 for losing)
|l|☆KnightKnaveSpy
|player|p2|
|c|☆AKGD|Gg
|c|☆AKGD|Omg
|c|☆AKGD|I’m in the 1500!
|c|☆AKGD|Let’s go!
