|html|<div class="broadcast-blue"><strong>[Gen 9] OU is currently suspecting Tera Blast! For information on how to participate check out the <a href="https://www.smogon.com/tools/suspects/view/200">suspect thread</a>.</strong></div>
|j|☆DarkAngel205
|j|☆i_love_lulu
|t:|1776062443
|gametype|singles
|player|p1|DarkAngel205|1|1363
|player|p2|i_love_lulu|169|1327
|gen|9
|tier|[Gen 9] OU
|rated|
|rule|HP Percentage Mod: HP is shown in percentages
|rule|Endless Battle Clause: Forcing endless battles is banned
|rule|Species Clause: Limit one of each Pokémon
|rule|OHKO Clause: OHKO moves are banned
|rule|Evasion Items Clause: Evasion items are banned
|rule|Evasion Moves Clause: Evasion moves are banned
|rule|Evasion Abilities Clause: Evasion abilities are banned
|rule|Sleep Moves Clause: Sleep-inducing moves are banned
|clearpoke
|poke|p1|Ninetales, F|
|poke|p1|Lilligant-Hisui, F|
|poke|p1|Walking Wake|
|poke|p1|Iron Moth|
|poke|p1|Great Tusk|
|poke|p1|Corviknight, M|
|poke|p2|Gliscor, M|
|poke|p2|Heatran, M|
|poke|p2|Sinistcha|
|poke|p2|Corviknight, F|
|poke|p2|Tentacruel, M|
|poke|p2|Darkrai|
|teampreview
|inactive|Battle timer is ON: inactive players will automatically lose when time's up. (requested by i_love_lulu)
|inactive|i_love_lulu has 120 seconds left.
|inactive|i_love_lulu has 90 seconds left.
|
|t:|1776062517
|teamsize|p1|6
|teamsize|p2|6
|start
|switch|p1a: Ninetales|Ninetales, F, shiny|100/100
|switch|p2a: Hephaepstein|Heatran, M|100/100
|-weather|SunnyDay|[from] ability: Drought|[of] p1a: Ninetales
|-item|p2a: Hephaepstein|Air Balloon
|turn|1
|
|t:|1776062533
|switch|p1a: Walking Wake|Walking Wake|100/100
|-activate|p1a: Walking Wake|ability: Protosynthesis
|-start|p1a: Walking Wake|protosynthesisspa
|move|p2a: Hephaepstein|Stealth Rock|p1a: Walking Wake
|-sidestart|p1: DarkAngel205|move: Stealth Rock
|
|-weather|SunnyDay|[upkeep]
|upkeep
|turn|2
|inactive|i_love_lulu has 120 seconds left.
|inactive|i_love_lulu has 90 seconds left.
|
|t:|1776062603
|move|p2a: Hephaepstein|Protect|p2a: Hephaepstein
|-singleturn|p2a: Hephaepstein|Protect
|move|p1a: Walking Wake|Hydro Steam|p2a: Hephaepstein
|-activate|p2a: Hephaepstein|move: Protect
|
|-weather|SunnyDay|[upkeep]
|upkeep
|turn|3
|
|t:|1776062608
|switch|p2a: The Squiddler|Tentacruel, M, shiny|100/100
|move|p1a: Walking Wake|Hydro Steam|p2a: The Squiddler
|-resisted|p2a: The Squiddler
|-damage|p2a: The Squiddler|65/100
|
|-weather|SunnyDay|[upkeep]
|upkeep
|turn|4
|
|t:|1776062611
|move|p1a: Walking Wake|Hydro Steam|p2a: The Squiddler
|-resisted|p2a: The Squiddler
|-damage|p2a: The Squiddler|19/100
|move|p2a: The Squiddler|Knock Off|p1a: Walking Wake
|-damage|p1a: Walking Wake|85/100
|-enditem|p1a: Walking Wake|Metronome|[from] move: Knock Off|[of] p2a: The Squiddler
|
|-weather|SunnyDay|[upkeep]
|upkeep
|turn|5
|
|t:|1776062618
|move|p1a: Walking Wake|Hydro Steam|p2a: The Squiddler
|-resisted|p2a: The Squiddler
|-crit|p2a: The Squiddler
|-damage|p2a: The Squiddler|0 fnt
|faint|p2a: The Squiddler
|
|-weather|SunnyDay|[upkeep]
|upkeep
|inactive|i_love_lulu has 90 seconds left.
|
|t:|1776062655
|switch|p2a: Charlie Kirsch|Sinistcha|100/100
|turn|6
|
|t:|1776062657
|move|p1a: Walking Wake|Flamethrower|p2a: Charlie Kirsch
|-supereffective|p2a: Charlie Kirsch
|-damage|p2a: Charlie Kirsch|32/100
|move|p2a: Charlie Kirsch|Matcha Gotcha|p1a: Walking Wake
|-damage|p1a: Walking Wake|44/100
|-heal|p2a: Charlie Kirsch|52/100|[from] drain|[of] p1a: Walking Wake
|
|-weather|SunnyDay|[upkeep]
|upkeep
|turn|7
|inactive|i_love_lulu has 90 seconds left.
|
|t:|1776062685
|move|p1a: Walking Wake|Flamethrower|p2a: Charlie Kirsch
|-supereffective|p2a: Charlie Kirsch
|-damage|p2a: Charlie Kirsch|0 fnt
|faint|p2a: Charlie Kirsch
|
|-weather|SunnyDay|[upkeep]
|upkeep
|-message|i_love_lulu forfeited.
|
|win|DarkAngel205
|raw|DarkAngel205's rating: 1363 &rarr; <strong>1381</strong><br />(+18 for winning)
|raw|i_love_lulu's rating: 1327 &rarr; <strong>1309</strong><br />(-18 for losing)
|l|☆i_love_lulu
|player|p2|
|l|☆DarkAngel205
|player|p1|
