|html|<div class="broadcast-blue"><strong>[Gen 9] OU is currently suspecting Tera Blast! For information on how to participate check out the <a href="https://www.smogon.com/tools/suspects/view/200">suspect thread</a>.</strong></div>
|j|☆bonczy
|j|☆sanicnate
|t:|1776270224
|gametype|singles
|player|p1|bonczy|blue-gen3two|1315
|player|p2|sanicnate|lucas-gen4pt|1294
|gen|9
|tier|[Gen 9] OU
|rated|
|rule|HP Percentage Mod: HP is shown in percentages
|rule|Endless Battle Clause: Forcing endless battles is banned
|rule|Species Clause: Limit one of each Pokémon
|rule|OHKO Clause: OHKO moves are banned
|rule|Evasion Items Clause: Evasion items are banned
|rule|Evasion Moves Clause: Evasion moves are banned
|rule|Evasion Abilities Clause: Evasion abilities are banned
|rule|Sleep Moves Clause: Sleep-inducing moves are banned
|clearpoke
|poke|p1|Latias, F|
|poke|p1|Grimmsnarl, M|
|poke|p1|Gholdengo|
|poke|p1|Raging Bolt|
|poke|p1|Ogerpon-Wellspring, F|
|poke|p1|Great Tusk|
|poke|p2|Dragonite, M|
|poke|p2|Dragapult, M|
|poke|p2|Gholdengo|
|poke|p2|Great Tusk|
|poke|p2|Rotom-Wash|
|poke|p2|Kingambit, M|
|teampreview
|inactive|Battle timer is ON: inactive players will automatically lose when time's up. (requested by sanicnate)
|
|t:|1776270235
|teamsize|p1|6
|teamsize|p2|6
|start
|switch|p1a: SURPRISE|Grimmsnarl, M|100/100
|switch|p2a: Kingambit|Kingambit, M, shiny|100/100
|turn|1
|
|t:|1776270246
|move|p1a: SURPRISE|Reflect|p1a: SURPRISE
|-sidestart|p1: bonczy|Reflect
|move|p2a: Kingambit|Swords Dance|p2a: Kingambit
|-boost|p2a: Kingambit|atk|2
|
|upkeep
|turn|2
|
|t:|1776270257
|switch|p1a: Great Name|Great Tusk|100/100
|-enditem|p1a: Great Name|Booster Energy
|-activate|p1a: Great Name|ability: Protosynthesis|[fromitem]
|-start|p1a: Great Name|protosynthesisatk
|move|p2a: Kingambit|Swords Dance|p2a: Kingambit
|-boost|p2a: Kingambit|atk|2
|
|upkeep
|turn|3
|
|t:|1776270274
|-end|p2a: Kingambit|fallenundefined|[silent]
|switch|p2a: Rotom|Rotom-Wash|100/100
|move|p1a: Great Name|Bulk Up|p1a: Great Name
|-boost|p1a: Great Name|atk|1
|-boost|p1a: Great Name|def|1
|
|upkeep
|turn|4
|
|t:|1776270296
|-end|p1a: Great Name|Protosynthesis|[silent]
|switch|p1a: SURPRISE|Grimmsnarl, M|100/100
|move|p2a: Rotom|Will-O-Wisp|p1a: SURPRISE
|-status|p1a: SURPRISE|brn
|
|-damage|p1a: SURPRISE|94/100 brn|[from] brn
|upkeep
|turn|5
|
|t:|1776270307
|move|p1a: SURPRISE|Light Screen|p1a: SURPRISE
|-sidestart|p1: bonczy|move: Light Screen
|move|p2a: Rotom|Volt Switch|p1a: SURPRISE
|-damage|p1a: SURPRISE|80/100 brn
|
|t:|1776270313
|switch|p2a: Kingambit|Kingambit, M, shiny|100/100|[from] Volt Switch
|
|-damage|p1a: SURPRISE|74/100 brn|[from] brn
|upkeep
|turn|6
|
|t:|1776270321
|switch|p1a: Great Name|Great Tusk|100/100
|-end|p2a: Kingambit|fallenundefined|[silent]
|switch|p2a: Gholdengo|Gholdengo|100/100
|-item|p2a: Gholdengo|Air Balloon
|
|upkeep
|turn|7
|
|t:|1776270340
|move|p1a: Great Name|Ice Spinner|p2a: Gholdengo
|-resisted|p2a: Gholdengo
|-damage|p2a: Gholdengo|86/100
|-enditem|p2a: Gholdengo|Air Balloon
|move|p2a: Gholdengo|Nasty Plot|p2a: Gholdengo
|-boost|p2a: Gholdengo|spa|2
|
|upkeep
|turn|8
|
|t:|1776270367
|move|p1a: Great Name|Stone Edge|p2a: Gholdengo
|-resisted|p2a: Gholdengo
|-damage|p2a: Gholdengo|66/100
|move|p2a: Gholdengo|Make It Rain|p1a: Great Name
|-damage|p1a: Great Name|0 fnt
|-unboost|p2a: Gholdengo|spa|1
|faint|p1a: Great Name
|-end|p1a: Great Name|Protosynthesis|[silent]
|
|-sideend|p1: bonczy|Reflect
|upkeep
|inactive|bonczy has 120 seconds left.
|
|t:|1776270378
|switch|p1a: Latias|Latias, F|100/100
|turn|9
|inactive|bonczy has 120 seconds left.
|
|t:|1776270408
|switch|p1a: SURPRISE|Grimmsnarl, M|74/100 brn
|move|p2a: Gholdengo|Shadow Ball|p1a: SURPRISE
|-resisted|p1a: SURPRISE
|-crit|p1a: SURPRISE
|-damage|p1a: SURPRISE|19/100 brn
|
|-damage|p1a: SURPRISE|13/100 brn|[from] brn
|upkeep
|turn|10
|
|t:|1776270417
|move|p1a: SURPRISE|Reflect|p1a: SURPRISE
|-sidestart|p1: bonczy|Reflect
|move|p2a: Gholdengo|Recover|p2a: Gholdengo
|-heal|p2a: Gholdengo|100/100
|
|-damage|p1a: SURPRISE|7/100 brn|[from] brn
|upkeep
|turn|11
|inactive|bonczy has 120 seconds left.
|
|t:|1776270438
|switch|p1a: Mt. Thunder|Raging Bolt|100/100
|-enditem|p1a: Mt. Thunder|Booster Energy
|-activate|p1a: Mt. Thunder|ability: Protosynthesis|[fromitem]
|-start|p1a: Mt. Thunder|protosynthesisspa
|move|p2a: Gholdengo|Nasty Plot|p2a: Gholdengo
|-boost|p2a: Gholdengo|spa|2
|
|upkeep
|turn|12
|inactive|bonczy has 120 seconds left.
|
|t:|1776270458
|move|p2a: Gholdengo|Shadow Ball|p1a: Mt. Thunder
|-damage|p1a: Mt. Thunder|47/100
|move|p1a: Mt. Thunder|Calm Mind|p1a: Mt. Thunder
|-boost|p1a: Mt. Thunder|spa|1
|-boost|p1a: Mt. Thunder|spd|1
|
|-sideend|p1: bonczy|move: Light Screen
|upkeep
|turn|13
|
|t:|1776270467
|move|p1a: Mt. Thunder|Thunderclap|p2a: Gholdengo
|-damage|p2a: Gholdengo|2/100
|move|p2a: Gholdengo|Shadow Ball|p1a: Mt. Thunder
|-damage|p1a: Mt. Thunder|0 fnt
|faint|p1a: Mt. Thunder
|-end|p1a: Mt. Thunder|Protosynthesis|[silent]
|
|upkeep
|
|t:|1776270478
|switch|p1a: SURPRISE|Grimmsnarl, M|7/100 brn
|turn|14
|inactive|sanicnate has 120 seconds left.
|
|t:|1776270511
|move|p1a: SURPRISE|Light Screen|p1a: SURPRISE
|-sidestart|p1: bonczy|move: Light Screen
|move|p2a: Gholdengo|Recover|p2a: Gholdengo
|-heal|p2a: Gholdengo|52/100
|
|-damage|p1a: SURPRISE|0 fnt|[from] brn
|faint|p1a: SURPRISE
|upkeep
|
|t:|1776270532
|switch|p1a: Latias|Latias, F|100/100
|turn|15
|inactive|sanicnate has 120 seconds left.
|
|t:|1776270568
|move|p1a: Latias|Calm Mind|p1a: Latias
|-boost|p1a: Latias|spa|1
|-boost|p1a: Latias|spd|1
|move|p2a: Gholdengo|Shadow Ball|p1a: Latias
|-supereffective|p1a: Latias
|-damage|p1a: Latias|47/100
|-enditem|p1a: Latias|Weakness Policy
|-boost|p1a: Latias|atk|2|[from] item: Weakness Policy
|-boost|p1a: Latias|spa|2|[from] item: Weakness Policy
|
|upkeep
|turn|16
|inactive|bonczy has 90 seconds left.
|
|t:|1776270597
|move|p1a: Latias|Stored Power|p2a: Gholdengo
|-resisted|p2a: Gholdengo
|-damage|p2a: Gholdengo|0 fnt
|faint|p2a: Gholdengo
|
|upkeep
|
|t:|1776270608
|switch|p2a: Dragapult|Dragapult, M, shiny|100/100
|turn|17
|
|t:|1776270618
|-terastallize|p1a: Latias|Fairy
|move|p2a: Dragapult|Shadow Ball|p1a: Latias
|-damage|p1a: Latias|20/100
|move|p1a: Latias|Agility|p1a: Latias
|-boost|p1a: Latias|spe|2
|
|-sideend|p1: bonczy|Reflect
|upkeep
|turn|18
|inactive|sanicnate has 120 seconds left.
|inactive|bonczy has 90 seconds left.
|
|t:|1776270637
|switch|p2a: Kingambit|Kingambit, M, shiny|100/100
|-activate|p2a: Kingambit|ability: Supreme Overlord
|-start|p2a: Kingambit|fallen1|[silent]
|move|p1a: Latias|Draining Kiss|p2a: Kingambit
|-damage|p2a: Kingambit|42/100
|-heal|p1a: Latias|69/100|[from] drain|[of] p2a: Kingambit
|
|upkeep
|turn|19
|
|t:|1776270646
|move|p1a: Latias|Draining Kiss|p2a: Kingambit
|-damage|p2a: Kingambit|0 fnt
|-heal|p1a: Latias|100/100|[from] drain|[of] p2a: Kingambit
|faint|p2a: Kingambit
|-end|p2a: Kingambit|fallen1|[silent]
|
|upkeep
|inactive|sanicnate has 120 seconds left.
|
|t:|1776270660
|switch|p2a: Dragonite|Dragonite, M|100/100
|turn|20
|
|t:|1776270671
|-terastallize|p2a: Dragonite|Normal
|move|p1a: Latias|Stored Power|p2a: Dragonite
|-damage|p2a: Dragonite|5/100
|move|p2a: Dragonite|Dragon Dance|p2a: Dragonite
|-boost|p2a: Dragonite|atk|1
|-boost|p2a: Dragonite|spe|1
|
|upkeep
|turn|21
|
|t:|1776270682
|move|p2a: Dragonite|Extreme Speed|p1a: Latias
|-damage|p1a: Latias|33/100
|move|p1a: Latias|Stored Power|p2a: Dragonite
|-damage|p2a: Dragonite|0 fnt
|faint|p2a: Dragonite
|
|-sideend|p1: bonczy|move: Light Screen
|upkeep
|
|t:|1776270687
|switch|p2a: Dragapult|Dragapult, M, shiny|100/100
|turn|22
|
|t:|1776270698
|move|p1a: Latias|Draining Kiss|p2a: Dragapult
|-supereffective|p2a: Dragapult
|-damage|p2a: Dragapult|0 fnt
|-heal|p1a: Latias|99/100|[from] drain|[of] p2a: Dragapult
|faint|p2a: Dragapult
|
|upkeep
|-message|sanicnate forfeited.
|
|win|bonczy
|raw|bonczy's rating: 1315 &rarr; <strong>1334</strong><br />(+19 for winning)
|raw|sanicnate's rating: 1294 &rarr; <strong>1271</strong><br />(-23 for losing)
|l|☆sanicnate
|player|p2|
