|html|<div class="broadcast-blue"><strong>[Gen 9] OU is currently suspecting Tera Blast! For information on how to participate check out the <a href="https://www.smogon.com/tools/suspects/view/200">suspect thread</a>.</strong></div>
|j|☆magikirbo
|j|☆Cid_Kage16
|t:|1776082218
|gametype|singles
|player|p1|magikirbo|102|1251
|player|p2|Cid_Kage16|101|1264
|gen|9
|tier|[Gen 9] OU
|rated|
|rule|HP Percentage Mod: HP is shown in percentages
|rule|Endless Battle Clause: Forcing endless battles is banned
|rule|Species Clause: Limit one of each Pokémon
|rule|OHKO Clause: OHKO moves are banned
|rule|Evasion Items Clause: Evasion items are banned
|rule|Evasion Moves Clause: Evasion moves are banned
|rule|Evasion Abilities Clause: Evasion abilities are banned
|rule|Sleep Moves Clause: Sleep-inducing moves are banned
|clearpoke
|poke|p1|Iron Valiant|
|poke|p1|Blastoise, F|
|poke|p1|Great Tusk|
|poke|p1|Dragapult, F|
|poke|p1|Meowscarada, M|
|poke|p1|Kingambit, M|
|poke|p2|Dragapult, F|
|poke|p2|Primarina, F|
|poke|p2|Darkrai|
|poke|p2|Iron Treads|
|poke|p2|Ceruledge, M|
|poke|p2|Landorus-Therian, M|
|teampreview
|
|t:|1776082228
|teamsize|p1|6
|teamsize|p2|6
|start
|switch|p1a: Iron Valiant|Iron Valiant|100/100
|switch|p2a: Landorus|Landorus-Therian, M, shiny|100/100
|-ability|p2a: Landorus|Intimidate|boost
|-unboost|p1a: Iron Valiant|atk|1
|-enditem|p1a: Iron Valiant|Booster Energy
|-activate|p1a: Iron Valiant|ability: Quark Drive|[fromitem]
|-start|p1a: Iron Valiant|quarkdrivespe
|turn|1
|
|t:|1776082249
|move|p1a: Iron Valiant|Moonblast|p2a: Landorus
|-damage|p2a: Landorus|52/100
|move|p2a: Landorus|Stealth Rock|p1a: Iron Valiant
|-sidestart|p1: magikirbo|move: Stealth Rock
|
|-heal|p2a: Landorus|58/100|[from] item: Leftovers
|upkeep
|turn|2
|
|t:|1776082265
|-end|p1a: Iron Valiant|Quark Drive|[silent]
|switch|p1a: Blastoise|Blastoise, F, shiny|100/100
|-damage|p1a: Blastoise|88/100|[from] Stealth Rock
|move|p2a: Landorus|Earthquake|p1a: Blastoise
|-damage|p1a: Blastoise|33/100
|
|-heal|p2a: Landorus|64/100|[from] item: Leftovers
|upkeep
|turn|3
|
|t:|1776082276
|switch|p2a: Primarina|Primarina, F, shiny|100/100
|move|p1a: Blastoise|Aqua Jet|p2a: Primarina
|-resisted|p2a: Primarina
|-damage|p2a: Primarina|83/100
|
|-heal|p2a: Primarina|89/100|[from] item: Leftovers
|upkeep
|turn|4
|
|t:|1776082289
|switch|p1a: Meowscarada|Meowscarada, M|100/100
|-damage|p1a: Meowscarada|88/100|[from] Stealth Rock
|move|p2a: Primarina|Energy Ball|p1a: Meowscarada
|-resisted|p1a: Meowscarada
|-damage|p1a: Meowscarada|64/100
|
|-heal|p2a: Primarina|95/100|[from] item: Leftovers
|upkeep
|turn|5
|
|t:|1776082301
|switch|p2a: Landorus|Landorus-Therian, M, shiny|64/100
|-ability|p2a: Landorus|Intimidate|boost
|-unboost|p1a: Meowscarada|atk|1
|move|p1a: Meowscarada|Flower Trick|p2a: Landorus
|-crit|p2a: Landorus
|-damage|p2a: Landorus|7/100
|
|-heal|p2a: Landorus|13/100|[from] item: Leftovers
|upkeep
|turn|6
|
|t:|1776082315
|move|p1a: Meowscarada|Flower Trick|p2a: Landorus
|-crit|p2a: Landorus
|-damage|p2a: Landorus|0 fnt
|faint|p2a: Landorus
|
|upkeep
|
|t:|1776082321
|switch|p2a: Darkrai|Darkrai|100/100
|turn|7
|
|t:|1776082330
|switch|p1a: Great Tusk|Great Tusk|100/100
|move|p2a: Darkrai|Sludge Bomb|p1a: Great Tusk
|-resisted|p1a: Great Tusk
|-damage|p1a: Great Tusk|75/100
|-status|p1a: Great Tusk|psn
|
|-damage|p1a: Great Tusk|62/100 psn|[from] psn
|upkeep
|turn|8
|
|t:|1776082339
|move|p2a: Darkrai|Ice Beam|p1a: Great Tusk
|-supereffective|p1a: Great Tusk
|-damage|p1a: Great Tusk|0 fnt
|faint|p1a: Great Tusk
|-end|p1a: Great Tusk|Protosynthesis|[silent]
|
|upkeep
|
|t:|1776082345
|switch|p1a: Iron Valiant|Iron Valiant|100/100
|-damage|p1a: Iron Valiant|94/100|[from] Stealth Rock
|turn|9
|
|t:|1776082352
|-terastallize|p1a: Iron Valiant|Steel
|move|p2a: Darkrai|Sludge Bomb|p1a: Iron Valiant
|-immune|p1a: Iron Valiant
|move|p1a: Iron Valiant|Moonblast|p2a: Darkrai
|-supereffective|p2a: Darkrai
|-damage|p2a: Darkrai|0 fnt
|faint|p2a: Darkrai
|
|upkeep
|
|t:|1776082361
|switch|p2a: Ceruledge|Ceruledge, M, shiny|100/100
|turn|10
|
|t:|1776082370
|move|p1a: Iron Valiant|Shadow Ball|p2a: Ceruledge
|-supereffective|p2a: Ceruledge
|-damage|p2a: Ceruledge|35/100
|-unboost|p2a: Ceruledge|spd|1
|move|p2a: Ceruledge|Bitter Blade|p1a: Iron Valiant
|-supereffective|p1a: Iron Valiant
|-damage|p1a: Iron Valiant|0 fnt
|-heal|p2a: Ceruledge|82/100|[from] drain|[of] p1a: Iron Valiant
|faint|p1a: Iron Valiant
|-end|p1a: Iron Valiant|Quark Drive|[silent]
|
|upkeep
|
|t:|1776082384
|switch|p1a: Dragapult|Dragapult, F|100/100
|-damage|p1a: Dragapult|88/100|[from] Stealth Rock
|turn|11
|
|t:|1776082391
|move|p2a: Ceruledge|Shadow Sneak|p1a: Dragapult
|-supereffective|p1a: Dragapult
|-crit|p1a: Dragapult
|-damage|p1a: Dragapult|0 fnt
|faint|p1a: Dragapult
|
|upkeep
|
|t:|1776082396
|switch|p1a: Kingambit|Kingambit, M|100/100
|-damage|p1a: Kingambit|94/100|[from] Stealth Rock
|-activate|p1a: Kingambit|ability: Supreme Overlord
|-start|p1a: Kingambit|fallen3|[silent]
|turn|12
|
|t:|1776082403
|-terastallize|p2a: Ceruledge|Fairy
|move|p1a: Kingambit|Sucker Punch|p2a: Ceruledge
|-resisted|p2a: Ceruledge
|-damage|p2a: Ceruledge|44/100
|-ability|p2a: Ceruledge|Weak Armor|boost
|-unboost|p2a: Ceruledge|def|1
|-boost|p2a: Ceruledge|spe|2
|move|p2a: Ceruledge|Close Combat|p1a: Kingambit
|-supereffective|p1a: Kingambit
|-damage|p1a: Kingambit|0 fnt
|-unboost|p2a: Ceruledge|def|1
|-unboost|p2a: Ceruledge|spd|1
|faint|p1a: Kingambit
|-end|p1a: Kingambit|fallen3|[silent]
|
|upkeep
|
|t:|1776082416
|switch|p1a: Blastoise|Blastoise, F, shiny|33/100
|-damage|p1a: Blastoise|21/100|[from] Stealth Rock
|turn|13
|
|t:|1776082422
|move|p1a: Blastoise|Aqua Jet|p2a: Ceruledge
|-damage|p2a: Ceruledge|0 fnt
|faint|p2a: Ceruledge
|
|upkeep
|
|t:|1776082428
|switch|p2a: Dragapult|Dragapult, F, shiny|100/100
|turn|14
|
|t:|1776082434
|move|p1a: Blastoise|Aqua Jet|p2a: Dragapult
|-resisted|p2a: Dragapult
|-damage|p2a: Dragapult|83/100
|move|p2a: Dragapult|Thunder Wave|p1a: Blastoise
|-status|p1a: Blastoise|par
|
|upkeep
|turn|15
|
|t:|1776082441
|move|p1a: Blastoise|Aqua Jet|p2a: Dragapult
|-resisted|p2a: Dragapult
|-damage|p2a: Dragapult|67/100
|move|p2a: Dragapult|Hex|p1a: Blastoise
|-damage|p1a: Blastoise|0 fnt
|faint|p1a: Blastoise
|
|upkeep
|
|t:|1776082448
|switch|p1a: Meowscarada|Meowscarada, M|64/100
|-damage|p1a: Meowscarada|52/100|[from] Stealth Rock
|turn|16
|
|t:|1776082456
|move|p2a: Dragapult|Flamethrower|p1a: Meowscarada
|-supereffective|p1a: Meowscarada
|-damage|p1a: Meowscarada|0 fnt
|faint|p1a: Meowscarada
|
|win|Cid_Kage16
|raw|magikirbo's rating: 1251 &rarr; <strong>1227</strong><br />(-24 for losing)
|raw|Cid_Kage16's rating: 1264 &rarr; <strong>1288</strong><br />(+24 for winning)
|l|☆Cid_Kage16
|player|p2|
