|html|<div class="broadcast-blue"><strong>[Gen 9] OU is currently suspecting Tera Blast! For information on how to participate check out the <a href="https://www.smogon.com/tools/suspects/view/200">suspect thread</a>.</strong></div>
|j|☆sorry4usingstall
|j|☆Kochu_shak
|t:|1776139861
|gametype|singles
|player|p1|sorry4usingstall|colress|1583
|player|p2|Kochu_shak|morty-masters2|1736
|gen|9
|tier|[Gen 9] OU
|rated|
|rule|HP Percentage Mod: HP is shown in percentages
|rule|Endless Battle Clause: Forcing endless battles is banned
|rule|Species Clause: Limit one of each Pokémon
|rule|OHKO Clause: OHKO moves are banned
|rule|Evasion Items Clause: Evasion items are banned
|rule|Evasion Moves Clause: Evasion moves are banned
|rule|Evasion Abilities Clause: Evasion abilities are banned
|rule|Sleep Moves Clause: Sleep-inducing moves are banned
|clearpoke
|poke|p1|Clodsire, M|
|poke|p1|Dondozo, M|
|poke|p1|Alomomola, F|
|poke|p1|Talonflame, M|
|poke|p1|Toxapex, F|
|poke|p1|Blissey, F|
|poke|p2|Araquanid, F|
|poke|p2|Gholdengo|
|poke|p2|Iron Moth|
|poke|p2|Iron Valiant|
|poke|p2|Raging Bolt|
|poke|p2|Kingambit, F|
|teampreview
|inactive|Battle timer is ON: inactive players will automatically lose when time's up. (requested by Kochu_shak)
|j| ohko_smeargle
|inactive|Kochu_shak has 120 seconds left.
|
|t:|1776139903
|teamsize|p1|6
|teamsize|p2|6
|start
|switch|p1a: Toxapex|Toxapex, F|100/100
|switch|p2a: QUIL|Araquanid, F|100/100
|turn|1
|
|t:|1776139906
|move|p2a: QUIL|Sticky Web|p1a: Toxapex
|-sidestart|p1: sorry4usingstall|move: Sticky Web
|move|p1a: Toxapex|Infestation|p2a: QUIL
|-damage|p2a: QUIL|99/100
|-activate|p2a: QUIL|move: Infestation|[of] p1a: Toxapex
|
|-damage|p2a: QUIL|86/100|[from] move: Infestation|[partiallytrapped]
|upkeep
|turn|2
|
|t:|1776139912
|move|p2a: QUIL|Surf|p1a: Toxapex
|-resisted|p1a: Toxapex
|-damage|p1a: Toxapex|86/100
|move|p1a: Toxapex|Toxic|p2a: QUIL
|-status|p2a: QUIL|tox
|
|-damage|p2a: QUIL|80/100 tox|[from] psn
|-damage|p2a: QUIL|68/100 tox|[from] move: Infestation|[partiallytrapped]
|upkeep
|turn|3
|
|t:|1776139916
|move|p2a: QUIL|Surf|p1a: Toxapex
|-resisted|p1a: Toxapex
|-damage|p1a: Toxapex|70/100
|move|p1a: Toxapex|Infestation|p2a: QUIL
|-damage|p2a: QUIL|66/100 tox
|
|-damage|p2a: QUIL|53/100 tox|[from] psn
|-damage|p2a: QUIL|41/100 tox|[from] move: Infestation|[partiallytrapped]
|upkeep
|turn|4
|
|t:|1776139921
|move|p2a: QUIL|Endeavor|p1a: Toxapex
|-damage|p1a: Toxapex|46/100
|move|p1a: Toxapex|Recover|p1a: Toxapex
|-heal|p1a: Toxapex|96/100
|
|-damage|p2a: QUIL|23/100 tox|[from] psn
|-damage|p2a: QUIL|10/100 tox|[from] move: Infestation|[partiallytrapped]
|upkeep
|turn|5
|-enditem|p2a: QUIL|Custap Berry|[eat]
|-activate|p2a: QUIL|item: Custap Berry|[consumed]
|
|t:|1776139925
|move|p2a: QUIL|Endeavor|p1a: Toxapex
|-damage|p1a: Toxapex|11/100
|move|p1a: Toxapex|Recover|p1a: Toxapex
|-heal|p1a: Toxapex|61/100
|
|-damage|p2a: QUIL|0 fnt|[from] psn
|faint|p2a: QUIL
|upkeep
|
|t:|1776139929
|switch|p2a: DELI|Raging Bolt|100/100
|-enditem|p2a: DELI|Booster Energy
|-activate|p2a: DELI|ability: Protosynthesis|[fromitem]
|-start|p2a: DELI|protosynthesisspa
|turn|6
|
|t:|1776139932
|switch|p1a: Blissey|Blissey, F|100/100
|move|p2a: DELI|Dragon Pulse|p1a: Blissey
|-damage|p1a: Blissey|83/100
|
|upkeep
|turn|7
|
|t:|1776139937
|move|p2a: DELI|Calm Mind|p2a: DELI
|-boost|p2a: DELI|spa|1
|-boost|p2a: DELI|spd|1
|move|p1a: Blissey|Stealth Rock|p2a: DELI
|-sidestart|p2: Kochu_shak|move: Stealth Rock
|
|upkeep
|turn|8
|
|t:|1776139940
|switch|p1a: Clodsire|Clodsire, M|100/100
|move|p2a: DELI|Calm Mind|p2a: DELI
|-boost|p2a: DELI|spa|1
|-boost|p2a: DELI|spd|1
|
|upkeep
|turn|9
|
|t:|1776139943
|move|p2a: DELI|Dragon Pulse|p1a: Clodsire
|-damage|p1a: Clodsire|67/100
|move|p1a: Clodsire|Toxic|p2a: DELI
|-status|p2a: DELI|tox
|
|-damage|p2a: DELI|94/100 tox|[from] psn
|upkeep
|turn|10
|
|t:|1776139948
|move|p2a: DELI|Dragon Pulse|p1a: Clodsire
|-damage|p1a: Clodsire|32/100
|move|p1a: Clodsire|Recover|p1a: Clodsire
|-heal|p1a: Clodsire|82/100
|
|-damage|p2a: DELI|82/100 tox|[from] psn
|upkeep
|turn|11
|
|t:|1776139953
|move|p2a: DELI|Dragon Pulse|p1a: Clodsire
|-damage|p1a: Clodsire|45/100
|move|p1a: Clodsire|Earthquake|p2a: DELI
|-supereffective|p2a: DELI
|-damage|p2a: DELI|32/100 tox
|
|-damage|p2a: DELI|14/100 tox|[from] psn
|upkeep
|turn|12
|
|t:|1776139956
|move|p2a: DELI|Dragon Pulse|p1a: Clodsire
|-damage|p1a: Clodsire|8/100
|move|p1a: Clodsire|Recover|p1a: Clodsire
|-heal|p1a: Clodsire|58/100
|
|-damage|p2a: DELI|0 fnt|[from] psn
|faint|p2a: DELI
|-end|p2a: DELI|Protosynthesis|[silent]
|upkeep
|
|t:|1776139967
|switch|p2a: TREE?|Gholdengo|100/100
|-damage|p2a: TREE?|94/100|[from] Stealth Rock
|-item|p2a: TREE?|Air Balloon
|turn|13
|
|t:|1776139971
|switch|p1a: Blissey|Blissey, F|83/100
|move|p2a: TREE?|Nasty Plot|p2a: TREE?
|-boost|p2a: TREE?|spa|2
|
|upkeep
|turn|14
|
|t:|1776139975
|move|p2a: TREE?|Nasty Plot|p2a: TREE?
|-boost|p2a: TREE?|spa|2
|move|p1a: Blissey|Shadow Ball|p2a: TREE?
|-supereffective|p2a: TREE?
|-damage|p2a: TREE?|58/100
|-enditem|p2a: TREE?|Air Balloon
|
|upkeep
|turn|15
|
|t:|1776139985
|move|p2a: TREE?|Psyshock|p1a: Blissey
|-damage|p1a: Blissey|0 fnt
|faint|p1a: Blissey
|
|upkeep
|
|t:|1776139997
|switch|p1a: Clodsire|Clodsire, M|58/100
|turn|16
|
|t:|1776140009
|-terastallize|p1a: Clodsire|Psychic
|move|p2a: TREE?|Psyshock|p1a: Clodsire
|-resisted|p1a: Clodsire
|-damage|p1a: Clodsire|42/100
|move|p1a: Clodsire|Recover|p1a: Clodsire
|-heal|p1a: Clodsire|92/100
|
|upkeep
|turn|17
|l|☆Kochu_shak
|inactive|Kochu_shak disconnected and has a minute to reconnect!
|player|p2|
|j|☆Kochu_shak
|inactive|Kochu_shak reconnected and has 120 seconds left.
|player|p2|Kochu_shak|morty-masters2|
|
|t:|1776140068
|-terastallize|p2a: TREE?|Flying
|move|p2a: TREE?|Shadow Ball|p1a: Clodsire
|-supereffective|p1a: Clodsire
|-damage|p1a: Clodsire|48/100
|-unboost|p1a: Clodsire|spd|1
|move|p1a: Clodsire|Earthquake|p2a: TREE?
|-immune|p2a: TREE?
|
|upkeep
|turn|18
|
|t:|1776140077
|switch|p1a: Dondozo|Dondozo, M|100/100
|move|p2a: TREE?|Shadow Ball|p1a: Dondozo
|-damage|p1a: Dondozo|61/100
|-unboost|p1a: Dondozo|spd|1
|
|upkeep
|turn|19
|-message|sorry4usingstall forfeited.
|
|win|Kochu_shak
|raw|sorry4usingstall's rating: 1583 &rarr; <strong>1571</strong><br />(-12 for losing)
|raw|Kochu_shak's rating: 1736 &rarr; <strong>1748</strong><br />(+12 for winning)
|l|☆sorry4usingstall
|player|p1|
|l| ohko_smeargle
