|html|<div class="broadcast-blue"><strong>[Gen 9] OU is currently suspecting Tera Blast! For information on how to participate check out the <a href="https://www.smogon.com/tools/suspects/view/200">suspect thread</a>.</strong></div>
|j|‽Markknight05
|j|☆bluepinto
|t:|1776044162
|gametype|singles
|player|p1|Markknight05|169|1226
|player|p2|bluepinto|blue|1212
|gen|9
|tier|[Gen 9] OU
|rated|
|rule|HP Percentage Mod: HP is shown in percentages
|rule|Endless Battle Clause: Forcing endless battles is banned
|rule|Species Clause: Limit one of each Pokémon
|rule|OHKO Clause: OHKO moves are banned
|rule|Evasion Items Clause: Evasion items are banned
|rule|Evasion Moves Clause: Evasion moves are banned
|rule|Evasion Abilities Clause: Evasion abilities are banned
|rule|Sleep Moves Clause: Sleep-inducing moves are banned
|clearpoke
|poke|p1|Delphox, M|
|poke|p1|Araquanid, M|
|poke|p1|Sinistcha|
|poke|p1|Iron Treads|
|poke|p1|Pawmot, F|
|poke|p1|Enamorus, F|
|poke|p2|Kommo-o, M|
|poke|p2|Hatterene, F|
|poke|p2|Gliscor, M|
|poke|p2|Galvantula, M|
|poke|p2|Iron Moth|
|poke|p2|Quaquaval, F|
|teampreview
|inactive|Battle timer is ON: inactive players will automatically lose when time's up. (requested by bluepinto)
|
|t:|1776044170
|teamsize|p1|6
|teamsize|p2|6
|start
|switch|p1a: Delphox|Delphox, M|100/100
|switch|p2a: Fluoxetina|Quaquaval, F, shiny|100/100
|turn|1
|
|t:|1776044190
|move|p1a: Delphox|Future Sight|p2a: Fluoxetina
|-start|p1a: Delphox|move: Future Sight
|move|p2a: Fluoxetina|Aqua Step|p1a: Delphox
|-supereffective|p1a: Delphox
|-crit|p1a: Delphox
|-damage|p1a: Delphox|0 fnt
|-boost|p2a: Fluoxetina|spe|1
|faint|p1a: Delphox
|-ability|p2a: Fluoxetina|Moxie|boost
|-boost|p2a: Fluoxetina|atk|1
|
|upkeep
|
|t:|1776044200
|switch|p1a: Araquanid|Araquanid, M|100/100
|turn|2
|
|t:|1776044206
|switch|p2a: Ozempic|Galvantula, M|100/100
|move|p1a: Araquanid|Sticky Web|p2a: Ozempic
|-sidestart|p2: bluepinto|move: Sticky Web
|
|upkeep
|turn|3
|
|t:|1776044218
|switch|p1a: Iron Treads|Iron Treads|100/100
|move|p2a: Ozempic|Thunder|p1a: Iron Treads
|-immune|p1a: Iron Treads
|
|-end|p2a: Ozempic|move: Future Sight
|-enditem|p2a: Ozempic|Focus Sash
|-damage|p2a: Ozempic|1/100
|upkeep
|turn|4
|
|t:|1776044231
|move|p2a: Ozempic|Giga Drain|p1a: Iron Treads
|-damage|p1a: Iron Treads|87/100
|-heal|p2a: Ozempic|10/100|[from] drain|[of] p1a: Iron Treads
|move|p1a: Iron Treads|Rapid Spin|p2a: Ozempic
|-damage|p2a: Ozempic|0 fnt
|-boost|p1a: Iron Treads|spe|1
|faint|p2a: Ozempic
|
|upkeep
|
|t:|1776044234
|switch|p2a: Fluoxetina|Quaquaval, F, shiny|100/100
|-activate|p2a: Fluoxetina|move: Sticky Web
|-unboost|p2a: Fluoxetina|spe|1
|turn|5
|
|t:|1776044250
|move|p1a: Iron Treads|Volt Switch|p2a: Fluoxetina
|-supereffective|p2a: Fluoxetina
|-damage|p2a: Fluoxetina|72/100
|
|t:|1776044257
|-end|p1a: Iron Treads|Quark Drive|[silent]
|switch|p1a: Sinistcha|Sinistcha|100/100|[from] Volt Switch
|move|p2a: Fluoxetina|Rapid Spin|p1a: Sinistcha
|-immune|p1a: Sinistcha
|
|upkeep
|turn|6
|
|t:|1776044268
|switch|p2a: Monjauro|Gliscor, M, shiny|100/100
|move|p1a: Sinistcha|Shadow Ball|p2a: Monjauro
|-damage|p2a: Monjauro|58/100
|
|-status|p2a: Monjauro|tox|[from] item: Toxic Orb
|upkeep
|turn|7
|
|t:|1776044277
|switch|p1a: Iron Treads|Iron Treads|87/100
|move|p2a: Monjauro|Knock Off|p1a: Iron Treads
|-damage|p1a: Iron Treads|71/100
|-enditem|p1a: Iron Treads|Assault Vest|[from] move: Knock Off|[of] p2a: Monjauro
|
|-heal|p2a: Monjauro|71/100 tox|[from] ability: Poison Heal
|upkeep
|turn|8
|
|t:|1776044289
|switch|p2a: Fluoxetina|Quaquaval, F, shiny|72/100
|-activate|p2a: Fluoxetina|move: Sticky Web
|-unboost|p2a: Fluoxetina|spe|1
|move|p1a: Iron Treads|Ice Spinner|p2a: Fluoxetina
|-resisted|p2a: Fluoxetina
|-damage|p2a: Fluoxetina|55/100
|
|upkeep
|turn|9
|
|t:|1776044297
|move|p1a: Iron Treads|Volt Switch|p2a: Fluoxetina
|-supereffective|p2a: Fluoxetina
|-damage|p2a: Fluoxetina|25/100
|
|t:|1776044300
|-end|p1a: Iron Treads|Quark Drive|[silent]
|switch|p1a: Sinistcha|Sinistcha|100/100|[from] Volt Switch
|move|p2a: Fluoxetina|Ice Spinner|p1a: Sinistcha
|-supereffective|p1a: Sinistcha
|-damage|p1a: Sinistcha|61/100
|
|upkeep
|turn|10
|
|t:|1776044309
|move|p2a: Fluoxetina|Ice Spinner|p1a: Sinistcha
|-supereffective|p1a: Sinistcha
|-damage|p1a: Sinistcha|20/100
|move|p1a: Sinistcha|Strength Sap|p2a: Fluoxetina
|-unboost|p2a: Fluoxetina|atk|1
|-heal|p1a: Sinistcha|100/100
|
|upkeep
|turn|11
|
|t:|1776044319
|move|p2a: Fluoxetina|Ice Spinner|p1a: Sinistcha
|-supereffective|p1a: Sinistcha
|-damage|p1a: Sinistcha|76/100
|move|p1a: Sinistcha|Shadow Ball|p2a: Fluoxetina
|-damage|p2a: Fluoxetina|0 fnt
|faint|p2a: Fluoxetina
|
|upkeep
|
|t:|1776044325
|switch|p2a: Monjauro|Gliscor, M, shiny|71/100 tox
|turn|12
|
|t:|1776044332
|switch|p1a: Araquanid|Araquanid, M|100/100
|move|p2a: Monjauro|Knock Off|p1a: Araquanid
|-damage|p1a: Araquanid|76/100
|-enditem|p1a: Araquanid|Custap Berry|[from] move: Knock Off|[of] p2a: Monjauro
|
|-heal|p2a: Monjauro|83/100 tox|[from] ability: Poison Heal
|upkeep
|turn|13
|
|t:|1776044344
|move|p2a: Monjauro|Toxic|p1a: Araquanid
|-status|p1a: Araquanid|tox
|move|p1a: Araquanid|Liquidation|p2a: Monjauro
|-supereffective|p2a: Monjauro
|-damage|p2a: Monjauro|0 fnt
|faint|p2a: Monjauro
|
|-damage|p1a: Araquanid|70/100 tox|[from] psn
|upkeep
|
|t:|1776044351
|switch|p2a: Zolpidem|Kommo-o, M, shiny|100/100
|-activate|p2a: Zolpidem|move: Sticky Web
|-unboost|p2a: Zolpidem|spe|1
|turn|14
|
|t:|1776044370
|switch|p1a: Enamorus|Enamorus, F|100/100
|-terastallize|p2a: Zolpidem|Steel
|move|p2a: Zolpidem|Clangorous Soul|p2a: Zolpidem
|-boost|p2a: Zolpidem|atk|1
|-boost|p2a: Zolpidem|def|1
|-boost|p2a: Zolpidem|spa|1
|-boost|p2a: Zolpidem|spd|1
|-boost|p2a: Zolpidem|spe|1
|-damage|p2a: Zolpidem|68/100
|-enditem|p2a: Zolpidem|Throat Spray
|-boost|p2a: Zolpidem|spa|1|[from] item: Throat Spray
|
|upkeep
|turn|15
|
|t:|1776044385
|move|p1a: Enamorus|Mystical Fire|p2a: Zolpidem
|-supereffective|p2a: Zolpidem
|-damage|p2a: Zolpidem|19/100
|-unboost|p2a: Zolpidem|spa|1
|move|p2a: Zolpidem|Flamethrower|p1a: Enamorus
|-damage|p1a: Enamorus|41/100
|
|upkeep
|turn|16
|
|t:|1776044393
|move|p1a: Enamorus|Mystical Fire|p2a: Zolpidem
|-supereffective|p2a: Zolpidem
|-damage|p2a: Zolpidem|0 fnt
|faint|p2a: Zolpidem
|
|upkeep
|
|t:|1776044399
|switch|p2a: Ritalina|Iron Moth, shiny|100/100
|-activate|p2a: Ritalina|move: Sticky Web
|-unboost|p2a: Ritalina|spe|1
|-enditem|p2a: Ritalina|Booster Energy
|-activate|p2a: Ritalina|ability: Quark Drive|[fromitem]
|-start|p2a: Ritalina|quarkdrivespa
|turn|17
|
|t:|1776044407
|switch|p1a: Araquanid|Araquanid, M|70/100 tox
|move|p2a: Ritalina|Sludge Wave|p1a: Araquanid
|-damage|p1a: Araquanid|20/100 tox
|
|-damage|p1a: Araquanid|13/100 tox|[from] psn
|upkeep
|turn|18
|
|t:|1776044418
|move|p2a: Ritalina|Sludge Wave|p1a: Araquanid
|-crit|p1a: Araquanid
|-damage|p1a: Araquanid|0 fnt
|faint|p1a: Araquanid
|
|upkeep
|
|t:|1776044429
|switch|p1a: Pawmot|Pawmot, F|100/100
|turn|19
|
|t:|1776044435
|move|p1a: Pawmot|Revival Blessing|p1a: Pawmot
|-enditem|p1a: Pawmot|Leppa Berry|[eat]
|-activate|p1a: Pawmot|item: Leppa Berry|Revival Blessing|[consumed]
|
|t:|1776044438
|-heal|p1: Araquanid|50/100|[from] move: Revival Blessing
|move|p2a: Ritalina|Dazzling Gleam|p1a: Pawmot
|-supereffective|p1a: Pawmot
|-damage|p1a: Pawmot|0 fnt
|faint|p1a: Pawmot
|
|upkeep
|
|t:|1776044453
|switch|p1a: Enamorus|Enamorus, F|41/100
|turn|20
|
|t:|1776044465
|-end|p2a: Ritalina|Quark Drive|[silent]
|switch|p2a: Paracetamol|Hatterene, F|100/100
|-activate|p2a: Paracetamol|move: Sticky Web
|-unboost|p2a: Paracetamol|spe|1
|move|p1a: Enamorus|Mystical Fire|p2a: Paracetamol
|-damage|p2a: Paracetamol|69/100
|-unboost|p2a: Paracetamol|spa|1
|
|upkeep
|turn|21
|
|t:|1776044482
|move|p1a: Enamorus|Mystical Fire|p2a: Paracetamol
|-damage|p2a: Paracetamol|37/100
|-unboost|p2a: Paracetamol|spa|1
|move|p2a: Paracetamol|Nuzzle|p1a: Enamorus
|-supereffective|p1a: Enamorus
|-damage|p1a: Enamorus|28/100
|-status|p1a: Enamorus|par
|
|upkeep
|turn|22
|
|t:|1776044492
|switch|p1a: Iron Treads|Iron Treads|71/100
|move|p2a: Paracetamol|Draining Kiss|p1a: Iron Treads
|-resisted|p1a: Iron Treads
|-damage|p1a: Iron Treads|62/100
|-heal|p2a: Paracetamol|45/100|[from] drain|[of] p1a: Iron Treads
|
|upkeep
|turn|23
|
|t:|1776044500
|move|p1a: Iron Treads|Rapid Spin|p2a: Paracetamol
|-crit|p2a: Paracetamol
|-damage|p2a: Paracetamol|17/100
|-boost|p1a: Iron Treads|spe|1
|-damage|p1a: Iron Treads|46/100|[from] item: Rocky Helmet|[of] p2a: Paracetamol
|move|p2a: Paracetamol|Mystical Fire|p1a: Iron Treads
|-supereffective|p1a: Iron Treads
|-damage|p1a: Iron Treads|17/100
|-unboost|p1a: Iron Treads|spa|1
|
|upkeep
|turn|24
|
|t:|1776044517
|move|p1a: Iron Treads|Stomping Tantrum|p2a: Paracetamol
|-damage|p2a: Paracetamol|0 fnt
|-damage|p1a: Iron Treads|0 fnt|[from] item: Rocky Helmet|[of] p2a: Paracetamol
|faint|p2a: Paracetamol
|faint|p1a: Iron Treads
|-end|p1a: Iron Treads|Quark Drive|[silent]
|
|upkeep
|
|t:|1776044531
|switch|p1a: Enamorus|Enamorus, F|28/100 par
|switch|p2a: Ritalina|Iron Moth, shiny|100/100
|-activate|p2a: Ritalina|move: Sticky Web
|-unboost|p2a: Ritalina|spe|1
|turn|25
|
|t:|1776044539
|cant|p1a: Enamorus|par
|move|p2a: Ritalina|Sludge Wave|p1a: Enamorus
|-supereffective|p1a: Enamorus
|-damage|p1a: Enamorus|0 fnt
|faint|p1a: Enamorus
|
|upkeep
|
|t:|1776044548
|switch|p1a: Sinistcha|Sinistcha|76/100
|turn|26
|
|t:|1776044556
|-terastallize|p1a: Sinistcha|Steel
|move|p2a: Ritalina|Fiery Dance|p1a: Sinistcha
|-supereffective|p1a: Sinistcha
|-damage|p1a: Sinistcha|30/100
|move|p1a: Sinistcha|Calm Mind|p1a: Sinistcha
|-boost|p1a: Sinistcha|spa|1
|-boost|p1a: Sinistcha|spd|1
|
|upkeep
|turn|27
|
|t:|1776044567
|move|p2a: Ritalina|Fiery Dance|p1a: Sinistcha
|-supereffective|p1a: Sinistcha
|-damage|p1a: Sinistcha|0 fnt
|faint|p1a: Sinistcha
|
|upkeep
|
|t:|1776044573
|switch|p1a: Araquanid|Araquanid, M|50/100
|turn|28
|
|t:|1776044580
|move|p2a: Ritalina|Sludge Wave|p1a: Araquanid
|-damage|p1a: Araquanid|12/100
|move|p1a: Araquanid|Liquidation|p2a: Ritalina
|-supereffective|p2a: Ritalina
|-damage|p2a: Ritalina|0 fnt
|faint|p2a: Ritalina
|-end|p2a: Ritalina|Quark Drive|[silent]
|
|win|Markknight05
|raw|Markknight05's rating: 1226 &rarr; <strong>1250</strong><br />(+24 for winning)
|raw|bluepinto's rating: 1212 &rarr; <strong>1188</strong><br />(-24 for losing)
|l|☆bluepinto
|player|p2|
|l|‽Markknight05
|player|p1|
