|html|<div class="broadcast-blue"><strong>[Gen 9] OU is currently suspecting Volcarona! For information on how to participate check out the <a href="https://www.smogon.com/tools/suspects/view/208">suspect thread</a>.</strong></div>
|j|☆calamitycow
|j|☆chico wilson
|t:|1778516127
|gametype|singles
|player|p1|calamitycow|miku-water|1459
|player|p2|chico wilson|169|1441
|gen|9
|tier|[Gen 9] OU
|rated|
|rule|HP Percentage Mod: HP is shown in percentages
|rule|Endless Battle Clause: Forcing endless battles is banned
|rule|Species Clause: Limit one of each Pokémon
|rule|OHKO Clause: OHKO moves are banned
|rule|Evasion Items Clause: Evasion items are banned
|rule|Evasion Moves Clause: Evasion moves are banned
|rule|Evasion Abilities Clause: Evasion abilities are banned
|rule|Sleep Moves Clause: Sleep-inducing moves are banned
|clearpoke
|poke|p1|Iron Moth|
|poke|p1|Gliscor, F|
|poke|p1|Hatterene, F|
|poke|p1|Ogerpon-Wellspring, F|
|poke|p1|Raging Bolt|
|poke|p1|Zamazenta-*|
|poke|p2|Regieleki|
|poke|p2|Scream Tail|
|poke|p2|Dragapult, M|
|poke|p2|Quaquaval, M|
|poke|p2|Gliscor, F|
|poke|p2|Tentacruel, F|
|teampreview
|inactive|Battle timer is ON: inactive players will automatically lose when time's up. (requested by calamitycow)
|
|t:|1778516146
|teamsize|p1|6
|teamsize|p2|6
|start
|switch|p1a: Hatterene|Hatterene, F|100/100
|switch|p2a: Scream Tail|Scream Tail|100/100
|turn|1
|
|t:|1778516161
|-end|p2a: Scream Tail|Protosynthesis|[silent]
|switch|p2a: Gliscor|Gliscor, F|100/100
|move|p1a: Hatterene|Calm Mind|p1a: Hatterene
|-boost|p1a: Hatterene|spa|1
|-boost|p1a: Hatterene|spd|1
|
|-status|p2a: Gliscor|tox|[from] item: Toxic Orb
|upkeep
|turn|2
|
|t:|1778516174
|move|p2a: Gliscor|U-turn|p1a: Hatterene
|-damage|p1a: Hatterene|87/100
|
|t:|1778516177
|switch|p2a: Dragapult|Dragapult, M|100/100|[from] U-turn
|move|p1a: Hatterene|Calm Mind|p1a: Hatterene
|-boost|p1a: Hatterene|spa|1
|-boost|p1a: Hatterene|spd|1
|
|-heal|p1a: Hatterene|93/100|[from] item: Leftovers
|upkeep
|turn|3
|
|t:|1778516186
|move|p2a: Dragapult|Phantom Force||[still]
|-prepare|p2a: Dragapult|Phantom Force
|move|p1a: Hatterene|Draining Kiss|p2a: Dragapult|[miss]
|-miss|p1a: Hatterene|p2a: Dragapult
|
|-heal|p1a: Hatterene|99/100|[from] item: Leftovers
|upkeep
|turn|4
|
|t:|1778516199
|-terastallize|p1a: Hatterene|Water
|move|p2a: Dragapult|Phantom Force|p1a: Hatterene|[from] lockedmove
|-damage|p1a: Hatterene|45/100
|move|p1a: Hatterene|Draining Kiss|p2a: Dragapult
|-supereffective|p2a: Dragapult
|-damage|p2a: Dragapult|0 fnt
|-heal|p1a: Hatterene|100/100|[from] drain|[of] p2a: Dragapult
|faint|p2a: Dragapult
|
|upkeep
|
|t:|1778516209
|switch|p2a: Regieleki|Regieleki|100/100
|turn|5
|
|t:|1778516228
|move|p2a: Regieleki|Thunderbolt|p1a: Hatterene
|-supereffective|p1a: Hatterene
|-crit|p1a: Hatterene
|-damage|p1a: Hatterene|0 fnt
|faint|p1a: Hatterene
|
|upkeep
|
|t:|1778516237
|switch|p1a: Gliscor|Gliscor, F|100/100
|turn|6
|
|t:|1778516243
|switch|p2a: Scream Tail|Scream Tail|100/100
|move|p1a: Gliscor|Swords Dance|p1a: Gliscor
|-boost|p1a: Gliscor|atk|2
|
|-status|p1a: Gliscor|tox|[from] item: Toxic Orb
|upkeep
|turn|7
|
|t:|1778516253
|move|p2a: Scream Tail|Trick|p1a: Gliscor
|-activate|p2a: Scream Tail|move: Trick|[of] p1a: Gliscor
|-item|p1a: Gliscor|Ring Target|[from] move: Trick
|-item|p2a: Scream Tail|Toxic Orb|[from] move: Trick
|move|p1a: Gliscor|Agility|p1a: Gliscor
|-boost|p1a: Gliscor|spe|2
|
|-status|p2a: Scream Tail|tox|[from] item: Toxic Orb
|upkeep
|turn|8
|
|t:|1778516268
|move|p1a: Gliscor|Agility|p1a: Gliscor
|-boost|p1a: Gliscor|spe|2
|move|p2a: Scream Tail|Encore|p1a: Gliscor
|-start|p1a: Gliscor|Encore
|
|-damage|p2a: Scream Tail|94/100 tox|[from] psn
|upkeep
|turn|9
|
|t:|1778516279
|-end|p2a: Scream Tail|Protosynthesis|[silent]
|switch|p2a: Tentacruel|Tentacruel, F|100/100
|move|p1a: Gliscor|Agility|p1a: Gliscor
|-boost|p1a: Gliscor|spe|2
|
|upkeep
|turn|10
|
|t:|1778516291
|move|p1a: Gliscor|Agility|p1a: Gliscor
|-boost|p1a: Gliscor|spe|0
|move|p2a: Tentacruel|Surf|p1a: Gliscor
|-supereffective|p1a: Gliscor
|-damage|p1a: Gliscor|7/100 tox
|
|-heal|p1a: Gliscor|19/100 tox|[from] ability: Poison Heal
|upkeep
|turn|11
|
|t:|1778516298
|switch|p1a: Ogerpon|Ogerpon-Wellspring, F|100/100
|move|p2a: Tentacruel|Surf|p1a: Ogerpon
|-immune|p1a: Ogerpon|[from] ability: Water Absorb
|
|upkeep
|turn|12
|
|t:|1778516307
|move|p2a: Tentacruel|Sludge Bomb|p1a: Ogerpon
|-supereffective|p1a: Ogerpon
|-damage|p1a: Ogerpon|19/100
|move|p1a: Ogerpon|Swords Dance|p1a: Ogerpon
|-boost|p1a: Ogerpon|atk|2
|
|upkeep
|turn|13
|
|t:|1778516320
|switch|p1a: Zamazenta|Zamazenta|100/100
|-ability|p1a: Zamazenta|Dauntless Shield|boost
|-boost|p1a: Zamazenta|def|1
|move|p2a: Tentacruel|Sludge Bomb|p1a: Zamazenta
|-damage|p1a: Zamazenta|75/100
|
|upkeep
|turn|14
|
|t:|1778516327
|switch|p2a: Scream Tail|Scream Tail|94/100 tox
|move|p1a: Zamazenta|Light Screen|p1a: Zamazenta
|-sidestart|p1: calamitycow|move: Light Screen
|
|-damage|p2a: Scream Tail|88/100 tox|[from] psn
|upkeep
|turn|15
|
|t:|1778516336
|switch|p1a: Gliscor|Gliscor, F|19/100 tox
|move|p2a: Scream Tail|Encore||[still]
|-fail|p2a: Scream Tail
|
|-damage|p2a: Scream Tail|76/100 tox|[from] psn
|-heal|p1a: Gliscor|32/100 tox|[from] ability: Poison Heal
|upkeep
|turn|16
|
|t:|1778516344
|-end|p2a: Scream Tail|Protosynthesis|[silent]
|switch|p2a: Quaquaval|Quaquaval, M|100/100
|move|p1a: Gliscor|Facade|p2a: Quaquaval
|-damage|p2a: Quaquaval|45/100
|
|-heal|p1a: Gliscor|44/100 tox|[from] ability: Poison Heal
|upkeep
|turn|17
|
|t:|1778516353
|switch|p1a: Ogerpon|Ogerpon-Wellspring, F|19/100
|move|p2a: Quaquaval|Aqua Step|p1a: Ogerpon
|-heal|p1a: Ogerpon|44/100|[from] ability: Water Absorb|[of] p2a: Quaquaval
|
|upkeep
|turn|18
|
|t:|1778516363
|switch|p2a: Tentacruel|Tentacruel, F|100/100
|move|p1a: Ogerpon|Trailblaze|p2a: Tentacruel
|-damage|p2a: Tentacruel|45/100
|-boost|p1a: Ogerpon|spe|1
|
|upkeep
|turn|19
|
|t:|1778516373
|switch|p2a: Gliscor|Gliscor, F|100/100 tox
|move|p1a: Ogerpon|Trailblaze|p2a: Gliscor
|-damage|p2a: Gliscor|80/100 tox
|-boost|p1a: Ogerpon|spe|1
|
|-heal|p2a: Gliscor|93/100 tox|[from] ability: Poison Heal
|upkeep
|turn|20
|
|t:|1778516380
|move|p1a: Ogerpon|Ivy Cudgel|p2a: Gliscor|[anim] Ivy Cudgel Water
|-supereffective|p2a: Gliscor
|-damage|p2a: Gliscor|14/100 tox
|move|p2a: Gliscor|U-turn|p1a: Ogerpon
|-supereffective|p1a: Ogerpon
|-damage|p1a: Ogerpon|5/100
|
|t:|1778516391
|switch|p2a: Scream Tail|Scream Tail|76/100 tox|[from] U-turn
|
|-damage|p2a: Scream Tail|69/100 tox|[from] psn
|upkeep
|turn|21
|
|t:|1778516400
|move|p1a: Ogerpon|Ivy Cudgel|p2a: Scream Tail|[anim] Ivy Cudgel Water
|-damage|p2a: Scream Tail|19/100 tox
|move|p2a: Scream Tail|Trick||[still]
|-fail|p2a: Scream Tail
|
|-damage|p2a: Scream Tail|7/100 tox|[from] psn
|-sideend|p1: calamitycow|move: Light Screen
|upkeep
|turn|22
|
|t:|1778516411
|move|p1a: Ogerpon|Trailblaze|p2a: Scream Tail
|-damage|p2a: Scream Tail|0 fnt
|-boost|p1a: Ogerpon|spe|1
|faint|p2a: Scream Tail
|-end|p2a: Scream Tail|Protosynthesis|[silent]
|
|upkeep
|
|t:|1778516415
|switch|p2a: Regieleki|Regieleki|100/100
|turn|23
|
|t:|1778516420
|move|p2a: Regieleki|Extreme Speed|p1a: Ogerpon
|-damage|p1a: Ogerpon|0 fnt
|faint|p1a: Ogerpon
|
|upkeep
|l|☆calamitycow
|inactive|calamitycow disconnected and has a minute to reconnect!
|player|p1|
|inactive|calamitycow has 30 seconds to reconnect!
|j|☆calamitycow
|inactive|calamitycow reconnected and has 110 seconds left.
|player|p1|calamitycow|miku-water|
|
|t:|1778516470
|switch|p1a: Gliscor|Gliscor, F|44/100 tox
|turn|24
|
|t:|1778516475
|switch|p2a: Gliscor|Gliscor, F|14/100 tox
|move|p1a: Gliscor|Agility|p1a: Gliscor
|-boost|p1a: Gliscor|spe|2
|
|-heal|p1a: Gliscor|56/100 tox|[from] ability: Poison Heal
|-heal|p2a: Gliscor|26/100 tox|[from] ability: Poison Heal
|upkeep
|turn|25
|
|t:|1778516478
|move|p1a: Gliscor|Facade|p2a: Gliscor
|-damage|p2a: Gliscor|2/100 tox
|move|p2a: Gliscor|Tailwind|p2a: Gliscor
|-sidestart|p2: chico wilson|move: Tailwind
|
|-heal|p1a: Gliscor|68/100 tox|[from] ability: Poison Heal
|-heal|p2a: Gliscor|15/100 tox|[from] ability: Poison Heal
|upkeep
|turn|26
|
|t:|1778516486
|move|p1a: Gliscor|Agility|p1a: Gliscor
|-boost|p1a: Gliscor|spe|2
|move|p2a: Gliscor|U-turn|p1a: Gliscor
|-resisted|p1a: Gliscor
|-damage|p1a: Gliscor|62/100 tox
|
|t:|1778516489
|switch|p2a: Quaquaval|Quaquaval, M|45/100|[from] U-turn
|
|-heal|p1a: Gliscor|74/100 tox|[from] ability: Poison Heal
|upkeep
|turn|27
|
|t:|1778516494
|move|p2a: Quaquaval|Aqua Step|p1a: Gliscor
|-supereffective|p1a: Gliscor
|-damage|p1a: Gliscor|0 fnt
|-boost|p2a: Quaquaval|spe|1
|faint|p1a: Gliscor
|-ability|p2a: Quaquaval|Moxie|boost
|-boost|p2a: Quaquaval|atk|1
|
|upkeep
|
|t:|1778516504
|switch|p1a: Zamazenta|Zamazenta|75/100
|turn|28
|
|t:|1778516513
|move|p2a: Quaquaval|Aqua Step|p1a: Zamazenta
|-damage|p1a: Zamazenta|25/100
|-boost|p2a: Quaquaval|spe|1
|move|p1a: Zamazenta|Reflect|p1a: Zamazenta
|-sidestart|p1: calamitycow|Reflect
|
|-sideend|p2: chico wilson|move: Tailwind
|upkeep
|turn|29
|
|t:|1778516518
|move|p2a: Quaquaval|Aqua Step|p1a: Zamazenta
|-damage|p1a: Zamazenta|0 fnt
|-boost|p2a: Quaquaval|spe|1
|faint|p1a: Zamazenta
|-ability|p2a: Quaquaval|Moxie|boost
|-boost|p2a: Quaquaval|atk|1
|
|upkeep
|
|t:|1778516524
|switch|p1a: Raging Bolt|Raging Bolt|100/100
|-enditem|p1a: Raging Bolt|Booster Energy
|-activate|p1a: Raging Bolt|ability: Protosynthesis|[fromitem]
|-start|p1a: Raging Bolt|protosynthesisspa
|turn|30
|
|t:|1778516531
|switch|p2a: Gliscor|Gliscor, F|15/100 tox
|move|p1a: Raging Bolt|Thunderclap||[still]
|-fail|p1a: Raging Bolt
|
|-heal|p2a: Gliscor|27/100 tox|[from] ability: Poison Heal
|upkeep
|turn|31
|
|t:|1778516541
|move|p1a: Raging Bolt|Dragon Pulse|p2a: Gliscor
|-damage|p2a: Gliscor|0 fnt
|faint|p2a: Gliscor
|
|upkeep
|
|t:|1778516550
|switch|p2a: Tentacruel|Tentacruel, F|45/100
|turn|32
|
|t:|1778516556
|-terastallize|p2a: Tentacruel|Grass
|move|p1a: Raging Bolt|Thunderclap|p2a: Tentacruel
|-resisted|p2a: Tentacruel
|-damage|p2a: Tentacruel|28/100
|move|p2a: Tentacruel|Sludge Bomb|p1a: Raging Bolt
|-damage|p1a: Raging Bolt|65/100
|
|upkeep
|turn|33
|
|t:|1778516564
|move|p2a: Tentacruel|Sludge Bomb|p1a: Raging Bolt
|-damage|p1a: Raging Bolt|32/100
|move|p1a: Raging Bolt|Dragon Pulse|p2a: Tentacruel
|-damage|p2a: Tentacruel|0 fnt
|faint|p2a: Tentacruel
|
|upkeep
|
|t:|1778516574
|switch|p2a: Quaquaval|Quaquaval, M|45/100
|turn|34
|
|t:|1778516581
|switch|p2a: Regieleki|Regieleki|100/100
|move|p1a: Raging Bolt|Thunderclap||[still]
|-fail|p1a: Raging Bolt
|
|upkeep
|turn|35
|
|t:|1778516594
|move|p2a: Regieleki|Extreme Speed|p1a: Raging Bolt
|-damage|p1a: Raging Bolt|23/100
|move|p1a: Raging Bolt|Dragon Pulse|p2a: Regieleki
|-damage|p2a: Regieleki|0 fnt
|faint|p2a: Regieleki
|
|-sideend|p1: calamitycow|Reflect
|upkeep
|
|t:|1778516599
|switch|p2a: Quaquaval|Quaquaval, M|45/100
|turn|36
|
|t:|1778516604
|move|p1a: Raging Bolt|Thunderclap|p2a: Quaquaval
|-supereffective|p2a: Quaquaval
|-damage|p2a: Quaquaval|0 fnt
|faint|p2a: Quaquaval
|
|win|calamitycow
|raw|calamitycow's rating: 1459 &rarr; <strong>1478</strong><br />(+19 for winning)
|raw|chico wilson's rating: 1441 &rarr; <strong>1422</strong><br />(-19 for losing)
|c|☆chico wilson|gg
|l|☆calamitycow
|player|p1|
|l|☆chico wilson
|player|p2|
