|html|<div class="broadcast-blue"><strong>[Gen 9] OU is currently suspecting Tera Blast! For information on how to participate check out the <a href="https://www.smogon.com/tools/suspects/view/200">suspect thread</a>.</strong></div>
|j|☆sirmathorino456
|j|☆Invertedhairs
|t:|1776039226
|gametype|singles
|player|p1|sirmathorino456|102|1213
|player|p2|Invertedhairs|102|1244
|gen|9
|tier|[Gen 9] OU
|rated|
|rule|HP Percentage Mod: HP is shown in percentages
|rule|Endless Battle Clause: Forcing endless battles is banned
|rule|Species Clause: Limit one of each Pokémon
|rule|OHKO Clause: OHKO moves are banned
|rule|Evasion Items Clause: Evasion items are banned
|rule|Evasion Moves Clause: Evasion moves are banned
|rule|Evasion Abilities Clause: Evasion abilities are banned
|rule|Sleep Moves Clause: Sleep-inducing moves are banned
|clearpoke
|poke|p1|Pelipper, F|
|poke|p1|Torkoal, F|
|poke|p1|Overqwil, F|
|poke|p1|Lilligant, F|
|poke|p1|Raging Bolt|
|poke|p1|Great Tusk|
|poke|p2|Dragonite, F|
|poke|p2|Iron Valiant|
|poke|p2|Kingambit, M|
|poke|p2|Landorus-Therian, M|
|poke|p2|Garganacl, F|
|poke|p2|Greninja-*, M|
|teampreview
|
|t:|1776039237
|teamsize|p1|6
|teamsize|p2|6
|start
|switch|p1a: Pelipper|Pelipper, F|100/100
|switch|p2a: Garganacl|Garganacl, F|100/100
|-weather|RainDance|[from] ability: Drizzle|[of] p1a: Pelipper
|turn|1
|
|t:|1776039243
|move|p1a: Pelipper|U-turn|p2a: Garganacl
|-damage|p2a: Garganacl|95/100
|inactive|Battle timer is ON: inactive players will automatically lose when time's up. (requested by Invertedhairs)
|
|t:|1776039251
|switch|p1a: Lilligant|Lilligant, F|100/100|[from] U-turn
|move|p2a: Garganacl|Salt Cure|p1a: Lilligant
|-damage|p1a: Lilligant|79/100
|-start|p1a: Lilligant|Salt Cure
|
|-weather|RainDance|[upkeep]
|-heal|p2a: Garganacl|100/100|[from] item: Leftovers
|-damage|p1a: Lilligant|66/100|[from] Salt Cure
|upkeep
|turn|2
|
|t:|1776039261
|move|p2a: Garganacl|Protect|p2a: Garganacl
|-singleturn|p2a: Garganacl|Protect
|move|p1a: Lilligant|Quiver Dance|p1a: Lilligant
|-boost|p1a: Lilligant|spa|1
|-boost|p1a: Lilligant|spd|1
|-boost|p1a: Lilligant|spe|1
|
|-weather|RainDance|[upkeep]
|-damage|p1a: Lilligant|54/100|[from] Salt Cure
|upkeep
|turn|3
|
|t:|1776039268
|switch|p2a: Dragonite|Dragonite, F|100/100
|move|p1a: Lilligant|Weather Ball|p2a: Dragonite
|-resisted|p2a: Dragonite
|-damage|p2a: Dragonite|80/100
|
|-weather|RainDance|[upkeep]
|-damage|p1a: Lilligant|41/100|[from] Salt Cure
|upkeep
|turn|4
|
|t:|1776039277
|move|p1a: Lilligant|Alluring Voice|p2a: Dragonite
|-supereffective|p2a: Dragonite
|-damage|p2a: Dragonite|0 fnt
|faint|p2a: Dragonite
|
|-weather|RainDance|[upkeep]
|-damage|p1a: Lilligant|29/100|[from] Salt Cure
|upkeep
|
|t:|1776039287
|switch|p2a: Landorus|Landorus-Therian, M|100/100
|-ability|p2a: Landorus|Intimidate|boost
|-fail|p1a: Lilligant|unboost|[from] item: Clear Amulet|[of] p1a: Lilligant
|turn|5
|
|t:|1776039291
|move|p1a: Lilligant|Weather Ball|p2a: Landorus
|-supereffective|p2a: Landorus
|-damage|p2a: Landorus|0 fnt
|faint|p2a: Landorus
|
|-weather|none
|-damage|p1a: Lilligant|17/100|[from] Salt Cure
|upkeep
|-message|Invertedhairs forfeited.
|
|win|sirmathorino456
|raw|sirmathorino456's rating: 1213 &rarr; <strong>1240</strong><br />(+27 for winning)
|raw|Invertedhairs's rating: 1244 &rarr; <strong>1217</strong><br />(-27 for losing)
|l|☆Invertedhairs
|player|p2|
|l|☆sirmathorino456
|player|p1|
