|html|<div class="broadcast-blue"><strong>[Gen 9] OU is currently suspecting Volcarona! For information on how to participate check out the <a href="https://www.smogon.com/tools/suspects/view/208">suspect thread</a>.</strong></div>
|j|☆kemdpw
|j|☆omega7050
|t:|1778512286
|gametype|singles
|player|p1|kemdpw|1|1174
|player|p2|omega7050|ingo|1204
|gen|9
|tier|[Gen 9] OU
|rated|
|rule|HP Percentage Mod: HP is shown in percentages
|rule|Endless Battle Clause: Forcing endless battles is banned
|rule|Species Clause: Limit one of each Pokémon
|rule|OHKO Clause: OHKO moves are banned
|rule|Evasion Items Clause: Evasion items are banned
|rule|Evasion Moves Clause: Evasion moves are banned
|rule|Evasion Abilities Clause: Evasion abilities are banned
|rule|Sleep Moves Clause: Sleep-inducing moves are banned
|clearpoke
|poke|p1|Kyurem|
|poke|p1|Tornadus-Therian, M|
|poke|p1|Hatterene, F|
|poke|p1|Iron Valiant|
|poke|p1|Great Tusk|
|poke|p1|Kingambit, F|
|poke|p2|Hariyama, M|
|poke|p2|Lokix, F|
|poke|p2|Serperior, M|
|poke|p2|Metagross|
|poke|p2|Decidueye, M|
|poke|p2|Enamorus-Therian, F|
|teampreview
|
|t:|1778512297
|teamsize|p1|6
|teamsize|p2|6
|start
|switch|p1a: Tornadus|Tornadus-Therian, M|100/100
|switch|p2a: Hariyama|Hariyama, M|100/100
|turn|1
|
|t:|1778512302
|move|p2a: Hariyama|Fake Out|p1a: Tornadus
|-damage|p1a: Tornadus|85/100
|cant|p1a: Tornadus|flinch
|
|-status|p2a: Hariyama|brn|[from] item: Flame Orb
|upkeep
|turn|2
|inactive|Battle timer is ON: inactive players will automatically lose when time's up. (requested by kemdpw)
|
|t:|1778512323
|switch|p2a: Metagross|Metagross|100/100
|move|p1a: Tornadus|Bleakwind Storm|p2a: Metagross
|-resisted|p2a: Metagross
|-damage|p2a: Metagross|78/100
|
|upkeep
|turn|3
|
|t:|1778512330
|move|p1a: Tornadus|Knock Off|p2a: Metagross
|-supereffective|p2a: Metagross
|-damage|p2a: Metagross|38/100
|-enditem|p2a: Metagross|Weakness Policy
|-boost|p2a: Metagross|atk|2|[from] item: Weakness Policy
|-boost|p2a: Metagross|spa|2|[from] item: Weakness Policy
|move|p2a: Metagross|Agility|p2a: Metagross
|-boost|p2a: Metagross|spe|2
|
|upkeep
|turn|4
|
|t:|1778512338
|move|p2a: Metagross|Psychic Fangs|p1a: Tornadus
|-damage|p1a: Tornadus|0 fnt
|faint|p1a: Tornadus
|
|upkeep
|
|t:|1778512341
|switch|p1a: Kingambit|Kingambit, F|100/100
|-activate|p1a: Kingambit|ability: Supreme Overlord
|-start|p1a: Kingambit|fallen1|[silent]
|turn|5
|
|t:|1778512347
|move|p1a: Kingambit|Sucker Punch|p2a: Metagross
|-supereffective|p2a: Metagross
|-damage|p2a: Metagross|0 fnt
|faint|p2a: Metagross
|
|upkeep
|
|t:|1778512349
|switch|p2a: Hariyama|Hariyama, M|100/100 brn
|turn|6
|
|t:|1778512356
|-end|p1a: Kingambit|fallen1|[silent]
|switch|p1a: Iron Valiant|Iron Valiant|100/100
|move|p2a: Hariyama|Close Combat|p1a: Iron Valiant
|-resisted|p1a: Iron Valiant
|-damage|p1a: Iron Valiant|40/100
|-unboost|p2a: Hariyama|def|1
|-unboost|p2a: Hariyama|spd|1
|
|-damage|p2a: Hariyama|94/100 brn|[from] brn
|upkeep
|turn|7
|
|t:|1778512359
|move|p2a: Hariyama|Bullet Punch|p1a: Iron Valiant
|-supereffective|p1a: Iron Valiant
|-damage|p1a: Iron Valiant|0 fnt
|faint|p1a: Iron Valiant
|-end|p1a: Iron Valiant|Quark Drive|[silent]
|
|-damage|p2a: Hariyama|88/100 brn|[from] brn
|upkeep
|-message|kemdpw forfeited.
|
|win|omega7050
|raw|kemdpw's rating: 1174 &rarr; <strong>1151</strong><br />(-23 for losing)
|raw|omega7050's rating: 1204 &rarr; <strong>1227</strong><br />(+23 for winning)
|l|☆kemdpw
|player|p1|
|l|☆omega7050
|player|p2|
