|html|<div class="broadcast-blue"><strong>[Gen 9] OU is currently suspecting Tera Blast! For information on how to participate check out the <a href="https://www.smogon.com/tools/suspects/view/200">suspect thread</a>.</strong></div>
|j|☆mo_ce04
|j|☆JarBaX1998
|t:|1776087542
|gametype|singles
|player|p1|mo_ce04|2|1111
|player|p2|JarBaX1998|2|1136
|gen|9
|tier|[Gen 9] OU
|rated|
|rule|HP Percentage Mod: HP is shown in percentages
|rule|Endless Battle Clause: Forcing endless battles is banned
|rule|Species Clause: Limit one of each Pokémon
|rule|OHKO Clause: OHKO moves are banned
|rule|Evasion Items Clause: Evasion items are banned
|rule|Evasion Moves Clause: Evasion moves are banned
|rule|Evasion Abilities Clause: Evasion abilities are banned
|rule|Sleep Moves Clause: Sleep-inducing moves are banned
|clearpoke
|poke|p1|Gliscor, M|
|poke|p1|Gholdengo|
|poke|p1|Meowscarada, F|
|poke|p1|Walking Wake|
|poke|p1|Iron Valiant|
|poke|p1|Corviknight, F|
|poke|p2|Dragonite, M|
|poke|p2|Hatterene, F|
|poke|p2|Weavile, F|
|poke|p2|Ogerpon-Wellspring, F|
|poke|p2|Kingambit, F|
|poke|p2|Great Tusk|
|teampreview
|
|t:|1776087567
|teamsize|p1|6
|teamsize|p2|6
|start
|switch|p1a: Gliscor|Gliscor, M|100/100
|switch|p2a: Swish|Dragonite, M|100/100
|turn|1
|
|t:|1776087575
|move|p1a: Gliscor|Protect|p1a: Gliscor
|-singleturn|p1a: Gliscor|Protect
|move|p2a: Swish|Dragon Dance|p2a: Swish
|-boost|p2a: Swish|atk|1
|-boost|p2a: Swish|spe|1
|
|-status|p1a: Gliscor|tox|[from] item: Toxic Orb
|upkeep
|turn|2
|
|t:|1776087589
|-terastallize|p1a: Gliscor|Water
|move|p2a: Swish|Dragon Dance|p2a: Swish
|-boost|p2a: Swish|atk|1
|-boost|p2a: Swish|spe|1
|move|p1a: Gliscor|Toxic|p2a: Swish
|-status|p2a: Swish|tox
|
|-damage|p2a: Swish|94/100 tox|[from] psn
|upkeep
|turn|3
|
|t:|1776087600
|move|p2a: Swish|Ice Spinner|p1a: Gliscor
|-resisted|p1a: Gliscor
|-damage|p1a: Gliscor|84/100 tox
|move|p1a: Gliscor|Toxic Spikes|p2a: Swish
|-sidestart|p2: JarBaX1998|move: Toxic Spikes
|
|-heal|p2a: Swish|100/100 tox|[from] item: Leftovers
|-damage|p2a: Swish|88/100 tox|[from] psn
|-heal|p1a: Gliscor|96/100 tox|[from] ability: Poison Heal
|upkeep
|turn|4
|
|t:|1776087611
|switch|p1a: Iron Valiant|Iron Valiant, shiny|100/100
|-enditem|p1a: Iron Valiant|Booster Energy
|-activate|p1a: Iron Valiant|ability: Quark Drive|[fromitem]
|-start|p1a: Iron Valiant|quarkdrivespe
|move|p2a: Swish|Earthquake|p1a: Iron Valiant
|-damage|p1a: Iron Valiant|4/100
|
|-heal|p2a: Swish|94/100 tox|[from] item: Leftovers
|-damage|p2a: Swish|76/100 tox|[from] psn
|upkeep
|turn|5
|
|t:|1776087625
|move|p2a: Swish|Ice Spinner|p1a: Iron Valiant
|-damage|p1a: Iron Valiant|0 fnt
|faint|p1a: Iron Valiant
|-end|p1a: Iron Valiant|Quark Drive|[silent]
|
|-heal|p2a: Swish|82/100 tox|[from] item: Leftovers
|-damage|p2a: Swish|57/100 tox|[from] psn
|upkeep
|
|t:|1776087639
|switch|p1a: Meowscarada|Meowscarada, F|100/100
|turn|6
|
|t:|1776087645
|move|p2a: Swish|Ice Spinner|p1a: Meowscarada
|-supereffective|p1a: Meowscarada
|-damage|p1a: Meowscarada|0 fnt
|faint|p1a: Meowscarada
|
|-heal|p2a: Swish|63/100 tox|[from] item: Leftovers
|-damage|p2a: Swish|32/100 tox|[from] psn
|upkeep
|
|t:|1776087661
|switch|p1a: Gliscor|Gliscor, M, tera:Water|96/100 tox
|turn|7
|
|t:|1776087667
|move|p1a: Gliscor|Protect|p1a: Gliscor
|-singleturn|p1a: Gliscor|Protect
|move|p2a: Swish|Earthquake|p1a: Gliscor
|-activate|p1a: Gliscor|move: Protect
|
|-heal|p2a: Swish|39/100 tox|[from] item: Leftovers
|-damage|p2a: Swish|1/100 tox|[from] psn
|-heal|p1a: Gliscor|100/100 tox|[from] ability: Poison Heal
|upkeep
|turn|8
|
|t:|1776087677
|move|p2a: Swish|Earthquake|p1a: Gliscor
|-damage|p1a: Gliscor|56/100 tox
|move|p1a: Gliscor|Toxic Spikes|p2a: Swish
|-sidestart|p2: JarBaX1998|move: Toxic Spikes
|
|-heal|p2a: Swish|8/100 tox|[from] item: Leftovers
|-damage|p2a: Swish|0 fnt|[from] psn
|faint|p2a: Swish
|-heal|p1a: Gliscor|69/100 tox|[from] ability: Poison Heal
|upkeep
|
|t:|1776087695
|switch|p2a: Maladresse|Ogerpon-Wellspring, F|100/100
|-status|p2a: Maladresse|tox
|turn|9
|
|t:|1776087717
|switch|p1a: Corviknight|Corviknight, F|100/100
|-ability|p1a: Corviknight|Pressure
|move|p2a: Maladresse|Swords Dance|p2a: Maladresse
|-boost|p2a: Maladresse|atk|2
|
|-damage|p2a: Maladresse|95/100 tox|[from] psn
|upkeep
|turn|10
|
|t:|1776087731
|move|p2a: Maladresse|Ivy Cudgel|p1a: Corviknight|[anim] Ivy Cudgel Water
|-damage|p1a: Corviknight|28/100
|move|p1a: Corviknight|Brave Bird|p2a: Maladresse
|-supereffective|p2a: Maladresse
|-damage|p2a: Maladresse|3/100 tox
|-damage|p1a: Corviknight|5/100|[from] Recoil
|
|-damage|p2a: Maladresse|0 fnt|[from] psn
|faint|p2a: Maladresse
|upkeep
|
|t:|1776087746
|switch|p2a: Hello .RAW-Z|Weavile, F|100/100
|-status|p2a: Hello .RAW-Z|tox
|turn|11
|
|t:|1776087760
|switch|p1a: Gliscor|Gliscor, M, tera:Water|69/100 tox
|move|p2a: Hello .RAW-Z|Swords Dance|p2a: Hello .RAW-Z
|-boost|p2a: Hello .RAW-Z|atk|2
|
|-damage|p2a: Hello .RAW-Z|94/100 tox|[from] psn
|-heal|p1a: Gliscor|81/100 tox|[from] ability: Poison Heal
|upkeep
|turn|12
|
|t:|1776087769
|move|p2a: Hello .RAW-Z|Beat Up|p1a: Gliscor
|-damage|p1a: Gliscor|71/100 tox
|-damage|p1a: Gliscor|63/100 tox
|-damage|p1a: Gliscor|51/100 tox
|-damage|p1a: Gliscor|40/100 tox
|-hitcount|p1a: Gliscor|4
|move|p1a: Gliscor|Earthquake|p2a: Hello .RAW-Z
|-damage|p2a: Hello .RAW-Z|36/100 tox
|
|-damage|p2a: Hello .RAW-Z|24/100 tox|[from] psn
|-heal|p1a: Gliscor|52/100 tox|[from] ability: Poison Heal
|upkeep
|turn|13
|
|t:|1776087782
|move|p1a: Gliscor|Protect|p1a: Gliscor
|-singleturn|p1a: Gliscor|Protect
|move|p2a: Hello .RAW-Z|Beat Up|p1a: Gliscor
|-activate|p1a: Gliscor|move: Protect
|
|-damage|p2a: Hello .RAW-Z|6/100 tox|[from] psn
|-heal|p1a: Gliscor|65/100 tox|[from] ability: Poison Heal
|upkeep
|turn|14
|
|t:|1776087791
|move|p2a: Hello .RAW-Z|Beat Up|p1a: Gliscor
|-damage|p1a: Gliscor|55/100 tox
|-damage|p1a: Gliscor|46/100 tox
|-damage|p1a: Gliscor|33/100 tox
|-damage|p1a: Gliscor|22/100 tox
|-hitcount|p1a: Gliscor|4
|move|p1a: Gliscor|Earthquake|p2a: Hello .RAW-Z
|-damage|p2a: Hello .RAW-Z|0 fnt
|faint|p2a: Hello .RAW-Z
|
|-heal|p1a: Gliscor|35/100 tox|[from] ability: Poison Heal
|upkeep
|
|t:|1776087808
|switch|p2a: Vent de l'est|Hatterene, F|100/100
|-status|p2a: Vent de l'est|tox
|turn|15
|
|t:|1776087820
|move|p1a: Gliscor|Earthquake|p2a: Vent de l'est
|-damage|p2a: Vent de l'est|76/100 tox
|move|p2a: Vent de l'est|Nuzzle|p1a: Gliscor
|-supereffective|p1a: Gliscor
|-crit|p1a: Gliscor
|-damage|p1a: Gliscor|27/100 tox
|
|-heal|p1a: Gliscor|39/100 tox|[from] ability: Poison Heal
|-damage|p2a: Vent de l'est|70/100 tox|[from] psn
|upkeep
|turn|16
|
|t:|1776087835
|move|p1a: Gliscor|Protect|p1a: Gliscor
|-singleturn|p1a: Gliscor|Protect
|move|p2a: Vent de l'est|Psychic Noise|p1a: Gliscor
|-activate|p1a: Gliscor|move: Protect
|
|-heal|p1a: Gliscor|52/100 tox|[from] ability: Poison Heal
|-damage|p2a: Vent de l'est|58/100 tox|[from] psn
|upkeep
|turn|17
|
|t:|1776087846
|move|p1a: Gliscor|Earthquake|p2a: Vent de l'est
|-damage|p2a: Vent de l'est|34/100 tox
|move|p2a: Vent de l'est|Healing Wish|p2a: Vent de l'est
|faint|p2a: Vent de l'est
|
|-heal|p1a: Gliscor|64/100 tox|[from] ability: Poison Heal
|upkeep
|
|t:|1776087854
|switch|p2a: PrinceDeSangMêlé|Kingambit, F|100/100
|-activate|p2a: PrinceDeSangMêlé|ability: Supreme Overlord
|-start|p2a: PrinceDeSangMêlé|fallen4|[silent]
|turn|18
|
|t:|1776087865
|-terastallize|p2a: PrinceDeSangMêlé|Fairy
|move|p1a: Gliscor|Earthquake|p2a: PrinceDeSangMêlé
|-crit|p2a: PrinceDeSangMêlé
|-damage|p2a: PrinceDeSangMêlé|61/100
|move|p2a: PrinceDeSangMêlé|Swords Dance|p2a: PrinceDeSangMêlé
|-boost|p2a: PrinceDeSangMêlé|atk|2
|
|-heal|p1a: Gliscor|76/100 tox|[from] ability: Poison Heal
|upkeep
|turn|19
|
|t:|1776087877
|move|p1a: Gliscor|Toxic|p2a: PrinceDeSangMêlé
|-status|p2a: PrinceDeSangMêlé|tox
|move|p2a: PrinceDeSangMêlé|Swords Dance|p2a: PrinceDeSangMêlé
|-boost|p2a: PrinceDeSangMêlé|atk|2
|
|-heal|p1a: Gliscor|89/100 tox|[from] ability: Poison Heal
|-damage|p2a: PrinceDeSangMêlé|55/100 tox|[from] psn
|upkeep
|turn|20
|
|t:|1776087886
|move|p1a: Gliscor|Earthquake|p2a: PrinceDeSangMêlé
|-damage|p2a: PrinceDeSangMêlé|25/100 tox
|move|p2a: PrinceDeSangMêlé|Kowtow Cleave|p1a: Gliscor
|-damage|p1a: Gliscor|0 fnt
|faint|p1a: Gliscor
|
|-damage|p2a: PrinceDeSangMêlé|13/100 tox|[from] psn
|upkeep
|
|t:|1776087896
|switch|p1a: Corviknight|Corviknight, F|5/100
|-ability|p1a: Corviknight|Pressure
|turn|21
|
|t:|1776087902
|move|p2a: PrinceDeSangMêlé|Sucker Punch||[still]
|-fail|p2a: PrinceDeSangMêlé
|move|p1a: Corviknight|Roost|p1a: Corviknight
|-heal|p1a: Corviknight|55/100
|-singleturn|p1a: Corviknight|move: Roost
|
|-damage|p2a: PrinceDeSangMêlé|0 fnt|[from] psn
|faint|p2a: PrinceDeSangMêlé
|-end|p2a: PrinceDeSangMêlé|fallen4|[silent]
|upkeep
|
|t:|1776087910
|switch|p2a: Z-machine|Great Tusk|100/100
|-status|p2a: Z-machine|tox
|turn|22
|
|t:|1776087915
|move|p2a: Z-machine|Close Combat|p1a: Corviknight
|-damage|p1a: Corviknight|19/100
|-unboost|p2a: Z-machine|def|1
|-unboost|p2a: Z-machine|spd|1
|-damage|p2a: Z-machine|84/100 tox|[from] item: Rocky Helmet|[of] p1a: Corviknight
|move|p1a: Corviknight|Brave Bird|p2a: Z-machine
|-supereffective|p2a: Z-machine
|-damage|p2a: Z-machine|9/100 tox
|-damage|p1a: Corviknight|0 fnt|[from] Recoil
|faint|p1a: Corviknight
|
|-damage|p2a: Z-machine|3/100 tox|[from] psn
|upkeep
|c|☆mo_ce04|gg
|
|t:|1776087929
|switch|p1a: Walking Wake|Walking Wake|100/100
|turn|23
|
|t:|1776087937
|move|p1a: Walking Wake|Hydro Steam|p2a: Z-machine
|-supereffective|p2a: Z-machine
|-damage|p2a: Z-machine|0 fnt
|faint|p2a: Z-machine
|-end|p2a: Z-machine|Protosynthesis|[silent]
|
|win|mo_ce04
|raw|mo_ce04's rating: 1111 &rarr; <strong>1138</strong><br />(+27 for winning)
|raw|JarBaX1998's rating: 1136 &rarr; <strong>1109</strong><br />(-27 for losing)
|l|☆JarBaX1998
|player|p2|
|l|☆mo_ce04
|player|p1|
|j|☆mo_ce04
|player|p1|mo_ce04|2|
|l|☆mo_ce04
|player|p1|
|j|☆mo_ce04
|player|p1|mo_ce04|2|
