|html|<div class="broadcast-blue"><strong>[Gen 9] OU is currently suspecting Tera Blast! For information on how to participate check out the <a href="https://www.smogon.com/tools/suspects/view/200">suspect thread</a>.</strong></div>
|j|☆CR auto drafter
|j|☆GODKUD
|t:|1776042215
|gametype|singles
|player|p1|CR auto drafter|hoopster|1382
|player|p2|GODKUD|ghetsis-gen5bw|1392
|gen|9
|tier|[Gen 9] OU
|rated|
|rule|HP Percentage Mod: HP is shown in percentages
|rule|Endless Battle Clause: Forcing endless battles is banned
|rule|Species Clause: Limit one of each Pokémon
|rule|OHKO Clause: OHKO moves are banned
|rule|Evasion Items Clause: Evasion items are banned
|rule|Evasion Moves Clause: Evasion moves are banned
|rule|Evasion Abilities Clause: Evasion abilities are banned
|rule|Sleep Moves Clause: Sleep-inducing moves are banned
|clearpoke
|poke|p1|Primarina, F|
|poke|p1|Slowking-Galar, M|
|poke|p1|Corviknight, M|
|poke|p1|Great Tusk|
|poke|p1|Meowscarada, F|
|poke|p1|Kyurem|
|poke|p2|Feraligatr, M|
|poke|p2|Conkeldurr, M|
|poke|p2|Rampardos, M|
|poke|p2|Haxorus, F|
|poke|p2|Deoxys-Speed|
|poke|p2|Tornadus-Therian, M|
|teampreview
|inactive|Battle timer is ON: inactive players will automatically lose when time's up. (requested by GODKUD)
|
|t:|1776042232
|teamsize|p1|6
|teamsize|p2|6
|start
|switch|p1a: Primarina|Primarina, F|100/100
|switch|p2a: Deoxys|Deoxys-Speed|100/100
|-ability|p2a: Deoxys|Pressure
|turn|1
|
|t:|1776042240
|move|p2a: Deoxys|Light Screen|p2a: Deoxys
|-sidestart|p2: GODKUD|move: Light Screen
|move|p1a: Primarina|Moonblast|p2a: Deoxys
|-damage|p2a: Deoxys|69/100
|
|upkeep
|turn|2
|
|t:|1776042245
|move|p2a: Deoxys|Reflect|p2a: Deoxys
|-sidestart|p2: GODKUD|Reflect
|move|p1a: Primarina|Flip Turn|p2a: Deoxys
|-damage|p2a: Deoxys|60/100
|
|t:|1776042248
|switch|p1a: Slowking|Slowking-Galar, M|100/100|[from] Flip Turn
|
|upkeep
|turn|3
|
|t:|1776042254
|move|p2a: Deoxys|Taunt|p1a: Slowking
|-start|p1a: Slowking|move: Taunt
|cant|p1a: Slowking|move: Taunt|Thunder Wave
|
|upkeep
|turn|4
|
|t:|1776042259
|move|p2a: Deoxys|Stealth Rock|p1a: Slowking
|-sidestart|p1: CR auto drafter|move: Stealth Rock
|move|p1a: Slowking|Sludge Bomb|p2a: Deoxys
|-damage|p2a: Deoxys|41/100
|
|upkeep
|turn|5
|
|t:|1776042263
|switch|p2a: Rampardos|Rampardos, M|100/100
|-ability|p2a: Rampardos|Mold Breaker
|move|p1a: Slowking|Sludge Bomb|p2a: Rampardos
|-resisted|p2a: Rampardos
|-damage|p2a: Rampardos|86/100
|
|-end|p1a: Slowking|move: Taunt
|upkeep
|turn|6
|
|t:|1776042270
|switch|p1a: Corviknight|Corviknight, M|100/100
|-damage|p1a: Corviknight|88/100|[from] Stealth Rock
|-ability|p1a: Corviknight|Pressure
|move|p2a: Rampardos|Earthquake|p1a: Corviknight
|-immune|p1a: Corviknight
|
|upkeep
|turn|7
|
|t:|1776042278
|move|p2a: Rampardos|Swords Dance|p2a: Rampardos
|-boost|p2a: Rampardos|atk|2
|move|p1a: Corviknight|Defog|p2a: Rampardos
|-unboost|p2a: Rampardos|evasion|1
|-sideend|p2: GODKUD|Reflect
|-sideend|p2: GODKUD|move: Light Screen
|-sideend|p1: CR auto drafter|Stealth Rock|[from] move: Defog|[of] p1a: Corviknight
|
|upkeep
|turn|8
|
|t:|1776042285
|switch|p1a: Great Tusk|Great Tusk|100/100
|move|p2a: Rampardos|Rock Slide|p1a: Great Tusk
|-resisted|p1a: Great Tusk
|-damage|p1a: Great Tusk|84/100
|
|upkeep
|turn|9
|
|t:|1776042294
|-terastallize|p2a: Rampardos|Grass
|move|p1a: Great Tusk|Close Combat|p2a: Rampardos
|-damage|p2a: Rampardos|0 fnt
|-unboost|p1a: Great Tusk|def|1
|-unboost|p1a: Great Tusk|spd|1
|faint|p2a: Rampardos
|
|upkeep
|
|t:|1776042299
|switch|p2a: Deoxys|Deoxys-Speed|41/100
|-ability|p2a: Deoxys|Pressure
|turn|10
|
|t:|1776042303
|-end|p1a: Great Tusk|Protosynthesis|[silent]
|switch|p1a: Slowking|Slowking-Galar, M|100/100
|move|p2a: Deoxys|Reflect|p2a: Deoxys
|-sidestart|p2: GODKUD|Reflect
|
|upkeep
|turn|11
|
|t:|1776042306
|move|p2a: Deoxys|Taunt|p1a: Slowking
|-start|p1a: Slowking|move: Taunt
|cant|p1a: Slowking|move: Taunt|Thunder Wave
|
|upkeep
|turn|12
|
|t:|1776042311
|switch|p1a: Corviknight|Corviknight, M|88/100
|-ability|p1a: Corviknight|Pressure
|move|p2a: Deoxys|Light Screen|p2a: Deoxys
|-sidestart|p2: GODKUD|move: Light Screen
|
|upkeep
|turn|13
|
|t:|1776042314
|move|p2a: Deoxys|Taunt|p1a: Corviknight
|-start|p1a: Corviknight|move: Taunt
|cant|p1a: Corviknight|move: Taunt|Defog
|
|upkeep
|turn|14
|
|t:|1776042318
|move|p2a: Deoxys|Stealth Rock|p1a: Corviknight
|-sidestart|p1: CR auto drafter|move: Stealth Rock
|move|p1a: Corviknight|U-turn|p2a: Deoxys
|-supereffective|p2a: Deoxys
|-damage|p2a: Deoxys|24/100
|
|t:|1776042321
|switch|p1a: Slowking|Slowking-Galar, M|100/100|[from] U-turn
|
|upkeep
|turn|15
|
|t:|1776042324
|move|p2a: Deoxys|Taunt|p1a: Slowking
|-start|p1a: Slowking|move: Taunt
|move|p1a: Slowking|Sludge Bomb|p2a: Deoxys
|-damage|p2a: Deoxys|4/100
|
|upkeep
|turn|16
|
|t:|1776042329
|move|p2a: Deoxys|Taunt||[still]
|-fail|p2a: Deoxys
|move|p1a: Slowking|Future Sight|p2a: Deoxys
|-start|p1a: Slowking|move: Future Sight
|
|upkeep
|turn|17
|
|t:|1776042333
|move|p2a: Deoxys|Taunt||[still]
|-fail|p2a: Deoxys
|move|p1a: Slowking|Sludge Bomb|p2a: Deoxys
|-damage|p2a: Deoxys|0 fnt
|faint|p2a: Deoxys
|
|-end|p1a: Slowking|move: Taunt
|-sideend|p2: GODKUD|Reflect
|upkeep
|
|t:|1776042337
|switch|p2a: Feraligatr|Feraligatr, M|100/100
|turn|18
|
|t:|1776042341
|move|p2a: Feraligatr|Crunch|p1a: Slowking
|-supereffective|p1a: Slowking
|-crit|p1a: Slowking
|-damage|p1a: Slowking|0 fnt
|faint|p1a: Slowking
|
|-end|p2a: Feraligatr|move: Future Sight
|-damage|p2a: Feraligatr|73/100
|upkeep
|
|t:|1776042350
|switch|p1a: Meowscarada|Meowscarada, F|100/100
|-damage|p1a: Meowscarada|88/100|[from] Stealth Rock
|turn|19
|
|t:|1776042354
|move|p1a: Meowscarada|Flower Trick|p2a: Feraligatr
|-start|p1a: Meowscarada|typechange|Grass|[from] ability: Protean
|-supereffective|p2a: Feraligatr
|-crit|p2a: Feraligatr
|-damage|p2a: Feraligatr|0 fnt
|faint|p2a: Feraligatr
|
|-sideend|p2: GODKUD|move: Light Screen
|upkeep
|
|t:|1776042359
|switch|p2a: Haxorus|Haxorus, F|100/100
|-ability|p2a: Haxorus|Mold Breaker
|turn|20
|
|t:|1776042364
|switch|p1a: Corviknight|Corviknight, M|88/100
|-damage|p1a: Corviknight|76/100|[from] Stealth Rock
|-ability|p1a: Corviknight|Pressure
|move|p2a: Haxorus|Swords Dance|p2a: Haxorus
|-boost|p2a: Haxorus|atk|2
|
|upkeep
|turn|21
|
|t:|1776042368
|move|p2a: Haxorus|Scale Shot|p1a: Corviknight
|-resisted|p1a: Corviknight
|-damage|p1a: Corviknight|68/100
|-resisted|p1a: Corviknight
|-damage|p1a: Corviknight|59/100
|-resisted|p1a: Corviknight
|-damage|p1a: Corviknight|50/100
|-resisted|p1a: Corviknight
|-damage|p1a: Corviknight|41/100
|-resisted|p1a: Corviknight
|-damage|p1a: Corviknight|33/100
|-hitcount|p1a: Corviknight|5
|-unboost|p2a: Haxorus|def|1
|-boost|p2a: Haxorus|spe|1
|move|p1a: Corviknight|Brave Bird|p2a: Haxorus
|-damage|p2a: Haxorus|35/100
|-damage|p1a: Corviknight|17/100|[from] Recoil
|
|upkeep
|turn|22
|
|t:|1776042382
|move|p2a: Haxorus|Scale Shot|p1a: Corviknight
|-resisted|p1a: Corviknight
|-damage|p1a: Corviknight|9/100
|-resisted|p1a: Corviknight
|-damage|p1a: Corviknight|1/100
|-resisted|p1a: Corviknight
|-damage|p1a: Corviknight|0 fnt
|faint|p1a: Corviknight
|-hitcount|p1: Corviknight|3
|-unboost|p2a: Haxorus|def|1
|-boost|p2a: Haxorus|spe|1
|
|upkeep
|
|t:|1776042398
|switch|p1a: Primarina|Primarina, F|100/100
|-damage|p1a: Primarina|88/100|[from] Stealth Rock
|turn|23
|
|t:|1776042403
|move|p2a: Haxorus|Poison Jab|p1a: Primarina
|-supereffective|p1a: Primarina
|-damage|p1a: Primarina|0 fnt
|faint|p1a: Primarina
|
|upkeep
|l|☆CR auto drafter
|inactive|CR auto drafter disconnected and has a minute to reconnect!
|player|p1|
|inactive|CR auto drafter has 30 seconds to reconnect!
|inactive|CR auto drafter has 20 seconds to reconnect!
|inactive|CR auto drafter has 15 seconds to reconnect!
|inactive|CR auto drafter has 10 seconds to reconnect!
|inactive|CR auto drafter has 5 seconds to reconnect!
|-message|CR auto drafter lost due to inactivity.
|
|win|GODKUD
|raw|CR auto drafter's rating: 1382 &rarr; <strong>1363</strong><br />(-19 for losing)
|raw|GODKUD's rating: 1392 &rarr; <strong>1411</strong><br />(+19 for winning)
|l|☆GODKUD
|player|p2|
