|html|<div class="broadcast-blue"><strong>[Gen 9] OU is currently suspecting Tera Blast! For information on how to participate check out the <a href="https://www.smogon.com/tools/suspects/view/200">suspect thread</a>.</strong></div>
|j|☆pokeoscar35
|j|☆sharkerthantheteal
|t:|1776112291
|gametype|singles
|player|p1|pokeoscar35|1|1289
|player|p2|sharkerthantheteal|cynthia-gen4|1305
|gen|9
|tier|[Gen 9] OU
|rated|
|rule|HP Percentage Mod: HP is shown in percentages
|rule|Endless Battle Clause: Forcing endless battles is banned
|rule|Species Clause: Limit one of each Pokémon
|rule|OHKO Clause: OHKO moves are banned
|rule|Evasion Items Clause: Evasion items are banned
|rule|Evasion Moves Clause: Evasion moves are banned
|rule|Evasion Abilities Clause: Evasion abilities are banned
|rule|Sleep Moves Clause: Sleep-inducing moves are banned
|clearpoke
|poke|p1|Gholdengo|
|poke|p1|Iron Valiant|
|poke|p1|Slowking-Galar, M|
|poke|p1|Samurott-Hisui, F|
|poke|p1|Gliscor, M|
|poke|p1|Dragonite, F|
|poke|p2|Malamar, F|
|poke|p2|Dragapult, M|
|poke|p2|Great Tusk|
|poke|p2|Gholdengo|
|poke|p2|Amoonguss, F|
|poke|p2|Kingambit, F|
|teampreview
|
|t:|1776112322
|teamsize|p1|6
|teamsize|p2|6
|start
|switch|p1a: Gliscor|Gliscor, M|100/100
|switch|p2a: Great Tusk|Great Tusk|100/100
|turn|1
|inactive|Battle timer is ON: inactive players will automatically lose when time's up. (requested by pokeoscar35)
|
|t:|1776112327
|move|p1a: Gliscor|Protect|p1a: Gliscor
|-singleturn|p1a: Gliscor|Protect
|move|p2a: Great Tusk|Knock Off|p1a: Gliscor
|-activate|p1a: Gliscor|move: Protect
|
|-status|p1a: Gliscor|tox|[from] item: Toxic Orb
|upkeep
|turn|2
|
|t:|1776112336
|move|p1a: Gliscor|Toxic|p2a: Great Tusk
|-status|p2a: Great Tusk|tox
|move|p2a: Great Tusk|Bulk Up|p2a: Great Tusk
|-boost|p2a: Great Tusk|atk|1
|-boost|p2a: Great Tusk|def|1
|
|-damage|p2a: Great Tusk|94/100 tox|[from] psn
|upkeep
|turn|3
|
|t:|1776112343
|switch|p1a: Gholdengo|Gholdengo|100/100
|-end|p2a: Great Tusk|Protosynthesis|[silent]
|switch|p2a: Amoonguss|Amoonguss, F|100/100
|
|upkeep
|turn|4
|
|t:|1776112350
|switch|p1a: Samurott|Samurott-Hisui, F|100/100
|move|p2a: Amoonguss|Protect||[still]
|-fail|p2a: Amoonguss
|
|upkeep
|turn|5
|
|t:|1776112355
|move|p1a: Samurott|Ceaseless Edge|p2a: Amoonguss
|-damage|p2a: Amoonguss|70/100
|-damage|p1a: Samurott|84/100|[from] item: Rocky Helmet|[of] p2a: Amoonguss
|-sidestart|p2: sharkerthantheteal|Spikes
|move|p2a: Amoonguss|Toxic|p1a: Samurott
|-status|p1a: Samurott|tox
|
|-damage|p1a: Samurott|78/100 tox|[from] psn
|upkeep
|turn|6
|
|t:|1776112364
|move|p2a: Amoonguss|Protect|p2a: Amoonguss
|-singleturn|p2a: Amoonguss|Protect
|move|p1a: Samurott|Ceaseless Edge|p2a: Amoonguss
|-activate|p2a: Amoonguss|move: Protect
|
|-damage|p1a: Samurott|66/100 tox|[from] psn
|upkeep
|turn|7
|
|t:|1776112371
|move|p1a: Samurott|Ceaseless Edge|p2a: Amoonguss
|-damage|p2a: Amoonguss|42/100
|-damage|p1a: Samurott|49/100 tox|[from] item: Rocky Helmet|[of] p2a: Amoonguss
|-sidestart|p2: sharkerthantheteal|Spikes
|move|p2a: Amoonguss|Giga Drain|p1a: Samurott
|-supereffective|p1a: Samurott
|-damage|p1a: Samurott|19/100 tox
|-heal|p2a: Amoonguss|55/100|[from] drain|[of] p1a: Samurott
|
|-damage|p1a: Samurott|1/100 tox|[from] psn
|upkeep
|turn|8
|inactive|pokeoscar35 has 120 seconds left.
|
|t:|1776112402
|switch|p1a: Slowking|Slowking-Galar, M|100/100
|move|p2a: Amoonguss|Synthesis|p2a: Amoonguss
|-heal|p2a: Amoonguss|100/100
|
|upkeep
|turn|9
|
|t:|1776112410
|switch|p2a: Great Tusk|Great Tusk|94/100 tox
|-damage|p2a: Great Tusk|78/100 tox|[from] Spikes
|move|p1a: Slowking|Future Sight|p2a: Great Tusk
|-start|p1a: Slowking|move: Future Sight
|
|-heal|p2a: Great Tusk|84/100 tox|[from] item: Leftovers
|-damage|p2a: Great Tusk|78/100 tox|[from] psn
|upkeep
|turn|10
|
|t:|1776112418
|switch|p1a: Gholdengo|Gholdengo|100/100
|move|p2a: Great Tusk|Knock Off|p1a: Gholdengo
|-supereffective|p1a: Gholdengo
|-damage|p1a: Gholdengo|33/100
|-enditem|p1a: Gholdengo|Choice Specs|[from] move: Knock Off|[of] p2a: Great Tusk
|
|-heal|p2a: Great Tusk|84/100 tox|[from] item: Leftovers
|-damage|p2a: Great Tusk|71/100 tox|[from] psn
|upkeep
|turn|11
|
|t:|1776112427
|move|p1a: Gholdengo|Make It Rain|p2a: Great Tusk
|-damage|p2a: Great Tusk|0 fnt
|-unboost|p1a: Gholdengo|spa|1
|faint|p2a: Great Tusk
|-end|p2a: Great Tusk|Protosynthesis|[silent]
|
|-hint|Future Sight did not hit because the target is fainted.
|upkeep
|
|t:|1776112437
|switch|p2a: Dragapult|Dragapult, M|100/100
|-damage|p2a: Dragapult|84/100|[from] Spikes
|turn|12
|j| GruesomeLovelies
|
|t:|1776112451
|switch|p1a: Samurott|Samurott-Hisui, F|1/100 tox
|move|p2a: Dragapult|Shadow Ball|p1a: Samurott
|-resisted|p1a: Samurott
|-damage|p1a: Samurott|0 fnt
|faint|p1a: Samurott
|
|upkeep
|
|t:|1776112455
|switch|p1a: Slowking|Slowking-Galar, M|100/100
|turn|13
|
|t:|1776112471
|-terastallize|p2a: Dragapult|Ghost
|move|p2a: Dragapult|Shadow Ball|p1a: Slowking
|-supereffective|p1a: Slowking
|-damage|p1a: Slowking|49/100
|move|p1a: Slowking|Ice Beam|p2a: Dragapult
|-damage|p2a: Dragapult|55/100
|
|upkeep
|turn|14
|
|t:|1776112479
|move|p2a: Dragapult|Shadow Ball|p1a: Slowking
|-supereffective|p1a: Slowking
|-damage|p1a: Slowking|0 fnt
|faint|p1a: Slowking
|
|upkeep
|
|t:|1776112481
|switch|p1a: Iron Valiant|Iron Valiant|100/100
|-enditem|p1a: Iron Valiant|Booster Energy
|-activate|p1a: Iron Valiant|ability: Quark Drive|[fromitem]
|-start|p1a: Iron Valiant|quarkdrivespe
|turn|15
|
|t:|1776112488
|move|p1a: Iron Valiant|Shadow Ball|p2a: Dragapult
|-supereffective|p2a: Dragapult
|-damage|p2a: Dragapult|0 fnt
|faint|p2a: Dragapult
|
|upkeep
|
|t:|1776112494
|switch|p2a: Amoonguss|Amoonguss, F|100/100
|-damage|p2a: Amoonguss|84/100|[from] Spikes
|turn|16
|inactive|pokeoscar35 has 120 seconds left.
|
|t:|1776112541
|-end|p1a: Iron Valiant|Quark Drive|[silent]
|switch|p1a: Gholdengo|Gholdengo|33/100
|move|p2a: Amoonguss|Toxic|p1a: Gholdengo
|-immune|p1a: Gholdengo|[from] ability: Good as Gold
|
|upkeep
|turn|17
|
|t:|1776112549
|move|p1a: Gholdengo|Trick|p2a: Amoonguss
|-activate|p1a: Gholdengo|move: Trick|[of] p2a: Amoonguss
|-enditem|p2a: Amoonguss|Rocky Helmet|[silent]|[from] move: Trick
|-item|p1a: Gholdengo|Rocky Helmet|[from] move: Trick
|move|p2a: Amoonguss|Synthesis|p2a: Amoonguss
|-heal|p2a: Amoonguss|100/100
|
|upkeep
|turn|18
|
|t:|1776112565
|move|p2a: Amoonguss|Protect|p2a: Amoonguss
|-singleturn|p2a: Amoonguss|Protect
|move|p1a: Gholdengo|Shadow Ball|p2a: Amoonguss
|-activate|p2a: Amoonguss|move: Protect
|
|upkeep
|turn|19
|
|t:|1776112573
|switch|p2a: Kingambit|Kingambit, F|100/100
|-damage|p2a: Kingambit|84/100|[from] Spikes
|-activate|p2a: Kingambit|ability: Supreme Overlord
|-start|p2a: Kingambit|fallen2|[silent]
|move|p1a: Gholdengo|Shadow Ball|p2a: Kingambit
|-resisted|p2a: Kingambit
|-damage|p2a: Kingambit|64/100
|-unboost|p2a: Kingambit|spd|1
|
|upkeep
|turn|20
|inactive|pokeoscar35 has 120 seconds left.
|
|t:|1776112592
|move|p1a: Gholdengo|Dazzling Gleam|p2a: Kingambit
|-damage|p2a: Kingambit|20/100
|move|p2a: Kingambit|Swords Dance|p2a: Kingambit
|-boost|p2a: Kingambit|atk|2
|
|upkeep
|turn|21
|
|t:|1776112600
|move|p2a: Kingambit|Sucker Punch||[still]
|-fail|p2a: Kingambit
|move|p1a: Gholdengo|Trick|p2a: Kingambit
|-activate|p1a: Gholdengo|move: Trick|[of] p2a: Kingambit
|-item|p2a: Kingambit|Rocky Helmet|[from] move: Trick
|-item|p1a: Gholdengo|Black Glasses|[from] move: Trick
|
|upkeep
|turn|22
|
|t:|1776112607
|move|p2a: Kingambit|Sucker Punch|p1a: Gholdengo
|-supereffective|p1a: Gholdengo
|-damage|p1a: Gholdengo|0 fnt
|faint|p1a: Gholdengo
|
|upkeep
|
|t:|1776112611
|switch|p1a: Iron Valiant|Iron Valiant|100/100
|turn|23
|
|t:|1776112617
|move|p1a: Iron Valiant|Encore|p2a: Kingambit
|-start|p2a: Kingambit|Encore
|move|p2a: Kingambit|Sucker Punch||[still]
|-fail|p2a: Kingambit
|
|upkeep
|turn|24
|
|t:|1776112623
|-end|p2a: Kingambit|fallen2|[silent]
|switch|p2a: Gholdengo|Gholdengo|100/100
|-damage|p2a: Gholdengo|84/100|[from] Spikes
|move|p1a: Iron Valiant|Calm Mind|p1a: Iron Valiant
|-boost|p1a: Iron Valiant|spa|1
|-boost|p1a: Iron Valiant|spd|1
|
|-heal|p2a: Gholdengo|90/100|[from] item: Leftovers
|upkeep
|turn|25
|
|t:|1776112630
|-terastallize|p1a: Iron Valiant|Ghost
|move|p1a: Iron Valiant|Shadow Ball|p2a: Gholdengo
|-supereffective|p2a: Gholdengo
|-damage|p2a: Gholdengo|0 fnt
|faint|p2a: Gholdengo
|
|upkeep
|
|t:|1776112636
|switch|p2a: Malamar|Malamar, F|100/100
|-damage|p2a: Malamar|84/100|[from] Spikes
|turn|26
|
|t:|1776112662
|move|p1a: Iron Valiant|Moonblast|p2a: Malamar
|-supereffective|p2a: Malamar
|-damage|p2a: Malamar|0 fnt
|faint|p2a: Malamar
|
|upkeep
|
|t:|1776112667
|switch|p2a: Kingambit|Kingambit, F|20/100
|-damage|p2a: Kingambit|3/100|[from] Spikes
|-activate|p2a: Kingambit|ability: Supreme Overlord
|-start|p2a: Kingambit|fallen4|[silent]
|turn|27
|
|t:|1776112675
|move|p1a: Iron Valiant|Calm Mind|p1a: Iron Valiant
|-boost|p1a: Iron Valiant|spa|1
|-boost|p1a: Iron Valiant|spd|1
|move|p2a: Kingambit|Kowtow Cleave|p1a: Iron Valiant
|-supereffective|p1a: Iron Valiant
|-damage|p1a: Iron Valiant|0 fnt
|faint|p1a: Iron Valiant
|-end|p1a: Iron Valiant|Quark Drive|[silent]
|
|upkeep
|
|t:|1776112677
|switch|p1a: Gliscor|Gliscor, M|100/100 tox
|turn|28
|
|t:|1776112684
|move|p2a: Kingambit|Sucker Punch|p1a: Gliscor
|-damage|p1a: Gliscor|57/100 tox
|move|p1a: Gliscor|Earthquake|p2a: Kingambit
|-supereffective|p2a: Kingambit
|-damage|p2a: Kingambit|0 fnt
|faint|p2a: Kingambit
|-end|p2a: Kingambit|fallen4|[silent]
|
|-heal|p1a: Gliscor|69/100 tox|[from] ability: Poison Heal
|upkeep
|
|t:|1776112692
|switch|p2a: Amoonguss|Amoonguss, F|100/100
|-damage|p2a: Amoonguss|84/100|[from] Spikes
|turn|29
|
|t:|1776112718
|move|p1a: Gliscor|Substitute|p1a: Gliscor
|-start|p1a: Gliscor|Substitute
|-damage|p1a: Gliscor|45/100 tox
|move|p2a: Amoonguss|Giga Drain|p1a: Gliscor
|-end|p1a: Gliscor|Substitute
|-heal|p2a: Amoonguss|94/100|[from] drain|[of] p1a: Gliscor
|
|-heal|p1a: Gliscor|57/100 tox|[from] ability: Poison Heal
|upkeep
|turn|30
|
|t:|1776112728
|move|p1a: Gliscor|Protect|p1a: Gliscor
|-singleturn|p1a: Gliscor|Protect
|move|p2a: Amoonguss|Giga Drain|p1a: Gliscor
|-activate|p1a: Gliscor|move: Protect
|
|-heal|p1a: Gliscor|69/100 tox|[from] ability: Poison Heal
|upkeep
|turn|31
|c|☆pokeoscar35|this is gona take forever lol
|
|t:|1776112742
|move|p1a: Gliscor|Substitute|p1a: Gliscor
|-start|p1a: Gliscor|Substitute
|-damage|p1a: Gliscor|45/100 tox
|move|p2a: Amoonguss|Giga Drain|p1a: Gliscor
|-end|p1a: Gliscor|Substitute
|-heal|p2a: Amoonguss|100/100|[from] drain|[of] p1a: Gliscor
|
|-heal|p1a: Gliscor|57/100 tox|[from] ability: Poison Heal
|upkeep
|turn|32
|
|t:|1776112761
|move|p1a: Gliscor|Protect|p1a: Gliscor
|-singleturn|p1a: Gliscor|Protect
|move|p2a: Amoonguss|Giga Drain|p1a: Gliscor
|-activate|p1a: Gliscor|move: Protect
|
|-heal|p1a: Gliscor|69/100 tox|[from] ability: Poison Heal
|upkeep
|turn|33
|c|☆pokeoscar35|and you're gonna run out of Gigas before I run out of protects and subs
|
|t:|1776112774
|move|p1a: Gliscor|Substitute|p1a: Gliscor
|-start|p1a: Gliscor|Substitute
|-damage|p1a: Gliscor|45/100 tox
|move|p2a: Amoonguss|Toxic||[still]
|-fail|p2a: Amoonguss
|
|-heal|p1a: Gliscor|57/100 tox|[from] ability: Poison Heal
|upkeep
|turn|34
|
|t:|1776112785
|move|p1a: Gliscor|Earthquake|p2a: Amoonguss
|-damage|p2a: Amoonguss|77/100
|move|p2a: Amoonguss|Giga Drain|p1a: Gliscor
|-crit|p1a: Gliscor
|-end|p1a: Gliscor|Substitute
|-heal|p2a: Amoonguss|87/100|[from] drain|[of] p1a: Gliscor
|
|-heal|p1a: Gliscor|69/100 tox|[from] ability: Poison Heal
|upkeep
|turn|35
|
|t:|1776112793
|move|p1a: Gliscor|Earthquake|p2a: Amoonguss
|-damage|p2a: Amoonguss|63/100
|move|p2a: Amoonguss|Giga Drain|p1a: Gliscor
|-damage|p1a: Gliscor|41/100 tox
|-heal|p2a: Amoonguss|74/100|[from] drain|[of] p1a: Gliscor
|
|-heal|p1a: Gliscor|54/100 tox|[from] ability: Poison Heal
|upkeep
|turn|36
|
|t:|1776112801
|move|p1a: Gliscor|Protect|p1a: Gliscor
|-singleturn|p1a: Gliscor|Protect
|move|p2a: Amoonguss|Giga Drain|p1a: Gliscor
|-activate|p1a: Gliscor|move: Protect
|
|-heal|p1a: Gliscor|66/100 tox|[from] ability: Poison Heal
|upkeep
|turn|37
|
|t:|1776112809
|move|p1a: Gliscor|Substitute|p1a: Gliscor
|-start|p1a: Gliscor|Substitute
|-damage|p1a: Gliscor|41/100 tox
|move|p2a: Amoonguss|Giga Drain|p1a: Gliscor
|-end|p1a: Gliscor|Substitute
|-heal|p2a: Amoonguss|85/100|[from] drain|[of] p1a: Gliscor
|
|-heal|p1a: Gliscor|54/100 tox|[from] ability: Poison Heal
|upkeep
|turn|38
|
|t:|1776112816
|move|p1a: Gliscor|Protect|p1a: Gliscor
|-singleturn|p1a: Gliscor|Protect
|move|p2a: Amoonguss|Synthesis|p2a: Amoonguss
|-heal|p2a: Amoonguss|100/100
|
|-heal|p1a: Gliscor|66/100 tox|[from] ability: Poison Heal
|upkeep
|turn|39
|
|t:|1776112824
|move|p1a: Gliscor|Substitute|p1a: Gliscor
|-start|p1a: Gliscor|Substitute
|-damage|p1a: Gliscor|41/100 tox
|move|p2a: Amoonguss|Giga Drain|p1a: Gliscor
|-end|p1a: Gliscor|Substitute
|
|-heal|p1a: Gliscor|54/100 tox|[from] ability: Poison Heal
|upkeep
|turn|40
|c|☆pokeoscar35|c'mon dude let's not do this
|c|☆pokeoscar35|Ive got stuff to do lol
|
|t:|1776112840
|move|p1a: Gliscor|Protect|p1a: Gliscor
|-singleturn|p1a: Gliscor|Protect
|move|p2a: Amoonguss|Toxic|p1a: Gliscor
|-activate|p1a: Gliscor|move: Protect
|
|-heal|p1a: Gliscor|66/100 tox|[from] ability: Poison Heal
|upkeep
|turn|41
|
|t:|1776112850
|move|p1a: Gliscor|Substitute|p1a: Gliscor
|-start|p1a: Gliscor|Substitute
|-damage|p1a: Gliscor|41/100 tox
|move|p2a: Amoonguss|Giga Drain|p1a: Gliscor
|-end|p1a: Gliscor|Substitute
|
|-heal|p1a: Gliscor|54/100 tox|[from] ability: Poison Heal
|upkeep
|turn|42
|
|t:|1776112864
|move|p1a: Gliscor|Protect|p1a: Gliscor
|-singleturn|p1a: Gliscor|Protect
|move|p2a: Amoonguss|Toxic|p1a: Gliscor
|-activate|p1a: Gliscor|move: Protect
|
|-heal|p1a: Gliscor|66/100 tox|[from] ability: Poison Heal
|upkeep
|turn|43
|
|t:|1776112873
|move|p1a: Gliscor|Substitute|p1a: Gliscor
|-start|p1a: Gliscor|Substitute
|-damage|p1a: Gliscor|41/100 tox
|move|p2a: Amoonguss|Giga Drain|p1a: Gliscor
|-end|p1a: Gliscor|Substitute
|
|-heal|p1a: Gliscor|54/100 tox|[from] ability: Poison Heal
|upkeep
|turn|44
|
|t:|1776112880
|move|p1a: Gliscor|Earthquake|p2a: Amoonguss
|-damage|p2a: Amoonguss|79/100
|move|p2a: Amoonguss|Toxic|p1a: Gliscor
|-fail|p1a: Gliscor|tox
|
|-heal|p1a: Gliscor|66/100 tox|[from] ability: Poison Heal
|upkeep
|turn|45
|
|t:|1776112887
|move|p1a: Gliscor|Protect|p1a: Gliscor
|-singleturn|p1a: Gliscor|Protect
|move|p2a: Amoonguss|Synthesis|p2a: Amoonguss
|-heal|p2a: Amoonguss|100/100
|
|-heal|p1a: Gliscor|78/100 tox|[from] ability: Poison Heal
|upkeep
|turn|46
|
|t:|1776112894
|move|p1a: Gliscor|Substitute|p1a: Gliscor
|-start|p1a: Gliscor|Substitute
|-damage|p1a: Gliscor|54/100 tox
|move|p2a: Amoonguss|Giga Drain|p1a: Gliscor
|-end|p1a: Gliscor|Substitute
|
|-heal|p1a: Gliscor|66/100 tox|[from] ability: Poison Heal
|upkeep
|turn|47
|
|t:|1776112902
|move|p1a: Gliscor|Earthquake|p2a: Amoonguss
|-damage|p2a: Amoonguss|76/100
|move|p2a: Amoonguss|Synthesis|p2a: Amoonguss
|-heal|p2a: Amoonguss|100/100
|
|-heal|p1a: Gliscor|78/100 tox|[from] ability: Poison Heal
|upkeep
|turn|48
|
|t:|1776112909
|move|p1a: Gliscor|Substitute|p1a: Gliscor
|-start|p1a: Gliscor|Substitute
|-damage|p1a: Gliscor|54/100 tox
|move|p2a: Amoonguss|Giga Drain|p1a: Gliscor
|-end|p1a: Gliscor|Substitute
|
|-heal|p1a: Gliscor|66/100 tox|[from] ability: Poison Heal
|upkeep
|turn|49
|
|t:|1776112919
|move|p1a: Gliscor|Protect|p1a: Gliscor
|-singleturn|p1a: Gliscor|Protect
|move|p2a: Amoonguss|Giga Drain|p1a: Gliscor
|-activate|p1a: Gliscor|move: Protect
|
|-heal|p1a: Gliscor|78/100 tox|[from] ability: Poison Heal
|upkeep
|turn|50
|
|t:|1776112930
|move|p1a: Gliscor|Earthquake|p2a: Amoonguss
|-damage|p2a: Amoonguss|77/100
|move|p2a: Amoonguss|Giga Drain|p1a: Gliscor
|-damage|p1a: Gliscor|50/100 tox
|-heal|p2a: Amoonguss|88/100|[from] drain|[of] p1a: Gliscor
|
|-heal|p1a: Gliscor|63/100 tox|[from] ability: Poison Heal
|upkeep
|turn|51
|
|t:|1776112940
|move|p1a: Gliscor|Substitute|p1a: Gliscor
|-start|p1a: Gliscor|Substitute
|-damage|p1a: Gliscor|38/100 tox
|move|p2a: Amoonguss|Toxic||[still]
|-fail|p2a: Amoonguss
|
|-heal|p1a: Gliscor|50/100 tox|[from] ability: Poison Heal
|upkeep
|turn|52
|c|☆sharkerthantheteal|gg
|
|t:|1776112948
|move|p2a: Amoonguss|Protect|p2a: Amoonguss
|-singleturn|p2a: Amoonguss|Protect
|move|p1a: Gliscor|Earthquake|p2a: Amoonguss
|-activate|p2a: Amoonguss|move: Protect
|
|-heal|p1a: Gliscor|63/100 tox|[from] ability: Poison Heal
|upkeep
|turn|53
|c|☆pokeoscar35|nope, it wasnt lol
|
|t:|1776112961
|move|p1a: Gliscor|Earthquake|p2a: Amoonguss
|-damage|p2a: Amoonguss|67/100
|move|p2a: Amoonguss|Synthesis|p2a: Amoonguss
|-heal|p2a: Amoonguss|100/100
|
|-heal|p1a: Gliscor|75/100 tox|[from] ability: Poison Heal
|upkeep
|turn|54
|
|t:|1776112971
|move|p2a: Amoonguss|Protect|p2a: Amoonguss
|-singleturn|p2a: Amoonguss|Protect
|move|p1a: Gliscor|Earthquake|p2a: Amoonguss
|-activate|p2a: Amoonguss|move: Protect
|
|-heal|p1a: Gliscor|88/100 tox|[from] ability: Poison Heal
|upkeep
|turn|55
|
|t:|1776112980
|move|p1a: Gliscor|Toxic|p2a: Amoonguss
|-immune|p2a: Amoonguss
|move|p2a: Amoonguss|Toxic||[still]
|-fail|p2a: Amoonguss
|
|-heal|p1a: Gliscor|99/100 tox|[from] ability: Poison Heal
|upkeep
|turn|56
|c|☆pokeoscar35|hell, i might quit just because lol
|
|t:|1776112989
|move|p2a: Amoonguss|Protect|p2a: Amoonguss
|-singleturn|p2a: Amoonguss|Protect
|move|p1a: Gliscor|Toxic|p2a: Amoonguss
|-activate|p2a: Amoonguss|move: Protect
|
|-heal|p1a: Gliscor|100/100 tox|[from] ability: Poison Heal
|upkeep
|turn|57
|
|t:|1776112998
|move|p2a: Amoonguss|Protect||[still]
|-fail|p2a: Amoonguss
|move|p1a: Gliscor|Earthquake|p2a: Amoonguss
|-damage|p2a: Amoonguss|77/100
|
|upkeep
|turn|58
|
|t:|1776113005
|move|p2a: Amoonguss|Protect|p2a: Amoonguss
|-singleturn|p2a: Amoonguss|Protect
|move|p1a: Gliscor|Toxic|p2a: Amoonguss
|-activate|p2a: Amoonguss|move: Protect
|
|upkeep
|turn|59
|
|t:|1776113017
|move|p1a: Gliscor|Toxic|p2a: Amoonguss
|-immune|p2a: Amoonguss
|move|p2a: Amoonguss|Toxic||[still]
|-fail|p2a: Amoonguss
|
|upkeep
|turn|60
|inactive|pokeoscar35 has 120 seconds left.
|
|t:|1776113054
|move|p1a: Gliscor|Earthquake|p2a: Amoonguss
|-crit|p2a: Amoonguss
|-damage|p2a: Amoonguss|44/100
|move|p2a: Amoonguss|Toxic||[still]
|-fail|p2a: Amoonguss
|
|upkeep
|turn|61
|
|t:|1776113061
|move|p1a: Gliscor|Toxic|p2a: Amoonguss
|-immune|p2a: Amoonguss
|move|p2a: Amoonguss|Synthesis|p2a: Amoonguss
|-heal|p2a: Amoonguss|94/100
|
|upkeep
|turn|62
|
|t:|1776113069
|move|p2a: Amoonguss|Protect|p2a: Amoonguss
|-singleturn|p2a: Amoonguss|Protect
|move|p1a: Gliscor|Toxic|p2a: Amoonguss
|-activate|p2a: Amoonguss|move: Protect
|
|upkeep
|turn|63
|
|t:|1776113075
|move|p2a: Amoonguss|Protect||[still]
|-fail|p2a: Amoonguss
|move|p1a: Gliscor|Toxic|p2a: Amoonguss
|-immune|p2a: Amoonguss
|
|upkeep
|turn|64
|
|t:|1776113082
|move|p2a: Amoonguss|Protect|p2a: Amoonguss
|-singleturn|p2a: Amoonguss|Protect
|move|p1a: Gliscor|Toxic|p2a: Amoonguss
|-activate|p2a: Amoonguss|move: Protect
|
|upkeep
|turn|65
|
|t:|1776113087
|move|p2a: Amoonguss|Protect|p2a: Amoonguss
|-singleturn|p2a: Amoonguss|Protect
|move|p1a: Gliscor|Earthquake|p2a: Amoonguss
|-activate|p2a: Amoonguss|move: Protect
|
|upkeep
|turn|66
|
|t:|1776113095
|move|p2a: Amoonguss|Protect||[still]
|-fail|p2a: Amoonguss
|move|p1a: Gliscor|Earthquake|p2a: Amoonguss
|-damage|p2a: Amoonguss|69/100
|
|upkeep
|turn|67
|
|t:|1776113101
|move|p2a: Amoonguss|Protect|p2a: Amoonguss
|-singleturn|p2a: Amoonguss|Protect
|move|p1a: Gliscor|Toxic|p2a: Amoonguss
|-activate|p2a: Amoonguss|move: Protect
|
|upkeep
|turn|68
|
|t:|1776113107
|move|p2a: Amoonguss|Protect||[still]
|-fail|p2a: Amoonguss
|move|p1a: Gliscor|Earthquake|p2a: Amoonguss
|-damage|p2a: Amoonguss|44/100
|
|upkeep
|turn|69
|
|t:|1776113117
|move|p1a: Gliscor|Toxic|p2a: Amoonguss
|-immune|p2a: Amoonguss
|move|p2a: Amoonguss|Toxic||[still]
|-fail|p2a: Amoonguss
|
|upkeep
|turn|70
|
|t:|1776113123
|move|p1a: Gliscor|Toxic|p2a: Amoonguss
|-immune|p2a: Amoonguss
|move|p2a: Amoonguss|Synthesis|p2a: Amoonguss
|-heal|p2a: Amoonguss|94/100
|
|upkeep
|turn|71
|
|t:|1776113129
|move|p1a: Gliscor|Protect|p1a: Gliscor
|-singleturn|p1a: Gliscor|Protect
|move|p2a: Amoonguss|Protect||[still]
|-fail|p2a: Amoonguss
|
|upkeep
|turn|72
|
|t:|1776113136
|move|p1a: Gliscor|Toxic|p2a: Amoonguss
|-immune|p2a: Amoonguss
|move|p2a: Amoonguss|Toxic||[still]
|-fail|p2a: Amoonguss
|
|upkeep
|turn|73
|
|t:|1776113141
|move|p1a: Gliscor|Earthquake|p2a: Amoonguss
|-crit|p2a: Amoonguss
|-damage|p2a: Amoonguss|60/100
|move|p2a: Amoonguss|Toxic||[still]
|-fail|p2a: Amoonguss
|
|upkeep
|turn|74
|
|t:|1776113147
|move|p1a: Gliscor|Earthquake|p2a: Amoonguss
|-damage|p2a: Amoonguss|35/100
|move|p2a: Amoonguss|Toxic||[still]
|-fail|p2a: Amoonguss
|
|upkeep
|turn|75
|
|t:|1776113153
|move|p1a: Gliscor|Toxic|p2a: Amoonguss
|-immune|p2a: Amoonguss
|move|p2a: Amoonguss|Toxic||[still]
|-fail|p2a: Amoonguss
|
|upkeep
|turn|76
|
|t:|1776113158
|move|p1a: Gliscor|Protect|p1a: Gliscor
|-singleturn|p1a: Gliscor|Protect
|move|p2a: Amoonguss|Toxic|p1a: Gliscor
|-activate|p1a: Gliscor|move: Protect
|
|upkeep
|turn|77
|
|t:|1776113164
|move|p1a: Gliscor|Protect||[still]
|-fail|p1a: Gliscor
|-activate|p2a: Amoonguss|move: Struggle
|move|p2a: Amoonguss|Struggle|p1a: Gliscor
|-activate|p1a: Gliscor|move: Substitute|[damage]
|-damage|p2a: Amoonguss|10/100|[from] recoil
|
|upkeep
|turn|78
|
|t:|1776113170
|move|p1a: Gliscor|Protect|p1a: Gliscor
|-singleturn|p1a: Gliscor|Protect
|-activate|p2a: Amoonguss|move: Struggle
|move|p2a: Amoonguss|Struggle|p1a: Gliscor
|-activate|p1a: Gliscor|move: Protect
|
|upkeep
|turn|79
|
|t:|1776113177
|move|p1a: Gliscor|Toxic|p2a: Amoonguss
|-immune|p2a: Amoonguss
|-activate|p2a: Amoonguss|move: Struggle
|move|p2a: Amoonguss|Struggle|p1a: Gliscor
|-activate|p1a: Gliscor|move: Substitute|[damage]
|-damage|p2a: Amoonguss|0 fnt|[from] recoil
|faint|p2a: Amoonguss
|
|win|pokeoscar35
|raw|pokeoscar35's rating: 1289 &rarr; <strong>1315</strong><br />(+26 for winning)
|raw|sharkerthantheteal's rating: 1305 &rarr; <strong>1284</strong><br />(-21 for losing)
|l|☆pokeoscar35
|player|p1|
|l| GruesomeLovelies
