|html|<div class="broadcast-blue"><strong>[Gen 9] OU is currently suspecting Tera Blast! For information on how to participate check out the <a href="https://www.smogon.com/tools/suspects/view/200">suspect thread</a>.</strong></div>
|j|☆6er4ld
|j|‽pokemongeiduonajie
|t:|1776229438
|gametype|singles
|player|p1|6er4ld|102|1211
|player|p2|pokemongeiduonajie|170|1206
|gen|9
|tier|[Gen 9] OU
|rated|
|rule|HP Percentage Mod: HP is shown in percentages
|rule|Endless Battle Clause: Forcing endless battles is banned
|rule|Species Clause: Limit one of each Pokémon
|rule|OHKO Clause: OHKO moves are banned
|rule|Evasion Items Clause: Evasion items are banned
|rule|Evasion Moves Clause: Evasion moves are banned
|rule|Evasion Abilities Clause: Evasion abilities are banned
|rule|Sleep Moves Clause: Sleep-inducing moves are banned
|clearpoke
|poke|p1|Clodsire, F|
|poke|p1|Blissey, F|
|poke|p1|Serperior, M|
|poke|p1|Espeon, F|
|poke|p1|Corviknight, F|
|poke|p1|Blaziken, M|
|poke|p2|Hippowdon, M|
|poke|p2|Sandslash, M|
|poke|p2|Corviknight, M|
|poke|p2|Gengar, F|
|poke|p2|Latios, M|
|poke|p2|Dragonite, F|
|teampreview
|
|t:|1776229446
|teamsize|p1|6
|teamsize|p2|6
|start
|switch|p1a: Serperior|Serperior, M|100/100
|switch|p2a: Hippowdon|Hippowdon, M|100/100
|-weather|Sandstorm|[from] ability: Sand Stream|[of] p2a: Hippowdon
|turn|1
|
|t:|1776229477
|switch|p2a: Latios|Latios, M|100/100
|move|p1a: Serperior|Leaf Storm|p2a: Latios
|-resisted|p2a: Latios
|-damage|p2a: Latios|76/100
|-boost|p1a: Serperior|spa|2
|
|-weather|Sandstorm|[upkeep]
|-damage|p1a: Serperior|94/100|[from] Sandstorm
|-damage|p2a: Latios|70/100|[from] Sandstorm
|upkeep
|turn|2
|
|t:|1776229493
|move|p1a: Serperior|Dragon Pulse|p2a: Latios
|-supereffective|p2a: Latios
|-damage|p2a: Latios|0 fnt
|faint|p2a: Latios
|
|-weather|Sandstorm|[upkeep]
|-damage|p1a: Serperior|88/100|[from] Sandstorm
|upkeep
|
|t:|1776229507
|switch|p2a: Dragonite|Dragonite, F|100/100
|turn|3
|
|t:|1776229526
|move|p1a: Serperior|Dragon Pulse|p2a: Dragonite
|-supereffective|p2a: Dragonite
|-damage|p2a: Dragonite|57/100
|move|p2a: Dragonite|Ice Spinner|p1a: Serperior
|-supereffective|p1a: Serperior
|-damage|p1a: Serperior|16/100
|
|-weather|Sandstorm|[upkeep]
|-damage|p1a: Serperior|10/100|[from] Sandstorm
|-damage|p2a: Dragonite|50/100|[from] Sandstorm
|upkeep
|turn|4
|
|t:|1776229542
|switch|p1a: Corviknight|Corviknight, F|100/100
|-ability|p1a: Corviknight|Pressure
|switch|p2a: Corviknight|Corviknight, M|100/100
|-ability|p2a: Corviknight|Pressure
|
|-weather|Sandstorm|[upkeep]
|upkeep
|turn|5
|
|t:|1776229557
|switch|p1a: Clodsire|Clodsire, F|100/100
|move|p2a: Corviknight|U-turn|p1a: Clodsire
|-resisted|p1a: Clodsire
|-damage|p1a: Clodsire|94/100
|
|t:|1776229566
|switch|p2a: Sandslash|Sandslash, M|100/100|[from] U-turn
|
|-weather|Sandstorm|[upkeep]
|-heal|p1a: Clodsire|99/100|[from] item: Leftovers
|upkeep
|turn|6
|
|t:|1776229581
|switch|p1a: Corviknight|Corviknight, F|100/100
|-ability|p1a: Corviknight|Pressure
|move|p2a: Sandslash|Swords Dance|p2a: Sandslash
|-boost|p2a: Sandslash|atk|2
|
|-weather|Sandstorm|[upkeep]
|upkeep
|turn|7
|inactive|Battle timer is ON: inactive players will automatically lose when time's up. (requested by pokemongeiduonajie)
|
|t:|1776229591
|move|p2a: Sandslash|Stone Edge|p1a: Corviknight|[miss]
|-miss|p2a: Sandslash|p1a: Corviknight
|move|p1a: Corviknight|Body Press|p2a: Sandslash
|-damage|p2a: Sandslash|77/100
|
|-weather|Sandstorm|[upkeep]
|upkeep
|turn|8
|
|t:|1776229599
|move|p2a: Sandslash|Stone Edge|p1a: Corviknight
|-damage|p1a: Corviknight|60/100
|move|p1a: Corviknight|Body Press|p2a: Sandslash
|-damage|p2a: Sandslash|51/100
|
|-weather|none
|upkeep
|turn|9
|
|t:|1776229608
|move|p2a: Sandslash|Swords Dance|p2a: Sandslash
|-boost|p2a: Sandslash|atk|2
|move|p1a: Corviknight|Roost|p1a: Corviknight
|-heal|p1a: Corviknight|100/100
|-singleturn|p1a: Corviknight|move: Roost
|
|upkeep
|turn|10
|
|t:|1776229615
|switch|p1a: Clodsire|Clodsire, F|99/100
|move|p2a: Sandslash|Stone Edge|p1a: Clodsire|[miss]
|-miss|p2a: Sandslash|p1a: Clodsire
|
|-heal|p1a: Clodsire|100/100|[from] item: Leftovers
|upkeep
|turn|11
|
|t:|1776229622
|move|p2a: Sandslash|Earthquake|p1a: Clodsire
|-supereffective|p1a: Clodsire
|-damage|p1a: Clodsire|13/100
|move|p1a: Clodsire|Curse|p1a: Clodsire
|-unboost|p1a: Clodsire|spe|1
|-boost|p1a: Clodsire|atk|1
|-boost|p1a: Clodsire|def|1
|
|-heal|p1a: Clodsire|19/100|[from] item: Leftovers
|upkeep
|turn|12
|
|t:|1776229633
|switch|p1a: Corviknight|Corviknight, F|100/100
|-ability|p1a: Corviknight|Pressure
|move|p2a: Sandslash|Earthquake|p1a: Corviknight
|-immune|p1a: Corviknight
|
|upkeep
|turn|13
|
|t:|1776229640
|move|p2a: Sandslash|Stone Edge|p1a: Corviknight
|-damage|p1a: Corviknight|40/100
|move|p1a: Corviknight|Body Press|p2a: Sandslash
|-damage|p2a: Sandslash|24/100
|-enditem|p2a: Sandslash|Liechi Berry|[eat]
|-boost|p2a: Sandslash|atk|1|[from] item: Liechi Berry
|
|upkeep
|turn|14
|
|t:|1776229655
|move|p2a: Sandslash|Stone Edge|p1a: Corviknight|[miss]
|-miss|p2a: Sandslash|p1a: Corviknight
|move|p1a: Corviknight|Roost|p1a: Corviknight
|-heal|p1a: Corviknight|90/100
|-singleturn|p1a: Corviknight|move: Roost
|
|upkeep
|turn|15
|
|t:|1776229672
|switch|p2a: Gengar|Gengar, F|100/100
|move|p1a: Corviknight|Body Press|p2a: Gengar
|-immune|p2a: Gengar
|
|upkeep
|turn|16
|
|t:|1776229679
|move|p2a: Gengar|Trick|p1a: Corviknight
|-activate|p2a: Gengar|move: Trick|[of] p1a: Corviknight
|-item|p1a: Corviknight|Choice Scarf|[from] move: Trick
|-item|p2a: Gengar|Rocky Helmet|[from] move: Trick
|move|p1a: Corviknight|Defog|p2a: Gengar
|-unboost|p2a: Gengar|evasion|1
|
|upkeep
|turn|17
|
|t:|1776229687
|move|p2a: Gengar|Will-O-Wisp|p1a: Corviknight
|-status|p1a: Corviknight|brn
|move|p1a: Corviknight|Defog|p2a: Gengar
|-unboost|p2a: Gengar|evasion|1
|
|-damage|p1a: Corviknight|84/100 brn|[from] brn
|upkeep
|turn|18
|
|t:|1776229695
|switch|p1a: Blissey|Blissey, F|100/100
|move|p2a: Gengar|Hex|p1a: Blissey
|-immune|p1a: Blissey
|
|upkeep
|turn|19
|
|t:|1776229710
|switch|p2a: Hippowdon|Hippowdon, M|100/100
|-weather|Sandstorm|[from] ability: Sand Stream|[of] p2a: Hippowdon
|move|p1a: Blissey|Heal Bell|p1a: Blissey
|-activate|p1a: Blissey|move: Heal Bell
|-curestatus|p1: Corviknight|brn|[msg]
|
|-weather|Sandstorm|[upkeep]
|-damage|p1a: Blissey|94/100|[from] Sandstorm
|-heal|p1a: Blissey|100/100|[from] item: Leftovers
|upkeep
|turn|20
|
|t:|1776229721
|switch|p1a: Clodsire|Clodsire, F|19/100
|move|p2a: Hippowdon|Stealth Rock|p1a: Clodsire
|-sidestart|p1: 6er4ld|move: Stealth Rock
|
|-weather|Sandstorm|[upkeep]
|-heal|p1a: Clodsire|25/100|[from] item: Leftovers
|upkeep
|turn|21
|
|t:|1776229728
|move|p2a: Hippowdon|Earthquake|p1a: Clodsire
|-supereffective|p1a: Clodsire
|-damage|p1a: Clodsire|0 fnt
|faint|p1a: Clodsire
|
|-weather|Sandstorm|[upkeep]
|upkeep
|
|t:|1776229734
|switch|p1a: Corviknight|Corviknight, F|84/100
|-damage|p1a: Corviknight|72/100|[from] Stealth Rock
|-ability|p1a: Corviknight|Pressure
|turn|22
|
|t:|1776229747
|switch|p2a: Sandslash|Sandslash, M|24/100
|move|p1a: Corviknight|Defog|p2a: Sandslash
|-unboost|p2a: Sandslash|evasion|1
|-sideend|p1: 6er4ld|Stealth Rock|[from] move: Defog|[of] p1a: Corviknight
|
|-weather|Sandstorm|[upkeep]
|upkeep
|turn|23
|
|t:|1776229763
|move|p2a: Sandslash|Swords Dance|p2a: Sandslash
|-boost|p2a: Sandslash|atk|2
|move|p1a: Corviknight|Defog|p2a: Sandslash
|-unboost|p2a: Sandslash|evasion|1
|
|-weather|Sandstorm|[upkeep]
|upkeep
|turn|24
|
|t:|1776229771
|switch|p1a: Blissey|Blissey, F|100/100
|move|p2a: Sandslash|Swords Dance|p2a: Sandslash
|-boost|p2a: Sandslash|atk|2
|
|-weather|Sandstorm|[upkeep]
|-damage|p1a: Blissey|94/100|[from] Sandstorm
|-heal|p1a: Blissey|100/100|[from] item: Leftovers
|upkeep
|turn|25
|
|t:|1776229782
|switch|p1a: Corviknight|Corviknight, F|72/100
|-ability|p1a: Corviknight|Pressure
|-terastallize|p2a: Sandslash|Ghost
|move|p2a: Sandslash|Earthquake|p1a: Corviknight
|-immune|p1a: Corviknight
|
|-weather|Sandstorm|[upkeep]
|upkeep
|turn|26
|
|t:|1776229792
|switch|p2a: Gengar|Gengar, F|100/100
|move|p1a: Corviknight|Brave Bird|p2a: Gengar
|-damage|p2a: Gengar|48/100
|-damage|p1a: Corviknight|55/100|[from] item: Rocky Helmet|[of] p2a: Gengar
|-damage|p1a: Corviknight|42/100|[from] Recoil
|
|-weather|none
|upkeep
|turn|27
|
|t:|1776229804
|switch|p1a: Espeon|Espeon, F|100/100
|move|p2a: Gengar|Will-O-Wisp|p1a: Espeon
|move|p1a: Espeon|Will-O-Wisp|p2a: Gengar|[from] ability: Magic Bounce
|-status|p2a: Gengar|brn
|
|-damage|p2a: Gengar|42/100 brn|[from] brn
|upkeep
|turn|28
|
|t:|1776229817
|switch|p2a: Corviknight|Corviknight, M|100/100
|-ability|p2a: Corviknight|Pressure
|switch|p1a: Blissey|Blissey, F|100/100
|
|upkeep
|turn|29
|
|t:|1776229828
|move|p2a: Corviknight|Iron Defense|p2a: Corviknight
|-boost|p2a: Corviknight|def|2
|move|p1a: Blissey|Body Slam|p2a: Corviknight
|-resisted|p2a: Corviknight
|-damage|p2a: Corviknight|99/100
|-status|p2a: Corviknight|par
|-damage|p1a: Blissey|84/100|[from] item: Rocky Helmet|[of] p2a: Corviknight
|
|-heal|p1a: Blissey|90/100|[from] item: Leftovers
|upkeep
|turn|30
|
|t:|1776229838
|switch|p1a: Corviknight|Corviknight, F|42/100
|-ability|p1a: Corviknight|Pressure
|move|p2a: Corviknight|Body Press|p1a: Corviknight
|-damage|p1a: Corviknight|8/100
|
|upkeep
|turn|31
|
|t:|1776229846
|move|p1a: Corviknight|Roost|p1a: Corviknight
|-heal|p1a: Corviknight|58/100
|-singleturn|p1a: Corviknight|move: Roost
|cant|p2a: Corviknight|par
|
|upkeep
|turn|32
|
|t:|1776229857
|switch|p1a: Blissey|Blissey, F|90/100
|move|p2a: Corviknight|U-turn|p1a: Blissey
|-damage|p1a: Blissey|79/100
|
|t:|1776229865
|switch|p2a: Gengar|Gengar, F|42/100 brn|[from] U-turn
|
|-heal|p1a: Blissey|85/100|[from] item: Leftovers
|-damage|p2a: Gengar|35/100 brn|[from] brn
|upkeep
|turn|33
|
|t:|1776229874
|move|p2a: Gengar|Pain Split|p1a: Blissey
|-sethp|p1a: Blissey|50/100|[from] move: Pain Split|[silent]
|-sethp|p2a: Gengar|100/100 brn|[from] move: Pain Split
|move|p1a: Blissey|Ice Beam|p2a: Gengar
|-damage|p2a: Gengar|79/100 brn
|-start|p1a: Blissey|Disable|Ice Beam|[from] ability: Cursed Body|[of] p2a: Gengar
|
|-heal|p1a: Blissey|56/100|[from] item: Leftovers
|-damage|p2a: Gengar|72/100 brn|[from] brn
|upkeep
|turn|34
|
|t:|1776229887
|switch|p2a: Dragonite|Dragonite, F|50/100
|move|p1a: Blissey|Soft-Boiled|p1a: Blissey
|-heal|p1a: Blissey|100/100
|
|upkeep
|turn|35
|
|t:|1776229898
|switch|p1a: Corviknight|Corviknight, F|58/100
|-ability|p1a: Corviknight|Pressure
|move|p2a: Dragonite|Roost|p2a: Dragonite
|-heal|p2a: Dragonite|100/100
|-singleturn|p2a: Dragonite|move: Roost
|
|upkeep
|turn|36
|
|t:|1776229906
|move|p2a: Dragonite|Dragon Dance|p2a: Dragonite
|-boost|p2a: Dragonite|atk|1
|-boost|p2a: Dragonite|spe|1
|move|p1a: Corviknight|Roost|p1a: Corviknight
|-heal|p1a: Corviknight|100/100
|-singleturn|p1a: Corviknight|move: Roost
|
|upkeep
|turn|37
|
|t:|1776229916
|switch|p1a: Blissey|Blissey, F|100/100
|move|p2a: Dragonite|Dragon Dance|p2a: Dragonite
|-boost|p2a: Dragonite|atk|1
|-boost|p2a: Dragonite|spe|1
|
|upkeep
|turn|38
|
|t:|1776229924
|move|p2a: Dragonite|Earthquake|p1a: Blissey
|-damage|p1a: Blissey|38/100
|move|p1a: Blissey|Ice Beam|p2a: Dragonite
|-supereffective|p2a: Dragonite
|-damage|p2a: Dragonite|67/100
|
|-heal|p1a: Blissey|45/100|[from] item: Leftovers
|upkeep
|turn|39
|
|t:|1776229935
|switch|p1a: Corviknight|Corviknight, F|100/100
|-ability|p1a: Corviknight|Pressure
|move|p2a: Dragonite|Ice Spinner|p1a: Corviknight
|-damage|p1a: Corviknight|63/100
|
|upkeep
|turn|40
|
|t:|1776229947
|move|p2a: Dragonite|Dragon Dance|p2a: Dragonite
|-boost|p2a: Dragonite|atk|1
|-boost|p2a: Dragonite|spe|1
|move|p1a: Corviknight|Roost|p1a: Corviknight
|-heal|p1a: Corviknight|100/100
|-singleturn|p1a: Corviknight|move: Roost
|
|upkeep
|turn|41
|
|t:|1776229958
|switch|p1a: Blissey|Blissey, F|45/100
|move|p2a: Dragonite|Dragon Dance|p2a: Dragonite
|-boost|p2a: Dragonite|atk|1
|-boost|p2a: Dragonite|spe|1
|
|-heal|p1a: Blissey|51/100|[from] item: Leftovers
|upkeep
|turn|42
|
|t:|1776229967
|switch|p1a: Corviknight|Corviknight, F|100/100
|-ability|p1a: Corviknight|Pressure
|move|p2a: Dragonite|Ice Spinner|p1a: Corviknight
|-damage|p1a: Corviknight|46/100
|
|upkeep
|turn|43
|
|t:|1776229975
|move|p2a: Dragonite|Roost|p2a: Dragonite
|-heal|p2a: Dragonite|100/100
|-singleturn|p2a: Dragonite|move: Roost
|move|p1a: Corviknight|Brave Bird|p2a: Dragonite
|-damage|p2a: Dragonite|79/100
|-damage|p1a: Corviknight|41/100|[from] Recoil
|
|upkeep
|turn|44
|
|t:|1776229988
|switch|p1a: Espeon|Espeon, F|100/100
|move|p2a: Dragonite|Dragon Dance|p2a: Dragonite
|-boost|p2a: Dragonite|atk|1
|-boost|p2a: Dragonite|spe|1
|
|upkeep
|turn|45
|
|t:|1776229995
|move|p2a: Dragonite|Earthquake|p1a: Espeon
|-damage|p1a: Espeon|0 fnt
|faint|p1a: Espeon
|
|upkeep
|
|t:|1776230005
|switch|p1a: Blissey|Blissey, F|51/100
|turn|46
|
|t:|1776230008
|move|p2a: Dragonite|Ice Spinner|p1a: Blissey
|-damage|p1a: Blissey|0 fnt
|faint|p1a: Blissey
|
|upkeep
|
|t:|1776230012
|switch|p1a: Blaziken|Blaziken, M|100/100
|turn|47
|
|t:|1776230017
|move|p1a: Blaziken|Protect|p1a: Blaziken
|-singleturn|p1a: Blaziken|Protect
|move|p2a: Dragonite|Earthquake|p1a: Blaziken
|-activate|p1a: Blaziken|move: Protect
|
|-ability|p1a: Blaziken|Speed Boost|boost
|-boost|p1a: Blaziken|spe|1
|upkeep
|turn|48
|
|t:|1776230028
|move|p2a: Dragonite|Earthquake|p1a: Blaziken
|-supereffective|p1a: Blaziken
|-damage|p1a: Blaziken|0 fnt
|faint|p1a: Blaziken
|
|upkeep
|
|t:|1776230036
|switch|p1a: Serperior|Serperior, M|10/100
|turn|49
|
|t:|1776230041
|switch|p1a: Corviknight|Corviknight, F|41/100
|-ability|p1a: Corviknight|Pressure
|move|p2a: Dragonite|Ice Spinner|p1a: Corviknight
|-damage|p1a: Corviknight|0 fnt
|faint|p1a: Corviknight
|
|upkeep
|-message|6er4ld forfeited.
|
|win|pokemongeiduonajie
|raw|6er4ld's rating: 1211 &rarr; <strong>1186</strong><br />(-25 for losing)
|raw|pokemongeiduonajie's rating: 1206 &rarr; <strong>1231</strong><br />(+25 for winning)
|l|☆6er4ld
|player|p1|
