|html|<div class="broadcast-blue"><strong>[Gen 9] OU is currently suspecting Tera Blast! For information on how to participate check out the <a href="https://www.smogon.com/tools/suspects/view/200">suspect thread</a>.</strong></div>
|j|☆kopv
|j|☆lemeu
|t:|1776181785
|gametype|singles
|player|p1|kopv|bugcatcher-gen4dp|1333
|player|p2|lemeu|2|1325
|gen|9
|tier|[Gen 9] OU
|rated|
|rule|HP Percentage Mod: HP is shown in percentages
|rule|Endless Battle Clause: Forcing endless battles is banned
|rule|Species Clause: Limit one of each Pokémon
|rule|OHKO Clause: OHKO moves are banned
|rule|Evasion Items Clause: Evasion items are banned
|rule|Evasion Moves Clause: Evasion moves are banned
|rule|Evasion Abilities Clause: Evasion abilities are banned
|rule|Sleep Moves Clause: Sleep-inducing moves are banned
|clearpoke
|poke|p1|Tyranitar, F|
|poke|p1|Excadrill, F|
|poke|p1|Hydrapple, M|
|poke|p1|Kingambit, M|
|poke|p1|Cinderace, F|
|poke|p1|Chimecho, F|
|poke|p2|Iron Moth|
|poke|p2|Kingambit, F|
|poke|p2|Dragonite, M|
|poke|p2|Ogerpon-Cornerstone, F|
|poke|p2|Iron Valiant|
|poke|p2|Raging Bolt|
|teampreview
|
|t:|1776181795
|teamsize|p1|6
|teamsize|p2|6
|start
|switch|p1a: Cinderace|Cinderace, F|100/100
|switch|p2a: Ogerpon|Ogerpon-Cornerstone, F|100/100
|turn|1
|
|t:|1776181804
|move|p1a: Cinderace|U-turn|p2a: Ogerpon
|-start|p1a: Cinderace|typechange|Bug|[from] ability: Libero
|-supereffective|p2a: Ogerpon
|-damage|p2a: Ogerpon|12/100
|
|t:|1776181808
|switch|p1a: Excadrill|Excadrill, F|100/100|[from] U-turn
|move|p2a: Ogerpon|Ivy Cudgel|p1a: Excadrill|[anim] Ivy Cudgel Rock
|-resisted|p1a: Excadrill
|-damage|p1a: Excadrill|79/100
|
|-heal|p1a: Excadrill|85/100|[from] item: Leftovers
|upkeep
|turn|2
|
|t:|1776181815
|switch|p1a: Cinderace|Cinderace, F|100/100
|move|p2a: Ogerpon|Horn Leech|p1a: Cinderace
|-resisted|p1a: Cinderace
|-damage|p1a: Cinderace|68/100
|-heal|p2a: Ogerpon|29/100|[from] drain|[of] p1a: Cinderace
|
|upkeep
|turn|3
|
|t:|1776181823
|switch|p2a: Dragonite|Dragonite, M|100/100
|move|p1a: Cinderace|U-turn|p2a: Dragonite
|-start|p1a: Cinderace|typechange|Bug|[from] ability: Libero
|-resisted|p2a: Dragonite
|-damage|p2a: Dragonite|92/100
|
|t:|1776181836
|switch|p1a: Tyranitar|Tyranitar, F|100/100|[from] U-turn
|-weather|Sandstorm|[from] ability: Sand Stream|[of] p1a: Tyranitar
|
|-weather|Sandstorm|[upkeep]
|-damage|p2a: Dragonite|86/100|[from] Sandstorm
|upkeep
|turn|4
|
|t:|1776181842
|move|p2a: Dragonite|Earthquake|p1a: Tyranitar
|-supereffective|p1a: Tyranitar
|-damage|p1a: Tyranitar|30/100
|move|p1a: Tyranitar|Stone Edge|p2a: Dragonite
|-supereffective|p2a: Dragonite
|-damage|p2a: Dragonite|0 fnt
|faint|p2a: Dragonite
|
|-weather|Sandstorm|[upkeep]
|upkeep
|
|t:|1776181851
|switch|p2a: Iron Valiant|Iron Valiant|100/100
|-enditem|p2a: Iron Valiant|Booster Energy
|-activate|p2a: Iron Valiant|ability: Quark Drive|[fromitem]
|-start|p2a: Iron Valiant|quarkdrivespe
|turn|5
|
|t:|1776181862
|switch|p1a: Excadrill|Excadrill, F|85/100
|move|p2a: Iron Valiant|Close Combat|p1a: Excadrill
|-supereffective|p1a: Excadrill
|-damage|p1a: Excadrill|0 fnt
|-unboost|p2a: Iron Valiant|def|1
|-unboost|p2a: Iron Valiant|spd|1
|faint|p1a: Excadrill
|
|-weather|Sandstorm|[upkeep]
|-damage|p2a: Iron Valiant|94/100|[from] Sandstorm
|upkeep
|
|t:|1776181870
|switch|p1a: Chimecho|Chimecho, F|100/100
|turn|6
|
|t:|1776181875
|move|p2a: Iron Valiant|Knock Off|p1a: Chimecho
|-supereffective|p1a: Chimecho
|-damage|p1a: Chimecho|49/100
|-damage|p2a: Iron Valiant|78/100|[from] item: Rocky Helmet|[of] p1a: Chimecho
|-enditem|p1a: Chimecho|Rocky Helmet|[from] move: Knock Off|[of] p2a: Iron Valiant
|move|p1a: Chimecho|Thunder Wave|p2a: Iron Valiant
|-status|p2a: Iron Valiant|par
|
|-weather|Sandstorm|[upkeep]
|-damage|p2a: Iron Valiant|71/100 par|[from] Sandstorm
|-damage|p1a: Chimecho|43/100|[from] Sandstorm
|upkeep
|turn|7
|
|t:|1776181884
|move|p2a: Iron Valiant|Knock Off|p1a: Chimecho
|-supereffective|p1a: Chimecho
|-damage|p1a: Chimecho|7/100
|move|p1a: Chimecho|Recover|p1a: Chimecho
|-heal|p1a: Chimecho|57/100
|
|-weather|none
|upkeep
|turn|8
|
|t:|1776181891
|move|p2a: Iron Valiant|Knock Off|p1a: Chimecho
|-supereffective|p1a: Chimecho
|-damage|p1a: Chimecho|18/100
|move|p1a: Chimecho|Recover|p1a: Chimecho
|-heal|p1a: Chimecho|68/100
|
|upkeep
|turn|9
|
|t:|1776181901
|move|p2a: Iron Valiant|Swords Dance|p2a: Iron Valiant
|-boost|p2a: Iron Valiant|atk|2
|move|p1a: Chimecho|Recover|p1a: Chimecho
|-heal|p1a: Chimecho|100/100
|
|upkeep
|turn|10
|
|t:|1776181907
|move|p2a: Iron Valiant|Swords Dance|p2a: Iron Valiant
|-boost|p2a: Iron Valiant|atk|2
|move|p1a: Chimecho|Future Sight|p2a: Iron Valiant
|-start|p1a: Chimecho|move: Future Sight
|
|upkeep
|turn|11
|
|t:|1776181911
|switch|p1a: Tyranitar|Tyranitar, F|30/100
|-weather|Sandstorm|[from] ability: Sand Stream|[of] p1a: Tyranitar
|cant|p2a: Iron Valiant|par
|
|-weather|Sandstorm|[upkeep]
|-damage|p2a: Iron Valiant|65/100 par|[from] Sandstorm
|upkeep
|turn|12
|
|t:|1776181919
|move|p2a: Iron Valiant|Close Combat|p1a: Tyranitar
|-supereffective|p1a: Tyranitar
|-damage|p1a: Tyranitar|0 fnt
|-unboost|p2a: Iron Valiant|def|1
|-unboost|p2a: Iron Valiant|spd|1
|faint|p1a: Tyranitar
|
|-weather|Sandstorm|[upkeep]
|-damage|p2a: Iron Valiant|59/100 par|[from] Sandstorm
|-end|p2a: Iron Valiant|move: Future Sight
|-supereffective|p2a: Iron Valiant
|-damage|p2a: Iron Valiant|0 fnt
|faint|p2a: Iron Valiant
|-end|p2a: Iron Valiant|Quark Drive|[silent]
|upkeep
|
|t:|1776181933
|switch|p2a: Raging Bolt|Raging Bolt|100/100
|switch|p1a: Hydrapple|Hydrapple, M|100/100
|-enditem|p2a: Raging Bolt|Booster Energy
|-activate|p2a: Raging Bolt|ability: Protosynthesis|[fromitem]
|-start|p2a: Raging Bolt|protosynthesisspa
|turn|13
|
|t:|1776181941
|-terastallize|p1a: Hydrapple|Fairy
|move|p2a: Raging Bolt|Dragon Pulse|p1a: Hydrapple
|-immune|p1a: Hydrapple
|move|p1a: Hydrapple|Fickle Beam|p2a: Raging Bolt
|-supereffective|p2a: Raging Bolt
|-damage|p2a: Raging Bolt|0 fnt
|faint|p2a: Raging Bolt
|-end|p2a: Raging Bolt|Protosynthesis|[silent]
|-damage|p1a: Hydrapple|91/100|[from] item: Life Orb
|
|-weather|Sandstorm|[upkeep]
|-damage|p1a: Hydrapple|85/100|[from] Sandstorm
|upkeep
|
|t:|1776181951
|switch|p2a: Iron Moth|Iron Moth|100/100
|-enditem|p2a: Iron Moth|Booster Energy
|-activate|p2a: Iron Moth|ability: Quark Drive|[fromitem]
|-start|p2a: Iron Moth|quarkdrivespe
|turn|14
|
|t:|1776181956
|move|p2a: Iron Moth|Fiery Dance|p1a: Hydrapple
|-crit|p1a: Hydrapple
|-damage|p1a: Hydrapple|27/100
|move|p1a: Hydrapple|Earth Power|p2a: Iron Moth
|-supereffective|p2a: Iron Moth
|-damage|p2a: Iron Moth|0 fnt
|faint|p2a: Iron Moth
|-end|p2a: Iron Moth|Quark Drive|[silent]
|-damage|p1a: Hydrapple|17/100|[from] item: Life Orb
|
|-weather|Sandstorm|[upkeep]
|-damage|p1a: Hydrapple|11/100|[from] Sandstorm
|upkeep
|
|t:|1776181966
|switch|p2a: Ogerpon|Ogerpon-Cornerstone, F|29/100
|turn|15
|
|t:|1776181970
|move|p2a: Ogerpon|Horn Leech|p1a: Hydrapple
|-damage|p1a: Hydrapple|0 fnt
|-heal|p2a: Ogerpon|36/100|[from] drain|[of] p1a: Hydrapple
|faint|p1a: Hydrapple
|
|-weather|none
|upkeep
|
|t:|1776181973
|switch|p1a: Cinderace|Cinderace, F|68/100
|turn|16
|
|t:|1776181978
|move|p1a: Cinderace|U-turn|p2a: Ogerpon
|-start|p1a: Cinderace|typechange|Bug|[from] ability: Libero
|-supereffective|p2a: Ogerpon
|-damage|p2a: Ogerpon|0 fnt
|faint|p2a: Ogerpon
|
|t:|1776181982
|switch|p1a: Kingambit|Kingambit, M|100/100|[from] U-turn
|-activate|p1a: Kingambit|ability: Supreme Overlord
|-start|p1a: Kingambit|fallen3|[silent]
|
|upkeep
|
|t:|1776181986
|switch|p2a: Kingambit|Kingambit, F|100/100
|-activate|p2a: Kingambit|ability: Supreme Overlord
|-start|p2a: Kingambit|fallen5|[silent]
|turn|17
|
|t:|1776181990
|move|p1a: Kingambit|Low Kick|p2a: Kingambit
|-supereffective|p2a: Kingambit
|-damage|p2a: Kingambit|0 fnt
|faint|p2a: Kingambit
|-end|p2a: Kingambit|fallen5|[silent]
|
|win|kopv
|raw|kopv's rating: 1333 &rarr; <strong>1353</strong><br />(+20 for winning)
|raw|lemeu's rating: 1325 &rarr; <strong>1305</strong><br />(-20 for losing)
