|html|<div class="broadcast-blue"><strong>[Gen 9] OU is currently suspecting Tera Blast! For information on how to participate check out the <a href="https://www.smogon.com/tools/suspects/view/200">suspect thread</a>.</strong></div>
|j|☆SeasideWandering
|j|☆Red_Hood2889
|t:|1776089078
|gametype|singles
|player|p1|SeasideWandering|marnie-masters3|1388
|player|p2|Red_Hood2889|gambler|1391
|gen|9
|tier|[Gen 9] OU
|rated|
|rule|HP Percentage Mod: HP is shown in percentages
|rule|Endless Battle Clause: Forcing endless battles is banned
|rule|Species Clause: Limit one of each Pokémon
|rule|OHKO Clause: OHKO moves are banned
|rule|Evasion Items Clause: Evasion items are banned
|rule|Evasion Moves Clause: Evasion moves are banned
|rule|Evasion Abilities Clause: Evasion abilities are banned
|rule|Sleep Moves Clause: Sleep-inducing moves are banned
|clearpoke
|poke|p1|Tyranitar, F|
|poke|p1|Rillaboom, F|
|poke|p1|Toedscruel, F|
|poke|p1|Ceruledge, M|
|poke|p1|Pecharunt|
|poke|p1|Kyurem|
|poke|p2|Latias, F|
|poke|p2|Grimmsnarl, M|
|poke|p2|Iron Treads|
|poke|p2|Ceruledge, M|
|poke|p2|Ogerpon-Wellspring, F|
|poke|p2|Kommo-o, M|
|teampreview
|inactive|Battle timer is ON: inactive players will automatically lose when time's up. (requested by Red_Hood2889)
|inactive|SeasideWandering has 120 seconds left.
|
|t:|1776089129
|teamsize|p1|6
|teamsize|p2|6
|start
|switch|p1a: Pecharunt|Pecharunt|100/100
|switch|p2a: Grimmsnarl|Grimmsnarl, M, shiny|100/100
|turn|1
|
|t:|1776089139
|switch|p2a: Iron Treads|Iron Treads|100/100
|-enditem|p2a: Iron Treads|Booster Energy
|-activate|p2a: Iron Treads|ability: Quark Drive|[fromitem]
|-start|p2a: Iron Treads|quarkdrivespe
|move|p1a: Pecharunt|Malignant Chain|p2a: Iron Treads
|-immune|p2a: Iron Treads
|
|upkeep
|turn|2
|inactive|SeasideWandering has 120 seconds left.
|
|t:|1776089171
|switch|p1a: Toedscruel|Toedscruel, F|100/100
|move|p2a: Iron Treads|Stealth Rock|p1a: Toedscruel
|-sidestart|p1: SeasideWandering|move: Stealth Rock
|
|upkeep
|turn|3
|inactive|SeasideWandering has 120 seconds left.
|
|t:|1776089194
|-end|p2a: Iron Treads|Quark Drive|[silent]
|switch|p2a: Grimmsnarl|Grimmsnarl, M, shiny|100/100
|move|p1a: Toedscruel|Leech Seed|p2a: Grimmsnarl
|-start|p2a: Grimmsnarl|move: Leech Seed
|
|-damage|p2a: Grimmsnarl|88/100|[from] Leech Seed|[of] p1a: Toedscruel
|upkeep
|turn|4
|inactive|SeasideWandering has 120 seconds left.
|
|t:|1776089204
|move|p2a: Grimmsnarl|Light Screen|p2a: Grimmsnarl
|-sidestart|p2: Red_Hood2889|move: Light Screen
|move|p1a: Toedscruel|Rapid Spin|p2a: Grimmsnarl
|-damage|p2a: Grimmsnarl|76/100
|-boost|p1a: Toedscruel|spe|1
|-sideend|p1: SeasideWandering|Stealth Rock|[from] move: Rapid Spin|[of] p1a: Toedscruel
|
|-damage|p2a: Grimmsnarl|63/100|[from] Leech Seed|[of] p1a: Toedscruel
|upkeep
|turn|5
|inactive|SeasideWandering has 120 seconds left.
|j| onclemondrop
|
|t:|1776089218
|switch|p2a: Kommo-o|Kommo-o, M|100/100
|move|p1a: Toedscruel|Giga Drain|p2a: Kommo-o
|-resisted|p2a: Kommo-o
|-damage|p2a: Kommo-o|92/100
|
|upkeep
|turn|6
|inactive|SeasideWandering has 120 seconds left.
|inactive|SeasideWandering has 90 seconds left.
|
|t:|1776089254
|move|p1a: Toedscruel|Earth Power|p2a: Kommo-o
|-damage|p2a: Kommo-o|73/100
|move|p2a: Kommo-o|Clangorous Soul|p2a: Kommo-o
|-boost|p2a: Kommo-o|atk|1
|-boost|p2a: Kommo-o|def|1
|-boost|p2a: Kommo-o|spa|1
|-boost|p2a: Kommo-o|spd|1
|-boost|p2a: Kommo-o|spe|1
|-damage|p2a: Kommo-o|40/100
|-enditem|p2a: Kommo-o|Throat Spray
|-boost|p2a: Kommo-o|spa|1|[from] item: Throat Spray
|
|upkeep
|turn|7
|inactive|SeasideWandering has 90 seconds left.
|
|t:|1776089277
|move|p2a: Kommo-o|Flamethrower|p1a: Toedscruel
|-supereffective|p1a: Toedscruel
|-damage|p1a: Toedscruel|0 fnt
|faint|p1a: Toedscruel
|
|upkeep
|
|t:|1776089298
|switch|p1a: Ceruledge|Ceruledge, M|100/100
|turn|8
|
|t:|1776089309
|move|p2a: Kommo-o|Clanging Scales|p1a: Ceruledge
|-crit|p1a: Ceruledge
|-enditem|p1a: Ceruledge|Focus Sash
|-damage|p1a: Ceruledge|1/100
|-unboost|p2a: Kommo-o|def|1
|move|p1a: Ceruledge|Destiny Bond|p1a: Ceruledge
|-singlemove|p1a: Ceruledge|Destiny Bond
|
|upkeep
|turn|9
|inactive|SeasideWandering has 60 seconds left.
|
|t:|1776089330
|move|p2a: Kommo-o|Clangorous Soul|p2a: Kommo-o
|-boost|p2a: Kommo-o|atk|1
|-boost|p2a: Kommo-o|def|1
|-boost|p2a: Kommo-o|spa|1
|-boost|p2a: Kommo-o|spd|1
|-boost|p2a: Kommo-o|spe|1
|-damage|p2a: Kommo-o|7/100
|move|p1a: Ceruledge|Swords Dance|p1a: Ceruledge
|-boost|p1a: Ceruledge|atk|2
|
|upkeep
|turn|10
|inactive|SeasideWandering has 60 seconds left.
|
|t:|1776089339
|move|p1a: Ceruledge|Shadow Sneak|p2a: Kommo-o
|-damage|p2a: Kommo-o|0 fnt
|faint|p2a: Kommo-o
|
|upkeep
|
|t:|1776089349
|switch|p2a: Ceruledge|Ceruledge, M, shiny|100/100
|turn|11
|
|t:|1776089357
|move|p2a: Ceruledge|Shadow Sneak|p1a: Ceruledge
|-supereffective|p1a: Ceruledge
|-damage|p1a: Ceruledge|0 fnt
|faint|p1a: Ceruledge
|-damage|p2a: Ceruledge|91/100|[from] item: Life Orb
|
|-sideend|p2: Red_Hood2889|move: Light Screen
|upkeep
|
|t:|1776089366
|switch|p1a: Tyranitar|Tyranitar, F|100/100
|-weather|Sandstorm|[from] ability: Sand Stream|[of] p1a: Tyranitar
|turn|12
|
|t:|1776089376
|switch|p2a: Grimmsnarl|Grimmsnarl, M, shiny|63/100
|move|p1a: Tyranitar|Stone Edge|p2a: Grimmsnarl
|-damage|p2a: Grimmsnarl|0 fnt
|faint|p2a: Grimmsnarl
|
|-weather|Sandstorm|[upkeep]
|upkeep
|
|t:|1776089386
|switch|p2a: Ogerpon|Ogerpon-Wellspring, F|100/100
|turn|13
|
|t:|1776089396
|switch|p1a: Kyurem|Kyurem|100/100
|-ability|p1a: Kyurem|Pressure
|move|p2a: Ogerpon|Swords Dance|p2a: Ogerpon
|-boost|p2a: Ogerpon|atk|2
|
|-weather|Sandstorm|[upkeep]
|-damage|p2a: Ogerpon|95/100|[from] Sandstorm
|-damage|p1a: Kyurem|94/100|[from] Sandstorm
|upkeep
|turn|14
|inactive|SeasideWandering has 90 seconds left.
|
|t:|1776089416
|-terastallize|p2a: Ogerpon|Water
|detailschange|p2a: Ogerpon|Ogerpon-Wellspring-Tera, F, tera:Water
|-ability|p2a: Ogerpon|Embody Aspect (Wellspring)|boost
|-boost|p2a: Ogerpon|spd|1
|move|p2a: Ogerpon|Play Rough|p1a: Kyurem
|-supereffective|p1a: Kyurem
|-damage|p1a: Kyurem|0 fnt
|faint|p1a: Kyurem
|
|-weather|Sandstorm|[upkeep]
|-damage|p2a: Ogerpon|89/100|[from] Sandstorm
|upkeep
|inactive|SeasideWandering has 90 seconds left.
|
|t:|1776089433
|switch|p1a: Rillaboom|Rillaboom, F|100/100
|-fieldstart|move: Grassy Terrain|[from] ability: Grassy Surge|[of] p1a: Rillaboom
|turn|15
|
|t:|1776089447
|-terastallize|p1a: Rillaboom|Grass
|move|p1a: Rillaboom|Grassy Glide|p2a: Ogerpon
|-supereffective|p2a: Ogerpon
|-damage|p2a: Ogerpon|0 fnt
|faint|p2a: Ogerpon
|detailschange|p2: Ogerpon|Ogerpon-Wellspring, F|[silent]
|-damage|p1a: Rillaboom|91/100|[from] item: Life Orb
|
|-weather|Sandstorm|[upkeep]
|-damage|p1a: Rillaboom|84/100|[from] Sandstorm
|-heal|p1a: Rillaboom|91/100|[from] Grassy Terrain
|upkeep
|
|t:|1776089454
|switch|p2a: Ceruledge|Ceruledge, M, shiny|91/100
|turn|16
|inactive|SeasideWandering has 90 seconds left.
|
|t:|1776089486
|switch|p1a: Tyranitar|Tyranitar, F|100/100
|move|p2a: Ceruledge|Bitter Blade|p1a: Tyranitar
|-resisted|p1a: Tyranitar
|-damage|p1a: Tyranitar|73/100
|-heal|p2a: Ceruledge|100/100|[from] drain|[of] p1a: Tyranitar
|-damage|p2a: Ceruledge|91/100|[from] item: Life Orb
|
|-weather|none
|-heal|p2a: Ceruledge|97/100|[from] Grassy Terrain
|-heal|p1a: Tyranitar|79/100|[from] Grassy Terrain
|upkeep
|turn|17
|
|t:|1776089498
|switch|p2a: Iron Treads|Iron Treads|100/100
|move|p1a: Tyranitar|Knock Off|p2a: Iron Treads
|-damage|p2a: Iron Treads|48/100
|
|-heal|p2a: Iron Treads|54/100|[from] Grassy Terrain
|-heal|p1a: Tyranitar|85/100|[from] Grassy Terrain
|upkeep
|turn|18
|
|t:|1776089509
|switch|p1a: Pecharunt|Pecharunt|100/100
|move|p2a: Iron Treads|Stealth Rock|p1a: Pecharunt
|-sidestart|p1: SeasideWandering|move: Stealth Rock
|
|-heal|p2a: Iron Treads|61/100|[from] Grassy Terrain
|upkeep
|turn|19
|inactive|SeasideWandering has 60 seconds left.
|
|t:|1776089525
|move|p2a: Iron Treads|Earth Power|p1a: Pecharunt
|-supereffective|p1a: Pecharunt
|-crit|p1a: Pecharunt
|-damage|p1a: Pecharunt|10/100
|move|p1a: Pecharunt|Nasty Plot|p1a: Pecharunt
|-boost|p1a: Pecharunt|spa|2
|
|-heal|p2a: Iron Treads|67/100|[from] Grassy Terrain
|-heal|p1a: Pecharunt|17/100|[from] Grassy Terrain
|-fieldend|move: Grassy Terrain
|upkeep
|turn|20
|l| onclemondrop
|inactive|SeasideWandering has 60 seconds left.
|
|t:|1776089551
|switch|p1a: Tyranitar|Tyranitar, F|85/100
|-damage|p1a: Tyranitar|73/100|[from] Stealth Rock
|-weather|Sandstorm|[from] ability: Sand Stream|[of] p1a: Tyranitar
|move|p2a: Iron Treads|Volt Switch|p1a: Tyranitar
|-damage|p1a: Tyranitar|62/100
|
|t:|1776089561
|-end|p2a: Iron Treads|Quark Drive|[silent]
|switch|p2a: Latias|Latias, F|100/100|[from] Volt Switch
|
|-weather|Sandstorm|[upkeep]
|-damage|p2a: Latias|94/100|[from] Sandstorm
|upkeep
|turn|21
|
|t:|1776089576
|switch|p2a: Iron Treads|Iron Treads|67/100
|move|p1a: Tyranitar|Knock Off|p2a: Iron Treads
|-damage|p2a: Iron Treads|11/100
|
|-weather|Sandstorm|[upkeep]
|upkeep
|turn|22
|
|t:|1776089587
|move|p2a: Iron Treads|Earth Power|p1a: Tyranitar
|-supereffective|p1a: Tyranitar
|-damage|p1a: Tyranitar|17/100
|move|p1a: Tyranitar|Knock Off|p2a: Iron Treads
|-damage|p2a: Iron Treads|0 fnt
|faint|p2a: Iron Treads
|-end|p2a: Iron Treads|Quark Drive|[silent]
|
|-weather|Sandstorm|[upkeep]
|upkeep
|
|t:|1776089599
|switch|p2a: Latias|Latias, F|94/100
|turn|23
|
|t:|1776089602
|move|p2a: Latias|Draining Kiss|p1a: Tyranitar
|-supereffective|p1a: Tyranitar
|-damage|p1a: Tyranitar|0 fnt
|-heal|p2a: Latias|100/100|[from] drain|[of] p1a: Tyranitar
|faint|p1a: Tyranitar
|
|-weather|Sandstorm|[upkeep]
|-damage|p2a: Latias|94/100|[from] Sandstorm
|upkeep
|inactive|SeasideWandering has 60 seconds left.
|
|t:|1776089620
|switch|p1a: Rillaboom|Rillaboom, F, tera:Grass|91/100
|-damage|p1a: Rillaboom|78/100|[from] Stealth Rock
|-fieldstart|move: Grassy Terrain|[from] ability: Grassy Surge|[of] p1a: Rillaboom
|turn|24
|
|t:|1776089629
|move|p1a: Rillaboom|Knock Off|p2a: Latias
|-supereffective|p2a: Latias
|-damage|p2a: Latias|2/100
|-enditem|p2a: Latias|Weakness Policy
|-boost|p2a: Latias|atk|2|[from] item: Weakness Policy
|-boost|p2a: Latias|spa|2|[from] item: Weakness Policy
|-damage|p1a: Rillaboom|68/100|[from] item: Life Orb
|move|p2a: Latias|Agility|p2a: Latias
|-boost|p2a: Latias|spe|2
|
|-weather|none
|-heal|p1a: Rillaboom|74/100|[from] Grassy Terrain
|upkeep
|turn|25
|inactive|SeasideWandering has 60 seconds left.
|
|t:|1776089648
|move|p1a: Rillaboom|Grassy Glide|p2a: Latias
|-resisted|p2a: Latias
|-damage|p2a: Latias|0 fnt
|faint|p2a: Latias
|-damage|p1a: Rillaboom|64/100|[from] item: Life Orb
|
|-heal|p1a: Rillaboom|71/100|[from] Grassy Terrain
|upkeep
|
|t:|1776089649
|switch|p2a: Ceruledge|Ceruledge, M, shiny|97/100
|turn|26
|inactive|SeasideWandering has 60 seconds left.
|
|t:|1776089665
|move|p1a: Rillaboom|Knock Off|p2a: Ceruledge
|-supereffective|p2a: Ceruledge
|-damage|p2a: Ceruledge|0 fnt
|-enditem|p2a: Ceruledge|Life Orb|[from] move: Knock Off|[of] p1a: Rillaboom
|faint|p2a: Ceruledge
|-damage|p1a: Rillaboom|61/100|[from] item: Life Orb
|
|win|SeasideWandering
|raw|SeasideWandering's rating: 1388 &rarr; <strong>1408</strong><br />(+20 for winning)
|raw|Red_Hood2889's rating: 1391 &rarr; <strong>1371</strong><br />(-20 for losing)
|l|☆Red_Hood2889
|player|p2|
|l|☆SeasideWandering
|player|p1|
