|j|☆GavilarKholin
|j|☆grillmaster008
|inactive|Battle timer is ON: inactive players will automatically lose when time's up.
|t:|1776070258
|gametype|singles
|player|p1|GavilarKholin|fantina|
|player|p2|grillmaster008|hilbert-wonderlauncher|
|gen|9
|tier|[Gen 9] OU
|rated|Tournament battle
|rule|HP Percentage Mod: HP is shown in percentages
|rule|Endless Battle Clause: Forcing endless battles is banned
|rule|Species Clause: Limit one of each Pokémon
|rule|OHKO Clause: OHKO moves are banned
|rule|Evasion Items Clause: Evasion items are banned
|rule|Evasion Moves Clause: Evasion moves are banned
|rule|Evasion Abilities Clause: Evasion abilities are banned
|rule|Sleep Moves Clause: Sleep-inducing moves are banned
|raw|<div class="infobox"><details class="readmore"><summary><strong>15 custom rules:</strong></summary> -burmy, -caterpie, -combee, -kricketot, -magikarp, -scatterbug, -sunkern, -tynamo, -typenull, -weedle, -wurmple, -cosmog, -blipbug, -snom, -wynaut</details></div>
|clearpoke
|poke|p1|Toedscool, F|
|poke|p1|Houndour, M|
|poke|p1|Solosis, F|
|poke|p1|Venonat, M|
|poke|p1|Golduck, M|
|poke|p2|Espurr, M|
|poke|p2|Cyndaquil, M|
|poke|p2|Wattrel, M|
|poke|p2|Teddiursa, F|
|poke|p2|Sinistcha-Masterpiece|
|teampreview
|j|*Lady Monita 
|
|t:|1776070264
|teamsize|p1|5
|teamsize|p2|5
|start
|switch|p1a: Venonat|Venonat, M|100/100
|switch|p2a: Espurr|Espurr, M|100/100
|turn|1
|
|t:|1776070276
|switch|p1a: Houndour|Houndour, M|100/100
|move|p2a: Espurr|Expanding Force|p1a: Houndour
|-immune|p1a: Houndour
|
|upkeep
|turn|2
|
|t:|1776070282
|move|p1a: Houndour|Dark Pulse|p2a: Espurr
|-supereffective|p2a: Espurr
|-damage|p2a: Espurr|52/100
|move|p2a: Espurr|Light Screen|p2a: Espurr
|-sidestart|p2: grillmaster008|move: Light Screen
|
|upkeep
|turn|3
|
|t:|1776070286
|switch|p1a: Solosis|Solosis, F|100/100
|move|p2a: Espurr|Reflect|p2a: Espurr
|-sidestart|p2: grillmaster008|Reflect
|
|upkeep
|turn|4
|
|t:|1776070289
|move|p2a: Espurr|Thunder Wave|p1a: Solosis
|-status|p1a: Solosis|par
|move|p1a: Solosis|Calm Mind|p1a: Solosis
|-boost|p1a: Solosis|spa|1
|-boost|p1a: Solosis|spd|1
|
|upkeep
|turn|5
|
|t:|1776070307
|switch|p2a: Teddiursa|Teddiursa, F|100/100
|move|p1a: Solosis|Calm Mind|p1a: Solosis
|-boost|p1a: Solosis|spa|1
|-boost|p1a: Solosis|spd|1
|
|upkeep
|turn|6
|
|t:|1776070314
|move|p2a: Teddiursa|Bulk Up|p2a: Teddiursa
|-boost|p2a: Teddiursa|atk|1
|-boost|p2a: Teddiursa|def|1
|move|p1a: Solosis|Acid Armor|p1a: Solosis
|-boost|p1a: Solosis|def|2
|
|-sideend|p2: grillmaster008|move: Light Screen
|upkeep
|turn|7
|
|t:|1776070321
|move|p2a: Teddiursa|Body Slam|p1a: Solosis
|-damage|p1a: Solosis|68/100 par
|move|p1a: Solosis|Acid Armor|p1a: Solosis
|-boost|p1a: Solosis|def|2
|
|-sideend|p2: grillmaster008|Reflect
|upkeep
|turn|8
|
|t:|1776070326
|move|p2a: Teddiursa|Body Slam|p1a: Solosis
|-damage|p1a: Solosis|45/100 par
|move|p1a: Solosis|Recover|p1a: Solosis
|-heal|p1a: Solosis|95/100 par
|
|upkeep
|turn|9
|
|t:|1776070335
|move|p2a: Teddiursa|Body Slam|p1a: Solosis
|-damage|p1a: Solosis|75/100 par
|move|p1a: Solosis|Calm Mind|p1a: Solosis
|-boost|p1a: Solosis|spa|1
|-boost|p1a: Solosis|spd|1
|
|upkeep
|turn|10
|
|t:|1776070342
|move|p2a: Teddiursa|Body Slam|p1a: Solosis
|-damage|p1a: Solosis|52/100 par
|move|p1a: Solosis|Recover|p1a: Solosis
|-heal|p1a: Solosis|100/100 par
|
|upkeep
|turn|11
|
|t:|1776070351
|switch|p2a: Cyndaquil|Cyndaquil, M|100/100
|move|p1a: Solosis|Psyshock|p2a: Cyndaquil
|-damage|p2a: Cyndaquil|0 fnt
|faint|p2a: Cyndaquil
|
|upkeep
|
|t:|1776070359
|switch|p2a: Sinistcha|Sinistcha-Masterpiece|100/100
|turn|12
|
|t:|1776070364
|-terastallize|p1a: Solosis|Steel
|move|p2a: Sinistcha|Calm Mind|p2a: Sinistcha
|-boost|p2a: Sinistcha|spa|1
|-boost|p2a: Sinistcha|spd|1
|cant|p1a: Solosis|par
|
|upkeep
|turn|13
|
|t:|1776070373
|move|p2a: Sinistcha|Calm Mind|p2a: Sinistcha
|-boost|p2a: Sinistcha|spa|1
|-boost|p2a: Sinistcha|spd|1
|move|p1a: Solosis|Psyshock|p2a: Sinistcha
|-damage|p2a: Sinistcha|34/100
|
|-heal|p2a: Sinistcha|40/100|[from] item: Leftovers
|upkeep
|turn|14
|
|t:|1776070380
|move|p2a: Sinistcha|Pain Split|p1a: Solosis
|-sethp|p1a: Solosis|80/100 par|[from] move: Pain Split|[silent]
|-sethp|p2a: Sinistcha|54/100|[from] move: Pain Split
|cant|p1a: Solosis|par
|
|-heal|p2a: Sinistcha|60/100|[from] item: Leftovers
|upkeep
|turn|15
|
|t:|1776070389
|move|p2a: Sinistcha|Calm Mind|p2a: Sinistcha
|-boost|p2a: Sinistcha|spa|1
|-boost|p2a: Sinistcha|spd|1
|cant|p1a: Solosis|par
|
|-heal|p2a: Sinistcha|66/100|[from] item: Leftovers
|upkeep
|turn|16
|
|t:|1776070396
|move|p2a: Sinistcha|Matcha Gotcha|p1a: Solosis
|-resisted|p1a: Solosis
|-damage|p1a: Solosis|52/100 par
|-heal|p2a: Sinistcha|75/100|[from] drain|[of] p1a: Solosis
|move|p1a: Solosis|Psyshock|p2a: Sinistcha
|-damage|p2a: Sinistcha|4/100
|
|-heal|p2a: Sinistcha|10/100|[from] item: Leftovers
|upkeep
|turn|17
|
|t:|1776070404
|move|p2a: Sinistcha|Pain Split|p1a: Solosis
|-sethp|p1a: Solosis|33/100 par|[from] move: Pain Split|[silent]
|-sethp|p2a: Sinistcha|22/100|[from] move: Pain Split
|move|p1a: Solosis|Psyshock|p2a: Sinistcha
|-damage|p2a: Sinistcha|0 fnt
|faint|p2a: Sinistcha
|
|upkeep
|
|t:|1776070416
|switch|p2a: Teddiursa|Teddiursa, F|100/100
|turn|18
|
|t:|1776070421
|move|p2a: Teddiursa|Close Combat|p1a: Solosis
|-supereffective|p1a: Solosis
|-damage|p1a: Solosis|7/100 par
|-unboost|p2a: Teddiursa|def|1
|-unboost|p2a: Teddiursa|spd|1
|move|p1a: Solosis|Recover|p1a: Solosis
|-heal|p1a: Solosis|58/100 par
|
|upkeep
|turn|19
|
|t:|1776070425
|move|p2a: Teddiursa|Close Combat|p1a: Solosis
|-supereffective|p1a: Solosis
|-damage|p1a: Solosis|32/100 par
|-unboost|p2a: Teddiursa|def|1
|-unboost|p2a: Teddiursa|spd|1
|move|p1a: Solosis|Psyshock|p2a: Teddiursa
|-damage|p2a: Teddiursa|0 fnt
|faint|p2a: Teddiursa
|
|upkeep
|-message|grillmaster008 forfeited.
|
|win|GavilarKholin
|n|☆GavilarKholin|gavilarkholin
|n|☆grillmaster008|grillmaster008
|n|*Lady Monita |ladymonita
