|html|<div class="broadcast-blue"><strong>[Gen 9] OU is currently suspecting Tera Blast! For information on how to participate check out the <a href="https://www.smogon.com/tools/suspects/view/200">suspect thread</a>.</strong></div>
|j|☆Admeos Prime
|j|☆NeonCanTrain
|t:|1776138233
|gametype|singles
|player|p1|Admeos Prime|scientist|1045
|player|p2|NeonCanTrain|unknown|1065
|gen|9
|tier|[Gen 9] OU
|rated|
|rule|HP Percentage Mod: HP is shown in percentages
|rule|Endless Battle Clause: Forcing endless battles is banned
|rule|Species Clause: Limit one of each Pokémon
|rule|OHKO Clause: OHKO moves are banned
|rule|Evasion Items Clause: Evasion items are banned
|rule|Evasion Moves Clause: Evasion moves are banned
|rule|Evasion Abilities Clause: Evasion abilities are banned
|rule|Sleep Moves Clause: Sleep-inducing moves are banned
|clearpoke
|poke|p1|Pelipper, M|
|poke|p1|Kingdra, F|
|poke|p1|Lanturn, F|
|poke|p1|Manaphy|
|poke|p1|Volcanion|
|poke|p1|Keldeo-Resolute|
|poke|p2|Ceruledge, M|
|poke|p2|Kyurem|
|poke|p2|Iron Valiant|
|poke|p2|Rillaboom, F|
|poke|p2|Gholdengo|
|poke|p2|Primarina, F|
|teampreview
|
|t:|1776138244
|teamsize|p1|6
|teamsize|p2|6
|start
|switch|p1a: Pelipper|Pelipper, M|100/100
|switch|p2a: Helios|Ceruledge, M, shiny|100/100
|turn|1
|
|t:|1776138252
|switch|p2a: Sylvan|Rillaboom, F|100/100
|-fieldstart|move: Grassy Terrain|[from] ability: Grassy Surge|[of] p2a: Sylvan
|move|p1a: Pelipper|Knock Off|p2a: Sylvan
|-damage|p2a: Sylvan|87/100
|-enditem|p2a: Sylvan|Life Orb|[from] move: Knock Off|[of] p1a: Pelipper
|
|-heal|p2a: Sylvan|93/100|[from] Grassy Terrain
|upkeep
|turn|2
|
|t:|1776138268
|move|p2a: Sylvan|Wood Hammer|p1a: Pelipper
|-damage|p1a: Pelipper|19/100
|-damage|p2a: Sylvan|68/100|[from] Recoil
|move|p1a: Pelipper|U-turn|p2a: Sylvan
|-supereffective|p2a: Sylvan
|-damage|p2a: Sylvan|48/100
|
|t:|1776138276
|switch|p1a: Volcanion|Volcanion|100/100|[from] U-turn
|
|-heal|p2a: Sylvan|54/100|[from] Grassy Terrain
|upkeep
|turn|3
|
|t:|1776138287
|move|p2a: Sylvan|Grassy Glide|p1a: Volcanion
|-crit|p1a: Volcanion
|-damage|p1a: Volcanion|41/100
|move|p1a: Volcanion|Flamethrower|p2a: Sylvan
|-supereffective|p2a: Sylvan
|-damage|p2a: Sylvan|0 fnt
|faint|p2a: Sylvan
|
|-heal|p1a: Volcanion|47/100|[from] Grassy Terrain
|upkeep
|
|t:|1776138299
|switch|p2a: Alaska|Kyurem, shiny|100/100
|-ability|p2a: Alaska|Pressure
|turn|4
|
|t:|1776138314
|switch|p1a: Pelipper|Pelipper, M|19/100
|move|p2a: Alaska|Earth Power|p1a: Pelipper
|-immune|p1a: Pelipper
|
|-heal|p1a: Pelipper|25/100|[from] item: Leftovers
|upkeep
|turn|5
|
|t:|1776138347
|switch|p2a: Aibell|Iron Valiant|100/100
|-enditem|p2a: Aibell|Booster Energy
|-activate|p2a: Aibell|ability: Quark Drive|[fromitem]
|-start|p2a: Aibell|quarkdrivespe
|switch|p1a: Keldeo|Keldeo-Resolute|100/100
|
|-fieldend|move: Grassy Terrain
|upkeep
|turn|6
|
|t:|1776138368
|move|p2a: Aibell|Moonblast|p1a: Keldeo
|-supereffective|p1a: Keldeo
|-damage|p1a: Keldeo|9/100
|move|p1a: Keldeo|Secret Sword|p2a: Aibell
|-resisted|p2a: Aibell
|-damage|p2a: Aibell|70/100
|
|upkeep
|turn|7
|
|t:|1776138383
|move|p2a: Aibell|Moonblast|p1a: Keldeo
|-supereffective|p1a: Keldeo
|-damage|p1a: Keldeo|0 fnt
|faint|p1a: Keldeo
|
|upkeep
|
|t:|1776138401
|switch|p1a: Manaphy|Manaphy|100/100
|turn|8
|
|t:|1776138418
|-end|p2a: Aibell|Quark Drive|[silent]
|switch|p2a: Alaska|Kyurem, shiny|100/100
|-ability|p2a: Alaska|Pressure
|move|p1a: Manaphy|Scald|p2a: Alaska
|-resisted|p2a: Alaska
|-damage|p2a: Alaska|87/100
|
|upkeep
|turn|9
|
|t:|1776138434
|switch|p1a: Kingdra|Kingdra, F, shiny|100/100
|move|p2a: Alaska|Freeze-Dry|p1a: Kingdra
|-supereffective|p1a: Kingdra
|-damage|p1a: Kingdra|0 fnt
|faint|p1a: Kingdra
|
|upkeep
|
|t:|1776138443
|switch|p1a: Lanturn|Lanturn, F, shiny|100/100
|turn|10
|
|t:|1776138454
|move|p2a: Alaska|Freeze-Dry|p1a: Lanturn
|-supereffective|p1a: Lanturn
|-damage|p1a: Lanturn|4/100
|move|p1a: Lanturn|Tera Blast|p2a: Alaska
|-damage|p2a: Alaska|65/100
|
|-heal|p1a: Lanturn|10/100|[from] item: Leftovers
|upkeep
|turn|11
|
|t:|1776138465
|switch|p1a: Manaphy|Manaphy|100/100
|move|p2a: Alaska|Freeze-Dry|p1a: Manaphy
|-supereffective|p1a: Manaphy
|-damage|p1a: Manaphy|22/100
|
|-heal|p1a: Manaphy|28/100|[from] item: Leftovers
|upkeep
|turn|12
|
|t:|1776138473
|move|p2a: Alaska|Freeze-Dry|p1a: Manaphy
|-supereffective|p1a: Manaphy
|-damage|p1a: Manaphy|0 fnt
|faint|p1a: Manaphy
|
|upkeep
|
|t:|1776138479
|switch|p1a: Pelipper|Pelipper, M|25/100
|turn|13
|
|t:|1776138482
|move|p2a: Alaska|Freeze-Dry|p1a: Pelipper
|-supereffective|p1a: Pelipper
|-damage|p1a: Pelipper|0 fnt
|faint|p1a: Pelipper
|
|upkeep
|
|t:|1776138489
|switch|p1a: Volcanion|Volcanion|47/100
|turn|14
|
|t:|1776138494
|-terastallize|p2a: Alaska|Ice
|move|p2a: Alaska|Freeze-Dry|p1a: Volcanion
|-damage|p1a: Volcanion|0 fnt
|faint|p1a: Volcanion
|
|upkeep
|
|t:|1776138501
|switch|p1a: Lanturn|Lanturn, F, shiny|10/100
|turn|15
|
|t:|1776138505
|move|p2a: Alaska|Freeze-Dry|p1a: Lanturn
|-supereffective|p1a: Lanturn
|-damage|p1a: Lanturn|0 fnt
|faint|p1a: Lanturn
|
|win|NeonCanTrain
|raw|Admeos Prime's rating: 1045 &rarr; <strong>1029</strong><br />(-16 for losing)
|raw|NeonCanTrain's rating: 1065 &rarr; <strong>1094</strong><br />(+29 for winning)
