|html|<div class="broadcast-blue"><strong>[Gen 9] OU is currently suspecting Tera Blast! For information on how to participate check out the <a href="https://www.smogon.com/tools/suspects/view/200">suspect thread</a>.</strong></div>
|j|☆mohva
|j|☆blattyOmighty
|t:|1776046826
|gametype|singles
|player|p1|mohva|koga|1217
|player|p2|blattyOmighty|swimmerf-gen4|1226
|gen|9
|tier|[Gen 9] OU
|rated|
|rule|HP Percentage Mod: HP is shown in percentages
|rule|Endless Battle Clause: Forcing endless battles is banned
|rule|Species Clause: Limit one of each Pokémon
|rule|OHKO Clause: OHKO moves are banned
|rule|Evasion Items Clause: Evasion items are banned
|rule|Evasion Moves Clause: Evasion moves are banned
|rule|Evasion Abilities Clause: Evasion abilities are banned
|rule|Sleep Moves Clause: Sleep-inducing moves are banned
|clearpoke
|poke|p1|Dragonite, M|
|poke|p1|Hatterene, F|
|poke|p1|Weavile, F|
|poke|p1|Ogerpon-Wellspring, F|
|poke|p1|Kingambit, M|
|poke|p1|Great Tusk|
|poke|p2|Meloetta|
|poke|p2|Flamigo, M|
|poke|p2|Salazzle, F|
|poke|p2|Kleavor, M|
|poke|p2|Serperior, F|
|poke|p2|Lapras, F|
|teampreview
|inactive|Battle timer is ON: inactive players will automatically lose when time's up. (requested by mohva)
|
|t:|1776046847
|teamsize|p1|6
|teamsize|p2|6
|start
|switch|p1a: Z-machine|Great Tusk|100/100
|switch|p2a: Vulture|Flamigo, M, shiny|100/100
|turn|1
|
|t:|1776046862
|move|p2a: Vulture|U-turn|p1a: Z-machine
|-resisted|p1a: Z-machine
|-damage|p1a: Z-machine|92/100
|
|t:|1776046871
|switch|p2a: Orka|Lapras, F, shiny|100/100|[from] U-turn
|move|p1a: Z-machine|Ice Spinner|p2a: Orka
|-resisted|p2a: Orka
|-damage|p2a: Orka|95/100
|
|-heal|p2a: Orka|100/100|[from] item: Leftovers
|upkeep
|turn|2
|
|t:|1776046878
|move|p1a: Z-machine|Close Combat|p2a: Orka
|-supereffective|p2a: Orka
|-damage|p2a: Orka|0 fnt
|-unboost|p1a: Z-machine|def|1
|-unboost|p1a: Z-machine|spd|1
|faint|p2a: Orka
|
|upkeep
|
|t:|1776046887
|switch|p2a: Plantman|Serperior, F, shiny|100/100
|turn|3
|
|t:|1776046890
|move|p2a: Plantman|Leaf Storm|p1a: Z-machine
|-supereffective|p1a: Z-machine
|-damage|p1a: Z-machine|0 fnt
|-boost|p2a: Plantman|spa|2
|faint|p1a: Z-machine
|-end|p1a: Z-machine|Protosynthesis|[silent]
|
|upkeep
|
|t:|1776046896
|switch|p1a: Hello .RAW-Z|Weavile, F|100/100
|turn|4
|
|t:|1776046900
|move|p2a: Plantman|Leaf Storm|p1a: Hello .RAW-Z
|-crit|p1a: Hello .RAW-Z
|-enditem|p1a: Hello .RAW-Z|Focus Sash
|-damage|p1a: Hello .RAW-Z|1/100
|-boost|p2a: Plantman|spa|2
|move|p1a: Hello .RAW-Z|Swords Dance|p1a: Hello .RAW-Z
|-boost|p1a: Hello .RAW-Z|atk|2
|
|upkeep
|turn|5
|
|t:|1776046910
|move|p2a: Plantman|Leaf Storm|p1a: Hello .RAW-Z
|-damage|p1a: Hello .RAW-Z|0 fnt
|-boost|p2a: Plantman|spa|2
|faint|p1a: Hello .RAW-Z
|
|upkeep
|
|t:|1776046913
|switch|p1a: PrinceDeSangMêlé|Kingambit, M|100/100
|-activate|p1a: PrinceDeSangMêlé|ability: Supreme Overlord
|-start|p1a: PrinceDeSangMêlé|fallen2|[silent]
|turn|6
|
|t:|1776046918
|move|p1a: PrinceDeSangMêlé|Sucker Punch|p2a: Plantman
|-damage|p2a: Plantman|38/100
|move|p2a: Plantman|Leaf Storm|p1a: PrinceDeSangMêlé
|-resisted|p1a: PrinceDeSangMêlé
|-damage|p1a: PrinceDeSangMêlé|0 fnt
|faint|p1a: PrinceDeSangMêlé
|-end|p1a: PrinceDeSangMêlé|fallen2|[silent]
|
|upkeep
|
|t:|1776046922
|switch|p1a: Maladresse|Ogerpon-Wellspring, F|100/100
|turn|7
|
|t:|1776046928
|move|p2a: Plantman|Leaf Storm|p1a: Maladresse
|-damage|p1a: Maladresse|0 fnt
|faint|p1a: Maladresse
|
|upkeep
|-message|mohva forfeited.
|
|win|blattyOmighty
|raw|mohva's rating: 1217 &rarr; <strong>1193</strong><br />(-24 for losing)
|raw|blattyOmighty's rating: 1226 &rarr; <strong>1250</strong><br />(+24 for winning)
|l|☆mohva
|player|p1|
|l|☆blattyOmighty
|player|p2|
