|html|<div class="broadcast-blue"><strong>[Gen 9] OU is currently suspecting Tera Blast! For information on how to participate check out the <a href="https://www.smogon.com/tools/suspects/view/200">suspect thread</a>.</strong></div>
|j|☆hillbilly z
|j|☆L81D
|t:|1776112426
|gametype|singles
|player|p1|hillbilly z|266|1667
|player|p2|L81D|1|1704
|gen|9
|tier|[Gen 9] OU
|rated|
|rule|HP Percentage Mod: HP is shown in percentages
|rule|Endless Battle Clause: Forcing endless battles is banned
|rule|Species Clause: Limit one of each Pokémon
|rule|OHKO Clause: OHKO moves are banned
|rule|Evasion Items Clause: Evasion items are banned
|rule|Evasion Moves Clause: Evasion moves are banned
|rule|Evasion Abilities Clause: Evasion abilities are banned
|rule|Sleep Moves Clause: Sleep-inducing moves are banned
|clearpoke
|poke|p1|Torkoal, F|
|poke|p1|Scovillain, M|
|poke|p1|Walking Wake|
|poke|p1|Hatterene, F|
|poke|p1|Great Tusk|
|poke|p1|Ceruledge, F|
|poke|p2|Ogerpon, F|
|poke|p2|Zamazenta-*|
|poke|p2|Pecharunt|
|poke|p2|Dragonite, M|
|poke|p2|Deoxys-Speed|
|poke|p2|Iron Treads|
|teampreview
|inactive|Battle timer is ON: inactive players will automatically lose when time's up. (requested by hillbilly z)
|
|t:|1776112437
|teamsize|p1|6
|teamsize|p2|6
|start
|switch|p1a: Torkoal|Torkoal, F|100/100
|switch|p2a: Iron Treads|Iron Treads|100/100
|-weather|SunnyDay|[from] ability: Drought|[of] p1a: Torkoal
|-enditem|p2a: Iron Treads|Booster Energy
|-activate|p2a: Iron Treads|ability: Quark Drive|[fromitem]
|-start|p2a: Iron Treads|quarkdrivespe
|turn|1
|
|t:|1776112443
|switch|p1a: Hatterene|Hatterene, F|100/100
|move|p2a: Iron Treads|Earth Power|p1a: Hatterene
|-damage|p1a: Hatterene|71/100
|-enditem|p1a: Hatterene|Eject Button
|
|t:|1776112446
|switch|p1a: Scovillain|Scovillain, M|100/100
|
|-weather|SunnyDay|[upkeep]
|upkeep
|turn|2
|inactive|hillbilly z has 120 seconds left.
|
|t:|1776112479
|-end|p2a: Iron Treads|Quark Drive|[silent]
|switch|p2a: Dragonite|Dragonite, M|100/100
|move|p1a: Scovillain|Growth|p1a: Scovillain
|-boost|p1a: Scovillain|atk|2
|-boost|p1a: Scovillain|spa|2
|
|-weather|SunnyDay|[upkeep]
|upkeep
|turn|3
|
|t:|1776112483
|-terastallize|p1a: Scovillain|Fairy
|move|p1a: Scovillain|Tera Blast|p2a: Dragonite|[anim] Tera Blast Fairy
|-supereffective|p2a: Dragonite
|-damage|p2a: Dragonite|5/100
|-damage|p1a: Scovillain|91/100|[from] item: Life Orb
|move|p2a: Dragonite|Outrage|p1a: Scovillain
|-immune|p1a: Scovillain
|
|-weather|SunnyDay|[upkeep]
|upkeep
|turn|4
|
|t:|1776112492
|switch|p2a: Pecharunt|Pecharunt|100/100
|move|p1a: Scovillain|Growth|p1a: Scovillain
|-boost|p1a: Scovillain|atk|2
|-boost|p1a: Scovillain|spa|2
|
|-weather|SunnyDay|[upkeep]
|upkeep
|turn|5
|
|t:|1776112495
|move|p1a: Scovillain|Flamethrower|p2a: Pecharunt
|-damage|p2a: Pecharunt|0 fnt
|faint|p2a: Pecharunt
|-damage|p1a: Scovillain|81/100|[from] item: Life Orb
|
|-weather|SunnyDay|[upkeep]
|upkeep
|
|t:|1776112497
|switch|p2a: Dragonite|Dragonite, M|5/100
|turn|6
|
|t:|1776112502
|move|p2a: Dragonite|Extreme Speed|p1a: Scovillain
|-damage|p1a: Scovillain|1/100
|move|p1a: Scovillain|Giga Drain|p2a: Dragonite
|-resisted|p2a: Dragonite
|-damage|p2a: Dragonite|0 fnt
|-heal|p1a: Scovillain|4/100|[from] drain|[of] p2a: Dragonite
|faint|p2a: Dragonite
|-damage|p1a: Scovillain|0 fnt|[from] item: Life Orb
|faint|p1a: Scovillain
|
|-weather|SunnyDay|[upkeep]
|upkeep
|
|t:|1776112512
|switch|p1a: Walking Wake|Walking Wake|100/100
|switch|p2a: Ogerpon|Ogerpon, F|100/100
|-activate|p1a: Walking Wake|ability: Protosynthesis
|-start|p1a: Walking Wake|protosynthesisspa
|turn|7
|
|t:|1776112519
|-terastallize|p2a: Ogerpon|Grass
|detailschange|p2a: Ogerpon|Ogerpon-Teal-Tera, F, tera:Grass
|-ability|p2a: Ogerpon|Embody Aspect (Teal)|boost
|-boost|p2a: Ogerpon|spe|1
|move|p2a: Ogerpon|Ivy Cudgel|p1a: Walking Wake
|-damage|p1a: Walking Wake|0 fnt
|faint|p1a: Walking Wake
|-end|p1a: Walking Wake|Protosynthesis|[silent]
|
|-weather|SunnyDay|[upkeep]
|upkeep
|
|t:|1776112522
|switch|p1a: Torkoal|Torkoal, F|100/100
|turn|8
|
|t:|1776112529
|switch|p2a: Zamazenta|Zamazenta|100/100
|-ability|p2a: Zamazenta|Dauntless Shield|boost
|-boost|p2a: Zamazenta|def|1
|move|p1a: Torkoal|Flamethrower|p2a: Zamazenta
|-damage|p2a: Zamazenta|50/100
|
|-weather|none
|upkeep
|turn|9
|
|t:|1776112532
|switch|p1a: Hatterene|Hatterene, F|71/100
|move|p2a: Zamazenta|Stone Edge|p1a: Hatterene
|-crit|p1a: Hatterene
|-damage|p1a: Hatterene|17/100
|-damage|p2a: Zamazenta|40/100|[from] item: Life Orb
|
|upkeep
|turn|10
|
|t:|1776112534
|move|p2a: Zamazenta|Heavy Slam|p1a: Hatterene
|-supereffective|p1a: Hatterene
|-damage|p1a: Hatterene|0 fnt
|faint|p1a: Hatterene
|-damage|p2a: Zamazenta|31/100|[from] item: Life Orb
|
|upkeep
|
|t:|1776112536
|switch|p1a: Torkoal|Torkoal, F|100/100
|-weather|SunnyDay|[from] ability: Drought|[of] p1a: Torkoal
|turn|11
|
|t:|1776112541
|move|p2a: Zamazenta|Stone Edge|p1a: Torkoal
|-supereffective|p1a: Torkoal
|-damage|p1a: Torkoal|26/100
|-damage|p2a: Zamazenta|21/100|[from] item: Life Orb
|move|p1a: Torkoal|Flamethrower|p2a: Zamazenta
|-damage|p2a: Zamazenta|0 fnt
|faint|p2a: Zamazenta
|
|-weather|SunnyDay|[upkeep]
|upkeep
|
|t:|1776112544
|switch|p2a: Iron Treads|Iron Treads|100/100
|turn|12
|
|t:|1776112547
|move|p2a: Iron Treads|Earth Power|p1a: Torkoal
|-supereffective|p1a: Torkoal
|-crit|p1a: Torkoal
|-damage|p1a: Torkoal|0 fnt
|faint|p1a: Torkoal
|
|-weather|SunnyDay|[upkeep]
|upkeep
|
|t:|1776112548
|switch|p1a: Don|Great Tusk|100/100
|-activate|p1a: Don|ability: Protosynthesis
|-start|p1a: Don|protosynthesisatk
|turn|13
|
|t:|1776112555
|move|p2a: Iron Treads|Steel Beam|p1a: Don
|-damage|p1a: Don|14/100
|-damage|p2a: Iron Treads|50/100|[from] steelbeam
|move|p1a: Don|Temper Flare|p2a: Iron Treads
|-supereffective|p2a: Iron Treads
|-crit|p2a: Iron Treads
|-damage|p2a: Iron Treads|0 fnt
|faint|p2a: Iron Treads
|-end|p2a: Iron Treads|Quark Drive|[silent]
|
|-weather|SunnyDay|[upkeep]
|upkeep
|
|t:|1776112560
|switch|p2a: Deoxys|Deoxys-Speed|100/100
|-ability|p2a: Deoxys|Pressure
|turn|14
|
|t:|1776112562
|move|p2a: Deoxys|Focus Blast|p1a: Don
|-damage|p1a: Don|0 fnt
|faint|p1a: Don
|-end|p1a: Don|Protosynthesis|[silent]
|-damage|p2a: Deoxys|91/100|[from] item: Life Orb
|
|-weather|SunnyDay|[upkeep]
|upkeep
|
|t:|1776112564
|switch|p1a: Ceruledge|Ceruledge, F|100/100
|turn|15
|
|t:|1776112573
|move|p2a: Deoxys|Psycho Boost|p1a: Ceruledge|[miss]
|-miss|p2a: Deoxys|p1a: Ceruledge
|move|p1a: Ceruledge|Swords Dance|p1a: Ceruledge
|-boost|p1a: Ceruledge|atk|2
|
|-weather|SunnyDay|[upkeep]
|upkeep
|turn|16
|
|t:|1776112575
|move|p1a: Ceruledge|Shadow Sneak|p2a: Deoxys
|-supereffective|p2a: Deoxys
|-damage|p2a: Deoxys|0 fnt
|faint|p2a: Deoxys
|
|-weather|SunnyDay|[upkeep]
|upkeep
|
|t:|1776112577
|switch|p2a: Ogerpon|Ogerpon-Teal-Tera, F, tera:Grass|100/100
|-ability|p2a: Ogerpon|Embody Aspect (Teal)|boost
|-boost|p2a: Ogerpon|spe|1
|turn|17
|
|t:|1776112579
|move|p2a: Ogerpon|Knock Off|p1a: Ceruledge
|-supereffective|p1a: Ceruledge
|-enditem|p1a: Ceruledge|Focus Sash
|-damage|p1a: Ceruledge|1/100
|-ability|p1a: Ceruledge|Weak Armor|boost
|-unboost|p1a: Ceruledge|def|1
|-boost|p1a: Ceruledge|spe|2
|move|p1a: Ceruledge|Bitter Blade|p2a: Ogerpon
|-supereffective|p2a: Ogerpon
|-damage|p2a: Ogerpon|0 fnt
|-heal|p1a: Ceruledge|53/100|[from] drain|[of] p2a: Ogerpon
|faint|p2a: Ogerpon
|detailschange|p2: Ogerpon|Ogerpon, F|[silent]
|
|win|hillbilly z
|raw|hillbilly z's rating: 1667 &rarr; <strong>1689</strong><br />(+22 for winning)
|raw|L81D's rating: 1704 &rarr; <strong>1682</strong><br />(-22 for losing)
|l|☆L81D
|player|p2|
