|html|<div class="broadcast-blue"><strong>[Gen 9] OU is currently suspecting Tera Blast! For information on how to participate check out the <a href="https://www.smogon.com/tools/suspects/view/200">suspect thread</a>.</strong></div>
|j|☆am1rthedeer
|j|☆SemperMamba
|t:|1776082633
|gametype|singles
|player|p1|am1rthedeer|102|1286
|player|p2|SemperMamba|blackbelt-gen4dp|1283
|gen|9
|tier|[Gen 9] OU
|rated|
|rule|HP Percentage Mod: HP is shown in percentages
|rule|Endless Battle Clause: Forcing endless battles is banned
|rule|Species Clause: Limit one of each Pokémon
|rule|OHKO Clause: OHKO moves are banned
|rule|Evasion Items Clause: Evasion items are banned
|rule|Evasion Moves Clause: Evasion moves are banned
|rule|Evasion Abilities Clause: Evasion abilities are banned
|rule|Sleep Moves Clause: Sleep-inducing moves are banned
|clearpoke
|poke|p1|Ting-Lu|
|poke|p1|Zamazenta-*|
|poke|p1|Ogerpon-Wellspring, F|
|poke|p1|Dragonite, F|
|poke|p1|Gholdengo|
|poke|p1|Iron Treads|
|poke|p2|Dragapult, M|
|poke|p2|Pawmot, F|
|poke|p2|Great Tusk|
|poke|p2|Ogerpon-Wellspring, F|
|poke|p2|Galvantula, M|
|poke|p2|Kingambit, F|
|teampreview
|inactive|Battle timer is ON: inactive players will automatically lose when time's up. (requested by am1rthedeer)
|
|t:|1776082663
|teamsize|p1|6
|teamsize|p2|6
|start
|switch|p1a: Iron Treads|Iron Treads|100/100
|switch|p2a: Galvantula|Galvantula, M|100/100
|-item|p1a: Iron Treads|Air Balloon
|turn|1
|
|t:|1776082675
|move|p2a: Galvantula|Sticky Web|p1a: Iron Treads
|-sidestart|p1: am1rthedeer|move: Sticky Web
|move|p1a: Iron Treads|Knock Off|p2a: Galvantula
|-damage|p2a: Galvantula|50/100
|-enditem|p2a: Galvantula|Focus Sash|[from] move: Knock Off|[of] p1a: Iron Treads
|
|upkeep
|turn|2
|
|t:|1776082680
|switch|p2a: Dragapult|Dragapult, M|100/100
|move|p1a: Iron Treads|Knock Off|p2a: Dragapult
|-supereffective|p2a: Dragapult
|-damage|p2a: Dragapult|26/100
|-enditem|p2a: Dragapult|Choice Specs|[from] move: Knock Off|[of] p1a: Iron Treads
|
|upkeep
|turn|3
|
|t:|1776082693
|move|p2a: Dragapult|U-turn|p1a: Iron Treads
|-resisted|p1a: Iron Treads
|-damage|p1a: Iron Treads|92/100
|-enditem|p1a: Iron Treads|Air Balloon
|
|t:|1776082694
|switch|p2a: Ogerpon|Ogerpon-Wellspring, F|100/100|[from] U-turn
|move|p1a: Iron Treads|Ice Spinner|p2a: Ogerpon
|-damage|p2a: Ogerpon|71/100
|
|upkeep
|turn|4
|
|t:|1776082708
|move|p2a: Ogerpon|Ivy Cudgel|p1a: Iron Treads|[anim] Ivy Cudgel Water
|-supereffective|p1a: Iron Treads
|-damage|p1a: Iron Treads|0 fnt
|faint|p1a: Iron Treads
|-end|p1a: Iron Treads|Quark Drive|[silent]
|
|upkeep
|
|t:|1776082720
|switch|p1a: Ogerpon|Ogerpon-Wellspring, F|100/100
|-activate|p1a: Ogerpon|move: Sticky Web
|-unboost|p1a: Ogerpon|spe|1
|turn|5
|
|t:|1776082734
|move|p2a: Ogerpon|U-turn|p1a: Ogerpon
|-supereffective|p1a: Ogerpon
|-damage|p1a: Ogerpon|29/100
|
|t:|1776082737
|switch|p2a: Galvantula|Galvantula, M|50/100|[from] U-turn
|move|p1a: Ogerpon|Play Rough|p2a: Galvantula
|-damage|p2a: Galvantula|0 fnt
|faint|p2a: Galvantula
|
|upkeep
|
|t:|1776082751
|switch|p2a: Dragapult|Dragapult, M|26/100
|turn|6
|
|t:|1776082757
|move|p2a: Dragapult|U-turn|p1a: Ogerpon
|-supereffective|p1a: Ogerpon
|-damage|p1a: Ogerpon|0 fnt
|faint|p1a: Ogerpon
|
|t:|1776082765
|switch|p2a: Ogerpon|Ogerpon-Wellspring, F|71/100|[from] U-turn
|
|upkeep
|
|t:|1776082777
|switch|p1a: Ting-Lu|Ting-Lu|100/100
|-activate|p1a: Ting-Lu|move: Sticky Web
|-unboost|p1a: Ting-Lu|spe|1
|-ability|p1a: Ting-Lu|Vessel of Ruin
|turn|7
|
|t:|1776082784
|move|p2a: Ogerpon|Horn Leech|p1a: Ting-Lu
|-supereffective|p1a: Ting-Lu
|-damage|p1a: Ting-Lu|62/100
|-heal|p2a: Ogerpon|99/100|[from] drain|[of] p1a: Ting-Lu
|-enditem|p1a: Ting-Lu|Red Card|[of] p2a: Ogerpon
|drag|p2a: Kingambit|Kingambit, F|100/100
|-activate|p2a: Kingambit|ability: Supreme Overlord
|-start|p2a: Kingambit|fallen1|[silent]
|-item|p2a: Kingambit|Air Balloon
|move|p1a: Ting-Lu|Stealth Rock|p2a: Kingambit
|-sidestart|p2: SemperMamba|move: Stealth Rock
|
|upkeep
|turn|8
|
|t:|1776082800
|-end|p2a: Kingambit|fallen1|[silent]
|switch|p2a: Ogerpon|Ogerpon-Wellspring, F|99/100
|-damage|p2a: Ogerpon|87/100|[from] Stealth Rock
|move|p1a: Ting-Lu|Ruination|p2a: Ogerpon
|-damage|p2a: Ogerpon|44/100
|
|upkeep
|turn|9
|
|t:|1776082814
|move|p2a: Ogerpon|Horn Leech|p1a: Ting-Lu
|-supereffective|p1a: Ting-Lu
|-damage|p1a: Ting-Lu|18/100
|-heal|p2a: Ogerpon|76/100|[from] drain|[of] p1a: Ting-Lu
|move|p1a: Ting-Lu|Whirlwind|p2a: Ogerpon
|drag|p2a: Pawmot|Pawmot, F, shiny|100/100
|-damage|p2a: Pawmot|94/100|[from] Stealth Rock
|
|upkeep
|turn|10
|
|t:|1776082826
|move|p2a: Pawmot|Mach Punch|p1a: Ting-Lu
|-supereffective|p1a: Ting-Lu
|-damage|p1a: Ting-Lu|0 fnt
|faint|p1a: Ting-Lu
|-damage|p2a: Pawmot|85/100|[from] item: Life Orb
|
|upkeep
|
|t:|1776082831
|switch|p1a: Gholdengo|Gholdengo|100/100
|-activate|p1a: Gholdengo|move: Sticky Web
|-unboost|p1a: Gholdengo|spe|1
|turn|11
|
|t:|1776082842
|-terastallize|p2a: Pawmot|Electric
|move|p2a: Pawmot|Double Shock|p1a: Gholdengo
|-damage|p1a: Gholdengo|0 fnt
|-start|p2a: Pawmot|typechange|Electric|[from] move: Double Shock
|faint|p1a: Gholdengo
|-damage|p2a: Pawmot|75/100|[from] item: Life Orb
|
|upkeep
|-message|am1rthedeer forfeited.
|
|win|SemperMamba
|raw|am1rthedeer's rating: 1286 &rarr; <strong>1261</strong><br />(-25 for losing)
|raw|SemperMamba's rating: 1283 &rarr; <strong>1308</strong><br />(+25 for winning)
|l|☆am1rthedeer
|player|p1|
|l|☆SemperMamba
|player|p2|
