|html|<div class="broadcast-blue"><strong>[Gen 9] OU is currently suspecting Tera Blast! For information on how to participate check out the <a href="https://www.smogon.com/tools/suspects/view/200">suspect thread</a>.</strong></div>
|j|☆vzn.exe
|j|☆jimborri
|t:|1776071669
|gametype|singles
|player|p1|vzn.exe|lusamine-nihilego|1176
|player|p2|jimborri|blackbelt|1220
|gen|9
|tier|[Gen 9] OU
|rated|
|rule|HP Percentage Mod: HP is shown in percentages
|rule|Endless Battle Clause: Forcing endless battles is banned
|rule|Species Clause: Limit one of each Pokémon
|rule|OHKO Clause: OHKO moves are banned
|rule|Evasion Items Clause: Evasion items are banned
|rule|Evasion Moves Clause: Evasion moves are banned
|rule|Evasion Abilities Clause: Evasion abilities are banned
|rule|Sleep Moves Clause: Sleep-inducing moves are banned
|clearpoke
|poke|p1|Primarina, M|
|poke|p1|Great Tusk|
|poke|p1|Enamorus, F|
|poke|p1|Slowking-Galar, M|
|poke|p1|Ogerpon, F|
|poke|p1|Kingambit, M|
|poke|p2|Jolteon, F|
|poke|p2|Skeledirge, F|
|poke|p2|Forretress, M|
|poke|p2|Hitmonlee, M|
|poke|p2|Hydrapple, M|
|poke|p2|Cloyster, F|
|teampreview
|inactive|Battle timer is ON: inactive players will automatically lose when time's up. (requested by jimborri)
|
|t:|1776071687
|teamsize|p1|6
|teamsize|p2|6
|start
|switch|p1a: Mantra|Slowking-Galar, M, shiny|100/100
|switch|p2a: Cloyster|Cloyster, F|100/100
|turn|1
|inactive|vzn.exe also wants the timer to be on.
|
|t:|1776071704
|move|p2a: Cloyster|Shell Smash|p2a: Cloyster
|-unboost|p2a: Cloyster|def|1
|-unboost|p2a: Cloyster|spd|1
|-boost|p2a: Cloyster|atk|2
|-boost|p2a: Cloyster|spa|2
|-boost|p2a: Cloyster|spe|2
|move|p1a: Mantra|Psychic Noise|p2a: Cloyster
|-enditem|p2a: Cloyster|Focus Sash
|-damage|p2a: Cloyster|1/100
|-start|p2a: Cloyster|move: Heal Block
|
|upkeep
|turn|2
|
|t:|1776071722
|move|p2a: Cloyster|Icicle Spear|p1a: Mantra
|-damage|p1a: Mantra|83/100
|-damage|p1a: Mantra|66/100
|-damage|p1a: Mantra|48/100
|-damage|p1a: Mantra|32/100
|-crit|p1a: Mantra
|-damage|p1a: Mantra|7/100
|-hitcount|p1a: Mantra|5
|move|p1a: Mantra|Flamethrower|p2a: Cloyster
|-damage|p2a: Cloyster|0 fnt
|faint|p2a: Cloyster
|
|upkeep
|inactive|jimborri has 120 seconds left.
|
|t:|1776071757
|switch|p2a: Jolteon|Jolteon, F|100/100
|turn|3
|
|t:|1776071774
|switch|p1a: Overgod|Kingambit, M, shiny|100/100
|move|p2a: Jolteon|Thunderbolt|p1a: Overgod
|-damage|p1a: Overgod|52/100
|-status|p1a: Overgod|par
|
|-heal|p1a: Overgod|58/100 par|[from] item: Leftovers
|upkeep
|turn|4
|
|t:|1776071792
|switch|p2a: Forretress|Forretress, M|100/100
|cant|p1a: Overgod|par
|
|-heal|p1a: Overgod|65/100 par|[from] item: Leftovers
|upkeep
|turn|5
|inactive|vzn.exe has 120 seconds left.
|
|t:|1776071809
|-end|p1a: Overgod|fallenundefined|[silent]
|switch|p1a: Mantra|Slowking-Galar, M, shiny|40/100
|move|p2a: Forretress|Stealth Rock|p1a: Mantra
|-sidestart|p1: vzn.exe|move: Stealth Rock
|
|upkeep
|turn|6
|inactive|vzn.exe has 120 seconds left.
|
|t:|1776071826
|switch|p1a: Behemoth|Great Tusk, shiny|100/100
|-damage|p1a: Behemoth|98/100|[from] Stealth Rock
|move|p2a: Forretress|Thunder Wave|p1a: Behemoth
|-immune|p1a: Behemoth
|
|upkeep
|turn|7
|inactive|vzn.exe has 120 seconds left.
|
|t:|1776071848
|switch|p2a: Skeledirge|Skeledirge, F|100/100
|move|p1a: Behemoth|Rapid Spin|p2a: Skeledirge
|-immune|p2a: Skeledirge
|
|upkeep
|turn|8
|
|t:|1776071865
|-terastallize|p2a: Skeledirge|Flying
|move|p1a: Behemoth|Headlong Rush|p2a: Skeledirge
|-immune|p2a: Skeledirge
|move|p2a: Skeledirge|Torch Song|p1a: Behemoth
|-damage|p1a: Behemoth|43/100
|-boost|p2a: Skeledirge|spa|1
|-enditem|p2a: Skeledirge|Throat Spray
|-boost|p2a: Skeledirge|spa|1|[from] item: Throat Spray
|
|upkeep
|turn|9
|
|t:|1776071882
|move|p1a: Behemoth|Rapid Spin|p2a: Skeledirge
|-damage|p2a: Skeledirge|89/100
|-boost|p1a: Behemoth|spe|1
|-sideend|p1: vzn.exe|Stealth Rock|[from] move: Rapid Spin|[of] p1a: Behemoth
|move|p2a: Skeledirge|Torch Song|p1a: Behemoth
|-damage|p1a: Behemoth|0 fnt
|-boost|p2a: Skeledirge|spa|1
|faint|p1a: Behemoth
|-end|p1a: Behemoth|Protosynthesis|[silent]
|
|upkeep
|inactive|vzn.exe has 90 seconds left.
|
|t:|1776071900
|switch|p1a: Celestine|Primarina, M, shiny|100/100
|turn|10
|inactive|vzn.exe has 90 seconds left.
|
|t:|1776071917
|move|p1a: Celestine|Moonblast|p2a: Skeledirge
|-damage|p2a: Skeledirge|26/100
|move|p2a: Skeledirge|Shadow Ball|p1a: Celestine
|-crit|p1a: Celestine
|-damage|p1a: Celestine|0 fnt
|faint|p1a: Celestine
|
|upkeep
|
|t:|1776071934
|switch|p1a: Gin|Enamorus, F, shiny|100/100
|turn|11
|
|t:|1776071951
|move|p1a: Gin|Moonblast|p2a: Skeledirge
|-damage|p2a: Skeledirge|0 fnt
|faint|p2a: Skeledirge
|
|upkeep
|
|t:|1776071964
|switch|p2a: Jolteon|Jolteon, F|100/100
|turn|12
|
|t:|1776071981
|move|p1a: Gin|Moonblast|p2a: Jolteon
|-crit|p2a: Jolteon
|-damage|p2a: Jolteon|0 fnt
|faint|p2a: Jolteon
|
|upkeep
|
|t:|1776071993
|switch|p2a: Forretress|Forretress, M|100/100
|turn|13
|
|t:|1776072011
|move|p1a: Gin|Moonblast|p2a: Forretress
|-resisted|p2a: Forretress
|-damage|p2a: Forretress|47/100
|move|p2a: Forretress|Thunder Wave|p1a: Gin
|-status|p1a: Gin|par
|
|upkeep
|turn|14
|
|t:|1776072028
|move|p1a: Gin|Moonblast|p2a: Forretress
|-resisted|p2a: Forretress
|-damage|p2a: Forretress|0 fnt
|faint|p2a: Forretress
|
|upkeep
|
|t:|1776072052
|switch|p2a: Hitmonlee|Hitmonlee, M|100/100
|turn|15
|-message|jimborri forfeited.
|
|win|vzn.exe
|raw|vzn.exe's rating: 1176 &rarr; <strong>1204</strong><br />(+28 for winning)
|raw|jimborri's rating: 1220 &rarr; <strong>1192</strong><br />(-28 for losing)
|l|☆jimborri
|player|p2|
