|html|<div class="broadcast-blue"><strong>[Gen 9] OU is currently suspecting Tera Blast! For information on how to participate check out the <a href="https://www.smogon.com/tools/suspects/view/200">suspect thread</a>.</strong></div>
|j|☆forsakenlog
|j|☆AlphaDreams
|t:|1776242042
|gametype|singles
|player|p1|forsakenlog|170|1334
|player|p2|AlphaDreams|caitlin|1355
|gen|9
|tier|[Gen 9] OU
|rated|
|rule|HP Percentage Mod: HP is shown in percentages
|rule|Endless Battle Clause: Forcing endless battles is banned
|rule|Species Clause: Limit one of each Pokémon
|rule|OHKO Clause: OHKO moves are banned
|rule|Evasion Items Clause: Evasion items are banned
|rule|Evasion Moves Clause: Evasion moves are banned
|rule|Evasion Abilities Clause: Evasion abilities are banned
|rule|Sleep Moves Clause: Sleep-inducing moves are banned
|clearpoke
|poke|p1|Ogerpon-Wellspring, F|
|poke|p1|Gliscor, F|
|poke|p1|Kingambit, F|
|poke|p1|Glimmora, M|
|poke|p1|Gholdengo|
|poke|p1|Slowking-Galar, M|
|poke|p2|Grimmsnarl, M|
|poke|p2|Zamazenta-*|
|poke|p2|Gholdengo|
|poke|p2|Great Tusk|
|poke|p2|Thundurus-Therian, M|
|poke|p2|Iron Valiant|
|teampreview
|inactive|Battle timer is ON: inactive players will automatically lose when time's up. (requested by forsakenlog)
|
|t:|1776242048
|teamsize|p1|6
|teamsize|p2|6
|start
|switch|p1a: Ogerpon|Ogerpon-Wellspring, F|100/100
|switch|p2a: Grimmsnarl|Grimmsnarl, M|100/100
|turn|1
|
|t:|1776242061
|switch|p1a: Kingambit|Kingambit, F|100/100
|move|p2a: Grimmsnarl|Reflect|p2a: Grimmsnarl
|-sidestart|p2: AlphaDreams|Reflect
|
|upkeep
|turn|2
|
|t:|1776242065
|move|p2a: Grimmsnarl|Light Screen|p2a: Grimmsnarl
|-sidestart|p2: AlphaDreams|move: Light Screen
|move|p1a: Kingambit|Iron Head|p2a: Grimmsnarl
|-supereffective|p2a: Grimmsnarl
|-damage|p2a: Grimmsnarl|48/100
|
|upkeep
|turn|3
|
|t:|1776242070
|switch|p2a: Zamazenta|Zamazenta|100/100
|-ability|p2a: Zamazenta|Dauntless Shield|boost
|-boost|p2a: Zamazenta|def|1
|move|p1a: Kingambit|Iron Head|p2a: Zamazenta
|-damage|p2a: Zamazenta|86/100
|
|upkeep
|turn|4
|
|t:|1776242077
|-end|p1a: Kingambit|fallenundefined|[silent]
|switch|p1a: Glimmora|Glimmora, M|100/100
|move|p2a: Zamazenta|Crunch|p1a: Glimmora
|-crit|p1a: Glimmora
|-damage|p1a: Glimmora|57/100
|-activate|p1a: Glimmora|ability: Toxic Debris
|-sidestart|p2: AlphaDreams|move: Toxic Spikes
|
|upkeep
|turn|5
|
|t:|1776242081
|move|p2a: Zamazenta|Heavy Slam|p1a: Glimmora
|-supereffective|p1a: Glimmora
|-damage|p1a: Glimmora|0 fnt
|-activate|p1a: Glimmora|ability: Toxic Debris
|-sidestart|p2: AlphaDreams|move: Toxic Spikes
|faint|p1a: Glimmora
|
|upkeep
|
|t:|1776242089
|switch|p1a: Slowking|Slowking-Galar, M|100/100
|turn|6
|
|t:|1776242093
|move|p2a: Zamazenta|Crunch|p1a: Slowking
|-supereffective|p1a: Slowking
|-damage|p1a: Slowking|50/100
|move|p1a: Slowking|Thunder Wave|p2a: Zamazenta
|-status|p2a: Zamazenta|par
|
|upkeep
|turn|7
|
|t:|1776242100
|switch|p1a: Gliscor|Gliscor, F|100/100
|move|p2a: Zamazenta|Crunch|p1a: Gliscor
|-damage|p1a: Gliscor|85/100
|
|-status|p1a: Gliscor|tox|[from] item: Toxic Orb
|upkeep
|turn|8
|
|t:|1776242104
|move|p1a: Gliscor|Stealth Rock|p2a: Zamazenta
|-sidestart|p2: AlphaDreams|move: Stealth Rock
|move|p2a: Zamazenta|Heavy Slam|p1a: Gliscor
|-damage|p1a: Gliscor|64/100 tox
|
|-heal|p1a: Gliscor|77/100 tox|[from] ability: Poison Heal
|-sideend|p2: AlphaDreams|Reflect
|upkeep
|turn|9
|
|t:|1776242109
|move|p1a: Gliscor|Facade|p2a: Zamazenta
|-crit|p2a: Zamazenta
|-damage|p2a: Zamazenta|46/100 par
|cant|p2a: Zamazenta|par
|
|-heal|p1a: Gliscor|89/100 tox|[from] ability: Poison Heal
|-sideend|p2: AlphaDreams|move: Light Screen
|upkeep
|turn|10
|
|t:|1776242115
|move|p1a: Gliscor|Facade|p2a: Zamazenta
|-damage|p2a: Zamazenta|29/100 par
|cant|p2a: Zamazenta|par
|
|-heal|p1a: Gliscor|100/100 tox|[from] ability: Poison Heal
|upkeep
|turn|11
|
|t:|1776242120
|move|p1a: Gliscor|Facade|p2a: Zamazenta
|-damage|p2a: Zamazenta|11/100 par
|move|p2a: Zamazenta|Stone Edge|p1a: Gliscor
|-damage|p1a: Gliscor|81/100 tox
|
|-heal|p1a: Gliscor|93/100 tox|[from] ability: Poison Heal
|upkeep
|turn|12
|
|t:|1776242134
|switch|p1a: Ogerpon|Ogerpon-Wellspring, F|100/100
|switch|p2a: Thundurus|Thundurus-Therian, M|100/100
|-damage|p2a: Thundurus|76/100|[from] Stealth Rock
|
|upkeep
|turn|13
|
|t:|1776242144
|move|p1a: Ogerpon|U-turn|p2a: Thundurus
|-resisted|p2a: Thundurus
|-damage|p2a: Thundurus|54/100
|
|t:|1776242148
|switch|p1a: Gholdengo|Gholdengo|100/100|[from] U-turn
|-item|p1a: Gholdengo|Air Balloon
|move|p2a: Thundurus|Thunderbolt|p1a: Gholdengo
|-damage|p1a: Gholdengo|8/100
|-enditem|p1a: Gholdengo|Air Balloon
|
|upkeep
|turn|14
|
|t:|1776242155
|switch|p1a: Gliscor|Gliscor, F|93/100 tox
|move|p2a: Thundurus|Thunderbolt|p1a: Gliscor
|-immune|p1a: Gliscor
|
|-heal|p1a: Gliscor|100/100 tox|[from] ability: Poison Heal
|upkeep
|turn|15
|
|t:|1776242163
|switch|p2a: Gholdengo|Gholdengo|100/100
|-damage|p2a: Gholdengo|94/100|[from] Stealth Rock
|-item|p2a: Gholdengo|Air Balloon
|move|p1a: Gliscor|Toxic|p2a: Gholdengo
|-immune|p2a: Gholdengo|[from] ability: Good as Gold
|
|upkeep
|turn|16
|
|t:|1776242170
|move|p1a: Gliscor|Protect|p1a: Gliscor
|-singleturn|p1a: Gliscor|Protect
|move|p2a: Gholdengo|Nasty Plot|p2a: Gholdengo
|-boost|p2a: Gholdengo|spa|2
|
|upkeep
|turn|17
|
|t:|1776242180
|switch|p1a: Gholdengo|Gholdengo|8/100
|move|p2a: Gholdengo|Make It Rain|p1a: Gholdengo
|-resisted|p1a: Gholdengo
|-damage|p1a: Gholdengo|0 fnt
|-unboost|p2a: Gholdengo|spa|1
|faint|p1a: Gholdengo
|
|upkeep
|
|t:|1776242183
|switch|p1a: Kingambit|Kingambit, F|100/100
|-activate|p1a: Kingambit|ability: Supreme Overlord
|-start|p1a: Kingambit|fallen2|[silent]
|turn|18
|
|t:|1776242192
|-terastallize|p2a: Gholdengo|Fairy
|move|p1a: Kingambit|Sucker Punch|p2a: Gholdengo
|-resisted|p2a: Gholdengo
|-damage|p2a: Gholdengo|77/100
|-enditem|p2a: Gholdengo|Air Balloon
|move|p2a: Gholdengo|Make It Rain|p1a: Kingambit
|-resisted|p1a: Kingambit
|-damage|p1a: Kingambit|62/100
|-unboost|p2a: Gholdengo|spa|1
|
|upkeep
|turn|19
|
|t:|1776242199
|move|p2a: Gholdengo|Nasty Plot|p2a: Gholdengo
|-boost|p2a: Gholdengo|spa|2
|move|p1a: Kingambit|Iron Head|p2a: Gholdengo
|-supereffective|p2a: Gholdengo
|-damage|p2a: Gholdengo|1/100
|
|upkeep
|turn|20
|
|t:|1776242208
|move|p1a: Kingambit|Sucker Punch||[still]
|-fail|p1a: Kingambit
|move|p2a: Gholdengo|Recover|p2a: Gholdengo
|-heal|p2a: Gholdengo|51/100
|
|upkeep
|turn|21
|
|t:|1776242213
|move|p2a: Gholdengo|Recover|p2a: Gholdengo
|-heal|p2a: Gholdengo|100/100
|move|p1a: Kingambit|Iron Head|p2a: Gholdengo
|-supereffective|p2a: Gholdengo
|-damage|p2a: Gholdengo|21/100
|
|upkeep
|turn|22
|
|t:|1776242217
|move|p2a: Gholdengo|Make It Rain|p1a: Kingambit
|-resisted|p1a: Kingambit
|-damage|p1a: Kingambit|8/100
|-unboost|p2a: Gholdengo|spa|1
|move|p1a: Kingambit|Iron Head|p2a: Gholdengo
|-supereffective|p2a: Gholdengo
|-crit|p2a: Gholdengo
|-damage|p2a: Gholdengo|0 fnt
|faint|p2a: Gholdengo
|
|upkeep
|
|t:|1776242223
|switch|p2a: Zamazenta|Zamazenta|11/100 par
|-damage|p2a: Zamazenta|5/100 par|[from] Stealth Rock
|turn|23
|
|t:|1776242228
|move|p1a: Kingambit|Sucker Punch|p2a: Zamazenta
|-resisted|p2a: Zamazenta
|-damage|p2a: Zamazenta|0 fnt
|faint|p2a: Zamazenta
|
|upkeep
|
|t:|1776242232
|switch|p2a: Great Tusk|Great Tusk|100/100
|-status|p2a: Great Tusk|tox
|-damage|p2a: Great Tusk|98/100 tox|[from] Stealth Rock
|-enditem|p2a: Great Tusk|Booster Energy
|-activate|p2a: Great Tusk|ability: Protosynthesis|[fromitem]
|-start|p2a: Great Tusk|protosynthesisspe
|turn|24
|
|t:|1776242242
|-terastallize|p1a: Kingambit|Ghost
|move|p2a: Great Tusk|Rapid Spin|p1a: Kingambit
|-immune|p1a: Kingambit
|move|p1a: Kingambit|Iron Head|p2a: Great Tusk
|-damage|p2a: Great Tusk|60/100 tox
|
|-damage|p2a: Great Tusk|54/100 tox|[from] psn
|upkeep
|turn|25
|
|t:|1776242252
|-end|p1a: Kingambit|fallen2|[silent]
|switch|p1a: Gliscor|Gliscor, F|100/100 tox
|move|p2a: Great Tusk|Bulk Up|p2a: Great Tusk
|-boost|p2a: Great Tusk|atk|1
|-boost|p2a: Great Tusk|def|1
|
|-damage|p2a: Great Tusk|42/100 tox|[from] psn
|upkeep
|turn|26
|
|t:|1776242259
|move|p1a: Gliscor|Protect|p1a: Gliscor
|-singleturn|p1a: Gliscor|Protect
|move|p2a: Great Tusk|Rapid Spin|p1a: Gliscor
|-activate|p1a: Gliscor|move: Protect
|
|-damage|p2a: Great Tusk|23/100 tox|[from] psn
|upkeep
|turn|27
|
|t:|1776242264
|switch|p1a: Kingambit|Kingambit, F, tera:Ghost|8/100
|-activate|p1a: Kingambit|ability: Supreme Overlord
|-start|p1a: Kingambit|fallen2|[silent]
|move|p2a: Great Tusk|Ice Spinner|p1a: Kingambit
|-damage|p1a: Kingambit|0 fnt
|faint|p1a: Kingambit
|-end|p1a: Kingambit|fallen2|[silent]
|
|-damage|p2a: Great Tusk|0 fnt|[from] psn
|faint|p2a: Great Tusk
|-end|p2a: Great Tusk|Protosynthesis|[silent]
|upkeep
|
|t:|1776242274
|switch|p2a: Grimmsnarl|Grimmsnarl, M|48/100
|switch|p1a: Ogerpon|Ogerpon-Wellspring, F|100/100
|-status|p2a: Grimmsnarl|tox
|-damage|p2a: Grimmsnarl|35/100 tox|[from] Stealth Rock
|turn|28
|
|t:|1776242278
|move|p2a: Grimmsnarl|Reflect|p2a: Grimmsnarl
|-sidestart|p2: AlphaDreams|Reflect
|move|p1a: Ogerpon|Taunt|p2a: Grimmsnarl
|-start|p2a: Grimmsnarl|move: Taunt
|
|-damage|p2a: Grimmsnarl|29/100 tox|[from] psn
|upkeep
|turn|29
|
|t:|1776242282
|move|p1a: Ogerpon|Swords Dance|p1a: Ogerpon
|-boost|p1a: Ogerpon|atk|2
|move|p2a: Grimmsnarl|Spirit Break|p1a: Ogerpon
|-damage|p1a: Ogerpon|64/100
|-unboost|p1a: Ogerpon|spa|1
|
|-damage|p2a: Grimmsnarl|17/100 tox|[from] psn
|upkeep
|turn|30
|
|t:|1776242288
|move|p1a: Ogerpon|Ivy Cudgel|p2a: Grimmsnarl|[anim] Ivy Cudgel Water
|-damage|p2a: Grimmsnarl|0 fnt
|faint|p2a: Grimmsnarl
|
|upkeep
|
|t:|1776242292
|switch|p2a: Iron Valiant|Iron Valiant|100/100
|-status|p2a: Iron Valiant|tox
|-damage|p2a: Iron Valiant|94/100 tox|[from] Stealth Rock
|-enditem|p2a: Iron Valiant|Booster Energy
|-activate|p2a: Iron Valiant|ability: Quark Drive|[fromitem]
|-start|p2a: Iron Valiant|quarkdrivespe
|turn|31
|
|t:|1776242303
|move|p2a: Iron Valiant|Close Combat|p1a: Ogerpon
|-damage|p1a: Ogerpon|0 fnt
|-unboost|p2a: Iron Valiant|def|1
|-unboost|p2a: Iron Valiant|spd|1
|faint|p1a: Ogerpon
|
|-damage|p2a: Iron Valiant|88/100 tox|[from] psn
|upkeep
|
|t:|1776242307
|switch|p1a: Gliscor|Gliscor, F|100/100 tox
|turn|32
|
|t:|1776242312
|move|p1a: Gliscor|Protect|p1a: Gliscor
|-singleturn|p1a: Gliscor|Protect
|move|p2a: Iron Valiant|Swords Dance|p2a: Iron Valiant
|-boost|p2a: Iron Valiant|atk|2
|
|-damage|p2a: Iron Valiant|76/100 tox|[from] psn
|upkeep
|turn|33
|
|t:|1776242316
|move|p2a: Iron Valiant|Encore|p1a: Gliscor
|-start|p1a: Gliscor|Encore
|move|p1a: Gliscor|Protect||[still]
|-fail|p1a: Gliscor
|
|-damage|p2a: Iron Valiant|57/100 tox|[from] psn
|upkeep
|turn|34
|
|t:|1776242319
|move|p1a: Gliscor|Protect|p1a: Gliscor
|-singleturn|p1a: Gliscor|Protect
|move|p2a: Iron Valiant|Swords Dance|p2a: Iron Valiant
|-boost|p2a: Iron Valiant|atk|2
|
|-damage|p2a: Iron Valiant|32/100 tox|[from] psn
|upkeep
|turn|35
|
|t:|1776242328
|switch|p1a: Slowking|Slowking-Galar, M|83/100
|move|p2a: Iron Valiant|Knock Off|p1a: Slowking
|-supereffective|p1a: Slowking
|-damage|p1a: Slowking|0 fnt
|-enditem|p1a: Slowking|Heavy-Duty Boots|[from] move: Knock Off|[of] p2a: Iron Valiant
|faint|p1a: Slowking
|
|-damage|p2a: Iron Valiant|1/100 tox|[from] psn
|-sideend|p2: AlphaDreams|Reflect
|upkeep
|
|t:|1776242330
|switch|p1a: Gliscor|Gliscor, F|100/100 tox
|turn|36
|
|t:|1776242332
|move|p1a: Gliscor|Protect|p1a: Gliscor
|-singleturn|p1a: Gliscor|Protect
|move|p2a: Iron Valiant|Close Combat|p1a: Gliscor
|-activate|p1a: Gliscor|move: Protect
|
|-damage|p2a: Iron Valiant|0 fnt|[from] psn
|faint|p2a: Iron Valiant
|-end|p2a: Iron Valiant|Quark Drive|[silent]
|upkeep
|
|t:|1776242334
|switch|p2a: Thundurus|Thundurus-Therian, M|54/100
|-damage|p2a: Thundurus|29/100|[from] Stealth Rock
|turn|37
|
|t:|1776242339
|move|p2a: Thundurus|Grass Knot|p1a: Gliscor
|-damage|p1a: Gliscor|60/100 tox
|move|p1a: Gliscor|Facade|p2a: Thundurus
|-damage|p2a: Thundurus|0 fnt
|faint|p2a: Thundurus
|
|win|forsakenlog
|raw|forsakenlog's rating: 1334 &rarr; <strong>1355</strong><br />(+21 for winning)
|raw|AlphaDreams's rating: 1355 &rarr; <strong>1334</strong><br />(-21 for losing)
