|html|<div class="broadcast-blue"><strong>[Gen 9] OU is currently suspecting Tera Blast! For information on how to participate check out the <a href="https://www.smogon.com/tools/suspects/view/200">suspect thread</a>.</strong></div>
|j|☆Metallic Symphony
|j|☆DaBoffler
|t:|1776084966
|gametype|singles
|player|p1|Metallic Symphony|red|1637
|player|p2|DaBoffler|hiker-gen4|1718
|gen|9
|tier|[Gen 9] OU
|rated|
|rule|HP Percentage Mod: HP is shown in percentages
|rule|Endless Battle Clause: Forcing endless battles is banned
|rule|Species Clause: Limit one of each Pokémon
|rule|OHKO Clause: OHKO moves are banned
|rule|Evasion Items Clause: Evasion items are banned
|rule|Evasion Moves Clause: Evasion moves are banned
|rule|Evasion Abilities Clause: Evasion abilities are banned
|rule|Sleep Moves Clause: Sleep-inducing moves are banned
|clearpoke
|poke|p1|Dragonite, F|
|poke|p1|Landorus-Therian, M|
|poke|p1|Iron Crown|
|poke|p1|Lokix, F|
|poke|p1|Primarina, F|
|poke|p1|Cinderace, M|
|poke|p2|Landorus-Therian, M|
|poke|p2|Alomomola, M|
|poke|p2|Iron Treads|
|poke|p2|Kingambit, M|
|poke|p2|Enamorus, F|
|poke|p2|Pecharunt|
|teampreview
|inactive|Battle timer is ON: inactive players will automatically lose when time's up. (requested by Metallic Symphony)
|inactive|Metallic Symphony has 120 seconds left.
|inactive|DaBoffler has 120 seconds left.
|inactive|Metallic Symphony has 90 seconds left.
|
|t:|1776085040
|teamsize|p1|6
|teamsize|p2|6
|start
|switch|p1a: Piano Man|Primarina, F|100/100
|switch|p2a: Alomomola|Alomomola, M|100/100
|turn|1
|
|t:|1776085048
|move|p1a: Piano Man|Flip Turn|p2a: Alomomola
|-resisted|p2a: Alomomola
|-damage|p2a: Alomomola|95/100
|
|t:|1776085076
|switch|p1a: American Heartbeat|Landorus-Therian, M|100/100|[from] Flip Turn
|-ability|p1a: American Heartbeat|Intimidate|boost
|-unboost|p2a: Alomomola|atk|1
|move|p2a: Alomomola|Body Slam|p1a: American Heartbeat
|-damage|p1a: American Heartbeat|91/100
|-status|p1a: American Heartbeat|par
|-damage|p2a: Alomomola|78/100|[from] item: Rocky Helmet|[of] p1a: American Heartbeat
|
|upkeep
|turn|2
|inactive|Metallic Symphony has 120 seconds left.
|
|t:|1776085091
|move|p1a: American Heartbeat|Earth Power|p2a: Alomomola
|-damage|p2a: Alomomola|62/100
|move|p2a: Alomomola|Flip Turn|p1a: American Heartbeat
|-supereffective|p1a: American Heartbeat
|-damage|p1a: American Heartbeat|69/100 par
|-damage|p2a: Alomomola|46/100|[from] item: Rocky Helmet|[of] p1a: American Heartbeat
|
|t:|1776085101
|switch|p2a: Enamorus|Enamorus, F|100/100|[from] Flip Turn
|
|upkeep
|turn|3
|
|t:|1776085109
|switch|p1a: Piano Man|Primarina, F|100/100
|move|p2a: Enamorus|Moonblast|p1a: Piano Man
|-damage|p1a: Piano Man|70/100
|
|upkeep
|turn|4
|inactive|Metallic Symphony has 120 seconds left.
|
|t:|1776085130
|switch|p2a: Alomomola|Alomomola, M|79/100
|move|p1a: Piano Man|Flip Turn|p2a: Alomomola
|-resisted|p2a: Alomomola
|-damage|p2a: Alomomola|73/100
|inactive|Metallic Symphony has 120 seconds left.
|
|t:|1776085150
|switch|p1a: Simple Man|Lokix, F|100/100|[from] Flip Turn
|
|upkeep
|turn|5
|
|t:|1776085163
|switch|p2a: Pecharunt|Pecharunt|100/100
|move|p1a: Simple Man|Knock Off|p2a: Pecharunt
|-supereffective|p2a: Pecharunt
|-damage|p2a: Pecharunt|33/100
|-damage|p1a: Simple Man|84/100|[from] item: Rocky Helmet|[of] p2a: Pecharunt
|-enditem|p2a: Pecharunt|Rocky Helmet|[from] move: Knock Off|[of] p1a: Simple Man
|
|upkeep
|turn|6
|
|t:|1776085177
|move|p1a: Simple Man|Knock Off|p2a: Pecharunt
|-supereffective|p2a: Pecharunt
|-damage|p2a: Pecharunt|0 fnt
|faint|p2a: Pecharunt
|
|upkeep
|
|t:|1776085182
|switch|p2a: Iron Treads|Iron Treads|100/100
|turn|7
|inactive|Metallic Symphony has 120 seconds left.
|
|t:|1776085188
|move|p1a: Simple Man|Knock Off|p2a: Iron Treads
|-damage|p2a: Iron Treads|44/100
|-enditem|p2a: Iron Treads|Leftovers|[from] move: Knock Off|[of] p1a: Simple Man
|move|p2a: Iron Treads|Stealth Rock|p1a: Simple Man
|-sidestart|p1: Metallic Symphony|move: Stealth Rock
|
|upkeep
|turn|8
|inactive|Metallic Symphony has 120 seconds left.
|
|t:|1776085198
|move|p1a: Simple Man|Knock Off|p2a: Iron Treads
|-damage|p2a: Iron Treads|7/100
|move|p2a: Iron Treads|Rapid Spin|p1a: Simple Man
|-damage|p1a: Simple Man|66/100
|-boost|p2a: Iron Treads|spe|1
|
|upkeep
|turn|9
|
|t:|1776085207
|switch|p1a: American Heartbeat|Landorus-Therian, M|69/100 par
|-damage|p1a: American Heartbeat|57/100 par|[from] Stealth Rock
|-ability|p1a: American Heartbeat|Intimidate|boost
|-unboost|p2a: Iron Treads|atk|1
|move|p2a: Iron Treads|Knock Off|p1a: American Heartbeat
|-damage|p1a: American Heartbeat|40/100 par
|-damage|p2a: Iron Treads|0 fnt|[from] item: Rocky Helmet|[of] p1a: American Heartbeat
|faint|p2a: Iron Treads
|-end|p2a: Iron Treads|Quark Drive|[silent]
|
|upkeep
|
|t:|1776085217
|switch|p2a: Enamorus|Enamorus, F|100/100
|turn|10
|inactive|Metallic Symphony has 120 seconds left.
|
|t:|1776085239
|move|p2a: Enamorus|Moonblast|p1a: American Heartbeat
|-damage|p1a: American Heartbeat|0 fnt
|faint|p1a: American Heartbeat
|
|upkeep
|inactive|Metallic Symphony has 120 seconds left.
|
|t:|1776085248
|switch|p1a: Baptism by Fire|Cinderace, M|100/100
|turn|11
|
|t:|1776085253
|switch|p2a: Landorus|Landorus-Therian, M|100/100
|-ability|p2a: Landorus|Intimidate|boost
|-unboost|p1a: Baptism by Fire|atk|1
|move|p1a: Baptism by Fire|Court Change|p1a: Baptism by Fire
|-swapsideconditions
|-activate|p1a: Baptism by Fire|move: Court Change
|
|upkeep
|turn|12
|
|t:|1776085271
|move|p1a: Baptism by Fire|U-turn|p2a: Landorus
|-resisted|p2a: Landorus
|-damage|p2a: Landorus|94/100
|
|t:|1776085277
|switch|p1a: Believer|Dragonite, F|100/100|[from] U-turn
|move|p2a: Landorus|U-turn|p1a: Believer
|-resisted|p1a: Believer
|-damage|p1a: Believer|90/100
|
|t:|1776085285
|switch|p2a: Enamorus|Enamorus, F|100/100|[from] U-turn
|-damage|p2a: Enamorus|76/100|[from] Stealth Rock
|
|-heal|p1a: Believer|96/100|[from] item: Leftovers
|upkeep
|turn|13
|inactive|Metallic Symphony has 120 seconds left.
|
|t:|1776085306
|switch|p1a: Riff Raff|Iron Crown|100/100
|move|p2a: Enamorus|Moonblast|p1a: Riff Raff
|-resisted|p1a: Riff Raff
|-crit|p1a: Riff Raff
|-damage|p1a: Riff Raff|57/100
|
|upkeep
|turn|14
|inactive|Metallic Symphony has 120 seconds left.
|
|t:|1776085317
|switch|p2a: Alomomola|Alomomola, M|100/100
|-damage|p2a: Alomomola|88/100|[from] Stealth Rock
|move|p1a: Riff Raff|Tachyon Cutter|p2a: Alomomola
|-resisted|p2a: Alomomola
|-damage|p2a: Alomomola|79/100
|-resisted|p2a: Alomomola
|-damage|p2a: Alomomola|70/100
|-hitcount|p2a: Alomomola|2
|
|upkeep
|turn|15
|inactive|Metallic Symphony has 120 seconds left.
|
|t:|1776085327
|-end|p1a: Riff Raff|Quark Drive|[silent]
|switch|p1a: Piano Man|Primarina, F|70/100
|move|p2a: Alomomola|Flip Turn|p1a: Piano Man
|-resisted|p1a: Piano Man
|-damage|p1a: Piano Man|62/100
|
|t:|1776085340
|switch|p2a: Landorus|Landorus-Therian, M|94/100|[from] Flip Turn
|-damage|p2a: Landorus|81/100|[from] Stealth Rock
|-ability|p2a: Landorus|Intimidate|boost
|-unboost|p1a: Piano Man|atk|1
|
|upkeep
|turn|16
|
|t:|1776085351
|-terastallize|p2a: Landorus|Flying
|move|p2a: Landorus|Tera Blast|p1a: Piano Man|[anim] Tera Blast Flying
|-damage|p1a: Piano Man|0 fnt
|faint|p1a: Piano Man
|
|upkeep
|inactive|Metallic Symphony has 120 seconds left.
|
|t:|1776085383
|switch|p1a: Riff Raff|Iron Crown|57/100
|turn|17
|
|t:|1776085386
|move|p1a: Riff Raff|Volt Switch|p2a: Landorus
|-supereffective|p2a: Landorus
|-damage|p2a: Landorus|0 fnt
|faint|p2a: Landorus
|j| Electronno
|
|t:|1776085401
|-end|p1a: Riff Raff|Quark Drive|[silent]
|switch|p1a: Simple Man|Lokix, F|66/100|[from] Volt Switch
|
|upkeep
|
|t:|1776085418
|switch|p2a: Alomomola|Alomomola, M|100/100
|-damage|p2a: Alomomola|88/100|[from] Stealth Rock
|turn|18
|
|t:|1776085439
|move|p1a: Simple Man|Knock Off|p2a: Alomomola
|-damage|p2a: Alomomola|39/100
|-enditem|p2a: Alomomola|Assault Vest|[from] move: Knock Off|[of] p1a: Simple Man
|move|p2a: Alomomola|Flip Turn|p1a: Simple Man
|-damage|p1a: Simple Man|42/100
|
|t:|1776085445
|switch|p2a: Enamorus|Enamorus, F|76/100|[from] Flip Turn
|-damage|p2a: Enamorus|51/100|[from] Stealth Rock
|
|upkeep
|turn|19
|inactive|Metallic Symphony has 90 seconds left.
|
|t:|1776085476
|switch|p1a: Baptism by Fire|Cinderace, M|100/100
|move|p2a: Enamorus|Moonblast|p1a: Baptism by Fire
|-resisted|p1a: Baptism by Fire
|-damage|p1a: Baptism by Fire|68/100
|-unboost|p1a: Baptism by Fire|spa|1
|
|upkeep
|turn|20
|inactive|Metallic Symphony has 90 seconds left.
|
|t:|1776085488
|switch|p2a: Alomomola|Alomomola, M|72/100
|-damage|p2a: Alomomola|60/100|[from] Stealth Rock
|move|p1a: Baptism by Fire|U-turn|p2a: Alomomola
|-damage|p2a: Alomomola|47/100
|
|t:|1776085506
|switch|p1a: Believer|Dragonite, F|96/100|[from] U-turn
|
|-heal|p1a: Believer|100/100|[from] item: Leftovers
|upkeep
|turn|21
|
|t:|1776085529
|move|p1a: Believer|Dragon Dance|p1a: Believer
|-boost|p1a: Believer|atk|1
|-boost|p1a: Believer|spe|1
|move|p2a: Alomomola|Flip Turn|p1a: Believer
|-resisted|p1a: Believer
|-damage|p1a: Believer|96/100
|
|t:|1776085532
|switch|p2a: Enamorus|Enamorus, F|51/100|[from] Flip Turn
|-damage|p2a: Enamorus|26/100|[from] Stealth Rock
|
|-heal|p1a: Believer|100/100|[from] item: Leftovers
|upkeep
|turn|22
|
|t:|1776085539
|-terastallize|p1a: Believer|Ground
|move|p2a: Enamorus|Moonblast|p1a: Believer
|-damage|p1a: Believer|71/100
|-unboost|p1a: Believer|spa|1
|move|p1a: Believer|Dragon Dance|p1a: Believer
|-boost|p1a: Believer|atk|1
|-boost|p1a: Believer|spe|1
|
|-heal|p1a: Believer|77/100|[from] item: Leftovers
|upkeep
|turn|23
|
|t:|1776085548
|move|p1a: Believer|Ice Spinner|p2a: Enamorus
|-supereffective|p2a: Enamorus
|-damage|p2a: Enamorus|0 fnt
|faint|p2a: Enamorus
|
|-heal|p1a: Believer|83/100|[from] item: Leftovers
|upkeep
|
|t:|1776085552
|switch|p2a: Alomomola|Alomomola, M|80/100
|-damage|p2a: Alomomola|68/100|[from] Stealth Rock
|turn|24
|
|t:|1776085556
|move|p1a: Believer|Earthquake|p2a: Alomomola
|-damage|p2a: Alomomola|0 fnt
|faint|p2a: Alomomola
|
|-heal|p1a: Believer|89/100|[from] item: Leftovers
|upkeep
|
|t:|1776085559
|switch|p2a: Kingambit|Kingambit, M|100/100
|-damage|p2a: Kingambit|94/100|[from] Stealth Rock
|-activate|p2a: Kingambit|ability: Supreme Overlord
|-start|p2a: Kingambit|fallen5|[silent]
|turn|25
|
|t:|1776085568
|move|p2a: Kingambit|Sucker Punch|p1a: Believer
|-damage|p1a: Believer|21/100
|move|p1a: Believer|Earthquake|p2a: Kingambit
|-supereffective|p2a: Kingambit
|-damage|p2a: Kingambit|0 fnt
|faint|p2a: Kingambit
|-end|p2a: Kingambit|fallen5|[silent]
|
|win|Metallic Symphony
|raw|Metallic Symphony's rating: 1637 &rarr; <strong>1662</strong><br />(+25 for winning)
|raw|DaBoffler's rating: 1718 &rarr; <strong>1693</strong><br />(-25 for losing)
|c|☆Metallic Symphony|gg
|l| Electronno
|c|☆DaBoffler|ggwp
|l|☆DaBoffler
|player|p2|
