|html|<div class="broadcast-blue"><strong>[Gen 9] OU is currently suspecting Tera Blast! For information on how to participate check out the <a href="https://www.smogon.com/tools/suspects/view/200">suspect thread</a>.</strong></div>
|j|☆Blastoise_Choice
|j|☆diggory delvet
|t:|1776124709
|gametype|singles
|player|p1|Blastoise_Choice|101|1615
|player|p2|diggory delvet|1|1654
|gen|9
|tier|[Gen 9] OU
|rated|
|rule|HP Percentage Mod: HP is shown in percentages
|rule|Endless Battle Clause: Forcing endless battles is banned
|rule|Species Clause: Limit one of each Pokémon
|rule|OHKO Clause: OHKO moves are banned
|rule|Evasion Items Clause: Evasion items are banned
|rule|Evasion Moves Clause: Evasion moves are banned
|rule|Evasion Abilities Clause: Evasion abilities are banned
|rule|Sleep Moves Clause: Sleep-inducing moves are banned
|clearpoke
|poke|p1|Hydrapple, M|
|poke|p1|Tyranitar, F|
|poke|p1|Moltres|
|poke|p1|Zamazenta-*|
|poke|p1|Slowking-Galar, M|
|poke|p1|Excadrill, F|
|poke|p2|Armarouge, F|
|poke|p2|Dragonite, M|
|poke|p2|Cinderace, F|
|poke|p2|Ceruledge, M|
|poke|p2|Kyurem|
|poke|p2|Quaquaval, F|
|teampreview
|c|☆Blastoise_Choice|hf
|inactive|Battle timer is ON: inactive players will automatically lose when time's up. (requested by Blastoise_Choice)
|
|t:|1776124728
|teamsize|p1|6
|teamsize|p2|6
|start
|switch|p1a: Zamazenta|Zamazenta|100/100
|switch|p2a: Cinderace|Cinderace, F|100/100
|-ability|p1a: Zamazenta|Dauntless Shield|boost
|-boost|p1a: Zamazenta|def|1
|turn|1
|
|t:|1776124735
|move|p1a: Zamazenta|Body Press|p2a: Cinderace
|-damage|p2a: Cinderace|22/100
|move|p2a: Cinderace|U-turn|p1a: Zamazenta
|-start|p2a: Cinderace|typechange|Bug|[from] ability: Libero
|-resisted|p1a: Zamazenta
|-damage|p1a: Zamazenta|92/100
|
|t:|1776124742
|switch|p2a: Ceruledge|Ceruledge, M|100/100|[from] U-turn
|
|-heal|p1a: Zamazenta|99/100|[from] item: Leftovers
|upkeep
|turn|2
|
|t:|1776124749
|move|p1a: Zamazenta|Crunch|p2a: Ceruledge
|-supereffective|p2a: Ceruledge
|-damage|p2a: Ceruledge|41/100
|-ability|p2a: Ceruledge|Weak Armor|boost
|-unboost|p2a: Ceruledge|def|1
|-boost|p2a: Ceruledge|spe|2
|move|p2a: Ceruledge|Swords Dance|p2a: Ceruledge
|-boost|p2a: Ceruledge|atk|2
|
|-heal|p1a: Zamazenta|100/100|[from] item: Leftovers
|upkeep
|turn|3
|
|t:|1776124757
|-terastallize|p2a: Ceruledge|Fighting
|move|p2a: Ceruledge|Bitter Blade|p1a: Zamazenta
|-damage|p1a: Zamazenta|47/100
|-heal|p2a: Ceruledge|71/100|[from] drain|[of] p1a: Zamazenta
|move|p1a: Zamazenta|Crunch|p2a: Ceruledge
|-resisted|p2a: Ceruledge
|-damage|p2a: Ceruledge|46/100
|-unboost|p2a: Ceruledge|def|1
|-ability|p2a: Ceruledge|Weak Armor|boost
|-unboost|p2a: Ceruledge|def|1
|-boost|p2a: Ceruledge|spe|2
|
|-heal|p1a: Zamazenta|53/100|[from] item: Leftovers
|upkeep
|turn|4
|
|t:|1776124765
|switch|p1a: Moltres|Moltres|100/100
|move|p2a: Ceruledge|Bitter Blade|p1a: Moltres
|-resisted|p1a: Moltres
|-damage|p1a: Moltres|65/100
|-heal|p2a: Ceruledge|70/100|[from] drain|[of] p1a: Moltres
|
|upkeep
|turn|5
|
|t:|1776124772
|switch|p1a: Tyranitar|Tyranitar, F|100/100
|-weather|Sandstorm|[from] ability: Sand Stream|[of] p1a: Tyranitar
|move|p2a: Ceruledge|Poltergeist|p1a: Tyranitar
|-activate|p1a: Tyranitar|move: Poltergeist|Smooth Rock
|-resisted|p1a: Tyranitar
|-damage|p1a: Tyranitar|51/100
|
|-weather|Sandstorm|[upkeep]
|-damage|p2a: Ceruledge|64/100|[from] Sandstorm
|upkeep
|turn|6
|
|t:|1776124777
|move|p2a: Ceruledge|Close Combat|p1a: Tyranitar
|-supereffective|p1a: Tyranitar
|-damage|p1a: Tyranitar|0 fnt
|-unboost|p2a: Ceruledge|def|1
|-unboost|p2a: Ceruledge|spd|1
|faint|p1a: Tyranitar
|
|-weather|Sandstorm|[upkeep]
|-damage|p2a: Ceruledge|58/100|[from] Sandstorm
|upkeep
|
|t:|1776124781
|switch|p1a: Slowking|Slowking-Galar, M|100/100
|turn|7
|
|t:|1776124784
|move|p2a: Ceruledge|Poltergeist|p1a: Slowking
|-activate|p1a: Slowking|move: Poltergeist|Assault Vest
|-supereffective|p1a: Slowking
|-damage|p1a: Slowking|0 fnt
|faint|p1a: Slowking
|
|-weather|Sandstorm|[upkeep]
|-damage|p2a: Ceruledge|51/100|[from] Sandstorm
|upkeep
|
|t:|1776124788
|switch|p1a: Hydrapple|Hydrapple, M|100/100
|turn|8
|
|t:|1776124791
|move|p2a: Ceruledge|Bitter Blade|p1a: Hydrapple
|-crit|p1a: Hydrapple
|-damage|p1a: Hydrapple|14/100
|-heal|p2a: Ceruledge|100/100|[from] drain|[of] p1a: Hydrapple
|move|p1a: Hydrapple|Giga Drain|p2a: Ceruledge
|-damage|p2a: Ceruledge|44/100
|-heal|p1a: Hydrapple|34/100|[from] drain|[of] p2a: Ceruledge
|
|-weather|Sandstorm|[upkeep]
|-damage|p2a: Ceruledge|38/100|[from] Sandstorm
|-damage|p1a: Hydrapple|28/100|[from] Sandstorm
|upkeep
|turn|9
|
|t:|1776124799
|move|p2a: Ceruledge|Bitter Blade|p1a: Hydrapple
|-damage|p1a: Hydrapple|0 fnt
|-heal|p2a: Ceruledge|58/100|[from] drain|[of] p1a: Hydrapple
|faint|p1a: Hydrapple
|
|-weather|Sandstorm|[upkeep]
|-damage|p2a: Ceruledge|51/100|[from] Sandstorm
|upkeep
|
|t:|1776124802
|switch|p1a: Excadrill|Excadrill, F|100/100
|-item|p1a: Excadrill|Air Balloon
|turn|10
|
|t:|1776124806
|move|p2a: Ceruledge|Bitter Blade|p1a: Excadrill
|-supereffective|p1a: Excadrill
|-damage|p1a: Excadrill|0 fnt
|-heal|p2a: Ceruledge|100/100|[from] drain|[of] p1a: Excadrill
|-enditem|p1a: Excadrill|Air Balloon
|faint|p1a: Excadrill
|
|-weather|Sandstorm|[upkeep]
|-damage|p2a: Ceruledge|94/100|[from] Sandstorm
|upkeep
|
|t:|1776124810
|switch|p1a: Zamazenta|Zamazenta|53/100
|turn|11
|
|t:|1776124815
|move|p2a: Ceruledge|Close Combat|p1a: Zamazenta
|-damage|p1a: Zamazenta|0 fnt
|-unboost|p2a: Ceruledge|def|1
|-unboost|p2a: Ceruledge|spd|1
|faint|p1a: Zamazenta
|
|-weather|Sandstorm|[upkeep]
|-damage|p2a: Ceruledge|88/100|[from] Sandstorm
|upkeep
|
|t:|1776124818
|switch|p1a: Moltres|Moltres|65/100
|turn|12
|
|t:|1776124822
|move|p2a: Ceruledge|Poltergeist|p1a: Moltres
|-activate|p1a: Moltres|move: Poltergeist|Heavy-Duty Boots
|-damage|p1a: Moltres|0 fnt
|faint|p1a: Moltres
|
|win|diggory delvet
|raw|Blastoise_Choice's rating: 1615 &rarr; <strong>1597</strong><br />(-18 for losing)
|raw|diggory delvet's rating: 1654 &rarr; <strong>1672</strong><br />(+18 for winning)
|c|☆Blastoise_Choice|gg
