|html|<div class="broadcast-blue"><strong>[Gen 9] OU is currently suspecting Tera Blast! For information on how to participate check out the <a href="https://www.smogon.com/tools/suspects/view/200">suspect thread</a>.</strong></div>
|j|☆randtestacct
|j|☆Alveskkj
|t:|1776105709
|gametype|singles
|player|p1|randtestacct|102|1156
|player|p2|Alveskkj|169|1096
|gen|9
|tier|[Gen 9] OU
|rated|
|rule|HP Percentage Mod: HP is shown in percentages
|rule|Endless Battle Clause: Forcing endless battles is banned
|rule|Species Clause: Limit one of each Pokémon
|rule|OHKO Clause: OHKO moves are banned
|rule|Evasion Items Clause: Evasion items are banned
|rule|Evasion Moves Clause: Evasion moves are banned
|rule|Evasion Abilities Clause: Evasion abilities are banned
|rule|Sleep Moves Clause: Sleep-inducing moves are banned
|clearpoke
|poke|p1|Zapdos|
|poke|p1|Tinkaton, F|
|poke|p1|Dragonite, F|
|poke|p1|Alomomola, F|
|poke|p1|Ursaluna, M|
|poke|p1|Scizor, M|
|poke|p2|Dondozo, M|
|poke|p2|Latias, F|
|poke|p2|Rillaboom, M|
|poke|p2|Smeargle, M|
|poke|p2|Gholdengo|
|poke|p2|Kingambit, M|
|teampreview
|inactive|Battle timer is ON: inactive players will automatically lose when time's up. (requested by randtestacct)
|
|t:|1776105730
|teamsize|p1|6
|teamsize|p2|6
|start
|switch|p1a: Ursaluna|Ursaluna, M|100/100
|switch|p2a: Smeargle|Smeargle, M|100/100
|turn|1
|inactive|Alveskkj has 120 seconds left.
|
|t:|1776105769
|move|p2a: Smeargle|Sticky Web|p1a: Ursaluna
|-sidestart|p1: randtestacct|move: Sticky Web
|move|p1a: Ursaluna|Body Slam|p2a: Smeargle
|-enditem|p2a: Smeargle|Focus Sash
|-damage|p2a: Smeargle|1/100
|-status|p2a: Smeargle|par
|
|upkeep
|turn|2
|
|t:|1776105778
|switch|p1a: Scizor|Scizor, M|100/100
|move|p2a: Smeargle|Stealth Rock|p1a: Scizor
|-sidestart|p1: randtestacct|move: Stealth Rock
|
|upkeep
|turn|3
|
|t:|1776105788
|move|p1a: Scizor|Defog|p2a: Smeargle
|-unboost|p2a: Smeargle|evasion|1
|-sideend|p1: randtestacct|Stealth Rock|[from] move: Defog|[of] p1a: Scizor
|-sideend|p1: randtestacct|Sticky Web|[from] move: Defog|[of] p1a: Scizor
|move|p2a: Smeargle|Taunt|p1a: Scizor
|-start|p1a: Scizor|move: Taunt
|
|upkeep
|turn|4
|inactive|Alveskkj has 120 seconds left.
|
|t:|1776105815
|move|p1a: Scizor|Bullet Punch|p2a: Smeargle
|-damage|p2a: Smeargle|0 fnt
|faint|p2a: Smeargle
|
|upkeep
|
|t:|1776105837
|switch|p2a: Rillaboom|Rillaboom, M|100/100
|-fieldstart|move: Grassy Terrain|[from] ability: Grassy Surge|[of] p2a: Rillaboom
|turn|5
|
|t:|1776105841
|move|p2a: Rillaboom|Low Kick|p1a: Scizor
|-crit|p1a: Scizor
|-damage|p1a: Scizor|41/100
|-damage|p2a: Rillaboom|91/100|[from] item: Life Orb
|move|p1a: Scizor|U-turn|p2a: Rillaboom
|-supereffective|p2a: Rillaboom
|-damage|p2a: Rillaboom|6/100
|
|t:|1776105858
|switch|p1a: Tinkaton|Tinkaton, F|100/100|[from] U-turn
|
|-heal|p2a: Rillaboom|12/100|[from] Grassy Terrain
|upkeep
|turn|6
|
|t:|1776105873
|move|p1a: Tinkaton|Fake Out|p2a: Rillaboom
|-damage|p2a: Rillaboom|2/100
|cant|p2a: Rillaboom|flinch
|
|-heal|p2a: Rillaboom|8/100|[from] Grassy Terrain
|upkeep
|turn|7
|
|t:|1776105883
|move|p1a: Tinkaton|Gigaton Hammer|p2a: Rillaboom
|-damage|p2a: Rillaboom|0 fnt
|faint|p2a: Rillaboom
|
|upkeep
|
|t:|1776105895
|switch|p2a: Gholdengo|Gholdengo|100/100
|turn|8
|
|t:|1776105900
|move|p1a: Tinkaton|Stealth Rock|p2a: Gholdengo
|-sidestart|p2: Alveskkj|move: Stealth Rock
|move|p2a: Gholdengo|Nasty Plot|p2a: Gholdengo
|-boost|p2a: Gholdengo|spa|2
|
|upkeep
|turn|9
|inactive|Alveskkj has 120 seconds left.
|
|t:|1776105907
|move|p1a: Tinkaton|Gigaton Hammer|p2a: Gholdengo
|-resisted|p2a: Gholdengo
|-damage|p2a: Gholdengo|69/100
|move|p2a: Gholdengo|Nasty Plot|p2a: Gholdengo
|-boost|p2a: Gholdengo|spa|2
|
|-heal|p2a: Gholdengo|75/100|[from] Grassy Terrain
|-fieldend|move: Grassy Terrain
|upkeep
|turn|10
|
|t:|1776105914
|move|p1a: Tinkaton|Fling|p2a: Gholdengo
|-supereffective|p2a: Gholdengo
|-damage|p2a: Gholdengo|57/100
|-enditem|p1a: Tinkaton|Toxic Orb|[from] move: Fling
|move|p2a: Gholdengo|Make It Rain|p1a: Tinkaton
|-damage|p1a: Tinkaton|0 fnt
|-unboost|p2a: Gholdengo|spa|1
|faint|p1a: Tinkaton
|
|upkeep
|
|t:|1776105938
|switch|p1a: Ursaluna|Ursaluna, M|100/100
|turn|11
|
|t:|1776105954
|move|p2a: Gholdengo|Make It Rain|p1a: Ursaluna
|-damage|p1a: Ursaluna|12/100
|-unboost|p2a: Gholdengo|spa|1
|move|p1a: Ursaluna|Crunch|p2a: Gholdengo
|-supereffective|p2a: Gholdengo
|-damage|p2a: Gholdengo|0 fnt
|faint|p2a: Gholdengo
|
|upkeep
|inactive|Alveskkj has 120 seconds left.
|
|t:|1776105972
|switch|p2a: Dondozo|Dondozo, M, shiny|100/100
|-damage|p2a: Dondozo|88/100|[from] Stealth Rock
|turn|12
|inactive|Alveskkj has 120 seconds left.
|
|t:|1776105980
|switch|p1a: Alomomola|Alomomola, F|100/100
|move|p2a: Dondozo|Curse|p2a: Dondozo
|-unboost|p2a: Dondozo|spe|1
|-boost|p2a: Dondozo|atk|1
|-boost|p2a: Dondozo|def|1
|
|-heal|p2a: Dondozo|94/100|[from] item: Leftovers
|upkeep
|turn|13
|
|t:|1776105986
|move|p1a: Alomomola|Flip Turn|p2a: Dondozo
|-resisted|p2a: Dondozo
|-damage|p2a: Dondozo|92/100
|
|t:|1776105988
|switch|p1a: Zapdos|Zapdos|100/100|[from] Flip Turn
|move|p2a: Dondozo|Curse|p2a: Dondozo
|-unboost|p2a: Dondozo|spe|1
|-boost|p2a: Dondozo|atk|1
|-boost|p2a: Dondozo|def|1
|
|-heal|p2a: Dondozo|98/100|[from] item: Leftovers
|upkeep
|turn|14
|inactive|Alveskkj has 120 seconds left.
|
|t:|1776106012
|move|p1a: Zapdos|Thunderbolt|p2a: Dondozo
|-supereffective|p2a: Dondozo
|-damage|p2a: Dondozo|6/100
|move|p2a: Dondozo|Curse|p2a: Dondozo
|-unboost|p2a: Dondozo|spe|1
|-boost|p2a: Dondozo|atk|1
|-boost|p2a: Dondozo|def|1
|
|-heal|p2a: Dondozo|12/100|[from] item: Leftovers
|upkeep
|turn|15
|
|t:|1776106020
|move|p1a: Zapdos|Thunderbolt|p2a: Dondozo
|-supereffective|p2a: Dondozo
|-damage|p2a: Dondozo|0 fnt
|faint|p2a: Dondozo
|
|upkeep
|
|t:|1776106023
|switch|p2a: Latias|Latias, F|100/100
|-damage|p2a: Latias|88/100|[from] Stealth Rock
|turn|16
|
|t:|1776106030
|move|p2a: Latias|Calm Mind|p2a: Latias
|-boost|p2a: Latias|spa|1
|-boost|p2a: Latias|spd|1
|move|p1a: Zapdos|U-turn|p2a: Latias
|-supereffective|p2a: Latias
|-damage|p2a: Latias|59/100
|
|t:|1776106040
|switch|p1a: Dragonite|Dragonite, F|100/100|[from] U-turn
|
|-heal|p2a: Latias|65/100|[from] item: Leftovers
|upkeep
|turn|17
|
|t:|1776106049
|-terastallize|p1a: Dragonite|Normal
|move|p2a: Latias|Ice Beam|p1a: Dragonite
|-damage|p1a: Dragonite|88/100
|move|p1a: Dragonite|Dragon Claw|p2a: Latias
|-supereffective|p2a: Latias
|-damage|p2a: Latias|0 fnt
|faint|p2a: Latias
|
|-heal|p1a: Dragonite|95/100|[from] item: Leftovers
|upkeep
|
|t:|1776106053
|switch|p2a: Kingambit|Kingambit, M|100/100
|-damage|p2a: Kingambit|94/100|[from] Stealth Rock
|-activate|p2a: Kingambit|ability: Supreme Overlord
|-start|p2a: Kingambit|fallen5|[silent]
|turn|18
|
|t:|1776106059
|move|p2a: Kingambit|Sucker Punch|p1a: Dragonite
|-damage|p1a: Dragonite|24/100
|move|p1a: Dragonite|Fire Punch|p2a: Kingambit
|-supereffective|p2a: Kingambit
|-damage|p2a: Kingambit|53/100
|
|-heal|p1a: Dragonite|31/100|[from] item: Leftovers
|upkeep
|turn|19
|
|t:|1776106071
|move|p2a: Kingambit|Sucker Punch||[still]
|-fail|p2a: Kingambit
|move|p1a: Dragonite|Roost|p1a: Dragonite
|-heal|p1a: Dragonite|81/100
|
|-heal|p1a: Dragonite|87/100|[from] item: Leftovers
|upkeep
|turn|20
|
|t:|1776106076
|move|p2a: Kingambit|Sucker Punch|p1a: Dragonite
|-damage|p1a: Dragonite|13/100
|move|p1a: Dragonite|Fire Punch|p2a: Kingambit
|-supereffective|p2a: Kingambit
|-damage|p2a: Kingambit|9/100
|
|-heal|p1a: Dragonite|19/100|[from] item: Leftovers
|upkeep
|turn|21
|
|t:|1776106082
|move|p2a: Kingambit|Kowtow Cleave|p1a: Dragonite
|-damage|p1a: Dragonite|0 fnt
|faint|p1a: Dragonite
|
|upkeep
|
|t:|1776106088
|switch|p1a: Scizor|Scizor, M|41/100
|turn|22
|
|t:|1776106094
|move|p2a: Kingambit|Sucker Punch|p1a: Scizor
|-damage|p1a: Scizor|0 fnt
|faint|p1a: Scizor
|
|upkeep
|
|t:|1776106099
|switch|p1a: Alomomola|Alomomola, F|100/100
|turn|23
|
|t:|1776106120
|move|p2a: Kingambit|Kowtow Cleave|p1a: Alomomola
|-damage|p1a: Alomomola|47/100
|move|p1a: Alomomola|Flip Turn|p2a: Kingambit
|-damage|p2a: Kingambit|0 fnt
|faint|p2a: Kingambit
|-end|p2a: Kingambit|fallen5|[silent]
|
|win|randtestacct
|raw|randtestacct's rating: 1156 &rarr; <strong>1177</strong><br />(+21 for winning)
|raw|Alveskkj's rating: 1096 &rarr; <strong>1076</strong><br />(-20 for losing)
|c|☆randtestacct|gg
