|html|<div class="broadcast-blue"><strong>[Gen 9] OU is currently suspecting Volcarona! For information on how to participate check out the <a href="https://www.smogon.com/tools/suspects/view/208">suspect thread</a>.</strong></div>
|j|☆Bifld
|j|☆bullfrawgs
|t:|1778500633
|gametype|singles
|player|p1|Bifld|iono-masters|1430
|player|p2|bullfrawgs|265|1395
|gen|9
|tier|[Gen 9] OU
|rated|
|rule|HP Percentage Mod: HP is shown in percentages
|rule|Endless Battle Clause: Forcing endless battles is banned
|rule|Species Clause: Limit one of each Pokémon
|rule|OHKO Clause: OHKO moves are banned
|rule|Evasion Items Clause: Evasion items are banned
|rule|Evasion Moves Clause: Evasion moves are banned
|rule|Evasion Abilities Clause: Evasion abilities are banned
|rule|Sleep Moves Clause: Sleep-inducing moves are banned
|clearpoke
|poke|p1|Weezing-Galar, M|
|poke|p1|Ogerpon, F|
|poke|p1|Skarmory, M|
|poke|p1|Alomomola, M|
|poke|p1|Clodsire, M|
|poke|p1|Hydreigon, M|
|poke|p2|Volcarona, F|
|poke|p2|Samurott-Hisui, F|
|poke|p2|Hydrapple, F|
|poke|p2|Landorus-Therian, M|
|poke|p2|Great Tusk|
|poke|p2|Gholdengo|
|teampreview
|inactive|Battle timer is ON: inactive players will automatically lose when time's up. (requested by bullfrawgs)
|inactive|Bifld also wants the timer to be on.
|inactive|Bifld has 120 seconds left.
|
|t:|1778500678
|teamsize|p1|6
|teamsize|p2|6
|start
|switch|p1a: Ogerpon|Ogerpon, F|100/100
|switch|p2a: Samurott|Samurott-Hisui, F|100/100
|turn|1
|inactive|Bifld has 120 seconds left.
|
|t:|1778500732
|switch|p2a: Volcarona|Volcarona, F|100/100
|move|p1a: Ogerpon|U-turn|p2a: Volcarona
|-resisted|p2a: Volcarona
|-damage|p2a: Volcarona|84/100
|
|t:|1778500741
|switch|p1a: Alomomola|Alomomola, M|100/100|[from] U-turn
|
|upkeep
|turn|2
|
|t:|1778500761
|switch|p2a: Hydrapple|Hydrapple, F|100/100
|move|p1a: Alomomola|Flip Turn|p2a: Hydrapple
|-resisted|p2a: Hydrapple
|-damage|p2a: Hydrapple|98/100
|-damage|p1a: Alomomola|84/100|[from] item: Rocky Helmet|[of] p2a: Hydrapple
|
|t:|1778500777
|switch|p1a: Hydreigon|Hydreigon, M|100/100|[from] Flip Turn
|
|upkeep
|turn|3
|
|t:|1778500794
|switch|p1a: Weezing|Weezing-Galar, M|100/100
|-ability|p1a: Weezing|Neutralizing Gas
|move|p2a: Hydrapple|Fickle Beam|p1a: Weezing
|-immune|p1a: Weezing
|
|upkeep
|turn|4
|
|t:|1778500807
|-end|p1a: Weezing|ability: Neutralizing Gas
|switch|p1a: Hydreigon|Hydreigon, M|100/100
|move|p2a: Hydrapple|Nasty Plot|p2a: Hydrapple
|-boost|p2a: Hydrapple|spa|2
|
|upkeep
|turn|5
|
|t:|1778500811
|-terastallize|p2a: Hydrapple|Steel
|move|p1a: Hydreigon|Draco Meteor|p2a: Hydrapple
|-resisted|p2a: Hydrapple
|-damage|p2a: Hydrapple|47/100
|-unboost|p1a: Hydreigon|spa|2
|move|p2a: Hydrapple|Fickle Beam|p1a: Hydreigon
|-supereffective|p1a: Hydreigon
|-damage|p1a: Hydreigon|0 fnt
|faint|p1a: Hydreigon
|
|upkeep
|
|t:|1778500823
|switch|p1a: Skarmory|Skarmory, M|100/100
|turn|6
|
|t:|1778500841
|switch|p2a: Gholdengo|Gholdengo|100/100
|move|p1a: Skarmory|Body Press|p2a: Gholdengo
|-immune|p2a: Gholdengo
|
|upkeep
|turn|7
|inactive|Bifld has 120 seconds left.
|
|t:|1778500852
|switch|p1a: Alomomola|Alomomola, M|100/100
|move|p2a: Gholdengo|Shadow Ball|p1a: Alomomola
|-damage|p1a: Alomomola|78/100
|-unboost|p1a: Alomomola|spd|1
|
|upkeep
|turn|8
|
|t:|1778500861
|move|p2a: Gholdengo|Nasty Plot|p2a: Gholdengo
|-boost|p2a: Gholdengo|spa|2
|move|p1a: Alomomola|Mirror Coat||[still]
|-fail|p1a: Alomomola
|
|upkeep
|turn|9
|
|t:|1778500867
|move|p2a: Gholdengo|Nasty Plot|p2a: Gholdengo
|-boost|p2a: Gholdengo|spa|2
|move|p1a: Alomomola|Flip Turn|p2a: Gholdengo
|-damage|p2a: Gholdengo|82/100
|
|t:|1778500873
|switch|p1a: Ogerpon|Ogerpon, F|100/100|[from] Flip Turn
|
|upkeep
|turn|10
|
|t:|1778500879
|move|p1a: Ogerpon|Knock Off|p2a: Gholdengo
|-supereffective|p2a: Gholdengo
|-damage|p2a: Gholdengo|0 fnt
|-enditem|p2a: Gholdengo|Metal Coat|[from] move: Knock Off|[of] p1a: Ogerpon
|faint|p2a: Gholdengo
|
|upkeep
|
|t:|1778500883
|switch|p2a: Landorus|Landorus-Therian, M|100/100
|-ability|p2a: Landorus|Intimidate|boost
|-unboost|p1a: Ogerpon|atk|1
|-ability|p1a: Ogerpon|Defiant|boost
|-boost|p1a: Ogerpon|atk|2
|turn|11
|
|t:|1778500893
|switch|p1a: Skarmory|Skarmory, M|100/100
|move|p2a: Landorus|U-turn|p1a: Skarmory
|-resisted|p1a: Skarmory
|-damage|p1a: Skarmory|96/100
|-damage|p2a: Landorus|84/100|[from] item: Rocky Helmet|[of] p1a: Skarmory
|
|t:|1778500897
|switch|p2a: Volcarona|Volcarona, F|84/100|[from] U-turn
|
|upkeep
|turn|12
|
|t:|1778500903
|switch|p1a: Alomomola|Alomomola, M|100/100
|move|p2a: Volcarona|Psychic|p1a: Alomomola
|-damage|p1a: Alomomola|88/100
|
|upkeep
|turn|13
|
|t:|1778500911
|switch|p2a: Samurott|Samurott-Hisui, F|100/100
|move|p1a: Alomomola|Flip Turn|p2a: Samurott
|-resisted|p2a: Samurott
|-damage|p2a: Samurott|92/100
|
|t:|1778500920
|switch|p1a: Ogerpon|Ogerpon, F|100/100|[from] Flip Turn
|
|upkeep
|turn|14
|
|t:|1778500923
|switch|p2a: Hydrapple|Hydrapple, F, tera:Steel|80/100
|move|p1a: Ogerpon|U-turn|p2a: Hydrapple
|-resisted|p2a: Hydrapple
|-crit|p2a: Hydrapple
|-damage|p2a: Hydrapple|65/100
|-damage|p1a: Ogerpon|84/100|[from] item: Rocky Helmet|[of] p2a: Hydrapple
|
|t:|1778500928
|switch|p1a: Skarmory|Skarmory, M|96/100|[from] U-turn
|
|upkeep
|turn|15
|
|t:|1778500936
|switch|p2a: Great Tusk|Great Tusk|100/100
|move|p1a: Skarmory|Spikes|p2a: Great Tusk
|-sidestart|p2: bullfrawgs|Spikes
|
|upkeep
|turn|16
|
|t:|1778500942
|switch|p1a: Weezing|Weezing-Galar, M|100/100
|-ability|p1a: Weezing|Neutralizing Gas
|move|p2a: Great Tusk|Stealth Rock|p1a: Weezing
|-sidestart|p1: Bifld|move: Stealth Rock
|
|upkeep
|turn|17
|
|t:|1778500953
|-end|p2a: Great Tusk|Protosynthesis|[silent]
|switch|p2a: Hydrapple|Hydrapple, F, tera:Steel|98/100
|-damage|p2a: Hydrapple|86/100|[from] Spikes
|move|p1a: Weezing|Will-O-Wisp|p2a: Hydrapple|[miss]
|-miss|p1a: Weezing|p2a: Hydrapple
|
|upkeep
|turn|18
|
|t:|1778500965
|switch|p2a: Great Tusk|Great Tusk|100/100
|move|p1a: Weezing|Defog|p2a: Great Tusk
|-unboost|p2a: Great Tusk|evasion|1
|-sideend|p2: bullfrawgs|Spikes|[from] move: Defog|[of] p1a: Weezing
|-sideend|p1: Bifld|Stealth Rock|[from] move: Defog|[of] p1a: Weezing
|
|upkeep
|turn|19
|
|t:|1778500971
|move|p2a: Great Tusk|Stealth Rock|p1a: Weezing
|-sidestart|p1: Bifld|move: Stealth Rock
|move|p1a: Weezing|Will-O-Wisp|p2a: Great Tusk
|-status|p2a: Great Tusk|brn
|
|-damage|p2a: Great Tusk|94/100 brn|[from] brn
|upkeep
|turn|20
|
|t:|1778500979
|-end|p2a: Great Tusk|Protosynthesis|[silent]
|switch|p2a: Hydrapple|Hydrapple, F, tera:Steel|86/100
|move|p1a: Weezing|Defog|p2a: Hydrapple
|-unboost|p2a: Hydrapple|evasion|1
|-sideend|p1: Bifld|Stealth Rock|[from] move: Defog|[of] p1a: Weezing
|
|upkeep
|turn|21
|
|t:|1778500984
|-end|p1a: Weezing|ability: Neutralizing Gas
|switch|p1a: Clodsire|Clodsire, M|100/100
|move|p2a: Hydrapple|Earth Power|p1a: Clodsire
|-supereffective|p1a: Clodsire
|-damage|p1a: Clodsire|73/100
|
|upkeep
|turn|22
|
|t:|1778500991
|switch|p1a: Alomomola|Alomomola, M|100/100
|move|p2a: Hydrapple|Fickle Beam|p1a: Alomomola|[anim] Fickle Beam All Out
|-activate|p2a: Hydrapple|move: Fickle Beam
|-damage|p1a: Alomomola|70/100
|
|upkeep
|turn|23
|
|t:|1778500999
|move|p2a: Hydrapple|Nasty Plot|p2a: Hydrapple
|-boost|p2a: Hydrapple|spa|2
|move|p1a: Alomomola|Flip Turn|p2a: Hydrapple
|-damage|p2a: Hydrapple|76/100
|-damage|p1a: Alomomola|54/100|[from] item: Rocky Helmet|[of] p2a: Hydrapple
|
|t:|1778501005
|switch|p1a: Skarmory|Skarmory, M|96/100|[from] Flip Turn
|
|upkeep
|turn|24
|
|t:|1778501008
|move|p1a: Skarmory|Body Press|p2a: Hydrapple
|-supereffective|p2a: Hydrapple
|-damage|p2a: Hydrapple|41/100
|-damage|p1a: Skarmory|80/100|[from] item: Rocky Helmet|[of] p2a: Hydrapple
|move|p2a: Hydrapple|Fickle Beam|p1a: Skarmory
|-resisted|p1a: Skarmory
|-damage|p1a: Skarmory|36/100
|
|upkeep
|turn|25
|
|t:|1778501018
|move|p1a: Skarmory|Body Press|p2a: Hydrapple
|-supereffective|p2a: Hydrapple
|-damage|p2a: Hydrapple|3/100
|-damage|p1a: Skarmory|19/100|[from] item: Rocky Helmet|[of] p2a: Hydrapple
|move|p2a: Hydrapple|Giga Drain|p1a: Skarmory
|-resisted|p1a: Skarmory
|-damage|p1a: Skarmory|0 fnt
|-heal|p2a: Hydrapple|10/100|[from] drain|[of] p1a: Skarmory
|faint|p1a: Skarmory
|
|upkeep
|
|t:|1778501026
|switch|p1a: Ogerpon|Ogerpon, F|84/100
|turn|26
|
|t:|1778501032
|switch|p2a: Volcarona|Volcarona, F|84/100
|move|p1a: Ogerpon|Ivy Cudgel|p2a: Volcarona
|-resisted|p2a: Volcarona
|-damage|p2a: Volcarona|64/100
|
|upkeep
|turn|27
|
|t:|1778501038
|switch|p1a: Alomomola|Alomomola, M|87/100
|move|p2a: Volcarona|Morning Sun|p2a: Volcarona
|-heal|p2a: Volcarona|100/100
|
|upkeep
|turn|28
|
|t:|1778501045
|move|p2a: Volcarona|Quiver Dance|p2a: Volcarona
|-boost|p2a: Volcarona|spa|1
|-boost|p2a: Volcarona|spd|1
|-boost|p2a: Volcarona|spe|1
|move|p1a: Alomomola|Flip Turn|p2a: Volcarona
|-supereffective|p2a: Volcarona
|-damage|p2a: Volcarona|64/100
|
|t:|1778501048
|switch|p1a: Clodsire|Clodsire, M|73/100|[from] Flip Turn
|
|upkeep
|turn|29
|
|t:|1778501051
|move|p2a: Volcarona|Psychic|p1a: Clodsire
|-supereffective|p1a: Clodsire
|-damage|p1a: Clodsire|43/100
|move|p1a: Clodsire|Toxic|p2a: Volcarona
|-status|p2a: Volcarona|tox
|
|-damage|p2a: Volcarona|58/100 tox|[from] psn
|upkeep
|turn|30
|
|t:|1778501058
|switch|p2a: Samurott|Samurott-Hisui, F|92/100
|move|p1a: Clodsire|Recover|p1a: Clodsire
|-heal|p1a: Clodsire|94/100
|
|upkeep
|turn|31
|
|t:|1778501061
|move|p2a: Samurott|Knock Off|p1a: Clodsire
|-damage|p1a: Clodsire|46/100
|-enditem|p1a: Clodsire|Covert Cloak|[from] move: Knock Off|[of] p2a: Samurott
|move|p1a: Clodsire|Toxic|p2a: Samurott
|-status|p2a: Samurott|tox
|
|-damage|p2a: Samurott|86/100 tox|[from] psn
|upkeep
|turn|32
|
|t:|1778501071
|switch|p1a: Alomomola|Alomomola, M|100/100
|move|p2a: Samurott|Ceaseless Edge|p1a: Alomomola
|-damage|p1a: Alomomola|69/100
|-sidestart|p1: Bifld|Spikes
|
|-damage|p2a: Samurott|74/100 tox|[from] psn
|upkeep
|turn|33
|
|t:|1778501077
|move|p2a: Samurott|Knock Off|p1a: Alomomola
|-damage|p1a: Alomomola|36/100
|-enditem|p1a: Alomomola|Assault Vest|[from] move: Knock Off|[of] p2a: Samurott
|move|p1a: Alomomola|Play Rough|p2a: Samurott
|-supereffective|p2a: Samurott
|-damage|p2a: Samurott|37/100 tox
|
|-damage|p2a: Samurott|18/100 tox|[from] psn
|upkeep
|turn|34
|
|t:|1778501082
|move|p2a: Samurott|Ceaseless Edge|p1a: Alomomola|[miss]
|-miss|p2a: Samurott|p1a: Alomomola
|move|p1a: Alomomola|Flip Turn|p2a: Samurott
|-resisted|p2a: Samurott
|-damage|p2a: Samurott|10/100 tox
|
|t:|1778501086
|switch|p1a: Ogerpon|Ogerpon, F|84/100|[from] Flip Turn
|-damage|p1a: Ogerpon|72/100|[from] Spikes
|
|-damage|p2a: Samurott|0 fnt|[from] psn
|faint|p2a: Samurott
|upkeep
|
|t:|1778501092
|switch|p2a: Landorus|Landorus-Therian, M|84/100
|-ability|p2a: Landorus|Intimidate|boost
|-unboost|p1a: Ogerpon|atk|1
|-ability|p1a: Ogerpon|Defiant|boost
|-boost|p1a: Ogerpon|atk|2
|turn|35
|
|t:|1778501101
|-terastallize|p1a: Ogerpon|Grass
|detailschange|p1a: Ogerpon|Ogerpon-Teal-Tera, F, tera:Grass
|-ability|p1a: Ogerpon|Embody Aspect (Teal)|boost
|-boost|p1a: Ogerpon|spe|1
|move|p1a: Ogerpon|Ivy Cudgel|p2a: Landorus
|-crit|p2a: Landorus
|-damage|p2a: Landorus|0 fnt
|faint|p2a: Landorus
|
|upkeep
|-message|bullfrawgs forfeited.
|
|win|Bifld
|raw|Bifld's rating: 1430 &rarr; <strong>1448</strong><br />(+18 for winning)
|raw|bullfrawgs's rating: 1395 &rarr; <strong>1377</strong><br />(-18 for losing)
