|html|<div class="broadcast-blue"><strong>[Gen 9] OU is currently suspecting Tera Blast! For information on how to participate check out the <a href="https://www.smogon.com/tools/suspects/view/200">suspect thread</a>.</strong></div>
|j|☆ChuckErnestoCheese
|j|☆TestingPersonel
|t:|1776225432
|gametype|singles
|player|p1|ChuckErnestoCheese|pokemaniac|1113
|player|p2|TestingPersonel|kieran-champion|1123
|gen|9
|tier|[Gen 9] OU
|rated|
|rule|HP Percentage Mod: HP is shown in percentages
|rule|Endless Battle Clause: Forcing endless battles is banned
|rule|Species Clause: Limit one of each Pokémon
|rule|OHKO Clause: OHKO moves are banned
|rule|Evasion Items Clause: Evasion items are banned
|rule|Evasion Moves Clause: Evasion moves are banned
|rule|Evasion Abilities Clause: Evasion abilities are banned
|rule|Sleep Moves Clause: Sleep-inducing moves are banned
|clearpoke
|poke|p1|Crawdaunt, M|
|poke|p1|Weezing-Galar, F|
|poke|p1|Kleavor, F|
|poke|p1|Toedscruel, M|
|poke|p1|Chandelure, F|
|poke|p1|Regigigas|
|poke|p2|Staraptor, F|
|poke|p2|Iron Valiant|
|poke|p2|Gliscor, M|
|poke|p2|Metagross|
|poke|p2|Ninetales-Alola, F|
|poke|p2|Walking Wake|
|teampreview
|
|t:|1776225454
|teamsize|p1|6
|teamsize|p2|6
|start
|switch|p1a: Regigigas|Regigigas|100/100
|switch|p2a: Walking Wake|Walking Wake|100/100
|-start|p1a: Regigigas|ability: Slow Start
|turn|1
|inactive|Battle timer is ON: inactive players will automatically lose when time's up. (requested by ChuckErnestoCheese)
|
|t:|1776225465
|move|p2a: Walking Wake|Hydro Steam|p1a: Regigigas
|-damage|p1a: Regigigas|64/100
|-damage|p2a: Walking Wake|91/100|[from] item: Life Orb
|move|p1a: Regigigas|Substitute|p1a: Regigigas
|-start|p1a: Regigigas|Substitute
|-damage|p1a: Regigigas|39/100
|
|-heal|p1a: Regigigas|45/100|[from] item: Leftovers
|upkeep
|turn|2
|
|t:|1776225475
|move|p1a: Regigigas|Protect|p1a: Regigigas
|-singleturn|p1a: Regigigas|Protect
|move|p2a: Walking Wake|Hydro Steam|p1a: Regigigas
|-activate|p1a: Regigigas|move: Protect
|
|-heal|p1a: Regigigas|51/100|[from] item: Leftovers
|upkeep
|turn|3
|
|t:|1776225485
|move|p2a: Walking Wake|Hydro Steam|p1a: Regigigas
|-end|p1a: Regigigas|Substitute
|-damage|p2a: Walking Wake|81/100|[from] item: Life Orb
|move|p1a: Regigigas|Body Slam|p2a: Walking Wake
|-damage|p2a: Walking Wake|56/100
|
|-heal|p1a: Regigigas|57/100|[from] item: Leftovers
|upkeep
|turn|4
|
|t:|1776225497
|move|p1a: Regigigas|Protect|p1a: Regigigas
|-singleturn|p1a: Regigigas|Protect
|move|p2a: Walking Wake|Flip Turn|p1a: Regigigas
|-activate|p1a: Regigigas|move: Protect
|
|-heal|p1a: Regigigas|63/100|[from] item: Leftovers
|upkeep
|turn|5
|
|t:|1776225509
|move|p2a: Walking Wake|Draco Meteor|p1a: Regigigas
|-damage|p1a: Regigigas|0 fnt
|-unboost|p2a: Walking Wake|spa|2
|faint|p1a: Regigigas
|-end|p1a: Regigigas|Slow Start|[silent]
|-damage|p2a: Walking Wake|46/100|[from] item: Life Orb
|
|upkeep
|
|t:|1776225529
|switch|p1a: Toedscruel|Toedscruel, M|100/100
|turn|6
|
|t:|1776225536
|move|p2a: Walking Wake|Flip Turn|p1a: Toedscruel
|-damage|p1a: Toedscruel|78/100
|-damage|p2a: Walking Wake|36/100|[from] item: Life Orb
|
|t:|1776225541
|-end|p2a: Walking Wake|Protosynthesis|[silent]
|switch|p2a: Gliscor|Gliscor, M|100/100|[from] Flip Turn
|move|p1a: Toedscruel|Leech Seed|p2a: Gliscor
|-start|p2a: Gliscor|move: Leech Seed
|
|-heal|p1a: Toedscruel|84/100|[from] item: Leftovers
|-damage|p2a: Gliscor|88/100|[from] Leech Seed|[of] p1a: Toedscruel
|-heal|p1a: Toedscruel|94/100|[silent]
|-status|p2a: Gliscor|tox|[from] item: Toxic Orb
|upkeep
|turn|7
|
|t:|1776225555
|move|p2a: Gliscor|Stealth Rock|p1a: Toedscruel
|-sidestart|p1: ChuckErnestoCheese|move: Stealth Rock
|move|p1a: Toedscruel|Power Whip|p2a: Gliscor
|-damage|p2a: Gliscor|56/100 tox
|
|-heal|p1a: Toedscruel|99/100|[from] item: Leftovers
|-damage|p2a: Gliscor|44/100 tox|[from] Leech Seed|[of] p1a: Toedscruel
|-heal|p1a: Toedscruel|100/100|[silent]
|-heal|p2a: Gliscor|56/100 tox|[from] ability: Poison Heal
|upkeep
|turn|8
|
|t:|1776225569
|move|p2a: Gliscor|U-turn|p1a: Toedscruel
|-supereffective|p1a: Toedscruel
|-damage|p1a: Toedscruel|60/100
|
|t:|1776225572
|switch|p2a: Ninetales|Ninetales-Alola, F|100/100|[from] U-turn
|-weather|Snowscape|[from] ability: Snow Warning|[of] p2a: Ninetales
|move|p1a: Toedscruel|Power Whip|p2a: Ninetales
|-damage|p2a: Ninetales|70/100
|-enditem|p2a: Ninetales|Eject Button
|
|t:|1776225589
|switch|p2a: Staraptor|Staraptor, F|100/100
|-ability|p2a: Staraptor|Intimidate|boost
|-unboost|p1a: Toedscruel|atk|1
|
|-weather|Snowscape|[upkeep]
|-heal|p1a: Toedscruel|66/100|[from] item: Leftovers
|upkeep
|turn|9
|
|t:|1776225600
|move|p2a: Staraptor|Brave Bird|p1a: Toedscruel
|-supereffective|p1a: Toedscruel
|-damage|p1a: Toedscruel|0 fnt
|faint|p1a: Toedscruel
|-damage|p2a: Staraptor|75/100|[from] Recoil
|
|-weather|Snowscape|[upkeep]
|upkeep
|
|t:|1776225612
|switch|p1a: Kleavor|Kleavor, F|100/100
|-damage|p1a: Kleavor|76/100|[from] Stealth Rock
|turn|10
|
|t:|1776225629
|move|p1a: Kleavor|Stone Axe|p2a: Staraptor
|-supereffective|p2a: Staraptor
|-damage|p2a: Staraptor|0 fnt
|-sidestart|p2: TestingPersonel|move: Stealth Rock
|faint|p2a: Staraptor
|
|-weather|Snowscape|[upkeep]
|upkeep
|
|t:|1776225641
|switch|p2a: Metagross|Metagross|100/100
|-damage|p2a: Metagross|95/100|[from] Stealth Rock
|turn|11
|
|t:|1776225651
|switch|p1a: Chandelure|Chandelure, F, shiny|100/100
|-damage|p1a: Chandelure|76/100|[from] Stealth Rock
|move|p2a: Metagross|Agility|p2a: Metagross
|-boost|p2a: Metagross|spe|2
|
|-weather|Snowscape|[upkeep]
|upkeep
|turn|12
|
|t:|1776225670
|-terastallize|p1a: Chandelure|Dark
|move|p2a: Metagross|Earthquake|p1a: Chandelure
|-damage|p1a: Chandelure|16/100
|move|p1a: Chandelure|Dark Pulse|p2a: Metagross
|-supereffective|p2a: Metagross
|-damage|p2a: Metagross|0 fnt
|faint|p2a: Metagross
|
|-weather|none
|upkeep
|
|t:|1776225688
|switch|p2a: Walking Wake|Walking Wake|36/100
|-damage|p2a: Walking Wake|24/100|[from] Stealth Rock
|turn|13
|
|t:|1776225692
|move|p2a: Walking Wake|Flip Turn|p1a: Chandelure
|-damage|p1a: Chandelure|0 fnt
|faint|p1a: Chandelure
|-damage|p2a: Walking Wake|14/100|[from] item: Life Orb
|
|t:|1776225697
|-end|p2a: Walking Wake|Protosynthesis|[silent]
|switch|p2a: Gliscor|Gliscor, M|56/100 tox|[from] Flip Turn
|-damage|p2a: Gliscor|44/100 tox|[from] Stealth Rock
|
|-heal|p2a: Gliscor|56/100 tox|[from] ability: Poison Heal
|upkeep
|
|t:|1776225706
|switch|p1a: Crawdaunt|Crawdaunt, M, shiny|100/100
|-damage|p1a: Crawdaunt|88/100|[from] Stealth Rock
|turn|14
|
|t:|1776225715
|switch|p2a: Walking Wake|Walking Wake|14/100
|-damage|p2a: Walking Wake|2/100|[from] Stealth Rock
|move|p1a: Crawdaunt|Dragon Dance|p1a: Crawdaunt
|-boost|p1a: Crawdaunt|atk|1
|-boost|p1a: Crawdaunt|spe|1
|
|-heal|p1a: Crawdaunt|94/100|[from] item: Leftovers
|upkeep
|turn|15
|
|t:|1776225728
|move|p2a: Walking Wake|Draco Meteor|p1a: Crawdaunt
|-damage|p1a: Crawdaunt|0 fnt
|-unboost|p2a: Walking Wake|spa|2
|faint|p1a: Crawdaunt
|-damage|p2a: Walking Wake|0 fnt|[from] item: Life Orb
|faint|p2a: Walking Wake
|-end|p2a: Walking Wake|Protosynthesis|[silent]
|
|upkeep
|
|t:|1776225741
|switch|p2a: Ninetales|Ninetales-Alola, F|70/100
|switch|p1a: Kleavor|Kleavor, F|76/100
|-damage|p1a: Kleavor|51/100|[from] Stealth Rock
|-damage|p2a: Ninetales|45/100|[from] Stealth Rock
|-weather|Snowscape|[from] ability: Snow Warning|[of] p2a: Ninetales
|turn|16
|
|t:|1776225755
|move|p1a: Kleavor|Stone Axe|p2a: Ninetales
|-supereffective|p2a: Ninetales
|-damage|p2a: Ninetales|0 fnt
|faint|p2a: Ninetales
|
|-weather|Snowscape|[upkeep]
|upkeep
|
|t:|1776225758
|switch|p2a: Iron Valiant|Iron Valiant|100/100
|-damage|p2a: Iron Valiant|94/100|[from] Stealth Rock
|-enditem|p2a: Iron Valiant|Booster Energy
|-activate|p2a: Iron Valiant|ability: Quark Drive|[fromitem]
|-start|p2a: Iron Valiant|quarkdrivespe
|turn|17
|
|t:|1776225766
|-terastallize|p2a: Iron Valiant|Steel
|move|p2a: Iron Valiant|Calm Mind|p2a: Iron Valiant
|-boost|p2a: Iron Valiant|spa|1
|-boost|p2a: Iron Valiant|spd|1
|move|p1a: Kleavor|Stone Axe|p2a: Iron Valiant
|-resisted|p2a: Iron Valiant
|-damage|p2a: Iron Valiant|58/100
|
|-weather|Snowscape|[upkeep]
|upkeep
|turn|18
|
|t:|1776225779
|move|p2a: Iron Valiant|Moonblast|p1a: Kleavor
|-damage|p1a: Kleavor|0 fnt
|faint|p1a: Kleavor
|
|-weather|Snowscape|[upkeep]
|upkeep
|
|t:|1776225787
|switch|p1a: Weezing|Weezing-Galar, F|100/100
|-ability|p1a: Weezing|Neutralizing Gas
|-damage|p1a: Weezing|88/100|[from] Stealth Rock
|-item|p1a: Weezing|Air Balloon
|turn|19
|
|t:|1776225796
|move|p2a: Iron Valiant|Thunderbolt|p1a: Weezing
|-damage|p1a: Weezing|39/100
|-enditem|p1a: Weezing|Air Balloon
|move|p1a: Weezing|Strange Steam|p2a: Iron Valiant
|-resisted|p2a: Iron Valiant
|-damage|p2a: Iron Valiant|38/100
|
|-weather|Snowscape|[upkeep]
|upkeep
|turn|20
|
|t:|1776225805
|move|p2a: Iron Valiant|Thunderbolt|p1a: Weezing
|-damage|p1a: Weezing|0 fnt
|faint|p1a: Weezing
|-end|p1a: Weezing|ability: Neutralizing Gas
|
|win|TestingPersonel
|raw|ChuckErnestoCheese's rating: 1113 &rarr; <strong>1089</strong><br />(-24 for losing)
|raw|TestingPersonel's rating: 1123 &rarr; <strong>1147</strong><br />(+24 for winning)
|l|☆ChuckErnestoCheese
|player|p1|
