|html|<div class="broadcast-blue"><strong>[Gen 9] OU is currently suspecting Tera Blast! For information on how to participate check out the <a href="https://www.smogon.com/tools/suspects/view/200">suspect thread</a>.</strong></div>
|j|☆belobito
|j|☆TOXICccccccccccccc
|t:|1776175983
|gametype|singles
|player|p1|belobito|skier|1435
|player|p2|TOXICccccccccccccc|preschooler|1396
|gen|9
|tier|[Gen 9] OU
|rated|
|rule|HP Percentage Mod: HP is shown in percentages
|rule|Endless Battle Clause: Forcing endless battles is banned
|rule|Species Clause: Limit one of each Pokémon
|rule|OHKO Clause: OHKO moves are banned
|rule|Evasion Items Clause: Evasion items are banned
|rule|Evasion Moves Clause: Evasion moves are banned
|rule|Evasion Abilities Clause: Evasion abilities are banned
|rule|Sleep Moves Clause: Sleep-inducing moves are banned
|clearpoke
|poke|p1|Pelipper, M|
|poke|p1|Iron Treads|
|poke|p1|Barraskewda, F|
|poke|p1|Raging Bolt|
|poke|p1|Talonflame, F|
|poke|p1|Keldeo-Resolute|
|poke|p2|Ogerpon-Wellspring, F|
|poke|p2|Heatran, M|
|poke|p2|Goodra-Hisui, F|
|poke|p2|Thundurus-Therian, M|
|poke|p2|Orthworm, M|
|poke|p2|Grimmsnarl, M|
|teampreview
|inactive|Battle timer is ON: inactive players will automatically lose when time's up. (requested by TOXICccccccccccccc)
|
|t:|1776176006
|teamsize|p1|6
|teamsize|p2|6
|start
|switch|p1a: Bec qui pend|Pelipper, M|100/100
|switch|p2a: Thundurus|Thundurus-Therian, M|100/100
|-weather|RainDance|[from] ability: Drizzle|[of] p1a: Bec qui pend
|turn|1
|
|t:|1776176019
|switch|p1a: Great Tusk Wish|Iron Treads|100/100
|-enditem|p1a: Great Tusk Wish|Booster Energy
|-activate|p1a: Great Tusk Wish|ability: Quark Drive|[fromitem]
|-start|p1a: Great Tusk Wish|quarkdrivespe
|move|p2a: Thundurus|Focus Blast|p1a: Great Tusk Wish
|-supereffective|p1a: Great Tusk Wish
|-damage|p1a: Great Tusk Wish|0 fnt
|faint|p1a: Great Tusk Wish
|-end|p1a: Great Tusk Wish|Quark Drive|[silent]
|
|-weather|RainDance|[upkeep]
|upkeep
|
|t:|1776176033
|switch|p1a: Haskwakoubeh|Barraskewda, F|100/100
|turn|2
|inactive|belobito has 120 seconds left.
|inactive|TOXICccccccccccccc has 120 seconds left.
|
|t:|1776176070
|switch|p1a: Sophie|Raging Bolt|100/100
|-enditem|p1a: Sophie|Booster Energy
|-activate|p1a: Sophie|ability: Protosynthesis|[fromitem]
|-start|p1a: Sophie|protosynthesisspa
|switch|p2a: Goodra|Goodra-Hisui, F|100/100
|
|-weather|RainDance|[upkeep]
|upkeep
|turn|3
|inactive|belobito has 120 seconds left.
|
|t:|1776176082
|move|p1a: Sophie|Weather Ball|p2a: Goodra
|-resisted|p2a: Goodra
|-damage|p2a: Goodra|85/100
|move|p2a: Goodra|Dragon Pulse|p1a: Sophie
|-supereffective|p1a: Sophie
|-damage|p1a: Sophie|18/100
|
|-weather|RainDance|[upkeep]
|upkeep
|turn|4
|inactive|belobito has 120 seconds left.
|
|t:|1776176094
|-terastallize|p1a: Sophie|Fairy
|move|p1a: Sophie|Dragon Pulse|p2a: Goodra
|-damage|p2a: Goodra|54/100
|move|p2a: Goodra|Dragon Pulse|p1a: Sophie
|-immune|p1a: Sophie
|
|-weather|RainDance|[upkeep]
|upkeep
|turn|5
|inactive|belobito has 120 seconds left.
|
|t:|1776176104
|move|p1a: Sophie|Dragon Pulse|p2a: Goodra
|-damage|p2a: Goodra|24/100
|move|p2a: Goodra|Flash Cannon|p1a: Sophie
|-supereffective|p1a: Sophie
|-damage|p1a: Sophie|0 fnt
|faint|p1a: Sophie
|-end|p1a: Sophie|Protosynthesis|[silent]
|
|-weather|RainDance|[upkeep]
|upkeep
|inactive|belobito has 120 seconds left.
|
|t:|1776176112
|switch|p1a: Kaideos|Keldeo-Resolute|100/100
|turn|6
|
|t:|1776176120
|move|p1a: Kaideos|Secret Sword|p2a: Goodra
|-supereffective|p2a: Goodra
|-damage|p2a: Goodra|0 fnt
|faint|p2a: Goodra
|
|-weather|RainDance|[upkeep]
|upkeep
|
|t:|1776176134
|switch|p2a: Grimmsnarl|Grimmsnarl, M|100/100
|turn|7
|inactive|TOXICccccccccccccc has 120 seconds left.
|
|t:|1776176189
|move|p2a: Grimmsnarl|Light Screen|p2a: Grimmsnarl
|-sidestart|p2: TOXICccccccccccccc|move: Light Screen
|move|p1a: Kaideos|Secret Sword|p2a: Grimmsnarl
|-crit|p2a: Grimmsnarl
|-damage|p2a: Grimmsnarl|47/100
|
|-weather|RainDance|[upkeep]
|upkeep
|turn|8
|
|t:|1776176200
|move|p2a: Grimmsnarl|Reflect|p2a: Grimmsnarl
|-sidestart|p2: TOXICccccccccccccc|Reflect
|move|p1a: Kaideos|Secret Sword|p2a: Grimmsnarl
|-damage|p2a: Grimmsnarl|30/100
|
|-weather|none
|upkeep
|turn|9
|
|t:|1776176214
|move|p2a: Grimmsnarl|Parting Shot|p1a: Kaideos
|-unboost|p1a: Kaideos|atk|1
|-unboost|p1a: Kaideos|spa|1
|inactive|TOXICccccccccccccc has 90 seconds left.
|
|t:|1776176231
|switch|p2a: Thundurus|Thundurus-Therian, M|100/100|[from] Parting Shot
|move|p1a: Kaideos|Secret Sword|p2a: Thundurus
|-resisted|p2a: Thundurus
|-damage|p2a: Thundurus|90/100
|
|upkeep
|turn|10
|
|t:|1776176242
|switch|p1a: Bec qui pend|Pelipper, M|100/100
|-weather|RainDance|[from] ability: Drizzle|[of] p1a: Bec qui pend
|move|p2a: Thundurus|Volt Switch|p1a: Bec qui pend
|-supereffective|p1a: Bec qui pend
|-damage|p1a: Bec qui pend|0 fnt
|faint|p1a: Bec qui pend
|
|t:|1776176245
|switch|p2a: Grimmsnarl|Grimmsnarl, M|30/100|[from] Volt Switch
|
|-weather|RainDance|[upkeep]
|upkeep
|
|t:|1776176256
|switch|p1a: Kaideos|Keldeo-Resolute|100/100
|turn|11
|
|t:|1776176261
|move|p2a: Grimmsnarl|Parting Shot|p1a: Kaideos
|-unboost|p1a: Kaideos|atk|1
|-unboost|p1a: Kaideos|spa|1
|
|t:|1776176264
|switch|p2a: Ogerpon|Ogerpon-Wellspring, F|100/100|[from] Parting Shot
|move|p1a: Kaideos|Secret Sword|p2a: Ogerpon
|-damage|p2a: Ogerpon|80/100
|
|-weather|RainDance|[upkeep]
|upkeep
|turn|12
|
|t:|1776176273
|move|p1a: Kaideos|Vacuum Wave|p2a: Ogerpon
|-damage|p2a: Ogerpon|73/100
|move|p2a: Ogerpon|Horn Leech|p1a: Kaideos
|-supereffective|p1a: Kaideos
|-damage|p1a: Kaideos|0 fnt
|-heal|p2a: Ogerpon|100/100|[from] drain|[of] p1a: Kaideos
|faint|p1a: Kaideos
|
|-weather|RainDance|[upkeep]
|upkeep
|
|t:|1776176282
|switch|p1a: Le Talon Ducul|Talonflame, F|100/100
|turn|13
|
|t:|1776176285
|switch|p2a: Heatran|Heatran, M|100/100
|move|p1a: Le Talon Ducul|Hurricane|p2a: Heatran
|-resisted|p2a: Heatran
|-damage|p2a: Heatran|90/100
|
|-weather|RainDance|[upkeep]
|-heal|p2a: Heatran|96/100|[from] item: Leftovers
|upkeep
|turn|14
|
|t:|1776176293
|switch|p1a: Haskwakoubeh|Barraskewda, F|100/100
|move|p2a: Heatran|Magma Storm|p1a: Haskwakoubeh
|-resisted|p1a: Haskwakoubeh
|-damage|p1a: Haskwakoubeh|75/100
|-activate|p1a: Haskwakoubeh|move: Magma Storm|[of] p2a: Heatran
|
|-weather|RainDance|[upkeep]
|-heal|p2a: Heatran|100/100|[from] item: Leftovers
|-damage|p1a: Haskwakoubeh|62/100|[from] move: Magma Storm|[partiallytrapped]
|-sideend|p2: TOXICccccccccccccc|move: Light Screen
|upkeep
|turn|15
|
|t:|1776176304
|move|p2a: Heatran|Protect|p2a: Heatran
|-singleturn|p2a: Heatran|Protect
|move|p1a: Haskwakoubeh|Liquidation|p2a: Heatran
|-activate|p2a: Heatran|move: Protect
|
|-weather|RainDance|[upkeep]
|-damage|p1a: Haskwakoubeh|50/100|[from] move: Magma Storm|[partiallytrapped]
|-sideend|p2: TOXICccccccccccccc|Reflect
|upkeep
|turn|16
|
|t:|1776176311
|switch|p2a: Ogerpon|Ogerpon-Wellspring, F|100/100
|move|p1a: Haskwakoubeh|Liquidation|p2a: Ogerpon
|-immune|p2a: Ogerpon|[from] ability: Water Absorb
|
|-weather|RainDance|[upkeep]
|-end|p1a: Haskwakoubeh|Magma Storm|[partiallytrapped]|[silent]
|upkeep
|turn|17
|
|t:|1776176318
|move|p1a: Haskwakoubeh|Liquidation|p2a: Ogerpon
|-immune|p2a: Ogerpon|[from] ability: Water Absorb
|move|p2a: Ogerpon|Horn Leech|p1a: Haskwakoubeh
|-supereffective|p1a: Haskwakoubeh
|-damage|p1a: Haskwakoubeh|0 fnt
|faint|p1a: Haskwakoubeh
|
|-weather|none
|upkeep
|
|t:|1776176326
|switch|p1a: Le Talon Ducul|Talonflame, F|100/100
|turn|18
|
|t:|1776176332
|switch|p2a: Heatran|Heatran, M|100/100
|move|p1a: Le Talon Ducul|Hurricane|p2a: Heatran
|-resisted|p2a: Heatran
|-damage|p2a: Heatran|82/100
|
|-heal|p2a: Heatran|88/100|[from] item: Leftovers
|upkeep
|turn|19
|
|t:|1776176339
|move|p1a: Le Talon Ducul|Hurricane|p2a: Heatran
|-resisted|p2a: Heatran
|-damage|p2a: Heatran|68/100
|move|p2a: Heatran|Magma Storm|p1a: Le Talon Ducul
|-resisted|p1a: Le Talon Ducul
|-damage|p1a: Le Talon Ducul|65/100
|-activate|p1a: Le Talon Ducul|move: Magma Storm|[of] p2a: Heatran
|
|-heal|p2a: Heatran|74/100|[from] item: Leftovers
|-damage|p1a: Le Talon Ducul|53/100|[from] move: Magma Storm|[partiallytrapped]
|upkeep
|turn|20
|
|t:|1776176349
|move|p1a: Le Talon Ducul|Hurricane|p2a: Heatran|[miss]
|-miss|p1a: Le Talon Ducul|p2a: Heatran
|move|p2a: Heatran|Magma Storm|p1a: Le Talon Ducul|[miss]
|-miss|p2a: Heatran|p1a: Le Talon Ducul
|
|-heal|p2a: Heatran|80/100|[from] item: Leftovers
|-damage|p1a: Le Talon Ducul|41/100|[from] move: Magma Storm|[partiallytrapped]
|upkeep
|turn|21
|
|t:|1776176357
|move|p1a: Le Talon Ducul|Hurricane|p2a: Heatran|[miss]
|-miss|p1a: Le Talon Ducul|p2a: Heatran
|move|p2a: Heatran|Magma Storm|p1a: Le Talon Ducul|[miss]
|-miss|p2a: Heatran|p1a: Le Talon Ducul
|
|-heal|p2a: Heatran|86/100|[from] item: Leftovers
|-damage|p1a: Le Talon Ducul|28/100|[from] move: Magma Storm|[partiallytrapped]
|upkeep
|turn|22
|
|t:|1776176366
|move|p1a: Le Talon Ducul|Hurricane|p2a: Heatran
|-resisted|p2a: Heatran
|-damage|p2a: Heatran|67/100
|-start|p2a: Heatran|confusion
|-activate|p2a: Heatran|confusion
|move|p2a: Heatran|Magma Storm|p1a: Le Talon Ducul
|-resisted|p1a: Le Talon Ducul
|-damage|p1a: Le Talon Ducul|0 fnt
|faint|p1a: Le Talon Ducul
|
|win|TOXICccccccccccccc
|raw|belobito's rating: 1435 &rarr; <strong>1413</strong><br />(-22 for losing)
|raw|TOXICccccccccccccc's rating: 1396 &rarr; <strong>1418</strong><br />(+22 for winning)
