|html|<div class="broadcast-blue"><strong>[Gen 9] OU is currently suspecting Tera Blast! For information on how to participate check out the <a href="https://www.smogon.com/tools/suspects/view/200">suspect thread</a>.</strong></div>
|j|☆patte de l'ours
|j|☆Dedre
|t:|1776067288
|gametype|singles
|player|p1|patte de l'ours|2|1073
|player|p2|Dedre|2|1096
|gen|9
|tier|[Gen 9] OU
|rated|
|rule|HP Percentage Mod: HP is shown in percentages
|rule|Endless Battle Clause: Forcing endless battles is banned
|rule|Species Clause: Limit one of each Pokémon
|rule|OHKO Clause: OHKO moves are banned
|rule|Evasion Items Clause: Evasion items are banned
|rule|Evasion Moves Clause: Evasion moves are banned
|rule|Evasion Abilities Clause: Evasion abilities are banned
|rule|Sleep Moves Clause: Sleep-inducing moves are banned
|clearpoke
|poke|p1|Ceruledge, M|
|poke|p1|Dragapult, F|
|poke|p1|Zamazenta-*|
|poke|p1|Ogerpon-Wellspring, F|
|poke|p1|Latias, F|
|poke|p1|Corviknight, F|
|poke|p2|Glimmora, F|
|poke|p2|Darkrai|
|poke|p2|Deoxys-Defense|
|poke|p2|Garganacl, F|
|poke|p2|Serperior, M|
|poke|p2|Maushold-Four|
|teampreview
|j| ohko_smeargle
|inactive|Battle timer is ON: inactive players will automatically lose when time's up. (requested by patte de l'ours)
|
|t:|1776067310
|teamsize|p1|6
|teamsize|p2|6
|start
|switch|p1a: Latias|Latias, F, shiny|100/100
|switch|p2a: Darkrai|Darkrai|100/100
|turn|1
|
|t:|1776067315
|-terastallize|p1a: Latias|Fairy
|move|p2a: Darkrai|Dark Pulse|p1a: Latias
|-resisted|p1a: Latias
|-damage|p1a: Latias|82/100
|move|p1a: Latias|Calm Mind|p1a: Latias
|-boost|p1a: Latias|spa|1
|-boost|p1a: Latias|spd|1
|
|upkeep
|turn|2
|
|t:|1776067326
|move|p2a: Darkrai|Psychic|p1a: Latias
|-damage|p1a: Latias|63/100
|move|p1a: Latias|Draining Kiss|p2a: Darkrai
|-supereffective|p2a: Darkrai
|-damage|p2a: Darkrai|0 fnt
|-heal|p1a: Latias|100/100|[from] drain|[of] p2a: Darkrai
|faint|p2a: Darkrai
|
|upkeep
|
|t:|1776067340
|switch|p2a: Glimmora|Glimmora, F|100/100
|turn|3
|
|t:|1776067351
|move|p1a: Latias|Stored Power|p2a: Glimmora
|-supereffective|p2a: Glimmora
|-enditem|p2a: Glimmora|Focus Sash
|-damage|p2a: Glimmora|1/100
|move|p2a: Glimmora|Stealth Rock|p1a: Latias
|-sidestart|p1: patte de l'ours|move: Stealth Rock
|
|upkeep
|turn|4
|
|t:|1776067363
|move|p1a: Latias|Stored Power|p2a: Glimmora
|-supereffective|p2a: Glimmora
|-damage|p2a: Glimmora|0 fnt
|faint|p2a: Glimmora
|
|upkeep
|
|t:|1776067369
|switch|p2a: Maushold|Maushold-Four|100/100
|turn|5
|
|t:|1776067376
|move|p1a: Latias|Aura Sphere|p2a: Maushold
|-supereffective|p2a: Maushold
|-damage|p2a: Maushold|0 fnt
|faint|p2a: Maushold
|
|upkeep
|
|t:|1776067381
|switch|p2a: Garganacl|Garganacl, F|100/100
|turn|6
|
|t:|1776067385
|move|p1a: Latias|Aura Sphere|p2a: Garganacl
|-supereffective|p2a: Garganacl
|-damage|p2a: Garganacl|41/100
|move|p2a: Garganacl|Salt Cure|p1a: Latias
|-damage|p1a: Latias|81/100
|-start|p1a: Latias|Salt Cure
|
|-heal|p2a: Garganacl|48/100|[from] item: Leftovers
|-damage|p1a: Latias|69/100|[from] Salt Cure
|upkeep
|turn|7
|
|t:|1776067394
|move|p2a: Garganacl|Protect|p2a: Garganacl
|-singleturn|p2a: Garganacl|Protect
|move|p1a: Latias|Aura Sphere|p2a: Garganacl
|-activate|p2a: Garganacl|move: Protect
|
|-heal|p2a: Garganacl|54/100|[from] item: Leftovers
|-damage|p1a: Latias|57/100|[from] Salt Cure
|upkeep
|turn|8
|
|t:|1776067405
|move|p2a: Garganacl|Protect||[still]
|-fail|p2a: Garganacl
|move|p1a: Latias|Aura Sphere|p2a: Garganacl
|-supereffective|p2a: Garganacl
|-damage|p2a: Garganacl|0 fnt
|faint|p2a: Garganacl
|
|-damage|p1a: Latias|44/100|[from] Salt Cure
|upkeep
|
|t:|1776067415
|switch|p2a: Serperior|Serperior, M|100/100
|turn|9
|
|t:|1776067421
|move|p2a: Serperior|Leaf Storm|p1a: Latias
|-damage|p1a: Latias|22/100
|-boost|p2a: Serperior|spa|2
|move|p1a: Latias|Draining Kiss|p2a: Serperior
|-damage|p2a: Serperior|57/100
|-heal|p1a: Latias|60/100|[from] drain|[of] p2a: Serperior
|
|-damage|p1a: Latias|48/100|[from] Salt Cure
|upkeep
|turn|10
|
|t:|1776067434
|move|p2a: Serperior|Leaf Storm|p1a: Latias
|-crit|p1a: Latias
|-damage|p1a: Latias|0 fnt
|-boost|p2a: Serperior|spa|2
|faint|p1a: Latias
|
|upkeep
|
|t:|1776067437
|switch|p1a: Ceruledge|Ceruledge, M|100/100
|-damage|p1a: Ceruledge|76/100|[from] Stealth Rock
|turn|11
|
|t:|1776067448
|move|p2a: Serperior|Leaf Storm|p1a: Ceruledge
|-resisted|p1a: Ceruledge
|-damage|p1a: Ceruledge|9/100
|-boost|p2a: Serperior|spa|2
|move|p1a: Ceruledge|Bitter Blade|p2a: Serperior
|-supereffective|p2a: Serperior
|-damage|p2a: Serperior|0 fnt
|-heal|p1a: Ceruledge|43/100|[from] drain|[of] p2a: Serperior
|faint|p2a: Serperior
|
|upkeep
|
|t:|1776067457
|switch|p2a: Deoxys|Deoxys-Defense|100/100
|-ability|p2a: Deoxys|Pressure
|turn|12
|
|t:|1776067468
|move|p1a: Ceruledge|Bitter Blade|p2a: Deoxys
|-damage|p2a: Deoxys|69/100
|-heal|p1a: Ceruledge|60/100|[from] drain|[of] p2a: Deoxys
|move|p2a: Deoxys|Calm Mind|p2a: Deoxys
|-boost|p2a: Deoxys|spa|1
|-boost|p2a: Deoxys|spd|1
|
|-heal|p2a: Deoxys|75/100|[from] item: Leftovers
|upkeep
|turn|13
|
|t:|1776067483
|move|p1a: Ceruledge|Bitter Blade|p2a: Deoxys
|-damage|p2a: Deoxys|42/100
|-heal|p1a: Ceruledge|77/100|[from] drain|[of] p2a: Deoxys
|move|p2a: Deoxys|Calm Mind|p2a: Deoxys
|-boost|p2a: Deoxys|spa|1
|-boost|p2a: Deoxys|spd|1
|
|-heal|p2a: Deoxys|49/100|[from] item: Leftovers
|upkeep
|turn|14
|
|t:|1776067492
|move|p1a: Ceruledge|Bitter Blade|p2a: Deoxys
|-damage|p2a: Deoxys|16/100
|-heal|p1a: Ceruledge|95/100|[from] drain|[of] p2a: Deoxys
|move|p2a: Deoxys|Recover|p2a: Deoxys
|-heal|p2a: Deoxys|66/100
|
|-heal|p2a: Deoxys|72/100|[from] item: Leftovers
|upkeep
|turn|15
|
|t:|1776067500
|move|p1a: Ceruledge|Clear Smog|p2a: Deoxys
|-damage|p2a: Deoxys|69/100
|-clearboost|p2a: Deoxys
|move|p2a: Deoxys|Recover|p2a: Deoxys
|-heal|p2a: Deoxys|100/100
|
|upkeep
|turn|16
|
|t:|1776067509
|move|p1a: Ceruledge|Swords Dance|p1a: Ceruledge
|-boost|p1a: Ceruledge|atk|2
|move|p2a: Deoxys|Calm Mind|p2a: Deoxys
|-boost|p2a: Deoxys|spa|1
|-boost|p2a: Deoxys|spd|1
|
|upkeep
|turn|17
|
|t:|1776067520
|move|p1a: Ceruledge|Swords Dance|p1a: Ceruledge
|-boost|p1a: Ceruledge|atk|2
|move|p2a: Deoxys|Calm Mind|p2a: Deoxys
|-boost|p2a: Deoxys|spa|1
|-boost|p2a: Deoxys|spd|1
|
|upkeep
|turn|18
|
|t:|1776067525
|move|p1a: Ceruledge|Clear Smog|p2a: Deoxys
|-damage|p2a: Deoxys|97/100
|-clearboost|p2a: Deoxys
|move|p2a: Deoxys|Stored Power|p1a: Ceruledge
|-damage|p1a: Ceruledge|87/100
|
|-heal|p2a: Deoxys|100/100|[from] item: Leftovers
|upkeep
|turn|19
|
|t:|1776067535
|move|p1a: Ceruledge|Bitter Blade|p2a: Deoxys
|-damage|p2a: Deoxys|0 fnt
|-heal|p1a: Ceruledge|100/100|[from] drain|[of] p2a: Deoxys
|faint|p2a: Deoxys
|
|win|patte de l'ours
|raw|patte de l&apos;ours's rating: 1073 &rarr; <strong>1104</strong><br />(+31 for winning)
|raw|Dedre's rating: 1096 &rarr; <strong>1070</strong><br />(-26 for losing)
|l| ohko_smeargle
|l|☆patte de l'ours
|player|p1|
|l|☆Dedre
|player|p2|
