|html|<div class="broadcast-blue"><strong>[Gen 9] OU is currently suspecting Tera Blast! For information on how to participate check out the <a href="https://www.smogon.com/tools/suspects/view/200">suspect thread</a>.</strong></div>
|j|☆patchworrk
|j|☆metalsandy
|t:|1776163048
|gametype|singles
|player|p1|patchworrk|rosa|1215
|player|p2|metalsandy|bruno|1234
|gen|9
|tier|[Gen 9] OU
|rated|
|rule|HP Percentage Mod: HP is shown in percentages
|rule|Endless Battle Clause: Forcing endless battles is banned
|rule|Species Clause: Limit one of each Pokémon
|rule|OHKO Clause: OHKO moves are banned
|rule|Evasion Items Clause: Evasion items are banned
|rule|Evasion Moves Clause: Evasion moves are banned
|rule|Evasion Abilities Clause: Evasion abilities are banned
|rule|Sleep Moves Clause: Sleep-inducing moves are banned
|clearpoke
|poke|p1|Hydrapple, F|
|poke|p1|Great Tusk|
|poke|p1|Goodra-Hisui, F|
|poke|p1|Alomomola, F|
|poke|p1|Iron Moth|
|poke|p1|Zapdos|
|poke|p2|Froslass, F|
|poke|p2|Scizor, M|
|poke|p2|Iron Valiant|
|poke|p2|Zapdos|
|poke|p2|Cinderace, M|
|poke|p2|Darkrai|
|teampreview
|
|t:|1776163062
|teamsize|p1|6
|teamsize|p2|6
|start
|switch|p1a: Zapdos|Zapdos, shiny|100/100
|switch|p2a: Zapdos|Zapdos|100/100
|turn|1
|inactive|Battle timer is ON: inactive players will automatically lose when time's up. (requested by metalsandy)
|
|t:|1776163078
|switch|p1a: the glue|Goodra-Hisui, F, shiny|100/100
|move|p2a: Zapdos|Hurricane|p1a: the glue
|-resisted|p1a: the glue
|-damage|p1a: the glue|90/100
|
|upkeep
|turn|2
|
|t:|1776163086
|move|p2a: Zapdos|Volt Switch|p1a: the glue
|-resisted|p1a: the glue
|-damage|p1a: the glue|84/100
|
|t:|1776163090
|switch|p2a: Scizor|Scizor, M|100/100|[from] Volt Switch
|move|p1a: the glue|Dragon Tail|p2a: Scizor
|-resisted|p2a: Scizor
|-damage|p2a: Scizor|90/100
|drag|p2a: Cinderace|Cinderace, M|100/100
|
|upkeep
|turn|3
|
|t:|1776163102
|switch|p1a: Alomomola|Alomomola, F, shiny|100/100
|move|p2a: Cinderace|Low Kick|p1a: Alomomola
|-start|p2a: Cinderace|typechange|Fighting|[from] ability: Libero
|-damage|p1a: Alomomola|77/100
|
|upkeep
|turn|4
|
|t:|1776163112
|switch|p2a: Zapdos|Zapdos|100/100
|move|p1a: Alomomola|Wish|p1a: Alomomola
|
|upkeep
|turn|5
|
|t:|1776163120
|switch|p2a: Froslass|Froslass, F|100/100
|switch|p1a: the glue|Goodra-Hisui, F, shiny|84/100
|
|-heal|p1a: the glue|100/100|[from] move: Wish|[wisher] Alomomola
|upkeep
|turn|6
|
|t:|1776163131
|move|p2a: Froslass|Will-O-Wisp|p1a: the glue
|-status|p1a: the glue|brn
|move|p1a: the glue|Flamethrower|p2a: Froslass
|-supereffective|p2a: Froslass
|-damage|p2a: Froslass|18/100
|
|-damage|p1a: the glue|94/100 brn|[from] brn
|upkeep
|turn|7
|
|t:|1776163140
|move|p2a: Froslass|Destiny Bond|p2a: Froslass
|-singlemove|p2a: Froslass|Destiny Bond
|move|p1a: the glue|Flamethrower|p2a: Froslass
|-supereffective|p2a: Froslass
|-damage|p2a: Froslass|0 fnt
|faint|p2a: Froslass
|-activate|p2a: Froslass|move: Destiny Bond
|faint|p1a: the glue
|
|upkeep
|
|t:|1776163157
|switch|p2a: Zapdos|Zapdos|100/100
|switch|p1a: Zapdos|Zapdos, shiny|100/100
|turn|8
|
|t:|1776163168
|move|p2a: Zapdos|Hurricane|p1a: Zapdos|[miss]
|-miss|p2a: Zapdos|p1a: Zapdos
|move|p1a: Zapdos|Volt Switch|p2a: Zapdos
|-damage|p2a: Zapdos|87/100
|
|t:|1776163184
|switch|p1a: Iron Moth|Iron Moth|100/100|[from] Volt Switch
|-enditem|p1a: Iron Moth|Booster Energy
|-activate|p1a: Iron Moth|ability: Quark Drive|[fromitem]
|-start|p1a: Iron Moth|quarkdrivespa
|
|upkeep
|turn|9
|
|t:|1776163192
|move|p1a: Iron Moth|Fiery Dance|p2a: Zapdos
|-damage|p2a: Zapdos|63/100
|move|p2a: Zapdos|Hurricane|p1a: Iron Moth
|-damage|p1a: Iron Moth|49/100
|-start|p1a: Iron Moth|confusion
|
|upkeep
|turn|10
|
|t:|1776163203
|-end|p1a: Iron Moth|Quark Drive|[silent]
|switch|p1a: Zapdos|Zapdos, shiny|100/100
|move|p2a: Zapdos|Discharge|p1a: Zapdos
|-damage|p1a: Zapdos|65/100
|
|upkeep
|turn|11
|
|t:|1776163213
|move|p2a: Zapdos|Hurricane|p1a: Zapdos
|-resisted|p1a: Zapdos
|-damage|p1a: Zapdos|44/100
|move|p1a: Zapdos|Roost|p1a: Zapdos
|-heal|p1a: Zapdos|94/100
|-singleturn|p1a: Zapdos|move: Roost
|
|upkeep
|turn|12
|
|t:|1776163224
|move|p2a: Zapdos|Discharge|p1a: Zapdos
|-damage|p1a: Zapdos|59/100
|move|p1a: Zapdos|Volt Switch|p2a: Zapdos
|-damage|p2a: Zapdos|48/100
|
|t:|1776163235
|switch|p1a: the big T|Great Tusk|100/100|[from] Volt Switch
|-enditem|p1a: the big T|Booster Energy
|-activate|p1a: the big T|ability: Protosynthesis|[fromitem]
|-start|p1a: the big T|protosynthesisspe
|
|upkeep
|turn|13
|
|t:|1776163247
|switch|p2a: Scizor|Scizor, M|90/100
|move|p1a: the big T|Ice Spinner|p2a: Scizor
|-resisted|p2a: Scizor
|-damage|p2a: Scizor|78/100
|
|-heal|p2a: Scizor|85/100|[from] item: Leftovers
|upkeep
|turn|14
|
|t:|1776163257
|move|p1a: the big T|Bulk Up|p1a: the big T
|-boost|p1a: the big T|atk|1
|-boost|p1a: the big T|def|1
|move|p2a: Scizor|Swords Dance|p2a: Scizor
|-boost|p2a: Scizor|atk|2
|
|-heal|p2a: Scizor|91/100|[from] item: Leftovers
|upkeep
|turn|15
|
|t:|1776163267
|move|p1a: the big T|Headlong Rush|p2a: Scizor
|-damage|p2a: Scizor|19/100
|-unboost|p1a: the big T|def|1
|-unboost|p1a: the big T|spd|1
|move|p2a: Scizor|Swords Dance|p2a: Scizor
|-boost|p2a: Scizor|atk|2
|
|-heal|p2a: Scizor|25/100|[from] item: Leftovers
|upkeep
|turn|16
|
|t:|1776163281
|move|p2a: Scizor|Bullet Punch|p1a: the big T
|-damage|p1a: the big T|36/100
|move|p1a: the big T|Headlong Rush|p2a: Scizor
|-damage|p2a: Scizor|0 fnt
|-unboost|p1a: the big T|def|1
|-unboost|p1a: the big T|spd|1
|faint|p2a: Scizor
|
|upkeep
|
|t:|1776163291
|switch|p2a: Darkrai|Darkrai|100/100
|turn|17
|c|☆metalsandy|Gg
|
|t:|1776163307
|move|p2a: Darkrai|Dark Pulse|p1a: the big T
|-resisted|p1a: the big T
|-damage|p1a: the big T|0 fnt
|faint|p1a: the big T
|-end|p1a: the big T|Protosynthesis|[silent]
|
|upkeep
|inactive|patchworrk has 120 seconds left.
|
|t:|1776163323
|switch|p1a: Alomomola|Alomomola, F, shiny|100/100
|turn|18
|
|t:|1776163325
|move|p2a: Darkrai|Dark Pulse|p1a: Alomomola
|-damage|p1a: Alomomola|45/100
|move|p1a: Alomomola|Wish|p1a: Alomomola
|
|upkeep
|turn|19
|
|t:|1776163334
|switch|p1a: Zapdos|Zapdos, shiny|59/100
|move|p2a: Darkrai|Dark Pulse|p1a: Zapdos
|-damage|p1a: Zapdos|20/100
|
|-heal|p1a: Zapdos|89/100|[from] move: Wish|[wisher] Alomomola
|upkeep
|turn|20
|
|t:|1776163341
|move|p2a: Darkrai|Dark Pulse|p1a: Zapdos
|-damage|p1a: Zapdos|48/100
|move|p1a: Zapdos|Thunder Wave|p2a: Darkrai
|-status|p2a: Darkrai|par
|
|upkeep
|turn|21
|
|t:|1776163349
|move|p2a: Darkrai|Dark Pulse|p1a: Zapdos
|-damage|p1a: Zapdos|3/100
|move|p1a: Zapdos|Roost|p1a: Zapdos
|-heal|p1a: Zapdos|53/100
|-singleturn|p1a: Zapdos|move: Roost
|
|upkeep
|turn|22
|
|t:|1776163364
|move|p2a: Darkrai|Dark Pulse|p1a: Zapdos
|-damage|p1a: Zapdos|12/100
|move|p1a: Zapdos|Roost|p1a: Zapdos
|-heal|p1a: Zapdos|62/100
|-singleturn|p1a: Zapdos|move: Roost
|
|upkeep
|turn|23
|
|t:|1776163372
|switch|p2a: Iron Valiant|Iron Valiant|100/100
|-enditem|p2a: Iron Valiant|Booster Energy
|-activate|p2a: Iron Valiant|ability: Quark Drive|[fromitem]
|-start|p2a: Iron Valiant|quarkdrivespe
|move|p1a: Zapdos|Hurricane|p2a: Iron Valiant
|-supereffective|p2a: Iron Valiant
|-damage|p2a: Iron Valiant|0 fnt
|faint|p2a: Iron Valiant
|-end|p2a: Iron Valiant|Quark Drive|[silent]
|
|upkeep
|
|t:|1776163380
|switch|p2a: Cinderace|Cinderace, M|100/100
|turn|24
|
|t:|1776163390
|move|p2a: Cinderace|Pyro Ball|p1a: Zapdos
|-damage|p1a: Zapdos|3/100
|move|p1a: Zapdos|Thunder Wave|p2a: Cinderace
|-status|p2a: Cinderace|par
|
|upkeep
|turn|25
|
|t:|1776163404
|move|p1a: Zapdos|Volt Switch|p2a: Cinderace
|-damage|p2a: Cinderace|57/100 par
|
|t:|1776163408
|switch|p1a: Alomomola|Alomomola, F, shiny|78/100|[from] Volt Switch
|move|p2a: Cinderace|Pyro Ball|p1a: Alomomola|[miss]
|-miss|p2a: Cinderace|p1a: Alomomola
|
|upkeep
|turn|26
|
|t:|1776163414
|switch|p2a: Zapdos|Zapdos|48/100
|move|p1a: Alomomola|Wish|p1a: Alomomola
|
|upkeep
|turn|27
|
|t:|1776163431
|move|p1a: Alomomola|Protect|p1a: Alomomola
|-singleturn|p1a: Alomomola|Protect
|move|p2a: Zapdos|Volt Switch|p1a: Alomomola
|-activate|p1a: Alomomola|move: Protect
|
|-heal|p1a: Alomomola|100/100|[from] move: Wish|[wisher] Alomomola
|upkeep
|turn|28
|
|t:|1776163441
|switch|p1a: Hydrapple|Hydrapple, F, shiny|100/100
|move|p2a: Zapdos|Volt Switch|p1a: Hydrapple
|-resisted|p1a: Hydrapple
|-damage|p1a: Hydrapple|93/100
|
|t:|1776163448
|switch|p2a: Darkrai|Darkrai|100/100 par|[from] Volt Switch
|
|upkeep
|turn|29
|
|t:|1776163462
|move|p2a: Darkrai|Trick|p1a: Hydrapple
|-activate|p2a: Darkrai|move: Trick|[of] p1a: Hydrapple
|-item|p1a: Hydrapple|Choice Scarf|[from] move: Trick
|-item|p2a: Darkrai|Heavy-Duty Boots|[from] move: Trick
|move|p1a: Hydrapple|Giga Drain|p2a: Darkrai
|-damage|p2a: Darkrai|63/100 par
|-heal|p1a: Hydrapple|100/100|[from] drain|[of] p2a: Darkrai
|
|upkeep
|turn|30
|
|t:|1776163469
|switch|p2a: Zapdos|Zapdos|48/100
|move|p1a: Hydrapple|Giga Drain|p2a: Zapdos
|-resisted|p2a: Zapdos
|-damage|p2a: Zapdos|40/100
|
|upkeep
|turn|31
|
|t:|1776163478
|switch|p1a: Zapdos|Zapdos, shiny|3/100
|move|p2a: Zapdos|Hurricane|p1a: Zapdos
|-resisted|p1a: Zapdos
|-damage|p1a: Zapdos|0 fnt
|faint|p1a: Zapdos
|
|upkeep
|
|t:|1776163486
|switch|p1a: Hydrapple|Hydrapple, F, shiny|100/100
|turn|32
|
|t:|1776163489
|move|p2a: Zapdos|Volt Switch|p1a: Hydrapple
|-resisted|p1a: Hydrapple
|-damage|p1a: Hydrapple|93/100
|
|t:|1776163494
|switch|p2a: Darkrai|Darkrai|63/100 par|[from] Volt Switch
|move|p1a: Hydrapple|Fickle Beam|p2a: Darkrai
|-damage|p2a: Darkrai|19/100 par
|
|upkeep
|turn|33
|
|t:|1776163501
|cant|p2a: Darkrai|par
|move|p1a: Hydrapple|Fickle Beam|p2a: Darkrai|[anim] Fickle Beam All Out
|-activate|p1a: Hydrapple|move: Fickle Beam
|-damage|p2a: Darkrai|0 fnt
|faint|p2a: Darkrai
|
|upkeep
|
|t:|1776163504
|switch|p2a: Cinderace|Cinderace, M|57/100 par
|turn|34
|
|t:|1776163511
|move|p1a: Hydrapple|Fickle Beam|p2a: Cinderace|[anim] Fickle Beam All Out
|-activate|p1a: Hydrapple|move: Fickle Beam
|-damage|p2a: Cinderace|0 fnt
|faint|p2a: Cinderace
|
|upkeep
|
|t:|1776163514
|switch|p2a: Zapdos|Zapdos|40/100
|turn|35
|
|t:|1776163518
|move|p2a: Zapdos|Hurricane|p1a: Hydrapple
|-supereffective|p1a: Hydrapple
|-damage|p1a: Hydrapple|2/100
|-start|p1a: Hydrapple|confusion
|-activate|p1a: Hydrapple|confusion
|move|p1a: Hydrapple|Fickle Beam|p2a: Zapdos|[anim] Fickle Beam All Out
|-activate|p1a: Hydrapple|move: Fickle Beam
|-damage|p2a: Zapdos|10/100
|
|upkeep
|turn|36
|
|t:|1776163528
|move|p2a: Zapdos|Discharge|p1a: Hydrapple
|-resisted|p1a: Hydrapple
|-damage|p1a: Hydrapple|0 fnt
|faint|p1a: Hydrapple
|
|upkeep
|
|t:|1776163533
|switch|p1a: Iron Moth|Iron Moth|49/100
|turn|37
|
|t:|1776163535
|move|p1a: Iron Moth|Fiery Dance|p2a: Zapdos
|-damage|p2a: Zapdos|0 fnt
|-boost|p1a: Iron Moth|spa|1
|faint|p2a: Zapdos
|
|win|patchworrk
|raw|patchworrk's rating: 1215 &rarr; <strong>1241</strong><br />(+26 for winning)
|raw|metalsandy's rating: 1234 &rarr; <strong>1208</strong><br />(-26 for losing)
|c|☆patchworrk|ggwp
|l|☆metalsandy
|player|p2|
