|html|<div class="broadcast-blue"><strong>[Gen 9] OU is currently suspecting Tera Blast! For information on how to participate check out the <a href="https://www.smogon.com/tools/suspects/view/200">suspect thread</a>.</strong></div>
|j|☆terablastdontbanit
|j|☆userhadbeentaken
|t:|1776271771
|gametype|singles
|player|p1|terablastdontbanit|1|
|player|p2|userhadbeentaken|unknown|
|gen|9
|tier|[Gen 9] OU
|rule|HP Percentage Mod: HP is shown in percentages
|rule|Endless Battle Clause: Forcing endless battles is banned
|rule|Species Clause: Limit one of each Pokémon
|rule|OHKO Clause: OHKO moves are banned
|rule|Evasion Items Clause: Evasion items are banned
|rule|Evasion Moves Clause: Evasion moves are banned
|rule|Evasion Abilities Clause: Evasion abilities are banned
|rule|Sleep Moves Clause: Sleep-inducing moves are banned
|clearpoke
|poke|p1|Darkrai|
|poke|p1|Zamazenta-*|
|poke|p1|Iron Treads|
|poke|p1|Ting-Lu|
|poke|p1|Gholdengo|
|poke|p1|Ogerpon-Wellspring, F|
|poke|p2|Iron Valiant|
|poke|p2|Kingambit, M|
|poke|p2|Darkrai|
|poke|p2|Ogerpon-Wellspring, F|
|poke|p2|Pecharunt|
|poke|p2|Iron Treads|
|teampreview
|inactive|Battle timer is ON: inactive players will automatically lose when time's up. (requested by userhadbeentaken)
|
|t:|1776271795
|teamsize|p1|6
|teamsize|p2|6
|start
|switch|p1a: Ogerpon|Ogerpon-Wellspring, F|100/100
|switch|p2a: Darkrai|Darkrai|100/100
|turn|1
|inactive|terablastdontbanit has 270 seconds left.
|inactive|terablastdontbanit has 240 seconds left.
|
|t:|1776271861
|switch|p2a: Iron Treads|Iron Treads|100/100
|-enditem|p2a: Iron Treads|Booster Energy
|-activate|p2a: Iron Treads|ability: Quark Drive|[fromitem]
|-start|p2a: Iron Treads|quarkdrivespe
|move|p1a: Ogerpon|Ivy Cudgel|p2a: Iron Treads|[anim] Ivy Cudgel Water
|-supereffective|p2a: Iron Treads
|-damage|p2a: Iron Treads|0 fnt
|faint|p2a: Iron Treads
|-end|p2a: Iron Treads|Quark Drive|[silent]
|
|upkeep
|inactive|userhadbeentaken has 270 seconds left.
|c|☆userhadbeentaken|..
|
|t:|1776271880
|switch|p2a: Pecharunt|Pecharunt|100/100
|turn|2
|inactive|terablastdontbanit has 240 seconds left.
|
|t:|1776271893
|switch|p1a: Iron Treads|Iron Treads|100/100
|move|p2a: Pecharunt|Malignant Chain|p1a: Iron Treads
|-immune|p1a: Iron Treads
|
|upkeep
|turn|3
|inactive|terablastdontbanit has 240 seconds left.
|inactive|userhadbeentaken has 270 seconds left.
|
|t:|1776271909
|switch|p2a: Iron Valiant|Iron Valiant|100/100
|-enditem|p2a: Iron Valiant|Booster Energy
|-activate|p2a: Iron Valiant|ability: Quark Drive|[fromitem]
|-start|p2a: Iron Valiant|quarkdrivespe
|move|p1a: Iron Treads|Knock Off|p2a: Iron Valiant
|-resisted|p2a: Iron Valiant
|-damage|p2a: Iron Valiant|94/100
|
|upkeep
|turn|4
|inactive|terablastdontbanit has 240 seconds left.
|
|t:|1776271923
|move|p2a: Iron Valiant|Calm Mind|p2a: Iron Valiant
|-boost|p2a: Iron Valiant|spa|1
|-boost|p2a: Iron Valiant|spd|1
|move|p1a: Iron Treads|Earthquake|p2a: Iron Valiant
|-damage|p2a: Iron Valiant|35/100
|
|upkeep
|turn|5
|
|t:|1776271930
|move|p2a: Iron Valiant|Close Combat|p1a: Iron Treads
|-supereffective|p1a: Iron Treads
|-damage|p1a: Iron Treads|12/100
|-unboost|p2a: Iron Valiant|def|1
|-unboost|p2a: Iron Valiant|spd|1
|move|p1a: Iron Treads|Earthquake|p2a: Iron Valiant
|-damage|p2a: Iron Valiant|0 fnt
|faint|p2a: Iron Valiant
|-end|p2a: Iron Valiant|Quark Drive|[silent]
|
|-heal|p1a: Iron Treads|18/100|[from] item: Leftovers
|upkeep
|
|t:|1776271943
|switch|p2a: Ogerpon|Ogerpon-Wellspring, F|100/100
|turn|6
|l|☆terablastdontbanit
|inactive|terablastdontbanit disconnected and has 300 seconds to reconnect!
|player|p1|
|j|☆terablastdontbanit
|inactive|terablastdontbanit reconnected and has 260 seconds left.
|player|p1|terablastdontbanit|1|
|inactive|userhadbeentaken has 270 seconds left.
|
|t:|1776271962
|move|p2a: Ogerpon|Power Whip|p1a: Iron Treads
|-damage|p1a: Iron Treads|0 fnt
|faint|p1a: Iron Treads
|-end|p1a: Iron Treads|Quark Drive|[silent]
|
|upkeep
|
|t:|1776271971
|switch|p1a: Darkrai|Darkrai|100/100
|turn|7
|inactive|terablastdontbanit has 240 seconds left.
|
|t:|1776271996
|-terastallize|p2a: Ogerpon|Water
|detailschange|p2a: Ogerpon|Ogerpon-Wellspring-Tera, F, tera:Water
|-ability|p2a: Ogerpon|Embody Aspect (Wellspring)|boost
|-boost|p2a: Ogerpon|spd|1
|move|p1a: Darkrai|Sludge Bomb|p2a: Ogerpon
|-damage|p2a: Ogerpon|64/100
|move|p2a: Ogerpon|Play Rough|p1a: Darkrai
|-supereffective|p1a: Darkrai
|-damage|p1a: Darkrai|12/100
|
|upkeep
|turn|8
|inactive|terablastdontbanit has 240 seconds left.
|inactive|terablastdontbanit has 210 seconds left.
|
|t:|1776272039
|switch|p1a: Ting-Lu|Ting-Lu|100/100
|-ability|p1a: Ting-Lu|Vessel of Ruin
|move|p2a: Ogerpon|Ivy Cudgel|p1a: Ting-Lu|[anim] Ivy Cudgel Water
|-supereffective|p1a: Ting-Lu
|-crit|p1a: Ting-Lu
|-damage|p1a: Ting-Lu|0 fnt
|faint|p1a: Ting-Lu
|
|upkeep
|inactive|terablastdontbanit has 210 seconds left.
|inactive|terablastdontbanit has 180 seconds left.
|
|t:|1776272077
|switch|p1a: Zamazenta|Zamazenta|100/100
|-ability|p1a: Zamazenta|Dauntless Shield|boost
|-boost|p1a: Zamazenta|def|1
|turn|9
|
|t:|1776272084
|move|p1a: Zamazenta|Close Combat|p2a: Ogerpon
|-damage|p2a: Ogerpon|0 fnt
|-unboost|p1a: Zamazenta|def|1
|-unboost|p1a: Zamazenta|spd|1
|faint|p2a: Ogerpon
|detailschange|p2: Ogerpon|Ogerpon-Wellspring, F|[silent]
|-damage|p1a: Zamazenta|91/100|[from] item: Life Orb
|
|upkeep
|
|t:|1776272090
|switch|p2a: Pecharunt|Pecharunt|100/100
|turn|10
|l|☆terablastdontbanit
|inactive|terablastdontbanit disconnected and has 290 seconds to reconnect!
|player|p1|
|j|☆terablastdontbanit
|inactive|terablastdontbanit reconnected and has 200 seconds left.
|player|p1|terablastdontbanit|1|
|
|t:|1776272115
|switch|p1a: Gholdengo|Gholdengo|100/100
|move|p2a: Pecharunt|Malignant Chain|p1a: Gholdengo
|-immune|p1a: Gholdengo
|
|upkeep
|turn|11
|inactive|terablastdontbanit has 180 seconds left.
|
|t:|1776272138
|move|p2a: Pecharunt|Parting Shot|p1a: Gholdengo
|-immune|p1a: Gholdengo|[from] ability: Good as Gold
|move|p1a: Gholdengo|Nasty Plot|p1a: Gholdengo
|-boost|p1a: Gholdengo|spa|2
|
|upkeep
|turn|12
|
|t:|1776272148
|switch|p2a: Kingambit|Kingambit, M|100/100
|-activate|p2a: Kingambit|ability: Supreme Overlord
|-start|p2a: Kingambit|fallen3|[silent]
|move|p1a: Gholdengo|Shadow Ball|p2a: Kingambit
|-resisted|p2a: Kingambit
|-damage|p2a: Kingambit|54/100
|
|-heal|p2a: Kingambit|60/100|[from] item: Leftovers
|upkeep
|turn|13
|inactive|terablastdontbanit has 180 seconds left.
|
|t:|1776272180
|move|p1a: Gholdengo|Shadow Ball|p2a: Kingambit
|-resisted|p2a: Kingambit
|-damage|p2a: Kingambit|9/100
|move|p2a: Kingambit|Swords Dance|p2a: Kingambit
|-boost|p2a: Kingambit|atk|2
|
|-heal|p2a: Kingambit|15/100|[from] item: Leftovers
|upkeep
|turn|14
|inactive|terablastdontbanit has 150 seconds left.
|inactive|terablastdontbanit has 120 seconds left.
|
|t:|1776272239
|-terastallize|p1a: Gholdengo|Fighting
|move|p2a: Kingambit|Sucker Punch|p1a: Gholdengo
|-resisted|p1a: Gholdengo
|-damage|p1a: Gholdengo|48/100
|move|p1a: Gholdengo|Shadow Ball|p2a: Kingambit
|-resisted|p2a: Kingambit
|-damage|p2a: Kingambit|0 fnt
|faint|p2a: Kingambit
|-end|p2a: Kingambit|fallen3|[silent]
|
|upkeep
|
|t:|1776272249
|switch|p2a: Darkrai|Darkrai|100/100
|turn|15
|
|t:|1776272254
|move|p2a: Darkrai|Ice Beam|p1a: Gholdengo
|-damage|p1a: Gholdengo|10/100
|-status|p1a: Gholdengo|frz
|cant|p1a: Gholdengo|frz
|
|upkeep
|turn|16
|
|t:|1776272270
|move|p2a: Darkrai|Nasty Plot|p2a: Darkrai
|-boost|p2a: Darkrai|spa|2
|cant|p1a: Gholdengo|frz
|
|upkeep
|turn|17
|
|t:|1776272280
|move|p2a: Darkrai|Dark Pulse|p1a: Gholdengo
|-resisted|p1a: Gholdengo
|-damage|p1a: Gholdengo|0 fnt
|faint|p1a: Gholdengo
|
|upkeep
|
|t:|1776272286
|switch|p1a: Darkrai|Darkrai|12/100
|turn|18
|
|t:|1776272299
|move|p2a: Darkrai|Sludge Bomb|p1a: Darkrai
|-damage|p1a: Darkrai|0 fnt
|faint|p1a: Darkrai
|
|upkeep
|
|t:|1776272308
|switch|p1a: Zamazenta|Zamazenta|91/100
|turn|19
|inactive|userhadbeentaken has 270 seconds left.
|
|t:|1776272338
|switch|p2a: Pecharunt|Pecharunt|100/100
|move|p1a: Zamazenta|Close Combat|p2a: Pecharunt
|-immune|p2a: Pecharunt
|
|upkeep
|turn|20
|inactive|terablastdontbanit has 150 seconds left.
|
|t:|1776272356
|move|p1a: Zamazenta|Crunch|p2a: Pecharunt
|-supereffective|p2a: Pecharunt
|-damage|p2a: Pecharunt|60/100
|-damage|p1a: Zamazenta|81/100|[from] item: Life Orb
|move|p2a: Pecharunt|Malignant Chain|p1a: Zamazenta
|-damage|p1a: Zamazenta|50/100
|-status|p1a: Zamazenta|tox
|-start|p1a: Zamazenta|confusion|[from] ability: Poison Puppeteer|[of] p2a: Pecharunt
|
|-damage|p1a: Zamazenta|44/100 tox|[from] psn
|upkeep
|turn|21
|inactive|userhadbeentaken has 270 seconds left.
|
|t:|1776272380
|switch|p1a: Ogerpon|Ogerpon-Wellspring, F|100/100
|move|p2a: Pecharunt|Recover|p2a: Pecharunt
|-heal|p2a: Pecharunt|100/100
|
|upkeep
|turn|22
|inactive|terablastdontbanit has 150 seconds left.
|
|t:|1776272386
|move|p1a: Ogerpon|Swords Dance|p1a: Ogerpon
|-boost|p1a: Ogerpon|atk|2
|move|p2a: Pecharunt|Malignant Chain|p1a: Ogerpon
|-supereffective|p1a: Ogerpon
|-damage|p1a: Ogerpon|26/100
|-status|p1a: Ogerpon|tox
|-start|p1a: Ogerpon|confusion|[from] ability: Poison Puppeteer|[of] p2a: Pecharunt
|
|-damage|p1a: Ogerpon|20/100 tox|[from] psn
|upkeep
|turn|23
|inactive|userhadbeentaken has 270 seconds left.
|
|t:|1776272404
|-activate|p1a: Ogerpon|confusion
|move|p1a: Ogerpon|Ivy Cudgel|p2a: Pecharunt|[anim] Ivy Cudgel Water
|-damage|p2a: Pecharunt|35/100
|move|p2a: Pecharunt|Recover|p2a: Pecharunt
|-heal|p2a: Pecharunt|85/100
|
|-damage|p1a: Ogerpon|8/100 tox|[from] psn
|upkeep
|turn|24
|
|t:|1776272415
|-end|p1a: Ogerpon|confusion
|move|p1a: Ogerpon|Ivy Cudgel|p2a: Pecharunt|[anim] Ivy Cudgel Water
|-damage|p2a: Pecharunt|17/100
|move|p2a: Pecharunt|Recover|p2a: Pecharunt
|-heal|p2a: Pecharunt|67/100
|
|-damage|p1a: Ogerpon|0 fnt|[from] psn
|faint|p1a: Ogerpon
|upkeep
|
|t:|1776272422
|switch|p1a: Zamazenta|Zamazenta|44/100 tox
|turn|25
|
|t:|1776272431
|move|p1a: Zamazenta|Crunch|p2a: Pecharunt
|-supereffective|p2a: Pecharunt
|-damage|p2a: Pecharunt|25/100
|-damage|p1a: Zamazenta|34/100 tox|[from] item: Life Orb
|move|p2a: Pecharunt|Recover|p2a: Pecharunt
|-heal|p2a: Pecharunt|75/100
|
|-damage|p1a: Zamazenta|28/100 tox|[from] psn
|upkeep
|turn|26
|
|t:|1776272450
|move|p1a: Zamazenta|Crunch|p2a: Pecharunt
|-supereffective|p2a: Pecharunt
|-damage|p2a: Pecharunt|35/100
|-damage|p1a: Zamazenta|18/100 tox|[from] item: Life Orb
|move|p2a: Pecharunt|Malignant Chain|p1a: Zamazenta
|-damage|p1a: Zamazenta|0 fnt
|faint|p1a: Zamazenta
|
|win|userhadbeentaken
|l|☆terablastdontbanit
|player|p1|
