|html|<div class="broadcast-blue"><strong>[Gen 9] OU is currently suspecting Tera Blast! For information on how to participate check out the <a href="https://www.smogon.com/tools/suspects/view/200">suspect thread</a>.</strong></div>
|j|☆Idennn
|j|☆DcBaker
|t:|1776136561
|gametype|singles
|player|p1|Idennn|rosa|1335
|player|p2|DcBaker|pokemonrangerf|1274
|gen|9
|tier|[Gen 9] OU
|rated|
|rule|HP Percentage Mod: HP is shown in percentages
|rule|Endless Battle Clause: Forcing endless battles is banned
|rule|Species Clause: Limit one of each Pokémon
|rule|OHKO Clause: OHKO moves are banned
|rule|Evasion Items Clause: Evasion items are banned
|rule|Evasion Moves Clause: Evasion moves are banned
|rule|Evasion Abilities Clause: Evasion abilities are banned
|rule|Sleep Moves Clause: Sleep-inducing moves are banned
|clearpoke
|poke|p1|Zapdos|
|poke|p1|Great Tusk|
|poke|p1|Gholdengo|
|poke|p1|Heatran, M|
|poke|p1|Greninja-*, M|
|poke|p1|Milotic, M|
|poke|p2|Deoxys-Speed|
|poke|p2|Ceruledge, M|
|poke|p2|Zamazenta-*|
|poke|p2|Ogerpon-Wellspring, F|
|poke|p2|Glimmora, M|
|poke|p2|Moltres-Galar|
|teampreview
|inactive|Battle timer is ON: inactive players will automatically lose when time's up. (requested by DcBaker)
|
|t:|1776136574
|teamsize|p1|6
|teamsize|p2|6
|start
|switch|p1a: Milotic|Milotic, M, shiny|100/100
|switch|p2a: gimmie|Glimmora, M|100/100
|turn|1
|
|t:|1776136584
|switch|p2a: 1/151|Ogerpon-Wellspring, F|100/100
|move|p1a: Milotic|Ice Beam|p2a: 1/151
|-damage|p2a: 1/151|71/100
|
|-status|p1a: Milotic|brn|[from] item: Flame Orb
|upkeep
|turn|2
|
|t:|1776136593
|switch|p1a: Two|Zapdos|100/100
|move|p2a: 1/151|Swords Dance|p2a: 1/151
|-boost|p2a: 1/151|atk|2
|
|upkeep
|turn|3
|
|t:|1776136601
|move|p2a: 1/151|Ivy Cudgel|p1a: Two|[anim] Ivy Cudgel Water
|-damage|p1a: Two|6/100
|move|p1a: Two|Volt Switch|p2a: 1/151
|-damage|p2a: 1/151|37/100
|
|t:|1776136606
|switch|p1a: Goat|Greninja, M|100/100|[from] Volt Switch
|
|upkeep
|turn|4
|
|t:|1776136610
|move|p1a: Goat|Sludge Wave|p2a: 1/151
|-supereffective|p2a: 1/151
|-damage|p2a: 1/151|0 fnt
|faint|p2a: 1/151
|-ability|p1a: Goat|Battle Bond|boost
|-boost|p1a: Goat|atk|1
|-boost|p1a: Goat|spa|1
|-boost|p1a: Goat|spe|1
|-activate|p1a: Goat|ability: Battle Bond
|
|upkeep
|
|t:|1776136635
|switch|p2a: ZAHM|Zamazenta|100/100
|-ability|p2a: ZAHM|Dauntless Shield|boost
|-boost|p2a: ZAHM|def|1
|turn|5
|
|t:|1776136640
|-terastallize|p1a: Goat|Poison
|move|p1a: Goat|Sludge Wave|p2a: ZAHM
|-damage|p2a: ZAHM|13/100
|move|p2a: ZAHM|Body Press|p1a: Goat
|-resisted|p1a: Goat
|-damage|p1a: Goat|52/100
|
|-heal|p2a: ZAHM|19/100|[from] item: Leftovers
|upkeep
|turn|6
|
|t:|1776136646
|move|p1a: Goat|Sludge Wave|p2a: ZAHM
|-crit|p2a: ZAHM
|-damage|p2a: ZAHM|0 fnt
|faint|p2a: ZAHM
|
|upkeep
|
|t:|1776136650
|switch|p2a: mo|Moltres-Galar|100/100
|turn|7
|
|t:|1776136653
|move|p1a: Goat|Sludge Wave|p2a: mo
|-damage|p2a: mo|25/100
|-ability|p2a: mo|Berserk|boost
|-boost|p2a: mo|spa|1
|-enditem|p2a: mo|Sitrus Berry|[eat]
|-heal|p2a: mo|50/100|[from] item: Sitrus Berry
|move|p2a: mo|Fiery Wrath|p1a: Goat
|-damage|p1a: Goat|0 fnt
|faint|p1a: Goat
|
|upkeep
|
|t:|1776136661
|switch|p1a: lava forg|Heatran, M|100/100
|turn|8
|
|t:|1776136669
|move|p2a: mo|Nasty Plot|p2a: mo
|-boost|p2a: mo|spa|2
|move|p1a: lava forg|Magma Storm|p2a: mo
|-damage|p2a: mo|0 fnt
|faint|p2a: mo
|
|upkeep
|
|t:|1776136681
|switch|p2a: gimmie|Glimmora, M|100/100
|turn|9
|
|t:|1776136684
|switch|p1a: Two|Zapdos|6/100
|move|p2a: gimmie|Earth Power|p1a: Two
|-immune|p1a: Two
|
|upkeep
|turn|10
|
|t:|1776136696
|switch|p1a: Greater Tusk|Great Tusk, shiny|100/100
|move|p2a: gimmie|Mortal Spin|p1a: Greater Tusk
|-resisted|p1a: Greater Tusk
|-damage|p1a: Greater Tusk|98/100
|-status|p1a: Greater Tusk|psn
|
|-damage|p1a: Greater Tusk|86/100 psn|[from] psn
|upkeep
|turn|11
|
|t:|1776136707
|switch|p2a: DEO|Deoxys-Speed|100/100
|-ability|p2a: DEO|Pressure
|move|p1a: Greater Tusk|Knock Off|p2a: DEO
|-supereffective|p2a: DEO
|-damage|p2a: DEO|11/100
|-enditem|p2a: DEO|Light Clay|[from] move: Knock Off|[of] p1a: Greater Tusk
|
|-damage|p1a: Greater Tusk|73/100 psn|[from] psn
|upkeep
|turn|12
|
|t:|1776136714
|-end|p1a: Greater Tusk|Protosynthesis|[silent]
|switch|p1a: lava forg|Heatran, M|100/100
|move|p2a: DEO|Psycho Boost|p1a: lava forg
|-resisted|p1a: lava forg
|-damage|p1a: lava forg|88/100
|-unboost|p2a: DEO|spa|2
|
|upkeep
|turn|13
|
|t:|1776136721
|move|p2a: DEO|Taunt|p1a: lava forg
|-start|p1a: lava forg|move: Taunt
|move|p1a: lava forg|Flash Cannon|p2a: DEO
|-damage|p2a: DEO|0 fnt
|faint|p2a: DEO
|
|upkeep
|
|t:|1776136728
|switch|p2a: Sara|Ceruledge, M|100/100
|turn|14
|
|t:|1776136734
|move|p2a: Sara|Swords Dance|p2a: Sara
|-boost|p2a: Sara|atk|2
|move|p1a: lava forg|Earth Power|p2a: Sara
|-supereffective|p2a: Sara
|-damage|p2a: Sara|25/100
|
|upkeep
|turn|15
|
|t:|1776136740
|switch|p1a: Milotic|Milotic, M, shiny|100/100 brn
|move|p2a: Sara|Poltergeist|p1a: Milotic
|-activate|p1a: Milotic|move: Poltergeist|Flame Orb
|-damage|p1a: Milotic|0 fnt
|faint|p1a: Milotic
|-damage|p2a: Sara|16/100|[from] item: Life Orb
|
|upkeep
|
|t:|1776136744
|switch|p1a: Greater Tusk|Great Tusk, shiny|73/100 psn
|turn|16
|
|t:|1776136748
|move|p1a: Greater Tusk|Earthquake|p2a: Sara
|-supereffective|p2a: Sara
|-damage|p2a: Sara|0 fnt
|faint|p2a: Sara
|
|-damage|p1a: Greater Tusk|61/100 psn|[from] psn
|upkeep
|
|t:|1776136751
|switch|p2a: gimmie|Glimmora, M|100/100
|turn|17
|
|t:|1776136755
|-terastallize|p2a: gimmie|Ghost
|move|p1a: Greater Tusk|Earthquake|p2a: gimmie
|-damage|p2a: gimmie|38/100
|-activate|p2a: gimmie|ability: Toxic Debris
|-sidestart|p1: Idennn|move: Toxic Spikes
|move|p2a: gimmie|Meteor Beam||[still]
|-prepare|p2a: gimmie|Meteor Beam
|-boost|p2a: gimmie|spa|1
|-enditem|p2a: gimmie|Power Herb
|-anim|p2a: gimmie|Meteor Beam|p1a: Greater Tusk
|-resisted|p1a: Greater Tusk
|-damage|p1a: Greater Tusk|23/100 psn
|
|-damage|p1a: Greater Tusk|11/100 psn|[from] psn
|upkeep
|turn|18
|
|t:|1776136766
|move|p1a: Greater Tusk|Knock Off|p2a: gimmie
|-supereffective|p2a: gimmie
|-damage|p2a: gimmie|0 fnt
|-activate|p2a: gimmie|ability: Toxic Debris
|-sidestart|p1: Idennn|move: Toxic Spikes
|faint|p2a: gimmie
|
|win|Idennn
|raw|Idennn's rating: 1335 &rarr; <strong>1352</strong><br />(+17 for winning)
|raw|DcBaker's rating: 1274 &rarr; <strong>1253</strong><br />(-21 for losing)
