|html|<div class="broadcast-blue"><strong>[Gen 9] OU is currently suspecting Tera Blast! For information on how to participate check out the <a href="https://www.smogon.com/tools/suspects/view/200">suspect thread</a>.</strong></div>
|j|☆Angeboii
|j|☆Jules93
|t:|1776075922
|gametype|singles
|player|p1|Angeboii|pokekid|1108
|player|p2|Jules93|hilbert|1159
|gen|9
|tier|[Gen 9] OU
|rated|
|rule|HP Percentage Mod: HP is shown in percentages
|rule|Endless Battle Clause: Forcing endless battles is banned
|rule|Species Clause: Limit one of each Pokémon
|rule|OHKO Clause: OHKO moves are banned
|rule|Evasion Items Clause: Evasion items are banned
|rule|Evasion Moves Clause: Evasion moves are banned
|rule|Evasion Abilities Clause: Evasion abilities are banned
|rule|Sleep Moves Clause: Sleep-inducing moves are banned
|clearpoke
|poke|p1|Cinccino, M|
|poke|p1|Rhyperior, M|
|poke|p1|Weavile, M|
|poke|p1|Barraskewda, M|
|poke|p1|Dragapult, F|
|poke|p1|Donphan, M|
|poke|p2|Venusaur, F|
|poke|p2|Dragonite, M|
|poke|p2|Arcanine, F|
|poke|p2|Blastoise, M|
|poke|p2|Jolteon, M|
|poke|p2|Gengar, M|
|teampreview
|
|t:|1776075953
|teamsize|p1|6
|teamsize|p2|6
|start
|switch|p1a: Sleek Bob|Weavile, M|100/100
|switch|p2a: Blastoise|Blastoise, M|100/100
|-ability|p1a: Sleek Bob|Pressure
|turn|1
|
|t:|1776075972
|move|p1a: Sleek Bob|Throat Chop|p2a: Blastoise
|-damage|p2a: Blastoise|57/100
|-start|p2a: Blastoise|Throat Chop|[silent]
|move|p2a: Blastoise|Shell Smash|p2a: Blastoise
|-unboost|p2a: Blastoise|def|1
|-unboost|p2a: Blastoise|spd|1
|-boost|p2a: Blastoise|atk|2
|-boost|p2a: Blastoise|spa|2
|-boost|p2a: Blastoise|spe|2
|-enditem|p2a: Blastoise|White Herb
|-clearnegativeboost|p2a: Blastoise|[silent]
|
|upkeep
|turn|2
|
|t:|1776075995
|move|p2a: Blastoise|Aura Sphere|p1a: Sleek Bob
|-supereffective|p1a: Sleek Bob
|-enditem|p1a: Sleek Bob|Focus Sash
|-damage|p1a: Sleek Bob|1/100
|move|p1a: Sleek Bob|Poison Jab|p2a: Blastoise
|-damage|p2a: Blastoise|28/100
|-status|p2a: Blastoise|psn
|
|-damage|p2a: Blastoise|15/100 psn|[from] psn
|-end|p2a: Blastoise|Throat Chop|[silent]
|upkeep
|turn|3
|
|t:|1776076006
|move|p1a: Sleek Bob|Ice Shard|p2a: Blastoise
|-resisted|p2a: Blastoise
|-damage|p2a: Blastoise|4/100 psn
|move|p2a: Blastoise|Surf|p1a: Sleek Bob
|-damage|p1a: Sleek Bob|0 fnt
|faint|p1a: Sleek Bob
|
|-damage|p2a: Blastoise|0 fnt|[from] psn
|faint|p2a: Blastoise
|upkeep
|
|t:|1776076023
|switch|p1a: Strong Bob|Dragapult, F|100/100
|switch|p2a: Venusaur|Venusaur, F|100/100
|turn|4
|
|t:|1776076030
|move|p1a: Strong Bob|Psychic Fangs|p2a: Venusaur
|-supereffective|p2a: Venusaur
|-damage|p2a: Venusaur|9/100
|move|p2a: Venusaur|Knock Off|p1a: Strong Bob
|-supereffective|p1a: Strong Bob
|-damage|p1a: Strong Bob|41/100
|-enditem|p1a: Strong Bob|Choice Band|[from] move: Knock Off|[of] p2a: Venusaur
|
|-heal|p2a: Venusaur|15/100|[from] item: Leftovers
|upkeep
|turn|5
|
|t:|1776076040
|move|p1a: Strong Bob|Psychic Fangs|p2a: Venusaur
|-supereffective|p2a: Venusaur
|-damage|p2a: Venusaur|0 fnt
|faint|p2a: Venusaur
|
|upkeep
|
|t:|1776076051
|switch|p2a: Dragonite|Dragonite, M|100/100
|turn|6
|
|t:|1776076057
|-terastallize|p2a: Dragonite|Fairy
|move|p1a: Strong Bob|Dragon Darts|p2a: Dragonite
|-immune|p2a: Dragonite
|move|p2a: Dragonite|Outrage|p1a: Strong Bob
|-supereffective|p1a: Strong Bob
|-damage|p1a: Strong Bob|0 fnt
|faint|p1a: Strong Bob
|
|upkeep
|
|t:|1776076075
|switch|p1a: Questionable Bob|Donphan, M|100/100
|turn|7
|
|t:|1776076082
|move|p1a: Questionable Bob|Rapid Spin|p2a: Dragonite
|-damage|p2a: Dragonite|85/100
|-boost|p1a: Questionable Bob|spe|1
|move|p2a: Dragonite|Outrage|p1a: Questionable Bob|[from] lockedmove
|-damage|p1a: Questionable Bob|52/100
|-start|p2a: Dragonite|confusion|[fatigue]
|
|upkeep
|turn|8
|
|t:|1776076091
|move|p1a: Questionable Bob|Earthquake|p2a: Dragonite
|-damage|p2a: Dragonite|46/100
|-activate|p2a: Dragonite|confusion
|move|p2a: Dragonite|Outrage|p1a: Questionable Bob
|-damage|p1a: Questionable Bob|3/100
|-enditem|p1a: Questionable Bob|Liechi Berry|[eat]
|-boost|p1a: Questionable Bob|atk|1|[from] item: Liechi Berry
|
|upkeep
|turn|9
|
|t:|1776076101
|move|p1a: Questionable Bob|Endure|p1a: Questionable Bob
|-singleturn|p1a: Questionable Bob|move: Endure
|-activate|p2a: Dragonite|confusion
|move|p2a: Dragonite|Outrage|p1a: Questionable Bob|[from] lockedmove
|-activate|p1a: Questionable Bob|move: Endure
|-damage|p1a: Questionable Bob|1/100
|
|upkeep
|turn|10
|
|t:|1776076108
|-end|p2a: Dragonite|confusion
|move|p2a: Dragonite|Extreme Speed|p1a: Questionable Bob
|-damage|p1a: Questionable Bob|0 fnt
|faint|p1a: Questionable Bob
|
|upkeep
|
|t:|1776076121
|switch|p1a: Little Bob|Cinccino, M|100/100
|turn|11
|inactive|Battle timer is ON: inactive players will automatically lose when time's up. (requested by Angeboii)
|inactive|Jules93 has 120 seconds left.
|
|t:|1776076262
|-terastallize|p1a: Little Bob|Ghost
|move|p2a: Dragonite|Extreme Speed|p1a: Little Bob
|-immune|p1a: Little Bob
|move|p1a: Little Bob|Tail Slap|p2a: Dragonite
|-damage|p2a: Dragonite|32/100
|-damage|p2a: Dragonite|17/100
|-damage|p2a: Dragonite|4/100
|-damage|p2a: Dragonite|0 fnt
|faint|p2a: Dragonite
|-hitcount|p2: Dragonite|4
|
|upkeep
|
|t:|1776076275
|switch|p2a: Gengar|Gengar, M|100/100
|turn|12
|inactive|Angeboii has 120 seconds left.
|
|t:|1776076313
|move|p1a: Little Bob|Triple Axel|p2a: Gengar
|-damage|p2a: Gengar|83/100
|-damage|p2a: Gengar|49/100
|-start|p1a: Little Bob|Disable|Triple Axel|[from] ability: Cursed Body|[of] p2a: Gengar
|-damage|p2a: Gengar|0 fnt
|faint|p2a: Gengar
|-hitcount|p2: Gengar|3
|
|upkeep
|inactive|Jules93 has 120 seconds left.
|
|t:|1776076344
|switch|p2a: Arcanine|Arcanine, F|100/100
|turn|13
|inactive|Angeboii has 120 seconds left.
|
|t:|1776076355
|switch|p1a: Bob but hard|Rhyperior, M|100/100
|move|p2a: Arcanine|Flare Blitz|p1a: Bob but hard
|-resisted|p1a: Bob but hard
|-damage|p1a: Bob but hard|78/100
|-damage|p2a: Arcanine|92/100|[from] Recoil
|
|-heal|p2a: Arcanine|98/100|[from] item: Leftovers
|upkeep
|turn|14
|
|t:|1776076364
|move|p2a: Arcanine|Close Combat|p1a: Bob but hard
|-supereffective|p1a: Bob but hard
|-damage|p1a: Bob but hard|30/100
|-unboost|p2a: Arcanine|def|1
|-unboost|p2a: Arcanine|spd|1
|-enditem|p1a: Bob but hard|Weakness Policy
|-boost|p1a: Bob but hard|atk|2|[from] item: Weakness Policy
|-boost|p1a: Bob but hard|spa|2|[from] item: Weakness Policy
|move|p1a: Bob but hard|Rock Polish|p1a: Bob but hard
|-boost|p1a: Bob but hard|spe|2
|
|-heal|p2a: Arcanine|100/100|[from] item: Leftovers
|upkeep
|turn|15
|
|t:|1776076375
|move|p1a: Bob but hard|Earthquake|p2a: Arcanine
|-supereffective|p2a: Arcanine
|-damage|p2a: Arcanine|0 fnt
|faint|p2a: Arcanine
|
|upkeep
|
|t:|1776076380
|switch|p2a: Jolteon|Jolteon, M|100/100
|turn|16
|
|t:|1776076383
|move|p2a: Jolteon|Alluring Voice|p1a: Bob but hard
|-damage|p1a: Bob but hard|0 fnt
|faint|p1a: Bob but hard
|
|upkeep
|
|t:|1776076391
|switch|p1a: Speedy Bob|Barraskewda, M|100/100
|turn|17
|
|t:|1776076394
|move|p2a: Jolteon|Thunderbolt|p1a: Speedy Bob
|-supereffective|p1a: Speedy Bob
|-damage|p1a: Speedy Bob|0 fnt
|faint|p1a: Speedy Bob
|
|upkeep
|
|t:|1776076401
|switch|p1a: Little Bob|Cinccino, M, tera:Ghost|100/100
|turn|18
|
|t:|1776076409
|move|p2a: Jolteon|Thunder Wave|p1a: Little Bob
|-status|p1a: Little Bob|par
|move|p1a: Little Bob|Triple Axel|p2a: Jolteon
|-damage|p2a: Jolteon|83/100
|-damage|p2a: Jolteon|51/100
|-damage|p2a: Jolteon|7/100
|-hitcount|p2a: Jolteon|3
|
|upkeep
|turn|19
|
|t:|1776076422
|move|p2a: Jolteon|Thunderbolt|p1a: Little Bob
|-damage|p1a: Little Bob|21/100 par
|cant|p1a: Little Bob|par
|
|upkeep
|turn|20
|c|☆Angeboii|aw poo
|c|☆Angeboii|ggs
|
|t:|1776076442
|move|p2a: Jolteon|Thunderbolt|p1a: Little Bob
|-damage|p1a: Little Bob|0 fnt
|faint|p1a: Little Bob
|
|win|Jules93
|raw|Angeboii's rating: 1108 &rarr; <strong>1087</strong><br />(-21 for losing)
|raw|Jules93's rating: 1159 &rarr; <strong>1180</strong><br />(+21 for winning)
|l|☆Angeboii
|player|p1|
|l|☆Jules93
|player|p2|
