|html|<div class="broadcast-blue"><strong>[Gen 9] OU is currently suspecting Tera Blast! For information on how to participate check out the <a href="https://www.smogon.com/tools/suspects/view/200">suspect thread</a>.</strong></div>
|j|☆kidanime3
|j|☆hansuohhh
|t:|1776138425
|gametype|singles
|player|p1|kidanime3|brock|1402
|player|p2|hansuohhh|rosa|1416
|gen|9
|tier|[Gen 9] OU
|rated|
|rule|HP Percentage Mod: HP is shown in percentages
|rule|Endless Battle Clause: Forcing endless battles is banned
|rule|Species Clause: Limit one of each Pokémon
|rule|OHKO Clause: OHKO moves are banned
|rule|Evasion Items Clause: Evasion items are banned
|rule|Evasion Moves Clause: Evasion moves are banned
|rule|Evasion Abilities Clause: Evasion abilities are banned
|rule|Sleep Moves Clause: Sleep-inducing moves are banned
|clearpoke
|poke|p1|Kingambit, M|
|poke|p1|Dragapult, M|
|poke|p1|Grimmsnarl, M|
|poke|p1|Ogerpon-Wellspring, F|
|poke|p1|Raging Bolt|
|poke|p1|Darkrai|
|poke|p2|Pelipper, M|
|poke|p2|Barraskewda, F|
|poke|p2|Zapdos|
|poke|p2|Corviknight, F|
|poke|p2|Clodsire, F|
|poke|p2|Incineroar, M|
|teampreview
|inactive|Battle timer is ON: inactive players will automatically lose when time's up. (requested by kidanime3)
|
|t:|1776138437
|teamsize|p1|6
|teamsize|p2|6
|start
|switch|p1a: Ogerpon|Ogerpon-Wellspring, F|100/100
|switch|p2a: Pelipper|Pelipper, M|100/100
|-weather|RainDance|[from] ability: Drizzle|[of] p2a: Pelipper
|turn|1
|
|t:|1776138449
|switch|p1a: Grimmsnarl|Grimmsnarl, M, shiny|100/100
|move|p2a: Pelipper|U-turn|p1a: Grimmsnarl
|-damage|p1a: Grimmsnarl|93/100
|
|t:|1776138455
|switch|p2a: Zapdos|Zapdos, shiny|100/100|[from] U-turn
|
|-weather|RainDance|[upkeep]
|upkeep
|turn|2
|
|t:|1776138464
|move|p1a: Grimmsnarl|Light Screen|p1a: Grimmsnarl
|-sidestart|p1: kidanime3|move: Light Screen
|move|p2a: Zapdos|Thunder|p1a: Grimmsnarl
|-damage|p1a: Grimmsnarl|66/100
|
|-weather|RainDance|[upkeep]
|upkeep
|turn|3
|
|t:|1776138472
|move|p1a: Grimmsnarl|Reflect|p1a: Grimmsnarl
|-sidestart|p1: kidanime3|Reflect
|move|p2a: Zapdos|Thunder|p1a: Grimmsnarl
|-damage|p1a: Grimmsnarl|41/100
|-status|p1a: Grimmsnarl|par
|
|-weather|RainDance|[upkeep]
|upkeep
|turn|4
|
|t:|1776138482
|switch|p1a: Raging Bolt|Raging Bolt|100/100
|-enditem|p1a: Raging Bolt|Booster Energy
|-activate|p1a: Raging Bolt|ability: Protosynthesis|[fromitem]
|-start|p1a: Raging Bolt|protosynthesisspa
|move|p2a: Zapdos|Hurricane|p1a: Raging Bolt
|-resisted|p1a: Raging Bolt
|-damage|p1a: Raging Bolt|88/100
|
|-weather|RainDance|[upkeep]
|upkeep
|turn|5
|
|t:|1776138490
|switch|p2a: Clodsire|Clodsire, F|100/100
|move|p1a: Raging Bolt|Calm Mind|p1a: Raging Bolt
|-boost|p1a: Raging Bolt|spa|1
|-boost|p1a: Raging Bolt|spd|1
|
|-weather|RainDance|[upkeep]
|upkeep
|turn|6
|
|t:|1776138499
|move|p1a: Raging Bolt|Dragon Pulse|p2a: Clodsire
|-damage|p2a: Clodsire|48/100
|move|p2a: Clodsire|Toxic|p1a: Raging Bolt
|-status|p1a: Raging Bolt|tox
|
|-weather|RainDance|[upkeep]
|-heal|p2a: Clodsire|54/100|[from] item: Leftovers
|-damage|p1a: Raging Bolt|82/100 tox|[from] psn
|upkeep
|turn|7
|
|t:|1776138506
|move|p1a: Raging Bolt|Dragon Pulse|p2a: Clodsire
|-damage|p2a: Clodsire|0 fnt
|faint|p2a: Clodsire
|
|-weather|RainDance|[upkeep]
|-damage|p1a: Raging Bolt|70/100 tox|[from] psn
|upkeep
|
|t:|1776138517
|switch|p2a: Incineroar|Incineroar, M, shiny|100/100
|-ability|p2a: Incineroar|Intimidate|boost
|-unboost|p1a: Raging Bolt|atk|1
|turn|8
|
|t:|1776138523
|move|p1a: Raging Bolt|Thunderbolt|p2a: Incineroar
|-damage|p2a: Incineroar|7/100
|move|p2a: Incineroar|Knock Off|p1a: Raging Bolt
|-damage|p1a: Raging Bolt|59/100 tox
|
|-weather|none
|-damage|p1a: Raging Bolt|40/100 tox|[from] psn
|upkeep
|turn|9
|
|t:|1776138536
|move|p1a: Raging Bolt|Dragon Pulse|p2a: Incineroar
|-damage|p2a: Incineroar|0 fnt
|faint|p2a: Incineroar
|
|-damage|p1a: Raging Bolt|16/100 tox|[from] psn
|-sideend|p1: kidanime3|move: Light Screen
|upkeep
|
|t:|1776138540
|switch|p2a: Barraskewda|Barraskewda, F|100/100
|turn|10
|
|t:|1776138548
|-terastallize|p2a: Barraskewda|Water
|move|p2a: Barraskewda|Aqua Jet|p1a: Raging Bolt
|-resisted|p1a: Raging Bolt
|-damage|p1a: Raging Bolt|6/100 tox
|move|p1a: Raging Bolt|Thunderclap||[still]
|-fail|p1a: Raging Bolt
|
|-damage|p1a: Raging Bolt|0 fnt|[from] psn
|faint|p1a: Raging Bolt
|-end|p1a: Raging Bolt|Protosynthesis|[silent]
|-sideend|p1: kidanime3|Reflect
|upkeep
|
|t:|1776138556
|switch|p1a: Ogerpon|Ogerpon-Wellspring, F|100/100
|turn|11
|
|t:|1776138559
|switch|p2a: Pelipper|Pelipper, M|100/100
|-weather|RainDance|[from] ability: Drizzle|[of] p2a: Pelipper
|move|p1a: Ogerpon|Swords Dance|p1a: Ogerpon
|-boost|p1a: Ogerpon|atk|2
|
|-weather|RainDance|[upkeep]
|upkeep
|turn|12
|
|t:|1776138584
|move|p1a: Ogerpon|Play Rough|p2a: Pelipper
|-damage|p2a: Pelipper|42/100
|move|p2a: Pelipper|Hurricane|p1a: Ogerpon
|-supereffective|p1a: Ogerpon
|-damage|p1a: Ogerpon|11/100
|
|-weather|RainDance|[upkeep]
|upkeep
|turn|13
|
|t:|1776138593
|switch|p2a: Corviknight|Corviknight, F, shiny|100/100
|-ability|p2a: Corviknight|Pressure
|move|p1a: Ogerpon|Horn Leech|p2a: Corviknight
|-resisted|p2a: Corviknight
|-damage|p2a: Corviknight|87/100
|-heal|p1a: Ogerpon|20/100|[from] drain|[of] p2a: Corviknight
|-damage|p1a: Ogerpon|3/100|[from] item: Rocky Helmet|[of] p2a: Corviknight
|
|-weather|RainDance|[upkeep]
|upkeep
|turn|14
|
|t:|1776138608
|move|p1a: Ogerpon|Ivy Cudgel|p2a: Corviknight|[anim] Ivy Cudgel Water
|-damage|p2a: Corviknight|0 fnt
|faint|p2a: Corviknight
|
|-weather|RainDance|[upkeep]
|upkeep
|
|t:|1776138617
|switch|p2a: Barraskewda|Barraskewda, F, tera:Water|100/100
|turn|15
|
|t:|1776138622
|move|p2a: Barraskewda|Close Combat|p1a: Ogerpon
|-damage|p1a: Ogerpon|0 fnt
|-unboost|p2a: Barraskewda|def|1
|-unboost|p2a: Barraskewda|spd|1
|faint|p1a: Ogerpon
|
|-weather|RainDance|[upkeep]
|upkeep
|
|t:|1776138632
|switch|p1a: Grimmsnarl|Grimmsnarl, M, shiny|41/100 par
|turn|16
|
|t:|1776138636
|switch|p2a: Zapdos|Zapdos, shiny|100/100
|move|p1a: Grimmsnarl|Reflect|p1a: Grimmsnarl
|-sidestart|p1: kidanime3|Reflect
|
|-weather|RainDance|[upkeep]
|upkeep
|turn|17
|
|t:|1776138644
|cant|p1a: Grimmsnarl|par
|move|p2a: Zapdos|Thunder|p1a: Grimmsnarl
|-crit|p1a: Grimmsnarl
|-damage|p1a: Grimmsnarl|0 fnt
|faint|p1a: Grimmsnarl
|
|-weather|RainDance|[upkeep]
|upkeep
|
|t:|1776138653
|switch|p1a: Dragapult|Dragapult, M|100/100
|turn|18
|
|t:|1776138659
|move|p1a: Dragapult|Dragon Dance|p1a: Dragapult
|-boost|p1a: Dragapult|atk|1
|-boost|p1a: Dragapult|spe|1
|move|p2a: Zapdos|Hurricane|p1a: Dragapult
|-damage|p1a: Dragapult|8/100
|-start|p1a: Dragapult|confusion
|
|-weather|none
|upkeep
|turn|19
|
|t:|1776138669
|-activate|p1a: Dragapult|confusion
|move|p1a: Dragapult|Dragon Darts|p2a: Zapdos
|-damage|p2a: Zapdos|54/100
|-anim|p1a: Dragapult|Dragon Darts|p2a: Zapdos
|-damage|p2a: Zapdos|5/100
|-damage|p1a: Dragapult|0 fnt|[from] item: Life Orb
|faint|p1a: Dragapult
|move|p2a: Zapdos|Volt Switch|p1: Dragapult|[notarget]
|-fail|p2a: Zapdos
|
|upkeep
|
|t:|1776138679
|switch|p1a: Darkrai|Darkrai|100/100
|turn|20
|
|t:|1776138691
|switch|p2a: Pelipper|Pelipper, M|42/100
|-weather|RainDance|[from] ability: Drizzle|[of] p2a: Pelipper
|move|p1a: Darkrai|Dark Pulse|p2a: Pelipper
|-damage|p2a: Pelipper|0 fnt
|faint|p2a: Pelipper
|
|-weather|RainDance|[upkeep]
|upkeep
|
|t:|1776138697
|switch|p2a: Barraskewda|Barraskewda, F, tera:Water|100/100
|turn|21
|
|t:|1776138706
|-terastallize|p1a: Darkrai|Fairy
|move|p2a: Barraskewda|Close Combat|p1a: Darkrai
|-resisted|p1a: Darkrai
|-damage|p1a: Darkrai|77/100
|-unboost|p2a: Barraskewda|def|1
|-unboost|p2a: Barraskewda|spd|1
|move|p1a: Darkrai|Dark Pulse|p2a: Barraskewda
|-damage|p2a: Barraskewda|0 fnt
|faint|p2a: Barraskewda
|
|-weather|RainDance|[upkeep]
|upkeep
|-message|hansuohhh forfeited.
|
|win|kidanime3
|raw|kidanime3's rating: 1402 &rarr; <strong>1423</strong><br />(+21 for winning)
|raw|hansuohhh's rating: 1416 &rarr; <strong>1395</strong><br />(-21 for losing)
|l|☆hansuohhh
|player|p2|
|c|☆kidanime3|Gg
