|html|<div class="broadcast-blue"><strong>[Gen 9] OU is currently suspecting Volcarona! For information on how to participate check out the <a href="https://www.smogon.com/tools/suspects/view/208">suspect thread</a>.</strong></div>
|j|☆Auburn Hills
|j|☆Rj yoip
|t:|1778507038
|gametype|singles
|player|p1|Auburn Hills|alder|1843
|player|p2|Rj yoip|caitlin-masters|1776
|gen|9
|tier|[Gen 9] OU
|rated|
|rule|HP Percentage Mod: HP is shown in percentages
|rule|Endless Battle Clause: Forcing endless battles is banned
|rule|Species Clause: Limit one of each Pokémon
|rule|OHKO Clause: OHKO moves are banned
|rule|Evasion Items Clause: Evasion items are banned
|rule|Evasion Moves Clause: Evasion moves are banned
|rule|Evasion Abilities Clause: Evasion abilities are banned
|rule|Sleep Moves Clause: Sleep-inducing moves are banned
|clearpoke
|poke|p1|Iron Moth|
|poke|p1|Umbreon, F|
|poke|p1|Garchomp, F|
|poke|p1|Glimmora, F|
|poke|p1|Gholdengo|
|poke|p1|Dragonite, F|
|poke|p2|Iron Treads|
|poke|p2|Landorus-Therian, M|
|poke|p2|Iron Valiant|
|poke|p2|Kingambit, M|
|poke|p2|Zamazenta-*|
|poke|p2|Primarina, F|
|teampreview
|inactive|Battle timer is ON: inactive players will automatically lose when time's up. (requested by Auburn Hills)
|
|t:|1778507077
|teamsize|p1|6
|teamsize|p2|6
|start
|switch|p1a: Julia Jacklin|Glimmora, F|100/100
|switch|p2a: Landorus|Landorus-Therian, M|100/100
|-ability|p2a: Landorus|Intimidate|boost
|-unboost|p1a: Julia Jacklin|atk|1
|turn|1
|
|t:|1778507081
|switch|p1a: Elucid|Dragonite, F|100/100
|move|p2a: Landorus|Earth Power|p1a: Elucid
|-immune|p1a: Elucid
|
|upkeep
|turn|2
|
|t:|1778507083
|move|p1a: Elucid|Ice Spinner|p2a: Landorus
|-supereffective|p2a: Landorus
|-damage|p2a: Landorus|3/100
|-damage|p1a: Elucid|84/100|[from] item: Rocky Helmet|[of] p2a: Landorus
|move|p2a: Landorus|Stealth Rock|p1a: Elucid
|-sidestart|p1: Auburn Hills|move: Stealth Rock
|
|upkeep
|turn|3
|j| isaac_gam3r
|
|t:|1778507087
|move|p1a: Elucid|Dragon Dance|p1a: Elucid
|-boost|p1a: Elucid|atk|1
|-boost|p1a: Elucid|spe|1
|move|p2a: Landorus|U-turn|p1a: Elucid
|-resisted|p1a: Elucid
|-damage|p1a: Elucid|73/100
|
|t:|1778507089
|switch|p2a: Iron Treads|Iron Treads|100/100|[from] U-turn
|-enditem|p2a: Iron Treads|Booster Energy
|-activate|p2a: Iron Treads|ability: Quark Drive|[fromitem]
|-start|p2a: Iron Treads|quarkdrivespe
|
|upkeep
|turn|4
|
|t:|1778507093
|-terastallize|p1a: Elucid|Normal
|move|p2a: Iron Treads|Ice Spinner|p1a: Elucid
|-damage|p1a: Elucid|45/100
|move|p1a: Elucid|Earthquake|p2a: Iron Treads
|-supereffective|p2a: Iron Treads
|-damage|p2a: Iron Treads|0 fnt
|faint|p2a: Iron Treads
|-end|p2a: Iron Treads|Quark Drive|[silent]
|
|upkeep
|
|t:|1778507097
|switch|p2a: Zamazenta|Zamazenta|100/100
|-ability|p2a: Zamazenta|Dauntless Shield|boost
|-boost|p2a: Zamazenta|def|1
|turn|5
|l| isaac_gam3r
|
|t:|1778507102
|switch|p1a: Smino|Gholdengo|100/100
|-damage|p1a: Smino|94/100|[from] Stealth Rock
|move|p2a: Zamazenta|Body Press|p1a: Smino
|-immune|p1a: Smino
|
|upkeep
|turn|6
|
|t:|1778507108
|switch|p2a: Landorus|Landorus-Therian, M|3/100
|-ability|p2a: Landorus|Intimidate|boost
|-unboost|p1a: Smino|atk|1
|move|p1a: Smino|Make It Rain|p2a: Landorus
|-damage|p2a: Landorus|0 fnt
|-unboost|p1a: Smino|spa|1
|faint|p2a: Landorus
|
|upkeep
|
|t:|1778507110
|switch|p2a: Kingambit|Kingambit, M|100/100
|-activate|p2a: Kingambit|ability: Supreme Overlord
|-start|p2a: Kingambit|fallen2|[silent]
|turn|7
|
|t:|1778507112
|switch|p1a: Julia Jacklin|Glimmora, F|100/100
|-damage|p1a: Julia Jacklin|88/100|[from] Stealth Rock
|-end|p2a: Kingambit|fallen2|[silent]
|switch|p2a: Iron Valiant|Iron Valiant|100/100
|
|upkeep
|turn|8
|
|t:|1778507115
|-end|p2a: Iron Valiant|Quark Drive|[silent]
|switch|p2a: Kingambit|Kingambit, M|100/100
|-activate|p2a: Kingambit|ability: Supreme Overlord
|-start|p2a: Kingambit|fallen2|[silent]
|move|p1a: Julia Jacklin|Sludge Wave|p2a: Kingambit
|-immune|p2a: Kingambit
|
|upkeep
|turn|9
|
|t:|1778507117
|move|p1a: Julia Jacklin|Earth Power|p2a: Kingambit
|-supereffective|p2a: Kingambit
|-damage|p2a: Kingambit|43/100
|move|p2a: Kingambit|Iron Head|p1a: Julia Jacklin
|-supereffective|p1a: Julia Jacklin
|-damage|p1a: Julia Jacklin|0 fnt
|-activate|p1a: Julia Jacklin|ability: Toxic Debris
|-sidestart|p2: Rj yoip|move: Toxic Spikes
|faint|p1a: Julia Jacklin
|
|-heal|p2a: Kingambit|49/100|[from] item: Leftovers
|upkeep
|
|t:|1778507121
|switch|p1a: Rat Tally|Garchomp, F|100/100
|-damage|p1a: Rat Tally|94/100|[from] Stealth Rock
|turn|10
|
|t:|1778507123
|-end|p2a: Kingambit|fallen2|[silent]
|switch|p2a: Iron Valiant|Iron Valiant|100/100
|-status|p2a: Iron Valiant|psn
|move|p1a: Rat Tally|Earthquake|p2a: Iron Valiant
|-damage|p2a: Iron Valiant|27/100 psn
|
|-damage|p2a: Iron Valiant|15/100 psn|[from] psn
|upkeep
|turn|11
|
|t:|1778507127
|switch|p1a: Smino|Gholdengo|94/100
|-damage|p1a: Smino|88/100|[from] Stealth Rock
|move|p2a: Iron Valiant|Knock Off|p1a: Smino
|-supereffective|p1a: Smino
|-damage|p1a: Smino|15/100
|-enditem|p1a: Smino|Choice Scarf|[from] move: Knock Off|[of] p2a: Iron Valiant
|
|-damage|p2a: Iron Valiant|3/100 psn|[from] psn
|upkeep
|turn|12
|
|t:|1778507129
|move|p2a: Iron Valiant|Knock Off|p1a: Smino
|-supereffective|p1a: Smino
|-damage|p1a: Smino|0 fnt
|faint|p1a: Smino
|
|-damage|p2a: Iron Valiant|0 fnt|[from] psn
|faint|p2a: Iron Valiant
|-end|p2a: Iron Valiant|Quark Drive|[silent]
|upkeep
|
|t:|1778507133
|switch|p2a: Primarina|Primarina, F|100/100
|switch|p1a: Alvvays|Umbreon, F|100/100
|-status|p2a: Primarina|psn
|-damage|p1a: Alvvays|88/100|[from] Stealth Rock
|turn|13
|
|t:|1778507135
|move|p2a: Primarina|Moonblast|p1a: Alvvays
|-supereffective|p1a: Alvvays
|-damage|p1a: Alvvays|30/100
|move|p1a: Alvvays|Wish|p1a: Alvvays
|
|-heal|p1a: Alvvays|36/100|[from] item: Leftovers
|-damage|p2a: Primarina|88/100 psn|[from] psn
|upkeep
|turn|14
|
|t:|1778507138
|move|p1a: Alvvays|Protect|p1a: Alvvays
|-singleturn|p1a: Alvvays|Protect
|move|p2a: Primarina|Moonblast|p1a: Alvvays
|-activate|p1a: Alvvays|move: Protect
|
|-heal|p1a: Alvvays|86/100|[from] move: Wish|[wisher] Alvvays
|-heal|p1a: Alvvays|92/100|[from] item: Leftovers
|-damage|p2a: Primarina|76/100 psn|[from] psn
|upkeep
|turn|15
|
|t:|1778507141
|move|p2a: Primarina|Moonblast|p1a: Alvvays
|-supereffective|p1a: Alvvays
|-damage|p1a: Alvvays|34/100
|-unboost|p1a: Alvvays|spa|1
|move|p1a: Alvvays|Wish|p1a: Alvvays
|
|-heal|p1a: Alvvays|40/100|[from] item: Leftovers
|-damage|p2a: Primarina|63/100 psn|[from] psn
|upkeep
|turn|16
|
|t:|1778507145
|switch|p2a: Kingambit|Kingambit, M|49/100
|-activate|p2a: Kingambit|ability: Supreme Overlord
|-start|p2a: Kingambit|fallen3|[silent]
|move|p1a: Alvvays|Protect||[still]
|-fail|p1a: Alvvays
|
|-heal|p1a: Alvvays|90/100|[from] move: Wish|[wisher] Alvvays
|-heal|p1a: Alvvays|96/100|[from] item: Leftovers
|-heal|p2a: Kingambit|55/100|[from] item: Leftovers
|upkeep
|turn|17
|
|t:|1778507149
|-end|p2a: Kingambit|fallen3|[silent]
|switch|p2a: Primarina|Primarina, F|63/100 psn
|move|p1a: Alvvays|Thunder Wave||[still]
|-fail|p1a: Alvvays
|
|-heal|p1a: Alvvays|100/100|[from] item: Leftovers
|-damage|p2a: Primarina|51/100 psn|[from] psn
|upkeep
|turn|18
|
|t:|1778507152
|move|p1a: Alvvays|Protect|p1a: Alvvays
|-singleturn|p1a: Alvvays|Protect
|move|p2a: Primarina|Moonblast|p1a: Alvvays
|-activate|p1a: Alvvays|move: Protect
|
|-damage|p2a: Primarina|38/100 psn|[from] psn
|upkeep
|turn|19
|
|t:|1778507154
|move|p2a: Primarina|Moonblast|p1a: Alvvays
|-supereffective|p1a: Alvvays
|-damage|p1a: Alvvays|50/100
|move|p1a: Alvvays|Wish|p1a: Alvvays
|
|-heal|p1a: Alvvays|56/100|[from] item: Leftovers
|-damage|p2a: Primarina|26/100 psn|[from] psn
|upkeep
|turn|20
|j| Puyu paz
|
|t:|1778507157
|move|p1a: Alvvays|Protect|p1a: Alvvays
|-singleturn|p1a: Alvvays|Protect
|move|p2a: Primarina|Psychic Noise|p1a: Alvvays
|-activate|p1a: Alvvays|move: Protect
|
|-heal|p1a: Alvvays|100/100|[from] move: Wish|[wisher] Alvvays
|-damage|p2a: Primarina|13/100 psn|[from] psn
|upkeep
|turn|21
|
|t:|1778507159
|move|p2a: Primarina|Moonblast|p1a: Alvvays
|-supereffective|p1a: Alvvays
|-damage|p1a: Alvvays|50/100
|move|p1a: Alvvays|Wish|p1a: Alvvays
|
|-heal|p1a: Alvvays|56/100|[from] item: Leftovers
|-damage|p2a: Primarina|1/100 psn|[from] psn
|upkeep
|turn|22
|
|t:|1778507162
|move|p1a: Alvvays|Protect|p1a: Alvvays
|-singleturn|p1a: Alvvays|Protect
|move|p2a: Primarina|Moonblast|p1a: Alvvays
|-activate|p1a: Alvvays|move: Protect
|
|-heal|p1a: Alvvays|100/100|[from] move: Wish|[wisher] Alvvays
|-damage|p2a: Primarina|0 fnt|[from] psn
|faint|p2a: Primarina
|upkeep
|
|t:|1778507164
|switch|p2a: Zamazenta|Zamazenta|100/100
|-status|p2a: Zamazenta|psn
|turn|23
|
|t:|1778507167
|move|p2a: Zamazenta|Iron Defense|p2a: Zamazenta
|-boost|p2a: Zamazenta|def|2
|move|p1a: Alvvays|Foul Play|p2a: Zamazenta
|-resisted|p2a: Zamazenta
|-damage|p2a: Zamazenta|94/100 psn
|
|-heal|p2a: Zamazenta|99/100 psn|[from] item: Leftovers
|-damage|p2a: Zamazenta|87/100 psn|[from] psn
|upkeep
|turn|24
|
|t:|1778507169
|move|p1a: Alvvays|Protect|p1a: Alvvays
|-singleturn|p1a: Alvvays|Protect
|move|p2a: Zamazenta|Iron Defense|p2a: Zamazenta
|-boost|p2a: Zamazenta|def|2
|
|-heal|p2a: Zamazenta|94/100 psn|[from] item: Leftovers
|-damage|p2a: Zamazenta|81/100 psn|[from] psn
|upkeep
|turn|25
|
|t:|1778507173
|switch|p1a: Elucid|Dragonite, F, tera:Normal|45/100
|move|p2a: Zamazenta|Body Press|p1a: Elucid
|-supereffective|p1a: Elucid
|-crit|p1a: Elucid
|-damage|p1a: Elucid|0 fnt
|faint|p1a: Elucid
|
|-heal|p2a: Zamazenta|87/100 psn|[from] item: Leftovers
|-damage|p2a: Zamazenta|75/100 psn|[from] psn
|upkeep
|
|t:|1778507178
|switch|p1a: Carly Rae|Iron Moth|100/100
|-damage|p1a: Carly Rae|76/100|[from] Stealth Rock
|-enditem|p1a: Carly Rae|Booster Energy
|-activate|p1a: Carly Rae|ability: Quark Drive|[fromitem]
|-start|p1a: Carly Rae|quarkdrivespe
|turn|26
|
|t:|1778507180
|move|p1a: Carly Rae|Dazzling Gleam|p2a: Zamazenta
|-supereffective|p2a: Zamazenta
|-damage|p2a: Zamazenta|29/100 psn
|move|p2a: Zamazenta|Roar|p1a: Carly Rae
|-end|p1a: Carly Rae|Quark Drive|[silent]
|drag|p1a: Alvvays|Umbreon, F|100/100
|-damage|p1a: Alvvays|88/100|[from] Stealth Rock
|
|-heal|p2a: Zamazenta|35/100 psn|[from] item: Leftovers
|-heal|p1a: Alvvays|94/100|[from] item: Leftovers
|-damage|p2a: Zamazenta|22/100 psn|[from] psn
|upkeep
|turn|27
|
|t:|1778507185
|move|p1a: Alvvays|Protect|p1a: Alvvays
|-singleturn|p1a: Alvvays|Protect
|move|p2a: Zamazenta|Body Press|p1a: Alvvays
|-activate|p1a: Alvvays|move: Protect
|
|-heal|p2a: Zamazenta|29/100 psn|[from] item: Leftovers
|-heal|p1a: Alvvays|99/100|[from] item: Leftovers
|-damage|p2a: Zamazenta|16/100 psn|[from] psn
|upkeep
|turn|28
|
|t:|1778507190
|switch|p1a: Carly Rae|Iron Moth|76/100
|-damage|p1a: Carly Rae|51/100|[from] Stealth Rock
|move|p2a: Zamazenta|Body Press|p1a: Carly Rae
|-resisted|p1a: Carly Rae
|-damage|p1a: Carly Rae|0 fnt
|faint|p1a: Carly Rae
|-end|p1a: Carly Rae|Quark Drive|[silent]
|
|-heal|p2a: Zamazenta|22/100 psn|[from] item: Leftovers
|-damage|p2a: Zamazenta|10/100 psn|[from] psn
|upkeep
|
|t:|1778507192
|switch|p1a: Alvvays|Umbreon, F|99/100
|-damage|p1a: Alvvays|88/100|[from] Stealth Rock
|turn|29
|
|t:|1778507194
|move|p1a: Alvvays|Protect|p1a: Alvvays
|-singleturn|p1a: Alvvays|Protect
|move|p2a: Zamazenta|Body Press|p1a: Alvvays
|-activate|p1a: Alvvays|move: Protect
|
|-heal|p2a: Zamazenta|16/100 psn|[from] item: Leftovers
|-heal|p1a: Alvvays|94/100|[from] item: Leftovers
|-damage|p2a: Zamazenta|4/100 psn|[from] psn
|upkeep
|turn|30
|
|t:|1778507198
|move|p2a: Zamazenta|Body Press|p1a: Alvvays
|-supereffective|p1a: Alvvays
|-damage|p1a: Alvvays|0 fnt
|faint|p1a: Alvvays
|
|-heal|p2a: Zamazenta|10/100 psn|[from] item: Leftovers
|-damage|p2a: Zamazenta|0 fnt|[from] psn
|faint|p2a: Zamazenta
|upkeep
|j| mad pantser
|
|t:|1778507200
|switch|p2a: Kingambit|Kingambit, M|55/100
|switch|p1a: Rat Tally|Garchomp, F|94/100
|-damage|p1a: Rat Tally|88/100|[from] Stealth Rock
|-activate|p2a: Kingambit|ability: Supreme Overlord
|-start|p2a: Kingambit|fallen5|[silent]
|turn|31
|
|t:|1778507203
|-terastallize|p2a: Kingambit|Ghost
|move|p1a: Rat Tally|Earthquake|p2a: Kingambit
|-damage|p2a: Kingambit|18/100
|move|p2a: Kingambit|Kowtow Cleave|p1a: Rat Tally
|-damage|p1a: Rat Tally|7/100
|-damage|p2a: Kingambit|6/100|[from] ability: Rough Skin|[of] p1a: Rat Tally
|
|-heal|p2a: Kingambit|12/100|[from] item: Leftovers
|upkeep
|turn|32
|
|t:|1778507207
|move|p2a: Kingambit|Sucker Punch||[still]
|-fail|p2a: Kingambit
|move|p1a: Rat Tally|Swords Dance|p1a: Rat Tally
|-boost|p1a: Rat Tally|atk|2
|
|-heal|p2a: Kingambit|18/100|[from] item: Leftovers
|upkeep
|turn|33
|
|t:|1778507209
|move|p2a: Kingambit|Sucker Punch||[still]
|-fail|p2a: Kingambit
|move|p1a: Rat Tally|Swords Dance|p1a: Rat Tally
|-boost|p1a: Rat Tally|atk|2
|
|-heal|p2a: Kingambit|24/100|[from] item: Leftovers
|upkeep
|turn|34
|
|t:|1778507210
|move|p2a: Kingambit|Sucker Punch||[still]
|-fail|p2a: Kingambit
|move|p1a: Rat Tally|Swords Dance|p1a: Rat Tally
|-boost|p1a: Rat Tally|atk|2
|
|-heal|p2a: Kingambit|30/100|[from] item: Leftovers
|upkeep
|turn|35
|
|t:|1778507212
|move|p2a: Kingambit|Sucker Punch||[still]
|-fail|p2a: Kingambit
|move|p1a: Rat Tally|Swords Dance|p1a: Rat Tally
|-boost|p1a: Rat Tally|atk|0
|
|-heal|p2a: Kingambit|36/100|[from] item: Leftovers
|upkeep
|turn|36
|
|t:|1778507215
|move|p1a: Rat Tally|Swords Dance|p1a: Rat Tally
|-boost|p1a: Rat Tally|atk|0
|move|p2a: Kingambit|Kowtow Cleave|p1a: Rat Tally
|-damage|p1a: Rat Tally|0 fnt
|-damage|p2a: Kingambit|24/100|[from] ability: Rough Skin|[of] p1a: Rat Tally
|faint|p1a: Rat Tally
|
|win|Rj yoip
|raw|Auburn Hills's rating: 1860 &rarr; <strong>1835</strong><br />(-25 for losing)
|raw|Rj yoip's rating: 1776 &rarr; <strong>1801</strong><br />(+25 for winning)
|l|☆Auburn Hills
|player|p1|
|l|☆Rj yoip
|player|p2|
|l| Puyu paz
