|html|<div class="broadcast-blue"><strong>[Gen 9] OU is currently suspecting Volcarona! For information on how to participate check out the <a href="https://www.smogon.com/tools/suspects/view/208">suspect thread</a>.</strong></div>
|j|☆zxrkawa
|j|☆thiccdug
|t:|1778497282
|gametype|singles
|player|p1|zxrkawa|elesa|1475
|player|p2|thiccdug|101|1476
|gen|9
|tier|[Gen 9] OU
|rated|
|rule|HP Percentage Mod: HP is shown in percentages
|rule|Endless Battle Clause: Forcing endless battles is banned
|rule|Species Clause: Limit one of each Pokémon
|rule|OHKO Clause: OHKO moves are banned
|rule|Evasion Items Clause: Evasion items are banned
|rule|Evasion Moves Clause: Evasion moves are banned
|rule|Evasion Abilities Clause: Evasion abilities are banned
|rule|Sleep Moves Clause: Sleep-inducing moves are banned
|clearpoke
|poke|p1|Meowscarada, F|
|poke|p1|Pecharunt|
|poke|p1|Enamorus, F|
|poke|p1|Iron Treads|
|poke|p1|Skarmory, F|
|poke|p1|Slowking, M|
|poke|p2|Indeedee, M|
|poke|p2|Deoxys-Speed|
|poke|p2|Quaquaval, M|
|poke|p2|Landorus-Therian, M|
|poke|p2|Armarouge, M|
|poke|p2|Hatterene, F|
|teampreview
|inactive|Battle timer is ON: inactive players will automatically lose when time's up. (requested by zxrkawa)
|
|t:|1778497300
|teamsize|p1|6
|teamsize|p2|6
|start
|switch|p1a: Iron Treads|Iron Treads|100/100
|switch|p2a: Landorus|Landorus-Therian, M|100/100
|-ability|p2a: Landorus|Intimidate|boost
|-unboost|p1a: Iron Treads|atk|1
|turn|1
|
|t:|1778497314
|-end|p1a: Iron Treads|Quark Drive|[silent]
|switch|p1a: Enamorus|Enamorus, F|100/100
|move|p2a: Landorus|Earthquake|p1a: Enamorus
|-immune|p1a: Enamorus
|
|upkeep
|turn|2
|
|t:|1778497320
|switch|p2a: Hatterene|Hatterene, F|100/100
|move|p1a: Enamorus|Moonblast|p2a: Hatterene
|-damage|p2a: Hatterene|61/100
|
|upkeep
|turn|3
|
|t:|1778497326
|move|p1a: Enamorus|Moonblast|p2a: Hatterene
|-damage|p2a: Hatterene|20/100
|move|p2a: Hatterene|Future Sight|p1a: Enamorus
|-start|p2a: Hatterene|move: Future Sight
|
|upkeep
|turn|4
|
|t:|1778497334
|move|p1a: Enamorus|Moonblast|p2a: Hatterene
|-damage|p2a: Hatterene|0 fnt
|faint|p2a: Hatterene
|
|upkeep
|
|t:|1778497338
|switch|p2a: Indeedee|Indeedee, M|100/100
|-fieldstart|move: Psychic Terrain|[from] ability: Psychic Surge|[of] p2a: Indeedee
|turn|5
|
|t:|1778497343
|switch|p1a: Slowking|Slowking, M|100/100
|move|p2a: Indeedee|Expanding Force|p1a: Slowking
|-resisted|p1a: Slowking
|-damage|p1a: Slowking|87/100
|
|-end|p1a: Slowking|move: Future Sight
|-resisted|p1a: Slowking
|-damage|p1a: Slowking|71/100
|upkeep
|turn|6
|
|t:|1778497355
|switch|p2a: Landorus|Landorus-Therian, M|100/100
|-ability|p2a: Landorus|Intimidate|boost
|-unboost|p1a: Slowking|atk|1
|move|p1a: Slowking|Future Sight|p2a: Landorus
|-start|p1a: Slowking|move: Future Sight
|
|upkeep
|turn|7
|
|t:|1778497362
|move|p2a: Landorus|U-turn|p1a: Slowking
|-supereffective|p1a: Slowking
|-damage|p1a: Slowking|25/100
|
|t:|1778497366
|switch|p2a: Quaquaval|Quaquaval, M|100/100|[from] U-turn
|move|p1a: Slowking|Scald|p2a: Quaquaval
|-resisted|p2a: Quaquaval
|-crit|p2a: Quaquaval
|-damage|p2a: Quaquaval|71/100
|
|upkeep
|turn|8
|
|t:|1778497378
|switch|p2a: Armarouge|Armarouge, M|100/100
|switch|p1a: Pecharunt|Pecharunt|100/100
|
|-end|p2a: Armarouge|move: Future Sight
|-resisted|p2a: Armarouge
|-damage|p2a: Armarouge|63/100
|upkeep
|turn|9
|
|t:|1778497386
|move|p1a: Pecharunt|Parting Shot|p2a: Armarouge
|-unboost|p2a: Armarouge|atk|1
|-unboost|p2a: Armarouge|spa|1
|
|t:|1778497391
|switch|p1a: Slowking|Slowking, M|59/100|[from] Parting Shot
|move|p2a: Armarouge|Expanding Force|p1a: Slowking
|-resisted|p1a: Slowking
|-damage|p1a: Slowking|45/100
|
|upkeep
|turn|10
|
|t:|1778497398
|switch|p2a: Deoxys|Deoxys-Speed|100/100
|-ability|p2a: Deoxys|Pressure
|move|p1a: Slowking|Scald|p2a: Deoxys
|-damage|p2a: Deoxys|52/100
|
|upkeep
|turn|11
|
|t:|1778497405
|switch|p1a: Iron Treads|Iron Treads|100/100
|move|p2a: Deoxys|Trick|p1a: Iron Treads
|-activate|p2a: Deoxys|move: Trick|[of] p1a: Iron Treads
|-item|p1a: Iron Treads|Choice Specs|[from] move: Trick
|-item|p2a: Deoxys|Leftovers|[from] move: Trick
|
|-heal|p2a: Deoxys|58/100|[from] item: Leftovers
|upkeep
|turn|12
|
|t:|1778497418
|move|p2a: Deoxys|Focus Blast|p1a: Iron Treads
|-supereffective|p1a: Iron Treads
|-damage|p1a: Iron Treads|44/100
|move|p1a: Iron Treads|Knock Off|p2a: Deoxys
|-supereffective|p2a: Deoxys
|-damage|p2a: Deoxys|0 fnt
|-enditem|p2a: Deoxys|Leftovers|[from] move: Knock Off|[of] p1a: Iron Treads
|faint|p2a: Deoxys
|
|-fieldend|move: Psychic Terrain
|upkeep
|
|t:|1778497422
|switch|p2a: Indeedee|Indeedee, M|100/100
|-fieldstart|move: Psychic Terrain|[from] ability: Psychic Surge|[of] p2a: Indeedee
|turn|13
|
|t:|1778497427
|switch|p2a: Landorus|Landorus-Therian, M|100/100
|-ability|p2a: Landorus|Intimidate|boost
|-unboost|p1a: Iron Treads|atk|1
|move|p1a: Iron Treads|Knock Off|p2a: Landorus
|-damage|p2a: Landorus|83/100
|-enditem|p2a: Landorus|Choice Scarf|[from] move: Knock Off|[of] p1a: Iron Treads
|
|upkeep
|turn|14
|
|t:|1778497440
|-end|p1a: Iron Treads|Quark Drive|[silent]
|switch|p1a: Enamorus|Enamorus, F|100/100
|move|p2a: Landorus|Stealth Rock|p1a: Enamorus
|-sidestart|p1: zxrkawa|move: Stealth Rock
|
|upkeep
|turn|15
|
|t:|1778497450
|move|p1a: Enamorus|Moonblast|p2a: Landorus
|-damage|p2a: Landorus|21/100
|move|p2a: Landorus|Taunt|p1a: Enamorus
|-start|p1a: Enamorus|move: Taunt
|
|upkeep
|turn|16
|
|t:|1778497454
|move|p1a: Enamorus|Moonblast|p2a: Landorus
|-damage|p2a: Landorus|0 fnt
|faint|p2a: Landorus
|
|upkeep
|
|t:|1778497461
|switch|p2a: Armarouge|Armarouge, M|63/100
|turn|17
|
|t:|1778497469
|switch|p1a: Slowking|Slowking, M|78/100
|-damage|p1a: Slowking|65/100|[from] Stealth Rock
|move|p2a: Armarouge|Expanding Force|p1a: Slowking
|-resisted|p1a: Slowking
|-damage|p1a: Slowking|44/100
|
|upkeep
|turn|18
|
|t:|1778497476
|move|p2a: Armarouge|Expanding Force|p1a: Slowking
|-resisted|p1a: Slowking
|-damage|p1a: Slowking|26/100
|move|p1a: Slowking|Scald|p2a: Armarouge
|-supereffective|p2a: Armarouge
|-damage|p2a: Armarouge|0 fnt
|faint|p2a: Armarouge
|
|upkeep
|-message|thiccdug forfeited.
|
|win|zxrkawa
|raw|zxrkawa's rating: 1475 &rarr; <strong>1495</strong><br />(+20 for winning)
|raw|thiccdug's rating: 1476 &rarr; <strong>1456</strong><br />(-20 for losing)
|l|☆thiccdug
|player|p2|
