|html|<div class="broadcast-blue"><strong>[Gen 9] OU is currently suspecting Tera Blast! For information on how to participate check out the <a href="https://www.smogon.com/tools/suspects/view/200">suspect thread</a>.</strong></div>
|j|☆EarlySasha
|j|☆fremsh39
|t:|1776044850
|gametype|singles
|player|p1|EarlySasha|unknown|1200
|player|p2|fremsh39|unknown|1179
|gen|9
|tier|[Gen 9] OU
|rated|
|rule|HP Percentage Mod: HP is shown in percentages
|rule|Endless Battle Clause: Forcing endless battles is banned
|rule|Species Clause: Limit one of each Pokémon
|rule|OHKO Clause: OHKO moves are banned
|rule|Evasion Items Clause: Evasion items are banned
|rule|Evasion Moves Clause: Evasion moves are banned
|rule|Evasion Abilities Clause: Evasion abilities are banned
|rule|Sleep Moves Clause: Sleep-inducing moves are banned
|clearpoke
|poke|p1|Great Tusk|
|poke|p1|Zapdos|
|poke|p1|Slowking-Galar, F|
|poke|p1|Dragapult, F|
|poke|p1|Ogerpon-Wellspring, F|
|poke|p1|Kingambit, F|
|poke|p2|Maushold|
|poke|p2|Tornadus-Therian, M|
|poke|p2|Toxapex, F|
|poke|p2|Slaking, M|
|poke|p2|Coalossal, F|
|poke|p2|Poliwrath, F|
|teampreview
|
|t:|1776044865
|teamsize|p1|6
|teamsize|p2|6
|start
|switch|p1a: Great Tusk|Great Tusk|100/100
|switch|p2a: Maushold|Maushold|100/100
|turn|1
|
|t:|1776044876
|move|p2a: Maushold|Tidy Up|p2a: Maushold
|-boost|p2a: Maushold|atk|1
|-boost|p2a: Maushold|spe|1
|move|p1a: Great Tusk|Knock Off|p2a: Maushold
|-damage|p2a: Maushold|54/100
|-enditem|p2a: Maushold|Wide Lens|[from] move: Knock Off|[of] p1a: Great Tusk
|
|upkeep
|turn|2
|
|t:|1776044883
|move|p2a: Maushold|Population Bomb|p1a: Great Tusk
|-damage|p1a: Great Tusk|91/100
|-hitcount|p1a: Great Tusk|1
|move|p1a: Great Tusk|Stealth Rock|p2a: Maushold
|-sidestart|p2: fremsh39|move: Stealth Rock
|
|-heal|p1a: Great Tusk|97/100|[from] item: Leftovers
|upkeep
|turn|3
|
|t:|1776044897
|-end|p1a: Great Tusk|Protosynthesis|[silent]
|switch|p1a: Zapdos|Zapdos|100/100
|move|p2a: Maushold|Encore||[still]
|-fail|p2a: Maushold
|
|upkeep
|turn|4
|
|t:|1776044904
|move|p2a: Maushold|Tidy Up|p2a: Maushold
|-sideend|p2: fremsh39|Stealth Rock
|-activate|p2a: Maushold|move: Tidy Up
|-boost|p2a: Maushold|atk|1
|-boost|p2a: Maushold|spe|1
|move|p1a: Zapdos|Discharge|p2a: Maushold
|-damage|p2a: Maushold|2/100
|
|upkeep
|turn|5
|
|t:|1776044912
|move|p2a: Maushold|Population Bomb|p1a: Zapdos
|-damage|p1a: Zapdos|85/100
|-crit|p1a: Zapdos
|-damage|p1a: Zapdos|61/100
|-damage|p1a: Zapdos|45/100
|-damage|p1a: Zapdos|29/100
|-damage|p1a: Zapdos|13/100
|-damage|p1a: Zapdos|0 fnt
|faint|p1a: Zapdos
|-hitcount|p1: Zapdos|6
|
|upkeep
|
|t:|1776044924
|switch|p1a: Dragapult|Dragapult, F|100/100
|turn|6
|
|t:|1776044943
|move|p2a: Maushold|Bite|p1a: Dragapult
|-supereffective|p1a: Dragapult
|-damage|p1a: Dragapult|0 fnt
|faint|p1a: Dragapult
|
|upkeep
|
|t:|1776044952
|switch|p1a: Kingambit|Kingambit, F|100/100
|-activate|p1a: Kingambit|ability: Supreme Overlord
|-start|p1a: Kingambit|fallen2|[silent]
|turn|7
|
|t:|1776044956
|move|p2a: Maushold|Encore||[still]
|-fail|p2a: Maushold
|move|p1a: Kingambit|Swords Dance|p1a: Kingambit
|-boost|p1a: Kingambit|atk|2
|
|upkeep
|turn|8
|
|t:|1776044964
|move|p2a: Maushold|Encore|p1a: Kingambit
|-start|p1a: Kingambit|Encore
|move|p1a: Kingambit|Swords Dance|p1a: Kingambit
|-boost|p1a: Kingambit|atk|2
|
|upkeep
|turn|9
|
|t:|1776044970
|move|p2a: Maushold|Population Bomb|p1a: Kingambit
|-resisted|p1a: Kingambit
|-damage|p1a: Kingambit|91/100
|-resisted|p1a: Kingambit
|-damage|p1a: Kingambit|81/100
|-resisted|p1a: Kingambit
|-damage|p1a: Kingambit|72/100
|-resisted|p1a: Kingambit
|-damage|p1a: Kingambit|63/100
|-resisted|p1a: Kingambit
|-damage|p1a: Kingambit|55/100
|-resisted|p1a: Kingambit
|-damage|p1a: Kingambit|46/100
|-resisted|p1a: Kingambit
|-damage|p1a: Kingambit|36/100
|-resisted|p1a: Kingambit
|-damage|p1a: Kingambit|28/100
|-resisted|p1a: Kingambit
|-damage|p1a: Kingambit|19/100
|-resisted|p1a: Kingambit
|-damage|p1a: Kingambit|10/100
|-hitcount|p1a: Kingambit|10
|move|p1a: Kingambit|Swords Dance|p1a: Kingambit
|-boost|p1a: Kingambit|atk|2
|
|upkeep
|turn|10
|
|t:|1776044992
|move|p2a: Maushold|Population Bomb|p1a: Kingambit
|-resisted|p1a: Kingambit
|-damage|p1a: Kingambit|1/100
|-resisted|p1a: Kingambit
|-damage|p1a: Kingambit|0 fnt
|faint|p1a: Kingambit
|-end|p1a: Kingambit|fallen2|[silent]
|-hitcount|p1: Kingambit|2
|
|upkeep
|
|t:|1776045002
|switch|p1a: Slowking|Slowking-Galar, F|100/100
|turn|11
|
|t:|1776045013
|move|p2a: Maushold|Population Bomb|p1a: Slowking|[miss]
|-miss|p2a: Maushold|p1a: Slowking
|move|p1a: Slowking|Sludge Bomb|p2a: Maushold
|-damage|p2a: Maushold|0 fnt
|faint|p2a: Maushold
|
|upkeep
|
|t:|1776045017
|switch|p2a: Slaking|Slaking, M|100/100
|turn|12
|
|t:|1776045042
|move|p2a: Slaking|Giga Impact|p1a: Slowking
|-damage|p1a: Slowking|6/100
|-mustrecharge|p2a: Slaking
|move|p1a: Slowking|Sludge Bomb|p2a: Slaking
|-damage|p2a: Slaking|51/100
|
|upkeep
|turn|13
|
|t:|1776045048
|cant|p2a: Slaking|recharge
|move|p1a: Slowking|Sludge Bomb|p2a: Slaking
|-damage|p2a: Slaking|2/100
|-status|p2a: Slaking|psn
|
|-damage|p2a: Slaking|0 fnt|[from] psn
|faint|p2a: Slaking
|upkeep
|
|t:|1776045057
|switch|p2a: Coalossal|Coalossal, F|100/100
|turn|14
|
|t:|1776045062
|switch|p1a: Ogerpon|Ogerpon-Wellspring, F|100/100
|move|p2a: Coalossal|Rapid Spin|p1a: Ogerpon
|-damage|p1a: Ogerpon|87/100
|-boost|p2a: Coalossal|spe|1
|
|upkeep
|turn|15
|
|t:|1776045070
|move|p1a: Ogerpon|Ivy Cudgel|p2a: Coalossal|[anim] Ivy Cudgel Water
|-supereffective|p2a: Coalossal
|-damage|p2a: Coalossal|0 fnt
|faint|p2a: Coalossal
|
|upkeep
|
|t:|1776045075
|switch|p2a: Toxapex|Toxapex, F|100/100
|turn|16
|l|☆fremsh39
|player|p2|
|inactive|Battle timer is ON: inactive players will automatically lose when time's up. (requested by EarlySasha)
|inactive|fremsh39 has 30 seconds to reconnect!
|inactive|fremsh39 has 20 seconds to reconnect!
|inactive|fremsh39 has 15 seconds to reconnect!
|inactive|fremsh39 has 10 seconds to reconnect!
|inactive|fremsh39 has 5 seconds to reconnect!
|-message|fremsh39 lost due to inactivity.
|
|win|EarlySasha
|raw|EarlySasha's rating: 1200 &rarr; <strong>1223</strong><br />(+23 for winning)
|raw|fremsh39's rating: 1179 &rarr; <strong>1156</strong><br />(-23 for losing)
|l|☆EarlySasha
|player|p1|
