|html|<div class="broadcast-blue"><strong>[Gen 9] OU is currently suspecting Tera Blast! For information on how to participate check out the <a href="https://www.smogon.com/tools/suspects/view/200">suspect thread</a>.</strong></div>
|j|☆gulp1
|j|☆yolemonde
|t:|1776075456
|gametype|singles
|player|p1|gulp1|pokemonbreeder-gen4|1162
|player|p2|yolemonde|guzma|1109
|gen|9
|tier|[Gen 9] OU
|rated|
|rule|HP Percentage Mod: HP is shown in percentages
|rule|Endless Battle Clause: Forcing endless battles is banned
|rule|Species Clause: Limit one of each Pokémon
|rule|OHKO Clause: OHKO moves are banned
|rule|Evasion Items Clause: Evasion items are banned
|rule|Evasion Moves Clause: Evasion moves are banned
|rule|Evasion Abilities Clause: Evasion abilities are banned
|rule|Sleep Moves Clause: Sleep-inducing moves are banned
|clearpoke
|poke|p1|Snorlax, F|
|poke|p1|Serperior, M|
|poke|p1|Golurk|
|poke|p1|Lanturn, F|
|poke|p1|Ceruledge, F|
|poke|p1|Clefable, M|
|poke|p2|Heatran, M|
|poke|p2|Volcanion|
|poke|p2|Ursaluna, F|
|poke|p2|Hoopa-Unbound|
|poke|p2|Cyclizar, M|
|poke|p2|Araquanid, F|
|teampreview
|c|☆yolemonde|gl
|
|t:|1776075485
|teamsize|p1|6
|teamsize|p2|6
|start
|switch|p1a: Golurk|Golurk, shiny|100/100
|switch|p2a: g pas niais|Araquanid, F|100/100
|turn|1
|
|t:|1776075490
|move|p2a: g pas niais|Liquidation|p1a: Golurk
|-supereffective|p1a: Golurk
|-damage|p1a: Golurk|0 fnt
|faint|p1a: Golurk
|
|upkeep
|
|t:|1776075501
|switch|p1a: Clefable|Clefable, M, shiny|100/100
|turn|2
|
|t:|1776075506
|move|p2a: g pas niais|Liquidation|p1a: Clefable
|-damage|p1a: Clefable|48/100
|-damage|p2a: g pas niais|84/100|[from] item: Rocky Helmet|[of] p1a: Clefable
|move|p1a: Clefable|Knock Off|p2a: g pas niais
|-damage|p2a: g pas niais|63/100
|-enditem|p2a: g pas niais|Heavy-Duty Boots|[from] move: Knock Off|[of] p1a: Clefable
|
|upkeep
|turn|3
|
|t:|1776075514
|switch|p1a: Lanturn|Lanturn, F|100/100
|move|p2a: g pas niais|Sticky Web|p1a: Lanturn
|-sidestart|p1: gulp1|move: Sticky Web
|
|upkeep
|turn|4
|
|t:|1776075519
|move|p1a: Lanturn|Thunder Wave|p2a: g pas niais|[miss]
|-miss|p1a: Lanturn|p2a: g pas niais
|move|p2a: g pas niais|Leech Life|p1a: Lanturn
|-damage|p1a: Lanturn|54/100
|-heal|p2a: g pas niais|97/100|[from] drain|[of] p1a: Lanturn
|
|upkeep
|turn|5
|
|t:|1776075527
|move|p1a: Lanturn|Thunder Wave|p2a: g pas niais
|-status|p2a: g pas niais|par
|cant|p2a: g pas niais|par
|
|upkeep
|turn|6
|
|t:|1776075532
|switch|p1a: Serperior|Serperior, M|100/100
|-activate|p1a: Serperior|move: Sticky Web
|-boost|p1a: Serperior|spe|1
|move|p2a: g pas niais|Leech Life|p1a: Serperior
|-supereffective|p1a: Serperior
|-damage|p1a: Serperior|24/100
|-heal|p2a: g pas niais|100/100 par|[from] drain|[of] p1a: Serperior
|
|-heal|p1a: Serperior|30/100|[from] item: Leftovers
|upkeep
|turn|7
|
|t:|1776075543
|move|p1a: Serperior|Leaf Storm|p2a: g pas niais|[miss]
|-miss|p1a: Serperior|p2a: g pas niais
|cant|p2a: g pas niais|par
|
|-heal|p1a: Serperior|37/100|[from] item: Leftovers
|upkeep
|turn|8
|
|t:|1776075549
|move|p1a: Serperior|Leaf Storm|p2a: g pas niais
|-damage|p2a: g pas niais|54/100 par
|-boost|p1a: Serperior|spa|2
|cant|p2a: g pas niais|par
|
|-heal|p1a: Serperior|43/100|[from] item: Leftovers
|upkeep
|turn|9
|
|t:|1776075558
|-terastallize|p1a: Serperior|Stellar
|move|p1a: Serperior|Tera Blast|p2a: g pas niais|[anim] Tera Blast Stellar
|-damage|p2a: g pas niais|0 fnt
|-boost|p1a: Serperior|atk|1
|-boost|p1a: Serperior|spa|1
|faint|p2a: g pas niais
|
|-heal|p1a: Serperior|49/100|[from] item: Leftovers
|upkeep
|
|t:|1776075578
|switch|p2a: jogo|Heatran, M|100/100
|turn|10
|
|t:|1776075583
|move|p1a: Serperior|Protect|p1a: Serperior
|-singleturn|p1a: Serperior|Protect
|move|p2a: jogo|Magma Storm|p1a: Serperior
|-activate|p1a: Serperior|move: Protect
|
|-heal|p1a: Serperior|55/100|[from] item: Leftovers
|upkeep
|turn|11
|
|t:|1776075590
|move|p1a: Serperior|Tera Blast|p2a: jogo|[anim] Tera Blast Stellar
|-damage|p2a: jogo|63/100
|-boost|p1a: Serperior|atk|1
|-boost|p1a: Serperior|spa|1
|move|p2a: jogo|Magma Storm|p1a: Serperior
|-supereffective|p1a: Serperior
|-damage|p1a: Serperior|0 fnt
|faint|p1a: Serperior
|
|-heal|p2a: jogo|69/100|[from] item: Leftovers
|upkeep
|
|t:|1776075604
|switch|p1a: Snorlax|Snorlax, F|100/100
|-activate|p1a: Snorlax|move: Sticky Web
|-unboost|p1a: Snorlax|spe|1
|turn|12
|
|t:|1776075608
|switch|p2a: vroum vroum|Cyclizar, M|100/100
|move|p1a: Snorlax|Earthquake|p2a: vroum vroum
|-damage|p2a: vroum vroum|54/100
|
|upkeep
|turn|13
|
|t:|1776075617
|move|p2a: vroum vroum|Taunt|p1a: Snorlax
|-start|p1a: Snorlax|move: Taunt
|cant|p1a: Snorlax|move: Taunt|Curse
|
|upkeep
|turn|14
|
|t:|1776075623
|move|p2a: vroum vroum|Knock Off|p1a: Snorlax
|-damage|p1a: Snorlax|84/100
|-enditem|p1a: Snorlax|Chesto Berry|[from] move: Knock Off|[of] p2a: vroum vroum
|move|p1a: Snorlax|Ice Punch|p2a: vroum vroum
|-supereffective|p2a: vroum vroum
|-damage|p2a: vroum vroum|0 fnt
|faint|p2a: vroum vroum
|
|upkeep
|
|t:|1776075630
|switch|p2a: ou pas|Hoopa-Unbound|100/100
|turn|15
|
|t:|1776075635
|move|p2a: ou pas|Drain Punch|p1a: Snorlax
|-supereffective|p1a: Snorlax
|-damage|p1a: Snorlax|12/100
|move|p1a: Snorlax|Earthquake|p2a: ou pas
|-damage|p2a: ou pas|48/100
|
|-end|p1a: Snorlax|move: Taunt
|upkeep
|turn|16
|
|t:|1776075644
|switch|p1a: Ceruledge|Ceruledge, F|100/100
|-activate|p1a: Ceruledge|move: Sticky Web
|-unboost|p1a: Ceruledge|spe|1
|move|p2a: ou pas|Drain Punch|p1a: Ceruledge
|-immune|p1a: Ceruledge
|
|upkeep
|turn|17
|
|t:|1776075657
|switch|p2a: jogo|Heatran, M|69/100
|move|p1a: Ceruledge|Shadow Sneak|p2a: jogo
|-damage|p2a: jogo|51/100
|
|-heal|p2a: jogo|57/100|[from] item: Leftovers
|upkeep
|turn|18
|
|t:|1776075664
|move|p2a: jogo|Earth Power|p1a: Ceruledge
|-supereffective|p1a: Ceruledge
|-damage|p1a: Ceruledge|39/100
|move|p1a: Ceruledge|Destiny Bond|p1a: Ceruledge
|-singlemove|p1a: Ceruledge|Destiny Bond
|
|-heal|p2a: jogo|63/100|[from] item: Leftovers
|upkeep
|turn|19
|
|t:|1776075672
|move|p2a: jogo|Will-O-Wisp|p1a: Ceruledge
|-immune|p1a: Ceruledge
|move|p1a: Ceruledge|Bitter Blade|p2a: jogo
|-start|p2a: jogo|ability: Flash Fire
|
|-heal|p2a: jogo|70/100|[from] item: Leftovers
|upkeep
|turn|20
|c|☆yolemonde|i mliss
|
|t:|1776075684
|move|p2a: jogo|Earth Power|p1a: Ceruledge
|-supereffective|p1a: Ceruledge
|-damage|p1a: Ceruledge|0 fnt
|faint|p1a: Ceruledge
|
|-heal|p2a: jogo|76/100|[from] item: Leftovers
|upkeep
|
|t:|1776075713
|switch|p1a: Snorlax|Snorlax, F|12/100
|-activate|p1a: Snorlax|move: Sticky Web
|-unboost|p1a: Snorlax|spe|1
|turn|21
|
|t:|1776075725
|move|p2a: jogo|Earth Power|p1a: Snorlax
|-damage|p1a: Snorlax|0 fnt
|faint|p1a: Snorlax
|
|-heal|p2a: jogo|82/100|[from] item: Leftovers
|upkeep
|
|t:|1776075731
|switch|p1a: Lanturn|Lanturn, F|54/100
|turn|22
|
|t:|1776075734
|move|p1a: Lanturn|Ice Beam|p2a: jogo
|-resisted|p2a: jogo
|-damage|p2a: jogo|78/100
|move|p2a: jogo|Earth Power|p1a: Lanturn
|-supereffective|p1a: Lanturn
|-damage|p1a: Lanturn|0 fnt
|faint|p1a: Lanturn
|
|-heal|p2a: jogo|85/100|[from] item: Leftovers
|upkeep
|-message|gulp1 forfeited.
|
|win|yolemonde
|raw|gulp1's rating: 1162 &rarr; <strong>1133</strong><br />(-29 for losing)
|raw|yolemonde's rating: 1109 &rarr; <strong>1138</strong><br />(+29 for winning)
|l|☆gulp1
|player|p1|
|l|☆yolemonde
|player|p2|
