|html|<div class="broadcast-blue"><strong>[Gen 9] OU is currently suspecting Tera Blast! For information on how to participate check out the <a href="https://www.smogon.com/tools/suspects/view/200">suspect thread</a>.</strong></div>
|j|☆Thederpa1
|j|☆qazdsbdsb
|t:|1776325538
|gametype|singles
|player|p1|Thederpa1|swimmer-gen4dp|1359
|player|p2|qazdsbdsb|170|1360
|gen|9
|tier|[Gen 9] OU
|rated|
|rule|HP Percentage Mod: HP is shown in percentages
|rule|Endless Battle Clause: Forcing endless battles is banned
|rule|Species Clause: Limit one of each Pokémon
|rule|OHKO Clause: OHKO moves are banned
|rule|Evasion Items Clause: Evasion items are banned
|rule|Evasion Moves Clause: Evasion moves are banned
|rule|Evasion Abilities Clause: Evasion abilities are banned
|rule|Sleep Moves Clause: Sleep-inducing moves are banned
|clearpoke
|poke|p1|Corviknight, F|
|poke|p1|Tyranitar, M|
|poke|p1|Emboar, F|
|poke|p1|Deoxys-Speed|
|poke|p1|Gyarados, M|
|poke|p1|Heatran, F|
|poke|p2|Revavroom, F|
|poke|p2|Deoxys-Speed|
|poke|p2|Moltres|
|poke|p2|Hoopa-Unbound|
|poke|p2|Iron Valiant|
|poke|p2|Great Tusk|
|teampreview
|
|t:|1776325545
|teamsize|p1|6
|teamsize|p2|6
|start
|switch|p1a: Tyranitar|Tyranitar, M|100/100
|switch|p2a: Deoxys|Deoxys-Speed|100/100
|-ability|p2a: Deoxys|Pressure
|-weather|Sandstorm|[from] ability: Sand Stream|[of] p1a: Tyranitar
|turn|1
|
|t:|1776325556
|switch|p1a: Corviknight|Corviknight, F|100/100
|-ability|p1a: Corviknight|Pressure
|move|p2a: Deoxys|Taunt|p1a: Corviknight
|-start|p1a: Corviknight|move: Taunt
|
|-weather|Sandstorm|[upkeep]
|-damage|p2a: Deoxys|94/100|[from] Sandstorm
|upkeep
|turn|2
|
|t:|1776325566
|move|p2a: Deoxys|Reflect|p2a: Deoxys
|-sidestart|p2: qazdsbdsb|Reflect
|move|p1a: Corviknight|U-turn|p2a: Deoxys
|-supereffective|p2a: Deoxys
|-damage|p2a: Deoxys|75/100
|
|t:|1776325572
|switch|p1a: Heatran|Heatran, F|100/100|[from] U-turn
|
|-weather|Sandstorm|[upkeep]
|-damage|p2a: Deoxys|69/100|[from] Sandstorm
|upkeep
|turn|3
|
|t:|1776325584
|move|p2a: Deoxys|Taunt|p1a: Heatran
|-start|p1a: Heatran|move: Taunt
|move|p1a: Heatran|Magma Storm|p2a: Deoxys|[miss]
|-miss|p1a: Heatran|p2a: Deoxys
|
|-weather|Sandstorm|[upkeep]
|-damage|p2a: Deoxys|62/100|[from] Sandstorm
|upkeep
|turn|4
|
|t:|1776325594
|switch|p2a: Hoopa|Hoopa-Unbound|100/100
|move|p1a: Heatran|Magma Storm|p2a: Hoopa
|-damage|p2a: Hoopa|84/100
|-activate|p2a: Hoopa|move: Magma Storm|[of] p1a: Heatran
|
|-weather|Sandstorm|[upkeep]
|-damage|p2a: Hoopa|78/100|[from] Sandstorm
|-damage|p2a: Hoopa|66/100|[from] move: Magma Storm|[partiallytrapped]
|upkeep
|turn|5
|
|t:|1776325608
|switch|p1a: Tyranitar|Tyranitar, M|100/100
|move|p2a: Hoopa|Knock Off|p1a: Tyranitar
|-resisted|p1a: Tyranitar
|-damage|p1a: Tyranitar|80/100
|-enditem|p1a: Tyranitar|Leftovers|[from] move: Knock Off|[of] p2a: Hoopa
|
|-weather|none
|-end|p2a: Hoopa|Magma Storm|[partiallytrapped]|[silent]
|upkeep
|turn|6
|
|t:|1776325615
|switch|p1a: Emboar|Emboar, F|100/100
|move|p2a: Hoopa|Focus Blast|p1a: Emboar
|-damage|p1a: Emboar|53/100
|
|-heal|p1a: Emboar|59/100|[from] item: Leftovers
|upkeep
|turn|7
|
|t:|1776325623
|switch|p2a: Moltres|Moltres|100/100
|move|p1a: Emboar|Close Combat|p2a: Moltres
|-resisted|p2a: Moltres
|-damage|p2a: Moltres|89/100
|-unboost|p1a: Emboar|def|1
|-unboost|p1a: Emboar|spd|1
|
|-heal|p1a: Emboar|65/100|[from] item: Leftovers
|upkeep
|turn|8
|
|t:|1776325633
|switch|p2a: Great Tusk|Great Tusk|100/100
|-enditem|p2a: Great Tusk|Booster Energy
|-activate|p2a: Great Tusk|ability: Protosynthesis|[fromitem]
|-start|p2a: Great Tusk|protosynthesisatk
|move|p1a: Emboar|Bulk Up|p1a: Emboar
|-boost|p1a: Emboar|atk|1
|-boost|p1a: Emboar|def|1
|
|-heal|p1a: Emboar|71/100|[from] item: Leftovers
|upkeep
|turn|9
|
|t:|1776325647
|switch|p1a: Corviknight|Corviknight, F|100/100
|-ability|p1a: Corviknight|Pressure
|move|p2a: Great Tusk|Stealth Rock|p1a: Corviknight
|-sidestart|p1: Thederpa1|move: Stealth Rock
|
|-sideend|p2: qazdsbdsb|Reflect
|upkeep
|turn|10
|
|t:|1776325655
|move|p2a: Great Tusk|Close Combat|p1a: Corviknight
|-damage|p1a: Corviknight|48/100
|-unboost|p2a: Great Tusk|def|1
|-unboost|p2a: Great Tusk|spd|1
|move|p1a: Corviknight|Brave Bird|p2a: Great Tusk
|-supereffective|p2a: Great Tusk
|-damage|p2a: Great Tusk|34/100
|-damage|p1a: Corviknight|24/100|[from] Recoil
|
|-heal|p1a: Corviknight|31/100|[from] item: Leftovers
|upkeep
|turn|11
|
|t:|1776325668
|move|p2a: Great Tusk|Close Combat|p1a: Corviknight
|-damage|p1a: Corviknight|0 fnt
|-unboost|p2a: Great Tusk|def|1
|-unboost|p2a: Great Tusk|spd|1
|faint|p1a: Corviknight
|
|upkeep
|
|t:|1776325675
|switch|p1a: Gyarados|Gyarados, M|100/100
|-ability|p1a: Gyarados|Intimidate|boost
|-unboost|p2a: Great Tusk|atk|1
|turn|12
|
|t:|1776325685
|-end|p2a: Great Tusk|Protosynthesis|[silent]
|switch|p2a: Moltres|Moltres|89/100
|move|p1a: Gyarados|Dragon Dance|p1a: Gyarados
|-boost|p1a: Gyarados|atk|1
|-boost|p1a: Gyarados|spe|1
|
|upkeep
|turn|13
|
|t:|1776325691
|-terastallize|p2a: Moltres|Fairy
|move|p1a: Gyarados|Waterfall|p2a: Moltres
|-damage|p2a: Moltres|36/100
|-status|p1a: Gyarados|brn|[from] ability: Flame Body|[of] p2a: Moltres
|move|p2a: Moltres|Will-O-Wisp|p1a: Gyarados
|-fail|p1a: Gyarados|brn
|
|-damage|p1a: Gyarados|94/100 brn|[from] brn
|upkeep
|turn|14
|
|t:|1776325707
|switch|p2a: Deoxys|Deoxys-Speed|62/100
|-ability|p2a: Deoxys|Pressure
|move|p1a: Gyarados|Taunt|p2a: Deoxys
|-start|p2a: Deoxys|move: Taunt
|
|-damage|p1a: Gyarados|88/100 brn|[from] brn
|upkeep
|turn|15
|
|t:|1776325715
|move|p2a: Deoxys|Psycho Boost|p1a: Gyarados
|-damage|p1a: Gyarados|40/100 brn
|-unboost|p2a: Deoxys|spa|2
|move|p1a: Gyarados|Dragon Dance|p1a: Gyarados
|-boost|p1a: Gyarados|atk|1
|-boost|p1a: Gyarados|spe|1
|
|-damage|p1a: Gyarados|34/100 brn|[from] brn
|upkeep
|turn|16
|
|t:|1776325732
|switch|p2a: Great Tusk|Great Tusk|34/100
|move|p1a: Gyarados|Waterfall|p2a: Great Tusk
|-supereffective|p2a: Great Tusk
|-damage|p2a: Great Tusk|0 fnt
|faint|p2a: Great Tusk
|-end|p2a: Great Tusk|Protosynthesis|[silent]
|
|-damage|p1a: Gyarados|28/100 brn|[from] brn
|upkeep
|
|t:|1776325740
|switch|p2a: Iron Valiant|Iron Valiant|100/100
|turn|17
|
|t:|1776325749
|-terastallize|p1a: Gyarados|Flying
|move|p2a: Iron Valiant|Moonblast|p1a: Gyarados
|-damage|p1a: Gyarados|0 fnt
|faint|p1a: Gyarados
|
|upkeep
|
|t:|1776325756
|switch|p1a: Heatran|Heatran, F|100/100
|-damage|p1a: Heatran|88/100|[from] Stealth Rock
|turn|18
|
|t:|1776325760
|-end|p2a: Iron Valiant|Quark Drive|[silent]
|switch|p2a: Moltres|Moltres, tera:Fairy|36/100
|move|p1a: Heatran|Magma Storm|p2a: Moltres
|-damage|p2a: Moltres|0 fnt
|faint|p2a: Moltres
|
|-heal|p1a: Heatran|94/100|[from] item: Leftovers
|upkeep
|
|t:|1776325765
|switch|p2a: Revavroom|Revavroom, F, shiny|100/100
|-item|p2a: Revavroom|Air Balloon
|turn|19
|
|t:|1776325772
|move|p2a: Revavroom|High Horsepower|p1a: Heatran|[miss]
|-miss|p2a: Revavroom|p1a: Heatran
|move|p1a: Heatran|Will-O-Wisp|p2a: Revavroom
|-status|p2a: Revavroom|brn
|
|-heal|p1a: Heatran|100/100|[from] item: Leftovers
|-damage|p2a: Revavroom|95/100 brn|[from] brn
|upkeep
|turn|20
|
|t:|1776325786
|switch|p1a: Tyranitar|Tyranitar, M|80/100
|-damage|p1a: Tyranitar|68/100|[from] Stealth Rock
|-weather|Sandstorm|[from] ability: Sand Stream|[of] p1a: Tyranitar
|move|p2a: Revavroom|High Horsepower|p1a: Tyranitar
|-supereffective|p1a: Tyranitar
|-damage|p1a: Tyranitar|43/100
|
|-weather|Sandstorm|[upkeep]
|-damage|p2a: Revavroom|89/100 brn|[from] brn
|upkeep
|turn|21
|
|t:|1776325796
|move|p2a: Revavroom|Shift Gear|p2a: Revavroom
|-boost|p2a: Revavroom|spe|2
|-boost|p2a: Revavroom|atk|1
|move|p1a: Tyranitar|Stealth Rock|p2a: Revavroom
|-sidestart|p2: qazdsbdsb|move: Stealth Rock
|
|-weather|Sandstorm|[upkeep]
|-damage|p2a: Revavroom|83/100 brn|[from] brn
|upkeep
|turn|22
|
|t:|1776325802
|move|p2a: Revavroom|Shift Gear|p2a: Revavroom
|-boost|p2a: Revavroom|spe|2
|-boost|p2a: Revavroom|atk|1
|move|p1a: Tyranitar|Knock Off|p2a: Revavroom
|-damage|p2a: Revavroom|36/100 brn
|-enditem|p2a: Revavroom|Air Balloon
|
|-weather|Sandstorm|[upkeep]
|-damage|p2a: Revavroom|30/100 brn|[from] brn
|upkeep
|turn|23
|
|t:|1776325815
|move|p2a: Revavroom|High Horsepower|p1a: Tyranitar
|-supereffective|p1a: Tyranitar
|-damage|p1a: Tyranitar|0 fnt
|faint|p1a: Tyranitar
|
|-weather|Sandstorm|[upkeep]
|-damage|p2a: Revavroom|24/100 brn|[from] brn
|upkeep
|
|t:|1776325821
|switch|p1a: Deoxys|Deoxys-Speed|100/100
|-damage|p1a: Deoxys|88/100|[from] Stealth Rock
|-ability|p1a: Deoxys|Pressure
|turn|24
|
|t:|1776325826
|switch|p1a: Emboar|Emboar, F|71/100
|-damage|p1a: Emboar|59/100|[from] Stealth Rock
|move|p2a: Revavroom|Gunk Shot|p1a: Emboar
|-damage|p1a: Emboar|0 fnt
|faint|p1a: Emboar
|
|-weather|none
|-damage|p2a: Revavroom|18/100 brn|[from] brn
|upkeep
|
|t:|1776325837
|switch|p1a: Heatran|Heatran, F|100/100
|-damage|p1a: Heatran|88/100|[from] Stealth Rock
|turn|25
|
|t:|1776325842
|move|p2a: Revavroom|High Horsepower|p1a: Heatran
|-supereffective|p1a: Heatran
|-damage|p1a: Heatran|0 fnt
|faint|p1a: Heatran
|
|-damage|p2a: Revavroom|12/100 brn|[from] brn
|upkeep
|
|t:|1776325844
|switch|p1a: Deoxys|Deoxys-Speed|88/100
|-damage|p1a: Deoxys|76/100|[from] Stealth Rock
|-ability|p1a: Deoxys|Pressure
|turn|26
|
|t:|1776325851
|move|p2a: Revavroom|Gunk Shot|p1a: Deoxys
|-damage|p1a: Deoxys|0 fnt
|faint|p1a: Deoxys
|
|win|qazdsbdsb
|raw|Thederpa1's rating: 1359 &rarr; <strong>1339</strong><br />(-20 for losing)
|raw|qazdsbdsb's rating: 1360 &rarr; <strong>1380</strong><br />(+20 for winning)
|l|☆Thederpa1
|player|p1|
