|html|<div class="broadcast-blue"><strong>[Gen 9] OU is currently suspecting Tera Blast! For information on how to participate check out the <a href="https://www.smogon.com/tools/suspects/view/200">suspect thread</a>.</strong></div>
|j|☆hat40
|j|☆magistermilitum420
|t:|1776312007
|gametype|singles
|player|p1|hat40|101|1364
|player|p2|magistermilitum420|blue|1329
|gen|9
|tier|[Gen 9] OU
|rated|
|rule|HP Percentage Mod: HP is shown in percentages
|rule|Endless Battle Clause: Forcing endless battles is banned
|rule|Species Clause: Limit one of each Pokémon
|rule|OHKO Clause: OHKO moves are banned
|rule|Evasion Items Clause: Evasion items are banned
|rule|Evasion Moves Clause: Evasion moves are banned
|rule|Evasion Abilities Clause: Evasion abilities are banned
|rule|Sleep Moves Clause: Sleep-inducing moves are banned
|clearpoke
|poke|p1|Pelipper, M|
|poke|p1|Manaphy|
|poke|p1|Bruxish, M|
|poke|p1|Overqwil, M|
|poke|p1|Iron Treads|
|poke|p1|Raging Bolt|
|poke|p2|Meowscarada, M|
|poke|p2|Great Tusk|
|poke|p2|Alomomola, M|
|poke|p2|Slowking-Galar, M|
|poke|p2|Iron Valiant|
|poke|p2|Heatran, M|
|teampreview
|
|t:|1776312016
|teamsize|p1|6
|teamsize|p2|6
|start
|switch|p1a: Pelipper|Pelipper, M|100/100
|switch|p2a: Mithridates|Slowking-Galar, M|100/100
|-weather|RainDance|[from] ability: Drizzle|[of] p1a: Pelipper
|turn|1
|
|t:|1776312027
|move|p1a: Pelipper|Hurricane|p2a: Mithridates
|-damage|p2a: Mithridates|81/100
|move|p2a: Mithridates|Psychic Noise|p1a: Pelipper
|-damage|p1a: Pelipper|54/100
|-start|p1a: Pelipper|move: Heal Block
|
|-weather|RainDance|[upkeep]
|upkeep
|turn|2
|
|t:|1776312034
|move|p1a: Pelipper|U-turn|p2a: Mithridates
|-damage|p2a: Mithridates|72/100
|
|t:|1776312039
|switch|p1a: Overqwil|Overqwil, M|100/100|[from] U-turn
|move|p2a: Mithridates|Sludge Bomb|p1a: Overqwil
|-resisted|p1a: Overqwil
|-damage|p1a: Overqwil|67/100
|
|-weather|RainDance|[upkeep]
|upkeep
|turn|3
|
|t:|1776312047
|switch|p2a: Charybdis|Alomomola, M, shiny|100/100
|move|p1a: Overqwil|Swords Dance|p1a: Overqwil
|-boost|p1a: Overqwil|atk|2
|
|-weather|RainDance|[upkeep]
|upkeep
|turn|4
|
|t:|1776312054
|move|p1a: Overqwil|Gunk Shot|p2a: Charybdis
|-damage|p2a: Charybdis|21/100
|-status|p2a: Charybdis|psn
|-damage|p1a: Overqwil|57/100|[from] item: Life Orb
|move|p2a: Charybdis|Scald|p1a: Overqwil
|-damage|p1a: Overqwil|26/100
|
|-weather|RainDance|[upkeep]
|-damage|p2a: Charybdis|9/100 psn|[from] psn
|upkeep
|turn|5
|
|t:|1776312070
|switch|p2a: Mithridates|Slowking-Galar, M|100/100
|move|p1a: Overqwil|Liquidation|p2a: Mithridates
|-damage|p2a: Mithridates|0 fnt
|faint|p2a: Mithridates
|-damage|p1a: Overqwil|16/100|[from] item: Life Orb
|
|-weather|RainDance|[upkeep]
|upkeep
|
|t:|1776312079
|switch|p2a: Mahad|Meowscarada, M, shiny|100/100
|turn|6
|
|t:|1776312086
|move|p1a: Overqwil|Gunk Shot|p2a: Mahad|[miss]
|-miss|p1a: Overqwil|p2a: Mahad
|move|p2a: Mahad|Knock Off|p1a: Overqwil
|-start|p2a: Mahad|typechange|Dark|[from] ability: Protean
|-resisted|p1a: Overqwil
|-damage|p1a: Overqwil|0 fnt
|-enditem|p1a: Overqwil|Life Orb|[from] move: Knock Off|[of] p2a: Mahad
|faint|p1a: Overqwil
|
|-weather|RainDance|[upkeep]
|upkeep
|
|t:|1776312108
|switch|p1a: Iron Treads|Iron Treads|100/100
|-enditem|p1a: Iron Treads|Booster Energy
|-activate|p1a: Iron Treads|ability: Quark Drive|[fromitem]
|-start|p1a: Iron Treads|quarkdrivespe
|turn|7
|
|t:|1776312113
|switch|p2a: Barca|Great Tusk|100/100
|move|p1a: Iron Treads|Stealth Rock|p2a: Barca
|-sidestart|p2: magistermilitum420|move: Stealth Rock
|
|-weather|RainDance|[upkeep]
|upkeep
|turn|8
|
|t:|1776312122
|-end|p1a: Iron Treads|Quark Drive|[silent]
|switch|p1a: Manaphy|Manaphy|100/100
|move|p2a: Barca|Rapid Spin|p1a: Manaphy
|-damage|p1a: Manaphy|85/100
|-boost|p2a: Barca|spe|1
|-sideend|p2: magistermilitum420|Stealth Rock|[from] move: Rapid Spin|[of] p2a: Barca
|
|-weather|none
|upkeep
|turn|9
|
|t:|1776312134
|switch|p1a: Pelipper|Pelipper, M|54/100
|-weather|RainDance|[from] ability: Drizzle|[of] p1a: Pelipper
|-terastallize|p2a: Barca|Steel
|move|p2a: Barca|Knock Off|p1a: Pelipper
|-damage|p1a: Pelipper|32/100
|-enditem|p1a: Pelipper|Damp Rock|[from] move: Knock Off|[of] p2a: Barca
|
|-weather|RainDance|[upkeep]
|upkeep
|turn|10
|
|t:|1776312144
|move|p2a: Barca|Stealth Rock|p1a: Pelipper
|-sidestart|p1: hat40|move: Stealth Rock
|move|p1a: Pelipper|Roost|p1a: Pelipper
|-heal|p1a: Pelipper|83/100
|-singleturn|p1a: Pelipper|move: Roost
|
|-weather|RainDance|[upkeep]
|upkeep
|turn|11
|
|t:|1776312151
|move|p2a: Barca|Rapid Spin|p1a: Pelipper
|-damage|p1a: Pelipper|70/100
|-boost|p2a: Barca|spe|1
|move|p1a: Pelipper|Weather Ball|p2a: Barca
|-damage|p2a: Barca|35/100
|
|-weather|RainDance|[upkeep]
|-heal|p2a: Barca|42/100|[from] item: Leftovers
|upkeep
|turn|12
|
|t:|1776312173
|-end|p2a: Barca|Protosynthesis|[silent]
|switch|p2a: Charybdis|Alomomola, M, shiny|42/100 psn
|move|p1a: Pelipper|Roost|p1a: Pelipper
|-heal|p1a: Pelipper|100/100
|-singleturn|p1a: Pelipper|move: Roost
|
|-weather|RainDance|[upkeep]
|-damage|p2a: Charybdis|30/100 psn|[from] psn
|upkeep
|turn|13
|
|t:|1776312182
|move|p1a: Pelipper|Hurricane|p2a: Charybdis
|-damage|p2a: Charybdis|0 fnt
|faint|p2a: Charybdis
|
|-weather|RainDance|[upkeep]
|upkeep
|
|t:|1776312189
|switch|p2a: Mahad|Meowscarada, M, shiny|100/100
|turn|14
|
|t:|1776312198
|switch|p1a: Raging Bolt|Raging Bolt|100/100
|-damage|p1a: Raging Bolt|88/100|[from] Stealth Rock
|-enditem|p1a: Raging Bolt|Booster Energy
|-activate|p1a: Raging Bolt|ability: Protosynthesis|[fromitem]
|-start|p1a: Raging Bolt|protosynthesisspa
|move|p2a: Mahad|Triple Axel|p1a: Raging Bolt
|-start|p2a: Mahad|typechange|Ice|[from] ability: Protean
|-supereffective|p1a: Raging Bolt
|-crit|p1a: Raging Bolt
|-damage|p1a: Raging Bolt|62/100
|-hitcount|p1a: Raging Bolt|1
|
|-weather|RainDance|[upkeep]
|upkeep
|turn|15
|
|t:|1776312211
|move|p1a: Raging Bolt|Thunderclap|p2a: Mahad
|-damage|p2a: Mahad|18/100
|move|p2a: Mahad|Triple Axel|p1a: Raging Bolt
|-supereffective|p1a: Raging Bolt
|-damage|p1a: Raging Bolt|47/100
|-supereffective|p1a: Raging Bolt
|-damage|p1a: Raging Bolt|16/100
|-supereffective|p1a: Raging Bolt
|-damage|p1a: Raging Bolt|0 fnt
|faint|p1a: Raging Bolt
|-end|p1a: Raging Bolt|Protosynthesis|[silent]
|-hitcount|p1: Raging Bolt|3
|
|-weather|RainDance|[upkeep]
|upkeep
|
|t:|1776312221
|switch|p1a: Bruxish|Bruxish, M|100/100
|-damage|p1a: Bruxish|88/100|[from] Stealth Rock
|turn|16
|
|t:|1776312228
|switch|p2a: Barca|Great Tusk, tera:Steel|42/100
|move|p1a: Bruxish|Flip Turn|p2a: Barca
|-crit|p2a: Barca
|-damage|p2a: Barca|15/100
|
|t:|1776312231
|switch|p1a: Iron Treads|Iron Treads|100/100|[from] Flip Turn
|-damage|p1a: Iron Treads|97/100|[from] Stealth Rock
|
|-weather|none
|-heal|p2a: Barca|21/100|[from] item: Leftovers
|upkeep
|turn|17
|
|t:|1776312241
|move|p1a: Iron Treads|Rapid Spin|p2a: Barca
|-resisted|p2a: Barca
|-crit|p2a: Barca
|-damage|p2a: Barca|16/100
|-boost|p1a: Iron Treads|spe|1
|-sideend|p1: hat40|Stealth Rock|[from] move: Rapid Spin|[of] p1a: Iron Treads
|move|p2a: Barca|Knock Off|p1a: Iron Treads
|-damage|p1a: Iron Treads|84/100
|
|-heal|p2a: Barca|23/100|[from] item: Leftovers
|upkeep
|turn|18
|
|t:|1776312250
|move|p1a: Iron Treads|Earthquake|p2a: Barca
|-supereffective|p2a: Barca
|-damage|p2a: Barca|0 fnt
|faint|p2a: Barca
|-end|p2a: Barca|Protosynthesis|[silent]
|
|upkeep
|
|t:|1776312257
|switch|p2a: Vulcanus|Heatran, M, shiny|100/100
|turn|19
|
|t:|1776312264
|move|p1a: Iron Treads|Earthquake|p2a: Vulcanus
|-supereffective|p2a: Vulcanus
|-damage|p2a: Vulcanus|0 fnt
|faint|p2a: Vulcanus
|
|upkeep
|
|t:|1776312270
|switch|p2a: Pallas|Iron Valiant, shiny|100/100
|-enditem|p2a: Pallas|Booster Energy
|-activate|p2a: Pallas|ability: Quark Drive|[fromitem]
|-start|p2a: Pallas|quarkdrivespe
|turn|20
|
|t:|1776312286
|move|p2a: Pallas|Close Combat|p1a: Iron Treads
|-supereffective|p1a: Iron Treads
|-damage|p1a: Iron Treads|10/100
|-unboost|p2a: Pallas|def|1
|-unboost|p2a: Pallas|spd|1
|move|p1a: Iron Treads|Earthquake|p2a: Pallas
|-damage|p2a: Pallas|26/100
|
|upkeep
|turn|21
|
|t:|1776312302
|move|p2a: Pallas|Close Combat|p1a: Iron Treads
|-supereffective|p1a: Iron Treads
|-damage|p1a: Iron Treads|0 fnt
|-unboost|p2a: Pallas|def|1
|-unboost|p2a: Pallas|spd|1
|faint|p1a: Iron Treads
|-end|p1a: Iron Treads|Quark Drive|[silent]
|
|upkeep
|
|t:|1776312304
|switch|p1a: Pelipper|Pelipper, M|100/100
|-weather|RainDance|[from] ability: Drizzle|[of] p1a: Pelipper
|turn|22
|
|t:|1776312314
|move|p2a: Pallas|Moonblast|p1a: Pelipper
|-damage|p1a: Pelipper|35/100
|move|p1a: Pelipper|Hurricane|p2a: Pallas
|-supereffective|p2a: Pallas
|-damage|p2a: Pallas|0 fnt
|faint|p2a: Pallas
|-end|p2a: Pallas|Quark Drive|[silent]
|
|-weather|RainDance|[upkeep]
|upkeep
|
|t:|1776312321
|switch|p2a: Mahad|Meowscarada, M, shiny|18/100
|turn|23
|
|t:|1776312324
|move|p2a: Mahad|Flower Trick|p1a: Pelipper
|-start|p2a: Mahad|typechange|Grass|[from] ability: Protean
|-crit|p1a: Pelipper
|-damage|p1a: Pelipper|0 fnt
|faint|p1a: Pelipper
|
|-weather|RainDance|[upkeep]
|upkeep
|
|t:|1776312327
|switch|p1a: Bruxish|Bruxish, M|88/100
|turn|24
|
|t:|1776312332
|-terastallize|p1a: Bruxish|Water
|move|p2a: Mahad|Flower Trick|p1a: Bruxish
|-supereffective|p1a: Bruxish
|-crit|p1a: Bruxish
|-damage|p1a: Bruxish|0 fnt
|faint|p1a: Bruxish
|
|-weather|RainDance|[upkeep]
|upkeep
|
|t:|1776312336
|switch|p1a: Manaphy|Manaphy|85/100
|turn|25
|
|t:|1776312341
|move|p2a: Mahad|Flower Trick|p1a: Manaphy
|-supereffective|p1a: Manaphy
|-crit|p1a: Manaphy
|-damage|p1a: Manaphy|0 fnt
|faint|p1a: Manaphy
|
|win|magistermilitum420
|raw|hat40's rating: 1364 &rarr; <strong>1342</strong><br />(-22 for losing)
|raw|magistermilitum420's rating: 1329 &rarr; <strong>1351</strong><br />(+22 for winning)
|c|☆magistermilitum420|gg
|l|☆hat40
|player|p1|
