|html|<div class="broadcast-blue"><strong>[Gen 9] OU is currently suspecting Tera Blast! For information on how to participate check out the <a href="https://www.smogon.com/tools/suspects/view/200">suspect thread</a>.</strong></div>
|j|☆SaiyanSage
|j|☆fswdd
|t:|1776053982
|gametype|singles
|player|p1|SaiyanSage|hoopster|1164
|player|p2|fswdd|burglar|1174
|gen|9
|tier|[Gen 9] OU
|rated|
|rule|HP Percentage Mod: HP is shown in percentages
|rule|Endless Battle Clause: Forcing endless battles is banned
|rule|Species Clause: Limit one of each Pokémon
|rule|OHKO Clause: OHKO moves are banned
|rule|Evasion Items Clause: Evasion items are banned
|rule|Evasion Moves Clause: Evasion moves are banned
|rule|Evasion Abilities Clause: Evasion abilities are banned
|rule|Sleep Moves Clause: Sleep-inducing moves are banned
|clearpoke
|poke|p1|Latias, F|
|poke|p1|Kingambit, M|
|poke|p1|Darkrai|
|poke|p1|Iron Hands|
|poke|p1|Grafaiai, F|
|poke|p1|Landorus-Therian, M|
|poke|p2|Cinderace, F|
|poke|p2|Alomomola, F|
|poke|p2|Gliscor, M|
|poke|p2|Lokix, M|
|poke|p2|Forretress, M|
|poke|p2|Salamence, M|
|teampreview
|inactive|Battle timer is ON: inactive players will automatically lose when time's up. (requested by SaiyanSage)
|
|t:|1776053992
|teamsize|p1|6
|teamsize|p2|6
|start
|switch|p1a: Landorus|Landorus-Therian, M|100/100
|switch|p2a: Gliscor|Gliscor, M|100/100
|-ability|p1a: Landorus|Intimidate|boost
|-unboost|p2a: Gliscor|atk|1
|turn|1
|
|t:|1776053997
|move|p1a: Landorus|Taunt|p2a: Gliscor
|-start|p2a: Gliscor|move: Taunt
|cant|p2a: Gliscor|move: Taunt|Toxic
|
|upkeep
|turn|2
|
|t:|1776054003
|switch|p1a: GG|Latias, F, shiny|100/100
|move|p2a: Gliscor|Knock Off|p1a: GG
|-supereffective|p1a: GG
|-damage|p1a: GG|77/100
|-enditem|p1a: GG|Weakness Policy
|-boost|p1a: GG|atk|2|[from] item: Weakness Policy
|-boost|p1a: GG|spa|2|[from] item: Weakness Policy
|
|upkeep
|turn|3
|
|t:|1776054019
|switch|p2a: Forretress|Forretress, M|100/100
|move|p1a: GG|Agility|p1a: GG
|-boost|p1a: GG|spe|2
|
|upkeep
|turn|4
|
|t:|1776054025
|move|p1a: GG|Stored Power|p2a: Forretress
|-resisted|p2a: Forretress
|-damage|p2a: Forretress|47/100
|move|p2a: Forretress|Thunder Wave|p1a: GG
|-status|p1a: GG|par
|
|upkeep
|turn|5
|
|t:|1776054032
|move|p1a: GG|Stored Power|p2a: Forretress
|-resisted|p2a: Forretress
|-damage|p2a: Forretress|0 fnt
|faint|p2a: Forretress
|
|upkeep
|
|t:|1776054042
|switch|p2a: Cinderace|Cinderace, F|100/100
|turn|6
|
|t:|1776054045
|move|p2a: Cinderace|Sucker Punch|p1a: GG
|-start|p2a: Cinderace|typechange|Dark|[from] ability: Libero
|-supereffective|p1a: GG
|-damage|p1a: GG|20/100 par
|move|p1a: GG|Stored Power|p2a: Cinderace
|-immune|p2a: Cinderace
|
|upkeep
|turn|7
|
|t:|1776054058
|move|p2a: Cinderace|Sucker Punch|p1a: GG
|-supereffective|p1a: GG
|-damage|p1a: GG|0 fnt
|faint|p1a: GG
|
|upkeep
|
|t:|1776054066
|switch|p1a: Iron Hands|Iron Hands|100/100
|turn|8
|
|t:|1776054071
|-end|p1a: Iron Hands|Quark Drive|[silent]
|switch|p1a: Kingambit|Kingambit, M|100/100
|-activate|p1a: Kingambit|ability: Supreme Overlord
|-start|p1a: Kingambit|fallen1|[silent]
|move|p2a: Cinderace|U-turn|p1a: Kingambit
|-damage|p1a: Kingambit|80/100
|
|t:|1776054079
|switch|p2a: Lokix|Lokix, M|100/100|[from] U-turn
|
|upkeep
|turn|9
|
|t:|1776054083
|-terastallize|p1a: Kingambit|Fairy
|move|p2a: Lokix|First Impression|p1a: Kingambit
|-resisted|p1a: Kingambit
|-crit|p1a: Kingambit
|-damage|p1a: Kingambit|8/100
|-damage|p2a: Lokix|91/100|[from] item: Life Orb
|move|p1a: Kingambit|Tera Blast|p2a: Lokix|[anim] Tera Blast Fairy
|-supereffective|p2a: Lokix
|-damage|p2a: Lokix|0 fnt
|faint|p2a: Lokix
|
|upkeep
|
|t:|1776054097
|switch|p2a: Alomomola|Alomomola, F|100/100
|turn|10
|
|t:|1776054101
|-end|p1a: Kingambit|fallen1|[silent]
|switch|p1a: Iron Hands|Iron Hands|100/100
|move|p2a: Alomomola|Flip Turn|p1a: Iron Hands
|-damage|p1a: Iron Hands|91/100
|
|t:|1776054109
|switch|p2a: Gliscor|Gliscor, M|100/100|[from] Flip Turn
|
|upkeep
|turn|11
|
|t:|1776054115
|-end|p1a: Iron Hands|Quark Drive|[silent]
|switch|p1a: Landorus|Landorus-Therian, M|100/100
|-ability|p1a: Landorus|Intimidate|boost
|-unboost|p2a: Gliscor|atk|1
|move|p2a: Gliscor|Knock Off|p1a: Landorus
|-damage|p1a: Landorus|84/100
|-enditem|p1a: Landorus|Soft Sand|[from] move: Knock Off|[of] p2a: Gliscor
|
|upkeep
|turn|12
|
|t:|1776054128
|switch|p1a: Grafaiai|Grafaiai, F|100/100
|move|p2a: Gliscor|Knock Off|p1a: Grafaiai
|-damage|p1a: Grafaiai|74/100
|-enditem|p1a: Grafaiai|Focus Sash|[from] move: Knock Off|[of] p2a: Gliscor
|
|upkeep
|turn|13
|inactive|SaiyanSage has 120 seconds left.
|
|t:|1776054163
|move|p1a: Grafaiai|Toxic|p2a: Gliscor
|-status|p2a: Gliscor|tox
|move|p2a: Gliscor|Stealth Rock|p1a: Grafaiai
|-sidestart|p1: SaiyanSage|move: Stealth Rock
|
|upkeep
|turn|14
|
|t:|1776054172
|move|p1a: Grafaiai|Encore|p2a: Gliscor
|-start|p2a: Gliscor|Encore
|move|p2a: Gliscor|Stealth Rock||[still]
|-fail|p2a: Gliscor
|
|upkeep
|turn|15
|
|t:|1776054185
|move|p1a: Grafaiai|Parting Shot|p2a: Gliscor
|-unboost|p2a: Gliscor|atk|1
|-unboost|p2a: Gliscor|spa|1
|
|t:|1776054189
|switch|p1a: Darkrai|Darkrai|100/100|[from] Parting Shot
|-damage|p1a: Darkrai|88/100|[from] Stealth Rock
|move|p2a: Gliscor|Stealth Rock||[still]
|-fail|p2a: Gliscor
|
|upkeep
|turn|16
|
|t:|1776054194
|switch|p2a: Alomomola|Alomomola, F|100/100
|move|p1a: Darkrai|Substitute|p1a: Darkrai
|-start|p1a: Darkrai|Substitute
|-damage|p1a: Darkrai|63/100
|
|upkeep
|turn|17
|
|t:|1776054198
|move|p1a: Darkrai|Nasty Plot|p1a: Darkrai
|-boost|p1a: Darkrai|spa|2
|move|p2a: Alomomola|Flip Turn|p1a: Darkrai
|-activate|p1a: Darkrai|move: Substitute|[damage]
|
|t:|1776054218
|switch|p2a: Gliscor|Gliscor, M|100/100 tox|[from] Flip Turn
|
|upkeep
|turn|18
|
|t:|1776054224
|move|p1a: Darkrai|Dark Pulse|p2a: Gliscor
|-damage|p2a: Gliscor|13/100 tox
|move|p2a: Gliscor|Earthquake|p1a: Darkrai
|-end|p1a: Darkrai|Substitute
|
|-heal|p2a: Gliscor|19/100 tox|[from] item: Leftovers
|-heal|p2a: Gliscor|31/100 tox|[from] ability: Poison Heal
|upkeep
|turn|19
|
|t:|1776054230
|move|p1a: Darkrai|Substitute|p1a: Darkrai
|-start|p1a: Darkrai|Substitute
|-damage|p1a: Darkrai|38/100
|move|p2a: Gliscor|Earthquake|p1a: Darkrai
|-end|p1a: Darkrai|Substitute
|
|-heal|p2a: Gliscor|38/100 tox|[from] item: Leftovers
|-heal|p2a: Gliscor|50/100 tox|[from] ability: Poison Heal
|upkeep
|turn|20
|
|t:|1776054234
|move|p1a: Darkrai|Dark Pulse|p2a: Gliscor
|-damage|p2a: Gliscor|0 fnt
|faint|p2a: Gliscor
|
|upkeep
|
|t:|1776054242
|switch|p2a: Salamence|Salamence, M|100/100
|turn|21
|
|t:|1776054265
|-terastallize|p2a: Salamence|Dragon
|move|p2a: Salamence|Outrage|p1a: Darkrai
|-damage|p1a: Darkrai|0 fnt
|faint|p1a: Darkrai
|-ability|p2a: Salamence|Moxie|boost
|-boost|p2a: Salamence|atk|1
|
|upkeep
|
|t:|1776054293
|switch|p1a: Kingambit|Kingambit, M, tera:Fairy|8/100
|-damage|p1a: Kingambit|0 fnt|[from] Stealth Rock
|faint|p1a: Kingambit
|-end|p1a: Kingambit|fallenundefined|[silent]
|
|t:|1776054299
|switch|p1a: Grafaiai|Grafaiai, F|74/100
|-damage|p1a: Grafaiai|62/100|[from] Stealth Rock
|turn|22
|
|t:|1776054303
|move|p1a: Grafaiai|Parting Shot|p2a: Salamence
|-unboost|p2a: Salamence|atk|1
|-unboost|p2a: Salamence|spa|1
|
|t:|1776054304
|switch|p1a: Landorus|Landorus-Therian, M|84/100|[from] Parting Shot
|-damage|p1a: Landorus|72/100|[from] Stealth Rock
|-ability|p1a: Landorus|Intimidate|boost
|-unboost|p2a: Salamence|atk|1
|move|p2a: Salamence|Outrage|p1a: Landorus|[from] lockedmove
|-damage|p1a: Landorus|0 fnt
|faint|p1a: Landorus
|-ability|p2a: Salamence|Moxie|boost
|-boost|p2a: Salamence|atk|1
|
|upkeep
|
|t:|1776054306
|switch|p1a: Grafaiai|Grafaiai, F|62/100
|-damage|p1a: Grafaiai|49/100|[from] Stealth Rock
|turn|23
|
|t:|1776054311
|move|p1a: Grafaiai|Parting Shot|p2a: Salamence
|-unboost|p2a: Salamence|atk|1
|-unboost|p2a: Salamence|spa|1
|
|t:|1776054312
|switch|p1a: Iron Hands|Iron Hands|91/100|[from] Parting Shot
|-damage|p1a: Iron Hands|85/100|[from] Stealth Rock
|move|p2a: Salamence|Outrage|p1a: Iron Hands|[from] lockedmove
|-damage|p1a: Iron Hands|48/100
|-start|p2a: Salamence|confusion|[fatigue]
|
|upkeep
|turn|24
|
|t:|1776054315
|-activate|p2a: Salamence|confusion
|-damage|p2a: Salamence|87/100|[from] confusion
|move|p1a: Iron Hands|Drain Punch|p2a: Salamence
|-damage|p2a: Salamence|37/100
|-heal|p1a: Iron Hands|67/100|[from] drain|[of] p2a: Salamence
|
|upkeep
|turn|25
|
|t:|1776054321
|-end|p2a: Salamence|confusion
|move|p2a: Salamence|Outrage|p1a: Iron Hands
|-damage|p1a: Iron Hands|28/100
|move|p1a: Iron Hands|Drain Punch|p2a: Salamence
|-damage|p2a: Salamence|0 fnt
|-heal|p1a: Iron Hands|41/100|[from] drain|[of] p2a: Salamence
|faint|p2a: Salamence
|
|upkeep
|
|t:|1776054329
|switch|p2a: Cinderace|Cinderace, F|100/100
|turn|26
|
|t:|1776054335
|move|p2a: Cinderace|Pyro Ball|p1a: Iron Hands
|-damage|p1a: Iron Hands|5/100
|move|p1a: Iron Hands|Facade|p2a: Cinderace
|-damage|p2a: Cinderace|63/100
|
|upkeep
|turn|27
|-message|SaiyanSage forfeited.
|
|win|fswdd
|raw|SaiyanSage's rating: 1164 &rarr; <strong>1140</strong><br />(-24 for losing)
|raw|fswdd's rating: 1174 &rarr; <strong>1198</strong><br />(+24 for winning)
|l|☆SaiyanSage
|player|p1|
|l|☆fswdd
|player|p2|
