|html|<div class="broadcast-blue"><strong>[Gen 9] OU is currently suspecting Tera Blast! For information on how to participate check out the <a href="https://www.smogon.com/tools/suspects/view/200">suspect thread</a>.</strong></div>
|j|‽pigeon_lmao
|j|☆Gym Leader Hugs
|t:|1776209265
|gametype|singles
|player|p1|pigeon_lmao|2|1211
|player|p2|Gym Leader Hugs|266|1268
|gen|9
|tier|[Gen 9] OU
|rated|
|rule|HP Percentage Mod: HP is shown in percentages
|rule|Endless Battle Clause: Forcing endless battles is banned
|rule|Species Clause: Limit one of each Pokémon
|rule|OHKO Clause: OHKO moves are banned
|rule|Evasion Items Clause: Evasion items are banned
|rule|Evasion Moves Clause: Evasion moves are banned
|rule|Evasion Abilities Clause: Evasion abilities are banned
|rule|Sleep Moves Clause: Sleep-inducing moves are banned
|clearpoke
|poke|p1|Goodra-Hisui, M|
|poke|p1|Great Tusk|
|poke|p1|Garganacl, F|
|poke|p1|Sylveon, F|
|poke|p1|Meowscarada, F|
|poke|p1|Alomomola, F|
|poke|p2|Torkoal, F|
|poke|p2|Walking Wake|
|poke|p2|Slither Wing|
|poke|p2|Hatterene, F|
|poke|p2|Iron Moth|
|poke|p2|Landorus-Therian, M|
|teampreview
|inactive|Battle timer is ON: inactive players will automatically lose when time's up. (requested by pigeon_lmao)
|inactive|Gym Leader Hugs also wants the timer to be on.
|j| ohko_smeargle
|c|☆Gym Leader Hugs|gl hf
|
|t:|1776209280
|teamsize|p1|6
|teamsize|p2|6
|start
|switch|p1a: Garganacl|Garganacl, F, shiny|100/100
|switch|p2a: Torkoal|Torkoal, F|100/100
|-weather|SunnyDay|[from] ability: Drought|[of] p2a: Torkoal
|turn|1
|
|t:|1776209288
|move|p1a: Garganacl|Stealth Rock|p2a: Torkoal
|-sidestart|p2: Gym Leader Hugs|move: Stealth Rock
|move|p2a: Torkoal|Stealth Rock|p1a: Garganacl
|-sidestart|p1: pigeon_lmao|move: Stealth Rock
|
|-weather|SunnyDay|[upkeep]
|upkeep
|turn|2
|
|t:|1776209294
|move|p1a: Garganacl|Salt Cure|p2a: Torkoal
|-supereffective|p2a: Torkoal
|-damage|p2a: Torkoal|78/100
|-start|p2a: Torkoal|Salt Cure
|move|p2a: Torkoal|Rapid Spin|p1a: Garganacl
|-resisted|p1a: Garganacl
|-damage|p1a: Garganacl|98/100
|-boost|p2a: Torkoal|spe|1
|-sideend|p2: Gym Leader Hugs|Stealth Rock|[from] move: Rapid Spin|[of] p2a: Torkoal
|
|-weather|SunnyDay|[upkeep]
|-heal|p1a: Garganacl|100/100|[from] item: Leftovers
|-damage|p2a: Torkoal|66/100|[from] Salt Cure
|upkeep
|turn|3
|
|t:|1776209308
|switch|p2a: Hatterene|Hatterene, F|100/100
|move|p1a: Garganacl|Salt Cure|p2a: Hatterene
|-damage|p2a: Hatterene|89/100
|-start|p2a: Hatterene|Salt Cure
|-enditem|p2a: Hatterene|Eject Button
|
|t:|1776209317
|switch|p2a: Walking Wake|Walking Wake|100/100
|-activate|p2a: Walking Wake|ability: Protosynthesis
|-start|p2a: Walking Wake|protosynthesisspa
|
|-weather|SunnyDay|[upkeep]
|upkeep
|turn|4
|
|t:|1776209329
|switch|p1a: Goodra|Goodra-Hisui, M|100/100
|-damage|p1a: Goodra|94/100|[from] Stealth Rock
|move|p2a: Walking Wake|Flip Turn|p1a: Goodra
|-resisted|p1a: Goodra
|-damage|p1a: Goodra|90/100
|
|t:|1776209339
|-end|p2a: Walking Wake|Protosynthesis|[silent]
|switch|p2a: Slither Wing|Slither Wing, shiny|100/100|[from] Flip Turn
|-activate|p2a: Slither Wing|ability: Protosynthesis
|-start|p2a: Slither Wing|protosynthesisatk
|
|-weather|SunnyDay|[upkeep]
|upkeep
|turn|5
|
|t:|1776209348
|switch|p1a: Sylveon|Sylveon, F|100/100
|-damage|p1a: Sylveon|88/100|[from] Stealth Rock
|move|p2a: Slither Wing|Close Combat|p1a: Sylveon
|-resisted|p1a: Sylveon
|-damage|p1a: Sylveon|56/100
|-unboost|p2a: Slither Wing|def|1
|-unboost|p2a: Slither Wing|spd|1
|
|-weather|SunnyDay|[upkeep]
|-heal|p1a: Sylveon|62/100|[from] item: Leftovers
|upkeep
|turn|6
|
|t:|1776209360
|move|p2a: Slither Wing|U-turn|p1a: Sylveon
|-resisted|p1a: Sylveon
|-damage|p1a: Sylveon|43/100
|
|t:|1776209367
|-end|p2a: Slither Wing|Protosynthesis|[silent]
|switch|p2a: Landorus|Landorus-Therian, M|100/100|[from] U-turn
|-ability|p2a: Landorus|Intimidate|boost
|-unboost|p1a: Sylveon|atk|1
|move|p1a: Sylveon|Hyper Voice|p2a: Landorus
|-damage|p2a: Landorus|45/100
|
|-weather|SunnyDay|[upkeep]
|-heal|p1a: Sylveon|49/100|[from] item: Leftovers
|upkeep
|turn|7
|
|t:|1776209377
|move|p2a: Landorus|Earthquake|p1a: Sylveon
|-damage|p1a: Sylveon|4/100
|move|p1a: Sylveon|Hyper Voice|p2a: Landorus
|-damage|p2a: Landorus|0 fnt
|faint|p2a: Landorus
|
|-weather|SunnyDay|[upkeep]
|-heal|p1a: Sylveon|10/100|[from] item: Leftovers
|upkeep
|
|t:|1776209391
|switch|p2a: Slither Wing|Slither Wing, shiny|100/100
|-activate|p2a: Slither Wing|ability: Protosynthesis
|-start|p2a: Slither Wing|protosynthesisatk
|turn|8
|
|t:|1776209396
|move|p1a: Sylveon|Protect|p1a: Sylveon
|-singleturn|p1a: Sylveon|Protect
|move|p2a: Slither Wing|U-turn|p1a: Sylveon
|-activate|p1a: Sylveon|move: Protect
|
|-weather|none
|-end|p2a: Slither Wing|Protosynthesis
|-heal|p1a: Sylveon|16/100|[from] item: Leftovers
|upkeep
|turn|9
|
|t:|1776209407
|move|p2a: Slither Wing|U-turn|p1a: Sylveon
|-resisted|p1a: Sylveon
|-damage|p1a: Sylveon|1/100
|
|t:|1776209411
|-end|p2a: Slither Wing|Protosynthesis|[silent]
|switch|p2a: Torkoal|Torkoal, F|66/100|[from] U-turn
|-weather|SunnyDay|[from] ability: Drought|[of] p2a: Torkoal
|move|p1a: Sylveon|Hyper Voice|p2a: Torkoal
|-resisted|p2a: Torkoal
|-damage|p2a: Torkoal|46/100
|
|-weather|SunnyDay|[upkeep]
|-heal|p1a: Sylveon|7/100|[from] item: Leftovers
|upkeep
|turn|10
|
|t:|1776209422
|move|p1a: Sylveon|Protect|p1a: Sylveon
|-singleturn|p1a: Sylveon|Protect
|move|p2a: Torkoal|Lava Plume|p1a: Sylveon
|-activate|p1a: Sylveon|move: Protect
|
|-weather|SunnyDay|[upkeep]
|-heal|p1a: Sylveon|13/100|[from] item: Leftovers
|upkeep
|turn|11
|
|t:|1776209430
|move|p1a: Sylveon|Wish|p1a: Sylveon
|move|p2a: Torkoal|Lava Plume|p1a: Sylveon
|-damage|p1a: Sylveon|0 fnt
|faint|p1a: Sylveon
|
|-weather|SunnyDay|[upkeep]
|upkeep
|
|t:|1776209441
|switch|p1a: Garganacl|Garganacl, F, shiny|100/100
|-damage|p1a: Garganacl|88/100|[from] Stealth Rock
|turn|12
|
|t:|1776209446
|switch|p2a: Hatterene|Hatterene, F|89/100
|move|p1a: Garganacl|Salt Cure|p2a: Hatterene
|-damage|p2a: Hatterene|78/100
|-start|p2a: Hatterene|Salt Cure
|
|-weather|SunnyDay|[upkeep]
|-heal|p1a: Garganacl|100/100|[from] move: Wish|[wisher] Sylveon
|-damage|p2a: Hatterene|65/100|[from] Salt Cure
|upkeep
|turn|13
|
|t:|1776209460
|move|p2a: Hatterene|Nuzzle|p1a: Garganacl
|-damage|p1a: Garganacl|99/100
|move|p1a: Garganacl|Curse|p1a: Garganacl
|-unboost|p1a: Garganacl|spe|1
|-boost|p1a: Garganacl|atk|1
|-boost|p1a: Garganacl|def|1
|
|-weather|SunnyDay|[upkeep]
|-heal|p1a: Garganacl|100/100|[from] item: Leftovers
|-damage|p2a: Hatterene|53/100|[from] Salt Cure
|upkeep
|turn|14
|
|t:|1776209471
|switch|p2a: Walking Wake|Walking Wake|100/100
|-activate|p2a: Walking Wake|ability: Protosynthesis
|-start|p2a: Walking Wake|protosynthesisspa
|move|p1a: Garganacl|Salt Cure|p2a: Walking Wake
|-damage|p2a: Walking Wake|77/100
|-start|p2a: Walking Wake|Salt Cure
|
|-weather|SunnyDay|[upkeep]
|-damage|p2a: Walking Wake|52/100|[from] Salt Cure
|upkeep
|turn|15
|
|t:|1776209489
|switch|p1a: Goodra|Goodra-Hisui, M|90/100
|-damage|p1a: Goodra|84/100|[from] Stealth Rock
|move|p2a: Walking Wake|Hydro Steam|p1a: Goodra
|-resisted|p1a: Goodra
|-damage|p1a: Goodra|57/100
|
|-weather|SunnyDay|[upkeep]
|-damage|p2a: Walking Wake|28/100|[from] Salt Cure
|upkeep
|turn|16
|
|t:|1776209502
|-end|p2a: Walking Wake|Protosynthesis|[silent]
|switch|p2a: Hatterene|Hatterene, F|53/100
|move|p1a: Goodra|Thunderbolt|p2a: Hatterene
|-crit|p2a: Hatterene
|-damage|p2a: Hatterene|6/100
|
|-weather|none
|upkeep
|turn|17
|
|t:|1776209510
|move|p1a: Goodra|Flash Cannon|p2a: Hatterene
|-supereffective|p2a: Hatterene
|-damage|p2a: Hatterene|0 fnt
|faint|p2a: Hatterene
|
|upkeep
|
|t:|1776209524
|switch|p2a: Slither Wing|Slither Wing, shiny|100/100
|turn|18
|
|t:|1776209528
|move|p2a: Slither Wing|Close Combat|p1a: Goodra
|-supereffective|p1a: Goodra
|-damage|p1a: Goodra|0 fnt
|-unboost|p2a: Slither Wing|def|1
|-unboost|p2a: Slither Wing|spd|1
|faint|p1a: Goodra
|
|upkeep
|
|t:|1776209535
|switch|p1a: Alomomola|Alomomola, F|100/100
|-damage|p1a: Alomomola|88/100|[from] Stealth Rock
|turn|19
|
|t:|1776209542
|move|p2a: Slither Wing|U-turn|p1a: Alomomola
|-damage|p1a: Alomomola|68/100
|-damage|p2a: Slither Wing|84/100|[from] item: Rocky Helmet|[of] p1a: Alomomola
|
|t:|1776209546
|-end|p2a: Slither Wing|Protosynthesis|[silent]
|switch|p2a: Torkoal|Torkoal, F|46/100|[from] U-turn
|-weather|SunnyDay|[from] ability: Drought|[of] p2a: Torkoal
|move|p1a: Alomomola|Scald|p2a: Torkoal
|-supereffective|p2a: Torkoal
|-damage|p2a: Torkoal|34/100
|
|-weather|SunnyDay|[upkeep]
|upkeep
|turn|20
|
|t:|1776209557
|move|p1a: Alomomola|Flip Turn|p2a: Torkoal
|-supereffective|p2a: Torkoal
|-damage|p2a: Torkoal|23/100
|
|t:|1776209561
|switch|p1a: Garganacl|Garganacl, F, shiny|100/100|[from] Flip Turn
|-damage|p1a: Garganacl|88/100|[from] Stealth Rock
|move|p2a: Torkoal|Will-O-Wisp|p1a: Garganacl
|-immune|p1a: Garganacl|[from] ability: Purifying Salt
|
|-weather|SunnyDay|[upkeep]
|-heal|p1a: Garganacl|94/100|[from] item: Leftovers
|upkeep
|turn|21
|
|t:|1776209585
|switch|p2a: Slither Wing|Slither Wing, shiny|84/100
|-activate|p2a: Slither Wing|ability: Protosynthesis
|-start|p2a: Slither Wing|protosynthesisatk
|move|p1a: Garganacl|Stealth Rock|p2a: Slither Wing
|-sidestart|p2: Gym Leader Hugs|move: Stealth Rock
|
|-weather|SunnyDay|[upkeep]
|-heal|p1a: Garganacl|100/100|[from] item: Leftovers
|upkeep
|turn|22
|
|t:|1776209596
|-terastallize|p1a: Garganacl|Flying
|move|p2a: Slither Wing|Close Combat|p1a: Garganacl
|-resisted|p1a: Garganacl
|-damage|p1a: Garganacl|78/100
|-unboost|p2a: Slither Wing|def|1
|-unboost|p2a: Slither Wing|spd|1
|move|p1a: Garganacl|Salt Cure|p2a: Slither Wing
|-damage|p2a: Slither Wing|59/100
|-start|p2a: Slither Wing|Salt Cure
|
|-weather|SunnyDay|[upkeep]
|-heal|p1a: Garganacl|84/100|[from] item: Leftovers
|-damage|p2a: Slither Wing|46/100|[from] Salt Cure
|upkeep
|turn|23
|
|t:|1776209610
|move|p2a: Slither Wing|Flare Blitz|p1a: Garganacl
|-damage|p1a: Garganacl|39/100
|-damage|p2a: Slither Wing|27/100|[from] Recoil
|move|p1a: Garganacl|Salt Cure|p2a: Slither Wing
|-damage|p2a: Slither Wing|1/100
|
|-weather|SunnyDay|[upkeep]
|-heal|p1a: Garganacl|45/100|[from] item: Leftovers
|-damage|p2a: Slither Wing|0 fnt|[from] Salt Cure
|faint|p2a: Slither Wing
|-end|p2a: Slither Wing|Protosynthesis|[silent]
|upkeep
|
|t:|1776209617
|switch|p2a: Iron Moth|Iron Moth|100/100
|-damage|p2a: Iron Moth|76/100|[from] Stealth Rock
|turn|24
|
|t:|1776209626
|move|p2a: Iron Moth|Fiery Dance|p1a: Garganacl
|-damage|p1a: Garganacl|0 fnt
|-boost|p2a: Iron Moth|spa|1
|faint|p1a: Garganacl
|
|-weather|SunnyDay|[upkeep]
|upkeep
|
|t:|1776209634
|switch|p1a: Great Tusk|Great Tusk|100/100
|-damage|p1a: Great Tusk|98/100|[from] Stealth Rock
|-activate|p1a: Great Tusk|ability: Protosynthesis
|-start|p1a: Great Tusk|protosynthesisatk
|turn|25
|
|t:|1776209640
|move|p2a: Iron Moth|Fiery Dance|p1a: Great Tusk
|-damage|p1a: Great Tusk|0 fnt
|-boost|p2a: Iron Moth|spa|1
|faint|p1a: Great Tusk
|-end|p1a: Great Tusk|Protosynthesis|[silent]
|
|-weather|SunnyDay|[upkeep]
|upkeep
|
|t:|1776209653
|switch|p1a: Alomomola|Alomomola, F|100/100
|-damage|p1a: Alomomola|88/100|[from] Stealth Rock
|turn|26
|
|t:|1776209658
|move|p2a: Iron Moth|Fiery Dance|p1a: Alomomola
|-resisted|p1a: Alomomola
|-damage|p1a: Alomomola|0 fnt
|-boost|p2a: Iron Moth|spa|1
|faint|p1a: Alomomola
|
|-weather|none
|upkeep
|
|t:|1776209665
|switch|p1a: Meowscarada|Meowscarada, F|100/100
|-damage|p1a: Meowscarada|88/100|[from] Stealth Rock
|turn|27
|
|t:|1776209676
|move|p1a: Meowscarada|Knock Off|p2a: Iron Moth
|-start|p1a: Meowscarada|typechange|Dark|[from] ability: Protean
|-damage|p2a: Iron Moth|0 fnt
|-enditem|p2a: Iron Moth|Choice Specs|[from] move: Knock Off|[of] p1a: Meowscarada
|faint|p2a: Iron Moth
|-end|p2a: Iron Moth|Quark Drive|[silent]
|
|upkeep
|
|t:|1776209683
|switch|p2a: Torkoal|Torkoal, F|23/100
|-damage|p2a: Torkoal|0 fnt|[from] Stealth Rock
|faint|p2a: Torkoal
|
|t:|1776209684
|switch|p2a: Walking Wake|Walking Wake|28/100
|-damage|p2a: Walking Wake|15/100|[from] Stealth Rock
|turn|28
|
|t:|1776209692
|-terastallize|p2a: Walking Wake|Water
|move|p1a: Meowscarada|Knock Off|p2a: Walking Wake
|-damage|p2a: Walking Wake|0 fnt
|-enditem|p2a: Walking Wake|Choice Specs|[from] move: Knock Off|[of] p1a: Meowscarada
|faint|p2a: Walking Wake
|-end|p2a: Walking Wake|Protosynthesis|[silent]
|
|win|pigeon_lmao
|raw|pigeon_lmao's rating: 1211 &rarr; <strong>1240</strong><br />(+29 for winning)
|raw|Gym Leader Hugs's rating: 1268 &rarr; <strong>1239</strong><br />(-29 for losing)
