|html|<div class="broadcast-blue"><strong>[Gen 9] OU is currently suspecting Tera Blast! For information on how to participate check out the <a href="https://www.smogon.com/tools/suspects/view/200">suspect thread</a>.</strong></div>
|j|☆fortnite vbucks
|j|☆danfoxdude
|t:|1776052952
|gametype|singles
|player|p1|fortnite vbucks|marlon|1361
|player|p2|danfoxdude|2|1364
|gen|9
|tier|[Gen 9] OU
|rated|
|rule|HP Percentage Mod: HP is shown in percentages
|rule|Endless Battle Clause: Forcing endless battles is banned
|rule|Species Clause: Limit one of each Pokémon
|rule|OHKO Clause: OHKO moves are banned
|rule|Evasion Items Clause: Evasion items are banned
|rule|Evasion Moves Clause: Evasion moves are banned
|rule|Evasion Abilities Clause: Evasion abilities are banned
|rule|Sleep Moves Clause: Sleep-inducing moves are banned
|clearpoke
|poke|p1|Blaziken, M|
|poke|p1|Arcanine-Hisui, F|
|poke|p1|Ninetales, F|
|poke|p1|Walking Wake|
|poke|p1|Gliscor, M|
|poke|p1|Slowking-Galar, M|
|poke|p2|Skeledirge, M|
|poke|p2|Garganacl, M|
|poke|p2|Tinkaton, F|
|poke|p2|Ogerpon-Wellspring, F|
|poke|p2|Great Tusk|
|poke|p2|Iron Moth|
|teampreview
|inactive|Battle timer is ON: inactive players will automatically lose when time's up. (requested by fortnite vbucks)
|
|t:|1776052983
|teamsize|p1|6
|teamsize|p2|6
|start
|switch|p1a: Ninetales|Ninetales, F, shiny|100/100
|switch|p2a: Iron Moth|Iron Moth|100/100
|-weather|SunnyDay|[from] ability: Drought|[of] p1a: Ninetales
|-enditem|p2a: Iron Moth|Booster Energy
|-activate|p2a: Iron Moth|ability: Quark Drive|[fromitem]
|-start|p2a: Iron Moth|quarkdrivespe
|turn|1
|
|t:|1776052995
|move|p2a: Iron Moth|Sludge Wave|p1a: Ninetales
|-damage|p1a: Ninetales|43/100
|move|p1a: Ninetales|Scorching Sands|p2a: Iron Moth
|-supereffective|p2a: Iron Moth
|-damage|p2a: Iron Moth|0 fnt
|faint|p2a: Iron Moth
|-end|p2a: Iron Moth|Quark Drive|[silent]
|
|-weather|SunnyDay|[upkeep]
|upkeep
|
|t:|1776053001
|switch|p2a: Great Tusk|Great Tusk|100/100
|-activate|p2a: Great Tusk|ability: Protosynthesis
|-start|p2a: Great Tusk|protosynthesisatk
|turn|2
|c|☆danfoxdude|Don't run
|
|t:|1776053007
|switch|p1a: Gliscor|Gliscor, M, shiny|100/100
|move|p2a: Great Tusk|Rapid Spin|p1a: Gliscor
|-damage|p1a: Gliscor|86/100
|-boost|p2a: Great Tusk|spe|1
|
|-weather|SunnyDay|[upkeep]
|-status|p1a: Gliscor|tox|[from] item: Toxic Orb
|upkeep
|turn|3
|c|☆fortnite vbucks|I'm running
|c|☆danfoxdude|You ran.
|
|t:|1776053021
|move|p1a: Gliscor|Protect|p1a: Gliscor
|-singleturn|p1a: Gliscor|Protect
|move|p2a: Great Tusk|Ice Spinner|p1a: Gliscor
|-activate|p1a: Gliscor|move: Protect
|
|-weather|SunnyDay|[upkeep]
|-heal|p1a: Gliscor|99/100 tox|[from] ability: Poison Heal
|upkeep
|turn|4
|c|☆danfoxdude|That wasn't ice
|c|☆danfoxdude|That was blue food dye
|c|☆fortnite vbucks|cap
|c|☆danfoxdude|Nuh uh
|
|t:|1776053050
|switch|p1a: Walking Wake|Walking Wake|100/100
|-activate|p1a: Walking Wake|ability: Protosynthesis
|-start|p1a: Walking Wake|protosynthesisspe
|move|p2a: Great Tusk|Close Combat|p1a: Walking Wake
|-damage|p1a: Walking Wake|1/100
|-unboost|p2a: Great Tusk|def|1
|-unboost|p2a: Great Tusk|spd|1
|
|-weather|SunnyDay|[upkeep]
|upkeep
|turn|5
|c|☆danfoxdude|Uh
|c|☆danfoxdude|RAHHHHH
|c|☆fortnite vbucks|fah
|c|☆danfoxdude|YOU MADE ME DO THAT
|
|t:|1776053067
|-end|p2a: Great Tusk|Protosynthesis|[silent]
|switch|p2a: Ogerpon|Ogerpon-Wellspring, F|100/100
|move|p1a: Walking Wake|Hydro Steam|p2a: Ogerpon
|-immune|p2a: Ogerpon|[from] ability: Water Absorb
|
|-weather|none
|-end|p1a: Walking Wake|Protosynthesis
|upkeep
|turn|6
|c|☆danfoxdude|Refreshing
|
|t:|1776053082
|-end|p1a: Walking Wake|Protosynthesis|[silent]
|switch|p1a: Slowking|Slowking-Galar, M, shiny|100/100
|move|p2a: Ogerpon|Swords Dance|p2a: Ogerpon
|-boost|p2a: Ogerpon|atk|2
|
|upkeep
|turn|7
|c|☆danfoxdude|Don't run-
|c|☆danfoxdude|See now I gotta knock his block off
|
|t:|1776053093
|move|p2a: Ogerpon|Ivy Cudgel|p1a: Slowking|[anim] Ivy Cudgel Water
|-damage|p1a: Slowking|0 fnt
|faint|p1a: Slowking
|
|upkeep
|c|☆danfoxdude|Oos oos
|
|t:|1776053100
|switch|p1a: Ninetales|Ninetales, F, shiny|43/100
|-weather|SunnyDay|[from] ability: Drought|[of] p1a: Ninetales
|turn|8
|c|☆danfoxdude|She's lethal
|
|t:|1776053111
|move|p2a: Ogerpon|Ivy Cudgel|p1a: Ninetales|[anim] Ivy Cudgel Water
|-supereffective|p1a: Ninetales
|-damage|p1a: Ninetales|0 fnt
|faint|p1a: Ninetales
|
|-weather|SunnyDay|[upkeep]
|upkeep
|
|t:|1776053119
|switch|p1a: Walking Wake|Walking Wake|1/100
|-activate|p1a: Walking Wake|ability: Protosynthesis
|-start|p1a: Walking Wake|protosynthesisspe
|turn|9
|c|☆danfoxdude|The last bit of sunlight
|c|☆fortnite vbucks|facts
|c|☆danfoxdude|It's time to feast Ogerpon
|
|t:|1776053136
|move|p1a: Walking Wake|Draco Meteor|p2a: Ogerpon
|-damage|p2a: Ogerpon|4/100
|-unboost|p1a: Walking Wake|spa|2
|-damage|p1a: Walking Wake|0 fnt|[from] item: Life Orb
|faint|p1a: Walking Wake
|-end|p1a: Walking Wake|Protosynthesis|[silent]
|move|p2a: Ogerpon|Horn Leech|p1: Walking Wake|[notarget]
|-fail|p2a: Ogerpon
|
|-weather|SunnyDay|[upkeep]
|upkeep
|c|☆danfoxdude|Guh
|c|☆danfoxdude|Nice try!
|
|t:|1776053148
|switch|p1a: Arcanine|Arcanine-Hisui, F, shiny|100/100
|-ability|p1a: Arcanine|Intimidate|boost
|-unboost|p2a: Ogerpon|atk|1
|turn|10
|c|☆fortnite vbucks|wild
|c|☆danfoxdude|What's he gonna do?
|c|☆danfoxdude|Get rinsed
|
|t:|1776053162
|move|p1a: Arcanine|Extreme Speed|p2a: Ogerpon
|-damage|p2a: Ogerpon|0 fnt
|faint|p2a: Ogerpon
|
|-weather|SunnyDay|[upkeep]
|upkeep
|c|☆danfoxdude|Sicko
|
|t:|1776053171
|switch|p2a: Great Tusk|Great Tusk|100/100
|-activate|p2a: Great Tusk|ability: Protosynthesis
|-start|p2a: Great Tusk|protosynthesisatk
|turn|11
|c|☆danfoxdude|I love the sun actually...
|
|t:|1776053180
|move|p2a: Great Tusk|Rapid Spin|p1a: Arcanine
|-resisted|p1a: Arcanine
|-damage|p1a: Arcanine|90/100
|-boost|p2a: Great Tusk|spe|1
|move|p1a: Arcanine|Temper Flare|p2a: Great Tusk
|-damage|p2a: Great Tusk|62/100
|
|-weather|SunnyDay|[upkeep]
|upkeep
|turn|12
|
|t:|1776053189
|switch|p1a: Gliscor|Gliscor, M, shiny|99/100 tox
|move|p2a: Great Tusk|Headlong Rush|p1a: Gliscor
|-immune|p1a: Gliscor
|
|-weather|none
|-end|p2a: Great Tusk|Protosynthesis
|-heal|p1a: Gliscor|100/100 tox|[from] ability: Poison Heal
|upkeep
|-enditem|p2a: Great Tusk|Booster Energy
|-activate|p2a: Great Tusk|ability: Protosynthesis|[fromitem]
|-start|p2a: Great Tusk|protosynthesisspe
|turn|13
|c|☆danfoxdude|Shhh...
|c|☆danfoxdude|cmere!
|
|t:|1776053205
|switch|p1a: Arcanine|Arcanine-Hisui, F, shiny|90/100
|-ability|p1a: Arcanine|Intimidate|boost
|-unboost|p2a: Great Tusk|atk|1
|move|p2a: Great Tusk|Ice Spinner|p1a: Arcanine
|-resisted|p1a: Arcanine
|-damage|p1a: Arcanine|81/100
|
|upkeep
|turn|14
|c|☆danfoxdude|Faster
|c|☆danfoxdude|Stronger
|
|t:|1776053222
|move|p2a: Great Tusk|Headlong Rush|p1a: Arcanine
|-supereffective|p1a: Arcanine
|-damage|p1a: Arcanine|0 fnt
|-unboost|p2a: Great Tusk|def|1
|-unboost|p2a: Great Tusk|spd|1
|faint|p1a: Arcanine
|
|upkeep
|
|t:|1776053225
|switch|p1a: Blaziken|Blaziken, M|100/100
|turn|15
|c|☆danfoxdude|I said stronger...
|
|t:|1776053240
|move|p2a: Great Tusk|Headlong Rush|p1a: Blaziken
|-supereffective|p1a: Blaziken
|-damage|p1a: Blaziken|0 fnt
|-unboost|p2a: Great Tusk|def|1
|-unboost|p2a: Great Tusk|spd|1
|faint|p1a: Blaziken
|
|upkeep
|
|t:|1776053244
|switch|p1a: Gliscor|Gliscor, M, shiny|100/100 tox
|turn|16
|c|☆fortnite vbucks|ggz
|c|☆danfoxdude|Ace proformance
|c|☆danfoxdude|Gg
|-message|fortnite vbucks forfeited.
|
|win|danfoxdude
|raw|fortnite vbucks's rating: 1361 &rarr; <strong>1341</strong><br />(-20 for losing)
|raw|danfoxdude's rating: 1364 &rarr; <strong>1384</strong><br />(+20 for winning)
|l|☆fortnite vbucks
|player|p1|
|l|☆danfoxdude
|player|p2|
