|html|<div class="broadcast-blue"><strong>[Gen 9] OU is currently suspecting Tera Blast! For information on how to participate check out the <a href="https://www.smogon.com/tools/suspects/view/200">suspect thread</a>.</strong></div>
|j|☆kaahasahat
|j|☆dkslfsd
|t:|1776034990
|gametype|singles
|player|p1|kaahasahat|170|1718
|player|p2|dkslfsd|swimmerf-gen4dp|1660
|gen|9
|tier|[Gen 9] OU
|rated|
|rule|HP Percentage Mod: HP is shown in percentages
|rule|Endless Battle Clause: Forcing endless battles is banned
|rule|Species Clause: Limit one of each Pokémon
|rule|OHKO Clause: OHKO moves are banned
|rule|Evasion Items Clause: Evasion items are banned
|rule|Evasion Moves Clause: Evasion moves are banned
|rule|Evasion Abilities Clause: Evasion abilities are banned
|rule|Sleep Moves Clause: Sleep-inducing moves are banned
|clearpoke
|poke|p1|Dragapult, F|
|poke|p1|Iron Moth|
|poke|p1|Serperior, F|
|poke|p1|Iron Treads|
|poke|p1|Dragonite, F|
|poke|p1|Greninja-*, M|
|poke|p2|Kingambit, M|
|poke|p2|Ursaluna, M|
|poke|p2|Dragapult, F|
|poke|p2|Manaphy|
|poke|p2|Glimmora, M|
|poke|p2|Zamazenta-*|
|teampreview
|inactive|Battle timer is ON: inactive players will automatically lose when time's up. (requested by dkslfsd)
|
|t:|1776034997
|teamsize|p1|6
|teamsize|p2|6
|start
|switch|p1a: Iron Treads|Iron Treads|100/100
|switch|p2a: Glimmora|Glimmora, M|100/100
|-enditem|p1a: Iron Treads|Booster Energy
|-activate|p1a: Iron Treads|ability: Quark Drive|[fromitem]
|-start|p1a: Iron Treads|quarkdrivespe
|turn|1
|
|t:|1776035003
|move|p1a: Iron Treads|Earthquake|p2a: Glimmora
|-supereffective|p2a: Glimmora
|-enditem|p2a: Glimmora|Focus Sash
|-damage|p2a: Glimmora|1/100
|-activate|p2a: Glimmora|ability: Toxic Debris
|-sidestart|p1: kaahasahat|move: Toxic Spikes
|move|p2a: Glimmora|Earth Power|p1a: Iron Treads
|-supereffective|p1a: Iron Treads
|-damage|p1a: Iron Treads|6/100
|
|upkeep
|turn|2
|
|t:|1776035008
|switch|p2a: Dragapult|Dragapult, F|100/100
|move|p1a: Iron Treads|Rapid Spin|p2a: Dragapult
|-immune|p2a: Dragapult
|
|upkeep
|turn|3
|
|t:|1776035011
|move|p1a: Iron Treads|Stealth Rock|p2a: Dragapult
|-sidestart|p2: dkslfsd|move: Stealth Rock
|move|p2a: Dragapult|Shadow Ball|p1a: Iron Treads
|-damage|p1a: Iron Treads|0 fnt
|faint|p1a: Iron Treads
|-end|p1a: Iron Treads|Quark Drive|[silent]
|-damage|p2a: Dragapult|91/100|[from] item: Life Orb
|
|upkeep
|
|t:|1776035022
|switch|p1a: Iron Moth|Iron Moth|100/100
|-sideend|p1: kaahasahat|move: Toxic Spikes|[of] p1a: Iron Moth
|-enditem|p1a: Iron Moth|Booster Energy
|-activate|p1a: Iron Moth|ability: Quark Drive|[fromitem]
|-start|p1a: Iron Moth|quarkdrivespe
|turn|4
|
|t:|1776035027
|move|p1a: Iron Moth|Substitute|p1a: Iron Moth
|-start|p1a: Iron Moth|Substitute
|-damage|p1a: Iron Moth|76/100
|move|p2a: Dragapult|Dragon Darts|p1a: Iron Moth
|-end|p1a: Iron Moth|Substitute
|-anim|p2a: Dragapult|Dragon Darts|p1a: Iron Moth
|-damage|p1a: Iron Moth|36/100
|-damage|p2a: Dragapult|81/100|[from] item: Life Orb
|
|upkeep
|turn|5
|
|t:|1776035040
|move|p1a: Iron Moth|Sludge Wave|p2a: Dragapult
|-resisted|p2a: Dragapult
|-damage|p2a: Dragapult|41/100
|-status|p2a: Dragapult|psn
|move|p2a: Dragapult|Dragon Darts|p1a: Iron Moth
|-damage|p1a: Iron Moth|0 fnt
|faint|p1a: Iron Moth
|-end|p1a: Iron Moth|Quark Drive|[silent]
|-damage|p2a: Dragapult|31/100 psn|[from] item: Life Orb
|
|-damage|p2a: Dragapult|19/100 psn|[from] psn
|upkeep
|
|t:|1776035045
|switch|p1a: Greninja|Greninja, M|100/100
|turn|6
|
|t:|1776035062
|switch|p2a: Glimmora|Glimmora, M|1/100
|-damage|p2a: Glimmora|0 fnt|[from] Stealth Rock
|faint|p2a: Glimmora
|move|p1a: Greninja|Water Shuriken|p2: Glimmora|[notarget]
|-fail|p1a: Greninja
|
|upkeep
|
|t:|1776035075
|switch|p2a: Zamazenta|Zamazenta|100/100
|-damage|p2a: Zamazenta|94/100|[from] Stealth Rock
|-ability|p2a: Zamazenta|Dauntless Shield|boost
|-boost|p2a: Zamazenta|def|1
|turn|7
|
|t:|1776035082
|-terastallize|p1a: Greninja|Ghost
|move|p1a: Greninja|Surf|p2a: Zamazenta
|-damage|p2a: Zamazenta|49/100
|-damage|p1a: Greninja|91/100|[from] item: Life Orb
|move|p2a: Zamazenta|Light Screen|p2a: Zamazenta
|-sidestart|p2: dkslfsd|move: Light Screen
|
|upkeep
|turn|8
|
|t:|1776035089
|move|p1a: Greninja|Surf|p2a: Zamazenta
|-damage|p2a: Zamazenta|24/100
|-damage|p1a: Greninja|81/100|[from] item: Life Orb
|move|p2a: Zamazenta|Reflect|p2a: Zamazenta
|-sidestart|p2: dkslfsd|Reflect
|
|upkeep
|turn|9
|
|t:|1776035095
|switch|p2a: Manaphy|Manaphy|100/100
|-damage|p2a: Manaphy|88/100|[from] Stealth Rock
|move|p1a: Greninja|Dark Pulse|p2a: Manaphy
|-damage|p2a: Manaphy|64/100
|-damage|p1a: Greninja|71/100|[from] item: Life Orb
|
|-heal|p2a: Manaphy|71/100|[from] item: Leftovers
|upkeep
|turn|10
|
|t:|1776035116
|move|p1a: Greninja|Dark Pulse|p2a: Manaphy
|-damage|p2a: Manaphy|47/100
|-damage|p1a: Greninja|61/100|[from] item: Life Orb
|move|p2a: Manaphy|Surf|p1a: Greninja
|-damage|p1a: Greninja|3/100
|
|-heal|p2a: Manaphy|53/100|[from] item: Leftovers
|upkeep
|turn|11
|
|t:|1776035121
|move|p1a: Greninja|Dark Pulse|p2a: Manaphy
|-damage|p2a: Manaphy|30/100
|-damage|p1a: Greninja|0 fnt|[from] item: Life Orb
|faint|p1a: Greninja
|move|p2a: Manaphy|Substitute|p2a: Manaphy
|-start|p2a: Manaphy|Substitute
|-damage|p2a: Manaphy|5/100
|
|-heal|p2a: Manaphy|11/100|[from] item: Leftovers
|upkeep
|
|t:|1776035123
|switch|p1a: Serperior|Serperior, F|100/100
|turn|12
|
|t:|1776035128
|move|p1a: Serperior|Leaf Storm|p2a: Manaphy|[miss]
|-miss|p1a: Serperior|p2a: Manaphy
|move|p2a: Manaphy|Alluring Voice|p1a: Serperior
|-damage|p1a: Serperior|73/100
|
|-heal|p2a: Manaphy|17/100|[from] item: Leftovers
|upkeep
|turn|13
|
|t:|1776035135
|move|p1a: Serperior|Leaf Storm|p2a: Manaphy
|-supereffective|p2a: Manaphy
|-end|p2a: Manaphy|Substitute
|-boost|p1a: Serperior|spa|2
|move|p2a: Manaphy|Alluring Voice|p1a: Serperior
|-damage|p1a: Serperior|43/100
|-start|p1a: Serperior|confusion
|
|-heal|p2a: Manaphy|23/100|[from] item: Leftovers
|upkeep
|turn|14
|
|t:|1776035143
|-activate|p1a: Serperior|confusion
|move|p1a: Serperior|Leaf Storm|p2a: Manaphy
|-supereffective|p2a: Manaphy
|-damage|p2a: Manaphy|0 fnt
|-boost|p1a: Serperior|spa|2
|faint|p2a: Manaphy
|
|-sideend|p2: dkslfsd|move: Light Screen
|upkeep
|
|t:|1776035148
|switch|p2a: Dragapult|Dragapult, F|19/100 psn
|-damage|p2a: Dragapult|7/100 psn|[from] Stealth Rock
|turn|15
|
|t:|1776035151
|-activate|p1a: Serperior|confusion
|-damage|p1a: Serperior|36/100|[from] confusion
|move|p2a: Dragapult|Dragon Darts|p1a: Serperior
|-damage|p1a: Serperior|3/100
|-anim|p2a: Dragapult|Dragon Darts|p1a: Serperior
|-damage|p1a: Serperior|0 fnt
|faint|p1a: Serperior
|-damage|p2a: Dragapult|0 fnt|[from] item: Life Orb
|faint|p2a: Dragapult
|
|-sideend|p2: dkslfsd|Reflect
|upkeep
|
|t:|1776035159
|switch|p2a: Zamazenta|Zamazenta|24/100
|switch|p1a: Dragapult|Dragapult, F|100/100
|-damage|p2a: Zamazenta|17/100|[from] Stealth Rock
|turn|16
|
|t:|1776035162
|move|p1a: Dragapult|Dragon Darts|p2a: Zamazenta
|-damage|p2a: Zamazenta|0 fnt
|faint|p2a: Zamazenta
|
|upkeep
|
|t:|1776035165
|switch|p2a: Kingambit|Kingambit, M|100/100
|-damage|p2a: Kingambit|94/100|[from] Stealth Rock
|-activate|p2a: Kingambit|ability: Supreme Overlord
|-start|p2a: Kingambit|fallen4|[silent]
|turn|17
|
|t:|1776035169
|move|p1a: Dragapult|Will-O-Wisp|p2a: Kingambit
|-status|p2a: Kingambit|brn
|move|p2a: Kingambit|Kowtow Cleave|p1a: Dragapult
|-supereffective|p1a: Dragapult
|-enditem|p1a: Dragapult|Focus Sash
|-damage|p1a: Dragapult|1/100
|
|-damage|p2a: Kingambit|88/100 brn|[from] brn
|upkeep
|turn|18
|
|t:|1776035176
|move|p1a: Dragapult|Hex|p2a: Kingambit
|-resisted|p2a: Kingambit
|-damage|p2a: Kingambit|57/100 brn
|move|p2a: Kingambit|Swords Dance|p2a: Kingambit
|-boost|p2a: Kingambit|atk|2
|
|-damage|p2a: Kingambit|50/100 brn|[from] brn
|upkeep
|turn|19
|
|t:|1776035182
|move|p2a: Kingambit|Sucker Punch|p1a: Dragapult
|-supereffective|p1a: Dragapult
|-crit|p1a: Dragapult
|-damage|p1a: Dragapult|0 fnt
|faint|p1a: Dragapult
|
|-damage|p2a: Kingambit|44/100 brn|[from] brn
|upkeep
|
|t:|1776035183
|switch|p1a: Dragonite|Dragonite, F|100/100
|turn|20
|
|t:|1776035186
|-terastallize|p2a: Kingambit|Fairy
|move|p1a: Dragonite|Encore|p2a: Kingambit
|-start|p2a: Kingambit|Encore
|move|p2a: Kingambit|Sucker Punch||[still]
|-fail|p2a: Kingambit
|
|-damage|p2a: Kingambit|38/100 brn|[from] brn
|upkeep
|turn|21
|
|t:|1776035190
|-end|p2a: Kingambit|fallen4|[silent]
|switch|p2a: Ursaluna|Ursaluna, M|100/100
|-damage|p2a: Ursaluna|94/100|[from] Stealth Rock
|move|p1a: Dragonite|Dragon Dance|p1a: Dragonite
|-boost|p1a: Dragonite|atk|1
|-boost|p1a: Dragonite|spe|1
|
|-status|p2a: Ursaluna|brn|[from] item: Flame Orb
|upkeep
|turn|22
|c|☆dkslfsd|rip
|c|☆dkslfsd|dnite is totally fair and balanced am i right?
|inactive|kaahasahat has 120 seconds left.
|
|t:|1776035221
|move|p1a: Dragonite|Scale Shot|p2a: Ursaluna
|-damage|p2a: Ursaluna|75/100 brn
|-damage|p2a: Ursaluna|56/100 brn
|-damage|p2a: Ursaluna|39/100 brn
|-damage|p2a: Ursaluna|22/100 brn
|-hitcount|p2a: Ursaluna|4
|-unboost|p1a: Dragonite|def|1
|-boost|p1a: Dragonite|spe|1
|move|p2a: Ursaluna|Facade|p1a: Dragonite
|-damage|p1a: Dragonite|1/100
|
|-damage|p2a: Ursaluna|16/100 brn|[from] brn
|upkeep
|turn|23
|
|t:|1776035230
|move|p1a: Dragonite|Fire Punch|p2a: Ursaluna
|-damage|p2a: Ursaluna|0 fnt
|faint|p2a: Ursaluna
|
|upkeep
|
|t:|1776035232
|switch|p2a: Kingambit|Kingambit, M, tera:Fairy|38/100 brn
|-damage|p2a: Kingambit|26/100 brn|[from] Stealth Rock
|-activate|p2a: Kingambit|ability: Supreme Overlord
|-start|p2a: Kingambit|fallen5|[silent]
|turn|24
|
|t:|1776035236
|move|p1a: Dragonite|Scale Shot|p2a: Kingambit
|-immune|p2a: Kingambit
|move|p2a: Kingambit|Tera Blast|p1a: Dragonite|[anim] Tera Blast Fairy
|-supereffective|p1a: Dragonite
|-damage|p1a: Dragonite|0 fnt
|faint|p1a: Dragonite
|
|win|dkslfsd
|raw|kaahasahat's rating: 1718 &rarr; <strong>1695</strong><br />(-23 for losing)
|raw|dkslfsd's rating: 1660 &rarr; <strong>1683</strong><br />(+23 for winning)
|l|☆dkslfsd
|player|p2|
|c|☆kaahasahat|lol
|l|☆kaahasahat
|player|p1|
