|j|☆fulls
|j|☆KGotsu
|inactive|Battle timer is ON: inactive players will automatically lose when time's up.
|t:|1776039843
|gametype|singles
|player|p1|fulls|sabi|
|player|p2|KGotsu|169|
|gen|9
|tier|[Gen 9] OU
|rated|Tournament battle
|rule|HP Percentage Mod: HP is shown in percentages
|rule|Endless Battle Clause: Forcing endless battles is banned
|rule|Species Clause: Limit one of each Pokémon
|rule|OHKO Clause: OHKO moves are banned
|rule|Evasion Items Clause: Evasion items are banned
|rule|Evasion Moves Clause: Evasion moves are banned
|rule|Evasion Abilities Clause: Evasion abilities are banned
|rule|Sleep Moves Clause: Sleep-inducing moves are banned
|raw|<div class="infobox"><details class="readmore" open><summary><strong>2 custom rules:</strong></summary> Force Select = Volbeat, -houndour</details></div>
|clearpoke
|poke|p1|Deoxys-Speed|
|poke|p1|Ceruledge, M|
|poke|p1|Volbeat, M|
|poke|p1|Glimmora, F|
|poke|p1|Gliscor, F|
|poke|p1|Kingambit, F|
|poke|p2|Garganacl, F|
|poke|p2|Gliscor, M|
|poke|p2|Zamazenta-*|
|poke|p2|Gholdengo|
|poke|p2|Samurott-Hisui, F|
|poke|p2|Volbeat, M|
|teampreview
|inactive|fulls also wants the timer to be on.
|j| Lynarto
|j| i am a dirt
|c|☆fulls|hf
|c|☆KGotsu|gl
|j| Shucklepilled
|
|t:|1776039854
|teamsize|p1|6
|teamsize|p2|6
|start
|switch|p1a: Deoxys|Deoxys-Speed|100/100
|switch|p2a: Samurott|Samurott-Hisui, F, shiny|100/100
|-ability|p1a: Deoxys|Pressure
|turn|1
|
|t:|1776039857
|move|p1a: Deoxys|Reflect|p1a: Deoxys
|-sidestart|p1: fulls|Reflect
|move|p2a: Samurott|Ceaseless Edge|p1a: Deoxys
|-supereffective|p1a: Deoxys
|-damage|p1a: Deoxys|49/100
|-sidestart|p1: fulls|Spikes
|
|upkeep
|turn|2
|j| Victory Victreebel
|c| i am a dirt|this is gonna be one for the ages
|j| ceo o wo chien
|j| mortardom
|
|t:|1776039870
|switch|p1a: Glimmora|Glimmora, F|100/100
|-damage|p1a: Glimmora|88/100|[from] Spikes
|move|p2a: Samurott|Ceaseless Edge|p1a: Glimmora|[miss]
|-miss|p2a: Samurott|p1a: Glimmora
|
|upkeep
|turn|3
|c| Shucklepilled|Notice how neither team has houndour because of skymin's unjust ban
|c| i am a dirt|:(
|j| brodiewhat
|l| Shucklepilled
|
|t:|1776039899
|switch|p2a: Gliscor|Gliscor, M|100/100
|move|p1a: Glimmora|Meteor Beam||[still]
|-prepare|p1a: Glimmora|Meteor Beam
|-boost|p1a: Glimmora|spa|1
|-enditem|p1a: Glimmora|Power Herb
|-anim|p1a: Glimmora|Meteor Beam|p2a: Gliscor
|-damage|p2a: Gliscor|0 fnt
|faint|p2a: Gliscor
|
|upkeep
|j| Shucklepilled
|j| rukt
|inactive|KGotsu has 120 seconds left.
|c| brodiewhat|fulls using woke movesets
|c| brodiewhat|#noticing
|c|☆fulls|real team sorry...
|
|t:|1776039926
|switch|p2a: Gholdengo|Gholdengo|100/100
|turn|4
|j| pacdan111
|
|t:|1776039930
|move|p1a: Glimmora|Earth Power|p2a: Gholdengo
|-supereffective|p2a: Gholdengo
|-damage|p2a: Gholdengo|2/100
|-unboost|p2a: Gholdengo|spd|1
|move|p2a: Gholdengo|Make It Rain|p1a: Glimmora
|-supereffective|p1a: Glimmora
|-damage|p1a: Glimmora|0 fnt
|-unboost|p2a: Gholdengo|spa|1
|faint|p1a: Glimmora
|
|upkeep
|
|t:|1776039946
|switch|p1a: Gliscor|Gliscor, F|100/100
|turn|5
|
|t:|1776039951
|move|p1a: Gliscor|Agility|p1a: Gliscor
|-boost|p1a: Gliscor|spe|2
|move|p2a: Gholdengo|Recover|p2a: Gholdengo
|-heal|p2a: Gholdengo|52/100
|
|-status|p1a: Gliscor|tox|[from] item: Toxic Orb
|upkeep
|turn|6
|
|t:|1776039966
|switch|p2a: Samurott|Samurott-Hisui, F, shiny|100/100
|move|p1a: Gliscor|Swords Dance|p1a: Gliscor
|-boost|p1a: Gliscor|atk|2
|
|upkeep
|turn|7
|
|t:|1776039977
|-terastallize|p1a: Gliscor|Flying
|move|p1a: Gliscor|Dual Wingbeat|p2a: Samurott
|-damage|p2a: Samurott|45/100
|-damage|p2a: Samurott|0 fnt
|faint|p2a: Samurott
|-hitcount|p2: Samurott|2
|
|upkeep
|j| Pulkatz
|l| Pulkatz
|
|t:|1776039984
|switch|p2a: Garganacl|Garganacl, F|100/100
|turn|8
|
|t:|1776039987
|move|p1a: Gliscor|Earthquake|p2a: Garganacl
|-supereffective|p2a: Garganacl
|-damage|p2a: Garganacl|0 fnt
|faint|p2a: Garganacl
|
|-sideend|p1: fulls|Reflect
|upkeep
|
|t:|1776039991
|switch|p2a: Zamazenta|Zamazenta|100/100
|-ability|p2a: Zamazenta|Dauntless Shield|boost
|-boost|p2a: Zamazenta|def|1
|turn|9
|
|t:|1776039995
|move|p1a: Gliscor|Dual Wingbeat|p2a: Zamazenta
|-supereffective|p2a: Zamazenta
|-damage|p2a: Zamazenta|39/100
|-supereffective|p2a: Zamazenta
|-damage|p2a: Zamazenta|0 fnt
|faint|p2a: Zamazenta
|-hitcount|p2: Zamazenta|2
|
|upkeep
|-message|KGotsu forfeited.
|
|win|fulls
|n|☆fulls|fulls
|n|☆KGotsu|kgotsu
|n| Lynarto|lynarto
|n| i am a dirt|iamadirt
|n| Victory Victreebel|victoryvictreebel
|n| ceo o wo chien|ceoowochien
|n| mortardom|mortardom
|n| brodiewhat|brodiewhat
|n| Shucklepilled|shucklepilled
|n| rukt|rukt
|n| pacdan111|pacdan111
|l|☆KGotsu
|player|p2|
|c| Shucklepilled|KGotsu use your volbeat to stop the sweep
|l|☆fulls
|player|p1|
|l| mortardom
