|html|<div class="broadcast-blue"><strong>[Gen 9] OU is currently suspecting Tera Blast! For information on how to participate check out the <a href="https://www.smogon.com/tools/suspects/view/200">suspect thread</a>.</strong></div>
|j|☆Exopa#8998
|j|☆Alpha1Tango88888
|t:|1776252999
|gametype|singles
|player|p1|Exopa#8998|unknown|1182
|player|p2|Alpha1Tango88888|fisherman-gen4|1201
|gen|9
|tier|[Gen 9] OU
|rated|
|rule|HP Percentage Mod: HP is shown in percentages
|rule|Endless Battle Clause: Forcing endless battles is banned
|rule|Species Clause: Limit one of each Pokémon
|rule|OHKO Clause: OHKO moves are banned
|rule|Evasion Items Clause: Evasion items are banned
|rule|Evasion Moves Clause: Evasion moves are banned
|rule|Evasion Abilities Clause: Evasion abilities are banned
|rule|Sleep Moves Clause: Sleep-inducing moves are banned
|clearpoke
|poke|p1|Zoroark, M|
|poke|p1|Crabominable, F|
|poke|p1|Salamence, M|
|poke|p1|Gliscor, F|
|poke|p1|Dusclops, F|
|poke|p1|Slowking-Galar, M|
|poke|p2|Greninja-*, M|
|poke|p2|Darkrai|
|poke|p2|Kingambit, M|
|poke|p2|Ribombee, F|
|poke|p2|Walking Wake|
|poke|p2|Moltres|
|teampreview
|
|t:|1776253006
|teamsize|p1|6
|teamsize|p2|6
|start
|switch|p1a: Gliscor|Gliscor, F|100/100
|switch|p2a: Ribombee|Ribombee, F|100/100
|turn|1
|
|t:|1776253013
|move|p2a: Ribombee|Sticky Web|p1a: Gliscor
|-sidestart|p1: Exopa#8998|move: Sticky Web
|move|p1a: Gliscor|Toxic|p2a: Ribombee
|-status|p2a: Ribombee|tox
|
|-damage|p2a: Ribombee|94/100 tox|[from] psn
|-status|p1a: Gliscor|tox|[from] item: Toxic Orb
|upkeep
|turn|2
|
|t:|1776253032
|move|p2a: Ribombee|Sunny Day|p2a: Ribombee
|-weather|SunnyDay
|move|p1a: Gliscor|Stealth Rock|p2a: Ribombee
|-sidestart|p2: Alpha1Tango88888|move: Stealth Rock
|
|-weather|SunnyDay|[upkeep]
|-damage|p2a: Ribombee|82/100 tox|[from] psn
|upkeep
|turn|3
|
|t:|1776253057
|move|p2a: Ribombee|Psychic Noise|p1a: Gliscor
|-damage|p1a: Gliscor|76/100 tox
|-start|p1a: Gliscor|move: Heal Block
|move|p1a: Gliscor|U-turn|p2a: Ribombee
|-resisted|p2a: Ribombee
|-damage|p2a: Ribombee|66/100 tox
|
|t:|1776253068
|switch|p1a: Slowking|Slowking-Galar, M|100/100|[from] U-turn
|-activate|p1a: Slowking|move: Sticky Web
|-unboost|p1a: Slowking|spe|1
|
|-weather|SunnyDay|[upkeep]
|-damage|p2a: Ribombee|47/100 tox|[from] psn
|upkeep
|turn|4
|
|t:|1776253075
|move|p2a: Ribombee|Light Screen|p2a: Ribombee
|-sidestart|p2: Alpha1Tango88888|move: Light Screen
|move|p1a: Slowking|Future Sight|p2a: Ribombee
|-start|p1a: Slowking|move: Future Sight
|
|-weather|SunnyDay|[upkeep]
|-damage|p2a: Ribombee|23/100 tox|[from] psn
|upkeep
|turn|5
|
|t:|1776253085
|move|p2a: Ribombee|Psychic Noise|p1a: Slowking
|-damage|p1a: Slowking|92/100
|-start|p1a: Slowking|move: Heal Block
|move|p1a: Slowking|Sludge Bomb|p2a: Ribombee
|-supereffective|p2a: Ribombee
|-damage|p2a: Ribombee|0 fnt
|faint|p2a: Ribombee
|
|-weather|SunnyDay|[upkeep]
|upkeep
|
|t:|1776253106
|switch|p2a: Greninja|Greninja, M|100/100
|-damage|p2a: Greninja|88/100|[from] Stealth Rock
|turn|6
|inactive|Battle timer is ON: inactive players will automatically lose when time's up. (requested by Alpha1Tango88888)
|
|t:|1776253149
|-terastallize|p1a: Slowking|Poison
|move|p2a: Greninja|Dark Pulse|p1a: Slowking
|-damage|p1a: Slowking|71/100
|-damage|p2a: Greninja|78/100|[from] item: Life Orb
|cant|p1a: Slowking|flinch
|
|-weather|none
|-end|p2a: Greninja|move: Future Sight
|-immune|p2a: Greninja
|-end|p1a: Slowking|move: Heal Block
|upkeep
|turn|7
|
|t:|1776253164
|move|p2a: Greninja|Hydro Pump|p1a: Slowking
|-damage|p1a: Slowking|47/100
|-damage|p2a: Greninja|69/100|[from] item: Life Orb
|move|p1a: Slowking|Sludge Bomb|p2a: Greninja
|-damage|p2a: Greninja|31/100
|
|upkeep
|turn|8
|inactive|Alpha1Tango88888 has 120 seconds left.
|
|t:|1776253200
|switch|p2a: Moltres|Moltres|100/100
|-damage|p2a: Moltres|50/100|[from] Stealth Rock
|-ability|p2a: Moltres|Pressure
|switch|p1a: Salamence|Salamence, M|100/100
|-ability|p1a: Salamence|Intimidate|boost
|-unboost|p2a: Moltres|atk|1
|
|-heal|p2a: Moltres|57/100|[from] item: Leftovers
|-sideend|p2: Alpha1Tango88888|move: Light Screen
|upkeep
|turn|9
|
|t:|1776253215
|move|p1a: Salamence|Dragon Dance|p1a: Salamence
|-boost|p1a: Salamence|atk|1
|-boost|p1a: Salamence|spe|1
|move|p2a: Moltres|Roost|p2a: Moltres
|-heal|p2a: Moltres|100/100
|-singleturn|p2a: Moltres|move: Roost
|
|upkeep
|turn|10
|
|t:|1776253225
|move|p1a: Salamence|Dragon Dance|p1a: Salamence
|-boost|p1a: Salamence|atk|1
|-boost|p1a: Salamence|spe|1
|move|p2a: Moltres|Sunny Day|p2a: Moltres
|-weather|SunnyDay
|
|-weather|SunnyDay|[upkeep]
|upkeep
|turn|11
|
|t:|1776253238
|move|p1a: Salamence|Dual Wingbeat|p2a: Moltres
|-damage|p2a: Moltres|70/100
|-damage|p2a: Moltres|40/100
|-hitcount|p2a: Moltres|2
|move|p2a: Moltres|Roar|p1a: Salamence
|drag|p1a: Dusclops|Dusclops, F|100/100
|-activate|p1a: Dusclops|move: Sticky Web
|-unboost|p1a: Dusclops|spe|1
|
|-weather|SunnyDay|[upkeep]
|-heal|p2a: Moltres|46/100|[from] item: Leftovers
|upkeep
|turn|12
|
|t:|1776253252
|switch|p2a: Walking Wake|Walking Wake|100/100
|-damage|p2a: Walking Wake|88/100|[from] Stealth Rock
|-activate|p2a: Walking Wake|ability: Protosynthesis
|-start|p2a: Walking Wake|protosynthesisspa
|move|p1a: Dusclops|Nasty Plot|p1a: Dusclops
|-boost|p1a: Dusclops|spa|2
|
|-weather|SunnyDay|[upkeep]
|upkeep
|turn|13
|
|t:|1776253272
|move|p2a: Walking Wake|Hydro Steam|p1a: Dusclops
|-damage|p1a: Dusclops|0 fnt
|replace|p1a: Zoroark|Zoroark, M
|-end|p1a: Zoroark|Illusion
|faint|p1a: Zoroark
|-damage|p2a: Walking Wake|78/100|[from] item: Life Orb
|
|-weather|SunnyDay|[upkeep]
|upkeep
|
|t:|1776253286
|switch|p1a: Dusclops|Dusclops, F|100/100
|-activate|p1a: Dusclops|move: Sticky Web
|-unboost|p1a: Dusclops|spe|1
|-ability|p1a: Dusclops|Pressure
|turn|14
|inactive|Alpha1Tango88888 has 90 seconds left.
|
|t:|1776253309
|move|p2a: Walking Wake|Hydro Steam|p1a: Dusclops
|-damage|p1a: Dusclops|35/100
|-damage|p2a: Walking Wake|68/100|[from] item: Life Orb
|move|p1a: Dusclops|Trick Room|p1a: Dusclops
|-fieldstart|move: Trick Room|[of] p1a: Dusclops
|
|-weather|none
|-end|p2a: Walking Wake|Protosynthesis
|upkeep
|turn|15
|
|t:|1776253318
|-end|p2a: Walking Wake|Protosynthesis|[silent]
|switch|p2a: Kingambit|Kingambit, M|100/100
|-damage|p2a: Kingambit|94/100|[from] Stealth Rock
|-activate|p2a: Kingambit|ability: Supreme Overlord
|-start|p2a: Kingambit|fallen1|[silent]
|move|p1a: Dusclops|Pain Split|p2a: Kingambit
|-sethp|p2a: Kingambit|59/100|[from] move: Pain Split|[silent]
|-sethp|p1a: Dusclops|84/100|[from] move: Pain Split
|
|-heal|p2a: Kingambit|66/100|[from] item: Leftovers
|upkeep
|turn|16
|
|t:|1776253331
|move|p1a: Dusclops|Will-O-Wisp|p2a: Kingambit
|-status|p2a: Kingambit|brn
|move|p2a: Kingambit|Swords Dance|p2a: Kingambit
|-boost|p2a: Kingambit|atk|2
|
|-heal|p2a: Kingambit|72/100 brn|[from] item: Leftovers
|-damage|p2a: Kingambit|66/100 brn|[from] brn
|upkeep
|turn|17
|
|t:|1776253347
|switch|p1a: Gliscor|Gliscor, F|76/100 tox
|move|p2a: Kingambit|Swords Dance|p2a: Kingambit
|-boost|p2a: Kingambit|atk|2
|
|-heal|p2a: Kingambit|72/100 brn|[from] item: Leftovers
|-heal|p1a: Gliscor|89/100 tox|[from] ability: Poison Heal
|-damage|p2a: Kingambit|66/100 brn|[from] brn
|upkeep
|turn|18
|
|t:|1776253357
|move|p2a: Kingambit|Sucker Punch|p1a: Gliscor
|-damage|p1a: Gliscor|37/100 tox
|move|p1a: Gliscor|Earthquake|p2a: Kingambit
|-supereffective|p2a: Kingambit
|-damage|p2a: Kingambit|20/100 brn
|
|-heal|p2a: Kingambit|26/100 brn|[from] item: Leftovers
|-heal|p1a: Gliscor|49/100 tox|[from] ability: Poison Heal
|-damage|p2a: Kingambit|20/100 brn|[from] brn
|-fieldend|move: Trick Room
|upkeep
|turn|19
|
|t:|1776253378
|-end|p2a: Kingambit|fallen1|[silent]
|switch|p2a: Moltres|Moltres|46/100
|-damage|p2a: Moltres|0 fnt|[from] Stealth Rock
|faint|p2a: Moltres
|move|p1a: Gliscor|Toxic|p2: Moltres|[notarget]
|-fail|p1a: Gliscor
|
|-heal|p1a: Gliscor|62/100 tox|[from] ability: Poison Heal
|upkeep
|
|t:|1776253385
|switch|p2a: Greninja|Greninja, M|31/100
|-damage|p2a: Greninja|19/100|[from] Stealth Rock
|turn|20
|
|t:|1776253403
|switch|p1a: Salamence|Salamence, M|100/100
|-ability|p1a: Salamence|Intimidate|boost
|-unboost|p2a: Greninja|atk|1
|move|p2a: Greninja|Hydro Pump|p1a: Salamence
|-resisted|p1a: Salamence
|-damage|p1a: Salamence|58/100
|-damage|p2a: Greninja|9/100|[from] item: Life Orb
|
|upkeep
|turn|21
|
|t:|1776253419
|switch|p1a: Slowking|Slowking-Galar, M, tera:Poison|80/100
|-activate|p1a: Slowking|move: Sticky Web
|-unboost|p1a: Slowking|spe|1
|move|p2a: Greninja|Hyper Beam|p1a: Slowking
|-damage|p1a: Slowking|58/100
|-mustrecharge|p2a: Greninja
|-damage|p2a: Greninja|0 fnt|[from] item: Life Orb
|faint|p2a: Greninja
|
|upkeep
|
|t:|1776253427
|switch|p2a: Darkrai|Darkrai|100/100
|-damage|p2a: Darkrai|88/100|[from] Stealth Rock
|turn|22
|
|t:|1776253433
|move|p2a: Darkrai|Psychic|p1a: Slowking
|-supereffective|p1a: Slowking
|-damage|p1a: Slowking|21/100
|move|p1a: Slowking|Sludge Bomb|p2a: Darkrai
|-damage|p2a: Darkrai|26/100
|
|upkeep
|turn|23
|
|t:|1776253444
|switch|p1a: Dusclops|Dusclops, F|84/100
|-activate|p1a: Dusclops|move: Sticky Web
|-unboost|p1a: Dusclops|spe|1
|-ability|p1a: Dusclops|Pressure
|move|p2a: Darkrai|Psychic|p1a: Dusclops
|-damage|p1a: Dusclops|59/100
|
|upkeep
|turn|24
|
|t:|1776253457
|switch|p2a: Walking Wake|Walking Wake|68/100
|-damage|p2a: Walking Wake|56/100|[from] Stealth Rock
|move|p1a: Dusclops|Will-O-Wisp|p2a: Walking Wake
|-status|p2a: Walking Wake|brn
|
|-damage|p2a: Walking Wake|50/100 brn|[from] brn
|upkeep
|turn|25
|
|t:|1776253474
|-terastallize|p2a: Walking Wake|Water
|move|p2a: Walking Wake|Hydro Steam|p1a: Dusclops
|-damage|p1a: Dusclops|16/100
|-damage|p2a: Walking Wake|40/100 brn|[from] item: Life Orb
|move|p1a: Dusclops|Trick Room|p1a: Dusclops
|-fieldstart|move: Trick Room|[of] p1a: Dusclops
|
|-damage|p2a: Walking Wake|33/100 brn|[from] brn
|upkeep
|turn|26
|
|t:|1776253488
|move|p1a: Dusclops|Night Shade|p2a: Walking Wake
|-damage|p2a: Walking Wake|4/100 brn
|move|p2a: Walking Wake|Draco Meteor|p1a: Dusclops
|-damage|p1a: Dusclops|0 fnt
|-unboost|p2a: Walking Wake|spa|2
|faint|p1a: Dusclops
|-damage|p2a: Walking Wake|0 fnt|[from] item: Life Orb
|faint|p2a: Walking Wake
|-end|p2a: Walking Wake|Protosynthesis|[silent]
|
|upkeep
|
|t:|1776253501
|switch|p1a: Slowking|Slowking-Galar, M, tera:Poison|54/100
|switch|p2a: Darkrai|Darkrai|26/100
|-activate|p1a: Slowking|move: Sticky Web
|-unboost|p1a: Slowking|spe|1
|-damage|p2a: Darkrai|13/100|[from] Stealth Rock
|turn|27
|
|t:|1776253511
|move|p1a: Slowking|Sludge Bomb|p2a: Darkrai
|-damage|p2a: Darkrai|0 fnt
|faint|p2a: Darkrai
|
|upkeep
|
|t:|1776253515
|switch|p2a: Kingambit|Kingambit, M|20/100 brn
|-damage|p2a: Kingambit|14/100 brn|[from] Stealth Rock
|-activate|p2a: Kingambit|ability: Supreme Overlord
|-start|p2a: Kingambit|fallen5|[silent]
|turn|28
|
|t:|1776253523
|move|p2a: Kingambit|Sucker Punch|p1a: Slowking
|-damage|p1a: Slowking|20/100
|move|p1a: Slowking|Flamethrower|p2a: Kingambit
|-supereffective|p2a: Kingambit
|-damage|p2a: Kingambit|0 fnt
|faint|p2a: Kingambit
|-end|p2a: Kingambit|fallen5|[silent]
|
|win|Exopa#8998
|raw|Exopa#8998's rating: 1182 &rarr; <strong>1208</strong><br />(+26 for winning)
|raw|Alpha1Tango88888's rating: 1201 &rarr; <strong>1175</strong><br />(-26 for losing)
|l|☆Alpha1Tango88888
|player|p2|
