|html|<div class="broadcast-blue"><strong>[Gen 9] OU is currently suspecting Tera Blast! For information on how to participate check out the <a href="https://www.smogon.com/tools/suspects/view/200">suspect thread</a>.</strong></div>
|j|☆dialethetica
|j|☆Etihadmf
|t:|1776064415
|gametype|singles
|player|p1|dialethetica|101|1192
|player|p2|Etihadmf|170|1147
|gen|9
|tier|[Gen 9] OU
|rated|
|rule|HP Percentage Mod: HP is shown in percentages
|rule|Endless Battle Clause: Forcing endless battles is banned
|rule|Species Clause: Limit one of each Pokémon
|rule|OHKO Clause: OHKO moves are banned
|rule|Evasion Items Clause: Evasion items are banned
|rule|Evasion Moves Clause: Evasion moves are banned
|rule|Evasion Abilities Clause: Evasion abilities are banned
|rule|Sleep Moves Clause: Sleep-inducing moves are banned
|clearpoke
|poke|p1|Darkrai|
|poke|p1|Mimikyu, F|
|poke|p1|Zoroark-Hisui, F|
|poke|p1|Arcanine-Hisui, M|
|poke|p1|Great Tusk|
|poke|p1|Kingambit, M|
|poke|p2|Bronzong|
|poke|p2|Gengar, F|
|poke|p2|Krookodile, F|
|poke|p2|Enamorus-Therian, F|
|poke|p2|Raichu-Alola, M|
|poke|p2|Cinderace, M|
|teampreview
|inactive|Battle timer is ON: inactive players will automatically lose when time's up. (requested by Etihadmf)
|
|t:|1776064421
|teamsize|p1|6
|teamsize|p2|6
|start
|switch|p1a: Darkrai|Darkrai|100/100
|switch|p2a: Raichu|Raichu-Alola, M|100/100
|turn|1
|
|t:|1776064432
|move|p1a: Darkrai|Nasty Plot|p1a: Darkrai
|-boost|p1a: Darkrai|spa|2
|move|p2a: Raichu|Volt Switch|p1a: Darkrai
|-damage|p1a: Darkrai|62/100
|l|☆Etihadmf
|inactive|Etihadmf disconnected and has a minute to reconnect!
|player|p2|
|j|☆Etihadmf
|inactive|Etihadmf reconnected and has 135 seconds left.
|player|p2|Etihadmf|170|
|inactive|Etihadmf has 120 seconds left.
|
|t:|1776064470
|switch|p2a: Enamorus|Enamorus-Therian, F|100/100|[from] Volt Switch
|
|upkeep
|turn|2
|
|t:|1776064482
|-terastallize|p2a: Enamorus|Steel
|move|p1a: Darkrai|Sludge Bomb|p2a: Enamorus
|-immune|p2a: Enamorus
|move|p2a: Enamorus|Moonblast|p1a: Darkrai
|-supereffective|p1a: Darkrai
|-damage|p1a: Darkrai|0 fnt
|faint|p1a: Darkrai
|
|upkeep
|
|t:|1776064494
|switch|p1a: Arcanine|Arcanine-Hisui, M, shiny|100/100
|turn|3
|
|t:|1776064508
|switch|p2a: Cinderace|Cinderace, M|100/100
|move|p1a: Arcanine|Flare Blitz|p2a: Cinderace
|-resisted|p2a: Cinderace
|-damage|p2a: Cinderace|38/100
|
|upkeep
|turn|4
|
|t:|1776064521
|move|p2a: Cinderace|High Jump Kick|p1a: Arcanine
|-start|p2a: Cinderace|typechange|Fighting|[from] ability: Libero
|-supereffective|p1a: Arcanine
|-damage|p1a: Arcanine|0 fnt
|faint|p1a: Arcanine
|
|upkeep
|
|t:|1776064535
|switch|p1a: Kingambit|Kingambit, M|100/100
|turn|5
|
|t:|1776064555
|move|p1a: Kingambit|Shadow Ball|p2a: Cinderace
|-damage|p2a: Cinderace|0 fnt
|faint|p2a: Cinderace
|
|upkeep
|
|t:|1776064567
|switch|p2a: Raichu|Raichu-Alola, M|100/100
|turn|6
|
|t:|1776064572
|move|p2a: Raichu|Volt Switch|p1a: Kingambit
|-damage|p1a: Kingambit|44/100
|replace|p1a: Zoroark|Zoroark-Hisui, F, shiny
|-end|p1a: Zoroark|Illusion
|inactive|Etihadmf has 120 seconds left.
|
|t:|1776064593
|switch|p2a: Bronzong|Bronzong|100/100|[from] Volt Switch
|move|p1a: Zoroark|Shadow Ball|p2a: Bronzong
|-supereffective|p2a: Bronzong
|-damage|p2a: Bronzong|0 fnt
|faint|p2a: Bronzong
|
|upkeep
|
|t:|1776064596
|switch|p2a: Raichu|Raichu-Alola, M|100/100
|turn|7
|
|t:|1776064610
|switch|p1a: Great Tusk|Great Tusk|100/100
|move|p2a: Raichu|Volt Switch|p1a: Great Tusk
|-immune|p1a: Great Tusk
|
|upkeep
|turn|8
|
|t:|1776064617
|move|p2a: Raichu|Nasty Plot|p2a: Raichu
|-boost|p2a: Raichu|spa|2
|move|p1a: Great Tusk|Stealth Rock|p2a: Raichu
|-sidestart|p2: Etihadmf|move: Stealth Rock
|
|upkeep
|turn|9
|
|t:|1776064625
|move|p2a: Raichu|Psychic Noise|p1a: Great Tusk
|-supereffective|p1a: Great Tusk
|-damage|p1a: Great Tusk|0 fnt
|faint|p1a: Great Tusk
|-end|p1a: Great Tusk|Protosynthesis|[silent]
|
|upkeep
|
|t:|1776064641
|switch|p1a: Kingambit|Kingambit, M|44/100
|turn|10
|
|t:|1776064658
|move|p1a: Kingambit|Shadow Ball|p2a: Raichu
|-supereffective|p2a: Raichu
|-enditem|p2a: Raichu|Focus Sash
|-damage|p2a: Raichu|1/100
|move|p2a: Raichu|Nasty Plot|p2a: Raichu
|-boost|p2a: Raichu|spa|2
|
|upkeep
|turn|11
|-message|Etihadmf forfeited.
|
|win|dialethetica
|raw|dialethetica's rating: 1192 &rarr; <strong>1214</strong><br />(+22 for winning)
|raw|Etihadmf's rating: 1147 &rarr; <strong>1125</strong><br />(-22 for losing)
|l|☆Etihadmf
|player|p2|
