|html|<div class="broadcast-blue"><strong>[Gen 9] OU is currently suspecting Tera Blast! For information on how to participate check out the <a href="https://www.smogon.com/tools/suspects/view/200">suspect thread</a>.</strong></div>
|j|☆pichulenko
|j|☆YEAAAAAH
|t:|1776042464
|gametype|singles
|player|p1|pichulenko|battlegirl-gen4|1075
|player|p2|YEAAAAAH|burgh|1068
|gen|9
|tier|[Gen 9] OU
|rated|
|rule|HP Percentage Mod: HP is shown in percentages
|rule|Endless Battle Clause: Forcing endless battles is banned
|rule|Species Clause: Limit one of each Pokémon
|rule|OHKO Clause: OHKO moves are banned
|rule|Evasion Items Clause: Evasion items are banned
|rule|Evasion Moves Clause: Evasion moves are banned
|rule|Evasion Abilities Clause: Evasion abilities are banned
|rule|Sleep Moves Clause: Sleep-inducing moves are banned
|clearpoke
|poke|p1|Ninetales-Alola, M|
|poke|p1|Zamazenta-*|
|poke|p1|Latios, M|
|poke|p1|Ceruledge, F|
|poke|p1|Cloyster, F|
|poke|p1|Weezing-Galar, M|
|poke|p2|Dewgong, F|
|poke|p2|Dudunsparce-*, F|
|poke|p2|Jolteon, M|
|poke|p2|Delphox, F|
|poke|p2|Lycanroc-Dusk, M|
|poke|p2|Mandibuzz, F|
|teampreview
|inactive|Battle timer is ON: inactive players will automatically lose when time's up. (requested by pichulenko)
|
|t:|1776042472
|teamsize|p1|6
|teamsize|p2|6
|start
|switch|p1a: Ceruledge|Ceruledge, F|100/100
|switch|p2a: Lycanroc|Lycanroc-Dusk, M, shiny|100/100
|turn|1
|
|t:|1776042485
|move|p2a: Lycanroc|Crunch|p1a: Ceruledge
|-supereffective|p1a: Ceruledge
|-enditem|p1a: Ceruledge|Focus Sash
|-damage|p1a: Ceruledge|1/100
|-ability|p1a: Ceruledge|Weak Armor|boost
|-unboost|p1a: Ceruledge|def|1
|-boost|p1a: Ceruledge|spe|2
|move|p1a: Ceruledge|Poltergeist|p2a: Lycanroc
|-activate|p2a: Lycanroc|move: Poltergeist|Choice Scarf
|-damage|p2a: Lycanroc|10/100
|
|upkeep
|turn|2
|
|t:|1776042488
|move|p1a: Ceruledge|Shadow Sneak|p2a: Lycanroc
|-damage|p2a: Lycanroc|0 fnt
|faint|p2a: Lycanroc
|
|upkeep
|
|t:|1776042495
|switch|p2a: Mandibuzz|Mandibuzz, F, shiny|100/100
|turn|3
|
|t:|1776042499
|switch|p1a: Ninetales|Ninetales-Alola, M|100/100
|-weather|Snowscape|[from] ability: Snow Warning|[of] p1a: Ninetales
|move|p2a: Mandibuzz|Snarl|p1a: Ninetales
|-resisted|p1a: Ninetales
|-damage|p1a: Ninetales|95/100
|-unboost|p1a: Ninetales|spa|1
|
|-weather|Snowscape|[upkeep]
|upkeep
|turn|4
|
|t:|1776042510
|move|p1a: Ninetales|Encore|p2a: Mandibuzz
|-start|p2a: Mandibuzz|Encore
|move|p2a: Mandibuzz|Snarl|p1a: Ninetales
|-resisted|p1a: Ninetales
|-damage|p1a: Ninetales|89/100
|-unboost|p1a: Ninetales|spa|1
|
|-weather|Snowscape|[upkeep]
|upkeep
|turn|5
|
|t:|1776042522
|move|p1a: Ninetales|Aurora Veil|p1a: Ninetales
|-sidestart|p1: pichulenko|move: Aurora Veil
|move|p2a: Mandibuzz|Snarl|p1a: Ninetales
|-resisted|p1a: Ninetales
|-damage|p1a: Ninetales|86/100
|-unboost|p1a: Ninetales|spa|1
|
|-weather|Snowscape|[upkeep]
|upkeep
|turn|6
|
|t:|1776042547
|switch|p1a: Cloyster|Cloyster, F, shiny|100/100
|move|p2a: Mandibuzz|Snarl|p1a: Cloyster
|-damage|p1a: Cloyster|85/100
|-unboost|p1a: Cloyster|spa|1
|-enditem|p1a: Cloyster|White Herb
|-clearnegativeboost|p1a: Cloyster|[silent]
|
|-weather|Snowscape|[upkeep]
|-end|p2a: Mandibuzz|Encore
|upkeep
|turn|7
|
|t:|1776042552
|move|p1a: Cloyster|Shell Smash|p1a: Cloyster
|-unboost|p1a: Cloyster|def|1
|-unboost|p1a: Cloyster|spd|1
|-boost|p1a: Cloyster|atk|2
|-boost|p1a: Cloyster|spa|2
|-boost|p1a: Cloyster|spe|2
|move|p2a: Mandibuzz|Defog|p1a: Cloyster
|-unboost|p1a: Cloyster|evasion|1
|-sideend|p1: pichulenko|move: Aurora Veil
|
|-weather|none
|upkeep
|turn|8
|
|t:|1776042561
|move|p1a: Cloyster|Icicle Spear|p2a: Mandibuzz
|-supereffective|p2a: Mandibuzz
|-damage|p2a: Mandibuzz|69/100
|-supereffective|p2a: Mandibuzz
|-damage|p2a: Mandibuzz|34/100
|-supereffective|p2a: Mandibuzz
|-damage|p2a: Mandibuzz|1/100
|-supereffective|p2a: Mandibuzz
|-damage|p2a: Mandibuzz|0 fnt
|faint|p2a: Mandibuzz
|-hitcount|p2: Mandibuzz|4
|
|upkeep
|
|t:|1776042563
|switch|p2a: Jolteon|Jolteon, M, shiny|100/100
|turn|9
|
|t:|1776042570
|move|p2a: Jolteon|Protect|p2a: Jolteon
|-singleturn|p2a: Jolteon|Protect
|move|p1a: Cloyster|Icicle Spear|p2a: Jolteon
|-activate|p2a: Jolteon|move: Protect
|
|-status|p2a: Jolteon|brn|[from] item: Flame Orb
|upkeep
|turn|10
|
|t:|1776042576
|-terastallize|p2a: Jolteon|Electric
|move|p2a: Jolteon|Thunder|p1a: Cloyster
|-supereffective|p1a: Cloyster
|-damage|p1a: Cloyster|0 fnt
|faint|p1a: Cloyster
|
|-damage|p2a: Jolteon|94/100 brn|[from] brn
|upkeep
|
|t:|1776042593
|switch|p1a: Latios|Latios, M|100/100
|turn|11
|
|t:|1776042596
|move|p2a: Jolteon|Thunder|p1a: Latios|[miss]
|-miss|p2a: Jolteon|p1a: Latios
|move|p1a: Latios|Draco Meteor|p2a: Jolteon
|-damage|p2a: Jolteon|0 fnt
|-unboost|p1a: Latios|spa|2
|faint|p2a: Jolteon
|
|upkeep
|
|t:|1776042601
|switch|p2a: Dewgong|Dewgong, F, shiny|100/100
|turn|12
|
|t:|1776042606
|switch|p1a: Ninetales|Ninetales-Alola, M|86/100
|-weather|Snowscape|[from] ability: Snow Warning|[of] p1a: Ninetales
|move|p2a: Dewgong|Fake Out|p1a: Ninetales
|-crit|p1a: Ninetales
|-damage|p1a: Ninetales|79/100
|
|-weather|Snowscape|[upkeep]
|upkeep
|turn|13
|
|t:|1776042614
|move|p1a: Ninetales|Aurora Veil|p1a: Ninetales
|-sidestart|p1: pichulenko|move: Aurora Veil
|move|p2a: Dewgong|Rain Dance|p2a: Dewgong
|-weather|RainDance
|
|-weather|RainDance|[upkeep]
|upkeep
|turn|14
|
|t:|1776042631
|switch|p1a: Zamazenta|Zamazenta|100/100
|-ability|p1a: Zamazenta|Dauntless Shield|boost
|-boost|p1a: Zamazenta|def|1
|switch|p2a: Delphox|Delphox, F, shiny|100/100
|-item|p2a: Delphox|Air Balloon
|
|-weather|RainDance|[upkeep]
|upkeep
|turn|15
|
|t:|1776042642
|move|p1a: Zamazenta|Crunch|p2a: Delphox
|-supereffective|p2a: Delphox
|-crit|p2a: Delphox
|-damage|p2a: Delphox|2/100
|-unboost|p2a: Delphox|def|1
|-enditem|p2a: Delphox|Air Balloon
|move|p2a: Delphox|Future Sight|p1a: Zamazenta
|-start|p2a: Delphox|move: Future Sight
|
|-weather|RainDance|[upkeep]
|upkeep
|turn|16
|
|t:|1776042649
|move|p1a: Zamazenta|Body Press|p2a: Delphox
|-resisted|p2a: Delphox
|-damage|p2a: Delphox|0 fnt
|faint|p2a: Delphox
|
|-weather|RainDance|[upkeep]
|upkeep
|
|t:|1776042658
|switch|p2a: Dewgong|Dewgong, F, shiny|100/100
|turn|17
|
|t:|1776042665
|move|p2a: Dewgong|Fake Out|p1a: Zamazenta
|-damage|p1a: Zamazenta|99/100
|cant|p1a: Zamazenta|flinch
|
|-weather|RainDance|[upkeep]
|-end|p1a: Zamazenta|move: Future Sight
|-supereffective|p1a: Zamazenta
|-damage|p1a: Zamazenta|55/100
|-heal|p1a: Zamazenta|61/100|[from] item: Leftovers
|upkeep
|turn|18
|
|t:|1776042675
|move|p1a: Zamazenta|Body Press|p2a: Dewgong
|-supereffective|p2a: Dewgong
|-damage|p2a: Dewgong|0 fnt
|faint|p2a: Dewgong
|
|-weather|RainDance|[upkeep]
|-heal|p1a: Zamazenta|68/100|[from] item: Leftovers
|upkeep
|
|t:|1776042678
|switch|p2a: Dudunsparce|Dudunsparce, F, shiny|100/100
|turn|19
|-message|YEAAAAAH forfeited.
|
|win|pichulenko
|raw|pichulenko's rating: 1102 &rarr; <strong>1125</strong><br />(+23 for winning)
|raw|YEAAAAAH's rating: 1068 &rarr; <strong>1050</strong><br />(-18 for losing)
|l|☆YEAAAAAH
|player|p2|
|l|☆pichulenko
|player|p1|
