|html|<div class="broadcast-blue"><strong>[Gen 9] OU is currently suspecting Tera Blast! For information on how to participate check out the <a href="https://www.smogon.com/tools/suspects/view/200">suspect thread</a>.</strong></div>
|j|☆Verbalseduction
|j|☆Alx12
|t:|1776169287
|gametype|singles
|player|p1|Verbalseduction|170|1710
|player|p2|Alx12|skier|1781
|gen|9
|tier|[Gen 9] OU
|rated|
|rule|HP Percentage Mod: HP is shown in percentages
|rule|Endless Battle Clause: Forcing endless battles is banned
|rule|Species Clause: Limit one of each Pokémon
|rule|OHKO Clause: OHKO moves are banned
|rule|Evasion Items Clause: Evasion items are banned
|rule|Evasion Moves Clause: Evasion moves are banned
|rule|Evasion Abilities Clause: Evasion abilities are banned
|rule|Sleep Moves Clause: Sleep-inducing moves are banned
|clearpoke
|poke|p1|Meowscarada, M|
|poke|p1|Pecharunt|
|poke|p1|Enamorus, F|
|poke|p1|Iron Treads|
|poke|p1|Skarmory, F|
|poke|p1|Slowking, F|
|poke|p2|Iron Crown|
|poke|p2|Deoxys-Speed|
|poke|p2|Ting-Lu|
|poke|p2|Pecharunt|
|poke|p2|Iron Valiant|
|poke|p2|Dragonite, F|
|teampreview
|
|t:|1776169300
|teamsize|p1|6
|teamsize|p2|6
|start
|switch|p1a: Meowscarada|Meowscarada, M|100/100
|switch|p2a: Ting-Lu|Ting-Lu|100/100
|-ability|p2a: Ting-Lu|Vessel of Ruin
|turn|1
|
|t:|1776169306
|move|p1a: Meowscarada|U-turn|p2a: Ting-Lu
|-start|p1a: Meowscarada|typechange|Bug|[from] ability: Protean
|-supereffective|p2a: Ting-Lu
|-damage|p2a: Ting-Lu|49/100
|-damage|p1a: Meowscarada|84/100|[from] item: Rocky Helmet|[of] p2a: Ting-Lu
|
|t:|1776169313
|switch|p1a: Enamorus|Enamorus, F|100/100|[from] U-turn
|move|p2a: Ting-Lu|Stealth Rock|p1a: Enamorus
|-sidestart|p1: Verbalseduction|move: Stealth Rock
|
|upkeep
|turn|2
|
|t:|1776169319
|switch|p2a: Iron Crown|Iron Crown|100/100
|move|p1a: Enamorus|Moonblast|p2a: Iron Crown
|-resisted|p2a: Iron Crown
|-damage|p2a: Iron Crown|75/100
|
|upkeep
|turn|3
|
|t:|1776169323
|switch|p1a: Iron Treads|Iron Treads|100/100
|-damage|p1a: Iron Treads|98/100|[from] Stealth Rock
|move|p2a: Iron Crown|Tachyon Cutter|p1a: Iron Treads
|-resisted|p1a: Iron Treads
|-damage|p1a: Iron Treads|81/100
|-resisted|p1a: Iron Treads
|-damage|p1a: Iron Treads|65/100
|-hitcount|p1a: Iron Treads|2
|
|-heal|p1a: Iron Treads|71/100|[from] item: Leftovers
|upkeep
|turn|4
|
|t:|1776169334
|-end|p2a: Iron Crown|Quark Drive|[silent]
|switch|p2a: Ting-Lu|Ting-Lu|49/100
|-ability|p2a: Ting-Lu|Vessel of Ruin
|move|p1a: Iron Treads|Stealth Rock|p2a: Ting-Lu
|-sidestart|p2: Alx12|move: Stealth Rock
|
|-heal|p1a: Iron Treads|77/100|[from] item: Leftovers
|upkeep
|turn|5
|
|t:|1776169341
|-end|p1a: Iron Treads|Quark Drive|[silent]
|switch|p1a: Meowscarada|Meowscarada, M|84/100
|-damage|p1a: Meowscarada|72/100|[from] Stealth Rock
|move|p2a: Ting-Lu|Spikes|p1a: Meowscarada
|-sidestart|p1: Verbalseduction|Spikes
|
|upkeep
|turn|6
|
|t:|1776169349
|move|p1a: Meowscarada|U-turn|p2a: Ting-Lu
|-start|p1a: Meowscarada|typechange|Bug|[from] ability: Protean
|-supereffective|p2a: Ting-Lu
|-damage|p2a: Ting-Lu|0 fnt
|-damage|p1a: Meowscarada|55/100|[from] item: Rocky Helmet|[of] p2a: Ting-Lu
|faint|p2a: Ting-Lu
|
|t:|1776169366
|switch|p1a: Slowking|Slowking, F|100/100|[from] U-turn
|-damage|p1a: Slowking|88/100|[from] Stealth Rock
|-damage|p1a: Slowking|76/100|[from] Spikes
|
|upkeep
|
|t:|1776169380
|switch|p2a: Deoxys|Deoxys-Speed|100/100
|-damage|p2a: Deoxys|88/100|[from] Stealth Rock
|-ability|p2a: Deoxys|Pressure
|turn|7
|
|t:|1776169385
|move|p2a: Deoxys|Knock Off|p1a: Slowking
|-supereffective|p1a: Slowking
|-damage|p1a: Slowking|0 fnt
|-enditem|p1a: Slowking|Assault Vest|[from] move: Knock Off|[of] p2a: Deoxys
|faint|p1a: Slowking
|-damage|p2a: Deoxys|78/100|[from] item: Life Orb
|
|upkeep
|
|t:|1776169400
|switch|p1a: Iron Treads|Iron Treads|77/100
|-damage|p1a: Iron Treads|74/100|[from] Stealth Rock
|-damage|p1a: Iron Treads|62/100|[from] Spikes
|turn|8
|
|t:|1776169402
|move|p2a: Deoxys|Psycho Boost|p1a: Iron Treads
|-resisted|p1a: Iron Treads
|-damage|p1a: Iron Treads|37/100
|-unboost|p2a: Deoxys|spa|2
|-damage|p2a: Deoxys|68/100|[from] item: Life Orb
|move|p1a: Iron Treads|Earthquake|p2a: Deoxys
|-damage|p2a: Deoxys|9/100
|
|-heal|p1a: Iron Treads|43/100|[from] item: Leftovers
|upkeep
|turn|9
|
|t:|1776169415
|move|p2a: Deoxys|Superpower|p1a: Iron Treads
|-supereffective|p1a: Iron Treads
|-damage|p1a: Iron Treads|0 fnt
|-unboost|p2a: Deoxys|atk|1
|-unboost|p2a: Deoxys|def|1
|faint|p1a: Iron Treads
|-end|p1a: Iron Treads|Quark Drive|[silent]
|-damage|p2a: Deoxys|0 fnt|[from] item: Life Orb
|faint|p2a: Deoxys
|
|upkeep
|
|t:|1776169428
|switch|p2a: Iron Crown|Iron Crown|75/100
|switch|p1a: Meowscarada|Meowscarada, M|55/100
|-damage|p1a: Meowscarada|43/100|[from] Stealth Rock
|-damage|p1a: Meowscarada|31/100|[from] Spikes
|-damage|p2a: Iron Crown|69/100|[from] Stealth Rock
|turn|10
|
|t:|1776169436
|-end|p2a: Iron Crown|Quark Drive|[silent]
|switch|p2a: Dragonite|Dragonite, F|100/100
|move|p1a: Meowscarada|Knock Off|p2a: Dragonite
|-start|p1a: Meowscarada|typechange|Dark|[from] ability: Protean
|-damage|p2a: Dragonite|65/100
|-enditem|p2a: Dragonite|Heavy-Duty Boots|[from] move: Knock Off|[of] p1a: Meowscarada
|
|upkeep
|turn|11
|
|t:|1776169452
|move|p1a: Meowscarada|Knock Off|p2a: Dragonite
|-damage|p2a: Dragonite|22/100
|move|p2a: Dragonite|Ice Spinner|p1a: Meowscarada
|-damage|p1a: Meowscarada|0 fnt
|faint|p1a: Meowscarada
|
|upkeep
|
|t:|1776169466
|switch|p1a: Pecharunt|Pecharunt|100/100
|-damage|p1a: Pecharunt|88/100|[from] Stealth Rock
|-damage|p1a: Pecharunt|76/100|[from] Spikes
|turn|12
|
|t:|1776169469
|move|p2a: Dragonite|Earthquake|p1a: Pecharunt
|-supereffective|p1a: Pecharunt
|-damage|p1a: Pecharunt|35/100
|move|p1a: Pecharunt|Foul Play|p2a: Dragonite
|-damage|p2a: Dragonite|0 fnt
|faint|p2a: Dragonite
|
|upkeep
|
|t:|1776169476
|switch|p2a: Iron Crown|Iron Crown|69/100
|-damage|p2a: Iron Crown|63/100|[from] Stealth Rock
|turn|13
|
|t:|1776169482
|switch|p1a: Skarmory|Skarmory, F|100/100
|-damage|p1a: Skarmory|88/100|[from] Stealth Rock
|move|p2a: Iron Crown|Volt Switch|p1a: Skarmory
|-supereffective|p1a: Skarmory
|-damage|p1a: Skarmory|0 fnt
|faint|p1a: Skarmory
|
|t:|1776169490
|-end|p2a: Iron Crown|Quark Drive|[silent]
|switch|p2a: Pecharunt|Pecharunt|100/100|[from] Volt Switch
|
|upkeep
|
|t:|1776169494
|switch|p1a: Pecharunt|Pecharunt|35/100
|-damage|p1a: Pecharunt|23/100|[from] Stealth Rock
|-damage|p1a: Pecharunt|10/100|[from] Spikes
|turn|14
|
|t:|1776169497
|move|p2a: Pecharunt|Shadow Ball|p1a: Pecharunt
|-supereffective|p1a: Pecharunt
|-damage|p1a: Pecharunt|0 fnt
|faint|p1a: Pecharunt
|
|upkeep
|
|t:|1776169500
|switch|p1a: Enamorus|Enamorus, F|100/100
|-damage|p1a: Enamorus|76/100|[from] Stealth Rock
|turn|15
|
|t:|1776169504
|move|p1a: Enamorus|Earth Power|p2a: Pecharunt
|-supereffective|p2a: Pecharunt
|-damage|p2a: Pecharunt|29/100
|move|p2a: Pecharunt|Malignant Chain|p1a: Enamorus
|-supereffective|p1a: Enamorus
|-damage|p1a: Enamorus|0 fnt
|faint|p1a: Enamorus
|
|win|Alx12
|raw|Verbalseduction's rating: 1710 &rarr; <strong>1694</strong><br />(-16 for losing)
|raw|Alx12's rating: 1781 &rarr; <strong>1797</strong><br />(+16 for winning)
|l|☆Verbalseduction
|player|p1|
|l|☆Alx12
|player|p2|
