|html|<div class="broadcast-blue"><strong>[Gen 9] OU is currently suspecting Tera Blast! For information on how to participate check out the <a href="https://www.smogon.com/tools/suspects/view/200">suspect thread</a>.</strong></div>
|j|☆ALT1 Lord Greed
|j|☆erhai
|t:|1776099636
|gametype|singles
|player|p1|ALT1 Lord Greed|101|1567
|player|p2|erhai|102|1813
|gen|9
|tier|[Gen 9] OU
|rated|
|rule|HP Percentage Mod: HP is shown in percentages
|rule|Endless Battle Clause: Forcing endless battles is banned
|rule|Species Clause: Limit one of each Pokémon
|rule|OHKO Clause: OHKO moves are banned
|rule|Evasion Items Clause: Evasion items are banned
|rule|Evasion Moves Clause: Evasion moves are banned
|rule|Evasion Abilities Clause: Evasion abilities are banned
|rule|Sleep Moves Clause: Sleep-inducing moves are banned
|clearpoke
|poke|p1|Glastrier|
|poke|p1|Slowking-Galar, M|
|poke|p1|Heatran, M|
|poke|p1|Tornadus-Therian, M|
|poke|p1|Enamorus, F|
|poke|p1|Great Tusk|
|poke|p2|Iron Jugulis|
|poke|p2|Ogerpon, F|
|poke|p2|Scizor, M|
|poke|p2|Sandy Shocks|
|poke|p2|Latios, M|
|poke|p2|Manaphy|
|teampreview
|inactive|Battle timer is ON: inactive players will automatically lose when time's up. (requested by ALT1 Lord Greed)
|
|t:|1776099659
|teamsize|p1|6
|teamsize|p2|6
|start
|switch|p1a: Slowking|Slowking-Galar, M|100/100
|switch|p2a: Scizor|Scizor, M, shiny|100/100
|turn|1
|
|t:|1776099667
|switch|p1a: Heatran|Heatran, M|100/100
|move|p2a: Scizor|Swords Dance|p2a: Scizor
|-boost|p2a: Scizor|atk|2
|
|upkeep
|turn|2
|
|t:|1776099676
|switch|p1a: Tornadus|Tornadus-Therian, M|100/100
|-terastallize|p2a: Scizor|Fire
|move|p2a: Scizor|Close Combat|p1a: Tornadus
|-resisted|p1a: Tornadus
|-damage|p1a: Tornadus|48/100
|-unboost|p2a: Scizor|def|1
|-unboost|p2a: Scizor|spd|1
|
|upkeep
|turn|3
|
|t:|1776099703
|switch|p1a: Heatran|Heatran, M|100/100
|move|p2a: Scizor|Swords Dance|p2a: Scizor
|-boost|p2a: Scizor|atk|2
|
|upkeep
|turn|4
|inactive|ALT1 Lord Greed has 120 seconds left.
|
|t:|1776099722
|move|p1a: Heatran|Earth Power|p2a: Scizor
|-supereffective|p2a: Scizor
|-damage|p2a: Scizor|8/100
|-enditem|p2a: Scizor|Sitrus Berry|[eat]
|-heal|p2a: Scizor|33/100|[from] item: Sitrus Berry
|move|p2a: Scizor|Close Combat|p1a: Heatran
|-supereffective|p1a: Heatran
|-damage|p1a: Heatran|0 fnt
|-unboost|p2a: Scizor|def|1
|-unboost|p2a: Scizor|spd|1
|faint|p1a: Heatran
|
|upkeep
|inactive|ALT1 Lord Greed has 120 seconds left.
|
|t:|1776099740
|switch|p1a: Tornadus|Tornadus-Therian, M|81/100
|turn|5
|
|t:|1776099742
|move|p2a: Scizor|Bullet Punch|p1a: Tornadus
|-damage|p1a: Tornadus|0 fnt
|faint|p1a: Tornadus
|
|upkeep
|
|t:|1776099744
|switch|p1a: Great Tusk|Great Tusk|100/100
|turn|6
|
|t:|1776099747
|move|p2a: Scizor|Bullet Punch|p1a: Great Tusk
|-damage|p1a: Great Tusk|27/100
|move|p1a: Great Tusk|Rapid Spin|p2a: Scizor
|-damage|p2a: Scizor|0 fnt
|-boost|p1a: Great Tusk|spe|1
|faint|p2a: Scizor
|
|upkeep
|
|t:|1776099754
|switch|p2a: Sandy Shocks|Sandy Shocks|100/100
|-enditem|p2a: Sandy Shocks|Booster Energy
|-activate|p2a: Sandy Shocks|ability: Protosynthesis|[fromitem]
|-start|p2a: Sandy Shocks|protosynthesisspe
|turn|7
|
|t:|1776099763
|move|p2a: Sandy Shocks|Earth Power|p1a: Great Tusk
|-damage|p1a: Great Tusk|0 fnt
|faint|p1a: Great Tusk
|-end|p1a: Great Tusk|Protosynthesis|[silent]
|
|upkeep
|
|t:|1776099765
|switch|p1a: Glastrier|Glastrier|100/100
|turn|8
|
|t:|1776099769
|move|p2a: Sandy Shocks|Discharge|p1a: Glastrier
|-damage|p1a: Glastrier|69/100
|move|p1a: Glastrier|Icicle Crash|p2a: Sandy Shocks
|-supereffective|p2a: Sandy Shocks
|-damage|p2a: Sandy Shocks|0 fnt
|faint|p2a: Sandy Shocks
|-end|p2a: Sandy Shocks|Protosynthesis|[silent]
|-ability|p1a: Glastrier|Chilling Neigh|boost
|-boost|p1a: Glastrier|atk|1
|
|upkeep
|
|t:|1776099779
|switch|p2a: Iron Jugulis|Iron Jugulis|100/100
|-enditem|p2a: Iron Jugulis|Booster Energy
|-activate|p2a: Iron Jugulis|ability: Quark Drive|[fromitem]
|-start|p2a: Iron Jugulis|quarkdrivespe
|turn|9
|-activate|p1a: Glastrier|item: Quick Claw
|
|t:|1776099781
|move|p1a: Glastrier|Icicle Crash|p2a: Iron Jugulis|[miss]
|-miss|p1a: Glastrier|p2a: Iron Jugulis
|move|p2a: Iron Jugulis|Dark Pulse|p1a: Glastrier
|-damage|p1a: Glastrier|39/100
|
|upkeep
|turn|10
|inactive|erhai has 120 seconds left.
|-activate|p1a: Glastrier|item: Quick Claw
|
|t:|1776099824
|move|p1a: Glastrier|Icicle Crash|p2a: Iron Jugulis
|-supereffective|p2a: Iron Jugulis
|-damage|p2a: Iron Jugulis|0 fnt
|faint|p2a: Iron Jugulis
|-end|p2a: Iron Jugulis|Quark Drive|[silent]
|-ability|p1a: Glastrier|Chilling Neigh|boost
|-boost|p1a: Glastrier|atk|1
|
|upkeep
|
|t:|1776099829
|switch|p2a: Manaphy|Manaphy|100/100
|turn|11
|
|t:|1776099831
|move|p2a: Manaphy|Surf|p1a: Glastrier
|-damage|p1a: Glastrier|8/100
|move|p1a: Glastrier|Close Combat|p2a: Manaphy
|-damage|p2a: Manaphy|7/100
|-unboost|p1a: Glastrier|def|1
|-unboost|p1a: Glastrier|spd|1
|-enditem|p2a: Manaphy|Sitrus Berry|[eat]
|-heal|p2a: Manaphy|32/100|[from] item: Sitrus Berry
|
|upkeep
|turn|12
|
|t:|1776099835
|move|p2a: Manaphy|Surf|p1a: Glastrier
|-damage|p1a: Glastrier|0 fnt
|faint|p1a: Glastrier
|
|upkeep
|
|t:|1776099843
|switch|p1a: Enamorus|Enamorus, F|100/100
|turn|13
|
|t:|1776099848
|-terastallize|p1a: Enamorus|Stellar
|move|p1a: Enamorus|Moonblast|p2a: Manaphy
|-damage|p2a: Manaphy|0 fnt
|faint|p2a: Manaphy
|
|upkeep
|
|t:|1776099863
|switch|p2a: Ogerpon|Ogerpon, F|100/100
|turn|14
|
|t:|1776099871
|switch|p1a: Slowking|Slowking-Galar, M|100/100
|move|p2a: Ogerpon|Swords Dance|p2a: Ogerpon
|-boost|p2a: Ogerpon|atk|2
|
|upkeep
|turn|15
|
|t:|1776099877
|move|p2a: Ogerpon|Swords Dance|p2a: Ogerpon
|-boost|p2a: Ogerpon|atk|2
|move|p1a: Slowking|Sludge Bomb|p2a: Ogerpon
|-supereffective|p2a: Ogerpon
|-damage|p2a: Ogerpon|17/100
|-status|p2a: Ogerpon|psn
|
|-damage|p2a: Ogerpon|4/100 psn|[from] psn
|upkeep
|turn|16
|
|t:|1776099881
|move|p2a: Ogerpon|Ivy Cudgel|p1a: Slowking
|-resisted|p1a: Slowking
|-crit|p1a: Slowking
|-damage|p1a: Slowking|0 fnt
|faint|p1a: Slowking
|
|-damage|p2a: Ogerpon|0 fnt|[from] psn
|faint|p2a: Ogerpon
|upkeep
|
|t:|1776099884
|switch|p2a: Latios|Latios, M|100/100
|switch|p1a: Enamorus|Enamorus, F, tera:Stellar|100/100
|turn|17
|
|t:|1776099886
|move|p1a: Enamorus|Moonblast|p2a: Latios
|-supereffective|p2a: Latios
|-damage|p2a: Latios|0 fnt
|faint|p2a: Latios
|
|win|ALT1 Lord Greed
|raw|ALT1 Lord Greed's rating: 1567 &rarr; <strong>1599</strong><br />(+32 for winning)
|raw|erhai's rating: 1813 &rarr; <strong>1781</strong><br />(-32 for losing)
|c|☆ALT1 Lord Greed|gg
|l|☆ALT1 Lord Greed
|player|p1|
|l|☆erhai
|player|p2|
