|html|<div class="broadcast-blue"><strong>[Gen 9] OU is currently suspecting Tera Blast! For information on how to participate check out the <a href="https://www.smogon.com/tools/suspects/view/200">suspect thread</a>.</strong></div>
|j|☆polaria_08
|j|☆DarkAngel205
|t:|1776059614
|gametype|singles
|player|p1|polaria_08|lady|1188
|player|p2|DarkAngel205|1|1272
|gen|9
|tier|[Gen 9] OU
|rated|
|rule|HP Percentage Mod: HP is shown in percentages
|rule|Endless Battle Clause: Forcing endless battles is banned
|rule|Species Clause: Limit one of each Pokémon
|rule|OHKO Clause: OHKO moves are banned
|rule|Evasion Items Clause: Evasion items are banned
|rule|Evasion Moves Clause: Evasion moves are banned
|rule|Evasion Abilities Clause: Evasion abilities are banned
|rule|Sleep Moves Clause: Sleep-inducing moves are banned
|clearpoke
|poke|p1|Skeledirge, M|
|poke|p1|Goodra, F|
|poke|p1|Milotic, F|
|poke|p1|Skarmory, M|
|poke|p1|Toxapex, M|
|poke|p1|Clodsire, M|
|poke|p2|Ninetales, F|
|poke|p2|Lilligant-Hisui, F|
|poke|p2|Walking Wake|
|poke|p2|Iron Moth|
|poke|p2|Great Tusk|
|poke|p2|Corviknight, M|
|teampreview
|
|t:|1776059622
|teamsize|p1|6
|teamsize|p2|6
|start
|switch|p1a: Gifkroon|Toxapex, M, shiny|100/100
|switch|p2a: Ninetales|Ninetales, F, shiny|100/100
|-weather|SunnyDay|[from] ability: Drought|[of] p2a: Ninetales
|turn|1
|
|t:|1776059631
|move|p2a: Ninetales|Will-O-Wisp|p1a: Gifkroon
|-status|p1a: Gifkroon|brn
|move|p1a: Gifkroon|Toxic Spikes|p2a: Ninetales
|-sidestart|p2: DarkAngel205|move: Toxic Spikes
|
|-weather|SunnyDay|[upkeep]
|-damage|p1a: Gifkroon|94/100 brn|[from] brn
|upkeep
|turn|2
|inactive|Battle timer is ON: inactive players will automatically lose when time's up. (requested by DarkAngel205)
|
|t:|1776059651
|move|p1a: Gifkroon|Baneful Bunker|p1a: Gifkroon
|-singleturn|p1a: Gifkroon|move: Protect
|move|p2a: Ninetales|Nasty Plot|p2a: Ninetales
|-boost|p2a: Ninetales|spa|2
|
|-weather|SunnyDay|[upkeep]
|-heal|p1a: Gifkroon|100/100 brn|[from] item: Black Sludge
|-damage|p1a: Gifkroon|94/100 brn|[from] brn
|upkeep
|turn|3
|
|t:|1776059675
|switch|p1a: Zeeziel|Milotic, F|100/100
|move|p2a: Ninetales|Will-O-Wisp|p1a: Zeeziel
|-status|p1a: Zeeziel|brn
|
|-weather|SunnyDay|[upkeep]
|-damage|p1a: Zeeziel|94/100 brn|[from] brn
|upkeep
|turn|4
|
|t:|1776059693
|move|p2a: Ninetales|Scorching Sands|p1a: Zeeziel
|-damage|p1a: Zeeziel|68/100 brn
|move|p1a: Zeeziel|Aqua Ring|p1a: Zeeziel
|-start|p1a: Zeeziel|Aqua Ring
|
|-weather|SunnyDay|[upkeep]
|-heal|p1a: Zeeziel|74/100 brn|[from] item: Leftovers
|-heal|p1a: Zeeziel|80/100 brn|[from] Aqua Ring
|-damage|p1a: Zeeziel|74/100 brn|[from] brn
|upkeep
|turn|5
|
|t:|1776059704
|-terastallize|p1a: Zeeziel|Water
|move|p2a: Ninetales|Weather Ball|p1a: Zeeziel
|-resisted|p1a: Zeeziel
|-damage|p1a: Zeeziel|30/100 brn
|move|p1a: Zeeziel|Dragon Tail|p2a: Ninetales
|-damage|p2a: Ninetales|94/100
|drag|p2a: Lilligant|Lilligant-Hisui, F|100/100
|-status|p2a: Lilligant|psn
|
|-weather|SunnyDay|[upkeep]
|-heal|p1a: Zeeziel|37/100 brn|[from] item: Leftovers
|-heal|p1a: Zeeziel|43/100 brn|[from] Aqua Ring
|-damage|p2a: Lilligant|88/100 psn|[from] psn
|-damage|p1a: Zeeziel|37/100 brn|[from] brn
|upkeep
|turn|6
|
|t:|1776059716
|move|p2a: Lilligant|Solar Blade||[still]
|-prepare|p2a: Lilligant|Solar Blade
|-anim|p2a: Lilligant|Solar Blade|p1a: Zeeziel
|-supereffective|p1a: Zeeziel
|-damage|p1a: Zeeziel|0 fnt
|faint|p1a: Zeeziel
|-damage|p2a: Lilligant|78/100 psn|[from] item: Life Orb
|
|-weather|SunnyDay|[upkeep]
|-damage|p2a: Lilligant|66/100 psn|[from] psn
|upkeep
|
|t:|1776059728
|switch|p1a: Vlamzang|Skeledirge, M|100/100
|turn|7
|
|t:|1776059732
|switch|p2a: Walking Wake|Walking Wake|100/100
|-status|p2a: Walking Wake|psn
|-activate|p2a: Walking Wake|ability: Protosynthesis
|-start|p2a: Walking Wake|protosynthesisspa
|move|p1a: Vlamzang|Torch Song|p2a: Walking Wake
|-resisted|p2a: Walking Wake
|-crit|p2a: Walking Wake
|-damage|p2a: Walking Wake|75/100 psn
|-boost|p1a: Vlamzang|spa|1
|
|-weather|SunnyDay|[upkeep]
|-damage|p2a: Walking Wake|62/100 psn|[from] psn
|upkeep
|turn|8
|
|t:|1776059746
|switch|p1a: Afdgrond|Clodsire, M|100/100
|move|p2a: Walking Wake|Hydro Steam|p1a: Afdgrond
|-supereffective|p1a: Afdgrond
|-damage|p1a: Afdgrond|22/100
|
|-weather|none
|-end|p2a: Walking Wake|Protosynthesis
|-heal|p1a: Afdgrond|28/100|[from] item: Leftovers
|-damage|p2a: Walking Wake|50/100 psn|[from] psn
|upkeep
|turn|9
|
|t:|1776059756
|move|p2a: Walking Wake|Dragon Pulse|p1a: Afdgrond
|-damage|p1a: Afdgrond|5/100
|move|p1a: Afdgrond|Earthquake|p2a: Walking Wake
|-damage|p2a: Walking Wake|21/100 psn
|
|-heal|p1a: Afdgrond|11/100|[from] item: Leftovers
|-damage|p2a: Walking Wake|9/100 psn|[from] psn
|upkeep
|turn|10
|
|t:|1776059762
|move|p2a: Walking Wake|Dragon Pulse|p1a: Afdgrond
|-damage|p1a: Afdgrond|0 fnt
|faint|p1a: Afdgrond
|
|-damage|p2a: Walking Wake|0 fnt|[from] psn
|faint|p2a: Walking Wake
|-end|p2a: Walking Wake|Protosynthesis|[silent]
|upkeep
|
|t:|1776059766
|switch|p2a: Corviknight|Corviknight, M|100/100
|switch|p1a: Mistdraak|Goodra, F, shiny|100/100
|turn|11
|
|t:|1776059771
|move|p1a: Mistdraak|Flamethrower|p2a: Corviknight
|-supereffective|p2a: Corviknight
|-damage|p2a: Corviknight|52/100
|move|p2a: Corviknight|Defog|p1a: Mistdraak
|-unboost|p1a: Mistdraak|evasion|1
|-sideend|p2: DarkAngel205|Toxic Spikes|[from] move: Defog|[of] p2a: Corviknight
|
|upkeep
|turn|12
|
|t:|1776059777
|move|p1a: Mistdraak|Thunderbolt|p2a: Corviknight
|-supereffective|p2a: Corviknight
|-damage|p2a: Corviknight|3/100
|move|p2a: Corviknight|Roost|p2a: Corviknight
|-heal|p2a: Corviknight|53/100
|-singleturn|p2a: Corviknight|move: Roost
|
|upkeep
|turn|13
|
|t:|1776059795
|move|p1a: Mistdraak|Thunderbolt|p2a: Corviknight
|-supereffective|p2a: Corviknight
|-damage|p2a: Corviknight|4/100
|move|p2a: Corviknight|Roost|p2a: Corviknight
|-heal|p2a: Corviknight|54/100
|-singleturn|p2a: Corviknight|move: Roost
|
|upkeep
|turn|14
|
|t:|1776059804
|switch|p2a: Ninetales|Ninetales, F, shiny|94/100
|-weather|SunnyDay|[from] ability: Drought|[of] p2a: Ninetales
|move|p1a: Mistdraak|Thunderbolt|p2a: Ninetales
|-damage|p2a: Ninetales|56/100
|
|-weather|SunnyDay|[upkeep]
|upkeep
|turn|15
|
|t:|1776059817
|move|p2a: Ninetales|Scorching Sands|p1a: Mistdraak
|-damage|p1a: Mistdraak|93/100
|move|p1a: Mistdraak|Thunderbolt|p2a: Ninetales
|-damage|p2a: Ninetales|17/100
|
|-weather|SunnyDay|[upkeep]
|upkeep
|turn|16
|
|t:|1776059837
|move|p2a: Ninetales|Will-O-Wisp|p1a: Mistdraak
|-status|p1a: Mistdraak|brn
|move|p1a: Mistdraak|Thunderbolt|p2a: Ninetales
|-damage|p2a: Ninetales|0 fnt
|faint|p2a: Ninetales
|
|-weather|SunnyDay|[upkeep]
|-damage|p1a: Mistdraak|87/100 brn|[from] brn
|upkeep
|
|t:|1776059851
|switch|p2a: Great Tusk|Great Tusk|100/100
|-activate|p2a: Great Tusk|ability: Protosynthesis
|-start|p2a: Great Tusk|protosynthesisatk
|turn|17
|
|t:|1776059863
|switch|p1a: Staalwiek|Skarmory, M|100/100
|move|p2a: Great Tusk|Ice Spinner|p1a: Staalwiek
|-damage|p1a: Staalwiek|80/100
|-damage|p2a: Great Tusk|84/100|[from] item: Rocky Helmet|[of] p1a: Staalwiek
|
|-weather|SunnyDay|[upkeep]
|-heal|p2a: Great Tusk|90/100|[from] item: Leftovers
|upkeep
|turn|18
|
|t:|1776059877
|move|p2a: Great Tusk|Close Combat|p1a: Staalwiek
|-damage|p1a: Staalwiek|31/100
|-unboost|p2a: Great Tusk|def|1
|-unboost|p2a: Great Tusk|spd|1
|-damage|p2a: Great Tusk|74/100|[from] item: Rocky Helmet|[of] p1a: Staalwiek
|move|p1a: Staalwiek|Brave Bird|p2a: Great Tusk
|-supereffective|p2a: Great Tusk
|-damage|p2a: Great Tusk|0 fnt
|faint|p2a: Great Tusk
|-end|p2a: Great Tusk|Protosynthesis|[silent]
|-damage|p1a: Staalwiek|4/100|[from] Recoil
|
|-weather|SunnyDay|[upkeep]
|upkeep
|
|t:|1776059897
|switch|p2a: Iron Moth|Iron Moth|100/100
|-enditem|p2a: Iron Moth|Booster Energy
|-activate|p2a: Iron Moth|ability: Quark Drive|[fromitem]
|-start|p2a: Iron Moth|quarkdrivespe
|turn|19
|
|t:|1776059904
|move|p2a: Iron Moth|Fiery Dance|p1a: Staalwiek
|-supereffective|p1a: Staalwiek
|-damage|p1a: Staalwiek|0 fnt
|-boost|p2a: Iron Moth|spa|1
|faint|p1a: Staalwiek
|
|-weather|SunnyDay|[upkeep]
|upkeep
|
|t:|1776059909
|switch|p1a: Gifkroon|Toxapex, M, shiny|100/100 brn
|turn|20
|
|t:|1776059915
|switch|p1a: Mistdraak|Goodra, F, shiny|87/100 brn
|move|p2a: Iron Moth|Fiery Dance|p1a: Mistdraak
|-resisted|p1a: Mistdraak
|-damage|p1a: Mistdraak|68/100 brn
|-boost|p2a: Iron Moth|spa|1
|
|-weather|SunnyDay|[upkeep]
|-damage|p1a: Mistdraak|62/100 brn|[from] brn
|upkeep
|turn|21
|
|t:|1776059923
|move|p2a: Iron Moth|Dazzling Gleam|p1a: Mistdraak
|-supereffective|p1a: Mistdraak
|-damage|p1a: Mistdraak|18/100 brn
|move|p1a: Mistdraak|Thunderbolt|p2a: Iron Moth
|-damage|p2a: Iron Moth|71/100
|
|-weather|none
|-damage|p1a: Mistdraak|12/100 brn|[from] brn
|upkeep
|turn|22
|
|t:|1776059927
|move|p2a: Iron Moth|Fiery Dance|p1a: Mistdraak
|-resisted|p1a: Mistdraak
|-damage|p1a: Mistdraak|0 fnt
|faint|p1a: Mistdraak
|
|upkeep
|
|t:|1776059929
|switch|p1a: Gifkroon|Toxapex, M, shiny|100/100 brn
|turn|23
|
|t:|1776059938
|move|p2a: Iron Moth|Energy Ball|p1a: Gifkroon
|-damage|p1a: Gifkroon|53/100 brn
|move|p1a: Gifkroon|Toxic Spikes|p2a: Iron Moth
|-sidestart|p2: DarkAngel205|move: Toxic Spikes
|
|-heal|p1a: Gifkroon|59/100 brn|[from] item: Black Sludge
|-damage|p1a: Gifkroon|53/100 brn|[from] brn
|upkeep
|turn|24
|
|t:|1776059948
|switch|p1a: Vlamzang|Skeledirge, M|100/100
|move|p2a: Iron Moth|Energy Ball|p1a: Vlamzang
|-resisted|p1a: Vlamzang
|-crit|p1a: Vlamzang
|-damage|p1a: Vlamzang|78/100
|
|-heal|p1a: Vlamzang|84/100|[from] item: Leftovers
|upkeep
|turn|25
|inactive|DarkAngel205 has 120 seconds left.
|
|t:|1776059986
|move|p2a: Iron Moth|Sludge Wave|p1a: Vlamzang
|-resisted|p1a: Vlamzang
|-damage|p1a: Vlamzang|60/100
|move|p1a: Vlamzang|Shadow Ball|p2a: Iron Moth
|-damage|p2a: Iron Moth|36/100
|
|-heal|p1a: Vlamzang|66/100|[from] item: Leftovers
|upkeep
|turn|26
|
|t:|1776059992
|move|p2a: Iron Moth|Sludge Wave|p1a: Vlamzang
|-resisted|p1a: Vlamzang
|-damage|p1a: Vlamzang|40/100
|move|p1a: Vlamzang|Shadow Ball|p2a: Iron Moth
|-damage|p2a: Iron Moth|0 fnt
|faint|p2a: Iron Moth
|-end|p2a: Iron Moth|Quark Drive|[silent]
|
|-heal|p1a: Vlamzang|46/100|[from] item: Leftovers
|upkeep
|
|t:|1776059996
|switch|p2a: Corviknight|Corviknight, M|54/100
|turn|27
|
|t:|1776060001
|move|p1a: Vlamzang|Torch Song|p2a: Corviknight
|-supereffective|p2a: Corviknight
|-damage|p2a: Corviknight|0 fnt
|-boost|p1a: Vlamzang|spa|1
|faint|p2a: Corviknight
|
|-heal|p1a: Vlamzang|52/100|[from] item: Leftovers
|upkeep
|-message|DarkAngel205 forfeited.
|
|win|polaria_08
|raw|polaria_08's rating: 1188 &rarr; <strong>1219</strong><br />(+31 for winning)
|raw|DarkAngel205's rating: 1272 &rarr; <strong>1241</strong><br />(-31 for losing)
|l|☆DarkAngel205
|player|p2|
|l|☆polaria_08
|player|p1|
