|html|<div class="broadcast-blue"><strong>[Gen 9] OU is currently suspecting Volcarona! For information on how to participate check out the <a href="https://www.smogon.com/tools/suspects/view/208">suspect thread</a>.</strong></div>
|j|☆TheBlackestRaven
|j|☆YooChiJin
|t:|1778517888
|gametype|singles
|player|p1|TheBlackestRaven|burglar|1210
|player|p2|YooChiJin|rancher|1262
|gen|9
|tier|[Gen 9] OU
|rated|
|rule|HP Percentage Mod: HP is shown in percentages
|rule|Endless Battle Clause: Forcing endless battles is banned
|rule|Species Clause: Limit one of each Pokémon
|rule|OHKO Clause: OHKO moves are banned
|rule|Evasion Items Clause: Evasion items are banned
|rule|Evasion Moves Clause: Evasion moves are banned
|rule|Evasion Abilities Clause: Evasion abilities are banned
|rule|Sleep Moves Clause: Sleep-inducing moves are banned
|clearpoke
|poke|p1|Blaziken, F|
|poke|p1|Gardevoir, M|
|poke|p1|Corviknight, M|
|poke|p1|Garchomp, M|
|poke|p1|Samurott-Hisui, M|
|poke|p1|Pecharunt|
|poke|p2|Glimmora, F|
|poke|p2|Minior-Green|
|poke|p2|Kingambit, F|
|poke|p2|Garganacl, M|
|poke|p2|Ogerpon-Wellspring, F|
|poke|p2|Ceruledge, F|
|teampreview
|inactive|Battle timer is ON: inactive players will automatically lose when time's up. (requested by TheBlackestRaven)
|
|t:|1778517892
|teamsize|p1|6
|teamsize|p2|6
|start
|switch|p1a: Garden|Gardevoir, M, shiny|100/100
|switch|p2a: Ceruledge|Ceruledge, F|100/100
|-ability|p1a: Garden|Weak Armor|Trace|[from] ability: Trace|[of] p2a: Ceruledge
|turn|1
|
|t:|1778517904
|move|p1a: Garden|Trick|p2a: Ceruledge
|-activate|p1a: Garden|move: Trick|[of] p2a: Ceruledge
|-item|p2a: Ceruledge|Choice Scarf|[from] move: Trick
|-item|p1a: Garden|Life Orb|[from] move: Trick
|move|p2a: Ceruledge|Poltergeist|p1a: Garden
|-activate|p1a: Garden|move: Poltergeist|Life Orb
|-supereffective|p1a: Garden
|-damage|p1a: Garden|0 fnt
|faint|p1a: Garden
|
|upkeep
|
|t:|1778517913
|switch|p1a: Toronaga|Samurott-Hisui, M, shiny|100/100
|turn|2
|
|t:|1778517920
|switch|p2a: Glimmora|Glimmora, F|100/100
|move|p1a: Toronaga|Ceaseless Edge|p2a: Glimmora
|-damage|p2a: Glimmora|48/100
|-activate|p2a: Glimmora|ability: Toxic Debris
|-sidestart|p1: TheBlackestRaven|move: Toxic Spikes
|-sidestart|p2: YooChiJin|Spikes
|
|upkeep
|turn|3
|
|t:|1778517938
|move|p1a: Toronaga|Aqua Jet|p2a: Glimmora
|-supereffective|p2a: Glimmora
|-damage|p2a: Glimmora|7/100
|-activate|p2a: Glimmora|ability: Toxic Debris
|-sidestart|p1: TheBlackestRaven|move: Toxic Spikes
|move|p2a: Glimmora|Stealth Rock|p1a: Toronaga
|-sidestart|p1: TheBlackestRaven|move: Stealth Rock
|
|upkeep
|turn|4
|
|t:|1778517945
|move|p1a: Toronaga|Aqua Jet|p2a: Glimmora
|-supereffective|p2a: Glimmora
|-damage|p2a: Glimmora|0 fnt
|faint|p2a: Glimmora
|
|upkeep
|
|t:|1778517949
|switch|p2a: Minior|Minior-Green|100/100
|-formechange|p2a: Minior|Minior-Meteor||[from] ability: Shields Down
|turn|5
|
|t:|1778517964
|move|p2a: Minior|Shell Smash|p2a: Minior
|-unboost|p2a: Minior|def|1
|-unboost|p2a: Minior|spd|1
|-boost|p2a: Minior|atk|2
|-boost|p2a: Minior|spa|2
|-boost|p2a: Minior|spe|2
|move|p1a: Toronaga|Ceaseless Edge|p2a: Minior
|-damage|p2a: Minior|23/100
|-sidestart|p2: YooChiJin|Spikes
|
|-formechange|p2a: Minior|Minior-Green||[from] ability: Shields Down
|upkeep
|turn|6
|
|t:|1778517976
|move|p1a: Toronaga|Aqua Jet|p2a: Minior
|-supereffective|p2a: Minior
|-damage|p2a: Minior|0 fnt
|faint|p2a: Minior
|
|upkeep
|
|t:|1778517985
|switch|p2a: Ogerpon|Ogerpon-Wellspring, F|100/100
|-damage|p2a: Ogerpon|84/100|[from] Spikes
|turn|7
|
|t:|1778517990
|switch|p1a: Pecharunt|Pecharunt|100/100
|-sideend|p1: TheBlackestRaven|move: Toxic Spikes|[of] p1a: Pecharunt
|move|p2a: Ogerpon|Play Rough|p1a: Pecharunt
|-resisted|p1a: Pecharunt
|-damage|p1a: Pecharunt|91/100
|
|upkeep
|turn|8
|
|t:|1778517999
|switch|p1a: kuro|Corviknight, M, shiny|100/100
|-damage|p1a: kuro|88/100|[from] Stealth Rock
|-ability|p1a: kuro|Pressure
|-terastallize|p2a: Ogerpon|Water
|detailschange|p2a: Ogerpon|Ogerpon-Wellspring-Tera, F, tera:Water
|-ability|p2a: Ogerpon|Embody Aspect (Wellspring)|boost
|-boost|p2a: Ogerpon|spd|1
|move|p2a: Ogerpon|Ivy Cudgel|p1a: kuro|[anim] Ivy Cudgel Water
|-damage|p1a: kuro|40/100
|
|-heal|p1a: kuro|47/100|[from] item: Leftovers
|upkeep
|turn|9
|
|t:|1778518022
|move|p2a: Ogerpon|Ivy Cudgel|p1a: kuro|[anim] Ivy Cudgel Water
|-damage|p1a: kuro|0 fnt
|faint|p1a: kuro
|
|upkeep
|
|t:|1778518028
|switch|p1a: Pecharunt|Pecharunt|91/100
|turn|10
|
|t:|1778518031
|move|p2a: Ogerpon|Ivy Cudgel|p1a: Pecharunt|[anim] Ivy Cudgel Water
|-damage|p1a: Pecharunt|47/100
|move|p1a: Pecharunt|Malignant Chain|p2a: Ogerpon
|-damage|p2a: Ogerpon|59/100
|
|upkeep
|turn|11
|
|t:|1778518055
|move|p2a: Ogerpon|Ivy Cudgel|p1a: Pecharunt|[anim] Ivy Cudgel Water
|-damage|p1a: Pecharunt|6/100
|move|p1a: Pecharunt|Recover|p1a: Pecharunt
|-heal|p1a: Pecharunt|56/100
|
|upkeep
|turn|12
|
|t:|1778518061
|move|p2a: Ogerpon|Ivy Cudgel|p1a: Pecharunt|[anim] Ivy Cudgel Water
|-damage|p1a: Pecharunt|15/100
|move|p1a: Pecharunt|Recover|p1a: Pecharunt
|-heal|p1a: Pecharunt|65/100
|
|upkeep
|turn|13
|
|t:|1778518067
|move|p2a: Ogerpon|Ivy Cudgel|p1a: Pecharunt|[anim] Ivy Cudgel Water
|-damage|p1a: Pecharunt|22/100
|move|p1a: Pecharunt|Malignant Chain|p2a: Ogerpon
|-damage|p2a: Ogerpon|36/100
|
|upkeep
|turn|14
|
|t:|1778518075
|switch|p1a: Toronaga|Samurott-Hisui, M, shiny|100/100
|-damage|p1a: Toronaga|88/100|[from] Stealth Rock
|move|p2a: Ogerpon|Ivy Cudgel|p1a: Toronaga|[anim] Ivy Cudgel Water
|-resisted|p1a: Toronaga
|-damage|p1a: Toronaga|44/100
|
|upkeep
|turn|15
|
|t:|1778518082
|move|p2a: Ogerpon|Play Rough|p1a: Toronaga
|-supereffective|p1a: Toronaga
|-damage|p1a: Toronaga|0 fnt
|faint|p1a: Toronaga
|
|upkeep
|
|t:|1778518090
|switch|p1a: Buffalo|Blaziken, F, shiny|100/100
|-damage|p1a: Buffalo|88/100|[from] Stealth Rock
|turn|16
|
|t:|1778518093
|move|p1a: Buffalo|Protect|p1a: Buffalo
|-singleturn|p1a: Buffalo|Protect
|move|p2a: Ogerpon|Ivy Cudgel|p1a: Buffalo|[anim] Ivy Cudgel Water
|-activate|p1a: Buffalo|move: Protect
|
|-ability|p1a: Buffalo|Speed Boost|boost
|-boost|p1a: Buffalo|spe|1
|upkeep
|turn|17
|
|t:|1778518101
|move|p1a: Buffalo|Close Combat|p2a: Ogerpon
|-damage|p2a: Ogerpon|0 fnt
|-unboost|p1a: Buffalo|def|1
|-unboost|p1a: Buffalo|spd|1
|faint|p2a: Ogerpon
|detailschange|p2: Ogerpon|Ogerpon-Wellspring, F|[silent]
|-damage|p1a: Buffalo|78/100|[from] item: Life Orb
|
|-ability|p1a: Buffalo|Speed Boost|boost
|-boost|p1a: Buffalo|spe|1
|upkeep
|
|t:|1778518109
|switch|p2a: Garganacl|Garganacl, M|100/100
|-damage|p2a: Garganacl|84/100|[from] Spikes
|turn|18
|
|t:|1778518115
|move|p1a: Buffalo|Close Combat|p2a: Garganacl
|-supereffective|p2a: Garganacl
|-crit|p2a: Garganacl
|-damage|p2a: Garganacl|0 fnt
|-unboost|p1a: Buffalo|def|1
|-unboost|p1a: Buffalo|spd|1
|faint|p2a: Garganacl
|-damage|p1a: Buffalo|68/100|[from] item: Life Orb
|
|-ability|p1a: Buffalo|Speed Boost|boost
|-boost|p1a: Buffalo|spe|1
|upkeep
|
|t:|1778518124
|switch|p2a: Kingambit|Kingambit, F|100/100
|-damage|p2a: Kingambit|84/100|[from] Spikes
|-activate|p2a: Kingambit|ability: Supreme Overlord
|-start|p2a: Kingambit|fallen4|[silent]
|turn|19
|
|t:|1778518133
|move|p1a: Buffalo|Close Combat|p2a: Kingambit
|-supereffective|p2a: Kingambit
|-damage|p2a: Kingambit|0 fnt
|-unboost|p1a: Buffalo|def|1
|-unboost|p1a: Buffalo|spd|1
|faint|p2a: Kingambit
|-end|p2a: Kingambit|fallen4|[silent]
|-damage|p1a: Buffalo|58/100|[from] item: Life Orb
|
|-ability|p1a: Buffalo|Speed Boost|boost
|-boost|p1a: Buffalo|spe|1
|upkeep
|-message|YooChiJin forfeited.
|
|win|TheBlackestRaven
|raw|TheBlackestRaven's rating: 1210 &rarr; <strong>1239</strong><br />(+29 for winning)
|raw|YooChiJin's rating: 1262 &rarr; <strong>1233</strong><br />(-29 for losing)
|l|☆YooChiJin
|player|p2|
|l|☆TheBlackestRaven
|player|p1|
