|html|<div class="broadcast-blue"><strong>[Gen 9] OU is currently suspecting Tera Blast! For information on how to participate check out the <a href="https://www.smogon.com/tools/suspects/view/200">suspect thread</a>.</strong></div>
|j|☆alt1 lord greed
|j|☆Txniicv
|t:|1776082518
|gametype|singles
|player|p1|alt1 lord greed|2|1465
|player|p2|Txniicv|lucas|1485
|gen|9
|tier|[Gen 9] OU
|rated|
|rule|HP Percentage Mod: HP is shown in percentages
|rule|Endless Battle Clause: Forcing endless battles is banned
|rule|Species Clause: Limit one of each Pokémon
|rule|OHKO Clause: OHKO moves are banned
|rule|Evasion Items Clause: Evasion items are banned
|rule|Evasion Moves Clause: Evasion moves are banned
|rule|Evasion Abilities Clause: Evasion abilities are banned
|rule|Sleep Moves Clause: Sleep-inducing moves are banned
|clearpoke
|poke|p1|Glastrier|
|poke|p1|Slowking-Galar, F|
|poke|p1|Heatran, M|
|poke|p1|Tornadus-Therian, M|
|poke|p1|Enamorus, F|
|poke|p1|Great Tusk|
|poke|p2|Grimmsnarl, M|
|poke|p2|Iron Treads|
|poke|p2|Raging Bolt|
|poke|p2|Deoxys-Speed|
|poke|p2|Ogerpon-Wellspring, F|
|poke|p2|Ceruledge, F|
|teampreview
|inactive|Battle timer is ON: inactive players will automatically lose when time's up. (requested by alt1 lord greed)
|
|t:|1776082531
|teamsize|p1|6
|teamsize|p2|6
|start
|switch|p1a: Glastrier|Glastrier|100/100
|switch|p2a: Grimmsnarl|Grimmsnarl, M, shiny|100/100
|turn|1
|
|t:|1776082538
|move|p2a: Grimmsnarl|Reflect|p2a: Grimmsnarl
|-sidestart|p2: Txniicv|Reflect
|move|p1a: Glastrier|Swords Dance|p1a: Glastrier
|-boost|p1a: Glastrier|atk|2
|
|upkeep
|turn|2
|-activate|p1a: Glastrier|item: Quick Claw
|
|t:|1776082544
|move|p2a: Grimmsnarl|Light Screen|p2a: Grimmsnarl
|-sidestart|p2: Txniicv|move: Light Screen
|move|p1a: Glastrier|Icicle Crash|p2a: Grimmsnarl
|-damage|p2a: Grimmsnarl|19/100
|
|upkeep
|turn|3
|
|t:|1776082561
|move|p2a: Grimmsnarl|Low Kick|p1a: Glastrier
|-supereffective|p1a: Glastrier
|-damage|p1a: Glastrier|47/100
|move|p1a: Glastrier|Swords Dance|p1a: Glastrier
|-boost|p1a: Glastrier|atk|2
|
|upkeep
|turn|4
|
|t:|1776082565
|-terastallize|p1a: Glastrier|Fighting
|move|p2a: Grimmsnarl|Low Kick|p1a: Glastrier
|-damage|p1a: Glastrier|17/100
|move|p1a: Glastrier|Icicle Crash|p2a: Grimmsnarl
|-crit|p2a: Grimmsnarl
|-damage|p2a: Grimmsnarl|0 fnt
|faint|p2a: Grimmsnarl
|-ability|p1a: Glastrier|Chilling Neigh|boost
|-boost|p1a: Glastrier|atk|1
|
|upkeep
|
|t:|1776082589
|switch|p2a: Deoxys|Deoxys-Speed, shiny|100/100
|-ability|p2a: Deoxys|Pressure
|turn|5
|
|t:|1776082594
|move|p2a: Deoxys|Psycho Boost|p1a: Glastrier
|-supereffective|p1a: Glastrier
|-damage|p1a: Glastrier|0 fnt
|-unboost|p2a: Deoxys|spa|2
|faint|p1a: Glastrier
|
|upkeep
|
|t:|1776082596
|switch|p1a: Heatran|Heatran, M|100/100
|turn|6
|
|t:|1776082624
|switch|p2a: Ogerpon|Ogerpon-Wellspring, F|100/100
|switch|p1a: Tornadus|Tornadus-Therian, M|100/100
|
|upkeep
|turn|7
|
|t:|1776082638
|-terastallize|p2a: Ogerpon|Water
|detailschange|p2a: Ogerpon|Ogerpon-Wellspring-Tera, F, tera:Water
|-ability|p2a: Ogerpon|Embody Aspect (Wellspring)|boost
|-boost|p2a: Ogerpon|spd|1
|move|p1a: Tornadus|Bleakwind Storm|p2a: Ogerpon
|-damage|p2a: Ogerpon|87/100
|move|p2a: Ogerpon|Swords Dance|p2a: Ogerpon
|-boost|p2a: Ogerpon|atk|2
|
|upkeep
|turn|8
|
|t:|1776082651
|move|p1a: Tornadus|Bleakwind Storm|p2a: Ogerpon
|-damage|p2a: Ogerpon|72/100
|move|p2a: Ogerpon|Trailblaze|p1a: Tornadus
|-resisted|p1a: Tornadus
|-damage|p1a: Tornadus|62/100
|-boost|p2a: Ogerpon|spe|1
|
|-sideend|p2: Txniicv|Reflect
|upkeep
|turn|9
|
|t:|1776082657
|move|p2a: Ogerpon|Ivy Cudgel|p1a: Tornadus|[anim] Ivy Cudgel Water
|-damage|p1a: Tornadus|0 fnt
|faint|p1a: Tornadus
|
|-sideend|p2: Txniicv|move: Light Screen
|upkeep
|
|t:|1776082663
|switch|p1a: Great Tusk|Great Tusk|100/100
|turn|10
|
|t:|1776082671
|move|p2a: Ogerpon|Ivy Cudgel|p1a: Great Tusk|[anim] Ivy Cudgel Water
|-supereffective|p1a: Great Tusk
|-damage|p1a: Great Tusk|0 fnt
|faint|p1a: Great Tusk
|-end|p1a: Great Tusk|Protosynthesis|[silent]
|
|upkeep
|
|t:|1776082674
|switch|p1a: Enamorus|Enamorus, F|100/100
|turn|11
|
|t:|1776082677
|move|p2a: Ogerpon|Ivy Cudgel|p1a: Enamorus|[anim] Ivy Cudgel Water
|-damage|p1a: Enamorus|0 fnt
|faint|p1a: Enamorus
|
|upkeep
|
|t:|1776082678
|switch|p1a: Heatran|Heatran, M|100/100
|turn|12
|
|t:|1776082680
|move|p2a: Ogerpon|Ivy Cudgel|p1a: Heatran|[anim] Ivy Cudgel Water
|-supereffective|p1a: Heatran
|-damage|p1a: Heatran|0 fnt
|faint|p1a: Heatran
|
|upkeep
|
|t:|1776082681
|switch|p1a: Slowking|Slowking-Galar, F|100/100
|turn|13
|
|t:|1776082685
|move|p2a: Ogerpon|Ivy Cudgel|p1a: Slowking|[anim] Ivy Cudgel Water
|-damage|p1a: Slowking|0 fnt
|faint|p1a: Slowking
|
|win|Txniicv
|raw|alt1 lord greed's rating: 1465 &rarr; <strong>1446</strong><br />(-19 for losing)
|raw|Txniicv's rating: 1485 &rarr; <strong>1504</strong><br />(+19 for winning)
|l|☆alt1 lord greed
|player|p1|
|c|☆Txniicv|gg
|l|☆Txniicv
|player|p2|
