|html|<div class="broadcast-blue"><strong>[Gen 9] OU is currently suspecting Tera Blast! For information on how to participate check out the <a href="https://www.smogon.com/tools/suspects/view/200">suspect thread</a>.</strong></div>
|j|☆goodnightnite
|j|☆eros maniac
|t:|1776074330
|gametype|singles
|player|p1|goodnightnite|cynthia-masters|1571
|player|p2|eros maniac|hilbert-wonderlauncher|1711
|gen|9
|tier|[Gen 9] OU
|rated|
|rule|HP Percentage Mod: HP is shown in percentages
|rule|Endless Battle Clause: Forcing endless battles is banned
|rule|Species Clause: Limit one of each Pokémon
|rule|OHKO Clause: OHKO moves are banned
|rule|Evasion Items Clause: Evasion items are banned
|rule|Evasion Moves Clause: Evasion moves are banned
|rule|Evasion Abilities Clause: Evasion abilities are banned
|rule|Sleep Moves Clause: Sleep-inducing moves are banned
|clearpoke
|poke|p1|Pelipper, F|
|poke|p1|Hatterene, F|
|poke|p1|Iron Treads|
|poke|p1|Toxicroak, F|
|poke|p1|Barraskewda, F|
|poke|p1|Zapdos|
|poke|p2|Frosmoth, F|
|poke|p2|Maushold-Four|
|poke|p2|Okidogi, M|
|poke|p2|Sinistcha|
|poke|p2|Alomomola, M|
|poke|p2|Weezing-Galar, M|
|teampreview
|inactive|Battle timer is ON: inactive players will automatically lose when time's up. (requested by goodnightnite)
|j| ohko_smeargle
|
|t:|1776074339
|teamsize|p1|6
|teamsize|p2|6
|start
|switch|p1a: Pelipper|Pelipper, F|100/100
|switch|p2a: Frosmoth|Frosmoth, F, shiny|100/100
|-weather|RainDance|[from] ability: Drizzle|[of] p1a: Pelipper
|turn|1
|
|t:|1776074345
|switch|p1a: Iron Treads|Iron Treads|100/100
|-terastallize|p2a: Frosmoth|Electric
|move|p2a: Frosmoth|Tera Blast|p1a: Iron Treads|[anim] Tera Blast Electric
|-immune|p1a: Iron Treads
|
|-weather|RainDance|[upkeep]
|upkeep
|turn|2
|
|t:|1776074350
|switch|p2a: Alomomola|Alomomola, M, shiny|100/100
|move|p1a: Iron Treads|Volt Switch|p2a: Alomomola
|-supereffective|p2a: Alomomola
|-damage|p2a: Alomomola|80/100
|
|t:|1776074354
|-end|p1a: Iron Treads|Quark Drive|[silent]
|switch|p1a: Toxicroak|Toxicroak, F|100/100|[from] Volt Switch
|
|-weather|RainDance|[upkeep]
|upkeep
|turn|3
|
|t:|1776074358
|switch|p2a: Okidogi|Okidogi, M|100/100
|move|p1a: Toxicroak|Knock Off|p2a: Okidogi
|-resisted|p2a: Okidogi
|-damage|p2a: Okidogi|92/100
|-enditem|p2a: Okidogi|Choice Band|[from] move: Knock Off|[of] p1a: Toxicroak
|
|-weather|RainDance|[upkeep]
|upkeep
|turn|4
|
|t:|1776074364
|move|p1a: Toxicroak|Encore||[still]
|-fail|p1a: Toxicroak
|move|p2a: Okidogi|Knock Off|p1a: Toxicroak
|-resisted|p1a: Toxicroak
|-damage|p1a: Toxicroak|84/100
|-damage|p2a: Okidogi|75/100|[from] item: Rocky Helmet|[of] p1a: Toxicroak
|-enditem|p1a: Toxicroak|Rocky Helmet|[from] move: Knock Off|[of] p2a: Okidogi
|
|-weather|RainDance|[upkeep]
|-heal|p1a: Toxicroak|96/100|[from] ability: Dry Skin
|upkeep
|turn|5
|
|t:|1776074373
|switch|p2a: Alomomola|Alomomola, M, shiny|100/100
|move|p1a: Toxicroak|Knock Off|p2a: Alomomola
|-damage|p2a: Alomomola|85/100
|-damage|p1a: Toxicroak|80/100|[from] item: Rocky Helmet|[of] p2a: Alomomola
|-enditem|p2a: Alomomola|Rocky Helmet|[from] move: Knock Off|[of] p1a: Toxicroak
|
|-weather|RainDance|[upkeep]
|-heal|p1a: Toxicroak|92/100|[from] ability: Dry Skin
|upkeep
|turn|6
|
|t:|1776074383
|switch|p2a: Okidogi|Okidogi, M|75/100
|move|p1a: Toxicroak|Toxic|p2a: Okidogi
|-immune|p2a: Okidogi
|
|-weather|RainDance|[upkeep]
|-heal|p1a: Toxicroak|100/100|[from] ability: Dry Skin
|upkeep
|turn|7
|
|t:|1776074389
|switch|p1a: Hatterene|Hatterene, F|100/100
|move|p2a: Okidogi|High Horsepower|p1a: Hatterene
|-damage|p1a: Hatterene|70/100
|-enditem|p1a: Hatterene|Eject Button
|
|t:|1776074394
|switch|p1a: Zapdos|Zapdos|100/100
|
|-weather|RainDance|[upkeep]
|upkeep
|turn|8
|
|t:|1776074397
|switch|p2a: Frosmoth|Frosmoth, F, shiny, tera:Electric|100/100
|move|p1a: Zapdos|Volt Switch|p2a: Frosmoth
|-resisted|p2a: Frosmoth
|-damage|p2a: Frosmoth|89/100
|
|t:|1776074399
|switch|p1a: Iron Treads|Iron Treads|100/100|[from] Volt Switch
|
|-weather|none
|-heal|p2a: Frosmoth|96/100|[from] item: Leftovers
|upkeep
|turn|9
|
|t:|1776074403
|switch|p2a: Alomomola|Alomomola, M, shiny|100/100
|move|p1a: Iron Treads|Volt Switch|p2a: Alomomola
|-supereffective|p2a: Alomomola
|-damage|p2a: Alomomola|79/100
|
|t:|1776074406
|-end|p1a: Iron Treads|Quark Drive|[silent]
|switch|p1a: Pelipper|Pelipper, F|100/100|[from] Volt Switch
|-weather|RainDance|[from] ability: Drizzle|[of] p1a: Pelipper
|
|-weather|RainDance|[upkeep]
|upkeep
|turn|10
|
|t:|1776074411
|move|p2a: Alomomola|Wish|p2a: Alomomola
|move|p1a: Pelipper|U-turn|p2a: Alomomola
|-damage|p2a: Alomomola|73/100
|
|t:|1776074417
|switch|p1a: Barraskewda|Barraskewda, F|100/100|[from] U-turn
|
|-weather|RainDance|[upkeep]
|upkeep
|turn|11
|
|t:|1776074420
|switch|p2a: Okidogi|Okidogi, M|75/100
|move|p1a: Barraskewda|Flip Turn|p2a: Okidogi
|-damage|p2a: Okidogi|19/100
|
|t:|1776074424
|switch|p1a: Zapdos|Zapdos|100/100|[from] Flip Turn
|
|-weather|RainDance|[upkeep]
|-heal|p2a: Okidogi|89/100|[from] move: Wish|[wisher] Alomomola
|upkeep
|turn|12
|
|t:|1776074427
|switch|p2a: Frosmoth|Frosmoth, F, shiny, tera:Electric|96/100
|move|p1a: Zapdos|Volt Switch|p2a: Frosmoth
|-resisted|p2a: Frosmoth
|-damage|p2a: Frosmoth|84/100
|
|t:|1776074430
|switch|p1a: Barraskewda|Barraskewda, F|100/100|[from] Volt Switch
|
|-weather|RainDance|[upkeep]
|-heal|p2a: Frosmoth|90/100|[from] item: Leftovers
|upkeep
|turn|13
|
|t:|1776074433
|switch|p2a: Alomomola|Alomomola, M, shiny|100/100
|move|p1a: Barraskewda|Liquidation|p2a: Alomomola
|-resisted|p2a: Alomomola
|-damage|p2a: Alomomola|67/100
|
|-weather|RainDance|[upkeep]
|upkeep
|turn|14
|
|t:|1776074438
|move|p1a: Barraskewda|Liquidation|p2a: Alomomola
|-resisted|p2a: Alomomola
|-damage|p2a: Alomomola|35/100
|move|p2a: Alomomola|Flip Turn|p1a: Barraskewda
|-resisted|p1a: Barraskewda
|-damage|p1a: Barraskewda|77/100
|
|t:|1776074441
|switch|p2a: Sinistcha|Sinistcha, shiny|100/100|[from] Flip Turn
|
|-weather|RainDance|[upkeep]
|upkeep
|turn|15
|
|t:|1776074447
|switch|p1a: Iron Treads|Iron Treads|100/100
|switch|p2a: Frosmoth|Frosmoth, F, shiny, tera:Electric|90/100
|
|-weather|RainDance|[upkeep]
|-heal|p2a: Frosmoth|96/100|[from] item: Leftovers
|upkeep
|turn|16
|
|t:|1776074451
|switch|p2a: Sinistcha|Sinistcha, shiny|100/100
|move|p1a: Iron Treads|Volt Switch|p2a: Sinistcha
|-resisted|p2a: Sinistcha
|-damage|p2a: Sinistcha|94/100
|
|t:|1776074455
|-end|p1a: Iron Treads|Quark Drive|[silent]
|switch|p1a: Zapdos|Zapdos|100/100|[from] Volt Switch
|
|-weather|none
|upkeep
|turn|17
|
|t:|1776074457
|switch|p2a: Frosmoth|Frosmoth, F, shiny, tera:Electric|96/100
|move|p1a: Zapdos|Volt Switch|p2a: Frosmoth
|-resisted|p2a: Frosmoth
|-damage|p2a: Frosmoth|85/100
|
|t:|1776074461
|switch|p1a: Iron Treads|Iron Treads|100/100|[from] Volt Switch
|
|-heal|p2a: Frosmoth|91/100|[from] item: Leftovers
|upkeep
|turn|18
|
|t:|1776074465
|switch|p2a: Alomomola|Alomomola, M, shiny|69/100
|move|p1a: Iron Treads|Volt Switch|p2a: Alomomola
|-supereffective|p2a: Alomomola
|-damage|p2a: Alomomola|50/100
|
|t:|1776074469
|-end|p1a: Iron Treads|Quark Drive|[silent]
|switch|p1a: Pelipper|Pelipper, F|100/100|[from] Volt Switch
|-weather|RainDance|[from] ability: Drizzle|[of] p1a: Pelipper
|
|-weather|RainDance|[upkeep]
|upkeep
|turn|19
|
|t:|1776074475
|switch|p2a: Frosmoth|Frosmoth, F, shiny, tera:Electric|91/100
|move|p1a: Pelipper|U-turn|p2a: Frosmoth
|-damage|p2a: Frosmoth|76/100
|
|t:|1776074478
|switch|p1a: Barraskewda|Barraskewda, F|77/100|[from] U-turn
|
|-weather|RainDance|[upkeep]
|-heal|p2a: Frosmoth|82/100|[from] item: Leftovers
|upkeep
|turn|20
|
|t:|1776074481
|switch|p2a: Alomomola|Alomomola, M, shiny|83/100
|move|p1a: Barraskewda|Flip Turn|p2a: Alomomola
|-resisted|p2a: Alomomola
|-damage|p2a: Alomomola|59/100
|
|t:|1776074485
|switch|p1a: Zapdos|Zapdos|100/100|[from] Flip Turn
|
|-weather|RainDance|[upkeep]
|upkeep
|turn|21
|
|t:|1776074488
|switch|p2a: Frosmoth|Frosmoth, F, shiny, tera:Electric|82/100
|move|p1a: Zapdos|Volt Switch|p2a: Frosmoth
|-resisted|p2a: Frosmoth
|-damage|p2a: Frosmoth|71/100
|
|t:|1776074491
|switch|p1a: Barraskewda|Barraskewda, F|77/100|[from] Volt Switch
|
|-weather|RainDance|[upkeep]
|-heal|p2a: Frosmoth|77/100|[from] item: Leftovers
|upkeep
|turn|22
|
|t:|1776074495
|switch|p2a: Alomomola|Alomomola, M, shiny|92/100
|move|p1a: Barraskewda|Flip Turn|p2a: Alomomola
|-resisted|p2a: Alomomola
|-damage|p2a: Alomomola|69/100
|
|t:|1776074498
|switch|p1a: Zapdos|Zapdos|100/100|[from] Flip Turn
|
|-weather|RainDance|[upkeep]
|upkeep
|turn|23
|
|t:|1776074504
|switch|p2a: Frosmoth|Frosmoth, F, shiny, tera:Electric|77/100
|move|p1a: Zapdos|Weather Ball|p2a: Frosmoth
|-damage|p2a: Frosmoth|45/100
|
|-weather|RainDance|[upkeep]
|-heal|p2a: Frosmoth|51/100|[from] item: Leftovers
|upkeep
|turn|24
|
|t:|1776074511
|switch|p1a: Iron Treads|Iron Treads|100/100
|switch|p2a: Alomomola|Alomomola, M, shiny|100/100
|
|-weather|RainDance|[upkeep]
|upkeep
|turn|25
|
|t:|1776074514
|move|p1a: Iron Treads|Volt Switch|p2a: Alomomola
|-supereffective|p2a: Alomomola
|-damage|p2a: Alomomola|80/100
|
|t:|1776074520
|-end|p1a: Iron Treads|Quark Drive|[silent]
|switch|p1a: Toxicroak|Toxicroak, F|100/100|[from] Volt Switch
|move|p2a: Alomomola|Wish|p2a: Alomomola
|
|-weather|none
|upkeep
|turn|26
|
|t:|1776074524
|switch|p1a: Pelipper|Pelipper, F|100/100
|-weather|RainDance|[from] ability: Drizzle|[of] p1a: Pelipper
|switch|p2a: Okidogi|Okidogi, M|89/100
|
|-weather|RainDance|[upkeep]
|-heal|p2a: Okidogi|100/100|[from] move: Wish|[wisher] Alomomola
|upkeep
|turn|27
|
|t:|1776074529
|switch|p1a: Toxicroak|Toxicroak, F|100/100
|move|p2a: Okidogi|Knock Off|p1a: Toxicroak
|-resisted|p1a: Toxicroak
|-damage|p1a: Toxicroak|88/100
|
|-weather|RainDance|[upkeep]
|-heal|p1a: Toxicroak|100/100|[from] ability: Dry Skin
|upkeep
|turn|28
|
|t:|1776074534
|switch|p1a: Zapdos|Zapdos|100/100
|move|p2a: Okidogi|High Horsepower|p1a: Zapdos
|-immune|p1a: Zapdos
|
|-weather|RainDance|[upkeep]
|upkeep
|turn|29
|
|t:|1776074539
|switch|p2a: Frosmoth|Frosmoth, F, shiny, tera:Electric|51/100
|move|p1a: Zapdos|Volt Switch|p2a: Frosmoth
|-resisted|p2a: Frosmoth
|-damage|p2a: Frosmoth|39/100
|
|t:|1776074542
|switch|p1a: Barraskewda|Barraskewda, F|77/100|[from] Volt Switch
|
|-weather|RainDance|[upkeep]
|-heal|p2a: Frosmoth|45/100|[from] item: Leftovers
|upkeep
|turn|30
|
|t:|1776074546
|switch|p2a: Alomomola|Alomomola, M, shiny|100/100
|move|p1a: Barraskewda|Flip Turn|p2a: Alomomola
|-resisted|p2a: Alomomola
|-crit|p2a: Alomomola
|-damage|p2a: Alomomola|65/100
|
|t:|1776074549
|switch|p1a: Zapdos|Zapdos|100/100|[from] Flip Turn
|
|-weather|RainDance|[upkeep]
|upkeep
|turn|31
|
|t:|1776074554
|switch|p2a: Frosmoth|Frosmoth, F, shiny, tera:Electric|45/100
|move|p1a: Zapdos|Volt Switch|p2a: Frosmoth
|-resisted|p2a: Frosmoth
|-damage|p2a: Frosmoth|32/100
|
|t:|1776074557
|switch|p1a: Barraskewda|Barraskewda, F|77/100|[from] Volt Switch
|
|-weather|RainDance|[upkeep]
|-heal|p2a: Frosmoth|38/100|[from] item: Leftovers
|upkeep
|turn|32
|
|t:|1776074560
|switch|p2a: Alomomola|Alomomola, M, shiny|98/100
|move|p1a: Barraskewda|Flip Turn|p2a: Alomomola
|-resisted|p2a: Alomomola
|-damage|p2a: Alomomola|74/100
|
|t:|1776074563
|switch|p1a: Zapdos|Zapdos|100/100|[from] Flip Turn
|
|-weather|RainDance|[upkeep]
|upkeep
|turn|33
|
|t:|1776074569
|move|p1a: Zapdos|Volt Switch|p2a: Alomomola
|-supereffective|p2a: Alomomola
|-damage|p2a: Alomomola|0 fnt
|faint|p2a: Alomomola
|-message|eros maniac forfeited.
|
|win|goodnightnite
|raw|goodnightnite's rating: 1571 &rarr; <strong>1599</strong><br />(+28 for winning)
|raw|eros maniac's rating: 1711 &rarr; <strong>1683</strong><br />(-28 for losing)
|l|☆eros maniac
|player|p2|
|l| ohko_smeargle
