|html|<div class="broadcast-blue"><strong>[Gen 9] OU is currently suspecting Tera Blast! For information on how to participate check out the <a href="https://www.smogon.com/tools/suspects/view/200">suspect thread</a>.</strong></div>
|j|‽GruffaloPotato
|j|☆uravenix
|t:|1776336704
|gametype|singles
|player|p1|GruffaloPotato|1|1060
|player|p2|uravenix|1|1101
|gen|9
|tier|[Gen 9] OU
|rated|
|rule|HP Percentage Mod: HP is shown in percentages
|rule|Endless Battle Clause: Forcing endless battles is banned
|rule|Species Clause: Limit one of each Pokémon
|rule|OHKO Clause: OHKO moves are banned
|rule|Evasion Items Clause: Evasion items are banned
|rule|Evasion Moves Clause: Evasion moves are banned
|rule|Evasion Abilities Clause: Evasion abilities are banned
|rule|Sleep Moves Clause: Sleep-inducing moves are banned
|clearpoke
|poke|p1|Gholdengo|
|poke|p1|Dragapult, M|
|poke|p1|Great Tusk|
|poke|p1|Latias, F|
|poke|p1|Ceruledge, F|
|poke|p1|Corviknight, M|
|poke|p2|Reuniclus, F|
|poke|p2|Maushold|
|poke|p2|Kingambit, M|
|poke|p2|Hatterene, F|
|poke|p2|Iron Valiant|
|poke|p2|Pikachu-Partner, M|
|teampreview
|
|t:|1776336713
|teamsize|p1|6
|teamsize|p2|6
|start
|switch|p1a: Gholdengo|Gholdengo|100/100
|switch|p2a: Pikachu|Pikachu-Partner, M|100/100
|-item|p1a: Gholdengo|Air Balloon
|turn|1
|
|t:|1776336723
|move|p2a: Pikachu|Volt Switch|p1a: Gholdengo
|-damage|p1a: Gholdengo|72/100
|-enditem|p1a: Gholdengo|Air Balloon
|
|t:|1776336727
|switch|p2a: Black Fighter|Iron Valiant, shiny|100/100|[from] Volt Switch
|-enditem|p2a: Black Fighter|Booster Energy
|-activate|p2a: Black Fighter|ability: Quark Drive|[fromitem]
|-start|p2a: Black Fighter|quarkdriveatk
|move|p1a: Gholdengo|Nasty Plot|p1a: Gholdengo
|-boost|p1a: Gholdengo|spa|2
|
|upkeep
|turn|2
|
|t:|1776336738
|move|p2a: Black Fighter|Close Combat|p1a: Gholdengo
|-immune|p1a: Gholdengo
|move|p1a: Gholdengo|Flash Cannon|p2a: Black Fighter
|-supereffective|p2a: Black Fighter
|-damage|p2a: Black Fighter|0 fnt
|faint|p2a: Black Fighter
|-end|p2a: Black Fighter|Quark Drive|[silent]
|
|upkeep
|
|t:|1776336757
|switch|p2a: minny mick|Maushold|100/100
|turn|3
|
|t:|1776336766
|move|p2a: minny mick|Bite|p1a: Gholdengo
|-supereffective|p1a: Gholdengo
|-damage|p1a: Gholdengo|27/100
|move|p1a: Gholdengo|Flash Cannon|p2a: minny mick
|-damage|p2a: minny mick|0 fnt
|faint|p2a: minny mick
|
|upkeep
|
|t:|1776336784
|switch|p2a: Pikachu|Pikachu-Partner, M|100/100
|turn|4
|
|t:|1776336789
|move|p2a: Pikachu|Knock Off|p1a: Gholdengo
|-supereffective|p1a: Gholdengo
|-damage|p1a: Gholdengo|0 fnt
|faint|p1a: Gholdengo
|
|upkeep
|
|t:|1776336796
|switch|p1a: Corviknight|Corviknight, M|100/100
|-ability|p1a: Corviknight|Pressure
|turn|5
|
|t:|1776336808
|move|p2a: Pikachu|Volt Switch|p1a: Corviknight
|-supereffective|p1a: Corviknight
|-damage|p1a: Corviknight|43/100
|
|t:|1776336815
|switch|p2a: Underage|Hatterene, F|100/100|[from] Volt Switch
|move|p1a: Corviknight|Bulk Up|p1a: Corviknight
|-boost|p1a: Corviknight|atk|1
|-boost|p1a: Corviknight|def|1
|
|-heal|p1a: Corviknight|50/100|[from] item: Leftovers
|upkeep
|turn|6
|
|t:|1776336831
|move|p1a: Corviknight|Iron Defense|p1a: Corviknight
|-boost|p1a: Corviknight|def|2
|move|p2a: Underage|Trick Room|p2a: Underage
|-fieldstart|move: Trick Room|[of] p2a: Underage
|
|-heal|p1a: Corviknight|56/100|[from] item: Leftovers
|upkeep
|turn|7
|
|t:|1776336838
|switch|p2a: tuffest|Kingambit, M|100/100
|-activate|p2a: tuffest|ability: Supreme Overlord
|-start|p2a: tuffest|fallen2|[silent]
|move|p1a: Corviknight|Drill Peck|p2a: tuffest
|-resisted|p2a: tuffest
|-damage|p2a: tuffest|86/100
|
|-heal|p1a: Corviknight|62/100|[from] item: Leftovers
|upkeep
|turn|8
|
|t:|1776336849
|move|p2a: tuffest|Kowtow Cleave|p1a: Corviknight
|-damage|p1a: Corviknight|35/100
|move|p1a: Corviknight|Bulk Up|p1a: Corviknight
|-boost|p1a: Corviknight|atk|1
|-boost|p1a: Corviknight|def|1
|
|-heal|p1a: Corviknight|41/100|[from] item: Leftovers
|upkeep
|turn|9
|
|t:|1776336860
|move|p2a: tuffest|Low Kick|p1a: Corviknight
|-damage|p1a: Corviknight|31/100
|move|p1a: Corviknight|Drill Peck|p2a: tuffest
|-resisted|p2a: tuffest
|-damage|p2a: tuffest|67/100
|
|-heal|p1a: Corviknight|37/100|[from] item: Leftovers
|upkeep
|turn|10
|
|t:|1776336873
|-terastallize|p2a: tuffest|Fighting
|move|p2a: tuffest|Kowtow Cleave|p1a: Corviknight
|-damage|p1a: Corviknight|18/100
|move|p1a: Corviknight|Drill Peck|p2a: tuffest
|-supereffective|p2a: tuffest
|-damage|p2a: tuffest|0 fnt
|faint|p2a: tuffest
|-end|p2a: tuffest|fallen2|[silent]
|
|-heal|p1a: Corviknight|24/100|[from] item: Leftovers
|-fieldend|move: Trick Room
|upkeep
|
|t:|1776336889
|switch|p2a: Pikachu|Pikachu-Partner, M|100/100
|turn|11
|
|t:|1776336899
|switch|p1a: Ceruledge|Ceruledge, F|100/100
|move|p2a: Pikachu|Volt Switch|p1a: Ceruledge
|-damage|p1a: Ceruledge|73/100
|
|t:|1776336905
|switch|p2a: bummest|Reuniclus, F|100/100|[from] Volt Switch
|
|-heal|p1a: Ceruledge|79/100|[from] item: Leftovers
|upkeep
|turn|12
|
|t:|1776336913
|move|p1a: Ceruledge|Swords Dance|p1a: Ceruledge
|-boost|p1a: Ceruledge|atk|2
|move|p2a: bummest|Rock Slide|p1a: Ceruledge
|-supereffective|p1a: Ceruledge
|-damage|p1a: Ceruledge|51/100
|
|-heal|p1a: Ceruledge|57/100|[from] item: Leftovers
|upkeep
|turn|13
|
|t:|1776336932
|move|p1a: Ceruledge|Flamethrower|p2a: bummest
|-damage|p2a: bummest|74/100
|move|p2a: bummest|Rock Slide|p1a: Ceruledge
|-supereffective|p1a: Ceruledge
|-damage|p1a: Ceruledge|28/100
|
|-heal|p1a: Ceruledge|34/100|[from] item: Leftovers
|upkeep
|turn|14
|
|t:|1776336946
|move|p1a: Ceruledge|Iron Defense|p1a: Ceruledge
|-boost|p1a: Ceruledge|def|2
|move|p2a: bummest|Rock Slide|p1a: Ceruledge
|-supereffective|p1a: Ceruledge
|-damage|p1a: Ceruledge|18/100
|
|-heal|p1a: Ceruledge|24/100|[from] item: Leftovers
|upkeep
|turn|15
|
|t:|1776336964
|move|p1a: Ceruledge|Flamethrower|p2a: bummest
|-damage|p2a: bummest|48/100
|move|p2a: bummest|Rock Slide|p1a: Ceruledge
|-supereffective|p1a: Ceruledge
|-damage|p1a: Ceruledge|8/100
|
|-heal|p1a: Ceruledge|14/100|[from] item: Leftovers
|upkeep
|turn|16
|
|t:|1776336972
|move|p1a: Ceruledge|Iron Defense|p1a: Ceruledge
|-boost|p1a: Ceruledge|def|2
|move|p2a: bummest|Rock Slide|p1a: Ceruledge
|-supereffective|p1a: Ceruledge
|-damage|p1a: Ceruledge|3/100
|
|-heal|p1a: Ceruledge|10/100|[from] item: Leftovers
|upkeep
|turn|17
|
|t:|1776336980
|move|p1a: Ceruledge|Iron Defense|p1a: Ceruledge
|-boost|p1a: Ceruledge|def|2
|move|p2a: bummest|Rock Slide|p1a: Ceruledge
|-supereffective|p1a: Ceruledge
|-damage|p1a: Ceruledge|2/100
|
|-heal|p1a: Ceruledge|8/100|[from] item: Leftovers
|upkeep
|turn|18
|
|t:|1776336988
|move|p1a: Ceruledge|Flamethrower|p2a: bummest
|-damage|p2a: bummest|24/100
|move|p2a: bummest|Rock Slide|p1a: Ceruledge
|-supereffective|p1a: Ceruledge
|-damage|p1a: Ceruledge|0 fnt
|faint|p1a: Ceruledge
|
|upkeep
|
|t:|1776337001
|switch|p1a: Great Tusk|Great Tusk|100/100
|turn|19
|
|t:|1776337019
|move|p1a: Great Tusk|Knock Off|p2a: bummest
|-supereffective|p2a: bummest
|-damage|p2a: bummest|0 fnt
|-damage|p1a: Great Tusk|84/100|[from] item: Rocky Helmet|[of] p2a: bummest
|-enditem|p2a: bummest|Rocky Helmet|[from] move: Knock Off|[of] p1a: Great Tusk
|faint|p2a: bummest
|
|-heal|p1a: Great Tusk|90/100|[from] item: Leftovers
|upkeep
|
|t:|1776337027
|switch|p2a: Pikachu|Pikachu-Partner, M|100/100
|turn|20
|
|t:|1776337038
|move|p2a: Pikachu|Fake Out|p1a: Great Tusk
|-damage|p1a: Great Tusk|79/100
|cant|p1a: Great Tusk|flinch
|
|-heal|p1a: Great Tusk|85/100|[from] item: Leftovers
|upkeep
|turn|21
|
|t:|1776337045
|move|p2a: Pikachu|Quick Attack|p1a: Great Tusk
|-damage|p1a: Great Tusk|73/100
|move|p1a: Great Tusk|Body Press|p2a: Pikachu
|-damage|p2a: Pikachu|0 fnt
|-status|p1a: Great Tusk|par|[from] ability: Static|[of] p2a: Pikachu
|faint|p2a: Pikachu
|
|-heal|p1a: Great Tusk|79/100 par|[from] item: Leftovers
|upkeep
|
|t:|1776337054
|switch|p2a: Underage|Hatterene, F|100/100
|turn|22
|
|t:|1776337064
|move|p1a: Great Tusk|Bulk Up|p1a: Great Tusk
|-boost|p1a: Great Tusk|atk|1
|-boost|p1a: Great Tusk|def|1
|move|p2a: Underage|Psychic Noise|p1a: Great Tusk
|-supereffective|p1a: Great Tusk
|-damage|p1a: Great Tusk|0 fnt
|faint|p1a: Great Tusk
|-end|p1a: Great Tusk|Protosynthesis|[silent]
|
|upkeep
|
|t:|1776337076
|switch|p1a: Dragapult|Dragapult, M|100/100
|-item|p1a: Dragapult|Air Balloon
|turn|23
|
|t:|1776337084
|move|p1a: Dragapult|Hex|p2a: Underage
|-supereffective|p2a: Underage
|-damage|p2a: Underage|48/100
|move|p2a: Underage|Dazzling Gleam|p1a: Dragapult
|-supereffective|p1a: Dragapult
|-damage|p1a: Dragapult|0 fnt
|-start|p2a: Underage|Disable|Dazzling Gleam|[from] ability: Cursed Body|[of] p1a: Dragapult
|-enditem|p1a: Dragapult|Air Balloon
|faint|p1a: Dragapult
|
|upkeep
|
|t:|1776337095
|switch|p1a: Latias|Latias, F|100/100
|turn|24
|
|t:|1776337111
|move|p1a: Latias|Chilling Water|p2a: Underage
|-damage|p2a: Underage|34/100
|-unboost|p2a: Underage|atk|1
|move|p2a: Underage|Trick Room|p2a: Underage
|-fieldstart|move: Trick Room|[of] p2a: Underage
|
|upkeep
|turn|25
|
|t:|1776337119
|move|p2a: Underage|Psychic Noise|p1a: Latias
|-resisted|p1a: Latias
|-damage|p1a: Latias|84/100
|-start|p1a: Latias|move: Heal Block
|move|p1a: Latias|Chilling Water|p2a: Underage
|-damage|p2a: Underage|18/100
|-unboost|p2a: Underage|atk|1
|
|upkeep
|turn|26
|
|t:|1776337138
|move|p2a: Underage|Psychic Noise|p1a: Latias
|-resisted|p1a: Latias
|-damage|p1a: Latias|66/100
|move|p1a: Latias|Chilling Water|p2a: Underage
|-damage|p2a: Underage|3/100
|-unboost|p2a: Underage|atk|1
|
|-end|p2a: Underage|Disable
|-end|p1a: Latias|move: Heal Block
|upkeep
|turn|27
|
|t:|1776337150
|move|p2a: Underage|Dazzling Gleam|p1a: Latias
|-supereffective|p1a: Latias
|-damage|p1a: Latias|0 fnt
|faint|p1a: Latias
|
|upkeep
|
|t:|1776337157
|switch|p1a: Corviknight|Corviknight, M|24/100
|-ability|p1a: Corviknight|Pressure
|turn|28
|
|t:|1776337167
|move|p2a: Underage|Dazzling Gleam|p1a: Corviknight
|-resisted|p1a: Corviknight
|-damage|p1a: Corviknight|0 fnt
|faint|p1a: Corviknight
|
|win|uravenix
|raw|GruffaloPotato's rating: 1060 &rarr; <strong>1043</strong><br />(-17 for losing)
|raw|uravenix's rating: 1101 &rarr; <strong>1123</strong><br />(+22 for winning)
|l|☆uravenix
|player|p2|
|j|☆uravenix
|player|p2|uravenix|1|
