|html|<div class="broadcast-blue"><strong>[Gen 9] OU is currently suspecting Volcarona! For information on how to participate check out the <a href="https://www.smogon.com/tools/suspects/view/208">suspect thread</a>.</strong></div>
|j|☆Broutito
|j|☆Diabolo_framboises
|t:|1778496881
|gametype|singles
|player|p1|Broutito|blaine|1294
|player|p2|Diabolo_framboises|265|1331
|gen|9
|tier|[Gen 9] OU
|rated|
|rule|HP Percentage Mod: HP is shown in percentages
|rule|Endless Battle Clause: Forcing endless battles is banned
|rule|Species Clause: Limit one of each Pokémon
|rule|OHKO Clause: OHKO moves are banned
|rule|Evasion Items Clause: Evasion items are banned
|rule|Evasion Moves Clause: Evasion moves are banned
|rule|Evasion Abilities Clause: Evasion abilities are banned
|rule|Sleep Moves Clause: Sleep-inducing moves are banned
|clearpoke
|poke|p1|Snorlax, M|
|poke|p1|Comfey, F|
|poke|p1|Dragapult, F|
|poke|p1|Great Tusk|
|poke|p1|Zarude|
|poke|p1|Goodra-Hisui, F|
|poke|p2|Ribombee, F|
|poke|p2|Volcarona, M|
|poke|p2|Serperior, F|
|poke|p2|Iron Valiant|
|poke|p2|Kingambit, M|
|poke|p2|Kyurem|
|teampreview
|inactive|Battle timer is ON: inactive players will automatically lose when time's up. (requested by Broutito)
|
|t:|1778496892
|teamsize|p1|6
|teamsize|p2|6
|start
|switch|p1a: Broutito|Snorlax, M|100/100
|switch|p2a: Ribombee|Ribombee, F|100/100
|turn|1
|
|t:|1778496902
|move|p2a: Ribombee|Sticky Web|p1a: Broutito
|-sidestart|p1: Broutito|move: Sticky Web
|move|p1a: Broutito|Double-Edge|p2a: Ribombee
|-enditem|p2a: Ribombee|Focus Sash
|-damage|p2a: Ribombee|1/100
|-damage|p1a: Broutito|84/100|[from] Recoil
|
|upkeep
|turn|2
|
|t:|1778496916
|move|p2a: Ribombee|Stun Spore|p1a: Broutito
|-status|p1a: Broutito|par
|move|p1a: Broutito|Hammer Arm|p2a: Ribombee|[miss]
|-miss|p1a: Broutito|p2a: Ribombee
|
|upkeep
|turn|3
|
|t:|1778496929
|move|p2a: Ribombee|Psychic Noise|p1a: Broutito
|-damage|p1a: Broutito|71/100 par
|-start|p1a: Broutito|move: Heal Block
|move|p1a: Broutito|Heat Crash|p2a: Ribombee
|-supereffective|p2a: Ribombee
|-damage|p2a: Ribombee|0 fnt
|faint|p2a: Ribombee
|
|upkeep
|inactive|Diabolo_framboises has 120 seconds left.
|
|t:|1778496959
|switch|p2a: Volcarona|Volcarona, M|100/100
|turn|4
|inactive|Diabolo_framboises has 120 seconds left.
|
|t:|1778496965
|switch|p1a: Bagheraj|Goodra-Hisui, F|100/100
|-activate|p1a: Bagheraj|move: Sticky Web
|-unboost|p1a: Bagheraj|spe|1
|move|p2a: Volcarona|Quiver Dance|p2a: Volcarona
|-boost|p2a: Volcarona|spa|1
|-boost|p2a: Volcarona|spd|1
|-boost|p2a: Volcarona|spe|1
|
|upkeep
|turn|5
|inactive|Diabolo_framboises has 120 seconds left.
|
|t:|1778496976
|move|p2a: Volcarona|Substitute|p2a: Volcarona
|-start|p2a: Volcarona|Substitute
|-damage|p2a: Volcarona|75/100
|move|p1a: Bagheraj|Surf|p2a: Volcarona
|-supereffective|p2a: Volcarona
|-end|p2a: Volcarona|Substitute
|
|upkeep
|turn|6
|
|t:|1778496984
|-terastallize|p2a: Volcarona|Grass
|move|p2a: Volcarona|Quiver Dance|p2a: Volcarona
|-boost|p2a: Volcarona|spa|1
|-boost|p2a: Volcarona|spd|1
|-boost|p2a: Volcarona|spe|1
|move|p1a: Bagheraj|Surf|p2a: Volcarona
|-resisted|p2a: Volcarona
|-damage|p2a: Volcarona|69/100
|
|upkeep
|turn|7
|
|t:|1778496997
|switch|p1a: Broutito|Snorlax, M|71/100 par
|-activate|p1a: Broutito|move: Sticky Web
|-unboost|p1a: Broutito|spe|1
|move|p2a: Volcarona|Quiver Dance|p2a: Volcarona
|-boost|p2a: Volcarona|spa|1
|-boost|p2a: Volcarona|spd|1
|-boost|p2a: Volcarona|spe|1
|
|upkeep
|turn|8
|
|t:|1778497011
|move|p2a: Volcarona|Giga Drain|p1a: Broutito
|-damage|p1a: Broutito|21/100 par
|-heal|p2a: Volcarona|100/100|[from] drain|[of] p1a: Broutito
|cant|p1a: Broutito|par
|
|upkeep
|turn|9
|-enditem|p1a: Broutito|Custap Berry|[eat]
|-activate|p1a: Broutito|item: Custap Berry|[consumed]
|
|t:|1778497022
|move|p1a: Broutito|Heat Crash|p2a: Volcarona
|-supereffective|p2a: Volcarona
|-crit|p2a: Volcarona
|-damage|p2a: Volcarona|0 fnt
|faint|p2a: Volcarona
|
|upkeep
|
|t:|1778497032
|switch|p2a: Serperior|Serperior, F|100/100
|turn|10
|
|t:|1778497043
|move|p2a: Serperior|Substitute|p2a: Serperior
|-start|p2a: Serperior|Substitute
|-damage|p2a: Serperior|76/100
|move|p1a: Broutito|Heat Crash|p2a: Serperior
|-supereffective|p2a: Serperior
|-end|p2a: Serperior|Substitute
|
|upkeep
|turn|11
|
|t:|1778497051
|move|p2a: Serperior|Substitute|p2a: Serperior
|-start|p2a: Serperior|Substitute
|-damage|p2a: Serperior|51/100
|move|p1a: Broutito|Heat Crash|p2a: Serperior
|-supereffective|p2a: Serperior
|-end|p2a: Serperior|Substitute
|
|upkeep
|turn|12
|
|t:|1778497061
|move|p2a: Serperior|Substitute|p2a: Serperior
|-start|p2a: Serperior|Substitute
|-damage|p2a: Serperior|26/100
|cant|p1a: Broutito|par
|
|upkeep
|turn|13
|
|t:|1778497068
|move|p2a: Serperior|Leaf Storm|p1a: Broutito
|-damage|p1a: Broutito|0 fnt
|-boost|p2a: Serperior|spa|2
|faint|p1a: Broutito
|
|upkeep
|
|t:|1778497074
|switch|p1a: Bagheraj|Goodra-Hisui, F|100/100
|-activate|p1a: Bagheraj|move: Sticky Web
|-unboost|p1a: Bagheraj|spe|1
|turn|14
|
|t:|1778497083
|move|p2a: Serperior|Leaf Storm|p1a: Bagheraj
|-resisted|p1a: Bagheraj
|-damage|p1a: Bagheraj|88/100
|-boost|p2a: Serperior|spa|2
|move|p1a: Bagheraj|Flamethrower|p2a: Serperior
|-supereffective|p2a: Serperior
|-end|p2a: Serperior|Substitute
|
|upkeep
|turn|15
|
|t:|1778497093
|move|p2a: Serperior|Giga Drain|p1a: Bagheraj
|-resisted|p1a: Bagheraj
|-damage|p1a: Bagheraj|78/100
|-heal|p2a: Serperior|33/100|[from] drain|[of] p1a: Bagheraj
|move|p1a: Bagheraj|Flamethrower|p2a: Serperior
|-supereffective|p2a: Serperior
|-damage|p2a: Serperior|0 fnt
|faint|p2a: Serperior
|
|upkeep
|
|t:|1778497104
|switch|p2a: Kyurem|Kyurem|100/100
|-ability|p2a: Kyurem|Pressure
|turn|16
|
|t:|1778497112
|move|p2a: Kyurem|Dragon Dance|p2a: Kyurem
|-boost|p2a: Kyurem|atk|1
|-boost|p2a: Kyurem|spe|1
|move|p1a: Bagheraj|Draco Meteor|p2a: Kyurem
|-supereffective|p2a: Kyurem
|-damage|p2a: Kyurem|0 fnt
|-unboost|p1a: Bagheraj|spa|2
|faint|p2a: Kyurem
|
|upkeep
|
|t:|1778497122
|switch|p2a: Kingambit|Kingambit, M|100/100
|-activate|p2a: Kingambit|ability: Supreme Overlord
|-start|p2a: Kingambit|fallen4|[silent]
|turn|17
|
|t:|1778497129
|move|p2a: Kingambit|Swords Dance|p2a: Kingambit
|-boost|p2a: Kingambit|atk|2
|move|p1a: Bagheraj|Flamethrower|p2a: Kingambit
|-supereffective|p2a: Kingambit
|-damage|p2a: Kingambit|64/100
|
|upkeep
|turn|18
|
|t:|1778497140
|move|p2a: Kingambit|Swords Dance|p2a: Kingambit
|-boost|p2a: Kingambit|atk|2
|move|p1a: Bagheraj|Flamethrower|p2a: Kingambit
|-supereffective|p2a: Kingambit
|-damage|p2a: Kingambit|27/100
|
|upkeep
|turn|19
|
|t:|1778497150
|move|p2a: Kingambit|Kowtow Cleave|p1a: Bagheraj
|-damage|p1a: Bagheraj|0 fnt
|-ability|p1a: Bagheraj|Gooey
|-unboost|p2a: Kingambit|spe|1
|faint|p1a: Bagheraj
|-damage|p2a: Kingambit|17/100|[from] item: Life Orb
|
|upkeep
|
|t:|1778497153
|switch|p1a: Yhwachie|Great Tusk|100/100
|-activate|p1a: Yhwachie|move: Sticky Web
|-unboost|p1a: Yhwachie|spe|1
|turn|20
|
|t:|1778497169
|move|p2a: Kingambit|Sucker Punch|p1a: Yhwachie
|-resisted|p1a: Yhwachie
|-damage|p1a: Yhwachie|49/100
|-damage|p2a: Kingambit|0 fnt|[from] item: Rocky Helmet|[of] p1a: Yhwachie
|faint|p2a: Kingambit
|-end|p2a: Kingambit|fallen4|[silent]
|move|p1a: Yhwachie|Rapid Spin|p2: Kingambit|[notarget]
|-fail|p1a: Yhwachie
|
|upkeep
|
|t:|1778497177
|switch|p2a: Iron Valiant|Iron Valiant|100/100
|-enditem|p2a: Iron Valiant|Booster Energy
|-activate|p2a: Iron Valiant|ability: Quark Drive|[fromitem]
|-start|p2a: Iron Valiant|quarkdrivespe
|turn|21
|c|☆Broutito|Lol
|c|☆Broutito|Gg
|
|t:|1778497185
|move|p2a: Iron Valiant|Aura Sphere|p1a: Yhwachie
|-damage|p1a: Yhwachie|0 fnt
|faint|p1a: Yhwachie
|-end|p1a: Yhwachie|Protosynthesis|[silent]
|
|upkeep
|
|t:|1778497209
|switch|p1a: Zarude|Zarude|100/100
|-activate|p1a: Zarude|move: Sticky Web
|-unboost|p1a: Zarude|spe|1
|turn|22
|
|t:|1778497226
|move|p2a: Iron Valiant|Aura Sphere|p1a: Zarude
|-supereffective|p1a: Zarude
|-damage|p1a: Zarude|18/100
|move|p1a: Zarude|Trailblaze|p2a: Iron Valiant
|-damage|p2a: Iron Valiant|67/100
|-boost|p1a: Zarude|spe|1
|
|-heal|p1a: Zarude|24/100|[from] item: Leftovers
|upkeep
|turn|23
|
|t:|1778497236
|move|p2a: Iron Valiant|Aura Sphere|p1a: Zarude
|-supereffective|p1a: Zarude
|-damage|p1a: Zarude|0 fnt
|faint|p1a: Zarude
|
|upkeep
|
|t:|1778497239
|switch|p1a: Rinini|Dragapult, F|100/100
|-activate|p1a: Rinini|move: Sticky Web
|-fail|p1a: Rinini|unboost|[from] ability: Clear Body|[of] p1a: Rinini
|turn|24
|
|t:|1778497249
|-terastallize|p1a: Rinini|Ghost
|move|p2a: Iron Valiant|Shadow Ball|p1a: Rinini
|-supereffective|p1a: Rinini
|-damage|p1a: Rinini|23/100
|move|p1a: Rinini|Shadow Ball|p2a: Iron Valiant
|-damage|p2a: Iron Valiant|0 fnt
|faint|p2a: Iron Valiant
|-end|p2a: Iron Valiant|Quark Drive|[silent]
|
|win|Broutito
|raw|Broutito's rating: 1294 &rarr; <strong>1322</strong><br />(+28 for winning)
|raw|Diabolo_framboises's rating: 1331 &rarr; <strong>1309</strong><br />(-22 for losing)
|l|☆Diabolo_framboises
|player|p2|
|l|☆Broutito
|player|p1|
