|j|☆KGotsu
|j|☆brodiewhat
|inactive|Battle timer is ON: inactive players will automatically lose when time's up.
|t:|1776038508
|gametype|singles
|player|p1|KGotsu|169|
|player|p2|brodiewhat|falkner|
|gen|9
|tier|[Gen 9] OU
|rated|Tournament battle
|rule|HP Percentage Mod: HP is shown in percentages
|rule|Endless Battle Clause: Forcing endless battles is banned
|rule|Species Clause: Limit one of each Pokémon
|rule|OHKO Clause: OHKO moves are banned
|rule|Evasion Items Clause: Evasion items are banned
|rule|Evasion Moves Clause: Evasion moves are banned
|rule|Evasion Abilities Clause: Evasion abilities are banned
|rule|Sleep Moves Clause: Sleep-inducing moves are banned
|raw|<div class="infobox"><details class="readmore" open><summary><strong>2 custom rules:</strong></summary> Force Select = Volbeat, -houndour</details></div>
|clearpoke
|poke|p1|Garganacl, M|
|poke|p1|Gliscor, M|
|poke|p1|Zamazenta-*|
|poke|p1|Gholdengo|
|poke|p1|Samurott-Hisui, M|
|poke|p1|Volbeat, M|
|poke|p2|Volbeat, M|
|poke|p2|Araquanid, M|
|poke|p2|Houndoom, M|
|poke|p2|Great Tusk|
|poke|p2|Typhlosion-Hisui, M|
|poke|p2|Swalot, M|
|teampreview
|inactive|brodiewhat also wants the timer to be on.
|
|t:|1776038518
|teamsize|p1|6
|teamsize|p2|6
|start
|switch|p1a: Samurott|Samurott-Hisui, M, shiny|100/100
|switch|p2a: Araquanid|Araquanid, M|100/100
|turn|1
|
|t:|1776038530
|move|p1a: Samurott|Ceaseless Edge|p2a: Araquanid
|-damage|p2a: Araquanid|56/100
|-sidestart|p2: brodiewhat|Spikes
|move|p2a: Araquanid|Sticky Web|p1a: Samurott
|-sidestart|p1: KGotsu|move: Sticky Web
|
|upkeep
|turn|2
|
|t:|1776038535
|move|p1a: Samurott|Encore|p2a: Araquanid
|-start|p2a: Araquanid|Encore
|-enditem|p2a: Araquanid|Mental Herb
|-end|p2a: Araquanid|Encore
|move|p2a: Araquanid|Liquidation|p1a: Samurott
|-resisted|p1a: Samurott
|-damage|p1a: Samurott|66/100
|-unboost|p1a: Samurott|def|1
|
|upkeep
|turn|3
|
|t:|1776038540
|move|p1a: Samurott|Ceaseless Edge|p2a: Araquanid
|-damage|p2a: Araquanid|14/100
|-sidestart|p2: brodiewhat|Spikes
|move|p2a: Araquanid|Liquidation|p1a: Samurott
|-resisted|p1a: Samurott
|-damage|p1a: Samurott|11/100
|
|upkeep
|turn|4
|
|t:|1776038546
|move|p1a: Samurott|Ceaseless Edge|p2a: Araquanid
|-damage|p2a: Araquanid|0 fnt
|-sidestart|p2: brodiewhat|Spikes
|faint|p2a: Araquanid
|
|upkeep
|
|t:|1776038548
|switch|p2a: Great Tusk|Great Tusk|100/100
|-damage|p2a: Great Tusk|76/100|[from] Spikes
|-enditem|p2a: Great Tusk|Booster Energy
|-activate|p2a: Great Tusk|ability: Protosynthesis|[fromitem]
|-start|p2a: Great Tusk|protosynthesisatk
|turn|5
|
|t:|1776038557
|switch|p1a: Gholdengo|Gholdengo|100/100
|move|p2a: Great Tusk|Knock Off|p1a: Gholdengo
|-supereffective|p1a: Gholdengo
|-damage|p1a: Gholdengo|35/100
|-enditem|p1a: Gholdengo|Heavy-Duty Boots|[from] move: Knock Off|[of] p2a: Great Tusk
|
|upkeep
|turn|6
|j| rukt
|
|t:|1776038571
|move|p2a: Great Tusk|Knock Off|p1a: Gholdengo
|-supereffective|p1a: Gholdengo
|-damage|p1a: Gholdengo|0 fnt
|faint|p1a: Gholdengo
|
|upkeep
|
|t:|1776038575
|switch|p1a: Gliscor|Gliscor, M|100/100
|turn|7
|j| Lynarto
|
|t:|1776038580
|move|p1a: Gliscor|Protect|p1a: Gliscor
|-singleturn|p1a: Gliscor|Protect
|move|p2a: Great Tusk|Knock Off|p1a: Gliscor
|-activate|p1a: Gliscor|move: Protect
|
|-status|p1a: Gliscor|tox|[from] item: Toxic Orb
|upkeep
|turn|8
|
|t:|1776038586
|move|p2a: Great Tusk|Rapid Spin|p1a: Gliscor
|-damage|p1a: Gliscor|86/100 tox
|-boost|p2a: Great Tusk|spe|1
|-sideend|p2: brodiewhat|Spikes|[from] move: Rapid Spin|[of] p2a: Great Tusk
|move|p1a: Gliscor|Toxic|p2a: Great Tusk
|-status|p2a: Great Tusk|tox
|
|-damage|p2a: Great Tusk|70/100 tox|[from] psn
|-heal|p1a: Gliscor|98/100 tox|[from] ability: Poison Heal
|upkeep
|turn|9
|
|t:|1776038592
|-end|p2a: Great Tusk|Protosynthesis|[silent]
|switch|p2a: Volbeat|Volbeat, M|100/100
|move|p1a: Gliscor|Earthquake|p2a: Volbeat
|-resisted|p2a: Volbeat
|-damage|p2a: Volbeat|72/100
|
|-heal|p1a: Gliscor|100/100 tox|[from] ability: Poison Heal
|upkeep
|turn|10
|inactive|brodiewhat has 120 seconds left.
|j| Victory Victreebel
|
|t:|1776038626
|move|p2a: Volbeat|Encore|p1a: Gliscor
|-start|p1a: Gliscor|Encore
|move|p1a: Gliscor|Earthquake|p2a: Volbeat
|-resisted|p2a: Volbeat
|-damage|p2a: Volbeat|46/100
|
|upkeep
|turn|11
|j| Shucklepilled
|l| rukt
|
|t:|1776038632
|move|p2a: Volbeat|Swagger|p1a: Gliscor
|-boost|p1a: Gliscor|atk|2
|-start|p1a: Gliscor|confusion
|-enditem|p2a: Volbeat|Mirror Herb
|-boost|p2a: Volbeat|atk|2|[from] item: Mirror Herb
|-activate|p1a: Gliscor|confusion
|move|p1a: Gliscor|Earthquake|p2a: Volbeat
|-resisted|p2a: Volbeat
|-damage|p2a: Volbeat|0 fnt
|faint|p2a: Volbeat
|
|upkeep
|
|t:|1776038640
|switch|p2a: Typhlosion|Typhlosion-Hisui, M|100/100
|turn|12
|
|t:|1776038644
|move|p2a: Typhlosion|Eruption|p1a: Gliscor
|-damage|p1a: Gliscor|0 fnt
|faint|p1a: Gliscor
|
|upkeep
|j|+fulls
|
|t:|1776038652
|switch|p1a: Garganacl|Garganacl, M|100/100
|turn|13
|
|t:|1776038656
|switch|p2a: Great Tusk|Great Tusk|70/100 tox
|move|p1a: Garganacl|Salt Cure|p2a: Great Tusk
|-resisted|p2a: Great Tusk
|-damage|p2a: Great Tusk|67/100 tox
|-start|p2a: Great Tusk|Salt Cure
|
|-damage|p2a: Great Tusk|61/100 tox|[from] psn
|-damage|p2a: Great Tusk|48/100 tox|[from] Salt Cure
|upkeep
|turn|14
|
|t:|1776038663
|switch|p1a: Samurott|Samurott-Hisui, M, shiny|11/100
|move|p2a: Great Tusk|Bulk Up|p2a: Great Tusk
|-boost|p2a: Great Tusk|atk|1
|-boost|p2a: Great Tusk|def|1
|
|-damage|p2a: Great Tusk|36/100 tox|[from] psn
|-damage|p2a: Great Tusk|23/100 tox|[from] Salt Cure
|upkeep
|turn|15
|
|t:|1776038669
|move|p2a: Great Tusk|Rapid Spin|p1a: Samurott
|-damage|p1a: Samurott|0 fnt
|-boost|p2a: Great Tusk|spe|1
|faint|p1a: Samurott
|
|-damage|p2a: Great Tusk|5/100 tox|[from] psn
|-damage|p2a: Great Tusk|0 fnt|[from] Salt Cure
|faint|p2a: Great Tusk
|-end|p2a: Great Tusk|Protosynthesis|[silent]
|upkeep
|
|t:|1776038679
|switch|p2a: Swalot|Swalot, M|100/100
|switch|p1a: Volbeat|Volbeat, M|100/100
|turn|16
|
|t:|1776038686
|move|p1a: Volbeat|Thunder Wave|p2a: Swalot
|-status|p2a: Swalot|par
|move|p2a: Swalot|Gunk Shot|p1a: Volbeat|[miss]
|-miss|p2a: Swalot|p1a: Volbeat
|
|upkeep
|turn|17
|
|t:|1776038693
|switch|p1a: Garganacl|Garganacl, M|100/100
|move|p2a: Swalot|Gunk Shot|p1a: Garganacl
|-resisted|p1a: Garganacl
|-damage|p1a: Garganacl|87/100
|
|upkeep
|turn|18
|
|t:|1776038697
|move|p2a: Swalot|Swords Dance|p2a: Swalot
|-boost|p2a: Swalot|atk|2
|move|p1a: Garganacl|Salt Cure|p2a: Swalot
|-damage|p2a: Swalot|85/100 par
|-start|p2a: Swalot|Salt Cure
|
|-damage|p2a: Swalot|72/100 par|[from] Salt Cure
|upkeep
|turn|19
|l| Shucklepilled
|
|t:|1776038701
|move|p2a: Swalot|Earthquake|p1a: Garganacl
|-supereffective|p1a: Garganacl
|-damage|p1a: Garganacl|27/100
|move|p1a: Garganacl|Iron Defense|p1a: Garganacl
|-boost|p1a: Garganacl|def|2
|
|-damage|p2a: Swalot|60/100 par|[from] Salt Cure
|upkeep
|turn|20
|
|t:|1776038712
|-terastallize|p1a: Garganacl|Water
|move|p2a: Swalot|Earthquake|p1a: Garganacl
|-damage|p1a: Garganacl|12/100
|move|p1a: Garganacl|Recover|p1a: Garganacl
|-heal|p1a: Garganacl|62/100
|
|-damage|p2a: Swalot|48/100 par|[from] Salt Cure
|upkeep
|turn|21
|
|t:|1776038716
|move|p2a: Swalot|Swords Dance|p2a: Swalot
|-boost|p2a: Swalot|atk|2
|move|p1a: Garganacl|Recover|p1a: Garganacl
|-heal|p1a: Garganacl|100/100
|
|-damage|p2a: Swalot|35/100 par|[from] Salt Cure
|upkeep
|turn|22
|
|t:|1776038721
|move|p2a: Swalot|Gunk Shot|p1a: Garganacl
|-damage|p1a: Garganacl|61/100
|move|p1a: Garganacl|Iron Defense|p1a: Garganacl
|-boost|p1a: Garganacl|def|2
|
|-damage|p2a: Swalot|23/100 par|[from] Salt Cure
|upkeep
|turn|23
|
|t:|1776038730
|move|p2a: Swalot|Gunk Shot|p1a: Garganacl
|-damage|p1a: Garganacl|33/100
|move|p1a: Garganacl|Recover|p1a: Garganacl
|-heal|p1a: Garganacl|83/100
|
|-damage|p2a: Swalot|11/100 par|[from] Salt Cure
|upkeep
|turn|24
|
|t:|1776038733
|move|p2a: Swalot|Gunk Shot|p1a: Garganacl|[miss]
|-miss|p2a: Swalot|p1a: Garganacl
|move|p1a: Garganacl|Iron Defense|p1a: Garganacl
|-boost|p1a: Garganacl|def|2
|
|-damage|p2a: Swalot|0 fnt|[from] Salt Cure
|faint|p2a: Swalot
|upkeep
|
|t:|1776038736
|switch|p2a: Houndoom|Houndoom, M|100/100
|turn|25
|
|t:|1776038739
|move|p2a: Houndoom|Nasty Plot|p2a: Houndoom
|-boost|p2a: Houndoom|spa|2
|move|p1a: Garganacl|Body Press|p2a: Houndoom
|-supereffective|p2a: Houndoom
|-enditem|p2a: Houndoom|Focus Sash
|-damage|p2a: Houndoom|1/100
|
|upkeep
|turn|26
|
|t:|1776038744
|move|p2a: Houndoom|Destiny Bond|p2a: Houndoom
|-singlemove|p2a: Houndoom|Destiny Bond
|move|p1a: Garganacl|Body Press|p2a: Houndoom
|-supereffective|p2a: Houndoom
|-damage|p2a: Houndoom|0 fnt
|faint|p2a: Houndoom
|-activate|p2a: Houndoom|move: Destiny Bond
|faint|p1a: Garganacl
|
|upkeep
|
|t:|1776038749
|switch|p2a: Typhlosion|Typhlosion-Hisui, M|100/100
|switch|p1a: Volbeat|Volbeat, M|100/100
|turn|27
|
|t:|1776038754
|-terastallize|p2a: Typhlosion|Ground
|move|p1a: Volbeat|Thunder Wave|p2a: Typhlosion
|-immune|p2a: Typhlosion
|move|p2a: Typhlosion|Eruption|p1a: Volbeat
|-supereffective|p1a: Volbeat
|-damage|p1a: Volbeat|0 fnt
|faint|p1a: Volbeat
|
|upkeep
|
|t:|1776038759
|switch|p1a: Zamazenta|Zamazenta|100/100
|-ability|p1a: Zamazenta|Dauntless Shield|boost
|-boost|p1a: Zamazenta|def|1
|turn|28
|
|t:|1776038773
|move|p1a: Zamazenta|Ice Fang|p2a: Typhlosion
|-supereffective|p2a: Typhlosion
|-crit|p2a: Typhlosion
|-damage|p2a: Typhlosion|9/100
|-status|p2a: Typhlosion|frz
|cant|p2a: Typhlosion|frz
|
|upkeep
|turn|29
|j| Pikachyyy
|c|☆KGotsu|sry
|c|☆brodiewhat|LOL
|
|t:|1776038783
|move|p1a: Zamazenta|Ice Fang|p2a: Typhlosion
|-supereffective|p2a: Typhlosion
|-damage|p2a: Typhlosion|0 fnt
|faint|p2a: Typhlosion
|
|win|KGotsu
|n|☆KGotsu|kgotsu
|n|☆brodiewhat|brodiewhat
|n| Lynarto|lynarto
|n| Victory Victreebel|victoryvictreebel
|n| fulls|fulls
|n| Pikachyyy|pikachyyy
|c|☆brodiewhat|gg
|c|☆KGotsu|gg
|l|☆brodiewhat
|player|p2|
|l|☆KGotsu
|player|p1|
