|html|<div class="broadcast-blue"><strong>[Gen 9] OU is currently suspecting Tera Blast! For information on how to participate check out the <a href="https://www.smogon.com/tools/suspects/view/200">suspect thread</a>.</strong></div>
|j|☆onemorefortheroad
|j|☆guesbragg2000
|t:|1776053976
|gametype|singles
|player|p1|onemorefortheroad|265|1093
|player|p2|guesbragg2000|102|1094
|gen|9
|tier|[Gen 9] OU
|rated|
|rule|HP Percentage Mod: HP is shown in percentages
|rule|Endless Battle Clause: Forcing endless battles is banned
|rule|Species Clause: Limit one of each Pokémon
|rule|OHKO Clause: OHKO moves are banned
|rule|Evasion Items Clause: Evasion items are banned
|rule|Evasion Moves Clause: Evasion moves are banned
|rule|Evasion Abilities Clause: Evasion abilities are banned
|rule|Sleep Moves Clause: Sleep-inducing moves are banned
|clearpoke
|poke|p1|Great Tusk|
|poke|p1|Zoroark-Hisui, M|
|poke|p1|Glimmora, M|
|poke|p1|Torkoal, F|
|poke|p1|Gallade, M|
|poke|p1|Weavile, M|
|poke|p2|Zamazenta-*|
|poke|p2|Corviknight, M|
|poke|p2|Gholdengo|
|poke|p2|Glimmora, F|
|poke|p2|Tyranitar, F|
|poke|p2|Kyurem|
|teampreview
|
|t:|1776053991
|teamsize|p1|6
|teamsize|p2|6
|start
|switch|p1a: Gallade|Gallade, M|100/100
|switch|p2a: Corviknight|Corviknight, M|100/100
|turn|1
|
|t:|1776054003
|switch|p1a: Torkoal|Torkoal, F|100/100
|-weather|SunnyDay|[from] ability: Drought|[of] p1a: Torkoal
|move|p2a: Corviknight|Bulk Up|p2a: Corviknight
|-boost|p2a: Corviknight|atk|1
|-boost|p2a: Corviknight|def|1
|
|-weather|SunnyDay|[upkeep]
|upkeep
|turn|2
|
|t:|1776054018
|switch|p1a: Weavile|Weavile, M|100/100
|-ability|p1a: Weavile|Pressure
|move|p2a: Corviknight|Tailwind|p2a: Corviknight
|-sidestart|p2: guesbragg2000|move: Tailwind
|
|-weather|SunnyDay|[upkeep]
|upkeep
|turn|3
|
|t:|1776054025
|-terastallize|p1a: Weavile|Dark
|move|p1a: Weavile|Knock Off|p2a: Corviknight
|-damage|p2a: Corviknight|55/100
|-enditem|p2a: Corviknight|Expert Belt|[from] move: Knock Off|[of] p1a: Weavile
|-damage|p1a: Weavile|91/100|[from] item: Life Orb
|move|p2a: Corviknight|Iron Head|p1a: Weavile
|-damage|p1a: Weavile|31/100
|
|-weather|SunnyDay|[upkeep]
|upkeep
|turn|4
|
|t:|1776054035
|move|p1a: Weavile|Triple Axel|p2a: Corviknight
|-damage|p2a: Corviknight|48/100
|-damage|p2a: Corviknight|34/100
|-damage|p2a: Corviknight|15/100
|-hitcount|p2a: Corviknight|3
|-damage|p1a: Weavile|21/100|[from] item: Life Orb
|move|p2a: Corviknight|Iron Head|p1a: Weavile
|-damage|p1a: Weavile|0 fnt
|faint|p1a: Weavile
|
|-weather|SunnyDay|[upkeep]
|upkeep
|
|t:|1776054046
|switch|p1a: Torkoal|Torkoal, F|100/100
|turn|5
|
|t:|1776054050
|move|p1a: Torkoal|Burning Jealousy|p2a: Corviknight
|-supereffective|p2a: Corviknight
|-damage|p2a: Corviknight|0 fnt
|faint|p2a: Corviknight
|
|-weather|none
|-sideend|p2: guesbragg2000|move: Tailwind
|upkeep
|
|t:|1776054057
|switch|p2a: Glimmora|Glimmora, F|100/100
|turn|6
|
|t:|1776054061
|move|p1a: Torkoal|Nasty Plot|p1a: Torkoal
|-boost|p1a: Torkoal|spa|2
|move|p2a: Glimmora|Mortal Spin|p1a: Torkoal
|-resisted|p1a: Torkoal
|-damage|p1a: Torkoal|94/100
|-status|p1a: Torkoal|psn
|replace|p1a: Zoroark|Zoroark-Hisui, M
|-end|p1a: Zoroark|Illusion
|
|-damage|p1a: Zoroark|82/100 psn|[from] psn
|upkeep
|turn|7
|
|t:|1776054074
|move|p2a: Glimmora|Spiky Shield|p2a: Glimmora
|-singleturn|p2a: Glimmora|move: Protect
|move|p1a: Zoroark|Hex|p2a: Glimmora
|-activate|p2a: Glimmora|move: Protect
|
|-damage|p1a: Zoroark|69/100 psn|[from] psn
|upkeep
|turn|8
|
|t:|1776054082
|switch|p2a: Tyranitar|Tyranitar, F|100/100
|-weather|Sandstorm|[from] ability: Sand Stream|[of] p2a: Tyranitar
|move|p1a: Zoroark|Hex|p2a: Tyranitar
|-resisted|p2a: Tyranitar
|-damage|p2a: Tyranitar|84/100
|
|-weather|Sandstorm|[upkeep]
|-damage|p1a: Zoroark|63/100 psn|[from] Sandstorm
|-damage|p1a: Zoroark|51/100 psn|[from] psn
|upkeep
|turn|9
|
|t:|1776054094
|switch|p1a: Torkoal|Torkoal, F|100/100
|-weather|SunnyDay|[from] ability: Drought|[of] p1a: Torkoal
|move|p2a: Tyranitar|Earthquake|p1a: Torkoal
|-supereffective|p1a: Torkoal
|-damage|p1a: Torkoal|39/100
|
|-weather|SunnyDay|[upkeep]
|upkeep
|turn|10
|
|t:|1776054103
|move|p2a: Tyranitar|Earthquake|p1a: Torkoal
|-supereffective|p1a: Torkoal
|-damage|p1a: Torkoal|0 fnt
|faint|p1a: Torkoal
|
|-weather|SunnyDay|[upkeep]
|upkeep
|
|t:|1776054107
|switch|p1a: Great Tusk|Great Tusk|100/100
|-activate|p1a: Great Tusk|ability: Protosynthesis
|-start|p1a: Great Tusk|protosynthesisatk
|turn|11
|
|t:|1776054114
|switch|p2a: Glimmora|Glimmora, F|100/100
|move|p1a: Great Tusk|Rapid Spin|p2a: Glimmora
|-resisted|p2a: Glimmora
|-crit|p2a: Glimmora
|-damage|p2a: Glimmora|82/100
|-boost|p1a: Great Tusk|spe|1
|-activate|p2a: Glimmora|ability: Toxic Debris
|-sidestart|p1: onemorefortheroad|move: Toxic Spikes
|-sideend|p1: onemorefortheroad|Toxic Spikes|[from] move: Rapid Spin|[of] p1a: Great Tusk
|
|-weather|SunnyDay|[upkeep]
|upkeep
|turn|12
|
|t:|1776054125
|move|p1a: Great Tusk|Headlong Rush|p2a: Glimmora
|-supereffective|p2a: Glimmora
|-damage|p2a: Glimmora|0 fnt
|-unboost|p1a: Great Tusk|def|1
|-unboost|p1a: Great Tusk|spd|1
|-activate|p2a: Glimmora|ability: Toxic Debris
|-sidestart|p1: onemorefortheroad|move: Toxic Spikes
|faint|p2a: Glimmora
|
|-weather|SunnyDay|[upkeep]
|upkeep
|
|t:|1776054138
|switch|p2a: Zamazenta|Zamazenta|100/100
|-ability|p2a: Zamazenta|Dauntless Shield|boost
|-boost|p2a: Zamazenta|def|1
|turn|13
|
|t:|1776054149
|move|p1a: Great Tusk|Headlong Rush|p2a: Zamazenta
|-damage|p2a: Zamazenta|50/100
|-unboost|p1a: Great Tusk|def|1
|-unboost|p1a: Great Tusk|spd|1
|move|p2a: Zamazenta|Play Rough|p1a: Great Tusk
|-supereffective|p1a: Great Tusk
|-damage|p1a: Great Tusk|18/100
|
|-weather|none
|-end|p1a: Great Tusk|Protosynthesis
|-heal|p2a: Zamazenta|56/100|[from] item: Leftovers
|upkeep
|turn|14
|
|t:|1776054161
|move|p2a: Zamazenta|Protect|p2a: Zamazenta
|-singleturn|p2a: Zamazenta|Protect
|move|p1a: Great Tusk|Rapid Spin|p2a: Zamazenta
|-activate|p2a: Zamazenta|move: Protect
|
|-heal|p2a: Zamazenta|62/100|[from] item: Leftovers
|upkeep
|turn|15
|
|t:|1776054175
|move|p1a: Great Tusk|Rapid Spin|p2a: Zamazenta
|-damage|p2a: Zamazenta|50/100
|-boost|p1a: Great Tusk|spe|1
|-sideend|p1: onemorefortheroad|Toxic Spikes|[from] move: Rapid Spin|[of] p1a: Great Tusk
|move|p2a: Zamazenta|Body Press|p1a: Great Tusk
|-damage|p1a: Great Tusk|0 fnt
|faint|p1a: Great Tusk
|-end|p1a: Great Tusk|Protosynthesis|[silent]
|
|-heal|p2a: Zamazenta|57/100|[from] item: Leftovers
|upkeep
|
|t:|1776054184
|switch|p1a: Gallade|Gallade, M|51/100 psn
|turn|16
|
|t:|1776054190
|-terastallize|p2a: Zamazenta|Fairy
|move|p2a: Zamazenta|Play Rough|p1a: Gallade
|-damage|p1a: Gallade|0 fnt
|replace|p1a: Zoroark|Zoroark-Hisui, M
|-end|p1a: Zoroark|Illusion
|faint|p1a: Zoroark
|
|-heal|p2a: Zamazenta|63/100|[from] item: Leftovers
|upkeep
|
|t:|1776054200
|switch|p1a: Gallade|Gallade, M|100/100
|turn|17
|
|t:|1776054207
|move|p2a: Zamazenta|Play Rough|p1a: Gallade
|-supereffective|p1a: Gallade
|-damage|p1a: Gallade|0 fnt
|faint|p1a: Gallade
|
|-heal|p2a: Zamazenta|69/100|[from] item: Leftovers
|upkeep
|-message|onemorefortheroad forfeited.
|
|win|guesbragg2000
|raw|onemorefortheroad's rating: 1093 &rarr; <strong>1069</strong><br />(-24 for losing)
|raw|guesbragg2000's rating: 1094 &rarr; <strong>1120</strong><br />(+26 for winning)
|l|☆onemorefortheroad
|player|p1|
|l|☆guesbragg2000
|player|p2|
