|html|<div class="broadcast-blue"><strong>[Gen 9] OU is currently suspecting Tera Blast! For information on how to participate check out the <a href="https://www.smogon.com/tools/suspects/view/200">suspect thread</a>.</strong></div>
|j|☆Auburn Hills
|j|☆kaahasahat
|t:|1776038963
|gametype|singles
|player|p1|Auburn Hills|alder|1769
|player|p2|kaahasahat|170|1709
|gen|9
|tier|[Gen 9] OU
|rated|
|rule|HP Percentage Mod: HP is shown in percentages
|rule|Endless Battle Clause: Forcing endless battles is banned
|rule|Species Clause: Limit one of each Pokémon
|rule|OHKO Clause: OHKO moves are banned
|rule|Evasion Items Clause: Evasion items are banned
|rule|Evasion Moves Clause: Evasion moves are banned
|rule|Evasion Abilities Clause: Evasion abilities are banned
|rule|Sleep Moves Clause: Sleep-inducing moves are banned
|clearpoke
|poke|p1|Iron Moth|
|poke|p1|Umbreon, M|
|poke|p1|Garchomp, M|
|poke|p1|Glimmora, M|
|poke|p1|Gholdengo|
|poke|p1|Dragonite, M|
|poke|p2|Dragapult, F|
|poke|p2|Iron Moth|
|poke|p2|Serperior, F|
|poke|p2|Iron Treads|
|poke|p2|Dragonite, F|
|poke|p2|Greninja-*, M|
|teampreview
|j| ohko_smeargle
|
|t:|1776038978
|teamsize|p1|6
|teamsize|p2|6
|start
|switch|p1a: Julia Jacklin|Glimmora, M|100/100
|switch|p2a: Iron Treads|Iron Treads|100/100
|-enditem|p2a: Iron Treads|Booster Energy
|-activate|p2a: Iron Treads|ability: Quark Drive|[fromitem]
|-start|p2a: Iron Treads|quarkdrivespe
|turn|1
|
|t:|1776038981
|move|p2a: Iron Treads|Earthquake|p1a: Julia Jacklin
|-supereffective|p1a: Julia Jacklin
|-enditem|p1a: Julia Jacklin|Focus Sash
|-damage|p1a: Julia Jacklin|1/100
|-activate|p1a: Julia Jacklin|ability: Toxic Debris
|-sidestart|p2: kaahasahat|move: Toxic Spikes
|move|p1a: Julia Jacklin|Earth Power|p2a: Iron Treads
|-supereffective|p2a: Iron Treads
|-damage|p2a: Iron Treads|6/100
|
|upkeep
|turn|2
|
|t:|1776038984
|move|p2a: Iron Treads|Rapid Spin|p1a: Julia Jacklin
|-resisted|p1a: Julia Jacklin
|-damage|p1a: Julia Jacklin|0 fnt
|-boost|p2a: Iron Treads|spe|1
|-activate|p1a: Julia Jacklin|ability: Toxic Debris
|-sidestart|p2: kaahasahat|move: Toxic Spikes
|-sideend|p2: kaahasahat|Toxic Spikes|[from] move: Rapid Spin|[of] p2a: Iron Treads
|faint|p1a: Julia Jacklin
|
|upkeep
|
|t:|1776038988
|switch|p1a: Elucid|Dragonite, M|100/100
|turn|3
|
|t:|1776038991
|-end|p2a: Iron Treads|Quark Drive|[silent]
|switch|p2a: Dragapult|Dragapult, F|100/100
|move|p1a: Elucid|Extreme Speed|p2a: Dragapult
|-immune|p2a: Dragapult
|
|upkeep
|turn|4
|
|t:|1776038994
|switch|p1a: Smino|Gholdengo|100/100
|move|p2a: Dragapult|Dragon Darts|p1a: Smino
|-resisted|p1a: Smino
|-damage|p1a: Smino|89/100
|-anim|p2a: Dragapult|Dragon Darts|p1a: Smino
|-resisted|p1a: Smino
|-damage|p1a: Smino|77/100
|
|upkeep
|turn|5
|
|t:|1776038997
|move|p2a: Dragapult|Hex|p1a: Smino
|-supereffective|p1a: Smino
|-damage|p1a: Smino|20/100
|move|p1a: Smino|Shadow Ball|p2a: Dragapult
|-supereffective|p2a: Dragapult
|-enditem|p2a: Dragapult|Focus Sash
|-damage|p2a: Dragapult|1/100
|
|upkeep
|turn|6
|
|t:|1776039001
|switch|p1a: Alvvays|Umbreon, M|100/100
|move|p2a: Dragapult|Hex|p1a: Alvvays
|-resisted|p1a: Alvvays
|-damage|p1a: Alvvays|94/100
|
|-heal|p1a: Alvvays|99/100|[from] item: Leftovers
|upkeep
|turn|7
|
|t:|1776039006
|move|p2a: Dragapult|Will-O-Wisp|p1a: Alvvays|[miss]
|-miss|p2a: Dragapult|p1a: Alvvays
|move|p1a: Alvvays|Thunder Wave|p2a: Dragapult
|-status|p2a: Dragapult|par
|
|-heal|p1a: Alvvays|100/100|[from] item: Leftovers
|upkeep
|turn|8
|
|t:|1776039010
|switch|p1a: Carly Rae|Iron Moth|100/100
|-enditem|p1a: Carly Rae|Booster Energy
|-activate|p1a: Carly Rae|ability: Quark Drive|[fromitem]
|-start|p1a: Carly Rae|quarkdrivespe
|move|p2a: Dragapult|Will-O-Wisp|p1a: Carly Rae
|-immune|p1a: Carly Rae
|
|upkeep
|turn|9
|
|t:|1776039013
|move|p1a: Carly Rae|Fiery Dance|p2a: Dragapult
|-resisted|p2a: Dragapult
|-damage|p2a: Dragapult|0 fnt
|-boost|p1a: Carly Rae|spa|1
|faint|p2a: Dragapult
|
|upkeep
|
|t:|1776039025
|switch|p2a: Greninja|Greninja, M|100/100
|turn|10
|
|t:|1776039029
|-terastallize|p2a: Greninja|Ghost
|move|p1a: Carly Rae|Discharge|p2a: Greninja
|-damage|p2a: Greninja|37/100
|move|p2a: Greninja|Surf|p1a: Carly Rae
|-supereffective|p1a: Carly Rae
|-damage|p1a: Carly Rae|0 fnt
|faint|p1a: Carly Rae
|-end|p1a: Carly Rae|Quark Drive|[silent]
|-ability|p2a: Greninja|Battle Bond|boost
|-boost|p2a: Greninja|atk|1
|-boost|p2a: Greninja|spa|1
|-boost|p2a: Greninja|spe|1
|-activate|p2a: Greninja|ability: Battle Bond
|-damage|p2a: Greninja|28/100|[from] item: Life Orb
|
|upkeep
|
|t:|1776039036
|switch|p1a: Alvvays|Umbreon, M|100/100
|turn|11
|
|t:|1776039039
|move|p2a: Greninja|Surf|p1a: Alvvays
|-damage|p1a: Alvvays|61/100
|-damage|p2a: Greninja|18/100|[from] item: Life Orb
|move|p1a: Alvvays|Foul Play|p2a: Greninja
|-supereffective|p2a: Greninja
|-crit|p2a: Greninja
|-damage|p2a: Greninja|0 fnt
|faint|p2a: Greninja
|
|-heal|p1a: Alvvays|67/100|[from] item: Leftovers
|upkeep
|
|t:|1776039042
|switch|p2a: Iron Treads|Iron Treads|6/100
|turn|12
|
|t:|1776039044
|move|p2a: Iron Treads|Stealth Rock|p1a: Alvvays
|-sidestart|p1: Auburn Hills|move: Stealth Rock
|move|p1a: Alvvays|Wish|p1a: Alvvays
|
|-heal|p1a: Alvvays|73/100|[from] item: Leftovers
|upkeep
|turn|13
|
|t:|1776039048
|move|p2a: Iron Treads|Earthquake|p1a: Alvvays
|-damage|p1a: Alvvays|33/100
|move|p1a: Alvvays|Foul Play|p2a: Iron Treads
|-damage|p2a: Iron Treads|0 fnt
|faint|p2a: Iron Treads
|-end|p2a: Iron Treads|Quark Drive|[silent]
|
|-heal|p1a: Alvvays|83/100|[from] move: Wish|[wisher] Alvvays
|-heal|p1a: Alvvays|89/100|[from] item: Leftovers
|upkeep
|j| raditzisthebest
|
|t:|1776039062
|switch|p2a: Serperior|Serperior, F|100/100
|turn|14
|
|t:|1776039073
|move|p2a: Serperior|Leaf Storm|p1a: Alvvays
|-damage|p1a: Alvvays|65/100
|-boost|p2a: Serperior|spa|2
|move|p1a: Alvvays|Foul Play|p2a: Serperior
|-damage|p2a: Serperior|75/100
|
|-heal|p1a: Alvvays|71/100|[from] item: Leftovers
|upkeep
|turn|15
|
|t:|1776039076
|move|p2a: Serperior|Leaf Storm|p1a: Alvvays
|-damage|p1a: Alvvays|26/100
|-boost|p2a: Serperior|spa|2
|move|p1a: Alvvays|Thunder Wave|p2a: Serperior
|-status|p2a: Serperior|par
|
|-heal|p1a: Alvvays|32/100|[from] item: Leftovers
|upkeep
|turn|16
|
|t:|1776039078
|move|p2a: Serperior|Leaf Storm|p1a: Alvvays|[miss]
|-miss|p2a: Serperior|p1a: Alvvays
|move|p1a: Alvvays|Wish|p1a: Alvvays
|
|-heal|p1a: Alvvays|38/100|[from] item: Leftovers
|upkeep
|turn|17
|
|t:|1776039080
|move|p1a: Alvvays|Protect|p1a: Alvvays
|-singleturn|p1a: Alvvays|Protect
|cant|p2a: Serperior|par
|
|-heal|p1a: Alvvays|88/100|[from] move: Wish|[wisher] Alvvays
|-heal|p1a: Alvvays|94/100|[from] item: Leftovers
|upkeep
|turn|18
|
|t:|1776039082
|switch|p1a: Smino|Gholdengo|20/100
|-damage|p1a: Smino|14/100|[from] Stealth Rock
|move|p2a: Serperior|Leaf Storm|p1a: Smino|[miss]
|-miss|p2a: Serperior|p1a: Smino
|
|upkeep
|turn|19
|
|t:|1776039087
|move|p2a: Serperior|Endure|p2a: Serperior
|-singleturn|p2a: Serperior|move: Endure
|move|p1a: Smino|Make It Rain|p2a: Serperior
|-activate|p2a: Serperior|move: Endure
|-damage|p2a: Serperior|1/100 par
|-unboost|p1a: Smino|spa|1
|
|upkeep
|turn|20
|-enditem|p2a: Serperior|Custap Berry|[eat]
|-activate|p2a: Serperior|item: Custap Berry|[consumed]
|
|t:|1776039089
|move|p2a: Serperior|Leaf Storm|p1a: Smino
|-resisted|p1a: Smino
|-crit|p1a: Smino
|-damage|p1a: Smino|0 fnt
|-boost|p2a: Serperior|spa|2
|faint|p1a: Smino
|
|upkeep
|
|t:|1776039093
|switch|p1a: Elucid|Dragonite, M|100/100
|turn|21
|
|t:|1776039096
|move|p1a: Elucid|Extreme Speed|p2a: Serperior
|-damage|p2a: Serperior|0 fnt
|faint|p2a: Serperior
|
|upkeep
|
|t:|1776039099
|switch|p2a: Dragonite|Dragonite, F|100/100
|turn|22
|
|t:|1776039102
|move|p1a: Elucid|Ice Spinner|p2a: Dragonite
|-supereffective|p2a: Dragonite
|-damage|p2a: Dragonite|34/100
|move|p2a: Dragonite|Scale Shot|p1a: Elucid
|-supereffective|p1a: Elucid
|-damage|p1a: Elucid|84/100
|-supereffective|p1a: Elucid
|-crit|p1a: Elucid
|-damage|p1a: Elucid|34/100
|-supereffective|p1a: Elucid
|-damage|p1a: Elucid|1/100
|-supereffective|p1a: Elucid
|-damage|p1a: Elucid|0 fnt
|faint|p1a: Elucid
|-hitcount|p1: Elucid|4
|-unboost|p2a: Dragonite|def|1
|-boost|p2a: Dragonite|spe|1
|
|upkeep
|
|t:|1776039106
|switch|p1a: Alvvays|Umbreon, M|94/100
|-damage|p1a: Alvvays|81/100|[from] Stealth Rock
|turn|23
|
|t:|1776039117
|move|p2a: Dragonite|Scale Shot|p1a: Alvvays
|-damage|p1a: Alvvays|69/100
|-damage|p1a: Alvvays|56/100
|-damage|p1a: Alvvays|45/100
|-damage|p1a: Alvvays|34/100
|-damage|p1a: Alvvays|23/100
|-hitcount|p1a: Alvvays|5
|-unboost|p2a: Dragonite|def|1
|-boost|p2a: Dragonite|spe|1
|move|p1a: Alvvays|Foul Play|p2a: Dragonite
|-crit|p2a: Dragonite
|-damage|p2a: Dragonite|0 fnt
|faint|p2a: Dragonite
|
|-heal|p1a: Alvvays|29/100|[from] item: Leftovers
|upkeep
|
|t:|1776039120
|switch|p2a: Iron Moth|Iron Moth|100/100
|-enditem|p2a: Iron Moth|Booster Energy
|-activate|p2a: Iron Moth|ability: Quark Drive|[fromitem]
|-start|p2a: Iron Moth|quarkdrivespe
|turn|24
|
|t:|1776039134
|move|p1a: Alvvays|Protect|p1a: Alvvays
|-singleturn|p1a: Alvvays|Protect
|move|p2a: Iron Moth|Substitute|p2a: Iron Moth
|-start|p2a: Iron Moth|Substitute
|-damage|p2a: Iron Moth|76/100
|
|-heal|p1a: Alvvays|35/100|[from] item: Leftovers
|upkeep
|turn|25
|
|t:|1776039140
|move|p2a: Iron Moth|Fiery Dance|p1a: Alvvays
|-damage|p1a: Alvvays|15/100
|move|p1a: Alvvays|Wish|p1a: Alvvays
|
|-heal|p1a: Alvvays|21/100|[from] item: Leftovers
|upkeep
|turn|26
|
|t:|1776039142
|move|p1a: Alvvays|Protect|p1a: Alvvays
|-singleturn|p1a: Alvvays|Protect
|move|p2a: Iron Moth|Fiery Dance|p1a: Alvvays
|-activate|p1a: Alvvays|move: Protect
|
|-heal|p1a: Alvvays|71/100|[from] move: Wish|[wisher] Alvvays
|-heal|p1a: Alvvays|77/100|[from] item: Leftovers
|upkeep
|turn|27
|
|t:|1776039144
|move|p2a: Iron Moth|Fiery Dance|p1a: Alvvays
|-damage|p1a: Alvvays|56/100
|-boost|p2a: Iron Moth|spa|1
|move|p1a: Alvvays|Wish|p1a: Alvvays
|
|-heal|p1a: Alvvays|63/100|[from] item: Leftovers
|upkeep
|turn|28
|
|t:|1776039147
|move|p2a: Iron Moth|Fiery Dance|p1a: Alvvays
|-damage|p1a: Alvvays|31/100
|-boost|p2a: Iron Moth|spa|1
|move|p1a: Alvvays|Foul Play|p2a: Iron Moth
|-crit|p2a: Iron Moth
|-end|p2a: Iron Moth|Substitute
|
|-heal|p1a: Alvvays|80/100|[from] move: Wish|[wisher] Alvvays
|-heal|p1a: Alvvays|87/100|[from] item: Leftovers
|upkeep
|turn|29
|
|t:|1776039150
|move|p2a: Iron Moth|Substitute|p2a: Iron Moth
|-start|p2a: Iron Moth|Substitute
|-damage|p2a: Iron Moth|51/100
|move|p1a: Alvvays|Thunder Wave||[still]
|-fail|p1a: Alvvays
|
|-heal|p1a: Alvvays|93/100|[from] item: Leftovers
|upkeep
|turn|30
|
|t:|1776039152
|move|p2a: Iron Moth|Fiery Dance|p1a: Alvvays
|-damage|p1a: Alvvays|50/100
|move|p1a: Alvvays|Foul Play|p2a: Iron Moth
|-end|p2a: Iron Moth|Substitute
|
|-heal|p1a: Alvvays|56/100|[from] item: Leftovers
|upkeep
|turn|31
|
|t:|1776039171
|move|p1a: Alvvays|Protect|p1a: Alvvays
|-singleturn|p1a: Alvvays|Protect
|move|p2a: Iron Moth|Fiery Dance|p1a: Alvvays
|-activate|p1a: Alvvays|move: Protect
|
|-heal|p1a: Alvvays|63/100|[from] item: Leftovers
|upkeep
|turn|32
|
|t:|1776039175
|move|p2a: Iron Moth|Fiery Dance|p1a: Alvvays
|-damage|p1a: Alvvays|21/100
|move|p1a: Alvvays|Thunder Wave|p2a: Iron Moth|[miss]
|-miss|p1a: Alvvays|p2a: Iron Moth
|
|-heal|p1a: Alvvays|27/100|[from] item: Leftovers
|upkeep
|turn|33
|
|t:|1776039183
|-terastallize|p1a: Alvvays|Water
|move|p2a: Iron Moth|Substitute|p2a: Iron Moth
|-start|p2a: Iron Moth|Substitute
|-damage|p2a: Iron Moth|26/100
|move|p1a: Alvvays|Thunder Wave||[still]
|-fail|p1a: Alvvays
|
|-heal|p1a: Alvvays|34/100|[from] item: Leftovers
|upkeep
|turn|34
|
|t:|1776039187
|move|p1a: Alvvays|Protect|p1a: Alvvays
|-singleturn|p1a: Alvvays|Protect
|move|p2a: Iron Moth|Energy Ball|p1a: Alvvays
|-activate|p1a: Alvvays|move: Protect
|
|-heal|p1a: Alvvays|40/100|[from] item: Leftovers
|upkeep
|turn|35
|
|t:|1776039188
|move|p2a: Iron Moth|Energy Ball|p1a: Alvvays
|-supereffective|p1a: Alvvays
|-damage|p1a: Alvvays|0 fnt
|faint|p1a: Alvvays
|
|upkeep
|
|t:|1776039190
|switch|p1a: Rat Tally|Garchomp, M|100/100
|-damage|p1a: Rat Tally|94/100|[from] Stealth Rock
|turn|36
|
|t:|1776039195
|move|p2a: Iron Moth|Energy Ball|p1a: Rat Tally
|-damage|p1a: Rat Tally|33/100
|move|p1a: Rat Tally|Scale Shot|p2a: Iron Moth
|-activate|p2a: Iron Moth|move: Substitute|[damage]
|-end|p2a: Iron Moth|Substitute
|-damage|p2a: Iron Moth|7/100
|-damage|p2a: Iron Moth|0 fnt
|faint|p2a: Iron Moth
|-end|p2a: Iron Moth|Quark Drive|[silent]
|-hitcount|p2: Iron Moth|4
|
|win|Auburn Hills
|raw|Auburn Hills's rating: 1769 &rarr; <strong>1786</strong><br />(+17 for winning)
|raw|kaahasahat's rating: 1709 &rarr; <strong>1692</strong><br />(-17 for losing)
|l| ohko_smeargle
|l|☆kaahasahat
|player|p2|
|l| raditzisthebest
|l|☆Auburn Hills
|player|p1|
