|html|<div class="broadcast-blue"><strong>[Gen 9] OU is currently suspecting Tera Blast! For information on how to participate check out the <a href="https://www.smogon.com/tools/suspects/view/200">suspect thread</a>.</strong></div>
|j|☆xnl
|j|☆666kb
|t:|1776047482
|gametype|singles
|player|p1|xnl|depotagent|1246
|player|p2|666kb|red|1273
|gen|9
|tier|[Gen 9] OU
|rated|
|rule|HP Percentage Mod: HP is shown in percentages
|rule|Endless Battle Clause: Forcing endless battles is banned
|rule|Species Clause: Limit one of each Pokémon
|rule|OHKO Clause: OHKO moves are banned
|rule|Evasion Items Clause: Evasion items are banned
|rule|Evasion Moves Clause: Evasion moves are banned
|rule|Evasion Abilities Clause: Evasion abilities are banned
|rule|Sleep Moves Clause: Sleep-inducing moves are banned
|clearpoke
|poke|p1|Slowbro-Galar, F|
|poke|p1|Moltres-Galar|
|poke|p1|Alomomola, F|
|poke|p1|Revavroom, M|
|poke|p1|Ogerpon-Cornerstone, F|
|poke|p1|Hydreigon, M|
|poke|p2|Goodra-Hisui, F|
|poke|p2|Walking Wake|
|poke|p2|Torkoal, M|
|poke|p2|Lilligant-Hisui, F|
|poke|p2|Gliscor, M|
|poke|p2|Kingambit, M|
|teampreview
|
|t:|1776047502
|teamsize|p1|6
|teamsize|p2|6
|start
|switch|p1a: Ogerpon|Ogerpon-Cornerstone, F|100/100
|switch|p2a: Torkoal|Torkoal, M|100/100
|-weather|SunnyDay|[from] ability: Drought|[of] p2a: Torkoal
|turn|1
|
|t:|1776047516
|move|p1a: Ogerpon|Ivy Cudgel|p2a: Torkoal|[anim] Ivy Cudgel Rock
|-supereffective|p2a: Torkoal
|-damage|p2a: Torkoal|39/100
|move|p2a: Torkoal|Stealth Rock|p1a: Ogerpon
|-sidestart|p1: xnl|move: Stealth Rock
|
|-weather|SunnyDay|[upkeep]
|upkeep
|turn|2
|
|t:|1776047525
|switch|p2a: Lilligant|Lilligant-Hisui, F|100/100
|move|p1a: Ogerpon|Knock Off|p2a: Lilligant
|-resisted|p2a: Lilligant
|-damage|p2a: Lilligant|78/100
|-enditem|p2a: Lilligant|Loaded Dice|[from] move: Knock Off|[of] p1a: Ogerpon
|
|-weather|SunnyDay|[upkeep]
|upkeep
|turn|3
|
|t:|1776047544
|move|p2a: Lilligant|Triple Axel|p1a: Ogerpon
|-supereffective|p1a: Ogerpon
|-damage|p1a: Ogerpon|87/100
|-supereffective|p1a: Ogerpon
|-damage|p1a: Ogerpon|57/100
|-supereffective|p1a: Ogerpon
|-damage|p1a: Ogerpon|17/100
|-hitcount|p1a: Ogerpon|3
|move|p1a: Ogerpon|Synthesis|p1a: Ogerpon
|-heal|p1a: Ogerpon|84/100
|
|-weather|SunnyDay|[upkeep]
|upkeep
|turn|4
|
|t:|1776047558
|switch|p1a: Alomomola|Alomomola, F|100/100
|move|p2a: Lilligant|Triple Axel|p1a: Alomomola|[miss]
|-miss|p2a: Lilligant|p1a: Alomomola
|
|-weather|SunnyDay|[upkeep]
|upkeep
|turn|5
|
|t:|1776047567
|move|p2a: Lilligant|Victory Dance|p2a: Lilligant
|-boost|p2a: Lilligant|atk|1
|-boost|p2a: Lilligant|def|1
|-boost|p2a: Lilligant|spe|1
|move|p1a: Alomomola|Scald|p2a: Lilligant
|-resisted|p2a: Lilligant
|-damage|p2a: Lilligant|73/100
|
|-weather|SunnyDay|[upkeep]
|upkeep
|turn|6
|
|t:|1776047577
|move|p2a: Lilligant|Bullet Seed|p1a: Alomomola
|-supereffective|p1a: Alomomola
|-damage|p1a: Alomomola|76/100
|-supereffective|p1a: Alomomola
|-damage|p1a: Alomomola|49/100
|-hitcount|p1a: Alomomola|2
|move|p1a: Alomomola|Scald|p2a: Lilligant
|-resisted|p2a: Lilligant
|-crit|p2a: Lilligant
|-damage|p2a: Lilligant|66/100
|
|-weather|SunnyDay|[upkeep]
|upkeep
|turn|7
|
|t:|1776047588
|switch|p1a: Slowbro|Slowbro-Galar, F|100/100
|-damage|p1a: Slowbro|88/100|[from] Stealth Rock
|move|p2a: Lilligant|Victory Dance|p2a: Lilligant
|-boost|p2a: Lilligant|atk|1
|-boost|p2a: Lilligant|def|1
|-boost|p2a: Lilligant|spe|1
|
|-weather|SunnyDay|[upkeep]
|upkeep
|turn|8
|-activate|p1a: Slowbro|item: Quick Claw
|
|t:|1776047598
|move|p1a: Slowbro|Shell Side Arm|p2a: Lilligant|[anim] Shell Side Arm Special
|-supereffective|p2a: Lilligant
|-damage|p2a: Lilligant|0 fnt
|-hint|Special Shell Side Arm
|faint|p2a: Lilligant
|
|-weather|none
|upkeep
|
|t:|1776047611
|switch|p2a: Kingambit|Kingambit, M|100/100
|-activate|p2a: Kingambit|ability: Supreme Overlord
|-start|p2a: Kingambit|fallen1|[silent]
|turn|9
|-activate|p1a: Slowbro|ability: Quick Draw
|
|t:|1776047620
|move|p1a: Slowbro|Flamethrower|p2a: Kingambit
|-supereffective|p2a: Kingambit
|-damage|p2a: Kingambit|49/100
|move|p2a: Kingambit|Swords Dance|p2a: Kingambit
|-boost|p2a: Kingambit|atk|2
|
|upkeep
|turn|10
|
|t:|1776047633
|-terastallize|p1a: Slowbro|Fairy
|move|p2a: Kingambit|Sucker Punch|p1a: Slowbro
|-resisted|p1a: Slowbro
|-damage|p1a: Slowbro|41/100
|move|p1a: Slowbro|Flamethrower|p2a: Kingambit
|-supereffective|p2a: Kingambit
|-damage|p2a: Kingambit|0 fnt
|faint|p2a: Kingambit
|-end|p2a: Kingambit|fallen1|[silent]
|
|upkeep
|
|t:|1776047647
|switch|p2a: Torkoal|Torkoal, M|39/100
|-weather|SunnyDay|[from] ability: Drought|[of] p2a: Torkoal
|turn|11
|
|t:|1776047653
|move|p1a: Slowbro|Flamethrower|p2a: Torkoal
|-resisted|p2a: Torkoal
|-damage|p2a: Torkoal|9/100
|move|p2a: Torkoal|Lava Plume|p1a: Slowbro
|-damage|p1a: Slowbro|0 fnt
|faint|p1a: Slowbro
|
|-weather|SunnyDay|[upkeep]
|upkeep
|
|t:|1776047658
|switch|p1a: Alomomola|Alomomola, F|82/100
|turn|12
|
|t:|1776047675
|move|p1a: Alomomola|Flip Turn|p2a: Torkoal
|-supereffective|p2a: Torkoal
|-damage|p2a: Torkoal|0 fnt
|faint|p2a: Torkoal
|
|t:|1776047680
|switch|p1a: Moltres|Moltres-Galar|100/100|[from] Flip Turn
|-damage|p1a: Moltres|75/100|[from] Stealth Rock
|
|-weather|SunnyDay|[upkeep]
|upkeep
|
|t:|1776047687
|switch|p2a: Walking Wake|Walking Wake|100/100
|-activate|p2a: Walking Wake|ability: Protosynthesis
|-start|p2a: Walking Wake|protosynthesisspe
|turn|13
|
|t:|1776047698
|-terastallize|p2a: Walking Wake|Water
|move|p2a: Walking Wake|Hydro Steam|p1a: Moltres
|-damage|p1a: Moltres|6/100
|-ability|p1a: Moltres|Berserk|boost
|-boost|p1a: Moltres|spa|1
|move|p1a: Moltres|Air Slash|p2a: Walking Wake
|-damage|p2a: Walking Wake|53/100
|
|-weather|SunnyDay|[upkeep]
|upkeep
|turn|14
|
|t:|1776047708
|move|p2a: Walking Wake|Hydro Steam|p1a: Moltres
|-damage|p1a: Moltres|0 fnt
|faint|p1a: Moltres
|
|-weather|SunnyDay|[upkeep]
|upkeep
|
|t:|1776047710
|switch|p1a: Alomomola|Alomomola, F|100/100
|turn|15
|
|t:|1776047717
|move|p2a: Walking Wake|Hydro Steam|p1a: Alomomola
|-resisted|p1a: Alomomola
|-damage|p1a: Alomomola|49/100
|move|p1a: Alomomola|Mirror Coat|p2a: Walking Wake
|-damage|p2a: Walking Wake|0 fnt
|faint|p2a: Walking Wake
|-end|p2a: Walking Wake|Protosynthesis|[silent]
|
|-weather|SunnyDay|[upkeep]
|upkeep
|
|t:|1776047728
|switch|p2a: Goodra|Goodra-Hisui, F|100/100
|turn|16
|
|t:|1776047734
|move|p2a: Goodra|Thunderbolt|p1a: Alomomola
|-supereffective|p1a: Alomomola
|-damage|p1a: Alomomola|2/100
|move|p1a: Alomomola|Wish|p1a: Alomomola
|
|-weather|SunnyDay|[upkeep]
|upkeep
|turn|17
|
|t:|1776047741
|switch|p1a: Ogerpon|Ogerpon-Cornerstone, F|84/100
|-damage|p1a: Ogerpon|71/100|[from] Stealth Rock
|move|p2a: Goodra|Thunderbolt|p1a: Ogerpon
|-resisted|p1a: Ogerpon
|-damage|p1a: Ogerpon|58/100
|
|-weather|SunnyDay|[upkeep]
|-heal|p1a: Ogerpon|100/100|[from] move: Wish|[wisher] Alomomola
|upkeep
|turn|18
|
|t:|1776047752
|switch|p2a: Gliscor|Gliscor, M|100/100
|move|p1a: Ogerpon|Knock Off|p2a: Gliscor
|-damage|p2a: Gliscor|82/100
|-enditem|p2a: Gliscor|Toxic Orb|[from] move: Knock Off|[of] p1a: Ogerpon
|
|-weather|none
|upkeep
|turn|19
|-message|666kb forfeited.
|
|win|xnl
|raw|xnl's rating: 1246 &rarr; <strong>1273</strong><br />(+27 for winning)
|raw|666kb's rating: 1273 &rarr; <strong>1246</strong><br />(-27 for losing)
|l|☆666kb
|player|p2|
|l|☆xnl
|player|p1|
