|html|<div class="broadcast-blue"><strong>[Gen 9] OU is currently suspecting Tera Blast! For information on how to participate check out the <a href="https://www.smogon.com/tools/suspects/view/200">suspect thread</a>.</strong></div>
|j|☆WelcomeBacWolfPack
|j|☆leshawnfr
|t:|1776097876
|gametype|singles
|player|p1|WelcomeBacWolfPack|169|1302
|player|p2|leshawnfr|giovanni|1297
|gen|9
|tier|[Gen 9] OU
|rated|
|rule|HP Percentage Mod: HP is shown in percentages
|rule|Endless Battle Clause: Forcing endless battles is banned
|rule|Species Clause: Limit one of each Pokémon
|rule|OHKO Clause: OHKO moves are banned
|rule|Evasion Items Clause: Evasion items are banned
|rule|Evasion Moves Clause: Evasion moves are banned
|rule|Evasion Abilities Clause: Evasion abilities are banned
|rule|Sleep Moves Clause: Sleep-inducing moves are banned
|clearpoke
|poke|p1|Glimmora, F|
|poke|p1|Garganacl, F|
|poke|p1|Ceruledge, M|
|poke|p1|Darkrai|
|poke|p1|Kingambit, M|
|poke|p1|Quaquaval, M|
|poke|p2|Snorlax, M|
|poke|p2|Greedent, F|
|poke|p2|Blissey, F|
|poke|p2|Arboliva, M|
|poke|p2|Klawf, F|
|poke|p2|Jirachi|
|teampreview
|inactive|Battle timer is ON: inactive players will automatically lose when time's up. (requested by WelcomeBacWolfPack)
|
|t:|1776097896
|teamsize|p1|6
|teamsize|p2|6
|start
|switch|p1a: Glimmora|Glimmora, F|100/100
|switch|p2a: Klawf|Klawf, F|100/100
|turn|1
|
|t:|1776097909
|move|p1a: Glimmora|Toxic Spikes|p2a: Klawf
|-sidestart|p2: leshawnfr|move: Toxic Spikes
|move|p2a: Klawf|High Horsepower|p1a: Glimmora
|-supereffective|p1a: Glimmora
|-enditem|p1a: Glimmora|Focus Sash
|-damage|p1a: Glimmora|1/100
|-activate|p1a: Glimmora|ability: Toxic Debris
|-sidestart|p2: leshawnfr|move: Toxic Spikes
|
|upkeep
|turn|2
|
|t:|1776097918
|move|p1a: Glimmora|Stealth Rock|p2a: Klawf
|-sidestart|p2: leshawnfr|move: Stealth Rock
|move|p2a: Klawf|Crabhammer|p1a: Glimmora
|-supereffective|p1a: Glimmora
|-crit|p1a: Glimmora
|-damage|p1a: Glimmora|0 fnt
|faint|p1a: Glimmora
|
|upkeep
|
|t:|1776097925
|switch|p1a: Quaquaval|Quaquaval, M|100/100
|turn|3
|
|t:|1776097930
|move|p1a: Quaquaval|Aqua Step|p2a: Klawf
|-supereffective|p2a: Klawf
|-damage|p2a: Klawf|7/100
|-boost|p1a: Quaquaval|spe|1
|-enditem|p2a: Klawf|Weakness Policy
|-boost|p2a: Klawf|atk|2|[from] item: Weakness Policy
|-boost|p2a: Klawf|spa|2|[from] item: Weakness Policy
|-ability|p2a: Klawf|Anger Shell|boost
|-boost|p2a: Klawf|atk|1
|-boost|p2a: Klawf|spa|1
|-boost|p2a: Klawf|spe|1
|-unboost|p2a: Klawf|def|1
|-unboost|p2a: Klawf|spd|1
|-damage|p1a: Quaquaval|91/100|[from] item: Life Orb
|move|p2a: Klawf|High Horsepower|p1a: Quaquaval
|-damage|p1a: Quaquaval|0 fnt
|faint|p1a: Quaquaval
|
|upkeep
|
|t:|1776097941
|switch|p1a: Ceruledge|Ceruledge, M|100/100
|turn|4
|
|t:|1776097944
|move|p1a: Ceruledge|Shadow Sneak|p2a: Klawf
|-damage|p2a: Klawf|0 fnt
|faint|p2a: Klawf
|
|upkeep
|
|t:|1776097952
|switch|p2a: Blissey|Blissey, F|100/100
|-status|p2a: Blissey|tox
|-damage|p2a: Blissey|88/100 tox|[from] Stealth Rock
|turn|5
|
|t:|1776097961
|switch|p1a: Garganacl|Garganacl, F|100/100
|move|p2a: Blissey|Thunder|p1a: Garganacl
|-damage|p1a: Garganacl|87/100
|
|-heal|p2a: Blissey|94/100 tox|[from] item: Leftovers
|-heal|p1a: Garganacl|93/100|[from] item: Leftovers
|-damage|p2a: Blissey|88/100 tox|[from] psn
|upkeep
|turn|6
|
|t:|1776097969
|move|p2a: Blissey|Thunder|p1a: Garganacl
|-damage|p1a: Garganacl|80/100
|move|p1a: Garganacl|Salt Cure|p2a: Blissey
|-damage|p2a: Blissey|75/100 tox
|-start|p2a: Blissey|Salt Cure
|
|-heal|p2a: Blissey|82/100 tox|[from] item: Leftovers
|-heal|p1a: Garganacl|87/100|[from] item: Leftovers
|-damage|p2a: Blissey|69/100 tox|[from] psn
|-damage|p2a: Blissey|57/100 tox|[from] Salt Cure
|upkeep
|turn|7
|
|t:|1776097977
|move|p2a: Blissey|Chilling Water|p1a: Garganacl
|-supereffective|p1a: Garganacl
|-damage|p1a: Garganacl|74/100
|-unboost|p1a: Garganacl|atk|1
|move|p1a: Garganacl|Iron Defense|p1a: Garganacl
|-boost|p1a: Garganacl|def|2
|
|-heal|p2a: Blissey|63/100 tox|[from] item: Leftovers
|-heal|p1a: Garganacl|80/100|[from] item: Leftovers
|-damage|p2a: Blissey|44/100 tox|[from] psn
|-damage|p2a: Blissey|32/100 tox|[from] Salt Cure
|upkeep
|turn|8
|
|t:|1776097984
|move|p2a: Blissey|Soft-Boiled|p2a: Blissey
|-heal|p2a: Blissey|82/100 tox
|move|p1a: Garganacl|Salt Cure|p2a: Blissey
|-damage|p2a: Blissey|74/100 tox
|
|-heal|p2a: Blissey|80/100 tox|[from] item: Leftovers
|-heal|p1a: Garganacl|87/100|[from] item: Leftovers
|-damage|p2a: Blissey|55/100 tox|[from] psn
|-damage|p2a: Blissey|43/100 tox|[from] Salt Cure
|upkeep
|turn|9
|
|t:|1776097987
|move|p2a: Blissey|Seismic Toss|p1a: Garganacl
|-damage|p1a: Garganacl|62/100
|move|p1a: Garganacl|Iron Defense|p1a: Garganacl
|-boost|p1a: Garganacl|def|2
|
|-heal|p2a: Blissey|49/100 tox|[from] item: Leftovers
|-heal|p1a: Garganacl|68/100|[from] item: Leftovers
|-damage|p2a: Blissey|18/100 tox|[from] psn
|-damage|p2a: Blissey|6/100 tox|[from] Salt Cure
|upkeep
|turn|10
|
|t:|1776097992
|move|p2a: Blissey|Seismic Toss|p1a: Garganacl
|-damage|p1a: Garganacl|43/100
|move|p1a: Garganacl|Iron Defense|p1a: Garganacl
|-boost|p1a: Garganacl|def|2
|
|-heal|p2a: Blissey|12/100 tox|[from] item: Leftovers
|-heal|p1a: Garganacl|50/100|[from] item: Leftovers
|-damage|p2a: Blissey|0 fnt|[from] psn
|faint|p2a: Blissey
|upkeep
|
|t:|1776098003
|switch|p2a: Jirachi|Jirachi|100/100
|-damage|p2a: Jirachi|94/100|[from] Stealth Rock
|turn|11
|
|t:|1776098009
|-terastallize|p1a: Garganacl|Ghost
|move|p2a: Jirachi|Doom Desire|p1a: Garganacl
|-start|p2a: Jirachi|Doom Desire
|move|p1a: Garganacl|Salt Cure|p2a: Jirachi
|-resisted|p2a: Jirachi
|-damage|p2a: Jirachi|90/100
|-start|p2a: Jirachi|Salt Cure
|
|-heal|p2a: Jirachi|97/100|[from] item: Leftovers
|-heal|p1a: Garganacl|56/100|[from] item: Leftovers
|-damage|p2a: Jirachi|72/100|[from] Salt Cure
|upkeep
|turn|12
|
|t:|1776098016
|move|p2a: Jirachi|Future Sight||[still]
|-fail|p2a: Jirachi
|move|p1a: Garganacl|Recover|p1a: Garganacl
|-heal|p1a: Garganacl|100/100
|
|-heal|p2a: Jirachi|78/100|[from] item: Leftovers
|-damage|p2a: Jirachi|53/100|[from] Salt Cure
|upkeep
|turn|13
|
|t:|1776098020
|switch|p2a: Arboliva|Arboliva, M|100/100
|-status|p2a: Arboliva|tox
|-damage|p2a: Arboliva|88/100 tox|[from] Stealth Rock
|move|p1a: Garganacl|Protect||[still]
|-fail|p1a: Garganacl
|
|-end|p1a: Garganacl|move: Doom Desire
|-damage|p1a: Garganacl|67/100
|-heal|p1a: Garganacl|73/100|[from] item: Leftovers
|-damage|p2a: Arboliva|82/100 tox|[from] psn
|upkeep
|turn|14
|
|t:|1776098030
|move|p2a: Arboliva|Leech Seed|p1a: Garganacl
|-start|p1a: Garganacl|move: Leech Seed
|move|p1a: Garganacl|Salt Cure|p2a: Arboliva
|-damage|p2a: Arboliva|72/100 tox
|-start|p2a: Arboliva|Salt Cure
|
|-heal|p1a: Garganacl|79/100|[from] item: Leftovers
|-damage|p1a: Garganacl|67/100|[from] Leech Seed|[of] p2a: Arboliva
|-heal|p2a: Arboliva|86/100 tox|[silent]
|-damage|p2a: Arboliva|74/100 tox|[from] psn
|-damage|p2a: Arboliva|62/100 tox|[from] Salt Cure
|upkeep
|turn|15
|
|t:|1776098038
|move|p2a: Arboliva|Strength Sap|p1a: Garganacl
|-unboost|p1a: Garganacl|atk|1
|-heal|p2a: Arboliva|100/100 tox
|move|p1a: Garganacl|Recover|p1a: Garganacl
|-heal|p1a: Garganacl|100/100
|
|-damage|p1a: Garganacl|88/100|[from] Leech Seed|[of] p2a: Arboliva
|-damage|p2a: Arboliva|82/100 tox|[from] psn
|-damage|p2a: Arboliva|70/100 tox|[from] Salt Cure
|upkeep
|turn|16
|
|t:|1776098045
|switch|p1a: Darkrai|Darkrai|100/100
|move|p2a: Arboliva|Alluring Voice|p1a: Darkrai
|-supereffective|p1a: Darkrai
|-damage|p1a: Darkrai|38/100
|
|-damage|p2a: Arboliva|45/100 tox|[from] psn
|-damage|p2a: Arboliva|33/100 tox|[from] Salt Cure
|upkeep
|-enditem|p2a: Arboliva|Sitrus Berry|[eat]
|-heal|p2a: Arboliva|58/100 tox|[from] item: Sitrus Berry
|turn|17
|
|t:|1776098051
|move|p1a: Darkrai|Dark Pulse|p2a: Arboliva
|-damage|p2a: Arboliva|23/100 tox
|-damage|p1a: Darkrai|28/100|[from] item: Life Orb
|move|p2a: Arboliva|Leech Seed|p1a: Darkrai
|-start|p1a: Darkrai|move: Leech Seed
|
|-damage|p1a: Darkrai|16/100|[from] Leech Seed|[of] p2a: Arboliva
|-heal|p2a: Arboliva|33/100 tox|[silent]
|-damage|p2a: Arboliva|2/100 tox|[from] psn
|-damage|p2a: Arboliva|0 fnt|[from] Salt Cure
|faint|p2a: Arboliva
|upkeep
|
|t:|1776098061
|switch|p2a: Greedent|Greedent, F|100/100
|-status|p2a: Greedent|tox
|-damage|p2a: Greedent|88/100 tox|[from] Stealth Rock
|turn|18
|
|t:|1776098065
|move|p1a: Darkrai|Dark Pulse|p2a: Greedent
|-damage|p2a: Greedent|31/100 tox
|-damage|p1a: Darkrai|6/100|[from] item: Life Orb
|move|p2a: Greedent|Trailblaze|p1a: Darkrai
|-damage|p1a: Darkrai|0 fnt
|-boost|p2a: Greedent|spe|1
|faint|p1a: Darkrai
|
|-damage|p2a: Greedent|25/100 tox|[from] psn
|upkeep
|-enditem|p2a: Greedent|Liechi Berry|[eat]
|-boost|p2a: Greedent|atk|1|[from] item: Liechi Berry
|-heal|p2a: Greedent|58/100 tox|[from] ability: Cheek Pouch
|
|t:|1776098082
|switch|p1a: Ceruledge|Ceruledge, M|100/100
|turn|19
|
|t:|1776098094
|switch|p2a: Snorlax|Snorlax, M|100/100
|-status|p2a: Snorlax|tox
|-damage|p2a: Snorlax|88/100 tox|[from] Stealth Rock
|move|p1a: Ceruledge|Swords Dance|p1a: Ceruledge
|-boost|p1a: Ceruledge|atk|2
|
|-damage|p2a: Snorlax|82/100 tox|[from] psn
|upkeep
|turn|20
|
|t:|1776098101
|move|p1a: Ceruledge|Close Combat|p2a: Snorlax
|-supereffective|p2a: Snorlax
|-damage|p2a: Snorlax|0 fnt
|-unboost|p1a: Ceruledge|def|1
|-unboost|p1a: Ceruledge|spd|1
|faint|p2a: Snorlax
|
|upkeep
|
|t:|1776098103
|switch|p2a: Jirachi|Jirachi|53/100
|-damage|p2a: Jirachi|47/100|[from] Stealth Rock
|turn|21
|
|t:|1776098106
|move|p1a: Ceruledge|Shadow Sneak|p2a: Jirachi
|-supereffective|p2a: Jirachi
|-damage|p2a: Jirachi|0 fnt
|faint|p2a: Jirachi
|
|upkeep
|
|t:|1776098108
|switch|p2a: Greedent|Greedent, F|58/100 tox
|-damage|p2a: Greedent|46/100 tox|[from] Stealth Rock
|turn|22
|
|t:|1776098114
|move|p1a: Ceruledge|Bitter Blade|p2a: Greedent
|-damage|p2a: Greedent|0 fnt
|faint|p2a: Greedent
|
|win|WelcomeBacWolfPack
|raw|WelcomeBacWolfPack's rating: 1302 &rarr; <strong>1322</strong><br />(+20 for winning)
|raw|leshawnfr's rating: 1297 &rarr; <strong>1272</strong><br />(-25 for losing)
|l|☆WelcomeBacWolfPack
|player|p1|
