|html|<div class="broadcast-blue"><strong>[Gen 9] OU is currently suspecting Volcarona! For information on how to participate check out the <a href="https://www.smogon.com/tools/suspects/view/208">suspect thread</a>.</strong></div>
|j|☆Dionaeamuscipul
|j|☆miguel604
|t:|1778499142
|gametype|singles
|player|p1|Dionaeamuscipul|1|1195
|player|p2|miguel604|janitor|1196
|gen|9
|tier|[Gen 9] OU
|rated|
|rule|HP Percentage Mod: HP is shown in percentages
|rule|Endless Battle Clause: Forcing endless battles is banned
|rule|Species Clause: Limit one of each Pokémon
|rule|OHKO Clause: OHKO moves are banned
|rule|Evasion Items Clause: Evasion items are banned
|rule|Evasion Moves Clause: Evasion moves are banned
|rule|Evasion Abilities Clause: Evasion abilities are banned
|rule|Sleep Moves Clause: Sleep-inducing moves are banned
|clearpoke
|poke|p1|Sableye, M|
|poke|p1|Darkrai|
|poke|p1|Muk-Alola, M|
|poke|p1|Enamorus, F|
|poke|p1|Chesnaught, M|
|poke|p1|Mienshao, M|
|poke|p2|Kingambit, F|
|poke|p2|Heatran, M|
|poke|p2|Landorus-Therian, M|
|poke|p2|Great Tusk|
|poke|p2|Dragapult, F|
|poke|p2|Serperior, F|
|teampreview
|
|t:|1778499156
|teamsize|p1|6
|teamsize|p2|6
|start
|switch|p1a: Chesnaught|Chesnaught, M|100/100
|switch|p2a: Heatran|Heatran, M|100/100
|turn|1
|
|t:|1778499167
|move|p2a: Heatran|Magma Storm|p1a: Chesnaught
|-supereffective|p1a: Chesnaught
|-damage|p1a: Chesnaught|10/100
|-activate|p1a: Chesnaught|move: Magma Storm|[of] p2a: Heatran
|move|p1a: Chesnaught|Leech Seed|p2a: Heatran|[miss]
|-miss|p1a: Chesnaught|p2a: Heatran
|
|-heal|p1a: Chesnaught|17/100|[from] item: Leftovers
|-damage|p1a: Chesnaught|4/100|[from] move: Magma Storm|[partiallytrapped]
|upkeep
|turn|2
|
|t:|1778499174
|move|p2a: Heatran|Will-O-Wisp|p1a: Chesnaught
|-status|p1a: Chesnaught|brn
|move|p1a: Chesnaught|Drain Punch|p2a: Heatran
|-supereffective|p2a: Heatran
|-damage|p2a: Heatran|75/100
|-heal|p1a: Chesnaught|17/100 brn|[from] drain|[of] p2a: Heatran
|
|-heal|p2a: Heatran|82/100|[from] item: Leftovers
|-heal|p1a: Chesnaught|23/100 brn|[from] item: Leftovers
|-damage|p1a: Chesnaught|17/100 brn|[from] brn
|-damage|p1a: Chesnaught|5/100 brn|[from] move: Magma Storm|[partiallytrapped]
|upkeep
|turn|3
|
|t:|1778499184
|move|p2a: Heatran|Will-O-Wisp|p1a: Chesnaught
|-fail|p1a: Chesnaught|brn
|move|p1a: Chesnaught|Leech Seed|p2a: Heatran|[miss]
|-miss|p1a: Chesnaught|p2a: Heatran
|
|-heal|p2a: Heatran|88/100|[from] item: Leftovers
|-heal|p1a: Chesnaught|11/100 brn|[from] item: Leftovers
|-damage|p1a: Chesnaught|5/100 brn|[from] brn
|-damage|p1a: Chesnaught|0 fnt|[from] move: Magma Storm|[partiallytrapped]
|faint|p1a: Chesnaught
|upkeep
|c|☆Dionaeamuscipul|ok fuck that
|inactive|Battle timer is ON: inactive players will automatically lose when time's up. (requested by miguel604)
|
|t:|1778499204
|switch|p1a: Enamorus|Enamorus, F|100/100
|turn|4
|
|t:|1778499211
|-terastallize|p1a: Enamorus|Fire
|move|p1a: Enamorus|Superpower|p2a: Heatran
|-supereffective|p2a: Heatran
|-damage|p2a: Heatran|39/100
|-boost|p1a: Enamorus|atk|1
|-boost|p1a: Enamorus|def|1
|move|p2a: Heatran|Magma Storm|p1a: Enamorus|[miss]
|-miss|p2a: Heatran|p1a: Enamorus
|
|-heal|p2a: Heatran|45/100|[from] item: Leftovers
|upkeep
|turn|5
|inactive|miguel604 has 120 seconds left.
|
|t:|1778499260
|switch|p2a: Dragapult|Dragapult, F|100/100
|move|p1a: Enamorus|Moonblast|p2a: Dragapult
|-supereffective|p2a: Dragapult
|-damage|p2a: Dragapult|0 fnt
|faint|p2a: Dragapult
|
|upkeep
|
|t:|1778499264
|switch|p2a: Landorus|Landorus-Therian, M|100/100
|-ability|p2a: Landorus|Intimidate|boost
|-boost|p1a: Enamorus|atk|1
|turn|6
|
|t:|1778499274
|move|p2a: Landorus|Stone Edge|p1a: Enamorus
|-supereffective|p1a: Enamorus
|-damage|p1a: Enamorus|17/100
|move|p1a: Enamorus|Superpower|p2a: Landorus
|-resisted|p2a: Landorus
|-damage|p2a: Landorus|62/100
|-boost|p1a: Enamorus|atk|1
|-boost|p1a: Enamorus|def|1
|
|-heal|p1a: Enamorus|24/100|[from] item: Leftovers
|upkeep
|turn|7
|
|t:|1778499283
|move|p2a: Landorus|Stone Edge|p1a: Enamorus
|-supereffective|p1a: Enamorus
|-crit|p1a: Enamorus
|-damage|p1a: Enamorus|0 fnt
|faint|p1a: Enamorus
|
|upkeep
|
|t:|1778499289
|switch|p1a: Sableye|Sableye, M|100/100
|turn|8
|
|t:|1778499295
|move|p1a: Sableye|Will-O-Wisp|p2a: Landorus
|-status|p2a: Landorus|brn
|move|p2a: Landorus|Stone Edge|p1a: Sableye
|-damage|p1a: Sableye|75/100
|
|-heal|p1a: Sableye|81/100|[from] item: Leftovers
|-damage|p2a: Landorus|56/100 brn|[from] brn
|upkeep
|turn|9
|
|t:|1778499305
|switch|p2a: Serperior|Serperior, F|100/100
|move|p1a: Sableye|Sucker Punch||[still]
|-fail|p1a: Sableye
|
|-heal|p1a: Sableye|87/100|[from] item: Leftovers
|upkeep
|turn|10
|
|t:|1778499315
|move|p1a: Sableye|Will-O-Wisp|p2a: Serperior
|-status|p2a: Serperior|brn
|move|p2a: Serperior|Glare|p1a: Sableye
|-status|p1a: Sableye|par
|
|-heal|p1a: Sableye|94/100 par|[from] item: Leftovers
|-damage|p2a: Serperior|94/100 brn|[from] brn
|upkeep
|turn|11
|
|t:|1778499323
|move|p1a: Sableye|Sucker Punch||[still]
|-fail|p1a: Sableye
|move|p2a: Serperior|Substitute|p2a: Serperior
|-start|p2a: Serperior|Substitute
|-damage|p2a: Serperior|69/100 brn
|
|-heal|p2a: Serperior|75/100 brn|[from] item: Leftovers
|-heal|p1a: Sableye|99/100 par|[from] item: Leftovers
|-damage|p2a: Serperior|69/100 brn|[from] brn
|upkeep
|turn|12
|
|t:|1778499328
|move|p1a: Sableye|Sucker Punch|p2a: Serperior
|-end|p2a: Serperior|Substitute
|move|p2a: Serperior|Leaf Storm|p1a: Sableye
|-damage|p1a: Sableye|20/100 par
|-boost|p2a: Serperior|spa|2
|
|-heal|p2a: Serperior|75/100 brn|[from] item: Leftovers
|-heal|p1a: Sableye|26/100 par|[from] item: Leftovers
|-damage|p2a: Serperior|69/100 brn|[from] brn
|upkeep
|turn|13
|
|t:|1778499338
|move|p1a: Sableye|Sucker Punch|p2a: Serperior
|-damage|p2a: Serperior|33/100 brn
|move|p2a: Serperior|Leaf Storm|p1a: Sableye
|-damage|p1a: Sableye|0 fnt
|-boost|p2a: Serperior|spa|2
|faint|p1a: Sableye
|
|-heal|p2a: Serperior|39/100 brn|[from] item: Leftovers
|-damage|p2a: Serperior|33/100 brn|[from] brn
|upkeep
|
|t:|1778499346
|switch|p1a: Darkrai|Darkrai|100/100
|turn|14
|
|t:|1778499350
|move|p1a: Darkrai|Ice Beam|p2a: Serperior
|-supereffective|p2a: Serperior
|-damage|p2a: Serperior|0 fnt
|faint|p2a: Serperior
|-damage|p1a: Darkrai|91/100|[from] item: Life Orb
|
|upkeep
|
|t:|1778499354
|switch|p2a: Heatran|Heatran, M|45/100
|turn|15
|
|t:|1778499359
|move|p1a: Darkrai|Focus Blast|p2a: Heatran|[miss]
|-miss|p1a: Darkrai|p2a: Heatran
|move|p2a: Heatran|Magma Storm|p1a: Darkrai
|-damage|p1a: Darkrai|31/100
|-activate|p1a: Darkrai|move: Magma Storm|[of] p2a: Heatran
|
|-heal|p2a: Heatran|52/100|[from] item: Leftovers
|-damage|p1a: Darkrai|19/100|[from] move: Magma Storm|[partiallytrapped]
|upkeep
|turn|16
|
|t:|1778499367
|move|p1a: Darkrai|Focus Blast|p2a: Heatran
|-supereffective|p2a: Heatran
|-damage|p2a: Heatran|0 fnt
|faint|p2a: Heatran
|-damage|p1a: Darkrai|9/100|[from] item: Life Orb
|
|-end|p1a: Darkrai|Magma Storm|[partiallytrapped]|[silent]
|upkeep
|c|☆Dionaeamuscipul|what is this luck ?
|
|t:|1778499375
|switch|p2a: Great Tusk|Great Tusk|100/100
|turn|17
|c|☆Dionaeamuscipul|3 misses against hetran
|
|t:|1778499380
|move|p1a: Darkrai|Ice Beam|p2a: Great Tusk
|-supereffective|p2a: Great Tusk
|-damage|p2a: Great Tusk|0 fnt
|faint|p2a: Great Tusk
|-end|p2a: Great Tusk|Protosynthesis|[silent]
|-damage|p1a: Darkrai|0 fnt|[from] item: Life Orb
|faint|p1a: Darkrai
|
|upkeep
|
|t:|1778499386
|switch|p1a: Mienshao|Mienshao, M|100/100
|switch|p2a: Kingambit|Kingambit, F|100/100
|-activate|p2a: Kingambit|ability: Supreme Overlord
|-start|p2a: Kingambit|fallen4|[silent]
|turn|18
|
|t:|1778499391
|move|p1a: Mienshao|Close Combat|p2a: Kingambit
|-supereffective|p2a: Kingambit
|-damage|p2a: Kingambit|0 fnt
|-unboost|p1a: Mienshao|def|1
|-unboost|p1a: Mienshao|spd|1
|faint|p2a: Kingambit
|-end|p2a: Kingambit|fallen4|[silent]
|
|upkeep
|
|t:|1778499397
|switch|p2a: Landorus|Landorus-Therian, M|56/100 brn
|-ability|p2a: Landorus|Intimidate|boost
|-unboost|p1a: Mienshao|atk|1
|turn|19
|
|t:|1778499401
|move|p2a: Landorus|U-turn|p1a: Mienshao
|-resisted|p1a: Mienshao
|-damage|p1a: Mienshao|81/100
|move|p1a: Mienshao|Triple Axel|p2a: Landorus
|-supereffective|p2a: Landorus
|-damage|p2a: Landorus|34/100 brn
|-supereffective|p2a: Landorus
|-damage|p2a: Landorus|0 fnt
|faint|p2a: Landorus
|-hitcount|p2: Landorus|2
|
|win|Dionaeamuscipul
|raw|Dionaeamuscipul's rating: 1195 &rarr; <strong>1220</strong><br />(+25 for winning)
|raw|miguel604's rating: 1196 &rarr; <strong>1171</strong><br />(-25 for losing)
|l|☆Dionaeamuscipul
|player|p1|
|l|☆miguel604
|player|p2|
