|html|<div class="broadcast-blue"><strong>[Gen 9] OU is currently suspecting Tera Blast! For information on how to participate check out the <a href="https://www.smogon.com/tools/suspects/view/200">suspect thread</a>.</strong></div>
|j|☆jglassx
|j|☆jeejee
|t:|1776105550
|gametype|singles
|player|p1|jglassx|shelly-gen3|1403
|player|p2|jeejee|101|1323
|gen|9
|tier|[Gen 9] OU
|rated|
|rule|HP Percentage Mod: HP is shown in percentages
|rule|Endless Battle Clause: Forcing endless battles is banned
|rule|Species Clause: Limit one of each Pokémon
|rule|OHKO Clause: OHKO moves are banned
|rule|Evasion Items Clause: Evasion items are banned
|rule|Evasion Moves Clause: Evasion moves are banned
|rule|Evasion Abilities Clause: Evasion abilities are banned
|rule|Sleep Moves Clause: Sleep-inducing moves are banned
|clearpoke
|poke|p1|Excadrill, F|
|poke|p1|Tyranitar, M|
|poke|p1|Gholdengo|
|poke|p1|Chesnaught, F|
|poke|p1|Tornadus-Therian, M|
|poke|p1|Iron Valiant|
|poke|p2|Smeargle, M|
|poke|p2|Tornadus-Therian, M|
|poke|p2|Great Tusk|
|poke|p2|Garganacl, F|
|poke|p2|Chandelure, M|
|poke|p2|Primarina, F|
|teampreview
|inactive|Battle timer is ON: inactive players will automatically lose when time's up. (requested by jglassx)
|
|t:|1776105567
|teamsize|p1|6
|teamsize|p2|6
|start
|switch|p1a: Tyranitar|Tyranitar, M|100/100
|switch|p2a: Great Tusk|Great Tusk|100/100
|-weather|Sandstorm|[from] ability: Sand Stream|[of] p1a: Tyranitar
|-enditem|p2a: Great Tusk|Booster Energy
|-activate|p2a: Great Tusk|ability: Protosynthesis|[fromitem]
|-start|p2a: Great Tusk|protosynthesisspe
|turn|1
|
|t:|1776105572
|switch|p1a: Chesnaught|Chesnaught, F, shiny|100/100
|move|p2a: Great Tusk|Bulk Up|p2a: Great Tusk
|-boost|p2a: Great Tusk|atk|1
|-boost|p2a: Great Tusk|def|1
|
|-weather|Sandstorm|[upkeep]
|-damage|p1a: Chesnaught|94/100|[from] Sandstorm
|upkeep
|turn|2
|
|t:|1776105585
|move|p2a: Great Tusk|Headlong Rush|p1a: Chesnaught
|-resisted|p1a: Chesnaught
|-damage|p1a: Chesnaught|74/100
|-unboost|p2a: Great Tusk|def|1
|-unboost|p2a: Great Tusk|spd|1
|-damage|p2a: Great Tusk|84/100|[from] item: Rocky Helmet|[of] p1a: Chesnaught
|move|p1a: Chesnaught|Body Press|p2a: Great Tusk
|-damage|p2a: Great Tusk|56/100
|
|-weather|Sandstorm|[upkeep]
|-damage|p1a: Chesnaught|68/100|[from] Sandstorm
|upkeep
|turn|3
|
|t:|1776105591
|-end|p2a: Great Tusk|Protosynthesis|[silent]
|switch|p2a: Chandelure|Chandelure, M|100/100
|move|p1a: Chesnaught|Synthesis|p1a: Chesnaught
|-heal|p1a: Chesnaught|93/100
|
|-weather|Sandstorm|[upkeep]
|-damage|p2a: Chandelure|94/100|[from] Sandstorm
|-damage|p1a: Chesnaught|87/100|[from] Sandstorm
|upkeep
|turn|4
|
|t:|1776105599
|switch|p1a: Tyranitar|Tyranitar, M|100/100
|move|p2a: Chandelure|Flamethrower|p1a: Tyranitar
|-resisted|p1a: Tyranitar
|-damage|p1a: Tyranitar|88/100
|-damage|p2a: Chandelure|84/100|[from] item: Life Orb
|
|-weather|Sandstorm|[upkeep]
|-damage|p2a: Chandelure|78/100|[from] Sandstorm
|-heal|p1a: Tyranitar|94/100|[from] item: Leftovers
|upkeep
|turn|5
|
|t:|1776105614
|switch|p2a: Garganacl|Garganacl, F|100/100
|move|p1a: Tyranitar|Ice Beam|p2a: Garganacl
|-damage|p2a: Garganacl|92/100
|
|-weather|none
|-heal|p1a: Tyranitar|99/100|[from] item: Leftovers
|-heal|p2a: Garganacl|99/100|[from] item: Leftovers
|upkeep
|turn|6
|
|t:|1776105622
|move|p1a: Tyranitar|Stealth Rock|p2a: Garganacl
|-sidestart|p2: jeejee|move: Stealth Rock
|move|p2a: Garganacl|Salt Cure|p1a: Tyranitar
|-damage|p1a: Tyranitar|89/100
|-start|p1a: Tyranitar|Salt Cure
|
|-heal|p1a: Tyranitar|95/100|[from] item: Leftovers
|-heal|p2a: Garganacl|100/100|[from] item: Leftovers
|-damage|p1a: Tyranitar|83/100|[from] Salt Cure
|upkeep
|turn|7
|
|t:|1776105630
|move|p1a: Tyranitar|Low Kick|p2a: Garganacl
|-supereffective|p2a: Garganacl
|-damage|p2a: Garganacl|49/100
|move|p2a: Garganacl|Salt Cure|p1a: Tyranitar
|-damage|p1a: Tyranitar|73/100
|
|-heal|p1a: Tyranitar|79/100|[from] item: Leftovers
|-heal|p2a: Garganacl|55/100|[from] item: Leftovers
|-damage|p1a: Tyranitar|67/100|[from] Salt Cure
|upkeep
|turn|8
|
|t:|1776105636
|switch|p1a: Chesnaught|Chesnaught, F, shiny|87/100
|move|p2a: Garganacl|Body Press|p1a: Chesnaught
|-damage|p1a: Chesnaught|73/100
|-damage|p2a: Garganacl|38/100|[from] item: Rocky Helmet|[of] p1a: Chesnaught
|
|-heal|p2a: Garganacl|44/100|[from] item: Leftovers
|upkeep
|turn|9
|
|t:|1776105641
|move|p1a: Chesnaught|Body Press|p2a: Garganacl
|-supereffective|p2a: Garganacl
|-damage|p2a: Garganacl|0 fnt
|faint|p2a: Garganacl
|
|upkeep
|
|t:|1776105647
|switch|p2a: Great Tusk|Great Tusk|56/100
|-damage|p2a: Great Tusk|53/100|[from] Stealth Rock
|turn|10
|
|t:|1776105651
|move|p2a: Great Tusk|Rapid Spin|p1a: Chesnaught
|-damage|p1a: Chesnaught|64/100
|-boost|p2a: Great Tusk|spe|1
|-damage|p2a: Great Tusk|36/100|[from] item: Rocky Helmet|[of] p1a: Chesnaught
|-sideend|p2: jeejee|Stealth Rock|[from] move: Rapid Spin|[of] p2a: Great Tusk
|move|p1a: Chesnaught|Body Press|p2a: Great Tusk
|-damage|p2a: Great Tusk|7/100
|
|upkeep
|turn|11
|
|t:|1776105655
|move|p2a: Great Tusk|Head Smash|p1a: Chesnaught
|-resisted|p1a: Chesnaught
|-damage|p1a: Chesnaught|52/100
|-damage|p2a: Great Tusk|0 fnt|[from] item: Rocky Helmet|[of] p1a: Chesnaught
|faint|p2a: Great Tusk
|-end|p2a: Great Tusk|Protosynthesis|[silent]
|move|p1a: Chesnaught|Synthesis|p1a: Chesnaught
|-heal|p1a: Chesnaught|100/100
|
|upkeep
|
|t:|1776105661
|switch|p2a: Tornadus|Tornadus-Therian, M|100/100
|turn|12
|
|t:|1776105677
|switch|p1a: Tyranitar|Tyranitar, M|67/100
|-weather|Sandstorm|[from] ability: Sand Stream|[of] p1a: Tyranitar
|move|p2a: Tornadus|U-turn|p1a: Tyranitar
|-supereffective|p1a: Tyranitar
|-damage|p1a: Tyranitar|40/100
|
|t:|1776105685
|switch|p2a: Primarina|Primarina, F|100/100|[from] U-turn
|
|-weather|Sandstorm|[upkeep]
|-damage|p2a: Primarina|94/100|[from] Sandstorm
|-heal|p1a: Tyranitar|46/100|[from] item: Leftovers
|upkeep
|turn|13
|
|t:|1776105704
|switch|p1a: Excadrill|Excadrill, F|100/100
|-item|p1a: Excadrill|Air Balloon
|move|p2a: Primarina|Flip Turn|p1a: Excadrill
|-supereffective|p1a: Excadrill
|-damage|p1a: Excadrill|52/100
|-enditem|p1a: Excadrill|Air Balloon
|
|t:|1776105714
|switch|p2a: Tornadus|Tornadus-Therian, M|100/100|[from] Flip Turn
|
|-weather|Sandstorm|[upkeep]
|-damage|p2a: Tornadus|94/100|[from] Sandstorm
|upkeep
|turn|14
|
|t:|1776105718
|move|p1a: Excadrill|Rock Slide|p2a: Tornadus
|-supereffective|p2a: Tornadus
|-damage|p2a: Tornadus|23/100
|move|p2a: Tornadus|Knock Off|p1a: Excadrill
|-damage|p1a: Excadrill|31/100
|
|-weather|Sandstorm|[upkeep]
|-damage|p2a: Tornadus|17/100|[from] Sandstorm
|upkeep
|turn|15
|
|t:|1776105724
|move|p1a: Excadrill|Rock Slide|p2a: Tornadus
|-supereffective|p2a: Tornadus
|-damage|p2a: Tornadus|0 fnt
|faint|p2a: Tornadus
|
|-weather|Sandstorm|[upkeep]
|upkeep
|
|t:|1776105726
|switch|p2a: Chandelure|Chandelure, M|78/100
|turn|16
|
|t:|1776105730
|-terastallize|p2a: Chandelure|Grass
|move|p1a: Excadrill|Earthquake|p2a: Chandelure
|-resisted|p2a: Chandelure
|-damage|p2a: Chandelure|37/100
|move|p2a: Chandelure|Flamethrower|p1a: Excadrill
|-supereffective|p1a: Excadrill
|-damage|p1a: Excadrill|0 fnt
|faint|p1a: Excadrill
|-damage|p2a: Chandelure|27/100|[from] item: Life Orb
|
|-weather|none
|upkeep
|
|t:|1776105735
|switch|p1a: Tornadus|Tornadus-Therian, M, shiny|100/100
|turn|17
|
|t:|1776105738
|move|p1a: Tornadus|Bleakwind Storm|p2a: Chandelure
|-supereffective|p2a: Chandelure
|-damage|p2a: Chandelure|0 fnt
|faint|p2a: Chandelure
|
|upkeep
|
|t:|1776105740
|switch|p2a: Smeargle|Smeargle, M|100/100
|turn|18
|
|t:|1776105745
|move|p1a: Tornadus|Taunt|p2a: Smeargle
|-start|p2a: Smeargle|move: Taunt
|move|p2a: Smeargle|Stone Axe|p1a: Tornadus
|-supereffective|p1a: Tornadus
|-damage|p1a: Tornadus|80/100
|-sidestart|p1: jglassx|move: Stealth Rock
|
|upkeep
|turn|19
|
|t:|1776105750
|move|p1a: Tornadus|Knock Off|p2a: Smeargle
|-damage|p2a: Smeargle|39/100
|-enditem|p2a: Smeargle|Focus Sash|[from] move: Knock Off|[of] p1a: Tornadus
|move|p2a: Smeargle|Ceaseless Edge|p1a: Tornadus|[miss]
|-miss|p2a: Smeargle|p1a: Tornadus
|
|upkeep
|turn|20
|
|t:|1776105755
|move|p1a: Tornadus|Bleakwind Storm|p2a: Smeargle
|-damage|p2a: Smeargle|0 fnt
|faint|p2a: Smeargle
|
|upkeep
|
|t:|1776105759
|switch|p2a: Primarina|Primarina, F|94/100
|turn|21
|
|t:|1776105761
|move|p1a: Tornadus|Knock Off|p2a: Primarina
|-resisted|p2a: Primarina
|-damage|p2a: Primarina|82/100
|-enditem|p2a: Primarina|Assault Vest|[from] move: Knock Off|[of] p1a: Tornadus
|move|p2a: Primarina|Ice Beam|p1a: Tornadus
|-supereffective|p1a: Tornadus
|-damage|p1a: Tornadus|7/100
|
|upkeep
|turn|22
|
|t:|1776105765
|move|p1a: Tornadus|Bleakwind Storm|p2a: Primarina
|-damage|p2a: Primarina|47/100
|-unboost|p2a: Primarina|spe|1
|move|p2a: Primarina|Moonblast|p1a: Tornadus
|-damage|p1a: Tornadus|0 fnt
|faint|p1a: Tornadus
|
|upkeep
|
|t:|1776105769
|switch|p1a: Gholdengo|Gholdengo|100/100
|-damage|p1a: Gholdengo|94/100|[from] Stealth Rock
|turn|23
|
|t:|1776105771
|move|p1a: Gholdengo|Thunderbolt|p2a: Primarina
|-supereffective|p2a: Primarina
|-damage|p2a: Primarina|0 fnt
|faint|p2a: Primarina
|
|win|jglassx
|raw|jglassx's rating: 1403 &rarr; <strong>1418</strong><br />(+15 for winning)
|raw|jeejee's rating: 1323 &rarr; <strong>1308</strong><br />(-15 for losing)
|c|☆jglassx|gg
|l|☆jeejee
|player|p2|
|l|☆jglassx
|player|p1|
