|html|<div class="broadcast-blue"><strong>[Gen 9] OU is currently suspecting Tera Blast! For information on how to participate check out the <a href="https://www.smogon.com/tools/suspects/view/200">suspect thread</a>.</strong></div>
|j|☆bigdumpie
|j|☆SenshiNoir
|t:|1776202879
|gametype|singles
|player|p1|bigdumpie|169|1185
|player|p2|SenshiNoir|2|1204
|gen|9
|tier|[Gen 9] OU
|rated|
|rule|HP Percentage Mod: HP is shown in percentages
|rule|Endless Battle Clause: Forcing endless battles is banned
|rule|Species Clause: Limit one of each Pokémon
|rule|OHKO Clause: OHKO moves are banned
|rule|Evasion Items Clause: Evasion items are banned
|rule|Evasion Moves Clause: Evasion moves are banned
|rule|Evasion Abilities Clause: Evasion abilities are banned
|rule|Sleep Moves Clause: Sleep-inducing moves are banned
|clearpoke
|poke|p1|Ninetales, F|
|poke|p1|Great Tusk|
|poke|p1|Walking Wake|
|poke|p1|Raging Bolt|
|poke|p1|Venusaur, M|
|poke|p1|Kingambit, M|
|poke|p2|Zoroark-Hisui, F|
|poke|p2|Glimmora, F|
|poke|p2|Weavile, F|
|poke|p2|Zapdos|
|poke|p2|Quaquaval, M|
|poke|p2|Grimmsnarl, M|
|teampreview
|inactive|Battle timer is ON: inactive players will automatically lose when time's up. (requested by bigdumpie)
|
|t:|1776202932
|teamsize|p1|6
|teamsize|p2|6
|start
|switch|p1a: Tim|Ninetales, F, shiny|100/100
|switch|p2a: Glimmora|Glimmora, F, shiny|100/100
|-weather|SunnyDay|[from] ability: Drought|[of] p1a: Tim
|turn|1
|
|t:|1776202949
|move|p1a: Tim|Will-O-Wisp|p2a: Glimmora
|-status|p2a: Glimmora|brn
|move|p2a: Glimmora|Earth Power|p1a: Tim
|-supereffective|p1a: Tim
|-damage|p1a: Tim|32/100
|
|-weather|SunnyDay|[upkeep]
|-damage|p2a: Glimmora|94/100 brn|[from] brn
|upkeep
|turn|2
|
|t:|1776202964
|switch|p1a: Albert|Walking Wake|100/100
|-activate|p1a: Albert|ability: Protosynthesis
|-start|p1a: Albert|protosynthesisspe
|move|p2a: Glimmora|Stealth Rock|p1a: Albert
|-sidestart|p1: bigdumpie|move: Stealth Rock
|
|-weather|SunnyDay|[upkeep]
|-damage|p2a: Glimmora|88/100 brn|[from] brn
|upkeep
|turn|3
|
|t:|1776202982
|move|p1a: Albert|Flamethrower|p2a: Glimmora
|-resisted|p2a: Glimmora
|-damage|p2a: Glimmora|55/100 brn
|move|p2a: Glimmora|Sludge Wave|p1a: Albert
|-damage|p1a: Albert|41/100
|
|-weather|SunnyDay|[upkeep]
|-damage|p2a: Glimmora|49/100 brn|[from] brn
|upkeep
|turn|4
|
|t:|1776202993
|move|p1a: Albert|Hydro Steam|p2a: Glimmora
|-supereffective|p2a: Glimmora
|-damage|p2a: Glimmora|0 fnt
|faint|p2a: Glimmora
|
|-weather|SunnyDay|[upkeep]
|upkeep
|
|t:|1776203007
|switch|p2a: Grimmsnarl|Grimmsnarl, M|100/100
|turn|5
|
|t:|1776203016
|move|p2a: Grimmsnarl|Light Screen|p2a: Grimmsnarl
|-sidestart|p2: SenshiNoir|move: Light Screen
|move|p1a: Albert|Flip Turn|p2a: Grimmsnarl
|-damage|p2a: Grimmsnarl|93/100
|
|t:|1776203021
|-end|p1a: Albert|Protosynthesis|[silent]
|switch|p1a: Bob|Great Tusk|100/100|[from] Flip Turn
|-damage|p1a: Bob|98/100|[from] Stealth Rock
|-activate|p1a: Bob|ability: Protosynthesis
|-start|p1a: Bob|protosynthesisatk
|
|-weather|SunnyDay|[upkeep]
|upkeep
|turn|6
|
|t:|1776203031
|move|p2a: Grimmsnarl|Reflect|p2a: Grimmsnarl
|-sidestart|p2: SenshiNoir|Reflect
|move|p1a: Bob|Rapid Spin|p2a: Grimmsnarl
|-damage|p2a: Grimmsnarl|82/100
|-boost|p1a: Bob|spe|1
|-sideend|p1: bigdumpie|Stealth Rock|[from] move: Rapid Spin|[of] p1a: Bob
|
|-weather|SunnyDay|[upkeep]
|upkeep
|turn|7
|
|t:|1776203054
|move|p1a: Bob|Close Combat|p2a: Grimmsnarl
|-damage|p2a: Grimmsnarl|40/100
|-unboost|p1a: Bob|def|1
|-unboost|p1a: Bob|spd|1
|move|p2a: Grimmsnarl|Spirit Break|p1a: Bob
|-supereffective|p1a: Bob
|-damage|p1a: Bob|42/100
|-unboost|p1a: Bob|spa|1
|
|-weather|SunnyDay|[upkeep]
|upkeep
|turn|8
|inactive|bigdumpie has 120 seconds left.
|
|t:|1776203077
|move|p2a: Grimmsnarl|Parting Shot|p1a: Bob
|-unboost|p1a: Bob|atk|1
|-unboost|p1a: Bob|spa|1
|
|t:|1776203081
|switch|p2a: Quaquaval|Quaquaval, M|100/100|[from] Parting Shot
|move|p1a: Bob|Headlong Rush|p2a: Quaquaval
|-damage|p2a: Quaquaval|45/100
|-unboost|p1a: Bob|def|1
|-unboost|p1a: Bob|spd|1
|replace|p2a: Zoroark|Zoroark-Hisui, F, shiny
|-end|p2a: Zoroark|Illusion
|
|-weather|none
|-end|p1a: Bob|Protosynthesis
|upkeep
|turn|9
|inactive|bigdumpie has 120 seconds left.
|
|t:|1776203104
|move|p1a: Bob|Headlong Rush|p2a: Zoroark
|-damage|p2a: Zoroark|1/100
|-unboost|p1a: Bob|def|1
|-unboost|p1a: Bob|spd|1
|move|p2a: Zoroark|Hyper Voice|p1a: Bob
|-damage|p1a: Bob|0 fnt
|faint|p1a: Bob
|-end|p1a: Bob|Protosynthesis|[silent]
|-damage|p2a: Zoroark|0 fnt|[from] item: Life Orb
|faint|p2a: Zoroark
|
|upkeep
|inactive|bigdumpie has 120 seconds left.
|inactive|SenshiNoir has 120 seconds left.
|c|☆SenshiNoir|how are you faster
|
|t:|1776203136
|switch|p2a: Quaquaval|Quaquaval, M|100/100
|switch|p1a: Tim|Ninetales, F, shiny|32/100
|-weather|SunnyDay|[from] ability: Drought|[of] p1a: Tim
|turn|10
|inactive|bigdumpie has 120 seconds left.
|
|t:|1776203157
|move|p1a: Tim|Solar Beam||[still]
|-prepare|p1a: Tim|Solar Beam
|-anim|p1a: Tim|Solar Beam|p2a: Quaquaval
|-supereffective|p2a: Quaquaval
|-damage|p2a: Quaquaval|61/100
|move|p2a: Quaquaval|Aqua Step|p1a: Tim
|-supereffective|p1a: Tim
|-damage|p1a: Tim|0 fnt
|-boost|p2a: Quaquaval|spe|1
|faint|p1a: Tim
|-ability|p2a: Quaquaval|Moxie|boost
|-boost|p2a: Quaquaval|atk|1
|
|-weather|SunnyDay|[upkeep]
|-heal|p2a: Quaquaval|67/100|[from] item: Leftovers
|upkeep
|
|t:|1776203175
|switch|p1a: Charles|Venusaur, M|100/100
|turn|11
|inactive|bigdumpie has 90 seconds left.
|inactive|SenshiNoir has 90 seconds left.
|c|☆SenshiNoir|are you cheating or what zoroark shoulda outspend you
|
|t:|1776203215
|move|p1a: Charles|Giga Drain|p2a: Quaquaval
|-supereffective|p2a: Quaquaval
|-damage|p2a: Quaquaval|12/100
|-damage|p1a: Charles|91/100|[from] item: Life Orb
|move|p2a: Quaquaval|Ice Spinner|p1a: Charles
|-supereffective|p1a: Charles
|-damage|p1a: Charles|0 fnt
|faint|p1a: Charles
|-ability|p2a: Quaquaval|Moxie|boost
|-boost|p2a: Quaquaval|atk|1
|
|-weather|SunnyDay|[upkeep]
|-heal|p2a: Quaquaval|18/100|[from] item: Leftovers
|upkeep
|
|t:|1776203234
|switch|p1a: Sean|Raging Bolt|100/100
|-item|p1a: Sean|Air Balloon
|-activate|p1a: Sean|ability: Protosynthesis
|-start|p1a: Sean|protosynthesisspa
|turn|12
|
|t:|1776203246
|move|p1a: Sean|Thunderclap|p2a: Quaquaval
|-supereffective|p2a: Quaquaval
|-damage|p2a: Quaquaval|0 fnt
|faint|p2a: Quaquaval
|
|-weather|SunnyDay|[upkeep]
|-sideend|p2: SenshiNoir|move: Light Screen
|upkeep
|
|t:|1776203259
|switch|p2a: Grimmsnarl|Grimmsnarl, M|40/100
|turn|13
|
|t:|1776203267
|move|p2a: Grimmsnarl|Light Screen|p2a: Grimmsnarl
|-sidestart|p2: SenshiNoir|move: Light Screen
|move|p1a: Sean|Calm Mind|p1a: Sean
|-boost|p1a: Sean|spa|1
|-boost|p1a: Sean|spd|1
|
|-weather|SunnyDay|[upkeep]
|-sideend|p2: SenshiNoir|Reflect
|upkeep
|turn|14
|
|t:|1776203274
|move|p1a: Sean|Calm Mind|p1a: Sean
|-boost|p1a: Sean|spa|1
|-boost|p1a: Sean|spd|1
|move|p2a: Grimmsnarl|Spirit Break|p1a: Sean
|-supereffective|p1a: Sean
|-damage|p1a: Sean|42/100
|-unboost|p1a: Sean|spa|1
|-enditem|p1a: Sean|Air Balloon
|
|-weather|SunnyDay|[upkeep]
|upkeep
|turn|15
|inactive|bigdumpie has 90 seconds left.
|
|t:|1776203285
|move|p1a: Sean|Thunderbolt|p2a: Grimmsnarl
|-damage|p2a: Grimmsnarl|0 fnt
|faint|p2a: Grimmsnarl
|
|-weather|SunnyDay|[upkeep]
|upkeep
|
|t:|1776203292
|switch|p2a: Weavile|Weavile, F, shiny|100/100
|-ability|p2a: Weavile|Pressure
|turn|16
|
|t:|1776203304
|move|p2a: Weavile|Ice Shard|p1a: Sean
|-supereffective|p1a: Sean
|-damage|p1a: Sean|2/100
|move|p1a: Sean|Thunderclap||[still]
|-fail|p1a: Sean
|
|-weather|SunnyDay|[upkeep]
|upkeep
|turn|17
|inactive|bigdumpie has 90 seconds left.
|
|t:|1776203337
|-end|p1a: Sean|Protosynthesis|[silent]
|switch|p1a: Gary|Kingambit, M, shiny|100/100
|move|p2a: Weavile|Ice Shard|p1a: Gary
|-resisted|p1a: Gary
|-damage|p1a: Gary|93/100
|
|-weather|none
|upkeep
|turn|18
|
|t:|1776203353
|switch|p2a: Zapdos|Zapdos|100/100
|move|p1a: Gary|Iron Head|p2a: Zapdos
|-resisted|p2a: Zapdos
|-damage|p2a: Zapdos|71/100
|
|upkeep
|turn|19
|inactive|SenshiNoir has 120 seconds left.
|
|t:|1776203361
|move|p2a: Zapdos|Heat Wave|p1a: Gary
|-supereffective|p1a: Gary
|-damage|p1a: Gary|32/100
|move|p1a: Gary|Swords Dance|p1a: Gary
|-boost|p1a: Gary|atk|2
|
|upkeep
|turn|20
|
|t:|1776203368
|-terastallize|p1a: Gary|Dark
|move|p1a: Gary|Sucker Punch|p2a: Zapdos
|-damage|p2a: Zapdos|0 fnt
|faint|p2a: Zapdos
|
|-sideend|p2: SenshiNoir|move: Light Screen
|upkeep
|
|t:|1776203374
|switch|p2a: Weavile|Weavile, F, shiny|100/100
|-ability|p2a: Weavile|Pressure
|turn|21
|inactive|bigdumpie has 90 seconds left.
|inactive|SenshiNoir has 120 seconds left.
|
|t:|1776203409
|move|p1a: Gary|Sucker Punch|p2a: Weavile
|-resisted|p2a: Weavile
|-damage|p2a: Weavile|0 fnt
|faint|p2a: Weavile
|
|win|bigdumpie
|raw|bigdumpie's rating: 1185 &rarr; <strong>1211</strong><br />(+26 for winning)
|raw|SenshiNoir's rating: 1204 &rarr; <strong>1178</strong><br />(-26 for losing)
|c|☆bigdumpie|ez
|c|☆SenshiNoir|yea only talk at the end
|c|☆SenshiNoir|PussC
|c|☆bigdumpie|I wasnt paying attention lmfao
|l|☆SenshiNoir
|player|p2|
|c|☆bigdumpie|to chat
