|html|<div class="broadcast-blue"><strong>[Gen 9] OU is currently suspecting Tera Blast! For information on how to participate check out the <a href="https://www.smogon.com/tools/suspects/view/200">suspect thread</a>.</strong></div>
|j|☆ElChoupo92.I
|j|☆Hpoji
|t:|1776332592
|gametype|singles
|player|p1|ElChoupo92.I|firebreather|1408
|player|p2|Hpoji|clair|1344
|gen|9
|tier|[Gen 9] OU
|rated|
|rule|HP Percentage Mod: HP is shown in percentages
|rule|Endless Battle Clause: Forcing endless battles is banned
|rule|Species Clause: Limit one of each Pokémon
|rule|OHKO Clause: OHKO moves are banned
|rule|Evasion Items Clause: Evasion items are banned
|rule|Evasion Moves Clause: Evasion moves are banned
|rule|Evasion Abilities Clause: Evasion abilities are banned
|rule|Sleep Moves Clause: Sleep-inducing moves are banned
|clearpoke
|poke|p1|Slaking, M|
|poke|p1|Hydrapple, F|
|poke|p1|Dragapult, F|
|poke|p1|Alomomola, M|
|poke|p1|Kyurem|
|poke|p1|Weezing-Galar, F|
|poke|p2|Garganacl, F|
|poke|p2|Gliscor, F|
|poke|p2|Gholdengo|
|poke|p2|Ogerpon, F|
|poke|p2|Darkrai|
|poke|p2|Moltres|
|teampreview
|inactive|Battle timer is ON: inactive players will automatically lose when time's up. (requested by Hpoji)
|
|t:|1776332605
|teamsize|p1|6
|teamsize|p2|6
|start
|switch|p1a: 💤SlackOffIfUCan💤|Slaking, M|100/100
|switch|p2a: Ogerpon|Ogerpon, F|100/100
|turn|1
|
|t:|1776332613
|move|p2a: Ogerpon|U-turn|p1a: 💤SlackOffIfUCan💤
|-damage|p1a: 💤SlackOffIfUCan💤|82/100
|
|t:|1776332618
|switch|p2a: Gholdengo|Gholdengo|100/100|[from] U-turn
|-item|p2a: Gholdengo|Air Balloon
|move|p1a: 💤SlackOffIfUCan💤|Hammer Arm|p2a: Gholdengo
|-immune|p2a: Gholdengo
|
|upkeep
|turn|2
|
|t:|1776332629
|switch|p1a: Alomomola|Alomomola, M|100/100
|move|p2a: Gholdengo|Thunder Wave|p1a: Alomomola
|-status|p1a: Alomomola|par
|
|upkeep
|turn|3
|
|t:|1776332634
|switch|p2a: Gliscor|Gliscor, F|100/100
|cant|p1a: Alomomola|par
|
|-status|p2a: Gliscor|tox|[from] item: Toxic Orb
|upkeep
|turn|4
|
|t:|1776332645
|switch|p1a: Hydrapple|Hydrapple, F|100/100
|move|p2a: Gliscor|Knock Off|p1a: Hydrapple
|-damage|p1a: Hydrapple|89/100
|-damage|p2a: Gliscor|84/100 tox|[from] item: Rocky Helmet|[of] p1a: Hydrapple
|-enditem|p1a: Hydrapple|Rocky Helmet|[from] move: Knock Off|[of] p2a: Gliscor
|
|-heal|p2a: Gliscor|97/100 tox|[from] ability: Poison Heal
|upkeep
|turn|5
|
|t:|1776332654
|move|p2a: Gliscor|Toxic|p1a: Hydrapple|[miss]
|-miss|p2a: Gliscor|p1a: Hydrapple
|move|p1a: Hydrapple|Fickle Beam|p2a: Gliscor|[anim] Fickle Beam All Out
|-activate|p1a: Hydrapple|move: Fickle Beam
|-damage|p2a: Gliscor|46/100 tox
|
|-heal|p2a: Gliscor|58/100 tox|[from] ability: Poison Heal
|upkeep
|turn|6
|
|t:|1776332677
|move|p2a: Gliscor|Spikes|p1a: Hydrapple
|-sidestart|p1: ElChoupo92.I|Spikes
|move|p1a: Hydrapple|Fickle Beam|p2a: Gliscor
|-damage|p2a: Gliscor|33/100 tox
|
|-heal|p2a: Gliscor|45/100 tox|[from] ability: Poison Heal
|upkeep
|turn|7
|
|t:|1776332683
|move|p2a: Gliscor|Protect|p2a: Gliscor
|-singleturn|p2a: Gliscor|Protect
|move|p1a: Hydrapple|Nasty Plot|p1a: Hydrapple
|-boost|p1a: Hydrapple|spa|2
|
|-heal|p2a: Gliscor|58/100 tox|[from] ability: Poison Heal
|upkeep
|turn|8
|
|t:|1776332700
|switch|p2a: Moltres|Moltres|100/100
|move|p1a: Hydrapple|Fickle Beam|p2a: Moltres
|-damage|p2a: Moltres|37/100
|
|upkeep
|turn|9
|
|t:|1776332707
|move|p2a: Moltres|Flamethrower|p1a: Hydrapple
|-damage|p1a: Hydrapple|55/100
|move|p1a: Hydrapple|Fickle Beam|p2a: Moltres|[anim] Fickle Beam All Out
|-activate|p1a: Hydrapple|move: Fickle Beam
|-damage|p2a: Moltres|0 fnt
|faint|p2a: Moltres
|
|upkeep
|
|t:|1776332710
|switch|p2a: Darkrai|Darkrai|100/100
|turn|10
|
|t:|1776332720
|switch|p1a: Alomomola|Alomomola, M|100/100 par
|-damage|p1a: Alomomola|88/100 par|[from] Spikes
|move|p2a: Darkrai|Ice Beam|p1a: Alomomola
|-resisted|p1a: Alomomola
|-damage|p1a: Alomomola|80/100 par
|
|upkeep
|turn|11
|
|t:|1776332727
|move|p2a: Darkrai|Knock Off|p1a: Alomomola
|-damage|p1a: Alomomola|58/100 par
|-enditem|p1a: Alomomola|Assault Vest|[from] move: Knock Off|[of] p2a: Darkrai
|move|p1a: Alomomola|Body Slam|p2a: Darkrai
|-damage|p2a: Darkrai|80/100
|-status|p2a: Darkrai|par
|
|upkeep
|turn|12
|
|t:|1776332742
|move|p2a: Darkrai|Dark Pulse|p1a: Alomomola
|-damage|p1a: Alomomola|24/100 par
|move|p1a: Alomomola|Flip Turn|p2a: Darkrai
|-damage|p2a: Darkrai|57/100 par
|
|t:|1776332747
|switch|p1a: Dragapult|Dragapult, F|100/100|[from] Flip Turn
|-damage|p1a: Dragapult|88/100|[from] Spikes
|
|upkeep
|turn|13
|
|t:|1776332754
|switch|p2a: Garganacl|Garganacl, F|100/100
|move|p1a: Dragapult|U-turn|p2a: Garganacl
|-damage|p2a: Garganacl|76/100
|
|t:|1776332765
|switch|p1a: 💤SlackOffIfUCan💤|Slaking, M|82/100|[from] U-turn
|-damage|p1a: 💤SlackOffIfUCan💤|70/100|[from] Spikes
|
|-heal|p2a: Garganacl|82/100|[from] item: Leftovers
|upkeep
|turn|14
|
|t:|1776332770
|move|p2a: Garganacl|Protect|p2a: Garganacl
|-singleturn|p2a: Garganacl|Protect
|move|p1a: 💤SlackOffIfUCan💤|Knock Off|p2a: Garganacl
|-activate|p2a: Garganacl|move: Protect
|
|-heal|p2a: Garganacl|89/100|[from] item: Leftovers
|upkeep
|turn|15
|c|☆ElChoupo92.I|!dt purifying salt
|c|☆ElChoupo92.I|/raw <ul class="utilichart"><li class="result"><span class="col namecol"><a href="https://dex.pokemonshowdown.com/abilities/purifyingsalt">Purifying Salt</a></span> <span class="col abilitydesccol">Ghost damage to this Pokemon dealt with a halved offensive stat; can't be statused.</span> </li><li style="clear:both"></li></ul>
|c|☆ElChoupo92.I|/raw <font size="1"><font color="#686868">Gen:</font> 9&nbsp;|&ThickSpace;&#10003; Ignored by Mold Breaker</font>

|inactive|ElChoupo92.I has 120 seconds left.
|
|t:|1776332820
|switch|p1a: Hydrapple|Hydrapple, F|88/100
|-damage|p1a: Hydrapple|76/100|[from] Spikes
|move|p2a: Garganacl|Salt Cure|p1a: Hydrapple
|-damage|p1a: Hydrapple|69/100
|-start|p1a: Hydrapple|Salt Cure
|
|-heal|p2a: Garganacl|95/100|[from] item: Leftovers
|-damage|p1a: Hydrapple|56/100|[from] Salt Cure
|upkeep
|turn|16
|
|t:|1776332832
|switch|p1a: Alomomola|Alomomola, M|58/100 par
|-damage|p1a: Alomomola|45/100 par|[from] Spikes
|switch|p2a: Darkrai|Darkrai|57/100 par
|
|upkeep
|turn|17
|
|t:|1776332840
|move|p2a: Darkrai|Dark Pulse|p1a: Alomomola
|-damage|p1a: Alomomola|13/100 par
|move|p1a: Alomomola|Flip Turn|p2a: Darkrai
|-damage|p2a: Darkrai|36/100 par
|
|t:|1776332856
|switch|p1a: Dragapult|Dragapult, F|88/100|[from] Flip Turn
|-damage|p1a: Dragapult|76/100|[from] Spikes
|
|upkeep
|turn|18
|
|t:|1776332863
|move|p1a: Dragapult|Dragon Darts|p2a: Darkrai
|-damage|p2a: Darkrai|0 fnt
|faint|p2a: Darkrai
|
|upkeep
|
|t:|1776332866
|switch|p2a: Gholdengo|Gholdengo|100/100
|-item|p2a: Gholdengo|Air Balloon
|turn|19
|
|t:|1776332877
|switch|p1a: Alomomola|Alomomola, M|46/100 par
|-damage|p1a: Alomomola|34/100 par|[from] Spikes
|move|p2a: Gholdengo|Make It Rain|p1a: Alomomola
|-resisted|p1a: Alomomola
|-damage|p1a: Alomomola|16/100 par
|-unboost|p2a: Gholdengo|spa|1
|
|upkeep
|turn|20
|
|t:|1776332883
|move|p2a: Gholdengo|Hex|p1a: Alomomola
|-damage|p1a: Alomomola|0 fnt
|faint|p1a: Alomomola
|
|upkeep
|
|t:|1776332886
|switch|p1a: 💤SlackOffIfUCan💤|Slaking, M|70/100
|-damage|p1a: 💤SlackOffIfUCan💤|57/100|[from] Spikes
|turn|21
|
|t:|1776332893
|move|p1a: 💤SlackOffIfUCan💤|Knock Off|p2a: Gholdengo
|-supereffective|p2a: Gholdengo
|-damage|p2a: Gholdengo|47/100
|-enditem|p2a: Gholdengo|Air Balloon
|move|p2a: Gholdengo|Make It Rain|p1a: 💤SlackOffIfUCan💤
|-damage|p1a: 💤SlackOffIfUCan💤|17/100
|-unboost|p2a: Gholdengo|spa|1
|
|upkeep
|turn|22
|
|t:|1776332900
|cant|p1a: 💤SlackOffIfUCan💤|ability: Truant
|move|p2a: Gholdengo|Recover|p2a: Gholdengo
|-heal|p2a: Gholdengo|97/100
|
|upkeep
|turn|23
|
|t:|1776332907
|move|p1a: 💤SlackOffIfUCan💤|Knock Off|p2a: Gholdengo
|-supereffective|p2a: Gholdengo
|-damage|p2a: Gholdengo|61/100
|move|p2a: Gholdengo|Make It Rain|p1a: 💤SlackOffIfUCan💤
|-damage|p1a: 💤SlackOffIfUCan💤|0 fnt
|-unboost|p2a: Gholdengo|spa|1
|faint|p1a: 💤SlackOffIfUCan💤
|
|upkeep
|
|t:|1776332913
|switch|p1a: Kyurem|Kyurem|100/100
|-damage|p1a: Kyurem|88/100|[from] Spikes
|-ability|p1a: Kyurem|Pressure
|turn|24
|
|t:|1776332921
|switch|p2a: Gliscor|Gliscor, F|58/100 tox
|move|p1a: Kyurem|Substitute|p1a: Kyurem
|-start|p1a: Kyurem|Substitute
|-damage|p1a: Kyurem|63/100
|
|-heal|p1a: Kyurem|70/100|[from] item: Leftovers
|-heal|p2a: Gliscor|70/100 tox|[from] ability: Poison Heal
|upkeep
|turn|25
|
|t:|1776332934
|switch|p2a: Garganacl|Garganacl, F|95/100
|move|p1a: Kyurem|Freeze-Dry|p2a: Garganacl
|-damage|p2a: Garganacl|72/100
|
|-heal|p1a: Kyurem|76/100|[from] item: Leftovers
|-heal|p2a: Garganacl|78/100|[from] item: Leftovers
|upkeep
|turn|26
|
|t:|1776332941
|-terastallize|p1a: Kyurem|Steel
|move|p1a: Kyurem|Flash Cannon|p2a: Garganacl
|-supereffective|p2a: Garganacl
|-damage|p2a: Garganacl|24/100
|move|p2a: Garganacl|Stealth Rock|p1a: Kyurem
|-sidestart|p1: ElChoupo92.I|move: Stealth Rock
|
|-heal|p1a: Kyurem|82/100|[from] item: Leftovers
|-heal|p2a: Garganacl|30/100|[from] item: Leftovers
|upkeep
|turn|27
|
|t:|1776332949
|move|p2a: Garganacl|Protect|p2a: Garganacl
|-singleturn|p2a: Garganacl|Protect
|move|p1a: Kyurem|Flash Cannon|p2a: Garganacl
|-activate|p2a: Garganacl|move: Protect
|
|-heal|p1a: Kyurem|88/100|[from] item: Leftovers
|-heal|p2a: Garganacl|36/100|[from] item: Leftovers
|upkeep
|turn|28
|
|t:|1776332958
|switch|p2a: Gliscor|Gliscor, F|70/100 tox
|move|p1a: Kyurem|Flash Cannon|p2a: Gliscor
|-damage|p2a: Gliscor|37/100 tox
|
|-heal|p1a: Kyurem|94/100|[from] item: Leftovers
|-heal|p2a: Gliscor|49/100 tox|[from] ability: Poison Heal
|upkeep
|turn|29
|
|t:|1776332962
|move|p1a: Kyurem|Freeze-Dry|p2a: Gliscor
|-supereffective|p2a: Gliscor
|-damage|p2a: Gliscor|0 fnt
|faint|p2a: Gliscor
|
|-heal|p1a: Kyurem|99/100|[from] item: Leftovers
|upkeep
|
|t:|1776332965
|switch|p2a: Ogerpon|Ogerpon, F|100/100
|turn|30
|
|t:|1776332971
|move|p2a: Ogerpon|Encore|p1a: Kyurem
|-start|p1a: Kyurem|Encore
|move|p1a: Kyurem|Freeze-Dry|p2a: Ogerpon
|-supereffective|p2a: Ogerpon
|-damage|p2a: Ogerpon|20/100
|
|-heal|p1a: Kyurem|100/100|[from] item: Leftovers
|upkeep
|turn|31
|
|t:|1776332977
|move|p2a: Ogerpon|Knock Off|p1a: Kyurem
|-end|p1a: Kyurem|Substitute
|move|p1a: Kyurem|Freeze-Dry|p2a: Ogerpon
|-supereffective|p2a: Ogerpon
|-damage|p2a: Ogerpon|0 fnt
|faint|p2a: Ogerpon
|
|upkeep
|
|t:|1776332980
|switch|p2a: Gholdengo|Gholdengo|61/100
|turn|32
|
|t:|1776332989
|switch|p1a: Hydrapple|Hydrapple, F|90/100
|-damage|p1a: Hydrapple|77/100|[from] Spikes
|-damage|p1a: Hydrapple|65/100|[from] Stealth Rock
|move|p2a: Gholdengo|Thunder Wave|p1a: Hydrapple
|-status|p1a: Hydrapple|par
|
|upkeep
|turn|33
|
|t:|1776332995
|move|p2a: Gholdengo|Recover|p2a: Gholdengo
|-heal|p2a: Gholdengo|100/100
|cant|p1a: Hydrapple|par
|
|upkeep
|turn|34
|
|t:|1776332999
|move|p2a: Gholdengo|Hex|p1a: Hydrapple
|-damage|p1a: Hydrapple|7/100 par
|move|p1a: Hydrapple|Earth Power|p2a: Gholdengo
|-supereffective|p2a: Gholdengo
|-damage|p2a: Gholdengo|53/100
|
|upkeep
|turn|35
|
|t:|1776333002
|move|p2a: Gholdengo|Recover|p2a: Gholdengo
|-heal|p2a: Gholdengo|100/100
|cant|p1a: Hydrapple|par
|
|upkeep
|turn|36
|
|t:|1776333005
|move|p2a: Gholdengo|Hex|p1a: Hydrapple
|-damage|p1a: Hydrapple|0 fnt
|faint|p1a: Hydrapple
|
|upkeep
|
|t:|1776333018
|switch|p1a: Weezing|Weezing-Galar, F|100/100
|-ability|p1a: Weezing|Neutralizing Gas
|-damage|p1a: Weezing|88/100|[from] Spikes
|-damage|p1a: Weezing|76/100|[from] Stealth Rock
|turn|37
|
|t:|1776333022
|move|p2a: Gholdengo|Make It Rain|p1a: Weezing
|-supereffective|p1a: Weezing
|-damage|p1a: Weezing|0 fnt
|-unboost|p2a: Gholdengo|spa|1
|faint|p1a: Weezing
|-end|p1a: Weezing|ability: Neutralizing Gas
|
|upkeep
|
|t:|1776333025
|switch|p1a: Kyurem|Kyurem, tera:Steel|100/100
|-damage|p1a: Kyurem|88/100|[from] Spikes
|-damage|p1a: Kyurem|82/100|[from] Stealth Rock
|-ability|p1a: Kyurem|Pressure
|turn|38
|
|t:|1776333029
|move|p1a: Kyurem|Substitute|p1a: Kyurem
|-start|p1a: Kyurem|Substitute
|-damage|p1a: Kyurem|57/100
|move|p2a: Gholdengo|Hex|p1a: Kyurem
|-activate|p1a: Kyurem|move: Substitute|[damage]
|
|-heal|p1a: Kyurem|63/100|[from] item: Leftovers
|upkeep
|turn|39
|
|t:|1776333036
|switch|p2a: Garganacl|Garganacl, F|36/100
|move|p1a: Kyurem|Earth Power|p2a: Garganacl
|-supereffective|p2a: Garganacl
|-damage|p2a: Garganacl|0 fnt
|faint|p2a: Garganacl
|
|-heal|p1a: Kyurem|70/100|[from] item: Leftovers
|upkeep
|
|t:|1776333041
|switch|p2a: Gholdengo|Gholdengo|100/100
|turn|40
|
|t:|1776333044
|move|p1a: Kyurem|Earth Power|p2a: Gholdengo
|-supereffective|p2a: Gholdengo
|-damage|p2a: Gholdengo|40/100
|move|p2a: Gholdengo|Hex|p1a: Kyurem
|-end|p1a: Kyurem|Substitute
|
|-heal|p1a: Kyurem|76/100|[from] item: Leftovers
|upkeep
|turn|41
|
|t:|1776333047
|-terastallize|p2a: Gholdengo|Fairy
|move|p1a: Kyurem|Earth Power|p2a: Gholdengo
|-damage|p2a: Gholdengo|11/100
|move|p2a: Gholdengo|Hex|p1a: Kyurem
|-damage|p1a: Kyurem|49/100
|
|-heal|p1a: Kyurem|55/100|[from] item: Leftovers
|upkeep
|turn|42
|-message|Hpoji forfeited.
|
|win|ElChoupo92.I
|raw|ElChoupo92.I's rating: 1408 &rarr; <strong>1424</strong><br />(+16 for winning)
|raw|Hpoji's rating: 1344 &rarr; <strong>1328</strong><br />(-16 for losing)
|l|☆Hpoji
|player|p2|
|c|☆ElChoupo92.I|lol
