|html|<div class="broadcast-blue"><strong>[Gen 9] OU is currently suspecting Tera Blast! For information on how to participate check out the <a href="https://www.smogon.com/tools/suspects/view/200">suspect thread</a>.</strong></div>
|j|☆3idk
|j|☆luck is skilll
|t:|1776182916
|gametype|singles
|player|p1|3idk|cynthia-masters|1557
|player|p2|luck is skilll|265|1492
|gen|9
|tier|[Gen 9] OU
|rated|
|rule|HP Percentage Mod: HP is shown in percentages
|rule|Endless Battle Clause: Forcing endless battles is banned
|rule|Species Clause: Limit one of each Pokémon
|rule|OHKO Clause: OHKO moves are banned
|rule|Evasion Items Clause: Evasion items are banned
|rule|Evasion Moves Clause: Evasion moves are banned
|rule|Evasion Abilities Clause: Evasion abilities are banned
|rule|Sleep Moves Clause: Sleep-inducing moves are banned
|clearpoke
|poke|p1|Araquanid, M|
|poke|p1|Ceruledge, F|
|poke|p1|Enamorus, F|
|poke|p1|Iron Treads|
|poke|p1|Kingambit, F|
|poke|p1|Pecharunt|
|poke|p2|Okidogi, M|
|poke|p2|Dragonite, M|
|poke|p2|Samurott-Hisui, M|
|poke|p2|Dragapult, F|
|poke|p2|Kingambit, M|
|poke|p2|Gholdengo|
|teampreview
|inactive|Battle timer is ON: inactive players will automatically lose when time's up. (requested by 3idk)
|inactive|luck is skilll has 120 seconds left.
|
|t:|1776182955
|teamsize|p1|6
|teamsize|p2|6
|start
|switch|p1a: Goddess|Enamorus, F|100/100
|switch|p2a: Samurott|Samurott-Hisui, M|100/100
|turn|1
|inactive|3idk has 120 seconds left.
|inactive|3idk has 90 seconds left.
|
|t:|1776183029
|move|p1a: Goddess|Moonblast|p2a: Samurott
|-supereffective|p2a: Samurott
|-enditem|p2a: Samurott|Focus Sash
|-damage|p2a: Samurott|1/100
|move|p2a: Samurott|Ceaseless Edge|p1a: Goddess
|-resisted|p1a: Goddess
|-crit|p1a: Goddess
|-damage|p1a: Goddess|52/100
|-sidestart|p1: 3idk|Spikes
|
|upkeep
|turn|2
|
|t:|1776183037
|move|p2a: Samurott|Aqua Jet|p1a: Goddess
|-damage|p1a: Goddess|24/100
|move|p1a: Goddess|Moonblast|p2a: Samurott
|-supereffective|p2a: Samurott
|-damage|p2a: Samurott|0 fnt
|faint|p2a: Samurott
|
|upkeep
|
|t:|1776183042
|switch|p2a: Dragonite|Dragonite, M|100/100
|turn|3
|
|t:|1776183046
|switch|p1a: Bewitched|Pecharunt|100/100
|-item|p1a: Bewitched|Air Balloon
|move|p2a: Dragonite|Extreme Speed|p1a: Bewitched
|-immune|p1a: Bewitched
|
|upkeep
|turn|4
|inactive|3idk has 90 seconds left.
|inactive|luck is skilll has 120 seconds left.
|
|t:|1776183086
|switch|p2a: Gholdengo|Gholdengo|100/100
|move|p1a: Bewitched|Shadow Ball|p2a: Gholdengo
|-supereffective|p2a: Gholdengo
|-damage|p2a: Gholdengo|24/100
|-unboost|p2a: Gholdengo|spd|1
|
|upkeep
|turn|5
|
|t:|1776183090
|switch|p1a: Promise|Iron Treads|100/100
|-damage|p1a: Promise|88/100|[from] Spikes
|-enditem|p1a: Promise|Booster Energy
|-activate|p1a: Promise|ability: Quark Drive|[fromitem]
|-start|p1a: Promise|quarkdrivespe
|move|p2a: Gholdengo|Shadow Ball|p1a: Promise
|-damage|p1a: Promise|24/100
|
|upkeep
|turn|6
|
|t:|1776183094
|move|p1a: Promise|Stealth Rock|p2a: Gholdengo
|-sidestart|p2: luck is skilll|move: Stealth Rock
|move|p2a: Gholdengo|Shadow Ball|p1a: Promise
|-damage|p1a: Promise|0 fnt
|faint|p1a: Promise
|-end|p1a: Promise|Quark Drive|[silent]
|
|upkeep
|
|t:|1776183098
|switch|p1a: Misty|Araquanid, M|100/100
|-damage|p1a: Misty|88/100|[from] Spikes
|turn|7
|
|t:|1776183101
|move|p2a: Gholdengo|Shadow Ball|p1a: Misty
|-damage|p1a: Misty|53/100
|move|p1a: Misty|Sticky Web|p2a: Gholdengo
|-sidestart|p2: luck is skilll|move: Sticky Web
|
|upkeep
|turn|8
|
|t:|1776183104
|move|p2a: Gholdengo|Shadow Ball|p1a: Misty
|-damage|p1a: Misty|19/100
|move|p1a: Misty|Surf|p2a: Gholdengo
|-damage|p2a: Gholdengo|0 fnt
|faint|p2a: Gholdengo
|
|upkeep
|
|t:|1776183110
|switch|p2a: Dragonite|Dragonite, M|100/100
|turn|9
|
|t:|1776183114
|switch|p1a: Bewitched|Pecharunt|100/100
|-item|p1a: Bewitched|Air Balloon
|move|p2a: Dragonite|Extreme Speed|p1a: Bewitched
|-immune|p1a: Bewitched
|
|upkeep
|turn|10
|
|t:|1776183121
|switch|p1a: Misty|Araquanid, M|19/100
|-damage|p1a: Misty|7/100|[from] Spikes
|switch|p2a: Dragapult|Dragapult, F|100/100
|-damage|p2a: Dragapult|88/100|[from] Stealth Rock
|-activate|p2a: Dragapult|move: Sticky Web
|-fail|p2a: Dragapult|unboost|[from] ability: Clear Body|[of] p2a: Dragapult
|
|upkeep
|turn|11
|-enditem|p1a: Misty|Custap Berry|[eat]
|-activate|p1a: Misty|item: Custap Berry|[consumed]
|
|t:|1776183124
|switch|p2a: Dragonite|Dragonite, M|100/100
|move|p1a: Misty|Surf|p2a: Dragonite
|-resisted|p2a: Dragonite
|-damage|p2a: Dragonite|86/100
|
|upkeep
|turn|12
|
|t:|1776183130
|switch|p2a: Dragapult|Dragapult, F|88/100
|-damage|p2a: Dragapult|76/100|[from] Stealth Rock
|-activate|p2a: Dragapult|move: Sticky Web
|-fail|p2a: Dragapult|unboost|[from] ability: Clear Body|[of] p2a: Dragapult
|move|p1a: Misty|Endeavor|p2a: Dragapult
|-immune|p2a: Dragapult
|
|upkeep
|turn|13
|
|t:|1776183132
|move|p2a: Dragapult|Shadow Ball|p1a: Misty
|-damage|p1a: Misty|0 fnt
|faint|p1a: Misty
|
|upkeep
|
|t:|1776183137
|switch|p1a: Trouble|Kingambit, F|100/100
|-damage|p1a: Trouble|88/100|[from] Spikes
|-activate|p1a: Trouble|ability: Supreme Overlord
|-start|p1a: Trouble|fallen2|[silent]
|turn|14
|
|t:|1776183140
|move|p2a: Dragapult|Shadow Ball|p1a: Trouble
|-resisted|p1a: Trouble
|-damage|p1a: Trouble|59/100
|move|p1a: Trouble|Iron Head|p2a: Dragapult
|-damage|p2a: Dragapult|3/100
|
|upkeep
|turn|15
|
|t:|1776183145
|move|p2a: Dragapult|Shadow Ball|p1a: Trouble
|-resisted|p1a: Trouble
|-damage|p1a: Trouble|32/100
|move|p1a: Trouble|Kowtow Cleave|p2a: Dragapult
|-supereffective|p2a: Dragapult
|-damage|p2a: Dragapult|0 fnt
|faint|p2a: Dragapult
|
|upkeep
|
|t:|1776183147
|switch|p2a: Okidogi|Okidogi, M|100/100
|-damage|p2a: Okidogi|94/100|[from] Stealth Rock
|-activate|p2a: Okidogi|move: Sticky Web
|-unboost|p2a: Okidogi|spe|1
|turn|16
|
|t:|1776183152
|move|p1a: Trouble|Iron Head|p2a: Okidogi
|-damage|p2a: Okidogi|45/100
|move|p2a: Okidogi|Bulk Up|p2a: Okidogi
|-boost|p2a: Okidogi|atk|1
|-boost|p2a: Okidogi|def|1
|
|-heal|p2a: Okidogi|52/100|[from] item: Leftovers
|upkeep
|turn|17
|
|t:|1776183157
|move|p1a: Trouble|Iron Head|p2a: Okidogi
|-damage|p2a: Okidogi|20/100
|move|p2a: Okidogi|Drain Punch|p1a: Trouble
|-supereffective|p1a: Trouble
|-damage|p1a: Trouble|0 fnt
|-heal|p2a: Okidogi|34/100|[from] drain|[of] p1a: Trouble
|faint|p1a: Trouble
|-end|p1a: Trouble|fallen2|[silent]
|
|-heal|p2a: Okidogi|40/100|[from] item: Leftovers
|upkeep
|
|t:|1776183161
|switch|p1a: Goddess|Enamorus, F|24/100
|turn|18
|
|t:|1776183164
|move|p1a: Goddess|Moonblast|p2a: Okidogi
|-damage|p2a: Okidogi|0 fnt
|faint|p2a: Okidogi
|
|upkeep
|
|t:|1776183166
|switch|p2a: Dragonite|Dragonite, M|86/100
|turn|19
|
|t:|1776183169
|move|p1a: Goddess|Moonblast|p2a: Dragonite
|-supereffective|p2a: Dragonite
|-damage|p2a: Dragonite|0 fnt
|faint|p2a: Dragonite
|
|upkeep
|
|t:|1776183171
|switch|p2a: Kingambit|Kingambit, M|100/100
|-damage|p2a: Kingambit|94/100|[from] Stealth Rock
|-activate|p2a: Kingambit|move: Sticky Web
|-unboost|p2a: Kingambit|spe|1
|-activate|p2a: Kingambit|ability: Supreme Overlord
|-start|p2a: Kingambit|fallen5|[silent]
|turn|20
|
|t:|1776183173
|move|p2a: Kingambit|Sucker Punch|p1a: Goddess
|-resisted|p1a: Goddess
|-damage|p1a: Goddess|0 fnt
|faint|p1a: Goddess
|
|upkeep
|
|t:|1776183179
|switch|p1a: Bewitched|Pecharunt|100/100
|-item|p1a: Bewitched|Air Balloon
|turn|21
|
|t:|1776183182
|move|p1a: Bewitched|Destiny Bond|p1a: Bewitched
|-singlemove|p1a: Bewitched|Destiny Bond
|move|p2a: Kingambit|Kowtow Cleave|p1a: Bewitched
|-supereffective|p1a: Bewitched
|-damage|p1a: Bewitched|0 fnt
|-enditem|p1a: Bewitched|Air Balloon
|faint|p1a: Bewitched
|-activate|p1a: Bewitched|move: Destiny Bond
|faint|p2a: Kingambit
|-end|p2a: Kingambit|fallen5|[silent]
|
|win|3idk
|raw|3idk's rating: 1557 &rarr; <strong>1573</strong><br />(+16 for winning)
|raw|luck is skilll's rating: 1492 &rarr; <strong>1476</strong><br />(-16 for losing)
