|html|<div class="broadcast-blue"><strong>[Gen 9] OU is currently suspecting Tera Blast! For information on how to participate check out the <a href="https://www.smogon.com/tools/suspects/view/200">suspect thread</a>.</strong></div>
|j|☆DcBaker
|j|☆ViolaAntonier
|t:|1776221694
|gametype|singles
|player|p1|DcBaker|pokemonrangerf|1351
|player|p2|ViolaAntonier|266|1304
|gen|9
|tier|[Gen 9] OU
|rated|
|rule|HP Percentage Mod: HP is shown in percentages
|rule|Endless Battle Clause: Forcing endless battles is banned
|rule|Species Clause: Limit one of each Pokémon
|rule|OHKO Clause: OHKO moves are banned
|rule|Evasion Items Clause: Evasion items are banned
|rule|Evasion Moves Clause: Evasion moves are banned
|rule|Evasion Abilities Clause: Evasion abilities are banned
|rule|Sleep Moves Clause: Sleep-inducing moves are banned
|clearpoke
|poke|p1|Deoxys-Speed|
|poke|p1|Ceruledge, M|
|poke|p1|Zamazenta-*|
|poke|p1|Ogerpon-Wellspring, F|
|poke|p1|Glimmora, F|
|poke|p1|Moltres-Galar|
|poke|p2|Raging Bolt|
|poke|p2|Ogerpon-Wellspring, F|
|poke|p2|Great Tusk|
|poke|p2|Kyurem|
|poke|p2|Glimmora, F|
|poke|p2|Hatterene, F|
|teampreview
|inactive|Battle timer is ON: inactive players will automatically lose when time's up. (requested by DcBaker)
|
|t:|1776221699
|teamsize|p1|6
|teamsize|p2|6
|start
|switch|p1a: gimmie|Glimmora, F|100/100
|switch|p2a: Hatterene|Hatterene, F|100/100
|turn|1
|
|t:|1776221706
|move|p1a: gimmie|Meteor Beam||[still]
|-prepare|p1a: gimmie|Meteor Beam
|-boost|p1a: gimmie|spa|1
|-enditem|p1a: gimmie|Power Herb
|-anim|p1a: gimmie|Meteor Beam|p2a: Hatterene
|-damage|p2a: Hatterene|10/100
|move|p2a: Hatterene|Psychic Noise|p1a: gimmie
|-supereffective|p1a: gimmie
|-damage|p1a: gimmie|16/100
|-start|p1a: gimmie|move: Heal Block
|
|upkeep
|turn|2
|
|t:|1776221722
|move|p1a: gimmie|Mortal Spin|p2a: Hatterene
|-supereffective|p2a: Hatterene
|-damage|p2a: Hatterene|0 fnt
|-damage|p1a: gimmie|0 fnt|[from] item: Rocky Helmet|[of] p2a: Hatterene
|faint|p2a: Hatterene
|faint|p1a: gimmie
|
|upkeep
|
|t:|1776221735
|switch|p1a: DEO|Deoxys-Speed|100/100
|switch|p2a: Ogerpon|Ogerpon-Wellspring, F|100/100
|-ability|p1a: DEO|Pressure
|turn|3
|
|t:|1776221754
|switch|p1a: mo|Moltres-Galar|100/100
|move|p2a: Ogerpon|Ivy Cudgel|p1a: mo|[anim] Ivy Cudgel Water
|-damage|p1a: mo|30/100
|-ability|p1a: mo|Berserk|boost
|-boost|p1a: mo|spa|1
|-enditem|p1a: mo|Sitrus Berry|[eat]
|-heal|p1a: mo|55/100|[from] item: Sitrus Berry
|
|upkeep
|turn|4
|
|t:|1776221763
|move|p2a: Ogerpon|Ivy Cudgel|p1a: mo|[anim] Ivy Cudgel Water
|-crit|p1a: mo
|-damage|p1a: mo|0 fnt
|faint|p1a: mo
|
|upkeep
|
|t:|1776221769
|switch|p1a: Sara|Ceruledge, M|100/100
|turn|5
|
|t:|1776221776
|-terastallize|p1a: Sara|Ghost
|move|p2a: Ogerpon|Ivy Cudgel|p1a: Sara|[anim] Ivy Cudgel Water
|-damage|p1a: Sara|15/100
|-ability|p1a: Sara|Weak Armor|boost
|-unboost|p1a: Sara|def|1
|-boost|p1a: Sara|spe|2
|move|p1a: Sara|Poltergeist|p2a: Ogerpon
|-activate|p2a: Ogerpon|move: Poltergeist|Wellspring Mask
|-damage|p2a: Ogerpon|0 fnt
|faint|p2a: Ogerpon
|-damage|p1a: Sara|5/100|[from] item: Life Orb
|
|upkeep
|
|t:|1776221788
|switch|p2a: Glimmora|Glimmora, F|100/100
|turn|6
|
|t:|1776221792
|move|p1a: Sara|Poltergeist|p2a: Glimmora|[miss]
|-miss|p1a: Sara|p2a: Glimmora
|move|p2a: Glimmora|Stealth Rock|p1a: Sara
|-sidestart|p1: DcBaker|move: Stealth Rock
|
|upkeep
|turn|7
|
|t:|1776221803
|move|p1a: Sara|Poltergeist|p2a: Glimmora
|-activate|p2a: Glimmora|move: Poltergeist|Focus Sash
|-enditem|p2a: Glimmora|Focus Sash
|-damage|p2a: Glimmora|1/100
|-activate|p2a: Glimmora|ability: Toxic Debris
|-sidestart|p1: DcBaker|move: Toxic Spikes
|-damage|p1a: Sara|0 fnt|[from] item: Life Orb
|faint|p1a: Sara
|move|p2a: Glimmora|Power Gem|p1: Sara|[notarget]
|-fail|p2a: Glimmora
|
|upkeep
|
|t:|1776221811
|switch|p1a: DEO|Deoxys-Speed|100/100
|-damage|p1a: DEO|88/100|[from] Stealth Rock
|-status|p1a: DEO|psn
|-ability|p1a: DEO|Pressure
|turn|8
|
|t:|1776221821
|move|p1a: DEO|Reflect|p1a: DEO
|-sidestart|p1: DcBaker|Reflect
|move|p2a: Glimmora|Earth Power|p1a: DEO
|-damage|p1a: DEO|49/100 psn
|
|-damage|p1a: DEO|36/100 psn|[from] psn
|upkeep
|turn|9
|
|t:|1776221829
|move|p1a: DEO|Light Screen|p1a: DEO
|-sidestart|p1: DcBaker|move: Light Screen
|move|p2a: Glimmora|Earth Power|p1a: DEO
|-damage|p1a: DEO|18/100 psn
|
|-damage|p1a: DEO|6/100 psn|[from] psn
|upkeep
|turn|10
|
|t:|1776221835
|move|p1a: DEO|Psycho Boost|p2a: Glimmora
|-supereffective|p2a: Glimmora
|-damage|p2a: Glimmora|0 fnt
|-unboost|p1a: DEO|spa|2
|faint|p2a: Glimmora
|
|-damage|p1a: DEO|0 fnt|[from] psn
|faint|p1a: DEO
|upkeep
|
|t:|1776221849
|switch|p1a: ZAHM|Zamazenta|100/100
|switch|p2a: Great Tusk|Great Tusk|100/100
|-damage|p1a: ZAHM|94/100|[from] Stealth Rock
|-status|p1a: ZAHM|psn
|-ability|p1a: ZAHM|Dauntless Shield|boost
|-boost|p1a: ZAHM|def|1
|turn|11
|
|t:|1776221862
|move|p1a: ZAHM|Iron Defense|p1a: ZAHM
|-boost|p1a: ZAHM|def|2
|move|p2a: Great Tusk|Knock Off|p1a: ZAHM
|-resisted|p1a: ZAHM
|-damage|p1a: ZAHM|92/100 psn
|-enditem|p1a: ZAHM|Leftovers|[from] move: Knock Off|[of] p2a: Great Tusk
|
|-damage|p1a: ZAHM|79/100 psn|[from] psn
|upkeep
|turn|12
|
|t:|1776221871
|move|p1a: ZAHM|Iron Defense|p1a: ZAHM
|-boost|p1a: ZAHM|def|2
|move|p2a: Great Tusk|Headlong Rush|p1a: ZAHM
|-damage|p1a: ZAHM|73/100 psn
|-unboost|p2a: Great Tusk|def|1
|-unboost|p2a: Great Tusk|spd|1
|
|-damage|p1a: ZAHM|60/100 psn|[from] psn
|upkeep
|turn|13
|
|t:|1776221883
|move|p1a: ZAHM|Body Press|p2a: Great Tusk
|-damage|p2a: Great Tusk|0 fnt
|faint|p2a: Great Tusk
|-end|p2a: Great Tusk|Protosynthesis|[silent]
|
|-damage|p1a: ZAHM|48/100 psn|[from] psn
|upkeep
|
|t:|1776221893
|switch|p2a: Raging Bolt|Raging Bolt|100/100
|-enditem|p2a: Raging Bolt|Booster Energy
|-activate|p2a: Raging Bolt|ability: Protosynthesis|[fromitem]
|-start|p2a: Raging Bolt|protosynthesisspa
|turn|14
|
|t:|1776221900
|-terastallize|p2a: Raging Bolt|Fairy
|move|p1a: ZAHM|Body Press|p2a: Raging Bolt
|-resisted|p2a: Raging Bolt
|-damage|p2a: Raging Bolt|38/100
|move|p2a: Raging Bolt|Thunderbolt|p1a: ZAHM
|-damage|p1a: ZAHM|15/100 psn
|
|-damage|p1a: ZAHM|3/100 psn|[from] psn
|upkeep
|turn|15
|
|t:|1776221910
|move|p1a: ZAHM|Body Press|p2a: Raging Bolt
|-resisted|p2a: Raging Bolt
|-damage|p2a: Raging Bolt|0 fnt
|faint|p2a: Raging Bolt
|-end|p2a: Raging Bolt|Protosynthesis|[silent]
|
|-damage|p1a: ZAHM|0 fnt|[from] psn
|faint|p1a: ZAHM
|-sideend|p1: DcBaker|Reflect
|upkeep
|
|t:|1776221917
|switch|p1a: 1/151|Ogerpon-Wellspring, F|100/100
|switch|p2a: Kyurem|Kyurem|100/100
|-damage|p1a: 1/151|88/100|[from] Stealth Rock
|-status|p1a: 1/151|psn
|-ability|p2a: Kyurem|Pressure
|turn|16
|
|t:|1776221924
|move|p1a: 1/151|Play Rough|p2a: Kyurem
|-supereffective|p2a: Kyurem
|-damage|p2a: Kyurem|24/100
|move|p2a: Kyurem|Freeze-Dry|p1a: 1/151
|-supereffective|p1a: 1/151
|-damage|p1a: 1/151|0 fnt
|faint|p1a: 1/151
|
|win|ViolaAntonier
|raw|DcBaker's rating: 1351 &rarr; <strong>1328</strong><br />(-23 for losing)
|raw|ViolaAntonier's rating: 1304 &rarr; <strong>1327</strong><br />(+23 for winning)
