|html|<div class="broadcast-blue"><strong>[Gen 9] OU is currently suspecting Volcarona! For information on how to participate check out the <a href="https://www.smogon.com/tools/suspects/view/208">suspect thread</a>.</strong></div>
|j|☆adiadimeter
|j|☆Wafffkfkjjjyhg
|t:|1778516370
|gametype|singles
|player|p1|adiadimeter|janitor|1211
|player|p2|Wafffkfkjjjyhg|1|1242
|gen|9
|tier|[Gen 9] OU
|rated|
|rule|HP Percentage Mod: HP is shown in percentages
|rule|Endless Battle Clause: Forcing endless battles is banned
|rule|Species Clause: Limit one of each Pokémon
|rule|OHKO Clause: OHKO moves are banned
|rule|Evasion Items Clause: Evasion items are banned
|rule|Evasion Moves Clause: Evasion moves are banned
|rule|Evasion Abilities Clause: Evasion abilities are banned
|rule|Sleep Moves Clause: Sleep-inducing moves are banned
|clearpoke
|poke|p1|Dragapult, M|
|poke|p1|Deoxys-Speed|
|poke|p1|Cresselia, F|
|poke|p1|Duraludon, F|
|poke|p1|Toedscruel, F|
|poke|p1|Granbull, M|
|poke|p2|Chansey, F|
|poke|p2|Dragonite, F|
|poke|p2|Mandibuzz, F|
|poke|p2|Ceruledge, M|
|poke|p2|Heatran, M|
|poke|p2|Serperior, M|
|teampreview
|inactive|Battle timer is ON: inactive players will automatically lose when time's up. (requested by adiadimeter)
|
|t:|1778516378
|teamsize|p1|6
|teamsize|p2|6
|start
|switch|p1a: Duraludon|Duraludon, F|100/100
|switch|p2a: Mandibuzz|Mandibuzz, F|100/100
|turn|1
|
|t:|1778516386
|switch|p2a: Chansey|Chansey, F|100/100
|move|p1a: Duraludon|Thunderbolt|p2a: Chansey
|-damage|p2a: Chansey|92/100
|
|upkeep
|turn|2
|
|t:|1778516393
|move|p1a: Duraludon|Body Press|p2a: Chansey
|-supereffective|p2a: Chansey
|-damage|p2a: Chansey|54/100
|move|p2a: Chansey|Stealth Rock|p1a: Duraludon
|-sidestart|p1: adiadimeter|move: Stealth Rock
|
|upkeep
|turn|3
|
|t:|1778516402
|move|p1a: Duraludon|Thunderbolt|p2a: Chansey
|-damage|p2a: Chansey|46/100
|move|p2a: Chansey|Soft-Boiled|p2a: Chansey
|-heal|p2a: Chansey|96/100
|
|upkeep
|turn|4
|
|t:|1778516409
|move|p1a: Duraludon|Body Press|p2a: Chansey
|-supereffective|p2a: Chansey
|-damage|p2a: Chansey|62/100
|move|p2a: Chansey|Thunder Wave|p1a: Duraludon
|-status|p1a: Duraludon|par
|
|upkeep
|turn|5
|
|t:|1778516416
|move|p2a: Chansey|Seismic Toss|p1a: Duraludon
|-damage|p1a: Duraludon|65/100 par
|move|p1a: Duraludon|Body Press|p2a: Chansey
|-supereffective|p2a: Chansey
|-crit|p2a: Chansey
|-damage|p2a: Chansey|13/100
|
|upkeep
|turn|6
|
|t:|1778516429
|switch|p1a: Granbull|Granbull, M|100/100
|-damage|p1a: Granbull|88/100|[from] Stealth Rock
|move|p2a: Chansey|Soft-Boiled|p2a: Chansey
|-heal|p2a: Chansey|63/100
|
|-status|p1a: Granbull|tox|[from] item: Toxic Orb
|upkeep
|turn|7
|
|t:|1778516439
|switch|p2a: Heatran|Heatran, M|100/100
|move|p1a: Granbull|Facade|p2a: Heatran
|-resisted|p2a: Heatran
|-damage|p2a: Heatran|83/100
|
|-heal|p2a: Heatran|89/100|[from] item: Leftovers
|-damage|p1a: Granbull|82/100 tox|[from] psn
|upkeep
|turn|8
|
|t:|1778516449
|move|p1a: Granbull|Earthquake|p2a: Heatran
|-supereffective|p2a: Heatran
|-damage|p2a: Heatran|0 fnt
|faint|p2a: Heatran
|
|-damage|p1a: Granbull|69/100 tox|[from] psn
|upkeep
|
|t:|1778516457
|switch|p2a: Ceruledge|Ceruledge, M|100/100
|turn|9
|
|t:|1778516466
|move|p1a: Granbull|Earthquake|p2a: Ceruledge
|-supereffective|p2a: Ceruledge
|-damage|p2a: Ceruledge|16/100
|-ability|p2a: Ceruledge|Weak Armor|boost
|-unboost|p2a: Ceruledge|def|1
|-boost|p2a: Ceruledge|spe|2
|move|p2a: Ceruledge|Swords Dance|p2a: Ceruledge
|-boost|p2a: Ceruledge|atk|2
|
|-damage|p1a: Granbull|51/100 tox|[from] psn
|upkeep
|turn|10
|
|t:|1778516478
|move|p2a: Ceruledge|Bitter Blade|p1a: Granbull
|-damage|p1a: Granbull|0 fnt
|-heal|p2a: Ceruledge|43/100|[from] drain|[of] p1a: Granbull
|faint|p1a: Granbull
|
|upkeep
|-message|adiadimeter forfeited.
|
|win|Wafffkfkjjjyhg
|raw|adiadimeter's rating: 1211 &rarr; <strong>1188</strong><br />(-23 for losing)
|raw|Wafffkfkjjjyhg's rating: 1242 &rarr; <strong>1265</strong><br />(+23 for winning)
|l|☆adiadimeter
|player|p1|
|l|☆Wafffkfkjjjyhg
|player|p2|
