|html|<div class="broadcast-blue"><strong>[Gen 9] OU is currently suspecting Tera Blast! For information on how to participate check out the <a href="https://www.smogon.com/tools/suspects/view/200">suspect thread</a>.</strong></div>
|j|☆paparote
|j|☆Draydin
|t:|1776250607
|gametype|singles
|player|p1|paparote|hilbert|1101
|player|p2|Draydin|dahlia|1058
|gen|9
|tier|[Gen 9] OU
|rated|
|rule|HP Percentage Mod: HP is shown in percentages
|rule|Endless Battle Clause: Forcing endless battles is banned
|rule|Species Clause: Limit one of each Pokémon
|rule|OHKO Clause: OHKO moves are banned
|rule|Evasion Items Clause: Evasion items are banned
|rule|Evasion Moves Clause: Evasion moves are banned
|rule|Evasion Abilities Clause: Evasion abilities are banned
|rule|Sleep Moves Clause: Sleep-inducing moves are banned
|clearpoke
|poke|p1|Dondozo, M|
|poke|p1|Blissey, F|
|poke|p1|Corviknight, M|
|poke|p1|Weezing-Galar, M|
|poke|p1|Gliscor, F|
|poke|p1|Toxapex, M|
|poke|p2|Golurk|
|poke|p2|Moltres-Galar|
|poke|p2|Florges-White, F|
|poke|p2|Galvantula, M|
|poke|p2|Alomomola, M|
|poke|p2|Mienshao, F|
|teampreview
|inactive|Battle timer is ON: inactive players will automatically lose when time's up. (requested by Draydin)
|inactive|Draydin has 120 seconds left.
|
|t:|1776250659
|teamsize|p1|6
|teamsize|p2|6
|start
|switch|p1a: Gliscor|Gliscor, F|100/100
|switch|p2a: Mienshao|Mienshao, F, shiny|100/100
|turn|1
|
|t:|1776250669
|move|p2a: Mienshao|Knock Off|p1a: Gliscor
|-damage|p1a: Gliscor|74/100
|-enditem|p1a: Gliscor|Toxic Orb|[from] move: Knock Off|[of] p2a: Mienshao
|move|p1a: Gliscor|Spikes|p2a: Mienshao
|-sidestart|p2: Draydin|Spikes
|
|upkeep
|turn|2
|
|t:|1776250682
|move|p1a: Gliscor|Protect|p1a: Gliscor
|-singleturn|p1a: Gliscor|Protect
|move|p2a: Mienshao|U-turn|p1a: Gliscor
|-activate|p1a: Gliscor|move: Protect
|
|upkeep
|turn|3
|
|t:|1776250699
|move|p2a: Mienshao|U-turn|p1a: Gliscor
|-resisted|p1a: Gliscor
|-crit|p1a: Gliscor
|-damage|p1a: Gliscor|61/100
|
|t:|1776250720
|switch|p2a: Alomomola|Alomomola, M|100/100|[from] U-turn
|-damage|p2a: Alomomola|88/100|[from] Spikes
|move|p1a: Gliscor|Earthquake|p2a: Alomomola
|-damage|p2a: Alomomola|71/100
|
|-heal|p2a: Alomomola|77/100|[from] item: Leftovers
|upkeep
|turn|4
|
|t:|1776250738
|-terastallize|p1a: Gliscor|Water
|move|p1a: Gliscor|Knock Off|p2a: Alomomola
|-damage|p2a: Alomomola|66/100
|-enditem|p2a: Alomomola|Leftovers|[from] move: Knock Off|[of] p1a: Gliscor
|move|p2a: Alomomola|Flip Turn|p1a: Gliscor
|-resisted|p1a: Gliscor
|-damage|p1a: Gliscor|54/100
|
|t:|1776250751
|switch|p2a: Galvantula|Galvantula, M, shiny|100/100|[from] Flip Turn
|
|upkeep
|turn|5
|
|t:|1776250766
|move|p2a: Galvantula|Sticky Web|p1a: Gliscor
|-sidestart|p1: paparote|move: Sticky Web
|move|p1a: Gliscor|Knock Off|p2a: Galvantula
|-damage|p2a: Galvantula|62/100
|-enditem|p2a: Galvantula|Heavy-Duty Boots|[from] move: Knock Off|[of] p1a: Gliscor
|
|upkeep
|turn|6
|
|t:|1776250779
|move|p2a: Galvantula|Volt Switch|p1a: Gliscor
|-supereffective|p1a: Gliscor
|-damage|p1a: Gliscor|8/100
|inactive|Draydin has 120 seconds left.
|
|t:|1776250794
|switch|p2a: Mienshao|Mienshao, F, shiny|100/100|[from] Volt Switch
|move|p1a: Gliscor|Spikes|p2a: Mienshao
|-sidestart|p2: Draydin|Spikes
|
|upkeep
|turn|7
|
|t:|1776250805
|move|p1a: Gliscor|Protect|p1a: Gliscor
|-singleturn|p1a: Gliscor|Protect
|move|p2a: Mienshao|U-turn|p1a: Gliscor
|-activate|p1a: Gliscor|move: Protect
|
|upkeep
|turn|8
|
|t:|1776250815
|switch|p1a: Corviknight|Corviknight, M|100/100
|-ability|p1a: Corviknight|Pressure
|move|p2a: Mienshao|U-turn|p1a: Corviknight
|-resisted|p1a: Corviknight
|-damage|p1a: Corviknight|97/100
|
|t:|1776250828
|switch|p2a: Galvantula|Galvantula, M, shiny|62/100|[from] U-turn
|-damage|p2a: Galvantula|46/100|[from] Spikes
|
|-heal|p1a: Corviknight|100/100|[from] item: Leftovers
|upkeep
|turn|9
|
|t:|1776250847
|move|p2a: Galvantula|Thunder|p1a: Corviknight|[miss]
|-miss|p2a: Galvantula|p1a: Corviknight
|move|p1a: Corviknight|Iron Defense|p1a: Corviknight
|-boost|p1a: Corviknight|def|2
|
|upkeep
|turn|10
|
|t:|1776250861
|move|p2a: Galvantula|Thunder|p1a: Corviknight
|-supereffective|p1a: Corviknight
|-damage|p1a: Corviknight|7/100
|-status|p1a: Corviknight|par
|move|p1a: Corviknight|Body Press|p2a: Galvantula
|-resisted|p2a: Galvantula
|-damage|p2a: Galvantula|0 fnt
|faint|p2a: Galvantula
|
|-heal|p1a: Corviknight|13/100 par|[from] item: Leftovers
|upkeep
|inactive|Draydin has 120 seconds left.
|
|t:|1776250880
|switch|p2a: Moltres|Moltres-Galar, shiny|100/100
|turn|11
|inactive|Draydin has 120 seconds left.
|
|t:|1776250901
|move|p2a: Moltres|Fiery Wrath|p1a: Corviknight
|-damage|p1a: Corviknight|0 fnt
|faint|p1a: Corviknight
|
|upkeep
|
|t:|1776250923
|switch|p1a: Blissey|Blissey, F|100/100
|-activate|p1a: Blissey|move: Sticky Web
|-unboost|p1a: Blissey|spe|1
|turn|12
|inactive|Draydin has 120 seconds left.
|
|t:|1776250935
|switch|p2a: Alomomola|Alomomola, M|99/100
|-damage|p2a: Alomomola|83/100|[from] Spikes
|move|p1a: Blissey|Stealth Rock|p2a: Alomomola
|-sidestart|p2: Draydin|move: Stealth Rock
|
|upkeep
|turn|13
|
|t:|1776250943
|move|p2a: Alomomola|Whirlpool|p1a: Blissey
|-damage|p1a: Blissey|99/100
|-activate|p1a: Blissey|move: Whirlpool|[of] p2a: Alomomola
|move|p1a: Blissey|Seismic Toss|p2a: Alomomola
|-damage|p2a: Alomomola|64/100
|
|-heal|p1a: Blissey|100/100|[from] item: Leftovers
|-damage|p1a: Blissey|88/100|[from] move: Whirlpool|[partiallytrapped]
|upkeep
|turn|14
|
|t:|1776250954
|move|p2a: Alomomola|Wish|p2a: Alomomola
|move|p1a: Blissey|Calm Mind|p1a: Blissey
|-boost|p1a: Blissey|spa|1
|-boost|p1a: Blissey|spd|1
|
|-heal|p1a: Blissey|94/100|[from] item: Leftovers
|-damage|p1a: Blissey|82/100|[from] move: Whirlpool|[partiallytrapped]
|upkeep
|turn|15
|
|t:|1776250961
|move|p2a: Alomomola|Scald|p1a: Blissey
|-damage|p1a: Blissey|79/100
|-status|p1a: Blissey|brn
|move|p1a: Blissey|Calm Mind|p1a: Blissey
|-boost|p1a: Blissey|spa|1
|-boost|p1a: Blissey|spd|1
|
|-heal|p2a: Alomomola|100/100|[from] move: Wish|[wisher] Alomomola
|-heal|p1a: Blissey|85/100 brn|[from] item: Leftovers
|-damage|p1a: Blissey|79/100 brn|[from] brn
|-damage|p1a: Blissey|66/100 brn|[from] move: Whirlpool|[partiallytrapped]
|upkeep
|turn|16
|
|t:|1776250977
|move|p2a: Alomomola|Wish|p2a: Alomomola
|move|p1a: Blissey|Seismic Toss|p2a: Alomomola
|-damage|p2a: Alomomola|82/100
|
|-heal|p1a: Blissey|72/100 brn|[from] item: Leftovers
|-damage|p1a: Blissey|66/100 brn|[from] brn
|-damage|p1a: Blissey|54/100 brn|[from] move: Whirlpool|[partiallytrapped]
|upkeep
|turn|17
|
|t:|1776250986
|move|p2a: Alomomola|Scald|p1a: Blissey
|-damage|p1a: Blissey|51/100 brn
|move|p1a: Blissey|Soft-Boiled|p1a: Blissey
|-heal|p1a: Blissey|100/100 brn
|
|-heal|p2a: Alomomola|100/100|[from] move: Wish|[wisher] Alomomola
|-damage|p1a: Blissey|94/100 brn|[from] brn
|-end|p1a: Blissey|Whirlpool|[partiallytrapped]
|upkeep
|turn|18
|c|☆paparote|boring
|
|t:|1776251013
|switch|p2a: Mienshao|Mienshao, F, shiny|100/100
|move|p1a: Blissey|Seismic Toss|p2a: Mienshao
|-damage|p2a: Mienshao|64/100
|
|-heal|p1a: Blissey|100/100 brn|[from] item: Leftovers
|-damage|p1a: Blissey|94/100 brn|[from] brn
|upkeep
|turn|19
|
|t:|1776251025
|move|p2a: Mienshao|Knock Off|p1a: Blissey
|-damage|p1a: Blissey|62/100 brn
|-enditem|p1a: Blissey|Leftovers|[from] move: Knock Off|[of] p2a: Mienshao
|move|p1a: Blissey|Seismic Toss|p2a: Mienshao
|-damage|p2a: Mienshao|27/100
|
|-damage|p1a: Blissey|56/100 brn|[from] brn
|upkeep
|turn|20
|
|t:|1776251034
|move|p2a: Mienshao|High Jump Kick|p1a: Blissey
|-supereffective|p1a: Blissey
|-damage|p1a: Blissey|0 fnt
|faint|p1a: Blissey
|
|upkeep
|
|t:|1776251042
|switch|p1a: Weezing|Weezing-Galar, M|100/100
|-ability|p1a: Weezing|Neutralizing Gas
|turn|21
|
|t:|1776251066
|move|p2a: Mienshao|U-turn|p1a: Weezing
|-resisted|p1a: Weezing
|-damage|p1a: Weezing|97/100
|inactive|Draydin has 120 seconds left.
|
|t:|1776251081
|switch|p2a: Golurk|Golurk, shiny|100/100|[from] U-turn
|-damage|p2a: Golurk|84/100|[from] Spikes
|-damage|p2a: Golurk|78/100|[from] Stealth Rock
|move|p1a: Weezing|Will-O-Wisp|p2a: Golurk
|-status|p2a: Golurk|brn
|
|-damage|p2a: Golurk|72/100 brn|[from] brn
|upkeep
|turn|22
|inactive|Draydin has 120 seconds left.
|
|t:|1776251114
|move|p1a: Weezing|Toxic Spikes|p2a: Golurk
|-sidestart|p2: Draydin|move: Toxic Spikes
|move|p2a: Golurk|Earthquake|p1a: Weezing
|-supereffective|p1a: Weezing
|-damage|p1a: Weezing|59/100
|
|-damage|p2a: Golurk|66/100 brn|[from] brn
|upkeep
|turn|23
|inactive|paparote has 120 seconds left.
|
|t:|1776251135
|move|p1a: Weezing|Defog|p2a: Golurk
|-unboost|p2a: Golurk|evasion|1
|-sideend|p2: Draydin|Spikes|[from] move: Defog|[of] p1a: Weezing
|-sideend|p2: Draydin|Toxic Spikes|[from] move: Defog|[of] p1a: Weezing
|-sideend|p2: Draydin|Stealth Rock|[from] move: Defog|[of] p1a: Weezing
|-sideend|p1: paparote|Sticky Web|[from] move: Defog|[of] p1a: Weezing
|move|p2a: Golurk|Earthquake|p1a: Weezing
|-supereffective|p1a: Weezing
|-damage|p1a: Weezing|19/100
|
|-damage|p2a: Golurk|60/100 brn|[from] brn
|upkeep
|turn|24
|inactive|paparote has 120 seconds left.
|inactive|Draydin has 90 seconds left.
|
|t:|1776251155
|move|p1a: Weezing|Pain Split|p2a: Golurk
|-sethp|p2a: Golurk|38/100 brn|[from] move: Pain Split|[silent]
|-sethp|p1a: Weezing|44/100|[from] move: Pain Split
|move|p2a: Golurk|Earthquake|p1a: Weezing
|-supereffective|p1a: Weezing
|-crit|p1a: Weezing
|-damage|p1a: Weezing|0 fnt
|faint|p1a: Weezing
|-end|p1a: Weezing|ability: Neutralizing Gas
|
|-damage|p2a: Golurk|32/100 brn|[from] brn
|upkeep
|inactive|paparote has 120 seconds left.
|
|t:|1776251171
|switch|p1a: Dondozo|Dondozo, M|100/100
|turn|25
|inactive|Draydin has 90 seconds left.
|inactive|Draydin has 60 seconds left.
|
|t:|1776251225
|switch|p2a: Mienshao|Mienshao, F, shiny|27/100
|move|p1a: Dondozo|Avalanche|p2a: Mienshao
|-damage|p2a: Mienshao|2/100
|
|upkeep
|turn|26
|inactive|paparote has 120 seconds left.
|
|t:|1776251251
|move|p2a: Mienshao|Fake Out|p1a: Dondozo
|-damage|p1a: Dondozo|95/100
|cant|p1a: Dondozo|flinch
|
|-heal|p1a: Dondozo|100/100|[from] item: Leftovers
|upkeep
|turn|27
|
|t:|1776251263
|move|p2a: Mienshao|U-turn|p1a: Dondozo
|-damage|p1a: Dondozo|90/100
|inactive|Draydin has 60 seconds left.
|
|t:|1776251300
|switch|p2a: Florges|Florges-White, F, shiny|100/100|[from] U-turn
|move|p1a: Dondozo|Body Press|p2a: Florges
|-resisted|p2a: Florges
|-damage|p2a: Florges|81/100
|
|-heal|p2a: Florges|87/100|[from] item: Leftovers
|-heal|p1a: Dondozo|96/100|[from] item: Leftovers
|upkeep
|turn|28
|
|t:|1776251320
|move|p2a: Florges|Wish|p2a: Florges
|move|p1a: Dondozo|Avalanche|p2a: Florges
|-damage|p2a: Florges|68/100
|
|-heal|p2a: Florges|74/100|[from] item: Leftovers
|-heal|p1a: Dondozo|100/100|[from] item: Leftovers
|upkeep
|turn|29
|
|t:|1776251326
|move|p2a: Florges|Calm Mind|p2a: Florges
|-boost|p2a: Florges|spa|1
|-boost|p2a: Florges|spd|1
|move|p1a: Dondozo|Avalanche|p2a: Florges
|-damage|p2a: Florges|55/100
|
|-heal|p2a: Florges|100/100|[from] move: Wish|[wisher] Florges
|upkeep
|turn|30
|
|t:|1776251335
|move|p2a: Florges|Calm Mind|p2a: Florges
|-boost|p2a: Florges|spa|1
|-boost|p2a: Florges|spd|1
|move|p1a: Dondozo|Avalanche|p2a: Florges
|-damage|p2a: Florges|81/100
|
|-heal|p2a: Florges|87/100|[from] item: Leftovers
|upkeep
|turn|31
|inactive|Draydin has 60 seconds left.
|
|t:|1776251343
|switch|p1a: Toxapex|Toxapex, M|100/100
|move|p2a: Florges|Calm Mind|p2a: Florges
|-boost|p2a: Florges|spa|1
|-boost|p2a: Florges|spd|1
|
|-heal|p2a: Florges|93/100|[from] item: Leftovers
|upkeep
|turn|32
|inactive|paparote has 120 seconds left.
|inactive|Draydin has 60 seconds left.
|
|t:|1776251356
|move|p2a: Florges|Stored Power|p1a: Toxapex
|-supereffective|p1a: Toxapex
|-damage|p1a: Toxapex|0 fnt
|faint|p1a: Toxapex
|
|-heal|p2a: Florges|99/100|[from] item: Leftovers
|upkeep
|-message|paparote forfeited.
|
|win|Draydin
|raw|paparote's rating: 1101 &rarr; <strong>1073</strong><br />(-28 for losing)
|raw|Draydin's rating: 1058 &rarr; <strong>1093</strong><br />(+35 for winning)
|l|☆paparote
|player|p1|
