|html|<div class="broadcast-blue"><strong>[Gen 9] OU is currently suspecting Tera Blast! For information on how to participate check out the <a href="https://www.smogon.com/tools/suspects/view/200">suspect thread</a>.</strong></div>
|j|☆findamental
|j|☆baller salsa
|t:|1776066215
|gametype|singles
|player|p1|findamental|plasmagrunt|1313
|player|p2|baller salsa|veteran|1288
|gen|9
|tier|[Gen 9] OU
|rated|
|rule|HP Percentage Mod: HP is shown in percentages
|rule|Endless Battle Clause: Forcing endless battles is banned
|rule|Species Clause: Limit one of each Pokémon
|rule|OHKO Clause: OHKO moves are banned
|rule|Evasion Items Clause: Evasion items are banned
|rule|Evasion Moves Clause: Evasion moves are banned
|rule|Evasion Abilities Clause: Evasion abilities are banned
|rule|Sleep Moves Clause: Sleep-inducing moves are banned
|clearpoke
|poke|p1|Raikou|
|poke|p1|Entei|
|poke|p1|Regirock|
|poke|p1|Registeel|
|poke|p1|Regice|
|poke|p1|Suicune|
|poke|p2|Glimmora, M|
|poke|p2|Ogerpon-Wellspring, F|
|poke|p2|Kingambit, F|
|poke|p2|Raging Bolt|
|poke|p2|Ceruledge, M|
|poke|p2|Iron Valiant|
|teampreview
|c|☆findamental|glhf
|c|☆baller salsa|glhf
|
|t:|1776066230
|teamsize|p1|6
|teamsize|p2|6
|start
|switch|p1a: Registeel|Registeel|100/100
|switch|p2a: ayman|Ceruledge, M|100/100
|turn|1
|
|t:|1776066234
|move|p2a: ayman|Swords Dance|p2a: ayman
|-boost|p2a: ayman|atk|2
|move|p1a: Registeel|Zap Cannon|p2a: ayman
|-damage|p2a: ayman|73/100
|-status|p2a: ayman|par
|
|upkeep
|turn|2
|
|t:|1776066245
|switch|p1a: UN UN UN UN|Regirock|100/100
|move|p2a: ayman|Bitter Blade|p1a: UN UN UN UN
|-resisted|p1a: UN UN UN UN
|-damage|p1a: UN UN UN UN|79/100
|-heal|p2a: ayman|86/100 par|[from] drain|[of] p1a: UN UN UN UN
|
|-heal|p1a: UN UN UN UN|85/100|[from] item: Leftovers
|upkeep
|turn|3
|
|t:|1776066252
|move|p1a: UN UN UN UN|Curse|p1a: UN UN UN UN
|-unboost|p1a: UN UN UN UN|spe|1
|-boost|p1a: UN UN UN UN|atk|1
|-boost|p1a: UN UN UN UN|def|1
|cant|p2a: ayman|par
|
|-heal|p1a: UN UN UN UN|91/100|[from] item: Leftovers
|upkeep
|turn|4
|
|t:|1776066262
|move|p2a: ayman|Poltergeist|p1a: UN UN UN UN
|-activate|p1a: UN UN UN UN|move: Poltergeist|Leftovers
|-damage|p1a: UN UN UN UN|59/100
|move|p1a: UN UN UN UN|Curse|p1a: UN UN UN UN
|-unboost|p1a: UN UN UN UN|spe|1
|-boost|p1a: UN UN UN UN|atk|1
|-boost|p1a: UN UN UN UN|def|1
|
|-heal|p1a: UN UN UN UN|65/100|[from] item: Leftovers
|upkeep
|turn|5
|
|t:|1776066269
|switch|p2a: starting|Glimmora, M|100/100
|move|p1a: UN UN UN UN|Sand Tomb|p2a: starting
|-supereffective|p2a: starting
|-damage|p2a: starting|23/100
|-activate|p2a: starting|move: Sand Tomb|[of] p1a: UN UN UN UN
|-activate|p2a: starting|ability: Toxic Debris
|-sidestart|p1: findamental|move: Toxic Spikes
|
|-heal|p1a: UN UN UN UN|71/100|[from] item: Leftovers
|-damage|p2a: starting|11/100|[from] move: Sand Tomb|[partiallytrapped]
|upkeep
|turn|6
|
|t:|1776066288
|switch|p1a: Regice|Regice|100/100
|move|p2a: starting|Mortal Spin|p1a: Regice
|-damage|p1a: Regice|95/100
|-status|p1a: Regice|psn
|-end|p2a: starting|Sand Tomb|[partiallytrapped]
|
|-damage|p1a: Regice|83/100 psn|[from] psn
|upkeep
|turn|7
|
|t:|1776066294
|move|p2a: starting|Stealth Rock|p1a: Regice
|-sidestart|p1: findamental|move: Stealth Rock
|move|p1a: Regice|Ice Beam|p2a: starting
|-damage|p2a: starting|0 fnt
|faint|p2a: starting
|
|-damage|p1a: Regice|71/100 psn|[from] psn
|upkeep
|
|t:|1776066303
|switch|p2a: ayman|Ceruledge, M|86/100 par
|turn|8
|
|t:|1776066322
|-terastallize|p1a: Regice|Ghost
|move|p1a: Regice|Tera Blast|p2a: ayman|[anim] Tera Blast Ghost
|-supereffective|p2a: ayman
|-damage|p2a: ayman|0 fnt
|faint|p2a: ayman
|
|-damage|p1a: Regice|58/100 psn|[from] psn
|upkeep
|
|t:|1776066331
|switch|p2a: gambit|Kingambit, F|100/100
|-activate|p2a: gambit|ability: Supreme Overlord
|-start|p2a: gambit|fallen2|[silent]
|turn|9
|c|☆findamental|can you believe that regirock does not get rapid spin?
|
|t:|1776066340
|move|p1a: Regice|Focus Blast|p2a: gambit|[miss]
|-miss|p1a: Regice|p2a: gambit
|move|p2a: gambit|Swords Dance|p2a: gambit
|-boost|p2a: gambit|atk|2
|
|-damage|p1a: Regice|46/100 psn|[from] psn
|upkeep
|turn|10
|c|☆baller salsa|yes i can belive that
|
|t:|1776066350
|switch|p1a: UN UN UN UN|Regirock|71/100
|-status|p1a: UN UN UN UN|psn
|-damage|p1a: UN UN UN UN|58/100 psn|[from] Stealth Rock
|move|p2a: gambit|Sucker Punch||[still]
|-fail|p2a: gambit
|
|-heal|p1a: UN UN UN UN|65/100 psn|[from] item: Leftovers
|-damage|p1a: UN UN UN UN|52/100 psn|[from] psn
|upkeep
|turn|11
|
|t:|1776066356
|move|p1a: UN UN UN UN|Body Press|p2a: gambit
|-supereffective|p2a: gambit
|-damage|p2a: gambit|0 fnt
|faint|p2a: gambit
|-end|p2a: gambit|fallen2|[silent]
|
|-heal|p1a: UN UN UN UN|58/100 psn|[from] item: Leftovers
|-damage|p1a: UN UN UN UN|46/100 psn|[from] psn
|upkeep
|c|☆baller salsa|im getting woped by this team
|
|t:|1776066376
|switch|p2a: Schrödinger|Iron Valiant|100/100
|turn|12
|c|☆findamental|lead zap cannon br
|c|☆findamental|o
|
|t:|1776066391
|move|p2a: Schrödinger|Focus Blast|p1a: UN UN UN UN
|-supereffective|p1a: UN UN UN UN
|-damage|p1a: UN UN UN UN|0 fnt
|faint|p1a: UN UN UN UN
|
|upkeep
|c|☆baller salsa|dont suicune get defog tho
|
|t:|1776066398
|switch|p1a: Suicune|Suicune|100/100
|-status|p1a: Suicune|psn
|-damage|p1a: Suicune|88/100 psn|[from] Stealth Rock
|-ability|p1a: Suicune|Pressure
|turn|13
|c|☆findamental|Fuck
|c|☆findamental|you right?
|c|☆findamental|:O
|c|☆baller salsa|imma chak
|
|t:|1776066420
|-end|p2a: Schrödinger|Quark Drive|[silent]
|switch|p2a: Raging Bolt|Raging Bolt|100/100
|move|p1a: Suicune|Mirror Coat||[still]
|-fail|p1a: Suicune
|
|-heal|p1a: Suicune|94/100 psn|[from] item: Leftovers
|-damage|p1a: Suicune|82/100 psn|[from] psn
|upkeep
|turn|14
|c|☆findamental|i remember it does
|c|☆findamental|forgot with teambuilding
|
|t:|1776066440
|move|p2a: Raging Bolt|Thunderbolt|p1a: Suicune
|-supereffective|p1a: Suicune
|-damage|p1a: Suicune|0 fnt
|faint|p1a: Suicune
|
|upkeep
|
|t:|1776066444
|switch|p1a: Registeel|Registeel|100/100
|-damage|p1a: Registeel|94/100|[from] Stealth Rock
|turn|15
|c|☆baller salsa|never mind
|c|☆baller salsa|it dont
|
|t:|1776066463
|move|p2a: Raging Bolt|Thunderbolt|p1a: Registeel
|-damage|p1a: Registeel|76/100
|move|p1a: Registeel|Body Press|p2a: Raging Bolt
|-damage|p2a: Raging Bolt|81/100
|
|upkeep
|turn|16
|c|☆findamental|i swear
|c|☆baller salsa|same i remeber it getting it
|c|☆findamental|was it tailwind that i was thinking about
|c|☆baller salsa|btw volcanion gets defog
|c|☆baller salsa|ohhhh yea
|c|☆findamental|its literally the misty pond pokemon
|
|t:|1776066504
|move|p2a: Raging Bolt|Thunderbolt|p1a: Registeel
|-damage|p1a: Registeel|58/100
|move|p1a: Registeel|Body Press|p2a: Raging Bolt
|-damage|p2a: Raging Bolt|60/100
|
|upkeep
|turn|17
|c|☆baller salsa|vest regitsteel?
|c|☆findamental|ya
|
|t:|1776066524
|move|p2a: Raging Bolt|Thunderbolt|p1a: Registeel
|-damage|p1a: Registeel|40/100
|move|p1a: Registeel|Body Press|p2a: Raging Bolt
|-damage|p2a: Raging Bolt|38/100
|
|upkeep
|turn|18
|
|t:|1776066557
|move|p2a: Raging Bolt|Thunderbolt|p1a: Registeel
|-damage|p1a: Registeel|21/100
|move|p1a: Registeel|Body Press|p2a: Raging Bolt
|-damage|p2a: Raging Bolt|16/100
|
|upkeep
|turn|19
|
|t:|1776066562
|move|p2a: Raging Bolt|Volt Switch|p1a: Registeel
|-damage|p1a: Registeel|6/100
|
|t:|1776066564
|-end|p2a: Raging Bolt|Protosynthesis|[silent]
|switch|p2a: Ogerpon|Ogerpon-Wellspring, F|100/100|[from] Volt Switch
|move|p1a: Registeel|Flash Cannon|p2a: Ogerpon
|-resisted|p2a: Ogerpon
|-damage|p2a: Ogerpon|90/100
|
|upkeep
|turn|20
|c|☆baller salsa|i need a set up sweep
|
|t:|1776066599
|move|p2a: Ogerpon|Swords Dance|p2a: Ogerpon
|-boost|p2a: Ogerpon|atk|2
|move|p1a: Registeel|Zap Cannon|p2a: Ogerpon
|-damage|p2a: Ogerpon|69/100
|-status|p2a: Ogerpon|par
|
|upkeep
|turn|21
|c|☆findamental|THE BASE CANNON
|c|☆baller salsa|nooooo
|
|t:|1776066614
|move|p2a: Ogerpon|Trailblaze|p1a: Registeel
|-resisted|p1a: Registeel
|-damage|p1a: Registeel|0 fnt
|-boost|p2a: Ogerpon|spe|1
|faint|p1a: Registeel
|
|upkeep
|
|t:|1776066622
|switch|p1a: Diego|Raikou|100/100
|turn|22
|
|t:|1776066624
|move|p1a: Diego|Volt Switch|p2a: Ogerpon
|-damage|p2a: Ogerpon|30/100 par
|
|t:|1776066627
|switch|p1a: Regice|Regice, tera:Ghost|46/100 psn|[from] Volt Switch
|move|p2a: Ogerpon|Horn Leech|p1a: Regice
|-damage|p1a: Regice|0 fnt
|-heal|p2a: Ogerpon|53/100 par|[from] drain|[of] p1a: Regice
|faint|p1a: Regice
|
|upkeep
|
|t:|1776066631
|switch|p1a: Entei|Entei|100/100
|-status|p1a: Entei|psn
|-damage|p1a: Entei|75/100 psn|[from] Stealth Rock
|turn|23
|
|t:|1776066634
|-terastallize|p2a: Ogerpon|Water
|detailschange|p2a: Ogerpon|Ogerpon-Wellspring-Tera, F, tera:Water
|-ability|p2a: Ogerpon|Embody Aspect (Wellspring)|boost
|-boost|p2a: Ogerpon|spd|1
|move|p1a: Entei|Sacred Fire|p2a: Ogerpon
|-resisted|p2a: Ogerpon
|-damage|p2a: Ogerpon|25/100 par
|move|p2a: Ogerpon|Ivy Cudgel|p1a: Entei|[anim] Ivy Cudgel Water
|-supereffective|p1a: Entei
|-damage|p1a: Entei|0 fnt
|faint|p1a: Entei
|
|upkeep
|
|t:|1776066637
|switch|p1a: Diego|Raikou|100/100
|turn|24
|
|t:|1776066644
|move|p1a: Diego|Thunderbolt|p2a: Ogerpon
|-supereffective|p2a: Ogerpon
|-damage|p2a: Ogerpon|0 fnt
|faint|p2a: Ogerpon
|detailschange|p2: Ogerpon|Ogerpon-Wellspring, F|[silent]
|
|upkeep
|c|☆baller salsa|btw that ogerpon had 4 attack invesment
|
|t:|1776066661
|switch|p2a: Raging Bolt|Raging Bolt|16/100
|turn|25
|c|☆findamental|deadass?
|
|t:|1776066669
|move|p1a: Diego|Shadow Ball|p2a: Raging Bolt
|-damage|p2a: Raging Bolt|0 fnt
|faint|p2a: Raging Bolt
|-end|p2a: Raging Bolt|Protosynthesis|[silent]
|
|upkeep
|c|☆baller salsa|yep max hp max speed ogerpon
|c|☆findamental|leech seed?
|
|t:|1776066683
|switch|p2a: Schrödinger|Iron Valiant|100/100
|turn|26
|c|☆baller salsa|nope sd hornleatch trailblaze and cudgel
|
|t:|1776066704
|move|p2a: Schrödinger|Moonblast|p1a: Diego
|-damage|p1a: Diego|47/100
|move|p1a: Diego|Thunderbolt|p2a: Schrödinger
|-damage|p2a: Schrödinger|13/100
|
|upkeep
|turn|27
|c|☆baller salsa|ggs
|c|☆baller salsa|this was close
|c|☆findamental|gg
|c|☆findamental|real close
|
|t:|1776066717
|move|p2a: Schrödinger|Moonblast|p1a: Diego
|-damage|p1a: Diego|0 fnt
|faint|p1a: Diego
|
|win|baller salsa
|raw|findamental's rating: 1313 &rarr; <strong>1292</strong><br />(-21 for losing)
|raw|baller salsa's rating: 1288 &rarr; <strong>1315</strong><br />(+27 for winning)
|c|☆baller salsa|zap cannon goated
