|html|<div class="broadcast-blue"><strong>[Gen 9] OU is currently suspecting Tera Blast! For information on how to participate check out the <a href="https://www.smogon.com/tools/suspects/view/200">suspect thread</a>.</strong></div>
|j|☆Slr454
|j|☆capitolg
|t:|1776057264
|gametype|singles
|player|p1|Slr454|shadowtriad|1107
|player|p2|capitolg|bellelba|1152
|gen|9
|tier|[Gen 9] OU
|rated|
|rule|HP Percentage Mod: HP is shown in percentages
|rule|Endless Battle Clause: Forcing endless battles is banned
|rule|Species Clause: Limit one of each Pokémon
|rule|OHKO Clause: OHKO moves are banned
|rule|Evasion Items Clause: Evasion items are banned
|rule|Evasion Moves Clause: Evasion moves are banned
|rule|Evasion Abilities Clause: Evasion abilities are banned
|rule|Sleep Moves Clause: Sleep-inducing moves are banned
|clearpoke
|poke|p1|Weavile, F|
|poke|p1|Volcanion|
|poke|p1|Great Tusk|
|poke|p1|Hatterene, F|
|poke|p1|Gholdengo|
|poke|p1|Dragonite, M|
|poke|p2|Ribombee, M|
|poke|p2|Cinderace, F|
|poke|p2|Thundurus, M|
|poke|p2|Chandelure, M|
|poke|p2|Malamar, M|
|poke|p2|Empoleon, F|
|teampreview
|j| ohko_smeargle
|
|t:|1776057288
|teamsize|p1|6
|teamsize|p2|6
|start
|switch|p1a: Hatterene|Hatterene, F, shiny|100/100
|switch|p2a: Ribombee|Ribombee, M|100/100
|turn|1
|
|t:|1776057298
|move|p2a: Ribombee|Sticky Web|p1a: Hatterene
|move|p1a: Hatterene|Sticky Web|p2a: Ribombee|[from] ability: Magic Bounce
|-sidestart|p2: capitolg|move: Sticky Web
|move|p1a: Hatterene|Nuzzle|p2a: Ribombee
|-damage|p2a: Ribombee|93/100
|
|upkeep
|turn|2
|
|t:|1776057309
|move|p2a: Ribombee|Skill Swap|p1a: Hatterene
|-activate|p2a: Ribombee|Skill Swap|Magic Bounce|Shield Dust|[of] p1a: Hatterene
|move|p1a: Hatterene|Psychic Noise|p2a: Ribombee
|-damage|p2a: Ribombee|39/100
|-start|p2a: Ribombee|move: Heal Block
|
|upkeep
|turn|3
|
|t:|1776057319
|move|p2a: Ribombee|Sticky Web|p1a: Hatterene
|-sidestart|p1: Slr454|move: Sticky Web
|move|p1a: Hatterene|Psychic Noise|p2a: Ribombee
|-damage|p2a: Ribombee|0 fnt
|faint|p2a: Ribombee
|
|upkeep
|
|t:|1776057325
|switch|p2a: Thundurus|Thundurus, M|100/100
|turn|4
|
|t:|1776057329
|switch|p1a: Great Tusk|Great Tusk|100/100
|-activate|p1a: Great Tusk|move: Sticky Web
|-unboost|p1a: Great Tusk|spe|1
|-terastallize|p2a: Thundurus|Ground
|move|p2a: Thundurus|U-turn|p1a: Great Tusk
|-resisted|p1a: Great Tusk
|-damage|p1a: Great Tusk|94/100
|
|t:|1776057332
|switch|p2a: Chandelure|Chandelure, M|100/100|[from] U-turn
|-item|p2a: Chandelure|Air Balloon
|
|upkeep
|turn|5
|
|t:|1776057346
|-end|p1a: Great Tusk|Protosynthesis|[silent]
|switch|p1a: Volcanion|Volcanion|100/100
|-activate|p1a: Volcanion|move: Sticky Web
|-unboost|p1a: Volcanion|spe|1
|move|p2a: Chandelure|Energy Ball|p1a: Volcanion
|-crit|p1a: Volcanion
|-damage|p1a: Volcanion|42/100
|
|upkeep
|turn|6
|
|t:|1776057361
|switch|p1a: Gholdengo|Gholdengo|100/100
|-activate|p1a: Gholdengo|move: Sticky Web
|-unboost|p1a: Gholdengo|spe|1
|move|p2a: Chandelure|Energy Ball|p1a: Gholdengo
|-resisted|p1a: Gholdengo
|-damage|p1a: Gholdengo|80/100
|
|upkeep
|turn|7
|
|t:|1776057372
|move|p1a: Gholdengo|Shadow Ball|p2a: Chandelure
|-supereffective|p2a: Chandelure
|-damage|p2a: Chandelure|0 fnt
|-enditem|p2a: Chandelure|Air Balloon
|faint|p2a: Chandelure
|
|upkeep
|
|t:|1776057375
|switch|p2a: Cinderace|Cinderace, F, shiny|100/100
|turn|8
|
|t:|1776057383
|switch|p1a: Great Tusk|Great Tusk|94/100
|-activate|p1a: Great Tusk|move: Sticky Web
|-unboost|p1a: Great Tusk|spe|1
|move|p2a: Cinderace|Pyro Ball|p1a: Great Tusk
|-damage|p1a: Great Tusk|46/100
|
|upkeep
|turn|9
|
|t:|1776057392
|move|p2a: Cinderace|Will-O-Wisp|p1a: Great Tusk
|-status|p1a: Great Tusk|brn
|move|p1a: Great Tusk|Rapid Spin|p2a: Cinderace
|-damage|p2a: Cinderace|89/100
|-boost|p1a: Great Tusk|spe|1
|-sideend|p1: Slr454|Sticky Web|[from] move: Rapid Spin|[of] p1a: Great Tusk
|
|-damage|p1a: Great Tusk|40/100 brn|[from] brn
|upkeep
|turn|10
|
|t:|1776057402
|move|p2a: Cinderace|Pyro Ball|p1a: Great Tusk
|-damage|p1a: Great Tusk|0 fnt
|faint|p1a: Great Tusk
|-end|p1a: Great Tusk|Protosynthesis|[silent]
|
|upkeep
|
|t:|1776057414
|switch|p1a: Hatterene|Hatterene, F, shiny|100/100
|turn|11
|
|t:|1776057421
|move|p2a: Cinderace|Pyro Ball|p1a: Hatterene
|-damage|p1a: Hatterene|46/100
|move|p1a: Hatterene|Nuzzle|p2a: Cinderace
|-damage|p2a: Cinderace|83/100
|-status|p2a: Cinderace|par
|
|upkeep
|turn|12
|
|t:|1776057430
|move|p2a: Cinderace|Pyro Ball|p1a: Hatterene
|-damage|p1a: Hatterene|0 fnt
|faint|p1a: Hatterene
|
|upkeep
|
|t:|1776057449
|switch|p1a: Dragonite|Dragonite, M|100/100
|turn|13
|
|t:|1776057453
|move|p1a: Dragonite|Dragon Dance|p1a: Dragonite
|-boost|p1a: Dragonite|atk|1
|-boost|p1a: Dragonite|spe|1
|move|p2a: Cinderace|Will-O-Wisp|p1a: Dragonite
|-status|p1a: Dragonite|brn
|
|-damage|p1a: Dragonite|94/100 brn|[from] brn
|upkeep
|turn|14
|
|t:|1776057463
|move|p1a: Dragonite|Earthquake|p2a: Cinderace
|-supereffective|p2a: Cinderace
|-damage|p2a: Cinderace|0 fnt
|faint|p2a: Cinderace
|
|-heal|p1a: Dragonite|100/100 brn|[from] item: Leftovers
|-damage|p1a: Dragonite|94/100 brn|[from] brn
|upkeep
|
|t:|1776057468
|switch|p2a: Malamar|Malamar, M|100/100
|-activate|p2a: Malamar|move: Sticky Web
|-boost|p2a: Malamar|spe|1
|turn|15
|
|t:|1776057479
|move|p1a: Dragonite|Earthquake|p2a: Malamar
|-damage|p2a: Malamar|67/100
|move|p2a: Malamar|Superpower|p1a: Dragonite
|-resisted|p1a: Dragonite
|-damage|p1a: Dragonite|73/100 brn
|-boost|p2a: Malamar|atk|1
|-boost|p2a: Malamar|def|1
|
|-heal|p1a: Dragonite|79/100 brn|[from] item: Leftovers
|-damage|p1a: Dragonite|73/100 brn|[from] brn
|upkeep
|turn|16
|
|t:|1776057490
|switch|p1a: Gholdengo|Gholdengo|80/100
|move|p2a: Malamar|Superpower|p1a: Gholdengo
|-immune|p1a: Gholdengo
|
|upkeep
|turn|17
|
|t:|1776057505
|move|p1a: Gholdengo|Make It Rain|p2a: Malamar
|-damage|p2a: Malamar|10/100
|-unboost|p1a: Gholdengo|spa|1
|move|p2a: Malamar|Throat Chop|p1a: Gholdengo
|-supereffective|p1a: Gholdengo
|-damage|p1a: Gholdengo|0 fnt
|faint|p1a: Gholdengo
|
|upkeep
|
|t:|1776057515
|switch|p1a: Weavile|Weavile, F, shiny|100/100
|turn|18
|
|t:|1776057527
|move|p1a: Weavile|Knock Off|p2a: Malamar
|-damage|p2a: Malamar|0 fnt
|-enditem|p2a: Malamar|Assault Vest|[from] move: Knock Off|[of] p1a: Weavile
|faint|p2a: Malamar
|
|upkeep
|
|t:|1776057536
|switch|p2a: Empoleon|Empoleon, F|100/100
|-activate|p2a: Empoleon|move: Sticky Web
|-unboost|p2a: Empoleon|spe|1
|-ability|p2a: Empoleon|Competitive|boost
|-boost|p2a: Empoleon|spa|2
|turn|19
|
|t:|1776057546
|-terastallize|p1a: Weavile|Dark
|move|p2a: Empoleon|Vacuum Wave|p1a: Weavile
|-supereffective|p1a: Weavile
|-damage|p1a: Weavile|34/100
|move|p1a: Weavile|Knock Off|p2a: Empoleon
|-damage|p2a: Empoleon|26/100
|-enditem|p2a: Empoleon|Assault Vest|[from] move: Knock Off|[of] p1a: Weavile
|
|upkeep
|turn|20
|
|t:|1776057556
|switch|p1a: Dragonite|Dragonite, M|73/100 brn
|move|p2a: Empoleon|Vacuum Wave|p1a: Dragonite
|-resisted|p1a: Dragonite
|-damage|p1a: Dragonite|62/100 brn
|
|-heal|p1a: Dragonite|68/100 brn|[from] item: Leftovers
|-damage|p1a: Dragonite|62/100 brn|[from] brn
|upkeep
|turn|21
|
|t:|1776057569
|move|p1a: Dragonite|Ice Spinner|p2a: Empoleon
|-resisted|p2a: Empoleon
|-crit|p2a: Empoleon
|-damage|p2a: Empoleon|22/100
|move|p2a: Empoleon|Ice Beam|p1a: Dragonite
|-supereffective|p1a: Dragonite
|-damage|p1a: Dragonite|0 fnt
|faint|p1a: Dragonite
|
|upkeep
|
|t:|1776057581
|switch|p1a: Volcanion|Volcanion|42/100
|turn|22
|
|t:|1776057590
|switch|p2a: Thundurus|Thundurus, M, tera:Ground|100/100
|-activate|p2a: Thundurus|move: Sticky Web
|-unboost|p2a: Thundurus|spe|1
|-ability|p2a: Thundurus|Defiant|boost
|-boost|p2a: Thundurus|atk|2
|-enditem|p2a: Thundurus|White Herb
|-clearnegativeboost|p2a: Thundurus|[silent]
|move|p1a: Volcanion|Flamethrower|p2a: Thundurus
|-damage|p2a: Thundurus|50/100
|-status|p2a: Thundurus|brn
|
|-damage|p2a: Thundurus|44/100 brn|[from] brn
|upkeep
|turn|23
|
|t:|1776057609
|move|p2a: Thundurus|Supercell Slam|p1a: Volcanion
|-supereffective|p1a: Volcanion
|-damage|p1a: Volcanion|0 fnt
|faint|p1a: Volcanion
|
|-damage|p2a: Thundurus|38/100 brn|[from] brn
|upkeep
|
|t:|1776057617
|switch|p1a: Weavile|Weavile, F, shiny, tera:Dark|34/100
|turn|24
|l|☆capitolg
|player|p2|
|j|☆capitolg
|player|p2|capitolg|bellelba|
|
|t:|1776057639
|move|p1a: Weavile|Ice Shard|p2a: Thundurus
|-supereffective|p2a: Thundurus
|-damage|p2a: Thundurus|0 fnt
|faint|p2a: Thundurus
|
|upkeep
|
|t:|1776057640
|switch|p2a: Empoleon|Empoleon, F|22/100
|-activate|p2a: Empoleon|move: Sticky Web
|-unboost|p2a: Empoleon|spe|1
|-ability|p2a: Empoleon|Competitive|boost
|-boost|p2a: Empoleon|spa|2
|turn|25
|
|t:|1776057649
|move|p1a: Weavile|Ice Shard|p2a: Empoleon
|-resisted|p2a: Empoleon
|-damage|p2a: Empoleon|16/100
|move|p2a: Empoleon|Vacuum Wave|p1a: Weavile
|-supereffective|p1a: Weavile
|-damage|p1a: Weavile|0 fnt
|faint|p1a: Weavile
|
|win|capitolg
|raw|Slr454's rating: 1083 &rarr; <strong>1065</strong><br />(-18 for losing)
|raw|capitolg's rating: 1152 &rarr; <strong>1172</strong><br />(+20 for winning)
|l| ohko_smeargle
