|html|<div class="broadcast-blue"><strong>[Gen 9] OU is currently suspecting Tera Blast! For information on how to participate check out the <a href="https://www.smogon.com/tools/suspects/view/200">suspect thread</a>.</strong></div>
|j|☆mfgunax
|j|☆hoaibao
|t:|1776065349
|gametype|singles
|player|p1|mfgunax|giovanni|1119
|player|p2|hoaibao|265|1124
|gen|9
|tier|[Gen 9] OU
|rated|
|rule|HP Percentage Mod: HP is shown in percentages
|rule|Endless Battle Clause: Forcing endless battles is banned
|rule|Species Clause: Limit one of each Pokémon
|rule|OHKO Clause: OHKO moves are banned
|rule|Evasion Items Clause: Evasion items are banned
|rule|Evasion Moves Clause: Evasion moves are banned
|rule|Evasion Abilities Clause: Evasion abilities are banned
|rule|Sleep Moves Clause: Sleep-inducing moves are banned
|clearpoke
|poke|p1|Gliscor, M|
|poke|p1|Enamorus, F|
|poke|p1|Rotom-Heat|
|poke|p1|Glimmora, F|
|poke|p1|Duraludon, M|
|poke|p1|Samurott-Hisui, M|
|poke|p2|Ursaluna, M|
|poke|p2|Hoopa-Unbound|
|poke|p2|Hatterene, F|
|poke|p2|Mimikyu, M|
|poke|p2|Porygon2|
|poke|p2|Iron Hands|
|teampreview
|inactive|Battle timer is ON: inactive players will automatically lose when time's up. (requested by mfgunax)
|
|t:|1776065366
|teamsize|p1|6
|teamsize|p2|6
|start
|switch|p1a: Samurott|Samurott-Hisui, M|100/100
|switch|p2a: Hatterene|Hatterene, F|100/100
|turn|1
|
|t:|1776065374
|move|p1a: Samurott|Knock Off|p2a: Hatterene
|-damage|p2a: Hatterene|48/100
|-enditem|p2a: Hatterene|Focus Sash|[from] move: Knock Off|[of] p1a: Samurott
|move|p2a: Hatterene|Trick Room|p2a: Hatterene
|-fieldstart|move: Trick Room|[of] p2a: Hatterene
|
|upkeep
|turn|2
|
|t:|1776065379
|move|p2a: Hatterene|Misty Explosion|p1a: Samurott
|-supereffective|p1a: Samurott
|-damage|p1a: Samurott|0 fnt
|faint|p2a: Hatterene
|faint|p1a: Samurott
|
|upkeep
|
|t:|1776065396
|switch|p2a: Ursaluna|Ursaluna, M|100/100
|switch|p1a: Glimmora|Glimmora, F|100/100
|turn|3
|
|t:|1776065408
|move|p2a: Ursaluna|Headlong Rush|p1a: Glimmora
|-supereffective|p1a: Glimmora
|-enditem|p1a: Glimmora|Focus Sash
|-damage|p1a: Glimmora|1/100
|-unboost|p2a: Ursaluna|def|1
|-unboost|p2a: Ursaluna|spd|1
|-activate|p1a: Glimmora|ability: Toxic Debris
|-sidestart|p2: hoaibao|move: Toxic Spikes
|move|p1a: Glimmora|Spikes|p2a: Ursaluna
|-sidestart|p2: hoaibao|Spikes
|
|-status|p2a: Ursaluna|brn|[from] item: Flame Orb
|upkeep
|turn|4
|
|t:|1776065421
|move|p1a: Glimmora|Protect|p1a: Glimmora
|-singleturn|p1a: Glimmora|Protect
|move|p2a: Ursaluna|Facade|p1a: Glimmora
|-activate|p1a: Glimmora|move: Protect
|
|-damage|p2a: Ursaluna|94/100 brn|[from] brn
|upkeep
|turn|5
|
|t:|1776065428
|move|p2a: Ursaluna|Facade|p1a: Glimmora
|-resisted|p1a: Glimmora
|-damage|p1a: Glimmora|0 fnt
|-activate|p1a: Glimmora|ability: Toxic Debris
|-sidestart|p2: hoaibao|move: Toxic Spikes
|faint|p1a: Glimmora
|
|-damage|p2a: Ursaluna|88/100 brn|[from] brn
|-fieldend|move: Trick Room
|upkeep
|
|t:|1776065456
|switch|p1a: Rotom|Rotom-Heat|100/100
|turn|6
|
|t:|1776065464
|move|p1a: Rotom|Overheat|p2a: Ursaluna
|-damage|p2a: Ursaluna|0 fnt
|-unboost|p1a: Rotom|spa|2
|faint|p2a: Ursaluna
|-damage|p1a: Rotom|91/100|[from] item: Life Orb
|
|upkeep
|
|t:|1776065481
|switch|p2a: Porygon2|Porygon2|100/100
|-status|p2a: Porygon2|tox
|-damage|p2a: Porygon2|88/100 tox|[from] Spikes
|-ability|p2a: Porygon2|Download|boost
|-boost|p2a: Porygon2|spa|1
|turn|7
|
|t:|1776065487
|move|p1a: Rotom|Volt Switch|p2a: Porygon2
|-damage|p2a: Porygon2|78/100 tox
|-damage|p1a: Rotom|81/100|[from] item: Life Orb
|
|t:|1776065493
|switch|p1a: Duraludon|Duraludon, M|100/100|[from] Volt Switch
|move|p2a: Porygon2|Trick Room|p2a: Porygon2
|-fieldstart|move: Trick Room|[of] p2a: Porygon2
|
|-damage|p2a: Porygon2|72/100 tox|[from] psn
|upkeep
|turn|8
|
|t:|1776065509
|switch|p2a: Iron Hands|Iron Hands|100/100
|-status|p2a: Iron Hands|tox
|-damage|p2a: Iron Hands|88/100 tox|[from] Spikes
|-enditem|p2a: Iron Hands|Booster Energy
|-activate|p2a: Iron Hands|ability: Quark Drive|[fromitem]
|-start|p2a: Iron Hands|quarkdriveatk
|move|p1a: Duraludon|Flash Cannon|p2a: Iron Hands
|-resisted|p2a: Iron Hands
|-damage|p2a: Iron Hands|71/100 tox
|
|-damage|p2a: Iron Hands|65/100 tox|[from] psn
|upkeep
|turn|9
|
|t:|1776065523
|move|p1a: Duraludon|Protect|p1a: Duraludon
|-singleturn|p1a: Duraludon|Protect
|move|p2a: Iron Hands|Close Combat|p1a: Duraludon
|-activate|p1a: Duraludon|move: Protect
|
|-damage|p2a: Iron Hands|53/100 tox|[from] psn
|upkeep
|turn|10
|
|t:|1776065532
|switch|p1a: Enamorus|Enamorus, F|100/100
|move|p2a: Iron Hands|Close Combat|p1a: Enamorus
|-resisted|p1a: Enamorus
|-damage|p1a: Enamorus|65/100
|-unboost|p2a: Iron Hands|def|1
|-unboost|p2a: Iron Hands|spd|1
|
|-heal|p1a: Enamorus|71/100|[from] item: Leftovers
|-damage|p2a: Iron Hands|35/100 tox|[from] psn
|upkeep
|turn|11
|
|t:|1776065539
|move|p2a: Iron Hands|Wild Charge|p1a: Enamorus
|-supereffective|p1a: Enamorus
|-damage|p1a: Enamorus|0 fnt
|faint|p1a: Enamorus
|-damage|p2a: Iron Hands|25/100 tox|[from] Recoil
|
|-damage|p2a: Iron Hands|0 fnt|[from] psn
|faint|p2a: Iron Hands
|-end|p2a: Iron Hands|Quark Drive|[silent]
|-fieldend|move: Trick Room
|upkeep
|
|t:|1776065552
|switch|p1a: Duraludon|Duraludon, M|100/100
|switch|p2a: Porygon2|Porygon2|72/100 tox
|-damage|p2a: Porygon2|59/100 tox|[from] Spikes
|-ability|p2a: Porygon2|Download|boost
|-boost|p2a: Porygon2|spa|1
|turn|12
|
|t:|1776065564
|move|p1a: Duraludon|Thunder|p2a: Porygon2
|-damage|p2a: Porygon2|42/100 tox
|move|p2a: Porygon2|Trick Room|p2a: Porygon2
|-fieldstart|move: Trick Room|[of] p2a: Porygon2
|
|-damage|p2a: Porygon2|36/100 tox|[from] psn
|upkeep
|turn|13
|
|t:|1776065570
|move|p2a: Porygon2|Recover|p2a: Porygon2
|-heal|p2a: Porygon2|86/100 tox
|move|p1a: Duraludon|Thunder|p2a: Porygon2
|-damage|p2a: Porygon2|69/100 tox
|
|-damage|p2a: Porygon2|57/100 tox|[from] psn
|upkeep
|turn|14
|
|t:|1776065579
|move|p2a: Porygon2|Tri Attack|p1a: Duraludon
|-resisted|p1a: Duraludon
|-damage|p1a: Duraludon|81/100
|move|p1a: Duraludon|Flash Cannon|p2a: Porygon2
|-damage|p2a: Porygon2|39/100 tox
|
|-damage|p2a: Porygon2|21/100 tox|[from] psn
|upkeep
|turn|15
|
|t:|1776065587
|move|p2a: Porygon2|Tri Attack|p1a: Duraludon
|-resisted|p1a: Duraludon
|-damage|p1a: Duraludon|61/100
|move|p1a: Duraludon|Flash Cannon|p2a: Porygon2
|-damage|p2a: Porygon2|1/100 tox
|
|-damage|p2a: Porygon2|0 fnt|[from] psn
|faint|p2a: Porygon2
|upkeep
|
|t:|1776065595
|switch|p2a: Hoopa|Hoopa-Unbound|100/100
|-status|p2a: Hoopa|tox
|-damage|p2a: Hoopa|88/100 tox|[from] Spikes
|turn|16
|
|t:|1776065604
|move|p2a: Hoopa|Drain Punch|p1a: Duraludon
|-supereffective|p1a: Duraludon
|-damage|p1a: Duraludon|16/100
|-heal|p2a: Hoopa|100/100 tox|[from] drain|[of] p1a: Duraludon
|move|p1a: Duraludon|Draco Meteor|p2a: Hoopa
|-damage|p2a: Hoopa|54/100 tox
|-unboost|p1a: Duraludon|spa|2
|
|-damage|p2a: Hoopa|47/100 tox|[from] psn
|-fieldend|move: Trick Room
|upkeep
|turn|17
|
|t:|1776065616
|move|p1a: Duraludon|Protect|p1a: Duraludon
|-singleturn|p1a: Duraludon|Protect
|move|p2a: Hoopa|Drain Punch|p1a: Duraludon
|-activate|p1a: Duraludon|move: Protect
|
|-damage|p2a: Hoopa|35/100 tox|[from] psn
|upkeep
|turn|18
|
|t:|1776065624
|move|p1a: Duraludon|Draco Meteor|p2a: Hoopa
|-damage|p2a: Hoopa|10/100 tox
|-unboost|p1a: Duraludon|spa|2
|move|p2a: Hoopa|Hyperspace Fury|p1a: Duraludon
|-damage|p1a: Duraludon|0 fnt
|-unboost|p2a: Hoopa|def|1
|faint|p1a: Duraludon
|-enditem|p2a: Hoopa|Eject Pack
|
|t:|1776065630
|switch|p2a: Mimikyu|Mimikyu, M|100/100
|-status|p2a: Mimikyu|tox
|-damage|p2a: Mimikyu|88/100 tox|[from] Spikes
|
|-damage|p2a: Mimikyu|82/100 tox|[from] psn
|upkeep
|
|t:|1776065640
|switch|p1a: Rotom|Rotom-Heat|81/100
|turn|19
|
|t:|1776065646
|move|p1a: Rotom|Overheat|p2a: Mimikyu
|-activate|p2a: Mimikyu|ability: Disguise
|-damage|p2a: Mimikyu|82/100 tox
|-unboost|p1a: Rotom|spa|2
|detailschange|p2a: Mimikyu|Mimikyu-Busted, M
|-damage|p2a: Mimikyu|70/100 tox|[from] pokemon: Mimikyu-Busted
|-enditem|p2a: Mimikyu|Red Card|[of] p1a: Rotom
|drag|p1a: Gliscor|Gliscor, M|100/100
|move|p2a: Mimikyu|Curse|p1a: Gliscor
|-start|p1a: Gliscor|Curse|[of] p2a: Mimikyu
|-damage|p2a: Mimikyu|20/100 tox
|
|-damage|p2a: Mimikyu|8/100 tox|[from] psn
|-damage|p1a: Gliscor|76/100|[from] Curse
|-status|p1a: Gliscor|tox|[from] item: Toxic Orb
|upkeep
|turn|20
|-message|hoaibao forfeited.
|
|win|mfgunax
|raw|mfgunax's rating: 1119 &rarr; <strong>1144</strong><br />(+25 for winning)
|raw|hoaibao's rating: 1124 &rarr; <strong>1099</strong><br />(-25 for losing)
|l|☆hoaibao
|player|p2|
|l|☆mfgunax
|player|p1|
