|html|<div class="broadcast-blue"><strong>[Gen 9] OU is currently suspecting Tera Blast! For information on how to participate check out the <a href="https://www.smogon.com/tools/suspects/view/200">suspect thread</a>.</strong></div>
|j|☆randomguy606060
|j|☆Maxime.1010
|t:|1776069947
|gametype|singles
|player|p1|randomguy606060|170|1260
|player|p2|Maxime.1010|elesa|1300
|gen|9
|tier|[Gen 9] OU
|rated|
|rule|HP Percentage Mod: HP is shown in percentages
|rule|Endless Battle Clause: Forcing endless battles is banned
|rule|Species Clause: Limit one of each Pokémon
|rule|OHKO Clause: OHKO moves are banned
|rule|Evasion Items Clause: Evasion items are banned
|rule|Evasion Moves Clause: Evasion moves are banned
|rule|Evasion Abilities Clause: Evasion abilities are banned
|rule|Sleep Moves Clause: Sleep-inducing moves are banned
|clearpoke
|poke|p1|Weezing-Galar, F|
|poke|p1|Alomomola, M|
|poke|p1|Hoopa-Unbound|
|poke|p1|Amoonguss, M|
|poke|p1|Clodsire, F|
|poke|p1|Corviknight, M|
|poke|p2|Latias, F|
|poke|p2|Ting-Lu|
|poke|p2|Alomomola, F|
|poke|p2|Meowscarada, F|
|poke|p2|Iron Treads|
|poke|p2|Pecharunt|
|teampreview
|j| ohko_smeargle
|inactive|Battle timer is ON: inactive players will automatically lose when time's up. (requested by Maxime.1010)
|
|t:|1776069966
|teamsize|p1|6
|teamsize|p2|6
|start
|switch|p1a: Alomomola|Alomomola, M|100/100
|switch|p2a: Meowscarada|Meowscarada, F, shiny|100/100
|turn|1
|
|t:|1776069976
|switch|p1a: Weezing|Weezing-Galar, F|100/100
|-ability|p1a: Weezing|Neutralizing Gas
|move|p2a: Meowscarada|Flower Trick|p1a: Weezing
|-resisted|p1a: Weezing
|-crit|p1a: Weezing
|-damage|p1a: Weezing|85/100
|
|upkeep
|turn|2
|
|t:|1776070000
|move|p2a: Meowscarada|U-turn|p1a: Weezing
|-resisted|p1a: Weezing
|-damage|p1a: Weezing|81/100
|
|t:|1776070006
|switch|p2a: Iron Treads|Iron Treads, shiny|100/100|[from] U-turn
|move|p1a: Weezing|Will-O-Wisp|p2a: Iron Treads
|-status|p2a: Iron Treads|brn
|
|-damage|p2a: Iron Treads|94/100 brn|[from] brn
|upkeep
|turn|3
|
|t:|1776070021
|-end|p1a: Weezing|ability: Neutralizing Gas
|switch|p1a: Corviknight|Corviknight, M|100/100
|-ability|p1a: Corviknight|Pressure
|move|p2a: Iron Treads|Knock Off|p1a: Corviknight
|-damage|p1a: Corviknight|90/100
|-damage|p2a: Iron Treads|78/100 brn|[from] item: Rocky Helmet|[of] p1a: Corviknight
|-enditem|p1a: Corviknight|Rocky Helmet|[from] move: Knock Off|[of] p2a: Iron Treads
|
|-damage|p2a: Iron Treads|71/100 brn|[from] brn
|upkeep
|turn|4
|
|t:|1776070033
|move|p2a: Iron Treads|Volt Switch|p1a: Corviknight
|-supereffective|p1a: Corviknight
|-damage|p1a: Corviknight|74/100
|
|t:|1776070038
|-end|p2a: Iron Treads|Quark Drive|[silent]
|switch|p2a: Ting-Lu|Ting-Lu, shiny|100/100|[from] Volt Switch
|-ability|p2a: Ting-Lu|Vessel of Ruin
|move|p1a: Corviknight|U-turn|p2a: Ting-Lu
|-supereffective|p2a: Ting-Lu
|-damage|p2a: Ting-Lu|85/100
|inactive|randomguy606060 has 120 seconds left.
|inactive|randomguy606060 has 90 seconds left.
|
|t:|1776070118
|switch|p1a: Amoonguss|Amoonguss, M|100/100|[from] U-turn
|
|-heal|p2a: Ting-Lu|91/100|[from] item: Leftovers
|upkeep
|turn|5
|
|t:|1776070127
|move|p2a: Ting-Lu|Stealth Rock|p1a: Amoonguss
|-sidestart|p1: randomguy606060|move: Stealth Rock
|move|p1a: Amoonguss|Toxic|p2a: Ting-Lu
|-status|p2a: Ting-Lu|tox
|
|-heal|p2a: Ting-Lu|97/100 tox|[from] item: Leftovers
|-damage|p2a: Ting-Lu|91/100 tox|[from] psn
|upkeep
|turn|6
|inactive|randomguy606060 has 90 seconds left.
|
|t:|1776070139
|switch|p1a: Alomomola|Alomomola, M|100/100
|move|p2a: Ting-Lu|Earthquake|p1a: Alomomola
|-damage|p1a: Alomomola|81/100
|
|-heal|p2a: Ting-Lu|97/100 tox|[from] item: Leftovers
|-damage|p2a: Ting-Lu|85/100 tox|[from] psn
|upkeep
|turn|7
|
|t:|1776070151
|switch|p2a: Meowscarada|Meowscarada, F, shiny|100/100
|move|p1a: Alomomola|Flip Turn|p2a: Meowscarada
|-resisted|p2a: Meowscarada
|-damage|p2a: Meowscarada|89/100
|inactive|randomguy606060 has 90 seconds left.
|
|t:|1776070163
|switch|p1a: Corviknight|Corviknight, M|74/100|[from] Flip Turn
|-damage|p1a: Corviknight|62/100|[from] Stealth Rock
|-ability|p1a: Corviknight|Pressure
|
|upkeep
|turn|8
|
|t:|1776070173
|move|p2a: Meowscarada|Triple Axel|p1a: Corviknight
|-start|p2a: Meowscarada|typechange|Ice|[from] ability: Protean
|-damage|p1a: Corviknight|54/100
|-damage|p1a: Corviknight|38/100
|-damage|p1a: Corviknight|15/100
|-hitcount|p1a: Corviknight|3
|move|p1a: Corviknight|Roost|p1a: Corviknight
|-heal|p1a: Corviknight|65/100
|-singleturn|p1a: Corviknight|move: Roost
|
|upkeep
|turn|9
|
|t:|1776070184
|move|p2a: Meowscarada|Triple Axel|p1a: Corviknight|[miss]
|-miss|p2a: Meowscarada|p1a: Corviknight
|move|p1a: Corviknight|Roost|p1a: Corviknight
|-heal|p1a: Corviknight|100/100
|-singleturn|p1a: Corviknight|move: Roost
|
|upkeep
|turn|10
|
|t:|1776070191
|switch|p1a: Alomomola|Alomomola, M|100/100
|move|p2a: Meowscarada|U-turn|p1a: Alomomola
|-damage|p1a: Alomomola|89/100
|
|t:|1776070195
|switch|p2a: Latias|Latias, F, shiny|100/100|[from] U-turn
|
|upkeep
|turn|11
|
|t:|1776070197
|move|p2a: Latias|Agility|p2a: Latias
|-boost|p2a: Latias|spe|2
|move|p1a: Alomomola|Flip Turn|p2a: Latias
|-resisted|p2a: Latias
|-damage|p2a: Latias|95/100
|
|t:|1776070200
|switch|p1a: Clodsire|Clodsire, F|100/100|[from] Flip Turn
|
|upkeep
|turn|12
|
|t:|1776070204
|move|p2a: Latias|Calm Mind|p2a: Latias
|-boost|p2a: Latias|spa|1
|-boost|p2a: Latias|spd|1
|move|p1a: Clodsire|Toxic|p2a: Latias
|-status|p2a: Latias|tox
|
|-damage|p2a: Latias|89/100 tox|[from] psn
|upkeep
|turn|13
|
|t:|1776070219
|-terastallize|p1a: Clodsire|Steel
|move|p2a: Latias|Stored Power|p1a: Clodsire
|-resisted|p1a: Clodsire
|-damage|p1a: Clodsire|90/100
|move|p1a: Clodsire|Stealth Rock|p2a: Latias
|-sidestart|p2: Maxime.1010|move: Stealth Rock
|
|-damage|p2a: Latias|77/100 tox|[from] psn
|upkeep
|turn|14
|
|t:|1776070243
|switch|p2a: Ting-Lu|Ting-Lu, shiny|85/100 tox
|-damage|p2a: Ting-Lu|78/100 tox|[from] Stealth Rock
|-ability|p2a: Ting-Lu|Vessel of Ruin
|move|p1a: Clodsire|Toxic|p2a: Ting-Lu
|-fail|p2a: Ting-Lu|tox
|
|-heal|p2a: Ting-Lu|85/100 tox|[from] item: Leftovers
|-damage|p2a: Ting-Lu|78/100 tox|[from] psn
|upkeep
|turn|15
|
|t:|1776070247
|switch|p1a: Corviknight|Corviknight, M|100/100
|-damage|p1a: Corviknight|88/100|[from] Stealth Rock
|-ability|p1a: Corviknight|Pressure
|move|p2a: Ting-Lu|Spikes|p1a: Corviknight
|-sidestart|p1: randomguy606060|Spikes
|
|-heal|p2a: Ting-Lu|85/100 tox|[from] item: Leftovers
|-damage|p2a: Ting-Lu|72/100 tox|[from] psn
|upkeep
|turn|16
|
|t:|1776070254
|move|p1a: Corviknight|U-turn|p2a: Ting-Lu
|-supereffective|p2a: Ting-Lu
|-damage|p2a: Ting-Lu|56/100 tox
|
|t:|1776070257
|switch|p1a: Weezing|Weezing-Galar, F|81/100|[from] U-turn
|-ability|p1a: Weezing|Neutralizing Gas
|move|p2a: Ting-Lu|Whirlwind|p1a: Weezing
|-end|p1a: Weezing|ability: Neutralizing Gas
|-ability|p2a: Ting-Lu|Vessel of Ruin
|drag|p1a: Hoopa|Hoopa-Unbound|100/100
|-damage|p1a: Hoopa|88/100|[from] Stealth Rock
|-damage|p1a: Hoopa|76/100|[from] Spikes
|
|-heal|p2a: Ting-Lu|62/100 tox|[from] item: Leftovers
|-damage|p2a: Ting-Lu|43/100 tox|[from] psn
|upkeep
|turn|17
|
|t:|1776070276
|move|p1a: Hoopa|Knock Off|p2a: Ting-Lu
|-resisted|p2a: Ting-Lu
|-damage|p2a: Ting-Lu|18/100 tox
|-enditem|p2a: Ting-Lu|Leftovers|[from] move: Knock Off|[of] p1a: Hoopa
|move|p2a: Ting-Lu|Earthquake|p1a: Hoopa
|-damage|p1a: Hoopa|14/100
|
|-damage|p2a: Ting-Lu|0 fnt|[from] psn
|faint|p2a: Ting-Lu
|upkeep
|
|t:|1776070283
|switch|p2a: Meowscarada|Meowscarada, F, shiny|89/100
|turn|18
|
|t:|1776070291
|switch|p1a: Weezing|Weezing-Galar, F|81/100
|-ability|p1a: Weezing|Neutralizing Gas
|move|p2a: Meowscarada|Triple Axel|p1a: Weezing
|-damage|p1a: Weezing|77/100
|-damage|p1a: Weezing|69/100
|-damage|p1a: Weezing|57/100
|-hitcount|p1a: Weezing|3
|
|upkeep
|turn|19
|
|t:|1776070300
|move|p2a: Meowscarada|U-turn|p1a: Weezing
|-resisted|p1a: Weezing
|-damage|p1a: Weezing|53/100
|
|t:|1776070302
|switch|p2a: Pecharunt|Pecharunt|100/100|[from] U-turn
|-damage|p2a: Pecharunt|88/100|[from] Stealth Rock
|-item|p2a: Pecharunt|Air Balloon
|move|p1a: Weezing|Defog|p2a: Pecharunt
|-unboost|p2a: Pecharunt|evasion|1
|-sideend|p2: Maxime.1010|Stealth Rock|[from] move: Defog|[of] p1a: Weezing
|-sideend|p1: randomguy606060|Spikes|[from] move: Defog|[of] p1a: Weezing
|-sideend|p1: randomguy606060|Stealth Rock|[from] move: Defog|[of] p1a: Weezing
|
|upkeep
|turn|20
|
|t:|1776070314
|move|p2a: Pecharunt|Malignant Chain|p1a: Weezing
|-damage|p1a: Weezing|12/100
|move|p1a: Weezing|Will-O-Wisp|p2a: Pecharunt
|-status|p2a: Pecharunt|brn
|
|-damage|p2a: Pecharunt|82/100 brn|[from] brn
|upkeep
|turn|21
|inactive|randomguy606060 has 120 seconds left.
|inactive|randomguy606060 has 90 seconds left.
|
|t:|1776070387
|-end|p1a: Weezing|ability: Neutralizing Gas
|switch|p1a: Corviknight|Corviknight, M|88/100
|-ability|p1a: Corviknight|Pressure
|move|p2a: Pecharunt|Malignant Chain|p1a: Corviknight
|-immune|p1a: Corviknight
|
|-damage|p2a: Pecharunt|76/100 brn|[from] brn
|upkeep
|turn|22
|
|t:|1776070393
|move|p2a: Pecharunt|Parting Shot|p1a: Corviknight
|-unboost|p1a: Corviknight|atk|1
|-unboost|p1a: Corviknight|spa|1
|
|t:|1776070404
|switch|p2a: Alomomola|Alomomola, F|100/100|[from] Parting Shot
|move|p1a: Corviknight|U-turn|p2a: Alomomola
|-damage|p2a: Alomomola|94/100
|
|t:|1776070410
|switch|p1a: Alomomola|Alomomola, M|100/100|[from] U-turn
|
|upkeep
|turn|23
|
|t:|1776070419
|move|p2a: Alomomola|Protect|p2a: Alomomola
|-singleturn|p2a: Alomomola|Protect
|move|p1a: Alomomola|Wish|p1a: Alomomola
|
|upkeep
|turn|24
|
|t:|1776070424
|move|p2a: Alomomola|Wish|p2a: Alomomola
|move|p1a: Alomomola|Flip Turn|p2a: Alomomola
|-resisted|p2a: Alomomola
|-damage|p2a: Alomomola|88/100
|
|t:|1776070427
|switch|p1a: Hoopa|Hoopa-Unbound|14/100|[from] Flip Turn
|
|-heal|p1a: Hoopa|100/100|[from] move: Wish|[wisher] Alomomola
|upkeep
|turn|25
|inactive|randomguy606060 has 120 seconds left.
|
|t:|1776070437
|move|p1a: Hoopa|Hyperspace Fury|p2a: Alomomola
|-damage|p2a: Alomomola|26/100
|-unboost|p1a: Hoopa|def|1
|move|p2a: Alomomola|Flip Turn|p1a: Hoopa
|-damage|p1a: Hoopa|58/100
|
|t:|1776070442
|switch|p2a: Latias|Latias, F, shiny|77/100 tox|[from] Flip Turn
|
|-heal|p2a: Latias|100/100 tox|[from] move: Wish|[wisher] Alomomola
|-damage|p2a: Latias|94/100 tox|[from] psn
|upkeep
|turn|26
|
|t:|1776070448
|move|p1a: Hoopa|Hyperspace Fury|p2a: Latias
|-supereffective|p2a: Latias
|-damage|p2a: Latias|0 fnt
|-unboost|p1a: Hoopa|def|1
|faint|p2a: Latias
|
|upkeep
|-message|Maxime.1010 forfeited.
|
|win|randomguy606060
|raw|randomguy606060's rating: 1237 &rarr; <strong>1266</strong><br />(+29 for winning)
|raw|Maxime.1010's rating: 1300 &rarr; <strong>1271</strong><br />(-29 for losing)
|l|☆Maxime.1010
|player|p2|
|l| ohko_smeargle
|l|☆randomguy606060
|player|p1|
