|html|<div class="broadcast-blue"><strong>[Gen 9] OU is currently suspecting Tera Blast! For information on how to participate check out the <a href="https://www.smogon.com/tools/suspects/view/200">suspect thread</a>.</strong></div>
|j|☆bettercalltilin
|j|☆mastersannin
|t:|1776104469
|gametype|singles
|player|p1|bettercalltilin|102|1607
|player|p2|mastersannin|2|1623
|gen|9
|tier|[Gen 9] OU
|rated|
|rule|HP Percentage Mod: HP is shown in percentages
|rule|Endless Battle Clause: Forcing endless battles is banned
|rule|Species Clause: Limit one of each Pokémon
|rule|OHKO Clause: OHKO moves are banned
|rule|Evasion Items Clause: Evasion items are banned
|rule|Evasion Moves Clause: Evasion moves are banned
|rule|Evasion Abilities Clause: Evasion abilities are banned
|rule|Sleep Moves Clause: Sleep-inducing moves are banned
|clearpoke
|poke|p1|Maushold|
|poke|p1|Ogerpon-Wellspring, F|
|poke|p1|Kommo-o, M|
|poke|p1|Ninetales-Alola, M|
|poke|p1|Kyurem|
|poke|p1|Gholdengo|
|poke|p2|Samurott-Hisui, F|
|poke|p2|Zapdos|
|poke|p2|Iron Treads|
|poke|p2|Ceruledge, M|
|poke|p2|Gholdengo|
|poke|p2|Kingambit, M|
|teampreview
|
|t:|1776104485
|teamsize|p1|6
|teamsize|p2|6
|start
|switch|p1a: Ogerpon|Ogerpon-Wellspring, F|100/100
|switch|p2a: Samurott|Samurott-Hisui, F|100/100
|turn|1
|
|t:|1776104493
|-terastallize|p2a: Samurott|Poison
|move|p1a: Ogerpon|Power Whip|p2a: Samurott
|-resisted|p2a: Samurott
|-damage|p2a: Samurott|63/100
|move|p2a: Samurott|Ceaseless Edge|p1a: Ogerpon
|-damage|p1a: Ogerpon|50/100
|-sidestart|p1: bettercalltilin|Spikes
|
|upkeep
|turn|2
|
|t:|1776104502
|move|p2a: Samurott|Sucker Punch|p1a: Ogerpon
|-damage|p1a: Ogerpon|12/100
|move|p1a: Ogerpon|Ivy Cudgel|p2a: Samurott|[anim] Ivy Cudgel Water
|-damage|p2a: Samurott|2/100
|
|upkeep
|turn|3
|
|t:|1776104509
|move|p2a: Samurott|Sucker Punch|p1a: Ogerpon
|-crit|p1a: Ogerpon
|-damage|p1a: Ogerpon|0 fnt
|faint|p1a: Ogerpon
|
|upkeep
|
|t:|1776104516
|switch|p1a: Maushold|Maushold|100/100
|-damage|p1a: Maushold|88/100|[from] Spikes
|turn|4
|
|t:|1776104520
|move|p1a: Maushold|Encore|p2a: Samurott
|-start|p2a: Samurott|Encore
|move|p2a: Samurott|Sucker Punch||[still]
|-fail|p2a: Samurott
|
|upkeep
|turn|5
|
|t:|1776104524
|switch|p2a: Gholdengo|Gholdengo|100/100
|-item|p2a: Gholdengo|Air Balloon
|move|p1a: Maushold|Tidy Up|p1a: Maushold
|-sideend|p1: bettercalltilin|Spikes
|-activate|p1a: Maushold|move: Tidy Up
|-boost|p1a: Maushold|atk|1
|-boost|p1a: Maushold|spe|1
|
|upkeep
|turn|6
|
|t:|1776104528
|move|p1a: Maushold|Tidy Up|p1a: Maushold
|-boost|p1a: Maushold|atk|1
|-boost|p1a: Maushold|spe|1
|move|p2a: Gholdengo|Focus Blast|p1a: Maushold|[miss]
|-miss|p2a: Gholdengo|p1a: Maushold
|
|upkeep
|turn|7
|
|t:|1776104538
|move|p1a: Maushold|Bite|p2a: Gholdengo
|-supereffective|p2a: Gholdengo
|-damage|p2a: Gholdengo|40/100
|-enditem|p2a: Gholdengo|Air Balloon
|cant|p2a: Gholdengo|flinch
|
|upkeep
|turn|8
|
|t:|1776104544
|switch|p2a: Samurott|Samurott-Hisui, F, tera:Poison|2/100
|move|p1a: Maushold|Bite|p2a: Samurott
|-damage|p2a: Samurott|0 fnt
|faint|p2a: Samurott
|
|upkeep
|
|t:|1776104549
|switch|p2a: Ceruledge|Ceruledge, M|100/100
|turn|9
|
|t:|1776104565
|switch|p2a: Zapdos|Zapdos|100/100
|move|p1a: Maushold|Bite|p2a: Zapdos
|-damage|p2a: Zapdos|71/100
|
|upkeep
|turn|10
|
|t:|1776104571
|move|p1a: Maushold|Population Bomb|p2a: Zapdos
|-damage|p2a: Zapdos|54/100
|-damage|p2a: Zapdos|38/100
|-damage|p2a: Zapdos|22/100
|-status|p1a: Maushold|par|[from] ability: Static|[of] p2a: Zapdos
|-damage|p2a: Zapdos|7/100
|-damage|p2a: Zapdos|0 fnt
|faint|p2a: Zapdos
|-hitcount|p2: Zapdos|5
|
|upkeep
|
|t:|1776104581
|switch|p2a: Iron Treads|Iron Treads|100/100
|turn|11
|
|t:|1776104585
|move|p1a: Maushold|Population Bomb|p2a: Iron Treads
|-resisted|p2a: Iron Treads
|-crit|p2a: Iron Treads
|-damage|p2a: Iron Treads|84/100
|-resisted|p2a: Iron Treads
|-damage|p2a: Iron Treads|75/100
|-resisted|p2a: Iron Treads
|-damage|p2a: Iron Treads|65/100
|-resisted|p2a: Iron Treads
|-damage|p2a: Iron Treads|56/100
|-resisted|p2a: Iron Treads
|-damage|p2a: Iron Treads|46/100
|-resisted|p2a: Iron Treads
|-damage|p2a: Iron Treads|37/100
|-resisted|p2a: Iron Treads
|-damage|p2a: Iron Treads|27/100
|-resisted|p2a: Iron Treads
|-damage|p2a: Iron Treads|16/100
|-resisted|p2a: Iron Treads
|-damage|p2a: Iron Treads|7/100
|-resisted|p2a: Iron Treads
|-damage|p2a: Iron Treads|0 fnt
|faint|p2a: Iron Treads
|-end|p2a: Iron Treads|Quark Drive|[silent]
|-hitcount|p2: Iron Treads|10
|
|upkeep
|
|t:|1776104590
|switch|p2a: Ceruledge|Ceruledge, M|100/100
|turn|12
|
|t:|1776104604
|cant|p1a: Maushold|par
|move|p2a: Ceruledge|Bitter Blade|p1a: Maushold
|-damage|p1a: Maushold|12/100 par
|
|upkeep
|turn|13
|
|t:|1776104613
|move|p1a: Maushold|Bite|p2a: Ceruledge
|-supereffective|p2a: Ceruledge
|-damage|p2a: Ceruledge|1/100
|-ability|p2a: Ceruledge|Weak Armor|boost
|-unboost|p2a: Ceruledge|def|1
|-boost|p2a: Ceruledge|spe|2
|cant|p2a: Ceruledge|flinch
|
|upkeep
|turn|14
|
|t:|1776104619
|move|p2a: Ceruledge|Bitter Blade|p1a: Maushold
|-damage|p1a: Maushold|0 fnt
|-heal|p2a: Ceruledge|6/100|[from] drain|[of] p1a: Maushold
|faint|p1a: Maushold
|
|upkeep
|
|t:|1776104627
|switch|p1a: Kommo-o|Kommo-o, M, shiny|100/100
|turn|15
|
|t:|1776104630
|move|p2a: Ceruledge|Poltergeist|p1a: Kommo-o
|-activate|p1a: Kommo-o|move: Poltergeist|Leftovers
|-damage|p1a: Kommo-o|50/100
|move|p1a: Kommo-o|Shadow Claw|p2a: Ceruledge
|-supereffective|p2a: Ceruledge
|-damage|p2a: Ceruledge|0 fnt
|faint|p2a: Ceruledge
|
|-heal|p1a: Kommo-o|57/100|[from] item: Leftovers
|upkeep
|
|t:|1776104637
|switch|p2a: Kingambit|Kingambit, M|100/100
|-activate|p2a: Kingambit|ability: Supreme Overlord
|-start|p2a: Kingambit|fallen4|[silent]
|turn|16
|
|t:|1776104641
|move|p1a: Kommo-o|Drain Punch|p2a: Kingambit
|-supereffective|p2a: Kingambit
|-damage|p2a: Kingambit|2/100
|-heal|p1a: Kommo-o|100/100|[from] drain|[of] p2a: Kingambit
|move|p2a: Kingambit|Low Kick|p1a: Kommo-o
|-damage|p1a: Kommo-o|71/100
|
|-heal|p1a: Kommo-o|77/100|[from] item: Leftovers
|-heal|p2a: Kingambit|8/100|[from] item: Leftovers
|upkeep
|turn|17
|-message|mastersannin forfeited.
|
|win|bettercalltilin
|raw|bettercalltilin's rating: 1607 &rarr; <strong>1628</strong><br />(+21 for winning)
|raw|mastersannin's rating: 1623 &rarr; <strong>1602</strong><br />(-21 for losing)
|l|☆mastersannin
|player|p2|
|l|☆bettercalltilin
|player|p1|
