|html|<div class="broadcast-blue"><strong>[Gen 9] OU is currently suspecting Tera Blast! For information on how to participate check out the <a href="https://www.smogon.com/tools/suspects/view/200">suspect thread</a>.</strong></div>
|j|☆vzn.exe
|j|☆nimish2988
|t:|1776069578
|gametype|singles
|player|p1|vzn.exe|lusamine-nihilego|1040
|player|p2|nimish2988|102|1000
|gen|9
|tier|[Gen 9] OU
|rated|
|rule|HP Percentage Mod: HP is shown in percentages
|rule|Endless Battle Clause: Forcing endless battles is banned
|rule|Species Clause: Limit one of each Pokémon
|rule|OHKO Clause: OHKO moves are banned
|rule|Evasion Items Clause: Evasion items are banned
|rule|Evasion Moves Clause: Evasion moves are banned
|rule|Evasion Abilities Clause: Evasion abilities are banned
|rule|Sleep Moves Clause: Sleep-inducing moves are banned
|clearpoke
|poke|p1|Kyurem|
|poke|p1|Cinderace, F|
|poke|p1|Tornadus-Therian, M|
|poke|p1|Hatterene, F|
|poke|p1|Great Tusk|
|poke|p1|Kingambit, F|
|poke|p2|Iron Treads|
|poke|p2|Cinderace, M|
|poke|p2|Greninja-*, M|
|poke|p2|Tyranitar, F|
|poke|p2|Toucannon, M|
|poke|p2|Dragapult, F|
|teampreview
|
|t:|1776069596
|teamsize|p1|6
|teamsize|p2|6
|start
|switch|p1a: Kyurem|Kyurem|100/100
|switch|p2a: Iron Treads|Iron Treads, shiny|100/100
|-ability|p1a: Kyurem|Pressure
|turn|1
|inactive|Battle timer is ON: inactive players will automatically lose when time's up. (requested by vzn.exe)
|-activate|p2a: Iron Treads|item: Quick Claw
|
|t:|1776069613
|move|p2a: Iron Treads|Stealth Rock|p1a: Kyurem
|-sidestart|p1: vzn.exe|move: Stealth Rock
|move|p1a: Kyurem|Ice Beam|p2a: Iron Treads
|-damage|p2a: Iron Treads|0 fnt
|faint|p2a: Iron Treads
|-end|p2a: Iron Treads|Quark Drive|[silent]
|
|upkeep
|
|t:|1776069634
|switch|p2a: Cinderace|Cinderace, M, shiny|100/100
|turn|2
|
|t:|1776069651
|move|p2a: Cinderace|Pyro Ball|p1a: Kyurem
|-damage|p1a: Kyurem|52/100
|move|p1a: Kyurem|Ice Beam|p2a: Cinderace
|-resisted|p2a: Cinderace
|-damage|p2a: Cinderace|52/100
|-enditem|p2a: Cinderace|Red Card|[of] p1a: Kyurem
|drag|p1a: Hatterene|Hatterene, F|100/100
|-damage|p1a: Hatterene|88/100|[from] Stealth Rock
|
|-heal|p1a: Hatterene|94/100|[from] item: Leftovers
|upkeep
|turn|3
|
|t:|1776069669
|move|p2a: Cinderace|Gunk Shot|p1a: Hatterene|[miss]
|-start|p2a: Cinderace|typechange|Poison|[from] ability: Libero
|-miss|p2a: Cinderace|p1a: Hatterene
|move|p1a: Hatterene|Nuzzle|p2a: Cinderace
|-damage|p2a: Cinderace|47/100
|-status|p2a: Cinderace|par
|
|-heal|p1a: Hatterene|99/100|[from] item: Leftovers
|upkeep
|turn|4
|
|t:|1776069695
|switch|p2a: Greninja|Greninja, M, shiny|100/100
|switch|p1a: Great Tusk|Great Tusk|100/100
|-damage|p1a: Great Tusk|98/100|[from] Stealth Rock
|
|upkeep
|turn|5
|inactive|vzn.exe has 120 seconds left.
|inactive|nimish2988 has 120 seconds left.
|
|t:|1776069712
|-end|p1a: Great Tusk|Protosynthesis|[silent]
|switch|p1a: Kyurem|Kyurem|52/100
|-damage|p1a: Kyurem|27/100|[from] Stealth Rock
|-ability|p1a: Kyurem|Pressure
|move|p2a: Greninja|Ice Beam|p1a: Kyurem
|-start|p2a: Greninja|typechange|Ice|[from] ability: Protean
|-damage|p1a: Kyurem|0 fnt
|faint|p1a: Kyurem
|
|upkeep
|inactive|vzn.exe has 120 seconds left.
|
|t:|1776069730
|switch|p1a: Kingambit|Kingambit, F|100/100
|-damage|p1a: Kingambit|94/100|[from] Stealth Rock
|-activate|p1a: Kingambit|ability: Supreme Overlord
|-start|p1a: Kingambit|fallen1|[silent]
|turn|6
|
|t:|1776069747
|move|p2a: Greninja|Liquidation|p1a: Kingambit
|-damage|p1a: Kingambit|78/100
|move|p1a: Kingambit|Kowtow Cleave|p2a: Greninja
|-damage|p2a: Greninja|22/100
|
|-heal|p1a: Kingambit|84/100|[from] item: Leftovers
|upkeep
|turn|7
|inactive|nimish2988 has 120 seconds left.
|
|t:|1776069769
|switch|p2a: Cinderace|Cinderace, M, shiny|47/100 par
|move|p1a: Kingambit|Sucker Punch||[still]
|-fail|p1a: Kingambit
|
|-heal|p1a: Kingambit|91/100|[from] item: Leftovers
|upkeep
|turn|8
|inactive|nimish2988 has 120 seconds left.
|
|t:|1776069786
|move|p1a: Kingambit|Sucker Punch||[still]
|-fail|p1a: Kingambit
|move|p2a: Cinderace|Swords Dance|p2a: Cinderace
|-start|p2a: Cinderace|typechange|Normal|[from] ability: Libero
|-boost|p2a: Cinderace|atk|2
|
|-heal|p1a: Kingambit|97/100|[from] item: Leftovers
|upkeep
|turn|9
|inactive|nimish2988 has 120 seconds left.
|
|t:|1776069801
|move|p1a: Kingambit|Sucker Punch|p2a: Cinderace
|-damage|p2a: Cinderace|0 fnt
|faint|p2a: Cinderace
|
|-heal|p1a: Kingambit|100/100|[from] item: Leftovers
|upkeep
|
|t:|1776069817
|switch|p2a: Tyranitar|Tyranitar, F, shiny|100/100
|-weather|Sandstorm|[from] ability: Sand Stream|[of] p2a: Tyranitar
|turn|10
|
|t:|1776069834
|-end|p1a: Kingambit|fallen1|[silent]
|switch|p1a: Great Tusk|Great Tusk|98/100
|-damage|p1a: Great Tusk|95/100|[from] Stealth Rock
|move|p2a: Tyranitar|Earthquake|p1a: Great Tusk
|-damage|p1a: Great Tusk|72/100
|
|-weather|Sandstorm|[upkeep]
|upkeep
|turn|11
|
|t:|1776069852
|move|p1a: Great Tusk|Ice Spinner|p2a: Tyranitar
|-damage|p2a: Tyranitar|81/100
|-damage|p1a: Great Tusk|56/100|[from] item: Rocky Helmet|[of] p2a: Tyranitar
|move|p2a: Tyranitar|Avalanche|p1a: Great Tusk
|-supereffective|p1a: Great Tusk
|-damage|p1a: Great Tusk|10/100
|-damage|p2a: Tyranitar|64/100|[from] item: Rocky Helmet|[of] p1a: Great Tusk
|
|-weather|Sandstorm|[upkeep]
|upkeep
|turn|12
|inactive|vzn.exe has 90 seconds left.
|
|t:|1776069870
|move|p1a: Great Tusk|Headlong Rush|p2a: Tyranitar
|-supereffective|p2a: Tyranitar
|-damage|p2a: Tyranitar|0 fnt
|-unboost|p1a: Great Tusk|def|1
|-unboost|p1a: Great Tusk|spd|1
|-damage|p1a: Great Tusk|0 fnt|[from] item: Rocky Helmet|[of] p2a: Tyranitar
|faint|p2a: Tyranitar
|faint|p1a: Great Tusk
|-end|p1a: Great Tusk|Protosynthesis|[silent]
|
|-weather|Sandstorm|[upkeep]
|upkeep
|inactive|vzn.exe has 90 seconds left.
|
|t:|1776069887
|switch|p1a: Kingambit|Kingambit, F|100/100
|switch|p2a: Greninja|Greninja, M, shiny|22/100
|-damage|p1a: Kingambit|94/100|[from] Stealth Rock
|-activate|p1a: Kingambit|ability: Supreme Overlord
|-start|p1a: Kingambit|fallen2|[silent]
|turn|13
|
|t:|1776069905
|move|p1a: Kingambit|Sucker Punch|p2a: Greninja
|-resisted|p2a: Greninja
|-damage|p2a: Greninja|0 fnt
|faint|p2a: Greninja
|
|-weather|Sandstorm|[upkeep]
|-heal|p1a: Kingambit|100/100|[from] item: Leftovers
|upkeep
|inactive|nimish2988 has 90 seconds left.
|
|t:|1776069921
|switch|p2a: Toucannon|Toucannon, M, shiny|100/100
|turn|14
|inactive|nimish2988 has 90 seconds left.
|
|t:|1776069936
|move|p2a: Toucannon|Rock Blast|p1a: Kingambit
|-resisted|p1a: Kingambit
|-damage|p1a: Kingambit|97/100
|-resisted|p1a: Kingambit
|-damage|p1a: Kingambit|94/100
|-resisted|p1a: Kingambit
|-damage|p1a: Kingambit|90/100
|-resisted|p1a: Kingambit
|-damage|p1a: Kingambit|87/100
|-resisted|p1a: Kingambit
|-damage|p1a: Kingambit|84/100
|-hitcount|p1a: Kingambit|5
|move|p1a: Kingambit|Kowtow Cleave|p2a: Toucannon
|-damage|p2a: Toucannon|18/100
|
|-weather|none
|-heal|p1a: Kingambit|90/100|[from] item: Leftovers
|upkeep
|turn|15
|
|t:|1776069954
|move|p2a: Toucannon|Fury Attack|p1a: Kingambit
|-resisted|p1a: Kingambit
|-damage|p1a: Kingambit|87/100
|-resisted|p1a: Kingambit
|-damage|p1a: Kingambit|84/100
|-resisted|p1a: Kingambit
|-damage|p1a: Kingambit|81/100
|-resisted|p1a: Kingambit
|-damage|p1a: Kingambit|78/100
|-resisted|p1a: Kingambit
|-damage|p1a: Kingambit|76/100
|-hitcount|p1a: Kingambit|5
|move|p1a: Kingambit|Kowtow Cleave|p2a: Toucannon
|-damage|p2a: Toucannon|0 fnt
|faint|p2a: Toucannon
|
|-heal|p1a: Kingambit|82/100|[from] item: Leftovers
|upkeep
|
|t:|1776069972
|switch|p2a: Dragapult|Dragapult, F, shiny|100/100
|turn|16
|inactive|nimish2988 has 60 seconds left.
|
|t:|1776070005
|move|p2a: Dragapult|Thunder|p1a: Kingambit|[miss]
|-miss|p2a: Dragapult|p1a: Kingambit
|move|p1a: Kingambit|Kowtow Cleave|p2a: Dragapult
|-supereffective|p2a: Dragapult
|-damage|p2a: Dragapult|0 fnt
|faint|p2a: Dragapult
|
|win|vzn.exe
|raw|vzn.exe's rating: 1040 &rarr; <strong>1070</strong><br />(+30 for winning)
|raw|nimish2988's rating: 1000 &rarr; <strong>1000</strong><br />(+0 for losing)
|l|☆vzn.exe
|player|p1|
|l|☆nimish2988
|player|p2|
