|html|<div class="broadcast-blue"><strong>[Gen 9] OU is currently suspecting Tera Blast! For information on how to participate check out the <a href="https://www.smogon.com/tools/suspects/view/200">suspect thread</a>.</strong></div>
|j|☆cecestar
|j|☆Kantola
|t:|1776254836
|gametype|singles
|player|p1|cecestar|cynthia-gen4|
|player|p2|Kantola|266|
|gen|9
|tier|[Gen 9] OU
|rule|HP Percentage Mod: HP is shown in percentages
|rule|Endless Battle Clause: Forcing endless battles is banned
|rule|Species Clause: Limit one of each Pokémon
|rule|OHKO Clause: OHKO moves are banned
|rule|Evasion Items Clause: Evasion items are banned
|rule|Evasion Moves Clause: Evasion moves are banned
|rule|Evasion Abilities Clause: Evasion abilities are banned
|rule|Sleep Moves Clause: Sleep-inducing moves are banned
|clearpoke
|poke|p1|Samurott-Hisui, F|
|poke|p1|Garchomp, F|
|poke|p1|Iron Moth|
|poke|p1|Clodsire, F|
|poke|p1|Ceruledge, F|
|poke|p1|Skarmory, F|
|poke|p2|Pelipper, M|
|poke|p2|Kingdra, M|
|poke|p2|Great Tusk|
|poke|p2|Amoonguss, F|
|poke|p2|Zapdos|
|poke|p2|Basculegion, M|
|teampreview
|
|t:|1776254894
|teamsize|p1|6
|teamsize|p2|6
|start
|switch|p1a: Aria|Garchomp, F|100/100
|switch|p2a: Great Tusk|Great Tusk|100/100
|turn|1
|
|t:|1776254930
|move|p1a: Aria|Swords Dance|p1a: Aria
|-boost|p1a: Aria|atk|2
|move|p2a: Great Tusk|Rapid Spin|p1a: Aria
|-damage|p1a: Aria|82/100
|-boost|p2a: Great Tusk|spe|1
|-damage|p2a: Great Tusk|88/100|[from] ability: Rough Skin|[of] p1a: Aria
|
|upkeep
|turn|2
|
|t:|1776254943
|-terastallize|p2a: Great Tusk|Ground
|move|p2a: Great Tusk|Headlong Rush|p1a: Aria
|-damage|p1a: Aria|0 fnt
|-unboost|p2a: Great Tusk|def|1
|-unboost|p2a: Great Tusk|spd|1
|-damage|p2a: Great Tusk|76/100|[from] ability: Rough Skin|[of] p1a: Aria
|faint|p1a: Aria
|
|upkeep
|
|t:|1776254959
|switch|p1a: Lillie|Skarmory, F|100/100
|turn|3
|
|t:|1776254971
|-end|p2a: Great Tusk|Protosynthesis|[silent]
|switch|p2a: Pelipper|Pelipper, M, shiny|100/100
|-weather|RainDance|[from] ability: Drizzle|[of] p2a: Pelipper
|move|p1a: Lillie|Whirlwind|p2a: Pelipper
|drag|p2a: Zapdos|Zapdos|100/100
|
|-weather|RainDance|[upkeep]
|upkeep
|turn|4
|
|t:|1776254981
|move|p2a: Zapdos|Weather Ball|p1a: Lillie
|-damage|p1a: Lillie|44/100
|move|p1a: Lillie|Stealth Rock|p2a: Zapdos
|-sidestart|p2: Kantola|move: Stealth Rock
|
|-weather|RainDance|[upkeep]
|upkeep
|turn|5
|
|t:|1776255014
|switch|p1a: Lila|Samurott-Hisui, F|100/100
|move|p2a: Zapdos|Weather Ball|p1a: Lila
|-resisted|p1a: Lila
|-damage|p1a: Lila|83/100
|
|-weather|RainDance|[upkeep]
|upkeep
|turn|6
|
|t:|1776255028
|move|p1a: Lila|Sucker Punch|p2a: Zapdos
|-damage|p2a: Zapdos|61/100
|move|p2a: Zapdos|Thunder|p1a: Lila
|-supereffective|p1a: Lila
|-damage|p1a: Lila|0 fnt
|faint|p1a: Lila
|
|-weather|RainDance|[upkeep]
|upkeep
|
|t:|1776255040
|switch|p1a: Bertha|Clodsire, F, shiny|100/100
|turn|7
|
|t:|1776255052
|-terastallize|p1a: Bertha|Steel
|move|p2a: Zapdos|Weather Ball|p1a: Bertha
|-damage|p1a: Bertha|72/100
|move|p1a: Bertha|Sludge Wave|p2a: Zapdos
|-damage|p2a: Zapdos|49/100
|
|-weather|RainDance|[upkeep]
|upkeep
|turn|8
|
|t:|1776255066
|switch|p2a: Great Tusk|Great Tusk, tera:Ground|76/100
|move|p1a: Bertha|Toxic|p2a: Great Tusk
|-status|p2a: Great Tusk|tox
|
|-weather|RainDance|[upkeep]
|-damage|p2a: Great Tusk|70/100 tox|[from] psn
|upkeep
|turn|9
|
|t:|1776255075
|switch|p1a: Luna|Ceruledge, F|100/100
|move|p2a: Great Tusk|Rapid Spin|p1a: Luna
|-immune|p1a: Luna
|
|-weather|RainDance|[upkeep]
|-damage|p2a: Great Tusk|57/100 tox|[from] psn
|upkeep
|turn|10
|
|t:|1776255082
|switch|p1a: Bertha|Clodsire, F, shiny, tera:Steel|72/100
|move|p2a: Great Tusk|Headlong Rush|p1a: Bertha
|-supereffective|p1a: Bertha
|-damage|p1a: Bertha|0 fnt
|-unboost|p2a: Great Tusk|def|1
|-unboost|p2a: Great Tusk|spd|1
|faint|p1a: Bertha
|
|-weather|none
|-damage|p2a: Great Tusk|39/100 tox|[from] psn
|upkeep
|
|t:|1776255097
|switch|p1a: Luna|Ceruledge, F|100/100
|turn|11
|
|t:|1776255108
|switch|p1a: Lillie|Skarmory, F|44/100
|move|p2a: Great Tusk|Headlong Rush|p1a: Lillie
|-immune|p1a: Lillie
|
|-damage|p2a: Great Tusk|14/100 tox|[from] psn
|upkeep
|turn|12
|
|t:|1776255117
|move|p2a: Great Tusk|Knock Off|p1a: Lillie
|-damage|p1a: Lillie|18/100
|-damage|p2a: Great Tusk|0 fnt|[from] item: Rocky Helmet|[of] p1a: Lillie
|faint|p2a: Great Tusk
|-end|p2a: Great Tusk|Protosynthesis|[silent]
|move|p1a: Lillie|Roost|p1a: Lillie
|-heal|p1a: Lillie|68/100
|-singleturn|p1a: Lillie|move: Roost
|
|upkeep
|
|t:|1776255124
|switch|p2a: Pelipper|Pelipper, M, shiny|100/100
|-damage|p2a: Pelipper|76/100|[from] Stealth Rock
|-weather|RainDance|[from] ability: Drizzle|[of] p2a: Pelipper
|turn|13
|
|t:|1776255131
|move|p1a: Lillie|Roost|p1a: Lillie
|-heal|p1a: Lillie|100/100
|-singleturn|p1a: Lillie|move: Roost
|move|p2a: Pelipper|Hurricane|p1a: Lillie
|-resisted|p1a: Lillie
|-damage|p1a: Lillie|80/100
|-start|p1a: Lillie|confusion
|
|-weather|RainDance|[upkeep]
|upkeep
|turn|14
|
|t:|1776255140
|move|p2a: Pelipper|U-turn|p1a: Lillie
|-resisted|p1a: Lillie
|-damage|p1a: Lillie|78/100
|-damage|p2a: Pelipper|59/100|[from] item: Rocky Helmet|[of] p1a: Lillie
|
|t:|1776255145
|switch|p2a: Kingdra|Kingdra, M|100/100|[from] U-turn
|-damage|p2a: Kingdra|88/100|[from] Stealth Rock
|-activate|p1a: Lillie|confusion
|-damage|p1a: Lillie|74/100|[from] confusion
|
|-weather|RainDance|[upkeep]
|upkeep
|turn|15
|
|t:|1776255157
|move|p2a: Kingdra|Weather Ball|p1a: Lillie
|-damage|p1a: Lillie|0 fnt
|faint|p1a: Lillie
|
|-weather|RainDance|[upkeep]
|upkeep
|
|t:|1776255172
|switch|p1a: Atlas|Iron Moth|100/100
|-enditem|p1a: Atlas|Booster Energy
|-activate|p1a: Atlas|ability: Quark Drive|[fromitem]
|-start|p1a: Atlas|quarkdrivespe
|turn|16
|
|t:|1776255187
|switch|p2a: Amoonguss|Amoonguss, F|100/100
|-damage|p2a: Amoonguss|88/100|[from] Stealth Rock
|move|p1a: Atlas|Dazzling Gleam|p2a: Amoonguss
|-resisted|p2a: Amoonguss
|-damage|p2a: Amoonguss|76/100
|
|-weather|RainDance|[upkeep]
|upkeep
|turn|17
|
|t:|1776255204
|move|p1a: Atlas|Fiery Dance|p2a: Amoonguss
|-supereffective|p2a: Amoonguss
|-crit|p2a: Amoonguss
|-damage|p2a: Amoonguss|14/100
|move|p2a: Amoonguss|Stun Spore|p1a: Atlas
|-status|p1a: Atlas|par
|
|-weather|RainDance|[upkeep]
|upkeep
|turn|18
|
|t:|1776255217
|move|p1a: Atlas|Fiery Dance|p2a: Amoonguss
|-supereffective|p2a: Amoonguss
|-damage|p2a: Amoonguss|0 fnt
|faint|p2a: Amoonguss
|
|-weather|RainDance|[upkeep]
|upkeep
|
|t:|1776255235
|switch|p2a: Basculegion|Basculegion, M|100/100
|-damage|p2a: Basculegion|88/100|[from] Stealth Rock
|turn|19
|
|t:|1776255244
|move|p2a: Basculegion|Wave Crash|p1a: Atlas
|-supereffective|p1a: Atlas
|-damage|p1a: Atlas|0 fnt
|faint|p1a: Atlas
|-end|p1a: Atlas|Quark Drive|[silent]
|-damage|p2a: Basculegion|62/100|[from] Recoil
|
|-weather|RainDance|[upkeep]
|upkeep
|
|t:|1776255247
|switch|p1a: Luna|Ceruledge, F|100/100
|turn|20
|
|t:|1776255251
|move|p1a: Luna|Shadow Sneak|p2a: Basculegion
|-supereffective|p2a: Basculegion
|-damage|p2a: Basculegion|0 fnt
|faint|p2a: Basculegion
|-damage|p1a: Luna|91/100|[from] item: Life Orb
|
|-weather|none
|upkeep
|
|t:|1776255255
|switch|p2a: Pelipper|Pelipper, M, shiny|59/100
|-damage|p2a: Pelipper|35/100|[from] Stealth Rock
|-weather|RainDance|[from] ability: Drizzle|[of] p2a: Pelipper
|turn|21
|
|t:|1776255261
|move|p1a: Luna|Swords Dance|p1a: Luna
|-boost|p1a: Luna|atk|2
|move|p2a: Pelipper|Chilling Water|p1a: Luna
|-supereffective|p1a: Luna
|-damage|p1a: Luna|29/100
|-unboost|p1a: Luna|atk|1
|
|-weather|RainDance|[upkeep]
|upkeep
|turn|22
|
|t:|1776255275
|move|p1a: Luna|Shadow Sneak|p2a: Pelipper
|-damage|p2a: Pelipper|1/100
|-damage|p1a: Luna|19/100|[from] item: Life Orb
|move|p2a: Pelipper|Chilling Water|p1a: Luna
|-supereffective|p1a: Luna
|-damage|p1a: Luna|0 fnt
|faint|p1a: Luna
|
|win|Kantola
