|html|<div class="broadcast-blue"><strong>[Gen 9] OU is currently suspecting Tera Blast! For information on how to participate check out the <a href="https://www.smogon.com/tools/suspects/view/200">suspect thread</a>.</strong></div>
|j|☆Anchor9
|j|☆waterser
|t:|1776042189
|gametype|singles
|player|p1|Anchor9|silver|1417
|player|p2|waterser|lucas-gen4pt|1449
|gen|9
|tier|[Gen 9] OU
|rated|
|rule|HP Percentage Mod: HP is shown in percentages
|rule|Endless Battle Clause: Forcing endless battles is banned
|rule|Species Clause: Limit one of each Pokémon
|rule|OHKO Clause: OHKO moves are banned
|rule|Evasion Items Clause: Evasion items are banned
|rule|Evasion Moves Clause: Evasion moves are banned
|rule|Evasion Abilities Clause: Evasion abilities are banned
|rule|Sleep Moves Clause: Sleep-inducing moves are banned
|clearpoke
|poke|p1|Araquanid, M|
|poke|p1|Ampharos, F|
|poke|p1|Dragonite, M|
|poke|p1|Gholdengo|
|poke|p1|Kyurem|
|poke|p1|Great Tusk|
|poke|p2|Great Tusk|
|poke|p2|Gliscor, M|
|poke|p2|Primarina, F|
|poke|p2|Dragonite, M|
|poke|p2|Kingambit, M|
|poke|p2|Gholdengo|
|teampreview
|inactive|Battle timer is ON: inactive players will automatically lose when time's up. (requested by waterser)
|inactive|Anchor9 also wants the timer to be on.
|
|t:|1776042197
|teamsize|p1|6
|teamsize|p2|6
|start
|switch|p1a: Araquanid|Araquanid, M|100/100
|switch|p2a: Great Tusk|Great Tusk|100/100
|turn|1
|
|t:|1776042218
|move|p2a: Great Tusk|Stealth Rock|p1a: Araquanid
|-sidestart|p1: Anchor9|move: Stealth Rock
|move|p1a: Araquanid|Surf|p2a: Great Tusk
|-supereffective|p2a: Great Tusk
|-damage|p2a: Great Tusk|0 fnt
|faint|p2a: Great Tusk
|-end|p2a: Great Tusk|Protosynthesis|[silent]
|
|upkeep
|inactive|waterser has 120 seconds left.
|
|t:|1776042258
|switch|p2a: Kingambit|Kingambit, M|100/100
|-activate|p2a: Kingambit|ability: Supreme Overlord
|-start|p2a: Kingambit|fallen1|[silent]
|turn|2
|inactive|waterser has 120 seconds left.
|inactive|waterser has 90 seconds left.
|
|t:|1776042297
|move|p2a: Kingambit|Kowtow Cleave|p1a: Araquanid
|-damage|p1a: Araquanid|38/100
|move|p1a: Araquanid|Sticky Web|p2a: Kingambit
|-sidestart|p2: waterser|move: Sticky Web
|
|upkeep
|turn|3
|
|t:|1776042304
|move|p1a: Araquanid|Endure|p1a: Araquanid
|-singleturn|p1a: Araquanid|move: Endure
|move|p2a: Kingambit|Kowtow Cleave|p1a: Araquanid
|-activate|p1a: Araquanid|move: Endure
|-damage|p1a: Araquanid|1/100
|
|upkeep
|turn|4
|-enditem|p1a: Araquanid|Custap Berry|[eat]
|-activate|p1a: Araquanid|item: Custap Berry|[consumed]
|
|t:|1776042308
|move|p2a: Kingambit|Sucker Punch|p1a: Araquanid
|-damage|p1a: Araquanid|0 fnt
|faint|p1a: Araquanid
|
|upkeep
|
|t:|1776042310
|switch|p1a: Great Tusk|Great Tusk|100/100
|-damage|p1a: Great Tusk|98/100|[from] Stealth Rock
|-enditem|p1a: Great Tusk|Booster Energy
|-activate|p1a: Great Tusk|ability: Protosynthesis|[fromitem]
|-start|p1a: Great Tusk|protosynthesisspe
|turn|5
|
|t:|1776042316
|-end|p2a: Kingambit|fallen1|[silent]
|switch|p2a: Primarina|Primarina, F|100/100
|-activate|p2a: Primarina|move: Sticky Web
|-unboost|p2a: Primarina|spe|1
|move|p1a: Great Tusk|Bulk Up|p1a: Great Tusk
|-boost|p1a: Great Tusk|atk|1
|-boost|p1a: Great Tusk|def|1
|
|upkeep
|turn|6
|inactive|waterser has 120 seconds left.
|
|t:|1776042322
|move|p1a: Great Tusk|Headlong Rush|p2a: Primarina
|-damage|p2a: Primarina|0 fnt
|-unboost|p1a: Great Tusk|def|1
|-unboost|p1a: Great Tusk|spd|1
|faint|p2a: Primarina
|
|upkeep
|inactive|waterser has 120 seconds left.
|
|t:|1776042330
|switch|p2a: Gliscor|Gliscor, M, shiny|100/100
|turn|7
|
|t:|1776042333
|move|p2a: Gliscor|Protect|p2a: Gliscor
|-singleturn|p2a: Gliscor|Protect
|move|p1a: Great Tusk|Ice Spinner|p2a: Gliscor
|-activate|p2a: Gliscor|move: Protect
|
|-status|p2a: Gliscor|tox|[from] item: Toxic Orb
|upkeep
|turn|8
|
|t:|1776042345
|move|p1a: Great Tusk|Bulk Up|p1a: Great Tusk
|-boost|p1a: Great Tusk|atk|1
|-boost|p1a: Great Tusk|def|1
|move|p2a: Gliscor|Toxic|p1a: Great Tusk
|-status|p1a: Great Tusk|tox
|
|-damage|p1a: Great Tusk|91/100 tox|[from] psn
|upkeep
|turn|9
|
|t:|1776042354
|move|p1a: Great Tusk|Bulk Up|p1a: Great Tusk
|-boost|p1a: Great Tusk|atk|1
|-boost|p1a: Great Tusk|def|1
|move|p2a: Gliscor|Spikes|p1a: Great Tusk
|-sidestart|p1: Anchor9|Spikes
|
|-damage|p1a: Great Tusk|79/100 tox|[from] psn
|upkeep
|turn|10
|
|t:|1776042358
|move|p2a: Gliscor|Protect|p2a: Gliscor
|-singleturn|p2a: Gliscor|Protect
|move|p1a: Great Tusk|Ice Spinner|p2a: Gliscor
|-activate|p2a: Gliscor|move: Protect
|
|-damage|p1a: Great Tusk|60/100 tox|[from] psn
|upkeep
|turn|11
|
|t:|1776042365
|switch|p2a: Gholdengo|Gholdengo|100/100
|-activate|p2a: Gholdengo|move: Sticky Web
|-unboost|p2a: Gholdengo|spe|1
|move|p1a: Great Tusk|Ice Spinner|p2a: Gholdengo
|-resisted|p2a: Gholdengo
|-damage|p2a: Gholdengo|69/100
|
|-damage|p1a: Great Tusk|35/100 tox|[from] psn
|upkeep
|turn|12
|
|t:|1776042373
|move|p1a: Great Tusk|Ice Spinner|p2a: Gholdengo
|-resisted|p2a: Gholdengo
|-damage|p2a: Gholdengo|38/100
|move|p2a: Gholdengo|Shadow Ball|p1a: Great Tusk
|-damage|p1a: Great Tusk|0 fnt
|faint|p1a: Great Tusk
|-end|p1a: Great Tusk|Protosynthesis|[silent]
|
|upkeep
|
|t:|1776042380
|switch|p1a: Dragonite|Dragonite, M|100/100
|turn|13
|
|t:|1776042383
|switch|p2a: Gliscor|Gliscor, M, shiny|100/100 tox
|move|p1a: Dragonite|Dragon Dance|p1a: Dragonite
|-boost|p1a: Dragonite|atk|1
|-boost|p1a: Dragonite|spe|1
|
|upkeep
|turn|14
|
|t:|1776042387
|move|p1a: Dragonite|Dragon Dance|p1a: Dragonite
|-boost|p1a: Dragonite|atk|1
|-boost|p1a: Dragonite|spe|1
|move|p2a: Gliscor|Toxic|p1a: Dragonite
|-status|p1a: Dragonite|tox
|
|-damage|p1a: Dragonite|94/100 tox|[from] psn
|upkeep
|turn|15
|
|t:|1776042392
|move|p1a: Dragonite|Dragon Dance|p1a: Dragonite
|-boost|p1a: Dragonite|atk|1
|-boost|p1a: Dragonite|spe|1
|move|p2a: Gliscor|Knock Off|p1a: Dragonite
|-damage|p1a: Dragonite|71/100 tox
|-enditem|p1a: Dragonite|Heavy-Duty Boots|[from] move: Knock Off|[of] p2a: Gliscor
|
|-damage|p1a: Dragonite|59/100 tox|[from] psn
|upkeep
|turn|16
|
|t:|1776042396
|move|p2a: Gliscor|Protect|p2a: Gliscor
|-singleturn|p2a: Gliscor|Protect
|move|p1a: Dragonite|Ice Spinner|p2a: Gliscor
|-activate|p2a: Gliscor|move: Protect
|
|-damage|p1a: Dragonite|40/100 tox|[from] psn
|upkeep
|turn|17
|
|t:|1776042400
|switch|p2a: Gholdengo|Gholdengo|38/100
|-activate|p2a: Gholdengo|move: Sticky Web
|-unboost|p2a: Gholdengo|spe|1
|move|p1a: Dragonite|Ice Spinner|p2a: Gholdengo
|-resisted|p2a: Gholdengo
|-damage|p2a: Gholdengo|0 fnt
|faint|p2a: Gholdengo
|
|-damage|p1a: Dragonite|15/100 tox|[from] psn
|upkeep
|
|t:|1776042406
|switch|p2a: Gliscor|Gliscor, M, shiny|100/100 tox
|turn|18
|
|t:|1776042409
|move|p2a: Gliscor|Protect|p2a: Gliscor
|-singleturn|p2a: Gliscor|Protect
|move|p1a: Dragonite|Ice Spinner|p2a: Gliscor
|-activate|p2a: Gliscor|move: Protect
|
|-damage|p1a: Dragonite|0 fnt|[from] psn
|faint|p1a: Dragonite
|upkeep
|
|t:|1776042415
|switch|p1a: Gholdengo|Gholdengo|100/100
|-damage|p1a: Gholdengo|94/100|[from] Stealth Rock
|-item|p1a: Gholdengo|Air Balloon
|turn|19
|
|t:|1776042420
|move|p1a: Gholdengo|Nasty Plot|p1a: Gholdengo
|-boost|p1a: Gholdengo|spa|2
|move|p2a: Gliscor|Knock Off|p1a: Gholdengo
|-supereffective|p1a: Gholdengo
|-damage|p1a: Gholdengo|45/100
|-enditem|p1a: Gholdengo|Air Balloon
|
|upkeep
|turn|20
|
|t:|1776042423
|move|p1a: Gholdengo|Make It Rain|p2a: Gliscor
|-damage|p2a: Gliscor|0 fnt
|-unboost|p1a: Gholdengo|spa|1
|faint|p2a: Gliscor
|
|upkeep
|
|t:|1776042429
|switch|p2a: Kingambit|Kingambit, M|100/100
|-activate|p2a: Kingambit|move: Sticky Web
|-unboost|p2a: Kingambit|spe|1
|-activate|p2a: Kingambit|ability: Supreme Overlord
|-start|p2a: Kingambit|fallen4|[silent]
|turn|21
|
|t:|1776042432
|move|p1a: Gholdengo|Focus Blast|p2a: Kingambit|[miss]
|-miss|p1a: Gholdengo|p2a: Kingambit
|move|p2a: Kingambit|Kowtow Cleave|p1a: Gholdengo
|-supereffective|p1a: Gholdengo
|-damage|p1a: Gholdengo|0 fnt
|faint|p1a: Gholdengo
|
|upkeep
|
|t:|1776042437
|switch|p1a: Kyurem|Kyurem|100/100
|-damage|p1a: Kyurem|76/100|[from] Stealth Rock
|-damage|p1a: Kyurem|63/100|[from] Spikes
|-ability|p1a: Kyurem|Pressure
|turn|22
|
|t:|1776042441
|move|p1a: Kyurem|Earth Power|p2a: Kingambit
|-supereffective|p2a: Kingambit
|-damage|p2a: Kingambit|38/100
|move|p2a: Kingambit|Kowtow Cleave|p1a: Kyurem
|-damage|p1a: Kyurem|0 fnt
|faint|p1a: Kyurem
|
|upkeep
|
|t:|1776042446
|switch|p1a: Ampharos|Ampharos, F|100/100
|-damage|p1a: Ampharos|88/100|[from] Stealth Rock
|-damage|p1a: Ampharos|76/100|[from] Spikes
|turn|23
|
|t:|1776042448
|move|p1a: Ampharos|Thunderbolt|p2a: Kingambit
|-damage|p2a: Kingambit|0 fnt
|faint|p2a: Kingambit
|-end|p2a: Kingambit|fallen4|[silent]
|
|upkeep
|
|t:|1776042451
|switch|p2a: Dragonite|Dragonite, M|100/100
|turn|24
|
|t:|1776042453
|-terastallize|p2a: Dragonite|Normal
|-terastallize|p1a: Ampharos|Fairy
|move|p2a: Dragonite|Extreme Speed|p1a: Ampharos
|-damage|p1a: Ampharos|18/100
|move|p1a: Ampharos|Meteor Beam||[still]
|-prepare|p1a: Ampharos|Meteor Beam
|-boost|p1a: Ampharos|spa|1
|-enditem|p1a: Ampharos|Power Herb
|-anim|p1a: Ampharos|Meteor Beam|p2a: Dragonite
|-damage|p2a: Dragonite|70/100
|
|upkeep
|turn|25
|
|t:|1776042464
|move|p2a: Dragonite|Extreme Speed|p1a: Ampharos
|-damage|p1a: Ampharos|0 fnt
|-status|p2a: Dragonite|par|[from] ability: Static|[of] p1a: Ampharos
|faint|p1a: Ampharos
|
|win|waterser
|raw|Anchor9's rating: 1417 &rarr; <strong>1399</strong><br />(-18 for losing)
|raw|waterser's rating: 1449 &rarr; <strong>1467</strong><br />(+18 for winning)
|l|☆waterser
|player|p2|
|l|☆Anchor9
|player|p1|
