|html|<div class="broadcast-blue"><strong>[Gen 9] OU is currently suspecting Tera Blast! For information on how to participate check out the <a href="https://www.smogon.com/tools/suspects/view/200">suspect thread</a>.</strong></div>
|j|☆fifodrummer
|j|☆Waterutalkingabout
|t:|1776059001
|gametype|singles
|player|p1|fifodrummer|unknown|1397
|player|p2|Waterutalkingabout|2|1404
|gen|9
|tier|[Gen 9] OU
|rated|
|rule|HP Percentage Mod: HP is shown in percentages
|rule|Endless Battle Clause: Forcing endless battles is banned
|rule|Species Clause: Limit one of each Pokémon
|rule|OHKO Clause: OHKO moves are banned
|rule|Evasion Items Clause: Evasion items are banned
|rule|Evasion Moves Clause: Evasion moves are banned
|rule|Evasion Abilities Clause: Evasion abilities are banned
|rule|Sleep Moves Clause: Sleep-inducing moves are banned
|clearpoke
|poke|p1|Pelipper, M|
|poke|p1|Raging Bolt|
|poke|p1|Overqwil, M|
|poke|p1|Ogerpon-Wellspring, F|
|poke|p1|Scizor, M|
|poke|p1|Kingdra, F|
|poke|p2|Crabominable, F|
|poke|p2|Deoxys-Defense|
|poke|p2|Hoopa-Unbound|
|poke|p2|Ursaluna, F|
|poke|p2|Cinderace, F|
|poke|p2|Diancie|
|teampreview
|inactive|Battle timer is ON: inactive players will automatically lose when time's up. (requested by fifodrummer)
|
|t:|1776059016
|teamsize|p1|6
|teamsize|p2|6
|start
|switch|p1a: Iron Claw|Scizor, M, shiny|100/100
|switch|p2a: Crabominable|Crabominable, F|100/100
|turn|1
|
|t:|1776059026
|move|p2a: Crabominable|Close Combat|p1a: Iron Claw
|-damage|p1a: Iron Claw|0 fnt
|-unboost|p2a: Crabominable|def|1
|-unboost|p2a: Crabominable|spd|1
|faint|p1a: Iron Claw
|-damage|p2a: Crabominable|91/100|[from] item: Life Orb
|
|upkeep
|
|t:|1776059039
|switch|p1a: High AF|Raging Bolt|100/100
|turn|2
|
|t:|1776059042
|move|p1a: High AF|Volt Switch|p2a: Crabominable
|-damage|p2a: Crabominable|9/100
|
|t:|1776059049
|-end|p1a: High AF|Protosynthesis|[silent]
|switch|p1a: Nigel|Pelipper, M|100/100|[from] Volt Switch
|-weather|RainDance|[from] ability: Drizzle|[of] p1a: Nigel
|move|p2a: Crabominable|Ice Hammer|p1a: Nigel|[miss]
|-miss|p2a: Crabominable|p1a: Nigel
|
|-weather|RainDance|[upkeep]
|upkeep
|turn|3
|
|t:|1776059058
|move|p2a: Crabominable|Ice Hammer|p1a: Nigel
|-damage|p1a: Nigel|9/100
|-unboost|p2a: Crabominable|spe|1
|-damage|p2a: Crabominable|0 fnt|[from] item: Life Orb
|faint|p2a: Crabominable
|move|p1a: Nigel|Surf|p2: Crabominable|[notarget]
|-fail|p1a: Nigel
|
|-weather|RainDance|[upkeep]
|upkeep
|
|t:|1776059074
|switch|p2a: Deoxys|Deoxys-Defense|100/100
|-ability|p2a: Deoxys|Pressure
|turn|4
|
|t:|1776059078
|move|p2a: Deoxys|Night Shade|p1a: Nigel
|-damage|p1a: Nigel|0 fnt
|faint|p1a: Nigel
|
|-weather|RainDance|[upkeep]
|upkeep
|
|t:|1776059084
|switch|p1a: Spike|Overqwil, M, shiny|100/100
|turn|5
|
|t:|1776059088
|move|p1a: Spike|Crunch|p2a: Deoxys
|-supereffective|p2a: Deoxys
|-damage|p2a: Deoxys|36/100
|-damage|p1a: Spike|91/100|[from] item: Life Orb
|move|p2a: Deoxys|Trick Room|p2a: Deoxys
|-fieldstart|move: Trick Room|[of] p2a: Deoxys
|
|-weather|RainDance|[upkeep]
|upkeep
|turn|6
|
|t:|1776059097
|move|p1a: Spike|Crunch|p2a: Deoxys
|-supereffective|p2a: Deoxys
|-damage|p2a: Deoxys|0 fnt
|faint|p2a: Deoxys
|-damage|p1a: Spike|81/100|[from] item: Life Orb
|
|-weather|RainDance|[upkeep]
|upkeep
|
|t:|1776059100
|switch|p2a: Ursaluna|Ursaluna, F|100/100
|turn|7
|
|t:|1776059110
|move|p2a: Ursaluna|Headlong Rush|p1a: Spike
|-supereffective|p1a: Spike
|-damage|p1a: Spike|0 fnt
|-unboost|p2a: Ursaluna|def|1
|-unboost|p2a: Ursaluna|spd|1
|faint|p1a: Spike
|
|-weather|RainDance|[upkeep]
|-status|p2a: Ursaluna|brn|[from] item: Flame Orb
|upkeep
|
|t:|1776059121
|switch|p1a: I'm a Dragon!?|Kingdra, F|100/100
|turn|8
|
|t:|1776059124
|move|p2a: Ursaluna|Facade|p1a: I'm a Dragon!?
|-damage|p1a: I'm a Dragon!?|0 fnt
|faint|p1a: I'm a Dragon!?
|
|-weather|RainDance|[upkeep]
|-damage|p2a: Ursaluna|94/100 brn|[from] brn
|upkeep
|
|t:|1776059136
|switch|p1a: The Mask|Ogerpon-Wellspring, F|100/100
|turn|9
|
|t:|1776059141
|move|p1a: The Mask|Quick Attack|p2a: Ursaluna
|-damage|p2a: Ursaluna|77/100 brn
|move|p2a: Ursaluna|Facade|p1a: The Mask
|-damage|p1a: The Mask|0 fnt
|faint|p1a: The Mask
|
|-weather|none
|-damage|p2a: Ursaluna|71/100 brn|[from] brn
|-fieldend|move: Trick Room
|upkeep
|
|t:|1776059151
|switch|p1a: High AF|Raging Bolt|100/100
|turn|10
|
|t:|1776059154
|switch|p2a: Cinderace|Cinderace, F|100/100
|move|p1a: High AF|Dragon Pulse|p2a: Cinderace
|-damage|p2a: Cinderace|34/100
|
|upkeep
|turn|11
|
|t:|1776059162
|move|p1a: High AF|Dragon Pulse|p2a: Cinderace
|-damage|p2a: Cinderace|0 fnt
|faint|p2a: Cinderace
|
|upkeep
|
|t:|1776059166
|switch|p2a: Diancie|Diancie|100/100
|turn|12
|-message|fifodrummer forfeited.
|
|win|Waterutalkingabout
|raw|fifodrummer's rating: 1397 &rarr; <strong>1377</strong><br />(-20 for losing)
|raw|Waterutalkingabout's rating: 1404 &rarr; <strong>1424</strong><br />(+20 for winning)
|l|☆fifodrummer
|player|p1|
