|html|<div class="broadcast-blue"><strong>[Gen 9] OU is currently suspecting Tera Blast! For information on how to participate check out the <a href="https://www.smogon.com/tools/suspects/view/200">suspect thread</a>.</strong></div>
|j|☆2fl1
|j|☆Garg749494
|t:|1776054160
|gametype|singles
|player|p1|2fl1|hugh|1248
|player|p2|Garg749494|lucas|1251
|gen|9
|tier|[Gen 9] OU
|rated|
|rule|HP Percentage Mod: HP is shown in percentages
|rule|Endless Battle Clause: Forcing endless battles is banned
|rule|Species Clause: Limit one of each Pokémon
|rule|OHKO Clause: OHKO moves are banned
|rule|Evasion Items Clause: Evasion items are banned
|rule|Evasion Moves Clause: Evasion moves are banned
|rule|Evasion Abilities Clause: Evasion abilities are banned
|rule|Sleep Moves Clause: Sleep-inducing moves are banned
|clearpoke
|poke|p1|Hoopa-Unbound|
|poke|p1|Scizor, F|
|poke|p1|Ogerpon, F|
|poke|p1|Volcanion|
|poke|p1|Garchomp, F|
|poke|p1|Corviknight, M|
|poke|p2|Pelipper, M|
|poke|p2|Basculegion, M|
|poke|p2|Barraskewda, F|
|poke|p2|Galvantula, M|
|poke|p2|Brambleghast, M|
|poke|p2|Glimmora, F|
|teampreview
|inactive|Battle timer is ON: inactive players will automatically lose when time's up. (requested by Garg749494)
|
|t:|1776054205
|teamsize|p1|6
|teamsize|p2|6
|start
|switch|p1a: Volcanion|Volcanion|100/100
|switch|p2a: Galvantula|Galvantula, M|100/100
|turn|1
|
|t:|1776054210
|switch|p1a: Garchomp|Garchomp, F|100/100
|move|p2a: Galvantula|Volt Switch|p1a: Garchomp
|-immune|p1a: Garchomp
|
|upkeep
|turn|2
|
|t:|1776054218
|switch|p2a: Pelipper|Pelipper, M|100/100
|-weather|RainDance|[from] ability: Drizzle|[of] p2a: Pelipper
|move|p1a: Garchomp|Stealth Rock|p2a: Pelipper
|-sidestart|p2: Garg749494|move: Stealth Rock
|
|-weather|RainDance|[upkeep]
|upkeep
|turn|3
|
|t:|1776054231
|move|p2a: Pelipper|Hurricane|p1a: Garchomp
|-damage|p1a: Garchomp|69/100
|move|p1a: Garchomp|Dragon Tail|p2a: Pelipper
|-damage|p2a: Pelipper|80/100
|drag|p2a: Galvantula|Galvantula, M|100/100
|-damage|p2a: Galvantula|76/100|[from] Stealth Rock
|
|-weather|RainDance|[upkeep]
|upkeep
|turn|4
|
|t:|1776054240
|move|p2a: Galvantula|Sticky Web|p1a: Garchomp
|-sidestart|p1: 2fl1|move: Sticky Web
|move|p1a: Garchomp|Spikes|p2a: Galvantula
|-sidestart|p2: Garg749494|Spikes
|
|-weather|RainDance|[upkeep]
|upkeep
|turn|5
|
|t:|1776054246
|switch|p2a: Brambleghast|Brambleghast, M|100/100
|move|p1a: Garchomp|Spikes|p2a: Brambleghast
|-sidestart|p2: Garg749494|Spikes
|
|-weather|RainDance|[upkeep]
|upkeep
|turn|6
|
|t:|1776054249
|switch|p1a: Corviknight|Corviknight, M|100/100
|-ability|p1a: Corviknight|Pressure
|move|p2a: Brambleghast|Rapid Spin|p1a: Corviknight
|-resisted|p1a: Corviknight
|-damage|p1a: Corviknight|96/100
|-boost|p2a: Brambleghast|spe|1
|-damage|p2a: Brambleghast|84/100|[from] item: Rocky Helmet|[of] p1a: Corviknight
|-sideend|p2: Garg749494|Spikes|[from] move: Rapid Spin|[of] p2a: Brambleghast
|-sideend|p2: Garg749494|Stealth Rock|[from] move: Rapid Spin|[of] p2a: Brambleghast
|
|-weather|RainDance|[upkeep]
|upkeep
|turn|7
|
|t:|1776054256
|switch|p2a: Galvantula|Galvantula, M|76/100
|move|p1a: Corviknight|Defog|p2a: Galvantula
|-unboost|p2a: Galvantula|evasion|1
|-sideend|p1: 2fl1|Sticky Web|[from] move: Defog|[of] p1a: Corviknight
|
|-weather|RainDance|[upkeep]
|upkeep
|turn|8
|
|t:|1776054268
|switch|p1a: Garchomp|Garchomp, F|69/100
|move|p2a: Galvantula|Bug Buzz|p1a: Garchomp
|-damage|p1a: Garchomp|36/100
|
|-weather|RainDance|[upkeep]
|upkeep
|turn|9
|
|t:|1776054278
|switch|p2a: Glimmora|Glimmora, F|100/100
|move|p1a: Garchomp|Earthquake|p2a: Glimmora
|-supereffective|p2a: Glimmora
|-enditem|p2a: Glimmora|Focus Sash
|-damage|p2a: Glimmora|1/100
|-activate|p2a: Glimmora|ability: Toxic Debris
|-sidestart|p1: 2fl1|move: Toxic Spikes
|
|-weather|none
|upkeep
|turn|10
|
|t:|1776054288
|move|p2a: Glimmora|Sludge Bomb|p1a: Garchomp
|-resisted|p1a: Garchomp
|-damage|p1a: Garchomp|15/100
|move|p1a: Garchomp|Earthquake|p2a: Glimmora
|-supereffective|p2a: Glimmora
|-damage|p2a: Glimmora|0 fnt
|-activate|p2a: Glimmora|ability: Toxic Debris
|-sidestart|p1: 2fl1|move: Toxic Spikes
|faint|p2a: Glimmora
|
|upkeep
|
|t:|1776054297
|switch|p2a: Brambleghast|Brambleghast, M|84/100
|turn|11
|
|t:|1776054301
|move|p2a: Brambleghast|Poltergeist|p1a: Garchomp
|-activate|p1a: Garchomp|move: Poltergeist|Rocky Helmet
|-damage|p1a: Garchomp|0 fnt
|faint|p1a: Garchomp
|
|upkeep
|
|t:|1776054304
|switch|p1a: Corviknight|Corviknight, M|96/100
|-ability|p1a: Corviknight|Pressure
|turn|12
|
|t:|1776054310
|move|p2a: Brambleghast|Poltergeist|p1a: Corviknight
|-activate|p1a: Corviknight|move: Poltergeist|Rocky Helmet
|-damage|p1a: Corviknight|65/100
|move|p1a: Corviknight|Defog|p2a: Brambleghast
|-unboost|p2a: Brambleghast|evasion|1
|-sideend|p1: 2fl1|Toxic Spikes|[from] move: Defog|[of] p1a: Corviknight
|
|upkeep
|turn|13
|
|t:|1776054324
|move|p2a: Brambleghast|Poltergeist|p1a: Corviknight
|-activate|p1a: Corviknight|move: Poltergeist|Rocky Helmet
|-damage|p1a: Corviknight|32/100
|move|p1a: Corviknight|Roost|p1a: Corviknight
|-heal|p1a: Corviknight|82/100
|-singleturn|p1a: Corviknight|move: Roost
|
|upkeep
|turn|14
|
|t:|1776054328
|move|p2a: Brambleghast|Strength Sap|p1a: Corviknight
|-unboost|p1a: Corviknight|atk|1
|-heal|p2a: Brambleghast|100/100
|move|p1a: Corviknight|U-turn|p2a: Brambleghast
|-damage|p2a: Brambleghast|82/100
|
|t:|1776054346
|switch|p1a: Ogerpon|Ogerpon, F|100/100|[from] U-turn
|
|upkeep
|turn|15
|
|t:|1776054353
|move|p1a: Ogerpon|Knock Off|p2a: Brambleghast
|-supereffective|p2a: Brambleghast
|-damage|p2a: Brambleghast|0 fnt
|-enditem|p2a: Brambleghast|Heavy-Duty Boots|[from] move: Knock Off|[of] p1a: Ogerpon
|faint|p2a: Brambleghast
|
|upkeep
|
|t:|1776054358
|switch|p2a: Pelipper|Pelipper, M|80/100
|-weather|RainDance|[from] ability: Drizzle|[of] p2a: Pelipper
|turn|16
|
|t:|1776054362
|switch|p1a: Corviknight|Corviknight, M|82/100
|-ability|p1a: Corviknight|Pressure
|move|p2a: Pelipper|Hurricane|p1a: Corviknight
|-resisted|p1a: Corviknight
|-damage|p1a: Corviknight|64/100
|
|-weather|RainDance|[upkeep]
|upkeep
|turn|17
|
|t:|1776054370
|move|p1a: Corviknight|Roost|p1a: Corviknight
|-heal|p1a: Corviknight|100/100
|-singleturn|p1a: Corviknight|move: Roost
|move|p2a: Pelipper|U-turn|p1a: Corviknight
|-resisted|p1a: Corviknight
|-crit|p1a: Corviknight
|-damage|p1a: Corviknight|96/100
|-damage|p2a: Pelipper|64/100|[from] item: Rocky Helmet|[of] p1a: Corviknight
|
|t:|1776054373
|switch|p2a: Galvantula|Galvantula, M|76/100|[from] U-turn
|
|-weather|RainDance|[upkeep]
|upkeep
|turn|18
|
|t:|1776054383
|-terastallize|p1a: Corviknight|Dragon
|move|p2a: Galvantula|Thunder|p1a: Corviknight
|-resisted|p1a: Corviknight
|-damage|p1a: Corviknight|74/100
|move|p1a: Corviknight|Brave Bird|p2a: Galvantula
|-damage|p2a: Galvantula|6/100
|-damage|p1a: Corviknight|57/100|[from] Recoil
|
|-weather|RainDance|[upkeep]
|upkeep
|turn|19
|
|t:|1776054393
|move|p2a: Galvantula|Thunder|p1a: Corviknight
|-resisted|p1a: Corviknight
|-damage|p1a: Corviknight|35/100
|move|p1a: Corviknight|Roost|p1a: Corviknight
|-heal|p1a: Corviknight|85/100
|
|-weather|RainDance|[upkeep]
|upkeep
|turn|20
|
|t:|1776054401
|move|p2a: Galvantula|Thunder|p1a: Corviknight
|-resisted|p1a: Corviknight
|-damage|p1a: Corviknight|64/100
|move|p1a: Corviknight|U-turn|p2a: Galvantula
|-damage|p2a: Galvantula|0 fnt
|faint|p2a: Galvantula
|
|t:|1776054412
|switch|p1a: Volcanion|Volcanion|100/100|[from] U-turn
|
|-weather|RainDance|[upkeep]
|upkeep
|
|t:|1776054418
|switch|p2a: Barraskewda|Barraskewda, F|100/100
|turn|21
|
|t:|1776054422
|move|p2a: Barraskewda|Drill Run|p1a: Volcanion
|-supereffective|p1a: Volcanion
|-damage|p1a: Volcanion|17/100
|move|p1a: Volcanion|Steam Eruption|p2a: Barraskewda
|-resisted|p2a: Barraskewda
|-damage|p2a: Barraskewda|0 fnt
|faint|p2a: Barraskewda
|
|-weather|RainDance|[upkeep]
|upkeep
|
|t:|1776054425
|switch|p2a: Basculegion|Basculegion, M|100/100
|turn|22
|
|t:|1776054431
|move|p2a: Basculegion|Psychic Fangs|p1a: Volcanion
|-damage|p1a: Volcanion|0 fnt
|faint|p1a: Volcanion
|
|-weather|RainDance|[upkeep]
|upkeep
|
|t:|1776054439
|switch|p1a: Corviknight|Corviknight, M, tera:Dragon|64/100
|-ability|p1a: Corviknight|Pressure
|turn|23
|
|t:|1776054443
|move|p2a: Basculegion|Ice Fang|p1a: Corviknight
|-supereffective|p1a: Corviknight
|-damage|p1a: Corviknight|39/100
|-damage|p2a: Basculegion|84/100|[from] item: Rocky Helmet|[of] p1a: Corviknight
|move|p1a: Corviknight|Roost|p1a: Corviknight
|-heal|p1a: Corviknight|89/100
|
|-weather|none
|upkeep
|turn|24
|
|t:|1776054449
|move|p2a: Basculegion|Ice Fang|p1a: Corviknight
|-supereffective|p1a: Corviknight
|-damage|p1a: Corviknight|63/100
|-damage|p2a: Basculegion|67/100|[from] item: Rocky Helmet|[of] p1a: Corviknight
|move|p1a: Corviknight|Brave Bird|p2a: Basculegion
|-damage|p2a: Basculegion|23/100
|-damage|p1a: Corviknight|49/100|[from] Recoil
|
|upkeep
|turn|25
|-message|Garg749494 forfeited.
|
|win|2fl1
|raw|2fl1's rating: 1248 &rarr; <strong>1273</strong><br />(+25 for winning)
|raw|Garg749494's rating: 1251 &rarr; <strong>1226</strong><br />(-25 for losing)
|l|☆Garg749494
|player|p2|
|l|☆2fl1
|player|p1|
