|j|☆Vortex-invisible
|j|☆WANG QIU'ER
|inactive|Battle timer is ON: inactive players will automatically lose when time's up.
|t:|1776343508
|gametype|singles
|player|p1|Vortex-invisible|marnie-masters3|
|player|p2|WANG QIU'ER|korrina-masters|
|gen|9
|tier|[Gen 9] OU
|rated|Tournament battle
|rule|HP Percentage Mod: HP is shown in percentages
|rule|Endless Battle Clause: Forcing endless battles is banned
|rule|Species Clause: Limit one of each Pokémon
|rule|OHKO Clause: OHKO moves are banned
|rule|Evasion Items Clause: Evasion items are banned
|rule|Evasion Moves Clause: Evasion moves are banned
|rule|Evasion Abilities Clause: Evasion abilities are banned
|rule|Sleep Moves Clause: Sleep-inducing moves are banned
|raw|<div class="infobox"><details class="readmore" open><summary><strong>3 custom rules:</strong></summary> -Dragon Rage, -Sonic Boom, adjustlevel=5</details></div>
|clearpoke
|poke|p1|Grimmsnarl, L5, M|
|poke|p1|Alomomola, L5, F|
|poke|p1|Maushold, L5|
|poke|p1|Ursaluna, L5, F|
|poke|p1|Gholdengo, L5|
|poke|p1|Raging Bolt, L5|
|poke|p2|Torkoal, L5, F|
|poke|p2|Walking Wake, L5|
|poke|p2|Raging Bolt, L5|
|poke|p2|Corviknight, L5, M|
|poke|p2|Slowking-Galar, L5, F|
|poke|p2|Ursaluna, L5, F|
|teampreview
|j|*Lady Monita 
|inactive|Vortex-invisible also wants the timer to be on.
|c|☆Vortex-invisible|Hf
|
|t:|1776343517
|teamsize|p1|6
|teamsize|p2|6
|start
|switch|p1a: Grimmsnarl|Grimmsnarl, L5, M|100/100
|switch|p2a: Torkoal|Torkoal, L5, F|100/100
|-weather|SunnyDay|[from] ability: Drought|[of] p2a: Torkoal
|turn|1
|j| sjjjjjjj
|
|t:|1776343537
|switch|p2a: Ursaluna|Ursaluna, L5, F|100/100
|move|p1a: Grimmsnarl|Light Screen|p1a: Grimmsnarl
|-sidestart|p1: Vortex-invisible|move: Light Screen
|
|-weather|SunnyDay|[upkeep]
|-status|p2a: Ursaluna|brn|[from] item: Flame Orb
|upkeep
|turn|2
|
|t:|1776343541
|move|p1a: Grimmsnarl|Reflect|p1a: Grimmsnarl
|-sidestart|p1: Vortex-invisible|Reflect
|move|p2a: Ursaluna|Facade|p1a: Grimmsnarl
|-damage|p1a: Grimmsnarl|28/100
|
|-weather|SunnyDay|[upkeep]
|-damage|p2a: Ursaluna|94/100 brn|[from] brn
|upkeep
|turn|3
|c| sjjjjjjj|does being level 5 change somehting?
|
|t:|1776343547
|move|p1a: Grimmsnarl|Parting Shot|p2a: Ursaluna
|-unboost|p2a: Ursaluna|atk|1
|-unboost|p2a: Ursaluna|spa|1
|
|t:|1776343550
|switch|p1a: Alomomola|Alomomola, L5, F|100/100|[from] Parting Shot
|move|p2a: Ursaluna|Headlong Rush|p1a: Alomomola
|-damage|p1a: Alomomola|73/100
|-unboost|p2a: Ursaluna|def|1
|-unboost|p2a: Ursaluna|spd|1
|-enditem|p1a: Alomomola|Eject Button
|c| sjjjjjjj|more discrete numbers?
|
|t:|1776343564
|switch|p1a: Ursaluna|Ursaluna, L5, F|100/100
|
|-weather|SunnyDay|[upkeep]
|-damage|p2a: Ursaluna|88/100 brn|[from] brn
|-status|p1a: Ursaluna|brn|[from] item: Flame Orb
|upkeep
|turn|4
|
|t:|1776343570
|switch|p2a: Corviknight|Corviknight, L5, M|100/100
|-ability|p2a: Corviknight|Pressure
|move|p1a: Ursaluna|Swords Dance|p1a: Ursaluna
|-boost|p1a: Ursaluna|atk|2
|
|-weather|SunnyDay|[upkeep]
|-damage|p1a: Ursaluna|94/100 brn|[from] brn
|upkeep
|turn|5
|
|t:|1776343582
|move|p2a: Corviknight|Defog|p1a: Ursaluna
|-unboost|p1a: Ursaluna|evasion|1
|-sideend|p1: Vortex-invisible|Reflect
|-sideend|p1: Vortex-invisible|move: Light Screen
|move|p1a: Ursaluna|Fire Punch|p2a: Corviknight
|-supereffective|p2a: Corviknight
|-damage|p2a: Corviknight|0 fnt
|-damage|p1a: Ursaluna|79/100 brn|[from] item: Rocky Helmet|[of] p2a: Corviknight
|faint|p2a: Corviknight
|
|-weather|SunnyDay|[upkeep]
|-damage|p1a: Ursaluna|72/100 brn|[from] brn
|upkeep
|
|t:|1776343585
|switch|p2a: Walking Wake|Walking Wake, L5|100/100
|-activate|p2a: Walking Wake|ability: Protosynthesis
|-start|p2a: Walking Wake|protosynthesisspa
|turn|6
|
|t:|1776343590
|-terastallize|p1a: Ursaluna|Normal
|move|p2a: Walking Wake|Hydro Steam|p1a: Ursaluna
|-damage|p1a: Ursaluna|0 fnt
|faint|p1a: Ursaluna
|
|-weather|SunnyDay|[upkeep]
|upkeep
|
|t:|1776343596
|switch|p1a: Grimmsnarl|Grimmsnarl, L5, M|28/100
|turn|7
|
|t:|1776343599
|move|p1a: Grimmsnarl|Light Screen|p1a: Grimmsnarl
|-sidestart|p1: Vortex-invisible|move: Light Screen
|move|p2a: Walking Wake|Hydro Steam|p1a: Grimmsnarl
|-damage|p1a: Grimmsnarl|0 fnt
|faint|p1a: Grimmsnarl
|
|-weather|SunnyDay|[upkeep]
|upkeep
|
|t:|1776343606
|switch|p1a: Maushold|Maushold, L5|100/100
|turn|8
|
|t:|1776343615
|switch|p1a: Alomomola|Alomomola, L5, F|100/100
|move|p2a: Walking Wake|Hydro Steam|p1a: Alomomola
|-resisted|p1a: Alomomola
|-damage|p1a: Alomomola|67/100
|
|-weather|none
|-end|p2a: Walking Wake|Protosynthesis
|upkeep
|turn|9
|
|t:|1776343628
|-end|p2a: Walking Wake|Protosynthesis|[silent]
|switch|p2a: Slowking|Slowking-Galar, L5, F|100/100
|move|p1a: Alomomola|Flip Turn|p2a: Slowking
|-damage|p2a: Slowking|69/100
|
|t:|1776343631
|switch|p1a: Maushold|Maushold, L5|100/100|[from] Flip Turn
|
|upkeep
|turn|10
|
|t:|1776343634
|move|p1a: Maushold|Tidy Up|p1a: Maushold
|-boost|p1a: Maushold|atk|1
|-boost|p1a: Maushold|spe|1
|move|p2a: Slowking|Trick Room|p2a: Slowking
|-fieldstart|move: Trick Room|[of] p2a: Slowking
|
|upkeep
|turn|11
|
|t:|1776343641
|switch|p2a: Walking Wake|Walking Wake, L5|100/100
|move|p1a: Maushold|Population Bomb|p2a: Walking Wake
|-damage|p2a: Walking Wake|74/100
|-damage|p2a: Walking Wake|47/100
|-damage|p2a: Walking Wake|20/100
|-damage|p2a: Walking Wake|0 fnt
|faint|p2a: Walking Wake
|-end|p2a: Walking Wake|Protosynthesis|[silent]
|-hitcount|p2: Walking Wake|4
|
|upkeep
|
|t:|1776343645
|switch|p2a: Ursaluna|Ursaluna, L5, F|88/100 brn
|turn|12
|
|t:|1776343648
|switch|p1a: Gholdengo|Gholdengo, L5|100/100
|-item|p1a: Gholdengo|Air Balloon
|move|p2a: Ursaluna|Headlong Rush|p1a: Gholdengo
|-immune|p1a: Gholdengo
|
|-damage|p2a: Ursaluna|82/100 brn|[from] brn
|upkeep
|turn|13
|
|t:|1776343656
|move|p2a: Ursaluna|Fire Punch|p1a: Gholdengo
|-supereffective|p1a: Gholdengo
|-damage|p1a: Gholdengo|22/100
|-enditem|p1a: Gholdengo|Air Balloon
|move|p1a: Gholdengo|Make It Rain|p2a: Ursaluna
|-crit|p2a: Ursaluna
|-damage|p2a: Ursaluna|0 fnt
|-unboost|p1a: Gholdengo|spa|1
|faint|p2a: Ursaluna
|
|upkeep
|c|☆WANG QIU'ER|Seriously
|j| KachoFugetsu
|
|t:|1776343675
|switch|p2a: Raging Bolt|Raging Bolt, L5|100/100
|turn|14
|
|t:|1776343680
|move|p2a: Raging Bolt|Thunderbolt|p1a: Gholdengo
|-damage|p1a: Gholdengo|0 fnt
|faint|p1a: Gholdengo
|
|-sideend|p1: Vortex-invisible|move: Light Screen
|-fieldend|move: Trick Room
|upkeep
|
|t:|1776343683
|switch|p1a: Maushold|Maushold, L5|100/100
|turn|15
|
|t:|1776343688
|move|p1a: Maushold|Tidy Up|p1a: Maushold
|-boost|p1a: Maushold|atk|1
|-boost|p1a: Maushold|spe|1
|move|p2a: Raging Bolt|Thunderbolt|p1a: Maushold
|-damage|p1a: Maushold|0 fnt
|faint|p1a: Maushold
|
|upkeep
|
|t:|1776343692
|switch|p1a: Raging Bolt|Raging Bolt, L5|100/100
|-enditem|p1a: Raging Bolt|Booster Energy
|-activate|p1a: Raging Bolt|ability: Protosynthesis|[fromitem]
|-start|p1a: Raging Bolt|protosynthesisspa
|turn|16
|
|t:|1776343695
|-end|p2a: Raging Bolt|Protosynthesis|[silent]
|switch|p2a: Slowking|Slowking-Galar, L5, F|100/100
|move|p1a: Raging Bolt|Dragon Pulse|p2a: Slowking
|-damage|p2a: Slowking|45/100
|
|upkeep
|turn|17
|
|t:|1776343703
|-terastallize|p2a: Slowking|Fairy
|move|p1a: Raging Bolt|Dragon Pulse|p2a: Slowking
|-immune|p2a: Slowking
|move|p2a: Slowking|Trick Room|p2a: Slowking
|-fieldstart|move: Trick Room|[of] p2a: Slowking
|
|upkeep
|turn|18
|
|t:|1776343710
|move|p2a: Slowking|Sludge Bomb|p1a: Raging Bolt
|-damage|p1a: Raging Bolt|56/100
|-status|p1a: Raging Bolt|psn
|move|p1a: Raging Bolt|Thunderbolt|p2a: Slowking
|-damage|p2a: Slowking|0 fnt
|faint|p2a: Slowking
|
|-damage|p1a: Raging Bolt|45/100 psn|[from] psn
|upkeep
|
|t:|1776343719
|switch|p2a: Torkoal|Torkoal, L5, F|100/100
|-weather|SunnyDay|[from] ability: Drought|[of] p2a: Torkoal
|turn|19
|
|t:|1776343723
|-end|p1a: Raging Bolt|Protosynthesis|[silent]
|switch|p1a: Alomomola|Alomomola, L5, F|100/100
|move|p2a: Torkoal|Overheat|p1a: Alomomola
|-resisted|p1a: Alomomola
|-damage|p1a: Alomomola|64/100
|-unboost|p2a: Torkoal|spa|2
|
|-weather|SunnyDay|[upkeep]
|upkeep
|turn|20
|
|t:|1776343726
|switch|p2a: Raging Bolt|Raging Bolt, L5|100/100
|-activate|p2a: Raging Bolt|ability: Protosynthesis
|-start|p2a: Raging Bolt|protosynthesisspa
|move|p1a: Alomomola|Wish|p1a: Alomomola
|
|-weather|SunnyDay|[upkeep]
|upkeep
|turn|21
|
|t:|1776343729
|move|p1a: Alomomola|Healing Wish|p1a: Alomomola
|faint|p1a: Alomomola
|move|p2a: Raging Bolt|Thunderbolt|p1: Alomomola|[notarget]
|-fail|p2a: Raging Bolt
|
|-weather|SunnyDay|[upkeep]
|-fieldend|move: Trick Room
|upkeep
|
|t:|1776343732
|switch|p1a: Raging Bolt|Raging Bolt, L5|45/100 psn
|-heal|p1a: Raging Bolt|100/100|[from] move: Healing Wish
|-activate|p1a: Raging Bolt|ability: Protosynthesis
|-start|p1a: Raging Bolt|protosynthesisspa
|turn|22
|
|t:|1776343740
|-end|p2a: Raging Bolt|Protosynthesis|[silent]
|switch|p2a: Torkoal|Torkoal, L5, F|100/100
|move|p1a: Raging Bolt|Dragon Pulse|p2a: Torkoal
|-damage|p2a: Torkoal|8/100
|
|-weather|SunnyDay|[upkeep]
|upkeep
|turn|23
|
|t:|1776343743
|move|p1a: Raging Bolt|Dragon Pulse|p2a: Torkoal
|-damage|p2a: Torkoal|0 fnt
|faint|p2a: Torkoal
|
|-weather|SunnyDay|[upkeep]
|upkeep
|
|t:|1776343744
|switch|p2a: Raging Bolt|Raging Bolt, L5|100/100
|-activate|p2a: Raging Bolt|ability: Protosynthesis
|-start|p2a: Raging Bolt|protosynthesisspa
|turn|24
|
|t:|1776343746
|move|p1a: Raging Bolt|Dragon Pulse|p2a: Raging Bolt
|-supereffective|p2a: Raging Bolt
|-damage|p2a: Raging Bolt|0 fnt
|faint|p2a: Raging Bolt
|-end|p2a: Raging Bolt|Protosynthesis|[silent]
|
|win|Vortex-invisible
|n|☆Vortex-invisible|vortexinvisible
|n|☆WANG QIU'ER|wangqiuer
|n|*Lady Monita |ladymonita
|n| sjjjjjjj|sjjjjjjj
|n| KachoFugetsu|kachofugetsu
