|html|<div class="broadcast-blue"><strong>[Gen 9] OU is currently suspecting Tera Blast! For information on how to participate check out the <a href="https://www.smogon.com/tools/suspects/view/200">suspect thread</a>.</strong></div>
|j|☆overheat xyz
|j|☆HyperStallMIA
|t:|1776192830
|gametype|singles
|player|p1|overheat xyz|170|1540
|player|p2|HyperStallMIA|wallace|1538
|gen|9
|tier|[Gen 9] OU
|rated|
|rule|HP Percentage Mod: HP is shown in percentages
|rule|Endless Battle Clause: Forcing endless battles is banned
|rule|Species Clause: Limit one of each Pokémon
|rule|OHKO Clause: OHKO moves are banned
|rule|Evasion Items Clause: Evasion items are banned
|rule|Evasion Moves Clause: Evasion moves are banned
|rule|Evasion Abilities Clause: Evasion abilities are banned
|rule|Sleep Moves Clause: Sleep-inducing moves are banned
|clearpoke
|poke|p1|Dragapult, M|
|poke|p1|Garganacl, M|
|poke|p1|Rillaboom, M|
|poke|p1|Slowking-Galar, M|
|poke|p1|Kingambit, M|
|poke|p1|Corviknight, M|
|poke|p2|Corviknight, F|
|poke|p2|Gliscor, F|
|poke|p2|Alomomola, F|
|poke|p2|Blissey, F|
|poke|p2|Clodsire, F|
|poke|p2|Dondozo, F|
|teampreview
|inactive|Battle timer is ON: inactive players will automatically lose when time's up. (requested by HyperStallMIA)
|j| Kyurem
|
|t:|1776192844
|teamsize|p1|6
|teamsize|p2|6
|start
|switch|p1a: Rillaboom|Rillaboom, M|100/100
|switch|p2a: Let's Try.|Gliscor, F, shiny|100/100
|-fieldstart|move: Grassy Terrain|[from] ability: Grassy Surge|[of] p1a: Rillaboom
|turn|1
|l| Kyurem
|
|t:|1776192853
|move|p2a: Let's Try.|Protect|p2a: Let's Try.
|-singleturn|p2a: Let's Try.|Protect
|move|p1a: Rillaboom|U-turn|p2a: Let's Try.
|-activate|p2a: Let's Try.|move: Protect
|
|-status|p2a: Let's Try.|tox|[from] item: Toxic Orb
|upkeep
|turn|2
|
|t:|1776192858
|move|p1a: Rillaboom|U-turn|p2a: Let's Try.
|-resisted|p2a: Let's Try.
|-damage|p2a: Let's Try.|89/100 tox
|
|t:|1776192863
|switch|p1a: Corviknight|Corviknight, M|100/100|[from] U-turn
|-ability|p1a: Corviknight|Pressure
|move|p2a: Let's Try.|Knock Off|p1a: Corviknight
|-damage|p1a: Corviknight|88/100
|-damage|p2a: Let's Try.|72/100 tox|[from] item: Rocky Helmet|[of] p1a: Corviknight
|-enditem|p1a: Corviknight|Rocky Helmet|[from] move: Knock Off|[of] p2a: Let's Try.
|
|-heal|p2a: Let's Try.|85/100 tox|[from] ability: Poison Heal
|upkeep
|turn|3
|inactive|HyperStallMIA has 120 seconds left.
|inactive|HyperStallMIA has 90 seconds left.
|
|t:|1776192950
|move|p2a: Let's Try.|Knock Off|p1a: Corviknight
|-damage|p1a: Corviknight|79/100
|move|p1a: Corviknight|Defog|p2a: Let's Try.
|-unboost|p2a: Let's Try.|evasion|1
|-fieldend|move: Grassy Terrain
|
|-heal|p2a: Let's Try.|97/100 tox|[from] ability: Poison Heal
|upkeep
|turn|4
|
|t:|1776192958
|move|p2a: Let's Try.|Spikes|p1a: Corviknight
|-sidestart|p1: overheat xyz|Spikes
|move|p1a: Corviknight|Iron Defense|p1a: Corviknight
|-boost|p1a: Corviknight|def|2
|
|-heal|p2a: Let's Try.|100/100 tox|[from] ability: Poison Heal
|upkeep
|turn|5
|
|t:|1776192972
|switch|p2a: Try Harder.|Alomomola, F, shiny|100/100
|move|p1a: Corviknight|Iron Defense|p1a: Corviknight
|-boost|p1a: Corviknight|def|2
|
|upkeep
|turn|6
|
|t:|1776192978
|switch|p1a: Slowking|Slowking-Galar, M|100/100
|-damage|p1a: Slowking|88/100|[from] Spikes
|move|p2a: Try Harder.|Scald|p1a: Slowking
|-damage|p1a: Slowking|83/100
|
|upkeep
|turn|7
|
|t:|1776192989
|move|p2a: Try Harder.|Flip Turn|p1a: Slowking
|-damage|p1a: Slowking|66/100
|
|t:|1776192994
|switch|p2a: Still Trying?|Blissey, F, shiny|100/100|[from] Flip Turn
|move|p1a: Slowking|Sludge Bomb|p2a: Still Trying?
|-damage|p2a: Still Trying?|89/100
|
|upkeep
|turn|8
|
|t:|1776193003
|move|p2a: Still Trying?|Stealth Rock|p1a: Slowking
|-sidestart|p1: overheat xyz|move: Stealth Rock
|move|p1a: Slowking|Psychic Noise|p2a: Still Trying?
|-damage|p2a: Still Trying?|80/100
|-start|p2a: Still Trying?|move: Heal Block
|
|upkeep
|turn|9
|
|t:|1776193011
|switch|p2a: Try Harder.|Alomomola, F, shiny|100/100
|move|p1a: Slowking|Sludge Bomb|p2a: Try Harder.
|-damage|p2a: Try Harder.|67/100
|
|upkeep
|turn|10
|
|t:|1776193020
|move|p2a: Try Harder.|Flip Turn|p1a: Slowking
|-damage|p1a: Slowking|47/100
|
|t:|1776193022
|switch|p2a: Keep Trying.|Corviknight, F, shiny|100/100|[from] Flip Turn
|-ability|p2a: Keep Trying.|Pressure
|move|p1a: Slowking|Psychic Noise|p2a: Keep Trying.
|-resisted|p2a: Keep Trying.
|-damage|p2a: Keep Trying.|86/100
|-start|p2a: Keep Trying.|move: Heal Block
|
|upkeep
|turn|11
|
|t:|1776193030
|switch|p2a: Try Harder.|Alomomola, F, shiny|99/100
|move|p1a: Slowking|Flamethrower|p2a: Try Harder.
|-resisted|p2a: Try Harder.
|-damage|p2a: Try Harder.|89/100
|
|upkeep
|turn|12
|
|t:|1776193037
|move|p2a: Try Harder.|Flip Turn|p1a: Slowking
|-damage|p1a: Slowking|30/100
|
|t:|1776193039
|switch|p2a: Let's Try.|Gliscor, F, shiny|100/100 tox|[from] Flip Turn
|move|p1a: Slowking|Psychic Noise|p2a: Let's Try.
|-damage|p2a: Let's Try.|66/100 tox
|-start|p2a: Let's Try.|move: Heal Block
|
|upkeep
|turn|13
|
|t:|1776193044
|switch|p1a: Corviknight|Corviknight, M|79/100
|-damage|p1a: Corviknight|67/100|[from] Stealth Rock
|-ability|p1a: Corviknight|Pressure
|move|p2a: Let's Try.|Knock Off|p1a: Corviknight
|-damage|p1a: Corviknight|58/100
|
|-end|p2a: Let's Try.|move: Heal Block
|upkeep
|turn|14
|
|t:|1776193052
|switch|p2a: Try Harder.|Alomomola, F, shiny|100/100
|move|p1a: Corviknight|Defog|p2a: Try Harder.
|-unboost|p2a: Try Harder.|evasion|1
|-sideend|p1: overheat xyz|Spikes|[from] move: Defog|[of] p1a: Corviknight
|-sideend|p1: overheat xyz|Stealth Rock|[from] move: Defog|[of] p1a: Corviknight
|
|upkeep
|turn|15
|
|t:|1776193060
|switch|p1a: Garganacl|Garganacl, M|100/100
|move|p2a: Try Harder.|Scald|p1a: Garganacl
|-supereffective|p1a: Garganacl
|-damage|p1a: Garganacl|82/100
|
|-heal|p1a: Garganacl|88/100|[from] item: Leftovers
|upkeep
|turn|16
|
|t:|1776193068
|move|p2a: Try Harder.|Flip Turn|p1a: Garganacl
|-supereffective|p1a: Garganacl
|-damage|p1a: Garganacl|66/100
|
|t:|1776193070
|switch|p2a: Let's Try.|Gliscor, F, shiny|66/100 tox|[from] Flip Turn
|move|p1a: Garganacl|Salt Cure|p2a: Let's Try.
|-damage|p2a: Let's Try.|58/100 tox
|-start|p2a: Let's Try.|Salt Cure
|
|-heal|p1a: Garganacl|72/100|[from] item: Leftovers
|-heal|p2a: Let's Try.|70/100 tox|[from] ability: Poison Heal
|-damage|p2a: Let's Try.|58/100 tox|[from] Salt Cure
|upkeep
|turn|17
|
|t:|1776193078
|switch|p1a: Corviknight|Corviknight, M|58/100
|-ability|p1a: Corviknight|Pressure
|move|p2a: Let's Try.|Knock Off|p1a: Corviknight
|-damage|p1a: Corviknight|49/100
|
|-heal|p2a: Let's Try.|70/100 tox|[from] ability: Poison Heal
|-damage|p2a: Let's Try.|58/100 tox|[from] Salt Cure
|upkeep
|turn|18
|
|t:|1776193086
|switch|p2a: Try Harder.|Alomomola, F, shiny|100/100
|move|p1a: Corviknight|Roost|p1a: Corviknight
|-heal|p1a: Corviknight|99/100
|-singleturn|p1a: Corviknight|move: Roost
|
|upkeep
|turn|19
|
|t:|1776193094
|switch|p1a: Garganacl|Garganacl, M|72/100
|move|p2a: Try Harder.|Wish|p2a: Try Harder.
|
|-heal|p1a: Garganacl|78/100|[from] item: Leftovers
|upkeep
|turn|20
|
|t:|1776193101
|switch|p2a: Let's Try.|Gliscor, F, shiny|58/100 tox
|move|p1a: Garganacl|Stealth Rock|p2a: Let's Try.
|-sidestart|p2: HyperStallMIA|move: Stealth Rock
|
|-heal|p2a: Let's Try.|100/100 tox|[from] move: Wish|[wisher] Try Harder.
|-heal|p1a: Garganacl|84/100|[from] item: Leftovers
|upkeep
|turn|21
|
|t:|1776193106
|switch|p1a: Corviknight|Corviknight, M|99/100
|-ability|p1a: Corviknight|Pressure
|move|p2a: Let's Try.|Spikes|p1a: Corviknight
|-sidestart|p1: overheat xyz|Spikes
|
|upkeep
|turn|22
|
|t:|1776193111
|switch|p2a: Try Harder.|Alomomola, F, shiny|100/100
|move|p1a: Corviknight|Iron Defense|p1a: Corviknight
|-boost|p1a: Corviknight|def|2
|
|upkeep
|turn|23
|
|t:|1776193116
|switch|p1a: Garganacl|Garganacl, M|84/100
|-damage|p1a: Garganacl|72/100|[from] Spikes
|move|p2a: Try Harder.|Scald|p1a: Garganacl
|-supereffective|p1a: Garganacl
|-damage|p1a: Garganacl|52/100
|
|-heal|p1a: Garganacl|59/100|[from] item: Leftovers
|upkeep
|turn|24
|
|t:|1776193127
|move|p1a: Garganacl|Protect|p1a: Garganacl
|-singleturn|p1a: Garganacl|Protect
|move|p2a: Try Harder.|Scald|p1a: Garganacl
|-activate|p1a: Garganacl|move: Protect
|
|-heal|p1a: Garganacl|65/100|[from] item: Leftovers
|upkeep
|turn|25
|
|t:|1776193132
|move|p2a: Try Harder.|Scald|p1a: Garganacl
|-supereffective|p1a: Garganacl
|-damage|p1a: Garganacl|45/100
|move|p1a: Garganacl|Salt Cure|p2a: Try Harder.
|-damage|p2a: Try Harder.|92/100
|-start|p2a: Try Harder.|Salt Cure
|
|-heal|p1a: Garganacl|51/100|[from] item: Leftovers
|-damage|p2a: Try Harder.|67/100|[from] Salt Cure
|upkeep
|turn|26
|
|t:|1776193138
|switch|p2a: Worth Trying.|Clodsire, F, shiny|100/100
|move|p1a: Garganacl|Recover|p1a: Garganacl
|-heal|p1a: Garganacl|100/100
|
|upkeep
|turn|27
|
|t:|1776193144
|switch|p2a: Try Harder.|Alomomola, F, shiny|100/100
|move|p1a: Garganacl|Salt Cure|p2a: Try Harder.
|-damage|p2a: Try Harder.|93/100
|-start|p2a: Try Harder.|Salt Cure
|
|-damage|p2a: Try Harder.|68/100|[from] Salt Cure
|upkeep
|turn|28
|
|t:|1776193147
|switch|p2a: Worth Trying.|Clodsire, F, shiny|100/100
|move|p1a: Garganacl|Protect||[still]
|-fail|p1a: Garganacl
|
|upkeep
|turn|29
|
|t:|1776193153
|switch|p1a: Corviknight|Corviknight, M|99/100
|-ability|p1a: Corviknight|Pressure
|switch|p2a: Try Harder.|Alomomola, F, shiny|100/100
|
|upkeep
|turn|30
|
|t:|1776193158
|switch|p1a: Slowking|Slowking-Galar, M|64/100
|-damage|p1a: Slowking|51/100|[from] Spikes
|move|p2a: Try Harder.|Scald|p1a: Slowking
|-damage|p1a: Slowking|45/100
|
|upkeep
|turn|31
|
|t:|1776193169
|move|p2a: Try Harder.|Flip Turn|p1a: Slowking
|-damage|p1a: Slowking|27/100
|
|t:|1776193171
|switch|p2a: Still Trying?|Blissey, F, shiny|80/100|[from] Flip Turn
|move|p1a: Slowking|Psychic Noise|p2a: Still Trying?
|-damage|p2a: Still Trying?|71/100
|-start|p2a: Still Trying?|move: Heal Block
|
|upkeep
|turn|32
|
|t:|1776193179
|switch|p1a: Corviknight|Corviknight, M|99/100
|-ability|p1a: Corviknight|Pressure
|move|p2a: Still Trying?|Seismic Toss|p1a: Corviknight
|-damage|p1a: Corviknight|74/100
|
|-end|p2a: Still Trying?|move: Heal Block
|upkeep
|turn|33
|
|t:|1776193191
|switch|p1a: Rillaboom|Rillaboom, M|100/100
|-damage|p1a: Rillaboom|88/100|[from] Spikes
|-fieldstart|move: Grassy Terrain|[from] ability: Grassy Surge|[of] p1a: Rillaboom
|switch|p2a: Let's Try.|Gliscor, F, shiny|100/100 tox
|-damage|p2a: Let's Try.|88/100 tox|[from] Stealth Rock
|
|-heal|p1a: Rillaboom|94/100|[from] Grassy Terrain
|-heal|p2a: Let's Try.|100/100 tox|[from] ability: Poison Heal
|upkeep
|turn|34
|
|t:|1776193200
|move|p2a: Let's Try.|Protect|p2a: Let's Try.
|-singleturn|p2a: Let's Try.|Protect
|move|p1a: Rillaboom|U-turn|p2a: Let's Try.
|-activate|p2a: Let's Try.|move: Protect
|
|-heal|p1a: Rillaboom|100/100|[from] Grassy Terrain
|upkeep
|turn|35
|
|t:|1776193207
|switch|p2a: Try Harder.|Alomomola, F, shiny|100/100
|move|p1a: Rillaboom|U-turn|p2a: Try Harder.
|-damage|p2a: Try Harder.|77/100
|
|t:|1776193213
|switch|p1a: Slowking|Slowking-Galar, M|60/100|[from] U-turn
|-damage|p1a: Slowking|47/100|[from] Spikes
|
|-heal|p2a: Try Harder.|83/100|[from] Grassy Terrain
|-heal|p1a: Slowking|54/100|[from] Grassy Terrain
|upkeep
|turn|36
|
|t:|1776193220
|move|p2a: Try Harder.|Flip Turn|p1a: Slowking
|-damage|p1a: Slowking|35/100
|
|t:|1776193223
|switch|p2a: Still Trying?|Blissey, F, shiny|71/100|[from] Flip Turn
|move|p1a: Slowking|Sludge Bomb|p2a: Still Trying?
|-damage|p2a: Still Trying?|59/100
|
|-heal|p2a: Still Trying?|65/100|[from] Grassy Terrain
|-heal|p1a: Slowking|41/100|[from] Grassy Terrain
|upkeep
|turn|37
|
|t:|1776193231
|switch|p1a: Rillaboom|Rillaboom, M|100/100
|-damage|p1a: Rillaboom|88/100|[from] Spikes
|move|p2a: Still Trying?|Stealth Rock|p1a: Rillaboom
|-sidestart|p1: overheat xyz|move: Stealth Rock
|
|-heal|p1a: Rillaboom|94/100|[from] Grassy Terrain
|-heal|p2a: Still Trying?|71/100|[from] Grassy Terrain
|-fieldend|move: Grassy Terrain
|upkeep
|turn|38
|
|t:|1776193239
|switch|p2a: Let's Try.|Gliscor, F, shiny|100/100 tox
|-damage|p2a: Let's Try.|88/100 tox|[from] Stealth Rock
|move|p1a: Rillaboom|Knock Off|p2a: Let's Try.
|-damage|p2a: Let's Try.|57/100 tox
|-enditem|p2a: Let's Try.|Toxic Orb|[from] move: Knock Off|[of] p1a: Rillaboom
|
|-heal|p2a: Let's Try.|70/100 tox|[from] ability: Poison Heal
|upkeep
|turn|39
|
|t:|1776193248
|switch|p1a: Corviknight|Corviknight, M|74/100
|-damage|p1a: Corviknight|61/100|[from] Stealth Rock
|-ability|p1a: Corviknight|Pressure
|move|p2a: Let's Try.|Knock Off|p1a: Corviknight
|-damage|p1a: Corviknight|52/100
|
|-heal|p2a: Let's Try.|82/100 tox|[from] ability: Poison Heal
|upkeep
|turn|40
|
|t:|1776193262
|switch|p2a: Try Harder.|Alomomola, F, shiny|100/100
|move|p1a: Corviknight|Defog|p2a: Try Harder.
|-unboost|p2a: Try Harder.|evasion|1
|-sideend|p2: HyperStallMIA|Stealth Rock|[from] move: Defog|[of] p1a: Corviknight
|-sideend|p1: overheat xyz|Spikes|[from] move: Defog|[of] p1a: Corviknight
|-sideend|p1: overheat xyz|Stealth Rock|[from] move: Defog|[of] p1a: Corviknight
|
|upkeep
|turn|41
|
|t:|1776193267
|switch|p1a: Slowking|Slowking-Galar, M|74/100
|move|p2a: Try Harder.|Scald|p1a: Slowking
|-damage|p1a: Slowking|69/100
|-status|p1a: Slowking|brn
|
|-damage|p1a: Slowking|63/100 brn|[from] brn
|upkeep
|turn|42
|
|t:|1776193275
|move|p2a: Try Harder.|Flip Turn|p1a: Slowking
|-damage|p1a: Slowking|44/100 brn
|
|t:|1776193277
|switch|p2a: Still Trying?|Blissey, F, shiny|71/100|[from] Flip Turn
|move|p1a: Slowking|Sludge Bomb|p2a: Still Trying?
|-damage|p2a: Still Trying?|59/100
|
|-damage|p1a: Slowking|38/100 brn|[from] brn
|upkeep
|turn|43
|
|t:|1776193282
|switch|p1a: Rillaboom|Rillaboom, M|94/100
|-fieldstart|move: Grassy Terrain|[from] ability: Grassy Surge|[of] p1a: Rillaboom
|move|p2a: Still Trying?|Stealth Rock|p1a: Rillaboom
|-sidestart|p1: overheat xyz|move: Stealth Rock
|
|-heal|p1a: Rillaboom|100/100|[from] Grassy Terrain
|-heal|p2a: Still Trying?|66/100|[from] Grassy Terrain
|upkeep
|turn|44
|
|t:|1776193286
|switch|p2a: Keep Trying.|Corviknight, F, shiny|86/100
|-ability|p2a: Keep Trying.|Pressure
|move|p1a: Rillaboom|Knock Off|p2a: Keep Trying.
|-damage|p2a: Keep Trying.|52/100
|-enditem|p2a: Keep Trying.|Heavy-Duty Boots|[from] move: Knock Off|[of] p1a: Rillaboom
|
|upkeep
|turn|45
|
|t:|1776193297
|switch|p1a: Garganacl|Garganacl, M|100/100
|-damage|p1a: Garganacl|88/100|[from] Stealth Rock
|move|p2a: Keep Trying.|Roost|p2a: Keep Trying.
|-heal|p2a: Keep Trying.|100/100
|-singleturn|p2a: Keep Trying.|move: Roost
|
|-heal|p1a: Garganacl|94/100|[from] Grassy Terrain
|-heal|p1a: Garganacl|100/100|[from] item: Leftovers
|upkeep
|turn|46
|
|t:|1776193303
|switch|p2a: Try Harder.|Alomomola, F, shiny|100/100
|move|p1a: Garganacl|Stealth Rock|p2a: Try Harder.
|-sidestart|p2: HyperStallMIA|move: Stealth Rock
|
|upkeep
|turn|47
|
|t:|1776193307
|move|p1a: Garganacl|Protect|p1a: Garganacl
|-singleturn|p1a: Garganacl|Protect
|move|p2a: Try Harder.|Flip Turn|p1a: Garganacl
|-activate|p1a: Garganacl|move: Protect
|
|-fieldend|move: Grassy Terrain
|upkeep
|turn|48
|
|t:|1776193315
|move|p2a: Try Harder.|Flip Turn|p1a: Garganacl
|-supereffective|p1a: Garganacl
|-damage|p1a: Garganacl|77/100
|
|t:|1776193317
|switch|p2a: Worth Trying.|Clodsire, F, shiny|100/100|[from] Flip Turn
|move|p1a: Garganacl|Salt Cure|p2a: Worth Trying.
|-resisted|p2a: Worth Trying.
|-damage|p2a: Worth Trying.|92/100
|-start|p2a: Worth Trying.|Salt Cure
|
|-heal|p1a: Garganacl|83/100|[from] item: Leftovers
|-damage|p2a: Worth Trying.|80/100|[from] Salt Cure
|upkeep
|turn|49
|
|t:|1776193328
|switch|p2a: Try Harder.|Alomomola, F, shiny|100/100
|move|p1a: Garganacl|Protect||[still]
|-fail|p1a: Garganacl
|
|-heal|p1a: Garganacl|89/100|[from] item: Leftovers
|upkeep
|turn|50
|
|t:|1776193332
|switch|p1a: Slowking|Slowking-Galar, M|71/100 brn
|-damage|p1a: Slowking|59/100 brn|[from] Stealth Rock
|move|p2a: Try Harder.|Flip Turn|p1a: Slowking
|-damage|p1a: Slowking|42/100 brn
|
|t:|1776193341
|switch|p2a: Let's Try.|Gliscor, F, shiny|82/100 tox|[from] Flip Turn
|-damage|p2a: Let's Try.|70/100 tox|[from] Stealth Rock
|
|-heal|p2a: Let's Try.|82/100 tox|[from] ability: Poison Heal
|-damage|p1a: Slowking|36/100 brn|[from] brn
|upkeep
|turn|51
|
|t:|1776193348
|switch|p2a: Try Harder.|Alomomola, F, shiny|100/100
|switch|p1a: Corviknight|Corviknight, M|52/100
|-damage|p1a: Corviknight|40/100|[from] Stealth Rock
|-ability|p1a: Corviknight|Pressure
|
|upkeep
|turn|52
|
|t:|1776193361
|move|p1a: Corviknight|Roost|p1a: Corviknight
|-heal|p1a: Corviknight|90/100
|-singleturn|p1a: Corviknight|move: Roost
|move|p2a: Try Harder.|Scald|p1a: Corviknight
|-damage|p1a: Corviknight|77/100
|
|upkeep
|turn|53
|
|t:|1776193368
|switch|p1a: Slowking|Slowking-Galar, M|69/100 brn
|-damage|p1a: Slowking|57/100 brn|[from] Stealth Rock
|move|p2a: Try Harder.|Scald|p1a: Slowking
|-damage|p1a: Slowking|50/100 brn
|
|-damage|p1a: Slowking|44/100 brn|[from] brn
|upkeep
|turn|54
|
|t:|1776193375
|move|p2a: Try Harder.|Flip Turn|p1a: Slowking
|-damage|p1a: Slowking|27/100 brn
|
|t:|1776193377
|switch|p2a: Still Trying?|Blissey, F, shiny|66/100|[from] Flip Turn
|move|p1a: Slowking|Psychic Noise|p2a: Still Trying?
|-damage|p2a: Still Trying?|55/100
|-start|p2a: Still Trying?|move: Heal Block
|
|-damage|p1a: Slowking|21/100 brn|[from] brn
|upkeep
|turn|55
|
|t:|1776193391
|switch|p1a: Dragapult|Dragapult, M|100/100
|-damage|p1a: Dragapult|88/100|[from] Stealth Rock
|move|p2a: Still Trying?|Seismic Toss|p1a: Dragapult
|-immune|p1a: Dragapult
|
|-end|p2a: Still Trying?|move: Heal Block
|upkeep
|turn|56
|
|t:|1776193397
|switch|p2a: Try Harder.|Alomomola, F, shiny|100/100
|move|p1a: Dragapult|U-turn|p2a: Try Harder.
|-damage|p2a: Try Harder.|90/100
|
|t:|1776193402
|switch|p1a: Rillaboom|Rillaboom, M|100/100|[from] U-turn
|-damage|p1a: Rillaboom|88/100|[from] Stealth Rock
|-fieldstart|move: Grassy Terrain|[from] ability: Grassy Surge|[of] p1a: Rillaboom
|
|-heal|p1a: Rillaboom|94/100|[from] Grassy Terrain
|-heal|p2a: Try Harder.|96/100|[from] Grassy Terrain
|upkeep
|turn|57
|inactive|HyperStallMIA has 120 seconds left.
|
|t:|1776193461
|move|p2a: Try Harder.|Protect|p2a: Try Harder.
|-singleturn|p2a: Try Harder.|Protect
|move|p1a: Rillaboom|U-turn|p2a: Try Harder.
|-activate|p2a: Try Harder.|move: Protect
|
|-heal|p1a: Rillaboom|100/100|[from] Grassy Terrain
|-heal|p2a: Try Harder.|100/100|[from] Grassy Terrain
|upkeep
|turn|58
|
|t:|1776193481
|switch|p1a: Slowking|Slowking-Galar, M|54/100 brn
|-damage|p1a: Slowking|42/100 brn|[from] Stealth Rock
|move|p2a: Try Harder.|Wish|p2a: Try Harder.
|
|-heal|p1a: Slowking|48/100 brn|[from] Grassy Terrain
|-damage|p1a: Slowking|42/100 brn|[from] brn
|upkeep
|turn|59
|
|t:|1776193488
|switch|p1a: Garganacl|Garganacl, M|89/100
|-damage|p1a: Garganacl|77/100|[from] Stealth Rock
|move|p2a: Try Harder.|Flip Turn|p1a: Garganacl
|-supereffective|p1a: Garganacl
|-damage|p1a: Garganacl|53/100
|
|t:|1776193490
|switch|p2a: Still Trying?|Blissey, F, shiny|55/100|[from] Flip Turn
|
|-heal|p2a: Still Trying?|92/100|[from] move: Wish|[wisher] Try Harder.
|-heal|p2a: Still Trying?|98/100|[from] Grassy Terrain
|-heal|p1a: Garganacl|59/100|[from] Grassy Terrain
|-heal|p1a: Garganacl|65/100|[from] item: Leftovers
|upkeep
|turn|60
|inactive|HyperStallMIA has 120 seconds left.
|
|t:|1776193499
|switch|p2a: Try Harder.|Alomomola, F, shiny|100/100
|move|p1a: Garganacl|Salt Cure|p2a: Try Harder.
|-damage|p2a: Try Harder.|92/100
|-start|p2a: Try Harder.|Salt Cure
|
|-heal|p2a: Try Harder.|98/100|[from] Grassy Terrain
|-heal|p1a: Garganacl|72/100|[from] Grassy Terrain
|-heal|p1a: Garganacl|78/100|[from] item: Leftovers
|-damage|p2a: Try Harder.|74/100|[from] Salt Cure
|-fieldend|move: Grassy Terrain
|upkeep
|turn|61
|
|t:|1776193503
|switch|p2a: Worth Trying.|Clodsire, F, shiny|80/100
|switch|p1a: Slowking|Slowking-Galar, M|75/100 brn
|-damage|p1a: Slowking|63/100 brn|[from] Stealth Rock
|
|-damage|p1a: Slowking|57/100 brn|[from] brn
|upkeep
|turn|62
|
|t:|1776193514
|switch|p1a: Corviknight|Corviknight, M|77/100
|-damage|p1a: Corviknight|65/100|[from] Stealth Rock
|-ability|p1a: Corviknight|Pressure
|switch|p2a: Still Trying?|Blissey, F, shiny|98/100
|
|upkeep
|turn|63
|
|t:|1776193520
|switch|p2a: Try Harder.|Alomomola, F, shiny|100/100
|move|p1a: Corviknight|Defog|p2a: Try Harder.
|-unboost|p2a: Try Harder.|evasion|1
|-sideend|p2: HyperStallMIA|Stealth Rock|[from] move: Defog|[of] p1a: Corviknight
|-sideend|p1: overheat xyz|Stealth Rock|[from] move: Defog|[of] p1a: Corviknight
|
|upkeep
|turn|64
|
|t:|1776193525
|switch|p1a: Slowking|Slowking-Galar, M|90/100 brn
|switch|p2a: Let's Try.|Gliscor, F, shiny|82/100 tox
|
|-heal|p2a: Let's Try.|95/100 tox|[from] ability: Poison Heal
|-damage|p1a: Slowking|84/100 brn|[from] brn
|upkeep
|turn|65
|
|t:|1776193533
|switch|p2a: Still Trying?|Blissey, F, shiny|98/100
|move|p1a: Slowking|Ice Beam|p2a: Still Trying?
|-damage|p2a: Still Trying?|91/100
|
|-damage|p1a: Slowking|78/100 brn|[from] brn
|upkeep
|turn|66
|
|t:|1776193537
|move|p2a: Still Trying?|Stealth Rock|p1a: Slowking
|-sidestart|p1: overheat xyz|move: Stealth Rock
|move|p1a: Slowking|Psychic Noise|p2a: Still Trying?
|-damage|p2a: Still Trying?|81/100
|-start|p2a: Still Trying?|move: Heal Block
|
|-damage|p1a: Slowking|72/100 brn|[from] brn
|upkeep
|turn|67
|
|t:|1776193542
|move|p2a: Still Trying?|Seismic Toss|p1a: Slowking
|-damage|p1a: Slowking|46/100 brn
|move|p1a: Slowking|Sludge Bomb|p2a: Still Trying?
|-damage|p2a: Still Trying?|71/100
|
|-damage|p1a: Slowking|40/100 brn|[from] brn
|-end|p2a: Still Trying?|move: Heal Block
|upkeep
|turn|68
|
|t:|1776193550
|switch|p1a: Corviknight|Corviknight, M|65/100
|-damage|p1a: Corviknight|52/100|[from] Stealth Rock
|-ability|p1a: Corviknight|Pressure
|move|p2a: Still Trying?|Seismic Toss|p1a: Corviknight
|-damage|p1a: Corviknight|27/100
|
|upkeep
|turn|69
|
|t:|1776193560
|switch|p2a: Try Harder.|Alomomola, F, shiny|100/100
|move|p1a: Corviknight|Roost|p1a: Corviknight
|-heal|p1a: Corviknight|77/100
|-singleturn|p1a: Corviknight|move: Roost
|
|upkeep
|turn|70
|
|t:|1776193565
|move|p1a: Corviknight|Defog|p2a: Try Harder.
|-unboost|p2a: Try Harder.|evasion|1
|-sideend|p1: overheat xyz|Stealth Rock|[from] move: Defog|[of] p1a: Corviknight
|move|p2a: Try Harder.|Scald|p1a: Corviknight
|-damage|p1a: Corviknight|63/100
|
|upkeep
|turn|71
|
|t:|1776193573
|switch|p1a: Slowking|Slowking-Galar, M|73/100 brn
|move|p2a: Try Harder.|Wish|p2a: Try Harder.
|
|-damage|p1a: Slowking|67/100 brn|[from] brn
|upkeep
|turn|72
|
|t:|1776193585
|move|p2a: Try Harder.|Flip Turn|p1a: Slowking
|-damage|p1a: Slowking|51/100 brn
|
|t:|1776193587
|switch|p2a: Still Trying?|Blissey, F, shiny|71/100|[from] Flip Turn
|move|p1a: Slowking|Sludge Bomb|p2a: Still Trying?
|-damage|p2a: Still Trying?|59/100
|-status|p2a: Still Trying?|psn
|
|-heal|p2a: Still Trying?|96/100 psn|[from] move: Wish|[wisher] Try Harder.
|-damage|p2a: Still Trying?|83/100 psn|[from] psn
|-damage|p1a: Slowking|45/100 brn|[from] brn
|upkeep
|turn|73
|
|t:|1776193600
|switch|p1a: Corviknight|Corviknight, M|63/100
|-ability|p1a: Corviknight|Pressure
|move|p2a: Still Trying?|Stealth Rock|p1a: Corviknight
|-sidestart|p1: overheat xyz|move: Stealth Rock
|
|-damage|p2a: Still Trying?|71/100 psn|[from] psn
|upkeep
|turn|74
|
|t:|1776193605
|-curestatus|p2a: Still Trying?|psn|[from] ability: Natural Cure
|switch|p2a: Keep Trying.|Corviknight, F, shiny|100/100
|-ability|p2a: Keep Trying.|Pressure
|move|p1a: Corviknight|Defog|p2a: Keep Trying.
|-unboost|p2a: Keep Trying.|evasion|1
|-sideend|p1: overheat xyz|Stealth Rock|[from] move: Defog|[of] p1a: Corviknight
|
|upkeep
|turn|75
|
|t:|1776193610
|switch|p1a: Dragapult|Dragapult, M|88/100
|switch|p2a: Let's Try.|Gliscor, F, shiny|95/100 tox
|
|-heal|p2a: Let's Try.|100/100 tox|[from] ability: Poison Heal
|upkeep
|turn|76
|
|t:|1776193617
|move|p2a: Let's Try.|Protect|p2a: Let's Try.
|-singleturn|p2a: Let's Try.|Protect
|move|p1a: Dragapult|Draco Meteor|p2a: Let's Try.
|-activate|p2a: Let's Try.|move: Protect
|
|upkeep
|turn|77
|
|t:|1776193622
|switch|p1a: Rillaboom|Rillaboom, M|100/100
|-fieldstart|move: Grassy Terrain|[from] ability: Grassy Surge|[of] p1a: Rillaboom
|switch|p2a: Still Trying?|Blissey, F, shiny|71/100
|
|-heal|p2a: Still Trying?|77/100|[from] Grassy Terrain
|upkeep
|turn|78
|
|t:|1776193631
|switch|p2a: Keep Trying.|Corviknight, F, shiny|100/100
|-ability|p2a: Keep Trying.|Pressure
|move|p1a: Rillaboom|Knock Off|p2a: Keep Trying.
|-damage|p2a: Keep Trying.|77/100
|
|upkeep
|turn|79
|
|t:|1776193638
|switch|p2a: Let's Try.|Gliscor, F, shiny|100/100 tox
|move|p1a: Rillaboom|Knock Off|p2a: Let's Try.
|-damage|p2a: Let's Try.|78/100 tox
|
|-heal|p2a: Let's Try.|90/100 tox|[from] ability: Poison Heal
|upkeep
|turn|80
|
|t:|1776193647
|switch|p1a: Corviknight|Corviknight, M|63/100
|-ability|p1a: Corviknight|Pressure
|move|p2a: Let's Try.|Spikes|p1a: Corviknight
|-sidestart|p1: overheat xyz|Spikes
|
|-heal|p2a: Let's Try.|100/100 tox|[from] ability: Poison Heal
|upkeep
|turn|81
|
|t:|1776193653
|switch|p2a: Keep Trying.|Corviknight, F, shiny|77/100
|-ability|p2a: Keep Trying.|Pressure
|move|p1a: Corviknight|Defog|p2a: Keep Trying.
|-unboost|p2a: Keep Trying.|evasion|1
|-sideend|p1: overheat xyz|Spikes|[from] move: Defog|[of] p1a: Corviknight
|-fieldend|move: Grassy Terrain
|
|upkeep
|turn|82
|
|t:|1776193656
|switch|p1a: Garganacl|Garganacl, M|78/100
|switch|p2a: Let's Try.|Gliscor, F, shiny|100/100 tox
|
|-heal|p1a: Garganacl|84/100|[from] item: Leftovers
|upkeep
|turn|83
|
|t:|1776193661
|switch|p1a: Corviknight|Corviknight, M|63/100
|-ability|p1a: Corviknight|Pressure
|move|p2a: Let's Try.|Knock Off|p1a: Corviknight
|-damage|p1a: Corviknight|55/100
|
|upkeep
|turn|84
|
|t:|1776193667
|switch|p2a: Try Harder.|Alomomola, F, shiny|100/100
|move|p1a: Corviknight|Roost|p1a: Corviknight
|-heal|p1a: Corviknight|100/100
|-singleturn|p1a: Corviknight|move: Roost
|
|upkeep
|turn|85
|
|t:|1776193671
|switch|p1a: Garganacl|Garganacl, M|84/100
|move|p2a: Try Harder.|Wish|p2a: Try Harder.
|
|-heal|p1a: Garganacl|90/100|[from] item: Leftovers
|upkeep
|turn|86
|
|t:|1776193680
|switch|p2a: Still Trying?|Blissey, F, shiny|77/100
|move|p1a: Garganacl|Stealth Rock|p2a: Still Trying?
|-sidestart|p2: HyperStallMIA|move: Stealth Rock
|
|-heal|p2a: Still Trying?|100/100|[from] move: Wish|[wisher] Try Harder.
|-heal|p1a: Garganacl|96/100|[from] item: Leftovers
|upkeep
|turn|87
|
|t:|1776193687
|switch|p1a: Rillaboom|Rillaboom, M|100/100
|-fieldstart|move: Grassy Terrain|[from] ability: Grassy Surge|[of] p1a: Rillaboom
|move|p2a: Still Trying?|Stealth Rock|p1a: Rillaboom
|-sidestart|p1: overheat xyz|move: Stealth Rock
|
|upkeep
|turn|88
|
|t:|1776193690
|switch|p2a: Keep Trying.|Corviknight, F, shiny|77/100
|-damage|p2a: Keep Trying.|65/100|[from] Stealth Rock
|-ability|p2a: Keep Trying.|Pressure
|-terastallize|p1a: Rillaboom|Grass
|move|p1a: Rillaboom|Wood Hammer|p2a: Keep Trying.
|-resisted|p2a: Keep Trying.
|-damage|p2a: Keep Trying.|39/100
|-damage|p1a: Rillaboom|91/100|[from] Recoil
|
|-heal|p1a: Rillaboom|97/100|[from] Grassy Terrain
|upkeep
|turn|89
|
|t:|1776193705
|move|p1a: Rillaboom|Wood Hammer|p2a: Keep Trying.
|-resisted|p2a: Keep Trying.
|-damage|p2a: Keep Trying.|14/100
|-damage|p1a: Rillaboom|87/100|[from] Recoil
|move|p2a: Keep Trying.|Roost|p2a: Keep Trying.
|-heal|p2a: Keep Trying.|64/100
|-singleturn|p2a: Keep Trying.|move: Roost
|
|-heal|p1a: Rillaboom|93/100|[from] Grassy Terrain
|-heal|p2a: Keep Trying.|70/100|[from] Grassy Terrain
|upkeep
|turn|90
|
|t:|1776193713
|move|p1a: Rillaboom|Wood Hammer|p2a: Keep Trying.
|-resisted|p2a: Keep Trying.
|-damage|p2a: Keep Trying.|45/100
|-damage|p1a: Rillaboom|83/100|[from] Recoil
|move|p2a: Keep Trying.|Roost|p2a: Keep Trying.
|-heal|p2a: Keep Trying.|95/100
|-singleturn|p2a: Keep Trying.|move: Roost
|
|-heal|p1a: Rillaboom|90/100|[from] Grassy Terrain
|-heal|p2a: Keep Trying.|100/100|[from] Grassy Terrain
|upkeep
|turn|91
|
|t:|1776193723
|switch|p1a: Dragapult|Dragapult, M|88/100
|-damage|p1a: Dragapult|76/100|[from] Stealth Rock
|move|p2a: Keep Trying.|Iron Defense|p2a: Keep Trying.
|-boost|p2a: Keep Trying.|def|2
|
|-heal|p1a: Dragapult|82/100|[from] Grassy Terrain
|-fieldend|move: Grassy Terrain
|upkeep
|turn|92
|
|t:|1776193737
|switch|p2a: Still Trying?|Blissey, F, shiny|100/100
|move|p1a: Dragapult|Draco Meteor|p2a: Still Trying?
|-damage|p2a: Still Trying?|76/100
|-unboost|p1a: Dragapult|spa|2
|
|upkeep
|turn|93
|
|t:|1776193746
|switch|p1a: Slowking|Slowking-Galar, M|78/100 brn
|-damage|p1a: Slowking|66/100 brn|[from] Stealth Rock
|switch|p2a: Let's Try.|Gliscor, F, shiny|100/100 tox
|-damage|p2a: Let's Try.|88/100 tox|[from] Stealth Rock
|
|-heal|p2a: Let's Try.|100/100 tox|[from] ability: Poison Heal
|-damage|p1a: Slowking|60/100 brn|[from] brn
|upkeep
|turn|94
|
|t:|1776193753
|switch|p1a: Corviknight|Corviknight, M|100/100
|-damage|p1a: Corviknight|88/100|[from] Stealth Rock
|-ability|p1a: Corviknight|Pressure
|move|p2a: Let's Try.|Knock Off|p1a: Corviknight
|-damage|p1a: Corviknight|80/100
|
|upkeep
|turn|95
|
|t:|1776193760
|switch|p2a: Try Harder.|Alomomola, F, shiny|100/100
|move|p1a: Corviknight|Iron Defense|p1a: Corviknight
|-boost|p1a: Corviknight|def|2
|
|upkeep
|turn|96
|
|t:|1776193763
|switch|p1a: Slowking|Slowking-Galar, M|93/100 brn
|-damage|p1a: Slowking|81/100 brn|[from] Stealth Rock
|move|p2a: Try Harder.|Scald|p1a: Slowking
|-damage|p1a: Slowking|75/100 brn
|
|-damage|p1a: Slowking|69/100 brn|[from] brn
|upkeep
|turn|97
|
|t:|1776193767
|move|p2a: Try Harder.|Protect|p2a: Try Harder.
|-singleturn|p2a: Try Harder.|Protect
|move|p1a: Slowking|Psychic Noise|p2a: Try Harder.
|-activate|p2a: Try Harder.|move: Protect
|
|-damage|p1a: Slowking|62/100 brn|[from] brn
|upkeep
|turn|98
|
|t:|1776193771
|move|p2a: Try Harder.|Flip Turn|p1a: Slowking
|-damage|p1a: Slowking|45/100 brn
|
|t:|1776193774
|switch|p2a: Still Trying?|Blissey, F, shiny|76/100|[from] Flip Turn
|move|p1a: Slowking|Sludge Bomb|p2a: Still Trying?
|-crit|p2a: Still Trying?
|-damage|p2a: Still Trying?|60/100
|
|-damage|p1a: Slowking|39/100 brn|[from] brn
|upkeep
|turn|99
|
|t:|1776193783
|switch|p1a: Rillaboom|Rillaboom, M, tera:Grass|90/100
|-damage|p1a: Rillaboom|77/100|[from] Stealth Rock
|-fieldstart|move: Grassy Terrain|[from] ability: Grassy Surge|[of] p1a: Rillaboom
|move|p2a: Still Trying?|Seismic Toss|p1a: Rillaboom
|-damage|p1a: Rillaboom|48/100
|
|-heal|p1a: Rillaboom|54/100|[from] Grassy Terrain
|-heal|p2a: Still Trying?|66/100|[from] Grassy Terrain
|upkeep
|turn|100
|
|t:|1776193791
|switch|p2a: Keep Trying.|Corviknight, F, shiny|100/100
|-damage|p2a: Keep Trying.|88/100|[from] Stealth Rock
|-ability|p2a: Keep Trying.|Pressure
|move|p1a: Rillaboom|Knock Off|p2a: Keep Trying.
|-damage|p2a: Keep Trying.|67/100
|
|-heal|p1a: Rillaboom|60/100|[from] Grassy Terrain
|upkeep
|turn|101
|
|t:|1776193804
|switch|p1a: Dragapult|Dragapult, M|82/100
|-damage|p1a: Dragapult|70/100|[from] Stealth Rock
|move|p2a: Keep Trying.|Body Press|p1a: Dragapult
|-immune|p1a: Dragapult
|
|-heal|p1a: Dragapult|76/100|[from] Grassy Terrain
|upkeep
|turn|102
|
|t:|1776193817
|switch|p2a: Try Harder.|Alomomola, F, shiny|100/100
|move|p1a: Dragapult|U-turn|p2a: Try Harder.
|-damage|p2a: Try Harder.|91/100
|
|t:|1776193823
|switch|p1a: Rillaboom|Rillaboom, M, tera:Grass|60/100|[from] U-turn
|-damage|p1a: Rillaboom|48/100|[from] Stealth Rock
|
|-heal|p1a: Rillaboom|54/100|[from] Grassy Terrain
|-heal|p2a: Try Harder.|97/100|[from] Grassy Terrain
|upkeep
|turn|103
|
|t:|1776193830
|move|p2a: Try Harder.|Protect|p2a: Try Harder.
|-singleturn|p2a: Try Harder.|Protect
|move|p1a: Rillaboom|Knock Off|p2a: Try Harder.
|-activate|p2a: Try Harder.|move: Protect
|
|-heal|p1a: Rillaboom|60/100|[from] Grassy Terrain
|-heal|p2a: Try Harder.|100/100|[from] Grassy Terrain
|-fieldend|move: Grassy Terrain
|upkeep
|turn|104
|
|t:|1776193834
|switch|p2a: Let's Try.|Gliscor, F, shiny|100/100 tox
|-damage|p2a: Let's Try.|88/100 tox|[from] Stealth Rock
|move|p1a: Rillaboom|Knock Off|p2a: Let's Try.
|-damage|p2a: Let's Try.|65/100 tox
|
|-heal|p2a: Let's Try.|78/100 tox|[from] ability: Poison Heal
|upkeep
|turn|105
|
|t:|1776193838
|switch|p1a: Corviknight|Corviknight, M|80/100
|-damage|p1a: Corviknight|67/100|[from] Stealth Rock
|-ability|p1a: Corviknight|Pressure
|switch|p2a: Try Harder.|Alomomola, F, shiny|100/100
|
|upkeep
|turn|106
|
|t:|1776193849
|move|p1a: Corviknight|Defog|p2a: Try Harder.
|-unboost|p2a: Try Harder.|evasion|1
|-sideend|p2: HyperStallMIA|Stealth Rock|[from] move: Defog|[of] p1a: Corviknight
|-sideend|p1: overheat xyz|Stealth Rock|[from] move: Defog|[of] p1a: Corviknight
|move|p2a: Try Harder.|Wish|p2a: Try Harder.
|
|upkeep
|turn|107
|
|t:|1776193855
|switch|p1a: Garganacl|Garganacl, M|96/100
|move|p2a: Try Harder.|Flip Turn|p1a: Garganacl
|-supereffective|p1a: Garganacl
|-damage|p1a: Garganacl|75/100
|
|t:|1776193857
|switch|p2a: Keep Trying.|Corviknight, F, shiny|67/100|[from] Flip Turn
|-ability|p2a: Keep Trying.|Pressure
|
|-heal|p2a: Keep Trying.|100/100|[from] move: Wish|[wisher] Try Harder.
|-heal|p1a: Garganacl|81/100|[from] item: Leftovers
|upkeep
|turn|108
|
|t:|1776193862
|switch|p2a: Still Trying?|Blissey, F, shiny|66/100
|move|p1a: Garganacl|Salt Cure|p2a: Still Trying?
|-damage|p2a: Still Trying?|52/100
|-start|p2a: Still Trying?|Salt Cure
|
|-heal|p1a: Garganacl|87/100|[from] item: Leftovers
|-damage|p2a: Still Trying?|40/100|[from] Salt Cure
|upkeep
|turn|109
|
|t:|1776193868
|move|p2a: Still Trying?|Soft-Boiled|p2a: Still Trying?
|-heal|p2a: Still Trying?|90/100
|move|p1a: Garganacl|Stealth Rock|p2a: Still Trying?
|-sidestart|p2: HyperStallMIA|move: Stealth Rock
|
|-heal|p1a: Garganacl|94/100|[from] item: Leftovers
|-damage|p2a: Still Trying?|78/100|[from] Salt Cure
|upkeep
|turn|110
|
|t:|1776193872
|switch|p1a: Rillaboom|Rillaboom, M, tera:Grass|60/100
|-fieldstart|move: Grassy Terrain|[from] ability: Grassy Surge|[of] p1a: Rillaboom
|move|p2a: Still Trying?|Stealth Rock|p1a: Rillaboom
|-sidestart|p1: overheat xyz|move: Stealth Rock
|
|-heal|p1a: Rillaboom|66/100|[from] Grassy Terrain
|-heal|p2a: Still Trying?|84/100|[from] Grassy Terrain
|-damage|p2a: Still Trying?|71/100|[from] Salt Cure
|upkeep
|turn|111
|
|t:|1776193878
|switch|p2a: Keep Trying.|Corviknight, F, shiny|100/100
|-damage|p2a: Keep Trying.|88/100|[from] Stealth Rock
|-ability|p2a: Keep Trying.|Pressure
|move|p1a: Rillaboom|Knock Off|p2a: Keep Trying.
|-damage|p2a: Keep Trying.|65/100
|
|-heal|p1a: Rillaboom|73/100|[from] Grassy Terrain
|upkeep
|turn|112
|
|t:|1776193890
|switch|p1a: Slowking|Slowking-Galar, M|73/100 brn
|-damage|p1a: Slowking|60/100 brn|[from] Stealth Rock
|move|p2a: Keep Trying.|Roost|p2a: Keep Trying.
|-heal|p2a: Keep Trying.|100/100
|-singleturn|p2a: Keep Trying.|move: Roost
|
|-heal|p1a: Slowking|66/100 brn|[from] Grassy Terrain
|-damage|p1a: Slowking|60/100 brn|[from] brn
|upkeep
|turn|113
|
|t:|1776193897
|switch|p2a: Still Trying?|Blissey, F, shiny|71/100
|move|p1a: Slowking|Sludge Bomb|p2a: Still Trying?
|-damage|p2a: Still Trying?|61/100
|
|-heal|p2a: Still Trying?|67/100|[from] Grassy Terrain
|-heal|p1a: Slowking|66/100 brn|[from] Grassy Terrain
|-damage|p1a: Slowking|60/100 brn|[from] brn
|upkeep
|turn|114
|
|t:|1776193904
|move|p2a: Still Trying?|Seismic Toss|p1a: Slowking
|-damage|p1a: Slowking|35/100 brn
|move|p1a: Slowking|Psychic Noise|p2a: Still Trying?
|-crit|p2a: Still Trying?
|-damage|p2a: Still Trying?|53/100
|-start|p2a: Still Trying?|move: Heal Block
|
|-heal|p1a: Slowking|41/100 brn|[from] Grassy Terrain
|-damage|p1a: Slowking|35/100 brn|[from] brn
|-fieldend|move: Grassy Terrain
|upkeep
|turn|115
|
|t:|1776193914
|switch|p1a: Dragapult|Dragapult, M|76/100
|-damage|p1a: Dragapult|63/100|[from] Stealth Rock
|move|p2a: Still Trying?|Seismic Toss|p1a: Dragapult
|-immune|p1a: Dragapult
|
|-end|p2a: Still Trying?|move: Heal Block
|upkeep
|turn|116
|
|t:|1776193939
|move|p1a: Dragapult|U-turn|p2a: Still Trying?
|-damage|p2a: Still Trying?|35/100
|
|t:|1776193943
|switch|p1a: Garganacl|Garganacl, M|94/100|[from] U-turn
|-damage|p1a: Garganacl|81/100|[from] Stealth Rock
|move|p2a: Still Trying?|Soft-Boiled|p2a: Still Trying?
|-heal|p2a: Still Trying?|85/100
|
|-heal|p1a: Garganacl|87/100|[from] item: Leftovers
|upkeep
|turn|117
|
|t:|1776193950
|switch|p2a: Try Harder.|Alomomola, F, shiny|100/100
|move|p1a: Garganacl|Salt Cure|p2a: Try Harder.
|-damage|p2a: Try Harder.|92/100
|-start|p2a: Try Harder.|Salt Cure
|
|-heal|p1a: Garganacl|94/100|[from] item: Leftovers
|-damage|p2a: Try Harder.|67/100|[from] Salt Cure
|upkeep
|turn|118
|
|t:|1776193958
|switch|p2a: Worth Trying.|Clodsire, F, shiny|80/100
|move|p1a: Garganacl|Salt Cure|p2a: Worth Trying.
|-resisted|p2a: Worth Trying.
|-damage|p2a: Worth Trying.|72/100
|-start|p2a: Worth Trying.|Salt Cure
|
|-heal|p1a: Garganacl|99/100|[from] item: Leftovers
|-damage|p2a: Worth Trying.|60/100|[from] Salt Cure
|upkeep
|turn|119
|
|t:|1776193965
|switch|p1a: Corviknight|Corviknight, M|67/100
|-damage|p1a: Corviknight|55/100|[from] Stealth Rock
|-ability|p1a: Corviknight|Pressure
|switch|p2a: Try Harder.|Alomomola, F, shiny|100/100
|
|upkeep
|turn|120
|
|t:|1776193970
|move|p1a: Corviknight|Roost|p1a: Corviknight
|-heal|p1a: Corviknight|100/100
|-singleturn|p1a: Corviknight|move: Roost
|move|p2a: Try Harder.|Scald|p1a: Corviknight
|-damage|p1a: Corviknight|87/100
|
|upkeep
|turn|121
|
|t:|1776193977
|switch|p1a: Slowking|Slowking-Galar, M|68/100 brn
|-damage|p1a: Slowking|56/100 brn|[from] Stealth Rock
|move|p2a: Try Harder.|Scald|p1a: Slowking
|-damage|p1a: Slowking|49/100 brn
|
|-damage|p1a: Slowking|43/100 brn|[from] brn
|upkeep
|turn|122
|
|t:|1776193986
|move|p2a: Try Harder.|Protect|p2a: Try Harder.
|-singleturn|p2a: Try Harder.|Protect
|move|p1a: Slowking|Flamethrower|p2a: Try Harder.
|-activate|p2a: Try Harder.|move: Protect
|
|-damage|p1a: Slowking|37/100 brn|[from] brn
|upkeep
|turn|123
|
|t:|1776193992
|switch|p1a: Garganacl|Garganacl, M|99/100
|-damage|p1a: Garganacl|87/100|[from] Stealth Rock
|move|p2a: Try Harder.|Flip Turn|p1a: Garganacl
|-supereffective|p1a: Garganacl
|-damage|p1a: Garganacl|65/100
|
|t:|1776193995
|switch|p2a: Worth Trying.|Clodsire, F, shiny|60/100|[from] Flip Turn
|
|-heal|p1a: Garganacl|71/100|[from] item: Leftovers
|upkeep
|turn|124
|
|t:|1776193998
|move|p1a: Garganacl|Salt Cure|p2a: Worth Trying.
|-resisted|p2a: Worth Trying.
|-damage|p2a: Worth Trying.|52/100
|-start|p2a: Worth Trying.|Salt Cure
|move|p2a: Worth Trying.|Recover|p2a: Worth Trying.
|-heal|p2a: Worth Trying.|100/100
|
|-heal|p1a: Garganacl|77/100|[from] item: Leftovers
|-damage|p2a: Worth Trying.|88/100|[from] Salt Cure
|upkeep
|turn|125
|
|t:|1776194008
|switch|p2a: Try Harder.|Alomomola, F, shiny|100/100
|move|p1a: Garganacl|Salt Cure|p2a: Try Harder.
|-damage|p2a: Try Harder.|92/100
|-start|p2a: Try Harder.|Salt Cure
|
|-heal|p1a: Garganacl|84/100|[from] item: Leftovers
|-damage|p2a: Try Harder.|67/100|[from] Salt Cure
|upkeep
|turn|126
|
|t:|1776194017
|move|p2a: Try Harder.|Flip Turn|p1a: Garganacl
|-supereffective|p1a: Garganacl
|-damage|p1a: Garganacl|61/100
|
|t:|1776194021
|switch|p2a: Worth Trying.|Clodsire, F, shiny|88/100|[from] Flip Turn
|move|p1a: Garganacl|Salt Cure|p2a: Worth Trying.
|-resisted|p2a: Worth Trying.
|-damage|p2a: Worth Trying.|80/100
|-start|p2a: Worth Trying.|Salt Cure
|
|-heal|p1a: Garganacl|67/100|[from] item: Leftovers
|-damage|p2a: Worth Trying.|68/100|[from] Salt Cure
|upkeep
|turn|127
|
|t:|1776194030
|switch|p1a: Kingambit|Kingambit, M|100/100
|-damage|p1a: Kingambit|94/100|[from] Stealth Rock
|switch|p2a: Try Harder.|Alomomola, F, shiny|100/100
|
|upkeep
|turn|128
|
|t:|1776194037
|-end|p1a: Kingambit|fallenundefined|[silent]
|switch|p1a: Slowking|Slowking-Galar, M|71/100 brn
|-damage|p1a: Slowking|58/100 brn|[from] Stealth Rock
|move|p2a: Try Harder.|Scald|p1a: Slowking
|-damage|p1a: Slowking|52/100 brn
|
|-damage|p1a: Slowking|46/100 brn|[from] brn
|upkeep
|turn|129
|
|t:|1776194042
|switch|p1a: Garganacl|Garganacl, M|67/100
|-damage|p1a: Garganacl|55/100|[from] Stealth Rock
|move|p2a: Try Harder.|Protect||[still]
|-fail|p2a: Try Harder.
|
|-heal|p1a: Garganacl|61/100|[from] item: Leftovers
|upkeep
|turn|130
|
|t:|1776194045
|move|p1a: Garganacl|Protect|p1a: Garganacl
|-singleturn|p1a: Garganacl|Protect
|move|p2a: Try Harder.|Flip Turn|p1a: Garganacl
|-activate|p1a: Garganacl|move: Protect
|
|-heal|p1a: Garganacl|67/100|[from] item: Leftovers
|upkeep
|turn|131
|
|t:|1776194049
|move|p2a: Try Harder.|Flip Turn|p1a: Garganacl
|-supereffective|p1a: Garganacl
|-damage|p1a: Garganacl|45/100
|
|t:|1776194053
|switch|p2a: Worth Trying.|Clodsire, F, shiny|68/100|[from] Flip Turn
|move|p1a: Garganacl|Salt Cure|p2a: Worth Trying.
|-resisted|p2a: Worth Trying.
|-damage|p2a: Worth Trying.|60/100
|-start|p2a: Worth Trying.|Salt Cure
|
|-heal|p1a: Garganacl|51/100|[from] item: Leftovers
|-damage|p2a: Worth Trying.|47/100|[from] Salt Cure
|upkeep
|turn|132
|
|t:|1776194058
|move|p1a: Garganacl|Recover|p1a: Garganacl
|-heal|p1a: Garganacl|100/100
|move|p2a: Worth Trying.|Recover|p2a: Worth Trying.
|-heal|p2a: Worth Trying.|97/100
|
|-damage|p2a: Worth Trying.|85/100|[from] Salt Cure
|upkeep
|turn|133
|
|t:|1776194062
|switch|p2a: Try Harder.|Alomomola, F, shiny|100/100
|move|p1a: Garganacl|Salt Cure|p2a: Try Harder.
|-damage|p2a: Try Harder.|92/100
|-start|p2a: Try Harder.|Salt Cure
|
|-damage|p2a: Try Harder.|67/100|[from] Salt Cure
|upkeep
|turn|134
|
|t:|1776194065
|switch|p2a: Worth Trying.|Clodsire, F, shiny|85/100
|move|p1a: Garganacl|Salt Cure|p2a: Worth Trying.
|-resisted|p2a: Worth Trying.
|-damage|p2a: Worth Trying.|78/100
|-start|p2a: Worth Trying.|Salt Cure
|
|-damage|p2a: Worth Trying.|66/100|[from] Salt Cure
|upkeep
|turn|135
|
|t:|1776194069
|switch|p1a: Rillaboom|Rillaboom, M, tera:Grass|73/100
|-damage|p1a: Rillaboom|60/100|[from] Stealth Rock
|-fieldstart|move: Grassy Terrain|[from] ability: Grassy Surge|[of] p1a: Rillaboom
|switch|p2a: Try Harder.|Alomomola, F, shiny|100/100
|
|-heal|p1a: Rillaboom|66/100|[from] Grassy Terrain
|upkeep
|turn|136
|
|t:|1776194075
|move|p2a: Try Harder.|Protect|p2a: Try Harder.
|-singleturn|p2a: Try Harder.|Protect
|move|p1a: Rillaboom|Wood Hammer|p2a: Try Harder.
|-activate|p2a: Try Harder.|move: Protect
|
|-heal|p1a: Rillaboom|73/100|[from] Grassy Terrain
|upkeep
|turn|137
|
|t:|1776194080
|switch|p2a: Keep Trying.|Corviknight, F, shiny|100/100
|-damage|p2a: Keep Trying.|88/100|[from] Stealth Rock
|-ability|p2a: Keep Trying.|Pressure
|move|p1a: Rillaboom|Wood Hammer|p2a: Keep Trying.
|-resisted|p2a: Keep Trying.
|-damage|p2a: Keep Trying.|63/100
|-damage|p1a: Rillaboom|63/100|[from] Recoil
|
|-heal|p1a: Rillaboom|69/100|[from] Grassy Terrain
|upkeep
|turn|138
|
|t:|1776194093
|switch|p1a: Slowking|Slowking-Galar, M|79/100 brn
|-damage|p1a: Slowking|66/100 brn|[from] Stealth Rock
|move|p2a: Keep Trying.|Roost|p2a: Keep Trying.
|-heal|p2a: Keep Trying.|100/100
|-singleturn|p2a: Keep Trying.|move: Roost
|
|-heal|p1a: Slowking|73/100 brn|[from] Grassy Terrain
|-damage|p1a: Slowking|66/100 brn|[from] brn
|upkeep
|turn|139
|
|t:|1776194101
|switch|p2a: Still Trying?|Blissey, F, shiny|85/100
|move|p1a: Slowking|Sludge Bomb|p2a: Still Trying?
|-damage|p2a: Still Trying?|74/100
|
|-heal|p2a: Still Trying?|80/100|[from] Grassy Terrain
|-heal|p1a: Slowking|73/100 brn|[from] Grassy Terrain
|-damage|p1a: Slowking|66/100 brn|[from] brn
|-fieldend|move: Grassy Terrain
|upkeep
|turn|140
|
|t:|1776194108
|move|p2a: Still Trying?|Seismic Toss|p1a: Slowking
|-damage|p1a: Slowking|41/100 brn
|move|p1a: Slowking|Psychic Noise|p2a: Still Trying?
|-damage|p2a: Still Trying?|70/100
|-start|p2a: Still Trying?|move: Heal Block
|
|-damage|p1a: Slowking|35/100 brn|[from] brn
|upkeep
|turn|141
|
|t:|1776194113
|move|p2a: Still Trying?|Seismic Toss|p1a: Slowking
|-damage|p1a: Slowking|10/100 brn
|move|p1a: Slowking|Sludge Bomb|p2a: Still Trying?
|-damage|p2a: Still Trying?|60/100
|
|-damage|p1a: Slowking|4/100 brn|[from] brn
|-end|p2a: Still Trying?|move: Heal Block
|upkeep
|turn|142
|
|t:|1776194118
|switch|p1a: Corviknight|Corviknight, M|87/100
|-damage|p1a: Corviknight|74/100|[from] Stealth Rock
|-ability|p1a: Corviknight|Pressure
|move|p2a: Still Trying?|Seismic Toss|p1a: Corviknight
|-damage|p1a: Corviknight|49/100
|
|upkeep
|turn|143
|
|t:|1776194127
|move|p1a: Corviknight|Roost|p1a: Corviknight
|-heal|p1a: Corviknight|99/100
|-singleturn|p1a: Corviknight|move: Roost
|move|p2a: Still Trying?|Seismic Toss|p1a: Corviknight
|-damage|p1a: Corviknight|74/100
|
|upkeep
|turn|144
|
|t:|1776194134
|switch|p2a: Let's Try.|Gliscor, F, shiny|78/100 tox
|-damage|p2a: Let's Try.|65/100 tox|[from] Stealth Rock
|move|p1a: Corviknight|Defog|p2a: Let's Try.
|-unboost|p2a: Let's Try.|evasion|1
|-sideend|p2: HyperStallMIA|Stealth Rock|[from] move: Defog|[of] p1a: Corviknight
|-sideend|p1: overheat xyz|Stealth Rock|[from] move: Defog|[of] p1a: Corviknight
|
|-heal|p2a: Let's Try.|78/100 tox|[from] ability: Poison Heal
|upkeep
|turn|145
|
|t:|1776194141
|move|p2a: Let's Try.|Spikes|p1a: Corviknight
|-sidestart|p1: overheat xyz|Spikes
|move|p1a: Corviknight|Iron Defense|p1a: Corviknight
|-boost|p1a: Corviknight|def|2
|
|-heal|p2a: Let's Try.|90/100 tox|[from] ability: Poison Heal
|upkeep
|turn|146
|
|t:|1776194148
|switch|p2a: Worth Trying.|Clodsire, F, shiny|66/100
|move|p1a: Corviknight|Iron Defense|p1a: Corviknight
|-boost|p1a: Corviknight|def|2
|
|upkeep
|turn|147
|
|t:|1776194153
|move|p1a: Corviknight|Defog|p2a: Worth Trying.
|-unboost|p2a: Worth Trying.|evasion|1
|-sideend|p1: overheat xyz|Spikes|[from] move: Defog|[of] p1a: Corviknight
|move|p2a: Worth Trying.|Recover|p2a: Worth Trying.
|-heal|p2a: Worth Trying.|100/100
|
|upkeep
|turn|148
|
|t:|1776194160
|switch|p1a: Slowking|Slowking-Galar, M|37/100 brn
|move|p2a: Worth Trying.|Toxic||[still]
|-fail|p2a: Worth Trying.
|
|-damage|p1a: Slowking|31/100 brn|[from] brn
|upkeep
|turn|149
|
|t:|1776194166
|switch|p1a: Corviknight|Corviknight, M|74/100
|-ability|p1a: Corviknight|Pressure
|move|p2a: Worth Trying.|Bulldoze|p1a: Corviknight
|-immune|p1a: Corviknight
|
|upkeep
|turn|150
|
|t:|1776194169
|move|p1a: Corviknight|Iron Defense|p1a: Corviknight
|-boost|p1a: Corviknight|def|2
|move|p2a: Worth Trying.|Bulldoze|p1a: Corviknight
|-immune|p1a: Corviknight
|
|upkeep
|turn|151
|
|t:|1776194175
|switch|p2a: Let's Try.|Gliscor, F, shiny|90/100 tox
|move|p1a: Corviknight|Iron Defense|p1a: Corviknight
|-boost|p1a: Corviknight|def|2
|
|-heal|p2a: Let's Try.|100/100 tox|[from] ability: Poison Heal
|upkeep
|turn|152
|
|t:|1776194180
|move|p2a: Let's Try.|Spikes|p1a: Corviknight
|-sidestart|p1: overheat xyz|Spikes
|move|p1a: Corviknight|Body Press|p2a: Let's Try.
|-resisted|p2a: Let's Try.
|-damage|p2a: Let's Try.|75/100 tox
|
|-heal|p2a: Let's Try.|88/100 tox|[from] ability: Poison Heal
|upkeep
|turn|153
|
|t:|1776194185
|switch|p2a: Try Harder.|Alomomola, F, shiny|100/100
|move|p1a: Corviknight|Defog|p2a: Try Harder.
|-unboost|p2a: Try Harder.|evasion|1
|-sideend|p1: overheat xyz|Spikes|[from] move: Defog|[of] p1a: Corviknight
|
|upkeep
|turn|154
|
|t:|1776194192
|switch|p1a: Garganacl|Garganacl, M|100/100
|switch|p2a: Let's Try.|Gliscor, F, shiny|88/100 tox
|
|-heal|p2a: Let's Try.|99/100 tox|[from] ability: Poison Heal
|upkeep
|turn|155
|
|t:|1776194198
|switch|p2a: Still Trying?|Blissey, F, shiny|60/100
|switch|p1a: Corviknight|Corviknight, M|74/100
|-ability|p1a: Corviknight|Pressure
|
|upkeep
|turn|156
|
|t:|1776194203
|switch|p2a: Let's Try.|Gliscor, F, shiny|99/100 tox
|move|p1a: Corviknight|Body Press|p2a: Let's Try.
|-resisted|p2a: Let's Try.
|-damage|p2a: Let's Try.|92/100 tox
|
|-heal|p2a: Let's Try.|100/100 tox|[from] ability: Poison Heal
|upkeep
|turn|157
|
|t:|1776194209
|switch|p2a: Try Harder.|Alomomola, F, shiny|100/100
|move|p1a: Corviknight|Iron Defense|p1a: Corviknight
|-boost|p1a: Corviknight|def|2
|
|upkeep
|turn|158
|
|t:|1776194212
|switch|p1a: Rillaboom|Rillaboom, M, tera:Grass|69/100
|-fieldstart|move: Grassy Terrain|[from] ability: Grassy Surge|[of] p1a: Rillaboom
|move|p2a: Try Harder.|Scald|p1a: Rillaboom
|-resisted|p1a: Rillaboom
|-damage|p1a: Rillaboom|60/100
|
|-heal|p1a: Rillaboom|66/100|[from] Grassy Terrain
|upkeep
|turn|159
|
|t:|1776194224
|move|p2a: Try Harder.|Protect|p2a: Try Harder.
|-singleturn|p2a: Try Harder.|Protect
|move|p1a: Rillaboom|Wood Hammer|p2a: Try Harder.
|-activate|p2a: Try Harder.|move: Protect
|
|-heal|p1a: Rillaboom|72/100|[from] Grassy Terrain
|upkeep
|turn|160
|
|t:|1776194232
|switch|p2a: Keep Trying.|Corviknight, F, shiny|100/100
|-ability|p2a: Keep Trying.|Pressure
|move|p1a: Rillaboom|Wood Hammer|p2a: Keep Trying.
|-resisted|p2a: Keep Trying.
|-damage|p2a: Keep Trying.|75/100
|-damage|p1a: Rillaboom|62/100|[from] Recoil
|
|-heal|p1a: Rillaboom|69/100|[from] Grassy Terrain
|upkeep
|turn|161
|
|t:|1776194237
|switch|p1a: Dragapult|Dragapult, M|63/100
|move|p2a: Keep Trying.|Body Press|p1a: Dragapult
|-immune|p1a: Dragapult
|
|-heal|p1a: Dragapult|69/100|[from] Grassy Terrain
|upkeep
|turn|162
|
|t:|1776194244
|switch|p2a: Still Trying?|Blissey, F, shiny|60/100
|move|p1a: Dragapult|U-turn|p2a: Still Trying?
|-damage|p2a: Still Trying?|43/100
|
|t:|1776194247
|switch|p1a: Rillaboom|Rillaboom, M, tera:Grass|69/100|[from] U-turn
|
|-heal|p1a: Rillaboom|75/100|[from] Grassy Terrain
|-heal|p2a: Still Trying?|49/100|[from] Grassy Terrain
|-fieldend|move: Grassy Terrain
|upkeep
|turn|163
|
|t:|1776194253
|switch|p2a: Let's Try.|Gliscor, F, shiny|100/100 tox
|move|p1a: Rillaboom|U-turn|p2a: Let's Try.
|-resisted|p2a: Let's Try.
|-damage|p2a: Let's Try.|89/100 tox
|
|t:|1776194256
|switch|p1a: Dragapult|Dragapult, M|69/100|[from] U-turn
|
|-heal|p2a: Let's Try.|100/100 tox|[from] ability: Poison Heal
|upkeep
|turn|164
|
|t:|1776194259
|move|p2a: Let's Try.|Protect|p2a: Let's Try.
|-singleturn|p2a: Let's Try.|Protect
|move|p1a: Dragapult|U-turn|p2a: Let's Try.
|-activate|p2a: Let's Try.|move: Protect
|
|upkeep
|turn|165
|
|t:|1776194268
|move|p1a: Dragapult|U-turn|p2a: Let's Try.
|-resisted|p2a: Let's Try.
|-damage|p2a: Let's Try.|95/100 tox
|
|t:|1776194271
|switch|p1a: Corviknight|Corviknight, M|74/100|[from] U-turn
|-ability|p1a: Corviknight|Pressure
|move|p2a: Let's Try.|Knock Off|p1a: Corviknight
|-damage|p1a: Corviknight|66/100
|
|-heal|p2a: Let's Try.|100/100 tox|[from] ability: Poison Heal
|upkeep
|turn|166
|
|t:|1776194277
|move|p2a: Let's Try.|Spikes|p1a: Corviknight
|-sidestart|p1: overheat xyz|Spikes
|move|p1a: Corviknight|Iron Defense|p1a: Corviknight
|-boost|p1a: Corviknight|def|2
|
|upkeep
|turn|167
|
|t:|1776194281
|switch|p2a: Try Harder.|Alomomola, F, shiny|100/100
|move|p1a: Corviknight|Body Press|p2a: Try Harder.
|-damage|p2a: Try Harder.|67/100
|
|upkeep
|turn|168
|
|t:|1776194284
|move|p1a: Corviknight|Defog|p2a: Try Harder.
|-unboost|p2a: Try Harder.|evasion|1
|-sideend|p1: overheat xyz|Spikes|[from] move: Defog|[of] p1a: Corviknight
|move|p2a: Try Harder.|Wish|p2a: Try Harder.
|
|upkeep
|turn|169
|
|t:|1776194290
|switch|p1a: Slowking|Slowking-Galar, M|64/100 brn
|move|p2a: Try Harder.|Flip Turn|p1a: Slowking
|-damage|p1a: Slowking|47/100 brn
|
|t:|1776194293
|switch|p2a: Still Trying?|Blissey, F, shiny|49/100|[from] Flip Turn
|
|-heal|p2a: Still Trying?|85/100|[from] move: Wish|[wisher] Try Harder.
|-damage|p1a: Slowking|41/100 brn|[from] brn
|upkeep
|turn|170
|
|t:|1776194299
|switch|p1a: Rillaboom|Rillaboom, M, tera:Grass|75/100
|-fieldstart|move: Grassy Terrain|[from] ability: Grassy Surge|[of] p1a: Rillaboom
|move|p2a: Still Trying?|Stealth Rock|p1a: Rillaboom
|-sidestart|p1: overheat xyz|move: Stealth Rock
|
|-heal|p1a: Rillaboom|81/100|[from] Grassy Terrain
|-heal|p2a: Still Trying?|91/100|[from] Grassy Terrain
|upkeep
|turn|171
|
|t:|1776194305
|switch|p2a: Keep Trying.|Corviknight, F, shiny|75/100
|-ability|p2a: Keep Trying.|Pressure
|move|p1a: Rillaboom|Wood Hammer|p2a: Keep Trying.
|-resisted|p2a: Keep Trying.
|-damage|p2a: Keep Trying.|48/100
|-damage|p1a: Rillaboom|70/100|[from] Recoil
|
|-heal|p1a: Rillaboom|76/100|[from] Grassy Terrain
|upkeep
|turn|172
|
|t:|1776194311
|move|p1a: Rillaboom|Wood Hammer|p2a: Keep Trying.
|-resisted|p2a: Keep Trying.
|-damage|p2a: Keep Trying.|22/100
|-damage|p1a: Rillaboom|66/100|[from] Recoil
|move|p2a: Keep Trying.|Roost|p2a: Keep Trying.
|-heal|p2a: Keep Trying.|72/100
|-singleturn|p2a: Keep Trying.|move: Roost
|
|-heal|p1a: Rillaboom|73/100|[from] Grassy Terrain
|-heal|p2a: Keep Trying.|78/100|[from] Grassy Terrain
|upkeep
|turn|173
|
|t:|1776194322
|switch|p1a: Corviknight|Corviknight, M|66/100
|-damage|p1a: Corviknight|54/100|[from] Stealth Rock
|-ability|p1a: Corviknight|Pressure
|move|p2a: Keep Trying.|Iron Defense|p2a: Keep Trying.
|-boost|p2a: Keep Trying.|def|2
|
|upkeep
|turn|174
|
|t:|1776194329
|switch|p1a: Dragapult|Dragapult, M|69/100
|-damage|p1a: Dragapult|57/100|[from] Stealth Rock
|move|p2a: Keep Trying.|Body Press|p1a: Dragapult
|-immune|p1a: Dragapult
|
|-heal|p1a: Dragapult|63/100|[from] Grassy Terrain
|-fieldend|move: Grassy Terrain
|upkeep
|turn|175
|
|t:|1776194334
|switch|p2a: Still Trying?|Blissey, F, shiny|91/100
|move|p1a: Dragapult|U-turn|p2a: Still Trying?
|-damage|p2a: Still Trying?|73/100
|
|t:|1776194339
|switch|p1a: Garganacl|Garganacl, M|100/100|[from] U-turn
|-damage|p1a: Garganacl|88/100|[from] Stealth Rock
|
|-heal|p1a: Garganacl|94/100|[from] item: Leftovers
|upkeep
|turn|176
|
|t:|1776194346
|switch|p2a: Try Harder.|Alomomola, F, shiny|100/100
|move|p1a: Garganacl|Stealth Rock|p2a: Try Harder.
|-sidestart|p2: HyperStallMIA|move: Stealth Rock
|
|-heal|p1a: Garganacl|100/100|[from] item: Leftovers
|upkeep
|turn|177
|
|t:|1776194351
|switch|p1a: Slowking|Slowking-Galar, M|74/100 brn
|-damage|p1a: Slowking|62/100 brn|[from] Stealth Rock
|move|p2a: Try Harder.|Wish|p2a: Try Harder.
|
|-damage|p1a: Slowking|56/100 brn|[from] brn
|upkeep
|turn|178
|
|t:|1776194362
|move|p2a: Try Harder.|Flip Turn|p1a: Slowking
|-damage|p1a: Slowking|38/100 brn
|
|t:|1776194365
|switch|p2a: Still Trying?|Blissey, F, shiny|73/100|[from] Flip Turn
|move|p1a: Slowking|Ice Beam|p2a: Still Trying?
|-damage|p2a: Still Trying?|66/100
|
|-heal|p2a: Still Trying?|100/100|[from] move: Wish|[wisher] Try Harder.
|-damage|p1a: Slowking|32/100 brn|[from] brn
|upkeep
|turn|179
|
|t:|1776194373
|switch|p1a: Garganacl|Garganacl, M|100/100
|-damage|p1a: Garganacl|88/100|[from] Stealth Rock
|move|p2a: Still Trying?|Seismic Toss|p1a: Garganacl
|-damage|p1a: Garganacl|63/100
|
|-heal|p1a: Garganacl|70/100|[from] item: Leftovers
|upkeep
|turn|180
|
|t:|1776194378
|switch|p2a: Try Harder.|Alomomola, F, shiny|100/100
|move|p1a: Garganacl|Protect||[still]
|-fail|p1a: Garganacl
|
|-heal|p1a: Garganacl|76/100|[from] item: Leftovers
|upkeep
|turn|181
|
|t:|1776194386
|move|p2a: Try Harder.|Wish|p2a: Try Harder.
|move|p1a: Garganacl|Stealth Rock||[still]
|-fail|p1a: Garganacl
|
|-heal|p1a: Garganacl|82/100|[from] item: Leftovers
|upkeep
|turn|182
|
|t:|1776194390
|switch|p2a: Keep Trying.|Corviknight, F, shiny|78/100
|-damage|p2a: Keep Trying.|66/100|[from] Stealth Rock
|-ability|p2a: Keep Trying.|Pressure
|move|p1a: Garganacl|Stealth Rock||[still]
|-fail|p1a: Garganacl
|
|-heal|p2a: Keep Trying.|100/100|[from] move: Wish|[wisher] Try Harder.
|-heal|p1a: Garganacl|88/100|[from] item: Leftovers
|upkeep
|turn|183
|
|t:|1776194399
|switch|p2a: Try Harder.|Alomomola, F, shiny|100/100
|move|p1a: Garganacl|Stealth Rock||[still]
|-fail|p1a: Garganacl
|
|-heal|p1a: Garganacl|94/100|[from] item: Leftovers
|upkeep
|turn|184
|
|t:|1776194406
|switch|p2a: Worth Trying.|Clodsire, F, shiny|100/100
|switch|p1a: Slowking|Slowking-Galar, M|65/100 brn
|-damage|p1a: Slowking|53/100 brn|[from] Stealth Rock
|
|-damage|p1a: Slowking|47/100 brn|[from] brn
|upkeep
|turn|185
|
|t:|1776194412
|switch|p1a: Garganacl|Garganacl, M|94/100
|-damage|p1a: Garganacl|82/100|[from] Stealth Rock
|move|p2a: Worth Trying.|Bulldoze|p1a: Garganacl
|-supereffective|p1a: Garganacl
|-damage|p1a: Garganacl|58/100
|-unboost|p1a: Garganacl|spe|1
|
|-heal|p1a: Garganacl|64/100|[from] item: Leftovers
|upkeep
|turn|186
|
|t:|1776194420
|switch|p2a: Try Harder.|Alomomola, F, shiny|100/100
|move|p1a: Garganacl|Protect||[still]
|-fail|p1a: Garganacl
|
|-heal|p1a: Garganacl|71/100|[from] item: Leftovers
|upkeep
|turn|187
|
|t:|1776194431
|switch|p2a: Let's Try.|Gliscor, F, shiny|100/100 tox
|-damage|p2a: Let's Try.|88/100 tox|[from] Stealth Rock
|move|p1a: Garganacl|Salt Cure|p2a: Let's Try.
|-damage|p2a: Let's Try.|80/100 tox
|-start|p2a: Let's Try.|Salt Cure
|
|-heal|p1a: Garganacl|77/100|[from] item: Leftovers
|-heal|p2a: Let's Try.|93/100 tox|[from] ability: Poison Heal
|-damage|p2a: Let's Try.|80/100 tox|[from] Salt Cure
|upkeep
|turn|188
|
|t:|1776194436
|switch|p1a: Corviknight|Corviknight, M|54/100
|-damage|p1a: Corviknight|41/100|[from] Stealth Rock
|-ability|p1a: Corviknight|Pressure
|move|p2a: Let's Try.|Spikes|p1a: Corviknight
|-sidestart|p1: overheat xyz|Spikes
|
|-heal|p2a: Let's Try.|93/100 tox|[from] ability: Poison Heal
|-damage|p2a: Let's Try.|80/100 tox|[from] Salt Cure
|upkeep
|turn|189
|
|t:|1776194442
|switch|p2a: Try Harder.|Alomomola, F, shiny|100/100
|move|p1a: Corviknight|Roost|p1a: Corviknight
|-heal|p1a: Corviknight|91/100
|-singleturn|p1a: Corviknight|move: Roost
|
|upkeep
|turn|190
|
|t:|1776194449
|switch|p1a: Slowking|Slowking-Galar, M|80/100 brn
|-damage|p1a: Slowking|68/100 brn|[from] Stealth Rock
|-damage|p1a: Slowking|55/100 brn|[from] Spikes
|move|p2a: Try Harder.|Scald|p1a: Slowking
|-damage|p1a: Slowking|49/100 brn
|
|-damage|p1a: Slowking|43/100 brn|[from] brn
|upkeep
|turn|191
|
|t:|1776194460
|move|p2a: Try Harder.|Protect|p2a: Try Harder.
|-singleturn|p2a: Try Harder.|Protect
|move|p1a: Slowking|Ice Beam|p2a: Try Harder.
|-activate|p2a: Try Harder.|move: Protect
|
|-damage|p1a: Slowking|37/100 brn|[from] brn
|upkeep
|turn|192
|
|t:|1776194467
|switch|p1a: Corviknight|Corviknight, M|91/100
|-damage|p1a: Corviknight|79/100|[from] Stealth Rock
|-ability|p1a: Corviknight|Pressure
|move|p2a: Try Harder.|Flip Turn|p1a: Corviknight
|-damage|p1a: Corviknight|68/100
|
|t:|1776194476
|switch|p2a: Let's Try.|Gliscor, F, shiny|80/100 tox|[from] Flip Turn
|-damage|p2a: Let's Try.|68/100 tox|[from] Stealth Rock
|
|-heal|p2a: Let's Try.|80/100 tox|[from] ability: Poison Heal
|upkeep
|turn|193
|
|t:|1776194486
|switch|p2a: Try Harder.|Alomomola, F, shiny|100/100
|move|p1a: Corviknight|Iron Defense|p1a: Corviknight
|-boost|p1a: Corviknight|def|2
|
|upkeep
|turn|194
|
|t:|1776194492
|move|p1a: Corviknight|Defog|p2a: Try Harder.
|-unboost|p2a: Try Harder.|evasion|1
|-sideend|p2: HyperStallMIA|Stealth Rock|[from] move: Defog|[of] p1a: Corviknight
|-sideend|p1: overheat xyz|Spikes|[from] move: Defog|[of] p1a: Corviknight
|-sideend|p1: overheat xyz|Stealth Rock|[from] move: Defog|[of] p1a: Corviknight
|move|p2a: Try Harder.|Scald|p1a: Corviknight
|-damage|p1a: Corviknight|55/100
|-status|p1a: Corviknight|brn
|
|-damage|p1a: Corviknight|49/100 brn|[from] brn
|upkeep
|turn|195
|
|t:|1776194495
|switch|p1a: Rillaboom|Rillaboom, M, tera:Grass|73/100
|-fieldstart|move: Grassy Terrain|[from] ability: Grassy Surge|[of] p1a: Rillaboom
|move|p2a: Try Harder.|Flip Turn|p1a: Rillaboom
|-resisted|p1a: Rillaboom
|-damage|p1a: Rillaboom|64/100
|
|t:|1776194500
|switch|p2a: Let's Try.|Gliscor, F, shiny|80/100 tox|[from] Flip Turn
|
|-heal|p1a: Rillaboom|70/100|[from] Grassy Terrain
|-heal|p2a: Let's Try.|93/100 tox|[from] ability: Poison Heal
|upkeep
|turn|196
|
|t:|1776194505
|move|p2a: Let's Try.|Protect|p2a: Let's Try.
|-singleturn|p2a: Let's Try.|Protect
|move|p1a: Rillaboom|Wood Hammer|p2a: Let's Try.
|-activate|p2a: Let's Try.|move: Protect
|
|-heal|p1a: Rillaboom|76/100|[from] Grassy Terrain
|-heal|p2a: Let's Try.|100/100 tox|[from] ability: Poison Heal
|upkeep
|turn|197
|
|t:|1776194508
|switch|p2a: Keep Trying.|Corviknight, F, shiny|100/100
|-ability|p2a: Keep Trying.|Pressure
|move|p1a: Rillaboom|Wood Hammer|p2a: Keep Trying.
|-resisted|p2a: Keep Trying.
|-damage|p2a: Keep Trying.|73/100
|-damage|p1a: Rillaboom|65/100|[from] Recoil
|
|-heal|p1a: Rillaboom|71/100|[from] Grassy Terrain
|upkeep
|turn|198
|
|t:|1776194513
|move|p1a: Rillaboom|Wood Hammer|p2a: Keep Trying.
|-resisted|p2a: Keep Trying.
|-damage|p2a: Keep Trying.|49/100
|-damage|p1a: Rillaboom|62/100|[from] Recoil
|move|p2a: Keep Trying.|Body Press|p1a: Rillaboom
|-damage|p1a: Rillaboom|36/100
|
|-heal|p1a: Rillaboom|42/100|[from] Grassy Terrain
|upkeep
|turn|199
|
|t:|1776194518
|switch|p1a: Dragapult|Dragapult, M|63/100
|move|p2a: Keep Trying.|Roost|p2a: Keep Trying.
|-heal|p2a: Keep Trying.|99/100
|-singleturn|p2a: Keep Trying.|move: Roost
|
|-heal|p1a: Dragapult|69/100|[from] Grassy Terrain
|-heal|p2a: Keep Trying.|100/100|[from] Grassy Terrain
|-fieldend|move: Grassy Terrain
|upkeep
|turn|200
|
|t:|1776194526
|switch|p2a: Still Trying?|Blissey, F, shiny|100/100
|move|p1a: Dragapult|U-turn|p2a: Still Trying?
|-damage|p2a: Still Trying?|83/100
|
|t:|1776194528
|switch|p1a: Rillaboom|Rillaboom, M, tera:Grass|42/100|[from] U-turn
|-fieldstart|move: Grassy Terrain|[from] ability: Grassy Surge|[of] p1a: Rillaboom
|
|-heal|p1a: Rillaboom|48/100|[from] Grassy Terrain
|-heal|p2a: Still Trying?|89/100|[from] Grassy Terrain
|upkeep
|turn|201
|
|t:|1776194531
|switch|p2a: Keep Trying.|Corviknight, F, shiny|100/100
|-ability|p2a: Keep Trying.|Pressure
|move|p1a: Rillaboom|U-turn|p2a: Keep Trying.
|-resisted|p2a: Keep Trying.
|-damage|p2a: Keep Trying.|95/100
|
|t:|1776194535
|switch|p1a: Dragapult|Dragapult, M|69/100|[from] U-turn
|
|-heal|p1a: Dragapult|75/100|[from] Grassy Terrain
|upkeep
|turn|202
|
|t:|1776194539
|switch|p2a: Still Trying?|Blissey, F, shiny|89/100
|move|p1a: Dragapult|U-turn|p2a: Still Trying?
|-damage|p2a: Still Trying?|70/100
|
|t:|1776194542
|switch|p1a: Rillaboom|Rillaboom, M, tera:Grass|48/100|[from] U-turn
|
|-heal|p1a: Rillaboom|54/100|[from] Grassy Terrain
|-heal|p2a: Still Trying?|76/100|[from] Grassy Terrain
|upkeep
|turn|203
|
|t:|1776194546
|switch|p2a: Keep Trying.|Corviknight, F, shiny|95/100
|-ability|p2a: Keep Trying.|Pressure
|move|p1a: Rillaboom|U-turn|p2a: Keep Trying.
|-resisted|p2a: Keep Trying.
|-damage|p2a: Keep Trying.|89/100
|
|t:|1776194551
|switch|p1a: Dragapult|Dragapult, M|75/100|[from] U-turn
|
|-heal|p1a: Dragapult|81/100|[from] Grassy Terrain
|upkeep
|turn|204
|
|t:|1776194556
|switch|p2a: Try Harder.|Alomomola, F, shiny|100/100
|move|p1a: Dragapult|U-turn|p2a: Try Harder.
|-damage|p2a: Try Harder.|90/100
|
|t:|1776194559
|switch|p1a: Rillaboom|Rillaboom, M, tera:Grass|54/100|[from] U-turn
|
|-heal|p1a: Rillaboom|60/100|[from] Grassy Terrain
|-heal|p2a: Try Harder.|96/100|[from] Grassy Terrain
|-fieldend|move: Grassy Terrain
|upkeep
|turn|205
|
|t:|1776194564
|move|p2a: Try Harder.|Protect|p2a: Try Harder.
|-singleturn|p2a: Try Harder.|Protect
|move|p1a: Rillaboom|U-turn|p2a: Try Harder.
|-activate|p2a: Try Harder.|move: Protect
|
|upkeep
|turn|206
|
|t:|1776194568
|move|p1a: Rillaboom|U-turn|p2a: Try Harder.
|-damage|p2a: Try Harder.|74/100
|
|t:|1776194571
|switch|p1a: Slowking|Slowking-Galar, M|71/100 brn|[from] U-turn
|move|p2a: Try Harder.|Flip Turn|p1a: Slowking
|-damage|p1a: Slowking|53/100 brn
|
|t:|1776194573
|switch|p2a: Still Trying?|Blissey, F, shiny|76/100|[from] Flip Turn
|
|-damage|p1a: Slowking|47/100 brn|[from] brn
|upkeep
|turn|207
|
|t:|1776194579
|move|p2a: Still Trying?|Stealth Rock|p1a: Slowking
|-sidestart|p1: overheat xyz|move: Stealth Rock
|move|p1a: Slowking|Psychic Noise|p2a: Still Trying?
|-damage|p2a: Still Trying?|66/100
|-start|p2a: Still Trying?|move: Heal Block
|
|-damage|p1a: Slowking|41/100 brn|[from] brn
|upkeep
|turn|208
|
|t:|1776194583
|switch|p1a: Corviknight|Corviknight, M|49/100 brn
|-damage|p1a: Corviknight|36/100 brn|[from] Stealth Rock
|-ability|p1a: Corviknight|Pressure
|move|p2a: Still Trying?|Seismic Toss|p1a: Corviknight
|-damage|p1a: Corviknight|11/100 brn
|
|-damage|p1a: Corviknight|5/100 brn|[from] brn
|-end|p2a: Still Trying?|move: Heal Block
|upkeep
|turn|209
|
|t:|1776194590
|switch|p1a: Dragapult|Dragapult, M|81/100
|-damage|p1a: Dragapult|69/100|[from] Stealth Rock
|switch|p2a: Let's Try.|Gliscor, F, shiny|100/100 tox
|
|upkeep
|turn|210
|
|t:|1776194594
|move|p2a: Let's Try.|Protect|p2a: Let's Try.
|-singleturn|p2a: Let's Try.|Protect
|move|p1a: Dragapult|Draco Meteor|p2a: Let's Try.
|-activate|p2a: Let's Try.|move: Protect
|
|upkeep
|turn|211
|
|t:|1776194598
|switch|p2a: Still Trying?|Blissey, F, shiny|66/100
|move|p1a: Dragapult|Draco Meteor|p2a: Still Trying?
|-damage|p2a: Still Trying?|40/100
|-unboost|p1a: Dragapult|spa|2
|
|upkeep
|turn|212
|
|t:|1776194601
|switch|p1a: Rillaboom|Rillaboom, M, tera:Grass|60/100
|-damage|p1a: Rillaboom|48/100|[from] Stealth Rock
|-fieldstart|move: Grassy Terrain|[from] ability: Grassy Surge|[of] p1a: Rillaboom
|move|p2a: Still Trying?|Soft-Boiled|p2a: Still Trying?
|-heal|p2a: Still Trying?|90/100
|
|-heal|p1a: Rillaboom|54/100|[from] Grassy Terrain
|-heal|p2a: Still Trying?|96/100|[from] Grassy Terrain
|upkeep
|turn|213
|
|t:|1776194604
|switch|p2a: Keep Trying.|Corviknight, F, shiny|89/100
|-ability|p2a: Keep Trying.|Pressure
|move|p1a: Rillaboom|Knock Off|p2a: Keep Trying.
|-damage|p2a: Keep Trying.|68/100
|
|-heal|p1a: Rillaboom|60/100|[from] Grassy Terrain
|upkeep
|turn|214
|
|t:|1776194615
|switch|p2a: Let's Try.|Gliscor, F, shiny|100/100 tox
|move|p1a: Rillaboom|Knock Off|p2a: Let's Try.
|-damage|p2a: Let's Try.|80/100 tox
|
|-heal|p1a: Rillaboom|66/100|[from] Grassy Terrain
|-heal|p2a: Let's Try.|92/100 tox|[from] ability: Poison Heal
|upkeep
|turn|215
|
|t:|1776194621
|switch|p1a: Garganacl|Garganacl, M|77/100
|-damage|p1a: Garganacl|64/100|[from] Stealth Rock
|move|p2a: Let's Try.|Spikes|p1a: Garganacl
|-sidestart|p1: overheat xyz|Spikes
|
|-heal|p1a: Garganacl|71/100|[from] Grassy Terrain
|-heal|p1a: Garganacl|77/100|[from] item: Leftovers
|-heal|p2a: Let's Try.|100/100 tox|[from] ability: Poison Heal
|upkeep
|turn|216
|
|t:|1776194624
|move|p2a: Let's Try.|Knock Off|p1a: Garganacl
|-damage|p1a: Garganacl|63/100
|-enditem|p1a: Garganacl|Leftovers|[from] move: Knock Off|[of] p2a: Let's Try.
|move|p1a: Garganacl|Salt Cure|p2a: Let's Try.
|-damage|p2a: Let's Try.|93/100 tox
|-start|p2a: Let's Try.|Salt Cure
|
|-heal|p1a: Garganacl|69/100|[from] Grassy Terrain
|-heal|p2a: Let's Try.|100/100 tox|[from] ability: Poison Heal
|-damage|p2a: Let's Try.|88/100 tox|[from] Salt Cure
|-fieldend|move: Grassy Terrain
|upkeep
|turn|217
|
|t:|1776194626
|move|p2a: Let's Try.|Spikes|p1a: Garganacl
|-sidestart|p1: overheat xyz|Spikes
|move|p1a: Garganacl|Salt Cure|p2a: Let's Try.
|-damage|p2a: Let's Try.|79/100 tox
|
|-heal|p2a: Let's Try.|92/100 tox|[from] ability: Poison Heal
|-damage|p2a: Let's Try.|79/100 tox|[from] Salt Cure
|upkeep
|turn|218
|-message|overheat xyz forfeited.
|
|win|HyperStallMIA
|raw|overheat xyz's rating: 1540 &rarr; <strong>1520</strong><br />(-20 for losing)
|raw|HyperStallMIA's rating: 1538 &rarr; <strong>1558</strong><br />(+20 for winning)
|l|☆overheat xyz
|player|p1|
