|html|<div class="broadcast-blue"><strong>[Gen 9] OU is currently suspecting Tera Blast! For information on how to participate check out the <a href="https://www.smogon.com/tools/suspects/view/200">suspect thread</a>.</strong></div>
|j|☆pokemongeiduonajie
|j|☆Honda Civic XII
|t:|1776092415
|gametype|singles
|player|p1|pokemongeiduonajie|102|1299
|player|p2|Honda Civic XII|collector|1287
|gen|9
|tier|[Gen 9] OU
|rated|
|rule|HP Percentage Mod: HP is shown in percentages
|rule|Endless Battle Clause: Forcing endless battles is banned
|rule|Species Clause: Limit one of each Pokémon
|rule|OHKO Clause: OHKO moves are banned
|rule|Evasion Items Clause: Evasion items are banned
|rule|Evasion Moves Clause: Evasion moves are banned
|rule|Evasion Abilities Clause: Evasion abilities are banned
|rule|Sleep Moves Clause: Sleep-inducing moves are banned
|clearpoke
|poke|p1|Hippowdon, F|
|poke|p1|Sandslash, F|
|poke|p1|Corviknight, M|
|poke|p1|Gengar, F|
|poke|p1|Latios, M|
|poke|p1|Dragonite, M|
|poke|p2|Clefable, M|
|poke|p2|Dragonite, M|
|poke|p2|Snorlax, M|
|poke|p2|Lapras, M|
|poke|p2|Gengar, F|
|poke|p2|Primeape, M|
|teampreview
|
|t:|1776092422
|teamsize|p1|6
|teamsize|p2|6
|start
|switch|p1a: Hippowdon|Hippowdon, F|100/100
|switch|p2a: Lapras|Lapras, M|100/100
|-weather|Sandstorm|[from] ability: Sand Stream|[of] p1a: Hippowdon
|turn|1
|inactive|Battle timer is ON: inactive players will automatically lose when time's up. (requested by pokemongeiduonajie)
|
|t:|1776092437
|move|p2a: Lapras|Surf|p1a: Hippowdon
|-supereffective|p1a: Hippowdon
|-damage|p1a: Hippowdon|31/100
|move|p1a: Hippowdon|Stone Edge|p2a: Lapras
|-supereffective|p2a: Lapras
|-damage|p2a: Lapras|59/100
|
|-weather|Sandstorm|[upkeep]
|-damage|p2a: Lapras|53/100|[from] Sandstorm
|-heal|p2a: Lapras|59/100|[from] item: Leftovers
|upkeep
|turn|2
|
|t:|1776092447
|switch|p1a: Latios|Latios, M|100/100
|move|p2a: Lapras|Surf|p1a: Latios
|-resisted|p1a: Latios
|-damage|p1a: Latios|79/100
|
|-weather|Sandstorm|[upkeep]
|-damage|p1a: Latios|73/100|[from] Sandstorm
|-damage|p2a: Lapras|53/100|[from] Sandstorm
|-heal|p2a: Lapras|59/100|[from] item: Leftovers
|upkeep
|turn|3
|
|t:|1776092457
|switch|p2a: Snorlax|Snorlax, M|100/100
|move|p1a: Latios|Psychic Noise|p2a: Snorlax
|-damage|p2a: Snorlax|81/100
|-start|p2a: Snorlax|move: Heal Block
|
|-weather|Sandstorm|[upkeep]
|-damage|p1a: Latios|67/100|[from] Sandstorm
|-damage|p2a: Snorlax|75/100|[from] Sandstorm
|upkeep
|turn|4
|
|t:|1776092468
|switch|p1a: Corviknight|Corviknight, M|100/100
|-ability|p1a: Corviknight|Pressure
|move|p2a: Snorlax|Body Slam|p1a: Corviknight
|-resisted|p1a: Corviknight
|-damage|p1a: Corviknight|87/100
|-status|p1a: Corviknight|par
|-damage|p2a: Snorlax|59/100|[from] item: Rocky Helmet|[of] p1a: Corviknight
|
|-weather|Sandstorm|[upkeep]
|-damage|p2a: Snorlax|53/100|[from] Sandstorm
|-end|p2a: Snorlax|move: Heal Block
|upkeep
|turn|5
|
|t:|1776092483
|switch|p2a: Lapras|Lapras, M|59/100
|cant|p1a: Corviknight|par
|
|-weather|Sandstorm|[upkeep]
|-damage|p2a: Lapras|53/100|[from] Sandstorm
|-heal|p2a: Lapras|59/100|[from] item: Leftovers
|upkeep
|turn|6
|
|t:|1776092491
|move|p2a: Lapras|Surf|p1a: Corviknight
|-damage|p1a: Corviknight|50/100 par
|move|p1a: Corviknight|U-turn|p2a: Lapras
|-damage|p2a: Lapras|47/100
|
|t:|1776092498
|switch|p1a: Sandslash|Sandslash, F|100/100|[from] U-turn
|
|-weather|Sandstorm|[upkeep]
|-damage|p2a: Lapras|41/100|[from] Sandstorm
|-heal|p2a: Lapras|47/100|[from] item: Leftovers
|upkeep
|turn|7
|
|t:|1776092506
|move|p1a: Sandslash|Earthquake|p2a: Lapras
|-crit|p2a: Lapras
|-damage|p2a: Lapras|0 fnt
|faint|p2a: Lapras
|
|-weather|Sandstorm|[upkeep]
|upkeep
|
|t:|1776092516
|switch|p2a: Primeape|Primeape, M|100/100
|turn|8
|
|t:|1776092521
|move|p2a: Primeape|Ice Punch|p1a: Sandslash
|-supereffective|p1a: Sandslash
|-damage|p1a: Sandslash|57/100
|move|p1a: Sandslash|Earthquake|p2a: Primeape
|-damage|p2a: Primeape|17/100
|
|-weather|none
|upkeep
|turn|9
|
|t:|1776092529
|switch|p1a: Corviknight|Corviknight, M|50/100 par
|-ability|p1a: Corviknight|Pressure
|move|p2a: Primeape|Ice Punch|p1a: Corviknight
|-damage|p1a: Corviknight|37/100 par
|-damage|p2a: Primeape|0 fnt|[from] item: Rocky Helmet|[of] p1a: Corviknight
|faint|p2a: Primeape
|
|upkeep
|
|t:|1776092534
|switch|p2a: Gengar|Gengar, F|100/100
|turn|10
|
|t:|1776092543
|switch|p1a: Hippowdon|Hippowdon, F|31/100
|-weather|Sandstorm|[from] ability: Sand Stream|[of] p1a: Hippowdon
|move|p2a: Gengar|Shadow Ball|p1a: Hippowdon
|-damage|p1a: Hippowdon|0 fnt
|faint|p1a: Hippowdon
|
|-weather|Sandstorm|[upkeep]
|-damage|p2a: Gengar|94/100|[from] Sandstorm
|upkeep
|
|t:|1776092569
|switch|p1a: Dragonite|Dragonite, M|100/100
|turn|11
|
|t:|1776092575
|switch|p2a: Clefable|Clefable, M|100/100
|move|p1a: Dragonite|Earthquake|p2a: Clefable
|-damage|p2a: Clefable|71/100
|
|-weather|Sandstorm|[upkeep]
|-damage|p1a: Dragonite|94/100|[from] Sandstorm
|-damage|p2a: Clefable|65/100|[from] Sandstorm
|upkeep
|turn|12
|
|t:|1776092583
|switch|p1a: Gengar|Gengar, F|100/100
|move|p2a: Clefable|Moonblast|p1a: Gengar
|-resisted|p1a: Gengar
|-damage|p1a: Gengar|74/100
|
|-weather|Sandstorm|[upkeep]
|-damage|p1a: Gengar|68/100|[from] Sandstorm
|-damage|p2a: Clefable|59/100|[from] Sandstorm
|upkeep
|turn|13
|
|t:|1776092594
|switch|p1a: Sandslash|Sandslash, F|57/100
|switch|p2a: Snorlax|Snorlax, M|53/100
|
|-weather|Sandstorm|[upkeep]
|-damage|p2a: Snorlax|46/100|[from] Sandstorm
|upkeep
|turn|14
|
|t:|1776092603
|move|p1a: Sandslash|Swords Dance|p1a: Sandslash
|-boost|p1a: Sandslash|atk|2
|move|p2a: Snorlax|Body Slam|p1a: Sandslash
|-damage|p1a: Sandslash|14/100
|
|-weather|Sandstorm|[upkeep]
|-damage|p2a: Snorlax|40/100|[from] Sandstorm
|upkeep
|turn|15
|
|t:|1776092610
|move|p1a: Sandslash|Earthquake|p2a: Snorlax
|-damage|p2a: Snorlax|0 fnt
|faint|p2a: Snorlax
|
|-weather|Sandstorm|[upkeep]
|upkeep
|
|t:|1776092615
|switch|p2a: Gengar|Gengar, F|94/100
|turn|16
|
|t:|1776092620
|move|p2a: Gengar|Shadow Ball|p1a: Sandslash
|-damage|p1a: Sandslash|0 fnt
|faint|p1a: Sandslash
|
|-weather|Sandstorm|[upkeep]
|-damage|p2a: Gengar|88/100|[from] Sandstorm
|upkeep
|
|t:|1776092633
|switch|p1a: Dragonite|Dragonite, M|94/100
|turn|17
|
|t:|1776092648
|move|p2a: Gengar|Shadow Ball|p1a: Dragonite
|-damage|p1a: Dragonite|50/100
|move|p1a: Dragonite|Earthquake|p2a: Gengar
|-supereffective|p2a: Gengar
|-damage|p2a: Gengar|0 fnt
|faint|p2a: Gengar
|
|-weather|none
|upkeep
|
|t:|1776092652
|switch|p2a: Dragonite|Dragonite, M|100/100
|turn|18
|
|t:|1776092657
|move|p1a: Dragonite|Ice Spinner|p2a: Dragonite
|-supereffective|p2a: Dragonite
|-damage|p2a: Dragonite|45/100
|move|p2a: Dragonite|Ice Spinner|p1a: Dragonite
|-supereffective|p1a: Dragonite
|-damage|p1a: Dragonite|0 fnt
|faint|p1a: Dragonite
|
|upkeep
|
|t:|1776092669
|switch|p1a: Gengar|Gengar, F|68/100
|turn|19
|
|t:|1776092681
|-terastallize|p2a: Dragonite|Normal
|move|p1a: Gengar|Sludge Wave|p2a: Dragonite
|-damage|p2a: Dragonite|2/100
|move|p2a: Dragonite|Earthquake|p1a: Gengar
|-supereffective|p1a: Gengar
|-damage|p1a: Gengar|0 fnt
|-start|p2a: Dragonite|Disable|Earthquake|[from] ability: Cursed Body|[of] p1a: Gengar
|faint|p1a: Gengar
|
|upkeep
|
|t:|1776092692
|switch|p1a: Corviknight|Corviknight, M|37/100 par
|-ability|p1a: Corviknight|Pressure
|turn|20
|
|t:|1776092697
|move|p2a: Dragonite|Roost|p2a: Dragonite
|-heal|p2a: Dragonite|52/100
|move|p1a: Corviknight|Roost|p1a: Corviknight
|-heal|p1a: Corviknight|87/100 par
|-singleturn|p1a: Corviknight|move: Roost
|
|upkeep
|turn|21
|
|t:|1776092705
|move|p2a: Dragonite|Roost|p2a: Dragonite
|-heal|p2a: Dragonite|100/100
|move|p1a: Corviknight|Iron Defense|p1a: Corviknight
|-boost|p1a: Corviknight|def|2
|
|upkeep
|turn|22
|
|t:|1776092712
|switch|p2a: Clefable|Clefable, M|59/100
|move|p1a: Corviknight|Iron Defense|p1a: Corviknight
|-boost|p1a: Corviknight|def|2
|
|upkeep
|turn|23
|
|t:|1776092720
|move|p2a: Clefable|Flamethrower|p1a: Corviknight
|-supereffective|p1a: Corviknight
|-damage|p1a: Corviknight|49/100 par
|move|p1a: Corviknight|Body Press|p2a: Clefable
|-resisted|p2a: Clefable
|-damage|p2a: Clefable|48/100
|
|upkeep
|turn|24
|
|t:|1776092728
|switch|p1a: Latios|Latios, M|67/100
|move|p2a: Clefable|Flamethrower|p1a: Latios
|-resisted|p1a: Latios
|-damage|p1a: Latios|56/100
|
|upkeep
|turn|25
|
|t:|1776092757
|switch|p2a: Dragonite|Dragonite, M, tera:Normal|100/100
|-terastallize|p1a: Latios|Steel
|move|p1a: Latios|Recover|p1a: Latios
|-heal|p1a: Latios|100/100
|
|upkeep
|turn|26
|
|t:|1776092766
|move|p2a: Dragonite|Extreme Speed|p1a: Latios
|-resisted|p1a: Latios
|-damage|p1a: Latios|72/100
|move|p1a: Latios|Draco Meteor|p2a: Dragonite
|-damage|p2a: Dragonite|67/100
|-unboost|p1a: Latios|spa|2
|
|upkeep
|turn|27
|
|t:|1776092778
|switch|p1a: Corviknight|Corviknight, M|49/100 par
|-ability|p1a: Corviknight|Pressure
|switch|p2a: Clefable|Clefable, M|48/100
|
|upkeep
|turn|28
|
|t:|1776092785
|move|p2a: Clefable|Moonlight|p2a: Clefable
|-heal|p2a: Clefable|98/100
|move|p1a: Corviknight|Roost|p1a: Corviknight
|-heal|p1a: Corviknight|99/100 par
|-singleturn|p1a: Corviknight|move: Roost
|
|upkeep
|turn|29
|
|t:|1776092792
|move|p2a: Clefable|Flamethrower|p1a: Corviknight
|-supereffective|p1a: Corviknight
|-damage|p1a: Corviknight|62/100 par
|move|p1a: Corviknight|U-turn|p2a: Clefable
|-resisted|p2a: Clefable
|-damage|p2a: Clefable|93/100
|
|t:|1776092798
|switch|p1a: Latios|Latios, M, tera:Steel|72/100|[from] U-turn
|
|upkeep
|turn|30
|
|t:|1776092804
|move|p1a: Latios|Calm Mind|p1a: Latios
|-boost|p1a: Latios|spa|1
|-boost|p1a: Latios|spd|1
|move|p2a: Clefable|Knock Off|p1a: Latios
|-damage|p1a: Latios|51/100
|-enditem|p1a: Latios|Soul Dew|[from] move: Knock Off|[of] p2a: Clefable
|
|upkeep
|turn|31
|
|t:|1776092810
|move|p1a: Latios|Recover|p1a: Latios
|-heal|p1a: Latios|100/100
|move|p2a: Clefable|Flamethrower|p1a: Latios
|-supereffective|p1a: Latios
|-damage|p1a: Latios|59/100
|
|upkeep
|turn|32
|
|t:|1776092816
|move|p1a: Latios|Calm Mind|p1a: Latios
|-boost|p1a: Latios|spa|1
|-boost|p1a: Latios|spd|1
|move|p2a: Clefable|Flamethrower|p1a: Latios
|-supereffective|p1a: Latios
|-damage|p1a: Latios|18/100
|
|upkeep
|turn|33
|
|t:|1776092823
|move|p1a: Latios|Recover|p1a: Latios
|-heal|p1a: Latios|68/100
|move|p2a: Clefable|Flamethrower|p1a: Latios
|-supereffective|p1a: Latios
|-damage|p1a: Latios|27/100
|-status|p1a: Latios|brn
|
|-damage|p1a: Latios|21/100 brn|[from] brn
|upkeep
|turn|34
|
|t:|1776092834
|move|p1a: Latios|Recover|p1a: Latios
|-heal|p1a: Latios|71/100 brn
|move|p2a: Clefable|Flamethrower|p1a: Latios
|-supereffective|p1a: Latios
|-damage|p1a: Latios|31/100 brn
|
|-damage|p1a: Latios|25/100 brn|[from] brn
|upkeep
|turn|35
|
|t:|1776092842
|move|p1a: Latios|Recover|p1a: Latios
|-heal|p1a: Latios|75/100 brn
|move|p2a: Clefable|Flamethrower|p1a: Latios
|-supereffective|p1a: Latios
|-damage|p1a: Latios|34/100 brn
|
|-damage|p1a: Latios|28/100 brn|[from] brn
|upkeep
|turn|36
|
|t:|1776092851
|move|p1a: Latios|Recover|p1a: Latios
|-heal|p1a: Latios|79/100 brn
|move|p2a: Clefable|Flamethrower|p1a: Latios
|-supereffective|p1a: Latios
|-damage|p1a: Latios|40/100 brn
|
|-damage|p1a: Latios|34/100 brn|[from] brn
|upkeep
|turn|37
|
|t:|1776092859
|move|p1a: Latios|Recover|p1a: Latios
|-heal|p1a: Latios|84/100 brn
|move|p2a: Clefable|Flamethrower|p1a: Latios
|-supereffective|p1a: Latios
|-damage|p1a: Latios|44/100 brn
|
|-damage|p1a: Latios|38/100 brn|[from] brn
|upkeep
|turn|38
|
|t:|1776092866
|move|p1a: Latios|Psychic Noise|p2a: Clefable
|-damage|p2a: Clefable|59/100
|-start|p2a: Clefable|move: Heal Block
|move|p2a: Clefable|Flamethrower|p1a: Latios
|-supereffective|p1a: Latios
|-damage|p1a: Latios|0 fnt
|faint|p1a: Latios
|
|upkeep
|
|t:|1776092875
|switch|p1a: Corviknight|Corviknight, M|62/100 par
|-ability|p1a: Corviknight|Pressure
|turn|39
|
|t:|1776092881
|switch|p2a: Dragonite|Dragonite, M, tera:Normal|67/100
|move|p1a: Corviknight|Roost|p1a: Corviknight
|-heal|p1a: Corviknight|100/100 par
|-singleturn|p1a: Corviknight|move: Roost
|
|upkeep
|turn|40
|
|t:|1776092888
|switch|p2a: Clefable|Clefable, M|59/100
|move|p1a: Corviknight|Iron Defense|p1a: Corviknight
|-boost|p1a: Corviknight|def|2
|
|upkeep
|turn|41
|
|t:|1776092894
|move|p2a: Clefable|Moonlight|p2a: Clefable
|-heal|p2a: Clefable|100/100
|move|p1a: Corviknight|Iron Defense|p1a: Corviknight
|-boost|p1a: Corviknight|def|2
|
|upkeep
|turn|42
|
|t:|1776092900
|move|p2a: Clefable|Flamethrower|p1a: Corviknight
|-supereffective|p1a: Corviknight
|-damage|p1a: Corviknight|62/100 par
|move|p1a: Corviknight|Iron Defense|p1a: Corviknight
|-boost|p1a: Corviknight|def|2
|
|upkeep
|turn|43
|
|t:|1776092908
|move|p2a: Clefable|Flamethrower|p1a: Corviknight
|-supereffective|p1a: Corviknight
|-damage|p1a: Corviknight|23/100 par
|move|p1a: Corviknight|Roost|p1a: Corviknight
|-heal|p1a: Corviknight|73/100 par
|-singleturn|p1a: Corviknight|move: Roost
|
|upkeep
|turn|44
|
|t:|1776092915
|move|p2a: Clefable|Moonblast|p1a: Corviknight
|-resisted|p1a: Corviknight
|-damage|p1a: Corviknight|58/100 par
|move|p1a: Corviknight|Roost|p1a: Corviknight
|-heal|p1a: Corviknight|100/100 par
|-singleturn|p1a: Corviknight|move: Roost
|
|upkeep
|turn|45
|
|t:|1776092924
|move|p2a: Clefable|Knock Off|p1a: Corviknight
|-damage|p1a: Corviknight|91/100 par
|-damage|p2a: Clefable|84/100|[from] item: Rocky Helmet|[of] p1a: Corviknight
|-enditem|p1a: Corviknight|Rocky Helmet|[from] move: Knock Off|[of] p2a: Clefable
|move|p1a: Corviknight|Body Press|p2a: Clefable
|-resisted|p2a: Clefable
|-damage|p2a: Clefable|74/100
|
|upkeep
|turn|46
|-message|pokemongeiduonajie forfeited.
|
|win|Honda Civic XII
|raw|pokemongeiduonajie's rating: 1299 &rarr; <strong>1273</strong><br />(-26 for losing)
|raw|Honda Civic XII's rating: 1287 &rarr; <strong>1313</strong><br />(+26 for winning)
|l|☆pokemongeiduonajie
|player|p1|
|l|☆Honda Civic XII
|player|p2|
