|html|<div class="broadcast-blue"><strong>[Gen 9] OU is currently suspecting Volcarona! For information on how to participate check out the <a href="https://www.smogon.com/tools/suspects/view/208">suspect thread</a>.</strong></div>
|j|☆wendeltheweak
|j|☆antosi95
|t:|1778507309
|gametype|singles
|player|p1|wendeltheweak|266|1113
|player|p2|antosi95|flint|1167
|gen|9
|tier|[Gen 9] OU
|rated|
|rule|HP Percentage Mod: HP is shown in percentages
|rule|Endless Battle Clause: Forcing endless battles is banned
|rule|Species Clause: Limit one of each Pokémon
|rule|OHKO Clause: OHKO moves are banned
|rule|Evasion Items Clause: Evasion items are banned
|rule|Evasion Moves Clause: Evasion moves are banned
|rule|Evasion Abilities Clause: Evasion abilities are banned
|rule|Sleep Moves Clause: Sleep-inducing moves are banned
|clearpoke
|poke|p1|Ivysaur, F|
|poke|p1|Thwackey, M|
|poke|p1|Pikachu, F|
|poke|p1|Combusken, F|
|poke|p1|Wartortle, M|
|poke|p1|Torracat, M|
|poke|p2|Blastoise, M|
|poke|p2|Haxorus, M|
|poke|p2|Garganacl, M|
|poke|p2|Skeledirge, M|
|poke|p2|Kilowattrel, M|
|poke|p2|Ribombee, M|
|teampreview
|
|t:|1778507323
|teamsize|p1|6
|teamsize|p2|6
|start
|switch|p1a: Torracat|Torracat, M|100/100
|switch|p2a: Garganacl|Garganacl, M|100/100
|-ability|p1a: Torracat|Intimidate|boost
|-unboost|p2a: Garganacl|atk|1
|turn|1
|
|t:|1778507333
|move|p1a: Torracat|Fake Out|p2a: Garganacl
|-resisted|p2a: Garganacl
|-damage|p2a: Garganacl|97/100
|cant|p2a: Garganacl|flinch
|
|-heal|p2a: Garganacl|100/100|[from] item: Leftovers
|upkeep
|turn|2
|
|t:|1778507341
|move|p1a: Torracat|Parting Shot|p2a: Garganacl
|-unboost|p2a: Garganacl|atk|1
|-unboost|p2a: Garganacl|spa|1
|
|t:|1778507355
|switch|p1a: Thwackey|Thwackey, M|100/100|[from] Parting Shot
|-fieldstart|move: Grassy Terrain|[from] ability: Grassy Surge|[of] p1a: Thwackey
|move|p2a: Garganacl|Stealth Rock|p1a: Thwackey
|-sidestart|p1: wendeltheweak|move: Stealth Rock
|
|upkeep
|turn|3
|
|t:|1778507369
|move|p1a: Thwackey|Wood Hammer|p2a: Garganacl
|-supereffective|p2a: Garganacl
|-damage|p2a: Garganacl|0 fnt
|faint|p2a: Garganacl
|-damage|p1a: Thwackey|60/100|[from] Recoil
|-damage|p1a: Thwackey|50/100|[from] item: Life Orb
|
|-heal|p1a: Thwackey|56/100|[from] Grassy Terrain
|upkeep
|
|t:|1778507378
|switch|p2a: Kilowattrel|Kilowattrel, M|100/100
|turn|4
|inactive|Battle timer is ON: inactive players will automatically lose when time's up. (requested by antosi95)
|
|t:|1778507420
|switch|p1a: Combusken|Combusken, F|100/100
|-damage|p1a: Combusken|88/100|[from] Stealth Rock
|move|p2a: Kilowattrel|Air Slash|p1a: Combusken
|-supereffective|p1a: Combusken
|-damage|p1a: Combusken|0 fnt
|faint|p1a: Combusken
|
|upkeep
|
|t:|1778507444
|switch|p1a: Ivysaur|Ivysaur, F|100/100
|-damage|p1a: Ivysaur|88/100|[from] Stealth Rock
|turn|5
|
|t:|1778507453
|-terastallize|p1a: Ivysaur|Steel
|move|p2a: Kilowattrel|Air Slash|p1a: Ivysaur
|-resisted|p1a: Ivysaur
|-damage|p1a: Ivysaur|75/100
|cant|p1a: Ivysaur|flinch
|
|-heal|p1a: Ivysaur|81/100|[from] Grassy Terrain
|upkeep
|turn|6
|
|t:|1778507461
|move|p2a: Kilowattrel|Thunderbolt|p1a: Ivysaur
|-damage|p1a: Ivysaur|51/100
|move|p1a: Ivysaur|Leech Seed|p2a: Kilowattrel
|-start|p2a: Kilowattrel|move: Leech Seed
|
|-heal|p1a: Ivysaur|58/100|[from] Grassy Terrain
|-damage|p2a: Kilowattrel|88/100|[from] Leech Seed|[of] p1a: Ivysaur
|-heal|p1a: Ivysaur|68/100|[silent]
|-fieldend|move: Grassy Terrain
|upkeep
|turn|7
|
|t:|1778507472
|move|p2a: Kilowattrel|Thunderbolt|p1a: Ivysaur
|-damage|p1a: Ivysaur|40/100
|move|p1a: Ivysaur|Toxic|p2a: Kilowattrel|[miss]
|-miss|p1a: Ivysaur|p2a: Kilowattrel
|
|-damage|p2a: Kilowattrel|76/100|[from] Leech Seed|[of] p1a: Ivysaur
|-heal|p1a: Ivysaur|51/100|[silent]
|upkeep
|turn|8
|
|t:|1778507477
|move|p1a: Ivysaur|Protect|p1a: Ivysaur
|-singleturn|p1a: Ivysaur|Protect
|move|p2a: Kilowattrel|Thunderbolt|p1a: Ivysaur
|-activate|p1a: Ivysaur|move: Protect
|
|-damage|p2a: Kilowattrel|63/100|[from] Leech Seed|[of] p1a: Ivysaur
|-heal|p1a: Ivysaur|62/100|[silent]
|upkeep
|turn|9
|
|t:|1778507484
|switch|p2a: Haxorus|Haxorus, M|100/100
|-ability|p2a: Haxorus|Mold Breaker
|move|p1a: Ivysaur|Toxic|p2a: Haxorus
|-status|p2a: Haxorus|tox
|
|-damage|p2a: Haxorus|94/100 tox|[from] psn
|upkeep
|turn|10
|
|t:|1778507497
|move|p1a: Ivysaur|Protect|p1a: Ivysaur
|-singleturn|p1a: Ivysaur|Protect
|move|p2a: Haxorus|Earthquake|p1a: Ivysaur
|-activate|p1a: Ivysaur|move: Protect
|
|-damage|p2a: Haxorus|82/100 tox|[from] psn
|upkeep
|turn|11
|
|t:|1778507507
|switch|p1a: Thwackey|Thwackey, M|56/100
|-damage|p1a: Thwackey|44/100|[from] Stealth Rock
|-fieldstart|move: Grassy Terrain|[from] ability: Grassy Surge|[of] p1a: Thwackey
|move|p2a: Haxorus|Earthquake|p1a: Thwackey
|-resisted|p1a: Thwackey
|-damage|p1a: Thwackey|25/100
|
|-heal|p2a: Haxorus|88/100 tox|[from] Grassy Terrain
|-heal|p1a: Thwackey|31/100|[from] Grassy Terrain
|-damage|p2a: Haxorus|70/100 tox|[from] psn
|upkeep
|turn|12
|
|t:|1778507521
|switch|p2a: Kilowattrel|Kilowattrel, M|63/100
|move|p1a: Thwackey|Knock Off|p2a: Kilowattrel
|-damage|p2a: Kilowattrel|7/100
|-enditem|p2a: Kilowattrel|Heavy-Duty Boots|[from] move: Knock Off|[of] p1a: Thwackey
|-damage|p1a: Thwackey|21/100|[from] item: Life Orb
|
|-heal|p1a: Thwackey|28/100|[from] Grassy Terrain
|upkeep
|turn|13
|
|t:|1778507528
|move|p1a: Thwackey|Grassy Glide|p2a: Kilowattrel
|-resisted|p2a: Kilowattrel
|-damage|p2a: Kilowattrel|0 fnt
|faint|p2a: Kilowattrel
|-damage|p1a: Thwackey|18/100|[from] item: Life Orb
|
|-heal|p1a: Thwackey|24/100|[from] Grassy Terrain
|upkeep
|
|t:|1778507532
|switch|p2a: Skeledirge|Skeledirge, M|100/100
|turn|14
|
|t:|1778507541
|switch|p1a: Wartortle|Wartortle, M|100/100
|-damage|p1a: Wartortle|88/100|[from] Stealth Rock
|move|p2a: Skeledirge|Shadow Ball|p1a: Wartortle
|-damage|p1a: Wartortle|41/100
|
|-heal|p1a: Wartortle|47/100|[from] Grassy Terrain
|upkeep
|turn|15
|
|t:|1778507552
|move|p1a: Wartortle|Surf|p2a: Skeledirge
|-supereffective|p2a: Skeledirge
|-damage|p2a: Skeledirge|53/100
|move|p2a: Skeledirge|Shadow Ball|p1a: Wartortle
|-damage|p1a: Wartortle|1/100
|
|-heal|p1a: Wartortle|7/100|[from] Grassy Terrain
|-heal|p2a: Skeledirge|59/100|[from] Grassy Terrain
|-fieldend|move: Grassy Terrain
|upkeep
|turn|16
|
|t:|1778507561
|move|p1a: Wartortle|Surf|p2a: Skeledirge
|-supereffective|p2a: Skeledirge
|-damage|p2a: Skeledirge|0 fnt
|faint|p2a: Skeledirge
|
|upkeep
|
|t:|1778507565
|switch|p2a: Blastoise|Blastoise, M|100/100
|turn|17
|inactive|wendeltheweak has 120 seconds left.
|
|t:|1778507625
|switch|p1a: Pikachu|Pikachu, F|100/100
|-damage|p1a: Pikachu|88/100|[from] Stealth Rock
|move|p2a: Blastoise|Shell Smash|p2a: Blastoise
|-unboost|p2a: Blastoise|def|1
|-unboost|p2a: Blastoise|spd|1
|-boost|p2a: Blastoise|atk|2
|-boost|p2a: Blastoise|spa|2
|-boost|p2a: Blastoise|spe|2
|-enditem|p2a: Blastoise|White Herb
|-clearnegativeboost|p2a: Blastoise|[silent]
|
|upkeep
|turn|18
|
|t:|1778507633
|move|p2a: Blastoise|Surf|p1a: Pikachu
|-damage|p1a: Pikachu|0 fnt
|faint|p1a: Pikachu
|
|upkeep
|
|t:|1778507641
|switch|p1a: Thwackey|Thwackey, M|24/100
|-damage|p1a: Thwackey|11/100|[from] Stealth Rock
|-fieldstart|move: Grassy Terrain|[from] ability: Grassy Surge|[of] p1a: Thwackey
|turn|19
|
|t:|1778507647
|move|p1a: Thwackey|Grassy Glide|p2a: Blastoise
|-supereffective|p2a: Blastoise
|-damage|p2a: Blastoise|14/100
|-damage|p1a: Thwackey|2/100|[from] item: Life Orb
|move|p2a: Blastoise|Rapid Spin|p1a: Thwackey
|-crit|p1a: Thwackey
|-damage|p1a: Thwackey|0 fnt
|-boost|p2a: Blastoise|spe|1
|faint|p1a: Thwackey
|
|-heal|p2a: Blastoise|20/100|[from] Grassy Terrain
|upkeep
|
|t:|1778507655
|switch|p1a: Torracat|Torracat, M|100/100
|-ability|p1a: Torracat|Intimidate|boost
|-unboost|p2a: Blastoise|atk|1
|turn|20
|
|t:|1778507663
|move|p1a: Torracat|Fake Out|p2a: Blastoise
|-damage|p2a: Blastoise|8/100
|cant|p2a: Blastoise|flinch
|
|-heal|p2a: Blastoise|14/100|[from] Grassy Terrain
|upkeep
|turn|21
|
|t:|1778507668
|switch|p1a: Wartortle|Wartortle, M|7/100
|-damage|p1a: Wartortle|0 fnt|[from] Stealth Rock
|faint|p1a: Wartortle
|move|p2a: Blastoise|Surf|p1: Wartortle|[notarget]
|-fail|p2a: Blastoise
|
|-heal|p2a: Blastoise|20/100|[from] Grassy Terrain
|upkeep
|
|t:|1778507672
|switch|p1a: Ivysaur|Ivysaur, F, tera:Steel|62/100
|-damage|p1a: Ivysaur|56/100|[from] Stealth Rock
|turn|22
|
|t:|1778507681
|move|p2a: Blastoise|Surf|p1a: Ivysaur
|-damage|p1a: Ivysaur|0 fnt
|faint|p1a: Ivysaur
|
|-heal|p2a: Blastoise|26/100|[from] Grassy Terrain
|upkeep
|-message|wendeltheweak forfeited.
|
|win|antosi95
|raw|wendeltheweak's rating: 1113 &rarr; <strong>1092</strong><br />(-21 for losing)
|raw|antosi95's rating: 1167 &rarr; <strong>1188</strong><br />(+21 for winning)
|l|☆antosi95
|player|p2|
|l|☆wendeltheweak
|player|p1|
