|html|<div class="broadcast-blue"><strong>[Gen 9] OU is currently suspecting Volcarona! For information on how to participate check out the <a href="https://www.smogon.com/tools/suspects/view/208">suspect thread</a>.</strong></div>
|j|☆jglassx
|j|☆EleaRosea
|t:|1778512883
|gametype|singles
|player|p1|jglassx|shelly-gen3|1583
|player|p2|EleaRosea|harmony|1583
|gen|9
|tier|[Gen 9] OU
|rated|
|rule|HP Percentage Mod: HP is shown in percentages
|rule|Endless Battle Clause: Forcing endless battles is banned
|rule|Species Clause: Limit one of each Pokémon
|rule|OHKO Clause: OHKO moves are banned
|rule|Evasion Items Clause: Evasion items are banned
|rule|Evasion Moves Clause: Evasion moves are banned
|rule|Evasion Abilities Clause: Evasion abilities are banned
|rule|Sleep Moves Clause: Sleep-inducing moves are banned
|clearpoke
|poke|p1|Samurott-Hisui, F|
|poke|p1|Landorus-Therian, M|
|poke|p1|Gholdengo|
|poke|p1|Kingambit, F|
|poke|p1|Great Tusk|
|poke|p1|Iron Valiant|
|poke|p2|Great Tusk|
|poke|p2|Heatran, F|
|poke|p2|Weavile, F|
|poke|p2|Primarina, F|
|poke|p2|Ogerpon, F|
|poke|p2|Pecharunt|
|teampreview
|inactive|Battle timer is ON: inactive players will automatically lose when time's up. (requested by EleaRosea)
|inactive|jglassx also wants the timer to be on.
|inactive|EleaRosea has 120 seconds left.
|inactive|EleaRosea has 90 seconds left.
|
|t:|1778512948
|teamsize|p1|6
|teamsize|p2|6
|start
|switch|p1a: Will Smith|Landorus-Therian, M, shiny|100/100
|switch|p2a: Anonymous|Ogerpon, F|100/100
|-ability|p1a: Will Smith|Intimidate|boost
|-unboost|p2a: Anonymous|atk|1
|-ability|p2a: Anonymous|Defiant|boost
|-boost|p2a: Anonymous|atk|2
|turn|1
|
|t:|1778512961
|-terastallize|p2a: Anonymous|Grass
|detailschange|p2a: Anonymous|Ogerpon-Teal-Tera, F, tera:Grass
|-ability|p2a: Anonymous|Embody Aspect (Teal)|boost
|-boost|p2a: Anonymous|spe|1
|move|p2a: Anonymous|Ivy Cudgel|p1a: Will Smith
|-damage|p1a: Will Smith|0 fnt
|faint|p1a: Will Smith
|
|upkeep
|
|t:|1778512972
|switch|p1a: Kasparov|Kingambit, F, shiny|100/100
|-activate|p1a: Kasparov|ability: Supreme Overlord
|-start|p1a: Kasparov|fallen1|[silent]
|turn|2
|
|t:|1778512989
|move|p2a: Anonymous|Ivy Cudgel|p1a: Kasparov
|-resisted|p1a: Kasparov
|-damage|p1a: Kasparov|47/100
|move|p1a: Kasparov|Kowtow Cleave|p2a: Anonymous
|-damage|p2a: Anonymous|28/100
|
|-heal|p1a: Kasparov|53/100|[from] item: Leftovers
|upkeep
|turn|3
|
|t:|1778512993
|switch|p2a: Behemoth|Great Tusk, shiny|100/100
|move|p1a: Kasparov|Sucker Punch||[still]
|-fail|p1a: Kasparov
|
|-heal|p1a: Kasparov|59/100|[from] item: Leftovers
|upkeep
|turn|4
|
|t:|1778512998
|-end|p1a: Kasparov|fallen1|[silent]
|switch|p1a: Uncle Moe|Great Tusk|100/100
|move|p2a: Behemoth|Ice Spinner|p1a: Uncle Moe
|-supereffective|p1a: Uncle Moe
|-damage|p1a: Uncle Moe|67/100
|
|upkeep
|turn|5
|
|t:|1778513020
|move|p2a: Behemoth|Ice Spinner|p1a: Uncle Moe
|-supereffective|p1a: Uncle Moe
|-damage|p1a: Uncle Moe|31/100
|move|p1a: Uncle Moe|Rapid Spin|p2a: Behemoth
|-damage|p2a: Behemoth|89/100
|-boost|p1a: Uncle Moe|spe|1
|
|upkeep
|turn|6
|
|t:|1778513028
|move|p1a: Uncle Moe|Headlong Rush|p2a: Behemoth
|-damage|p2a: Behemoth|52/100
|-unboost|p1a: Uncle Moe|def|1
|-unboost|p1a: Uncle Moe|spd|1
|move|p2a: Behemoth|Headlong Rush|p1a: Uncle Moe
|-damage|p1a: Uncle Moe|0 fnt
|-unboost|p2a: Behemoth|def|1
|-unboost|p2a: Behemoth|spd|1
|faint|p1a: Uncle Moe
|-end|p1a: Uncle Moe|Protosynthesis|[silent]
|
|upkeep
|
|t:|1778513035
|switch|p1a: Kurosawa|Samurott-Hisui, F, shiny|100/100
|turn|7
|
|t:|1778513041
|move|p2a: Behemoth|Close Combat|p1a: Kurosawa
|-supereffective|p1a: Kurosawa
|-damage|p1a: Kurosawa|0 fnt
|-unboost|p2a: Behemoth|def|1
|-unboost|p2a: Behemoth|spd|1
|faint|p1a: Kurosawa
|
|upkeep
|-message|jglassx forfeited.
|
|win|EleaRosea
|raw|jglassx's rating: 1583 &rarr; <strong>1563</strong><br />(-20 for losing)
|raw|EleaRosea's rating: 1583 &rarr; <strong>1603</strong><br />(+20 for winning)
|l|☆jglassx
|player|p1|
