|html|<div class="broadcast-blue"><strong>[Gen 9] OU is currently suspecting Tera Blast! For information on how to participate check out the <a href="https://www.smogon.com/tools/suspects/view/200">suspect thread</a>.</strong></div>
|j|☆quartzion
|j|☆2fl1
|t:|1776117381
|gametype|singles
|player|p1|quartzion|170|1207
|player|p2|2fl1|dawn|1311
|gen|9
|tier|[Gen 9] OU
|rated|
|rule|HP Percentage Mod: HP is shown in percentages
|rule|Endless Battle Clause: Forcing endless battles is banned
|rule|Species Clause: Limit one of each Pokémon
|rule|OHKO Clause: OHKO moves are banned
|rule|Evasion Items Clause: Evasion items are banned
|rule|Evasion Moves Clause: Evasion moves are banned
|rule|Evasion Abilities Clause: Evasion abilities are banned
|rule|Sleep Moves Clause: Sleep-inducing moves are banned
|clearpoke
|poke|p1|Serperior, F|
|poke|p1|Quaquaval, F|
|poke|p1|Toxapex, F|
|poke|p1|Oricorio-Pom-Pom, F|
|poke|p1|Cinccino, F|
|poke|p1|Moltres-Galar|
|poke|p2|Keldeo-Resolute|
|poke|p2|Hoopa-Unbound|
|poke|p2|Iron Boulder|
|poke|p2|Scizor, F|
|poke|p2|Corviknight, F|
|poke|p2|Heatran, F|
|teampreview
|inactive|Battle timer is ON: inactive players will automatically lose when time's up. (requested by quartzion)
|
|t:|1776117399
|teamsize|p1|6
|teamsize|p2|6
|start
|switch|p1a: Oricorio|Oricorio-Pom-Pom, F|100/100
|switch|p2a: Keldeo|Keldeo-Resolute|100/100
|turn|1
|
|t:|1776117405
|switch|p2a: Heatran|Heatran, F|100/100
|move|p1a: Oricorio|Quiver Dance|p1a: Oricorio
|-boost|p1a: Oricorio|spa|1
|-boost|p1a: Oricorio|spd|1
|-boost|p1a: Oricorio|spe|1
|
|upkeep
|turn|2
|
|t:|1776117410
|move|p1a: Oricorio|Quiver Dance|p1a: Oricorio
|-boost|p1a: Oricorio|spa|1
|-boost|p1a: Oricorio|spd|1
|-boost|p1a: Oricorio|spe|1
|move|p2a: Heatran|Magma Storm|p1a: Oricorio|[miss]
|-miss|p2a: Heatran|p1a: Oricorio
|
|upkeep
|turn|3
|
|t:|1776117418
|move|p1a: Oricorio|Quiver Dance|p1a: Oricorio
|-boost|p1a: Oricorio|spa|1
|-boost|p1a: Oricorio|spd|1
|-boost|p1a: Oricorio|spe|1
|move|p2a: Heatran|Magma Storm|p1a: Oricorio
|-damage|p1a: Oricorio|64/100
|-activate|p1a: Oricorio|move: Magma Storm|[of] p2a: Heatran
|
|-heal|p1a: Oricorio|71/100|[from] item: Leftovers
|-damage|p1a: Oricorio|58/100|[from] move: Magma Storm|[partiallytrapped]
|upkeep
|turn|4
|
|t:|1776117425
|move|p1a: Oricorio|Revelation Dance|p2a: Heatran
|-damage|p2a: Heatran|40/100
|move|p2a: Heatran|Magma Storm|p1a: Oricorio|[miss]
|-miss|p2a: Heatran|p1a: Oricorio
|
|-heal|p1a: Oricorio|64/100|[from] item: Leftovers
|-damage|p1a: Oricorio|52/100|[from] move: Magma Storm|[partiallytrapped]
|upkeep
|turn|5
|
|t:|1776117431
|move|p1a: Oricorio|Revelation Dance|p2a: Heatran
|-damage|p2a: Heatran|0 fnt
|faint|p2a: Heatran
|
|-heal|p1a: Oricorio|58/100|[from] item: Leftovers
|-end|p1a: Oricorio|Magma Storm|[partiallytrapped]|[silent]
|upkeep
|
|t:|1776117441
|switch|p2a: Scizor|Scizor, F|100/100
|turn|6
|
|t:|1776117450
|move|p2a: Scizor|Bullet Punch|p1a: Oricorio
|-resisted|p1a: Oricorio
|-damage|p1a: Oricorio|21/100
|-damage|p2a: Scizor|91/100|[from] item: Life Orb
|move|p1a: Oricorio|Air Slash|p2a: Scizor
|-damage|p2a: Scizor|0 fnt
|faint|p2a: Scizor
|
|-heal|p1a: Oricorio|27/100|[from] item: Leftovers
|upkeep
|
|t:|1776117452
|switch|p2a: Keldeo|Keldeo-Resolute|100/100
|turn|7
|
|t:|1776117454
|move|p2a: Keldeo|Vacuum Wave|p1a: Oricorio
|-resisted|p1a: Oricorio
|-damage|p1a: Oricorio|18/100
|move|p1a: Oricorio|Revelation Dance|p2a: Keldeo
|-supereffective|p2a: Keldeo
|-damage|p2a: Keldeo|0 fnt
|faint|p2a: Keldeo
|
|-heal|p1a: Oricorio|24/100|[from] item: Leftovers
|upkeep
|-message|2fl1 forfeited.
|
|win|quartzion
|raw|quartzion's rating: 1207 &rarr; <strong>1239</strong><br />(+32 for winning)
|raw|2fl1's rating: 1311 &rarr; <strong>1285</strong><br />(-26 for losing)
|l|☆2fl1
|player|p2|
|l|☆quartzion
|player|p1|
