|html|<div class="broadcast-blue"><strong>[Gen 9] OU is currently suspecting Tera Blast! For information on how to participate check out the <a href="https://www.smogon.com/tools/suspects/view/200">suspect thread</a>.</strong></div>
|j|☆K.271203
|j|☆esotericsnail
|t:|1776054376
|gametype|singles
|player|p1|K.271203|cynthia|1058
|player|p2|esotericsnail|unknown|1116
|gen|9
|tier|[Gen 9] OU
|rated|
|rule|HP Percentage Mod: HP is shown in percentages
|rule|Endless Battle Clause: Forcing endless battles is banned
|rule|Species Clause: Limit one of each Pokémon
|rule|OHKO Clause: OHKO moves are banned
|rule|Evasion Items Clause: Evasion items are banned
|rule|Evasion Moves Clause: Evasion moves are banned
|rule|Evasion Abilities Clause: Evasion abilities are banned
|rule|Sleep Moves Clause: Sleep-inducing moves are banned
|clearpoke
|poke|p1|Corviknight, F|
|poke|p1|Great Tusk|
|poke|p1|Serperior, F|
|poke|p1|Milotic, F|
|poke|p1|Primarina, M|
|poke|p1|Sylveon, F|
|poke|p2|Ninetales-Alola, F|
|poke|p2|Kyurem|
|poke|p2|Darkrai|
|poke|p2|Zamazenta-*|
|poke|p2|Hatterene, F|
|poke|p2|Dragonite, F|
|teampreview
|inactive|Battle timer is ON: inactive players will automatically lose when time's up. (requested by esotericsnail)
|
|t:|1776054383
|teamsize|p1|6
|teamsize|p2|6
|start
|switch|p1a: Milotic|Milotic, F, shiny|100/100
|switch|p2a: Ninetales|Ninetales-Alola, F|100/100
|-weather|Snowscape|[from] ability: Snow Warning|[of] p2a: Ninetales
|turn|1
|
|t:|1776054403
|move|p2a: Ninetales|Aurora Veil|p2a: Ninetales
|-sidestart|p2: esotericsnail|move: Aurora Veil
|move|p1a: Milotic|Scald|p2a: Ninetales
|-damage|p2a: Ninetales|86/100
|
|-weather|Snowscape|[upkeep]
|upkeep
|turn|2
|
|t:|1776054420
|switch|p2a: Hatterene|Hatterene, F|100/100
|switch|p1a: Corviknight|Corviknight, F|100/100
|-ability|p1a: Corviknight|Pressure
|
|-weather|Snowscape|[upkeep]
|upkeep
|turn|3
|
|t:|1776054428
|move|p1a: Corviknight|Defog|p2a: Hatterene
|move|p2a: Hatterene|Defog|p1a: Corviknight|[from] ability: Magic Bounce
|-unboost|p1a: Corviknight|evasion|1
|move|p2a: Hatterene|Calm Mind|p2a: Hatterene
|-boost|p2a: Hatterene|spa|1
|-boost|p2a: Hatterene|spd|1
|
|-weather|Snowscape|[upkeep]
|upkeep
|turn|4
|
|t:|1776054454
|move|p1a: Corviknight|Defog|p2a: Hatterene
|move|p2a: Hatterene|Defog|p1a: Corviknight|[from] ability: Magic Bounce
|-unboost|p1a: Corviknight|evasion|1
|move|p2a: Hatterene|Mystical Fire|p1a: Corviknight
|-supereffective|p1a: Corviknight
|-damage|p1a: Corviknight|36/100
|-unboost|p1a: Corviknight|spa|1
|
|-weather|Snowscape|[upkeep]
|-heal|p1a: Corviknight|42/100|[from] item: Leftovers
|upkeep
|turn|5
|c|☆esotericsnail|:P
|inactive|K.271203 has 120 seconds left.
|
|t:|1776054471
|-terastallize|p1a: Corviknight|Water
|move|p1a: Corviknight|Brave Bird|p2a: Hatterene
|-damage|p2a: Hatterene|85/100
|-damage|p1a: Corviknight|38/100|[from] Recoil
|move|p2a: Hatterene|Mystical Fire|p1a: Corviknight
|-resisted|p1a: Corviknight
|-damage|p1a: Corviknight|25/100
|-unboost|p1a: Corviknight|spa|1
|
|-weather|none
|-heal|p1a: Corviknight|31/100|[from] item: Leftovers
|-heal|p2a: Hatterene|91/100|[from] item: Leftovers
|upkeep
|turn|6
|inactive|K.271203 has 120 seconds left.
|
|t:|1776054483
|move|p1a: Corviknight|Roost|p1a: Corviknight
|-heal|p1a: Corviknight|81/100
|move|p2a: Hatterene|Draining Kiss|p1a: Corviknight
|-damage|p1a: Corviknight|49/100
|-heal|p2a: Hatterene|100/100|[from] drain|[of] p1a: Corviknight
|
|-heal|p1a: Corviknight|55/100|[from] item: Leftovers
|upkeep
|turn|7
|
|t:|1776054490
|move|p1a: Corviknight|Roost|p1a: Corviknight
|-heal|p1a: Corviknight|100/100
|move|p2a: Hatterene|Calm Mind|p2a: Hatterene
|-boost|p2a: Hatterene|spa|1
|-boost|p2a: Hatterene|spd|1
|
|upkeep
|turn|8
|
|t:|1776054499
|move|p1a: Corviknight|Brave Bird|p2a: Hatterene
|-damage|p2a: Hatterene|86/100
|-damage|p1a: Corviknight|96/100|[from] Recoil
|move|p2a: Hatterene|Psychic Noise|p1a: Corviknight
|-damage|p1a: Corviknight|37/100
|-start|p1a: Corviknight|move: Heal Block
|
|-heal|p2a: Hatterene|92/100|[from] item: Leftovers
|-sideend|p2: esotericsnail|move: Aurora Veil
|upkeep
|turn|9
|
|t:|1776054510
|move|p1a: Corviknight|Defog|p2a: Hatterene
|move|p2a: Hatterene|Defog|p1a: Corviknight|[from] ability: Magic Bounce
|-unboost|p1a: Corviknight|evasion|1
|move|p2a: Hatterene|Calm Mind|p2a: Hatterene
|-boost|p2a: Hatterene|spa|1
|-boost|p2a: Hatterene|spd|1
|
|-heal|p2a: Hatterene|98/100|[from] item: Leftovers
|-end|p1a: Corviknight|move: Heal Block
|upkeep
|turn|10
|-message|K.271203 forfeited.
|
|win|esotericsnail
|raw|K.271203's rating: 1058 &rarr; <strong>1042</strong><br />(-16 for losing)
|raw|esotericsnail's rating: 1116 &rarr; <strong>1137</strong><br />(+21 for winning)
|l|☆K.271203
|player|p1|
|l|☆esotericsnail
|player|p2|
