|html|<div class="broadcast-blue"><strong>[Gen 9] OU is currently suspecting Tera Blast! For information on how to participate check out the <a href="https://www.smogon.com/tools/suspects/view/200">suspect thread</a>.</strong></div>
|j|☆Nowak551
|j|☆ajajgyattthat2
|t:|1776217183
|gametype|singles
|player|p1|Nowak551|birdkeeper|
|player|p2|ajajgyattthat2|265|
|gen|9
|tier|[Gen 9] OU
|rule|HP Percentage Mod: HP is shown in percentages
|rule|Endless Battle Clause: Forcing endless battles is banned
|rule|Species Clause: Limit one of each Pokémon
|rule|OHKO Clause: OHKO moves are banned
|rule|Evasion Items Clause: Evasion items are banned
|rule|Evasion Moves Clause: Evasion moves are banned
|rule|Evasion Abilities Clause: Evasion abilities are banned
|rule|Sleep Moves Clause: Sleep-inducing moves are banned
|clearpoke
|poke|p1|Glimmora, F|
|poke|p1|Iron Valiant|
|poke|p1|Kingambit, F|
|poke|p1|Ceruledge, M|
|poke|p1|Latias, F|
|poke|p1|Gliscor, F|
|poke|p2|Great Tusk|
|poke|p2|Glimmora, M|
|poke|p2|Ogerpon-Wellspring, F|
|poke|p2|Dragapult, M|
|poke|p2|Heatran, F|
|poke|p2|Ting-Lu|
|teampreview
|
|t:|1776217204
|teamsize|p1|6
|teamsize|p2|6
|start
|switch|p1a: Glimmora|Glimmora, F|100/100
|switch|p2a: Glimmora|Glimmora, M|100/100
|-item|p2a: Glimmora|Air Balloon
|turn|1
|l|☆ajajgyattthat2
|player|p2|
|j|☆ajajgyattthat2
|player|p2|ajajgyattthat2|265|
|
|t:|1776217221
|move|p2a: Glimmora|Flash Cannon|p1a: Glimmora
|-supereffective|p1a: Glimmora
|-damage|p1a: Glimmora|50/100
|move|p1a: Glimmora|Light Screen|p1a: Glimmora
|-sidestart|p1: Nowak551|move: Light Screen
|
|-heal|p1a: Glimmora|56/100|[from] item: Leftovers
|upkeep
|turn|2
|
|t:|1776217232
|move|p2a: Glimmora|Flash Cannon|p1a: Glimmora
|-supereffective|p1a: Glimmora
|-damage|p1a: Glimmora|29/100
|move|p1a: Glimmora|Reflect|p1a: Glimmora
|-sidestart|p1: Nowak551|Reflect
|
|-heal|p1a: Glimmora|36/100|[from] item: Leftovers
|upkeep
|turn|3
|
|t:|1776217242
|move|p2a: Glimmora|Flash Cannon|p1a: Glimmora
|-supereffective|p1a: Glimmora
|-damage|p1a: Glimmora|8/100
|move|p1a: Glimmora|Acid Armor|p1a: Glimmora
|-boost|p1a: Glimmora|def|2
|
|-heal|p1a: Glimmora|14/100|[from] item: Leftovers
|upkeep
|turn|4
|
|t:|1776217270
|move|p1a: Glimmora|Acid Armor|p1a: Glimmora
|-boost|p1a: Glimmora|def|2
|move|p2a: Glimmora|Flash Cannon|p1a: Glimmora
|-supereffective|p1a: Glimmora
|-damage|p1a: Glimmora|0 fnt
|faint|p1a: Glimmora
|
|upkeep
|
|t:|1776217284
|switch|p1a: Iron Valiant|Iron Valiant|100/100
|-enditem|p1a: Iron Valiant|Booster Energy
|-activate|p1a: Iron Valiant|ability: Quark Drive|[fromitem]
|-start|p1a: Iron Valiant|quarkdrivespe
|turn|5
|
|t:|1776217296
|move|p1a: Iron Valiant|Swords Dance|p1a: Iron Valiant
|-boost|p1a: Iron Valiant|atk|2
|move|p2a: Glimmora|Sludge Wave|p1a: Iron Valiant
|-supereffective|p1a: Iron Valiant
|-damage|p1a: Iron Valiant|11/100
|
|-sideend|p1: Nowak551|move: Light Screen
|upkeep
|turn|6
|
|t:|1776217306
|move|p1a: Iron Valiant|Close Combat|p2a: Glimmora
|-damage|p2a: Glimmora|0 fnt
|-unboost|p1a: Iron Valiant|def|1
|-unboost|p1a: Iron Valiant|spd|1
|-activate|p2a: Glimmora|ability: Toxic Debris
|-sidestart|p1: Nowak551|move: Toxic Spikes
|-enditem|p2a: Glimmora|Air Balloon
|faint|p2a: Glimmora
|
|-sideend|p1: Nowak551|Reflect
|upkeep
|
|t:|1776217320
|switch|p2a: Great Tusk|Great Tusk|100/100
|turn|7
|
|t:|1776217339
|move|p1a: Iron Valiant|Spirit Break|p2a: Great Tusk
|-supereffective|p2a: Great Tusk
|-damage|p2a: Great Tusk|0 fnt
|faint|p2a: Great Tusk
|-end|p2a: Great Tusk|Protosynthesis|[silent]
|
|upkeep
|
|t:|1776217346
|switch|p2a: Heatran|Heatran, F|100/100
|turn|8
|
|t:|1776217358
|-terastallize|p2a: Heatran|Flying
|move|p1a: Iron Valiant|Close Combat|p2a: Heatran
|-resisted|p2a: Heatran
|-damage|p2a: Heatran|57/100
|-unboost|p1a: Iron Valiant|def|1
|-unboost|p1a: Iron Valiant|spd|1
|move|p2a: Heatran|Flash Cannon|p1a: Iron Valiant
|-supereffective|p1a: Iron Valiant
|-damage|p1a: Iron Valiant|0 fnt
|faint|p1a: Iron Valiant
|-end|p1a: Iron Valiant|Quark Drive|[silent]
|
|upkeep
|
|t:|1776217382
|switch|p1a: Gliscor|Gliscor, F|100/100
|turn|9
|
|t:|1776217389
|move|p1a: Gliscor|Tailwind|p1a: Gliscor
|-sidestart|p1: Nowak551|move: Tailwind
|move|p2a: Heatran|Magma Storm|p1a: Gliscor
|-damage|p1a: Gliscor|52/100
|-activate|p1a: Gliscor|move: Magma Storm|[of] p2a: Heatran
|
|-damage|p1a: Gliscor|40/100|[from] move: Magma Storm|[partiallytrapped]
|-status|p1a: Gliscor|tox|[from] item: Toxic Orb
|upkeep
|turn|10
|
|t:|1776217400
|move|p1a: Gliscor|Toxic|p2a: Heatran
|-status|p2a: Heatran|tox
|move|p2a: Heatran|Flash Cannon|p1a: Gliscor
|-damage|p1a: Gliscor|0 fnt
|faint|p1a: Gliscor
|
|-damage|p2a: Heatran|51/100 tox|[from] psn
|upkeep
|
|t:|1776217410
|switch|p1a: Latias|Latias, F|100/100
|turn|11
|
|t:|1776217432
|switch|p2a: Ting-Lu|Ting-Lu|100/100
|-ability|p2a: Ting-Lu|Vessel of Ruin
|move|p1a: Latias|Dragon Pulse|p2a: Ting-Lu
|-damage|p2a: Ting-Lu|79/100
|
|upkeep
|turn|12
|
|t:|1776217453
|move|p1a: Latias|Calm Mind|p1a: Latias
|-boost|p1a: Latias|spa|1
|-boost|p1a: Latias|spd|1
|move|p2a: Ting-Lu|Throat Chop|p1a: Latias
|-supereffective|p1a: Latias
|-damage|p1a: Latias|1/100
|-start|p1a: Latias|Throat Chop|[silent]
|
|-sideend|p1: Nowak551|move: Tailwind
|upkeep
|turn|13
|
|t:|1776217471
|move|p1a: Latias|Dragon Pulse|p2a: Ting-Lu
|-damage|p2a: Ting-Lu|45/100
|move|p2a: Ting-Lu|Throat Chop|p1a: Latias
|-supereffective|p1a: Latias
|-damage|p1a: Latias|0 fnt
|faint|p1a: Latias
|
|upkeep
|
|t:|1776217479
|switch|p1a: Ceruledge|Ceruledge, M|100/100
|-status|p1a: Ceruledge|psn
|turn|14
|
|t:|1776217488
|move|p1a: Ceruledge|Swords Dance|p1a: Ceruledge
|-boost|p1a: Ceruledge|atk|2
|move|p2a: Ting-Lu|Earthquake|p1a: Ceruledge
|-supereffective|p1a: Ceruledge
|-damage|p1a: Ceruledge|0 fnt
|faint|p1a: Ceruledge
|
|upkeep
|
|t:|1776217495
|switch|p1a: Kingambit|Kingambit, F|100/100
|-activate|p1a: Kingambit|ability: Supreme Overlord
|-start|p1a: Kingambit|fallen5|[silent]
|turn|15
|
|t:|1776217513
|move|p2a: Ting-Lu|Body Press|p1a: Kingambit
|-supereffective|p1a: Kingambit
|-damage|p1a: Kingambit|29/100
|move|p1a: Kingambit|Giga Impact|p2a: Ting-Lu
|-damage|p2a: Ting-Lu|0 fnt
|-mustrecharge|p1a: Kingambit
|faint|p2a: Ting-Lu
|
|upkeep
|
|t:|1776217536
|switch|p2a: Heatran|Heatran, F, tera:Flying|51/100 tox
|turn|16
|
|t:|1776217552
|move|p2a: Heatran|Body Press|p1a: Kingambit
|-supereffective|p1a: Kingambit
|-damage|p1a: Kingambit|0 fnt
|faint|p1a: Kingambit
|-end|p1a: Kingambit|fallen5|[silent]
|
|win|ajajgyattthat2
