|html|<div class="broadcast-blue"><strong>[Gen 9] OU is currently suspecting Tera Blast! For information on how to participate check out the <a href="https://www.smogon.com/tools/suspects/view/200">suspect thread</a>.</strong></div>
|j|☆beardog001
|j|☆arosario96
|t:|1776043700
|gametype|singles
|player|p1|beardog001|102|1198
|player|p2|arosario96|lucas|1218
|gen|9
|tier|[Gen 9] OU
|rated|
|rule|HP Percentage Mod: HP is shown in percentages
|rule|Endless Battle Clause: Forcing endless battles is banned
|rule|Species Clause: Limit one of each Pokémon
|rule|OHKO Clause: OHKO moves are banned
|rule|Evasion Items Clause: Evasion items are banned
|rule|Evasion Moves Clause: Evasion moves are banned
|rule|Evasion Abilities Clause: Evasion abilities are banned
|rule|Sleep Moves Clause: Sleep-inducing moves are banned
|clearpoke
|poke|p1|Pelipper, M|
|poke|p1|Floatzel, M|
|poke|p1|Meowscarada, M|
|poke|p1|Raging Bolt|
|poke|p1|Kyurem|
|poke|p1|Great Tusk|
|poke|p2|Grimmsnarl, M|
|poke|p2|Iron Valiant|
|poke|p2|Kingambit, M|
|poke|p2|Dragonite, M|
|poke|p2|Iron Moth|
|poke|p2|Great Tusk|
|teampreview
|inactive|Battle timer is ON: inactive players will automatically lose when time's up. (requested by arosario96)
|inactive|beardog001 has 120 seconds left.
|
|t:|1776043742
|teamsize|p1|6
|teamsize|p2|6
|start
|switch|p1a: Pelipper|Pelipper, M|100/100
|switch|p2a: Dracoslayer|Iron Valiant, shiny|100/100
|-weather|RainDance|[from] ability: Drizzle|[of] p1a: Pelipper
|-enditem|p2a: Dracoslayer|Booster Energy
|-activate|p2a: Dracoslayer|ability: Quark Drive|[fromitem]
|-start|p2a: Dracoslayer|quarkdrivespe
|turn|1
|
|t:|1776043752
|move|p2a: Dracoslayer|Thunderbolt|p1a: Pelipper
|-supereffective|p1a: Pelipper
|-damage|p1a: Pelipper|0 fnt
|faint|p1a: Pelipper
|
|-weather|RainDance|[upkeep]
|upkeep
|
|t:|1776043756
|switch|p1a: Floatzel|Floatzel, M|100/100
|turn|2
|
|t:|1776043773
|-terastallize|p1a: Floatzel|Water
|-terastallize|p2a: Dracoslayer|Electric
|move|p1a: Floatzel|Wave Crash|p2a: Dracoslayer
|-damage|p2a: Dracoslayer|0 fnt
|faint|p2a: Dracoslayer
|-end|p2a: Dracoslayer|Quark Drive|[silent]
|-damage|p1a: Floatzel|70/100|[from] Recoil
|
|-weather|RainDance|[upkeep]
|upkeep
|
|t:|1776043785
|switch|p2a: Grimmsnarl|Grimmsnarl, M, shiny|100/100
|turn|3
|
|t:|1776043793
|move|p2a: Grimmsnarl|Reflect|p2a: Grimmsnarl
|-sidestart|p2: arosario96|Reflect
|move|p1a: Floatzel|Wave Crash|p2a: Grimmsnarl
|-damage|p2a: Grimmsnarl|0 fnt
|faint|p2a: Grimmsnarl
|-damage|p1a: Floatzel|28/100|[from] Recoil
|
|-weather|RainDance|[upkeep]
|upkeep
|
|t:|1776043801
|switch|p2a: Malicius|Iron Moth, shiny|100/100
|-enditem|p2a: Malicius|Booster Energy
|-activate|p2a: Malicius|ability: Quark Drive|[fromitem]
|-start|p2a: Malicius|quarkdrivespa
|turn|4
|
|t:|1776043806
|move|p1a: Floatzel|Wave Crash|p2a: Malicius
|-supereffective|p2a: Malicius
|-damage|p2a: Malicius|0 fnt
|faint|p2a: Malicius
|-end|p2a: Malicius|Quark Drive|[silent]
|-damage|p1a: Floatzel|0 fnt|[from] Recoil
|faint|p1a: Floatzel
|
|-weather|RainDance|[upkeep]
|upkeep
|
|t:|1776043815
|switch|p2a: Draco|Dragonite, M|100/100
|switch|p1a: Great Tusk|Great Tusk|100/100
|-enditem|p1a: Great Tusk|Booster Energy
|-activate|p1a: Great Tusk|ability: Protosynthesis|[fromitem]
|-start|p1a: Great Tusk|protosynthesisatk
|turn|5
|
|t:|1776043823
|move|p2a: Draco|Earthquake|p1a: Great Tusk
|-damage|p1a: Great Tusk|79/100
|move|p1a: Great Tusk|Ice Spinner|p2a: Draco
|-supereffective|p2a: Draco
|-damage|p2a: Draco|57/100
|
|-weather|RainDance|[upkeep]
|upkeep
|turn|6
|-message|arosario96 forfeited.
|
|win|beardog001
|raw|beardog001's rating: 1198 &rarr; <strong>1224</strong><br />(+26 for winning)
|raw|arosario96's rating: 1218 &rarr; <strong>1192</strong><br />(-26 for losing)
|l|☆arosario96
|player|p2|
|l|☆beardog001
|player|p1|
