|html|<div class="broadcast-blue"><strong>[Gen 9] OU is currently suspecting Tera Blast! For information on how to participate check out the <a href="https://www.smogon.com/tools/suspects/view/200">suspect thread</a>.</strong></div>
|j|☆ToriColon
|j|☆thebest333
|t:|1776056256
|gametype|singles
|player|p1|ToriColon|n|1107
|player|p2|thebest333|102|1138
|gen|9
|tier|[Gen 9] OU
|rated|
|rule|HP Percentage Mod: HP is shown in percentages
|rule|Endless Battle Clause: Forcing endless battles is banned
|rule|Species Clause: Limit one of each Pokémon
|rule|OHKO Clause: OHKO moves are banned
|rule|Evasion Items Clause: Evasion items are banned
|rule|Evasion Moves Clause: Evasion moves are banned
|rule|Evasion Abilities Clause: Evasion abilities are banned
|rule|Sleep Moves Clause: Sleep-inducing moves are banned
|clearpoke
|poke|p1|Blastoise, M|
|poke|p1|Scrafty, F|
|poke|p1|Gholdengo|
|poke|p1|Corviknight, F|
|poke|p1|Tyranitar, M|
|poke|p1|Charizard, M|
|poke|p2|Gliscor, M|
|poke|p2|Chansey, F|
|poke|p2|Toxapex, M|
|poke|p2|Glimmora, M|
|poke|p2|Zamazenta-*|
|poke|p2|Raging Bolt|
|teampreview
|inactive|Battle timer is ON: inactive players will automatically lose when time's up. (requested by thebest333)
|
|t:|1776056279
|teamsize|p1|6
|teamsize|p2|6
|start
|switch|p1a: Blastoise|Blastoise, M|100/100
|switch|p2a: Gliscor|Gliscor, M|100/100
|turn|1
|
|t:|1776056291
|move|p2a: Gliscor|Toxic|p1a: Blastoise
|-status|p1a: Blastoise|tox
|move|p1a: Blastoise|Blizzard|p2a: Gliscor
|-supereffective|p2a: Gliscor
|-damage|p2a: Gliscor|0 fnt
|faint|p2a: Gliscor
|
|-damage|p1a: Blastoise|94/100 tox|[from] psn
|upkeep
|
|t:|1776056301
|switch|p2a: Chansey|Chansey, F|100/100
|turn|2
|
|t:|1776056311
|move|p1a: Blastoise|Aura Sphere|p2a: Chansey
|-supereffective|p2a: Chansey
|-damage|p2a: Chansey|87/100
|move|p2a: Chansey|Substitute|p2a: Chansey
|-start|p2a: Chansey|Substitute
|-damage|p2a: Chansey|62/100
|
|-damage|p1a: Blastoise|82/100 tox|[from] psn
|upkeep
|turn|3
|
|t:|1776056321
|move|p1a: Blastoise|Aura Sphere|p2a: Chansey
|-supereffective|p2a: Chansey
|-activate|p2a: Chansey|move: Substitute|[damage]
|move|p2a: Chansey|Soft-Boiled|p2a: Chansey
|-heal|p2a: Chansey|100/100
|
|-damage|p1a: Blastoise|64/100 tox|[from] psn
|upkeep
|turn|4
|
|t:|1776056332
|move|p1a: Blastoise|Aura Sphere|p2a: Chansey
|-supereffective|p2a: Chansey
|-end|p2a: Chansey|Substitute
|move|p2a: Chansey|Seismic Toss|p1a: Blastoise
|-damage|p1a: Blastoise|36/100 tox
|
|-damage|p1a: Blastoise|12/100 tox|[from] psn
|upkeep
|turn|5
|
|t:|1776056345
|move|p1a: Blastoise|Aura Sphere|p2a: Chansey
|-supereffective|p2a: Chansey
|-damage|p2a: Chansey|88/100
|move|p2a: Chansey|Substitute|p2a: Chansey
|-start|p2a: Chansey|Substitute
|-damage|p2a: Chansey|63/100
|
|-damage|p1a: Blastoise|0 fnt|[from] psn
|faint|p1a: Blastoise
|upkeep
|
|t:|1776056355
|switch|p1a: Scrafty|Scrafty, F|100/100
|turn|6
|
|t:|1776056362
|move|p2a: Chansey|Seismic Toss|p1a: Scrafty
|-damage|p1a: Scrafty|71/100
|move|p1a: Scrafty|Brick Break|p2a: Chansey
|-supereffective|p2a: Chansey
|-end|p2a: Chansey|Substitute
|
|upkeep
|turn|7
|
|t:|1776056371
|switch|p2a: Glimmora|Glimmora, M|100/100
|move|p1a: Scrafty|Close Combat|p2a: Glimmora
|-damage|p2a: Glimmora|62/100
|-unboost|p1a: Scrafty|def|1
|-unboost|p1a: Scrafty|spd|1
|-activate|p2a: Glimmora|ability: Toxic Debris
|-sidestart|p1: ToriColon|move: Toxic Spikes
|
|-heal|p2a: Glimmora|68/100|[from] item: Leftovers
|upkeep
|turn|8
|
|t:|1776056385
|switch|p1a: Tyranitar|Tyranitar, M|100/100
|-status|p1a: Tyranitar|psn
|-weather|Sandstorm|[from] ability: Sand Stream|[of] p1a: Tyranitar
|move|p2a: Glimmora|Spiky Shield||[still]
|-fail|p2a: Glimmora
|
|-weather|Sandstorm|[upkeep]
|-heal|p2a: Glimmora|74/100|[from] item: Leftovers
|-damage|p1a: Tyranitar|88/100 psn|[from] psn
|upkeep
|turn|9
|
|t:|1776056400
|move|p2a: Glimmora|Spiky Shield|p2a: Glimmora
|-singleturn|p2a: Glimmora|move: Protect
|move|p1a: Tyranitar|Earthquake|p2a: Glimmora
|-activate|p2a: Glimmora|move: Protect
|
|-weather|Sandstorm|[upkeep]
|-heal|p2a: Glimmora|80/100|[from] item: Leftovers
|-damage|p1a: Tyranitar|76/100 psn|[from] psn
|upkeep
|turn|10
|
|t:|1776056414
|switch|p2a: Zamazenta|Zamazenta|100/100
|-ability|p2a: Zamazenta|Dauntless Shield|boost
|-boost|p2a: Zamazenta|def|1
|move|p1a: Tyranitar|Earthquake|p2a: Zamazenta
|-damage|p2a: Zamazenta|72/100
|
|-weather|Sandstorm|[upkeep]
|-damage|p2a: Zamazenta|66/100|[from] Sandstorm
|-heal|p2a: Zamazenta|72/100|[from] item: Leftovers
|-damage|p1a: Tyranitar|63/100 psn|[from] psn
|upkeep
|turn|11
|
|t:|1776056433
|switch|p1a: Charizard|Charizard, M|100/100
|move|p2a: Zamazenta|Iron Defense|p2a: Zamazenta
|-boost|p2a: Zamazenta|def|2
|
|-weather|Sandstorm|[upkeep]
|-damage|p2a: Zamazenta|66/100|[from] Sandstorm
|-damage|p1a: Charizard|94/100|[from] Sandstorm
|-heal|p2a: Zamazenta|72/100|[from] item: Leftovers
|upkeep
|turn|12
|
|t:|1776056448
|move|p2a: Zamazenta|Crunch|p1a: Charizard
|-damage|p1a: Charizard|50/100
|move|p1a: Charizard|Hurricane|p2a: Zamazenta|[miss]
|-miss|p1a: Charizard|p2a: Zamazenta
|
|-weather|none
|-heal|p2a: Zamazenta|79/100|[from] item: Leftovers
|upkeep
|turn|13
|
|t:|1776056464
|switch|p2a: Toxapex|Toxapex, M|100/100
|move|p1a: Charizard|Hurricane|p2a: Toxapex
|-damage|p2a: Toxapex|38/100
|-damage|p1a: Charizard|40/100|[from] item: Life Orb
|
|-heal|p2a: Toxapex|44/100|[from] item: Leftovers
|upkeep
|turn|14
|
|t:|1776056477
|move|p2a: Toxapex|Baneful Bunker|p2a: Toxapex
|-singleturn|p2a: Toxapex|move: Protect
|move|p1a: Charizard|Hurricane|p2a: Toxapex
|-activate|p2a: Toxapex|move: Protect
|
|-heal|p2a: Toxapex|50/100|[from] item: Leftovers
|upkeep
|turn|15
|
|t:|1776056489
|move|p1a: Charizard|Hurricane|p2a: Toxapex
|-damage|p2a: Toxapex|0 fnt
|faint|p2a: Toxapex
|-damage|p1a: Charizard|30/100|[from] item: Life Orb
|
|upkeep
|
|t:|1776056496
|switch|p2a: Raging Bolt|Raging Bolt|100/100
|-enditem|p2a: Raging Bolt|Booster Energy
|-activate|p2a: Raging Bolt|ability: Protosynthesis|[fromitem]
|-start|p2a: Raging Bolt|protosynthesisspa
|turn|16
|
|t:|1776056515
|move|p1a: Charizard|Dragon Pulse|p2a: Raging Bolt
|-supereffective|p2a: Raging Bolt
|-damage|p2a: Raging Bolt|35/100
|-damage|p1a: Charizard|21/100|[from] item: Life Orb
|move|p2a: Raging Bolt|Thunderbolt|p1a: Charizard
|-supereffective|p1a: Charizard
|-damage|p1a: Charizard|0 fnt
|faint|p1a: Charizard
|
|upkeep
|
|t:|1776056530
|switch|p1a: Tyranitar|Tyranitar, M|63/100 psn
|-weather|Sandstorm|[from] ability: Sand Stream|[of] p1a: Tyranitar
|turn|17
|
|t:|1776056539
|-terastallize|p2a: Raging Bolt|Fairy
|move|p2a: Raging Bolt|Tera Blast|p1a: Tyranitar|[anim] Tera Blast Fairy
|-supereffective|p1a: Tyranitar
|-damage|p1a: Tyranitar|0 fnt
|faint|p1a: Tyranitar
|
|-weather|Sandstorm|[upkeep]
|-damage|p2a: Raging Bolt|28/100|[from] Sandstorm
|upkeep
|inactive|ToriColon has 120 seconds left.
|
|t:|1776056560
|switch|p1a: Scrafty|Scrafty, F|71/100
|-status|p1a: Scrafty|psn
|turn|18
|inactive|ToriColon has 120 seconds left.
|
|t:|1776056584
|-end|p2a: Raging Bolt|Protosynthesis|[silent]
|switch|p2a: Glimmora|Glimmora, M|80/100
|move|p1a: Scrafty|Close Combat|p2a: Glimmora
|-damage|p2a: Glimmora|40/100
|-unboost|p1a: Scrafty|def|1
|-unboost|p1a: Scrafty|spd|1
|-activate|p2a: Glimmora|ability: Toxic Debris
|-sidestart|p1: ToriColon|move: Toxic Spikes
|
|-weather|Sandstorm|[upkeep]
|-damage|p1a: Scrafty|65/100 psn|[from] Sandstorm
|-heal|p2a: Glimmora|46/100|[from] item: Leftovers
|-damage|p1a: Scrafty|52/100 psn|[from] psn
|upkeep
|turn|19
|
|t:|1776056604
|move|p2a: Glimmora|Spikes|p1a: Scrafty
|-sidestart|p1: ToriColon|Spikes
|move|p1a: Scrafty|Close Combat|p2a: Glimmora
|-damage|p2a: Glimmora|9/100
|-unboost|p1a: Scrafty|def|1
|-unboost|p1a: Scrafty|spd|1
|
|-weather|Sandstorm|[upkeep]
|-damage|p1a: Scrafty|46/100 psn|[from] Sandstorm
|-heal|p2a: Glimmora|15/100|[from] item: Leftovers
|-activate|p1a: Scrafty|ability: Shed Skin
|-curestatus|p1a: Scrafty|psn|[msg]
|upkeep
|turn|20
|
|t:|1776056628
|move|p2a: Glimmora|Spiky Shield|p2a: Glimmora
|-singleturn|p2a: Glimmora|move: Protect
|move|p1a: Scrafty|Close Combat|p2a: Glimmora
|-activate|p2a: Glimmora|move: Protect
|-damage|p1a: Scrafty|34/100|[from] Spiky Shield|[of] p2a: Glimmora
|
|-weather|Sandstorm|[upkeep]
|-damage|p1a: Scrafty|28/100|[from] Sandstorm
|-heal|p2a: Glimmora|21/100|[from] item: Leftovers
|upkeep
|turn|21
|inactive|ToriColon has 90 seconds left.
|
|t:|1776056649
|move|p2a: Glimmora|Mortal Spin|p1a: Scrafty
|-damage|p1a: Scrafty|16/100
|-status|p1a: Scrafty|psn
|move|p1a: Scrafty|Close Combat|p2a: Glimmora
|-damage|p2a: Glimmora|0 fnt
|-unboost|p1a: Scrafty|def|1
|-unboost|p1a: Scrafty|spd|1
|faint|p2a: Glimmora
|
|-weather|none
|-damage|p1a: Scrafty|4/100 psn|[from] psn
|upkeep
|inactive|thebest333 has 120 seconds left.
|
|t:|1776056664
|switch|p2a: Raging Bolt|Raging Bolt, tera:Fairy|28/100
|turn|22
|
|t:|1776056668
|move|p2a: Raging Bolt|Thunderclap|p1a: Scrafty
|-damage|p1a: Scrafty|0 fnt
|faint|p1a: Scrafty
|
|upkeep
|
|t:|1776056672
|switch|p1a: Gholdengo|Gholdengo|100/100
|-damage|p1a: Gholdengo|88/100|[from] Spikes
|turn|23
|
|t:|1776056679
|move|p2a: Raging Bolt|Thunderclap|p1a: Gholdengo
|-damage|p1a: Gholdengo|37/100
|move|p1a: Gholdengo|Flash Cannon|p2a: Raging Bolt
|-supereffective|p2a: Raging Bolt
|-damage|p2a: Raging Bolt|0 fnt
|faint|p2a: Raging Bolt
|-end|p2a: Raging Bolt|Protosynthesis|[silent]
|
|upkeep
|
|t:|1776056687
|switch|p2a: Zamazenta|Zamazenta|79/100
|turn|24
|
|t:|1776056691
|move|p2a: Zamazenta|Crunch|p1a: Gholdengo
|-supereffective|p1a: Gholdengo
|-damage|p1a: Gholdengo|0 fnt
|faint|p1a: Gholdengo
|
|-heal|p2a: Zamazenta|85/100|[from] item: Leftovers
|upkeep
|
|t:|1776056697
|switch|p1a: Corviknight|Corviknight, F|100/100
|-ability|p1a: Corviknight|Pressure
|turn|25
|
|t:|1776056703
|move|p2a: Zamazenta|Body Press|p1a: Corviknight
|-damage|p1a: Corviknight|76/100
|-damage|p2a: Zamazenta|68/100|[from] item: Rocky Helmet|[of] p1a: Corviknight
|move|p1a: Corviknight|Brave Bird|p2a: Zamazenta
|-supereffective|p2a: Zamazenta
|-damage|p2a: Zamazenta|0 fnt
|faint|p2a: Zamazenta
|-damage|p1a: Corviknight|54/100|[from] Recoil
|
|upkeep
|
|t:|1776056714
|switch|p2a: Chansey|Chansey, F|63/100
|turn|26
|
|t:|1776056724
|move|p1a: Corviknight|Body Press|p2a: Chansey
|-supereffective|p2a: Chansey
|-damage|p2a: Chansey|39/100
|move|p2a: Chansey|Soft-Boiled|p2a: Chansey
|-heal|p2a: Chansey|90/100
|
|upkeep
|turn|27
|
|t:|1776056731
|move|p1a: Corviknight|Body Press|p2a: Chansey
|-supereffective|p2a: Chansey
|-damage|p2a: Chansey|67/100
|move|p2a: Chansey|Seismic Toss|p1a: Corviknight
|-damage|p1a: Corviknight|29/100
|-damage|p2a: Chansey|50/100|[from] item: Rocky Helmet|[of] p1a: Corviknight
|
|upkeep
|turn|28
|
|t:|1776056751
|-terastallize|p1a: Corviknight|Flying
|move|p1a: Corviknight|Body Press|p2a: Chansey
|-supereffective|p2a: Chansey
|-damage|p2a: Chansey|24/100
|move|p2a: Chansey|Soft-Boiled|p2a: Chansey
|-heal|p2a: Chansey|74/100
|
|upkeep
|turn|29
|
|t:|1776056759
|move|p1a: Corviknight|Body Press|p2a: Chansey
|-supereffective|p2a: Chansey
|-damage|p2a: Chansey|48/100
|move|p2a: Chansey|Seismic Toss|p1a: Corviknight
|-damage|p1a: Corviknight|4/100
|-damage|p2a: Chansey|31/100|[from] item: Rocky Helmet|[of] p1a: Corviknight
|
|upkeep
|turn|30
|
|t:|1776056769
|move|p1a: Corviknight|Body Press|p2a: Chansey
|-supereffective|p2a: Chansey
|-damage|p2a: Chansey|8/100
|move|p2a: Chansey|Soft-Boiled|p2a: Chansey
|-heal|p2a: Chansey|58/100
|
|upkeep
|turn|31
|
|t:|1776056776
|move|p1a: Corviknight|Body Press|p2a: Chansey
|-supereffective|p2a: Chansey
|-damage|p2a: Chansey|33/100
|move|p2a: Chansey|Seismic Toss|p1a: Corviknight
|-damage|p1a: Corviknight|0 fnt
|-damage|p2a: Chansey|17/100|[from] item: Rocky Helmet|[of] p1a: Corviknight
|faint|p1a: Corviknight
|
|win|thebest333
|raw|ToriColon's rating: 1107 &rarr; <strong>1084</strong><br />(-23 for losing)
|raw|thebest333's rating: 1138 &rarr; <strong>1161</strong><br />(+23 for winning)
|l|☆ToriColon
|player|p1|
|l|☆thebest333
|player|p2|
