|html|<div class="broadcast-blue"><strong>[Gen 9] OU is currently suspecting Tera Blast! For information on how to participate check out the <a href="https://www.smogon.com/tools/suspects/view/200">suspect thread</a>.</strong></div>
|j|☆confettiis73
|j|☆my chingaling
|t:|1776304377
|gametype|singles
|player|p1|confettiis73|169|1020
|player|p2|my chingaling|burglar-gen2|1000
|gen|9
|tier|[Gen 9] OU
|rated|
|rule|HP Percentage Mod: HP is shown in percentages
|rule|Endless Battle Clause: Forcing endless battles is banned
|rule|Species Clause: Limit one of each Pokémon
|rule|OHKO Clause: OHKO moves are banned
|rule|Evasion Items Clause: Evasion items are banned
|rule|Evasion Moves Clause: Evasion moves are banned
|rule|Evasion Abilities Clause: Evasion abilities are banned
|rule|Sleep Moves Clause: Sleep-inducing moves are banned
|clearpoke
|poke|p1|Primeape, M|
|poke|p1|Blastoise, F|
|poke|p1|Komala, M|
|poke|p1|Porygon-Z|
|poke|p1|Gengar, M|
|poke|p1|Zamazenta-*|
|poke|p2|Deoxys-Speed|
|poke|p2|Ceruledge, M|
|poke|p2|Zamazenta-*|
|poke|p2|Ogerpon-Wellspring, F|
|poke|p2|Glimmora, F|
|poke|p2|Chingling, M|
|teampreview
|
|t:|1776304385
|teamsize|p1|6
|teamsize|p2|6
|start
|switch|p1a: Komala|Komala, M|100/100
|switch|p2a: Deoxys|Deoxys-Speed|100/100
|-ability|p2a: Deoxys|Pressure
|-ability|p1a: Komala|Comatose
|turn|1
|j| fulls
|
|t:|1776304396
|move|p2a: Deoxys|Taunt|p1a: Komala
|-start|p1a: Komala|move: Taunt
|move|p1a: Komala|Facade|p2a: Deoxys
|-damage|p2a: Deoxys|56/100
|
|upkeep
|turn|2
|
|t:|1776304403
|move|p2a: Deoxys|Reflect|p2a: Deoxys
|-sidestart|p2: my chingaling|Reflect
|move|p1a: Komala|Facade|p2a: Deoxys
|-damage|p2a: Deoxys|33/100
|
|upkeep
|turn|3
|c|☆my chingaling|They're inventing new pokemon bro
|
|t:|1776304410
|move|p2a: Deoxys|Light Screen|p2a: Deoxys
|-sidestart|p2: my chingaling|move: Light Screen
|move|p1a: Komala|Metal Claw|p2a: Deoxys
|-damage|p2a: Deoxys|22/100
|
|-end|p1a: Komala|move: Taunt
|upkeep
|turn|4
|
|t:|1776304421
|move|p2a: Deoxys|Taunt|p1a: Komala
|-start|p1a: Komala|move: Taunt
|cant|p1a: Komala|move: Taunt|Swords Dance
|
|upkeep
|turn|5
|c|☆my chingaling|Why did we go metal for a turn
|
|t:|1776304426
|move|p2a: Deoxys|Psycho Boost|p1a: Komala|[miss]
|-miss|p2a: Deoxys|p1a: Komala
|move|p1a: Komala|Facade|p2a: Deoxys
|-damage|p2a: Deoxys|0 fnt
|faint|p2a: Deoxys
|
|upkeep
|
|t:|1776304428
|switch|p2a: Chingling|Chingling, M|100/100
|turn|6
|
|t:|1776304437
|move|p1a: Komala|Facade|p2a: Chingling
|-damage|p2a: Chingling|86/100
|move|p2a: Chingling|Cosmic Power|p2a: Chingling
|-boost|p2a: Chingling|def|1
|-boost|p2a: Chingling|spd|1
|
|-end|p1a: Komala|move: Taunt
|upkeep
|turn|7
|c| fulls|facade on the mon that can't be statused
|c| fulls|genius?
|j| Kyurem
|
|t:|1776304449
|move|p1a: Komala|Swords Dance|p1a: Komala
|-boost|p1a: Komala|atk|2
|move|p2a: Chingling|Cosmic Power|p2a: Chingling
|-boost|p2a: Chingling|def|1
|-boost|p2a: Chingling|spd|1
|
|upkeep
|turn|8
|
|t:|1776304456
|move|p1a: Komala|Metal Claw|p2a: Chingling|[miss]
|-miss|p1a: Komala|p2a: Chingling
|move|p2a: Chingling|Cosmic Power|p2a: Chingling
|-boost|p2a: Chingling|def|1
|-boost|p2a: Chingling|spd|1
|
|upkeep
|turn|9
|
|t:|1776304470
|move|p1a: Komala|Metal Claw|p2a: Chingling
|-damage|p2a: Chingling|80/100
|move|p2a: Chingling|Cosmic Power|p2a: Chingling
|-boost|p2a: Chingling|def|1
|-boost|p2a: Chingling|spd|1
|
|-sideend|p2: my chingaling|Reflect
|upkeep
|turn|10
|c|☆my chingaling|I think plays are being made here
|
|t:|1776304480
|move|p1a: Komala|Facade|p2a: Chingling
|-damage|p2a: Chingling|60/100
|move|p2a: Chingling|Cosmic Power|p2a: Chingling
|-boost|p2a: Chingling|def|1
|-boost|p2a: Chingling|spd|1
|
|-sideend|p2: my chingaling|move: Light Screen
|upkeep
|turn|11
|
|t:|1776304489
|move|p1a: Komala|Facade|p2a: Chingling
|-damage|p2a: Chingling|41/100
|move|p2a: Chingling|Recover|p2a: Chingling
|-heal|p2a: Chingling|91/100
|
|upkeep
|turn|12
|
|t:|1776304496
|move|p1a: Komala|Swords Dance|p1a: Komala
|-boost|p1a: Komala|atk|2
|move|p2a: Chingling|Stored Power|p1a: Komala
|-damage|p1a: Komala|45/100
|
|upkeep
|turn|13
|j| Pulkatz
|
|t:|1776304503
|move|p1a: Komala|Facade|p2a: Chingling
|-damage|p2a: Chingling|66/100
|move|p2a: Chingling|Stored Power|p1a: Komala
|-damage|p1a: Komala|0 fnt
|faint|p1a: Komala
|
|upkeep
|
|t:|1776304511
|switch|p1a: Zamazenta|Zamazenta|100/100
|-ability|p1a: Zamazenta|Dauntless Shield|boost
|-boost|p1a: Zamazenta|def|1
|turn|14
|
|t:|1776304517
|move|p1a: Zamazenta|Heavy Slam|p2a: Chingling
|-damage|p2a: Chingling|56/100
|move|p2a: Chingling|Stored Power|p1a: Zamazenta
|-supereffective|p1a: Zamazenta
|-damage|p1a: Zamazenta|6/100
|
|-heal|p1a: Zamazenta|12/100|[from] item: Leftovers
|upkeep
|turn|15
|
|t:|1776304526
|move|p1a: Zamazenta|Ice Fang|p2a: Chingling
|-damage|p2a: Chingling|51/100
|cant|p2a: Chingling|flinch
|
|-heal|p1a: Zamazenta|18/100|[from] item: Leftovers
|upkeep
|turn|16
|c| Pulkatz|a fulls match finally
|c| Pulkatz|oh wait
|
|t:|1776304533
|move|p1a: Zamazenta|Brick Break|p2a: Chingling
|-resisted|p2a: Chingling
|-damage|p2a: Chingling|47/100
|move|p2a: Chingling|Recover|p2a: Chingling
|-heal|p2a: Chingling|97/100
|
|-heal|p1a: Zamazenta|24/100|[from] item: Leftovers
|upkeep
|turn|17
|c|☆my chingaling|Yes
|c| Pulkatz|nevermind
|
|t:|1776304544
|move|p1a: Zamazenta|Light Screen|p1a: Zamazenta
|-sidestart|p1: confettiis73|move: Light Screen
|move|p2a: Chingling|Charge Beam|p1a: Zamazenta
|-damage|p1a: Zamazenta|20/100
|-boost|p2a: Chingling|spa|1
|
|-heal|p1a: Zamazenta|26/100|[from] item: Leftovers
|upkeep
|turn|18
|c|☆my chingaling|Dude he broke my brick
|c|☆my chingaling|Wtf
|
|t:|1776304553
|move|p1a: Zamazenta|Ice Fang|p2a: Chingling
|-damage|p2a: Chingling|91/100
|move|p2a: Chingling|Charge Beam|p1a: Zamazenta
|-damage|p1a: Zamazenta|20/100
|-boost|p2a: Chingling|spa|1
|
|-heal|p1a: Zamazenta|27/100|[from] item: Leftovers
|upkeep
|turn|19
|
|t:|1776304566
|switch|p1a: Gengar|Gengar, M|100/100
|move|p2a: Chingling|Stored Power|p1a: Gengar
|-supereffective|p1a: Gengar
|-damage|p1a: Gengar|0 fnt
|-start|p2a: Chingling|Disable|Stored Power|[from] ability: Cursed Body|[of] p1a: Gengar
|faint|p1a: Gengar
|
|upkeep
|c|☆my chingaling|I'm boutta catch a freeze
|c| Pulkatz|genuinely what is this chingling build
|
|t:|1776304576
|switch|p1a: Porygon-Z|Porygon-Z|100/100
|turn|20
|
|t:|1776304588
|move|p1a: Porygon-Z|Dark Pulse|p2a: Chingling
|-supereffective|p2a: Chingling
|-damage|p2a: Chingling|68/100
|cant|p2a: Chingling|flinch
|
|upkeep
|turn|21
|c|☆my chingaling|How would you build chingling then
|j| spindle pit
|
|t:|1776304596
|-terastallize|p2a: Chingling|Electric
|move|p1a: Porygon-Z|Substitute|p1a: Porygon-Z
|-start|p1a: Porygon-Z|Substitute
|-damage|p1a: Porygon-Z|76/100
|move|p2a: Chingling|Recover|p2a: Chingling
|-heal|p2a: Chingling|100/100
|
|-sideend|p1: confettiis73|move: Light Screen
|upkeep
|turn|22
|c| Pulkatz|im using chimeco
|c|☆my chingaling|See but I'm not
|
|t:|1776304610
|move|p1a: Porygon-Z|Facade|p2a: Chingling
|-enditem|p1a: Porygon-Z|Normal Gem|[from] gem
|-damage|p2a: Chingling|92/100
|move|p2a: Chingling|Charge Beam|p1a: Porygon-Z
|-end|p1a: Porygon-Z|Substitute
|-boost|p2a: Chingling|spa|1
|
|-end|p2a: Chingling|Disable
|upkeep
|turn|23
|c| Pulkatz|id evolve bro
|c|☆my chingaling|yo
|c| Kyurem|The King of LC needs not the final evolution.
|
|t:|1776304645
|move|p1a: Porygon-Z|Dark Pulse|p2a: Chingling
|-damage|p2a: Chingling|81/100
|move|p2a: Chingling|Stored Power|p1a: Porygon-Z
|-damage|p1a: Porygon-Z|0 fnt
|faint|p1a: Porygon-Z
|
|upkeep
|
|t:|1776304659
|switch|p1a: Primeape|Primeape, M|100/100
|turn|24
|c| Pulkatz|i think its wraps no offense confettiis
|j| i am a dirt
|
|t:|1776304671
|move|p1a: Primeape|Close Combat|p2a: Chingling
|-crit|p2a: Chingling
|-damage|p2a: Chingling|14/100
|-unboost|p1a: Primeape|def|1
|-unboost|p1a: Primeape|spd|1
|move|p2a: Chingling|Stored Power|p1a: Primeape
|-supereffective|p1a: Primeape
|-damage|p1a: Primeape|0 fnt
|faint|p1a: Primeape
|
|upkeep
|c|☆my chingaling|Could always get crit
|c| fulls|o
|c| Pulkatz|that chingling is roided to the gills
|c|☆my chingaling|Yeah
|
|t:|1776304681
|switch|p1a: Blastoise|Blastoise, F|100/100
|turn|25
|
|t:|1776304686
|move|p1a: Blastoise|Earthquake|p2a: Chingling
|-immune|p2a: Chingling|[from] ability: Levitate
|move|p2a: Chingling|Recover|p2a: Chingling
|-heal|p2a: Chingling|64/100
|
|upkeep
|turn|26
|
|t:|1776304701
|move|p1a: Blastoise|Blizzard|p2a: Chingling
|-damage|p2a: Chingling|52/100
|move|p2a: Chingling|Stored Power|p1a: Blastoise
|-damage|p1a: Blastoise|0 fnt
|faint|p1a: Blastoise
|
|upkeep
|c|☆my chingaling|This is historic.
|
|t:|1776304709
|switch|p1a: Zamazenta|Zamazenta|27/100
|turn|27
|c| Pulkatz|bro was PRAYING for that freeze
|
|t:|1776304720
|-terastallize|p1a: Zamazenta|Fighting
|move|p1a: Zamazenta|Heavy Slam|p2a: Chingling
|-resisted|p2a: Chingling
|-damage|p2a: Chingling|47/100
|move|p2a: Chingling|Stored Power|p1a: Zamazenta
|-supereffective|p1a: Zamazenta
|-damage|p1a: Zamazenta|0 fnt
|faint|p1a: Zamazenta
|
|win|my chingaling
|raw|confettiis73's rating: 1020 &rarr; <strong>1006</strong><br />(-14 for losing)
|raw|my chingaling's rating: 1000 &rarr; <strong>1042</strong><br />(+42 for winning)
|c|☆my chingaling|gg
|l|☆confettiis73
|player|p1|
|l| fulls
|l| Kyurem
