|html|<div class="broadcast-blue"><strong>[Gen 9] OU is currently suspecting Volcarona! For information on how to participate check out the <a href="https://www.smogon.com/tools/suspects/view/208">suspect thread</a>.</strong></div>
|j|☆TheTatumaki
|j|☆senpako
|t:|1778507265
|gametype|singles
|player|p1|TheTatumaki|brawly|1245
|player|p2|senpako|koga|1293
|gen|9
|tier|[Gen 9] OU
|rated|
|rule|HP Percentage Mod: HP is shown in percentages
|rule|Endless Battle Clause: Forcing endless battles is banned
|rule|Species Clause: Limit one of each Pokémon
|rule|OHKO Clause: OHKO moves are banned
|rule|Evasion Items Clause: Evasion items are banned
|rule|Evasion Moves Clause: Evasion moves are banned
|rule|Evasion Abilities Clause: Evasion abilities are banned
|rule|Sleep Moves Clause: Sleep-inducing moves are banned
|clearpoke
|poke|p1|Samurott-Hisui, F|
|poke|p1|Typhlosion-Hisui, M|
|poke|p1|Donphan, M|
|poke|p1|Goodra-Hisui, F|
|poke|p1|Gyarados, F|
|poke|p1|Vileplume, F|
|poke|p2|Cinderace, M|
|poke|p2|Garchomp, M|
|poke|p2|Moltres-Galar|
|poke|p2|Iron Valiant|
|poke|p2|Walking Wake|
|poke|p2|Dusknoir, M|
|teampreview
|inactive|Battle timer is ON: inactive players will automatically lose when time's up. (requested by senpako)
|
|t:|1778507278
|teamsize|p1|6
|teamsize|p2|6
|start
|switch|p1a: Donphan|Donphan, M|100/100
|switch|p2a: Iron Valiant|Iron Valiant|100/100
|-enditem|p2a: Iron Valiant|Booster Energy
|-activate|p2a: Iron Valiant|ability: Quark Drive|[fromitem]
|-start|p2a: Iron Valiant|quarkdrivespe
|turn|1
|
|t:|1778507285
|move|p2a: Iron Valiant|Moonblast|p1a: Donphan
|-damage|p1a: Donphan|40/100
|-unboost|p1a: Donphan|spa|1
|move|p1a: Donphan|Earthquake|p2a: Iron Valiant
|-damage|p2a: Iron Valiant|33/100
|
|-heal|p1a: Donphan|47/100|[from] item: Leftovers
|upkeep
|turn|2
|
|t:|1778507296
|switch|p1a: Vileplume|Vileplume, F|100/100
|move|p2a: Iron Valiant|Moonblast|p1a: Vileplume
|-resisted|p1a: Vileplume
|-damage|p1a: Vileplume|72/100
|
|upkeep
|turn|3
|
|t:|1778507302
|-end|p2a: Iron Valiant|Quark Drive|[silent]
|switch|p2a: Dusknoir|Dusknoir, M|100/100
|-item|p1a: Vileplume|Heat Rock|[from] ability: Frisk|[of] p2a: Dusknoir
|move|p1a: Vileplume|Sunny Day|p1a: Vileplume
|-weather|SunnyDay
|
|-weather|SunnyDay|[upkeep]
|upkeep
|turn|4
|
|t:|1778507310
|move|p1a: Vileplume|Weather Ball|p2a: Dusknoir
|-damage|p2a: Dusknoir|54/100
|move|p2a: Dusknoir|Trick|p1a: Vileplume
|-activate|p2a: Dusknoir|move: Trick|[of] p1a: Vileplume
|-item|p1a: Vileplume|Choice Scarf|[from] move: Trick
|-item|p2a: Dusknoir|Heat Rock|[from] move: Trick
|
|-weather|SunnyDay|[upkeep]
|upkeep
|turn|5
|
|t:|1778507338
|move|p1a: Vileplume|Giga Drain|p2a: Dusknoir
|-damage|p2a: Dusknoir|21/100
|-heal|p1a: Vileplume|88/100|[from] drain|[of] p2a: Dusknoir
|move|p2a: Dusknoir|Will-O-Wisp|p1a: Vileplume
|-status|p1a: Vileplume|brn
|
|-weather|SunnyDay|[upkeep]
|-damage|p1a: Vileplume|82/100 brn|[from] brn
|upkeep
|turn|6
|
|t:|1778507347
|switch|p1a: Typhlosion|Typhlosion-Hisui, M|100/100
|move|p2a: Dusknoir|Poltergeist|p1a: Typhlosion
|-activate|p1a: Typhlosion|move: Poltergeist|Choice Scarf
|-supereffective|p1a: Typhlosion
|-damage|p1a: Typhlosion|0 fnt
|faint|p1a: Typhlosion
|
|-weather|SunnyDay|[upkeep]
|upkeep
|
|t:|1778507356
|switch|p1a: Samurott|Samurott-Hisui, F|100/100
|turn|7
|
|t:|1778507360
|move|p1a: Samurott|Ceaseless Edge|p2a: Dusknoir
|-supereffective|p2a: Dusknoir
|-crit|p2a: Dusknoir
|-damage|p2a: Dusknoir|0 fnt
|-sidestart|p2: senpako|Spikes
|faint|p2a: Dusknoir
|
|-weather|SunnyDay|[upkeep]
|upkeep
|
|t:|1778507365
|switch|p2a: Iron Valiant|Iron Valiant|33/100
|-damage|p2a: Iron Valiant|20/100|[from] Spikes
|turn|8
|
|t:|1778507370
|switch|p1a: Goodra|Goodra-Hisui, F|100/100
|move|p2a: Iron Valiant|Aura Sphere|p1a: Goodra
|-supereffective|p1a: Goodra
|-damage|p1a: Goodra|58/100
|
|-weather|SunnyDay|[upkeep]
|-heal|p1a: Goodra|64/100|[from] item: Leftovers
|upkeep
|turn|9
|
|t:|1778507378
|move|p2a: Iron Valiant|Aura Sphere|p1a: Goodra
|-supereffective|p1a: Goodra
|-damage|p1a: Goodra|27/100
|move|p1a: Goodra|Flash Cannon|p2a: Iron Valiant
|-supereffective|p2a: Iron Valiant
|-damage|p2a: Iron Valiant|0 fnt
|faint|p2a: Iron Valiant
|-end|p2a: Iron Valiant|Quark Drive|[silent]
|
|-weather|SunnyDay|[upkeep]
|-heal|p1a: Goodra|33/100|[from] item: Leftovers
|upkeep
|
|t:|1778507382
|switch|p2a: Cinderace|Cinderace, M|100/100
|turn|10
|
|t:|1778507390
|move|p2a: Cinderace|Pyro Ball|p1a: Goodra
|-damage|p1a: Goodra|0 fnt
|faint|p1a: Goodra
|
|-weather|none
|upkeep
|
|t:|1778507395
|switch|p1a: Samurott|Samurott-Hisui, F|100/100
|turn|11
|
|t:|1778507401
|move|p2a: Cinderace|U-turn|p1a: Samurott
|-start|p2a: Cinderace|typechange|Bug|[from] ability: Libero
|-supereffective|p1a: Samurott
|-damage|p1a: Samurott|15/100
|
|t:|1778507404
|switch|p2a: Walking Wake|Walking Wake|100/100|[from] U-turn
|-damage|p2a: Walking Wake|88/100|[from] Spikes
|-enditem|p2a: Walking Wake|Booster Energy
|-activate|p2a: Walking Wake|ability: Protosynthesis|[fromitem]
|-start|p2a: Walking Wake|protosynthesisspa
|move|p1a: Samurott|Flip Turn|p2a: Walking Wake
|-resisted|p2a: Walking Wake
|-damage|p2a: Walking Wake|77/100
|
|t:|1778507417
|switch|p1a: Vileplume|Vileplume, F|82/100 brn|[from] Flip Turn
|
|-damage|p1a: Vileplume|76/100 brn|[from] brn
|upkeep
|turn|12
|
|t:|1778507423
|move|p2a: Walking Wake|Agility|p2a: Walking Wake
|-boost|p2a: Walking Wake|spe|2
|move|p1a: Vileplume|Giga Drain|p2a: Walking Wake
|-damage|p2a: Walking Wake|33/100
|-heal|p1a: Vileplume|100/100 brn|[from] drain|[of] p2a: Walking Wake
|
|-damage|p1a: Vileplume|94/100 brn|[from] brn
|upkeep
|turn|13
|
|t:|1778507431
|move|p2a: Walking Wake|Flamethrower|p1a: Vileplume
|-supereffective|p1a: Vileplume
|-damage|p1a: Vileplume|0 fnt
|faint|p1a: Vileplume
|
|upkeep
|
|t:|1778507435
|switch|p1a: Gyarados|Gyarados, F, shiny|100/100
|-ability|p1a: Gyarados|Intimidate|boost
|-unboost|p2a: Walking Wake|atk|1
|turn|14
|
|t:|1778507440
|move|p2a: Walking Wake|Draco Meteor|p1a: Gyarados
|-damage|p1a: Gyarados|5/100
|-unboost|p2a: Walking Wake|spa|2
|move|p1a: Gyarados|Earthquake|p2a: Walking Wake
|-damage|p2a: Walking Wake|0 fnt
|faint|p2a: Walking Wake
|-end|p2a: Walking Wake|Protosynthesis|[silent]
|
|upkeep
|
|t:|1778507444
|switch|p2a: Cinderace|Cinderace, M|100/100
|turn|15
|
|t:|1778507450
|switch|p1a: Donphan|Donphan, M|47/100
|move|p2a: Cinderace|Sucker Punch||[still]
|-fail|p2a: Cinderace
|
|-heal|p1a: Donphan|53/100|[from] item: Leftovers
|upkeep
|turn|16
|
|t:|1778507458
|move|p2a: Cinderace|U-turn|p1a: Donphan
|-start|p2a: Cinderace|typechange|Bug|[from] ability: Libero
|-damage|p1a: Donphan|25/100
|
|t:|1778507462
|switch|p2a: Moltres|Moltres-Galar, shiny|100/100|[from] U-turn
|move|p1a: Donphan|Stealth Rock|p2a: Moltres
|-sidestart|p2: senpako|move: Stealth Rock
|
|-heal|p1a: Donphan|31/100|[from] item: Leftovers
|upkeep
|turn|17
|
|t:|1778507474
|move|p1a: Donphan|Ice Shard|p2a: Moltres
|-supereffective|p2a: Moltres
|-damage|p2a: Moltres|69/100
|move|p2a: Moltres|Agility|p2a: Moltres
|-boost|p2a: Moltres|spe|2
|
|-heal|p1a: Donphan|37/100|[from] item: Leftovers
|upkeep
|turn|18
|
|t:|1778507483
|switch|p1a: Samurott|Samurott-Hisui, F|15/100
|move|p2a: Moltres|Fiery Wrath|p1a: Samurott
|-resisted|p1a: Samurott
|-damage|p1a: Samurott|0 fnt
|faint|p1a: Samurott
|
|upkeep
|-message|TheTatumaki forfeited.
|
|win|senpako
|raw|TheTatumaki's rating: 1245 &rarr; <strong>1223</strong><br />(-22 for losing)
|raw|senpako's rating: 1293 &rarr; <strong>1315</strong><br />(+22 for winning)
|l|☆TheTatumaki
|player|p1|
|l|☆senpako
|player|p2|
