|html|<div class="broadcast-blue"><strong>[Gen 9] OU is currently suspecting Volcarona! For information on how to participate check out the <a href="https://www.smogon.com/tools/suspects/view/208">suspect thread</a>.</strong></div>
|j|☆diddlediddle
|j|☆senpako
|t:|1778506830
|gametype|singles
|player|p1|diddlediddle|swimmerf|1234
|player|p2|senpako|koga|1240
|gen|9
|tier|[Gen 9] OU
|rated|
|rule|HP Percentage Mod: HP is shown in percentages
|rule|Endless Battle Clause: Forcing endless battles is banned
|rule|Species Clause: Limit one of each Pokémon
|rule|OHKO Clause: OHKO moves are banned
|rule|Evasion Items Clause: Evasion items are banned
|rule|Evasion Moves Clause: Evasion moves are banned
|rule|Evasion Abilities Clause: Evasion abilities are banned
|rule|Sleep Moves Clause: Sleep-inducing moves are banned
|clearpoke
|poke|p1|Cacturne, M|
|poke|p1|Sandy Shocks|
|poke|p1|Hawlucha, M|
|poke|p1|Zoroark-Hisui, F|
|poke|p1|Heatran, M|
|poke|p1|Maushold-Four|
|poke|p2|Cinderace, F|
|poke|p2|Garchomp, M|
|poke|p2|Moltres-Galar|
|poke|p2|Iron Valiant|
|poke|p2|Walking Wake|
|poke|p2|Dusknoir, F|
|teampreview
|inactive|Battle timer is ON: inactive players will automatically lose when time's up. (requested by senpako)
|
|t:|1778506853
|teamsize|p1|6
|teamsize|p2|6
|start
|switch|p1a: Heatran|Heatran, M|100/100
|switch|p2a: Cinderace|Cinderace, F|100/100
|turn|1
|
|t:|1778506861
|move|p2a: Cinderace|U-turn|p1a: Heatran
|-start|p2a: Cinderace|typechange|Bug|[from] ability: Libero
|-resisted|p1a: Heatran
|-damage|p1a: Heatran|68/100
|replace|p1a: Zoroark|Zoroark-Hisui, F
|-end|p1a: Zoroark|Illusion
|
|t:|1778506873
|switch|p2a: Iron Valiant|Iron Valiant|100/100|[from] U-turn
|-enditem|p2a: Iron Valiant|Booster Energy
|-activate|p2a: Iron Valiant|ability: Quark Drive|[fromitem]
|-start|p2a: Iron Valiant|quarkdrivespe
|move|p1a: Zoroark|Trick|p2a: Iron Valiant
|-activate|p1a: Zoroark|move: Trick|[of] p2a: Iron Valiant
|-item|p2a: Iron Valiant|Choice Specs|[from] move: Trick
|-enditem|p1a: Zoroark|Choice Specs|[silent]|[from] move: Trick
|
|upkeep
|turn|2
|
|t:|1778506892
|switch|p1a: Heatran|Heatran, M|100/100
|move|p2a: Iron Valiant|Moonblast|p1a: Heatran
|-resisted|p1a: Heatran
|-damage|p1a: Heatran|87/100
|
|upkeep
|turn|3
|inactive|diddlediddle has 120 seconds left.
|
|t:|1778506926
|-end|p2a: Iron Valiant|Quark Drive|[silent]
|switch|p2a: Walking Wake|Walking Wake|100/100
|-enditem|p2a: Walking Wake|Booster Energy
|-activate|p2a: Walking Wake|ability: Protosynthesis|[fromitem]
|-start|p2a: Walking Wake|protosynthesisspa
|move|p1a: Heatran|Stealth Rock|p2a: Walking Wake
|-sidestart|p2: senpako|move: Stealth Rock
|
|upkeep
|turn|4
|
|t:|1778506934
|switch|p1a: Cacturne|Cacturne, M|100/100
|move|p2a: Walking Wake|Agility|p2a: Walking Wake
|-boost|p2a: Walking Wake|spe|2
|
|upkeep
|turn|5
|
|t:|1778506942
|move|p2a: Walking Wake|Flamethrower|p1a: Cacturne
|-supereffective|p1a: Cacturne
|-enditem|p1a: Cacturne|Focus Sash
|-damage|p1a: Cacturne|1/100
|move|p1a: Cacturne|Swords Dance|p1a: Cacturne
|-boost|p1a: Cacturne|atk|2
|
|upkeep
|turn|6
|
|t:|1778506951
|move|p1a: Cacturne|Sucker Punch|p2a: Walking Wake
|-damage|p2a: Walking Wake|14/100
|move|p2a: Walking Wake|Flamethrower|p1a: Cacturne
|-supereffective|p1a: Cacturne
|-damage|p1a: Cacturne|0 fnt
|faint|p1a: Cacturne
|
|upkeep
|
|t:|1778506963
|switch|p1a: Hawlucha|Hawlucha, M|100/100
|turn|7
|
|t:|1778506970
|move|p1a: Hawlucha|Endure|p1a: Hawlucha
|-singleturn|p1a: Hawlucha|move: Endure
|move|p2a: Walking Wake|Draco Meteor|p1a: Hawlucha
|-activate|p1a: Hawlucha|move: Endure
|-damage|p1a: Hawlucha|1/100
|-unboost|p2a: Walking Wake|spa|2
|-enditem|p1a: Hawlucha|Liechi Berry|[eat]
|-boost|p1a: Hawlucha|atk|1|[from] item: Liechi Berry
|
|upkeep
|turn|8
|
|t:|1778506980
|move|p1a: Hawlucha|Acrobatics|p2a: Walking Wake
|-damage|p2a: Walking Wake|0 fnt
|faint|p2a: Walking Wake
|-end|p2a: Walking Wake|Protosynthesis|[silent]
|
|upkeep
|
|t:|1778506984
|switch|p2a: Cinderace|Cinderace, F|100/100
|turn|9
|
|t:|1778506990
|move|p2a: Cinderace|Sucker Punch|p1a: Hawlucha
|-start|p2a: Cinderace|typechange|Dark|[from] ability: Libero
|-resisted|p1a: Hawlucha
|-damage|p1a: Hawlucha|0 fnt
|faint|p1a: Hawlucha
|
|upkeep
|
|t:|1778507001
|switch|p1a: Maushold|Maushold-Four|100/100
|turn|10
|
|t:|1778507006
|move|p2a: Cinderace|Pyro Ball|p1a: Maushold
|-damage|p1a: Maushold|39/100
|move|p1a: Maushold|Tidy Up|p1a: Maushold
|-sideend|p2: senpako|Stealth Rock
|-activate|p1a: Maushold|move: Tidy Up
|-boost|p1a: Maushold|atk|1
|-boost|p1a: Maushold|spe|1
|
|upkeep
|turn|11
|
|t:|1778507015
|move|p2a: Cinderace|Sucker Punch||[still]
|-fail|p2a: Cinderace
|move|p1a: Maushold|Tidy Up|p1a: Maushold
|-boost|p1a: Maushold|atk|1
|-boost|p1a: Maushold|spe|1
|
|upkeep
|turn|12
|
|t:|1778507022
|move|p2a: Cinderace|Sucker Punch||[still]
|-fail|p2a: Cinderace
|move|p1a: Maushold|Encore|p2a: Cinderace
|-start|p2a: Cinderace|Encore
|
|upkeep
|turn|13
|
|t:|1778507027
|switch|p2a: Garchomp|Garchomp, M|100/100
|move|p1a: Maushold|Tidy Up|p1a: Maushold
|-boost|p1a: Maushold|atk|1
|-boost|p1a: Maushold|spe|1
|
|upkeep
|turn|14
|
|t:|1778507036
|move|p1a: Maushold|Population Bomb|p2a: Garchomp
|-crit|p2a: Garchomp
|-damage|p2a: Garchomp|57/100
|-damage|p1a: Maushold|27/100|[from] ability: Rough Skin|[of] p2a: Garchomp
|-damage|p2a: Garchomp|31/100
|-damage|p1a: Maushold|14/100|[from] ability: Rough Skin|[of] p2a: Garchomp
|-crit|p2a: Garchomp
|-damage|p2a: Garchomp|0 fnt
|-damage|p1a: Maushold|2/100|[from] ability: Rough Skin|[of] p2a: Garchomp
|faint|p2a: Garchomp
|-hitcount|p2: Garchomp|3
|
|upkeep
|
|t:|1778507039
|switch|p2a: Cinderace|Cinderace, F|100/100
|turn|15
|
|t:|1778507051
|move|p1a: Maushold|Tidy Up|p1a: Maushold
|-boost|p1a: Maushold|atk|1
|-boost|p1a: Maushold|spe|1
|move|p2a: Cinderace|U-turn|p1a: Maushold
|-start|p2a: Cinderace|typechange|Bug|[from] ability: Libero
|-damage|p1a: Maushold|0 fnt
|faint|p1a: Maushold
|
|t:|1778507054
|switch|p2a: Dusknoir|Dusknoir, F|100/100|[from] U-turn
|
|upkeep
|
|t:|1778507063
|switch|p1a: Heatran|Heatran, M|68/100
|turn|16
|
|t:|1778507071
|move|p1a: Heatran|Bitter Malice|p2a: Dusknoir
|-supereffective|p2a: Dusknoir
|-damage|p2a: Dusknoir|26/100
|-unboost|p2a: Dusknoir|atk|1
|move|p2a: Dusknoir|Trick|p1a: Heatran
|-activate|p2a: Dusknoir|move: Trick|[of] p1a: Heatran
|-item|p1a: Heatran|Choice Scarf|[from] move: Trick
|-enditem|p2a: Dusknoir|Choice Scarf|[silent]|[from] move: Trick
|
|upkeep
|turn|17
|inactive|senpako has 120 seconds left.
|
|t:|1778507110
|move|p1a: Heatran|Icy Wind|p2a: Dusknoir
|-damage|p2a: Dusknoir|7/100
|-unboost|p2a: Dusknoir|spe|1
|move|p2a: Dusknoir|Poltergeist|p1a: Heatran
|-immune|p1a: Heatran
|
|upkeep
|turn|18
|inactive|senpako has 120 seconds left.
|
|t:|1778507122
|move|p1a: Heatran|Icy Wind|p2a: Dusknoir
|-damage|p2a: Dusknoir|0 fnt
|faint|p2a: Dusknoir
|
|upkeep
|inactive|senpako has 120 seconds left.
|
|t:|1778507129
|switch|p2a: Moltres|Moltres-Galar, shiny|100/100
|turn|19
|
|t:|1778507133
|move|p1a: Heatran|Icy Wind|p2a: Moltres
|-supereffective|p2a: Moltres
|-damage|p2a: Moltres|66/100
|-unboost|p2a: Moltres|spe|1
|move|p2a: Moltres|Fiery Wrath|p1a: Heatran
|-supereffective|p1a: Heatran
|-damage|p1a: Heatran|0 fnt
|replace|p1a: Zoroark|Zoroark-Hisui, F
|-end|p1a: Zoroark|Illusion
|faint|p1a: Zoroark
|
|upkeep
|
|t:|1778507144
|switch|p1a: Sandy Shocks|Sandy Shocks|100/100
|-enditem|p1a: Sandy Shocks|Booster Energy
|-activate|p1a: Sandy Shocks|ability: Protosynthesis|[fromitem]
|-start|p1a: Sandy Shocks|protosynthesisspe
|turn|20
|
|t:|1778507150
|-terastallize|p2a: Moltres|Ground
|move|p1a: Sandy Shocks|Thunderbolt|p2a: Moltres
|-immune|p2a: Moltres
|move|p2a: Moltres|Agility|p2a: Moltres
|-boost|p2a: Moltres|spe|2
|
|upkeep
|turn|21
|
|t:|1778507160
|-terastallize|p1a: Sandy Shocks|Flying
|move|p1a: Sandy Shocks|Flash Cannon|p2a: Moltres
|-crit|p2a: Moltres
|-damage|p2a: Moltres|30/100
|-ability|p2a: Moltres|Berserk|boost
|-boost|p2a: Moltres|spa|1
|-enditem|p2a: Moltres|Sitrus Berry|[eat]
|-heal|p2a: Moltres|55/100|[from] item: Sitrus Berry
|move|p2a: Moltres|Fiery Wrath|p1a: Sandy Shocks
|-damage|p1a: Sandy Shocks|26/100
|
|upkeep
|turn|22
|
|t:|1778507172
|move|p1a: Sandy Shocks|Flash Cannon|p2a: Moltres
|-damage|p2a: Moltres|34/100
|-ability|p2a: Moltres|Berserk|boost
|-boost|p2a: Moltres|spa|1
|move|p2a: Moltres|Fiery Wrath|p1a: Sandy Shocks
|-damage|p1a: Sandy Shocks|0 fnt
|faint|p1a: Sandy Shocks
|-end|p1a: Sandy Shocks|Protosynthesis|[silent]
|
|upkeep
|c|☆diddlediddle|Well played
|
|t:|1778507180
|switch|p1a: Heatran|Heatran, M|87/100
|turn|23
|
|t:|1778507184
|move|p2a: Moltres|Fiery Wrath|p1a: Heatran
|-damage|p1a: Heatran|17/100
|move|p1a: Heatran|Flamethrower|p2a: Moltres
|-damage|p2a: Moltres|0 fnt
|faint|p2a: Moltres
|
|upkeep
|
|t:|1778507186
|switch|p2a: Iron Valiant|Iron Valiant|100/100
|turn|24
|
|t:|1778507193
|move|p2a: Iron Valiant|Aura Sphere|p1a: Heatran
|-supereffective|p1a: Heatran
|-damage|p1a: Heatran|0 fnt
|faint|p1a: Heatran
|
|win|senpako
|raw|diddlediddle's rating: 1234 &rarr; <strong>1209</strong><br />(-25 for losing)
|raw|senpako's rating: 1240 &rarr; <strong>1265</strong><br />(+25 for winning)
|l|☆senpako
|player|p2|
|l|☆diddlediddle
|player|p1|
