|html|<div class="broadcast-blue"><strong>[Gen 9] OU is currently suspecting Tera Blast! For information on how to participate check out the <a href="https://www.smogon.com/tools/suspects/view/200">suspect thread</a>.</strong></div>
|j|☆5darkelves
|j|☆than0304
|t:|1776184737
|gametype|singles
|player|p1|5darkelves|hiker|1459
|player|p2|than0304|n-masters3|1634
|gen|9
|tier|[Gen 9] OU
|rated|
|rule|HP Percentage Mod: HP is shown in percentages
|rule|Endless Battle Clause: Forcing endless battles is banned
|rule|Species Clause: Limit one of each Pokémon
|rule|OHKO Clause: OHKO moves are banned
|rule|Evasion Items Clause: Evasion items are banned
|rule|Evasion Moves Clause: Evasion moves are banned
|rule|Evasion Abilities Clause: Evasion abilities are banned
|rule|Sleep Moves Clause: Sleep-inducing moves are banned
|clearpoke
|poke|p1|Mandibuzz, F|
|poke|p1|Gholdengo|
|poke|p1|Garchomp, F|
|poke|p1|Slowking-Galar, M|
|poke|p1|Iron Valiant|
|poke|p1|Dondozo, M|
|poke|p2|Landorus-Therian, M|
|poke|p2|Hoopa-Unbound|
|poke|p2|Slowking-Galar, M|
|poke|p2|Zamazenta-*|
|poke|p2|Kyurem|
|poke|p2|Cinderace, M|
|teampreview
|inactive|Battle timer is ON: inactive players will automatically lose when time's up. (requested by than0304)
|inactive|than0304 has 120 seconds left.
|
|t:|1776184773
|teamsize|p1|6
|teamsize|p2|6
|start
|switch|p1a: Garchomp|Garchomp, F|100/100
|switch|p2a: Dr. K|Kyurem, shiny|100/100
|-ability|p2a: Dr. K|Pressure
|turn|1
|
|t:|1776184785
|switch|p1a: Gholdengo|Gholdengo|100/100
|-item|p1a: Gholdengo|Air Balloon
|move|p2a: Dr. K|Ice Beam|p1a: Gholdengo
|-resisted|p1a: Gholdengo
|-damage|p1a: Gholdengo|77/100
|-enditem|p1a: Gholdengo|Air Balloon
|
|upkeep
|turn|2
|
|t:|1776184796
|switch|p2a: Poopa-Unbound|Hoopa-Unbound|100/100
|switch|p1a: Garchomp|Garchomp, F|100/100
|
|upkeep
|turn|3
|
|t:|1776184804
|switch|p2a: Dr. K|Kyurem, shiny|100/100
|-ability|p2a: Dr. K|Pressure
|move|p1a: Garchomp|Stealth Rock|p2a: Dr. K
|-sidestart|p2: than0304|move: Stealth Rock
|
|upkeep
|turn|4
|
|t:|1776184814
|move|p2a: Dr. K|Earth Power|p1a: Garchomp
|-damage|p1a: Garchomp|72/100
|-unboost|p1a: Garchomp|spd|1
|move|p1a: Garchomp|Dragon Tail|p2a: Dr. K
|-supereffective|p2a: Dr. K
|-damage|p2a: Dr. K|54/100
|drag|p2a: Poopa-Unbound|Hoopa-Unbound|100/100
|-damage|p2a: Poopa-Unbound|88/100|[from] Stealth Rock
|
|upkeep
|turn|5
|
|t:|1776184829
|switch|p1a: Mandibuzz|Mandibuzz, F|100/100
|move|p2a: Poopa-Unbound|Psychic Noise|p1a: Mandibuzz
|-immune|p1a: Mandibuzz
|
|upkeep
|turn|6
|inactive|than0304 has 120 seconds left.
|
|t:|1776184871
|move|p1a: Mandibuzz|Toxic|p2a: Poopa-Unbound
|-status|p2a: Poopa-Unbound|tox
|move|p2a: Poopa-Unbound|Knock Off|p1a: Mandibuzz
|-resisted|p1a: Mandibuzz
|-damage|p1a: Mandibuzz|87/100
|-enditem|p1a: Mandibuzz|Heavy-Duty Boots|[from] move: Knock Off|[of] p2a: Poopa-Unbound
|
|-damage|p2a: Poopa-Unbound|82/100 tox|[from] psn
|upkeep
|turn|7
|
|t:|1776184881
|switch|p2a: Calrissian|Landorus-Therian, M, shiny|100/100
|-damage|p2a: Calrissian|88/100|[from] Stealth Rock
|-ability|p2a: Calrissian|Intimidate|boost
|-unboost|p1a: Mandibuzz|atk|1
|move|p1a: Mandibuzz|Toxic|p2a: Calrissian
|-status|p2a: Calrissian|tox
|
|-damage|p2a: Calrissian|82/100 tox|[from] psn
|upkeep
|turn|8
|inactive|than0304 has 120 seconds left.
|
|t:|1776184903
|switch|p1a: Garchomp|Garchomp, F|72/100
|move|p2a: Calrissian|Taunt|p1a: Garchomp
|-start|p1a: Garchomp|move: Taunt
|
|-damage|p2a: Calrissian|70/100 tox|[from] psn
|upkeep
|turn|9
|
|t:|1776184915
|move|p2a: Calrissian|U-turn|p1a: Garchomp
|-damage|p1a: Garchomp|58/100
|-damage|p2a: Calrissian|58/100 tox|[from] ability: Rough Skin|[of] p1a: Garchomp
|-damage|p2a: Calrissian|41/100 tox|[from] item: Rocky Helmet|[of] p1a: Garchomp
|inactive|than0304 has 120 seconds left.
|
|t:|1776184933
|switch|p2a: Dr. K|Kyurem, shiny|54/100|[from] U-turn
|-damage|p2a: Dr. K|29/100|[from] Stealth Rock
|-ability|p2a: Dr. K|Pressure
|move|p1a: Garchomp|Dragon Tail|p2a: Dr. K
|-supereffective|p2a: Dr. K
|-damage|p2a: Dr. K|0 fnt
|faint|p2a: Dr. K
|
|upkeep
|
|t:|1776184937
|switch|p2a: Pulisic|Cinderace, M, shiny|100/100
|turn|10
|
|t:|1776184949
|move|p2a: Pulisic|Court Change|p2a: Pulisic
|-start|p2a: Pulisic|typechange|Normal|[from] ability: Libero
|-swapsideconditions
|-activate|p2a: Pulisic|move: Court Change
|move|p1a: Garchomp|Earthquake|p2a: Pulisic
|-damage|p2a: Pulisic|39/100
|
|-end|p1a: Garchomp|move: Taunt
|upkeep
|turn|11
|
|t:|1776184964
|move|p2a: Pulisic|U-turn|p1a: Garchomp
|-damage|p1a: Garchomp|45/100
|-damage|p2a: Pulisic|26/100|[from] ability: Rough Skin|[of] p1a: Garchomp
|-damage|p2a: Pulisic|10/100|[from] item: Rocky Helmet|[of] p1a: Garchomp
|
|t:|1776184968
|switch|p2a: danger dog|Zamazenta, shiny|100/100|[from] U-turn
|-ability|p2a: danger dog|Dauntless Shield|boost
|-boost|p2a: danger dog|def|1
|move|p1a: Garchomp|Dragon Tail|p2a: danger dog
|-damage|p2a: danger dog|88/100
|drag|p2a: Pulisic|Cinderace, M, shiny|10/100
|
|upkeep
|turn|12
|
|t:|1776184981
|move|p2a: Pulisic|Pyro Ball|p1a: Garchomp
|-resisted|p1a: Garchomp
|-damage|p1a: Garchomp|28/100
|move|p1a: Garchomp|Dragon Tail|p2a: Pulisic
|-crit|p2a: Pulisic
|-damage|p2a: Pulisic|0 fnt
|faint|p2a: Pulisic
|
|upkeep
|
|t:|1776184987
|switch|p2a: Calrissian|Landorus-Therian, M, shiny|41/100 tox
|-ability|p2a: Calrissian|Intimidate|boost
|-unboost|p1a: Garchomp|atk|1
|turn|13
|
|t:|1776184996
|move|p2a: Calrissian|Stone Edge|p1a: Garchomp
|-resisted|p1a: Garchomp
|-damage|p1a: Garchomp|18/100
|move|p1a: Garchomp|Dragon Tail|p2a: Calrissian
|-damage|p2a: Calrissian|29/100 tox
|-damage|p1a: Garchomp|1/100|[from] item: Rocky Helmet|[of] p2a: Calrissian
|drag|p2a: danger dog|Zamazenta, shiny|88/100
|
|-heal|p2a: danger dog|94/100|[from] item: Leftovers
|upkeep
|turn|14
|
|t:|1776185005
|move|p2a: danger dog|Crunch|p1a: Garchomp
|-damage|p1a: Garchomp|0 fnt
|-damage|p2a: danger dog|82/100|[from] ability: Rough Skin|[of] p1a: Garchomp
|-damage|p2a: danger dog|65/100|[from] item: Rocky Helmet|[of] p1a: Garchomp
|faint|p1a: Garchomp
|
|-heal|p2a: danger dog|72/100|[from] item: Leftovers
|upkeep
|
|t:|1776185025
|switch|p1a: Mandibuzz|Mandibuzz, F|87/100
|-damage|p1a: Mandibuzz|62/100|[from] Stealth Rock
|turn|15
|
|t:|1776185035
|switch|p2a: Calrissian|Landorus-Therian, M, shiny|29/100 tox
|-ability|p2a: Calrissian|Intimidate|boost
|-unboost|p1a: Mandibuzz|atk|1
|move|p1a: Mandibuzz|Defog|p2a: Calrissian
|-unboost|p2a: Calrissian|evasion|1
|-sideend|p1: 5darkelves|Stealth Rock|[from] move: Defog|[of] p1a: Mandibuzz
|
|-damage|p2a: Calrissian|23/100 tox|[from] psn
|upkeep
|turn|16
|
|t:|1776185047
|switch|p1a: Slowking|Slowking-Galar, M|100/100
|move|p2a: Calrissian|Stone Edge|p1a: Slowking
|-damage|p1a: Slowking|69/100
|
|-damage|p2a: Calrissian|11/100 tox|[from] psn
|upkeep
|turn|17
|
|t:|1776185055
|switch|p1a: Mandibuzz|Mandibuzz, F|62/100
|move|p2a: Calrissian|Earthquake|p1a: Mandibuzz
|-immune|p1a: Mandibuzz
|
|-damage|p2a: Calrissian|0 fnt|[from] psn
|faint|p2a: Calrissian
|upkeep
|
|t:|1776185060
|switch|p2a: Poopa-Unbound|Hoopa-Unbound|82/100 tox
|turn|18
|
|t:|1776185067
|move|p1a: Mandibuzz|Foul Play|p2a: Poopa-Unbound
|-damage|p2a: Poopa-Unbound|27/100 tox
|move|p2a: Poopa-Unbound|Thunderbolt|p1a: Mandibuzz
|-supereffective|p1a: Mandibuzz
|-damage|p1a: Mandibuzz|0 fnt
|faint|p1a: Mandibuzz
|
|-damage|p2a: Poopa-Unbound|21/100 tox|[from] psn
|upkeep
|
|t:|1776185082
|switch|p1a: Gholdengo|Gholdengo|77/100
|turn|19
|
|t:|1776185086
|move|p1a: Gholdengo|Shadow Ball|p2a: Poopa-Unbound
|-damage|p2a: Poopa-Unbound|5/100 tox
|move|p2a: Poopa-Unbound|Knock Off|p1a: Gholdengo
|-supereffective|p1a: Gholdengo
|-damage|p1a: Gholdengo|25/100
|
|-damage|p2a: Poopa-Unbound|0 fnt|[from] psn
|faint|p2a: Poopa-Unbound
|upkeep
|
|t:|1776185089
|switch|p2a: danger dog|Zamazenta, shiny|72/100
|turn|20
|
|t:|1776185095
|move|p2a: danger dog|Crunch|p1a: Gholdengo
|-supereffective|p1a: Gholdengo
|-damage|p1a: Gholdengo|0 fnt
|faint|p1a: Gholdengo
|
|-heal|p2a: danger dog|78/100|[from] item: Leftovers
|upkeep
|
|t:|1776185098
|switch|p1a: Slowking|Slowking-Galar, M|100/100
|turn|21
|
|t:|1776185106
|move|p2a: danger dog|Crunch|p1a: Slowking
|-supereffective|p1a: Slowking
|-damage|p1a: Slowking|55/100
|-unboost|p1a: Slowking|def|1
|move|p1a: Slowking|Psyshock|p2a: danger dog
|-supereffective|p2a: danger dog
|-damage|p2a: danger dog|27/100
|
|-heal|p2a: danger dog|33/100|[from] item: Leftovers
|upkeep
|turn|22
|
|t:|1776185117
|switch|p1a: Iron Valiant|Iron Valiant|100/100
|-enditem|p1a: Iron Valiant|Booster Energy
|-activate|p1a: Iron Valiant|ability: Quark Drive|[fromitem]
|-start|p1a: Iron Valiant|quarkdrivespe
|move|p2a: danger dog|Crunch|p1a: Iron Valiant
|-resisted|p1a: Iron Valiant
|-damage|p1a: Iron Valiant|94/100
|-unboost|p1a: Iron Valiant|def|1
|
|-heal|p2a: danger dog|39/100|[from] item: Leftovers
|upkeep
|turn|23
|
|t:|1776185128
|-terastallize|p2a: danger dog|Steel
|move|p1a: Iron Valiant|Moonblast|p2a: danger dog
|-resisted|p2a: danger dog
|-damage|p2a: danger dog|21/100
|-unboost|p2a: danger dog|spa|1
|move|p2a: danger dog|Heavy Slam|p1a: Iron Valiant
|-supereffective|p1a: Iron Valiant
|-damage|p1a: Iron Valiant|0 fnt
|faint|p1a: Iron Valiant
|-end|p1a: Iron Valiant|Quark Drive|[silent]
|
|-heal|p2a: danger dog|27/100|[from] item: Leftovers
|upkeep
|
|t:|1776185137
|switch|p1a: Slowking|Slowking-Galar, M|88/100
|turn|24
|
|t:|1776185140
|move|p2a: danger dog|Crunch|p1a: Slowking
|-supereffective|p1a: Slowking
|-damage|p1a: Slowking|42/100
|move|p1a: Slowking|Flamethrower|p2a: danger dog
|-supereffective|p2a: danger dog
|-damage|p2a: danger dog|0 fnt
|faint|p2a: danger dog
|
|upkeep
|
|t:|1776185143
|switch|p2a: The King|Slowking-Galar, M, shiny|100/100
|turn|25
|
|t:|1776185150
|switch|p1a: Dondozo|Dondozo, M|100/100
|move|p2a: The King|Future Sight|p1a: Dondozo
|-start|p2a: The King|move: Future Sight
|
|upkeep
|turn|26
|
|t:|1776185156
|move|p1a: Dondozo|Wave Crash|p2a: The King
|-damage|p2a: The King|61/100
|-damage|p1a: Dondozo|90/100|[from] Recoil
|move|p2a: The King|Sludge Bomb|p1a: Dondozo
|-damage|p1a: Dondozo|60/100
|-status|p1a: Dondozo|psn
|
|-heal|p1a: Dondozo|66/100 psn|[from] item: Leftovers
|-damage|p1a: Dondozo|54/100 psn|[from] psn
|upkeep
|turn|27
|
|t:|1776185165
|move|p1a: Dondozo|Wave Crash|p2a: The King
|-damage|p2a: The King|20/100
|-damage|p1a: Dondozo|43/100 psn|[from] Recoil
|move|p2a: The King|Sludge Bomb|p1a: Dondozo
|-damage|p1a: Dondozo|14/100 psn
|
|-end|p1a: Dondozo|move: Future Sight
|-crit|p1a: Dondozo
|-damage|p1a: Dondozo|0 fnt
|faint|p1a: Dondozo
|upkeep
|
|t:|1776185172
|switch|p1a: Slowking|Slowking-Galar, M|76/100
|turn|28
|
|t:|1776185174
|move|p1a: Slowking|Psyshock|p2a: The King
|-damage|p2a: The King|0 fnt
|faint|p2a: The King
|
|win|5darkelves
|raw|5darkelves's rating: 1459 &rarr; <strong>1488</strong><br />(+29 for winning)
|raw|than0304's rating: 1634 &rarr; <strong>1605</strong><br />(-29 for losing)
|l|☆than0304
|player|p2|
|c|☆5darkelves|Gg
