|html|<div class="broadcast-blue"><strong>[Gen 9] OU is currently suspecting Volcarona! For information on how to participate check out the <a href="https://www.smogon.com/tools/suspects/view/208">suspect thread</a>.</strong></div>
|j|☆KenjiShiguma
|j|☆Slippygar
|t:|1778505976
|gametype|singles
|player|p1|KenjiShiguma|pokemonbreeder-gen4|1202
|player|p2|Slippygar|170|1181
|gen|9
|tier|[Gen 9] OU
|rated|
|rule|HP Percentage Mod: HP is shown in percentages
|rule|Endless Battle Clause: Forcing endless battles is banned
|rule|Species Clause: Limit one of each Pokémon
|rule|OHKO Clause: OHKO moves are banned
|rule|Evasion Items Clause: Evasion items are banned
|rule|Evasion Moves Clause: Evasion moves are banned
|rule|Evasion Abilities Clause: Evasion abilities are banned
|rule|Sleep Moves Clause: Sleep-inducing moves are banned
|clearpoke
|poke|p1|Exeggutor, M|
|poke|p1|Torkoal, M|
|poke|p1|Farigiraf, F|
|poke|p1|Primeape, M|
|poke|p1|Furret, F|
|poke|p1|Skuntank, F|
|poke|p2|Ursaluna, F|
|poke|p2|Heatran, M|
|poke|p2|Alomomola, F|
|poke|p2|Slowking-Galar, F|
|poke|p2|Slowbro, M|
|poke|p2|Gyarados, F|
|teampreview
|inactive|Battle timer is ON: inactive players will automatically lose when time's up. (requested by Slippygar)
|
|t:|1778506014
|teamsize|p1|6
|teamsize|p2|6
|start
|switch|p1a: Furret|Furret, F|100/100
|switch|p2a: Slowking|Slowking-Galar, F|100/100
|-item|p2a: Slowking|Leftovers|[from] ability: Frisk|[of] p1a: Furret
|turn|1
|
|t:|1778506037
|move|p1a: Furret|Trick|p2a: Slowking
|-activate|p1a: Furret|move: Trick|[of] p2a: Slowking
|-item|p2a: Slowking|Choice Scarf|[from] move: Trick
|-item|p1a: Furret|Leftovers|[from] move: Trick
|move|p2a: Slowking|Trick Room|p2a: Slowking
|-fieldstart|move: Trick Room|[of] p2a: Slowking
|
|upkeep
|turn|2
|
|t:|1778506045
|switch|p2a: Ursaluna|Ursaluna, F|100/100
|move|p1a: Furret|Super Fang|p2a: Ursaluna
|-damage|p2a: Ursaluna|50/100
|
|-status|p2a: Ursaluna|brn|[from] item: Flame Orb
|upkeep
|turn|3
|
|t:|1778506054
|switch|p1a: Skuntank|Skuntank, F|100/100
|move|p2a: Ursaluna|Drain Punch|p1a: Skuntank
|-damage|p1a: Skuntank|55/100
|-heal|p2a: Ursaluna|68/100 brn|[from] drain|[of] p1a: Skuntank
|-damage|p2a: Ursaluna|51/100 brn|[from] item: Rocky Helmet|[of] p1a: Skuntank
|
|-damage|p2a: Ursaluna|45/100 brn|[from] brn
|upkeep
|turn|4
|
|t:|1778506066
|move|p1a: Skuntank|Endure|p1a: Skuntank
|-singleturn|p1a: Skuntank|move: Endure
|move|p2a: Ursaluna|Facade|p1a: Skuntank
|-activate|p1a: Skuntank|move: Endure
|-damage|p1a: Skuntank|1/100
|-damage|p2a: Ursaluna|28/100 brn|[from] item: Rocky Helmet|[of] p1a: Skuntank
|
|-damage|p2a: Ursaluna|22/100 brn|[from] brn
|upkeep
|turn|5
|
|t:|1778506079
|switch|p2a: Gyarados|Gyarados, F|100/100
|move|p1a: Skuntank|Sucker Punch||[still]
|-fail|p1a: Skuntank
|
|-fieldend|move: Trick Room
|upkeep
|turn|6
|-activate|p2a: Gyarados|item: Quick Claw
|
|t:|1778506090
|switch|p1a: Farigiraf|Farigiraf, F|100/100
|move|p2a: Gyarados|Dragon Dance|p2a: Gyarados
|-boost|p2a: Gyarados|atk|1
|-boost|p2a: Gyarados|spe|1
|
|upkeep
|turn|7
|
|t:|1778506101
|move|p2a: Gyarados|Outrage|p1a: Farigiraf
|-damage|p1a: Farigiraf|35/100
|move|p1a: Farigiraf|Trick Room|p1a: Farigiraf
|-fieldstart|move: Trick Room|[of] p1a: Farigiraf
|
|upkeep
|turn|8
|
|t:|1778506110
|switch|p1a: Primeape|Primeape, M|100/100
|move|p2a: Gyarados|Outrage|p1a: Primeape|[from] lockedmove
|-damage|p1a: Primeape|43/100
|-start|p2a: Gyarados|confusion|[fatigue]
|
|upkeep
|turn|9
|
|t:|1778506119
|move|p1a: Primeape|Rage Fist|p2a: Gyarados
|-damage|p2a: Gyarados|61/100
|-activate|p2a: Gyarados|confusion
|move|p2a: Gyarados|Aqua Tail|p1a: Primeape
|-damage|p1a: Primeape|0 fnt
|faint|p1a: Primeape
|-ability|p2a: Gyarados|Moxie|boost
|-boost|p2a: Gyarados|atk|1
|
|upkeep
|
|t:|1778506132
|switch|p1a: Torkoal|Torkoal, M|100/100
|-weather|SunnyDay|[from] ability: Drought|[of] p1a: Torkoal
|turn|10
|
|t:|1778506137
|move|p1a: Torkoal|Solar Beam||[still]
|-prepare|p1a: Torkoal|Solar Beam
|-anim|p1a: Torkoal|Solar Beam|p2a: Gyarados
|-crit|p2a: Gyarados
|-damage|p2a: Gyarados|0 fnt
|faint|p2a: Gyarados
|
|-weather|SunnyDay|[upkeep]
|upkeep
|
|t:|1778506146
|switch|p2a: Slowbro|Slowbro, M|100/100
|turn|11
|
|t:|1778506149
|move|p1a: Torkoal|Solar Beam||[still]
|-prepare|p1a: Torkoal|Solar Beam
|-anim|p1a: Torkoal|Solar Beam|p2a: Slowbro
|-supereffective|p2a: Slowbro
|-crit|p2a: Slowbro
|-damage|p2a: Slowbro|0 fnt
|faint|p2a: Slowbro
|
|-weather|SunnyDay|[upkeep]
|-fieldend|move: Trick Room
|upkeep
|
|t:|1778506157
|switch|p2a: Heatran|Heatran, M|100/100
|turn|12
|
|t:|1778506164
|switch|p1a: Furret|Furret, F|100/100
|-item|p2a: Heatran|Leftovers|[from] ability: Frisk|[of] p1a: Furret
|move|p2a: Heatran|Earth Power|p1a: Furret
|-damage|p1a: Furret|46/100
|
|-weather|SunnyDay|[upkeep]
|-heal|p1a: Furret|52/100|[from] item: Leftovers
|upkeep
|turn|13
|
|t:|1778506177
|move|p1a: Furret|Super Fang|p2a: Heatran
|-damage|p2a: Heatran|50/100
|move|p2a: Heatran|Magma Storm|p1a: Furret
|-damage|p1a: Furret|0 fnt
|faint|p1a: Furret
|
|-weather|SunnyDay|[upkeep]
|-heal|p2a: Heatran|57/100|[from] item: Leftovers
|upkeep
|
|t:|1778506193
|switch|p1a: Skuntank|Skuntank, F|1/100
|turn|14
|
|t:|1778506200
|move|p1a: Skuntank|Endeavor|p2a: Heatran
|-damage|p2a: Heatran|1/100
|move|p2a: Heatran|Flash Cannon|p1a: Skuntank
|-damage|p1a: Skuntank|0 fnt
|faint|p1a: Skuntank
|
|-weather|none
|-heal|p2a: Heatran|7/100|[from] item: Leftovers
|upkeep
|
|t:|1778506212
|switch|p1a: Exeggutor|Exeggutor, M|100/100
|turn|15
|
|t:|1778506216
|-terastallize|p1a: Exeggutor|Water
|move|p2a: Heatran|Protect|p2a: Heatran
|-singleturn|p2a: Heatran|Protect
|move|p1a: Exeggutor|Trick Room|p1a: Exeggutor
|-fieldstart|move: Trick Room|[of] p1a: Exeggutor
|
|-heal|p2a: Heatran|13/100|[from] item: Leftovers
|upkeep
|turn|16
|
|t:|1778506227
|switch|p1a: Torkoal|Torkoal, M|100/100
|-weather|SunnyDay|[from] ability: Drought|[of] p1a: Torkoal
|switch|p2a: Slowking|Slowking-Galar, F|100/100
|
|-weather|SunnyDay|[upkeep]
|upkeep
|turn|17
|
|t:|1778506250
|-terastallize|p2a: Slowking|Water
|move|p1a: Torkoal|Eruption|p2a: Slowking
|-resisted|p2a: Slowking
|-damage|p2a: Slowking|41/100
|move|p2a: Slowking|Sludge Bomb|p1a: Torkoal
|-damage|p1a: Torkoal|40/100
|
|-weather|SunnyDay|[upkeep]
|upkeep
|turn|18
|
|t:|1778506264
|switch|p1a: Exeggutor|Exeggutor, M, tera:Water|100/100
|switch|p2a: Alomomola|Alomomola, F|100/100
|
|-weather|SunnyDay|[upkeep]
|upkeep
|turn|19
|
|t:|1778506272
|move|p1a: Exeggutor|Growth|p1a: Exeggutor
|-boost|p1a: Exeggutor|atk|2
|-boost|p1a: Exeggutor|spa|2
|move|p2a: Alomomola|Wish|p2a: Alomomola
|
|-weather|SunnyDay|[upkeep]
|-fieldend|move: Trick Room
|upkeep
|turn|20
|
|t:|1778506280
|move|p2a: Alomomola|Flip Turn|p1a: Exeggutor
|-resisted|p1a: Exeggutor
|-damage|p1a: Exeggutor|97/100
|
|t:|1778506284
|switch|p2a: Heatran|Heatran, M|13/100|[from] Flip Turn
|move|p1a: Exeggutor|Giga Drain|p2a: Heatran
|-resisted|p2a: Heatran
|-damage|p2a: Heatran|0 fnt
|-heal|p1a: Exeggutor|100/100|[from] drain|[of] p2a: Heatran
|faint|p2a: Heatran
|
|-weather|none
|upkeep
|
|t:|1778506295
|switch|p2a: Slowking|Slowking-Galar, F, tera:Water|74/100
|turn|21
|
|t:|1778506304
|move|p1a: Exeggutor|Trick Room|p1a: Exeggutor
|-fieldstart|move: Trick Room|[of] p1a: Exeggutor
|move|p2a: Slowking|Trick Room|p2a: Slowking
|-fieldend|move: Trick Room
|
|upkeep
|turn|22
|
|t:|1778506310
|move|p1a: Exeggutor|Growth|p1a: Exeggutor
|-boost|p1a: Exeggutor|atk|1
|-boost|p1a: Exeggutor|spa|1
|move|p2a: Slowking|Trick Room|p2a: Slowking
|-fieldstart|move: Trick Room|[of] p2a: Slowking
|
|upkeep
|turn|23
|
|t:|1778506316
|switch|p2a: Alomomola|Alomomola, F|100/100
|move|p1a: Exeggutor|Giga Drain|p2a: Alomomola
|-supereffective|p2a: Alomomola
|-damage|p2a: Alomomola|0 fnt
|faint|p2a: Alomomola
|
|upkeep
|
|t:|1778506324
|switch|p2a: Ursaluna|Ursaluna, F|22/100 brn
|turn|24
|
|t:|1778506329
|move|p2a: Ursaluna|Drain Punch|p1a: Exeggutor
|-damage|p1a: Exeggutor|54/100
|-heal|p2a: Ursaluna|42/100 brn|[from] drain|[of] p1a: Exeggutor
|move|p1a: Exeggutor|Giga Drain|p2a: Ursaluna
|-supereffective|p2a: Ursaluna
|-damage|p2a: Ursaluna|0 fnt
|-heal|p1a: Exeggutor|78/100|[from] drain|[of] p2a: Ursaluna
|faint|p2a: Ursaluna
|
|upkeep
|-message|Slippygar forfeited.
|
|win|KenjiShiguma
|raw|KenjiShiguma's rating: 1202 &rarr; <strong>1225</strong><br />(+23 for winning)
|raw|Slippygar's rating: 1181 &rarr; <strong>1158</strong><br />(-23 for losing)
|l|☆Slippygar
|player|p2|
|l|☆KenjiShiguma
|player|p1|
