|html|<div class="broadcast-blue"><strong>[Gen 9] OU is currently suspecting Tera Blast! For information on how to participate check out the <a href="https://www.smogon.com/tools/suspects/view/200">suspect thread</a>.</strong></div>
|j|☆Koveted
|j|☆az75
|t:|1776158049
|gametype|singles
|player|p1|Koveted|elesa|1129
|player|p2|az75|265|1133
|gen|9
|tier|[Gen 9] OU
|rated|
|rule|HP Percentage Mod: HP is shown in percentages
|rule|Endless Battle Clause: Forcing endless battles is banned
|rule|Species Clause: Limit one of each Pokémon
|rule|OHKO Clause: OHKO moves are banned
|rule|Evasion Items Clause: Evasion items are banned
|rule|Evasion Moves Clause: Evasion moves are banned
|rule|Evasion Abilities Clause: Evasion abilities are banned
|rule|Sleep Moves Clause: Sleep-inducing moves are banned
|clearpoke
|poke|p1|Latios, M|
|poke|p1|Weezing-Galar, M|
|poke|p1|Ceruledge, M|
|poke|p1|Thundurus, M|
|poke|p1|Samurott-Hisui, F|
|poke|p1|Smeargle, F|
|poke|p2|Glimmora, F|
|poke|p2|Empoleon, M|
|poke|p2|Meowscarada, F|
|poke|p2|Golurk|
|poke|p2|Dragonite, F|
|poke|p2|Entei|
|teampreview
|inactive|Battle timer is ON: inactive players will automatically lose when time's up. (requested by Koveted)
|
|t:|1776158063
|teamsize|p1|6
|teamsize|p2|6
|start
|switch|p1a: Thundurus|Thundurus, M|100/100
|switch|p2a: Glimmora|Glimmora, F|100/100
|turn|1
|
|t:|1776158070
|move|p1a: Thundurus|Taunt|p2a: Glimmora
|-start|p2a: Glimmora|move: Taunt
|cant|p2a: Glimmora|move: Taunt|Stealth Rock
|
|upkeep
|turn|2
|
|t:|1776158077
|move|p1a: Thundurus|Thunder Wave|p2a: Glimmora
|-status|p2a: Glimmora|par
|move|p2a: Glimmora|Power Gem|p1a: Thundurus
|-supereffective|p1a: Thundurus
|-damage|p1a: Thundurus|0 fnt
|faint|p1a: Thundurus
|
|upkeep
|
|t:|1776158089
|switch|p1a: Smeargle|Smeargle, F|100/100
|turn|3
|
|t:|1776158102
|-terastallize|p2a: Glimmora|Poison
|move|p1a: Smeargle|Salt Cure|p2a: Glimmora
|-damage|p2a: Glimmora|92/100 par
|-start|p2a: Glimmora|Salt Cure
|-activate|p2a: Glimmora|ability: Toxic Debris
|-sidestart|p1: Koveted|move: Toxic Spikes
|move|p2a: Glimmora|Sludge Wave|p1a: Smeargle
|-enditem|p1a: Smeargle|Focus Sash
|-damage|p1a: Smeargle|1/100
|
|-damage|p2a: Glimmora|80/100 par|[from] Salt Cure
|-end|p2a: Glimmora|move: Taunt
|upkeep
|turn|4
|
|t:|1776158117
|move|p1a: Smeargle|Destiny Bond|p1a: Smeargle
|-singlemove|p1a: Smeargle|Destiny Bond
|move|p2a: Glimmora|Sludge Wave|p1a: Smeargle
|-crit|p1a: Smeargle
|-damage|p1a: Smeargle|0 fnt
|faint|p1a: Smeargle
|-activate|p1a: Smeargle|move: Destiny Bond
|faint|p2a: Glimmora
|
|upkeep
|
|t:|1776158137
|switch|p1a: Weezing|Weezing-Galar, M|100/100
|switch|p2a: Meowscarada|Meowscarada, F|100/100
|-ability|p1a: Weezing|Neutralizing Gas
|-sideend|p1: Koveted|move: Toxic Spikes|[of] p1a: Weezing
|turn|5
|
|t:|1776158151
|switch|p2a: Entei|Entei|100/100
|move|p1a: Weezing|Will-O-Wisp|p2a: Entei
|-immune|p2a: Entei
|
|upkeep
|turn|6
|
|t:|1776158159
|move|p2a: Entei|Sacred Fire|p1a: Weezing
|-crit|p1a: Weezing
|-damage|p1a: Weezing|53/100
|-status|p1a: Weezing|brn
|move|p1a: Weezing|Sludge Bomb|p2a: Entei
|-damage|p2a: Entei|84/100
|-status|p2a: Entei|psn
|
|-damage|p2a: Entei|72/100 psn|[from] psn
|-damage|p1a: Weezing|47/100 brn|[from] brn
|upkeep
|turn|7
|
|t:|1776158172
|move|p2a: Entei|Extrasensory|p1a: Weezing
|-supereffective|p1a: Weezing
|-damage|p1a: Weezing|7/100 brn
|move|p1a: Weezing|Pain Split|p2a: Entei
|-sethp|p2a: Entei|39/100 psn|[from] move: Pain Split|[silent]
|-sethp|p1a: Weezing|47/100 brn|[from] move: Pain Split
|
|-damage|p2a: Entei|26/100 psn|[from] psn
|-damage|p1a: Weezing|41/100 brn|[from] brn
|upkeep
|turn|8
|
|t:|1776158183
|-end|p1a: Weezing|ability: Neutralizing Gas
|-ability|p2a: Entei|Pressure
|switch|p1a: Samurott|Samurott-Hisui, F|100/100
|move|p2a: Entei|Sacred Fire|p1a: Samurott
|-resisted|p1a: Samurott
|-damage|p1a: Samurott|67/100
|
|-damage|p2a: Entei|14/100 psn|[from] psn
|upkeep
|turn|9
|
|t:|1776158198
|move|p1a: Samurott|Aqua Jet|p2a: Entei
|-supereffective|p2a: Entei
|-damage|p2a: Entei|0 fnt
|faint|p2a: Entei
|
|upkeep
|
|t:|1776158204
|switch|p2a: Meowscarada|Meowscarada, F|100/100
|turn|10
|
|t:|1776158207
|switch|p1a: Weezing|Weezing-Galar, M|41/100 brn
|-ability|p1a: Weezing|Neutralizing Gas
|move|p2a: Meowscarada|Flower Trick|p1a: Weezing
|-resisted|p1a: Weezing
|-crit|p1a: Weezing
|-damage|p1a: Weezing|24/100 brn
|
|-damage|p1a: Weezing|18/100 brn|[from] brn
|upkeep
|turn|11
|
|t:|1776158227
|move|p2a: Meowscarada|Sucker Punch||[still]
|-fail|p2a: Meowscarada
|move|p1a: Weezing|Pain Split|p2a: Meowscarada
|-sethp|p2a: Meowscarada|60/100|[from] move: Pain Split|[silent]
|-sethp|p1a: Weezing|53/100 brn|[from] move: Pain Split
|
|-damage|p1a: Weezing|47/100 brn|[from] brn
|upkeep
|turn|12
|
|t:|1776158241
|switch|p2a: Empoleon|Empoleon, M|100/100
|move|p1a: Weezing|Will-O-Wisp|p2a: Empoleon|[miss]
|-miss|p1a: Weezing|p2a: Empoleon
|
|-damage|p1a: Weezing|41/100 brn|[from] brn
|upkeep
|turn|13
|
|t:|1776158250
|move|p2a: Empoleon|Flash Cannon|p1a: Weezing
|-supereffective|p1a: Weezing
|-damage|p1a: Weezing|0 fnt
|faint|p1a: Weezing
|-end|p1a: Weezing|ability: Neutralizing Gas
|
|upkeep
|
|t:|1776158252
|switch|p1a: Samurott|Samurott-Hisui, F|67/100
|turn|14
|
|t:|1776158258
|move|p1a: Samurott|Sacred Sword|p2a: Empoleon
|-supereffective|p2a: Empoleon
|-damage|p2a: Empoleon|20/100
|move|p2a: Empoleon|Grass Knot|p1a: Samurott
|-supereffective|p1a: Samurott
|-damage|p1a: Samurott|11/100
|
|upkeep
|turn|15
|
|t:|1776158267
|move|p1a: Samurott|Knock Off|p2a: Empoleon
|-damage|p2a: Empoleon|0 fnt
|-enditem|p2a: Empoleon|Wise Glasses|[from] move: Knock Off|[of] p1a: Samurott
|faint|p2a: Empoleon
|
|upkeep
|
|t:|1776158273
|switch|p2a: Meowscarada|Meowscarada, F|60/100
|turn|16
|
|t:|1776158276
|move|p2a: Meowscarada|Sucker Punch|p1a: Samurott
|-resisted|p1a: Samurott
|-damage|p1a: Samurott|0 fnt
|faint|p1a: Samurott
|
|upkeep
|
|t:|1776158279
|switch|p1a: Ceruledge|Ceruledge, M|100/100
|turn|17
|
|t:|1776158284
|move|p2a: Meowscarada|Sucker Punch||[still]
|-fail|p2a: Meowscarada
|move|p1a: Ceruledge|Swords Dance|p1a: Ceruledge
|-boost|p1a: Ceruledge|atk|2
|
|upkeep
|turn|18
|
|t:|1776158292
|move|p2a: Meowscarada|Sucker Punch|p1a: Ceruledge
|-supereffective|p1a: Ceruledge
|-damage|p1a: Ceruledge|6/100
|-ability|p1a: Ceruledge|Weak Armor|boost
|-unboost|p1a: Ceruledge|def|1
|-boost|p1a: Ceruledge|spe|2
|move|p1a: Ceruledge|Bitter Blade|p2a: Meowscarada
|-supereffective|p2a: Meowscarada
|-damage|p2a: Meowscarada|0 fnt
|-heal|p1a: Ceruledge|36/100|[from] drain|[of] p2a: Meowscarada
|faint|p2a: Meowscarada
|
|upkeep
|
|t:|1776158313
|switch|p2a: Dragonite|Dragonite, F, shiny|100/100
|turn|19
|
|t:|1776158322
|move|p1a: Ceruledge|Close Combat|p2a: Dragonite
|-resisted|p2a: Dragonite
|-damage|p2a: Dragonite|81/100
|-unboost|p1a: Ceruledge|def|1
|-unboost|p1a: Ceruledge|spd|1
|move|p2a: Dragonite|Hurricane|p1a: Ceruledge
|-damage|p1a: Ceruledge|0 fnt
|faint|p1a: Ceruledge
|
|upkeep
|
|t:|1776158329
|switch|p1a: Latios|Latios, M, shiny|100/100
|turn|20
|
|t:|1776158334
|-terastallize|p1a: Latios|Electric
|move|p1a: Latios|Calm Mind|p1a: Latios
|-boost|p1a: Latios|spa|1
|-boost|p1a: Latios|spd|1
|move|p2a: Dragonite|Draco Meteor|p1a: Latios
|-damage|p1a: Latios|58/100
|-unboost|p2a: Dragonite|spa|2
|
|-heal|p1a: Latios|64/100|[from] item: Leftovers
|upkeep
|turn|21
|
|t:|1776158350
|move|p2a: Dragonite|Extreme Speed|p1a: Latios
|-damage|p1a: Latios|29/100
|move|p1a: Latios|Ice Beam|p2a: Dragonite
|-supereffective|p2a: Dragonite
|-damage|p2a: Dragonite|0 fnt
|faint|p2a: Dragonite
|
|-heal|p1a: Latios|35/100|[from] item: Leftovers
|upkeep
|
|t:|1776158361
|switch|p2a: Golurk|Golurk, shiny|100/100
|turn|22
|inactive|az75 has 120 seconds left.
|
|t:|1776158392
|move|p1a: Latios|Ice Beam|p2a: Golurk
|-supereffective|p2a: Golurk
|-damage|p2a: Golurk|0 fnt
|faint|p2a: Golurk
|
|win|Koveted
|raw|Koveted's rating: 1129 &rarr; <strong>1154</strong><br />(+25 for winning)
|raw|az75's rating: 1133 &rarr; <strong>1108</strong><br />(-25 for losing)
|l|☆Koveted
|player|p1|
