|html|<div class="broadcast-blue"><strong>[Gen 9] OU is currently suspecting Tera Blast! For information on how to participate check out the <a href="https://www.smogon.com/tools/suspects/view/200">suspect thread</a>.</strong></div>
|j|☆carolinegaming
|j|☆Maeshvara
|t:|1776080927
|gametype|singles
|player|p1|carolinegaming|lady-gen4|1322
|player|p2|Maeshvara|alder|1270
|gen|9
|tier|[Gen 9] OU
|rated|
|rule|HP Percentage Mod: HP is shown in percentages
|rule|Endless Battle Clause: Forcing endless battles is banned
|rule|Species Clause: Limit one of each Pokémon
|rule|OHKO Clause: OHKO moves are banned
|rule|Evasion Items Clause: Evasion items are banned
|rule|Evasion Moves Clause: Evasion moves are banned
|rule|Evasion Abilities Clause: Evasion abilities are banned
|rule|Sleep Moves Clause: Sleep-inducing moves are banned
|clearpoke
|poke|p1|Dragapult, F|
|poke|p1|Alomomola, F|
|poke|p1|Ting-Lu|
|poke|p1|Kyurem|
|poke|p1|Weezing-Galar, F|
|poke|p1|Corviknight, F|
|poke|p2|Great Tusk|
|poke|p2|Walking Wake|
|poke|p2|Kingambit, M|
|poke|p2|Ninetales, F|
|poke|p2|Vileplume, F|
|poke|p2|Clefable, F|
|teampreview
|
|t:|1776080942
|teamsize|p1|6
|teamsize|p2|6
|start
|switch|p1a: Ting-Lu|Ting-Lu|100/100
|switch|p2a: Ninetales|Ninetales, F|100/100
|-weather|SunnyDay|[from] ability: Drought|[of] p2a: Ninetales
|-ability|p1a: Ting-Lu|Vessel of Ruin
|turn|1
|
|t:|1776080968
|switch|p2a: Walking Wake|Walking Wake|100/100
|-activate|p2a: Walking Wake|ability: Protosynthesis
|-start|p2a: Walking Wake|protosynthesisspa
|move|p1a: Ting-Lu|Stealth Rock|p2a: Walking Wake
|-sidestart|p2: Maeshvara|move: Stealth Rock
|
|-weather|SunnyDay|[upkeep]
|upkeep
|turn|2
|
|t:|1776080974
|move|p2a: Walking Wake|Hydro Steam|p1a: Ting-Lu
|-supereffective|p1a: Ting-Lu
|-damage|p1a: Ting-Lu|4/100
|move|p1a: Ting-Lu|Ruination|p2a: Walking Wake
|-damage|p2a: Walking Wake|51/100
|
|-weather|SunnyDay|[upkeep]
|-heal|p1a: Ting-Lu|10/100|[from] item: Leftovers
|upkeep
|turn|3
|
|t:|1776080991
|-end|p2a: Walking Wake|Protosynthesis|[silent]
|switch|p2a: Great Tusk|Great Tusk|100/100
|-damage|p2a: Great Tusk|98/100|[from] Stealth Rock
|-activate|p2a: Great Tusk|ability: Protosynthesis
|-start|p2a: Great Tusk|protosynthesisspe
|move|p1a: Ting-Lu|Earthquake|p2a: Great Tusk
|-damage|p2a: Great Tusk|76/100
|
|-weather|SunnyDay|[upkeep]
|-heal|p1a: Ting-Lu|16/100|[from] item: Leftovers
|upkeep
|turn|4
|
|t:|1776081011
|move|p2a: Great Tusk|Stealth Rock|p1a: Ting-Lu
|-sidestart|p1: carolinegaming|move: Stealth Rock
|move|p1a: Ting-Lu|Rest|p1a: Ting-Lu
|-status|p1a: Ting-Lu|slp|[from] move: Rest
|-heal|p1a: Ting-Lu|100/100 slp|[silent]
|
|-weather|SunnyDay|[upkeep]
|upkeep
|turn|5
|
|t:|1776081024
|switch|p1a: Corviknight|Corviknight, F|100/100
|-damage|p1a: Corviknight|88/100|[from] Stealth Rock
|-ability|p1a: Corviknight|Pressure
|move|p2a: Great Tusk|Rapid Spin|p1a: Corviknight
|-resisted|p1a: Corviknight
|-damage|p1a: Corviknight|82/100
|-boost|p2a: Great Tusk|spe|1
|-sideend|p2: Maeshvara|Stealth Rock|[from] move: Rapid Spin|[of] p2a: Great Tusk
|
|-weather|SunnyDay|[upkeep]
|-heal|p1a: Corviknight|88/100|[from] item: Leftovers
|upkeep
|turn|6
|
|t:|1776081035
|-end|p2a: Great Tusk|Protosynthesis|[silent]
|switch|p2a: Ninetales|Ninetales, F|100/100
|move|p1a: Corviknight|Defog|p2a: Ninetales
|-unboost|p2a: Ninetales|evasion|1
|-sideend|p1: carolinegaming|Stealth Rock|[from] move: Defog|[of] p1a: Corviknight
|
|-weather|SunnyDay|[upkeep]
|-heal|p1a: Corviknight|95/100|[from] item: Leftovers
|upkeep
|turn|7
|
|t:|1776081041
|switch|p1a: Ting-Lu|Ting-Lu|100/100 slp
|-ability|p1a: Ting-Lu|Vessel of Ruin
|move|p2a: Ninetales|Encore||[still]
|-fail|p2a: Ninetales
|
|-weather|SunnyDay|[upkeep]
|upkeep
|turn|8
|
|t:|1776081052
|switch|p2a: Clefable|Clefable, F|100/100
|switch|p1a: Dragapult|Dragapult, F|100/100
|
|-weather|none
|upkeep
|turn|9
|
|t:|1776081061
|move|p1a: Dragapult|U-turn|p2a: Clefable
|-resisted|p2a: Clefable
|-damage|p2a: Clefable|81/100
|
|t:|1776081064
|switch|p1a: Ting-Lu|Ting-Lu|100/100 slp|[from] U-turn
|-ability|p1a: Ting-Lu|Vessel of Ruin
|move|p2a: Clefable|Sunny Day|p2a: Clefable
|-weather|SunnyDay
|
|-weather|SunnyDay|[upkeep]
|-heal|p2a: Clefable|87/100|[from] item: Leftovers
|upkeep
|turn|10
|
|t:|1776081073
|move|p2a: Clefable|Moonblast|p1a: Ting-Lu
|-supereffective|p1a: Ting-Lu
|-damage|p1a: Ting-Lu|76/100 slp
|-unboost|p1a: Ting-Lu|spa|1
|cant|p1a: Ting-Lu|slp
|
|-weather|SunnyDay|[upkeep]
|-heal|p2a: Clefable|93/100|[from] item: Leftovers
|-heal|p1a: Ting-Lu|82/100 slp|[from] item: Leftovers
|upkeep
|turn|11
|
|t:|1776081081
|switch|p2a: Kingambit|Kingambit, M|100/100
|-item|p2a: Kingambit|Air Balloon
|cant|p1a: Ting-Lu|slp
|
|-weather|SunnyDay|[upkeep]
|-heal|p1a: Ting-Lu|88/100 slp|[from] item: Leftovers
|upkeep
|turn|12
|
|t:|1776081088
|switch|p1a: Weezing|Weezing-Galar, F|100/100
|-ability|p1a: Weezing|Neutralizing Gas
|move|p2a: Kingambit|Swords Dance|p2a: Kingambit
|-boost|p2a: Kingambit|atk|2
|
|-weather|SunnyDay|[upkeep]
|upkeep
|turn|13
|
|t:|1776081094
|move|p1a: Weezing|Will-O-Wisp|p2a: Kingambit
|-status|p2a: Kingambit|brn
|move|p2a: Kingambit|Iron Head|p1a: Weezing
|-supereffective|p1a: Weezing
|-damage|p1a: Weezing|27/100
|
|-weather|none
|-heal|p1a: Weezing|33/100|[from] item: Leftovers
|-damage|p2a: Kingambit|94/100 brn|[from] brn
|upkeep
|turn|14
|
|t:|1776081114
|-end|p1a: Weezing|ability: Neutralizing Gas
|switch|p1a: Alomomola|Alomomola, F|100/100
|move|p2a: Kingambit|Iron Head|p1a: Alomomola
|-resisted|p1a: Alomomola
|-damage|p1a: Alomomola|88/100
|-damage|p2a: Kingambit|78/100 brn|[from] item: Rocky Helmet|[of] p1a: Alomomola
|
|-damage|p2a: Kingambit|72/100 brn|[from] brn
|upkeep
|turn|15
|
|t:|1776081124
|-end|p2a: Kingambit|fallenundefined|[silent]
|switch|p2a: Ninetales|Ninetales, F|100/100
|-weather|SunnyDay|[from] ability: Drought|[of] p2a: Ninetales
|move|p1a: Alomomola|Flip Turn|p2a: Ninetales
|-supereffective|p2a: Ninetales
|-damage|p2a: Ninetales|80/100
|
|t:|1776081136
|switch|p1a: Ting-Lu|Ting-Lu|88/100 slp|[from] Flip Turn
|-ability|p1a: Ting-Lu|Vessel of Ruin
|
|-weather|SunnyDay|[upkeep]
|-heal|p1a: Ting-Lu|95/100 slp|[from] item: Leftovers
|upkeep
|turn|16
|
|t:|1776081150
|switch|p2a: Walking Wake|Walking Wake|51/100
|-activate|p2a: Walking Wake|ability: Protosynthesis
|-start|p2a: Walking Wake|protosynthesisspa
|-curestatus|p1a: Ting-Lu|slp|[msg]
|move|p1a: Ting-Lu|Stealth Rock|p2a: Walking Wake
|-sidestart|p2: Maeshvara|move: Stealth Rock
|
|-weather|SunnyDay|[upkeep]
|-heal|p1a: Ting-Lu|100/100|[from] item: Leftovers
|upkeep
|turn|17
|
|t:|1776081154
|move|p2a: Walking Wake|Hydro Steam|p1a: Ting-Lu
|-supereffective|p1a: Ting-Lu
|-damage|p1a: Ting-Lu|1/100
|move|p1a: Ting-Lu|Earthquake|p2a: Walking Wake
|-damage|p2a: Walking Wake|11/100
|
|-weather|SunnyDay|[upkeep]
|-heal|p1a: Ting-Lu|8/100|[from] item: Leftovers
|upkeep
|turn|18
|
|t:|1776081171
|switch|p1a: Weezing|Weezing-Galar, F|33/100
|-ability|p1a: Weezing|Neutralizing Gas
|move|p2a: Walking Wake|Hydro Steam|p1a: Weezing
|-damage|p1a: Weezing|0 fnt
|faint|p1a: Weezing
|-end|p1a: Weezing|ability: Neutralizing Gas
|
|-weather|SunnyDay|[upkeep]
|upkeep
|
|t:|1776081177
|switch|p1a: Dragapult|Dragapult, F|100/100
|turn|19
|
|t:|1776081188
|-end|p2a: Walking Wake|Protosynthesis|[silent]
|switch|p2a: Great Tusk|Great Tusk|76/100
|-damage|p2a: Great Tusk|73/100|[from] Stealth Rock
|-activate|p2a: Great Tusk|ability: Protosynthesis
|-start|p2a: Great Tusk|protosynthesisspe
|move|p1a: Dragapult|U-turn|p2a: Great Tusk
|-resisted|p2a: Great Tusk
|-damage|p2a: Great Tusk|63/100
|-damage|p1a: Dragapult|84/100|[from] item: Rocky Helmet|[of] p2a: Great Tusk
|
|t:|1776081198
|switch|p1a: Alomomola|Alomomola, F|100/100|[from] U-turn
|
|-weather|SunnyDay|[upkeep]
|upkeep
|turn|20
|
|t:|1776081205
|move|p2a: Great Tusk|Rapid Spin|p1a: Alomomola
|-damage|p1a: Alomomola|93/100
|-boost|p2a: Great Tusk|spe|1
|-damage|p2a: Great Tusk|46/100|[from] item: Rocky Helmet|[of] p1a: Alomomola
|-sideend|p2: Maeshvara|Stealth Rock|[from] move: Rapid Spin|[of] p2a: Great Tusk
|move|p1a: Alomomola|Wish|p1a: Alomomola
|
|-weather|SunnyDay|[upkeep]
|upkeep
|turn|21
|
|t:|1776081215
|move|p2a: Great Tusk|Stealth Rock|p1a: Alomomola
|-sidestart|p1: carolinegaming|move: Stealth Rock
|move|p1a: Alomomola|Flip Turn|p2a: Great Tusk
|-supereffective|p2a: Great Tusk
|-damage|p2a: Great Tusk|36/100
|-damage|p1a: Alomomola|76/100|[from] item: Rocky Helmet|[of] p2a: Great Tusk
|
|t:|1776081223
|switch|p1a: Corviknight|Corviknight, F|95/100|[from] Flip Turn
|-damage|p1a: Corviknight|82/100|[from] Stealth Rock
|-ability|p1a: Corviknight|Pressure
|
|-weather|SunnyDay|[upkeep]
|-heal|p1a: Corviknight|100/100|[from] move: Wish|[wisher] Alomomola
|upkeep
|turn|22
|
|t:|1776081234
|move|p2a: Great Tusk|Ice Spinner|p1a: Corviknight
|-damage|p1a: Corviknight|83/100
|move|p1a: Corviknight|Defog|p2a: Great Tusk
|-unboost|p2a: Great Tusk|evasion|1
|-sideend|p1: carolinegaming|Stealth Rock|[from] move: Defog|[of] p1a: Corviknight
|
|-weather|none
|-end|p2a: Great Tusk|Protosynthesis
|-heal|p1a: Corviknight|89/100|[from] item: Leftovers
|upkeep
|turn|23
|
|t:|1776081238
|-end|p2a: Great Tusk|Protosynthesis|[silent]
|switch|p2a: Ninetales|Ninetales, F|80/100
|-weather|SunnyDay|[from] ability: Drought|[of] p2a: Ninetales
|move|p1a: Corviknight|Brave Bird|p2a: Ninetales
|-damage|p2a: Ninetales|36/100
|-damage|p1a: Corviknight|76/100|[from] Recoil
|
|-weather|SunnyDay|[upkeep]
|-heal|p1a: Corviknight|83/100|[from] item: Leftovers
|upkeep
|turn|24
|
|t:|1776081252
|switch|p2a: Vileplume|Vileplume, F|100/100
|switch|p1a: Alomomola|Alomomola, F|100/100
|
|-weather|SunnyDay|[upkeep]
|upkeep
|turn|25
|
|t:|1776081265
|switch|p1a: Kyurem|Kyurem, shiny|100/100
|-ability|p1a: Kyurem|Pressure
|move|p2a: Vileplume|Solar Beam||[still]
|-prepare|p2a: Vileplume|Solar Beam
|-anim|p2a: Vileplume|Solar Beam|p1a: Kyurem
|-resisted|p1a: Kyurem
|-damage|p1a: Kyurem|65/100
|-damage|p2a: Vileplume|91/100|[from] item: Life Orb
|
|-weather|SunnyDay|[upkeep]
|-heal|p1a: Kyurem|71/100|[from] item: Leftovers
|upkeep
|turn|26
|
|t:|1776081280
|move|p2a: Vileplume|Weather Ball|p1a: Kyurem
|-damage|p1a: Kyurem|11/100
|-damage|p2a: Vileplume|81/100|[from] item: Life Orb
|move|p1a: Kyurem|Freeze-Dry|p2a: Vileplume
|-supereffective|p2a: Vileplume
|-damage|p2a: Vileplume|0 fnt
|faint|p2a: Vileplume
|
|-weather|SunnyDay|[upkeep]
|-heal|p1a: Kyurem|17/100|[from] item: Leftovers
|upkeep
|
|t:|1776081292
|switch|p2a: Walking Wake|Walking Wake|11/100
|-activate|p2a: Walking Wake|ability: Protosynthesis
|-start|p2a: Walking Wake|protosynthesisspa
|turn|27
|
|t:|1776081308
|move|p2a: Walking Wake|Weather Ball|p1a: Kyurem
|-damage|p1a: Kyurem|0 fnt
|faint|p1a: Kyurem
|
|-weather|SunnyDay|[upkeep]
|upkeep
|
|t:|1776081312
|switch|p1a: Dragapult|Dragapult, F|84/100
|turn|28
|
|t:|1776081318
|-end|p2a: Walking Wake|Protosynthesis|[silent]
|switch|p2a: Clefable|Clefable, F|93/100
|move|p1a: Dragapult|U-turn|p2a: Clefable
|-resisted|p2a: Clefable
|-damage|p2a: Clefable|74/100
|
|t:|1776081326
|switch|p1a: Corviknight|Corviknight, F|83/100|[from] U-turn
|-ability|p1a: Corviknight|Pressure
|
|-weather|SunnyDay|[upkeep]
|-heal|p2a: Clefable|80/100|[from] item: Leftovers
|-heal|p1a: Corviknight|89/100|[from] item: Leftovers
|upkeep
|turn|29
|
|t:|1776081333
|switch|p2a: Great Tusk|Great Tusk|36/100
|-activate|p2a: Great Tusk|ability: Protosynthesis
|-start|p2a: Great Tusk|protosynthesisspe
|move|p1a: Corviknight|U-turn|p2a: Great Tusk
|-resisted|p2a: Great Tusk
|-damage|p2a: Great Tusk|32/100
|-damage|p1a: Corviknight|72/100|[from] item: Rocky Helmet|[of] p2a: Great Tusk
|
|t:|1776081339
|switch|p1a: Alomomola|Alomomola, F|100/100|[from] U-turn
|
|-weather|SunnyDay|[upkeep]
|upkeep
|turn|30
|
|t:|1776081347
|move|p2a: Great Tusk|Stealth Rock|p1a: Alomomola
|-sidestart|p1: carolinegaming|move: Stealth Rock
|move|p1a: Alomomola|Wish|p1a: Alomomola
|
|-weather|none
|-end|p2a: Great Tusk|Protosynthesis
|upkeep
|turn|31
|
|t:|1776081353
|move|p2a: Great Tusk|Headlong Rush|p1a: Alomomola
|-damage|p1a: Alomomola|71/100
|-unboost|p2a: Great Tusk|def|1
|-unboost|p2a: Great Tusk|spd|1
|-damage|p2a: Great Tusk|15/100|[from] item: Rocky Helmet|[of] p1a: Alomomola
|move|p1a: Alomomola|Flip Turn|p2a: Great Tusk
|-supereffective|p2a: Great Tusk
|-damage|p2a: Great Tusk|0 fnt
|-damage|p1a: Alomomola|55/100|[from] item: Rocky Helmet|[of] p2a: Great Tusk
|faint|p2a: Great Tusk
|-end|p2a: Great Tusk|Protosynthesis|[silent]
|
|t:|1776081368
|switch|p1a: Dragapult|Dragapult, F|84/100|[from] Flip Turn
|-damage|p1a: Dragapult|72/100|[from] Stealth Rock
|
|-heal|p1a: Dragapult|100/100|[from] move: Wish|[wisher] Alomomola
|upkeep
|
|t:|1776081378
|switch|p2a: Kingambit|Kingambit, M|72/100 brn
|-activate|p2a: Kingambit|ability: Supreme Overlord
|-start|p2a: Kingambit|fallen2|[silent]
|-item|p2a: Kingambit|Air Balloon
|turn|32
|
|t:|1776081402
|switch|p1a: Corviknight|Corviknight, F|72/100
|-damage|p1a: Corviknight|60/100|[from] Stealth Rock
|-ability|p1a: Corviknight|Pressure
|move|p2a: Kingambit|Sucker Punch||[still]
|-fail|p2a: Kingambit
|
|-heal|p1a: Corviknight|66/100|[from] item: Leftovers
|-damage|p2a: Kingambit|65/100 brn|[from] brn
|upkeep
|turn|33
|
|t:|1776081409
|-end|p2a: Kingambit|fallen2|[silent]
|switch|p2a: Ninetales|Ninetales, F|36/100
|-weather|SunnyDay|[from] ability: Drought|[of] p2a: Ninetales
|move|p1a: Corviknight|Defog|p2a: Ninetales
|-unboost|p2a: Ninetales|evasion|1
|-sideend|p1: carolinegaming|Stealth Rock|[from] move: Defog|[of] p1a: Corviknight
|
|-weather|SunnyDay|[upkeep]
|-heal|p1a: Corviknight|72/100|[from] item: Leftovers
|upkeep
|turn|34
|
|t:|1776081439
|switch|p1a: Alomomola|Alomomola, F|88/100
|move|p2a: Ninetales|Healing Wish|p2a: Ninetales
|faint|p2a: Ninetales
|
|-weather|SunnyDay|[upkeep]
|upkeep
|
|t:|1776081442
|switch|p2a: Walking Wake|Walking Wake|11/100
|-heal|p2a: Walking Wake|100/100|[from] move: Healing Wish
|-activate|p2a: Walking Wake|ability: Protosynthesis
|-start|p2a: Walking Wake|protosynthesisspa
|turn|35
|inactive|Battle timer is ON: inactive players will automatically lose when time's up. (requested by carolinegaming)
|
|t:|1776081491
|move|p1a: Alomomola|Protect|p1a: Alomomola
|-singleturn|p1a: Alomomola|Protect
|move|p2a: Walking Wake|Draco Meteor|p1a: Alomomola
|-activate|p1a: Alomomola|move: Protect
|
|-weather|SunnyDay|[upkeep]
|upkeep
|turn|36
|
|t:|1776081502
|-end|p2a: Walking Wake|Protosynthesis|[silent]
|switch|p2a: Kingambit|Kingambit, M|65/100 brn
|-activate|p2a: Kingambit|ability: Supreme Overlord
|-start|p2a: Kingambit|fallen3|[silent]
|-item|p2a: Kingambit|Air Balloon
|switch|p1a: Ting-Lu|Ting-Lu|8/100
|-ability|p1a: Ting-Lu|Vessel of Ruin
|
|-weather|SunnyDay|[upkeep]
|-heal|p1a: Ting-Lu|14/100|[from] item: Leftovers
|-damage|p2a: Kingambit|59/100 brn|[from] brn
|upkeep
|turn|37
|
|t:|1776081509
|move|p2a: Kingambit|Swords Dance|p2a: Kingambit
|-boost|p2a: Kingambit|atk|2
|move|p1a: Ting-Lu|Rest|p1a: Ting-Lu
|-status|p1a: Ting-Lu|slp|[from] move: Rest
|-heal|p1a: Ting-Lu|100/100 slp|[silent]
|
|-weather|SunnyDay|[upkeep]
|-damage|p2a: Kingambit|53/100 brn|[from] brn
|upkeep
|turn|38
|
|t:|1776081514
|switch|p1a: Alomomola|Alomomola, F|100/100
|move|p2a: Kingambit|Swords Dance|p2a: Kingambit
|-boost|p2a: Kingambit|atk|2
|
|-weather|SunnyDay|[upkeep]
|-damage|p2a: Kingambit|47/100 brn|[from] brn
|upkeep
|turn|39
|
|t:|1776081523
|move|p2a: Kingambit|Kowtow Cleave|p1a: Alomomola
|-damage|p1a: Alomomola|49/100
|-damage|p2a: Kingambit|30/100 brn|[from] item: Rocky Helmet|[of] p1a: Alomomola
|move|p1a: Alomomola|Wish|p1a: Alomomola
|
|-weather|SunnyDay|[upkeep]
|-damage|p2a: Kingambit|24/100 brn|[from] brn
|upkeep
|turn|40
|
|t:|1776081538
|move|p1a: Alomomola|Protect|p1a: Alomomola
|-singleturn|p1a: Alomomola|Protect
|move|p2a: Kingambit|Kowtow Cleave|p1a: Alomomola
|-activate|p1a: Alomomola|move: Protect
|
|-weather|none
|-heal|p1a: Alomomola|99/100|[from] move: Wish|[wisher] Alomomola
|-damage|p2a: Kingambit|18/100 brn|[from] brn
|upkeep
|turn|41
|
|t:|1776081547
|move|p2a: Kingambit|Iron Head|p1a: Alomomola
|-resisted|p1a: Alomomola
|-damage|p1a: Alomomola|75/100
|-damage|p2a: Kingambit|1/100 brn|[from] item: Rocky Helmet|[of] p1a: Alomomola
|move|p1a: Alomomola|Wish|p1a: Alomomola
|
|-damage|p2a: Kingambit|0 fnt|[from] brn
|faint|p2a: Kingambit
|-end|p2a: Kingambit|fallen3|[silent]
|upkeep
|
|t:|1776081551
|switch|p2a: Walking Wake|Walking Wake|100/100
|turn|42
|
|t:|1776081567
|move|p1a: Alomomola|Protect|p1a: Alomomola
|-singleturn|p1a: Alomomola|Protect
|move|p2a: Walking Wake|Draco Meteor|p1a: Alomomola
|-activate|p1a: Alomomola|move: Protect
|
|-heal|p1a: Alomomola|100/100|[from] move: Wish|[wisher] Alomomola
|upkeep
|turn|43
|
|t:|1776081574
|-end|p2a: Walking Wake|Protosynthesis|[silent]
|switch|p2a: Clefable|Clefable, F|80/100
|switch|p1a: Ting-Lu|Ting-Lu|100/100 slp
|-ability|p1a: Ting-Lu|Vessel of Ruin
|
|-heal|p2a: Clefable|86/100|[from] item: Leftovers
|upkeep
|turn|44
|
|t:|1776081581
|move|p2a: Clefable|Sunny Day|p2a: Clefable
|-weather|SunnyDay
|cant|p1a: Ting-Lu|slp
|
|-weather|SunnyDay|[upkeep]
|-heal|p2a: Clefable|92/100|[from] item: Leftovers
|upkeep
|turn|45
|
|t:|1776081584
|move|p2a: Clefable|Moonblast|p1a: Ting-Lu
|-supereffective|p1a: Ting-Lu
|-damage|p1a: Ting-Lu|76/100 slp
|cant|p1a: Ting-Lu|slp
|
|-weather|SunnyDay|[upkeep]
|-heal|p2a: Clefable|98/100|[from] item: Leftovers
|-heal|p1a: Ting-Lu|82/100 slp|[from] item: Leftovers
|upkeep
|turn|46
|
|t:|1776081589
|move|p2a: Clefable|Moonblast|p1a: Ting-Lu
|-supereffective|p1a: Ting-Lu
|-damage|p1a: Ting-Lu|57/100 slp
|-curestatus|p1a: Ting-Lu|slp|[msg]
|move|p1a: Ting-Lu|Ruination|p2a: Clefable
|-damage|p2a: Clefable|49/100
|
|-weather|SunnyDay|[upkeep]
|-heal|p2a: Clefable|55/100|[from] item: Leftovers
|-heal|p1a: Ting-Lu|64/100|[from] item: Leftovers
|upkeep
|turn|47
|
|t:|1776081600
|move|p2a: Clefable|Moonblast|p1a: Ting-Lu
|-supereffective|p1a: Ting-Lu
|-damage|p1a: Ting-Lu|37/100
|-unboost|p1a: Ting-Lu|spa|1
|move|p1a: Ting-Lu|Stealth Rock|p2a: Clefable
|-sidestart|p2: Maeshvara|move: Stealth Rock
|
|-weather|SunnyDay|[upkeep]
|-heal|p2a: Clefable|61/100|[from] item: Leftovers
|-heal|p1a: Ting-Lu|44/100|[from] item: Leftovers
|upkeep
|turn|48
|
|t:|1776081604
|move|p2a: Clefable|Moonblast|p1a: Ting-Lu
|-supereffective|p1a: Ting-Lu
|-damage|p1a: Ting-Lu|17/100
|-unboost|p1a: Ting-Lu|spa|1
|move|p1a: Ting-Lu|Earthquake|p2a: Clefable
|-damage|p2a: Clefable|19/100
|
|-weather|none
|-heal|p2a: Clefable|25/100|[from] item: Leftovers
|-heal|p1a: Ting-Lu|23/100|[from] item: Leftovers
|upkeep
|turn|49
|
|t:|1776081615
|switch|p1a: Corviknight|Corviknight, F|72/100
|-ability|p1a: Corviknight|Pressure
|move|p2a: Clefable|Moonblast|p1a: Corviknight
|-resisted|p1a: Corviknight
|-damage|p1a: Corviknight|61/100
|
|-heal|p2a: Clefable|31/100|[from] item: Leftovers
|-heal|p1a: Corviknight|67/100|[from] item: Leftovers
|upkeep
|turn|50
|
|t:|1776081619
|move|p2a: Clefable|Sunny Day|p2a: Clefable
|-weather|SunnyDay
|move|p1a: Corviknight|Brave Bird|p2a: Clefable
|-damage|p2a: Clefable|0 fnt
|faint|p2a: Clefable
|-damage|p1a: Corviknight|57/100|[from] Recoil
|
|-weather|SunnyDay|[upkeep]
|-heal|p1a: Corviknight|64/100|[from] item: Leftovers
|upkeep
|
|t:|1776081622
|switch|p2a: Walking Wake|Walking Wake|100/100
|-damage|p2a: Walking Wake|88/100|[from] Stealth Rock
|-activate|p2a: Walking Wake|ability: Protosynthesis
|-start|p2a: Walking Wake|protosynthesisspa
|turn|51
|
|t:|1776081648
|-terastallize|p2a: Walking Wake|Water
|move|p2a: Walking Wake|Hydro Steam|p1a: Corviknight
|-damage|p1a: Corviknight|0 fnt
|faint|p1a: Corviknight
|
|-weather|SunnyDay|[upkeep]
|upkeep
|inactive|carolinegaming has 120 seconds left.
|inactive|carolinegaming has 90 seconds left.
|
|t:|1776081711
|switch|p1a: Alomomola|Alomomola, F|100/100
|turn|52
|
|t:|1776081715
|move|p1a: Alomomola|Protect|p1a: Alomomola
|-singleturn|p1a: Alomomola|Protect
|move|p2a: Walking Wake|Hydro Steam|p1a: Alomomola
|-activate|p1a: Alomomola|move: Protect
|
|-weather|SunnyDay|[upkeep]
|upkeep
|turn|53
|
|t:|1776081721
|move|p2a: Walking Wake|Hydro Steam|p1a: Alomomola
|-resisted|p1a: Alomomola
|-damage|p1a: Alomomola|5/100
|move|p1a: Alomomola|Flip Turn|p2a: Walking Wake
|-resisted|p2a: Walking Wake
|-damage|p2a: Walking Wake|84/100
|
|t:|1776081729
|switch|p1a: Ting-Lu|Ting-Lu|23/100|[from] Flip Turn
|-ability|p1a: Ting-Lu|Vessel of Ruin
|
|-weather|SunnyDay|[upkeep]
|-heal|p1a: Ting-Lu|29/100|[from] item: Leftovers
|upkeep
|turn|54
|inactive|carolinegaming has 90 seconds left.
|
|t:|1776081737
|move|p2a: Walking Wake|Hydro Steam|p1a: Ting-Lu
|-supereffective|p1a: Ting-Lu
|-damage|p1a: Ting-Lu|0 fnt
|faint|p1a: Ting-Lu
|
|-weather|none
|-end|p2a: Walking Wake|Protosynthesis
|upkeep
|inactive|carolinegaming has 90 seconds left.
|
|t:|1776081750
|switch|p1a: Dragapult|Dragapult, F|100/100
|turn|55
|inactive|carolinegaming has 90 seconds left.
|
|t:|1776081775
|-terastallize|p1a: Dragapult|Ghost
|move|p1a: Dragapult|Tera Blast|p2a: Walking Wake|[anim] Tera Blast Ghost
|-damage|p2a: Walking Wake|1/100
|move|p2a: Walking Wake|Hydro Steam|p1a: Dragapult
|-damage|p1a: Dragapult|0 fnt
|faint|p1a: Dragapult
|
|upkeep
|c|☆Maeshvara|wow
|inactive|carolinegaming has 60 seconds left.
|
|t:|1776081791
|switch|p1a: Alomomola|Alomomola, F|38/100
|turn|56
|
|t:|1776081794
|move|p2a: Walking Wake|Hydro Steam|p1a: Alomomola
|-resisted|p1a: Alomomola
|-damage|p1a: Alomomola|0 fnt
|faint|p1a: Alomomola
|
|win|Maeshvara
|raw|carolinegaming's rating: 1322 &rarr; <strong>1299</strong><br />(-23 for losing)
|raw|Maeshvara's rating: 1270 &rarr; <strong>1299</strong><br />(+29 for winning)
|l|☆carolinegaming
|player|p1|
|c|☆Maeshvara|gg
