|html|<div class="broadcast-blue"><strong>[Gen 9] OU is currently suspecting Tera Blast! For information on how to participate check out the <a href="https://www.smogon.com/tools/suspects/view/200">suspect thread</a>.</strong></div>
|j|☆alt1 lord greed
|j|☆jkreyes1
|t:|1776087952
|gametype|singles
|player|p1|alt1 lord greed|2|1427
|player|p2|jkreyes1|volkner|1413
|gen|9
|tier|[Gen 9] OU
|rated|
|rule|HP Percentage Mod: HP is shown in percentages
|rule|Endless Battle Clause: Forcing endless battles is banned
|rule|Species Clause: Limit one of each Pokémon
|rule|OHKO Clause: OHKO moves are banned
|rule|Evasion Items Clause: Evasion items are banned
|rule|Evasion Moves Clause: Evasion moves are banned
|rule|Evasion Abilities Clause: Evasion abilities are banned
|rule|Sleep Moves Clause: Sleep-inducing moves are banned
|clearpoke
|poke|p1|Glastrier|
|poke|p1|Slowking-Galar, M|
|poke|p1|Heatran, M|
|poke|p1|Tornadus-Therian, M|
|poke|p1|Enamorus, F|
|poke|p1|Great Tusk|
|poke|p2|Gastrodon-East, M|
|poke|p2|Hippowdon, F|
|poke|p2|Landorus-Therian, M|
|poke|p2|Tyranitar, M|
|poke|p2|Zapdos|
|poke|p2|Excadrill, M|
|teampreview
|inactive|Battle timer is ON: inactive players will automatically lose when time's up. (requested by alt1 lord greed)
|
|t:|1776087958
|teamsize|p1|6
|teamsize|p2|6
|start
|switch|p1a: Glastrier|Glastrier|100/100
|switch|p2a: Landorus|Landorus-Therian, M, shiny|100/100
|-ability|p2a: Landorus|Intimidate|boost
|-unboost|p1a: Glastrier|atk|1
|turn|1
|
|t:|1776087962
|move|p2a: Landorus|U-turn|p1a: Glastrier
|-damage|p1a: Glastrier|81/100
|
|t:|1776087964
|switch|p2a: Tyranitar|Tyranitar, M, shiny|100/100|[from] U-turn
|-weather|Sandstorm|[from] ability: Sand Stream|[of] p2a: Tyranitar
|move|p1a: Glastrier|Icicle Crash|p2a: Tyranitar
|-damage|p2a: Tyranitar|72/100
|
|-weather|Sandstorm|[upkeep]
|-damage|p1a: Glastrier|74/100|[from] Sandstorm
|upkeep
|turn|2
|
|t:|1776087969
|move|p2a: Tyranitar|Knock Off|p1a: Glastrier
|-damage|p1a: Glastrier|46/100
|-enditem|p1a: Glastrier|Quick Claw|[from] move: Knock Off|[of] p2a: Tyranitar
|move|p1a: Glastrier|Close Combat|p2a: Tyranitar
|-supereffective|p2a: Tyranitar
|-damage|p2a: Tyranitar|0 fnt
|-unboost|p1a: Glastrier|def|1
|-unboost|p1a: Glastrier|spd|1
|faint|p2a: Tyranitar
|-ability|p1a: Glastrier|Chilling Neigh|boost
|-boost|p1a: Glastrier|atk|1
|
|-weather|Sandstorm|[upkeep]
|-damage|p1a: Glastrier|40/100|[from] Sandstorm
|upkeep
|
|t:|1776087973
|switch|p2a: Excadrill|Excadrill, M, shiny|100/100
|turn|3
|
|t:|1776087981
|switch|p1a: Tornadus|Tornadus-Therian, M|100/100
|move|p2a: Excadrill|Iron Head|p1a: Tornadus
|-damage|p1a: Tornadus|27/100
|-damage|p2a: Excadrill|91/100|[from] item: Life Orb
|
|-weather|Sandstorm|[upkeep]
|-damage|p1a: Tornadus|21/100|[from] Sandstorm
|upkeep
|turn|4
|
|t:|1776087988
|switch|p1a: Great Tusk|Great Tusk|100/100
|move|p2a: Excadrill|Iron Head|p1a: Great Tusk
|-damage|p1a: Great Tusk|57/100
|-damage|p2a: Excadrill|81/100|[from] item: Life Orb
|
|-weather|Sandstorm|[upkeep]
|upkeep
|turn|5
|
|t:|1776087995
|move|p2a: Excadrill|Swords Dance|p2a: Excadrill
|-boost|p2a: Excadrill|atk|2
|move|p1a: Great Tusk|Close Combat|p2a: Excadrill
|-supereffective|p2a: Excadrill
|-damage|p2a: Excadrill|0 fnt
|-unboost|p1a: Great Tusk|def|1
|-unboost|p1a: Great Tusk|spd|1
|faint|p2a: Excadrill
|
|-weather|Sandstorm|[upkeep]
|upkeep
|
|t:|1776088001
|switch|p2a: Landorus|Landorus-Therian, M, shiny|100/100
|-ability|p2a: Landorus|Intimidate|boost
|-unboost|p1a: Great Tusk|atk|1
|turn|6
|
|t:|1776088006
|-end|p1a: Great Tusk|Protosynthesis|[silent]
|switch|p1a: Tornadus|Tornadus-Therian, M|54/100
|move|p2a: Landorus|Stone Edge|p1a: Tornadus
|-supereffective|p1a: Tornadus
|-damage|p1a: Tornadus|0 fnt
|faint|p1a: Tornadus
|
|-weather|Sandstorm|[upkeep]
|upkeep
|
|t:|1776088019
|switch|p1a: Great Tusk|Great Tusk|57/100
|turn|7
|
|t:|1776088022
|switch|p2a: Hippowdon|Hippowdon, F, shiny|100/100
|move|p1a: Great Tusk|Ice Spinner|p2a: Hippowdon
|-supereffective|p2a: Hippowdon
|-damage|p2a: Hippowdon|71/100
|-damage|p1a: Great Tusk|41/100|[from] item: Rocky Helmet|[of] p2a: Hippowdon
|
|-weather|Sandstorm|[upkeep]
|upkeep
|turn|8
|
|t:|1776088028
|-end|p1a: Great Tusk|Protosynthesis|[silent]
|switch|p1a: Glastrier|Glastrier|40/100
|move|p2a: Hippowdon|Stealth Rock|p1a: Glastrier
|-sidestart|p1: alt1 lord greed|move: Stealth Rock
|
|-weather|none
|upkeep
|turn|9
|
|t:|1776088039
|switch|p2a: Gastrodon|Gastrodon-East, M, shiny|100/100
|move|p1a: Glastrier|Icicle Crash|p2a: Gastrodon
|-damage|p2a: Gastrodon|49/100
|
|-heal|p2a: Gastrodon|55/100|[from] item: Leftovers
|upkeep
|turn|10
|
|t:|1776088042
|move|p2a: Gastrodon|Recover|p2a: Gastrodon
|-heal|p2a: Gastrodon|100/100
|move|p1a: Glastrier|Icicle Crash|p2a: Gastrodon|[miss]
|-miss|p1a: Glastrier|p2a: Gastrodon
|
|upkeep
|turn|11
|
|t:|1776088046
|move|p2a: Gastrodon|Spikes|p1a: Glastrier
|-sidestart|p1: alt1 lord greed|Spikes
|move|p1a: Glastrier|Icicle Crash|p2a: Gastrodon
|-damage|p2a: Gastrodon|47/100
|
|-heal|p2a: Gastrodon|53/100|[from] item: Leftovers
|upkeep
|turn|12
|
|t:|1776088049
|move|p2a: Gastrodon|Recover|p2a: Gastrodon
|-heal|p2a: Gastrodon|100/100
|move|p1a: Glastrier|Icicle Crash|p2a: Gastrodon|[miss]
|-miss|p1a: Glastrier|p2a: Gastrodon
|
|upkeep
|turn|13
|
|t:|1776088051
|move|p2a: Gastrodon|Spikes|p1a: Glastrier
|-sidestart|p1: alt1 lord greed|Spikes
|move|p1a: Glastrier|Swords Dance|p1a: Glastrier
|-boost|p1a: Glastrier|atk|2
|
|upkeep
|turn|14
|
|t:|1776088054
|move|p2a: Gastrodon|Earth Power|p1a: Glastrier
|-damage|p1a: Glastrier|17/100
|move|p1a: Glastrier|Icicle Crash|p2a: Gastrodon
|-damage|p2a: Gastrodon|0 fnt
|faint|p2a: Gastrodon
|-ability|p1a: Glastrier|Chilling Neigh|boost
|-boost|p1a: Glastrier|atk|1
|
|upkeep
|
|t:|1776088058
|switch|p2a: Landorus|Landorus-Therian, M, shiny|100/100
|-ability|p2a: Landorus|Intimidate|boost
|-unboost|p1a: Glastrier|atk|1
|turn|15
|
|t:|1776088063
|move|p2a: Landorus|Earthquake|p1a: Glastrier
|-damage|p1a: Glastrier|0 fnt
|faint|p1a: Glastrier
|
|upkeep
|
|t:|1776088067
|switch|p1a: Great Tusk|Great Tusk|41/100
|turn|16
|
|t:|1776088072
|move|p2a: Landorus|Earthquake|p1a: Great Tusk
|-damage|p1a: Great Tusk|0 fnt
|faint|p1a: Great Tusk
|-end|p1a: Great Tusk|Protosynthesis|[silent]
|
|upkeep
|
|t:|1776088075
|switch|p1a: Enamorus|Enamorus, F|100/100
|-damage|p1a: Enamorus|76/100|[from] Stealth Rock
|turn|17
|
|t:|1776088082
|switch|p2a: Hippowdon|Hippowdon, F, shiny|71/100
|-weather|Sandstorm|[from] ability: Sand Stream|[of] p2a: Hippowdon
|move|p1a: Enamorus|Moonblast|p2a: Hippowdon
|-damage|p2a: Hippowdon|8/100
|
|-weather|Sandstorm|[upkeep]
|-damage|p1a: Enamorus|69/100|[from] Sandstorm
|upkeep
|turn|18
|
|t:|1776088085
|move|p1a: Enamorus|Moonblast|p2a: Hippowdon
|-damage|p2a: Hippowdon|0 fnt
|faint|p2a: Hippowdon
|
|-weather|Sandstorm|[upkeep]
|-damage|p1a: Enamorus|63/100|[from] Sandstorm
|upkeep
|
|t:|1776088088
|switch|p2a: Zapdos|Zapdos, shiny|100/100
|turn|19
|
|t:|1776088091
|switch|p1a: Slowking|Slowking-Galar, M|100/100
|move|p2a: Zapdos|Volt Switch|p1a: Slowking
|-damage|p1a: Slowking|77/100
|
|t:|1776088094
|switch|p2a: Landorus|Landorus-Therian, M, shiny|100/100|[from] Volt Switch
|-ability|p2a: Landorus|Intimidate|boost
|-unboost|p1a: Slowking|atk|1
|
|-weather|Sandstorm|[upkeep]
|-damage|p1a: Slowking|71/100|[from] Sandstorm
|upkeep
|turn|20
|
|t:|1776088099
|-terastallize|p1a: Slowking|Water
|move|p2a: Landorus|Earthquake|p1a: Slowking
|-damage|p1a: Slowking|8/100
|-prepare|p1a: Slowking|Chilly Reception|[premajor]
|move|p1a: Slowking|Chilly Reception|p1a: Slowking
|-weather|Snowscape
|
|t:|1776088102
|switch|p1a: Enamorus|Enamorus, F|63/100|[from] Chilly Reception
|-damage|p1a: Enamorus|38/100|[from] Stealth Rock
|
|-weather|Snowscape|[upkeep]
|upkeep
|turn|21
|
|t:|1776088109
|move|p1a: Enamorus|Moonblast|p2a: Landorus
|-damage|p2a: Landorus|30/100
|move|p2a: Landorus|Earthquake|p1a: Enamorus
|-immune|p1a: Enamorus
|
|-weather|Snowscape|[upkeep]
|upkeep
|turn|22
|
|t:|1776088112
|switch|p2a: Zapdos|Zapdos, shiny|100/100
|move|p1a: Enamorus|Moonblast|p2a: Zapdos
|-damage|p2a: Zapdos|44/100
|
|-weather|Snowscape|[upkeep]
|-heal|p2a: Zapdos|50/100|[from] item: Leftovers
|upkeep
|turn|23
|
|t:|1776088115
|move|p1a: Enamorus|Moonblast|p2a: Zapdos
|-damage|p2a: Zapdos|0 fnt
|faint|p2a: Zapdos
|
|-weather|Snowscape|[upkeep]
|upkeep
|c|☆alt1 lord greed|gg
|
|t:|1776088119
|switch|p2a: Landorus|Landorus-Therian, M, shiny|30/100
|-ability|p2a: Landorus|Intimidate|boost
|-boost|p1a: Enamorus|atk|1
|turn|24
|
|t:|1776088122
|move|p1a: Enamorus|Moonblast|p2a: Landorus
|-damage|p2a: Landorus|0 fnt
|faint|p2a: Landorus
|
|win|alt1 lord greed
|raw|alt1 lord greed's rating: 1427 &rarr; <strong>1446</strong><br />(+19 for winning)
|raw|jkreyes1's rating: 1413 &rarr; <strong>1394</strong><br />(-19 for losing)
|l|☆jkreyes1
|player|p2|
|l|☆alt1 lord greed
|player|p1|
