|html|<div class="broadcast-blue"><strong>[Gen 9] OU is currently suspecting Tera Blast! For information on how to participate check out the <a href="https://www.smogon.com/tools/suspects/view/200">suspect thread</a>.</strong></div>
|j|☆thebacchusbraviary
|j|☆Chaincrush
|t:|1776114693
|gametype|singles
|player|p1|thebacchusbraviary|winona|1399
|player|p2|Chaincrush|2|1345
|gen|9
|tier|[Gen 9] OU
|rated|
|rule|HP Percentage Mod: HP is shown in percentages
|rule|Endless Battle Clause: Forcing endless battles is banned
|rule|Species Clause: Limit one of each Pokémon
|rule|OHKO Clause: OHKO moves are banned
|rule|Evasion Items Clause: Evasion items are banned
|rule|Evasion Moves Clause: Evasion moves are banned
|rule|Evasion Abilities Clause: Evasion abilities are banned
|rule|Sleep Moves Clause: Sleep-inducing moves are banned
|clearpoke
|poke|p1|Talonflame, F|
|poke|p1|Latios, M|
|poke|p1|Magnezone|
|poke|p1|Regice|
|poke|p1|Tauros-Paldea-Aqua, M|
|poke|p1|Tyranitar, F|
|poke|p2|Rillaboom, F|
|poke|p2|Hawlucha, F|
|poke|p2|Virizion|
|poke|p2|Slowking-Galar, F|
|poke|p2|Kyurem|
|poke|p2|Hoopa-Unbound|
|teampreview
|inactive|Battle timer is ON: inactive players will automatically lose when time's up. (requested by thebacchusbraviary)
|
|t:|1776114703
|teamsize|p1|6
|teamsize|p2|6
|start
|switch|p1a: Talonflame|Talonflame, F|100/100
|switch|p2a: Rillaboom|Rillaboom, F|100/100
|-fieldstart|move: Grassy Terrain|[from] ability: Grassy Surge|[of] p2a: Rillaboom
|turn|1
|
|t:|1776114712
|switch|p2a: Slowking|Slowking-Galar, F|100/100
|move|p1a: Talonflame|Brave Bird|p2a: Slowking
|-damage|p2a: Slowking|50/100
|-damage|p1a: Talonflame|79/100|[from] Recoil
|
|-heal|p2a: Slowking|56/100|[from] Grassy Terrain
|upkeep
|turn|2
|
|t:|1776114721
|move|p1a: Talonflame|U-turn|p2a: Slowking
|-damage|p2a: Slowking|38/100
|
|t:|1776114722
|switch|p1a: Tyranitar|Tyranitar, F|100/100|[from] U-turn
|-weather|Sandstorm|[from] ability: Sand Stream|[of] p1a: Tyranitar
|-prepare|p2a: Slowking|Chilly Reception|[premajor]
|move|p2a: Slowking|Chilly Reception|p2a: Slowking
|-weather|Snowscape
|
|t:|1776114733
|switch|p2a: Virizion|Virizion|100/100|[from] Chilly Reception
|-enditem|p2a: Virizion|Grassy Seed
|-boost|p2a: Virizion|def|1|[from] item: Grassy Seed
|
|-weather|Snowscape|[upkeep]
|upkeep
|turn|3
|
|t:|1776114743
|switch|p1a: Latios|Latios, M|100/100
|move|p2a: Virizion|Stone Edge|p1a: Latios
|-damage|p1a: Latios|63/100
|
|-weather|Snowscape|[upkeep]
|upkeep
|turn|4
|
|t:|1776114751
|switch|p2a: Hoopa|Hoopa-Unbound|100/100
|-enditem|p2a: Hoopa|Grassy Seed
|-boost|p2a: Hoopa|def|1|[from] item: Grassy Seed
|move|p1a: Latios|Draco Meteor|p2a: Hoopa
|-damage|p2a: Hoopa|41/100
|-unboost|p1a: Latios|spa|2
|
|-weather|Snowscape|[upkeep]
|-heal|p2a: Hoopa|47/100|[from] Grassy Terrain
|upkeep
|turn|5
|
|t:|1776114764
|switch|p1a: Talonflame|Talonflame, F|79/100
|move|p2a: Hoopa|Trick Room|p2a: Hoopa
|-fieldstart|move: Trick Room|[of] p2a: Hoopa
|
|-weather|Snowscape|[upkeep]
|-heal|p2a: Hoopa|53/100|[from] Grassy Terrain
|-fieldend|move: Grassy Terrain
|upkeep
|turn|6
|
|t:|1776114772
|move|p2a: Hoopa|Psychic|p1a: Talonflame
|-damage|p1a: Talonflame|0 fnt
|faint|p1a: Talonflame
|-item|p2a: Hoopa|Heavy-Duty Boots|[from] ability: Magician|[of] p1: Talonflame
|
|-weather|none
|upkeep
|
|t:|1776114776
|switch|p1a: Magnezone|Magnezone|100/100
|turn|7
|
|t:|1776114785
|move|p2a: Hoopa|Drain Punch|p1a: Magnezone
|-supereffective|p1a: Magnezone
|-damage|p1a: Magnezone|39/100
|-heal|p2a: Hoopa|77/100|[from] drain|[of] p1a: Magnezone
|move|p1a: Magnezone|Thunderbolt|p2a: Hoopa
|-crit|p2a: Hoopa
|-damage|p2a: Hoopa|0 fnt
|faint|p2a: Hoopa
|
|upkeep
|
|t:|1776114794
|switch|p2a: Rillaboom|Rillaboom, F|100/100
|-fieldstart|move: Grassy Terrain|[from] ability: Grassy Surge|[of] p2a: Rillaboom
|turn|8
|
|t:|1776114803
|switch|p1a: Latios|Latios, M|63/100
|move|p2a: Rillaboom|Wood Hammer|p1a: Latios
|-resisted|p1a: Latios
|-damage|p1a: Latios|0 fnt
|faint|p1a: Latios
|-damage|p2a: Rillaboom|84/100|[from] Recoil
|
|-heal|p2a: Rillaboom|90/100|[from] Grassy Terrain
|upkeep
|
|t:|1776114812
|switch|p1a: Regice|Regice|100/100
|turn|9
|
|t:|1776114820
|switch|p2a: Slowking|Slowking-Galar, F|72/100
|move|p1a: Regice|Ice Beam|p2a: Slowking
|-damage|p2a: Slowking|48/100
|
|-heal|p2a: Slowking|55/100|[from] Grassy Terrain
|-fieldend|move: Trick Room
|upkeep
|turn|10
|
|t:|1776114827
|switch|p1a: Tyranitar|Tyranitar, F|100/100
|-weather|Sandstorm|[from] ability: Sand Stream|[of] p1a: Tyranitar
|-prepare|p2a: Slowking|Chilly Reception|[premajor]
|move|p2a: Slowking|Chilly Reception|p2a: Slowking
|-weather|Snowscape
|
|t:|1776114833
|switch|p2a: Virizion|Virizion|100/100|[from] Chilly Reception
|
|-weather|Snowscape|[upkeep]
|upkeep
|turn|11
|
|t:|1776114838
|move|p2a: Virizion|Sacred Sword|p1a: Tyranitar
|-supereffective|p1a: Tyranitar
|-damage|p1a: Tyranitar|0 fnt
|faint|p1a: Tyranitar
|
|-weather|Snowscape|[upkeep]
|upkeep
|
|t:|1776114842
|switch|p1a: Regice|Regice|100/100
|turn|12
|
|t:|1776114847
|move|p2a: Virizion|Swords Dance|p2a: Virizion
|-boost|p2a: Virizion|atk|2
|move|p1a: Regice|Ice Beam|p2a: Virizion
|-supereffective|p2a: Virizion
|-damage|p2a: Virizion|42/100
|
|-weather|Snowscape|[upkeep]
|-heal|p2a: Virizion|49/100|[from] Grassy Terrain
|-fieldend|move: Grassy Terrain
|upkeep
|turn|13
|
|t:|1776114855
|-terastallize|p1a: Regice|Ghost
|move|p2a: Virizion|Sacred Sword|p1a: Regice
|-immune|p1a: Regice
|move|p1a: Regice|Ice Beam|p2a: Virizion
|-supereffective|p2a: Virizion
|-damage|p2a: Virizion|0 fnt
|faint|p2a: Virizion
|
|-weather|Snowscape|[upkeep]
|upkeep
|
|t:|1776114865
|switch|p2a: Slowking|Slowking-Galar, F|88/100
|turn|14
|
|t:|1776114868
|switch|p1a: Magnezone|Magnezone|39/100
|move|p2a: Slowking|Toxic|p1a: Magnezone
|-immune|p1a: Magnezone
|
|-weather|none
|upkeep
|turn|15
|
|t:|1776114873
|move|p1a: Magnezone|Thunderbolt|p2a: Slowking
|-damage|p2a: Slowking|43/100
|-prepare|p2a: Slowking|Chilly Reception|[premajor]
|move|p2a: Slowking|Chilly Reception|p2a: Slowking
|-weather|Snowscape
|c|☆Chaincrush|!Data Magnezone
|c|☆Chaincrush|/raw <div class="message"><ul class="utilichart"><li class="result"><span class="col numcol">RU</span> <span class="col iconcol"><psicon pokemon="magnezone"/></span> <span class="col pokemonnamecol" style="white-space:nowrap"><a href="https://dex.pokemonshowdown.com/pokemon/magnezone" target="_blank">Magnezone</a></span> <span class="col typecol"><img src="https://play.pokemonshowdown.com/sprites/types/Electric.png" alt="Electric" height="14" width="32"><img src="https://play.pokemonshowdown.com/sprites/types/Steel.png" alt="Steel" height="14" width="32"></span> <span style="float:left;min-height:26px"><span class="col twoabilitycol">Magnet Pull<br />Sturdy</span><span class="col abilitycol"><em>Analytic</em></span></span><span style="float:left;min-height:26px"><span class="col statcol"><em>HP</em><br />70</span> <span class="col statcol"><em>Atk</em><br />70</span> <span class="col statcol"><em>Def</em><br />115</span> <span class="col statcol"><em>SpA</em><br />130</span> <span class="col statcol"><em>SpD</em><br />90</span> <span class="col statcol"><em>Spe</em><br />60</span> <span class="col bstcol"><em>BST<br />535</em></span> </span></li><li style="clear:both"></li></ul></div>

|
|t:|1776114884
|switch|p2a: Kyurem|Kyurem|100/100|[from] Chilly Reception
|-ability|p2a: Kyurem|Pressure
|
|-weather|Snowscape|[upkeep]
|upkeep
|turn|16
|
|t:|1776114893
|move|p2a: Kyurem|Earth Power|p1a: Magnezone
|-supereffective|p1a: Magnezone
|-damage|p1a: Magnezone|0 fnt
|faint|p1a: Magnezone
|
|-weather|Snowscape|[upkeep]
|upkeep
|
|t:|1776114895
|switch|p1a: Tauros|Tauros-Paldea-Aqua, M|100/100
|-ability|p1a: Tauros|Intimidate|boost
|-unboost|p2a: Kyurem|atk|1
|turn|17
|
|t:|1776114902
|switch|p2a: Rillaboom|Rillaboom, F|90/100
|-fieldstart|move: Grassy Terrain|[from] ability: Grassy Surge|[of] p2a: Rillaboom
|move|p1a: Tauros|Close Combat|p2a: Rillaboom
|-damage|p2a: Rillaboom|3/100
|-unboost|p1a: Tauros|def|1
|-unboost|p1a: Tauros|spd|1
|
|-weather|Snowscape|[upkeep]
|-heal|p2a: Rillaboom|9/100|[from] Grassy Terrain
|upkeep
|turn|18
|
|t:|1776114910
|switch|p1a: Regice|Regice, tera:Ghost|100/100
|move|p2a: Rillaboom|Grassy Glide|p1a: Regice
|-damage|p1a: Regice|43/100
|
|-weather|Snowscape|[upkeep]
|-heal|p2a: Rillaboom|15/100|[from] Grassy Terrain
|-heal|p1a: Regice|49/100|[from] Grassy Terrain
|-heal|p1a: Regice|55/100|[from] item: Leftovers
|upkeep
|turn|19
|
|t:|1776114915
|move|p2a: Rillaboom|Grassy Glide|p1a: Regice
|-damage|p1a: Regice|3/100
|move|p1a: Regice|Ice Beam|p2a: Rillaboom
|-supereffective|p2a: Rillaboom
|-damage|p2a: Rillaboom|0 fnt
|faint|p2a: Rillaboom
|
|-weather|none
|-heal|p1a: Regice|9/100|[from] Grassy Terrain
|-heal|p1a: Regice|15/100|[from] item: Leftovers
|upkeep
|
|t:|1776114925
|switch|p2a: Hawlucha|Hawlucha, F|100/100
|-enditem|p2a: Hawlucha|Grassy Seed
|-boost|p2a: Hawlucha|def|1|[from] item: Grassy Seed
|turn|20
|
|t:|1776114930
|move|p2a: Hawlucha|Acrobatics|p1a: Regice
|-damage|p1a: Regice|0 fnt
|faint|p1a: Regice
|
|upkeep
|
|t:|1776114932
|switch|p1a: Tauros|Tauros-Paldea-Aqua, M|100/100
|-ability|p1a: Tauros|Intimidate|boost
|-unboost|p2a: Hawlucha|atk|1
|turn|21
|
|t:|1776114937
|move|p2a: Hawlucha|Swords Dance|p2a: Hawlucha
|-boost|p2a: Hawlucha|atk|2
|move|p1a: Tauros|Raging Bull|p2a: Hawlucha
|-damage|p2a: Hawlucha|42/100
|
|-fieldend|move: Grassy Terrain
|upkeep
|turn|22
|
|t:|1776114945
|-terastallize|p2a: Hawlucha|Flying
|move|p2a: Hawlucha|Acrobatics|p1a: Tauros
|-supereffective|p1a: Tauros
|-damage|p1a: Tauros|0 fnt
|faint|p1a: Tauros
|
|win|Chaincrush
|raw|thebacchusbraviary's rating: 1399 &rarr; <strong>1376</strong><br />(-23 for losing)
|raw|Chaincrush's rating: 1345 &rarr; <strong>1368</strong><br />(+23 for winning)
|l|☆thebacchusbraviary
|player|p1|
|l|☆Chaincrush
|player|p2|
