|html|<div class="broadcast-blue"><strong>[Gen 9] OU is currently suspecting Tera Blast! For information on how to participate check out the <a href="https://www.smogon.com/tools/suspects/view/200">suspect thread</a>.</strong></div>
|badge|p2|bronze|gen9randombattle|100-9
|uhtml|medal-msg|<div class="broadcast-blue">Curious what those medals under the avatar are? PS now has Ladder Seasons! For more information, check out the <a href="https://www.smogon.com/forums/threads/3740067/">thread on Smogon.</a></div>
|j|☆MrPokemon3345
|j|☆kindnessalwayswins
|t:|1776112405
|gametype|singles
|player|p1|MrPokemon3345|lucas|1478
|player|p2|kindnessalwayswins|iris-gen5bw2|1498
|gen|9
|tier|[Gen 9] OU
|rated|
|rule|HP Percentage Mod: HP is shown in percentages
|rule|Endless Battle Clause: Forcing endless battles is banned
|rule|Species Clause: Limit one of each Pokémon
|rule|OHKO Clause: OHKO moves are banned
|rule|Evasion Items Clause: Evasion items are banned
|rule|Evasion Moves Clause: Evasion moves are banned
|rule|Evasion Abilities Clause: Evasion abilities are banned
|rule|Sleep Moves Clause: Sleep-inducing moves are banned
|clearpoke
|poke|p1|Kingambit, F|
|poke|p1|Cinderace, F|
|poke|p1|Landorus-Therian, M|
|poke|p1|Iron Valiant|
|poke|p1|Kyurem|
|poke|p1|Slowking-Galar, M|
|poke|p2|Hatterene, F|
|poke|p2|Iron Valiant|
|poke|p2|Cinderace, F|
|poke|p2|Alomomola, M|
|poke|p2|Kingambit, M|
|poke|p2|Flygon, F|
|teampreview
|
|t:|1776112430
|teamsize|p1|6
|teamsize|p2|6
|start
|switch|p1a: Landorus|Landorus-Therian, M, shiny|100/100
|switch|p2a: Hatterene|Hatterene, F|100/100
|-ability|p1a: Landorus|Intimidate|boost
|-unboost|p2a: Hatterene|atk|1
|turn|1
|
|t:|1776112442
|move|p1a: Landorus|U-turn|p2a: Hatterene
|-damage|p2a: Hatterene|72/100
|
|t:|1776112444
|switch|p1a: Slowking|Slowking-Galar, M, shiny|100/100|[from] U-turn
|move|p2a: Hatterene|Draining Kiss|p1a: Slowking
|-resisted|p1a: Slowking
|-damage|p1a: Slowking|91/100
|-heal|p2a: Hatterene|81/100|[from] drain|[of] p1a: Slowking
|
|upkeep
|turn|2
|
|t:|1776112450
|switch|p2a: Kingambit|Kingambit, M|100/100
|move|p1a: Slowking|Sludge Bomb|p2a: Kingambit
|-immune|p2a: Kingambit
|
|upkeep
|turn|3
|inactive|Battle timer is ON: inactive players will automatically lose when time's up. (requested by MrPokemon3345)
|
|t:|1776112468
|switch|p1a: Landorus|Landorus-Therian, M, shiny|100/100
|-ability|p1a: Landorus|Intimidate|boost
|-unboost|p2a: Kingambit|atk|1
|move|p2a: Kingambit|Kowtow Cleave|p1a: Landorus
|-damage|p1a: Landorus|64/100
|-damage|p2a: Kingambit|84/100|[from] item: Rocky Helmet|[of] p1a: Landorus
|
|upkeep
|turn|4
|
|t:|1776112474
|-end|p2a: Kingambit|fallenundefined|[silent]
|switch|p2a: Alomomola|Alomomola, M|100/100
|move|p1a: Landorus|U-turn|p2a: Alomomola
|-damage|p2a: Alomomola|88/100
|
|t:|1776112482
|switch|p1a: Kyurem|Kyurem, shiny|100/100|[from] U-turn
|-ability|p1a: Kyurem|Pressure
|
|upkeep
|turn|5
|
|t:|1776112486
|switch|p2a: Hatterene|Hatterene, F|81/100
|move|p1a: Kyurem|Substitute|p1a: Kyurem
|-start|p1a: Kyurem|Substitute
|-damage|p1a: Kyurem|76/100
|
|-heal|p1a: Kyurem|82/100|[from] item: Leftovers
|upkeep
|turn|6
|
|t:|1776112491
|move|p1a: Kyurem|Freeze-Dry|p2a: Hatterene
|-damage|p2a: Hatterene|55/100
|move|p2a: Hatterene|Psychic Noise|p1a: Kyurem
|-damage|p1a: Kyurem|42/100
|-start|p1a: Kyurem|move: Heal Block
|
|upkeep
|turn|7
|
|t:|1776112502
|move|p1a: Kyurem|Freeze-Dry|p2a: Hatterene
|-damage|p2a: Hatterene|33/100
|move|p2a: Hatterene|Draining Kiss|p1a: Kyurem
|-supereffective|p1a: Kyurem
|-end|p1a: Kyurem|Substitute
|-heal|p2a: Hatterene|58/100|[from] drain|[of] p1a: Kyurem
|
|-end|p1a: Kyurem|move: Heal Block
|upkeep
|turn|8
|
|t:|1776112507
|move|p1a: Kyurem|Protect|p1a: Kyurem
|-singleturn|p1a: Kyurem|Protect
|move|p2a: Hatterene|Draining Kiss|p1a: Kyurem
|-activate|p1a: Kyurem|move: Protect
|
|-heal|p1a: Kyurem|49/100|[from] item: Leftovers
|upkeep
|turn|9
|
|t:|1776112510
|switch|p1a: Slowking|Slowking-Galar, M, shiny|100/100
|switch|p2a: Kingambit|Kingambit, M|84/100
|
|upkeep
|turn|10
|
|t:|1776112518
|switch|p1a: Landorus|Landorus-Therian, M, shiny|64/100
|-ability|p1a: Landorus|Intimidate|boost
|-unboost|p2a: Kingambit|atk|1
|move|p2a: Kingambit|Kowtow Cleave|p1a: Landorus
|-damage|p1a: Landorus|26/100
|-damage|p2a: Kingambit|67/100|[from] item: Rocky Helmet|[of] p1a: Landorus
|
|upkeep
|turn|11
|
|t:|1776112537
|move|p2a: Kingambit|Sucker Punch|p1a: Landorus
|-damage|p1a: Landorus|0 fnt
|-damage|p2a: Kingambit|51/100|[from] item: Rocky Helmet|[of] p1a: Landorus
|faint|p1a: Landorus
|
|upkeep
|
|t:|1776112543
|switch|p1a: Cinderace|Cinderace, F, shiny|100/100
|turn|12
|
|t:|1776112548
|-end|p2a: Kingambit|fallenundefined|[silent]
|switch|p2a: Alomomola|Alomomola, M|100/100
|move|p1a: Cinderace|Will-O-Wisp|p2a: Alomomola|[miss]
|-miss|p1a: Cinderace|p2a: Alomomola
|
|upkeep
|turn|13
|
|t:|1776112552
|move|p1a: Cinderace|U-turn|p2a: Alomomola
|-damage|p2a: Alomomola|91/100
|
|t:|1776112555
|switch|p1a: Kyurem|Kyurem, shiny|49/100|[from] U-turn
|-ability|p1a: Kyurem|Pressure
|move|p2a: Alomomola|Flip Turn|p1a: Kyurem
|-resisted|p1a: Kyurem
|-damage|p1a: Kyurem|41/100
|
|t:|1776112574
|switch|p2a: Hatterene|Hatterene, F|58/100|[from] Flip Turn
|
|-heal|p1a: Kyurem|47/100|[from] item: Leftovers
|upkeep
|turn|14
|
|t:|1776112576
|move|p1a: Kyurem|Protect|p1a: Kyurem
|-singleturn|p1a: Kyurem|Protect
|move|p2a: Hatterene|Draining Kiss|p1a: Kyurem
|-activate|p1a: Kyurem|move: Protect
|
|-heal|p1a: Kyurem|53/100|[from] item: Leftovers
|upkeep
|turn|15
|
|t:|1776112580
|switch|p1a: Cinderace|Cinderace, F, shiny|100/100
|switch|p2a: Kingambit|Kingambit, M|51/100
|
|upkeep
|turn|16
|
|t:|1776112590
|-end|p2a: Kingambit|fallenundefined|[silent]
|switch|p2a: Cinderace|Cinderace, F|100/100
|move|p1a: Cinderace|U-turn|p2a: Cinderace
|-resisted|p2a: Cinderace
|-damage|p2a: Cinderace|89/100
|
|t:|1776112598
|switch|p1a: Slowking|Slowking-Galar, M, shiny|100/100|[from] U-turn
|
|upkeep
|turn|17
|
|t:|1776112624
|move|p2a: Cinderace|Taunt|p1a: Slowking
|-start|p1a: Slowking|move: Taunt
|cant|p1a: Slowking|move: Taunt|Thunder Wave
|
|upkeep
|turn|18
|c|☆MrPokemon3345|i gotta say something
|c|☆MrPokemon3345|u are playing so well
|
|t:|1776112648
|switch|p1a: Cinderace|Cinderace, F, shiny|100/100
|move|p2a: Cinderace|Pyro Ball|p1a: Cinderace
|-resisted|p1a: Cinderace
|-damage|p1a: Cinderace|72/100
|
|upkeep
|turn|19
|c|☆kindnessalwayswins|thanks <3. i just got so owned my last 2 games
|
|t:|1776112666
|move|p2a: Cinderace|Pyro Ball|p1a: Cinderace
|-resisted|p1a: Cinderace
|-damage|p1a: Cinderace|43/100
|move|p1a: Cinderace|U-turn|p2a: Cinderace
|-resisted|p2a: Cinderace
|-damage|p2a: Cinderace|77/100
|
|t:|1776112676
|switch|p1a: Kyurem|Kyurem, shiny|53/100|[from] U-turn
|-ability|p1a: Kyurem|Pressure
|
|-heal|p1a: Kyurem|60/100|[from] item: Leftovers
|upkeep
|turn|20
|
|t:|1776112689
|switch|p2a: Hatterene|Hatterene, F|58/100
|move|p1a: Kyurem|Earth Power|p2a: Hatterene
|-damage|p2a: Hatterene|38/100
|
|-heal|p1a: Kyurem|66/100|[from] item: Leftovers
|upkeep
|turn|21
|
|t:|1776112704
|move|p1a: Kyurem|Protect|p1a: Kyurem
|-singleturn|p1a: Kyurem|Protect
|move|p2a: Hatterene|Nuzzle|p1a: Kyurem
|-activate|p1a: Kyurem|move: Protect
|
|-heal|p1a: Kyurem|72/100|[from] item: Leftovers
|upkeep
|turn|22
|
|t:|1776112710
|switch|p1a: Cinderace|Cinderace, F, shiny|43/100
|move|p2a: Hatterene|Draining Kiss|p1a: Cinderace
|-resisted|p1a: Cinderace
|-damage|p1a: Cinderace|26/100
|-heal|p2a: Hatterene|53/100|[from] drain|[of] p1a: Cinderace
|
|upkeep
|turn|23
|
|t:|1776112714
|switch|p2a: Alomomola|Alomomola, M|100/100
|move|p1a: Cinderace|Pyro Ball|p2a: Alomomola|[miss]
|-miss|p1a: Cinderace|p2a: Alomomola
|
|upkeep
|turn|24
|
|t:|1776112719
|move|p1a: Cinderace|U-turn|p2a: Alomomola
|-damage|p2a: Alomomola|91/100
|
|t:|1776112721
|switch|p1a: Slowking|Slowking-Galar, M, shiny|100/100|[from] U-turn
|move|p2a: Alomomola|Flip Turn|p1a: Slowking
|-damage|p1a: Slowking|83/100
|
|t:|1776112727
|switch|p2a: Flygon|Flygon, F|100/100|[from] Flip Turn
|
|upkeep
|turn|25
|
|t:|1776112732
|switch|p1a: Cinderace|Cinderace, F, shiny|26/100
|move|p2a: Flygon|Earthquake|p1a: Cinderace
|-supereffective|p1a: Cinderace
|-damage|p1a: Cinderace|0 fnt
|faint|p1a: Cinderace
|
|upkeep
|
|t:|1776112741
|switch|p1a: Kyurem|Kyurem, shiny|72/100
|-ability|p1a: Kyurem|Pressure
|turn|26
|
|t:|1776112749
|-terastallize|p2a: Flygon|Steel
|move|p1a: Kyurem|Freeze-Dry|p2a: Flygon
|-resisted|p2a: Flygon
|-damage|p2a: Flygon|86/100
|move|p2a: Flygon|Earthquake|p1a: Kyurem
|-damage|p1a: Kyurem|31/100
|
|-heal|p1a: Kyurem|37/100|[from] item: Leftovers
|upkeep
|turn|27
|-message|MrPokemon3345 forfeited.
|
|win|kindnessalwayswins
|raw|MrPokemon3345's rating: 1478 &rarr; <strong>1459</strong><br />(-19 for losing)
|raw|kindnessalwayswins's rating: 1498 &rarr; <strong>1517</strong><br />(+19 for winning)
|l|☆MrPokemon3345
|player|p1|
