|html|<div class="broadcast-blue"><strong>[Gen 9] OU is currently suspecting Tera Blast! For information on how to participate check out the <a href="https://www.smogon.com/tools/suspects/view/200">suspect thread</a>.</strong></div>
|j|☆666kb
|j|☆pavelight
|t:|1776057132
|gametype|singles
|player|p1|666kb|red|1222
|player|p2|pavelight|102|1230
|gen|9
|tier|[Gen 9] OU
|rated|
|rule|HP Percentage Mod: HP is shown in percentages
|rule|Endless Battle Clause: Forcing endless battles is banned
|rule|Species Clause: Limit one of each Pokémon
|rule|OHKO Clause: OHKO moves are banned
|rule|Evasion Items Clause: Evasion items are banned
|rule|Evasion Moves Clause: Evasion moves are banned
|rule|Evasion Abilities Clause: Evasion abilities are banned
|rule|Sleep Moves Clause: Sleep-inducing moves are banned
|clearpoke
|poke|p1|Goodra-Hisui, M|
|poke|p1|Walking Wake|
|poke|p1|Torkoal, F|
|poke|p1|Lilligant-Hisui, F|
|poke|p1|Gliscor, F|
|poke|p1|Kingambit, M|
|poke|p2|Dragonite, M|
|poke|p2|Scream Tail|
|poke|p2|Hippowdon, M|
|poke|p2|Ceruledge, F|
|poke|p2|Glimmora, F|
|poke|p2|Dragapult, F|
|teampreview
|
|t:|1776057139
|teamsize|p1|6
|teamsize|p2|6
|start
|switch|p1a: Gliscor|Gliscor, F|100/100
|switch|p2a: Dragapult|Dragapult, F|100/100
|turn|1
|inactive|Battle timer is ON: inactive players will automatically lose when time's up. (requested by pavelight)
|
|t:|1776057150
|-terastallize|p2a: Dragapult|Dragon
|move|p1a: Gliscor|Protect|p1a: Gliscor
|-singleturn|p1a: Gliscor|Protect
|move|p2a: Dragapult|Draco Meteor|p1a: Gliscor
|-activate|p1a: Gliscor|move: Protect
|
|-status|p1a: Gliscor|tox|[from] item: Toxic Orb
|upkeep
|turn|2
|
|t:|1776057160
|switch|p1a: Goodra|Goodra-Hisui, M|100/100
|move|p2a: Dragapult|Draco Meteor|p1a: Goodra
|-damage|p1a: Goodra|29/100
|-unboost|p2a: Dragapult|spa|2
|
|-heal|p1a: Goodra|35/100|[from] item: Leftovers
|upkeep
|turn|3
|
|t:|1776057177
|switch|p2a: Scream Tail|Scream Tail, shiny|100/100
|-enditem|p2a: Scream Tail|Booster Energy
|-activate|p2a: Scream Tail|ability: Protosynthesis|[fromitem]
|-start|p2a: Scream Tail|protosynthesisdef
|move|p1a: Goodra|Draco Meteor|p2a: Scream Tail
|-immune|p2a: Scream Tail
|
|-heal|p1a: Goodra|41/100|[from] item: Leftovers
|upkeep
|turn|4
|
|t:|1776057189
|move|p2a: Scream Tail|Thunder Wave|p1a: Goodra
|-status|p1a: Goodra|par
|move|p1a: Goodra|Flash Cannon|p2a: Scream Tail
|-supereffective|p2a: Scream Tail
|-damage|p2a: Scream Tail|54/100
|-unboost|p2a: Scream Tail|spd|1
|
|-heal|p1a: Goodra|47/100 par|[from] item: Leftovers
|upkeep
|turn|5
|
|t:|1776057207
|-end|p2a: Scream Tail|Protosynthesis|[silent]
|switch|p2a: Glimmora|Glimmora, F, shiny|100/100
|cant|p1a: Goodra|par
|
|-heal|p1a: Goodra|53/100 par|[from] item: Leftovers
|upkeep
|turn|6
|
|t:|1776057216
|move|p2a: Glimmora|Spikes|p1a: Goodra
|-sidestart|p1: 666kb|Spikes
|cant|p1a: Goodra|par
|
|-heal|p1a: Goodra|59/100 par|[from] item: Leftovers
|upkeep
|turn|7
|
|t:|1776057223
|move|p2a: Glimmora|Spikes|p1a: Goodra
|-sidestart|p1: 666kb|Spikes
|cant|p1a: Goodra|par
|
|-heal|p1a: Goodra|65/100 par|[from] item: Leftovers
|upkeep
|turn|8
|
|t:|1776057230
|move|p2a: Glimmora|Spikes|p1a: Goodra
|-sidestart|p1: 666kb|Spikes
|cant|p1a: Goodra|par
|
|-heal|p1a: Goodra|71/100 par|[from] item: Leftovers
|upkeep
|turn|9
|
|t:|1776057243
|switch|p2a: Ceruledge|Ceruledge, F|100/100
|move|p1a: Goodra|Flash Cannon|p2a: Ceruledge
|-resisted|p2a: Ceruledge
|-damage|p2a: Ceruledge|78/100
|
|-heal|p1a: Goodra|77/100 par|[from] item: Leftovers
|upkeep
|turn|10
|
|t:|1776057255
|switch|p1a: Torkoal|Torkoal, F|100/100
|-damage|p1a: Torkoal|76/100|[from] Spikes
|-weather|SunnyDay|[from] ability: Drought|[of] p1a: Torkoal
|move|p2a: Ceruledge|Bitter Blade|p1a: Torkoal
|-resisted|p1a: Torkoal
|-damage|p1a: Torkoal|52/100
|-heal|p2a: Ceruledge|92/100|[from] drain|[of] p1a: Torkoal
|
|-weather|SunnyDay|[upkeep]
|upkeep
|turn|11
|
|t:|1776057270
|move|p2a: Ceruledge|Swords Dance|p2a: Ceruledge
|-boost|p2a: Ceruledge|atk|2
|move|p1a: Torkoal|Stealth Rock|p2a: Ceruledge
|-sidestart|p2: pavelight|move: Stealth Rock
|
|-weather|SunnyDay|[upkeep]
|upkeep
|turn|12
|
|t:|1776057283
|move|p2a: Ceruledge|Bitter Blade|p1a: Torkoal
|-resisted|p1a: Torkoal
|-damage|p1a: Torkoal|8/100
|-heal|p2a: Ceruledge|100/100|[from] drain|[of] p1a: Torkoal
|move|p1a: Torkoal|Lava Plume|p2a: Ceruledge
|-resisted|p2a: Ceruledge
|-damage|p2a: Ceruledge|76/100
|
|-weather|SunnyDay|[upkeep]
|upkeep
|turn|13
|
|t:|1776057295
|move|p2a: Ceruledge|Bitter Blade|p1a: Torkoal
|-resisted|p1a: Torkoal
|-damage|p1a: Torkoal|0 fnt
|-heal|p2a: Ceruledge|80/100|[from] drain|[of] p1a: Torkoal
|faint|p1a: Torkoal
|
|-weather|SunnyDay|[upkeep]
|upkeep
|
|t:|1776057305
|switch|p1a: Walking Wake|Walking Wake|100/100
|-damage|p1a: Walking Wake|76/100|[from] Spikes
|-activate|p1a: Walking Wake|ability: Protosynthesis
|-start|p1a: Walking Wake|protosynthesisspe
|turn|14
|
|t:|1776057312
|-terastallize|p1a: Walking Wake|Water
|move|p2a: Ceruledge|Shadow Sneak|p1a: Walking Wake
|-damage|p1a: Walking Wake|31/100
|move|p1a: Walking Wake|Hydro Steam|p2a: Ceruledge
|-supereffective|p2a: Ceruledge
|-damage|p2a: Ceruledge|0 fnt
|faint|p2a: Ceruledge
|
|-weather|SunnyDay|[upkeep]
|upkeep
|
|t:|1776057325
|switch|p2a: Dragonite|Dragonite, M|100/100
|-damage|p2a: Dragonite|76/100|[from] Stealth Rock
|turn|15
|
|t:|1776057348
|move|p2a: Dragonite|Extreme Speed|p1a: Walking Wake
|-damage|p1a: Walking Wake|0 fnt
|faint|p1a: Walking Wake
|-end|p1a: Walking Wake|Protosynthesis|[silent]
|
|-weather|SunnyDay|[upkeep]
|upkeep
|-message|666kb forfeited.
|
|win|pavelight
|raw|666kb's rating: 1222 &rarr; <strong>1198</strong><br />(-24 for losing)
|raw|pavelight's rating: 1230 &rarr; <strong>1254</strong><br />(+24 for winning)
|l|☆666kb
|player|p1|
|l|☆pavelight
|player|p2|
