|html|<div class="broadcast-blue"><strong>[Gen 9] OU is currently suspecting Volcarona! For information on how to participate check out the <a href="https://www.smogon.com/tools/suspects/view/208">suspect thread</a>.</strong></div>
|j|☆bonycrow
|j|☆KenjiShiguma
|t:|1778503122
|gametype|singles
|player|p1|bonycrow|n|1186
|player|p2|KenjiShiguma|pokemonbreeder-gen4|1173
|gen|9
|tier|[Gen 9] OU
|rated|
|rule|HP Percentage Mod: HP is shown in percentages
|rule|Endless Battle Clause: Forcing endless battles is banned
|rule|Species Clause: Limit one of each Pokémon
|rule|OHKO Clause: OHKO moves are banned
|rule|Evasion Items Clause: Evasion items are banned
|rule|Evasion Moves Clause: Evasion moves are banned
|rule|Evasion Abilities Clause: Evasion abilities are banned
|rule|Sleep Moves Clause: Sleep-inducing moves are banned
|clearpoke
|poke|p1|Volcarona, F|
|poke|p1|Primarina, F|
|poke|p1|Dragapult, M|
|poke|p1|Iron Treads|
|poke|p1|Gliscor, M|
|poke|p1|Gholdengo|
|poke|p2|Exeggutor, M|
|poke|p2|Torkoal, M|
|poke|p2|Farigiraf, F|
|poke|p2|Primeape, M|
|poke|p2|Furret, F|
|poke|p2|Skuntank, F|
|teampreview
|inactive|Battle timer is ON: inactive players will automatically lose when time's up. (requested by bonycrow)
|inactive|bonycrow has 120 seconds left.
|
|t:|1778503160
|teamsize|p1|6
|teamsize|p2|6
|start
|switch|p1a: Bruce|Gliscor, M|100/100
|switch|p2a: Furret|Furret, F|100/100
|-item|p1a: Bruce|Toxic Orb|[from] ability: Frisk|[of] p2a: Furret
|turn|1
|
|t:|1778503168
|move|p1a: Bruce|Protect|p1a: Bruce
|-singleturn|p1a: Bruce|Protect
|move|p2a: Furret|Trick|p1a: Bruce
|-activate|p1a: Bruce|move: Protect
|
|-status|p1a: Bruce|tox|[from] item: Toxic Orb
|upkeep
|turn|2
|
|t:|1778503178
|move|p2a: Furret|Trick|p1a: Bruce
|-activate|p2a: Furret|move: Trick|[of] p1a: Bruce
|-item|p1a: Bruce|Choice Scarf|[from] move: Trick
|-item|p2a: Furret|Toxic Orb|[from] move: Trick
|move|p1a: Bruce|Spikes|p2a: Furret
|-sidestart|p2: KenjiShiguma|Spikes
|
|-status|p2a: Furret|tox|[from] item: Toxic Orb
|upkeep
|turn|3
|
|t:|1778503187
|move|p2a: Furret|U-turn|p1a: Bruce
|-resisted|p1a: Bruce
|-damage|p1a: Bruce|97/100 tox
|
|t:|1778503190
|switch|p2a: Torkoal|Torkoal, M|100/100|[from] U-turn
|-damage|p2a: Torkoal|88/100|[from] Spikes
|-weather|SunnyDay|[from] ability: Drought|[of] p2a: Torkoal
|move|p1a: Bruce|Spikes|p2a: Torkoal
|-sidestart|p2: KenjiShiguma|Spikes
|
|-weather|SunnyDay|[upkeep]
|-heal|p1a: Bruce|100/100 tox|[from] ability: Poison Heal
|upkeep
|turn|4
|
|t:|1778503213
|switch|p1a: Boo|Dragapult, M|100/100
|move|p2a: Torkoal|Eruption|p1a: Boo
|-resisted|p1a: Boo
|-damage|p1a: Boo|16/100
|
|-weather|SunnyDay|[upkeep]
|upkeep
|turn|5
|
|t:|1778503224
|switch|p2a: Primeape|Primeape, M|100/100
|-damage|p2a: Primeape|84/100|[from] Spikes
|move|p1a: Boo|Dragon Darts|p2a: Primeape
|-damage|p2a: Primeape|48/100
|-anim|p1a: Boo|Dragon Darts|p2a: Primeape
|-damage|p2a: Primeape|13/100
|
|-weather|SunnyDay|[upkeep]
|upkeep
|turn|6
|
|t:|1778503238
|move|p1a: Boo|Dragon Darts|p2a: Primeape
|-damage|p2a: Primeape|0 fnt
|faint|p2a: Primeape
|
|-weather|SunnyDay|[upkeep]
|upkeep
|
|t:|1778503244
|switch|p2a: Skuntank|Skuntank, F|100/100
|-damage|p2a: Skuntank|84/100|[from] Spikes
|turn|7
|
|t:|1778503248
|move|p2a: Skuntank|Sucker Punch|p1a: Boo
|-supereffective|p1a: Boo
|-damage|p1a: Boo|0 fnt
|faint|p1a: Boo
|
|-weather|none
|upkeep
|
|t:|1778503270
|switch|p1a: Bruce|Gliscor, M|100/100 tox
|turn|8
|
|t:|1778503284
|switch|p2a: Furret|Furret, F|100/100 tox
|-damage|p2a: Furret|84/100 tox|[from] Spikes
|-item|p1a: Bruce|Choice Scarf|[from] ability: Frisk|[of] p2a: Furret
|move|p1a: Bruce|Knock Off|p2a: Furret
|-damage|p2a: Furret|55/100 tox
|-enditem|p2a: Furret|Toxic Orb|[from] move: Knock Off|[of] p1a: Bruce
|
|-damage|p2a: Furret|49/100 tox|[from] psn
|upkeep
|turn|9
|
|t:|1778503296
|move|p2a: Furret|Tidy Up|p2a: Furret
|-sideend|p2: KenjiShiguma|Spikes
|-activate|p2a: Furret|move: Tidy Up
|-boost|p2a: Furret|atk|1
|-boost|p2a: Furret|spe|1
|move|p1a: Bruce|Knock Off|p2a: Furret
|-damage|p2a: Furret|31/100 tox
|
|-damage|p2a: Furret|19/100 tox|[from] psn
|upkeep
|turn|10
|-message|bonycrow forfeited.
|
|win|KenjiShiguma
|raw|bonycrow's rating: 1186 &rarr; <strong>1160</strong><br />(-26 for losing)
|raw|KenjiShiguma's rating: 1173 &rarr; <strong>1199</strong><br />(+26 for winning)
|l|☆bonycrow
|player|p1|
|l|☆KenjiShiguma
|player|p2|
