|html|<div class="broadcast-blue"><strong>[Gen 9] OU is currently suspecting Tera Blast! For information on how to participate check out the <a href="https://www.smogon.com/tools/suspects/view/200">suspect thread</a>.</strong></div>
|j|☆DJHYO
|j|☆benz_2302
|t:|1776098143
|gametype|singles
|player|p1|DJHYO|volkner|1426
|player|p2|benz_2302|blue|1494
|gen|9
|tier|[Gen 9] OU
|rated|
|rule|HP Percentage Mod: HP is shown in percentages
|rule|Endless Battle Clause: Forcing endless battles is banned
|rule|Species Clause: Limit one of each Pokémon
|rule|OHKO Clause: OHKO moves are banned
|rule|Evasion Items Clause: Evasion items are banned
|rule|Evasion Moves Clause: Evasion moves are banned
|rule|Evasion Abilities Clause: Evasion abilities are banned
|rule|Sleep Moves Clause: Sleep-inducing moves are banned
|clearpoke
|poke|p1|Porygon-Z|
|poke|p1|Alomomola, F|
|poke|p1|Goodra-Hisui, F|
|poke|p1|Dragapult, M|
|poke|p1|Enamorus-Therian, F|
|poke|p1|Great Tusk|
|poke|p2|Pelipper, F|
|poke|p2|Raging Bolt|
|poke|p2|Overqwil, M|
|poke|p2|Barraskewda, F|
|poke|p2|Iron Treads|
|poke|p2|Kingambit, F|
|teampreview
|inactive|Battle timer is ON: inactive players will automatically lose when time's up. (requested by benz_2302)
|
|t:|1776098157
|teamsize|p1|6
|teamsize|p2|6
|start
|switch|p1a: Dragapult|Dragapult, M|100/100
|switch|p2a: weather report|Pelipper, F|100/100
|-weather|RainDance|[from] ability: Drizzle|[of] p2a: weather report
|turn|1
|
|t:|1776098167
|move|p1a: Dragapult|Dragon Darts|p2a: weather report
|-damage|p2a: weather report|70/100
|-anim|p1a: Dragapult|Dragon Darts|p2a: weather report
|-damage|p2a: weather report|41/100
|move|p2a: weather report|U-turn|p1a: Dragapult
|-resisted|p1a: Dragapult
|-damage|p1a: Dragapult|93/100
|
|t:|1776098173
|switch|p2a: Overqwil|Overqwil, M|100/100|[from] U-turn
|
|-weather|RainDance|[upkeep]
|upkeep
|turn|2
|
|t:|1776098179
|switch|p1a: Alomomola|Alomomola, F|100/100
|move|p2a: Overqwil|Swords Dance|p2a: Overqwil
|-boost|p2a: Overqwil|atk|2
|
|-weather|RainDance|[upkeep]
|upkeep
|turn|3
|
|t:|1776098184
|move|p2a: Overqwil|Swords Dance|p2a: Overqwil
|-boost|p2a: Overqwil|atk|2
|move|p1a: Alomomola|Scald|p2a: Overqwil
|-damage|p2a: Overqwil|70/100
|
|-weather|RainDance|[upkeep]
|upkeep
|turn|4
|
|t:|1776098187
|move|p2a: Overqwil|Gunk Shot|p1a: Alomomola
|-damage|p1a: Alomomola|0 fnt
|faint|p1a: Alomomola
|-damage|p2a: Overqwil|60/100|[from] item: Life Orb
|
|-weather|RainDance|[upkeep]
|upkeep
|
|t:|1776098203
|switch|p1a: Goodra|Goodra-Hisui, F|100/100
|turn|5
|
|t:|1776098225
|move|p2a: Overqwil|Crunch|p1a: Goodra
|-damage|p1a: Goodra|0 fnt
|faint|p1a: Goodra
|-damage|p2a: Overqwil|50/100|[from] item: Life Orb
|
|-weather|RainDance|[upkeep]
|upkeep
|
|t:|1776098231
|switch|p1a: Dragapult|Dragapult, M|93/100
|turn|6
|
|t:|1776098234
|move|p1a: Dragapult|Sucker Punch|p2a: Overqwil
|-resisted|p2a: Overqwil
|-damage|p2a: Overqwil|30/100
|move|p2a: Overqwil|Crunch|p1a: Dragapult
|-supereffective|p1a: Dragapult
|-damage|p1a: Dragapult|0 fnt
|faint|p1a: Dragapult
|-damage|p2a: Overqwil|20/100|[from] item: Life Orb
|
|-weather|RainDance|[upkeep]
|upkeep
|
|t:|1776098242
|switch|p1a: Enamorus|Enamorus-Therian, F|100/100
|turn|7
|
|t:|1776098245
|switch|p1a: Great Tusk|Great Tusk|100/100
|move|p2a: Overqwil|Liquidation|p1a: Great Tusk
|-supereffective|p1a: Great Tusk
|-damage|p1a: Great Tusk|0 fnt
|faint|p1a: Great Tusk
|-end|p1a: Great Tusk|Protosynthesis|[silent]
|-damage|p2a: Overqwil|10/100|[from] item: Life Orb
|
|-weather|RainDance|[upkeep]
|upkeep
|
|t:|1776098251
|switch|p1a: Enamorus|Enamorus-Therian, F|100/100
|turn|8
|
|t:|1776098253
|move|p2a: Overqwil|Liquidation|p1a: Enamorus
|-damage|p1a: Enamorus|0 fnt
|faint|p1a: Enamorus
|-damage|p2a: Overqwil|0 fnt|[from] item: Life Orb
|faint|p2a: Overqwil
|
|-weather|none
|upkeep
|
|t:|1776098258
|switch|p2a: weather report|Pelipper, F|41/100
|switch|p1a: Porygon-Z|Porygon-Z|100/100
|-weather|RainDance|[from] ability: Drizzle|[of] p2a: weather report
|turn|9
|
|t:|1776098261
|move|p1a: Porygon-Z|Agility|p1a: Porygon-Z
|-boost|p1a: Porygon-Z|spe|2
|move|p2a: weather report|Roost|p2a: weather report
|-heal|p2a: weather report|91/100
|-singleturn|p2a: weather report|move: Roost
|
|-weather|RainDance|[upkeep]
|upkeep
|turn|10
|
|t:|1776098273
|move|p1a: Porygon-Z|Thunderbolt|p2a: weather report
|-supereffective|p2a: weather report
|-damage|p2a: weather report|0 fnt
|faint|p2a: weather report
|-damage|p1a: Porygon-Z|91/100|[from] item: Life Orb
|
|-weather|RainDance|[upkeep]
|upkeep
|
|t:|1776098275
|switch|p2a: Barraskewda|Barraskewda, F|100/100
|turn|11
|
|t:|1776098279
|-terastallize|p2a: Barraskewda|Water
|-terastallize|p1a: Porygon-Z|Ground
|move|p2a: Barraskewda|Close Combat|p1a: Porygon-Z
|-damage|p1a: Porygon-Z|0 fnt
|-unboost|p2a: Barraskewda|def|1
|-unboost|p2a: Barraskewda|spd|1
|faint|p1a: Porygon-Z
|
|win|benz_2302
|raw|DJHYO's rating: 1426 &rarr; <strong>1410</strong><br />(-16 for losing)
|raw|benz_2302's rating: 1494 &rarr; <strong>1510</strong><br />(+16 for winning)
|c|☆DJHYO|gg
|l|☆DJHYO
|player|p1|
|l|☆benz_2302
|player|p2|
