|html|<div class="broadcast-blue"><strong>[Gen 9] OU is currently suspecting Tera Blast! For information on how to participate check out the <a href="https://www.smogon.com/tools/suspects/view/200">suspect thread</a>.</strong></div>
|j|☆summerise
|j|☆duhveed
|t:|1776229976
|gametype|singles
|player|p1|summerise|bugcatcher-gen4dp|1342
|player|p2|duhveed|ryuki|1394
|gen|9
|tier|[Gen 9] OU
|rated|
|rule|HP Percentage Mod: HP is shown in percentages
|rule|Endless Battle Clause: Forcing endless battles is banned
|rule|Species Clause: Limit one of each Pokémon
|rule|OHKO Clause: OHKO moves are banned
|rule|Evasion Items Clause: Evasion items are banned
|rule|Evasion Moves Clause: Evasion moves are banned
|rule|Evasion Abilities Clause: Evasion abilities are banned
|rule|Sleep Moves Clause: Sleep-inducing moves are banned
|clearpoke
|poke|p1|Thundurus-Therian, M|
|poke|p1|Chandelure, M|
|poke|p1|Ogerpon-Wellspring, F|
|poke|p1|Zamazenta-*|
|poke|p1|Kingambit, M|
|poke|p1|Deoxys-Speed|
|poke|p2|Pecharunt|
|poke|p2|Grimmsnarl, M|
|poke|p2|Garganacl, M|
|poke|p2|Iron Treads|
|poke|p2|Thundurus-Therian, M|
|poke|p2|Walking Wake|
|teampreview
|inactive|Battle timer is ON: inactive players will automatically lose when time's up. (requested by summerise)
|
|t:|1776229989
|teamsize|p1|6
|teamsize|p2|6
|start
|switch|p1a: Thundurus|Thundurus-Therian, M|100/100
|switch|p2a: Grimmsnarl|Grimmsnarl, M|100/100
|turn|1
|
|t:|1776229994
|move|p2a: Grimmsnarl|Light Screen|p2a: Grimmsnarl
|-sidestart|p2: duhveed|move: Light Screen
|move|p1a: Thundurus|Volt Switch|p2a: Grimmsnarl
|-damage|p2a: Grimmsnarl|83/100
|
|t:|1776230007
|switch|p1a: Ogerpon|Ogerpon-Wellspring, F|100/100|[from] Volt Switch
|
|upkeep
|turn|2
|
|t:|1776230010
|move|p2a: Grimmsnarl|Parting Shot|p1a: Ogerpon
|-unboost|p1a: Ogerpon|atk|1
|-unboost|p1a: Ogerpon|spa|1
|
|t:|1776230011
|switch|p2a: Pecharunt|Pecharunt|100/100|[from] Parting Shot
|move|p1a: Ogerpon|Knock Off|p2a: Pecharunt
|-supereffective|p2a: Pecharunt
|-damage|p2a: Pecharunt|74/100
|-enditem|p2a: Pecharunt|Shuca Berry|[from] move: Knock Off|[of] p1a: Ogerpon
|
|upkeep
|turn|3
|
|t:|1776230019
|move|p1a: Ogerpon|U-turn|p2a: Pecharunt
|-resisted|p2a: Pecharunt
|-damage|p2a: Pecharunt|72/100
|
|t:|1776230023
|switch|p1a: Deoxys|Deoxys-Speed|100/100|[from] U-turn
|-ability|p1a: Deoxys|Pressure
|move|p2a: Pecharunt|Nasty Plot|p2a: Pecharunt
|-boost|p2a: Pecharunt|spa|2
|
|upkeep
|turn|4
|
|t:|1776230028
|move|p1a: Deoxys|Stealth Rock|p2a: Pecharunt
|-sidestart|p2: duhveed|move: Stealth Rock
|move|p2a: Pecharunt|Hex|p1a: Deoxys
|-supereffective|p1a: Deoxys
|-crit|p1a: Deoxys
|-damage|p1a: Deoxys|0 fnt
|faint|p1a: Deoxys
|
|upkeep
|
|t:|1776230037
|switch|p1a: Zamazenta|Zamazenta|100/100
|-ability|p1a: Zamazenta|Dauntless Shield|boost
|-boost|p1a: Zamazenta|def|1
|turn|5
|
|t:|1776230040
|move|p1a: Zamazenta|Crunch|p2a: Pecharunt
|-supereffective|p2a: Pecharunt
|-damage|p2a: Pecharunt|22/100
|move|p2a: Pecharunt|Malignant Chain|p1a: Zamazenta
|-damage|p1a: Zamazenta|30/100
|-status|p1a: Zamazenta|tox
|-start|p1a: Zamazenta|confusion|[from] ability: Poison Puppeteer|[of] p2a: Pecharunt
|
|-damage|p1a: Zamazenta|24/100 tox|[from] psn
|upkeep
|turn|6
|
|t:|1776230047
|-activate|p1a: Zamazenta|confusion
|move|p1a: Zamazenta|Crunch|p2a: Pecharunt
|-supereffective|p2a: Pecharunt
|-damage|p2a: Pecharunt|0 fnt
|faint|p2a: Pecharunt
|
|-damage|p1a: Zamazenta|12/100 tox|[from] psn
|upkeep
|
|t:|1776230051
|switch|p2a: Iron Treads|Iron Treads|100/100
|-damage|p2a: Iron Treads|97/100|[from] Stealth Rock
|turn|7
|
|t:|1776230054
|-activate|p1a: Zamazenta|confusion
|-damage|p1a: Zamazenta|5/100 tox|[from] confusion
|move|p2a: Iron Treads|Rapid Spin|p1a: Zamazenta
|-damage|p1a: Zamazenta|0 fnt
|-boost|p2a: Iron Treads|spe|1
|-sideend|p2: duhveed|Stealth Rock|[from] move: Rapid Spin|[of] p2a: Iron Treads
|faint|p1a: Zamazenta
|
|upkeep
|
|t:|1776230059
|switch|p1a: Chandelure|Chandelure, M|100/100
|-item|p1a: Chandelure|Air Balloon
|turn|8
|
|t:|1776230063
|move|p2a: Iron Treads|Knock Off|p1a: Chandelure
|-supereffective|p1a: Chandelure
|-crit|p1a: Chandelure
|-damage|p1a: Chandelure|9/100
|-enditem|p1a: Chandelure|Air Balloon
|move|p1a: Chandelure|Substitute|p1a: Chandelure
|-fail|p1a: Chandelure|move: Substitute|[weak]
|
|-sideend|p2: duhveed|move: Light Screen
|upkeep
|turn|9
|
|t:|1776230069
|move|p2a: Iron Treads|Knock Off|p1a: Chandelure
|-supereffective|p1a: Chandelure
|-damage|p1a: Chandelure|0 fnt
|faint|p1a: Chandelure
|
|upkeep
|
|t:|1776230072
|switch|p1a: Ogerpon|Ogerpon-Wellspring, F|100/100
|turn|10
|
|t:|1776230081
|-end|p2a: Iron Treads|Quark Drive|[silent]
|switch|p2a: Grimmsnarl|Grimmsnarl, M|83/100
|move|p1a: Ogerpon|Knock Off|p2a: Grimmsnarl
|-resisted|p2a: Grimmsnarl
|-damage|p2a: Grimmsnarl|73/100
|-enditem|p2a: Grimmsnarl|Light Clay|[from] move: Knock Off|[of] p1a: Ogerpon
|
|upkeep
|turn|11
|
|t:|1776230086
|move|p2a: Grimmsnarl|Reflect|p2a: Grimmsnarl
|-sidestart|p2: duhveed|Reflect
|move|p1a: Ogerpon|Ivy Cudgel|p2a: Grimmsnarl|[anim] Ivy Cudgel Water
|-damage|p2a: Grimmsnarl|41/100
|
|upkeep
|turn|12
|
|t:|1776230091
|move|p2a: Grimmsnarl|Parting Shot|p1a: Ogerpon
|-unboost|p1a: Ogerpon|atk|1
|-unboost|p1a: Ogerpon|spa|1
|
|t:|1776230100
|switch|p2a: Thundurus|Thundurus-Therian, M|100/100|[from] Parting Shot
|move|p1a: Ogerpon|U-turn|p2a: Thundurus
|-resisted|p2a: Thundurus
|-crit|p2a: Thundurus
|-damage|p2a: Thundurus|76/100
|
|t:|1776230107
|switch|p1a: Kingambit|Kingambit, M|100/100|[from] U-turn
|-activate|p1a: Kingambit|ability: Supreme Overlord
|-start|p1a: Kingambit|fallen3|[silent]
|
|upkeep
|turn|13
|
|t:|1776230109
|move|p2a: Thundurus|Nasty Plot|p2a: Thundurus
|-boost|p2a: Thundurus|spa|2
|move|p1a: Kingambit|Swords Dance|p1a: Kingambit
|-boost|p1a: Kingambit|atk|2
|
|upkeep
|turn|14
|
|t:|1776230114
|move|p1a: Kingambit|Sucker Punch|p2a: Thundurus
|-damage|p2a: Thundurus|0 fnt
|faint|p2a: Thundurus
|
|upkeep
|
|t:|1776230117
|switch|p2a: Garganacl|Garganacl, M|100/100
|turn|15
|
|t:|1776230123
|-terastallize|p1a: Kingambit|Dark
|move|p1a: Kingambit|Iron Head|p2a: Garganacl
|-supereffective|p2a: Garganacl
|-damage|p2a: Garganacl|42/100
|move|p2a: Garganacl|Body Press|p1a: Kingambit
|-supereffective|p1a: Kingambit
|-crit|p1a: Kingambit
|-damage|p1a: Kingambit|21/100
|
|-heal|p1a: Kingambit|27/100|[from] item: Leftovers
|-heal|p2a: Garganacl|48/100|[from] item: Leftovers
|-sideend|p2: duhveed|Reflect
|upkeep
|turn|16
|
|t:|1776230131
|-terastallize|p2a: Garganacl|Ghost
|move|p1a: Kingambit|Iron Head|p2a: Garganacl
|-damage|p2a: Garganacl|0 fnt
|faint|p2a: Garganacl
|
|-heal|p1a: Kingambit|33/100|[from] item: Leftovers
|upkeep
|
|t:|1776230138
|switch|p2a: Walking Wake|Walking Wake|100/100
|turn|17
|
|t:|1776230141
|move|p1a: Kingambit|Sucker Punch|p2a: Walking Wake
|-damage|p2a: Walking Wake|0 fnt
|faint|p2a: Walking Wake
|-end|p2a: Walking Wake|Protosynthesis|[silent]
|
|-heal|p1a: Kingambit|39/100|[from] item: Leftovers
|upkeep
|
|t:|1776230144
|switch|p2a: Grimmsnarl|Grimmsnarl, M|41/100
|turn|18
|
|t:|1776230146
|move|p2a: Grimmsnarl|Reflect|p2a: Grimmsnarl
|-sidestart|p2: duhveed|Reflect
|move|p1a: Kingambit|Iron Head|p2a: Grimmsnarl
|-supereffective|p2a: Grimmsnarl
|-damage|p2a: Grimmsnarl|0 fnt
|faint|p2a: Grimmsnarl
|
|-heal|p1a: Kingambit|45/100|[from] item: Leftovers
|upkeep
|
|t:|1776230148
|switch|p2a: Iron Treads|Iron Treads|97/100
|turn|19
|
|t:|1776230152
|move|p1a: Kingambit|Sucker Punch|p2a: Iron Treads
|-damage|p2a: Iron Treads|37/100
|move|p2a: Iron Treads|Earthquake|p1a: Kingambit
|-damage|p1a: Kingambit|5/100
|
|-heal|p1a: Kingambit|12/100|[from] item: Leftovers
|upkeep
|turn|20
|-message|duhveed forfeited.
|
|win|summerise
|raw|summerise's rating: 1342 &rarr; <strong>1365</strong><br />(+23 for winning)
|raw|duhveed's rating: 1394 &rarr; <strong>1371</strong><br />(-23 for losing)
|l|☆duhveed
|player|p2|
