|html|<div class="broadcast-blue"><strong>[Gen 9] OU is currently suspecting Tera Blast! For information on how to participate check out the <a href="https://www.smogon.com/tools/suspects/view/200">suspect thread</a>.</strong></div>
|j|☆Underquill
|j|☆TOXICccccccccccccc
|t:|1776091402
|gametype|singles
|player|p1|Underquill|169|1404
|player|p2|TOXICccccccccccccc|preschooler|1345
|gen|9
|tier|[Gen 9] OU
|rated|
|rule|HP Percentage Mod: HP is shown in percentages
|rule|Endless Battle Clause: Forcing endless battles is banned
|rule|Species Clause: Limit one of each Pokémon
|rule|OHKO Clause: OHKO moves are banned
|rule|Evasion Items Clause: Evasion items are banned
|rule|Evasion Moves Clause: Evasion moves are banned
|rule|Evasion Abilities Clause: Evasion abilities are banned
|rule|Sleep Moves Clause: Sleep-inducing moves are banned
|clearpoke
|poke|p1|Lapras, F|
|poke|p1|Dragapult, M|
|poke|p1|Glimmora, M|
|poke|p1|Moltres|
|poke|p1|Scizor, F|
|poke|p1|Great Tusk|
|poke|p2|Ogerpon-Wellspring, F|
|poke|p2|Heatran, M|
|poke|p2|Goodra-Hisui, F|
|poke|p2|Thundurus-Therian, M|
|poke|p2|Orthworm, M|
|poke|p2|Grimmsnarl, M|
|teampreview
|inactive|Battle timer is ON: inactive players will automatically lose when time's up. (requested by TOXICccccccccccccc)
|inactive|Underquill also wants the timer to be on.
|
|t:|1776091414
|teamsize|p1|6
|teamsize|p2|6
|start
|switch|p1a: Glimmora|Glimmora, M|100/100
|switch|p2a: Orthworm|Orthworm, M|100/100
|turn|1
|
|t:|1776091421
|move|p1a: Glimmora|Stealth Rock|p2a: Orthworm
|-sidestart|p2: TOXICccccccccccccc|move: Stealth Rock
|move|p2a: Orthworm|Spikes|p1a: Glimmora
|-sidestart|p1: Underquill|Spikes
|
|upkeep
|turn|2
|
|t:|1776091426
|switch|p1a: Moltres|Moltres|100/100
|move|p2a: Orthworm|Spikes|p1a: Moltres
|-sidestart|p1: Underquill|Spikes
|
|upkeep
|turn|3
|
|t:|1776091432
|switch|p2a: Heatran|Heatran, M|100/100
|-damage|p2a: Heatran|88/100|[from] Stealth Rock
|move|p1a: Moltres|Flamethrower|p2a: Heatran
|-start|p2a: Heatran|ability: Flash Fire
|
|-heal|p2a: Heatran|94/100|[from] item: Leftovers
|upkeep
|turn|4
|
|t:|1776091444
|-end|p2a: Heatran|ability: Flash Fire|[silent]
|switch|p2a: Orthworm|Orthworm, M|100/100
|-damage|p2a: Orthworm|94/100|[from] Stealth Rock
|move|p1a: Moltres|Air Slash|p2a: Orthworm
|-resisted|p2a: Orthworm
|-damage|p2a: Orthworm|75/100
|
|-heal|p2a: Orthworm|81/100|[from] item: Leftovers
|upkeep
|turn|5
|
|t:|1776091452
|switch|p1a: Lapras|Lapras, F|100/100
|-damage|p1a: Lapras|84/100|[from] Spikes
|switch|p2a: Heatran|Heatran, M|94/100
|-damage|p2a: Heatran|82/100|[from] Stealth Rock
|
|-heal|p2a: Heatran|88/100|[from] item: Leftovers
|-heal|p1a: Lapras|90/100|[from] item: Leftovers
|upkeep
|turn|6
|
|t:|1776091457
|switch|p2a: Goodra|Goodra-Hisui, F|100/100
|-damage|p2a: Goodra|94/100|[from] Stealth Rock
|move|p1a: Lapras|Substitute|p1a: Lapras
|-start|p1a: Lapras|Substitute
|-damage|p1a: Lapras|65/100
|
|-heal|p1a: Lapras|72/100|[from] item: Leftovers
|upkeep
|turn|7
|
|t:|1776091461
|move|p2a: Goodra|Dragon Pulse|p1a: Lapras
|-end|p1a: Lapras|Substitute
|move|p1a: Lapras|Ice Beam|p2a: Goodra
|-damage|p2a: Goodra|77/100
|
|-heal|p1a: Lapras|78/100|[from] item: Leftovers
|upkeep
|turn|8
|
|t:|1776091467
|switch|p1a: Great Tusk|Great Tusk|100/100
|-damage|p1a: Great Tusk|84/100|[from] Spikes
|-enditem|p1a: Great Tusk|Booster Energy
|-activate|p1a: Great Tusk|ability: Protosynthesis|[fromitem]
|-start|p1a: Great Tusk|protosynthesisatk
|move|p2a: Goodra|Dragon Pulse|p1a: Great Tusk
|-damage|p1a: Great Tusk|38/100
|
|upkeep
|turn|9
|
|t:|1776091476
|switch|p2a: Orthworm|Orthworm, M|81/100
|-damage|p2a: Orthworm|75/100|[from] Stealth Rock
|move|p1a: Great Tusk|Rapid Spin|p2a: Orthworm
|-resisted|p2a: Orthworm
|-damage|p2a: Orthworm|69/100
|-boost|p1a: Great Tusk|spe|1
|-sideend|p1: Underquill|Spikes|[from] move: Rapid Spin|[of] p1a: Great Tusk
|
|-heal|p2a: Orthworm|75/100|[from] item: Leftovers
|upkeep
|turn|10
|
|t:|1776091482
|-terastallize|p2a: Orthworm|Ghost
|move|p1a: Great Tusk|Close Combat|p2a: Orthworm
|-immune|p2a: Orthworm
|move|p2a: Orthworm|Sand Tomb|p1a: Great Tusk
|-damage|p1a: Great Tusk|32/100
|-activate|p1a: Great Tusk|move: Sand Tomb|[of] p2a: Orthworm
|
|-heal|p2a: Orthworm|81/100|[from] item: Leftovers
|-damage|p1a: Great Tusk|20/100|[from] move: Sand Tomb|[partiallytrapped]
|upkeep
|turn|11
|
|t:|1776091490
|move|p1a: Great Tusk|Ice Spinner|p2a: Orthworm
|-damage|p2a: Orthworm|60/100
|move|p2a: Orthworm|Spikes|p1a: Great Tusk
|-sidestart|p1: Underquill|Spikes
|
|-heal|p2a: Orthworm|66/100|[from] item: Leftovers
|-damage|p1a: Great Tusk|8/100|[from] move: Sand Tomb|[partiallytrapped]
|upkeep
|turn|12
|
|t:|1776091493
|move|p1a: Great Tusk|Ice Spinner|p2a: Orthworm
|-damage|p2a: Orthworm|44/100
|move|p2a: Orthworm|Spikes|p1a: Great Tusk
|-sidestart|p1: Underquill|Spikes
|
|-heal|p2a: Orthworm|50/100|[from] item: Leftovers
|-damage|p1a: Great Tusk|0 fnt|[from] move: Sand Tomb|[partiallytrapped]
|faint|p1a: Great Tusk
|-end|p1a: Great Tusk|Protosynthesis|[silent]
|upkeep
|
|t:|1776091496
|switch|p1a: Dragapult|Dragapult, M|100/100
|-damage|p1a: Dragapult|84/100|[from] Spikes
|turn|13
|
|t:|1776091500
|switch|p2a: Grimmsnarl|Grimmsnarl, M|100/100
|-damage|p2a: Grimmsnarl|88/100|[from] Stealth Rock
|move|p1a: Dragapult|Substitute|p1a: Dragapult
|-start|p1a: Dragapult|Substitute
|-damage|p1a: Dragapult|59/100
|
|-heal|p1a: Dragapult|65/100|[from] item: Leftovers
|upkeep
|turn|14
|
|t:|1776091504
|move|p2a: Grimmsnarl|Reflect|p2a: Grimmsnarl
|-sidestart|p2: TOXICccccccccccccc|Reflect
|move|p1a: Dragapult|Dragon Dance|p1a: Dragapult
|-boost|p1a: Dragapult|atk|1
|-boost|p1a: Dragapult|spe|1
|
|-heal|p1a: Dragapult|71/100|[from] item: Leftovers
|upkeep
|turn|15
|
|t:|1776091507
|move|p2a: Grimmsnarl|Parting Shot|p1a: Dragapult
|-fail|p1a: Dragapult|unboost|[from] ability: Clear Body|[of] p1a: Dragapult
|move|p1a: Dragapult|Dragon Dance|p1a: Dragapult
|-boost|p1a: Dragapult|atk|1
|-boost|p1a: Dragapult|spe|1
|
|-heal|p1a: Dragapult|77/100|[from] item: Leftovers
|upkeep
|turn|16
|
|t:|1776091513
|switch|p2a: Heatran|Heatran, M|88/100
|-damage|p2a: Heatran|76/100|[from] Stealth Rock
|move|p1a: Dragapult|Dragon Dance|p1a: Dragapult
|-boost|p1a: Dragapult|atk|1
|-boost|p1a: Dragapult|spe|1
|
|-heal|p1a: Dragapult|83/100|[from] item: Leftovers
|-heal|p2a: Heatran|82/100|[from] item: Leftovers
|upkeep
|turn|17
|
|t:|1776091519
|-terastallize|p1a: Dragapult|Ghost
|move|p1a: Dragapult|Phantom Force||[still]
|-prepare|p1a: Dragapult|Phantom Force
|move|p2a: Heatran|Earth Power|p1a: Dragapult|[miss]
|-miss|p2a: Heatran|p1a: Dragapult
|
|-heal|p1a: Dragapult|89/100|[from] item: Leftovers
|-heal|p2a: Heatran|88/100|[from] item: Leftovers
|upkeep
|turn|18
|
|t:|1776091524
|move|p1a: Dragapult|Phantom Force|p2a: Heatran|[from] lockedmove
|-damage|p2a: Heatran|23/100
|move|p2a: Heatran|Earth Power|p1a: Dragapult
|-end|p1a: Dragapult|Substitute
|
|-heal|p1a: Dragapult|95/100|[from] item: Leftovers
|-heal|p2a: Heatran|29/100|[from] item: Leftovers
|upkeep
|turn|19
|
|t:|1776091528
|move|p1a: Dragapult|Phantom Force||[still]
|-prepare|p1a: Dragapult|Phantom Force
|move|p2a: Heatran|Magma Storm|p1a: Dragapult|[miss]
|-miss|p2a: Heatran|p1a: Dragapult
|
|-heal|p1a: Dragapult|100/100|[from] item: Leftovers
|-heal|p2a: Heatran|35/100|[from] item: Leftovers
|upkeep
|turn|20
|
|t:|1776091532
|move|p2a: Heatran|Protect|p2a: Heatran
|-singleturn|p2a: Heatran|Protect
|move|p1a: Dragapult|Phantom Force|p2a: Heatran|[from] lockedmove
|-activate|p2a: Heatran|move: Phantom Force|[broken]
|-damage|p2a: Heatran|0 fnt
|faint|p2a: Heatran
|
|upkeep
|
|t:|1776091536
|switch|p2a: Goodra|Goodra-Hisui, F|77/100
|-damage|p2a: Goodra|71/100|[from] Stealth Rock
|turn|21
|
|t:|1776091553
|move|p1a: Dragapult|Phantom Force||[still]
|-prepare|p1a: Dragapult|Phantom Force
|move|p2a: Goodra|Dragon Pulse|p1a: Dragapult|[miss]
|-miss|p2a: Goodra|p1a: Dragapult
|
|-sideend|p2: TOXICccccccccccccc|Reflect
|upkeep
|turn|22
|
|t:|1776091556
|move|p1a: Dragapult|Phantom Force|p2a: Goodra|[from] lockedmove
|-damage|p2a: Goodra|0 fnt
|faint|p2a: Goodra
|
|upkeep
|
|t:|1776091559
|switch|p2a: Grimmsnarl|Grimmsnarl, M|88/100
|-damage|p2a: Grimmsnarl|76/100|[from] Stealth Rock
|turn|23
|-message|TOXICccccccccccccc forfeited.
|
|win|Underquill
|raw|Underquill's rating: 1404 &rarr; <strong>1421</strong><br />(+17 for winning)
|raw|TOXICccccccccccccc's rating: 1345 &rarr; <strong>1328</strong><br />(-17 for losing)
|l|☆TOXICccccccccccccc
|player|p2|
|l|☆Underquill
|player|p1|
