|html|<div class="broadcast-blue"><strong>[Gen 9] OU is currently suspecting Tera Blast! For information on how to participate check out the <a href="https://www.smogon.com/tools/suspects/view/200">suspect thread</a>.</strong></div>
|j|☆4palxi
|j|☆justraffe
|t:|1776348165
|gametype|singles
|player|p1|4palxi|veteran|1544
|player|p2|justraffe|drayton|1498
|gen|9
|tier|[Gen 9] OU
|rated|
|rule|HP Percentage Mod: HP is shown in percentages
|rule|Endless Battle Clause: Forcing endless battles is banned
|rule|Species Clause: Limit one of each Pokémon
|rule|OHKO Clause: OHKO moves are banned
|rule|Evasion Items Clause: Evasion items are banned
|rule|Evasion Moves Clause: Evasion moves are banned
|rule|Evasion Abilities Clause: Evasion abilities are banned
|rule|Sleep Moves Clause: Sleep-inducing moves are banned
|clearpoke
|poke|p1|Dragapult, F|
|poke|p1|Alomomola, F|
|poke|p1|Ting-Lu|
|poke|p1|Kyurem|
|poke|p1|Weezing-Galar, F|
|poke|p1|Corviknight, F|
|poke|p2|Araquanid, F|
|poke|p2|Latios, M|
|poke|p2|Kingambit, M|
|poke|p2|Iron Moth|
|poke|p2|Excadrill, F|
|poke|p2|Clefable, M|
|teampreview
|inactive|Battle timer is ON: inactive players will automatically lose when time's up. (requested by justraffe)
|inactive|justraffe has 120 seconds left.
|inactive|4palxi has 120 seconds left.
|
|t:|1776348224
|teamsize|p1|6
|teamsize|p2|6
|start
|switch|p1a: Tiffany BlueStones|Kyurem, shiny|100/100
|switch|p2a: ILoveYouToTheMoon|Clefable, M|100/100
|-ability|p1a: Tiffany BlueStones|Pressure
|turn|1
|
|t:|1776348249
|switch|p1a: Weezing|Weezing-Galar, F|100/100
|-ability|p1a: Weezing|Neutralizing Gas
|move|p2a: ILoveYouToTheMoon|Moonblast|p1a: Weezing
|-resisted|p1a: Weezing
|-damage|p1a: Weezing|80/100
|-unboost|p1a: Weezing|spa|1
|
|-heal|p1a: Weezing|86/100|[from] item: Leftovers
|upkeep
|turn|2
|
|t:|1776348263
|switch|p2a: GotYoGirlSticky|Araquanid, F, shiny|100/100
|move|p1a: Weezing|Will-O-Wisp|p2a: GotYoGirlSticky
|-status|p2a: GotYoGirlSticky|brn
|
|-heal|p1a: Weezing|92/100|[from] item: Leftovers
|-damage|p2a: GotYoGirlSticky|94/100 brn|[from] brn
|upkeep
|turn|3
|
|t:|1776348274
|-end|p1a: Weezing|ability: Neutralizing Gas
|switch|p1a: Corviknight|Corviknight, F|100/100
|-activate|p2a: GotYoGirlSticky|ability: Water Bubble
|-curestatus|p2a: GotYoGirlSticky|brn|[msg]
|-ability|p1a: Corviknight|Pressure
|move|p2a: GotYoGirlSticky|Sticky Web|p1a: Corviknight
|-sidestart|p1: 4palxi|move: Sticky Web
|
|upkeep
|turn|4
|
|t:|1776348294
|switch|p2a: Iron Moth|Iron Moth|100/100
|-enditem|p2a: Iron Moth|Booster Energy
|-activate|p2a: Iron Moth|ability: Quark Drive|[fromitem]
|-start|p2a: Iron Moth|quarkdrivespa
|move|p1a: Corviknight|Defog|p2a: Iron Moth
|-unboost|p2a: Iron Moth|evasion|1
|-sideend|p1: 4palxi|Sticky Web|[from] move: Defog|[of] p1a: Corviknight
|
|upkeep
|turn|5
|
|t:|1776348303
|switch|p1a: Ting-Lu|Ting-Lu|100/100
|-ability|p1a: Ting-Lu|Vessel of Ruin
|move|p2a: Iron Moth|Fiery Dance|p1a: Ting-Lu
|-damage|p1a: Ting-Lu|76/100
|-boost|p2a: Iron Moth|spa|1
|
|-heal|p1a: Ting-Lu|83/100|[from] item: Leftovers
|upkeep
|turn|6
|inactive|justraffe has 120 seconds left.
|inactive|4palxi has 120 seconds left.
|
|t:|1776348369
|-terastallize|p2a: Iron Moth|Grass
|move|p2a: Iron Moth|Energy Ball|p1a: Ting-Lu
|-supereffective|p1a: Ting-Lu
|-damage|p1a: Ting-Lu|0 fnt
|faint|p1a: Ting-Lu
|
|upkeep
|inactive|4palxi has 90 seconds left.
|
|t:|1776348412
|switch|p1a: Moody Blues|Dragapult, F|100/100
|turn|7
|
|t:|1776348427
|-end|p2a: Iron Moth|Quark Drive|[silent]
|switch|p2a: ILoveYouToTheMoon|Clefable, M|100/100
|-terastallize|p1a: Moody Blues|Ghost
|move|p1a: Moody Blues|Tera Blast|p2a: ILoveYouToTheMoon|[anim] Tera Blast Ghost
|-damage|p2a: ILoveYouToTheMoon|42/100
|
|upkeep
|turn|8
|
|t:|1776348439
|switch|p2a: Ed Bongcloud|Kingambit, M|100/100
|move|p1a: Moody Blues|Tera Blast|p2a: Ed Bongcloud|[anim] Tera Blast Ghost
|-resisted|p2a: Ed Bongcloud
|-crit|p2a: Ed Bongcloud
|-damage|p2a: Ed Bongcloud|54/100
|
|upkeep
|turn|9
|
|t:|1776348464
|switch|p1a: Corviknight|Corviknight, F|100/100
|-ability|p1a: Corviknight|Pressure
|-end|p2a: Ed Bongcloud|fallenundefined|[silent]
|switch|p2a: GotYoGirlSticky|Araquanid, F, shiny|94/100
|
|upkeep
|turn|10
|
|t:|1776348474
|move|p2a: GotYoGirlSticky|Liquidation|p1a: Corviknight
|-damage|p1a: Corviknight|25/100
|move|p1a: Corviknight|Brave Bird|p2a: GotYoGirlSticky
|-supereffective|p2a: GotYoGirlSticky
|-damage|p2a: GotYoGirlSticky|10/100
|-damage|p1a: Corviknight|2/100|[from] Recoil
|
|-heal|p1a: Corviknight|8/100|[from] item: Leftovers
|upkeep
|turn|11
|
|t:|1776348487
|switch|p1a: Fogbound Lake|Alomomola, F|100/100
|move|p2a: GotYoGirlSticky|Liquidation|p1a: Fogbound Lake
|-resisted|p1a: Fogbound Lake
|-damage|p1a: Fogbound Lake|75/100
|-unboost|p1a: Fogbound Lake|def|1
|-damage|p2a: GotYoGirlSticky|0 fnt|[from] item: Rocky Helmet|[of] p1a: Fogbound Lake
|faint|p2a: GotYoGirlSticky
|
|upkeep
|
|t:|1776348491
|switch|p2a: Lockheed Shartin|Latios, M|100/100
|turn|12
|
|t:|1776348502
|move|p1a: Fogbound Lake|Protect|p1a: Fogbound Lake
|-singleturn|p1a: Fogbound Lake|Protect
|move|p2a: Lockheed Shartin|Future Sight|p1a: Fogbound Lake
|-start|p2a: Lockheed Shartin|move: Future Sight
|
|upkeep
|turn|13
|
|t:|1776348508
|move|p2a: Lockheed Shartin|Dragon Pulse|p1a: Fogbound Lake
|-damage|p1a: Fogbound Lake|27/100
|move|p1a: Fogbound Lake|Flip Turn|p2a: Lockheed Shartin
|-resisted|p2a: Lockheed Shartin
|-damage|p2a: Lockheed Shartin|93/100
|
|t:|1776348518
|switch|p1a: Moody Blues|Dragapult, F, tera:Ghost|100/100|[from] Flip Turn
|
|upkeep
|turn|14
|
|t:|1776348529
|switch|p2a: ILoveYouToTheMoon|Clefable, M|42/100
|move|p1a: Moody Blues|U-turn|p2a: ILoveYouToTheMoon
|-resisted|p2a: ILoveYouToTheMoon
|-damage|p2a: ILoveYouToTheMoon|28/100
|
|t:|1776348535
|switch|p1a: Corviknight|Corviknight, F|8/100|[from] U-turn
|-ability|p1a: Corviknight|Pressure
|
|-end|p1a: Corviknight|move: Future Sight
|-resisted|p1a: Corviknight
|-damage|p1a: Corviknight|0 fnt
|faint|p1a: Corviknight
|upkeep
|
|t:|1776348541
|switch|p1a: Moody Blues|Dragapult, F, tera:Ghost|100/100
|turn|15
|
|t:|1776348546
|move|p1a: Moody Blues|Tera Blast|p2a: ILoveYouToTheMoon|[anim] Tera Blast Ghost
|-damage|p2a: ILoveYouToTheMoon|0 fnt
|faint|p2a: ILoveYouToTheMoon
|
|upkeep
|
|t:|1776348557
|switch|p2a: Big Drill Theory|Excadrill, F|100/100
|-ability|p2a: Big Drill Theory|Mold Breaker
|-item|p2a: Big Drill Theory|Air Balloon
|turn|16
|inactive|4palxi has 120 seconds left.
|
|t:|1776348570
|move|p1a: Moody Blues|Tera Blast|p2a: Big Drill Theory|[anim] Tera Blast Ghost
|-crit|p2a: Big Drill Theory
|-damage|p2a: Big Drill Theory|0 fnt
|-enditem|p2a: Big Drill Theory|Air Balloon
|faint|p2a: Big Drill Theory
|
|upkeep
|
|t:|1776348575
|switch|p2a: Ed Bongcloud|Kingambit, M|54/100
|-activate|p2a: Ed Bongcloud|ability: Supreme Overlord
|-start|p2a: Ed Bongcloud|fallen3|[silent]
|turn|17
|
|t:|1776348579
|switch|p1a: Fogbound Lake|Alomomola, F|61/100
|move|p2a: Ed Bongcloud|Swords Dance|p2a: Ed Bongcloud
|-boost|p2a: Ed Bongcloud|atk|2
|
|upkeep
|turn|18
|
|t:|1776348589
|move|p2a: Ed Bongcloud|Kowtow Cleave|p1a: Fogbound Lake
|-crit|p1a: Fogbound Lake
|-damage|p1a: Fogbound Lake|0 fnt
|-damage|p2a: Ed Bongcloud|37/100|[from] item: Rocky Helmet|[of] p1a: Fogbound Lake
|faint|p1a: Fogbound Lake
|
|upkeep
|
|t:|1776348594
|switch|p1a: Tiffany BlueStones|Kyurem, shiny|100/100
|-ability|p1a: Tiffany BlueStones|Pressure
|turn|19
|
|t:|1776348596
|move|p2a: Ed Bongcloud|Sucker Punch||[still]
|-fail|p2a: Ed Bongcloud
|move|p1a: Tiffany BlueStones|Substitute|p1a: Tiffany BlueStones
|-start|p1a: Tiffany BlueStones|Substitute
|-damage|p1a: Tiffany BlueStones|76/100
|
|-heal|p1a: Tiffany BlueStones|82/100|[from] item: Leftovers
|upkeep
|turn|20
|-message|justraffe forfeited.
|
|win|4palxi
|raw|4palxi's rating: 1544 &rarr; <strong>1561</strong><br />(+17 for winning)
|raw|justraffe's rating: 1498 &rarr; <strong>1481</strong><br />(-17 for losing)
|l|☆justraffe
|player|p2|
