|html|<div class="broadcast-blue"><strong>[Gen 9] OU is currently suspecting Tera Blast! For information on how to participate check out the <a href="https://www.smogon.com/tools/suspects/view/200">suspect thread</a>.</strong></div>
|j|☆DaBoffler
|j|☆goodnightnite
|t:|1776082209
|gametype|singles
|player|p1|DaBoffler|hiker-gen4|1675
|player|p2|goodnightnite|cynthia-masters|1682
|gen|9
|tier|[Gen 9] OU
|rated|
|rule|HP Percentage Mod: HP is shown in percentages
|rule|Endless Battle Clause: Forcing endless battles is banned
|rule|Species Clause: Limit one of each Pokémon
|rule|OHKO Clause: OHKO moves are banned
|rule|Evasion Items Clause: Evasion items are banned
|rule|Evasion Moves Clause: Evasion moves are banned
|rule|Evasion Abilities Clause: Evasion abilities are banned
|rule|Sleep Moves Clause: Sleep-inducing moves are banned
|clearpoke
|poke|p1|Landorus-Therian, M|
|poke|p1|Alomomola, F|
|poke|p1|Iron Treads|
|poke|p1|Kingambit, M|
|poke|p1|Enamorus, F|
|poke|p1|Pecharunt|
|poke|p2|Pelipper, F|
|poke|p2|Hatterene, F|
|poke|p2|Iron Treads|
|poke|p2|Toxicroak, F|
|poke|p2|Barraskewda, F|
|poke|p2|Zapdos|
|teampreview
|inactive|Battle timer is ON: inactive players will automatically lose when time's up. (requested by goodnightnite)
|
|t:|1776082227
|teamsize|p1|6
|teamsize|p2|6
|start
|switch|p1a: Landorus|Landorus-Therian, M|100/100
|switch|p2a: Pelipper|Pelipper, F|100/100
|-ability|p1a: Landorus|Intimidate|boost
|-unboost|p2a: Pelipper|atk|1
|-weather|RainDance|[from] ability: Drizzle|[of] p2a: Pelipper
|turn|1
|
|t:|1776082249
|switch|p2a: Hatterene|Hatterene, F|100/100
|move|p1a: Landorus|Stone Edge|p2a: Hatterene
|-damage|p2a: Hatterene|52/100
|-enditem|p2a: Hatterene|Eject Button
|
|t:|1776082253
|switch|p2a: Barraskewda|Barraskewda, F|100/100
|
|-weather|RainDance|[upkeep]
|upkeep
|turn|2
|
|t:|1776082258
|switch|p1a: Alomomola|Alomomola, F|100/100
|move|p2a: Barraskewda|Flip Turn|p1a: Alomomola
|-resisted|p1a: Alomomola
|-damage|p1a: Alomomola|74/100
|
|t:|1776082262
|switch|p2a: Zapdos|Zapdos|100/100|[from] Flip Turn
|
|-weather|RainDance|[upkeep]
|upkeep
|turn|3
|
|t:|1776082267
|move|p2a: Zapdos|Weather Ball|p1a: Alomomola
|-resisted|p1a: Alomomola
|-damage|p1a: Alomomola|54/100
|move|p1a: Alomomola|Mirror Coat|p2a: Zapdos
|-damage|p2a: Zapdos|36/100
|
|-weather|RainDance|[upkeep]
|upkeep
|turn|4
|
|t:|1776082280
|switch|p2a: Toxicroak|Toxicroak, F|100/100
|move|p1a: Alomomola|Flip Turn|p2a: Toxicroak
|-immune|p2a: Toxicroak|[from] ability: Dry Skin
|
|-weather|RainDance|[upkeep]
|upkeep
|turn|5
|
|t:|1776082295
|switch|p2a: Barraskewda|Barraskewda, F|100/100
|move|p1a: Alomomola|Body Slam|p2a: Barraskewda
|-damage|p2a: Barraskewda|68/100
|-status|p2a: Barraskewda|par
|
|-weather|RainDance|[upkeep]
|upkeep
|turn|6
|
|t:|1776082305
|cant|p2a: Barraskewda|par
|move|p1a: Alomomola|Flip Turn|p2a: Barraskewda
|-resisted|p2a: Barraskewda
|-damage|p2a: Barraskewda|44/100 par
|
|t:|1776082312
|switch|p1a: Enamorus|Enamorus, F|100/100|[from] Flip Turn
|
|-weather|RainDance|[upkeep]
|upkeep
|turn|7
|
|t:|1776082326
|switch|p2a: Iron Treads|Iron Treads|100/100
|move|p1a: Enamorus|Moonblast|p2a: Iron Treads
|-resisted|p2a: Iron Treads
|-damage|p2a: Iron Treads|79/100
|
|-weather|RainDance|[upkeep]
|-heal|p2a: Iron Treads|85/100|[from] item: Leftovers
|upkeep
|turn|8
|
|t:|1776082334
|switch|p1a: Iron Treads|Iron Treads|100/100
|move|p2a: Iron Treads|Stealth Rock|p1a: Iron Treads
|-sidestart|p1: DaBoffler|move: Stealth Rock
|
|-weather|none
|-heal|p2a: Iron Treads|91/100|[from] item: Leftovers
|upkeep
|turn|9
|
|t:|1776082355
|move|p1a: Iron Treads|Stealth Rock|p2a: Iron Treads
|-sidestart|p2: goodnightnite|move: Stealth Rock
|move|p2a: Iron Treads|Earthquake|p1a: Iron Treads
|-supereffective|p1a: Iron Treads
|-damage|p1a: Iron Treads|44/100
|
|-heal|p2a: Iron Treads|97/100|[from] item: Leftovers
|-heal|p1a: Iron Treads|50/100|[from] item: Leftovers
|upkeep
|turn|10
|
|t:|1776082365
|move|p1a: Iron Treads|Knock Off|p2a: Iron Treads
|-damage|p2a: Iron Treads|77/100
|-enditem|p2a: Iron Treads|Leftovers|[from] move: Knock Off|[of] p1a: Iron Treads
|move|p2a: Iron Treads|Earthquake|p1a: Iron Treads
|-supereffective|p1a: Iron Treads
|-damage|p1a: Iron Treads|0 fnt
|faint|p1a: Iron Treads
|-end|p1a: Iron Treads|Quark Drive|[silent]
|
|upkeep
|
|t:|1776082382
|switch|p1a: Enamorus|Enamorus, F|100/100
|-damage|p1a: Enamorus|76/100|[from] Stealth Rock
|turn|11
|
|t:|1776082389
|-end|p2a: Iron Treads|Quark Drive|[silent]
|switch|p2a: Pelipper|Pelipper, F|100/100
|-damage|p2a: Pelipper|76/100|[from] Stealth Rock
|-weather|RainDance|[from] ability: Drizzle|[of] p2a: Pelipper
|move|p1a: Enamorus|Mystical Fire|p2a: Pelipper
|-resisted|p2a: Pelipper
|-damage|p2a: Pelipper|69/100
|-unboost|p2a: Pelipper|spa|1
|
|-weather|RainDance|[upkeep]
|upkeep
|turn|12
|
|t:|1776082395
|switch|p1a: Alomomola|Alomomola, F|87/100
|-damage|p1a: Alomomola|75/100|[from] Stealth Rock
|move|p2a: Pelipper|U-turn|p1a: Alomomola
|-damage|p1a: Alomomola|67/100
|
|t:|1776082401
|switch|p2a: Zapdos|Zapdos|36/100|[from] U-turn
|-damage|p2a: Zapdos|11/100|[from] Stealth Rock
|
|-weather|RainDance|[upkeep]
|upkeep
|turn|13
|
|t:|1776082405
|move|p2a: Zapdos|Thunder|p1a: Alomomola
|-supereffective|p1a: Alomomola
|-damage|p1a: Alomomola|0 fnt
|faint|p1a: Alomomola
|
|-weather|RainDance|[upkeep]
|upkeep
|
|t:|1776082417
|switch|p1a: Kingambit|Kingambit, M|100/100
|-damage|p1a: Kingambit|94/100|[from] Stealth Rock
|-activate|p1a: Kingambit|ability: Supreme Overlord
|-start|p1a: Kingambit|fallen2|[silent]
|turn|14
|
|t:|1776082427
|move|p1a: Kingambit|Sucker Punch|p2a: Zapdos
|-damage|p2a: Zapdos|0 fnt
|faint|p2a: Zapdos
|
|-weather|RainDance|[upkeep]
|-heal|p1a: Kingambit|100/100|[from] item: Leftovers
|upkeep
|
|t:|1776082432
|switch|p2a: Toxicroak|Toxicroak, F|100/100
|-damage|p2a: Toxicroak|94/100|[from] Stealth Rock
|turn|15
|
|t:|1776082436
|-end|p1a: Kingambit|fallen2|[silent]
|switch|p1a: Pecharunt|Pecharunt|100/100
|-damage|p1a: Pecharunt|88/100|[from] Stealth Rock
|move|p2a: Toxicroak|Knock Off|p1a: Pecharunt
|-supereffective|p1a: Pecharunt
|-crit|p1a: Pecharunt
|-damage|p1a: Pecharunt|56/100
|-damage|p2a: Toxicroak|78/100|[from] item: Rocky Helmet|[of] p1a: Pecharunt
|-enditem|p1a: Pecharunt|Rocky Helmet|[from] move: Knock Off|[of] p2a: Toxicroak
|
|-weather|RainDance|[upkeep]
|-heal|p2a: Toxicroak|90/100|[from] ability: Dry Skin
|upkeep
|turn|16
|
|t:|1776082447
|move|p2a: Toxicroak|Knock Off|p1a: Pecharunt
|-supereffective|p1a: Pecharunt
|-damage|p1a: Pecharunt|41/100
|move|p1a: Pecharunt|Shadow Ball|p2a: Toxicroak
|-damage|p2a: Toxicroak|60/100
|
|-weather|RainDance|[upkeep]
|-heal|p2a: Toxicroak|72/100|[from] ability: Dry Skin
|upkeep
|turn|17
|
|t:|1776082471
|move|p2a: Toxicroak|Encore|p1a: Pecharunt
|-start|p1a: Pecharunt|Encore
|move|p1a: Pecharunt|Shadow Ball|p2a: Toxicroak
|-damage|p2a: Toxicroak|41/100
|
|-weather|RainDance|[upkeep]
|-heal|p2a: Toxicroak|54/100|[from] ability: Dry Skin
|upkeep
|turn|18
|
|t:|1776082478
|switch|p2a: Iron Treads|Iron Treads|77/100
|-damage|p2a: Iron Treads|74/100|[from] Stealth Rock
|move|p1a: Pecharunt|Shadow Ball|p2a: Iron Treads
|-damage|p2a: Iron Treads|55/100
|
|-weather|none
|upkeep
|turn|19
|
|t:|1776082507
|move|p2a: Iron Treads|Rapid Spin|p1a: Pecharunt
|-immune|p1a: Pecharunt
|move|p1a: Pecharunt|Shadow Ball|p2a: Iron Treads
|-damage|p2a: Iron Treads|35/100
|
|-end|p1a: Pecharunt|Encore
|upkeep
|turn|20
|inactive|goodnightnite has 120 seconds left.
|
|t:|1776082527
|move|p2a: Iron Treads|Rapid Spin|p1a: Pecharunt
|-immune|p1a: Pecharunt
|move|p1a: Pecharunt|Recover|p1a: Pecharunt
|-heal|p1a: Pecharunt|91/100
|
|upkeep
|turn|21
|
|t:|1776082542
|move|p2a: Iron Treads|Earthquake|p1a: Pecharunt
|-supereffective|p1a: Pecharunt
|-damage|p1a: Pecharunt|53/100
|move|p1a: Pecharunt|Shadow Ball|p2a: Iron Treads
|-damage|p2a: Iron Treads|14/100
|
|upkeep
|turn|22
|
|t:|1776082551
|move|p2a: Iron Treads|Earthquake|p1a: Pecharunt
|-supereffective|p1a: Pecharunt
|-damage|p1a: Pecharunt|17/100
|move|p1a: Pecharunt|Recover|p1a: Pecharunt
|-heal|p1a: Pecharunt|68/100
|
|upkeep
|turn|23
|
|t:|1776082557
|move|p2a: Iron Treads|Earthquake|p1a: Pecharunt
|-supereffective|p1a: Pecharunt
|-damage|p1a: Pecharunt|35/100
|move|p1a: Pecharunt|Shadow Ball|p2a: Iron Treads
|-damage|p2a: Iron Treads|0 fnt
|faint|p2a: Iron Treads
|-end|p2a: Iron Treads|Quark Drive|[silent]
|
|upkeep
|
|t:|1776082567
|switch|p2a: Hatterene|Hatterene, F|52/100
|-damage|p2a: Hatterene|40/100|[from] Stealth Rock
|turn|24
|-message|goodnightnite forfeited.
|
|win|DaBoffler
|raw|DaBoffler's rating: 1675 &rarr; <strong>1695</strong><br />(+20 for winning)
|raw|goodnightnite's rating: 1682 &rarr; <strong>1662</strong><br />(-20 for losing)
|l|☆goodnightnite
|player|p2|
|l|☆DaBoffler
|player|p1|
