|html|<div class="broadcast-blue"><strong>[Gen 9] OU is currently suspecting Tera Blast! For information on how to participate check out the <a href="https://www.smogon.com/tools/suspects/view/200">suspect thread</a>.</strong></div>
|j|☆user795680
|j|☆kamesantopdrop
|t:|1776263926
|gametype|singles
|player|p1|user795680|lucas|1086
|player|p2|kamesantopdrop|170|1071
|gen|9
|tier|[Gen 9] OU
|rated|
|rule|HP Percentage Mod: HP is shown in percentages
|rule|Endless Battle Clause: Forcing endless battles is banned
|rule|Species Clause: Limit one of each Pokémon
|rule|OHKO Clause: OHKO moves are banned
|rule|Evasion Items Clause: Evasion items are banned
|rule|Evasion Moves Clause: Evasion moves are banned
|rule|Evasion Abilities Clause: Evasion abilities are banned
|rule|Sleep Moves Clause: Sleep-inducing moves are banned
|clearpoke
|poke|p1|Kommo-o, M|
|poke|p1|Iron Valiant|
|poke|p1|Kingambit, M|
|poke|p1|Zoroark-Hisui, M|
|poke|p1|Samurott-Hisui, F|
|poke|p1|Iron Moth|
|poke|p2|Magcargo, M|
|poke|p2|Glimmora, F|
|poke|p2|Corviknight, M|
|poke|p2|Iron Valiant|
|poke|p2|Clodsire, F|
|poke|p2|Great Tusk|
|teampreview
|
|t:|1776263938
|teamsize|p1|6
|teamsize|p2|6
|start
|switch|p1a: Kommo-o|Kommo-o, M|100/100
|switch|p2a: Glimmora|Glimmora, F|100/100
|turn|1
|
|t:|1776263949
|move|p2a: Glimmora|Stealth Rock|p1a: Kommo-o
|-sidestart|p1: user795680|move: Stealth Rock
|move|p1a: Kommo-o|Clangorous Soul|p1a: Kommo-o
|-boost|p1a: Kommo-o|atk|1
|-boost|p1a: Kommo-o|def|1
|-boost|p1a: Kommo-o|spa|1
|-boost|p1a: Kommo-o|spd|1
|-boost|p1a: Kommo-o|spe|1
|-damage|p1a: Kommo-o|68/100
|
|-heal|p1a: Kommo-o|74/100|[from] item: Leftovers
|upkeep
|turn|2
|
|t:|1776263963
|move|p1a: Kommo-o|Drain Punch|p2a: Glimmora
|-damage|p2a: Glimmora|50/100
|-heal|p1a: Kommo-o|96/100|[from] drain|[of] p2a: Glimmora
|-activate|p2a: Glimmora|ability: Toxic Debris
|-sidestart|p1: user795680|move: Toxic Spikes
|-enditem|p2a: Glimmora|Red Card|[of] p1a: Kommo-o
|drag|p1a: Samurott|Samurott-Hisui, F|100/100
|-damage|p1a: Samurott|88/100|[from] Stealth Rock
|-status|p1a: Samurott|psn
|move|p2a: Glimmora|Mortal Spin|p1a: Samurott
|-damage|p1a: Samurott|80/100 psn
|
|-heal|p1a: Samurott|86/100 psn|[from] item: Leftovers
|-damage|p1a: Samurott|74/100 psn|[from] psn
|upkeep
|turn|3
|
|t:|1776263980
|switch|p2a: Corviknight|Corviknight, M|100/100
|move|p1a: Samurott|Razor Shell|p2a: Corviknight
|-damage|p2a: Corviknight|77/100
|-damage|p1a: Samurott|58/100 psn|[from] item: Rocky Helmet|[of] p2a: Corviknight
|
|-heal|p1a: Samurott|64/100 psn|[from] item: Leftovers
|-damage|p1a: Samurott|51/100 psn|[from] psn
|upkeep
|turn|4
|
|t:|1776263993
|move|p1a: Samurott|Ceaseless Edge|p2a: Corviknight
|-crit|p2a: Corviknight
|-damage|p2a: Corviknight|44/100
|-damage|p1a: Samurott|35/100 psn|[from] item: Rocky Helmet|[of] p2a: Corviknight
|-sidestart|p2: kamesantopdrop|Spikes
|move|p2a: Corviknight|U-turn|p1a: Samurott
|-supereffective|p1a: Samurott
|-damage|p1a: Samurott|0 fnt
|faint|p1a: Samurott
|
|t:|1776264012
|switch|p2a: Glimmora|Glimmora, F|50/100|[from] U-turn
|-damage|p2a: Glimmora|37/100|[from] Spikes
|
|upkeep
|inactive|Battle timer is ON: inactive players will automatically lose when time's up. (requested by kamesantopdrop)
|
|t:|1776264026
|switch|p1a: Iron Moth|Iron Moth|100/100
|-damage|p1a: Iron Moth|76/100|[from] Stealth Rock
|-sideend|p1: user795680|move: Toxic Spikes|[of] p1a: Iron Moth
|-enditem|p1a: Iron Moth|Booster Energy
|-activate|p1a: Iron Moth|ability: Quark Drive|[fromitem]
|-start|p1a: Iron Moth|quarkdrivespa
|turn|5
|
|t:|1776264049
|move|p1a: Iron Moth|Flash Cannon|p2a: Glimmora
|-supereffective|p2a: Glimmora
|-damage|p2a: Glimmora|0 fnt
|faint|p2a: Glimmora
|
|upkeep
|
|t:|1776264057
|switch|p2a: Iron Valiant|Iron Valiant|100/100
|-damage|p2a: Iron Valiant|88/100|[from] Spikes
|-enditem|p2a: Iron Valiant|Booster Energy
|-activate|p2a: Iron Valiant|ability: Quark Drive|[fromitem]
|-start|p2a: Iron Valiant|quarkdrivespe
|turn|6
|
|t:|1776264071
|move|p2a: Iron Valiant|Thunderbolt|p1a: Iron Moth
|-damage|p1a: Iron Moth|45/100
|-status|p1a: Iron Moth|par
|cant|p1a: Iron Moth|par
|
|upkeep
|turn|7
|inactive|kamesantopdrop has 120 seconds left.
|
|t:|1776264093
|move|p2a: Iron Valiant|Thunderbolt|p1a: Iron Moth
|-damage|p1a: Iron Moth|19/100 par
|cant|p1a: Iron Moth|par
|
|upkeep
|turn|8
|
|t:|1776264100
|move|p2a: Iron Valiant|Thunderbolt|p1a: Iron Moth
|-crit|p1a: Iron Moth
|-damage|p1a: Iron Moth|0 fnt
|faint|p1a: Iron Moth
|-end|p1a: Iron Moth|Quark Drive|[silent]
|
|upkeep
|
|t:|1776264112
|switch|p1a: Kommo-o|Kommo-o, M|96/100
|-damage|p1a: Kommo-o|90/100|[from] Stealth Rock
|turn|9
|
|t:|1776264123
|-terastallize|p1a: Kommo-o|Normal
|move|p2a: Iron Valiant|Moonblast|p1a: Kommo-o
|-damage|p1a: Kommo-o|44/100
|move|p1a: Kommo-o|Clangorous Soul|p1a: Kommo-o
|-boost|p1a: Kommo-o|atk|1
|-boost|p1a: Kommo-o|def|1
|-boost|p1a: Kommo-o|spa|1
|-boost|p1a: Kommo-o|spd|1
|-boost|p1a: Kommo-o|spe|1
|-damage|p1a: Kommo-o|11/100
|
|-heal|p1a: Kommo-o|18/100|[from] item: Leftovers
|upkeep
|turn|10
|
|t:|1776264137
|move|p2a: Iron Valiant|Close Combat|p1a: Kommo-o
|-supereffective|p1a: Kommo-o
|-damage|p1a: Kommo-o|0 fnt
|-unboost|p2a: Iron Valiant|def|1
|-unboost|p2a: Iron Valiant|spd|1
|faint|p1a: Kommo-o
|
|upkeep
|
|t:|1776264145
|switch|p1a: Kingambit|Kingambit, M|100/100
|-damage|p1a: Kingambit|88/100|[from] Stealth Rock
|turn|11
|
|t:|1776264155
|move|p2a: Iron Valiant|Close Combat|p1a: Kingambit
|-immune|p1a: Kingambit
|move|p1a: Kingambit|Nasty Plot|p1a: Kingambit
|-boost|p1a: Kingambit|spa|2
|
|-heal|p1a: Kingambit|94/100|[from] item: Leftovers
|upkeep
|turn|12
|
|t:|1776264173
|move|p2a: Iron Valiant|Moonblast|p1a: Kingambit
|-damage|p1a: Kingambit|8/100
|replace|p1a: Zoroark|Zoroark-Hisui, M
|-end|p1a: Zoroark|Illusion
|move|p1a: Zoroark|Bitter Malice|p2a: Iron Valiant
|-damage|p2a: Iron Valiant|0 fnt
|faint|p2a: Iron Valiant
|-end|p2a: Iron Valiant|Quark Drive|[silent]
|
|-heal|p1a: Zoroark|14/100|[from] item: Leftovers
|upkeep
|
|t:|1776264188
|switch|p2a: Great Tusk|Great Tusk|100/100
|-damage|p2a: Great Tusk|88/100|[from] Spikes
|turn|13
|
|t:|1776264200
|move|p2a: Great Tusk|Knock Off|p1a: Zoroark
|-supereffective|p1a: Zoroark
|-damage|p1a: Zoroark|0 fnt
|-enditem|p1a: Zoroark|Leftovers|[from] move: Knock Off|[of] p2a: Great Tusk
|faint|p1a: Zoroark
|
|-heal|p2a: Great Tusk|94/100|[from] item: Leftovers
|upkeep
|
|t:|1776264207
|switch|p1a: Iron Valiant|Iron Valiant|100/100
|-damage|p1a: Iron Valiant|94/100|[from] Stealth Rock
|-enditem|p1a: Iron Valiant|Booster Energy
|-activate|p1a: Iron Valiant|ability: Quark Drive|[fromitem]
|-start|p1a: Iron Valiant|quarkdriveatk
|turn|14
|
|t:|1776264220
|-end|p2a: Great Tusk|Protosynthesis|[silent]
|switch|p2a: Corviknight|Corviknight, M|44/100
|move|p1a: Iron Valiant|Moonblast|p2a: Corviknight
|-resisted|p2a: Corviknight
|-damage|p2a: Corviknight|23/100
|
|upkeep
|turn|15
|
|t:|1776264236
|move|p1a: Iron Valiant|Drain Punch|p2a: Corviknight
|-damage|p2a: Corviknight|0 fnt
|-heal|p1a: Iron Valiant|100/100|[from] drain|[of] p2a: Corviknight
|-damage|p1a: Iron Valiant|84/100|[from] item: Rocky Helmet|[of] p2a: Corviknight
|faint|p2a: Corviknight
|
|upkeep
|
|t:|1776264245
|switch|p2a: Clodsire|Clodsire, F|100/100
|-damage|p2a: Clodsire|88/100|[from] Spikes
|turn|16
|
|t:|1776264252
|move|p1a: Iron Valiant|Ice Punch|p2a: Clodsire
|-supereffective|p2a: Clodsire
|-damage|p2a: Clodsire|24/100
|move|p2a: Clodsire|Toxic|p1a: Iron Valiant
|-status|p1a: Iron Valiant|tox
|
|-heal|p2a: Clodsire|30/100|[from] item: Black Sludge
|-damage|p1a: Iron Valiant|78/100 tox|[from] psn
|upkeep
|turn|17
|
|t:|1776264263
|move|p1a: Iron Valiant|Ice Punch|p2a: Clodsire
|-supereffective|p2a: Clodsire
|-damage|p2a: Clodsire|0 fnt
|faint|p2a: Clodsire
|
|-damage|p1a: Iron Valiant|66/100 tox|[from] psn
|upkeep
|
|t:|1776264272
|switch|p2a: Magcargo|Magcargo, M, shiny|100/100
|-damage|p2a: Magcargo|88/100|[from] Spikes
|turn|18
|
|t:|1776264283
|move|p1a: Iron Valiant|Drain Punch|p2a: Magcargo
|-supereffective|p2a: Magcargo
|-damage|p2a: Magcargo|0 fnt
|-heal|p1a: Iron Valiant|100/100 tox|[from] drain|[of] p2a: Magcargo
|faint|p2a: Magcargo
|
|-damage|p1a: Iron Valiant|82/100 tox|[from] psn
|upkeep
|
|t:|1776264291
|switch|p2a: Great Tusk|Great Tusk|94/100
|-damage|p2a: Great Tusk|82/100|[from] Spikes
|turn|19
|
|t:|1776264303
|move|p2a: Great Tusk|Earthquake|p1a: Iron Valiant
|-damage|p1a: Iron Valiant|25/100 tox
|move|p1a: Iron Valiant|Moonblast|p2a: Great Tusk
|-supereffective|p2a: Great Tusk
|-damage|p2a: Great Tusk|0 fnt
|faint|p2a: Great Tusk
|-end|p2a: Great Tusk|Protosynthesis|[silent]
|
|win|user795680
|raw|user795680's rating: 1086 &rarr; <strong>1112</strong><br />(+26 for winning)
|raw|kamesantopdrop's rating: 1071 &rarr; <strong>1051</strong><br />(-20 for losing)
|l|☆kamesantopdrop
|player|p2|
|c|☆user795680|GG
