|html|<div class="broadcast-blue"><strong>[Gen 9] OU is currently suspecting Tera Blast! For information on how to participate check out the <a href="https://www.smogon.com/tools/suspects/view/200">suspect thread</a>.</strong></div>
|j|☆misscorn
|j|☆ZarrHaka
|t:|1776087885
|gametype|singles
|player|p1|misscorn|maid|1215
|player|p2|ZarrHaka|pokemaniac|1218
|gen|9
|tier|[Gen 9] OU
|rated|
|rule|HP Percentage Mod: HP is shown in percentages
|rule|Endless Battle Clause: Forcing endless battles is banned
|rule|Species Clause: Limit one of each Pokémon
|rule|OHKO Clause: OHKO moves are banned
|rule|Evasion Items Clause: Evasion items are banned
|rule|Evasion Moves Clause: Evasion moves are banned
|rule|Evasion Abilities Clause: Evasion abilities are banned
|rule|Sleep Moves Clause: Sleep-inducing moves are banned
|clearpoke
|poke|p1|Garganacl, F|
|poke|p1|Darkrai|
|poke|p1|Great Tusk|
|poke|p1|Hatterene, F|
|poke|p1|Tornadus-Therian, M|
|poke|p1|Dragonite, M|
|poke|p2|Iron Crown|
|poke|p2|Lycanroc-Midnight, M|
|poke|p2|Talonflame, F|
|poke|p2|Dragapult, F|
|poke|p2|Polteageist-Antique|
|poke|p2|Raichu, M|
|teampreview
|inactive|Battle timer is ON: inactive players will automatically lose when time's up. (requested by misscorn)
|
|t:|1776087907
|teamsize|p1|6
|teamsize|p2|6
|start
|switch|p1a: Hatterene|Hatterene, F|100/100
|switch|p2a: Lycanroc|Lycanroc-Midnight, M, shiny|100/100
|turn|1
|
|t:|1776087915
|move|p2a: Lycanroc|Stone Edge|p1a: Hatterene
|-damage|p1a: Hatterene|70/100
|move|p1a: Hatterene|Future Sight|p2a: Lycanroc
|-start|p1a: Hatterene|move: Future Sight
|
|upkeep
|turn|2
|
|t:|1776087921
|move|p2a: Lycanroc|Stone Edge|p1a: Hatterene
|-crit|p1a: Hatterene
|-damage|p1a: Hatterene|24/100
|move|p1a: Hatterene|Nuzzle|p2a: Lycanroc
|-damage|p2a: Lycanroc|97/100
|-status|p2a: Lycanroc|par
|
|upkeep
|turn|3
|
|t:|1776087927
|move|p2a: Lycanroc|Stone Edge|p1a: Hatterene
|-damage|p1a: Hatterene|0 fnt
|faint|p1a: Hatterene
|
|-end|p2a: Lycanroc|move: Future Sight
|-damage|p2a: Lycanroc|31/100 par
|upkeep
|
|t:|1776087936
|switch|p1a: Garganacl|Garganacl, F|100/100
|turn|4
|
|t:|1776087941
|switch|p2a: Iron Crown|Iron Crown|100/100
|-enditem|p2a: Iron Crown|Booster Energy
|-activate|p2a: Iron Crown|ability: Quark Drive|[fromitem]
|-start|p2a: Iron Crown|quarkdrivedef
|move|p1a: Garganacl|Stealth Rock|p2a: Iron Crown
|-sidestart|p2: ZarrHaka|move: Stealth Rock
|
|upkeep
|turn|5
|
|t:|1776087955
|switch|p1a: Tornadus|Tornadus-Therian, M, shiny|100/100
|move|p2a: Iron Crown|Calm Mind|p2a: Iron Crown
|-boost|p2a: Iron Crown|spa|1
|-boost|p2a: Iron Crown|spd|1
|
|upkeep
|turn|6
|
|t:|1776087967
|move|p1a: Tornadus|Knock Off|p2a: Iron Crown
|-supereffective|p2a: Iron Crown
|-damage|p2a: Iron Crown|86/100
|move|p2a: Iron Crown|Tachyon Cutter|p1a: Tornadus
|-damage|p1a: Tornadus|78/100
|-damage|p1a: Tornadus|53/100
|-hitcount|p1a: Tornadus|2
|
|upkeep
|turn|7
|
|t:|1776087979
|move|p1a: Tornadus|Heat Wave|p2a: Iron Crown
|-supereffective|p2a: Iron Crown
|-damage|p2a: Iron Crown|58/100
|move|p2a: Iron Crown|Calm Mind|p2a: Iron Crown
|-boost|p2a: Iron Crown|spa|1
|-boost|p2a: Iron Crown|spd|1
|
|upkeep
|turn|8
|
|t:|1776087985
|move|p1a: Tornadus|U-turn|p2a: Iron Crown
|-damage|p2a: Iron Crown|50/100
|
|t:|1776087997
|switch|p1a: Darkrai|Darkrai|100/100|[from] U-turn
|move|p2a: Iron Crown|Tachyon Cutter|p1a: Darkrai
|-damage|p1a: Darkrai|36/100
|-damage|p1a: Darkrai|0 fnt
|faint|p1a: Darkrai
|-hitcount|p1: Darkrai|2
|
|upkeep
|
|t:|1776088004
|switch|p1a: Garganacl|Garganacl, F|100/100
|turn|9
|
|t:|1776088010
|move|p2a: Iron Crown|Tachyon Cutter|p1a: Garganacl
|-supereffective|p1a: Garganacl
|-damage|p1a: Garganacl|35/100
|-supereffective|p1a: Garganacl
|-damage|p1a: Garganacl|0 fnt
|faint|p1a: Garganacl
|-hitcount|p1: Garganacl|2
|
|upkeep
|-message|misscorn forfeited.
|
|win|ZarrHaka
|raw|misscorn's rating: 1215 &rarr; <strong>1190</strong><br />(-25 for losing)
|raw|ZarrHaka's rating: 1218 &rarr; <strong>1243</strong><br />(+25 for winning)
|l|☆misscorn
|player|p1|
|l|☆ZarrHaka
|player|p2|
