|html|<div class="broadcast-blue"><strong>[Gen 9] OU is currently suspecting Tera Blast! For information on how to participate check out the <a href="https://www.smogon.com/tools/suspects/view/200">suspect thread</a>.</strong></div>
|j|☆Cammmin
|j|☆edpunch
|t:|1776032097
|gametype|singles
|player|p1|Cammmin|n|1158
|player|p2|edpunch|crasherwake|1131
|gen|9
|tier|[Gen 9] OU
|rated|
|rule|HP Percentage Mod: HP is shown in percentages
|rule|Endless Battle Clause: Forcing endless battles is banned
|rule|Species Clause: Limit one of each Pokémon
|rule|OHKO Clause: OHKO moves are banned
|rule|Evasion Items Clause: Evasion items are banned
|rule|Evasion Moves Clause: Evasion moves are banned
|rule|Evasion Abilities Clause: Evasion abilities are banned
|rule|Sleep Moves Clause: Sleep-inducing moves are banned
|clearpoke
|poke|p1|Alomomola, F|
|poke|p1|Delphox, M|
|poke|p1|Torkoal, M|
|poke|p1|Raging Bolt|
|poke|p1|Hatterene, F|
|poke|p1|Cinderace, F|
|poke|p2|Great Tusk|
|poke|p2|Dragapult, F|
|poke|p2|Iron Moth|
|poke|p2|Iron Valiant|
|poke|p2|Greninja-*, M|
|poke|p2|Raging Bolt|
|teampreview
|inactive|Battle timer is ON: inactive players will automatically lose when time's up. (requested by Cammmin)
|
|t:|1776032111
|teamsize|p1|6
|teamsize|p2|6
|start
|switch|p1a: Raging Bolt|Raging Bolt|100/100
|switch|p2a: Great Tusk|Great Tusk|100/100
|-enditem|p2a: Great Tusk|Booster Energy
|-activate|p2a: Great Tusk|ability: Protosynthesis|[fromitem]
|-start|p2a: Great Tusk|protosynthesisatk
|-enditem|p1a: Raging Bolt|Booster Energy
|-activate|p1a: Raging Bolt|ability: Protosynthesis|[fromitem]
|-start|p1a: Raging Bolt|protosynthesisspa
|turn|1
|
|t:|1776032118
|-terastallize|p1a: Raging Bolt|Fairy
|move|p2a: Great Tusk|Rapid Spin|p1a: Raging Bolt
|-damage|p1a: Raging Bolt|81/100
|-boost|p2a: Great Tusk|spe|1
|move|p1a: Raging Bolt|Draco Meteor|p2a: Great Tusk
|-damage|p2a: Great Tusk|0 fnt
|-unboost|p1a: Raging Bolt|spa|2
|faint|p2a: Great Tusk
|-end|p2a: Great Tusk|Protosynthesis|[silent]
|
|upkeep
|
|t:|1776032132
|switch|p2a: Iron Valiant|Iron Valiant|100/100
|-enditem|p2a: Iron Valiant|Booster Energy
|-activate|p2a: Iron Valiant|ability: Quark Drive|[fromitem]
|-start|p2a: Iron Valiant|quarkdrivespe
|turn|2
|
|t:|1776032143
|move|p2a: Iron Valiant|Poison Jab|p1a: Raging Bolt
|-supereffective|p1a: Raging Bolt
|-damage|p1a: Raging Bolt|27/100
|-status|p1a: Raging Bolt|psn
|move|p1a: Raging Bolt|Thunderbolt|p2a: Iron Valiant
|-damage|p2a: Iron Valiant|41/100
|
|-damage|p1a: Raging Bolt|15/100 psn|[from] psn
|upkeep
|turn|3
|
|t:|1776032161
|-end|p1a: Raging Bolt|Protosynthesis|[silent]
|switch|p1a: Torkoal|Torkoal, M|100/100
|-weather|SunnyDay|[from] ability: Drought|[of] p1a: Torkoal
|move|p2a: Iron Valiant|Poison Jab|p1a: Torkoal
|-damage|p1a: Torkoal|85/100
|-status|p1a: Torkoal|psn
|
|-weather|SunnyDay|[upkeep]
|-heal|p1a: Torkoal|91/100 psn|[from] item: Leftovers
|-damage|p1a: Torkoal|78/100 psn|[from] psn
|upkeep
|turn|4
|
|t:|1776032181
|move|p2a: Iron Valiant|Drain Punch|p1a: Torkoal
|-damage|p1a: Torkoal|57/100 psn
|-heal|p2a: Iron Valiant|54/100|[from] drain|[of] p1a: Torkoal
|move|p1a: Torkoal|Stealth Rock|p2a: Iron Valiant
|-sidestart|p2: edpunch|move: Stealth Rock
|
|-weather|SunnyDay|[upkeep]
|-heal|p1a: Torkoal|63/100 psn|[from] item: Leftovers
|-damage|p1a: Torkoal|50/100 psn|[from] psn
|upkeep
|turn|5
|
|t:|1776032189
|move|p2a: Iron Valiant|Drain Punch|p1a: Torkoal
|-damage|p1a: Torkoal|29/100 psn
|-heal|p2a: Iron Valiant|67/100|[from] drain|[of] p1a: Torkoal
|move|p1a: Torkoal|Earthquake|p2a: Iron Valiant
|-damage|p2a: Iron Valiant|40/100
|
|-weather|SunnyDay|[upkeep]
|-heal|p1a: Torkoal|35/100 psn|[from] item: Leftovers
|-damage|p1a: Torkoal|23/100 psn|[from] psn
|upkeep
|turn|6
|
|t:|1776032201
|move|p2a: Iron Valiant|Drain Punch|p1a: Torkoal
|-damage|p1a: Torkoal|0 fnt
|-heal|p2a: Iron Valiant|53/100|[from] drain|[of] p1a: Torkoal
|faint|p1a: Torkoal
|
|-weather|SunnyDay|[upkeep]
|upkeep
|
|t:|1776032205
|switch|p1a: Cinderace|Cinderace, F|100/100
|turn|7
|
|t:|1776032213
|move|p2a: Iron Valiant|Poison Jab|p1a: Cinderace
|-damage|p1a: Cinderace|58/100
|move|p1a: Cinderace|Pyro Ball|p2a: Iron Valiant
|-damage|p2a: Iron Valiant|0 fnt
|faint|p2a: Iron Valiant
|-end|p2a: Iron Valiant|Quark Drive|[silent]
|-damage|p1a: Cinderace|48/100|[from] item: Life Orb
|
|-weather|none
|upkeep
|
|t:|1776032223
|switch|p2a: Greninja|Greninja, M|100/100
|-damage|p2a: Greninja|88/100|[from] Stealth Rock
|turn|8
|
|t:|1776032250
|move|p2a: Greninja|Surf|p1a: Cinderace
|-supereffective|p1a: Cinderace
|-damage|p1a: Cinderace|0 fnt
|faint|p1a: Cinderace
|-ability|p2a: Greninja|Battle Bond|boost
|-boost|p2a: Greninja|atk|1
|-boost|p2a: Greninja|spa|1
|-boost|p2a: Greninja|spe|1
|-activate|p2a: Greninja|ability: Battle Bond
|-damage|p2a: Greninja|78/100|[from] item: Life Orb
|
|upkeep
|
|t:|1776032259
|switch|p1a: Raging Bolt|Raging Bolt, tera:Fairy|15/100 psn
|turn|9
|
|t:|1776032267
|switch|p2a: Raging Bolt|Raging Bolt|100/100
|-damage|p2a: Raging Bolt|88/100|[from] Stealth Rock
|-enditem|p2a: Raging Bolt|Booster Energy
|-activate|p2a: Raging Bolt|ability: Protosynthesis|[fromitem]
|-start|p2a: Raging Bolt|protosynthesisspa
|move|p1a: Raging Bolt|Thunderclap||[still]
|-fail|p1a: Raging Bolt
|
|-damage|p1a: Raging Bolt|3/100 psn|[from] psn
|upkeep
|turn|10
|
|t:|1776032272
|move|p2a: Raging Bolt|Thunderclap|p1a: Raging Bolt
|-damage|p1a: Raging Bolt|0 fnt
|faint|p1a: Raging Bolt
|-end|p1a: Raging Bolt|Protosynthesis|[silent]
|
|upkeep
|
|t:|1776032278
|switch|p1a: Delphox|Delphox, M|100/100
|turn|11
|
|t:|1776032285
|move|p2a: Raging Bolt|Thunderclap|p1a: Delphox
|-damage|p1a: Delphox|40/100
|move|p1a: Delphox|Dazzling Gleam|p2a: Raging Bolt
|-supereffective|p2a: Raging Bolt
|-damage|p2a: Raging Bolt|25/100
|
|upkeep
|turn|12
|
|t:|1776032289
|switch|p1a: Alomomola|Alomomola, F|100/100
|move|p2a: Raging Bolt|Thunderclap||[still]
|-fail|p2a: Raging Bolt
|
|upkeep
|turn|13
|
|t:|1776032297
|move|p1a: Alomomola|Protect|p1a: Alomomola
|-singleturn|p1a: Alomomola|Protect
|move|p2a: Raging Bolt|Dragon Pulse|p1a: Alomomola
|-activate|p1a: Alomomola|move: Protect
|
|upkeep
|turn|14
|
|t:|1776032301
|switch|p1a: Hatterene|Hatterene, F, shiny|100/100
|move|p2a: Raging Bolt|Thunderclap||[still]
|-fail|p2a: Raging Bolt
|
|upkeep
|turn|15
|
|t:|1776032304
|move|p2a: Raging Bolt|Dragon Pulse|p1a: Hatterene
|-immune|p1a: Hatterene
|move|p1a: Hatterene|Draining Kiss|p2a: Raging Bolt
|-supereffective|p2a: Raging Bolt
|-damage|p2a: Raging Bolt|0 fnt
|faint|p2a: Raging Bolt
|-end|p2a: Raging Bolt|Protosynthesis|[silent]
|
|upkeep
|
|t:|1776032309
|switch|p2a: Iron Moth|Iron Moth|100/100
|-damage|p2a: Iron Moth|76/100|[from] Stealth Rock
|-enditem|p2a: Iron Moth|Booster Energy
|-activate|p2a: Iron Moth|ability: Quark Drive|[fromitem]
|-start|p2a: Iron Moth|quarkdrivespa
|turn|16
|
|t:|1776032316
|move|p2a: Iron Moth|Sludge Wave|p1a: Hatterene
|-supereffective|p1a: Hatterene
|-damage|p1a: Hatterene|34/100
|move|p1a: Hatterene|Psychic|p2a: Iron Moth
|-supereffective|p2a: Iron Moth
|-damage|p2a: Iron Moth|0 fnt
|faint|p2a: Iron Moth
|-end|p2a: Iron Moth|Quark Drive|[silent]
|
|upkeep
|
|t:|1776032325
|switch|p2a: Greninja|Greninja, M|78/100
|-damage|p2a: Greninja|66/100|[from] Stealth Rock
|turn|17
|
|t:|1776032329
|move|p2a: Greninja|Sludge Wave|p1a: Hatterene
|-supereffective|p1a: Hatterene
|-damage|p1a: Hatterene|0 fnt
|faint|p1a: Hatterene
|-damage|p2a: Greninja|56/100|[from] item: Life Orb
|
|upkeep
|
|t:|1776032333
|switch|p1a: Alomomola|Alomomola, F|100/100
|turn|18
|
|t:|1776032339
|-terastallize|p2a: Greninja|Water
|move|p2a: Greninja|Sludge Wave|p1a: Alomomola
|-crit|p1a: Alomomola
|-damage|p1a: Alomomola|36/100
|-damage|p2a: Greninja|46/100|[from] item: Life Orb
|move|p1a: Alomomola|Wish|p1a: Alomomola
|
|-heal|p1a: Alomomola|42/100|[from] item: Leftovers
|upkeep
|turn|19
|
|t:|1776032348
|move|p1a: Alomomola|Protect|p1a: Alomomola
|-singleturn|p1a: Alomomola|Protect
|move|p2a: Greninja|Sludge Wave|p1a: Alomomola
|-activate|p1a: Alomomola|move: Protect
|
|-heal|p1a: Alomomola|92/100|[from] move: Wish|[wisher] Alomomola
|-heal|p1a: Alomomola|98/100|[from] item: Leftovers
|upkeep
|turn|20
|
|t:|1776032351
|move|p2a: Greninja|Sludge Wave|p1a: Alomomola
|-damage|p1a: Alomomola|52/100
|-damage|p2a: Greninja|37/100|[from] item: Life Orb
|move|p1a: Alomomola|Wish|p1a: Alomomola
|
|-heal|p1a: Alomomola|59/100|[from] item: Leftovers
|upkeep
|turn|21
|
|t:|1776032362
|move|p1a: Alomomola|Protect|p1a: Alomomola
|-singleturn|p1a: Alomomola|Protect
|move|p2a: Greninja|Sludge Wave|p1a: Alomomola
|-activate|p1a: Alomomola|move: Protect
|
|-heal|p1a: Alomomola|100/100|[from] move: Wish|[wisher] Alomomola
|upkeep
|turn|22
|
|t:|1776032366
|move|p2a: Greninja|Sludge Wave|p1a: Alomomola
|-damage|p1a: Alomomola|61/100
|-status|p1a: Alomomola|psn
|-damage|p2a: Greninja|27/100|[from] item: Life Orb
|move|p1a: Alomomola|Wish|p1a: Alomomola
|
|-heal|p1a: Alomomola|67/100 psn|[from] item: Leftovers
|-damage|p1a: Alomomola|54/100 psn|[from] psn
|upkeep
|turn|23
|
|t:|1776032370
|move|p2a: Greninja|Sludge Wave|p1a: Alomomola
|-damage|p1a: Alomomola|11/100 psn
|-damage|p2a: Greninja|17/100|[from] item: Life Orb
|move|p1a: Alomomola|Liquidation|p2a: Greninja
|-resisted|p2a: Greninja
|-damage|p2a: Greninja|0 fnt
|faint|p2a: Greninja
|
|-heal|p1a: Alomomola|61/100 psn|[from] move: Wish|[wisher] Alomomola
|-heal|p1a: Alomomola|67/100 psn|[from] item: Leftovers
|-damage|p1a: Alomomola|55/100 psn|[from] psn
|upkeep
|
|t:|1776032378
|switch|p2a: Dragapult|Dragapult, F|100/100
|-damage|p2a: Dragapult|88/100|[from] Stealth Rock
|turn|24
|
|t:|1776032382
|move|p1a: Alomomola|Protect|p1a: Alomomola
|-singleturn|p1a: Alomomola|Protect
|move|p2a: Dragapult|Acrobatics|p1a: Alomomola
|-activate|p1a: Alomomola|move: Protect
|
|-heal|p1a: Alomomola|61/100 psn|[from] item: Leftovers
|-damage|p1a: Alomomola|48/100 psn|[from] psn
|upkeep
|turn|25
|
|t:|1776032386
|move|p2a: Dragapult|Acrobatics|p1a: Alomomola
|-damage|p1a: Alomomola|28/100 psn
|move|p1a: Alomomola|Wish|p1a: Alomomola
|
|-heal|p1a: Alomomola|35/100 psn|[from] item: Leftovers
|-damage|p1a: Alomomola|22/100 psn|[from] psn
|upkeep
|turn|26
|
|t:|1776032392
|move|p2a: Dragapult|Acrobatics|p1a: Alomomola
|-crit|p1a: Alomomola
|-damage|p1a: Alomomola|0 fnt
|faint|p1a: Alomomola
|
|upkeep
|
|t:|1776032394
|switch|p1a: Delphox|Delphox, M|40/100
|turn|27
|
|t:|1776032403
|move|p2a: Dragapult|Sucker Punch|p1a: Delphox
|-supereffective|p1a: Delphox
|-damage|p1a: Delphox|0 fnt
|faint|p1a: Delphox
|
|win|edpunch
|raw|Cammmin's rating: 1158 &rarr; <strong>1131</strong><br />(-27 for losing)
|raw|edpunch's rating: 1131 &rarr; <strong>1158</strong><br />(+27 for winning)
|l|☆Cammmin
|player|p1|
|c|☆edpunch|gg
|c|☆edpunch|loll
|l|☆edpunch
|player|p2|
