|html|<div class="broadcast-blue"><strong>[Gen 9] OU is currently suspecting Tera Blast! For information on how to participate check out the <a href="https://www.smogon.com/tools/suspects/view/200">suspect thread</a>.</strong></div>
|j|☆LazerSh0t99
|j|☆flaidoge
|t:|1776203554
|gametype|singles
|player|p1|LazerSh0t99|workerice|1081
|player|p2|flaidoge|2|1102
|gen|9
|tier|[Gen 9] OU
|rated|
|rule|HP Percentage Mod: HP is shown in percentages
|rule|Endless Battle Clause: Forcing endless battles is banned
|rule|Species Clause: Limit one of each Pokémon
|rule|OHKO Clause: OHKO moves are banned
|rule|Evasion Items Clause: Evasion items are banned
|rule|Evasion Moves Clause: Evasion moves are banned
|rule|Evasion Abilities Clause: Evasion abilities are banned
|rule|Sleep Moves Clause: Sleep-inducing moves are banned
|clearpoke
|poke|p1|Zoroark-Hisui, M|
|poke|p1|Ting-Lu|
|poke|p1|Porygon-Z|
|poke|p1|Dragonite, M|
|poke|p1|Galvantula, M|
|poke|p1|Incineroar, F|
|poke|p2|Dragapult, F|
|poke|p2|Rotom-Wash|
|poke|p2|Corviknight, F|
|poke|p2|Excadrill, M|
|poke|p2|Tyranitar, M|
|poke|p2|Ting-Lu|
|teampreview
|
|t:|1776203584
|teamsize|p1|6
|teamsize|p2|6
|start
|switch|p1a: Dragonite|Dragonite, M|100/100
|switch|p2a: Tyranitar|Tyranitar, M|100/100
|-weather|Sandstorm|[from] ability: Sand Stream|[of] p2a: Tyranitar
|turn|1
|
|t:|1776203602
|move|p1a: Dragonite|Dragon Dance|p1a: Dragonite
|-boost|p1a: Dragonite|atk|1
|-boost|p1a: Dragonite|spe|1
|move|p2a: Tyranitar|Stealth Rock|p1a: Dragonite
|-sidestart|p1: LazerSh0t99|move: Stealth Rock
|
|-weather|Sandstorm|[upkeep]
|-damage|p1a: Dragonite|94/100|[from] Sandstorm
|upkeep
|turn|2
|
|t:|1776203608
|move|p1a: Dragonite|Ice Spinner|p2a: Tyranitar
|-damage|p2a: Tyranitar|63/100
|move|p2a: Tyranitar|Thunder Wave|p1a: Dragonite
|-status|p1a: Dragonite|par
|
|-weather|Sandstorm|[upkeep]
|-damage|p1a: Dragonite|88/100 par|[from] Sandstorm
|upkeep
|turn|3
|inactive|Battle timer is ON: inactive players will automatically lose when time's up. (requested by flaidoge)
|
|t:|1776203633
|move|p1a: Dragonite|Dragon Rush|p2a: Tyranitar
|-damage|p2a: Tyranitar|0 fnt
|faint|p2a: Tyranitar
|
|-weather|Sandstorm|[upkeep]
|-damage|p1a: Dragonite|82/100 par|[from] Sandstorm
|upkeep
|
|t:|1776203642
|switch|p2a: Excadrill|Excadrill, M|100/100
|turn|4
|
|t:|1776203654
|move|p2a: Excadrill|Iron Head|p1a: Dragonite
|-damage|p1a: Dragonite|20/100 par
|-damage|p2a: Excadrill|91/100|[from] item: Life Orb
|cant|p1a: Dragonite|par
|
|-weather|Sandstorm|[upkeep]
|-damage|p1a: Dragonite|14/100 par|[from] Sandstorm
|upkeep
|turn|5
|
|t:|1776203666
|switch|p1a: Incineroar|Incineroar, F|100/100
|-ability|p1a: Incineroar|Intimidate|boost
|-unboost|p2a: Excadrill|atk|1
|move|p2a: Excadrill|Swords Dance|p2a: Excadrill
|-boost|p2a: Excadrill|atk|2
|
|-weather|Sandstorm|[upkeep]
|-damage|p1a: Incineroar|94/100|[from] Sandstorm
|upkeep
|turn|6
|
|t:|1776203681
|move|p2a: Excadrill|Earthquake|p1a: Incineroar
|-supereffective|p1a: Incineroar
|-damage|p1a: Incineroar|0 fnt
|faint|p1a: Incineroar
|-damage|p2a: Excadrill|81/100|[from] item: Life Orb
|
|-weather|Sandstorm|[upkeep]
|upkeep
|
|t:|1776203693
|switch|p1a: Porygon-Z|Porygon-Z|100/100
|-damage|p1a: Porygon-Z|88/100|[from] Stealth Rock
|-ability|p1a: Porygon-Z|Download|boost
|-boost|p1a: Porygon-Z|atk|1
|turn|7
|
|t:|1776203702
|switch|p1a: Ting-Lu|Ting-Lu|100/100
|-damage|p1a: Ting-Lu|94/100|[from] Stealth Rock
|-ability|p1a: Ting-Lu|Vessel of Ruin
|-terastallize|p2a: Excadrill|Ground
|move|p2a: Excadrill|Swords Dance|p2a: Excadrill
|-boost|p2a: Excadrill|atk|2
|
|-weather|Sandstorm|[upkeep]
|-heal|p1a: Ting-Lu|100/100|[from] item: Leftovers
|upkeep
|turn|8
|
|t:|1776203718
|move|p2a: Excadrill|Rapid Spin|p1a: Ting-Lu
|-damage|p1a: Ting-Lu|72/100
|-boost|p2a: Excadrill|spe|1
|-damage|p2a: Excadrill|71/100|[from] item: Life Orb
|move|p1a: Ting-Lu|Earthquake|p2a: Excadrill
|-damage|p2a: Excadrill|19/100
|
|-weather|none
|-heal|p1a: Ting-Lu|78/100|[from] item: Leftovers
|upkeep
|turn|9
|
|t:|1776203729
|move|p2a: Excadrill|Earthquake|p1a: Ting-Lu
|-damage|p1a: Ting-Lu|0 fnt
|faint|p1a: Ting-Lu
|-damage|p2a: Excadrill|9/100|[from] item: Life Orb
|
|upkeep
|
|t:|1776203737
|switch|p1a: Dragonite|Dragonite, M|14/100 par
|turn|10
|
|t:|1776203744
|move|p1a: Dragonite|Extreme Speed|p2a: Excadrill
|-damage|p2a: Excadrill|0 fnt
|faint|p2a: Excadrill
|
|upkeep
|
|t:|1776203754
|switch|p2a: Corviknight|Corviknight, F|100/100
|-ability|p2a: Corviknight|Pressure
|turn|11
|
|t:|1776203763
|move|p2a: Corviknight|U-turn|p1a: Dragonite
|-resisted|p1a: Dragonite
|-damage|p1a: Dragonite|6/100 par
|
|t:|1776203768
|switch|p2a: Ting-Lu|Ting-Lu|100/100|[from] U-turn
|-ability|p2a: Ting-Lu|Vessel of Ruin
|move|p1a: Dragonite|Ice Spinner|p2a: Ting-Lu
|-supereffective|p2a: Ting-Lu
|-damage|p2a: Ting-Lu|69/100
|
|-heal|p2a: Ting-Lu|75/100|[from] item: Leftovers
|upkeep
|turn|12
|
|t:|1776203789
|move|p1a: Dragonite|Ice Spinner|p2a: Ting-Lu
|-supereffective|p2a: Ting-Lu
|-damage|p2a: Ting-Lu|42/100
|move|p2a: Ting-Lu|Spikes|p1a: Dragonite
|-sidestart|p1: LazerSh0t99|Spikes
|
|-heal|p2a: Ting-Lu|48/100|[from] item: Leftovers
|upkeep
|turn|13
|
|t:|1776203798
|move|p1a: Dragonite|Ice Spinner|p2a: Ting-Lu
|-supereffective|p2a: Ting-Lu
|-damage|p2a: Ting-Lu|12/100
|move|p2a: Ting-Lu|Whirlwind|p1a: Dragonite
|drag|p1a: Galvantula|Galvantula, M|100/100
|-damage|p1a: Galvantula|88/100|[from] Stealth Rock
|-damage|p1a: Galvantula|76/100|[from] Spikes
|
|-heal|p2a: Ting-Lu|18/100|[from] item: Leftovers
|upkeep
|turn|14
|
|t:|1776203818
|move|p1a: Galvantula|Hyper Voice|p2a: Ting-Lu
|-damage|p2a: Ting-Lu|0 fnt
|faint|p2a: Ting-Lu
|
|upkeep
|
|t:|1776203829
|switch|p2a: Dragapult|Dragapult, F|100/100
|turn|15
|
|t:|1776203837
|move|p2a: Dragapult|Flamethrower|p1a: Galvantula
|-damage|p1a: Galvantula|0 fnt
|replace|p1a: Zoroark|Zoroark-Hisui, M
|-end|p1a: Zoroark|Illusion
|faint|p1a: Zoroark
|
|upkeep
|
|t:|1776203852
|switch|p1a: Porygon-Z|Porygon-Z|88/100
|-damage|p1a: Porygon-Z|75/100|[from] Stealth Rock
|-damage|p1a: Porygon-Z|63/100|[from] Spikes
|-ability|p1a: Porygon-Z|Download|boost
|-boost|p1a: Porygon-Z|atk|1
|turn|16
|
|t:|1776203859
|-terastallize|p1a: Porygon-Z|Steel
|move|p2a: Dragapult|Flamethrower|p1a: Porygon-Z
|-supereffective|p1a: Porygon-Z
|-damage|p1a: Porygon-Z|0 fnt
|faint|p1a: Porygon-Z
|
|upkeep
|
|t:|1776203864
|switch|p1a: Galvantula|Galvantula, M|100/100
|-damage|p1a: Galvantula|76/100|[from] Stealth Rock
|-damage|p1a: Galvantula|63/100|[from] Spikes
|turn|17
|c|☆flaidoge|Bruh
|
|t:|1776203876
|move|p2a: Dragapult|Flamethrower|p1a: Galvantula
|-supereffective|p1a: Galvantula
|-damage|p1a: Galvantula|0 fnt
|faint|p1a: Galvantula
|
|upkeep
|c|☆flaidoge|Gg
|
|t:|1776203883
|switch|p1a: Dragonite|Dragonite, M|6/100 par
|turn|18
|c|☆LazerSh0t99|bomboclaat
|
|t:|1776203893
|move|p2a: Dragapult|Flamethrower|p1a: Dragonite
|-resisted|p1a: Dragonite
|-damage|p1a: Dragonite|0 fnt
|faint|p1a: Dragonite
|
|win|flaidoge
|raw|LazerSh0t99's rating: 1081 &rarr; <strong>1060</strong><br />(-21 for losing)
|raw|flaidoge's rating: 1102 &rarr; <strong>1125</strong><br />(+23 for winning)
|l|☆LazerSh0t99
|player|p1|
