|html|<div class="broadcast-blue"><strong>[Gen 9] OU is currently suspecting Tera Blast! For information on how to participate check out the <a href="https://www.smogon.com/tools/suspects/view/200">suspect thread</a>.</strong></div>
|j|☆tourmey
|j|☆BAzz Barge
|t:|1776192610
|gametype|singles
|player|p1|tourmey|266|1314
|player|p2|BAzz Barge|benga|1254
|gen|9
|tier|[Gen 9] OU
|rated|
|rule|HP Percentage Mod: HP is shown in percentages
|rule|Endless Battle Clause: Forcing endless battles is banned
|rule|Species Clause: Limit one of each Pokémon
|rule|OHKO Clause: OHKO moves are banned
|rule|Evasion Items Clause: Evasion items are banned
|rule|Evasion Moves Clause: Evasion moves are banned
|rule|Evasion Abilities Clause: Evasion abilities are banned
|rule|Sleep Moves Clause: Sleep-inducing moves are banned
|clearpoke
|poke|p1|Dragapult, F|
|poke|p1|Alomomola, F|
|poke|p1|Ting-Lu|
|poke|p1|Kyurem|
|poke|p1|Weezing-Galar, F|
|poke|p1|Corviknight, F|
|poke|p2|Tyranitar, M|
|poke|p2|Excadrill, M|
|poke|p2|Dragapult, M|
|poke|p2|Ogerpon-Wellspring, F|
|poke|p2|Great Tusk|
|poke|p2|Iron Moth|
|teampreview
|inactive|Battle timer is ON: inactive players will automatically lose when time's up. (requested by tourmey)
|
|t:|1776192635
|teamsize|p1|6
|teamsize|p2|6
|start
|switch|p1a: Moody Blues|Dragapult, F, shiny|100/100
|switch|p2a: Great Tusk|Great Tusk|100/100
|turn|1
|
|t:|1776192655
|move|p1a: Moody Blues|Will-O-Wisp|p2a: Great Tusk
|-status|p2a: Great Tusk|brn
|move|p2a: Great Tusk|Ice Spinner|p1a: Moody Blues
|-supereffective|p1a: Moody Blues
|-damage|p1a: Moody Blues|69/100
|
|-damage|p2a: Great Tusk|94/100 brn|[from] brn
|upkeep
|turn|2
|
|t:|1776192665
|switch|p1a: Fogbound Lake|Alomomola, F|100/100
|-end|p2a: Great Tusk|Protosynthesis|[silent]
|switch|p2a: Tyranitar|Tyranitar, M|100/100
|-weather|Sandstorm|[from] ability: Sand Stream|[of] p2a: Tyranitar
|
|-weather|Sandstorm|[upkeep]
|-damage|p1a: Fogbound Lake|94/100|[from] Sandstorm
|upkeep
|turn|3
|
|t:|1776192688
|move|p2a: Tyranitar|Knock Off|p1a: Fogbound Lake
|-damage|p1a: Fogbound Lake|50/100
|-damage|p2a: Tyranitar|84/100|[from] item: Rocky Helmet|[of] p1a: Fogbound Lake
|-enditem|p1a: Fogbound Lake|Rocky Helmet|[from] move: Knock Off|[of] p2a: Tyranitar
|move|p1a: Fogbound Lake|Flip Turn|p2a: Tyranitar
|-supereffective|p2a: Tyranitar
|-damage|p2a: Tyranitar|55/100
|inactive|tourmey has 120 seconds left.
|
|t:|1776192708
|switch|p1a: Ting-Lu|Ting-Lu|100/100|[from] Flip Turn
|-ability|p1a: Ting-Lu|Vessel of Ruin
|
|-weather|Sandstorm|[upkeep]
|upkeep
|turn|4
|inactive|tourmey has 120 seconds left.
|
|t:|1776192738
|switch|p2a: Ogerpon|Ogerpon-Wellspring, F|100/100
|move|p1a: Ting-Lu|Stealth Rock|p2a: Ogerpon
|-sidestart|p2: BAzz Barge|move: Stealth Rock
|
|-weather|Sandstorm|[upkeep]
|-damage|p2a: Ogerpon|95/100|[from] Sandstorm
|upkeep
|turn|5
|inactive|tourmey has 120 seconds left.
|inactive|BAzz Barge has 120 seconds left.
|
|t:|1776192756
|switch|p1a: Weezing|Weezing-Galar, F|100/100
|-ability|p1a: Weezing|Neutralizing Gas
|move|p2a: Ogerpon|U-turn|p1a: Weezing
|-resisted|p1a: Weezing
|-damage|p1a: Weezing|95/100
|inactive|BAzz Barge has 120 seconds left.
|
|t:|1776192764
|switch|p2a: Excadrill|Excadrill, M|100/100|[from] U-turn
|-damage|p2a: Excadrill|97/100|[from] Stealth Rock
|-item|p2a: Excadrill|Air Balloon
|
|-weather|Sandstorm|[upkeep]
|-damage|p1a: Weezing|89/100|[from] Sandstorm
|-heal|p1a: Weezing|95/100|[from] item: Leftovers
|upkeep
|turn|6
|inactive|tourmey has 120 seconds left.
|inactive|BAzz Barge has 120 seconds left.
|
|t:|1776192799
|-terastallize|p1a: Weezing|Grass
|move|p2a: Excadrill|Rock Slide|p1a: Weezing
|-damage|p1a: Weezing|72/100
|cant|p1a: Weezing|flinch
|
|-weather|none
|-heal|p1a: Weezing|78/100|[from] item: Leftovers
|upkeep
|turn|7
|inactive|BAzz Barge has 120 seconds left.
|
|t:|1776192812
|switch|p2a: Iron Moth|Iron Moth|100/100
|-damage|p2a: Iron Moth|76/100|[from] Stealth Rock
|move|p1a: Weezing|Will-O-Wisp|p2a: Iron Moth
|-immune|p2a: Iron Moth
|
|-heal|p1a: Weezing|84/100|[from] item: Leftovers
|upkeep
|turn|8
|inactive|BAzz Barge has 120 seconds left.
|
|t:|1776192834
|move|p1a: Weezing|Protect|p1a: Weezing
|-singleturn|p1a: Weezing|Protect
|move|p2a: Iron Moth|Substitute|p2a: Iron Moth
|-start|p2a: Iron Moth|Substitute
|-damage|p2a: Iron Moth|51/100
|
|-heal|p1a: Weezing|90/100|[from] item: Leftovers
|upkeep
|turn|9
|
|t:|1776192855
|-end|p1a: Weezing|ability: Neutralizing Gas
|switch|p1a: Fogbound Lake|Alomomola, F|84/100
|-enditem|p2a: Iron Moth|Booster Energy
|-activate|p2a: Iron Moth|ability: Quark Drive|[fromitem]
|-start|p2a: Iron Moth|quarkdrivespe
|move|p2a: Iron Moth|Fiery Dance|p1a: Fogbound Lake
|-resisted|p1a: Fogbound Lake
|-damage|p1a: Fogbound Lake|62/100
|
|upkeep
|turn|10
|inactive|BAzz Barge has 120 seconds left.
|
|t:|1776192866
|move|p2a: Iron Moth|Sludge Wave|p1a: Fogbound Lake
|-damage|p1a: Fogbound Lake|4/100
|move|p1a: Fogbound Lake|Flip Turn|p2a: Iron Moth
|-supereffective|p2a: Iron Moth
|-end|p2a: Iron Moth|Substitute
|
|t:|1776192869
|switch|p1a: Moody Blues|Dragapult, F, shiny|69/100|[from] Flip Turn
|
|upkeep
|turn|11
|
|t:|1776192879
|-terastallize|p2a: Iron Moth|Fairy
|move|p2a: Iron Moth|Dazzling Gleam|p1a: Moody Blues
|-supereffective|p1a: Moody Blues
|-damage|p1a: Moody Blues|0 fnt
|faint|p1a: Moody Blues
|
|upkeep
|inactive|tourmey has 90 seconds left.
|
|t:|1776192929
|switch|p1a: Corviknight|Corviknight, F|100/100
|-ability|p1a: Corviknight|Pressure
|turn|12
|
|t:|1776192934
|move|p2a: Iron Moth|Fiery Dance|p1a: Corviknight
|-supereffective|p1a: Corviknight
|-damage|p1a: Corviknight|46/100
|move|p1a: Corviknight|Brave Bird|p2a: Iron Moth
|-damage|p2a: Iron Moth|0 fnt
|faint|p2a: Iron Moth
|-end|p2a: Iron Moth|Quark Drive|[silent]
|-damage|p1a: Corviknight|33/100|[from] Recoil
|
|-heal|p1a: Corviknight|40/100|[from] item: Leftovers
|upkeep
|
|t:|1776192946
|switch|p2a: Tyranitar|Tyranitar, M|55/100
|-damage|p2a: Tyranitar|43/100|[from] Stealth Rock
|-weather|Sandstorm|[from] ability: Sand Stream|[of] p2a: Tyranitar
|turn|13
|inactive|tourmey has 90 seconds left.
|
|t:|1776192975
|move|p2a: Tyranitar|Knock Off|p1a: Corviknight
|-damage|p1a: Corviknight|0 fnt
|-enditem|p1a: Corviknight|Leftovers|[from] move: Knock Off|[of] p2a: Tyranitar
|faint|p1a: Corviknight
|
|-weather|Sandstorm|[upkeep]
|upkeep
|
|t:|1776192987
|switch|p1a: Tiffany BlueStones|Kyurem, shiny|100/100
|-ability|p1a: Tiffany BlueStones|Pressure
|turn|14
|
|t:|1776192993
|move|p1a: Tiffany BlueStones|Substitute|p1a: Tiffany BlueStones
|-start|p1a: Tiffany BlueStones|Substitute
|-damage|p1a: Tiffany BlueStones|76/100
|move|p2a: Tyranitar|Knock Off|p1a: Tiffany BlueStones
|-end|p1a: Tiffany BlueStones|Substitute
|
|-weather|Sandstorm|[upkeep]
|-damage|p1a: Tiffany BlueStones|70/100|[from] Sandstorm
|-heal|p1a: Tiffany BlueStones|76/100|[from] item: Leftovers
|upkeep
|turn|15
|
|t:|1776193003
|switch|p2a: Excadrill|Excadrill, M|97/100
|-damage|p2a: Excadrill|94/100|[from] Stealth Rock
|-item|p2a: Excadrill|Air Balloon
|move|p1a: Tiffany BlueStones|Earth Power|p2a: Excadrill
|-immune|p2a: Excadrill
|
|-weather|Sandstorm|[upkeep]
|-damage|p1a: Tiffany BlueStones|70/100|[from] Sandstorm
|-heal|p1a: Tiffany BlueStones|76/100|[from] item: Leftovers
|upkeep
|turn|16
|
|t:|1776193017
|move|p2a: Excadrill|Earthquake|p1a: Tiffany BlueStones
|-damage|p1a: Tiffany BlueStones|24/100
|move|p1a: Tiffany BlueStones|Freeze-Dry|p2a: Excadrill
|-damage|p2a: Excadrill|43/100
|-enditem|p2a: Excadrill|Air Balloon
|
|-weather|Sandstorm|[upkeep]
|-damage|p1a: Tiffany BlueStones|18/100|[from] Sandstorm
|-heal|p1a: Tiffany BlueStones|24/100|[from] item: Leftovers
|upkeep
|turn|17
|
|t:|1776193027
|switch|p1a: Weezing|Weezing-Galar, F, tera:Grass|90/100
|-ability|p1a: Weezing|Neutralizing Gas
|move|p2a: Excadrill|Earthquake|p1a: Weezing
|-resisted|p1a: Weezing
|-damage|p1a: Weezing|67/100
|
|-weather|none
|-heal|p1a: Weezing|73/100|[from] item: Leftovers
|upkeep
|turn|18
|inactive|tourmey has 90 seconds left.
|
|t:|1776193049
|switch|p2a: Dragapult|Dragapult, M|100/100
|-damage|p2a: Dragapult|88/100|[from] Stealth Rock
|move|p1a: Weezing|Will-O-Wisp|p2a: Dragapult
|-status|p2a: Dragapult|brn
|
|-heal|p1a: Weezing|79/100|[from] item: Leftovers
|-damage|p2a: Dragapult|82/100 brn|[from] brn
|upkeep
|turn|19
|
|t:|1776193063
|move|p1a: Weezing|Protect|p1a: Weezing
|-singleturn|p1a: Weezing|Protect
|move|p2a: Dragapult|Draco Meteor|p1a: Weezing
|-activate|p1a: Weezing|move: Protect
|
|-heal|p1a: Weezing|85/100|[from] item: Leftovers
|-damage|p2a: Dragapult|76/100 brn|[from] brn
|upkeep
|turn|20
|
|t:|1776193071
|-end|p1a: Weezing|ability: Neutralizing Gas
|switch|p1a: Ting-Lu|Ting-Lu|100/100
|-ability|p1a: Ting-Lu|Vessel of Ruin
|move|p2a: Dragapult|Draco Meteor|p1a: Ting-Lu
|-damage|p1a: Ting-Lu|65/100
|-unboost|p2a: Dragapult|spa|2
|
|-heal|p1a: Ting-Lu|72/100|[from] item: Leftovers
|-damage|p2a: Dragapult|70/100 brn|[from] brn
|upkeep
|turn|21
|
|t:|1776193082
|switch|p2a: Great Tusk|Great Tusk|94/100 brn
|-damage|p2a: Great Tusk|91/100 brn|[from] Stealth Rock
|move|p1a: Ting-Lu|Ruination|p2a: Great Tusk
|-damage|p2a: Great Tusk|46/100 brn
|
|-heal|p1a: Ting-Lu|78/100|[from] item: Leftovers
|-damage|p2a: Great Tusk|40/100 brn|[from] brn
|upkeep
|turn|22
|
|t:|1776193094
|switch|p1a: Weezing|Weezing-Galar, F, tera:Grass|85/100
|-ability|p1a: Weezing|Neutralizing Gas
|move|p2a: Great Tusk|Rapid Spin|p1a: Weezing
|-damage|p1a: Weezing|79/100
|-boost|p2a: Great Tusk|spe|1
|-sideend|p2: BAzz Barge|Stealth Rock|[from] move: Rapid Spin|[of] p2a: Great Tusk
|
|-heal|p1a: Weezing|85/100|[from] item: Leftovers
|-damage|p2a: Great Tusk|33/100 brn|[from] brn
|upkeep
|turn|23
|
|t:|1776193104
|move|p1a: Weezing|Protect|p1a: Weezing
|-singleturn|p1a: Weezing|Protect
|move|p2a: Great Tusk|Stealth Rock|p1a: Weezing
|-sidestart|p1: tourmey|move: Stealth Rock
|
|-heal|p1a: Weezing|91/100|[from] item: Leftovers
|-damage|p2a: Great Tusk|27/100 brn|[from] brn
|upkeep
|turn|24
|inactive|tourmey has 120 seconds left.
|
|t:|1776193122
|move|p2a: Great Tusk|Ice Spinner|p1a: Weezing
|-supereffective|p1a: Weezing
|-damage|p1a: Weezing|75/100
|move|p1a: Weezing|Defog|p2a: Great Tusk
|-unboost|p2a: Great Tusk|evasion|1
|-sideend|p1: tourmey|Stealth Rock|[from] move: Defog|[of] p1a: Weezing
|
|-heal|p1a: Weezing|81/100|[from] item: Leftovers
|-damage|p2a: Great Tusk|21/100 brn|[from] brn
|upkeep
|turn|25
|
|t:|1776193137
|move|p1a: Weezing|Protect|p1a: Weezing
|-singleturn|p1a: Weezing|Protect
|move|p2a: Great Tusk|Stealth Rock|p1a: Weezing
|-sidestart|p1: tourmey|move: Stealth Rock
|
|-heal|p1a: Weezing|87/100|[from] item: Leftovers
|-damage|p2a: Great Tusk|15/100 brn|[from] brn
|upkeep
|turn|26
|
|t:|1776193148
|-end|p2a: Great Tusk|Protosynthesis|[silent]
|switch|p2a: Dragapult|Dragapult, M|70/100 brn
|move|p1a: Weezing|Defog|p2a: Dragapult
|-unboost|p2a: Dragapult|evasion|1
|-sideend|p1: tourmey|Stealth Rock|[from] move: Defog|[of] p1a: Weezing
|
|-heal|p1a: Weezing|93/100|[from] item: Leftovers
|-damage|p2a: Dragapult|64/100 brn|[from] brn
|upkeep
|turn|27
|
|t:|1776193163
|move|p1a: Weezing|Protect|p1a: Weezing
|-singleturn|p1a: Weezing|Protect
|move|p2a: Dragapult|Flamethrower|p1a: Weezing
|-activate|p1a: Weezing|move: Protect
|
|-heal|p1a: Weezing|99/100|[from] item: Leftovers
|-damage|p2a: Dragapult|58/100 brn|[from] brn
|upkeep
|turn|28
|
|t:|1776193173
|switch|p2a: Tyranitar|Tyranitar, M|43/100
|-end|p1a: Weezing|ability: Neutralizing Gas
|-weather|Sandstorm|[from] ability: Sand Stream|[of] p2a: Tyranitar
|switch|p1a: Ting-Lu|Ting-Lu|78/100
|-ability|p1a: Ting-Lu|Vessel of Ruin
|
|-weather|Sandstorm|[upkeep]
|-heal|p1a: Ting-Lu|84/100|[from] item: Leftovers
|upkeep
|turn|29
|inactive|tourmey has 120 seconds left.
|
|t:|1776193206
|move|p2a: Tyranitar|Low Kick|p1a: Ting-Lu
|-supereffective|p1a: Ting-Lu
|-damage|p1a: Ting-Lu|14/100
|move|p1a: Ting-Lu|Stealth Rock|p2a: Tyranitar
|-sidestart|p2: BAzz Barge|move: Stealth Rock
|
|-weather|Sandstorm|[upkeep]
|-heal|p1a: Ting-Lu|20/100|[from] item: Leftovers
|upkeep
|turn|30
|
|t:|1776193214
|move|p2a: Tyranitar|Low Kick|p1a: Ting-Lu
|-supereffective|p1a: Ting-Lu
|-damage|p1a: Ting-Lu|0 fnt
|faint|p1a: Ting-Lu
|
|-weather|Sandstorm|[upkeep]
|upkeep
|inactive|tourmey has 120 seconds left.
|
|t:|1776193226
|switch|p1a: Fogbound Lake|Alomomola, F|37/100
|turn|31
|
|t:|1776193234
|switch|p2a: Great Tusk|Great Tusk|15/100 brn
|-damage|p2a: Great Tusk|12/100 brn|[from] Stealth Rock
|move|p1a: Fogbound Lake|Protect||[still]
|-fail|p1a: Fogbound Lake
|
|-weather|Sandstorm|[upkeep]
|-damage|p1a: Fogbound Lake|31/100|[from] Sandstorm
|-damage|p2a: Great Tusk|6/100 brn|[from] brn
|upkeep
|turn|32
|
|t:|1776193245
|move|p2a: Great Tusk|Stealth Rock|p1a: Fogbound Lake
|-sidestart|p1: tourmey|move: Stealth Rock
|move|p1a: Fogbound Lake|Wish|p1a: Fogbound Lake
|
|-weather|none
|-damage|p2a: Great Tusk|0 fnt|[from] brn
|faint|p2a: Great Tusk
|-end|p2a: Great Tusk|Protosynthesis|[silent]
|upkeep
|
|t:|1776193256
|switch|p2a: Tyranitar|Tyranitar, M|43/100
|-damage|p2a: Tyranitar|31/100|[from] Stealth Rock
|-weather|Sandstorm|[from] ability: Sand Stream|[of] p2a: Tyranitar
|turn|33
|
|t:|1776193274
|move|p1a: Fogbound Lake|Protect|p1a: Fogbound Lake
|-singleturn|p1a: Fogbound Lake|Protect
|move|p2a: Tyranitar|Stone Edge|p1a: Fogbound Lake
|-activate|p1a: Fogbound Lake|move: Protect
|
|-weather|Sandstorm|[upkeep]
|-damage|p1a: Fogbound Lake|25/100|[from] Sandstorm
|-heal|p1a: Fogbound Lake|75/100|[from] move: Wish|[wisher] Fogbound Lake
|upkeep
|turn|34
|
|t:|1776193287
|switch|p2a: Ogerpon|Ogerpon-Wellspring, F|95/100
|-damage|p2a: Ogerpon|82/100|[from] Stealth Rock
|switch|p1a: Weezing|Weezing-Galar, F, tera:Grass|99/100
|-ability|p1a: Weezing|Neutralizing Gas
|-damage|p1a: Weezing|87/100|[from] Stealth Rock
|
|-weather|Sandstorm|[upkeep]
|-damage|p2a: Ogerpon|76/100|[from] Sandstorm
|-damage|p1a: Weezing|81/100|[from] Sandstorm
|-heal|p1a: Weezing|87/100|[from] item: Leftovers
|upkeep
|turn|35
|
|t:|1776193302
|move|p2a: Ogerpon|U-turn|p1a: Weezing
|-supereffective|p1a: Weezing
|-damage|p1a: Weezing|48/100
|
|t:|1776193307
|switch|p2a: Dragapult|Dragapult, M|58/100 brn|[from] U-turn
|-damage|p2a: Dragapult|46/100 brn|[from] Stealth Rock
|move|p1a: Weezing|Toxic||[still]
|-fail|p1a: Weezing
|
|-weather|Sandstorm|[upkeep]
|-damage|p2a: Dragapult|40/100 brn|[from] Sandstorm
|-damage|p1a: Weezing|42/100|[from] Sandstorm
|-heal|p1a: Weezing|48/100|[from] item: Leftovers
|-damage|p2a: Dragapult|34/100 brn|[from] brn
|upkeep
|turn|36
|
|t:|1776193327
|move|p1a: Weezing|Protect|p1a: Weezing
|-singleturn|p1a: Weezing|Protect
|move|p2a: Dragapult|Draco Meteor|p1a: Weezing
|-activate|p1a: Weezing|move: Protect
|
|-weather|Sandstorm|[upkeep]
|-damage|p2a: Dragapult|28/100 brn|[from] Sandstorm
|-damage|p1a: Weezing|42/100|[from] Sandstorm
|-heal|p1a: Weezing|48/100|[from] item: Leftovers
|-damage|p2a: Dragapult|22/100 brn|[from] brn
|upkeep
|turn|37
|
|t:|1776193342
|-end|p1a: Weezing|ability: Neutralizing Gas
|switch|p1a: Fogbound Lake|Alomomola, F|100/100
|-damage|p1a: Fogbound Lake|88/100|[from] Stealth Rock
|move|p2a: Dragapult|Draco Meteor|p1a: Fogbound Lake
|-damage|p1a: Fogbound Lake|0 fnt
|-unboost|p2a: Dragapult|spa|2
|faint|p1a: Fogbound Lake
|
|-weather|none
|-damage|p2a: Dragapult|16/100 brn|[from] brn
|upkeep
|
|t:|1776193346
|switch|p1a: Weezing|Weezing-Galar, F, tera:Grass|48/100
|-ability|p1a: Weezing|Neutralizing Gas
|-damage|p1a: Weezing|35/100|[from] Stealth Rock
|turn|38
|
|t:|1776193357
|move|p2a: Dragapult|Draco Meteor|p1a: Weezing
|-damage|p1a: Weezing|0 fnt
|-unboost|p2a: Dragapult|spa|2
|faint|p1a: Weezing
|-end|p1a: Weezing|ability: Neutralizing Gas
|
|-damage|p2a: Dragapult|10/100 brn|[from] brn
|upkeep
|
|t:|1776193359
|switch|p1a: Tiffany BlueStones|Kyurem, shiny|24/100
|-damage|p1a: Tiffany BlueStones|0 fnt|[from] Stealth Rock
|faint|p1a: Tiffany BlueStones
|
|win|BAzz Barge
|raw|tourmey's rating: 1314 &rarr; <strong>1291</strong><br />(-23 for losing)
|raw|BAzz Barge's rating: 1254 &rarr; <strong>1283</strong><br />(+29 for winning)
|l|☆tourmey
|player|p1|
