|html|<div class="broadcast-blue"><strong>[Gen 9] OU is currently suspecting Tera Blast! For information on how to participate check out the <a href="https://www.smogon.com/tools/suspects/view/200">suspect thread</a>.</strong></div>
|j|☆PinguButGood
|j|☆PabloGYT
|t:|1776260855
|gametype|singles
|player|p1|PinguButGood|falkner|1284
|player|p2|PabloGYT|n|1245
|gen|9
|tier|[Gen 9] OU
|rated|
|rule|HP Percentage Mod: HP is shown in percentages
|rule|Endless Battle Clause: Forcing endless battles is banned
|rule|Species Clause: Limit one of each Pokémon
|rule|OHKO Clause: OHKO moves are banned
|rule|Evasion Items Clause: Evasion items are banned
|rule|Evasion Moves Clause: Evasion moves are banned
|rule|Evasion Abilities Clause: Evasion abilities are banned
|rule|Sleep Moves Clause: Sleep-inducing moves are banned
|clearpoke
|poke|p1|Kyurem|
|poke|p1|Rillaboom, M|
|poke|p1|Garganacl, F|
|poke|p1|Pecharunt|
|poke|p1|Iron Treads|
|poke|p1|Zamazenta-*|
|poke|p2|Toxtricity-Low-Key, M|
|poke|p2|Kyurem|
|poke|p2|Grimmsnarl, M|
|poke|p2|Cinderace, M|
|poke|p2|Garchomp, M|
|poke|p2|Zapdos-Galar|
|teampreview
|inactive|Battle timer is ON: inactive players will automatically lose when time's up. (requested by PinguButGood)
|inactive|PabloGYT also wants the timer to be on.
|
|t:|1776260868
|teamsize|p1|6
|teamsize|p2|6
|start
|switch|p1a: Pecharunt|Pecharunt|100/100
|switch|p2a: A kird|Zapdos-Galar, shiny|100/100
|turn|1
|
|t:|1776260875
|move|p2a: A kird|Brave Bird|p1a: Pecharunt
|-damage|p1a: Pecharunt|61/100
|-damage|p2a: A kird|85/100|[from] Recoil
|move|p1a: Pecharunt|Malignant Chain|p2a: A kird
|-damage|p2a: A kird|48/100
|
|upkeep
|turn|2
|
|t:|1776260887
|switch|p2a: Toxtricity|Toxtricity-Low-Key, M, shiny|100/100
|move|p1a: Pecharunt|Recover|p1a: Pecharunt
|-heal|p1a: Pecharunt|100/100
|
|upkeep
|turn|3
|
|t:|1776260896
|move|p2a: Toxtricity|Thunderbolt|p1a: Pecharunt
|-damage|p1a: Pecharunt|54/100
|move|p1a: Pecharunt|Parting Shot|p2a: Toxtricity
|-unboost|p2a: Toxtricity|atk|1
|-unboost|p2a: Toxtricity|spa|1
|
|t:|1776260913
|switch|p1a: Kyurem|Kyurem|100/100|[from] Parting Shot
|-ability|p1a: Kyurem|Pressure
|
|upkeep
|turn|4
|
|t:|1776260920
|switch|p2a: Cinderace|Cinderace, M|100/100
|move|p1a: Kyurem|Substitute|p1a: Kyurem
|-start|p1a: Kyurem|Substitute
|-damage|p1a: Kyurem|76/100
|
|-heal|p1a: Kyurem|82/100|[from] item: Leftovers
|upkeep
|turn|5
|
|t:|1776260938
|-terastallize|p1a: Kyurem|Ground
|move|p2a: Cinderace|Low Kick|p1a: Kyurem
|-start|p2a: Cinderace|typechange|Fighting|[from] ability: Libero
|-end|p1a: Kyurem|Substitute
|move|p1a: Kyurem|Earth Power|p2a: Cinderace
|-damage|p2a: Cinderace|35/100
|
|-heal|p1a: Kyurem|88/100|[from] item: Leftovers
|upkeep
|turn|6
|
|t:|1776260960
|move|p2a: Cinderace|Low Kick|p1a: Kyurem
|-damage|p1a: Kyurem|39/100
|move|p1a: Kyurem|Freeze-Dry|p2a: Cinderace
|-damage|p2a: Cinderace|0 fnt
|faint|p2a: Cinderace
|
|-heal|p1a: Kyurem|45/100|[from] item: Leftovers
|upkeep
|
|t:|1776260978
|switch|p2a: A kird|Zapdos-Galar, shiny|48/100
|turn|7
|
|t:|1776260985
|move|p1a: Kyurem|Protect|p1a: Kyurem
|-singleturn|p1a: Kyurem|Protect
|move|p2a: A kird|Close Combat|p1a: Kyurem
|-activate|p1a: Kyurem|move: Protect
|
|-heal|p1a: Kyurem|51/100|[from] item: Leftovers
|upkeep
|turn|8
|
|t:|1776260993
|switch|p2a: Garchomp|Garchomp, M|100/100
|switch|p1a: Pecharunt|Pecharunt|54/100
|
|upkeep
|turn|9
|
|t:|1776261002
|move|p1a: Pecharunt|Recover|p1a: Pecharunt
|-heal|p1a: Pecharunt|100/100
|move|p2a: Garchomp|Earthquake|p1a: Pecharunt
|-supereffective|p1a: Pecharunt
|-damage|p1a: Pecharunt|47/100
|
|upkeep
|turn|10
|
|t:|1776261012
|switch|p1a: Rillaboom|Rillaboom, M|100/100
|-fieldstart|move: Grassy Terrain|[from] ability: Grassy Surge|[of] p1a: Rillaboom
|move|p2a: Garchomp|Earthquake|p1a: Rillaboom
|-resisted|p1a: Rillaboom
|-damage|p1a: Rillaboom|88/100
|
|-heal|p1a: Rillaboom|95/100|[from] Grassy Terrain
|upkeep
|turn|11
|
|t:|1776261026
|switch|p2a: Kyurem|Kyurem|100/100
|-ability|p2a: Kyurem|Pressure
|move|p1a: Rillaboom|Wood Hammer|p2a: Kyurem
|-resisted|p2a: Kyurem
|-damage|p2a: Kyurem|40/100
|-damage|p1a: Rillaboom|72/100|[from] Recoil
|
|-heal|p2a: Kyurem|46/100|[from] Grassy Terrain
|-heal|p1a: Rillaboom|78/100|[from] Grassy Terrain
|upkeep
|turn|12
|
|t:|1776261041
|switch|p1a: Iron Treads|Iron Treads|100/100
|move|p2a: Kyurem|Ice Beam|p1a: Iron Treads
|-damage|p1a: Iron Treads|52/100
|
|-heal|p2a: Kyurem|52/100|[from] Grassy Terrain
|-heal|p1a: Iron Treads|58/100|[from] Grassy Terrain
|upkeep
|turn|13
|
|t:|1776261055
|switch|p2a: A kird|Zapdos-Galar, shiny|48/100
|move|p1a: Iron Treads|High Horsepower|p2a: A kird
|-immune|p2a: A kird
|
|-heal|p1a: Iron Treads|64/100|[from] Grassy Terrain
|upkeep
|turn|14
|
|t:|1776261064
|-end|p1a: Iron Treads|Quark Drive|[silent]
|switch|p1a: Pecharunt|Pecharunt|47/100
|move|p2a: A kird|U-turn|p1a: Pecharunt
|-resisted|p1a: Pecharunt
|-damage|p1a: Pecharunt|43/100
|
|t:|1776261066
|switch|p2a: Garchomp|Garchomp, M|100/100|[from] U-turn
|
|-heal|p1a: Pecharunt|49/100|[from] Grassy Terrain
|-fieldend|move: Grassy Terrain
|upkeep
|turn|15
|
|t:|1776261073
|switch|p1a: Rillaboom|Rillaboom, M|78/100
|-fieldstart|move: Grassy Terrain|[from] ability: Grassy Surge|[of] p1a: Rillaboom
|move|p2a: Garchomp|Earthquake|p1a: Rillaboom
|-resisted|p1a: Rillaboom
|-damage|p1a: Rillaboom|67/100
|
|-heal|p1a: Rillaboom|73/100|[from] Grassy Terrain
|upkeep
|turn|16
|
|t:|1776261082
|move|p1a: Rillaboom|Wood Hammer|p2a: Garchomp
|-damage|p2a: Garchomp|17/100
|-damage|p1a: Rillaboom|61/100|[from] ability: Rough Skin|[of] p2a: Garchomp
|-damage|p1a: Rillaboom|44/100|[from] item: Rocky Helmet|[of] p2a: Garchomp
|-damage|p1a: Rillaboom|10/100|[from] Recoil
|move|p2a: Garchomp|Dragon Tail|p1a: Rillaboom
|-damage|p1a: Rillaboom|0 fnt
|faint|p1a: Rillaboom
|
|-heal|p2a: Garchomp|23/100|[from] Grassy Terrain
|upkeep
|
|t:|1776261095
|switch|p1a: Kyurem|Kyurem, tera:Ground|51/100
|-ability|p1a: Kyurem|Pressure
|turn|17
|
|t:|1776261103
|move|p1a: Kyurem|Substitute|p1a: Kyurem
|-start|p1a: Kyurem|Substitute
|-damage|p1a: Kyurem|26/100
|move|p2a: Garchomp|Earthquake|p1a: Kyurem
|-activate|p1a: Kyurem|move: Substitute|[damage]
|
|-heal|p1a: Kyurem|33/100|[from] Grassy Terrain
|-heal|p1a: Kyurem|39/100|[from] item: Leftovers
|-heal|p2a: Garchomp|29/100|[from] Grassy Terrain
|upkeep
|turn|18
|
|t:|1776261113
|switch|p2a: Toxtricity|Toxtricity-Low-Key, M, shiny|100/100
|move|p1a: Kyurem|Protect||[still]
|-fail|p1a: Kyurem
|
|-heal|p1a: Kyurem|45/100|[from] Grassy Terrain
|-heal|p1a: Kyurem|51/100|[from] item: Leftovers
|upkeep
|turn|19
|
|t:|1776261121
|-terastallize|p2a: Toxtricity|Normal
|move|p2a: Toxtricity|Boomburst|p1a: Kyurem
|-damage|p1a: Kyurem|0 fnt
|faint|p1a: Kyurem
|
|-fieldend|move: Grassy Terrain
|upkeep
|
|t:|1776261136
|switch|p1a: Zamazenta|Zamazenta|100/100
|-ability|p1a: Zamazenta|Dauntless Shield|boost
|-boost|p1a: Zamazenta|def|1
|turn|20
|
|t:|1776261146
|switch|p2a: Garchomp|Garchomp, M|29/100
|move|p1a: Zamazenta|Body Press|p2a: Garchomp
|-damage|p2a: Garchomp|0 fnt
|-damage|p1a: Zamazenta|88/100|[from] ability: Rough Skin|[of] p2a: Garchomp
|-damage|p1a: Zamazenta|72/100|[from] item: Rocky Helmet|[of] p2a: Garchomp
|faint|p2a: Garchomp
|
|-heal|p1a: Zamazenta|78/100|[from] item: Leftovers
|upkeep
|
|t:|1776261149
|switch|p2a: A kird|Zapdos-Galar, shiny|48/100
|turn|21
|
|t:|1776261159
|move|p2a: A kird|Brave Bird|p1a: Zamazenta
|-supereffective|p1a: Zamazenta
|-damage|p1a: Zamazenta|15/100
|-damage|p2a: A kird|26/100|[from] Recoil
|move|p1a: Zamazenta|Iron Defense|p1a: Zamazenta
|-boost|p1a: Zamazenta|def|2
|
|-heal|p1a: Zamazenta|21/100|[from] item: Leftovers
|upkeep
|turn|22
|
|t:|1776261168
|move|p2a: A kird|Brave Bird|p1a: Zamazenta
|-supereffective|p1a: Zamazenta
|-damage|p1a: Zamazenta|0 fnt
|faint|p1a: Zamazenta
|-damage|p2a: A kird|19/100|[from] Recoil
|
|upkeep
|
|t:|1776261188
|switch|p1a: Iron Treads|Iron Treads|64/100
|turn|23
|
|t:|1776261195
|switch|p2a: Grimmsnarl|Grimmsnarl, M|100/100
|move|p1a: Iron Treads|Rapid Spin|p2a: Grimmsnarl
|-damage|p2a: Grimmsnarl|82/100
|-boost|p1a: Iron Treads|spe|1
|
|upkeep
|turn|24
|
|t:|1776261202
|move|p2a: Grimmsnarl|Reflect|p2a: Grimmsnarl
|-sidestart|p2: PabloGYT|Reflect
|move|p1a: Iron Treads|High Horsepower|p2a: Grimmsnarl
|-damage|p2a: Grimmsnarl|54/100
|
|upkeep
|turn|25
|
|t:|1776261208
|move|p2a: Grimmsnarl|Parting Shot|p1a: Iron Treads
|-unboost|p1a: Iron Treads|atk|1
|-unboost|p1a: Iron Treads|spa|1
|
|t:|1776261210
|switch|p2a: Toxtricity|Toxtricity-Low-Key, M, shiny, tera:Normal|100/100|[from] Parting Shot
|move|p1a: Iron Treads|High Horsepower|p2a: Toxtricity
|-damage|p2a: Toxtricity|75/100
|
|upkeep
|turn|26
|
|t:|1776261219
|move|p1a: Iron Treads|Knock Off|p2a: Toxtricity
|-damage|p2a: Toxtricity|59/100
|-enditem|p2a: Toxtricity|Choice Scarf|[from] move: Knock Off|[of] p1a: Iron Treads
|move|p2a: Toxtricity|Thunderbolt|p1a: Iron Treads
|-immune|p1a: Iron Treads
|
|upkeep
|turn|27
|
|t:|1776261227
|switch|p2a: Kyurem|Kyurem|52/100
|-ability|p2a: Kyurem|Pressure
|move|p1a: Iron Treads|High Horsepower|p2a: Kyurem
|-damage|p2a: Kyurem|38/100
|
|upkeep
|turn|28
|
|t:|1776261235
|move|p1a: Iron Treads|High Horsepower|p2a: Kyurem
|-crit|p2a: Kyurem
|-damage|p2a: Kyurem|0 fnt
|faint|p2a: Kyurem
|
|upkeep
|
|t:|1776261250
|switch|p2a: Grimmsnarl|Grimmsnarl, M|54/100
|turn|29
|
|t:|1776261253
|move|p2a: Grimmsnarl|Parting Shot|p1a: Iron Treads
|-unboost|p1a: Iron Treads|atk|1
|-unboost|p1a: Iron Treads|spa|1
|
|t:|1776261257
|switch|p2a: A kird|Zapdos-Galar, shiny|19/100|[from] Parting Shot
|move|p1a: Iron Treads|High Horsepower|p2a: A kird
|-immune|p2a: A kird
|
|upkeep
|turn|30
|
|t:|1776261276
|-end|p1a: Iron Treads|Quark Drive|[silent]
|switch|p1a: Pecharunt|Pecharunt|49/100
|move|p2a: A kird|U-turn|p1a: Pecharunt
|-resisted|p1a: Pecharunt
|-damage|p1a: Pecharunt|45/100
|
|t:|1776261278
|switch|p2a: Toxtricity|Toxtricity-Low-Key, M, shiny, tera:Normal|59/100|[from] U-turn
|
|upkeep
|turn|31
|
|t:|1776261285
|switch|p1a: Iron Treads|Iron Treads|64/100
|move|p2a: Toxtricity|Thunderbolt|p1a: Iron Treads
|-immune|p1a: Iron Treads
|
|-sideend|p2: PabloGYT|Reflect
|upkeep
|turn|32
|
|t:|1776261293
|move|p1a: Iron Treads|Rapid Spin|p2a: Toxtricity
|-damage|p2a: Toxtricity|31/100
|-boost|p1a: Iron Treads|spe|1
|move|p2a: Toxtricity|Boomburst|p1a: Iron Treads
|-resisted|p1a: Iron Treads
|-damage|p1a: Iron Treads|21/100
|
|upkeep
|turn|33
|
|t:|1776261303
|switch|p2a: Grimmsnarl|Grimmsnarl, M|54/100
|move|p1a: Iron Treads|Ice Spinner|p2a: Grimmsnarl
|-damage|p2a: Grimmsnarl|24/100
|
|upkeep
|turn|34
|
|t:|1776261312
|move|p2a: Grimmsnarl|Reflect|p2a: Grimmsnarl
|-sidestart|p2: PabloGYT|Reflect
|move|p1a: Iron Treads|Rapid Spin|p2a: Grimmsnarl
|-damage|p2a: Grimmsnarl|14/100
|-boost|p1a: Iron Treads|spe|1
|
|upkeep
|turn|35
|
|t:|1776261319
|move|p1a: Iron Treads|Ice Spinner|p2a: Grimmsnarl
|-damage|p2a: Grimmsnarl|0 fnt
|faint|p2a: Grimmsnarl
|
|upkeep
|
|t:|1776261322
|switch|p2a: Toxtricity|Toxtricity-Low-Key, M, shiny, tera:Normal|31/100
|turn|36
|
|t:|1776261326
|move|p1a: Iron Treads|High Horsepower|p2a: Toxtricity
|-damage|p2a: Toxtricity|0 fnt
|faint|p2a: Toxtricity
|
|upkeep
|
|t:|1776261328
|switch|p2a: A kird|Zapdos-Galar, shiny|19/100
|turn|37
|-message|PabloGYT forfeited.
|
|win|PinguButGood
|raw|PinguButGood's rating: 1284 &rarr; <strong>1306</strong><br />(+22 for winning)
|raw|PabloGYT's rating: 1245 &rarr; <strong>1223</strong><br />(-22 for losing)
|l|☆PabloGYT
|player|p2|
|c|☆PinguButGood|ggwp
