|html|<div class="broadcast-blue"><strong>[Gen 9] OU is currently suspecting Tera Blast! For information on how to participate check out the <a href="https://www.smogon.com/tools/suspects/view/200">suspect thread</a>.</strong></div>
|j|☆moutisma-water
|j|☆Txniicv
|t:|1776083414
|gametype|singles
|player|p1|moutisma-water|lucas|1444
|player|p2|Txniicv|lucas|1494
|gen|9
|tier|[Gen 9] OU
|rated|
|rule|HP Percentage Mod: HP is shown in percentages
|rule|Endless Battle Clause: Forcing endless battles is banned
|rule|Species Clause: Limit one of each Pokémon
|rule|OHKO Clause: OHKO moves are banned
|rule|Evasion Items Clause: Evasion items are banned
|rule|Evasion Moves Clause: Evasion moves are banned
|rule|Evasion Abilities Clause: Evasion abilities are banned
|rule|Sleep Moves Clause: Sleep-inducing moves are banned
|clearpoke
|poke|p1|Dragapult, F|
|poke|p1|Samurott-Hisui, M|
|poke|p1|Ribombee, M|
|poke|p1|Zapdos-Galar|
|poke|p1|Garchomp, F|
|poke|p1|Weezing-Galar, M|
|poke|p2|Grimmsnarl, M|
|poke|p2|Iron Treads|
|poke|p2|Raging Bolt|
|poke|p2|Deoxys-Speed|
|poke|p2|Ogerpon-Wellspring, F|
|poke|p2|Ceruledge, M|
|teampreview
|inactive|Battle timer is ON: inactive players will automatically lose when time's up. (requested by moutisma-water)
|
|t:|1776083525
|teamsize|p1|6
|teamsize|p2|6
|start
|switch|p1a: Garchomp|Garchomp, F|100/100
|switch|p2a: Grimmsnarl|Grimmsnarl, M, shiny|100/100
|turn|1
|
|t:|1776083555
|move|p2a: Grimmsnarl|Reflect|p2a: Grimmsnarl
|-sidestart|p2: Txniicv|Reflect
|move|p1a: Garchomp|Stealth Rock|p2a: Grimmsnarl
|-sidestart|p2: Txniicv|move: Stealth Rock
|
|upkeep
|turn|2
|
|t:|1776083559
|switch|p1a: Ribombee|Ribombee, M|100/100
|move|p2a: Grimmsnarl|Light Screen|p2a: Grimmsnarl
|-sidestart|p2: Txniicv|move: Light Screen
|
|upkeep
|turn|3
|
|t:|1776083562
|move|p2a: Grimmsnarl|Taunt|p1a: Ribombee
|-start|p1a: Ribombee|move: Taunt
|cant|p1a: Ribombee|move: Taunt|Sticky Web
|
|upkeep
|turn|4
|
|t:|1776083570
|switch|p2a: Iron Treads|Iron Treads, shiny|100/100
|-damage|p2a: Iron Treads|97/100|[from] Stealth Rock
|-enditem|p2a: Iron Treads|Booster Energy
|-activate|p2a: Iron Treads|ability: Quark Drive|[fromitem]
|-start|p2a: Iron Treads|quarkdrivespe
|move|p1a: Ribombee|Moonblast|p2a: Iron Treads
|-resisted|p2a: Iron Treads
|-damage|p2a: Iron Treads|84/100
|-unboost|p2a: Iron Treads|spa|1
|
|upkeep
|turn|5
|
|t:|1776083581
|switch|p1a: Garchomp|Garchomp, F|100/100
|move|p2a: Iron Treads|Rapid Spin|p1a: Garchomp
|-damage|p1a: Garchomp|89/100
|-boost|p2a: Iron Treads|spe|1
|-damage|p2a: Iron Treads|72/100|[from] ability: Rough Skin|[of] p1a: Garchomp
|-damage|p2a: Iron Treads|55/100|[from] item: Rocky Helmet|[of] p1a: Garchomp
|-sideend|p2: Txniicv|Stealth Rock|[from] move: Rapid Spin|[of] p2a: Iron Treads
|
|upkeep
|turn|6
|
|t:|1776083595
|-end|p2a: Iron Treads|Quark Drive|[silent]
|switch|p2a: Ogerpon|Ogerpon-Wellspring, F|100/100
|move|p1a: Garchomp|Stealth Rock|p2a: Ogerpon
|-sidestart|p2: Txniicv|move: Stealth Rock
|
|upkeep
|turn|7
|
|t:|1776083611
|move|p1a: Garchomp|Scale Shot|p2a: Ogerpon
|-damage|p2a: Ogerpon|93/100
|-damage|p2a: Ogerpon|85/100
|-damage|p2a: Ogerpon|76/100
|-hitcount|p2a: Ogerpon|3
|-unboost|p1a: Garchomp|def|1
|-boost|p1a: Garchomp|spe|1
|move|p2a: Ogerpon|Swords Dance|p2a: Ogerpon
|-boost|p2a: Ogerpon|atk|2
|
|upkeep
|turn|8
|inactive|Txniicv has 120 seconds left.
|inactive|Txniicv has 90 seconds left.
|inactive|Txniicv has 60 seconds left.
|inactive|Txniicv has 30 seconds left.
|inactive|Txniicv has 20 seconds left.
|
|t:|1776083741
|switch|p1a: Dragapult|Dragapult, F|100/100
|move|p2a: Ogerpon|Trailblaze|p1a: Dragapult
|-resisted|p1a: Dragapult
|-crit|p1a: Dragapult
|-damage|p1a: Dragapult|35/100
|-boost|p2a: Ogerpon|spe|1
|
|-sideend|p2: Txniicv|Reflect
|upkeep
|turn|9
|inactive|Txniicv has 30 seconds left this turn.
|inactive|moutisma-water has 120 seconds left.
|
|t:|1776083770
|move|p2a: Ogerpon|Trailblaze|p1a: Dragapult
|-resisted|p1a: Dragapult
|-damage|p1a: Dragapult|0 fnt
|-boost|p2a: Ogerpon|spe|1
|faint|p1a: Dragapult
|
|-sideend|p2: Txniicv|move: Light Screen
|upkeep
|
|t:|1776083776
|switch|p1a: Ribombee|Ribombee, M|100/100
|turn|10
|inactive|Txniicv has 30 seconds left.
|inactive|Txniicv has 20 seconds left.
|
|t:|1776083797
|-terastallize|p2a: Ogerpon|Water
|detailschange|p2a: Ogerpon|Ogerpon-Wellspring-Tera, F, tera:Water
|-ability|p2a: Ogerpon|Embody Aspect (Wellspring)|boost
|-boost|p2a: Ogerpon|spd|1
|move|p2a: Ogerpon|Trailblaze|p1a: Ribombee
|-resisted|p1a: Ribombee
|-damage|p1a: Ribombee|32/100
|-boost|p2a: Ogerpon|spe|1
|move|p1a: Ribombee|Moonblast|p2a: Ogerpon
|-damage|p2a: Ogerpon|43/100
|-unboost|p2a: Ogerpon|spa|1
|
|upkeep
|turn|11
|inactive|Txniicv has 30 seconds left this turn.
|inactive|moutisma-water has 120 seconds left.
|
|t:|1776083810
|move|p2a: Ogerpon|Ivy Cudgel|p1a: Ribombee|[anim] Ivy Cudgel Water
|-damage|p1a: Ribombee|0 fnt
|faint|p1a: Ribombee
|
|upkeep
|
|t:|1776083813
|switch|p1a: Samurott|Samurott-Hisui, M|100/100
|turn|12
|
|t:|1776083816
|move|p1a: Samurott|Sucker Punch|p2a: Ogerpon
|-crit|p2a: Ogerpon
|-damage|p2a: Ogerpon|0 fnt
|faint|p2a: Ogerpon
|detailschange|p2: Ogerpon|Ogerpon-Wellspring, F|[silent]
|
|upkeep
|
|t:|1776083828
|switch|p2a: Grimmsnarl|Grimmsnarl, M, shiny|100/100
|-damage|p2a: Grimmsnarl|88/100|[from] Stealth Rock
|turn|13
|
|t:|1776083835
|switch|p1a: Weezing|Weezing-Galar, M|100/100
|move|p2a: Grimmsnarl|Reflect|p2a: Grimmsnarl
|-sidestart|p2: Txniicv|Reflect
|
|upkeep
|turn|14
|
|t:|1776083853
|move|p2a: Grimmsnarl|Taunt|p1a: Weezing
|-start|p1a: Weezing|move: Taunt
|cant|p1a: Weezing|move: Taunt|Toxic Spikes
|
|upkeep
|turn|15
|
|t:|1776083881
|move|p2a: Grimmsnarl|Light Screen|p2a: Grimmsnarl
|-sidestart|p2: Txniicv|move: Light Screen
|move|p1a: Weezing|Strange Steam|p2a: Grimmsnarl
|-supereffective|p2a: Grimmsnarl
|-damage|p2a: Grimmsnarl|50/100
|
|upkeep
|turn|16
|inactive|Txniicv has 30 seconds left.
|inactive|Txniicv has 20 seconds left.
|inactive|Txniicv has 15 seconds left.
|inactive|Txniicv has 10 seconds left.
|inactive|Txniicv has 5 seconds left.
|
|t:|1776083933
|switch|p2a: Deoxys|Deoxys-Speed, shiny|100/100
|-damage|p2a: Deoxys|88/100|[from] Stealth Rock
|-ability|p2a: Deoxys|Pressure
|move|p1a: Weezing|Strange Steam|p2a: Deoxys
|-damage|p2a: Deoxys|67/100
|-start|p2a: Deoxys|confusion
|
|-heal|p2a: Deoxys|74/100|[from] item: Leftovers
|-end|p1a: Weezing|move: Taunt
|upkeep
|turn|17
|inactive|Txniicv has 15 seconds left this turn.
|inactive|Txniicv has 10 seconds left.
|inactive|moutisma-water has 120 seconds left.
|
|t:|1776083958
|switch|p1a: Samurott|Samurott-Hisui, M|100/100
|-activate|p2a: Deoxys|confusion
|-damage|p2a: Deoxys|62/100|[from] confusion
|
|-heal|p2a: Deoxys|69/100|[from] item: Leftovers
|upkeep
|turn|18
|inactive|Txniicv has 20 seconds left this turn.
|inactive|Txniicv has 15 seconds left.
|
|t:|1776083967
|-activate|p2a: Deoxys|confusion
|-damage|p2a: Deoxys|57/100|[from] confusion
|move|p1a: Samurott|Ceaseless Edge|p2a: Deoxys
|-supereffective|p2a: Deoxys
|-damage|p2a: Deoxys|0 fnt
|-sidestart|p2: Txniicv|Spikes
|faint|p2a: Deoxys
|
|upkeep
|inactive|Txniicv has 20 seconds left this turn.
|inactive|Txniicv has 15 seconds left.
|
|t:|1776083973
|switch|p2a: Iron Treads|Iron Treads, shiny|55/100
|-damage|p2a: Iron Treads|52/100|[from] Stealth Rock
|-damage|p2a: Iron Treads|39/100|[from] Spikes
|turn|19
|inactive|Txniicv has 25 seconds left this turn.
|
|t:|1776083977
|move|p2a: Iron Treads|Rapid Spin|p1a: Samurott
|-damage|p1a: Samurott|86/100
|-boost|p2a: Iron Treads|spe|1
|-sideend|p2: Txniicv|Spikes|[from] move: Rapid Spin|[of] p2a: Iron Treads
|-sideend|p2: Txniicv|Stealth Rock|[from] move: Rapid Spin|[of] p2a: Iron Treads
|move|p1a: Samurott|Razor Shell|p2a: Iron Treads
|-supereffective|p2a: Iron Treads
|-damage|p2a: Iron Treads|0 fnt
|faint|p2a: Iron Treads
|-end|p2a: Iron Treads|Quark Drive|[silent]
|
|upkeep
|inactive|Txniicv has 30 seconds left this turn.
|
|t:|1776083984
|switch|p2a: Ceruledge|Ceruledge, M|100/100
|turn|20
|
|t:|1776083989
|move|p1a: Samurott|Ceaseless Edge|p2a: Ceruledge
|-supereffective|p2a: Ceruledge
|-damage|p2a: Ceruledge|28/100
|-ability|p2a: Ceruledge|Weak Armor|boost
|-unboost|p2a: Ceruledge|def|1
|-boost|p2a: Ceruledge|spe|2
|-sidestart|p2: Txniicv|Spikes
|move|p2a: Ceruledge|Swords Dance|p2a: Ceruledge
|-boost|p2a: Ceruledge|atk|2
|
|-sideend|p2: Txniicv|Reflect
|upkeep
|turn|21
|
|t:|1776083997
|move|p1a: Samurott|Sucker Punch|p2a: Ceruledge
|-supereffective|p2a: Ceruledge
|-damage|p2a: Ceruledge|0 fnt
|faint|p2a: Ceruledge
|
|upkeep
|
|t:|1776084001
|switch|p2a: Grimmsnarl|Grimmsnarl, M, shiny|50/100
|-damage|p2a: Grimmsnarl|37/100|[from] Spikes
|turn|22
|
|t:|1776084004
|move|p2a: Grimmsnarl|Reflect|p2a: Grimmsnarl
|-sidestart|p2: Txniicv|Reflect
|move|p1a: Samurott|Razor Shell|p2a: Grimmsnarl
|-damage|p2a: Grimmsnarl|0 fnt
|faint|p2a: Grimmsnarl
|
|-sideend|p2: Txniicv|move: Light Screen
|upkeep
|
|t:|1776084007
|switch|p2a: Raging Bolt|Raging Bolt|100/100
|-damage|p2a: Raging Bolt|88/100|[from] Spikes
|-enditem|p2a: Raging Bolt|Booster Energy
|-activate|p2a: Raging Bolt|ability: Protosynthesis|[fromitem]
|-start|p2a: Raging Bolt|protosynthesisspa
|turn|23
|
|t:|1776084011
|move|p1a: Samurott|Ceaseless Edge|p2a: Raging Bolt
|-damage|p2a: Raging Bolt|67/100
|-sidestart|p2: Txniicv|Spikes
|move|p2a: Raging Bolt|Calm Mind|p2a: Raging Bolt
|-boost|p2a: Raging Bolt|spa|1
|-boost|p2a: Raging Bolt|spd|1
|
|upkeep
|turn|24
|
|t:|1776084016
|move|p2a: Raging Bolt|Thunderclap|p1a: Samurott
|-supereffective|p1a: Samurott
|-damage|p1a: Samurott|0 fnt
|faint|p1a: Samurott
|
|upkeep
|
|t:|1776084020
|switch|p1a: Garchomp|Garchomp, F|89/100
|turn|25
|
|t:|1776084024
|switch|p1a: Weezing|Weezing-Galar, M|100/100
|move|p2a: Raging Bolt|Dragon Pulse|p1a: Weezing
|-immune|p1a: Weezing
|
|upkeep
|turn|26
|
|t:|1776084034
|move|p2a: Raging Bolt|Dragon Pulse|p1a: Weezing
|-immune|p1a: Weezing
|move|p1a: Weezing|Strange Steam|p2a: Raging Bolt
|-supereffective|p2a: Raging Bolt
|-damage|p2a: Raging Bolt|37/100
|
|upkeep
|turn|27
|
|t:|1776084041
|move|p2a: Raging Bolt|Dragon Pulse|p1a: Weezing
|-immune|p1a: Weezing
|move|p1a: Weezing|Strange Steam|p2a: Raging Bolt
|-supereffective|p2a: Raging Bolt
|-damage|p2a: Raging Bolt|5/100
|
|upkeep
|turn|28
|c|☆Txniicv|u
|c|☆Txniicv|r
|c|☆Txniicv|fucking braindead
|
|t:|1776084050
|move|p2a: Raging Bolt|Thunderbolt|p1a: Weezing
|-damage|p1a: Weezing|0 fnt
|faint|p1a: Weezing
|
|upkeep
|
|t:|1776084056
|switch|p1a: Garchomp|Garchomp, F|89/100
|turn|29
|
|t:|1776084060
|move|p1a: Garchomp|Earthquake|p2a: Raging Bolt
|-supereffective|p2a: Raging Bolt
|-damage|p2a: Raging Bolt|0 fnt
|faint|p2a: Raging Bolt
|-end|p2a: Raging Bolt|Protosynthesis|[silent]
|
|win|moutisma-water
