|html|<div class="broadcast-blue"><strong>[Gen 9] OU is currently suspecting Tera Blast! For information on how to participate check out the <a href="https://www.smogon.com/tools/suspects/view/200">suspect thread</a>.</strong></div>
|j|☆fellama
|j|☆s106
|t:|1776276271
|gametype|singles
|player|p1|fellama|red-masters|1114
|player|p2|s106|1|1153
|gen|9
|tier|[Gen 9] OU
|rated|
|rule|HP Percentage Mod: HP is shown in percentages
|rule|Endless Battle Clause: Forcing endless battles is banned
|rule|Species Clause: Limit one of each Pokémon
|rule|OHKO Clause: OHKO moves are banned
|rule|Evasion Items Clause: Evasion items are banned
|rule|Evasion Moves Clause: Evasion moves are banned
|rule|Evasion Abilities Clause: Evasion abilities are banned
|rule|Sleep Moves Clause: Sleep-inducing moves are banned
|clearpoke
|poke|p1|Pelipper, M|
|poke|p1|Basculegion, M|
|poke|p1|Quaquaval, F|
|poke|p1|Gastrodon-East, M|
|poke|p1|Politoed, M|
|poke|p1|Ogerpon-Wellspring, F|
|poke|p2|Dragapult, M|
|poke|p2|Dragonite, F|
|poke|p2|Walking Wake|
|poke|p2|Goodra-Hisui, M|
|poke|p2|Cyclizar, F|
|poke|p2|Garchomp, M|
|teampreview
|inactive|Battle timer is ON: inactive players will automatically lose when time's up. (requested by fellama)
|
|t:|1776276291
|teamsize|p1|6
|teamsize|p2|6
|start
|switch|p1a: Politoed|Politoed, M|100/100
|switch|p2a: Garchomp|Garchomp, M|100/100
|-weather|RainDance|[from] ability: Drizzle|[of] p1a: Politoed
|turn|1
|
|t:|1776276297
|switch|p2a: Goodra|Goodra-Hisui, M|100/100
|move|p1a: Politoed|Weather Ball|p2a: Goodra
|-resisted|p2a: Goodra
|-damage|p2a: Goodra|84/100
|
|-weather|RainDance|[upkeep]
|upkeep
|turn|2
|
|t:|1776276305
|move|p1a: Politoed|Earth Power|p2a: Goodra
|-supereffective|p2a: Goodra
|-damage|p2a: Goodra|60/100
|move|p2a: Goodra|Draco Meteor|p1a: Politoed
|-damage|p1a: Politoed|38/100
|-unboost|p2a: Goodra|spa|2
|
|-weather|RainDance|[upkeep]
|upkeep
|turn|3
|
|t:|1776276319
|switch|p2a: Walking Wake|Walking Wake|100/100
|move|p1a: Politoed|Ice Beam|p2a: Walking Wake
|-damage|p2a: Walking Wake|67/100
|
|-weather|RainDance|[upkeep]
|upkeep
|turn|4
|
|t:|1776276329
|switch|p1a: Pelipper|Pelipper, M|100/100
|move|p2a: Walking Wake|Hydro Steam|p1a: Pelipper
|-resisted|p1a: Pelipper
|-crit|p1a: Pelipper
|-damage|p1a: Pelipper|11/100
|
|-weather|RainDance|[upkeep]
|upkeep
|turn|5
|
|t:|1776276334
|move|p2a: Walking Wake|Hydro Steam|p1a: Pelipper
|-resisted|p1a: Pelipper
|-damage|p1a: Pelipper|0 fnt
|faint|p1a: Pelipper
|
|-weather|RainDance|[upkeep]
|upkeep
|
|t:|1776276341
|switch|p1a: Ogerpon|Ogerpon-Wellspring, F|100/100
|turn|6
|
|t:|1776276345
|-end|p2a: Walking Wake|Protosynthesis|[silent]
|switch|p2a: Garchomp|Garchomp, M|100/100
|move|p1a: Ogerpon|Horn Leech|p2a: Garchomp
|-damage|p2a: Garchomp|76/100
|-damage|p1a: Ogerpon|88/100|[from] ability: Rough Skin|[of] p2a: Garchomp
|-damage|p1a: Ogerpon|72/100|[from] item: Rocky Helmet|[of] p2a: Garchomp
|
|-weather|RainDance|[upkeep]
|upkeep
|turn|7
|
|t:|1776276355
|move|p1a: Ogerpon|Ivy Cudgel|p2a: Garchomp|[anim] Ivy Cudgel Water
|-crit|p2a: Garchomp
|-damage|p2a: Garchomp|0 fnt
|faint|p2a: Garchomp
|
|-weather|RainDance|[upkeep]
|upkeep
|
|t:|1776276364
|switch|p2a: Dragonite|Dragonite, F|100/100
|turn|8
|
|t:|1776276369
|move|p1a: Ogerpon|U-turn|p2a: Dragonite
|-resisted|p2a: Dragonite
|-damage|p2a: Dragonite|93/100
|
|t:|1776276373
|switch|p1a: Quaquaval|Quaquaval, F|100/100|[from] U-turn
|move|p2a: Dragonite|Dragon Dance|p2a: Dragonite
|-boost|p2a: Dragonite|atk|1
|-boost|p2a: Dragonite|spe|1
|
|-weather|none
|upkeep
|turn|9
|
|t:|1776276382
|-terastallize|p2a: Dragonite|Normal
|move|p2a: Dragonite|Roost|p2a: Dragonite
|-heal|p2a: Dragonite|100/100
|move|p1a: Quaquaval|Triple Axel|p2a: Dragonite
|-damage|p2a: Dragonite|96/100
|-damage|p2a: Dragonite|83/100
|-damage|p2a: Dragonite|60/100
|-hitcount|p2a: Dragonite|3
|
|upkeep
|turn|10
|
|t:|1776276395
|move|p2a: Dragonite|Roost|p2a: Dragonite
|-heal|p2a: Dragonite|100/100
|move|p1a: Quaquaval|Close Combat|p2a: Dragonite
|-supereffective|p2a: Dragonite
|-damage|p2a: Dragonite|34/100
|-unboost|p1a: Quaquaval|def|1
|-unboost|p1a: Quaquaval|spd|1
|-enditem|p2a: Dragonite|Weakness Policy
|-boost|p2a: Dragonite|atk|2|[from] item: Weakness Policy
|-boost|p2a: Dragonite|spa|2|[from] item: Weakness Policy
|
|upkeep
|turn|11
|
|t:|1776276403
|switch|p1a: Basculegion|Basculegion, M|100/100
|move|p2a: Dragonite|Extreme Speed|p1a: Basculegion
|-immune|p1a: Basculegion
|
|upkeep
|turn|12
|
|t:|1776276409
|-terastallize|p1a: Basculegion|Water
|move|p1a: Basculegion|Aqua Jet|p2a: Dragonite
|-damage|p2a: Dragonite|0 fnt
|faint|p2a: Dragonite
|
|upkeep
|
|t:|1776276417
|switch|p2a: Dragapult|Dragapult, M|100/100
|turn|13
|
|t:|1776276423
|switch|p1a: Politoed|Politoed, M|38/100
|-weather|RainDance|[from] ability: Drizzle|[of] p1a: Politoed
|move|p2a: Dragapult|Thunderbolt|p1a: Politoed
|-supereffective|p1a: Politoed
|-damage|p1a: Politoed|0 fnt
|faint|p1a: Politoed
|
|-weather|RainDance|[upkeep]
|upkeep
|
|t:|1776276428
|switch|p1a: Quaquaval|Quaquaval, F|100/100
|turn|14
|
|t:|1776276435
|move|p2a: Dragapult|Will-O-Wisp|p1a: Quaquaval|[miss]
|-miss|p2a: Dragapult|p1a: Quaquaval
|move|p1a: Quaquaval|Triple Axel|p2a: Dragapult
|-supereffective|p2a: Dragapult
|-damage|p2a: Dragapult|83/100
|-supereffective|p2a: Dragapult
|-damage|p2a: Dragapult|45/100
|-supereffective|p2a: Dragapult
|-damage|p2a: Dragapult|0 fnt
|faint|p2a: Dragapult
|-ability|p1a: Quaquaval|Moxie|boost
|-boost|p1a: Quaquaval|atk|1
|-hitcount|p2: Dragapult|3
|
|-weather|RainDance|[upkeep]
|upkeep
|
|t:|1776276441
|switch|p2a: Goodra|Goodra-Hisui, M|60/100
|turn|15
|
|t:|1776276450
|move|p1a: Quaquaval|Close Combat|p2a: Goodra
|-supereffective|p2a: Goodra
|-damage|p2a: Goodra|0 fnt
|-unboost|p1a: Quaquaval|def|1
|-unboost|p1a: Quaquaval|spd|1
|faint|p2a: Goodra
|-ability|p1a: Quaquaval|Moxie|boost
|-boost|p1a: Quaquaval|atk|1
|
|-weather|RainDance|[upkeep]
|upkeep
|
|t:|1776276455
|switch|p2a: Walking Wake|Walking Wake|67/100
|turn|16
|
|t:|1776276461
|move|p2a: Walking Wake|Hydro Steam|p1a: Quaquaval
|-resisted|p1a: Quaquaval
|-damage|p1a: Quaquaval|12/100
|move|p1a: Quaquaval|Close Combat|p2a: Walking Wake
|-damage|p2a: Walking Wake|0 fnt
|-unboost|p1a: Quaquaval|def|1
|-unboost|p1a: Quaquaval|spd|1
|faint|p2a: Walking Wake
|-end|p2a: Walking Wake|Protosynthesis|[silent]
|-ability|p1a: Quaquaval|Moxie|boost
|-boost|p1a: Quaquaval|atk|1
|
|-weather|RainDance|[upkeep]
|upkeep
|-message|s106 forfeited.
|
|win|fellama
|raw|fellama's rating: 1114 &rarr; <strong>1142</strong><br />(+28 for winning)
|raw|s106's rating: 1153 &rarr; <strong>1125</strong><br />(-28 for losing)
|l|☆s106
|player|p2|
