|html|<div class="broadcast-blue"><strong>[Gen 9] OU is currently suspecting Tera Blast! For information on how to participate check out the <a href="https://www.smogon.com/tools/suspects/view/200">suspect thread</a>.</strong></div>
|j|☆esotericsnail
|j|☆Y3CB
|t:|1776053834
|gametype|singles
|player|p1|esotericsnail|unknown|1093
|player|p2|Y3CB|blue|1105
|gen|9
|tier|[Gen 9] OU
|rated|
|rule|HP Percentage Mod: HP is shown in percentages
|rule|Endless Battle Clause: Forcing endless battles is banned
|rule|Species Clause: Limit one of each Pokémon
|rule|OHKO Clause: OHKO moves are banned
|rule|Evasion Items Clause: Evasion items are banned
|rule|Evasion Moves Clause: Evasion moves are banned
|rule|Evasion Abilities Clause: Evasion abilities are banned
|rule|Sleep Moves Clause: Sleep-inducing moves are banned
|clearpoke
|poke|p1|Ninetales-Alola, M|
|poke|p1|Kyurem|
|poke|p1|Darkrai|
|poke|p1|Zamazenta-*|
|poke|p1|Hatterene, F|
|poke|p1|Dragonite, F|
|poke|p2|Kingambit, M|
|poke|p2|Garchomp, F|
|poke|p2|Raichu-Alola, F|
|poke|p2|Maushold-Four|
|poke|p2|Metagross|
|poke|p2|Gliscor, M|
|teampreview
|inactive|Battle timer is ON: inactive players will automatically lose when time's up. (requested by esotericsnail)
|
|t:|1776053839
|teamsize|p1|6
|teamsize|p2|6
|start
|switch|p1a: Ninetales|Ninetales-Alola, M|100/100
|switch|p2a: Maushold|Maushold-Four|100/100
|-weather|Snowscape|[from] ability: Snow Warning|[of] p1a: Ninetales
|turn|1
|
|t:|1776053847
|move|p2a: Maushold|Population Bomb|p1a: Ninetales
|-damage|p1a: Ninetales|86/100
|-damage|p1a: Ninetales|72/100
|-damage|p1a: Ninetales|58/100
|-hitcount|p1a: Ninetales|3
|move|p1a: Ninetales|Encore|p2a: Maushold
|-start|p2a: Maushold|Encore
|
|-weather|Snowscape|[upkeep]
|upkeep
|turn|2
|
|t:|1776053855
|move|p2a: Maushold|Population Bomb|p1a: Ninetales
|-damage|p1a: Ninetales|45/100
|-damage|p1a: Ninetales|32/100
|-damage|p1a: Ninetales|19/100
|-damage|p1a: Ninetales|6/100
|-hitcount|p1a: Ninetales|4
|move|p1a: Ninetales|Aurora Veil|p1a: Ninetales
|-sidestart|p1: esotericsnail|move: Aurora Veil
|
|-weather|Snowscape|[upkeep]
|upkeep
|turn|3
|
|t:|1776053869
|switch|p1a: Zamazenta|Zamazenta|100/100
|-ability|p1a: Zamazenta|Dauntless Shield|boost
|-boost|p1a: Zamazenta|def|1
|move|p2a: Maushold|Population Bomb|p1a: Zamazenta
|-damage|p1a: Zamazenta|97/100
|-damage|p1a: Zamazenta|93/100
|-damage|p1a: Zamazenta|89/100
|-hitcount|p1a: Zamazenta|3
|
|-weather|Snowscape|[upkeep]
|upkeep
|turn|4
|
|t:|1776053890
|switch|p2a: Raichu|Raichu-Alola, F|100/100
|move|p1a: Zamazenta|Iron Defense|p1a: Zamazenta
|-boost|p1a: Zamazenta|def|2
|
|-weather|Snowscape|[upkeep]
|upkeep
|turn|5
|
|t:|1776053894
|move|p1a: Zamazenta|Body Press|p2a: Raichu
|-resisted|p2a: Raichu
|-damage|p2a: Raichu|0 fnt
|faint|p2a: Raichu
|
|-weather|none
|upkeep
|
|t:|1776053897
|switch|p2a: Gliscor|Gliscor, M|100/100
|turn|6
|
|t:|1776053902
|move|p1a: Zamazenta|Body Press|p2a: Gliscor
|-resisted|p2a: Gliscor
|-damage|p2a: Gliscor|57/100
|move|p2a: Gliscor|Knock Off|p1a: Zamazenta
|-resisted|p1a: Zamazenta
|-damage|p1a: Zamazenta|87/100
|-enditem|p1a: Zamazenta|Chesto Berry|[from] move: Knock Off|[of] p2a: Gliscor
|
|-status|p2a: Gliscor|tox|[from] item: Toxic Orb
|upkeep
|turn|7
|
|t:|1776053910
|move|p1a: Zamazenta|Crunch|p2a: Gliscor
|-damage|p2a: Gliscor|35/100 tox
|move|p2a: Gliscor|Swords Dance|p2a: Gliscor
|-boost|p2a: Gliscor|atk|2
|
|-heal|p2a: Gliscor|48/100 tox|[from] ability: Poison Heal
|upkeep
|turn|8
|
|t:|1776053916
|move|p1a: Zamazenta|Iron Defense|p1a: Zamazenta
|-boost|p1a: Zamazenta|def|2
|move|p2a: Gliscor|Facade|p1a: Zamazenta
|-damage|p1a: Zamazenta|79/100
|
|-heal|p2a: Gliscor|60/100 tox|[from] ability: Poison Heal
|upkeep
|turn|9
|
|t:|1776053921
|move|p1a: Zamazenta|Body Press|p2a: Gliscor
|-resisted|p2a: Gliscor
|-damage|p2a: Gliscor|8/100 tox
|move|p2a: Gliscor|Earthquake|p1a: Zamazenta
|-damage|p1a: Zamazenta|71/100
|
|-heal|p2a: Gliscor|21/100 tox|[from] ability: Poison Heal
|-sideend|p1: esotericsnail|move: Aurora Veil
|upkeep
|turn|10
|
|t:|1776053927
|move|p1a: Zamazenta|Body Press|p2a: Gliscor
|-resisted|p2a: Gliscor
|-damage|p2a: Gliscor|0 fnt
|faint|p2a: Gliscor
|
|upkeep
|
|t:|1776053932
|switch|p2a: Maushold|Maushold-Four|100/100
|turn|11
|
|t:|1776053937
|move|p1a: Zamazenta|Body Press|p2a: Maushold
|-supereffective|p2a: Maushold
|-damage|p2a: Maushold|0 fnt
|faint|p2a: Maushold
|
|upkeep
|
|t:|1776053940
|switch|p2a: Garchomp|Garchomp, F|100/100
|turn|12
|
|t:|1776053947
|-terastallize|p2a: Garchomp|Fairy
|move|p1a: Zamazenta|Body Press|p2a: Garchomp
|-resisted|p2a: Garchomp
|-damage|p2a: Garchomp|39/100
|-damage|p1a: Zamazenta|58/100|[from] ability: Rough Skin|[of] p2a: Garchomp
|move|p2a: Garchomp|Swords Dance|p2a: Garchomp
|-boost|p2a: Garchomp|atk|2
|
|upkeep
|turn|13
|
|t:|1776053955
|move|p1a: Zamazenta|Body Press|p2a: Garchomp
|-resisted|p2a: Garchomp
|-damage|p2a: Garchomp|0 fnt
|-damage|p1a: Zamazenta|46/100|[from] ability: Rough Skin|[of] p2a: Garchomp
|faint|p2a: Garchomp
|
|upkeep
|
|t:|1776053958
|switch|p2a: Metagross|Metagross|100/100
|turn|14
|
|t:|1776053967
|move|p1a: Zamazenta|Crunch|p2a: Metagross
|-supereffective|p2a: Metagross
|-damage|p2a: Metagross|69/100
|-enditem|p2a: Metagross|Weakness Policy
|-boost|p2a: Metagross|atk|2|[from] item: Weakness Policy
|-boost|p2a: Metagross|spa|2|[from] item: Weakness Policy
|move|p2a: Metagross|Hone Claws|p2a: Metagross
|-boost|p2a: Metagross|atk|1
|-boost|p2a: Metagross|accuracy|1
|
|upkeep
|turn|15
|
|t:|1776053979
|move|p1a: Zamazenta|Rest|p1a: Zamazenta
|-status|p1a: Zamazenta|slp|[from] move: Rest
|-heal|p1a: Zamazenta|100/100 slp|[silent]
|move|p2a: Metagross|Body Press|p1a: Zamazenta
|-damage|p1a: Zamazenta|96/100 slp
|
|upkeep
|turn|16
|
|t:|1776053987
|cant|p1a: Zamazenta|slp
|move|p2a: Metagross|Meteor Mash|p1a: Zamazenta
|-damage|p1a: Zamazenta|71/100 slp
|
|upkeep
|turn|17
|
|t:|1776053992
|cant|p1a: Zamazenta|slp
|move|p2a: Metagross|Hone Claws|p2a: Metagross
|-boost|p2a: Metagross|atk|1
|-boost|p2a: Metagross|accuracy|1
|
|upkeep
|turn|18
|
|t:|1776053999
|-curestatus|p1a: Zamazenta|slp|[msg]
|move|p1a: Zamazenta|Body Press|p2a: Metagross
|-damage|p2a: Metagross|0 fnt
|faint|p2a: Metagross
|
|upkeep
|
|t:|1776054001
|switch|p2a: Kingambit|Kingambit, M|100/100
|-activate|p2a: Kingambit|ability: Supreme Overlord
|-start|p2a: Kingambit|fallen5|[silent]
|turn|19
|
|t:|1776054004
|move|p2a: Kingambit|Sucker Punch|p1a: Zamazenta
|-resisted|p1a: Zamazenta
|-damage|p1a: Zamazenta|63/100
|move|p1a: Zamazenta|Body Press|p2a: Kingambit
|-supereffective|p2a: Kingambit
|-damage|p2a: Kingambit|0 fnt
|faint|p2a: Kingambit
|-end|p2a: Kingambit|fallen5|[silent]
|
|win|esotericsnail
|raw|esotericsnail's rating: 1093 &rarr; <strong>1120</strong><br />(+27 for winning)
|raw|Y3CB's rating: 1105 &rarr; <strong>1079</strong><br />(-26 for losing)
|c|☆esotericsnail|lol
|l|☆Y3CB
|player|p2|
|l|☆esotericsnail
|player|p1|
