|html|<div class="broadcast-blue"><strong>[Gen 9] OU is currently suspecting Tera Blast! For information on how to participate check out the <a href="https://www.smogon.com/tools/suspects/view/200">suspect thread</a>.</strong></div>
|j|☆P1k7
|j|☆StargazerSbpr
|t:|1776102289
|gametype|singles
|player|p1|P1k7|266|1536
|player|p2|StargazerSbpr|fantina|1467
|gen|9
|tier|[Gen 9] OU
|rated|
|rule|HP Percentage Mod: HP is shown in percentages
|rule|Endless Battle Clause: Forcing endless battles is banned
|rule|Species Clause: Limit one of each Pokémon
|rule|OHKO Clause: OHKO moves are banned
|rule|Evasion Items Clause: Evasion items are banned
|rule|Evasion Moves Clause: Evasion moves are banned
|rule|Evasion Abilities Clause: Evasion abilities are banned
|rule|Sleep Moves Clause: Sleep-inducing moves are banned
|clearpoke
|poke|p1|Darkrai|
|poke|p1|Raging Bolt|
|poke|p1|Great Tusk|
|poke|p1|Pecharunt|
|poke|p1|Moltres|
|poke|p1|Garganacl, F|
|poke|p2|Ribombee, M|
|poke|p2|Serperior, M|
|poke|p2|Cinderace, M|
|poke|p2|Bisharp, M|
|poke|p2|Milotic, M|
|poke|p2|Dragapult, M|
|teampreview
|inactive|Battle timer is ON: inactive players will automatically lose when time's up. (requested by StargazerSbpr)
|inactive|P1k7 also wants the timer to be on.
|inactive|P1k7 has 120 seconds left.
|
|t:|1776102327
|teamsize|p1|6
|teamsize|p2|6
|start
|switch|p1a: Garganacl|Garganacl, F|100/100
|switch|p2a: Cheese|Ribombee, M|100/100
|turn|1
|
|t:|1776102344
|move|p2a: Cheese|Sticky Web|p1a: Garganacl
|-sidestart|p1: P1k7|move: Sticky Web
|move|p1a: Garganacl|Salt Cure|p2a: Cheese
|-supereffective|p2a: Cheese
|-crit|p2a: Cheese
|-damage|p2a: Cheese|18/100
|
|upkeep
|turn|2
|
|t:|1776102347
|move|p2a: Cheese|Moonblast|p1a: Garganacl
|-damage|p1a: Garganacl|65/100
|move|p1a: Garganacl|Salt Cure|p2a: Cheese
|-supereffective|p2a: Cheese
|-damage|p2a: Cheese|0 fnt
|faint|p2a: Cheese
|
|-heal|p1a: Garganacl|71/100|[from] item: Leftovers
|upkeep
|
|t:|1776102350
|switch|p2a: Ballin|Cinderace, M|100/100
|turn|3
|
|t:|1776102355
|move|p2a: Ballin|Court Change|p2a: Ballin
|-start|p2a: Ballin|typechange|Normal|[from] ability: Libero
|-swapsideconditions
|-activate|p2a: Ballin|move: Court Change
|move|p1a: Garganacl|Salt Cure|p2a: Ballin
|-damage|p2a: Ballin|81/100
|-start|p2a: Ballin|Salt Cure
|
|-heal|p1a: Garganacl|77/100|[from] item: Leftovers
|-damage|p2a: Ballin|68/100|[from] Salt Cure
|upkeep
|turn|4
|
|t:|1776102363
|move|p2a: Ballin|High Jump Kick|p1a: Garganacl
|-supereffective|p1a: Garganacl
|-damage|p1a: Garganacl|31/100
|move|p1a: Garganacl|Stealth Rock|p2a: Ballin
|-sidestart|p2: StargazerSbpr|move: Stealth Rock
|
|-heal|p1a: Garganacl|38/100|[from] item: Leftovers
|-damage|p2a: Ballin|56/100|[from] Salt Cure
|upkeep
|turn|5
|
|t:|1776102368
|move|p1a: Garganacl|Protect|p1a: Garganacl
|-singleturn|p1a: Garganacl|Protect
|move|p2a: Ballin|High Jump Kick|p1a: Garganacl
|-activate|p1a: Garganacl|move: Protect
|-damage|p2a: Ballin|6/100|[from] highjumpkick
|
|-heal|p1a: Garganacl|44/100|[from] item: Leftovers
|-damage|p2a: Ballin|0 fnt|[from] Salt Cure
|faint|p2a: Ballin
|upkeep
|
|t:|1776102375
|switch|p2a: 5th Jungle juice|Serperior, M|100/100
|-activate|p2a: 5th Jungle juice|move: Sticky Web
|-boost|p2a: 5th Jungle juice|spe|1
|-damage|p2a: 5th Jungle juice|88/100|[from] Stealth Rock
|turn|6
|
|t:|1776102379
|switch|p1a: Moltres|Moltres|100/100
|move|p2a: 5th Jungle juice|Leaf Storm|p1a: Moltres
|-resisted|p1a: Moltres
|-damage|p1a: Moltres|88/100
|-boost|p2a: 5th Jungle juice|spa|2
|
|upkeep
|turn|7
|
|t:|1776102386
|switch|p2a: Chinese fingy trap|Milotic, M, shiny|100/100
|-activate|p2a: Chinese fingy trap|move: Sticky Web
|-unboost|p2a: Chinese fingy trap|spe|1
|-ability|p2a: Chinese fingy trap|Competitive|boost
|-boost|p2a: Chinese fingy trap|spa|2
|-damage|p2a: Chinese fingy trap|88/100|[from] Stealth Rock
|move|p1a: Moltres|Flamethrower|p2a: Chinese fingy trap
|-resisted|p2a: Chinese fingy trap
|-damage|p2a: Chinese fingy trap|79/100
|
|upkeep
|turn|8
|
|t:|1776102395
|move|p1a: Moltres|U-turn|p2a: Chinese fingy trap
|-damage|p2a: Chinese fingy trap|60/100
|
|t:|1776102397
|switch|p1a: Raging Bolt|Raging Bolt|100/100|[from] U-turn
|move|p2a: Chinese fingy trap|Ice Beam|p1a: Raging Bolt
|-supereffective|p1a: Raging Bolt
|-damage|p1a: Raging Bolt|31/100
|
|upkeep
|turn|9
|
|t:|1776102407
|move|p1a: Raging Bolt|Thunderbolt|p2a: Chinese fingy trap
|-supereffective|p2a: Chinese fingy trap
|-damage|p2a: Chinese fingy trap|12/100
|move|p2a: Chinese fingy trap|Draining Kiss|p1a: Raging Bolt
|-supereffective|p1a: Raging Bolt
|-damage|p1a: Raging Bolt|0 fnt
|-heal|p2a: Chinese fingy trap|35/100|[from] drain|[of] p1a: Raging Bolt
|faint|p1a: Raging Bolt
|-end|p1a: Raging Bolt|Protosynthesis|[silent]
|
|upkeep
|
|t:|1776102430
|switch|p1a: Darkrai|Darkrai|100/100
|turn|10
|
|t:|1776102434
|move|p1a: Darkrai|Dark Pulse|p2a: Chinese fingy trap
|-damage|p2a: Chinese fingy trap|6/100
|cant|p2a: Chinese fingy trap|flinch
|
|upkeep
|turn|11
|
|t:|1776102440
|move|p1a: Darkrai|Dark Pulse|p2a: Chinese fingy trap
|-damage|p2a: Chinese fingy trap|0 fnt
|faint|p2a: Chinese fingy trap
|
|upkeep
|
|t:|1776102445
|switch|p2a: Mr servantez|Dragapult, M, shiny|100/100
|-activate|p2a: Mr servantez|move: Sticky Web
|-fail|p2a: Mr servantez|unboost|[from] ability: Clear Body|[of] p2a: Mr servantez
|-damage|p2a: Mr servantez|88/100|[from] Stealth Rock
|turn|12
|
|t:|1776102450
|move|p2a: Mr servantez|U-turn|p1a: Darkrai
|-supereffective|p1a: Darkrai
|-damage|p1a: Darkrai|10/100
|
|t:|1776102453
|switch|p2a: Fried liver|Bisharp, M, shiny|100/100|[from] U-turn
|-activate|p2a: Fried liver|move: Sticky Web
|-unboost|p2a: Fried liver|spe|1
|-ability|p2a: Fried liver|Defiant|boost
|-boost|p2a: Fried liver|atk|2
|-damage|p2a: Fried liver|95/100|[from] Stealth Rock
|move|p1a: Darkrai|Dark Pulse|p2a: Fried liver
|-resisted|p2a: Fried liver
|-damage|p2a: Fried liver|64/100
|
|upkeep
|turn|13
|
|t:|1776102465
|move|p2a: Fried liver|Sucker Punch|p1a: Darkrai
|-resisted|p1a: Darkrai
|-damage|p1a: Darkrai|0 fnt
|faint|p1a: Darkrai
|
|upkeep
|
|t:|1776102466
|switch|p1a: Great Tusk|Great Tusk|100/100
|turn|14
|
|t:|1776102493
|move|p1a: Great Tusk|Close Combat|p2a: Fried liver
|-supereffective|p2a: Fried liver
|-damage|p2a: Fried liver|0 fnt
|-unboost|p1a: Great Tusk|def|1
|-unboost|p1a: Great Tusk|spd|1
|faint|p2a: Fried liver
|
|upkeep
|
|t:|1776102499
|switch|p2a: Mr servantez|Dragapult, M, shiny|88/100
|-activate|p2a: Mr servantez|move: Sticky Web
|-fail|p2a: Mr servantez|unboost|[from] ability: Clear Body|[of] p2a: Mr servantez
|-damage|p2a: Mr servantez|76/100|[from] Stealth Rock
|turn|15
|
|t:|1776102512
|-terastallize|p2a: Mr servantez|Ghost
|move|p2a: Mr servantez|Tera Blast|p1a: Great Tusk|[anim] Tera Blast Ghost
|-damage|p1a: Great Tusk|18/100
|move|p1a: Great Tusk|Ice Spinner|p2a: Mr servantez
|-damage|p2a: Mr servantez|41/100
|
|upkeep
|turn|16
|
|t:|1776102517
|move|p2a: Mr servantez|Tera Blast|p1a: Great Tusk|[anim] Tera Blast Ghost
|-damage|p1a: Great Tusk|0 fnt
|faint|p1a: Great Tusk
|-end|p1a: Great Tusk|Protosynthesis|[silent]
|
|upkeep
|
|t:|1776102526
|switch|p1a: Garganacl|Garganacl, F|44/100
|turn|17
|
|t:|1776102535
|switch|p2a: 5th Jungle juice|Serperior, M|88/100
|-activate|p2a: 5th Jungle juice|move: Sticky Web
|-boost|p2a: 5th Jungle juice|spe|1
|-damage|p2a: 5th Jungle juice|76/100|[from] Stealth Rock
|move|p1a: Garganacl|Salt Cure|p2a: 5th Jungle juice
|-damage|p2a: 5th Jungle juice|59/100
|-start|p2a: 5th Jungle juice|Salt Cure
|
|-heal|p1a: Garganacl|50/100|[from] item: Leftovers
|-damage|p2a: 5th Jungle juice|47/100|[from] Salt Cure
|upkeep
|turn|18
|
|t:|1776102540
|switch|p1a: Moltres|Moltres|88/100
|move|p2a: 5th Jungle juice|Leaf Storm|p1a: Moltres
|-resisted|p1a: Moltres
|-damage|p1a: Moltres|75/100
|-boost|p2a: 5th Jungle juice|spa|2
|
|-damage|p2a: 5th Jungle juice|34/100|[from] Salt Cure
|upkeep
|turn|19
|
|t:|1776102544
|move|p2a: 5th Jungle juice|Leaf Storm|p1a: Moltres
|-resisted|p1a: Moltres
|-damage|p1a: Moltres|50/100
|-boost|p2a: 5th Jungle juice|spa|2
|move|p1a: Moltres|Flamethrower|p2a: 5th Jungle juice
|-supereffective|p2a: 5th Jungle juice
|-damage|p2a: 5th Jungle juice|0 fnt
|faint|p2a: 5th Jungle juice
|
|upkeep
|
|t:|1776102550
|switch|p2a: Mr servantez|Dragapult, M, shiny, tera:Ghost|41/100
|-activate|p2a: Mr servantez|move: Sticky Web
|-fail|p2a: Mr servantez|unboost|[from] ability: Clear Body|[of] p2a: Mr servantez
|-damage|p2a: Mr servantez|28/100|[from] Stealth Rock
|turn|20
|
|t:|1776102554
|move|p2a: Mr servantez|Tera Blast|p1a: Moltres|[anim] Tera Blast Ghost
|-damage|p1a: Moltres|0 fnt
|faint|p1a: Moltres
|
|upkeep
|
|t:|1776102556
|switch|p1a: Garganacl|Garganacl, F|50/100
|turn|21
|
|t:|1776102557
|move|p2a: Mr servantez|Tera Blast|p1a: Garganacl|[anim] Tera Blast Ghost
|-damage|p1a: Garganacl|28/100
|move|p1a: Garganacl|Salt Cure|p2a: Mr servantez
|-damage|p2a: Mr servantez|8/100
|-start|p2a: Mr servantez|Salt Cure
|
|-heal|p1a: Garganacl|34/100|[from] item: Leftovers
|-damage|p2a: Mr servantez|0 fnt|[from] Salt Cure
|faint|p2a: Mr servantez
|
|win|P1k7
|raw|P1k7's rating: 1536 &rarr; <strong>1552</strong><br />(+16 for winning)
|raw|StargazerSbpr's rating: 1467 &rarr; <strong>1451</strong><br />(-16 for losing)
|l|☆StargazerSbpr
|player|p2|
|l|☆P1k7
|player|p1|
