|html|<div class="broadcast-blue"><strong>[Gen 9] OU is currently suspecting Tera Blast! For information on how to participate check out the <a href="https://www.smogon.com/tools/suspects/view/200">suspect thread</a>.</strong></div>
|j|☆hornedivysaur
|j|☆noodlemaster
|t:|1776059858
|gametype|singles
|player|p1|hornedivysaur|ethan|1135
|player|p2|noodlemaster|plasmagrunt|1182
|gen|9
|tier|[Gen 9] OU
|rated|
|rule|HP Percentage Mod: HP is shown in percentages
|rule|Endless Battle Clause: Forcing endless battles is banned
|rule|Species Clause: Limit one of each Pokémon
|rule|OHKO Clause: OHKO moves are banned
|rule|Evasion Items Clause: Evasion items are banned
|rule|Evasion Moves Clause: Evasion moves are banned
|rule|Evasion Abilities Clause: Evasion abilities are banned
|rule|Sleep Moves Clause: Sleep-inducing moves are banned
|clearpoke
|poke|p1|Slowking-Galar, M|
|poke|p1|Great Tusk|
|poke|p1|Weavile, F|
|poke|p1|Glimmora, F|
|poke|p1|Primarina, F|
|poke|p1|Kingambit, F|
|poke|p2|Blastoise, M|
|poke|p2|Pelipper, F|
|poke|p2|Greninja-*, M|
|poke|p2|Clawitzer, M|
|poke|p2|Tentacruel, M|
|poke|p2|Inteleon, F|
|teampreview
|inactive|Battle timer is ON: inactive players will automatically lose when time's up. (requested by hornedivysaur)
|
|t:|1776059901
|teamsize|p1|6
|teamsize|p2|6
|start
|switch|p1a: Glimmora|Glimmora, F|100/100
|switch|p2a: Bustoise|Blastoise, M, shiny|100/100
|turn|1
|
|t:|1776059909
|move|p1a: Glimmora|Mortal Spin|p2a: Bustoise
|-damage|p2a: Bustoise|92/100
|-status|p2a: Bustoise|psn
|-enditem|p2a: Bustoise|Red Card|[of] p1a: Glimmora
|drag|p1a: Glowking|Slowking-Galar, M, shiny|100/100
|move|p2a: Bustoise|Shell Smash|p2a: Bustoise
|-unboost|p2a: Bustoise|def|1
|-unboost|p2a: Bustoise|spd|1
|-boost|p2a: Bustoise|atk|2
|-boost|p2a: Bustoise|spa|2
|-boost|p2a: Bustoise|spe|2
|
|-damage|p2a: Bustoise|80/100 psn|[from] psn
|upkeep
|turn|2
|
|t:|1776059931
|-terastallize|p2a: Bustoise|Ground
|move|p2a: Bustoise|Earthquake|p1a: Glowking
|-supereffective|p1a: Glowking
|-damage|p1a: Glowking|0 fnt
|faint|p1a: Glowking
|
|-damage|p2a: Bustoise|67/100 psn|[from] psn
|upkeep
|
|t:|1776059940
|switch|p1a: Weavile|Weavile, F|100/100
|-ability|p1a: Weavile|Pressure
|turn|3
|
|t:|1776059946
|switch|p2a: Shit-Bomb|Pelipper, F, shiny|100/100
|-weather|RainDance|[from] ability: Drizzle|[of] p2a: Shit-Bomb
|move|p1a: Weavile|Triple Axel|p2a: Shit-Bomb
|-damage|p2a: Shit-Bomb|89/100
|-damage|p2a: Shit-Bomb|66/100
|-hitcount|p2a: Shit-Bomb|2
|-damage|p1a: Weavile|91/100|[from] item: Life Orb
|
|-weather|RainDance|[upkeep]
|upkeep
|turn|4
|
|t:|1776059967
|switch|p2a: Finger Blaster|Inteleon, F, shiny|100/100
|move|p1a: Weavile|Swords Dance|p1a: Weavile
|-boost|p1a: Weavile|atk|2
|
|-weather|RainDance|[upkeep]
|upkeep
|turn|5
|
|t:|1776059976
|move|p2a: Finger Blaster|Reflect|p2a: Finger Blaster
|-sidestart|p2: noodlemaster|Reflect
|move|p1a: Weavile|Knock Off|p2a: Finger Blaster
|-damage|p2a: Finger Blaster|0 fnt
|-enditem|p2a: Finger Blaster|Light Clay|[from] move: Knock Off|[of] p1a: Weavile
|faint|p2a: Finger Blaster
|-damage|p1a: Weavile|81/100|[from] item: Life Orb
|
|-weather|RainDance|[upkeep]
|upkeep
|
|t:|1776059988
|switch|p2a: Greninja|Greninja, M|100/100
|turn|6
|
|t:|1776060003
|-terastallize|p1a: Weavile|Dark
|move|p2a: Greninja|Hydro Pump|p1a: Weavile
|-damage|p1a: Weavile|3/100
|move|p1a: Weavile|Knock Off|p2a: Greninja
|-resisted|p2a: Greninja
|-damage|p2a: Greninja|17/100
|-enditem|p2a: Greninja|Big Nugget|[from] move: Knock Off|[of] p1a: Weavile
|-damage|p1a: Weavile|0 fnt|[from] item: Life Orb
|faint|p1a: Weavile
|
|-weather|RainDance|[upkeep]
|upkeep
|
|t:|1776060019
|switch|p1a: Primarina|Primarina, F|100/100
|turn|7
|
|t:|1776060039
|move|p2a: Greninja|Gunk Shot|p1a: Primarina
|-supereffective|p1a: Primarina
|-damage|p1a: Primarina|11/100
|move|p1a: Primarina|Calm Mind|p1a: Primarina
|-boost|p1a: Primarina|spa|1
|-boost|p1a: Primarina|spd|1
|
|-weather|RainDance|[upkeep]
|-heal|p1a: Primarina|17/100|[from] item: Leftovers
|upkeep
|turn|8
|
|t:|1776060046
|move|p2a: Greninja|Acrobatics|p1a: Primarina
|-damage|p1a: Primarina|0 fnt
|faint|p1a: Primarina
|-ability|p2a: Greninja|Battle Bond|boost
|-boost|p2a: Greninja|atk|1
|-boost|p2a: Greninja|spa|1
|-boost|p2a: Greninja|spe|1
|-activate|p2a: Greninja|ability: Battle Bond
|
|-weather|RainDance|[upkeep]
|upkeep
|
|t:|1776060052
|switch|p1a: Glimmora|Glimmora, F|100/100
|turn|9
|-message|hornedivysaur forfeited.
|
|win|noodlemaster
|raw|hornedivysaur's rating: 1135 &rarr; <strong>1113</strong><br />(-22 for losing)
|raw|noodlemaster's rating: 1182 &rarr; <strong>1204</strong><br />(+22 for winning)
|l|☆hornedivysaur
|player|p1|
|l|☆noodlemaster
|player|p2|
