|html|<div class="broadcast-blue"><strong>[Gen 9] OU is currently suspecting Tera Blast! For information on how to participate check out the <a href="https://www.smogon.com/tools/suspects/view/200">suspect thread</a>.</strong></div>
|j|☆totally ligit
|j|☆eRain
|t:|1776180398
|gametype|singles
|player|p1|totally ligit|102|1334
|player|p2|eRain|unknown|1329
|gen|9
|tier|[Gen 9] OU
|rated|
|rule|HP Percentage Mod: HP is shown in percentages
|rule|Endless Battle Clause: Forcing endless battles is banned
|rule|Species Clause: Limit one of each Pokémon
|rule|OHKO Clause: OHKO moves are banned
|rule|Evasion Items Clause: Evasion items are banned
|rule|Evasion Moves Clause: Evasion moves are banned
|rule|Evasion Abilities Clause: Evasion abilities are banned
|rule|Sleep Moves Clause: Sleep-inducing moves are banned
|clearpoke
|poke|p1|Arboliva, F|
|poke|p2|Pelipper, F|
|poke|p2|Quaquaval, M|
|poke|p2|Manaphy|
|poke|p2|Barraskewda, F|
|poke|p2|Raging Bolt|
|poke|p2|Grimmsnarl, M|
|teampreview
|inactive|Battle timer is ON: inactive players will automatically lose when time's up. (requested by totally ligit)
|inactive|eRain also wants the timer to be on.
|
|t:|1776180401
|teamsize|p1|1
|teamsize|p2|6
|start
|switch|p1a: Arboliva|Arboliva, F, shiny|100/100
|switch|p2a: Pelipper|Pelipper, F, shiny|100/100
|-weather|RainDance|[from] ability: Drizzle|[of] p2a: Pelipper
|turn|1
|
|t:|1776180413
|move|p2a: Pelipper|U-turn|p1a: Arboliva
|-supereffective|p1a: Arboliva
|-damage|p1a: Arboliva|82/100
|
|t:|1776180419
|switch|p2a: Grimmsnarl|Grimmsnarl, M, shiny|100/100|[from] U-turn
|move|p1a: Arboliva|Alluring Voice|p2a: Grimmsnarl
|-supereffective|p2a: Grimmsnarl
|-damage|p2a: Grimmsnarl|54/100
|
|-weather|RainDance|[upkeep]
|upkeep
|turn|2
|
|t:|1776180425
|move|p2a: Grimmsnarl|Light Screen|p2a: Grimmsnarl
|-sidestart|p2: eRain|move: Light Screen
|move|p1a: Arboliva|Earth Power|p2a: Grimmsnarl
|-damage|p2a: Grimmsnarl|41/100
|
|-weather|RainDance|[upkeep]
|upkeep
|turn|3
|
|t:|1776180434
|move|p2a: Grimmsnarl|Spirit Break|p1a: Arboliva
|-damage|p1a: Arboliva|50/100
|-unboost|p1a: Arboliva|spa|1
|move|p1a: Arboliva|Solar Beam||[still]
|-prepare|p1a: Arboliva|Solar Beam
|
|-weather|RainDance|[upkeep]
|upkeep
|turn|4
|
|t:|1776180437
|move|p2a: Grimmsnarl|Spirit Break|p1a: Arboliva
|-damage|p1a: Arboliva|17/100
|-unboost|p1a: Arboliva|spa|1
|move|p1a: Arboliva|Solar Beam|p2a: Grimmsnarl|[from] lockedmove
|-crit|p2a: Grimmsnarl
|-damage|p2a: Grimmsnarl|1/100
|
|-weather|RainDance|[upkeep]
|upkeep
|turn|5
|-enditem|p1a: Arboliva|Custap Berry|[eat]
|-activate|p1a: Arboliva|item: Custap Berry|[consumed]
|
|t:|1776180446
|move|p1a: Arboliva|Alluring Voice|p2a: Grimmsnarl
|-supereffective|p2a: Grimmsnarl
|-damage|p2a: Grimmsnarl|0 fnt
|faint|p2a: Grimmsnarl
|
|-weather|RainDance|[upkeep]
|upkeep
|
|t:|1776180453
|switch|p2a: Quaquaval|Quaquaval, M, shiny|100/100
|turn|6
|
|t:|1776180456
|move|p1a: Arboliva|Endure|p1a: Arboliva
|-singleturn|p1a: Arboliva|move: Endure
|move|p2a: Quaquaval|Swords Dance|p2a: Quaquaval
|-boost|p2a: Quaquaval|atk|2
|
|-weather|RainDance|[upkeep]
|upkeep
|turn|7
|
|t:|1776180461
|move|p1a: Arboliva|Endure||[still]
|-fail|p1a: Arboliva
|move|p2a: Quaquaval|Swords Dance|p2a: Quaquaval
|-boost|p2a: Quaquaval|atk|2
|
|-weather|RainDance|[upkeep]
|-item|p1a: Arboliva|Custap Berry|[from] ability: Harvest
|upkeep
|turn|8
|-enditem|p1a: Arboliva|Custap Berry|[eat]
|-activate|p1a: Arboliva|item: Custap Berry|[consumed]
|
|t:|1776180464
|move|p1a: Arboliva|Solar Beam||[still]
|-prepare|p1a: Arboliva|Solar Beam
|move|p2a: Quaquaval|Swords Dance|p2a: Quaquaval
|-boost|p2a: Quaquaval|atk|2
|
|-weather|none
|-item|p1a: Arboliva|Custap Berry|[from] ability: Harvest
|upkeep
|turn|9
|-enditem|p1a: Arboliva|Custap Berry|[eat]
|-activate|p1a: Arboliva|item: Custap Berry|[consumed]
|
|t:|1776180470
|move|p1a: Arboliva|Solar Beam|p2a: Quaquaval|[from] lockedmove
|-supereffective|p2a: Quaquaval
|-damage|p2a: Quaquaval|54/100
|move|p2a: Quaquaval|Rapid Spin|p1a: Arboliva
|-damage|p1a: Arboliva|0 fnt
|-boost|p2a: Quaquaval|spe|1
|faint|p1a: Arboliva
|
|win|eRain
|raw|totally ligit's rating: 1334 &rarr; <strong>1314</strong><br />(-20 for losing)
|raw|eRain's rating: 1329 &rarr; <strong>1349</strong><br />(+20 for winning)
|l|☆totally ligit
|player|p1|
