|html|<div class="broadcast-blue"><strong>[Gen 9] OU is currently suspecting Tera Blast! For information on how to participate check out the <a href="https://www.smogon.com/tools/suspects/view/200">suspect thread</a>.</strong></div>
|j|☆smhvendetta
|j|☆sgt777
|t:|1776227052
|gametype|singles
|player|p1|smhvendetta|2|1045
|player|p2|sgt777|cynthia|1063
|gen|9
|tier|[Gen 9] OU
|rated|
|rule|HP Percentage Mod: HP is shown in percentages
|rule|Endless Battle Clause: Forcing endless battles is banned
|rule|Species Clause: Limit one of each Pokémon
|rule|OHKO Clause: OHKO moves are banned
|rule|Evasion Items Clause: Evasion items are banned
|rule|Evasion Moves Clause: Evasion moves are banned
|rule|Evasion Abilities Clause: Evasion abilities are banned
|rule|Sleep Moves Clause: Sleep-inducing moves are banned
|clearpoke
|poke|p1|Samurott-Hisui, M|
|poke|p1|Dragonite, F|
|poke|p1|Iron Valiant|
|poke|p1|Kingambit, F|
|poke|p1|Dragapult, M|
|poke|p1|Gholdengo|
|poke|p2|Salazzle, F|
|poke|p2|Ditto|
|poke|p2|Primarina, F|
|poke|p2|Hydrapple, F|
|poke|p2|Sandslash-Alola, M|
|poke|p2|Zamazenta-*|
|teampreview
|
|t:|1776227059
|teamsize|p1|6
|teamsize|p2|6
|start
|switch|p1a: Iron Valiant|Iron Valiant|100/100
|switch|p2a: Salazzle|Salazzle, F|100/100
|-item|p2a: Salazzle|Air Balloon
|-enditem|p1a: Iron Valiant|Booster Energy
|-activate|p1a: Iron Valiant|ability: Quark Drive|[fromitem]
|-start|p1a: Iron Valiant|quarkdrivespe
|turn|1
|
|t:|1776227078
|-terastallize|p1a: Iron Valiant|Fairy
|move|p1a: Iron Valiant|Psyshock|p2a: Salazzle
|-supereffective|p2a: Salazzle
|-damage|p2a: Salazzle|25/100
|-enditem|p2a: Salazzle|Air Balloon
|move|p2a: Salazzle|Swagger|p1a: Iron Valiant
|-boost|p1a: Iron Valiant|atk|2
|-start|p1a: Iron Valiant|confusion
|
|upkeep
|turn|2
|
|t:|1776227094
|-activate|p1a: Iron Valiant|confusion
|move|p1a: Iron Valiant|Psyshock|p2a: Salazzle
|-supereffective|p2a: Salazzle
|-damage|p2a: Salazzle|0 fnt
|faint|p2a: Salazzle
|
|upkeep
|
|t:|1776227101
|switch|p2a: Ditto|Ditto|100/100
|-transform|p2a: Ditto|p1a: Iron Valiant|[from] ability: Imposter
|-start|p2a: Ditto|typechange|Fairy/Fighting|[silent]
|turn|3
|
|t:|1776227127
|-terastallize|p2a: Ditto|Stellar
|-activate|p1a: Iron Valiant|confusion
|-damage|p1a: Iron Valiant|69/100|[from] confusion
|move|p2a: Ditto|Thunderbolt|p1a: Iron Valiant
|-damage|p1a: Iron Valiant|0 fnt
|faint|p1a: Iron Valiant
|-end|p1a: Iron Valiant|Quark Drive|[silent]
|
|upkeep
|
|t:|1776227134
|switch|p1a: Kingambit|Kingambit, F|100/100
|-activate|p1a: Kingambit|ability: Supreme Overlord
|-start|p1a: Kingambit|fallen1|[silent]
|turn|4
|
|t:|1776227142
|move|p2a: Ditto|Thunderbolt|p1a: Kingambit
|-damage|p1a: Kingambit|70/100
|move|p1a: Kingambit|Iron Head|p2a: Ditto
|-supereffective|p2a: Ditto
|-damage|p2a: Ditto|0 fnt
|faint|p2a: Ditto
|-end|p2a: Ditto|Quark Drive|[silent]
|
|upkeep
|
|t:|1776227157
|switch|p2a: Primarina|Primarina, F|100/100
|turn|5
|
|t:|1776227172
|-end|p1a: Kingambit|fallen1|[silent]
|switch|p1a: Dragonite|Dragonite, F|100/100
|move|p2a: Primarina|Draining Kiss|p1a: Dragonite
|-supereffective|p1a: Dragonite
|-damage|p1a: Dragonite|73/100
|
|upkeep
|turn|6
|
|t:|1776227185
|switch|p1a: Gholdengo|Gholdengo|100/100
|move|p2a: Primarina|Psychic Noise|p1a: Gholdengo
|-resisted|p1a: Gholdengo
|-damage|p1a: Gholdengo|85/100
|-start|p1a: Gholdengo|move: Heal Block
|-enditem|p2a: Primarina|Throat Spray
|-boost|p2a: Primarina|spa|1|[from] item: Throat Spray
|
|upkeep
|turn|7
|
|t:|1776227197
|move|p1a: Gholdengo|Make It Rain|p2a: Primarina
|-damage|p2a: Primarina|24/100
|-unboost|p1a: Gholdengo|spa|1
|move|p2a: Primarina|Shadow Ball|p1a: Gholdengo
|-supereffective|p1a: Gholdengo
|-damage|p1a: Gholdengo|0 fnt
|faint|p1a: Gholdengo
|
|upkeep
|
|t:|1776227208
|switch|p1a: Dragapult|Dragapult, M|100/100
|turn|8
|
|t:|1776227214
|move|p2a: Primarina|Protect|p2a: Primarina
|-singleturn|p2a: Primarina|Protect
|move|p1a: Dragapult|Shadow Ball|p2a: Primarina
|-activate|p2a: Primarina|move: Protect
|
|upkeep
|turn|9
|
|t:|1776227222
|move|p1a: Dragapult|Shadow Ball|p2a: Primarina
|-damage|p2a: Primarina|0 fnt
|faint|p2a: Primarina
|
|upkeep
|
|t:|1776227239
|switch|p2a: Hydrapple|Hydrapple, F|100/100
|-ability|p2a: Hydrapple|Supersweet Syrup
|-unboost|p1a: Dragapult|evasion|1
|turn|10
|inactive|Battle timer is ON: inactive players will automatically lose when time's up. (requested by smhvendetta)
|
|t:|1776227251
|switch|p1a: Samurott|Samurott-Hisui, M|100/100
|move|p2a: Hydrapple|Rain Dance|p2a: Hydrapple
|-weather|RainDance
|
|-weather|RainDance|[upkeep]
|upkeep
|turn|11
|
|t:|1776227259
|move|p1a: Samurott|Ceaseless Edge|p2a: Hydrapple
|-damage|p2a: Hydrapple|69/100
|-sidestart|p2: sgt777|Spikes
|move|p2a: Hydrapple|Hyper Beam|p1a: Samurott
|-enditem|p2a: Hydrapple|Normal Gem|[from] gem
|-crit|p1a: Samurott
|-enditem|p1a: Samurott|Focus Sash
|-damage|p1a: Samurott|1/100
|-mustrecharge|p2a: Hydrapple
|
|-weather|RainDance|[upkeep]
|upkeep
|turn|12
|
|t:|1776227273
|switch|p1a: Dragonite|Dragonite, F|73/100
|cant|p2a: Hydrapple|recharge
|
|-weather|RainDance|[upkeep]
|upkeep
|turn|13
|
|t:|1776227284
|move|p1a: Dragonite|Extreme Speed|p2a: Hydrapple
|-damage|p2a: Hydrapple|45/100
|move|p2a: Hydrapple|Draco Meteor|p1a: Dragonite|[miss]
|-miss|p2a: Hydrapple|p1a: Dragonite
|
|-weather|RainDance|[upkeep]
|upkeep
|turn|14
|
|t:|1776227292
|move|p1a: Dragonite|Extreme Speed|p2a: Hydrapple
|-damage|p2a: Hydrapple|20/100
|move|p2a: Hydrapple|Draco Meteor|p1a: Dragonite|[miss]
|-miss|p2a: Hydrapple|p1a: Dragonite
|
|-weather|none
|upkeep
|turn|15
|
|t:|1776227301
|move|p1a: Dragonite|Extreme Speed|p2a: Hydrapple
|-damage|p2a: Hydrapple|0 fnt
|faint|p2a: Hydrapple
|
|upkeep
|
|t:|1776227307
|switch|p2a: Zamazenta|Zamazenta|100/100
|-damage|p2a: Zamazenta|88/100|[from] Spikes
|-ability|p2a: Zamazenta|Dauntless Shield|boost
|-boost|p2a: Zamazenta|def|1
|turn|16
|
|t:|1776227319
|switch|p1a: Kingambit|Kingambit, F|70/100
|-activate|p1a: Kingambit|ability: Supreme Overlord
|-start|p1a: Kingambit|fallen2|[silent]
|move|p2a: Zamazenta|Protect||[still]
|-fail|p2a: Zamazenta
|
|-status|p2a: Zamazenta|tox|[from] item: Toxic Orb
|upkeep
|turn|17
|
|t:|1776227330
|-end|p1a: Kingambit|fallen2|[silent]
|switch|p1a: Samurott|Samurott-Hisui, M|1/100
|move|p2a: Zamazenta|Body Press|p1a: Samurott
|-supereffective|p1a: Samurott
|-damage|p1a: Samurott|0 fnt
|faint|p1a: Samurott
|
|-damage|p2a: Zamazenta|82/100 tox|[from] psn
|upkeep
|
|t:|1776227341
|switch|p1a: Dragonite|Dragonite, F|73/100
|turn|18
|
|t:|1776227347
|move|p2a: Zamazenta|Facade|p1a: Dragonite
|-damage|p1a: Dragonite|18/100
|move|p1a: Dragonite|Dragon Dance|p1a: Dragonite
|-boost|p1a: Dragonite|atk|1
|-boost|p1a: Dragonite|spe|1
|
|-damage|p2a: Zamazenta|70/100 tox|[from] psn
|upkeep
|turn|19
|
|t:|1776227363
|move|p2a: Zamazenta|Crunch|p1a: Dragonite
|-damage|p1a: Dragonite|0 fnt
|faint|p1a: Dragonite
|
|-damage|p2a: Zamazenta|51/100 tox|[from] psn
|upkeep
|
|t:|1776227369
|switch|p1a: Kingambit|Kingambit, F|70/100
|-activate|p1a: Kingambit|ability: Supreme Overlord
|-start|p1a: Kingambit|fallen4|[silent]
|turn|20
|
|t:|1776227375
|move|p2a: Zamazenta|Body Press|p1a: Kingambit
|-supereffective|p1a: Kingambit
|-damage|p1a: Kingambit|0 fnt
|faint|p1a: Kingambit
|-end|p1a: Kingambit|fallen4|[silent]
|
|-damage|p2a: Zamazenta|27/100 tox|[from] psn
|upkeep
|
|t:|1776227381
|switch|p1a: Dragapult|Dragapult, M|100/100
|turn|21
|
|t:|1776227390
|move|p1a: Dragapult|Draco Meteor|p2a: Zamazenta
|-damage|p2a: Zamazenta|0 fnt
|-unboost|p1a: Dragapult|spa|2
|faint|p2a: Zamazenta
|
|upkeep
|
|t:|1776227396
|switch|p2a: Sandslash|Sandslash-Alola, M|100/100
|-damage|p2a: Sandslash|88/100|[from] Spikes
|turn|22
|inactiveoff|Battle timer is now OFF.
|
|t:|1776227425
|move|p1a: Dragapult|Draco Meteor|p2a: Sandslash
|-resisted|p2a: Sandslash
|-damage|p2a: Sandslash|57/100
|-unboost|p1a: Dragapult|spa|2
|move|p2a: Sandslash|Icicle Crash|p1a: Dragapult
|-supereffective|p1a: Dragapult
|-damage|p1a: Dragapult|0 fnt
|faint|p1a: Dragapult
|
|win|sgt777
|raw|smhvendetta's rating: 1045 &rarr; <strong>1029</strong><br />(-16 for losing)
|raw|sgt777's rating: 1063 &rarr; <strong>1092</strong><br />(+29 for winning)
|l|☆smhvendetta
|player|p1|
