|html|<div class="broadcast-blue"><strong>[Gen 9] OU is currently suspecting Tera Blast! For information on how to participate check out the <a href="https://www.smogon.com/tools/suspects/view/200">suspect thread</a>.</strong></div>
|j|☆greedman456
|j|☆mememan254
|t:|1776097207
|gametype|singles
|player|p1|greedman456|brock|1604
|player|p2|mememan254|1|1590
|gen|9
|tier|[Gen 9] OU
|rated|
|rule|HP Percentage Mod: HP is shown in percentages
|rule|Endless Battle Clause: Forcing endless battles is banned
|rule|Species Clause: Limit one of each Pokémon
|rule|OHKO Clause: OHKO moves are banned
|rule|Evasion Items Clause: Evasion items are banned
|rule|Evasion Moves Clause: Evasion moves are banned
|rule|Evasion Abilities Clause: Evasion abilities are banned
|rule|Sleep Moves Clause: Sleep-inducing moves are banned
|clearpoke
|poke|p1|Great Tusk|
|poke|p1|Gholdengo|
|poke|p1|Ninetales-Alola, F|
|poke|p1|Kyurem|
|poke|p1|Scizor, F|
|poke|p1|Cloyster, F|
|poke|p2|Pecharunt|
|poke|p2|Kingambit, F|
|poke|p2|Volcanion|
|poke|p2|Iron Valiant|
|poke|p2|Landorus-Therian, M|
|poke|p2|Deoxys-Speed|
|teampreview
|inactive|Battle timer is ON: inactive players will automatically lose when time's up. (requested by greedman456)
|
|t:|1776097213
|teamsize|p1|6
|teamsize|p2|6
|start
|switch|p1a: Great Tusk|Great Tusk|100/100
|switch|p2a: Volcanion|Volcanion|100/100
|-enditem|p1a: Great Tusk|Booster Energy
|-activate|p1a: Great Tusk|ability: Protosynthesis|[fromitem]
|-start|p1a: Great Tusk|protosynthesisspe
|turn|1
|inactive|mememan254 has 120 seconds left.
|
|t:|1776097253
|switch|p2a: Landorus|Landorus-Therian, M|100/100
|-ability|p2a: Landorus|Intimidate|boost
|-unboost|p1a: Great Tusk|atk|1
|move|p1a: Great Tusk|Headlong Rush|p2a: Landorus
|-immune|p2a: Landorus
|
|upkeep
|turn|2
|inactive|mememan254 has 120 seconds left.
|
|t:|1776097274
|switch|p2a: Deoxys|Deoxys-Speed|100/100
|-ability|p2a: Deoxys|Pressure
|move|p1a: Great Tusk|Ice Spinner|p2a: Deoxys
|-damage|p2a: Deoxys|74/100
|
|upkeep
|turn|3
|
|t:|1776097277
|-end|p1a: Great Tusk|Protosynthesis|[silent]
|switch|p1a: Ninetales|Ninetales-Alola, F|100/100
|-weather|Snowscape|[from] ability: Snow Warning|[of] p1a: Ninetales
|move|p2a: Deoxys|Psycho Boost|p1a: Ninetales
|-damage|p1a: Ninetales|39/100
|-unboost|p2a: Deoxys|spa|2
|-enditem|p2a: Deoxys|Eject Pack
|inactive|mememan254 has 120 seconds left.
|inactive|mememan254 has 90 seconds left.
|
|t:|1776097317
|switch|p2a: Iron Valiant|Iron Valiant|100/100
|-enditem|p2a: Iron Valiant|Booster Energy
|-activate|p2a: Iron Valiant|ability: Quark Drive|[fromitem]
|-start|p2a: Iron Valiant|quarkdrivespe
|
|-weather|Snowscape|[upkeep]
|upkeep
|turn|4
|
|t:|1776097327
|switch|p1a: Kyurem|Kyurem|100/100
|-ability|p1a: Kyurem|Pressure
|move|p2a: Iron Valiant|Close Combat|p1a: Kyurem
|-supereffective|p1a: Kyurem
|-damage|p1a: Kyurem|43/100
|-unboost|p2a: Iron Valiant|def|1
|-unboost|p2a: Iron Valiant|spd|1
|
|-weather|Snowscape|[upkeep]
|upkeep
|turn|5
|
|t:|1776097339
|switch|p1a: Gholdengo|Gholdengo|100/100
|move|p2a: Iron Valiant|Moonblast|p1a: Gholdengo
|-resisted|p1a: Gholdengo
|-damage|p1a: Gholdengo|78/100
|
|-weather|Snowscape|[upkeep]
|upkeep
|turn|6
|inactive|mememan254 has 90 seconds left.
|
|t:|1776097362
|-end|p2a: Iron Valiant|Quark Drive|[silent]
|switch|p2a: Kingambit|Kingambit, F|100/100
|move|p1a: Gholdengo|Make It Rain|p2a: Kingambit
|-resisted|p2a: Kingambit
|-damage|p2a: Kingambit|56/100
|-unboost|p1a: Gholdengo|spa|1
|
|-weather|Snowscape|[upkeep]
|-heal|p2a: Kingambit|62/100|[from] item: Leftovers
|upkeep
|turn|7
|inactive|mememan254 has 90 seconds left.
|
|t:|1776097392
|switch|p1a: Great Tusk|Great Tusk|100/100
|-end|p2a: Kingambit|fallenundefined|[silent]
|switch|p2a: Deoxys|Deoxys-Speed|74/100
|-ability|p2a: Deoxys|Pressure
|
|-weather|Snowscape|[upkeep]
|upkeep
|turn|8
|
|t:|1776097408
|-end|p1a: Great Tusk|Protosynthesis|[silent]
|switch|p1a: Gholdengo|Gholdengo|78/100
|move|p2a: Deoxys|Psycho Boost|p1a: Gholdengo
|-resisted|p1a: Gholdengo
|-damage|p1a: Gholdengo|42/100
|-unboost|p2a: Deoxys|spa|2
|
|-weather|Snowscape|[upkeep]
|upkeep
|turn|9
|
|t:|1776097414
|move|p2a: Deoxys|Knock Off|p1a: Gholdengo
|-supereffective|p1a: Gholdengo
|-damage|p1a: Gholdengo|0 fnt
|-enditem|p1a: Gholdengo|Metal Coat|[from] move: Knock Off|[of] p2a: Deoxys
|faint|p1a: Gholdengo
|
|-weather|Snowscape|[upkeep]
|upkeep
|
|t:|1776097417
|switch|p1a: Cloyster|Cloyster, F|100/100
|turn|10
|inactive|mememan254 has 90 seconds left.
|
|t:|1776097441
|switch|p1a: Ninetales|Ninetales-Alola, F|39/100
|move|p2a: Deoxys|Psycho Boost|p1a: Ninetales
|-damage|p1a: Ninetales|10/100
|-unboost|p2a: Deoxys|spa|2
|
|-weather|none
|upkeep
|turn|11
|
|t:|1776097454
|switch|p2a: Pecharunt|Pecharunt|100/100
|switch|p1a: Scizor|Scizor, F|100/100
|
|upkeep
|turn|12
|
|t:|1776097460
|switch|p2a: Volcanion|Volcanion|100/100
|move|p1a: Scizor|Knock Off|p2a: Volcanion
|-damage|p2a: Volcanion|59/100
|-enditem|p2a: Volcanion|Heavy-Duty Boots|[from] move: Knock Off|[of] p1a: Scizor
|
|upkeep
|turn|13
|inactive|mememan254 has 90 seconds left.
|
|t:|1776097471
|switch|p1a: Ninetales|Ninetales-Alola, F|10/100
|-weather|Snowscape|[from] ability: Snow Warning|[of] p1a: Ninetales
|move|p2a: Volcanion|Flamethrower|p1a: Ninetales
|-supereffective|p1a: Ninetales
|-damage|p1a: Ninetales|0 fnt
|faint|p1a: Ninetales
|
|-weather|Snowscape|[upkeep]
|upkeep
|
|t:|1776097483
|switch|p1a: Great Tusk|Great Tusk|100/100
|turn|14
|inactive|mememan254 has 90 seconds left.
|
|t:|1776097497
|switch|p2a: Landorus|Landorus-Therian, M|100/100
|-ability|p2a: Landorus|Intimidate|boost
|-unboost|p1a: Great Tusk|atk|1
|move|p1a: Great Tusk|Headlong Rush|p2a: Landorus
|-immune|p2a: Landorus
|
|-weather|Snowscape|[upkeep]
|upkeep
|turn|15
|
|t:|1776097500
|move|p2a: Landorus|U-turn|p1a: Great Tusk
|-resisted|p1a: Great Tusk
|-damage|p1a: Great Tusk|93/100
|inactive|mememan254 has 90 seconds left.
|
|t:|1776097520
|switch|p2a: Iron Valiant|Iron Valiant|100/100|[from] U-turn
|move|p1a: Great Tusk|Headlong Rush|p2a: Iron Valiant
|-crit|p2a: Iron Valiant
|-damage|p2a: Iron Valiant|1/100
|-unboost|p1a: Great Tusk|def|1
|-unboost|p1a: Great Tusk|spd|1
|
|-weather|Snowscape|[upkeep]
|upkeep
|turn|16
|inactive|mememan254 has 90 seconds left.
|
|t:|1776097534
|-end|p1a: Great Tusk|Protosynthesis|[silent]
|switch|p1a: Scizor|Scizor, F|100/100
|move|p2a: Iron Valiant|Moonblast|p1a: Scizor
|-resisted|p1a: Scizor
|-damage|p1a: Scizor|78/100
|
|-weather|Snowscape|[upkeep]
|upkeep
|turn|17
|inactive|mememan254 has 90 seconds left.
|
|t:|1776097540
|-end|p2a: Iron Valiant|Quark Drive|[silent]
|switch|p2a: Landorus|Landorus-Therian, M|100/100
|-ability|p2a: Landorus|Intimidate|boost
|-unboost|p1a: Scizor|atk|1
|move|p1a: Scizor|U-turn|p2a: Landorus
|-resisted|p2a: Landorus
|-damage|p2a: Landorus|80/100
|-damage|p1a: Scizor|61/100|[from] item: Rocky Helmet|[of] p2a: Landorus
|
|t:|1776097550
|switch|p1a: Cloyster|Cloyster, F|100/100|[from] U-turn
|
|-weather|Snowscape|[upkeep]
|upkeep
|turn|18
|
|t:|1776097554
|move|p2a: Landorus|Taunt|p1a: Cloyster
|-start|p1a: Cloyster|move: Taunt
|move|p1a: Cloyster|Icicle Spear|p2a: Landorus
|-supereffective|p2a: Landorus
|-damage|p2a: Landorus|22/100
|-supereffective|p2a: Landorus
|-damage|p2a: Landorus|0 fnt
|faint|p2a: Landorus
|-hitcount|p2: Landorus|2
|
|-weather|Snowscape|[upkeep]
|upkeep
|
|t:|1776097561
|switch|p2a: Volcanion|Volcanion|59/100
|turn|19
|
|t:|1776097568
|move|p1a: Cloyster|Icicle Spear|p2a: Volcanion
|-resisted|p2a: Volcanion
|-damage|p2a: Volcanion|57/100
|-resisted|p2a: Volcanion
|-damage|p2a: Volcanion|54/100
|-resisted|p2a: Volcanion
|-damage|p2a: Volcanion|52/100
|-resisted|p2a: Volcanion
|-damage|p2a: Volcanion|49/100
|-resisted|p2a: Volcanion
|-damage|p2a: Volcanion|47/100
|-hitcount|p2a: Volcanion|5
|move|p2a: Volcanion|Flamethrower|p1a: Cloyster
|-damage|p1a: Cloyster|0 fnt
|faint|p1a: Cloyster
|
|-weather|Snowscape|[upkeep]
|upkeep
|
|t:|1776097581
|switch|p1a: Great Tusk|Great Tusk|93/100
|turn|20
|inactive|mememan254 has 120 seconds left.
|inactive|mememan254 has 90 seconds left.
|inactive|mememan254 has 60 seconds left.
|
|t:|1776097666
|-terastallize|p2a: Volcanion|Flying
|move|p1a: Great Tusk|Bulk Up|p1a: Great Tusk
|-boost|p1a: Great Tusk|atk|1
|-boost|p1a: Great Tusk|def|1
|move|p2a: Volcanion|Steam Eruption|p1a: Great Tusk
|-supereffective|p1a: Great Tusk
|-damage|p1a: Great Tusk|0 fnt
|faint|p1a: Great Tusk
|-end|p1a: Great Tusk|Protosynthesis|[silent]
|
|-weather|none
|upkeep
|
|t:|1776097674
|switch|p1a: Kyurem|Kyurem|43/100
|-ability|p1a: Kyurem|Pressure
|turn|21
|
|t:|1776097680
|switch|p2a: Kingambit|Kingambit, F|62/100
|-activate|p2a: Kingambit|ability: Supreme Overlord
|-start|p2a: Kingambit|fallen1|[silent]
|move|p1a: Kyurem|Freeze-Dry|p2a: Kingambit
|-resisted|p2a: Kingambit
|-damage|p2a: Kingambit|43/100
|
|-heal|p2a: Kingambit|49/100|[from] item: Leftovers
|upkeep
|turn|22
|inactive|mememan254 has 60 seconds left.
|
|t:|1776097690
|move|p2a: Kingambit|Sucker Punch|p1a: Kyurem
|-damage|p1a: Kyurem|17/100
|move|p1a: Kyurem|Body Press|p2a: Kingambit
|-supereffective|p2a: Kingambit
|-damage|p2a: Kingambit|0 fnt
|faint|p2a: Kingambit
|-end|p2a: Kingambit|fallen1|[silent]
|
|upkeep
|
|t:|1776097695
|switch|p2a: Iron Valiant|Iron Valiant|1/100
|turn|23
|
|t:|1776097698
|switch|p1a: Scizor|Scizor, F|61/100
|move|p2a: Iron Valiant|Moonblast|p1a: Scizor
|-resisted|p1a: Scizor
|-damage|p1a: Scizor|37/100
|
|upkeep
|turn|24
|
|t:|1776097713
|move|p1a: Scizor|Bullet Punch|p2a: Iron Valiant
|-supereffective|p2a: Iron Valiant
|-damage|p2a: Iron Valiant|0 fnt
|faint|p2a: Iron Valiant
|-end|p2a: Iron Valiant|Quark Drive|[silent]
|
|upkeep
|
|t:|1776097714
|switch|p2a: Pecharunt|Pecharunt|100/100
|turn|25
|
|t:|1776097719
|switch|p1a: Kyurem|Kyurem|17/100
|-ability|p1a: Kyurem|Pressure
|move|p2a: Pecharunt|Shadow Ball|p1a: Kyurem
|-damage|p1a: Kyurem|0 fnt
|faint|p1a: Kyurem
|
|upkeep
|
|t:|1776097726
|switch|p1a: Scizor|Scizor, F|37/100
|turn|26
|
|t:|1776097729
|move|p2a: Pecharunt|Shadow Ball|p1a: Scizor
|-damage|p1a: Scizor|3/100
|move|p1a: Scizor|Knock Off|p2a: Pecharunt
|-supereffective|p2a: Pecharunt
|-damage|p2a: Pecharunt|27/100
|-enditem|p2a: Pecharunt|Heavy-Duty Boots|[from] move: Knock Off|[of] p1a: Scizor
|
|upkeep
|turn|27
|
|t:|1776097734
|move|p2a: Pecharunt|Shadow Ball|p1a: Scizor
|-damage|p1a: Scizor|0 fnt
|faint|p1a: Scizor
|
|win|mememan254
|raw|greedman456's rating: 1604 &rarr; <strong>1583</strong><br />(-21 for losing)
|raw|mememan254's rating: 1590 &rarr; <strong>1611</strong><br />(+21 for winning)
|l|☆greedman456
|player|p1|
