|html|<div class="broadcast-blue"><strong>[Gen 9] OU is currently suspecting Tera Blast! For information on how to participate check out the <a href="https://www.smogon.com/tools/suspects/view/200">suspect thread</a>.</strong></div>
|j|☆chienmulticolor
|j|☆BuffCacture
|t:|1776067278
|gametype|singles
|player|p1|chienmulticolor|nessa|1166
|player|p2|BuffCacture|2|1121
|gen|9
|tier|[Gen 9] OU
|rated|
|rule|HP Percentage Mod: HP is shown in percentages
|rule|Endless Battle Clause: Forcing endless battles is banned
|rule|Species Clause: Limit one of each Pokémon
|rule|OHKO Clause: OHKO moves are banned
|rule|Evasion Items Clause: Evasion items are banned
|rule|Evasion Moves Clause: Evasion moves are banned
|rule|Evasion Abilities Clause: Evasion abilities are banned
|rule|Sleep Moves Clause: Sleep-inducing moves are banned
|clearpoke
|poke|p1|Kleavor, F|
|poke|p1|Samurott-Hisui, F|
|poke|p1|Zapdos|
|poke|p1|Gholdengo|
|poke|p1|Slowking-Galar, F|
|poke|p1|Great Tusk|
|poke|p2|Tinkaton, F|
|poke|p2|Cacturne, F|
|poke|p2|Slowbro, M|
|poke|p2|Rotom-Wash|
|poke|p2|Emboar, M|
|poke|p2|Drifblim, F|
|teampreview
|c|☆BuffCacture|bitch made team
|
|t:|1776067296
|teamsize|p1|6
|teamsize|p2|6
|start
|switch|p1a: Great Tusk|Great Tusk|100/100
|switch|p2a: Domintrix|Tinkaton, F|100/100
|-ability|p2a: Domintrix|Mold Breaker
|turn|1
|
|t:|1776067307
|switch|p2a: Up in Smoke|Drifblim, F|100/100
|move|p1a: Great Tusk|Taunt|p2a: Up in Smoke
|-start|p2a: Up in Smoke|move: Taunt
|
|-status|p2a: Up in Smoke|brn|[from] item: Flame Orb
|upkeep
|turn|2
|
|t:|1776067318
|move|p1a: Great Tusk|Ice Spinner|p2a: Up in Smoke
|-supereffective|p2a: Up in Smoke
|-damage|p2a: Up in Smoke|50/100 brn
|move|p2a: Up in Smoke|Air Slash|p1a: Great Tusk
|-supereffective|p1a: Great Tusk
|-damage|p1a: Great Tusk|6/100
|
|-heal|p1a: Great Tusk|13/100|[from] item: Leftovers
|-damage|p2a: Up in Smoke|44/100 brn|[from] brn
|upkeep
|turn|3
|
|t:|1776067330
|switch|p2a: Step_Bro_im_stuck|Rotom-Wash|100/100
|move|p1a: Great Tusk|Ice Spinner|p2a: Step_Bro_im_stuck
|-resisted|p2a: Step_Bro_im_stuck
|-damage|p2a: Step_Bro_im_stuck|88/100
|
|-heal|p1a: Great Tusk|19/100|[from] item: Leftovers
|-heal|p2a: Step_Bro_im_stuck|94/100|[from] item: Leftovers
|upkeep
|turn|4
|
|t:|1776067346
|move|p1a: Great Tusk|Taunt|p2a: Step_Bro_im_stuck
|-start|p2a: Step_Bro_im_stuck|move: Taunt
|move|p2a: Step_Bro_im_stuck|Hydro Pump|p1a: Great Tusk
|-supereffective|p1a: Great Tusk
|-damage|p1a: Great Tusk|0 fnt
|faint|p1a: Great Tusk
|-end|p1a: Great Tusk|Protosynthesis|[silent]
|
|-heal|p2a: Step_Bro_im_stuck|100/100|[from] item: Leftovers
|upkeep
|
|t:|1776067359
|switch|p1a: Gholdengo|Gholdengo|100/100
|turn|5
|
|t:|1776067375
|-terastallize|p1a: Gholdengo|Steel
|move|p1a: Gholdengo|Make It Rain|p2a: Step_Bro_im_stuck
|-resisted|p2a: Step_Bro_im_stuck
|-damage|p2a: Step_Bro_im_stuck|65/100
|-unboost|p1a: Gholdengo|spa|1
|move|p2a: Step_Bro_im_stuck|Volt Switch|p1a: Gholdengo
|-damage|p1a: Gholdengo|58/100
|
|t:|1776067389
|switch|p2a: Ur Momma|Emboar, M|100/100|[from] Volt Switch
|
|upkeep
|turn|6
|
|t:|1776067413
|switch|p1a: Samurott|Samurott-Hisui, F|100/100
|move|p2a: Ur Momma|Flare Blitz|p1a: Samurott
|-resisted|p1a: Samurott
|-damage|p1a: Samurott|52/100
|-status|p1a: Samurott|brn
|-damage|p2a: Ur Momma|86/100|[from] Recoil
|
|-damage|p1a: Samurott|46/100 brn|[from] brn
|upkeep
|turn|7
|
|t:|1776067425
|switch|p2a: Up in Smoke|Drifblim, F|44/100 brn
|move|p1a: Samurott|Flip Turn|p2a: Up in Smoke
|-damage|p2a: Up in Smoke|30/100 brn
|
|t:|1776067433
|switch|p1a: Kleavor|Kleavor, F|100/100|[from] Flip Turn
|
|-damage|p2a: Up in Smoke|24/100 brn|[from] brn
|upkeep
|turn|8
|
|t:|1776067443
|move|p1a: Kleavor|Stone Axe|p2a: Up in Smoke
|-supereffective|p2a: Up in Smoke
|-damage|p2a: Up in Smoke|0 fnt
|-sidestart|p2: BuffCacture|move: Stealth Rock
|faint|p2a: Up in Smoke
|
|upkeep
|
|t:|1776067463
|switch|p2a: Domintrix|Tinkaton, F|100/100
|-damage|p2a: Domintrix|94/100|[from] Stealth Rock
|-ability|p2a: Domintrix|Mold Breaker
|turn|9
|
|t:|1776067500
|switch|p1a: Zapdos|Zapdos|100/100
|move|p2a: Domintrix|Thunder Wave|p1a: Zapdos
|-immune|p1a: Zapdos
|
|upkeep
|turn|10
|
|t:|1776067512
|move|p1a: Zapdos|Thunder Wave|p2a: Domintrix
|-status|p2a: Domintrix|par
|move|p2a: Domintrix|Swords Dance|p2a: Domintrix
|-boost|p2a: Domintrix|atk|2
|
|upkeep
|turn|11
|
|t:|1776067520
|move|p1a: Zapdos|Volt Switch|p2a: Domintrix
|-damage|p2a: Domintrix|64/100 par
|
|t:|1776067524
|switch|p1a: Gholdengo|Gholdengo, tera:Steel|58/100|[from] Volt Switch
|move|p2a: Domintrix|Gigaton Hammer|p1a: Gholdengo
|-resisted|p1a: Gholdengo
|-damage|p1a: Gholdengo|0 fnt
|faint|p1a: Gholdengo
|
|upkeep
|-message|chienmulticolor forfeited.
|
|win|BuffCacture
|raw|chienmulticolor's rating: 1166 &rarr; <strong>1138</strong><br />(-28 for losing)
|raw|BuffCacture's rating: 1121 &rarr; <strong>1149</strong><br />(+28 for winning)
|l|☆chienmulticolor
|player|p1|
|l|☆BuffCacture
|player|p2|
