|html|<div class="broadcast-blue"><strong>[Gen 9] OU is currently suspecting Volcarona! For information on how to participate check out the <a href="https://www.smogon.com/tools/suspects/view/208">suspect thread</a>.</strong></div>
|j|☆googoogiga
|j|☆Virid18
|t:|1778509164
|gametype|singles
|player|p1|googoogiga|102|1075
|player|p2|Virid18|nate|1064
|gen|9
|tier|[Gen 9] OU
|rated|
|rule|HP Percentage Mod: HP is shown in percentages
|rule|Endless Battle Clause: Forcing endless battles is banned
|rule|Species Clause: Limit one of each Pokémon
|rule|OHKO Clause: OHKO moves are banned
|rule|Evasion Items Clause: Evasion items are banned
|rule|Evasion Moves Clause: Evasion moves are banned
|rule|Evasion Abilities Clause: Evasion abilities are banned
|rule|Sleep Moves Clause: Sleep-inducing moves are banned
|clearpoke
|poke|p1|Primarina, F|
|poke|p1|Hatterene, F|
|poke|p1|Dragapult, F|
|poke|p1|Deoxys-Speed|
|poke|p1|Gholdengo|
|poke|p1|Dragonite, M|
|poke|p2|Milotic, M|
|poke|p2|Ursaluna, F|
|poke|p2|Glimmora, M|
|poke|p2|Cinderace, F|
|poke|p2|Gliscor, F|
|poke|p2|Perrserker, M|
|teampreview
|
|t:|1778509169
|teamsize|p1|6
|teamsize|p2|6
|start
|switch|p1a: Deoxys|Deoxys-Speed|100/100
|switch|p2a: Glimmora|Glimmora, M|100/100
|-ability|p1a: Deoxys|Pressure
|turn|1
|inactive|Battle timer is ON: inactive players will automatically lose when time's up. (requested by Virid18)
|
|t:|1778509180
|move|p1a: Deoxys|Stealth Rock|p2a: Glimmora
|-sidestart|p2: Virid18|move: Stealth Rock
|move|p2a: Glimmora|Light Screen|p2a: Glimmora
|-sidestart|p2: Virid18|move: Light Screen
|
|upkeep
|turn|2
|
|t:|1778509188
|switch|p1a: Hatterene|Hatterene, F|100/100
|move|p2a: Glimmora|Mortal Spin|p1a: Hatterene
|-supereffective|p1a: Hatterene
|-damage|p1a: Hatterene|85/100
|-status|p1a: Hatterene|psn
|-sideend|p2: Virid18|Stealth Rock|[from] move: Mortal Spin|[of] p2a: Glimmora
|
|-heal|p1a: Hatterene|91/100 psn|[from] item: Leftovers
|-damage|p1a: Hatterene|78/100 psn|[from] psn
|upkeep
|turn|3
|
|t:|1778509201
|move|p2a: Glimmora|Toxic Spikes|p1a: Hatterene
|move|p1a: Hatterene|Toxic Spikes|p2a: Glimmora|[from] ability: Magic Bounce
|-sidestart|p2: Virid18|move: Toxic Spikes
|move|p1a: Hatterene|Future Sight|p2a: Glimmora
|-start|p1a: Hatterene|move: Future Sight
|
|-heal|p1a: Hatterene|84/100 psn|[from] item: Leftovers
|-damage|p1a: Hatterene|72/100 psn|[from] psn
|upkeep
|turn|4
|
|t:|1778509210
|move|p2a: Glimmora|Mortal Spin|p1a: Hatterene
|-supereffective|p1a: Hatterene
|-damage|p1a: Hatterene|57/100 psn
|-sideend|p2: Virid18|Toxic Spikes|[from] move: Mortal Spin|[of] p2a: Glimmora
|move|p1a: Hatterene|Trick Room|p1a: Hatterene
|-fieldstart|move: Trick Room|[of] p1a: Hatterene
|
|-heal|p1a: Hatterene|63/100 psn|[from] item: Leftovers
|-damage|p1a: Hatterene|51/100 psn|[from] psn
|upkeep
|turn|5
|
|t:|1778509226
|switch|p1a: Primarina|Primarina, F|100/100
|move|p2a: Glimmora|Power Gem|p1a: Primarina
|-damage|p1a: Primarina|72/100
|
|-end|p2a: Glimmora|move: Future Sight
|-supereffective|p2a: Glimmora
|-damage|p2a: Glimmora|10/100
|-sideend|p2: Virid18|move: Light Screen
|upkeep
|turn|6
|
|t:|1778509241
|move|p1a: Primarina|Psychic Noise|p2a: Glimmora
|-supereffective|p2a: Glimmora
|-damage|p2a: Glimmora|0 fnt
|faint|p2a: Glimmora
|-enditem|p1a: Primarina|Throat Spray
|-boost|p1a: Primarina|spa|1|[from] item: Throat Spray
|
|upkeep
|
|t:|1778509249
|switch|p2a: Perrserker|Perrserker, M|100/100
|turn|7
|
|t:|1778509256
|-terastallize|p1a: Primarina|Water
|move|p2a: Perrserker|Iron Head|p1a: Primarina
|-resisted|p1a: Primarina
|-damage|p1a: Primarina|20/100
|move|p1a: Primarina|Psychic Noise|p2a: Perrserker
|-damage|p2a: Perrserker|0 fnt
|faint|p2a: Perrserker
|
|upkeep
|
|t:|1778509277
|switch|p2a: Ursaluna|Ursaluna, F|100/100
|turn|8
|
|t:|1778509298
|switch|p1a: Dragapult|Dragapult, F|100/100
|move|p2a: Ursaluna|Earthquake|p1a: Dragapult
|-damage|p1a: Dragapult|17/100
|
|-fieldend|move: Trick Room
|upkeep
|turn|9
|
|t:|1778509306
|move|p1a: Dragapult|Phantom Force||[still]
|-prepare|p1a: Dragapult|Phantom Force
|move|p2a: Ursaluna|Avalanche|p1a: Dragapult|[miss]
|-miss|p2a: Ursaluna|p1a: Dragapult
|
|upkeep
|turn|10
|
|t:|1778509316
|move|p1a: Dragapult|Phantom Force|p2a: Ursaluna|[from] lockedmove
|-immune|p2a: Ursaluna
|move|p2a: Ursaluna|Bulk Up|p2a: Ursaluna
|-boost|p2a: Ursaluna|atk|1
|-boost|p2a: Ursaluna|def|1
|
|upkeep
|turn|11
|
|t:|1778509332
|switch|p1a: Dragonite|Dragonite, M, shiny|100/100
|move|p2a: Ursaluna|Avalanche|p1a: Dragonite
|-supereffective|p1a: Dragonite
|-damage|p1a: Dragonite|0 fnt
|faint|p1a: Dragonite
|
|upkeep
|-message|googoogiga forfeited.
|
|win|Virid18
|raw|googoogiga's rating: 1075 &rarr; <strong>1053</strong><br />(-22 for losing)
|raw|Virid18's rating: 1064 &rarr; <strong>1095</strong><br />(+31 for winning)
|l|☆googoogiga
|player|p1|
|c|☆Virid18|L
|l|☆Virid18
|player|p2|
