|html|<div class="broadcast-blue"><strong>[Gen 9] OU is currently suspecting Tera Blast! For information on how to participate check out the <a href="https://www.smogon.com/tools/suspects/view/200">suspect thread</a>.</strong></div>
|j|☆kebilan
|j|☆Amol Ketchum
|t:|1776101869
|gametype|singles
|player|p1|kebilan|li|1108
|player|p2|Amol Ketchum|red|1062
|gen|9
|tier|[Gen 9] OU
|rated|
|rule|HP Percentage Mod: HP is shown in percentages
|rule|Endless Battle Clause: Forcing endless battles is banned
|rule|Species Clause: Limit one of each Pokémon
|rule|OHKO Clause: OHKO moves are banned
|rule|Evasion Items Clause: Evasion items are banned
|rule|Evasion Moves Clause: Evasion moves are banned
|rule|Evasion Abilities Clause: Evasion abilities are banned
|rule|Sleep Moves Clause: Sleep-inducing moves are banned
|clearpoke
|poke|p1|Weezing-Galar, M|
|poke|p1|Landorus-Therian, M|
|poke|p1|Deoxys-Defense|
|poke|p1|Salazzle, F|
|poke|p1|Snorlax, F|
|poke|p1|Noivern, F|
|poke|p2|Pikachu-Partner, M|
|poke|p2|Greninja-*, M|
|poke|p2|Talonflame, M|
|poke|p2|Hawlucha, M|
|poke|p2|Noivern, M|
|poke|p2|Goodra, M|
|teampreview
|inactive|Battle timer is ON: inactive players will automatically lose when time's up. (requested by Amol Ketchum)
|
|t:|1776101886
|teamsize|p1|6
|teamsize|p2|6
|start
|switch|p1a: Salazzle|Salazzle, F|100/100
|switch|p2a: Goodra|Goodra, M|100/100
|turn|1
|
|t:|1776101895
|move|p1a: Salazzle|Toxic|p2a: Goodra
|-status|p2a: Goodra|tox
|move|p2a: Goodra|Earthquake|p1a: Salazzle
|-supereffective|p1a: Salazzle
|-enditem|p1a: Salazzle|Focus Sash
|-damage|p1a: Salazzle|1/100
|
|-damage|p2a: Goodra|94/100 tox|[from] psn
|upkeep
|turn|2
|
|t:|1776101909
|move|p1a: Salazzle|Endeavor|p2a: Goodra
|-damage|p2a: Goodra|1/100 tox
|-ability|p2a: Goodra|Gooey
|-unboost|p1a: Salazzle|spe|1
|move|p2a: Goodra|Ice Beam|p1a: Salazzle
|-resisted|p1a: Salazzle
|-damage|p1a: Salazzle|0 fnt
|faint|p1a: Salazzle
|
|-damage|p2a: Goodra|0 fnt|[from] psn
|faint|p2a: Goodra
|upkeep
|
|t:|1776101927
|switch|p1a: Noivern|Noivern, F, shiny|100/100
|switch|p2a: Pikachu|Pikachu-Partner, M|100/100
|turn|3
|
|t:|1776101935
|move|p1a: Noivern|Defog|p2a: Pikachu
|-unboost|p2a: Pikachu|evasion|1
|move|p2a: Pikachu|Endeavor|p1a: Noivern
|-damage|p1a: Noivern|68/100
|
|upkeep
|turn|4
|
|t:|1776101947
|move|p1a: Noivern|U-turn|p2a: Pikachu
|-damage|p2a: Pikachu|77/100
|
|t:|1776101956
|switch|p1a: Landorus|Landorus-Therian, M|100/100|[from] U-turn
|-ability|p1a: Landorus|Intimidate|boost
|-unboost|p2a: Pikachu|atk|1
|move|p2a: Pikachu|Endeavor|p1a: Landorus
|-damage|p1a: Landorus|57/100
|
|upkeep
|turn|5
|
|t:|1776101967
|move|p1a: Landorus|Earthquake|p2a: Pikachu
|-supereffective|p2a: Pikachu
|-damage|p2a: Pikachu|0 fnt
|faint|p2a: Pikachu
|
|upkeep
|
|t:|1776101980
|switch|p2a: Hawlucha|Hawlucha, M|100/100
|-ability|p2a: Hawlucha|Mold Breaker
|turn|6
|
|t:|1776101986
|move|p1a: Landorus|U-turn|p2a: Hawlucha
|-resisted|p2a: Hawlucha
|-damage|p2a: Hawlucha|92/100
|
|t:|1776101989
|switch|p1a: Weezing|Weezing-Galar, M, shiny|100/100|[from] U-turn
|move|p2a: Hawlucha|Cross Chop|p1a: Weezing
|-resisted|p1a: Weezing
|-damage|p1a: Weezing|92/100
|
|upkeep
|turn|7
|
|t:|1776101999
|move|p2a: Hawlucha|Stone Edge|p1a: Weezing
|-damage|p1a: Weezing|68/100
|move|p1a: Weezing|Play Rough|p2a: Hawlucha
|-supereffective|p2a: Hawlucha
|-damage|p2a: Hawlucha|0 fnt
|faint|p2a: Hawlucha
|
|upkeep
|-message|Amol Ketchum forfeited.
|
|win|kebilan
|raw|kebilan's rating: 1108 &rarr; <strong>1130</strong><br />(+22 for winning)
|raw|Amol Ketchum's rating: 1062 &rarr; <strong>1045</strong><br />(-17 for losing)
|l|☆Amol Ketchum
|player|p2|
|l|☆kebilan
|player|p1|
