|html|<div class="broadcast-blue"><strong>[Gen 9] OU is currently suspecting Tera Blast! For information on how to participate check out the <a href="https://www.smogon.com/tools/suspects/view/200">suspect thread</a>.</strong></div>
|j|☆John Mahmoud
|j|‽pigeon_lmao
|t:|1776106853
|gametype|singles
|player|p1|John Mahmoud|102|1296
|player|p2|pigeon_lmao|265|1245
|gen|9
|tier|[Gen 9] OU
|rated|
|rule|HP Percentage Mod: HP is shown in percentages
|rule|Endless Battle Clause: Forcing endless battles is banned
|rule|Species Clause: Limit one of each Pokémon
|rule|OHKO Clause: OHKO moves are banned
|rule|Evasion Items Clause: Evasion items are banned
|rule|Evasion Moves Clause: Evasion moves are banned
|rule|Evasion Abilities Clause: Evasion abilities are banned
|rule|Sleep Moves Clause: Sleep-inducing moves are banned
|clearpoke
|poke|p1|Talonflame, M|
|poke|p1|Pelipper, F|
|poke|p1|Barraskewda, F|
|poke|p1|Ogerpon-Wellspring, F|
|poke|p1|Zapdos|
|poke|p1|Samurott-Hisui, M|
|poke|p2|Lilligant, F|
|poke|p2|Greninja-*, M|
|poke|p2|Sylveon, F|
|poke|p2|Gliscor, M|
|poke|p2|Dragonite, M|
|poke|p2|Tentacruel, M|
|teampreview
|inactive|Battle timer is ON: inactive players will automatically lose when time's up. (requested by pigeon_lmao)
|
|t:|1776106861
|teamsize|p1|6
|teamsize|p2|6
|start
|switch|p1a: Big Mouth|Pelipper, F|100/100
|switch|p2a: Gliscor|Gliscor, M|100/100
|-weather|RainDance|[from] ability: Drizzle|[of] p1a: Big Mouth
|turn|1
|
|t:|1776106870
|switch|p2a: Greninja|Greninja, M|100/100
|move|p1a: Big Mouth|Weather Ball|p2a: Greninja
|-resisted|p2a: Greninja
|-damage|p2a: Greninja|60/100
|
|-weather|RainDance|[upkeep]
|upkeep
|turn|2
|
|t:|1776106878
|move|p2a: Greninja|Water Shuriken|p1a: Big Mouth
|-start|p2a: Greninja|typechange|Water|[from] ability: Protean
|-resisted|p1a: Big Mouth
|-damage|p1a: Big Mouth|90/100
|-resisted|p1a: Big Mouth
|-damage|p1a: Big Mouth|79/100
|-hitcount|p1a: Big Mouth|2
|move|p1a: Big Mouth|U-turn|p2a: Greninja
|-damage|p2a: Greninja|47/100
|
|t:|1776106890
|switch|p1a: Glass Cannon|Barraskewda, F, shiny|100/100|[from] U-turn
|
|-weather|RainDance|[upkeep]
|upkeep
|turn|3
|
|t:|1776106899
|move|p2a: Greninja|Water Shuriken|p1a: Glass Cannon
|-resisted|p1a: Glass Cannon
|-damage|p1a: Glass Cannon|83/100
|-resisted|p1a: Glass Cannon
|-damage|p1a: Glass Cannon|64/100
|-resisted|p1a: Glass Cannon
|-damage|p1a: Glass Cannon|44/100
|-resisted|p1a: Glass Cannon
|-damage|p1a: Glass Cannon|26/100
|-resisted|p1a: Glass Cannon
|-damage|p1a: Glass Cannon|7/100
|-hitcount|p1a: Glass Cannon|5
|move|p1a: Glass Cannon|Liquidation|p2a: Greninja
|-resisted|p2a: Greninja
|-damage|p2a: Greninja|0 fnt
|faint|p2a: Greninja
|
|-weather|RainDance|[upkeep]
|upkeep
|
|t:|1776106915
|switch|p2a: Lilligant|Lilligant, F|100/100
|turn|4
|
|t:|1776106919
|move|p1a: Glass Cannon|Liquidation|p2a: Lilligant
|-resisted|p2a: Lilligant
|-damage|p2a: Lilligant|14/100
|move|p2a: Lilligant|Giga Drain|p1a: Glass Cannon
|-supereffective|p1a: Glass Cannon
|-damage|p1a: Glass Cannon|0 fnt
|-heal|p2a: Lilligant|17/100|[from] drain|[of] p1a: Glass Cannon
|faint|p1a: Glass Cannon
|
|-weather|RainDance|[upkeep]
|-heal|p2a: Lilligant|23/100|[from] item: Leftovers
|upkeep
|
|t:|1776106931
|switch|p1a: Mjolnir|Zapdos|100/100
|turn|5
|
|t:|1776106936
|move|p2a: Lilligant|Leech Seed|p1a: Mjolnir
|-start|p1a: Mjolnir|move: Leech Seed
|move|p1a: Mjolnir|Hurricane|p2a: Lilligant
|-supereffective|p2a: Lilligant
|-damage|p2a: Lilligant|0 fnt
|faint|p2a: Lilligant
|
|-weather|RainDance|[upkeep]
|upkeep
|
|t:|1776106944
|switch|p2a: Sylveon|Sylveon, F|100/100
|turn|6
|
|t:|1776106950
|move|p1a: Mjolnir|Volt Switch|p2a: Sylveon
|-damage|p2a: Sylveon|75/100
|
|t:|1776106956
|switch|p1a: Stone Mask|Ogerpon-Wellspring, F|100/100|[from] Volt Switch
|move|p2a: Sylveon|Calm Mind|p2a: Sylveon
|-boost|p2a: Sylveon|spa|1
|-boost|p2a: Sylveon|spd|1
|
|-weather|RainDance|[upkeep]
|-heal|p2a: Sylveon|81/100|[from] item: Leftovers
|upkeep
|turn|7
|
|t:|1776106967
|-terastallize|p2a: Sylveon|Steel
|move|p1a: Stone Mask|Ivy Cudgel|p2a: Sylveon|[anim] Ivy Cudgel Water
|-damage|p2a: Sylveon|4/100
|move|p2a: Sylveon|Calm Mind|p2a: Sylveon
|-boost|p2a: Sylveon|spa|1
|-boost|p2a: Sylveon|spd|1
|
|-weather|RainDance|[upkeep]
|-heal|p2a: Sylveon|10/100|[from] item: Leftovers
|upkeep
|turn|8
|
|t:|1776106978
|move|p2a: Sylveon|Protect|p2a: Sylveon
|-singleturn|p2a: Sylveon|Protect
|move|p1a: Stone Mask|Ivy Cudgel|p2a: Sylveon|[anim] Ivy Cudgel Water
|-activate|p2a: Sylveon|move: Protect
|
|-weather|none
|-heal|p2a: Sylveon|16/100|[from] item: Leftovers
|upkeep
|turn|9
|
|t:|1776106989
|move|p1a: Stone Mask|Ivy Cudgel|p2a: Sylveon|[anim] Ivy Cudgel Water
|-damage|p2a: Sylveon|0 fnt
|faint|p2a: Sylveon
|
|upkeep
|
|t:|1776106997
|switch|p2a: Tentacruel|Tentacruel, M|100/100
|turn|10
|
|t:|1776107007
|switch|p1a: Big Mouth|Pelipper, F|79/100
|-weather|RainDance|[from] ability: Drizzle|[of] p1a: Big Mouth
|move|p2a: Tentacruel|Sludge Wave|p1a: Big Mouth
|-damage|p1a: Big Mouth|28/100
|
|-weather|RainDance|[upkeep]
|upkeep
|turn|11
|
|t:|1776107016
|move|p2a: Tentacruel|Sludge Wave|p1a: Big Mouth
|-damage|p1a: Big Mouth|0 fnt
|faint|p1a: Big Mouth
|
|-weather|RainDance|[upkeep]
|upkeep
|
|t:|1776107023
|switch|p1a: Mjolnir|Zapdos|100/100
|turn|12
|
|t:|1776107027
|move|p2a: Tentacruel|Sludge Wave|p1a: Mjolnir
|-damage|p1a: Mjolnir|64/100
|move|p1a: Mjolnir|Hurricane|p2a: Tentacruel
|-damage|p2a: Tentacruel|66/100
|
|-weather|RainDance|[upkeep]
|upkeep
|turn|13
|
|t:|1776107035
|move|p2a: Tentacruel|Sludge Wave|p1a: Mjolnir
|-damage|p1a: Mjolnir|27/100
|move|p1a: Mjolnir|Thunder|p2a: Tentacruel
|-supereffective|p2a: Tentacruel
|-damage|p2a: Tentacruel|5/100
|
|-weather|RainDance|[upkeep]
|upkeep
|turn|14
|
|t:|1776107048
|switch|p1a: Shogunyan|Samurott-Hisui, M, shiny|100/100
|move|p2a: Tentacruel|Sludge Wave|p1a: Shogunyan
|-damage|p1a: Shogunyan|39/100
|
|-weather|RainDance|[upkeep]
|upkeep
|turn|15
|
|t:|1776107061
|move|p1a: Shogunyan|Ceaseless Edge|p2a: Tentacruel
|-damage|p2a: Tentacruel|0 fnt
|-sidestart|p2: pigeon_lmao|Spikes
|faint|p2a: Tentacruel
|
|-weather|RainDance|[upkeep]
|upkeep
|
|t:|1776107068
|switch|p2a: Dragonite|Dragonite, M|100/100
|turn|16
|
|t:|1776107075
|move|p1a: Shogunyan|Aqua Cutter|p2a: Dragonite
|-resisted|p2a: Dragonite
|-damage|p2a: Dragonite|82/100
|move|p2a: Dragonite|Dragon Dance|p2a: Dragonite
|-boost|p2a: Dragonite|atk|1
|-boost|p2a: Dragonite|spe|1
|
|-weather|RainDance|[upkeep]
|upkeep
|turn|17
|
|t:|1776107089
|move|p2a: Dragonite|Dragon Dance|p2a: Dragonite
|-boost|p2a: Dragonite|atk|1
|-boost|p2a: Dragonite|spe|1
|move|p1a: Shogunyan|Ceaseless Edge|p2a: Dragonite
|-damage|p2a: Dragonite|33/100
|-sidestart|p2: pigeon_lmao|Spikes
|
|-weather|none
|upkeep
|turn|18
|
|t:|1776107098
|move|p2a: Dragonite|Outrage|p1a: Shogunyan
|-damage|p1a: Shogunyan|0 fnt
|faint|p1a: Shogunyan
|
|upkeep
|
|t:|1776107114
|switch|p1a: Nerf Gun|Talonflame, M, shiny|100/100
|turn|19
|
|t:|1776107119
|move|p1a: Nerf Gun|Hurricane|p2a: Dragonite|[miss]
|-miss|p1a: Nerf Gun|p2a: Dragonite
|move|p2a: Dragonite|Outrage|p1a: Nerf Gun|[from] lockedmove
|-damage|p1a: Nerf Gun|0 fnt
|faint|p1a: Nerf Gun
|
|upkeep
|
|t:|1776107131
|switch|p1a: Stone Mask|Ogerpon-Wellspring, F|100/100
|turn|20
|
|t:|1776107141
|-terastallize|p1a: Stone Mask|Water
|detailschange|p1a: Stone Mask|Ogerpon-Wellspring-Tera, F, tera:Water
|-ability|p1a: Stone Mask|Embody Aspect (Wellspring)|boost
|-boost|p1a: Stone Mask|spd|1
|move|p2a: Dragonite|Outrage|p1a: Stone Mask|[from] lockedmove
|-damage|p1a: Stone Mask|0 fnt
|faint|p1a: Stone Mask
|detailschange|p1: Stone Mask|Ogerpon-Wellspring, F|[silent]
|-start|p2a: Dragonite|confusion|[fatigue]
|
|upkeep
|-message|John Mahmoud forfeited.
|
|win|pigeon_lmao
|raw|John Mahmoud's rating: 1296 &rarr; <strong>1267</strong><br />(-29 for losing)
|raw|pigeon_lmao's rating: 1245 &rarr; <strong>1274</strong><br />(+29 for winning)
|l|☆John Mahmoud
|player|p1|
|l|‽pigeon_lmao
|player|p2|
