|html|<div class="broadcast-blue"><strong>[Gen 9] OU is currently suspecting Volcarona! For information on how to participate check out the <a href="https://www.smogon.com/tools/suspects/view/208">suspect thread</a>.</strong></div>
|j|☆Fieshand
|j|☆cormac
|t:|1778506114
|gametype|singles
|player|p1|Fieshand|clair|1462
|player|p2|cormac|pokefan-gen4|1411
|gen|9
|tier|[Gen 9] OU
|rated|
|rule|HP Percentage Mod: HP is shown in percentages
|rule|Endless Battle Clause: Forcing endless battles is banned
|rule|Species Clause: Limit one of each Pokémon
|rule|OHKO Clause: OHKO moves are banned
|rule|Evasion Items Clause: Evasion items are banned
|rule|Evasion Moves Clause: Evasion moves are banned
|rule|Evasion Abilities Clause: Evasion abilities are banned
|rule|Sleep Moves Clause: Sleep-inducing moves are banned
|clearpoke
|poke|p1|Darkrai|
|poke|p1|Gliscor, M|
|poke|p1|Alomomola, M|
|poke|p1|Corviknight, F|
|poke|p1|Pecharunt|
|poke|p1|Iron Valiant|
|poke|p2|Dragonite, F|
|poke|p2|Tornadus, M|
|poke|p2|Walking Wake|
|poke|p2|Raging Bolt|
|poke|p2|Great Tusk|
|poke|p2|Torkoal, M|
|teampreview
|inactive|Battle timer is ON: inactive players will automatically lose when time's up. (requested by Fieshand)
|
|t:|1778506128
|teamsize|p1|6
|teamsize|p2|6
|start
|switch|p1a: Iron Valiant|Iron Valiant|100/100
|switch|p2a: Torkoal|Torkoal, M|100/100
|-weather|SunnyDay|[from] ability: Drought|[of] p2a: Torkoal
|turn|1
|
|t:|1778506139
|-end|p1a: Iron Valiant|Quark Drive|[silent]
|switch|p1a: Pecharunt|Pecharunt|100/100
|move|p2a: Torkoal|Will-O-Wisp|p1a: Pecharunt
|-status|p1a: Pecharunt|brn
|
|-weather|SunnyDay|[upkeep]
|-damage|p1a: Pecharunt|94/100 brn|[from] brn
|upkeep
|turn|2
|
|t:|1778506147
|move|p1a: Pecharunt|Malignant Chain|p2a: Torkoal
|-damage|p2a: Torkoal|70/100
|-status|p2a: Torkoal|tox
|-start|p2a: Torkoal|confusion|[from] ability: Poison Puppeteer|[of] p1a: Pecharunt
|-activate|p2a: Torkoal|confusion
|move|p2a: Torkoal|Stealth Rock|p1a: Pecharunt
|-sidestart|p1: Fieshand|move: Stealth Rock
|
|-weather|SunnyDay|[upkeep]
|-damage|p2a: Torkoal|64/100 tox|[from] psn
|-damage|p1a: Pecharunt|88/100 brn|[from] brn
|upkeep
|turn|3
|
|t:|1778506156
|switch|p2a: Walking Wake|Walking Wake|100/100
|-activate|p2a: Walking Wake|ability: Protosynthesis
|-start|p2a: Walking Wake|protosynthesisspe
|move|p1a: Pecharunt|Malignant Chain|p2a: Walking Wake
|-damage|p2a: Walking Wake|64/100
|
|-weather|SunnyDay|[upkeep]
|-damage|p1a: Pecharunt|82/100 brn|[from] brn
|upkeep
|turn|4
|
|t:|1778506159
|switch|p1a: Alomomola|Alomomola, M|100/100
|-damage|p1a: Alomomola|88/100|[from] Stealth Rock
|-terastallize|p2a: Walking Wake|Water
|move|p2a: Walking Wake|Hydro Steam|p1a: Alomomola
|-resisted|p1a: Alomomola
|-damage|p1a: Alomomola|61/100
|
|-weather|SunnyDay|[upkeep]
|upkeep
|turn|5
|
|t:|1778506168
|-end|p2a: Walking Wake|Protosynthesis|[silent]
|switch|p2a: Tornadus|Tornadus, M|100/100
|move|p1a: Alomomola|Flip Turn|p2a: Tornadus
|-damage|p2a: Tornadus|87/100
|
|t:|1778506173
|switch|p1a: Darkrai|Darkrai|100/100|[from] Flip Turn
|-damage|p1a: Darkrai|88/100|[from] Stealth Rock
|
|-weather|SunnyDay|[upkeep]
|upkeep
|turn|6
|
|t:|1778506182
|move|p1a: Darkrai|Ice Beam|p2a: Tornadus
|-supereffective|p2a: Tornadus
|-damage|p2a: Tornadus|0 fnt
|faint|p2a: Tornadus
|
|-weather|SunnyDay|[upkeep]
|upkeep
|
|t:|1778506185
|switch|p2a: Walking Wake|Walking Wake, tera:Water|64/100
|-activate|p2a: Walking Wake|ability: Protosynthesis
|-start|p2a: Walking Wake|protosynthesisspe
|turn|7
|
|t:|1778506190
|switch|p1a: Alomomola|Alomomola, M|94/100
|-damage|p1a: Alomomola|82/100|[from] Stealth Rock
|move|p2a: Walking Wake|Hydro Steam|p1a: Alomomola
|-resisted|p1a: Alomomola
|-damage|p1a: Alomomola|51/100
|
|-weather|SunnyDay|[upkeep]
|upkeep
|turn|8
|
|t:|1778506203
|-end|p2a: Walking Wake|Protosynthesis|[silent]
|switch|p2a: Dragonite|Dragonite, F|100/100
|move|p1a: Alomomola|Flip Turn|p2a: Dragonite
|-resisted|p2a: Dragonite
|-damage|p2a: Dragonite|98/100
|
|t:|1778506208
|switch|p1a: Pecharunt|Pecharunt|82/100 brn|[from] Flip Turn
|
|-weather|none
|-damage|p1a: Pecharunt|76/100 brn|[from] brn
|upkeep
|turn|9
|
|t:|1778506211
|move|p2a: Dragonite|Dragon Dance|p2a: Dragonite
|-boost|p2a: Dragonite|atk|1
|-boost|p2a: Dragonite|spe|1
|move|p1a: Pecharunt|Malignant Chain|p2a: Dragonite
|-damage|p2a: Dragonite|66/100
|-status|p2a: Dragonite|tox
|-start|p2a: Dragonite|confusion|[from] ability: Poison Puppeteer|[of] p1a: Pecharunt
|
|-damage|p2a: Dragonite|59/100 tox|[from] psn
|-damage|p1a: Pecharunt|70/100 brn|[from] brn
|upkeep
|turn|10
|
|t:|1778506213
|switch|p1a: Corviknight|Corviknight, F|100/100
|-damage|p1a: Corviknight|88/100|[from] Stealth Rock
|-ability|p1a: Corviknight|Pressure
|-activate|p2a: Dragonite|confusion
|-damage|p2a: Dragonite|34/100 tox|[from] confusion
|
|-damage|p2a: Dragonite|22/100 tox|[from] psn
|upkeep
|turn|11
|
|t:|1778506217
|-activate|p2a: Dragonite|confusion
|move|p2a: Dragonite|Ice Spinner|p1a: Corviknight
|-crit|p1a: Corviknight
|-damage|p1a: Corviknight|50/100
|move|p1a: Corviknight|Body Press|p2a: Dragonite
|-resisted|p2a: Dragonite
|-damage|p2a: Dragonite|9/100 tox
|
|-damage|p2a: Dragonite|0 fnt|[from] psn
|faint|p2a: Dragonite
|upkeep
|
|t:|1778506220
|switch|p2a: Torkoal|Torkoal, M|64/100 tox
|-weather|SunnyDay|[from] ability: Drought|[of] p2a: Torkoal
|turn|12
|
|t:|1778506229
|switch|p2a: Walking Wake|Walking Wake, tera:Water|64/100
|-activate|p2a: Walking Wake|ability: Protosynthesis
|-start|p2a: Walking Wake|protosynthesisspe
|move|p1a: Corviknight|Defog|p2a: Walking Wake
|-unboost|p2a: Walking Wake|evasion|1
|-sideend|p1: Fieshand|Stealth Rock|[from] move: Defog|[of] p1a: Corviknight
|
|-weather|SunnyDay|[upkeep]
|upkeep
|turn|13
|
|t:|1778506239
|switch|p1a: Alomomola|Alomomola, M|84/100
|move|p2a: Walking Wake|Draco Meteor|p1a: Alomomola
|-damage|p1a: Alomomola|34/100
|-unboost|p2a: Walking Wake|spa|2
|
|-weather|SunnyDay|[upkeep]
|upkeep
|turn|14
|
|t:|1778506248
|-end|p2a: Walking Wake|Protosynthesis|[silent]
|switch|p2a: Raging Bolt|Raging Bolt|100/100
|-activate|p2a: Raging Bolt|ability: Protosynthesis
|-start|p2a: Raging Bolt|protosynthesisspa
|switch|p1a: Iron Valiant|Iron Valiant|100/100
|
|-weather|SunnyDay|[upkeep]
|upkeep
|turn|15
|
|t:|1778506252
|-end|p1a: Iron Valiant|Quark Drive|[silent]
|switch|p1a: Gliscor|Gliscor, M|100/100
|move|p2a: Raging Bolt|Thunderbolt|p1a: Gliscor
|-immune|p1a: Gliscor
|
|-weather|SunnyDay|[upkeep]
|-status|p1a: Gliscor|tox|[from] item: Toxic Orb
|upkeep
|turn|16
|
|t:|1778506256
|-end|p2a: Raging Bolt|Protosynthesis|[silent]
|switch|p2a: Great Tusk|Great Tusk|100/100
|-activate|p2a: Great Tusk|ability: Protosynthesis
|-start|p2a: Great Tusk|protosynthesisatk
|move|p1a: Gliscor|Earthquake|p2a: Great Tusk
|-damage|p2a: Great Tusk|78/100
|
|-weather|SunnyDay|[upkeep]
|upkeep
|turn|17
|
|t:|1778506260
|switch|p1a: Corviknight|Corviknight, F|50/100
|-ability|p1a: Corviknight|Pressure
|move|p2a: Great Tusk|Rapid Spin|p1a: Corviknight
|-resisted|p1a: Corviknight
|-damage|p1a: Corviknight|43/100
|-boost|p2a: Great Tusk|spe|1
|
|-weather|SunnyDay|[upkeep]
|upkeep
|turn|18
|
|t:|1778506266
|move|p2a: Great Tusk|Ice Spinner|p1a: Corviknight
|-crit|p1a: Corviknight
|-damage|p1a: Corviknight|9/100
|move|p1a: Corviknight|Roost|p1a: Corviknight
|-heal|p1a: Corviknight|59/100
|-singleturn|p1a: Corviknight|move: Roost
|
|-weather|SunnyDay|[upkeep]
|upkeep
|turn|19
|
|t:|1778506271
|move|p2a: Great Tusk|Headlong Rush|p1a: Corviknight
|-immune|p1a: Corviknight
|move|p1a: Corviknight|Roost|p1a: Corviknight
|-heal|p1a: Corviknight|100/100
|-singleturn|p1a: Corviknight|move: Roost
|
|-weather|none
|-end|p2a: Great Tusk|Protosynthesis
|upkeep
|turn|20
|
|t:|1778506280
|-end|p2a: Great Tusk|Protosynthesis|[silent]
|switch|p2a: Walking Wake|Walking Wake, tera:Water|64/100
|switch|p1a: Pecharunt|Pecharunt|70/100 brn
|
|-damage|p1a: Pecharunt|64/100 brn|[from] brn
|upkeep
|turn|21
|
|t:|1778506286
|-end|p2a: Walking Wake|Protosynthesis|[silent]
|switch|p2a: Torkoal|Torkoal, M|64/100 tox
|-weather|SunnyDay|[from] ability: Drought|[of] p2a: Torkoal
|switch|p1a: Alomomola|Alomomola, M|67/100
|
|-weather|SunnyDay|[upkeep]
|-damage|p2a: Torkoal|58/100 tox|[from] psn
|upkeep
|turn|22
|
|t:|1778506290
|move|p1a: Alomomola|Flip Turn|p2a: Torkoal
|-supereffective|p2a: Torkoal
|-damage|p2a: Torkoal|45/100 tox
|-message|cormac forfeited.
|
|win|Fieshand
|raw|Fieshand's rating: 1462 &rarr; <strong>1479</strong><br />(+17 for winning)
|raw|cormac's rating: 1411 &rarr; <strong>1394</strong><br />(-17 for losing)
|l|☆cormac
|player|p2|
|l|☆Fieshand
|player|p1|
