|html|<div class="broadcast-blue"><strong>[Gen 9] OU is currently suspecting Tera Blast! For information on how to participate check out the <a href="https://www.smogon.com/tools/suspects/view/200">suspect thread</a>.</strong></div>
|j|☆okinq
|j|☆magistermilitum420
|t:|1776035181
|gametype|singles
|player|p1|okinq|phoebe-gen6|1102
|player|p2|magistermilitum420|blue|1100
|gen|9
|tier|[Gen 9] OU
|rated|
|rule|HP Percentage Mod: HP is shown in percentages
|rule|Endless Battle Clause: Forcing endless battles is banned
|rule|Species Clause: Limit one of each Pokémon
|rule|OHKO Clause: OHKO moves are banned
|rule|Evasion Items Clause: Evasion items are banned
|rule|Evasion Moves Clause: Evasion moves are banned
|rule|Evasion Abilities Clause: Evasion abilities are banned
|rule|Sleep Moves Clause: Sleep-inducing moves are banned
|clearpoke
|poke|p1|Gallade, M|
|poke|p1|Scizor, M|
|poke|p1|Mamoswine, M|
|poke|p1|Rotom-Wash|
|poke|p1|Metagross|
|poke|p1|Zapdos|
|poke|p2|Meowscarada, M|
|poke|p2|Great Tusk|
|poke|p2|Alomomola, M|
|poke|p2|Slowking-Galar, F|
|poke|p2|Dragonite, M|
|poke|p2|Heatran, M|
|teampreview
|
|t:|1776035188
|teamsize|p1|6
|teamsize|p2|6
|start
|switch|p1a: Metagross|Metagross|100/100
|switch|p2a: Mahad|Meowscarada, M, shiny|100/100
|turn|1
|
|t:|1776035204
|move|p2a: Mahad|U-turn|p1a: Metagross
|-start|p2a: Mahad|typechange|Bug|[from] ability: Protean
|-damage|p1a: Metagross|74/100
|
|t:|1776035212
|switch|p2a: Vulcanus|Heatran, M, shiny|100/100|[from] U-turn
|move|p1a: Metagross|Stealth Rock|p2a: Vulcanus
|-sidestart|p2: magistermilitum420|move: Stealth Rock
|
|upkeep
|turn|2
|
|t:|1776035227
|switch|p1a: Rotom|Rotom-Wash|100/100
|move|p2a: Vulcanus|Overheat|p1a: Rotom
|-resisted|p1a: Rotom
|-damage|p1a: Rotom|27/100
|-unboost|p2a: Vulcanus|spa|2
|
|upkeep
|turn|3
|
|t:|1776035251
|switch|p2a: Charybdis|Alomomola, M, shiny|100/100
|move|p1a: Rotom|Pain Split|p2a: Charybdis
|-sethp|p2a: Charybdis|56/100|[from] move: Pain Split|[silent]
|-sethp|p1a: Rotom|100/100|[from] move: Pain Split
|
|upkeep
|turn|4
|
|t:|1776035280
|move|p2a: Charybdis|Protect|p2a: Charybdis
|-singleturn|p2a: Charybdis|Protect
|move|p1a: Rotom|Thunderbolt|p2a: Charybdis
|-activate|p2a: Charybdis|move: Protect
|
|upkeep
|turn|5
|
|t:|1776035295
|switch|p2a: Barca|Great Tusk|100/100
|move|p1a: Rotom|Hydro Pump|p2a: Barca
|-supereffective|p2a: Barca
|-crit|p2a: Barca
|-damage|p2a: Barca|0 fnt
|faint|p2a: Barca
|-end|p2a: Barca|Protosynthesis|[silent]
|
|upkeep
|
|t:|1776035303
|switch|p2a: Mahad|Meowscarada, M, shiny|100/100
|-damage|p2a: Mahad|88/100|[from] Stealth Rock
|turn|6
|
|t:|1776035308
|switch|p1a: Zapdos|Zapdos|100/100
|-ability|p1a: Zapdos|Pressure
|move|p2a: Mahad|Flower Trick|p1a: Zapdos
|-start|p2a: Mahad|typechange|Grass|[from] ability: Protean
|-resisted|p1a: Zapdos
|-crit|p1a: Zapdos
|-damage|p1a: Zapdos|77/100
|
|upkeep
|turn|7
|
|t:|1776035320
|switch|p2a: Mithridates|Slowking-Galar, F|100/100
|-damage|p2a: Mithridates|88/100|[from] Stealth Rock
|move|p1a: Zapdos|Heat Wave|p2a: Mithridates
|-crit|p2a: Mithridates
|-damage|p2a: Mithridates|61/100
|-status|p2a: Mithridates|brn
|
|-damage|p2a: Mithridates|55/100 brn|[from] brn
|upkeep
|turn|8
|
|t:|1776035342
|switch|p1a: Rotom|Rotom-Wash|100/100
|move|p2a: Mithridates|Sludge Bomb|p1a: Rotom
|-damage|p1a: Rotom|43/100
|
|-damage|p2a: Mithridates|49/100 brn|[from] brn
|upkeep
|turn|9
|
|t:|1776035364
|switch|p1a: Metagross|Metagross|74/100
|switch|p2a: Mahad|Meowscarada, M, shiny|88/100
|-damage|p2a: Mahad|76/100|[from] Stealth Rock
|
|upkeep
|turn|10
|
|t:|1776035380
|switch|p1a: Rotom|Rotom-Wash|43/100
|move|p2a: Mahad|U-turn|p1a: Rotom
|-start|p2a: Mahad|typechange|Bug|[from] ability: Protean
|-damage|p1a: Rotom|0 fnt
|faint|p1a: Rotom
|
|t:|1776035389
|switch|p2a: Charybdis|Alomomola, M, shiny|90/100|[from] U-turn
|
|upkeep
|
|t:|1776035394
|switch|p1a: Zapdos|Zapdos|77/100
|-ability|p1a: Zapdos|Pressure
|turn|11
|
|t:|1776035405
|move|p2a: Charybdis|Protect|p2a: Charybdis
|-singleturn|p2a: Charybdis|Protect
|move|p1a: Zapdos|Thunder Wave|p2a: Charybdis
|-activate|p2a: Charybdis|move: Protect
|
|upkeep
|turn|12
|
|t:|1776035425
|switch|p2a: Mithridates|Slowking-Galar, F|82/100 brn
|-damage|p2a: Mithridates|70/100 brn|[from] Stealth Rock
|move|p1a: Zapdos|Thunder Wave||[still]
|-fail|p1a: Zapdos
|
|-damage|p2a: Mithridates|64/100 brn|[from] brn
|upkeep
|turn|13
|
|t:|1776035439
|move|p1a: Zapdos|Roost|p1a: Zapdos
|-heal|p1a: Zapdos|100/100
|-singleturn|p1a: Zapdos|move: Roost
|move|p2a: Mithridates|Future Sight|p1a: Zapdos
|-start|p2a: Mithridates|move: Future Sight
|
|-damage|p2a: Mithridates|58/100 brn|[from] brn
|upkeep
|turn|14
|
|t:|1776035457
|move|p1a: Zapdos|Thunderbolt|p2a: Mithridates
|-damage|p2a: Mithridates|32/100 brn
|move|p2a: Mithridates|Sludge Bomb|p1a: Zapdos
|-damage|p1a: Zapdos|61/100
|
|-damage|p2a: Mithridates|26/100 brn|[from] brn
|upkeep
|turn|15
|
|t:|1776035473
|switch|p1a: Metagross|Metagross|74/100
|switch|p2a: Mahad|Meowscarada, M, shiny|76/100
|-damage|p2a: Mahad|64/100|[from] Stealth Rock
|
|-end|p1a: Metagross|move: Future Sight
|-resisted|p1a: Metagross
|-damage|p1a: Metagross|59/100
|upkeep
|turn|16
|
|t:|1776035486
|switch|p1a: Zapdos|Zapdos|61/100
|-ability|p1a: Zapdos|Pressure
|move|p2a: Mahad|Knock Off|p1a: Zapdos
|-start|p2a: Mahad|typechange|Dark|[from] ability: Protean
|-damage|p1a: Zapdos|15/100
|-enditem|p1a: Zapdos|Heavy-Duty Boots|[from] move: Knock Off|[of] p2a: Mahad
|
|upkeep
|turn|17
|
|t:|1776035501
|move|p2a: Mahad|Knock Off|p1a: Zapdos
|-damage|p1a: Zapdos|0 fnt
|faint|p1a: Zapdos
|
|upkeep
|
|t:|1776035508
|switch|p1a: Mamoswine|Mamoswine, M|100/100
|turn|18
|
|t:|1776035531
|switch|p2a: Charybdis|Alomomola, M, shiny|100/100
|move|p1a: Mamoswine|Earthquake|p2a: Charybdis
|-damage|p2a: Charybdis|56/100
|
|upkeep
|turn|19
|
|t:|1776035542
|switch|p1a: Metagross|Metagross|59/100
|move|p2a: Charybdis|Wish|p2a: Charybdis
|
|upkeep
|turn|20
|
|t:|1776035556
|move|p1a: Metagross|Explosion|p2a: Charybdis
|-damage|p2a: Charybdis|8/100
|faint|p1a: Metagross
|move|p2a: Charybdis|Scald|p1: Metagross|[notarget]
|-fail|p2a: Charybdis
|
|-heal|p2a: Charybdis|58/100|[from] move: Wish|[wisher] Charybdis
|upkeep
|
|t:|1776035562
|switch|p1a: Gallade|Gallade, M|100/100
|turn|21
|
|t:|1776035572
|move|p1a: Gallade|Leaf Blade|p2a: Charybdis
|-supereffective|p2a: Charybdis
|-damage|p2a: Charybdis|10/100
|move|p2a: Charybdis|Wish|p2a: Charybdis
|
|upkeep
|turn|22
|
|t:|1776035588
|switch|p1a: Scizor|Scizor, M|100/100
|move|p2a: Charybdis|Protect||[still]
|-fail|p2a: Charybdis
|
|-heal|p2a: Charybdis|60/100|[from] move: Wish|[wisher] Charybdis
|upkeep
|turn|23
|
|t:|1776035596
|switch|p1a: Gallade|Gallade, M|100/100
|move|p2a: Charybdis|Scald|p1a: Gallade
|-damage|p1a: Gallade|84/100
|
|upkeep
|turn|24
|
|t:|1776035610
|move|p1a: Gallade|Leaf Blade|p2a: Charybdis
|-supereffective|p2a: Charybdis
|-damage|p2a: Charybdis|12/100
|move|p2a: Charybdis|Wish|p2a: Charybdis
|
|upkeep
|turn|25
|
|t:|1776035615
|move|p2a: Charybdis|Protect|p2a: Charybdis
|-singleturn|p2a: Charybdis|Protect
|move|p1a: Gallade|Leaf Blade|p2a: Charybdis
|-activate|p2a: Charybdis|move: Protect
|
|-heal|p2a: Charybdis|62/100|[from] move: Wish|[wisher] Charybdis
|upkeep
|turn|26
|
|t:|1776035628
|move|p1a: Gallade|Leaf Blade|p2a: Charybdis
|-supereffective|p2a: Charybdis
|-damage|p2a: Charybdis|15/100
|move|p2a: Charybdis|Flip Turn|p1a: Gallade
|-damage|p1a: Gallade|55/100
|
|t:|1776035642
|switch|p2a: Vulcanus|Heatran, M, shiny|100/100|[from] Flip Turn
|-damage|p2a: Vulcanus|88/100|[from] Stealth Rock
|
|upkeep
|turn|27
|
|t:|1776035650
|switch|p1a: Mamoswine|Mamoswine, M|100/100
|-terastallize|p2a: Vulcanus|Grass
|move|p2a: Vulcanus|Overheat|p1a: Mamoswine
|-supereffective|p1a: Mamoswine
|-damage|p1a: Mamoswine|0 fnt
|-unboost|p2a: Vulcanus|spa|2
|faint|p1a: Mamoswine
|
|upkeep
|
|t:|1776035662
|switch|p1a: Gallade|Gallade, M|55/100
|turn|28
|
|t:|1776035683
|switch|p2a: Mithridates|Slowking-Galar, F|59/100 brn
|-damage|p2a: Mithridates|47/100 brn|[from] Stealth Rock
|move|p1a: Gallade|Sacred Sword|p2a: Mithridates
|-resisted|p2a: Mithridates
|-damage|p2a: Mithridates|30/100 brn
|
|-damage|p2a: Mithridates|24/100 brn|[from] brn
|upkeep
|turn|29
|
|t:|1776035696
|switch|p1a: Scizor|Scizor, M|100/100
|move|p2a: Mithridates|Future Sight|p1a: Scizor
|-start|p2a: Mithridates|move: Future Sight
|
|-damage|p2a: Mithridates|18/100 brn|[from] brn
|upkeep
|turn|30
|
|t:|1776035709
|move|p1a: Scizor|Swords Dance|p1a: Scizor
|-boost|p1a: Scizor|atk|2
|move|p2a: Mithridates|Psychic Noise|p1a: Scizor
|-resisted|p1a: Scizor
|-damage|p1a: Scizor|79/100
|-start|p1a: Scizor|move: Heal Block
|
|-damage|p2a: Mithridates|12/100 brn|[from] brn
|upkeep
|turn|31
|
|t:|1776035717
|move|p1a: Scizor|Bullet Punch|p2a: Mithridates
|-damage|p2a: Mithridates|0 fnt
|faint|p2a: Mithridates
|
|-end|p1a: Scizor|move: Future Sight
|-resisted|p1a: Scizor
|-damage|p1a: Scizor|44/100
|-end|p1a: Scizor|move: Heal Block
|upkeep
|
|t:|1776035727
|switch|p2a: Vulcanus|Heatran, M, shiny, tera:Grass|88/100
|-damage|p2a: Vulcanus|76/100|[from] Stealth Rock
|turn|32
|
|t:|1776035731
|move|p2a: Vulcanus|Overheat|p1a: Scizor
|-supereffective|p1a: Scizor
|-damage|p1a: Scizor|0 fnt
|-unboost|p2a: Vulcanus|spa|2
|faint|p1a: Scizor
|
|upkeep
|
|t:|1776035745
|switch|p1a: Gallade|Gallade, M|55/100
|turn|33
|
|t:|1776035760
|move|p1a: Gallade|Sacred Sword|p2a: Vulcanus
|-damage|p2a: Vulcanus|12/100
|move|p2a: Vulcanus|Overheat|p1a: Gallade|[miss]
|-miss|p2a: Vulcanus|p1a: Gallade
|
|upkeep
|turn|34
|
|t:|1776035766
|move|p1a: Gallade|Sacred Sword|p2a: Vulcanus
|-damage|p2a: Vulcanus|0 fnt
|faint|p2a: Vulcanus
|
|upkeep
|
|t:|1776035771
|switch|p2a: Mahad|Meowscarada, M, shiny|64/100
|-damage|p2a: Mahad|52/100|[from] Stealth Rock
|turn|35
|
|t:|1776035783
|move|p2a: Mahad|Flower Trick|p1a: Gallade
|-start|p2a: Mahad|typechange|Grass|[from] ability: Protean
|-crit|p1a: Gallade
|-damage|p1a: Gallade|0 fnt
|faint|p1a: Gallade
|
|win|magistermilitum420
|raw|okinq's rating: 1102 &rarr; <strong>1077</strong><br />(-25 for losing)
|raw|magistermilitum420's rating: 1100 &rarr; <strong>1125</strong><br />(+25 for winning)
