|html|<div class="broadcast-blue"><strong>[Gen 9] OU is currently suspecting Tera Blast! For information on how to participate check out the <a href="https://www.smogon.com/tools/suspects/view/200">suspect thread</a>.</strong></div>
|j|☆depecos
|j|☆regi's fanatic
|t:|1776077891
|gametype|singles
|player|p1|depecos|170|1307
|player|p2|regi's fanatic|plasmagrunt-gen5bw|1327
|gen|9
|tier|[Gen 9] OU
|rated|
|rule|HP Percentage Mod: HP is shown in percentages
|rule|Endless Battle Clause: Forcing endless battles is banned
|rule|Species Clause: Limit one of each Pokémon
|rule|OHKO Clause: OHKO moves are banned
|rule|Evasion Items Clause: Evasion items are banned
|rule|Evasion Moves Clause: Evasion moves are banned
|rule|Evasion Abilities Clause: Evasion abilities are banned
|rule|Sleep Moves Clause: Sleep-inducing moves are banned
|clearpoke
|poke|p1|Gliscor, F|
|poke|p1|Heatran, M|
|poke|p1|Sinistcha|
|poke|p1|Corviknight, M|
|poke|p1|Tentacruel, M|
|poke|p1|Darkrai|
|poke|p2|Corviknight, M|
|poke|p2|Skeledirge, M|
|poke|p2|Weavile, F|
|poke|p2|Gastrodon-East, F|
|poke|p2|Blaziken, F|
|poke|p2|Hatterene, F|
|teampreview
|inactive|Battle timer is ON: inactive players will automatically lose when time's up. (requested by depecos)
|inactive|regi's fanatic has 120 seconds left.
|
|t:|1776077929
|teamsize|p1|6
|teamsize|p2|6
|start
|switch|p1a: Heatran|Heatran, M|100/100
|switch|p2a: Gastrodon|Gastrodon-East, F|100/100
|turn|1
|inactive|depecos has 120 seconds left.
|
|t:|1776077960
|move|p1a: Heatran|Stealth Rock|p2a: Gastrodon
|-sidestart|p2: regi's fanatic|move: Stealth Rock
|move|p2a: Gastrodon|Earth Power|p1a: Heatran
|-supereffective|p1a: Heatran
|-damage|p1a: Heatran|0 fnt
|faint|p1a: Heatran
|
|upkeep
|inactive|depecos has 120 seconds left.
|
|t:|1776077967
|switch|p1a: Charli|Sinistcha|100/100
|turn|2
|
|t:|1776077989
|switch|p2a: Hatterene|Hatterene, F|100/100
|-damage|p2a: Hatterene|88/100|[from] Stealth Rock
|move|p1a: Charli|Calm Mind|p1a: Charli
|-boost|p1a: Charli|spa|1
|-boost|p1a: Charli|spd|1
|
|upkeep
|turn|3
|
|t:|1776078005
|move|p1a: Charli|Shadow Ball|p2a: Hatterene
|-supereffective|p2a: Hatterene
|-damage|p2a: Hatterene|11/100
|move|p2a: Hatterene|Light Screen|p2a: Hatterene
|-sidestart|p2: regi's fanatic|move: Light Screen
|
|upkeep
|turn|4
|
|t:|1776078015
|move|p1a: Charli|Shadow Ball|p2a: Hatterene
|-supereffective|p2a: Hatterene
|-damage|p2a: Hatterene|0 fnt
|faint|p2a: Hatterene
|
|upkeep
|
|t:|1776078020
|switch|p2a: Skeledirge|Skeledirge, M|100/100
|turn|5
|
|t:|1776078031
|switch|p1a: Gliskibidi|Gliscor, F|100/100
|move|p2a: Skeledirge|Torch Song|p1a: Gliskibidi
|-damage|p1a: Gliskibidi|65/100
|-boost|p2a: Skeledirge|spa|1
|
|-status|p1a: Gliskibidi|tox|[from] item: Toxic Orb
|upkeep
|turn|6
|
|t:|1776078037
|move|p1a: Gliskibidi|Protect|p1a: Gliskibidi
|-singleturn|p1a: Gliskibidi|Protect
|move|p2a: Skeledirge|Torch Song|p1a: Gliskibidi
|-activate|p1a: Gliskibidi|move: Protect
|
|-heal|p1a: Gliskibidi|77/100 tox|[from] ability: Poison Heal
|upkeep
|turn|7
|
|t:|1776078043
|move|p1a: Gliskibidi|Earthquake|p2a: Skeledirge
|-supereffective|p2a: Skeledirge
|-damage|p2a: Skeledirge|43/100
|move|p2a: Skeledirge|Torch Song|p1a: Gliskibidi
|-damage|p1a: Gliskibidi|20/100 tox
|-boost|p2a: Skeledirge|spa|1
|
|-heal|p1a: Gliskibidi|33/100 tox|[from] ability: Poison Heal
|upkeep
|turn|8
|
|t:|1776078064
|switch|p2a: Gastrodon|Gastrodon-East, F|100/100
|-damage|p2a: Gastrodon|94/100|[from] Stealth Rock
|move|p1a: Gliskibidi|Protect||[still]
|-fail|p1a: Gliskibidi
|
|-heal|p2a: Gastrodon|100/100|[from] item: Leftovers
|-heal|p1a: Gliskibidi|45/100 tox|[from] ability: Poison Heal
|upkeep
|turn|9
|
|t:|1776078079
|switch|p1a: Charli|Sinistcha|100/100
|move|p2a: Gastrodon|Stealth Rock|p1a: Charli
|-sidestart|p1: depecos|move: Stealth Rock
|
|upkeep
|turn|10
|
|t:|1776078098
|switch|p2a: Corviknight|Corviknight, M|100/100
|-damage|p2a: Corviknight|88/100|[from] Stealth Rock
|move|p1a: Charli|Calm Mind|p1a: Charli
|-boost|p1a: Charli|spa|1
|-boost|p1a: Charli|spd|1
|
|-sideend|p2: regi's fanatic|move: Light Screen
|upkeep
|turn|11
|
|t:|1776078116
|move|p1a: Charli|Calm Mind|p1a: Charli
|-boost|p1a: Charli|spa|1
|-boost|p1a: Charli|spd|1
|move|p2a: Corviknight|Brave Bird|p1a: Charli
|-supereffective|p1a: Charli
|-damage|p1a: Charli|45/100
|-damage|p2a: Corviknight|72/100|[from] Recoil
|
|upkeep
|turn|12
|
|t:|1776078122
|move|p1a: Charli|Strength Sap|p2a: Corviknight
|-ability|p2a: Corviknight|Mirror Armor
|-unboost|p1a: Charli|atk|1
|-heal|p1a: Charli|100/100
|move|p2a: Corviknight|Brave Bird|p1a: Charli
|-supereffective|p1a: Charli
|-damage|p1a: Charli|48/100
|-damage|p2a: Corviknight|57/100|[from] Recoil
|
|upkeep
|turn|13
|
|t:|1776078128
|move|p1a: Charli|Shadow Ball|p2a: Corviknight
|-damage|p2a: Corviknight|0 fnt
|faint|p2a: Corviknight
|
|upkeep
|
|t:|1776078135
|switch|p2a: Weavile|Weavile, F|100/100
|-damage|p2a: Weavile|76/100|[from] Stealth Rock
|turn|14
|
|t:|1776078142
|switch|p1a: MEGA KNIGHT|Corviknight, M|100/100
|-damage|p1a: MEGA KNIGHT|88/100|[from] Stealth Rock
|-ability|p1a: MEGA KNIGHT|Pressure
|move|p2a: Weavile|Knock Off|p1a: MEGA KNIGHT
|-damage|p1a: MEGA KNIGHT|41/100
|-damage|p2a: Weavile|59/100|[from] item: Rocky Helmet|[of] p1a: MEGA KNIGHT
|-enditem|p1a: MEGA KNIGHT|Rocky Helmet|[from] move: Knock Off|[of] p2a: Weavile
|
|upkeep
|turn|15
|
|t:|1776078153
|switch|p2a: Gastrodon|Gastrodon-East, F|100/100
|-damage|p2a: Gastrodon|94/100|[from] Stealth Rock
|move|p1a: MEGA KNIGHT|Roost|p1a: MEGA KNIGHT
|-heal|p1a: MEGA KNIGHT|91/100
|-singleturn|p1a: MEGA KNIGHT|move: Roost
|
|-heal|p2a: Gastrodon|100/100|[from] item: Leftovers
|upkeep
|turn|16
|
|t:|1776078173
|move|p1a: MEGA KNIGHT|U-turn|p2a: Gastrodon
|-damage|p2a: Gastrodon|86/100
|
|t:|1776078176
|switch|p1a: The Squiddler|Tentacruel, M, shiny|100/100|[from] U-turn
|move|p2a: Gastrodon|Hydro Pump|p1a: The Squiddler
|-resisted|p1a: The Squiddler
|-damage|p1a: The Squiddler|77/100
|
|-heal|p2a: Gastrodon|92/100|[from] item: Leftovers
|upkeep
|turn|17
|
|t:|1776078189
|move|p1a: The Squiddler|Rapid Spin|p2a: Gastrodon
|-damage|p2a: Gastrodon|84/100
|-boost|p1a: The Squiddler|spe|1
|-sideend|p1: depecos|Stealth Rock|[from] move: Rapid Spin|[of] p1a: The Squiddler
|move|p2a: Gastrodon|Earth Power|p1a: The Squiddler
|-supereffective|p1a: The Squiddler
|-crit|p1a: The Squiddler
|-damage|p1a: The Squiddler|0 fnt
|faint|p1a: The Squiddler
|
|-heal|p2a: Gastrodon|90/100|[from] item: Leftovers
|upkeep
|
|t:|1776078197
|switch|p1a: Charli|Sinistcha|48/100
|turn|18
|
|t:|1776078220
|-terastallize|p2a: Gastrodon|Grass
|move|p1a: Charli|Matcha Gotcha|p2a: Gastrodon
|-resisted|p2a: Gastrodon
|-damage|p2a: Gastrodon|76/100
|-heal|p1a: Charli|57/100|[from] drain|[of] p2a: Gastrodon
|move|p2a: Gastrodon|Ice Beam|p1a: Charli
|-supereffective|p1a: Charli
|-damage|p1a: Charli|0 fnt
|faint|p1a: Charli
|
|-heal|p2a: Gastrodon|82/100|[from] item: Leftovers
|upkeep
|
|t:|1776078230
|switch|p1a: DreamNotFound|Darkrai|100/100
|turn|19
|
|t:|1776078236
|move|p1a: DreamNotFound|Ice Beam|p2a: Gastrodon
|-supereffective|p2a: Gastrodon
|-damage|p2a: Gastrodon|20/100
|move|p2a: Gastrodon|Hydro Pump|p1a: DreamNotFound
|-damage|p1a: DreamNotFound|25/100
|
|-heal|p2a: Gastrodon|27/100|[from] item: Leftovers
|upkeep
|turn|20
|
|t:|1776078259
|move|p1a: DreamNotFound|Ice Beam|p2a: Gastrodon
|-supereffective|p2a: Gastrodon
|-damage|p2a: Gastrodon|0 fnt
|faint|p2a: Gastrodon
|
|upkeep
|
|t:|1776078262
|switch|p2a: Blaziken|Blaziken, F|100/100
|-damage|p2a: Blaziken|88/100|[from] Stealth Rock
|turn|21
|
|t:|1776078268
|switch|p1a: Gliskibidi|Gliscor, F|45/100 tox
|move|p2a: Blaziken|Protect||[still]
|-fail|p2a: Blaziken
|
|-heal|p1a: Gliskibidi|58/100 tox|[from] ability: Poison Heal
|-ability|p2a: Blaziken|Speed Boost|boost
|-boost|p2a: Blaziken|spe|1
|upkeep
|turn|22
|
|t:|1776078277
|move|p1a: Gliskibidi|Protect|p1a: Gliskibidi
|-singleturn|p1a: Gliskibidi|Protect
|move|p2a: Blaziken|Flare Blitz|p1a: Gliskibidi
|-activate|p1a: Gliskibidi|move: Protect
|
|-heal|p1a: Gliskibidi|70/100 tox|[from] ability: Poison Heal
|-ability|p2a: Blaziken|Speed Boost|boost
|-boost|p2a: Blaziken|spe|1
|upkeep
|turn|23
|
|t:|1776078279
|move|p2a: Blaziken|U-turn|p1a: Gliskibidi
|-resisted|p1a: Gliskibidi
|-damage|p1a: Gliskibidi|57/100 tox
|-damage|p2a: Blaziken|78/100|[from] item: Life Orb
|inactive|regi's fanatic has 120 seconds left.
|
|t:|1776078314
|switch|p2a: Weavile|Weavile, F|59/100|[from] U-turn
|-damage|p2a: Weavile|34/100|[from] Stealth Rock
|move|p1a: Gliskibidi|Earthquake|p2a: Weavile
|-damage|p2a: Weavile|0 fnt
|faint|p2a: Weavile
|
|-heal|p1a: Gliskibidi|70/100 tox|[from] ability: Poison Heal
|upkeep
|inactive|regi's fanatic has 120 seconds left.
|inactive|regi's fanatic has 90 seconds left.
|
|t:|1776078358
|switch|p2a: Skeledirge|Skeledirge, M|43/100
|turn|24
|
|t:|1776078362
|move|p1a: Gliskibidi|Earthquake|p2a: Skeledirge
|-supereffective|p2a: Skeledirge
|-damage|p2a: Skeledirge|0 fnt
|faint|p2a: Skeledirge
|
|-heal|p1a: Gliskibidi|82/100 tox|[from] ability: Poison Heal
|upkeep
|
|t:|1776078364
|switch|p2a: Blaziken|Blaziken, F|78/100
|-damage|p2a: Blaziken|66/100|[from] Stealth Rock
|turn|25
|
|t:|1776078367
|move|p1a: Gliskibidi|Protect|p1a: Gliskibidi
|-singleturn|p1a: Gliskibidi|Protect
|move|p2a: Blaziken|Flare Blitz|p1a: Gliskibidi
|-activate|p1a: Gliskibidi|move: Protect
|
|-heal|p1a: Gliskibidi|95/100 tox|[from] ability: Poison Heal
|-ability|p2a: Blaziken|Speed Boost|boost
|-boost|p2a: Blaziken|spe|1
|upkeep
|turn|26
|
|t:|1776078369
|move|p2a: Blaziken|Flare Blitz|p1a: Gliskibidi
|-damage|p1a: Gliskibidi|23/100 tox
|-damage|p2a: Blaziken|39/100|[from] Recoil
|-damage|p2a: Blaziken|29/100|[from] item: Life Orb
|move|p1a: Gliskibidi|Earthquake|p2a: Blaziken
|-supereffective|p2a: Blaziken
|-damage|p2a: Blaziken|0 fnt
|faint|p2a: Blaziken
|
|win|depecos
|raw|depecos's rating: 1307 &rarr; <strong>1328</strong><br />(+21 for winning)
|raw|regi&apos;s fanatic's rating: 1327 &rarr; <strong>1306</strong><br />(-21 for losing)
|l|☆depecos
|player|p1|
|l|☆regi's fanatic
|player|p2|
