|html|<div class="broadcast-blue"><strong>[Gen 9] OU is currently suspecting Tera Blast! For information on how to participate check out the <a href="https://www.smogon.com/tools/suspects/view/200">suspect thread</a>.</strong></div>
|j|☆Xxeke
|j|☆oficial matute
|t:|1776042467
|gametype|singles
|player|p1|Xxeke|169|1160
|player|p2|oficial matute|policeman|1157
|gen|9
|tier|[Gen 9] OU
|rated|
|rule|HP Percentage Mod: HP is shown in percentages
|rule|Endless Battle Clause: Forcing endless battles is banned
|rule|Species Clause: Limit one of each Pokémon
|rule|OHKO Clause: OHKO moves are banned
|rule|Evasion Items Clause: Evasion items are banned
|rule|Evasion Moves Clause: Evasion moves are banned
|rule|Evasion Abilities Clause: Evasion abilities are banned
|rule|Sleep Moves Clause: Sleep-inducing moves are banned
|clearpoke
|poke|p1|Scizor, F|
|poke|p1|Raging Bolt|
|poke|p1|Moltres|
|poke|p1|Meowscarada, F|
|poke|p1|Great Tusk|
|poke|p1|Slowking-Galar, M|
|poke|p2|Noivern, F|
|poke|p2|Tropius, F|
|poke|p2|Landorus-Therian, M|
|poke|p2|Garchomp, M|
|poke|p2|Hydrapple, F|
|poke|p2|Torterra, F|
|teampreview
|
|t:|1776042470
|teamsize|p1|6
|teamsize|p2|6
|start
|switch|p1a: Meowscarada|Meowscarada, F|100/100
|switch|p2a: 👁👅👁|Noivern, F|100/100
|-item|p1a: Meowscarada|Choice Scarf|[from] ability: Frisk|[of] p2a: 👁👅👁
|turn|1
|inactive|Battle timer is ON: inactive players will automatically lose when time's up. (requested by oficial matute)
|
|t:|1776042477
|move|p2a: 👁👅👁|Air Slash|p1a: Meowscarada
|-supereffective|p1a: Meowscarada
|-damage|p1a: Meowscarada|0 fnt
|faint|p1a: Meowscarada
|
|upkeep
|c|☆Xxeke|How did noibat outspeed
|inactive|Xxeke has 120 seconds left.
|
|t:|1776042510
|switch|p1a: Great Tusk|Great Tusk|100/100
|turn|2
|
|t:|1776042530
|switch|p2a: 👁🫦👁|Garchomp, M|100/100
|move|p1a: Great Tusk|Head Smash|p2a: 👁🫦👁|[miss]
|-miss|p1a: Great Tusk|p2a: 👁🫦👁
|
|upkeep
|turn|3
|
|t:|1776042539
|move|p2a: 👁🫦👁|Swords Dance|p2a: 👁🫦👁
|-boost|p2a: 👁🫦👁|atk|2
|move|p1a: Great Tusk|Ice Spinner|p2a: 👁🫦👁
|-supereffective|p2a: 👁🫦👁
|-damage|p2a: 👁🫦👁|0 fnt
|-damage|p1a: Great Tusk|88/100|[from] ability: Rough Skin|[of] p2a: 👁🫦👁
|faint|p2a: 👁🫦👁
|
|upkeep
|
|t:|1776042549
|switch|p2a: 👁🐽👁|Tropius, F, shiny|100/100
|turn|4
|
|t:|1776042553
|-terastallize|p2a: 👁🐽👁|Ghost
|move|p1a: Great Tusk|Ice Spinner|p2a: 👁🐽👁
|-damage|p2a: 👁🐽👁|75/100
|move|p2a: 👁🐽👁|Leech Seed|p1a: Great Tusk
|-start|p1a: Great Tusk|move: Leech Seed
|
|-damage|p1a: Great Tusk|76/100|[from] Leech Seed|[of] p2a: 👁🐽👁
|-heal|p2a: 👁🐽👁|86/100|[silent]
|upkeep
|turn|5
|
|t:|1776042567
|move|p2a: 👁🐽👁|Protect|p2a: 👁🐽👁
|-singleturn|p2a: 👁🐽👁|Protect
|move|p1a: Great Tusk|Ice Spinner|p2a: 👁🐽👁
|-activate|p2a: 👁🐽👁|move: Protect
|
|-damage|p1a: Great Tusk|63/100|[from] Leech Seed|[of] p2a: 👁🐽👁
|-heal|p2a: 👁🐽👁|98/100|[silent]
|upkeep
|turn|6
|
|t:|1776042575
|move|p1a: Great Tusk|Ice Spinner|p2a: 👁🐽👁
|-damage|p2a: 👁🐽👁|72/100
|move|p2a: 👁🐽👁|Substitute|p2a: 👁🐽👁
|-start|p2a: 👁🐽👁|Substitute
|-damage|p2a: 👁🐽👁|47/100
|-enditem|p2a: 👁🐽👁|Sitrus Berry|[eat]
|-heal|p2a: 👁🐽👁|72/100|[from] item: Sitrus Berry
|
|-damage|p1a: Great Tusk|51/100|[from] Leech Seed|[of] p2a: 👁🐽👁
|-heal|p2a: 👁🐽👁|83/100|[silent]
|upkeep
|turn|7
|
|t:|1776042586
|move|p1a: Great Tusk|Ice Spinner|p2a: 👁🐽👁
|-end|p2a: 👁🐽👁|Substitute
|move|p2a: 👁🐽👁|Curse|p1a: Great Tusk
|-start|p1a: Great Tusk|Curse|[of] p2a: 👁🐽👁
|-damage|p2a: 👁🐽👁|33/100
|
|-damage|p1a: Great Tusk|39/100|[from] Leech Seed|[of] p2a: 👁🐽👁
|-heal|p2a: 👁🐽👁|45/100|[silent]
|-damage|p1a: Great Tusk|14/100|[from] Curse
|upkeep
|turn|8
|
|t:|1776042596
|move|p2a: 👁🐽👁|Protect|p2a: 👁🐽👁
|-singleturn|p2a: 👁🐽👁|Protect
|move|p1a: Great Tusk|Ice Spinner|p2a: 👁🐽👁
|-activate|p2a: 👁🐽👁|move: Protect
|
|-damage|p1a: Great Tusk|1/100|[from] Leech Seed|[of] p2a: 👁🐽👁
|-heal|p2a: 👁🐽👁|56/100|[silent]
|-damage|p1a: Great Tusk|0 fnt|[from] Curse
|faint|p1a: Great Tusk
|-end|p1a: Great Tusk|Protosynthesis|[silent]
|upkeep
|
|t:|1776042609
|switch|p1a: Him.|Scizor, F, shiny|100/100
|turn|9
|
|t:|1776042614
|switch|p2a: 👁👅👁|Noivern, F|100/100
|-item|p1a: Him.|Choice Band|[from] ability: Frisk|[of] p2a: 👁👅👁
|move|p1a: Him.|Knock Off|p2a: 👁👅👁
|-damage|p2a: 👁👅👁|31/100
|-enditem|p2a: 👁👅👁|Choice Scarf|[from] move: Knock Off|[of] p1a: Him.
|
|upkeep
|turn|10
|
|t:|1776042628
|switch|p1a: Slowking|Slowking-Galar, M|100/100
|move|p2a: 👁👅👁|Flamethrower|p1a: Slowking
|-damage|p1a: Slowking|84/100
|
|upkeep
|turn|11
|
|t:|1776042637
|move|p2a: 👁👅👁|Switcheroo|p1a: Slowking
|-activate|p2a: 👁👅👁|move: Trick|[of] p1a: Slowking
|-enditem|p1a: Slowking|Heavy-Duty Boots|[silent]|[from] move: Switcheroo
|-item|p2a: 👁👅👁|Heavy-Duty Boots|[from] move: Switcheroo
|move|p1a: Slowking|Ice Beam|p2a: 👁👅👁
|-supereffective|p2a: 👁👅👁
|-damage|p2a: 👁👅👁|0 fnt
|faint|p2a: 👁👅👁
|
|upkeep
|
|t:|1776042646
|switch|p2a: 👁🐽👁|Tropius, F, shiny, tera:Ghost|56/100
|turn|12
|
|t:|1776042655
|move|p2a: 👁🐽👁|Substitute|p2a: 👁🐽👁
|-start|p2a: 👁🐽👁|Substitute
|-damage|p2a: 👁🐽👁|31/100
|-prepare|p1a: Slowking|Chilly Reception|[premajor]
|move|p1a: Slowking|Chilly Reception|p1a: Slowking
|-weather|Snowscape
|
|t:|1776042659
|switch|p1a: Him.|Scizor, F, shiny|100/100|[from] Chilly Reception
|
|-weather|Snowscape|[upkeep]
|upkeep
|turn|13
|
|t:|1776042665
|move|p2a: 👁🐽👁|Protect|p2a: 👁🐽👁
|-singleturn|p2a: 👁🐽👁|Protect
|move|p1a: Him.|Knock Off|p2a: 👁🐽👁
|-activate|p2a: 👁🐽👁|move: Protect
|
|-weather|Snowscape|[upkeep]
|upkeep
|turn|14
|
|t:|1776042673
|move|p1a: Him.|Knock Off|p2a: 👁🐽👁
|-supereffective|p2a: 👁🐽👁
|-end|p2a: 👁🐽👁|Substitute
|move|p2a: 👁🐽👁|Leech Seed|p1a: Him.
|-start|p1a: Him.|move: Leech Seed
|
|-weather|Snowscape|[upkeep]
|-damage|p1a: Him.|88/100|[from] Leech Seed|[of] p2a: 👁🐽👁
|-heal|p2a: 👁🐽👁|40/100|[silent]
|upkeep
|turn|15
|
|t:|1776042681
|move|p2a: 👁🐽👁|Protect|p2a: 👁🐽👁
|-singleturn|p2a: 👁🐽👁|Protect
|move|p1a: Him.|Knock Off|p2a: 👁🐽👁
|-activate|p2a: 👁🐽👁|move: Protect
|
|-weather|Snowscape|[upkeep]
|-damage|p1a: Him.|76/100|[from] Leech Seed|[of] p2a: 👁🐽👁
|-heal|p2a: 👁🐽👁|49/100|[silent]
|upkeep
|turn|16
|
|t:|1776042690
|switch|p2a: 👁👃👁|Landorus-Therian, M|100/100
|-ability|p2a: 👁👃👁|Intimidate|boost
|-unboost|p1a: Him.|atk|1
|move|p1a: Him.|Knock Off|p2a: 👁👃👁
|-damage|p2a: 👁👃👁|75/100
|-damage|p1a: Him.|59/100|[from] item: Rocky Helmet|[of] p2a: 👁👃👁
|-enditem|p2a: 👁👃👁|Rocky Helmet|[from] move: Knock Off|[of] p1a: Him.
|
|-weather|none
|-damage|p1a: Him.|47/100|[from] Leech Seed|[of] p2a: 👁👃👁
|-heal|p2a: 👁👃👁|84/100|[silent]
|upkeep
|turn|17
|
|t:|1776042702
|switch|p1a: Slowking|Slowking-Galar, M|100/100
|move|p2a: 👁👃👁|Stealth Rock|p1a: Slowking
|-sidestart|p1: Xxeke|move: Stealth Rock
|
|upkeep
|turn|18
|c|☆Xxeke|No way ngas actually enjoy playing stall
|
|t:|1776042708
|move|p2a: 👁👃👁|U-turn|p1a: Slowking
|-damage|p1a: Slowking|78/100
|
|t:|1776042710
|switch|p2a: 👁🐽👁|Tropius, F, shiny, tera:Ghost|49/100|[from] U-turn
|move|p1a: Slowking|Ice Beam|p2a: 👁🐽👁
|-damage|p2a: 👁🐽👁|33/100
|
|-item|p2a: 👁🐽👁|Sitrus Berry|[from] ability: Harvest
|upkeep
|-enditem|p2a: 👁🐽👁|Sitrus Berry|[eat]
|-heal|p2a: 👁🐽👁|58/100|[from] item: Sitrus Berry
|turn|19
|
|t:|1776042722
|move|p2a: 👁🐽👁|Substitute|p2a: 👁🐽👁
|-start|p2a: 👁🐽👁|Substitute
|-damage|p2a: 👁🐽👁|33/100
|-prepare|p1a: Slowking|Chilly Reception|[premajor]
|move|p1a: Slowking|Chilly Reception|p1a: Slowking
|-weather|Snowscape
|
|t:|1776042726
|switch|p1a: Moltres|Moltres|100/100|[from] Chilly Reception
|
|-weather|Snowscape|[upkeep]
|-item|p2a: 👁🐽👁|Sitrus Berry|[from] ability: Harvest
|upkeep
|-enditem|p2a: 👁🐽👁|Sitrus Berry|[eat]
|-heal|p2a: 👁🐽👁|58/100|[from] item: Sitrus Berry
|turn|20
|
|t:|1776042736
|move|p1a: Moltres|Flamethrower|p2a: 👁🐽👁
|-end|p2a: 👁🐽👁|Substitute
|move|p2a: 👁🐽👁|Leech Seed|p1a: Moltres
|-start|p1a: Moltres|move: Leech Seed
|
|-weather|Snowscape|[upkeep]
|-damage|p1a: Moltres|88/100|[from] Leech Seed|[of] p2a: 👁🐽👁
|-heal|p2a: 👁🐽👁|70/100|[silent]
|-item|p2a: 👁🐽👁|Sitrus Berry|[from] ability: Harvest
|upkeep
|turn|21
|
|t:|1776042746
|move|p2a: 👁🐽👁|Protect|p2a: 👁🐽👁
|-singleturn|p2a: 👁🐽👁|Protect
|move|p1a: Moltres|Flamethrower|p2a: 👁🐽👁
|-activate|p2a: 👁🐽👁|move: Protect
|
|-weather|Snowscape|[upkeep]
|-damage|p1a: Moltres|76/100|[from] Leech Seed|[of] p2a: 👁🐽👁
|-heal|p2a: 👁🐽👁|81/100|[silent]
|upkeep
|turn|22
|
|t:|1776042755
|move|p1a: Moltres|Flamethrower|p2a: 👁🐽👁
|-damage|p2a: 👁🐽👁|57/100
|move|p2a: 👁🐽👁|Substitute|p2a: 👁🐽👁
|-start|p2a: 👁🐽👁|Substitute
|-damage|p2a: 👁🐽👁|32/100
|-enditem|p2a: 👁🐽👁|Sitrus Berry|[eat]
|-heal|p2a: 👁🐽👁|57/100|[from] item: Sitrus Berry
|
|-weather|Snowscape|[upkeep]
|-damage|p1a: Moltres|64/100|[from] Leech Seed|[of] p2a: 👁🐽👁
|-heal|p2a: 👁🐽👁|68/100|[silent]
|-item|p2a: 👁🐽👁|Sitrus Berry|[from] ability: Harvest
|upkeep
|turn|23
|c|☆Xxeke|Like how do u enjoy this
|
|t:|1776042768
|move|p1a: Moltres|Flamethrower|p2a: 👁🐽👁
|-end|p2a: 👁🐽👁|Substitute
|move|p2a: 👁🐽👁|Curse|p1a: Moltres
|-start|p1a: Moltres|Curse|[of] p2a: 👁🐽👁
|-damage|p2a: 👁🐽👁|18/100
|-enditem|p2a: 👁🐽👁|Sitrus Berry|[eat]
|-heal|p2a: 👁🐽👁|43/100|[from] item: Sitrus Berry
|
|-weather|none
|-damage|p1a: Moltres|51/100|[from] Leech Seed|[of] p2a: 👁🐽👁
|-heal|p2a: 👁🐽👁|55/100|[silent]
|-damage|p1a: Moltres|27/100|[from] Curse
|-item|p2a: 👁🐽👁|Sitrus Berry|[from] ability: Harvest
|upkeep
|turn|24
|
|t:|1776042782
|move|p1a: Moltres|Flamethrower|p2a: 👁🐽👁
|-damage|p2a: 👁🐽👁|30/100
|-enditem|p2a: 👁🐽👁|Sitrus Berry|[eat]
|-heal|p2a: 👁🐽👁|55/100|[from] item: Sitrus Berry
|move|p2a: 👁🐽👁|Substitute|p2a: 👁🐽👁
|-start|p2a: 👁🐽👁|Substitute
|-damage|p2a: 👁🐽👁|30/100
|
|-damage|p1a: Moltres|14/100|[from] Leech Seed|[of] p2a: 👁🐽👁
|-heal|p2a: 👁🐽👁|42/100|[silent]
|-damage|p1a: Moltres|0 fnt|[from] Curse
|faint|p1a: Moltres
|upkeep
|
|t:|1776042794
|switch|p1a: Him.|Scizor, F, shiny|47/100
|-damage|p1a: Him.|34/100|[from] Stealth Rock
|turn|25
|
|t:|1776042799
|-terastallize|p1a: Him.|Steel
|move|p2a: 👁🐽👁|Protect|p2a: 👁🐽👁
|-singleturn|p2a: 👁🐽👁|Protect
|move|p1a: Him.|Knock Off|p2a: 👁🐽👁
|-activate|p2a: 👁🐽👁|move: Protect
|
|upkeep
|turn|26
|
|t:|1776042807
|move|p1a: Him.|Knock Off|p2a: 👁🐽👁
|-supereffective|p2a: 👁🐽👁
|-end|p2a: 👁🐽👁|Substitute
|move|p2a: 👁🐽👁|Leech Seed|p1a: Him.
|-start|p1a: Him.|move: Leech Seed
|
|-damage|p1a: Him.|22/100|[from] Leech Seed|[of] p2a: 👁🐽👁
|-heal|p2a: 👁🐽👁|50/100|[silent]
|-item|p2a: 👁🐽👁|Sitrus Berry|[from] ability: Harvest
|upkeep
|-enditem|p2a: 👁🐽👁|Sitrus Berry|[eat]
|-heal|p2a: 👁🐽👁|75/100|[from] item: Sitrus Berry
|turn|27
|
|t:|1776042819
|move|p2a: 👁🐽👁|Protect|p2a: 👁🐽👁
|-singleturn|p2a: 👁🐽👁|Protect
|move|p1a: Him.|Knock Off|p2a: 👁🐽👁
|-activate|p2a: 👁🐽👁|move: Protect
|
|-damage|p1a: Him.|9/100|[from] Leech Seed|[of] p2a: 👁🐽👁
|-heal|p2a: 👁🐽👁|84/100|[silent]
|upkeep
|turn|28
|
|t:|1776042827
|switch|p2a: 👁👃👁|Landorus-Therian, M|84/100
|-ability|p2a: 👁👃👁|Intimidate|boost
|-unboost|p1a: Him.|atk|1
|move|p1a: Him.|Knock Off|p2a: 👁👃👁
|-damage|p2a: 👁👃👁|65/100
|
|-damage|p1a: Him.|0 fnt|[from] Leech Seed|[of] p2a: 👁👃👁
|-heal|p2a: 👁👃👁|72/100|[silent]
|faint|p1a: Him.
|upkeep
|
|t:|1776042832
|switch|p1a: Slowking|Slowking-Galar, M|100/100
|-damage|p1a: Slowking|88/100|[from] Stealth Rock
|turn|29
|
|t:|1776042849
|move|p2a: 👁👃👁|U-turn|p1a: Slowking
|-damage|p1a: Slowking|69/100
|
|t:|1776042852
|switch|p2a: 👁🐽👁|Tropius, F, shiny, tera:Ghost|84/100|[from] U-turn
|move|p1a: Slowking|Ice Beam|p2a: 👁🐽👁
|-damage|p2a: 👁🐽👁|68/100
|
|-item|p2a: 👁🐽👁|Sitrus Berry|[from] ability: Harvest
|upkeep
|turn|30
|c|☆Xxeke|Ur such a dork
|
|t:|1776042861
|move|p2a: 👁🐽👁|Substitute|p2a: 👁🐽👁
|-start|p2a: 👁🐽👁|Substitute
|-damage|p2a: 👁🐽👁|43/100
|-enditem|p2a: 👁🐽👁|Sitrus Berry|[eat]
|-heal|p2a: 👁🐽👁|68/100|[from] item: Sitrus Berry
|move|p1a: Slowking|Ice Beam|p2a: 👁🐽👁
|-activate|p2a: 👁🐽👁|move: Substitute|[damage]
|
|upkeep
|turn|31
|
|t:|1776042869
|move|p2a: 👁🐽👁|Leech Seed|p1a: Slowking
|-start|p1a: Slowking|move: Leech Seed
|move|p1a: Slowking|Ice Beam|p2a: 👁🐽👁
|-end|p2a: 👁🐽👁|Substitute
|
|-damage|p1a: Slowking|56/100|[from] Leech Seed|[of] p2a: 👁🐽👁
|-heal|p2a: 👁🐽👁|80/100|[silent]
|-item|p2a: 👁🐽👁|Sitrus Berry|[from] ability: Harvest
|upkeep
|turn|32
|
|t:|1776042887
|move|p2a: 👁🐽👁|Substitute|p2a: 👁🐽👁
|-start|p2a: 👁🐽👁|Substitute
|-damage|p2a: 👁🐽👁|55/100
|move|p1a: Slowking|Ice Beam|p2a: 👁🐽👁
|-activate|p2a: 👁🐽👁|move: Substitute|[damage]
|
|-damage|p1a: Slowking|44/100|[from] Leech Seed|[of] p2a: 👁🐽👁
|-heal|p2a: 👁🐽👁|68/100|[silent]
|upkeep
|turn|33
|
|t:|1776042896
|move|p2a: 👁🐽👁|Curse|p1a: Slowking
|-start|p1a: Slowking|Curse|[of] p2a: 👁🐽👁
|-damage|p2a: 👁🐽👁|18/100
|-enditem|p2a: 👁🐽👁|Sitrus Berry|[eat]
|-heal|p2a: 👁🐽👁|43/100|[from] item: Sitrus Berry
|move|p1a: Slowking|Ice Beam|p2a: 👁🐽👁
|-end|p2a: 👁🐽👁|Substitute
|
|-damage|p1a: Slowking|31/100|[from] Leech Seed|[of] p2a: 👁🐽👁
|-heal|p2a: 👁🐽👁|55/100|[silent]
|-damage|p1a: Slowking|7/100|[from] Curse
|-item|p2a: 👁🐽👁|Sitrus Berry|[from] ability: Harvest
|upkeep
|turn|34
|
|t:|1776042910
|switch|p1a: Raging Bolt|Raging Bolt|100/100
|-damage|p1a: Raging Bolt|88/100|[from] Stealth Rock
|move|p2a: 👁🐽👁|Substitute|p2a: 👁🐽👁
|-start|p2a: 👁🐽👁|Substitute
|-damage|p2a: 👁🐽👁|30/100
|-enditem|p2a: 👁🐽👁|Sitrus Berry|[eat]
|-heal|p2a: 👁🐽👁|55/100|[from] item: Sitrus Berry
|
|-item|p2a: 👁🐽👁|Sitrus Berry|[from] ability: Harvest
|upkeep
|turn|35
|
|t:|1776042921
|move|p1a: Raging Bolt|Draco Meteor|p2a: 👁🐽👁
|-end|p2a: 👁🐽👁|Substitute
|-unboost|p1a: Raging Bolt|spa|2
|move|p2a: 👁🐽👁|Leech Seed|p1a: Raging Bolt
|-start|p1a: Raging Bolt|move: Leech Seed
|
|-damage|p1a: Raging Bolt|75/100|[from] Leech Seed|[of] p2a: 👁🐽👁
|-heal|p2a: 👁🐽👁|67/100|[silent]
|upkeep
|turn|36
|
|t:|1776042930
|move|p1a: Raging Bolt|Draco Meteor|p2a: 👁🐽👁
|-damage|p2a: 👁🐽👁|25/100
|-unboost|p1a: Raging Bolt|spa|2
|-enditem|p2a: 👁🐽👁|Sitrus Berry|[eat]
|-heal|p2a: 👁🐽👁|50/100|[from] item: Sitrus Berry
|move|p2a: 👁🐽👁|Substitute|p2a: 👁🐽👁
|-start|p2a: 👁🐽👁|Substitute
|-damage|p2a: 👁🐽👁|25/100
|
|-damage|p1a: Raging Bolt|63/100|[from] Leech Seed|[of] p2a: 👁🐽👁
|-heal|p2a: 👁🐽👁|37/100|[silent]
|-item|p2a: 👁🐽👁|Sitrus Berry|[from] ability: Harvest
|upkeep
|-enditem|p2a: 👁🐽👁|Sitrus Berry|[eat]
|-heal|p2a: 👁🐽👁|62/100|[from] item: Sitrus Berry
|turn|37
|
|t:|1776042945
|move|p1a: Raging Bolt|Draco Meteor|p2a: 👁🐽👁
|-end|p2a: 👁🐽👁|Substitute
|-unboost|p1a: Raging Bolt|spa|2
|move|p2a: 👁🐽👁|Curse|p1a: Raging Bolt
|-start|p1a: Raging Bolt|Curse|[of] p2a: 👁🐽👁
|-damage|p2a: 👁🐽👁|12/100
|
|-damage|p1a: Raging Bolt|50/100|[from] Leech Seed|[of] p2a: 👁🐽👁
|-heal|p2a: 👁🐽👁|24/100|[silent]
|-damage|p1a: Raging Bolt|25/100|[from] Curse
|-item|p2a: 👁🐽👁|Sitrus Berry|[from] ability: Harvest
|upkeep
|-enditem|p2a: 👁🐽👁|Sitrus Berry|[eat]
|-heal|p2a: 👁🐽👁|49/100|[from] item: Sitrus Berry
|turn|38
|
|t:|1776042961
|move|p2a: 👁🐽👁|Protect|p2a: 👁🐽👁
|-singleturn|p2a: 👁🐽👁|Protect
|move|p1a: Raging Bolt|Draco Meteor|p2a: 👁🐽👁
|-activate|p2a: 👁🐽👁|move: Protect
|
|-damage|p1a: Raging Bolt|13/100|[from] Leech Seed|[of] p2a: 👁🐽👁
|-heal|p2a: 👁🐽👁|61/100|[silent]
|-damage|p1a: Raging Bolt|0 fnt|[from] Curse
|faint|p1a: Raging Bolt
|-end|p1a: Raging Bolt|Protosynthesis|[silent]
|-item|p2a: 👁🐽👁|Sitrus Berry|[from] ability: Harvest
|upkeep
|c|☆Xxeke|Your parents r inbred
|-message|Xxeke forfeited.
|
|win|oficial matute
|raw|Xxeke's rating: 1160 &rarr; <strong>1135</strong><br />(-25 for losing)
|raw|oficial matute's rating: 1157 &rarr; <strong>1182</strong><br />(+25 for winning)
|l|☆Xxeke
|player|p1|
|l|☆oficial matute
|player|p2|
