|html|<div class="broadcast-blue"><strong>[Gen 9] OU is currently suspecting Tera Blast! For information on how to participate check out the <a href="https://www.smogon.com/tools/suspects/view/200">suspect thread</a>.</strong></div>
|j|‽supremestarlord
|j|‽pokemongeiduonajie
|t:|1776076622
|gametype|singles
|player|p1|supremestarlord|roxie|1248
|player|p2|pokemongeiduonajie|1|1276
|gen|9
|tier|[Gen 9] OU
|rated|
|rule|HP Percentage Mod: HP is shown in percentages
|rule|Endless Battle Clause: Forcing endless battles is banned
|rule|Species Clause: Limit one of each Pokémon
|rule|OHKO Clause: OHKO moves are banned
|rule|Evasion Items Clause: Evasion items are banned
|rule|Evasion Moves Clause: Evasion moves are banned
|rule|Evasion Abilities Clause: Evasion abilities are banned
|rule|Sleep Moves Clause: Sleep-inducing moves are banned
|clearpoke
|poke|p1|Iron Moth|
|poke|p1|Gliscor, M|
|poke|p1|Hatterene, F|
|poke|p1|Ogerpon-Wellspring, F|
|poke|p1|Raging Bolt|
|poke|p1|Zamazenta-*|
|poke|p2|Hippowdon, M|
|poke|p2|Sandslash, M|
|poke|p2|Corviknight, M|
|poke|p2|Gengar, M|
|poke|p2|Latios, M|
|poke|p2|Dragonite, M|
|teampreview
|inactive|Battle timer is ON: inactive players will automatically lose when time's up. (requested by supremestarlord)
|
|t:|1776076647
|teamsize|p1|6
|teamsize|p2|6
|start
|switch|p1a: Zamazenta|Zamazenta|100/100
|switch|p2a: Hippowdon|Hippowdon, M|100/100
|-ability|p1a: Zamazenta|Dauntless Shield|boost
|-boost|p1a: Zamazenta|def|1
|-weather|Sandstorm|[from] ability: Sand Stream|[of] p2a: Hippowdon
|turn|1
|
|t:|1776076660
|move|p1a: Zamazenta|Reflect|p1a: Zamazenta
|-sidestart|p1: supremestarlord|Reflect
|move|p2a: Hippowdon|Earthquake|p1a: Zamazenta
|-damage|p1a: Zamazenta|91/100
|
|-weather|Sandstorm|[upkeep]
|-damage|p1a: Zamazenta|85/100|[from] Sandstorm
|upkeep
|turn|2
|
|t:|1776076666
|move|p1a: Zamazenta|Light Screen|p1a: Zamazenta
|-sidestart|p1: supremestarlord|move: Light Screen
|move|p2a: Hippowdon|Stealth Rock|p1a: Zamazenta
|-sidestart|p1: supremestarlord|move: Stealth Rock
|
|-weather|Sandstorm|[upkeep]
|-damage|p1a: Zamazenta|79/100|[from] Sandstorm
|upkeep
|turn|3
|
|t:|1776076678
|switch|p1a: Gliscor|Gliscor, M|100/100
|-damage|p1a: Gliscor|88/100|[from] Stealth Rock
|switch|p2a: Corviknight|Corviknight, M|100/100
|-ability|p2a: Corviknight|Pressure
|
|-weather|Sandstorm|[upkeep]
|-status|p1a: Gliscor|tox|[from] item: Toxic Orb
|upkeep
|turn|4
|
|t:|1776076691
|move|p1a: Gliscor|Agility|p1a: Gliscor
|-boost|p1a: Gliscor|spe|2
|move|p2a: Corviknight|U-turn|p1a: Gliscor
|-resisted|p1a: Gliscor
|-damage|p1a: Gliscor|85/100 tox
|
|t:|1776076709
|switch|p2a: Latios|Latios, M|100/100|[from] U-turn
|
|-weather|Sandstorm|[upkeep]
|-damage|p2a: Latios|95/100|[from] Sandstorm
|-heal|p1a: Gliscor|97/100 tox|[from] ability: Poison Heal
|upkeep
|turn|5
|
|t:|1776076730
|switch|p2a: Corviknight|Corviknight, M|100/100
|-ability|p2a: Corviknight|Pressure
|move|p1a: Gliscor|Swords Dance|p1a: Gliscor
|-boost|p1a: Gliscor|atk|2
|
|-weather|Sandstorm|[upkeep]
|-heal|p1a: Gliscor|100/100 tox|[from] ability: Poison Heal
|upkeep
|turn|6
|
|t:|1776076743
|move|p1a: Gliscor|Swords Dance|p1a: Gliscor
|-boost|p1a: Gliscor|atk|2
|move|p2a: Corviknight|Iron Defense|p2a: Corviknight
|-boost|p2a: Corviknight|def|2
|
|-weather|Sandstorm|[upkeep]
|upkeep
|turn|7
|
|t:|1776076761
|move|p1a: Gliscor|Swords Dance|p1a: Gliscor
|-boost|p1a: Gliscor|atk|2
|move|p2a: Corviknight|Iron Defense|p2a: Corviknight
|-boost|p2a: Corviknight|def|2
|
|-weather|Sandstorm|[upkeep]
|upkeep
|turn|8
|
|t:|1776076768
|move|p1a: Gliscor|Facade|p2a: Corviknight
|-resisted|p2a: Corviknight
|-damage|p2a: Corviknight|84/100
|-damage|p1a: Gliscor|84/100 tox|[from] item: Rocky Helmet|[of] p2a: Corviknight
|move|p2a: Corviknight|Iron Defense|p2a: Corviknight
|-boost|p2a: Corviknight|def|2
|
|-weather|none
|-heal|p1a: Gliscor|96/100 tox|[from] ability: Poison Heal
|-sideend|p1: supremestarlord|Reflect
|upkeep
|turn|9
|
|t:|1776076778
|move|p1a: Gliscor|Facade|p2a: Corviknight
|-resisted|p2a: Corviknight
|-damage|p2a: Corviknight|72/100
|-damage|p1a: Gliscor|80/100 tox|[from] item: Rocky Helmet|[of] p2a: Corviknight
|move|p2a: Corviknight|Body Press|p1a: Gliscor
|-resisted|p1a: Gliscor
|-damage|p1a: Gliscor|36/100 tox
|
|-heal|p1a: Gliscor|48/100 tox|[from] ability: Poison Heal
|-sideend|p1: supremestarlord|move: Light Screen
|upkeep
|turn|10
|l|‽supremestarlord
|inactive|supremestarlord disconnected and has a minute to reconnect!
|player|p1|
|inactive|supremestarlord has 30 seconds to reconnect!
|inactive|supremestarlord has 20 seconds to reconnect!
|inactive|supremestarlord has 15 seconds to reconnect!
|inactive|supremestarlord has 10 seconds to reconnect!
|inactive|supremestarlord has 5 seconds to reconnect!
|-message|supremestarlord lost due to inactivity.
|
|win|pokemongeiduonajie
|raw|supremestarlord's rating: 1248 &rarr; <strong>1225</strong><br />(-23 for losing)
|raw|pokemongeiduonajie's rating: 1276 &rarr; <strong>1299</strong><br />(+23 for winning)
|l|‽pokemongeiduonajie
|player|p2|
