|html|<div class="broadcast-blue"><strong>[Gen 9] OU is currently suspecting Tera Blast! For information on how to participate check out the <a href="https://www.smogon.com/tools/suspects/view/200">suspect thread</a>.</strong></div>
|j|☆no ratings
|j|☆DeadlockedTheory
|t:|1776116207
|gametype|singles
|player|p1|no ratings|policeman-gen4|1613
|player|p2|DeadlockedTheory|265|1599
|gen|9
|tier|[Gen 9] OU
|rated|
|rule|HP Percentage Mod: HP is shown in percentages
|rule|Endless Battle Clause: Forcing endless battles is banned
|rule|Species Clause: Limit one of each Pokémon
|rule|OHKO Clause: OHKO moves are banned
|rule|Evasion Items Clause: Evasion items are banned
|rule|Evasion Moves Clause: Evasion moves are banned
|rule|Evasion Abilities Clause: Evasion abilities are banned
|rule|Sleep Moves Clause: Sleep-inducing moves are banned
|clearpoke
|poke|p1|Azelf|
|poke|p1|Zamazenta-*|
|poke|p1|Dragonite, F|
|poke|p1|Landorus-Therian, M|
|poke|p1|Deoxys-Speed|
|poke|p1|Gholdengo|
|poke|p2|Lokix, M|
|poke|p2|Cinderace, M|
|poke|p2|Great Tusk|
|poke|p2|Alomomola, F|
|poke|p2|Enamorus, F|
|poke|p2|Slowking-Galar, M|
|teampreview
|inactive|Battle timer is ON: inactive players will automatically lose when time's up. (requested by no ratings)
|
|t:|1776116216
|teamsize|p1|6
|teamsize|p2|6
|start
|switch|p1a: Deoxys|Deoxys-Speed|100/100
|switch|p2a: Slowking|Slowking-Galar, M|100/100
|-ability|p1a: Deoxys|Pressure
|turn|1
|
|t:|1776116224
|move|p1a: Deoxys|Spikes|p2a: Slowking
|-sidestart|p2: DeadlockedTheory|Spikes
|-prepare|p2a: Slowking|Chilly Reception|[premajor]
|move|p2a: Slowking|Chilly Reception|p2a: Slowking
|-weather|Snowscape
|
|t:|1776116229
|switch|p2a: Cinderace|Cinderace, M|100/100|[from] Chilly Reception
|
|-weather|Snowscape|[upkeep]
|upkeep
|turn|2
|
|t:|1776116234
|move|p1a: Deoxys|Taunt|p2a: Cinderace
|-start|p2a: Cinderace|move: Taunt
|move|p2a: Cinderace|Pyro Ball|p1a: Deoxys
|-damage|p1a: Deoxys|23/100
|
|-weather|Snowscape|[upkeep]
|upkeep
|turn|3
|
|t:|1776116243
|move|p1a: Deoxys|Spikes|p2a: Cinderace
|-sidestart|p2: DeadlockedTheory|Spikes
|move|p2a: Cinderace|U-turn|p1a: Deoxys
|-supereffective|p1a: Deoxys
|-damage|p1a: Deoxys|0 fnt
|-damage|p2a: Cinderace|84/100|[from] item: Rocky Helmet|[of] p1a: Deoxys
|faint|p1a: Deoxys
|j| Cameltony000
|
|t:|1776116252
|switch|p2a: Slowking|Slowking-Galar, M|100/100|[from] U-turn
|-damage|p2a: Slowking|84/100|[from] Spikes
|
|-weather|Snowscape|[upkeep]
|upkeep
|
|t:|1776116262
|switch|p1a: Landorus|Landorus-Therian, M|100/100
|-ability|p1a: Landorus|Intimidate|boost
|-unboost|p2a: Slowking|atk|1
|turn|4
|
|t:|1776116266
|move|p1a: Landorus|Earthquake|p2a: Slowking
|-supereffective|p2a: Slowking
|-enditem|p2a: Slowking|Shuca Berry|[eat]
|-enditem|p2a: Slowking|Shuca Berry|[weaken]
|-damage|p2a: Slowking|44/100
|move|p2a: Slowking|Ice Beam|p1a: Landorus
|-supereffective|p1a: Landorus
|-damage|p1a: Landorus|0 fnt
|faint|p1a: Landorus
|
|-weather|Snowscape|[upkeep]
|upkeep
|
|t:|1776116284
|switch|p1a: Dragonite|Dragonite, F|100/100
|turn|5
|
|t:|1776116288
|move|p1a: Dragonite|Earthquake|p2a: Slowking
|-supereffective|p2a: Slowking
|-damage|p2a: Slowking|0 fnt
|faint|p2a: Slowking
|
|-weather|none
|upkeep
|
|t:|1776116295
|switch|p2a: Cinderace|Cinderace, M|84/100
|turn|6
|
|t:|1776116302
|move|p2a: Cinderace|Will-O-Wisp|p1a: Dragonite
|-status|p1a: Dragonite|brn
|move|p1a: Dragonite|Encore|p2a: Cinderace
|-start|p2a: Cinderace|Encore
|
|-damage|p1a: Dragonite|94/100 brn|[from] brn
|upkeep
|turn|7
|
|t:|1776116311
|switch|p2a: Great Tusk|Great Tusk|100/100
|-damage|p2a: Great Tusk|84/100|[from] Spikes
|move|p1a: Dragonite|Dragon Dance|p1a: Dragonite
|-boost|p1a: Dragonite|atk|1
|-boost|p1a: Dragonite|spe|1
|
|-heal|p2a: Great Tusk|90/100|[from] item: Leftovers
|-damage|p1a: Dragonite|88/100 brn|[from] brn
|upkeep
|turn|8
|
|t:|1776116321
|switch|p1a: Gholdengo|Gholdengo|100/100
|move|p2a: Great Tusk|Bulk Up|p2a: Great Tusk
|-boost|p2a: Great Tusk|atk|1
|-boost|p2a: Great Tusk|def|1
|
|-heal|p2a: Great Tusk|96/100|[from] item: Leftovers
|upkeep
|turn|9
|
|t:|1776116332
|-end|p2a: Great Tusk|Protosynthesis|[silent]
|switch|p2a: Alomomola|Alomomola, F|100/100
|-damage|p2a: Alomomola|84/100|[from] Spikes
|move|p1a: Gholdengo|Make It Rain|p2a: Alomomola
|-resisted|p2a: Alomomola
|-damage|p2a: Alomomola|68/100
|-unboost|p1a: Gholdengo|spa|1
|
|upkeep
|turn|10
|
|t:|1776116349
|switch|p1a: Dragonite|Dragonite, F|88/100 brn
|move|p2a: Alomomola|Flip Turn|p1a: Dragonite
|-resisted|p1a: Dragonite
|-damage|p1a: Dragonite|78/100 brn
|
|t:|1776116358
|switch|p2a: Cinderace|Cinderace, M|84/100|[from] Flip Turn
|
|-damage|p1a: Dragonite|72/100 brn|[from] brn
|upkeep
|turn|11
|
|t:|1776116375
|move|p2a: Cinderace|Court Change|p2a: Cinderace
|-swapsideconditions
|-activate|p2a: Cinderace|move: Court Change
|move|p1a: Dragonite|Earthquake|p2a: Cinderace
|-supereffective|p2a: Cinderace
|-damage|p2a: Cinderace|40/100
|
|-damage|p1a: Dragonite|66/100 brn|[from] brn
|upkeep
|turn|12
|
|t:|1776116390
|switch|p2a: Enamorus|Enamorus, F|100/100
|move|p1a: Dragonite|Dragon Dance|p1a: Dragonite
|-boost|p1a: Dragonite|atk|1
|-boost|p1a: Dragonite|spe|1
|
|-damage|p1a: Dragonite|60/100 brn|[from] brn
|upkeep
|turn|13
|
|t:|1776116398
|move|p2a: Enamorus|Moonblast|p1a: Dragonite
|-supereffective|p1a: Dragonite
|-damage|p1a: Dragonite|0 fnt
|faint|p1a: Dragonite
|
|upkeep
|
|t:|1776116402
|switch|p1a: Gholdengo|Gholdengo|100/100
|-damage|p1a: Gholdengo|84/100|[from] Spikes
|turn|14
|
|t:|1776116410
|switch|p2a: Alomomola|Alomomola, F|100/100
|move|p1a: Gholdengo|Trick|p2a: Alomomola
|-activate|p1a: Gholdengo|move: Trick|[of] p2a: Alomomola
|-item|p2a: Alomomola|Choice Scarf|[from] move: Trick
|-item|p1a: Gholdengo|Assault Vest|[from] move: Trick
|
|upkeep
|turn|15
|
|t:|1776116416
|move|p1a: Gholdengo|Shadow Ball|p2a: Alomomola
|-damage|p2a: Alomomola|71/100
|move|p2a: Alomomola|Flip Turn|p1a: Gholdengo
|-damage|p1a: Gholdengo|64/100
|
|t:|1776116422
|switch|p2a: Cinderace|Cinderace, M|40/100|[from] Flip Turn
|
|upkeep
|turn|16
|
|t:|1776116427
|switch|p1a: Zamazenta|Zamazenta|100/100
|-damage|p1a: Zamazenta|84/100|[from] Spikes
|-ability|p1a: Zamazenta|Dauntless Shield|boost
|-boost|p1a: Zamazenta|def|1
|move|p2a: Cinderace|Pyro Ball|p1a: Zamazenta
|-damage|p1a: Zamazenta|61/100
|
|-heal|p1a: Zamazenta|67/100|[from] item: Leftovers
|upkeep
|turn|17
|
|t:|1776116437
|-terastallize|p1a: Zamazenta|Fire
|move|p1a: Zamazenta|Iron Defense|p1a: Zamazenta
|-boost|p1a: Zamazenta|def|2
|move|p2a: Cinderace|U-turn|p1a: Zamazenta
|-resisted|p1a: Zamazenta
|-damage|p1a: Zamazenta|64/100
|
|t:|1776116451
|switch|p2a: Enamorus|Enamorus, F|100/100|[from] U-turn
|
|-heal|p1a: Zamazenta|70/100|[from] item: Leftovers
|upkeep
|turn|18
|
|t:|1776116465
|move|p2a: Enamorus|Earth Power|p1a: Zamazenta
|-supereffective|p1a: Zamazenta
|-damage|p1a: Zamazenta|17/100
|move|p1a: Zamazenta|Roar|p2a: Enamorus
|drag|p2a: Cinderace|Cinderace, M|40/100
|
|-heal|p1a: Zamazenta|23/100|[from] item: Leftovers
|upkeep
|turn|19
|
|t:|1776116474
|move|p1a: Zamazenta|Body Press|p2a: Cinderace
|-damage|p2a: Cinderace|0 fnt
|faint|p2a: Cinderace
|
|-heal|p1a: Zamazenta|29/100|[from] item: Leftovers
|upkeep
|
|t:|1776116481
|switch|p2a: Enamorus|Enamorus, F|100/100
|turn|20
|
|t:|1776116487
|switch|p1a: Azelf|Azelf|100/100
|-terastallize|p2a: Enamorus|Stellar
|move|p2a: Enamorus|Tera Blast|p1a: Azelf|[anim] Tera Blast Stellar
|-damage|p1a: Azelf|26/100
|-boost|p2a: Enamorus|atk|1
|-boost|p2a: Enamorus|spa|1
|
|upkeep
|turn|21
|
|t:|1776116499
|switch|p1a: Gholdengo|Gholdengo|64/100
|-damage|p1a: Gholdengo|47/100|[from] Spikes
|move|p2a: Enamorus|Tera Blast|p1a: Gholdengo|[anim] Tera Blast Stellar
|-damage|p1a: Gholdengo|2/100
|-boost|p2a: Enamorus|atk|1
|-boost|p2a: Enamorus|spa|1
|
|upkeep
|turn|22
|-message|no ratings forfeited.
|
|win|DeadlockedTheory
|raw|no ratings's rating: 1613 &rarr; <strong>1592</strong><br />(-21 for losing)
|raw|DeadlockedTheory's rating: 1599 &rarr; <strong>1620</strong><br />(+21 for winning)
|l|☆no ratings
|player|p1|
|l|☆DeadlockedTheory
|player|p2|
