|html|<div class="broadcast-blue"><strong>[Gen 9] OU is currently suspecting Tera Blast! For information on how to participate check out the <a href="https://www.smogon.com/tools/suspects/view/200">suspect thread</a>.</strong></div>
|j|☆sSohviet
|j|☆Nrjjfjdjsjjdjfss
|t:|1776323335
|gametype|singles
|player|p1|sSohviet|170|1000
|player|p2|Nrjjfjdjsjjdjfss|266|1000
|gen|9
|tier|[Gen 9] OU
|rated|
|rule|HP Percentage Mod: HP is shown in percentages
|rule|Endless Battle Clause: Forcing endless battles is banned
|rule|Species Clause: Limit one of each Pokémon
|rule|OHKO Clause: OHKO moves are banned
|rule|Evasion Items Clause: Evasion items are banned
|rule|Evasion Moves Clause: Evasion moves are banned
|rule|Evasion Abilities Clause: Evasion abilities are banned
|rule|Sleep Moves Clause: Sleep-inducing moves are banned
|clearpoke
|poke|p1|Tyranitar, M|
|poke|p1|Gyarados, F|
|poke|p1|Salamence, M|
|poke|p1|Electivire, M|
|poke|p1|Gliscor, F|
|poke|p1|Gengar, F|
|poke|p2|Torkoal, M|
|poke|p2|Rillaboom, F|
|poke|p2|Lilligant-Hisui, F|
|poke|p2|Raging Bolt|
|poke|p2|Great Tusk|
|poke|p2|Heatran, F|
|teampreview
|inactive|Battle timer is ON: inactive players will automatically lose when time's up. (requested by sSohviet)
|
|t:|1776323340
|teamsize|p1|6
|teamsize|p2|6
|start
|switch|p1a: Gengar|Gengar, F|100/100
|switch|p2a: Torkoal|Torkoal, M|100/100
|-weather|SunnyDay|[from] ability: Drought|[of] p2a: Torkoal
|turn|1
|
|t:|1776323352
|move|p1a: Gengar|Nasty Plot|p1a: Gengar
|-boost|p1a: Gengar|spa|2
|move|p2a: Torkoal|Earthquake|p1a: Gengar
|-supereffective|p1a: Gengar
|-damage|p1a: Gengar|15/100
|-start|p2a: Torkoal|Disable|Earthquake|[from] ability: Cursed Body|[of] p1a: Gengar
|
|-weather|SunnyDay|[upkeep]
|upkeep
|turn|2
|
|t:|1776323363
|move|p1a: Gengar|Focus Blast|p2a: Torkoal
|-damage|p2a: Torkoal|0 fnt
|faint|p2a: Torkoal
|-damage|p1a: Gengar|5/100|[from] item: Life Orb
|
|-weather|SunnyDay|[upkeep]
|upkeep
|
|t:|1776323375
|switch|p2a: Rillaboom|Rillaboom, F|100/100
|-fieldstart|move: Grassy Terrain|[from] ability: Grassy Surge|[of] p2a: Rillaboom
|turn|3
|
|t:|1776323380
|move|p2a: Rillaboom|Grassy Glide|p1a: Gengar
|-resisted|p1a: Gengar
|-damage|p1a: Gengar|0 fnt
|-start|p2a: Rillaboom|Disable|Grassy Glide|[from] ability: Cursed Body|[of] p1a: Gengar
|faint|p1a: Gengar
|
|-weather|SunnyDay|[upkeep]
|upkeep
|
|t:|1776323391
|switch|p1a: Electivire|Electivire, M|100/100
|turn|4
|
|t:|1776323402
|move|p1a: Electivire|Fire Punch|p2a: Rillaboom
|-supereffective|p2a: Rillaboom
|-damage|p2a: Rillaboom|28/100
|-status|p2a: Rillaboom|brn
|move|p2a: Rillaboom|Drum Beating|p1a: Electivire
|-damage|p1a: Electivire|54/100
|-unboost|p1a: Electivire|spe|1
|
|-weather|SunnyDay|[upkeep]
|-heal|p2a: Rillaboom|34/100 brn|[from] Grassy Terrain
|-heal|p1a: Electivire|60/100|[from] Grassy Terrain
|-heal|p1a: Electivire|66/100|[from] item: Leftovers
|-damage|p2a: Rillaboom|28/100 brn|[from] brn
|upkeep
|turn|5
|
|t:|1776323417
|switch|p2a: Heatran|Heatran, F|100/100
|move|p1a: Electivire|Fire Punch|p2a: Heatran
|-start|p2a: Heatran|ability: Flash Fire
|
|-weather|SunnyDay|[upkeep]
|-heal|p1a: Electivire|72/100|[from] Grassy Terrain
|-heal|p1a: Electivire|79/100|[from] item: Leftovers
|upkeep
|turn|6
|
|t:|1776323429
|switch|p1a: Salamence|Salamence, M|100/100
|-ability|p1a: Salamence|Intimidate|boost
|-unboost|p2a: Heatran|atk|1
|move|p2a: Heatran|Lava Plume|p1a: Salamence
|-resisted|p1a: Salamence
|-damage|p1a: Salamence|40/100
|
|-weather|SunnyDay|[upkeep]
|upkeep
|turn|7
|
|t:|1776323443
|move|p2a: Heatran|Lava Plume|p1a: Salamence
|-resisted|p1a: Salamence
|-damage|p1a: Salamence|0 fnt
|faint|p1a: Salamence
|
|-weather|SunnyDay|[upkeep]
|upkeep
|
|t:|1776323449
|switch|p1a: Gyarados|Gyarados, F|100/100
|-ability|p1a: Gyarados|Intimidate|boost
|-unboost|p2a: Heatran|atk|1
|turn|8
|
|t:|1776323457
|-end|p2a: Heatran|ability: Flash Fire|[silent]
|switch|p2a: Lilligant|Lilligant-Hisui, F|100/100
|-terastallize|p1a: Gyarados|Water
|move|p1a: Gyarados|Dragon Dance|p1a: Gyarados
|-boost|p1a: Gyarados|atk|1
|-boost|p1a: Gyarados|spe|1
|
|-weather|none
|upkeep
|turn|9
|-message|Nrjjfjdjsjjdjfss forfeited.
|
|win|sSohviet
|raw|sSohviet's rating: 1000 &rarr; <strong>1040</strong><br />(+40 for winning)
|raw|Nrjjfjdjsjjdjfss's rating: 1000 &rarr; <strong>1000</strong><br />(+0 for losing)
|l|☆Nrjjfjdjsjjdjfss
|player|p2|
