|html|<div class="broadcast-blue"><strong>[Gen 9] OU is currently suspecting Volcarona! For information on how to participate check out the <a href="https://www.smogon.com/tools/suspects/view/208">suspect thread</a>.</strong></div>
|j|☆sumige7
|j|☆idontknow25
|t:|1778516828
|gametype|singles
|player|p1|sumige7|1|1191
|player|p2|idontknow25|2|1266
|gen|9
|tier|[Gen 9] OU
|rated|
|rule|HP Percentage Mod: HP is shown in percentages
|rule|Endless Battle Clause: Forcing endless battles is banned
|rule|Species Clause: Limit one of each Pokémon
|rule|OHKO Clause: OHKO moves are banned
|rule|Evasion Items Clause: Evasion items are banned
|rule|Evasion Moves Clause: Evasion moves are banned
|rule|Evasion Abilities Clause: Evasion abilities are banned
|rule|Sleep Moves Clause: Sleep-inducing moves are banned
|clearpoke
|poke|p1|Metagross|
|poke|p1|Blaziken, F|
|poke|p1|Articuno|
|poke|p1|Torterra, F|
|poke|p1|Ambipom, M|
|poke|p1|Greninja-*, F|
|poke|p2|Ceruledge, M|
|poke|p2|Great Tusk|
|poke|p2|Kyurem|
|poke|p2|Garganacl, F|
|poke|p2|Primarina, M|
|poke|p2|Rillaboom, F|
|teampreview
|inactive|Battle timer is ON: inactive players will automatically lose when time's up. (requested by idontknow25)
|inactive|idontknow25 has 120 seconds left.
|
|t:|1778516869
|teamsize|p1|6
|teamsize|p2|6
|start
|switch|p1a: Metagross|Metagross, shiny|100/100
|switch|p2a: Ceruledge|Ceruledge, M|100/100
|turn|1
|
|t:|1778516883
|-terastallize|p1a: Metagross|Electric
|move|p2a: Ceruledge|Bitter Blade|p1a: Metagross
|-damage|p1a: Metagross|59/100
|move|p1a: Metagross|Stone Edge|p2a: Ceruledge
|-supereffective|p2a: Ceruledge
|-enditem|p2a: Ceruledge|Focus Sash
|-damage|p2a: Ceruledge|1/100
|-ability|p2a: Ceruledge|Weak Armor|boost
|-unboost|p2a: Ceruledge|def|1
|-boost|p2a: Ceruledge|spe|2
|
|upkeep
|turn|2
|
|t:|1778516899
|switch|p2a: Rillaboom|Rillaboom, F|100/100
|-fieldstart|move: Grassy Terrain|[from] ability: Grassy Surge|[of] p2a: Rillaboom
|move|p1a: Metagross|Bullet Punch|p2a: Rillaboom
|-damage|p2a: Rillaboom|74/100
|
|-heal|p2a: Rillaboom|80/100|[from] Grassy Terrain
|-heal|p1a: Metagross|65/100|[from] Grassy Terrain
|upkeep
|turn|3
|
|t:|1778516912
|move|p2a: Rillaboom|Wood Hammer|p1a: Metagross
|-damage|p1a: Metagross|0 fnt
|faint|p1a: Metagross
|-damage|p2a: Rillaboom|62/100|[from] Recoil
|
|-heal|p2a: Rillaboom|68/100|[from] Grassy Terrain
|upkeep
|
|t:|1778516922
|switch|p1a: Articuno|Articuno|100/100
|-ability|p1a: Articuno|Pressure
|turn|4
|
|t:|1778516937
|switch|p2a: Primarina|Primarina, M|100/100
|move|p1a: Articuno|Reflect|p1a: Articuno
|-sidestart|p1: sumige7|Reflect
|
|upkeep
|turn|5
|
|t:|1778516943
|move|p1a: Articuno|Light Screen|p1a: Articuno
|-sidestart|p1: sumige7|move: Light Screen
|move|p2a: Primarina|Encore|p1a: Articuno
|-start|p1a: Articuno|Encore
|
|upkeep
|turn|6
|
|t:|1778516957
|switch|p1a: Greninja|Greninja, F, shiny|100/100
|move|p2a: Primarina|Flip Turn|p1a: Greninja
|-resisted|p1a: Greninja
|-damage|p1a: Greninja|95/100
|
|t:|1778516977
|switch|p2a: Great Tusk|Great Tusk|100/100|[from] Flip Turn
|
|-heal|p1a: Greninja|100/100|[from] Grassy Terrain
|-fieldend|move: Grassy Terrain
|upkeep
|turn|7
|
|t:|1778516989
|-terastallize|p2a: Great Tusk|Water
|move|p1a: Greninja|Surf|p2a: Great Tusk
|-start|p1a: Greninja|typechange|Water|[from] ability: Protean
|-resisted|p2a: Great Tusk
|-damage|p2a: Great Tusk|83/100
|-damage|p1a: Greninja|91/100|[from] item: Life Orb
|move|p2a: Great Tusk|Close Combat|p1a: Greninja
|-crit|p1a: Greninja
|-damage|p1a: Greninja|0 fnt
|-unboost|p2a: Great Tusk|def|1
|-unboost|p2a: Great Tusk|spd|1
|faint|p1a: Greninja
|
|upkeep
|
|t:|1778517013
|switch|p1a: Torterra|Torterra, F, shiny|100/100
|turn|8
|
|t:|1778517034
|-end|p2a: Great Tusk|Protosynthesis|[silent]
|switch|p2a: Rillaboom|Rillaboom, F|68/100
|-fieldstart|move: Grassy Terrain|[from] ability: Grassy Surge|[of] p2a: Rillaboom
|move|p1a: Torterra|Shell Smash|p1a: Torterra
|-unboost|p1a: Torterra|def|1
|-unboost|p1a: Torterra|spd|1
|-boost|p1a: Torterra|atk|2
|-boost|p1a: Torterra|spa|2
|-boost|p1a: Torterra|spe|2
|-enditem|p1a: Torterra|White Herb
|-clearnegativeboost|p1a: Torterra|[silent]
|
|-heal|p2a: Rillaboom|74/100|[from] Grassy Terrain
|-sideend|p1: sumige7|Reflect
|upkeep
|turn|9
|
|t:|1778517051
|move|p1a: Torterra|Outrage|p2a: Rillaboom
|-damage|p2a: Rillaboom|0 fnt
|faint|p2a: Rillaboom
|
|-sideend|p1: sumige7|move: Light Screen
|upkeep
|
|t:|1778517068
|switch|p2a: Primarina|Primarina, M|100/100
|turn|10
|
|t:|1778517077
|move|p1a: Torterra|Outrage|p2a: Primarina|[from] lockedmove
|-immune|p2a: Primarina
|move|p2a: Primarina|Encore|p1a: Torterra
|-start|p1a: Torterra|Encore
|
|upkeep
|turn|11
|
|t:|1778517085
|switch|p1a: Articuno|Articuno|100/100
|-ability|p1a: Articuno|Pressure
|move|p2a: Primarina|Hyper Voice|p1a: Articuno
|-damage|p1a: Articuno|64/100
|
|upkeep
|turn|12
|
|t:|1778517107
|move|p1a: Articuno|Light Screen|p1a: Articuno
|-sidestart|p1: sumige7|move: Light Screen
|move|p2a: Primarina|Encore|p1a: Articuno
|-start|p1a: Articuno|Encore
|
|-fieldend|move: Grassy Terrain
|upkeep
|turn|13
|
|t:|1778517118
|switch|p1a: Torterra|Torterra, F, shiny|100/100
|move|p2a: Primarina|Flip Turn|p1a: Torterra
|-damage|p1a: Torterra|88/100
|
|t:|1778517130
|switch|p2a: Kyurem|Kyurem|100/100|[from] Flip Turn
|-ability|p2a: Kyurem|Pressure
|
|upkeep
|turn|14
|inactive|sumige7 has 120 seconds left.
|
|t:|1778517157
|switch|p1a: Blaziken|Blaziken, F|100/100
|move|p2a: Kyurem|Dragon Dance|p2a: Kyurem
|-boost|p2a: Kyurem|atk|1
|-boost|p2a: Kyurem|spe|1
|
|upkeep
|turn|15
|inactive|sumige7 has 120 seconds left.
|inactive|idontknow25 has 120 seconds left.
|
|t:|1778517177
|move|p1a: Blaziken|Protect|p1a: Blaziken
|-singleturn|p1a: Blaziken|Protect
|move|p2a: Kyurem|Scale Shot|p1a: Blaziken
|-activate|p1a: Blaziken|move: Protect
|
|-ability|p1a: Blaziken|Speed Boost|boost
|-boost|p1a: Blaziken|spe|1
|upkeep
|turn|16
|inactive|sumige7 has 120 seconds left.
|
|t:|1778517196
|move|p2a: Kyurem|Scale Shot|p1a: Blaziken
|-damage|p1a: Blaziken|68/100
|-damage|p1a: Blaziken|37/100
|-damage|p1a: Blaziken|6/100
|-damage|p1a: Blaziken|0 fnt
|faint|p1a: Blaziken
|-hitcount|p1: Blaziken|4
|-unboost|p2a: Kyurem|def|1
|-boost|p2a: Kyurem|spe|1
|
|-sideend|p1: sumige7|move: Light Screen
|upkeep
|
|t:|1778517213
|switch|p1a: Ambipom|Ambipom, M, shiny|100/100
|turn|17
|
|t:|1778517222
|move|p1a: Ambipom|Fake Out|p2a: Kyurem
|-damage|p2a: Kyurem|63/100
|cant|p2a: Kyurem|flinch
|
|upkeep
|turn|18
|
|t:|1778517229
|move|p2a: Kyurem|Icicle Spear|p1a: Ambipom
|-damage|p1a: Ambipom|69/100
|-damage|p1a: Ambipom|39/100
|-damage|p1a: Ambipom|8/100
|-damage|p1a: Ambipom|0 fnt
|faint|p1a: Ambipom
|-hitcount|p1: Ambipom|4
|
|upkeep
|
|t:|1778517237
|switch|p1a: Articuno|Articuno|64/100
|-ability|p1a: Articuno|Pressure
|turn|19
|inactive|sumige7 has 120 seconds left.
|
|t:|1778517246
|move|p2a: Kyurem|Icicle Spear|p1a: Articuno
|-damage|p1a: Articuno|47/100
|-damage|p1a: Articuno|29/100
|-damage|p1a: Articuno|12/100
|-damage|p1a: Articuno|0 fnt
|faint|p1a: Articuno
|-hitcount|p1: Articuno|4
|
|upkeep
|inactive|sumige7 has 120 seconds left.
|l|☆sumige7
|inactive|sumige7 disconnected and has a minute to reconnect!
|player|p1|
|inactive|sumige7 has 30 seconds to reconnect!
|inactive|sumige7 has 20 seconds to reconnect!
|inactive|sumige7 has 15 seconds to reconnect!
|inactive|sumige7 has 10 seconds to reconnect!
|inactive|sumige7 has 5 seconds to reconnect!
|-message|sumige7 lost due to inactivity.
|
|win|idontknow25
|raw|sumige7's rating: 1191 &rarr; <strong>1171</strong><br />(-20 for losing)
|raw|idontknow25's rating: 1266 &rarr; <strong>1286</strong><br />(+20 for winning)
|l|☆idontknow25
|player|p2|
