|html|<div class="broadcast-blue"><strong>[Gen 9] OU is currently suspecting Tera Blast! For information on how to participate check out the <a href="https://www.smogon.com/tools/suspects/view/200">suspect thread</a>.</strong></div>
|j|☆i am a dirt
|j|☆Attacker98
|t:|1776302092
|gametype|singles
|player|p1|i am a dirt|cress|1215
|player|p2|Attacker98|pokemonranger-gen4|1198
|gen|9
|tier|[Gen 9] OU
|rated|
|rule|HP Percentage Mod: HP is shown in percentages
|rule|Endless Battle Clause: Forcing endless battles is banned
|rule|Species Clause: Limit one of each Pokémon
|rule|OHKO Clause: OHKO moves are banned
|rule|Evasion Items Clause: Evasion items are banned
|rule|Evasion Moves Clause: Evasion moves are banned
|rule|Evasion Abilities Clause: Evasion abilities are banned
|rule|Sleep Moves Clause: Sleep-inducing moves are banned
|clearpoke
|poke|p1|Klefki, F|
|poke|p1|Darkrai|
|poke|p1|Dragonite, F|
|poke|p1|Great Tusk|
|poke|p1|Iron Valiant|
|poke|p1|Deoxys-Speed|
|poke|p2|Great Tusk|
|poke|p2|Cinderace, F|
|poke|p2|Iron Valiant|
|poke|p2|Ogerpon-Wellspring, F|
|poke|p2|Slowking-Galar, F|
|poke|p2|Landorus-Therian, M|
|teampreview
|
|t:|1776302097
|teamsize|p1|6
|teamsize|p2|6
|start
|switch|p1a: 競争的|Klefki, F|100/100
|switch|p2a: Cinderace|Cinderace, F|100/100
|turn|1
|c|☆i am a dirt|i almost forgot to say gl hf
|
|t:|1776302112
|switch|p2a: Great Tusk|Great Tusk|100/100
|move|p1a: 競争的|Reflect|p1a: 競争的
|-sidestart|p1: i am a dirt|Reflect
|
|upkeep
|turn|2
|
|t:|1776302121
|switch|p1a: このゲームは|Dragonite, F|100/100
|move|p2a: Great Tusk|Stealth Rock|p1a: このゲームは
|-sidestart|p1: i am a dirt|move: Stealth Rock
|
|upkeep
|turn|3
|
|t:|1776302129
|move|p2a: Great Tusk|Rapid Spin|p1a: このゲームは
|-damage|p1a: このゲームは|96/100
|-boost|p2a: Great Tusk|spe|1
|move|p1a: このゲームは|Dragon Dance|p1a: このゲームは
|-boost|p1a: このゲームは|atk|1
|-boost|p1a: このゲームは|spe|1
|
|upkeep
|turn|4
|j| Pulkatz
|
|t:|1776302140
|-terastallize|p1a: このゲームは|Flying
|move|p2a: Great Tusk|Ice Spinner|p1a: このゲームは
|-supereffective|p1a: このゲームは
|-damage|p1a: このゲームは|68/100
|move|p1a: このゲームは|Tera Blast|p2a: Great Tusk|[anim] Tera Blast Flying
|-supereffective|p2a: Great Tusk
|-damage|p2a: Great Tusk|0 fnt
|faint|p2a: Great Tusk
|-end|p2a: Great Tusk|Protosynthesis|[silent]
|
|upkeep
|
|t:|1776302148
|switch|p2a: Cinderace|Cinderace, F|100/100
|turn|5
|c| Pulkatz|i can feel the aura
|
|t:|1776302163
|move|p1a: このゲームは|Earthquake|p2a: Cinderace
|-supereffective|p2a: Cinderace
|-damage|p2a: Cinderace|0 fnt
|faint|p2a: Cinderace
|
|upkeep
|c| Pulkatz|this is definitely high elo
|c| Pulkatz|i can feel it
|
|t:|1776302167
|switch|p2a: Landorus|Landorus-Therian, M|100/100
|-ability|p2a: Landorus|Intimidate|boost
|-unboost|p1a: このゲームは|atk|1
|turn|6
|c|☆i am a dirt|*1215 elo*
|
|t:|1776302188
|move|p2a: Landorus|Stone Edge|p1a: このゲームは
|-supereffective|p1a: このゲームは
|-damage|p1a: このゲームは|21/100
|move|p1a: このゲームは|Dragon Dance|p1a: このゲームは
|-boost|p1a: このゲームは|atk|1
|-boost|p1a: このゲームは|spe|1
|
|upkeep
|turn|7
|c| Pulkatz|oh
|
|t:|1776302196
|move|p1a: このゲームは|Tera Blast|p2a: Landorus|[anim] Tera Blast Flying
|-damage|p2a: Landorus|0 fnt
|faint|p2a: Landorus
|
|upkeep
|c| Pulkatz|im a larper
|c|☆i am a dirt|lmao
|c|☆Attacker98|that was a 30% chance to kill
|c|☆i am a dirt|yeah compared to the others in ou i kinda stink
|c|☆i am a dirt|oh ok
|
|t:|1776302225
|switch|p2a: Iron Valiant|Iron Valiant|100/100
|-enditem|p2a: Iron Valiant|Booster Energy
|-activate|p2a: Iron Valiant|ability: Quark Drive|[fromitem]
|-start|p2a: Iron Valiant|quarkdrivespe
|turn|8
|
|t:|1776302234
|-terastallize|p2a: Iron Valiant|Steel
|move|p1a: このゲームは|Extreme Speed|p2a: Iron Valiant
|-resisted|p2a: Iron Valiant
|-damage|p2a: Iron Valiant|69/100
|move|p2a: Iron Valiant|Moonblast|p1a: このゲームは
|-damage|p1a: このゲームは|0 fnt
|faint|p1a: このゲームは
|
|-sideend|p1: i am a dirt|Reflect
|upkeep
|c| Pulkatz|no offense but with how much youre in the chat i thought you were crazy at the game
|c|☆i am a dirt|i keep larping on myself for having bad luck but whenever i do i never miss focus blast
|c|☆i am a dirt|lmao
|
|t:|1776302255
|switch|p1a: これを翻訳する|Deoxys-Speed|100/100
|-damage|p1a: これを翻訳する|88/100|[from] Stealth Rock
|-ability|p1a: これを翻訳する|Pressure
|turn|9
|c|☆i am a dirt|the dirt gaslighting
|
|t:|1776302265
|move|p2a: Iron Valiant|Knock Off|p1a: これを翻訳する
|-supereffective|p1a: これを翻訳する
|-damage|p1a: これを翻訳する|0 fnt
|-enditem|p1a: これを翻訳する|Choice Specs|[from] move: Knock Off|[of] p2a: Iron Valiant
|faint|p1a: これを翻訳する
|
|upkeep
|
|t:|1776302271
|switch|p1a: Iron Valiant|Iron Valiant|100/100
|-damage|p1a: Iron Valiant|94/100|[from] Stealth Rock
|turn|10
|
|t:|1776302277
|move|p2a: Iron Valiant|Moonblast|p1a: Iron Valiant
|-supereffective|p1a: Iron Valiant
|-damage|p1a: Iron Valiant|0 fnt
|faint|p1a: Iron Valiant
|-end|p1a: Iron Valiant|Quark Drive|[silent]
|
|upkeep
|
|t:|1776302285
|switch|p1a: 競争的|Klefki, F|100/100
|-damage|p1a: 競争的|95/100|[from] Stealth Rock
|turn|11
|c|☆i am a dirt|wait my team sucks against this
|
|t:|1776302298
|move|p1a: 競争的|Reflect|p1a: 競争的
|-sidestart|p1: i am a dirt|Reflect
|move|p2a: Iron Valiant|Knock Off|p1a: 競争的
|-resisted|p1a: 競争的
|-damage|p1a: 競争的|86/100
|-enditem|p1a: 競争的|Light Clay|[from] move: Knock Off|[of] p2a: Iron Valiant
|
|upkeep
|turn|12
|c|☆i am a dirt|hold please
|
|t:|1776302310
|move|p1a: 競争的|Magic Room|p1a: 競争的
|-fieldstart|move: Magic Room|[of] p1a: 競争的
|move|p2a: Iron Valiant|Encore|p1a: 競争的
|-start|p1a: 競争的|Encore
|
|upkeep
|turn|13
|
|t:|1776302316
|switch|p1a: チーム|Darkrai|100/100
|-damage|p1a: チーム|88/100|[from] Stealth Rock
|move|p2a: Iron Valiant|Moonblast|p1a: チーム
|-supereffective|p1a: チーム
|-damage|p1a: チーム|0 fnt
|faint|p1a: チーム
|
|upkeep
|c| Pulkatz|bro's phoning a friend
|
|t:|1776302325
|switch|p1a: めっちゃバカ|Great Tusk|100/100
|-damage|p1a: めっちゃバカ|98/100|[from] Stealth Rock
|turn|14
|c|☆i am a dirt|*dial dial dial*
|c| Pulkatz|why magic room?
|c|☆i am a dirt|they cussed me out and hung up
|c| Pulkatz|iron valiant has no item
|c|☆i am a dirt|it removes the effect of held items
|c| Pulkatz|yeah i know
|c|☆i am a dirt|so i can np with specs
|
|t:|1776302361
|move|p2a: Iron Valiant|Moonblast|p1a: めっちゃバカ
|-supereffective|p1a: めっちゃバカ
|-damage|p1a: めっちゃバカ|0 fnt
|faint|p1a: めっちゃバカ
|-end|p1a: めっちゃバカ|Protosynthesis|[silent]
|
|upkeep
|c|☆i am a dirt|and i lost
|c|☆i am a dirt|gg
|
|t:|1776302366
|switch|p1a: 競争的|Klefki, F|86/100
|-damage|p1a: 競争的|80/100|[from] Stealth Rock
|turn|15
|c| Pulkatz|oh wait
|
|t:|1776302371
|move|p1a: 競争的|Spikes|p2a: Iron Valiant
|-sidestart|p2: Attacker98|Spikes
|move|p2a: Iron Valiant|Encore|p1a: 競争的
|-start|p1a: 競争的|Encore
|
|upkeep
|turn|16
|c| Pulkatz|i thought you were the other guy
|
|t:|1776302379
|move|p1a: 競争的|Spikes|p2a: Iron Valiant
|-sidestart|p2: Attacker98|Spikes
|move|p2a: Iron Valiant|Close Combat|p1a: 競争的
|-damage|p1a: 競争的|49/100
|-unboost|p2a: Iron Valiant|def|1
|-unboost|p2a: Iron Valiant|spd|1
|
|-fieldend|move: Magic Room|[of] p1a: 競争的
|upkeep
|turn|17
|
|t:|1776302389
|move|p1a: 競争的|Spikes|p2a: Iron Valiant
|-sidestart|p2: Attacker98|Spikes
|move|p2a: Iron Valiant|Close Combat|p1a: 競争的
|-damage|p1a: 競争的|18/100
|-unboost|p2a: Iron Valiant|def|1
|-unboost|p2a: Iron Valiant|spd|1
|
|upkeep
|turn|18
|c|☆i am a dirt|ok trial and error i know what changes i need to make
|
|t:|1776302403
|move|p1a: 競争的|Spikes||[still]
|-fail|p1a: 競争的
|move|p2a: Iron Valiant|Close Combat|p1a: 競争的
|-damage|p1a: 競争的|0 fnt
|-unboost|p2a: Iron Valiant|def|1
|-unboost|p2a: Iron Valiant|spd|1
|faint|p1a: 競争的
|
|win|Attacker98
|raw|i am a dirt's rating: 1215 &rarr; <strong>1189</strong><br />(-26 for losing)
|raw|Attacker98's rating: 1198 &rarr; <strong>1224</strong><br />(+26 for winning)
|c| Pulkatz|wait what
|c|☆Attacker98|gg
|c|☆i am a dirt|gg
|c|☆i am a dirt|yeah
|c| Pulkatz|you set up magic room to use specs?
|c|☆Attacker98|i've been on a losing streak
|c|☆Attacker98|so this really helped
|c|☆i am a dirt|i want to np and then specs
|c| Pulkatz|LMAO
|c|☆i am a dirt|ok man
|c| Pulkatz|whats np
|c|☆i am a dirt|*cough cough*
|c|☆Attacker98|would you believe me if i told you i was at 1300
|c|☆i am a dirt|nasty plot
|c|☆i am a dirt|yes
|c| Pulkatz|ohhh
|c|☆i am a dirt|yes i would
|c| Pulkatz|holy greed
|c|☆Attacker98|thank you
|c| Pulkatz|then why set up only reflect
|c|☆i am a dirt|yeah i didnt know what else to do
|c|☆i am a dirt|i panicked because klef has no attacks
|c| Pulkatz|plus they popped a booster energy
|c|☆Attacker98|ah
|c| Pulkatz|would've outsped anyway
|c|☆i am a dirt|yeah
|c| Pulkatz|nt tho
|c|☆Attacker98|eh don't worry
|c|☆Attacker98|you'll get better
|c|☆i am a dirt|thanks man
|c|☆Attacker98|yeah np
|c|☆i am a dirt|i rag on myself too much tbh
|c|☆Attacker98|you guys have a good day
