|html|<div class="broadcast-blue"><strong>[Gen 9] OU is currently suspecting Volcarona! For information on how to participate check out the <a href="https://www.smogon.com/tools/suspects/view/208">suspect thread</a>.</strong></div>
|j|☆Dispear04
|j|☆rexa2
|t:|1778506970
|gametype|singles
|player|p1|Dispear04|miku-ghost|1387
|player|p2|rexa2|brock|1361
|gen|9
|tier|[Gen 9] OU
|rated|
|rule|HP Percentage Mod: HP is shown in percentages
|rule|Endless Battle Clause: Forcing endless battles is banned
|rule|Species Clause: Limit one of each Pokémon
|rule|OHKO Clause: OHKO moves are banned
|rule|Evasion Items Clause: Evasion items are banned
|rule|Evasion Moves Clause: Evasion moves are banned
|rule|Evasion Abilities Clause: Evasion abilities are banned
|rule|Sleep Moves Clause: Sleep-inducing moves are banned
|clearpoke
|poke|p1|Hydrapple, F|
|poke|p1|Slowking, F|
|poke|p1|Great Tusk|
|poke|p1|Moltres|
|poke|p1|Zamazenta-*|
|poke|p1|Kingambit, F|
|poke|p2|Glimmora, F|
|poke|p2|Ogerpon-Cornerstone, F|
|poke|p2|Tyranitar, M|
|poke|p2|Rhyperior, M|
|poke|p2|Minior|
|poke|p2|Arcanine-Hisui, M|
|teampreview
|inactive|Battle timer is ON: inactive players will automatically lose when time's up. (requested by Dispear04)
|
|t:|1778506982
|teamsize|p1|6
|teamsize|p2|6
|start
|switch|p1a: Slowking|Slowking, F|100/100
|switch|p2a: Glimmora|Glimmora, F|100/100
|turn|1
|
|t:|1778506994
|switch|p2a: Tyranitar|Tyranitar, M|100/100
|-weather|Sandstorm|[from] ability: Sand Stream|[of] p2a: Tyranitar
|move|p1a: Slowking|Future Sight|p2a: Tyranitar
|-start|p1a: Slowking|move: Future Sight
|
|-weather|Sandstorm|[upkeep]
|-damage|p1a: Slowking|94/100|[from] Sandstorm
|upkeep
|turn|2
|
|t:|1778507001
|move|p2a: Tyranitar|Knock Off|p1a: Slowking
|-supereffective|p1a: Slowking
|-damage|p1a: Slowking|3/100
|-enditem|p1a: Slowking|Heavy-Duty Boots|[from] move: Knock Off|[of] p2a: Tyranitar
|-prepare|p1a: Slowking|Chilly Reception|[premajor]
|move|p1a: Slowking|Chilly Reception|p1a: Slowking
|-weather|Snowscape
|
|t:|1778507013
|switch|p1a: Zamazenta|Zamazenta|100/100|[from] Chilly Reception
|-ability|p1a: Zamazenta|Dauntless Shield|boost
|-boost|p1a: Zamazenta|def|1
|
|-weather|Snowscape|[upkeep]
|upkeep
|turn|3
|
|t:|1778507029
|switch|p2a: Rhyperior|Rhyperior, M|100/100
|move|p1a: Zamazenta|Close Combat|p2a: Rhyperior
|-supereffective|p2a: Rhyperior
|-damage|p2a: Rhyperior|42/100
|-unboost|p1a: Zamazenta|def|1
|-unboost|p1a: Zamazenta|spd|1
|
|-weather|Snowscape|[upkeep]
|-end|p2a: Rhyperior|move: Future Sight
|-damage|p2a: Rhyperior|0 fnt
|faint|p2a: Rhyperior
|upkeep
|
|t:|1778507043
|switch|p2a: Glimmora|Glimmora, F|100/100
|turn|4
|
|t:|1778507049
|move|p2a: Glimmora|Sludge Wave|p1a: Zamazenta
|-damage|p1a: Zamazenta|30/100
|move|p1a: Zamazenta|Close Combat|p2a: Glimmora
|-damage|p2a: Glimmora|0 fnt
|-unboost|p1a: Zamazenta|def|1
|-unboost|p1a: Zamazenta|spd|1
|-activate|p2a: Glimmora|ability: Toxic Debris
|-sidestart|p1: Dispear04|move: Toxic Spikes
|faint|p2a: Glimmora
|
|-weather|Snowscape|[upkeep]
|upkeep
|
|t:|1778507056
|switch|p2a: Arcanine|Arcanine-Hisui, M|100/100
|turn|5
|
|t:|1778507062
|move|p2a: Arcanine|Extreme Speed|p1a: Zamazenta
|-damage|p1a: Zamazenta|0 fnt
|faint|p1a: Zamazenta
|
|-weather|Snowscape|[upkeep]
|upkeep
|
|t:|1778507070
|switch|p1a: Great Tusk|Great Tusk|100/100
|turn|6
|
|t:|1778507073
|switch|p2a: Minior|Minior|100/100
|-formechange|p2a: Minior|Minior-Meteor||[from] ability: Shields Down
|move|p1a: Great Tusk|Rapid Spin|p2a: Minior
|-resisted|p2a: Minior
|-damage|p2a: Minior|92/100
|-boost|p1a: Great Tusk|spe|1
|-sideend|p1: Dispear04|Toxic Spikes|[from] move: Rapid Spin|[of] p1a: Great Tusk
|
|-weather|none
|upkeep
|turn|7
|
|t:|1778507079
|move|p1a: Great Tusk|Ice Spinner|p2a: Minior
|-supereffective|p2a: Minior
|-crit|p2a: Minior
|-damage|p2a: Minior|13/100
|move|p2a: Minior|Dazzling Gleam|p1a: Great Tusk
|-supereffective|p1a: Great Tusk
|-damage|p1a: Great Tusk|44/100
|
|-formechange|p2a: Minior|Minior||[from] ability: Shields Down
|upkeep
|turn|8
|
|t:|1778507088
|move|p1a: Great Tusk|Ice Spinner|p2a: Minior
|-supereffective|p2a: Minior
|-damage|p2a: Minior|0 fnt
|faint|p2a: Minior
|
|upkeep
|
|t:|1778507104
|switch|p2a: Ogerpon|Ogerpon-Cornerstone, F|100/100
|turn|9
|
|t:|1778507112
|move|p1a: Great Tusk|Ice Spinner|p2a: Ogerpon
|-supereffective|p2a: Ogerpon
|-damage|p2a: Ogerpon|49/100
|move|p2a: Ogerpon|Horn Leech|p1a: Great Tusk
|-supereffective|p1a: Great Tusk
|-damage|p1a: Great Tusk|0 fnt
|-heal|p2a: Ogerpon|74/100|[from] drain|[of] p1a: Great Tusk
|faint|p1a: Great Tusk
|-end|p1a: Great Tusk|Protosynthesis|[silent]
|
|upkeep
|
|t:|1778507121
|switch|p1a: Slowking|Slowking, F|36/100
|turn|10
|
|t:|1778507127
|switch|p1a: Kingambit|Kingambit, F|100/100
|-activate|p1a: Kingambit|ability: Supreme Overlord
|-start|p1a: Kingambit|fallen2|[silent]
|move|p2a: Ogerpon|Ivy Cudgel|p1a: Kingambit|[anim] Ivy Cudgel Rock
|-resisted|p1a: Kingambit
|-damage|p1a: Kingambit|85/100
|
|-heal|p1a: Kingambit|91/100|[from] item: Leftovers
|upkeep
|turn|11
|inactive|rexa2 has 120 seconds left.
|
|t:|1778507158
|move|p2a: Ogerpon|Ivy Cudgel|p1a: Kingambit|[anim] Ivy Cudgel Rock
|-resisted|p1a: Kingambit
|-damage|p1a: Kingambit|74/100
|move|p1a: Kingambit|Iron Head|p2a: Ogerpon
|-supereffective|p2a: Ogerpon
|-damage|p2a: Ogerpon|0 fnt
|faint|p2a: Ogerpon
|
|-heal|p1a: Kingambit|80/100|[from] item: Leftovers
|upkeep
|
|t:|1778507163
|switch|p2a: Arcanine|Arcanine-Hisui, M|100/100
|turn|12
|
|t:|1778507170
|-terastallize|p2a: Arcanine|Fire
|-terastallize|p1a: Kingambit|Ghost
|move|p2a: Arcanine|Flare Blitz|p1a: Kingambit
|-damage|p1a: Kingambit|0 fnt
|faint|p1a: Kingambit
|-end|p1a: Kingambit|fallen2|[silent]
|
|upkeep
|
|t:|1778507178
|switch|p1a: Slowking|Slowking, F|70/100
|turn|13
|
|t:|1778507184
|move|p2a: Arcanine|Flare Blitz|p1a: Slowking
|-resisted|p1a: Slowking
|-damage|p1a: Slowking|7/100
|move|p1a: Slowking|Scald|p2a: Arcanine
|-supereffective|p2a: Arcanine
|-damage|p2a: Arcanine|35/100
|
|upkeep
|turn|14
|
|t:|1778507192
|switch|p1a: Moltres|Moltres|100/100
|move|p2a: Arcanine|Flare Blitz|p1a: Moltres
|-resisted|p1a: Moltres
|-damage|p1a: Moltres|63/100
|
|upkeep
|turn|15
|
|t:|1778507200
|move|p2a: Arcanine|Flare Blitz|p1a: Moltres
|-resisted|p1a: Moltres
|-damage|p1a: Moltres|22/100
|move|p1a: Moltres|Roost|p1a: Moltres
|-heal|p1a: Moltres|72/100
|-singleturn|p1a: Moltres|move: Roost
|
|upkeep
|turn|16
|
|t:|1778507206
|switch|p2a: Tyranitar|Tyranitar, M|100/100
|-weather|Sandstorm|[from] ability: Sand Stream|[of] p2a: Tyranitar
|move|p1a: Moltres|Flamethrower|p2a: Tyranitar
|-resisted|p2a: Tyranitar
|-damage|p2a: Tyranitar|95/100
|
|-weather|Sandstorm|[upkeep]
|-damage|p1a: Moltres|66/100|[from] Sandstorm
|upkeep
|turn|17
|
|t:|1778507219
|move|p1a: Moltres|Flamethrower|p2a: Tyranitar
|-resisted|p2a: Tyranitar
|-damage|p2a: Tyranitar|90/100
|move|p2a: Tyranitar|Rock Tomb|p1a: Moltres
|-supereffective|p1a: Moltres
|-damage|p1a: Moltres|0 fnt
|faint|p1a: Moltres
|
|-weather|Sandstorm|[upkeep]
|upkeep
|
|t:|1778507226
|switch|p1a: Hydrapple|Hydrapple, F|100/100
|turn|18
|
|t:|1778507236
|move|p1a: Hydrapple|Leaf Storm|p2a: Tyranitar
|-supereffective|p2a: Tyranitar
|-damage|p2a: Tyranitar|43/100
|-unboost|p1a: Hydrapple|spa|2
|-damage|p1a: Hydrapple|91/100|[from] item: Life Orb
|move|p2a: Tyranitar|Knock Off|p1a: Hydrapple
|-damage|p1a: Hydrapple|57/100
|-enditem|p1a: Hydrapple|Life Orb|[from] move: Knock Off|[of] p2a: Tyranitar
|
|-weather|Sandstorm|[upkeep]
|-damage|p1a: Hydrapple|51/100|[from] Sandstorm
|upkeep
|turn|19
|
|t:|1778507249
|switch|p1a: Slowking|Slowking, F|40/100
|move|p2a: Tyranitar|Knock Off|p1a: Slowking
|-supereffective|p1a: Slowking
|-damage|p1a: Slowking|0 fnt
|faint|p1a: Slowking
|
|-weather|Sandstorm|[upkeep]
|upkeep
|
|t:|1778507255
|switch|p1a: Hydrapple|Hydrapple, F|84/100
|turn|20
|c|☆Dispear04|gg
|
|t:|1778507261
|move|p1a: Hydrapple|Nasty Plot|p1a: Hydrapple
|-boost|p1a: Hydrapple|spa|2
|move|p2a: Tyranitar|Rock Tomb|p1a: Hydrapple
|-damage|p1a: Hydrapple|64/100
|-unboost|p1a: Hydrapple|spe|1
|
|-weather|none
|upkeep
|turn|21
|
|t:|1778507267
|move|p2a: Tyranitar|Knock Off|p1a: Hydrapple
|-damage|p1a: Hydrapple|37/100
|move|p1a: Hydrapple|Earth Power|p2a: Tyranitar
|-supereffective|p2a: Tyranitar
|-damage|p2a: Tyranitar|0 fnt
|faint|p2a: Tyranitar
|
|upkeep
|
|t:|1778507270
|switch|p2a: Arcanine|Arcanine-Hisui, M, tera:Fire|35/100
|turn|22
|
|t:|1778507272
|move|p2a: Arcanine|Flare Blitz|p1a: Hydrapple
|-damage|p1a: Hydrapple|0 fnt
|faint|p1a: Hydrapple
|
|win|rexa2
|raw|Dispear04's rating: 1387 &rarr; <strong>1366</strong><br />(-21 for losing)
|raw|rexa2's rating: 1361 &rarr; <strong>1382</strong><br />(+21 for winning)
|l|☆Dispear04
|player|p1|
