|html|<div class="broadcast-blue"><strong>[Gen 9] OU is currently suspecting Tera Blast! For information on how to participate check out the <a href="https://www.smogon.com/tools/suspects/view/200">suspect thread</a>.</strong></div>
|j|☆Mysterious Soop
|j|☆blubbity
|t:|1776306976
|gametype|singles
|player|p1|Mysterious Soop|2|1288
|player|p2|blubbity|tuberf|1221
|gen|9
|tier|[Gen 9] OU
|rated|
|rule|HP Percentage Mod: HP is shown in percentages
|rule|Endless Battle Clause: Forcing endless battles is banned
|rule|Species Clause: Limit one of each Pokémon
|rule|OHKO Clause: OHKO moves are banned
|rule|Evasion Items Clause: Evasion items are banned
|rule|Evasion Moves Clause: Evasion moves are banned
|rule|Evasion Abilities Clause: Evasion abilities are banned
|rule|Sleep Moves Clause: Sleep-inducing moves are banned
|clearpoke
|poke|p1|Magnezone|
|poke|p1|Alomomola, M|
|poke|p1|Zamazenta-*|
|poke|p1|Ting-Lu|
|poke|p1|Sinistcha-Masterpiece|
|poke|p1|Cinderace, M|
|poke|p2|Tyranitar, F|
|poke|p2|Garchomp, F|
|poke|p2|Excadrill, F|
|poke|p2|Gholdengo|
|poke|p2|Gastrodon, M|
|poke|p2|Goodra-Hisui, F|
|teampreview
|inactive|Battle timer is ON: inactive players will automatically lose when time's up. (requested by blubbity)
|
|t:|1776306992
|teamsize|p1|6
|teamsize|p2|6
|start
|switch|p1a: Magnezone|Magnezone|100/100
|switch|p2a: Gigi|Garchomp, F|100/100
|turn|1
|
|t:|1776307002
|switch|p1a: Sinistcha|Sinistcha-Masterpiece|100/100
|move|p2a: Gigi|Spikes|p1a: Sinistcha
|-sidestart|p1: Mysterious Soop|Spikes
|
|upkeep
|turn|2
|
|t:|1776307009
|move|p1a: Sinistcha|Calm Mind|p1a: Sinistcha
|-boost|p1a: Sinistcha|spa|1
|-boost|p1a: Sinistcha|spd|1
|move|p2a: Gigi|Dragon Tail|p1a: Sinistcha
|-damage|p1a: Sinistcha|80/100
|drag|p1a: Alomomola|Alomomola, M|100/100
|
|upkeep
|turn|3
|
|t:|1776307015
|move|p2a: Gigi|Spikes|p1a: Alomomola
|-sidestart|p1: Mysterious Soop|Spikes
|move|p1a: Alomomola|Scald|p2a: Gigi
|-damage|p2a: Gigi|88/100
|
|upkeep
|turn|4
|
|t:|1776307020
|move|p2a: Gigi|Spikes|p1a: Alomomola
|-sidestart|p1: Mysterious Soop|Spikes
|move|p1a: Alomomola|Scald|p2a: Gigi
|-damage|p2a: Gigi|76/100
|-status|p2a: Gigi|brn
|
|-damage|p2a: Gigi|70/100 brn|[from] brn
|upkeep
|turn|5
|
|t:|1776307029
|switch|p2a: Don Goat|Gastrodon, M|100/100
|move|p1a: Alomomola|Flip Turn|p2a: Don Goat
|-ability|p2a: Don Goat|Storm Drain|boost
|-boost|p2a: Don Goat|spa|1
|
|upkeep
|turn|6
|
|t:|1776307044
|switch|p1a: Sinistcha|Sinistcha-Masterpiece|80/100
|move|p2a: Don Goat|Earth Power|p1a: Sinistcha
|-resisted|p1a: Sinistcha
|-damage|p1a: Sinistcha|37/100
|-damage|p2a: Don Goat|91/100|[from] item: Life Orb
|
|upkeep
|turn|7
|
|t:|1776307053
|switch|p2a: Deedee|Goodra-Hisui, F|100/100
|move|p1a: Sinistcha|Strength Sap|p2a: Deedee
|-ability|p2a: Deedee|Sap Sipper|boost
|-boost|p2a: Deedee|atk|1
|
|upkeep
|turn|8
|
|t:|1776307062
|switch|p1a: Cinderace|Cinderace, M|100/100
|move|p2a: Deedee|Draco Meteor|p1a: Cinderace
|-damage|p1a: Cinderace|30/100
|-unboost|p2a: Deedee|spa|2
|
|upkeep
|turn|9
|
|t:|1776307073
|move|p1a: Cinderace|Court Change|p1a: Cinderace
|-start|p1a: Cinderace|typechange|Normal|[from] ability: Libero
|-swapsideconditions
|-activate|p1a: Cinderace|move: Court Change
|move|p2a: Deedee|Knock Off|p1a: Cinderace
|-damage|p1a: Cinderace|0 fnt
|-enditem|p1a: Cinderace|Heavy-Duty Boots|[from] move: Knock Off|[of] p2a: Deedee
|faint|p1a: Cinderace
|
|upkeep
|
|t:|1776307083
|switch|p1a: Zamazenta|Zamazenta|100/100
|-ability|p1a: Zamazenta|Dauntless Shield|boost
|-boost|p1a: Zamazenta|def|1
|turn|10
|
|t:|1776307087
|move|p1a: Zamazenta|Body Press|p2a: Deedee
|-supereffective|p2a: Deedee
|-damage|p2a: Deedee|0 fnt
|faint|p2a: Deedee
|
|upkeep
|
|t:|1776307099
|switch|p2a: Cici|Gholdengo|100/100
|-damage|p2a: Cici|76/100|[from] Spikes
|turn|11
|
|t:|1776307126
|move|p2a: Cici|Make It Rain|p1a: Zamazenta
|-damage|p1a: Zamazenta|49/100
|-unboost|p2a: Cici|spa|1
|move|p1a: Zamazenta|Crunch|p2a: Cici
|-supereffective|p2a: Cici
|-damage|p2a: Cici|26/100
|
|-heal|p1a: Zamazenta|55/100|[from] item: Leftovers
|upkeep
|turn|12
|
|t:|1776307139
|move|p2a: Cici|Make It Rain|p1a: Zamazenta
|-damage|p1a: Zamazenta|21/100
|-unboost|p2a: Cici|spa|1
|move|p1a: Zamazenta|Crunch|p2a: Cici
|-supereffective|p2a: Cici
|-damage|p2a: Cici|0 fnt
|faint|p2a: Cici
|
|-heal|p1a: Zamazenta|27/100|[from] item: Leftovers
|upkeep
|
|t:|1776307147
|switch|p2a: Tiki|Tyranitar, F|100/100
|-damage|p2a: Tiki|75/100|[from] Spikes
|-weather|Sandstorm|[from] ability: Sand Stream|[of] p2a: Tiki
|turn|13
|
|t:|1776307157
|-terastallize|p2a: Tiki|Ghost
|move|p1a: Zamazenta|Body Press|p2a: Tiki
|-immune|p2a: Tiki
|move|p2a: Tiki|Thunder Wave|p1a: Zamazenta
|-status|p1a: Zamazenta|par
|
|-weather|Sandstorm|[upkeep]
|-damage|p1a: Zamazenta|21/100 par|[from] Sandstorm
|-damage|p2a: Tiki|69/100|[from] Sandstorm
|-heal|p1a: Zamazenta|27/100 par|[from] item: Leftovers
|-heal|p2a: Tiki|75/100|[from] item: Leftovers
|upkeep
|turn|14
|
|t:|1776307172
|move|p1a: Zamazenta|Crunch|p2a: Tiki
|-supereffective|p2a: Tiki
|-damage|p2a: Tiki|42/100
|-unboost|p2a: Tiki|def|1
|move|p2a: Tiki|Stealth Rock|p1a: Zamazenta
|-sidestart|p1: Mysterious Soop|move: Stealth Rock
|
|-weather|Sandstorm|[upkeep]
|-damage|p1a: Zamazenta|21/100 par|[from] Sandstorm
|-damage|p2a: Tiki|36/100|[from] Sandstorm
|-heal|p1a: Zamazenta|27/100 par|[from] item: Leftovers
|-heal|p2a: Tiki|42/100|[from] item: Leftovers
|upkeep
|turn|15
|
|t:|1776307178
|cant|p1a: Zamazenta|par
|move|p2a: Tiki|Earthquake|p1a: Zamazenta
|-damage|p1a: Zamazenta|13/100 par
|
|-weather|Sandstorm|[upkeep]
|-damage|p1a: Zamazenta|6/100 par|[from] Sandstorm
|-damage|p2a: Tiki|36/100|[from] Sandstorm
|-heal|p1a: Zamazenta|13/100 par|[from] item: Leftovers
|-heal|p2a: Tiki|42/100|[from] item: Leftovers
|upkeep
|turn|16
|
|t:|1776307182
|move|p1a: Zamazenta|Crunch|p2a: Tiki
|-supereffective|p2a: Tiki
|-damage|p2a: Tiki|0 fnt
|faint|p2a: Tiki
|
|-weather|Sandstorm|[upkeep]
|-damage|p1a: Zamazenta|6/100 par|[from] Sandstorm
|-heal|p1a: Zamazenta|13/100 par|[from] item: Leftovers
|upkeep
|
|t:|1776307185
|switch|p2a: Fifi|Excadrill, F|100/100
|-item|p2a: Fifi|Air Balloon
|turn|17
|
|t:|1776307193
|move|p2a: Fifi|Rapid Spin|p1a: Zamazenta
|-damage|p1a: Zamazenta|4/100 par
|-boost|p2a: Fifi|spe|1
|-sideend|p2: blubbity|Spikes|[from] move: Rapid Spin|[of] p2a: Fifi
|move|p1a: Zamazenta|Body Press|p2a: Fifi
|-supereffective|p2a: Fifi
|-damage|p2a: Fifi|0 fnt
|-enditem|p2a: Fifi|Air Balloon
|faint|p2a: Fifi
|
|-weather|none
|-heal|p1a: Zamazenta|10/100 par|[from] item: Leftovers
|upkeep
|-message|blubbity forfeited.
|
|win|Mysterious Soop
|raw|Mysterious Soop's rating: 1288 &rarr; <strong>1308</strong><br />(+20 for winning)
|raw|blubbity's rating: 1221 &rarr; <strong>1201</strong><br />(-20 for losing)
|l|☆blubbity
|player|p2|
|l|☆Mysterious Soop
|player|p1|
|j|☆Mysterious Soop
|player|p1|Mysterious Soop|2|
