|html|<div class="broadcast-blue"><strong>[Gen 9] OU is currently suspecting Tera Blast! For information on how to participate check out the <a href="https://www.smogon.com/tools/suspects/view/200">suspect thread</a>.</strong></div>
|j|☆WeR#4Hay!
|j|☆alex12381723898
|t:|1776046101
|gametype|singles
|player|p1|WeR#4Hay!|101|1585
|player|p2|alex12381723898|266|1783
|gen|9
|tier|[Gen 9] OU
|rated|
|rule|HP Percentage Mod: HP is shown in percentages
|rule|Endless Battle Clause: Forcing endless battles is banned
|rule|Species Clause: Limit one of each Pokémon
|rule|OHKO Clause: OHKO moves are banned
|rule|Evasion Items Clause: Evasion items are banned
|rule|Evasion Moves Clause: Evasion moves are banned
|rule|Evasion Abilities Clause: Evasion abilities are banned
|rule|Sleep Moves Clause: Sleep-inducing moves are banned
|clearpoke
|poke|p1|Lokix, F|
|poke|p1|Garganacl, F|
|poke|p1|Iron Treads|
|poke|p1|Alomomola, F|
|poke|p1|Tornadus-Therian, M|
|poke|p1|Weezing-Galar, F|
|poke|p2|Landorus-Therian, M|
|poke|p2|Sinistcha|
|poke|p2|Tinkaton, F|
|poke|p2|Moltres|
|poke|p2|Samurott-Hisui, M|
|poke|p2|Hydreigon, M|
|teampreview
|inactive|Battle timer is ON: inactive players will automatically lose when time's up. (requested by alex12381723898)
|
|t:|1776046108
|teamsize|p1|6
|teamsize|p2|6
|start
|switch|p1a: Sakamoto|Tornadus-Therian, M|100/100
|switch|p2a: Hybrid|Hydreigon, M, shiny|100/100
|turn|1
|
|t:|1776046110
|move|p1a: Sakamoto|Knock Off|p2a: Hybrid
|-resisted|p2a: Hybrid
|-damage|p2a: Hybrid|89/100
|-enditem|p2a: Hybrid|Choice Specs|[from] move: Knock Off|[of] p1a: Sakamoto
|move|p2a: Hybrid|Draco Meteor|p1a: Sakamoto
|-damage|p1a: Sakamoto|51/100
|-unboost|p2a: Hybrid|spa|2
|
|upkeep
|turn|2
|
|t:|1776046117
|switch|p2a: Smile.exe|Tinkaton, F, shiny|100/100
|-item|p2a: Smile.exe|Air Balloon
|move|p1a: Sakamoto|Heat Wave|p2a: Smile.exe
|-supereffective|p2a: Smile.exe
|-damage|p2a: Smile.exe|50/100
|-enditem|p2a: Smile.exe|Air Balloon
|
|upkeep
|turn|3
|
|t:|1776046123
|switch|p2a: Phoenix|Moltres, shiny|100/100
|move|p1a: Sakamoto|Heat Wave|p2a: Phoenix
|-resisted|p2a: Phoenix
|-damage|p2a: Phoenix|91/100
|
|upkeep
|turn|4
|
|t:|1776046126
|move|p1a: Sakamoto|Knock Off|p2a: Phoenix
|-damage|p2a: Phoenix|73/100
|-enditem|p2a: Phoenix|Heavy-Duty Boots|[from] move: Knock Off|[of] p1a: Sakamoto
|move|p2a: Phoenix|Flamethrower|p1a: Sakamoto
|-damage|p1a: Sakamoto|25/100
|
|upkeep
|turn|5
|
|t:|1776046134
|switch|p1a: Yuuko Aoi|Garganacl, F|100/100
|move|p2a: Phoenix|U-turn|p1a: Yuuko Aoi
|-damage|p1a: Yuuko Aoi|91/100
|
|t:|1776046137
|switch|p2a: Jack Sparrow|Samurott-Hisui, M, shiny|100/100|[from] U-turn
|
|-heal|p1a: Yuuko Aoi|97/100|[from] item: Leftovers
|upkeep
|turn|6
|
|t:|1776046140
|switch|p1a: Mio Nanagohara|Alomomola, F|100/100
|move|p2a: Jack Sparrow|Knock Off|p1a: Mio Nanagohara
|-damage|p1a: Mio Nanagohara|69/100
|-damage|p2a: Jack Sparrow|84/100|[from] item: Rocky Helmet|[of] p1a: Mio Nanagohara
|-enditem|p1a: Mio Nanagohara|Rocky Helmet|[from] move: Knock Off|[of] p2a: Jack Sparrow
|
|upkeep
|turn|7
|
|t:|1776046146
|move|p2a: Jack Sparrow|Ceaseless Edge|p1a: Mio Nanagohara
|-damage|p1a: Mio Nanagohara|39/100
|-sidestart|p1: WeR#4Hay!|Spikes
|move|p1a: Mio Nanagohara|Flip Turn|p2a: Jack Sparrow
|-resisted|p2a: Jack Sparrow
|-damage|p2a: Jack Sparrow|73/100
|
|t:|1776046149
|switch|p1a: Hakase|Weezing-Galar, F|100/100|[from] Flip Turn
|-ability|p1a: Hakase|Neutralizing Gas
|
|upkeep
|turn|8
|
|t:|1776046152
|move|p2a: Jack Sparrow|Knock Off|p1a: Hakase
|-resisted|p1a: Hakase
|-damage|p1a: Hakase|86/100
|-enditem|p1a: Hakase|Heavy-Duty Boots|[from] move: Knock Off|[of] p2a: Jack Sparrow
|move|p1a: Hakase|Defog|p2a: Jack Sparrow
|-unboost|p2a: Jack Sparrow|evasion|1
|-sideend|p1: WeR#4Hay!|Spikes|[from] move: Defog|[of] p1a: Hakase
|
|upkeep
|turn|9
|
|t:|1776046158
|move|p2a: Jack Sparrow|Flip Turn|p1a: Hakase
|-damage|p1a: Hakase|68/100
|
|t:|1776046160
|switch|p2a: Hybrid|Hydreigon, M, shiny|89/100|[from] Flip Turn
|move|p1a: Hakase|Sludge Bomb|p2a: Hybrid
|-damage|p2a: Hybrid|60/100
|
|upkeep
|turn|10
|
|t:|1776046174
|-end|p1a: Hakase|ability: Neutralizing Gas
|switch|p1a: Sakamoto|Tornadus-Therian, M|58/100
|move|p2a: Hybrid|Flash Cannon|p1a: Sakamoto
|-damage|p1a: Sakamoto|40/100
|
|upkeep
|turn|11
|
|t:|1776046182
|switch|p1a: Nano Shinonome|Iron Treads|100/100
|move|p2a: Hybrid|Flash Cannon|p1a: Nano Shinonome
|-resisted|p1a: Nano Shinonome
|-damage|p1a: Nano Shinonome|90/100
|
|-heal|p1a: Nano Shinonome|96/100|[from] item: Leftovers
|upkeep
|turn|12
|
|t:|1776046196
|move|p2a: Hybrid|Earth Power|p1a: Nano Shinonome
|-supereffective|p1a: Nano Shinonome
|-damage|p1a: Nano Shinonome|46/100
|move|p1a: Nano Shinonome|Stealth Rock|p2a: Hybrid
|-sidestart|p2: alex12381723898|move: Stealth Rock
|
|-heal|p1a: Nano Shinonome|52/100|[from] item: Leftovers
|upkeep
|turn|13
|
|t:|1776046206
|switch|p2a: Smile.exe|Tinkaton, F, shiny|50/100
|-damage|p2a: Smile.exe|44/100|[from] Stealth Rock
|-end|p1a: Nano Shinonome|Quark Drive|[silent]
|switch|p1a: Sakamoto|Tornadus-Therian, M|73/100
|
|upkeep
|turn|14
|
|t:|1776046213
|-terastallize|p2a: Smile.exe|Water
|move|p1a: Sakamoto|Heat Wave|p2a: Smile.exe
|-resisted|p2a: Smile.exe
|-damage|p2a: Smile.exe|33/100
|move|p2a: Smile.exe|Stealth Rock|p1a: Sakamoto
|-sidestart|p1: WeR#4Hay!|move: Stealth Rock
|
|upkeep
|turn|15
|
|t:|1776046218
|switch|p1a: Nano Shinonome|Iron Treads|52/100
|-damage|p1a: Nano Shinonome|49/100|[from] Stealth Rock
|move|p2a: Smile.exe|Gigaton Hammer|p1a: Nano Shinonome
|-resisted|p1a: Nano Shinonome
|-damage|p1a: Nano Shinonome|28/100
|
|-heal|p1a: Nano Shinonome|34/100|[from] item: Leftovers
|upkeep
|turn|16
|
|t:|1776046224
|switch|p2a: Sagittarius|Sinistcha, shiny|100/100
|move|p1a: Nano Shinonome|Earthquake|p2a: Sagittarius
|-resisted|p2a: Sagittarius
|-damage|p2a: Sagittarius|87/100
|
|-heal|p1a: Nano Shinonome|40/100|[from] item: Leftovers
|upkeep
|turn|17
|
|t:|1776046231
|move|p1a: Nano Shinonome|Knock Off|p2a: Sagittarius
|-supereffective|p2a: Sagittarius
|-damage|p2a: Sagittarius|53/100
|-enditem|p2a: Sagittarius|Heavy-Duty Boots|[from] move: Knock Off|[of] p1a: Nano Shinonome
|move|p2a: Sagittarius|Calm Mind|p2a: Sagittarius
|-boost|p2a: Sagittarius|spa|1
|-boost|p2a: Sagittarius|spd|1
|
|-heal|p1a: Nano Shinonome|47/100|[from] item: Leftovers
|upkeep
|turn|18
|
|t:|1776046234
|-end|p1a: Nano Shinonome|Quark Drive|[silent]
|switch|p1a: Mai Minakami|Lokix, F|100/100
|-damage|p1a: Mai Minakami|76/100|[from] Stealth Rock
|move|p2a: Sagittarius|Strength Sap|p1a: Mai Minakami
|-unboost|p1a: Mai Minakami|atk|1
|-heal|p2a: Sagittarius|100/100
|
|upkeep
|turn|19
|
|t:|1776046239
|switch|p2a: Phoenix|Moltres, shiny|73/100
|-damage|p2a: Phoenix|23/100|[from] Stealth Rock
|-terastallize|p1a: Mai Minakami|Bug
|move|p1a: Mai Minakami|U-turn|p2a: Phoenix
|-resisted|p2a: Phoenix
|-damage|p2a: Phoenix|5/100
|
|t:|1776046242
|switch|p1a: Sakamoto|Tornadus-Therian, M|100/100|[from] U-turn
|-damage|p1a: Sakamoto|76/100|[from] Stealth Rock
|
|upkeep
|turn|20
|
|t:|1776046246
|move|p1a: Sakamoto|Air Slash|p2a: Phoenix
|-damage|p2a: Phoenix|0 fnt
|faint|p2a: Phoenix
|
|upkeep
|
|t:|1776046252
|switch|p2a: Jack Sparrow|Samurott-Hisui, M, shiny|73/100
|turn|21
|
|t:|1776046260
|move|p1a: Sakamoto|U-turn|p2a: Jack Sparrow
|-supereffective|p2a: Jack Sparrow
|-damage|p2a: Jack Sparrow|36/100
|
|t:|1776046262
|switch|p1a: Hakase|Weezing-Galar, F|68/100|[from] U-turn
|-ability|p1a: Hakase|Neutralizing Gas
|-damage|p1a: Hakase|56/100|[from] Stealth Rock
|move|p2a: Jack Sparrow|Knock Off|p1a: Hakase
|-resisted|p1a: Hakase
|-damage|p1a: Hakase|45/100
|
|upkeep
|turn|22
|
|t:|1776046271
|move|p2a: Jack Sparrow|Flip Turn|p1a: Hakase
|-damage|p1a: Hakase|24/100
|
|t:|1776046273
|switch|p2a: Hybrid|Hydreigon, M, shiny|60/100|[from] Flip Turn
|-damage|p2a: Hybrid|47/100|[from] Stealth Rock
|move|p1a: Hakase|Sludge Bomb|p2a: Hybrid
|-damage|p2a: Hybrid|17/100
|-status|p2a: Hybrid|psn
|
|-damage|p2a: Hybrid|5/100 psn|[from] psn
|upkeep
|turn|23
|
|t:|1776046280
|-end|p1a: Hakase|ability: Neutralizing Gas
|switch|p1a: Sakamoto|Tornadus-Therian, M|100/100
|-damage|p1a: Sakamoto|76/100|[from] Stealth Rock
|move|p2a: Hybrid|Flash Cannon|p1a: Sakamoto
|-damage|p1a: Sakamoto|58/100
|
|-damage|p2a: Hybrid|0 fnt|[from] psn
|faint|p2a: Hybrid
|upkeep
|
|t:|1776046283
|switch|p2a: Enten|Landorus-Therian, M, shiny|100/100
|-damage|p2a: Enten|88/100|[from] Stealth Rock
|-ability|p2a: Enten|Intimidate|boost
|-unboost|p1a: Sakamoto|atk|1
|turn|24
|
|t:|1776046290
|switch|p1a: Mio Nanagohara|Alomomola, F|73/100
|-damage|p1a: Mio Nanagohara|60/100|[from] Stealth Rock
|move|p2a: Enten|Stone Edge|p1a: Mio Nanagohara
|-crit|p1a: Mio Nanagohara
|-damage|p1a: Mio Nanagohara|24/100
|
|upkeep
|turn|25
|
|t:|1776046302
|move|p2a: Enten|Stone Edge|p1a: Mio Nanagohara|[miss]
|-miss|p2a: Enten|p1a: Mio Nanagohara
|move|p1a: Mio Nanagohara|Wish|p1a: Mio Nanagohara
|
|upkeep
|turn|26
|
|t:|1776046305
|switch|p2a: Sagittarius|Sinistcha, shiny|100/100
|-damage|p2a: Sagittarius|88/100|[from] Stealth Rock
|move|p1a: Mio Nanagohara|Flip Turn|p2a: Sagittarius
|-resisted|p2a: Sagittarius
|-damage|p2a: Sagittarius|82/100
|
|t:|1776046309
|switch|p1a: Mai Minakami|Lokix, F, tera:Bug|76/100|[from] Flip Turn
|-damage|p1a: Mai Minakami|51/100|[from] Stealth Rock
|
|-heal|p1a: Mai Minakami|100/100|[from] move: Wish|[wisher] Mio Nanagohara
|upkeep
|turn|27
|
|t:|1776046322
|switch|p2a: Smile.exe|Tinkaton, F, shiny, tera:Water|33/100
|-damage|p2a: Smile.exe|20/100|[from] Stealth Rock
|move|p1a: Mai Minakami|Leech Life|p2a: Smile.exe
|-damage|p2a: Smile.exe|0 fnt
|faint|p2a: Smile.exe
|
|upkeep
|
|t:|1776046326
|switch|p2a: Enten|Landorus-Therian, M, shiny|88/100
|-damage|p2a: Enten|76/100|[from] Stealth Rock
|-ability|p2a: Enten|Intimidate|boost
|-unboost|p1a: Mai Minakami|atk|1
|turn|28
|
|t:|1776046330
|switch|p1a: Nano Shinonome|Iron Treads|47/100
|-damage|p1a: Nano Shinonome|43/100|[from] Stealth Rock
|move|p2a: Enten|U-turn|p1a: Nano Shinonome
|-resisted|p1a: Nano Shinonome
|-damage|p1a: Nano Shinonome|33/100
|
|t:|1776046333
|switch|p2a: Sagittarius|Sinistcha, shiny|82/100|[from] U-turn
|-damage|p2a: Sagittarius|70/100|[from] Stealth Rock
|
|-heal|p1a: Nano Shinonome|40/100|[from] item: Leftovers
|upkeep
|turn|29
|
|t:|1776046338
|-end|p1a: Nano Shinonome|Quark Drive|[silent]
|switch|p1a: Hakase|Weezing-Galar, F|24/100
|-ability|p1a: Hakase|Neutralizing Gas
|-damage|p1a: Hakase|12/100|[from] Stealth Rock
|move|p2a: Sagittarius|Matcha Gotcha|p1a: Hakase|[miss]
|-miss|p2a: Sagittarius|p1a: Hakase
|
|upkeep
|turn|30
|
|t:|1776046344
|move|p2a: Sagittarius|Shadow Ball|p1a: Hakase
|-damage|p1a: Hakase|0 fnt
|faint|p1a: Hakase
|-end|p1a: Hakase|ability: Neutralizing Gas
|
|upkeep
|
|t:|1776046346
|switch|p1a: Mai Minakami|Lokix, F, tera:Bug|100/100
|-damage|p1a: Mai Minakami|76/100|[from] Stealth Rock
|turn|31
|
|t:|1776046348
|move|p1a: Mai Minakami|Leech Life|p2a: Sagittarius
|-damage|p2a: Sagittarius|16/100
|-heal|p1a: Mai Minakami|100/100|[from] drain|[of] p2a: Sagittarius
|move|p2a: Sagittarius|Strength Sap|p1a: Mai Minakami
|-unboost|p1a: Mai Minakami|atk|1
|-heal|p2a: Sagittarius|100/100
|
|upkeep
|turn|32
|
|t:|1776046358
|move|p1a: Mai Minakami|Leech Life|p2a: Sagittarius
|-damage|p2a: Sagittarius|66/100
|move|p2a: Sagittarius|Calm Mind|p2a: Sagittarius
|-boost|p2a: Sagittarius|spa|1
|-boost|p2a: Sagittarius|spd|1
|
|upkeep
|turn|33
|
|t:|1776046366
|switch|p1a: Mio Nanagohara|Alomomola, F|57/100
|-damage|p1a: Mio Nanagohara|45/100|[from] Stealth Rock
|move|p2a: Sagittarius|Matcha Gotcha|p1a: Mio Nanagohara
|-supereffective|p1a: Mio Nanagohara
|-damage|p1a: Mio Nanagohara|0 fnt
|-heal|p2a: Sagittarius|97/100|[from] drain|[of] p1a: Mio Nanagohara
|faint|p1a: Mio Nanagohara
|
|upkeep
|
|t:|1776046375
|switch|p1a: Mai Minakami|Lokix, F, tera:Bug|100/100
|-damage|p1a: Mai Minakami|76/100|[from] Stealth Rock
|turn|34
|
|t:|1776046377
|move|p1a: Mai Minakami|Leech Life|p2a: Sagittarius
|-damage|p2a: Sagittarius|43/100
|-heal|p1a: Mai Minakami|100/100|[from] drain|[of] p2a: Sagittarius
|move|p2a: Sagittarius|Strength Sap|p1a: Mai Minakami
|-unboost|p1a: Mai Minakami|atk|1
|-heal|p2a: Sagittarius|100/100
|
|upkeep
|turn|35
|
|t:|1776046383
|switch|p1a: Sakamoto|Tornadus-Therian, M|91/100
|-damage|p1a: Sakamoto|66/100|[from] Stealth Rock
|move|p2a: Sagittarius|Matcha Gotcha|p1a: Sakamoto
|-resisted|p1a: Sakamoto
|-damage|p1a: Sakamoto|50/100
|
|upkeep
|turn|36
|
|t:|1776046389
|move|p1a: Sakamoto|Air Slash|p2a: Sagittarius
|-supereffective|p2a: Sagittarius
|-damage|p2a: Sagittarius|52/100
|cant|p2a: Sagittarius|flinch
|
|upkeep
|turn|37
|
|t:|1776046397
|move|p1a: Sakamoto|Air Slash|p2a: Sagittarius
|-supereffective|p2a: Sagittarius
|-damage|p2a: Sagittarius|9/100
|cant|p2a: Sagittarius|flinch
|
|upkeep
|turn|38
|
|t:|1776046402
|move|p1a: Sakamoto|Knock Off|p2a: Sagittarius
|-supereffective|p2a: Sagittarius
|-damage|p2a: Sagittarius|0 fnt
|faint|p2a: Sagittarius
|
|upkeep
|
|t:|1776046422
|switch|p2a: Enten|Landorus-Therian, M, shiny|76/100
|-damage|p2a: Enten|64/100|[from] Stealth Rock
|-ability|p2a: Enten|Intimidate|boost
|-unboost|p1a: Sakamoto|atk|1
|turn|39
|
|t:|1776046424
|switch|p1a: Nano Shinonome|Iron Treads|40/100
|-damage|p1a: Nano Shinonome|36/100|[from] Stealth Rock
|move|p2a: Enten|Stone Edge|p1a: Nano Shinonome
|-resisted|p1a: Nano Shinonome
|-crit|p1a: Nano Shinonome
|-damage|p1a: Nano Shinonome|26/100
|
|-heal|p1a: Nano Shinonome|32/100|[from] item: Leftovers
|upkeep
|turn|40
|
|t:|1776046429
|move|p2a: Enten|Stone Edge|p1a: Nano Shinonome
|-resisted|p1a: Nano Shinonome
|-damage|p1a: Nano Shinonome|25/100
|move|p1a: Nano Shinonome|Rapid Spin|p2a: Enten
|-damage|p2a: Enten|49/100
|-boost|p1a: Nano Shinonome|spe|1
|-sideend|p1: WeR#4Hay!|Stealth Rock|[from] move: Rapid Spin|[of] p1a: Nano Shinonome
|
|-heal|p1a: Nano Shinonome|32/100|[from] item: Leftovers
|upkeep
|turn|41
|l|☆alex12381723898
|inactive|alex12381723898 disconnected and has a minute to reconnect!
|player|p2|
|inactive|alex12381723898 has 30 seconds to reconnect!
|inactive|alex12381723898 has 20 seconds to reconnect!
|inactive|alex12381723898 has 15 seconds to reconnect!
|inactive|alex12381723898 has 10 seconds to reconnect!
|inactive|alex12381723898 has 5 seconds to reconnect!
|-message|alex12381723898 lost due to inactivity.
|
|win|WeR#4Hay!
|raw|WeR#4Hay!'s rating: 1585 &rarr; <strong>1615</strong><br />(+30 for winning)
|raw|alex12381723898's rating: 1783 &rarr; <strong>1753</strong><br />(-30 for losing)
|l|☆WeR#4Hay!
|player|p1|
