|html|<div class="broadcast-blue"><strong>[Gen 9] OU is currently suspecting Tera Blast! For information on how to participate check out the <a href="https://www.smogon.com/tools/suspects/view/200">suspect thread</a>.</strong></div>
|j|‽Rehheeh
|j|☆ir0nv4l14nt
|t:|1776077068
|gametype|singles
|player|p1|Rehheeh|palmer|1393
|player|p2|ir0nv4l14nt|ethan|1356
|gen|9
|tier|[Gen 9] OU
|rated|
|rule|HP Percentage Mod: HP is shown in percentages
|rule|Endless Battle Clause: Forcing endless battles is banned
|rule|Species Clause: Limit one of each Pokémon
|rule|OHKO Clause: OHKO moves are banned
|rule|Evasion Items Clause: Evasion items are banned
|rule|Evasion Moves Clause: Evasion moves are banned
|rule|Evasion Abilities Clause: Evasion abilities are banned
|rule|Sleep Moves Clause: Sleep-inducing moves are banned
|clearpoke
|poke|p1|Iron Moth|
|poke|p1|Gliscor, M|
|poke|p1|Hatterene, F|
|poke|p1|Ogerpon-Wellspring, F|
|poke|p1|Raging Bolt|
|poke|p1|Zamazenta-*|
|poke|p2|Frosmoth, M|
|poke|p2|Ninetales-Alola, F|
|poke|p2|Ceruledge, F|
|poke|p2|Darkrai|
|poke|p2|Landorus-Therian, M|
|poke|p2|Iron Crown|
|teampreview
|inactive|Battle timer is ON: inactive players will automatically lose when time's up. (requested by ir0nv4l14nt)
|
|t:|1776077091
|teamsize|p1|6
|teamsize|p2|6
|start
|switch|p1a: Iron Moth|Iron Moth|100/100
|switch|p2a: Ninetales|Ninetales-Alola, F|100/100
|-weather|Snowscape|[from] ability: Snow Warning|[of] p2a: Ninetales
|-enditem|p1a: Iron Moth|Booster Energy
|-activate|p1a: Iron Moth|ability: Quark Drive|[fromitem]
|-start|p1a: Iron Moth|quarkdrivespe
|turn|1
|
|t:|1776077103
|switch|p2a: Ceruledge|Ceruledge, F|100/100
|move|p1a: Iron Moth|Fiery Dance|p2a: Ceruledge
|-start|p2a: Ceruledge|ability: Flash Fire
|
|-weather|Snowscape|[upkeep]
|upkeep
|turn|2
|
|t:|1776077122
|move|p1a: Iron Moth|Sludge Wave|p2a: Ceruledge
|-resisted|p2a: Ceruledge
|-damage|p2a: Ceruledge|74/100
|move|p2a: Ceruledge|Flame Charge|p1a: Iron Moth
|-resisted|p1a: Iron Moth
|-crit|p1a: Iron Moth
|-damage|p1a: Iron Moth|52/100
|-boost|p2a: Ceruledge|spe|1
|
|-weather|Snowscape|[upkeep]
|upkeep
|turn|3
|
|t:|1776077142
|-end|p1a: Iron Moth|Quark Drive|[silent]
|switch|p1a: Gliscor|Gliscor, M|100/100
|move|p2a: Ceruledge|Bulk Up|p2a: Ceruledge
|-boost|p2a: Ceruledge|atk|1
|-boost|p2a: Ceruledge|def|1
|
|-weather|Snowscape|[upkeep]
|-status|p1a: Gliscor|tox|[from] item: Toxic Orb
|upkeep
|turn|4
|
|t:|1776077160
|-terastallize|p2a: Ceruledge|Bug
|move|p2a: Ceruledge|Bulk Up|p2a: Ceruledge
|-boost|p2a: Ceruledge|atk|1
|-boost|p2a: Ceruledge|def|1
|move|p1a: Gliscor|Earthquake|p2a: Ceruledge
|-resisted|p2a: Ceruledge
|-damage|p2a: Ceruledge|59/100
|
|-weather|Snowscape|[upkeep]
|upkeep
|turn|5
|
|t:|1776077171
|switch|p1a: Iron Moth|Iron Moth|52/100
|move|p2a: Ceruledge|Bulk Up|p2a: Ceruledge
|-boost|p2a: Ceruledge|atk|1
|-boost|p2a: Ceruledge|def|1
|
|-weather|none
|upkeep
|turn|6
|
|t:|1776077179
|move|p2a: Ceruledge|Bitter Blade|p1a: Iron Moth
|-resisted|p1a: Iron Moth
|-crit|p1a: Iron Moth
|-damage|p1a: Iron Moth|0 fnt
|-heal|p2a: Ceruledge|88/100|[from] drain|[of] p1a: Iron Moth
|faint|p1a: Iron Moth
|-end|p1a: Iron Moth|Quark Drive|[silent]
|
|upkeep
|
|t:|1776077188
|switch|p1a: Zamazenta|Zamazenta|100/100
|-ability|p1a: Zamazenta|Dauntless Shield|boost
|-boost|p1a: Zamazenta|def|1
|turn|7
|
|t:|1776077195
|move|p2a: Ceruledge|Bitter Blade|p1a: Zamazenta
|-damage|p1a: Zamazenta|16/100
|-heal|p2a: Ceruledge|100/100|[from] drain|[of] p1a: Zamazenta
|move|p1a: Zamazenta|Reflect|p1a: Zamazenta
|-sidestart|p1: Rehheeh|Reflect
|
|upkeep
|turn|8
|
|t:|1776077204
|move|p2a: Ceruledge|Bulk Up|p2a: Ceruledge
|-boost|p2a: Ceruledge|atk|1
|-boost|p2a: Ceruledge|def|1
|move|p1a: Zamazenta|Light Screen|p1a: Zamazenta
|-sidestart|p1: Rehheeh|move: Light Screen
|
|upkeep
|turn|9
|
|t:|1776077214
|switch|p1a: Raging Bolt|Raging Bolt|100/100
|-enditem|p1a: Raging Bolt|Booster Energy
|-activate|p1a: Raging Bolt|ability: Protosynthesis|[fromitem]
|-start|p1a: Raging Bolt|protosynthesisspa
|move|p2a: Ceruledge|Bitter Blade|p1a: Raging Bolt
|-resisted|p1a: Raging Bolt
|-damage|p1a: Raging Bolt|53/100
|
|upkeep
|turn|10
|
|t:|1776077224
|move|p2a: Ceruledge|Poltergeist||[still]
|-fail|p2a: Ceruledge
|move|p1a: Raging Bolt|Thunderbolt|p2a: Ceruledge
|-damage|p2a: Ceruledge|23/100
|
|upkeep
|turn|11
|
|t:|1776077230
|move|p1a: Raging Bolt|Thunderclap||[still]
|-fail|p1a: Raging Bolt
|move|p2a: Ceruledge|Bulk Up|p2a: Ceruledge
|-boost|p2a: Ceruledge|atk|1
|-boost|p2a: Ceruledge|def|1
|
|upkeep
|turn|12
|
|t:|1776077235
|move|p1a: Raging Bolt|Thunderclap||[still]
|-fail|p1a: Raging Bolt
|move|p2a: Ceruledge|Bulk Up|p2a: Ceruledge
|-boost|p2a: Ceruledge|atk|1
|-boost|p2a: Ceruledge|def|1
|
|upkeep
|turn|13
|
|t:|1776077240
|move|p2a: Ceruledge|Bulk Up|p2a: Ceruledge
|-boost|p2a: Ceruledge|atk|0
|-boost|p2a: Ceruledge|def|0
|move|p1a: Raging Bolt|Thunderbolt|p2a: Ceruledge
|-damage|p2a: Ceruledge|0 fnt
|faint|p2a: Ceruledge
|
|upkeep
|
|t:|1776077244
|switch|p2a: Ninetales|Ninetales-Alola, F|100/100
|-weather|Snowscape|[from] ability: Snow Warning|[of] p2a: Ninetales
|turn|14
|
|t:|1776077259
|move|p2a: Ninetales|Moonblast|p1a: Raging Bolt
|-supereffective|p1a: Raging Bolt
|-damage|p1a: Raging Bolt|17/100
|move|p1a: Raging Bolt|Thunderbolt|p2a: Ninetales
|-damage|p2a: Ninetales|22/100
|
|-weather|Snowscape|[upkeep]
|-sideend|p1: Rehheeh|Reflect
|upkeep
|turn|15
|
|t:|1776077267
|move|p2a: Ninetales|Encore|p1a: Raging Bolt
|-start|p1a: Raging Bolt|Encore
|move|p1a: Raging Bolt|Thunderbolt|p2a: Ninetales
|-damage|p2a: Ninetales|0 fnt
|faint|p2a: Ninetales
|
|-weather|Snowscape|[upkeep]
|-sideend|p1: Rehheeh|move: Light Screen
|upkeep
|
|t:|1776077271
|switch|p2a: Landorus|Landorus-Therian, M|100/100
|-ability|p2a: Landorus|Intimidate|boost
|-unboost|p1a: Raging Bolt|atk|1
|turn|16
|
|t:|1776077280
|move|p2a: Landorus|Stealth Rock|p1a: Raging Bolt
|-sidestart|p1: Rehheeh|move: Stealth Rock
|move|p1a: Raging Bolt|Thunderbolt|p2a: Landorus
|-immune|p2a: Landorus
|
|-weather|Snowscape|[upkeep]
|upkeep
|turn|17
|
|t:|1776077287
|-end|p1a: Raging Bolt|Protosynthesis|[silent]
|switch|p1a: Ogerpon|Ogerpon-Wellspring, F|100/100
|-damage|p1a: Ogerpon|88/100|[from] Stealth Rock
|move|p2a: Landorus|U-turn|p1a: Ogerpon
|-supereffective|p1a: Ogerpon
|-damage|p1a: Ogerpon|17/100
|
|t:|1776077299
|switch|p2a: Frosmoth|Frosmoth, M|100/100|[from] U-turn
|
|-weather|Snowscape|[upkeep]
|upkeep
|turn|18
|
|t:|1776077314
|move|p1a: Ogerpon|Trailblaze|p2a: Frosmoth
|-resisted|p2a: Frosmoth
|-damage|p2a: Frosmoth|81/100
|-boost|p1a: Ogerpon|spe|1
|move|p2a: Frosmoth|Quiver Dance|p2a: Frosmoth
|-boost|p2a: Frosmoth|spa|1
|-boost|p2a: Frosmoth|spd|1
|-boost|p2a: Frosmoth|spe|1
|
|-weather|none
|upkeep
|turn|19
|
|t:|1776077323
|move|p1a: Ogerpon|Encore|p2a: Frosmoth
|-start|p2a: Frosmoth|Encore
|move|p2a: Frosmoth|Quiver Dance|p2a: Frosmoth
|-boost|p2a: Frosmoth|spa|1
|-boost|p2a: Frosmoth|spd|1
|-boost|p2a: Frosmoth|spe|1
|
|upkeep
|turn|20
|
|t:|1776077333
|switch|p2a: Landorus|Landorus-Therian, M|100/100
|-ability|p2a: Landorus|Intimidate|boost
|-unboost|p1a: Ogerpon|atk|1
|move|p1a: Ogerpon|Ivy Cudgel|p2a: Landorus|[anim] Ivy Cudgel Water
|-supereffective|p2a: Landorus
|-damage|p2a: Landorus|0 fnt
|faint|p2a: Landorus
|
|upkeep
|
|t:|1776077345
|switch|p2a: Iron Crown|Iron Crown|100/100
|-enditem|p2a: Iron Crown|Booster Energy
|-activate|p2a: Iron Crown|ability: Quark Drive|[fromitem]
|-start|p2a: Iron Crown|quarkdrivespe
|turn|21
|
|t:|1776077352
|move|p2a: Iron Crown|Tachyon Cutter|p1a: Ogerpon
|-resisted|p1a: Ogerpon
|-damage|p1a: Ogerpon|4/100
|-resisted|p1a: Ogerpon
|-damage|p1a: Ogerpon|0 fnt
|faint|p1a: Ogerpon
|-hitcount|p1: Ogerpon|2
|
|upkeep
|
|t:|1776077372
|switch|p1a: Hatterene|Hatterene, F|100/100
|-damage|p1a: Hatterene|88/100|[from] Stealth Rock
|turn|22
|
|t:|1776077376
|-terastallize|p1a: Hatterene|Water
|move|p2a: Iron Crown|Calm Mind|p2a: Iron Crown
|-boost|p2a: Iron Crown|spa|1
|-boost|p2a: Iron Crown|spd|1
|move|p1a: Hatterene|Calm Mind|p1a: Hatterene
|-boost|p1a: Hatterene|spa|1
|-boost|p1a: Hatterene|spd|1
|
|-heal|p1a: Hatterene|94/100|[from] item: Leftovers
|upkeep
|turn|23
|
|t:|1776077382
|move|p2a: Iron Crown|Psychic Noise|p1a: Hatterene
|-damage|p1a: Hatterene|60/100
|-start|p1a: Hatterene|move: Heal Block
|move|p1a: Hatterene|Calm Mind|p1a: Hatterene
|-boost|p1a: Hatterene|spa|1
|-boost|p1a: Hatterene|spd|1
|
|upkeep
|turn|24
|
|t:|1776077389
|move|p2a: Iron Crown|Calm Mind|p2a: Iron Crown
|-boost|p2a: Iron Crown|spa|1
|-boost|p2a: Iron Crown|spd|1
|move|p1a: Hatterene|Calm Mind|p1a: Hatterene
|-boost|p1a: Hatterene|spa|1
|-boost|p1a: Hatterene|spd|1
|
|-end|p1a: Hatterene|move: Heal Block
|upkeep
|turn|25
|
|t:|1776077395
|move|p2a: Iron Crown|Psychic Noise|p1a: Hatterene
|-damage|p1a: Hatterene|32/100
|-start|p1a: Hatterene|move: Heal Block
|move|p1a: Hatterene|Calm Mind|p1a: Hatterene
|-boost|p1a: Hatterene|spa|1
|-boost|p1a: Hatterene|spd|1
|
|upkeep
|turn|26
|
|t:|1776077401
|move|p2a: Iron Crown|Psychic Noise|p1a: Hatterene
|-damage|p1a: Hatterene|8/100
|move|p1a: Hatterene|Mystical Fire|p2a: Iron Crown
|-supereffective|p2a: Iron Crown
|-damage|p2a: Iron Crown|41/100
|-unboost|p2a: Iron Crown|spa|1
|
|-end|p1a: Hatterene|move: Heal Block
|upkeep
|turn|27
|
|t:|1776077414
|move|p2a: Iron Crown|Psychic Noise|p1a: Hatterene
|-damage|p1a: Hatterene|0 fnt
|faint|p1a: Hatterene
|
|upkeep
|
|t:|1776077419
|switch|p1a: Gliscor|Gliscor, M|100/100 tox
|-damage|p1a: Gliscor|88/100 tox|[from] Stealth Rock
|turn|28
|
|t:|1776077422
|move|p2a: Iron Crown|Tachyon Cutter|p1a: Gliscor
|-damage|p1a: Gliscor|40/100 tox
|-damage|p1a: Gliscor|0 fnt
|faint|p1a: Gliscor
|-hitcount|p1: Gliscor|2
|
|upkeep
|-message|Rehheeh forfeited.
|
|win|ir0nv4l14nt
|raw|Rehheeh's rating: 1393 &rarr; <strong>1371</strong><br />(-22 for losing)
|raw|ir0nv4l14nt's rating: 1356 &rarr; <strong>1378</strong><br />(+22 for winning)
|l|‽Rehheeh
|player|p1|
|l|☆ir0nv4l14nt
|player|p2|
