|html|<div class="broadcast-blue"><strong>[Gen 9] OU is currently suspecting Tera Blast! For information on how to participate check out the <a href="https://www.smogon.com/tools/suspects/view/200">suspect thread</a>.</strong></div>
|j|☆SeasonedToxapexual
|j|☆owdof
|t:|1776108425
|gametype|singles
|player|p1|SeasonedToxapexual|clerk-boss|1241
|player|p2|owdof|kris-gen2|1203
|gen|9
|tier|[Gen 9] OU
|rated|
|rule|HP Percentage Mod: HP is shown in percentages
|rule|Endless Battle Clause: Forcing endless battles is banned
|rule|Species Clause: Limit one of each Pokémon
|rule|OHKO Clause: OHKO moves are banned
|rule|Evasion Items Clause: Evasion items are banned
|rule|Evasion Moves Clause: Evasion moves are banned
|rule|Evasion Abilities Clause: Evasion abilities are banned
|rule|Sleep Moves Clause: Sleep-inducing moves are banned
|clearpoke
|poke|p1|Rillaboom, F|
|poke|p1|Serperior, F|
|poke|p1|Heatran, F|
|poke|p1|Gholdengo|
|poke|p1|Zamazenta-*|
|poke|p1|Great Tusk|
|poke|p2|Iron Valiant|
|poke|p2|Darkrai|
|poke|p2|Gengar, F|
|poke|p2|Zarude|
|poke|p2|Noivern, M|
|poke|p2|Necrozma|
|teampreview
|inactive|Battle timer is ON: inactive players will automatically lose when time's up. (requested by owdof)
|inactive|SeasonedToxapexual also wants the timer to be on.
|
|t:|1776108445
|teamsize|p1|6
|teamsize|p2|6
|start
|switch|p1a: Heatran|Heatran, F|100/100
|switch|p2a: Noivern|Noivern, M|100/100
|-item|p1a: Heatran|Air Balloon|[from] ability: Frisk|[of] p2a: Noivern
|-item|p1a: Heatran|Air Balloon
|turn|1
|
|t:|1776108448
|move|p2a: Noivern|Boomburst|p1a: Heatran
|-resisted|p1a: Heatran
|-damage|p1a: Heatran|89/100
|-enditem|p1a: Heatran|Air Balloon
|move|p1a: Heatran|Stealth Rock|p2a: Noivern
|-sidestart|p2: owdof|move: Stealth Rock
|
|upkeep
|turn|2
|
|t:|1776108452
|move|p2a: Noivern|Defog|p1a: Heatran
|-unboost|p1a: Heatran|evasion|1
|-sideend|p2: owdof|Stealth Rock|[from] move: Defog|[of] p2a: Noivern
|move|p1a: Heatran|Heavy Slam|p2a: Noivern
|-damage|p2a: Noivern|54/100
|
|upkeep
|turn|3
|j| nautillect
|
|t:|1776108459
|switch|p2a: Necrozma|Necrozma|100/100
|move|p1a: Heatran|Taunt|p2a: Necrozma
|-start|p2a: Necrozma|move: Taunt
|
|upkeep
|turn|4
|
|t:|1776108463
|switch|p1a: Rillaboom|Rillaboom, F|100/100
|-fieldstart|move: Grassy Terrain|[from] ability: Grassy Surge|[of] p1a: Rillaboom
|move|p2a: Necrozma|Earthquake|p1a: Rillaboom
|-resisted|p1a: Rillaboom
|-damage|p1a: Rillaboom|93/100
|
|-heal|p1a: Rillaboom|99/100|[from] Grassy Terrain
|upkeep
|turn|5
|
|t:|1776108470
|move|p2a: Necrozma|Photon Geyser|p1a: Rillaboom
|-damage|p1a: Rillaboom|40/100
|move|p1a: Rillaboom|Knock Off|p2a: Necrozma
|-supereffective|p2a: Necrozma
|-damage|p2a: Necrozma|30/100
|-enditem|p2a: Necrozma|Weakness Policy
|-boost|p2a: Necrozma|atk|2|[from] item: Weakness Policy
|-boost|p2a: Necrozma|spa|2|[from] item: Weakness Policy
|-damage|p1a: Rillaboom|31/100|[from] item: Life Orb
|
|-heal|p2a: Necrozma|36/100|[from] Grassy Terrain
|-heal|p1a: Rillaboom|37/100|[from] Grassy Terrain
|-end|p2a: Necrozma|move: Taunt
|upkeep
|turn|6
|
|t:|1776108479
|move|p1a: Rillaboom|Grassy Glide|p2a: Necrozma
|-damage|p2a: Necrozma|0 fnt
|faint|p2a: Necrozma
|-damage|p1a: Rillaboom|27/100|[from] item: Life Orb
|
|-heal|p1a: Rillaboom|33/100|[from] Grassy Terrain
|upkeep
|
|t:|1776108492
|switch|p2a: Zarude|Zarude|100/100
|turn|7
|
|t:|1776108497
|switch|p1a: Heatran|Heatran, F|89/100
|move|p2a: Zarude|Bulk Up|p2a: Zarude
|-boost|p2a: Zarude|atk|1
|-boost|p2a: Zarude|def|1
|
|-heal|p1a: Heatran|95/100|[from] Grassy Terrain
|upkeep
|turn|8
|
|t:|1776108501
|move|p2a: Zarude|Throat Chop|p1a: Heatran
|-damage|p1a: Heatran|51/100
|-start|p1a: Heatran|Throat Chop|[silent]
|move|p1a: Heatran|Magma Storm|p2a: Zarude
|-supereffective|p2a: Zarude
|-damage|p2a: Zarude|25/100
|-activate|p2a: Zarude|move: Magma Storm|[of] p1a: Heatran
|
|-heal|p2a: Zarude|31/100|[from] Grassy Terrain
|-heal|p1a: Heatran|57/100|[from] Grassy Terrain
|-damage|p2a: Zarude|18/100|[from] move: Magma Storm|[partiallytrapped]
|-fieldend|move: Grassy Terrain
|upkeep
|turn|9
|
|t:|1776108505
|move|p2a: Zarude|Throat Chop|p1a: Heatran
|-damage|p1a: Heatran|11/100
|move|p1a: Heatran|Taunt|p2a: Zarude
|-start|p2a: Zarude|move: Taunt
|
|-damage|p2a: Zarude|6/100|[from] move: Magma Storm|[partiallytrapped]
|-end|p1a: Heatran|Throat Chop|[silent]
|upkeep
|turn|10
|
|t:|1776108510
|switch|p1a: Zamazenta|Zamazenta|100/100
|-ability|p1a: Zamazenta|Dauntless Shield|boost
|-boost|p1a: Zamazenta|def|1
|move|p2a: Zarude|Throat Chop|p1a: Zamazenta
|-resisted|p1a: Zamazenta
|-damage|p1a: Zamazenta|85/100
|-start|p1a: Zamazenta|Throat Chop|[silent]
|
|-end|p2a: Zarude|Magma Storm|[partiallytrapped]|[silent]
|upkeep
|turn|11
|
|t:|1776108517
|switch|p2a: Gengar|Gengar, F|100/100
|move|p1a: Zamazenta|Crunch|p2a: Gengar
|-supereffective|p2a: Gengar
|-damage|p2a: Gengar|0 fnt
|faint|p2a: Gengar
|-damage|p1a: Zamazenta|76/100|[from] item: Life Orb
|
|-end|p1a: Zamazenta|Throat Chop|[silent]
|upkeep
|
|t:|1776108525
|switch|p2a: Noivern|Noivern, M|54/100
|-item|p1a: Zamazenta|Life Orb|[from] ability: Frisk|[of] p2a: Noivern
|turn|12
|
|t:|1776108528
|move|p2a: Noivern|Tailwind|p2a: Noivern
|-sidestart|p2: owdof|move: Tailwind
|move|p1a: Zamazenta|Ice Fang|p2a: Noivern
|-supereffective|p2a: Noivern
|-damage|p2a: Noivern|0 fnt
|faint|p2a: Noivern
|-damage|p1a: Zamazenta|66/100|[from] item: Life Orb
|
|upkeep
|
|t:|1776108536
|switch|p2a: Iron Valiant|Iron Valiant|100/100
|-enditem|p2a: Iron Valiant|Booster Energy
|-activate|p2a: Iron Valiant|ability: Quark Drive|[fromitem]
|-start|p2a: Iron Valiant|quarkdrivespe
|turn|13
|
|t:|1776108541
|switch|p1a: Heatran|Heatran, F|11/100
|move|p2a: Iron Valiant|Calm Mind|p2a: Iron Valiant
|-boost|p2a: Iron Valiant|spa|1
|-boost|p2a: Iron Valiant|spd|1
|
|upkeep
|turn|14
|
|t:|1776108545
|move|p2a: Iron Valiant|Moonblast|p1a: Heatran
|-resisted|p1a: Heatran
|-damage|p1a: Heatran|1/100
|move|p1a: Heatran|Heavy Slam|p2a: Iron Valiant
|-supereffective|p2a: Iron Valiant
|-damage|p2a: Iron Valiant|10/100
|
|upkeep
|turn|15
|
|t:|1776108548
|move|p2a: Iron Valiant|Moonblast|p1a: Heatran
|-resisted|p1a: Heatran
|-damage|p1a: Heatran|0 fnt
|faint|p1a: Heatran
|
|-sideend|p2: owdof|move: Tailwind
|upkeep
|
|t:|1776108550
|switch|p1a: Rillaboom|Rillaboom, F|33/100
|-fieldstart|move: Grassy Terrain|[from] ability: Grassy Surge|[of] p1a: Rillaboom
|turn|16
|
|t:|1776108552
|move|p1a: Rillaboom|Grassy Glide|p2a: Iron Valiant
|-damage|p2a: Iron Valiant|0 fnt
|faint|p2a: Iron Valiant
|-end|p2a: Iron Valiant|Quark Drive|[silent]
|-damage|p1a: Rillaboom|23/100|[from] item: Life Orb
|
|-heal|p1a: Rillaboom|29/100|[from] Grassy Terrain
|upkeep
|
|t:|1776108555
|switch|p2a: Darkrai|Darkrai|100/100
|turn|17
|
|t:|1776108558
|move|p1a: Rillaboom|Grassy Glide|p2a: Darkrai
|-damage|p2a: Darkrai|28/100
|-damage|p1a: Rillaboom|20/100|[from] item: Life Orb
|move|p2a: Darkrai|Nasty Plot|p2a: Darkrai
|-boost|p2a: Darkrai|spa|2
|
|-heal|p2a: Darkrai|34/100|[from] Grassy Terrain
|-heal|p1a: Rillaboom|26/100|[from] Grassy Terrain
|upkeep
|turn|18
|-message|owdof forfeited.
|
|win|SeasonedToxapexual
|raw|SeasonedToxapexual's rating: 1241 &rarr; <strong>1263</strong><br />(+22 for winning)
|raw|owdof's rating: 1203 &rarr; <strong>1181</strong><br />(-22 for losing)
|l|☆owdof
|player|p2|
|c|☆SeasonedToxapexual|gg
