|html|<div class="broadcast-blue"><strong>[Gen 9] OU is currently suspecting Volcarona! For information on how to participate check out the <a href="https://www.smogon.com/tools/suspects/view/208">suspect thread</a>.</strong></div>
|j|☆f99rsaka
|j|☆MassholeFlatlander
|t:|1778498425
|gametype|singles
|player|p1|f99rsaka|2|1167
|player|p2|MassholeFlatlander|n|1124
|gen|9
|tier|[Gen 9] OU
|rated|
|rule|HP Percentage Mod: HP is shown in percentages
|rule|Endless Battle Clause: Forcing endless battles is banned
|rule|Species Clause: Limit one of each Pokémon
|rule|OHKO Clause: OHKO moves are banned
|rule|Evasion Items Clause: Evasion items are banned
|rule|Evasion Moves Clause: Evasion moves are banned
|rule|Evasion Abilities Clause: Evasion abilities are banned
|rule|Sleep Moves Clause: Sleep-inducing moves are banned
|clearpoke
|poke|p1|Indeedee, M|
|poke|p1|Armarouge, M|
|poke|p1|Hatterene, F|
|poke|p1|Polteageist|
|poke|p1|Hawlucha, F|
|poke|p1|Maushold|
|poke|p2|Avalugg, M|
|poke|p2|Basculegion-F, F|
|poke|p2|Wo-Chien|
|poke|p2|Minior-Blue|
|poke|p2|Poliwrath, M|
|poke|p2|Flamigo, M|
|teampreview
|inactive|Battle timer is ON: inactive players will automatically lose when time's up. (requested by MassholeFlatlander)
|
|t:|1778498441
|teamsize|p1|6
|teamsize|p2|6
|start
|switch|p1a: Maushold|Maushold|100/100
|switch|p2a: Yellow Snow|Avalugg, M, shiny|100/100
|turn|1
|
|t:|1778498459
|switch|p2a: Basculegion|Basculegion-F, F|100/100
|move|p1a: Maushold|Population Bomb|p2a: Basculegion
|-immune|p2a: Basculegion
|
|upkeep
|turn|2
|
|t:|1778498478
|switch|p1a: Indeedee|Indeedee, M|100/100
|-fieldstart|move: Psychic Terrain|[from] ability: Psychic Surge|[of] p1a: Indeedee
|move|p2a: Basculegion|Surf|p1a: Indeedee
|-damage|p1a: Indeedee|42/100
|
|upkeep
|turn|3
|
|t:|1778498492
|move|p1a: Indeedee|Encore|p2a: Basculegion
|-start|p2a: Basculegion|Encore
|move|p2a: Basculegion|Surf|p1a: Indeedee
|-damage|p1a: Indeedee|0 fnt
|faint|p1a: Indeedee
|
|upkeep
|
|t:|1778498500
|switch|p1a: Polteageist|Polteageist|100/100
|turn|4
|
|t:|1778498507
|move|p1a: Polteageist|Shell Smash|p1a: Polteageist
|-unboost|p1a: Polteageist|def|1
|-unboost|p1a: Polteageist|spd|1
|-boost|p1a: Polteageist|atk|2
|-boost|p1a: Polteageist|spa|2
|-boost|p1a: Polteageist|spe|2
|move|p2a: Basculegion|Surf|p1a: Polteageist
|-damage|p1a: Polteageist|7/100
|
|upkeep
|turn|5
|
|t:|1778498516
|move|p1a: Polteageist|Shadow Ball|p2a: Basculegion
|-supereffective|p2a: Basculegion
|-damage|p2a: Basculegion|0 fnt
|faint|p2a: Basculegion
|
|upkeep
|
|t:|1778498522
|switch|p2a: Wo-Chien|Wo-Chien|100/100
|-ability|p2a: Wo-Chien|Tablets of Ruin
|turn|6
|
|t:|1778498537
|switch|p1a: Hatterene|Hatterene, F|100/100
|move|p2a: Wo-Chien|Leech Seed|p1a: Hatterene
|move|p1a: Hatterene|Leech Seed|p2a: Wo-Chien|[from] ability: Magic Bounce
|-immune|p2a: Wo-Chien
|
|upkeep
|turn|7
|
|t:|1778498563
|switch|p2a: Minior|Minior-Blue, shiny|100/100
|-formechange|p2a: Minior|Minior-Meteor||[from] ability: Shields Down
|move|p1a: Hatterene|Mystical Fire|p2a: Minior
|-resisted|p2a: Minior
|-damage|p2a: Minior|85/100
|-unboost|p2a: Minior|spa|1
|
|upkeep
|turn|8
|
|t:|1778498573
|move|p2a: Minior|U-turn|p1a: Hatterene
|-damage|p1a: Hatterene|93/100
|-enditem|p1a: Hatterene|Eject Button
|
|t:|1778498581
|switch|p1a: Maushold|Maushold|100/100
|
|upkeep
|turn|9
|
|t:|1778498591
|move|p1a: Maushold|Tidy Up|p1a: Maushold
|-boost|p1a: Maushold|atk|1
|-boost|p1a: Maushold|spe|1
|move|p2a: Minior|U-turn|p1a: Maushold
|-damage|p1a: Maushold|84/100
|
|t:|1778498598
|switch|p2a: Yellow Snow|Avalugg, M, shiny|100/100|[from] U-turn
|
|-fieldend|move: Psychic Terrain
|upkeep
|turn|10
|
|t:|1778498605
|move|p1a: Maushold|Population Bomb|p2a: Yellow Snow
|-damage|p2a: Yellow Snow|94/100
|-damage|p2a: Yellow Snow|87/100
|-damage|p2a: Yellow Snow|80/100
|-hitcount|p2a: Yellow Snow|3
|move|p2a: Yellow Snow|Iron Defense|p2a: Yellow Snow
|-boost|p2a: Yellow Snow|def|2
|
|-heal|p2a: Yellow Snow|87/100|[from] item: Leftovers
|upkeep
|turn|11
|
|t:|1778498619
|switch|p1a: Hatterene|Hatterene, F|93/100
|move|p2a: Yellow Snow|Body Press|p1a: Hatterene
|-resisted|p1a: Hatterene
|-damage|p1a: Hatterene|77/100
|
|-heal|p2a: Yellow Snow|93/100|[from] item: Leftovers
|upkeep
|turn|12
|
|t:|1778498633
|switch|p2a: Flamigo|Flamigo, M|100/100
|move|p1a: Hatterene|Mystical Fire|p2a: Flamigo
|-damage|p2a: Flamigo|64/100
|-unboost|p2a: Flamigo|spa|1
|
|upkeep
|turn|13
|
|t:|1778498644
|move|p2a: Flamigo|Brave Bird|p1a: Hatterene
|-damage|p1a: Hatterene|28/100
|-damage|p2a: Flamigo|47/100|[from] Recoil
|move|p1a: Hatterene|Nuzzle|p2a: Flamigo
|-supereffective|p2a: Flamigo
|-damage|p2a: Flamigo|35/100
|-status|p2a: Flamigo|par
|
|upkeep
|turn|14
|
|t:|1778498653
|cant|p2a: Flamigo|par
|move|p1a: Hatterene|Healing Wish|p1a: Hatterene
|faint|p1a: Hatterene
|
|upkeep
|
|t:|1778498659
|switch|p1a: Polteageist|Polteageist|7/100
|-heal|p1a: Polteageist|100/100|[from] move: Healing Wish
|turn|15
|
|t:|1778498668
|move|p1a: Polteageist|Shell Smash|p1a: Polteageist
|-unboost|p1a: Polteageist|def|1
|-unboost|p1a: Polteageist|spd|1
|-boost|p1a: Polteageist|atk|2
|-boost|p1a: Polteageist|spa|2
|-boost|p1a: Polteageist|spe|2
|move|p2a: Flamigo|Brave Bird|p1a: Polteageist
|-enditem|p1a: Polteageist|Focus Sash
|-damage|p1a: Polteageist|1/100
|-ability|p1a: Polteageist|Weak Armor|boost
|-unboost|p1a: Polteageist|def|1
|-boost|p1a: Polteageist|spe|2
|-damage|p2a: Flamigo|7/100 par|[from] Recoil
|
|upkeep
|turn|16
|
|t:|1778498682
|move|p1a: Polteageist|Stored Power|p2a: Flamigo
|-supereffective|p2a: Flamigo
|-damage|p2a: Flamigo|0 fnt
|faint|p2a: Flamigo
|
|upkeep
|
|t:|1778498688
|switch|p2a: Wo-Chien|Wo-Chien|100/100
|-ability|p2a: Wo-Chien|Tablets of Ruin
|turn|17
|
|t:|1778498695
|move|p1a: Polteageist|Shadow Ball|p2a: Wo-Chien
|-resisted|p2a: Wo-Chien
|-damage|p2a: Wo-Chien|73/100
|-unboost|p2a: Wo-Chien|spd|1
|move|p2a: Wo-Chien|Leech Seed|p1a: Polteageist
|-start|p1a: Polteageist|move: Leech Seed
|
|-heal|p2a: Wo-Chien|80/100|[from] item: Leftovers
|-damage|p1a: Polteageist|0 fnt|[from] Leech Seed|[of] p2a: Wo-Chien
|-heal|p2a: Wo-Chien|80/100|[silent]
|faint|p1a: Polteageist
|upkeep
|
|t:|1778498713
|switch|p1a: Armarouge|Armarouge, M|100/100
|turn|18
|
|t:|1778498726
|move|p1a: Armarouge|Aura Sphere|p2a: Wo-Chien
|-supereffective|p2a: Wo-Chien
|-damage|p2a: Wo-Chien|34/100
|move|p2a: Wo-Chien|Leech Seed|p1a: Armarouge
|-start|p1a: Armarouge|move: Leech Seed
|
|-heal|p2a: Wo-Chien|40/100|[from] item: Leftovers
|-damage|p1a: Armarouge|88/100|[from] Leech Seed|[of] p2a: Wo-Chien
|-heal|p2a: Wo-Chien|50/100|[silent]
|upkeep
|turn|19
|
|t:|1778498736
|move|p2a: Wo-Chien|Protect|p2a: Wo-Chien
|-singleturn|p2a: Wo-Chien|Protect
|move|p1a: Armarouge|Aura Sphere|p2a: Wo-Chien
|-activate|p2a: Wo-Chien|move: Protect
|
|-heal|p2a: Wo-Chien|56/100|[from] item: Leftovers
|-damage|p1a: Armarouge|76/100|[from] Leech Seed|[of] p2a: Wo-Chien
|-heal|p2a: Wo-Chien|67/100|[silent]
|upkeep
|turn|20
|
|t:|1778498750
|switch|p2a: Poliwrath|Poliwrath, M|100/100
|move|p1a: Armarouge|Aura Sphere|p2a: Poliwrath
|-damage|p2a: Poliwrath|73/100
|
|-damage|p1a: Armarouge|64/100|[from] Leech Seed|[of] p2a: Poliwrath
|-heal|p2a: Poliwrath|83/100|[silent]
|upkeep
|turn|21
|
|t:|1778498761
|switch|p1a: Hawlucha|Hawlucha, F|100/100
|move|p2a: Poliwrath|Bulk Up|p2a: Poliwrath
|-boost|p2a: Poliwrath|atk|1
|-boost|p2a: Poliwrath|def|1
|
|upkeep
|turn|22
|
|t:|1778498780
|move|p1a: Hawlucha|Encore|p2a: Poliwrath
|-start|p2a: Poliwrath|Encore
|move|p2a: Poliwrath|Bulk Up|p2a: Poliwrath
|-boost|p2a: Poliwrath|atk|1
|-boost|p2a: Poliwrath|def|1
|
|upkeep
|turn|23
|
|t:|1778498790
|switch|p2a: Minior|Minior-Blue, shiny|85/100
|-formechange|p2a: Minior|Minior-Meteor||[from] ability: Shields Down
|move|p1a: Hawlucha|Swords Dance|p1a: Hawlucha
|-boost|p1a: Hawlucha|atk|2
|
|upkeep
|turn|24
|
|t:|1778498799
|move|p1a: Hawlucha|Close Combat|p2a: Minior
|-damage|p2a: Minior|0 fnt
|-unboost|p1a: Hawlucha|def|1
|-unboost|p1a: Hawlucha|spd|1
|faint|p2a: Minior
|
|upkeep
|
|t:|1778498809
|switch|p2a: Yellow Snow|Avalugg, M, shiny|93/100
|turn|25
|
|t:|1778498816
|-terastallize|p2a: Yellow Snow|Ghost
|move|p1a: Hawlucha|Encore||[still]
|-fail|p1a: Hawlucha
|move|p2a: Yellow Snow|Iron Defense|p2a: Yellow Snow
|-boost|p2a: Yellow Snow|def|2
|
|-heal|p2a: Yellow Snow|99/100|[from] item: Leftovers
|upkeep
|turn|26
|
|t:|1778498826
|switch|p1a: Armarouge|Armarouge, M|64/100
|move|p2a: Yellow Snow|Iron Defense|p2a: Yellow Snow
|-boost|p2a: Yellow Snow|def|2
|
|-heal|p2a: Yellow Snow|100/100|[from] item: Leftovers
|upkeep
|turn|27
|
|t:|1778498843
|move|p1a: Armarouge|Armor Cannon|p2a: Yellow Snow
|-ability|p2a: Yellow Snow|Sturdy
|-damage|p2a: Yellow Snow|1/100
|-unboost|p1a: Armarouge|def|1
|-unboost|p1a: Armarouge|spd|1
|move|p2a: Yellow Snow|Body Press|p1a: Armarouge
|-resisted|p1a: Armarouge
|-damage|p1a: Armarouge|0 fnt
|faint|p1a: Armarouge
|
|-heal|p2a: Yellow Snow|7/100|[from] item: Leftovers
|upkeep
|
|t:|1778498857
|switch|p1a: Maushold|Maushold|84/100
|turn|28
|
|t:|1778498862
|move|p1a: Maushold|Bite|p2a: Yellow Snow
|-supereffective|p2a: Yellow Snow
|-damage|p2a: Yellow Snow|1/100
|cant|p2a: Yellow Snow|flinch
|
|-heal|p2a: Yellow Snow|7/100|[from] item: Leftovers
|upkeep
|turn|29
|
|t:|1778498873
|move|p1a: Maushold|Tidy Up|p1a: Maushold
|-boost|p1a: Maushold|atk|1
|-boost|p1a: Maushold|spe|1
|move|p2a: Yellow Snow|Recover|p2a: Yellow Snow
|-heal|p2a: Yellow Snow|57/100
|
|-heal|p2a: Yellow Snow|63/100|[from] item: Leftovers
|upkeep
|turn|30
|
|t:|1778498883
|move|p1a: Maushold|Encore|p2a: Yellow Snow
|-start|p2a: Yellow Snow|Encore
|move|p2a: Yellow Snow|Recover|p2a: Yellow Snow
|-heal|p2a: Yellow Snow|100/100
|
|upkeep
|turn|31
|
|t:|1778498889
|switch|p1a: Hawlucha|Hawlucha, F|100/100
|move|p2a: Yellow Snow|Recover||[still]
|-fail|p2a: Yellow Snow|heal
|
|upkeep
|turn|32
|
|t:|1778498895
|move|p1a: Hawlucha|Swords Dance|p1a: Hawlucha
|-boost|p1a: Hawlucha|atk|2
|move|p2a: Yellow Snow|Recover||[still]
|-fail|p2a: Yellow Snow|heal
|
|-end|p2a: Yellow Snow|Encore
|upkeep
|turn|33
|
|t:|1778498903
|move|p1a: Hawlucha|Swords Dance|p1a: Hawlucha
|-boost|p1a: Hawlucha|atk|2
|move|p2a: Yellow Snow|Body Press|p1a: Hawlucha
|-resisted|p1a: Hawlucha
|-damage|p1a: Hawlucha|20/100
|
|upkeep
|turn|34
|
|t:|1778498913
|move|p1a: Hawlucha|Acrobatics|p2a: Yellow Snow
|-damage|p2a: Yellow Snow|91/100
|move|p2a: Yellow Snow|Body Press|p1a: Hawlucha
|-resisted|p1a: Hawlucha
|-damage|p1a: Hawlucha|0 fnt
|faint|p1a: Hawlucha
|
|-heal|p2a: Yellow Snow|97/100|[from] item: Leftovers
|upkeep
|
|t:|1778498923
|switch|p1a: Maushold|Maushold|84/100
|turn|35
|
|t:|1778498927
|move|p1a: Maushold|Bite|p2a: Yellow Snow
|-supereffective|p2a: Yellow Snow
|-damage|p2a: Yellow Snow|90/100
|move|p2a: Yellow Snow|Body Press|p1a: Maushold
|-supereffective|p1a: Maushold
|-damage|p1a: Maushold|0 fnt
|faint|p1a: Maushold
|
|win|MassholeFlatlander
|raw|f99rsaka's rating: 1167 &rarr; <strong>1139</strong><br />(-28 for losing)
|raw|MassholeFlatlander's rating: 1124 &rarr; <strong>1152</strong><br />(+28 for winning)
|l|☆MassholeFlatlander
|player|p2|
|l|☆f99rsaka
|player|p1|
