|html|<div class="broadcast-blue"><strong>[Gen 9] OU is currently suspecting Tera Blast! For information on how to participate check out the <a href="https://www.smogon.com/tools/suspects/view/200">suspect thread</a>.</strong></div>
|j|☆hi have fun
|j|☆kilowatrel
|t:|1776168870
|gametype|singles
|player|p1|hi have fun|n-masters|1409
|player|p2|kilowatrel|leon|1393
|gen|9
|tier|[Gen 9] OU
|rated|
|rule|HP Percentage Mod: HP is shown in percentages
|rule|Endless Battle Clause: Forcing endless battles is banned
|rule|Species Clause: Limit one of each Pokémon
|rule|OHKO Clause: OHKO moves are banned
|rule|Evasion Items Clause: Evasion items are banned
|rule|Evasion Moves Clause: Evasion moves are banned
|rule|Evasion Abilities Clause: Evasion abilities are banned
|rule|Sleep Moves Clause: Sleep-inducing moves are banned
|clearpoke
|poke|p1|Samurott-Hisui, F|
|poke|p1|Latios, M|
|poke|p1|Iron Valiant|
|poke|p1|Slowking-Galar, F|
|poke|p1|Scizor, M|
|poke|p1|Landorus-Therian, M|
|poke|p2|Samurott-Hisui, F|
|poke|p2|Kommo-o, F|
|poke|p2|Slowking-Galar, M|
|poke|p2|Corviknight, M|
|poke|p2|Landorus-Therian, M|
|poke|p2|Meowscarada, F|
|teampreview
|inactive|Battle timer is ON: inactive players will automatically lose when time's up. (requested by kilowatrel)
|inactive|hi have fun also wants the timer to be on.
|
|t:|1776168888
|teamsize|p1|6
|teamsize|p2|6
|start
|switch|p1a: Scizor|Scizor, M|100/100
|switch|p2a: delta|Meowscarada, F|100/100
|turn|1
|
|t:|1776168907
|switch|p2a: Corviknight|Corviknight, M|100/100
|-ability|p2a: Corviknight|Pressure
|move|p1a: Scizor|U-turn|p2a: Corviknight
|-resisted|p2a: Corviknight
|-damage|p2a: Corviknight|91/100
|-damage|p1a: Scizor|84/100|[from] item: Rocky Helmet|[of] p2a: Corviknight
|
|t:|1776168917
|switch|p1a: Latios|Latios, M|100/100|[from] U-turn
|
|upkeep
|turn|2
|
|t:|1776168925
|switch|p2a: Slowking|Slowking-Galar, M|100/100
|move|p1a: Latios|Aura Sphere|p2a: Slowking
|-resisted|p2a: Slowking
|-damage|p2a: Slowking|95/100
|
|upkeep
|turn|3
|
|t:|1776168930
|switch|p1a: Samurott|Samurott-Hisui, F|100/100
|-prepare|p2a: Slowking|Chilly Reception|[premajor]
|move|p2a: Slowking|Chilly Reception|p2a: Slowking
|-weather|Snowscape
|
|t:|1776168933
|switch|p2a: delta|Meowscarada, F|100/100|[from] Chilly Reception
|
|-weather|Snowscape|[upkeep]
|upkeep
|turn|4
|
|t:|1776168946
|switch|p1a: Landorus|Landorus-Therian, M|100/100
|-ability|p1a: Landorus|Intimidate|boost
|-unboost|p2a: delta|atk|1
|move|p2a: delta|U-turn|p1a: Landorus
|-start|p2a: delta|typechange|Bug|[from] ability: Protean
|-resisted|p1a: Landorus
|-damage|p1a: Landorus|89/100
|-damage|p2a: delta|84/100|[from] item: Rocky Helmet|[of] p1a: Landorus
|
|t:|1776168952
|switch|p2a: Corviknight|Corviknight, M|91/100|[from] U-turn
|-ability|p2a: Corviknight|Pressure
|
|-weather|Snowscape|[upkeep]
|upkeep
|turn|5
|
|t:|1776168957
|move|p1a: Landorus|Stealth Rock|p2a: Corviknight
|-sidestart|p2: kilowatrel|move: Stealth Rock
|move|p2a: Corviknight|U-turn|p1a: Landorus
|-resisted|p1a: Landorus
|-damage|p1a: Landorus|82/100
|-damage|p2a: Corviknight|74/100|[from] item: Rocky Helmet|[of] p1a: Landorus
|
|t:|1776168964
|switch|p2a: shadow|Samurott-Hisui, F|100/100|[from] U-turn
|-damage|p2a: shadow|88/100|[from] Stealth Rock
|
|-weather|Snowscape|[upkeep]
|upkeep
|turn|6
|
|t:|1776168972
|move|p1a: Landorus|U-turn|p2a: shadow
|-supereffective|p2a: shadow
|-damage|p2a: shadow|38/100
|
|t:|1776168976
|switch|p1a: Samurott|Samurott-Hisui, F|100/100|[from] U-turn
|move|p2a: shadow|Razor Shell|p1a: Samurott
|-resisted|p1a: Samurott
|-damage|p1a: Samurott|68/100
|
|-weather|Snowscape|[upkeep]
|upkeep
|turn|7
|
|t:|1776168981
|switch|p2a: Corviknight|Corviknight, M|74/100
|-damage|p2a: Corviknight|62/100|[from] Stealth Rock
|-ability|p2a: Corviknight|Pressure
|move|p1a: Samurott|Encore||[still]
|-fail|p1a: Samurott
|
|-weather|none
|upkeep
|turn|8
|
|t:|1776168987
|move|p1a: Samurott|Knock Off|p2a: Corviknight
|-damage|p2a: Corviknight|38/100
|-damage|p1a: Samurott|52/100|[from] item: Rocky Helmet|[of] p2a: Corviknight
|-enditem|p2a: Corviknight|Rocky Helmet|[from] move: Knock Off|[of] p1a: Samurott
|move|p2a: Corviknight|Defog|p1a: Samurott
|-unboost|p1a: Samurott|evasion|1
|-sideend|p2: kilowatrel|Stealth Rock|[from] move: Defog|[of] p2a: Corviknight
|
|upkeep
|turn|9
|
|t:|1776168993
|switch|p2a: Landorus|Landorus-Therian, M|100/100
|-ability|p2a: Landorus|Intimidate|boost
|-unboost|p1a: Samurott|atk|1
|move|p1a: Samurott|Aqua Cutter|p2a: Landorus
|-supereffective|p2a: Landorus
|-damage|p2a: Landorus|25/100
|
|upkeep
|turn|10
|
|t:|1776168999
|switch|p1a: Landorus|Landorus-Therian, M|82/100
|-ability|p1a: Landorus|Intimidate|boost
|-unboost|p2a: Landorus|atk|1
|move|p2a: Landorus|U-turn|p1a: Landorus
|-resisted|p1a: Landorus
|-damage|p1a: Landorus|73/100
|-damage|p2a: Landorus|9/100|[from] item: Rocky Helmet|[of] p1a: Landorus
|
|t:|1776169002
|switch|p2a: delta|Meowscarada, F|84/100|[from] U-turn
|
|upkeep
|turn|11
|
|t:|1776169012
|move|p2a: delta|Triple Axel|p1a: Landorus
|-start|p2a: delta|typechange|Ice|[from] ability: Protean
|-supereffective|p1a: Landorus
|-damage|p1a: Landorus|38/100
|-damage|p2a: delta|68/100|[from] item: Rocky Helmet|[of] p1a: Landorus
|-supereffective|p1a: Landorus
|-damage|p1a: Landorus|0 fnt
|-damage|p2a: delta|51/100|[from] item: Rocky Helmet|[of] p1a: Landorus
|faint|p1a: Landorus
|-hitcount|p1: Landorus|2
|
|upkeep
|
|t:|1776169021
|switch|p1a: Scizor|Scizor, M|84/100
|turn|12
|
|t:|1776169028
|switch|p2a: Corviknight|Corviknight, M|38/100
|-ability|p2a: Corviknight|Pressure
|move|p1a: Scizor|Close Combat|p2a: Corviknight
|-damage|p2a: Corviknight|0 fnt
|-unboost|p1a: Scizor|def|1
|-unboost|p1a: Scizor|spd|1
|faint|p2a: Corviknight
|
|upkeep
|
|t:|1776169032
|switch|p2a: eagle 4|Kommo-o, F|100/100
|turn|13
|
|t:|1776169040
|switch|p1a: Slowking|Slowking-Galar, F|100/100
|move|p2a: eagle 4|Clangorous Soul|p2a: eagle 4
|-boost|p2a: eagle 4|atk|1
|-boost|p2a: eagle 4|def|1
|-boost|p2a: eagle 4|spa|1
|-boost|p2a: eagle 4|spd|1
|-boost|p2a: eagle 4|spe|1
|-damage|p2a: eagle 4|68/100
|-enditem|p2a: eagle 4|Throat Spray
|-boost|p2a: eagle 4|spa|1|[from] item: Throat Spray
|
|upkeep
|turn|14
|
|t:|1776169049
|move|p2a: eagle 4|Clangorous Soul|p2a: eagle 4
|-boost|p2a: eagle 4|atk|1
|-boost|p2a: eagle 4|def|1
|-boost|p2a: eagle 4|spa|1
|-boost|p2a: eagle 4|spd|1
|-boost|p2a: eagle 4|spe|1
|-damage|p2a: eagle 4|35/100
|move|p1a: Slowking|Future Sight|p2a: eagle 4
|-start|p1a: Slowking|move: Future Sight
|
|upkeep
|turn|15
|
|t:|1776169067
|-terastallize|p2a: eagle 4|Normal
|move|p2a: eagle 4|Boomburst|p1a: Slowking
|-damage|p1a: Slowking|16/100
|move|p1a: Slowking|Slack Off|p1a: Slowking
|-heal|p1a: Slowking|66/100
|
|upkeep
|turn|16
|
|t:|1776169072
|switch|p1a: Samurott|Samurott-Hisui, F|52/100
|move|p2a: eagle 4|Drain Punch|p1a: Samurott
|-supereffective|p1a: Samurott
|-damage|p1a: Samurott|0 fnt
|-heal|p2a: eagle 4|69/100|[from] drain|[of] p1a: Samurott
|faint|p1a: Samurott
|
|-end|p2a: eagle 4|move: Future Sight
|-damage|p2a: eagle 4|42/100
|upkeep
|
|t:|1776169083
|switch|p1a: Scizor|Scizor, M|84/100
|turn|17
|
|t:|1776169090
|move|p1a: Scizor|Bullet Punch|p2a: eagle 4
|-damage|p2a: eagle 4|16/100
|move|p2a: eagle 4|Drain Punch|p1a: Scizor
|-damage|p1a: Scizor|8/100
|-heal|p2a: eagle 4|52/100|[from] drain|[of] p1a: Scizor
|
|upkeep
|turn|18
|
|t:|1776169096
|move|p1a: Scizor|Bullet Punch|p2a: eagle 4
|-damage|p2a: eagle 4|27/100
|move|p2a: eagle 4|Drain Punch|p1a: Scizor
|-damage|p1a: Scizor|0 fnt
|-heal|p2a: eagle 4|31/100|[from] drain|[of] p1a: Scizor
|faint|p1a: Scizor
|
|upkeep
|
|t:|1776169106
|switch|p1a: Iron Valiant|Iron Valiant|100/100
|-enditem|p1a: Iron Valiant|Booster Energy
|-activate|p1a: Iron Valiant|ability: Quark Drive|[fromitem]
|-start|p1a: Iron Valiant|quarkdrivespe
|turn|19
|
|t:|1776169117
|move|p1a: Iron Valiant|Vacuum Wave|p2a: eagle 4
|-supereffective|p2a: eagle 4
|-damage|p2a: eagle 4|6/100
|move|p2a: eagle 4|Boomburst|p1a: Iron Valiant
|-damage|p1a: Iron Valiant|0 fnt
|faint|p1a: Iron Valiant
|-end|p1a: Iron Valiant|Quark Drive|[silent]
|
|upkeep
|
|t:|1776169120
|switch|p1a: Slowking|Slowking-Galar, F|99/100
|turn|20
|
|t:|1776169124
|move|p2a: eagle 4|Boomburst|p1a: Slowking
|-damage|p1a: Slowking|16/100
|move|p1a: Slowking|Sludge Bomb|p2a: eagle 4
|-damage|p2a: eagle 4|0 fnt
|faint|p2a: eagle 4
|
|upkeep
|
|t:|1776169129
|switch|p2a: shadow|Samurott-Hisui, F|38/100
|turn|21
|
|t:|1776169139
|move|p2a: shadow|Ceaseless Edge|p1a: Slowking
|-supereffective|p1a: Slowking
|-damage|p1a: Slowking|0 fnt
|-sidestart|p1: hi have fun|Spikes
|faint|p1a: Slowking
|
|upkeep
|
|t:|1776169140
|switch|p1a: Latios|Latios, M|100/100
|turn|22
|
|t:|1776169145
|move|p2a: shadow|Sucker Punch|p1a: Latios
|-supereffective|p1a: Latios
|-damage|p1a: Latios|0 fnt
|faint|p1a: Latios
|
|win|kilowatrel
|raw|hi have fun's rating: 1409 &rarr; <strong>1388</strong><br />(-21 for losing)
|raw|kilowatrel's rating: 1393 &rarr; <strong>1414</strong><br />(+21 for winning)
|l|☆hi have fun
|player|p1|
|l|☆kilowatrel
|player|p2|
|j|☆kilowatrel
|player|p2|kilowatrel|leon|
