|html|<div class="broadcast-blue"><strong>[Gen 9] OU is currently suspecting Tera Blast! For information on how to participate check out the <a href="https://www.smogon.com/tools/suspects/view/200">suspect thread</a>.</strong></div>
|j|☆maiasm67
|j|‽Hmmm8647
|t:|1776185945
|gametype|singles
|player|p1|maiasm67|whitney|1094
|player|p2|Hmmm8647|cyclist-gen4|1146
|gen|9
|tier|[Gen 9] OU
|rated|
|rule|HP Percentage Mod: HP is shown in percentages
|rule|Endless Battle Clause: Forcing endless battles is banned
|rule|Species Clause: Limit one of each Pokémon
|rule|OHKO Clause: OHKO moves are banned
|rule|Evasion Items Clause: Evasion items are banned
|rule|Evasion Moves Clause: Evasion moves are banned
|rule|Evasion Abilities Clause: Evasion abilities are banned
|rule|Sleep Moves Clause: Sleep-inducing moves are banned
|clearpoke
|poke|p1|Dragonite, F|
|poke|p1|Dondozo, M|
|poke|p1|Deoxys-Speed|
|poke|p1|Iron Crown|
|poke|p1|Ogerpon-Wellspring, F|
|poke|p1|Iron Treads|
|poke|p2|Okidogi, M|
|poke|p2|Cinderace, M|
|poke|p2|Corviknight, F|
|poke|p2|Tornadus-Therian, M|
|poke|p2|Great Tusk|
|poke|p2|Kyurem|
|teampreview
|inactive|Battle timer is ON: inactive players will automatically lose when time's up. (requested by Hmmm8647)
|j| esfihadetucunare
|inactive|Hmmm8647 has 120 seconds left.
|c|☆maiasm67|letsgo friend
|inactive|Hmmm8647 has 90 seconds left.
|
|t:|1776186018
|teamsize|p1|6
|teamsize|p2|6
|start
|switch|p1a: Deoxys|Deoxys-Speed|100/100
|switch|p2a: Kyurem|Kyurem|100/100
|-ability|p1a: Deoxys|Pressure
|-ability|p2a: Kyurem|Pressure
|turn|1
|l|‽Hmmm8647
|inactive|Hmmm8647 disconnected and has a minute to reconnect!
|player|p2|
|inactive|maiasm67 has 120 seconds left.
|inactive|Hmmm8647 has 30 seconds to reconnect!
|j|‽Hmmm8647
|inactive|Hmmm8647 reconnected and has 110 seconds left.
|player|p2|Hmmm8647|cyclist-gen4|
|n|‽Hmmm8647|hmmm8647
|
|t:|1776186065
|move|p1a: Deoxys|Stealth Rock|p2a: Kyurem
|-sidestart|p2: Hmmm8647|move: Stealth Rock
|move|p2a: Kyurem|Ice Beam|p1a: Deoxys
|-damage|p1a: Deoxys|16/100
|
|upkeep
|turn|2
|inactive|maiasm67 has 120 seconds left.
|
|t:|1776186080
|move|p1a: Deoxys|Taunt|p2a: Kyurem
|-start|p2a: Kyurem|move: Taunt
|move|p2a: Kyurem|Ice Beam|p1a: Deoxys
|-damage|p1a: Deoxys|0 fnt
|faint|p1a: Deoxys
|
|upkeep
|
|t:|1776186102
|switch|p1a: Iron Crown|Iron Crown|100/100
|-enditem|p1a: Iron Crown|Booster Energy
|-activate|p1a: Iron Crown|ability: Quark Drive|[fromitem]
|-start|p1a: Iron Crown|quarkdrivespa
|turn|3
|inactive|Hmmm8647 has 120 seconds left.
|
|t:|1776186109
|switch|p2a: Corviknight|Corviknight, F|100/100
|-damage|p2a: Corviknight|88/100|[from] Stealth Rock
|-ability|p2a: Corviknight|Pressure
|move|p1a: Iron Crown|Tachyon Cutter|p2a: Corviknight
|-resisted|p2a: Corviknight
|-damage|p2a: Corviknight|73/100
|-resisted|p2a: Corviknight
|-damage|p2a: Corviknight|59/100
|-hitcount|p2a: Corviknight|2
|
|upkeep
|turn|4
|
|t:|1776186134
|move|p1a: Iron Crown|Calm Mind|p1a: Iron Crown
|-boost|p1a: Iron Crown|spa|1
|-boost|p1a: Iron Crown|spd|1
|move|p2a: Corviknight|Defog|p1a: Iron Crown
|-unboost|p1a: Iron Crown|evasion|1
|-sideend|p2: Hmmm8647|Stealth Rock|[from] move: Defog|[of] p2a: Corviknight
|
|upkeep
|turn|5
|inactive|maiasm67 has 90 seconds left.
|
|t:|1776186154
|move|p1a: Iron Crown|Calm Mind|p1a: Iron Crown
|-boost|p1a: Iron Crown|spa|1
|-boost|p1a: Iron Crown|spd|1
|move|p2a: Corviknight|U-turn|p1a: Iron Crown
|-damage|p1a: Iron Crown|84/100
|
|t:|1776186157
|switch|p2a: Cinderace|Cinderace, M|100/100|[from] U-turn
|
|upkeep
|turn|6
|inactive|maiasm67 has 90 seconds left.
|
|t:|1776186178
|move|p2a: Cinderace|Pyro Ball|p1a: Iron Crown
|-supereffective|p1a: Iron Crown
|-damage|p1a: Iron Crown|0 fnt
|faint|p1a: Iron Crown
|-end|p1a: Iron Crown|Quark Drive|[silent]
|
|upkeep
|
|t:|1776186182
|switch|p1a: Ogerpon|Ogerpon-Wellspring, F|100/100
|turn|7
|inactive|maiasm67 has 90 seconds left.
|inactive|Hmmm8647 has 120 seconds left.
|
|t:|1776186218
|move|p2a: Cinderace|Pyro Ball|p1a: Ogerpon
|-damage|p1a: Ogerpon|0 fnt
|faint|p1a: Ogerpon
|
|upkeep
|inactive|maiasm67 has 90 seconds left.
|
|t:|1776186225
|switch|p1a: Dondozo|Dondozo, M|100/100
|turn|8
|inactive|Hmmm8647 has 120 seconds left.
|
|t:|1776186237
|switch|p2a: Kyurem|Kyurem|100/100
|-ability|p2a: Kyurem|Pressure
|move|p1a: Dondozo|Rest|p1a: Dondozo
|-fail|p1a: Dondozo|heal
|
|upkeep
|turn|9
|inactive|maiasm67 has 90 seconds left.
|
|t:|1776186255
|move|p2a: Kyurem|Freeze-Dry|p1a: Dondozo
|-supereffective|p1a: Dondozo
|-damage|p1a: Dondozo|0 fnt
|faint|p1a: Dondozo
|
|upkeep
|inactive|maiasm67 has 90 seconds left.
|
|t:|1776186262
|switch|p1a: Iron Treads|Iron Treads|100/100
|turn|10
|inactive|maiasm67 has 90 seconds left.
|
|t:|1776186278
|switch|p2a: Corviknight|Corviknight, F|59/100
|-ability|p2a: Corviknight|Pressure
|move|p1a: Iron Treads|Earthquake|p2a: Corviknight
|-immune|p2a: Corviknight
|
|upkeep
|turn|11
|inactive|maiasm67 has 90 seconds left.
|
|t:|1776186308
|move|p1a: Iron Treads|Knock Off|p2a: Corviknight
|-damage|p2a: Corviknight|38/100
|-damage|p1a: Iron Treads|84/100|[from] item: Rocky Helmet|[of] p2a: Corviknight
|-enditem|p2a: Corviknight|Rocky Helmet|[from] move: Knock Off|[of] p1a: Iron Treads
|move|p2a: Corviknight|U-turn|p1a: Iron Treads
|-resisted|p1a: Iron Treads
|-damage|p1a: Iron Treads|77/100
|
|t:|1776186317
|switch|p2a: Cinderace|Cinderace, M|100/100|[from] U-turn
|
|-heal|p1a: Iron Treads|83/100|[from] item: Leftovers
|upkeep
|turn|12
|
|t:|1776186324
|-terastallize|p1a: Iron Treads|Normal
|move|p2a: Cinderace|Low Kick|p1a: Iron Treads
|-start|p2a: Cinderace|typechange|Fighting|[from] ability: Libero
|-supereffective|p1a: Iron Treads
|-damage|p1a: Iron Treads|0 fnt
|faint|p1a: Iron Treads
|-end|p1a: Iron Treads|Quark Drive|[silent]
|
|upkeep
|
|t:|1776186331
|switch|p1a: Dragonite|Dragonite, F|100/100
|turn|13
|
|t:|1776186336
|move|p2a: Cinderace|Low Kick|p1a: Dragonite
|-resisted|p1a: Dragonite
|-damage|p1a: Dragonite|78/100
|move|p1a: Dragonite|Earthquake|p2a: Cinderace
|-damage|p2a: Cinderace|48/100
|
|upkeep
|turn|14
|-message|maiasm67 forfeited.
|
|win|Hmmm8647
|raw|maiasm67's rating: 1094 &rarr; <strong>1073</strong><br />(-21 for losing)
|raw|Hmmm8647's rating: 1146 &rarr; <strong>1167</strong><br />(+21 for winning)
|l| esfihadetucunare
|l|☆maiasm67
|player|p1|
