|html|<div class="broadcast-blue"><strong>[Gen 9] OU is currently suspecting Volcarona! For information on how to participate check out the <a href="https://www.smogon.com/tools/suspects/view/208">suspect thread</a>.</strong></div>
|j|☆Chaii-Latte
|j|☆vic len
|t:|1778502472
|gametype|singles
|player|p1|Chaii-Latte|bugsy|1076
|player|p2|vic len|101|1152
|gen|9
|tier|[Gen 9] OU
|rated|
|rule|HP Percentage Mod: HP is shown in percentages
|rule|Endless Battle Clause: Forcing endless battles is banned
|rule|Species Clause: Limit one of each Pokémon
|rule|OHKO Clause: OHKO moves are banned
|rule|Evasion Items Clause: Evasion items are banned
|rule|Evasion Moves Clause: Evasion moves are banned
|rule|Evasion Abilities Clause: Evasion abilities are banned
|rule|Sleep Moves Clause: Sleep-inducing moves are banned
|clearpoke
|poke|p1|Cinderace, F|
|poke|p1|Regieleki|
|poke|p1|Tornadus-Therian, M|
|poke|p1|Dragapult, M|
|poke|p1|Quaquaval, F|
|poke|p1|Oricorio-Pom-Pom, F|
|poke|p2|Umbreon, F|
|poke|p2|Tyranitar, F|
|poke|p2|Rotom-Wash|
|poke|p2|Iron Valiant|
|poke|p2|Kingambit, M|
|poke|p2|Corviknight, M|
|teampreview
|inactive|Battle timer is ON: inactive players will automatically lose when time's up. (requested by Chaii-Latte)
|
|t:|1778502478
|teamsize|p1|6
|teamsize|p2|6
|start
|switch|p1a: Regieleki|Regieleki, shiny|100/100
|switch|p2a: Umbreon|Umbreon, F|100/100
|turn|1
|
|t:|1778502485
|move|p1a: Regieleki|Thunder Cage|p2a: Umbreon
|-damage|p2a: Umbreon|63/100
|-activate|p2a: Umbreon|move: Thunder Cage|[of] p1a: Regieleki
|move|p2a: Umbreon|Toxic|p1a: Regieleki
|-status|p1a: Regieleki|tox
|
|-heal|p2a: Umbreon|69/100|[from] item: Leftovers
|-damage|p1a: Regieleki|95/100 tox|[from] psn
|-damage|p2a: Umbreon|57/100|[from] move: Thunder Cage|[partiallytrapped]
|upkeep
|turn|2
|
|t:|1778502491
|move|p2a: Umbreon|Protect|p2a: Umbreon
|-singleturn|p2a: Umbreon|Protect
|move|p1a: Regieleki|Thunder Cage|p2a: Umbreon
|-activate|p2a: Umbreon|move: Protect
|
|-heal|p2a: Umbreon|63/100|[from] item: Leftovers
|-damage|p1a: Regieleki|83/100 tox|[from] psn
|-damage|p2a: Umbreon|50/100|[from] move: Thunder Cage|[partiallytrapped]
|upkeep
|turn|3
|
|t:|1778502497
|move|p1a: Regieleki|Thunder Cage|p2a: Umbreon
|-damage|p2a: Umbreon|13/100
|move|p2a: Umbreon|Wish|p2a: Umbreon
|
|-heal|p2a: Umbreon|19/100|[from] item: Leftovers
|-damage|p1a: Regieleki|65/100 tox|[from] psn
|-damage|p2a: Umbreon|6/100|[from] move: Thunder Cage|[partiallytrapped]
|upkeep
|turn|4
|
|t:|1778502505
|switch|p1a: Quaquaval|Quaquaval, F|100/100
|move|p2a: Umbreon|Protect||[still]
|-fail|p2a: Umbreon
|
|-heal|p2a: Umbreon|56/100|[from] move: Wish|[wisher] Umbreon
|-heal|p2a: Umbreon|62/100|[from] item: Leftovers
|-end|p2a: Umbreon|Thunder Cage|[partiallytrapped]|[silent]
|upkeep
|turn|5
|
|t:|1778502516
|move|p1a: Quaquaval|Aqua Step|p2a: Umbreon
|-damage|p2a: Umbreon|29/100
|-boost|p1a: Quaquaval|spe|1
|move|p2a: Umbreon|Foul Play|p1a: Quaquaval
|-resisted|p1a: Quaquaval
|-damage|p1a: Quaquaval|67/100
|
|-heal|p2a: Umbreon|35/100|[from] item: Leftovers
|upkeep
|turn|6
|
|t:|1778502523
|move|p2a: Umbreon|Protect|p2a: Umbreon
|-singleturn|p2a: Umbreon|Protect
|move|p1a: Quaquaval|Close Combat|p2a: Umbreon
|-activate|p2a: Umbreon|move: Protect
|
|-heal|p2a: Umbreon|41/100|[from] item: Leftovers
|upkeep
|turn|7
|
|t:|1778502530
|move|p1a: Quaquaval|Close Combat|p2a: Umbreon
|-supereffective|p2a: Umbreon
|-damage|p2a: Umbreon|0 fnt
|-unboost|p1a: Quaquaval|def|1
|-unboost|p1a: Quaquaval|spd|1
|faint|p2a: Umbreon
|-ability|p1a: Quaquaval|Moxie|boost
|-boost|p1a: Quaquaval|atk|1
|
|upkeep
|
|t:|1778502536
|switch|p2a: Kingambit|Kingambit, M|100/100
|-activate|p2a: Kingambit|ability: Supreme Overlord
|-start|p2a: Kingambit|fallen1|[silent]
|turn|8
|
|t:|1778502544
|switch|p1a: Regieleki|Regieleki, shiny|65/100 tox
|move|p2a: Kingambit|Sucker Punch||[still]
|-fail|p2a: Kingambit
|
|-damage|p1a: Regieleki|59/100 tox|[from] psn
|upkeep
|turn|9
|
|t:|1778502550
|move|p1a: Regieleki|Volt Switch|p2a: Kingambit
|-damage|p2a: Kingambit|33/100
|
|t:|1778502553
|switch|p1a: Tornadus|Tornadus-Therian, M, shiny|100/100|[from] Volt Switch
|move|p2a: Kingambit|Swords Dance|p2a: Kingambit
|-boost|p2a: Kingambit|atk|2
|
|upkeep
|turn|10
|
|t:|1778502560
|move|p2a: Kingambit|Sucker Punch|p1a: Tornadus
|-damage|p1a: Tornadus|0 fnt
|faint|p1a: Tornadus
|
|upkeep
|
|t:|1778502566
|switch|p1a: Dragapult|Dragapult, M, shiny|100/100
|turn|11
|
|t:|1778502569
|move|p2a: Kingambit|Sucker Punch||[still]
|-fail|p2a: Kingambit
|move|p1a: Dragapult|Substitute|p1a: Dragapult
|-start|p1a: Dragapult|Substitute
|-damage|p1a: Dragapult|76/100
|
|upkeep
|turn|12
|
|t:|1778502576
|-end|p2a: Kingambit|fallen1|[silent]
|switch|p2a: Tyranitar|Tyranitar, F|100/100
|-weather|Sandstorm|[from] ability: Sand Stream|[of] p2a: Tyranitar
|move|p1a: Dragapult|Dragon Dance|p1a: Dragapult
|-boost|p1a: Dragapult|atk|1
|-boost|p1a: Dragapult|spe|1
|
|-weather|Sandstorm|[upkeep]
|-damage|p1a: Dragapult|70/100|[from] Sandstorm
|upkeep
|turn|13
|
|t:|1778502585
|-terastallize|p1a: Dragapult|Fairy
|move|p1a: Dragapult|Dragon Dance|p1a: Dragapult
|-boost|p1a: Dragapult|atk|1
|-boost|p1a: Dragapult|spe|1
|move|p2a: Tyranitar|Stealth Rock|p1a: Dragapult
|-sidestart|p1: Chaii-Latte|move: Stealth Rock
|
|-weather|Sandstorm|[upkeep]
|-damage|p1a: Dragapult|64/100|[from] Sandstorm
|upkeep
|turn|14
|
|t:|1778502594
|move|p1a: Dragapult|Dragon Darts|p2a: Tyranitar
|-damage|p2a: Tyranitar|56/100
|-anim|p1a: Dragapult|Dragon Darts|p2a: Tyranitar
|-damage|p2a: Tyranitar|13/100
|move|p2a: Tyranitar|Earthquake|p1a: Dragapult
|-end|p1a: Dragapult|Substitute
|
|-weather|Sandstorm|[upkeep]
|-damage|p1a: Dragapult|58/100|[from] Sandstorm
|upkeep
|turn|15
|
|t:|1778502603
|move|p1a: Dragapult|Shadow Ball|p2a: Tyranitar
|-resisted|p2a: Tyranitar
|-crit|p2a: Tyranitar
|-damage|p2a: Tyranitar|1/100
|move|p2a: Tyranitar|Earthquake|p1a: Dragapult
|-damage|p1a: Dragapult|3/100
|-enditem|p1a: Dragapult|Aguav Berry|[eat]
|-heal|p1a: Dragapult|36/100|[from] item: Aguav Berry
|
|-weather|Sandstorm|[upkeep]
|-damage|p1a: Dragapult|30/100|[from] Sandstorm
|upkeep
|turn|16
|
|t:|1778502611
|move|p1a: Dragapult|Shadow Ball|p2a: Tyranitar
|-resisted|p2a: Tyranitar
|-damage|p2a: Tyranitar|0 fnt
|faint|p2a: Tyranitar
|
|-weather|Sandstorm|[upkeep]
|-damage|p1a: Dragapult|24/100|[from] Sandstorm
|upkeep
|
|t:|1778502613
|switch|p2a: Kingambit|Kingambit, M|33/100
|-activate|p2a: Kingambit|ability: Supreme Overlord
|-start|p2a: Kingambit|fallen2|[silent]
|turn|17
|
|t:|1778502616
|move|p1a: Dragapult|Dragon Dance|p1a: Dragapult
|-boost|p1a: Dragapult|atk|1
|-boost|p1a: Dragapult|spe|1
|move|p2a: Kingambit|Kowtow Cleave|p1a: Dragapult
|-resisted|p1a: Dragapult
|-damage|p1a: Dragapult|0 fnt
|faint|p1a: Dragapult
|
|-weather|Sandstorm|[upkeep]
|upkeep
|
|t:|1778502627
|switch|p1a: Oricorio|Oricorio-Pom-Pom, F|100/100
|-damage|p1a: Oricorio|76/100|[from] Stealth Rock
|turn|18
|
|t:|1778502631
|move|p1a: Oricorio|Revelation Dance|p2a: Kingambit
|-damage|p2a: Kingambit|0 fnt
|faint|p2a: Kingambit
|-end|p2a: Kingambit|fallen2|[silent]
|
|-weather|Sandstorm|[upkeep]
|-damage|p1a: Oricorio|70/100|[from] Sandstorm
|upkeep
|
|t:|1778502636
|switch|p2a: Rotom|Rotom-Wash|100/100
|turn|19
|
|t:|1778502641
|-terastallize|p2a: Rotom|Electric
|move|p1a: Oricorio|Quiver Dance|p1a: Oricorio
|-boost|p1a: Oricorio|spa|1
|-boost|p1a: Oricorio|spd|1
|-boost|p1a: Oricorio|spe|1
|move|p2a: Rotom|Will-O-Wisp|p1a: Oricorio|[miss]
|-miss|p2a: Rotom|p1a: Oricorio
|
|-weather|none
|upkeep
|turn|20
|
|t:|1778502649
|move|p1a: Oricorio|Hurricane|p2a: Rotom
|-resisted|p2a: Rotom
|-damage|p2a: Rotom|58/100
|move|p2a: Rotom|Hydro Pump|p1a: Oricorio|[miss]
|-miss|p2a: Rotom|p1a: Oricorio
|
|-heal|p2a: Rotom|64/100|[from] item: Leftovers
|upkeep
|turn|21
|
|t:|1778502655
|move|p1a: Oricorio|Quiver Dance|p1a: Oricorio
|-boost|p1a: Oricorio|spa|1
|-boost|p1a: Oricorio|spd|1
|-boost|p1a: Oricorio|spe|1
|move|p2a: Rotom|Hydro Pump|p1a: Oricorio
|-damage|p1a: Oricorio|25/100
|
|-heal|p2a: Rotom|71/100|[from] item: Leftovers
|upkeep
|turn|22
|
|t:|1778502662
|move|p1a: Oricorio|Revelation Dance|p2a: Rotom
|-resisted|p2a: Rotom
|-damage|p2a: Rotom|23/100
|move|p2a: Rotom|Hydro Pump|p1a: Oricorio
|-damage|p1a: Oricorio|0 fnt
|faint|p1a: Oricorio
|
|-heal|p2a: Rotom|29/100|[from] item: Leftovers
|upkeep
|
|t:|1778502670
|switch|p1a: Cinderace|Cinderace, F|100/100
|-damage|p1a: Cinderace|76/100|[from] Stealth Rock
|turn|23
|
|t:|1778502673
|move|p1a: Cinderace|Flare Blitz|p2a: Rotom
|-damage|p2a: Rotom|0 fnt
|faint|p2a: Rotom
|-damage|p1a: Cinderace|66/100|[from] Recoil
|
|upkeep
|
|t:|1778502678
|switch|p2a: Iron Valiant|Iron Valiant|100/100
|-enditem|p2a: Iron Valiant|Booster Energy
|-activate|p2a: Iron Valiant|ability: Quark Drive|[fromitem]
|-start|p2a: Iron Valiant|quarkdrivespe
|turn|24
|
|t:|1778502682
|move|p2a: Iron Valiant|Thunderbolt|p1a: Cinderace
|-damage|p1a: Cinderace|24/100
|move|p1a: Cinderace|Flare Blitz|p2a: Iron Valiant
|-damage|p2a: Iron Valiant|0 fnt
|faint|p2a: Iron Valiant
|-end|p2a: Iron Valiant|Quark Drive|[silent]
|-damage|p1a: Cinderace|0 fnt|[from] Recoil
|faint|p1a: Cinderace
|
|upkeep
|
|t:|1778502689
|switch|p1a: Regieleki|Regieleki, shiny|59/100 tox
|switch|p2a: Corviknight|Corviknight, M|100/100
|-damage|p1a: Regieleki|47/100 tox|[from] Stealth Rock
|-ability|p2a: Corviknight|Pressure
|turn|25
|
|t:|1778502696
|move|p1a: Regieleki|Zap Cannon|p2a: Corviknight
|-supereffective|p2a: Corviknight
|-damage|p2a: Corviknight|0 fnt
|faint|p2a: Corviknight
|
|win|Chaii-Latte
|raw|Chaii-Latte's rating: 1076 &rarr; <strong>1111</strong><br />(+35 for winning)
|raw|vic len's rating: 1152 &rarr; <strong>1122</strong><br />(-30 for losing)
|l|☆vic len
|player|p2|
|l|☆Chaii-Latte
|player|p1|
