|html|<div class="broadcast-blue"><strong>[Gen 9] OU is currently suspecting Tera Blast! For information on how to participate check out the <a href="https://www.smogon.com/tools/suspects/view/200">suspect thread</a>.</strong></div>
|j|☆keaishoudui
|j|☆kjojon
|t:|1776353311
|gametype|singles
|player|p1|keaishoudui|170|1224
|player|p2|kjojon|brock|1258
|gen|9
|tier|[Gen 9] OU
|rated|
|rule|HP Percentage Mod: HP is shown in percentages
|rule|Endless Battle Clause: Forcing endless battles is banned
|rule|Species Clause: Limit one of each Pokémon
|rule|OHKO Clause: OHKO moves are banned
|rule|Evasion Items Clause: Evasion items are banned
|rule|Evasion Moves Clause: Evasion moves are banned
|rule|Evasion Abilities Clause: Evasion abilities are banned
|rule|Sleep Moves Clause: Sleep-inducing moves are banned
|clearpoke
|poke|p1|Great Tusk|
|poke|p1|Hatterene, F|
|poke|p1|Walking Wake|
|poke|p1|Torkoal, F|
|poke|p1|Corviknight, F|
|poke|p1|Hoopa-Unbound|
|poke|p2|Gardevoir, F|
|poke|p2|Incineroar, F|
|poke|p2|Duraludon, M|
|poke|p2|Hitmontop, M|
|poke|p2|Necrozma|
|poke|p2|Porygon-Z|
|teampreview
|
|t:|1776353316
|teamsize|p1|6
|teamsize|p2|6
|start
|switch|p1a: Torkoal|Torkoal, F|100/100
|switch|p2a: PoyPee|Porygon-Z, shiny|100/100
|-weather|SunnyDay|[from] ability: Drought|[of] p1a: Torkoal
|turn|1
|
|t:|1776353322
|switch|p1a: Hatterene|Hatterene, F|100/100
|move|p2a: PoyPee|Tri Attack|p1a: Hatterene
|-crit|p1a: Hatterene
|-damage|p1a: Hatterene|0 fnt
|faint|p1a: Hatterene
|
|-weather|SunnyDay|[upkeep]
|upkeep
|
|t:|1776353326
|switch|p1a: Walking Wake|Walking Wake|100/100
|-activate|p1a: Walking Wake|ability: Protosynthesis
|-start|p1a: Walking Wake|protosynthesisspe
|turn|2
|
|t:|1776353329
|-terastallize|p1a: Walking Wake|Water
|move|p1a: Walking Wake|Hydro Steam|p2a: PoyPee
|-crit|p2a: PoyPee
|-damage|p2a: PoyPee|0 fnt
|faint|p2a: PoyPee
|
|-weather|SunnyDay|[upkeep]
|upkeep
|
|t:|1776353335
|switch|p2a: Garfiel|Hitmontop, M|100/100
|turn|3
|
|t:|1776353337
|move|p2a: Garfiel|Fake Out|p1a: Walking Wake
|-damage|p1a: Walking Wake|78/100
|cant|p1a: Walking Wake|flinch
|
|-weather|SunnyDay|[upkeep]
|upkeep
|turn|4
|
|t:|1776353345
|move|p2a: Garfiel|Mach Punch|p1a: Walking Wake
|-damage|p1a: Walking Wake|46/100
|move|p1a: Walking Wake|Hydro Steam|p2a: Garfiel
|-damage|p2a: Garfiel|0 fnt
|faint|p2a: Garfiel
|
|-weather|SunnyDay|[upkeep]
|upkeep
|
|t:|1776353359
|switch|p2a: Rose|Incineroar, F|100/100
|-ability|p2a: Rose|Intimidate|boost
|-unboost|p1a: Walking Wake|atk|1
|turn|5
|
|t:|1776353368
|move|p2a: Rose|Fake Out|p1a: Walking Wake
|-damage|p1a: Walking Wake|30/100
|cant|p1a: Walking Wake|flinch
|
|-weather|SunnyDay|[upkeep]
|upkeep
|turn|6
|-activate|p2a: Rose|item: Quick Claw
|
|t:|1776353376
|-terastallize|p2a: Rose|Grass
|move|p2a: Rose|Darkest Lariat|p1a: Walking Wake
|-damage|p1a: Walking Wake|0 fnt
|faint|p1a: Walking Wake
|-end|p1a: Walking Wake|Protosynthesis|[silent]
|
|-weather|SunnyDay|[upkeep]
|upkeep
|
|t:|1776353386
|switch|p1a: Great Tusk|Great Tusk|100/100
|-activate|p1a: Great Tusk|ability: Protosynthesis
|-start|p1a: Great Tusk|protosynthesisatk
|turn|7
|
|t:|1776353394
|switch|p2a: R-Pyrite|Necrozma, shiny|100/100
|move|p1a: Great Tusk|Rapid Spin|p2a: R-Pyrite
|-damage|p2a: R-Pyrite|76/100
|-boost|p1a: Great Tusk|spe|1
|
|-weather|SunnyDay|[upkeep]
|upkeep
|turn|8
|
|t:|1776353400
|move|p1a: Great Tusk|Headlong Rush|p2a: R-Pyrite
|-damage|p2a: R-Pyrite|0 fnt
|-unboost|p1a: Great Tusk|def|1
|-unboost|p1a: Great Tusk|spd|1
|faint|p2a: R-Pyrite
|
|-weather|none
|-end|p1a: Great Tusk|Protosynthesis
|upkeep
|
|t:|1776353406
|switch|p2a: Xodium|Gardevoir, F, shiny|100/100
|turn|9
|
|t:|1776353412
|move|p2a: Xodium|Moonblast|p1a: Great Tusk
|-supereffective|p1a: Great Tusk
|-damage|p1a: Great Tusk|0 fnt
|faint|p1a: Great Tusk
|-end|p1a: Great Tusk|Protosynthesis|[silent]
|
|upkeep
|
|t:|1776353415
|switch|p1a: Hoopa|Hoopa-Unbound|100/100
|-ability|p2a: Xodium|Magician|Trace|[from] ability: Trace|[of] p1a: Hoopa
|turn|10
|
|t:|1776353420
|switch|p2a: Rose|Incineroar, F, tera:Grass|100/100
|-ability|p2a: Rose|Intimidate|boost
|-unboost|p1a: Hoopa|atk|1
|move|p1a: Hoopa|Hyperspace Fury|p2a: Rose
|-damage|p2a: Rose|41/100
|-unboost|p1a: Hoopa|def|1
|
|upkeep
|turn|11
|-activate|p2a: Rose|item: Quick Claw
|
|t:|1776353426
|move|p2a: Rose|Fake Out|p1a: Hoopa
|-damage|p1a: Hoopa|67/100
|cant|p1a: Hoopa|flinch
|
|upkeep
|turn|12
|
|t:|1776353432
|move|p1a: Hoopa|Hyperspace Fury|p2a: Rose
|-damage|p2a: Rose|0 fnt
|-unboost|p1a: Hoopa|def|1
|faint|p2a: Rose
|
|upkeep
|
|t:|1776353437
|switch|p2a: Xodium|Gardevoir, F, shiny|100/100
|-ability|p2a: Xodium|Magician|Trace|[from] ability: Trace|[of] p1a: Hoopa
|turn|13
|
|t:|1776353445
|switch|p1a: Torkoal|Torkoal, F|100/100
|-weather|SunnyDay|[from] ability: Drought|[of] p1a: Torkoal
|move|p2a: Xodium|Moonblast|p1a: Torkoal
|-resisted|p1a: Torkoal
|-damage|p1a: Torkoal|70/100
|
|-weather|SunnyDay|[upkeep]
|upkeep
|turn|14
|
|t:|1776353452
|switch|p2a: Babylon|Duraludon, M, shiny|100/100
|move|p1a: Torkoal|Lava Plume|p2a: Babylon
|-damage|p2a: Babylon|58/100
|
|-weather|SunnyDay|[upkeep]
|upkeep
|turn|15
|
|t:|1776353460
|move|p2a: Babylon|Dragon Pulse|p1a: Torkoal
|-damage|p1a: Torkoal|7/100
|move|p1a: Torkoal|Stealth Rock|p2a: Babylon
|-sidestart|p2: kjojon|move: Stealth Rock
|
|-weather|SunnyDay|[upkeep]
|upkeep
|turn|16
|
|t:|1776353465
|move|p2a: Babylon|Dragon Pulse|p1a: Torkoal
|-damage|p1a: Torkoal|0 fnt
|faint|p1a: Torkoal
|
|-weather|SunnyDay|[upkeep]
|upkeep
|
|t:|1776353467
|switch|p1a: Corviknight|Corviknight, F|100/100
|-ability|p1a: Corviknight|Pressure
|turn|17
|
|t:|1776353470
|move|p2a: Babylon|Thunderbolt|p1a: Corviknight
|-supereffective|p1a: Corviknight
|-damage|p1a: Corviknight|32/100
|move|p1a: Corviknight|Body Press|p2a: Babylon
|-supereffective|p2a: Babylon
|-damage|p2a: Babylon|22/100
|
|-weather|SunnyDay|[upkeep]
|upkeep
|turn|18
|
|t:|1776353476
|move|p2a: Babylon|Thunderbolt|p1a: Corviknight
|-supereffective|p1a: Corviknight
|-damage|p1a: Corviknight|0 fnt
|faint|p1a: Corviknight
|
|-weather|SunnyDay|[upkeep]
|upkeep
|
|t:|1776353478
|switch|p1a: Hoopa|Hoopa-Unbound|67/100
|turn|19
|
|t:|1776353486
|move|p2a: Babylon|Dragon Pulse|p1a: Hoopa
|-damage|p1a: Hoopa|32/100
|move|p1a: Hoopa|Hyperspace Fury|p2a: Babylon
|-damage|p2a: Babylon|0 fnt
|-unboost|p1a: Hoopa|def|1
|faint|p2a: Babylon
|
|-weather|SunnyDay|[upkeep]
|upkeep
|
|t:|1776353491
|switch|p2a: Xodium|Gardevoir, F, shiny|100/100
|-damage|p2a: Xodium|88/100|[from] Stealth Rock
|-ability|p2a: Xodium|Magician|Trace|[from] ability: Trace|[of] p1a: Hoopa
|turn|20
|
|t:|1776353493
|move|p2a: Xodium|Moonblast|p1a: Hoopa
|-supereffective|p1a: Hoopa
|-damage|p1a: Hoopa|0 fnt
|faint|p1a: Hoopa
|
|win|kjojon
|raw|keaishoudui's rating: 1224 &rarr; <strong>1201</strong><br />(-23 for losing)
|raw|kjojon's rating: 1258 &rarr; <strong>1281</strong><br />(+23 for winning)
|l|☆keaishoudui
|player|p1|
|c|☆kjojon|gg's
