|html|<div class="broadcast-blue"><strong>[Gen 9] OU is currently suspecting Tera Blast! For information on how to participate check out the <a href="https://www.smogon.com/tools/suspects/view/200">suspect thread</a>.</strong></div>
|j|☆yazloed
|j|☆KenjiShiguma
|t:|1776061123
|gametype|singles
|player|p1|yazloed|169|1184
|player|p2|KenjiShiguma|pokemonbreeder-gen4|1139
|gen|9
|tier|[Gen 9] OU
|rated|
|rule|HP Percentage Mod: HP is shown in percentages
|rule|Endless Battle Clause: Forcing endless battles is banned
|rule|Species Clause: Limit one of each Pokémon
|rule|OHKO Clause: OHKO moves are banned
|rule|Evasion Items Clause: Evasion items are banned
|rule|Evasion Moves Clause: Evasion moves are banned
|rule|Evasion Abilities Clause: Evasion abilities are banned
|rule|Sleep Moves Clause: Sleep-inducing moves are banned
|clearpoke
|poke|p1|Crawdaunt, M|
|poke|p1|Venusaur, M|
|poke|p1|Magnezone|
|poke|p1|Torkoal, F|
|poke|p1|Garchomp, F|
|poke|p1|Staraptor, F|
|poke|p2|Zangoose, M|
|poke|p2|Squawkabilly, M|
|poke|p2|Dedenne, F|
|poke|p2|Masquerain, F|
|poke|p2|Breloom, M|
|poke|p2|Flareon, M|
|teampreview
|c|☆yazloed|this is a cool team man
|c|☆yazloed|i respect it
|
|t:|1776061146
|teamsize|p1|6
|teamsize|p2|6
|start
|switch|p1a: Torkoal|Torkoal, F, shiny|100/100
|switch|p2a: Masquerain|Masquerain, F|100/100
|-ability|p2a: Masquerain|Intimidate|boost
|-unboost|p1a: Torkoal|atk|1
|-weather|SunnyDay|[from] ability: Drought|[of] p1a: Torkoal
|-enditem|p1a: Torkoal|White Herb
|-clearnegativeboost|p1a: Torkoal|[silent]
|turn|1
|
|t:|1776061157
|switch|p2a: Flareon|Flareon, M|100/100
|move|p1a: Torkoal|Eruption|p2a: Flareon
|-start|p2a: Flareon|ability: Flash Fire
|
|-weather|SunnyDay|[upkeep]
|upkeep
|turn|2
|
|t:|1776061169
|switch|p1a: Garchomp|Garchomp, F|100/100
|move|p2a: Flareon|Will-O-Wisp|p1a: Garchomp
|-status|p1a: Garchomp|brn
|
|-weather|SunnyDay|[upkeep]
|-damage|p1a: Garchomp|94/100 brn|[from] brn
|upkeep
|turn|3
|
|t:|1776061177
|move|p1a: Garchomp|Earthquake|p2a: Flareon
|-supereffective|p2a: Flareon
|-damage|p2a: Flareon|7/100
|move|p2a: Flareon|Fire Spin|p1a: Garchomp
|-resisted|p1a: Garchomp
|-damage|p1a: Garchomp|80/100 brn
|-activate|p1a: Garchomp|move: Fire Spin|[of] p2a: Flareon
|
|-weather|SunnyDay|[upkeep]
|-damage|p1a: Garchomp|74/100 brn|[from] brn
|-damage|p1a: Garchomp|62/100 brn|[from] move: Fire Spin|[partiallytrapped]
|upkeep
|turn|4
|
|t:|1776061188
|-end|p2a: Flareon|ability: Flash Fire|[silent]
|switch|p2a: Masquerain|Masquerain, F|100/100
|-ability|p2a: Masquerain|Intimidate|boost
|-unboost|p1a: Garchomp|atk|1
|move|p1a: Garchomp|Earthquake|p2a: Masquerain
|-immune|p2a: Masquerain
|
|-weather|SunnyDay|[upkeep]
|-damage|p1a: Garchomp|55/100 brn|[from] brn
|-end|p1a: Garchomp|Fire Spin|[partiallytrapped]|[silent]
|upkeep
|turn|5
|c|☆yazloed|love to see fun teams like this
|
|t:|1776061201
|switch|p1a: Torkoal|Torkoal, F, shiny|100/100
|move|p2a: Masquerain|Quiver Dance|p2a: Masquerain
|-boost|p2a: Masquerain|spa|1
|-boost|p2a: Masquerain|spd|1
|-boost|p2a: Masquerain|spe|1
|
|-weather|none
|upkeep
|turn|6
|
|t:|1776061212
|switch|p1a: Crawdaunt|Crawdaunt, M|100/100
|move|p2a: Masquerain|Surf|p1a: Crawdaunt
|-resisted|p1a: Crawdaunt
|-damage|p1a: Crawdaunt|59/100
|
|upkeep
|turn|7
|
|t:|1776061226
|move|p2a: Masquerain|Bug Buzz|p1a: Crawdaunt
|-supereffective|p1a: Crawdaunt
|-damage|p1a: Crawdaunt|0 fnt
|faint|p1a: Crawdaunt
|
|upkeep
|
|t:|1776061245
|switch|p1a: Garchomp|Garchomp, F|55/100 brn
|turn|8
|
|t:|1776061248
|move|p1a: Garchomp|Outrage|p2a: Masquerain
|-damage|p2a: Masquerain|39/100
|move|p2a: Masquerain|Ice Beam|p1a: Garchomp
|-supereffective|p1a: Garchomp
|-damage|p1a: Garchomp|0 fnt
|faint|p1a: Garchomp
|
|upkeep
|
|t:|1776061258
|switch|p1a: Staraptor|Staraptor, F|100/100
|turn|9
|
|t:|1776061272
|move|p2a: Masquerain|Ice Beam|p1a: Staraptor
|-supereffective|p1a: Staraptor
|-damage|p1a: Staraptor|0 fnt
|faint|p1a: Staraptor
|
|upkeep
|
|t:|1776061284
|switch|p1a: Magnezone|Magnezone|100/100
|turn|10
|
|t:|1776061288
|move|p2a: Masquerain|Surf|p1a: Magnezone
|-damage|p1a: Magnezone|72/100
|move|p1a: Magnezone|Thunderbolt|p2a: Masquerain
|-supereffective|p2a: Masquerain
|-damage|p2a: Masquerain|0 fnt
|faint|p2a: Masquerain
|
|upkeep
|
|t:|1776061300
|switch|p2a: Breloom|Breloom, M|100/100
|turn|11
|
|t:|1776061307
|move|p2a: Breloom|Drain Punch|p1a: Magnezone
|-supereffective|p1a: Magnezone
|-damage|p1a: Magnezone|15/100
|move|p1a: Magnezone|Volt Switch|p2a: Breloom
|-resisted|p2a: Breloom
|-damage|p2a: Breloom|57/100
|
|t:|1776061314
|switch|p1a: Torkoal|Torkoal, F, shiny|100/100|[from] Volt Switch
|-weather|SunnyDay|[from] ability: Drought|[of] p1a: Torkoal
|
|-weather|SunnyDay|[upkeep]
|upkeep
|turn|12
|
|t:|1776061324
|move|p2a: Breloom|Substitute|p2a: Breloom
|-start|p2a: Breloom|Substitute
|-damage|p2a: Breloom|32/100
|move|p1a: Torkoal|Flamethrower|p2a: Breloom
|-supereffective|p2a: Breloom
|-end|p2a: Breloom|Substitute
|
|-weather|SunnyDay|[upkeep]
|upkeep
|turn|13
|
|t:|1776061335
|switch|p2a: Flareon|Flareon, M|7/100
|move|p1a: Torkoal|Shell Smash|p1a: Torkoal
|-unboost|p1a: Torkoal|def|1
|-unboost|p1a: Torkoal|spd|1
|-boost|p1a: Torkoal|atk|2
|-boost|p1a: Torkoal|spa|2
|-boost|p1a: Torkoal|spe|2
|
|-weather|SunnyDay|[upkeep]
|upkeep
|turn|14
|
|t:|1776061345
|move|p1a: Torkoal|Rapid Spin|p2a: Flareon
|-damage|p2a: Flareon|0 fnt
|-boost|p1a: Torkoal|spe|1
|faint|p2a: Flareon
|
|-weather|SunnyDay|[upkeep]
|upkeep
|
|t:|1776061368
|switch|p2a: Zangoose|Zangoose, M|100/100
|turn|15
|
|t:|1776061387
|move|p1a: Torkoal|Eruption|p2a: Zangoose
|-damage|p2a: Zangoose|0 fnt
|faint|p2a: Zangoose
|
|-weather|none
|upkeep
|
|t:|1776061411
|switch|p2a: Squawkabilly|Squawkabilly, M|100/100
|turn|16
|
|t:|1776061417
|-terastallize|p2a: Squawkabilly|Normal
|move|p2a: Squawkabilly|Quick Attack|p1a: Torkoal
|-damage|p1a: Torkoal|69/100
|move|p1a: Torkoal|Eruption|p2a: Squawkabilly
|-damage|p2a: Squawkabilly|0 fnt
|faint|p2a: Squawkabilly
|
|upkeep
|
|t:|1776061426
|switch|p2a: Dedenne|Dedenne, F|100/100
|turn|17
|
|t:|1776061433
|move|p1a: Torkoal|Eruption|p2a: Dedenne
|-damage|p2a: Dedenne|0 fnt
|faint|p2a: Dedenne
|
|upkeep
|
|t:|1776061438
|switch|p2a: Breloom|Breloom, M|32/100
|turn|18
|
|t:|1776061444
|move|p1a: Torkoal|Flamethrower|p2a: Breloom
|-supereffective|p2a: Breloom
|-damage|p2a: Breloom|0 fnt
|faint|p2a: Breloom
|
|win|yazloed
|raw|yazloed's rating: 1184 &rarr; <strong>1206</strong><br />(+22 for winning)
|raw|KenjiShiguma's rating: 1139 &rarr; <strong>1117</strong><br />(-22 for losing)
|c|☆yazloed|gg
|l|☆KenjiShiguma
|player|p2|
|l|☆yazloed
|player|p1|
