|html|<div class="broadcast-blue"><strong>[Gen 9] OU is currently suspecting Tera Blast! For information on how to participate check out the <a href="https://www.smogon.com/tools/suspects/view/200">suspect thread</a>.</strong></div>
|j|☆the real 6ix9ine
|j|☆darkphoenix268
|t:|1776261647
|gametype|singles
|player|p1|the real 6ix9ine|266|1378
|player|p2|darkphoenix268|ethan|1373
|gen|9
|tier|[Gen 9] OU
|rated|
|rule|HP Percentage Mod: HP is shown in percentages
|rule|Endless Battle Clause: Forcing endless battles is banned
|rule|Species Clause: Limit one of each Pokémon
|rule|OHKO Clause: OHKO moves are banned
|rule|Evasion Items Clause: Evasion items are banned
|rule|Evasion Moves Clause: Evasion moves are banned
|rule|Evasion Abilities Clause: Evasion abilities are banned
|rule|Sleep Moves Clause: Sleep-inducing moves are banned
|clearpoke
|poke|p1|Ogerpon-Wellspring, F|
|poke|p1|Kingambit, M|
|poke|p1|Landorus-Therian, M|
|poke|p1|Glimmora, F|
|poke|p1|Dragapult, F|
|poke|p1|Iron Valiant|
|poke|p2|Enamorus, F|
|poke|p2|Landorus-Therian, M|
|poke|p2|Slowking-Galar, M|
|poke|p2|Dondozo, F|
|poke|p2|Tyranitar, M|
|poke|p2|Heatran, M|
|teampreview
|inactive|Battle timer is ON: inactive players will automatically lose when time's up. (requested by darkphoenix268)
|c|☆the real 6ix9ine|hf
|
|t:|1776261655
|teamsize|p1|6
|teamsize|p2|6
|start
|switch|p1a: Ogerpon|Ogerpon-Wellspring, F|100/100
|switch|p2a: Landorus|Landorus-Therian, M|100/100
|-ability|p2a: Landorus|Intimidate|boost
|-unboost|p1a: Ogerpon|atk|1
|turn|1
|
|t:|1776261658
|move|p2a: Landorus|U-turn|p1a: Ogerpon
|-supereffective|p1a: Ogerpon
|-damage|p1a: Ogerpon|29/100
|
|t:|1776261662
|switch|p2a: Dondozo|Dondozo, F|100/100|[from] U-turn
|move|p1a: Ogerpon|Ivy Cudgel|p2a: Dondozo|[anim] Ivy Cudgel Water
|-resisted|p2a: Dondozo
|-damage|p2a: Dondozo|88/100
|
|-heal|p2a: Dondozo|95/100|[from] item: Leftovers
|upkeep
|turn|2
|
|t:|1776261670
|switch|p2a: Tyranitar|Tyranitar, M|100/100
|-weather|Sandstorm|[from] ability: Sand Stream|[of] p2a: Tyranitar
|move|p1a: Ogerpon|Horn Leech|p2a: Tyranitar
|-supereffective|p2a: Tyranitar
|-damage|p2a: Tyranitar|55/100
|-heal|p1a: Ogerpon|60/100|[from] drain|[of] p2a: Tyranitar
|
|-weather|Sandstorm|[upkeep]
|-damage|p1a: Ogerpon|54/100|[from] Sandstorm
|upkeep
|turn|3
|
|t:|1776261680
|switch|p2a: Landorus|Landorus-Therian, M|100/100
|-ability|p2a: Landorus|Intimidate|boost
|-unboost|p1a: Ogerpon|atk|1
|move|p1a: Ogerpon|Ivy Cudgel|p2a: Landorus|[anim] Ivy Cudgel Water
|-supereffective|p2a: Landorus
|-damage|p2a: Landorus|37/100
|
|-weather|Sandstorm|[upkeep]
|-damage|p1a: Ogerpon|48/100|[from] Sandstorm
|upkeep
|turn|4
|
|t:|1776261687
|switch|p1a: Landorus|Landorus-Therian, M|100/100
|-ability|p1a: Landorus|Intimidate|boost
|-unboost|p2a: Landorus|atk|1
|move|p2a: Landorus|U-turn|p1a: Landorus
|-resisted|p1a: Landorus
|-damage|p1a: Landorus|92/100
|-damage|p2a: Landorus|20/100|[from] item: Rocky Helmet|[of] p1a: Landorus
|
|t:|1776261692
|switch|p2a: Dondozo|Dondozo, F|95/100|[from] U-turn
|
|-weather|Sandstorm|[upkeep]
|-damage|p2a: Dondozo|88/100|[from] Sandstorm
|-heal|p2a: Dondozo|95/100|[from] item: Leftovers
|upkeep
|turn|5
|
|t:|1776261697
|switch|p2a: Landorus|Landorus-Therian, M|20/100
|-ability|p2a: Landorus|Intimidate|boost
|-unboost|p1a: Landorus|atk|1
|move|p1a: Landorus|Stealth Rock|p2a: Landorus
|-sidestart|p2: darkphoenix268|move: Stealth Rock
|
|-weather|Sandstorm|[upkeep]
|upkeep
|turn|6
|
|t:|1776261705
|move|p2a: Landorus|Stone Edge|p1a: Landorus
|-damage|p1a: Landorus|58/100
|move|p1a: Landorus|U-turn|p2a: Landorus
|-resisted|p2a: Landorus
|-damage|p2a: Landorus|11/100
|
|t:|1776261712
|switch|p1a: Glimmora|Glimmora, F|100/100|[from] U-turn
|
|-weather|Sandstorm|[upkeep]
|upkeep
|turn|7
|
|t:|1776261726
|switch|p2a: Dondozo|Dondozo, F|95/100
|-damage|p2a: Dondozo|82/100|[from] Stealth Rock
|move|p1a: Glimmora|Spikes|p2a: Dondozo
|-sidestart|p2: darkphoenix268|Spikes
|
|-weather|Sandstorm|[upkeep]
|-damage|p2a: Dondozo|76/100|[from] Sandstorm
|-heal|p2a: Dondozo|82/100|[from] item: Leftovers
|upkeep
|turn|8
|
|t:|1776261732
|move|p1a: Glimmora|Meteor Beam||[still]
|-prepare|p1a: Glimmora|Meteor Beam
|-boost|p1a: Glimmora|spa|1
|-enditem|p1a: Glimmora|Power Herb
|-anim|p1a: Glimmora|Meteor Beam|p2a: Dondozo
|-damage|p2a: Dondozo|14/100
|move|p2a: Dondozo|Waterfall|p1a: Glimmora
|-supereffective|p1a: Glimmora
|-damage|p1a: Glimmora|28/100
|-activate|p1a: Glimmora|ability: Toxic Debris
|-sidestart|p2: darkphoenix268|move: Toxic Spikes
|
|-weather|Sandstorm|[upkeep]
|-damage|p2a: Dondozo|8/100|[from] Sandstorm
|-heal|p2a: Dondozo|14/100|[from] item: Leftovers
|upkeep
|turn|9
|
|t:|1776261737
|move|p1a: Glimmora|Earth Power|p2a: Dondozo
|-damage|p2a: Dondozo|0 fnt
|faint|p2a: Dondozo
|
|-weather|none
|upkeep
|
|t:|1776261744
|switch|p2a: Landorus|Landorus-Therian, M|11/100
|-damage|p2a: Landorus|0 fnt|[from] Stealth Rock
|faint|p2a: Landorus
|-message|darkphoenix268 forfeited.
|
|win|the real 6ix9ine
|raw|the real 6ix9ine's rating: 1378 &rarr; <strong>1398</strong><br />(+20 for winning)
|raw|darkphoenix268's rating: 1373 &rarr; <strong>1353</strong><br />(-20 for losing)
|l|☆darkphoenix268
|player|p2|
