|html|<div class="broadcast-blue"><strong>[Gen 9] OU is currently suspecting Tera Blast! For information on how to participate check out the <a href="https://www.smogon.com/tools/suspects/view/200">suspect thread</a>.</strong></div>
|j|☆jtrainer22
|j|☆Twister2626
|t:|1776224938
|gametype|singles
|player|p1|jtrainer22|marshal|1419
|player|p2|Twister2626|wattson|1436
|gen|9
|tier|[Gen 9] OU
|rated|
|rule|HP Percentage Mod: HP is shown in percentages
|rule|Endless Battle Clause: Forcing endless battles is banned
|rule|Species Clause: Limit one of each Pokémon
|rule|OHKO Clause: OHKO moves are banned
|rule|Evasion Items Clause: Evasion items are banned
|rule|Evasion Moves Clause: Evasion moves are banned
|rule|Evasion Abilities Clause: Evasion abilities are banned
|rule|Sleep Moves Clause: Sleep-inducing moves are banned
|clearpoke
|poke|p1|Hoopa-Unbound|
|poke|p1|Clefable, F|
|poke|p1|Great Tusk|
|poke|p1|Cinderace, F|
|poke|p1|Dragonite, M|
|poke|p1|Slowking-Galar, M|
|poke|p2|Dragapult, M|
|poke|p2|Glimmora, M|
|poke|p2|Comfey, M|
|poke|p2|Kingambit, M|
|poke|p2|Ogerpon-Wellspring, F|
|poke|p2|Blaziken, M|
|teampreview
|c|☆jtrainer22|glhf
|inactive|Battle timer is ON: inactive players will automatically lose when time's up. (requested by jtrainer22)
|inactive|Twister2626 has 120 seconds left.
|c|☆Twister2626|u2
|
|t:|1776225015
|teamsize|p1|6
|teamsize|p2|6
|start
|switch|p1a: Great Tusk|Great Tusk|100/100
|switch|p2a: Glimmora|Glimmora, M, shiny|100/100
|turn|1
|
|t:|1776225025
|switch|p2a: Ogerpon|Ogerpon-Wellspring, F|100/100
|move|p1a: Great Tusk|Headlong Rush|p2a: Ogerpon
|-resisted|p2a: Ogerpon
|-damage|p2a: Ogerpon|58/100
|-unboost|p1a: Great Tusk|def|1
|-unboost|p1a: Great Tusk|spd|1
|
|upkeep
|turn|2
|
|t:|1776225037
|-end|p1a: Great Tusk|Protosynthesis|[silent]
|switch|p1a: Slowking|Slowking-Galar, M|100/100
|move|p2a: Ogerpon|Spikes|p1a: Slowking
|-sidestart|p1: jtrainer22|Spikes
|
|upkeep
|turn|3
|
|t:|1776225047
|move|p2a: Ogerpon|U-turn|p1a: Slowking
|-damage|p1a: Slowking|73/100
|
|t:|1776225053
|switch|p2a: Kingambit|Kingambit, M, shiny|100/100|[from] U-turn
|move|p1a: Slowking|Sludge Bomb|p2a: Kingambit
|-immune|p2a: Kingambit
|
|upkeep
|turn|4
|
|t:|1776225060
|move|p2a: Kingambit|Iron Head|p1a: Slowking
|-damage|p1a: Slowking|28/100
|-prepare|p1a: Slowking|Chilly Reception|[premajor]
|move|p1a: Slowking|Chilly Reception|p1a: Slowking
|-weather|Snowscape
|
|t:|1776225066
|switch|p1a: Great Tusk|Great Tusk|100/100|[from] Chilly Reception
|
|-weather|Snowscape|[upkeep]
|upkeep
|turn|5
|
|t:|1776225079
|-end|p2a: Kingambit|fallenundefined|[silent]
|switch|p2a: Dragapult|Dragapult, M, shiny|100/100
|move|p1a: Great Tusk|Headlong Rush|p2a: Dragapult
|-crit|p2a: Dragapult
|-damage|p2a: Dragapult|0 fnt
|-unboost|p1a: Great Tusk|def|1
|-unboost|p1a: Great Tusk|spd|1
|faint|p2a: Dragapult
|
|-weather|Snowscape|[upkeep]
|upkeep
|
|t:|1776225084
|switch|p2a: Ogerpon|Ogerpon-Wellspring, F|58/100
|turn|6
|
|t:|1776225092
|-end|p1a: Great Tusk|Protosynthesis|[silent]
|switch|p1a: Slowking|Slowking-Galar, M|61/100
|move|p2a: Ogerpon|Ivy Cudgel|p1a: Slowking|[anim] Ivy Cudgel Water
|-damage|p1a: Slowking|0 fnt
|faint|p1a: Slowking
|
|-weather|Snowscape|[upkeep]
|upkeep
|
|t:|1776225096
|switch|p1a: Cinderace|Cinderace, F|100/100
|turn|7
|
|t:|1776225103
|switch|p2a: Glimmora|Glimmora, M, shiny|100/100
|move|p1a: Cinderace|Pyro Ball|p2a: Glimmora
|-resisted|p2a: Glimmora
|-damage|p2a: Glimmora|84/100
|-activate|p2a: Glimmora|ability: Toxic Debris
|-sidestart|p1: jtrainer22|move: Toxic Spikes
|-enditem|p2a: Glimmora|Red Card|[of] p1a: Cinderace
|drag|p1a: Great Tusk|Great Tusk|100/100
|
|-weather|Snowscape|[upkeep]
|upkeep
|turn|8
|
|t:|1776225108
|-terastallize|p2a: Glimmora|Ghost
|move|p1a: Great Tusk|Headlong Rush|p2a: Glimmora
|-damage|p2a: Glimmora|37/100
|-unboost|p1a: Great Tusk|def|1
|-unboost|p1a: Great Tusk|spd|1
|-activate|p2a: Glimmora|ability: Toxic Debris
|-sidestart|p1: jtrainer22|move: Toxic Spikes
|move|p2a: Glimmora|Mortal Spin|p1a: Great Tusk
|-resisted|p1a: Great Tusk
|-damage|p1a: Great Tusk|98/100
|-status|p1a: Great Tusk|psn
|
|-weather|none
|-damage|p1a: Great Tusk|85/100 psn|[from] psn
|upkeep
|turn|9
|
|t:|1776225118
|switch|p2a: Ogerpon|Ogerpon-Wellspring, F|58/100
|move|p1a: Great Tusk|Headlong Rush|p2a: Ogerpon
|-resisted|p2a: Ogerpon
|-damage|p2a: Ogerpon|19/100
|-unboost|p1a: Great Tusk|def|1
|-unboost|p1a: Great Tusk|spd|1
|
|-damage|p1a: Great Tusk|73/100 psn|[from] psn
|upkeep
|turn|10
|
|t:|1776225124
|-end|p1a: Great Tusk|Protosynthesis|[silent]
|switch|p1a: Clefable|Clefable, F|100/100
|-status|p1a: Clefable|tox
|move|p2a: Ogerpon|Ivy Cudgel|p1a: Clefable|[anim] Ivy Cudgel Water
|-damage|p1a: Clefable|55/100 tox
|
|-heal|p1a: Clefable|61/100 tox|[from] item: Leftovers
|upkeep
|turn|11
|
|t:|1776225131
|move|p2a: Ogerpon|Taunt|p1a: Clefable
|-start|p1a: Clefable|move: Taunt
|move|p1a: Clefable|Moonblast|p2a: Ogerpon
|-damage|p2a: Ogerpon|0 fnt
|faint|p2a: Ogerpon
|
|-heal|p1a: Clefable|67/100 tox|[from] item: Leftovers
|upkeep
|
|t:|1776225137
|switch|p2a: Kingambit|Kingambit, M, shiny|100/100
|-activate|p2a: Kingambit|ability: Supreme Overlord
|-start|p2a: Kingambit|fallen2|[silent]
|turn|12
|
|t:|1776225141
|move|p1a: Clefable|Moonblast|p2a: Kingambit
|-damage|p2a: Kingambit|68/100
|move|p2a: Kingambit|Iron Head|p1a: Clefable
|-supereffective|p1a: Clefable
|-damage|p1a: Clefable|0 fnt
|faint|p1a: Clefable
|
|-heal|p2a: Kingambit|74/100|[from] item: Leftovers
|upkeep
|
|t:|1776225149
|switch|p1a: Cinderace|Cinderace, F|100/100
|turn|13
|
|t:|1776225154
|-end|p2a: Kingambit|fallen2|[silent]
|switch|p2a: Glimmora|Glimmora, M, shiny, tera:Ghost|37/100
|move|p1a: Cinderace|Pyro Ball|p2a: Glimmora
|-damage|p2a: Glimmora|0 fnt
|faint|p2a: Glimmora
|
|upkeep
|
|t:|1776225157
|switch|p2a: Blaziken|Blaziken, M, shiny|100/100
|turn|14
|
|t:|1776225161
|move|p2a: Blaziken|Protect|p2a: Blaziken
|-singleturn|p2a: Blaziken|Protect
|move|p1a: Cinderace|Court Change|p1a: Cinderace
|-swapsideconditions
|-activate|p1a: Cinderace|move: Court Change
|
|-ability|p2a: Blaziken|Speed Boost|boost
|-boost|p2a: Blaziken|spe|1
|upkeep
|turn|15
|
|t:|1776225169
|move|p2a: Blaziken|Close Combat|p1a: Cinderace
|-crit|p1a: Cinderace
|-damage|p1a: Cinderace|0 fnt
|-unboost|p2a: Blaziken|def|1
|-unboost|p2a: Blaziken|spd|1
|faint|p1a: Cinderace
|-damage|p2a: Blaziken|91/100|[from] item: Life Orb
|
|-ability|p2a: Blaziken|Speed Boost|boost
|-boost|p2a: Blaziken|spe|1
|upkeep
|
|t:|1776225173
|switch|p1a: Dragonite|Dragonite, M|100/100
|turn|16
|
|t:|1776225179
|move|p2a: Blaziken|Knock Off|p1a: Dragonite
|-damage|p1a: Dragonite|80/100
|-enditem|p1a: Dragonite|Heavy-Duty Boots|[from] move: Knock Off|[of] p2a: Blaziken
|-damage|p2a: Blaziken|81/100|[from] item: Life Orb
|move|p1a: Dragonite|Earthquake|p2a: Blaziken
|-supereffective|p2a: Blaziken
|-damage|p2a: Blaziken|0 fnt
|faint|p2a: Blaziken
|
|upkeep
|
|t:|1776225183
|switch|p2a: Comfey|Comfey, M, shiny|100/100
|-damage|p2a: Comfey|88/100|[from] Spikes
|-status|p2a: Comfey|tox
|turn|17
|
|t:|1776225189
|move|p2a: Comfey|Draining Kiss|p1a: Dragonite
|-supereffective|p1a: Dragonite
|-damage|p1a: Dragonite|23/100
|-heal|p2a: Comfey|100/100 tox|[from] drain|[of] p1a: Dragonite
|-damage|p2a: Comfey|91/100 tox|[from] item: Life Orb
|move|p1a: Dragonite|Dragon Dance|p1a: Dragonite
|-boost|p1a: Dragonite|atk|1
|-boost|p1a: Dragonite|spe|1
|
|-damage|p2a: Comfey|84/100 tox|[from] psn
|upkeep
|turn|18
|
|t:|1776225198
|-terastallize|p1a: Dragonite|Normal
|move|p2a: Comfey|Draining Kiss|p1a: Dragonite
|-damage|p1a: Dragonite|0 fnt
|-heal|p2a: Comfey|100/100 tox|[from] drain|[of] p1a: Dragonite
|faint|p1a: Dragonite
|-damage|p2a: Comfey|91/100 tox|[from] item: Life Orb
|
|-damage|p2a: Comfey|78/100 tox|[from] psn
|upkeep
|
|t:|1776225221
|switch|p1a: Hoopa|Hoopa-Unbound|100/100
|turn|19
|
|t:|1776225226
|move|p2a: Comfey|Draining Kiss|p1a: Hoopa
|-supereffective|p1a: Hoopa
|-damage|p1a: Hoopa|74/100
|-heal|p2a: Comfey|100/100 tox|[from] drain|[of] p1a: Hoopa
|-damage|p2a: Comfey|91/100 tox|[from] item: Life Orb
|move|p1a: Hoopa|Psychic Noise|p2a: Comfey
|-damage|p2a: Comfey|42/100 tox
|-start|p2a: Comfey|move: Heal Block
|
|-damage|p2a: Comfey|23/100 tox|[from] psn
|upkeep
|turn|20
|
|t:|1776225231
|switch|p2a: Kingambit|Kingambit, M, shiny|74/100
|-damage|p2a: Kingambit|62/100|[from] Spikes
|-activate|p2a: Kingambit|ability: Supreme Overlord
|-start|p2a: Kingambit|fallen4|[silent]
|move|p1a: Hoopa|Knock Off|p2a: Kingambit
|-resisted|p2a: Kingambit
|-damage|p2a: Kingambit|43/100
|-enditem|p2a: Kingambit|Leftovers|[from] move: Knock Off|[of] p1a: Hoopa
|
|upkeep
|turn|21
|
|t:|1776225236
|move|p1a: Hoopa|Drain Punch|p2a: Kingambit
|-supereffective|p2a: Kingambit
|-damage|p2a: Kingambit|0 fnt
|-heal|p1a: Hoopa|98/100|[from] drain|[of] p2a: Kingambit
|faint|p2a: Kingambit
|-end|p2a: Kingambit|fallen4|[silent]
|
|upkeep
|-message|Twister2626 forfeited.
|
|win|jtrainer22
|raw|jtrainer22's rating: 1419 &rarr; <strong>1440</strong><br />(+21 for winning)
|raw|Twister2626's rating: 1436 &rarr; <strong>1415</strong><br />(-21 for losing)
|l|☆Twister2626
|player|p2|
