|html|<div class="broadcast-blue"><strong>[Gen 9] OU is currently suspecting Tera Blast! For information on how to participate check out the <a href="https://www.smogon.com/tools/suspects/view/200">suspect thread</a>.</strong></div>
|j|☆Canned Furs
|j|☆Pulkatz
|t:|1776039290
|gametype|singles
|player|p1|Canned Furs|266|1287
|player|p2|Pulkatz|169|1231
|gen|9
|tier|[Gen 9] OU
|rated|
|rule|HP Percentage Mod: HP is shown in percentages
|rule|Endless Battle Clause: Forcing endless battles is banned
|rule|Species Clause: Limit one of each Pokémon
|rule|OHKO Clause: OHKO moves are banned
|rule|Evasion Items Clause: Evasion items are banned
|rule|Evasion Moves Clause: Evasion moves are banned
|rule|Evasion Abilities Clause: Evasion abilities are banned
|rule|Sleep Moves Clause: Sleep-inducing moves are banned
|clearpoke
|poke|p1|Hawlucha, F|
|poke|p1|Rillaboom, F|
|poke|p1|Zamazenta-*|
|poke|p1|Iron Moth|
|poke|p1|Forretress, F|
|poke|p1|Gholdengo|
|poke|p2|Volbeat, M|
|poke|p2|Dragapult, F|
|poke|p2|Great Tusk|
|poke|p2|Lokix, M|
|poke|p2|Corviknight, F|
|poke|p2|Iron Valiant|
|teampreview
|
|t:|1776039350
|teamsize|p1|6
|teamsize|p2|6
|start
|switch|p1a: Forretress|Forretress, F|100/100
|switch|p2a: Volbeat|Volbeat, M|100/100
|turn|1
|
|t:|1776039353
|move|p2a: Volbeat|Trick|p1a: Forretress
|-activate|p2a: Volbeat|move: Trick|[of] p1a: Forretress
|-item|p1a: Forretress|Toxic Orb|[from] move: Trick
|-item|p2a: Volbeat|Custap Berry|[from] move: Trick
|move|p1a: Forretress|Stealth Rock|p2a: Volbeat
|-sidestart|p2: Pulkatz|move: Stealth Rock
|
|upkeep
|turn|2
|
|t:|1776039358
|move|p2a: Volbeat|Encore|p1a: Forretress
|-start|p1a: Forretress|Encore
|move|p1a: Forretress|Stealth Rock||[still]
|-fail|p1a: Forretress
|
|upkeep
|turn|3
|
|t:|1776039361
|move|p2a: Volbeat|U-turn|p1a: Forretress
|-resisted|p1a: Forretress
|-damage|p1a: Forretress|95/100
|
|t:|1776039365
|switch|p2a: Dragapult|Dragapult, F|100/100|[from] U-turn
|-damage|p2a: Dragapult|88/100|[from] Stealth Rock
|move|p1a: Forretress|Stealth Rock||[still]
|-fail|p1a: Forretress
|
|upkeep
|turn|4
|
|t:|1776039373
|switch|p1a: Gholdengo|Gholdengo|100/100
|move|p2a: Dragapult|Flamethrower|p1a: Gholdengo
|-supereffective|p1a: Gholdengo
|-damage|p1a: Gholdengo|27/100
|-damage|p2a: Dragapult|78/100|[from] item: Life Orb
|
|upkeep
|turn|5
|
|t:|1776039387
|switch|p2a: Corviknight|Corviknight, F|100/100
|-damage|p2a: Corviknight|88/100|[from] Stealth Rock
|-ability|p2a: Corviknight|Pressure
|move|p1a: Gholdengo|Shadow Ball|p2a: Corviknight
|-damage|p2a: Corviknight|48/100
|
|-heal|p2a: Corviknight|54/100|[from] item: Leftovers
|upkeep
|turn|6
|
|t:|1776039396
|move|p1a: Gholdengo|Shadow Ball|p2a: Corviknight
|-damage|p2a: Corviknight|14/100
|move|p2a: Corviknight|Roost|p2a: Corviknight
|-heal|p2a: Corviknight|64/100
|-singleturn|p2a: Corviknight|move: Roost
|
|-heal|p2a: Corviknight|70/100|[from] item: Leftovers
|upkeep
|turn|7
|
|t:|1776039404
|switch|p1a: Iron Moth|Iron Moth|100/100
|-enditem|p1a: Iron Moth|Booster Energy
|-activate|p1a: Iron Moth|ability: Quark Drive|[fromitem]
|-start|p1a: Iron Moth|quarkdrivespe
|move|p2a: Corviknight|Defog|p1a: Iron Moth
|-unboost|p1a: Iron Moth|evasion|1
|-sideend|p2: Pulkatz|Stealth Rock|[from] move: Defog|[of] p2a: Corviknight
|
|-heal|p2a: Corviknight|76/100|[from] item: Leftovers
|upkeep
|turn|8
|
|t:|1776039438
|switch|p2a: Volbeat|Volbeat, M|100/100
|move|p1a: Iron Moth|Fiery Dance|p2a: Volbeat
|-supereffective|p2a: Volbeat
|-damage|p2a: Volbeat|9/100
|
|upkeep
|turn|9
|-enditem|p2a: Volbeat|Custap Berry|[eat]
|-activate|p2a: Volbeat|item: Custap Berry|[consumed]
|
|t:|1776039449
|-terastallize|p1a: Iron Moth|Ground
|move|p2a: Volbeat|U-turn|p1a: Iron Moth
|-damage|p1a: Iron Moth|74/100
|
|t:|1776039466
|switch|p2a: Dragapult|Dragapult, F|78/100|[from] U-turn
|move|p1a: Iron Moth|Fiery Dance|p2a: Dragapult
|-resisted|p2a: Dragapult
|-damage|p2a: Dragapult|51/100
|
|upkeep
|turn|10
|
|t:|1776039474
|move|p1a: Iron Moth|Tera Blast|p2a: Dragapult|[anim] Tera Blast Ground
|-damage|p2a: Dragapult|0 fnt
|faint|p2a: Dragapult
|
|upkeep
|
|t:|1776039482
|switch|p2a: Lokix|Lokix, M|100/100
|turn|11
|
|t:|1776039485
|move|p2a: Lokix|First Impression|p1a: Iron Moth
|-damage|p1a: Iron Moth|0 fnt
|faint|p1a: Iron Moth
|-end|p1a: Iron Moth|Quark Drive|[silent]
|
|upkeep
|
|t:|1776039488
|switch|p1a: Forretress|Forretress, F|95/100
|turn|12
|
|t:|1776039495
|switch|p2a: Volbeat|Volbeat, M|9/100
|move|p1a: Forretress|Stealth Rock|p2a: Volbeat
|-sidestart|p2: Pulkatz|move: Stealth Rock
|
|upkeep
|turn|13
|
|t:|1776039506
|move|p2a: Volbeat|U-turn|p1a: Forretress
|-resisted|p1a: Forretress
|-damage|p1a: Forretress|90/100
|
|t:|1776039509
|switch|p2a: Corviknight|Corviknight, F|76/100|[from] U-turn
|-damage|p2a: Corviknight|63/100|[from] Stealth Rock
|-ability|p2a: Corviknight|Pressure
|move|p1a: Forretress|Spikes|p2a: Corviknight
|-sidestart|p2: Pulkatz|Spikes
|
|-heal|p2a: Corviknight|69/100|[from] item: Leftovers
|upkeep
|turn|14
|
|t:|1776039512
|move|p2a: Corviknight|Roost|p2a: Corviknight
|-heal|p2a: Corviknight|100/100
|-singleturn|p2a: Corviknight|move: Roost
|move|p1a: Forretress|Volt Switch|p2a: Corviknight
|-damage|p2a: Corviknight|90/100
|
|t:|1776039514
|switch|p1a: Gholdengo|Gholdengo|27/100|[from] Volt Switch
|
|-heal|p2a: Corviknight|96/100|[from] item: Leftovers
|upkeep
|turn|15
|
|t:|1776039518
|move|p1a: Gholdengo|Trick|p2a: Corviknight
|-activate|p1a: Gholdengo|move: Trick|[of] p2a: Corviknight
|-item|p2a: Corviknight|Choice Scarf|[from] move: Trick
|-item|p1a: Gholdengo|Leftovers|[from] move: Trick
|move|p2a: Corviknight|Brave Bird|p1a: Gholdengo
|-resisted|p1a: Gholdengo
|-crit|p1a: Gholdengo
|-damage|p1a: Gholdengo|0 fnt
|faint|p1a: Gholdengo
|-damage|p2a: Corviknight|89/100|[from] Recoil
|
|upkeep
|
|t:|1776039530
|switch|p1a: Forretress|Forretress, F|90/100
|turn|16
|
|t:|1776039534
|switch|p2a: Great Tusk|Great Tusk|100/100
|move|p1a: Forretress|Volt Switch|p2a: Great Tusk
|-immune|p2a: Great Tusk
|
|upkeep
|turn|17
|
|t:|1776039542
|switch|p1a: Rillaboom|Rillaboom, F|100/100
|-fieldstart|move: Grassy Terrain|[from] ability: Grassy Surge|[of] p1a: Rillaboom
|move|p2a: Great Tusk|Rapid Spin|p1a: Rillaboom
|-damage|p1a: Rillaboom|82/100
|-boost|p2a: Great Tusk|spe|1
|-sideend|p2: Pulkatz|Spikes|[from] move: Rapid Spin|[of] p2a: Great Tusk
|-sideend|p2: Pulkatz|Stealth Rock|[from] move: Rapid Spin|[of] p2a: Great Tusk
|
|-heal|p1a: Rillaboom|88/100|[from] Grassy Terrain
|upkeep
|turn|18
|
|t:|1776039548
|move|p2a: Great Tusk|Ice Spinner|p1a: Rillaboom
|-supereffective|p1a: Rillaboom
|-damage|p1a: Rillaboom|35/100
|-fieldend|move: Grassy Terrain
|move|p1a: Rillaboom|Swords Dance|p1a: Rillaboom
|-boost|p1a: Rillaboom|atk|2
|
|upkeep
|turn|19
|
|t:|1776039552
|move|p2a: Great Tusk|Ice Spinner|p1a: Rillaboom
|-supereffective|p1a: Rillaboom
|-damage|p1a: Rillaboom|0 fnt
|faint|p1a: Rillaboom
|
|upkeep
|-message|Canned Furs forfeited.
|
|win|Pulkatz
|raw|Canned Furs's rating: 1287 &rarr; <strong>1258</strong><br />(-29 for losing)
|raw|Pulkatz's rating: 1231 &rarr; <strong>1260</strong><br />(+29 for winning)
|l|☆Canned Furs
|player|p1|
|l|☆Pulkatz
|player|p2|
