|html|<div class="broadcast-blue"><strong>[Gen 9] OU is currently suspecting Tera Blast! For information on how to participate check out the <a href="https://www.smogon.com/tools/suspects/view/200">suspect thread</a>.</strong></div>
|j|☆Isabelldra
|j|☆versacis
|t:|1776078564
|gametype|singles
|player|p1|Isabelldra|gardenia|1319
|player|p2|versacis|bugcatcher-gen4dp|1332
|gen|9
|tier|[Gen 9] OU
|rated|
|rule|HP Percentage Mod: HP is shown in percentages
|rule|Endless Battle Clause: Forcing endless battles is banned
|rule|Species Clause: Limit one of each Pokémon
|rule|OHKO Clause: OHKO moves are banned
|rule|Evasion Items Clause: Evasion items are banned
|rule|Evasion Moves Clause: Evasion moves are banned
|rule|Evasion Abilities Clause: Evasion abilities are banned
|rule|Sleep Moves Clause: Sleep-inducing moves are banned
|clearpoke
|poke|p1|Farigiraf, M|
|poke|p1|Raging Bolt|
|poke|p1|Pecharunt|
|poke|p1|Great Tusk|
|poke|p1|Uxie|
|poke|p1|Dragapult, F|
|poke|p2|Hydrapple, M|
|poke|p2|Slowking, M|
|poke|p2|Ursaluna, M|
|poke|p2|Conkeldurr, F|
|poke|p2|Diancie|
|poke|p2|Iron Hands|
|teampreview
|
|t:|1776078578
|teamsize|p1|6
|teamsize|p2|6
|start
|switch|p1a: Uxie|Uxie|100/100
|switch|p2a: Diancie|Diancie|100/100
|turn|1
|inactive|Battle timer is ON: inactive players will automatically lose when time's up. (requested by versacis)
|
|t:|1776078592
|move|p1a: Uxie|Light Screen|p1a: Uxie
|-sidestart|p1: Isabelldra|move: Light Screen
|move|p2a: Diancie|Trick Room|p2a: Diancie
|-fieldstart|move: Trick Room|[of] p2a: Diancie
|
|upkeep
|turn|2
|
|t:|1776078600
|move|p2a: Diancie|Diamond Storm|p1a: Uxie
|-damage|p1a: Uxie|68/100
|move|p1a: Uxie|Reflect|p1a: Uxie
|-sidestart|p1: Isabelldra|Reflect
|
|upkeep
|turn|3
|
|t:|1776078616
|switch|p2a: Conkeldurr|Conkeldurr, F|100/100
|move|p1a: Uxie|Magic Room|p1a: Uxie
|-fieldstart|move: Magic Room|[of] p1a: Uxie
|
|upkeep
|turn|4
|
|t:|1776078625
|move|p2a: Conkeldurr|Knock Off|p1a: Uxie
|-supereffective|p1a: Uxie
|-damage|p1a: Uxie|37/100
|-enditem|p1a: Uxie|Light Clay|[from] move: Knock Off|[of] p2a: Conkeldurr
|move|p1a: Uxie|Future Sight|p2a: Conkeldurr
|-start|p1a: Uxie|move: Future Sight
|
|upkeep
|turn|5
|
|t:|1776078636
|switch|p1a: Dragapult|Dragapult, F|100/100
|move|p2a: Conkeldurr|Defog||[still]
|-fail|p1a: Dragapult|unboost|[from] ability: Clear Body|[of] p1a: Dragapult
|-sideend|p1: Isabelldra|Reflect
|-sideend|p1: Isabelldra|move: Light Screen
|-fail|p2a: Conkeldurr
|
|-fieldend|move: Trick Room
|upkeep
|turn|6
|
|t:|1776078654
|switch|p2a: Diancie|Diancie|100/100
|move|p1a: Dragapult|Substitute|p1a: Dragapult
|-start|p1a: Dragapult|Substitute
|-damage|p1a: Dragapult|76/100
|
|-end|p2a: Diancie|move: Future Sight
|-damage|p2a: Diancie|76/100
|upkeep
|turn|7
|
|t:|1776078663
|move|p1a: Dragapult|Dragon Dance|p1a: Dragapult
|-boost|p1a: Dragapult|atk|1
|-boost|p1a: Dragapult|spe|1
|move|p2a: Diancie|Play Rough|p1a: Dragapult|[miss]
|-miss|p2a: Diancie|p1a: Dragapult
|
|-fieldend|move: Magic Room|[of] p1: Uxie
|upkeep
|turn|8
|
|t:|1776078686
|move|p1a: Dragapult|Phantom Force||[still]
|-prepare|p1a: Dragapult|Phantom Force
|move|p2a: Diancie|Trick Room|p2a: Diancie
|-fieldstart|move: Trick Room|[of] p2a: Diancie
|
|-heal|p2a: Diancie|82/100|[from] item: Leftovers
|upkeep
|turn|9
|
|t:|1776078700
|move|p2a: Diancie|Play Rough|p1a: Dragapult|[miss]
|-miss|p2a: Diancie|p1a: Dragapult
|move|p1a: Dragapult|Phantom Force|p2a: Diancie|[from] lockedmove
|-damage|p2a: Diancie|7/100
|
|-heal|p2a: Diancie|13/100|[from] item: Leftovers
|upkeep
|turn|10
|
|t:|1776078708
|move|p2a: Diancie|Play Rough|p1a: Dragapult
|-supereffective|p1a: Dragapult
|-end|p1a: Dragapult|Substitute
|move|p1a: Dragapult|Phantom Force||[still]
|-prepare|p1a: Dragapult|Phantom Force
|
|-heal|p2a: Diancie|19/100|[from] item: Leftovers
|upkeep
|turn|11
|
|t:|1776078717
|move|p2a: Diancie|Spikes|p1a: Dragapult
|-sidestart|p1: Isabelldra|Spikes
|move|p1a: Dragapult|Phantom Force|p2a: Diancie|[from] lockedmove
|-damage|p2a: Diancie|0 fnt
|faint|p2a: Diancie
|
|upkeep
|
|t:|1776078725
|switch|p2a: Conkeldurr|Conkeldurr, F|100/100
|turn|12
|
|t:|1776078729
|move|p2a: Conkeldurr|Knock Off|p1a: Dragapult
|-supereffective|p1a: Dragapult
|-damage|p1a: Dragapult|0 fnt
|-enditem|p1a: Dragapult|Choice Band|[from] move: Knock Off|[of] p2a: Conkeldurr
|faint|p1a: Dragapult
|
|-fieldend|move: Trick Room
|-status|p2a: Conkeldurr|brn|[from] item: Flame Orb
|upkeep
|
|t:|1776078735
|switch|p1a: Uxie|Uxie|37/100
|turn|13
|
|t:|1776078746
|move|p1a: Uxie|Future Sight|p2a: Conkeldurr
|-start|p1a: Uxie|move: Future Sight
|move|p2a: Conkeldurr|Knock Off|p1a: Uxie
|-supereffective|p1a: Uxie
|-damage|p1a: Uxie|0 fnt
|faint|p1a: Uxie
|
|-damage|p2a: Conkeldurr|94/100 brn|[from] brn
|upkeep
|
|t:|1776078751
|switch|p1a: Pecharunt|Pecharunt|100/100
|-item|p1a: Pecharunt|Air Balloon
|turn|14
|
|t:|1776078760
|-terastallize|p1a: Pecharunt|Fairy
|-terastallize|p2a: Conkeldurr|Dark
|move|p1a: Pecharunt|Nasty Plot|p1a: Pecharunt
|-boost|p1a: Pecharunt|spa|2
|move|p2a: Conkeldurr|Knock Off|p1a: Pecharunt
|-resisted|p1a: Pecharunt
|-damage|p1a: Pecharunt|75/100
|-enditem|p1a: Pecharunt|Air Balloon
|
|-damage|p2a: Conkeldurr|88/100 brn|[from] brn
|upkeep
|turn|15
|
|t:|1776078775
|switch|p2a: Slowking|Slowking, M|100/100
|move|p1a: Pecharunt|Malignant Chain|p2a: Slowking
|-damage|p2a: Slowking|57/100
|-status|p2a: Slowking|tox
|-start|p2a: Slowking|confusion|[from] ability: Poison Puppeteer|[of] p1a: Pecharunt
|
|-end|p2a: Slowking|move: Future Sight
|-resisted|p2a: Slowking
|-damage|p2a: Slowking|46/100 tox
|-heal|p2a: Slowking|52/100 tox|[from] item: Leftovers
|-damage|p2a: Slowking|46/100 tox|[from] psn
|upkeep
|turn|16
|
|t:|1776078793
|move|p1a: Pecharunt|Nasty Plot|p1a: Pecharunt
|-boost|p1a: Pecharunt|spa|2
|-activate|p2a: Slowking|confusion
|move|p2a: Slowking|Trick Room|p2a: Slowking
|-fieldstart|move: Trick Room|[of] p2a: Slowking
|
|-heal|p2a: Slowking|52/100 tox|[from] item: Leftovers
|-damage|p2a: Slowking|40/100 tox|[from] psn
|upkeep
|turn|17
|
|t:|1776078806
|switch|p2a: Ursaluna|Ursaluna, M|100/100
|move|p1a: Pecharunt|Malignant Chain|p2a: Ursaluna
|-resisted|p2a: Ursaluna
|-damage|p2a: Ursaluna|58/100
|-status|p2a: Ursaluna|tox
|-start|p2a: Ursaluna|confusion|[from] ability: Poison Puppeteer|[of] p1a: Pecharunt
|
|-damage|p2a: Ursaluna|52/100 tox|[from] psn
|upkeep
|turn|18
|
|t:|1776078818
|-activate|p2a: Ursaluna|confusion
|move|p2a: Ursaluna|Facade|p1a: Pecharunt
|-damage|p1a: Pecharunt|0 fnt
|faint|p1a: Pecharunt
|
|-damage|p2a: Ursaluna|40/100 tox|[from] psn
|upkeep
|
|t:|1776078823
|switch|p1a: Farigiraf|Farigiraf, M|100/100
|-damage|p1a: Farigiraf|88/100|[from] Spikes
|turn|19
|
|t:|1776078829
|-activate|p2a: Ursaluna|confusion
|move|p2a: Ursaluna|Facade|p1a: Farigiraf
|-crit|p1a: Farigiraf
|-damage|p1a: Farigiraf|0 fnt
|faint|p1a: Farigiraf
|
|-damage|p2a: Ursaluna|21/100 tox|[from] psn
|upkeep
|
|t:|1776078835
|switch|p1a: Raging Bolt|Raging Bolt|100/100
|-damage|p1a: Raging Bolt|88/100|[from] Spikes
|-enditem|p1a: Raging Bolt|Booster Energy
|-activate|p1a: Raging Bolt|ability: Protosynthesis|[fromitem]
|-start|p1a: Raging Bolt|protosynthesisspa
|turn|20
|
|t:|1776078841
|-activate|p2a: Ursaluna|confusion
|move|p2a: Ursaluna|Earthquake|p1a: Raging Bolt
|-supereffective|p1a: Raging Bolt
|-damage|p1a: Raging Bolt|0 fnt
|faint|p1a: Raging Bolt
|-end|p1a: Raging Bolt|Protosynthesis|[silent]
|
|-damage|p2a: Ursaluna|0 fnt|[from] psn
|faint|p2a: Ursaluna
|-fieldend|move: Trick Room
|upkeep
|
|t:|1776078856
|switch|p1a: Great Tusk|Great Tusk|100/100
|switch|p2a: Slowking|Slowking, M|74/100 tox
|-damage|p1a: Great Tusk|88/100|[from] Spikes
|-enditem|p1a: Great Tusk|Booster Energy
|-activate|p1a: Great Tusk|ability: Protosynthesis|[fromitem]
|-start|p1a: Great Tusk|protosynthesisspe
|turn|21
|-message|Isabelldra forfeited.
|
|win|versacis
|raw|Isabelldra's rating: 1319 &rarr; <strong>1300</strong><br />(-19 for losing)
|raw|versacis's rating: 1332 &rarr; <strong>1351</strong><br />(+19 for winning)
|l|☆Isabelldra
|player|p1|
|l|☆versacis
|player|p2|
