|html|<div class="broadcast-blue"><strong>[Gen 9] OU is currently suspecting Tera Blast! For information on how to participate check out the <a href="https://www.smogon.com/tools/suspects/view/200">suspect thread</a>.</strong></div>
|j|☆JohnArq
|j|☆yanxbro952
|t:|1776078492
|gametype|singles
|player|p1|JohnArq|benga|1117
|player|p2|yanxbro952|1|1161
|gen|9
|tier|[Gen 9] OU
|rated|
|rule|HP Percentage Mod: HP is shown in percentages
|rule|Endless Battle Clause: Forcing endless battles is banned
|rule|Species Clause: Limit one of each Pokémon
|rule|OHKO Clause: OHKO moves are banned
|rule|Evasion Items Clause: Evasion items are banned
|rule|Evasion Moves Clause: Evasion moves are banned
|rule|Evasion Abilities Clause: Evasion abilities are banned
|rule|Sleep Moves Clause: Sleep-inducing moves are banned
|clearpoke
|poke|p1|Empoleon, M|
|poke|p1|Primarina, F|
|poke|p1|Serperior, M|
|poke|p1|Venusaur, M|
|poke|p1|Delphox, F|
|poke|p1|Skeledirge, M|
|poke|p2|Deoxys-Defense|
|poke|p2|Landorus-Therian, M|
|poke|p2|Zamazenta-*|
|poke|p2|Iron Crown|
|poke|p2|Kommo-o, M|
|poke|p2|Raging Bolt|
|teampreview
|
|t:|1776078519
|teamsize|p1|6
|teamsize|p2|6
|start
|switch|p1a: Venusaur|Venusaur, M|100/100
|switch|p2a: Deoxys|Deoxys-Defense|100/100
|-ability|p2a: Deoxys|Pressure
|turn|1
|
|t:|1776078528
|move|p2a: Deoxys|Extreme Speed|p1a: Venusaur
|-damage|p1a: Venusaur|84/100
|move|p1a: Venusaur|Toxic|p2a: Deoxys
|-status|p2a: Deoxys|tox
|
|-heal|p1a: Venusaur|90/100|[from] item: Black Sludge
|-damage|p2a: Deoxys|94/100 tox|[from] psn
|upkeep
|turn|2
|
|t:|1776078556
|switch|p1a: Serperior|Serperior, M|100/100
|move|p2a: Deoxys|Mirror Coat||[still]
|-fail|p2a: Deoxys
|
|-heal|p2a: Deoxys|100/100 tox|[from] item: Leftovers
|-damage|p2a: Deoxys|88/100 tox|[from] psn
|upkeep
|turn|3
|
|t:|1776078565
|move|p1a: Serperior|Leech Seed|p2a: Deoxys|[miss]
|-miss|p1a: Serperior|p2a: Deoxys
|move|p2a: Deoxys|Mirror Coat||[still]
|-fail|p2a: Deoxys
|
|-heal|p2a: Deoxys|94/100 tox|[from] item: Leftovers
|-damage|p2a: Deoxys|75/100 tox|[from] psn
|upkeep
|turn|4
|
|t:|1776078574
|switch|p2a: Kommo-o|Kommo-o, M|100/100
|move|p1a: Serperior|Leech Seed|p2a: Kommo-o|[miss]
|-miss|p1a: Serperior|p2a: Kommo-o
|
|upkeep
|turn|5
|
|t:|1776078580
|move|p1a: Serperior|Leech Seed|p2a: Kommo-o
|-start|p2a: Kommo-o|move: Leech Seed
|move|p2a: Kommo-o|Clangorous Soul|p2a: Kommo-o
|-boost|p2a: Kommo-o|atk|1
|-boost|p2a: Kommo-o|def|1
|-boost|p2a: Kommo-o|spa|1
|-boost|p2a: Kommo-o|spd|1
|-boost|p2a: Kommo-o|spe|1
|-damage|p2a: Kommo-o|68/100
|-enditem|p2a: Kommo-o|Throat Spray
|-boost|p2a: Kommo-o|spa|1|[from] item: Throat Spray
|
|-damage|p2a: Kommo-o|55/100|[from] Leech Seed|[of] p1a: Serperior
|upkeep
|turn|6
|
|t:|1776078638
|move|p1a: Serperior|Protect|p1a: Serperior
|-singleturn|p1a: Serperior|Protect
|move|p2a: Kommo-o|Boomburst|p1a: Serperior
|-activate|p1a: Serperior|move: Protect
|
|-damage|p2a: Kommo-o|43/100|[from] Leech Seed|[of] p1a: Serperior
|upkeep
|turn|7
|
|t:|1776078652
|-terastallize|p1a: Serperior|Steel
|move|p2a: Kommo-o|Clanging Scales|p1a: Serperior
|-resisted|p1a: Serperior
|-damage|p1a: Serperior|56/100
|-unboost|p2a: Kommo-o|def|1
|move|p1a: Serperior|Leaf Storm|p2a: Kommo-o
|-resisted|p2a: Kommo-o
|-damage|p2a: Kommo-o|28/100
|-boost|p1a: Serperior|spa|2
|
|-heal|p1a: Serperior|63/100|[from] item: Leftovers
|-damage|p2a: Kommo-o|16/100|[from] Leech Seed|[of] p1a: Serperior
|-heal|p1a: Serperior|73/100|[silent]
|upkeep
|turn|8
|
|t:|1776078666
|move|p1a: Serperior|Protect|p1a: Serperior
|-singleturn|p1a: Serperior|Protect
|move|p2a: Kommo-o|Aura Sphere|p1a: Serperior
|-activate|p1a: Serperior|move: Protect
|
|-heal|p1a: Serperior|79/100|[from] item: Leftovers
|-damage|p2a: Kommo-o|4/100|[from] Leech Seed|[of] p1a: Serperior
|-heal|p1a: Serperior|89/100|[silent]
|upkeep
|turn|9
|
|t:|1776078677
|switch|p1a: Venusaur|Venusaur, M|90/100
|move|p2a: Kommo-o|Aura Sphere|p1a: Venusaur
|-resisted|p1a: Venusaur
|-damage|p1a: Venusaur|50/100
|
|-heal|p1a: Venusaur|56/100|[from] item: Black Sludge
|-damage|p2a: Kommo-o|0 fnt|[from] Leech Seed|[of] p1a: Venusaur
|-heal|p1a: Venusaur|59/100|[silent]
|faint|p2a: Kommo-o
|upkeep
|
|t:|1776078711
|switch|p2a: Iron Crown|Iron Crown|100/100
|-enditem|p2a: Iron Crown|Booster Energy
|-activate|p2a: Iron Crown|ability: Quark Drive|[fromitem]
|-start|p2a: Iron Crown|quarkdrivespa
|turn|10
|
|t:|1776078724
|move|p1a: Venusaur|Protect|p1a: Venusaur
|-singleturn|p1a: Venusaur|Protect
|move|p2a: Iron Crown|Psychic|p1a: Venusaur
|-activate|p1a: Venusaur|move: Protect
|
|-heal|p1a: Venusaur|65/100|[from] item: Black Sludge
|upkeep
|turn|11
|
|t:|1776078759
|switch|p1a: Delphox|Delphox, F|100/100
|move|p2a: Iron Crown|Psychic|p1a: Delphox
|-resisted|p1a: Delphox
|-damage|p1a: Delphox|77/100
|
|upkeep
|turn|12
|
|t:|1776078766
|move|p1a: Delphox|Mystical Fire|p2a: Iron Crown
|-supereffective|p2a: Iron Crown
|-damage|p2a: Iron Crown|31/100
|-unboost|p2a: Iron Crown|spa|1
|move|p2a: Iron Crown|Volt Switch|p1a: Delphox
|-damage|p1a: Delphox|61/100
|
|t:|1776078774
|-end|p2a: Iron Crown|Quark Drive|[silent]
|switch|p2a: Zamazenta|Zamazenta|100/100|[from] Volt Switch
|-ability|p2a: Zamazenta|Dauntless Shield|boost
|-boost|p2a: Zamazenta|def|1
|
|upkeep
|turn|13
|-message|yanxbro952 forfeited.
|
|win|JohnArq
|raw|JohnArq's rating: 1117 &rarr; <strong>1145</strong><br />(+28 for winning)
|raw|yanxbro952's rating: 1161 &rarr; <strong>1133</strong><br />(-28 for losing)
|l|☆yanxbro952
|player|p2|
|l|☆JohnArq
|player|p1|
