|html|<div class="broadcast-blue"><strong>[Gen 9] OU is currently suspecting Tera Blast! For information on how to participate check out the <a href="https://www.smogon.com/tools/suspects/view/200">suspect thread</a>.</strong></div>
|j|☆dialethetica
|j|☆Trac!3.Mart3l
|t:|1776053573
|gametype|singles
|player|p1|dialethetica|101|1128
|player|p2|Trac!3.Mart3l|lusamine-masters|1097
|gen|9
|tier|[Gen 9] OU
|rated|
|rule|HP Percentage Mod: HP is shown in percentages
|rule|Endless Battle Clause: Forcing endless battles is banned
|rule|Species Clause: Limit one of each Pokémon
|rule|OHKO Clause: OHKO moves are banned
|rule|Evasion Items Clause: Evasion items are banned
|rule|Evasion Moves Clause: Evasion moves are banned
|rule|Evasion Abilities Clause: Evasion abilities are banned
|rule|Sleep Moves Clause: Sleep-inducing moves are banned
|clearpoke
|poke|p1|Darkrai|
|poke|p1|Mimikyu, F|
|poke|p1|Zoroark-Hisui, F|
|poke|p1|Arcanine-Hisui, M|
|poke|p1|Great Tusk|
|poke|p1|Kingambit, M|
|poke|p2|Primarina, M|
|poke|p2|Blaziken, M|
|poke|p2|Corviknight, M|
|poke|p2|Garchomp, F|
|poke|p2|Zoroark-Hisui, F|
|poke|p2|Hatterene, F|
|teampreview
|
|t:|1776053586
|teamsize|p1|6
|teamsize|p2|6
|start
|switch|p1a: Darkrai|Darkrai|100/100
|switch|p2a: Garchomp|Garchomp, F|100/100
|turn|1
|
|t:|1776053603
|switch|p2a: Hatterene|Hatterene, F|100/100
|move|p1a: Darkrai|Focus Blast|p2a: Hatterene|[miss]
|-miss|p1a: Darkrai|p2a: Hatterene
|
|upkeep
|turn|2
|
|t:|1776053614
|move|p1a: Darkrai|Dark Pulse|p2a: Hatterene
|-damage|p2a: Hatterene|55/100
|cant|p2a: Hatterene|flinch
|
|upkeep
|turn|3
|
|t:|1776053621
|move|p1a: Darkrai|Dark Pulse|p2a: Hatterene
|-damage|p2a: Hatterene|12/100
|move|p2a: Hatterene|Draining Kiss|p1a: Darkrai
|-supereffective|p1a: Darkrai
|-crit|p1a: Darkrai
|-damage|p1a: Darkrai|0 fnt
|-heal|p2a: Hatterene|78/100|[from] drain|[of] p1a: Darkrai
|faint|p1a: Darkrai
|
|upkeep
|
|t:|1776053638
|switch|p1a: Mimikyu|Mimikyu, F, shiny|100/100
|turn|4
|
|t:|1776053646
|move|p1a: Mimikyu|Swords Dance|p1a: Mimikyu
|-boost|p1a: Mimikyu|atk|2
|move|p2a: Hatterene|Draining Kiss|p1a: Mimikyu
|-activate|p1a: Mimikyu|ability: Disguise
|-damage|p1a: Mimikyu|100/100
|detailschange|p1a: Mimikyu|Mimikyu-Busted, F, shiny
|-damage|p1a: Mimikyu|88/100|[from] pokemon: Mimikyu-Busted
|
|upkeep
|turn|5
|
|t:|1776053659
|switch|p2a: Corviknight|Corviknight, M|100/100
|move|p1a: Mimikyu|Shadow Sneak|p2a: Corviknight
|-damage|p2a: Corviknight|67/100
|-damage|p1a: Mimikyu|78/100|[from] item: Life Orb
|
|upkeep
|turn|6
|
|t:|1776053670
|move|p1a: Mimikyu|Drain Punch|p2a: Corviknight
|-damage|p2a: Corviknight|21/100
|-heal|p1a: Mimikyu|100/100|[from] drain|[of] p2a: Corviknight
|-damage|p1a: Mimikyu|91/100|[from] item: Life Orb
|move|p2a: Corviknight|Brave Bird|p1a: Mimikyu
|-damage|p1a: Mimikyu|30/100
|-damage|p2a: Corviknight|8/100|[from] Recoil
|
|upkeep
|turn|7
|
|t:|1776053682
|switch|p2a: Garchomp|Garchomp, F|100/100
|move|p1a: Mimikyu|Shadow Sneak|p2a: Garchomp
|-immune|p2a: Garchomp
|
|upkeep
|turn|8
|
|t:|1776053692
|switch|p1a: Great Tusk|Great Tusk|100/100
|move|p2a: Garchomp|Bitter Malice|p1a: Great Tusk
|-damage|p1a: Great Tusk|37/100
|-unboost|p1a: Great Tusk|atk|1
|-damage|p2a: Garchomp|91/100|[from] item: Life Orb
|
|upkeep
|turn|9
|
|t:|1776053704
|move|p2a: Garchomp|Bitter Malice|p1a: Great Tusk
|-damage|p1a: Great Tusk|0 fnt
|faint|p1a: Great Tusk
|-end|p1a: Great Tusk|Protosynthesis|[silent]
|-damage|p2a: Garchomp|81/100|[from] item: Life Orb
|
|upkeep
|
|t:|1776053716
|switch|p1a: Kingambit|Kingambit, M|100/100
|turn|10
|
|t:|1776053727
|switch|p2a: Corviknight|Corviknight, M|8/100
|move|p1a: Kingambit|Shadow Ball|p2a: Corviknight
|-damage|p2a: Corviknight|0 fnt
|faint|p2a: Corviknight
|
|upkeep
|
|t:|1776053735
|switch|p2a: Garchomp|Garchomp, F|81/100
|turn|11
|
|t:|1776053740
|move|p1a: Kingambit|Shadow Ball|p2a: Garchomp
|-immune|p2a: Garchomp
|move|p2a: Garchomp|Will-O-Wisp|p1a: Kingambit
|-status|p1a: Kingambit|brn
|
|-damage|p1a: Kingambit|95/100 brn|[from] brn
|upkeep
|turn|12
|
|t:|1776053760
|switch|p2a: Hatterene|Hatterene, F|78/100
|switch|p1a: Arcanine|Arcanine-Hisui, M, shiny|100/100
|
|upkeep
|turn|13
|
|t:|1776053774
|move|p1a: Arcanine|Extreme Speed|p2a: Hatterene
|-damage|p2a: Hatterene|36/100
|-damage|p1a: Arcanine|84/100|[from] item: Rocky Helmet|[of] p2a: Hatterene
|move|p2a: Hatterene|Draining Kiss|p1a: Arcanine
|-resisted|p1a: Arcanine
|-damage|p1a: Arcanine|65/100
|-heal|p2a: Hatterene|51/100|[from] drain|[of] p1a: Arcanine
|
|upkeep
|turn|14
|
|t:|1776053784
|switch|p2a: Garchomp|Garchomp, F|100/100
|move|p1a: Arcanine|Extreme Speed|p2a: Garchomp
|-crit|p2a: Garchomp
|-damage|p2a: Garchomp|43/100
|-damage|p1a: Arcanine|52/100|[from] ability: Rough Skin|[of] p2a: Garchomp
|
|upkeep
|turn|15
|
|t:|1776053795
|move|p1a: Arcanine|Extreme Speed|p2a: Garchomp
|-damage|p2a: Garchomp|3/100
|-damage|p1a: Arcanine|40/100|[from] ability: Rough Skin|[of] p2a: Garchomp
|move|p2a: Garchomp|Earthquake|p1a: Arcanine
|-supereffective|p1a: Arcanine
|-damage|p1a: Arcanine|0 fnt
|faint|p1a: Arcanine
|
|upkeep
|
|t:|1776053809
|switch|p1a: Kingambit|Kingambit, M|95/100 brn
|turn|16
|
|t:|1776053817
|move|p1a: Kingambit|Shadow Ball|p2a: Garchomp
|-damage|p2a: Garchomp|0 fnt
|faint|p2a: Garchomp
|
|-damage|p1a: Kingambit|89/100 brn|[from] brn
|upkeep
|
|t:|1776053843
|switch|p2a: Primarina|Primarina, M|100/100
|turn|17
|
|t:|1776053848
|move|p1a: Kingambit|Shadow Ball|p2a: Primarina
|-damage|p2a: Primarina|54/100
|move|p2a: Primarina|Hydro Pump|p1a: Kingambit
|-damage|p1a: Kingambit|0 fnt
|replace|p1a: Zoroark|Zoroark-Hisui, F, shiny
|-end|p1a: Zoroark|Illusion
|faint|p1a: Zoroark
|
|upkeep
|
|t:|1776053857
|switch|p1a: Mimikyu|Mimikyu-Busted, F, shiny|30/100
|turn|18
|
|t:|1776053876
|move|p1a: Mimikyu|Play Rough|p2a: Primarina
|-damage|p2a: Primarina|0 fnt
|faint|p2a: Primarina
|-damage|p1a: Mimikyu|20/100|[from] item: Life Orb
|
|upkeep
|
|t:|1776053883
|switch|p2a: Blaziken|Blaziken, M|100/100
|turn|19
|
|t:|1776053891
|move|p1a: Mimikyu|Shadow Sneak|p2a: Blaziken
|-damage|p2a: Blaziken|62/100
|-damage|p1a: Mimikyu|10/100|[from] item: Life Orb
|move|p2a: Blaziken|Focus Energy|p2a: Blaziken
|-start|p2a: Blaziken|move: Focus Energy
|
|-ability|p2a: Blaziken|Speed Boost|boost
|-boost|p2a: Blaziken|spe|1
|upkeep
|turn|20
|
|t:|1776053902
|move|p1a: Mimikyu|Shadow Sneak|p2a: Blaziken
|-damage|p2a: Blaziken|27/100
|-damage|p1a: Mimikyu|0 fnt|[from] item: Life Orb
|faint|p1a: Mimikyu
|move|p2a: Blaziken|Thunder Punch|p1: Mimikyu|[notarget]
|-fail|p2a: Blaziken
|
|-ability|p2a: Blaziken|Speed Boost|boost
|-boost|p2a: Blaziken|spe|1
|upkeep
|
|t:|1776053911
|switch|p1a: Kingambit|Kingambit, M|100/100
|-activate|p1a: Kingambit|ability: Supreme Overlord
|-start|p1a: Kingambit|fallen5|[silent]
|turn|21
|
|t:|1776053920
|move|p1a: Kingambit|Sucker Punch|p2a: Blaziken
|-resisted|p2a: Blaziken
|-damage|p2a: Blaziken|0 fnt
|faint|p2a: Blaziken
|
|upkeep
|
|t:|1776053925
|switch|p2a: Hatterene|Hatterene, F|81/100
|turn|22
|
|t:|1776053932
|move|p1a: Kingambit|Sucker Punch||[still]
|-fail|p1a: Kingambit
|move|p2a: Hatterene|Will-O-Wisp|p1a: Kingambit
|-status|p1a: Kingambit|brn
|
|-damage|p1a: Kingambit|94/100 brn|[from] brn
|upkeep
|turn|23
|
|t:|1776053944
|move|p1a: Kingambit|Sucker Punch|p2a: Hatterene
|-supereffective|p2a: Hatterene
|-damage|p2a: Hatterene|0 fnt
|replace|p2a: Zoroark|Zoroark-Hisui, F
|-end|p2a: Zoroark|Illusion
|faint|p2a: Zoroark
|
|-damage|p1a: Kingambit|88/100 brn|[from] brn
|upkeep
|
|t:|1776053952
|switch|p2a: Hatterene|Hatterene, F|51/100
|turn|24
|
|t:|1776053961
|move|p1a: Kingambit|Sucker Punch|p2a: Hatterene
|-damage|p2a: Hatterene|8/100
|-damage|p1a: Kingambit|72/100 brn|[from] item: Rocky Helmet|[of] p2a: Hatterene
|move|p2a: Hatterene|Draining Kiss|p1a: Kingambit
|-damage|p1a: Kingambit|44/100 brn
|-heal|p2a: Hatterene|34/100|[from] drain|[of] p1a: Kingambit
|
|-damage|p1a: Kingambit|38/100 brn|[from] brn
|upkeep
|turn|25
|
|t:|1776053974
|move|p1a: Kingambit|Sucker Punch||[still]
|-fail|p1a: Kingambit
|move|p2a: Hatterene|Calm Mind|p2a: Hatterene
|-boost|p2a: Hatterene|spa|1
|-boost|p2a: Hatterene|spd|1
|
|-damage|p1a: Kingambit|32/100 brn|[from] brn
|upkeep
|turn|26
|
|t:|1776053993
|move|p1a: Kingambit|Iron Head|p2a: Hatterene
|-supereffective|p2a: Hatterene
|-damage|p2a: Hatterene|0 fnt
|-damage|p1a: Kingambit|15/100 brn|[from] item: Rocky Helmet|[of] p2a: Hatterene
|faint|p2a: Hatterene
|
|win|dialethetica
|raw|dialethetica's rating: 1128 &rarr; <strong>1151</strong><br />(+23 for winning)
|raw|Trac!3.Mart3l's rating: 1097 &rarr; <strong>1075</strong><br />(-22 for losing)
|c|☆Trac!3.Mart3l|gg
|c|☆Trac!3.Mart3l|.almost had yo
|c|☆dialethetica|Gg
|c|☆dialethetica|yeah that’s a close one
|c|☆Trac!3.Mart3l|super close
|c|☆dialethetica|lowkey he’s unfair ngl
|c|☆dialethetica|but you did a good job with your zoroark you had me
|c|☆Trac!3.Mart3l|i got cocky lol
|l|☆dialethetica
|player|p1|
|c|☆Trac!3.Mart3l|i thought i had already burned it
|l|☆Trac!3.Mart3l
|player|p2|
