|html|<div class="broadcast-blue"><strong>[Gen 9] OU is currently suspecting Tera Blast! For information on how to participate check out the <a href="https://www.smogon.com/tools/suspects/view/200">suspect thread</a>.</strong></div>
|j|☆Connor ogden
|j|‽KAHALL
|t:|1776083502
|gametype|singles
|player|p1|Connor ogden|102|1120
|player|p2|KAHALL|265|1139
|gen|9
|tier|[Gen 9] OU
|rated|
|rule|HP Percentage Mod: HP is shown in percentages
|rule|Endless Battle Clause: Forcing endless battles is banned
|rule|Species Clause: Limit one of each Pokémon
|rule|OHKO Clause: OHKO moves are banned
|rule|Evasion Items Clause: Evasion items are banned
|rule|Evasion Moves Clause: Evasion moves are banned
|rule|Evasion Abilities Clause: Evasion abilities are banned
|rule|Sleep Moves Clause: Sleep-inducing moves are banned
|clearpoke
|poke|p1|Clawitzer, M|
|poke|p1|Dragapult, M|
|poke|p1|Ting-Lu|
|poke|p1|Corviknight, M|
|poke|p1|Garchomp, M|
|poke|p1|Heatran, F|
|poke|p2|Bisharp, M|
|poke|p2|Swampert, F|
|poke|p2|Ribombee, M|
|poke|p2|Cryogonal|
|poke|p2|Dachsbun, M|
|poke|p2|Weezing, M|
|teampreview
|l|‽KAHALL
|player|p2|
|
|t:|1776083544
|teamsize|p1|6
|teamsize|p2|6
|start
|switch|p1a: Garchomp|Garchomp, M|100/100
|switch|p2a: Swampert|Swampert, F|100/100
|turn|1
|j|‽KAHALL
|player|p2|KAHALL|265|
|n|‽KAHALL|kahall
|
|t:|1776083570
|move|p1a: Garchomp|Swords Dance|p1a: Garchomp
|-boost|p1a: Garchomp|atk|2
|move|p2a: Swampert|Knock Off|p1a: Garchomp
|-damage|p1a: Garchomp|70/100
|-damage|p2a: Swampert|88/100|[from] ability: Rough Skin|[of] p1a: Garchomp
|-damage|p2a: Swampert|72/100|[from] item: Rocky Helmet|[of] p1a: Garchomp
|-enditem|p1a: Garchomp|Rocky Helmet|[from] move: Knock Off|[of] p2a: Swampert
|
|-heal|p2a: Swampert|78/100|[from] item: Leftovers
|upkeep
|turn|2
|
|t:|1776083587
|move|p1a: Garchomp|Earthquake|p2a: Swampert
|-damage|p2a: Swampert|0 fnt
|faint|p2a: Swampert
|
|upkeep
|
|t:|1776083595
|switch|p2a: Ribombee|Ribombee, M|100/100
|turn|3
|
|t:|1776083607
|move|p2a: Ribombee|Moonblast|p1a: Garchomp
|-supereffective|p1a: Garchomp
|-damage|p1a: Garchomp|0 fnt
|faint|p1a: Garchomp
|
|upkeep
|
|t:|1776083615
|switch|p1a: Heatran|Heatran, F, shiny|100/100
|-item|p1a: Heatran|Air Balloon
|turn|4
|
|t:|1776083624
|switch|p2a: Dachsbun|Dachsbun, M|100/100
|move|p1a: Heatran|Heavy Slam|p2a: Dachsbun
|-supereffective|p2a: Dachsbun
|-damage|p2a: Dachsbun|33/100
|
|-heal|p2a: Dachsbun|39/100|[from] item: Leftovers
|upkeep
|turn|5
|
|t:|1776083634
|move|p2a: Dachsbun|Protect|p2a: Dachsbun
|-singleturn|p2a: Dachsbun|Protect
|move|p1a: Heatran|Heavy Slam|p2a: Dachsbun
|-activate|p2a: Dachsbun|move: Protect
|
|-heal|p2a: Dachsbun|45/100|[from] item: Leftovers
|upkeep
|turn|6
|
|t:|1776083644
|switch|p2a: Bisharp|Bisharp, M|100/100
|move|p1a: Heatran|Heavy Slam|p2a: Bisharp
|-resisted|p2a: Bisharp
|-damage|p2a: Bisharp|87/100
|
|upkeep
|turn|7
|
|t:|1776083654
|switch|p2a: Dachsbun|Dachsbun, M|45/100
|move|p1a: Heatran|Lava Plume|p2a: Dachsbun
|-ability|p2a: Dachsbun|Well-Baked Body|boost
|-boost|p2a: Dachsbun|def|2
|
|-heal|p2a: Dachsbun|50/100|[from] item: Leftovers
|upkeep
|turn|8
|
|t:|1776083664
|move|p1a: Heatran|Earth Power|p2a: Dachsbun
|-damage|p2a: Dachsbun|27/100
|move|p2a: Dachsbun|Wish|p2a: Dachsbun
|
|-heal|p2a: Dachsbun|33/100|[from] item: Leftovers
|upkeep
|turn|9
|
|t:|1776083675
|move|p2a: Dachsbun|Protect|p2a: Dachsbun
|-singleturn|p2a: Dachsbun|Protect
|move|p1a: Heatran|Heavy Slam|p2a: Dachsbun
|-activate|p2a: Dachsbun|move: Protect
|
|-heal|p2a: Dachsbun|83/100|[from] move: Wish|[wisher] Dachsbun
|-heal|p2a: Dachsbun|89/100|[from] item: Leftovers
|upkeep
|turn|10
|
|t:|1776083685
|switch|p1a: Moose man|Ting-Lu, shiny|100/100
|-ability|p1a: Moose man|Vessel of Ruin
|move|p2a: Dachsbun|Body Press|p1a: Moose man
|-supereffective|p1a: Moose man
|-damage|p1a: Moose man|57/100
|
|-heal|p2a: Dachsbun|95/100|[from] item: Leftovers
|-heal|p1a: Moose man|63/100|[from] item: Leftovers
|upkeep
|turn|11
|
|t:|1776083695
|move|p2a: Dachsbun|Play Rough|p1a: Moose man
|-supereffective|p1a: Moose man
|-damage|p1a: Moose man|29/100
|move|p1a: Moose man|Stealth Rock|p2a: Dachsbun
|-sidestart|p2: KAHALL|move: Stealth Rock
|
|-heal|p2a: Dachsbun|100/100|[from] item: Leftovers
|-heal|p1a: Moose man|35/100|[from] item: Leftovers
|upkeep
|turn|12
|
|t:|1776083704
|move|p2a: Dachsbun|Body Press|p1a: Moose man
|-supereffective|p1a: Moose man
|-damage|p1a: Moose man|0 fnt
|faint|p1a: Moose man
|
|upkeep
|
|t:|1776083711
|switch|p1a: chud|Corviknight, M, shiny|100/100
|-ability|p1a: chud|Unnerve
|turn|13
|
|t:|1776083720
|move|p2a: Dachsbun|Body Press|p1a: chud
|-damage|p1a: chud|75/100
|move|p1a: chud|Heavy Slam|p2a: Dachsbun
|-supereffective|p2a: Dachsbun
|-damage|p2a: Dachsbun|68/100
|
|-heal|p2a: Dachsbun|74/100|[from] item: Leftovers
|-heal|p1a: chud|81/100|[from] item: Leftovers
|upkeep
|turn|14
|
|t:|1776083729
|move|p2a: Dachsbun|Body Press|p1a: chud
|-damage|p1a: chud|56/100
|move|p1a: chud|Heavy Slam|p2a: Dachsbun
|-supereffective|p2a: Dachsbun
|-damage|p2a: Dachsbun|38/100
|
|-heal|p2a: Dachsbun|44/100|[from] item: Leftovers
|-heal|p1a: chud|62/100|[from] item: Leftovers
|upkeep
|turn|15
|
|t:|1776083738
|move|p2a: Dachsbun|Wish|p2a: Dachsbun
|move|p1a: chud|Heavy Slam|p2a: Dachsbun
|-supereffective|p2a: Dachsbun
|-damage|p2a: Dachsbun|7/100
|
|-heal|p2a: Dachsbun|13/100|[from] item: Leftovers
|-heal|p1a: chud|68/100|[from] item: Leftovers
|upkeep
|turn|16
|
|t:|1776083748
|move|p2a: Dachsbun|Protect|p2a: Dachsbun
|-singleturn|p2a: Dachsbun|Protect
|move|p1a: chud|Roost|p1a: chud
|-heal|p1a: chud|100/100
|-singleturn|p1a: chud|move: Roost
|
|-heal|p2a: Dachsbun|63/100|[from] move: Wish|[wisher] Dachsbun
|-heal|p2a: Dachsbun|69/100|[from] item: Leftovers
|upkeep
|turn|17
|
|t:|1776083757
|move|p2a: Dachsbun|Wish|p2a: Dachsbun
|move|p1a: chud|Heavy Slam|p2a: Dachsbun
|-supereffective|p2a: Dachsbun
|-damage|p2a: Dachsbun|35/100
|
|-heal|p2a: Dachsbun|41/100|[from] item: Leftovers
|upkeep
|turn|18
|
|t:|1776083789
|switch|p1a: Highest CE output|Clawitzer, M, shiny|100/100
|move|p2a: Dachsbun|Body Press|p1a: Highest CE output
|-damage|p1a: Highest CE output|55/100
|
|-heal|p2a: Dachsbun|91/100|[from] move: Wish|[wisher] Dachsbun
|-heal|p2a: Dachsbun|97/100|[from] item: Leftovers
|upkeep
|turn|19
|
|t:|1776083800
|move|p2a: Dachsbun|Play Rough|p1a: Highest CE output
|-damage|p1a: Highest CE output|24/100
|move|p1a: Highest CE output|Water Pulse|p2a: Dachsbun
|-damage|p2a: Dachsbun|36/100
|-start|p2a: Dachsbun|confusion
|-damage|p1a: Highest CE output|15/100|[from] item: Life Orb
|
|-heal|p2a: Dachsbun|42/100|[from] item: Leftovers
|upkeep
|turn|20
|
|t:|1776083813
|-activate|p2a: Dachsbun|confusion
|move|p2a: Dachsbun|Protect|p2a: Dachsbun
|-singleturn|p2a: Dachsbun|Protect
|move|p1a: Highest CE output|Water Pulse|p2a: Dachsbun
|-activate|p2a: Dachsbun|move: Protect
|
|-heal|p2a: Dachsbun|48/100|[from] item: Leftovers
|upkeep
|turn|21
|
|t:|1776083827
|-activate|p2a: Dachsbun|confusion
|move|p2a: Dachsbun|Body Press|p1a: Highest CE output
|-damage|p1a: Highest CE output|0 fnt
|faint|p1a: Highest CE output
|
|-heal|p2a: Dachsbun|54/100|[from] item: Leftovers
|upkeep
|
|t:|1776083840
|switch|p1a: chud|Corviknight, M, shiny|100/100
|-ability|p1a: chud|Unnerve
|turn|22
|
|t:|1776083845
|-activate|p2a: Dachsbun|confusion
|-damage|p2a: Dachsbun|50/100|[from] confusion
|move|p1a: chud|Heavy Slam|p2a: Dachsbun
|-supereffective|p2a: Dachsbun
|-damage|p2a: Dachsbun|14/100
|
|-heal|p2a: Dachsbun|20/100|[from] item: Leftovers
|upkeep
|turn|23
|
|t:|1776083854
|-activate|p2a: Dachsbun|confusion
|-damage|p2a: Dachsbun|15/100|[from] confusion
|move|p1a: chud|Heavy Slam|p2a: Dachsbun
|-supereffective|p2a: Dachsbun
|-damage|p2a: Dachsbun|0 fnt
|faint|p2a: Dachsbun
|
|upkeep
|
|t:|1776083859
|switch|p2a: Weezing|Weezing, M, shiny|100/100
|-damage|p2a: Weezing|88/100|[from] Stealth Rock
|turn|24
|
|t:|1776083869
|move|p1a: chud|Heavy Slam|p2a: Weezing
|-damage|p2a: Weezing|54/100
|move|p2a: Weezing|Thunder|p1a: chud
|-supereffective|p1a: chud
|-damage|p1a: chud|1/100
|
|-heal|p1a: chud|8/100|[from] item: Leftovers
|upkeep
|turn|25
|
|t:|1776083878
|move|p1a: chud|Brave Bird|p2a: Weezing
|-crit|p2a: Weezing
|-damage|p2a: Weezing|2/100
|-damage|p1a: chud|0 fnt|[from] Recoil
|faint|p1a: chud
|move|p2a: Weezing|Thunder|p1: chud|[notarget]
|-fail|p2a: Weezing
|
|upkeep
|
|t:|1776083886
|switch|p1a: loser|Dragapult, M|100/100
|turn|26
|
|t:|1776083899
|move|p1a: loser|U-turn|p2a: Weezing
|-resisted|p2a: Weezing
|-damage|p2a: Weezing|0 fnt
|faint|p2a: Weezing
|
|t:|1776083903
|switch|p1a: Heatran|Heatran, F, shiny|100/100|[from] U-turn
|-item|p1a: Heatran|Air Balloon
|
|upkeep
|
|t:|1776083904
|switch|p2a: Cryogonal|Cryogonal|100/100
|-damage|p2a: Cryogonal|76/100|[from] Stealth Rock
|turn|27
|
|t:|1776083916
|move|p2a: Cryogonal|Rapid Spin|p1a: Heatran
|-resisted|p1a: Heatran
|-damage|p1a: Heatran|97/100
|-boost|p2a: Cryogonal|spe|1
|-enditem|p1a: Heatran|Air Balloon
|-sideend|p2: KAHALL|Stealth Rock|[from] move: Rapid Spin|[of] p2a: Cryogonal
|-damage|p2a: Cryogonal|66/100|[from] item: Life Orb
|move|p1a: Heatran|Lava Plume|p2a: Cryogonal
|-supereffective|p2a: Cryogonal
|-damage|p2a: Cryogonal|8/100
|
|upkeep
|turn|28
|
|t:|1776083930
|-terastallize|p1a: Heatran|Fire
|move|p2a: Cryogonal|Freeze-Dry|p1a: Heatran
|-resisted|p1a: Heatran
|-damage|p1a: Heatran|82/100
|-status|p1a: Heatran|frz
|-damage|p2a: Cryogonal|0 fnt|[from] item: Life Orb
|faint|p2a: Cryogonal
|cant|p1a: Heatran|frz
|
|upkeep
|
|t:|1776083935
|switch|p2a: Bisharp|Bisharp, M|87/100
|turn|29
|
|t:|1776083942
|cant|p1a: Heatran|frz
|move|p2a: Bisharp|Swords Dance|p2a: Bisharp
|-boost|p2a: Bisharp|atk|2
|
|upkeep
|turn|30
|
|t:|1776083948
|cant|p1a: Heatran|frz
|move|p2a: Bisharp|Throat Chop|p1a: Heatran
|-damage|p1a: Heatran|12/100 frz
|-start|p1a: Heatran|Throat Chop|[silent]
|
|upkeep
|turn|31
|
|t:|1776083954
|cant|p1a: Heatran|frz
|move|p2a: Bisharp|Throat Chop|p1a: Heatran
|-damage|p1a: Heatran|0 fnt
|faint|p1a: Heatran
|
|upkeep
|
|t:|1776083961
|switch|p1a: loser|Dragapult, M|100/100
|turn|32
|
|t:|1776083973
|-terastallize|p2a: Bisharp|Flying
|move|p1a: loser|Thunderbolt|p2a: Bisharp
|-supereffective|p2a: Bisharp
|-damage|p2a: Bisharp|2/100
|move|p2a: Bisharp|Throat Chop|p1a: loser
|-supereffective|p1a: loser
|-damage|p1a: loser|0 fnt
|faint|p1a: loser
|
|win|KAHALL
|raw|Connor ogden's rating: 1120 &rarr; <strong>1096</strong><br />(-24 for losing)
|raw|KAHALL's rating: 1139 &rarr; <strong>1163</strong><br />(+24 for winning)
|l|‽KAHALL
|player|p2|
|l|☆Connor ogden
|player|p1|
