|html|<div class="broadcast-blue"><strong>[Gen 9] OU is currently suspecting Tera Blast! For information on how to participate check out the <a href="https://www.smogon.com/tools/suspects/view/200">suspect thread</a>.</strong></div>
|j|☆Fermin59
|j|☆manolo_the_butaner
|t:|1776074280
|gametype|singles
|player|p1|Fermin59|dawn|1079
|player|p2|manolo_the_butaner|265|1130
|gen|9
|tier|[Gen 9] OU
|rated|
|rule|HP Percentage Mod: HP is shown in percentages
|rule|Endless Battle Clause: Forcing endless battles is banned
|rule|Species Clause: Limit one of each Pokémon
|rule|OHKO Clause: OHKO moves are banned
|rule|Evasion Items Clause: Evasion items are banned
|rule|Evasion Moves Clause: Evasion moves are banned
|rule|Evasion Abilities Clause: Evasion abilities are banned
|rule|Sleep Moves Clause: Sleep-inducing moves are banned
|clearpoke
|poke|p1|Scizor, M|
|poke|p1|Heracross, F|
|poke|p1|Rotom-Wash|
|poke|p1|Gliscor, M|
|poke|p1|Zoroark, F|
|poke|p1|Yanmega, M|
|poke|p2|Ceruledge, F|
|poke|p2|Great Tusk|
|poke|p2|Iron Valiant|
|poke|p2|Dragapult, F|
|poke|p2|Ogerpon-Wellspring, F|
|poke|p2|Kingambit, F|
|teampreview
|inactive|Battle timer is ON: inactive players will automatically lose when time's up. (requested by manolo_the_butaner)
|inactive|Fermin59 has 120 seconds left.
|
|t:|1776074326
|teamsize|p1|6
|teamsize|p2|6
|start
|switch|p1a: Heracross|Heracross, F, shiny|100/100
|switch|p2a: Ogerpon|Ogerpon-Wellspring, F|100/100
|turn|1
|
|t:|1776074338
|move|p1a: Heracross|Nasty Plot|p1a: Heracross
|-boost|p1a: Heracross|spa|2
|move|p2a: Ogerpon|Play Rough|p1a: Heracross
|-supereffective|p1a: Heracross
|-damage|p1a: Heracross|0 fnt
|replace|p1a: Zorrón|Zoroark, F
|-end|p1a: Zorrón|Illusion
|faint|p1a: Zorrón
|
|upkeep
|
|t:|1776074346
|switch|p1a: Heracross|Heracross, F, shiny|100/100
|turn|2
|
|t:|1776074349
|move|p1a: Heracross|Megahorn|p2a: Ogerpon
|-supereffective|p2a: Ogerpon
|-damage|p2a: Ogerpon|0 fnt
|faint|p2a: Ogerpon
|
|upkeep
|
|t:|1776074357
|switch|p2a: Ceruledge|Ceruledge, F|100/100
|turn|3
|
|t:|1776074370
|switch|p1a: Gligy|Gliscor, M|100/100
|move|p2a: Ceruledge|Bitter Blade|p1a: Gligy
|-damage|p1a: Gligy|64/100
|
|-status|p1a: Gligy|tox|[from] item: Toxic Orb
|upkeep
|turn|4
|
|t:|1776074384
|switch|p2a: Great Tusk|Great Tusk|100/100
|-enditem|p2a: Great Tusk|Booster Energy
|-activate|p2a: Great Tusk|ability: Protosynthesis|[fromitem]
|-start|p2a: Great Tusk|protosynthesisatk
|move|p1a: Gligy|Protect||[still]
|-fail|p1a: Gligy
|
|-heal|p1a: Gligy|76/100 tox|[from] ability: Poison Heal
|upkeep
|turn|5
|
|t:|1776074393
|move|p1a: Gligy|Toxic|p2a: Great Tusk
|-status|p2a: Great Tusk|tox
|move|p2a: Great Tusk|Knock Off|p1a: Gligy
|-damage|p1a: Gligy|40/100 tox
|-enditem|p1a: Gligy|Toxic Orb|[from] move: Knock Off|[of] p2a: Great Tusk
|
|-heal|p1a: Gligy|52/100 tox|[from] ability: Poison Heal
|-damage|p2a: Great Tusk|94/100 tox|[from] psn
|upkeep
|turn|6
|
|t:|1776074406
|move|p1a: Gligy|Protect|p1a: Gligy
|-singleturn|p1a: Gligy|Protect
|move|p2a: Great Tusk|Stealth Rock|p1a: Gligy
|-sidestart|p1: Fermin59|move: Stealth Rock
|
|-heal|p1a: Gligy|65/100 tox|[from] ability: Poison Heal
|-damage|p2a: Great Tusk|82/100 tox|[from] psn
|upkeep
|turn|7
|inactive|Fermin59 has 120 seconds left.
|inactive|manolo_the_butaner has 120 seconds left.
|
|t:|1776074452
|switch|p1a: ESTÁ ROTO|Rotom-Wash|100/100
|-damage|p1a: ESTÁ ROTO|88/100|[from] Stealth Rock
|-end|p2a: Great Tusk|Protosynthesis|[silent]
|switch|p2a: Kingambit|Kingambit, F|100/100
|-activate|p2a: Kingambit|ability: Supreme Overlord
|-start|p2a: Kingambit|fallen1|[silent]
|
|-heal|p1a: ESTÁ ROTO|94/100|[from] item: Leftovers
|upkeep
|turn|8
|inactive|manolo_the_butaner has 120 seconds left.
|c|☆manolo_the_butaner|no digas eso
|
|t:|1776074482
|move|p1a: ESTÁ ROTO|Pain Split|p2a: Kingambit
|-sethp|p2a: Kingambit|92/100|[from] move: Pain Split|[silent]
|-sethp|p1a: ESTÁ ROTO|100/100|[from] move: Pain Split
|move|p2a: Kingambit|Kowtow Cleave|p1a: ESTÁ ROTO
|-damage|p1a: ESTÁ ROTO|38/100
|
|-heal|p1a: ESTÁ ROTO|45/100|[from] item: Leftovers
|upkeep
|turn|9
|
|t:|1776074492
|move|p2a: Kingambit|Sucker Punch||[still]
|-fail|p2a: Kingambit
|move|p1a: ESTÁ ROTO|Pain Split|p2a: Kingambit
|-sethp|p2a: Kingambit|66/100|[from] move: Pain Split|[silent]
|-sethp|p1a: ESTÁ ROTO|74/100|[from] move: Pain Split
|
|-heal|p1a: ESTÁ ROTO|80/100|[from] item: Leftovers
|upkeep
|turn|10
|inactive|Fermin59 has 120 seconds left.
|
|t:|1776074502
|move|p1a: ESTÁ ROTO|Will-O-Wisp|p2a: Kingambit|[miss]
|-miss|p1a: ESTÁ ROTO|p2a: Kingambit
|move|p2a: Kingambit|Kowtow Cleave|p1a: ESTÁ ROTO
|-damage|p1a: ESTÁ ROTO|12/100
|
|-heal|p1a: ESTÁ ROTO|18/100|[from] item: Leftovers
|upkeep
|turn|11
|inactive|Fermin59 has 120 seconds left.
|
|t:|1776074513
|move|p1a: ESTÁ ROTO|Pain Split|p2a: Kingambit
|-sethp|p2a: Kingambit|41/100|[from] move: Pain Split|[silent]
|-sethp|p1a: ESTÁ ROTO|46/100|[from] move: Pain Split
|move|p2a: Kingambit|Kowtow Cleave|p1a: ESTÁ ROTO
|-damage|p1a: ESTÁ ROTO|0 fnt
|faint|p1a: ESTÁ ROTO
|
|upkeep
|
|t:|1776074523
|switch|p1a: Yanmierda|Yanmega, M, shiny|100/100
|turn|12
|c|☆manolo_the_butaner|si lo usas ofensivo esta mas roto todavia
|inactive|manolo_the_butaner has 120 seconds left.
|
|t:|1776074535
|move|p1a: Yanmierda|Protect|p1a: Yanmierda
|-singleturn|p1a: Yanmierda|Protect
|move|p2a: Kingambit|Kowtow Cleave|p1a: Yanmierda
|-activate|p1a: Yanmierda|move: Protect
|
|-ability|p1a: Yanmierda|Speed Boost|boost
|-boost|p1a: Yanmierda|spe|1
|upkeep
|turn|13
|inactive|Fermin59 has 120 seconds left.
|
|t:|1776074572
|move|p1a: Yanmierda|Bug Buzz|p2a: Kingambit
|-damage|p2a: Kingambit|2/100
|-unboost|p2a: Kingambit|spd|1
|move|p2a: Kingambit|Swords Dance|p2a: Kingambit
|-boost|p2a: Kingambit|atk|2
|
|-ability|p1a: Yanmierda|Speed Boost|boost
|-boost|p1a: Yanmierda|spe|1
|upkeep
|turn|14
|
|t:|1776074591
|move|p2a: Kingambit|Sucker Punch|p1a: Yanmierda
|-damage|p1a: Yanmierda|0 fnt
|faint|p1a: Yanmierda
|
|upkeep
|
|t:|1776074595
|switch|p1a: Scyth3r|Scizor, M, shiny|100/100
|-damage|p1a: Scyth3r|88/100|[from] Stealth Rock
|turn|15
|
|t:|1776074599
|move|p1a: Scyth3r|Bullet Punch|p2a: Kingambit
|-resisted|p2a: Kingambit
|-damage|p2a: Kingambit|0 fnt
|faint|p2a: Kingambit
|-end|p2a: Kingambit|fallen1|[silent]
|
|upkeep
|
|t:|1776074602
|switch|p2a: Dragapult|Dragapult, F|100/100
|turn|16
|
|t:|1776074609
|move|p1a: Scyth3r|Bullet Punch|p2a: Dragapult
|-damage|p2a: Dragapult|24/100
|move|p2a: Dragapult|Flamethrower|p1a: Scyth3r
|-supereffective|p1a: Scyth3r
|-damage|p1a: Scyth3r|0 fnt
|faint|p1a: Scyth3r
|
|upkeep
|
|t:|1776074615
|switch|p1a: Gligy|Gliscor, M|65/100 tox
|-damage|p1a: Gligy|52/100 tox|[from] Stealth Rock
|turn|17
|
|t:|1776074620
|move|p1a: Gligy|Protect|p1a: Gligy
|-singleturn|p1a: Gligy|Protect
|move|p2a: Dragapult|Draco Meteor|p1a: Gligy
|-activate|p1a: Gligy|move: Protect
|
|-heal|p1a: Gligy|65/100 tox|[from] ability: Poison Heal
|upkeep
|turn|18
|
|t:|1776074632
|move|p2a: Dragapult|Draco Meteor|p1a: Gligy
|-damage|p1a: Gligy|0 fnt
|-unboost|p2a: Dragapult|spa|2
|faint|p1a: Gligy
|
|upkeep
|
|t:|1776074635
|switch|p1a: Heracross|Heracross, F, shiny|100/100
|-damage|p1a: Heracross|88/100|[from] Stealth Rock
|turn|19
|-message|Fermin59 forfeited.
|
|win|manolo_the_butaner
|raw|Fermin59's rating: 1079 &rarr; <strong>1060</strong><br />(-19 for losing)
|raw|manolo_the_butaner's rating: 1130 &rarr; <strong>1151</strong><br />(+21 for winning)
|l|☆Fermin59
|player|p1|
|l|☆manolo_the_butaner
|player|p2|
