|html|<div class="broadcast-blue"><strong>[Gen 9] OU is currently suspecting Tera Blast! For information on how to participate check out the <a href="https://www.smogon.com/tools/suspects/view/200">suspect thread</a>.</strong></div>
|j|☆Yevesto
|j|☆Ocnt
|t:|1776086603
|gametype|singles
|player|p1|Yevesto|265|1218
|player|p2|Ocnt|bellelba|1193
|gen|9
|tier|[Gen 9] OU
|rated|
|rule|HP Percentage Mod: HP is shown in percentages
|rule|Endless Battle Clause: Forcing endless battles is banned
|rule|Species Clause: Limit one of each Pokémon
|rule|OHKO Clause: OHKO moves are banned
|rule|Evasion Items Clause: Evasion items are banned
|rule|Evasion Moves Clause: Evasion moves are banned
|rule|Evasion Abilities Clause: Evasion abilities are banned
|rule|Sleep Moves Clause: Sleep-inducing moves are banned
|clearpoke
|poke|p1|Kyurem|
|poke|p1|Heatran, F|
|poke|p1|Corviknight, M|
|poke|p1|Cinderace, M|
|poke|p1|Tyranitar, M|
|poke|p1|Gardevoir, M|
|poke|p2|Gliscor, M|
|poke|p2|Ting-Lu|
|poke|p2|Slowking-Galar, M|
|poke|p2|Iron Treads|
|poke|p2|Alomomola, M|
|poke|p2|Gholdengo|
|teampreview
|inactive|Battle timer is ON: inactive players will automatically lose when time's up. (requested by Yevesto)
|
|t:|1776086620
|teamsize|p1|6
|teamsize|p2|6
|start
|switch|p1a: Cinderace|Cinderace, M|100/100
|switch|p2a: Iron Treads|Iron Treads|100/100
|turn|1
|
|t:|1776086627
|-end|p2a: Iron Treads|Quark Drive|[silent]
|switch|p2a: Alomomola|Alomomola, M|100/100
|move|p1a: Cinderace|U-turn|p2a: Alomomola
|-damage|p2a: Alomomola|89/100
|
|t:|1776086632
|switch|p1a: Gardevoir|Gardevoir, M|100/100|[from] U-turn
|-ability|p1a: Gardevoir|Regenerator|Trace|[from] ability: Trace|[of] p2a: Alomomola
|
|-heal|p2a: Alomomola|95/100|[from] item: Leftovers
|upkeep
|turn|2
|
|t:|1776086638
|move|p1a: Gardevoir|Moonblast|p2a: Alomomola
|-damage|p2a: Alomomola|39/100
|move|p2a: Alomomola|Scald|p1a: Gardevoir
|-damage|p1a: Gardevoir|84/100
|
|-heal|p1a: Gardevoir|90/100|[from] item: Leftovers
|-heal|p2a: Alomomola|45/100|[from] item: Leftovers
|upkeep
|turn|3
|
|t:|1776086645
|switch|p2a: Slowking|Slowking-Galar, M|100/100
|move|p1a: Gardevoir|Teleport|p1a: Gardevoir
|
|t:|1776086647
|switch|p1a: Heatran|Heatran, F|100/100|[from] Teleport
|
|upkeep
|turn|4
|
|t:|1776086664
|move|p1a: Heatran|Magma Storm|p2a: Slowking
|-damage|p2a: Slowking|74/100
|-activate|p2a: Slowking|move: Magma Storm|[of] p1a: Heatran
|-prepare|p2a: Slowking|Chilly Reception|[premajor]
|move|p2a: Slowking|Chilly Reception|p2a: Slowking
|-weather|Snowscape
|
|t:|1776086670
|switch|p2a: Iron Treads|Iron Treads|100/100|[from] Chilly Reception
|
|-weather|Snowscape|[upkeep]
|upkeep
|turn|5
|
|t:|1776086681
|switch|p1a: Corviknight|Corviknight, M|100/100
|-ability|p1a: Corviknight|Pressure
|move|p2a: Iron Treads|Volt Switch|p1a: Corviknight
|-supereffective|p1a: Corviknight
|-damage|p1a: Corviknight|85/100
|
|t:|1776086688
|-end|p2a: Iron Treads|Quark Drive|[silent]
|switch|p2a: Gliscor|Gliscor, M|100/100|[from] Volt Switch
|
|-weather|Snowscape|[upkeep]
|-heal|p1a: Corviknight|92/100|[from] item: Leftovers
|-status|p2a: Gliscor|tox|[from] item: Toxic Orb
|upkeep
|turn|6
|
|t:|1776086692
|move|p2a: Gliscor|Substitute|p2a: Gliscor
|-start|p2a: Gliscor|Substitute
|-damage|p2a: Gliscor|76/100 tox
|move|p1a: Corviknight|U-turn|p2a: Gliscor
|-resisted|p2a: Gliscor
|-activate|p2a: Gliscor|move: Substitute|[damage]
|
|t:|1776086697
|switch|p1a: Gardevoir|Gardevoir, M|100/100|[from] U-turn
|-ability|p1a: Gardevoir|Poison Heal|Trace|[from] ability: Trace|[of] p2a: Gliscor
|
|-weather|Snowscape|[upkeep]
|-heal|p2a: Gliscor|88/100 tox|[from] ability: Poison Heal
|upkeep
|turn|7
|
|t:|1776086709
|move|p1a: Gardevoir|Encore|p2a: Gliscor
|-start|p2a: Gliscor|Encore
|move|p2a: Gliscor|Substitute|p2a: Gliscor
|-fail|p2a: Gliscor|move: Substitute
|
|-weather|Snowscape|[upkeep]
|-heal|p2a: Gliscor|100/100 tox|[from] ability: Poison Heal
|upkeep
|turn|8
|
|t:|1776086718
|switch|p2a: Slowking|Slowking-Galar, M|100/100
|move|p1a: Gardevoir|Moonblast|p2a: Slowking
|-resisted|p2a: Slowking
|-damage|p2a: Slowking|87/100
|
|-weather|none
|upkeep
|turn|9
|
|t:|1776086726
|switch|p1a: Heatran|Heatran, F|100/100
|move|p2a: Slowking|Sludge Bomb|p1a: Heatran
|-immune|p1a: Heatran
|
|upkeep
|turn|10
|
|t:|1776086730
|move|p1a: Heatran|Taunt|p2a: Slowking
|-start|p2a: Slowking|move: Taunt
|-prepare|p2a: Slowking|Chilly Reception|[premajor]
|cant|p2a: Slowking|move: Taunt|Chilly Reception
|
|upkeep
|turn|11
|
|t:|1776086745
|switch|p2a: Gliscor|Gliscor, M|100/100 tox
|move|p1a: Heatran|Magma Storm|p2a: Gliscor
|-damage|p2a: Gliscor|49/100 tox
|-activate|p2a: Gliscor|move: Magma Storm|[of] p1a: Heatran
|
|-heal|p2a: Gliscor|61/100 tox|[from] ability: Poison Heal
|-damage|p2a: Gliscor|49/100 tox|[from] move: Magma Storm|[partiallytrapped]
|upkeep
|turn|12
|
|t:|1776086758
|move|p1a: Heatran|Protect|p1a: Heatran
|-singleturn|p1a: Heatran|Protect
|move|p2a: Gliscor|Knock Off|p1a: Heatran
|-activate|p1a: Heatran|move: Protect
|
|-heal|p2a: Gliscor|61/100 tox|[from] ability: Poison Heal
|-damage|p2a: Gliscor|49/100 tox|[from] move: Magma Storm|[partiallytrapped]
|upkeep
|turn|13
|
|t:|1776086763
|move|p2a: Gliscor|Knock Off|p1a: Heatran
|-damage|p1a: Heatran|88/100
|-enditem|p1a: Heatran|Leftovers|[from] move: Knock Off|[of] p2a: Gliscor
|move|p1a: Heatran|Magma Storm|p2a: Gliscor
|-damage|p2a: Gliscor|0 fnt
|faint|p2a: Gliscor
|
|upkeep
|
|t:|1776086770
|switch|p2a: Iron Treads|Iron Treads|100/100
|turn|14
|
|t:|1776086773
|switch|p1a: Corviknight|Corviknight, M|92/100
|-ability|p1a: Corviknight|Pressure
|move|p2a: Iron Treads|Volt Switch|p1a: Corviknight
|-supereffective|p1a: Corviknight
|-damage|p1a: Corviknight|77/100
|
|t:|1776086790
|-end|p2a: Iron Treads|Quark Drive|[silent]
|switch|p2a: Ting-Lu|Ting-Lu|100/100|[from] Volt Switch
|-ability|p2a: Ting-Lu|Vessel of Ruin
|
|-heal|p1a: Corviknight|83/100|[from] item: Leftovers
|upkeep
|turn|15
|
|t:|1776086794
|move|p1a: Corviknight|U-turn|p2a: Ting-Lu
|-supereffective|p2a: Ting-Lu
|-damage|p2a: Ting-Lu|83/100
|
|t:|1776086796
|switch|p1a: Gardevoir|Gardevoir, M|100/100|[from] U-turn
|-ability|p1a: Gardevoir|Vessel of Ruin|Trace|[from] ability: Trace|[of] p2a: Ting-Lu
|-ability|p1a: Gardevoir|Vessel of Ruin
|move|p2a: Ting-Lu|Stealth Rock|p1a: Gardevoir
|-sidestart|p1: Yevesto|move: Stealth Rock
|
|-heal|p2a: Ting-Lu|89/100|[from] item: Leftovers
|upkeep
|turn|16
|
|t:|1776086801
|move|p1a: Gardevoir|Moonblast|p2a: Ting-Lu
|-supereffective|p2a: Ting-Lu
|-damage|p2a: Ting-Lu|39/100
|move|p2a: Ting-Lu|Ruination|p1a: Gardevoir|[miss]
|-miss|p2a: Ting-Lu|p1a: Gardevoir
|
|-heal|p2a: Ting-Lu|45/100|[from] item: Leftovers
|upkeep
|turn|17
|
|t:|1776086807
|switch|p2a: Slowking|Slowking-Galar, M|100/100
|move|p1a: Gardevoir|Moonblast|p2a: Slowking
|-resisted|p2a: Slowking
|-damage|p2a: Slowking|87/100
|
|upkeep
|turn|18
|
|t:|1776086816
|switch|p1a: Heatran|Heatran, F|88/100
|-damage|p1a: Heatran|75/100|[from] Stealth Rock
|-prepare|p2a: Slowking|Chilly Reception|[premajor]
|move|p2a: Slowking|Chilly Reception|p2a: Slowking
|-weather|Snowscape
|
|t:|1776086820
|switch|p2a: Iron Treads|Iron Treads|100/100|[from] Chilly Reception
|
|-weather|Snowscape|[upkeep]
|upkeep
|turn|19
|
|t:|1776086823
|move|p1a: Heatran|Protect|p1a: Heatran
|-singleturn|p1a: Heatran|Protect
|move|p2a: Iron Treads|Earthquake|p1a: Heatran
|-activate|p1a: Heatran|move: Protect
|
|-weather|Snowscape|[upkeep]
|upkeep
|turn|20
|
|t:|1776086832
|move|p2a: Iron Treads|Volt Switch|p1a: Heatran
|-damage|p1a: Heatran|66/100
|
|t:|1776086837
|-end|p2a: Iron Treads|Quark Drive|[silent]
|switch|p2a: Alomomola|Alomomola, M|79/100|[from] Volt Switch
|move|p1a: Heatran|Magma Storm|p2a: Alomomola
|-resisted|p2a: Alomomola
|-damage|p2a: Alomomola|54/100
|-activate|p2a: Alomomola|move: Magma Storm|[of] p1a: Heatran
|
|-weather|Snowscape|[upkeep]
|-heal|p2a: Alomomola|60/100|[from] item: Leftovers
|-damage|p2a: Alomomola|48/100|[from] move: Magma Storm|[partiallytrapped]
|upkeep
|turn|21
|
|t:|1776086844
|move|p1a: Heatran|Earth Power|p2a: Alomomola
|-damage|p2a: Alomomola|15/100
|move|p2a: Alomomola|Wish|p2a: Alomomola
|
|-weather|Snowscape|[upkeep]
|-heal|p2a: Alomomola|21/100|[from] item: Leftovers
|-damage|p2a: Alomomola|9/100|[from] move: Magma Storm|[partiallytrapped]
|upkeep
|turn|22
|
|t:|1776086862
|move|p2a: Alomomola|Protect|p2a: Alomomola
|-singleturn|p2a: Alomomola|Protect
|move|p1a: Heatran|Earth Power|p2a: Alomomola
|-activate|p2a: Alomomola|move: Protect
|
|-weather|none
|-heal|p2a: Alomomola|59/100|[from] move: Wish|[wisher] Alomomola
|-heal|p2a: Alomomola|65/100|[from] item: Leftovers
|-damage|p2a: Alomomola|52/100|[from] move: Magma Storm|[partiallytrapped]
|upkeep
|turn|23
|
|t:|1776086865
|move|p1a: Heatran|Taunt|p2a: Alomomola
|-start|p2a: Alomomola|move: Taunt
|move|p2a: Alomomola|Flip Turn|p1a: Heatran
|-supereffective|p1a: Heatran
|-damage|p1a: Heatran|47/100
|
|t:|1776086870
|switch|p2a: Iron Treads|Iron Treads|100/100|[from] Flip Turn
|
|upkeep
|turn|24
|
|t:|1776086888
|move|p1a: Heatran|Protect|p1a: Heatran
|-singleturn|p1a: Heatran|Protect
|move|p2a: Iron Treads|Earthquake|p1a: Heatran
|-activate|p1a: Heatran|move: Protect
|
|upkeep
|turn|25
|
|t:|1776086893
|switch|p1a: Corviknight|Corviknight, M|83/100
|-damage|p1a: Corviknight|70/100|[from] Stealth Rock
|-ability|p1a: Corviknight|Pressure
|move|p2a: Iron Treads|Earthquake|p1a: Corviknight
|-immune|p1a: Corviknight
|
|-heal|p1a: Corviknight|77/100|[from] item: Leftovers
|upkeep
|turn|26
|
|t:|1776086899
|move|p2a: Iron Treads|Volt Switch|p1a: Corviknight
|-supereffective|p1a: Corviknight
|-damage|p1a: Corviknight|62/100
|
|t:|1776086904
|-end|p2a: Iron Treads|Quark Drive|[silent]
|switch|p2a: Gholdengo|Gholdengo|100/100|[from] Volt Switch
|-item|p2a: Gholdengo|Air Balloon
|move|p1a: Corviknight|Iron Defense|p1a: Corviknight
|-boost|p1a: Corviknight|def|2
|
|-heal|p1a: Corviknight|68/100|[from] item: Leftovers
|upkeep
|turn|27
|
|t:|1776086919
|move|p2a: Gholdengo|Nasty Plot|p2a: Gholdengo
|-boost|p2a: Gholdengo|spa|2
|move|p1a: Corviknight|U-turn|p2a: Gholdengo
|-resisted|p2a: Gholdengo
|-damage|p2a: Gholdengo|97/100
|-enditem|p2a: Gholdengo|Air Balloon
|
|t:|1776086922
|switch|p1a: Cinderace|Cinderace, M|100/100|[from] U-turn
|
|upkeep
|turn|28
|
|t:|1776086928
|-terastallize|p2a: Gholdengo|Water
|move|p1a: Cinderace|Pyro Ball|p2a: Gholdengo
|-resisted|p2a: Gholdengo
|-damage|p2a: Gholdengo|71/100
|move|p2a: Gholdengo|Shadow Ball|p1a: Cinderace
|-damage|p1a: Cinderace|0 fnt
|faint|p1a: Cinderace
|
|upkeep
|
|t:|1776086943
|switch|p1a: Kyurem|Kyurem|100/100
|-damage|p1a: Kyurem|76/100|[from] Stealth Rock
|-ability|p1a: Kyurem|Pressure
|turn|29
|
|t:|1776086950
|-terastallize|p1a: Kyurem|Ice
|move|p1a: Kyurem|Freeze-Dry|p2a: Gholdengo
|-supereffective|p2a: Gholdengo
|-damage|p2a: Gholdengo|0 fnt
|faint|p2a: Gholdengo
|
|upkeep
|
|t:|1776086964
|switch|p2a: Iron Treads|Iron Treads|100/100
|turn|30
|
|t:|1776086974
|switch|p1a: Corviknight|Corviknight, M|68/100
|-damage|p1a: Corviknight|55/100|[from] Stealth Rock
|-ability|p1a: Corviknight|Pressure
|move|p2a: Iron Treads|Earthquake|p1a: Corviknight
|-immune|p1a: Corviknight
|
|-heal|p1a: Corviknight|62/100|[from] item: Leftovers
|upkeep
|turn|31
|
|t:|1776086978
|move|p2a: Iron Treads|Volt Switch|p1a: Corviknight
|-supereffective|p1a: Corviknight
|-damage|p1a: Corviknight|46/100
|
|t:|1776086992
|-end|p2a: Iron Treads|Quark Drive|[silent]
|switch|p2a: Slowking|Slowking-Galar, M|100/100|[from] Volt Switch
|move|p1a: Corviknight|Iron Defense|p1a: Corviknight
|-boost|p1a: Corviknight|def|2
|
|-heal|p1a: Corviknight|52/100|[from] item: Leftovers
|upkeep
|turn|32
|
|t:|1776086997
|move|p1a: Corviknight|U-turn|p2a: Slowking
|-damage|p2a: Slowking|85/100
|
|t:|1776086999
|switch|p1a: Heatran|Heatran, F|47/100|[from] U-turn
|-damage|p1a: Heatran|35/100|[from] Stealth Rock
|move|p2a: Slowking|Psychic Noise|p1a: Heatran
|-resisted|p1a: Heatran
|-damage|p1a: Heatran|22/100
|-start|p1a: Heatran|move: Heal Block
|
|upkeep
|turn|33
|
|t:|1776087016
|switch|p2a: Alomomola|Alomomola, M|86/100
|move|p1a: Heatran|Earth Power|p2a: Alomomola
|-damage|p2a: Alomomola|55/100
|
|-heal|p2a: Alomomola|62/100|[from] item: Leftovers
|-end|p1a: Heatran|move: Heal Block
|upkeep
|turn|34
|
|t:|1776087021
|move|p1a: Heatran|Taunt|p2a: Alomomola
|-start|p2a: Alomomola|move: Taunt
|move|p2a: Alomomola|Scald|p1a: Heatran
|-supereffective|p1a: Heatran
|-damage|p1a: Heatran|0 fnt
|faint|p1a: Heatran
|
|-heal|p2a: Alomomola|68/100|[from] item: Leftovers
|upkeep
|
|t:|1776087027
|switch|p1a: Tyranitar|Tyranitar, M|100/100
|-damage|p1a: Tyranitar|88/100|[from] Stealth Rock
|-weather|Sandstorm|[from] ability: Sand Stream|[of] p1a: Tyranitar
|turn|35
|
|t:|1776087038
|move|p1a: Tyranitar|Knock Off|p2a: Alomomola
|-damage|p2a: Alomomola|40/100
|-enditem|p2a: Alomomola|Leftovers|[from] move: Knock Off|[of] p1a: Tyranitar
|move|p2a: Alomomola|Scald|p1a: Tyranitar
|-supereffective|p1a: Tyranitar
|-damage|p1a: Tyranitar|77/100
|
|-weather|Sandstorm|[upkeep]
|-damage|p2a: Alomomola|34/100|[from] Sandstorm
|upkeep
|turn|36
|
|t:|1776087056
|switch|p2a: Iron Treads|Iron Treads|100/100
|move|p1a: Tyranitar|Stone Edge|p2a: Iron Treads
|-resisted|p2a: Iron Treads
|-damage|p2a: Iron Treads|89/100
|
|-weather|Sandstorm|[upkeep]
|upkeep
|turn|37
|
|t:|1776087077
|move|p2a: Iron Treads|Earthquake|p1a: Tyranitar
|-supereffective|p1a: Tyranitar
|-crit|p1a: Tyranitar
|-damage|p1a: Tyranitar|0 fnt
|faint|p1a: Tyranitar
|
|-weather|Sandstorm|[upkeep]
|upkeep
|
|t:|1776087082
|switch|p1a: Gardevoir|Gardevoir, M|100/100
|-damage|p1a: Gardevoir|88/100|[from] Stealth Rock
|turn|38
|
|t:|1776087088
|move|p2a: Iron Treads|Iron Head|p1a: Gardevoir
|-supereffective|p1a: Gardevoir
|-damage|p1a: Gardevoir|0 fnt
|faint|p1a: Gardevoir
|
|-weather|Sandstorm|[upkeep]
|upkeep
|
|t:|1776087090
|switch|p1a: Kyurem|Kyurem, tera:Ice|76/100
|-damage|p1a: Kyurem|51/100|[from] Stealth Rock
|-ability|p1a: Kyurem|Pressure
|turn|39
|
|t:|1776087101
|move|p1a: Kyurem|Freeze-Dry|p2a: Iron Treads
|-damage|p2a: Iron Treads|53/100
|move|p2a: Iron Treads|Iron Head|p1a: Kyurem
|-supereffective|p1a: Kyurem
|-damage|p1a: Kyurem|0 fnt
|faint|p1a: Kyurem
|
|-weather|none
|upkeep
|-message|Yevesto forfeited.
|
|win|Ocnt
|raw|Yevesto's rating: 1218 &rarr; <strong>1191</strong><br />(-27 for losing)
|raw|Ocnt's rating: 1193 &rarr; <strong>1220</strong><br />(+27 for winning)
|l|☆Yevesto
|player|p1|
|l|☆Ocnt
|player|p2|
