|html|<div class="broadcast-blue"><strong>[Gen 9] OU is currently suspecting Tera Blast! For information on how to participate check out the <a href="https://www.smogon.com/tools/suspects/view/200">suspect thread</a>.</strong></div>
|j|☆Swolepertt31
|j|☆MorettiOfOz
|t:|1776084081
|gametype|singles
|player|p1|Swolepertt31|fisherman|1109
|player|p2|MorettiOfOz|cynthia-gen4|1078
|gen|9
|tier|[Gen 9] OU
|rated|
|rule|HP Percentage Mod: HP is shown in percentages
|rule|Endless Battle Clause: Forcing endless battles is banned
|rule|Species Clause: Limit one of each Pokémon
|rule|OHKO Clause: OHKO moves are banned
|rule|Evasion Items Clause: Evasion items are banned
|rule|Evasion Moves Clause: Evasion moves are banned
|rule|Evasion Abilities Clause: Evasion abilities are banned
|rule|Sleep Moves Clause: Sleep-inducing moves are banned
|clearpoke
|poke|p1|Samurott-Hisui, F|
|poke|p1|Dragapult, F|
|poke|p1|Great Tusk|
|poke|p1|Dragonite, M|
|poke|p1|Iron Moth|
|poke|p1|Corviknight, F|
|poke|p2|Weavile, M|
|poke|p2|Zapdos|
|poke|p2|Empoleon, F|
|poke|p2|Delibird, M|
|poke|p2|Rotom-Heat|
|poke|p2|Bastiodon, M|
|teampreview
|inactive|Battle timer is ON: inactive players will automatically lose when time's up. (requested by MorettiOfOz)
|
|t:|1776084089
|teamsize|p1|6
|teamsize|p2|6
|start
|switch|p1a: Dragapult|Dragapult, F|100/100
|switch|p2a: Empoleon|Empoleon, F|100/100
|turn|1
|
|t:|1776084094
|move|p1a: Dragapult|Thunder Wave|p2a: Empoleon
|-status|p2a: Empoleon|par
|cant|p2a: Empoleon|par
|
|upkeep
|turn|2
|
|t:|1776084102
|move|p1a: Dragapult|U-turn|p2a: Empoleon
|-resisted|p2a: Empoleon
|-damage|p2a: Empoleon|92/100 par
|
|t:|1776084105
|switch|p1a: Samurott|Samurott-Hisui, F|100/100|[from] U-turn
|move|p2a: Empoleon|Stealth Rock|p1a: Samurott
|-sidestart|p1: Swolepertt31|move: Stealth Rock
|
|-heal|p2a: Empoleon|98/100 par|[from] item: Leftovers
|upkeep
|turn|3
|
|t:|1776084113
|move|p1a: Samurott|Ceaseless Edge|p2a: Empoleon
|-damage|p2a: Empoleon|51/100 par
|-sidestart|p2: MorettiOfOz|Spikes
|move|p2a: Empoleon|Roar|p1a: Samurott
|drag|p1a: Dragonite|Dragonite, M|100/100
|-damage|p1a: Dragonite|76/100|[from] Stealth Rock
|
|-heal|p1a: Dragonite|82/100|[from] item: Leftovers
|-heal|p2a: Empoleon|57/100 par|[from] item: Leftovers
|upkeep
|turn|4
|
|t:|1776084125
|switch|p1a: Samurott|Samurott-Hisui, F|100/100
|-damage|p1a: Samurott|88/100|[from] Stealth Rock
|switch|p2a: Zapdos|Zapdos|100/100
|
|upkeep
|turn|5
|
|t:|1776084138
|move|p2a: Zapdos|Thunder Wave|p1a: Samurott
|-status|p1a: Samurott|par
|move|p1a: Samurott|Ceaseless Edge|p2a: Zapdos|[miss]
|-miss|p1a: Samurott|p2a: Zapdos
|
|upkeep
|turn|6
|
|t:|1776084145
|move|p2a: Zapdos|Volt Switch|p1a: Samurott
|-supereffective|p1a: Samurott
|-crit|p1a: Samurott
|-damage|p1a: Samurott|0 fnt
|faint|p1a: Samurott
|
|t:|1776084148
|switch|p2a: Delibird|Delibird, M|100/100|[from] Volt Switch
|
|upkeep
|
|t:|1776084153
|switch|p1a: Dragapult|Dragapult, F|100/100
|-damage|p1a: Dragapult|88/100|[from] Stealth Rock
|turn|7
|l|☆Swolepertt31
|inactive|Swolepertt31 disconnected and has a minute to reconnect!
|player|p1|
|j|☆Swolepertt31
|inactive|Swolepertt31 reconnected and has 130 seconds left.
|player|p1|Swolepertt31|fisherman|
|
|t:|1776084181
|switch|p2a: Empoleon|Empoleon, F|57/100 par
|-damage|p2a: Empoleon|45/100 par|[from] Spikes
|move|p1a: Dragapult|Thunder Wave|p2a: Empoleon
|-fail|p2a: Empoleon|par
|
|-heal|p2a: Empoleon|51/100 par|[from] item: Leftovers
|upkeep
|turn|8
|
|t:|1776084187
|move|p1a: Dragapult|Draco Meteor|p2a: Empoleon
|-resisted|p2a: Empoleon
|-damage|p2a: Empoleon|32/100 par
|-unboost|p1a: Dragapult|spa|2
|move|p2a: Empoleon|Throat Chop|p1a: Dragapult
|-supereffective|p1a: Dragapult
|-damage|p1a: Dragapult|42/100
|-start|p1a: Dragapult|Throat Chop|[silent]
|
|-heal|p2a: Empoleon|38/100 par|[from] item: Leftovers
|upkeep
|turn|9
|
|t:|1776084193
|move|p1a: Dragapult|U-turn|p2a: Empoleon
|-resisted|p2a: Empoleon
|-damage|p2a: Empoleon|29/100 par
|
|t:|1776084202
|switch|p1a: Great Tusk|Great Tusk|100/100|[from] U-turn
|-damage|p1a: Great Tusk|98/100|[from] Stealth Rock
|move|p2a: Empoleon|Throat Chop|p1a: Great Tusk
|-resisted|p1a: Great Tusk
|-damage|p1a: Great Tusk|91/100
|-start|p1a: Great Tusk|Throat Chop|[silent]
|
|-heal|p2a: Empoleon|35/100 par|[from] item: Leftovers
|upkeep
|turn|10
|
|t:|1776084211
|move|p2a: Empoleon|Aqua Jet|p1a: Great Tusk
|-supereffective|p1a: Great Tusk
|-damage|p1a: Great Tusk|73/100
|move|p1a: Great Tusk|Rapid Spin|p2a: Empoleon
|-resisted|p2a: Empoleon
|-damage|p2a: Empoleon|26/100 par
|-boost|p1a: Great Tusk|spe|1
|-sideend|p1: Swolepertt31|Stealth Rock|[from] move: Rapid Spin|[of] p1a: Great Tusk
|
|-heal|p2a: Empoleon|32/100 par|[from] item: Leftovers
|-end|p1a: Great Tusk|Throat Chop|[silent]
|upkeep
|turn|11
|
|t:|1776084219
|move|p1a: Great Tusk|Close Combat|p2a: Empoleon
|-supereffective|p2a: Empoleon
|-damage|p2a: Empoleon|0 fnt
|-unboost|p1a: Great Tusk|def|1
|-unboost|p1a: Great Tusk|spd|1
|faint|p2a: Empoleon
|
|upkeep
|
|t:|1776084224
|switch|p2a: Weavile|Weavile, M|100/100
|-ability|p2a: Weavile|Pressure
|turn|12
|
|t:|1776084230
|move|p2a: Weavile|Fake Out|p1a: Great Tusk
|-damage|p1a: Great Tusk|57/100
|cant|p1a: Great Tusk|flinch
|
|upkeep
|turn|13
|
|t:|1776084236
|move|p2a: Weavile|Ice Shard|p1a: Great Tusk
|-supereffective|p1a: Great Tusk
|-damage|p1a: Great Tusk|10/100
|move|p1a: Great Tusk|Close Combat|p2a: Weavile
|-supereffective|p2a: Weavile
|-damage|p2a: Weavile|0 fnt
|-unboost|p1a: Great Tusk|def|1
|-unboost|p1a: Great Tusk|spd|1
|faint|p2a: Weavile
|
|upkeep
|
|t:|1776084244
|switch|p2a: Rotom|Rotom-Heat|100/100
|turn|14
|
|t:|1776084249
|move|p1a: Great Tusk|Close Combat|p2a: Rotom
|-damage|p2a: Rotom|28/100
|-unboost|p1a: Great Tusk|def|1
|-unboost|p1a: Great Tusk|spd|1
|move|p2a: Rotom|Shadow Ball|p1a: Great Tusk
|-damage|p1a: Great Tusk|0 fnt
|faint|p1a: Great Tusk
|-end|p1a: Great Tusk|Protosynthesis|[silent]
|
|upkeep
|
|t:|1776084252
|switch|p1a: Dragapult|Dragapult, F|42/100
|turn|15
|
|t:|1776084261
|move|p1a: Dragapult|Draco Meteor|p2a: Rotom
|-damage|p2a: Rotom|0 fnt
|-unboost|p1a: Dragapult|spa|2
|faint|p2a: Rotom
|
|upkeep
|
|t:|1776084266
|switch|p2a: Zapdos|Zapdos|100/100
|turn|16
|l|☆Swolepertt31
|inactive|Swolepertt31 disconnected and has a minute to reconnect!
|player|p1|
|inactive|Swolepertt31 has 30 seconds to reconnect!
|inactive|Swolepertt31 has 20 seconds to reconnect!
|inactive|Swolepertt31 has 15 seconds to reconnect!
|inactive|Swolepertt31 has 10 seconds to reconnect!
|j|☆Swolepertt31
|inactive|Swolepertt31 reconnected and has 90 seconds left.
|player|p1|Swolepertt31|fisherman|
|
|t:|1776084331
|move|p1a: Dragapult|Draco Meteor|p2a: Zapdos
|-damage|p2a: Zapdos|75/100
|-unboost|p1a: Dragapult|spa|2
|move|p2a: Zapdos|Thunder Wave|p1a: Dragapult
|-status|p1a: Dragapult|par
|
|-heal|p2a: Zapdos|81/100|[from] item: Leftovers
|upkeep
|turn|17
|
|t:|1776084338
|move|p2a: Zapdos|Ancient Power|p1a: Dragapult
|-damage|p1a: Dragapult|9/100 par
|move|p1a: Dragapult|Will-O-Wisp|p2a: Zapdos
|-status|p2a: Zapdos|brn
|
|-heal|p2a: Zapdos|87/100 brn|[from] item: Leftovers
|-damage|p2a: Zapdos|81/100 brn|[from] brn
|upkeep
|turn|18
|
|t:|1776084348
|move|p2a: Zapdos|Ancient Power|p1a: Dragapult
|-damage|p1a: Dragapult|0 fnt
|faint|p1a: Dragapult
|
|-heal|p2a: Zapdos|87/100 brn|[from] item: Leftovers
|-damage|p2a: Zapdos|81/100 brn|[from] brn
|upkeep
|inactive|Swolepertt31 has 90 seconds left.
|
|t:|1776084359
|switch|p1a: Corviknight|Corviknight, F|100/100
|turn|19
|
|t:|1776084363
|move|p2a: Zapdos|Thunder Wave|p1a: Corviknight
|-status|p1a: Corviknight|par
|move|p1a: Corviknight|Bulk Up|p1a: Corviknight
|-boost|p1a: Corviknight|atk|1
|-boost|p1a: Corviknight|def|1
|
|-heal|p2a: Zapdos|87/100 brn|[from] item: Leftovers
|-damage|p2a: Zapdos|81/100 brn|[from] brn
|upkeep
|turn|20
|
|t:|1776084374
|move|p2a: Zapdos|Ancient Power|p1a: Corviknight
|-damage|p1a: Corviknight|82/100 par
|move|p1a: Corviknight|Bulk Up|p1a: Corviknight
|-boost|p1a: Corviknight|atk|1
|-boost|p1a: Corviknight|def|1
|
|-heal|p2a: Zapdos|87/100 brn|[from] item: Leftovers
|-damage|p2a: Zapdos|81/100 brn|[from] brn
|upkeep
|turn|21
|
|t:|1776084380
|move|p2a: Zapdos|Ancient Power|p1a: Corviknight
|-damage|p1a: Corviknight|64/100 par
|cant|p1a: Corviknight|par
|
|-heal|p2a: Zapdos|87/100 brn|[from] item: Leftovers
|-damage|p2a: Zapdos|81/100 brn|[from] brn
|upkeep
|turn|22
|
|t:|1776084383
|move|p2a: Zapdos|Ancient Power|p1a: Corviknight
|-damage|p1a: Corviknight|46/100 par
|cant|p1a: Corviknight|par
|
|-heal|p2a: Zapdos|87/100 brn|[from] item: Leftovers
|-damage|p2a: Zapdos|81/100 brn|[from] brn
|upkeep
|turn|23
|
|t:|1776084388
|move|p2a: Zapdos|Ancient Power|p1a: Corviknight
|-damage|p1a: Corviknight|28/100 par
|cant|p1a: Corviknight|par
|
|-heal|p2a: Zapdos|87/100 brn|[from] item: Leftovers
|-damage|p2a: Zapdos|81/100 brn|[from] brn
|upkeep
|turn|24
|
|t:|1776084392
|move|p2a: Zapdos|Volt Switch|p1a: Corviknight
|-supereffective|p1a: Corviknight
|-damage|p1a: Corviknight|0 fnt
|faint|p1a: Corviknight
|
|t:|1776084396
|switch|p2a: Delibird|Delibird, M|100/100|[from] Volt Switch
|
|upkeep
|
|t:|1776084399
|switch|p1a: Iron Moth|Iron Moth|100/100
|-enditem|p1a: Iron Moth|Booster Energy
|-activate|p1a: Iron Moth|ability: Quark Drive|[fromitem]
|-start|p1a: Iron Moth|quarkdrivespa
|turn|25
|
|t:|1776084406
|move|p1a: Iron Moth|Fiery Dance|p2a: Delibird
|-supereffective|p2a: Delibird
|-damage|p2a: Delibird|0 fnt
|faint|p2a: Delibird
|
|upkeep
|
|t:|1776084410
|switch|p2a: Zapdos|Zapdos|81/100 brn
|turn|26
|
|t:|1776084418
|move|p1a: Iron Moth|Sludge Wave|p2a: Zapdos
|-damage|p2a: Zapdos|21/100 brn
|move|p2a: Zapdos|Thunder Wave|p1a: Iron Moth
|-status|p1a: Iron Moth|par
|
|-heal|p2a: Zapdos|27/100 brn|[from] item: Leftovers
|-damage|p2a: Zapdos|21/100 brn|[from] brn
|upkeep
|turn|27
|
|t:|1776084422
|move|p2a: Zapdos|Ancient Power|p1a: Iron Moth
|-supereffective|p1a: Iron Moth
|-damage|p1a: Iron Moth|54/100 par
|-boost|p2a: Zapdos|atk|1
|-boost|p2a: Zapdos|def|1
|-boost|p2a: Zapdos|spa|1
|-boost|p2a: Zapdos|spd|1
|-boost|p2a: Zapdos|spe|1
|cant|p1a: Iron Moth|par
|
|-heal|p2a: Zapdos|27/100 brn|[from] item: Leftovers
|-damage|p2a: Zapdos|21/100 brn|[from] brn
|upkeep
|turn|28
|
|t:|1776084429
|move|p2a: Zapdos|Ancient Power|p1a: Iron Moth
|-supereffective|p1a: Iron Moth
|-damage|p1a: Iron Moth|0 fnt
|faint|p1a: Iron Moth
|-end|p1a: Iron Moth|Quark Drive|[silent]
|
|-heal|p2a: Zapdos|27/100 brn|[from] item: Leftovers
|-damage|p2a: Zapdos|21/100 brn|[from] brn
|upkeep
|
|t:|1776084431
|switch|p1a: Dragonite|Dragonite, M|82/100
|turn|29
|
|t:|1776084438
|move|p2a: Zapdos|Roost|p2a: Zapdos
|-heal|p2a: Zapdos|71/100 brn
|-singleturn|p2a: Zapdos|move: Roost
|move|p1a: Dragonite|Dragon Dance|p1a: Dragonite
|-boost|p1a: Dragonite|atk|1
|-boost|p1a: Dragonite|spe|1
|
|-heal|p2a: Zapdos|77/100 brn|[from] item: Leftovers
|-heal|p1a: Dragonite|88/100|[from] item: Leftovers
|-damage|p2a: Zapdos|71/100 brn|[from] brn
|upkeep
|turn|30
|
|t:|1776084450
|-terastallize|p1a: Dragonite|Normal
|move|p1a: Dragonite|Extreme Speed|p2a: Zapdos
|-damage|p2a: Zapdos|23/100 brn
|move|p2a: Zapdos|Thunder Wave|p1a: Dragonite
|-status|p1a: Dragonite|par
|
|-heal|p2a: Zapdos|30/100 brn|[from] item: Leftovers
|-heal|p1a: Dragonite|94/100 par|[from] item: Leftovers
|-damage|p2a: Zapdos|23/100 brn|[from] brn
|upkeep
|turn|31
|
|t:|1776084458
|move|p1a: Dragonite|Extreme Speed|p2a: Zapdos
|-damage|p2a: Zapdos|0 fnt
|faint|p2a: Zapdos
|
|-heal|p1a: Dragonite|99/100 par|[from] item: Leftovers
|upkeep
|
|t:|1776084460
|switch|p2a: Bastiodon|Bastiodon, M|100/100
|-damage|p2a: Bastiodon|88/100|[from] Spikes
|turn|32
|
|t:|1776084467
|-terastallize|p2a: Bastiodon|Ground
|cant|p1a: Dragonite|par
|move|p2a: Bastiodon|Curse|p2a: Bastiodon
|-unboost|p2a: Bastiodon|spe|1
|-boost|p2a: Bastiodon|atk|1
|-boost|p2a: Bastiodon|def|1
|
|-heal|p1a: Dragonite|100/100 par|[from] item: Leftovers
|-heal|p2a: Bastiodon|94/100|[from] item: Leftovers
|upkeep
|turn|33
|
|t:|1776084470
|move|p1a: Dragonite|Facade|p2a: Bastiodon
|-damage|p2a: Bastiodon|52/100
|move|p2a: Bastiodon|Curse|p2a: Bastiodon
|-unboost|p2a: Bastiodon|spe|1
|-boost|p2a: Bastiodon|atk|1
|-boost|p2a: Bastiodon|def|1
|
|-heal|p2a: Bastiodon|58/100|[from] item: Leftovers
|upkeep
|turn|34
|
|t:|1776084479
|cant|p1a: Dragonite|par
|move|p2a: Bastiodon|Body Press|p1a: Dragonite
|-supereffective|p1a: Dragonite
|-damage|p1a: Dragonite|29/100 par
|
|-heal|p1a: Dragonite|35/100 par|[from] item: Leftovers
|-heal|p2a: Bastiodon|64/100|[from] item: Leftovers
|upkeep
|turn|35
|
|t:|1776084494
|move|p1a: Dragonite|Facade|p2a: Bastiodon
|-damage|p2a: Bastiodon|31/100
|move|p2a: Bastiodon|Body Press|p1a: Dragonite
|-supereffective|p1a: Dragonite
|-damage|p1a: Dragonite|0 fnt
|faint|p1a: Dragonite
|
|win|MorettiOfOz
|raw|Swolepertt31's rating: 1109 &rarr; <strong>1082</strong><br />(-27 for losing)
|raw|MorettiOfOz's rating: 1078 &rarr; <strong>1109</strong><br />(+31 for winning)
|l|☆MorettiOfOz
|player|p2|
|l|☆Swolepertt31
|player|p1|
