|html|<div class="broadcast-blue"><strong>[Gen 9] OU is currently suspecting Tera Blast! For information on how to participate check out the <a href="https://www.smogon.com/tools/suspects/view/200">suspect thread</a>.</strong></div>
|j|☆Kouneko
|j|☆jardinier05
|t:|1776077907
|gametype|singles
|player|p1|Kouneko|parasollady|1238
|player|p2|jardinier05|1|1278
|gen|9
|tier|[Gen 9] OU
|rated|
|rule|HP Percentage Mod: HP is shown in percentages
|rule|Endless Battle Clause: Forcing endless battles is banned
|rule|Species Clause: Limit one of each Pokémon
|rule|OHKO Clause: OHKO moves are banned
|rule|Evasion Items Clause: Evasion items are banned
|rule|Evasion Moves Clause: Evasion moves are banned
|rule|Evasion Abilities Clause: Evasion abilities are banned
|rule|Sleep Moves Clause: Sleep-inducing moves are banned
|clearpoke
|poke|p1|Ting-Lu|
|poke|p1|Keldeo-Resolute|
|poke|p1|Moltres|
|poke|p1|Heatran, F|
|poke|p1|Forretress, M|
|poke|p1|Primarina, F|
|poke|p2|Venusaur, F|
|poke|p2|Ninetales, F|
|poke|p2|Landorus-Therian, M|
|poke|p2|Zamazenta-*|
|poke|p2|Samurott-Hisui, F|
|poke|p2|Weezing-Galar, M|
|teampreview
|
|t:|1776077921
|teamsize|p1|6
|teamsize|p2|6
|start
|switch|p1a: Keldeo|Keldeo-Resolute|100/100
|switch|p2a: Samurott|Samurott-Hisui, F|100/100
|turn|1
|
|t:|1776077928
|move|p2a: Samurott|Flip Turn|p1a: Keldeo
|-resisted|p1a: Keldeo
|-damage|p1a: Keldeo|82/100
|
|t:|1776077935
|switch|p2a: Weezing|Weezing-Galar, M|100/100|[from] Flip Turn
|move|p1a: Keldeo|Secret Sword|p2a: Weezing
|-resisted|p2a: Weezing
|-damage|p2a: Weezing|89/100
|
|-heal|p2a: Weezing|95/100|[from] item: Black Sludge
|upkeep
|turn|2
|
|t:|1776077958
|switch|p2a: Ninetales|Ninetales, F|100/100
|-weather|SunnyDay|[from] ability: Drought|[of] p2a: Ninetales
|move|p1a: Keldeo|Flip Turn|p2a: Ninetales
|-supereffective|p2a: Ninetales
|-damage|p2a: Ninetales|82/100
|
|t:|1776077962
|switch|p1a: Ting-Lu|Ting-Lu|100/100|[from] Flip Turn
|-ability|p1a: Ting-Lu|Vessel of Ruin
|
|-weather|SunnyDay|[upkeep]
|upkeep
|turn|3
|
|t:|1776077968
|switch|p2a: Landorus|Landorus-Therian, M|100/100
|-ability|p2a: Landorus|Intimidate|boost
|-unboost|p1a: Ting-Lu|atk|1
|move|p1a: Ting-Lu|Earthquake|p2a: Landorus
|-immune|p2a: Landorus
|
|-weather|SunnyDay|[upkeep]
|upkeep
|turn|4
|
|t:|1776077972
|switch|p1a: Moltres|Moltres|100/100
|move|p2a: Landorus|U-turn|p1a: Moltres
|-resisted|p1a: Moltres
|-damage|p1a: Moltres|96/100
|-status|p2a: Landorus|brn|[from] ability: Flame Body|[of] p1a: Moltres
|
|t:|1776078017
|switch|p2a: Weezing|Weezing-Galar, M|95/100|[from] U-turn
|
|-weather|SunnyDay|[upkeep]
|-heal|p2a: Weezing|100/100|[from] item: Black Sludge
|upkeep
|turn|5
|
|t:|1776078035
|switch|p1a: Heatran|Heatran, F|100/100
|move|p2a: Weezing|Sludge Bomb|p1a: Heatran
|-immune|p1a: Heatran
|
|-weather|SunnyDay|[upkeep]
|upkeep
|turn|6
|
|t:|1776078043
|switch|p2a: Landorus|Landorus-Therian, M|100/100 brn
|-ability|p2a: Landorus|Intimidate|boost
|-unboost|p1a: Heatran|atk|1
|move|p1a: Heatran|Stealth Rock|p2a: Landorus
|-sidestart|p2: jardinier05|move: Stealth Rock
|
|-weather|SunnyDay|[upkeep]
|-damage|p2a: Landorus|95/100 brn|[from] brn
|upkeep
|turn|7
|
|t:|1776078047
|move|p2a: Landorus|Stealth Rock|p1a: Heatran
|-sidestart|p1: Kouneko|move: Stealth Rock
|move|p1a: Heatran|Overheat|p2a: Landorus
|-damage|p2a: Landorus|0 fnt
|-unboost|p1a: Heatran|spa|2
|faint|p2a: Landorus
|
|-weather|SunnyDay|[upkeep]
|upkeep
|
|t:|1776078063
|switch|p2a: Samurott|Samurott-Hisui, F|100/100
|-damage|p2a: Samurott|88/100|[from] Stealth Rock
|turn|8
|
|t:|1776078069
|switch|p1a: Forretress|Forretress, M|100/100
|-damage|p1a: Forretress|88/100|[from] Stealth Rock
|move|p2a: Samurott|Aqua Cutter|p1a: Forretress
|-crit|p1a: Forretress
|-damage|p1a: Forretress|66/100
|
|-weather|SunnyDay|[upkeep]
|-heal|p1a: Forretress|72/100|[from] item: Leftovers
|upkeep
|turn|9
|
|t:|1776078080
|switch|p2a: Weezing|Weezing-Galar, M|100/100
|-damage|p2a: Weezing|88/100|[from] Stealth Rock
|move|p1a: Forretress|Rapid Spin|p2a: Weezing
|-damage|p2a: Weezing|80/100
|-boost|p1a: Forretress|spe|1
|-sideend|p1: Kouneko|Stealth Rock|[from] move: Rapid Spin|[of] p1a: Forretress
|
|-weather|none
|-heal|p1a: Forretress|78/100|[from] item: Leftovers
|-heal|p2a: Weezing|86/100|[from] item: Black Sludge
|upkeep
|turn|10
|
|t:|1776078085
|move|p1a: Forretress|Volt Switch|p2a: Weezing
|-damage|p2a: Weezing|71/100
|
|t:|1776078089
|switch|p1a: Heatran|Heatran, F|100/100|[from] Volt Switch
|move|p2a: Weezing|Defog|p1a: Heatran
|-unboost|p1a: Heatran|evasion|1
|-sideend|p2: jardinier05|Stealth Rock|[from] move: Defog|[of] p2a: Weezing
|
|-heal|p2a: Weezing|77/100|[from] item: Black Sludge
|upkeep
|turn|11
|
|t:|1776078094
|switch|p2a: Samurott|Samurott-Hisui, F|88/100
|move|p1a: Heatran|Overheat|p2a: Samurott
|-resisted|p2a: Samurott
|-damage|p2a: Samurott|45/100
|-unboost|p1a: Heatran|spa|2
|
|upkeep
|turn|12
|
|t:|1776078102
|switch|p1a: Forretress|Forretress, M|78/100
|move|p2a: Samurott|Sacred Sword|p1a: Forretress
|-damage|p1a: Forretress|51/100
|
|-heal|p1a: Forretress|58/100|[from] item: Leftovers
|upkeep
|turn|13
|
|t:|1776078105
|move|p2a: Samurott|Sacred Sword|p1a: Forretress
|-damage|p1a: Forretress|32/100
|move|p1a: Forretress|Body Press|p2a: Samurott
|-supereffective|p2a: Samurott
|-damage|p2a: Samurott|0 fnt
|faint|p2a: Samurott
|
|-heal|p1a: Forretress|38/100|[from] item: Leftovers
|upkeep
|-message|jardinier05 forfeited.
|
|win|Kouneko
|raw|Kouneko's rating: 1238 &rarr; <strong>1266</strong><br />(+28 for winning)
|raw|jardinier05's rating: 1278 &rarr; <strong>1250</strong><br />(-28 for losing)
|l|☆jardinier05
|player|p2|
|l|☆Kouneko
|player|p1|
