|html|<div class="broadcast-blue"><strong>[Gen 9] OU is currently suspecting Tera Blast! For information on how to participate check out the <a href="https://www.smogon.com/tools/suspects/view/200">suspect thread</a>.</strong></div>
|j|☆PigeonHoled
|j|☆PinguButGood
|t:|1776260405
|gametype|singles
|player|p1|PigeonHoled|169|1218
|player|p2|PinguButGood|falkner|1281
|gen|9
|tier|[Gen 9] OU
|rated|
|rule|HP Percentage Mod: HP is shown in percentages
|rule|Endless Battle Clause: Forcing endless battles is banned
|rule|Species Clause: Limit one of each Pokémon
|rule|OHKO Clause: OHKO moves are banned
|rule|Evasion Items Clause: Evasion items are banned
|rule|Evasion Moves Clause: Evasion moves are banned
|rule|Evasion Abilities Clause: Evasion abilities are banned
|rule|Sleep Moves Clause: Sleep-inducing moves are banned
|clearpoke
|poke|p1|Tyranitar, M|
|poke|p1|Excadrill, M|
|poke|p1|Iron Valiant|
|poke|p1|Zapdos|
|poke|p1|Ogerpon, F|
|poke|p1|Toxapex, M|
|poke|p2|Kyurem|
|poke|p2|Rillaboom, M|
|poke|p2|Garganacl, M|
|poke|p2|Pecharunt|
|poke|p2|Iron Treads|
|poke|p2|Zamazenta-*|
|teampreview
|inactive|Battle timer is ON: inactive players will automatically lose when time's up. (requested by PinguButGood)
|
|t:|1776260430
|teamsize|p1|6
|teamsize|p2|6
|start
|switch|p1a: Tyranitar|Tyranitar, M, shiny|100/100
|switch|p2a: Garganacl|Garganacl, M|100/100
|-weather|Sandstorm|[from] ability: Sand Stream|[of] p1a: Tyranitar
|turn|1
|
|t:|1776260439
|switch|p2a: Rillaboom|Rillaboom, M|100/100
|-fieldstart|move: Grassy Terrain|[from] ability: Grassy Surge|[of] p2a: Rillaboom
|move|p1a: Tyranitar|Low Kick|p2a: Rillaboom
|-damage|p2a: Rillaboom|63/100
|
|-weather|Sandstorm|[upkeep]
|-damage|p2a: Rillaboom|57/100|[from] Sandstorm
|-heal|p2a: Rillaboom|63/100|[from] Grassy Terrain
|upkeep
|turn|2
|
|t:|1776260456
|move|p2a: Rillaboom|Wood Hammer|p1a: Tyranitar
|-supereffective|p1a: Tyranitar
|-damage|p1a: Tyranitar|0 fnt
|faint|p1a: Tyranitar
|-damage|p2a: Rillaboom|30/100|[from] Recoil
|
|-weather|Sandstorm|[upkeep]
|-damage|p2a: Rillaboom|24/100|[from] Sandstorm
|-heal|p2a: Rillaboom|30/100|[from] Grassy Terrain
|upkeep
|inactive|PigeonHoled has 120 seconds left.
|
|t:|1776260482
|switch|p1a: Ogerpon|Ogerpon, F|100/100
|turn|3
|
|t:|1776260498
|switch|p2a: Pecharunt|Pecharunt|100/100
|move|p1a: Ogerpon|Knock Off|p2a: Pecharunt
|-supereffective|p2a: Pecharunt
|-damage|p2a: Pecharunt|44/100
|-enditem|p2a: Pecharunt|Heavy-Duty Boots|[from] move: Knock Off|[of] p1a: Ogerpon
|
|-weather|Sandstorm|[upkeep]
|-damage|p1a: Ogerpon|95/100|[from] Sandstorm
|-damage|p2a: Pecharunt|38/100|[from] Sandstorm
|-heal|p1a: Ogerpon|100/100|[from] Grassy Terrain
|-heal|p2a: Pecharunt|44/100|[from] Grassy Terrain
|upkeep
|turn|4
|
|t:|1776260514
|switch|p1a: Toxapex|Toxapex, M, shiny|100/100
|move|p2a: Pecharunt|Malignant Chain|p1a: Toxapex
|-resisted|p1a: Toxapex
|-damage|p1a: Toxapex|90/100
|-enditem|p1a: Toxapex|Eject Button
|inactive|PigeonHoled has 120 seconds left.
|
|t:|1776260525
|switch|p1a: Iron Valiant|Iron Valiant, shiny|100/100
|
|-weather|Sandstorm|[upkeep]
|-damage|p1a: Iron Valiant|94/100|[from] Sandstorm
|-damage|p2a: Pecharunt|38/100|[from] Sandstorm
|-heal|p1a: Iron Valiant|100/100|[from] Grassy Terrain
|-heal|p2a: Pecharunt|44/100|[from] Grassy Terrain
|upkeep
|turn|5
|
|t:|1776260532
|move|p1a: Iron Valiant|Shadow Ball|p2a: Pecharunt
|-supereffective|p2a: Pecharunt
|-damage|p2a: Pecharunt|0 fnt
|faint|p2a: Pecharunt
|
|-weather|Sandstorm|[upkeep]
|-damage|p1a: Iron Valiant|94/100|[from] Sandstorm
|-heal|p1a: Iron Valiant|100/100|[from] Grassy Terrain
|-fieldend|move: Grassy Terrain
|upkeep
|
|t:|1776260545
|switch|p2a: Garganacl|Garganacl, M|100/100
|turn|6
|
|t:|1776260559
|-end|p1a: Iron Valiant|Quark Drive|[silent]
|switch|p1a: Excadrill|Excadrill, M, shiny|100/100
|move|p2a: Garganacl|Salt Cure|p1a: Excadrill
|-resisted|p1a: Excadrill
|-damage|p1a: Excadrill|96/100
|-start|p1a: Excadrill|Salt Cure
|
|-weather|Sandstorm|[upkeep]
|-heal|p1a: Excadrill|100/100|[from] item: Leftovers
|-damage|p1a: Excadrill|76/100|[from] Salt Cure
|upkeep
|turn|7
|
|t:|1776260575
|move|p2a: Garganacl|Protect|p2a: Garganacl
|-singleturn|p2a: Garganacl|Protect
|move|p1a: Excadrill|Earthquake|p2a: Garganacl
|-activate|p2a: Garganacl|move: Protect
|
|-weather|Sandstorm|[upkeep]
|-heal|p1a: Excadrill|82/100|[from] item: Leftovers
|-damage|p1a: Excadrill|57/100|[from] Salt Cure
|upkeep
|turn|8
|inactive|PinguButGood has 120 seconds left.
|
|t:|1776260605
|switch|p2a: Rillaboom|Rillaboom, M|30/100
|-fieldstart|move: Grassy Terrain|[from] ability: Grassy Surge|[of] p2a: Rillaboom
|move|p1a: Excadrill|Earthquake|p2a: Rillaboom
|-resisted|p2a: Rillaboom
|-damage|p2a: Rillaboom|14/100
|
|-weather|none
|-heal|p1a: Excadrill|63/100|[from] Grassy Terrain
|-heal|p1a: Excadrill|69/100|[from] item: Leftovers
|-heal|p2a: Rillaboom|20/100|[from] Grassy Terrain
|-damage|p1a: Excadrill|44/100|[from] Salt Cure
|upkeep
|turn|9
|inactive|PinguButGood has 120 seconds left.
|
|t:|1776260624
|move|p2a: Rillaboom|Grassy Glide|p1a: Excadrill
|-damage|p1a: Excadrill|0 fnt
|faint|p1a: Excadrill
|
|-heal|p2a: Rillaboom|27/100|[from] Grassy Terrain
|upkeep
|inactive|PigeonHoled has 120 seconds left.
|
|t:|1776260642
|switch|p1a: Iron Valiant|Iron Valiant, shiny|100/100
|turn|10
|
|t:|1776260650
|-terastallize|p2a: Rillaboom|Grass
|move|p2a: Rillaboom|Grassy Glide|p1a: Iron Valiant
|-crit|p1a: Iron Valiant
|-damage|p1a: Iron Valiant|0 fnt
|faint|p1a: Iron Valiant
|-end|p1a: Iron Valiant|Quark Drive|[silent]
|
|-heal|p2a: Rillaboom|33/100|[from] Grassy Terrain
|upkeep
|-message|PigeonHoled forfeited.
|
|win|PinguButGood
|raw|PigeonHoled's rating: 1218 &rarr; <strong>1197</strong><br />(-21 for losing)
|raw|PinguButGood's rating: 1281 &rarr; <strong>1302</strong><br />(+21 for winning)
|l|☆PigeonHoled
|player|p1|
