|html|<div class="broadcast-blue"><strong>[Gen 9] OU is currently suspecting Tera Blast! For information on how to participate check out the <a href="https://www.smogon.com/tools/suspects/view/200">suspect thread</a>.</strong></div>
|j|☆sharkerthantheteal
|j|☆OhHiItsNotMe
|t:|1776342823
|gametype|singles
|player|p1|sharkerthantheteal|cynthia-gen4|1167
|player|p2|OhHiItsNotMe|unknown|1107
|gen|9
|tier|[Gen 9] OU
|rated|
|rule|HP Percentage Mod: HP is shown in percentages
|rule|Endless Battle Clause: Forcing endless battles is banned
|rule|Species Clause: Limit one of each Pokémon
|rule|OHKO Clause: OHKO moves are banned
|rule|Evasion Items Clause: Evasion items are banned
|rule|Evasion Moves Clause: Evasion moves are banned
|rule|Evasion Abilities Clause: Evasion abilities are banned
|rule|Sleep Moves Clause: Sleep-inducing moves are banned
|clearpoke
|poke|p1|Cetitan, M|
|poke|p1|Ninetales-Alola, F|
|poke|p1|Hariyama, F|
|poke|p1|Dragapult, F|
|poke|p1|Iron Valiant|
|poke|p1|Gholdengo|
|poke|p2|Garganacl, F|
|poke|p2|Darkrai|
|poke|p2|Ceruledge, M|
|poke|p2|Kyurem|
|poke|p2|Kingambit, M|
|poke|p2|Gliscor, F|
|teampreview
|inactive|Battle timer is ON: inactive players will automatically lose when time's up. (requested by OhHiItsNotMe)
|
|t:|1776342839
|teamsize|p1|6
|teamsize|p2|6
|start
|switch|p1a: Gholdengo|Gholdengo|100/100
|switch|p2a: The Card Dealer|Gliscor, F, shiny|100/100
|turn|1
|
|t:|1776342846
|move|p1a: Gholdengo|Trick|p2a: The Card Dealer
|-activate|p1a: Gholdengo|move: Trick|[of] p2a: The Card Dealer
|-item|p2a: The Card Dealer|Choice Scarf|[from] move: Trick
|-item|p1a: Gholdengo|Toxic Orb|[from] move: Trick
|move|p2a: The Card Dealer|Knock Off|p1a: Gholdengo
|-supereffective|p1a: Gholdengo
|-damage|p1a: Gholdengo|50/100
|-enditem|p1a: Gholdengo|Toxic Orb|[from] move: Knock Off|[of] p2a: The Card Dealer
|
|upkeep
|turn|2
|
|t:|1776342856
|move|p2a: The Card Dealer|Knock Off|p1a: Gholdengo
|-supereffective|p1a: Gholdengo
|-damage|p1a: Gholdengo|17/100
|move|p1a: Gholdengo|Make It Rain|p2a: The Card Dealer
|-damage|p2a: The Card Dealer|47/100
|-unboost|p1a: Gholdengo|spa|1
|
|upkeep
|turn|3
|
|t:|1776342867
|move|p2a: The Card Dealer|Knock Off|p1a: Gholdengo
|-supereffective|p1a: Gholdengo
|-damage|p1a: Gholdengo|0 fnt
|faint|p1a: Gholdengo
|
|upkeep
|
|t:|1776342874
|switch|p1a: Ninetales|Ninetales-Alola, F|100/100
|-weather|Snowscape|[from] ability: Snow Warning|[of] p1a: Ninetales
|turn|4
|
|t:|1776342893
|switch|p2a: NaCl|Garganacl, F, shiny|100/100
|move|p1a: Ninetales|Aurora Veil|p1a: Ninetales
|-sidestart|p1: sharkerthantheteal|move: Aurora Veil
|
|-weather|Snowscape|[upkeep]
|upkeep
|turn|5
|
|t:|1776342900
|move|p1a: Ninetales|Freeze-Dry|p2a: NaCl
|-damage|p2a: NaCl|86/100
|move|p2a: NaCl|Salt Cure|p1a: Ninetales
|-supereffective|p1a: Ninetales
|-damage|p1a: Ninetales|89/100
|-start|p1a: Ninetales|Salt Cure
|
|-weather|Snowscape|[upkeep]
|-heal|p2a: NaCl|93/100|[from] item: Leftovers
|-damage|p1a: Ninetales|77/100|[from] Salt Cure
|upkeep
|turn|6
|
|t:|1776342910
|move|p1a: Ninetales|Freeze-Dry|p2a: NaCl
|-damage|p2a: NaCl|78/100
|move|p2a: NaCl|Iron Defense|p2a: NaCl
|-boost|p2a: NaCl|def|2
|
|-weather|Snowscape|[upkeep]
|-heal|p2a: NaCl|85/100|[from] item: Leftovers
|-damage|p1a: Ninetales|64/100|[from] Salt Cure
|upkeep
|turn|7
|
|t:|1776342919
|switch|p1a: Iron Valiant|Iron Valiant|100/100
|-enditem|p1a: Iron Valiant|Booster Energy
|-activate|p1a: Iron Valiant|ability: Quark Drive|[fromitem]
|-start|p1a: Iron Valiant|quarkdrivespe
|move|p2a: NaCl|Iron Defense|p2a: NaCl
|-boost|p2a: NaCl|def|2
|
|-weather|Snowscape|[upkeep]
|-heal|p2a: NaCl|91/100|[from] item: Leftovers
|upkeep
|turn|8
|
|t:|1776342928
|-terastallize|p2a: NaCl|Water
|move|p1a: Iron Valiant|Encore|p2a: NaCl
|-start|p2a: NaCl|Encore
|move|p2a: NaCl|Iron Defense|p2a: NaCl
|-boost|p2a: NaCl|def|2
|
|-weather|none
|-heal|p2a: NaCl|97/100|[from] item: Leftovers
|upkeep
|turn|9
|
|t:|1776342939
|switch|p2a: The Card Dealer|Gliscor, F, shiny|47/100
|move|p1a: Iron Valiant|Calm Mind|p1a: Iron Valiant
|-boost|p1a: Iron Valiant|spa|1
|-boost|p1a: Iron Valiant|spd|1
|
|upkeep
|turn|10
|
|t:|1776342945
|move|p1a: Iron Valiant|Moonblast|p2a: The Card Dealer
|-damage|p2a: The Card Dealer|0 fnt
|faint|p2a: The Card Dealer
|
|upkeep
|
|t:|1776342952
|switch|p2a: NaCl|Garganacl, F, shiny, tera:Water|97/100
|turn|11
|
|t:|1776342955
|move|p1a: Iron Valiant|Moonblast|p2a: NaCl
|-damage|p2a: NaCl|48/100
|-unboost|p2a: NaCl|spa|1
|move|p2a: NaCl|Salt Cure|p1a: Iron Valiant
|-resisted|p1a: Iron Valiant
|-damage|p1a: Iron Valiant|96/100
|-start|p1a: Iron Valiant|Salt Cure
|
|-heal|p2a: NaCl|54/100|[from] item: Leftovers
|-damage|p1a: Iron Valiant|84/100|[from] Salt Cure
|-sideend|p1: sharkerthantheteal|move: Aurora Veil
|upkeep
|turn|12
|
|t:|1776342967
|move|p1a: Iron Valiant|Disable|p2a: NaCl
|-start|p2a: NaCl|Disable|Salt Cure
|move|p2a: NaCl|Recover|p2a: NaCl
|-heal|p2a: NaCl|100/100
|
|-damage|p1a: Iron Valiant|71/100|[from] Salt Cure
|upkeep
|turn|13
|
|t:|1776342977
|switch|p2a: Rellana|Ceruledge, M|100/100
|move|p1a: Iron Valiant|Encore||[still]
|-fail|p1a: Iron Valiant
|
|-damage|p1a: Iron Valiant|59/100|[from] Salt Cure
|upkeep
|turn|14
|
|t:|1776342985
|move|p1a: Iron Valiant|Moonblast|p2a: Rellana
|-resisted|p2a: Rellana
|-damage|p2a: Rellana|62/100
|move|p2a: Rellana|Swords Dance|p2a: Rellana
|-boost|p2a: Rellana|atk|2
|
|-damage|p1a: Iron Valiant|46/100|[from] Salt Cure
|upkeep
|turn|15
|
|t:|1776342993
|move|p1a: Iron Valiant|Encore|p2a: Rellana
|-start|p2a: Rellana|Encore
|move|p2a: Rellana|Swords Dance|p2a: Rellana
|-boost|p2a: Rellana|atk|2
|
|-damage|p1a: Iron Valiant|34/100|[from] Salt Cure
|upkeep
|turn|16
|
|t:|1776343002
|switch|p2a: NaCl|Garganacl, F, shiny, tera:Water|100/100
|move|p1a: Iron Valiant|Disable||[still]
|-fail|p1a: Iron Valiant
|
|-damage|p1a: Iron Valiant|21/100|[from] Salt Cure
|upkeep
|turn|17
|
|t:|1776343014
|move|p1a: Iron Valiant|Moonblast|p2a: NaCl
|-damage|p2a: NaCl|51/100
|-unboost|p2a: NaCl|spa|1
|move|p2a: NaCl|Iron Defense|p2a: NaCl
|-boost|p2a: NaCl|def|2
|
|-heal|p2a: NaCl|57/100|[from] item: Leftovers
|-damage|p1a: Iron Valiant|9/100|[from] Salt Cure
|upkeep
|turn|18
|
|t:|1776343029
|move|p1a: Iron Valiant|Encore|p2a: NaCl
|-start|p2a: NaCl|Encore
|move|p2a: NaCl|Iron Defense|p2a: NaCl
|-boost|p2a: NaCl|def|2
|
|-heal|p2a: NaCl|63/100|[from] item: Leftovers
|-damage|p1a: Iron Valiant|0 fnt|[from] Salt Cure
|faint|p1a: Iron Valiant
|-end|p1a: Iron Valiant|Quark Drive|[silent]
|upkeep
|
|t:|1776343037
|switch|p1a: Dragapult|Dragapult, F|100/100
|turn|19
|
|t:|1776343040
|move|p1a: Dragapult|Shadow Ball|p2a: NaCl
|-damage|p2a: NaCl|44/100
|move|p2a: NaCl|Iron Defense|p2a: NaCl
|-boost|p2a: NaCl|def|2
|
|-heal|p2a: NaCl|50/100|[from] item: Leftovers
|upkeep
|turn|20
|
|t:|1776343049
|switch|p1a: Ninetales|Ninetales-Alola, F|64/100
|-weather|Snowscape|[from] ability: Snow Warning|[of] p1a: Ninetales
|move|p2a: NaCl|Iron Defense|p2a: NaCl
|-boost|p2a: NaCl|def|0
|
|-weather|Snowscape|[upkeep]
|-heal|p2a: NaCl|57/100|[from] item: Leftovers
|-end|p2a: NaCl|Encore
|upkeep
|turn|21
|
|t:|1776343057
|move|p1a: Ninetales|Encore|p2a: NaCl
|-start|p2a: NaCl|Encore
|move|p2a: NaCl|Iron Defense|p2a: NaCl
|-boost|p2a: NaCl|def|0
|
|-weather|Snowscape|[upkeep]
|-heal|p2a: NaCl|63/100|[from] item: Leftovers
|upkeep
|turn|22
|
|t:|1776343069
|switch|p2a: Queens Gambit|Kingambit, M|100/100
|-activate|p2a: Queens Gambit|ability: Supreme Overlord
|-start|p2a: Queens Gambit|fallen1|[silent]
|move|p1a: Ninetales|Freeze-Dry|p2a: Queens Gambit
|-resisted|p2a: Queens Gambit
|-damage|p2a: Queens Gambit|90/100
|
|-weather|Snowscape|[upkeep]
|-heal|p2a: Queens Gambit|96/100|[from] item: Leftovers
|upkeep
|turn|23
|
|t:|1776343079
|move|p1a: Ninetales|Aurora Veil|p1a: Ninetales
|-sidestart|p1: sharkerthantheteal|move: Aurora Veil
|move|p2a: Queens Gambit|Iron Head|p1a: Ninetales
|-supereffective|p1a: Ninetales
|-damage|p1a: Ninetales|0 fnt
|faint|p1a: Ninetales
|
|-weather|Snowscape|[upkeep]
|-heal|p2a: Queens Gambit|100/100|[from] item: Leftovers
|upkeep
|
|t:|1776343089
|switch|p1a: Cetitan|Cetitan, M|100/100
|turn|24
|
|t:|1776343096
|move|p1a: Cetitan|Belly Drum|p1a: Cetitan
|-damage|p1a: Cetitan|50/100
|-setboost|p1a: Cetitan|atk|6|[from] move: Belly Drum
|-enditem|p1a: Cetitan|Sitrus Berry|[eat]
|-heal|p1a: Cetitan|75/100|[from] item: Sitrus Berry
|move|p2a: Queens Gambit|Iron Head|p1a: Cetitan
|-supereffective|p1a: Cetitan
|-damage|p1a: Cetitan|43/100
|
|-weather|none
|upkeep
|turn|25
|
|t:|1776343108
|move|p1a: Cetitan|Earthquake|p2a: Queens Gambit
|-supereffective|p2a: Queens Gambit
|-damage|p2a: Queens Gambit|0 fnt
|faint|p2a: Queens Gambit
|-end|p2a: Queens Gambit|fallen1|[silent]
|
|upkeep
|
|t:|1776343114
|switch|p2a: NaCl|Garganacl, F, shiny, tera:Water|63/100
|turn|26
|
|t:|1776343118
|move|p1a: Cetitan|Earthquake|p2a: NaCl
|-damage|p2a: NaCl|0 fnt
|faint|p2a: NaCl
|
|upkeep
|
|t:|1776343135
|switch|p2a: The Freezing Fog|Kyurem, shiny|100/100
|-ability|p2a: The Freezing Fog|Pressure
|turn|27
|
|t:|1776343144
|-terastallize|p1a: Cetitan|Ice
|move|p1a: Cetitan|Ice Shard|p2a: The Freezing Fog
|-damage|p2a: The Freezing Fog|0 fnt
|faint|p2a: The Freezing Fog
|
|upkeep
|
|t:|1776343149
|switch|p2a: Rellana|Ceruledge, M|62/100
|turn|28
|
|t:|1776343152
|move|p1a: Cetitan|Ice Shard|p2a: Rellana
|-resisted|p2a: Rellana
|-damage|p2a: Rellana|0 fnt
|faint|p2a: Rellana
|
|upkeep
|
|t:|1776343155
|switch|p2a: El Cinco|Darkrai, shiny|100/100
|turn|29
|
|t:|1776343158
|move|p1a: Cetitan|Ice Shard|p2a: El Cinco
|-damage|p2a: El Cinco|0 fnt
|faint|p2a: El Cinco
|
|win|sharkerthantheteal
|raw|sharkerthantheteal's rating: 1167 &rarr; <strong>1188</strong><br />(+21 for winning)
|raw|OhHiItsNotMe's rating: 1107 &rarr; <strong>1086</strong><br />(-21 for losing)
|c|☆sharkerthantheteal|gg
|l|☆OhHiItsNotMe
|player|p2|
