|html|<div class="broadcast-blue"><strong>[Gen 9] OU is currently suspecting Tera Blast! For information on how to participate check out the <a href="https://www.smogon.com/tools/suspects/view/200">suspect thread</a>.</strong></div>
|j|☆rekcuskco
|j|☆GungusG
|t:|1776276719
|gametype|singles
|player|p1|rekcuskco|red|1097
|player|p2|GungusG|pokekid|1046
|gen|9
|tier|[Gen 9] OU
|rated|
|rule|HP Percentage Mod: HP is shown in percentages
|rule|Endless Battle Clause: Forcing endless battles is banned
|rule|Species Clause: Limit one of each Pokémon
|rule|OHKO Clause: OHKO moves are banned
|rule|Evasion Items Clause: Evasion items are banned
|rule|Evasion Moves Clause: Evasion moves are banned
|rule|Evasion Abilities Clause: Evasion abilities are banned
|rule|Sleep Moves Clause: Sleep-inducing moves are banned
|clearpoke
|poke|p1|Arcanine, F|
|poke|p1|Milotic, M|
|poke|p1|Weavile, F|
|poke|p1|Decidueye, F|
|poke|p1|Weezing, M|
|poke|p1|Hippowdon, F|
|poke|p2|Spidops, F|
|poke|p2|Toxtricity, F|
|poke|p2|Corviknight, M|
|poke|p2|Coalossal, F|
|poke|p2|Great Tusk|
|poke|p2|Dragapult, F|
|teampreview
|
|t:|1776276747
|teamsize|p1|6
|teamsize|p2|6
|start
|switch|p1a: Arcanine|Arcanine, F|100/100
|switch|p2a: Purple They|Toxtricity, F, shiny|100/100
|-ability|p1a: Arcanine|Intimidate|boost
|-unboost|p2a: Purple They|atk|1
|turn|1
|
|t:|1776276774
|move|p2a: Purple They|Volt Switch|p1a: Arcanine
|-damage|p1a: Arcanine|57/100
|
|t:|1776276780
|switch|p2a: WW|Coalossal, F, shiny|100/100|[from] Volt Switch
|-item|p2a: WW|Air Balloon
|move|p1a: Arcanine|Flamethrower|p2a: WW
|-resisted|p2a: WW
|-damage|p2a: WW|93/100
|-ability|p2a: WW|Steam Engine|boost
|-boost|p2a: WW|spe|6
|-enditem|p2a: WW|Air Balloon
|
|-heal|p1a: Arcanine|63/100|[from] item: Leftovers
|upkeep
|turn|2
|
|t:|1776276796
|move|p1a: Arcanine|Protect|p1a: Arcanine
|-singleturn|p1a: Arcanine|Protect
|move|p2a: WW|Stealth Rock|p1a: Arcanine
|-sidestart|p1: rekcuskco|move: Stealth Rock
|
|-heal|p1a: Arcanine|69/100|[from] item: Leftovers
|upkeep
|turn|3
|
|t:|1776276801
|move|p2a: WW|Power Gem|p1a: Arcanine
|-supereffective|p1a: Arcanine
|-damage|p1a: Arcanine|23/100
|move|p1a: Arcanine|Roar|p2a: WW
|drag|p2a: Bird Up|Corviknight, M|100/100
|-ability|p2a: Bird Up|Pressure
|
|-heal|p1a: Arcanine|29/100|[from] item: Leftovers
|upkeep
|turn|4
|
|t:|1776276810
|switch|p2a: WW|Coalossal, F, shiny|93/100
|move|p1a: Arcanine|Flamethrower|p2a: WW
|-resisted|p2a: WW
|-damage|p2a: WW|87/100
|-ability|p2a: WW|Steam Engine|boost
|-boost|p2a: WW|spe|6
|
|-heal|p1a: Arcanine|35/100|[from] item: Leftovers
|upkeep
|turn|5
|
|t:|1776276824
|move|p2a: WW|Power Gem|p1a: Arcanine
|-supereffective|p1a: Arcanine
|-damage|p1a: Arcanine|0 fnt
|faint|p1a: Arcanine
|
|upkeep
|
|t:|1776276827
|switch|p1a: Hippowdon|Hippowdon, F, shiny|100/100
|-damage|p1a: Hippowdon|94/100|[from] Stealth Rock
|-weather|Sandstorm|[from] ability: Sand Stream|[of] p1a: Hippowdon
|turn|6
|
|t:|1776276836
|-terastallize|p2a: WW|Water
|move|p2a: WW|Scald|p1a: Hippowdon
|-supereffective|p1a: Hippowdon
|-damage|p1a: Hippowdon|47/100
|-enditem|p1a: Hippowdon|Sitrus Berry|[eat]
|-heal|p1a: Hippowdon|72/100|[from] item: Sitrus Berry
|move|p1a: Hippowdon|Earthquake|p2a: WW
|-damage|p2a: WW|61/100
|
|-weather|Sandstorm|[upkeep]
|-damage|p2a: WW|55/100|[from] Sandstorm
|upkeep
|turn|7
|l|☆rekcuskco
|player|p1|
|inactive|Battle timer is ON: inactive players will automatically lose when time's up. (requested by GungusG)
|j|☆rekcuskco
|inactive|rekcuskco reconnected and has 150 seconds left.
|player|p1|rekcuskco|red|
|
|t:|1776276882
|move|p2a: WW|Scald|p1a: Hippowdon
|-supereffective|p1a: Hippowdon
|-damage|p1a: Hippowdon|24/100
|move|p1a: Hippowdon|Whirlwind|p2a: WW
|drag|p2a: Trangle|Dragapult, F|100/100
|
|-weather|Sandstorm|[upkeep]
|-damage|p2a: Trangle|95/100|[from] Sandstorm
|upkeep
|turn|8
|l|☆rekcuskco
|inactive|rekcuskco disconnected and has a minute to reconnect!
|player|p1|
|inactive|rekcuskco has 30 seconds to reconnect!
|j|☆rekcuskco
|inactive|rekcuskco reconnected and has 105 seconds left.
|player|p1|rekcuskco|red|
|
|t:|1776276932
|move|p2a: Trangle|Flamethrower|p1a: Hippowdon
|-damage|p1a: Hippowdon|0 fnt
|faint|p1a: Hippowdon
|-damage|p2a: Trangle|85/100|[from] item: Life Orb
|
|-weather|Sandstorm|[upkeep]
|-damage|p2a: Trangle|79/100|[from] Sandstorm
|upkeep
|
|t:|1776276942
|switch|p1a: Weavile|Weavile, F|100/100
|-damage|p1a: Weavile|76/100|[from] Stealth Rock
|-ability|p1a: Weavile|Pressure
|turn|9
|
|t:|1776276951
|switch|p2a: Bird Up|Corviknight, M|100/100
|-ability|p2a: Bird Up|Pressure
|move|p1a: Weavile|Triple Axel|p2a: Bird Up
|-damage|p2a: Bird Up|89/100
|-damage|p2a: Bird Up|63/100
|-damage|p2a: Bird Up|27/100
|-hitcount|p2a: Bird Up|3
|
|-weather|Sandstorm|[upkeep]
|-damage|p1a: Weavile|70/100|[from] Sandstorm
|-heal|p2a: Bird Up|34/100|[from] item: Leftovers
|upkeep
|turn|10
|
|t:|1776276975
|move|p1a: Weavile|Triple Axel|p2a: Bird Up
|-damage|p2a: Bird Up|21/100
|-damage|p2a: Bird Up|0 fnt
|faint|p2a: Bird Up
|-hitcount|p2: Bird Up|2
|
|-weather|none
|upkeep
|
|t:|1776276977
|switch|p2a: Trangle|Dragapult, F|79/100
|turn|11
|inactive|rekcuskco has 120 seconds left.
|
|t:|1776276984
|move|p2a: Trangle|Flamethrower|p1a: Weavile
|-supereffective|p1a: Weavile
|-crit|p1a: Weavile
|-damage|p1a: Weavile|0 fnt
|faint|p1a: Weavile
|-damage|p2a: Trangle|69/100|[from] item: Life Orb
|
|upkeep
|inactive|rekcuskco has 120 seconds left.
|
|t:|1776276998
|switch|p1a: Decidueye|Decidueye, F|100/100
|-damage|p1a: Decidueye|88/100|[from] Stealth Rock
|turn|12
|inactive|rekcuskco has 120 seconds left.
|inactive|rekcuskco has 90 seconds left.
|
|t:|1776277055
|-terastallize|p1a: Decidueye|Ghost
|move|p1a: Decidueye|Shadow Sneak|p2a: Trangle
|-supereffective|p2a: Trangle
|-damage|p2a: Trangle|0 fnt
|faint|p2a: Trangle
|
|upkeep
|
|t:|1776277059
|switch|p2a: Webwinkle|Spidops, F|100/100
|turn|13
|
|t:|1776277064
|switch|p1a: Milotic|Milotic, M|100/100
|-damage|p1a: Milotic|88/100|[from] Stealth Rock
|move|p2a: Webwinkle|Knock Off|p1a: Milotic
|-damage|p1a: Milotic|29/100
|-enditem|p1a: Milotic|Flame Orb|[from] move: Knock Off|[of] p2a: Webwinkle
|
|upkeep
|turn|14
|inactive|rekcuskco has 90 seconds left.
|
|t:|1776277082
|move|p1a: Milotic|Recover|p1a: Milotic
|-heal|p1a: Milotic|79/100
|move|p2a: Webwinkle|Sticky Web|p1a: Milotic
|-sidestart|p1: rekcuskco|move: Sticky Web
|
|upkeep
|turn|15
|
|t:|1776277091
|move|p1a: Milotic|Scald|p2a: Webwinkle
|-damage|p2a: Webwinkle|68/100
|move|p2a: Webwinkle|U-turn|p1a: Milotic
|-damage|p1a: Milotic|50/100
|
|t:|1776277096
|switch|p2a: Purple They|Toxtricity, F, shiny|100/100|[from] U-turn
|
|upkeep
|turn|16
|
|t:|1776277102
|move|p2a: Purple They|Overdrive|p1a: Milotic
|-supereffective|p1a: Milotic
|-damage|p1a: Milotic|0 fnt
|faint|p1a: Milotic
|
|upkeep
|
|t:|1776277105
|switch|p1a: Decidueye|Decidueye, F, tera:Ghost|88/100
|-damage|p1a: Decidueye|76/100|[from] Stealth Rock
|-activate|p1a: Decidueye|move: Sticky Web
|-unboost|p1a: Decidueye|spe|1
|turn|17
|
|t:|1776277109
|move|p2a: Purple They|Overdrive|p1a: Decidueye
|-damage|p1a: Decidueye|0 fnt
|faint|p1a: Decidueye
|
|upkeep
|-message|rekcuskco forfeited.
|
|win|GungusG
|raw|rekcuskco's rating: 1097 &rarr; <strong>1069</strong><br />(-28 for losing)
|raw|GungusG's rating: 1046 &rarr; <strong>1084</strong><br />(+38 for winning)
|l|☆rekcuskco
|player|p1|
