|html|<div class="broadcast-blue"><strong>[Gen 9] OU is currently suspecting Tera Blast! For information on how to participate check out the <a href="https://www.smogon.com/tools/suspects/view/200">suspect thread</a>.</strong></div>
|j|☆Gui4real
|j|☆Mizer_zZz
|t:|1776056279
|gametype|singles
|player|p1|Gui4real|flint|1118
|player|p2|Mizer_zZz|lance|1145
|gen|9
|tier|[Gen 9] OU
|rated|
|rule|HP Percentage Mod: HP is shown in percentages
|rule|Endless Battle Clause: Forcing endless battles is banned
|rule|Species Clause: Limit one of each Pokémon
|rule|OHKO Clause: OHKO moves are banned
|rule|Evasion Items Clause: Evasion items are banned
|rule|Evasion Moves Clause: Evasion moves are banned
|rule|Evasion Abilities Clause: Evasion abilities are banned
|rule|Sleep Moves Clause: Sleep-inducing moves are banned
|clearpoke
|poke|p1|Deoxys-Speed|
|poke|p1|Incineroar, M|
|poke|p1|Dondozo, M|
|poke|p1|Zapdos-Galar|
|poke|p1|Garchomp, F|
|poke|p1|Porygon-Z|
|poke|p2|Greninja-*, M|
|poke|p2|Dragonite, F|
|poke|p2|Corviknight, F|
|poke|p2|Garganacl, F|
|poke|p2|Kingambit, F|
|poke|p2|Slowking-Galar, M|
|teampreview
|
|t:|1776056288
|teamsize|p1|6
|teamsize|p2|6
|start
|switch|p1a: Deoxys|Deoxys-Speed|100/100
|switch|p2a: Greninja|Greninja, M, shiny|100/100
|-ability|p1a: Deoxys|Pressure
|turn|1
|
|t:|1776056298
|move|p1a: Deoxys|Stealth Rock|p2a: Greninja
|-sidestart|p2: Mizer_zZz|move: Stealth Rock
|move|p2a: Greninja|Spikes|p1a: Deoxys
|-start|p2a: Greninja|typechange|Ground|[from] ability: Protean
|-sidestart|p1: Gui4real|Spikes
|
|upkeep
|turn|2
|
|t:|1776056304
|move|p1a: Deoxys|Spikes|p2a: Greninja
|-sidestart|p2: Mizer_zZz|Spikes
|move|p2a: Greninja|Spikes|p1a: Deoxys
|-sidestart|p1: Gui4real|Spikes
|
|upkeep
|turn|3
|
|t:|1776056311
|move|p1a: Deoxys|Knock Off|p2a: Greninja
|-damage|p2a: Greninja|62/100
|-enditem|p2a: Greninja|Life Orb|[from] move: Knock Off|[of] p1a: Deoxys
|move|p2a: Greninja|Spikes|p1a: Deoxys
|-sidestart|p1: Gui4real|Spikes
|
|upkeep
|turn|4
|
|t:|1776056317
|move|p1a: Deoxys|Psychic|p2a: Greninja
|-damage|p2a: Greninja|15/100
|move|p2a: Greninja|U-turn|p1a: Deoxys
|-supereffective|p1a: Deoxys
|-damage|p1a: Deoxys|63/100
|
|t:|1776056335
|switch|p2a: Garganacl|Garganacl, F, shiny|100/100|[from] U-turn
|-damage|p2a: Garganacl|88/100|[from] Stealth Rock
|-damage|p2a: Garganacl|76/100|[from] Spikes
|
|-heal|p2a: Garganacl|82/100|[from] item: Leftovers
|upkeep
|turn|5
|
|t:|1776056348
|move|p1a: Deoxys|Spikes|p2a: Garganacl
|-sidestart|p2: Mizer_zZz|Spikes
|move|p2a: Garganacl|Salt Cure|p1a: Deoxys
|-crit|p1a: Deoxys
|-damage|p1a: Deoxys|33/100
|-start|p1a: Deoxys|Salt Cure
|
|-heal|p2a: Garganacl|88/100|[from] item: Leftovers
|-damage|p1a: Deoxys|21/100|[from] Salt Cure
|upkeep
|turn|6
|
|t:|1776056357
|move|p1a: Deoxys|Knock Off|p2a: Garganacl
|-damage|p2a: Garganacl|76/100
|-enditem|p2a: Garganacl|Leftovers|[from] move: Knock Off|[of] p1a: Deoxys
|move|p2a: Garganacl|Iron Defense|p2a: Garganacl
|-boost|p2a: Garganacl|def|2
|
|-damage|p1a: Deoxys|8/100|[from] Salt Cure
|upkeep
|turn|7
|
|t:|1776056365
|move|p1a: Deoxys|Psychic|p2a: Garganacl
|-damage|p2a: Garganacl|51/100
|move|p2a: Garganacl|Iron Defense|p2a: Garganacl
|-boost|p2a: Garganacl|def|2
|
|-damage|p1a: Deoxys|0 fnt|[from] Salt Cure
|faint|p1a: Deoxys
|upkeep
|
|t:|1776056371
|switch|p1a: Dondozo|Dondozo, M|100/100
|-damage|p1a: Dondozo|75/100|[from] Spikes
|turn|8
|
|t:|1776056384
|-terastallize|p2a: Garganacl|Water
|move|p2a: Garganacl|Body Press|p1a: Dondozo
|-damage|p1a: Dondozo|61/100
|move|p1a: Dondozo|Curse|p1a: Dondozo
|-unboost|p1a: Dondozo|spe|1
|-boost|p1a: Dondozo|atk|1
|-boost|p1a: Dondozo|def|1
|
|-heal|p1a: Dondozo|67/100|[from] item: Leftovers
|upkeep
|turn|9
|
|t:|1776056394
|move|p2a: Garganacl|Salt Cure|p1a: Dondozo
|-damage|p1a: Dondozo|63/100
|-start|p1a: Dondozo|Salt Cure
|move|p1a: Dondozo|Curse|p1a: Dondozo
|-unboost|p1a: Dondozo|spe|1
|-boost|p1a: Dondozo|atk|1
|-boost|p1a: Dondozo|def|1
|
|-heal|p1a: Dondozo|69/100|[from] item: Leftovers
|-damage|p1a: Dondozo|44/100|[from] Salt Cure
|upkeep
|turn|10
|
|t:|1776056410
|move|p2a: Garganacl|Recover|p2a: Garganacl
|-heal|p2a: Garganacl|100/100
|move|p1a: Dondozo|Waterfall|p2a: Garganacl
|-resisted|p2a: Garganacl
|-damage|p2a: Garganacl|86/100
|
|-heal|p1a: Dondozo|50/100|[from] item: Leftovers
|-damage|p1a: Dondozo|25/100|[from] Salt Cure
|upkeep
|turn|11
|
|t:|1776056420
|move|p2a: Garganacl|Iron Defense|p2a: Garganacl
|-boost|p2a: Garganacl|def|2
|move|p1a: Dondozo|Rest|p1a: Dondozo
|-status|p1a: Dondozo|slp|[from] move: Rest
|-heal|p1a: Dondozo|100/100 slp|[silent]
|
|-damage|p1a: Dondozo|75/100 slp|[from] Salt Cure
|upkeep
|turn|12
|
|t:|1776056430
|switch|p1a: Porygon-Z|Porygon-Z|100/100
|-ability|p1a: Porygon-Z|Download|boost
|-boost|p1a: Porygon-Z|spa|1
|move|p2a: Garganacl|Iron Defense|p2a: Garganacl
|-boost|p2a: Garganacl|def|0
|
|upkeep
|turn|13
|
|t:|1776056439
|move|p1a: Porygon-Z|Nasty Plot|p1a: Porygon-Z
|-boost|p1a: Porygon-Z|spa|2
|move|p2a: Garganacl|Body Press|p1a: Porygon-Z
|-supereffective|p1a: Porygon-Z
|-damage|p1a: Porygon-Z|0 fnt
|faint|p1a: Porygon-Z
|
|upkeep
|
|t:|1776056466
|switch|p1a: Garchomp|Garchomp, F|100/100
|-damage|p1a: Garchomp|76/100|[from] Spikes
|turn|14
|
|t:|1776056474
|move|p1a: Garchomp|Swords Dance|p1a: Garchomp
|-boost|p1a: Garchomp|atk|2
|move|p2a: Garganacl|Salt Cure|p1a: Garchomp
|-resisted|p1a: Garchomp
|-damage|p1a: Garchomp|68/100
|-start|p1a: Garchomp|Salt Cure
|
|-damage|p1a: Garchomp|56/100|[from] Salt Cure
|upkeep
|turn|15
|
|t:|1776056482
|move|p1a: Garchomp|Scale Shot|p2a: Garganacl
|-damage|p2a: Garganacl|82/100
|-damage|p2a: Garganacl|78/100
|-damage|p2a: Garganacl|74/100
|-damage|p2a: Garganacl|70/100
|-damage|p2a: Garganacl|66/100
|-hitcount|p2a: Garganacl|5
|-unboost|p1a: Garchomp|def|1
|-boost|p1a: Garchomp|spe|1
|move|p2a: Garganacl|Body Press|p1a: Garchomp
|-damage|p1a: Garchomp|0 fnt
|-damage|p2a: Garganacl|54/100|[from] ability: Rough Skin|[of] p1a: Garchomp
|faint|p1a: Garchomp
|
|upkeep
|
|t:|1776056492
|switch|p1a: Zapdos|Zapdos-Galar, shiny|100/100
|turn|16
|
|t:|1776056512
|move|p1a: Zapdos|U-turn|p2a: Garganacl
|-damage|p2a: Garganacl|50/100
|
|t:|1776056515
|switch|p1a: Dondozo|Dondozo, M|75/100 slp|[from] U-turn
|-damage|p1a: Dondozo|50/100 slp|[from] Spikes
|move|p2a: Garganacl|Salt Cure|p1a: Dondozo
|-damage|p1a: Dondozo|43/100 slp
|-start|p1a: Dondozo|Salt Cure
|
|-heal|p1a: Dondozo|50/100 slp|[from] item: Leftovers
|-damage|p1a: Dondozo|25/100 slp|[from] Salt Cure
|upkeep
|turn|17
|
|t:|1776056527
|switch|p2a: Slowking|Slowking-Galar, M, shiny|100/100
|-damage|p2a: Slowking|88/100|[from] Stealth Rock
|-damage|p2a: Slowking|72/100|[from] Spikes
|cant|p1a: Dondozo|slp
|move|p1a: Dondozo|Sleep Talk|p1a: Dondozo
|move|p1a: Dondozo|Curse|p1a: Dondozo|[from] move: Sleep Talk
|-unboost|p1a: Dondozo|spe|1
|-boost|p1a: Dondozo|atk|1
|-boost|p1a: Dondozo|def|1
|
|-heal|p2a: Slowking|78/100|[from] item: Black Sludge
|-heal|p1a: Dondozo|31/100 slp|[from] item: Leftovers
|-damage|p1a: Dondozo|6/100 slp|[from] Salt Cure
|upkeep
|turn|18
|
|t:|1776056542
|move|p2a: Slowking|Toxic Spikes|p1a: Dondozo
|-sidestart|p1: Gui4real|move: Toxic Spikes
|cant|p1a: Dondozo|slp
|move|p1a: Dondozo|Sleep Talk|p1a: Dondozo
|move|p1a: Dondozo|Curse|p1a: Dondozo|[from] move: Sleep Talk
|-unboost|p1a: Dondozo|spe|1
|-boost|p1a: Dondozo|atk|1
|-boost|p1a: Dondozo|def|1
|
|-heal|p2a: Slowking|84/100|[from] item: Black Sludge
|-heal|p1a: Dondozo|12/100 slp|[from] item: Leftovers
|-damage|p1a: Dondozo|0 fnt|[from] Salt Cure
|faint|p1a: Dondozo
|upkeep
|
|t:|1776056549
|switch|p1a: Incineroar|Incineroar, M|100/100
|-ability|p1a: Incineroar|Intimidate|boost
|-unboost|p2a: Slowking|atk|1
|turn|19
|
|t:|1776056558
|move|p1a: Incineroar|Swords Dance|p1a: Incineroar
|-boost|p1a: Incineroar|atk|2
|move|p2a: Slowking|Toxic Spikes|p1a: Incineroar
|-sidestart|p1: Gui4real|move: Toxic Spikes
|
|-heal|p2a: Slowking|90/100|[from] item: Black Sludge
|upkeep
|turn|20
|
|t:|1776056578
|move|p1a: Incineroar|Swords Dance|p1a: Incineroar
|-boost|p1a: Incineroar|atk|2
|move|p2a: Slowking|Psychic|p1a: Incineroar
|-immune|p1a: Incineroar
|
|-heal|p2a: Slowking|96/100|[from] item: Black Sludge
|upkeep
|turn|21
|
|t:|1776056586
|move|p1a: Incineroar|Knock Off|p2a: Slowking
|-supereffective|p2a: Slowking
|-damage|p2a: Slowking|0 fnt
|-enditem|p2a: Slowking|Black Sludge|[from] move: Knock Off|[of] p1a: Incineroar
|faint|p2a: Slowking
|
|upkeep
|
|t:|1776056603
|switch|p2a: Corviknight|Corviknight, F, shiny|100/100
|-damage|p2a: Corviknight|88/100|[from] Stealth Rock
|turn|22
|
|t:|1776056610
|move|p2a: Corviknight|Defog|p1a: Incineroar
|-unboost|p1a: Incineroar|evasion|1
|-sideend|p1: Gui4real|Spikes|[from] move: Defog|[of] p2a: Corviknight
|-sideend|p1: Gui4real|Toxic Spikes|[from] move: Defog|[of] p2a: Corviknight
|-sideend|p2: Mizer_zZz|Spikes|[from] move: Defog|[of] p2a: Corviknight
|-sideend|p2: Mizer_zZz|Stealth Rock|[from] move: Defog|[of] p2a: Corviknight
|move|p1a: Incineroar|Flare Blitz|p2a: Corviknight
|-supereffective|p2a: Corviknight
|-damage|p2a: Corviknight|0 fnt
|faint|p2a: Corviknight
|-damage|p1a: Incineroar|71/100|[from] Recoil
|
|upkeep
|
|t:|1776056625
|switch|p2a: Greninja|Greninja, M, shiny|15/100
|turn|23
|
|t:|1776056632
|move|p2a: Greninja|Hydro Pump|p1a: Incineroar
|-start|p2a: Greninja|typechange|Water|[from] ability: Protean
|-supereffective|p1a: Incineroar
|-damage|p1a: Incineroar|0 fnt
|faint|p1a: Incineroar
|
|upkeep
|
|t:|1776056637
|switch|p1a: Zapdos|Zapdos-Galar, shiny|100/100
|turn|24
|
|t:|1776056643
|move|p1a: Zapdos|Close Combat|p2a: Greninja
|-damage|p2a: Greninja|0 fnt
|-unboost|p1a: Zapdos|def|1
|-unboost|p1a: Zapdos|spd|1
|faint|p2a: Greninja
|
|upkeep
|
|t:|1776056651
|switch|p2a: Dragonite|Dragonite, F, shiny|100/100
|turn|25
|
|t:|1776056656
|move|p1a: Zapdos|Close Combat|p2a: Dragonite
|-resisted|p2a: Dragonite
|-damage|p2a: Dragonite|85/100
|-unboost|p1a: Zapdos|def|1
|-unboost|p1a: Zapdos|spd|1
|move|p2a: Dragonite|Dragon Dance|p2a: Dragonite
|-boost|p2a: Dragonite|atk|1
|-boost|p2a: Dragonite|spe|1
|
|-heal|p2a: Dragonite|91/100|[from] item: Leftovers
|upkeep
|turn|26
|
|t:|1776056670
|move|p1a: Zapdos|Close Combat|p2a: Dragonite
|-resisted|p2a: Dragonite
|-damage|p2a: Dragonite|60/100
|-unboost|p1a: Zapdos|def|1
|-unboost|p1a: Zapdos|spd|1
|move|p2a: Dragonite|Dragon Claw|p1a: Zapdos
|-damage|p1a: Zapdos|0 fnt
|faint|p1a: Zapdos
|
|win|Mizer_zZz
|raw|Gui4real's rating: 1118 &rarr; <strong>1095</strong><br />(-23 for losing)
|raw|Mizer_zZz's rating: 1145 &rarr; <strong>1168</strong><br />(+23 for winning)
|l|☆Gui4real
|player|p1|
|l|☆Mizer_zZz
|player|p2|
