|html|<div class="broadcast-blue"><strong>[Gen 9] OU is currently suspecting Tera Blast! For information on how to participate check out the <a href="https://www.smogon.com/tools/suspects/view/200">suspect thread</a>.</strong></div>
|j|☆amimec
|j|☆snurke
|t:|1776076294
|gametype|singles
|player|p1|amimec|eusine|1685
|player|p2|snurke|sisandbro|1643
|gen|9
|tier|[Gen 9] OU
|rated|
|rule|HP Percentage Mod: HP is shown in percentages
|rule|Endless Battle Clause: Forcing endless battles is banned
|rule|Species Clause: Limit one of each Pokémon
|rule|OHKO Clause: OHKO moves are banned
|rule|Evasion Items Clause: Evasion items are banned
|rule|Evasion Moves Clause: Evasion moves are banned
|rule|Evasion Abilities Clause: Evasion abilities are banned
|rule|Sleep Moves Clause: Sleep-inducing moves are banned
|clearpoke
|poke|p1|Meowscarada, F|
|poke|p1|Pecharunt|
|poke|p1|Enamorus, F|
|poke|p1|Iron Treads|
|poke|p1|Skarmory, M|
|poke|p1|Slowking, F|
|poke|p2|Mew|
|poke|p2|Great Tusk|
|poke|p2|Kingambit, F|
|poke|p2|Ceruledge, F|
|poke|p2|Ninetales-Alola, M|
|poke|p2|Gliscor, M|
|teampreview
|
|t:|1776076320
|teamsize|p1|6
|teamsize|p2|6
|start
|switch|p1a: Meowscarada|Meowscarada, F|100/100
|switch|p2a: Ninetales|Ninetales-Alola, M, shiny|100/100
|-weather|Snowscape|[from] ability: Snow Warning|[of] p2a: Ninetales
|turn|1
|
|t:|1776076329
|move|p1a: Meowscarada|Knock Off|p2a: Ninetales
|-start|p1a: Meowscarada|typechange|Dark|[from] ability: Protean
|-resisted|p2a: Ninetales
|-damage|p2a: Ninetales|75/100
|-enditem|p2a: Ninetales|Light Clay|[from] move: Knock Off|[of] p1a: Meowscarada
|move|p2a: Ninetales|Aurora Veil|p2a: Ninetales
|-sidestart|p2: snurke|move: Aurora Veil
|
|-weather|Snowscape|[upkeep]
|upkeep
|turn|2
|inactive|Battle timer is ON: inactive players will automatically lose when time's up. (requested by snurke)
|
|t:|1776076352
|switch|p1a: Slowking|Slowking, F|100/100
|move|p2a: Ninetales|Moonblast|p1a: Slowking
|-damage|p1a: Slowking|88/100
|
|-weather|Snowscape|[upkeep]
|upkeep
|turn|3
|
|t:|1776076361
|switch|p2a: Gliscor|Gliscor, M, shiny|100/100
|move|p1a: Slowking|Scald|p2a: Gliscor
|-supereffective|p2a: Gliscor
|-damage|p2a: Gliscor|61/100
|
|-weather|Snowscape|[upkeep]
|-status|p2a: Gliscor|tox|[from] item: Toxic Orb
|upkeep
|turn|4
|
|t:|1776076375
|move|p2a: Gliscor|Swords Dance|p2a: Gliscor
|-boost|p2a: Gliscor|atk|2
|move|p1a: Slowking|Scald|p2a: Gliscor
|-supereffective|p2a: Gliscor
|-crit|p2a: Gliscor
|-damage|p2a: Gliscor|0 fnt
|faint|p2a: Gliscor
|
|-weather|Snowscape|[upkeep]
|upkeep
|c|☆snurke|breh
|
|t:|1776076384
|switch|p2a: Mew|Mew, shiny|100/100
|turn|5
|
|t:|1776076391
|switch|p1a: Pecharunt|Pecharunt|100/100
|move|p2a: Mew|Imprison|p2a: Mew
|-start|p2a: Mew|move: Imprison
|
|-weather|none
|-sideend|p2: snurke|move: Aurora Veil
|upkeep
|turn|6
|
|t:|1776076405
|-terastallize|p2a: Mew|Steel
|move|p2a: Mew|Stealth Rock|p1a: Pecharunt
|-sidestart|p1: amimec|move: Stealth Rock
|move|p1a: Pecharunt|Malignant Chain|p2a: Mew
|-immune|p2a: Mew
|
|upkeep
|turn|7
|
|t:|1776076412
|move|p2a: Mew|Knock Off|p1a: Pecharunt
|-supereffective|p1a: Pecharunt
|-damage|p1a: Pecharunt|78/100
|-damage|p2a: Mew|84/100|[from] item: Rocky Helmet|[of] p1a: Pecharunt
|-enditem|p1a: Pecharunt|Rocky Helmet|[from] move: Knock Off|[of] p2a: Mew
|move|p1a: Pecharunt|Foul Play|p2a: Mew
|-damage|p2a: Mew|64/100
|
|-heal|p2a: Mew|70/100|[from] item: Leftovers
|upkeep
|turn|8
|
|t:|1776076419
|move|p2a: Mew|Transform|p1a: Pecharunt
|-transform|p2a: Mew|p1a: Pecharunt
|cant|p1a: Pecharunt|move: Imprison|Foul Play
|
|-heal|p2a: Mew|76/100|[from] item: Leftovers
|upkeep
|turn|9
|
|t:|1776076437
|switch|p1a: Skarmory|Skarmory, M|100/100
|-damage|p1a: Skarmory|88/100|[from] Stealth Rock
|move|p2a: Mew|Parting Shot|p1a: Skarmory
|-unboost|p1a: Skarmory|atk|1
|-unboost|p1a: Skarmory|spa|1
|
|t:|1776076456
|switch|p2a: Ceruledge|Ceruledge, F, shiny|100/100|[from] Parting Shot
|
|upkeep
|turn|10
|
|t:|1776076470
|switch|p1a: Pecharunt|Pecharunt|78/100
|-damage|p1a: Pecharunt|66/100|[from] Stealth Rock
|move|p2a: Ceruledge|Bulk Up|p2a: Ceruledge
|-boost|p2a: Ceruledge|atk|1
|-boost|p2a: Ceruledge|def|1
|
|upkeep
|turn|11
|
|t:|1776076484
|move|p2a: Ceruledge|Taunt|p1a: Pecharunt
|-start|p1a: Pecharunt|move: Taunt
|move|p1a: Pecharunt|Malignant Chain|p2a: Ceruledge
|-resisted|p2a: Ceruledge
|-damage|p2a: Ceruledge|84/100
|
|upkeep
|turn|12
|
|t:|1776076489
|move|p2a: Ceruledge|Bulk Up|p2a: Ceruledge
|-boost|p2a: Ceruledge|atk|1
|-boost|p2a: Ceruledge|def|1
|move|p1a: Pecharunt|Malignant Chain|p2a: Ceruledge
|-resisted|p2a: Ceruledge
|-damage|p2a: Ceruledge|70/100
|
|upkeep
|turn|13
|
|t:|1776076495
|move|p2a: Ceruledge|Bulk Up|p2a: Ceruledge
|-boost|p2a: Ceruledge|atk|1
|-boost|p2a: Ceruledge|def|1
|move|p1a: Pecharunt|Foul Play|p2a: Ceruledge
|-supereffective|p2a: Ceruledge
|-damage|p2a: Ceruledge|0 fnt
|faint|p2a: Ceruledge
|
|-end|p1a: Pecharunt|move: Taunt
|upkeep
|
|t:|1776076502
|switch|p2a: Ninetales|Ninetales-Alola, M, shiny|75/100
|-weather|Snowscape|[from] ability: Snow Warning|[of] p2a: Ninetales
|turn|14
|
|t:|1776076506
|switch|p1a: Iron Treads|Iron Treads|100/100
|-damage|p1a: Iron Treads|98/100|[from] Stealth Rock
|move|p2a: Ninetales|Encore||[still]
|-fail|p2a: Ninetales
|
|-weather|Snowscape|[upkeep]
|-heal|p1a: Iron Treads|100/100|[from] item: Leftovers
|upkeep
|turn|15
|
|t:|1776076512
|move|p2a: Ninetales|Aurora Veil|p2a: Ninetales
|-sidestart|p2: snurke|move: Aurora Veil
|move|p1a: Iron Treads|Rapid Spin|p2a: Ninetales
|-damage|p2a: Ninetales|69/100
|-boost|p1a: Iron Treads|spe|1
|-sideend|p1: amimec|Stealth Rock|[from] move: Rapid Spin|[of] p1a: Iron Treads
|
|-weather|Snowscape|[upkeep]
|upkeep
|turn|16
|
|t:|1776076516
|switch|p2a: Great Tusk|Great Tusk|100/100
|move|p1a: Iron Treads|Stealth Rock|p2a: Great Tusk
|-sidestart|p2: snurke|move: Stealth Rock
|
|-weather|Snowscape|[upkeep]
|upkeep
|turn|17
|
|t:|1776076526
|-end|p1a: Iron Treads|Quark Drive|[silent]
|switch|p1a: Slowking|Slowking, F|100/100
|move|p2a: Great Tusk|Earthquake|p1a: Slowking
|-damage|p1a: Slowking|61/100
|
|-weather|Snowscape|[upkeep]
|upkeep
|turn|18
|
|t:|1776076529
|move|p2a: Great Tusk|Rapid Spin|p1a: Slowking
|-damage|p1a: Slowking|48/100
|-boost|p2a: Great Tusk|spe|1
|-sideend|p2: snurke|Stealth Rock|[from] move: Rapid Spin|[of] p2a: Great Tusk
|move|p1a: Slowking|Scald|p2a: Great Tusk
|-supereffective|p2a: Great Tusk
|-damage|p2a: Great Tusk|64/100
|
|-weather|none
|upkeep
|turn|19
|
|t:|1776076540
|-end|p2a: Great Tusk|Protosynthesis|[silent]
|switch|p2a: Ninetales|Ninetales-Alola, M, shiny|69/100
|-weather|Snowscape|[from] ability: Snow Warning|[of] p2a: Ninetales
|switch|p1a: Skarmory|Skarmory, M|88/100
|
|-weather|Snowscape|[upkeep]
|-sideend|p2: snurke|move: Aurora Veil
|upkeep
|turn|20
|
|t:|1776076549
|move|p2a: Ninetales|Aurora Veil|p2a: Ninetales
|-sidestart|p2: snurke|move: Aurora Veil
|move|p1a: Skarmory|Spikes|p2a: Ninetales
|-sidestart|p2: snurke|Spikes
|
|-weather|Snowscape|[upkeep]
|upkeep
|turn|21
|
|t:|1776076556
|switch|p2a: Mew|Mew, shiny, tera:Steel|76/100
|-damage|p2a: Mew|64/100|[from] Spikes
|switch|p1a: Iron Treads|Iron Treads|100/100
|
|-weather|Snowscape|[upkeep]
|-heal|p2a: Mew|70/100|[from] item: Leftovers
|upkeep
|turn|22
|
|t:|1776076560
|move|p2a: Mew|Imprison|p2a: Mew
|-start|p2a: Mew|move: Imprison
|cant|p1a: Iron Treads|move: Imprison|Knock Off
|
|-weather|Snowscape|[upkeep]
|-heal|p2a: Mew|76/100|[from] item: Leftovers
|upkeep
|turn|23
|
|t:|1776076569
|move|p2a: Mew|Stealth Rock|p1a: Iron Treads
|-sidestart|p1: amimec|move: Stealth Rock
|move|p1a: Iron Treads|Rapid Spin|p2a: Mew
|-resisted|p2a: Mew
|-damage|p2a: Mew|74/100
|-boost|p1a: Iron Treads|spe|1
|-sideend|p1: amimec|Stealth Rock|[from] move: Rapid Spin|[of] p1a: Iron Treads
|
|-weather|none
|-heal|p2a: Mew|80/100|[from] item: Leftovers
|upkeep
|turn|24
|
|t:|1776076575
|move|p1a: Iron Treads|Earthquake|p2a: Mew
|-supereffective|p2a: Mew
|-damage|p2a: Mew|46/100
|move|p2a: Mew|Knock Off|p1a: Iron Treads
|-damage|p1a: Iron Treads|83/100
|-enditem|p1a: Iron Treads|Leftovers|[from] move: Knock Off|[of] p2a: Mew
|
|-heal|p2a: Mew|52/100|[from] item: Leftovers
|-sideend|p2: snurke|move: Aurora Veil
|upkeep
|turn|25
|
|t:|1776076580
|move|p1a: Iron Treads|Earthquake|p2a: Mew
|-supereffective|p2a: Mew
|-damage|p2a: Mew|0 fnt
|faint|p2a: Mew
|
|upkeep
|-message|snurke forfeited.
|
|win|amimec
|raw|amimec's rating: 1685 &rarr; <strong>1703</strong><br />(+18 for winning)
|raw|snurke's rating: 1643 &rarr; <strong>1625</strong><br />(-18 for losing)
|l|☆snurke
|player|p2|
|l|☆amimec
|player|p1|
