|html|<div class="broadcast-blue"><strong>[Gen 9] OU is currently suspecting Tera Blast! For information on how to participate check out the <a href="https://www.smogon.com/tools/suspects/view/200">suspect thread</a>.</strong></div>
|j|☆Nasir1
|j|☆Pa_craw
|t:|1776113475
|gametype|singles
|player|p1|Nasir1|#ptslidrampas|
|player|p2|Pa_craw|2|
|gen|9
|tier|[Gen 9] OU
|rule|HP Percentage Mod: HP is shown in percentages
|rule|Endless Battle Clause: Forcing endless battles is banned
|rule|Species Clause: Limit one of each Pokémon
|rule|OHKO Clause: OHKO moves are banned
|rule|Evasion Items Clause: Evasion items are banned
|rule|Evasion Moves Clause: Evasion moves are banned
|rule|Evasion Abilities Clause: Evasion abilities are banned
|rule|Sleep Moves Clause: Sleep-inducing moves are banned
|clearpoke
|poke|p1|Charizard, M|
|poke|p1|Walking Wake|
|poke|p1|Lilligant-Hisui, F|
|poke|p1|Hatterene, F|
|poke|p1|Ninetales, M|
|poke|p1|Great Tusk|
|poke|p2|Rillaboom, M|
|poke|p2|Serperior, F|
|poke|p2|Heatran, M|
|poke|p2|Gholdengo|
|poke|p2|Zamazenta-*|
|poke|p2|Great Tusk|
|teampreview
|inactive|Battle timer is ON: inactive players will automatically lose when time's up. (requested by Nasir1)
|c|☆Nasir1|ah essa
|c|☆Nasir1|fds ta a rodar pela malta do pxbr kkkk
|c|☆Pa_craw|tá?
|inactive|Nasir1 has 270 seconds left.
|inactive|Pa_craw has 270 seconds left.
|c|☆Nasir1|o gajo q testei ontem loadou essa tb
|c|☆Pa_craw|eu nem sei da onde eu peguei
|c|☆Nasir1|e uma boa team, acho q e sample, n tenho a certeza
|c|☆Pa_craw|mas pelos vistos vem do pxbr
|c|☆Nasir1|nah so coincidencia prob
|inactive|Pa_craw has 240 seconds left.
|c|☆Pa_craw|talvez yy
|c|☆Nasir1|hf
|c|☆Nasir1|e dw, n estou a julgar a tua escolha de team mas sim a gameplay
|c|☆Pa_craw|ok
|inactive|Pa_craw has 210 seconds left.
|c|☆Pa_craw|na próxima venho com sudowoodo e rattata ent
|
|t:|1776113587
|teamsize|p1|6
|teamsize|p2|6
|start
|switch|p1a: Great Tusk|Great Tusk|100/100
|switch|p2a: Serperior|Serperior, F|100/100
|turn|1
|c|☆Nasir1|LOL se loadares isso apanhas mt rapido pra conseguir ver algo
|
|t:|1776113602
|-end|p1a: Great Tusk|Protosynthesis|[silent]
|switch|p1a: Ninetales|Ninetales, M|100/100
|-weather|SunnyDay|[from] ability: Drought|[of] p1a: Ninetales
|move|p2a: Serperior|Glare|p1a: Ninetales
|-status|p1a: Ninetales|par
|
|-weather|SunnyDay|[upkeep]
|upkeep
|turn|2
|
|t:|1776113616
|switch|p1a: Walking Wake|Walking Wake|100/100
|-activate|p1a: Walking Wake|ability: Protosynthesis
|-start|p1a: Walking Wake|protosynthesisspe
|move|p2a: Serperior|Substitute|p2a: Serperior
|-start|p2a: Serperior|Substitute
|-damage|p2a: Serperior|76/100
|
|-weather|SunnyDay|[upkeep]
|-heal|p2a: Serperior|82/100|[from] item: Leftovers
|upkeep
|turn|3
|
|t:|1776113624
|move|p1a: Walking Wake|Flamethrower|p2a: Serperior
|-supereffective|p2a: Serperior
|-end|p2a: Serperior|Substitute
|move|p2a: Serperior|Leaf Storm|p1a: Walking Wake|[miss]
|-miss|p2a: Serperior|p1a: Walking Wake
|
|-weather|SunnyDay|[upkeep]
|-heal|p2a: Serperior|88/100|[from] item: Leftovers
|upkeep
|turn|4
|c|☆Nasir1|mb
|
|t:|1776113634
|switch|p2a: Heatran|Heatran, M|100/100
|-item|p2a: Heatran|Air Balloon
|move|p1a: Walking Wake|Flamethrower|p2a: Heatran
|-start|p2a: Heatran|ability: Flash Fire
|
|-weather|SunnyDay|[upkeep]
|upkeep
|turn|5
|
|t:|1776113641
|-end|p2a: Heatran|ability: Flash Fire|[silent]
|switch|p2a: Rillaboom|Rillaboom, M|100/100
|-fieldstart|move: Grassy Terrain|[from] ability: Grassy Surge|[of] p2a: Rillaboom
|move|p1a: Walking Wake|Hydro Steam|p2a: Rillaboom
|-resisted|p2a: Rillaboom
|-damage|p2a: Rillaboom|55/100
|
|-weather|SunnyDay|[upkeep]
|-heal|p2a: Rillaboom|62/100|[from] Grassy Terrain
|upkeep
|turn|6
|inactive|Pa_craw has 270 seconds left.
|
|t:|1776113658
|move|p2a: Rillaboom|Grassy Glide|p1a: Walking Wake
|-damage|p1a: Walking Wake|45/100
|-damage|p2a: Rillaboom|52/100|[from] item: Life Orb
|move|p1a: Walking Wake|Flamethrower|p2a: Rillaboom
|-supereffective|p2a: Rillaboom
|-damage|p2a: Rillaboom|0 fnt
|faint|p2a: Rillaboom
|
|-weather|SunnyDay|[upkeep]
|-heal|p1a: Walking Wake|51/100|[from] Grassy Terrain
|upkeep
|
|t:|1776113670
|switch|p2a: Serperior|Serperior, F|88/100
|turn|7
|
|t:|1776113674
|move|p1a: Walking Wake|Flamethrower|p2a: Serperior
|-supereffective|p2a: Serperior
|-damage|p2a: Serperior|0 fnt
|faint|p2a: Serperior
|
|-weather|SunnyDay|[upkeep]
|-heal|p1a: Walking Wake|57/100|[from] Grassy Terrain
|upkeep
|
|t:|1776113679
|switch|p2a: Gholdengo|Gholdengo|100/100
|-item|p2a: Gholdengo|Air Balloon
|turn|8
|inactive|Pa_craw has 270 seconds left.
|
|t:|1776113694
|-terastallize|p2a: Gholdengo|Water
|move|p1a: Walking Wake|Flamethrower|p2a: Gholdengo
|-resisted|p2a: Gholdengo
|-damage|p2a: Gholdengo|82/100
|-enditem|p2a: Gholdengo|Air Balloon
|move|p2a: Gholdengo|Shadow Ball|p1a: Walking Wake
|-damage|p1a: Walking Wake|9/100
|
|-weather|none
|-end|p1a: Walking Wake|Protosynthesis
|-heal|p1a: Walking Wake|15/100|[from] Grassy Terrain
|-heal|p2a: Gholdengo|88/100|[from] Grassy Terrain
|upkeep
|turn|9
|inactive|Pa_craw has 270 seconds left.
|
|t:|1776113710
|-end|p1a: Walking Wake|Protosynthesis|[silent]
|switch|p1a: Ninetales|Ninetales, M|100/100 par
|-weather|SunnyDay|[from] ability: Drought|[of] p1a: Ninetales
|move|p2a: Gholdengo|Shadow Ball|p1a: Ninetales
|-damage|p1a: Ninetales|64/100 par
|
|-weather|SunnyDay|[upkeep]
|-heal|p2a: Gholdengo|94/100|[from] Grassy Terrain
|-heal|p1a: Ninetales|70/100 par|[from] Grassy Terrain
|-fieldend|move: Grassy Terrain
|upkeep
|turn|10
|inactive|Pa_craw has 270 seconds left.
|
|t:|1776113733
|switch|p1a: Hatterene|Hatterene, F|100/100
|move|p2a: Gholdengo|Shadow Ball|p1a: Hatterene
|-supereffective|p1a: Hatterene
|-damage|p1a: Hatterene|23/100
|-enditem|p1a: Hatterene|Eject Button
|
|t:|1776113736
|switch|p1a: Lilligant|Lilligant-Hisui, F|100/100
|
|-weather|SunnyDay|[upkeep]
|upkeep
|turn|11
|inactive|Pa_craw has 270 seconds left.
|
|t:|1776113756
|switch|p2a: Zamazenta|Zamazenta|100/100
|-ability|p2a: Zamazenta|Dauntless Shield|boost
|-boost|p2a: Zamazenta|def|1
|move|p1a: Lilligant|Victory Dance|p1a: Lilligant
|-boost|p1a: Lilligant|atk|1
|-boost|p1a: Lilligant|def|1
|-boost|p1a: Lilligant|spe|1
|
|-weather|SunnyDay|[upkeep]
|upkeep
|turn|12
|
|t:|1776113764
|-terastallize|p1a: Lilligant|Ghost
|move|p1a: Lilligant|Solar Blade||[still]
|-prepare|p1a: Lilligant|Solar Blade
|-anim|p1a: Lilligant|Solar Blade|p2a: Zamazenta
|-damage|p2a: Zamazenta|43/100
|move|p2a: Zamazenta|Psychic Fangs|p1a: Lilligant
|-damage|p1a: Lilligant|57/100
|-damage|p2a: Zamazenta|33/100|[from] item: Life Orb
|
|-weather|SunnyDay|[upkeep]
|-heal|p1a: Lilligant|63/100|[from] item: Leftovers
|upkeep
|turn|13
|
|t:|1776113776
|move|p1a: Lilligant|Solar Blade||[still]
|-prepare|p1a: Lilligant|Solar Blade
|-anim|p1a: Lilligant|Solar Blade|p2a: Zamazenta
|-damage|p2a: Zamazenta|0 fnt
|faint|p2a: Zamazenta
|
|-weather|SunnyDay|[upkeep]
|-heal|p1a: Lilligant|69/100|[from] item: Leftovers
|upkeep
|c|☆Pa_craw|ódio de tera por conta disto
|inactive|Pa_craw has 270 seconds left.
|
|t:|1776113790
|switch|p2a: Great Tusk|Great Tusk|100/100
|-activate|p2a: Great Tusk|ability: Protosynthesis
|-start|p2a: Great Tusk|protosynthesisspe
|turn|14
|c|☆Nasir1|de facto, mas acho q nn matava
|
|t:|1776113800
|-end|p2a: Great Tusk|Protosynthesis|[silent]
|switch|p2a: Heatran|Heatran, M|100/100
|-item|p2a: Heatran|Air Balloon
|move|p1a: Lilligant|Solar Blade||[still]
|-prepare|p1a: Lilligant|Solar Blade
|-anim|p1a: Lilligant|Solar Blade|p2a: Heatran
|-resisted|p2a: Heatran
|-damage|p2a: Heatran|82/100
|-enditem|p2a: Heatran|Air Balloon
|
|-weather|SunnyDay|[upkeep]
|-heal|p1a: Lilligant|75/100|[from] item: Leftovers
|upkeep
|turn|15
|c|☆Pa_craw|nn
|c|☆Pa_craw|mas deixava consideravelmente a low
|c|☆Pa_craw|deixa uns 60-70
|c|☆Pa_craw|a menos
|c|☆Nasir1|ss
|inactive|Pa_craw has 270 seconds left.
|
|t:|1776113823
|switch|p1a: Hatterene|Hatterene, F|23/100
|switch|p2a: Gholdengo|Gholdengo, tera:Water|94/100
|
|-weather|SunnyDay|[upkeep]
|upkeep
|turn|16
|
|t:|1776113829
|move|p2a: Gholdengo|Nasty Plot|p2a: Gholdengo
|-boost|p2a: Gholdengo|spa|2
|move|p1a: Hatterene|Healing Wish|p1a: Hatterene
|faint|p1a: Hatterene
|
|-weather|none
|upkeep
|
|t:|1776113844
|switch|p1a: Walking Wake|Walking Wake|15/100
|-heal|p1a: Walking Wake|100/100|[from] move: Healing Wish
|turn|17
|
|t:|1776113850
|move|p1a: Walking Wake|Draco Meteor|p2a: Gholdengo|[miss]
|-miss|p1a: Walking Wake|p2a: Gholdengo
|move|p2a: Gholdengo|Shadow Ball|p1a: Walking Wake
|-damage|p1a: Walking Wake|12/100
|
|upkeep
|turn|18
|
|t:|1776113853
|move|p1a: Walking Wake|Draco Meteor|p2a: Gholdengo
|-damage|p2a: Gholdengo|41/100
|-unboost|p1a: Walking Wake|spa|2
|move|p2a: Gholdengo|Shadow Ball|p1a: Walking Wake
|-damage|p1a: Walking Wake|0 fnt
|faint|p1a: Walking Wake
|-end|p1a: Walking Wake|Protosynthesis|[silent]
|
|upkeep
|c|☆Pa_craw|OBRIGADO JOGOOOOOOOOOOOO
|
|t:|1776113866
|switch|p1a: Great Tusk|Great Tusk|100/100
|turn|19
|
|t:|1776113882
|switch|p2a: Great Tusk|Great Tusk|100/100
|-enditem|p2a: Great Tusk|Booster Energy
|-activate|p2a: Great Tusk|ability: Protosynthesis|[fromitem]
|-start|p2a: Great Tusk|protosynthesisspe
|move|p1a: Great Tusk|Headlong Rush|p2a: Great Tusk
|-damage|p2a: Great Tusk|66/100
|-unboost|p1a: Great Tusk|def|1
|-unboost|p1a: Great Tusk|spd|1
|-enditem|p1a: Great Tusk|Eject Pack
|
|t:|1776113886
|-end|p1a: Great Tusk|Protosynthesis|[silent]
|switch|p1a: Ninetales|Ninetales, M|70/100 par
|-weather|SunnyDay|[from] ability: Drought|[of] p1a: Ninetales
|
|-weather|SunnyDay|[upkeep]
|upkeep
|turn|20
|
|t:|1776113892
|switch|p1a: Charizard|Charizard, M|100/100
|move|p2a: Great Tusk|Bulk Up|p2a: Great Tusk
|-boost|p2a: Great Tusk|atk|1
|-boost|p2a: Great Tusk|def|1
|
|-weather|SunnyDay|[upkeep]
|-damage|p1a: Charizard|88/100|[from] ability: Solar Power|[of] p1a: Charizard
|upkeep
|turn|21
|
|t:|1776113898
|move|p2a: Great Tusk|Head Smash|p1a: Charizard|[miss]
|-miss|p2a: Great Tusk|p1a: Charizard
|move|p1a: Charizard|Weather Ball|p2a: Great Tusk
|-damage|p2a: Great Tusk|0 fnt
|faint|p2a: Great Tusk
|-end|p2a: Great Tusk|Protosynthesis|[silent]
|
|-weather|SunnyDay|[upkeep]
|-damage|p1a: Charizard|76/100|[from] ability: Solar Power|[of] p1a: Charizard
|upkeep
|c|☆Nasir1|mb
|c|☆Pa_craw|jogo de mrd
|c|☆Nasir1|e msm
|c|☆Pa_craw|segunda vez que trai-me
|
|t:|1776113911
|switch|p2a: Gholdengo|Gholdengo, tera:Water|41/100
|turn|22
|
|t:|1776113914
|move|p1a: Charizard|Weather Ball|p2a: Gholdengo
|-resisted|p2a: Gholdengo
|-damage|p2a: Gholdengo|0 fnt
|faint|p2a: Gholdengo
|
|-weather|SunnyDay|[upkeep]
|-damage|p1a: Charizard|63/100|[from] ability: Solar Power|[of] p1a: Charizard
|upkeep
|
|t:|1776113916
|switch|p2a: Heatran|Heatran, M|82/100
|turn|23
|
|t:|1776113920
|switch|p1a: Ninetales|Ninetales, M|70/100 par
|move|p2a: Heatran|Stealth Rock|p1a: Ninetales
|-sidestart|p1: Nasir1|move: Stealth Rock
|
|-weather|SunnyDay|[upkeep]
|upkeep
|turn|24
|c|☆Nasir1|isso foi tilt btw
|c|☆Pa_craw|fds
|c|☆Pa_craw|vi agr que isto tem stealth rock
|c|☆Nasir1|era ires tran
|
|t:|1776113934
|move|p2a: Heatran|Magma Storm|p1a: Ninetales
|-resisted|p1a: Ninetales
|-damage|p1a: Ninetales|39/100 par
|-activate|p1a: Ninetales|move: Magma Storm|[of] p2a: Heatran
|move|p1a: Ninetales|Healing Wish|p1a: Ninetales
|faint|p1a: Ninetales
|
|-weather|SunnyDay|[upkeep]
|upkeep
|
|t:|1776113939
|switch|p1a: Great Tusk|Great Tusk|100/100
|-damage|p1a: Great Tusk|97/100|[from] Stealth Rock
|-activate|p1a: Great Tusk|ability: Protosynthesis
|-start|p1a: Great Tusk|protosynthesisatk
|turn|25
|c|☆Nasir1|gg
|
|t:|1776113943
|move|p1a: Great Tusk|Headlong Rush|p2a: Heatran
|-supereffective|p2a: Heatran
|-damage|p2a: Heatran|0 fnt
|-unboost|p1a: Great Tusk|def|1
|-unboost|p1a: Great Tusk|spd|1
|faint|p2a: Heatran
|
|win|Nasir1
|c|☆Nasir1|mb
|c|☆Pa_craw|gg
