|html|<div class="broadcast-blue"><strong>[Gen 9] OU is currently suspecting Tera Blast! For information on how to participate check out the <a href="https://www.smogon.com/tools/suspects/view/200">suspect thread</a>.</strong></div>
|j|☆kakabre
|j|☆Chrisnwobu
|t:|1776281588
|gametype|singles
|player|p1|kakabre|266|1395
|player|p2|Chrisnwobu|skier|1485
|gen|9
|tier|[Gen 9] OU
|rated|
|rule|HP Percentage Mod: HP is shown in percentages
|rule|Endless Battle Clause: Forcing endless battles is banned
|rule|Species Clause: Limit one of each Pokémon
|rule|OHKO Clause: OHKO moves are banned
|rule|Evasion Items Clause: Evasion items are banned
|rule|Evasion Moves Clause: Evasion moves are banned
|rule|Evasion Abilities Clause: Evasion abilities are banned
|rule|Sleep Moves Clause: Sleep-inducing moves are banned
|clearpoke
|poke|p1|Deoxys-Speed|
|poke|p1|Great Tusk|
|poke|p1|Corviknight, F|
|poke|p1|Primarina, M|
|poke|p1|Raging Bolt|
|poke|p1|Rillaboom, F|
|poke|p2|Torkoal, M|
|poke|p2|Great Tusk|
|poke|p2|Walking Wake|
|poke|p2|Venusaur, F|
|poke|p2|Ceruledge, M|
|poke|p2|Hatterene, F|
|teampreview
|
|t:|1776281613
|teamsize|p1|6
|teamsize|p2|6
|start
|switch|p1a: space patrol|Deoxys-Speed|100/100
|switch|p2a: Torkoal|Torkoal, M|100/100
|-ability|p1a: space patrol|Pressure
|-weather|SunnyDay|[from] ability: Drought|[of] p2a: Torkoal
|turn|1
|
|t:|1776281619
|move|p1a: space patrol|Stealth Rock|p2a: Torkoal
|-sidestart|p2: Chrisnwobu|move: Stealth Rock
|move|p2a: Torkoal|Lava Plume|p1a: space patrol
|-damage|p1a: space patrol|37/100
|
|-weather|SunnyDay|[upkeep]
|upkeep
|turn|2
|
|t:|1776281636
|move|p1a: space patrol|Psycho Boost|p2a: Torkoal
|-damage|p2a: Torkoal|52/100
|-unboost|p1a: space patrol|spa|2
|-enditem|p1a: space patrol|Eject Pack
|
|t:|1776281646
|switch|p1a: neal the seal|Primarina, M|100/100
|move|p2a: Torkoal|Lava Plume|p1a: neal the seal
|-resisted|p1a: neal the seal
|-damage|p1a: neal the seal|90/100
|-status|p1a: neal the seal|brn
|
|-weather|SunnyDay|[upkeep]
|-damage|p1a: neal the seal|84/100 brn|[from] brn
|upkeep
|turn|3
|
|t:|1776281658
|switch|p2a: Venusaur|Venusaur, F|100/100
|-damage|p2a: Venusaur|88/100|[from] Stealth Rock
|move|p1a: neal the seal|Psychic|p2a: Venusaur
|-supereffective|p2a: Venusaur
|-damage|p2a: Venusaur|27/100
|-unboost|p2a: Venusaur|spd|1
|
|-weather|SunnyDay|[upkeep]
|-heal|p2a: Venusaur|33/100|[from] item: Leftovers
|-damage|p1a: neal the seal|78/100 brn|[from] brn
|upkeep
|turn|4
|
|t:|1776281671
|switch|p1a: big booty judy|Raging Bolt|100/100
|-activate|p1a: big booty judy|ability: Protosynthesis
|-start|p1a: big booty judy|protosynthesisspa
|move|p2a: Venusaur|Giga Drain|p1a: big booty judy
|-resisted|p1a: big booty judy
|-damage|p1a: big booty judy|82/100
|-heal|p2a: Venusaur|44/100|[from] drain|[of] p1a: big booty judy
|
|-weather|SunnyDay|[upkeep]
|-heal|p2a: Venusaur|50/100|[from] item: Leftovers
|upkeep
|turn|5
|
|t:|1776281692
|move|p1a: big booty judy|Thunderclap|p2a: Venusaur
|-resisted|p2a: Venusaur
|-damage|p2a: Venusaur|7/100
|move|p2a: Venusaur|Sludge Bomb|p1a: big booty judy
|-crit|p1a: big booty judy
|-damage|p1a: big booty judy|25/100
|
|-weather|SunnyDay|[upkeep]
|-heal|p2a: Venusaur|13/100|[from] item: Leftovers
|upkeep
|turn|6
|
|t:|1776281702
|switch|p2a: Hatterene|Hatterene, F|100/100
|-damage|p2a: Hatterene|88/100|[from] Stealth Rock
|move|p1a: big booty judy|Thunderclap||[still]
|-fail|p1a: big booty judy
|
|-weather|SunnyDay|[upkeep]
|upkeep
|turn|7
|
|t:|1776281709
|move|p1a: big booty judy|Volt Switch|p2a: Hatterene
|-damage|p2a: Hatterene|31/100
|
|t:|1776281720
|-end|p1a: big booty judy|Protosynthesis|[silent]
|switch|p1a: ur ass is grass|Rillaboom, F|100/100|[from] Volt Switch
|-fieldstart|move: Grassy Terrain|[from] ability: Grassy Surge|[of] p1a: ur ass is grass
|move|p2a: Hatterene|Psychic Noise|p1a: ur ass is grass
|-damage|p1a: ur ass is grass|57/100
|-start|p1a: ur ass is grass|move: Heal Block
|
|-weather|SunnyDay|[upkeep]
|-heal|p2a: Hatterene|37/100|[from] Grassy Terrain
|upkeep
|turn|8
|
|t:|1776281735
|move|p1a: ur ass is grass|Knock Off|p2a: Hatterene
|-damage|p2a: Hatterene|0 fnt
|-damage|p1a: ur ass is grass|41/100|[from] item: Rocky Helmet|[of] p2a: Hatterene
|-enditem|p2a: Hatterene|Rocky Helmet|[from] move: Knock Off|[of] p1a: ur ass is grass
|faint|p2a: Hatterene
|-damage|p1a: ur ass is grass|31/100|[from] item: Life Orb
|
|-weather|none
|-end|p1a: ur ass is grass|move: Heal Block
|upkeep
|
|t:|1776281742
|switch|p2a: Torkoal|Torkoal, M|52/100
|-damage|p2a: Torkoal|27/100|[from] Stealth Rock
|-weather|SunnyDay|[from] ability: Drought|[of] p2a: Torkoal
|turn|9
|
|t:|1776281754
|move|p1a: ur ass is grass|Knock Off|p2a: Torkoal
|-damage|p2a: Torkoal|0 fnt
|-enditem|p2a: Torkoal|Heat Rock|[from] move: Knock Off|[of] p1a: ur ass is grass
|faint|p2a: Torkoal
|-damage|p1a: ur ass is grass|21/100|[from] item: Life Orb
|
|-weather|SunnyDay|[upkeep]
|-heal|p1a: ur ass is grass|27/100|[from] Grassy Terrain
|upkeep
|inactive|Battle timer is ON: inactive players will automatically lose when time's up. (requested by Chrisnwobu)
|
|t:|1776281774
|switch|p2a: Ceruledge|Ceruledge, M|100/100
|-damage|p2a: Ceruledge|76/100|[from] Stealth Rock
|turn|10
|
|t:|1776281783
|switch|p1a: ricky spanish|Great Tusk|100/100
|-activate|p1a: ricky spanish|ability: Protosynthesis
|-start|p1a: ricky spanish|protosynthesisatk
|move|p2a: Ceruledge|Endure||[still]
|-fail|p2a: Ceruledge
|
|-weather|SunnyDay|[upkeep]
|-heal|p2a: Ceruledge|82/100|[from] Grassy Terrain
|upkeep
|turn|11
|
|t:|1776281800
|move|p2a: Ceruledge|Endure|p2a: Ceruledge
|-singleturn|p2a: Ceruledge|move: Endure
|move|p1a: ricky spanish|Headlong Rush|p2a: Ceruledge
|-supereffective|p2a: Ceruledge
|-activate|p2a: Ceruledge|move: Endure
|-damage|p2a: Ceruledge|1/100
|-unboost|p1a: ricky spanish|def|1
|-unboost|p1a: ricky spanish|spd|1
|-ability|p2a: Ceruledge|Weak Armor|boost
|-unboost|p2a: Ceruledge|def|1
|-boost|p2a: Ceruledge|spe|2
|-enditem|p2a: Ceruledge|Weakness Policy
|-boost|p2a: Ceruledge|atk|2|[from] item: Weakness Policy
|-boost|p2a: Ceruledge|spa|2|[from] item: Weakness Policy
|
|-weather|SunnyDay|[upkeep]
|-heal|p2a: Ceruledge|7/100|[from] Grassy Terrain
|-fieldend|move: Grassy Terrain
|upkeep
|turn|12
|
|t:|1776281814
|-end|p1a: ricky spanish|Protosynthesis|[silent]
|switch|p1a: big booty judy|Raging Bolt|25/100
|-activate|p1a: big booty judy|ability: Protosynthesis
|-start|p1a: big booty judy|protosynthesisspa
|move|p2a: Ceruledge|Bitter Blade|p1a: big booty judy
|-resisted|p1a: big booty judy
|-damage|p1a: big booty judy|0 fnt
|-heal|p2a: Ceruledge|24/100|[from] drain|[of] p1a: big booty judy
|faint|p1a: big booty judy
|-end|p1a: big booty judy|Protosynthesis|[silent]
|
|-weather|SunnyDay|[upkeep]
|upkeep
|
|t:|1776281821
|switch|p1a: ur ass is grass|Rillaboom, F|27/100
|-fieldstart|move: Grassy Terrain|[from] ability: Grassy Surge|[of] p1a: ur ass is grass
|turn|13
|
|t:|1776281824
|-terastallize|p2a: Ceruledge|Ghost
|move|p2a: Ceruledge|Shadow Sneak|p1a: ur ass is grass
|-damage|p1a: ur ass is grass|0 fnt
|faint|p1a: ur ass is grass
|
|-weather|SunnyDay|[upkeep]
|-heal|p2a: Ceruledge|30/100|[from] Grassy Terrain
|upkeep
|
|t:|1776281854
|switch|p1a: ricky spanish|Great Tusk|100/100
|-activate|p1a: ricky spanish|ability: Protosynthesis
|-start|p1a: ricky spanish|protosynthesisatk
|turn|14
|
|t:|1776281868
|move|p2a: Ceruledge|Bitter Blade|p1a: ricky spanish
|-damage|p1a: ricky spanish|0 fnt
|-heal|p2a: Ceruledge|94/100|[from] drain|[of] p1a: ricky spanish
|faint|p1a: ricky spanish
|-end|p1a: ricky spanish|Protosynthesis|[silent]
|
|-weather|SunnyDay|[upkeep]
|-heal|p2a: Ceruledge|99/100|[from] Grassy Terrain
|upkeep
|-message|kakabre forfeited.
|
|win|Chrisnwobu
|raw|kakabre's rating: 1395 &rarr; <strong>1380</strong><br />(-15 for losing)
|raw|Chrisnwobu's rating: 1485 &rarr; <strong>1500</strong><br />(+15 for winning)
|l|☆kakabre
|player|p1|
