|html|<div class="broadcast-blue"><strong>[Gen 9] OU is currently suspecting Tera Blast! For information on how to participate check out the <a href="https://www.smogon.com/tools/suspects/view/200">suspect thread</a>.</strong></div>
|j|☆Destryoer_38x
|j|☆solomane69
|t:|1776074305
|gametype|singles
|player|p1|Destryoer_38x|nate|1086
|player|p2|solomane69|swimmer|1093
|gen|9
|tier|[Gen 9] OU
|rated|
|rule|HP Percentage Mod: HP is shown in percentages
|rule|Endless Battle Clause: Forcing endless battles is banned
|rule|Species Clause: Limit one of each Pokémon
|rule|OHKO Clause: OHKO moves are banned
|rule|Evasion Items Clause: Evasion items are banned
|rule|Evasion Moves Clause: Evasion moves are banned
|rule|Evasion Abilities Clause: Evasion abilities are banned
|rule|Sleep Moves Clause: Sleep-inducing moves are banned
|clearpoke
|poke|p1|Hatterene, F|
|poke|p1|Pelipper, F|
|poke|p1|Hariyama, M|
|poke|p1|Cresselia, F|
|poke|p1|Ursaluna, M|
|poke|p1|Porygon2|
|poke|p2|Dragonite, F|
|poke|p2|Landorus-Therian, M|
|poke|p2|Glimmora, M|
|poke|p2|Gholdengo|
|poke|p2|Mandibuzz, F|
|poke|p2|Pecharunt|
|teampreview
|
|t:|1776074310
|teamsize|p1|6
|teamsize|p2|6
|start
|switch|p1a: Sydney Sipme|Hatterene, F|100/100
|switch|p2a: Glimmora|Glimmora, M|100/100
|turn|1
|
|t:|1776074350
|move|p2a: Glimmora|Sludge Wave|p1a: Sydney Sipme
|-supereffective|p1a: Sydney Sipme
|-damage|p1a: Sydney Sipme|4/100
|move|p1a: Sydney Sipme|Psychic Noise|p2a: Glimmora
|-supereffective|p2a: Glimmora
|-enditem|p2a: Glimmora|Focus Sash
|-damage|p2a: Glimmora|1/100
|-start|p2a: Glimmora|move: Heal Block
|
|upkeep
|turn|2
|
|t:|1776074367
|-terastallize|p1a: Sydney Sipme|Steel
|move|p2a: Glimmora|Sludge Wave|p1a: Sydney Sipme
|-immune|p1a: Sydney Sipme
|move|p1a: Sydney Sipme|Trick Room|p1a: Sydney Sipme
|-fieldstart|move: Trick Room|[of] p1a: Sydney Sipme
|
|-end|p2a: Glimmora|move: Heal Block
|upkeep
|turn|3
|
|t:|1776074391
|move|p1a: Sydney Sipme|Dazzling Gleam|p2a: Glimmora
|-resisted|p2a: Glimmora
|-damage|p2a: Glimmora|0 fnt
|faint|p2a: Glimmora
|
|upkeep
|
|t:|1776074398
|switch|p2a: Dragonite|Dragonite, F|100/100
|turn|4
|
|t:|1776074414
|switch|p1a: Better Call Stall|Cresselia, F|100/100
|move|p2a: Dragonite|Extreme Speed|p1a: Better Call Stall
|-damage|p1a: Better Call Stall|85/100
|
|upkeep
|turn|5
|
|t:|1776074428
|move|p1a: Better Call Stall|Moonblast|p2a: Dragonite
|-supereffective|p2a: Dragonite
|-damage|p2a: Dragonite|81/100
|-unboost|p2a: Dragonite|spa|1
|move|p2a: Dragonite|Dragon Dance|p2a: Dragonite
|-boost|p2a: Dragonite|atk|1
|-boost|p2a: Dragonite|spe|1
|
|upkeep
|turn|6
|
|t:|1776074440
|switch|p1a: Late Hibernation|Ursaluna, M|100/100
|move|p2a: Dragonite|Dragon Dance|p2a: Dragonite
|-boost|p2a: Dragonite|atk|1
|-boost|p2a: Dragonite|spe|1
|
|-fieldend|move: Trick Room
|-status|p1a: Late Hibernation|brn|[from] item: Flame Orb
|upkeep
|turn|7
|
|t:|1776074462
|switch|p1a: Duck Duck Goobs|Porygon2|100/100
|-ability|p1a: Duck Duck Goobs|Download|boost
|-boost|p1a: Duck Duck Goobs|atk|1
|move|p2a: Dragonite|Scale Shot|p1a: Duck Duck Goobs
|-damage|p1a: Duck Duck Goobs|82/100
|-damage|p1a: Duck Duck Goobs|61/100
|-hitcount|p1a: Duck Duck Goobs|2
|-unboost|p2a: Dragonite|def|1
|-boost|p2a: Dragonite|spe|1
|
|upkeep
|turn|8
|
|t:|1776074474
|move|p2a: Dragonite|Scale Shot|p1a: Duck Duck Goobs
|-damage|p1a: Duck Duck Goobs|44/100
|-damage|p1a: Duck Duck Goobs|25/100
|-hitcount|p1a: Duck Duck Goobs|2
|-unboost|p2a: Dragonite|def|1
|-boost|p2a: Dragonite|spe|1
|move|p1a: Duck Duck Goobs|Ice Beam|p2a: Dragonite
|-supereffective|p2a: Dragonite
|-damage|p2a: Dragonite|0 fnt
|faint|p2a: Dragonite
|
|upkeep
|c|☆solomane69|my luck is so ass
|
|t:|1776074511
|switch|p2a: Landorus|Landorus-Therian, M|100/100
|-ability|p2a: Landorus|Intimidate|boost
|-unboost|p1a: Duck Duck Goobs|atk|1
|turn|9
|
|t:|1776074520
|move|p2a: Landorus|Earth Power|p1a: Duck Duck Goobs
|-crit|p1a: Duck Duck Goobs
|-damage|p1a: Duck Duck Goobs|0 fnt
|faint|p1a: Duck Duck Goobs
|
|upkeep
|
|t:|1776074525
|switch|p1a: JD Dance|Pelipper, F|100/100
|-weather|RainDance|[from] ability: Drizzle|[of] p1a: JD Dance
|turn|10
|
|t:|1776074534
|switch|p1a: Better Call Stall|Cresselia, F|85/100
|move|p2a: Landorus|U-turn|p1a: Better Call Stall
|-supereffective|p1a: Better Call Stall
|-damage|p1a: Better Call Stall|64/100
|
|t:|1776074544
|switch|p2a: Gholdengo|Gholdengo|100/100|[from] U-turn
|-item|p2a: Gholdengo|Air Balloon
|
|-weather|RainDance|[upkeep]
|upkeep
|turn|11
|
|t:|1776074555
|move|p2a: Gholdengo|Nasty Plot|p2a: Gholdengo
|-boost|p2a: Gholdengo|spa|2
|move|p1a: Better Call Stall|Trick Room|p1a: Better Call Stall
|-fieldstart|move: Trick Room|[of] p1a: Better Call Stall
|
|-weather|RainDance|[upkeep]
|upkeep
|turn|12
|
|t:|1776074565
|switch|p1a: JD Dance|Pelipper, F|100/100
|move|p2a: Gholdengo|Make It Rain|p1a: JD Dance
|-resisted|p1a: JD Dance
|-damage|p1a: JD Dance|17/100
|-unboost|p2a: Gholdengo|spa|1
|
|-weather|RainDance|[upkeep]
|upkeep
|turn|13
|
|t:|1776074580
|move|p1a: JD Dance|Knock Off|p2a: Gholdengo
|-supereffective|p2a: Gholdengo
|-damage|p2a: Gholdengo|73/100
|-enditem|p2a: Gholdengo|Air Balloon
|move|p2a: Gholdengo|Dazzling Gleam|p1a: JD Dance
|-damage|p1a: JD Dance|0 fnt
|faint|p1a: JD Dance
|
|-weather|RainDance|[upkeep]
|upkeep
|
|t:|1776074589
|switch|p1a: Late Hibernation|Ursaluna, M|100/100 brn
|turn|14
|
|t:|1776074635
|move|p1a: Late Hibernation|Headlong Rush|p2a: Gholdengo
|-supereffective|p2a: Gholdengo
|-damage|p2a: Gholdengo|0 fnt
|-unboost|p1a: Late Hibernation|def|1
|-unboost|p1a: Late Hibernation|spd|1
|faint|p2a: Gholdengo
|
|-weather|none
|-damage|p1a: Late Hibernation|94/100 brn|[from] brn
|upkeep
|
|t:|1776074640
|switch|p2a: Pecharunt|Pecharunt|100/100
|-item|p2a: Pecharunt|Air Balloon
|turn|15
|
|t:|1776074664
|move|p1a: Late Hibernation|Fire Punch|p2a: Pecharunt
|-damage|p2a: Pecharunt|73/100
|-enditem|p2a: Pecharunt|Air Balloon
|move|p2a: Pecharunt|Malignant Chain|p1a: Late Hibernation
|-resisted|p1a: Late Hibernation
|-damage|p1a: Late Hibernation|67/100 brn
|
|-damage|p1a: Late Hibernation|61/100 brn|[from] brn
|-fieldend|move: Trick Room
|upkeep
|turn|16
|
|t:|1776074676
|switch|p2a: Landorus|Landorus-Therian, M|100/100
|-ability|p2a: Landorus|Intimidate|boost
|-unboost|p1a: Late Hibernation|atk|1
|switch|p1a: Better Call Stall|Cresselia, F|64/100
|
|upkeep
|turn|17
|
|t:|1776074692
|move|p2a: Landorus|Stealth Rock|p1a: Better Call Stall
|-sidestart|p1: Destryoer_38x|move: Stealth Rock
|move|p1a: Better Call Stall|Trick Room|p1a: Better Call Stall
|-fieldstart|move: Trick Room|[of] p1a: Better Call Stall
|
|upkeep
|turn|18
|
|t:|1776074713
|move|p1a: Better Call Stall|Psychic|p2a: Landorus
|-damage|p2a: Landorus|70/100
|move|p2a: Landorus|U-turn|p1a: Better Call Stall
|-supereffective|p1a: Better Call Stall
|-damage|p1a: Better Call Stall|41/100
|
|t:|1776074728
|switch|p2a: Pecharunt|Pecharunt|73/100|[from] U-turn
|
|upkeep
|turn|19
|
|t:|1776074735
|move|p1a: Better Call Stall|Psychic|p2a: Pecharunt
|-supereffective|p2a: Pecharunt
|-damage|p2a: Pecharunt|29/100
|move|p2a: Pecharunt|Malignant Chain|p1a: Better Call Stall
|-damage|p1a: Better Call Stall|14/100
|
|upkeep
|turn|20
|
|t:|1776074756
|move|p2a: Pecharunt|Protect|p2a: Pecharunt
|-singleturn|p2a: Pecharunt|Protect
|move|p1a: Better Call Stall|Lunar Dance|p1a: Better Call Stall
|faint|p1a: Better Call Stall
|
|upkeep
|
|t:|1776074766
|switch|p1a: Sydney Sipme|Hatterene, F, tera:Steel|4/100
|-heal|p1a: Sydney Sipme|100/100|[from] move: Lunar Dance
|-damage|p1a: Sydney Sipme|95/100|[from] Stealth Rock
|turn|21
|
|t:|1776074785
|switch|p2a: Mandibuzz|Mandibuzz, F|100/100
|move|p1a: Sydney Sipme|Psychic Noise|p2a: Mandibuzz
|-immune|p2a: Mandibuzz
|
|-fieldend|move: Trick Room
|upkeep
|turn|22
|
|t:|1776074803
|move|p2a: Mandibuzz|U-turn|p1a: Sydney Sipme
|-resisted|p1a: Sydney Sipme
|-damage|p1a: Sydney Sipme|88/100
|
|t:|1776074813
|switch|p2a: Landorus|Landorus-Therian, M|70/100|[from] U-turn
|-ability|p2a: Landorus|Intimidate|boost
|-unboost|p1a: Sydney Sipme|atk|1
|move|p1a: Sydney Sipme|Trick Room|p1a: Sydney Sipme
|-fieldstart|move: Trick Room|[of] p1a: Sydney Sipme
|
|-heal|p2a: Landorus|76/100|[from] item: Leftovers
|upkeep
|turn|23
|
|t:|1776074825
|move|p1a: Sydney Sipme|Psychic Noise|p2a: Landorus
|-damage|p2a: Landorus|14/100
|-start|p2a: Landorus|move: Heal Block
|move|p2a: Landorus|Earth Power|p1a: Sydney Sipme
|-supereffective|p1a: Sydney Sipme
|-crit|p1a: Sydney Sipme
|-damage|p1a: Sydney Sipme|0 fnt
|faint|p1a: Sydney Sipme
|
|upkeep
|
|t:|1776074835
|switch|p1a: Lindsay Throwhandz|Hariyama, M|100/100
|-damage|p1a: Lindsay Throwhandz|94/100|[from] Stealth Rock
|turn|24
|
|t:|1776074840
|switch|p2a: Pecharunt|Pecharunt|29/100
|move|p1a: Lindsay Throwhandz|Bullet Punch|p2a: Pecharunt
|-damage|p2a: Pecharunt|20/100
|
|upkeep
|turn|25
|
|t:|1776074848
|move|p1a: Lindsay Throwhandz|Belly Drum|p1a: Lindsay Throwhandz
|-damage|p1a: Lindsay Throwhandz|44/100
|-setboost|p1a: Lindsay Throwhandz|atk|6|[from] move: Belly Drum
|-enditem|p1a: Lindsay Throwhandz|Sitrus Berry|[eat]
|-heal|p1a: Lindsay Throwhandz|69/100|[from] item: Sitrus Berry
|move|p2a: Pecharunt|Recover|p2a: Pecharunt
|-heal|p2a: Pecharunt|70/100
|
|upkeep
|turn|26
|
|t:|1776074857
|move|p2a: Pecharunt|Protect|p2a: Pecharunt
|-singleturn|p2a: Pecharunt|Protect
|move|p1a: Lindsay Throwhandz|Knock Off|p2a: Pecharunt
|-activate|p2a: Pecharunt|move: Protect
|
|-fieldend|move: Trick Room
|upkeep
|turn|27
|
|t:|1776074870
|move|p2a: Pecharunt|Malignant Chain|p1a: Lindsay Throwhandz
|-damage|p1a: Lindsay Throwhandz|25/100
|move|p1a: Lindsay Throwhandz|Knock Off|p2a: Pecharunt
|-supereffective|p2a: Pecharunt
|-damage|p2a: Pecharunt|0 fnt
|faint|p2a: Pecharunt
|
|upkeep
|
|t:|1776074878
|switch|p2a: Landorus|Landorus-Therian, M|14/100
|-ability|p2a: Landorus|Intimidate|boost
|-unboost|p1a: Lindsay Throwhandz|atk|1
|turn|28
|
|t:|1776074898
|move|p1a: Lindsay Throwhandz|Bullet Punch|p2a: Landorus
|-damage|p2a: Landorus|0 fnt
|faint|p2a: Landorus
|
|upkeep
|
|t:|1776074900
|switch|p2a: Mandibuzz|Mandibuzz, F|100/100
|turn|29
|
|t:|1776074909
|move|p1a: Lindsay Throwhandz|Bullet Punch|p2a: Mandibuzz
|-damage|p2a: Mandibuzz|71/100
|move|p2a: Mandibuzz|Foul Play|p1a: Lindsay Throwhandz
|-resisted|p1a: Lindsay Throwhandz
|-damage|p1a: Lindsay Throwhandz|0 fnt
|faint|p1a: Lindsay Throwhandz
|
|upkeep
|
|t:|1776074917
|switch|p1a: Late Hibernation|Ursaluna, M|61/100 brn
|-damage|p1a: Late Hibernation|55/100 brn|[from] Stealth Rock
|turn|30
|
|t:|1776074921
|move|p2a: Mandibuzz|Foul Play|p1a: Late Hibernation
|-damage|p1a: Late Hibernation|16/100 brn
|move|p1a: Late Hibernation|Facade|p2a: Mandibuzz
|-damage|p2a: Mandibuzz|1/100
|
|-damage|p1a: Late Hibernation|10/100 brn|[from] brn
|upkeep
|turn|31
|c|☆solomane69|damn
|
|t:|1776074933
|move|p2a: Mandibuzz|Foul Play|p1a: Late Hibernation
|-damage|p1a: Late Hibernation|0 fnt
|faint|p1a: Late Hibernation
|
|win|solomane69
|raw|Destryoer_38x's rating: 1086 &rarr; <strong>1064</strong><br />(-22 for losing)
|raw|solomane69's rating: 1093 &rarr; <strong>1119</strong><br />(+26 for winning)
|c|☆Destryoer_38x|ggs
|c|☆solomane69|gg
|l|☆Destryoer_38x
|player|p1|
|l|☆solomane69
|player|p2|
