|html|<div class="broadcast-blue"><strong>[Gen 9] OU is currently suspecting Volcarona! For information on how to participate check out the <a href="https://www.smogon.com/tools/suspects/view/208">suspect thread</a>.</strong></div>
|j|☆KenjiShiguma
|j|☆info_cntrl
|t:|1778503931
|gametype|singles
|player|p1|KenjiShiguma|pokemonbreeder-gen4|1156
|player|p2|info_cntrl|hugh|1219
|gen|9
|tier|[Gen 9] OU
|rated|
|rule|HP Percentage Mod: HP is shown in percentages
|rule|Endless Battle Clause: Forcing endless battles is banned
|rule|Species Clause: Limit one of each Pokémon
|rule|OHKO Clause: OHKO moves are banned
|rule|Evasion Items Clause: Evasion items are banned
|rule|Evasion Moves Clause: Evasion moves are banned
|rule|Evasion Abilities Clause: Evasion abilities are banned
|rule|Sleep Moves Clause: Sleep-inducing moves are banned
|clearpoke
|poke|p1|Exeggutor, M|
|poke|p1|Torkoal, M|
|poke|p1|Farigiraf, F|
|poke|p1|Primeape, M|
|poke|p1|Furret, F|
|poke|p1|Skuntank, F|
|poke|p2|Vikavolt, F|
|poke|p2|Braviary-Hisui, M|
|poke|p2|Rhydon, M|
|poke|p2|Perrserker, F|
|poke|p2|Ambipom, M|
|poke|p2|Decidueye-Hisui, M|
|teampreview
|
|t:|1778503938
|teamsize|p1|6
|teamsize|p2|6
|start
|switch|p1a: Furret|Furret, F|100/100
|switch|p2a: Rhydon|Rhydon, M|100/100
|-item|p2a: Rhydon|Eviolite|[from] ability: Frisk|[of] p1a: Furret
|turn|1
|
|t:|1778503946
|move|p1a: Furret|Trick|p2a: Rhydon
|-activate|p1a: Furret|move: Trick|[of] p2a: Rhydon
|-item|p2a: Rhydon|Choice Scarf|[from] move: Trick
|-item|p1a: Furret|Eviolite|[from] move: Trick
|move|p2a: Rhydon|Stealth Rock|p1a: Furret
|-sidestart|p1: KenjiShiguma|move: Stealth Rock
|
|upkeep
|turn|2
|
|t:|1778503956
|switch|p2a: Perrserker|Perrserker, F|100/100
|move|p1a: Furret|Trick|p2a: Perrserker
|-activate|p1a: Furret|move: Trick|[of] p2a: Perrserker
|-item|p2a: Perrserker|Eviolite|[from] move: Trick
|-item|p1a: Furret|Life Orb|[from] move: Trick
|
|upkeep
|turn|3
|
|t:|1778503967
|move|p1a: Furret|Tidy Up|p1a: Furret
|-sideend|p1: KenjiShiguma|Stealth Rock
|-activate|p1a: Furret|move: Tidy Up
|-boost|p1a: Furret|atk|1
|-boost|p1a: Furret|spe|1
|move|p2a: Perrserker|Curse|p2a: Perrserker
|-unboost|p2a: Perrserker|spe|1
|-boost|p2a: Perrserker|atk|1
|-boost|p2a: Perrserker|def|1
|
|upkeep
|turn|4
|
|t:|1778503977
|switch|p1a: Primeape|Primeape, M|100/100
|move|p2a: Perrserker|Gyro Ball|p1a: Primeape
|-damage|p1a: Primeape|13/100
|
|upkeep
|turn|5
|
|t:|1778503984
|switch|p1a: Skuntank|Skuntank, F|100/100
|move|p2a: Perrserker|Play Rough|p1a: Skuntank|[miss]
|-miss|p2a: Perrserker|p1a: Skuntank
|
|upkeep
|turn|6
|
|t:|1778503996
|move|p1a: Skuntank|Endure|p1a: Skuntank
|-singleturn|p1a: Skuntank|move: Endure
|move|p2a: Perrserker|Gyro Ball|p1a: Skuntank
|-damage|p1a: Skuntank|21/100
|-damage|p2a: Perrserker|84/100|[from] item: Rocky Helmet|[of] p1a: Skuntank
|
|upkeep
|turn|7
|
|t:|1778504006
|move|p1a: Skuntank|Endeavor|p2a: Perrserker
|-damage|p2a: Perrserker|21/100
|move|p2a: Perrserker|Curse|p2a: Perrserker
|-unboost|p2a: Perrserker|spe|1
|-boost|p2a: Perrserker|atk|1
|-boost|p2a: Perrserker|def|1
|
|upkeep
|turn|8
|
|t:|1778504016
|move|p1a: Skuntank|Endure|p1a: Skuntank
|-singleturn|p1a: Skuntank|move: Endure
|move|p2a: Perrserker|Gyro Ball|p1a: Skuntank
|-activate|p1a: Skuntank|move: Endure
|-damage|p1a: Skuntank|1/100
|-damage|p2a: Perrserker|4/100|[from] item: Rocky Helmet|[of] p1a: Skuntank
|
|upkeep
|turn|9
|
|t:|1778504024
|move|p1a: Skuntank|Sucker Punch|p2a: Perrserker
|-damage|p2a: Perrserker|0 fnt
|faint|p2a: Perrserker
|
|upkeep
|
|t:|1778504027
|switch|p2a: Ambipom|Ambipom, M|100/100
|turn|10
|
|t:|1778504031
|move|p1a: Skuntank|Endure|p1a: Skuntank
|-singleturn|p1a: Skuntank|move: Endure
|move|p2a: Ambipom|Fake Out|p1a: Skuntank
|-activate|p1a: Skuntank|move: Endure
|-damage|p1a: Skuntank|1/100
|-damage|p2a: Ambipom|84/100|[from] item: Rocky Helmet|[of] p1a: Skuntank
|
|upkeep
|turn|11
|
|t:|1778504043
|switch|p1a: Furret|Furret, F|100/100
|-item|p2a: Ambipom|Heavy-Duty Boots|[from] ability: Frisk|[of] p1a: Furret
|move|p2a: Ambipom|Triple Axel|p1a: Furret|[miss]
|-miss|p2a: Ambipom|p1a: Furret
|
|upkeep
|turn|12
|
|t:|1778504052
|switch|p2a: Rhydon|Rhydon, M|100/100
|move|p1a: Furret|Super Fang|p2a: Rhydon
|-damage|p2a: Rhydon|50/100
|-damage|p1a: Furret|91/100|[from] item: Life Orb
|
|upkeep
|turn|13
|
|t:|1778504058
|move|p1a: Furret|Super Fang|p2a: Rhydon
|-damage|p2a: Rhydon|26/100
|-damage|p1a: Furret|81/100|[from] item: Life Orb
|move|p2a: Rhydon|Stealth Rock|p1a: Furret
|-sidestart|p1: KenjiShiguma|move: Stealth Rock
|
|upkeep
|turn|14
|
|t:|1778504069
|move|p1a: Furret|Tidy Up|p1a: Furret
|-sideend|p1: KenjiShiguma|Stealth Rock
|-activate|p1a: Furret|move: Tidy Up
|-boost|p1a: Furret|atk|1
|-boost|p1a: Furret|spe|1
|move|p2a: Rhydon|Stealth Rock|p1a: Furret
|-sidestart|p1: KenjiShiguma|move: Stealth Rock
|
|upkeep
|turn|15
|
|t:|1778504085
|move|p1a: Furret|Trick|p2a: Rhydon
|-activate|p1a: Furret|move: Trick|[of] p2a: Rhydon
|-item|p2a: Rhydon|Life Orb|[from] move: Trick
|-item|p1a: Furret|Choice Scarf|[from] move: Trick
|move|p2a: Rhydon|Stealth Rock||[still]
|-fail|p2a: Rhydon
|
|upkeep
|turn|16
|
|t:|1778504097
|switch|p1a: Exeggutor|Exeggutor, M|100/100
|-damage|p1a: Exeggutor|88/100|[from] Stealth Rock
|move|p2a: Rhydon|Earthquake|p1a: Exeggutor
|-resisted|p1a: Exeggutor
|-damage|p1a: Exeggutor|53/100
|-damage|p2a: Rhydon|16/100|[from] item: Life Orb
|
|upkeep
|turn|17
|
|t:|1778504106
|move|p2a: Rhydon|Double-Edge|p1a: Exeggutor
|-damage|p1a: Exeggutor|0 fnt
|faint|p1a: Exeggutor
|-damage|p2a: Rhydon|0 fnt|[from] Recoil
|faint|p2a: Rhydon
|
|upkeep
|
|t:|1778504118
|switch|p1a: Farigiraf|Farigiraf, F|100/100
|switch|p2a: Ambipom|Ambipom, M|84/100
|-damage|p1a: Farigiraf|88/100|[from] Stealth Rock
|turn|18
|
|t:|1778504126
|move|p2a: Ambipom|Fake Out|p1a: Farigiraf
|-damage|p1a: Farigiraf|60/100
|cant|p1a: Farigiraf|flinch
|
|upkeep
|turn|19
|
|t:|1778504136
|move|p2a: Ambipom|Triple Axel|p1a: Farigiraf|[miss]
|-miss|p2a: Ambipom|p1a: Farigiraf
|move|p1a: Farigiraf|Trick Room|p1a: Farigiraf
|-fieldstart|move: Trick Room|[of] p1a: Farigiraf
|
|upkeep
|turn|20
|
|t:|1778504144
|switch|p2a: Vikavolt|Vikavolt, F|100/100
|move|p1a: Farigiraf|Wish|p1a: Farigiraf
|
|upkeep
|turn|21
|
|t:|1778504153
|switch|p1a: Torkoal|Torkoal, M|100/100
|-damage|p1a: Torkoal|76/100|[from] Stealth Rock
|-weather|SunnyDay|[from] ability: Drought|[of] p1a: Torkoal
|move|p2a: Vikavolt|Bug Buzz|p1a: Torkoal
|-resisted|p1a: Torkoal
|-damage|p1a: Torkoal|35/100
|
|-weather|SunnyDay|[upkeep]
|-heal|p1a: Torkoal|99/100|[from] move: Wish|[wisher] Farigiraf
|upkeep
|turn|22
|
|t:|1778504173
|switch|p2a: Braviary|Braviary-Hisui, M|100/100
|move|p1a: Torkoal|Eruption|p2a: Braviary
|-damage|p2a: Braviary|0 fnt
|faint|p2a: Braviary
|
|-weather|SunnyDay|[upkeep]
|upkeep
|
|t:|1778504180
|switch|p2a: Ambipom|Ambipom, M|84/100
|turn|23
|
|t:|1778504188
|switch|p1a: Primeape|Primeape, M|13/100
|-damage|p1a: Primeape|7/100|[from] Stealth Rock
|move|p2a: Ambipom|Fake Out|p1a: Primeape
|-damage|p1a: Primeape|0 fnt
|faint|p1a: Primeape
|
|-weather|SunnyDay|[upkeep]
|-fieldend|move: Trick Room
|upkeep
|
|t:|1778504198
|switch|p1a: Furret|Furret, F|81/100
|-damage|p1a: Furret|68/100|[from] Stealth Rock
|-item|p2a: Ambipom|Heavy-Duty Boots|[from] ability: Frisk|[of] p1a: Furret
|turn|24
|
|t:|1778504210
|move|p1a: Furret|Trick|p2a: Ambipom
|-activate|p1a: Furret|move: Trick|[of] p2a: Ambipom
|-item|p2a: Ambipom|Choice Scarf|[from] move: Trick
|-item|p1a: Furret|Heavy-Duty Boots|[from] move: Trick
|move|p2a: Ambipom|Aerial Ace|p1a: Furret
|-damage|p1a: Furret|32/100
|
|-weather|SunnyDay|[upkeep]
|upkeep
|turn|25
|
|t:|1778504221
|switch|p1a: Torkoal|Torkoal, M|99/100
|-damage|p1a: Torkoal|75/100|[from] Stealth Rock
|move|p2a: Ambipom|Aerial Ace|p1a: Torkoal
|-damage|p1a: Torkoal|54/100
|
|-weather|none
|upkeep
|turn|26
|
|t:|1778504230
|move|p2a: Ambipom|Aerial Ace|p1a: Torkoal
|-damage|p1a: Torkoal|35/100
|move|p1a: Torkoal|Overheat|p2a: Ambipom
|-damage|p2a: Ambipom|0 fnt
|-unboost|p1a: Torkoal|spa|2
|faint|p2a: Ambipom
|
|upkeep
|
|t:|1778504240
|switch|p2a: Vikavolt|Vikavolt, F|100/100
|turn|27
|
|t:|1778504246
|move|p2a: Vikavolt|Thunder|p1a: Torkoal
|-damage|p1a: Torkoal|0 fnt
|faint|p1a: Torkoal
|
|upkeep
|
|t:|1778504252
|switch|p1a: Furret|Furret, F|32/100
|-item|p2a: Vikavolt|Wise Glasses|[from] ability: Frisk|[of] p1a: Furret
|turn|28
|
|t:|1778504257
|move|p1a: Furret|Tidy Up|p1a: Furret
|-sideend|p1: KenjiShiguma|Stealth Rock
|-activate|p1a: Furret|move: Tidy Up
|-boost|p1a: Furret|atk|1
|-boost|p1a: Furret|spe|1
|move|p2a: Vikavolt|Thunder|p1a: Furret
|-damage|p1a: Furret|0 fnt
|faint|p1a: Furret
|
|upkeep
|
|t:|1778504266
|switch|p1a: Skuntank|Skuntank, F|1/100
|turn|29
|
|t:|1778504274
|switch|p2a: Decidueye|Decidueye-Hisui, M|100/100
|move|p1a: Skuntank|Endeavor|p2a: Decidueye
|-damage|p2a: Decidueye|1/100
|
|upkeep
|turn|30
|
|t:|1778504287
|move|p1a: Skuntank|Sucker Punch|p2a: Decidueye
|-resisted|p2a: Decidueye
|-damage|p2a: Decidueye|0 fnt
|faint|p2a: Decidueye
|
|upkeep
|
|t:|1778504289
|switch|p2a: Vikavolt|Vikavolt, F|100/100
|turn|31
|
|t:|1778504294
|move|p1a: Skuntank|Endeavor|p2a: Vikavolt
|-damage|p2a: Vikavolt|1/100
|move|p2a: Vikavolt|Thunder|p1a: Skuntank|[miss]
|-miss|p2a: Vikavolt|p1a: Skuntank
|
|upkeep
|turn|32
|
|t:|1778504303
|move|p1a: Skuntank|Poison Jab|p2a: Vikavolt
|-damage|p2a: Vikavolt|0 fnt
|faint|p2a: Vikavolt
|
|win|KenjiShiguma
|raw|KenjiShiguma's rating: 1156 &rarr; <strong>1185</strong><br />(+29 for winning)
|raw|info_cntrl's rating: 1219 &rarr; <strong>1190</strong><br />(-29 for losing)
|l|☆info_cntrl
|player|p2|
|l|☆KenjiShiguma
|player|p1|
