|html|<div class="broadcast-blue"><strong>[Gen 9] OU is currently suspecting Tera Blast! For information on how to participate check out the <a href="https://www.smogon.com/tools/suspects/view/200">suspect thread</a>.</strong></div>
|j|‽Rehheeh
|j|☆brock4real
|t:|1776033650
|gametype|singles
|player|p1|Rehheeh|palmer|1464
|player|p2|brock4real|169|1465
|gen|9
|tier|[Gen 9] OU
|rated|
|rule|HP Percentage Mod: HP is shown in percentages
|rule|Endless Battle Clause: Forcing endless battles is banned
|rule|Species Clause: Limit one of each Pokémon
|rule|OHKO Clause: OHKO moves are banned
|rule|Evasion Items Clause: Evasion items are banned
|rule|Evasion Moves Clause: Evasion moves are banned
|rule|Evasion Abilities Clause: Evasion abilities are banned
|rule|Sleep Moves Clause: Sleep-inducing moves are banned
|clearpoke
|poke|p1|Iron Moth|
|poke|p1|Gliscor, M|
|poke|p1|Hatterene, F|
|poke|p1|Ogerpon-Wellspring, F|
|poke|p1|Raging Bolt|
|poke|p1|Zamazenta-*|
|poke|p2|Garganacl, F|
|poke|p2|Glimmora, M|
|poke|p2|Tyranitar, M|
|poke|p2|Ogerpon-Cornerstone, F|
|poke|p2|Iron Boulder|
|poke|p2|Kleavor, F|
|teampreview
|inactive|Battle timer is ON: inactive players will automatically lose when time's up. (requested by Rehheeh)
|
|t:|1776033670
|teamsize|p1|6
|teamsize|p2|6
|start
|switch|p1a: Gliscor|Gliscor, M|100/100
|switch|p2a: Glimmora|Glimmora, M|100/100
|turn|1
|
|t:|1776033674
|move|p2a: Glimmora|Stealth Rock|p1a: Gliscor
|-sidestart|p1: Rehheeh|move: Stealth Rock
|move|p1a: Gliscor|Swords Dance|p1a: Gliscor
|-boost|p1a: Gliscor|atk|2
|
|-status|p1a: Gliscor|tox|[from] item: Toxic Orb
|upkeep
|turn|2
|
|t:|1776033699
|move|p2a: Glimmora|Power Gem|p1a: Gliscor
|-damage|p1a: Gliscor|51/100 tox
|move|p1a: Gliscor|Agility|p1a: Gliscor
|-boost|p1a: Gliscor|spe|2
|
|-heal|p1a: Gliscor|63/100 tox|[from] ability: Poison Heal
|upkeep
|turn|3
|
|t:|1776033705
|move|p1a: Gliscor|Earthquake|p2a: Glimmora
|-supereffective|p2a: Glimmora
|-enditem|p2a: Glimmora|Focus Sash
|-damage|p2a: Glimmora|1/100
|-activate|p2a: Glimmora|ability: Toxic Debris
|-sidestart|p1: Rehheeh|move: Toxic Spikes
|move|p2a: Glimmora|Power Gem|p1a: Gliscor
|-damage|p1a: Gliscor|8/100 tox
|
|-heal|p1a: Gliscor|20/100 tox|[from] ability: Poison Heal
|upkeep
|turn|4
|
|t:|1776033719
|move|p1a: Gliscor|Earthquake|p2a: Glimmora
|-supereffective|p2a: Glimmora
|-damage|p2a: Glimmora|0 fnt
|-activate|p2a: Glimmora|ability: Toxic Debris
|-sidestart|p1: Rehheeh|move: Toxic Spikes
|faint|p2a: Glimmora
|
|-heal|p1a: Gliscor|33/100 tox|[from] ability: Poison Heal
|upkeep
|
|t:|1776033722
|switch|p2a: Ogerpon|Ogerpon-Cornerstone, F|100/100
|turn|5
|
|t:|1776033734
|-terastallize|p1a: Gliscor|Normal
|move|p1a: Gliscor|Facade|p2a: Ogerpon
|-resisted|p2a: Ogerpon
|-damage|p2a: Ogerpon|15/100
|move|p2a: Ogerpon|Ivy Cudgel|p1a: Gliscor|[anim] Ivy Cudgel Rock
|-damage|p1a: Gliscor|0 fnt
|faint|p1a: Gliscor
|
|upkeep
|
|t:|1776033747
|switch|p1a: Zamazenta|Zamazenta|100/100
|-damage|p1a: Zamazenta|94/100|[from] Stealth Rock
|-status|p1a: Zamazenta|tox
|-ability|p1a: Zamazenta|Dauntless Shield|boost
|-boost|p1a: Zamazenta|def|1
|turn|6
|
|t:|1776033754
|move|p1a: Zamazenta|Reflect|p1a: Zamazenta
|-sidestart|p1: Rehheeh|Reflect
|move|p2a: Ogerpon|Horn Leech|p1a: Zamazenta
|-damage|p1a: Zamazenta|82/100 tox
|-heal|p2a: Ogerpon|23/100|[from] drain|[of] p1a: Zamazenta
|
|-damage|p1a: Zamazenta|76/100 tox|[from] psn
|upkeep
|turn|7
|
|t:|1776033759
|move|p1a: Zamazenta|Light Screen|p1a: Zamazenta
|-sidestart|p1: Rehheeh|move: Light Screen
|move|p2a: Ogerpon|Swords Dance|p2a: Ogerpon
|-boost|p2a: Ogerpon|atk|2
|
|-damage|p1a: Zamazenta|64/100 tox|[from] psn
|upkeep
|turn|8
|
|t:|1776033761
|move|p1a: Zamazenta|Close Combat|p2a: Ogerpon
|-supereffective|p2a: Ogerpon
|-damage|p2a: Ogerpon|0 fnt
|-unboost|p1a: Zamazenta|def|1
|-unboost|p1a: Zamazenta|spd|1
|faint|p2a: Ogerpon
|
|-damage|p1a: Zamazenta|45/100 tox|[from] psn
|upkeep
|
|t:|1776033769
|switch|p2a: Garganacl|Garganacl, F|100/100
|turn|9
|
|t:|1776033772
|-terastallize|p2a: Garganacl|Ghost
|move|p1a: Zamazenta|Close Combat|p2a: Garganacl
|-immune|p2a: Garganacl
|move|p2a: Garganacl|Salt Cure|p1a: Zamazenta
|-resisted|p1a: Zamazenta
|-damage|p1a: Zamazenta|43/100 tox
|-start|p1a: Zamazenta|Salt Cure
|
|-damage|p1a: Zamazenta|19/100 tox|[from] psn
|-damage|p1a: Zamazenta|6/100 tox|[from] Salt Cure
|upkeep
|turn|10
|
|t:|1776033776
|move|p1a: Zamazenta|Close Combat|p2a: Garganacl
|-immune|p2a: Garganacl
|move|p2a: Garganacl|Recover||[still]
|-fail|p2a: Garganacl|heal
|
|-damage|p1a: Zamazenta|0 fnt|[from] psn
|faint|p1a: Zamazenta
|upkeep
|
|t:|1776033800
|switch|p1a: Ogerpon|Ogerpon-Wellspring, F|100/100
|-damage|p1a: Ogerpon|88/100|[from] Stealth Rock
|-status|p1a: Ogerpon|tox
|turn|11
|
|t:|1776033806
|move|p1a: Ogerpon|Swords Dance|p1a: Ogerpon
|-boost|p1a: Ogerpon|atk|2
|move|p2a: Garganacl|Iron Defense|p2a: Garganacl
|-boost|p2a: Garganacl|def|2
|
|-damage|p1a: Ogerpon|82/100 tox|[from] psn
|upkeep
|turn|12
|
|t:|1776033810
|move|p1a: Ogerpon|Encore|p2a: Garganacl
|-start|p2a: Garganacl|Encore
|move|p2a: Garganacl|Iron Defense|p2a: Garganacl
|-boost|p2a: Garganacl|def|2
|
|-damage|p1a: Ogerpon|70/100 tox|[from] psn
|upkeep
|turn|13
|
|t:|1776033814
|switch|p1a: Raging Bolt|Raging Bolt|100/100
|-damage|p1a: Raging Bolt|88/100|[from] Stealth Rock
|-status|p1a: Raging Bolt|tox
|-enditem|p1a: Raging Bolt|Booster Energy
|-activate|p1a: Raging Bolt|ability: Protosynthesis|[fromitem]
|-start|p1a: Raging Bolt|protosynthesisspa
|move|p2a: Garganacl|Iron Defense|p2a: Garganacl
|-boost|p2a: Garganacl|def|2
|
|-damage|p1a: Raging Bolt|82/100 tox|[from] psn
|-sideend|p1: Rehheeh|Reflect
|upkeep
|turn|14
|
|t:|1776033821
|switch|p2a: Tyranitar|Tyranitar, M|100/100
|-weather|Sandstorm|[from] ability: Sand Stream|[of] p2a: Tyranitar
|move|p1a: Raging Bolt|Thunderbolt|p2a: Tyranitar
|-damage|p2a: Tyranitar|70/100
|
|-weather|Sandstorm|[upkeep]
|-damage|p1a: Raging Bolt|76/100 tox|[from] Sandstorm
|-damage|p1a: Raging Bolt|64/100 tox|[from] psn
|-sideend|p1: Rehheeh|move: Light Screen
|upkeep
|turn|15
|
|t:|1776033834
|move|p1a: Raging Bolt|Dragon Pulse|p2a: Tyranitar
|-damage|p2a: Tyranitar|43/100
|move|p2a: Tyranitar|Dragon Tail|p1a: Raging Bolt
|-supereffective|p1a: Raging Bolt
|-damage|p1a: Raging Bolt|27/100 tox
|-end|p1a: Raging Bolt|Protosynthesis|[silent]
|drag|p1a: Hatterene|Hatterene, F|100/100
|-damage|p1a: Hatterene|88/100|[from] Stealth Rock
|-status|p1a: Hatterene|tox
|
|-weather|Sandstorm|[upkeep]
|-damage|p1a: Hatterene|82/100 tox|[from] Sandstorm
|-heal|p1a: Hatterene|88/100 tox|[from] item: Leftovers
|-damage|p1a: Hatterene|82/100 tox|[from] psn
|upkeep
|turn|16
|
|t:|1776033842
|move|p2a: Tyranitar|Knock Off|p1a: Hatterene
|-damage|p1a: Hatterene|43/100 tox
|-enditem|p1a: Hatterene|Leftovers|[from] move: Knock Off|[of] p2a: Tyranitar
|move|p1a: Hatterene|Draining Kiss|p2a: Tyranitar
|-supereffective|p2a: Tyranitar
|-damage|p2a: Tyranitar|24/100
|-heal|p1a: Hatterene|62/100 tox|[from] drain|[of] p2a: Tyranitar
|
|-weather|Sandstorm|[upkeep]
|-damage|p1a: Hatterene|56/100 tox|[from] Sandstorm
|-damage|p1a: Hatterene|44/100 tox|[from] psn
|upkeep
|turn|17
|
|t:|1776033855
|switch|p2a: Iron Boulder|Iron Boulder|100/100
|-enditem|p2a: Iron Boulder|Booster Energy
|-activate|p2a: Iron Boulder|ability: Quark Drive|[fromitem]
|-start|p2a: Iron Boulder|quarkdrivespe
|move|p1a: Hatterene|Draining Kiss|p2a: Iron Boulder
|-damage|p2a: Iron Boulder|86/100
|-heal|p1a: Hatterene|55/100 tox|[from] drain|[of] p2a: Iron Boulder
|
|-weather|Sandstorm|[upkeep]
|-damage|p1a: Hatterene|49/100 tox|[from] Sandstorm
|-damage|p1a: Hatterene|31/100 tox|[from] psn
|upkeep
|turn|18
|
|t:|1776033859
|move|p2a: Iron Boulder|Swords Dance|p2a: Iron Boulder
|-boost|p2a: Iron Boulder|atk|2
|move|p1a: Hatterene|Draining Kiss|p2a: Iron Boulder
|-damage|p2a: Iron Boulder|71/100
|-heal|p1a: Hatterene|42/100 tox|[from] drain|[of] p2a: Iron Boulder
|
|-weather|Sandstorm|[upkeep]
|-damage|p1a: Hatterene|36/100 tox|[from] Sandstorm
|-damage|p1a: Hatterene|12/100 tox|[from] psn
|upkeep
|turn|19
|
|t:|1776033865
|move|p2a: Iron Boulder|Mighty Cleave|p1a: Hatterene
|-damage|p1a: Hatterene|0 fnt
|faint|p1a: Hatterene
|
|-weather|Sandstorm|[upkeep]
|upkeep
|inactive|Rehheeh has 120 seconds left.
|c|☆brock4real|Its gg i guess
|-message|Rehheeh forfeited.
|
|win|brock4real
|raw|Rehheeh's rating: 1464 &rarr; <strong>1444</strong><br />(-20 for losing)
|raw|brock4real's rating: 1465 &rarr; <strong>1485</strong><br />(+20 for winning)
|l|‽Rehheeh
|player|p1|
|l|☆brock4real
|player|p2|
