|html|<div class="broadcast-blue"><strong>[Gen 9] OU is currently suspecting Tera Blast! For information on how to participate check out the <a href="https://www.smogon.com/tools/suspects/view/200">suspect thread</a>.</strong></div>
|j|☆mlbebek
|j|☆zhtgjy99
|t:|1776059810
|gametype|singles
|player|p1|mlbebek|policeman|1173
|player|p2|zhtgjy99|hugh|1133
|gen|9
|tier|[Gen 9] OU
|rated|
|rule|HP Percentage Mod: HP is shown in percentages
|rule|Endless Battle Clause: Forcing endless battles is banned
|rule|Species Clause: Limit one of each Pokémon
|rule|OHKO Clause: OHKO moves are banned
|rule|Evasion Items Clause: Evasion items are banned
|rule|Evasion Moves Clause: Evasion moves are banned
|rule|Evasion Abilities Clause: Evasion abilities are banned
|rule|Sleep Moves Clause: Sleep-inducing moves are banned
|clearpoke
|poke|p1|Feraligatr, M|
|poke|p1|Grimmsnarl, M|
|poke|p1|Walking Wake|
|poke|p1|Bisharp, F|
|poke|p1|Meowscarada, F|
|poke|p1|Tornadus-Therian, M|
|poke|p2|Tyranitar, F|
|poke|p2|Excadrill, M|
|poke|p2|Gliscor, M|
|poke|p2|Sinistcha-Masterpiece|
|poke|p2|Rotom-Wash|
|poke|p2|Dragapult, F|
|teampreview
|
|t:|1776059826
|teamsize|p1|6
|teamsize|p2|6
|start
|switch|p1a: Bisharp|Bisharp, F, shiny|100/100
|switch|p2a: Tyranitar|Tyranitar, F, shiny|100/100
|-weather|Sandstorm|[from] ability: Sand Stream|[of] p2a: Tyranitar
|turn|1
|
|t:|1776059840
|move|p1a: Bisharp|Low Kick|p2a: Tyranitar
|-supereffective|p2a: Tyranitar
|-damage|p2a: Tyranitar|0 fnt
|faint|p2a: Tyranitar
|
|-weather|Sandstorm|[upkeep]
|upkeep
|
|t:|1776059858
|switch|p2a: Excadrill|Excadrill, M, shiny|100/100
|turn|2
|inactive|Battle timer is ON: inactive players will automatically lose when time's up. (requested by zhtgjy99)
|l|☆zhtgjy99
|inactive|zhtgjy99 disconnected and has a minute to reconnect!
|player|p2|
|j|☆zhtgjy99
|inactive|zhtgjy99 reconnected and has 125 seconds left.
|player|p2|zhtgjy99|hugh|
|inactive|zhtgjy99 has 120 seconds left.
|
|t:|1776059904
|switch|p1a: Tornadus|Tornadus-Therian, M|100/100
|move|p2a: Excadrill|Swords Dance|p2a: Excadrill
|-boost|p2a: Excadrill|atk|2
|
|-weather|Sandstorm|[upkeep]
|-damage|p1a: Tornadus|94/100|[from] Sandstorm
|upkeep
|turn|3
|
|t:|1776059913
|move|p2a: Excadrill|Swords Dance|p2a: Excadrill
|-boost|p2a: Excadrill|atk|2
|move|p1a: Tornadus|Heat Wave|p2a: Excadrill
|-supereffective|p2a: Excadrill
|-damage|p2a: Excadrill|9/100
|
|-weather|Sandstorm|[upkeep]
|-damage|p1a: Tornadus|88/100|[from] Sandstorm
|upkeep
|turn|4
|
|t:|1776059924
|move|p2a: Excadrill|Iron Head|p1a: Tornadus
|-damage|p1a: Tornadus|0 fnt
|faint|p1a: Tornadus
|
|-weather|Sandstorm|[upkeep]
|upkeep
|
|t:|1776059930
|switch|p1a: Bisharp|Bisharp, F, shiny|100/100
|turn|5
|
|t:|1776059933
|move|p1a: Bisharp|Sucker Punch|p2a: Excadrill
|-damage|p2a: Excadrill|0 fnt
|faint|p2a: Excadrill
|
|-weather|Sandstorm|[upkeep]
|upkeep
|
|t:|1776059953
|switch|p2a: Sinistcha|Sinistcha-Masterpiece, shiny|100/100
|turn|6
|
|t:|1776059959
|switch|p1a: Grimmsnarl|Grimmsnarl, M|100/100
|-terastallize|p2a: Sinistcha|Poison
|move|p2a: Sinistcha|Calm Mind|p2a: Sinistcha
|-boost|p2a: Sinistcha|spa|1
|-boost|p2a: Sinistcha|spd|1
|
|-weather|Sandstorm|[upkeep]
|-damage|p2a: Sinistcha|94/100|[from] Sandstorm
|-damage|p1a: Grimmsnarl|94/100|[from] Sandstorm
|-heal|p2a: Sinistcha|100/100|[from] item: Leftovers
|upkeep
|turn|7
|
|t:|1776059973
|move|p1a: Grimmsnarl|Light Screen|p1a: Grimmsnarl
|-sidestart|p1: mlbebek|move: Light Screen
|move|p2a: Sinistcha|Calm Mind|p2a: Sinistcha
|-boost|p2a: Sinistcha|spa|1
|-boost|p2a: Sinistcha|spd|1
|
|-weather|Sandstorm|[upkeep]
|-damage|p2a: Sinistcha|94/100|[from] Sandstorm
|-damage|p1a: Grimmsnarl|88/100|[from] Sandstorm
|-heal|p2a: Sinistcha|100/100|[from] item: Leftovers
|upkeep
|turn|8
|
|t:|1776059983
|move|p1a: Grimmsnarl|Parting Shot|p2a: Sinistcha
|-unboost|p2a: Sinistcha|atk|1
|-unboost|p2a: Sinistcha|spa|1
|
|t:|1776059991
|switch|p1a: Walking Wake|Walking Wake|100/100|[from] Parting Shot
|move|p2a: Sinistcha|Calm Mind|p2a: Sinistcha
|-boost|p2a: Sinistcha|spa|1
|-boost|p2a: Sinistcha|spd|1
|
|-weather|none
|upkeep
|turn|9
|
|t:|1776060000
|move|p1a: Walking Wake|Draco Meteor|p2a: Sinistcha
|-damage|p2a: Sinistcha|68/100
|-unboost|p1a: Walking Wake|spa|2
|move|p2a: Sinistcha|Calm Mind|p2a: Sinistcha
|-boost|p2a: Sinistcha|spa|1
|-boost|p2a: Sinistcha|spd|1
|
|-heal|p2a: Sinistcha|74/100|[from] item: Leftovers
|upkeep
|turn|10
|
|t:|1776060019
|move|p1a: Walking Wake|Flip Turn|p2a: Sinistcha
|-damage|p2a: Sinistcha|64/100
|
|t:|1776060021
|-end|p1a: Walking Wake|Protosynthesis|[silent]
|switch|p1a: Bisharp|Bisharp, F, shiny|100/100|[from] Flip Turn
|move|p2a: Sinistcha|Matcha Gotcha|p1a: Bisharp
|-resisted|p1a: Bisharp
|-damage|p1a: Bisharp|84/100
|-heal|p2a: Sinistcha|70/100|[from] drain|[of] p1a: Bisharp
|
|-heal|p2a: Sinistcha|76/100|[from] item: Leftovers
|upkeep
|turn|11
|
|t:|1776060036
|move|p2a: Sinistcha|Strength Sap|p1a: Bisharp
|-unboost|p1a: Bisharp|atk|1
|-ability|p1a: Bisharp|Defiant|boost
|-boost|p1a: Bisharp|atk|2
|-heal|p2a: Sinistcha|100/100
|move|p1a: Bisharp|Swords Dance|p1a: Bisharp
|-boost|p1a: Bisharp|atk|2
|
|upkeep
|turn|12
|-message|zhtgjy99 forfeited.
|
|win|mlbebek
|raw|mlbebek's rating: 1173 &rarr; <strong>1195</strong><br />(+22 for winning)
|raw|zhtgjy99's rating: 1133 &rarr; <strong>1111</strong><br />(-22 for losing)
|l|☆zhtgjy99
|player|p2|
|l|☆mlbebek
|player|p1|
|j|☆zhtgjy99
|player|p2|zhtgjy99|hugh|
|l|☆zhtgjy99
|player|p2|
