|html|<div class="broadcast-blue"><strong>[Gen 9] OU is currently suspecting Tera Blast! For information on how to participate check out the <a href="https://www.smogon.com/tools/suspects/view/200">suspect thread</a>.</strong></div>
|j|☆jake982
|j|☆Soul24125
|t:|1776123768
|gametype|singles
|player|p1|jake982|101|1156
|player|p2|Soul24125|dawn-gen4pt|1205
|gen|9
|tier|[Gen 9] OU
|rated|
|rule|HP Percentage Mod: HP is shown in percentages
|rule|Endless Battle Clause: Forcing endless battles is banned
|rule|Species Clause: Limit one of each Pokémon
|rule|OHKO Clause: OHKO moves are banned
|rule|Evasion Items Clause: Evasion items are banned
|rule|Evasion Moves Clause: Evasion moves are banned
|rule|Evasion Abilities Clause: Evasion abilities are banned
|rule|Sleep Moves Clause: Sleep-inducing moves are banned
|clearpoke
|poke|p1|Rhyperior, M|
|poke|p1|Chesnaught, F|
|poke|p1|Hatterene, F|
|poke|p1|Porygon2|
|poke|p1|Kingambit, M|
|poke|p1|Volcanion|
|poke|p2|Cinderace, M|
|poke|p2|Kingambit, F|
|poke|p2|Slowking-Galar, F|
|poke|p2|Corviknight, M|
|poke|p2|Landorus-Therian, M|
|poke|p2|Enamorus, F|
|teampreview
|
|t:|1776123780
|teamsize|p1|6
|teamsize|p2|6
|start
|switch|p1a: Porygon2|Porygon2|100/100
|switch|p2a: Corviknight|Corviknight, M|100/100
|-ability|p2a: Corviknight|Pressure
|-ability|p1a: Porygon2|Pressure|Trace|[from] ability: Trace|[of] p2a: Corviknight
|-ability|p1a: Porygon2|Pressure
|turn|1
|
|t:|1776123795
|move|p2a: Corviknight|Body Press|p1a: Porygon2
|-supereffective|p1a: Porygon2
|-damage|p1a: Porygon2|64/100
|move|p1a: Porygon2|Ice Beam|p2a: Corviknight
|-damage|p2a: Corviknight|80/100
|
|upkeep
|turn|2
|
|t:|1776123806
|move|p2a: Corviknight|Bulk Up|p2a: Corviknight
|-boost|p2a: Corviknight|atk|1
|-boost|p2a: Corviknight|def|1
|move|p1a: Porygon2|Trick Room|p1a: Porygon2
|-fieldstart|move: Trick Room|[of] p1a: Porygon2
|
|upkeep
|turn|3
|
|t:|1776123818
|switch|p1a: Chesnaught|Chesnaught, F|100/100
|move|p2a: Corviknight|Bulk Up|p2a: Corviknight
|-boost|p2a: Corviknight|atk|1
|-boost|p2a: Corviknight|def|1
|
|upkeep
|turn|4
|
|t:|1776123826
|move|p1a: Chesnaught|Knock Off|p2a: Corviknight
|-damage|p2a: Corviknight|73/100
|-damage|p1a: Chesnaught|84/100|[from] item: Rocky Helmet|[of] p2a: Corviknight
|-enditem|p2a: Corviknight|Rocky Helmet|[from] move: Knock Off|[of] p1a: Chesnaught
|move|p2a: Corviknight|Brave Bird|p1a: Chesnaught
|-supereffective|p1a: Chesnaught
|-damage|p1a: Chesnaught|0 fnt
|-damage|p2a: Corviknight|56/100|[from] item: Rocky Helmet|[of] p1a: Chesnaught
|faint|p1a: Chesnaught
|-damage|p2a: Corviknight|30/100|[from] Recoil
|
|upkeep
|
|t:|1776123835
|switch|p1a: Volcanion|Volcanion|100/100
|turn|5
|
|t:|1776123843
|move|p1a: Volcanion|Steam Eruption|p2a: Corviknight
|-damage|p2a: Corviknight|0 fnt
|faint|p2a: Corviknight
|-damage|p1a: Volcanion|91/100|[from] item: Life Orb
|
|upkeep
|
|t:|1776123864
|switch|p2a: Enamorus|Enamorus, F|100/100
|turn|6
|
|t:|1776123872
|move|p1a: Volcanion|Sludge Wave|p2a: Enamorus
|-supereffective|p2a: Enamorus
|-damage|p2a: Enamorus|0 fnt
|faint|p2a: Enamorus
|-damage|p1a: Volcanion|81/100|[from] item: Life Orb
|
|-fieldend|move: Trick Room
|upkeep
|
|t:|1776123881
|switch|p2a: Landorus|Landorus-Therian, M|100/100
|-ability|p2a: Landorus|Intimidate|boost
|-unboost|p1a: Volcanion|atk|1
|turn|7
|
|t:|1776123889
|switch|p1a: Porygon2|Porygon2|64/100
|-ability|p1a: Porygon2|Intimidate|Trace|[from] ability: Trace|[of] p2a: Landorus
|-ability|p1a: Porygon2|Intimidate|boost
|-unboost|p2a: Landorus|atk|1
|move|p2a: Landorus|Earthquake|p1a: Porygon2
|-damage|p1a: Porygon2|40/100
|
|upkeep
|turn|8
|
|t:|1776123900
|move|p2a: Landorus|U-turn|p1a: Porygon2
|-damage|p1a: Porygon2|29/100
|
|t:|1776123905
|switch|p2a: Kingambit|Kingambit, F, shiny|100/100|[from] U-turn
|-activate|p2a: Kingambit|ability: Supreme Overlord
|-start|p2a: Kingambit|fallen2|[silent]
|move|p1a: Porygon2|Trick Room|p1a: Porygon2
|-fieldstart|move: Trick Room|[of] p1a: Porygon2
|
|upkeep
|turn|9
|
|t:|1776123918
|switch|p1a: Kingambit|Kingambit, M|100/100
|-activate|p1a: Kingambit|ability: Supreme Overlord
|-start|p1a: Kingambit|fallen1|[silent]
|move|p2a: Kingambit|Swords Dance|p2a: Kingambit
|-boost|p2a: Kingambit|atk|2
|
|upkeep
|turn|10
|
|t:|1776123927
|move|p1a: Kingambit|Iron Defense|p1a: Kingambit
|-boost|p1a: Kingambit|def|2
|move|p2a: Kingambit|Kowtow Cleave|p1a: Kingambit
|-resisted|p1a: Kingambit
|-damage|p1a: Kingambit|78/100
|
|upkeep
|turn|11
|
|t:|1776123938
|move|p1a: Kingambit|Iron Defense|p1a: Kingambit
|-boost|p1a: Kingambit|def|2
|move|p2a: Kingambit|Swords Dance|p2a: Kingambit
|-boost|p2a: Kingambit|atk|2
|
|upkeep
|turn|12
|
|t:|1776123946
|move|p1a: Kingambit|Kowtow Cleave|p2a: Kingambit
|-resisted|p2a: Kingambit
|-damage|p2a: Kingambit|80/100
|-damage|p1a: Kingambit|62/100|[from] item: Rocky Helmet|[of] p2a: Kingambit
|move|p2a: Kingambit|Swords Dance|p2a: Kingambit
|-boost|p2a: Kingambit|atk|2
|
|-fieldend|move: Trick Room
|upkeep
|turn|13
|
|t:|1776123957
|move|p2a: Kingambit|Kowtow Cleave|p1a: Kingambit
|-resisted|p1a: Kingambit
|-damage|p1a: Kingambit|33/100
|move|p1a: Kingambit|Kowtow Cleave|p2a: Kingambit
|-resisted|p2a: Kingambit
|-damage|p2a: Kingambit|62/100
|-damage|p1a: Kingambit|17/100|[from] item: Rocky Helmet|[of] p2a: Kingambit
|
|upkeep
|turn|14
|
|t:|1776123967
|move|p2a: Kingambit|Sucker Punch||[still]
|-fail|p2a: Kingambit
|move|p1a: Kingambit|Rest|p1a: Kingambit
|-status|p1a: Kingambit|slp|[from] move: Rest
|-heal|p1a: Kingambit|100/100 slp|[silent]
|-enditem|p1a: Kingambit|Chesto Berry|[eat]
|-curestatus|p1a: Kingambit|slp|[msg]
|
|upkeep
|turn|15
|
|t:|1776123976
|move|p2a: Kingambit|Kowtow Cleave|p1a: Kingambit
|-resisted|p1a: Kingambit
|-damage|p1a: Kingambit|71/100
|move|p1a: Kingambit|Iron Defense|p1a: Kingambit
|-boost|p1a: Kingambit|def|2
|
|upkeep
|turn|16
|
|t:|1776123983
|move|p2a: Kingambit|Kowtow Cleave|p1a: Kingambit
|-resisted|p1a: Kingambit
|-damage|p1a: Kingambit|48/100
|move|p1a: Kingambit|Kowtow Cleave|p2a: Kingambit
|-resisted|p2a: Kingambit
|-damage|p2a: Kingambit|43/100
|-damage|p1a: Kingambit|32/100|[from] item: Rocky Helmet|[of] p2a: Kingambit
|
|upkeep
|turn|17
|
|t:|1776123993
|move|p2a: Kingambit|Kowtow Cleave|p1a: Kingambit
|-resisted|p1a: Kingambit
|-damage|p1a: Kingambit|12/100
|move|p1a: Kingambit|Rest|p1a: Kingambit
|-status|p1a: Kingambit|slp|[from] move: Rest
|-heal|p1a: Kingambit|100/100 slp|[silent]
|
|upkeep
|turn|18
|
|t:|1776124016
|move|p2a: Kingambit|Kowtow Cleave|p1a: Kingambit
|-resisted|p1a: Kingambit
|-damage|p1a: Kingambit|80/100 slp
|cant|p1a: Kingambit|slp
|
|upkeep
|turn|19
|
|t:|1776124025
|move|p2a: Kingambit|Kowtow Cleave|p1a: Kingambit
|-resisted|p1a: Kingambit
|-damage|p1a: Kingambit|59/100 slp
|cant|p1a: Kingambit|slp
|
|upkeep
|turn|20
|
|t:|1776124042
|move|p2a: Kingambit|Kowtow Cleave|p1a: Kingambit
|-resisted|p1a: Kingambit
|-damage|p1a: Kingambit|39/100 slp
|-curestatus|p1a: Kingambit|slp|[msg]
|move|p1a: Kingambit|Kowtow Cleave|p2a: Kingambit
|-resisted|p2a: Kingambit
|-damage|p2a: Kingambit|24/100
|-damage|p1a: Kingambit|23/100|[from] item: Rocky Helmet|[of] p2a: Kingambit
|
|upkeep
|turn|21
|
|t:|1776124054
|move|p2a: Kingambit|Kowtow Cleave|p1a: Kingambit
|-resisted|p1a: Kingambit
|-damage|p1a: Kingambit|3/100
|move|p1a: Kingambit|Rest|p1a: Kingambit
|-status|p1a: Kingambit|slp|[from] move: Rest
|-heal|p1a: Kingambit|100/100 slp|[silent]
|
|upkeep
|turn|22
|
|t:|1776124067
|-end|p2a: Kingambit|fallen2|[silent]
|switch|p2a: Landorus|Landorus-Therian, M|100/100
|-ability|p2a: Landorus|Intimidate|boost
|-unboost|p1a: Kingambit|atk|1
|cant|p1a: Kingambit|slp
|
|upkeep
|turn|23
|
|t:|1776124076
|-end|p1a: Kingambit|fallen1|[silent]
|switch|p1a: Porygon2|Porygon2|29/100
|-ability|p1a: Porygon2|Intimidate|Trace|[from] ability: Trace|[of] p2a: Landorus
|-ability|p1a: Porygon2|Intimidate|boost
|-unboost|p2a: Landorus|atk|1
|move|p2a: Landorus|Earthquake|p1a: Porygon2
|-damage|p1a: Porygon2|2/100
|
|upkeep
|turn|24
|
|t:|1776124087
|move|p2a: Landorus|Earthquake|p1a: Porygon2
|-damage|p1a: Porygon2|0 fnt
|faint|p1a: Porygon2
|
|upkeep
|
|t:|1776124104
|switch|p1a: Volcanion|Volcanion|81/100
|turn|25
|
|t:|1776124110
|move|p2a: Landorus|Earthquake|p1a: Volcanion
|-supereffective|p1a: Volcanion
|-crit|p1a: Volcanion
|-damage|p1a: Volcanion|0 fnt
|faint|p1a: Volcanion
|
|upkeep
|
|t:|1776124115
|switch|p1a: Rhyperior|Rhyperior, M|100/100
|turn|26
|
|t:|1776124119
|-terastallize|p1a: Rhyperior|Ground
|move|p2a: Landorus|U-turn|p1a: Rhyperior
|-damage|p1a: Rhyperior|89/100
|
|t:|1776124126
|switch|p2a: Slowking|Slowking-Galar, F|100/100|[from] U-turn
|move|p1a: Rhyperior|Ice Punch|p2a: Slowking
|-damage|p2a: Slowking|69/100
|
|upkeep
|turn|27
|
|t:|1776124138
|move|p1a: Rhyperior|Earthquake|p2a: Slowking
|-supereffective|p2a: Slowking
|-damage|p2a: Slowking|0 fnt
|faint|p2a: Slowking
|
|upkeep
|
|t:|1776124147
|switch|p2a: Cinderace|Cinderace, M, shiny|100/100
|turn|28
|
|t:|1776124157
|move|p2a: Cinderace|Sucker Punch|p1a: Rhyperior
|-start|p2a: Cinderace|typechange|Dark|[from] ability: Libero
|-damage|p1a: Rhyperior|66/100
|move|p1a: Rhyperior|Earthquake|p2a: Cinderace
|-damage|p2a: Cinderace|0 fnt
|faint|p2a: Cinderace
|
|upkeep
|
|t:|1776124166
|switch|p2a: Landorus|Landorus-Therian, M|100/100
|-ability|p2a: Landorus|Intimidate|boost
|-unboost|p1a: Rhyperior|atk|1
|turn|29
|
|t:|1776124177
|-terastallize|p2a: Landorus|Water
|move|p2a: Landorus|Earthquake|p1a: Rhyperior
|-damage|p1a: Rhyperior|33/100
|move|p1a: Rhyperior|Ice Punch|p2a: Landorus
|-resisted|p2a: Landorus
|-damage|p2a: Landorus|89/100
|-damage|p1a: Rhyperior|17/100|[from] item: Rocky Helmet|[of] p2a: Landorus
|
|upkeep
|turn|30
|
|t:|1776124188
|switch|p1a: Hatterene|Hatterene, F|100/100
|move|p2a: Landorus|Earthquake|p1a: Hatterene
|-damage|p1a: Hatterene|42/100
|
|upkeep
|turn|31
|-message|jake982 forfeited.
|
|win|Soul24125
|raw|jake982's rating: 1156 &rarr; <strong>1135</strong><br />(-21 for losing)
|raw|Soul24125's rating: 1205 &rarr; <strong>1226</strong><br />(+21 for winning)
|l|☆jake982
|player|p1|
