|html|<div class="broadcast-blue"><strong>[Gen 9] OU is currently suspecting Tera Blast! For information on how to participate check out the <a href="https://www.smogon.com/tools/suspects/view/200">suspect thread</a>.</strong></div>
|j|☆blaizboob
|j|☆pusherGOD700
|t:|1776272817
|gametype|singles
|player|p1|blaizboob|nate|1153
|player|p2|pusherGOD700|brendan-rs|1122
|gen|9
|tier|[Gen 9] OU
|rated|
|rule|HP Percentage Mod: HP is shown in percentages
|rule|Endless Battle Clause: Forcing endless battles is banned
|rule|Species Clause: Limit one of each Pokémon
|rule|OHKO Clause: OHKO moves are banned
|rule|Evasion Items Clause: Evasion items are banned
|rule|Evasion Moves Clause: Evasion moves are banned
|rule|Evasion Abilities Clause: Evasion abilities are banned
|rule|Sleep Moves Clause: Sleep-inducing moves are banned
|clearpoke
|poke|p1|Dragapult, F|
|poke|p1|Ogerpon-Wellspring, F|
|poke|p1|Heatran, F|
|poke|p1|Kingambit, F|
|poke|p1|Zapdos|
|poke|p1|Hatterene, F|
|poke|p2|Iron Crown|
|poke|p2|Deoxys-Speed|
|poke|p2|Armarouge, M|
|poke|p2|Ogerpon, F|
|poke|p2|Samurott-Hisui, M|
|poke|p2|Iron Valiant|
|teampreview
|inactive|Battle timer is ON: inactive players will automatically lose when time's up. (requested by pusherGOD700)
|
|t:|1776272830
|teamsize|p1|6
|teamsize|p2|6
|start
|switch|p1a: Lousi qui crache|Heatran, F|100/100
|switch|p2a: pop pop pop pop|Deoxys-Speed, shiny|100/100
|-ability|p2a: pop pop pop pop|Pressure
|turn|1
|
|t:|1776272855
|move|p2a: pop pop pop pop|Psychic Terrain|p2a: pop pop pop pop
|-fieldstart|move: Psychic Terrain
|move|p1a: Lousi qui crache|Stealth Rock|p2a: pop pop pop pop
|-sidestart|p2: pusherGOD700|move: Stealth Rock
|
|upkeep
|turn|2
|
|t:|1776272860
|move|p2a: pop pop pop pop|Stealth Rock|p1a: Lousi qui crache
|-sidestart|p1: blaizboob|move: Stealth Rock
|move|p1a: Lousi qui crache|Dark Pulse|p2a: pop pop pop pop
|-supereffective|p2a: pop pop pop pop
|-damage|p2a: pop pop pop pop|18/100
|
|upkeep
|turn|3
|inactive|pusherGOD700 has 120 seconds left.
|
|t:|1776272887
|switch|p2a: DEEP WEB|Samurott-Hisui, M, shiny|100/100
|-damage|p2a: DEEP WEB|88/100|[from] Stealth Rock
|move|p1a: Lousi qui crache|Earth Power|p2a: DEEP WEB
|-damage|p2a: DEEP WEB|47/100
|
|upkeep
|turn|4
|inactive|pusherGOD700 has 120 seconds left.
|
|t:|1776272905
|switch|p1a: Yaeger/10|Hatterene, F|100/100
|-damage|p1a: Yaeger/10|88/100|[from] Stealth Rock
|move|p2a: DEEP WEB|Flip Turn|p1a: Yaeger/10
|-damage|p1a: Yaeger/10|55/100
|inactive|pusherGOD700 has 120 seconds left.
|
|t:|1776272916
|switch|p2a: NO LOVE|Iron Crown|100/100|[from] Flip Turn
|-damage|p2a: NO LOVE|94/100|[from] Stealth Rock
|-enditem|p2a: NO LOVE|Booster Energy
|-activate|p2a: NO LOVE|ability: Quark Drive|[fromitem]
|-start|p2a: NO LOVE|quarkdrivespa
|
|upkeep
|turn|5
|inactive|pusherGOD700 has 120 seconds left.
|
|t:|1776272927
|move|p2a: NO LOVE|Tachyon Cutter|p1a: Yaeger/10
|-supereffective|p1a: Yaeger/10
|-damage|p1a: Yaeger/10|1/100
|-supereffective|p1a: Yaeger/10
|-damage|p1a: Yaeger/10|0 fnt
|faint|p1a: Yaeger/10
|-hitcount|p1: Yaeger/10|2
|
|upkeep
|
|t:|1776272935
|switch|p1a: Lousi qui crache|Heatran, F|100/100
|-damage|p1a: Lousi qui crache|88/100|[from] Stealth Rock
|turn|6
|inactive|pusherGOD700 has 120 seconds left.
|
|t:|1776272969
|move|p2a: NO LOVE|Focus Blast|p1a: Lousi qui crache
|-supereffective|p1a: Lousi qui crache
|-damage|p1a: Lousi qui crache|8/100
|move|p1a: Lousi qui crache|Earth Power|p2a: NO LOVE
|-supereffective|p2a: NO LOVE
|-damage|p2a: NO LOVE|36/100
|
|-heal|p1a: Lousi qui crache|14/100|[from] item: Leftovers
|upkeep
|turn|7
|
|t:|1776272984
|switch|p1a: Anselmini|Zapdos|100/100
|move|p2a: NO LOVE|Expanding Force|p1a: Anselmini
|-damage|p1a: Anselmini|0 fnt
|faint|p1a: Anselmini
|
|upkeep
|
|t:|1776272993
|switch|p1a: fg au conseil|Kingambit, F|100/100
|-damage|p1a: fg au conseil|94/100|[from] Stealth Rock
|-activate|p1a: fg au conseil|ability: Supreme Overlord
|-start|p1a: fg au conseil|fallen2|[silent]
|turn|8
|
|t:|1776273008
|move|p2a: NO LOVE|Focus Blast|p1a: fg au conseil
|-supereffective|p1a: fg au conseil
|-damage|p1a: fg au conseil|0 fnt
|faint|p1a: fg au conseil
|-end|p1a: fg au conseil|fallen2|[silent]
|
|-fieldend|move: Psychic Terrain
|upkeep
|c|☆pusherGOD700|dayum
|
|t:|1776273015
|switch|p1a: Jesse|Dragapult, F|100/100
|turn|9
|
|t:|1776273025
|move|p1a: Jesse|Dragon Darts|p2a: NO LOVE
|-resisted|p2a: NO LOVE
|-damage|p2a: NO LOVE|22/100
|-anim|p1a: Jesse|Dragon Darts|p2a: NO LOVE
|-resisted|p2a: NO LOVE
|-damage|p2a: NO LOVE|8/100
|move|p2a: NO LOVE|Tachyon Cutter|p1a: Jesse
|-damage|p1a: Jesse|49/100
|-damage|p1a: Jesse|4/100
|-hitcount|p1a: Jesse|2
|
|upkeep
|turn|10
|c|☆blaizboob|I'm a bit dumb
|inactive|pusherGOD700 has 120 seconds left.
|c|☆pusherGOD700|nah
|c|☆pusherGOD700|with terrain that iron crown is really scary
|c|☆blaizboob|I see that
|c|☆pusherGOD700|and i had luck with the focus blast xd
|inactive|pusherGOD700 has 90 seconds left.
|
|t:|1776273062
|move|p1a: Jesse|Dragon Darts|p2a: NO LOVE
|-resisted|p2a: NO LOVE
|-damage|p2a: NO LOVE|0 fnt
|faint|p2a: NO LOVE
|-end|p2a: NO LOVE|Quark Drive|[silent]
|
|upkeep
|c|☆blaizboob|maybe a bit
|inactive|pusherGOD700 has 90 seconds left.
|
|t:|1776273086
|switch|p2a: DEEP WEB|Samurott-Hisui, M, shiny|47/100
|-damage|p2a: DEEP WEB|34/100|[from] Stealth Rock
|turn|11
|
|t:|1776273092
|switch|p1a: Yaeger|Ogerpon-Wellspring, F|100/100
|-damage|p1a: Yaeger|88/100|[from] Stealth Rock
|move|p2a: DEEP WEB|Sucker Punch||[still]
|-fail|p2a: DEEP WEB
|
|upkeep
|turn|12
|inactive|pusherGOD700 has 90 seconds left.
|
|t:|1776273110
|switch|p2a: Lil Boy|Ogerpon, F|100/100
|-damage|p2a: Lil Boy|88/100|[from] Stealth Rock
|move|p1a: Yaeger|Horn Leech|p2a: Lil Boy
|-resisted|p2a: Lil Boy
|-damage|p2a: Lil Boy|57/100
|-heal|p1a: Yaeger|100/100|[from] drain|[of] p2a: Lil Boy
|
|upkeep
|turn|13
|
|t:|1776273125
|move|p2a: Lil Boy|Ivy Cudgel|p1a: Yaeger
|-damage|p1a: Yaeger|7/100
|move|p1a: Yaeger|Play Rough|p2a: Lil Boy|[miss]
|-miss|p1a: Yaeger|p2a: Lil Boy
|
|upkeep
|turn|14
|inactive|pusherGOD700 has 90 seconds left.
|
|t:|1776273137
|move|p2a: Lil Boy|Ivy Cudgel|p1a: Yaeger
|-damage|p1a: Yaeger|0 fnt
|faint|p1a: Yaeger
|
|upkeep
|
|t:|1776273143
|switch|p1a: Jesse|Dragapult, F|4/100
|turn|15
|c|☆pusherGOD700|unlucky miss
|inactive|pusherGOD700 has 90 seconds left.
|c|☆blaizboob|That's how it goes
|
|t:|1776273159
|-terastallize|p2a: Lil Boy|Grass
|detailschange|p2a: Lil Boy|Ogerpon-Teal-Tera, F, tera:Grass
|-ability|p2a: Lil Boy|Embody Aspect (Teal)|boost
|-boost|p2a: Lil Boy|spe|1
|move|p2a: Lil Boy|Ivy Cudgel|p1a: Jesse
|-resisted|p1a: Jesse
|-damage|p1a: Jesse|0 fnt
|faint|p1a: Jesse
|
|upkeep
|
|t:|1776273167
|switch|p1a: Lousi qui crache|Heatran, F|14/100
|-damage|p1a: Lousi qui crache|2/100|[from] Stealth Rock
|turn|16
|c|☆blaizboob|gg
|c|☆pusherGOD700|gg
|
|t:|1776273174
|move|p2a: Lil Boy|Ivy Cudgel|p1a: Lousi qui crache
|-resisted|p1a: Lousi qui crache
|-damage|p1a: Lousi qui crache|0 fnt
|faint|p1a: Lousi qui crache
|
|win|pusherGOD700
|raw|blaizboob's rating: 1153 &rarr; <strong>1126</strong><br />(-27 for losing)
|raw|pusherGOD700's rating: 1122 &rarr; <strong>1149</strong><br />(+27 for winning)
