|html|<div class="broadcast-blue"><strong>[Gen 9] OU is currently suspecting Tera Blast! For information on how to participate check out the <a href="https://www.smogon.com/tools/suspects/view/200">suspect thread</a>.</strong></div>
|j|☆icylikedecember
|j|☆ceo o wo chien
|t:|1776057703
|gametype|singles
|player|p1|icylikedecember|skierf|1608
|player|p2|ceo o wo chien|fisherman-gen4|1687
|gen|9
|tier|[Gen 9] OU
|rated|
|rule|HP Percentage Mod: HP is shown in percentages
|rule|Endless Battle Clause: Forcing endless battles is banned
|rule|Species Clause: Limit one of each Pokémon
|rule|OHKO Clause: OHKO moves are banned
|rule|Evasion Items Clause: Evasion items are banned
|rule|Evasion Moves Clause: Evasion moves are banned
|rule|Evasion Abilities Clause: Evasion abilities are banned
|rule|Sleep Moves Clause: Sleep-inducing moves are banned
|clearpoke
|poke|p1|Landorus-Therian, M|
|poke|p1|Corviknight, F|
|poke|p1|Slowking-Galar, F|
|poke|p1|Crawdaunt, F|
|poke|p1|Darkrai|
|poke|p1|Gholdengo|
|poke|p2|Wo-Chien|
|poke|p2|Clefable, M|
|poke|p2|Gholdengo|
|poke|p2|Great Tusk|
|poke|p2|Dragonite, F|
|poke|p2|Garganacl, M|
|teampreview
|inactive|Battle timer is ON: inactive players will automatically lose when time's up. (requested by ceo o wo chien)
|j| ohko_smeargle
|
|t:|1776057713
|teamsize|p1|6
|teamsize|p2|6
|start
|switch|p1a: Crawdaunt|Crawdaunt, F|100/100
|switch|p2a: Great Tusk|Great Tusk|100/100
|turn|1
|
|t:|1776057718
|-end|p2a: Great Tusk|Protosynthesis|[silent]
|switch|p2a: Escargoat|Wo-Chien|100/100
|-ability|p2a: Escargoat|Tablets of Ruin
|switch|p1a: Landorus|Landorus-Therian, M|100/100
|-ability|p1a: Landorus|Intimidate|boost
|-unboost|p2a: Escargoat|atk|1
|
|upkeep
|turn|2
|
|t:|1776057725
|move|p1a: Landorus|U-turn|p2a: Escargoat
|-supereffective|p2a: Escargoat
|-damage|p2a: Escargoat|51/100
|
|t:|1776057728
|switch|p1a: Corviknight|Corviknight, F, shiny|100/100|[from] U-turn
|-ability|p1a: Corviknight|Pressure
|move|p2a: Escargoat|Stun Spore|p1a: Corviknight
|-status|p1a: Corviknight|par
|
|-heal|p2a: Escargoat|57/100|[from] item: Leftovers
|upkeep
|turn|3
|
|t:|1776057733
|move|p2a: Escargoat|Protect|p2a: Escargoat
|-singleturn|p2a: Escargoat|Protect
|move|p1a: Corviknight|U-turn|p2a: Escargoat
|-activate|p2a: Escargoat|move: Protect
|
|-heal|p2a: Escargoat|64/100|[from] item: Leftovers
|upkeep
|turn|4
|
|t:|1776057750
|switch|p2a: Garganacl|Garganacl, M|100/100
|move|p1a: Corviknight|U-turn|p2a: Garganacl
|-damage|p2a: Garganacl|90/100
|
|t:|1776057754
|switch|p1a: Crawdaunt|Crawdaunt, F|100/100|[from] U-turn
|
|-heal|p2a: Garganacl|96/100|[from] item: Leftovers
|upkeep
|turn|5
|
|t:|1776057758
|move|p2a: Garganacl|Protect|p2a: Garganacl
|-singleturn|p2a: Garganacl|Protect
|move|p1a: Crawdaunt|Knock Off|p2a: Garganacl
|-activate|p2a: Garganacl|move: Protect
|
|-heal|p2a: Garganacl|100/100|[from] item: Leftovers
|upkeep
|turn|6
|
|t:|1776057761
|move|p1a: Crawdaunt|Knock Off|p2a: Garganacl
|-damage|p2a: Garganacl|33/100
|-enditem|p2a: Garganacl|Leftovers|[from] move: Knock Off|[of] p1a: Crawdaunt
|move|p2a: Garganacl|Salt Cure|p1a: Crawdaunt
|-damage|p1a: Crawdaunt|81/100
|-start|p1a: Crawdaunt|Salt Cure
|
|-damage|p1a: Crawdaunt|57/100|[from] Salt Cure
|upkeep
|turn|7
|
|t:|1776057769
|move|p1a: Crawdaunt|Knock Off|p2a: Garganacl
|-damage|p2a: Garganacl|0 fnt
|faint|p2a: Garganacl
|
|-damage|p1a: Crawdaunt|32/100|[from] Salt Cure
|upkeep
|
|t:|1776057771
|switch|p2a: Clefable|Clefable, M|100/100
|turn|8
|
|t:|1776057776
|switch|p1a: Slowking|Slowking-Galar, F, shiny|100/100
|move|p2a: Clefable|Calm Mind|p2a: Clefable
|-boost|p2a: Clefable|spa|1
|-boost|p2a: Clefable|spd|1
|
|upkeep
|turn|9
|
|t:|1776057780
|move|p2a: Clefable|Calm Mind|p2a: Clefable
|-boost|p2a: Clefable|spa|1
|-boost|p2a: Clefable|spd|1
|move|p1a: Slowking|Sludge Bomb|p2a: Clefable
|-supereffective|p2a: Clefable
|-crit|p2a: Clefable
|-damage|p2a: Clefable|0 fnt
|faint|p2a: Clefable
|
|upkeep
|-message|ceo o wo chien forfeited.
|
|win|icylikedecember
|raw|icylikedecember's rating: 1608 &rarr; <strong>1632</strong><br />(+24 for winning)
|raw|ceo o wo chien's rating: 1687 &rarr; <strong>1663</strong><br />(-24 for losing)
|l|☆ceo o wo chien
|player|p2|
|l| ohko_smeargle
