|html|<div class="broadcast-blue"><strong>[Gen 9] OU is currently suspecting Tera Blast! For information on how to participate check out the <a href="https://www.smogon.com/tools/suspects/view/200">suspect thread</a>.</strong></div>
|j|☆Blastoise_Choice
|j|☆V0ldy
|t:|1776131329
|gametype|singles
|player|p1|Blastoise_Choice|101|1509
|player|p2|V0ldy|102|1703
|gen|9
|tier|[Gen 9] OU
|rated|
|rule|HP Percentage Mod: HP is shown in percentages
|rule|Endless Battle Clause: Forcing endless battles is banned
|rule|Species Clause: Limit one of each Pokémon
|rule|OHKO Clause: OHKO moves are banned
|rule|Evasion Items Clause: Evasion items are banned
|rule|Evasion Moves Clause: Evasion moves are banned
|rule|Evasion Abilities Clause: Evasion abilities are banned
|rule|Sleep Moves Clause: Sleep-inducing moves are banned
|clearpoke
|poke|p1|Hydrapple, M|
|poke|p1|Tyranitar, F|
|poke|p1|Moltres|
|poke|p1|Zamazenta-*|
|poke|p1|Slowking-Galar, M|
|poke|p1|Excadrill, F|
|poke|p2|Indeedee, M|
|poke|p2|Hawlucha, F|
|poke|p2|Gallade, M|
|poke|p2|Armarouge, M|
|poke|p2|Polteageist-Antique|
|poke|p2|Excadrill, F|
|teampreview
|
|t:|1776131337
|teamsize|p1|6
|teamsize|p2|6
|start
|switch|p1a: Tyranitar|Tyranitar, F|100/100
|switch|p2a: Excadrill|Excadrill, F|100/100
|-ability|p2a: Excadrill|Mold Breaker
|-weather|Sandstorm|[from] ability: Sand Stream|[of] p1a: Tyranitar
|turn|1
|c|☆Blastoise_Choice|hf
|inactive|Battle timer is ON: inactive players will automatically lose when time's up. (requested by Blastoise_Choice)
|
|t:|1776131343
|move|p2a: Excadrill|Earthquake|p1a: Tyranitar
|-supereffective|p1a: Tyranitar
|-damage|p1a: Tyranitar|13/100
|move|p1a: Tyranitar|Knock Off|p2a: Excadrill
|-damage|p2a: Excadrill|39/100
|-enditem|p2a: Excadrill|Focus Sash|[from] move: Knock Off|[of] p1a: Tyranitar
|
|-weather|Sandstorm|[upkeep]
|upkeep
|turn|2
|
|t:|1776131352
|switch|p1a: Excadrill|Excadrill, F|100/100
|-item|p1a: Excadrill|Air Balloon
|move|p2a: Excadrill|Stealth Rock|p1a: Excadrill
|-sidestart|p1: Blastoise_Choice|move: Stealth Rock
|
|-weather|Sandstorm|[upkeep]
|upkeep
|turn|3
|
|t:|1776131361
|switch|p2a: Polteageist|Polteageist-Antique|100/100
|move|p1a: Excadrill|Swords Dance|p1a: Excadrill
|-boost|p1a: Excadrill|atk|2
|
|-weather|Sandstorm|[upkeep]
|-damage|p2a: Polteageist|94/100|[from] Sandstorm
|upkeep
|turn|4
|
|t:|1776131370
|switch|p2a: Hawlucha|Hawlucha, F|100/100
|move|p1a: Excadrill|Iron Head|p2a: Hawlucha
|-damage|p2a: Hawlucha|0 fnt
|faint|p2a: Hawlucha
|
|-weather|Sandstorm|[upkeep]
|upkeep
|
|t:|1776131380
|switch|p2a: Armarouge|Armarouge, M|100/100
|turn|5
|
|t:|1776131386
|-terastallize|p2a: Armarouge|Grass
|move|p1a: Excadrill|Earthquake|p2a: Armarouge
|-resisted|p2a: Armarouge
|-damage|p2a: Armarouge|37/100
|-ability|p2a: Armarouge|Weak Armor|boost
|-unboost|p2a: Armarouge|def|1
|-boost|p2a: Armarouge|spe|2
|move|p2a: Armarouge|Armor Cannon|p1a: Excadrill
|-supereffective|p1a: Excadrill
|-damage|p1a: Excadrill|0 fnt
|-unboost|p2a: Armarouge|def|1
|-unboost|p2a: Armarouge|spd|1
|-enditem|p1a: Excadrill|Air Balloon
|faint|p1a: Excadrill
|
|-weather|Sandstorm|[upkeep]
|-damage|p2a: Armarouge|31/100|[from] Sandstorm
|upkeep
|
|t:|1776131394
|switch|p1a: Moltres|Moltres|100/100
|turn|6
|
|t:|1776131400
|move|p2a: Armarouge|Expanding Force|p1a: Moltres
|-damage|p1a: Moltres|58/100
|move|p1a: Moltres|U-turn|p2a: Armarouge
|-supereffective|p2a: Armarouge
|-damage|p2a: Armarouge|0 fnt
|faint|p2a: Armarouge
|
|t:|1776131407
|switch|p1a: Zamazenta|Zamazenta|100/100|[from] U-turn
|-damage|p1a: Zamazenta|94/100|[from] Stealth Rock
|-ability|p1a: Zamazenta|Dauntless Shield|boost
|-boost|p1a: Zamazenta|def|1
|
|-weather|Sandstorm|[upkeep]
|-damage|p1a: Zamazenta|88/100|[from] Sandstorm
|-heal|p1a: Zamazenta|94/100|[from] item: Leftovers
|upkeep
|
|t:|1776131412
|switch|p2a: Indeedee|Indeedee, M|100/100
|-fieldstart|move: Psychic Terrain|[from] ability: Psychic Surge|[of] p2a: Indeedee
|turn|7
|
|t:|1776131418
|-terastallize|p1a: Zamazenta|Fire
|move|p1a: Zamazenta|Crunch|p2a: Indeedee
|-supereffective|p2a: Indeedee
|-damage|p2a: Indeedee|11/100
|move|p2a: Indeedee|Encore|p1a: Zamazenta
|-start|p1a: Zamazenta|Encore
|
|-weather|Sandstorm|[upkeep]
|-damage|p1a: Zamazenta|88/100|[from] Sandstorm
|-damage|p2a: Indeedee|5/100|[from] Sandstorm
|-heal|p1a: Zamazenta|94/100|[from] item: Leftovers
|upkeep
|turn|8
|
|t:|1776131426
|switch|p1a: Tyranitar|Tyranitar, F|13/100
|-damage|p1a: Tyranitar|0 fnt|[from] Stealth Rock
|faint|p1a: Tyranitar
|move|p2a: Indeedee|Expanding Force|p1: Tyranitar|[notarget]
|-fail|p2a: Indeedee
|
|-weather|none
|upkeep
|
|t:|1776131432
|switch|p1a: Zamazenta|Zamazenta, tera:Fire|94/100
|-damage|p1a: Zamazenta|69/100|[from] Stealth Rock
|turn|9
|
|t:|1776131438
|move|p1a: Zamazenta|Crunch|p2a: Indeedee
|-supereffective|p2a: Indeedee
|-damage|p2a: Indeedee|0 fnt
|faint|p2a: Indeedee
|
|-heal|p1a: Zamazenta|76/100|[from] item: Leftovers
|upkeep
|
|t:|1776131441
|switch|p2a: Gallade|Gallade, M|100/100
|turn|10
|
|t:|1776131447
|move|p1a: Zamazenta|Iron Defense|p1a: Zamazenta
|-boost|p1a: Zamazenta|def|2
|move|p2a: Gallade|Agility|p2a: Gallade
|-boost|p2a: Gallade|spe|2
|
|-heal|p1a: Zamazenta|82/100|[from] item: Leftovers
|upkeep
|turn|11
|
|t:|1776131454
|move|p2a: Gallade|Psycho Cut|p1a: Zamazenta
|-crit|p1a: Zamazenta
|-damage|p1a: Zamazenta|3/100
|move|p1a: Zamazenta|Body Press|p2a: Gallade
|-resisted|p2a: Gallade
|-damage|p2a: Gallade|38/100
|
|-heal|p1a: Zamazenta|9/100|[from] item: Leftovers
|upkeep
|turn|12
|
|t:|1776131462
|move|p2a: Gallade|Psycho Cut|p1a: Zamazenta
|-crit|p1a: Zamazenta
|-damage|p1a: Zamazenta|0 fnt
|faint|p1a: Zamazenta
|
|upkeep
|
|t:|1776131468
|switch|p1a: Moltres|Moltres|58/100
|turn|13
|
|t:|1776131475
|move|p2a: Gallade|Psycho Cut|p1a: Moltres
|-crit|p1a: Moltres
|-damage|p1a: Moltres|0 fnt
|faint|p1a: Moltres
|
|upkeep
|
|t:|1776131481
|switch|p1a: Hydrapple|Hydrapple, M|100/100
|turn|14
|
|t:|1776131488
|switch|p1a: Slowking|Slowking-Galar, M|100/100
|-damage|p1a: Slowking|88/100|[from] Stealth Rock
|move|p2a: Gallade|Psycho Cut|p1a: Slowking
|-damage|p1a: Slowking|26/100
|
|-fieldend|move: Psychic Terrain
|upkeep
|turn|15
|
|t:|1776131494
|switch|p1a: Hydrapple|Hydrapple, M|100/100
|move|p2a: Gallade|Psycho Cut|p1a: Hydrapple
|-crit|p1a: Hydrapple
|-damage|p1a: Hydrapple|49/100
|
|upkeep
|turn|16
|
|t:|1776131500
|switch|p1a: Slowking|Slowking-Galar, M|59/100
|-damage|p1a: Slowking|47/100|[from] Stealth Rock
|move|p2a: Gallade|Psycho Cut|p1a: Slowking
|-crit|p1a: Slowking
|-damage|p1a: Slowking|0 fnt
|faint|p1a: Slowking
|
|upkeep
|
|t:|1776131506
|switch|p1a: Hydrapple|Hydrapple, M|83/100
|turn|17
|
|t:|1776131518
|move|p2a: Gallade|Psycho Cut|p1a: Hydrapple
|-damage|p1a: Hydrapple|50/100
|move|p1a: Hydrapple|Fickle Beam|p2a: Gallade
|-damage|p2a: Gallade|0 fnt
|faint|p2a: Gallade
|
|upkeep
|
|t:|1776131522
|switch|p2a: Excadrill|Excadrill, F|39/100
|-ability|p2a: Excadrill|Mold Breaker
|turn|18
|
|t:|1776131528
|move|p2a: Excadrill|Iron Head|p1a: Hydrapple
|-damage|p1a: Hydrapple|21/100
|move|p1a: Hydrapple|Fickle Beam|p2a: Excadrill
|-resisted|p2a: Excadrill
|-damage|p2a: Excadrill|15/100
|
|upkeep
|turn|19
|
|t:|1776131532
|move|p2a: Excadrill|Iron Head|p1a: Hydrapple
|-damage|p1a: Hydrapple|0 fnt
|faint|p1a: Hydrapple
|
|win|V0ldy
|raw|Blastoise_Choice's rating: 1509 &rarr; <strong>1499</strong><br />(-10 for losing)
|raw|V0ldy's rating: 1703 &rarr; <strong>1713</strong><br />(+10 for winning)
|c|☆Blastoise_Choice|gg
