|html|<div class="broadcast-blue"><strong>[Gen 9] OU is currently suspecting Tera Blast! For information on how to participate check out the <a href="https://www.smogon.com/tools/suspects/view/200">suspect thread</a>.</strong></div>
|j|‽Kingbegic
|j|☆dasdadawdasdad
|t:|1776049560
|gametype|singles
|player|p1|Kingbegic|170|1201
|player|p2|dasdadawdasdad|preschooler|1227
|gen|9
|tier|[Gen 9] OU
|rated|
|rule|HP Percentage Mod: HP is shown in percentages
|rule|Endless Battle Clause: Forcing endless battles is banned
|rule|Species Clause: Limit one of each Pokémon
|rule|OHKO Clause: OHKO moves are banned
|rule|Evasion Items Clause: Evasion items are banned
|rule|Evasion Moves Clause: Evasion moves are banned
|rule|Evasion Abilities Clause: Evasion abilities are banned
|rule|Sleep Moves Clause: Sleep-inducing moves are banned
|clearpoke
|poke|p1|Ting-Lu|
|poke|p1|Gholdengo|
|poke|p1|Kingambit, F|
|poke|p1|Great Tusk|
|poke|p1|Ogerpon-Wellspring, F|
|poke|p1|Dragonite, M|
|poke|p2|Dondozo, M|
|poke|p2|Alomomola, M|
|poke|p2|Gliscor, M|
|poke|p2|Corviknight, F|
|poke|p2|Garganacl, F|
|poke|p2|Clodsire, F|
|teampreview
|j| ohko_smeargle
|
|t:|1776049565
|teamsize|p1|6
|teamsize|p2|6
|start
|switch|p1a: Ting-Lu|Ting-Lu|100/100
|switch|p2a: Garganacl|Garganacl, F|100/100
|-ability|p1a: Ting-Lu|Vessel of Ruin
|turn|1
|
|t:|1776049571
|move|p2a: Garganacl|Stealth Rock|p1a: Ting-Lu
|-sidestart|p1: Kingbegic|move: Stealth Rock
|move|p1a: Ting-Lu|Whirlwind|p2a: Garganacl
|drag|p2a: Clodsire|Clodsire, F|100/100
|
|upkeep
|turn|2
|
|t:|1776049576
|move|p1a: Ting-Lu|Stealth Rock|p2a: Clodsire
|-sidestart|p2: dasdadawdasdad|move: Stealth Rock
|move|p2a: Clodsire|Toxic|p1a: Ting-Lu
|-status|p1a: Ting-Lu|tox
|
|-damage|p1a: Ting-Lu|94/100 tox|[from] psn
|upkeep
|turn|3
|
|t:|1776049585
|move|p2a: Clodsire|Protect|p2a: Clodsire
|-singleturn|p2a: Clodsire|Protect
|move|p1a: Ting-Lu|Spikes|p2a: Clodsire
|-sidestart|p2: dasdadawdasdad|Spikes
|
|-damage|p1a: Ting-Lu|82/100 tox|[from] psn
|upkeep
|turn|4
|
|t:|1776049593
|move|p1a: Ting-Lu|Spikes|p2a: Clodsire
|-sidestart|p2: dasdadawdasdad|Spikes
|move|p2a: Clodsire|Body Press|p1a: Ting-Lu
|-supereffective|p1a: Ting-Lu
|-damage|p1a: Ting-Lu|71/100 tox
|-enditem|p1a: Ting-Lu|Red Card|[of] p2a: Clodsire
|drag|p2a: Dondozo|Dondozo, M|100/100
|-damage|p2a: Dondozo|88/100|[from] Stealth Rock
|-damage|p2a: Dondozo|71/100|[from] Spikes
|
|-heal|p2a: Dondozo|77/100|[from] item: Leftovers
|-damage|p1a: Ting-Lu|52/100 tox|[from] psn
|upkeep
|turn|5
|inactive|Battle timer is ON: inactive players will automatically lose when time's up. (requested by Kingbegic)
|
|t:|1776049604
|move|p2a: Dondozo|Dive||[still]
|-prepare|p2a: Dondozo|Dive
|move|p1a: Ting-Lu|Whirlwind|p2a: Dondozo|[miss]
|-miss|p1a: Ting-Lu|p2a: Dondozo
|
|-heal|p2a: Dondozo|84/100|[from] item: Leftovers
|-damage|p1a: Ting-Lu|27/100 tox|[from] psn
|upkeep
|turn|6
|
|t:|1776049611
|switch|p1a: Ogerpon|Ogerpon-Wellspring, F|100/100
|-damage|p1a: Ogerpon|88/100|[from] Stealth Rock
|move|p2a: Dondozo|Dive|p1a: Ogerpon|[from] lockedmove
|-heal|p1a: Ogerpon|100/100|[from] ability: Water Absorb|[of] p2a: Dondozo
|
|-heal|p2a: Dondozo|90/100|[from] item: Leftovers
|upkeep
|turn|7
|
|t:|1776049623
|switch|p2a: Garganacl|Garganacl, F|100/100
|-damage|p2a: Garganacl|88/100|[from] Stealth Rock
|-damage|p2a: Garganacl|71/100|[from] Spikes
|move|p1a: Ogerpon|Power Whip|p2a: Garganacl|[miss]
|-miss|p1a: Ogerpon|p2a: Garganacl
|
|upkeep
|turn|8
|
|t:|1776049633
|-terastallize|p2a: Garganacl|Flying
|move|p1a: Ogerpon|Ivy Cudgel|p2a: Garganacl|[anim] Ivy Cudgel Water
|-damage|p2a: Garganacl|37/100
|move|p2a: Garganacl|Salt Cure|p1a: Ogerpon
|-damage|p1a: Ogerpon|84/100
|-start|p1a: Ogerpon|Salt Cure
|
|-damage|p1a: Ogerpon|59/100|[from] Salt Cure
|upkeep
|turn|9
|
|t:|1776049642
|switch|p1a: Ting-Lu|Ting-Lu|27/100 tox
|-damage|p1a: Ting-Lu|21/100 tox|[from] Stealth Rock
|-ability|p1a: Ting-Lu|Vessel of Ruin
|move|p2a: Garganacl|Recover|p2a: Garganacl
|-heal|p2a: Garganacl|87/100
|
|-damage|p1a: Ting-Lu|15/100 tox|[from] psn
|upkeep
|turn|10
|
|t:|1776049652
|move|p2a: Garganacl|Salt Cure|p1a: Ting-Lu
|-resisted|p1a: Ting-Lu
|-crit|p1a: Ting-Lu
|-damage|p1a: Ting-Lu|10/100 tox
|-start|p1a: Ting-Lu|Salt Cure
|move|p1a: Ting-Lu|Ruination|p2a: Garganacl|[miss]
|-miss|p1a: Ting-Lu|p2a: Garganacl
|
|-damage|p1a: Ting-Lu|0 fnt|[from] psn
|faint|p1a: Ting-Lu
|upkeep
|
|t:|1776049660
|switch|p1a: Great Tusk|Great Tusk|100/100
|-damage|p1a: Great Tusk|97/100|[from] Stealth Rock
|-enditem|p1a: Great Tusk|Booster Energy
|-activate|p1a: Great Tusk|ability: Protosynthesis|[fromitem]
|-start|p1a: Great Tusk|protosynthesisspe
|turn|11
|
|t:|1776049666
|move|p1a: Great Tusk|Rapid Spin|p2a: Garganacl
|-damage|p2a: Garganacl|80/100
|-boost|p1a: Great Tusk|spe|1
|-sideend|p1: Kingbegic|Stealth Rock|[from] move: Rapid Spin|[of] p1a: Great Tusk
|move|p2a: Garganacl|Salt Cure|p1a: Great Tusk
|-resisted|p1a: Great Tusk
|-damage|p1a: Great Tusk|95/100
|-start|p1a: Great Tusk|Salt Cure
|
|-damage|p1a: Great Tusk|83/100|[from] Salt Cure
|upkeep
|turn|12
|
|t:|1776049676
|move|p1a: Great Tusk|Bulk Up|p1a: Great Tusk
|-boost|p1a: Great Tusk|atk|1
|-boost|p1a: Great Tusk|def|1
|move|p2a: Garganacl|Recover|p2a: Garganacl
|-heal|p2a: Garganacl|100/100
|
|-damage|p1a: Great Tusk|70/100|[from] Salt Cure
|upkeep
|turn|13
|
|t:|1776049684
|move|p2a: Garganacl|Protect|p2a: Garganacl
|-singleturn|p2a: Garganacl|Protect
|move|p1a: Great Tusk|Bulk Up|p1a: Great Tusk
|-boost|p1a: Great Tusk|atk|1
|-boost|p1a: Great Tusk|def|1
|
|-damage|p1a: Great Tusk|58/100|[from] Salt Cure
|upkeep
|turn|14
|
|t:|1776049694
|move|p1a: Great Tusk|Ice Spinner|p2a: Garganacl
|-supereffective|p2a: Garganacl
|-damage|p2a: Garganacl|53/100
|move|p2a: Garganacl|Stealth Rock|p1a: Great Tusk
|-sidestart|p1: Kingbegic|move: Stealth Rock
|
|-damage|p1a: Great Tusk|46/100|[from] Salt Cure
|upkeep
|turn|15
|
|t:|1776049704
|-end|p1a: Great Tusk|Protosynthesis|[silent]
|switch|p1a: Ogerpon|Ogerpon-Wellspring, F|59/100
|-damage|p1a: Ogerpon|46/100|[from] Stealth Rock
|move|p2a: Garganacl|Recover|p2a: Garganacl
|-heal|p2a: Garganacl|100/100
|
|upkeep
|turn|16
|
|t:|1776049711
|move|p1a: Ogerpon|Ivy Cudgel|p2a: Garganacl|[anim] Ivy Cudgel Water
|-damage|p2a: Garganacl|67/100
|move|p2a: Garganacl|Salt Cure|p1a: Ogerpon
|-damage|p1a: Ogerpon|29/100
|-start|p1a: Ogerpon|Salt Cure
|
|-damage|p1a: Ogerpon|4/100|[from] Salt Cure
|upkeep
|turn|17
|
|t:|1776049719
|switch|p1a: Great Tusk|Great Tusk|46/100
|-damage|p1a: Great Tusk|43/100|[from] Stealth Rock
|move|p2a: Garganacl|Recover|p2a: Garganacl
|-heal|p2a: Garganacl|100/100
|
|upkeep
|turn|18
|
|t:|1776049725
|move|p1a: Great Tusk|Rapid Spin|p2a: Garganacl
|-damage|p2a: Garganacl|93/100
|-boost|p1a: Great Tusk|spe|1
|-sideend|p1: Kingbegic|Stealth Rock|[from] move: Rapid Spin|[of] p1a: Great Tusk
|move|p2a: Garganacl|Salt Cure|p1a: Great Tusk
|-resisted|p1a: Great Tusk
|-damage|p1a: Great Tusk|40/100
|-start|p1a: Great Tusk|Salt Cure
|
|-damage|p1a: Great Tusk|28/100|[from] Salt Cure
|upkeep
|turn|19
|
|t:|1776049734
|-end|p1a: Great Tusk|Protosynthesis|[silent]
|switch|p1a: Ogerpon|Ogerpon-Wellspring, F|4/100
|move|p2a: Garganacl|Stealth Rock|p1a: Ogerpon
|-sidestart|p1: Kingbegic|move: Stealth Rock
|
|upkeep
|turn|20
|
|t:|1776049739
|move|p1a: Ogerpon|Ivy Cudgel|p2a: Garganacl|[anim] Ivy Cudgel Water
|-damage|p2a: Garganacl|58/100
|move|p2a: Garganacl|Salt Cure|p1a: Ogerpon
|-damage|p1a: Ogerpon|0 fnt
|faint|p1a: Ogerpon
|
|upkeep
|
|t:|1776049748
|switch|p1a: Gholdengo|Gholdengo|100/100
|-damage|p1a: Gholdengo|94/100|[from] Stealth Rock
|-item|p1a: Gholdengo|Air Balloon
|turn|21
|
|t:|1776049755
|move|p1a: Gholdengo|Make It Rain|p2a: Garganacl
|-damage|p2a: Garganacl|7/100
|-unboost|p1a: Gholdengo|spa|1
|-enditem|p2a: Garganacl|Iapapa Berry|[eat]
|-heal|p2a: Garganacl|41/100|[from] item: Iapapa Berry
|move|p2a: Garganacl|Recover|p2a: Garganacl
|-heal|p2a: Garganacl|91/100
|
|upkeep
|turn|22
|
|t:|1776049764
|switch|p1a: Great Tusk|Great Tusk|28/100
|-damage|p1a: Great Tusk|25/100|[from] Stealth Rock
|move|p2a: Garganacl|Salt Cure|p1a: Great Tusk
|-resisted|p1a: Great Tusk
|-damage|p1a: Great Tusk|23/100
|-start|p1a: Great Tusk|Salt Cure
|
|-damage|p1a: Great Tusk|10/100|[from] Salt Cure
|upkeep
|turn|23
|-message|Kingbegic forfeited.
|
|win|dasdadawdasdad
|raw|Kingbegic's rating: 1201 &rarr; <strong>1178</strong><br />(-23 for losing)
|raw|dasdadawdasdad's rating: 1227 &rarr; <strong>1250</strong><br />(+23 for winning)
|l|‽Kingbegic
|player|p1|
|l| ohko_smeargle
