|html|<div class="broadcast-blue"><strong>[Gen 9] OU is currently suspecting Volcarona! For information on how to participate check out the <a href="https://www.smogon.com/tools/suspects/view/208">suspect thread</a>.</strong></div>
|j|☆KenjiShiguma
|j|☆roanoke chud
|t:|1778498645
|gametype|singles
|player|p1|KenjiShiguma|pokemonbreeder-gen4|1272
|player|p2|roanoke chud|shauntal|1358
|gen|9
|tier|[Gen 9] OU
|rated|
|rule|HP Percentage Mod: HP is shown in percentages
|rule|Endless Battle Clause: Forcing endless battles is banned
|rule|Species Clause: Limit one of each Pokémon
|rule|OHKO Clause: OHKO moves are banned
|rule|Evasion Items Clause: Evasion items are banned
|rule|Evasion Moves Clause: Evasion moves are banned
|rule|Evasion Abilities Clause: Evasion abilities are banned
|rule|Sleep Moves Clause: Sleep-inducing moves are banned
|clearpoke
|poke|p1|Exeggutor, M|
|poke|p1|Torkoal, M|
|poke|p1|Farigiraf, F|
|poke|p1|Primeape, M|
|poke|p1|Furret, F|
|poke|p1|Skuntank, M|
|poke|p2|Zamazenta-*|
|poke|p2|Iron Hands|
|poke|p2|Ceruledge, F|
|poke|p2|Iron Valiant|
|poke|p2|Deoxys-Speed|
|poke|p2|Glimmora, F|
|teampreview
|
|t:|1778498662
|teamsize|p1|6
|teamsize|p2|6
|start
|switch|p1a: Primeape|Primeape, M|100/100
|switch|p2a: Glimmora|Glimmora, F|100/100
|turn|1
|
|t:|1778498670
|move|p1a: Primeape|Drain Punch|p2a: Glimmora
|-damage|p2a: Glimmora|74/100
|-activate|p2a: Glimmora|ability: Toxic Debris
|-sidestart|p1: KenjiShiguma|move: Toxic Spikes
|-enditem|p2a: Glimmora|Red Card|[of] p1a: Primeape
|drag|p1a: Exeggutor|Exeggutor, M|100/100
|-status|p1a: Exeggutor|psn
|move|p2a: Glimmora|Spikes|p1a: Exeggutor
|-sidestart|p1: KenjiShiguma|Spikes
|
|-damage|p1a: Exeggutor|88/100 psn|[from] psn
|upkeep
|turn|2
|
|t:|1778498685
|move|p2a: Glimmora|Stealth Rock|p1a: Exeggutor
|-sidestart|p1: KenjiShiguma|move: Stealth Rock
|move|p1a: Exeggutor|Growth|p1a: Exeggutor
|-boost|p1a: Exeggutor|atk|1
|-boost|p1a: Exeggutor|spa|1
|
|-damage|p1a: Exeggutor|76/100 psn|[from] psn
|upkeep
|turn|3
|
|t:|1778498693
|move|p2a: Glimmora|Spikes|p1a: Exeggutor
|-sidestart|p1: KenjiShiguma|Spikes
|move|p1a: Exeggutor|Trick Room|p1a: Exeggutor
|-fieldstart|move: Trick Room|[of] p1a: Exeggutor
|
|-damage|p1a: Exeggutor|63/100 psn|[from] psn
|upkeep
|turn|4
|
|t:|1778498699
|move|p1a: Exeggutor|Growth|p1a: Exeggutor
|-boost|p1a: Exeggutor|atk|1
|-boost|p1a: Exeggutor|spa|1
|move|p2a: Glimmora|Spikes|p1a: Exeggutor
|-sidestart|p1: KenjiShiguma|Spikes
|
|-damage|p1a: Exeggutor|51/100 psn|[from] psn
|upkeep
|turn|5
|
|t:|1778498709
|move|p1a: Exeggutor|Growth|p1a: Exeggutor
|-boost|p1a: Exeggutor|atk|1
|-boost|p1a: Exeggutor|spa|1
|move|p2a: Glimmora|Spikes||[still]
|-fail|p2a: Glimmora
|
|-damage|p1a: Exeggutor|38/100 psn|[from] psn
|upkeep
|-enditem|p1a: Exeggutor|Sitrus Berry|[eat]
|-heal|p1a: Exeggutor|63/100 psn|[from] item: Sitrus Berry
|turn|6
|
|t:|1778498719
|move|p1a: Exeggutor|Growth|p1a: Exeggutor
|-boost|p1a: Exeggutor|atk|1
|-boost|p1a: Exeggutor|spa|1
|move|p2a: Glimmora|Earth Power|p1a: Exeggutor
|-resisted|p1a: Exeggutor
|-damage|p1a: Exeggutor|50/100 psn
|
|-damage|p1a: Exeggutor|38/100 psn|[from] psn
|upkeep
|turn|7
|
|t:|1778498730
|move|p1a: Exeggutor|Growth|p1a: Exeggutor
|-boost|p1a: Exeggutor|atk|1
|-boost|p1a: Exeggutor|spa|1
|move|p2a: Glimmora|Earth Power|p1a: Exeggutor
|-resisted|p1a: Exeggutor
|-damage|p1a: Exeggutor|23/100 psn
|
|-damage|p1a: Exeggutor|11/100 psn|[from] psn
|-fieldend|move: Trick Room
|upkeep
|turn|8
|
|t:|1778498740
|move|p2a: Glimmora|Mortal Spin|p1a: Exeggutor
|-supereffective|p1a: Exeggutor
|-damage|p1a: Exeggutor|0 fnt
|faint|p1a: Exeggutor
|
|upkeep
|c|☆roanoke chud|what
|inactive|Battle timer is ON: inactive players will automatically lose when time's up. (requested by roanoke chud)
|c|☆KenjiShiguma|Didn't get harvest roll
|c|☆KenjiShiguma|It's whatever
|
|t:|1778498764
|switch|p1a: Furret|Furret, F|100/100
|-status|p1a: Furret|psn
|-damage|p1a: Furret|76/100 psn|[from] Spikes
|-damage|p1a: Furret|63/100 psn|[from] Stealth Rock
|turn|9
|
|t:|1778498770
|move|p1a: Furret|Trick|p2a: Glimmora
|-activate|p1a: Furret|move: Trick|[of] p2a: Glimmora
|-item|p2a: Glimmora|Choice Scarf|[from] move: Trick
|-enditem|p1a: Furret|Choice Scarf|[silent]|[from] move: Trick
|move|p2a: Glimmora|Earth Power|p1a: Furret
|-damage|p1a: Furret|27/100 psn
|
|-damage|p1a: Furret|14/100 psn|[from] psn
|upkeep
|turn|10
|
|t:|1778498779
|move|p2a: Glimmora|Earth Power|p1a: Furret
|-damage|p1a: Furret|0 fnt
|faint|p1a: Furret
|
|upkeep
|
|t:|1778498787
|switch|p1a: Skuntank|Skuntank, M|100/100
|-sideend|p1: KenjiShiguma|move: Toxic Spikes|[of] p1a: Skuntank
|-damage|p1a: Skuntank|76/100|[from] Spikes
|-damage|p1a: Skuntank|63/100|[from] Stealth Rock
|turn|11
|
|t:|1778498802
|move|p2a: Glimmora|Earth Power|p1a: Skuntank
|-supereffective|p1a: Skuntank
|-damage|p1a: Skuntank|0 fnt
|faint|p1a: Skuntank
|
|upkeep
|
|t:|1778498816
|switch|p1a: Farigiraf|Farigiraf, F|100/100
|-damage|p1a: Farigiraf|75/100|[from] Spikes
|-damage|p1a: Farigiraf|63/100|[from] Stealth Rock
|turn|12
|c|☆KenjiShiguma|So normally i lead farig into glimm
|c|☆KenjiShiguma|Wanted to try something diff
|inactive|KenjiShiguma has 120 seconds left.
|
|t:|1778498842
|move|p2a: Glimmora|Earth Power|p1a: Farigiraf
|-damage|p1a: Farigiraf|44/100
|move|p1a: Farigiraf|Psychic Noise|p2a: Glimmora
|-supereffective|p2a: Glimmora
|-damage|p2a: Glimmora|17/100
|-start|p2a: Glimmora|move: Heal Block
|
|upkeep
|turn|13
|inactive|KenjiShiguma has 120 seconds left.
|
|t:|1778498854
|move|p2a: Glimmora|Earth Power|p1a: Farigiraf
|-damage|p1a: Farigiraf|27/100
|move|p1a: Farigiraf|Wish|p1a: Farigiraf
|
|-end|p2a: Glimmora|move: Heal Block
|upkeep
|turn|14
|
|t:|1778498861
|switch|p2a: Deoxys|Deoxys-Speed|100/100
|-ability|p2a: Deoxys|Pressure
|move|p1a: Farigiraf|Trick Room|p1a: Farigiraf
|-fieldstart|move: Trick Room|[of] p1a: Farigiraf
|
|-heal|p1a: Farigiraf|77/100|[from] move: Wish|[wisher] Farigiraf
|upkeep
|turn|15
|
|t:|1778498870
|move|p1a: Farigiraf|Psychic Noise|p2a: Deoxys
|-resisted|p2a: Deoxys
|-damage|p2a: Deoxys|83/100
|-start|p2a: Deoxys|move: Heal Block
|move|p2a: Deoxys|Light Screen|p2a: Deoxys
|-sidestart|p2: roanoke chud|move: Light Screen
|
|upkeep
|turn|16
|-message|KenjiShiguma forfeited.
|
|win|roanoke chud
|raw|KenjiShiguma's rating: 1272 &rarr; <strong>1253</strong><br />(-19 for losing)
|raw|roanoke chud's rating: 1358 &rarr; <strong>1373</strong><br />(+15 for winning)
|l|☆KenjiShiguma
|player|p1|
|l|☆roanoke chud
|player|p2|
