|html|<div class="broadcast-blue"><strong>[Gen 9] OU is currently suspecting Tera Blast! For information on how to participate check out the <a href="https://www.smogon.com/tools/suspects/view/200">suspect thread</a>.</strong></div>
|j|☆kaahasahat
|j|☆NebulaTrainer
|t:|1776033707
|gametype|singles
|player|p1|kaahasahat|170|1717
|player|p2|NebulaTrainer|cynthia-gen4|1684
|gen|9
|tier|[Gen 9] OU
|rated|
|rule|HP Percentage Mod: HP is shown in percentages
|rule|Endless Battle Clause: Forcing endless battles is banned
|rule|Species Clause: Limit one of each Pokémon
|rule|OHKO Clause: OHKO moves are banned
|rule|Evasion Items Clause: Evasion items are banned
|rule|Evasion Moves Clause: Evasion moves are banned
|rule|Evasion Abilities Clause: Evasion abilities are banned
|rule|Sleep Moves Clause: Sleep-inducing moves are banned
|clearpoke
|poke|p1|Dragapult, F|
|poke|p1|Iron Moth|
|poke|p1|Serperior, F|
|poke|p1|Iron Treads|
|poke|p1|Dragonite, F|
|poke|p1|Greninja-*, M|
|poke|p2|Tornadus-Therian, M|
|poke|p2|Heatran, M|
|poke|p2|Hippowdon, M|
|poke|p2|Keldeo-Resolute|
|poke|p2|Excadrill, M|
|poke|p2|Hydrapple, F|
|teampreview
|inactive|Battle timer is ON: inactive players will automatically lose when time's up. (requested by kaahasahat)
|
|t:|1776033741
|teamsize|p1|6
|teamsize|p2|6
|start
|switch|p1a: Iron Treads|Iron Treads|100/100
|switch|p2a: Hydrapple|Hydrapple, F, shiny|100/100
|-enditem|p1a: Iron Treads|Booster Energy
|-activate|p1a: Iron Treads|ability: Quark Drive|[fromitem]
|-start|p1a: Iron Treads|quarkdrivespe
|turn|1
|
|t:|1776033749
|move|p1a: Iron Treads|Stealth Rock|p2a: Hydrapple
|-sidestart|p2: NebulaTrainer|move: Stealth Rock
|move|p2a: Hydrapple|Earth Power|p1a: Iron Treads
|-supereffective|p1a: Iron Treads
|-damage|p1a: Iron Treads|1/100
|-unboost|p1a: Iron Treads|spd|1
|
|upkeep
|turn|2
|
|t:|1776033758
|switch|p2a: Hippowdon|Hippowdon, M, shiny|100/100
|-damage|p2a: Hippowdon|94/100|[from] Stealth Rock
|-weather|Sandstorm|[from] ability: Sand Stream|[of] p2a: Hippowdon
|move|p1a: Iron Treads|Ice Spinner|p2a: Hippowdon
|-supereffective|p2a: Hippowdon
|-damage|p2a: Hippowdon|67/100
|
|-weather|Sandstorm|[upkeep]
|upkeep
|turn|3
|
|t:|1776033781
|move|p1a: Iron Treads|Ice Spinner|p2a: Hippowdon
|-supereffective|p2a: Hippowdon
|-damage|p2a: Hippowdon|42/100
|move|p2a: Hippowdon|Earthquake|p1a: Iron Treads
|-supereffective|p1a: Iron Treads
|-damage|p1a: Iron Treads|0 fnt
|faint|p1a: Iron Treads
|-end|p1a: Iron Treads|Quark Drive|[silent]
|
|-weather|Sandstorm|[upkeep]
|upkeep
|
|t:|1776033784
|switch|p1a: Serperior|Serperior, F|100/100
|turn|4
|
|t:|1776033796
|switch|p1a: Iron Moth|Iron Moth|100/100
|-enditem|p1a: Iron Moth|Booster Energy
|-activate|p1a: Iron Moth|ability: Quark Drive|[fromitem]
|-start|p1a: Iron Moth|quarkdrivespe
|switch|p2a: Hydrapple|Hydrapple, F, shiny|100/100
|
|-weather|Sandstorm|[upkeep]
|-damage|p1a: Iron Moth|94/100|[from] Sandstorm
|-damage|p2a: Hydrapple|94/100|[from] Sandstorm
|upkeep
|turn|5
|
|t:|1776033809
|-end|p1a: Iron Moth|Quark Drive|[silent]
|switch|p1a: Greninja|Greninja, M|100/100
|switch|p2a: Heatran|Heatran, M, shiny|100/100
|-damage|p2a: Heatran|88/100|[from] Stealth Rock
|
|-weather|Sandstorm|[upkeep]
|-damage|p1a: Greninja|95/100|[from] Sandstorm
|-heal|p2a: Heatran|94/100|[from] item: Leftovers
|upkeep
|turn|6
|
|t:|1776033823
|switch|p2a: Keldeo|Keldeo-Resolute, shiny|100/100
|-damage|p2a: Keldeo|94/100|[from] Stealth Rock
|move|p1a: Greninja|Surf|p2a: Keldeo
|-resisted|p2a: Keldeo
|-damage|p2a: Keldeo|63/100
|-damage|p1a: Greninja|85/100|[from] item: Life Orb
|
|-weather|Sandstorm|[upkeep]
|-damage|p1a: Greninja|79/100|[from] Sandstorm
|-damage|p2a: Keldeo|57/100|[from] Sandstorm
|upkeep
|turn|7
|
|t:|1776033837
|switch|p1a: Dragapult|Dragapult, F|100/100
|move|p2a: Keldeo|Secret Sword|p1a: Dragapult
|-immune|p1a: Dragapult
|
|-weather|Sandstorm|[upkeep]
|-damage|p1a: Dragapult|95/100|[from] Sandstorm
|-damage|p2a: Keldeo|51/100|[from] Sandstorm
|upkeep
|turn|8
|
|t:|1776033846
|switch|p2a: Heatran|Heatran, M, shiny|94/100
|-damage|p2a: Heatran|82/100|[from] Stealth Rock
|move|p1a: Dragapult|Dragon Darts|p2a: Heatran
|-resisted|p2a: Heatran
|-damage|p2a: Heatran|73/100
|-anim|p1a: Dragapult|Dragon Darts|p2a: Heatran
|-resisted|p2a: Heatran
|-damage|p2a: Heatran|63/100
|
|-weather|Sandstorm|[upkeep]
|-damage|p1a: Dragapult|89/100|[from] Sandstorm
|-heal|p2a: Heatran|69/100|[from] item: Leftovers
|upkeep
|turn|9
|
|t:|1776033860
|move|p1a: Dragapult|Hydro Pump|p2a: Heatran
|-supereffective|p2a: Heatran
|-damage|p2a: Heatran|35/100
|move|p2a: Heatran|Magma Storm|p1a: Dragapult|[miss]
|-miss|p2a: Heatran|p1a: Dragapult
|
|-weather|none
|-heal|p2a: Heatran|41/100|[from] item: Leftovers
|upkeep
|turn|10
|
|t:|1776033876
|move|p1a: Dragapult|Dragon Darts|p2a: Heatran
|-resisted|p2a: Heatran
|-damage|p2a: Heatran|33/100
|-anim|p1a: Dragapult|Dragon Darts|p2a: Heatran
|-resisted|p2a: Heatran
|-damage|p2a: Heatran|24/100
|move|p2a: Heatran|Magma Storm|p1a: Dragapult|[miss]
|-miss|p2a: Heatran|p1a: Dragapult
|
|-heal|p2a: Heatran|30/100|[from] item: Leftovers
|upkeep
|turn|11
|
|t:|1776033886
|move|p2a: Heatran|Protect|p2a: Heatran
|-singleturn|p2a: Heatran|Protect
|move|p1a: Dragapult|Hydro Pump|p2a: Heatran
|-activate|p2a: Heatran|move: Protect
|
|-heal|p2a: Heatran|37/100|[from] item: Leftovers
|upkeep
|turn|12
|
|t:|1776033894
|move|p1a: Dragapult|Hydro Pump|p2a: Heatran|[miss]
|-miss|p1a: Dragapult|p2a: Heatran
|move|p2a: Heatran|Magma Storm|p1a: Dragapult
|-resisted|p1a: Dragapult
|-damage|p1a: Dragapult|57/100
|-activate|p1a: Dragapult|move: Magma Storm|[of] p2a: Heatran
|
|-heal|p2a: Heatran|43/100|[from] item: Leftovers
|-damage|p1a: Dragapult|45/100|[from] move: Magma Storm|[partiallytrapped]
|upkeep
|turn|13
|
|t:|1776033904
|switch|p1a: Greninja|Greninja, M|79/100
|move|p2a: Heatran|Earth Power|p1a: Greninja
|-damage|p1a: Greninja|38/100
|
|-heal|p2a: Heatran|49/100|[from] item: Leftovers
|upkeep
|turn|14
|
|t:|1776033928
|move|p2a: Heatran|Protect|p2a: Heatran
|-singleturn|p2a: Heatran|Protect
|move|p1a: Greninja|Surf|p2a: Heatran
|-activate|p2a: Heatran|move: Protect
|
|-heal|p2a: Heatran|55/100|[from] item: Leftovers
|upkeep
|turn|15
|inactive|NebulaTrainer has 120 seconds left.
|
|t:|1776033949
|switch|p2a: Hippowdon|Hippowdon, M, shiny|42/100
|-damage|p2a: Hippowdon|36/100|[from] Stealth Rock
|-weather|Sandstorm|[from] ability: Sand Stream|[of] p2a: Hippowdon
|move|p1a: Greninja|Surf|p2a: Hippowdon
|-supereffective|p2a: Hippowdon
|-damage|p2a: Hippowdon|0 fnt
|faint|p2a: Hippowdon
|-ability|p1a: Greninja|Battle Bond|boost
|-boost|p1a: Greninja|atk|1
|-boost|p1a: Greninja|spa|1
|-boost|p1a: Greninja|spe|1
|-activate|p1a: Greninja|ability: Battle Bond
|-damage|p1a: Greninja|28/100|[from] item: Life Orb
|
|-weather|Sandstorm|[upkeep]
|-damage|p1a: Greninja|22/100|[from] Sandstorm
|upkeep
|inactive|NebulaTrainer has 120 seconds left.
|
|t:|1776033965
|switch|p2a: Excadrill|Excadrill, M, shiny|100/100
|-damage|p2a: Excadrill|97/100|[from] Stealth Rock
|turn|16
|
|t:|1776033970
|switch|p2a: Hydrapple|Hydrapple, F, shiny|100/100
|move|p1a: Greninja|Water Shuriken|p2a: Hydrapple
|-resisted|p2a: Hydrapple
|-damage|p2a: Hydrapple|97/100
|-resisted|p2a: Hydrapple
|-damage|p2a: Hydrapple|94/100
|-resisted|p2a: Hydrapple
|-crit|p2a: Hydrapple
|-damage|p2a: Hydrapple|89/100
|-resisted|p2a: Hydrapple
|-damage|p2a: Hydrapple|86/100
|-hitcount|p2a: Hydrapple|4
|-damage|p1a: Greninja|12/100|[from] item: Life Orb
|
|-weather|Sandstorm|[upkeep]
|-damage|p1a: Greninja|6/100|[from] Sandstorm
|-damage|p2a: Hydrapple|79/100|[from] Sandstorm
|upkeep
|turn|17
|inactive|NebulaTrainer has 120 seconds left.
|
|t:|1776033987
|switch|p2a: Tornadus|Tornadus-Therian, M, shiny|100/100
|-damage|p2a: Tornadus|76/100|[from] Stealth Rock
|move|p1a: Greninja|Ice Beam|p2a: Tornadus
|-supereffective|p2a: Tornadus
|-damage|p2a: Tornadus|7/100
|-damage|p1a: Greninja|0 fnt|[from] item: Life Orb
|faint|p1a: Greninja
|
|-weather|Sandstorm|[upkeep]
|-damage|p2a: Tornadus|0 fnt|[from] Sandstorm
|faint|p2a: Tornadus
|upkeep
|
|t:|1776034005
|switch|p1a: Serperior|Serperior, F|100/100
|switch|p2a: Excadrill|Excadrill, M, shiny|97/100
|-damage|p2a: Excadrill|94/100|[from] Stealth Rock
|turn|18
|
|t:|1776034012
|move|p2a: Excadrill|Iron Head|p1a: Serperior
|-damage|p1a: Serperior|49/100
|move|p1a: Serperior|Leaf Storm|p2a: Excadrill
|-damage|p2a: Excadrill|34/100
|-boost|p1a: Serperior|spa|2
|
|-weather|Sandstorm|[upkeep]
|-damage|p1a: Serperior|42/100|[from] Sandstorm
|-heal|p2a: Excadrill|40/100|[from] item: Leftovers
|upkeep
|turn|19
|inactive|NebulaTrainer has 120 seconds left.
|
|t:|1776034024
|move|p1a: Serperior|Endure|p1a: Serperior
|-singleturn|p1a: Serperior|move: Endure
|move|p2a: Excadrill|Iron Head|p1a: Serperior
|-activate|p1a: Serperior|move: Endure
|-damage|p1a: Serperior|1/100
|
|-weather|Sandstorm|[upkeep]
|-damage|p1a: Serperior|0 fnt|[from] Sandstorm
|faint|p1a: Serperior
|-heal|p2a: Excadrill|46/100|[from] item: Leftovers
|upkeep
|
|t:|1776034031
|switch|p1a: Dragonite|Dragonite, F|100/100
|turn|20
|inactive|NebulaTrainer has 120 seconds left.
|
|t:|1776034044
|move|p2a: Excadrill|Rapid Spin|p1a: Dragonite
|-damage|p1a: Dragonite|91/100
|-boost|p2a: Excadrill|spe|1
|-sideend|p2: NebulaTrainer|Stealth Rock|[from] move: Rapid Spin|[of] p2a: Excadrill
|move|p1a: Dragonite|Fire Punch|p2a: Excadrill
|-supereffective|p2a: Excadrill
|-crit|p2a: Excadrill
|-damage|p2a: Excadrill|0 fnt
|faint|p2a: Excadrill
|
|-weather|Sandstorm|[upkeep]
|-damage|p1a: Dragonite|84/100|[from] Sandstorm
|upkeep
|inactive|NebulaTrainer has 120 seconds left.
|
|t:|1776034057
|switch|p2a: Keldeo|Keldeo-Resolute, shiny|51/100
|turn|21
|
|t:|1776034061
|move|p2a: Keldeo|Icy Wind|p1a: Dragonite
|-supereffective|p1a: Dragonite
|-damage|p1a: Dragonite|0 fnt
|faint|p1a: Dragonite
|
|-weather|Sandstorm|[upkeep]
|-damage|p2a: Keldeo|44/100|[from] Sandstorm
|upkeep
|
|t:|1776034066
|switch|p1a: Dragapult|Dragapult, F|45/100
|turn|22
|
|t:|1776034071
|move|p1a: Dragapult|Dragon Darts|p2a: Keldeo
|-damage|p2a: Keldeo|18/100
|-anim|p1a: Dragapult|Dragon Darts|p2a: Keldeo
|-damage|p2a: Keldeo|0 fnt
|faint|p2a: Keldeo
|
|-weather|none
|upkeep
|
|t:|1776034082
|switch|p2a: Heatran|Heatran, M, shiny|55/100
|turn|23
|j| 9qf2l
|
|t:|1776034090
|move|p2a: Heatran|Protect|p2a: Heatran
|-singleturn|p2a: Heatran|Protect
|move|p1a: Dragapult|Hydro Pump|p2a: Heatran
|-activate|p2a: Heatran|move: Protect
|
|-heal|p2a: Heatran|61/100|[from] item: Leftovers
|upkeep
|turn|24
|l| 9qf2l
|
|t:|1776034099
|move|p1a: Dragapult|Hydro Pump|p2a: Heatran|[miss]
|-miss|p1a: Dragapult|p2a: Heatran
|move|p2a: Heatran|Magma Storm|p1a: Dragapult
|-resisted|p1a: Dragapult
|-damage|p1a: Dragapult|16/100
|-activate|p1a: Dragapult|move: Magma Storm|[of] p2a: Heatran
|
|-heal|p2a: Heatran|68/100|[from] item: Leftovers
|-damage|p1a: Dragapult|4/100|[from] move: Magma Storm|[partiallytrapped]
|upkeep
|turn|25
|
|t:|1776034112
|switch|p1a: Iron Moth|Iron Moth|94/100
|move|p2a: Heatran|Protect||[still]
|-fail|p2a: Heatran
|
|-heal|p2a: Heatran|74/100|[from] item: Leftovers
|upkeep
|turn|26
|
|t:|1776034128
|move|p1a: Iron Moth|Energy Ball|p2a: Heatran
|-resisted|p2a: Heatran
|-damage|p2a: Heatran|70/100
|move|p2a: Heatran|Magma Storm|p1a: Iron Moth
|-resisted|p1a: Iron Moth
|-damage|p1a: Iron Moth|74/100
|-activate|p1a: Iron Moth|move: Magma Storm|[of] p2a: Heatran
|
|-heal|p2a: Heatran|76/100|[from] item: Leftovers
|-damage|p1a: Iron Moth|62/100|[from] move: Magma Storm|[partiallytrapped]
|upkeep
|turn|27
|
|t:|1776034138
|move|p1a: Iron Moth|Energy Ball|p2a: Heatran
|-resisted|p2a: Heatran
|-damage|p2a: Heatran|71/100
|move|p2a: Heatran|Earth Power|p1a: Iron Moth
|-supereffective|p1a: Iron Moth
|-damage|p1a: Iron Moth|0 fnt
|faint|p1a: Iron Moth
|-end|p1a: Iron Moth|Quark Drive|[silent]
|
|-heal|p2a: Heatran|78/100|[from] item: Leftovers
|upkeep
|
|t:|1776034141
|switch|p1a: Dragapult|Dragapult, F|4/100
|turn|28
|
|t:|1776034153
|-terastallize|p1a: Dragapult|Water
|move|p1a: Dragapult|Hydro Pump|p2a: Heatran
|-supereffective|p2a: Heatran
|-damage|p2a: Heatran|20/100
|move|p2a: Heatran|Earth Power|p1a: Dragapult
|-damage|p1a: Dragapult|0 fnt
|faint|p1a: Dragapult
|
|win|NebulaTrainer
|raw|kaahasahat's rating: 1717 &rarr; <strong>1694</strong><br />(-23 for losing)
|raw|NebulaTrainer's rating: 1662 &rarr; <strong>1685</strong><br />(+23 for winning)
|c|☆kaahasahat|lowkey thought serp 1sec drill thre
|l|☆NebulaTrainer
|player|p2|
|c|☆kaahasahat|1shot
|l|☆kaahasahat
|player|p1|
