|html|<div class="broadcast-blue"><strong>[Gen 9] OU is currently suspecting Tera Blast! For information on how to participate check out the <a href="https://www.smogon.com/tools/suspects/view/200">suspect thread</a>.</strong></div>
|j|☆dialethetica
|j|☆Sloth&friends
|t:|1776047404
|gametype|singles
|player|p1|dialethetica|101|1200
|player|p2|Sloth&friends|265|1161
|gen|9
|tier|[Gen 9] OU
|rated|
|rule|HP Percentage Mod: HP is shown in percentages
|rule|Endless Battle Clause: Forcing endless battles is banned
|rule|Species Clause: Limit one of each Pokémon
|rule|OHKO Clause: OHKO moves are banned
|rule|Evasion Items Clause: Evasion items are banned
|rule|Evasion Moves Clause: Evasion moves are banned
|rule|Evasion Abilities Clause: Evasion abilities are banned
|rule|Sleep Moves Clause: Sleep-inducing moves are banned
|clearpoke
|poke|p1|Darkrai|
|poke|p1|Mimikyu, F|
|poke|p1|Zoroark-Hisui, F|
|poke|p1|Arcanine-Hisui, M|
|poke|p1|Great Tusk|
|poke|p1|Kingambit, M|
|poke|p2|Staraptor, M|
|poke|p2|Abomasnow, M|
|poke|p2|Gliscor, M|
|poke|p2|Rotom-Wash|
|poke|p2|Coalossal, M|
|poke|p2|Ditto|
|teampreview
|j| ohko_smeargle
|
|t:|1776047415
|teamsize|p1|6
|teamsize|p2|6
|start
|switch|p1a: Darkrai|Darkrai|100/100
|switch|p2a: It's Gotta Be Tide|Rotom-Wash|100/100
|turn|1
|
|t:|1776047431
|move|p2a: It's Gotta Be Tide|Thunder|p1a: Darkrai|[miss]
|-miss|p2a: It's Gotta Be Tide|p1a: Darkrai
|move|p1a: Darkrai|Nasty Plot|p1a: Darkrai
|-boost|p1a: Darkrai|spa|2
|
|upkeep
|turn|2
|
|t:|1776047444
|move|p2a: It's Gotta Be Tide|Thunder|p1a: Darkrai
|-damage|p1a: Darkrai|36/100
|move|p1a: Darkrai|Focus Blast|p2a: It's Gotta Be Tide
|-damage|p2a: It's Gotta Be Tide|0 fnt
|faint|p2a: It's Gotta Be Tide
|
|upkeep
|
|t:|1776047455
|switch|p2a: Play-Doh|Ditto|100/100
|-transform|p2a: Play-Doh|p1a: Darkrai|[from] ability: Imposter
|turn|3
|
|t:|1776047464
|move|p2a: Play-Doh|Dark Pulse|p1a: Darkrai
|-resisted|p1a: Darkrai
|-damage|p1a: Darkrai|0 fnt
|faint|p1a: Darkrai
|
|upkeep
|
|t:|1776047474
|switch|p1a: Kingambit|Kingambit, M|100/100
|-activate|p1a: Kingambit|ability: Supreme Overlord
|-start|p1a: Kingambit|fallen1|[silent]
|turn|4
|
|t:|1776047492
|switch|p2a: Deathdrop|Gliscor, M|100/100
|move|p1a: Kingambit|Sucker Punch||[still]
|-fail|p1a: Kingambit
|
|-status|p2a: Deathdrop|tox|[from] item: Toxic Orb
|upkeep
|turn|5
|
|t:|1776047504
|-end|p1a: Kingambit|fallen1|[silent]
|switch|p1a: Great Tusk|Great Tusk|100/100
|move|p2a: Deathdrop|Swords Dance|p2a: Deathdrop
|-boost|p2a: Deathdrop|atk|2
|
|upkeep
|turn|6
|
|t:|1776047516
|-terastallize|p2a: Deathdrop|Water
|move|p2a: Deathdrop|Swords Dance|p2a: Deathdrop
|-boost|p2a: Deathdrop|atk|2
|move|p1a: Great Tusk|Stealth Rock|p2a: Deathdrop
|-sidestart|p2: Sloth&friends|move: Stealth Rock
|
|upkeep
|turn|7
|
|t:|1776047538
|move|p2a: Deathdrop|Dual Wingbeat|p1a: Great Tusk
|-supereffective|p1a: Great Tusk
|-damage|p1a: Great Tusk|51/100
|-supereffective|p1a: Great Tusk
|-damage|p1a: Great Tusk|4/100
|-hitcount|p1a: Great Tusk|2
|move|p1a: Great Tusk|Headlong Rush|p2a: Deathdrop
|-damage|p2a: Deathdrop|48/100 tox
|-unboost|p1a: Great Tusk|def|1
|-unboost|p1a: Great Tusk|spd|1
|
|-heal|p2a: Deathdrop|60/100 tox|[from] ability: Poison Heal
|upkeep
|turn|8
|
|t:|1776047555
|move|p2a: Deathdrop|Knock Off|p1a: Great Tusk
|-resisted|p1a: Great Tusk
|-damage|p1a: Great Tusk|0 fnt
|-enditem|p1a: Great Tusk|Heavy-Duty Boots|[from] move: Knock Off|[of] p2a: Deathdrop
|faint|p1a: Great Tusk
|-end|p1a: Great Tusk|Protosynthesis|[silent]
|
|-heal|p2a: Deathdrop|72/100 tox|[from] ability: Poison Heal
|upkeep
|
|t:|1776047567
|switch|p1a: Mimikyu|Mimikyu, F, shiny|100/100
|turn|9
|
|t:|1776047576
|move|p1a: Mimikyu|Swords Dance|p1a: Mimikyu
|-boost|p1a: Mimikyu|atk|2
|move|p2a: Deathdrop|Dual Wingbeat|p1a: Mimikyu
|-activate|p1a: Mimikyu|ability: Disguise
|-damage|p1a: Mimikyu|100/100
|detailschange|p1a: Mimikyu|Mimikyu-Busted, F, shiny
|-damage|p1a: Mimikyu|88/100|[from] pokemon: Mimikyu-Busted
|-damage|p1a: Mimikyu|3/100
|-hitcount|p1a: Mimikyu|2
|
|-heal|p2a: Deathdrop|85/100 tox|[from] ability: Poison Heal
|upkeep
|turn|10
|
|t:|1776047615
|move|p1a: Mimikyu|Shadow Sneak|p2a: Deathdrop
|-damage|p2a: Deathdrop|47/100 tox
|-damage|p1a: Mimikyu|0 fnt|[from] item: Life Orb
|faint|p1a: Mimikyu
|move|p2a: Deathdrop|Knock Off|p1: Mimikyu|[notarget]
|-fail|p2a: Deathdrop
|
|-heal|p2a: Deathdrop|60/100 tox|[from] ability: Poison Heal
|upkeep
|
|t:|1776047626
|switch|p1a: Kingambit|Kingambit, M|100/100
|-activate|p1a: Kingambit|ability: Supreme Overlord
|-start|p1a: Kingambit|fallen3|[silent]
|turn|11
|
|t:|1776047653
|move|p1a: Kingambit|Sucker Punch|p2a: Deathdrop
|-damage|p2a: Deathdrop|3/100 tox
|move|p2a: Deathdrop|Earthquake|p1a: Kingambit
|-supereffective|p1a: Kingambit
|-damage|p1a: Kingambit|0 fnt
|faint|p1a: Kingambit
|-end|p1a: Kingambit|fallen3|[silent]
|
|-heal|p2a: Deathdrop|15/100 tox|[from] ability: Poison Heal
|upkeep
|
|t:|1776047663
|switch|p1a: Arcanine|Arcanine-Hisui, M, shiny|100/100
|turn|12
|
|t:|1776047673
|move|p1a: Arcanine|Extreme Speed|p2a: Deathdrop
|-damage|p2a: Deathdrop|0 fnt
|faint|p2a: Deathdrop
|
|upkeep
|
|t:|1776047683
|switch|p2a: Wampa|Abomasnow, M|100/100
|-damage|p2a: Wampa|76/100|[from] Stealth Rock
|-weather|Snowscape|[from] ability: Snow Warning|[of] p2a: Wampa
|turn|13
|
|t:|1776047695
|switch|p1a: Arcanine|Arcanine-Hisui, M, shiny|100/100
|switch|p2a: Black Lung|Coalossal, M|100/100
|-damage|p2a: Black Lung|76/100|[from] Stealth Rock
|
|-weather|Snowscape|[upkeep]
|upkeep
|turn|14
|
|t:|1776047737
|move|p1a: Arcanine|Trick|p2a: Black Lung
|-activate|p1a: Arcanine|move: Trick|[of] p2a: Black Lung
|-item|p2a: Black Lung|Choice Specs|[from] move: Trick
|-item|p1a: Arcanine|Power Herb|[from] move: Trick
|move|p2a: Black Lung|Meteor Beam||[still]
|-prepare|p2a: Black Lung|Meteor Beam
|-boost|p2a: Black Lung|spa|1
|
|-weather|Snowscape|[upkeep]
|upkeep
|turn|15
|
|t:|1776047750
|move|p1a: Arcanine|Shadow Ball|p2a: Black Lung
|-damage|p2a: Black Lung|39/100
|move|p2a: Black Lung|Meteor Beam|p1a: Arcanine|[from] lockedmove
|-damage|p1a: Arcanine|0 fnt
|replace|p1a: Zoroark|Zoroark-Hisui, F, shiny
|-end|p1a: Zoroark|Illusion
|faint|p1a: Zoroark
|
|-weather|Snowscape|[upkeep]
|upkeep
|
|t:|1776047760
|switch|p1a: Arcanine|Arcanine-Hisui, M, shiny|100/100
|turn|16
|
|t:|1776047767
|move|p1a: Arcanine|Extreme Speed|p2a: Black Lung
|-resisted|p2a: Black Lung
|-damage|p2a: Black Lung|25/100
|move|p2a: Black Lung|Meteor Beam||[still]
|-prepare|p2a: Black Lung|Meteor Beam
|-boost|p2a: Black Lung|spa|1
|
|-weather|Snowscape|[upkeep]
|upkeep
|turn|17
|
|t:|1776047778
|move|p1a: Arcanine|Extreme Speed|p2a: Black Lung
|-resisted|p2a: Black Lung
|-damage|p2a: Black Lung|11/100
|move|p2a: Black Lung|Meteor Beam|p1a: Arcanine|[from] lockedmove
|-supereffective|p1a: Arcanine
|-damage|p1a: Arcanine|0 fnt
|faint|p1a: Arcanine
|
|win|Sloth&friends
|raw|dialethetica's rating: 1200 &rarr; <strong>1172</strong><br />(-28 for losing)
|raw|Sloth&amp;friends's rating: 1161 &rarr; <strong>1189</strong><br />(+28 for winning)
|l| ohko_smeargle
|c|☆dialethetica|Gg
|l|☆Sloth&friends
|player|p2|
