|html|<div class="broadcast-blue"><strong>[Gen 9] OU is currently suspecting Tera Blast! For information on how to participate check out the <a href="https://www.smogon.com/tools/suspects/view/200">suspect thread</a>.</strong></div>
|j|☆jessies boyfriend
|j|‽DuckyBro
|t:|1776079574
|gametype|singles
|player|p1|jessies boyfriend|brock|1448
|player|p2|DuckyBro|dragontamer|1484
|gen|9
|tier|[Gen 9] OU
|rated|
|rule|HP Percentage Mod: HP is shown in percentages
|rule|Endless Battle Clause: Forcing endless battles is banned
|rule|Species Clause: Limit one of each Pokémon
|rule|OHKO Clause: OHKO moves are banned
|rule|Evasion Items Clause: Evasion items are banned
|rule|Evasion Moves Clause: Evasion moves are banned
|rule|Evasion Abilities Clause: Evasion abilities are banned
|rule|Sleep Moves Clause: Sleep-inducing moves are banned
|clearpoke
|poke|p1|Hatterene, F|
|poke|p1|Gholdengo|
|poke|p1|Dragonite, F|
|poke|p1|Cinccino, M|
|poke|p1|Glimmora, F|
|poke|p1|Greninja-*, F|
|poke|p2|Cinderace, M|
|poke|p2|Dondozo, M|
|poke|p2|Zapdos|
|poke|p2|Garchomp, M|
|poke|p2|Kyurem|
|poke|p2|Volcanion|
|teampreview
|inactive|Battle timer is ON: inactive players will automatically lose when time's up. (requested by jessies boyfriend)
|
|t:|1776079590
|teamsize|p1|6
|teamsize|p2|6
|start
|switch|p1a: Cinccino|Cinccino, M|100/100
|switch|p2a: Garchomp|Garchomp, M|100/100
|turn|1
|inactive|DuckyBro has 120 seconds left.
|
|t:|1776079625
|-terastallize|p2a: Garchomp|Steel
|move|p1a: Cinccino|Triple Axel|p2a: Garchomp
|-resisted|p2a: Garchomp
|-damage|p2a: Garchomp|97/100
|-damage|p1a: Cinccino|88/100|[from] ability: Rough Skin|[of] p2a: Garchomp
|-resisted|p2a: Garchomp
|-damage|p2a: Garchomp|88/100
|-damage|p1a: Cinccino|76/100|[from] ability: Rough Skin|[of] p2a: Garchomp
|-resisted|p2a: Garchomp
|-damage|p2a: Garchomp|75/100
|-damage|p1a: Cinccino|63/100|[from] ability: Rough Skin|[of] p2a: Garchomp
|-hitcount|p2a: Garchomp|3
|move|p2a: Garchomp|Swords Dance|p2a: Garchomp
|-boost|p2a: Garchomp|atk|2
|
|upkeep
|turn|2
|
|t:|1776079641
|switch|p1a: Hatterene|Hatterene, F|100/100
|move|p2a: Garchomp|Scale Shot|p1a: Hatterene
|-immune|p1a: Hatterene
|
|upkeep
|turn|3
|
|t:|1776079651
|move|p2a: Garchomp|Iron Head|p1a: Hatterene
|-supereffective|p1a: Hatterene
|-damage|p1a: Hatterene|0 fnt
|-damage|p2a: Garchomp|59/100|[from] item: Rocky Helmet|[of] p1a: Hatterene
|faint|p1a: Hatterene
|
|upkeep
|
|t:|1776079663
|switch|p1a: Greninja|Greninja, F|100/100
|turn|4
|
|t:|1776079674
|move|p1a: Greninja|Dark Pulse|p2a: Garchomp
|-start|p1a: Greninja|typechange|Dark|[from] ability: Protean
|-damage|p2a: Garchomp|0 fnt
|faint|p2a: Garchomp
|
|upkeep
|
|t:|1776079693
|switch|p2a: Zapdos|Zapdos|100/100
|turn|5
|
|t:|1776079699
|move|p1a: Greninja|Dark Pulse|p2a: Zapdos
|-damage|p2a: Zapdos|29/100
|move|p2a: Zapdos|Discharge|p1a: Greninja
|-damage|p1a: Greninja|0 fnt
|faint|p1a: Greninja
|
|upkeep
|
|t:|1776079712
|switch|p1a: Glimmora|Glimmora, F|100/100
|turn|6
|
|t:|1776079716
|move|p1a: Glimmora|Power Gem|p2a: Zapdos
|-supereffective|p2a: Zapdos
|-damage|p2a: Zapdos|0 fnt
|faint|p2a: Zapdos
|
|upkeep
|
|t:|1776079721
|switch|p2a: Volcanion|Volcanion|100/100
|turn|7
|
|t:|1776079724
|-terastallize|p1a: Glimmora|Rock
|move|p1a: Glimmora|Power Gem|p2a: Volcanion
|-supereffective|p2a: Volcanion
|-crit|p2a: Volcanion
|-damage|p2a: Volcanion|0 fnt
|faint|p2a: Volcanion
|
|upkeep
|
|t:|1776079738
|switch|p2a: Dondozo|Dondozo, M|100/100
|turn|8
|
|t:|1776079741
|move|p1a: Glimmora|Power Gem|p2a: Dondozo
|-damage|p2a: Dondozo|38/100
|move|p2a: Dondozo|Liquidation|p1a: Glimmora
|-supereffective|p1a: Glimmora
|-damage|p1a: Glimmora|33/100
|-activate|p1a: Glimmora|ability: Toxic Debris
|-sidestart|p2: DuckyBro|move: Toxic Spikes
|
|upkeep
|turn|9
|
|t:|1776079748
|move|p1a: Glimmora|Power Gem|p2a: Dondozo
|-damage|p2a: Dondozo|0 fnt
|faint|p2a: Dondozo
|
|upkeep
|
|t:|1776079749
|switch|p2a: Cinderace|Cinderace, M|100/100
|turn|10
|
|t:|1776079755
|move|p2a: Cinderace|Sucker Punch|p1a: Glimmora
|-start|p2a: Cinderace|typechange|Dark|[from] ability: Libero
|-damage|p1a: Glimmora|0 fnt
|-activate|p1a: Glimmora|ability: Toxic Debris
|-sidestart|p2: DuckyBro|move: Toxic Spikes
|faint|p1a: Glimmora
|
|upkeep
|
|t:|1776079769
|switch|p1a: Gholdengo|Gholdengo|100/100
|turn|11
|
|t:|1776079774
|move|p1a: Gholdengo|Focus Blast|p2a: Cinderace
|-supereffective|p2a: Cinderace
|-damage|p2a: Cinderace|0 fnt
|faint|p2a: Cinderace
|
|upkeep
|
|t:|1776079776
|switch|p2a: Kyurem|Kyurem|100/100
|-status|p2a: Kyurem|tox
|-ability|p2a: Kyurem|Pressure
|turn|12
|
|t:|1776079780
|move|p1a: Gholdengo|Focus Blast|p2a: Kyurem|[miss]
|-miss|p1a: Gholdengo|p2a: Kyurem
|move|p2a: Kyurem|Earth Power|p1a: Gholdengo
|-supereffective|p1a: Gholdengo
|-damage|p1a: Gholdengo|0 fnt
|faint|p1a: Gholdengo
|
|-damage|p2a: Kyurem|94/100 tox|[from] psn
|upkeep
|
|t:|1776079785
|switch|p1a: Cinccino|Cinccino, M|63/100
|turn|13
|
|t:|1776079787
|move|p1a: Cinccino|Rock Blast|p2a: Kyurem
|-supereffective|p2a: Kyurem
|-damage|p2a: Kyurem|74/100 tox
|-supereffective|p2a: Kyurem
|-damage|p2a: Kyurem|54/100 tox
|-supereffective|p2a: Kyurem
|-damage|p2a: Kyurem|35/100 tox
|-supereffective|p2a: Kyurem
|-damage|p2a: Kyurem|15/100 tox
|-hitcount|p2a: Kyurem|4
|move|p2a: Kyurem|Earth Power|p1a: Cinccino
|-damage|p1a: Cinccino|0 fnt
|faint|p1a: Cinccino
|
|-damage|p2a: Kyurem|2/100 tox|[from] psn
|upkeep
|
|t:|1776079794
|switch|p1a: Dragonite|Dragonite, F|100/100
|turn|14
|
|t:|1776079796
|move|p1a: Dragonite|Extreme Speed|p2a: Kyurem
|-damage|p2a: Kyurem|0 fnt
|faint|p2a: Kyurem
|
|win|jessies boyfriend
|raw|jessies boyfriend's rating: 1448 &rarr; <strong>1470</strong><br />(+22 for winning)
|raw|DuckyBro's rating: 1484 &rarr; <strong>1462</strong><br />(-22 for losing)
|l|☆jessies boyfriend
|player|p1|
|l|‽DuckyBro
|player|p2|
