|html|<div class="broadcast-blue"><strong>[Gen 9] OU is currently suspecting Tera Blast! For information on how to participate check out the <a href="https://www.smogon.com/tools/suspects/view/200">suspect thread</a>.</strong></div>
|j|☆rolendice
|j|‽MegaMHX
|t:|1776104671
|gametype|singles
|player|p1|rolendice|erika-gen2|1364
|player|p2|MegaMHX|miku-ground|1415
|gen|9
|tier|[Gen 9] OU
|rated|
|rule|HP Percentage Mod: HP is shown in percentages
|rule|Endless Battle Clause: Forcing endless battles is banned
|rule|Species Clause: Limit one of each Pokémon
|rule|OHKO Clause: OHKO moves are banned
|rule|Evasion Items Clause: Evasion items are banned
|rule|Evasion Moves Clause: Evasion moves are banned
|rule|Evasion Abilities Clause: Evasion abilities are banned
|rule|Sleep Moves Clause: Sleep-inducing moves are banned
|clearpoke
|poke|p1|Ninetales, F|
|poke|p1|Leafeon, F|
|poke|p1|Manaphy|
|poke|p1|Mienshao, F|
|poke|p1|Umbreon, F|
|poke|p1|Espeon, F|
|poke|p2|Keldeo-Resolute|
|poke|p2|Ceruledge, F|
|poke|p2|Electrode-Hisui|
|poke|p2|Hydreigon, F|
|poke|p2|Iron Treads|
|poke|p2|Pecharunt|
|teampreview
|inactive|Battle timer is ON: inactive players will automatically lose when time's up. (requested by MegaMHX)
|
|t:|1776104685
|teamsize|p1|6
|teamsize|p2|6
|start
|switch|p1a: Mienshao|Mienshao, F, shiny|100/100
|switch|p2a: Electrode|Electrode-Hisui|100/100
|turn|1
|
|t:|1776104688
|switch|p2a: Pecharunt|Pecharunt|100/100
|move|p1a: Mienshao|U-turn|p2a: Pecharunt
|-resisted|p2a: Pecharunt
|-damage|p2a: Pecharunt|98/100
|-damage|p1a: Mienshao|84/100|[from] item: Rocky Helmet|[of] p2a: Pecharunt
|
|t:|1776104696
|switch|p1a: Manaphy|Manaphy, shiny|100/100|[from] U-turn
|
|upkeep
|turn|2
|
|t:|1776104700
|move|p1a: Manaphy|Take Heart|p1a: Manaphy
|-boost|p1a: Manaphy|spa|1
|-boost|p1a: Manaphy|spd|1
|move|p2a: Pecharunt|Parting Shot|p1a: Manaphy
|-unboost|p1a: Manaphy|atk|1
|-unboost|p1a: Manaphy|spa|1
|
|t:|1776104717
|switch|p2a: Electrode|Electrode-Hisui|100/100|[from] Parting Shot
|
|upkeep
|turn|3
|
|t:|1776104723
|switch|p1a: Umbreon|Umbreon, F, shiny|100/100
|move|p2a: Electrode|Leech Seed|p1a: Umbreon|[miss]
|-miss|p2a: Electrode|p1a: Umbreon
|
|upkeep
|turn|4
|
|t:|1776104731
|move|p2a: Electrode|Volt Switch|p1a: Umbreon
|-damage|p1a: Umbreon|79/100
|-damage|p2a: Electrode|91/100|[from] item: Life Orb
|
|t:|1776104736
|switch|p2a: Iron Treads|Iron Treads|100/100|[from] Volt Switch
|move|p1a: Umbreon|Snarl|p2a: Iron Treads
|-damage|p2a: Iron Treads|92/100
|-unboost|p2a: Iron Treads|spa|1
|
|-heal|p1a: Umbreon|85/100|[from] item: Leftovers
|upkeep
|turn|5
|
|t:|1776104742
|switch|p1a: Espeon|Espeon, F, shiny|100/100
|move|p2a: Iron Treads|Volt Switch|p1a: Espeon
|-damage|p1a: Espeon|90/100
|
|t:|1776104764
|-end|p2a: Iron Treads|Quark Drive|[silent]
|switch|p2a: Ceruledge|Ceruledge, F|100/100|[from] Volt Switch
|
|upkeep
|turn|6
|
|t:|1776104769
|move|p1a: Espeon|Shadow Ball|p2a: Ceruledge
|-supereffective|p2a: Ceruledge
|-damage|p2a: Ceruledge|34/100
|move|p2a: Ceruledge|Bitter Blade|p1a: Espeon
|-damage|p1a: Espeon|0 fnt
|-heal|p2a: Ceruledge|76/100|[from] drain|[of] p1a: Espeon
|faint|p1a: Espeon
|-damage|p2a: Ceruledge|66/100|[from] item: Life Orb
|
|upkeep
|
|t:|1776104774
|switch|p1a: Mienshao|Mienshao, F, shiny|84/100
|turn|7
|inactive|MegaMHX has 120 seconds left.
|
|t:|1776104804
|-terastallize|p2a: Ceruledge|Bug
|move|p1a: Mienshao|Knock Off|p2a: Ceruledge
|-damage|p2a: Ceruledge|17/100
|-enditem|p2a: Ceruledge|Life Orb|[from] move: Knock Off|[of] p1a: Mienshao
|move|p2a: Ceruledge|Bitter Blade|p1a: Mienshao
|-damage|p1a: Mienshao|2/100
|-heal|p2a: Ceruledge|55/100|[from] drain|[of] p1a: Mienshao
|
|upkeep
|turn|8
|inactive|MegaMHX has 120 seconds left.
|
|t:|1776104815
|switch|p1a: Ninetales|Ninetales, F, shiny|100/100
|-weather|SunnyDay|[from] ability: Drought|[of] p1a: Ninetales
|move|p2a: Ceruledge|Shadow Sneak|p1a: Ninetales
|-damage|p1a: Ninetales|67/100
|
|-weather|SunnyDay|[upkeep]
|upkeep
|turn|9
|
|t:|1776104819
|move|p1a: Ninetales|Encore|p2a: Ceruledge
|-start|p2a: Ceruledge|Encore
|move|p2a: Ceruledge|Shadow Sneak|p1a: Ninetales
|-damage|p1a: Ninetales|34/100
|
|-weather|SunnyDay|[upkeep]
|upkeep
|turn|10
|
|t:|1776104828
|switch|p1a: Umbreon|Umbreon, F, shiny|85/100
|move|p2a: Ceruledge|Shadow Sneak|p1a: Umbreon
|-resisted|p1a: Umbreon
|-damage|p1a: Umbreon|78/100
|
|-weather|SunnyDay|[upkeep]
|-heal|p1a: Umbreon|84/100|[from] item: Leftovers
|upkeep
|turn|11
|
|t:|1776104832
|switch|p2a: Iron Treads|Iron Treads|92/100
|move|p1a: Umbreon|Foul Play|p2a: Iron Treads
|-damage|p2a: Iron Treads|65/100
|
|-weather|SunnyDay|[upkeep]
|-heal|p1a: Umbreon|90/100|[from] item: Leftovers
|upkeep
|turn|12
|
|t:|1776104839
|move|p2a: Iron Treads|Volt Switch|p1a: Umbreon
|-damage|p1a: Umbreon|82/100
|
|t:|1776104847
|-end|p2a: Iron Treads|Quark Drive|[silent]
|switch|p2a: Hydreigon|Hydreigon, F|100/100|[from] Volt Switch
|move|p1a: Umbreon|Foul Play|p2a: Hydreigon
|-resisted|p2a: Hydreigon
|-damage|p2a: Hydreigon|85/100
|
|-weather|SunnyDay|[upkeep]
|-heal|p1a: Umbreon|88/100|[from] item: Leftovers
|upkeep
|turn|13
|
|t:|1776104852
|move|p2a: Hydreigon|Substitute|p2a: Hydreigon
|-start|p2a: Hydreigon|Substitute
|-damage|p2a: Hydreigon|60/100
|move|p1a: Umbreon|Thunder Wave||[still]
|-fail|p1a: Umbreon
|
|-weather|SunnyDay|[upkeep]
|-heal|p1a: Umbreon|94/100|[from] item: Leftovers
|upkeep
|turn|14
|
|t:|1776104857
|move|p2a: Hydreigon|Stealth Rock|p1a: Umbreon
|-sidestart|p1: rolendice|move: Stealth Rock
|move|p1a: Umbreon|Snarl|p2a: Hydreigon
|-resisted|p2a: Hydreigon
|-crit|p2a: Hydreigon
|-damage|p2a: Hydreigon|50/100
|-unboost|p2a: Hydreigon|spa|1
|-enditem|p2a: Hydreigon|Eject Pack
|
|t:|1776104868
|switch|p2a: Keldeo|Keldeo-Resolute|100/100
|
|-weather|SunnyDay|[upkeep]
|-heal|p1a: Umbreon|99/100|[from] item: Leftovers
|upkeep
|turn|15
|
|t:|1776104873
|switch|p1a: Mienshao|Mienshao, F, shiny|2/100
|-damage|p1a: Mienshao|0 fnt|[from] Stealth Rock
|faint|p1a: Mienshao
|move|p2a: Keldeo|Secret Sword|p1: Mienshao|[notarget]
|-fail|p2a: Keldeo
|
|-weather|none
|upkeep
|
|t:|1776104874
|switch|p1a: Ninetales|Ninetales, F, shiny|34/100
|-damage|p1a: Ninetales|10/100|[from] Stealth Rock
|-weather|SunnyDay|[from] ability: Drought|[of] p1a: Ninetales
|turn|16
|
|t:|1776104877
|move|p2a: Keldeo|Secret Sword|p1a: Ninetales
|-damage|p1a: Ninetales|0 fnt
|faint|p1a: Ninetales
|
|-weather|SunnyDay|[upkeep]
|upkeep
|
|t:|1776104878
|switch|p1a: Leafeon|Leafeon, F, shiny|100/100
|-damage|p1a: Leafeon|88/100|[from] Stealth Rock
|turn|17
|
|t:|1776104883
|switch|p2a: Pecharunt|Pecharunt|98/100
|move|p1a: Leafeon|Swords Dance|p1a: Leafeon
|-boost|p1a: Leafeon|atk|2
|
|-weather|SunnyDay|[upkeep]
|upkeep
|turn|18
|
|t:|1776104891
|-terastallize|p1a: Leafeon|Fire
|move|p1a: Leafeon|Tera Blast|p2a: Pecharunt|[anim] Tera Blast Fire
|-damage|p2a: Pecharunt|39/100
|move|p2a: Pecharunt|Malignant Chain|p1a: Leafeon
|-damage|p1a: Leafeon|31/100
|
|-weather|SunnyDay|[upkeep]
|upkeep
|turn|19
|
|t:|1776104901
|switch|p2a: Keldeo|Keldeo-Resolute|100/100
|move|p1a: Leafeon|Tera Blast|p2a: Keldeo|[anim] Tera Blast Fire
|-resisted|p2a: Keldeo
|-damage|p2a: Keldeo|28/100
|
|-weather|SunnyDay|[upkeep]
|upkeep
|turn|20
|
|t:|1776104906
|move|p2a: Keldeo|Vacuum Wave|p1a: Leafeon
|-damage|p1a: Leafeon|0 fnt
|faint|p1a: Leafeon
|
|-weather|SunnyDay|[upkeep]
|upkeep
|
|t:|1776104914
|switch|p1a: Manaphy|Manaphy, shiny|100/100
|-damage|p1a: Manaphy|88/100|[from] Stealth Rock
|turn|21
|
|t:|1776104917
|switch|p2a: Electrode|Electrode-Hisui|91/100
|move|p1a: Manaphy|Acid Armor|p1a: Manaphy
|-boost|p1a: Manaphy|def|2
|
|-weather|SunnyDay|[upkeep]
|-heal|p1a: Manaphy|94/100|[from] item: Leftovers
|upkeep
|turn|22
|
|t:|1776104923
|switch|p1a: Umbreon|Umbreon, F, shiny|99/100
|-damage|p1a: Umbreon|88/100|[from] Stealth Rock
|move|p2a: Electrode|Leech Seed|p1a: Umbreon
|-start|p1a: Umbreon|move: Leech Seed
|
|-weather|SunnyDay|[upkeep]
|-heal|p1a: Umbreon|94/100|[from] item: Leftovers
|-damage|p1a: Umbreon|81/100|[from] Leech Seed|[of] p2a: Electrode
|-heal|p2a: Electrode|100/100|[silent]
|upkeep
|turn|23
|
|t:|1776104933
|move|p2a: Electrode|Volt Switch|p1a: Umbreon
|-damage|p1a: Umbreon|61/100
|-damage|p2a: Electrode|91/100|[from] item: Life Orb
|
|t:|1776104937
|switch|p2a: Hydreigon|Hydreigon, F|50/100|[from] Volt Switch
|move|p1a: Umbreon|Foul Play|p2a: Hydreigon
|-resisted|p2a: Hydreigon
|-damage|p2a: Hydreigon|35/100
|
|-weather|none
|-heal|p1a: Umbreon|67/100|[from] item: Leftovers
|-damage|p1a: Umbreon|54/100|[from] Leech Seed|[of] p2a: Hydreigon
|-heal|p2a: Hydreigon|47/100|[silent]
|upkeep
|turn|24
|-message|rolendice forfeited.
|
|win|MegaMHX
|raw|rolendice's rating: 1364 &rarr; <strong>1347</strong><br />(-17 for losing)
|raw|MegaMHX's rating: 1415 &rarr; <strong>1432</strong><br />(+17 for winning)
|l|☆rolendice
|player|p1|
|l|‽MegaMHX
|player|p2|
