|html|<div class="broadcast-blue"><strong>[Gen 9] OU is currently suspecting Tera Blast! For information on how to participate check out the <a href="https://www.smogon.com/tools/suspects/view/200">suspect thread</a>.</strong></div>
|j|☆Wait what? How?
|j|☆mothfox
|t:|1776305168
|gametype|singles
|player|p1|Wait what? How?|skyla|1359
|player|p2|mothfox|colress|1311
|gen|9
|tier|[Gen 9] OU
|rated|
|rule|HP Percentage Mod: HP is shown in percentages
|rule|Endless Battle Clause: Forcing endless battles is banned
|rule|Species Clause: Limit one of each Pokémon
|rule|OHKO Clause: OHKO moves are banned
|rule|Evasion Items Clause: Evasion items are banned
|rule|Evasion Moves Clause: Evasion moves are banned
|rule|Evasion Abilities Clause: Evasion abilities are banned
|rule|Sleep Moves Clause: Sleep-inducing moves are banned
|clearpoke
|poke|p1|Hatterene, F|
|poke|p1|Scizor, F|
|poke|p1|Raging Bolt|
|poke|p1|Darkrai|
|poke|p1|Iron Treads|
|poke|p1|Moltres|
|poke|p2|Gliscor, M|
|poke|p2|Great Tusk|
|poke|p2|Dragapult, F|
|poke|p2|Iron Moth|
|poke|p2|Kingambit, M|
|poke|p2|Gholdengo|
|teampreview
|inactive|Battle timer is ON: inactive players will automatically lose when time's up. (requested by mothfox)
|c|☆mothfox|glhf
|c|☆Wait what? How?|thx, u2
|
|t:|1776305186
|teamsize|p1|6
|teamsize|p2|6
|start
|switch|p1a: I Like Money|Scizor, F|100/100
|switch|p2a: Great Tusk|Great Tusk|100/100
|turn|1
|
|t:|1776305193
|switch|p1a: Too Much Benadryl|Hatterene, F|100/100
|move|p2a: Great Tusk|Stealth Rock|p1a: Too Much Benadryl
|move|p1a: Too Much Benadryl|Stealth Rock|p2a: Great Tusk|[from] ability: Magic Bounce
|-sidestart|p2: mothfox|move: Stealth Rock
|
|upkeep
|turn|2
|
|t:|1776305209
|-end|p2a: Great Tusk|Protosynthesis|[silent]
|switch|p2a: Gholdengo|Gholdengo|100/100
|-damage|p2a: Gholdengo|94/100|[from] Stealth Rock
|-item|p2a: Gholdengo|Air Balloon
|move|p1a: Too Much Benadryl|Draining Kiss|p2a: Gholdengo
|-resisted|p2a: Gholdengo
|-damage|p2a: Gholdengo|83/100
|-enditem|p2a: Gholdengo|Air Balloon
|
|upkeep
|turn|3
|
|t:|1776305220
|switch|p1a: Long Man Car|Raging Bolt|100/100
|move|p2a: Gholdengo|Thunder Wave|p1a: Long Man Car
|-immune|p1a: Long Man Car
|
|upkeep
|turn|4
|
|t:|1776305245
|-end|p1a: Long Man Car|Protosynthesis|[silent]
|switch|p1a: Sleep Token|Darkrai, shiny|100/100
|switch|p2a: Gliscor|Gliscor, M|100/100
|-damage|p2a: Gliscor|88/100|[from] Stealth Rock
|
|-status|p2a: Gliscor|tox|[from] item: Toxic Orb
|upkeep
|turn|5
|
|t:|1776305256
|move|p2a: Gliscor|Protect|p2a: Gliscor
|-singleturn|p2a: Gliscor|Protect
|move|p1a: Sleep Token|Ice Beam|p2a: Gliscor
|-activate|p2a: Gliscor|move: Protect
|
|-heal|p2a: Gliscor|100/100 tox|[from] ability: Poison Heal
|upkeep
|turn|6
|
|t:|1776305267
|switch|p1a: Too Much Benadryl|Hatterene, F|100/100
|switch|p2a: Gholdengo|Gholdengo|83/100
|-damage|p2a: Gholdengo|77/100|[from] Stealth Rock
|
|upkeep
|turn|7
|
|t:|1776305286
|switch|p1a: Imma Tire|Iron Treads|100/100
|move|p2a: Gholdengo|Hex|p1a: Imma Tire
|-damage|p1a: Imma Tire|60/100
|
|-heal|p1a: Imma Tire|67/100|[from] item: Leftovers
|upkeep
|turn|8
|
|t:|1776305299
|switch|p2a: Gliscor|Gliscor, M|100/100 tox
|-damage|p2a: Gliscor|88/100 tox|[from] Stealth Rock
|move|p1a: Imma Tire|Stealth Rock||[still]
|-fail|p1a: Imma Tire
|
|-heal|p1a: Imma Tire|73/100|[from] item: Leftovers
|-heal|p2a: Gliscor|100/100 tox|[from] ability: Poison Heal
|upkeep
|turn|9
|
|t:|1776305309
|move|p1a: Imma Tire|Ice Spinner|p2a: Gliscor
|-supereffective|p2a: Gliscor
|-damage|p2a: Gliscor|19/100 tox
|move|p2a: Gliscor|Knock Off|p1a: Imma Tire
|-damage|p1a: Imma Tire|53/100
|-enditem|p1a: Imma Tire|Leftovers|[from] move: Knock Off|[of] p2a: Gliscor
|
|-heal|p2a: Gliscor|31/100 tox|[from] ability: Poison Heal
|upkeep
|turn|10
|
|t:|1776305318
|move|p2a: Gliscor|Protect|p2a: Gliscor
|-singleturn|p2a: Gliscor|Protect
|move|p1a: Imma Tire|Ice Spinner|p2a: Gliscor
|-activate|p2a: Gliscor|move: Protect
|
|-heal|p2a: Gliscor|44/100 tox|[from] ability: Poison Heal
|upkeep
|turn|11
|inactive|mothfox has 120 seconds left.
|
|t:|1776305340
|switch|p2a: Great Tusk|Great Tusk|100/100
|move|p1a: Imma Tire|Earthquake|p2a: Great Tusk
|-crit|p2a: Great Tusk
|-damage|p2a: Great Tusk|52/100
|
|upkeep
|turn|12
|inactive|mothfox has 120 seconds left.
|
|t:|1776305351
|-end|p1a: Imma Tire|Quark Drive|[silent]
|switch|p1a: Too Much Benadryl|Hatterene, F|100/100
|move|p2a: Great Tusk|Ice Spinner|p1a: Too Much Benadryl
|-damage|p1a: Too Much Benadryl|76/100
|
|-heal|p1a: Too Much Benadryl|82/100|[from] item: Leftovers
|upkeep
|turn|13
|inactive|mothfox has 120 seconds left.
|
|t:|1776305363
|move|p2a: Great Tusk|Headlong Rush|p1a: Too Much Benadryl
|-damage|p1a: Too Much Benadryl|29/100
|-unboost|p2a: Great Tusk|def|1
|-unboost|p2a: Great Tusk|spd|1
|move|p1a: Too Much Benadryl|Draining Kiss|p2a: Great Tusk
|-supereffective|p2a: Great Tusk
|-damage|p2a: Great Tusk|0 fnt
|-heal|p1a: Too Much Benadryl|74/100|[from] drain|[of] p2a: Great Tusk
|faint|p2a: Great Tusk
|-end|p2a: Great Tusk|Protosynthesis|[silent]
|
|-heal|p1a: Too Much Benadryl|80/100|[from] item: Leftovers
|upkeep
|inactive|mothfox has 120 seconds left.
|
|t:|1776305391
|switch|p2a: Juniper|Iron Moth|100/100
|-damage|p2a: Juniper|76/100|[from] Stealth Rock
|-enditem|p2a: Juniper|Booster Energy
|-activate|p2a: Juniper|ability: Quark Drive|[fromitem]
|-start|p2a: Juniper|quarkdrivespe
|turn|14
|
|t:|1776305411
|-terastallize|p1a: Too Much Benadryl|Water
|move|p2a: Juniper|Sludge Wave|p1a: Too Much Benadryl
|-damage|p1a: Too Much Benadryl|31/100
|move|p1a: Too Much Benadryl|Psychic Noise|p2a: Juniper
|-supereffective|p2a: Juniper
|-damage|p2a: Juniper|10/100
|-start|p2a: Juniper|move: Heal Block
|
|-heal|p1a: Too Much Benadryl|37/100|[from] item: Leftovers
|upkeep
|turn|15
|
|t:|1776305428
|move|p2a: Juniper|Fiery Dance|p1a: Too Much Benadryl
|-resisted|p1a: Too Much Benadryl
|-damage|p1a: Too Much Benadryl|16/100
|-boost|p2a: Juniper|spa|1
|move|p1a: Too Much Benadryl|Draining Kiss|p2a: Juniper
|-resisted|p2a: Juniper
|-damage|p2a: Juniper|4/100
|-heal|p1a: Too Much Benadryl|20/100|[from] drain|[of] p2a: Juniper
|
|-heal|p1a: Too Much Benadryl|26/100|[from] item: Leftovers
|-end|p2a: Juniper|move: Heal Block
|upkeep
|turn|16
|
|t:|1776305440
|move|p2a: Juniper|Fiery Dance|p1a: Too Much Benadryl
|-resisted|p1a: Too Much Benadryl
|-damage|p1a: Too Much Benadryl|0 fnt
|-boost|p2a: Juniper|spa|1
|faint|p1a: Too Much Benadryl
|
|upkeep
|
|t:|1776305446
|switch|p1a: I Like Money|Scizor, F|100/100
|turn|17
|
|t:|1776305450
|move|p1a: I Like Money|Bullet Punch|p2a: Juniper
|-resisted|p2a: Juniper
|-damage|p2a: Juniper|0 fnt
|faint|p2a: Juniper
|-end|p2a: Juniper|Quark Drive|[silent]
|
|upkeep
|
|t:|1776305457
|switch|p2a: Zentreya|Dragapult, F|100/100
|turn|18
|
|t:|1776305466
|switch|p1a: Spicy McChicken|Moltres|100/100
|move|p2a: Zentreya|Will-O-Wisp|p1a: Spicy McChicken
|-immune|p1a: Spicy McChicken
|
|upkeep
|turn|19
|inactive|mothfox has 120 seconds left.
|
|t:|1776305478
|move|p2a: Zentreya|Dragon Darts|p1a: Spicy McChicken
|-damage|p1a: Spicy McChicken|86/100
|-anim|p2a: Zentreya|Dragon Darts|p1a: Spicy McChicken
|-damage|p1a: Spicy McChicken|72/100
|move|p1a: Spicy McChicken|Flamethrower|p2a: Zentreya
|-resisted|p2a: Zentreya
|-damage|p2a: Zentreya|72/100
|
|upkeep
|turn|20
|inactive|mothfox has 120 seconds left.
|
|t:|1776305493
|switch|p2a: Gliscor|Gliscor, M|44/100 tox
|-damage|p2a: Gliscor|31/100 tox|[from] Stealth Rock
|move|p1a: Spicy McChicken|Will-O-Wisp||[still]
|-fail|p1a: Spicy McChicken
|
|-heal|p2a: Gliscor|44/100 tox|[from] ability: Poison Heal
|upkeep
|turn|21
|inactive|mothfox has 120 seconds left.
|
|t:|1776305503
|move|p2a: Gliscor|Protect|p2a: Gliscor
|-singleturn|p2a: Gliscor|Protect
|move|p1a: Spicy McChicken|Flamethrower|p2a: Gliscor
|-activate|p2a: Gliscor|move: Protect
|
|-heal|p2a: Gliscor|56/100 tox|[from] ability: Poison Heal
|upkeep
|turn|22
|inactive|mothfox has 120 seconds left.
|
|t:|1776305511
|move|p2a: Gliscor|Knock Off|p1a: Spicy McChicken
|-damage|p1a: Spicy McChicken|57/100
|-enditem|p1a: Spicy McChicken|Heavy-Duty Boots|[from] move: Knock Off|[of] p2a: Gliscor
|move|p1a: Spicy McChicken|Flamethrower|p2a: Gliscor
|-damage|p2a: Gliscor|24/100 tox
|
|-heal|p2a: Gliscor|36/100 tox|[from] ability: Poison Heal
|upkeep
|turn|23
|
|t:|1776305520
|switch|p1a: Sleep Token|Darkrai, shiny|100/100
|move|p2a: Gliscor|Spikes|p1a: Sleep Token
|-sidestart|p1: Wait what? How?|Spikes
|
|-heal|p2a: Gliscor|49/100 tox|[from] ability: Poison Heal
|upkeep
|turn|24
|
|t:|1776305530
|switch|p1a: I Like Money|Scizor, F|100/100
|-damage|p1a: I Like Money|88/100|[from] Spikes
|move|p2a: Gliscor|Protect||[still]
|-fail|p2a: Gliscor
|
|-heal|p2a: Gliscor|61/100 tox|[from] ability: Poison Heal
|upkeep
|turn|25
|
|t:|1776305540
|move|p2a: Gliscor|Spikes|p1a: I Like Money
|-sidestart|p1: Wait what? How?|Spikes
|move|p1a: I Like Money|U-turn|p2a: Gliscor
|-resisted|p2a: Gliscor
|-damage|p2a: Gliscor|38/100 tox
|
|t:|1776305546
|switch|p1a: Imma Tire|Iron Treads|53/100|[from] U-turn
|-damage|p1a: Imma Tire|37/100|[from] Spikes
|
|-heal|p2a: Gliscor|51/100 tox|[from] ability: Poison Heal
|upkeep
|turn|26
|
|t:|1776305557
|move|p2a: Gliscor|Protect|p2a: Gliscor
|-singleturn|p2a: Gliscor|Protect
|move|p1a: Imma Tire|Rapid Spin|p2a: Gliscor
|-activate|p2a: Gliscor|move: Protect
|
|-heal|p2a: Gliscor|63/100 tox|[from] ability: Poison Heal
|upkeep
|turn|27
|inactive|mothfox has 120 seconds left.
|
|t:|1776305593
|-terastallize|p2a: Gliscor|Water
|move|p1a: Imma Tire|Ice Spinner|p2a: Gliscor
|-resisted|p2a: Gliscor
|-damage|p2a: Gliscor|53/100 tox
|move|p2a: Gliscor|Knock Off|p1a: Imma Tire
|-damage|p1a: Imma Tire|25/100
|
|-heal|p2a: Gliscor|66/100 tox|[from] ability: Poison Heal
|upkeep
|turn|28
|inactive|mothfox has 120 seconds left.
|
|t:|1776305604
|move|p1a: Imma Tire|Earthquake|p2a: Gliscor
|-damage|p2a: Gliscor|29/100 tox
|move|p2a: Gliscor|Spikes|p1a: Imma Tire
|-sidestart|p1: Wait what? How?|Spikes
|
|-heal|p2a: Gliscor|41/100 tox|[from] ability: Poison Heal
|upkeep
|turn|29
|
|t:|1776305611
|move|p2a: Gliscor|Protect|p2a: Gliscor
|-singleturn|p2a: Gliscor|Protect
|move|p1a: Imma Tire|Rapid Spin|p2a: Gliscor
|-activate|p2a: Gliscor|move: Protect
|
|-heal|p2a: Gliscor|54/100 tox|[from] ability: Poison Heal
|upkeep
|turn|30
|inactive|mothfox has 120 seconds left.
|
|t:|1776305627
|move|p1a: Imma Tire|Rapid Spin|p2a: Gliscor
|-damage|p2a: Gliscor|42/100 tox
|-boost|p1a: Imma Tire|spe|1
|-sideend|p1: Wait what? How?|Spikes|[from] move: Rapid Spin|[of] p1a: Imma Tire
|move|p2a: Gliscor|Knock Off|p1a: Imma Tire
|-damage|p1a: Imma Tire|11/100
|
|-heal|p2a: Gliscor|54/100 tox|[from] ability: Poison Heal
|upkeep
|turn|31
|
|t:|1776305636
|move|p1a: Imma Tire|Earthquake|p2a: Gliscor
|-damage|p2a: Gliscor|15/100 tox
|move|p2a: Gliscor|Spikes|p1a: Imma Tire
|-sidestart|p1: Wait what? How?|Spikes
|
|-heal|p2a: Gliscor|27/100 tox|[from] ability: Poison Heal
|upkeep
|turn|32
|
|t:|1776305643
|move|p2a: Gliscor|Protect|p2a: Gliscor
|-singleturn|p2a: Gliscor|Protect
|move|p1a: Imma Tire|Earthquake|p2a: Gliscor
|-activate|p2a: Gliscor|move: Protect
|
|-heal|p2a: Gliscor|40/100 tox|[from] ability: Poison Heal
|upkeep
|turn|33
|
|t:|1776305654
|move|p1a: Imma Tire|Earthquake|p2a: Gliscor
|-damage|p2a: Gliscor|5/100 tox
|move|p2a: Gliscor|Knock Off|p1a: Imma Tire
|-damage|p1a: Imma Tire|0 fnt
|faint|p1a: Imma Tire
|-end|p1a: Imma Tire|Quark Drive|[silent]
|
|-heal|p2a: Gliscor|17/100 tox|[from] ability: Poison Heal
|upkeep
|
|t:|1776305661
|switch|p1a: Sleep Token|Darkrai, shiny|100/100
|-damage|p1a: Sleep Token|88/100|[from] Spikes
|turn|34
|
|t:|1776305666
|move|p2a: Gliscor|Protect|p2a: Gliscor
|-singleturn|p2a: Gliscor|Protect
|move|p1a: Sleep Token|Nasty Plot|p1a: Sleep Token
|-boost|p1a: Sleep Token|spa|2
|
|-heal|p1a: Sleep Token|94/100|[from] item: Leftovers
|-heal|p2a: Gliscor|30/100 tox|[from] ability: Poison Heal
|upkeep
|turn|35
|
|t:|1776305679
|move|p1a: Sleep Token|Dark Pulse|p2a: Gliscor
|-damage|p2a: Gliscor|0 fnt
|faint|p2a: Gliscor
|
|-heal|p1a: Sleep Token|99/100|[from] item: Leftovers
|upkeep
|
|t:|1776305695
|switch|p2a: Zentreya|Dragapult, F|72/100
|turn|36
|
|t:|1776305706
|move|p2a: Zentreya|U-turn|p1a: Sleep Token
|-supereffective|p1a: Sleep Token
|-damage|p1a: Sleep Token|48/100
|
|t:|1776305711
|switch|p2a: Kingambit|Kingambit, M|100/100|[from] U-turn
|-damage|p2a: Kingambit|94/100|[from] Stealth Rock
|-activate|p2a: Kingambit|ability: Supreme Overlord
|-start|p2a: Kingambit|fallen3|[silent]
|move|p1a: Sleep Token|Dark Pulse|p2a: Kingambit
|-resisted|p2a: Kingambit
|-damage|p2a: Kingambit|49/100
|
|-heal|p1a: Sleep Token|54/100|[from] item: Leftovers
|upkeep
|turn|37
|
|t:|1776305727
|switch|p1a: Spicy McChicken|Moltres|57/100
|move|p2a: Kingambit|Kowtow Cleave|p1a: Spicy McChicken
|-damage|p1a: Spicy McChicken|5/100
|
|upkeep
|turn|38
|
|t:|1776305735
|move|p2a: Kingambit|Sucker Punch|p1a: Spicy McChicken
|-damage|p1a: Spicy McChicken|0 fnt
|faint|p1a: Spicy McChicken
|
|upkeep
|
|t:|1776305739
|switch|p1a: I Like Money|Scizor, F|88/100
|-damage|p1a: I Like Money|76/100|[from] Spikes
|turn|39
|
|t:|1776305750
|-end|p2a: Kingambit|fallen3|[silent]
|switch|p2a: Zentreya|Dragapult, F|72/100
|move|p1a: I Like Money|U-turn|p2a: Zentreya
|-resisted|p2a: Zentreya
|-damage|p2a: Zentreya|32/100
|
|t:|1776305756
|switch|p1a: Long Man Car|Raging Bolt|100/100|[from] U-turn
|-damage|p1a: Long Man Car|88/100|[from] Spikes
|
|-heal|p1a: Long Man Car|94/100|[from] item: Leftovers
|upkeep
|turn|40
|
|t:|1776305766
|move|p1a: Long Man Car|Thunderclap||[still]
|-fail|p1a: Long Man Car
|move|p2a: Zentreya|Will-O-Wisp|p1a: Long Man Car
|-status|p1a: Long Man Car|brn
|
|-heal|p1a: Long Man Car|100/100 brn|[from] item: Leftovers
|-damage|p1a: Long Man Car|94/100 brn|[from] brn
|upkeep
|turn|41
|
|t:|1776305783
|move|p1a: Long Man Car|Thunderclap|p2a: Zentreya
|-resisted|p2a: Zentreya
|-damage|p2a: Zentreya|2/100
|move|p2a: Zentreya|U-turn|p1a: Long Man Car
|-damage|p1a: Long Man Car|75/100 brn
|
|t:|1776305792
|switch|p2a: Gholdengo|Gholdengo|77/100|[from] U-turn
|-damage|p2a: Gholdengo|71/100|[from] Stealth Rock
|
|-heal|p1a: Long Man Car|81/100 brn|[from] item: Leftovers
|-damage|p1a: Long Man Car|75/100 brn|[from] brn
|upkeep
|turn|42
|
|t:|1776305802
|move|p1a: Long Man Car|Volt Switch|p2a: Gholdengo
|-damage|p2a: Gholdengo|32/100
|
|t:|1776305808
|-end|p1a: Long Man Car|Protosynthesis|[silent]
|switch|p1a: I Like Money|Scizor, F|76/100|[from] Volt Switch
|-damage|p1a: I Like Money|64/100|[from] Spikes
|move|p2a: Gholdengo|Recover|p2a: Gholdengo
|-heal|p2a: Gholdengo|82/100
|
|upkeep
|turn|43
|
|t:|1776305831
|move|p2a: Gholdengo|Thunder Wave|p1a: I Like Money
|-status|p1a: I Like Money|par
|cant|p1a: I Like Money|par
|
|upkeep
|turn|44
|
|t:|1776305839
|move|p2a: Gholdengo|Hex|p1a: I Like Money
|-damage|p1a: I Like Money|0 fnt
|faint|p1a: I Like Money
|
|upkeep
|
|t:|1776305843
|switch|p1a: Sleep Token|Darkrai, shiny|54/100
|-damage|p1a: Sleep Token|42/100|[from] Spikes
|turn|45
|
|t:|1776305853
|switch|p2a: Zentreya|Dragapult, F|2/100
|move|p1a: Sleep Token|Dark Pulse|p2a: Zentreya
|-supereffective|p2a: Zentreya
|-damage|p2a: Zentreya|0 fnt
|faint|p2a: Zentreya
|
|-heal|p1a: Sleep Token|48/100|[from] item: Leftovers
|upkeep
|
|t:|1776305860
|switch|p2a: Kingambit|Kingambit, M|49/100
|-damage|p2a: Kingambit|43/100|[from] Stealth Rock
|-activate|p2a: Kingambit|ability: Supreme Overlord
|-start|p2a: Kingambit|fallen4|[silent]
|turn|46
|
|t:|1776305867
|switch|p1a: Long Man Car|Raging Bolt|75/100 brn
|-damage|p1a: Long Man Car|63/100 brn|[from] Spikes
|move|p2a: Kingambit|Sucker Punch||[still]
|-fail|p2a: Kingambit
|
|-heal|p1a: Long Man Car|69/100 brn|[from] item: Leftovers
|-damage|p1a: Long Man Car|63/100 brn|[from] brn
|upkeep
|turn|47
|
|t:|1776305886
|move|p2a: Kingambit|Sucker Punch|p1a: Long Man Car
|-damage|p1a: Long Man Car|0 fnt
|faint|p1a: Long Man Car
|-end|p1a: Long Man Car|Protosynthesis|[silent]
|
|upkeep
|
|t:|1776305891
|switch|p1a: Sleep Token|Darkrai, shiny|48/100
|-damage|p1a: Sleep Token|35/100|[from] Spikes
|turn|48
|
|t:|1776305898
|move|p2a: Kingambit|Sucker Punch||[still]
|-fail|p2a: Kingambit
|move|p1a: Sleep Token|Nasty Plot|p1a: Sleep Token
|-boost|p1a: Sleep Token|spa|2
|
|-heal|p1a: Sleep Token|41/100|[from] item: Leftovers
|upkeep
|turn|49
|
|t:|1776305906
|move|p2a: Kingambit|Sucker Punch||[still]
|-fail|p2a: Kingambit
|move|p1a: Sleep Token|Nasty Plot|p1a: Sleep Token
|-boost|p1a: Sleep Token|spa|2
|
|-heal|p1a: Sleep Token|47/100|[from] item: Leftovers
|upkeep
|turn|50
|
|t:|1776305912
|move|p1a: Sleep Token|Dark Pulse|p2a: Kingambit
|-resisted|p2a: Kingambit
|-damage|p2a: Kingambit|0 fnt
|faint|p2a: Kingambit
|-end|p2a: Kingambit|fallen4|[silent]
|
|-heal|p1a: Sleep Token|54/100|[from] item: Leftovers
|upkeep
|c|☆mothfox|i hate this game sometimes
|
|t:|1776305920
|switch|p2a: Gholdengo|Gholdengo|82/100
|-damage|p2a: Gholdengo|76/100|[from] Stealth Rock
|turn|51
|
|t:|1776305928
|move|p1a: Sleep Token|Dark Pulse|p2a: Gholdengo
|-supereffective|p2a: Gholdengo
|-damage|p2a: Gholdengo|0 fnt
|faint|p2a: Gholdengo
|
|win|Wait what? How?
|raw|Wait what? How?'s rating: 1359 &rarr; <strong>1376</strong><br />(+17 for winning)
|raw|mothfox's rating: 1311 &rarr; <strong>1294</strong><br />(-17 for losing)
