|html|<div class="broadcast-blue"><strong>[Gen 9] OU is currently suspecting Tera Blast! For information on how to participate check out the <a href="https://www.smogon.com/tools/suspects/view/200">suspect thread</a>.</strong></div>
|j|☆Afrojolote
|j|☆TolaSix
|t:|1776106058
|gametype|singles
|player|p1|Afrojolote|102|1207
|player|p2|TolaSix|infielder|1268
|gen|9
|tier|[Gen 9] OU
|rated|
|rule|HP Percentage Mod: HP is shown in percentages
|rule|Endless Battle Clause: Forcing endless battles is banned
|rule|Species Clause: Limit one of each Pokémon
|rule|OHKO Clause: OHKO moves are banned
|rule|Evasion Items Clause: Evasion items are banned
|rule|Evasion Moves Clause: Evasion moves are banned
|rule|Evasion Abilities Clause: Evasion abilities are banned
|rule|Sleep Moves Clause: Sleep-inducing moves are banned
|clearpoke
|poke|p1|Yanmega, F|
|poke|p1|Pelipper, F|
|poke|p1|Sandy Shocks|
|poke|p1|Floatzel, F|
|poke|p1|Ogerpon-Wellspring, F|
|poke|p1|Iron Treads|
|poke|p2|Ribombee, M|
|poke|p2|Empoleon, M|
|poke|p2|Serperior, F|
|poke|p2|Ogerpon, F|
|poke|p2|Malamar, F|
|poke|p2|Smeargle, F|
|teampreview
|inactive|Battle timer is ON: inactive players will automatically lose when time's up. (requested by TolaSix)
|
|t:|1776106086
|teamsize|p1|6
|teamsize|p2|6
|start
|switch|p1a: Iron Treads|Iron Treads|100/100
|switch|p2a: Ribombee|Ribombee, M, shiny|100/100
|turn|1
|
|t:|1776106092
|move|p2a: Ribombee|Stun Spore|p1a: Iron Treads
|-status|p1a: Iron Treads|par
|move|p1a: Iron Treads|Stealth Rock|p2a: Ribombee
|-sidestart|p2: TolaSix|move: Stealth Rock
|
|upkeep
|turn|2
|
|t:|1776106101
|switch|p2a: Empoleon|Empoleon, M|100/100
|-damage|p2a: Empoleon|94/100|[from] Stealth Rock
|move|p1a: Iron Treads|Knock Off|p2a: Empoleon
|-damage|p2a: Empoleon|65/100
|-enditem|p2a: Empoleon|Assault Vest|[from] move: Knock Off|[of] p1a: Iron Treads
|
|upkeep
|turn|3
|
|t:|1776106114
|move|p1a: Iron Treads|Earthquake|p2a: Empoleon
|-supereffective|p2a: Empoleon
|-crit|p2a: Empoleon
|-damage|p2a: Empoleon|0 fnt
|faint|p2a: Empoleon
|
|upkeep
|
|t:|1776106128
|switch|p2a: Serperior|Serperior, F|100/100
|-damage|p2a: Serperior|88/100|[from] Stealth Rock
|turn|4
|
|t:|1776106131
|move|p2a: Serperior|Leaf Storm|p1a: Iron Treads
|-damage|p1a: Iron Treads|36/100 par
|-boost|p2a: Serperior|spa|2
|move|p1a: Iron Treads|Knock Off|p2a: Serperior
|-damage|p2a: Serperior|49/100
|-enditem|p2a: Serperior|Leftovers|[from] move: Knock Off|[of] p1a: Iron Treads
|
|-heal|p1a: Iron Treads|42/100 par|[from] item: Leftovers
|upkeep
|turn|5
|
|t:|1776106142
|move|p2a: Serperior|Leaf Storm|p1a: Iron Treads
|-damage|p1a: Iron Treads|0 fnt
|-boost|p2a: Serperior|spa|2
|faint|p1a: Iron Treads
|-end|p1a: Iron Treads|Quark Drive|[silent]
|
|upkeep
|
|t:|1776106145
|switch|p1a: Yanmega|Yanmega, F, shiny|100/100
|turn|6
|
|t:|1776106158
|-terastallize|p2a: Serperior|Ice
|move|p1a: Yanmega|Protect|p1a: Yanmega
|-singleturn|p1a: Yanmega|Protect
|move|p2a: Serperior|Tera Blast|p1a: Yanmega|[anim] Tera Blast Ice
|-activate|p1a: Yanmega|move: Protect
|
|-ability|p1a: Yanmega|Speed Boost|boost
|-boost|p1a: Yanmega|spe|1
|upkeep
|turn|7
|
|t:|1776106177
|-terastallize|p1a: Yanmega|Steel
|move|p1a: Yanmega|Bug Buzz|p2a: Serperior
|-damage|p2a: Serperior|0 fnt
|faint|p2a: Serperior
|
|-ability|p1a: Yanmega|Speed Boost|boost
|-boost|p1a: Yanmega|spe|1
|upkeep
|
|t:|1776106185
|switch|p2a: Ribombee|Ribombee, M, shiny|100/100
|-damage|p2a: Ribombee|76/100|[from] Stealth Rock
|turn|8
|
|t:|1776106189
|move|p1a: Yanmega|Air Slash|p2a: Ribombee
|-supereffective|p2a: Ribombee
|-damage|p2a: Ribombee|0 fnt
|faint|p2a: Ribombee
|
|-ability|p1a: Yanmega|Speed Boost|boost
|-boost|p1a: Yanmega|spe|1
|upkeep
|
|t:|1776106193
|switch|p2a: Smeargle|Smeargle, F, shiny|100/100
|-damage|p2a: Smeargle|88/100|[from] Stealth Rock
|turn|9
|
|t:|1776106201
|move|p2a: Smeargle|Burning Bulwark|p2a: Smeargle
|-singleturn|p2a: Smeargle|move: Protect
|move|p1a: Yanmega|Bug Buzz|p2a: Smeargle
|-activate|p2a: Smeargle|move: Protect
|
|-ability|p1a: Yanmega|Speed Boost|boost
|-boost|p1a: Yanmega|spe|1
|upkeep
|turn|10
|
|t:|1776106208
|move|p1a: Yanmega|Bug Buzz|p2a: Smeargle
|-damage|p2a: Smeargle|8/100
|move|p2a: Smeargle|Sticky Web|p1a: Yanmega
|-sidestart|p1: Afrojolote|move: Sticky Web
|
|-ability|p1a: Yanmega|Speed Boost|boost
|-boost|p1a: Yanmega|spe|1
|upkeep
|turn|11
|
|t:|1776106218
|move|p1a: Yanmega|Bug Buzz|p2a: Smeargle
|-damage|p2a: Smeargle|0 fnt
|faint|p2a: Smeargle
|
|-ability|p1a: Yanmega|Speed Boost|boost
|-boost|p1a: Yanmega|spe|1
|upkeep
|
|t:|1776106223
|switch|p2a: Malamar|Malamar, F|100/100
|-damage|p2a: Malamar|88/100|[from] Stealth Rock
|turn|12
|
|t:|1776106226
|move|p1a: Yanmega|Bug Buzz|p2a: Malamar
|-supereffective|p2a: Malamar
|-damage|p2a: Malamar|0 fnt
|faint|p2a: Malamar
|
|upkeep
|
|t:|1776106229
|switch|p2a: Ogerpon|Ogerpon, F|100/100
|-damage|p2a: Ogerpon|88/100|[from] Stealth Rock
|turn|13
|
|t:|1776106234
|move|p1a: Yanmega|Bug Buzz|p2a: Ogerpon
|-supereffective|p2a: Ogerpon
|-damage|p2a: Ogerpon|0 fnt
|faint|p2a: Ogerpon
|
|win|Afrojolote
|raw|Afrojolote's rating: 1207 &rarr; <strong>1236</strong><br />(+29 for winning)
|raw|TolaSix's rating: 1268 &rarr; <strong>1239</strong><br />(-29 for losing)
|l|☆TolaSix
|player|p2|
|l|☆Afrojolote
|player|p1|
