|html|<div class="broadcast-blue"><strong>[Gen 9] OU is currently suspecting Tera Blast! For information on how to participate check out the <a href="https://www.smogon.com/tools/suspects/view/200">suspect thread</a>.</strong></div>
|j|☆srpada
|j|☆DrgFlyKng
|t:|1776142201
|gametype|singles
|player|p1|srpada|101|1283
|player|p2|DrgFlyKng|170|1212
|gen|9
|tier|[Gen 9] OU
|rated|
|rule|HP Percentage Mod: HP is shown in percentages
|rule|Endless Battle Clause: Forcing endless battles is banned
|rule|Species Clause: Limit one of each Pokémon
|rule|OHKO Clause: OHKO moves are banned
|rule|Evasion Items Clause: Evasion items are banned
|rule|Evasion Moves Clause: Evasion moves are banned
|rule|Evasion Abilities Clause: Evasion abilities are banned
|rule|Sleep Moves Clause: Sleep-inducing moves are banned
|clearpoke
|poke|p1|Ninetales, M|
|poke|p1|Cresselia, F|
|poke|p1|Raging Bolt|
|poke|p1|Iron Moth|
|poke|p1|Great Tusk|
|poke|p1|Walking Wake|
|poke|p2|Iron Crown|
|poke|p2|Weezing-Galar, F|
|poke|p2|Iron Valiant|
|poke|p2|Gastrodon-East, M|
|poke|p2|Meowscarada, F|
|poke|p2|Skeledirge, F|
|teampreview
|inactive|Battle timer is ON: inactive players will automatically lose when time's up. (requested by DrgFlyKng)
|
|t:|1776142220
|teamsize|p1|6
|teamsize|p2|6
|start
|switch|p1a: Iron Moth|Iron Moth|100/100
|switch|p2a: Iron Crown|Iron Crown|100/100
|-enditem|p1a: Iron Moth|Booster Energy
|-activate|p1a: Iron Moth|ability: Quark Drive|[fromitem]
|-start|p1a: Iron Moth|quarkdrivespe
|turn|1
|
|t:|1776142234
|move|p1a: Iron Moth|Fiery Dance|p2a: Iron Crown
|-supereffective|p2a: Iron Crown
|-damage|p2a: Iron Crown|16/100
|-boost|p1a: Iron Moth|spa|1
|move|p2a: Iron Crown|Psychic|p1a: Iron Moth
|-supereffective|p1a: Iron Moth
|-damage|p1a: Iron Moth|9/100
|
|upkeep
|turn|2
|
|t:|1776142242
|-end|p2a: Iron Crown|Quark Drive|[silent]
|switch|p2a: Skeledirge|Skeledirge, F, shiny|100/100
|move|p1a: Iron Moth|Fiery Dance|p2a: Skeledirge
|-resisted|p2a: Skeledirge
|-damage|p2a: Skeledirge|77/100
|
|upkeep
|turn|3
|
|t:|1776142252
|move|p1a: Iron Moth|Morning Sun|p1a: Iron Moth
|-heal|p1a: Iron Moth|58/100
|move|p2a: Skeledirge|Torch Song|p1a: Iron Moth
|-resisted|p1a: Iron Moth
|-damage|p1a: Iron Moth|43/100
|-boost|p2a: Skeledirge|spa|1
|
|upkeep
|turn|4
|
|t:|1776142261
|move|p1a: Iron Moth|Fiery Dance|p2a: Skeledirge
|-resisted|p2a: Skeledirge
|-damage|p2a: Skeledirge|57/100
|move|p2a: Skeledirge|Torch Song|p1a: Iron Moth
|-resisted|p1a: Iron Moth
|-damage|p1a: Iron Moth|22/100
|-boost|p2a: Skeledirge|spa|1
|
|upkeep
|turn|5
|
|t:|1776142274
|-end|p1a: Iron Moth|Quark Drive|[silent]
|switch|p1a: Walking Wake|Walking Wake|100/100
|move|p2a: Skeledirge|Slack Off|p2a: Skeledirge
|-heal|p2a: Skeledirge|100/100
|
|upkeep
|turn|6
|
|t:|1776142302
|switch|p2a: Gastrodon|Gastrodon-East, M, shiny|100/100
|move|p1a: Walking Wake|Hydro Steam|p2a: Gastrodon
|-ability|p2a: Gastrodon|Storm Drain|boost
|-boost|p2a: Gastrodon|spa|1
|
|upkeep
|turn|7
|inactive|srpada has 120 seconds left.
|
|t:|1776142319
|-end|p1a: Walking Wake|Protosynthesis|[silent]
|switch|p1a: Cresselia|Cresselia, F|100/100
|move|p2a: Gastrodon|Stealth Rock|p1a: Cresselia
|-sidestart|p1: srpada|move: Stealth Rock
|
|upkeep
|turn|8
|inactive|srpada has 120 seconds left.
|
|t:|1776142332
|switch|p2a: Meowscarada|Meowscarada, F, shiny|100/100
|move|p1a: Cresselia|Ice Beam|p2a: Meowscarada
|-supereffective|p2a: Meowscarada
|-damage|p2a: Meowscarada|52/100
|
|upkeep
|turn|9
|inactive|srpada has 120 seconds left.
|
|t:|1776142343
|move|p2a: Meowscarada|Knock Off|p1a: Cresselia
|-start|p2a: Meowscarada|typechange|Dark|[from] ability: Protean
|-supereffective|p1a: Cresselia
|-damage|p1a: Cresselia|27/100
|-enditem|p1a: Cresselia|Eject Button|[from] move: Knock Off|[of] p2a: Meowscarada
|move|p1a: Cresselia|Thunder Wave|p2a: Meowscarada
|-status|p2a: Meowscarada|par
|
|upkeep
|turn|10
|inactive|srpada has 120 seconds left.
|
|t:|1776142358
|move|p1a: Cresselia|Lunar Dance|p1a: Cresselia
|faint|p1a: Cresselia
|move|p2a: Meowscarada|Knock Off|p1: Cresselia|[notarget]
|-fail|p2a: Meowscarada
|
|upkeep
|inactive|srpada has 120 seconds left.
|
|t:|1776142363
|switch|p1a: Iron Moth|Iron Moth|22/100
|-heal|p1a: Iron Moth|100/100|[from] move: Lunar Dance
|-damage|p1a: Iron Moth|76/100|[from] Stealth Rock
|turn|11
|
|t:|1776142372
|move|p1a: Iron Moth|Fiery Dance|p2a: Meowscarada
|-crit|p2a: Meowscarada
|-damage|p2a: Meowscarada|0 fnt
|faint|p2a: Meowscarada
|
|upkeep
|
|t:|1776142376
|switch|p2a: Skeledirge|Skeledirge, F, shiny|100/100
|turn|12
|
|t:|1776142384
|-end|p1a: Iron Moth|Quark Drive|[silent]
|switch|p1a: Ninetales|Ninetales, M|100/100
|-damage|p1a: Ninetales|76/100|[from] Stealth Rock
|-weather|SunnyDay|[from] ability: Drought|[of] p1a: Ninetales
|move|p2a: Skeledirge|Torch Song|p1a: Ninetales
|-resisted|p1a: Ninetales
|-damage|p1a: Ninetales|52/100
|-boost|p2a: Skeledirge|spa|1
|
|-weather|SunnyDay|[upkeep]
|upkeep
|turn|13
|
|t:|1776142398
|move|p1a: Ninetales|Encore|p2a: Skeledirge
|-start|p2a: Skeledirge|Encore
|move|p2a: Skeledirge|Torch Song|p1a: Ninetales
|-resisted|p1a: Ninetales
|-damage|p1a: Ninetales|21/100
|-boost|p2a: Skeledirge|spa|1
|
|-weather|SunnyDay|[upkeep]
|upkeep
|turn|14
|
|t:|1776142408
|switch|p1a: Walking Wake|Walking Wake|100/100
|-damage|p1a: Walking Wake|88/100|[from] Stealth Rock
|-activate|p1a: Walking Wake|ability: Protosynthesis
|-start|p1a: Walking Wake|protosynthesisspa
|move|p2a: Skeledirge|Torch Song|p1a: Walking Wake
|-resisted|p1a: Walking Wake
|-damage|p1a: Walking Wake|60/100
|-boost|p2a: Skeledirge|spa|1
|
|-weather|SunnyDay|[upkeep]
|upkeep
|turn|15
|
|t:|1776142425
|move|p1a: Walking Wake|Draco Meteor|p2a: Skeledirge
|-damage|p2a: Skeledirge|0 fnt
|-unboost|p1a: Walking Wake|spa|2
|faint|p2a: Skeledirge
|
|-weather|SunnyDay|[upkeep]
|upkeep
|
|t:|1776142428
|switch|p2a: Iron Valiant|Iron Valiant, shiny|100/100
|turn|16
|
|t:|1776142441
|-end|p1a: Walking Wake|Protosynthesis|[silent]
|switch|p1a: Iron Moth|Iron Moth|76/100
|-damage|p1a: Iron Moth|51/100|[from] Stealth Rock
|move|p2a: Iron Valiant|Moonblast|p1a: Iron Moth
|-resisted|p1a: Iron Moth
|-damage|p1a: Iron Moth|37/100
|-unboost|p1a: Iron Moth|spa|1
|-damage|p2a: Iron Valiant|91/100|[from] item: Life Orb
|
|-weather|SunnyDay|[upkeep]
|upkeep
|turn|17
|
|t:|1776142459
|move|p2a: Iron Valiant|Psychic|p1a: Iron Moth
|-supereffective|p1a: Iron Moth
|-damage|p1a: Iron Moth|0 fnt
|faint|p1a: Iron Moth
|-end|p1a: Iron Moth|Quark Drive|[silent]
|-damage|p2a: Iron Valiant|81/100|[from] item: Life Orb
|
|-weather|SunnyDay|[upkeep]
|upkeep
|inactive|srpada has 120 seconds left.
|
|t:|1776142478
|switch|p1a: Raging Bolt|Raging Bolt|100/100
|-damage|p1a: Raging Bolt|88/100|[from] Stealth Rock
|-activate|p1a: Raging Bolt|ability: Protosynthesis
|-start|p1a: Raging Bolt|protosynthesisspa
|turn|18
|inactive|srpada has 120 seconds left.
|
|t:|1776142494
|-end|p2a: Iron Valiant|Quark Drive|[silent]
|switch|p2a: Gastrodon|Gastrodon-East, M, shiny|100/100
|-terastallize|p1a: Raging Bolt|Fairy
|move|p1a: Raging Bolt|Weather Ball|p2a: Gastrodon
|-resisted|p2a: Gastrodon
|-damage|p2a: Gastrodon|65/100
|-damage|p1a: Raging Bolt|78/100|[from] item: Life Orb
|
|-weather|SunnyDay|[upkeep]
|-heal|p2a: Gastrodon|71/100|[from] item: Leftovers
|upkeep
|turn|19
|inactive|srpada has 120 seconds left.
|
|t:|1776142506
|move|p1a: Raging Bolt|Weather Ball|p2a: Gastrodon
|-resisted|p2a: Gastrodon
|-damage|p2a: Gastrodon|35/100
|-damage|p1a: Raging Bolt|68/100|[from] item: Life Orb
|move|p2a: Gastrodon|Earth Power|p1a: Raging Bolt
|-damage|p1a: Raging Bolt|40/100
|
|-weather|none
|-end|p1a: Raging Bolt|Protosynthesis
|-heal|p2a: Gastrodon|41/100|[from] item: Leftovers
|upkeep
|turn|20
|inactive|srpada has 120 seconds left.
|
|t:|1776142518
|move|p1a: Raging Bolt|Dragon Pulse|p2a: Gastrodon
|-damage|p2a: Gastrodon|0 fnt
|faint|p2a: Gastrodon
|-damage|p1a: Raging Bolt|30/100|[from] item: Life Orb
|
|upkeep
|
|t:|1776142526
|switch|p2a: Weezing|Weezing-Galar, F, shiny|100/100
|turn|21
|
|t:|1776142530
|move|p1a: Raging Bolt|Thunderbolt|p2a: Weezing
|-damage|p2a: Weezing|11/100
|-damage|p1a: Raging Bolt|20/100|[from] item: Life Orb
|move|p2a: Weezing|Will-O-Wisp|p1a: Raging Bolt
|-status|p1a: Raging Bolt|brn
|
|-heal|p2a: Weezing|17/100|[from] item: Black Sludge
|-damage|p1a: Raging Bolt|14/100 brn|[from] brn
|upkeep
|turn|22
|
|t:|1776142541
|move|p1a: Raging Bolt|Thunderbolt|p2a: Weezing
|-damage|p2a: Weezing|0 fnt
|faint|p2a: Weezing
|-damage|p1a: Raging Bolt|4/100 brn|[from] item: Life Orb
|
|-damage|p1a: Raging Bolt|0 fnt|[from] brn
|faint|p1a: Raging Bolt
|-end|p1a: Raging Bolt|Protosynthesis|[silent]
|upkeep
|
|t:|1776142553
|switch|p1a: Ninetales|Ninetales, M|21/100
|switch|p2a: Iron Valiant|Iron Valiant, shiny|81/100
|-damage|p1a: Ninetales|0 fnt|[from] Stealth Rock
|faint|p1a: Ninetales
|
|t:|1776142561
|switch|p1a: Great Tusk|Great Tusk|100/100
|-damage|p1a: Great Tusk|97/100|[from] Stealth Rock
|turn|23
|
|t:|1776142569
|move|p2a: Iron Valiant|Moonblast|p1a: Great Tusk
|-supereffective|p1a: Great Tusk
|-crit|p1a: Great Tusk
|-damage|p1a: Great Tusk|0 fnt
|faint|p1a: Great Tusk
|-end|p1a: Great Tusk|Protosynthesis|[silent]
|-damage|p2a: Iron Valiant|71/100|[from] item: Life Orb
|
|upkeep
|
|t:|1776142573
|switch|p1a: Walking Wake|Walking Wake|60/100
|-damage|p1a: Walking Wake|48/100|[from] Stealth Rock
|turn|24
|
|t:|1776142578
|move|p2a: Iron Valiant|Moonblast|p1a: Walking Wake
|-supereffective|p1a: Walking Wake
|-damage|p1a: Walking Wake|0 fnt
|faint|p1a: Walking Wake
|-end|p1a: Walking Wake|Protosynthesis|[silent]
|-damage|p2a: Iron Valiant|62/100|[from] item: Life Orb
|
|win|DrgFlyKng
|raw|srpada's rating: 1283 &rarr; <strong>1253</strong><br />(-30 for losing)
|raw|DrgFlyKng's rating: 1212 &rarr; <strong>1242</strong><br />(+30 for winning)
|l|☆srpada
|player|p1|
