|html|<div class="broadcast-blue"><strong>[Gen 9] OU is currently suspecting Tera Blast! For information on how to participate check out the <a href="https://www.smogon.com/tools/suspects/view/200">suspect thread</a>.</strong></div>
|j|☆magistermilitum420
|j|☆Fjir
|t:|1776193124
|gametype|singles
|player|p1|magistermilitum420|blue|1348
|player|p2|Fjir|swimmer|1292
|gen|9
|tier|[Gen 9] OU
|rated|
|rule|HP Percentage Mod: HP is shown in percentages
|rule|Endless Battle Clause: Forcing endless battles is banned
|rule|Species Clause: Limit one of each Pokémon
|rule|OHKO Clause: OHKO moves are banned
|rule|Evasion Items Clause: Evasion items are banned
|rule|Evasion Moves Clause: Evasion moves are banned
|rule|Evasion Abilities Clause: Evasion abilities are banned
|rule|Sleep Moves Clause: Sleep-inducing moves are banned
|clearpoke
|poke|p1|Meowscarada, F|
|poke|p1|Great Tusk|
|poke|p1|Alomomola, M|
|poke|p1|Slowking-Galar, F|
|poke|p1|Iron Valiant|
|poke|p1|Heatran, M|
|poke|p2|Pelipper, M|
|poke|p2|Zapdos|
|poke|p2|Iron Treads|
|poke|p2|Barraskewda, F|
|poke|p2|Toxicroak, F|
|poke|p2|Sableye, F|
|teampreview
|
|t:|1776193138
|teamsize|p1|6
|teamsize|p2|6
|start
|switch|p1a: Mithridates|Slowking-Galar, F|100/100
|switch|p2a: Pelipper|Pelipper, M|100/100
|-weather|RainDance|[from] ability: Drizzle|[of] p2a: Pelipper
|turn|1
|
|t:|1776193149
|move|p2a: Pelipper|Surf|p1a: Mithridates
|-damage|p1a: Mithridates|77/100
|move|p1a: Mithridates|Sludge Bomb|p2a: Pelipper
|-damage|p2a: Pelipper|39/100
|
|-weather|RainDance|[upkeep]
|upkeep
|turn|2
|
|t:|1776193160
|move|p2a: Pelipper|U-turn|p1a: Mithridates
|-damage|p1a: Mithridates|68/100
|
|t:|1776193163
|switch|p2a: Iron Treads|Iron Treads|100/100|[from] U-turn
|move|p1a: Mithridates|Surf|p2a: Iron Treads
|-supereffective|p2a: Iron Treads
|-damage|p2a: Iron Treads|0 fnt
|faint|p2a: Iron Treads
|-end|p2a: Iron Treads|Quark Drive|[silent]
|
|-weather|RainDance|[upkeep]
|upkeep
|
|t:|1776193168
|switch|p2a: Barraskewda|Barraskewda, F|100/100
|turn|3
|
|t:|1776193172
|switch|p1a: Charybdis|Alomomola, M, shiny|100/100
|-terastallize|p2a: Barraskewda|Water
|move|p2a: Barraskewda|Liquidation|p1a: Charybdis
|-resisted|p1a: Charybdis
|-damage|p1a: Charybdis|62/100
|-damage|p2a: Barraskewda|84/100|[from] item: Rocky Helmet|[of] p1a: Charybdis
|
|-weather|RainDance|[upkeep]
|upkeep
|turn|4
|
|t:|1776193181
|switch|p2a: Harder daddy|Toxicroak, F, shiny|100/100
|move|p1a: Charybdis|Wish|p1a: Charybdis
|
|-weather|RainDance|[upkeep]
|upkeep
|turn|5
|
|t:|1776193254
|move|p1a: Charybdis|Protect|p1a: Charybdis
|-singleturn|p1a: Charybdis|Protect
|move|p2a: Harder daddy|Knock Off|p1a: Charybdis
|-activate|p1a: Charybdis|move: Protect
|
|-weather|RainDance|[upkeep]
|-heal|p1a: Charybdis|100/100|[from] move: Wish|[wisher] Charybdis
|upkeep
|turn|6
|
|t:|1776193271
|switch|p1a: Barca|Great Tusk|100/100
|move|p2a: Harder daddy|Knock Off|p1a: Barca
|-resisted|p1a: Barca
|-crit|p1a: Barca
|-damage|p1a: Barca|92/100
|-enditem|p1a: Barca|Leftovers|[from] move: Knock Off|[of] p2a: Harder daddy
|
|-weather|RainDance|[upkeep]
|upkeep
|turn|7
|inactive|Battle timer is ON: inactive players will automatically lose when time's up. (requested by magistermilitum420)
|-message|Fjir forfeited.
|
|win|magistermilitum420
|raw|magistermilitum420's rating: 1348 &rarr; <strong>1365</strong><br />(+17 for winning)
|raw|Fjir's rating: 1292 &rarr; <strong>1271</strong><br />(-21 for losing)
|l|☆Fjir
|player|p2|
