|html|<div class="broadcast-blue"><strong>[Gen 9] OU is currently suspecting Tera Blast! For information on how to participate check out the <a href="https://www.smogon.com/tools/suspects/view/200">suspect thread</a>.</strong></div>
|j|☆icylikedecember
|j|☆sminey
|t:|1776041620
|gametype|singles
|player|p1|icylikedecember|skierf|1704
|player|p2|sminey|palmer|1807
|gen|9
|tier|[Gen 9] OU
|rated|
|rule|HP Percentage Mod: HP is shown in percentages
|rule|Endless Battle Clause: Forcing endless battles is banned
|rule|Species Clause: Limit one of each Pokémon
|rule|OHKO Clause: OHKO moves are banned
|rule|Evasion Items Clause: Evasion items are banned
|rule|Evasion Moves Clause: Evasion moves are banned
|rule|Evasion Abilities Clause: Evasion abilities are banned
|rule|Sleep Moves Clause: Sleep-inducing moves are banned
|clearpoke
|poke|p1|Landorus-Therian, M|
|poke|p1|Corviknight, M|
|poke|p1|Slowking-Galar, M|
|poke|p1|Crawdaunt, M|
|poke|p1|Darkrai|
|poke|p1|Gholdengo|
|poke|p2|Cinderace, F|
|poke|p2|Zapdos|
|poke|p2|Latios, M|
|poke|p2|Weavile, M|
|poke|p2|Clefable, M|
|poke|p2|Slowking-Galar, F|
|teampreview
|j| abGodc
|
|t:|1776041629
|teamsize|p1|6
|teamsize|p2|6
|start
|switch|p1a: Crawdaunt|Crawdaunt, M|100/100
|switch|p2a: Zapdos|Zapdos|100/100
|turn|1
|l| abGodc
|
|t:|1776041634
|switch|p1a: Landorus|Landorus-Therian, M|100/100
|-ability|p1a: Landorus|Intimidate|boost
|-unboost|p2a: Zapdos|atk|1
|move|p2a: Zapdos|Hurricane|p1a: Landorus
|-damage|p1a: Landorus|52/100
|-start|p1a: Landorus|confusion
|
|upkeep
|turn|2
|
|t:|1776041642
|switch|p1a: Slowking|Slowking-Galar, M, shiny|100/100
|move|p2a: Zapdos|Hurricane|p1a: Slowking|[miss]
|-miss|p2a: Zapdos|p1a: Slowking
|
|upkeep
|turn|3
|j| Little Cuack
|
|t:|1776041649
|move|p2a: Zapdos|Thunder Wave|p1a: Slowking
|-status|p1a: Slowking|par
|move|p1a: Slowking|Psyshock|p2a: Zapdos
|-damage|p2a: Zapdos|72/100
|
|upkeep
|turn|4
|l| Little Cuack
|
|t:|1776041653
|move|p2a: Zapdos|Volt Switch|p1a: Slowking
|-damage|p1a: Slowking|86/100 par
|
|t:|1776041655
|switch|p2a: Slowking|Slowking-Galar, F|100/100|[from] Volt Switch
|move|p1a: Slowking|Psyshock|p2a: Slowking
|-damage|p2a: Slowking|58/100
|
|upkeep
|turn|5
|
|t:|1776041661
|switch|p1a: Crawdaunt|Crawdaunt, M|100/100
|move|p2a: Slowking|Psyshock|p1a: Crawdaunt
|-immune|p1a: Crawdaunt
|
|upkeep
|turn|6
|
|t:|1776041667
|switch|p2a: Clefable|Clefable, M|100/100
|move|p1a: Crawdaunt|Crabhammer|p2a: Clefable
|-damage|p2a: Clefable|18/100
|
|upkeep
|turn|7
|
|t:|1776041672
|move|p1a: Crawdaunt|Crabhammer|p2a: Clefable
|-crit|p2a: Clefable
|-damage|p2a: Clefable|0 fnt
|faint|p2a: Clefable
|
|upkeep
|
|t:|1776041676
|switch|p2a: Cinderace|Cinderace, F|100/100
|turn|8
|
|t:|1776041678
|switch|p1a: Landorus|Landorus-Therian, M|52/100
|-ability|p1a: Landorus|Intimidate|boost
|-unboost|p2a: Cinderace|atk|1
|move|p2a: Cinderace|Pyro Ball|p1a: Landorus
|-damage|p1a: Landorus|17/100
|-status|p1a: Landorus|brn
|
|-damage|p1a: Landorus|11/100 brn|[from] brn
|upkeep
|turn|9
|
|t:|1776041686
|move|p2a: Cinderace|Pyro Ball|p1a: Landorus
|-damage|p1a: Landorus|0 fnt
|faint|p1a: Landorus
|
|upkeep
|
|t:|1776041694
|switch|p1a: Crawdaunt|Crawdaunt, M|100/100
|turn|10
|
|t:|1776041718
|switch|p2a: Zapdos|Zapdos|72/100
|move|p1a: Crawdaunt|Knock Off|p2a: Zapdos
|-damage|p2a: Zapdos|0 fnt
|-enditem|p2a: Zapdos|Heavy-Duty Boots|[from] move: Knock Off|[of] p1a: Crawdaunt
|faint|p2a: Zapdos
|
|upkeep
|
|t:|1776041721
|switch|p2a: Cinderace|Cinderace, F|100/100
|turn|11
|
|t:|1776041739
|switch|p1a: Darkrai|Darkrai|100/100
|move|p2a: Cinderace|Pyro Ball|p1a: Darkrai
|-damage|p1a: Darkrai|23/100
|
|upkeep
|turn|12
|j| raditzisthebest
|
|t:|1776041759
|move|p2a: Cinderace|Sucker Punch|p1a: Darkrai
|-start|p2a: Cinderace|typechange|Dark|[from] ability: Libero
|-resisted|p1a: Darkrai
|-damage|p1a: Darkrai|1/100
|move|p1a: Darkrai|Dark Pulse|p2a: Cinderace
|-resisted|p2a: Cinderace
|-damage|p2a: Cinderace|70/100
|
|upkeep
|turn|13
|
|t:|1776041770
|switch|p1a: Corviknight|Corviknight, M, shiny|100/100
|-ability|p1a: Corviknight|Pressure
|move|p2a: Cinderace|U-turn|p1a: Corviknight
|-resisted|p1a: Corviknight
|-damage|p1a: Corviknight|97/100
|
|t:|1776041775
|switch|p2a: Slowking|Slowking-Galar, F|91/100|[from] U-turn
|
|-heal|p1a: Corviknight|100/100|[from] item: Leftovers
|upkeep
|turn|14
|
|t:|1776041789
|move|p1a: Corviknight|U-turn|p2a: Slowking
|-damage|p2a: Slowking|75/100
|
|t:|1776041792
|switch|p1a: Gholdengo|Gholdengo|100/100|[from] U-turn
|move|p2a: Slowking|Sludge Bomb|p1a: Gholdengo
|-immune|p1a: Gholdengo
|
|upkeep
|turn|15
|
|t:|1776041797
|move|p1a: Gholdengo|Shadow Ball|p2a: Slowking
|-supereffective|p2a: Slowking
|-damage|p2a: Slowking|38/100
|move|p2a: Slowking|Flamethrower|p1a: Gholdengo
|-supereffective|p1a: Gholdengo
|-damage|p1a: Gholdengo|40/100
|
|upkeep
|turn|16
|
|t:|1776041807
|switch|p1a: Crawdaunt|Crawdaunt, M|100/100
|move|p2a: Slowking|Flamethrower|p1a: Crawdaunt
|-resisted|p1a: Crawdaunt
|-damage|p1a: Crawdaunt|76/100
|
|upkeep
|turn|17
|
|t:|1776041815
|move|p1a: Crawdaunt|Knock Off|p2a: Slowking
|-supereffective|p2a: Slowking
|-damage|p2a: Slowking|0 fnt
|-enditem|p2a: Slowking|Assault Vest|[from] move: Knock Off|[of] p1a: Crawdaunt
|faint|p2a: Slowking
|
|upkeep
|
|t:|1776041826
|switch|p2a: Cinderace|Cinderace, F|70/100
|turn|18
|
|t:|1776041832
|switch|p1a: Darkrai|Darkrai|1/100
|move|p2a: Cinderace|U-turn|p1a: Darkrai
|-start|p2a: Cinderace|typechange|Bug|[from] ability: Libero
|-supereffective|p1a: Darkrai
|-damage|p1a: Darkrai|0 fnt
|faint|p1a: Darkrai
|
|t:|1776041836
|switch|p2a: Latios|Latios, M|100/100|[from] U-turn
|
|upkeep
|
|t:|1776041844
|switch|p1a: Slowking|Slowking-Galar, M, shiny|100/100 par
|turn|19
|
|t:|1776041852
|move|p2a: Latios|Flip Turn|p1a: Slowking
|-damage|p1a: Slowking|90/100 par
|
|t:|1776041854
|switch|p2a: Cinderace|Cinderace, F|70/100|[from] Flip Turn
|move|p1a: Slowking|Sludge Bomb|p2a: Cinderace
|-damage|p2a: Cinderace|5/100
|
|upkeep
|turn|20
|
|t:|1776041861
|move|p2a: Cinderace|Sucker Punch|p1a: Slowking
|-start|p2a: Cinderace|typechange|Dark|[from] ability: Libero
|-supereffective|p1a: Slowking
|-damage|p1a: Slowking|15/100 par
|cant|p1a: Slowking|par
|
|upkeep
|turn|21
|
|t:|1776041869
|switch|p1a: Corviknight|Corviknight, M, shiny|100/100
|-ability|p1a: Corviknight|Pressure
|move|p2a: Cinderace|Pyro Ball|p1a: Corviknight
|-supereffective|p1a: Corviknight
|-damage|p1a: Corviknight|50/100
|-status|p1a: Corviknight|brn
|
|-heal|p1a: Corviknight|56/100 brn|[from] item: Leftovers
|-damage|p1a: Corviknight|50/100 brn|[from] brn
|upkeep
|turn|22
|j| kindnessalwayswins
|
|t:|1776041880
|-terastallize|p1a: Corviknight|Dragon
|move|p2a: Cinderace|Pyro Ball|p1a: Corviknight
|-resisted|p1a: Corviknight
|-crit|p1a: Corviknight
|-damage|p1a: Corviknight|33/100 brn
|move|p1a: Corviknight|U-turn|p2a: Cinderace
|-supereffective|p2a: Cinderace
|-damage|p2a: Cinderace|0 fnt
|faint|p2a: Cinderace
|
|t:|1776041888
|switch|p1a: Slowking|Slowking-Galar, M, shiny|48/100 par|[from] U-turn
|
|upkeep
|
|t:|1776041890
|switch|p2a: Weavile|Weavile, M|100/100
|-ability|p2a: Weavile|Pressure
|turn|23
|
|t:|1776041914
|switch|p1a: Corviknight|Corviknight, M, shiny, tera:Dragon|33/100 brn
|-ability|p1a: Corviknight|Pressure
|move|p2a: Weavile|Knock Off|p1a: Corviknight
|-damage|p1a: Corviknight|2/100 brn
|-enditem|p1a: Corviknight|Leftovers|[from] move: Knock Off|[of] p2a: Weavile
|
|-damage|p1a: Corviknight|0 fnt|[from] brn
|faint|p1a: Corviknight
|upkeep
|
|t:|1776041925
|switch|p1a: Gholdengo|Gholdengo|40/100
|turn|24
|
|t:|1776041930
|switch|p2a: Latios|Latios, M|100/100
|move|p1a: Gholdengo|Dazzling Gleam|p2a: Latios
|-supereffective|p2a: Latios
|-damage|p2a: Latios|43/100
|
|upkeep
|turn|25
|
|t:|1776041977
|switch|p1a: Slowking|Slowking-Galar, M, shiny|81/100 par
|-terastallize|p2a: Latios|Steel
|move|p2a: Latios|Draco Meteor|p1a: Slowking
|-damage|p1a: Slowking|49/100 par
|-unboost|p2a: Latios|spa|2
|
|upkeep
|turn|26
|
|t:|1776041984
|move|p2a: Latios|Draco Meteor|p1a: Slowking
|-damage|p1a: Slowking|32/100 par
|-unboost|p2a: Latios|spa|2
|move|p1a: Slowking|Flamethrower|p2a: Latios
|-supereffective|p2a: Latios
|-damage|p2a: Latios|0 fnt
|faint|p2a: Latios
|
|upkeep
|
|t:|1776041989
|switch|p2a: Weavile|Weavile, M|100/100
|-ability|p2a: Weavile|Pressure
|turn|27
|
|t:|1776041993
|move|p2a: Weavile|Swords Dance|p2a: Weavile
|-boost|p2a: Weavile|atk|2
|move|p1a: Slowking|Flamethrower|p2a: Weavile
|-supereffective|p2a: Weavile
|-damage|p2a: Weavile|19/100
|
|upkeep
|turn|28
|
|t:|1776041996
|move|p2a: Weavile|Knock Off|p1a: Slowking
|-supereffective|p1a: Slowking
|-damage|p1a: Slowking|0 fnt
|-enditem|p1a: Slowking|Assault Vest|[from] move: Knock Off|[of] p2a: Weavile
|faint|p1a: Slowking
|
|upkeep
|
|t:|1776041998
|switch|p1a: Crawdaunt|Crawdaunt, M|76/100
|turn|29
|
|t:|1776042000
|move|p1a: Crawdaunt|Aqua Jet|p2a: Weavile
|-damage|p2a: Weavile|0 fnt
|faint|p2a: Weavile
|
|win|icylikedecember
|raw|icylikedecember's rating: 1704 &rarr; <strong>1730</strong><br />(+26 for winning)
|raw|sminey's rating: 1807 &rarr; <strong>1781</strong><br />(-26 for losing)
|l|☆sminey
|player|p2|
|l| raditzisthebest
|l|☆icylikedecember
|player|p1|
|j| blazitovgc
|l| kindnessalwayswins
|l| blazitovgc
