|html|<div class="broadcast-blue"><strong>[Gen 9] OU is currently suspecting Tera Blast! For information on how to participate check out the <a href="https://www.smogon.com/tools/suspects/view/200">suspect thread</a>.</strong></div>
|j|☆Carlomorti
|j|☆mohva
|t:|1776058399
|gametype|singles
|player|p1|Carlomorti|morty|1278
|player|p2|mohva|koga|1279
|gen|9
|tier|[Gen 9] OU
|rated|
|rule|HP Percentage Mod: HP is shown in percentages
|rule|Endless Battle Clause: Forcing endless battles is banned
|rule|Species Clause: Limit one of each Pokémon
|rule|OHKO Clause: OHKO moves are banned
|rule|Evasion Items Clause: Evasion items are banned
|rule|Evasion Moves Clause: Evasion moves are banned
|rule|Evasion Abilities Clause: Evasion abilities are banned
|rule|Sleep Moves Clause: Sleep-inducing moves are banned
|clearpoke
|poke|p1|Rhydon, M|
|poke|p1|Clawitzer, M|
|poke|p1|Bronzong|
|poke|p1|Dedenne, F|
|poke|p1|Chesnaught, M|
|poke|p1|Avalugg-Hisui, M|
|poke|p2|Deoxys-Speed|
|poke|p2|Gholdengo|
|poke|p2|Iron Treads|
|poke|p2|Dragonite, F|
|poke|p2|Iron Moth|
|poke|p2|Samurott-Hisui, F|
|teampreview
|inactive|Battle timer is ON: inactive players will automatically lose when time's up. (requested by mohva)
|
|t:|1776058407
|teamsize|p1|6
|teamsize|p2|6
|start
|switch|p1a: Clawitzer|Clawitzer, M, shiny|100/100
|switch|p2a: Samurott|Samurott-Hisui, F|100/100
|turn|1
|
|t:|1776058415
|move|p2a: Samurott|Ceaseless Edge|p1a: Clawitzer
|-damage|p1a: Clawitzer|53/100
|-sidestart|p1: Carlomorti|Spikes
|move|p1a: Clawitzer|Aura Sphere|p2a: Samurott
|-supereffective|p2a: Samurott
|-enditem|p2a: Samurott|Focus Sash
|-damage|p2a: Samurott|1/100
|
|upkeep
|turn|2
|
|t:|1776058423
|move|p2a: Samurott|Ceaseless Edge|p1a: Clawitzer
|-damage|p1a: Clawitzer|7/100
|-sidestart|p1: Carlomorti|Spikes
|move|p1a: Clawitzer|Aura Sphere|p2a: Samurott
|-supereffective|p2a: Samurott
|-damage|p2a: Samurott|0 fnt
|faint|p2a: Samurott
|
|upkeep
|
|t:|1776058427
|switch|p2a: Dragonite|Dragonite, F|100/100
|turn|3
|
|t:|1776058430
|move|p2a: Dragonite|Dragon Dance|p2a: Dragonite
|-boost|p2a: Dragonite|atk|1
|-boost|p2a: Dragonite|spe|1
|move|p1a: Clawitzer|Ice Beam|p2a: Dragonite
|-supereffective|p2a: Dragonite
|-damage|p2a: Dragonite|27/100
|
|upkeep
|turn|4
|
|t:|1776058437
|move|p2a: Dragonite|Earthquake|p1a: Clawitzer
|-damage|p1a: Clawitzer|0 fnt
|faint|p1a: Clawitzer
|
|upkeep
|
|t:|1776058439
|switch|p1a: Avalugg|Avalugg-Hisui, M, shiny|100/100
|-damage|p1a: Avalugg|84/100|[from] Spikes
|turn|5
|
|t:|1776058444
|move|p2a: Dragonite|Earthquake|p1a: Avalugg
|-supereffective|p1a: Avalugg
|-damage|p1a: Avalugg|32/100
|move|p1a: Avalugg|Rapid Spin|p2a: Dragonite
|-damage|p2a: Dragonite|5/100
|-boost|p1a: Avalugg|spe|1
|-sideend|p1: Carlomorti|Spikes|[from] move: Rapid Spin|[of] p1a: Avalugg
|
|upkeep
|turn|6
|
|t:|1776058453
|-terastallize|p1a: Avalugg|Flying
|move|p2a: Dragonite|Earthquake|p1a: Avalugg
|-immune|p1a: Avalugg
|move|p1a: Avalugg|Icicle Spear|p2a: Dragonite
|-supereffective|p2a: Dragonite
|-damage|p2a: Dragonite|0 fnt
|faint|p2a: Dragonite
|-hitcount|p2: Dragonite|1
|
|upkeep
|
|t:|1776058458
|switch|p2a: Iron Moth|Iron Moth|100/100
|-enditem|p2a: Iron Moth|Booster Energy
|-activate|p2a: Iron Moth|ability: Quark Drive|[fromitem]
|-start|p2a: Iron Moth|quarkdrivespe
|turn|7
|
|t:|1776058465
|move|p2a: Iron Moth|Fiery Dance|p1a: Avalugg
|-damage|p1a: Avalugg|0 fnt
|faint|p1a: Avalugg
|
|upkeep
|
|t:|1776058472
|switch|p1a: Rhydon|Rhydon, M|100/100
|turn|8
|
|t:|1776058480
|-terastallize|p2a: Iron Moth|Ground
|move|p2a: Iron Moth|Tera Blast|p1a: Rhydon|[anim] Tera Blast Ground
|-supereffective|p1a: Rhydon
|-damage|p1a: Rhydon|22/100
|move|p1a: Rhydon|Stone Edge|p2a: Iron Moth
|-resisted|p2a: Iron Moth
|-damage|p2a: Iron Moth|61/100
|
|upkeep
|turn|9
|
|t:|1776058490
|move|p2a: Iron Moth|Tera Blast|p1a: Rhydon|[anim] Tera Blast Ground
|-supereffective|p1a: Rhydon
|-damage|p1a: Rhydon|0 fnt
|faint|p1a: Rhydon
|
|upkeep
|-message|Carlomorti forfeited.
|
|win|mohva
|raw|Carlomorti's rating: 1278 &rarr; <strong>1253</strong><br />(-25 for losing)
|raw|mohva's rating: 1279 &rarr; <strong>1304</strong><br />(+25 for winning)
|l|☆Carlomorti
|player|p1|
|l|☆mohva
|player|p2|
