|html|<div class="broadcast-blue"><strong>[Gen 9] OU is currently suspecting Tera Blast! For information on how to participate check out the <a href="https://www.smogon.com/tools/suspects/view/200">suspect thread</a>.</strong></div>
|j|☆lightning1908
|j|☆N1MF
|t:|1776053063
|gametype|singles
|player|p1|lightning1908|unknownf|1304
|player|p2|N1MF|harlequin|1365
|gen|9
|tier|[Gen 9] OU
|rated|
|rule|HP Percentage Mod: HP is shown in percentages
|rule|Endless Battle Clause: Forcing endless battles is banned
|rule|Species Clause: Limit one of each Pokémon
|rule|OHKO Clause: OHKO moves are banned
|rule|Evasion Items Clause: Evasion items are banned
|rule|Evasion Moves Clause: Evasion moves are banned
|rule|Evasion Abilities Clause: Evasion abilities are banned
|rule|Sleep Moves Clause: Sleep-inducing moves are banned
|clearpoke
|poke|p1|Kingambit, F|
|poke|p1|Ogerpon-Wellspring, F|
|poke|p1|Slowking-Galar, M|
|poke|p1|Cinderace, M|
|poke|p1|Great Tusk|
|poke|p1|Zapdos|
|poke|p2|Primarina, F|
|poke|p2|Kyurem|
|poke|p2|Moltres|
|poke|p2|Slowking-Galar, M|
|poke|p2|Meowscarada, M|
|poke|p2|Iron Treads|
|teampreview
|inactive|Battle timer is ON: inactive players will automatically lose when time's up. (requested by lightning1908)
|
|t:|1776053075
|teamsize|p1|6
|teamsize|p2|6
|start
|switch|p1a: Cinderace|Cinderace, M|100/100
|switch|p2a: Meowscarada|Meowscarada, M|100/100
|turn|1
|
|t:|1776053079
|move|p2a: Meowscarada|U-turn|p1a: Cinderace
|-start|p2a: Meowscarada|typechange|Bug|[from] ability: Protean
|-resisted|p1a: Cinderace
|-damage|p1a: Cinderace|68/100
|
|t:|1776053082
|switch|p2a: Moltres|Moltres|100/100|[from] U-turn
|move|p1a: Cinderace|U-turn|p2a: Moltres
|-start|p1a: Cinderace|typechange|Bug|[from] ability: Libero
|-resisted|p2a: Moltres
|-damage|p2a: Moltres|95/100
|
|t:|1776053092
|switch|p1a: Zapdos|Zapdos|100/100|[from] U-turn
|
|upkeep
|turn|2
|
|t:|1776053095
|switch|p2a: Slowking|Slowking-Galar, M|100/100
|move|p1a: Zapdos|Volt Switch|p2a: Slowking
|-damage|p2a: Slowking|80/100
|
|t:|1776053102
|switch|p1a: Kingambit|Kingambit, F|100/100|[from] Volt Switch
|
|upkeep
|turn|3
|
|t:|1776053106
|switch|p2a: Moltres|Moltres|95/100
|move|p1a: Kingambit|Kowtow Cleave|p2a: Moltres
|-damage|p2a: Moltres|50/100
|
|upkeep
|turn|4
|
|t:|1776053110
|-end|p1a: Kingambit|fallenundefined|[silent]
|switch|p1a: Zapdos|Zapdos|100/100
|move|p2a: Moltres|Roost|p2a: Moltres
|-heal|p2a: Moltres|99/100
|-singleturn|p2a: Moltres|move: Roost
|
|upkeep
|turn|5
|
|t:|1776053116
|switch|p2a: Slowking|Slowking-Galar, M|100/100
|move|p1a: Zapdos|Hurricane|p2a: Slowking
|-damage|p2a: Slowking|66/100
|
|upkeep
|turn|6
|
|t:|1776053121
|move|p1a: Zapdos|Volt Switch|p2a: Slowking
|-damage|p2a: Slowking|44/100
|
|t:|1776053124
|switch|p1a: Kingambit|Kingambit, F|100/100|[from] Volt Switch
|-prepare|p2a: Slowking|Chilly Reception|[premajor]
|move|p2a: Slowking|Chilly Reception|p2a: Slowking
|-weather|Snowscape
|
|t:|1776053127
|switch|p2a: Moltres|Moltres|99/100|[from] Chilly Reception
|
|-weather|Snowscape|[upkeep]
|upkeep
|turn|7
|
|t:|1776053131
|-end|p1a: Kingambit|fallenundefined|[silent]
|switch|p1a: Zapdos|Zapdos|100/100
|move|p2a: Moltres|Flamethrower|p1a: Zapdos
|-damage|p1a: Zapdos|56/100
|
|-weather|Snowscape|[upkeep]
|upkeep
|turn|8
|
|t:|1776053138
|switch|p2a: Iron Treads|Iron Treads|100/100
|move|p1a: Zapdos|Volt Switch|p2a: Iron Treads
|-immune|p2a: Iron Treads
|
|-weather|Snowscape|[upkeep]
|upkeep
|turn|9
|
|t:|1776053143
|switch|p1a: Great Tusk|Great Tusk|100/100
|move|p2a: Iron Treads|Stealth Rock|p1a: Great Tusk
|-sidestart|p1: lightning1908|move: Stealth Rock
|
|-weather|Snowscape|[upkeep]
|upkeep
|turn|10
|
|t:|1776053146
|-end|p2a: Iron Treads|Quark Drive|[silent]
|switch|p2a: Moltres|Moltres|99/100
|move|p1a: Great Tusk|Rapid Spin|p2a: Moltres
|-damage|p2a: Moltres|88/100
|-boost|p1a: Great Tusk|spe|1
|-sideend|p1: lightning1908|Stealth Rock|[from] move: Rapid Spin|[of] p1a: Great Tusk
|
|-weather|none
|upkeep
|turn|11
|
|t:|1776053151
|-end|p1a: Great Tusk|Protosynthesis|[silent]
|switch|p1a: Slowking|Slowking-Galar, M|100/100
|move|p2a: Moltres|Flamethrower|p1a: Slowking
|-damage|p1a: Slowking|77/100
|
|upkeep
|turn|12
|
|t:|1776053159
|move|p2a: Moltres|U-turn|p1a: Slowking
|-damage|p1a: Slowking|61/100
|
|t:|1776053161
|switch|p2a: Iron Treads|Iron Treads|100/100|[from] U-turn
|move|p1a: Slowking|Future Sight|p2a: Iron Treads
|-start|p1a: Slowking|move: Future Sight
|
|upkeep
|turn|13
|
|t:|1776053165
|switch|p1a: Great Tusk|Great Tusk|100/100
|move|p2a: Iron Treads|Knock Off|p1a: Great Tusk
|-resisted|p1a: Great Tusk
|-damage|p1a: Great Tusk|90/100
|-damage|p2a: Iron Treads|84/100|[from] item: Rocky Helmet|[of] p1a: Great Tusk
|-enditem|p1a: Great Tusk|Rocky Helmet|[from] move: Knock Off|[of] p2a: Iron Treads
|
|-heal|p2a: Iron Treads|90/100|[from] item: Leftovers
|upkeep
|turn|14
|
|t:|1776053175
|-end|p2a: Iron Treads|Quark Drive|[silent]
|switch|p2a: Moltres|Moltres|88/100
|-end|p1a: Great Tusk|Protosynthesis|[silent]
|switch|p1a: Slowking|Slowking-Galar, M|94/100
|
|-end|p2a: Moltres|move: Future Sight
|-damage|p2a: Moltres|45/100
|upkeep
|turn|15
|
|t:|1776053178
|move|p2a: Moltres|Roost|p2a: Moltres
|-heal|p2a: Moltres|95/100
|-singleturn|p2a: Moltres|move: Roost
|move|p1a: Slowking|Future Sight|p2a: Moltres
|-start|p1a: Slowking|move: Future Sight
|
|upkeep
|turn|16
|
|t:|1776053184
|-prepare|p1a: Slowking|Chilly Reception|[premajor]
|move|p1a: Slowking|Chilly Reception|p1a: Slowking
|-weather|Snowscape
|
|t:|1776053188
|switch|p1a: Zapdos|Zapdos|56/100|[from] Chilly Reception
|move|p2a: Moltres|Roar|p1a: Zapdos
|drag|p1a: Kingambit|Kingambit, F|100/100
|
|-weather|Snowscape|[upkeep]
|upkeep
|turn|17
|
|t:|1776053199
|-end|p1a: Kingambit|fallenundefined|[silent]
|switch|p1a: Slowking|Slowking-Galar, M|100/100
|move|p2a: Moltres|U-turn|p1a: Slowking
|-damage|p1a: Slowking|85/100
|
|t:|1776053203
|switch|p2a: Meowscarada|Meowscarada, M|100/100|[from] U-turn
|
|-weather|Snowscape|[upkeep]
|-end|p2a: Meowscarada|move: Future Sight
|-immune|p2a: Meowscarada
|upkeep
|turn|18
|
|t:|1776053212
|switch|p1a: Zapdos|Zapdos|56/100
|move|p2a: Meowscarada|Knock Off|p1a: Zapdos
|-start|p2a: Meowscarada|typechange|Dark|[from] ability: Protean
|-crit|p1a: Zapdos
|-damage|p1a: Zapdos|0 fnt
|-enditem|p1a: Zapdos|Heavy-Duty Boots|[from] move: Knock Off|[of] p2a: Meowscarada
|faint|p1a: Zapdos
|
|-weather|Snowscape|[upkeep]
|upkeep
|
|t:|1776053222
|switch|p1a: Cinderace|Cinderace, M|68/100
|turn|19
|
|t:|1776053225
|move|p2a: Meowscarada|Knock Off|p1a: Cinderace
|-damage|p1a: Cinderace|0 fnt
|-enditem|p1a: Cinderace|Heavy-Duty Boots|[from] move: Knock Off|[of] p2a: Meowscarada
|faint|p1a: Cinderace
|
|-weather|Snowscape|[upkeep]
|upkeep
|
|t:|1776053229
|switch|p1a: Kingambit|Kingambit, F|100/100
|-activate|p1a: Kingambit|ability: Supreme Overlord
|-start|p1a: Kingambit|fallen2|[silent]
|turn|20
|
|t:|1776053232
|switch|p2a: Moltres|Moltres|95/100
|move|p1a: Kingambit|Kowtow Cleave|p2a: Moltres
|-damage|p2a: Moltres|45/100
|-status|p1a: Kingambit|brn|[from] ability: Flame Body|[of] p2a: Moltres
|
|-weather|none
|-damage|p1a: Kingambit|94/100 brn|[from] brn
|upkeep
|turn|21
|
|t:|1776053241
|-end|p1a: Kingambit|fallen2|[silent]
|switch|p1a: Slowking|Slowking-Galar, M|100/100
|move|p2a: Moltres|Roost|p2a: Moltres
|-heal|p2a: Moltres|95/100
|-singleturn|p2a: Moltres|move: Roost
|
|upkeep
|turn|22
|
|t:|1776053246
|move|p2a: Moltres|U-turn|p1a: Slowking
|-damage|p1a: Slowking|84/100
|
|t:|1776053249
|switch|p2a: Meowscarada|Meowscarada, M|100/100|[from] U-turn
|move|p1a: Slowking|Sludge Bomb|p2a: Meowscarada
|-supereffective|p2a: Meowscarada
|-damage|p2a: Meowscarada|0 fnt
|faint|p2a: Meowscarada
|
|upkeep
|
|t:|1776053253
|switch|p2a: Iron Treads|Iron Treads|90/100
|turn|23
|
|t:|1776053257
|move|p2a: Iron Treads|Knock Off|p1a: Slowking
|-supereffective|p1a: Slowking
|-damage|p1a: Slowking|20/100
|-enditem|p1a: Slowking|Heavy-Duty Boots|[from] move: Knock Off|[of] p2a: Iron Treads
|move|p1a: Slowking|Future Sight|p2a: Iron Treads
|-start|p1a: Slowking|move: Future Sight
|
|-heal|p2a: Iron Treads|96/100|[from] item: Leftovers
|upkeep
|turn|24
|
|t:|1776053260
|switch|p1a: Great Tusk|Great Tusk|90/100
|move|p2a: Iron Treads|Stealth Rock|p1a: Great Tusk
|-sidestart|p1: lightning1908|move: Stealth Rock
|
|-heal|p2a: Iron Treads|100/100|[from] item: Leftovers
|upkeep
|turn|25
|
|t:|1776053266
|-end|p2a: Iron Treads|Quark Drive|[silent]
|switch|p2a: Moltres|Moltres|95/100
|move|p1a: Great Tusk|Rapid Spin|p2a: Moltres
|-damage|p2a: Moltres|83/100
|-boost|p1a: Great Tusk|spe|1
|-sideend|p1: lightning1908|Stealth Rock|[from] move: Rapid Spin|[of] p1a: Great Tusk
|
|-end|p2a: Moltres|move: Future Sight
|-damage|p2a: Moltres|33/100
|upkeep
|turn|26
|
|t:|1776053270
|move|p1a: Great Tusk|Close Combat|p2a: Moltres
|-resisted|p2a: Moltres
|-damage|p2a: Moltres|10/100
|-unboost|p1a: Great Tusk|def|1
|-unboost|p1a: Great Tusk|spd|1
|move|p2a: Moltres|Roost|p2a: Moltres
|-heal|p2a: Moltres|60/100
|-singleturn|p2a: Moltres|move: Roost
|
|upkeep
|turn|27
|
|t:|1776053275
|-end|p1a: Great Tusk|Protosynthesis|[silent]
|switch|p1a: Slowking|Slowking-Galar, M|53/100
|move|p2a: Moltres|Roost|p2a: Moltres
|-heal|p2a: Moltres|100/100
|-singleturn|p2a: Moltres|move: Roost
|
|upkeep
|turn|28
|
|t:|1776053279
|move|p2a: Moltres|Flamethrower|p1a: Slowking
|-damage|p1a: Slowking|30/100
|move|p1a: Slowking|Future Sight|p2a: Moltres
|-start|p1a: Slowking|move: Future Sight
|
|upkeep
|turn|29
|
|t:|1776053282
|move|p2a: Moltres|Flamethrower|p1a: Slowking
|-damage|p1a: Slowking|8/100
|move|p1a: Slowking|Sludge Bomb|p2a: Moltres
|-damage|p2a: Moltres|65/100
|
|upkeep
|turn|30
|
|t:|1776053286
|switch|p1a: Great Tusk|Great Tusk|90/100
|move|p2a: Moltres|U-turn|p1a: Great Tusk
|-resisted|p1a: Great Tusk
|-damage|p1a: Great Tusk|85/100
|
|t:|1776053292
|switch|p2a: Slowking|Slowking-Galar, M|78/100|[from] U-turn
|
|-end|p2a: Slowking|move: Future Sight
|-damage|p2a: Slowking|49/100
|upkeep
|turn|31
|
|t:|1776053296
|switch|p2a: Moltres|Moltres|65/100
|move|p1a: Great Tusk|Headlong Rush|p2a: Moltres
|-immune|p2a: Moltres
|
|upkeep
|turn|32
|
|t:|1776053298
|-end|p1a: Great Tusk|Protosynthesis|[silent]
|switch|p1a: Slowking|Slowking-Galar, M|41/100
|move|p2a: Moltres|Roost|p2a: Moltres
|-heal|p2a: Moltres|100/100
|-singleturn|p2a: Moltres|move: Roost
|
|upkeep
|turn|33
|
|t:|1776053303
|move|p2a: Moltres|Flamethrower|p1a: Slowking
|-damage|p1a: Slowking|21/100
|-prepare|p1a: Slowking|Chilly Reception|[premajor]
|move|p1a: Slowking|Chilly Reception|p1a: Slowking
|-weather|Snowscape
|
|t:|1776053305
|switch|p1a: Ogerpon|Ogerpon-Wellspring, F|100/100|[from] Chilly Reception
|
|-weather|Snowscape|[upkeep]
|upkeep
|turn|34
|
|t:|1776053310
|move|p1a: Ogerpon|Ivy Cudgel|p2a: Moltres|[anim] Ivy Cudgel Water
|-supereffective|p2a: Moltres
|-crit|p2a: Moltres
|-damage|p2a: Moltres|0 fnt
|faint|p2a: Moltres
|
|-weather|Snowscape|[upkeep]
|upkeep
|
|t:|1776053314
|switch|p2a: Kyurem|Kyurem|100/100
|-ability|p2a: Kyurem|Pressure
|turn|35
|
|t:|1776053318
|switch|p1a: Slowking|Slowking-Galar, M|54/100
|move|p2a: Kyurem|Dragon Dance|p2a: Kyurem
|-boost|p2a: Kyurem|atk|1
|-boost|p2a: Kyurem|spe|1
|
|-weather|Snowscape|[upkeep]
|upkeep
|turn|36
|
|t:|1776053323
|move|p2a: Kyurem|Icicle Spear|p1a: Slowking
|-damage|p1a: Slowking|32/100
|-damage|p1a: Slowking|13/100
|-damage|p1a: Slowking|0 fnt
|faint|p1a: Slowking
|-hitcount|p1: Slowking|3
|
|-weather|Snowscape|[upkeep]
|upkeep
|
|t:|1776053326
|switch|p1a: Great Tusk|Great Tusk|85/100
|turn|37
|
|t:|1776053331
|-terastallize|p1a: Great Tusk|Ice
|move|p2a: Kyurem|Icicle Spear|p1a: Great Tusk
|-resisted|p1a: Great Tusk
|-damage|p1a: Great Tusk|80/100
|-resisted|p1a: Great Tusk
|-damage|p1a: Great Tusk|75/100
|-resisted|p1a: Great Tusk
|-damage|p1a: Great Tusk|70/100
|-resisted|p1a: Great Tusk
|-damage|p1a: Great Tusk|65/100
|-resisted|p1a: Great Tusk
|-crit|p1a: Great Tusk
|-damage|p1a: Great Tusk|58/100
|-hitcount|p1a: Great Tusk|5
|move|p1a: Great Tusk|Close Combat|p2a: Kyurem
|-supereffective|p2a: Kyurem
|-damage|p2a: Kyurem|24/100
|-unboost|p1a: Great Tusk|def|1
|-unboost|p1a: Great Tusk|spd|1
|
|-weather|none
|upkeep
|turn|38
|
|t:|1776053336
|move|p2a: Kyurem|Scale Shot|p1a: Great Tusk
|-damage|p1a: Great Tusk|35/100
|-damage|p1a: Great Tusk|15/100
|-damage|p1a: Great Tusk|0 fnt
|faint|p1a: Great Tusk
|-end|p1a: Great Tusk|Protosynthesis|[silent]
|-hitcount|p1: Great Tusk|3
|-unboost|p2a: Kyurem|def|1
|-boost|p2a: Kyurem|spe|1
|
|upkeep
|
|t:|1776053339
|switch|p1a: Kingambit|Kingambit, F|94/100 brn
|-activate|p1a: Kingambit|ability: Supreme Overlord
|-start|p1a: Kingambit|fallen4|[silent]
|turn|39
|
|t:|1776053353
|-terastallize|p2a: Kyurem|Fire
|move|p1a: Kingambit|Sucker Punch|p2a: Kyurem
|-damage|p2a: Kyurem|0 fnt
|faint|p2a: Kyurem
|
|-damage|p1a: Kingambit|88/100 brn|[from] brn
|upkeep
|
|t:|1776053359
|switch|p2a: Iron Treads|Iron Treads|100/100
|turn|40
|
|t:|1776053368
|-end|p1a: Kingambit|fallen4|[silent]
|switch|p1a: Ogerpon|Ogerpon-Wellspring, F|100/100
|move|p2a: Iron Treads|Stealth Rock|p1a: Ogerpon
|-sidestart|p1: lightning1908|move: Stealth Rock
|
|upkeep
|turn|41
|
|t:|1776053374
|-end|p2a: Iron Treads|Quark Drive|[silent]
|switch|p2a: Slowking|Slowking-Galar, M|83/100
|move|p1a: Ogerpon|Swords Dance|p1a: Ogerpon
|-boost|p1a: Ogerpon|atk|2
|
|upkeep
|turn|42
|
|t:|1776053379
|move|p1a: Ogerpon|Ivy Cudgel|p2a: Slowking|[anim] Ivy Cudgel Water
|-damage|p2a: Slowking|0 fnt
|faint|p2a: Slowking
|
|upkeep
|
|t:|1776053382
|switch|p2a: Primarina|Primarina, F|100/100
|turn|43
|
|t:|1776053385
|move|p1a: Ogerpon|Horn Leech|p2a: Primarina
|-supereffective|p2a: Primarina
|-damage|p2a: Primarina|0 fnt
|faint|p2a: Primarina
|
|upkeep
|
|t:|1776053387
|switch|p2a: Iron Treads|Iron Treads|100/100
|turn|44
|
|t:|1776053391
|move|p1a: Ogerpon|Ivy Cudgel|p2a: Iron Treads|[anim] Ivy Cudgel Water
|-supereffective|p2a: Iron Treads
|-damage|p2a: Iron Treads|0 fnt
|faint|p2a: Iron Treads
|-end|p2a: Iron Treads|Quark Drive|[silent]
|
|win|lightning1908
|raw|lightning1908's rating: 1326 &rarr; <strong>1348</strong><br />(+22 for winning)
|raw|N1MF's rating: 1365 &rarr; <strong>1343</strong><br />(-22 for losing)
|c|☆N1MF|gg
|l|☆lightning1908
|player|p1|
|l|☆N1MF
|player|p2|
