|html|<div class="broadcast-blue"><strong>[Gen 9] OU is currently suspecting Volcarona! For information on how to participate check out the <a href="https://www.smogon.com/tools/suspects/view/208">suspect thread</a>.</strong></div>
|j|☆furydragonite
|j|☆Spikenard
|t:|1778512151
|gametype|singles
|player|p1|furydragonite|170|1405
|player|p2|Spikenard|erika-masters|1409
|gen|9
|tier|[Gen 9] OU
|rated|
|rule|HP Percentage Mod: HP is shown in percentages
|rule|Endless Battle Clause: Forcing endless battles is banned
|rule|Species Clause: Limit one of each Pokémon
|rule|OHKO Clause: OHKO moves are banned
|rule|Evasion Items Clause: Evasion items are banned
|rule|Evasion Moves Clause: Evasion moves are banned
|rule|Evasion Abilities Clause: Evasion abilities are banned
|rule|Sleep Moves Clause: Sleep-inducing moves are banned
|clearpoke
|poke|p1|Raging Bolt|
|poke|p1|Ribombee, M|
|poke|p1|Gholdengo|
|poke|p1|Ogerpon-Cornerstone, F|
|poke|p1|Ceruledge, M|
|poke|p1|Great Tusk|
|poke|p2|Clefable, F|
|poke|p2|Kingambit, M|
|poke|p2|Hydrapple, F|
|poke|p2|Tauros, M|
|poke|p2|Mandibuzz, F|
|poke|p2|Dusclops, M|
|teampreview
|inactive|Battle timer is ON: inactive players will automatically lose when time's up. (requested by furydragonite)
|
|t:|1778512162
|teamsize|p1|6
|teamsize|p2|6
|start
|switch|p1a: Ribombee|Ribombee, M, shiny|100/100
|switch|p2a: Mandibuzz|Mandibuzz, F|100/100
|turn|1
|inactive|furydragonite has 120 seconds left.
|
|t:|1778512194
|move|p1a: Ribombee|Sticky Web|p2a: Mandibuzz
|-sidestart|p2: Spikenard|move: Sticky Web
|move|p2a: Mandibuzz|Toxic|p1a: Ribombee
|-status|p1a: Ribombee|tox
|
|-damage|p1a: Ribombee|94/100 tox|[from] psn
|upkeep
|turn|2
|
|t:|1778512202
|switch|p2a: Dusclops|Dusclops, M|100/100
|-activate|p2a: Dusclops|move: Sticky Web
|-unboost|p2a: Dusclops|spe|1
|-ability|p2a: Dusclops|Pressure
|move|p1a: Ribombee|Moonblast|p2a: Dusclops
|-damage|p2a: Dusclops|80/100
|-unboost|p2a: Dusclops|spa|1
|
|-damage|p1a: Ribombee|82/100 tox|[from] psn
|upkeep
|turn|3
|
|t:|1778512217
|move|p1a: Ribombee|Moonblast|p2a: Dusclops
|-damage|p2a: Dusclops|62/100
|move|p2a: Dusclops|Trick Room|p2a: Dusclops
|-fieldstart|move: Trick Room|[of] p2a: Dusclops
|
|-damage|p1a: Ribombee|64/100 tox|[from] psn
|upkeep
|turn|4
|inactive|furydragonite has 120 seconds left.
|
|t:|1778512239
|switch|p1a: Ceruledge|Ceruledge, M, shiny|100/100
|move|p2a: Dusclops|Night Shade|p1a: Ceruledge
|-damage|p1a: Ceruledge|66/100
|
|upkeep
|turn|5
|inactive|furydragonite has 120 seconds left.
|
|t:|1778512250
|switch|p2a: Tauros|Tauros, M|100/100
|-activate|p2a: Tauros|move: Sticky Web
|-unboost|p2a: Tauros|spe|1
|move|p1a: Ceruledge|Poltergeist|p2a: Tauros
|-immune|p2a: Tauros
|
|upkeep
|turn|6
|
|t:|1778512259
|move|p2a: Tauros|Throat Chop|p1a: Ceruledge
|-supereffective|p1a: Ceruledge
|-damage|p1a: Ceruledge|0 fnt
|faint|p1a: Ceruledge
|
|upkeep
|
|t:|1778512268
|switch|p1a: Great Tusk|Great Tusk|100/100
|-enditem|p1a: Great Tusk|Booster Energy
|-activate|p1a: Great Tusk|ability: Protosynthesis|[fromitem]
|-start|p1a: Great Tusk|protosynthesisatk
|turn|7
|
|t:|1778512276
|switch|p2a: Dusclops|Dusclops, M|62/100
|-activate|p2a: Dusclops|move: Sticky Web
|-unboost|p2a: Dusclops|spe|1
|-ability|p2a: Dusclops|Pressure
|move|p1a: Great Tusk|Bulk Up|p1a: Great Tusk
|-boost|p1a: Great Tusk|atk|1
|-boost|p1a: Great Tusk|def|1
|
|-fieldend|move: Trick Room
|upkeep
|turn|8
|
|t:|1778512293
|move|p1a: Great Tusk|Headlong Rush|p2a: Dusclops
|-damage|p2a: Dusclops|0 fnt
|-unboost|p1a: Great Tusk|def|1
|-unboost|p1a: Great Tusk|spd|1
|faint|p2a: Dusclops
|
|upkeep
|
|t:|1778512303
|switch|p2a: Clefable|Clefable, F|100/100
|-activate|p2a: Clefable|move: Sticky Web
|-unboost|p2a: Clefable|spe|1
|turn|9
|
|t:|1778512309
|move|p1a: Great Tusk|Headlong Rush|p2a: Clefable
|-crit|p2a: Clefable
|-damage|p2a: Clefable|0 fnt
|-unboost|p1a: Great Tusk|def|1
|-unboost|p1a: Great Tusk|spd|1
|faint|p2a: Clefable
|
|-damage|p1a: Great Tusk|88/100|[from] item: Sticky Barb
|upkeep
|
|t:|1778512315
|switch|p2a: Hydrapple|Hydrapple, F|100/100
|-activate|p2a: Hydrapple|move: Sticky Web
|-unboost|p2a: Hydrapple|spe|1
|turn|10
|
|t:|1778512323
|-terastallize|p1a: Great Tusk|Ice
|-terastallize|p2a: Hydrapple|Steel
|move|p1a: Great Tusk|Ice Spinner|p2a: Hydrapple
|-resisted|p2a: Hydrapple
|-crit|p2a: Hydrapple
|-damage|p2a: Hydrapple|53/100
|move|p2a: Hydrapple|Fickle Beam|p1a: Great Tusk
|-damage|p1a: Great Tusk|0 fnt
|faint|p1a: Great Tusk
|-end|p1a: Great Tusk|Protosynthesis|[silent]
|
|-heal|p2a: Hydrapple|59/100|[from] item: Leftovers
|upkeep
|
|t:|1778512349
|switch|p1a: Ogerpon|Ogerpon-Cornerstone, F|100/100
|turn|11
|
|t:|1778512356
|move|p1a: Ogerpon|Low Kick|p2a: Hydrapple
|-supereffective|p2a: Hydrapple
|-damage|p2a: Hydrapple|8/100
|move|p2a: Hydrapple|Recover|p2a: Hydrapple
|-heal|p2a: Hydrapple|58/100
|
|-heal|p2a: Hydrapple|64/100|[from] item: Leftovers
|upkeep
|turn|12
|
|t:|1778512366
|switch|p2a: Mandibuzz|Mandibuzz, F|100/100
|move|p1a: Ogerpon|Knock Off|p2a: Mandibuzz
|-resisted|p2a: Mandibuzz
|-damage|p2a: Mandibuzz|89/100
|-enditem|p2a: Mandibuzz|Heavy-Duty Boots|[from] move: Knock Off|[of] p1a: Ogerpon
|
|upkeep
|turn|13
|
|t:|1778512373
|move|p1a: Ogerpon|Ivy Cudgel|p2a: Mandibuzz|[anim] Ivy Cudgel Rock
|-supereffective|p2a: Mandibuzz
|-damage|p2a: Mandibuzz|21/100
|move|p2a: Mandibuzz|Defog|p1a: Ogerpon
|-unboost|p1a: Ogerpon|evasion|1
|-sideend|p2: Spikenard|Sticky Web|[from] move: Defog|[of] p2a: Mandibuzz
|
|upkeep
|turn|14
|
|t:|1778512382
|switch|p2a: Hydrapple|Hydrapple, F, tera:Steel|97/100
|move|p1a: Ogerpon|Ivy Cudgel|p2a: Hydrapple|[anim] Ivy Cudgel Rock
|-resisted|p2a: Hydrapple
|-damage|p2a: Hydrapple|73/100
|
|-heal|p2a: Hydrapple|79/100|[from] item: Leftovers
|upkeep
|turn|15
|
|t:|1778512389
|move|p1a: Ogerpon|Knock Off|p2a: Hydrapple
|-damage|p2a: Hydrapple|49/100
|-enditem|p2a: Hydrapple|Leftovers|[from] move: Knock Off|[of] p1a: Ogerpon
|move|p2a: Hydrapple|Fickle Beam|p1a: Ogerpon|[anim] Fickle Beam All Out
|-activate|p2a: Hydrapple|move: Fickle Beam
|-damage|p1a: Ogerpon|26/100
|
|upkeep
|turn|16
|
|t:|1778512397
|switch|p2a: Mandibuzz|Mandibuzz, F|21/100
|move|p1a: Ogerpon|Low Kick|p2a: Mandibuzz
|-damage|p2a: Mandibuzz|7/100
|
|upkeep
|turn|17
|
|t:|1778512403
|move|p1a: Ogerpon|Low Kick|p2a: Mandibuzz
|-damage|p2a: Mandibuzz|0 fnt
|faint|p2a: Mandibuzz
|
|upkeep
|
|t:|1778512408
|switch|p2a: Tauros|Tauros, M|100/100
|turn|18
|
|t:|1778512424
|move|p2a: Tauros|Iron Head|p1a: Ogerpon
|-supereffective|p1a: Ogerpon
|-crit|p1a: Ogerpon
|-damage|p1a: Ogerpon|0 fnt
|faint|p1a: Ogerpon
|
|upkeep
|
|t:|1778512429
|switch|p1a: Ribombee|Ribombee, M, shiny|64/100 tox
|turn|19
|
|t:|1778512433
|move|p1a: Ribombee|Sticky Web|p2a: Tauros
|-sidestart|p2: Spikenard|move: Sticky Web
|move|p2a: Tauros|Iron Head|p1a: Ribombee
|-supereffective|p1a: Ribombee
|-damage|p1a: Ribombee|0 fnt
|faint|p1a: Ribombee
|
|upkeep
|
|t:|1778512438
|switch|p1a: Raging Bolt|Raging Bolt|100/100
|-enditem|p1a: Raging Bolt|Booster Energy
|-activate|p1a: Raging Bolt|ability: Protosynthesis|[fromitem]
|-start|p1a: Raging Bolt|protosynthesisspa
|turn|20
|
|t:|1778512443
|move|p2a: Tauros|Body Slam|p1a: Raging Bolt
|-damage|p1a: Raging Bolt|46/100
|move|p1a: Raging Bolt|Thunderbolt|p2a: Tauros
|-damage|p2a: Tauros|0 fnt
|faint|p2a: Tauros
|
|upkeep
|
|t:|1778512451
|switch|p2a: Hydrapple|Hydrapple, F, tera:Steel|82/100
|-activate|p2a: Hydrapple|move: Sticky Web
|-unboost|p2a: Hydrapple|spe|1
|turn|21
|
|t:|1778512457
|move|p1a: Raging Bolt|Thunderbolt|p2a: Hydrapple
|-damage|p2a: Hydrapple|33/100
|move|p2a: Hydrapple|Earth Power|p1a: Raging Bolt
|-supereffective|p1a: Raging Bolt
|-damage|p1a: Raging Bolt|0 fnt
|faint|p1a: Raging Bolt
|-end|p1a: Raging Bolt|Protosynthesis|[silent]
|
|upkeep
|
|t:|1778512462
|switch|p1a: Gholdengo|Gholdengo, shiny|100/100
|-item|p1a: Gholdengo|Air Balloon
|turn|22
|
|t:|1778512468
|move|p1a: Gholdengo|Shadow Ball|p2a: Hydrapple
|-damage|p2a: Hydrapple|0 fnt
|faint|p2a: Hydrapple
|
|upkeep
|
|t:|1778512471
|switch|p2a: Kingambit|Kingambit, M|100/100
|-activate|p2a: Kingambit|move: Sticky Web
|-unboost|p2a: Kingambit|spe|1
|-activate|p2a: Kingambit|ability: Supreme Overlord
|-start|p2a: Kingambit|fallen5|[silent]
|turn|23
|
|t:|1778512484
|move|p1a: Gholdengo|Nasty Plot|p1a: Gholdengo
|-boost|p1a: Gholdengo|spa|2
|move|p2a: Kingambit|Kowtow Cleave|p1a: Gholdengo
|-supereffective|p1a: Gholdengo
|-damage|p1a: Gholdengo|0 fnt
|-enditem|p1a: Gholdengo|Air Balloon
|faint|p1a: Gholdengo
|
|win|Spikenard
|raw|furydragonite's rating: 1405 &rarr; <strong>1385</strong><br />(-20 for losing)
|raw|Spikenard's rating: 1409 &rarr; <strong>1429</strong><br />(+20 for winning)
|l|☆Spikenard
|player|p2|
|l|☆furydragonite
|player|p1|
