|html|<div class="broadcast-blue"><strong>[Gen 9] OU is currently suspecting Tera Blast! For information on how to participate check out the <a href="https://www.smogon.com/tools/suspects/view/200">suspect thread</a>.</strong></div>
|j|☆louisgoestobrazil
|j|☆ZoroTatsuya
|t:|1776109746
|gametype|singles
|player|p1|louisgoestobrazil|nemona-v|1345
|player|p2|ZoroTatsuya|bellelba|1335
|gen|9
|tier|[Gen 9] OU
|rated|
|rule|HP Percentage Mod: HP is shown in percentages
|rule|Endless Battle Clause: Forcing endless battles is banned
|rule|Species Clause: Limit one of each Pokémon
|rule|OHKO Clause: OHKO moves are banned
|rule|Evasion Items Clause: Evasion items are banned
|rule|Evasion Moves Clause: Evasion moves are banned
|rule|Evasion Abilities Clause: Evasion abilities are banned
|rule|Sleep Moves Clause: Sleep-inducing moves are banned
|clearpoke
|poke|p1|Darkrai|
|poke|p1|Pecharunt|
|poke|p1|Ogerpon-Wellspring, F|
|poke|p1|Excadrill, M|
|poke|p1|Kingambit, M|
|poke|p1|Great Tusk|
|poke|p2|Kingambit, F|
|poke|p2|Deoxys-Speed|
|poke|p2|Great Tusk|
|poke|p2|Dragonite, M|
|poke|p2|Iron Moth|
|poke|p2|Primarina, F|
|teampreview
|inactive|Battle timer is ON: inactive players will automatically lose when time's up. (requested by ZoroTatsuya)
|inactive|louisgoestobrazil also wants the timer to be on.
|c|☆louisgoestobrazil|glhf
|c|☆ZoroTatsuya|thanks
|c|☆ZoroTatsuya|you too
|
|t:|1776109765
|teamsize|p1|6
|teamsize|p2|6
|start
|switch|p1a: Excadrill|Excadrill, M|100/100
|switch|p2a: Siren|Primarina, F|100/100
|-ability|p1a: Excadrill|Mold Breaker
|turn|1
|
|t:|1776109771
|move|p1a: Excadrill|Earthquake|p2a: Siren
|-damage|p2a: Siren|22/100
|move|p2a: Siren|Surf|p1a: Excadrill
|-supereffective|p1a: Excadrill
|-enditem|p1a: Excadrill|Focus Sash
|-damage|p1a: Excadrill|1/100
|
|upkeep
|turn|2
|
|t:|1776109779
|move|p1a: Excadrill|Stealth Rock|p2a: Siren
|-sidestart|p2: ZoroTatsuya|move: Stealth Rock
|move|p2a: Siren|Whirlpool|p1a: Excadrill
|-supereffective|p1a: Excadrill
|-crit|p1a: Excadrill
|-damage|p1a: Excadrill|0 fnt
|faint|p1a: Excadrill
|
|upkeep
|
|t:|1776109787
|switch|p1a: Ogerpon|Ogerpon-Wellspring, F|100/100
|turn|3
|
|t:|1776109790
|move|p1a: Ogerpon|Ivy Cudgel|p2a: Siren|[anim] Ivy Cudgel Water
|-resisted|p2a: Siren
|-crit|p2a: Siren
|-damage|p2a: Siren|0 fnt
|faint|p2a: Siren
|
|upkeep
|j| gertrudedu93
|
|t:|1776109799
|switch|p2a: Anomаly|Iron Moth|100/100
|-damage|p2a: Anomаly|76/100|[from] Stealth Rock
|-enditem|p2a: Anomаly|Booster Energy
|-activate|p2a: Anomаly|ability: Quark Drive|[fromitem]
|-start|p2a: Anomаly|quarkdrivespe
|turn|4
|
|t:|1776109807
|-terastallize|p1a: Ogerpon|Water
|detailschange|p1a: Ogerpon|Ogerpon-Wellspring-Tera, F, tera:Water
|-ability|p1a: Ogerpon|Embody Aspect (Wellspring)|boost
|-boost|p1a: Ogerpon|spd|1
|move|p2a: Anomаly|Sludge Wave|p1a: Ogerpon
|-damage|p1a: Ogerpon|60/100
|move|p1a: Ogerpon|Ivy Cudgel|p2a: Anomаly|[anim] Ivy Cudgel Water
|-supereffective|p2a: Anomаly
|-damage|p2a: Anomаly|0 fnt
|faint|p2a: Anomаly
|-end|p2a: Anomаly|Quark Drive|[silent]
|
|upkeep
|l| gertrudedu93
|
|t:|1776109818
|switch|p2a: Anomaly|Great Tusk|100/100
|-damage|p2a: Anomaly|98/100|[from] Stealth Rock
|-enditem|p2a: Anomaly|Booster Energy
|-activate|p2a: Anomaly|ability: Protosynthesis|[fromitem]
|-start|p2a: Anomaly|protosynthesisatk
|turn|5
|
|t:|1776109822
|-terastallize|p2a: Anomaly|Steel
|move|p1a: Ogerpon|Ivy Cudgel|p2a: Anomaly|[anim] Ivy Cudgel Water
|-damage|p2a: Anomaly|37/100
|move|p2a: Anomaly|Rapid Spin|p1a: Ogerpon
|-damage|p1a: Ogerpon|32/100
|-boost|p2a: Anomaly|spe|1
|-sideend|p2: ZoroTatsuya|Stealth Rock|[from] move: Rapid Spin|[of] p2a: Anomaly
|
|upkeep
|turn|6
|
|t:|1776109835
|move|p2a: Anomaly|Close Combat|p1a: Ogerpon
|-damage|p1a: Ogerpon|0 fnt
|-unboost|p2a: Anomaly|def|1
|-unboost|p2a: Anomaly|spd|1
|faint|p1a: Ogerpon
|detailschange|p1: Ogerpon|Ogerpon-Wellspring, F|[silent]
|
|upkeep
|
|t:|1776109839
|switch|p1a: Darkrai|Darkrai|100/100
|turn|7
|
|t:|1776109843
|move|p1a: Darkrai|Dark Pulse|p2a: Anomaly
|-damage|p2a: Anomaly|0 fnt
|faint|p2a: Anomaly
|-end|p2a: Anomaly|Protosynthesis|[silent]
|
|upkeep
|
|t:|1776109847
|switch|p2a: Meruem|Kingambit, F|100/100
|-activate|p2a: Meruem|ability: Supreme Overlord
|-start|p2a: Meruem|fallen3|[silent]
|turn|8
|
|t:|1776109855
|switch|p1a: Kingambit|Kingambit, M|100/100
|-activate|p1a: Kingambit|ability: Supreme Overlord
|-start|p1a: Kingambit|fallen2|[silent]
|-end|p2a: Meruem|fallen3|[silent]
|switch|p2a: Moebius|Deoxys-Speed|100/100
|-ability|p2a: Moebius|Pressure
|
|upkeep
|turn|9
|
|t:|1776109863
|move|p1a: Kingambit|Sucker Punch|p2a: Moebius
|-supereffective|p2a: Moebius
|-damage|p2a: Moebius|0 fnt
|faint|p2a: Moebius
|
|upkeep
|
|t:|1776109865
|switch|p2a: Yoshi|Dragonite, M, shiny|100/100
|turn|10
|
|t:|1776109872
|-end|p1a: Kingambit|fallen2|[silent]
|switch|p1a: Darkrai|Darkrai|100/100
|move|p2a: Yoshi|Fire Punch|p1a: Darkrai
|-damage|p1a: Darkrai|39/100
|
|upkeep
|turn|11
|
|t:|1776109877
|switch|p2a: Meruem|Kingambit, F|100/100
|-activate|p2a: Meruem|ability: Supreme Overlord
|-start|p2a: Meruem|fallen4|[silent]
|move|p1a: Darkrai|Trick|p2a: Meruem
|-activate|p1a: Darkrai|move: Trick|[of] p2a: Meruem
|-item|p2a: Meruem|Choice Scarf|[from] move: Trick
|-item|p1a: Darkrai|Leftovers|[from] move: Trick
|
|-heal|p1a: Darkrai|45/100|[from] item: Leftovers
|upkeep
|turn|12
|
|t:|1776109894
|switch|p1a: Kingambit|Kingambit, M|100/100
|-activate|p1a: Kingambit|ability: Supreme Overlord
|-start|p1a: Kingambit|fallen2|[silent]
|move|p2a: Meruem|Iron Head|p1a: Kingambit
|-resisted|p1a: Kingambit
|-damage|p1a: Kingambit|77/100
|
|upkeep
|turn|13
|
|t:|1776109901
|-end|p2a: Meruem|fallen4|[silent]
|switch|p2a: Yoshi|Dragonite, M, shiny|100/100
|move|p1a: Kingambit|Kowtow Cleave|p2a: Yoshi
|-damage|p2a: Yoshi|63/100
|
|upkeep
|turn|14
|
|t:|1776109908
|move|p1a: Kingambit|Sucker Punch|p2a: Yoshi
|-damage|p2a: Yoshi|0 fnt
|faint|p2a: Yoshi
|
|upkeep
|
|t:|1776109910
|switch|p2a: Meruem|Kingambit, F|100/100
|-activate|p2a: Meruem|ability: Supreme Overlord
|-start|p2a: Meruem|fallen5|[silent]
|turn|15
|
|t:|1776109914
|move|p1a: Kingambit|Sucker Punch|p2a: Meruem
|-resisted|p2a: Meruem
|-damage|p2a: Meruem|76/100
|move|p2a: Meruem|Iron Head|p1a: Kingambit
|-resisted|p1a: Kingambit
|-damage|p1a: Kingambit|52/100
|
|upkeep
|turn|16
|
|t:|1776109919
|move|p1a: Kingambit|Sucker Punch|p2a: Meruem
|-resisted|p2a: Meruem
|-damage|p2a: Meruem|53/100
|move|p2a: Meruem|Iron Head|p1a: Kingambit
|-resisted|p1a: Kingambit
|-damage|p1a: Kingambit|27/100
|
|upkeep
|turn|17
|
|t:|1776109925
|move|p1a: Kingambit|Sucker Punch|p2a: Meruem
|-resisted|p2a: Meruem
|-damage|p2a: Meruem|30/100
|move|p2a: Meruem|Iron Head|p1a: Kingambit
|-resisted|p1a: Kingambit
|-damage|p1a: Kingambit|0 fnt
|faint|p1a: Kingambit
|-end|p1a: Kingambit|fallen2|[silent]
|
|upkeep
|-message|ZoroTatsuya forfeited.
|
|win|louisgoestobrazil
|raw|louisgoestobrazil's rating: 1345 &rarr; <strong>1364</strong><br />(+19 for winning)
|raw|ZoroTatsuya's rating: 1335 &rarr; <strong>1316</strong><br />(-19 for losing)
|l|☆ZoroTatsuya
|player|p2|
|c|☆louisgoestobrazil|gg
