|html|<div class="broadcast-blue"><strong>[Gen 9] OU is currently suspecting Tera Blast! For information on how to participate check out the <a href="https://www.smogon.com/tools/suspects/view/200">suspect thread</a>.</strong></div>
|j|☆smithwick1
|j|☆Blastoise_Choice
|t:|1776060876
|gametype|singles
|player|p1|smithwick1|102|1526
|player|p2|Blastoise_Choice|benga|1624
|gen|9
|tier|[Gen 9] OU
|rated|
|rule|HP Percentage Mod: HP is shown in percentages
|rule|Endless Battle Clause: Forcing endless battles is banned
|rule|Species Clause: Limit one of each Pokémon
|rule|OHKO Clause: OHKO moves are banned
|rule|Evasion Items Clause: Evasion items are banned
|rule|Evasion Moves Clause: Evasion moves are banned
|rule|Evasion Abilities Clause: Evasion abilities are banned
|rule|Sleep Moves Clause: Sleep-inducing moves are banned
|clearpoke
|poke|p1|Rillaboom, M|
|poke|p1|Landorus-Therian, M|
|poke|p1|Gholdengo|
|poke|p1|Garganacl, M|
|poke|p1|Kingambit, F|
|poke|p1|Hatterene, F|
|poke|p2|Garganacl, M|
|poke|p2|Darkrai|
|poke|p2|Great Tusk|
|poke|p2|Hatterene, F|
|poke|p2|Tornadus-Therian, M|
|poke|p2|Dragonite, M|
|teampreview
|inactive|Battle timer is ON: inactive players will automatically lose when time's up. (requested by smithwick1)
|c|☆Blastoise_Choice|hf
|inactive|Blastoise_Choice also wants the timer to be on.
|j| Squallskip
|inactive|smithwick1 has 120 seconds left.
|
|t:|1776060918
|teamsize|p1|6
|teamsize|p2|6
|start
|switch|p1a: Garganacl|Garganacl, M|100/100
|switch|p2a: Darkrai|Darkrai|100/100
|turn|1
|
|t:|1776060925
|move|p2a: Darkrai|Dark Pulse|p1a: Garganacl
|-damage|p1a: Garganacl|59/100
|move|p1a: Garganacl|Salt Cure|p2a: Darkrai
|-damage|p2a: Darkrai|83/100
|-start|p2a: Darkrai|Salt Cure
|
|-heal|p1a: Garganacl|65/100|[from] item: Leftovers
|-damage|p2a: Darkrai|71/100|[from] Salt Cure
|upkeep
|turn|2
|
|t:|1776060933
|switch|p2a: Great Tusk|Great Tusk|100/100
|-enditem|p2a: Great Tusk|Booster Energy
|-activate|p2a: Great Tusk|ability: Protosynthesis|[fromitem]
|-start|p2a: Great Tusk|protosynthesisatk
|switch|p1a: Kingambit|Kingambit, F|100/100
|
|upkeep
|turn|3
|
|t:|1776060940
|-end|p1a: Kingambit|fallenundefined|[silent]
|switch|p1a: Landorus|Landorus-Therian, M|100/100
|-ability|p1a: Landorus|Intimidate|boost
|-unboost|p2a: Great Tusk|atk|1
|move|p2a: Great Tusk|Ice Spinner|p1a: Landorus
|-supereffective|p1a: Landorus
|-damage|p1a: Landorus|4/100
|-damage|p2a: Great Tusk|84/100|[from] item: Rocky Helmet|[of] p1a: Landorus
|
|upkeep
|turn|4
|
|t:|1776060946
|-end|p2a: Great Tusk|Protosynthesis|[silent]
|switch|p2a: Hatterene|Hatterene, F|100/100
|move|p1a: Landorus|Earth Power|p2a: Hatterene
|-damage|p2a: Hatterene|65/100
|
|upkeep
|turn|5
|
|t:|1776060956
|move|p1a: Landorus|U-turn|p2a: Hatterene
|-damage|p2a: Hatterene|48/100
|-damage|p1a: Landorus|0 fnt|[from] item: Rocky Helmet|[of] p2a: Hatterene
|faint|p1a: Landorus
|move|p2a: Hatterene|Dazzling Gleam|p1: Landorus|[notarget]
|-fail|p2a: Hatterene
|
|upkeep
|
|t:|1776060968
|switch|p1a: Gholdengo|Gholdengo|100/100
|turn|6
|
|t:|1776060974
|move|p1a: Gholdengo|Make It Rain|p2a: Hatterene
|-supereffective|p2a: Hatterene
|-damage|p2a: Hatterene|0 fnt
|-unboost|p1a: Gholdengo|spa|1
|faint|p2a: Hatterene
|
|upkeep
|
|t:|1776060981
|switch|p2a: Dragonite|Dragonite, M|100/100
|turn|7
|
|t:|1776060988
|switch|p1a: Hatterene|Hatterene, F|100/100
|move|p2a: Dragonite|Dragon Dance|p2a: Dragonite
|-boost|p2a: Dragonite|atk|1
|-boost|p2a: Dragonite|spe|1
|
|upkeep
|turn|8
|
|t:|1776060994
|move|p2a: Dragonite|Dragon Dance|p2a: Dragonite
|-boost|p2a: Dragonite|atk|1
|-boost|p2a: Dragonite|spe|1
|move|p1a: Hatterene|Nuzzle|p2a: Dragonite
|-damage|p2a: Dragonite|99/100
|-status|p2a: Dragonite|par
|
|upkeep
|turn|9
|
|t:|1776061002
|-terastallize|p2a: Dragonite|Normal
|move|p2a: Dragonite|Extreme Speed|p1a: Hatterene
|-damage|p1a: Hatterene|8/100
|-damage|p2a: Dragonite|82/100 par|[from] item: Rocky Helmet|[of] p1a: Hatterene
|move|p1a: Hatterene|Psychic Noise|p2a: Dragonite
|-damage|p2a: Dragonite|49/100 par
|-start|p2a: Dragonite|move: Heal Block
|
|upkeep
|turn|10
|
|t:|1776061014
|cant|p2a: Dragonite|par
|move|p1a: Hatterene|Draining Kiss|p2a: Dragonite
|-damage|p2a: Dragonite|28/100 par
|-heal|p1a: Hatterene|25/100|[from] drain|[of] p2a: Dragonite
|
|-end|p2a: Dragonite|move: Heal Block
|upkeep
|turn|11
|
|t:|1776061018
|move|p2a: Dragonite|Roost|p2a: Dragonite
|-heal|p2a: Dragonite|78/100 par
|move|p1a: Hatterene|Psychic Noise|p2a: Dragonite
|-damage|p2a: Dragonite|46/100 par
|-start|p2a: Dragonite|move: Heal Block
|
|upkeep
|turn|12
|
|t:|1776061023
|cant|p2a: Dragonite|par
|move|p1a: Hatterene|Draining Kiss|p2a: Dragonite
|-crit|p2a: Dragonite
|-damage|p2a: Dragonite|12/100 par
|-heal|p1a: Hatterene|54/100|[from] drain|[of] p2a: Dragonite
|
|-end|p2a: Dragonite|move: Heal Block
|upkeep
|turn|13
|
|t:|1776061030
|cant|p2a: Dragonite|par
|move|p1a: Hatterene|Psychic Noise|p2a: Dragonite
|-damage|p2a: Dragonite|0 fnt
|faint|p2a: Dragonite
|
|upkeep
|
|t:|1776061035
|switch|p2a: Darkrai|Darkrai|71/100
|turn|14
|
|t:|1776061041
|move|p2a: Darkrai|Dark Pulse|p1a: Hatterene
|-damage|p1a: Hatterene|0 fnt
|faint|p1a: Hatterene
|
|upkeep
|
|t:|1776061054
|switch|p1a: Gholdengo|Gholdengo|100/100
|turn|15
|
|t:|1776061061
|move|p1a: Gholdengo|Make It Rain|p2a: Darkrai
|-damage|p2a: Darkrai|0 fnt
|-unboost|p1a: Gholdengo|spa|1
|faint|p2a: Darkrai
|
|upkeep
|
|t:|1776061067
|switch|p2a: Tornadus|Tornadus-Therian, M, shiny|100/100
|turn|16
|
|t:|1776061074
|switch|p1a: Kingambit|Kingambit, F|100/100
|-activate|p1a: Kingambit|ability: Supreme Overlord
|-start|p1a: Kingambit|fallen2|[silent]
|move|p2a: Tornadus|Knock Off|p1a: Kingambit
|-resisted|p1a: Kingambit
|-damage|p1a: Kingambit|92/100
|-enditem|p1a: Kingambit|Black Glasses|[from] move: Knock Off|[of] p2a: Tornadus
|
|upkeep
|turn|17
|
|t:|1776061082
|move|p2a: Tornadus|Bleakwind Storm|p1a: Kingambit|[miss]
|-miss|p2a: Tornadus|p1a: Kingambit
|move|p1a: Kingambit|Iron Head|p2a: Tornadus
|-damage|p2a: Tornadus|33/100
|
|upkeep
|turn|18
|
|t:|1776061091
|switch|p2a: Great Tusk|Great Tusk|84/100
|move|p1a: Kingambit|Iron Head|p2a: Great Tusk
|-damage|p2a: Great Tusk|44/100
|
|upkeep
|turn|19
|
|t:|1776061100
|move|p1a: Kingambit|Sucker Punch|p2a: Great Tusk
|-resisted|p2a: Great Tusk
|-damage|p2a: Great Tusk|25/100
|move|p2a: Great Tusk|Headlong Rush|p1a: Kingambit
|-supereffective|p1a: Kingambit
|-damage|p1a: Kingambit|0 fnt
|-unboost|p2a: Great Tusk|def|1
|-unboost|p2a: Great Tusk|spd|1
|faint|p1a: Kingambit
|-end|p1a: Kingambit|fallen2|[silent]
|
|upkeep
|
|t:|1776061105
|switch|p1a: Gholdengo|Gholdengo|100/100
|turn|20
|
|t:|1776061111
|move|p1a: Gholdengo|Make It Rain|p2a: Great Tusk
|-damage|p2a: Great Tusk|0 fnt
|-unboost|p1a: Gholdengo|spa|1
|faint|p2a: Great Tusk
|-end|p2a: Great Tusk|Protosynthesis|[silent]
|
|upkeep
|
|t:|1776061118
|switch|p2a: Tornadus|Tornadus-Therian, M, shiny|67/100
|turn|21
|
|t:|1776061124
|switch|p1a: Garganacl|Garganacl, M|65/100
|move|p2a: Tornadus|Knock Off|p1a: Garganacl
|-damage|p1a: Garganacl|52/100
|-enditem|p1a: Garganacl|Leftovers|[from] move: Knock Off|[of] p2a: Tornadus
|
|upkeep
|turn|22
|
|t:|1776061131
|move|p2a: Tornadus|U-turn|p1a: Garganacl
|-damage|p1a: Garganacl|42/100
|
|t:|1776061138
|switch|p2a: Garganacl|Garganacl, M|100/100|[from] U-turn
|move|p1a: Garganacl|Salt Cure|p2a: Garganacl
|-damage|p2a: Garganacl|90/100
|-start|p2a: Garganacl|Salt Cure
|
|-heal|p2a: Garganacl|96/100|[from] item: Leftovers
|-damage|p2a: Garganacl|84/100|[from] Salt Cure
|upkeep
|turn|23
|
|t:|1776061147
|switch|p1a: Rillaboom|Rillaboom, M|100/100
|-fieldstart|move: Grassy Terrain|[from] ability: Grassy Surge|[of] p1a: Rillaboom
|move|p2a: Garganacl|Stealth Rock|p1a: Rillaboom
|-sidestart|p1: smithwick1|move: Stealth Rock
|
|-heal|p2a: Garganacl|90/100|[from] Grassy Terrain
|-heal|p2a: Garganacl|96/100|[from] item: Leftovers
|-damage|p2a: Garganacl|84/100|[from] Salt Cure
|upkeep
|turn|24
|
|t:|1776061153
|move|p2a: Garganacl|Protect|p2a: Garganacl
|-singleturn|p2a: Garganacl|Protect
|move|p1a: Rillaboom|Wood Hammer|p2a: Garganacl
|-activate|p2a: Garganacl|move: Protect
|
|-heal|p2a: Garganacl|90/100|[from] Grassy Terrain
|-heal|p2a: Garganacl|96/100|[from] item: Leftovers
|-damage|p2a: Garganacl|84/100|[from] Salt Cure
|upkeep
|turn|25
|
|t:|1776061159
|switch|p2a: Tornadus|Tornadus-Therian, M, shiny|99/100
|-terastallize|p1a: Rillaboom|Grass
|move|p1a: Rillaboom|Wood Hammer|p2a: Tornadus
|-resisted|p2a: Tornadus
|-crit|p2a: Tornadus
|-damage|p2a: Tornadus|0 fnt
|faint|p2a: Tornadus
|-damage|p1a: Rillaboom|67/100|[from] Recoil
|
|-heal|p1a: Rillaboom|74/100|[from] Grassy Terrain
|upkeep
|
|t:|1776061166
|switch|p2a: Garganacl|Garganacl, M|84/100
|turn|26
|
|t:|1776061172
|move|p1a: Rillaboom|Wood Hammer|p2a: Garganacl
|-supereffective|p2a: Garganacl
|-damage|p2a: Garganacl|0 fnt
|faint|p2a: Garganacl
|-damage|p1a: Rillaboom|41/100|[from] Recoil
|
|win|smithwick1
|raw|smithwick1's rating: 1526 &rarr; <strong>1551</strong><br />(+25 for winning)
|raw|Blastoise_Choice's rating: 1624 &rarr; <strong>1599</strong><br />(-25 for losing)
|c|☆Blastoise_Choice|gg
