|html|<div class="broadcast-blue"><strong>[Gen 9] OU is currently suspecting Tera Blast! For information on how to participate check out the <a href="https://www.smogon.com/tools/suspects/view/200">suspect thread</a>.</strong></div>
|j|☆Dinorex007
|j|☆evilpidgeon47
|t:|1776111385
|gametype|singles
|player|p1|Dinorex007|nate|1373
|player|p2|evilpidgeon47|lance|1316
|gen|9
|tier|[Gen 9] OU
|rated|
|rule|HP Percentage Mod: HP is shown in percentages
|rule|Endless Battle Clause: Forcing endless battles is banned
|rule|Species Clause: Limit one of each Pokémon
|rule|OHKO Clause: OHKO moves are banned
|rule|Evasion Items Clause: Evasion items are banned
|rule|Evasion Moves Clause: Evasion moves are banned
|rule|Evasion Abilities Clause: Evasion abilities are banned
|rule|Sleep Moves Clause: Sleep-inducing moves are banned
|clearpoke
|poke|p1|Regidrago|
|poke|p1|Darkrai|
|poke|p1|Ogerpon, F|
|poke|p1|Primarina, M|
|poke|p1|Ceruledge, M|
|poke|p1|Hitmonchan, M|
|poke|p2|Ceruledge, F|
|poke|p2|Ogerpon-Wellspring, F|
|poke|p2|Iron Treads|
|poke|p2|Rillaboom, F|
|poke|p2|Raging Bolt|
|poke|p2|Kingambit, M|
|teampreview
|inactive|Battle timer is ON: inactive players will automatically lose when time's up. (requested by Dinorex007)
|
|t:|1776111395
|teamsize|p1|6
|teamsize|p2|6
|start
|switch|p1a: Hitmonchan|Hitmonchan, M|100/100
|switch|p2a: Iron Treads|Iron Treads|100/100
|-enditem|p2a: Iron Treads|Booster Energy
|-activate|p2a: Iron Treads|ability: Quark Drive|[fromitem]
|-start|p2a: Iron Treads|quarkdrivespe
|turn|1
|
|t:|1776111405
|move|p2a: Iron Treads|Stealth Rock|p1a: Hitmonchan
|-sidestart|p1: Dinorex007|move: Stealth Rock
|move|p1a: Hitmonchan|Close Combat|p2a: Iron Treads
|-supereffective|p2a: Iron Treads
|-crit|p2a: Iron Treads
|-damage|p2a: Iron Treads|0 fnt
|-unboost|p1a: Hitmonchan|def|1
|-unboost|p1a: Hitmonchan|spd|1
|faint|p2a: Iron Treads
|-end|p2a: Iron Treads|Quark Drive|[silent]
|-damage|p1a: Hitmonchan|91/100|[from] item: Life Orb
|
|upkeep
|
|t:|1776111413
|switch|p2a: Ceruledge|Ceruledge, F|100/100
|turn|2
|
|t:|1776111418
|switch|p1a: Primarina|Primarina, M|100/100
|-damage|p1a: Primarina|88/100|[from] Stealth Rock
|move|p2a: Ceruledge|Swords Dance|p2a: Ceruledge
|-boost|p2a: Ceruledge|atk|2
|
|-heal|p1a: Primarina|94/100|[from] item: Leftovers
|upkeep
|turn|3
|
|t:|1776111430
|move|p2a: Ceruledge|Poltergeist|p1a: Primarina
|-activate|p1a: Primarina|move: Poltergeist|Leftovers
|-damage|p1a: Primarina|0 fnt
|faint|p1a: Primarina
|
|upkeep
|
|t:|1776111438
|switch|p1a: Darkrai|Darkrai|100/100
|turn|4
|
|t:|1776111446
|move|p1a: Darkrai|Dark Pulse|p2a: Ceruledge
|-supereffective|p2a: Ceruledge
|-enditem|p2a: Ceruledge|Focus Sash
|-damage|p2a: Ceruledge|1/100
|cant|p2a: Ceruledge|flinch
|
|upkeep
|turn|5
|
|t:|1776111458
|move|p2a: Ceruledge|Shadow Sneak|p1a: Darkrai
|-resisted|p1a: Darkrai
|-damage|p1a: Darkrai|71/100
|move|p1a: Darkrai|Dark Pulse|p2a: Ceruledge
|-supereffective|p2a: Ceruledge
|-damage|p2a: Ceruledge|0 fnt
|faint|p2a: Ceruledge
|
|upkeep
|
|t:|1776111462
|switch|p2a: Rillaboom|Rillaboom, F|100/100
|-fieldstart|move: Grassy Terrain|[from] ability: Grassy Surge|[of] p2a: Rillaboom
|turn|6
|
|t:|1776111474
|switch|p1a: Ogerpon|Ogerpon, F|100/100
|-damage|p1a: Ogerpon|88/100|[from] Stealth Rock
|move|p2a: Rillaboom|U-turn|p1a: Ogerpon
|-supereffective|p1a: Ogerpon
|-crit|p1a: Ogerpon
|-damage|p1a: Ogerpon|0 fnt
|faint|p1a: Ogerpon
|
|t:|1776111485
|switch|p2a: Ogerpon|Ogerpon-Wellspring, F|100/100|[from] U-turn
|
|upkeep
|
|t:|1776111489
|switch|p1a: Hitmonchan|Hitmonchan, M|91/100
|-damage|p1a: Hitmonchan|84/100|[from] Stealth Rock
|turn|7
|
|t:|1776111494
|move|p2a: Ogerpon|Play Rough|p1a: Hitmonchan
|-supereffective|p1a: Hitmonchan
|-damage|p1a: Hitmonchan|0 fnt
|faint|p1a: Hitmonchan
|
|upkeep
|
|t:|1776111504
|switch|p1a: Regidrago|Regidrago|100/100
|-damage|p1a: Regidrago|88/100|[from] Stealth Rock
|turn|8
|
|t:|1776111515
|move|p1a: Regidrago|Dragon Energy|p2a: Ogerpon
|-damage|p2a: Ogerpon|3/100
|move|p2a: Ogerpon|Play Rough|p1a: Regidrago
|-supereffective|p1a: Regidrago
|-damage|p1a: Regidrago|13/100
|
|-heal|p1a: Regidrago|20/100|[from] Grassy Terrain
|-heal|p2a: Ogerpon|9/100|[from] Grassy Terrain
|upkeep
|turn|9
|
|t:|1776111523
|move|p1a: Regidrago|Dragon Energy|p2a: Ogerpon
|-damage|p2a: Ogerpon|0 fnt
|faint|p2a: Ogerpon
|
|-heal|p1a: Regidrago|26/100|[from] Grassy Terrain
|upkeep
|
|t:|1776111527
|switch|p2a: Rillaboom|Rillaboom, F|100/100
|turn|10
|
|t:|1776111532
|move|p2a: Rillaboom|Grassy Glide|p1a: Regidrago
|-resisted|p1a: Regidrago
|-damage|p1a: Regidrago|0 fnt
|faint|p1a: Regidrago
|
|-fieldend|move: Grassy Terrain
|upkeep
|
|t:|1776111550
|switch|p1a: Ceruledge|Ceruledge, M|100/100
|-damage|p1a: Ceruledge|76/100|[from] Stealth Rock
|turn|11
|
|t:|1776111555
|switch|p2a: Raging Bolt|Raging Bolt|100/100
|move|p1a: Ceruledge|Bitter Blade|p2a: Raging Bolt
|-resisted|p2a: Raging Bolt
|-damage|p2a: Raging Bolt|83/100
|-heal|p1a: Ceruledge|90/100|[from] drain|[of] p2a: Raging Bolt
|
|upkeep
|turn|12
|
|t:|1776111562
|move|p1a: Ceruledge|Poltergeist|p2a: Raging Bolt
|-activate|p2a: Raging Bolt|move: Poltergeist|Choice Specs
|-damage|p2a: Raging Bolt|34/100
|move|p2a: Raging Bolt|Draco Meteor|p1a: Ceruledge
|-damage|p1a: Ceruledge|0 fnt
|-unboost|p2a: Raging Bolt|spa|2
|faint|p1a: Ceruledge
|
|upkeep
|-message|Dinorex007 forfeited.
|
|win|evilpidgeon47
|raw|Dinorex007's rating: 1373 &rarr; <strong>1350</strong><br />(-23 for losing)
|raw|evilpidgeon47's rating: 1316 &rarr; <strong>1339</strong><br />(+23 for winning)
|l|☆Dinorex007
|player|p1|
|l|☆evilpidgeon47
|player|p2|
