|html|<div class="broadcast-blue"><strong>[Gen 9] OU is currently suspecting Tera Blast! For information on how to participate check out the <a href="https://www.smogon.com/tools/suspects/view/200">suspect thread</a>.</strong></div>
|j|☆mamcackms
|j|☆jjanejuliet
|t:|1776091904
|gametype|singles
|player|p1|mamcackms|1|1473
|player|p2|jjanejuliet|unknown|1523
|gen|9
|tier|[Gen 9] OU
|rated|
|rule|HP Percentage Mod: HP is shown in percentages
|rule|Endless Battle Clause: Forcing endless battles is banned
|rule|Species Clause: Limit one of each Pokémon
|rule|OHKO Clause: OHKO moves are banned
|rule|Evasion Items Clause: Evasion items are banned
|rule|Evasion Moves Clause: Evasion moves are banned
|rule|Evasion Abilities Clause: Evasion abilities are banned
|rule|Sleep Moves Clause: Sleep-inducing moves are banned
|clearpoke
|poke|p1|Alomomola, L99, M|
|poke|p1|Iron Treads|
|poke|p1|Drifblim, F|
|poke|p1|Lokix, M|
|poke|p1|Dudunsparce-*, F|
|poke|p1|Latias, F|
|poke|p2|Great Tusk|
|poke|p2|Darkrai|
|poke|p2|Kyurem|
|poke|p2|Iron Valiant|
|poke|p2|Dragonite, F|
|poke|p2|Gholdengo|
|teampreview
|inactive|Battle timer is ON: inactive players will automatically lose when time's up. (requested by mamcackms)
|
|t:|1776091921
|teamsize|p1|6
|teamsize|p2|6
|start
|switch|p1a: Dudunsparce|Dudunsparce-Three-Segment, F|100/100
|switch|p2a: Great Tusk|Great Tusk|100/100
|turn|1
|
|t:|1776091926
|-end|p2a: Great Tusk|Protosynthesis|[silent]
|switch|p2a: Ghold Experience|Gholdengo|100/100
|-item|p2a: Ghold Experience|Air Balloon
|move|p1a: Dudunsparce|Glare|p2a: Ghold Experience
|-immune|p2a: Ghold Experience|[from] ability: Good as Gold
|
|upkeep
|turn|2
|
|t:|1776091933
|move|p2a: Ghold Experience|Make It Rain|p1a: Dudunsparce
|-damage|p1a: Dudunsparce|39/100
|-unboost|p2a: Ghold Experience|spa|1
|move|p1a: Dudunsparce|Flamethrower|p2a: Ghold Experience
|-supereffective|p2a: Ghold Experience
|-damage|p2a: Ghold Experience|63/100
|-enditem|p2a: Ghold Experience|Air Balloon
|
|-heal|p1a: Dudunsparce|45/100|[from] item: Leftovers
|upkeep
|turn|3
|
|t:|1776091941
|switch|p1a: Alomolomola|Alomomola, L99, M|100/100
|move|p2a: Ghold Experience|Make It Rain|p1a: Alomolomola
|-resisted|p1a: Alomolomola
|-damage|p1a: Alomolomola|87/100
|-unboost|p2a: Ghold Experience|spa|1
|-enditem|p1a: Alomolomola|Eject Button
|
|t:|1776091945
|switch|p1a: Driftblimp|Drifblim, F|100/100
|
|upkeep
|turn|4
|
|t:|1776091949
|switch|p2a: Darkrai|Darkrai|100/100
|move|p1a: Driftblimp|Calm Mind|p1a: Driftblimp
|-boost|p1a: Driftblimp|spa|1
|-boost|p1a: Driftblimp|spd|1
|
|upkeep
|turn|5
|
|t:|1776091953
|move|p2a: Darkrai|Dark Pulse|p1a: Driftblimp
|-supereffective|p1a: Driftblimp
|-damage|p1a: Driftblimp|28/100
|-enditem|p1a: Driftblimp|Sitrus Berry|[eat]
|-heal|p1a: Driftblimp|53/100|[from] item: Sitrus Berry
|move|p1a: Driftblimp|Calm Mind|p1a: Driftblimp
|-boost|p1a: Driftblimp|spa|1
|-boost|p1a: Driftblimp|spd|1
|
|upkeep
|turn|6
|
|t:|1776091973
|-terastallize|p1a: Driftblimp|Fighting
|move|p1a: Driftblimp|Strength Sap|p2a: Darkrai
|-unboost|p2a: Darkrai|atk|1
|-heal|p1a: Driftblimp|91/100
|move|p2a: Darkrai|Dark Pulse|p1a: Driftblimp
|-resisted|p1a: Driftblimp
|-damage|p1a: Driftblimp|81/100
|
|upkeep
|turn|7
|
|t:|1776091984
|move|p1a: Driftblimp|Calm Mind|p1a: Driftblimp
|-boost|p1a: Driftblimp|spa|1
|-boost|p1a: Driftblimp|spd|1
|move|p2a: Darkrai|Sludge Bomb|p1a: Driftblimp
|-damage|p1a: Driftblimp|68/100
|
|upkeep
|turn|8
|
|t:|1776092002
|switch|p2a: Ghold Experience|Gholdengo|63/100
|move|p1a: Driftblimp|Tera Blast|p2a: Ghold Experience|[anim] Tera Blast Fighting
|-immune|p2a: Ghold Experience
|
|upkeep
|turn|9
|
|t:|1776092008
|move|p1a: Driftblimp|Shadow Ball|p2a: Ghold Experience
|-supereffective|p2a: Ghold Experience
|-damage|p2a: Ghold Experience|0 fnt
|faint|p2a: Ghold Experience
|
|upkeep
|
|t:|1776092011
|switch|p2a: Dragonite|Dragonite, F|100/100
|turn|10
|
|t:|1776092018
|-terastallize|p2a: Dragonite|Flying
|move|p1a: Driftblimp|Strength Sap|p2a: Dragonite
|-unboost|p2a: Dragonite|atk|1
|-heal|p1a: Driftblimp|100/100
|move|p2a: Dragonite|Tera Blast|p1a: Driftblimp|[anim] Tera Blast Flying
|-supereffective|p1a: Driftblimp
|-crit|p1a: Driftblimp
|-damage|p1a: Driftblimp|0 fnt
|faint|p1a: Driftblimp
|
|upkeep
|
|t:|1776092026
|switch|p1a: Iron Treads|Iron Treads|100/100
|-enditem|p1a: Iron Treads|Booster Energy
|-activate|p1a: Iron Treads|ability: Quark Drive|[fromitem]
|-start|p1a: Iron Treads|quarkdriveatk
|turn|11
|
|t:|1776092036
|switch|p2a: Iron Valiant|Iron Valiant|100/100
|-enditem|p2a: Iron Valiant|Booster Energy
|-activate|p2a: Iron Valiant|ability: Quark Drive|[fromitem]
|-start|p2a: Iron Valiant|quarkdrivespe
|move|p1a: Iron Treads|Knock Off|p2a: Iron Valiant
|-resisted|p2a: Iron Valiant
|-damage|p2a: Iron Valiant|92/100
|
|upkeep
|turn|12
|
|t:|1776092044
|move|p2a: Iron Valiant|Close Combat|p1a: Iron Treads
|-supereffective|p1a: Iron Treads
|-damage|p1a: Iron Treads|0 fnt
|-unboost|p2a: Iron Valiant|def|1
|-unboost|p2a: Iron Valiant|spd|1
|faint|p1a: Iron Treads
|-end|p1a: Iron Treads|Quark Drive|[silent]
|
|upkeep
|
|t:|1776092049
|switch|p1a: Alomolomola|Alomomola, L99, M|100/100
|turn|13
|
|t:|1776092057
|-end|p2a: Iron Valiant|Quark Drive|[silent]
|switch|p2a: Kyurem|Kyurem, shiny|100/100
|-ability|p2a: Kyurem|Pressure
|move|p1a: Alomolomola|Flip Turn|p2a: Kyurem
|-resisted|p2a: Kyurem
|-damage|p2a: Kyurem|93/100
|
|t:|1776092068
|switch|p1a: Lokix|Lokix, M|100/100|[from] Flip Turn
|
|upkeep
|turn|14
|
|t:|1776092074
|move|p1a: Lokix|First Impression|p2a: Kyurem
|-damage|p2a: Kyurem|42/100
|-damage|p1a: Lokix|91/100|[from] item: Life Orb
|move|p2a: Kyurem|Ice Beam|p1a: Lokix
|-damage|p1a: Lokix|0 fnt
|faint|p1a: Lokix
|
|upkeep
|
|t:|1776092080
|switch|p1a: Alomolomola|Alomomola, L99, M|100/100
|turn|15
|
|t:|1776092082
|move|p2a: Kyurem|Freeze-Dry|p1a: Alomolomola
|-supereffective|p1a: Alomolomola
|-damage|p1a: Alomolomola|38/100
|move|p1a: Alomolomola|Flip Turn|p2a: Kyurem
|-resisted|p2a: Kyurem
|-damage|p2a: Kyurem|35/100
|
|t:|1776092089
|switch|p1a: Latias|Latias, F, shiny|100/100|[from] Flip Turn
|
|upkeep
|turn|16
|
|t:|1776092092
|switch|p2a: Iron Valiant|Iron Valiant|92/100
|switch|p1a: Dudunsparce|Dudunsparce-Three-Segment, F|45/100
|
|-heal|p1a: Dudunsparce|51/100|[from] item: Leftovers
|upkeep
|turn|17
|
|t:|1776092097
|move|p2a: Iron Valiant|Close Combat|p1a: Dudunsparce
|-supereffective|p1a: Dudunsparce
|-damage|p1a: Dudunsparce|0 fnt
|-unboost|p2a: Iron Valiant|def|1
|-unboost|p2a: Iron Valiant|spd|1
|faint|p1a: Dudunsparce
|
|upkeep
|
|t:|1776092099
|switch|p1a: Latias|Latias, F, shiny|100/100
|turn|18
|
|t:|1776092101
|move|p2a: Iron Valiant|Knock Off|p1a: Latias
|-supereffective|p1a: Latias
|-damage|p1a: Latias|49/100
|-enditem|p1a: Latias|Leftovers|[from] move: Knock Off|[of] p2a: Iron Valiant
|move|p1a: Latias|Calm Mind|p1a: Latias
|-boost|p1a: Latias|spa|1
|-boost|p1a: Latias|spd|1
|
|upkeep
|turn|19
|
|t:|1776092108
|move|p2a: Iron Valiant|Ice Punch|p1a: Latias
|-supereffective|p1a: Latias
|-damage|p1a: Latias|7/100
|move|p1a: Latias|Recover|p1a: Latias
|-heal|p1a: Latias|57/100
|
|upkeep
|turn|20
|
|t:|1776092113
|move|p2a: Iron Valiant|Swords Dance|p2a: Iron Valiant
|-boost|p2a: Iron Valiant|atk|2
|move|p1a: Latias|Recover|p1a: Latias
|-heal|p1a: Latias|100/100
|
|upkeep
|turn|21
|
|t:|1776092116
|move|p2a: Iron Valiant|Ice Punch|p1a: Latias
|-supereffective|p1a: Latias
|-damage|p1a: Latias|22/100
|move|p1a: Latias|Thunderbolt|p2a: Iron Valiant
|-damage|p2a: Iron Valiant|5/100
|
|upkeep
|turn|22
|
|t:|1776092119
|switch|p1a: Alomolomola|Alomomola, L99, M|71/100
|move|p2a: Iron Valiant|Ice Punch|p1a: Alomolomola
|-resisted|p1a: Alomolomola
|-damage|p1a: Alomolomola|49/100
|
|upkeep
|turn|23
|
|t:|1776092121
|move|p2a: Iron Valiant|Close Combat|p1a: Alomolomola
|-damage|p1a: Alomolomola|0 fnt
|-unboost|p2a: Iron Valiant|def|1
|-unboost|p2a: Iron Valiant|spd|1
|faint|p1a: Alomolomola
|
|upkeep
|-message|mamcackms forfeited.
|
|win|jjanejuliet
|raw|mamcackms's rating: 1473 &rarr; <strong>1456</strong><br />(-17 for losing)
|raw|jjanejuliet's rating: 1523 &rarr; <strong>1540</strong><br />(+17 for winning)
|l|☆mamcackms
|player|p1|
|l|☆jjanejuliet
|player|p2|
