|html|<div class="broadcast-blue"><strong>[Gen 9] OU is currently suspecting Tera Blast! For information on how to participate check out the <a href="https://www.smogon.com/tools/suspects/view/200">suspect thread</a>.</strong></div>
|j|☆buhnack
|j|☆Brusy
|t:|1776067318
|gametype|singles
|player|p1|buhnack|101|1294
|player|p2|Brusy|266|1287
|gen|9
|tier|[Gen 9] OU
|rated|
|rule|HP Percentage Mod: HP is shown in percentages
|rule|Endless Battle Clause: Forcing endless battles is banned
|rule|Species Clause: Limit one of each Pokémon
|rule|OHKO Clause: OHKO moves are banned
|rule|Evasion Items Clause: Evasion items are banned
|rule|Evasion Moves Clause: Evasion moves are banned
|rule|Evasion Abilities Clause: Evasion abilities are banned
|rule|Sleep Moves Clause: Sleep-inducing moves are banned
|clearpoke
|poke|p1|Zamazenta-*|
|poke|p1|Ting-Lu|
|poke|p1|Gholdengo|
|poke|p1|Gliscor, M|
|poke|p1|Great Tusk|
|poke|p1|Ogerpon-Wellspring, F|
|poke|p2|Pelipper, F|
|poke|p2|Alomomola, M|
|poke|p2|Dondozo, M|
|poke|p2|Azumarill, F|
|poke|p2|Greninja-*, M|
|poke|p2|Keldeo-Resolute|
|teampreview
|
|t:|1776067343
|teamsize|p1|6
|teamsize|p2|6
|start
|switch|p1a: Gliscor|Gliscor, M|100/100
|switch|p2a: Pelipper|Pelipper, F|100/100
|-weather|RainDance|[from] ability: Drizzle|[of] p2a: Pelipper
|turn|1
|
|t:|1776067354
|move|p1a: Gliscor|U-turn|p2a: Pelipper
|-resisted|p2a: Pelipper
|-damage|p2a: Pelipper|95/100
|
|t:|1776067358
|switch|p1a: Ogerpon|Ogerpon-Wellspring, F|100/100|[from] U-turn
|move|p2a: Pelipper|U-turn|p1a: Ogerpon
|-supereffective|p1a: Ogerpon
|-damage|p1a: Ogerpon|75/100
|
|t:|1776067380
|switch|p2a: Alomomola|Alomomola, M|100/100|[from] U-turn
|
|-weather|RainDance|[upkeep]
|upkeep
|turn|2
|
|t:|1776067422
|move|p1a: Ogerpon|Knock Off|p2a: Alomomola
|-damage|p2a: Alomomola|79/100
|-enditem|p2a: Alomomola|Heavy-Duty Boots|[from] move: Knock Off|[of] p1a: Ogerpon
|move|p2a: Alomomola|Wish|p2a: Alomomola
|
|-weather|RainDance|[upkeep]
|upkeep
|turn|3
|
|t:|1776067430
|switch|p2a: Pelipper|Pelipper, F|95/100
|move|p1a: Ogerpon|Swords Dance|p1a: Ogerpon
|-boost|p1a: Ogerpon|atk|2
|
|-weather|RainDance|[upkeep]
|-heal|p2a: Pelipper|100/100|[from] move: Wish|[wisher] Alomomola
|upkeep
|turn|4
|
|t:|1776067437
|move|p1a: Ogerpon|Knock Off|p2a: Pelipper
|-damage|p2a: Pelipper|44/100
|-enditem|p2a: Pelipper|Damp Rock|[from] move: Knock Off|[of] p1a: Ogerpon
|move|p2a: Pelipper|Hurricane|p1a: Ogerpon
|-supereffective|p1a: Ogerpon
|-damage|p1a: Ogerpon|0 fnt
|faint|p1a: Ogerpon
|
|-weather|RainDance|[upkeep]
|upkeep
|
|t:|1776067449
|switch|p1a: Ting-Lu|Ting-Lu|100/100
|-ability|p1a: Ting-Lu|Vessel of Ruin
|turn|5
|
|t:|1776067454
|-terastallize|p1a: Ting-Lu|Water
|move|p1a: Ting-Lu|Stealth Rock|p2a: Pelipper
|-sidestart|p2: Brusy|move: Stealth Rock
|move|p2a: Pelipper|U-turn|p1a: Ting-Lu
|-damage|p1a: Ting-Lu|96/100
|
|t:|1776067469
|switch|p2a: Keldeo|Keldeo-Resolute|100/100|[from] U-turn
|-damage|p2a: Keldeo|94/100|[from] Stealth Rock
|
|-weather|RainDance|[upkeep]
|-heal|p1a: Ting-Lu|100/100|[from] item: Leftovers
|upkeep
|turn|6
|
|t:|1776067485
|move|p2a: Keldeo|Focus Blast|p1a: Ting-Lu
|-crit|p1a: Ting-Lu
|-damage|p1a: Ting-Lu|35/100
|move|p1a: Ting-Lu|Spikes|p2a: Keldeo
|-sidestart|p2: Brusy|Spikes
|
|-weather|RainDance|[upkeep]
|-heal|p1a: Ting-Lu|41/100|[from] item: Leftovers
|upkeep
|turn|7
|
|t:|1776067491
|move|p2a: Keldeo|Focus Blast|p1a: Ting-Lu
|-damage|p1a: Ting-Lu|0 fnt
|faint|p1a: Ting-Lu
|
|-weather|RainDance|[upkeep]
|upkeep
|
|t:|1776067510
|switch|p1a: Gholdengo|Gholdengo|100/100
|turn|8
|
|t:|1776067520
|switch|p2a: Alomomola|Alomomola, M|100/100
|-damage|p2a: Alomomola|88/100|[from] Stealth Rock
|-damage|p2a: Alomomola|76/100|[from] Spikes
|move|p1a: Gholdengo|Trick|p2a: Alomomola
|-activate|p1a: Gholdengo|move: Trick|[of] p2a: Alomomola
|-item|p2a: Alomomola|Choice Scarf|[from] move: Trick
|-enditem|p1a: Gholdengo|Choice Scarf|[silent]|[from] move: Trick
|
|-weather|none
|upkeep
|turn|9
|
|t:|1776067534
|move|p1a: Gholdengo|Nasty Plot|p1a: Gholdengo
|-boost|p1a: Gholdengo|spa|2
|move|p2a: Alomomola|Scald|p1a: Gholdengo
|-damage|p1a: Gholdengo|84/100
|
|upkeep
|turn|10
|
|t:|1776067542
|move|p1a: Gholdengo|Shadow Ball|p2a: Alomomola
|-damage|p2a: Alomomola|0 fnt
|faint|p2a: Alomomola
|
|upkeep
|
|t:|1776067545
|switch|p2a: Pelipper|Pelipper, F|44/100
|-damage|p2a: Pelipper|19/100|[from] Stealth Rock
|-weather|RainDance|[from] ability: Drizzle|[of] p2a: Pelipper
|turn|11
|
|t:|1776067548
|move|p1a: Gholdengo|Shadow Ball|p2a: Pelipper
|-damage|p2a: Pelipper|0 fnt
|faint|p2a: Pelipper
|
|-weather|RainDance|[upkeep]
|upkeep
|
|t:|1776067553
|switch|p2a: Greninja|Greninja, M|100/100
|-damage|p2a: Greninja|88/100|[from] Stealth Rock
|-damage|p2a: Greninja|76/100|[from] Spikes
|turn|12
|
|t:|1776067560
|switch|p1a: Zamazenta|Zamazenta|100/100
|-ability|p1a: Zamazenta|Dauntless Shield|boost
|-boost|p1a: Zamazenta|def|1
|move|p2a: Greninja|Dark Pulse|p1a: Zamazenta
|-resisted|p1a: Zamazenta
|-damage|p1a: Zamazenta|82/100
|-damage|p2a: Greninja|66/100|[from] item: Life Orb
|
|-weather|RainDance|[upkeep]
|-heal|p1a: Zamazenta|88/100|[from] item: Leftovers
|upkeep
|turn|13
|
|t:|1776067566
|move|p1a: Zamazenta|Body Press|p2a: Greninja
|-supereffective|p2a: Greninja
|-damage|p2a: Greninja|0 fnt
|faint|p2a: Greninja
|
|-weather|RainDance|[upkeep]
|-heal|p1a: Zamazenta|94/100|[from] item: Leftovers
|upkeep
|
|t:|1776067570
|switch|p2a: Keldeo|Keldeo-Resolute|94/100
|-damage|p2a: Keldeo|88/100|[from] Stealth Rock
|-damage|p2a: Keldeo|76/100|[from] Spikes
|turn|14
|
|t:|1776067578
|move|p1a: Zamazenta|Body Press|p2a: Keldeo
|-damage|p2a: Keldeo|13/100
|move|p2a: Keldeo|Hydro Pump|p1a: Zamazenta|[miss]
|-miss|p2a: Keldeo|p1a: Zamazenta
|
|-weather|RainDance|[upkeep]
|-heal|p1a: Zamazenta|99/100|[from] item: Leftovers
|upkeep
|turn|15
|-message|Brusy forfeited.
|
|win|buhnack
|raw|buhnack's rating: 1294 &rarr; <strong>1318</strong><br />(+24 for winning)
|raw|Brusy's rating: 1287 &rarr; <strong>1263</strong><br />(-24 for losing)
|l|☆Brusy
|player|p2|
|l|☆buhnack
|player|p1|
