|html|<div class="broadcast-blue"><strong>[Gen 9] OU is currently suspecting Tera Blast! For information on how to participate check out the <a href="https://www.smogon.com/tools/suspects/view/200">suspect thread</a>.</strong></div>
|j|☆shinobi0boi
|j|☆owtblastre Emily
|t:|1776104215
|gametype|singles
|player|p1|shinobi0boi|265|1208
|player|p2|owtblastre Emily|marley-masters|1262
|gen|9
|tier|[Gen 9] OU
|rated|
|rule|HP Percentage Mod: HP is shown in percentages
|rule|Endless Battle Clause: Forcing endless battles is banned
|rule|Species Clause: Limit one of each Pokémon
|rule|OHKO Clause: OHKO moves are banned
|rule|Evasion Items Clause: Evasion items are banned
|rule|Evasion Moves Clause: Evasion moves are banned
|rule|Evasion Abilities Clause: Evasion abilities are banned
|rule|Sleep Moves Clause: Sleep-inducing moves are banned
|clearpoke
|poke|p1|Krookodile, F|
|poke|p1|Dachsbun, M|
|poke|p1|Greninja-*, F|
|poke|p1|Blaziken, M|
|poke|p1|Forretress, M|
|poke|p1|Umbreon, F|
|poke|p2|Dondozo, M|
|poke|p2|Blissey, F|
|poke|p2|Gliscor, M|
|poke|p2|Toxapex, M|
|poke|p2|Mandibuzz, F|
|poke|p2|Talonflame, M|
|teampreview
|inactive|Battle timer is ON: inactive players will automatically lose when time's up. (requested by owtblastre Emily)
|
|t:|1776104226
|teamsize|p1|6
|teamsize|p2|6
|start
|switch|p1a: Krookodile|Krookodile, F, shiny|100/100
|switch|p2a: Gliscor|Gliscor, M|100/100
|turn|1
|
|t:|1776104233
|move|p2a: Gliscor|Protect|p2a: Gliscor
|-singleturn|p2a: Gliscor|Protect
|move|p1a: Krookodile|Knock Off|p2a: Gliscor
|-activate|p2a: Gliscor|move: Protect
|
|-status|p2a: Gliscor|tox|[from] item: Toxic Orb
|upkeep
|turn|2
|
|t:|1776104241
|switch|p1a: Greninja|Greninja, F, shiny|100/100
|move|p2a: Gliscor|Spikes|p1a: Greninja
|-sidestart|p1: shinobi0boi|Spikes
|
|upkeep
|turn|3
|
|t:|1776104248
|switch|p2a: Toxapex|Toxapex, M|100/100
|move|p1a: Greninja|Ice Beam|p2a: Toxapex
|-start|p1a: Greninja|typechange|Ice|[from] ability: Protean
|-resisted|p2a: Toxapex
|-damage|p2a: Toxapex|80/100
|
|-heal|p2a: Toxapex|87/100|[from] item: Black Sludge
|upkeep
|turn|4
|
|t:|1776104260
|switch|p1a: Forretress|Forretress, M, shiny|100/100
|move|p2a: Toxapex|Surf|p1a: Forretress
|-damage|p1a: Forretress|72/100
|
|-heal|p2a: Toxapex|93/100|[from] item: Black Sludge
|upkeep
|turn|5
|
|t:|1776104269
|move|p2a: Toxapex|Surf|p1a: Forretress
|-damage|p1a: Forretress|45/100
|move|p1a: Forretress|Stealth Rock|p2a: Toxapex
|-sidestart|p2: owtblastre Emily|move: Stealth Rock
|
|-heal|p2a: Toxapex|99/100|[from] item: Black Sludge
|upkeep
|turn|6
|
|t:|1776104277
|switch|p2a: Gliscor|Gliscor, M|100/100 tox
|-damage|p2a: Gliscor|88/100 tox|[from] Stealth Rock
|move|p1a: Forretress|Rapid Spin|p2a: Gliscor
|-damage|p2a: Gliscor|79/100 tox
|-boost|p1a: Forretress|spe|1
|-sideend|p1: shinobi0boi|Spikes|[from] move: Rapid Spin|[of] p1a: Forretress
|
|-heal|p2a: Gliscor|92/100 tox|[from] ability: Poison Heal
|upkeep
|turn|7
|
|t:|1776104291
|switch|p1a: Greninja|Greninja, F, shiny|100/100
|move|p2a: Gliscor|Spikes|p1a: Greninja
|-sidestart|p1: shinobi0boi|Spikes
|
|-heal|p2a: Gliscor|100/100 tox|[from] ability: Poison Heal
|upkeep
|turn|8
|
|t:|1776104299
|switch|p2a: Toxapex|Toxapex, M|100/100
|-damage|p2a: Toxapex|88/100|[from] Stealth Rock
|move|p1a: Greninja|Dark Pulse|p2a: Toxapex
|-start|p1a: Greninja|typechange|Dark|[from] ability: Protean
|-damage|p2a: Toxapex|52/100
|
|-heal|p2a: Toxapex|59/100|[from] item: Black Sludge
|upkeep
|turn|9
|
|t:|1776104312
|move|p1a: Greninja|Dark Pulse|p2a: Toxapex
|-crit|p2a: Toxapex
|-damage|p2a: Toxapex|6/100
|cant|p2a: Toxapex|flinch
|
|-heal|p2a: Toxapex|13/100|[from] item: Black Sludge
|upkeep
|turn|10
|
|t:|1776104320
|switch|p2a: Blissey|Blissey, F|100/100
|-damage|p2a: Blissey|88/100|[from] Stealth Rock
|move|p1a: Greninja|Dark Pulse|p2a: Blissey
|-damage|p2a: Blissey|72/100
|
|-heal|p2a: Blissey|79/100|[from] item: Leftovers
|upkeep
|turn|11
|
|t:|1776104329
|switch|p1a: Forretress|Forretress, M, shiny|45/100
|move|p2a: Blissey|Seismic Toss|p1a: Forretress
|-damage|p1a: Forretress|17/100
|
|-heal|p2a: Blissey|85/100|[from] item: Leftovers
|upkeep
|turn|12
|
|t:|1776104344
|move|p2a: Blissey|Seismic Toss|p1a: Forretress
|-damage|p1a: Forretress|0 fnt
|faint|p1a: Forretress
|
|-heal|p2a: Blissey|91/100|[from] item: Leftovers
|upkeep
|
|t:|1776104357
|switch|p1a: Greninja|Greninja, F, shiny|100/100
|-damage|p1a: Greninja|88/100|[from] Spikes
|turn|13
|
|t:|1776104364
|move|p1a: Greninja|Switcheroo|p2a: Blissey
|-start|p1a: Greninja|typechange|Dark|[from] ability: Protean
|-activate|p1a: Greninja|move: Trick|[of] p2a: Blissey
|-item|p2a: Blissey|Choice Specs|[from] move: Switcheroo
|-item|p1a: Greninja|Leftovers|[from] move: Switcheroo
|move|p2a: Blissey|Stealth Rock|p1a: Greninja
|-sidestart|p1: shinobi0boi|move: Stealth Rock
|
|-heal|p1a: Greninja|94/100|[from] item: Leftovers
|upkeep
|turn|14
|
|t:|1776104379
|switch|p2a: Mandibuzz|Mandibuzz, F|100/100
|move|p1a: Greninja|Dark Pulse|p2a: Mandibuzz
|-resisted|p2a: Mandibuzz
|-damage|p2a: Mandibuzz|89/100
|
|-heal|p1a: Greninja|99/100|[from] item: Leftovers
|upkeep
|turn|15
|
|t:|1776104387
|move|p1a: Greninja|Ice Beam|p2a: Mandibuzz
|-supereffective|p2a: Mandibuzz
|-damage|p2a: Mandibuzz|52/100
|move|p2a: Mandibuzz|Toxic|p1a: Greninja
|-status|p1a: Greninja|tox
|
|-heal|p1a: Greninja|100/100 tox|[from] item: Leftovers
|-damage|p1a: Greninja|95/100 tox|[from] psn
|upkeep
|turn|16
|
|t:|1776104396
|move|p1a: Greninja|Ice Beam|p2a: Mandibuzz
|-supereffective|p2a: Mandibuzz
|-damage|p2a: Mandibuzz|18/100
|move|p2a: Mandibuzz|Roost|p2a: Mandibuzz
|-heal|p2a: Mandibuzz|68/100
|-singleturn|p2a: Mandibuzz|move: Roost
|
|-heal|p1a: Greninja|100/100 tox|[from] item: Leftovers
|-damage|p1a: Greninja|89/100 tox|[from] psn
|upkeep
|turn|17
|
|t:|1776104407
|move|p1a: Greninja|Ice Beam|p2a: Mandibuzz
|-supereffective|p2a: Mandibuzz
|-damage|p2a: Mandibuzz|32/100
|move|p2a: Mandibuzz|Roost|p2a: Mandibuzz
|-heal|p2a: Mandibuzz|82/100
|-singleturn|p2a: Mandibuzz|move: Roost
|
|-heal|p1a: Greninja|95/100 tox|[from] item: Leftovers
|-damage|p1a: Greninja|77/100 tox|[from] psn
|upkeep
|turn|18
|
|t:|1776104420
|switch|p1a: Umbreon|Umbreon, F, shiny|100/100
|-damage|p1a: Umbreon|88/100|[from] Spikes
|-damage|p1a: Umbreon|76/100|[from] Stealth Rock
|switch|p2a: Blissey|Blissey, F|91/100
|-damage|p2a: Blissey|79/100|[from] Stealth Rock
|
|-heal|p1a: Umbreon|82/100|[from] item: Leftovers
|upkeep
|turn|19
|
|t:|1776104434
|switch|p2a: Toxapex|Toxapex, M|46/100
|-damage|p2a: Toxapex|33/100|[from] Stealth Rock
|move|p1a: Umbreon|Toxic|p2a: Toxapex
|-immune|p2a: Toxapex
|
|-heal|p1a: Umbreon|88/100|[from] item: Leftovers
|-heal|p2a: Toxapex|40/100|[from] item: Black Sludge
|upkeep
|turn|20
|
|t:|1776104448
|move|p1a: Umbreon|Wish|p1a: Umbreon
|move|p2a: Toxapex|Recover|p2a: Toxapex
|-heal|p2a: Toxapex|90/100
|
|-heal|p1a: Umbreon|94/100|[from] item: Leftovers
|-heal|p2a: Toxapex|96/100|[from] item: Black Sludge
|upkeep
|turn|21
|
|t:|1776104458
|switch|p1a: Greninja|Greninja, F, shiny|77/100 tox
|-damage|p1a: Greninja|64/100 tox|[from] Spikes
|-damage|p1a: Greninja|52/100 tox|[from] Stealth Rock
|move|p2a: Toxapex|Toxic Spikes|p1a: Greninja
|-sidestart|p1: shinobi0boi|move: Toxic Spikes
|
|-heal|p1a: Greninja|100/100 tox|[from] move: Wish|[wisher] Umbreon
|-heal|p2a: Toxapex|100/100|[from] item: Black Sludge
|-damage|p1a: Greninja|95/100 tox|[from] psn
|upkeep
|turn|22
|
|t:|1776104476
|move|p1a: Greninja|Dark Pulse|p2a: Toxapex
|-start|p1a: Greninja|typechange|Dark|[from] ability: Protean
|-damage|p2a: Toxapex|78/100
|move|p2a: Toxapex|Sludge Bomb|p1a: Greninja
|-damage|p1a: Greninja|65/100 tox
|
|-heal|p1a: Greninja|71/100 tox|[from] item: Leftovers
|-heal|p2a: Toxapex|85/100|[from] item: Black Sludge
|-damage|p1a: Greninja|59/100 tox|[from] psn
|upkeep
|turn|23
|
|t:|1776104488
|move|p1a: Greninja|Dark Pulse|p2a: Toxapex
|-damage|p2a: Toxapex|62/100
|move|p2a: Toxapex|Recover|p2a: Toxapex
|-heal|p2a: Toxapex|100/100
|
|-heal|p1a: Greninja|65/100 tox|[from] item: Leftovers
|-damage|p1a: Greninja|47/100 tox|[from] psn
|upkeep
|turn|24
|-message|shinobi0boi forfeited.
|
|win|owtblastre Emily
|raw|shinobi0boi's rating: 1208 &rarr; <strong>1187</strong><br />(-21 for losing)
|raw|owtblastre Emily's rating: 1262 &rarr; <strong>1283</strong><br />(+21 for winning)
|l|☆shinobi0boi
|player|p1|
|l|☆owtblastre Emily
|player|p2|
