|html|<div class="broadcast-blue"><strong>[Gen 9] OU is currently suspecting Tera Blast! For information on how to participate check out the <a href="https://www.smogon.com/tools/suspects/view/200">suspect thread</a>.</strong></div>
|j|☆vyzz
|j|☆ramjamdee
|t:|1776095106
|gametype|singles
|player|p1|vyzz|101|1283
|player|p2|ramjamdee|265|1313
|gen|9
|tier|[Gen 9] OU
|rated|
|rule|HP Percentage Mod: HP is shown in percentages
|rule|Endless Battle Clause: Forcing endless battles is banned
|rule|Species Clause: Limit one of each Pokémon
|rule|OHKO Clause: OHKO moves are banned
|rule|Evasion Items Clause: Evasion items are banned
|rule|Evasion Moves Clause: Evasion moves are banned
|rule|Evasion Abilities Clause: Evasion abilities are banned
|rule|Sleep Moves Clause: Sleep-inducing moves are banned
|clearpoke
|poke|p1|Rillaboom, M|
|poke|p1|Kingambit, M|
|poke|p1|Corviknight, M|
|poke|p1|Chandelure, M|
|poke|p1|Gliscor, M|
|poke|p1|Goodra-Hisui, F|
|poke|p2|Lokix, F|
|poke|p2|Great Tusk|
|poke|p2|Slowking-Galar, F|
|poke|p2|Corviknight, F|
|poke|p2|Raging Bolt|
|poke|p2|Dragapult, F|
|teampreview
|inactive|Battle timer is ON: inactive players will automatically lose when time's up. (requested by ramjamdee)
|j| ohko_smeargle
|
|t:|1776095114
|teamsize|p1|6
|teamsize|p2|6
|start
|switch|p1a: Gliscor|Gliscor, M|100/100
|switch|p2a: Dragapult|Dragapult, F|100/100
|turn|1
|
|t:|1776095120
|move|p1a: Gliscor|Protect|p1a: Gliscor
|-singleturn|p1a: Gliscor|Protect
|move|p2a: Dragapult|Will-O-Wisp|p1a: Gliscor
|-activate|p1a: Gliscor|move: Protect
|
|-status|p1a: Gliscor|tox|[from] item: Toxic Orb
|upkeep
|turn|2
|c|☆ramjamdee|ZSIDO
|
|t:|1776095129
|move|p2a: Dragapult|Hex|p1a: Gliscor
|-damage|p1a: Gliscor|18/100 tox
|move|p1a: Gliscor|Stealth Rock|p2a: Dragapult
|-sidestart|p2: ramjamdee|move: Stealth Rock
|
|-heal|p1a: Gliscor|31/100 tox|[from] ability: Poison Heal
|upkeep
|turn|3
|
|t:|1776095137
|move|p1a: Gliscor|Protect|p1a: Gliscor
|-singleturn|p1a: Gliscor|Protect
|move|p2a: Dragapult|Hex|p1a: Gliscor
|-activate|p1a: Gliscor|move: Protect
|
|-heal|p1a: Gliscor|43/100 tox|[from] ability: Poison Heal
|upkeep
|turn|4
|
|t:|1776095140
|switch|p1a: Goodra|Goodra-Hisui, F|100/100
|move|p2a: Dragapult|U-turn|p1a: Goodra
|-resisted|p1a: Goodra
|-damage|p1a: Goodra|91/100
|
|t:|1776095145
|switch|p2a: Great Tusk|Great Tusk|100/100|[from] U-turn
|
|upkeep
|turn|5
|
|t:|1776095160
|switch|p1a: Corviknight|Corviknight, M|100/100
|move|p2a: Great Tusk|Rapid Spin|p1a: Corviknight
|-resisted|p1a: Corviknight
|-damage|p1a: Corviknight|95/100
|-boost|p2a: Great Tusk|spe|1
|-damage|p2a: Great Tusk|84/100|[from] item: Rocky Helmet|[of] p1a: Corviknight
|-sideend|p2: ramjamdee|Stealth Rock|[from] move: Rapid Spin|[of] p2a: Great Tusk
|
|upkeep
|turn|6
|
|t:|1776095165
|move|p2a: Great Tusk|Stealth Rock|p1a: Corviknight
|-sidestart|p1: vyzz|move: Stealth Rock
|move|p1a: Corviknight|Brave Bird|p2a: Great Tusk
|-supereffective|p2a: Great Tusk
|-damage|p2a: Great Tusk|32/100
|-damage|p1a: Corviknight|79/100|[from] Recoil
|
|upkeep
|turn|7
|
|t:|1776095171
|-end|p2a: Great Tusk|Protosynthesis|[silent]
|switch|p2a: Raging Bolt|Raging Bolt|100/100
|move|p1a: Corviknight|Defog|p2a: Raging Bolt
|-unboost|p2a: Raging Bolt|evasion|1
|-sideend|p1: vyzz|Stealth Rock|[from] move: Defog|[of] p1a: Corviknight
|
|upkeep
|turn|8
|
|t:|1776095178
|switch|p1a: Gliscor|Gliscor, M|43/100 tox
|move|p2a: Raging Bolt|Draco Meteor|p1a: Gliscor|[miss]
|-miss|p2a: Raging Bolt|p1a: Gliscor
|
|-heal|p1a: Gliscor|55/100 tox|[from] ability: Poison Heal
|upkeep
|turn|9
|c|☆ramjamdee|DUDE
|c|☆ramjamdee|fuck oofff
|
|t:|1776095192
|move|p1a: Gliscor|Stealth Rock|p2a: Raging Bolt
|-sidestart|p2: ramjamdee|move: Stealth Rock
|move|p2a: Raging Bolt|Draco Meteor|p1a: Gliscor|[miss]
|-miss|p2a: Raging Bolt|p1a: Gliscor
|
|-heal|p1a: Gliscor|68/100 tox|[from] ability: Poison Heal
|upkeep
|turn|10
|c|☆vyzz|yep unlucky there
|c|☆ramjamdee|okay
|c|☆vyzz|o fuck
|c|☆ramjamdee|fun
|c|☆ramjamdee|game
|
|t:|1776095211
|switch|p1a: Goodra|Goodra-Hisui, F|91/100
|move|p2a: Raging Bolt|Draco Meteor|p1a: Goodra
|-damage|p1a: Goodra|54/100
|-unboost|p2a: Raging Bolt|spa|2
|
|upkeep
|turn|11
|inactive|ramjamdee has 120 seconds left.
|c|☆ramjamdee|ah fuck this couldve taken that fuckass gliscor twice and the "90%" accurate move thats actuall like 10% accurate misses
|
|t:|1776095255
|-end|p2a: Raging Bolt|Protosynthesis|[silent]
|switch|p2a: Slowking|Slowking-Galar, F|100/100
|move|p1a: Goodra|Draco Meteor|p2a: Slowking
|-damage|p2a: Slowking|71/100
|-unboost|p1a: Goodra|spa|2
|
|upkeep
|turn|12
|c|☆vyzz|yep
|c|☆ramjamdee|and then i realize im gay
|c|☆vyzz|really unlucky :/
|
|t:|1776095281
|switch|p1a: Gliscor|Gliscor, M|68/100 tox
|-prepare|p2a: Slowking|Chilly Reception|[premajor]
|move|p2a: Slowking|Chilly Reception|p2a: Slowking
|-weather|Snowscape
|inactive|ramjamdee has 120 seconds left.
|c|☆ramjamdee|when u at the family gathering but u lwk cant stop craving men
|
|t:|1776095294
|switch|p2a: Raging Bolt|Raging Bolt|100/100|[from] Chilly Reception
|-damage|p2a: Raging Bolt|88/100|[from] Stealth Rock
|
|-weather|Snowscape|[upkeep]
|-heal|p1a: Gliscor|80/100 tox|[from] ability: Poison Heal
|upkeep
|turn|13
|
|t:|1776095297
|move|p1a: Gliscor|Protect|p1a: Gliscor
|-singleturn|p1a: Gliscor|Protect
|move|p2a: Raging Bolt|Draco Meteor|p1a: Gliscor
|-activate|p1a: Gliscor|move: Protect
|
|-weather|Snowscape|[upkeep]
|-heal|p1a: Gliscor|92/100 tox|[from] ability: Poison Heal
|upkeep
|turn|14
|
|t:|1776095306
|switch|p1a: Goodra|Goodra-Hisui, F|54/100
|move|p2a: Raging Bolt|Draco Meteor|p1a: Goodra
|-damage|p1a: Goodra|16/100
|-unboost|p2a: Raging Bolt|spa|2
|
|-weather|Snowscape|[upkeep]
|upkeep
|turn|15
|
|t:|1776095311
|switch|p1a: Gliscor|Gliscor, M|92/100 tox
|move|p2a: Raging Bolt|Draco Meteor|p1a: Gliscor
|-damage|p1a: Gliscor|12/100 tox
|-unboost|p2a: Raging Bolt|spa|2
|
|-weather|Snowscape|[upkeep]
|-heal|p1a: Gliscor|25/100 tox|[from] ability: Poison Heal
|upkeep
|turn|16
|
|t:|1776095317
|move|p1a: Gliscor|Earthquake|p2a: Raging Bolt
|-supereffective|p2a: Raging Bolt
|-damage|p2a: Raging Bolt|15/100
|move|p2a: Raging Bolt|Draco Meteor|p1a: Gliscor
|-damage|p1a: Gliscor|0 fnt
|-unboost|p2a: Raging Bolt|spa|2
|faint|p1a: Gliscor
|
|-weather|none
|upkeep
|c|☆ramjamdee|finally
|inactive|vyzz has 120 seconds left.
|
|t:|1776095353
|switch|p1a: Chandelure|Chandelure, M|100/100
|turn|17
|
|t:|1776095359
|-end|p2a: Raging Bolt|Protosynthesis|[silent]
|switch|p2a: Slowking|Slowking-Galar, F|100/100
|move|p1a: Chandelure|Shadow Ball|p2a: Slowking
|-supereffective|p2a: Slowking
|-damage|p2a: Slowking|46/100
|
|upkeep
|turn|18
|
|t:|1776095365
|-terastallize|p2a: Slowking|Water
|move|p1a: Chandelure|Shadow Ball|p2a: Slowking
|-crit|p2a: Slowking
|-damage|p2a: Slowking|5/100
|move|p2a: Slowking|Toxic|p1a: Chandelure
|-status|p1a: Chandelure|tox
|
|-damage|p1a: Chandelure|94/100 tox|[from] psn
|upkeep
|turn|19
|
|t:|1776095377
|switch|p2a: Corviknight|Corviknight, F|100/100
|-damage|p2a: Corviknight|88/100|[from] Stealth Rock
|-ability|p2a: Corviknight|Pressure
|move|p1a: Chandelure|Shadow Ball|p2a: Corviknight
|-damage|p2a: Corviknight|40/100
|
|-heal|p2a: Corviknight|46/100|[from] item: Leftovers
|-damage|p1a: Chandelure|82/100 tox|[from] psn
|upkeep
|turn|20
|
|t:|1776095386
|switch|p2a: Slowking|Slowking-Galar, F, tera:Water|39/100
|move|p1a: Chandelure|Shadow Ball|p2a: Slowking
|-damage|p2a: Slowking|12/100
|
|-damage|p1a: Chandelure|64/100 tox|[from] psn
|upkeep
|turn|21
|
|t:|1776095407
|switch|p1a: Kingambit|Kingambit, M|100/100
|-activate|p1a: Kingambit|ability: Supreme Overlord
|-start|p1a: Kingambit|fallen1|[silent]
|switch|p2a: Corviknight|Corviknight, F|46/100
|-damage|p2a: Corviknight|33/100|[from] Stealth Rock
|-ability|p2a: Corviknight|Pressure
|
|-heal|p2a: Corviknight|40/100|[from] item: Leftovers
|upkeep
|turn|22
|
|t:|1776095413
|move|p2a: Corviknight|Roost|p2a: Corviknight
|-heal|p2a: Corviknight|90/100
|-singleturn|p2a: Corviknight|move: Roost
|move|p1a: Kingambit|Swords Dance|p1a: Kingambit
|-boost|p1a: Kingambit|atk|2
|
|-heal|p2a: Corviknight|96/100|[from] item: Leftovers
|upkeep
|turn|23
|
|t:|1776095419
|move|p2a: Corviknight|Iron Defense|p2a: Corviknight
|-boost|p2a: Corviknight|def|2
|move|p1a: Kingambit|Kowtow Cleave|p2a: Corviknight
|-damage|p2a: Corviknight|51/100
|
|-heal|p2a: Corviknight|57/100|[from] item: Leftovers
|upkeep
|turn|24
|
|t:|1776095429
|move|p2a: Corviknight|Body Press|p1a: Kingambit
|-supereffective|p1a: Kingambit
|-damage|p1a: Kingambit|0 fnt
|faint|p1a: Kingambit
|-end|p1a: Kingambit|fallen1|[silent]
|
|-heal|p2a: Corviknight|64/100|[from] item: Leftovers
|upkeep
|
|t:|1776095433
|switch|p1a: Chandelure|Chandelure, M|64/100 tox
|turn|25
|
|t:|1776095438
|switch|p2a: Slowking|Slowking-Galar, F, tera:Water|46/100
|move|p1a: Chandelure|Energy Ball|p2a: Slowking
|-supereffective|p2a: Slowking
|-damage|p2a: Slowking|3/100
|
|-damage|p1a: Chandelure|58/100 tox|[from] psn
|upkeep
|turn|26
|
|t:|1776095452
|switch|p1a: Corviknight|Corviknight, M|79/100
|switch|p2a: Corviknight|Corviknight, F|64/100
|-damage|p2a: Corviknight|51/100|[from] Stealth Rock
|-ability|p2a: Corviknight|Pressure
|
|-heal|p2a: Corviknight|57/100|[from] item: Leftovers
|upkeep
|turn|27
|
|t:|1776095460
|switch|p1a: Chandelure|Chandelure, M|58/100 tox
|move|p2a: Corviknight|U-turn|p1a: Chandelure
|-resisted|p1a: Chandelure
|-damage|p1a: Chandelure|53/100 tox
|
|t:|1776095465
|switch|p2a: Lokix|Lokix, F|100/100|[from] U-turn
|-damage|p2a: Lokix|76/100|[from] Stealth Rock
|
|-damage|p1a: Chandelure|47/100 tox|[from] psn
|upkeep
|turn|28
|
|t:|1776095471
|switch|p1a: Corviknight|Corviknight, M|79/100
|move|p2a: Lokix|First Impression|p1a: Corviknight
|-resisted|p1a: Corviknight
|-damage|p1a: Corviknight|63/100
|-damage|p2a: Lokix|59/100|[from] item: Rocky Helmet|[of] p1a: Corviknight
|
|upkeep
|turn|29
|
|t:|1776095475
|switch|p2a: Great Tusk|Great Tusk|32/100
|move|p1a: Corviknight|Brave Bird|p2a: Great Tusk
|-supereffective|p2a: Great Tusk
|-damage|p2a: Great Tusk|0 fnt
|faint|p2a: Great Tusk
|-end|p2a: Great Tusk|Protosynthesis|[silent]
|-damage|p1a: Corviknight|53/100|[from] Recoil
|
|upkeep
|
|t:|1776095479
|switch|p2a: Dragapult|Dragapult, F|100/100
|turn|30
|c|☆ramjamdee|js grape my ahh
|
|t:|1776095491
|switch|p1a: Goodra|Goodra-Hisui, F|16/100
|move|p2a: Dragapult|Will-O-Wisp|p1a: Goodra
|-status|p1a: Goodra|brn
|
|-damage|p1a: Goodra|10/100 brn|[from] brn
|upkeep
|turn|31
|
|t:|1776095496
|move|p2a: Dragapult|Hex|p1a: Goodra
|-damage|p1a: Goodra|0 fnt
|faint|p1a: Goodra
|
|upkeep
|
|t:|1776095499
|switch|p1a: Chandelure|Chandelure, M|47/100 tox
|turn|32
|
|t:|1776095524
|switch|p2a: Slowking|Slowking-Galar, F, tera:Water|36/100
|move|p1a: Chandelure|Shadow Ball|p2a: Slowking
|-damage|p2a: Slowking|8/100
|
|-damage|p1a: Chandelure|41/100 tox|[from] psn
|upkeep
|turn|33
|
|t:|1776095530
|move|p1a: Chandelure|Shadow Ball|p2a: Slowking
|-damage|p2a: Slowking|0 fnt
|faint|p2a: Slowking
|
|-damage|p1a: Chandelure|28/100 tox|[from] psn
|upkeep
|
|t:|1776095542
|switch|p2a: Raging Bolt|Raging Bolt|15/100
|-damage|p2a: Raging Bolt|2/100|[from] Stealth Rock
|turn|34
|
|t:|1776095547
|move|p2a: Raging Bolt|Thunderclap|p1a: Chandelure
|-damage|p1a: Chandelure|0 fnt
|faint|p1a: Chandelure
|
|upkeep
|
|t:|1776095550
|switch|p1a: Rillaboom|Rillaboom, M|100/100
|-fieldstart|move: Grassy Terrain|[from] ability: Grassy Surge|[of] p1a: Rillaboom
|turn|35
|
|t:|1776095556
|move|p1a: Rillaboom|Fake Out|p2a: Raging Bolt
|-damage|p2a: Raging Bolt|0 fnt
|faint|p2a: Raging Bolt
|-end|p2a: Raging Bolt|Protosynthesis|[silent]
|
|upkeep
|
|t:|1776095559
|switch|p2a: Dragapult|Dragapult, F|100/100
|turn|36
|
|t:|1776095567
|move|p2a: Dragapult|Will-O-Wisp|p1a: Rillaboom
|-status|p1a: Rillaboom|brn
|move|p1a: Rillaboom|Wood Hammer|p2a: Dragapult
|-resisted|p2a: Dragapult
|-damage|p2a: Dragapult|73/100
|-damage|p1a: Rillaboom|92/100 brn|[from] Recoil
|
|-heal|p2a: Dragapult|79/100|[from] Grassy Terrain
|-heal|p1a: Rillaboom|98/100 brn|[from] Grassy Terrain
|-damage|p1a: Rillaboom|92/100 brn|[from] brn
|upkeep
|turn|37
|
|t:|1776095576
|move|p2a: Dragapult|Hex|p1a: Rillaboom
|-damage|p1a: Rillaboom|13/100 brn
|move|p1a: Rillaboom|Wood Hammer|p2a: Dragapult
|-resisted|p2a: Dragapult
|-damage|p2a: Dragapult|51/100
|-damage|p1a: Rillaboom|4/100 brn|[from] Recoil
|
|-heal|p2a: Dragapult|57/100|[from] Grassy Terrain
|-heal|p1a: Rillaboom|10/100 brn|[from] Grassy Terrain
|-damage|p1a: Rillaboom|4/100 brn|[from] brn
|upkeep
|turn|38
|
|t:|1776095581
|move|p2a: Dragapult|Hex|p1a: Rillaboom
|-damage|p1a: Rillaboom|0 fnt
|faint|p1a: Rillaboom
|
|-heal|p2a: Dragapult|63/100|[from] Grassy Terrain
|upkeep
|
|t:|1776095583
|switch|p1a: Corviknight|Corviknight, M|53/100
|turn|39
|c|☆vyzz|gg wp
|
|t:|1776095588
|move|p2a: Dragapult|Will-O-Wisp|p1a: Corviknight
|-status|p1a: Corviknight|brn
|move|p1a: Corviknight|Brave Bird|p2a: Dragapult
|-damage|p2a: Dragapult|37/100
|-damage|p1a: Corviknight|47/100 brn|[from] Recoil
|
|-heal|p2a: Dragapult|43/100|[from] Grassy Terrain
|-damage|p1a: Corviknight|41/100 brn|[from] brn
|-fieldend|move: Grassy Terrain
|upkeep
|turn|40
|c|☆ramjamdee|gg
|
|t:|1776095592
|move|p2a: Dragapult|Hex|p1a: Corviknight
|-damage|p1a: Corviknight|0 fnt
|faint|p1a: Corviknight
|
|win|ramjamdee
