|j|☆encore21768768
|j|☆Abyssal Bot
|t:|1776269387
|gametype|singles
|player|p1|encore21768768|265|
|player|p2|Abyssal Bot|supernerd|
|teamsize|p1|6
|teamsize|p2|6
|gen|9
|tier|[Gen 9] OU
|rule|Species Clause: Limit one of each Pokémon
|rule|OHKO Clause: OHKO moves are banned
|rule|Evasion Items Clause: Evasion items are banned
|rule|Evasion Moves Clause: Evasion moves are banned
|rule|Endless Battle Clause: Forcing endless battles is banned
|rule|HP Percentage Mod: HP is shown in percentages
|rule|Sleep Moves Clause: Sleep-inducing moves are banned
|clearpoke
|poke|p1|Toucannon, M|
|poke|p1|Dragonite, M|
|poke|p1|Zamazenta-*|
|poke|p1|Iron Treads|
|poke|p1|Zapdos|
|poke|p1|Primarina, F|
|poke|p2|Gliscor, M|
|poke|p2|Alomomola, M|
|poke|p2|Gholdengo|
|poke|p2|Hoopa-Unbound|
|poke|p2|Cinderace, M|
|poke|p2|Zamazenta-*|
|teampreview
|c|☆Abyssal Bot|**WARNING**: Expect much hax.
|inactive|Battle timer is ON: inactive players will automatically lose when time's up. (requested by Abyssal Bot)
|j|*Turbo Bottttt
|
|t:|1776269392
|start
|switch|p1a: Monkey D. nite|Dragonite, M|100/100
|switch|p2a: Alomomola|Alomomola, M|100/100
|turn|1
|
|t:|1776269397
|switch|p2a: Gholdengo|Gholdengo|100/100
|move|p1a: Monkey D. nite|Dragon Dance|p1a: Monkey D. nite
|-boost|p1a: Monkey D. nite|atk|1
|-boost|p1a: Monkey D. nite|spe|1
|
|upkeep
|turn|2
|
|t:|1776269399
|move|p2a: Gholdengo|Make It Rain|p1a: Monkey D. nite
|-damage|p1a: Monkey D. nite|65/100
|-unboost|p2a: Gholdengo|spa|1
|move|p1a: Monkey D. nite|Fire Punch|p2a: Gholdengo
|-supereffective|p2a: Gholdengo
|-damage|p2a: Gholdengo|10/100
|-status|p2a: Gholdengo|brn
|
|-damage|p2a: Gholdengo|4/100 brn|[from] brn|[of] p1a: Monkey D. nite
|upkeep
|turn|3
|
|t:|1776269403
|move|p2a: Gholdengo|Make It Rain|p1a: Monkey D. nite
|-damage|p1a: Monkey D. nite|17/100
|-unboost|p2a: Gholdengo|spa|1
|move|p1a: Monkey D. nite|Scale Shot|p2a: Gholdengo
|-resisted|p2a: Gholdengo
|-damage|p2a: Gholdengo|0 brn
|faint|p2a: Gholdengo
|-hitcount|p2: Gholdengo|1
|-unboost|p1a: Monkey D. nite|def|1
|-boost|p1a: Monkey D. nite|spe|1
|
|upkeep
|
|t:|1776269403
|switch|p2a: Hoopa|Hoopa-Unbound|100/100
|turn|4
|
|t:|1776269406
|move|p1a: Monkey D. nite|Scale Shot|p2a: Hoopa
|-damage|p2a: Hoopa|77/100
|-damage|p2a: Hoopa|55/100
|-damage|p2a: Hoopa|30/100
|-damage|p2a: Hoopa|8/100
|-hitcount|p2a: Hoopa|4
|-unboost|p1a: Monkey D. nite|def|1
|-boost|p1a: Monkey D. nite|spe|1
|move|p2a: Hoopa|Knock Off|p1a: Monkey D. nite
|-damage|p1a: Monkey D. nite|0
|-enditem|p1a: Monkey D. nite|Loaded Dice|[from] move: Knock Off|[of] p2a: Hoopa
|faint|p1a: Monkey D. nite
|
|upkeep
|
|t:|1776269420
|switch|p1a: Eustass Kid|Iron Treads|100/100
|-item|p1a: Eustass Kid|Air Balloon
|turn|5
|
|t:|1776269421
|move|p1a: Eustass Kid|Rapid Spin|p2a: Hoopa
|-damage|p2a: Hoopa|0
|-boost|p1a: Eustass Kid|spe|1
|faint|p2a: Hoopa
|
|upkeep
|
|t:|1776269421
|switch|p2a: Gliscor|Gliscor, M|100/100
|turn|6
|
|t:|1776269423
|move|p2a: Gliscor|Protect|p2a: Gliscor
|-singleturn|p2a: Gliscor|Protect
|move|p1a: Eustass Kid|Ice Spinner|p2a: Gliscor
|-activate|p2a: Gliscor|move: Protect
|
|-status|p2a: Gliscor|tox|[from] item: Toxic Orb
|upkeep
|turn|7
|
|t:|1776269425
|move|p1a: Eustass Kid|Ice Spinner|p2a: Gliscor
|-supereffective|p2a: Gliscor
|-damage|p2a: Gliscor|27/100 tox
|move|p2a: Gliscor|Facade|p1a: Eustass Kid
|-resisted|p1a: Eustass Kid
|-damage|p1a: Eustass Kid|87/100
|-enditem|p1a: Eustass Kid|Air Balloon
|
|-heal|p2a: Gliscor|39/100 tox|[from] ability: Poison Heal
|upkeep
|turn|8
|
|t:|1776269430
|move|p2a: Gliscor|Protect|p2a: Gliscor
|-singleturn|p2a: Gliscor|Protect
|move|p1a: Eustass Kid|Ice Spinner|p2a: Gliscor
|-activate|p2a: Gliscor|move: Protect
|
|-heal|p2a: Gliscor|52/100 tox|[from] ability: Poison Heal
|upkeep
|turn|9
|
|t:|1776269433
|move|p1a: Eustass Kid|Ice Spinner|p2a: Gliscor
|-supereffective|p2a: Gliscor
|-damage|p2a: Gliscor|0 tox
|faint|p2a: Gliscor
|
|upkeep
|
|t:|1776269433
|switch|p2a: Alomomola|Alomomola, M|100/100
|turn|10
|
|t:|1776269434
|move|p1a: Eustass Kid|Knock Off|p2a: Alomomola
|-crit|p2a: Alomomola
|-damage|p2a: Alomomola|77/100
|-enditem|p2a: Alomomola|Red Card|[from] move: Knock Off|[of] p1a: Eustass Kid
|move|p2a: Alomomola|Wish|p2a: Alomomola
|
|upkeep
|turn|11
|c|☆Abyssal Bot|Oh crap, that crit...
|
|t:|1776269436
|move|p1a: Eustass Kid|Earthquake|p2a: Alomomola
|-damage|p2a: Alomomola|52/100
|move|p2a: Alomomola|Flip Turn|p1a: Eustass Kid
|-supereffective|p1a: Eustass Kid
|-damage|p1a: Eustass Kid|57/100
|
|t:|1776269437
|switch|p2a: Zamazenta|Zamazenta|100/100|[from] Flip Turn
|-ability|p2a: Zamazenta|Dauntless Shield|boost
|-boost|p2a: Zamazenta|def|1
|
|upkeep
|turn|12
|
|t:|1776269439
|move|p1a: Eustass Kid|Knock Off|p2a: Zamazenta
|-resisted|p2a: Zamazenta
|-damage|p2a: Zamazenta|94/100
|-enditem|p2a: Zamazenta|Leftovers|[from] move: Knock Off|[of] p1a: Eustass Kid
|move|p2a: Zamazenta|Roar|p1a: Eustass Kid
|-end|p1a: Eustass Kid|Quark Drive|[silent]
|drag|p1a: Franky|Toucannon, M|100/100
|
|upkeep
|turn|13
|
|t:|1776269442
|switch|p2a: Cinderace|Cinderace, M|100/100
|-singleturn|p1a: Franky|move: Beak Blast
|move|p1a: Franky|Beak Blast|p2a: Cinderace
|-damage|p2a: Cinderace|21/100
|
|upkeep
|turn|14
|
|t:|1776269453
|switch|p1a: Shirahoshi|Primarina, F|100/100
|move|p2a: Cinderace|Court Change||[still]
|-start|p2a: Cinderace|typechange|Normal|[from] ability: Libero
|-swapsideconditions
|-fail|p2a: Cinderace
|
|upkeep
|turn|15
|
|t:|1776269457
|switch|p2a: Alomomola|Alomomola, M|85/100
|move|p1a: Shirahoshi|Flip Turn|p2a: Alomomola
|-resisted|p2a: Alomomola
|-damage|p2a: Alomomola|81/100
|
|t:|1776269460
|switch|p1a: Enel|Zapdos|100/100|[from] Flip Turn
|
|upkeep
|turn|16
|
|t:|1776269461
|switch|p2a: Cinderace|Cinderace, M|21/100
|move|p1a: Enel|Volt Switch|p2a: Cinderace
|-damage|p2a: Cinderace|0
|faint|p2a: Cinderace
|
|t:|1776269463
|switch|p1a: Shirahoshi|Primarina, F|100/100|[from] Volt Switch
|
|upkeep
|
|t:|1776269464
|switch|p2a: Alomomola|Alomomola, M|100/100
|turn|17
|
|t:|1776269465
|move|p1a: Shirahoshi|Flip Turn|p2a: Alomomola
|-resisted|p2a: Alomomola
|-damage|p2a: Alomomola|97/100
|
|t:|1776269467
|switch|p1a: Enel|Zapdos|100/100|[from] Flip Turn
|move|p2a: Alomomola|Wish|p2a: Alomomola
|
|upkeep
|turn|18
|
|t:|1776269468
|switch|p2a: Zamazenta|Zamazenta|94/100
|move|p1a: Enel|Volt Switch|p2a: Zamazenta
|-damage|p2a: Zamazenta|46/100
|
|t:|1776269476
|switch|p1a: Franky|Toucannon, M|100/100|[from] Volt Switch
|
|-heal|p2a: Zamazenta|100/100|[from] move: Wish|[wisher] Alomomola
|upkeep
|turn|19
|
|t:|1776269478
|switch|p2a: Alomomola|Alomomola, M|100/100
|-singleturn|p1a: Franky|move: Beak Blast
|move|p1a: Franky|Beak Blast|p2a: Alomomola
|-damage|p2a: Alomomola|70/100
|
|upkeep
|turn|20
|
|t:|1776269483
|switch|p1a: Shirahoshi|Primarina, F|100/100
|move|p2a: Alomomola|Acrobatics|p1a: Shirahoshi
|-damage|p1a: Shirahoshi|78/100
|
|upkeep
|turn|21
|
|t:|1776269484
|move|p1a: Shirahoshi|Moonblast|p2a: Alomomola
|-damage|p2a: Alomomola|4/100
|-unboost|p2a: Alomomola|spa|1
|move|p2a: Alomomola|Flip Turn|p1a: Shirahoshi
|-resisted|p1a: Shirahoshi
|-damage|p1a: Shirahoshi|67/100
|
|t:|1776269485
|switch|p2a: Zamazenta|Zamazenta|100/100|[from] Flip Turn
|
|upkeep
|turn|22
|
|t:|1776269488
|switch|p2a: Alomomola|Alomomola, M|37/100
|move|p1a: Shirahoshi|Flip Turn|p2a: Alomomola
|-resisted|p2a: Alomomola
|-damage|p2a: Alomomola|34/100
|
|t:|1776269493
|switch|p1a: Enel|Zapdos|100/100|[from] Flip Turn
|
|upkeep
|turn|23
|
|t:|1776269494
|switch|p2a: Zamazenta|Zamazenta|100/100
|move|p1a: Enel|Volt Switch|p2a: Zamazenta
|-damage|p2a: Zamazenta|55/100
|
|t:|1776269497
|switch|p1a: Franky|Toucannon, M|100/100|[from] Volt Switch
|
|upkeep
|turn|24
|
|t:|1776269499
|switch|p2a: Alomomola|Alomomola, M|67/100
|-singleturn|p1a: Franky|move: Beak Blast
|move|p1a: Franky|Beak Blast|p2a: Alomomola
|-crit|p2a: Alomomola
|-damage|p2a: Alomomola|23/100
|
|upkeep
|turn|25
|c|☆Abyssal Bot|I should be the one who gets hax ;-;
|
|t:|1776269500
|-singleturn|p1a: Franky|move: Beak Blast
|move|p2a: Alomomola|Protect|p2a: Alomomola
|-singleturn|p2a: Alomomola|Protect
|move|p1a: Franky|Beak Blast|p2a: Alomomola
|-activate|p2a: Alomomola|move: Protect
|
|upkeep
|turn|26
|
|t:|1776269503
|-singleturn|p1a: Franky|move: Beak Blast
|move|p2a: Alomomola|Wish|p2a: Alomomola
|move|p1a: Franky|Beak Blast|p2a: Alomomola
|-damage|p2a: Alomomola|0
|faint|p2a: Alomomola
|
|upkeep
|
|t:|1776269503
|switch|p2a: Zamazenta|Zamazenta|55/100
|turn|27
|
|t:|1776269506
|-singleturn|p1a: Franky|move: Beak Blast
|move|p2a: Zamazenta|Crunch|p1a: Franky
|-damage|p1a: Franky|75/100
|-status|p2a: Zamazenta|brn
|move|p1a: Franky|Beak Blast|p2a: Zamazenta
|-supereffective|p2a: Zamazenta
|-damage|p2a: Zamazenta|0 brn
|faint|p2a: Zamazenta
|
|win|encore21768768
|c|☆Abyssal Bot|This loss doesn't matter, because I'm just a bot.
|l|☆Abyssal Bot
|player|p2|
|l|*Turbo Bottttt
