|html|<div class="broadcast-blue"><strong>[Gen 9] OU is currently suspecting Tera Blast! For information on how to participate check out the <a href="https://www.smogon.com/tools/suspects/view/200">suspect thread</a>.</strong></div>
|j|☆MeAndTheBorthers
|j|☆vanllesco
|t:|1776048300
|gametype|singles
|player|p1|MeAndTheBorthers|iris-gen5bw2|1439
|player|p2|vanllesco|hilbert|1371
|gen|9
|tier|[Gen 9] OU
|rated|
|rule|HP Percentage Mod: HP is shown in percentages
|rule|Endless Battle Clause: Forcing endless battles is banned
|rule|Species Clause: Limit one of each Pokémon
|rule|OHKO Clause: OHKO moves are banned
|rule|Evasion Items Clause: Evasion items are banned
|rule|Evasion Moves Clause: Evasion moves are banned
|rule|Evasion Abilities Clause: Evasion abilities are banned
|rule|Sleep Moves Clause: Sleep-inducing moves are banned
|clearpoke
|poke|p1|Dondozo, M|
|poke|p1|Slowking-Galar, F|
|poke|p1|Zapdos|
|poke|p1|Gholdengo|
|poke|p1|Iron Treads|
|poke|p1|Meowscarada, F|
|poke|p2|Samurott-Hisui, M|
|poke|p2|Corviknight, M|
|poke|p2|Hatterene, F|
|poke|p2|Umbreon, F|
|poke|p2|Toxtricity-Low-Key, M|
|poke|p2|Garchomp, M|
|teampreview
|inactive|Battle timer is ON: inactive players will automatically lose when time's up. (requested by MeAndTheBorthers)
|
|t:|1776048338
|teamsize|p1|6
|teamsize|p2|6
|start
|switch|p1a: Bin Chicken|Zapdos|100/100
|switch|p2a: BIRD|Corviknight, M|100/100
|turn|1
|
|t:|1776048347
|move|p1a: Bin Chicken|Discharge|p2a: BIRD
|-supereffective|p2a: BIRD
|-damage|p2a: BIRD|42/100
|move|p2a: BIRD|U-turn|p1a: Bin Chicken
|-resisted|p1a: Bin Chicken
|-damage|p1a: Bin Chicken|96/100
|
|t:|1776048352
|switch|p2a: My name is mud|Toxtricity-Low-Key, M|100/100|[from] U-turn
|
|upkeep
|turn|2
|
|t:|1776048358
|move|p2a: My name is mud|Boomburst|p1a: Bin Chicken
|-damage|p1a: Bin Chicken|35/100
|move|p1a: Bin Chicken|U-turn|p2a: My name is mud
|-resisted|p2a: My name is mud
|-damage|p2a: My name is mud|90/100
|
|t:|1776048375
|switch|p1a: Brain blast|Slowking-Galar, F|100/100|[from] U-turn
|
|upkeep
|turn|3
|
|t:|1776048396
|switch|p2a: BIRD|Corviknight, M|42/100
|move|p1a: Brain blast|Trick|p2a: BIRD
|-activate|p1a: Brain blast|move: Trick|[of] p2a: BIRD
|-item|p2a: BIRD|Black Sludge|[from] move: Trick
|-item|p1a: Brain blast|Rocky Helmet|[from] move: Trick
|
|-damage|p2a: BIRD|30/100|[from] item: Black Sludge
|upkeep
|turn|4
|
|t:|1776048402
|move|p2a: BIRD|Roost|p2a: BIRD
|-heal|p2a: BIRD|80/100
|-singleturn|p2a: BIRD|move: Roost
|-prepare|p1a: Brain blast|Chilly Reception|[premajor]
|move|p1a: Brain blast|Chilly Reception|p1a: Brain blast
|-weather|Snowscape
|
|t:|1776048404
|switch|p1a: Bin Chicken|Zapdos|35/100|[from] Chilly Reception
|
|-weather|Snowscape|[upkeep]
|-damage|p2a: BIRD|68/100|[from] item: Black Sludge
|upkeep
|turn|5
|
|t:|1776048409
|switch|p2a: Zachill|Garchomp, M|100/100
|move|p1a: Bin Chicken|Weather Ball|p2a: Zachill
|-supereffective|p2a: Zachill
|-damage|p2a: Zachill|0 fnt
|faint|p2a: Zachill
|
|-weather|Snowscape|[upkeep]
|upkeep
|c|☆vanllesco|Never saw that tech
|
|t:|1776048437
|switch|p2a: My name is mud|Toxtricity-Low-Key, M|90/100
|turn|6
|
|t:|1776048442
|switch|p1a: Brain blast|Slowking-Galar, F|100/100
|move|p2a: My name is mud|Psychic Noise|p1a: Brain blast
|-damage|p1a: Brain blast|82/100
|-start|p1a: Brain blast|move: Heal Block
|
|-weather|Snowscape|[upkeep]
|upkeep
|turn|7
|
|t:|1776048454
|switch|p2a: MC Ride|Samurott-Hisui, M|100/100
|move|p1a: Brain blast|Psychic Noise|p2a: MC Ride
|-immune|p2a: MC Ride
|
|-weather|Snowscape|[upkeep]
|-end|p1a: Brain blast|move: Heal Block
|upkeep
|turn|8
|
|t:|1776048463
|switch|p1a: Bin Chicken|Zapdos|35/100
|move|p2a: MC Ride|Sacred Sword|p1a: Bin Chicken
|-resisted|p1a: Bin Chicken
|-damage|p1a: Bin Chicken|20/100
|
|-weather|none
|upkeep
|turn|9
|
|t:|1776048466
|move|p2a: MC Ride|Sucker Punch||[still]
|-fail|p2a: MC Ride
|move|p1a: Bin Chicken|Roost|p1a: Bin Chicken
|-heal|p1a: Bin Chicken|70/100
|-singleturn|p1a: Bin Chicken|move: Roost
|
|upkeep
|turn|10
|-message|vanllesco forfeited.
|
|win|MeAndTheBorthers
|raw|MeAndTheBorthers's rating: 1439 &rarr; <strong>1455</strong><br />(+16 for winning)
|raw|vanllesco's rating: 1371 &rarr; <strong>1355</strong><br />(-16 for losing)
|l|☆vanllesco
|player|p2|
|l|☆MeAndTheBorthers
|player|p1|
