|html|<div class="broadcast-blue"><strong>[Gen 9] OU is currently suspecting Tera Blast! For information on how to participate check out the <a href="https://www.smogon.com/tools/suspects/view/200">suspect thread</a>.</strong></div>
|j|☆capitolg
|j|☆bena13
|t:|1776088834
|gametype|singles
|player|p1|capitolg|bellelba|1203
|player|p2|bena13|169|1237
|gen|9
|tier|[Gen 9] OU
|rated|
|rule|HP Percentage Mod: HP is shown in percentages
|rule|Endless Battle Clause: Forcing endless battles is banned
|rule|Species Clause: Limit one of each Pokémon
|rule|OHKO Clause: OHKO moves are banned
|rule|Evasion Items Clause: Evasion items are banned
|rule|Evasion Moves Clause: Evasion moves are banned
|rule|Evasion Abilities Clause: Evasion abilities are banned
|rule|Sleep Moves Clause: Sleep-inducing moves are banned
|clearpoke
|poke|p1|Ribombee, F|
|poke|p1|Cinderace, M|
|poke|p1|Thundurus, M|
|poke|p1|Chandelure, F|
|poke|p1|Malamar, F|
|poke|p1|Empoleon, F|
|poke|p2|Spiritomb, F|
|poke|p2|Muk, F|
|poke|p2|Gastrodon, F|
|poke|p2|Vileplume, F|
|poke|p2|Salazzle, F|
|poke|p2|Haunter, F|
|teampreview
|j| ohko_smeargle
|
|t:|1776088840
|teamsize|p1|6
|teamsize|p2|6
|start
|switch|p1a: Ribombee|Ribombee, F|100/100
|switch|p2a: Muk|Muk, F|100/100
|turn|1
|
|t:|1776088847
|move|p1a: Ribombee|Sticky Web|p2a: Muk
|-sidestart|p2: bena13|move: Sticky Web
|move|p2a: Muk|Gunk Shot|p1a: Ribombee
|-supereffective|p1a: Ribombee
|-enditem|p1a: Ribombee|Focus Sash
|-damage|p1a: Ribombee|1/100
|
|upkeep
|turn|2
|
|t:|1776088855
|move|p2a: Muk|Shadow Sneak|p1a: Ribombee
|-damage|p1a: Ribombee|0 fnt
|faint|p1a: Ribombee
|
|upkeep
|
|t:|1776088857
|switch|p1a: Cinderace|Cinderace, M, shiny|100/100
|turn|3
|
|t:|1776088861
|move|p1a: Cinderace|Court Change|p1a: Cinderace
|-start|p1a: Cinderace|typechange|Normal|[from] ability: Libero
|-swapsideconditions
|-activate|p1a: Cinderace|move: Court Change
|move|p2a: Muk|Gunk Shot|p1a: Cinderace|[miss]
|-miss|p2a: Muk|p1a: Cinderace
|
|upkeep
|turn|4
|
|t:|1776088869
|move|p1a: Cinderace|Will-O-Wisp|p2a: Muk
|-status|p2a: Muk|brn
|move|p2a: Muk|Gunk Shot|p1a: Cinderace
|-damage|p1a: Cinderace|59/100
|-status|p1a: Cinderace|psn
|
|-damage|p1a: Cinderace|47/100 psn|[from] psn
|-damage|p2a: Muk|94/100 brn|[from] brn
|upkeep
|turn|5
|
|t:|1776088880
|move|p1a: Cinderace|Pyro Ball|p2a: Muk
|-damage|p2a: Muk|49/100 brn
|move|p2a: Muk|Knock Off|p1a: Cinderace
|-damage|p1a: Cinderace|23/100 psn
|-enditem|p1a: Cinderace|Heavy-Duty Boots|[from] move: Knock Off|[of] p2a: Muk
|
|-damage|p1a: Cinderace|10/100 psn|[from] psn
|-damage|p2a: Muk|43/100 brn|[from] brn
|upkeep
|turn|6
|
|t:|1776088893
|move|p2a: Muk|Shadow Sneak|p1a: Cinderace
|-immune|p1a: Cinderace
|move|p1a: Cinderace|Pyro Ball|p2a: Muk
|-damage|p2a: Muk|0 fnt
|faint|p2a: Muk
|
|-damage|p1a: Cinderace|0 fnt|[from] psn
|faint|p1a: Cinderace
|upkeep
|
|t:|1776088904
|switch|p1a: Thundurus|Thundurus, M|100/100
|switch|p2a: Spiritomb|Spiritomb, F|100/100
|turn|7
|inactive|Battle timer is ON: inactive players will automatically lose when time's up. (requested by bena13)
|
|t:|1776088913
|switch|p2a: Gastrodon|Gastrodon, F|100/100
|-terastallize|p1a: Thundurus|Ground
|move|p1a: Thundurus|U-turn|p2a: Gastrodon
|-damage|p2a: Gastrodon|81/100
|
|t:|1776088916
|switch|p1a: Empoleon|Empoleon, F|100/100|[from] U-turn
|-activate|p1a: Empoleon|move: Sticky Web
|-unboost|p1a: Empoleon|spe|1
|-ability|p1a: Empoleon|Competitive|boost
|-boost|p1a: Empoleon|spa|2
|
|upkeep
|turn|8
|
|t:|1776088927
|switch|p2a: Haunter|Haunter, F|100/100
|move|p1a: Empoleon|Grass Knot|p2a: Haunter
|-resisted|p2a: Haunter
|-damage|p2a: Haunter|86/100
|
|upkeep
|turn|9
|
|t:|1776088935
|move|p2a: Haunter|Destiny Bond|p2a: Haunter
|-singlemove|p2a: Haunter|Destiny Bond
|move|p1a: Empoleon|Surf|p2a: Haunter
|-damage|p2a: Haunter|0 fnt
|faint|p2a: Haunter
|-activate|p2a: Haunter|move: Destiny Bond
|faint|p1a: Empoleon
|
|upkeep
|
|t:|1776088945
|switch|p2a: Spiritomb|Spiritomb, F|100/100
|switch|p1a: Chandelure|Chandelure, F|100/100
|-item|p1a: Chandelure|Air Balloon
|turn|10
|
|t:|1776088951
|move|p1a: Chandelure|Will-O-Wisp|p2a: Spiritomb|[miss]
|-miss|p1a: Chandelure|p2a: Spiritomb
|move|p2a: Spiritomb|Foul Play|p1a: Chandelure
|-supereffective|p1a: Chandelure
|-damage|p1a: Chandelure|57/100
|-status|p2a: Spiritomb|brn|[from] ability: Flame Body|[of] p1a: Chandelure
|-enditem|p1a: Chandelure|Air Balloon
|
|-damage|p2a: Spiritomb|94/100 brn|[from] brn
|upkeep
|turn|11
|
|t:|1776088966
|switch|p2a: Gastrodon|Gastrodon, F|81/100
|move|p1a: Chandelure|Flamethrower|p2a: Gastrodon
|-resisted|p2a: Gastrodon
|-damage|p2a: Gastrodon|66/100
|
|upkeep
|turn|12
|
|t:|1776088974
|move|p1a: Chandelure|Energy Ball|p2a: Gastrodon
|-supereffective|p2a: Gastrodon
|-damage|p2a: Gastrodon|0 fnt
|faint|p2a: Gastrodon
|
|upkeep
|
|t:|1776088980
|switch|p2a: Salazzle|Salazzle, F|100/100
|turn|13
|
|t:|1776088984
|-terastallize|p2a: Salazzle|Water
|move|p2a: Salazzle|Tera Blast|p1a: Chandelure|[anim] Tera Blast Water
|-supereffective|p1a: Chandelure
|-damage|p1a: Chandelure|0 fnt
|faint|p1a: Chandelure
|-damage|p2a: Salazzle|91/100|[from] item: Life Orb
|
|upkeep
|
|t:|1776088987
|switch|p1a: Thundurus|Thundurus, M, tera:Ground|100/100
|-activate|p1a: Thundurus|move: Sticky Web
|-unboost|p1a: Thundurus|spe|1
|-ability|p1a: Thundurus|Defiant|boost
|-boost|p1a: Thundurus|atk|2
|-enditem|p1a: Thundurus|White Herb
|-clearnegativeboost|p1a: Thundurus|[silent]
|turn|14
|
|t:|1776088998
|move|p2a: Salazzle|Tera Blast|p1a: Thundurus|[anim] Tera Blast Water
|-supereffective|p1a: Thundurus
|-damage|p1a: Thundurus|0 fnt
|faint|p1a: Thundurus
|-damage|p2a: Salazzle|81/100|[from] item: Life Orb
|
|upkeep
|
|t:|1776089002
|switch|p1a: Malamar|Malamar, F|100/100
|-activate|p1a: Malamar|move: Sticky Web
|-boost|p1a: Malamar|spe|1
|turn|15
|
|t:|1776089008
|switch|p2a: Spiritomb|Spiritomb, F|94/100 brn
|move|p1a: Malamar|Superpower|p2a: Spiritomb
|-immune|p2a: Spiritomb
|
|-heal|p2a: Spiritomb|100/100 brn|[from] item: Leftovers
|-damage|p2a: Spiritomb|94/100 brn|[from] brn
|upkeep
|turn|16
|
|t:|1776089022
|move|p1a: Malamar|Throat Chop|p2a: Spiritomb
|-crit|p2a: Spiritomb
|-damage|p2a: Spiritomb|55/100 brn
|-start|p2a: Spiritomb|Throat Chop|[silent]
|move|p2a: Spiritomb|Will-O-Wisp|p1a: Malamar
|-status|p1a: Malamar|brn
|
|-heal|p2a: Spiritomb|62/100 brn|[from] item: Leftovers
|-damage|p1a: Malamar|94/100 brn|[from] brn
|-damage|p2a: Spiritomb|55/100 brn|[from] brn
|upkeep
|turn|17
|
|t:|1776089035
|move|p1a: Malamar|Liquidation|p2a: Spiritomb
|-damage|p2a: Spiritomb|45/100 brn
|-unboost|p2a: Spiritomb|def|1
|move|p2a: Spiritomb|Pain Split|p1a: Malamar
|-sethp|p1a: Malamar|69/100 brn|[from] move: Pain Split|[silent]
|-sethp|p2a: Spiritomb|71/100 brn|[from] move: Pain Split
|
|-heal|p2a: Spiritomb|77/100 brn|[from] item: Leftovers
|-damage|p1a: Malamar|63/100 brn|[from] brn
|-damage|p2a: Spiritomb|71/100 brn|[from] brn
|-end|p2a: Spiritomb|Throat Chop|[silent]
|upkeep
|turn|18
|
|t:|1776089048
|move|p1a: Malamar|Liquidation|p2a: Spiritomb
|-damage|p2a: Spiritomb|57/100 brn
|move|p2a: Spiritomb|Foul Play|p1a: Malamar
|-damage|p1a: Malamar|37/100 brn
|
|-heal|p2a: Spiritomb|63/100 brn|[from] item: Leftovers
|-damage|p1a: Malamar|31/100 brn|[from] brn
|-damage|p2a: Spiritomb|57/100 brn|[from] brn
|upkeep
|turn|19
|
|t:|1776089058
|move|p1a: Malamar|Throat Chop|p2a: Spiritomb
|-damage|p2a: Spiritomb|34/100 brn
|-start|p2a: Spiritomb|Throat Chop|[silent]
|move|p2a: Spiritomb|Foul Play|p1a: Malamar
|-damage|p1a: Malamar|4/100 brn
|
|-heal|p2a: Spiritomb|40/100 brn|[from] item: Leftovers
|-damage|p1a: Malamar|0 fnt|[from] brn
|faint|p1a: Malamar
|
|win|bena13
|raw|capitolg's rating: 1203 &rarr; <strong>1180</strong><br />(-23 for losing)
|raw|bena13's rating: 1237 &rarr; <strong>1260</strong><br />(+23 for winning)
|l|☆capitolg
|player|p1|
|l| ohko_smeargle
|l|☆bena13
|player|p2|
