|html|<div class="broadcast-blue"><strong>[Gen 9] OU is currently suspecting Tera Blast! For information on how to participate check out the <a href="https://www.smogon.com/tools/suspects/view/200">suspect thread</a>.</strong></div>
|j|☆arturohdez
|j|☆Anchor9
|t:|1776055707
|gametype|singles
|player|p1|arturohdez|lucas|1572
|player|p2|Anchor9|silver|1505
|gen|9
|tier|[Gen 9] OU
|rated|
|rule|HP Percentage Mod: HP is shown in percentages
|rule|Endless Battle Clause: Forcing endless battles is banned
|rule|Species Clause: Limit one of each Pokémon
|rule|OHKO Clause: OHKO moves are banned
|rule|Evasion Items Clause: Evasion items are banned
|rule|Evasion Moves Clause: Evasion moves are banned
|rule|Evasion Abilities Clause: Evasion abilities are banned
|rule|Sleep Moves Clause: Sleep-inducing moves are banned
|clearpoke
|poke|p1|Garganacl, M|
|poke|p1|Great Tusk|
|poke|p1|Dragapult, M|
|poke|p1|Zapdos|
|poke|p1|Samurott-Hisui, M|
|poke|p1|Iron Crown|
|poke|p2|Araquanid, M|
|poke|p2|Ampharos, M|
|poke|p2|Dragonite, F|
|poke|p2|Gholdengo|
|poke|p2|Kyurem|
|poke|p2|Great Tusk|
|teampreview
|inactive|Battle timer is ON: inactive players will automatically lose when time's up. (requested by Anchor9)
|
|t:|1776055721
|teamsize|p1|6
|teamsize|p2|6
|start
|switch|p1a: Zapdos|Zapdos, shiny|100/100
|switch|p2a: Araquanid|Araquanid, M|100/100
|turn|1
|
|t:|1776055743
|move|p1a: Zapdos|Volt Switch|p2a: Araquanid
|-supereffective|p2a: Araquanid
|-damage|p2a: Araquanid|58/100
|
|t:|1776055752
|switch|p1a: Samurott|Samurott-Hisui, M, shiny|100/100|[from] Volt Switch
|move|p2a: Araquanid|Sticky Web|p1a: Samurott
|-sidestart|p1: arturohdez|move: Sticky Web
|
|upkeep
|turn|2
|
|t:|1776055757
|move|p1a: Samurott|Ceaseless Edge|p2a: Araquanid
|-damage|p2a: Araquanid|15/100
|-sidestart|p2: Anchor9|Spikes
|move|p2a: Araquanid|Endeavor|p1a: Samurott
|-damage|p1a: Samurott|14/100
|
|upkeep
|turn|3
|-enditem|p2a: Araquanid|Custap Berry|[eat]
|-activate|p2a: Araquanid|item: Custap Berry|[consumed]
|
|t:|1776055763
|move|p1a: Samurott|Sucker Punch|p2a: Araquanid
|-damage|p2a: Araquanid|0 fnt
|faint|p2a: Araquanid
|
|upkeep
|
|t:|1776055781
|switch|p2a: Great Tusk|Great Tusk|100/100
|-damage|p2a: Great Tusk|88/100|[from] Spikes
|-enditem|p2a: Great Tusk|Booster Energy
|-activate|p2a: Great Tusk|ability: Protosynthesis|[fromitem]
|-start|p2a: Great Tusk|protosynthesisspe
|turn|4
|
|t:|1776055785
|switch|p1a: Zapdos|Zapdos, shiny|100/100
|move|p2a: Great Tusk|Bulk Up|p2a: Great Tusk
|-boost|p2a: Great Tusk|atk|1
|-boost|p2a: Great Tusk|def|1
|
|upkeep
|turn|5
|
|t:|1776055791
|-terastallize|p2a: Great Tusk|Ice
|move|p2a: Great Tusk|Ice Spinner|p1a: Zapdos
|-supereffective|p1a: Zapdos
|-damage|p1a: Zapdos|22/100
|-status|p2a: Great Tusk|par|[from] ability: Static|[of] p1a: Zapdos
|move|p1a: Zapdos|Hurricane|p2a: Great Tusk|[miss]
|-miss|p1a: Zapdos|p2a: Great Tusk
|
|upkeep
|turn|6
|
|t:|1776055803
|move|p1a: Zapdos|Volt Switch|p2a: Great Tusk
|-damage|p2a: Great Tusk|49/100 par
|
|t:|1776055809
|switch|p1a: Garganacl|Garganacl, M, shiny|100/100|[from] Volt Switch
|-activate|p1a: Garganacl|move: Sticky Web
|-unboost|p1a: Garganacl|spe|1
|move|p2a: Great Tusk|Ice Spinner|p1a: Garganacl
|-damage|p1a: Garganacl|69/100
|
|-heal|p1a: Garganacl|75/100|[from] item: Leftovers
|upkeep
|turn|7
|
|t:|1776055818
|switch|p1a: Zapdos|Zapdos, shiny|22/100
|move|p2a: Great Tusk|Headlong Rush|p1a: Zapdos
|-immune|p1a: Zapdos
|
|upkeep
|turn|8
|
|t:|1776055841
|move|p1a: Zapdos|Volt Switch|p2a: Great Tusk
|-damage|p2a: Great Tusk|13/100 par
|
|t:|1776055846
|switch|p1a: Garganacl|Garganacl, M, shiny|75/100|[from] Volt Switch
|-activate|p1a: Garganacl|move: Sticky Web
|-unboost|p1a: Garganacl|spe|1
|cant|p2a: Great Tusk|par
|
|-heal|p1a: Garganacl|81/100|[from] item: Leftovers
|upkeep
|turn|9
|inactive|Anchor9 has 120 seconds left.
|
|t:|1776055885
|move|p2a: Great Tusk|Headlong Rush|p1a: Garganacl
|-supereffective|p1a: Garganacl
|-damage|p1a: Garganacl|0 fnt
|-unboost|p2a: Great Tusk|def|1
|-unboost|p2a: Great Tusk|spd|1
|faint|p1a: Garganacl
|
|upkeep
|
|t:|1776055890
|switch|p1a: Dragapult|Dragapult, M, shiny|100/100
|turn|10
|
|t:|1776055892
|move|p1a: Dragapult|Hex|p2a: Great Tusk
|-damage|p2a: Great Tusk|0 fnt
|faint|p2a: Great Tusk
|-end|p2a: Great Tusk|Protosynthesis|[silent]
|
|upkeep
|inactive|Anchor9 has 120 seconds left.
|
|t:|1776055903
|switch|p2a: Ampharos|Ampharos, M|100/100
|-damage|p2a: Ampharos|88/100|[from] Spikes
|turn|11
|
|t:|1776055910
|move|p1a: Dragapult|U-turn|p2a: Ampharos
|-damage|p2a: Ampharos|69/100
|
|t:|1776055913
|switch|p1a: Iron Crown|Iron Crown|100/100|[from] U-turn
|-activate|p1a: Iron Crown|move: Sticky Web
|-unboost|p1a: Iron Crown|spe|1
|move|p2a: Ampharos|Meteor Beam||[still]
|-prepare|p2a: Ampharos|Meteor Beam
|-boost|p2a: Ampharos|spa|1
|-enditem|p2a: Ampharos|Power Herb
|-anim|p2a: Ampharos|Meteor Beam|p1a: Iron Crown
|-resisted|p1a: Iron Crown
|-damage|p1a: Iron Crown|83/100
|
|upkeep
|turn|12
|
|t:|1776055923
|move|p2a: Ampharos|Agility|p2a: Ampharos
|-boost|p2a: Ampharos|spe|2
|move|p1a: Iron Crown|Psyshock|p2a: Ampharos
|-crit|p2a: Ampharos
|-damage|p2a: Ampharos|0 fnt
|faint|p2a: Ampharos
|
|upkeep
|
|t:|1776055926
|switch|p2a: Dragonite|Dragonite, F|100/100
|turn|13
|
|t:|1776055929
|move|p2a: Dragonite|Dragon Dance|p2a: Dragonite
|-boost|p2a: Dragonite|atk|1
|-boost|p2a: Dragonite|spe|1
|move|p1a: Iron Crown|Volt Switch|p2a: Dragonite
|-damage|p2a: Dragonite|88/100
|
|t:|1776055933
|-end|p1a: Iron Crown|Quark Drive|[silent]
|switch|p1a: Great Tusk|Great Tusk|100/100|[from] Volt Switch
|
|upkeep
|turn|14
|
|t:|1776055936
|move|p2a: Dragonite|Ice Spinner|p1a: Great Tusk
|-supereffective|p1a: Great Tusk
|-damage|p1a: Great Tusk|35/100
|move|p1a: Great Tusk|Rapid Spin|p2a: Dragonite
|-damage|p2a: Dragonite|67/100
|-boost|p1a: Great Tusk|spe|1
|-sideend|p1: arturohdez|Sticky Web|[from] move: Rapid Spin|[of] p1a: Great Tusk
|
|upkeep
|turn|15
|
|t:|1776055943
|move|p1a: Great Tusk|Ice Spinner|p2a: Dragonite
|-supereffective|p2a: Dragonite
|-damage|p2a: Dragonite|0 fnt
|faint|p2a: Dragonite
|
|upkeep
|
|t:|1776055946
|switch|p2a: Gholdengo|Gholdengo|100/100
|-item|p2a: Gholdengo|Air Balloon
|turn|16
|
|t:|1776055957
|-end|p1a: Great Tusk|Protosynthesis|[silent]
|switch|p1a: Zapdos|Zapdos, shiny|22/100
|move|p2a: Gholdengo|Shadow Ball|p1a: Zapdos
|-damage|p1a: Zapdos|0 fnt
|faint|p1a: Zapdos
|
|upkeep
|
|t:|1776055962
|switch|p1a: Samurott|Samurott-Hisui, M, shiny|14/100
|turn|17
|
|t:|1776055968
|move|p1a: Samurott|Sucker Punch|p2a: Gholdengo
|-supereffective|p2a: Gholdengo
|-damage|p2a: Gholdengo|36/100
|-enditem|p2a: Gholdengo|Air Balloon
|move|p2a: Gholdengo|Shadow Ball|p1a: Samurott
|-resisted|p1a: Samurott
|-damage|p1a: Samurott|0 fnt
|faint|p1a: Samurott
|
|upkeep
|
|t:|1776055975
|switch|p1a: Great Tusk|Great Tusk|35/100
|turn|18
|
|t:|1776055979
|move|p1a: Great Tusk|Headlong Rush|p2a: Gholdengo
|-supereffective|p2a: Gholdengo
|-crit|p2a: Gholdengo
|-damage|p2a: Gholdengo|0 fnt
|-unboost|p1a: Great Tusk|def|1
|-unboost|p1a: Great Tusk|spd|1
|faint|p2a: Gholdengo
|
|upkeep
|
|t:|1776055980
|switch|p2a: Kyurem|Kyurem|100/100
|-damage|p2a: Kyurem|88/100|[from] Spikes
|-ability|p2a: Kyurem|Pressure
|turn|19
|
|t:|1776055981
|move|p2a: Kyurem|Dragon Dance|p2a: Kyurem
|-boost|p2a: Kyurem|atk|1
|-boost|p2a: Kyurem|spe|1
|move|p1a: Great Tusk|Close Combat|p2a: Kyurem
|-supereffective|p2a: Kyurem
|-damage|p2a: Kyurem|0 fnt
|-unboost|p1a: Great Tusk|def|1
|-unboost|p1a: Great Tusk|spd|1
|faint|p2a: Kyurem
|
|win|arturohdez
|raw|arturohdez's rating: 1572 &rarr; <strong>1589</strong><br />(+17 for winning)
|raw|Anchor9's rating: 1524 &rarr; <strong>1507</strong><br />(-17 for losing)
|l|☆Anchor9
|player|p2|
|l|☆arturohdez
|player|p1|
