|html|<div class="broadcast-blue"><strong>[Gen 9] OU is currently suspecting Tera Blast! For information on how to participate check out the <a href="https://www.smogon.com/tools/suspects/view/200">suspect thread</a>.</strong></div>
|j|☆eucalipto69!
|j|☆jamescordensucks
|t:|1776050848
|gametype|singles
|player|p1|eucalipto69!|steven|1400
|player|p2|jamescordensucks|harlequin|1392
|gen|9
|tier|[Gen 9] OU
|rated|
|rule|HP Percentage Mod: HP is shown in percentages
|rule|Endless Battle Clause: Forcing endless battles is banned
|rule|Species Clause: Limit one of each Pokémon
|rule|OHKO Clause: OHKO moves are banned
|rule|Evasion Items Clause: Evasion items are banned
|rule|Evasion Moves Clause: Evasion moves are banned
|rule|Evasion Abilities Clause: Evasion abilities are banned
|rule|Sleep Moves Clause: Sleep-inducing moves are banned
|clearpoke
|poke|p1|Haxorus, M|
|poke|p1|Grimmsnarl, M|
|poke|p1|Great Tusk|
|poke|p1|Zapdos|
|poke|p1|Kingambit, M|
|poke|p1|Typhlosion, F|
|poke|p2|Tyranitar, M|
|poke|p2|Alomomola, F|
|poke|p2|Excadrill, M|
|poke|p2|Pecharunt|
|poke|p2|Gliscor, F|
|poke|p2|Tornadus-Therian, M|
|teampreview
|inactive|Battle timer is ON: inactive players will automatically lose when time's up. (requested by eucalipto69!)
|
|t:|1776050867
|teamsize|p1|6
|teamsize|p2|6
|start
|switch|p1a: Kingambit|Kingambit, M, shiny|100/100
|switch|p2a: Tyranitar|Tyranitar, M, shiny|100/100
|-weather|Sandstorm|[from] ability: Sand Stream|[of] p2a: Tyranitar
|turn|1
|
|t:|1776050875
|switch|p2a: Gliscor|Gliscor, F, shiny|100/100
|move|p1a: Kingambit|Low Kick|p2a: Gliscor
|-resisted|p2a: Gliscor
|-damage|p2a: Gliscor|93/100
|
|-weather|Sandstorm|[upkeep]
|-status|p2a: Gliscor|tox|[from] item: Toxic Orb
|upkeep
|turn|2
|
|t:|1776050887
|switch|p1a: Zapdos|Zapdos|100/100
|move|p2a: Gliscor|Earthquake|p1a: Zapdos
|-immune|p1a: Zapdos
|
|-weather|Sandstorm|[upkeep]
|-damage|p1a: Zapdos|94/100|[from] Sandstorm
|-heal|p2a: Gliscor|100/100 tox|[from] ability: Poison Heal
|upkeep
|turn|3
|
|t:|1776050894
|move|p1a: Zapdos|Hurricane|p2a: Gliscor
|-damage|p2a: Gliscor|31/100 tox
|move|p2a: Gliscor|Spikes|p1a: Zapdos
|-sidestart|p1: eucalipto69!|Spikes
|
|-weather|Sandstorm|[upkeep]
|-damage|p1a: Zapdos|88/100|[from] Sandstorm
|-heal|p2a: Gliscor|43/100 tox|[from] ability: Poison Heal
|upkeep
|turn|4
|
|t:|1776050903
|move|p2a: Gliscor|Protect|p2a: Gliscor
|-singleturn|p2a: Gliscor|Protect
|move|p1a: Zapdos|Hurricane|p2a: Gliscor
|-activate|p2a: Gliscor|move: Protect
|
|-weather|Sandstorm|[upkeep]
|-damage|p1a: Zapdos|82/100|[from] Sandstorm
|-heal|p2a: Gliscor|56/100 tox|[from] ability: Poison Heal
|upkeep
|turn|5
|
|t:|1776050908
|switch|p2a: Excadrill|Excadrill, M, shiny|100/100
|-item|p2a: Excadrill|Air Balloon
|move|p1a: Zapdos|U-turn|p2a: Excadrill
|-resisted|p2a: Excadrill
|-damage|p2a: Excadrill|92/100
|-enditem|p2a: Excadrill|Air Balloon
|
|t:|1776050914
|switch|p1a: Great Tusk|Great Tusk|100/100|[from] U-turn
|-damage|p1a: Great Tusk|88/100|[from] Spikes
|
|-weather|none
|upkeep
|turn|6
|
|t:|1776050921
|switch|p2a: Gliscor|Gliscor, F, shiny|56/100 tox
|move|p1a: Great Tusk|Rapid Spin|p2a: Gliscor
|-damage|p2a: Gliscor|45/100 tox
|-boost|p1a: Great Tusk|spe|1
|-sideend|p1: eucalipto69!|Spikes|[from] move: Rapid Spin|[of] p1a: Great Tusk
|
|-heal|p2a: Gliscor|58/100 tox|[from] ability: Poison Heal
|upkeep
|turn|7
|
|t:|1776050924
|move|p2a: Gliscor|Protect|p2a: Gliscor
|-singleturn|p2a: Gliscor|Protect
|move|p1a: Great Tusk|Ice Spinner|p2a: Gliscor
|-activate|p2a: Gliscor|move: Protect
|
|-heal|p2a: Gliscor|70/100 tox|[from] ability: Poison Heal
|upkeep
|turn|8
|
|t:|1776050936
|switch|p2a: Alomomola|Alomomola, F, shiny|100/100
|move|p1a: Great Tusk|Headlong Rush|p2a: Alomomola
|-damage|p2a: Alomomola|54/100
|-unboost|p1a: Great Tusk|def|1
|-unboost|p1a: Great Tusk|spd|1
|-damage|p1a: Great Tusk|72/100|[from] item: Rocky Helmet|[of] p2a: Alomomola
|
|upkeep
|turn|9
|
|t:|1776050942
|-end|p1a: Great Tusk|Protosynthesis|[silent]
|switch|p1a: Zapdos|Zapdos|82/100
|move|p2a: Alomomola|Flip Turn|p1a: Zapdos
|-damage|p1a: Zapdos|66/100
|
|t:|1776050945
|switch|p2a: Tyranitar|Tyranitar, M, shiny|100/100|[from] Flip Turn
|-weather|Sandstorm|[from] ability: Sand Stream|[of] p2a: Tyranitar
|
|-weather|Sandstorm|[upkeep]
|-damage|p1a: Zapdos|60/100|[from] Sandstorm
|upkeep
|turn|10
|
|t:|1776050949
|move|p1a: Zapdos|U-turn|p2a: Tyranitar
|-supereffective|p2a: Tyranitar
|-damage|p2a: Tyranitar|81/100
|
|t:|1776050953
|switch|p1a: Great Tusk|Great Tusk|72/100|[from] U-turn
|move|p2a: Tyranitar|Ice Beam|p1a: Great Tusk
|-supereffective|p1a: Great Tusk
|-damage|p1a: Great Tusk|12/100
|
|-weather|Sandstorm|[upkeep]
|upkeep
|turn|11
|
|t:|1776050962
|switch|p2a: Alomomola|Alomomola, F, shiny|87/100
|move|p1a: Great Tusk|Close Combat|p2a: Alomomola
|-damage|p2a: Alomomola|38/100
|-unboost|p1a: Great Tusk|def|1
|-unboost|p1a: Great Tusk|spd|1
|-damage|p1a: Great Tusk|0 fnt|[from] item: Rocky Helmet|[of] p2a: Alomomola
|faint|p1a: Great Tusk
|-end|p1a: Great Tusk|Protosynthesis|[silent]
|
|-weather|Sandstorm|[upkeep]
|-damage|p2a: Alomomola|31/100|[from] Sandstorm
|upkeep
|
|t:|1776050967
|switch|p1a: Haxorus|Haxorus, M, shiny|100/100
|-ability|p1a: Haxorus|Mold Breaker
|turn|12
|
|t:|1776050980
|move|p2a: Alomomola|Protect|p2a: Alomomola
|-singleturn|p2a: Alomomola|Protect
|move|p1a: Haxorus|Scale Shot|p2a: Alomomola
|-activate|p2a: Alomomola|move: Protect
|
|-weather|Sandstorm|[upkeep]
|-damage|p1a: Haxorus|94/100|[from] Sandstorm
|-damage|p2a: Alomomola|25/100|[from] Sandstorm
|upkeep
|turn|13
|
|t:|1776050992
|switch|p2a: Gliscor|Gliscor, F, shiny|70/100 tox
|move|p1a: Haxorus|Swords Dance|p1a: Haxorus
|-boost|p1a: Haxorus|atk|2
|
|-weather|none
|-heal|p2a: Gliscor|83/100 tox|[from] ability: Poison Heal
|upkeep
|turn|14
|
|t:|1776051000
|switch|p2a: Tyranitar|Tyranitar, M, shiny|81/100
|-weather|Sandstorm|[from] ability: Sand Stream|[of] p2a: Tyranitar
|move|p1a: Haxorus|Scale Shot|p2a: Tyranitar|[miss]
|-miss|p1a: Haxorus|p2a: Tyranitar
|
|-weather|Sandstorm|[upkeep]
|-damage|p1a: Haxorus|88/100|[from] Sandstorm
|upkeep
|turn|15
|
|t:|1776051006
|move|p1a: Haxorus|Close Combat|p2a: Tyranitar
|-supereffective|p2a: Tyranitar
|-damage|p2a: Tyranitar|0 fnt
|-unboost|p1a: Haxorus|def|1
|-unboost|p1a: Haxorus|spd|1
|faint|p2a: Tyranitar
|
|-weather|Sandstorm|[upkeep]
|-damage|p1a: Haxorus|82/100|[from] Sandstorm
|upkeep
|
|t:|1776051009
|switch|p2a: Excadrill|Excadrill, M, shiny|92/100
|turn|16
|
|t:|1776051011
|switch|p1a: Zapdos|Zapdos|60/100
|move|p2a: Excadrill|Earthquake|p1a: Zapdos
|-immune|p1a: Zapdos
|
|-weather|Sandstorm|[upkeep]
|-damage|p1a: Zapdos|54/100|[from] Sandstorm
|upkeep
|turn|17
|
|t:|1776051022
|switch|p1a: Grimmsnarl|Grimmsnarl, M|100/100
|move|p2a: Excadrill|Rock Slide|p1a: Grimmsnarl
|-damage|p1a: Grimmsnarl|73/100
|
|-weather|Sandstorm|[upkeep]
|-damage|p1a: Grimmsnarl|67/100|[from] Sandstorm
|upkeep
|turn|18
|
|t:|1776051028
|move|p1a: Grimmsnarl|Reflect|p1a: Grimmsnarl
|-sidestart|p1: eucalipto69!|Reflect
|move|p2a: Excadrill|Rapid Spin|p1a: Grimmsnarl
|-damage|p1a: Grimmsnarl|58/100
|-boost|p2a: Excadrill|spe|1
|
|-weather|none
|upkeep
|turn|19
|
|t:|1776051038
|switch|p1a: Zapdos|Zapdos|54/100
|move|p2a: Excadrill|Swords Dance|p2a: Excadrill
|-boost|p2a: Excadrill|atk|2
|
|upkeep
|turn|20
|
|t:|1776051044
|move|p2a: Excadrill|Swords Dance|p2a: Excadrill
|-boost|p2a: Excadrill|atk|2
|move|p1a: Zapdos|U-turn|p2a: Excadrill
|-resisted|p2a: Excadrill
|-damage|p2a: Excadrill|82/100
|
|t:|1776051047
|switch|p1a: Typhlosion|Typhlosion, F|100/100|[from] U-turn
|
|upkeep
|turn|21
|
|t:|1776051050
|move|p1a: Typhlosion|Eruption|p2a: Excadrill
|-supereffective|p2a: Excadrill
|-damage|p2a: Excadrill|0 fnt
|faint|p2a: Excadrill
|
|upkeep
|
|t:|1776051055
|switch|p2a: Alomomola|Alomomola, F, shiny|59/100
|turn|22
|
|t:|1776051060
|-terastallize|p1a: Typhlosion|Fire
|move|p2a: Alomomola|Protect|p2a: Alomomola
|-singleturn|p2a: Alomomola|Protect
|move|p1a: Typhlosion|Eruption|p2a: Alomomola
|-activate|p2a: Alomomola|move: Protect
|
|upkeep
|turn|23
|
|t:|1776051068
|switch|p2a: Tornadus|Tornadus-Therian, M, shiny|100/100
|move|p1a: Typhlosion|Eruption|p2a: Tornadus
|-crit|p2a: Tornadus
|-damage|p2a: Tornadus|0 fnt
|faint|p2a: Tornadus
|
|upkeep
|
|t:|1776051073
|switch|p2a: Gliscor|Gliscor, F, shiny|83/100 tox
|turn|24
|
|t:|1776051076
|move|p2a: Gliscor|Protect|p2a: Gliscor
|-singleturn|p2a: Gliscor|Protect
|move|p1a: Typhlosion|Eruption|p2a: Gliscor
|-activate|p2a: Gliscor|move: Protect
|
|-heal|p2a: Gliscor|95/100 tox|[from] ability: Poison Heal
|upkeep
|turn|25
|
|t:|1776051082
|switch|p2a: Pecharunt|Pecharunt|100/100
|move|p1a: Typhlosion|Eruption|p2a: Pecharunt
|-damage|p2a: Pecharunt|0 fnt
|faint|p2a: Pecharunt
|
|-sideend|p1: eucalipto69!|Reflect
|upkeep
|
|t:|1776051084
|switch|p2a: Alomomola|Alomomola, F, shiny|92/100
|turn|26
|
|t:|1776051093
|switch|p1a: Zapdos|Zapdos|54/100
|move|p2a: Alomomola|Flip Turn|p1a: Zapdos
|-damage|p1a: Zapdos|37/100
|
|t:|1776051095
|switch|p2a: Gliscor|Gliscor, F, shiny|95/100 tox|[from] Flip Turn
|
|-heal|p2a: Gliscor|100/100 tox|[from] ability: Poison Heal
|upkeep
|turn|27
|
|t:|1776051102
|move|p1a: Zapdos|Hurricane|p2a: Gliscor
|-damage|p2a: Gliscor|28/100 tox
|move|p2a: Gliscor|Spikes|p1a: Zapdos
|-sidestart|p1: eucalipto69!|Spikes
|
|-heal|p2a: Gliscor|40/100 tox|[from] ability: Poison Heal
|upkeep
|turn|28
|
|t:|1776051108
|move|p2a: Gliscor|Protect|p2a: Gliscor
|-singleturn|p2a: Gliscor|Protect
|move|p1a: Zapdos|Roost|p1a: Zapdos
|-heal|p1a: Zapdos|87/100
|-singleturn|p1a: Zapdos|move: Roost
|
|-heal|p2a: Gliscor|53/100 tox|[from] ability: Poison Heal
|upkeep
|turn|29
|
|t:|1776051116
|move|p1a: Zapdos|Hurricane|p2a: Gliscor
|-damage|p2a: Gliscor|0 fnt
|faint|p2a: Gliscor
|
|upkeep
|
|t:|1776051118
|switch|p2a: Alomomola|Alomomola, F, shiny|100/100
|turn|30
|
|t:|1776051122
|move|p1a: Zapdos|Discharge|p2a: Alomomola
|-supereffective|p2a: Alomomola
|-damage|p2a: Alomomola|34/100
|move|p2a: Alomomola|Tickle|p1a: Zapdos
|-unboost|p1a: Zapdos|atk|1
|-unboost|p1a: Zapdos|def|1
|
|upkeep
|turn|31
|
|t:|1776051129
|move|p1a: Zapdos|Discharge|p2a: Alomomola
|-supereffective|p2a: Alomomola
|-damage|p2a: Alomomola|0 fnt
|faint|p2a: Alomomola
|
|win|eucalipto69!
|raw|eucalipto69!'s rating: 1400 &rarr; <strong>1420</strong><br />(+20 for winning)
|raw|jamescordensucks's rating: 1392 &rarr; <strong>1372</strong><br />(-20 for losing)
|l|☆jamescordensucks
|player|p2|
