|html|<div class="broadcast-blue"><strong>[Gen 9] OU is currently suspecting Tera Blast! For information on how to participate check out the <a href="https://www.smogon.com/tools/suspects/view/200">suspect thread</a>.</strong></div>
|j|☆SeasonedToxapexual
|j|☆fabinho92i
|t:|1776109659
|gametype|singles
|player|p1|SeasonedToxapexual|clerk-boss|1335
|player|p2|fabinho92i|marshal|1331
|gen|9
|tier|[Gen 9] OU
|rated|
|rule|HP Percentage Mod: HP is shown in percentages
|rule|Endless Battle Clause: Forcing endless battles is banned
|rule|Species Clause: Limit one of each Pokémon
|rule|OHKO Clause: OHKO moves are banned
|rule|Evasion Items Clause: Evasion items are banned
|rule|Evasion Moves Clause: Evasion moves are banned
|rule|Evasion Abilities Clause: Evasion abilities are banned
|rule|Sleep Moves Clause: Sleep-inducing moves are banned
|clearpoke
|poke|p1|Rillaboom, F|
|poke|p1|Serperior, M|
|poke|p1|Heatran, F|
|poke|p1|Gholdengo|
|poke|p1|Zamazenta-*|
|poke|p1|Great Tusk|
|poke|p2|Rotom-Wash|
|poke|p2|Enamorus, F|
|poke|p2|Cinderace, M|
|poke|p2|Darkrai|
|poke|p2|Garchomp, F|
|poke|p2|Scizor, F|
|teampreview
|j| ohko_smeargle
|inactive|Battle timer is ON: inactive players will automatically lose when time's up. (requested by SeasonedToxapexual)
|
|t:|1776109688
|teamsize|p1|6
|teamsize|p2|6
|start
|switch|p1a: Heatran|Heatran, F|100/100
|switch|p2a: Garchomp|Garchomp, F|100/100
|-item|p1a: Heatran|Air Balloon
|turn|1
|
|t:|1776109700
|move|p1a: Heatran|Stealth Rock|p2a: Garchomp
|-sidestart|p2: fabinho92i|move: Stealth Rock
|move|p2a: Garchomp|Dragon Tail|p1a: Heatran
|-resisted|p1a: Heatran
|-damage|p1a: Heatran|90/100
|-enditem|p1a: Heatran|Air Balloon
|drag|p1a: Rillaboom|Rillaboom, F|100/100
|-fieldstart|move: Grassy Terrain|[from] ability: Grassy Surge|[of] p1a: Rillaboom
|
|upkeep
|turn|2
|
|t:|1776109724
|switch|p2a: Cinderace|Cinderace, M|100/100
|move|p1a: Rillaboom|Knock Off|p2a: Cinderace
|-damage|p2a: Cinderace|30/100
|-enditem|p2a: Cinderace|Heavy-Duty Boots|[from] move: Knock Off|[of] p1a: Rillaboom
|-damage|p1a: Rillaboom|91/100|[from] item: Life Orb
|
|-heal|p2a: Cinderace|36/100|[from] Grassy Terrain
|-heal|p1a: Rillaboom|97/100|[from] Grassy Terrain
|upkeep
|turn|3
|
|t:|1776109738
|switch|p1a: Heatran|Heatran, F|90/100
|move|p2a: Cinderace|Court Change|p2a: Cinderace
|-start|p2a: Cinderace|typechange|Normal|[from] ability: Libero
|-swapsideconditions
|-activate|p2a: Cinderace|move: Court Change
|
|-heal|p2a: Cinderace|42/100|[from] Grassy Terrain
|-heal|p1a: Heatran|96/100|[from] Grassy Terrain
|upkeep
|turn|4
|
|t:|1776109750
|switch|p2a: Garchomp|Garchomp, F|100/100
|move|p1a: Heatran|Stealth Rock|p2a: Garchomp
|-sidestart|p2: fabinho92i|move: Stealth Rock
|
|-heal|p1a: Heatran|100/100|[from] Grassy Terrain
|upkeep
|turn|5
|
|t:|1776109763
|switch|p1a: Rillaboom|Rillaboom, F|97/100
|-damage|p1a: Rillaboom|85/100|[from] Stealth Rock
|move|p2a: Garchomp|Earthquake|p1a: Rillaboom
|-resisted|p1a: Rillaboom
|-damage|p1a: Rillaboom|73/100
|
|-heal|p1a: Rillaboom|80/100|[from] Grassy Terrain
|-fieldend|move: Grassy Terrain
|upkeep
|turn|6
|j| nautillect
|
|t:|1776109778
|switch|p2a: Scizor|Scizor, F|100/100
|-damage|p2a: Scizor|88/100|[from] Stealth Rock
|move|p1a: Rillaboom|Knock Off|p2a: Scizor
|-damage|p2a: Scizor|34/100
|-enditem|p2a: Scizor|Life Orb|[from] move: Knock Off|[of] p1a: Rillaboom
|-damage|p1a: Rillaboom|70/100|[from] item: Life Orb
|
|upkeep
|turn|7
|
|t:|1776109789
|move|p1a: Rillaboom|Knock Off|p2a: Scizor
|-damage|p2a: Scizor|0 fnt
|faint|p2a: Scizor
|-damage|p1a: Rillaboom|60/100|[from] item: Life Orb
|
|upkeep
|
|t:|1776109795
|switch|p2a: Darkrai|Darkrai|100/100
|-damage|p2a: Darkrai|88/100|[from] Stealth Rock
|turn|8
|
|t:|1776109800
|switch|p1a: Heatran|Heatran, F|100/100
|-damage|p1a: Heatran|88/100|[from] Stealth Rock
|move|p2a: Darkrai|Ice Beam|p1a: Heatran
|-resisted|p1a: Heatran
|-damage|p1a: Heatran|83/100
|
|-heal|p2a: Darkrai|94/100|[from] item: Leftovers
|upkeep
|turn|9
|
|t:|1776109817
|switch|p2a: Rotom|Rotom-Wash|100/100
|-damage|p2a: Rotom|88/100|[from] Stealth Rock
|move|p1a: Heatran|Magma Storm|p2a: Rotom
|-resisted|p2a: Rotom
|-damage|p2a: Rotom|70/100
|-activate|p2a: Rotom|move: Magma Storm|[of] p1a: Heatran
|
|-heal|p2a: Rotom|76/100|[from] item: Leftovers
|-damage|p2a: Rotom|64/100|[from] move: Magma Storm|[partiallytrapped]
|upkeep
|turn|10
|
|t:|1776109829
|switch|p1a: Serperior|Serperior, M|100/100
|-damage|p1a: Serperior|88/100|[from] Stealth Rock
|move|p2a: Rotom|Will-O-Wisp|p1a: Serperior
|-status|p1a: Serperior|brn
|
|-heal|p2a: Rotom|70/100|[from] item: Leftovers
|-damage|p1a: Serperior|82/100 brn|[from] brn
|-end|p2a: Rotom|Magma Storm|[partiallytrapped]|[silent]
|upkeep
|turn|11
|inactive|fabinho92i has 120 seconds left.
|
|t:|1776109865
|switch|p2a: Cinderace|Cinderace, M|42/100
|-damage|p2a: Cinderace|17/100|[from] Stealth Rock
|move|p1a: Serperior|Leaf Storm|p2a: Cinderace
|-resisted|p2a: Cinderace
|-damage|p2a: Cinderace|0 fnt
|-boost|p1a: Serperior|spa|2
|faint|p2a: Cinderace
|
|-damage|p1a: Serperior|76/100 brn|[from] brn
|upkeep
|-message|fabinho92i forfeited.
|
|win|SeasonedToxapexual
|raw|SeasonedToxapexual's rating: 1335 &rarr; <strong>1355</strong><br />(+20 for winning)
|raw|fabinho92i's rating: 1331 &rarr; <strong>1311</strong><br />(-20 for losing)
|l|☆fabinho92i
|player|p2|
|l| ohko_smeargle
