|html|<div class="broadcast-blue"><strong>[Gen 9] OU is currently suspecting Volcarona! For information on how to participate check out the <a href="https://www.smogon.com/tools/suspects/view/208">suspect thread</a>.</strong></div>
|j|☆teambuildinggenius
|j|☆Sir Pitulio
|t:|1778512115
|gametype|singles
|player|p1|teambuildinggenius|pokekid|1466
|player|p2|Sir Pitulio|cyrus|1557
|gen|9
|tier|[Gen 9] OU
|rated|
|rule|HP Percentage Mod: HP is shown in percentages
|rule|Endless Battle Clause: Forcing endless battles is banned
|rule|Species Clause: Limit one of each Pokémon
|rule|OHKO Clause: OHKO moves are banned
|rule|Evasion Items Clause: Evasion items are banned
|rule|Evasion Moves Clause: Evasion moves are banned
|rule|Evasion Abilities Clause: Evasion abilities are banned
|rule|Sleep Moves Clause: Sleep-inducing moves are banned
|clearpoke
|poke|p1|Regieleki|
|poke|p1|Great Tusk|
|poke|p1|Samurott-Hisui, F|
|poke|p1|Corviknight, M|
|poke|p1|Slowking-Galar, M|
|poke|p1|Ogerpon, F|
|poke|p2|Keldeo-Resolute|
|poke|p2|Ceruledge, M|
|poke|p2|Iron Valiant|
|poke|p2|Avalugg-Hisui, M|
|poke|p2|Latias, F|
|poke|p2|Cinderace, F|
|teampreview
|
|t:|1778512137
|teamsize|p1|6
|teamsize|p2|6
|start
|switch|p1a: Regieleki|Regieleki|100/100
|switch|p2a: Cinderace|Cinderace, F|100/100
|turn|1
|
|t:|1778512149
|move|p1a: Regieleki|Volt Switch|p2a: Cinderace
|-damage|p2a: Cinderace|14/100
|
|t:|1778512155
|switch|p1a: Samurott|Samurott-Hisui, F|100/100|[from] Volt Switch
|move|p2a: Cinderace|Pyro Ball|p1a: Samurott
|-resisted|p1a: Samurott
|-damage|p1a: Samurott|61/100
|
|upkeep
|turn|2
|
|t:|1778512161
|move|p1a: Samurott|Sucker Punch|p2a: Cinderace
|-damage|p2a: Cinderace|0 fnt
|faint|p2a: Cinderace
|
|upkeep
|
|t:|1778512181
|switch|p2a: Keldeo|Keldeo-Resolute|100/100
|turn|3
|
|t:|1778512184
|switch|p1a: Slowking|Slowking-Galar, M|100/100
|move|p2a: Keldeo|Icy Wind|p1a: Slowking
|-damage|p1a: Slowking|90/100
|-unboost|p1a: Slowking|spe|1
|
|upkeep
|turn|4
|
|t:|1778512194
|move|p2a: Keldeo|Surf|p1a: Slowking
|-damage|p1a: Slowking|60/100
|move|p1a: Slowking|Future Sight|p2a: Keldeo
|-start|p1a: Slowking|move: Future Sight
|
|upkeep
|turn|5
|
|t:|1778512198
|move|p2a: Keldeo|Surf|p1a: Slowking
|-damage|p1a: Slowking|31/100
|-prepare|p1a: Slowking|Chilly Reception|[premajor]
|move|p1a: Slowking|Chilly Reception|p1a: Slowking
|-weather|Snowscape
|
|t:|1778512200
|switch|p1a: Regieleki|Regieleki|100/100|[from] Chilly Reception
|
|-weather|Snowscape|[upkeep]
|upkeep
|turn|6
|
|t:|1778512213
|move|p1a: Regieleki|Volt Switch|p2a: Keldeo
|-supereffective|p2a: Keldeo
|-damage|p2a: Keldeo|0 fnt
|faint|p2a: Keldeo
|
|t:|1778512217
|switch|p1a: Slowking|Slowking-Galar, M|64/100|[from] Volt Switch
|
|-weather|Snowscape|[upkeep]
|-hint|Future Sight did not hit because the target is fainted.
|upkeep
|
|t:|1778512222
|switch|p2a: Ceruledge|Ceruledge, M, shiny|100/100
|turn|7
|
|t:|1778512228
|move|p2a: Ceruledge|Swords Dance|p2a: Ceruledge
|-boost|p2a: Ceruledge|atk|2
|-prepare|p1a: Slowking|Chilly Reception|[premajor]
|move|p1a: Slowking|Chilly Reception|p1a: Slowking
|
|t:|1778512229
|switch|p1a: Ogerpon|Ogerpon, F|100/100|[from] Chilly Reception
|
|-weather|Snowscape|[upkeep]
|upkeep
|turn|8
|
|t:|1778512234
|move|p1a: Ogerpon|Encore|p2a: Ceruledge
|-start|p2a: Ceruledge|Encore
|move|p2a: Ceruledge|Swords Dance|p2a: Ceruledge
|-boost|p2a: Ceruledge|atk|2
|
|-weather|Snowscape|[upkeep]
|upkeep
|turn|9
|
|t:|1778512244
|switch|p2a: Iron Valiant|Iron Valiant|100/100
|-enditem|p2a: Iron Valiant|Booster Energy
|-activate|p2a: Iron Valiant|ability: Quark Drive|[fromitem]
|-start|p2a: Iron Valiant|quarkdrivespe
|move|p1a: Ogerpon|U-turn|p2a: Iron Valiant
|-resisted|p2a: Iron Valiant
|-damage|p2a: Iron Valiant|93/100
|
|t:|1778512250
|switch|p1a: Slowking|Slowking-Galar, M|97/100|[from] U-turn
|
|-weather|none
|upkeep
|turn|10
|
|t:|1778512254
|move|p2a: Iron Valiant|Calm Mind|p2a: Iron Valiant
|-boost|p2a: Iron Valiant|spa|1
|-boost|p2a: Iron Valiant|spd|1
|move|p1a: Slowking|Sludge Bomb|p2a: Iron Valiant
|-supereffective|p2a: Iron Valiant
|-damage|p2a: Iron Valiant|9/100
|
|upkeep
|turn|11
|
|t:|1778512259
|move|p2a: Iron Valiant|Shadow Ball|p1a: Slowking
|-supereffective|p1a: Slowking
|-damage|p1a: Slowking|47/100
|-prepare|p1a: Slowking|Chilly Reception|[premajor]
|move|p1a: Slowking|Chilly Reception|p1a: Slowking
|-weather|Snowscape
|
|t:|1778512260
|switch|p1a: Regieleki|Regieleki|100/100|[from] Chilly Reception
|
|-weather|Snowscape|[upkeep]
|upkeep
|turn|12
|
|t:|1778512263
|move|p1a: Regieleki|Extreme Speed|p2a: Iron Valiant
|-damage|p2a: Iron Valiant|0 fnt
|faint|p2a: Iron Valiant
|-end|p2a: Iron Valiant|Quark Drive|[silent]
|
|-weather|Snowscape|[upkeep]
|upkeep
|
|t:|1778512271
|switch|p2a: Latias|Latias, F|100/100
|turn|13
|
|t:|1778512274
|switch|p1a: Samurott|Samurott-Hisui, F|61/100
|move|p2a: Latias|Agility|p2a: Latias
|-boost|p2a: Latias|spe|2
|
|-weather|Snowscape|[upkeep]
|upkeep
|turn|14
|
|t:|1778512297
|move|p2a: Latias|Calm Mind|p2a: Latias
|-boost|p2a: Latias|spa|1
|-boost|p2a: Latias|spd|1
|move|p1a: Samurott|Ceaseless Edge|p2a: Latias
|-supereffective|p2a: Latias
|-damage|p2a: Latias|16/100
|-enditem|p2a: Latias|Weakness Policy
|-boost|p2a: Latias|atk|2|[from] item: Weakness Policy
|-boost|p2a: Latias|spa|2|[from] item: Weakness Policy
|-sidestart|p2: Sir Pitulio|Spikes
|
|-weather|Snowscape|[upkeep]
|upkeep
|turn|15
|
|t:|1778512309
|-terastallize|p2a: Latias|Fairy
|move|p1a: Samurott|Sucker Punch|p2a: Latias
|-resisted|p2a: Latias
|-damage|p2a: Latias|0 fnt
|faint|p2a: Latias
|
|-weather|none
|upkeep
|
|t:|1778512314
|switch|p2a: Avalugg|Avalugg-Hisui, M|100/100
|-damage|p2a: Avalugg|88/100|[from] Spikes
|turn|16
|
|t:|1778512320
|move|p1a: Samurott|Razor Shell|p2a: Avalugg
|-supereffective|p2a: Avalugg
|-damage|p2a: Avalugg|30/100
|-unboost|p2a: Avalugg|def|1
|move|p2a: Avalugg|Body Press|p1a: Samurott
|-supereffective|p1a: Samurott
|-damage|p1a: Samurott|4/100
|
|upkeep
|turn|17
|
|t:|1778512327
|move|p1a: Samurott|Ceaseless Edge|p2a: Avalugg
|-damage|p2a: Avalugg|0 fnt
|-sidestart|p2: Sir Pitulio|Spikes
|faint|p2a: Avalugg
|
|upkeep
|
|t:|1778512328
|switch|p2a: Ceruledge|Ceruledge, M, shiny|100/100
|-damage|p2a: Ceruledge|84/100|[from] Spikes
|turn|18
|
|t:|1778512331
|move|p2a: Ceruledge|Shadow Sneak|p1a: Samurott
|-resisted|p1a: Samurott
|-damage|p1a: Samurott|0 fnt
|faint|p1a: Samurott
|
|upkeep
|
|t:|1778512333
|switch|p1a: Regieleki|Regieleki|100/100
|turn|19
|
|t:|1778512336
|move|p1a: Regieleki|Thunderbolt|p2a: Ceruledge
|-damage|p2a: Ceruledge|0 fnt
|faint|p2a: Ceruledge
|
|win|teambuildinggenius
|raw|teambuildinggenius's rating: 1466 &rarr; <strong>1491</strong><br />(+25 for winning)
|raw|Sir Pitulio's rating: 1557 &rarr; <strong>1532</strong><br />(-25 for losing)
|l|☆Sir Pitulio
|player|p2|
|l|☆teambuildinggenius
|player|p1|
