|html|<div class="broadcast-blue"><strong>[Gen 9] OU is currently suspecting Tera Blast! For information on how to participate check out the <a href="https://www.smogon.com/tools/suspects/view/200">suspect thread</a>.</strong></div>
|j|☆user795680
|j|☆ddr5 ram
|t:|1776346444
|gametype|singles
|player|p1|user795680|lucas|1062
|player|p2|ddr5 ram|richboy-gen4|1032
|gen|9
|tier|[Gen 9] OU
|rated|
|rule|HP Percentage Mod: HP is shown in percentages
|rule|Endless Battle Clause: Forcing endless battles is banned
|rule|Species Clause: Limit one of each Pokémon
|rule|OHKO Clause: OHKO moves are banned
|rule|Evasion Items Clause: Evasion items are banned
|rule|Evasion Moves Clause: Evasion moves are banned
|rule|Evasion Abilities Clause: Evasion abilities are banned
|rule|Sleep Moves Clause: Sleep-inducing moves are banned
|clearpoke
|poke|p1|Dragapult, M|
|poke|p1|Iron Valiant|
|poke|p1|Samurott-Hisui, F|
|poke|p1|Iron Treads|
|poke|p1|Kommo-o, M|
|poke|p1|Cinderace, M|
|poke|p2|Incineroar, M|
|poke|p2|Gholdengo|
|poke|p2|Ogerpon-Wellspring, F|
|poke|p2|Thundurus, M|
|poke|p2|Garchomp, M|
|poke|p2|Slowking-Galar, M|
|teampreview
|
|t:|1776346459
|teamsize|p1|6
|teamsize|p2|6
|start
|switch|p1a: Samurott|Samurott-Hisui, F|100/100
|switch|p2a: IcantchatsoGG|Garchomp, M|100/100
|turn|1
|
|t:|1776346475
|move|p2a: IcantchatsoGG|Swords Dance|p2a: IcantchatsoGG
|-boost|p2a: IcantchatsoGG|atk|2
|move|p1a: Samurott|Ice Beam|p2a: IcantchatsoGG
|-supereffective|p2a: IcantchatsoGG
|-damage|p2a: IcantchatsoGG|0 fnt
|faint|p2a: IcantchatsoGG
|
|upkeep
|
|t:|1776346487
|switch|p2a: Ogerponning it|Ogerpon-Wellspring, F|100/100
|turn|2
|
|t:|1776346496
|switch|p1a: Kommo-o|Kommo-o, M|100/100
|-terastallize|p2a: Ogerponning it|Water
|detailschange|p2a: Ogerponning it|Ogerpon-Wellspring-Tera, F, tera:Water
|-ability|p2a: Ogerponning it|Embody Aspect (Wellspring)|boost
|-boost|p2a: Ogerponning it|spd|1
|move|p2a: Ogerponning it|Power Whip|p1a: Kommo-o
|-resisted|p1a: Kommo-o
|-damage|p1a: Kommo-o|78/100
|
|-heal|p1a: Kommo-o|84/100|[from] item: Leftovers
|upkeep
|turn|3
|
|t:|1776346509
|move|p2a: Ogerponning it|Ivy Cudgel|p1a: Kommo-o|[anim] Ivy Cudgel Water
|-resisted|p1a: Kommo-o
|-damage|p1a: Kommo-o|58/100
|move|p1a: Kommo-o|Clangorous Soul|p1a: Kommo-o
|-boost|p1a: Kommo-o|atk|1
|-boost|p1a: Kommo-o|def|1
|-boost|p1a: Kommo-o|spa|1
|-boost|p1a: Kommo-o|spd|1
|-boost|p1a: Kommo-o|spe|1
|-damage|p1a: Kommo-o|25/100
|
|-heal|p1a: Kommo-o|31/100|[from] item: Leftovers
|upkeep
|turn|4
|
|t:|1776346521
|move|p2a: Ogerponning it|Spiky Shield|p2a: Ogerponning it
|-singleturn|p2a: Ogerponning it|move: Protect
|move|p1a: Kommo-o|Drain Punch|p2a: Ogerponning it
|-activate|p2a: Ogerponning it|move: Protect
|-damage|p1a: Kommo-o|19/100|[from] Spiky Shield|[of] p2a: Ogerponning it
|
|-heal|p1a: Kommo-o|25/100|[from] item: Leftovers
|upkeep
|turn|5
|
|t:|1776346538
|switch|p2a: Big T|Thundurus, M|100/100
|move|p1a: Kommo-o|Drain Punch|p2a: Big T
|-resisted|p2a: Big T
|-damage|p2a: Big T|71/100
|-heal|p1a: Kommo-o|38/100|[from] drain|[of] p2a: Big T
|
|-heal|p1a: Kommo-o|44/100|[from] item: Leftovers
|upkeep
|turn|6
|
|t:|1776346549
|-terastallize|p1a: Kommo-o|Normal
|move|p1a: Kommo-o|Boomburst|p2a: Big T
|-damage|p2a: Big T|0 fnt
|faint|p2a: Big T
|
|-heal|p1a: Kommo-o|50/100|[from] item: Leftovers
|upkeep
|
|t:|1776346560
|switch|p2a: Jackpot|Gholdengo, shiny|100/100
|turn|7
|
|t:|1776346574
|move|p1a: Kommo-o|Dragon Pulse|p2a: Jackpot
|-resisted|p2a: Jackpot
|-damage|p2a: Jackpot|77/100
|move|p2a: Jackpot|Make It Rain|p1a: Kommo-o
|-damage|p1a: Kommo-o|1/100
|-unboost|p2a: Jackpot|spa|1
|
|-heal|p1a: Kommo-o|7/100|[from] item: Leftovers
|upkeep
|turn|8
|
|t:|1776346585
|move|p1a: Kommo-o|Dragon Pulse|p2a: Jackpot
|-resisted|p2a: Jackpot
|-damage|p2a: Jackpot|55/100
|move|p2a: Jackpot|Dazzling Gleam|p1a: Kommo-o
|-damage|p1a: Kommo-o|0 fnt
|faint|p1a: Kommo-o
|
|upkeep
|
|t:|1776346593
|switch|p1a: Cinderace|Cinderace, M|100/100
|turn|9
|
|t:|1776346597
|switch|p2a: Ogerponning it|Ogerpon-Wellspring-Tera, F, tera:Water|100/100
|-ability|p2a: Ogerponning it|Embody Aspect (Wellspring)|boost
|-boost|p2a: Ogerponning it|spd|1
|move|p1a: Cinderace|Pyro Ball|p2a: Ogerponning it
|-resisted|p2a: Ogerponning it
|-damage|p2a: Ogerponning it|65/100
|
|upkeep
|turn|10
|
|t:|1776346611
|move|p2a: Ogerponning it|Ivy Cudgel|p1a: Cinderace|[anim] Ivy Cudgel Water
|-supereffective|p1a: Cinderace
|-damage|p1a: Cinderace|0 fnt
|faint|p1a: Cinderace
|
|upkeep
|
|t:|1776346625
|switch|p1a: Samurott|Samurott-Hisui, F|100/100
|turn|11
|
|t:|1776346633
|move|p2a: Ogerponning it|Power Whip|p1a: Samurott
|-supereffective|p1a: Samurott
|-damage|p1a: Samurott|0 fnt
|faint|p1a: Samurott
|
|upkeep
|
|t:|1776346639
|switch|p1a: Dragapult|Dragapult, M|100/100
|turn|12
|
|t:|1776346645
|move|p2a: Ogerponning it|Spiky Shield|p2a: Ogerponning it
|-singleturn|p2a: Ogerponning it|move: Protect
|move|p1a: Dragapult|Phantom Force||[still]
|-prepare|p1a: Dragapult|Phantom Force
|
|upkeep
|turn|13
|
|t:|1776346667
|move|p1a: Dragapult|Phantom Force|p2a: Ogerponning it|[from] lockedmove
|-damage|p2a: Ogerponning it|19/100
|move|p2a: Ogerponning it|Power Whip|p1a: Dragapult
|-resisted|p1a: Dragapult
|-damage|p1a: Dragapult|59/100
|-start|p2a: Ogerponning it|Disable|Power Whip|[from] ability: Cursed Body|[of] p1a: Dragapult
|
|upkeep
|turn|14
|
|t:|1776346679
|move|p1a: Dragapult|Dragon Darts|p2a: Ogerponning it
|-damage|p2a: Ogerponning it|0 fnt
|faint|p2a: Ogerponning it
|detailschange|p2: Ogerponning it|Ogerpon-Wellspring, F|[silent]
|
|upkeep
|
|t:|1776346688
|switch|p2a: Da Inc|Incineroar, M|100/100
|-ability|p2a: Da Inc|Intimidate|boost
|-unboost|p1a: Dragapult|atk|1
|turn|15
|
|t:|1776346697
|move|p1a: Dragapult|Draco Meteor|p2a: Da Inc
|-damage|p2a: Da Inc|66/100
|-unboost|p1a: Dragapult|spa|2
|move|p2a: Da Inc|Knock Off|p1a: Dragapult
|-supereffective|p1a: Dragapult
|-damage|p1a: Dragapult|0 fnt
|-start|p2a: Da Inc|Disable|Knock Off|[from] ability: Cursed Body|[of] p1a: Dragapult
|-enditem|p1a: Dragapult|Focus Sash|[from] move: Knock Off|[of] p2a: Da Inc
|faint|p1a: Dragapult
|
|upkeep
|
|t:|1776346707
|switch|p1a: Iron Valiant|Iron Valiant|100/100
|-enditem|p1a: Iron Valiant|Booster Energy
|-activate|p1a: Iron Valiant|ability: Quark Drive|[fromitem]
|-start|p1a: Iron Valiant|quarkdrivespe
|turn|16
|
|t:|1776346715
|move|p1a: Iron Valiant|Drain Punch|p2a: Da Inc
|-supereffective|p2a: Da Inc
|-damage|p2a: Da Inc|4/100
|-enditem|p2a: Da Inc|Sitrus Berry|[eat]
|-heal|p2a: Da Inc|29/100|[from] item: Sitrus Berry
|move|p2a: Da Inc|Parting Shot|p1a: Iron Valiant
|-unboost|p1a: Iron Valiant|atk|1
|-unboost|p1a: Iron Valiant|spa|1
|
|t:|1776346725
|switch|p2a: Jackpot|Gholdengo, shiny|55/100|[from] Parting Shot
|
|upkeep
|turn|17
|
|t:|1776346732
|move|p1a: Iron Valiant|Shadow Ball|p2a: Jackpot
|-supereffective|p2a: Jackpot
|-damage|p2a: Jackpot|21/100
|move|p2a: Jackpot|Make It Rain|p1a: Iron Valiant
|-supereffective|p1a: Iron Valiant
|-damage|p1a: Iron Valiant|0 fnt
|-unboost|p2a: Jackpot|spa|1
|faint|p1a: Iron Valiant
|-end|p1a: Iron Valiant|Quark Drive|[silent]
|
|upkeep
|
|t:|1776346742
|switch|p1a: Iron Treads|Iron Treads|100/100
|-enditem|p1a: Iron Treads|Booster Energy
|-activate|p1a: Iron Treads|ability: Quark Drive|[fromitem]
|-start|p1a: Iron Treads|quarkdriveatk
|turn|18
|
|t:|1776346766
|move|p1a: Iron Treads|Earthquake|p2a: Jackpot
|-supereffective|p2a: Jackpot
|-damage|p2a: Jackpot|0 fnt
|faint|p2a: Jackpot
|
|upkeep
|
|t:|1776346771
|switch|p2a: Da Inc|Incineroar, M|29/100
|-ability|p2a: Da Inc|Intimidate|boost
|-unboost|p1a: Iron Treads|atk|1
|turn|19
|
|t:|1776346776
|move|p2a: Da Inc|Fake Out|p1a: Iron Treads
|-resisted|p1a: Iron Treads
|-damage|p1a: Iron Treads|95/100
|cant|p1a: Iron Treads|flinch
|
|upkeep
|turn|20
|
|t:|1776346782
|move|p1a: Iron Treads|Earthquake|p2a: Da Inc
|-supereffective|p2a: Da Inc
|-damage|p2a: Da Inc|0 fnt
|faint|p2a: Da Inc
|
|upkeep
|
|t:|1776346786
|switch|p2a: Random Guy|Slowking-Galar, M|100/100
|-item|p2a: Random Guy|Air Balloon
|turn|21
|
|t:|1776346794
|move|p1a: Iron Treads|Rapid Spin|p2a: Random Guy
|-damage|p2a: Random Guy|88/100
|-boost|p1a: Iron Treads|spe|1
|-enditem|p2a: Random Guy|Air Balloon
|move|p2a: Random Guy|Calm Mind|p2a: Random Guy
|-boost|p2a: Random Guy|spa|1
|-boost|p2a: Random Guy|spd|1
|
|upkeep
|turn|22
|
|t:|1776346802
|move|p1a: Iron Treads|Earthquake|p2a: Random Guy
|-supereffective|p2a: Random Guy
|-damage|p2a: Random Guy|18/100
|move|p2a: Random Guy|Psychic|p1a: Iron Treads
|-resisted|p1a: Iron Treads
|-damage|p1a: Iron Treads|56/100
|
|upkeep
|turn|23
|
|t:|1776346809
|move|p1a: Iron Treads|Earthquake|p2a: Random Guy
|-supereffective|p2a: Random Guy
|-damage|p2a: Random Guy|0 fnt
|faint|p2a: Random Guy
|
|win|user795680
|raw|user795680's rating: 1062 &rarr; <strong>1090</strong><br />(+28 for winning)
|raw|ddr5 ram's rating: 1032 &rarr; <strong>1018</strong><br />(-14 for losing)
|c|☆user795680|GG
|l|☆ddr5 ram
|player|p2|
|l| user795680
|j|☆user795680
|l|☆user795680
|player|p1|
|j|☆user795680
|player|p1|user795680|nate|
|l|☆user795680
|player|p1|
|j|☆user795680
|player|p1|user795680|nate|
