|html|<div class="broadcast-blue"><strong>[Gen 9] OU is currently suspecting Volcarona! For information on how to participate check out the <a href="https://www.smogon.com/tools/suspects/view/208">suspect thread</a>.</strong></div>
|j|☆6monkeyman
|j|☆kvnmvx
|t:|1778509552
|gametype|singles
|player|p1|6monkeyman|lana|1080
|player|p2|kvnmvx|backpacker|1046
|gen|9
|tier|[Gen 9] OU
|rated|
|rule|HP Percentage Mod: HP is shown in percentages
|rule|Endless Battle Clause: Forcing endless battles is banned
|rule|Species Clause: Limit one of each Pokémon
|rule|OHKO Clause: OHKO moves are banned
|rule|Evasion Items Clause: Evasion items are banned
|rule|Evasion Moves Clause: Evasion moves are banned
|rule|Evasion Abilities Clause: Evasion abilities are banned
|rule|Sleep Moves Clause: Sleep-inducing moves are banned
|clearpoke
|poke|p1|Blaziken, M|
|poke|p1|Ogerpon-Wellspring, F|
|poke|p1|Darkrai|
|poke|p1|Corviknight, M|
|poke|p1|Ceruledge, M|
|poke|p1|Weezing-Galar, M|
|poke|p2|Minun, M|
|poke|p2|Cinccino, M|
|poke|p2|Dewgong, M|
|poke|p2|Hydrapple, M|
|poke|p2|Dachsbun, M|
|poke|p2|Gligar, M|
|teampreview
|inactive|Battle timer is ON: inactive players will automatically lose when time's up. (requested by 6monkeyman)
|
|t:|1778509597
|teamsize|p1|6
|teamsize|p2|6
|start
|switch|p1a: Darkrai|Darkrai|100/100
|switch|p2a: Pincitas|Gligar, M, shiny|100/100
|turn|1
|
|t:|1778509614
|switch|p2a: Panquecito|Dachsbun, M|100/100
|move|p1a: Darkrai|Ice Beam|p2a: Panquecito
|-damage|p2a: Panquecito|60/100
|
|-heal|p2a: Panquecito|66/100|[from] item: Leftovers
|upkeep
|turn|2
|
|t:|1778509624
|switch|p1a: Weezing|Weezing-Galar, M|100/100
|-ability|p1a: Weezing|Neutralizing Gas
|move|p2a: Panquecito|Play Rough|p1a: Weezing
|-resisted|p1a: Weezing
|-damage|p1a: Weezing|92/100
|-unboost|p1a: Weezing|atk|1
|
|-heal|p2a: Panquecito|72/100|[from] item: Leftovers
|upkeep
|turn|3
|
|t:|1778509640
|switch|p2a: Pincitas|Gligar, M, shiny|100/100
|move|p1a: Weezing|Will-O-Wisp|p2a: Pincitas
|-status|p2a: Pincitas|brn
|
|-damage|p2a: Pincitas|94/100 brn|[from] brn
|upkeep
|turn|4
|
|t:|1778509657
|-end|p1a: Weezing|ability: Neutralizing Gas
|switch|p1a: Darkrai|Darkrai|100/100
|move|p2a: Pincitas|Facade|p1a: Darkrai
|-damage|p1a: Darkrai|70/100
|
|-damage|p2a: Pincitas|88/100 brn|[from] brn
|upkeep
|turn|5
|
|t:|1778509671
|switch|p2a: Panquecito|Dachsbun, M|72/100
|move|p1a: Darkrai|Sludge Bomb|p2a: Panquecito
|-supereffective|p2a: Panquecito
|-damage|p2a: Panquecito|0 fnt
|faint|p2a: Panquecito
|
|upkeep
|c|☆6monkeyman|Im in your head
|inactive|kvnmvx has 120 seconds left.
|inactive|kvnmvx has 90 seconds left.
|
|t:|1778509734
|switch|p2a: Mr. Pelusas|Cinccino, M|100/100
|turn|6
|
|t:|1778509739
|switch|p1a: Corviknight|Corviknight, M|100/100
|-ability|p1a: Corviknight|Pressure
|move|p2a: Mr. Pelusas|Tail Slap|p1a: Corviknight
|-resisted|p1a: Corviknight
|-damage|p1a: Corviknight|96/100
|-damage|p2a: Mr. Pelusas|84/100|[from] item: Rocky Helmet|[of] p1a: Corviknight
|-resisted|p1a: Corviknight
|-damage|p1a: Corviknight|92/100
|-damage|p2a: Mr. Pelusas|68/100|[from] item: Rocky Helmet|[of] p1a: Corviknight
|-resisted|p1a: Corviknight
|-damage|p1a: Corviknight|88/100
|-damage|p2a: Mr. Pelusas|51/100|[from] item: Rocky Helmet|[of] p1a: Corviknight
|-resisted|p1a: Corviknight
|-damage|p1a: Corviknight|84/100
|-damage|p2a: Mr. Pelusas|35/100|[from] item: Rocky Helmet|[of] p1a: Corviknight
|-resisted|p1a: Corviknight
|-damage|p1a: Corviknight|80/100
|-damage|p2a: Mr. Pelusas|18/100|[from] item: Rocky Helmet|[of] p1a: Corviknight
|-hitcount|p1a: Corviknight|5
|-damage|p2a: Mr. Pelusas|8/100|[from] item: Life Orb
|
|upkeep
|turn|7
|inactive|kvnmvx has 90 seconds left.
|
|t:|1778509760
|move|p2a: Mr. Pelusas|Triple Axel|p1a: Corviknight
|-damage|p1a: Corviknight|75/100
|-damage|p2a: Mr. Pelusas|0 fnt|[from] item: Rocky Helmet|[of] p1a: Corviknight
|faint|p2a: Mr. Pelusas
|-hitcount|p1a: Corviknight|1
|move|p1a: Corviknight|U-turn|p2: Mr. Pelusas|[notarget]
|-fail|p1a: Corviknight
|
|upkeep
|inactive|kvnmvx has 60 seconds left.
|
|t:|1778509793
|switch|p2a: Sparky|Minun, M|100/100
|turn|8
|
|t:|1778509804
|switch|p1a: Ogerpon|Ogerpon-Wellspring, F|100/100
|move|p2a: Sparky|Thunderbolt|p1a: Ogerpon
|-damage|p1a: Ogerpon|62/100
|
|upkeep
|turn|9
|
|t:|1778509811
|move|p1a: Ogerpon|Ivy Cudgel|p2a: Sparky|[anim] Ivy Cudgel Water
|-damage|p2a: Sparky|0 fnt
|faint|p2a: Sparky
|
|upkeep
|
|t:|1778509817
|switch|p2a: Pincitas|Gligar, M, shiny|88/100 brn
|turn|10
|
|t:|1778509820
|move|p1a: Ogerpon|Ivy Cudgel|p2a: Pincitas|[anim] Ivy Cudgel Water
|-supereffective|p2a: Pincitas
|-damage|p2a: Pincitas|12/100 brn
|move|p2a: Pincitas|Acrobatics|p1a: Ogerpon
|-supereffective|p1a: Ogerpon
|-damage|p1a: Ogerpon|41/100
|
|-damage|p2a: Pincitas|6/100 brn|[from] brn
|upkeep
|turn|11
|inactive|kvnmvx has 90 seconds left.
|-message|kvnmvx forfeited.
|
|win|6monkeyman
|raw|6monkeyman's rating: 1080 &rarr; <strong>1105</strong><br />(+25 for winning)
|raw|kvnmvx's rating: 1046 &rarr; <strong>1031</strong><br />(-15 for losing)
|l|☆kvnmvx
|player|p2|
