|html|<div class="broadcast-blue"><strong>[Gen 9] OU is currently suspecting Tera Blast! For information on how to participate check out the <a href="https://www.smogon.com/tools/suspects/view/200">suspect thread</a>.</strong></div>
|j|☆dfsdhf
|j|☆Kouneko
|t:|1776090113
|gametype|singles
|player|p1|dfsdhf|169|1421
|player|p2|Kouneko|parasollady|1385
|gen|9
|tier|[Gen 9] OU
|rated|
|rule|HP Percentage Mod: HP is shown in percentages
|rule|Endless Battle Clause: Forcing endless battles is banned
|rule|Species Clause: Limit one of each Pokémon
|rule|OHKO Clause: OHKO moves are banned
|rule|Evasion Items Clause: Evasion items are banned
|rule|Evasion Moves Clause: Evasion moves are banned
|rule|Evasion Abilities Clause: Evasion abilities are banned
|rule|Sleep Moves Clause: Sleep-inducing moves are banned
|clearpoke
|poke|p1|Serperior, F|
|poke|p1|Skeledirge, F|
|poke|p1|Ting-Lu|
|poke|p1|Gholdengo|
|poke|p1|Rotom-Wash|
|poke|p1|Weavile, F|
|poke|p2|Ting-Lu|
|poke|p2|Keldeo-Resolute|
|poke|p2|Moltres|
|poke|p2|Heatran, M|
|poke|p2|Forretress, M|
|poke|p2|Hydrapple, F|
|teampreview
|inactive|Battle timer is ON: inactive players will automatically lose when time's up. (requested by dfsdhf)
|
|t:|1776090125
|teamsize|p1|6
|teamsize|p2|6
|start
|switch|p1a: slow cycle|Rotom-Wash|100/100
|switch|p2a: Forretress|Forretress, M|100/100
|turn|1
|
|t:|1776090130
|switch|p2a: Hydrapple|Hydrapple, F|100/100
|move|p1a: slow cycle|Volt Switch|p2a: Hydrapple
|-resisted|p2a: Hydrapple
|-damage|p2a: Hydrapple|96/100
|
|t:|1776090134
|switch|p1a: Weavile|Weavile, F|100/100|[from] Volt Switch
|
|upkeep
|turn|2
|
|t:|1776090142
|switch|p2a: Moltres|Moltres|100/100
|move|p1a: Weavile|Knock Off|p2a: Moltres
|-damage|p2a: Moltres|69/100
|-status|p1a: Weavile|brn|[from] ability: Flame Body|[of] p2a: Moltres
|-enditem|p2a: Moltres|Heavy-Duty Boots|[from] move: Knock Off|[of] p1a: Weavile
|
|-damage|p1a: Weavile|94/100 brn|[from] brn
|upkeep
|turn|3
|
|t:|1776090150
|switch|p1a: Ting-Lu|Ting-Lu|100/100
|-ability|p1a: Ting-Lu|Vessel of Ruin
|move|p2a: Moltres|Roost|p2a: Moltres
|-heal|p2a: Moltres|100/100
|-singleturn|p2a: Moltres|move: Roost
|
|upkeep
|turn|4
|
|t:|1776090152
|move|p2a: Moltres|Will-O-Wisp|p1a: Ting-Lu
|-status|p1a: Ting-Lu|brn
|move|p1a: Ting-Lu|Stealth Rock|p2a: Moltres
|-sidestart|p2: Kouneko|move: Stealth Rock
|
|-damage|p1a: Ting-Lu|94/100 brn|[from] brn
|upkeep
|turn|5
|
|t:|1776090157
|switch|p2a: Forretress|Forretress, M|100/100
|-damage|p2a: Forretress|88/100|[from] Stealth Rock
|move|p1a: Ting-Lu|Spikes|p2a: Forretress
|-sidestart|p2: Kouneko|Spikes
|
|-heal|p1a: Ting-Lu|100/100 brn|[from] item: Leftovers
|-heal|p2a: Forretress|94/100|[from] item: Leftovers
|-damage|p1a: Ting-Lu|94/100 brn|[from] brn
|upkeep
|turn|6
|
|t:|1776090161
|switch|p1a: Amascut's Promise|Gholdengo|100/100
|move|p2a: Forretress|Rapid Spin|p1a: Amascut's Promise
|-immune|p1a: Amascut's Promise
|
|-heal|p2a: Forretress|100/100|[from] item: Leftovers
|upkeep
|turn|7
|
|t:|1776090166
|move|p1a: Amascut's Promise|Shadow Ball|p2a: Forretress
|-damage|p2a: Forretress|34/100
|-unboost|p2a: Forretress|spd|1
|move|p2a: Forretress|Volt Switch|p1a: Amascut's Promise
|-crit|p1a: Amascut's Promise
|-damage|p1a: Amascut's Promise|82/100
|
|t:|1776090171
|switch|p2a: Ting-Lu|Ting-Lu|100/100|[from] Volt Switch
|-damage|p2a: Ting-Lu|94/100|[from] Stealth Rock
|-damage|p2a: Ting-Lu|82/100|[from] Spikes
|-ability|p2a: Ting-Lu|Vessel of Ruin
|
|upkeep
|turn|8
|
|t:|1776090174
|switch|p1a: Ting-Lu|Ting-Lu|94/100 brn
|-ability|p1a: Ting-Lu|Vessel of Ruin
|move|p2a: Ting-Lu|Throat Chop|p1a: Ting-Lu
|-resisted|p1a: Ting-Lu
|-damage|p1a: Ting-Lu|78/100 brn
|-start|p1a: Ting-Lu|Throat Chop|[silent]
|
|-heal|p1a: Ting-Lu|84/100 brn|[from] item: Leftovers
|-damage|p1a: Ting-Lu|78/100 brn|[from] brn
|upkeep
|turn|9
|
|t:|1776090182
|switch|p2a: Hydrapple|Hydrapple, F|100/100
|-damage|p2a: Hydrapple|88/100|[from] Stealth Rock
|-damage|p2a: Hydrapple|76/100|[from] Spikes
|move|p1a: Ting-Lu|Spikes|p2a: Hydrapple
|-sidestart|p2: Kouneko|Spikes
|
|-heal|p1a: Ting-Lu|84/100 brn|[from] item: Leftovers
|-damage|p1a: Ting-Lu|78/100 brn|[from] brn
|-end|p1a: Ting-Lu|Throat Chop|[silent]
|upkeep
|turn|10
|
|t:|1776090188
|move|p1a: Ting-Lu|Spikes|p2a: Hydrapple
|-sidestart|p2: Kouneko|Spikes
|move|p2a: Hydrapple|Leaf Storm|p1a: Ting-Lu
|-supereffective|p1a: Ting-Lu
|-damage|p1a: Ting-Lu|21/100 brn
|-unboost|p2a: Hydrapple|spa|2
|
|-heal|p1a: Ting-Lu|27/100 brn|[from] item: Leftovers
|-damage|p1a: Ting-Lu|21/100 brn|[from] brn
|upkeep
|turn|11
|
|t:|1776090197
|switch|p1a: Weavile|Weavile, F|94/100 brn
|move|p2a: Hydrapple|Giga Drain|p1a: Weavile
|-damage|p1a: Weavile|67/100 brn
|-heal|p2a: Hydrapple|85/100|[from] drain|[of] p1a: Weavile
|
|-damage|p1a: Weavile|61/100 brn|[from] brn
|upkeep
|turn|12
|
|t:|1776090202
|switch|p2a: Keldeo|Keldeo-Resolute|100/100
|-damage|p2a: Keldeo|94/100|[from] Stealth Rock
|-damage|p2a: Keldeo|70/100|[from] Spikes
|move|p1a: Weavile|Icicle Crash|p2a: Keldeo
|-resisted|p2a: Keldeo
|-damage|p2a: Keldeo|57/100
|
|-damage|p1a: Weavile|55/100 brn|[from] brn
|upkeep
|turn|13
|
|t:|1776090211
|switch|p1a: Ting-Lu|Ting-Lu|21/100 brn
|-ability|p1a: Ting-Lu|Vessel of Ruin
|move|p2a: Keldeo|Vacuum Wave|p1a: Ting-Lu
|-supereffective|p1a: Ting-Lu
|-damage|p1a: Ting-Lu|0 fnt
|faint|p1a: Ting-Lu
|
|upkeep
|
|t:|1776090219
|switch|p1a: Amascut's Promise|Gholdengo|82/100
|turn|14
|
|t:|1776090223
|switch|p2a: Hydrapple|Hydrapple, F|100/100
|-damage|p2a: Hydrapple|88/100|[from] Stealth Rock
|-damage|p2a: Hydrapple|63/100|[from] Spikes
|move|p1a: Amascut's Promise|Shadow Ball|p2a: Hydrapple
|-damage|p2a: Hydrapple|35/100
|
|upkeep
|turn|15
|
|t:|1776090244
|-terastallize|p1a: Amascut's Promise|Ghost
|move|p1a: Amascut's Promise|Shadow Ball|p2a: Hydrapple
|-damage|p2a: Hydrapple|0 fnt
|faint|p2a: Hydrapple
|
|upkeep
|
|t:|1776090248
|switch|p2a: Ting-Lu|Ting-Lu|82/100
|-damage|p2a: Ting-Lu|76/100|[from] Stealth Rock
|-damage|p2a: Ting-Lu|51/100|[from] Spikes
|-ability|p2a: Ting-Lu|Vessel of Ruin
|turn|16
|
|t:|1776090253
|switch|p1a: slow cycle|Rotom-Wash|100/100
|move|p2a: Ting-Lu|Earthquake|p1a: slow cycle
|-immune|p1a: slow cycle|[from] ability: Levitate
|
|upkeep
|turn|17
|
|t:|1776090258
|switch|p2a: Keldeo|Keldeo-Resolute|57/100
|-damage|p2a: Keldeo|51/100|[from] Stealth Rock
|-damage|p2a: Keldeo|26/100|[from] Spikes
|move|p1a: slow cycle|Hydro Pump|p2a: Keldeo
|-resisted|p2a: Keldeo
|-damage|p2a: Keldeo|4/100
|
|upkeep
|turn|18
|
|t:|1776090265
|switch|p1a: Amascut's Promise|Gholdengo, tera:Ghost|82/100
|move|p2a: Keldeo|Secret Sword|p1a: Amascut's Promise
|-immune|p1a: Amascut's Promise
|
|upkeep
|turn|19
|
|t:|1776090287
|move|p1a: Amascut's Promise|Shadow Ball|p2a: Keldeo
|-damage|p2a: Keldeo|0 fnt
|faint|p2a: Keldeo
|
|upkeep
|
|t:|1776090294
|switch|p2a: Heatran|Heatran, M|100/100
|-damage|p2a: Heatran|88/100|[from] Stealth Rock
|-damage|p2a: Heatran|63/100|[from] Spikes
|turn|20
|
|t:|1776090302
|switch|p1a: Weavile|Weavile, F|55/100 brn
|move|p2a: Heatran|Lava Plume|p1a: Weavile
|-supereffective|p1a: Weavile
|-damage|p1a: Weavile|0 fnt
|faint|p1a: Weavile
|
|-heal|p2a: Heatran|69/100|[from] item: Leftovers
|upkeep
|
|t:|1776090304
|switch|p1a: slow cycle|Rotom-Wash|100/100
|turn|21
|
|t:|1776090309
|switch|p2a: Moltres|Moltres|100/100
|-damage|p2a: Moltres|51/100|[from] Stealth Rock
|move|p1a: slow cycle|Hydro Pump|p2a: Moltres
|-supereffective|p2a: Moltres
|-damage|p2a: Moltres|0 fnt
|faint|p2a: Moltres
|
|upkeep
|-message|Kouneko forfeited.
|
|win|dfsdhf
|raw|dfsdhf's rating: 1421 &rarr; <strong>1439</strong><br />(+18 for winning)
|raw|Kouneko's rating: 1385 &rarr; <strong>1367</strong><br />(-18 for losing)
|l|☆Kouneko
|player|p2|
|l|☆dfsdhf
|player|p1|
