|html|<div class="broadcast-blue"><strong>[Gen 9] OU is currently suspecting Tera Blast! For information on how to participate check out the <a href="https://www.smogon.com/tools/suspects/view/200">suspect thread</a>.</strong></div>
|j|☆vzn.exe
|j|☆w33df1sh
|t:|1776101359
|gametype|singles
|player|p1|vzn.exe|lusamine-nihilego|1524
|player|p2|w33df1sh|colress|1510
|gen|9
|tier|[Gen 9] OU
|rated|
|rule|HP Percentage Mod: HP is shown in percentages
|rule|Endless Battle Clause: Forcing endless battles is banned
|rule|Species Clause: Limit one of each Pokémon
|rule|OHKO Clause: OHKO moves are banned
|rule|Evasion Items Clause: Evasion items are banned
|rule|Evasion Moves Clause: Evasion moves are banned
|rule|Evasion Abilities Clause: Evasion abilities are banned
|rule|Sleep Moves Clause: Sleep-inducing moves are banned
|clearpoke
|poke|p1|Kyurem|
|poke|p1|Cinderace, M|
|poke|p1|Tornadus-Therian, M|
|poke|p1|Hatterene, F|
|poke|p1|Great Tusk|
|poke|p1|Kingambit, F|
|poke|p2|Lokix, M|
|poke|p2|Cinderace, F|
|poke|p2|Great Tusk|
|poke|p2|Alomomola, M|
|poke|p2|Enamorus, F|
|poke|p2|Slowking-Galar, F|
|teampreview
|j| ohko_smeargle
|
|t:|1776101376
|teamsize|p1|6
|teamsize|p2|6
|start
|switch|p1a: Tornadus|Tornadus-Therian, M|100/100
|switch|p2a: Alomomola|Alomomola, M|100/100
|turn|1
|inactive|Battle timer is ON: inactive players will automatically lose when time's up. (requested by vzn.exe)
|
|t:|1776101393
|move|p1a: Tornadus|Knock Off|p2a: Alomomola
|-damage|p2a: Alomomola|86/100
|-enditem|p2a: Alomomola|Assault Vest|[from] move: Knock Off|[of] p1a: Tornadus
|move|p2a: Alomomola|Flip Turn|p1a: Tornadus
|-damage|p1a: Tornadus|80/100
|
|t:|1776101402
|switch|p2a: Slowking|Slowking-Galar, F|100/100|[from] Flip Turn
|
|upkeep
|turn|2
|
|t:|1776101418
|move|p1a: Tornadus|U-turn|p2a: Slowking
|-damage|p2a: Slowking|89/100
|
|t:|1776101436
|switch|p1a: Kingambit|Kingambit, F|100/100|[from] U-turn
|move|p2a: Slowking|Future Sight|p1a: Kingambit
|-start|p2a: Slowking|move: Future Sight
|
|upkeep
|turn|3
|inactive|vzn.exe has 120 seconds left.
|
|t:|1776101453
|switch|p2a: Great Tusk|Great Tusk|100/100
|move|p1a: Kingambit|Kowtow Cleave|p2a: Great Tusk
|-resisted|p2a: Great Tusk
|-damage|p2a: Great Tusk|88/100
|
|-heal|p2a: Great Tusk|94/100|[from] item: Leftovers
|upkeep
|turn|4
|inactive|vzn.exe has 120 seconds left.
|
|t:|1776101470
|-end|p1a: Kingambit|fallenundefined|[silent]
|switch|p1a: Hatterene|Hatterene, F|100/100
|move|p2a: Great Tusk|Rapid Spin|p1a: Hatterene
|-damage|p1a: Hatterene|88/100
|-boost|p2a: Great Tusk|spe|1
|
|-end|p1a: Hatterene|move: Future Sight
|-resisted|p1a: Hatterene
|-damage|p1a: Hatterene|66/100
|-heal|p2a: Great Tusk|100/100|[from] item: Leftovers
|-heal|p1a: Hatterene|72/100|[from] item: Leftovers
|upkeep
|turn|5
|inactive|vzn.exe has 120 seconds left.
|
|t:|1776101492
|-end|p2a: Great Tusk|Protosynthesis|[silent]
|switch|p2a: Alomomola|Alomomola, M|100/100
|move|p1a: Hatterene|Nuzzle|p2a: Alomomola
|-supereffective|p2a: Alomomola
|-damage|p2a: Alomomola|94/100
|-status|p2a: Alomomola|par
|
|-heal|p1a: Hatterene|78/100|[from] item: Leftovers
|upkeep
|turn|6
|
|t:|1776101510
|move|p1a: Hatterene|Pain Split|p2a: Alomomola
|-sethp|p2a: Alomomola|70/100 par|[from] move: Pain Split|[silent]
|-sethp|p1a: Hatterene|100/100|[from] move: Pain Split
|move|p2a: Alomomola|Flip Turn|p1a: Hatterene
|-damage|p1a: Hatterene|87/100
|
|t:|1776101515
|switch|p2a: Lokix|Lokix, M|100/100|[from] Flip Turn
|
|-heal|p1a: Hatterene|93/100|[from] item: Leftovers
|upkeep
|turn|7
|
|t:|1776101532
|move|p2a: Lokix|U-turn|p1a: Hatterene
|-damage|p1a: Hatterene|50/100
|
|t:|1776101534
|switch|p2a: Alomomola|Alomomola, M|100/100 par|[from] U-turn
|move|p1a: Hatterene|Nuzzle|p2a: Alomomola
|-supereffective|p2a: Alomomola
|-damage|p2a: Alomomola|95/100 par
|
|-heal|p1a: Hatterene|56/100|[from] item: Leftovers
|upkeep
|turn|8
|
|t:|1776101552
|move|p1a: Hatterene|Pain Split|p2a: Alomomola
|-sethp|p2a: Alomomola|64/100 par|[from] move: Pain Split|[silent]
|-sethp|p1a: Hatterene|100/100|[from] move: Pain Split
|move|p2a: Alomomola|Flip Turn|p1a: Hatterene
|-damage|p1a: Hatterene|88/100
|
|t:|1776101558
|switch|p2a: Lokix|Lokix, M|100/100|[from] Flip Turn
|
|-heal|p1a: Hatterene|94/100|[from] item: Leftovers
|upkeep
|turn|9
|
|t:|1776101574
|move|p2a: Lokix|U-turn|p1a: Hatterene
|-damage|p1a: Hatterene|48/100
|
|t:|1776101580
|switch|p2a: Alomomola|Alomomola, M|98/100 par|[from] U-turn
|move|p1a: Hatterene|Nuzzle|p2a: Alomomola
|-supereffective|p2a: Alomomola
|-damage|p2a: Alomomola|91/100 par
|
|-heal|p1a: Hatterene|54/100|[from] item: Leftovers
|upkeep
|turn|10
|
|t:|1776101600
|move|p1a: Hatterene|Pain Split|p2a: Alomomola
|-sethp|p2a: Alomomola|62/100 par|[from] move: Pain Split|[silent]
|-sethp|p1a: Hatterene|100/100|[from] move: Pain Split
|move|p2a: Alomomola|Flip Turn|p1a: Hatterene
|-damage|p1a: Hatterene|87/100
|
|t:|1776101606
|switch|p2a: Lokix|Lokix, M|100/100|[from] Flip Turn
|
|-heal|p1a: Hatterene|93/100|[from] item: Leftovers
|upkeep
|turn|11
|
|t:|1776101623
|move|p2a: Lokix|U-turn|p1a: Hatterene
|-damage|p1a: Hatterene|52/100
|
|t:|1776101625
|switch|p2a: Great Tusk|Great Tusk|100/100|[from] U-turn
|move|p1a: Hatterene|Nuzzle|p2a: Great Tusk
|-immune|p2a: Great Tusk
|
|-heal|p1a: Hatterene|58/100|[from] item: Leftovers
|upkeep
|turn|12
|
|t:|1776101641
|-end|p2a: Great Tusk|Protosynthesis|[silent]
|switch|p2a: Alomomola|Alomomola, M|95/100 par
|move|p1a: Hatterene|Pain Split|p2a: Alomomola
|-sethp|p2a: Alomomola|65/100 par|[from] move: Pain Split|[silent]
|-sethp|p1a: Hatterene|100/100|[from] move: Pain Split
|
|upkeep
|turn|13
|
|t:|1776101658
|move|p1a: Hatterene|Psychic Noise|p2a: Alomomola
|-damage|p2a: Alomomola|40/100 par
|-start|p2a: Alomomola|move: Heal Block
|cant|p2a: Alomomola|par
|
|upkeep
|turn|14
|
|t:|1776101676
|move|p1a: Hatterene|Psychic Noise|p2a: Alomomola
|-damage|p2a: Alomomola|15/100 par
|cant|p2a: Alomomola|par
|
|-end|p2a: Alomomola|move: Heal Block
|upkeep
|turn|15
|inactive|vzn.exe has 90 seconds left.
|
|t:|1776101694
|switch|p2a: Slowking|Slowking-Galar, F|100/100
|move|p1a: Hatterene|Nuzzle|p2a: Slowking
|-damage|p2a: Slowking|98/100
|-status|p2a: Slowking|par
|
|upkeep
|turn|16
|inactive|vzn.exe has 90 seconds left.
|
|t:|1776101711
|switch|p1a: Kingambit|Kingambit, F|100/100
|-prepare|p2a: Slowking|Chilly Reception|[premajor]
|cant|p2a: Slowking|par
|
|upkeep
|turn|17
|inactive|vzn.exe has 90 seconds left.
|
|t:|1776101728
|switch|p2a: Great Tusk|Great Tusk|100/100
|move|p1a: Kingambit|Kowtow Cleave|p2a: Great Tusk
|-resisted|p2a: Great Tusk
|-crit|p2a: Great Tusk
|-damage|p2a: Great Tusk|83/100
|
|-heal|p2a: Great Tusk|89/100|[from] item: Leftovers
|upkeep
|turn|18
|inactive|w33df1sh has 120 seconds left.
|
|t:|1776101783
|-end|p1a: Kingambit|fallenundefined|[silent]
|switch|p1a: Tornadus|Tornadus-Therian, M|100/100
|move|p2a: Great Tusk|Rapid Spin|p1a: Tornadus
|-damage|p1a: Tornadus|83/100
|-boost|p2a: Great Tusk|spe|1
|
|-heal|p2a: Great Tusk|95/100|[from] item: Leftovers
|upkeep
|turn|19
|
|t:|1776101800
|move|p2a: Great Tusk|Head Smash|p1a: Tornadus
|-supereffective|p1a: Tornadus
|-damage|p1a: Tornadus|0 fnt
|faint|p1a: Tornadus
|-damage|p2a: Great Tusk|62/100|[from] Recoil
|
|-heal|p2a: Great Tusk|69/100|[from] item: Leftovers
|upkeep
|inactive|vzn.exe has 60 seconds left.
|
|t:|1776101817
|switch|p1a: Great Tusk|Great Tusk|100/100
|turn|20
|inactive|vzn.exe has 60 seconds left.
|
|t:|1776101833
|move|p2a: Great Tusk|Bulk Up|p2a: Great Tusk
|-boost|p2a: Great Tusk|atk|1
|-boost|p2a: Great Tusk|def|1
|move|p1a: Great Tusk|Stealth Rock|p2a: Great Tusk
|-sidestart|p2: w33df1sh|move: Stealth Rock
|
|-heal|p2a: Great Tusk|75/100|[from] item: Leftovers
|upkeep
|turn|21
|inactive|vzn.exe has 60 seconds left.
|inactive|w33df1sh has 120 seconds left.
|inactive|w33df1sh has 90 seconds left.
|
|t:|1776101882
|move|p2a: Great Tusk|Bulk Up|p2a: Great Tusk
|-boost|p2a: Great Tusk|atk|1
|-boost|p2a: Great Tusk|def|1
|move|p1a: Great Tusk|Ice Spinner|p2a: Great Tusk
|-supereffective|p2a: Great Tusk
|-damage|p2a: Great Tusk|62/100
|
|-heal|p2a: Great Tusk|69/100|[from] item: Leftovers
|upkeep
|turn|22
|
|t:|1776101891
|move|p2a: Great Tusk|Rapid Spin|p1a: Great Tusk
|-damage|p1a: Great Tusk|81/100
|-boost|p2a: Great Tusk|spe|1
|-damage|p2a: Great Tusk|52/100|[from] item: Rocky Helmet|[of] p1a: Great Tusk
|-sideend|p2: w33df1sh|Stealth Rock|[from] move: Rapid Spin|[of] p2a: Great Tusk
|move|p1a: Great Tusk|Ice Spinner|p2a: Great Tusk
|-supereffective|p2a: Great Tusk
|-damage|p2a: Great Tusk|40/100
|
|-heal|p2a: Great Tusk|46/100|[from] item: Leftovers
|upkeep
|turn|23
|
|t:|1776101901
|move|p2a: Great Tusk|Earthquake|p1a: Great Tusk
|-damage|p1a: Great Tusk|25/100
|move|p1a: Great Tusk|Stealth Rock|p2a: Great Tusk
|-sidestart|p2: w33df1sh|move: Stealth Rock
|
|-heal|p2a: Great Tusk|53/100|[from] item: Leftovers
|upkeep
|turn|24
|
|t:|1776101910
|-end|p1a: Great Tusk|Protosynthesis|[silent]
|switch|p1a: Hatterene|Hatterene, F|100/100
|move|p2a: Great Tusk|Rapid Spin|p1a: Hatterene
|-damage|p1a: Hatterene|77/100
|-boost|p2a: Great Tusk|spe|1
|-sideend|p2: w33df1sh|Stealth Rock|[from] move: Rapid Spin|[of] p2a: Great Tusk
|
|-heal|p2a: Great Tusk|59/100|[from] item: Leftovers
|-heal|p1a: Hatterene|83/100|[from] item: Leftovers
|upkeep
|turn|25
|
|t:|1776101921
|move|p2a: Great Tusk|Earthquake|p1a: Hatterene
|-damage|p1a: Hatterene|9/100
|move|p1a: Hatterene|Psychic Noise|p2a: Great Tusk
|-supereffective|p2a: Great Tusk
|-damage|p2a: Great Tusk|0 fnt
|faint|p2a: Great Tusk
|-end|p2a: Great Tusk|Protosynthesis|[silent]
|
|-heal|p1a: Hatterene|15/100|[from] item: Leftovers
|upkeep
|
|t:|1776101925
|switch|p2a: Lokix|Lokix, M|100/100
|turn|26
|inactive|vzn.exe has 90 seconds left.
|
|t:|1776101942
|switch|p1a: Great Tusk|Great Tusk|25/100
|move|p2a: Lokix|U-turn|p1a: Great Tusk
|-resisted|p1a: Great Tusk
|-damage|p1a: Great Tusk|0 fnt
|-damage|p2a: Lokix|84/100|[from] item: Rocky Helmet|[of] p1a: Great Tusk
|faint|p1a: Great Tusk
|-end|p1a: Great Tusk|Protosynthesis|[silent]
|inactive|w33df1sh has 120 seconds left.
|inactive|w33df1sh has 90 seconds left.
|
|t:|1776102005
|switch|p2a: Enamorus|Enamorus, F|100/100|[from] U-turn
|
|upkeep
|
|t:|1776102021
|switch|p1a: Cinderace|Cinderace, M|100/100
|turn|27
|inactive|w33df1sh has 60 seconds left.
|
|t:|1776102070
|move|p2a: Enamorus|Earth Power|p1a: Cinderace
|-supereffective|p1a: Cinderace
|-damage|p1a: Cinderace|0 fnt
|faint|p1a: Cinderace
|
|upkeep
|inactive|vzn.exe has 60 seconds left.
|
|t:|1776102087
|switch|p1a: Kyurem|Kyurem|100/100
|-ability|p1a: Kyurem|Pressure
|turn|28
|inactive|vzn.exe has 60 seconds left.
|
|t:|1776102106
|switch|p2a: Slowking|Slowking-Galar, F|100/100 par
|move|p1a: Kyurem|Ice Beam|p2a: Slowking
|-damage|p2a: Slowking|45/100 par
|
|upkeep
|turn|29
|inactive|vzn.exe has 60 seconds left.
|inactive|w33df1sh has 30 seconds left.
|
|t:|1776102126
|move|p1a: Kyurem|Ice Beam|p2a: Slowking
|-damage|p2a: Slowking|0 fnt
|faint|p2a: Slowking
|
|upkeep
|
|t:|1776102128
|switch|p2a: Alomomola|Alomomola, M|48/100 par
|turn|30
|inactive|vzn.exe has 60 seconds left.
|
|t:|1776102145
|switch|p1a: Kingambit|Kingambit, F|100/100
|-activate|p1a: Kingambit|ability: Supreme Overlord
|-start|p1a: Kingambit|fallen3|[silent]
|cant|p2a: Alomomola|par
|
|upkeep
|turn|31
|
|t:|1776102170
|switch|p2a: Cinderace|Cinderace, F|100/100
|move|p1a: Kingambit|Swords Dance|p1a: Kingambit
|-boost|p1a: Kingambit|atk|2
|
|upkeep
|turn|32
|
|t:|1776102178
|move|p1a: Kingambit|Sucker Punch||[still]
|-fail|p1a: Kingambit
|move|p2a: Cinderace|Will-O-Wisp|p1a: Kingambit
|-status|p1a: Kingambit|brn
|
|-damage|p1a: Kingambit|94/100 brn|[from] brn
|upkeep
|turn|33
|
|t:|1776102187
|move|p2a: Cinderace|Pyro Ball|p1a: Kingambit
|-supereffective|p1a: Kingambit
|-damage|p1a: Kingambit|25/100 brn
|move|p1a: Kingambit|Kowtow Cleave|p2a: Cinderace
|-damage|p2a: Cinderace|20/100
|
|-heal|p1a: Kingambit|31/100 brn|[from] item: Leftovers
|-damage|p1a: Kingambit|25/100 brn|[from] brn
|upkeep
|turn|34
|inactive|vzn.exe has 60 seconds left.
|
|t:|1776102199
|switch|p2a: Alomomola|Alomomola, M|82/100 par
|-end|p1a: Kingambit|fallen3|[silent]
|switch|p1a: Kyurem|Kyurem|100/100
|-ability|p1a: Kyurem|Pressure
|
|upkeep
|turn|35
|inactive|vzn.exe has 60 seconds left.
|
|t:|1776102215
|switch|p1a: Hatterene|Hatterene, F|15/100
|move|p2a: Alomomola|Mirror Coat||[still]
|-fail|p2a: Alomomola
|
|-heal|p1a: Hatterene|21/100|[from] item: Leftovers
|upkeep
|turn|36
|inactive|vzn.exe has 60 seconds left.
|inactive|w33df1sh has 60 seconds left.
|
|t:|1776102240
|move|p1a: Hatterene|Nuzzle|p2a: Alomomola
|-supereffective|p2a: Alomomola
|-damage|p2a: Alomomola|75/100 par
|move|p2a: Alomomola|Flip Turn|p1a: Hatterene
|-damage|p1a: Hatterene|9/100
|
|t:|1776102243
|switch|p2a: Lokix|Lokix, M|84/100|[from] Flip Turn
|
|-heal|p1a: Hatterene|15/100|[from] item: Leftovers
|upkeep
|turn|37
|inactive|vzn.exe has 60 seconds left.
|
|t:|1776102259
|switch|p1a: Kyurem|Kyurem|100/100
|-ability|p1a: Kyurem|Pressure
|move|p2a: Lokix|U-turn|p1a: Kyurem
|-damage|p1a: Kyurem|49/100
|inactive|w33df1sh has 60 seconds left.
|inactive|w33df1sh has 30 seconds left.
|
|t:|1776102304
|switch|p2a: Enamorus|Enamorus, F|100/100|[from] U-turn
|
|upkeep
|turn|38
|inactive|vzn.exe has 60 seconds left.
|inactive|w33df1sh has 30 seconds left.
|
|t:|1776102319
|-terastallize|p2a: Enamorus|Stellar
|move|p2a: Enamorus|Tera Blast|p1a: Kyurem|[anim] Tera Blast Stellar
|-damage|p1a: Kyurem|1/100
|-boost|p2a: Enamorus|atk|1
|-boost|p2a: Enamorus|spa|1
|move|p1a: Kyurem|Freeze-Dry|p2a: Enamorus
|-supereffective|p2a: Enamorus
|-damage|p2a: Enamorus|0 fnt
|faint|p2a: Enamorus
|
|upkeep
|inactive|w33df1sh has 30 seconds left this turn.
|
|t:|1776102328
|switch|p2a: Cinderace|Cinderace, F|20/100
|turn|39
|inactive|vzn.exe has 60 seconds left.
|
|t:|1776102343
|move|p2a: Cinderace|U-turn|p1a: Kyurem
|-damage|p1a: Kyurem|0 fnt
|faint|p1a: Kyurem
|
|t:|1776102347
|switch|p2a: Lokix|Lokix, M|84/100|[from] U-turn
|
|upkeep
|inactive|vzn.exe has 60 seconds left.
|
|t:|1776102360
|switch|p1a: Hatterene|Hatterene, F|15/100
|turn|40
|inactive|vzn.exe has 60 seconds left.
|
|t:|1776102370
|move|p2a: Lokix|Leech Life|p1a: Hatterene
|-damage|p1a: Hatterene|0 fnt
|-heal|p2a: Lokix|92/100|[from] drain|[of] p1a: Hatterene
|faint|p1a: Hatterene
|
|upkeep
|
|t:|1776102378
|switch|p1a: Kingambit|Kingambit, F|25/100 brn
|-activate|p1a: Kingambit|ability: Supreme Overlord
|-start|p1a: Kingambit|fallen5|[silent]
|turn|41
|inactive|w33df1sh has 60 seconds left.
|
|t:|1776102408
|move|p1a: Kingambit|Sucker Punch|p2a: Lokix
|-resisted|p2a: Lokix
|-damage|p2a: Lokix|71/100
|move|p2a: Lokix|Leech Life|p1a: Kingambit
|-damage|p1a: Kingambit|0 fnt
|-heal|p2a: Lokix|88/100|[from] drain|[of] p1a: Kingambit
|faint|p1a: Kingambit
|-end|p1a: Kingambit|fallen5|[silent]
|
|win|w33df1sh
|raw|vzn.exe's rating: 1524 &rarr; <strong>1503</strong><br />(-21 for losing)
|raw|w33df1sh's rating: 1510 &rarr; <strong>1531</strong><br />(+21 for winning)
