|html|<div class="broadcast-blue"><strong>[Gen 9] OU is currently suspecting Tera Blast! For information on how to participate check out the <a href="https://www.smogon.com/tools/suspects/view/200">suspect thread</a>.</strong></div>
|j|☆tgdztg
|j|☆Nullo0s
|t:|1776087390
|gametype|singles
|player|p1|tgdztg|harlequin|1183
|player|p2|Nullo0s|1|1162
|gen|9
|tier|[Gen 9] OU
|rated|
|rule|HP Percentage Mod: HP is shown in percentages
|rule|Endless Battle Clause: Forcing endless battles is banned
|rule|Species Clause: Limit one of each Pokémon
|rule|OHKO Clause: OHKO moves are banned
|rule|Evasion Items Clause: Evasion items are banned
|rule|Evasion Moves Clause: Evasion moves are banned
|rule|Evasion Abilities Clause: Evasion abilities are banned
|rule|Sleep Moves Clause: Sleep-inducing moves are banned
|clearpoke
|poke|p1|Darkrai|
|poke|p1|Great Tusk|
|poke|p1|Tornadus-Therian, M|
|poke|p1|Raging Bolt|
|poke|p1|Iron Crown|
|poke|p1|Ogerpon-Wellspring, F|
|poke|p2|Rillaboom, M|
|poke|p2|Blaziken, M|
|poke|p2|Landorus-Therian, M|
|poke|p2|Dragapult, F|
|poke|p2|Enamorus, F|
|poke|p2|Garganacl, F|
|teampreview
|
|t:|1776087410
|teamsize|p1|6
|teamsize|p2|6
|start
|switch|p1a: Great Tusk|Great Tusk|100/100
|switch|p2a: Rillaboom|Rillaboom, M|100/100
|-fieldstart|move: Grassy Terrain|[from] ability: Grassy Surge|[of] p2a: Rillaboom
|turn|1
|
|t:|1776087422
|-end|p1a: Great Tusk|Protosynthesis|[silent]
|switch|p1a: Tornadus|Tornadus-Therian, M|100/100
|move|p2a: Rillaboom|Wood Hammer|p1a: Tornadus
|-resisted|p1a: Tornadus
|-damage|p1a: Tornadus|29/100
|-damage|p2a: Rillaboom|76/100|[from] Recoil
|
|-heal|p2a: Rillaboom|82/100|[from] Grassy Terrain
|upkeep
|turn|2
|
|t:|1776087436
|switch|p2a: Garganacl|Garganacl, F|100/100
|move|p1a: Tornadus|Knock Off|p2a: Garganacl
|-damage|p2a: Garganacl|87/100
|-damage|p1a: Tornadus|12/100|[from] item: Rocky Helmet|[of] p2a: Garganacl
|-enditem|p2a: Garganacl|Rocky Helmet|[from] move: Knock Off|[of] p1a: Tornadus
|
|-heal|p2a: Garganacl|93/100|[from] Grassy Terrain
|upkeep
|turn|3
|
|t:|1776087452
|switch|p1a: Iron Crown|Iron Crown|100/100
|-enditem|p1a: Iron Crown|Booster Energy
|-activate|p1a: Iron Crown|ability: Quark Drive|[fromitem]
|-start|p1a: Iron Crown|quarkdrivespa
|move|p2a: Garganacl|Iron Defense|p2a: Garganacl
|-boost|p2a: Garganacl|def|2
|
|-heal|p2a: Garganacl|99/100|[from] Grassy Terrain
|upkeep
|turn|4
|
|t:|1776087465
|move|p1a: Iron Crown|Tachyon Cutter|p2a: Garganacl
|-supereffective|p2a: Garganacl
|-damage|p2a: Garganacl|54/100
|-supereffective|p2a: Garganacl
|-damage|p2a: Garganacl|8/100
|-hitcount|p2a: Garganacl|2
|move|p2a: Garganacl|Salt Cure|p1a: Iron Crown
|-resisted|p1a: Iron Crown
|-damage|p1a: Iron Crown|93/100
|-start|p1a: Iron Crown|Salt Cure
|
|-heal|p1a: Iron Crown|99/100|[from] Grassy Terrain
|-heal|p2a: Garganacl|14/100|[from] Grassy Terrain
|-damage|p1a: Iron Crown|74/100|[from] Salt Cure
|upkeep
|turn|5
|
|t:|1776087495
|switch|p2a: Landorus|Landorus-Therian, M|100/100
|-ability|p2a: Landorus|Intimidate|boost
|-unboost|p1a: Iron Crown|atk|1
|move|p1a: Iron Crown|Volt Switch|p2a: Landorus
|-immune|p2a: Landorus
|
|-heal|p1a: Iron Crown|81/100|[from] Grassy Terrain
|-damage|p1a: Iron Crown|56/100|[from] Salt Cure
|-fieldend|move: Grassy Terrain
|upkeep
|turn|6
|
|t:|1776087515
|-end|p1a: Iron Crown|Quark Drive|[silent]
|switch|p1a: Tornadus|Tornadus-Therian, M|45/100
|move|p2a: Landorus|U-turn|p1a: Tornadus
|-resisted|p1a: Tornadus
|-damage|p1a: Tornadus|30/100
|
|t:|1776087525
|switch|p2a: Rillaboom|Rillaboom, M|82/100|[from] U-turn
|-fieldstart|move: Grassy Terrain|[from] ability: Grassy Surge|[of] p2a: Rillaboom
|
|-heal|p2a: Rillaboom|88/100|[from] Grassy Terrain
|upkeep
|turn|7
|
|t:|1776087533
|move|p2a: Rillaboom|Grassy Glide|p1a: Tornadus
|-resisted|p1a: Tornadus
|-damage|p1a: Tornadus|1/100
|move|p1a: Tornadus|U-turn|p2a: Rillaboom
|-supereffective|p2a: Rillaboom
|-damage|p2a: Rillaboom|57/100
|
|t:|1776087541
|switch|p1a: Darkrai|Darkrai|100/100|[from] U-turn
|
|-heal|p2a: Rillaboom|63/100|[from] Grassy Terrain
|upkeep
|turn|8
|
|t:|1776087552
|switch|p2a: Landorus|Landorus-Therian, M|100/100
|-ability|p2a: Landorus|Intimidate|boost
|-unboost|p1a: Darkrai|atk|1
|move|p1a: Darkrai|Dark Pulse|p2a: Landorus
|-damage|p2a: Landorus|12/100
|
|upkeep
|turn|9
|
|t:|1776087563
|switch|p2a: Enamorus|Enamorus, F|100/100
|move|p1a: Darkrai|Dark Pulse|p2a: Enamorus
|-resisted|p2a: Enamorus
|-damage|p2a: Enamorus|52/100
|
|upkeep
|turn|10
|
|t:|1776087572
|-terastallize|p1a: Darkrai|Poison
|move|p2a: Enamorus|Moonblast|p1a: Darkrai
|-resisted|p1a: Darkrai
|-damage|p1a: Darkrai|68/100
|-unboost|p1a: Darkrai|spa|1
|move|p1a: Darkrai|Dark Pulse|p2a: Enamorus
|-resisted|p2a: Enamorus
|-crit|p2a: Enamorus
|-damage|p2a: Enamorus|0 fnt
|faint|p2a: Enamorus
|
|-heal|p1a: Darkrai|74/100|[from] Grassy Terrain
|-fieldend|move: Grassy Terrain
|upkeep
|c|☆Nullo0s|bro
|
|t:|1776087595
|switch|p2a: Blaziken|Blaziken, M|100/100
|turn|11
|
|t:|1776087602
|move|p1a: Darkrai|Dark Pulse|p2a: Blaziken
|-resisted|p2a: Blaziken
|-damage|p2a: Blaziken|69/100
|move|p2a: Blaziken|Swords Dance|p2a: Blaziken
|-boost|p2a: Blaziken|atk|2
|
|-ability|p2a: Blaziken|Speed Boost|boost
|-boost|p2a: Blaziken|spe|1
|upkeep
|turn|12
|
|t:|1776087615
|move|p2a: Blaziken|Protect|p2a: Blaziken
|-singleturn|p2a: Blaziken|Protect
|move|p1a: Darkrai|Dark Pulse|p2a: Blaziken
|-activate|p2a: Blaziken|move: Protect
|
|-ability|p2a: Blaziken|Speed Boost|boost
|-boost|p2a: Blaziken|spe|1
|upkeep
|turn|13
|
|t:|1776087622
|move|p2a: Blaziken|Close Combat|p1a: Darkrai
|-resisted|p1a: Darkrai
|-damage|p1a: Darkrai|0 fnt
|-unboost|p2a: Blaziken|def|1
|-unboost|p2a: Blaziken|spd|1
|faint|p1a: Darkrai
|
|-ability|p2a: Blaziken|Speed Boost|boost
|-boost|p2a: Blaziken|spe|1
|upkeep
|
|t:|1776087631
|switch|p1a: Raging Bolt|Raging Bolt|100/100
|turn|14
|
|t:|1776087634
|move|p1a: Raging Bolt|Thunderclap|p2a: Blaziken
|-damage|p2a: Blaziken|0 fnt
|faint|p2a: Blaziken
|
|upkeep
|
|t:|1776087645
|switch|p2a: Dragapult|Dragapult, F|100/100
|turn|15
|
|t:|1776087653
|-end|p1a: Raging Bolt|Protosynthesis|[silent]
|switch|p1a: Ogerpon|Ogerpon-Wellspring, F|100/100
|move|p2a: Dragapult|Dragon Darts|p1a: Ogerpon
|-damage|p1a: Ogerpon|73/100
|-anim|p2a: Dragapult|Dragon Darts|p1a: Ogerpon
|-damage|p1a: Ogerpon|47/100
|
|upkeep
|turn|16
|
|t:|1776087662
|move|p2a: Dragapult|Dragon Darts|p1a: Ogerpon
|-damage|p1a: Ogerpon|19/100
|-anim|p2a: Dragapult|Dragon Darts|p1a: Ogerpon
|-damage|p1a: Ogerpon|0 fnt
|faint|p1a: Ogerpon
|
|upkeep
|
|t:|1776087673
|switch|p1a: Great Tusk|Great Tusk|100/100
|turn|17
|
|t:|1776087678
|move|p2a: Dragapult|Will-O-Wisp|p1a: Great Tusk|[miss]
|-miss|p2a: Dragapult|p1a: Great Tusk
|move|p1a: Great Tusk|Ice Spinner|p2a: Dragapult
|-supereffective|p2a: Dragapult
|-damage|p2a: Dragapult|15/100
|
|upkeep
|turn|18
|
|t:|1776087686
|move|p2a: Dragapult|Will-O-Wisp|p1a: Great Tusk
|-status|p1a: Great Tusk|brn
|move|p1a: Great Tusk|Ice Spinner|p2a: Dragapult
|-supereffective|p2a: Dragapult
|-damage|p2a: Dragapult|0 fnt
|faint|p2a: Dragapult
|
|-damage|p1a: Great Tusk|94/100 brn|[from] brn
|upkeep
|
|t:|1776087692
|switch|p2a: Landorus|Landorus-Therian, M|12/100
|-ability|p2a: Landorus|Intimidate|boost
|-unboost|p1a: Great Tusk|atk|1
|turn|19
|
|t:|1776087701
|move|p2a: Landorus|Earthquake|p1a: Great Tusk
|-damage|p1a: Great Tusk|59/100 brn
|move|p1a: Great Tusk|Stealth Rock|p2a: Landorus
|-sidestart|p2: Nullo0s|move: Stealth Rock
|
|-heal|p1a: Great Tusk|65/100 brn|[from] item: Leftovers
|-damage|p1a: Great Tusk|59/100 brn|[from] brn
|upkeep
|turn|20
|
|t:|1776087708
|move|p2a: Landorus|Earthquake|p1a: Great Tusk
|-damage|p1a: Great Tusk|23/100 brn
|move|p1a: Great Tusk|Ice Spinner|p2a: Landorus
|-supereffective|p2a: Landorus
|-damage|p2a: Landorus|0 fnt
|-damage|p1a: Great Tusk|7/100 brn|[from] item: Rocky Helmet|[of] p2a: Landorus
|faint|p2a: Landorus
|
|-heal|p1a: Great Tusk|13/100 brn|[from] item: Leftovers
|-damage|p1a: Great Tusk|7/100 brn|[from] brn
|upkeep
|
|t:|1776087713
|switch|p2a: Garganacl|Garganacl, F|14/100
|-damage|p2a: Garganacl|2/100|[from] Stealth Rock
|turn|21
|
|t:|1776087721
|move|p1a: Great Tusk|Earthquake|p2a: Garganacl
|-supereffective|p2a: Garganacl
|-damage|p2a: Garganacl|0 fnt
|faint|p2a: Garganacl
|
|-heal|p1a: Great Tusk|13/100 brn|[from] item: Leftovers
|-damage|p1a: Great Tusk|7/100 brn|[from] brn
|upkeep
|
|t:|1776087727
|switch|p2a: Rillaboom|Rillaboom, M|63/100
|-damage|p2a: Rillaboom|51/100|[from] Stealth Rock
|-fieldstart|move: Grassy Terrain|[from] ability: Grassy Surge|[of] p2a: Rillaboom
|turn|22
|
|t:|1776087740
|-terastallize|p2a: Rillaboom|Grass
|move|p2a: Rillaboom|Drain Punch|p1a: Great Tusk
|-damage|p1a: Great Tusk|0 fnt
|-heal|p2a: Rillaboom|55/100|[from] drain|[of] p1a: Great Tusk
|faint|p1a: Great Tusk
|-end|p1a: Great Tusk|Protosynthesis|[silent]
|
|-heal|p2a: Rillaboom|61/100|[from] Grassy Terrain
|upkeep
|
|t:|1776087751
|switch|p1a: Raging Bolt|Raging Bolt|100/100
|turn|23
|
|t:|1776087755
|move|p2a: Rillaboom|Drain Punch|p1a: Raging Bolt
|-damage|p1a: Raging Bolt|70/100
|-heal|p2a: Rillaboom|81/100|[from] drain|[of] p1a: Raging Bolt
|move|p1a: Raging Bolt|Dragon Pulse|p2a: Rillaboom
|-damage|p2a: Rillaboom|10/100
|
|-heal|p2a: Rillaboom|16/100|[from] Grassy Terrain
|-heal|p1a: Raging Bolt|76/100|[from] Grassy Terrain
|upkeep
|turn|24
|
|t:|1776087764
|move|p2a: Rillaboom|Drain Punch|p1a: Raging Bolt
|-damage|p1a: Raging Bolt|47/100
|-heal|p2a: Rillaboom|36/100|[from] drain|[of] p1a: Raging Bolt
|move|p1a: Raging Bolt|Dragon Pulse|p2a: Rillaboom
|-crit|p2a: Rillaboom
|-damage|p2a: Rillaboom|0 fnt
|faint|p2a: Rillaboom
|
|win|tgdztg
|raw|tgdztg's rating: 1183 &rarr; <strong>1206</strong><br />(+23 for winning)
|raw|Nullo0s's rating: 1162 &rarr; <strong>1139</strong><br />(-23 for losing)
|c|☆Nullo0s|gg
|l|☆Nullo0s
|player|p2|
