|html|<div class="broadcast-blue"><strong>[Gen 9] OU is currently suspecting Tera Blast! For information on how to participate check out the <a href="https://www.smogon.com/tools/suspects/view/200">suspect thread</a>.</strong></div>
|j|☆Ihave18iq
|j|☆cuckalicious
|t:|1776108196
|gametype|singles
|player|p1|Ihave18iq|1|1407
|player|p2|cuckalicious|marley|1436
|gen|9
|tier|[Gen 9] OU
|rated|
|rule|HP Percentage Mod: HP is shown in percentages
|rule|Endless Battle Clause: Forcing endless battles is banned
|rule|Species Clause: Limit one of each Pokémon
|rule|OHKO Clause: OHKO moves are banned
|rule|Evasion Items Clause: Evasion items are banned
|rule|Evasion Moves Clause: Evasion moves are banned
|rule|Evasion Abilities Clause: Evasion abilities are banned
|rule|Sleep Moves Clause: Sleep-inducing moves are banned
|clearpoke
|poke|p1|Slowking-Galar, F|
|poke|p1|Ting-Lu|
|poke|p1|Hydrapple, M|
|poke|p1|Corviknight, F|
|poke|p1|Cinderace, M|
|poke|p1|Dondozo, M|
|poke|p2|Quagsire, M|
|poke|p2|Gholdengo|
|poke|p2|Dugtrio, F|
|poke|p2|Porygon2|
|poke|p2|Gengar, M|
|poke|p2|Granbull, F|
|teampreview
|
|t:|1776108203
|teamsize|p1|6
|teamsize|p2|6
|start
|switch|p1a: Hydrapple|Hydrapple, M|100/100
|switch|p2a: Gengar|Gengar, M|100/100
|turn|1
|
|t:|1776108207
|move|p2a: Gengar|Trick|p1a: Hydrapple
|-activate|p2a: Gengar|move: Trick|[of] p1a: Hydrapple
|-item|p1a: Hydrapple|Choice Scarf|[from] move: Trick
|-item|p2a: Gengar|Leftovers|[from] move: Trick
|move|p1a: Hydrapple|Earth Power|p2a: Gengar
|-supereffective|p2a: Gengar
|-damage|p2a: Gengar|15/100
|-start|p1a: Hydrapple|Disable|Earth Power|[from] ability: Cursed Body|[of] p2a: Gengar
|
|-heal|p2a: Gengar|21/100|[from] item: Leftovers
|upkeep
|turn|2
|inactive|Battle timer is ON: inactive players will automatically lose when time's up. (requested by cuckalicious)
|
|t:|1776108232
|switch|p1a: Ting-Lu|Ting-Lu|100/100
|-ability|p1a: Ting-Lu|Vessel of Ruin
|move|p2a: Gengar|Focus Blast|p1a: Ting-Lu
|-supereffective|p1a: Ting-Lu
|-damage|p1a: Ting-Lu|63/100
|
|-heal|p2a: Gengar|27/100|[from] item: Leftovers
|-heal|p1a: Ting-Lu|69/100|[from] item: Leftovers
|upkeep
|turn|3
|
|t:|1776108242
|switch|p2a: Quagsire|Quagsire, M|100/100
|move|p1a: Ting-Lu|Earthquake|p2a: Quagsire
|-damage|p2a: Quagsire|72/100
|
|-heal|p1a: Ting-Lu|75/100|[from] item: Leftovers
|-heal|p2a: Quagsire|78/100|[from] item: Leftovers
|upkeep
|turn|4
|
|t:|1776108253
|switch|p1a: Hydrapple|Hydrapple, M|100/100
|move|p2a: Quagsire|Spikes|p1a: Hydrapple
|-sidestart|p1: Ihave18iq|Spikes
|
|-heal|p2a: Quagsire|85/100|[from] item: Leftovers
|upkeep
|turn|5
|
|t:|1776108261
|switch|p2a: Porygon2|Porygon2|100/100
|-ability|p2a: Porygon2|Download|boost
|-boost|p2a: Porygon2|spa|1
|move|p1a: Hydrapple|Giga Drain|p2a: Porygon2
|-damage|p2a: Porygon2|80/100
|
|upkeep
|turn|6
|
|t:|1776108281
|switch|p1a: Corviknight|Corviknight, F, shiny|100/100
|-ability|p1a: Corviknight|Pressure
|switch|p2a: Dugtrio|Dugtrio, F|100/100
|
|upkeep
|turn|7
|
|t:|1776108287
|switch|p2a: Gholdengo|Gholdengo|100/100
|-item|p2a: Gholdengo|Air Balloon
|move|p1a: Corviknight|Iron Defense|p1a: Corviknight
|-boost|p1a: Corviknight|def|2
|
|upkeep
|turn|8
|
|t:|1776108300
|switch|p2a: Granbull|Granbull, F|100/100
|-ability|p2a: Granbull|Intimidate|boost
|-unboost|p1a: Corviknight|atk|1
|switch|p1a: Ting-Lu|Ting-Lu|75/100
|-damage|p1a: Ting-Lu|63/100|[from] Spikes
|-ability|p1a: Ting-Lu|Vessel of Ruin
|
|-heal|p1a: Ting-Lu|69/100|[from] item: Leftovers
|upkeep
|turn|9
|
|t:|1776108306
|switch|p1a: Corviknight|Corviknight, F, shiny|100/100
|-ability|p1a: Corviknight|Pressure
|move|p2a: Granbull|Play Rough|p1a: Corviknight
|-resisted|p1a: Corviknight
|-damage|p1a: Corviknight|89/100
|-damage|p2a: Granbull|84/100|[from] item: Rocky Helmet|[of] p1a: Corviknight
|
|-heal|p2a: Granbull|90/100|[from] item: Leftovers
|upkeep
|turn|10
|
|t:|1776108321
|switch|p1a: Cinderace|Cinderace, M|100/100
|move|p2a: Granbull|Super Fang|p1a: Cinderace
|-damage|p1a: Cinderace|51/100
|
|-heal|p2a: Granbull|96/100|[from] item: Leftovers
|upkeep
|turn|11
|
|t:|1776108327
|move|p1a: Cinderace|Will-O-Wisp|p2a: Granbull|[miss]
|-miss|p1a: Cinderace|p2a: Granbull
|move|p2a: Granbull|Thunder Wave|p1a: Cinderace
|-status|p1a: Cinderace|par
|
|-heal|p2a: Granbull|100/100|[from] item: Leftovers
|upkeep
|turn|12
|
|t:|1776108332
|switch|p2a: Quagsire|Quagsire, M|85/100
|move|p1a: Cinderace|Pyro Ball|p2a: Quagsire
|-resisted|p2a: Quagsire
|-crit|p2a: Quagsire
|-damage|p2a: Quagsire|57/100
|-status|p2a: Quagsire|brn
|
|-heal|p2a: Quagsire|63/100 brn|[from] item: Leftovers
|-damage|p2a: Quagsire|57/100 brn|[from] brn
|upkeep
|turn|13
|
|t:|1776108337
|move|p1a: Cinderace|U-turn|p2a: Quagsire
|-damage|p2a: Quagsire|43/100 brn
|
|t:|1776108344
|switch|p1a: Hydrapple|Hydrapple, M|100/100|[from] U-turn
|-damage|p1a: Hydrapple|88/100|[from] Spikes
|move|p2a: Quagsire|Recover|p2a: Quagsire
|-heal|p2a: Quagsire|93/100 brn
|
|-heal|p2a: Quagsire|99/100 brn|[from] item: Leftovers
|-damage|p2a: Quagsire|93/100 brn|[from] brn
|upkeep
|turn|14
|
|t:|1776108357
|switch|p2a: Dugtrio|Dugtrio, F|100/100
|move|p1a: Hydrapple|Fickle Beam|p2a: Dugtrio
|-damage|p2a: Dugtrio|22/100
|
|upkeep
|turn|15
|
|t:|1776108365
|switch|p1a: Corviknight|Corviknight, F, shiny|89/100
|-ability|p1a: Corviknight|Pressure
|move|p2a: Dugtrio|Endeavor|p1a: Corviknight
|-damage|p1a: Corviknight|12/100
|-damage|p2a: Dugtrio|6/100|[from] item: Rocky Helmet|[of] p1a: Corviknight
|
|upkeep
|turn|16
|c|☆Ihave18iq|wth this team
|c|☆cuckalicious|my friend made it for me
|c|☆cuckalicious|who doesn't play
|c|☆cuckalicious|its all his favourites
|c|☆Ihave18iq|lol
|
|t:|1776108392
|move|p2a: Dugtrio|Stealth Rock|p1a: Corviknight
|-sidestart|p1: Ihave18iq|move: Stealth Rock
|move|p1a: Corviknight|Roost|p1a: Corviknight
|-heal|p1a: Corviknight|62/100
|-singleturn|p1a: Corviknight|move: Roost
|
|upkeep
|turn|17
|
|t:|1776108399
|move|p2a: Dugtrio|Endeavor|p1a: Corviknight
|-damage|p1a: Corviknight|3/100
|-damage|p2a: Dugtrio|0 fnt|[from] item: Rocky Helmet|[of] p1a: Corviknight
|faint|p2a: Dugtrio
|move|p1a: Corviknight|Roost|p1a: Corviknight
|-heal|p1a: Corviknight|53/100
|-singleturn|p1a: Corviknight|move: Roost
|
|upkeep
|
|t:|1776108403
|switch|p2a: Gholdengo|Gholdengo|100/100
|-item|p2a: Gholdengo|Air Balloon
|turn|18
|
|t:|1776108423
|switch|p1a: Ting-Lu|Ting-Lu|69/100
|-damage|p1a: Ting-Lu|57/100|[from] Spikes
|-damage|p1a: Ting-Lu|50/100|[from] Stealth Rock
|-ability|p1a: Ting-Lu|Vessel of Ruin
|move|p2a: Gholdengo|Make It Rain|p1a: Ting-Lu
|-crit|p1a: Ting-Lu
|-damage|p1a: Ting-Lu|18/100
|-unboost|p2a: Gholdengo|spa|1
|
|-heal|p1a: Ting-Lu|24/100|[from] item: Leftovers
|upkeep
|turn|19
|
|t:|1776108440
|switch|p2a: Quagsire|Quagsire, M|93/100 brn
|move|p1a: Ting-Lu|Rest|p1a: Ting-Lu
|-status|p1a: Ting-Lu|slp|[from] move: Rest
|-heal|p1a: Ting-Lu|100/100 slp|[silent]
|
|-heal|p2a: Quagsire|99/100 brn|[from] item: Leftovers
|-damage|p2a: Quagsire|93/100 brn|[from] brn
|upkeep
|turn|20
|
|t:|1776108447
|switch|p1a: Cinderace|Cinderace, M|51/100 par
|move|p2a: Quagsire|Surf|p1a: Cinderace
|-supereffective|p1a: Cinderace
|-damage|p1a: Cinderace|0 fnt
|faint|p1a: Cinderace
|
|-heal|p2a: Quagsire|99/100 brn|[from] item: Leftovers
|-damage|p2a: Quagsire|93/100 brn|[from] brn
|upkeep
|
|t:|1776108457
|switch|p1a: Corviknight|Corviknight, F, shiny|53/100
|-damage|p1a: Corviknight|41/100|[from] Stealth Rock
|-ability|p1a: Corviknight|Pressure
|turn|21
|
|t:|1776108462
|switch|p2a: Gholdengo|Gholdengo|100/100
|-item|p2a: Gholdengo|Air Balloon
|move|p1a: Corviknight|Roost|p1a: Corviknight
|-heal|p1a: Corviknight|91/100
|-singleturn|p1a: Corviknight|move: Roost
|
|upkeep
|turn|22
|
|t:|1776108474
|switch|p2a: Quagsire|Quagsire, M|93/100 brn
|move|p1a: Corviknight|Defog|p2a: Quagsire
|-unboost|p2a: Quagsire|evasion|1
|-sideend|p1: Ihave18iq|Spikes|[from] move: Defog|[of] p1a: Corviknight
|-sideend|p1: Ihave18iq|Stealth Rock|[from] move: Defog|[of] p1a: Corviknight
|
|-heal|p2a: Quagsire|99/100 brn|[from] item: Leftovers
|-damage|p2a: Quagsire|93/100 brn|[from] brn
|upkeep
|turn|23
|
|t:|1776108499
|switch|p1a: Hydrapple|Hydrapple, M|100/100
|move|p2a: Quagsire|Spikes|p1a: Hydrapple
|-sidestart|p1: Ihave18iq|Spikes
|
|-heal|p2a: Quagsire|99/100 brn|[from] item: Leftovers
|-damage|p2a: Quagsire|93/100 brn|[from] brn
|upkeep
|turn|24
|
|t:|1776108508
|-terastallize|p2a: Quagsire|Poison
|move|p1a: Hydrapple|Giga Drain|p2a: Quagsire
|-resisted|p2a: Quagsire
|-damage|p2a: Quagsire|73/100 brn
|move|p2a: Quagsire|Toxic|p1a: Hydrapple
|-status|p1a: Hydrapple|tox
|
|-heal|p2a: Quagsire|79/100 brn|[from] item: Leftovers
|-damage|p1a: Hydrapple|94/100 tox|[from] psn
|-damage|p2a: Quagsire|73/100 brn|[from] brn
|upkeep
|turn|25
|
|t:|1776108520
|switch|p1a: Slowking|Slowking-Galar, F|100/100
|-damage|p1a: Slowking|88/100|[from] Spikes
|move|p2a: Quagsire|Spikes|p1a: Slowking
|-sidestart|p1: Ihave18iq|Spikes
|
|-heal|p2a: Quagsire|79/100 brn|[from] item: Leftovers
|-heal|p1a: Slowking|94/100|[from] item: Black Sludge
|-damage|p2a: Quagsire|73/100 brn|[from] brn
|upkeep
|turn|26
|
|t:|1776108533
|switch|p2a: Porygon2|Porygon2|80/100
|-ability|p2a: Porygon2|Download|boost
|-boost|p2a: Porygon2|atk|1
|move|p1a: Slowking|Trick|p2a: Porygon2
|-activate|p1a: Slowking|move: Trick|[of] p2a: Porygon2
|-item|p2a: Porygon2|Black Sludge|[from] move: Trick
|-item|p1a: Slowking|Eviolite|[from] move: Trick
|
|-damage|p2a: Porygon2|68/100|[from] item: Black Sludge
|upkeep
|turn|27
|
|t:|1776108544
|switch|p1a: Corviknight|Corviknight, F, shiny|91/100
|-ability|p1a: Corviknight|Pressure
|move|p2a: Porygon2|Tera Blast|p1a: Corviknight
|-resisted|p1a: Corviknight
|-damage|p1a: Corviknight|71/100
|
|-damage|p2a: Porygon2|56/100|[from] item: Black Sludge
|upkeep
|turn|28
|
|t:|1776108551
|switch|p1a: Ting-Lu|Ting-Lu|100/100 slp
|-damage|p1a: Ting-Lu|84/100 slp|[from] Spikes
|-ability|p1a: Ting-Lu|Vessel of Ruin
|move|p2a: Porygon2|Thunderbolt|p1a: Ting-Lu
|-immune|p1a: Ting-Lu
|
|-damage|p2a: Porygon2|43/100|[from] item: Black Sludge
|-heal|p1a: Ting-Lu|90/100 slp|[from] item: Leftovers
|upkeep
|turn|29
|
|t:|1776108562
|move|p2a: Porygon2|Recover|p2a: Porygon2
|-heal|p2a: Porygon2|94/100
|cant|p1a: Ting-Lu|slp
|
|-damage|p2a: Porygon2|81/100|[from] item: Black Sludge
|-heal|p1a: Ting-Lu|96/100 slp|[from] item: Leftovers
|upkeep
|turn|30
|
|t:|1776108569
|switch|p2a: Granbull|Granbull, F|100/100
|-ability|p2a: Granbull|Intimidate|boost
|-unboost|p1a: Ting-Lu|atk|1
|cant|p1a: Ting-Lu|slp
|
|-heal|p1a: Ting-Lu|100/100 slp|[from] item: Leftovers
|upkeep
|turn|31
|
|t:|1776108585
|move|p2a: Granbull|Super Fang|p1a: Ting-Lu
|-damage|p1a: Ting-Lu|50/100 slp
|-curestatus|p1a: Ting-Lu|slp|[msg]
|move|p1a: Ting-Lu|Earthquake|p2a: Granbull
|-damage|p2a: Granbull|79/100
|
|-heal|p2a: Granbull|85/100|[from] item: Leftovers
|-heal|p1a: Ting-Lu|57/100|[from] item: Leftovers
|upkeep
|turn|32
|
|t:|1776108594
|switch|p1a: Hydrapple|Hydrapple, M|100/100 tox
|-damage|p1a: Hydrapple|84/100 tox|[from] Spikes
|move|p2a: Granbull|Taunt|p1a: Hydrapple
|-start|p1a: Hydrapple|move: Taunt
|
|-heal|p2a: Granbull|91/100|[from] item: Leftovers
|-damage|p1a: Hydrapple|78/100 tox|[from] psn
|upkeep
|turn|33
|
|t:|1776108603
|move|p1a: Hydrapple|Fickle Beam|p2a: Granbull
|-immune|p2a: Granbull
|move|p2a: Granbull|Play Rough|p1a: Hydrapple|[miss]
|-miss|p2a: Granbull|p1a: Hydrapple
|
|-heal|p2a: Granbull|97/100|[from] item: Leftovers
|-damage|p1a: Hydrapple|66/100 tox|[from] psn
|upkeep
|turn|34
|
|t:|1776108608
|switch|p1a: Corviknight|Corviknight, F, shiny|71/100
|-ability|p1a: Corviknight|Pressure
|move|p2a: Granbull|Super Fang|p1a: Corviknight
|-damage|p1a: Corviknight|36/100
|-damage|p2a: Granbull|81/100|[from] item: Rocky Helmet|[of] p1a: Corviknight
|
|-heal|p2a: Granbull|87/100|[from] item: Leftovers
|upkeep
|turn|35
|
|t:|1776108616
|move|p1a: Corviknight|Roost|p1a: Corviknight
|-heal|p1a: Corviknight|86/100
|-singleturn|p1a: Corviknight|move: Roost
|move|p2a: Granbull|Thunder Wave|p1a: Corviknight
|-status|p1a: Corviknight|par
|
|-heal|p2a: Granbull|93/100|[from] item: Leftovers
|upkeep
|turn|36
|
|t:|1776108621
|move|p2a: Granbull|Taunt|p1a: Corviknight
|-start|p1a: Corviknight|move: Taunt
|cant|p1a: Corviknight|move: Taunt|Defog
|
|-heal|p2a: Granbull|99/100|[from] item: Leftovers
|upkeep
|turn|37
|
|t:|1776108628
|switch|p2a: Gengar|Gengar, M|27/100
|switch|p1a: Slowking|Slowking-Galar, F|100/100
|-damage|p1a: Slowking|84/100|[from] Spikes
|
|-heal|p2a: Gengar|33/100|[from] item: Leftovers
|upkeep
|turn|38
|
|t:|1776108638
|switch|p2a: Porygon2|Porygon2|81/100
|-ability|p2a: Porygon2|Download|boost
|-boost|p2a: Porygon2|atk|1
|move|p1a: Slowking|Trick|p2a: Porygon2
|-activate|p1a: Slowking|move: Trick|[of] p2a: Porygon2
|-item|p2a: Porygon2|Eviolite|[from] move: Trick
|-item|p1a: Slowking|Black Sludge|[from] move: Trick
|
|-heal|p1a: Slowking|90/100|[from] item: Black Sludge
|upkeep
|turn|39
|
|t:|1776108645
|switch|p2a: Quagsire|Quagsire, M, tera:Poison|73/100 brn
|move|p1a: Slowking|Sludge Bomb|p2a: Quagsire
|-resisted|p2a: Quagsire
|-damage|p2a: Quagsire|54/100 brn
|
|-heal|p2a: Quagsire|60/100 brn|[from] item: Leftovers
|-heal|p1a: Slowking|96/100|[from] item: Black Sludge
|-damage|p2a: Quagsire|54/100 brn|[from] brn
|upkeep
|turn|40
|
|t:|1776108650
|move|p2a: Quagsire|Recover|p2a: Quagsire
|-heal|p2a: Quagsire|100/100 brn
|move|p1a: Slowking|Psychic Noise|p2a: Quagsire
|-supereffective|p2a: Quagsire
|-crit|p2a: Quagsire
|-damage|p2a: Quagsire|0 fnt
|faint|p2a: Quagsire
|
|-heal|p1a: Slowking|100/100|[from] item: Black Sludge
|upkeep
|c|☆Ihave18iq|im lucky
|
|t:|1776108659
|switch|p2a: Gholdengo|Gholdengo|100/100
|-item|p2a: Gholdengo|Air Balloon
|turn|41
|
|t:|1776108663
|switch|p2a: Granbull|Granbull, F|99/100
|-ability|p2a: Granbull|Intimidate|boost
|-unboost|p1a: Slowking|atk|1
|move|p1a: Slowking|Psychic Noise|p2a: Granbull
|-damage|p2a: Granbull|61/100
|-start|p2a: Granbull|move: Heal Block
|
|upkeep
|turn|42
|
|t:|1776108667
|move|p2a: Granbull|Thunder Wave|p1a: Slowking
|-status|p1a: Slowking|par
|move|p1a: Slowking|Sludge Bomb|p2a: Granbull
|-supereffective|p2a: Granbull
|-damage|p2a: Granbull|0 fnt
|faint|p2a: Granbull
|
|upkeep
|
|t:|1776108671
|switch|p2a: Gholdengo|Gholdengo|100/100
|-item|p2a: Gholdengo|Air Balloon
|turn|43
|
|t:|1776108679
|move|p2a: Gholdengo|Hex|p1a: Slowking
|-supereffective|p1a: Slowking
|-damage|p1a: Slowking|38/100 par
|move|p1a: Slowking|Trick|p2a: Gholdengo
|-immune|p2a: Gholdengo|[from] ability: Good as Gold
|
|-heal|p1a: Slowking|44/100 par|[from] item: Black Sludge
|upkeep
|turn|44
|c|☆Ihave18iq|shi i forgot
|
|t:|1776108689
|switch|p2a: Porygon2|Porygon2|81/100
|-ability|p2a: Porygon2|Download|boost
|-boost|p2a: Porygon2|atk|1
|switch|p1a: Ting-Lu|Ting-Lu|57/100
|-damage|p1a: Ting-Lu|40/100|[from] Spikes
|-ability|p1a: Ting-Lu|Vessel of Ruin
|
|-heal|p1a: Ting-Lu|46/100|[from] item: Leftovers
|upkeep
|turn|45
|
|t:|1776108693
|switch|p1a: Corviknight|Corviknight, F, shiny|86/100 par
|-ability|p1a: Corviknight|Pressure
|move|p2a: Porygon2|Ice Beam|p1a: Corviknight
|-damage|p1a: Corviknight|58/100 par
|
|upkeep
|turn|46
|
|t:|1776108702
|move|p2a: Porygon2|Thunderbolt|p1a: Corviknight
|-supereffective|p1a: Corviknight
|-damage|p1a: Corviknight|0 fnt
|faint|p1a: Corviknight
|
|upkeep
|
|t:|1776108711
|switch|p1a: Hydrapple|Hydrapple, M|99/100 tox
|-damage|p1a: Hydrapple|82/100 tox|[from] Spikes
|turn|47
|
|t:|1776108715
|move|p1a: Hydrapple|Fickle Beam|p2a: Porygon2
|-damage|p2a: Porygon2|58/100
|move|p2a: Porygon2|Ice Beam|p1a: Hydrapple
|-supereffective|p1a: Hydrapple
|-damage|p1a: Hydrapple|0 fnt
|faint|p1a: Hydrapple
|
|upkeep
|
|t:|1776108723
|switch|p1a: Slowking|Slowking-Galar, F|77/100 par
|-damage|p1a: Slowking|60/100 par|[from] Spikes
|turn|48
|
|t:|1776108731
|switch|p2a: Gholdengo|Gholdengo|100/100
|-item|p2a: Gholdengo|Air Balloon
|move|p1a: Slowking|Sludge Bomb|p2a: Gholdengo
|-immune|p2a: Gholdengo
|
|-heal|p1a: Slowking|66/100 par|[from] item: Black Sludge
|upkeep
|turn|49
|
|t:|1776108736
|move|p2a: Gholdengo|Hex|p1a: Slowking
|-supereffective|p1a: Slowking
|-damage|p1a: Slowking|0 fnt
|faint|p1a: Slowking
|
|upkeep
|
|t:|1776108739
|switch|p1a: Dondozo|Dondozo, M|100/100
|-damage|p1a: Dondozo|84/100|[from] Spikes
|turn|50
|
|t:|1776108750
|switch|p2a: Porygon2|Porygon2|58/100
|-ability|p2a: Porygon2|Download|boost
|-boost|p2a: Porygon2|spa|1
|-terastallize|p1a: Dondozo|Dark
|move|p1a: Dondozo|Curse|p1a: Dondozo
|-unboost|p1a: Dondozo|spe|1
|-boost|p1a: Dondozo|atk|1
|-boost|p1a: Dondozo|def|1
|
|-heal|p1a: Dondozo|90/100|[from] item: Leftovers
|upkeep
|turn|51
|
|t:|1776108763
|move|p2a: Porygon2|Tera Blast|p1a: Dondozo
|-damage|p1a: Dondozo|50/100
|move|p1a: Dondozo|Liquidation|p2a: Porygon2
|-damage|p2a: Porygon2|29/100
|
|-heal|p1a: Dondozo|57/100|[from] item: Leftovers
|upkeep
|turn|52
|
|t:|1776108769
|move|p2a: Porygon2|Recover|p2a: Porygon2
|-heal|p2a: Porygon2|80/100
|move|p1a: Dondozo|Rest|p1a: Dondozo
|-status|p1a: Dondozo|slp|[from] move: Rest
|-heal|p1a: Dondozo|100/100 slp|[silent]
|
|upkeep
|turn|53
|
|t:|1776108773
|move|p2a: Porygon2|Tera Blast|p1a: Dondozo
|-damage|p1a: Dondozo|62/100 slp
|cant|p1a: Dondozo|slp
|move|p1a: Dondozo|Sleep Talk|p1a: Dondozo
|move|p1a: Dondozo|Liquidation|p2a: Porygon2|[from] move: Sleep Talk
|-damage|p2a: Porygon2|49/100
|-unboost|p2a: Porygon2|def|1
|
|-heal|p1a: Dondozo|68/100 slp|[from] item: Leftovers
|upkeep
|turn|54
|
|t:|1776108775
|move|p2a: Porygon2|Tera Blast|p1a: Dondozo
|-damage|p1a: Dondozo|30/100 slp
|cant|p1a: Dondozo|slp
|move|p1a: Dondozo|Sleep Talk|p1a: Dondozo
|move|p1a: Dondozo|Rest||[from] move: Sleep Talk|[still]
|-fail|p1a: Dondozo
|
|-heal|p1a: Dondozo|36/100 slp|[from] item: Leftovers
|upkeep
|turn|55
|
|t:|1776108780
|move|p2a: Porygon2|Tera Blast|p1a: Dondozo
|-damage|p1a: Dondozo|1/100 slp
|-curestatus|p1a: Dondozo|slp|[msg]
|move|p1a: Dondozo|Sleep Talk||[still]
|-fail|p1a: Dondozo
|
|-heal|p1a: Dondozo|7/100|[from] item: Leftovers
|upkeep
|turn|56
|
|t:|1776108785
|move|p2a: Porygon2|Ice Beam|p1a: Dondozo
|-damage|p1a: Dondozo|0 fnt
|faint|p1a: Dondozo
|
|upkeep
|
|t:|1776108787
|switch|p1a: Ting-Lu|Ting-Lu|46/100
|-damage|p1a: Ting-Lu|30/100|[from] Spikes
|-ability|p1a: Ting-Lu|Vessel of Ruin
|turn|57
|c|☆Ihave18iq|gg
|
|t:|1776108791
|move|p2a: Porygon2|Ice Beam|p1a: Ting-Lu
|-supereffective|p1a: Ting-Lu
|-damage|p1a: Ting-Lu|0 fnt
|faint|p1a: Ting-Lu
|
|win|cuckalicious
|raw|Ihave18iq's rating: 1407 &rarr; <strong>1389</strong><br />(-18 for losing)
|raw|cuckalicious's rating: 1436 &rarr; <strong>1454</strong><br />(+18 for winning)
|c|☆cuckalicious|gg
|l|☆Ihave18iq
|player|p1|
|l|☆cuckalicious
|player|p2|
