|html|<div class="broadcast-blue"><strong>[Gen 9] OU is currently suspecting Tera Blast! For information on how to participate check out the <a href="https://www.smogon.com/tools/suspects/view/200">suspect thread</a>.</strong></div>
|j|☆hansuohhh
|j|☆SlNGULARlTY
|t:|1776234347
|gametype|singles
|player|p1|hansuohhh|rosa|1325
|player|p2|SlNGULARlTY|koga|1382
|gen|9
|tier|[Gen 9] OU
|rated|
|rule|HP Percentage Mod: HP is shown in percentages
|rule|Endless Battle Clause: Forcing endless battles is banned
|rule|Species Clause: Limit one of each Pokémon
|rule|OHKO Clause: OHKO moves are banned
|rule|Evasion Items Clause: Evasion items are banned
|rule|Evasion Moves Clause: Evasion moves are banned
|rule|Evasion Abilities Clause: Evasion abilities are banned
|rule|Sleep Moves Clause: Sleep-inducing moves are banned
|clearpoke
|poke|p1|Moltres-Galar|
|poke|p1|Gholdengo|
|poke|p1|Samurott-Hisui, F|
|poke|p1|Smeargle, F|
|poke|p1|Zamazenta-*|
|poke|p1|Deoxys-Speed|
|poke|p2|Raging Bolt|
|poke|p2|Darkrai|
|poke|p2|Zamazenta-*|
|poke|p2|Gholdengo|
|poke|p2|Alomomola, M|
|poke|p2|Ogerpon-Wellspring, F|
|teampreview
|j| ohko_smeargle
|inactive|Battle timer is ON: inactive players will automatically lose when time's up. (requested by SlNGULARlTY)
|
|t:|1776234369
|teamsize|p1|6
|teamsize|p2|6
|start
|switch|p1a: Deoxys|Deoxys-Speed|100/100
|switch|p2a: Ogerpon|Ogerpon-Wellspring, F|100/100
|-ability|p1a: Deoxys|Pressure
|turn|1
|
|t:|1776234376
|move|p1a: Deoxys|Reflect|p1a: Deoxys
|-sidestart|p1: hansuohhh|Reflect
|move|p2a: Ogerpon|Swords Dance|p2a: Ogerpon
|-boost|p2a: Ogerpon|atk|2
|
|upkeep
|turn|2
|
|t:|1776234387
|move|p1a: Deoxys|Psycho Boost|p2a: Ogerpon
|-damage|p2a: Ogerpon|53/100
|-unboost|p1a: Deoxys|spa|2
|move|p2a: Ogerpon|Trailblaze|p1a: Deoxys
|-damage|p1a: Deoxys|67/100
|-boost|p2a: Ogerpon|spe|1
|
|upkeep
|turn|3
|
|t:|1776234399
|switch|p1a: Zamazenta|Zamazenta|100/100
|-ability|p1a: Zamazenta|Dauntless Shield|boost
|-boost|p1a: Zamazenta|def|1
|move|p2a: Ogerpon|Swords Dance|p2a: Ogerpon
|-boost|p2a: Ogerpon|atk|2
|
|upkeep
|turn|4
|
|t:|1776234406
|move|p2a: Ogerpon|Synthesis|p2a: Ogerpon
|-heal|p2a: Ogerpon|100/100
|move|p1a: Zamazenta|Roar|p2a: Ogerpon
|drag|p2a: Darkrai|Darkrai|100/100
|
|upkeep
|turn|5
|
|t:|1776234413
|switch|p2a: Gholdengo|Gholdengo|100/100
|-item|p2a: Gholdengo|Air Balloon
|move|p1a: Zamazenta|Iron Defense|p1a: Zamazenta
|-boost|p1a: Zamazenta|def|2
|
|upkeep
|turn|6
|
|t:|1776234421
|switch|p1a: Deoxys|Deoxys-Speed|67/100
|-ability|p1a: Deoxys|Pressure
|move|p2a: Gholdengo|Nasty Plot|p2a: Gholdengo
|-boost|p2a: Gholdengo|spa|2
|
|upkeep
|turn|7
|
|t:|1776234427
|move|p1a: Deoxys|Light Screen|p1a: Deoxys
|-sidestart|p1: hansuohhh|move: Light Screen
|move|p2a: Gholdengo|Shadow Ball|p1a: Deoxys
|-supereffective|p1a: Deoxys
|-damage|p1a: Deoxys|0 fnt
|faint|p1a: Deoxys
|
|upkeep
|
|t:|1776234434
|switch|p1a: Moltres|Moltres-Galar|100/100
|turn|8
|
|t:|1776234444
|switch|p2a: Alomomola|Alomomola, M|100/100
|move|p1a: Moltres|Agility|p1a: Moltres
|-boost|p1a: Moltres|spe|2
|
|-sideend|p1: hansuohhh|Reflect
|upkeep
|turn|9
|
|t:|1776234448
|move|p1a: Moltres|Nasty Plot|p1a: Moltres
|-boost|p1a: Moltres|spa|2
|move|p2a: Alomomola|Flip Turn|p1a: Moltres
|-damage|p1a: Moltres|83/100
|
|t:|1776234453
|switch|p2a: Darkrai|Darkrai|100/100|[from] Flip Turn
|
|upkeep
|turn|10
|
|t:|1776234458
|move|p1a: Moltres|Hurricane|p2a: Darkrai
|-damage|p2a: Darkrai|0 fnt
|faint|p2a: Darkrai
|
|upkeep
|
|t:|1776234465
|switch|p2a: Raging Bolt|Raging Bolt|100/100
|-enditem|p2a: Raging Bolt|Booster Energy
|-activate|p2a: Raging Bolt|ability: Protosynthesis|[fromitem]
|-start|p2a: Raging Bolt|protosynthesisspa
|turn|11
|
|t:|1776234470
|-terastallize|p2a: Raging Bolt|Fairy
|move|p1a: Moltres|Fiery Wrath|p2a: Raging Bolt
|-resisted|p2a: Raging Bolt
|-damage|p2a: Raging Bolt|64/100
|move|p2a: Raging Bolt|Thunderbolt|p1a: Moltres
|-supereffective|p1a: Moltres
|-damage|p1a: Moltres|31/100
|-ability|p1a: Moltres|Berserk|boost
|-boost|p1a: Moltres|spa|1
|-enditem|p1a: Moltres|Sitrus Berry|[eat]
|-heal|p1a: Moltres|56/100|[from] item: Sitrus Berry
|
|upkeep
|turn|12
|
|t:|1776234479
|move|p2a: Raging Bolt|Thunderclap|p1a: Moltres
|-supereffective|p1a: Moltres
|-damage|p1a: Moltres|11/100
|-ability|p1a: Moltres|Berserk|boost
|-boost|p1a: Moltres|spa|1
|move|p1a: Moltres|Hurricane|p2a: Raging Bolt|[miss]
|-miss|p1a: Moltres|p2a: Raging Bolt
|
|upkeep
|turn|13
|
|t:|1776234486
|move|p2a: Raging Bolt|Thunderclap||[still]
|-fail|p2a: Raging Bolt
|move|p1a: Moltres|Nasty Plot|p1a: Moltres
|-boost|p1a: Moltres|spa|2
|
|upkeep
|turn|14
|
|t:|1776234490
|move|p2a: Raging Bolt|Thunderclap|p1a: Moltres
|-supereffective|p1a: Moltres
|-damage|p1a: Moltres|0 fnt
|faint|p1a: Moltres
|
|-sideend|p1: hansuohhh|move: Light Screen
|upkeep
|
|t:|1776234495
|switch|p1a: Gholdengo|Gholdengo|100/100
|turn|15
|
|t:|1776234500
|move|p1a: Gholdengo|Make It Rain|p2a: Raging Bolt
|-supereffective|p2a: Raging Bolt
|-damage|p2a: Raging Bolt|0 fnt
|-unboost|p1a: Gholdengo|spa|1
|faint|p2a: Raging Bolt
|-end|p2a: Raging Bolt|Protosynthesis|[silent]
|
|upkeep
|
|t:|1776234505
|switch|p2a: Ogerpon|Ogerpon-Wellspring, F|100/100
|turn|16
|
|t:|1776234511
|switch|p1a: Zamazenta|Zamazenta|100/100
|move|p2a: Ogerpon|Trailblaze|p1a: Zamazenta
|-damage|p1a: Zamazenta|78/100
|-boost|p2a: Ogerpon|spe|1
|
|-heal|p1a: Zamazenta|84/100|[from] item: Leftovers
|upkeep
|turn|17
|
|t:|1776234520
|switch|p2a: Gholdengo|Gholdengo|100/100
|-item|p2a: Gholdengo|Air Balloon
|switch|p1a: Smeargle|Smeargle, F|100/100
|
|upkeep
|turn|18
|
|t:|1776234534
|move|p2a: Gholdengo|Make It Rain|p1a: Smeargle
|-damage|p1a: Smeargle|0 fnt
|-unboost|p2a: Gholdengo|spa|1
|faint|p1a: Smeargle
|
|upkeep
|
|t:|1776234541
|switch|p1a: Samurott|Samurott-Hisui, F|100/100
|turn|19
|
|t:|1776234549
|switch|p2a: Alomomola|Alomomola, M|100/100
|move|p1a: Samurott|Ceaseless Edge|p2a: Alomomola|[miss]
|-miss|p1a: Samurott|p2a: Alomomola
|
|upkeep
|turn|20
|
|t:|1776234557
|move|p1a: Samurott|Ceaseless Edge|p2a: Alomomola
|-damage|p2a: Alomomola|70/100
|-sidestart|p2: SlNGULARlTY|Spikes
|move|p2a: Alomomola|Scald|p1a: Samurott
|-resisted|p1a: Samurott
|-crit|p1a: Samurott
|-damage|p1a: Samurott|86/100
|
|upkeep
|turn|21
|
|t:|1776234565
|move|p1a: Samurott|Ceaseless Edge|p2a: Alomomola
|-damage|p2a: Alomomola|37/100
|-sidestart|p2: SlNGULARlTY|Spikes
|move|p2a: Alomomola|Scald|p1a: Samurott
|-resisted|p1a: Samurott
|-damage|p1a: Samurott|76/100
|
|upkeep
|turn|22
|
|t:|1776234571
|move|p1a: Samurott|Ceaseless Edge|p2a: Alomomola
|-damage|p2a: Alomomola|6/100
|-sidestart|p2: SlNGULARlTY|Spikes
|move|p2a: Alomomola|Flip Turn|p1a: Samurott
|-resisted|p1a: Samurott
|-damage|p1a: Samurott|65/100
|
|t:|1776234580
|switch|p2a: Ogerpon|Ogerpon-Wellspring, F|100/100|[from] Flip Turn
|-damage|p2a: Ogerpon|76/100|[from] Spikes
|
|upkeep
|turn|23
|
|t:|1776234594
|switch|p1a: Gholdengo|Gholdengo|100/100
|move|p2a: Ogerpon|Trailblaze|p1a: Gholdengo
|-resisted|p1a: Gholdengo
|-damage|p1a: Gholdengo|85/100
|-boost|p2a: Ogerpon|spe|1
|
|upkeep
|turn|24
|l|☆SlNGULARlTY
|inactive|SlNGULARlTY disconnected and has a minute to reconnect!
|player|p2|
|j|☆SlNGULARlTY
|inactive|SlNGULARlTY reconnected and has 130 seconds left.
|player|p2|SlNGULARlTY|koga|
|
|t:|1776234619
|move|p2a: Ogerpon|Swords Dance|p2a: Ogerpon
|-boost|p2a: Ogerpon|atk|2
|move|p1a: Gholdengo|Shadow Ball|p2a: Ogerpon
|-damage|p2a: Ogerpon|31/100
|
|upkeep
|turn|25
|
|t:|1776234627
|move|p2a: Ogerpon|Synthesis|p2a: Ogerpon
|-heal|p2a: Ogerpon|81/100
|move|p1a: Gholdengo|Shadow Ball|p2a: Ogerpon
|-damage|p2a: Ogerpon|36/100
|-unboost|p2a: Ogerpon|spd|1
|
|upkeep
|turn|26
|
|t:|1776234632
|move|p2a: Ogerpon|Ivy Cudgel|p1a: Gholdengo|[anim] Ivy Cudgel Water
|-damage|p1a: Gholdengo|0 fnt
|faint|p1a: Gholdengo
|
|upkeep
|
|t:|1776234637
|switch|p1a: Zamazenta|Zamazenta|84/100
|turn|27
|
|t:|1776234641
|switch|p2a: Alomomola|Alomomola, M|39/100
|-damage|p2a: Alomomola|14/100|[from] Spikes
|move|p1a: Zamazenta|Body Press|p2a: Alomomola
|-damage|p2a: Alomomola|0 fnt
|faint|p2a: Alomomola
|
|-heal|p1a: Zamazenta|90/100|[from] item: Leftovers
|upkeep
|
|t:|1776234644
|switch|p2a: Gholdengo|Gholdengo|100/100
|-item|p2a: Gholdengo|Air Balloon
|turn|28
|
|t:|1776234647
|move|p1a: Zamazenta|Heavy Slam|p2a: Gholdengo
|-resisted|p2a: Gholdengo
|-damage|p2a: Gholdengo|84/100
|-enditem|p2a: Gholdengo|Air Balloon
|move|p2a: Gholdengo|Focus Blast|p1a: Zamazenta
|-damage|p1a: Zamazenta|52/100
|
|-heal|p1a: Zamazenta|59/100|[from] item: Leftovers
|upkeep
|turn|29
|
|t:|1776234655
|switch|p1a: Samurott|Samurott-Hisui, F|65/100
|move|p2a: Gholdengo|Make It Rain|p1a: Samurott
|-resisted|p1a: Samurott
|-damage|p1a: Samurott|19/100
|-unboost|p2a: Gholdengo|spa|1
|
|upkeep
|turn|30
|
|t:|1776234667
|switch|p2a: Zamazenta|Zamazenta|100/100
|-damage|p2a: Zamazenta|76/100|[from] Spikes
|-ability|p2a: Zamazenta|Dauntless Shield|boost
|-boost|p2a: Zamazenta|def|1
|move|p1a: Samurott|Knock Off|p2a: Zamazenta
|-resisted|p2a: Zamazenta
|-damage|p2a: Zamazenta|63/100
|-enditem|p2a: Zamazenta|Leftovers|[from] move: Knock Off|[of] p1a: Samurott
|
|upkeep
|turn|31
|l|☆SlNGULARlTY
|inactive|SlNGULARlTY disconnected and has a minute to reconnect!
|player|p2|
|j|☆SlNGULARlTY
|inactive|SlNGULARlTY reconnected and has 145 seconds left.
|player|p2|SlNGULARlTY|koga|
|
|t:|1776234677
|switch|p1a: Zamazenta|Zamazenta|59/100
|move|p2a: Zamazenta|Iron Defense|p2a: Zamazenta
|-boost|p2a: Zamazenta|def|2
|
|-heal|p1a: Zamazenta|65/100|[from] item: Leftovers
|upkeep
|turn|32
|
|t:|1776234684
|move|p1a: Zamazenta|Iron Defense|p1a: Zamazenta
|-boost|p1a: Zamazenta|def|2
|move|p2a: Zamazenta|Body Press|p1a: Zamazenta
|-damage|p1a: Zamazenta|36/100
|
|-heal|p1a: Zamazenta|42/100|[from] item: Leftovers
|upkeep
|turn|33
|
|t:|1776234694
|switch|p2a: Ogerpon|Ogerpon-Wellspring, F|36/100
|-damage|p2a: Ogerpon|11/100|[from] Spikes
|move|p1a: Zamazenta|Body Press|p2a: Ogerpon
|-damage|p2a: Ogerpon|0 fnt
|faint|p2a: Ogerpon
|
|-heal|p1a: Zamazenta|48/100|[from] item: Leftovers
|upkeep
|
|t:|1776234695
|switch|p2a: Gholdengo|Gholdengo|84/100
|-damage|p2a: Gholdengo|59/100|[from] Spikes
|turn|34
|c|☆SlNGULARlTY|Gg
|
|t:|1776234704
|-terastallize|p1a: Zamazenta|Steel
|move|p1a: Zamazenta|Heavy Slam|p2a: Gholdengo
|-resisted|p2a: Gholdengo
|-damage|p2a: Gholdengo|33/100
|move|p2a: Gholdengo|Make It Rain|p1a: Zamazenta
|-resisted|p1a: Zamazenta
|-damage|p1a: Zamazenta|19/100
|-unboost|p2a: Gholdengo|spa|1
|
|-heal|p1a: Zamazenta|25/100|[from] item: Leftovers
|upkeep
|turn|35
|
|t:|1776234713
|move|p1a: Zamazenta|Heavy Slam|p2a: Gholdengo
|-resisted|p2a: Gholdengo
|-damage|p2a: Gholdengo|6/100
|move|p2a: Gholdengo|Shadow Ball|p1a: Zamazenta
|-damage|p1a: Zamazenta|0 fnt
|faint|p1a: Zamazenta
|
|upkeep
|c|☆SlNGULARlTY|Ex
|
|t:|1776234719
|switch|p1a: Samurott|Samurott-Hisui, F|19/100
|turn|36
|c|☆SlNGULARlTY|ez
|
|t:|1776234723
|switch|p2a: Zamazenta|Zamazenta|63/100
|-damage|p2a: Zamazenta|38/100|[from] Spikes
|move|p1a: Samurott|Ceaseless Edge|p2a: Zamazenta
|-resisted|p2a: Zamazenta
|-damage|p2a: Zamazenta|16/100
|
|upkeep
|turn|37
|
|t:|1776234730
|move|p2a: Zamazenta|Body Press|p1a: Samurott
|-supereffective|p1a: Samurott
|-damage|p1a: Samurott|0 fnt
|faint|p1a: Samurott
|
|win|SlNGULARlTY
|raw|hansuohhh's rating: 1325 &rarr; <strong>1308</strong><br />(-17 for losing)
|raw|SlNGULARlTY's rating: 1382 &rarr; <strong>1399</strong><br />(+17 for winning)
