|html|<div class="broadcast-blue"><strong>[Gen 9] OU is currently suspecting Tera Blast! For information on how to participate check out the <a href="https://www.smogon.com/tools/suspects/view/200">suspect thread</a>.</strong></div>
|j|☆Ivan Vergel
|j|☆dyebberwacky
|t:|1776067187
|gametype|singles
|player|p1|Ivan Vergel|lance|1160
|player|p2|dyebberwacky|hiker-gen4|1165
|gen|9
|tier|[Gen 9] OU
|rated|
|rule|HP Percentage Mod: HP is shown in percentages
|rule|Endless Battle Clause: Forcing endless battles is banned
|rule|Species Clause: Limit one of each Pokémon
|rule|OHKO Clause: OHKO moves are banned
|rule|Evasion Items Clause: Evasion items are banned
|rule|Evasion Moves Clause: Evasion moves are banned
|rule|Evasion Abilities Clause: Evasion abilities are banned
|rule|Sleep Moves Clause: Sleep-inducing moves are banned
|clearpoke
|poke|p1|Excadrill, M|
|poke|p1|Zapdos|
|poke|p1|Dragonite, M|
|poke|p1|Gardevoir, F|
|poke|p1|Tyranitar, M|
|poke|p1|Ogerpon-Wellspring, F|
|poke|p2|Dragonite, M|
|poke|p2|Sinistcha|
|poke|p2|Zapdos-Galar|
|poke|p2|Ting-Lu|
|poke|p2|Landorus-Therian, M|
|poke|p2|Orthworm, F|
|teampreview
|inactive|Battle timer is ON: inactive players will automatically lose when time's up. (requested by Ivan Vergel)
|inactive|dyebberwacky also wants the timer to be on.
|j| ohko_smeargle
|
|t:|1776067213
|teamsize|p1|6
|teamsize|p2|6
|start
|switch|p1a: Acnologia|Dragonite, M, shiny|100/100
|switch|p2a: Pacificst|Ting-Lu|100/100
|-ability|p2a: Pacificst|Vessel of Ruin
|turn|1
|
|t:|1776067225
|move|p1a: Acnologia|Ice Spinner|p2a: Pacificst
|-supereffective|p2a: Pacificst
|-damage|p2a: Pacificst|76/100
|move|p2a: Pacificst|Stealth Rock|p1a: Acnologia
|-sidestart|p1: Ivan Vergel|move: Stealth Rock
|
|-heal|p2a: Pacificst|83/100|[from] item: Leftovers
|upkeep
|turn|2
|
|t:|1776067238
|move|p1a: Acnologia|Dragon Dance|p1a: Acnologia
|-boost|p1a: Acnologia|atk|1
|-boost|p1a: Acnologia|spe|1
|move|p2a: Pacificst|Whirlwind|p1a: Acnologia
|drag|p1a: Ogerpon|Ogerpon-Wellspring, F|100/100
|-damage|p1a: Ogerpon|88/100|[from] Stealth Rock
|
|-heal|p2a: Pacificst|89/100|[from] item: Leftovers
|upkeep
|turn|3
|
|t:|1776067248
|move|p1a: Ogerpon|Ivy Cudgel|p2a: Pacificst|[anim] Ivy Cudgel Water
|-supereffective|p2a: Pacificst
|-crit|p2a: Pacificst
|-damage|p2a: Pacificst|2/100
|move|p2a: Pacificst|Whirlwind|p1a: Ogerpon
|drag|p1a: Zapdos|Zapdos, shiny|100/100
|
|-heal|p2a: Pacificst|9/100|[from] item: Leftovers
|upkeep
|turn|4
|
|t:|1776067260
|move|p1a: Zapdos|Hurricane|p2a: Pacificst|[miss]
|-miss|p1a: Zapdos|p2a: Pacificst
|move|p2a: Pacificst|Ruination|p1a: Zapdos
|-damage|p1a: Zapdos|51/100
|
|-heal|p2a: Pacificst|15/100|[from] item: Leftovers
|upkeep
|turn|5
|
|t:|1776067272
|move|p1a: Zapdos|Hurricane|p2a: Pacificst|[miss]
|-miss|p1a: Zapdos|p2a: Pacificst
|move|p2a: Pacificst|Whirlwind|p1a: Zapdos
|drag|p1a: Ogerpon|Ogerpon-Wellspring, F|88/100
|-damage|p1a: Ogerpon|76/100|[from] Stealth Rock
|
|-heal|p2a: Pacificst|21/100|[from] item: Leftovers
|upkeep
|turn|6
|
|t:|1776067281
|move|p1a: Ogerpon|Ivy Cudgel|p2a: Pacificst|[anim] Ivy Cudgel Water
|-supereffective|p2a: Pacificst
|-damage|p2a: Pacificst|0 fnt
|faint|p2a: Pacificst
|
|upkeep
|
|t:|1776067286
|switch|p2a: Green Pot ;)|Sinistcha|100/100
|turn|7
|
|t:|1776067297
|move|p1a: Ogerpon|U-turn|p2a: Green Pot ;)
|-damage|p2a: Green Pot ;)|74/100
|
|t:|1776067306
|switch|p1a: Gardevoir|Gardevoir, F, shiny|100/100|[from] U-turn
|-damage|p1a: Gardevoir|88/100|[from] Stealth Rock
|-ability|p1a: Gardevoir|Heatproof|Trace|[from] ability: Trace|[of] p2a: Green Pot ;)
|move|p2a: Green Pot ;)|Matcha Gotcha|p1a: Gardevoir
|-damage|p1a: Gardevoir|49/100
|-heal|p2a: Green Pot ;)|90/100|[from] drain|[of] p1a: Gardevoir
|
|-heal|p2a: Green Pot ;)|96/100|[from] item: Leftovers
|upkeep
|turn|8
|
|t:|1776067321
|switch|p2a: We all hate gim|Landorus-Therian, M|100/100
|-ability|p2a: We all hate gim|Intimidate|boost
|-unboost|p1a: Gardevoir|atk|1
|move|p1a: Gardevoir|Moonblast|p2a: We all hate gim
|-damage|p2a: We all hate gim|68/100
|
|upkeep
|turn|9
|
|t:|1776067332
|switch|p1a: Zapdos|Zapdos, shiny|51/100
|move|p2a: We all hate gim|Earthquake|p1a: Zapdos
|-immune|p1a: Zapdos
|
|upkeep
|turn|10
|
|t:|1776067342
|move|p1a: Zapdos|Hurricane|p2a: We all hate gim
|-damage|p2a: We all hate gim|27/100
|move|p2a: We all hate gim|Stone Edge|p1a: Zapdos
|-supereffective|p1a: Zapdos
|-damage|p1a: Zapdos|0 fnt
|faint|p1a: Zapdos
|
|upkeep
|
|t:|1776067362
|switch|p1a: Ogerpon|Ogerpon-Wellspring, F|76/100
|-damage|p1a: Ogerpon|64/100|[from] Stealth Rock
|turn|11
|
|t:|1776067373
|switch|p2a: Forest Gunk|Zapdos-Galar|100/100
|move|p1a: Ogerpon|Ivy Cudgel|p2a: Forest Gunk|[anim] Ivy Cudgel Water
|-damage|p2a: Forest Gunk|42/100
|
|upkeep
|turn|12
|
|t:|1776067383
|move|p1a: Ogerpon|Ivy Cudgel|p2a: Forest Gunk|[anim] Ivy Cudgel Water
|-damage|p2a: Forest Gunk|0 fnt
|faint|p2a: Forest Gunk
|
|upkeep
|
|t:|1776067388
|switch|p2a: Green Pot ;)|Sinistcha|96/100
|turn|13
|
|t:|1776067394
|move|p1a: Ogerpon|Knock Off|p2a: Green Pot ;)
|-supereffective|p2a: Green Pot ;)
|-damage|p2a: Green Pot ;)|19/100
|-enditem|p2a: Green Pot ;)|Leftovers|[from] move: Knock Off|[of] p1a: Ogerpon
|move|p2a: Green Pot ;)|Matcha Gotcha|p1a: Ogerpon
|-damage|p1a: Ogerpon|24/100
|-heal|p2a: Green Pot ;)|36/100|[from] drain|[of] p1a: Ogerpon
|-status|p1a: Ogerpon|brn
|
|-damage|p1a: Ogerpon|18/100 brn|[from] brn
|upkeep
|turn|14
|
|t:|1776067407
|switch|p2a: Vibrating|Orthworm, F|100/100
|-item|p2a: Vibrating|Air Balloon
|move|p1a: Ogerpon|Knock Off|p2a: Vibrating
|-damage|p2a: Vibrating|87/100
|-enditem|p2a: Vibrating|Air Balloon
|
|-damage|p1a: Ogerpon|12/100 brn|[from] brn
|upkeep
|turn|15
|
|t:|1776067419
|move|p1a: Ogerpon|U-turn|p2a: Vibrating
|-resisted|p2a: Vibrating
|-damage|p2a: Vibrating|83/100
|
|t:|1776067424
|switch|p1a: Tyranitar|Tyranitar, M, shiny|100/100|[from] U-turn
|-damage|p1a: Tyranitar|88/100|[from] Stealth Rock
|-weather|Sandstorm|[from] ability: Sand Stream|[of] p1a: Tyranitar
|move|p2a: Vibrating|Iron Defense|p2a: Vibrating
|-boost|p2a: Vibrating|def|2
|
|-weather|Sandstorm|[upkeep]
|-heal|p1a: Tyranitar|94/100|[from] item: Leftovers
|upkeep
|turn|16
|
|t:|1776067447
|switch|p1a: Excadrill|Excadrill, M, shiny|100/100
|-damage|p1a: Excadrill|97/100|[from] Stealth Rock
|move|p2a: Vibrating|Body Press|p1a: Excadrill
|-supereffective|p1a: Excadrill
|-damage|p1a: Excadrill|0 fnt
|faint|p1a: Excadrill
|
|-weather|Sandstorm|[upkeep]
|upkeep
|
|t:|1776067457
|switch|p1a: Ogerpon|Ogerpon-Wellspring, F|12/100 brn
|-damage|p1a: Ogerpon|0 fnt|[from] Stealth Rock
|faint|p1a: Ogerpon
|
|t:|1776067461
|switch|p1a: Gardevoir|Gardevoir, F, shiny|49/100
|-damage|p1a: Gardevoir|37/100|[from] Stealth Rock
|-ability|p1a: Gardevoir|Earth Eater|Trace|[from] ability: Trace|[of] p2a: Vibrating
|turn|17
|
|t:|1776067474
|move|p1a: Gardevoir|Trick|p2a: Vibrating
|-activate|p1a: Gardevoir|move: Trick|[of] p2a: Vibrating
|-item|p2a: Vibrating|Choice Scarf|[from] move: Trick
|-enditem|p1a: Gardevoir|Choice Scarf|[silent]|[from] move: Trick
|move|p2a: Vibrating|Heavy Slam|p1a: Gardevoir
|-supereffective|p1a: Gardevoir
|-damage|p1a: Gardevoir|0 fnt
|faint|p1a: Gardevoir
|
|-weather|Sandstorm|[upkeep]
|upkeep
|
|t:|1776067485
|switch|p1a: Acnologia|Dragonite, M, shiny|100/100
|-damage|p1a: Acnologia|76/100|[from] Stealth Rock
|turn|18
|-message|Ivan Vergel forfeited.
|
|win|dyebberwacky
|raw|Ivan Vergel's rating: 1160 &rarr; <strong>1135</strong><br />(-25 for losing)
|raw|dyebberwacky's rating: 1165 &rarr; <strong>1190</strong><br />(+25 for winning)
|l|☆Ivan Vergel
|player|p1|
|l| ohko_smeargle
|l|☆dyebberwacky
|player|p2|
