|html|<div class="broadcast-blue"><strong>[Gen 9] OU is currently suspecting Tera Blast! For information on how to participate check out the <a href="https://www.smogon.com/tools/suspects/view/200">suspect thread</a>.</strong></div>
|j|☆Grandmaster Mura
|j|☆findamental
|t:|1776071057
|gametype|singles
|player|p1|Grandmaster Mura|lance-gen2|1250
|player|p2|findamental|plasmagrunt|1265
|gen|9
|tier|[Gen 9] OU
|rated|
|rule|HP Percentage Mod: HP is shown in percentages
|rule|Endless Battle Clause: Forcing endless battles is banned
|rule|Species Clause: Limit one of each Pokémon
|rule|OHKO Clause: OHKO moves are banned
|rule|Evasion Items Clause: Evasion items are banned
|rule|Evasion Moves Clause: Evasion moves are banned
|rule|Evasion Abilities Clause: Evasion abilities are banned
|rule|Sleep Moves Clause: Sleep-inducing moves are banned
|clearpoke
|poke|p1|Torkoal, F|
|poke|p1|Hatterene, F|
|poke|p1|Raging Bolt|
|poke|p1|Slither Wing|
|poke|p1|Venusaur, M|
|poke|p1|Walking Wake|
|poke|p2|Raikou|
|poke|p2|Entei|
|poke|p2|Regirock|
|poke|p2|Registeel|
|poke|p2|Regice|
|poke|p2|Suicune|
|teampreview
|c|☆findamental|glhf
|
|t:|1776071068
|teamsize|p1|6
|teamsize|p2|6
|start
|switch|p1a: Torkoal|Torkoal, F|100/100
|switch|p2a: UN UN UN UN|Regirock|100/100
|-weather|SunnyDay|[from] ability: Drought|[of] p1a: Torkoal
|turn|1
|c|☆Grandmaster Mura|same
|
|t:|1776071081
|-terastallize|p1a: Torkoal|Ground
|move|p2a: UN UN UN UN|Curse|p2a: UN UN UN UN
|-unboost|p2a: UN UN UN UN|spe|1
|-boost|p2a: UN UN UN UN|atk|1
|-boost|p2a: UN UN UN UN|def|1
|move|p1a: Torkoal|Stealth Rock|p2a: UN UN UN UN
|-sidestart|p2: findamental|move: Stealth Rock
|
|-weather|SunnyDay|[upkeep]
|upkeep
|turn|2
|
|t:|1776071095
|move|p2a: UN UN UN UN|Curse|p2a: UN UN UN UN
|-unboost|p2a: UN UN UN UN|spe|1
|-boost|p2a: UN UN UN UN|atk|1
|-boost|p2a: UN UN UN UN|def|1
|move|p1a: Torkoal|Eruption|p2a: UN UN UN UN
|-resisted|p2a: UN UN UN UN
|-damage|p2a: UN UN UN UN|58/100
|
|-weather|SunnyDay|[upkeep]
|-heal|p2a: UN UN UN UN|65/100|[from] item: Leftovers
|upkeep
|turn|3
|
|t:|1776071102
|switch|p1a: Venusaur|Venusaur, M|100/100
|move|p2a: UN UN UN UN|Drain Punch|p1a: Venusaur
|-resisted|p1a: Venusaur
|-damage|p1a: Venusaur|68/100
|-heal|p2a: UN UN UN UN|78/100|[from] drain|[of] p1a: Venusaur
|
|-weather|SunnyDay|[upkeep]
|-heal|p2a: UN UN UN UN|84/100|[from] item: Leftovers
|upkeep
|turn|4
|
|t:|1776071114
|move|p1a: Venusaur|Growth|p1a: Venusaur
|-boost|p1a: Venusaur|atk|2
|-boost|p1a: Venusaur|spa|2
|move|p2a: UN UN UN UN|Earthquake|p1a: Venusaur
|-crit|p1a: Venusaur
|-damage|p1a: Venusaur|0 fnt
|faint|p1a: Venusaur
|
|-weather|SunnyDay|[upkeep]
|-heal|p2a: UN UN UN UN|90/100|[from] item: Leftovers
|upkeep
|
|t:|1776071124
|switch|p1a: Walking Wake|Walking Wake|100/100
|-activate|p1a: Walking Wake|ability: Protosynthesis
|-start|p1a: Walking Wake|protosynthesisspe
|turn|5
|
|t:|1776071128
|move|p1a: Walking Wake|Hydro Steam|p2a: UN UN UN UN
|-supereffective|p2a: UN UN UN UN
|-damage|p2a: UN UN UN UN|0 fnt
|faint|p2a: UN UN UN UN
|
|-weather|SunnyDay|[upkeep]
|upkeep
|
|t:|1776071136
|switch|p2a: Registeel|Registeel|100/100
|-damage|p2a: Registeel|94/100|[from] Stealth Rock
|turn|6
|
|t:|1776071143
|move|p1a: Walking Wake|Weather Ball|p2a: Registeel
|-supereffective|p2a: Registeel
|-damage|p2a: Registeel|48/100
|move|p2a: Registeel|Zap Cannon|p1a: Walking Wake|[miss]
|-miss|p2a: Registeel|p1a: Walking Wake
|
|-weather|SunnyDay|[upkeep]
|upkeep
|turn|7
|
|t:|1776071152
|-terastallize|p2a: Registeel|Water
|move|p1a: Walking Wake|Hydro Steam|p2a: Registeel
|-resisted|p2a: Registeel
|-damage|p2a: Registeel|34/100
|move|p2a: Registeel|Zap Cannon|p1a: Walking Wake|[miss]
|-miss|p2a: Registeel|p1a: Walking Wake
|
|-weather|SunnyDay|[upkeep]
|upkeep
|turn|8
|
|t:|1776071160
|move|p1a: Walking Wake|Draco Meteor|p2a: Registeel
|-damage|p2a: Registeel|4/100
|-unboost|p1a: Walking Wake|spa|2
|move|p2a: Registeel|Zap Cannon|p1a: Walking Wake|[miss]
|-miss|p2a: Registeel|p1a: Walking Wake
|
|-weather|none
|-end|p1a: Walking Wake|Protosynthesis
|upkeep
|turn|9
|
|t:|1776071168
|move|p1a: Walking Wake|Flip Turn|p2a: Registeel
|-resisted|p2a: Registeel
|-crit|p2a: Registeel
|-damage|p2a: Registeel|0 fnt
|faint|p2a: Registeel
|
|t:|1776071183
|-end|p1a: Walking Wake|Protosynthesis|[silent]
|switch|p1a: Hatterene|Hatterene, F|100/100|[from] Flip Turn
|-item|p1a: Hatterene|Air Balloon
|
|upkeep
|
|t:|1776071194
|switch|p2a: Regice|Regice|100/100
|turn|10
|inactive|Battle timer is ON: inactive players will automatically lose when time's up. (requested by Grandmaster Mura)
|
|t:|1776071200
|move|p2a: Regice|Ice Beam|p1a: Hatterene
|-damage|p1a: Hatterene|51/100
|-enditem|p1a: Hatterene|Air Balloon
|move|p1a: Hatterene|Trick Room|p1a: Hatterene
|-fieldstart|move: Trick Room|[of] p1a: Hatterene
|
|upkeep
|turn|11
|
|t:|1776071219
|move|p1a: Hatterene|Psychic Noise|p2a: Regice
|-damage|p2a: Regice|84/100
|-start|p2a: Regice|move: Heal Block
|move|p2a: Regice|Ice Beam|p1a: Hatterene
|-damage|p1a: Hatterene|5/100
|
|upkeep
|turn|12
|
|t:|1776071229
|move|p1a: Hatterene|Dazzling Gleam|p2a: Regice
|-damage|p2a: Regice|65/100
|move|p2a: Regice|Thunderbolt|p1a: Hatterene
|-damage|p1a: Hatterene|0 fnt
|faint|p1a: Hatterene
|
|-end|p2a: Regice|move: Heal Block
|upkeep
|
|t:|1776071232
|switch|p1a: Torkoal|Torkoal, F, tera:Ground|100/100
|-weather|SunnyDay|[from] ability: Drought|[of] p1a: Torkoal
|turn|13
|
|t:|1776071241
|switch|p2a: Suicune|Suicune|100/100
|-damage|p2a: Suicune|88/100|[from] Stealth Rock
|-ability|p2a: Suicune|Pressure
|move|p1a: Torkoal|Eruption|p2a: Suicune
|-resisted|p2a: Suicune
|-damage|p2a: Suicune|55/100
|
|-weather|SunnyDay|[upkeep]
|-heal|p2a: Suicune|61/100|[from] item: Leftovers
|upkeep
|turn|14
|
|t:|1776071249
|move|p1a: Torkoal|Earthquake|p2a: Suicune
|-damage|p2a: Suicune|38/100
|move|p2a: Suicune|Mirror Coat||[still]
|-fail|p2a: Suicune
|
|-weather|SunnyDay|[upkeep]
|-heal|p2a: Suicune|44/100|[from] item: Leftovers
|-fieldend|move: Trick Room
|upkeep
|turn|15
|
|t:|1776071258
|move|p2a: Suicune|Scald|p1a: Torkoal
|-supereffective|p1a: Torkoal
|-damage|p1a: Torkoal|56/100
|-status|p1a: Torkoal|brn
|move|p1a: Torkoal|Overheat|p2a: Suicune
|-resisted|p2a: Suicune
|-damage|p2a: Suicune|10/100
|-unboost|p1a: Torkoal|spa|2
|
|-weather|SunnyDay|[upkeep]
|-heal|p2a: Suicune|17/100|[from] item: Leftovers
|-damage|p1a: Torkoal|49/100 brn|[from] brn
|upkeep
|turn|16
|
|t:|1776071266
|move|p2a: Suicune|Calm Mind|p2a: Suicune
|-boost|p2a: Suicune|spa|1
|-boost|p2a: Suicune|spd|1
|move|p1a: Torkoal|Earthquake|p2a: Suicune
|-damage|p2a: Suicune|5/100
|
|-weather|SunnyDay|[upkeep]
|-heal|p2a: Suicune|12/100|[from] item: Leftovers
|-damage|p1a: Torkoal|43/100 brn|[from] brn
|upkeep
|turn|17
|
|t:|1776071272
|move|p2a: Suicune|Ice Beam|p1a: Torkoal
|-supereffective|p1a: Torkoal
|-damage|p1a: Torkoal|0 fnt
|faint|p1a: Torkoal
|
|-weather|SunnyDay|[upkeep]
|-heal|p2a: Suicune|18/100|[from] item: Leftovers
|upkeep
|
|t:|1776071281
|switch|p1a: Raging Bolt|Raging Bolt|100/100
|-activate|p1a: Raging Bolt|ability: Protosynthesis
|-start|p1a: Raging Bolt|protosynthesisspa
|turn|18
|
|t:|1776071289
|move|p1a: Raging Bolt|Thunderclap||[still]
|-fail|p1a: Raging Bolt
|move|p2a: Suicune|Calm Mind|p2a: Suicune
|-boost|p2a: Suicune|spa|1
|-boost|p2a: Suicune|spd|1
|
|-weather|SunnyDay|[upkeep]
|-heal|p2a: Suicune|24/100|[from] item: Leftovers
|upkeep
|turn|19
|c|☆findamental|the mind games start now
|
|t:|1776071308
|move|p1a: Raging Bolt|Solar Beam||[still]
|-prepare|p1a: Raging Bolt|Solar Beam
|-anim|p1a: Raging Bolt|Solar Beam|p2a: Suicune
|-supereffective|p2a: Suicune
|-damage|p2a: Suicune|0 fnt
|faint|p2a: Suicune
|-damage|p1a: Raging Bolt|91/100|[from] item: Life Orb
|
|-weather|SunnyDay|[upkeep]
|upkeep
|c|☆findamental|and i lost
|
|t:|1776071321
|switch|p2a: Regice|Regice|65/100
|turn|20
|
|t:|1776071324
|move|p1a: Raging Bolt|Weather Ball|p2a: Regice
|-supereffective|p2a: Regice
|-damage|p2a: Regice|0 fnt
|faint|p2a: Regice
|-damage|p1a: Raging Bolt|81/100|[from] item: Life Orb
|
|-weather|none
|-end|p1a: Raging Bolt|Protosynthesis
|upkeep
|
|t:|1776071329
|switch|p2a: Entei|Entei|100/100
|-damage|p2a: Entei|75/100|[from] Stealth Rock
|turn|21
|
|t:|1776071338
|move|p2a: Entei|Stomping Tantrum|p1a: Raging Bolt
|-supereffective|p1a: Raging Bolt
|-damage|p1a: Raging Bolt|28/100
|move|p1a: Raging Bolt|Dragon Pulse|p2a: Entei
|-damage|p2a: Entei|5/100
|-damage|p1a: Raging Bolt|18/100|[from] item: Life Orb
|
|upkeep
|turn|22
|
|t:|1776071343
|switch|p2a: Diego|Raikou|100/100
|move|p1a: Raging Bolt|Thunderclap||[still]
|-fail|p1a: Raging Bolt
|
|upkeep
|turn|23
|c|☆Grandmaster Mura|Diego like the ice age
|c|☆findamental|yea
|c|☆Grandmaster Mura|I understood that reference
|
|t:|1776071365
|move|p2a: Diego|Shadow Ball|p1a: Raging Bolt
|-damage|p1a: Raging Bolt|0 fnt
|faint|p1a: Raging Bolt
|-end|p1a: Raging Bolt|Protosynthesis|[silent]
|
|upkeep
|
|t:|1776071373
|switch|p1a: Slither Wing|Slither Wing|100/100
|turn|24
|
|t:|1776071383
|move|p1a: Slither Wing|First Impression|p2a: Diego
|-damage|p2a: Diego|30/100
|move|p2a: Diego|Scald|p1a: Slither Wing
|-damage|p1a: Slither Wing|81/100
|
|upkeep
|turn|25
|
|t:|1776071390
|move|p2a: Diego|Thunderbolt|p1a: Slither Wing
|-damage|p1a: Slither Wing|49/100
|move|p1a: Slither Wing|Earthquake|p2a: Diego
|-supereffective|p2a: Diego
|-crit|p2a: Diego
|-damage|p2a: Diego|0 fnt
|faint|p2a: Diego
|
|upkeep
|inactive|findamental has 120 seconds left.
|inactive|findamental has 90 seconds left.
|
|t:|1776071469
|switch|p2a: Entei|Entei|5/100
|-damage|p2a: Entei|0 fnt|[from] Stealth Rock
|faint|p2a: Entei
|
|win|Grandmaster Mura
|raw|Grandmaster Mura's rating: 1250 &rarr; <strong>1276</strong><br />(+26 for winning)
|raw|findamental's rating: 1265 &rarr; <strong>1239</strong><br />(-26 for losing)
|c|☆findamental|gg
|c|☆Grandmaster Mura|gg
|l|☆Grandmaster Mura
|player|p1|
|l|☆findamental
|player|p2|
