|html|<div class="broadcast-blue"><strong>[Gen 9] OU is currently suspecting Tera Blast! For information on how to participate check out the <a href="https://www.smogon.com/tools/suspects/view/200">suspect thread</a>.</strong></div>
|j|☆ikigai road 34
|j|☆arrchee
|t:|1776076235
|gametype|singles
|player|p1|ikigai road 34|266|1226
|player|p2|arrchee|n|1220
|gen|9
|tier|[Gen 9] OU
|rated|
|rule|HP Percentage Mod: HP is shown in percentages
|rule|Endless Battle Clause: Forcing endless battles is banned
|rule|Species Clause: Limit one of each Pokémon
|rule|OHKO Clause: OHKO moves are banned
|rule|Evasion Items Clause: Evasion items are banned
|rule|Evasion Moves Clause: Evasion moves are banned
|rule|Evasion Abilities Clause: Evasion abilities are banned
|rule|Sleep Moves Clause: Sleep-inducing moves are banned
|clearpoke
|poke|p1|Pelipper, F|
|poke|p1|Barraskewda, M|
|poke|p1|Cinderace, F|
|poke|p1|Scizor, M|
|poke|p1|Magnezone|
|poke|p1|Ludicolo, M|
|poke|p2|Great Tusk|
|poke|p2|Zapdos|
|poke|p2|Dragonite, F|
|poke|p2|Iron Valiant|
|poke|p2|Kingambit, M|
|poke|p2|Gholdengo|
|teampreview
|
|t:|1776076249
|teamsize|p1|6
|teamsize|p2|6
|start
|switch|p1a: Magnezone|Magnezone, shiny|100/100
|switch|p2a: Zapdos|Zapdos|100/100
|turn|1
|
|t:|1776076261
|switch|p2a: Great Tusk|Great Tusk|100/100
|move|p1a: Magnezone|Volt Switch|p2a: Great Tusk
|-immune|p2a: Great Tusk
|
|upkeep
|turn|2
|inactive|Battle timer is ON: inactive players will automatically lose when time's up. (requested by arrchee)
|
|t:|1776076283
|switch|p1a: Pelipper|Pelipper, F|100/100
|-weather|RainDance|[from] ability: Drizzle|[of] p1a: Pelipper
|move|p2a: Great Tusk|Stealth Rock|p1a: Pelipper
|-sidestart|p1: ikigai road 34|move: Stealth Rock
|
|-weather|RainDance|[upkeep]
|upkeep
|turn|3
|
|t:|1776076293
|move|p2a: Great Tusk|Knock Off|p1a: Pelipper
|-damage|p1a: Pelipper|79/100
|-enditem|p1a: Pelipper|Damp Rock|[from] move: Knock Off|[of] p2a: Great Tusk
|move|p1a: Pelipper|Hurricane|p2a: Great Tusk
|-supereffective|p2a: Great Tusk
|-damage|p2a: Great Tusk|1/100
|
|-weather|RainDance|[upkeep]
|-heal|p2a: Great Tusk|7/100|[from] item: Leftovers
|upkeep
|turn|4
|
|t:|1776076305
|-end|p2a: Great Tusk|Protosynthesis|[silent]
|switch|p2a: Zapdos|Zapdos|100/100
|move|p1a: Pelipper|U-turn|p2a: Zapdos
|-resisted|p2a: Zapdos
|-damage|p2a: Zapdos|98/100
|
|t:|1776076311
|switch|p1a: Cinderace|Cinderace, F|100/100|[from] U-turn
|
|-weather|RainDance|[upkeep]
|upkeep
|turn|5
|
|t:|1776076319
|move|p1a: Cinderace|Court Change|p1a: Cinderace
|-start|p1a: Cinderace|typechange|Normal|[from] ability: Libero
|-swapsideconditions
|-activate|p1a: Cinderace|move: Court Change
|move|p2a: Zapdos|Discharge|p1a: Cinderace
|-damage|p1a: Cinderace|50/100
|
|-weather|RainDance|[upkeep]
|upkeep
|turn|6
|
|t:|1776076330
|move|p1a: Cinderace|U-turn|p2a: Zapdos
|-resisted|p2a: Zapdos
|-damage|p2a: Zapdos|89/100
|
|t:|1776076358
|switch|p1a: Magnezone|Magnezone, shiny|100/100|[from] U-turn
|move|p2a: Zapdos|Discharge|p1a: Magnezone
|-resisted|p1a: Magnezone
|-damage|p1a: Magnezone|82/100
|
|-weather|RainDance|[upkeep]
|upkeep
|turn|7
|
|t:|1776076374
|move|p2a: Zapdos|Volt Switch|p1a: Magnezone
|-resisted|p1a: Magnezone
|-damage|p1a: Magnezone|67/100
|
|t:|1776076378
|switch|p2a: Great Tusk|Great Tusk|7/100|[from] Volt Switch
|-damage|p2a: Great Tusk|4/100|[from] Stealth Rock
|move|p1a: Magnezone|Flash Cannon|p2a: Great Tusk
|-damage|p2a: Great Tusk|0 fnt
|faint|p2a: Great Tusk
|-end|p2a: Great Tusk|Protosynthesis|[silent]
|
|-weather|RainDance|[upkeep]
|upkeep
|inactive|arrchee has 120 seconds left.
|
|t:|1776076404
|switch|p2a: Dragonite|Dragonite, F|100/100
|turn|8
|
|t:|1776076411
|move|p2a: Dragonite|Fire Punch|p1a: Magnezone
|-supereffective|p1a: Magnezone
|-damage|p1a: Magnezone|43/100
|move|p1a: Magnezone|Volt Switch|p2a: Dragonite
|-damage|p2a: Dragonite|72/100
|
|t:|1776076419
|switch|p1a: Ludicolo|Ludicolo, M|100/100|[from] Volt Switch
|
|-weather|RainDance|[upkeep]
|upkeep
|turn|9
|
|t:|1776076435
|move|p1a: Ludicolo|Ice Beam|p2a: Dragonite
|-supereffective|p2a: Dragonite
|-crit|p2a: Dragonite
|-damage|p2a: Dragonite|0 fnt
|faint|p2a: Dragonite
|
|-weather|none
|upkeep
|inactive|arrchee has 120 seconds left.
|
|t:|1776076448
|switch|p2a: Zapdos|Zapdos|89/100
|turn|10
|
|t:|1776076460
|switch|p1a: Magnezone|Magnezone, shiny|43/100
|move|p2a: Zapdos|Hurricane|p1a: Magnezone
|-resisted|p1a: Magnezone
|-damage|p1a: Magnezone|30/100
|
|upkeep
|turn|11
|
|t:|1776076467
|move|p2a: Zapdos|Discharge|p1a: Magnezone
|-resisted|p1a: Magnezone
|-damage|p1a: Magnezone|10/100
|move|p1a: Magnezone|Volt Switch|p2a: Zapdos
|-damage|p2a: Zapdos|39/100
|
|t:|1776076487
|switch|p1a: Pelipper|Pelipper, F|79/100|[from] Volt Switch
|-weather|RainDance|[from] ability: Drizzle|[of] p1a: Pelipper
|
|-weather|RainDance|[upkeep]
|upkeep
|turn|12
|
|t:|1776076495
|switch|p1a: Magnezone|Magnezone, shiny|10/100
|move|p2a: Zapdos|Discharge|p1a: Magnezone
|-resisted|p1a: Magnezone
|-damage|p1a: Magnezone|0 fnt
|faint|p1a: Magnezone
|
|-weather|RainDance|[upkeep]
|upkeep
|
|t:|1776076519
|switch|p1a: Ludicolo|Ludicolo, M|100/100
|turn|13
|
|t:|1776076524
|move|p1a: Ludicolo|Weather Ball|p2a: Zapdos
|-damage|p2a: Zapdos|0 fnt
|faint|p2a: Zapdos
|
|-weather|RainDance|[upkeep]
|upkeep
|inactive|arrchee has 120 seconds left.
|
|t:|1776076574
|switch|p2a: Gholdengo|Gholdengo|100/100
|-damage|p2a: Gholdengo|94/100|[from] Stealth Rock
|turn|14
|
|t:|1776076585
|move|p1a: Ludicolo|Weather Ball|p2a: Gholdengo
|-damage|p2a: Gholdengo|19/100
|move|p2a: Gholdengo|Shadow Ball|p1a: Ludicolo
|-damage|p1a: Ludicolo|50/100
|
|-weather|RainDance|[upkeep]
|upkeep
|turn|15
|
|t:|1776076597
|move|p1a: Ludicolo|Weather Ball|p2a: Gholdengo
|-damage|p2a: Gholdengo|0 fnt
|faint|p2a: Gholdengo
|
|-weather|none
|upkeep
|
|t:|1776076604
|switch|p2a: Kingambit|Kingambit, M|100/100
|-damage|p2a: Kingambit|94/100|[from] Stealth Rock
|-activate|p2a: Kingambit|ability: Supreme Overlord
|-start|p2a: Kingambit|fallen4|[silent]
|turn|16
|
|t:|1776076615
|switch|p1a: Pelipper|Pelipper, F|79/100
|-weather|RainDance|[from] ability: Drizzle|[of] p1a: Pelipper
|move|p2a: Kingambit|Kowtow Cleave|p1a: Pelipper
|-damage|p1a: Pelipper|13/100
|
|-weather|RainDance|[upkeep]
|upkeep
|turn|17
|
|t:|1776076625
|move|p2a: Kingambit|Swords Dance|p2a: Kingambit
|-boost|p2a: Kingambit|atk|2
|move|p1a: Pelipper|Hydro Pump|p2a: Kingambit
|-damage|p2a: Kingambit|29/100
|
|-weather|RainDance|[upkeep]
|upkeep
|turn|18
|
|t:|1776076635
|move|p2a: Kingambit|Sucker Punch|p1a: Pelipper
|-damage|p1a: Pelipper|0 fnt
|faint|p1a: Pelipper
|
|-weather|RainDance|[upkeep]
|upkeep
|
|t:|1776076651
|switch|p1a: Ludicolo|Ludicolo, M|50/100
|turn|19
|
|t:|1776076656
|switch|p1a: Cinderace|Cinderace, F|50/100
|move|p2a: Kingambit|Sucker Punch||[still]
|-fail|p2a: Kingambit
|
|-weather|RainDance|[upkeep]
|upkeep
|turn|20
|
|t:|1776076666
|move|p1a: Cinderace|Sucker Punch|p2a: Kingambit
|-start|p1a: Cinderace|typechange|Dark|[from] ability: Libero
|-resisted|p2a: Kingambit
|-damage|p2a: Kingambit|13/100
|move|p2a: Kingambit|Sucker Punch||[still]
|-fail|p2a: Kingambit
|
|-weather|none
|upkeep
|turn|21
|
|t:|1776076677
|move|p1a: Cinderace|U-turn|p2a: Kingambit
|-damage|p2a: Kingambit|0 fnt
|faint|p2a: Kingambit
|-end|p2a: Kingambit|fallen4|[silent]
|
|t:|1776076689
|switch|p1a: Scizor|Scizor, M|100/100|[from] U-turn
|
|upkeep
|
|t:|1776076693
|switch|p2a: Iron Valiant|Iron Valiant|100/100
|-damage|p2a: Iron Valiant|94/100|[from] Stealth Rock
|-enditem|p2a: Iron Valiant|Booster Energy
|-activate|p2a: Iron Valiant|ability: Quark Drive|[fromitem]
|-start|p2a: Iron Valiant|quarkdrivespe
|turn|22
|
|t:|1776076708
|-terastallize|p2a: Iron Valiant|Fairy
|move|p1a: Scizor|Bullet Punch|p2a: Iron Valiant
|-supereffective|p2a: Iron Valiant
|-damage|p2a: Iron Valiant|13/100
|move|p2a: Iron Valiant|Thunderbolt|p1a: Scizor
|-damage|p1a: Scizor|63/100
|
|-heal|p1a: Scizor|69/100|[from] item: Leftovers
|upkeep
|turn|23
|
|t:|1776076719
|move|p1a: Scizor|Bullet Punch|p2a: Iron Valiant
|-supereffective|p2a: Iron Valiant
|-damage|p2a: Iron Valiant|0 fnt
|faint|p2a: Iron Valiant
|-end|p2a: Iron Valiant|Quark Drive|[silent]
|
|win|ikigai road 34
|raw|ikigai road 34's rating: 1226 &rarr; <strong>1251</strong><br />(+25 for winning)
|raw|arrchee's rating: 1220 &rarr; <strong>1195</strong><br />(-25 for losing)
|l|☆ikigai road 34
|player|p1|
|l|☆arrchee
|player|p2|
