|html|<div class="broadcast-blue"><strong>[Gen 9] OU is currently suspecting Tera Blast! For information on how to participate check out the <a href="https://www.smogon.com/tools/suspects/view/200">suspect thread</a>.</strong></div>
|j|☆Osu Enjoyer
|j|☆Ufuifvlvcu
|t:|1776067216
|gametype|singles
|player|p1|Osu Enjoyer|rocketgrunt|1059
|player|p2|Ufuifvlvcu|101|1078
|gen|9
|tier|[Gen 9] OU
|rated|
|rule|HP Percentage Mod: HP is shown in percentages
|rule|Endless Battle Clause: Forcing endless battles is banned
|rule|Species Clause: Limit one of each Pokémon
|rule|OHKO Clause: OHKO moves are banned
|rule|Evasion Items Clause: Evasion items are banned
|rule|Evasion Moves Clause: Evasion moves are banned
|rule|Evasion Abilities Clause: Evasion abilities are banned
|rule|Sleep Moves Clause: Sleep-inducing moves are banned
|clearpoke
|poke|p1|Kingdra, F|
|poke|p1|Politoed, M|
|poke|p1|Scizor, M|
|poke|p1|Sandslash-Alola, M|
|poke|p1|Clodsire, F|
|poke|p1|Meowscarada, M|
|poke|p2|Eiscue, F|
|poke|p2|Abomasnow, M|
|poke|p2|Mandibuzz, F|
|poke|p2|Clodsire, M|
|poke|p2|Hydreigon, M|
|poke|p2|Whimsicott, M|
|teampreview
|
|t:|1776067225
|teamsize|p1|6
|teamsize|p2|6
|start
|switch|p1a: Scizor|Scizor, M|100/100
|switch|p2a: Clodsire|Clodsire, M|100/100
|turn|1
|
|t:|1776067232
|move|p1a: Scizor|U-turn|p2a: Clodsire
|-resisted|p2a: Clodsire
|-damage|p2a: Clodsire|80/100
|
|t:|1776067239
|switch|p1a: Clodsire|Clodsire, F|100/100|[from] U-turn
|move|p2a: Clodsire|Earthquake|p1a: Clodsire
|-supereffective|p1a: Clodsire
|-damage|p1a: Clodsire|37/100
|
|-heal|p1a: Clodsire|43/100|[from] item: Black Sludge
|upkeep
|turn|2
|
|t:|1776067252
|move|p1a: Clodsire|Earthquake|p2a: Clodsire
|-supereffective|p2a: Clodsire
|-damage|p2a: Clodsire|16/100
|move|p2a: Clodsire|Earthquake|p1a: Clodsire
|-supereffective|p1a: Clodsire
|-damage|p1a: Clodsire|0 fnt
|faint|p1a: Clodsire
|
|upkeep
|
|t:|1776067259
|switch|p1a: Scizor|Scizor, M|100/100
|turn|3
|
|t:|1776067267
|move|p1a: Scizor|Bullet Punch|p2a: Clodsire
|-damage|p2a: Clodsire|0 fnt
|faint|p2a: Clodsire
|
|upkeep
|
|t:|1776067276
|switch|p2a: Hydreigon|Hydreigon, M|100/100
|turn|4
|
|t:|1776067281
|move|p2a: Hydreigon|Dark Pulse|p1a: Scizor
|-damage|p1a: Scizor|37/100
|move|p1a: Scizor|U-turn|p2a: Hydreigon
|-supereffective|p2a: Hydreigon
|-damage|p2a: Hydreigon|2/100
|
|t:|1776067291
|switch|p1a: Politoed|Politoed, M|100/100|[from] U-turn
|-weather|RainDance|[from] ability: Drizzle|[of] p1a: Politoed
|
|-weather|RainDance|[upkeep]
|upkeep
|turn|5
|
|t:|1776067311
|move|p2a: Hydreigon|Dragon Pulse|p1a: Politoed
|-damage|p1a: Politoed|72/100
|move|p1a: Politoed|Focus Blast|p2a: Hydreigon
|-supereffective|p2a: Hydreigon
|-damage|p2a: Hydreigon|0 fnt
|faint|p2a: Hydreigon
|
|-weather|RainDance|[upkeep]
|upkeep
|
|t:|1776067319
|switch|p2a: Abomasnow|Abomasnow, M|100/100
|-weather|Snowscape|[from] ability: Snow Warning|[of] p2a: Abomasnow
|turn|6
|
|t:|1776067324
|switch|p1a: Sandslash|Sandslash-Alola, M|100/100
|-item|p1a: Sandslash|Air Balloon
|move|p2a: Abomasnow|Giga Drain|p1a: Sandslash
|-resisted|p1a: Sandslash
|-damage|p1a: Sandslash|71/100
|-enditem|p1a: Sandslash|Air Balloon
|
|-weather|Snowscape|[upkeep]
|upkeep
|turn|7
|
|t:|1776067339
|move|p1a: Sandslash|Knock Off|p2a: Abomasnow
|-damage|p2a: Abomasnow|77/100
|-enditem|p2a: Abomasnow|Leftovers|[from] move: Knock Off|[of] p1a: Sandslash
|move|p2a: Abomasnow|Earth Power|p1a: Sandslash
|-supereffective|p1a: Sandslash
|-damage|p1a: Sandslash|0 fnt
|faint|p1a: Sandslash
|
|-weather|Snowscape|[upkeep]
|upkeep
|
|t:|1776067347
|switch|p1a: Scizor|Scizor, M|37/100
|turn|8
|
|t:|1776067352
|-terastallize|p1a: Scizor|Steel
|move|p1a: Scizor|Bullet Punch|p2a: Abomasnow
|-supereffective|p2a: Abomasnow
|-damage|p2a: Abomasnow|12/100
|move|p2a: Abomasnow|Earth Power|p1a: Scizor
|-supereffective|p1a: Scizor
|-damage|p1a: Scizor|0 fnt
|faint|p1a: Scizor
|
|-weather|Snowscape|[upkeep]
|upkeep
|
|t:|1776067360
|switch|p1a: Politoed|Politoed, M|72/100
|-weather|RainDance|[from] ability: Drizzle|[of] p1a: Politoed
|turn|9
|
|t:|1776067366
|move|p1a: Politoed|Focus Blast|p2a: Abomasnow
|-supereffective|p2a: Abomasnow
|-damage|p2a: Abomasnow|0 fnt
|faint|p2a: Abomasnow
|
|-weather|RainDance|[upkeep]
|upkeep
|
|t:|1776067370
|switch|p2a: Mandibuzz|Mandibuzz, F|100/100
|turn|10
|
|t:|1776067377
|move|p2a: Mandibuzz|Toxic|p1a: Politoed
|-status|p1a: Politoed|tox
|move|p1a: Politoed|Ice Beam|p2a: Mandibuzz
|-supereffective|p2a: Mandibuzz
|-damage|p2a: Mandibuzz|77/100
|
|-weather|RainDance|[upkeep]
|-heal|p2a: Mandibuzz|83/100|[from] item: Leftovers
|-damage|p1a: Politoed|66/100 tox|[from] psn
|upkeep
|turn|11
|
|t:|1776067385
|switch|p1a: Meowscarada|Meowscarada, M|100/100
|move|p2a: Mandibuzz|Foul Play|p1a: Meowscarada
|-resisted|p1a: Meowscarada
|-damage|p1a: Meowscarada|65/100
|
|-weather|RainDance|[upkeep]
|-heal|p2a: Mandibuzz|89/100|[from] item: Leftovers
|upkeep
|turn|12
|
|t:|1776067392
|move|p1a: Meowscarada|Trick|p2a: Mandibuzz
|-start|p1a: Meowscarada|typechange|Psychic|[from] ability: Protean
|-activate|p1a: Meowscarada|move: Trick|[of] p2a: Mandibuzz
|-item|p2a: Mandibuzz|Choice Scarf|[from] move: Trick
|-item|p1a: Meowscarada|Leftovers|[from] move: Trick
|move|p2a: Mandibuzz|Toxic|p1a: Meowscarada
|-status|p1a: Meowscarada|tox
|
|-weather|RainDance|[upkeep]
|-heal|p1a: Meowscarada|71/100 tox|[from] item: Leftovers
|-damage|p1a: Meowscarada|65/100 tox|[from] psn
|upkeep
|turn|13
|
|t:|1776067406
|switch|p1a: Kingdra|Kingdra, F|100/100
|switch|p2a: Whimsicott|Whimsicott, M|100/100
|
|-weather|RainDance|[upkeep]
|upkeep
|turn|14
|
|t:|1776067419
|move|p2a: Whimsicott|Cotton Guard|p2a: Whimsicott
|-boost|p2a: Whimsicott|def|3
|move|p1a: Kingdra|Hurricane|p2a: Whimsicott
|-supereffective|p2a: Whimsicott
|-damage|p2a: Whimsicott|0 fnt
|faint|p2a: Whimsicott
|
|-weather|RainDance|[upkeep]
|upkeep
|
|t:|1776067428
|switch|p2a: Mandibuzz|Mandibuzz, F|89/100
|turn|15
|
|t:|1776067431
|move|p1a: Kingdra|Hurricane|p2a: Mandibuzz
|-damage|p2a: Mandibuzz|58/100
|move|p2a: Mandibuzz|Foul Play|p1a: Kingdra
|-damage|p1a: Kingdra|72/100
|
|-weather|RainDance|[upkeep]
|upkeep
|turn|16
|
|t:|1776067437
|move|p1a: Kingdra|Hurricane|p2a: Mandibuzz
|-damage|p2a: Mandibuzz|29/100
|move|p2a: Mandibuzz|Foul Play|p1a: Kingdra
|-damage|p1a: Kingdra|40/100
|
|-weather|none
|upkeep
|turn|17
|
|t:|1776067444
|move|p2a: Mandibuzz|Foul Play|p1a: Kingdra
|-damage|p1a: Kingdra|11/100
|move|p1a: Kingdra|Hurricane|p2a: Mandibuzz|[miss]
|-miss|p1a: Kingdra|p2a: Mandibuzz
|
|upkeep
|turn|18
|
|t:|1776067450
|switch|p1a: Meowscarada|Meowscarada, M|65/100 tox
|move|p2a: Mandibuzz|Foul Play|p1a: Meowscarada
|-resisted|p1a: Meowscarada
|-damage|p1a: Meowscarada|30/100 tox
|
|-heal|p1a: Meowscarada|36/100 tox|[from] item: Leftovers
|-damage|p1a: Meowscarada|30/100 tox|[from] psn
|upkeep
|turn|19
|
|t:|1776067458
|move|p1a: Meowscarada|Thunder Punch|p2a: Mandibuzz
|-start|p1a: Meowscarada|typechange|Electric|[from] ability: Protean
|-supereffective|p2a: Mandibuzz
|-damage|p2a: Mandibuzz|0 fnt
|faint|p2a: Mandibuzz
|
|-heal|p1a: Meowscarada|36/100 tox|[from] item: Leftovers
|-damage|p1a: Meowscarada|24/100 tox|[from] psn
|upkeep
|
|t:|1776067463
|switch|p2a: Eiscue|Eiscue, F, shiny|100/100
|turn|20
|
|t:|1776067473
|move|p1a: Meowscarada|Thunder Punch|p2a: Eiscue
|-activate|p2a: Eiscue|ability: Ice Face
|-damage|p2a: Eiscue|100/100
|detailschange|p2a: Eiscue|Eiscue-Noice, F, shiny
|move|p2a: Eiscue|Belly Drum|p2a: Eiscue
|-damage|p2a: Eiscue|51/100
|-setboost|p2a: Eiscue|atk|6|[from] move: Belly Drum
|
|-heal|p1a: Meowscarada|30/100 tox|[from] item: Leftovers
|-damage|p1a: Meowscarada|11/100 tox|[from] psn
|upkeep
|turn|21
|
|t:|1776067487
|move|p2a: Eiscue|Zen Headbutt|p1a: Meowscarada
|-damage|p1a: Meowscarada|0 fnt
|faint|p1a: Meowscarada
|
|upkeep
|
|t:|1776067491
|switch|p1a: Politoed|Politoed, M|66/100 tox
|-weather|RainDance|[from] ability: Drizzle|[of] p1a: Politoed
|turn|22
|
|t:|1776067496
|-terastallize|p2a: Eiscue|Water
|move|p2a: Eiscue|Zen Headbutt|p1a: Politoed
|-damage|p1a: Politoed|0 fnt
|faint|p1a: Politoed
|
|-weather|RainDance|[upkeep]
|upkeep
|
|t:|1776067502
|switch|p1a: Kingdra|Kingdra, F|11/100
|turn|23
|
|t:|1776067508
|move|p1a: Kingdra|Hurricane|p2a: Eiscue
|-damage|p2a: Eiscue|0 fnt
|faint|p2a: Eiscue
|
|win|Osu Enjoyer
|raw|Osu Enjoyer's rating: 1059 &rarr; <strong>1092</strong><br />(+33 for winning)
|raw|Ufuifvlvcu's rating: 1078 &rarr; <strong>1055</strong><br />(-23 for losing)
|l|☆Osu Enjoyer
|player|p1|
|l|☆Ufuifvlvcu
|player|p2|
