|html|<div class="broadcast-blue"><strong>[Gen 9] OU is currently suspecting Tera Blast! For information on how to participate check out the <a href="https://www.smogon.com/tools/suspects/view/200">suspect thread</a>.</strong></div>
|j|☆TristanPlaysPKMN
|j|☆thefirstlover
|t:|1776081951
|gametype|singles
|player|p1|TristanPlaysPKMN|ghetsis|1177
|player|p2|thefirstlover|101|1175
|gen|9
|tier|[Gen 9] OU
|rated|
|rule|HP Percentage Mod: HP is shown in percentages
|rule|Endless Battle Clause: Forcing endless battles is banned
|rule|Species Clause: Limit one of each Pokémon
|rule|OHKO Clause: OHKO moves are banned
|rule|Evasion Items Clause: Evasion items are banned
|rule|Evasion Moves Clause: Evasion moves are banned
|rule|Evasion Abilities Clause: Evasion abilities are banned
|rule|Sleep Moves Clause: Sleep-inducing moves are banned
|clearpoke
|poke|p1|Gogoat, M|
|poke|p1|Ceruledge, M|
|poke|p1|Raging Bolt|
|poke|p1|Garganacl, F|
|poke|p1|Araquanid, M|
|poke|p1|Braviary-Hisui, M|
|poke|p2|Ursaluna, F|
|poke|p2|Kingambit, F|
|poke|p2|Iron Hands|
|poke|p2|Hatterene, F|
|poke|p2|Clodsire, M|
|poke|p2|Carbink, L1|
|teampreview
|inactive|Battle timer is ON: inactive players will automatically lose when time's up. (requested by TristanPlaysPKMN)
|
|t:|1776081965
|teamsize|p1|6
|teamsize|p2|6
|start
|switch|p1a: Plip|Araquanid, M, shiny|100/100
|switch|p2a: Carbink|Carbink, L1|100/100
|turn|1
|
|t:|1776081972
|move|p1a: Plip|Sticky Web|p2a: Carbink
|-sidestart|p2: thefirstlover|move: Sticky Web
|move|p2a: Carbink|Trick Room|p2a: Carbink
|-fieldstart|move: Trick Room|[of] p2a: Carbink
|
|-damage|p2a: Carbink|92/100|[from] item: Black Sludge
|upkeep
|turn|2
|
|t:|1776081982
|move|p2a: Carbink|Endeavor|p1a: Plip
|-damage|p1a: Plip|4/100
|move|p1a: Plip|Surf|p2a: Carbink
|-supereffective|p2a: Carbink
|-damage|p2a: Carbink|0 fnt
|faint|p2a: Carbink
|
|upkeep
|
|t:|1776081991
|switch|p2a: The Hands|Iron Hands|100/100
|-activate|p2a: The Hands|move: Sticky Web
|-unboost|p2a: The Hands|spe|1
|-enditem|p2a: The Hands|Booster Energy
|-activate|p2a: The Hands|ability: Quark Drive|[fromitem]
|-start|p2a: The Hands|quarkdriveatk
|turn|3
|-enditem|p1a: Plip|Custap Berry|[eat]
|-activate|p1a: Plip|item: Custap Berry|[consumed]
|
|t:|1776081999
|move|p1a: Plip|Endeavor|p2a: The Hands
|-damage|p2a: The Hands|3/100
|move|p2a: The Hands|Swords Dance|p2a: The Hands
|-boost|p2a: The Hands|atk|2
|
|upkeep
|turn|4
|
|t:|1776082014
|move|p1a: Plip|Endure|p1a: Plip
|-singleturn|p1a: Plip|move: Endure
|move|p2a: The Hands|Drain Punch|p1a: Plip
|-resisted|p1a: Plip
|-activate|p1a: Plip|move: Endure
|-damage|p1a: Plip|1/100
|-heal|p2a: The Hands|4/100|[from] drain|[of] p1a: Plip
|
|upkeep
|turn|5
|
|t:|1776082031
|move|p2a: The Hands|Ice Punch|p1a: Plip
|-resisted|p1a: Plip
|-damage|p1a: Plip|0 fnt
|faint|p1a: Plip
|
|-fieldend|move: Trick Room
|upkeep
|
|t:|1776082035
|switch|p1a: Swordsman|Ceruledge, M, shiny|100/100
|turn|6
|
|t:|1776082040
|move|p1a: Swordsman|Shadow Sneak|p2a: The Hands
|-damage|p2a: The Hands|0 fnt
|faint|p2a: The Hands
|-end|p2a: The Hands|Quark Drive|[silent]
|
|upkeep
|
|t:|1776082043
|switch|p2a: The Hat|Hatterene, F|100/100
|-activate|p2a: The Hat|move: Sticky Web
|-unboost|p2a: The Hat|spe|1
|turn|7
|
|t:|1776082048
|move|p1a: Swordsman|Swords Dance|p1a: Swordsman
|-boost|p1a: Swordsman|atk|2
|move|p2a: The Hat|Trick Room|p2a: The Hat
|-fieldstart|move: Trick Room|[of] p2a: The Hat
|
|upkeep
|turn|8
|
|t:|1776082058
|move|p1a: Swordsman|Shadow Sneak|p2a: The Hat
|-supereffective|p2a: The Hat
|-damage|p2a: The Hat|21/100
|move|p2a: The Hat|Healing Wish|p2a: The Hat
|faint|p2a: The Hat
|
|upkeep
|
|t:|1776082067
|switch|p2a: The Bear|Ursaluna, F|100/100
|-activate|p2a: The Bear|move: Sticky Web
|-unboost|p2a: The Bear|spe|1
|turn|9
|
|t:|1776082080
|-terastallize|p1a: Swordsman|Fighting
|move|p2a: The Bear|Crunch|p1a: Swordsman
|-resisted|p1a: Swordsman
|-damage|p1a: Swordsman|79/100
|-ability|p1a: Swordsman|Weak Armor|boost
|-unboost|p1a: Swordsman|def|1
|-boost|p1a: Swordsman|spe|2
|move|p1a: Swordsman|Close Combat|p2a: The Bear
|-supereffective|p2a: The Bear
|-crit|p2a: The Bear
|-damage|p2a: The Bear|0 fnt
|-unboost|p1a: Swordsman|def|1
|-unboost|p1a: Swordsman|spd|1
|faint|p2a: The Bear
|
|upkeep
|
|t:|1776082085
|switch|p2a: The King|Kingambit, F|100/100
|-activate|p2a: The King|move: Sticky Web
|-unboost|p2a: The King|spe|1
|-activate|p2a: The King|ability: Supreme Overlord
|-start|p2a: The King|fallen4|[silent]
|turn|10
|
|t:|1776082091
|move|p2a: The King|Iron Head|p1a: Swordsman
|-damage|p1a: Swordsman|0 fnt
|faint|p1a: Swordsman
|
|upkeep
|
|t:|1776082099
|switch|p1a: TargetOfAffection|Raging Bolt|100/100
|-enditem|p1a: TargetOfAffection|Booster Energy
|-activate|p1a: TargetOfAffection|ability: Protosynthesis|[fromitem]
|-start|p1a: TargetOfAffection|protosynthesisspa
|turn|11
|
|t:|1776082111
|-end|p2a: The King|fallen4|[silent]
|switch|p2a: Clodsire|Clodsire, M|100/100
|-activate|p2a: Clodsire|move: Sticky Web
|-unboost|p2a: Clodsire|spe|1
|move|p1a: TargetOfAffection|Thunderclap||[still]
|-fail|p1a: TargetOfAffection
|
|-fieldend|move: Trick Room
|upkeep
|turn|12
|
|t:|1776082124
|move|p1a: TargetOfAffection|Calm Mind|p1a: TargetOfAffection
|-boost|p1a: TargetOfAffection|spa|1
|-boost|p1a: TargetOfAffection|spd|1
|move|p2a: Clodsire|Toxic|p1a: TargetOfAffection
|-status|p1a: TargetOfAffection|tox
|
|-damage|p1a: TargetOfAffection|94/100 tox|[from] psn
|upkeep
|turn|13
|
|t:|1776082131
|move|p1a: TargetOfAffection|Draco Meteor|p2a: Clodsire
|-damage|p2a: Clodsire|32/100
|-unboost|p1a: TargetOfAffection|spa|2
|move|p2a: Clodsire|Haze|p2a: Clodsire
|-clearallboost
|
|-heal|p2a: Clodsire|38/100|[from] item: Leftovers
|-damage|p1a: TargetOfAffection|82/100 tox|[from] psn
|upkeep
|turn|14
|
|t:|1776082137
|move|p1a: TargetOfAffection|Draco Meteor|p2a: Clodsire
|-damage|p2a: Clodsire|0 fnt
|-unboost|p1a: TargetOfAffection|spa|2
|faint|p2a: Clodsire
|
|-damage|p1a: TargetOfAffection|64/100 tox|[from] psn
|upkeep
|
|t:|1776082140
|switch|p2a: The King|Kingambit, F|100/100
|-activate|p2a: The King|move: Sticky Web
|-unboost|p2a: The King|spe|1
|-activate|p2a: The King|ability: Supreme Overlord
|-start|p2a: The King|fallen5|[silent]
|turn|15
|
|t:|1776082165
|move|p1a: TargetOfAffection|Thunderclap||[still]
|-fail|p1a: TargetOfAffection
|move|p2a: The King|Swords Dance|p2a: The King
|-boost|p2a: The King|atk|2
|
|-damage|p1a: TargetOfAffection|39/100 tox|[from] psn
|upkeep
|turn|16
|
|t:|1776082171
|move|p1a: TargetOfAffection|Thunderclap|p2a: The King
|-crit|p2a: The King
|-damage|p2a: The King|19/100
|move|p2a: The King|Sucker Punch||[still]
|-fail|p2a: The King
|
|-damage|p1a: TargetOfAffection|8/100 tox|[from] psn
|upkeep
|turn|17
|
|t:|1776082176
|move|p1a: TargetOfAffection|Thunderclap|p2a: The King
|-damage|p2a: The King|0 fnt
|faint|p2a: The King
|-end|p2a: The King|fallen5|[silent]
|
|win|TristanPlaysPKMN
|raw|TristanPlaysPKMN's rating: 1177 &rarr; <strong>1202</strong><br />(+25 for winning)
|raw|thefirstlover's rating: 1175 &rarr; <strong>1150</strong><br />(-25 for losing)
|l|☆thefirstlover
|player|p2|
|l|☆TristanPlaysPKMN
|player|p1|
