|html|<div class="broadcast-blue"><strong>[Gen 9] OU is currently suspecting Tera Blast! For information on how to participate check out the <a href="https://www.smogon.com/tools/suspects/view/200">suspect thread</a>.</strong></div>
|j|☆dread_nex
|j|☆HeavenlyNiko
|t:|1776306229
|gametype|singles
|player|p1|dread_nex|red|1098
|player|p2|HeavenlyNiko|ghetsis-gen5bw|1144
|gen|9
|tier|[Gen 9] OU
|rated|
|rule|HP Percentage Mod: HP is shown in percentages
|rule|Endless Battle Clause: Forcing endless battles is banned
|rule|Species Clause: Limit one of each Pokémon
|rule|OHKO Clause: OHKO moves are banned
|rule|Evasion Items Clause: Evasion items are banned
|rule|Evasion Moves Clause: Evasion moves are banned
|rule|Evasion Abilities Clause: Evasion abilities are banned
|rule|Sleep Moves Clause: Sleep-inducing moves are banned
|clearpoke
|poke|p1|Meowscarada, M|
|poke|p1|Sandy Shocks|
|poke|p1|Clodsire, M|
|poke|p1|Flamigo, M|
|poke|p1|Ceruledge, M|
|poke|p1|Garganacl, M|
|poke|p2|Darkrai|
|poke|p2|Dragapult, F|
|poke|p2|Gholdengo|
|poke|p2|Kingambit, F|
|poke|p2|Ceruledge, M|
|poke|p2|Ninetales-Alola, F|
|teampreview
|inactive|Battle timer is ON: inactive players will automatically lose when time's up. (requested by dread_nex)
|
|t:|1776306247
|teamsize|p1|6
|teamsize|p2|6
|start
|switch|p1a: Sandy Shocks|Sandy Shocks, shiny|100/100
|switch|p2a: Ninetales|Ninetales-Alola, F|100/100
|-weather|Snowscape|[from] ability: Snow Warning|[of] p2a: Ninetales
|-enditem|p1a: Sandy Shocks|Booster Energy
|-activate|p1a: Sandy Shocks|ability: Protosynthesis|[fromitem]
|-start|p1a: Sandy Shocks|protosynthesisspe
|turn|1
|
|t:|1776306252
|move|p1a: Sandy Shocks|Stealth Rock|p2a: Ninetales
|-sidestart|p2: HeavenlyNiko|move: Stealth Rock
|move|p2a: Ninetales|Aurora Veil|p2a: Ninetales
|-sidestart|p2: HeavenlyNiko|move: Aurora Veil
|
|-weather|Snowscape|[upkeep]
|upkeep
|turn|2
|
|t:|1776306257
|move|p1a: Sandy Shocks|Volt Switch|p2a: Ninetales
|-damage|p2a: Ninetales|82/100
|
|t:|1776306263
|-end|p1a: Sandy Shocks|Protosynthesis|[silent]
|switch|p1a: Ceruledge|Ceruledge, M, shiny|100/100|[from] Volt Switch
|move|p2a: Ninetales|Encore||[still]
|-fail|p2a: Ninetales
|
|-weather|Snowscape|[upkeep]
|upkeep
|turn|3
|
|t:|1776306270
|switch|p2a: Darkrai|Darkrai|100/100
|-damage|p2a: Darkrai|88/100|[from] Stealth Rock
|move|p1a: Ceruledge|Bitter Blade|p2a: Darkrai
|-damage|p2a: Darkrai|54/100
|
|-weather|Snowscape|[upkeep]
|upkeep
|turn|4
|
|t:|1776306279
|move|p2a: Darkrai|Dark Pulse|p1a: Ceruledge
|-supereffective|p1a: Ceruledge
|-enditem|p1a: Ceruledge|Focus Sash
|-damage|p1a: Ceruledge|1/100
|move|p1a: Ceruledge|Close Combat|p2a: Darkrai
|-supereffective|p2a: Darkrai
|-damage|p2a: Darkrai|0 fnt
|-unboost|p1a: Ceruledge|def|1
|-unboost|p1a: Ceruledge|spd|1
|faint|p2a: Darkrai
|
|-weather|Snowscape|[upkeep]
|upkeep
|
|t:|1776306292
|switch|p2a: Kingambit|Kingambit, F|100/100
|-damage|p2a: Kingambit|94/100|[from] Stealth Rock
|-activate|p2a: Kingambit|ability: Supreme Overlord
|-start|p2a: Kingambit|fallen1|[silent]
|turn|5
|
|t:|1776306300
|switch|p1a: Garganacl|Garganacl, M, shiny|100/100
|move|p2a: Kingambit|Sucker Punch||[still]
|-fail|p2a: Kingambit
|
|-weather|none
|upkeep
|turn|6
|
|t:|1776306309
|move|p2a: Kingambit|Swords Dance|p2a: Kingambit
|-boost|p2a: Kingambit|atk|2
|move|p1a: Garganacl|Iron Defense|p1a: Garganacl
|-boost|p1a: Garganacl|def|2
|
|upkeep
|turn|7
|
|t:|1776306314
|move|p2a: Kingambit|Swords Dance|p2a: Kingambit
|-boost|p2a: Kingambit|atk|2
|move|p1a: Garganacl|Iron Defense|p1a: Garganacl
|-boost|p1a: Garganacl|def|2
|
|upkeep
|turn|8
|
|t:|1776306318
|move|p2a: Kingambit|Swords Dance|p2a: Kingambit
|-boost|p2a: Kingambit|atk|2
|move|p1a: Garganacl|Body Press|p2a: Kingambit
|-supereffective|p2a: Kingambit
|-damage|p2a: Kingambit|0 fnt
|faint|p2a: Kingambit
|-end|p2a: Kingambit|fallen1|[silent]
|
|-sideend|p2: HeavenlyNiko|move: Aurora Veil
|upkeep
|
|t:|1776306324
|switch|p2a: Dragapult|Dragapult, F|100/100
|-damage|p2a: Dragapult|88/100|[from] Stealth Rock
|turn|9
|
|t:|1776306344
|-terastallize|p2a: Dragapult|Dragon
|move|p2a: Dragapult|Draco Meteor|p1a: Garganacl
|-damage|p1a: Garganacl|33/100
|-unboost|p2a: Dragapult|spa|2
|-damage|p2a: Dragapult|78/100|[from] item: Life Orb
|move|p1a: Garganacl|Salt Cure|p2a: Dragapult
|-damage|p2a: Dragapult|59/100
|-start|p2a: Dragapult|Salt Cure
|
|-heal|p1a: Garganacl|39/100|[from] item: Leftovers
|-damage|p2a: Dragapult|47/100|[from] Salt Cure
|upkeep
|turn|10
|
|t:|1776306358
|switch|p1a: Clodsire|Clodsire, M, shiny|100/100
|move|p2a: Dragapult|Draco Meteor|p1a: Clodsire
|-damage|p1a: Clodsire|51/100
|-unboost|p2a: Dragapult|spa|2
|-damage|p2a: Dragapult|37/100|[from] item: Life Orb
|
|-damage|p2a: Dragapult|25/100|[from] Salt Cure
|upkeep
|turn|11
|
|t:|1776306371
|move|p2a: Dragapult|Draco Meteor|p1a: Clodsire
|-damage|p1a: Clodsire|0 fnt
|-unboost|p2a: Dragapult|spa|2
|faint|p1a: Clodsire
|-damage|p2a: Dragapult|15/100|[from] item: Life Orb
|
|-damage|p2a: Dragapult|3/100|[from] Salt Cure
|upkeep
|
|t:|1776306379
|switch|p1a: Ceruledge|Ceruledge, M, shiny|1/100
|turn|12
|
|t:|1776306382
|move|p1a: Ceruledge|Shadow Sneak|p2a: Dragapult
|-damage|p2a: Dragapult|0 fnt
|faint|p2a: Dragapult
|
|upkeep
|
|t:|1776306384
|switch|p2a: Ceruledge|Ceruledge, M|100/100
|-damage|p2a: Ceruledge|76/100|[from] Stealth Rock
|turn|13
|
|t:|1776306387
|move|p2a: Ceruledge|Shadow Sneak|p1a: Ceruledge
|-supereffective|p1a: Ceruledge
|-damage|p1a: Ceruledge|0 fnt
|faint|p1a: Ceruledge
|-damage|p2a: Ceruledge|66/100|[from] item: Life Orb
|
|upkeep
|
|t:|1776306408
|switch|p1a: Sandy Shocks|Sandy Shocks, shiny|100/100
|turn|14
|
|t:|1776306413
|move|p1a: Sandy Shocks|Earth Power|p2a: Ceruledge
|-supereffective|p2a: Ceruledge
|-damage|p2a: Ceruledge|0 fnt
|faint|p2a: Ceruledge
|
|upkeep
|
|t:|1776306417
|switch|p2a: Gholdengo|Gholdengo|100/100
|-damage|p2a: Gholdengo|94/100|[from] Stealth Rock
|turn|15
|
|t:|1776306421
|move|p2a: Gholdengo|Shadow Ball|p1a: Sandy Shocks
|-damage|p1a: Sandy Shocks|48/100
|move|p1a: Sandy Shocks|Earth Power|p2a: Gholdengo
|-supereffective|p2a: Gholdengo
|-crit|p2a: Gholdengo
|-damage|p2a: Gholdengo|0 fnt
|faint|p2a: Gholdengo
|
|upkeep
|
|t:|1776306426
|switch|p2a: Ninetales|Ninetales-Alola, F|82/100
|-damage|p2a: Ninetales|57/100|[from] Stealth Rock
|-weather|Snowscape|[from] ability: Snow Warning|[of] p2a: Ninetales
|turn|16
|
|t:|1776306430
|move|p2a: Ninetales|Blizzard|p1a: Sandy Shocks
|-supereffective|p1a: Sandy Shocks
|-damage|p1a: Sandy Shocks|0 fnt
|faint|p1a: Sandy Shocks
|-end|p1a: Sandy Shocks|Protosynthesis|[silent]
|
|-weather|Snowscape|[upkeep]
|upkeep
|
|t:|1776306434
|switch|p1a: Flamigo|Flamigo, M|100/100
|turn|17
|
|t:|1776306437
|-terastallize|p1a: Flamigo|Fighting
|move|p2a: Ninetales|Aurora Veil|p2a: Ninetales
|-sidestart|p2: HeavenlyNiko|move: Aurora Veil
|move|p1a: Flamigo|Close Combat|p2a: Ninetales
|-damage|p2a: Ninetales|11/100
|-unboost|p1a: Flamigo|def|1
|-unboost|p1a: Flamigo|spd|1
|-damage|p1a: Flamigo|91/100|[from] item: Life Orb
|
|-weather|Snowscape|[upkeep]
|upkeep
|turn|18
|
|t:|1776306442
|move|p2a: Ninetales|Blizzard|p1a: Flamigo
|-damage|p1a: Flamigo|0 fnt
|faint|p1a: Flamigo
|
|-weather|Snowscape|[upkeep]
|upkeep
|
|t:|1776306453
|switch|p1a: Meowscarada|Meowscarada, M|100/100
|turn|19
|
|t:|1776306456
|move|p1a: Meowscarada|U-turn|p2a: Ninetales
|-start|p1a: Meowscarada|typechange|Bug|[from] ability: Protean
|-resisted|p2a: Ninetales
|-damage|p2a: Ninetales|2/100
|
|t:|1776306460
|switch|p1a: Garganacl|Garganacl, M, shiny|39/100|[from] U-turn
|move|p2a: Ninetales|Blizzard|p1a: Garganacl
|-damage|p1a: Garganacl|13/100
|
|-weather|Snowscape|[upkeep]
|-heal|p1a: Garganacl|19/100|[from] item: Leftovers
|upkeep
|turn|20
|
|t:|1776306468
|move|p2a: Ninetales|Blizzard|p1a: Garganacl
|-damage|p1a: Garganacl|0 fnt
|faint|p1a: Garganacl
|
|-weather|none
|upkeep
|
|t:|1776306471
|switch|p1a: Meowscarada|Meowscarada, M|100/100
|turn|21
|
|t:|1776306480
|move|p1a: Meowscarada|Play Rough|p2a: Ninetales
|-start|p1a: Meowscarada|typechange|Fairy|[from] ability: Protean
|-damage|p2a: Ninetales|0 fnt
|faint|p2a: Ninetales
|
|win|dread_nex
|raw|dread_nex's rating: 1098 &rarr; <strong>1127</strong><br />(+29 for winning)
|raw|HeavenlyNiko's rating: 1144 &rarr; <strong>1116</strong><br />(-28 for losing)
|l|☆HeavenlyNiko
|player|p2|
|l|☆dread_nex
|player|p1|
|j|☆dread_nex
|player|p1|dread_nex|red|
