|html|<div class="broadcast-blue"><strong>[Gen 9] OU is currently suspecting Tera Blast! For information on how to participate check out the <a href="https://www.smogon.com/tools/suspects/view/200">suspect thread</a>.</strong></div>
|j|☆vkasb
|j|☆SlNGULARlTY
|t:|1776282305
|gametype|singles
|player|p1|vkasb|2|1476
|player|p2|SlNGULARlTY|koga|1437
|gen|9
|tier|[Gen 9] OU
|rated|
|rule|HP Percentage Mod: HP is shown in percentages
|rule|Endless Battle Clause: Forcing endless battles is banned
|rule|Species Clause: Limit one of each Pokémon
|rule|OHKO Clause: OHKO moves are banned
|rule|Evasion Items Clause: Evasion items are banned
|rule|Evasion Moves Clause: Evasion moves are banned
|rule|Evasion Abilities Clause: Evasion abilities are banned
|rule|Sleep Moves Clause: Sleep-inducing moves are banned
|clearpoke
|poke|p1|Dragapult, M|
|poke|p1|Duraludon, F|
|poke|p1|Raging Bolt|
|poke|p1|Walking Wake|
|poke|p1|Noivern, F|
|poke|p1|Dragalge, F|
|poke|p2|Clefable, F|
|poke|p2|Slowking-Galar, M|
|poke|p2|Iron Hands|
|poke|p2|Raging Bolt|
|poke|p2|Iron Valiant|
|poke|p2|Pincurchin, M|
|teampreview
|inactive|Battle timer is ON: inactive players will automatically lose when time's up. (requested by SlNGULARlTY)
|inactive|SlNGULARlTY has 120 seconds left.
|
|t:|1776282353
|teamsize|p1|6
|teamsize|p2|6
|start
|switch|p1a: Dragapult|Dragapult, M|100/100
|switch|p2a: Clefable|Clefable, F|100/100
|turn|1
|
|t:|1776282361
|move|p1a: Dragapult|U-turn|p2a: Clefable
|-resisted|p2a: Clefable
|-damage|p2a: Clefable|85/100
|-damage|p1a: Dragapult|91/100|[from] item: Life Orb
|
|t:|1776282365
|switch|p1a: Dragalge|Dragalge, F|100/100|[from] U-turn
|move|p2a: Clefable|Trick|p1a: Dragalge
|-activate|p2a: Clefable|move: Trick|[of] p1a: Dragalge
|-item|p1a: Dragalge|Lagging Tail|[from] move: Trick
|-item|p2a: Clefable|Assault Vest|[from] move: Trick
|
|upkeep
|turn|2
|
|t:|1776282379
|switch|p2a: Slowking|Slowking-Galar, M|100/100
|move|p1a: Dragalge|Poison Tail|p2a: Slowking
|-resisted|p2a: Slowking
|-damage|p2a: Slowking|94/100
|
|upkeep
|turn|3
|
|t:|1776282385
|move|p2a: Slowking|Future Sight|p1a: Dragalge
|-start|p2a: Slowking|move: Future Sight
|move|p1a: Dragalge|Flip Turn|p2a: Slowking
|-damage|p2a: Slowking|83/100
|
|t:|1776282393
|switch|p1a: Raging Bolt|Raging Bolt|100/100|[from] Flip Turn
|
|upkeep
|turn|4
|
|t:|1776282398
|move|p1a: Raging Bolt|Calm Mind|p1a: Raging Bolt
|-boost|p1a: Raging Bolt|spa|1
|-boost|p1a: Raging Bolt|spd|1
|move|p2a: Slowking|Trick Room|p2a: Slowking
|-fieldstart|move: Trick Room|[of] p2a: Slowking
|
|upkeep
|turn|5
|
|t:|1776282403
|-prepare|p2a: Slowking|Chilly Reception|[premajor]
|move|p2a: Slowking|Chilly Reception|p2a: Slowking
|-weather|Snowscape
|
|t:|1776282405
|switch|p2a: Clefable|Clefable, F|85/100|[from] Chilly Reception
|move|p1a: Raging Bolt|Calm Mind|p1a: Raging Bolt
|-boost|p1a: Raging Bolt|spa|1
|-boost|p1a: Raging Bolt|spd|1
|
|-weather|Snowscape|[upkeep]
|-end|p1a: Raging Bolt|move: Future Sight
|-damage|p1a: Raging Bolt|82/100
|upkeep
|turn|6
|
|t:|1776282415
|move|p2a: Clefable|Moonblast|p1a: Raging Bolt
|-supereffective|p1a: Raging Bolt
|-damage|p1a: Raging Bolt|26/100
|move|p1a: Raging Bolt|Thunderbolt|p2a: Clefable
|-damage|p2a: Clefable|54/100
|-damage|p1a: Raging Bolt|17/100|[from] item: Life Orb
|
|-weather|Snowscape|[upkeep]
|upkeep
|turn|7
|
|t:|1776282423
|-end|p1a: Raging Bolt|Protosynthesis|[silent]
|switch|p1a: Dragalge|Dragalge, F|100/100
|move|p2a: Clefable|Moonblast|p1a: Dragalge
|-damage|p1a: Dragalge|79/100
|
|-weather|Snowscape|[upkeep]
|upkeep
|turn|8
|
|t:|1776282430
|switch|p2a: Slowking|Slowking-Galar, M|100/100
|move|p1a: Dragalge|Flip Turn|p2a: Slowking
|-damage|p2a: Slowking|89/100
|
|t:|1776282436
|switch|p1a: Dragapult|Dragapult, M|91/100|[from] Flip Turn
|
|-weather|Snowscape|[upkeep]
|-fieldend|move: Trick Room
|upkeep
|turn|9
|inactive|vkasb has 120 seconds left.
|inactive|SlNGULARlTY has 120 seconds left.
|
|t:|1776282479
|switch|p1a: Duraludon|Duraludon, F|100/100
|switch|p2a: Pincurchin|Pincurchin, M|100/100
|-fieldstart|move: Electric Terrain|[from] ability: Electric Surge|[of] p2a: Pincurchin
|
|-weather|none
|upkeep
|turn|10
|inactive|vkasb has 120 seconds left.
|
|t:|1776282486
|move|p1a: Duraludon|Stealth Rock|p2a: Pincurchin
|-sidestart|p2: SlNGULARlTY|move: Stealth Rock
|move|p2a: Pincurchin|Spikes|p1a: Duraludon
|-sidestart|p1: vkasb|Spikes
|
|upkeep
|turn|11
|inactive|vkasb has 120 seconds left.
|inactive|SlNGULARlTY has 120 seconds left.
|
|t:|1776282508
|move|p1a: Duraludon|Draco Meteor|p2a: Pincurchin
|-damage|p2a: Pincurchin|35/100
|-unboost|p1a: Duraludon|spa|2
|move|p2a: Pincurchin|Spikes|p1a: Duraludon
|-sidestart|p1: vkasb|Spikes
|
|upkeep
|turn|12
|inactive|SlNGULARlTY has 120 seconds left.
|
|t:|1776282520
|switch|p2a: Slowking|Slowking-Galar, M|100/100
|move|p1a: Duraludon|Body Press|p2a: Slowking
|-resisted|p2a: Slowking
|-damage|p2a: Slowking|93/100
|
|upkeep
|turn|13
|inactive|vkasb has 120 seconds left.
|
|t:|1776282526
|switch|p1a: Noivern|Noivern, F|100/100
|move|p2a: Slowking|Future Sight|p1a: Noivern
|-start|p2a: Slowking|move: Future Sight
|
|-fieldend|move: Electric Terrain
|upkeep
|turn|14
|
|t:|1776282532
|move|p1a: Noivern|Defog|p2a: Slowking
|-unboost|p2a: Slowking|evasion|1
|-sideend|p2: SlNGULARlTY|Stealth Rock|[from] move: Defog|[of] p1a: Noivern
|-sideend|p1: vkasb|Spikes|[from] move: Defog|[of] p1a: Noivern
|move|p2a: Slowking|Trick Room|p2a: Slowking
|-fieldstart|move: Trick Room|[of] p2a: Slowking
|
|upkeep
|turn|15
|
|t:|1776282540
|move|p2a: Slowking|Sludge Bomb|p1a: Noivern
|-damage|p1a: Noivern|62/100
|-status|p1a: Noivern|psn
|move|p1a: Noivern|Hurricane|p2a: Slowking
|-damage|p2a: Slowking|64/100
|-start|p2a: Slowking|confusion
|
|-end|p1a: Noivern|move: Future Sight
|-damage|p1a: Noivern|15/100 psn
|-damage|p1a: Noivern|3/100 psn|[from] psn
|upkeep
|turn|16
|
|t:|1776282551
|-prepare|p2a: Slowking|Chilly Reception|[premajor]
|-activate|p2a: Slowking|confusion
|move|p2a: Slowking|Chilly Reception|p2a: Slowking
|-weather|Snowscape
|
|t:|1776282555
|switch|p2a: Pincurchin|Pincurchin, M|35/100|[from] Chilly Reception
|-fieldstart|move: Electric Terrain|[from] ability: Electric Surge|[of] p2a: Pincurchin
|move|p1a: Noivern|Roost|p1a: Noivern
|-heal|p1a: Noivern|53/100 psn
|-singleturn|p1a: Noivern|move: Roost
|
|-weather|Snowscape|[upkeep]
|-damage|p1a: Noivern|41/100 psn|[from] psn
|upkeep
|turn|17
|
|t:|1776282580
|switch|p1a: Dragalge|Dragalge, F|79/100
|move|p2a: Pincurchin|Thunderbolt|p1a: Dragalge
|-resisted|p1a: Dragalge
|-damage|p1a: Dragalge|66/100
|
|-weather|Snowscape|[upkeep]
|upkeep
|turn|18
|
|t:|1776282600
|move|p2a: Pincurchin|Spikes|p1a: Dragalge
|-sidestart|p1: vkasb|Spikes
|move|p1a: Dragalge|Flip Turn|p2a: Pincurchin
|-damage|p2a: Pincurchin|26/100
|inactive|vkasb has 120 seconds left.
|
|t:|1776282620
|switch|p1a: Noivern|Noivern, F|41/100 psn|[from] Flip Turn
|
|-weather|Snowscape|[upkeep]
|-damage|p1a: Noivern|28/100 psn|[from] psn
|-fieldend|move: Trick Room
|upkeep
|turn|19
|
|t:|1776282639
|move|p1a: Noivern|Heat Wave|p2a: Pincurchin
|-damage|p2a: Pincurchin|0 fnt
|faint|p2a: Pincurchin
|
|-weather|Snowscape|[upkeep]
|-damage|p1a: Noivern|16/100 psn|[from] psn
|upkeep
|
|t:|1776282643
|switch|p2a: Iron Valiant|Iron Valiant|100/100
|-activate|p2a: Iron Valiant|ability: Quark Drive
|-start|p2a: Iron Valiant|quarkdrivespe
|turn|20
|
|t:|1776282652
|move|p2a: Iron Valiant|Moonblast|p1a: Noivern
|-supereffective|p1a: Noivern
|-damage|p1a: Noivern|0 fnt
|faint|p1a: Noivern
|-damage|p2a: Iron Valiant|91/100|[from] item: Life Orb
|
|-weather|none
|-fieldend|move: Electric Terrain
|-end|p2a: Iron Valiant|Quark Drive
|upkeep
|
|t:|1776282659
|switch|p1a: Dragalge|Dragalge, F|66/100
|-damage|p1a: Dragalge|54/100|[from] Spikes
|turn|21
|
|t:|1776282665
|-end|p2a: Iron Valiant|Quark Drive|[silent]
|switch|p2a: Slowking|Slowking-Galar, M|97/100
|move|p1a: Dragalge|Poison Tail|p2a: Slowking
|-resisted|p2a: Slowking
|-damage|p2a: Slowking|90/100
|
|upkeep
|turn|22
|
|t:|1776282673
|move|p2a: Slowking|Future Sight|p1a: Dragalge
|-start|p2a: Slowking|move: Future Sight
|move|p1a: Dragalge|Flip Turn|p2a: Slowking
|-damage|p2a: Slowking|79/100
|
|t:|1776282678
|switch|p1a: Dragapult|Dragapult, M|91/100|[from] Flip Turn
|-damage|p1a: Dragapult|78/100|[from] Spikes
|
|upkeep
|turn|23
|
|t:|1776282703
|-terastallize|p2a: Slowking|Water
|move|p1a: Dragapult|U-turn|p2a: Slowking
|-damage|p2a: Slowking|49/100
|-damage|p1a: Dragapult|69/100|[from] item: Life Orb
|
|t:|1776282716
|switch|p1a: Duraludon|Duraludon, F|100/100|[from] U-turn
|-damage|p1a: Duraludon|88/100|[from] Spikes
|move|p2a: Slowking|Trick Room|p2a: Slowking
|-fieldstart|move: Trick Room|[of] p2a: Slowking
|
|upkeep
|turn|24
|
|t:|1776282725
|-prepare|p2a: Slowking|Chilly Reception|[premajor]
|move|p2a: Slowking|Chilly Reception|p2a: Slowking
|-weather|Snowscape
|
|t:|1776282727
|switch|p2a: Raging Bolt|Raging Bolt|100/100|[from] Chilly Reception
|-enditem|p2a: Raging Bolt|Booster Energy
|-activate|p2a: Raging Bolt|ability: Protosynthesis|[fromitem]
|-start|p2a: Raging Bolt|protosynthesisspa
|move|p1a: Duraludon|Draco Meteor|p2a: Raging Bolt|[miss]
|-miss|p1a: Duraludon|p2a: Raging Bolt
|
|-weather|Snowscape|[upkeep]
|-end|p1a: Duraludon|move: Future Sight
|-resisted|p1a: Duraludon
|-damage|p1a: Duraludon|64/100
|upkeep
|turn|25
|
|t:|1776282738
|move|p2a: Raging Bolt|Calm Mind|p2a: Raging Bolt
|-boost|p2a: Raging Bolt|spa|1
|-boost|p2a: Raging Bolt|spd|1
|move|p1a: Duraludon|Draco Meteor|p2a: Raging Bolt
|-supereffective|p2a: Raging Bolt
|-damage|p2a: Raging Bolt|41/100
|-unboost|p1a: Duraludon|spa|2
|
|-weather|Snowscape|[upkeep]
|upkeep
|turn|26
|
|t:|1776282746
|move|p2a: Raging Bolt|Calm Mind|p2a: Raging Bolt
|-boost|p2a: Raging Bolt|spa|1
|-boost|p2a: Raging Bolt|spd|1
|move|p1a: Duraludon|Roar|p2a: Raging Bolt
|-end|p2a: Raging Bolt|Protosynthesis|[silent]
|drag|p2a: Slowking|Slowking-Galar, M, tera:Water|82/100
|
|-weather|Snowscape|[upkeep]
|upkeep
|turn|27
|
|t:|1776282753
|move|p2a: Slowking|Future Sight|p1a: Duraludon
|-start|p2a: Slowking|move: Future Sight
|move|p1a: Duraludon|Body Press|p2a: Slowking
|-damage|p2a: Slowking|53/100
|
|-weather|Snowscape|[upkeep]
|-fieldend|move: Trick Room
|upkeep
|turn|28
|
|t:|1776282759
|move|p1a: Duraludon|Body Press|p2a: Slowking
|-damage|p2a: Slowking|24/100
|move|p2a: Slowking|Trick Room|p2a: Slowking
|-fieldstart|move: Trick Room|[of] p2a: Slowking
|
|-weather|none
|upkeep
|turn|29
|
|t:|1776282766
|-prepare|p2a: Slowking|Chilly Reception|[premajor]
|move|p2a: Slowking|Chilly Reception|p2a: Slowking
|-weather|Snowscape
|
|t:|1776282768
|switch|p2a: Iron Hands|Iron Hands|100/100|[from] Chilly Reception
|-enditem|p2a: Iron Hands|Room Service
|-unboost|p2a: Iron Hands|spe|1|[from] item: Room Service
|move|p1a: Duraludon|Body Press|p2a: Iron Hands
|-damage|p2a: Iron Hands|82/100
|
|-weather|Snowscape|[upkeep]
|-end|p1a: Duraludon|move: Future Sight
|-resisted|p1a: Duraludon
|-damage|p1a: Duraludon|37/100
|upkeep
|turn|30
|
|t:|1776282780
|move|p2a: Iron Hands|Earthquake|p1a: Duraludon
|-supereffective|p1a: Duraludon
|-crit|p1a: Duraludon
|-damage|p1a: Duraludon|0 fnt
|faint|p1a: Duraludon
|
|-weather|Snowscape|[upkeep]
|upkeep
|-message|vkasb forfeited.
|
|win|SlNGULARlTY
|raw|vkasb's rating: 1476 &rarr; <strong>1454</strong><br />(-22 for losing)
|raw|SlNGULARlTY's rating: 1437 &rarr; <strong>1459</strong><br />(+22 for winning)
|l|☆vkasb
|player|p1|
