|html|<div class="broadcast-blue"><strong>[Gen 9] OU is currently suspecting Tera Blast! For information on how to participate check out the <a href="https://www.smogon.com/tools/suspects/view/200">suspect thread</a>.</strong></div>
|j|☆Malexrocks
|j|☆TeraBlastGardevoir
|t:|1776097081
|gametype|singles
|player|p1|Malexrocks|170|1524
|player|p2|TeraBlastGardevoir|giovanni|1495
|gen|9
|tier|[Gen 9] OU
|rated|
|rule|HP Percentage Mod: HP is shown in percentages
|rule|Endless Battle Clause: Forcing endless battles is banned
|rule|Species Clause: Limit one of each Pokémon
|rule|OHKO Clause: OHKO moves are banned
|rule|Evasion Items Clause: Evasion items are banned
|rule|Evasion Moves Clause: Evasion moves are banned
|rule|Evasion Abilities Clause: Evasion abilities are banned
|rule|Sleep Moves Clause: Sleep-inducing moves are banned
|clearpoke
|poke|p1|Raging Bolt|
|poke|p1|Rillaboom, M|
|poke|p1|Hawlucha, F|
|poke|p1|Primarina, F|
|poke|p1|Great Tusk|
|poke|p1|Heatran, F|
|poke|p2|Gardevoir, F|
|poke|p2|Rillaboom, F|
|poke|p2|Hawlucha, F|
|poke|p2|Iron Moth|
|poke|p2|Landorus-Therian, M|
|poke|p2|Kingambit, F|
|teampreview
|inactive|Battle timer is ON: inactive players will automatically lose when time's up. (requested by Malexrocks)
|
|t:|1776097113
|teamsize|p1|6
|teamsize|p2|6
|start
|switch|p1a: Rillaboom|Rillaboom, M|100/100
|switch|p2a: Landorus|Landorus-Therian, M|100/100
|-ability|p2a: Landorus|Intimidate|boost
|-unboost|p1a: Rillaboom|atk|1
|-fieldstart|move: Grassy Terrain|[from] ability: Grassy Surge|[of] p1a: Rillaboom
|turn|1
|
|t:|1776097126
|move|p2a: Landorus|U-turn|p1a: Rillaboom
|-supereffective|p1a: Rillaboom
|-damage|p1a: Rillaboom|56/100
|
|t:|1776097141
|switch|p2a: Kingambitch|Kingambit, F|100/100|[from] U-turn
|move|p1a: Rillaboom|U-turn|p2a: Kingambitch
|-damage|p2a: Kingambitch|86/100
|
|t:|1776097151
|switch|p1a: Great Tusk|Great Tusk|100/100|[from] U-turn
|-enditem|p1a: Great Tusk|Booster Energy
|-activate|p1a: Great Tusk|ability: Protosynthesis|[fromitem]
|-start|p1a: Great Tusk|protosynthesisspe
|
|-heal|p2a: Kingambitch|92/100|[from] Grassy Terrain
|upkeep
|turn|2
|
|t:|1776097157
|-end|p2a: Kingambitch|fallenundefined|[silent]
|switch|p2a: Landorus|Landorus-Therian, M|100/100
|-ability|p2a: Landorus|Intimidate|boost
|-unboost|p1a: Great Tusk|atk|1
|move|p1a: Great Tusk|Bulk Up|p1a: Great Tusk
|-boost|p1a: Great Tusk|atk|1
|-boost|p1a: Great Tusk|def|1
|
|upkeep
|turn|3
|
|t:|1776097168
|switch|p2a: Rhapsodie|Gardevoir, F, shiny|100/100
|-enditem|p2a: Rhapsodie|Grassy Seed
|-boost|p2a: Rhapsodie|def|1|[from] item: Grassy Seed
|move|p1a: Great Tusk|Bulk Up|p1a: Great Tusk
|-boost|p1a: Great Tusk|atk|1
|-boost|p1a: Great Tusk|def|1
|
|upkeep
|turn|4
|
|t:|1776097180
|-terastallize|p1a: Great Tusk|Steel
|move|p1a: Great Tusk|Headlong Rush|p2a: Rhapsodie
|-crit|p2a: Rhapsodie
|-damage|p2a: Rhapsodie|0 fnt
|-unboost|p1a: Great Tusk|def|1
|-unboost|p1a: Great Tusk|spd|1
|faint|p2a: Rhapsodie
|
|upkeep
|
|t:|1776097192
|switch|p2a: Dopamine Dorito|Iron Moth|100/100
|-enditem|p2a: Dopamine Dorito|Booster Energy
|-activate|p2a: Dopamine Dorito|ability: Quark Drive|[fromitem]
|-start|p2a: Dopamine Dorito|quarkdrivespe
|turn|5
|
|t:|1776097199
|-end|p1a: Great Tusk|Protosynthesis|[silent]
|switch|p1a: Heatran|Heatran, F|100/100
|move|p2a: Dopamine Dorito|Substitute|p2a: Dopamine Dorito
|-start|p2a: Dopamine Dorito|Substitute
|-damage|p2a: Dopamine Dorito|76/100
|
|-heal|p2a: Dopamine Dorito|82/100|[from] Grassy Terrain
|upkeep
|turn|6
|
|t:|1776097207
|-terastallize|p2a: Dopamine Dorito|Ground
|move|p2a: Dopamine Dorito|Tera Blast|p1a: Heatran|[anim] Tera Blast Ground
|-supereffective|p1a: Heatran
|-damage|p1a: Heatran|0 fnt
|faint|p1a: Heatran
|
|-heal|p2a: Dopamine Dorito|88/100|[from] Grassy Terrain
|upkeep
|
|t:|1776097220
|switch|p1a: Hawlucha|Hawlucha, F|100/100
|-enditem|p1a: Hawlucha|Grassy Seed
|-boost|p1a: Hawlucha|def|1|[from] item: Grassy Seed
|turn|7
|
|t:|1776097225
|move|p1a: Hawlucha|Encore|p2a: Dopamine Dorito
|-start|p2a: Dopamine Dorito|Encore
|move|p2a: Dopamine Dorito|Tera Blast|p1a: Hawlucha|[anim] Tera Blast Ground
|-immune|p1a: Hawlucha
|
|-heal|p2a: Dopamine Dorito|94/100|[from] Grassy Terrain
|upkeep
|turn|8
|
|t:|1776097238
|-end|p2a: Dopamine Dorito|Quark Drive|[silent]
|switch|p2a: El Contrabandista|Hawlucha, F|100/100
|-enditem|p2a: El Contrabandista|Grassy Seed
|-boost|p2a: El Contrabandista|def|1|[from] item: Grassy Seed
|move|p1a: Hawlucha|Swords Dance|p1a: Hawlucha
|-boost|p1a: Hawlucha|atk|2
|
|-fieldend|move: Grassy Terrain
|upkeep
|turn|9
|
|t:|1776097243
|move|p2a: El Contrabandista|Encore|p1a: Hawlucha
|-start|p1a: Hawlucha|Encore
|move|p1a: Hawlucha|Swords Dance|p1a: Hawlucha
|-boost|p1a: Hawlucha|atk|2
|
|upkeep
|turn|10
|
|t:|1776097253
|switch|p1a: Raging Bolt|Raging Bolt|100/100
|move|p2a: El Contrabandista|Swords Dance|p2a: El Contrabandista
|-boost|p2a: El Contrabandista|atk|2
|
|upkeep
|turn|11
|
|t:|1776097263
|move|p2a: El Contrabandista|Close Combat|p1a: Raging Bolt
|-damage|p1a: Raging Bolt|5/100
|-unboost|p2a: El Contrabandista|def|1
|-unboost|p2a: El Contrabandista|spd|1
|move|p1a: Raging Bolt|Thunderbolt|p2a: El Contrabandista
|-supereffective|p2a: El Contrabandista
|-damage|p2a: El Contrabandista|0 fnt
|faint|p2a: El Contrabandista
|-damage|p1a: Raging Bolt|0 fnt|[from] item: Life Orb
|faint|p1a: Raging Bolt
|-end|p1a: Raging Bolt|Protosynthesis|[silent]
|
|upkeep
|inactive|TeraBlastGardevoir has 120 seconds left.
|
|t:|1776097295
|switch|p2a: Landorus|Landorus-Therian, M|100/100
|switch|p1a: Rillaboom|Rillaboom, M|56/100
|-ability|p2a: Landorus|Intimidate|boost
|-unboost|p1a: Rillaboom|atk|1
|-fieldstart|move: Grassy Terrain|[from] ability: Grassy Surge|[of] p1a: Rillaboom
|turn|12
|inactive|TeraBlastGardevoir has 120 seconds left.
|
|t:|1776097327
|move|p2a: Landorus|Stone Edge|p1a: Rillaboom
|-damage|p1a: Rillaboom|27/100
|move|p1a: Rillaboom|U-turn|p2a: Landorus
|-resisted|p2a: Landorus
|-damage|p2a: Landorus|92/100
|-damage|p1a: Rillaboom|11/100|[from] item: Rocky Helmet|[of] p2a: Landorus
|
|t:|1776097339
|switch|p1a: Hawlucha|Hawlucha, F|100/100|[from] U-turn
|
|upkeep
|turn|13
|
|t:|1776097351
|move|p2a: Landorus|Stone Edge|p1a: Hawlucha
|-damage|p1a: Hawlucha|63/100
|move|p1a: Hawlucha|Swords Dance|p1a: Hawlucha
|-boost|p1a: Hawlucha|atk|2
|
|upkeep
|turn|14
|
|t:|1776097370
|move|p2a: Landorus|Stone Edge|p1a: Hawlucha
|-damage|p1a: Hawlucha|23/100
|move|p1a: Hawlucha|Acrobatics|p2a: Landorus
|-damage|p2a: Landorus|0 fnt
|-damage|p1a: Hawlucha|7/100|[from] item: Rocky Helmet|[of] p2a: Landorus
|faint|p2a: Landorus
|
|upkeep
|inactive|TeraBlastGardevoir has 90 seconds left.
|
|t:|1776097388
|switch|p2a: Dopamine Dorito|Iron Moth, tera:Ground|94/100
|turn|15
|
|t:|1776097399
|move|p2a: Dopamine Dorito|Fiery Dance|p1a: Hawlucha
|-damage|p1a: Hawlucha|0 fnt
|-boost|p2a: Dopamine Dorito|spa|1
|faint|p1a: Hawlucha
|
|-heal|p2a: Dopamine Dorito|99/100|[from] Grassy Terrain
|upkeep
|
|t:|1776097401
|switch|p1a: Rillaboom|Rillaboom, M|11/100
|turn|16
|inactive|TeraBlastGardevoir has 90 seconds left.
|
|t:|1776097424
|-end|p2a: Dopamine Dorito|Quark Drive|[silent]
|switch|p2a: Kingambitch|Kingambit, F|92/100
|-activate|p2a: Kingambitch|ability: Supreme Overlord
|-start|p2a: Kingambitch|fallen3|[silent]
|move|p1a: Rillaboom|U-turn|p2a: Kingambitch
|-damage|p2a: Kingambitch|70/100
|
|t:|1776097428
|switch|p1a: Primarina|Primarina, F|100/100|[from] U-turn
|-enditem|p1a: Primarina|Grassy Seed
|-boost|p1a: Primarina|def|1|[from] item: Grassy Seed
|
|-heal|p2a: Kingambitch|76/100|[from] Grassy Terrain
|upkeep
|turn|17
|
|t:|1776097436
|move|p1a: Primarina|Substitute|p1a: Primarina
|-start|p1a: Primarina|Substitute
|-damage|p1a: Primarina|76/100
|move|p2a: Kingambitch|Swords Dance|p2a: Kingambitch
|-boost|p2a: Kingambitch|atk|2
|
|-heal|p1a: Primarina|82/100|[from] Grassy Terrain
|-heal|p2a: Kingambitch|82/100|[from] Grassy Terrain
|upkeep
|turn|18
|
|t:|1776097442
|move|p1a: Primarina|Surf|p2a: Kingambitch
|-damage|p2a: Kingambitch|25/100
|move|p2a: Kingambitch|Iron Head|p1a: Primarina
|-end|p1a: Primarina|Substitute
|
|-heal|p1a: Primarina|88/100|[from] Grassy Terrain
|-heal|p2a: Kingambitch|31/100|[from] Grassy Terrain
|upkeep
|turn|19
|
|t:|1776097457
|move|p2a: Kingambitch|Sucker Punch||[still]
|-fail|p2a: Kingambitch
|move|p1a: Primarina|Substitute|p1a: Primarina
|-start|p1a: Primarina|Substitute
|-damage|p1a: Primarina|63/100
|
|-heal|p1a: Primarina|69/100|[from] Grassy Terrain
|-heal|p2a: Kingambitch|37/100|[from] Grassy Terrain
|-fieldend|move: Grassy Terrain
|upkeep
|turn|20
|
|t:|1776097462
|-end|p2a: Kingambitch|fallen3|[silent]
|switch|p2a: Rillaboom|Rillaboom, F|100/100
|-fieldstart|move: Grassy Terrain|[from] ability: Grassy Surge|[of] p2a: Rillaboom
|move|p1a: Primarina|Surf|p2a: Rillaboom
|-resisted|p2a: Rillaboom
|-damage|p2a: Rillaboom|80/100
|
|-heal|p2a: Rillaboom|86/100|[from] Grassy Terrain
|-heal|p1a: Primarina|76/100|[from] Grassy Terrain
|upkeep
|turn|21
|
|t:|1776097467
|move|p2a: Rillaboom|Grassy Glide|p1a: Primarina
|-supereffective|p1a: Primarina
|-end|p1a: Primarina|Substitute
|move|p1a: Primarina|Moonblast|p2a: Rillaboom
|-damage|p2a: Rillaboom|47/100
|
|-heal|p2a: Rillaboom|53/100|[from] Grassy Terrain
|-heal|p1a: Primarina|82/100|[from] Grassy Terrain
|upkeep
|turn|22
|inactive|TeraBlastGardevoir has 120 seconds left.
|
|t:|1776097479
|move|p2a: Rillaboom|Wood Hammer|p1a: Primarina
|-supereffective|p1a: Primarina
|-damage|p1a: Primarina|0 fnt
|faint|p1a: Primarina
|-damage|p2a: Rillaboom|30/100|[from] Recoil
|
|-heal|p2a: Rillaboom|36/100|[from] Grassy Terrain
|upkeep
|
|t:|1776097485
|switch|p1a: Great Tusk|Great Tusk, tera:Steel|100/100
|turn|23
|
|t:|1776097499
|move|p1a: Great Tusk|Rapid Spin|p2a: Rillaboom
|-damage|p2a: Rillaboom|22/100
|-boost|p1a: Great Tusk|spe|1
|move|p2a: Rillaboom|Wood Hammer|p1a: Great Tusk
|-resisted|p1a: Great Tusk
|-damage|p1a: Great Tusk|71/100
|-damage|p2a: Rillaboom|11/100|[from] Recoil
|
|-heal|p1a: Great Tusk|77/100|[from] Grassy Terrain
|-heal|p2a: Rillaboom|17/100|[from] Grassy Terrain
|upkeep
|turn|24
|inactive|TeraBlastGardevoir has 120 seconds left.
|
|t:|1776097523
|move|p1a: Great Tusk|Bulk Up|p1a: Great Tusk
|-boost|p1a: Great Tusk|atk|1
|-boost|p1a: Great Tusk|def|1
|move|p2a: Rillaboom|Wood Hammer|p1a: Great Tusk
|-resisted|p1a: Great Tusk
|-damage|p1a: Great Tusk|61/100
|-damage|p2a: Rillaboom|11/100|[from] Recoil
|
|-heal|p1a: Great Tusk|67/100|[from] Grassy Terrain
|-heal|p2a: Rillaboom|17/100|[from] Grassy Terrain
|-fieldend|move: Grassy Terrain
|upkeep
|turn|25
|-message|TeraBlastGardevoir forfeited.
|
|win|Malexrocks
|raw|Malexrocks's rating: 1524 &rarr; <strong>1542</strong><br />(+18 for winning)
|raw|TeraBlastGardevoir's rating: 1495 &rarr; <strong>1477</strong><br />(-18 for losing)
|l|☆TeraBlastGardevoir
|player|p2|
|l|☆Malexrocks
|player|p1|
