|j|☆encore21768768
|j|☆Abyssal Bot
|t:|1776075937
|gametype|singles
|player|p1|encore21768768|265|
|player|p2|Abyssal Bot|supernerd|
|teamsize|p1|6
|teamsize|p2|6
|gen|9
|tier|[Gen 9] OU
|rule|Species Clause: Limit one of each Pokémon
|rule|OHKO Clause: OHKO moves are banned
|rule|Evasion Items Clause: Evasion items are banned
|rule|Evasion Moves Clause: Evasion moves are banned
|rule|Endless Battle Clause: Forcing endless battles is banned
|rule|HP Percentage Mod: HP is shown in percentages
|rule|Sleep Moves Clause: Sleep-inducing moves are banned
|clearpoke
|poke|p1|Metagross|
|poke|p1|Camerupt, F|
|poke|p1|Torkoal, M|
|poke|p1|Hitmontop, M|
|poke|p1|Raging Bolt|
|poke|p1|Hatterene, F|
|poke|p2|Gliscor, F|
|poke|p2|Alomomola, M|
|poke|p2|Gholdengo|
|poke|p2|Hoopa-Unbound|
|poke|p2|Cinderace, M|
|poke|p2|Zamazenta-*|
|teampreview
|c|☆Abyssal Bot|Good Luck and Have Fun my Friend!
|inactive|Battle timer is ON: inactive players will automatically lose when time's up. (requested by Abyssal Bot)
|j|*Turbo Bottttt
|
|t:|1776075941
|start
|switch|p1a: Camerupt|Camerupt, F|100/100
|switch|p2a: Zamazenta|Zamazenta|100/100
|-ability|p2a: Zamazenta|Dauntless Shield|boost
|-boost|p2a: Zamazenta|def|1
|turn|1
|
|t:|1776075954
|switch|p2a: Gliscor|Gliscor, F|100/100
|move|p1a: Camerupt|Fire Blast|p2a: Gliscor
|-damage|p2a: Gliscor|37/100
|-damage|p1a: Camerupt|91/100|[from] item: Life Orb
|
|-status|p2a: Gliscor|tox|[from] item: Toxic Orb
|upkeep
|turn|2
|
|t:|1776075962
|move|p2a: Gliscor|Protect|p2a: Gliscor
|-singleturn|p2a: Gliscor|Protect
|move|p1a: Camerupt|Stealth Rock|p2a: Gliscor
|-sidestart|p2: Abyssal Bot|move: Stealth Rock
|
|-heal|p2a: Gliscor|49/100 tox|[from] ability: Poison Heal
|upkeep
|turn|3
|
|t:|1776075967
|move|p2a: Gliscor|Earthquake|p1a: Camerupt
|-supereffective|p1a: Camerupt
|-damage|p1a: Camerupt|25/100
|move|p1a: Camerupt|Fire Blast|p2a: Gliscor
|-crit|p2a: Gliscor
|-damage|p2a: Gliscor|0 tox
|faint|p2a: Gliscor
|-damage|p1a: Camerupt|15/100|[from] item: Life Orb
|
|upkeep
|c|☆Abyssal Bot|Oh crap, that crit...
|
|t:|1776075967
|switch|p2a: Alomomola|Alomomola, M|100/100
|-damage|p2a: Alomomola|88/100|[from] Stealth Rock|[of] p1a: Camerupt
|turn|4
|
|t:|1776075974
|switch|p1a: Torkoal|Torkoal, M|100/100
|-weather|Sunny Day|[from] ability: Drought|[of] p1a: Torkoal
|move|p2a: Alomomola|Flip Turn|p1a: Torkoal
|-supereffective|p1a: Torkoal
|-damage|p1a: Torkoal|92/100
|
|t:|1776075974
|switch|p2a: Cinderace|Cinderace, M|100/100|[from] Flip Turn
|
|-weather|Sunny Day|[upkeep]
|upkeep
|turn|5
|
|t:|1776075977
|move|p2a: Cinderace|Pyro Ball|p1a: Torkoal
|-resisted|p1a: Torkoal
|-damage|p1a: Torkoal|69/100
|move|p1a: Torkoal|Body Press|p2a: Cinderace
|-damage|p2a: Cinderace|54/100
|
|-weather|Sunny Day|[upkeep]
|upkeep
|turn|6
|
|t:|1776075983
|switch|p1a: Raging Bolt|Raging Bolt|100/100
|-activate|p1a: Raging Bolt|ability: Protosynthesis
|-start|p1a: Raging Bolt|protosynthesisspa
|move|p2a: Cinderace|Pyro Ball|p1a: Raging Bolt
|-resisted|p1a: Raging Bolt
|-crit|p1a: Raging Bolt
|-damage|p1a: Raging Bolt|66/100
|
|-weather|Sunny Day|[upkeep]
|upkeep
|turn|7
|c|☆Abyssal Bot|YASS!
|
|t:|1776075987
|move|p2a: Cinderace|Pyro Ball|p1a: Raging Bolt
|-resisted|p1a: Raging Bolt
|-damage|p1a: Raging Bolt|43/100
|move|p1a: Raging Bolt|Dragon Pulse|p2a: Cinderace
|-damage|p2a: Cinderace|0
|faint|p2a: Cinderace
|-damage|p1a: Raging Bolt|33/100|[from] item: Life Orb
|
|-weather|Sunny Day|[upkeep]
|upkeep
|
|t:|1776075987
|switch|p2a: Gholdengo|Gholdengo|100/100
|-damage|p2a: Gholdengo|94/100|[from] Stealth Rock|[of] p1: Camerupt
|turn|8
|
|t:|1776075990
|move|p2a: Gholdengo|Focus Blast|p1a: Raging Bolt|[miss]
|-miss|p2a: Gholdengo|p1a: Raging Bolt
|move|p1a: Raging Bolt|Weather Ball|p2a: Gholdengo
|-supereffective|p2a: Gholdengo
|-damage|p2a: Gholdengo|0
|faint|p2a: Gholdengo
|-damage|p1a: Raging Bolt|23/100|[from] item: Life Orb
|
|-weather|Sunny Day|[upkeep]
|upkeep
|c|☆Abyssal Bot|;-;
|
|t:|1776075990
|switch|p2a: Hoopa|Hoopa-Unbound|100/100
|-damage|p2a: Hoopa|88/100|[from] Stealth Rock|[of] p1: Camerupt
|turn|9
|
|t:|1776076009
|move|p1a: Raging Bolt|Thunderclap|p2a: Hoopa
|-damage|p2a: Hoopa|63/100
|-damage|p1a: Raging Bolt|13/100|[from] item: Life Orb
|move|p2a: Hoopa|Knock Off|p1a: Raging Bolt
|-damage|p1a: Raging Bolt|0
|-enditem|p1a: Raging Bolt|Life Orb|[from] move: Knock Off|[of] p2a: Hoopa
|faint|p1a: Raging Bolt
|-end|p1a: Raging Bolt|Protosynthesis|[silent]
|
|-weather|Sunny Day|[upkeep]
|upkeep
|inactive|encore21768768 has 270 seconds left.
|
|t:|1776076030
|switch|p1a: Metagross|Metagross|100/100
|turn|10
|
|t:|1776076033
|move|p1a: Metagross|Meteor Mash|p2a: Hoopa
|-damage|p2a: Hoopa|0
|faint|p2a: Hoopa
|
|-weather|Sunny Day|[upkeep]
|upkeep
|
|t:|1776076033
|switch|p2a: Alomomola|Alomomola, M|100/100
|-damage|p2a: Alomomola|88/100|[from] Stealth Rock|[of] p1: Camerupt
|turn|11
|
|t:|1776076043
|move|p1a: Metagross|Meteor Mash|p2a: Alomomola
|-resisted|p2a: Alomomola
|-damage|p2a: Alomomola|68/100
|-enditem|p2a: Alomomola|Red Card|[of] p1a: Metagross
|drag|p1a: Hatterene|Hatterene, F|100/100
|move|p2a: Alomomola|Acrobatics|p1a: Hatterene
|-damage|p1a: Hatterene|78/100
|
|-weather|none
|upkeep
|turn|12
|
|t:|1776076050
|move|p2a: Alomomola|Protect|p2a: Alomomola
|-singleturn|p2a: Alomomola|Protect
|move|p1a: Hatterene|Trick Room|p1a: Hatterene
|-fieldstart|move: Trick Room|[of] p1a: Hatterene
|
|upkeep
|turn|13
|
|t:|1776076052
|move|p1a: Hatterene|Calm Mind|p1a: Hatterene
|-boost|p1a: Hatterene|spa|1
|-boost|p1a: Hatterene|spd|1
|move|p2a: Alomomola|Wish|p2a: Alomomola
|
|upkeep
|turn|14
|
|t:|1776076054
|move|p1a: Hatterene|Psychic Noise|p2a: Alomomola
|-damage|p2a: Alomomola|0
|faint|p2a: Alomomola
|
|upkeep
|
|t:|1776076054
|switch|p2a: Zamazenta|Zamazenta|100/100
|-damage|p2a: Zamazenta|95/100|[from] Stealth Rock|[of] p1: Camerupt
|turn|15
|
|t:|1776076058
|move|p1a: Hatterene|Draining Kiss|p2a: Zamazenta
|-supereffective|p2a: Zamazenta
|-damage|p2a: Zamazenta|11/100
|-heal|p1a: Hatterene|100/100|[from] drain|[of] p2a: Zamazenta
|move|p2a: Zamazenta|Body Press|p1a: Hatterene
|-resisted|p1a: Hatterene
|-damage|p1a: Hatterene|90/100
|
|-heal|p2a: Zamazenta|17/100|[from] item: Leftovers
|upkeep
|turn|16
|
|t:|1776076061
|move|p1a: Hatterene|Draining Kiss|p2a: Zamazenta
|-supereffective|p2a: Zamazenta
|-damage|p2a: Zamazenta|0
|-heal|p1a: Hatterene|100/100|[from] drain|[of] p2a: Zamazenta
|faint|p2a: Zamazenta
|
|win|encore21768768
|c|☆Abyssal Bot|This loss doesn't matter, because I'm just a bot.
|l|☆Abyssal Bot
|player|p2|
|l|*Turbo Bottttt
