|html|<div class="broadcast-blue"><strong>[Gen 9] OU is currently suspecting Tera Blast! For information on how to participate check out the <a href="https://www.smogon.com/tools/suspects/view/200">suspect thread</a>.</strong></div>
|j|☆Mango404
|j|☆aboba52jk
|t:|1776068502
|gametype|singles
|player|p1|Mango404|harlequin|1096
|player|p2|aboba52jk|juan|1084
|gen|9
|tier|[Gen 9] OU
|rated|
|rule|HP Percentage Mod: HP is shown in percentages
|rule|Endless Battle Clause: Forcing endless battles is banned
|rule|Species Clause: Limit one of each Pokémon
|rule|OHKO Clause: OHKO moves are banned
|rule|Evasion Items Clause: Evasion items are banned
|rule|Evasion Moves Clause: Evasion moves are banned
|rule|Evasion Abilities Clause: Evasion abilities are banned
|rule|Sleep Moves Clause: Sleep-inducing moves are banned
|clearpoke
|poke|p1|Pecharunt|
|poke|p1|Azumarill, M|
|poke|p1|Ceruledge, M|
|poke|p1|Galvantula, M|
|poke|p1|Gliscor, M|
|poke|p1|Iron Boulder|
|poke|p2|Falinks|
|poke|p2|Cinderace, M|
|poke|p2|Gyarados, F|
|poke|p2|Ursaluna, M|
|poke|p2|Maushold-Four|
|poke|p2|Gliscor, F|
|teampreview
|inactive|Battle timer is ON: inactive players will automatically lose when time's up. (requested by aboba52jk)
|
|t:|1776068518
|teamsize|p1|6
|teamsize|p2|6
|start
|switch|p1a: Iron Boulder|Iron Boulder|100/100
|switch|p2a: Ursaluna|Ursaluna, M|100/100
|-enditem|p1a: Iron Boulder|Booster Energy
|-activate|p1a: Iron Boulder|ability: Quark Drive|[fromitem]
|-start|p1a: Iron Boulder|quarkdrivespe
|turn|1
|
|t:|1776068526
|move|p1a: Iron Boulder|Swords Dance|p1a: Iron Boulder
|-boost|p1a: Iron Boulder|atk|2
|move|p2a: Ursaluna|Earthquake|p1a: Iron Boulder
|-supereffective|p1a: Iron Boulder
|-damage|p1a: Iron Boulder|0 fnt
|faint|p1a: Iron Boulder
|-end|p1a: Iron Boulder|Quark Drive|[silent]
|
|-status|p2a: Ursaluna|brn|[from] item: Flame Orb
|upkeep
|
|t:|1776068533
|switch|p1a: Pecharunt|Pecharunt|100/100
|turn|2
|
|t:|1776068540
|move|p1a: Pecharunt|Parting Shot|p2a: Ursaluna
|-unboost|p2a: Ursaluna|atk|1
|-unboost|p2a: Ursaluna|spa|1
|
|t:|1776068545
|switch|p1a: Gliscor|Gliscor, M|100/100|[from] Parting Shot
|move|p2a: Ursaluna|Avalanche|p1a: Gliscor
|-supereffective|p1a: Gliscor
|-damage|p1a: Gliscor|22/100
|
|-damage|p2a: Ursaluna|94/100 brn|[from] brn
|-status|p1a: Gliscor|tox|[from] item: Toxic Orb
|upkeep
|turn|3
|
|t:|1776068554
|move|p1a: Gliscor|Protect|p1a: Gliscor
|-singleturn|p1a: Gliscor|Protect
|move|p2a: Ursaluna|Avalanche|p1a: Gliscor
|-activate|p1a: Gliscor|move: Protect
|
|-heal|p1a: Gliscor|34/100 tox|[from] ability: Poison Heal
|-damage|p2a: Ursaluna|88/100 brn|[from] brn
|upkeep
|turn|4
|
|t:|1776068567
|move|p1a: Gliscor|U-turn|p2a: Ursaluna
|-damage|p2a: Ursaluna|78/100 brn
|
|t:|1776068569
|switch|p1a: Azumarill|Azumarill, M|100/100|[from] U-turn
|move|p2a: Ursaluna|Avalanche|p1a: Azumarill
|-resisted|p1a: Azumarill
|-damage|p1a: Azumarill|86/100
|
|-damage|p2a: Ursaluna|72/100 brn|[from] brn
|upkeep
|turn|5
|
|t:|1776068575
|move|p1a: Azumarill|Belly Drum|p1a: Azumarill
|-damage|p1a: Azumarill|36/100
|-setboost|p1a: Azumarill|atk|6|[from] move: Belly Drum
|-enditem|p1a: Azumarill|Sitrus Berry|[eat]
|-heal|p1a: Azumarill|61/100|[from] item: Sitrus Berry
|move|p2a: Ursaluna|Swords Dance|p2a: Ursaluna
|-boost|p2a: Ursaluna|atk|2
|
|-damage|p2a: Ursaluna|65/100 brn|[from] brn
|upkeep
|turn|6
|
|t:|1776068590
|switch|p2a: Gyarados|Gyarados, F, shiny|100/100
|-ability|p2a: Gyarados|Intimidate|boost
|-unboost|p1a: Azumarill|atk|1
|move|p1a: Azumarill|Aqua Jet|p2a: Gyarados
|-resisted|p2a: Gyarados
|-damage|p2a: Gyarados|48/100
|
|upkeep
|turn|7
|
|t:|1776068596
|move|p1a: Azumarill|Aqua Jet|p2a: Gyarados
|-resisted|p2a: Gyarados
|-damage|p2a: Gyarados|0 fnt
|faint|p2a: Gyarados
|
|upkeep
|
|t:|1776068603
|switch|p2a: Falinks|Falinks, shiny|100/100
|turn|8
|
|t:|1776068609
|move|p1a: Azumarill|Aqua Jet|p2a: Falinks
|-damage|p2a: Falinks|16/100
|move|p2a: Falinks|Knock Off|p1a: Azumarill
|-resisted|p1a: Azumarill
|-damage|p1a: Azumarill|49/100
|
|upkeep
|turn|9
|
|t:|1776068622
|move|p1a: Azumarill|Aqua Jet|p2a: Falinks
|-damage|p2a: Falinks|0 fnt
|faint|p2a: Falinks
|
|upkeep
|
|t:|1776068625
|switch|p2a: Ursaluna|Ursaluna, M|65/100 brn
|turn|10
|
|t:|1776068630
|move|p1a: Azumarill|Aqua Jet|p2a: Ursaluna
|-supereffective|p2a: Ursaluna
|-damage|p2a: Ursaluna|0 fnt
|faint|p2a: Ursaluna
|
|upkeep
|
|t:|1776068633
|switch|p2a: Cinderace|Cinderace, M|100/100
|turn|11
|
|t:|1776068639
|move|p1a: Azumarill|Aqua Jet|p2a: Cinderace
|-supereffective|p2a: Cinderace
|-damage|p2a: Cinderace|0 fnt
|faint|p2a: Cinderace
|
|upkeep
|-message|aboba52jk forfeited.
|
|win|Mango404
|raw|Mango404's rating: 1096 &rarr; <strong>1121</strong><br />(+25 for winning)
|raw|aboba52jk's rating: 1084 &rarr; <strong>1062</strong><br />(-22 for losing)
|l|☆aboba52jk
|player|p2|
