|html|<div class="broadcast-blue"><strong>[Gen 9] OU is currently suspecting Tera Blast! For information on how to participate check out the <a href="https://www.smogon.com/tools/suspects/view/200">suspect thread</a>.</strong></div>
|j|☆dkslfsd
|j|☆CanaryKill
|t:|1776032256
|gametype|singles
|player|p1|dkslfsd|swimmerf-gen4dp|1568
|player|p2|CanaryKill|169|1537
|gen|9
|tier|[Gen 9] OU
|rated|
|rule|HP Percentage Mod: HP is shown in percentages
|rule|Endless Battle Clause: Forcing endless battles is banned
|rule|Species Clause: Limit one of each Pokémon
|rule|OHKO Clause: OHKO moves are banned
|rule|Evasion Items Clause: Evasion items are banned
|rule|Evasion Moves Clause: Evasion moves are banned
|rule|Evasion Abilities Clause: Evasion abilities are banned
|rule|Sleep Moves Clause: Sleep-inducing moves are banned
|clearpoke
|poke|p1|Kingambit, M|
|poke|p1|Ursaluna, F|
|poke|p1|Dragapult, F|
|poke|p1|Manaphy|
|poke|p1|Glimmora, F|
|poke|p1|Zamazenta-*|
|poke|p2|Dragapult, M|
|poke|p2|Samurott-Hisui, F|
|poke|p2|Landorus-Therian, M|
|poke|p2|Corviknight, M|
|poke|p2|Ogerpon, F|
|poke|p2|Slowking-Galar, F|
|teampreview
|inactive|Battle timer is ON: inactive players will automatically lose when time's up. (requested by CanaryKill)
|inactive|dkslfsd also wants the timer to be on.
|
|t:|1776032262
|teamsize|p1|6
|teamsize|p2|6
|start
|switch|p1a: Glimmora|Glimmora, F|100/100
|switch|p2a: Samurott|Samurott-Hisui, F|100/100
|turn|1
|
|t:|1776032264
|move|p1a: Glimmora|Mortal Spin|p2a: Samurott
|-damage|p2a: Samurott|93/100
|-status|p2a: Samurott|psn
|move|p2a: Samurott|Ceaseless Edge|p1a: Glimmora
|-damage|p1a: Glimmora|26/100
|-activate|p1a: Glimmora|ability: Toxic Debris
|-sidestart|p2: CanaryKill|move: Toxic Spikes
|-sidestart|p1: dkslfsd|Spikes
|
|-damage|p2a: Samurott|80/100 psn|[from] psn
|upkeep
|turn|2
|
|t:|1776032271
|switch|p2a: Corviknight|Corviknight, M|100/100
|move|p1a: Glimmora|Stealth Rock|p2a: Corviknight
|-sidestart|p2: CanaryKill|move: Stealth Rock
|
|upkeep
|turn|3
|
|t:|1776032276
|move|p1a: Glimmora|Power Gem|p2a: Corviknight
|-damage|p2a: Corviknight|62/100
|move|p2a: Corviknight|U-turn|p1a: Glimmora
|-resisted|p1a: Glimmora
|-damage|p1a: Glimmora|18/100
|-activate|p1a: Glimmora|ability: Toxic Debris
|-sidestart|p2: CanaryKill|move: Toxic Spikes
|
|t:|1776032279
|switch|p2a: Slowking|Slowking-Galar, F|100/100|[from] U-turn
|-sideend|p2: CanaryKill|move: Toxic Spikes|[of] p2a: Slowking
|
|upkeep
|turn|4
|
|t:|1776032281
|move|p1a: Glimmora|Earth Power|p2a: Slowking
|-supereffective|p2a: Slowking
|-damage|p2a: Slowking|62/100
|move|p2a: Slowking|Future Sight|p1a: Glimmora
|-start|p2a: Slowking|move: Future Sight
|
|upkeep
|turn|5
|
|t:|1776032285
|move|p1a: Glimmora|Mortal Spin|p2a: Slowking
|-resisted|p2a: Slowking
|-damage|p2a: Slowking|60/100
|-sideend|p1: dkslfsd|Spikes|[from] move: Mortal Spin|[of] p1a: Glimmora
|-prepare|p2a: Slowking|Chilly Reception|[premajor]
|move|p2a: Slowking|Chilly Reception|p2a: Slowking
|-weather|Snowscape
|
|t:|1776032288
|switch|p2a: Samurott|Samurott-Hisui, F|80/100 psn|[from] Chilly Reception
|-damage|p2a: Samurott|68/100 psn|[from] Stealth Rock
|
|-weather|Snowscape|[upkeep]
|-damage|p2a: Samurott|55/100 psn|[from] psn
|upkeep
|turn|6
|
|t:|1776032290
|move|p1a: Glimmora|Power Gem|p2a: Samurott
|-damage|p2a: Samurott|0 fnt
|faint|p2a: Samurott
|
|-weather|Snowscape|[upkeep]
|-end|p1a: Glimmora|move: Future Sight
|-supereffective|p1a: Glimmora
|-damage|p1a: Glimmora|0 fnt
|faint|p1a: Glimmora
|upkeep
|
|t:|1776032300
|switch|p1a: Zamazenta|Zamazenta|100/100
|switch|p2a: Landorus|Landorus-Therian, M|100/100
|-ability|p1a: Zamazenta|Dauntless Shield|boost
|-boost|p1a: Zamazenta|def|1
|-damage|p2a: Landorus|88/100|[from] Stealth Rock
|-ability|p2a: Landorus|Intimidate|boost
|-unboost|p1a: Zamazenta|atk|1
|turn|7
|
|t:|1776032306
|move|p1a: Zamazenta|Reflect|p1a: Zamazenta
|-sidestart|p1: dkslfsd|Reflect
|move|p2a: Landorus|Earth Power|p1a: Zamazenta
|-damage|p1a: Zamazenta|69/100
|-unboost|p1a: Zamazenta|spd|1
|
|-weather|Snowscape|[upkeep]
|upkeep
|turn|8
|
|t:|1776032311
|move|p1a: Zamazenta|Light Screen|p1a: Zamazenta
|-sidestart|p1: dkslfsd|move: Light Screen
|move|p2a: Landorus|Stealth Rock|p1a: Zamazenta
|-sidestart|p1: dkslfsd|move: Stealth Rock
|
|-weather|Snowscape|[upkeep]
|upkeep
|turn|9
|
|t:|1776032313
|move|p1a: Zamazenta|Ice Fang|p2a: Landorus
|-supereffective|p2a: Landorus
|-damage|p2a: Landorus|27/100
|-damage|p1a: Zamazenta|52/100|[from] item: Rocky Helmet|[of] p2a: Landorus
|move|p2a: Landorus|Earth Power|p1a: Zamazenta
|-damage|p1a: Zamazenta|30/100
|-unboost|p1a: Zamazenta|spd|1
|
|-weather|none
|upkeep
|turn|10
|
|t:|1776032321
|move|p1a: Zamazenta|Ice Fang|p2a: Landorus
|-supereffective|p2a: Landorus
|-damage|p2a: Landorus|0 fnt
|-damage|p1a: Zamazenta|14/100|[from] item: Rocky Helmet|[of] p2a: Landorus
|faint|p2a: Landorus
|
|upkeep
|
|t:|1776032323
|switch|p2a: Corviknight|Corviknight, M|62/100
|-damage|p2a: Corviknight|50/100|[from] Stealth Rock
|turn|11
|
|t:|1776032327
|switch|p1a: Manaphy|Manaphy|100/100
|-damage|p1a: Manaphy|88/100|[from] Stealth Rock
|move|p2a: Corviknight|Roost|p2a: Corviknight
|-heal|p2a: Corviknight|99/100
|-singleturn|p2a: Corviknight|move: Roost
|
|-heal|p1a: Manaphy|94/100|[from] item: Leftovers
|upkeep
|turn|12
|
|t:|1776032330
|move|p1a: Manaphy|Tail Glow|p1a: Manaphy
|-boost|p1a: Manaphy|spa|3
|move|p2a: Corviknight|U-turn|p1a: Manaphy
|-damage|p1a: Manaphy|87/100
|
|t:|1776032332
|switch|p2a: Ogerpon|Ogerpon, F|100/100|[from] U-turn
|-damage|p2a: Ogerpon|88/100|[from] Stealth Rock
|
|-heal|p1a: Manaphy|93/100|[from] item: Leftovers
|upkeep
|turn|13
|
|t:|1776032336
|-terastallize|p2a: Ogerpon|Grass
|detailschange|p2a: Ogerpon|Ogerpon-Teal-Tera, F, tera:Grass
|-ability|p2a: Ogerpon|Embody Aspect (Teal)|boost
|-boost|p2a: Ogerpon|spe|1
|-terastallize|p1a: Manaphy|Fairy
|move|p2a: Ogerpon|Ivy Cudgel|p1a: Manaphy
|-damage|p1a: Manaphy|42/100
|move|p1a: Manaphy|Alluring Voice|p2a: Ogerpon
|-damage|p2a: Ogerpon|0 fnt
|faint|p2a: Ogerpon
|detailschange|p2: Ogerpon|Ogerpon, F|[silent]
|
|-heal|p1a: Manaphy|48/100|[from] item: Leftovers
|upkeep
|
|t:|1776032346
|switch|p2a: Slowking|Slowking-Galar, F|93/100
|turn|14
|
|t:|1776032348
|move|p1a: Manaphy|Surf|p2a: Slowking
|-damage|p2a: Slowking|33/100
|move|p2a: Slowking|Sludge Bomb|p1a: Manaphy
|-supereffective|p1a: Manaphy
|-damage|p1a: Manaphy|16/100
|
|-heal|p1a: Manaphy|22/100|[from] item: Leftovers
|-sideend|p1: dkslfsd|Reflect
|upkeep
|turn|15
|
|t:|1776032358
|move|p1a: Manaphy|Surf|p2a: Slowking
|-damage|p2a: Slowking|0 fnt
|faint|p2a: Slowking
|
|-heal|p1a: Manaphy|28/100|[from] item: Leftovers
|-sideend|p1: dkslfsd|move: Light Screen
|upkeep
|
|t:|1776032359
|switch|p2a: Dragapult|Dragapult, M|100/100
|-damage|p2a: Dragapult|88/100|[from] Stealth Rock
|turn|16
|
|t:|1776032363
|move|p2a: Dragapult|Substitute|p2a: Dragapult
|-start|p2a: Dragapult|Substitute
|-damage|p2a: Dragapult|63/100
|move|p1a: Manaphy|Alluring Voice|p2a: Dragapult
|-supereffective|p2a: Dragapult
|-damage|p2a: Dragapult|0 fnt
|faint|p2a: Dragapult
|
|-heal|p1a: Manaphy|35/100|[from] item: Leftovers
|upkeep
|
|t:|1776032367
|switch|p2a: Corviknight|Corviknight, M|99/100
|-damage|p2a: Corviknight|88/100|[from] Stealth Rock
|turn|17
|-message|CanaryKill forfeited.
|
|win|dkslfsd
|raw|dkslfsd's rating: 1568 &rarr; <strong>1586</strong><br />(+18 for winning)
|raw|CanaryKill's rating: 1537 &rarr; <strong>1519</strong><br />(-18 for losing)
|l|☆CanaryKill
|player|p2|
|l|☆dkslfsd
|player|p1|
