|html|<div class="broadcast-blue"><strong>[Gen 9] OU is currently suspecting Tera Blast! For information on how to participate check out the <a href="https://www.smogon.com/tools/suspects/view/200">suspect thread</a>.</strong></div>
|j|☆mr parasect alt
|j|☆bobbybobby123
|t:|1776034734
|gametype|singles
|player|p1|mr parasect alt|waitress|1599
|player|p2|bobbybobby123|101|1602
|gen|9
|tier|[Gen 9] OU
|rated|
|rule|HP Percentage Mod: HP is shown in percentages
|rule|Endless Battle Clause: Forcing endless battles is banned
|rule|Species Clause: Limit one of each Pokémon
|rule|OHKO Clause: OHKO moves are banned
|rule|Evasion Items Clause: Evasion items are banned
|rule|Evasion Moves Clause: Evasion moves are banned
|rule|Evasion Abilities Clause: Evasion abilities are banned
|rule|Sleep Moves Clause: Sleep-inducing moves are banned
|clearpoke
|poke|p1|Iron Valiant|
|poke|p1|Great Tusk|
|poke|p1|Dragonite, F|
|poke|p1|Deoxys-Speed|
|poke|p1|Glimmora, F|
|poke|p1|Ogerpon-Wellspring, F|
|poke|p2|Great Tusk|
|poke|p2|Rillaboom, M|
|poke|p2|Slowking-Galar, M|
|poke|p2|Frosmoth, M|
|poke|p2|Deoxys-Speed|
|poke|p2|Kyurem|
|teampreview
|j| ohko_smeargle
|inactive|Battle timer is ON: inactive players will automatically lose when time's up. (requested by bobbybobby123)
|
|t:|1776034751
|teamsize|p1|6
|teamsize|p2|6
|start
|switch|p1a: Iron Valiant|Iron Valiant|100/100
|switch|p2a: Deoxys|Deoxys-Speed|100/100
|-ability|p2a: Deoxys|Pressure
|-enditem|p1a: Iron Valiant|Booster Energy
|-activate|p1a: Iron Valiant|ability: Quark Drive|[fromitem]
|-start|p1a: Iron Valiant|quarkdrivespe
|turn|1
|
|t:|1776034764
|move|p1a: Iron Valiant|Knock Off|p2a: Deoxys
|-supereffective|p2a: Deoxys
|-damage|p2a: Deoxys|22/100
|-enditem|p2a: Deoxys|Light Clay|[from] move: Knock Off|[of] p1a: Iron Valiant
|move|p2a: Deoxys|Psycho Boost|p1a: Iron Valiant
|-supereffective|p1a: Iron Valiant
|-damage|p1a: Iron Valiant|0 fnt
|-unboost|p2a: Deoxys|spa|2
|faint|p1a: Iron Valiant
|-end|p1a: Iron Valiant|Quark Drive|[silent]
|
|upkeep
|
|t:|1776034774
|switch|p1a: Glimmora|Glimmora, F|100/100
|turn|2
|
|t:|1776034790
|move|p2a: Deoxys|Taunt|p1a: Glimmora
|-start|p1a: Glimmora|move: Taunt
|move|p1a: Glimmora|Meteor Beam||[still]
|-prepare|p1a: Glimmora|Meteor Beam
|-boost|p1a: Glimmora|spa|1
|-enditem|p1a: Glimmora|Power Herb
|-anim|p1a: Glimmora|Meteor Beam|p2a: Deoxys
|-damage|p2a: Deoxys|0 fnt
|faint|p2a: Deoxys
|
|upkeep
|
|t:|1776034799
|switch|p2a: Rillaboom|Rillaboom, M, shiny|100/100
|-fieldstart|move: Grassy Terrain|[from] ability: Grassy Surge|[of] p2a: Rillaboom
|turn|3
|
|t:|1776034804
|switch|p2a: Slowking|Slowking-Galar, M, shiny|100/100
|move|p1a: Glimmora|Mortal Spin|p2a: Slowking
|-resisted|p2a: Slowking
|-crit|p2a: Slowking
|-damage|p2a: Slowking|97/100
|
|-heal|p2a: Slowking|100/100|[from] Grassy Terrain
|upkeep
|turn|4
|
|t:|1776034810
|move|p1a: Glimmora|Earth Power|p2a: Slowking
|-supereffective|p2a: Slowking
|-damage|p2a: Slowking|24/100
|-prepare|p2a: Slowking|Chilly Reception|[premajor]
|move|p2a: Slowking|Chilly Reception|p2a: Slowking
|-weather|Snowscape
|
|t:|1776034813
|switch|p2a: Frosmoth|Frosmoth, M, shiny|100/100|[from] Chilly Reception
|-enditem|p2a: Frosmoth|Grassy Seed
|-boost|p2a: Frosmoth|def|1|[from] item: Grassy Seed
|
|-weather|Snowscape|[upkeep]
|-end|p1a: Glimmora|move: Taunt
|upkeep
|turn|5
|
|t:|1776034826
|move|p1a: Glimmora|Mortal Spin|p2a: Frosmoth
|-damage|p2a: Frosmoth|98/100
|-status|p2a: Frosmoth|psn
|move|p2a: Frosmoth|Substitute|p2a: Frosmoth
|-start|p2a: Frosmoth|Substitute
|-damage|p2a: Frosmoth|73/100 psn
|
|-weather|Snowscape|[upkeep]
|-heal|p2a: Frosmoth|79/100 psn|[from] Grassy Terrain
|-damage|p2a: Frosmoth|66/100 psn|[from] psn
|upkeep
|turn|6
|
|t:|1776034835
|move|p1a: Glimmora|Meteor Beam||[still]
|-prepare|p1a: Glimmora|Meteor Beam
|-boost|p1a: Glimmora|spa|1
|move|p2a: Frosmoth|Quiver Dance|p2a: Frosmoth
|-boost|p2a: Frosmoth|spa|1
|-boost|p2a: Frosmoth|spd|1
|-boost|p2a: Frosmoth|spe|1
|
|-weather|Snowscape|[upkeep]
|-heal|p2a: Frosmoth|72/100 psn|[from] Grassy Terrain
|-damage|p2a: Frosmoth|60/100 psn|[from] psn
|upkeep
|turn|7
|
|t:|1776034840
|move|p1a: Glimmora|Meteor Beam|p2a: Frosmoth|[from] lockedmove
|-supereffective|p2a: Frosmoth
|-end|p2a: Frosmoth|Substitute
|move|p2a: Frosmoth|Quiver Dance|p2a: Frosmoth
|-boost|p2a: Frosmoth|spa|1
|-boost|p2a: Frosmoth|spd|1
|-boost|p2a: Frosmoth|spe|1
|
|-weather|Snowscape|[upkeep]
|-heal|p2a: Frosmoth|66/100 psn|[from] Grassy Terrain
|-damage|p2a: Frosmoth|53/100 psn|[from] psn
|upkeep
|turn|8
|
|t:|1776034851
|switch|p1a: Deoxys|Deoxys-Speed|100/100
|-ability|p1a: Deoxys|Pressure
|move|p2a: Frosmoth|Ice Beam|p1a: Deoxys
|-damage|p1a: Deoxys|11/100
|
|-weather|Snowscape|[upkeep]
|-heal|p1a: Deoxys|17/100|[from] Grassy Terrain
|-heal|p2a: Frosmoth|60/100 psn|[from] Grassy Terrain
|-damage|p2a: Frosmoth|47/100 psn|[from] psn
|upkeep
|turn|9
|
|t:|1776034860
|move|p1a: Deoxys|Light Screen|p1a: Deoxys
|-sidestart|p1: mr parasect alt|move: Light Screen
|move|p2a: Frosmoth|Ice Beam|p1a: Deoxys
|-damage|p1a: Deoxys|0 fnt
|faint|p1a: Deoxys
|
|-weather|Snowscape|[upkeep]
|-heal|p2a: Frosmoth|53/100 psn|[from] Grassy Terrain
|-damage|p2a: Frosmoth|41/100 psn|[from] psn
|upkeep
|
|t:|1776034870
|switch|p1a: Ogerpon|Ogerpon-Wellspring, F|100/100
|turn|10
|
|t:|1776034881
|switch|p1a: Glimmora|Glimmora, F|100/100
|move|p2a: Frosmoth|Ice Beam|p1a: Glimmora
|-damage|p1a: Glimmora|52/100
|
|-weather|Snowscape|[upkeep]
|-heal|p2a: Frosmoth|47/100 psn|[from] Grassy Terrain
|-heal|p1a: Glimmora|58/100|[from] Grassy Terrain
|-damage|p2a: Frosmoth|34/100 psn|[from] psn
|-fieldend|move: Grassy Terrain
|upkeep
|turn|11
|
|t:|1776034889
|move|p2a: Frosmoth|Quiver Dance|p2a: Frosmoth
|-boost|p2a: Frosmoth|spa|1
|-boost|p2a: Frosmoth|spd|1
|-boost|p2a: Frosmoth|spe|1
|move|p1a: Glimmora|Meteor Beam||[still]
|-prepare|p1a: Glimmora|Meteor Beam
|-boost|p1a: Glimmora|spa|1
|
|-weather|none
|-damage|p2a: Frosmoth|22/100 psn|[from] psn
|upkeep
|turn|12
|
|t:|1776034894
|move|p2a: Frosmoth|Ice Beam|p1a: Glimmora
|-damage|p1a: Glimmora|0 fnt
|faint|p1a: Glimmora
|
|-damage|p2a: Frosmoth|9/100 psn|[from] psn
|upkeep
|
|t:|1776034900
|switch|p1a: Ogerpon|Ogerpon-Wellspring, F|100/100
|turn|13
|inactive|bobbybobby123 has 120 seconds left.
|
|t:|1776034936
|-terastallize|p2a: Frosmoth|Electric
|move|p2a: Frosmoth|Tera Blast|p1a: Ogerpon|[anim] Tera Blast Electric
|-damage|p1a: Ogerpon|51/100
|move|p1a: Ogerpon|Ivy Cudgel|p2a: Frosmoth|[anim] Ivy Cudgel Water
|-damage|p2a: Frosmoth|0 fnt
|faint|p2a: Frosmoth
|
|upkeep
|
|t:|1776034944
|switch|p2a: Slowking|Slowking-Galar, M, shiny|57/100
|turn|14
|
|t:|1776034947
|move|p1a: Ogerpon|Knock Off|p2a: Slowking
|-supereffective|p2a: Slowking
|-damage|p2a: Slowking|3/100
|-enditem|p2a: Slowking|Icy Rock|[from] move: Knock Off|[of] p1a: Ogerpon
|move|p2a: Slowking|Sludge Bomb|p1a: Ogerpon
|-supereffective|p1a: Ogerpon
|-damage|p1a: Ogerpon|11/100
|-status|p1a: Ogerpon|psn
|
|-damage|p1a: Ogerpon|0 fnt|[from] psn
|faint|p1a: Ogerpon
|upkeep
|
|t:|1776034958
|switch|p1a: Dragonite|Dragonite, F|100/100
|turn|15
|
|t:|1776034971
|switch|p2a: Great Tusk|Great Tusk, shiny|100/100
|-enditem|p2a: Great Tusk|Booster Energy
|-activate|p2a: Great Tusk|ability: Protosynthesis|[fromitem]
|-start|p2a: Great Tusk|protosynthesisatk
|move|p1a: Dragonite|Iron Head|p2a: Great Tusk
|-damage|p2a: Great Tusk|80/100
|
|upkeep
|turn|16
|
|t:|1776034983
|move|p2a: Great Tusk|Ice Spinner|p1a: Dragonite
|-supereffective|p1a: Dragonite
|-damage|p1a: Dragonite|16/100
|move|p1a: Dragonite|Dragon Dance|p1a: Dragonite
|-boost|p1a: Dragonite|atk|1
|-boost|p1a: Dragonite|spe|1
|
|-sideend|p1: mr parasect alt|move: Light Screen
|upkeep
|turn|17
|
|t:|1776034997
|move|p1a: Dragonite|Outrage|p2a: Great Tusk
|-damage|p2a: Great Tusk|6/100
|move|p2a: Great Tusk|Rapid Spin|p1a: Dragonite
|-damage|p1a: Dragonite|0 fnt
|-boost|p2a: Great Tusk|spe|1
|faint|p1a: Dragonite
|
|upkeep
|
|t:|1776035001
|switch|p1a: Great Tusk|Great Tusk|100/100
|-enditem|p1a: Great Tusk|Booster Energy
|-activate|p1a: Great Tusk|ability: Protosynthesis|[fromitem]
|-start|p1a: Great Tusk|protosynthesisspe
|turn|18
|
|t:|1776035005
|move|p1a: Great Tusk|Ice Spinner|p2a: Great Tusk
|-supereffective|p2a: Great Tusk
|-damage|p2a: Great Tusk|0 fnt
|faint|p2a: Great Tusk
|-end|p2a: Great Tusk|Protosynthesis|[silent]
|
|upkeep
|
|t:|1776035009
|switch|p2a: Rillaboom|Rillaboom, M, shiny|100/100
|-fieldstart|move: Grassy Terrain|[from] ability: Grassy Surge|[of] p2a: Rillaboom
|turn|19
|
|t:|1776035012
|-terastallize|p1a: Great Tusk|Steel
|move|p2a: Rillaboom|Grassy Glide|p1a: Great Tusk
|-resisted|p1a: Great Tusk
|-damage|p1a: Great Tusk|89/100
|move|p1a: Great Tusk|Bulk Up|p1a: Great Tusk
|-boost|p1a: Great Tusk|atk|1
|-boost|p1a: Great Tusk|def|1
|
|-heal|p1a: Great Tusk|95/100|[from] Grassy Terrain
|upkeep
|turn|20
|
|t:|1776035016
|move|p1a: Great Tusk|Bulk Up|p1a: Great Tusk
|-boost|p1a: Great Tusk|atk|1
|-boost|p1a: Great Tusk|def|1
|move|p2a: Rillaboom|Low Kick|p1a: Great Tusk
|-supereffective|p1a: Great Tusk
|-damage|p1a: Great Tusk|66/100
|
|-heal|p1a: Great Tusk|72/100|[from] Grassy Terrain
|upkeep
|turn|21
|
|t:|1776035033
|move|p1a: Great Tusk|Bulk Up|p1a: Great Tusk
|-boost|p1a: Great Tusk|atk|1
|-boost|p1a: Great Tusk|def|1
|move|p2a: Rillaboom|Low Kick|p1a: Great Tusk
|-supereffective|p1a: Great Tusk
|-damage|p1a: Great Tusk|49/100
|
|-heal|p1a: Great Tusk|55/100|[from] Grassy Terrain
|upkeep
|turn|22
|
|t:|1776035041
|switch|p2a: Slowking|Slowking-Galar, M, shiny|36/100
|move|p1a: Great Tusk|Bulk Up|p1a: Great Tusk
|-boost|p1a: Great Tusk|atk|1
|-boost|p1a: Great Tusk|def|1
|
|-heal|p1a: Great Tusk|61/100|[from] Grassy Terrain
|-heal|p2a: Slowking|42/100|[from] Grassy Terrain
|upkeep
|turn|23
|
|t:|1776035047
|move|p1a: Great Tusk|Ice Spinner|p2a: Slowking
|-damage|p2a: Slowking|0 fnt
|-fieldend|move: Grassy Terrain
|faint|p2a: Slowking
|
|upkeep
|
|t:|1776035049
|switch|p2a: Kyurem|Kyurem, shiny|100/100
|-ability|p2a: Kyurem|Pressure
|turn|24
|
|t:|1776035062
|move|p1a: Great Tusk|Earthquake|p2a: Kyurem
|-damage|p2a: Kyurem|0 fnt
|faint|p2a: Kyurem
|
|upkeep
|
|t:|1776035065
|switch|p2a: Rillaboom|Rillaboom, M, shiny|100/100
|-fieldstart|move: Grassy Terrain|[from] ability: Grassy Surge|[of] p2a: Rillaboom
|turn|25
|
|t:|1776035066
|move|p1a: Great Tusk|Ice Spinner|p2a: Rillaboom
|-supereffective|p2a: Rillaboom
|-damage|p2a: Rillaboom|0 fnt
|-fieldend|move: Grassy Terrain
|faint|p2a: Rillaboom
|
|win|mr parasect alt
|raw|mr parasect alt's rating: 1599 &rarr; <strong>1619</strong><br />(+20 for winning)
|raw|bobbybobby123's rating: 1602 &rarr; <strong>1582</strong><br />(-20 for losing)
|l|☆bobbybobby123
|player|p2|
|l| ohko_smeargle
|l|☆mr parasect alt
|player|p1|
