|html|<div class="broadcast-blue"><strong>[Gen 9] OU is currently suspecting Tera Blast! For information on how to participate check out the <a href="https://www.smogon.com/tools/suspects/view/200">suspect thread</a>.</strong></div>
|j|☆LightAstro
|j|☆jeffdapeff
|t:|1776041939
|gametype|singles
|player|p1|LightAstro|preschoolerf|1142
|player|p2|jeffdapeff|265|1174
|gen|9
|tier|[Gen 9] OU
|rated|
|rule|HP Percentage Mod: HP is shown in percentages
|rule|Endless Battle Clause: Forcing endless battles is banned
|rule|Species Clause: Limit one of each Pokémon
|rule|OHKO Clause: OHKO moves are banned
|rule|Evasion Items Clause: Evasion items are banned
|rule|Evasion Moves Clause: Evasion moves are banned
|rule|Evasion Abilities Clause: Evasion abilities are banned
|rule|Sleep Moves Clause: Sleep-inducing moves are banned
|clearpoke
|poke|p1|Blaziken, M|
|poke|p1|Swampert, M|
|poke|p1|Metagross|
|poke|p1|Eelektross, F|
|poke|p1|Serperior, F|
|poke|p1|Salamence, M|
|poke|p2|Sinistcha|
|poke|p2|Okidogi, M|
|poke|p2|Scizor, F|
|poke|p2|Primarina, M|
|poke|p2|Corviknight, M|
|poke|p2|Mamoswine, F|
|teampreview
|
|t:|1776041948
|teamsize|p1|6
|teamsize|p2|6
|start
|switch|p1a: Eelektross|Eelektross, F|100/100
|switch|p2a: Sinistcha|Sinistcha|100/100
|turn|1
|inactive|Battle timer is ON: inactive players will automatically lose when time's up. (requested by jeffdapeff)
|
|t:|1776041956
|move|p2a: Sinistcha|Calm Mind|p2a: Sinistcha
|-boost|p2a: Sinistcha|spa|1
|-boost|p2a: Sinistcha|spd|1
|move|p1a: Eelektross|Knock Off|p2a: Sinistcha
|-supereffective|p2a: Sinistcha
|-damage|p2a: Sinistcha|12/100
|-enditem|p2a: Sinistcha|Life Orb|[from] move: Knock Off|[of] p1a: Eelektross
|-damage|p1a: Eelektross|91/100|[from] item: Life Orb
|
|upkeep
|turn|2
|
|t:|1776041965
|move|p2a: Sinistcha|Matcha Gotcha|p1a: Eelektross
|-damage|p1a: Eelektross|25/100
|-heal|p2a: Sinistcha|48/100|[from] drain|[of] p1a: Eelektross
|move|p1a: Eelektross|Fire Punch|p2a: Sinistcha
|-supereffective|p2a: Sinistcha
|-damage|p2a: Sinistcha|15/100
|-damage|p1a: Eelektross|15/100|[from] item: Life Orb
|
|upkeep
|turn|3
|
|t:|1776041978
|move|p2a: Sinistcha|Matcha Gotcha|p1a: Eelektross
|-damage|p1a: Eelektross|0 fnt
|-heal|p2a: Sinistcha|23/100|[from] drain|[of] p1a: Eelektross
|faint|p1a: Eelektross
|
|upkeep
|
|t:|1776041990
|switch|p1a: Metagross|Metagross, shiny|100/100
|-item|p1a: Metagross|Air Balloon
|turn|4
|
|t:|1776042003
|move|p1a: Metagross|Psychic Fangs|p2a: Sinistcha
|-damage|p2a: Sinistcha|0 fnt
|faint|p2a: Sinistcha
|
|upkeep
|
|t:|1776042015
|switch|p2a: Primarina|Primarina, M|100/100
|turn|5
|
|t:|1776042026
|move|p1a: Metagross|Meteor Mash|p2a: Primarina
|-damage|p2a: Primarina|45/100
|move|p2a: Primarina|Hyper Voice|p1a: Metagross
|-damage|p1a: Metagross|42/100
|-enditem|p1a: Metagross|Air Balloon
|
|upkeep
|turn|6
|
|t:|1776042035
|move|p1a: Metagross|Meteor Mash|p2a: Primarina
|-damage|p2a: Primarina|0 fnt
|faint|p2a: Primarina
|
|upkeep
|
|t:|1776042040
|switch|p2a: Mamoswine|Mamoswine, F|100/100
|turn|7
|
|t:|1776042065
|move|p1a: Metagross|Meteor Mash|p2a: Mamoswine
|-supereffective|p2a: Mamoswine
|-damage|p2a: Mamoswine|14/100
|move|p2a: Mamoswine|Earthquake|p1a: Metagross
|-supereffective|p1a: Metagross
|-damage|p1a: Metagross|0 fnt
|faint|p1a: Metagross
|
|upkeep
|inactive|LightAstro has 120 seconds left.
|
|t:|1776042081
|switch|p1a: Serperior|Serperior, F|100/100
|turn|8
|
|t:|1776042087
|switch|p2a: Corviknight|Corviknight, M|100/100
|move|p1a: Serperior|Leaf Storm|p2a: Corviknight
|-resisted|p2a: Corviknight
|-damage|p2a: Corviknight|89/100
|-boost|p1a: Serperior|spa|2
|
|upkeep
|turn|9
|
|t:|1776042100
|-terastallize|p1a: Serperior|Fire
|move|p1a: Serperior|Tera Blast|p2a: Corviknight|[anim] Tera Blast Fire
|-supereffective|p2a: Corviknight
|-damage|p2a: Corviknight|0 fnt
|faint|p2a: Corviknight
|
|upkeep
|
|t:|1776042106
|switch|p2a: Okidogi|Okidogi, M|100/100
|turn|10
|
|t:|1776042119
|move|p1a: Serperior|Tera Blast|p2a: Okidogi|[anim] Tera Blast Fire
|-damage|p2a: Okidogi|40/100
|move|p2a: Okidogi|Poison Jab|p1a: Serperior
|-damage|p1a: Serperior|32/100
|-status|p1a: Serperior|tox|[from] ability: Toxic Chain|[of] p2a: Okidogi
|-damage|p2a: Okidogi|30/100|[from] item: Life Orb
|
|-heal|p1a: Serperior|38/100 tox|[from] item: Leftovers
|-damage|p1a: Serperior|32/100 tox|[from] psn
|upkeep
|turn|11
|
|t:|1776042135
|move|p1a: Serperior|Tera Blast|p2a: Okidogi|[anim] Tera Blast Fire
|-damage|p2a: Okidogi|0 fnt
|faint|p2a: Okidogi
|
|-heal|p1a: Serperior|38/100 tox|[from] item: Leftovers
|-damage|p1a: Serperior|26/100 tox|[from] psn
|upkeep
|
|t:|1776042139
|switch|p2a: Scizor|Scizor, F|100/100
|turn|12
|
|t:|1776042146
|move|p2a: Scizor|Bullet Punch|p1a: Serperior
|-resisted|p1a: Serperior
|-damage|p1a: Serperior|6/100 tox
|move|p1a: Serperior|Tera Blast|p2a: Scizor|[anim] Tera Blast Fire
|-supereffective|p2a: Scizor
|-enditem|p2a: Scizor|Focus Sash
|-damage|p2a: Scizor|1/100
|
|-heal|p1a: Serperior|12/100 tox|[from] item: Leftovers
|-damage|p1a: Serperior|0 fnt|[from] psn
|faint|p1a: Serperior
|upkeep
|
|t:|1776042159
|switch|p1a: Blaziken|Blaziken, M|100/100
|-item|p1a: Blaziken|Air Balloon
|turn|13
|
|t:|1776042165
|move|p1a: Blaziken|Detect|p1a: Blaziken
|-singleturn|p1a: Blaziken|Protect
|move|p2a: Scizor|Bullet Punch|p1a: Blaziken
|-activate|p1a: Blaziken|move: Protect
|
|-ability|p1a: Blaziken|Speed Boost|boost
|-boost|p1a: Blaziken|spe|1
|upkeep
|turn|14
|
|t:|1776042182
|move|p1a: Blaziken|Fire Punch|p2a: Scizor
|-supereffective|p2a: Scizor
|-damage|p2a: Scizor|0 fnt
|faint|p2a: Scizor
|
|-ability|p1a: Blaziken|Speed Boost|boost
|-boost|p1a: Blaziken|spe|1
|upkeep
|
|t:|1776042185
|switch|p2a: Mamoswine|Mamoswine, F|14/100
|turn|15
|
|t:|1776042190
|move|p2a: Mamoswine|Ice Shard|p1a: Blaziken
|-resisted|p1a: Blaziken
|-damage|p1a: Blaziken|83/100
|-enditem|p1a: Blaziken|Air Balloon
|move|p1a: Blaziken|Fire Punch|p2a: Mamoswine
|-supereffective|p2a: Mamoswine
|-damage|p2a: Mamoswine|0 fnt
|faint|p2a: Mamoswine
|
|win|LightAstro
|raw|LightAstro's rating: 1142 &rarr; <strong>1169</strong><br />(+27 for winning)
|raw|jeffdapeff's rating: 1174 &rarr; <strong>1147</strong><br />(-27 for losing)
|l|☆jeffdapeff
|player|p2|
|c|☆LightAstro|gg
|l|☆LightAstro
|player|p1|
