|html|<div class="broadcast-blue"><strong>[Gen 9] OU is currently suspecting Tera Blast! For information on how to participate check out the <a href="https://www.smogon.com/tools/suspects/view/200">suspect thread</a>.</strong></div>
|j|☆max512
|j|☆llr6236
|t:|1776302706
|gametype|singles
|player|p1|max512|lucas|1014
|player|p2|llr6236|allister|1049
|gen|9
|tier|[Gen 9] OU
|rated|
|rule|HP Percentage Mod: HP is shown in percentages
|rule|Endless Battle Clause: Forcing endless battles is banned
|rule|Species Clause: Limit one of each Pokémon
|rule|OHKO Clause: OHKO moves are banned
|rule|Evasion Items Clause: Evasion items are banned
|rule|Evasion Moves Clause: Evasion moves are banned
|rule|Evasion Abilities Clause: Evasion abilities are banned
|rule|Sleep Moves Clause: Sleep-inducing moves are banned
|clearpoke
|poke|p1|Empoleon, M|
|poke|p1|Gliscor, M|
|poke|p1|Snorlax, M|
|poke|p1|Metagross|
|poke|p1|Gengar, M|
|poke|p1|Dragonite, F|
|poke|p2|Frosmoth, M|
|poke|p2|Blaziken, F|
|poke|p2|Altaria, F|
|poke|p2|Haxorus, F|
|poke|p2|Azelf|
|poke|p2|Goodra-Hisui, F|
|teampreview
|inactive|Battle timer is ON: inactive players will automatically lose when time's up. (requested by llr6236)
|
|t:|1776302727
|teamsize|p1|6
|teamsize|p2|6
|start
|switch|p1a: Empoleon|Empoleon, M|100/100
|switch|p2a: Azelf|Azelf|100/100
|turn|1
|
|t:|1776302742
|move|p2a: Azelf|Stealth Rock|p1a: Empoleon
|-sidestart|p1: max512|move: Stealth Rock
|move|p1a: Empoleon|Ice Beam|p2a: Azelf
|-damage|p2a: Azelf|66/100
|
|upkeep
|turn|2
|
|t:|1776302751
|move|p2a: Azelf|Future Sight|p1a: Empoleon
|-start|p2a: Azelf|move: Future Sight
|move|p1a: Empoleon|Ice Beam|p2a: Azelf
|-damage|p2a: Azelf|31/100
|
|upkeep
|turn|3
|
|t:|1776302764
|switch|p2a: Goodra|Goodra-Hisui, F|100/100
|move|p1a: Empoleon|Ice Beam|p2a: Goodra
|-crit|p2a: Goodra
|-damage|p2a: Goodra|86/100
|
|upkeep
|turn|4
|
|t:|1776302782
|move|p1a: Empoleon|Ice Beam|p2a: Goodra
|-damage|p2a: Goodra|76/100
|move|p2a: Goodra|Dragon Tail|p1a: Empoleon
|-resisted|p1a: Empoleon
|-damage|p1a: Empoleon|90/100
|drag|p1a: Dragonite|Dragonite, F|100/100
|-damage|p1a: Dragonite|75/100|[from] Stealth Rock
|
|-end|p1a: Dragonite|move: Future Sight
|-damage|p1a: Dragonite|16/100
|upkeep
|turn|5
|
|t:|1776302798
|move|p1a: Dragonite|Earthquake|p2a: Goodra
|-supereffective|p2a: Goodra
|-crit|p2a: Goodra
|-damage|p2a: Goodra|0 fnt
|faint|p2a: Goodra
|
|upkeep
|
|t:|1776302802
|switch|p2a: Azelf|Azelf|31/100
|turn|6
|
|t:|1776302817
|move|p1a: Dragonite|Extreme Speed|p2a: Azelf
|-damage|p2a: Azelf|0 fnt
|faint|p2a: Azelf
|
|upkeep
|
|t:|1776302826
|switch|p2a: Altaria|Altaria, F, shiny|100/100
|-ability|p2a: Altaria|Cloud Nine
|turn|7
|
|t:|1776302845
|move|p1a: Dragonite|Extreme Speed|p2a: Altaria
|-damage|p2a: Altaria|72/100
|move|p2a: Altaria|Ice Beam|p1a: Dragonite
|-supereffective|p1a: Dragonite
|-damage|p1a: Dragonite|0 fnt
|faint|p1a: Dragonite
|
|upkeep
|inactive|max512 has 120 seconds left.
|
|t:|1776302869
|switch|p1a: Empoleon|Empoleon, M|90/100
|-damage|p1a: Empoleon|84/100|[from] Stealth Rock
|turn|8
|
|t:|1776302878
|switch|p2a: Blaziken|Blaziken, F, shiny|100/100
|move|p1a: Empoleon|Ice Beam|p2a: Blaziken
|-resisted|p2a: Blaziken
|-damage|p2a: Blaziken|83/100
|
|-heal|p2a: Blaziken|89/100|[from] item: Leftovers
|-heal|p1a: Empoleon|90/100|[from] item: Leftovers
|upkeep
|turn|9
|
|t:|1776302887
|move|p2a: Blaziken|Close Combat|p1a: Empoleon
|-supereffective|p1a: Empoleon
|-damage|p1a: Empoleon|0 fnt
|-unboost|p2a: Blaziken|def|1
|-unboost|p2a: Blaziken|spd|1
|faint|p1a: Empoleon
|
|-heal|p2a: Blaziken|95/100|[from] item: Leftovers
|-ability|p2a: Blaziken|Speed Boost|boost
|-boost|p2a: Blaziken|spe|1
|upkeep
|
|t:|1776302900
|switch|p1a: Gengar|Gengar, M|100/100
|-damage|p1a: Gengar|88/100|[from] Stealth Rock
|turn|10
|inactive|max512 has 120 seconds left.
|
|t:|1776302929
|switch|p2a: Altaria|Altaria, F, shiny|72/100
|-ability|p2a: Altaria|Cloud Nine
|move|p1a: Gengar|Shadow Ball|p2a: Altaria
|-damage|p2a: Altaria|39/100
|-unboost|p2a: Altaria|spd|1
|
|upkeep
|turn|11
|
|t:|1776302941
|move|p1a: Gengar|Shadow Ball|p2a: Altaria
|-damage|p2a: Altaria|0 fnt
|faint|p2a: Altaria
|
|upkeep
|
|t:|1776302951
|switch|p2a: Frosmoth|Frosmoth, M, shiny|100/100
|turn|12
|inactive|max512 has 120 seconds left.
|
|t:|1776302969
|switch|p1a: Snorlax|Snorlax, M|100/100
|-damage|p1a: Snorlax|88/100|[from] Stealth Rock
|move|p2a: Frosmoth|Quiver Dance|p2a: Frosmoth
|-boost|p2a: Frosmoth|spa|1
|-boost|p2a: Frosmoth|spd|1
|-boost|p2a: Frosmoth|spe|1
|
|-heal|p1a: Snorlax|94/100|[from] item: Leftovers
|upkeep
|turn|13
|
|t:|1776302987
|move|p2a: Frosmoth|Quiver Dance|p2a: Frosmoth
|-boost|p2a: Frosmoth|spa|1
|-boost|p2a: Frosmoth|spd|1
|-boost|p2a: Frosmoth|spe|1
|move|p1a: Snorlax|Body Slam|p2a: Frosmoth
|-damage|p2a: Frosmoth|37/100
|
|-heal|p1a: Snorlax|99/100|[from] item: Leftovers
|upkeep
|turn|14
|
|t:|1776303002
|move|p2a: Frosmoth|Bug Buzz|p1a: Snorlax
|-damage|p1a: Snorlax|40/100
|move|p1a: Snorlax|Body Slam|p2a: Frosmoth
|-damage|p2a: Frosmoth|0 fnt
|faint|p2a: Frosmoth
|
|-heal|p1a: Snorlax|47/100|[from] item: Leftovers
|upkeep
|
|t:|1776303008
|switch|p2a: Blaziken|Blaziken, F, shiny|95/100
|turn|15
|
|t:|1776303027
|-terastallize|p1a: Snorlax|Ghost
|move|p2a: Blaziken|Swords Dance|p2a: Blaziken
|-boost|p2a: Blaziken|atk|2
|move|p1a: Snorlax|Rest|p1a: Snorlax
|-status|p1a: Snorlax|slp|[from] move: Rest
|-heal|p1a: Snorlax|100/100 slp|[silent]
|
|-heal|p2a: Blaziken|100/100|[from] item: Leftovers
|-ability|p2a: Blaziken|Speed Boost|boost
|-boost|p2a: Blaziken|spe|1
|upkeep
|turn|16
|
|t:|1776303040
|move|p2a: Blaziken|Swords Dance|p2a: Blaziken
|-boost|p2a: Blaziken|atk|2
|cant|p1a: Snorlax|slp
|move|p1a: Snorlax|Sleep Talk|p1a: Snorlax
|move|p1a: Snorlax|Curse|p2a: Blaziken|[from] move: Sleep Talk
|-start|p2a: Blaziken|Curse|[of] p1a: Snorlax
|-damage|p1a: Snorlax|50/100 slp
|
|-heal|p1a: Snorlax|57/100 slp|[from] item: Leftovers
|-damage|p2a: Blaziken|76/100|[from] Curse
|-ability|p2a: Blaziken|Speed Boost|boost
|-boost|p2a: Blaziken|spe|1
|upkeep
|turn|17
|
|t:|1776303055
|move|p2a: Blaziken|Blaze Kick|p1a: Snorlax
|-damage|p1a: Snorlax|6/100 slp
|cant|p1a: Snorlax|slp
|move|p1a: Snorlax|Sleep Talk|p1a: Snorlax
|move|p1a: Snorlax|Body Slam|p2a: Blaziken|[from] move: Sleep Talk
|-damage|p2a: Blaziken|29/100
|
|-heal|p2a: Blaziken|35/100|[from] item: Leftovers
|-heal|p1a: Snorlax|12/100 slp|[from] item: Leftovers
|-damage|p2a: Blaziken|10/100|[from] Curse
|-ability|p2a: Blaziken|Speed Boost|boost
|-boost|p2a: Blaziken|spe|1
|upkeep
|turn|18
|inactive|max512 has 90 seconds left.
|
|t:|1776303081
|move|p2a: Blaziken|Blaze Kick|p1a: Snorlax
|-damage|p1a: Snorlax|0 fnt
|faint|p1a: Snorlax
|
|-heal|p2a: Blaziken|16/100|[from] item: Leftovers
|-damage|p2a: Blaziken|0 fnt|[from] Curse
|faint|p2a: Blaziken
|upkeep
|
|t:|1776303093
|switch|p2a: Haxorus|Haxorus, F, shiny|100/100
|switch|p1a: Gengar|Gengar, M|88/100
|-damage|p1a: Gengar|76/100|[from] Stealth Rock
|-ability|p2a: Haxorus|Mold Breaker
|turn|19
|
|t:|1776303109
|move|p1a: Gengar|Shadow Ball|p2a: Haxorus
|-damage|p2a: Haxorus|35/100
|move|p2a: Haxorus|Outrage|p1a: Gengar
|-damage|p1a: Gengar|0 fnt
|faint|p1a: Gengar
|
|upkeep
|
|t:|1776303117
|switch|p1a: Gliscor|Gliscor, M|100/100
|-damage|p1a: Gliscor|88/100|[from] Stealth Rock
|turn|20
|
|t:|1776303127
|move|p2a: Haxorus|Outrage|p1a: Gliscor|[from] lockedmove
|-damage|p1a: Gliscor|45/100
|move|p1a: Gliscor|Earthquake|p2a: Haxorus
|-damage|p2a: Haxorus|0 fnt
|faint|p2a: Haxorus
|
|win|max512
|raw|max512's rating: 1014 &rarr; <strong>1056</strong><br />(+42 for winning)
|raw|llr6236's rating: 1049 &rarr; <strong>1030</strong><br />(-19 for losing)
|l|☆llr6236
|player|p2|
