|html|<div class="broadcast-blue"><strong>[Gen 9] OU is currently suspecting Tera Blast! For information on how to participate check out the <a href="https://www.smogon.com/tools/suspects/view/200">suspect thread</a>.</strong></div>
|j|☆TheKingNunu
|j|☆Thederpa1
|t:|1776086903
|gametype|singles
|player|p1|TheKingNunu|shadowtriad|1404
|player|p2|Thederpa1|swimmer-gen4dp|1453
|gen|9
|tier|[Gen 9] OU
|rated|
|rule|HP Percentage Mod: HP is shown in percentages
|rule|Endless Battle Clause: Forcing endless battles is banned
|rule|Species Clause: Limit one of each Pokémon
|rule|OHKO Clause: OHKO moves are banned
|rule|Evasion Items Clause: Evasion items are banned
|rule|Evasion Moves Clause: Evasion moves are banned
|rule|Evasion Abilities Clause: Evasion abilities are banned
|rule|Sleep Moves Clause: Sleep-inducing moves are banned
|clearpoke
|poke|p1|Clodsire, M|
|poke|p1|Alomomola, F|
|poke|p1|Cinderace, F|
|poke|p1|Dragapult, F|
|poke|p1|Dragonite, F|
|poke|p1|Iron Valiant|
|poke|p2|Hoopa-Unbound|
|poke|p2|Rillaboom, F|
|poke|p2|Keldeo-Resolute|
|poke|p2|Cinderace, M|
|poke|p2|Alomomola, F|
|poke|p2|Hitmontop, M|
|teampreview
|inactive|Battle timer is ON: inactive players will automatically lose when time's up. (requested by TheKingNunu)
|
|t:|1776086918
|teamsize|p1|6
|teamsize|p2|6
|start
|switch|p1a: Cinderace|Cinderace, F|100/100
|switch|p2a: Hitmontop|Hitmontop, M|100/100
|-ability|p2a: Hitmontop|Intimidate|boost
|-unboost|p1a: Cinderace|atk|1
|turn|1
|
|t:|1776086924
|move|p1a: Cinderace|Pyro Ball|p2a: Hitmontop
|-damage|p2a: Hitmontop|59/100
|move|p2a: Hitmontop|Ice Spinner|p1a: Cinderace
|-resisted|p1a: Cinderace
|-damage|p1a: Cinderace|88/100
|
|upkeep
|turn|2
|
|t:|1776086928
|move|p1a: Cinderace|U-turn|p2a: Hitmontop
|-start|p1a: Cinderace|typechange|Bug|[from] ability: Libero
|-resisted|p2a: Hitmontop
|-damage|p2a: Hitmontop|46/100
|
|t:|1776086930
|switch|p1a: Alomomola|Alomomola, F|100/100|[from] U-turn
|move|p2a: Hitmontop|Close Combat|p1a: Alomomola
|-damage|p1a: Alomomola|78/100
|-unboost|p2a: Hitmontop|def|1
|-unboost|p2a: Hitmontop|spd|1
|
|upkeep
|turn|3
|
|t:|1776086943
|switch|p2a: Keldeo|Keldeo-Resolute|100/100
|move|p1a: Alomomola|Flip Turn|p2a: Keldeo
|-resisted|p2a: Keldeo
|-damage|p2a: Keldeo|91/100
|
|t:|1776086947
|switch|p1a: Clodsire|Clodsire, M|100/100|[from] Flip Turn
|
|-heal|p2a: Keldeo|97/100|[from] item: Leftovers
|upkeep
|turn|4
|
|t:|1776086957
|move|p2a: Keldeo|Substitute|p2a: Keldeo
|-start|p2a: Keldeo|Substitute
|-damage|p2a: Keldeo|72/100
|move|p1a: Clodsire|Toxic||[still]
|-fail|p1a: Clodsire
|
|-heal|p2a: Keldeo|79/100|[from] item: Leftovers
|upkeep
|turn|5
|
|t:|1776086962
|move|p2a: Keldeo|Icy Wind|p1a: Clodsire
|-supereffective|p1a: Clodsire
|-damage|p1a: Clodsire|82/100
|-unboost|p1a: Clodsire|spe|1
|move|p1a: Clodsire|Earthquake|p2a: Keldeo
|-crit|p2a: Keldeo
|-end|p2a: Keldeo|Substitute
|
|-heal|p2a: Keldeo|85/100|[from] item: Leftovers
|-heal|p1a: Clodsire|88/100|[from] item: Leftovers
|upkeep
|turn|6
|
|t:|1776086973
|move|p2a: Keldeo|Substitute|p2a: Keldeo
|-start|p2a: Keldeo|Substitute
|-damage|p2a: Keldeo|60/100
|move|p1a: Clodsire|Earthquake|p2a: Keldeo
|-crit|p2a: Keldeo
|-end|p2a: Keldeo|Substitute
|
|-heal|p2a: Keldeo|66/100|[from] item: Leftovers
|-heal|p1a: Clodsire|94/100|[from] item: Leftovers
|upkeep
|turn|7
|
|t:|1776086978
|switch|p2a: Hoopa|Hoopa-Unbound|100/100
|move|p1a: Clodsire|Earthquake|p2a: Hoopa
|-damage|p2a: Hoopa|56/100
|
|-heal|p1a: Clodsire|99/100|[from] item: Leftovers
|upkeep
|turn|8
|
|t:|1776086992
|switch|p1a: Alomomola|Alomomola, F|100/100
|move|p2a: Hoopa|Psychic Noise|p1a: Alomomola
|-damage|p1a: Alomomola|33/100
|-start|p1a: Alomomola|move: Heal Block
|
|upkeep
|turn|9
|
|t:|1776087003
|switch|p1a: Cinderace|Cinderace, F|88/100
|move|p2a: Hoopa|Psychic Noise|p1a: Cinderace
|-damage|p1a: Cinderace|15/100
|-start|p1a: Cinderace|move: Heal Block
|
|upkeep
|turn|10
|
|t:|1776087010
|switch|p2a: Alomomola|Alomomola, F|100/100
|move|p1a: Cinderace|U-turn|p2a: Alomomola
|-start|p1a: Cinderace|typechange|Bug|[from] ability: Libero
|-damage|p2a: Alomomola|84/100
|-damage|p1a: Cinderace|0 fnt|[from] item: Rocky Helmet|[of] p2a: Alomomola
|faint|p1a: Cinderace
|
|upkeep
|
|t:|1776087014
|switch|p1a: Clodsire|Clodsire, M|99/100
|turn|11
|
|t:|1776087033
|move|p2a: Alomomola|Protect|p2a: Alomomola
|-singleturn|p2a: Alomomola|Protect
|move|p1a: Clodsire|Toxic|p2a: Alomomola
|-activate|p2a: Alomomola|move: Protect
|
|-heal|p1a: Clodsire|100/100|[from] item: Leftovers
|upkeep
|turn|12
|
|t:|1776087042
|switch|p2a: Hitmontop|Hitmontop, M|46/100
|-ability|p2a: Hitmontop|Intimidate|boost
|-unboost|p1a: Clodsire|atk|1
|move|p1a: Clodsire|Toxic|p2a: Hitmontop
|-status|p2a: Hitmontop|tox
|
|-damage|p2a: Hitmontop|40/100 tox|[from] psn
|upkeep
|turn|13
|
|t:|1776087050
|move|p2a: Hitmontop|Close Combat|p1a: Clodsire
|-resisted|p1a: Clodsire
|-damage|p1a: Clodsire|78/100
|-unboost|p2a: Hitmontop|def|1
|-unboost|p2a: Hitmontop|spd|1
|move|p1a: Clodsire|Stealth Rock|p2a: Hitmontop
|-sidestart|p2: Thederpa1|move: Stealth Rock
|
|-heal|p1a: Clodsire|84/100|[from] item: Leftovers
|-damage|p2a: Hitmontop|27/100 tox|[from] psn
|upkeep
|turn|14
|
|t:|1776087057
|switch|p1a: Alomomola|Alomomola, F|66/100
|move|p2a: Hitmontop|Rapid Spin|p1a: Alomomola
|-damage|p1a: Alomomola|61/100
|-boost|p2a: Hitmontop|spe|1
|-sideend|p2: Thederpa1|Stealth Rock|[from] move: Rapid Spin|[of] p2a: Hitmontop
|
|-damage|p2a: Hitmontop|8/100 tox|[from] psn
|upkeep
|turn|15
|
|t:|1776087062
|move|p2a: Hitmontop|Close Combat|p1a: Alomomola
|-damage|p1a: Alomomola|38/100
|-unboost|p2a: Hitmontop|def|1
|-unboost|p2a: Hitmontop|spd|1
|move|p1a: Alomomola|Wish|p1a: Alomomola
|
|-damage|p2a: Hitmontop|0 fnt|[from] psn
|faint|p2a: Hitmontop
|upkeep
|
|t:|1776087069
|switch|p2a: Hoopa|Hoopa-Unbound|56/100
|turn|16
|
|t:|1776087074
|switch|p1a: Dragonite|Dragonite, F|100/100
|move|p2a: Hoopa|Psychic Noise|p1a: Dragonite
|-damage|p1a: Dragonite|75/100
|-start|p1a: Dragonite|move: Heal Block
|
|upkeep
|turn|17
|
|t:|1776087085
|switch|p2a: Alomomola|Alomomola, F|100/100
|move|p1a: Dragonite|Dragon Dance|p1a: Dragonite
|-boost|p1a: Dragonite|atk|1
|-boost|p1a: Dragonite|spe|1
|
|-end|p1a: Dragonite|move: Heal Block
|upkeep
|turn|18
|
|t:|1776087090
|switch|p1a: Clodsire|Clodsire, M|84/100
|move|p2a: Alomomola|Tickle|p1a: Clodsire
|-unboost|p1a: Clodsire|atk|1
|-unboost|p1a: Clodsire|def|1
|
|-heal|p1a: Clodsire|91/100|[from] item: Leftovers
|upkeep
|turn|19
|
|t:|1776087103
|move|p2a: Alomomola|Protect|p2a: Alomomola
|-singleturn|p2a: Alomomola|Protect
|move|p1a: Clodsire|Stealth Rock|p2a: Alomomola
|-sidestart|p2: Thederpa1|move: Stealth Rock
|
|-heal|p1a: Clodsire|97/100|[from] item: Leftovers
|upkeep
|turn|20
|
|t:|1776087107
|move|p2a: Alomomola|Flip Turn|p1a: Clodsire
|-heal|p1a: Clodsire|100/100|[from] ability: Water Absorb|[of] p2a: Alomomola
|move|p1a: Clodsire|Toxic|p2a: Alomomola
|-status|p2a: Alomomola|tox
|
|-damage|p2a: Alomomola|94/100 tox|[from] psn
|upkeep
|turn|21
|
|t:|1776087116
|move|p2a: Alomomola|Wish|p2a: Alomomola
|move|p1a: Clodsire|Toxic|p2a: Alomomola
|-fail|p2a: Alomomola|tox
|
|-damage|p2a: Alomomola|82/100 tox|[from] psn
|upkeep
|turn|22
|c|☆TheKingNunu|lol
|
|t:|1776087126
|move|p2a: Alomomola|Tickle|p1a: Clodsire
|-unboost|p1a: Clodsire|atk|1
|-unboost|p1a: Clodsire|def|1
|move|p1a: Clodsire|Toxic|p2a: Alomomola
|-fail|p2a: Alomomola|tox
|
|-heal|p2a: Alomomola|100/100 tox|[from] move: Wish|[wisher] Alomomola
|-damage|p2a: Alomomola|82/100 tox|[from] psn
|upkeep
|turn|23
|
|t:|1776087133
|move|p2a: Alomomola|Wish|p2a: Alomomola
|move|p1a: Clodsire|Earthquake|p2a: Alomomola
|-damage|p2a: Alomomola|74/100 tox
|
|-damage|p2a: Alomomola|50/100 tox|[from] psn
|upkeep
|turn|24
|
|t:|1776087149
|move|p2a: Alomomola|Protect|p2a: Alomomola
|-singleturn|p2a: Alomomola|Protect
|move|p1a: Clodsire|Toxic|p2a: Alomomola
|-activate|p2a: Alomomola|move: Protect
|
|-heal|p2a: Alomomola|99/100 tox|[from] move: Wish|[wisher] Alomomola
|-damage|p2a: Alomomola|69/100 tox|[from] psn
|upkeep
|turn|25
|
|t:|1776087154
|switch|p2a: Cinderace|Cinderace, M|100/100
|move|p1a: Clodsire|Toxic|p2a: Cinderace
|-status|p2a: Cinderace|tox
|
|-damage|p2a: Cinderace|95/100 tox|[from] psn
|upkeep
|turn|26
|
|t:|1776087161
|switch|p1a: Alomomola|Alomomola, F|71/100
|move|p2a: Cinderace|Court Change|p2a: Cinderace
|-start|p2a: Cinderace|typechange|Normal|[from] ability: Libero
|-swapsideconditions
|-activate|p2a: Cinderace|move: Court Change
|
|-damage|p2a: Cinderace|83/100 tox|[from] psn
|upkeep
|turn|27
|
|t:|1776087165
|move|p2a: Cinderace|U-turn|p1a: Alomomola
|-damage|p1a: Alomomola|58/100
|
|t:|1776087167
|switch|p2a: Rillaboom|Rillaboom, F|100/100|[from] U-turn
|-fieldstart|move: Grassy Terrain|[from] ability: Grassy Surge|[of] p2a: Rillaboom
|move|p1a: Alomomola|Wish|p1a: Alomomola
|
|-heal|p1a: Alomomola|64/100|[from] Grassy Terrain
|upkeep
|turn|28
|
|t:|1776087174
|switch|p1a: Dragonite|Dragonite, F|75/100
|move|p2a: Rillaboom|U-turn|p1a: Dragonite
|-resisted|p1a: Dragonite
|-damage|p1a: Dragonite|60/100
|-damage|p2a: Rillaboom|91/100|[from] item: Life Orb
|
|t:|1776087178
|switch|p2a: Keldeo|Keldeo-Resolute|66/100|[from] U-turn
|
|-heal|p1a: Dragonite|100/100|[from] move: Wish|[wisher] Alomomola
|-heal|p2a: Keldeo|72/100|[from] Grassy Terrain
|-heal|p2a: Keldeo|79/100|[from] item: Leftovers
|upkeep
|turn|29
|
|t:|1776087191
|-terastallize|p1a: Dragonite|Normal
|move|p1a: Dragonite|Extreme Speed|p2a: Keldeo
|-damage|p2a: Keldeo|22/100
|move|p2a: Keldeo|Icy Wind|p1a: Dragonite
|-damage|p1a: Dragonite|92/100
|-unboost|p1a: Dragonite|spe|1
|
|-heal|p2a: Keldeo|28/100|[from] Grassy Terrain
|-heal|p2a: Keldeo|34/100|[from] item: Leftovers
|-heal|p1a: Dragonite|98/100|[from] Grassy Terrain
|upkeep
|turn|30
|
|t:|1776087205
|switch|p2a: Alomomola|Alomomola, F|100/100 tox
|move|p1a: Dragonite|Dragon Dance|p1a: Dragonite
|-boost|p1a: Dragonite|atk|1
|-boost|p1a: Dragonite|spe|1
|
|-heal|p1a: Dragonite|100/100|[from] Grassy Terrain
|-damage|p2a: Alomomola|94/100 tox|[from] psn
|upkeep
|turn|31
|
|t:|1776087217
|move|p1a: Dragonite|Dragon Dance|p1a: Dragonite
|-boost|p1a: Dragonite|atk|1
|-boost|p1a: Dragonite|spe|1
|move|p2a: Alomomola|Wish|p2a: Alomomola
|
|-heal|p2a: Alomomola|100/100 tox|[from] Grassy Terrain
|-damage|p2a: Alomomola|88/100 tox|[from] psn
|-fieldend|move: Grassy Terrain
|upkeep
|turn|32
|
|t:|1776087221
|move|p1a: Dragonite|Earthquake|p2a: Alomomola
|-damage|p2a: Alomomola|44/100 tox
|move|p2a: Alomomola|Tickle|p1a: Dragonite
|-unboost|p1a: Dragonite|atk|1
|-unboost|p1a: Dragonite|def|1
|
|-heal|p2a: Alomomola|94/100 tox|[from] move: Wish|[wisher] Alomomola
|-damage|p2a: Alomomola|76/100 tox|[from] psn
|upkeep
|turn|33
|
|t:|1776087230
|move|p1a: Dragonite|Dragon Dance|p1a: Dragonite
|-boost|p1a: Dragonite|atk|1
|-boost|p1a: Dragonite|spe|1
|move|p2a: Alomomola|Tickle|p1a: Dragonite
|-unboost|p1a: Dragonite|atk|1
|-unboost|p1a: Dragonite|def|1
|
|-damage|p2a: Alomomola|51/100 tox|[from] psn
|upkeep
|turn|34
|
|t:|1776087233
|move|p1a: Dragonite|Dragon Dance|p1a: Dragonite
|-boost|p1a: Dragonite|atk|1
|-boost|p1a: Dragonite|spe|1
|move|p2a: Alomomola|Flip Turn|p1a: Dragonite
|-damage|p1a: Dragonite|86/100
|
|t:|1776087235
|switch|p2a: Rillaboom|Rillaboom, F|91/100|[from] Flip Turn
|-fieldstart|move: Grassy Terrain|[from] ability: Grassy Surge|[of] p2a: Rillaboom
|
|-heal|p1a: Dragonite|92/100|[from] Grassy Terrain
|-heal|p2a: Rillaboom|97/100|[from] Grassy Terrain
|upkeep
|turn|35
|
|t:|1776087248
|move|p1a: Dragonite|Extreme Speed|p2a: Rillaboom
|-damage|p2a: Rillaboom|0 fnt
|faint|p2a: Rillaboom
|
|-heal|p1a: Dragonite|98/100|[from] Grassy Terrain
|upkeep
|
|t:|1776087256
|switch|p2a: Alomomola|Alomomola, F|84/100 tox
|turn|36
|
|t:|1776087259
|move|p1a: Dragonite|Dragon Dance|p1a: Dragonite
|-boost|p1a: Dragonite|atk|1
|-boost|p1a: Dragonite|spe|1
|move|p2a: Alomomola|Tickle|p1a: Dragonite
|-unboost|p1a: Dragonite|atk|1
|-unboost|p1a: Dragonite|def|1
|
|-heal|p1a: Dragonite|100/100|[from] Grassy Terrain
|-heal|p2a: Alomomola|90/100 tox|[from] Grassy Terrain
|-damage|p2a: Alomomola|84/100 tox|[from] psn
|upkeep
|turn|37
|
|t:|1776087262
|move|p1a: Dragonite|Dragon Dance|p1a: Dragonite
|-boost|p1a: Dragonite|atk|1
|-boost|p1a: Dragonite|spe|1
|move|p2a: Alomomola|Tickle|p1a: Dragonite
|-unboost|p1a: Dragonite|atk|1
|-unboost|p1a: Dragonite|def|1
|
|-heal|p2a: Alomomola|90/100 tox|[from] Grassy Terrain
|-damage|p2a: Alomomola|78/100 tox|[from] psn
|upkeep
|turn|38
|
|t:|1776087267
|move|p1a: Dragonite|Dragon Dance|p1a: Dragonite
|-boost|p1a: Dragonite|atk|1
|-boost|p1a: Dragonite|spe|1
|move|p2a: Alomomola|Tickle|p1a: Dragonite
|-unboost|p1a: Dragonite|atk|1
|-unboost|p1a: Dragonite|def|1
|
|-heal|p2a: Alomomola|84/100 tox|[from] Grassy Terrain
|-damage|p2a: Alomomola|66/100 tox|[from] psn
|-fieldend|move: Grassy Terrain
|upkeep
|turn|39
|
|t:|1776087269
|move|p1a: Dragonite|Dragon Dance|p1a: Dragonite
|-boost|p1a: Dragonite|atk|1
|-boost|p1a: Dragonite|spe|0
|move|p2a: Alomomola|Flip Turn|p1a: Dragonite
|-damage|p1a: Dragonite|75/100
|
|t:|1776087274
|switch|p2a: Cinderace|Cinderace, M|83/100 tox|[from] Flip Turn
|
|-damage|p2a: Cinderace|77/100 tox|[from] psn
|upkeep
|turn|40
|
|t:|1776087278
|switch|p2a: Alomomola|Alomomola, F|99/100 tox
|move|p1a: Dragonite|Extreme Speed|p2a: Alomomola
|-damage|p2a: Alomomola|39/100 tox
|-damage|p1a: Dragonite|58/100|[from] item: Rocky Helmet|[of] p2a: Alomomola
|
|-damage|p2a: Alomomola|33/100 tox|[from] psn
|upkeep
|turn|41
|c|☆TheKingNunu|gg
|c|☆TheKingNunu|u trolled there
|
|t:|1776087286
|-terastallize|p2a: Alomomola|Ghost
|move|p1a: Dragonite|Extreme Speed|p2a: Alomomola
|-immune|p2a: Alomomola
|move|p2a: Alomomola|Flip Turn|p1a: Dragonite
|-damage|p1a: Dragonite|3/100
|
|t:|1776087293
|switch|p2a: Cinderace|Cinderace, M|77/100 tox|[from] Flip Turn
|
|-damage|p2a: Cinderace|71/100 tox|[from] psn
|upkeep
|turn|42
|
|t:|1776087314
|move|p1a: Dragonite|Extreme Speed|p2a: Cinderace
|-damage|p2a: Cinderace|0 fnt
|faint|p2a: Cinderace
|
|upkeep
|
|t:|1776087316
|switch|p2a: Alomomola|Alomomola, F, tera:Ghost|66/100 tox
|turn|43
|
|t:|1776087324
|move|p1a: Dragonite|Earthquake|p2a: Alomomola
|-damage|p2a: Alomomola|19/100 tox
|move|p2a: Alomomola|Flip Turn|p1a: Dragonite
|-damage|p1a: Dragonite|0 fnt
|faint|p1a: Dragonite
|
|t:|1776087328
|switch|p2a: Keldeo|Keldeo-Resolute|34/100|[from] Flip Turn
|
|-heal|p2a: Keldeo|40/100|[from] item: Leftovers
|upkeep
|
|t:|1776087332
|switch|p1a: Clodsire|Clodsire, M|100/100
|-damage|p1a: Clodsire|94/100|[from] Stealth Rock
|turn|44
|c|☆TheKingNunu|lol
|c|☆TheKingNunu|what u do now ? xd
|
|t:|1776087341
|move|p2a: Keldeo|Substitute|p2a: Keldeo
|-start|p2a: Keldeo|Substitute
|-damage|p2a: Keldeo|15/100
|move|p1a: Clodsire|Earthquake|p2a: Keldeo
|-end|p2a: Keldeo|Substitute
|
|-heal|p2a: Keldeo|22/100|[from] item: Leftovers
|-heal|p1a: Clodsire|100/100|[from] item: Leftovers
|upkeep
|turn|45
|
|t:|1776087347
|switch|p2a: Alomomola|Alomomola, F, tera:Ghost|52/100 tox
|move|p1a: Clodsire|Toxic|p2a: Alomomola
|-fail|p2a: Alomomola|tox
|
|-damage|p2a: Alomomola|46/100 tox|[from] psn
|upkeep
|turn|46
|
|t:|1776087351
|move|p2a: Alomomola|Tickle|p1a: Clodsire
|-unboost|p1a: Clodsire|atk|1
|-unboost|p1a: Clodsire|def|1
|move|p1a: Clodsire|Toxic|p2a: Alomomola
|-fail|p2a: Alomomola|tox
|
|-damage|p2a: Alomomola|34/100 tox|[from] psn
|upkeep
|turn|47
|c|☆TheKingNunu|i'll just poison u on the switch bro
|
|t:|1776087364
|switch|p2a: Keldeo|Keldeo-Resolute|22/100
|move|p1a: Clodsire|Toxic|p2a: Keldeo
|-status|p2a: Keldeo|tox
|
|-heal|p2a: Keldeo|28/100 tox|[from] item: Leftovers
|-damage|p2a: Keldeo|22/100 tox|[from] psn
|upkeep
|turn|48
|-message|Thederpa1 forfeited.
|
|win|TheKingNunu
|raw|TheKingNunu's rating: 1404 &rarr; <strong>1427</strong><br />(+23 for winning)
|raw|Thederpa1's rating: 1453 &rarr; <strong>1430</strong><br />(-23 for losing)
|l|☆Thederpa1
|player|p2|
|l|☆TheKingNunu
|player|p1|
