|html|<div class="broadcast-blue"><strong>[Gen 9] OU is currently suspecting Volcarona! For information on how to participate check out the <a href="https://www.smogon.com/tools/suspects/view/208">suspect thread</a>.</strong></div>
|j|☆baakrisht
|j|‽FlintAndSteelType
|t:|1778515679
|gametype|singles
|player|p1|baakrisht|2|1258
|player|p2|FlintAndSteelType|elesa|1285
|gen|9
|tier|[Gen 9] OU
|rated|
|rule|HP Percentage Mod: HP is shown in percentages
|rule|Endless Battle Clause: Forcing endless battles is banned
|rule|Species Clause: Limit one of each Pokémon
|rule|OHKO Clause: OHKO moves are banned
|rule|Evasion Items Clause: Evasion items are banned
|rule|Evasion Moves Clause: Evasion moves are banned
|rule|Evasion Abilities Clause: Evasion abilities are banned
|rule|Sleep Moves Clause: Sleep-inducing moves are banned
|clearpoke
|poke|p1|Espeon, F|
|poke|p1|Goodra, F|
|poke|p1|Weezing-Galar, F|
|poke|p1|Orthworm, F|
|poke|p1|Suicune|
|poke|p1|Munkidori, M|
|poke|p2|Dondozo, F|
|poke|p2|Blissey, F|
|poke|p2|Corviknight, F|
|poke|p2|Weezing-Galar, F|
|poke|p2|Gliscor, F|
|poke|p2|Toxapex, M|
|teampreview
|
|t:|1778515691
|teamsize|p1|6
|teamsize|p2|6
|start
|switch|p1a: बिलाई मौसी|Espeon, F|100/100
|switch|p2a: Gliscor|Gliscor, F|100/100
|turn|1
|
|t:|1778515700
|switch|p1a: दील दो 💖|Orthworm, F|100/100
|move|p2a: Gliscor|Protect||[still]
|-fail|p2a: Gliscor
|
|-status|p2a: Gliscor|tox|[from] item: Toxic Orb
|upkeep
|turn|2
|
|t:|1778515707
|move|p2a: Gliscor|Knock Off|p1a: दील दो 💖
|-damage|p1a: दील दो 💖|87/100
|-enditem|p1a: दील दो 💖|Leftovers|[from] move: Knock Off|[of] p2a: Gliscor
|move|p1a: दील दो 💖|Stealth Rock|p2a: Gliscor
|-sidestart|p2: FlintAndSteelType|move: Stealth Rock
|
|upkeep
|turn|3
|
|t:|1778515715
|move|p2a: Gliscor|Spikes|p1a: दील दो 💖
|-sidestart|p1: baakrisht|Spikes
|move|p1a: दील दो 💖|Iron Defense|p1a: दील दो 💖
|-boost|p1a: दील दो 💖|def|2
|
|upkeep
|turn|4
|
|t:|1778515743
|switch|p2a: Corviknight|Corviknight, F|100/100
|-damage|p2a: Corviknight|88/100|[from] Stealth Rock
|move|p1a: दील दो 💖|Iron Defense|p1a: दील दो 💖
|-boost|p1a: दील दो 💖|def|2
|
|upkeep
|turn|5
|
|t:|1778515755
|move|p2a: Corviknight|Body Press|p1a: दील दो 💖
|-supereffective|p1a: दील दो 💖
|-damage|p1a: दील दो 💖|78/100
|move|p1a: दील दो 💖|Body Press|p2a: Corviknight
|-damage|p2a: Corviknight|28/100
|-damage|p1a: दील दो 💖|62/100|[from] item: Rocky Helmet|[of] p2a: Corviknight
|
|upkeep
|turn|6
|
|t:|1778515766
|move|p2a: Corviknight|Roost|p2a: Corviknight
|-heal|p2a: Corviknight|78/100
|-singleturn|p2a: Corviknight|move: Roost
|move|p1a: दील दो 💖|Body Press|p2a: Corviknight
|-supereffective|p2a: Corviknight
|-damage|p2a: Corviknight|0 fnt
|-damage|p1a: दील दो 💖|45/100|[from] item: Rocky Helmet|[of] p2a: Corviknight
|faint|p2a: Corviknight
|
|upkeep
|
|t:|1778515773
|switch|p2a: Toxapex|Toxapex, M|100/100
|-damage|p2a: Toxapex|88/100|[from] Stealth Rock
|turn|7
|
|t:|1778515781
|switch|p1a: लसलस|Goodra, F|100/100
|-damage|p1a: लसलस|88/100|[from] Spikes
|move|p2a: Toxapex|Haze|p2a: Toxapex
|-clearallboost
|
|-heal|p2a: Toxapex|94/100|[from] item: Leftovers
|upkeep
|turn|8
|
|t:|1778515787
|move|p1a: लसलस|Rain Dance|p1a: लसलस
|-weather|RainDance
|move|p2a: Toxapex|Toxic|p1a: लसलस
|-status|p1a: लसलस|tox
|
|-weather|RainDance|[upkeep]
|-activate|p1a: लसलस|ability: Hydration
|-curestatus|p1a: लसलस|tox|[msg]
|-heal|p2a: Toxapex|100/100|[from] item: Leftovers
|upkeep
|turn|9
|-message|FlintAndSteelType forfeited.
|
|win|baakrisht
|raw|baakrisht's rating: 1258 &rarr; <strong>1285</strong><br />(+27 for winning)
|raw|FlintAndSteelType's rating: 1285 &rarr; <strong>1258</strong><br />(-27 for losing)
|l|‽FlintAndSteelType
|player|p2|
|l|☆baakrisht
|player|p1|
