|html|<div class="broadcast-blue"><strong>[Gen 9] OU is currently suspecting Tera Blast! For information on how to participate check out the <a href="https://www.smogon.com/tools/suspects/view/200">suspect thread</a>.</strong></div>
|j|☆carciox
|j|☆SangCUTO
|t:|1776079955
|gametype|singles
|player|p1|carciox|101|1400
|player|p2|SangCUTO|1|1418
|gen|9
|tier|[Gen 9] OU
|rated|
|rule|HP Percentage Mod: HP is shown in percentages
|rule|Endless Battle Clause: Forcing endless battles is banned
|rule|Species Clause: Limit one of each Pokémon
|rule|OHKO Clause: OHKO moves are banned
|rule|Evasion Items Clause: Evasion items are banned
|rule|Evasion Moves Clause: Evasion moves are banned
|rule|Evasion Abilities Clause: Evasion abilities are banned
|rule|Sleep Moves Clause: Sleep-inducing moves are banned
|clearpoke
|poke|p1|Glimmora, M|
|poke|p1|Dragonite, M|
|poke|p1|Great Tusk|
|poke|p1|Gholdengo|
|poke|p1|Kingambit, M|
|poke|p1|Darkrai|
|poke|p2|Maushold|
|poke|p2|Cinccino, F|
|poke|p2|Infernape, F|
|poke|p2|Rillaboom, M|
|poke|p2|Slowbro-Galar, M|
|poke|p2|Typhlosion-Hisui, F|
|teampreview
|inactive|Battle timer is ON: inactive players will automatically lose when time's up. (requested by SangCUTO)
|inactive|carciox also wants the timer to be on.
|
|t:|1776079965
|teamsize|p1|6
|teamsize|p2|6
|start
|switch|p1a: Glimmora|Glimmora, M|100/100
|switch|p2a: Typhlosion|Typhlosion-Hisui, F|100/100
|turn|1
|
|t:|1776079974
|move|p2a: Typhlosion|Eruption|p1a: Glimmora
|-resisted|p1a: Glimmora
|-damage|p1a: Glimmora|46/100
|move|p1a: Glimmora|Meteor Beam||[still]
|-prepare|p1a: Glimmora|Meteor Beam
|-boost|p1a: Glimmora|spa|1
|-enditem|p1a: Glimmora|Power Herb
|-anim|p1a: Glimmora|Meteor Beam|p2a: Typhlosion
|-supereffective|p2a: Typhlosion
|-damage|p2a: Typhlosion|0 fnt
|faint|p2a: Typhlosion
|
|upkeep
|
|t:|1776079981
|switch|p2a: Rillaboom|Rillaboom, M|100/100
|-fieldstart|move: Grassy Terrain|[from] ability: Grassy Surge|[of] p2a: Rillaboom
|turn|2
|
|t:|1776079994
|move|p1a: Glimmora|Stealth Rock|p2a: Rillaboom
|-sidestart|p2: SangCUTO|move: Stealth Rock
|move|p2a: Rillaboom|U-turn|p1a: Glimmora
|-resisted|p1a: Glimmora
|-damage|p1a: Glimmora|29/100
|-activate|p1a: Glimmora|ability: Toxic Debris
|-sidestart|p2: SangCUTO|move: Toxic Spikes
|
|t:|1776079999
|switch|p2a: Slowbro|Slowbro-Galar, M|100/100|[from] U-turn
|-damage|p2a: Slowbro|88/100|[from] Stealth Rock
|-sideend|p2: SangCUTO|move: Toxic Spikes|[of] p2a: Slowbro
|
|-heal|p1a: Glimmora|35/100|[from] Grassy Terrain
|-heal|p2a: Slowbro|94/100|[from] Grassy Terrain
|upkeep
|turn|3
|
|t:|1776080011
|switch|p1a: Kingambit|Kingambit, M|100/100
|move|p2a: Slowbro|Drain Punch|p1a: Kingambit
|-supereffective|p1a: Kingambit
|-damage|p1a: Kingambit|29/100
|-heal|p2a: Slowbro|100/100|[from] drain|[of] p1a: Kingambit
|
|-heal|p1a: Kingambit|35/100|[from] Grassy Terrain
|-heal|p1a: Kingambit|42/100|[from] item: Leftovers
|upkeep
|turn|4
|
|t:|1776080026
|move|p1a: Kingambit|Kowtow Cleave|p2a: Slowbro
|-supereffective|p2a: Slowbro
|-damage|p2a: Slowbro|18/100
|move|p2a: Slowbro|Belly Drum||[still]
|-fail|p2a: Slowbro
|
|-heal|p1a: Kingambit|48/100|[from] Grassy Terrain
|-heal|p1a: Kingambit|54/100|[from] item: Leftovers
|-heal|p2a: Slowbro|24/100|[from] Grassy Terrain
|upkeep
|turn|5
|-activate|p2a: Slowbro|ability: Quick Draw
|
|t:|1776080036
|move|p2a: Slowbro|Drain Punch|p1a: Kingambit
|-supereffective|p1a: Kingambit
|-damage|p1a: Kingambit|0 fnt
|-heal|p2a: Slowbro|51/100|[from] drain|[of] p1a: Kingambit
|faint|p1a: Kingambit
|-end|p1a: Kingambit|fallenundefined|[silent]
|
|-heal|p2a: Slowbro|57/100|[from] Grassy Terrain
|upkeep
|
|t:|1776080047
|switch|p1a: Darkrai|Darkrai|100/100
|turn|6
|-activate|p2a: Slowbro|item: Quick Claw
|
|t:|1776080051
|-terastallize|p2a: Slowbro|Fighting
|move|p2a: Slowbro|Drain Punch|p1a: Darkrai
|-supereffective|p1a: Darkrai
|-damage|p1a: Darkrai|0 fnt
|-heal|p2a: Slowbro|93/100|[from] drain|[of] p1a: Darkrai
|faint|p1a: Darkrai
|
|-heal|p2a: Slowbro|99/100|[from] Grassy Terrain
|-fieldend|move: Grassy Terrain
|upkeep
|
|t:|1776080063
|switch|p1a: Dragonite|Dragonite, M|100/100
|turn|7
|-activate|p2a: Slowbro|ability: Quick Draw
|
|t:|1776080069
|move|p2a: Slowbro|Poison Jab|p1a: Dragonite
|-damage|p1a: Dragonite|81/100
|move|p1a: Dragonite|Dragon Dance|p1a: Dragonite
|-boost|p1a: Dragonite|atk|1
|-boost|p1a: Dragonite|spe|1
|
|upkeep
|turn|8
|
|t:|1776080078
|-terastallize|p1a: Dragonite|Fairy
|move|p1a: Dragonite|Tera Blast|p2a: Slowbro|[anim] Tera Blast Fairy
|-supereffective|p2a: Slowbro
|-crit|p2a: Slowbro
|-damage|p2a: Slowbro|0 fnt
|faint|p2a: Slowbro
|
|upkeep
|
|t:|1776080096
|switch|p2a: Infernape|Infernape, F|100/100
|-damage|p2a: Infernape|88/100|[from] Stealth Rock
|turn|9
|
|t:|1776080104
|move|p1a: Dragonite|Tera Blast|p2a: Infernape|[anim] Tera Blast Fairy
|-damage|p2a: Infernape|0 fnt
|faint|p2a: Infernape
|
|upkeep
|
|t:|1776080108
|switch|p2a: Rillaboom|Rillaboom, M|100/100
|-damage|p2a: Rillaboom|88/100|[from] Stealth Rock
|-fieldstart|move: Grassy Terrain|[from] ability: Grassy Surge|[of] p2a: Rillaboom
|turn|10
|
|t:|1776080114
|move|p2a: Rillaboom|Grassy Glide|p1a: Dragonite
|-damage|p1a: Dragonite|37/100
|move|p1a: Dragonite|Tera Blast|p2a: Rillaboom|[anim] Tera Blast Fairy
|-damage|p2a: Rillaboom|23/100
|
|-heal|p1a: Dragonite|43/100|[from] Grassy Terrain
|-heal|p2a: Rillaboom|29/100|[from] Grassy Terrain
|upkeep
|turn|11
|
|t:|1776080136
|switch|p1a: Glimmora|Glimmora, M|35/100
|move|p2a: Rillaboom|Grassy Glide|p1a: Glimmora
|-damage|p1a: Glimmora|0 fnt
|-activate|p1a: Glimmora|ability: Toxic Debris
|-sidestart|p2: SangCUTO|move: Toxic Spikes
|faint|p1a: Glimmora
|
|-heal|p2a: Rillaboom|35/100|[from] Grassy Terrain
|upkeep
|inactive|carciox has 120 seconds left.
|
|t:|1776080152
|switch|p1a: Gholdengo|Gholdengo|100/100
|-item|p1a: Gholdengo|Air Balloon
|turn|12
|
|t:|1776080157
|move|p1a: Gholdengo|Shadow Ball|p2a: Rillaboom
|-damage|p2a: Rillaboom|3/100
|move|p2a: Rillaboom|U-turn|p1a: Gholdengo
|-resisted|p1a: Gholdengo
|-damage|p1a: Gholdengo|94/100
|-enditem|p1a: Gholdengo|Air Balloon
|
|t:|1776080165
|switch|p2a: Maushold|Maushold, shiny|100/100|[from] U-turn
|-damage|p2a: Maushold|88/100|[from] Stealth Rock
|-status|p2a: Maushold|psn
|
|-heal|p2a: Maushold|94/100 psn|[from] Grassy Terrain
|-heal|p1a: Gholdengo|99/100|[from] Grassy Terrain
|-damage|p2a: Maushold|82/100 psn|[from] psn
|upkeep
|turn|13
|
|t:|1776080176
|move|p2a: Maushold|Tidy Up|p2a: Maushold
|-sideend|p2: SangCUTO|Toxic Spikes
|-sideend|p2: SangCUTO|Stealth Rock
|-activate|p2a: Maushold|move: Tidy Up
|-boost|p2a: Maushold|atk|1
|-boost|p2a: Maushold|spe|1
|move|p1a: Gholdengo|Make It Rain|p2a: Maushold
|-damage|p2a: Maushold|0 fnt
|-unboost|p1a: Gholdengo|spa|1
|faint|p2a: Maushold
|
|-heal|p1a: Gholdengo|100/100|[from] Grassy Terrain
|upkeep
|
|t:|1776080179
|switch|p2a: Cinccino|Cinccino, F, shiny|100/100
|turn|14
|
|t:|1776080193
|move|p2a: Cinccino|Tidy Up|p2a: Cinccino
|-boost|p2a: Cinccino|atk|1
|-boost|p2a: Cinccino|spe|1
|move|p1a: Gholdengo|Make It Rain|p2a: Cinccino
|-damage|p2a: Cinccino|26/100
|-unboost|p1a: Gholdengo|spa|1
|
|-heal|p2a: Cinccino|32/100|[from] Grassy Terrain
|-fieldend|move: Grassy Terrain
|upkeep
|turn|15
|
|t:|1776080204
|move|p2a: Cinccino|Bullet Seed|p1a: Gholdengo
|-resisted|p1a: Gholdengo
|-damage|p1a: Gholdengo|94/100
|-resisted|p1a: Gholdengo
|-damage|p1a: Gholdengo|88/100
|-resisted|p1a: Gholdengo
|-damage|p1a: Gholdengo|82/100
|-resisted|p1a: Gholdengo
|-damage|p1a: Gholdengo|76/100
|-resisted|p1a: Gholdengo
|-damage|p1a: Gholdengo|70/100
|-hitcount|p1a: Gholdengo|5
|move|p1a: Gholdengo|Make It Rain|p2a: Cinccino
|-damage|p2a: Cinccino|0 fnt
|-unboost|p1a: Gholdengo|spa|1
|faint|p2a: Cinccino
|
|upkeep
|
|t:|1776080207
|switch|p2a: Rillaboom|Rillaboom, M|3/100
|-fieldstart|move: Grassy Terrain|[from] ability: Grassy Surge|[of] p2a: Rillaboom
|turn|16
|
|t:|1776080223
|move|p1a: Gholdengo|Make It Rain|p2a: Rillaboom
|-damage|p2a: Rillaboom|0 fnt
|-unboost|p1a: Gholdengo|spa|1
|faint|p2a: Rillaboom
|
|win|carciox
|raw|carciox's rating: 1400 &rarr; <strong>1421</strong><br />(+21 for winning)
|raw|SangCUTO's rating: 1418 &rarr; <strong>1397</strong><br />(-21 for losing)
|l|☆SangCUTO
|player|p2|
|l|☆carciox
|player|p1|
