|html|<div class="broadcast-blue"><strong>[Gen 9] OU is currently suspecting Tera Blast! For information on how to participate check out the <a href="https://www.smogon.com/tools/suspects/view/200">suspect thread</a>.</strong></div>
|j|☆Gyo99
|j|☆benz_2302
|t:|1776045458
|gametype|singles
|player|p1|Gyo99|burglar|1432
|player|p2|benz_2302|blue|1436
|gen|9
|tier|[Gen 9] OU
|rated|
|rule|HP Percentage Mod: HP is shown in percentages
|rule|Endless Battle Clause: Forcing endless battles is banned
|rule|Species Clause: Limit one of each Pokémon
|rule|OHKO Clause: OHKO moves are banned
|rule|Evasion Items Clause: Evasion items are banned
|rule|Evasion Moves Clause: Evasion moves are banned
|rule|Evasion Abilities Clause: Evasion abilities are banned
|rule|Sleep Moves Clause: Sleep-inducing moves are banned
|clearpoke
|poke|p1|Garchomp, M|
|poke|p1|Swampert, M|
|poke|p1|Corviknight, M|
|poke|p1|Clefable, F|
|poke|p1|Darkrai|
|poke|p1|Cinderace, M|
|poke|p2|Pelipper, M|
|poke|p2|Raging Bolt|
|poke|p2|Overqwil, F|
|poke|p2|Barraskewda, M|
|poke|p2|Iron Treads|
|poke|p2|Kingambit, F|
|teampreview
|inactive|Battle timer is ON: inactive players will automatically lose when time's up. (requested by benz_2302)
|
|t:|1776045473
|teamsize|p1|6
|teamsize|p2|6
|start
|switch|p1a: D. Magician|Darkrai, shiny|100/100
|switch|p2a: Iron Treads|Iron Treads|100/100
|-enditem|p2a: Iron Treads|Booster Energy
|-activate|p2a: Iron Treads|ability: Quark Drive|[fromitem]
|-start|p2a: Iron Treads|quarkdrivespe
|turn|1
|
|t:|1776045482
|move|p2a: Iron Treads|Stealth Rock|p1a: D. Magician
|-sidestart|p1: Gyo99|move: Stealth Rock
|move|p1a: D. Magician|Dark Pulse|p2a: Iron Treads
|-damage|p2a: Iron Treads|2/100
|
|upkeep
|turn|2
|
|t:|1776045488
|switch|p1a: Magic cylinder|Corviknight, M, shiny|100/100
|-damage|p1a: Magic cylinder|88/100|[from] Stealth Rock
|move|p2a: Iron Treads|Steel Beam|p1a: Magic cylinder
|-resisted|p1a: Magic cylinder
|-damage|p1a: Magic cylinder|60/100
|-damage|p2a: Iron Treads|0 fnt|[from] steelbeam
|faint|p2a: Iron Treads
|-end|p2a: Iron Treads|Quark Drive|[silent]
|
|upkeep
|
|t:|1776045496
|switch|p2a: weather report|Pelipper, M|100/100
|-weather|RainDance|[from] ability: Drizzle|[of] p2a: weather report
|turn|3
|
|t:|1776045504
|move|p1a: Magic cylinder|Defog|p2a: weather report
|-unboost|p2a: weather report|evasion|1
|-sideend|p1: Gyo99|Stealth Rock|[from] move: Defog|[of] p1a: Magic cylinder
|move|p2a: weather report|Weather Ball|p1a: Magic cylinder
|-damage|p1a: Magic cylinder|10/100
|
|-weather|RainDance|[upkeep]
|upkeep
|turn|4
|
|t:|1776045513
|move|p1a: Magic cylinder|Roost|p1a: Magic cylinder
|-heal|p1a: Magic cylinder|60/100
|-singleturn|p1a: Magic cylinder|move: Roost
|move|p2a: weather report|U-turn|p1a: Magic cylinder
|-resisted|p1a: Magic cylinder
|-damage|p1a: Magic cylinder|57/100
|-damage|p2a: weather report|84/100|[from] item: Rocky Helmet|[of] p1a: Magic cylinder
|
|t:|1776045515
|switch|p2a: Barraskewda|Barraskewda, M|100/100|[from] U-turn
|
|-weather|RainDance|[upkeep]
|upkeep
|turn|5
|
|t:|1776045532
|switch|p1a: Graceful charity|Clefable, F, shiny|100/100
|-terastallize|p2a: Barraskewda|Water
|move|p2a: Barraskewda|Liquidation|p1a: Graceful charity
|-damage|p1a: Graceful charity|0 fnt
|faint|p1a: Graceful charity
|
|-weather|RainDance|[upkeep]
|upkeep
|
|t:|1776045543
|switch|p1a: Tribute torrential|Cinderace, M, shiny|100/100
|turn|6
|
|t:|1776045546
|move|p1a: Tribute torrential|Sucker Punch|p2a: Barraskewda
|-start|p1a: Tribute torrential|typechange|Dark|[from] ability: Libero
|-damage|p2a: Barraskewda|5/100
|move|p2a: Barraskewda|Liquidation|p1a: Tribute torrential
|-damage|p1a: Tribute torrential|0 fnt
|faint|p1a: Tribute torrential
|
|-weather|RainDance|[upkeep]
|upkeep
|
|t:|1776045563
|switch|p1a: D. Magician|Darkrai, shiny|100/100
|turn|7
|
|t:|1776045568
|switch|p2a: Overqwil|Overqwil, F|100/100
|switch|p1a: Magic cylinder|Corviknight, M, shiny|57/100
|
|-weather|RainDance|[upkeep]
|upkeep
|turn|8
|
|t:|1776045576
|move|p2a: Overqwil|Swords Dance|p2a: Overqwil
|-boost|p2a: Overqwil|atk|2
|move|p1a: Magic cylinder|Roost|p1a: Magic cylinder
|-heal|p1a: Magic cylinder|100/100
|-singleturn|p1a: Magic cylinder|move: Roost
|
|-weather|RainDance|[upkeep]
|upkeep
|turn|9
|
|t:|1776045584
|move|p2a: Overqwil|Liquidation|p1a: Magic cylinder
|-crit|p1a: Magic cylinder
|-damage|p1a: Magic cylinder|0 fnt
|-damage|p2a: Overqwil|84/100|[from] item: Rocky Helmet|[of] p1a: Magic cylinder
|faint|p1a: Magic cylinder
|-damage|p2a: Overqwil|74/100|[from] item: Life Orb
|
|-weather|RainDance|[upkeep]
|upkeep
|
|t:|1776045594
|switch|p1a: Pot of greed|Swampert, M|100/100
|turn|10
|
|t:|1776045598
|move|p2a: Overqwil|Liquidation|p1a: Pot of greed
|-damage|p1a: Pot of greed|0 fnt
|faint|p1a: Pot of greed
|-damage|p2a: Overqwil|64/100|[from] item: Life Orb
|
|-weather|none
|upkeep
|
|t:|1776045605
|switch|p1a: Chaos Emperor|Garchomp, M, shiny|100/100
|turn|11
|
|t:|1776045609
|move|p1a: Chaos Emperor|Swords Dance|p1a: Chaos Emperor
|-boost|p1a: Chaos Emperor|atk|2
|move|p2a: Overqwil|Liquidation|p1a: Chaos Emperor
|-damage|p1a: Chaos Emperor|27/100
|-damage|p2a: Overqwil|52/100|[from] ability: Rough Skin|[of] p1a: Chaos Emperor
|-damage|p2a: Overqwil|42/100|[from] item: Life Orb
|
|upkeep
|turn|12
|
|t:|1776045619
|move|p1a: Chaos Emperor|Scale Shot|p2a: Overqwil
|-damage|p2a: Overqwil|14/100
|-damage|p2a: Overqwil|0 fnt
|faint|p2a: Overqwil
|-hitcount|p2: Overqwil|2
|-unboost|p1a: Chaos Emperor|def|1
|-boost|p1a: Chaos Emperor|spe|1
|
|upkeep
|
|t:|1776045622
|switch|p2a: Barraskewda|Barraskewda, M, tera:Water|5/100
|turn|13
|
|t:|1776045629
|move|p2a: Barraskewda|Aqua Jet|p1a: Chaos Emperor
|-damage|p1a: Chaos Emperor|0 fnt
|-damage|p2a: Barraskewda|0 fnt|[from] ability: Rough Skin|[of] p1a: Chaos Emperor
|faint|p1a: Chaos Emperor
|faint|p2a: Barraskewda
|
|upkeep
|
|t:|1776045638
|switch|p2a: weather report|Pelipper, M|84/100
|switch|p1a: D. Magician|Darkrai, shiny|100/100
|-weather|RainDance|[from] ability: Drizzle|[of] p2a: weather report
|turn|14
|
|t:|1776045645
|move|p1a: D. Magician|Dark Pulse|p2a: weather report
|-damage|p2a: weather report|0 fnt
|faint|p2a: weather report
|
|-weather|RainDance|[upkeep]
|upkeep
|
|t:|1776045648
|switch|p2a: Raging Bolt|Raging Bolt|100/100
|-enditem|p2a: Raging Bolt|Booster Energy
|-activate|p2a: Raging Bolt|ability: Protosynthesis|[fromitem]
|-start|p2a: Raging Bolt|protosynthesisspa
|turn|15
|
|t:|1776045656
|-terastallize|p1a: D. Magician|Dark
|move|p1a: D. Magician|Dark Pulse|p2a: Raging Bolt
|-damage|p2a: Raging Bolt|28/100
|cant|p2a: Raging Bolt|flinch
|
|-weather|RainDance|[upkeep]
|upkeep
|turn|16
|
|t:|1776045665
|move|p2a: Raging Bolt|Thunderclap|p1a: D. Magician
|-damage|p1a: D. Magician|25/100
|move|p1a: D. Magician|Dark Pulse|p2a: Raging Bolt
|-damage|p2a: Raging Bolt|0 fnt
|faint|p2a: Raging Bolt
|-end|p2a: Raging Bolt|Protosynthesis|[silent]
|
|-weather|RainDance|[upkeep]
|upkeep
|
|t:|1776045668
|switch|p2a: Kingambit|Kingambit, F|100/100
|-activate|p2a: Kingambit|ability: Supreme Overlord
|-start|p2a: Kingambit|fallen5|[silent]
|turn|17
|
|t:|1776045676
|move|p2a: Kingambit|Sucker Punch|p1a: D. Magician
|-resisted|p1a: D. Magician
|-damage|p1a: D. Magician|0 fnt
|faint|p1a: D. Magician
|
|win|benz_2302
|raw|Gyo99's rating: 1432 &rarr; <strong>1412</strong><br />(-20 for losing)
|raw|benz_2302's rating: 1436 &rarr; <strong>1456</strong><br />(+20 for winning)
|l|☆benz_2302
|player|p2|
|l|☆Gyo99
|player|p1|
