|html|<div class="broadcast-blue"><strong>[Gen 9] OU is currently suspecting Tera Blast! For information on how to participate check out the <a href="https://www.smogon.com/tools/suspects/view/200">suspect thread</a>.</strong></div>
|j|☆Mopriii
|j|☆mexicanmale89
|t:|1776097335
|gametype|singles
|player|p1|Mopriii|alder|1476
|player|p2|mexicanmale89|101|1480
|gen|9
|tier|[Gen 9] OU
|rated|
|rule|HP Percentage Mod: HP is shown in percentages
|rule|Endless Battle Clause: Forcing endless battles is banned
|rule|Species Clause: Limit one of each Pokémon
|rule|OHKO Clause: OHKO moves are banned
|rule|Evasion Items Clause: Evasion items are banned
|rule|Evasion Moves Clause: Evasion moves are banned
|rule|Evasion Abilities Clause: Evasion abilities are banned
|rule|Sleep Moves Clause: Sleep-inducing moves are banned
|clearpoke
|poke|p1|Hatterene, F|
|poke|p1|Maushold|
|poke|p1|Ceruledge, F|
|poke|p1|Ogerpon-Cornerstone, F|
|poke|p1|Dragonite, F|
|poke|p1|Mamoswine, F|
|poke|p2|Jolteon, M|
|poke|p2|Slowking-Galar, F|
|poke|p2|Great Tusk|
|poke|p2|Moltres|
|poke|p2|Kingambit, F|
|poke|p2|Hydrapple, M|
|teampreview
|inactive|Battle timer is ON: inactive players will automatically lose when time's up. (requested by mexicanmale89)
|
|t:|1776097352
|teamsize|p1|6
|teamsize|p2|6
|start
|switch|p1a: Hatterene|Hatterene, F, shiny|100/100
|switch|p2a: Jolteon|Jolteon, M|100/100
|turn|1
|
|t:|1776097376
|switch|p1a: Mamoswine|Mamoswine, F|100/100
|move|p2a: Jolteon|Volt Switch|p1a: Mamoswine
|-immune|p1a: Mamoswine
|
|upkeep
|turn|2
|
|t:|1776097384
|switch|p2a: Moltres|Moltres|100/100
|move|p1a: Mamoswine|Stealth Rock|p2a: Moltres
|-sidestart|p2: mexicanmale89|move: Stealth Rock
|
|upkeep
|turn|3
|
|t:|1776097412
|switch|p1a: Ogerpon|Ogerpon-Cornerstone, F|100/100
|move|p2a: Moltres|Will-O-Wisp|p1a: Ogerpon
|-status|p1a: Ogerpon|brn
|
|-damage|p1a: Ogerpon|95/100 brn|[from] brn
|upkeep
|turn|4
|inactive|mexicanmale89 has 120 seconds left.
|
|t:|1776097464
|switch|p2a: Great Tusk|Great Tusk|100/100
|-damage|p2a: Great Tusk|98/100|[from] Stealth Rock
|move|p1a: Ogerpon|Swords Dance|p1a: Ogerpon
|-boost|p1a: Ogerpon|atk|2
|
|-damage|p1a: Ogerpon|89/100 brn|[from] brn
|upkeep
|turn|5
|
|t:|1776097475
|move|p1a: Ogerpon|Horn Leech|p2a: Great Tusk
|-supereffective|p2a: Great Tusk
|-damage|p2a: Great Tusk|56/100
|-heal|p1a: Ogerpon|100/100 brn|[from] drain|[of] p2a: Great Tusk
|-damage|p1a: Ogerpon|84/100 brn|[from] item: Rocky Helmet|[of] p2a: Great Tusk
|move|p2a: Great Tusk|Body Press|p1a: Ogerpon
|-supereffective|p1a: Ogerpon
|-damage|p1a: Ogerpon|0 fnt
|faint|p1a: Ogerpon
|
|upkeep
|
|t:|1776097481
|switch|p1a: Ceruledge|Ceruledge, F|100/100
|turn|6
|inactive|mexicanmale89 has 90 seconds left.
|
|t:|1776097506
|-end|p2a: Great Tusk|Protosynthesis|[silent]
|switch|p2a: Moltres|Moltres|100/100
|move|p1a: Ceruledge|Swords Dance|p1a: Ceruledge
|-boost|p1a: Ceruledge|atk|2
|
|upkeep
|turn|7
|
|t:|1776097524
|move|p1a: Ceruledge|Swords Dance|p1a: Ceruledge
|-boost|p1a: Ceruledge|atk|2
|move|p2a: Moltres|Scorching Sands|p1a: Ceruledge
|-supereffective|p1a: Ceruledge
|-damage|p1a: Ceruledge|58/100
|
|upkeep
|turn|8
|
|t:|1776097537
|move|p1a: Ceruledge|Bitter Blade|p2a: Moltres
|-resisted|p2a: Moltres
|-damage|p2a: Moltres|44/100
|-heal|p1a: Ceruledge|95/100|[from] drain|[of] p2a: Moltres
|move|p2a: Moltres|Scorching Sands|p1a: Ceruledge
|-supereffective|p1a: Ceruledge
|-damage|p1a: Ceruledge|46/100
|
|upkeep
|turn|9
|
|t:|1776097542
|move|p1a: Ceruledge|Bitter Blade|p2a: Moltres
|-resisted|p2a: Moltres
|-damage|p2a: Moltres|0 fnt
|-heal|p1a: Ceruledge|75/100|[from] drain|[of] p2a: Moltres
|faint|p2a: Moltres
|
|upkeep
|
|t:|1776097553
|switch|p2a: Kingambit|Kingambit, F|100/100
|-damage|p2a: Kingambit|94/100|[from] Stealth Rock
|-activate|p2a: Kingambit|ability: Supreme Overlord
|-start|p2a: Kingambit|fallen1|[silent]
|turn|10
|
|t:|1776097565
|-terastallize|p1a: Ceruledge|Fighting
|move|p2a: Kingambit|Sucker Punch|p1a: Ceruledge
|-resisted|p1a: Ceruledge
|-damage|p1a: Ceruledge|43/100
|-ability|p1a: Ceruledge|Weak Armor|boost
|-unboost|p1a: Ceruledge|def|1
|-boost|p1a: Ceruledge|spe|2
|move|p1a: Ceruledge|Bitter Blade|p2a: Kingambit
|-supereffective|p2a: Kingambit
|-damage|p2a: Kingambit|0 fnt
|-heal|p1a: Ceruledge|98/100|[from] drain|[of] p2a: Kingambit
|faint|p2a: Kingambit
|-end|p2a: Kingambit|fallen1|[silent]
|
|upkeep
|
|t:|1776097582
|switch|p2a: Great Tusk|Great Tusk|56/100
|-damage|p2a: Great Tusk|53/100|[from] Stealth Rock
|turn|11
|
|t:|1776097608
|-terastallize|p2a: Great Tusk|Water
|move|p1a: Ceruledge|Bitter Blade|p2a: Great Tusk
|-resisted|p2a: Great Tusk
|-damage|p2a: Great Tusk|21/100
|-heal|p1a: Ceruledge|100/100|[from] drain|[of] p2a: Great Tusk
|-damage|p1a: Ceruledge|84/100|[from] item: Rocky Helmet|[of] p2a: Great Tusk
|move|p2a: Great Tusk|Body Press|p1a: Ceruledge
|-damage|p1a: Ceruledge|0 fnt
|faint|p1a: Ceruledge
|
|upkeep
|inactive|Mopriii has 120 seconds left.
|
|t:|1776097622
|switch|p1a: Maushold|Maushold|100/100
|turn|12
|
|t:|1776097631
|move|p1a: Maushold|Population Bomb|p2a: Great Tusk
|-damage|p2a: Great Tusk|15/100
|-damage|p1a: Maushold|84/100|[from] item: Rocky Helmet|[of] p2a: Great Tusk
|-damage|p2a: Great Tusk|9/100
|-damage|p1a: Maushold|67/100|[from] item: Rocky Helmet|[of] p2a: Great Tusk
|-damage|p2a: Great Tusk|4/100
|-damage|p1a: Maushold|51/100|[from] item: Rocky Helmet|[of] p2a: Great Tusk
|-damage|p2a: Great Tusk|0 fnt
|-damage|p1a: Maushold|34/100|[from] item: Rocky Helmet|[of] p2a: Great Tusk
|faint|p2a: Great Tusk
|-end|p2a: Great Tusk|Protosynthesis|[silent]
|-hitcount|p2: Great Tusk|4
|
|upkeep
|
|t:|1776097638
|switch|p2a: Jolteon|Jolteon, M|100/100
|turn|13
|
|t:|1776097651
|switch|p1a: Mamoswine|Mamoswine, F|100/100
|move|p2a: Jolteon|Alluring Voice|p1a: Mamoswine
|-damage|p1a: Mamoswine|66/100
|
|upkeep
|turn|14
|
|t:|1776097662
|switch|p2a: Hydrapple|Hydrapple, M|100/100
|move|p1a: Mamoswine|Earthquake|p2a: Hydrapple
|-resisted|p2a: Hydrapple
|-damage|p2a: Hydrapple|84/100
|
|upkeep
|turn|15
|
|t:|1776097670
|move|p1a: Mamoswine|Ice Shard|p2a: Hydrapple
|-supereffective|p2a: Hydrapple
|-damage|p2a: Hydrapple|26/100
|move|p2a: Hydrapple|Giga Drain|p1a: Mamoswine
|-supereffective|p1a: Mamoswine
|-damage|p1a: Mamoswine|0 fnt
|-heal|p2a: Hydrapple|55/100|[from] drain|[of] p1a: Mamoswine
|faint|p1a: Mamoswine
|
|upkeep
|
|t:|1776097676
|switch|p1a: Maushold|Maushold|34/100
|turn|16
|
|t:|1776097682
|move|p1a: Maushold|Population Bomb|p2a: Hydrapple
|-damage|p2a: Hydrapple|48/100
|-damage|p2a: Hydrapple|42/100
|-damage|p2a: Hydrapple|35/100
|-damage|p2a: Hydrapple|28/100
|-damage|p2a: Hydrapple|22/100
|-damage|p2a: Hydrapple|15/100
|-damage|p2a: Hydrapple|9/100
|-damage|p2a: Hydrapple|2/100
|-damage|p2a: Hydrapple|0 fnt
|faint|p2a: Hydrapple
|-hitcount|p2: Hydrapple|9
|
|upkeep
|
|t:|1776097685
|switch|p2a: Jolteon|Jolteon, M|100/100
|turn|17
|
|t:|1776097690
|move|p2a: Jolteon|Thunderbolt|p1a: Maushold
|-damage|p1a: Maushold|0 fnt
|faint|p1a: Maushold
|
|upkeep
|
|t:|1776097692
|switch|p1a: Dragonite|Dragonite, F|100/100
|turn|18
|
|t:|1776097698
|move|p2a: Jolteon|Alluring Voice|p1a: Dragonite
|-supereffective|p1a: Dragonite
|-damage|p1a: Dragonite|76/100
|move|p1a: Dragonite|Dragon Dance|p1a: Dragonite
|-boost|p1a: Dragonite|atk|1
|-boost|p1a: Dragonite|spe|1
|
|upkeep
|turn|19
|
|t:|1776097705
|move|p2a: Jolteon|Alluring Voice|p1a: Dragonite
|-supereffective|p1a: Dragonite
|-damage|p1a: Dragonite|27/100
|move|p1a: Dragonite|Earthquake|p2a: Jolteon
|-supereffective|p2a: Jolteon
|-damage|p2a: Jolteon|0 fnt
|faint|p2a: Jolteon
|
|upkeep
|
|t:|1776097707
|switch|p2a: Slowking|Slowking-Galar, F|100/100
|-damage|p2a: Slowking|88/100|[from] Stealth Rock
|turn|20
|
|t:|1776097711
|move|p1a: Dragonite|Earthquake|p2a: Slowking
|-supereffective|p2a: Slowking
|-damage|p2a: Slowking|0 fnt
|faint|p2a: Slowking
|
|win|Mopriii
|raw|Mopriii's rating: 1476 &rarr; <strong>1496</strong><br />(+20 for winning)
|raw|mexicanmale89's rating: 1480 &rarr; <strong>1460</strong><br />(-20 for losing)
|l|☆mexicanmale89
|player|p2|
