|html|<div class="broadcast-blue"><strong>[Gen 9] OU is currently suspecting Tera Blast! For information on how to participate check out the <a href="https://www.smogon.com/tools/suspects/view/200">suspect thread</a>.</strong></div>
|j|☆TolaSix
|j|☆kyro_is_bad
|t:|1776107913
|gametype|singles
|player|p1|TolaSix|infielder|1283
|player|p2|kyro_is_bad|elesa-gen5bw2|1205
|gen|9
|tier|[Gen 9] OU
|rated|
|rule|HP Percentage Mod: HP is shown in percentages
|rule|Endless Battle Clause: Forcing endless battles is banned
|rule|Species Clause: Limit one of each Pokémon
|rule|OHKO Clause: OHKO moves are banned
|rule|Evasion Items Clause: Evasion items are banned
|rule|Evasion Moves Clause: Evasion moves are banned
|rule|Evasion Abilities Clause: Evasion abilities are banned
|rule|Sleep Moves Clause: Sleep-inducing moves are banned
|clearpoke
|poke|p1|Tinkaton, F|
|poke|p1|Great Tusk|
|poke|p1|Garganacl, F|
|poke|p1|Keldeo-Resolute|
|poke|p1|Zapdos|
|poke|p1|Dragapult, F|
|poke|p2|Swadloon, F|
|poke|p2|Gholdengo|
|poke|p2|Landorus-Therian, M|
|poke|p2|Kommo-o, M|
|poke|p2|Enamorus, F|
|poke|p2|Corviknight, F|
|teampreview
|inactive|Battle timer is ON: inactive players will automatically lose when time's up. (requested by TolaSix)
|
|t:|1776107927
|teamsize|p1|6
|teamsize|p2|6
|start
|switch|p1a: Tinkaton|Tinkaton, F|100/100
|switch|p2a: Swadloon|Swadloon, F|100/100
|-ability|p1a: Tinkaton|Mold Breaker
|-item|p1a: Tinkaton|Air Balloon
|turn|1
|
|t:|1776107945
|move|p1a: Tinkaton|Gigaton Hammer|p2a: Swadloon
|-damage|p2a: Swadloon|59/100
|move|p2a: Swadloon|Sticky Web|p1a: Tinkaton
|-sidestart|p1: TolaSix|move: Sticky Web
|
|upkeep
|turn|2
|
|t:|1776107952
|move|p1a: Tinkaton|Encore|p2a: Swadloon
|-start|p2a: Swadloon|Encore
|move|p2a: Swadloon|Sticky Web||[still]
|-fail|p2a: Swadloon
|
|upkeep
|turn|3
|
|t:|1776107959
|switch|p2a: Landorus|Landorus-Therian, M|100/100
|-ability|p2a: Landorus|Intimidate|boost
|-unboost|p1a: Tinkaton|atk|1
|move|p1a: Tinkaton|Stealth Rock|p2a: Landorus
|-sidestart|p2: kyro_is_bad|move: Stealth Rock
|
|upkeep
|turn|4
|
|t:|1776107969
|switch|p1a: Zapdos|Zapdos|100/100
|move|p2a: Landorus|U-turn|p1a: Zapdos
|-resisted|p1a: Zapdos
|-crit|p1a: Zapdos
|-damage|p1a: Zapdos|87/100
|
|t:|1776107979
|switch|p2a: Swadloon|Swadloon, F|59/100|[from] U-turn
|-damage|p2a: Swadloon|35/100|[from] Stealth Rock
|
|upkeep
|turn|5
|
|t:|1776107995
|move|p1a: Zapdos|Volt Switch|p2a: Swadloon
|-resisted|p2a: Swadloon
|-damage|p2a: Swadloon|14/100
|
|t:|1776108000
|switch|p1a: Tinkaton|Tinkaton, F|100/100|[from] Volt Switch
|-ability|p1a: Tinkaton|Mold Breaker
|-item|p1a: Tinkaton|Air Balloon
|move|p2a: Swadloon|Giga Drain|p1a: Tinkaton
|-resisted|p1a: Tinkaton
|-damage|p1a: Tinkaton|94/100
|-heal|p2a: Swadloon|18/100|[from] drain|[of] p1a: Tinkaton
|-enditem|p1a: Tinkaton|Air Balloon
|
|upkeep
|turn|6
|
|t:|1776108021
|move|p1a: Tinkaton|Gigaton Hammer|p2a: Swadloon
|-damage|p2a: Swadloon|0 fnt
|faint|p2a: Swadloon
|
|upkeep
|
|t:|1776108026
|switch|p2a: Landorus|Landorus-Therian, M|100/100
|-damage|p2a: Landorus|88/100|[from] Stealth Rock
|-ability|p2a: Landorus|Intimidate|boost
|-unboost|p1a: Tinkaton|atk|1
|turn|7
|
|t:|1776108032
|switch|p1a: Zapdos|Zapdos|87/100
|move|p2a: Landorus|Stealth Rock|p1a: Zapdos
|-sidestart|p1: TolaSix|move: Stealth Rock
|
|-heal|p2a: Landorus|94/100|[from] item: Leftovers
|upkeep
|turn|8
|
|t:|1776108039
|move|p2a: Landorus|U-turn|p1a: Zapdos
|-resisted|p1a: Zapdos
|-damage|p1a: Zapdos|78/100
|
|t:|1776108043
|switch|p2a: Gholdengo|Gholdengo|100/100|[from] U-turn
|-damage|p2a: Gholdengo|94/100|[from] Stealth Rock
|-item|p2a: Gholdengo|Air Balloon
|move|p1a: Zapdos|Hurricane|p2a: Gholdengo|[miss]
|-miss|p1a: Zapdos|p2a: Gholdengo
|
|upkeep
|turn|9
|
|t:|1776108059
|move|p2a: Gholdengo|Shadow Ball|p1a: Zapdos
|-damage|p1a: Zapdos|36/100
|move|p1a: Zapdos|Volt Switch|p2a: Gholdengo
|-damage|p2a: Gholdengo|60/100
|-enditem|p2a: Gholdengo|Air Balloon
|
|t:|1776108075
|switch|p1a: Great Tusk|Great Tusk|100/100|[from] Volt Switch
|
|upkeep
|turn|10
|
|t:|1776108084
|switch|p2a: Enamorus|Enamorus, F|100/100
|-damage|p2a: Enamorus|76/100|[from] Stealth Rock
|move|p1a: Great Tusk|Headlong Rush|p2a: Enamorus
|-immune|p2a: Enamorus
|
|upkeep
|turn|11
|
|t:|1776108091
|-end|p1a: Great Tusk|Protosynthesis|[silent]
|switch|p1a: Tinkaton|Tinkaton, F|94/100
|-activate|p1a: Tinkaton|move: Sticky Web
|-unboost|p1a: Tinkaton|spe|1
|-damage|p1a: Tinkaton|88/100|[from] Stealth Rock
|-ability|p1a: Tinkaton|Mold Breaker
|move|p2a: Enamorus|Moonblast|p1a: Tinkaton
|-resisted|p1a: Tinkaton
|-damage|p1a: Tinkaton|67/100
|
|upkeep
|turn|12
|
|t:|1776108101
|switch|p2a: Gholdengo|Gholdengo|60/100
|-damage|p2a: Gholdengo|54/100|[from] Stealth Rock
|move|p1a: Tinkaton|Thunder Wave|p2a: Gholdengo
|-status|p2a: Gholdengo|par
|
|upkeep
|turn|13
|
|t:|1776108121
|move|p1a: Tinkaton|Gigaton Hammer|p2a: Gholdengo
|-resisted|p2a: Gholdengo
|-damage|p2a: Gholdengo|28/100 par
|move|p2a: Gholdengo|Make It Rain|p1a: Tinkaton
|-damage|p1a: Tinkaton|2/100
|-unboost|p2a: Gholdengo|spa|1
|
|upkeep
|turn|14
|c|☆kyro_is_bad|The fact they nerfed this ability is making me sad :<
|c|☆TolaSix|!dt mold breaker
|c|☆TolaSix|/raw <ul class="utilichart"><li class="result"><span class="col namecol"><a href="https://dex.pokemonshowdown.com/abilities/moldbreaker">Mold Breaker</a></span> <span class="col abilitydesccol">This Pokemon's moves and their effects ignore the Abilities of other Pokemon.</span> </li><li style="clear:both"></li></ul>
|c|☆TolaSix|/raw <font size="1"><font color="#686868">Gen:</font> 4</font>

|inactive|TolaSix has 120 seconds left.
|c|☆kyro_is_bad|ohh
|
|t:|1776108151
|move|p1a: Tinkaton|Encore|p2a: Gholdengo
|-start|p2a: Gholdengo|Encore
|move|p2a: Gholdengo|Make It Rain|p1a: Tinkaton
|-damage|p1a: Tinkaton|0 fnt
|-unboost|p2a: Gholdengo|spa|1
|faint|p1a: Tinkaton
|
|upkeep
|c|☆kyro_is_bad|I forgor
|
|t:|1776108169
|switch|p1a: Zapdos|Zapdos|36/100
|turn|15
|c|☆kyro_is_bad|but it still got nerfed in champ no ?
|
|t:|1776108173
|move|p1a: Zapdos|Roost|p1a: Zapdos
|-heal|p1a: Zapdos|86/100
|-singleturn|p1a: Zapdos|move: Roost
|cant|p2a: Gholdengo|par
|
|upkeep
|turn|16
|inactive|TolaSix has 120 seconds left.
|
|t:|1776108203
|move|p1a: Zapdos|Volt Switch|p2a: Gholdengo
|-damage|p2a: Gholdengo|0 fnt
|faint|p2a: Gholdengo
|inactive|TolaSix has 90 seconds left.
|
|t:|1776108228
|switch|p1a: Great Tusk|Great Tusk|100/100|[from] Volt Switch
|
|upkeep
|
|t:|1776108234
|switch|p2a: Enamorus|Enamorus, F|76/100
|-damage|p2a: Enamorus|51/100|[from] Stealth Rock
|turn|17
|
|t:|1776108240
|move|p2a: Enamorus|Moonblast|p1a: Great Tusk
|-supereffective|p1a: Great Tusk
|-damage|p1a: Great Tusk|0 fnt
|faint|p1a: Great Tusk
|-end|p1a: Great Tusk|Protosynthesis|[silent]
|
|upkeep
|
|t:|1776108249
|switch|p1a: Garganacl|Garganacl, F|100/100
|-activate|p1a: Garganacl|move: Sticky Web
|-unboost|p1a: Garganacl|spe|1
|-damage|p1a: Garganacl|88/100|[from] Stealth Rock
|turn|18
|
|t:|1776108257
|-terastallize|p1a: Garganacl|Water
|move|p2a: Enamorus|Moonblast|p1a: Garganacl
|-damage|p1a: Garganacl|54/100
|move|p1a: Garganacl|Avalanche|p2a: Enamorus
|-supereffective|p2a: Enamorus
|-damage|p2a: Enamorus|0 fnt
|faint|p2a: Enamorus
|
|-heal|p1a: Garganacl|61/100|[from] item: Leftovers
|upkeep
|
|t:|1776108266
|switch|p2a: Landorus|Landorus-Therian, M|94/100
|-damage|p2a: Landorus|82/100|[from] Stealth Rock
|-ability|p2a: Landorus|Intimidate|boost
|-unboost|p1a: Garganacl|atk|1
|turn|19
|
|t:|1776108271
|move|p2a: Landorus|Swords Dance|p2a: Landorus
|-boost|p2a: Landorus|atk|2
|move|p1a: Garganacl|Avalanche|p2a: Landorus
|-supereffective|p2a: Landorus
|-damage|p2a: Landorus|41/100
|
|-heal|p2a: Landorus|47/100|[from] item: Leftovers
|-heal|p1a: Garganacl|67/100|[from] item: Leftovers
|upkeep
|turn|20
|inactive|TolaSix has 120 seconds left.
|
|t:|1776108277
|move|p2a: Landorus|Earthquake|p1a: Garganacl
|-damage|p1a: Garganacl|0 fnt
|faint|p1a: Garganacl
|
|-heal|p2a: Landorus|53/100|[from] item: Leftovers
|upkeep
|inactive|TolaSix has 120 seconds left.
|
|t:|1776108291
|switch|p1a: Dragapult|Dragapult, F|100/100
|turn|21
|inactive|TolaSix has 120 seconds left.
|
|t:|1776108298
|move|p1a: Dragapult|Will-O-Wisp|p2a: Landorus
|-status|p2a: Landorus|brn
|move|p2a: Landorus|Earthquake|p1a: Dragapult
|-damage|p1a: Dragapult|22/100
|
|-heal|p2a: Landorus|58/100 brn|[from] item: Leftovers
|-damage|p2a: Landorus|53/100 brn|[from] brn
|upkeep
|turn|22
|
|t:|1776108306
|move|p1a: Dragapult|Hex|p2a: Landorus
|-damage|p2a: Landorus|0 fnt
|faint|p2a: Landorus
|
|upkeep
|
|t:|1776108314
|switch|p2a: Kommo-o|Kommo-o, M|100/100
|-damage|p2a: Kommo-o|94/100|[from] Stealth Rock
|turn|23
|
|t:|1776108320
|-terastallize|p2a: Kommo-o|Normal
|move|p1a: Dragapult|Dragon Darts|p2a: Kommo-o
|-damage|p2a: Kommo-o|73/100
|-anim|p1a: Dragapult|Dragon Darts|p2a: Kommo-o
|-damage|p2a: Kommo-o|52/100
|move|p2a: Kommo-o|Clangorous Soul|p2a: Kommo-o
|-boost|p2a: Kommo-o|atk|1
|-boost|p2a: Kommo-o|def|1
|-boost|p2a: Kommo-o|spa|1
|-boost|p2a: Kommo-o|spd|1
|-boost|p2a: Kommo-o|spe|1
|-damage|p2a: Kommo-o|19/100
|-enditem|p2a: Kommo-o|Throat Spray
|-boost|p2a: Kommo-o|spa|1|[from] item: Throat Spray
|
|upkeep
|turn|24
|
|t:|1776108336
|move|p2a: Kommo-o|Clanging Scales|p1a: Dragapult
|-supereffective|p1a: Dragapult
|-damage|p1a: Dragapult|0 fnt
|faint|p1a: Dragapult
|-unboost|p2a: Kommo-o|def|1
|
|upkeep
|inactive|TolaSix has 120 seconds left.
|
|t:|1776108376
|switch|p1a: Keldeo|Keldeo-Resolute|100/100
|-activate|p1a: Keldeo|move: Sticky Web
|-unboost|p1a: Keldeo|spe|1
|-damage|p1a: Keldeo|94/100|[from] Stealth Rock
|turn|25
|
|t:|1776108384
|move|p1a: Keldeo|Vacuum Wave|p2a: Kommo-o
|-supereffective|p2a: Kommo-o
|-damage|p2a: Kommo-o|0 fnt
|faint|p2a: Kommo-o
|
|upkeep
|
|t:|1776108388
|switch|p2a: Corviknight|Corviknight, F|100/100
|-ability|p2a: Corviknight|Pressure
|turn|26
|
|t:|1776108396
|switch|p1a: Zapdos|Zapdos|86/100
|move|p2a: Corviknight|Body Press|p1a: Zapdos
|-resisted|p1a: Zapdos
|-damage|p1a: Zapdos|76/100
|
|upkeep
|turn|27
|-message|kyro_is_bad forfeited.
|
|win|TolaSix
|raw|TolaSix's rating: 1283 &rarr; <strong>1302</strong><br />(+19 for winning)
|raw|kyro_is_bad's rating: 1205 &rarr; <strong>1186</strong><br />(-19 for losing)
|c|☆TolaSix|gg
|l|☆kyro_is_bad
|player|p2|
