|html|<div class="broadcast-blue"><strong>[Gen 9] OU is currently suspecting Tera Blast! For information on how to participate check out the <a href="https://www.smogon.com/tools/suspects/view/200">suspect thread</a>.</strong></div>
|j|☆alkdhjsakd
|j|☆Sharkerthantheteal
|t:|1776316800
|gametype|singles
|player|p1|alkdhjsakd|1|1159
|player|p2|Sharkerthantheteal|169|1175
|gen|9
|tier|[Gen 9] OU
|rated|
|rule|HP Percentage Mod: HP is shown in percentages
|rule|Endless Battle Clause: Forcing endless battles is banned
|rule|Species Clause: Limit one of each Pokémon
|rule|OHKO Clause: OHKO moves are banned
|rule|Evasion Items Clause: Evasion items are banned
|rule|Evasion Moves Clause: Evasion moves are banned
|rule|Evasion Abilities Clause: Evasion abilities are banned
|rule|Sleep Moves Clause: Sleep-inducing moves are banned
|clearpoke
|poke|p1|Dondozo, F|
|poke|p1|Blissey, F|
|poke|p1|Corviknight, F|
|poke|p1|Kingambit, M|
|poke|p1|Maushold-Four|
|poke|p1|Clodsire, M|
|poke|p2|Hariyama, M|
|poke|p2|Grimmsnarl, M|
|poke|p2|Great Tusk|
|poke|p2|Dragapult, M|
|poke|p2|Iron Valiant|
|poke|p2|Clodsire, F|
|teampreview
|
|t:|1776316810
|teamsize|p1|6
|teamsize|p2|6
|start
|switch|p1a: Maushold|Maushold-Four|100/100
|switch|p2a: Clodsire|Clodsire, F|100/100
|turn|1
|
|t:|1776316827
|move|p1a: Maushold|Population Bomb|p2a: Clodsire
|-damage|p2a: Clodsire|89/100
|-damage|p2a: Clodsire|76/100
|-damage|p2a: Clodsire|64/100
|-damage|p2a: Clodsire|52/100
|-damage|p2a: Clodsire|39/100
|-damage|p2a: Clodsire|27/100
|-damage|p2a: Clodsire|15/100
|-damage|p2a: Clodsire|4/100
|-damage|p2a: Clodsire|0 fnt
|faint|p2a: Clodsire
|-hitcount|p2: Clodsire|9
|
|upkeep
|j| GruesomeLovelies
|
|t:|1776316840
|switch|p2a: Grimmsnarl|Grimmsnarl, M|100/100
|turn|2
|
|t:|1776316851
|move|p2a: Grimmsnarl|Reflect|p2a: Grimmsnarl
|-sidestart|p2: Sharkerthantheteal|Reflect
|move|p1a: Maushold|Population Bomb|p2a: Grimmsnarl
|-damage|p2a: Grimmsnarl|94/100
|-damage|p2a: Grimmsnarl|88/100
|-damage|p2a: Grimmsnarl|80/100
|-damage|p2a: Grimmsnarl|74/100
|-damage|p2a: Grimmsnarl|67/100
|-damage|p2a: Grimmsnarl|61/100
|-damage|p2a: Grimmsnarl|54/100
|-damage|p2a: Grimmsnarl|48/100
|-damage|p2a: Grimmsnarl|41/100
|-damage|p2a: Grimmsnarl|33/100
|-hitcount|p2a: Grimmsnarl|10
|
|upkeep
|turn|3
|
|t:|1776316866
|move|p2a: Grimmsnarl|Parting Shot|p1a: Maushold
|-unboost|p1a: Maushold|atk|1
|-unboost|p1a: Maushold|spa|1
|
|t:|1776316870
|switch|p2a: Dragapult|Dragapult, M|100/100|[from] Parting Shot
|move|p1a: Maushold|Population Bomb|p2a: Dragapult
|-immune|p2a: Dragapult
|
|upkeep
|turn|4
|
|t:|1776316888
|switch|p1a: Dondozo|Dondozo, F|100/100
|move|p2a: Dragapult|Flamethrower|p1a: Dondozo
|-resisted|p1a: Dondozo
|-damage|p1a: Dondozo|83/100
|
|-heal|p1a: Dondozo|89/100|[from] item: Leftovers
|upkeep
|turn|5
|
|t:|1776316907
|switch|p2a: Grimmsnarl|Grimmsnarl, M|33/100
|switch|p1a: Clodsire|Clodsire, M|100/100
|
|upkeep
|turn|6
|
|t:|1776316915
|move|p2a: Grimmsnarl|Parting Shot|p1a: Clodsire
|-unboost|p1a: Clodsire|atk|1
|-unboost|p1a: Clodsire|spa|1
|
|t:|1776316922
|switch|p2a: Great Tusk|Great Tusk|100/100|[from] Parting Shot
|move|p1a: Clodsire|Spikes|p2a: Great Tusk
|-sidestart|p2: Sharkerthantheteal|Spikes
|
|upkeep
|turn|7
|
|t:|1776316941
|switch|p1a: Dondozo|Dondozo, F|89/100
|move|p2a: Great Tusk|Bulk Up|p2a: Great Tusk
|-boost|p2a: Great Tusk|atk|1
|-boost|p2a: Great Tusk|def|1
|
|-heal|p1a: Dondozo|95/100|[from] item: Leftovers
|upkeep
|turn|8
|
|t:|1776316949
|-terastallize|p2a: Great Tusk|Water
|move|p2a: Great Tusk|Knock Off|p1a: Dondozo
|-damage|p1a: Dondozo|83/100
|-enditem|p1a: Dondozo|Leftovers|[from] move: Knock Off|[of] p2a: Great Tusk
|move|p1a: Dondozo|Liquidation|p2a: Great Tusk
|-resisted|p2a: Great Tusk
|-damage|p2a: Great Tusk|97/100
|
|upkeep
|turn|9
|
|t:|1776316967
|move|p2a: Great Tusk|Bulk Up|p2a: Great Tusk
|-boost|p2a: Great Tusk|atk|1
|-boost|p2a: Great Tusk|def|1
|move|p1a: Dondozo|Body Press|p2a: Great Tusk
|-damage|p2a: Great Tusk|91/100
|
|-sideend|p2: Sharkerthantheteal|Reflect
|upkeep
|turn|10
|
|t:|1776316976
|move|p2a: Great Tusk|Rapid Spin|p1a: Dondozo
|-damage|p1a: Dondozo|77/100
|-boost|p2a: Great Tusk|spe|1
|-sideend|p2: Sharkerthantheteal|Spikes|[from] move: Rapid Spin|[of] p2a: Great Tusk
|move|p1a: Dondozo|Body Press|p2a: Great Tusk
|-damage|p2a: Great Tusk|77/100
|
|upkeep
|turn|11
|
|t:|1776316994
|move|p2a: Great Tusk|Earthquake|p1a: Dondozo
|-crit|p1a: Dondozo
|-damage|p1a: Dondozo|49/100
|move|p1a: Dondozo|Body Press|p2a: Great Tusk
|-damage|p2a: Great Tusk|63/100
|
|upkeep
|turn|12
|
|t:|1776317003
|move|p2a: Great Tusk|Bulk Up|p2a: Great Tusk
|-boost|p2a: Great Tusk|atk|1
|-boost|p2a: Great Tusk|def|1
|move|p1a: Dondozo|Body Press|p2a: Great Tusk
|-damage|p2a: Great Tusk|48/100
|
|upkeep
|turn|13
|
|t:|1776317013
|move|p2a: Great Tusk|Earthquake|p1a: Dondozo
|-damage|p1a: Dondozo|31/100
|move|p1a: Dondozo|Rest|p1a: Dondozo
|-status|p1a: Dondozo|slp|[from] move: Rest
|-heal|p1a: Dondozo|100/100 slp|[silent]
|
|upkeep
|turn|14
|
|t:|1776317020
|move|p2a: Great Tusk|Earthquake|p1a: Dondozo
|-damage|p1a: Dondozo|81/100 slp
|cant|p1a: Dondozo|slp
|move|p1a: Dondozo|Sleep Talk|p1a: Dondozo
|move|p1a: Dondozo|Liquidation|p2a: Great Tusk|[from] move: Sleep Talk
|-resisted|p2a: Great Tusk
|-damage|p2a: Great Tusk|41/100
|
|upkeep
|turn|15
|
|t:|1776317034
|-end|p2a: Great Tusk|Protosynthesis|[silent]
|switch|p2a: Grimmsnarl|Grimmsnarl, M|33/100
|cant|p1a: Dondozo|slp
|move|p1a: Dondozo|Sleep Talk|p1a: Dondozo
|move|p1a: Dondozo|Liquidation|p2a: Grimmsnarl|[from] move: Sleep Talk
|-damage|p2a: Grimmsnarl|0 fnt
|faint|p2a: Grimmsnarl
|
|upkeep
|
|t:|1776317044
|switch|p2a: Iron Valiant|Iron Valiant|100/100
|-enditem|p2a: Iron Valiant|Booster Energy
|-activate|p2a: Iron Valiant|ability: Quark Drive|[fromitem]
|-start|p2a: Iron Valiant|quarkdrivespe
|turn|16
|
|t:|1776317065
|move|p2a: Iron Valiant|Encore||[still]
|-fail|p2a: Iron Valiant
|-curestatus|p1a: Dondozo|slp|[msg]
|move|p1a: Dondozo|Liquidation|p2a: Iron Valiant
|-damage|p2a: Iron Valiant|62/100
|
|upkeep
|turn|17
|
|t:|1776317071
|move|p2a: Iron Valiant|Disable|p1a: Dondozo
|-start|p1a: Dondozo|Disable|Liquidation
|cant|p1a: Dondozo|Disable|Liquidation
|
|upkeep
|turn|18
|
|t:|1776317087
|move|p2a: Iron Valiant|Calm Mind|p2a: Iron Valiant
|-boost|p2a: Iron Valiant|spa|1
|-boost|p2a: Iron Valiant|spd|1
|move|p1a: Dondozo|Body Press|p2a: Iron Valiant
|-resisted|p2a: Iron Valiant
|-damage|p2a: Iron Valiant|42/100
|
|upkeep
|turn|19
|
|t:|1776317100
|switch|p1a: Clodsire|Clodsire, M|100/100
|move|p2a: Iron Valiant|Moonblast|p1a: Clodsire
|-resisted|p1a: Clodsire
|-damage|p1a: Clodsire|86/100
|
|upkeep
|turn|20
|
|t:|1776317109
|move|p2a: Iron Valiant|Calm Mind|p2a: Iron Valiant
|-boost|p2a: Iron Valiant|spa|1
|-boost|p2a: Iron Valiant|spd|1
|move|p1a: Clodsire|Spikes|p2a: Iron Valiant
|-sidestart|p2: Sharkerthantheteal|Spikes
|
|upkeep
|turn|21
|
|t:|1776317114
|move|p2a: Iron Valiant|Disable|p1a: Clodsire
|-start|p1a: Clodsire|Disable|Spikes
|cant|p1a: Clodsire|Disable|Spikes
|
|upkeep
|turn|22
|
|t:|1776317119
|move|p2a: Iron Valiant|Encore|p1a: Clodsire
|-start|p1a: Clodsire|Encore
|cant|p1a: Clodsire|Disable|Spikes
|
|upkeep
|turn|23
|
|t:|1776317131
|switch|p1a: Blissey|Blissey, F|100/100
|move|p2a: Iron Valiant|Calm Mind|p2a: Iron Valiant
|-boost|p2a: Iron Valiant|spa|1
|-boost|p2a: Iron Valiant|spd|1
|
|upkeep
|turn|24
|
|t:|1776317138
|switch|p1a: Clodsire|Clodsire, M|86/100
|move|p2a: Iron Valiant|Moonblast|p1a: Clodsire
|-resisted|p1a: Clodsire
|-damage|p1a: Clodsire|72/100
|-unboost|p1a: Clodsire|spa|1
|
|upkeep
|turn|25
|
|t:|1776317147
|move|p2a: Iron Valiant|Moonblast|p1a: Clodsire
|-resisted|p1a: Clodsire
|-damage|p1a: Clodsire|58/100
|-unboost|p1a: Clodsire|spa|1
|move|p1a: Clodsire|Earthquake|p2a: Iron Valiant
|-damage|p2a: Iron Valiant|0 fnt
|faint|p2a: Iron Valiant
|-end|p2a: Iron Valiant|Quark Drive|[silent]
|
|upkeep
|
|t:|1776317155
|switch|p2a: Great Tusk|Great Tusk, tera:Water|41/100
|turn|26
|
|t:|1776317160
|switch|p1a: Dondozo|Dondozo, F|81/100
|move|p2a: Great Tusk|Rapid Spin|p1a: Dondozo
|-damage|p1a: Dondozo|75/100
|-boost|p2a: Great Tusk|spe|1
|-sideend|p2: Sharkerthantheteal|Spikes|[from] move: Rapid Spin|[of] p2a: Great Tusk
|
|upkeep
|turn|27
|
|t:|1776317166
|-end|p2a: Great Tusk|Protosynthesis|[silent]
|switch|p2a: Dragapult|Dragapult, M|100/100
|move|p1a: Dondozo|Body Press|p2a: Dragapult
|-immune|p2a: Dragapult
|
|upkeep
|turn|28
|
|t:|1776317178
|move|p2a: Dragapult|Shadow Ball|p1a: Dondozo
|-damage|p1a: Dondozo|25/100
|move|p1a: Dondozo|Rest|p1a: Dondozo
|-status|p1a: Dondozo|slp|[from] move: Rest
|-heal|p1a: Dondozo|100/100 slp|[silent]
|
|upkeep
|turn|29
|
|t:|1776317191
|switch|p1a: Blissey|Blissey, F|100/100
|move|p2a: Dragapult|Shadow Ball|p1a: Blissey
|-immune|p1a: Blissey
|
|upkeep
|turn|30
|
|t:|1776317197
|switch|p2a: Great Tusk|Great Tusk, tera:Water|41/100
|move|p1a: Blissey|Shadow Ball|p2a: Great Tusk
|-damage|p2a: Great Tusk|18/100
|
|upkeep
|turn|31
|
|t:|1776317206
|switch|p1a: Dondozo|Dondozo, F|100/100 slp
|move|p2a: Great Tusk|Knock Off|p1a: Dondozo
|-damage|p1a: Dondozo|93/100 slp
|
|upkeep
|turn|32
|
|t:|1776317211
|-end|p2a: Great Tusk|Protosynthesis|[silent]
|switch|p2a: Dragapult|Dragapult, M|100/100
|cant|p1a: Dondozo|slp
|move|p1a: Dondozo|Sleep Talk|p1a: Dondozo
|move|p1a: Dondozo|Rest||[from] move: Sleep Talk|[still]
|-fail|p1a: Dondozo
|
|upkeep
|turn|33
|
|t:|1776317221
|switch|p1a: Blissey|Blissey, F|100/100
|move|p2a: Dragapult|Draco Meteor|p1a: Blissey
|-damage|p1a: Blissey|71/100
|-unboost|p2a: Dragapult|spa|2
|
|-heal|p1a: Blissey|77/100|[from] item: Leftovers
|upkeep
|turn|34
|
|t:|1776317232
|switch|p2a: Great Tusk|Great Tusk, tera:Water|18/100
|move|p1a: Blissey|Shadow Ball|p2a: Great Tusk
|-damage|p2a: Great Tusk|0 fnt
|faint|p2a: Great Tusk
|-end|p2a: Great Tusk|Protosynthesis|[silent]
|
|-heal|p1a: Blissey|84/100|[from] item: Leftovers
|upkeep
|
|t:|1776317240
|switch|p2a: Hariyama|Hariyama, M|100/100
|turn|35
|
|t:|1776317261
|move|p1a: Blissey|Seismic Toss|p2a: Hariyama
|-damage|p2a: Hariyama|80/100
|move|p2a: Hariyama|Belly Drum|p2a: Hariyama
|-damage|p2a: Hariyama|30/100
|-setboost|p2a: Hariyama|atk|6|[from] move: Belly Drum
|
|-heal|p1a: Blissey|90/100|[from] item: Leftovers
|-status|p2a: Hariyama|brn|[from] item: Flame Orb
|upkeep
|turn|36
|
|t:|1776317292
|-terastallize|p1a: Blissey|Ghost
|move|p2a: Hariyama|Bullet Punch|p1a: Blissey
|-damage|p1a: Blissey|0 fnt
|faint|p1a: Blissey
|
|-damage|p2a: Hariyama|24/100 brn|[from] brn
|upkeep
|
|t:|1776317305
|switch|p1a: Maushold|Maushold-Four|100/100
|turn|37
|
|t:|1776317310
|move|p2a: Hariyama|Bullet Punch|p1a: Maushold
|-damage|p1a: Maushold|0 fnt
|faint|p1a: Maushold
|
|-damage|p2a: Hariyama|18/100 brn|[from] brn
|upkeep
|
|t:|1776317320
|switch|p1a: Corviknight|Corviknight, F|100/100
|-ability|p1a: Corviknight|Pressure
|turn|38
|
|t:|1776317327
|move|p2a: Hariyama|Bullet Punch|p1a: Corviknight
|-resisted|p1a: Corviknight
|-damage|p1a: Corviknight|76/100
|move|p1a: Corviknight|Body Press|p2a: Hariyama
|-damage|p2a: Hariyama|0 fnt
|faint|p2a: Hariyama
|
|-heal|p1a: Corviknight|82/100|[from] item: Leftovers
|upkeep
|c|☆Sharkerthantheteal|gg
|
|t:|1776317337
|switch|p2a: Dragapult|Dragapult, M|100/100
|turn|39
|
|t:|1776317358
|move|p2a: Dragapult|Shadow Ball|p1a: Corviknight
|-damage|p1a: Corviknight|33/100
|move|p1a: Corviknight|Roost|p1a: Corviknight
|-heal|p1a: Corviknight|83/100
|-singleturn|p1a: Corviknight|move: Roost
|
|-heal|p1a: Corviknight|90/100|[from] item: Leftovers
|upkeep
|turn|40
|
|t:|1776317367
|move|p2a: Dragapult|Shadow Ball|p1a: Corviknight
|-damage|p1a: Corviknight|40/100
|move|p1a: Corviknight|Defog|p2a: Dragapult
|-unboost|p2a: Dragapult|evasion|1
|
|-heal|p1a: Corviknight|46/100|[from] item: Leftovers
|upkeep
|turn|41
|
|t:|1776317374
|move|p2a: Dragapult|Shadow Ball|p1a: Corviknight
|-damage|p1a: Corviknight|0 fnt
|faint|p1a: Corviknight
|
|upkeep
|
|t:|1776317380
|switch|p1a: Kingambit|Kingambit, M|100/100
|-activate|p1a: Kingambit|ability: Supreme Overlord
|-start|p1a: Kingambit|fallen3|[silent]
|turn|42
|
|t:|1776317385
|move|p1a: Kingambit|Sucker Punch|p2a: Dragapult
|-supereffective|p2a: Dragapult
|-damage|p2a: Dragapult|0 fnt
|faint|p2a: Dragapult
|
|win|alkdhjsakd
|raw|alkdhjsakd's rating: 1159 &rarr; <strong>1185</strong><br />(+26 for winning)
|raw|Sharkerthantheteal's rating: 1175 &rarr; <strong>1149</strong><br />(-26 for losing)
