|html|<div class="broadcast-blue"><strong>[Gen 9] OU is currently suspecting Tera Blast! For information on how to participate check out the <a href="https://www.smogon.com/tools/suspects/view/200">suspect thread</a>.</strong></div>
|j|☆mmadss
|j|☆Beetterfly
|t:|1776061884
|gametype|singles
|player|p1|mmadss|flannery|1076
|player|p2|Beetterfly|medium|1067
|gen|9
|tier|[Gen 9] OU
|rated|
|rule|HP Percentage Mod: HP is shown in percentages
|rule|Endless Battle Clause: Forcing endless battles is banned
|rule|Species Clause: Limit one of each Pokémon
|rule|OHKO Clause: OHKO moves are banned
|rule|Evasion Items Clause: Evasion items are banned
|rule|Evasion Moves Clause: Evasion moves are banned
|rule|Evasion Abilities Clause: Evasion abilities are banned
|rule|Sleep Moves Clause: Sleep-inducing moves are banned
|clearpoke
|poke|p1|Samurott-Hisui, F|
|poke|p1|Morpeko, F|
|poke|p1|Blissey, F|
|poke|p1|Clodsire, M|
|poke|p1|Gengar, M|
|poke|p1|Smeargle, F|
|poke|p2|Dragapult, F|
|poke|p2|Whimsicott, M|
|poke|p2|Heatran, F|
|poke|p2|Jirachi|
|poke|p2|Iron Treads|
|poke|p2|Ogerpon-Wellspring, F|
|teampreview
|inactive|Battle timer is ON: inactive players will automatically lose when time's up. (requested by mmadss)
|
|t:|1776061891
|teamsize|p1|6
|teamsize|p2|6
|start
|switch|p1a: Samurott|Samurott-Hisui, F|100/100
|switch|p2a: Jirachi|Jirachi|100/100
|turn|1
|
|t:|1776061899
|move|p2a: Jirachi|U-turn|p1a: Samurott
|-supereffective|p1a: Samurott
|-damage|p1a: Samurott|39/100
|
|t:|1776061907
|switch|p2a: Whimsicott|Whimsicott, M|100/100|[from] U-turn
|move|p1a: Samurott|Ceaseless Edge|p2a: Whimsicott
|-resisted|p2a: Whimsicott
|-damage|p2a: Whimsicott|69/100
|-sidestart|p2: Beetterfly|Spikes
|
|upkeep
|turn|2
|
|t:|1776061917
|switch|p1a: Clodsire|Clodsire, M|100/100
|move|p2a: Whimsicott|U-turn|p1a: Clodsire
|-resisted|p1a: Clodsire
|-damage|p1a: Clodsire|94/100
|
|t:|1776061925
|switch|p2a: Jirachi|Jirachi|100/100|[from] U-turn
|-damage|p2a: Jirachi|88/100|[from] Spikes
|
|-heal|p1a: Clodsire|100/100|[from] item: Leftovers
|upkeep
|turn|3
|
|t:|1776061932
|move|p2a: Jirachi|Zen Headbutt|p1a: Clodsire
|-supereffective|p1a: Clodsire
|-damage|p1a: Clodsire|11/100
|cant|p1a: Clodsire|flinch
|
|-heal|p1a: Clodsire|18/100|[from] item: Leftovers
|upkeep
|turn|4
|
|t:|1776061945
|switch|p1a: Blissey|Blissey, F|100/100
|move|p2a: Jirachi|Zen Headbutt|p1a: Blissey
|-damage|p1a: Blissey|19/100
|
|-heal|p1a: Blissey|25/100|[from] item: Leftovers
|upkeep
|turn|5
|
|t:|1776061960
|move|p2a: Jirachi|Zen Headbutt|p1a: Blissey
|-damage|p1a: Blissey|0 fnt
|faint|p1a: Blissey
|
|upkeep
|
|t:|1776061965
|switch|p1a: Gengar|Gengar, M|100/100
|turn|6
|
|t:|1776061968
|move|p1a: Gengar|Destiny Bond|p1a: Gengar
|-singlemove|p1a: Gengar|Destiny Bond
|move|p2a: Jirachi|Zen Headbutt|p1a: Gengar
|-supereffective|p1a: Gengar
|-damage|p1a: Gengar|0 fnt
|-start|p2a: Jirachi|Disable|Zen Headbutt|[from] ability: Cursed Body|[of] p1a: Gengar
|faint|p1a: Gengar
|-activate|p1a: Gengar|move: Destiny Bond
|faint|p2a: Jirachi
|
|upkeep
|
|t:|1776061979
|switch|p1a: Morpeko|Morpeko, F|100/100
|switch|p2a: Whimsicott|Whimsicott, M|69/100
|-damage|p2a: Whimsicott|57/100|[from] Spikes
|turn|7
|
|t:|1776061989
|move|p2a: Whimsicott|Switcheroo|p1a: Morpeko
|-hint|Since gen 7, Dark is immune to Prankster moves.
|-immune|p1a: Morpeko
|move|p1a: Morpeko|Volt Switch|p2a: Whimsicott
|-resisted|p2a: Whimsicott
|-damage|p2a: Whimsicott|36/100
|
|t:|1776061996
|switch|p1a: Smeargle|Smeargle, F|100/100|[from] Volt Switch
|
|upkeep
|turn|8
|
|t:|1776062004
|move|p2a: Whimsicott|Switcheroo|p1a: Smeargle
|-activate|p2a: Whimsicott|move: Trick|[of] p1a: Smeargle
|-item|p1a: Smeargle|Choice Scarf|[from] move: Switcheroo
|-item|p2a: Whimsicott|Leftovers|[from] move: Switcheroo
|move|p1a: Smeargle|Substitute|p1a: Smeargle
|-start|p1a: Smeargle|Substitute
|-damage|p1a: Smeargle|76/100
|
|-heal|p2a: Whimsicott|42/100|[from] item: Leftovers
|upkeep
|turn|9
|
|t:|1776062019
|switch|p1a: Samurott|Samurott-Hisui, F|39/100
|switch|p2a: Dragapult|Dragapult, F|100/100
|-damage|p2a: Dragapult|88/100|[from] Spikes
|
|-heal|p2a: Dragapult|94/100|[from] item: Leftovers
|upkeep
|turn|10
|
|t:|1776062033
|move|p1a: Samurott|Ceaseless Edge|p2a: Dragapult
|-supereffective|p2a: Dragapult
|-damage|p2a: Dragapult|0 fnt
|-sidestart|p2: Beetterfly|Spikes
|faint|p2a: Dragapult
|
|upkeep
|
|t:|1776062039
|switch|p2a: Iron Treads|Iron Treads|100/100
|-damage|p2a: Iron Treads|84/100|[from] Spikes
|-enditem|p2a: Iron Treads|Booster Energy
|-activate|p2a: Iron Treads|ability: Quark Drive|[fromitem]
|-start|p2a: Iron Treads|quarkdrivespe
|turn|11
|
|t:|1776062049
|switch|p1a: Morpeko|Morpeko, F|100/100
|move|p2a: Iron Treads|Earthquake|p1a: Morpeko
|-supereffective|p1a: Morpeko
|-enditem|p1a: Morpeko|Focus Sash
|-damage|p1a: Morpeko|1/100
|
|-formechange|p1a: Morpeko|Morpeko-Hangry||[from] ability: Hunger Switch
|upkeep
|turn|12
|
|t:|1776062060
|move|p2a: Iron Treads|Rapid Spin|p1a: Morpeko
|-damage|p1a: Morpeko|0 fnt
|-boost|p2a: Iron Treads|spe|1
|-sideend|p2: Beetterfly|Spikes|[from] move: Rapid Spin|[of] p2a: Iron Treads
|faint|p1a: Morpeko
|
|upkeep
|
|t:|1776062068
|switch|p1a: Smeargle|Smeargle, F|76/100
|turn|13
|
|t:|1776062075
|move|p2a: Iron Treads|Iron Head|p1a: Smeargle
|-damage|p1a: Smeargle|0 fnt
|faint|p1a: Smeargle
|
|upkeep
|-message|mmadss forfeited.
|
|win|Beetterfly
|raw|mmadss's rating: 1076 &rarr; <strong>1054</strong><br />(-22 for losing)
|raw|Beetterfly's rating: 1067 &rarr; <strong>1098</strong><br />(+31 for winning)
|l|☆mmadss
|player|p1|
|l|☆Beetterfly
|player|p2|
