|html|<div class="broadcast-blue"><strong>[Gen 9] OU is currently suspecting Tera Blast! For information on how to participate check out the <a href="https://www.smogon.com/tools/suspects/view/200">suspect thread</a>.</strong></div>
|j|☆jimmy_bob_guy
|j|☆Snurke
|t:|1776257688
|gametype|singles
|player|p1|jimmy_bob_guy|linebacker|1548
|player|p2|Snurke|sisandbro|1528
|gen|9
|tier|[Gen 9] OU
|rated|
|rule|HP Percentage Mod: HP is shown in percentages
|rule|Endless Battle Clause: Forcing endless battles is banned
|rule|Species Clause: Limit one of each Pokémon
|rule|OHKO Clause: OHKO moves are banned
|rule|Evasion Items Clause: Evasion items are banned
|rule|Evasion Moves Clause: Evasion moves are banned
|rule|Evasion Abilities Clause: Evasion abilities are banned
|rule|Sleep Moves Clause: Sleep-inducing moves are banned
|clearpoke
|poke|p1|Dragonite, F|
|poke|p1|Kingambit, F|
|poke|p1|Iron Moth|
|poke|p1|Samurott-Hisui, M|
|poke|p1|Iron Valiant|
|poke|p1|Moltres-Galar|
|poke|p2|Mew|
|poke|p2|Great Tusk|
|poke|p2|Kingambit, F|
|poke|p2|Ceruledge, F|
|poke|p2|Ninetales-Alola, F|
|poke|p2|Gliscor, M|
|teampreview
|inactive|Battle timer is ON: inactive players will automatically lose when time's up. (requested by jimmy_bob_guy)
|
|t:|1776257701
|teamsize|p1|6
|teamsize|p2|6
|start
|switch|p1a: Samurott|Samurott-Hisui, M|100/100
|switch|p2a: Ninetales|Ninetales-Alola, F, shiny|100/100
|-weather|Snowscape|[from] ability: Snow Warning|[of] p2a: Ninetales
|turn|1
|
|t:|1776257707
|move|p2a: Ninetales|Aurora Veil|p2a: Ninetales
|-sidestart|p2: Snurke|move: Aurora Veil
|move|p1a: Samurott|Ceaseless Edge|p2a: Ninetales
|-resisted|p2a: Ninetales
|-damage|p2a: Ninetales|92/100
|-sidestart|p2: Snurke|Spikes
|
|-weather|Snowscape|[upkeep]
|upkeep
|turn|2
|
|t:|1776257713
|switch|p2a: Great Tusk|Great Tusk|100/100
|-damage|p2a: Great Tusk|88/100|[from] Spikes
|move|p1a: Samurott|Razor Shell|p2a: Great Tusk
|-supereffective|p2a: Great Tusk
|-damage|p2a: Great Tusk|51/100
|-unboost|p2a: Great Tusk|def|1
|-damage|p1a: Samurott|84/100|[from] item: Rocky Helmet|[of] p2a: Great Tusk
|
|-weather|Snowscape|[upkeep]
|upkeep
|turn|3
|
|t:|1776257717
|move|p2a: Great Tusk|Rapid Spin|p1a: Samurott
|-damage|p1a: Samurott|65/100
|-boost|p2a: Great Tusk|spe|1
|-sideend|p2: Snurke|Spikes|[from] move: Rapid Spin|[of] p2a: Great Tusk
|move|p1a: Samurott|Ceaseless Edge|p2a: Great Tusk
|-resisted|p2a: Great Tusk
|-damage|p2a: Great Tusk|40/100
|-damage|p1a: Samurott|49/100|[from] item: Rocky Helmet|[of] p2a: Great Tusk
|-sidestart|p2: Snurke|Spikes
|
|-weather|Snowscape|[upkeep]
|upkeep
|turn|4
|
|t:|1776257724
|move|p2a: Great Tusk|Rapid Spin|p1a: Samurott
|-damage|p1a: Samurott|29/100
|-boost|p2a: Great Tusk|spe|1
|-sideend|p2: Snurke|Spikes|[from] move: Rapid Spin|[of] p2a: Great Tusk
|move|p1a: Samurott|Razor Shell|p2a: Great Tusk
|-supereffective|p2a: Great Tusk
|-damage|p2a: Great Tusk|0 fnt
|-damage|p1a: Samurott|12/100|[from] item: Rocky Helmet|[of] p2a: Great Tusk
|faint|p2a: Great Tusk
|-end|p2a: Great Tusk|Protosynthesis|[silent]
|
|-weather|Snowscape|[upkeep]
|upkeep
|
|t:|1776257742
|switch|p2a: Ninetales|Ninetales-Alola, F, shiny|92/100
|turn|5
|
|t:|1776257746
|move|p2a: Ninetales|Moonblast|p1a: Samurott
|-supereffective|p1a: Samurott
|-damage|p1a: Samurott|0 fnt
|faint|p1a: Samurott
|
|-weather|none
|upkeep
|
|t:|1776257750
|switch|p1a: Iron Moth|Iron Moth|100/100
|-enditem|p1a: Iron Moth|Booster Energy
|-activate|p1a: Iron Moth|ability: Quark Drive|[fromitem]
|-start|p1a: Iron Moth|quarkdrivespe
|turn|6
|
|t:|1776257753
|switch|p2a: Ceruledge|Ceruledge, F, shiny|100/100
|move|p1a: Iron Moth|Fiery Dance|p2a: Ceruledge
|-start|p2a: Ceruledge|ability: Flash Fire
|
|upkeep
|turn|7
|
|t:|1776257763
|-end|p1a: Iron Moth|Quark Drive|[silent]
|switch|p1a: Dragonite|Dragonite, F|100/100
|move|p2a: Ceruledge|Bulk Up|p2a: Ceruledge
|-boost|p2a: Ceruledge|atk|1
|-boost|p2a: Ceruledge|def|1
|
|upkeep
|turn|8
|
|t:|1776257768
|move|p1a: Dragonite|Earthquake|p2a: Ceruledge
|-supereffective|p2a: Ceruledge
|-damage|p2a: Ceruledge|70/100
|move|p2a: Ceruledge|Taunt|p1a: Dragonite
|-start|p1a: Dragonite|move: Taunt
|
|-sideend|p2: Snurke|move: Aurora Veil
|upkeep
|turn|9
|
|t:|1776257772
|-terastallize|p2a: Ceruledge|Bug
|move|p1a: Dragonite|Earthquake|p2a: Ceruledge
|-resisted|p2a: Ceruledge
|-damage|p2a: Ceruledge|53/100
|move|p2a: Ceruledge|Bitter Blade|p1a: Dragonite
|-resisted|p1a: Dragonite
|-damage|p1a: Dragonite|69/100
|-heal|p2a: Ceruledge|68/100|[from] drain|[of] p1a: Dragonite
|
|upkeep
|turn|10
|
|t:|1776257781
|move|p1a: Dragonite|Outrage|p2a: Ceruledge
|-damage|p2a: Ceruledge|16/100
|move|p2a: Ceruledge|Bitter Blade|p1a: Dragonite
|-resisted|p1a: Dragonite
|-damage|p1a: Dragonite|9/100
|-heal|p2a: Ceruledge|44/100|[from] drain|[of] p1a: Dragonite
|
|upkeep
|turn|11
|c|☆jimmy_bob_guy|sppoky guy
|
|t:|1776257788
|move|p2a: Ceruledge|Shadow Sneak|p1a: Dragonite
|-damage|p1a: Dragonite|0 fnt
|faint|p1a: Dragonite
|
|upkeep
|
|t:|1776257791
|switch|p1a: Iron Valiant|Iron Valiant|100/100
|-enditem|p1a: Iron Valiant|Booster Energy
|-activate|p1a: Iron Valiant|ability: Quark Drive|[fromitem]
|-start|p1a: Iron Valiant|quarkdrivespe
|turn|12
|
|t:|1776257796
|move|p1a: Iron Valiant|Moonblast|p2a: Ceruledge
|-damage|p2a: Ceruledge|0 fnt
|faint|p2a: Ceruledge
|
|upkeep
|
|t:|1776257802
|switch|p2a: Ninetales|Ninetales-Alola, F, shiny|92/100
|-weather|Snowscape|[from] ability: Snow Warning|[of] p2a: Ninetales
|turn|13
|
|t:|1776257810
|move|p1a: Iron Valiant|Moonblast|p2a: Ninetales
|-damage|p2a: Ninetales|48/100
|move|p2a: Ninetales|Aurora Veil|p2a: Ninetales
|-sidestart|p2: Snurke|move: Aurora Veil
|
|-weather|Snowscape|[upkeep]
|upkeep
|turn|14
|
|t:|1776257815
|switch|p2a: Gliscor|Gliscor, M, shiny|100/100
|move|p1a: Iron Valiant|Moonblast|p2a: Gliscor
|-damage|p2a: Gliscor|72/100
|
|-weather|Snowscape|[upkeep]
|-status|p2a: Gliscor|tox|[from] item: Toxic Orb
|upkeep
|turn|15
|
|t:|1776257819
|move|p1a: Iron Valiant|Moonblast|p2a: Gliscor
|-damage|p2a: Gliscor|44/100 tox
|-unboost|p2a: Gliscor|spa|1
|move|p2a: Gliscor|Agility|p2a: Gliscor
|-boost|p2a: Gliscor|spe|2
|
|-weather|Snowscape|[upkeep]
|-heal|p2a: Gliscor|57/100 tox|[from] ability: Poison Heal
|upkeep
|turn|16
|
|t:|1776257825
|move|p2a: Gliscor|Facade|p1a: Iron Valiant
|-damage|p1a: Iron Valiant|57/100
|move|p1a: Iron Valiant|Moonblast|p2a: Gliscor
|-crit|p2a: Gliscor
|-damage|p2a: Gliscor|0 fnt
|faint|p2a: Gliscor
|
|-weather|Snowscape|[upkeep]
|upkeep
|
|t:|1776257833
|switch|p2a: Ninetales|Ninetales-Alola, F, shiny|48/100
|turn|17
|
|t:|1776257842
|move|p1a: Iron Valiant|Moonblast|p2a: Ninetales
|-damage|p2a: Ninetales|26/100
|move|p2a: Ninetales|Moonblast|p1a: Iron Valiant
|-supereffective|p1a: Iron Valiant
|-damage|p1a: Iron Valiant|0 fnt
|faint|p1a: Iron Valiant
|-end|p1a: Iron Valiant|Quark Drive|[silent]
|
|-weather|none
|upkeep
|
|t:|1776257847
|switch|p1a: Iron Moth|Iron Moth|100/100
|turn|18
|
|t:|1776257855
|move|p1a: Iron Moth|Fiery Dance|p2a: Ninetales
|-supereffective|p2a: Ninetales
|-damage|p2a: Ninetales|0 fnt
|-boost|p1a: Iron Moth|spa|1
|faint|p2a: Ninetales
|
|upkeep
|
|t:|1776257858
|switch|p2a: Mew|Mew, shiny|100/100
|turn|19
|
|t:|1776257864
|move|p1a: Iron Moth|Fiery Dance|p2a: Mew
|-damage|p2a: Mew|75/100
|-boost|p1a: Iron Moth|spa|1
|move|p2a: Mew|Imprison|p2a: Mew
|-start|p2a: Mew|move: Imprison
|
|-heal|p2a: Mew|81/100|[from] item: Leftovers
|upkeep
|turn|20
|
|t:|1776257882
|move|p1a: Iron Moth|Fiery Dance|p2a: Mew
|-damage|p2a: Mew|46/100
|-boost|p1a: Iron Moth|spa|1
|move|p2a: Mew|Transform|p1a: Iron Moth
|-transform|p2a: Mew|p1a: Iron Moth
|
|-heal|p2a: Mew|52/100|[from] item: Leftovers
|-sideend|p2: Snurke|move: Aurora Veil
|upkeep
|turn|21
|c|☆jimmy_bob_guy|im in danger
|inactive|Snurke has 120 seconds left.
|
|t:|1776257937
|move|p2a: Mew|Psychic|p1a: Iron Moth
|-supereffective|p1a: Iron Moth
|-damage|p1a: Iron Moth|0 fnt
|faint|p1a: Iron Moth
|-end|p1a: Iron Moth|Quark Drive|[silent]
|
|-heal|p2a: Mew|58/100|[from] item: Leftovers
|upkeep
|
|t:|1776257943
|switch|p1a: Sweeper|Moltres-Galar, shiny|100/100
|turn|22
|
|t:|1776257959
|move|p2a: Mew|Dazzling Gleam|p1a: Sweeper
|-supereffective|p1a: Sweeper
|-damage|p1a: Sweeper|0 fnt
|faint|p1a: Sweeper
|
|-heal|p2a: Mew|65/100|[from] item: Leftovers
|upkeep
|
|t:|1776257962
|switch|p1a: Kingambit|Kingambit, F|100/100
|-activate|p1a: Kingambit|ability: Supreme Overlord
|-start|p1a: Kingambit|fallen5|[silent]
|-item|p1a: Kingambit|Air Balloon
|turn|23
|inactive|Snurke has 120 seconds left.
|
|t:|1776257979
|-end|p2a: Mew|Quark Drive|[silent]
|switch|p2a: Kingambit|Kingambit, F, shiny|100/100
|-activate|p2a: Kingambit|ability: Supreme Overlord
|-start|p2a: Kingambit|fallen4|[silent]
|-terastallize|p1a: Kingambit|Ghost
|move|p1a: Kingambit|Swords Dance|p1a: Kingambit
|-boost|p1a: Kingambit|atk|2
|
|upkeep
|turn|24
|c|☆Snurke|no shot
|c|☆Snurke|you didnt sucker
|
|t:|1776257990
|move|p2a: Kingambit|Sucker Punch|p1a: Kingambit
|-supereffective|p1a: Kingambit
|-crit|p1a: Kingambit
|-damage|p1a: Kingambit|0 fnt
|-enditem|p1a: Kingambit|Air Balloon
|faint|p1a: Kingambit
|-end|p1a: Kingambit|fallen5|[silent]
|
|win|Snurke
|raw|jimmy_bob_guy's rating: 1548 &rarr; <strong>1527</strong><br />(-21 for losing)
|raw|Snurke's rating: 1528 &rarr; <strong>1549</strong><br />(+21 for winning)
