|html|<div class="broadcast-blue"><strong>[Gen 9] OU is currently suspecting Tera Blast! For information on how to participate check out the <a href="https://www.smogon.com/tools/suspects/view/200">suspect thread</a>.</strong></div>
|j|☆kefflonie
|j|☆rabs1228
|t:|1776111437
|gametype|singles
|player|p1|kefflonie|policeman|1148
|player|p2|rabs1228|hilbert|1133
|gen|9
|tier|[Gen 9] OU
|rated|
|rule|HP Percentage Mod: HP is shown in percentages
|rule|Endless Battle Clause: Forcing endless battles is banned
|rule|Species Clause: Limit one of each Pokémon
|rule|OHKO Clause: OHKO moves are banned
|rule|Evasion Items Clause: Evasion items are banned
|rule|Evasion Moves Clause: Evasion moves are banned
|rule|Evasion Abilities Clause: Evasion abilities are banned
|rule|Sleep Moves Clause: Sleep-inducing moves are banned
|clearpoke
|poke|p1|Toucannon, F|
|poke|p1|Scovillain, M|
|poke|p1|Ninetales, F|
|poke|p1|Gliscor, M|
|poke|p1|Brambleghast, M|
|poke|p1|Dewgong, F|
|poke|p2|Greninja-*, M|
|poke|p2|Dragapult, F|
|poke|p2|Malamar, F|
|poke|p2|Ninetales, F|
|poke|p2|Whimsicott, F|
|poke|p2|Carbink|
|teampreview
|inactive|Battle timer is ON: inactive players will automatically lose when time's up. (requested by rabs1228)
|j| ohko_smeargle
|
|t:|1776111440
|teamsize|p1|6
|teamsize|p2|6
|start
|switch|p1a: Toucannon|Toucannon, F|100/100
|switch|p2a: Pokemon Shield|Carbink|100/100
|turn|1
|
|t:|1776111447
|move|p2a: Pokemon Shield|Iron Defense|p2a: Pokemon Shield
|-boost|p2a: Pokemon Shield|def|2
|move|p1a: Toucannon|Bullet Seed|p2a: Pokemon Shield
|-supereffective|p2a: Pokemon Shield
|-damage|p2a: Pokemon Shield|92/100
|-supereffective|p2a: Pokemon Shield
|-damage|p2a: Pokemon Shield|83/100
|-supereffective|p2a: Pokemon Shield
|-damage|p2a: Pokemon Shield|75/100
|-supereffective|p2a: Pokemon Shield
|-damage|p2a: Pokemon Shield|66/100
|-supereffective|p2a: Pokemon Shield
|-damage|p2a: Pokemon Shield|58/100
|-hitcount|p2a: Pokemon Shield|5
|-damage|p1a: Toucannon|91/100|[from] item: Life Orb
|
|upkeep
|turn|2
|
|t:|1776111462
|switch|p1a: Ninetales|Ninetales, F|100/100
|-weather|SunnyDay|[from] ability: Drought|[of] p1a: Ninetales
|move|p2a: Pokemon Shield|Iron Defense|p2a: Pokemon Shield
|-boost|p2a: Pokemon Shield|def|2
|
|-weather|SunnyDay|[upkeep]
|upkeep
|turn|3
|
|t:|1776111472
|move|p1a: Ninetales|Solar Beam||[still]
|-prepare|p1a: Ninetales|Solar Beam
|-anim|p1a: Ninetales|Solar Beam|p2a: Pokemon Shield
|-supereffective|p2a: Pokemon Shield
|-damage|p2a: Pokemon Shield|2/100
|move|p2a: Pokemon Shield|Rock Polish|p2a: Pokemon Shield
|-boost|p2a: Pokemon Shield|spe|2
|
|-weather|SunnyDay|[upkeep]
|upkeep
|turn|4
|
|t:|1776111482
|move|p2a: Pokemon Shield|Rest|p2a: Pokemon Shield
|-status|p2a: Pokemon Shield|slp|[from] move: Rest
|-heal|p2a: Pokemon Shield|100/100 slp|[silent]
|-enditem|p2a: Pokemon Shield|Chesto Berry|[eat]
|-curestatus|p2a: Pokemon Shield|slp|[msg]
|move|p1a: Ninetales|Solar Beam||[still]
|-prepare|p1a: Ninetales|Solar Beam
|-anim|p1a: Ninetales|Solar Beam|p2a: Pokemon Shield
|-supereffective|p2a: Pokemon Shield
|-damage|p2a: Pokemon Shield|43/100
|
|-weather|SunnyDay|[upkeep]
|upkeep
|turn|5
|
|t:|1776111494
|move|p2a: Pokemon Shield|Body Press|p1a: Ninetales
|-damage|p1a: Ninetales|0 fnt
|faint|p1a: Ninetales
|
|-weather|SunnyDay|[upkeep]
|upkeep
|
|t:|1776111501
|switch|p1a: Scovillain|Scovillain, M|100/100
|turn|6
|
|t:|1776111508
|move|p1a: Scovillain|Giga Drain|p2a: Pokemon Shield
|-supereffective|p2a: Pokemon Shield
|-damage|p2a: Pokemon Shield|0 fnt
|faint|p2a: Pokemon Shield
|
|-weather|SunnyDay|[upkeep]
|upkeep
|
|t:|1776111516
|switch|p2a: Ninetales|Ninetales, F|100/100
|turn|7
|
|t:|1776111522
|move|p1a: Scovillain|Growth|p1a: Scovillain
|-boost|p1a: Scovillain|atk|2
|-boost|p1a: Scovillain|spa|2
|move|p2a: Ninetales|Fire Blast|p1a: Scovillain
|-enditem|p1a: Scovillain|Focus Sash
|-damage|p1a: Scovillain|1/100
|
|-weather|SunnyDay|[upkeep]
|upkeep
|turn|8
|
|t:|1776111535
|move|p1a: Scovillain|Fire Blast|p2a: Ninetales
|-resisted|p2a: Ninetales
|-crit|p2a: Ninetales
|-damage|p2a: Ninetales|0 fnt
|faint|p2a: Ninetales
|
|-weather|SunnyDay|[upkeep]
|upkeep
|
|t:|1776111543
|switch|p2a: Greninja|Greninja, M|100/100
|turn|9
|
|t:|1776111547
|move|p1a: Scovillain|Giga Drain|p2a: Greninja
|-supereffective|p2a: Greninja
|-damage|p2a: Greninja|0 fnt
|-heal|p1a: Scovillain|57/100|[from] drain|[of] p2a: Greninja
|faint|p2a: Greninja
|
|-weather|none
|upkeep
|
|t:|1776111554
|switch|p2a: Random bullshit go|Whimsicott, F|100/100
|turn|10
|
|t:|1776111559
|move|p2a: Random bullshit go|Moonblast|p1a: Scovillain
|-resisted|p1a: Scovillain
|-damage|p1a: Scovillain|26/100
|-unboost|p1a: Scovillain|spa|1
|move|p1a: Scovillain|Fire Blast|p2a: Random bullshit go
|-supereffective|p2a: Random bullshit go
|-damage|p2a: Random bullshit go|0 fnt
|faint|p2a: Random bullshit go
|
|upkeep
|
|t:|1776111567
|switch|p2a: Malamar|Malamar, F|100/100
|turn|11
|
|t:|1776111572
|move|p1a: Scovillain|Fire Blast|p2a: Malamar|[miss]
|-miss|p1a: Scovillain|p2a: Malamar
|move|p2a: Malamar|Knock Off|p1a: Scovillain
|-damage|p1a: Scovillain|0 fnt
|faint|p1a: Scovillain
|
|upkeep
|
|t:|1776111583
|switch|p1a: Toucannon|Toucannon, F|91/100
|turn|12
|
|t:|1776111590
|-singleturn|p1a: Toucannon|move: Beak Blast
|move|p2a: Malamar|Knock Off|p1a: Toucannon
|-damage|p1a: Toucannon|43/100
|-status|p2a: Malamar|brn
|-enditem|p1a: Toucannon|Life Orb|[from] move: Knock Off|[of] p2a: Malamar
|move|p1a: Toucannon|Beak Blast|p2a: Malamar
|-damage|p2a: Malamar|40/100 brn
|
|-damage|p2a: Malamar|34/100 brn|[from] brn
|upkeep
|turn|13
|
|t:|1776111606
|move|p2a: Malamar|Rest|p2a: Malamar
|-status|p2a: Malamar|slp|[from] move: Rest
|-heal|p2a: Malamar|100/100 slp|[silent]
|-enditem|p2a: Malamar|Chesto Berry|[eat]
|-curestatus|p2a: Malamar|slp|[msg]
|move|p1a: Toucannon|Rock Blast|p2a: Malamar
|-crit|p2a: Malamar
|-damage|p2a: Malamar|85/100
|-damage|p2a: Malamar|74/100
|-damage|p2a: Malamar|64/100
|-damage|p2a: Malamar|53/100
|-damage|p2a: Malamar|41/100
|-hitcount|p2a: Malamar|5
|
|upkeep
|turn|14
|
|t:|1776111621
|-singleturn|p1a: Toucannon|move: Beak Blast
|move|p2a: Malamar|Superpower|p1a: Toucannon
|-damage|p1a: Toucannon|5/100
|-status|p2a: Malamar|brn
|-boost|p2a: Malamar|atk|1
|-boost|p2a: Malamar|def|1
|move|p1a: Toucannon|Beak Blast|p2a: Malamar
|-damage|p2a: Malamar|4/100 brn
|
|-damage|p2a: Malamar|0 fnt|[from] brn
|faint|p2a: Malamar
|upkeep
|
|t:|1776111633
|switch|p2a: Taylor Swift|Dragapult, F|100/100
|turn|15
|
|t:|1776111639
|-singleturn|p1a: Toucannon|move: Beak Blast
|move|p2a: Taylor Swift|Dragon Claw|p1a: Toucannon
|-damage|p1a: Toucannon|0 fnt
|-status|p2a: Taylor Swift|brn
|faint|p1a: Toucannon
|
|-damage|p2a: Taylor Swift|95/100 brn|[from] brn
|upkeep
|
|t:|1776111649
|switch|p1a: Dewgong|Dewgong, F|100/100
|turn|16
|
|t:|1776111654
|move|p2a: Taylor Swift|Phantom Force||[still]
|-prepare|p2a: Taylor Swift|Phantom Force
|move|p1a: Dewgong|Perish Song|p1a: Dewgong
|-start|p1a: Dewgong|perish3|[silent]
|-miss|p1a: Dewgong|p2a: Taylor Swift
|-fieldactivate|move: Perish Song
|
|-heal|p2a: Taylor Swift|100/100 brn|[from] item: Leftovers
|-damage|p2a: Taylor Swift|95/100 brn|[from] brn
|-start|p1a: Dewgong|perish3
|upkeep
|turn|17
|
|t:|1776111665
|move|p2a: Taylor Swift|Phantom Force|p1a: Dewgong|[from] lockedmove
|-damage|p1a: Dewgong|76/100
|-damage|p2a: Taylor Swift|78/100 brn|[from] item: Rocky Helmet|[of] p1a: Dewgong
|move|p1a: Dewgong|Perish Song|p1a: Dewgong
|-start|p2a: Taylor Swift|perish3|[silent]
|-fieldactivate|move: Perish Song
|
|-heal|p2a: Taylor Swift|84/100 brn|[from] item: Leftovers
|-damage|p2a: Taylor Swift|78/100 brn|[from] brn
|-start|p2a: Taylor Swift|perish3
|-start|p1a: Dewgong|perish2
|upkeep
|turn|18
|
|t:|1776111680
|move|p2a: Taylor Swift|Dragon Claw|p1a: Dewgong
|-damage|p1a: Dewgong|56/100
|-damage|p2a: Taylor Swift|62/100 brn|[from] item: Rocky Helmet|[of] p1a: Dewgong
|move|p1a: Dewgong|Flip Turn|p2a: Taylor Swift
|-resisted|p2a: Taylor Swift
|-damage|p2a: Taylor Swift|45/100 brn
|-start|p1a: Dewgong|Disable|Flip Turn|[from] ability: Cursed Body|[of] p2a: Taylor Swift
|
|t:|1776111690
|switch|p1a: Brambleghast|Brambleghast, M|100/100|[from] Flip Turn
|
|-heal|p2a: Taylor Swift|51/100 brn|[from] item: Leftovers
|-damage|p2a: Taylor Swift|45/100 brn|[from] brn
|-start|p2a: Taylor Swift|perish2
|upkeep
|turn|19
|
|t:|1776111701
|move|p2a: Taylor Swift|Phantom Force||[still]
|-prepare|p2a: Taylor Swift|Phantom Force
|move|p1a: Brambleghast|Strength Sap|p2a: Taylor Swift|[miss]
|-miss|p1a: Brambleghast|p2a: Taylor Swift
|
|-heal|p2a: Taylor Swift|51/100 brn|[from] item: Leftovers
|-damage|p2a: Taylor Swift|45/100 brn|[from] brn
|-start|p2a: Taylor Swift|perish1
|upkeep
|turn|20
|
|t:|1776111712
|switch|p1a: Dewgong|Dewgong, F|56/100
|move|p2a: Taylor Swift|Phantom Force|p1a: Dewgong|[from] lockedmove
|-damage|p1a: Dewgong|31/100
|-damage|p2a: Taylor Swift|29/100 brn|[from] item: Rocky Helmet|[of] p1a: Dewgong
|
|-heal|p2a: Taylor Swift|35/100 brn|[from] item: Leftovers
|-damage|p2a: Taylor Swift|29/100 brn|[from] brn
|-start|p2a: Taylor Swift|perish0
|upkeep
|faint|p2a: Taylor Swift
|
|win|kefflonie
|raw|kefflonie's rating: 1148 &rarr; <strong>1172</strong><br />(+24 for winning)
|raw|rabs1228's rating: 1133 &rarr; <strong>1109</strong><br />(-24 for losing)
|l| ohko_smeargle
|l|☆rabs1228
|player|p2|
|l|☆kefflonie
|player|p1|
