|html|<div class="broadcast-blue"><strong>[Gen 9] OU is currently suspecting Tera Blast! For information on how to participate check out the <a href="https://www.smogon.com/tools/suspects/view/200">suspect thread</a>.</strong></div>
|j|☆zkhar
|j|☆bartaler
|t:|1776069547
|gametype|singles
|player|p1|zkhar|morty|1116
|player|p2|bartaler|backpacker|1124
|gen|9
|tier|[Gen 9] OU
|rated|
|rule|HP Percentage Mod: HP is shown in percentages
|rule|Endless Battle Clause: Forcing endless battles is banned
|rule|Species Clause: Limit one of each Pokémon
|rule|OHKO Clause: OHKO moves are banned
|rule|Evasion Items Clause: Evasion items are banned
|rule|Evasion Moves Clause: Evasion moves are banned
|rule|Evasion Abilities Clause: Evasion abilities are banned
|rule|Sleep Moves Clause: Sleep-inducing moves are banned
|clearpoke
|poke|p1|Golem-Alola, F|
|poke|p1|Electrode-Hisui|
|poke|p1|Sylveon, F|
|poke|p1|Dragapult, F|
|poke|p1|Torkoal, M|
|poke|p1|Talonflame, F|
|poke|p2|Iron Valiant|
|poke|p2|Darkrai|
|poke|p2|Azumarill, M|
|poke|p2|Cinderace, F|
|poke|p2|Dragonite, M|
|poke|p2|Glimmora, M|
|teampreview
|inactive|Battle timer is ON: inactive players will automatically lose when time's up. (requested by bartaler)
|inactive|zkhar has 120 seconds left.
|
|t:|1776069614
|teamsize|p1|6
|teamsize|p2|6
|start
|switch|p1a: Torkoal|Torkoal, M|100/100
|switch|p2a: My boi|Glimmora, M, shiny|100/100
|-weather|SunnyDay|[from] ability: Drought|[of] p1a: Torkoal
|turn|1
|
|t:|1776069623
|move|p2a: My boi|Meteor Beam||[still]
|-prepare|p2a: My boi|Meteor Beam
|-boost|p2a: My boi|spa|1
|-enditem|p2a: My boi|Power Herb
|-anim|p2a: My boi|Meteor Beam|p1a: Torkoal
|-supereffective|p1a: Torkoal
|-damage|p1a: Torkoal|0 fnt
|faint|p1a: Torkoal
|
|-weather|SunnyDay|[upkeep]
|upkeep
|
|t:|1776069632
|switch|p1a: Golem|Golem-Alola, F|100/100
|turn|2
|
|t:|1776069635
|move|p2a: My boi|Sludge Wave|p1a: Golem
|-resisted|p1a: Golem
|-damage|p1a: Golem|45/100
|move|p1a: Golem|Earthquake|p2a: My boi
|-supereffective|p2a: My boi
|-damage|p2a: My boi|0 fnt
|-activate|p2a: My boi|ability: Toxic Debris
|-sidestart|p1: zkhar|move: Toxic Spikes
|faint|p2a: My boi
|
|-weather|SunnyDay|[upkeep]
|upkeep
|
|t:|1776069645
|switch|p2a: 命運紐帶|Iron Valiant, shiny|100/100
|-enditem|p2a: 命運紐帶|Booster Energy
|-activate|p2a: 命運紐帶|ability: Quark Drive|[fromitem]
|-start|p2a: 命運紐帶|quarkdrivespe
|turn|3
|
|t:|1776069651
|move|p2a: 命運紐帶|Drain Punch|p1a: Golem
|-supereffective|p1a: Golem
|-damage|p1a: Golem|0 fnt
|faint|p1a: Golem
|
|-weather|SunnyDay|[upkeep]
|upkeep
|
|t:|1776069658
|switch|p1a: Talonflame|Talonflame, F|100/100
|turn|4
|
|t:|1776069664
|move|p1a: Talonflame|Brave Bird|p2a: 命運紐帶
|-supereffective|p2a: 命運紐帶
|-damage|p2a: 命運紐帶|0 fnt
|faint|p2a: 命運紐帶
|-end|p2a: 命運紐帶|Quark Drive|[silent]
|-damage|p1a: Talonflame|65/100|[from] Recoil
|
|-weather|SunnyDay|[upkeep]
|upkeep
|
|t:|1776069671
|switch|p2a: Easter bunny|Azumarill, M, shiny|100/100
|turn|5
|
|t:|1776069677
|move|p1a: Talonflame|Defog|p2a: Easter bunny
|-unboost|p2a: Easter bunny|evasion|1
|-sideend|p1: zkhar|Toxic Spikes|[from] move: Defog|[of] p1a: Talonflame
|move|p2a: Easter bunny|Belly Drum|p2a: Easter bunny
|-damage|p2a: Easter bunny|51/100
|-setboost|p2a: Easter bunny|atk|6|[from] move: Belly Drum
|
|-weather|none
|upkeep
|turn|6
|
|t:|1776069690
|switch|p1a: Dragapult|Dragapult, F|100/100
|move|p2a: Easter bunny|Liquidation|p1a: Dragapult
|-resisted|p1a: Dragapult
|-damage|p1a: Dragapult|0 fnt
|faint|p1a: Dragapult
|
|upkeep
|
|t:|1776069698
|switch|p1a: Electrode|Electrode-Hisui|100/100
|turn|7
|
|t:|1776069708
|switch|p2a: ☭|Cinderace, F, shiny|100/100
|move|p1a: Electrode|Volt Switch|p2a: ☭
|-damage|p2a: ☭|55/100
|-damage|p1a: Electrode|91/100|[from] item: Life Orb
|
|t:|1776069716
|switch|p1a: Talonflame|Talonflame, F|65/100|[from] Volt Switch
|
|upkeep
|turn|8
|
|t:|1776069721
|move|p2a: ☭|Sucker Punch|p1a: Talonflame
|-start|p2a: ☭|typechange|Dark|[from] ability: Libero
|-damage|p1a: Talonflame|19/100
|move|p1a: Talonflame|Brave Bird|p2a: ☭
|-damage|p2a: ☭|0 fnt
|faint|p2a: ☭
|-damage|p1a: Talonflame|0 fnt|[from] Recoil
|faint|p1a: Talonflame
|
|upkeep
|
|t:|1776069730
|switch|p1a: Sylveon|Sylveon, F|100/100
|switch|p2a: Tabaluga|Dragonite, M, shiny|100/100
|turn|9
|
|t:|1776069737
|-terastallize|p2a: Tabaluga|Steel
|move|p2a: Tabaluga|Dragon Dance|p2a: Tabaluga
|-boost|p2a: Tabaluga|atk|1
|-boost|p2a: Tabaluga|spe|1
|move|p1a: Sylveon|Calm Mind|p1a: Sylveon
|-boost|p1a: Sylveon|spa|1
|-boost|p1a: Sylveon|spd|1
|
|upkeep
|turn|10
|
|t:|1776069747
|move|p2a: Tabaluga|Extreme Speed|p1a: Sylveon
|-damage|p1a: Sylveon|49/100
|move|p1a: Sylveon|Wish|p1a: Sylveon
|
|-heal|p1a: Sylveon|55/100|[from] item: Leftovers
|upkeep
|turn|11
|
|t:|1776069753
|move|p2a: Tabaluga|Extreme Speed|p1a: Sylveon
|-damage|p1a: Sylveon|0 fnt
|faint|p1a: Sylveon
|
|upkeep
|
|t:|1776069758
|switch|p1a: Electrode|Electrode-Hisui|91/100
|turn|12
|
|t:|1776069767
|move|p1a: Electrode|Volt Switch|p2a: Tabaluga
|-damage|p2a: Tabaluga|85/100
|-damage|p1a: Electrode|81/100|[from] item: Life Orb
|move|p2a: Tabaluga|Dragon Claw|p1a: Electrode
|-damage|p1a: Electrode|0 fnt
|-damage|p2a: Tabaluga|60/100|[from] ability: Aftermath|[of] p1a: Electrode
|faint|p1a: Electrode
|
|win|bartaler
|raw|zkhar's rating: 1116 &rarr; <strong>1092</strong><br />(-24 for losing)
|raw|bartaler's rating: 1124 &rarr; <strong>1148</strong><br />(+24 for winning)
|l|☆zkhar
|player|p1|
|l|☆bartaler
|player|p2|
