|html|<div class="broadcast-blue"><strong>[Gen 9] OU is currently suspecting Tera Blast! For information on how to participate check out the <a href="https://www.smogon.com/tools/suspects/view/200">suspect thread</a>.</strong></div>
|j|☆ericksennnnn
|j|☆Orosu1922
|t:|1776228631
|gametype|singles
|player|p1|ericksennnnn|ghetsis|1183
|player|p2|Orosu1922|iris-gen5bw2|1159
|gen|9
|tier|[Gen 9] OU
|rated|
|rule|HP Percentage Mod: HP is shown in percentages
|rule|Endless Battle Clause: Forcing endless battles is banned
|rule|Species Clause: Limit one of each Pokémon
|rule|OHKO Clause: OHKO moves are banned
|rule|Evasion Items Clause: Evasion items are banned
|rule|Evasion Moves Clause: Evasion moves are banned
|rule|Evasion Abilities Clause: Evasion abilities are banned
|rule|Sleep Moves Clause: Sleep-inducing moves are banned
|clearpoke
|poke|p1|Garchomp, F|
|poke|p1|Gholdengo|
|poke|p1|Great Tusk|
|poke|p1|Iron Valiant|
|poke|p1|Heatran, M|
|poke|p1|Toxapex, M|
|poke|p2|Tyranitar, M|
|poke|p2|Excadrill, M|
|poke|p2|Zamazenta-*|
|poke|p2|Ogerpon-Wellspring, F|
|poke|p2|Moltres|
|poke|p2|Primarina, F|
|teampreview
|
|t:|1776228644
|teamsize|p1|6
|teamsize|p2|6
|start
|switch|p1a: Great Tusk|Great Tusk|100/100
|switch|p2a: Tyranitar|Tyranitar, M|100/100
|-weather|Sandstorm|[from] ability: Sand Stream|[of] p2a: Tyranitar
|turn|1
|
|t:|1776228653
|move|p1a: Great Tusk|Close Combat|p2a: Tyranitar
|-supereffective|p2a: Tyranitar
|-damage|p2a: Tyranitar|0 fnt
|-unboost|p1a: Great Tusk|def|1
|-unboost|p1a: Great Tusk|spd|1
|faint|p2a: Tyranitar
|
|-weather|Sandstorm|[upkeep]
|upkeep
|
|t:|1776228659
|switch|p2a: Zamazenta|Zamazenta|100/100
|-ability|p2a: Zamazenta|Dauntless Shield|boost
|-boost|p2a: Zamazenta|def|1
|turn|2
|
|t:|1776228668
|move|p2a: Zamazenta|Iron Defense|p2a: Zamazenta
|-boost|p2a: Zamazenta|def|2
|move|p1a: Great Tusk|Close Combat|p2a: Zamazenta
|-damage|p2a: Zamazenta|85/100
|-unboost|p1a: Great Tusk|def|1
|-unboost|p1a: Great Tusk|spd|1
|
|-weather|Sandstorm|[upkeep]
|-damage|p2a: Zamazenta|79/100|[from] Sandstorm
|-heal|p2a: Zamazenta|85/100|[from] item: Leftovers
|upkeep
|turn|3
|
|t:|1776228690
|-end|p1a: Great Tusk|Protosynthesis|[silent]
|switch|p1a: Gholdengo|Gholdengo|100/100
|move|p2a: Zamazenta|Iron Defense|p2a: Zamazenta
|-boost|p2a: Zamazenta|def|2
|
|-weather|Sandstorm|[upkeep]
|-damage|p2a: Zamazenta|79/100|[from] Sandstorm
|-heal|p2a: Zamazenta|85/100|[from] item: Leftovers
|upkeep
|turn|4
|
|t:|1776228697
|move|p2a: Zamazenta|Crunch|p1a: Gholdengo
|-supereffective|p1a: Gholdengo
|-damage|p1a: Gholdengo|47/100
|move|p1a: Gholdengo|Nasty Plot|p1a: Gholdengo
|-boost|p1a: Gholdengo|spa|2
|
|-weather|Sandstorm|[upkeep]
|-damage|p2a: Zamazenta|79/100|[from] Sandstorm
|-heal|p2a: Zamazenta|85/100|[from] item: Leftovers
|-heal|p1a: Gholdengo|53/100|[from] item: Leftovers
|upkeep
|turn|5
|
|t:|1776228702
|move|p2a: Zamazenta|Crunch|p1a: Gholdengo
|-supereffective|p1a: Gholdengo
|-damage|p1a: Gholdengo|0 fnt
|faint|p1a: Gholdengo
|
|-weather|Sandstorm|[upkeep]
|-damage|p2a: Zamazenta|79/100|[from] Sandstorm
|-heal|p2a: Zamazenta|85/100|[from] item: Leftovers
|upkeep
|
|t:|1776228710
|switch|p1a: Toxapex|Toxapex, M|100/100
|turn|6
|
|t:|1776228714
|switch|p2a: Excadrill|Excadrill, M|100/100
|-item|p2a: Excadrill|Air Balloon
|move|p1a: Toxapex|Toxic|p2a: Excadrill
|-immune|p2a: Excadrill
|
|-weather|Sandstorm|[upkeep]
|-damage|p1a: Toxapex|94/100|[from] Sandstorm
|-heal|p1a: Toxapex|100/100|[from] item: Black Sludge
|upkeep
|turn|7
|
|t:|1776228732
|switch|p1a: Garchomp|Garchomp, F|100/100
|move|p2a: Excadrill|Rapid Spin|p1a: Garchomp
|-damage|p1a: Garchomp|90/100
|-boost|p2a: Excadrill|spe|1
|-damage|p2a: Excadrill|88/100|[from] ability: Rough Skin|[of] p1a: Garchomp
|-damage|p2a: Excadrill|71/100|[from] item: Rocky Helmet|[of] p1a: Garchomp
|
|-weather|Sandstorm|[upkeep]
|upkeep
|turn|8
|
|t:|1776228742
|-terastallize|p2a: Excadrill|Ice
|move|p2a: Excadrill|Tera Blast|p1a: Garchomp|[anim] Tera Blast Ice
|-supereffective|p1a: Garchomp
|-damage|p1a: Garchomp|0 fnt
|faint|p1a: Garchomp
|
|-weather|none
|upkeep
|
|t:|1776228759
|switch|p1a: Iron Valiant|Iron Valiant|100/100
|-enditem|p1a: Iron Valiant|Booster Energy
|-activate|p1a: Iron Valiant|ability: Quark Drive|[fromitem]
|-start|p1a: Iron Valiant|quarkdrivespe
|turn|9
|
|t:|1776228770
|switch|p2a: Moltres|Moltres|100/100
|move|p1a: Iron Valiant|Close Combat|p2a: Moltres
|-resisted|p2a: Moltres
|-damage|p2a: Moltres|80/100
|-unboost|p1a: Iron Valiant|def|1
|-unboost|p1a: Iron Valiant|spd|1
|
|upkeep
|turn|10
|
|t:|1776228782
|-terastallize|p1a: Iron Valiant|Fairy
|move|p1a: Iron Valiant|Thunderbolt|p2a: Moltres
|-supereffective|p2a: Moltres
|-damage|p2a: Moltres|28/100
|move|p2a: Moltres|Will-O-Wisp|p1a: Iron Valiant
|-status|p1a: Iron Valiant|brn
|
|-damage|p1a: Iron Valiant|94/100 brn|[from] brn
|upkeep
|turn|11
|
|t:|1776228794
|switch|p2a: Excadrill|Excadrill, M, tera:Ice|71/100
|-item|p2a: Excadrill|Air Balloon
|move|p1a: Iron Valiant|Thunderbolt|p2a: Excadrill
|-damage|p2a: Excadrill|38/100
|-enditem|p2a: Excadrill|Air Balloon
|
|-damage|p1a: Iron Valiant|88/100 brn|[from] brn
|upkeep
|turn|12
|inactive|Battle timer is ON: inactive players will automatically lose when time's up. (requested by ericksennnnn)
|
|t:|1776228827
|switch|p2a: Primarina|Primarina, F|100/100
|move|p1a: Iron Valiant|Close Combat|p2a: Primarina
|-resisted|p2a: Primarina
|-damage|p2a: Primarina|88/100
|-unboost|p1a: Iron Valiant|def|1
|-unboost|p1a: Iron Valiant|spd|1
|
|-damage|p1a: Iron Valiant|82/100 brn|[from] brn
|upkeep
|turn|13
|
|t:|1776228837
|switch|p2a: Excadrill|Excadrill, M, tera:Ice|38/100
|move|p1a: Iron Valiant|Thunderbolt|p2a: Excadrill
|-damage|p2a: Excadrill|6/100
|
|-damage|p1a: Iron Valiant|76/100 brn|[from] brn
|upkeep
|turn|14
|
|t:|1776228852
|move|p1a: Iron Valiant|Thunderbolt|p2a: Excadrill
|-damage|p2a: Excadrill|0 fnt
|faint|p2a: Excadrill
|
|-damage|p1a: Iron Valiant|69/100 brn|[from] brn
|upkeep
|
|t:|1776228854
|switch|p2a: Zamazenta|Zamazenta|85/100
|turn|15
|
|t:|1776228858
|move|p1a: Iron Valiant|Moonblast|p2a: Zamazenta
|-supereffective|p2a: Zamazenta
|-damage|p2a: Zamazenta|0 fnt
|faint|p2a: Zamazenta
|
|-damage|p1a: Iron Valiant|63/100 brn|[from] brn
|upkeep
|
|t:|1776228863
|switch|p2a: Ogerpon|Ogerpon-Wellspring, F|100/100
|turn|16
|
|t:|1776228869
|move|p1a: Iron Valiant|Thunderbolt|p2a: Ogerpon
|-damage|p2a: Ogerpon|73/100
|move|p2a: Ogerpon|Ivy Cudgel|p1a: Iron Valiant|[anim] Ivy Cudgel Water
|-damage|p1a: Iron Valiant|0 fnt
|faint|p1a: Iron Valiant
|-end|p1a: Iron Valiant|Quark Drive|[silent]
|
|upkeep
|
|t:|1776228873
|switch|p1a: Toxapex|Toxapex, M|100/100
|turn|17
|
|t:|1776228884
|move|p2a: Ogerpon|U-turn|p1a: Toxapex
|-resisted|p1a: Toxapex
|-damage|p1a: Toxapex|92/100
|
|t:|1776228888
|switch|p2a: Moltres|Moltres|28/100|[from] U-turn
|move|p1a: Toxapex|Toxic|p2a: Moltres
|-status|p2a: Moltres|tox
|
|-heal|p1a: Toxapex|99/100|[from] item: Black Sludge
|-damage|p2a: Moltres|22/100 tox|[from] psn
|upkeep
|turn|18
|
|t:|1776228897
|move|p2a: Moltres|Will-O-Wisp|p1a: Toxapex
|-status|p1a: Toxapex|brn
|move|p1a: Toxapex|Recover|p1a: Toxapex
|-heal|p1a: Toxapex|100/100 brn
|
|-damage|p2a: Moltres|10/100 tox|[from] psn
|-damage|p1a: Toxapex|94/100 brn|[from] brn
|upkeep
|turn|19
|
|t:|1776228906
|move|p2a: Moltres|Roost|p2a: Moltres
|-heal|p2a: Moltres|60/100 tox
|-singleturn|p2a: Moltres|move: Roost
|move|p1a: Toxapex|Toxic|p2a: Moltres
|-fail|p2a: Moltres|tox
|
|-heal|p1a: Toxapex|100/100 brn|[from] item: Black Sludge
|-damage|p2a: Moltres|42/100 tox|[from] psn
|-damage|p1a: Toxapex|94/100 brn|[from] brn
|upkeep
|turn|20
|
|t:|1776228911
|move|p2a: Moltres|Roost|p2a: Moltres
|-heal|p2a: Moltres|92/100 tox
|-singleturn|p2a: Moltres|move: Roost
|move|p1a: Toxapex|Toxic|p2a: Moltres
|-fail|p2a: Moltres|tox
|
|-heal|p1a: Toxapex|100/100 brn|[from] item: Black Sludge
|-damage|p2a: Moltres|68/100 tox|[from] psn
|-damage|p1a: Toxapex|94/100 brn|[from] brn
|upkeep
|turn|21
|
|t:|1776228923
|move|p2a: Moltres|Flamethrower|p1a: Toxapex
|-resisted|p1a: Toxapex
|-damage|p1a: Toxapex|77/100 brn
|move|p1a: Toxapex|Toxic|p2a: Moltres
|-fail|p2a: Moltres|tox
|
|-heal|p1a: Toxapex|84/100 brn|[from] item: Black Sludge
|-damage|p2a: Moltres|38/100 tox|[from] psn
|-damage|p1a: Toxapex|77/100 brn|[from] brn
|upkeep
|turn|22
|
|t:|1776228929
|move|p2a: Moltres|Roost|p2a: Moltres
|-heal|p2a: Moltres|88/100 tox
|-singleturn|p2a: Moltres|move: Roost
|move|p1a: Toxapex|Toxic|p2a: Moltres
|-fail|p2a: Moltres|tox
|
|-heal|p1a: Toxapex|84/100 brn|[from] item: Black Sludge
|-damage|p2a: Moltres|52/100 tox|[from] psn
|-damage|p1a: Toxapex|77/100 brn|[from] brn
|upkeep
|turn|23
|
|t:|1776228954
|move|p2a: Moltres|Flamethrower|p1a: Toxapex
|-resisted|p1a: Toxapex
|-damage|p1a: Toxapex|62/100 brn
|move|p1a: Toxapex|Toxic|p2a: Moltres
|-fail|p2a: Moltres|tox
|
|-heal|p1a: Toxapex|68/100 brn|[from] item: Black Sludge
|-damage|p2a: Moltres|10/100 tox|[from] psn
|-damage|p1a: Toxapex|62/100 brn|[from] brn
|upkeep
|turn|24
|
|t:|1776228963
|move|p2a: Moltres|Roost|p2a: Moltres
|-heal|p2a: Moltres|60/100 tox
|-singleturn|p2a: Moltres|move: Roost
|move|p1a: Toxapex|Recover|p1a: Toxapex
|-heal|p1a: Toxapex|100/100 brn
|
|-damage|p2a: Moltres|12/100 tox|[from] psn
|-damage|p1a: Toxapex|94/100 brn|[from] brn
|upkeep
|turn|25
|
|t:|1776228973
|move|p2a: Moltres|Roost|p2a: Moltres
|-heal|p2a: Moltres|62/100 tox
|-singleturn|p2a: Moltres|move: Roost
|move|p1a: Toxapex|Toxic|p2a: Moltres
|-fail|p2a: Moltres|tox
|
|-heal|p1a: Toxapex|100/100 brn|[from] item: Black Sludge
|-damage|p2a: Moltres|8/100 tox|[from] psn
|-damage|p1a: Toxapex|94/100 brn|[from] brn
|upkeep
|turn|26
|c|☆Orosu1922|God bro why do i even play this game
|
|t:|1776228990
|move|p2a: Moltres|Roost|p2a: Moltres
|-heal|p2a: Moltres|58/100 tox
|-singleturn|p2a: Moltres|move: Roost
|move|p1a: Toxapex|Toxic|p2a: Moltres
|-fail|p2a: Moltres|tox
|
|-heal|p1a: Toxapex|100/100 brn|[from] item: Black Sludge
|-damage|p2a: Moltres|0 fnt|[from] psn
|faint|p2a: Moltres
|-damage|p1a: Toxapex|94/100 brn|[from] brn
|upkeep
|inactive|Orosu1922 has 120 seconds left.
|
|t:|1776229005
|switch|p2a: Ogerpon|Ogerpon-Wellspring, F|73/100
|turn|27
|
|t:|1776229015
|move|p2a: Ogerpon|Power Whip|p1a: Toxapex
|-damage|p1a: Toxapex|50/100 brn
|move|p1a: Toxapex|Toxic|p2a: Ogerpon
|-status|p2a: Ogerpon|tox
|
|-heal|p1a: Toxapex|57/100 brn|[from] item: Black Sludge
|-damage|p2a: Ogerpon|67/100 tox|[from] psn
|-damage|p1a: Toxapex|50/100 brn|[from] brn
|upkeep
|turn|28
|
|t:|1776229024
|move|p2a: Ogerpon|Knock Off|p1a: Toxapex
|-damage|p1a: Toxapex|26/100 brn
|-enditem|p1a: Toxapex|Black Sludge|[from] move: Knock Off|[of] p2a: Ogerpon
|move|p1a: Toxapex|Recover|p1a: Toxapex
|-heal|p1a: Toxapex|76/100 brn
|
|-damage|p2a: Ogerpon|55/100 tox|[from] psn
|-damage|p1a: Toxapex|70/100 brn|[from] brn
|upkeep
|turn|29
|
|t:|1776229029
|move|p2a: Ogerpon|Power Whip|p1a: Toxapex
|-damage|p1a: Toxapex|26/100 brn
|move|p1a: Toxapex|Recover|p1a: Toxapex
|-heal|p1a: Toxapex|76/100 brn
|
|-damage|p2a: Ogerpon|37/100 tox|[from] psn
|-damage|p1a: Toxapex|70/100 brn|[from] brn
|upkeep
|turn|30
|
|t:|1776229037
|switch|p2a: Primarina|Primarina, F|88/100
|move|p1a: Toxapex|Recover|p1a: Toxapex
|-heal|p1a: Toxapex|100/100 brn
|
|-damage|p1a: Toxapex|94/100 brn|[from] brn
|upkeep
|turn|31
|n|!Orosu1922|orosu1922
|inactive|Orosu1922 has 120 seconds left.
|-message|Orosu1922 forfeited.
|
|win|ericksennnnn
