|html|<div class="broadcast-blue"><strong>[Gen 9] OU is currently suspecting Tera Blast! For information on how to participate check out the <a href="https://www.smogon.com/tools/suspects/view/200">suspect thread</a>.</strong></div>
|j|☆elementalbalance
|j|☆idktbhatthispoint
|t:|1776327078
|gametype|singles
|player|p1|elementalbalance|ghetsis|1186
|player|p2|idktbhatthispoint|waiter-gen4dp|1263
|gen|9
|tier|[Gen 9] OU
|rated|
|rule|HP Percentage Mod: HP is shown in percentages
|rule|Endless Battle Clause: Forcing endless battles is banned
|rule|Species Clause: Limit one of each Pokémon
|rule|OHKO Clause: OHKO moves are banned
|rule|Evasion Items Clause: Evasion items are banned
|rule|Evasion Moves Clause: Evasion moves are banned
|rule|Evasion Abilities Clause: Evasion abilities are banned
|rule|Sleep Moves Clause: Sleep-inducing moves are banned
|clearpoke
|poke|p1|Darkrai|
|poke|p1|Cinderace, F|
|poke|p1|Kingambit, F|
|poke|p1|Iron Valiant|
|poke|p1|Umbreon, M|
|poke|p1|Frosmoth, F|
|poke|p2|Typhlosion, F|
|poke|p2|Feraligatr, M|
|poke|p2|Ampharos, F|
|poke|p2|Heracross, F|
|poke|p2|Skarmory, M|
|poke|p2|Tyranitar, M|
|teampreview
|inactive|Battle timer is ON: inactive players will automatically lose when time's up. (requested by idktbhatthispoint)
|
|t:|1776327085
|teamsize|p1|6
|teamsize|p2|6
|start
|switch|p1a: Darkrai|Darkrai|100/100
|switch|p2a: Skarmory|Skarmory, M|100/100
|turn|1
|
|t:|1776327088
|move|p1a: Darkrai|Focus Blast|p2a: Skarmory|[miss]
|-miss|p1a: Darkrai|p2a: Skarmory
|move|p2a: Skarmory|Stealth Rock|p1a: Darkrai
|-sidestart|p1: elementalbalance|move: Stealth Rock
|
|upkeep
|turn|2
|
|t:|1776327093
|move|p1a: Darkrai|Focus Blast|p2a: Skarmory
|-damage|p2a: Skarmory|40/100
|-damage|p1a: Darkrai|91/100|[from] item: Life Orb
|move|p2a: Skarmory|Hurricane|p1a: Darkrai
|-damage|p1a: Darkrai|67/100
|-start|p1a: Darkrai|confusion
|
|-heal|p2a: Skarmory|46/100|[from] item: Leftovers
|upkeep
|turn|3
|
|t:|1776327101
|-activate|p1a: Darkrai|confusion
|move|p1a: Darkrai|Dark Pulse|p2a: Skarmory
|-damage|p2a: Skarmory|0 fnt
|faint|p2a: Skarmory
|-damage|p1a: Darkrai|57/100|[from] item: Life Orb
|
|upkeep
|
|t:|1776327105
|switch|p2a: Heracross|Heracross, F|100/100
|turn|4
|
|t:|1776327127
|switch|p1a: Iron Valiant|Iron Valiant|100/100
|-damage|p1a: Iron Valiant|94/100|[from] Stealth Rock
|-enditem|p1a: Iron Valiant|Booster Energy
|-activate|p1a: Iron Valiant|ability: Quark Drive|[fromitem]
|-start|p1a: Iron Valiant|quarkdrivespe
|move|p2a: Heracross|Trailblaze|p1a: Iron Valiant
|-damage|p1a: Iron Valiant|73/100
|-boost|p2a: Heracross|spe|1
|
|-status|p2a: Heracross|brn|[from] item: Flame Orb
|upkeep
|turn|5
|
|t:|1776327144
|move|p1a: Iron Valiant|Calm Mind|p1a: Iron Valiant
|-boost|p1a: Iron Valiant|spa|1
|-boost|p1a: Iron Valiant|spd|1
|move|p2a: Heracross|Brick Break|p1a: Iron Valiant
|-resisted|p1a: Iron Valiant
|-damage|p1a: Iron Valiant|35/100
|
|-damage|p2a: Heracross|95/100 brn|[from] brn
|upkeep
|turn|6
|
|t:|1776327149
|move|p1a: Iron Valiant|Psyshock|p2a: Heracross
|-supereffective|p2a: Heracross
|-damage|p2a: Heracross|0 fnt
|faint|p2a: Heracross
|
|upkeep
|
|t:|1776327153
|switch|p2a: Feraligatr|Feraligatr, M|100/100
|turn|7
|
|t:|1776327158
|move|p2a: Feraligatr|Aqua Jet|p1a: Iron Valiant
|-damage|p1a: Iron Valiant|13/100
|move|p1a: Iron Valiant|Moonblast|p2a: Feraligatr
|-damage|p2a: Feraligatr|15/100
|-unboost|p2a: Feraligatr|spa|1
|-enditem|p2a: Feraligatr|Salac Berry|[eat]
|-boost|p2a: Feraligatr|spe|1|[from] item: Salac Berry
|
|upkeep
|turn|8
|
|t:|1776327164
|move|p2a: Feraligatr|Aqua Jet|p1a: Iron Valiant
|-damage|p1a: Iron Valiant|0 fnt
|faint|p1a: Iron Valiant
|-end|p1a: Iron Valiant|Quark Drive|[silent]
|
|upkeep
|
|t:|1776327170
|switch|p1a: Kingambit|Kingambit, F|100/100
|-damage|p1a: Kingambit|94/100|[from] Stealth Rock
|-activate|p1a: Kingambit|ability: Supreme Overlord
|-start|p1a: Kingambit|fallen1|[silent]
|turn|9
|
|t:|1776327177
|move|p2a: Feraligatr|Aqua Jet|p1a: Kingambit
|-damage|p1a: Kingambit|78/100
|move|p1a: Kingambit|Sucker Punch||[still]
|-fail|p1a: Kingambit
|
|-heal|p1a: Kingambit|84/100|[from] item: Leftovers
|upkeep
|turn|10
|
|t:|1776327182
|move|p2a: Feraligatr|Liquidation|p1a: Kingambit
|-damage|p1a: Kingambit|42/100
|move|p1a: Kingambit|Kowtow Cleave|p2a: Feraligatr
|-damage|p2a: Feraligatr|0 fnt
|faint|p2a: Feraligatr
|
|-heal|p1a: Kingambit|48/100|[from] item: Leftovers
|upkeep
|
|t:|1776327192
|switch|p2a: Tyranitar|Tyranitar, M, shiny|100/100
|-ability|p2a: Tyranitar|Unnerve
|turn|11
|
|t:|1776327201
|move|p2a: Tyranitar|Dragon Dance|p2a: Tyranitar
|-boost|p2a: Tyranitar|atk|1
|-boost|p2a: Tyranitar|spe|1
|move|p1a: Kingambit|Iron Head|p2a: Tyranitar
|-supereffective|p2a: Tyranitar
|-damage|p2a: Tyranitar|6/100
|
|-heal|p1a: Kingambit|54/100|[from] item: Leftovers
|upkeep
|turn|12
|
|t:|1776327206
|move|p1a: Kingambit|Sucker Punch|p2a: Tyranitar
|-resisted|p2a: Tyranitar
|-damage|p2a: Tyranitar|0 fnt
|faint|p2a: Tyranitar
|
|-heal|p1a: Kingambit|61/100|[from] item: Leftovers
|upkeep
|
|t:|1776327208
|switch|p2a: Ampharos|Ampharos, F|100/100
|turn|13
|
|t:|1776327213
|-end|p1a: Kingambit|fallen1|[silent]
|switch|p1a: Frosmoth|Frosmoth, F|100/100
|-damage|p1a: Frosmoth|51/100|[from] Stealth Rock
|move|p2a: Ampharos|Agility|p2a: Ampharos
|-boost|p2a: Ampharos|spe|2
|
|-heal|p1a: Frosmoth|57/100|[from] item: Leftovers
|upkeep
|turn|14
|
|t:|1776327216
|move|p2a: Ampharos|Meteor Beam||[still]
|-prepare|p2a: Ampharos|Meteor Beam
|-boost|p2a: Ampharos|spa|1
|-enditem|p2a: Ampharos|Power Herb
|-anim|p2a: Ampharos|Meteor Beam|p1a: Frosmoth
|-supereffective|p1a: Frosmoth
|-damage|p1a: Frosmoth|0 fnt
|faint|p1a: Frosmoth
|
|upkeep
|
|t:|1776327236
|switch|p1a: Umbreon|Umbreon, M|100/100
|-damage|p1a: Umbreon|88/100|[from] Stealth Rock
|turn|15
|
|t:|1776327241
|-terastallize|p2a: Ampharos|Fairy
|move|p1a: Umbreon|Protect|p1a: Umbreon
|-singleturn|p1a: Umbreon|Protect
|move|p2a: Ampharos|Dazzling Gleam|p1a: Umbreon
|-activate|p1a: Umbreon|move: Protect
|
|-heal|p1a: Umbreon|94/100|[from] item: Leftovers
|upkeep
|turn|16
|
|t:|1776327248
|-terastallize|p1a: Umbreon|Water
|move|p2a: Ampharos|Dazzling Gleam|p1a: Umbreon
|-damage|p1a: Umbreon|64/100
|move|p1a: Umbreon|Thunder Wave|p2a: Ampharos
|-status|p2a: Ampharos|par
|
|-heal|p1a: Umbreon|70/100|[from] item: Leftovers
|upkeep
|turn|17
|
|t:|1776327255
|move|p2a: Ampharos|Discharge|p1a: Umbreon
|-supereffective|p1a: Umbreon
|-damage|p1a: Umbreon|13/100
|-status|p1a: Umbreon|par
|cant|p1a: Umbreon|par
|
|-heal|p1a: Umbreon|19/100 par|[from] item: Leftovers
|upkeep
|turn|18
|
|t:|1776327263
|cant|p1a: Umbreon|par
|move|p2a: Ampharos|Discharge|p1a: Umbreon
|-supereffective|p1a: Umbreon
|-damage|p1a: Umbreon|0 fnt
|faint|p1a: Umbreon
|
|upkeep
|
|t:|1776327273
|switch|p1a: Darkrai|Darkrai|57/100
|-damage|p1a: Darkrai|45/100|[from] Stealth Rock
|turn|19
|
|t:|1776327277
|move|p1a: Darkrai|Sludge Bomb|p2a: Ampharos
|-supereffective|p2a: Ampharos
|-crit|p2a: Ampharos
|-damage|p2a: Ampharos|0 fnt
|faint|p2a: Ampharos
|-damage|p1a: Darkrai|35/100|[from] item: Life Orb
|
|upkeep
|
|t:|1776327281
|switch|p2a: Typhlosion|Typhlosion, F|100/100
|turn|20
|
|t:|1776327286
|move|p1a: Darkrai|Dark Pulse|p2a: Typhlosion
|-damage|p2a: Typhlosion|50/100
|-damage|p1a: Darkrai|25/100|[from] item: Life Orb
|move|p2a: Typhlosion|Focus Blast|p1a: Darkrai
|-supereffective|p1a: Darkrai
|-damage|p1a: Darkrai|0 fnt
|faint|p1a: Darkrai
|
|upkeep
|
|t:|1776327290
|switch|p1a: Cinderace|Cinderace, F|100/100
|turn|21
|
|t:|1776327295
|move|p1a: Cinderace|Sucker Punch|p2a: Typhlosion
|-start|p1a: Cinderace|typechange|Dark|[from] ability: Libero
|-damage|p2a: Typhlosion|4/100
|move|p2a: Typhlosion|Scorching Sands|p1a: Cinderace
|-damage|p1a: Cinderace|69/100
|
|upkeep
|turn|22
|
|t:|1776327303
|move|p1a: Cinderace|Sucker Punch|p2a: Typhlosion
|-damage|p2a: Typhlosion|0 fnt
|faint|p2a: Typhlosion
|
|win|elementalbalance
|raw|elementalbalance's rating: 1186 &rarr; <strong>1216</strong><br />(+30 for winning)
|raw|idktbhatthispoint's rating: 1263 &rarr; <strong>1233</strong><br />(-30 for losing)
|l|☆idktbhatthispoint
|player|p2|
