|html|<div class="broadcast-blue"><strong>[Gen 9] OU is currently suspecting Volcarona! For information on how to participate check out the <a href="https://www.smogon.com/tools/suspects/view/208">suspect thread</a>.</strong></div>
|j|☆saint imu
|j|☆spiderkitty410
|t:|1778507086
|gametype|singles
|player|p1|saint imu|youngster-gen1rb|1471
|player|p2|spiderkitty410|brendan-masters|1485
|gen|9
|tier|[Gen 9] OU
|rated|
|rule|HP Percentage Mod: HP is shown in percentages
|rule|Endless Battle Clause: Forcing endless battles is banned
|rule|Species Clause: Limit one of each Pokémon
|rule|OHKO Clause: OHKO moves are banned
|rule|Evasion Items Clause: Evasion items are banned
|rule|Evasion Moves Clause: Evasion moves are banned
|rule|Evasion Abilities Clause: Evasion abilities are banned
|rule|Sleep Moves Clause: Sleep-inducing moves are banned
|clearpoke
|poke|p1|Zapdos|
|poke|p1|Ogerpon-Wellspring, F|
|poke|p1|Latios, M|
|poke|p1|Ting-Lu|
|poke|p1|Zamazenta-*|
|poke|p1|Gholdengo|
|poke|p2|Gliscor, F|
|poke|p2|Garchomp, F|
|poke|p2|Gholdengo|
|poke|p2|Great Tusk|
|poke|p2|Alomomola, M|
|poke|p2|Greninja-*, M|
|teampreview
|inactive|Battle timer is ON: inactive players will automatically lose when time's up. (requested by saint imu)
|inactive|spiderkitty410 has 120 seconds left.
|
|t:|1778507127
|teamsize|p1|6
|teamsize|p2|6
|start
|switch|p1a: Ogerpon|Ogerpon-Wellspring, F|100/100
|switch|p2a: Gholdengo|Gholdengo|100/100
|turn|1
|
|t:|1778507133
|switch|p2a: Garchomp|Garchomp, F|100/100
|move|p1a: Ogerpon|Knock Off|p2a: Garchomp
|-damage|p2a: Garchomp|77/100
|-damage|p1a: Ogerpon|88/100|[from] ability: Rough Skin|[of] p2a: Garchomp
|-damage|p1a: Ogerpon|72/100|[from] item: Rocky Helmet|[of] p2a: Garchomp
|-enditem|p2a: Garchomp|Rocky Helmet|[from] move: Knock Off|[of] p1a: Ogerpon
|
|upkeep
|turn|2
|
|t:|1778507149
|move|p1a: Ogerpon|Ivy Cudgel|p2a: Garchomp|[anim] Ivy Cudgel Water
|-damage|p2a: Garchomp|43/100
|move|p2a: Garchomp|Dragon Tail|p1a: Ogerpon
|-damage|p1a: Ogerpon|37/100
|drag|p1a: Gholdengo|Gholdengo|100/100
|
|upkeep
|turn|3
|
|t:|1778507159
|move|p1a: Gholdengo|Make It Rain|p2a: Garchomp
|-damage|p2a: Garchomp|0 fnt
|-unboost|p1a: Gholdengo|spa|1
|faint|p2a: Garchomp
|
|upkeep
|
|t:|1778507164
|switch|p2a: Gliscor|Gliscor, F|100/100
|turn|4
|
|t:|1778507174
|switch|p1a: Ogerpon|Ogerpon-Wellspring, F|37/100
|switch|p2a: Gholdengo|Gholdengo|100/100
|
|upkeep
|turn|5
|
|t:|1778507179
|switch|p1a: Ting-Lu|Ting-Lu|100/100
|-ability|p1a: Ting-Lu|Vessel of Ruin
|switch|p2a: Alomomola|Alomomola, M|100/100
|
|upkeep
|turn|6
|
|t:|1778507187
|move|p1a: Ting-Lu|Stealth Rock|p2a: Alomomola
|-sidestart|p2: spiderkitty410|move: Stealth Rock
|move|p2a: Alomomola|Flip Turn|p1a: Ting-Lu
|-supereffective|p1a: Ting-Lu
|-damage|p1a: Ting-Lu|80/100
|-damage|p2a: Alomomola|84/100|[from] item: Rocky Helmet|[of] p1a: Ting-Lu
|
|t:|1778507200
|switch|p2a: Greninja|Greninja, M|100/100|[from] Flip Turn
|-damage|p2a: Greninja|88/100|[from] Stealth Rock
|
|upkeep
|turn|7
|
|t:|1778507211
|switch|p1a: Ogerpon|Ogerpon-Wellspring, F|37/100
|move|p2a: Greninja|Surf|p1a: Ogerpon
|-heal|p1a: Ogerpon|62/100|[from] ability: Water Absorb|[of] p2a: Greninja
|
|upkeep
|turn|8
|
|t:|1778507225
|move|p2a: Greninja|Sludge Wave|p1a: Ogerpon
|-supereffective|p1a: Ogerpon
|-damage|p1a: Ogerpon|0 fnt
|faint|p1a: Ogerpon
|-ability|p2a: Greninja|Battle Bond|boost
|-boost|p2a: Greninja|atk|1
|-boost|p2a: Greninja|spa|1
|-boost|p2a: Greninja|spe|1
|-activate|p2a: Greninja|ability: Battle Bond
|
|upkeep
|
|t:|1778507247
|switch|p1a: Zamazenta|Zamazenta|100/100
|-ability|p1a: Zamazenta|Dauntless Shield|boost
|-boost|p1a: Zamazenta|def|1
|turn|9
|
|t:|1778507250
|move|p2a: Greninja|Surf|p1a: Zamazenta
|-damage|p1a: Zamazenta|35/100
|move|p1a: Zamazenta|Body Press|p2a: Greninja
|-supereffective|p2a: Greninja
|-damage|p2a: Greninja|0 fnt
|faint|p2a: Greninja
|
|-heal|p1a: Zamazenta|42/100|[from] item: Leftovers
|upkeep
|
|t:|1778507258
|switch|p2a: Gliscor|Gliscor, F|100/100
|-damage|p2a: Gliscor|88/100|[from] Stealth Rock
|turn|10
|
|t:|1778507276
|move|p2a: Gliscor|Swords Dance|p2a: Gliscor
|-boost|p2a: Gliscor|atk|2
|move|p1a: Zamazenta|Roar|p2a: Gliscor
|drag|p2a: Gholdengo|Gholdengo|100/100
|-damage|p2a: Gholdengo|94/100|[from] Stealth Rock
|
|-heal|p1a: Zamazenta|48/100|[from] item: Leftovers
|upkeep
|turn|11
|inactive|spiderkitty410 has 120 seconds left.
|
|t:|1778507309
|switch|p1a: Ting-Lu|Ting-Lu|80/100
|-ability|p1a: Ting-Lu|Vessel of Ruin
|move|p2a: Gholdengo|Shadow Ball|p1a: Ting-Lu
|-resisted|p1a: Ting-Lu
|-damage|p1a: Ting-Lu|64/100
|
|upkeep
|turn|12
|
|t:|1778507318
|switch|p2a: Alomomola|Alomomola, M|100/100
|-damage|p2a: Alomomola|88/100|[from] Stealth Rock
|move|p1a: Ting-Lu|Taunt|p2a: Alomomola
|-start|p2a: Alomomola|move: Taunt
|
|upkeep
|turn|13
|inactive|spiderkitty410 has 120 seconds left.
|
|t:|1778507360
|move|p1a: Ting-Lu|Ruination|p2a: Alomomola
|-damage|p2a: Alomomola|44/100
|-enditem|p2a: Alomomola|Red Card|[of] p1a: Ting-Lu
|drag|p1a: Latios|Latios, M|100/100
|move|p2a: Alomomola|Flip Turn|p1a: Latios
|-resisted|p1a: Latios
|-damage|p1a: Latios|90/100
|
|t:|1778507363
|switch|p2a: Gholdengo|Gholdengo|94/100|[from] Flip Turn
|-damage|p2a: Gholdengo|88/100|[from] Stealth Rock
|
|upkeep
|turn|14
|
|t:|1778507369
|switch|p1a: Ting-Lu|Ting-Lu|64/100
|-ability|p1a: Ting-Lu|Vessel of Ruin
|move|p2a: Gholdengo|Dazzling Gleam|p1a: Ting-Lu
|-supereffective|p1a: Ting-Lu
|-damage|p1a: Ting-Lu|16/100
|
|upkeep
|turn|15
|
|t:|1778507380
|switch|p2a: Alomomola|Alomomola, M|78/100
|-damage|p2a: Alomomola|65/100|[from] Stealth Rock
|switch|p1a: Gholdengo|Gholdengo|100/100
|
|upkeep
|turn|16
|
|t:|1778507384
|move|p1a: Gholdengo|Trick|p2a: Alomomola
|-activate|p1a: Gholdengo|move: Trick|[of] p2a: Alomomola
|-item|p2a: Alomomola|Choice Scarf|[from] move: Trick
|-enditem|p1a: Gholdengo|Choice Scarf|[silent]|[from] move: Trick
|move|p2a: Alomomola|Flip Turn|p1a: Gholdengo
|-damage|p1a: Gholdengo|82/100
|inactive|spiderkitty410 has 120 seconds left.
|
|t:|1778507391
|switch|p2a: Great Tusk|Great Tusk|100/100|[from] Flip Turn
|
|upkeep
|turn|17
|
|t:|1778507399
|move|p1a: Gholdengo|Make It Rain|p2a: Great Tusk
|-crit|p2a: Great Tusk
|-damage|p2a: Great Tusk|0 fnt
|-unboost|p1a: Gholdengo|spa|1
|faint|p2a: Great Tusk
|-end|p2a: Great Tusk|Protosynthesis|[silent]
|
|upkeep
|c|☆spiderkitty410|wow
|
|t:|1778507405
|switch|p2a: Gliscor|Gliscor, F|88/100
|-damage|p2a: Gliscor|76/100|[from] Stealth Rock
|turn|18
|inactive|spiderkitty410 has 120 seconds left.
|inactive|spiderkitty410 has 90 seconds left.
|
|t:|1778507451
|switch|p1a: Latios|Latios, M|90/100
|move|p2a: Gliscor|Earthquake|p1a: Latios
|-immune|p1a: Latios|[from] ability: Levitate
|
|-status|p2a: Gliscor|tox|[from] item: Toxic Orb
|upkeep
|turn|19
|
|t:|1778507461
|switch|p2a: Gholdengo|Gholdengo|88/100
|-damage|p2a: Gholdengo|82/100|[from] Stealth Rock
|move|p1a: Latios|Psychic Noise|p2a: Gholdengo
|-resisted|p2a: Gholdengo
|-damage|p2a: Gholdengo|54/100
|-start|p2a: Gholdengo|move: Heal Block
|
|upkeep
|turn|20
|
|t:|1778507471
|switch|p1a: Zapdos|Zapdos|100/100
|move|p2a: Gholdengo|Shadow Ball|p1a: Zapdos
|-damage|p1a: Zapdos|37/100
|-unboost|p1a: Zapdos|spd|1
|
|-end|p2a: Gholdengo|move: Heal Block
|upkeep
|turn|21
|
|t:|1778507478
|move|p2a: Gholdengo|Shadow Ball|p1a: Zapdos
|-damage|p1a: Zapdos|0 fnt
|faint|p1a: Zapdos
|
|upkeep
|
|t:|1778507487
|switch|p1a: Ting-Lu|Ting-Lu|16/100
|-ability|p1a: Ting-Lu|Vessel of Ruin
|turn|22
|
|t:|1778507496
|move|p2a: Gholdengo|Shadow Ball|p1a: Ting-Lu
|-resisted|p1a: Ting-Lu
|-damage|p1a: Ting-Lu|0 fnt
|faint|p1a: Ting-Lu
|
|upkeep
|
|t:|1778507511
|switch|p1a: Zamazenta|Zamazenta|48/100
|turn|23
|
|t:|1778507519
|move|p1a: Zamazenta|Crunch|p2a: Gholdengo
|-supereffective|p2a: Gholdengo
|-damage|p2a: Gholdengo|0 fnt
|faint|p2a: Gholdengo
|
|-heal|p1a: Zamazenta|54/100|[from] item: Leftovers
|upkeep
|
|t:|1778507522
|switch|p2a: Gliscor|Gliscor, F|76/100 tox
|-damage|p2a: Gliscor|63/100 tox|[from] Stealth Rock
|turn|24
|
|t:|1778507529
|move|p2a: Gliscor|Swords Dance|p2a: Gliscor
|-boost|p2a: Gliscor|atk|2
|move|p1a: Zamazenta|Roar|p2a: Gliscor
|drag|p2a: Alomomola|Alomomola, M|99/100
|-damage|p2a: Alomomola|86/100|[from] Stealth Rock
|
|-heal|p1a: Zamazenta|60/100|[from] item: Leftovers
|upkeep
|turn|25
|
|t:|1778507533
|move|p1a: Zamazenta|Iron Defense|p1a: Zamazenta
|-boost|p1a: Zamazenta|def|2
|move|p2a: Alomomola|Wish|p2a: Alomomola
|
|-heal|p1a: Zamazenta|67/100|[from] item: Leftovers
|upkeep
|turn|26
|
|t:|1778507537
|switch|p2a: Gliscor|Gliscor, F|63/100 tox
|-damage|p2a: Gliscor|51/100 tox|[from] Stealth Rock
|move|p1a: Zamazenta|Iron Defense|p1a: Zamazenta
|-boost|p1a: Zamazenta|def|2
|
|-heal|p2a: Gliscor|100/100 tox|[from] move: Wish|[wisher] Alomomola
|-heal|p1a: Zamazenta|73/100|[from] item: Leftovers
|upkeep
|turn|27
|c|☆spiderkitty410|gg
|c|☆spiderkitty410|i think
|
|t:|1778507554
|move|p2a: Gliscor|Crabhammer|p1a: Zamazenta|[miss]
|-miss|p2a: Gliscor|p1a: Zamazenta
|move|p1a: Zamazenta|Roar|p2a: Gliscor
|drag|p2a: Alomomola|Alomomola, M|100/100
|-damage|p2a: Alomomola|88/100|[from] Stealth Rock
|
|-heal|p1a: Zamazenta|79/100|[from] item: Leftovers
|upkeep
|turn|28
|
|t:|1778507557
|move|p1a: Zamazenta|Iron Defense|p1a: Zamazenta
|-boost|p1a: Zamazenta|def|2
|move|p2a: Alomomola|Acrobatics|p1a: Zamazenta
|-supereffective|p1a: Zamazenta
|-damage|p1a: Zamazenta|75/100
|
|-heal|p1a: Zamazenta|81/100|[from] item: Leftovers
|upkeep
|turn|29
|
|t:|1778507561
|move|p1a: Zamazenta|Body Press|p2a: Alomomola
|-damage|p2a: Alomomola|14/100
|move|p2a: Alomomola|Acrobatics|p1a: Zamazenta
|-supereffective|p1a: Zamazenta
|-damage|p1a: Zamazenta|77/100
|
|-heal|p1a: Zamazenta|84/100|[from] item: Leftovers
|upkeep
|turn|30
|
|t:|1778507565
|move|p1a: Zamazenta|Body Press|p2a: Alomomola
|-crit|p2a: Alomomola
|-damage|p2a: Alomomola|0 fnt
|faint|p2a: Alomomola
|
|-heal|p1a: Zamazenta|90/100|[from] item: Leftovers
|upkeep
|
|t:|1778507567
|switch|p2a: Gliscor|Gliscor, F|100/100 tox
|-damage|p2a: Gliscor|88/100 tox|[from] Stealth Rock
|turn|31
|
|t:|1778507569
|move|p1a: Zamazenta|Body Press|p2a: Gliscor
|-resisted|p2a: Gliscor
|-damage|p2a: Gliscor|13/100 tox
|move|p2a: Gliscor|Swords Dance|p2a: Gliscor
|-boost|p2a: Gliscor|atk|2
|
|-heal|p1a: Zamazenta|96/100|[from] item: Leftovers
|-heal|p2a: Gliscor|25/100 tox|[from] ability: Poison Heal
|upkeep
|turn|32
|
|t:|1778507573
|move|p1a: Zamazenta|Body Press|p2a: Gliscor
|-resisted|p2a: Gliscor
|-damage|p2a: Gliscor|0 fnt
|faint|p2a: Gliscor
|
|win|saint imu
|raw|saint imu's rating: 1471 &rarr; <strong>1492</strong><br />(+21 for winning)
|raw|spiderkitty410's rating: 1485 &rarr; <strong>1464</strong><br />(-21 for losing)
|l|☆spiderkitty410
|player|p2|
