|html|<div class="broadcast-blue"><strong>[Gen 9] OU is currently suspecting Tera Blast! For information on how to participate check out the <a href="https://www.smogon.com/tools/suspects/view/200">suspect thread</a>.</strong></div>
|j|☆bird trainer Riley
|j|☆mothfox
|t:|1776132473
|gametype|singles
|player|p1|bird trainer Riley|birdkeeper-gen4dp|1201
|player|p2|mothfox|colress|1192
|gen|9
|tier|[Gen 9] OU
|rated|
|rule|HP Percentage Mod: HP is shown in percentages
|rule|Endless Battle Clause: Forcing endless battles is banned
|rule|Species Clause: Limit one of each Pokémon
|rule|OHKO Clause: OHKO moves are banned
|rule|Evasion Items Clause: Evasion items are banned
|rule|Evasion Moves Clause: Evasion moves are banned
|rule|Evasion Abilities Clause: Evasion abilities are banned
|rule|Sleep Moves Clause: Sleep-inducing moves are banned
|clearpoke
|poke|p1|Corviknight, F|
|poke|p1|Moltres|
|poke|p1|Zapdos-Galar|
|poke|p1|Toucannon, F|
|poke|p1|Kilowattrel, F|
|poke|p1|Cramorant, F|
|poke|p2|Dragonite, M|
|poke|p2|Clefable, F|
|poke|p2|Gliscor, F|
|poke|p2|Gholdengo|
|poke|p2|Zamazenta-*|
|poke|p2|Ogerpon-Wellspring, F|
|teampreview
|inactive|Battle timer is ON: inactive players will automatically lose when time's up. (requested by mothfox)
|
|t:|1776132486
|teamsize|p1|6
|teamsize|p2|6
|start
|switch|p1a: Toucannon|Toucannon, F|100/100
|switch|p2a: Clefable|Clefable, F|100/100
|turn|1
|
|t:|1776132494
|move|p2a: Clefable|Stealth Rock|p1a: Toucannon
|-sidestart|p1: bird trainer Riley|move: Stealth Rock
|move|p1a: Toucannon|Gunk Shot|p2a: Clefable
|-supereffective|p2a: Clefable
|-damage|p2a: Clefable|9/100
|-status|p2a: Clefable|psn
|-damage|p1a: Toucannon|91/100|[from] item: Life Orb
|
|upkeep
|turn|2
|
|t:|1776132516
|move|p2a: Clefable|Knock Off|p1a: Toucannon
|-damage|p1a: Toucannon|71/100
|-enditem|p1a: Toucannon|Life Orb|[from] move: Knock Off|[of] p2a: Clefable
|move|p1a: Toucannon|Rock Blast|p2a: Clefable
|-damage|p2a: Clefable|1/100 psn
|-damage|p2a: Clefable|0 fnt
|faint|p2a: Clefable
|-hitcount|p2: Clefable|2
|
|upkeep
|inactive|mothfox has 120 seconds left.
|
|t:|1776132534
|switch|p2a: Ogerpon|Ogerpon-Wellspring, F|100/100
|turn|3
|
|t:|1776132541
|-singleturn|p1a: Toucannon|move: Beak Blast
|move|p2a: Ogerpon|Ivy Cudgel|p1a: Toucannon|[anim] Ivy Cudgel Water
|-damage|p1a: Toucannon|0 fnt
|faint|p1a: Toucannon
|
|upkeep
|
|t:|1776132548
|switch|p1a: Corviknight|Corviknight, F|100/100
|-damage|p1a: Corviknight|88/100|[from] Stealth Rock
|turn|4
|
|t:|1776132558
|switch|p2a: JIm|Gholdengo|100/100
|move|p1a: Corviknight|Iron Defense|p1a: Corviknight
|-boost|p1a: Corviknight|def|2
|
|-heal|p1a: Corviknight|94/100|[from] item: Leftovers
|upkeep
|turn|5
|
|t:|1776132571
|switch|p1a: Moltres|Moltres|100/100
|move|p2a: JIm|Trick|p1a: Moltres
|-activate|p2a: JIm|move: Trick|[of] p1a: Moltres
|-item|p1a: Moltres|Choice Scarf|[from] move: Trick
|-item|p2a: JIm|Heavy-Duty Boots|[from] move: Trick
|
|upkeep
|turn|6
|
|t:|1776132588
|switch|p2a: Ogerpon|Ogerpon-Wellspring, F|100/100
|move|p1a: Moltres|Flamethrower|p2a: Ogerpon
|-damage|p2a: Ogerpon|56/100
|
|upkeep
|turn|7
|
|t:|1776132598
|move|p2a: Ogerpon|Ivy Cudgel|p1a: Moltres|[anim] Ivy Cudgel Water
|-supereffective|p1a: Moltres
|-damage|p1a: Moltres|23/100
|move|p1a: Moltres|Flamethrower|p2a: Ogerpon
|-damage|p2a: Ogerpon|9/100
|
|upkeep
|turn|8
|
|t:|1776132605
|switch|p1a: Corviknight|Corviknight, F|94/100
|-damage|p1a: Corviknight|82/100|[from] Stealth Rock
|move|p2a: Ogerpon|Ivy Cudgel|p1a: Corviknight|[anim] Ivy Cudgel Water
|-damage|p1a: Corviknight|33/100
|
|-heal|p1a: Corviknight|39/100|[from] item: Leftovers
|upkeep
|turn|9
|
|t:|1776132623
|switch|p2a: JIm|Gholdengo|100/100
|move|p1a: Corviknight|Roost|p1a: Corviknight
|-heal|p1a: Corviknight|89/100
|-singleturn|p1a: Corviknight|move: Roost
|
|-heal|p1a: Corviknight|95/100|[from] item: Leftovers
|upkeep
|turn|10
|
|t:|1776132633
|switch|p1a: Cramorant|Cramorant, F|100/100
|-damage|p1a: Cramorant|75/100|[from] Stealth Rock
|move|p2a: JIm|Shadow Ball|p1a: Cramorant
|-damage|p1a: Cramorant|43/100
|
|-heal|p1a: Cramorant|49/100|[from] item: Leftovers
|upkeep
|turn|11
|
|t:|1776132642
|move|p2a: JIm|Shadow Ball|p1a: Cramorant
|-damage|p1a: Cramorant|15/100
|-unboost|p1a: Cramorant|spd|1
|move|p1a: Cramorant|Surf|p2a: JIm
|-formechange|p1a: Cramorant|Cramorant-Gorging|
|-damage|p2a: JIm|70/100
|
|-heal|p1a: Cramorant|21/100|[from] item: Leftovers
|upkeep
|turn|12
|
|t:|1776132652
|move|p2a: JIm|Shadow Ball|p1a: Cramorant
|-damage|p1a: Cramorant|0 fnt
|-damage|p2a: JIm|45/100|[from] ability: Gulp Missile|[of] p1a: Cramorant
|-status|p2a: JIm|par
|-formechange|p1a: Cramorant|Cramorant|
|faint|p1a: Cramorant
|
|upkeep
|
|t:|1776132658
|switch|p1a: Zapdos|Zapdos-Galar|100/100
|-damage|p1a: Zapdos|88/100|[from] Stealth Rock
|turn|13
|
|t:|1776132683
|move|p1a: Zapdos|Knock Off|p2a: JIm
|-supereffective|p2a: JIm
|-damage|p2a: JIm|0 fnt
|-enditem|p2a: JIm|Heavy-Duty Boots|[from] move: Knock Off|[of] p1a: Zapdos
|faint|p2a: JIm
|
|upkeep
|inactive|mothfox has 120 seconds left.
|
|t:|1776132701
|switch|p2a: Gliscor|Gliscor, F|100/100
|turn|14
|
|t:|1776132705
|switch|p1a: Corviknight|Corviknight, F|95/100
|-damage|p1a: Corviknight|83/100|[from] Stealth Rock
|move|p2a: Gliscor|Spikes|p1a: Corviknight
|-sidestart|p1: bird trainer Riley|Spikes
|
|-heal|p1a: Corviknight|89/100|[from] item: Leftovers
|-status|p2a: Gliscor|tox|[from] item: Toxic Orb
|upkeep
|turn|15
|
|t:|1776132714
|move|p2a: Gliscor|Knock Off|p1a: Corviknight
|-damage|p1a: Corviknight|70/100
|-enditem|p1a: Corviknight|Leftovers|[from] move: Knock Off|[of] p2a: Gliscor
|move|p1a: Corviknight|Defog|p2a: Gliscor
|-unboost|p2a: Gliscor|evasion|1
|-sideend|p1: bird trainer Riley|Spikes|[from] move: Defog|[of] p1a: Corviknight
|-sideend|p1: bird trainer Riley|Stealth Rock|[from] move: Defog|[of] p1a: Corviknight
|
|upkeep
|turn|16
|
|t:|1776132722
|move|p2a: Gliscor|Knock Off|p1a: Corviknight
|-damage|p1a: Corviknight|59/100
|move|p1a: Corviknight|Iron Defense|p1a: Corviknight
|-boost|p1a: Corviknight|def|2
|
|upkeep
|turn|17
|
|t:|1776132740
|switch|p2a: Ogerpon|Ogerpon-Wellspring, F|9/100
|move|p1a: Corviknight|Iron Defense|p1a: Corviknight
|-boost|p1a: Corviknight|def|2
|
|upkeep
|turn|18
|
|t:|1776132751
|move|p2a: Ogerpon|Ivy Cudgel|p1a: Corviknight|[anim] Ivy Cudgel Water
|-damage|p1a: Corviknight|42/100
|move|p1a: Corviknight|Roost|p1a: Corviknight
|-heal|p1a: Corviknight|92/100
|-singleturn|p1a: Corviknight|move: Roost
|
|upkeep
|turn|19
|inactive|mothfox has 120 seconds left.
|
|t:|1776132775
|move|p2a: Ogerpon|Ivy Cudgel|p1a: Corviknight|[anim] Ivy Cudgel Water
|-damage|p1a: Corviknight|76/100
|move|p1a: Corviknight|Iron Defense|p1a: Corviknight
|-boost|p1a: Corviknight|def|2
|
|upkeep
|turn|20
|
|t:|1776132782
|move|p2a: Ogerpon|Ivy Cudgel|p1a: Corviknight|[anim] Ivy Cudgel Water
|-crit|p1a: Corviknight
|-damage|p1a: Corviknight|5/100
|move|p1a: Corviknight|Body Press|p2a: Ogerpon
|-damage|p2a: Ogerpon|0 fnt
|faint|p2a: Ogerpon
|
|upkeep
|inactive|mothfox has 120 seconds left.
|
|t:|1776132794
|switch|p2a: Zamazenta|Zamazenta|100/100
|-ability|p2a: Zamazenta|Dauntless Shield|boost
|-boost|p2a: Zamazenta|def|1
|turn|21
|
|t:|1776132799
|move|p2a: Zamazenta|Body Press|p1a: Corviknight
|-damage|p1a: Corviknight|0 fnt
|faint|p1a: Corviknight
|
|upkeep
|
|t:|1776132802
|switch|p1a: Moltres|Moltres|23/100
|turn|22
|
|t:|1776132819
|-terastallize|p2a: Zamazenta|Fire
|move|p2a: Zamazenta|Iron Defense|p2a: Zamazenta
|-boost|p2a: Zamazenta|def|2
|move|p1a: Moltres|Will-O-Wisp|p2a: Zamazenta
|-immune|p2a: Zamazenta
|
|upkeep
|turn|23
|
|t:|1776132828
|switch|p1a: Kilowattrel|Kilowattrel, F|100/100
|move|p2a: Zamazenta|Body Press|p1a: Kilowattrel
|-resisted|p1a: Kilowattrel
|-damage|p1a: Kilowattrel|24/100
|
|upkeep
|turn|24
|
|t:|1776132835
|move|p2a: Zamazenta|Body Press|p1a: Kilowattrel
|-resisted|p1a: Kilowattrel
|-damage|p1a: Kilowattrel|0 fnt
|faint|p1a: Kilowattrel
|
|upkeep
|
|t:|1776132838
|switch|p1a: Zapdos|Zapdos-Galar|88/100
|turn|25
|
|t:|1776132841
|move|p1a: Zapdos|Brave Bird|p2a: Zamazenta
|-damage|p2a: Zamazenta|77/100
|-damage|p1a: Zapdos|80/100|[from] Recoil
|move|p2a: Zamazenta|Body Press|p1a: Zapdos
|-resisted|p1a: Zapdos
|-damage|p1a: Zapdos|30/100
|
|-heal|p2a: Zamazenta|84/100|[from] item: Leftovers
|upkeep
|turn|26
|
|t:|1776132849
|move|p1a: Zapdos|Brave Bird|p2a: Zamazenta
|-damage|p2a: Zamazenta|62/100
|-damage|p1a: Zapdos|23/100|[from] Recoil
|move|p2a: Zamazenta|Body Press|p1a: Zapdos
|-resisted|p1a: Zapdos
|-damage|p1a: Zapdos|0 fnt
|faint|p1a: Zapdos
|
|-heal|p2a: Zamazenta|68/100|[from] item: Leftovers
|upkeep
|
|t:|1776132852
|switch|p1a: Moltres|Moltres|23/100
|turn|27
|
|t:|1776132864
|move|p2a: Zamazenta|Body Press|p1a: Moltres
|-resisted|p1a: Moltres
|-damage|p1a: Moltres|0 fnt
|faint|p1a: Moltres
|
|win|mothfox
|raw|bird trainer Riley's rating: 1201 &rarr; <strong>1175</strong><br />(-26 for losing)
|raw|mothfox's rating: 1192 &rarr; <strong>1218</strong><br />(+26 for winning)
