|html|<div class="broadcast-blue"><strong>[Gen 9] OU is currently suspecting Tera Blast! For information on how to participate check out the <a href="https://www.smogon.com/tools/suspects/view/200">suspect thread</a>.</strong></div>
|j|☆swjt
|j|☆Dragonzord6
|t:|1776179807
|gametype|singles
|player|p1|swjt|medium|1433
|player|p2|Dragonzord6|lance|1474
|gen|9
|tier|[Gen 9] OU
|rated|
|rule|HP Percentage Mod: HP is shown in percentages
|rule|Endless Battle Clause: Forcing endless battles is banned
|rule|Species Clause: Limit one of each Pokémon
|rule|OHKO Clause: OHKO moves are banned
|rule|Evasion Items Clause: Evasion items are banned
|rule|Evasion Moves Clause: Evasion moves are banned
|rule|Evasion Abilities Clause: Evasion abilities are banned
|rule|Sleep Moves Clause: Sleep-inducing moves are banned
|clearpoke
|poke|p1|Ogerpon, F|
|poke|p1|Rillaboom, F|
|poke|p1|Great Tusk|
|poke|p1|Gholdengo|
|poke|p1|Moltres|
|poke|p1|Muk-Alola, F|
|poke|p2|Pelipper, M|
|poke|p2|Barraskewda, M|
|poke|p2|Kingdra, M|
|poke|p2|Raging Bolt|
|poke|p2|Zamazenta-*|
|poke|p2|Basculegion-F, F|
|teampreview
|inactive|Battle timer is ON: inactive players will automatically lose when time's up. (requested by Dragonzord6)
|
|t:|1776179835
|teamsize|p1|6
|teamsize|p2|6
|start
|switch|p1a: Gholdengo|Gholdengo|100/100
|switch|p2a: Pelipper|Pelipper, M, shiny|100/100
|-weather|RainDance|[from] ability: Drizzle|[of] p2a: Pelipper
|turn|1
|
|t:|1776179843
|switch|p2a: Raging Bolt|Raging Bolt|100/100
|move|p1a: Gholdengo|Shadow Ball|p2a: Raging Bolt
|-damage|p2a: Raging Bolt|60/100
|-unboost|p2a: Raging Bolt|spd|1
|
|-weather|RainDance|[upkeep]
|upkeep
|turn|2
|
|t:|1776179865
|move|p1a: Gholdengo|Shadow Ball|p2a: Raging Bolt
|-damage|p2a: Raging Bolt|2/100
|-unboost|p2a: Raging Bolt|spd|1
|move|p2a: Raging Bolt|Weather Ball|p1a: Gholdengo
|-damage|p1a: Gholdengo|28/100
|
|-weather|RainDance|[upkeep]
|upkeep
|turn|3
|
|t:|1776179875
|switch|p1a: Great Tusk|Great Tusk|100/100
|move|p2a: Raging Bolt|Thunderclap||[still]
|-fail|p2a: Raging Bolt
|
|-weather|RainDance|[upkeep]
|upkeep
|turn|4
|
|t:|1776179882
|move|p1a: Great Tusk|Rapid Spin|p2a: Raging Bolt
|-crit|p2a: Raging Bolt
|-damage|p2a: Raging Bolt|0 fnt
|-boost|p1a: Great Tusk|spe|1
|faint|p2a: Raging Bolt
|-end|p2a: Raging Bolt|Protosynthesis|[silent]
|
|-weather|RainDance|[upkeep]
|upkeep
|
|t:|1776179890
|switch|p2a: Barraskewda|Barraskewda, M, shiny|100/100
|turn|5
|
|t:|1776179898
|-end|p1a: Great Tusk|Protosynthesis|[silent]
|switch|p1a: Rillaboom|Rillaboom, F|100/100
|-fieldstart|move: Grassy Terrain|[from] ability: Grassy Surge|[of] p1a: Rillaboom
|move|p2a: Barraskewda|Flip Turn|p1a: Rillaboom
|-resisted|p1a: Rillaboom
|-damage|p1a: Rillaboom|60/100
|
|t:|1776179910
|switch|p2a: Zamazenta|Zamazenta, shiny|100/100|[from] Flip Turn
|-ability|p2a: Zamazenta|Dauntless Shield|boost
|-boost|p2a: Zamazenta|def|1
|
|-weather|RainDance|[upkeep]
|-heal|p1a: Rillaboom|66/100|[from] Grassy Terrain
|upkeep
|turn|6
|
|t:|1776179919
|switch|p1a: Moltres|Moltres|100/100
|move|p2a: Zamazenta|Body Press|p1a: Moltres
|-resisted|p1a: Moltres
|-damage|p1a: Moltres|81/100
|
|-weather|RainDance|[upkeep]
|upkeep
|turn|7
|
|t:|1776179928
|switch|p2a: Basculegion|Basculegion-F, F, shiny|100/100
|move|p1a: Moltres|Roar|p2a: Basculegion
|drag|p2a: Pelipper|Pelipper, M, shiny|100/100
|
|-weather|RainDance|[upkeep]
|upkeep
|turn|8
|
|t:|1776179940
|move|p1a: Moltres|U-turn|p2a: Pelipper
|-resisted|p2a: Pelipper
|-damage|p2a: Pelipper|93/100
|
|t:|1776179943
|switch|p1a: Tyrantr|Muk-Alola, F|100/100|[from] U-turn
|move|p2a: Pelipper|Weather Ball|p1a: Tyrantr
|-damage|p1a: Tyrantr|72/100
|
|-weather|none
|-heal|p1a: Tyrantr|78/100|[from] Grassy Terrain
|upkeep
|turn|9
|
|t:|1776179956
|switch|p2a: Barraskewda|Barraskewda, M, shiny|100/100
|move|p1a: Tyrantr|Knock Off|p2a: Barraskewda
|-damage|p2a: Barraskewda|28/100
|-status|p2a: Barraskewda|psn|[from] ability: Poison Touch|[of] p1a: Tyrantr
|-enditem|p2a: Barraskewda|Choice Band|[from] move: Knock Off|[of] p1a: Tyrantr
|
|-heal|p2a: Barraskewda|34/100 psn|[from] Grassy Terrain
|-heal|p1a: Tyrantr|84/100|[from] Grassy Terrain
|-damage|p2a: Barraskewda|22/100 psn|[from] psn
|upkeep
|turn|10
|
|t:|1776179967
|move|p2a: Barraskewda|Flip Turn|p1a: Tyrantr
|-crit|p1a: Tyrantr
|-damage|p1a: Tyrantr|31/100
|
|t:|1776179971
|switch|p2a: Pelipper|Pelipper, M, shiny|93/100|[from] Flip Turn
|-weather|RainDance|[from] ability: Drizzle|[of] p2a: Pelipper
|move|p1a: Tyrantr|Knock Off|p2a: Pelipper
|-damage|p2a: Pelipper|49/100
|-enditem|p2a: Pelipper|Damp Rock|[from] move: Knock Off|[of] p1a: Tyrantr
|
|-weather|RainDance|[upkeep]
|-heal|p1a: Tyrantr|38/100|[from] Grassy Terrain
|upkeep
|turn|11
|
|t:|1776179982
|move|p2a: Pelipper|Weather Ball|p1a: Tyrantr
|-damage|p1a: Tyrantr|5/100
|move|p1a: Tyrantr|Poison Jab|p2a: Pelipper
|-crit|p2a: Pelipper
|-damage|p2a: Pelipper|0 fnt
|faint|p2a: Pelipper
|
|-weather|RainDance|[upkeep]
|-heal|p1a: Tyrantr|11/100|[from] Grassy Terrain
|upkeep
|
|t:|1776179993
|switch|p2a: Barraskewda|Barraskewda, M, shiny|22/100 psn
|turn|12
|
|t:|1776179997
|move|p2a: Barraskewda|Flip Turn|p1a: Tyrantr
|-damage|p1a: Tyrantr|0 fnt
|faint|p1a: Tyrantr
|
|t:|1776180001
|switch|p2a: Basculegion|Basculegion-F, F, shiny|100/100|[from] Flip Turn
|
|-weather|RainDance|[upkeep]
|-fieldend|move: Grassy Terrain
|upkeep
|
|t:|1776180008
|switch|p1a: Rillaboom|Rillaboom, F|66/100
|-fieldstart|move: Grassy Terrain|[from] ability: Grassy Surge|[of] p1a: Rillaboom
|turn|13
|
|t:|1776180013
|-terastallize|p2a: Basculegion|Water
|move|p1a: Rillaboom|Grassy Glide|p2a: Basculegion
|-supereffective|p2a: Basculegion
|-damage|p2a: Basculegion|5/100
|move|p2a: Basculegion|Wave Crash|p1a: Rillaboom
|-resisted|p1a: Rillaboom
|-damage|p1a: Rillaboom|0 fnt
|faint|p1a: Rillaboom
|-damage|p2a: Basculegion|0 fnt|[from] Recoil
|faint|p2a: Basculegion
|
|-weather|RainDance|[upkeep]
|upkeep
|
|t:|1776180032
|switch|p2a: Kingdra|Kingdra, M, shiny|100/100
|switch|p1a: Ogerpon|Ogerpon, F|100/100
|turn|14
|
|t:|1776180046
|switch|p1a: Gholdengo|Gholdengo|28/100
|move|p2a: Kingdra|Hurricane|p1a: Gholdengo
|-resisted|p1a: Gholdengo
|-damage|p1a: Gholdengo|0 fnt
|faint|p1a: Gholdengo
|
|-weather|RainDance|[upkeep]
|upkeep
|
|t:|1776180058
|switch|p1a: Moltres|Moltres|81/100
|turn|15
|
|t:|1776180076
|switch|p2a: Barraskewda|Barraskewda, M, shiny|22/100 psn
|move|p1a: Moltres|Roost|p1a: Moltres
|-heal|p1a: Moltres|100/100
|-singleturn|p1a: Moltres|move: Roost
|
|-weather|RainDance|[upkeep]
|-heal|p2a: Barraskewda|28/100 psn|[from] Grassy Terrain
|-damage|p2a: Barraskewda|16/100 psn|[from] psn
|upkeep
|turn|16
|
|t:|1776180086
|-terastallize|p1a: Moltres|Ghost
|move|p2a: Barraskewda|Flip Turn|p1a: Moltres
|-damage|p1a: Moltres|61/100
|
|t:|1776180097
|switch|p2a: Kingdra|Kingdra, M, shiny|100/100|[from] Flip Turn
|move|p1a: Moltres|Roost|p1a: Moltres
|-heal|p1a: Moltres|100/100
|
|-weather|RainDance|[upkeep]
|upkeep
|turn|17
|
|t:|1776180105
|switch|p1a: Great Tusk|Great Tusk|100/100
|move|p2a: Kingdra|Draco Meteor|p1a: Great Tusk
|-damage|p1a: Great Tusk|0 fnt
|-unboost|p2a: Kingdra|spa|2
|faint|p1a: Great Tusk
|-end|p1a: Great Tusk|Protosynthesis|[silent]
|
|-weather|none
|upkeep
|
|t:|1776180110
|switch|p1a: Ogerpon|Ogerpon, F|100/100
|turn|18
|
|t:|1776180117
|switch|p2a: Barraskewda|Barraskewda, M, shiny|16/100 psn
|move|p1a: Ogerpon|Ivy Cudgel|p2a: Barraskewda
|-supereffective|p2a: Barraskewda
|-damage|p2a: Barraskewda|0 fnt
|faint|p2a: Barraskewda
|
|upkeep
|
|t:|1776180126
|switch|p2a: Kingdra|Kingdra, M, shiny|100/100
|turn|19
|
|t:|1776180130
|move|p1a: Ogerpon|Ivy Cudgel|p2a: Kingdra
|-damage|p2a: Kingdra|0 fnt
|faint|p2a: Kingdra
|
|upkeep
|
|t:|1776180136
|switch|p2a: Zamazenta|Zamazenta, shiny|100/100
|turn|20
|
|t:|1776180140
|move|p2a: Zamazenta|Iron Defense|p2a: Zamazenta
|-boost|p2a: Zamazenta|def|2
|move|p1a: Ogerpon|Ivy Cudgel|p2a: Zamazenta
|-damage|p2a: Zamazenta|57/100
|
|-heal|p2a: Zamazenta|63/100|[from] Grassy Terrain
|-heal|p2a: Zamazenta|70/100|[from] item: Leftovers
|-fieldend|move: Grassy Terrain
|upkeep
|turn|21
|
|t:|1776180150
|switch|p1a: Moltres|Moltres, tera:Ghost|100/100
|move|p2a: Zamazenta|Body Press|p1a: Moltres
|-immune|p1a: Moltres
|
|-heal|p2a: Zamazenta|76/100|[from] item: Leftovers
|upkeep
|turn|22
|
|t:|1776180158
|move|p2a: Zamazenta|Crunch|p1a: Moltres
|-supereffective|p1a: Moltres
|-damage|p1a: Moltres|74/100
|-status|p2a: Zamazenta|brn|[from] ability: Flame Body|[of] p1a: Moltres
|move|p1a: Moltres|Flamethrower|p2a: Zamazenta
|-damage|p2a: Zamazenta|43/100 brn
|
|-heal|p2a: Zamazenta|49/100 brn|[from] item: Leftovers
|-damage|p2a: Zamazenta|43/100 brn|[from] brn
|upkeep
|turn|23
|-message|Dragonzord6 forfeited.
|
|win|swjt
|raw|swjt's rating: 1433 &rarr; <strong>1455</strong><br />(+22 for winning)
|raw|Dragonzord6's rating: 1474 &rarr; <strong>1452</strong><br />(-22 for losing)
|l|☆Dragonzord6
|player|p2|
|j|☆Dragonzord6
|player|p2|Dragonzord6|lance|
