|html|<div class="broadcast-blue"><strong>[Gen 9] OU is currently suspecting Tera Blast! For information on how to participate check out the <a href="https://www.smogon.com/tools/suspects/view/200">suspect thread</a>.</strong></div>
|j|☆nmatt26
|j|☆joaogotty
|t:|1776052801
|gametype|singles
|player|p1|nmatt26|boarder|1407
|player|p2|joaogotty|cynthia-masters4|1485
|gen|9
|tier|[Gen 9] OU
|rated|
|rule|HP Percentage Mod: HP is shown in percentages
|rule|Endless Battle Clause: Forcing endless battles is banned
|rule|Species Clause: Limit one of each Pokémon
|rule|OHKO Clause: OHKO moves are banned
|rule|Evasion Items Clause: Evasion items are banned
|rule|Evasion Moves Clause: Evasion moves are banned
|rule|Evasion Abilities Clause: Evasion abilities are banned
|rule|Sleep Moves Clause: Sleep-inducing moves are banned
|clearpoke
|poke|p1|Blaziken, M|
|poke|p1|Torkoal, M|
|poke|p1|Venusaur, F|
|poke|p1|Walking Wake|
|poke|p1|Great Tusk|
|poke|p1|Scream Tail|
|poke|p2|Kyurem|
|poke|p2|Great Tusk|
|poke|p2|Ogerpon-Wellspring, F|
|poke|p2|Meowscarada, F|
|poke|p2|Pecharunt|
|poke|p2|Iron Crown|
|teampreview
|inactive|Battle timer is ON: inactive players will automatically lose when time's up. (requested by joaogotty)
|
|t:|1776052821
|teamsize|p1|6
|teamsize|p2|6
|start
|switch|p1a: Torkoal|Torkoal, M|100/100
|switch|p2a: Meowscarada|Meowscarada, F, shiny|100/100
|-weather|SunnyDay|[from] ability: Drought|[of] p1a: Torkoal
|turn|1
|
|t:|1776052833
|move|p2a: Meowscarada|Knock Off|p1a: Torkoal
|-start|p2a: Meowscarada|typechange|Dark|[from] ability: Protean
|-damage|p1a: Torkoal|67/100
|-enditem|p1a: Torkoal|Heat Rock|[from] move: Knock Off|[of] p2a: Meowscarada
|move|p1a: Torkoal|Stealth Rock|p2a: Meowscarada
|-sidestart|p2: joaogotty|move: Stealth Rock
|
|-weather|SunnyDay|[upkeep]
|upkeep
|turn|2
|
|t:|1776052840
|switch|p2a: Great Tusk|Great Tusk|100/100
|-activate|p2a: Great Tusk|ability: Protosynthesis
|-start|p2a: Great Tusk|protosynthesisatk
|move|p1a: Torkoal|Lava Plume|p2a: Great Tusk
|-damage|p2a: Great Tusk|42/100
|
|-weather|SunnyDay|[upkeep]
|upkeep
|turn|3
|
|t:|1776052854
|switch|p1a: Scream Tail|Scream Tail, shiny|100/100
|-activate|p1a: Scream Tail|ability: Protosynthesis
|-start|p1a: Scream Tail|protosynthesisspe
|move|p2a: Great Tusk|Rapid Spin|p1a: Scream Tail
|-damage|p1a: Scream Tail|83/100
|-boost|p2a: Great Tusk|spe|1
|-sideend|p2: joaogotty|Stealth Rock|[from] move: Rapid Spin|[of] p2a: Great Tusk
|
|-weather|SunnyDay|[upkeep]
|-heal|p1a: Scream Tail|90/100|[from] item: Leftovers
|upkeep
|turn|4
|
|t:|1776052870
|-end|p2a: Great Tusk|Protosynthesis|[silent]
|switch|p2a: Iron Crown|Iron Crown|100/100
|-enditem|p2a: Iron Crown|Booster Energy
|-activate|p2a: Iron Crown|ability: Quark Drive|[fromitem]
|-start|p2a: Iron Crown|quarkdrivespe
|move|p1a: Scream Tail|Dazzling Gleam|p2a: Iron Crown
|-resisted|p2a: Iron Crown
|-damage|p2a: Iron Crown|91/100
|
|-weather|SunnyDay|[upkeep]
|-heal|p1a: Scream Tail|96/100|[from] item: Leftovers
|upkeep
|turn|5
|inactive|nmatt26 has 120 seconds left.
|
|t:|1776052928
|move|p1a: Scream Tail|Protect|p1a: Scream Tail
|-singleturn|p1a: Scream Tail|Protect
|move|p2a: Iron Crown|Calm Mind|p2a: Iron Crown
|-boost|p2a: Iron Crown|spa|1
|-boost|p2a: Iron Crown|spd|1
|
|-weather|SunnyDay|[upkeep]
|-heal|p1a: Scream Tail|100/100|[from] item: Leftovers
|upkeep
|turn|6
|
|t:|1776052948
|move|p1a: Scream Tail|Encore|p2a: Iron Crown
|-start|p2a: Iron Crown|Encore
|move|p2a: Iron Crown|Calm Mind|p2a: Iron Crown
|-boost|p2a: Iron Crown|spa|1
|-boost|p2a: Iron Crown|spd|1
|
|-weather|SunnyDay|[upkeep]
|upkeep
|turn|7
|inactive|nmatt26 has 90 seconds left.
|
|t:|1776052981
|-end|p1a: Scream Tail|Protosynthesis|[silent]
|switch|p1a: Blaziken|Blaziken, M|100/100
|move|p2a: Iron Crown|Calm Mind|p2a: Iron Crown
|-boost|p2a: Iron Crown|spa|1
|-boost|p2a: Iron Crown|spd|1
|
|-weather|SunnyDay|[upkeep]
|upkeep
|turn|8
|
|t:|1776052999
|-end|p2a: Iron Crown|Quark Drive|[silent]
|switch|p2a: Pecharunt|Pecharunt|100/100
|move|p1a: Blaziken|Focus Energy|p1a: Blaziken
|-start|p1a: Blaziken|move: Focus Energy
|
|-weather|none
|-ability|p1a: Blaziken|Speed Boost|boost
|-boost|p1a: Blaziken|spe|1
|upkeep
|turn|9
|inactive|nmatt26 has 90 seconds left.
|
|t:|1776053015
|move|p1a: Blaziken|Overheat|p2a: Pecharunt
|-crit|p2a: Pecharunt
|-damage|p2a: Pecharunt|5/100
|-unboost|p1a: Blaziken|spa|2
|move|p2a: Pecharunt|Toxic|p1a: Blaziken
|-status|p1a: Blaziken|tox
|-start|p1a: Blaziken|confusion|[from] ability: Poison Puppeteer|[of] p2a: Pecharunt
|
|-damage|p1a: Blaziken|95/100 tox|[from] psn
|-ability|p1a: Blaziken|Speed Boost|boost
|-boost|p1a: Blaziken|spe|1
|upkeep
|turn|10
|
|t:|1776053024
|switch|p1a: Torkoal|Torkoal, M|67/100
|-weather|SunnyDay|[from] ability: Drought|[of] p1a: Torkoal
|move|p2a: Pecharunt|Recover|p2a: Pecharunt
|-heal|p2a: Pecharunt|55/100
|
|-weather|SunnyDay|[upkeep]
|upkeep
|turn|11
|
|t:|1776053027
|move|p2a: Pecharunt|Toxic|p1a: Torkoal
|-status|p1a: Torkoal|tox
|-start|p1a: Torkoal|confusion|[from] ability: Poison Puppeteer|[of] p2a: Pecharunt
|-activate|p1a: Torkoal|confusion
|move|p1a: Torkoal|Stealth Rock|p2a: Pecharunt
|-sidestart|p2: joaogotty|move: Stealth Rock
|
|-weather|SunnyDay|[upkeep]
|-damage|p1a: Torkoal|61/100 tox|[from] psn
|upkeep
|turn|12
|
|t:|1776053035
|move|p2a: Pecharunt|Recover|p2a: Pecharunt
|-heal|p2a: Pecharunt|100/100
|-activate|p1a: Torkoal|confusion
|-damage|p1a: Torkoal|56/100 tox|[from] confusion
|
|-weather|SunnyDay|[upkeep]
|-damage|p1a: Torkoal|43/100 tox|[from] psn
|upkeep
|turn|13
|
|t:|1776053041
|switch|p1a: Great Tusk|Great Tusk|100/100
|-activate|p1a: Great Tusk|ability: Protosynthesis
|-start|p1a: Great Tusk|protosynthesisatk
|move|p2a: Pecharunt|Shadow Ball|p1a: Great Tusk
|-damage|p1a: Great Tusk|77/100
|-unboost|p1a: Great Tusk|spd|1
|
|-weather|SunnyDay|[upkeep]
|upkeep
|turn|14
|
|t:|1776053053
|-terastallize|p2a: Pecharunt|Ghost
|move|p1a: Great Tusk|Headlong Rush|p2a: Pecharunt
|-damage|p2a: Pecharunt|65/100
|-unboost|p1a: Great Tusk|def|1
|-unboost|p1a: Great Tusk|spd|1
|move|p2a: Pecharunt|Toxic|p1a: Great Tusk
|-status|p1a: Great Tusk|tox
|-start|p1a: Great Tusk|confusion|[from] ability: Poison Puppeteer|[of] p2a: Pecharunt
|
|-weather|none
|-end|p1a: Great Tusk|Protosynthesis
|-damage|p1a: Great Tusk|71/100 tox|[from] psn
|upkeep
|turn|15
|inactive|nmatt26 has 90 seconds left.
|
|t:|1776053101
|-end|p1a: Great Tusk|Protosynthesis|[silent]
|switch|p1a: Torkoal|Torkoal, M|43/100 tox
|-weather|SunnyDay|[from] ability: Drought|[of] p1a: Torkoal
|move|p2a: Pecharunt|Recover|p2a: Pecharunt
|-heal|p2a: Pecharunt|100/100
|
|-weather|SunnyDay|[upkeep]
|-damage|p1a: Torkoal|37/100 tox|[from] psn
|upkeep
|turn|16
|
|t:|1776053116
|switch|p1a: Venusaur|Venusaur, F|100/100
|move|p2a: Pecharunt|Recover||[still]
|-fail|p2a: Pecharunt|heal
|
|-weather|SunnyDay|[upkeep]
|upkeep
|turn|17
|inactive|nmatt26 has 60 seconds left.
|
|t:|1776053141
|move|p1a: Venusaur|Growth|p1a: Venusaur
|-boost|p1a: Venusaur|atk|2
|-boost|p1a: Venusaur|spa|2
|move|p2a: Pecharunt|Parting Shot|p1a: Venusaur
|-unboost|p1a: Venusaur|atk|1
|-unboost|p1a: Venusaur|spa|1
|
|t:|1776053169
|switch|p2a: Kyurem|Kyurem|100/100|[from] Parting Shot
|-ability|p2a: Kyurem|Pressure
|
|-weather|SunnyDay|[upkeep]
|upkeep
|turn|18
|inactive|nmatt26 has 60 seconds left.
|
|t:|1776053188
|move|p1a: Venusaur|Growth|p1a: Venusaur
|-boost|p1a: Venusaur|atk|2
|-boost|p1a: Venusaur|spa|2
|move|p2a: Kyurem|Icicle Spear|p1a: Venusaur
|-supereffective|p1a: Venusaur
|-damage|p1a: Venusaur|69/100
|-supereffective|p1a: Venusaur
|-crit|p1a: Venusaur
|-damage|p1a: Venusaur|22/100
|-supereffective|p1a: Venusaur
|-damage|p1a: Venusaur|0 fnt
|faint|p1a: Venusaur
|-hitcount|p1: Venusaur|3
|
|-weather|SunnyDay|[upkeep]
|upkeep
|inactive|nmatt26 has 60 seconds left.
|-message|nmatt26 forfeited.
|
|win|joaogotty
|raw|nmatt26's rating: 1407 &rarr; <strong>1391</strong><br />(-16 for losing)
|raw|joaogotty's rating: 1485 &rarr; <strong>1501</strong><br />(+16 for winning)
|l|☆nmatt26
|player|p1|
|l|☆joaogotty
|player|p2|
