|html|<div class="broadcast-blue"><strong>[Gen 9] OU is currently suspecting Volcarona! For information on how to participate check out the <a href="https://www.smogon.com/tools/suspects/view/208">suspect thread</a>.</strong></div>
|j|☆Spikenard
|j|☆oempaloempa69
|t:|1778516077
|gametype|singles
|player|p1|Spikenard|erika-masters|1444
|player|p2|oempaloempa69|101|1442
|gen|9
|tier|[Gen 9] OU
|rated|
|rule|HP Percentage Mod: HP is shown in percentages
|rule|Endless Battle Clause: Forcing endless battles is banned
|rule|Species Clause: Limit one of each Pokémon
|rule|OHKO Clause: OHKO moves are banned
|rule|Evasion Items Clause: Evasion items are banned
|rule|Evasion Moves Clause: Evasion moves are banned
|rule|Evasion Abilities Clause: Evasion abilities are banned
|rule|Sleep Moves Clause: Sleep-inducing moves are banned
|clearpoke
|poke|p1|Cinderace, M|
|poke|p1|Hatterene, F|
|poke|p1|Raging Bolt|
|poke|p1|Kingambit, M|
|poke|p1|Vileplume, F|
|poke|p1|Hoopa-Unbound|
|poke|p2|Weezing-Galar, F|
|poke|p2|Alomomola, M|
|poke|p2|Iron Treads|
|poke|p2|Tornadus-Therian, M|
|poke|p2|Zamazenta-*|
|poke|p2|Lokix, F|
|teampreview
|inactive|Battle timer is ON: inactive players will automatically lose when time's up. (requested by Spikenard)
|
|t:|1778516099
|teamsize|p1|6
|teamsize|p2|6
|start
|switch|p1a: Cinderace|Cinderace, M|100/100
|switch|p2a: Alomomola|Alomomola, M|100/100
|turn|1
|
|t:|1778516106
|move|p1a: Cinderace|U-turn|p2a: Alomomola
|-start|p1a: Cinderace|typechange|Bug|[from] ability: Libero
|-damage|p2a: Alomomola|79/100
|-damage|p1a: Cinderace|84/100|[from] item: Rocky Helmet|[of] p2a: Alomomola
|
|t:|1778516111
|switch|p1a: Vileplume|Vileplume, F|100/100|[from] U-turn
|move|p2a: Alomomola|Flip Turn|p1a: Vileplume
|-resisted|p1a: Vileplume
|-damage|p1a: Vileplume|94/100
|-damage|p2a: Alomomola|62/100|[from] item: Rocky Helmet|[of] p1a: Vileplume
|-status|p2a: Alomomola|par|[from] ability: Effect Spore|[of] p1a: Vileplume
|
|t:|1778516115
|switch|p2a: Lokix|Lokix, F|100/100|[from] Flip Turn
|
|upkeep
|turn|2
|
|t:|1778516123
|-terastallize|p2a: Lokix|Bug
|move|p2a: Lokix|First Impression|p1a: Vileplume
|-damage|p1a: Vileplume|23/100
|-damage|p2a: Lokix|84/100|[from] item: Rocky Helmet|[of] p1a: Vileplume
|move|p1a: Vileplume|Strength Sap|p2a: Lokix
|-unboost|p2a: Lokix|atk|1
|-heal|p1a: Vileplume|100/100
|
|upkeep
|turn|3
|
|t:|1778516130
|switch|p2a: Tornadus|Tornadus-Therian, M|100/100
|move|p1a: Vileplume|Leech Seed|p2a: Tornadus
|-start|p2a: Tornadus|move: Leech Seed
|
|-damage|p2a: Tornadus|88/100|[from] Leech Seed|[of] p1a: Vileplume
|upkeep
|turn|4
|
|t:|1778516139
|move|p2a: Tornadus|Bleakwind Storm|p1a: Vileplume
|-supereffective|p1a: Vileplume
|-damage|p1a: Vileplume|21/100
|move|p1a: Vileplume|Sludge Bomb|p2a: Tornadus
|-damage|p2a: Tornadus|67/100
|
|-damage|p2a: Tornadus|55/100|[from] Leech Seed|[of] p1a: Vileplume
|-heal|p1a: Vileplume|34/100|[silent]
|upkeep
|turn|5
|
|t:|1778516148
|switch|p1a: Hoopa|Hoopa-Unbound|100/100
|move|p2a: Tornadus|U-turn|p1a: Hoopa
|-supereffective|p1a: Hoopa
|-damage|p1a: Hoopa|37/100
|
|t:|1778516151
|switch|p2a: Lokix|Lokix, F, tera:Bug|84/100|[from] U-turn
|
|upkeep
|turn|6
|
|t:|1778516158
|switch|p1a: Vileplume|Vileplume, F|34/100
|move|p2a: Lokix|Knock Off|p1a: Vileplume
|-damage|p1a: Vileplume|0 fnt
|-damage|p2a: Lokix|67/100|[from] item: Rocky Helmet|[of] p1a: Vileplume
|-status|p2a: Lokix|psn|[from] ability: Effect Spore|[of] p1a: Vileplume
|-enditem|p1a: Vileplume|Rocky Helmet|[from] move: Knock Off|[of] p2a: Lokix
|faint|p1a: Vileplume
|
|-damage|p2a: Lokix|55/100 psn|[from] psn
|upkeep
|
|t:|1778516173
|switch|p1a: Cinderace|Cinderace, M|84/100
|turn|7
|
|t:|1778516200
|switch|p2a: Alomomola|Alomomola, M|96/100 par
|move|p1a: Cinderace|Pyro Ball|p2a: Alomomola
|-resisted|p2a: Alomomola
|-damage|p2a: Alomomola|78/100 par
|
|upkeep
|turn|8
|
|t:|1778516212
|switch|p1a: Hatterene|Hatterene, F|100/100
|move|p2a: Alomomola|Flip Turn|p1a: Hatterene
|-damage|p1a: Hatterene|88/100
|
|t:|1778516220
|switch|p2a: Tornadus|Tornadus-Therian, M|88/100|[from] Flip Turn
|
|-heal|p1a: Hatterene|94/100|[from] item: Leftovers
|upkeep
|turn|9
|
|t:|1778516225
|move|p2a: Tornadus|Knock Off|p1a: Hatterene
|-damage|p1a: Hatterene|78/100
|-enditem|p1a: Hatterene|Leftovers|[from] move: Knock Off|[of] p2a: Tornadus
|move|p1a: Hatterene|Calm Mind|p1a: Hatterene
|-boost|p1a: Hatterene|spa|1
|-boost|p1a: Hatterene|spd|1
|
|upkeep
|turn|10
|
|t:|1778516239
|move|p2a: Tornadus|Bleakwind Storm|p1a: Hatterene
|-damage|p1a: Hatterene|54/100
|move|p1a: Hatterene|Calm Mind|p1a: Hatterene
|-boost|p1a: Hatterene|spa|1
|-boost|p1a: Hatterene|spd|1
|
|upkeep
|turn|11
|
|t:|1778516242
|move|p2a: Tornadus|U-turn|p1a: Hatterene
|-damage|p1a: Hatterene|41/100
|
|t:|1778516246
|switch|p2a: Iron Treads|Iron Treads|100/100|[from] U-turn
|move|p1a: Hatterene|Draining Kiss|p2a: Iron Treads
|-resisted|p2a: Iron Treads
|-damage|p2a: Iron Treads|75/100
|-heal|p1a: Hatterene|63/100|[from] drain|[of] p2a: Iron Treads
|
|-heal|p2a: Iron Treads|82/100|[from] item: Leftovers
|upkeep
|turn|12
|
|t:|1778516251
|-terastallize|p1a: Hatterene|Water
|move|p2a: Iron Treads|Earthquake|p1a: Hatterene
|-damage|p1a: Hatterene|31/100
|move|p1a: Hatterene|Mystical Fire|p2a: Iron Treads
|-supereffective|p2a: Iron Treads
|-damage|p2a: Iron Treads|0 fnt
|faint|p2a: Iron Treads
|-end|p2a: Iron Treads|Quark Drive|[silent]
|
|upkeep
|
|t:|1778516260
|switch|p2a: Lokix|Lokix, F, tera:Bug|55/100 psn
|turn|13
|
|t:|1778516266
|move|p2a: Lokix|U-turn|p1a: Hatterene
|-crit|p1a: Hatterene
|-damage|p1a: Hatterene|0 fnt
|faint|p1a: Hatterene
|
|t:|1778516272
|switch|p2a: Zamazenta|Zamazenta|100/100|[from] U-turn
|-ability|p2a: Zamazenta|Dauntless Shield|boost
|-boost|p2a: Zamazenta|def|1
|
|upkeep
|
|t:|1778516279
|switch|p1a: Raging Bolt|Raging Bolt|100/100
|-enditem|p1a: Raging Bolt|Booster Energy
|-activate|p1a: Raging Bolt|ability: Protosynthesis|[fromitem]
|-start|p1a: Raging Bolt|protosynthesisspa
|turn|14
|
|t:|1778516286
|move|p2a: Zamazenta|Close Combat|p1a: Raging Bolt
|-damage|p1a: Raging Bolt|19/100
|-unboost|p2a: Zamazenta|def|1
|-unboost|p2a: Zamazenta|spd|1
|move|p1a: Raging Bolt|Thunderbolt|p2a: Zamazenta
|-damage|p2a: Zamazenta|12/100
|
|upkeep
|turn|15
|
|t:|1778516294
|move|p1a: Raging Bolt|Thunderclap|p2a: Zamazenta
|-damage|p2a: Zamazenta|0 fnt
|faint|p2a: Zamazenta
|
|upkeep
|
|t:|1778516297
|switch|p2a: Lokix|Lokix, F, tera:Bug|55/100 psn
|turn|16
|
|t:|1778516302
|move|p2a: Lokix|First Impression|p1a: Raging Bolt
|-damage|p1a: Raging Bolt|0 fnt
|faint|p1a: Raging Bolt
|-end|p1a: Raging Bolt|Protosynthesis|[silent]
|
|-damage|p2a: Lokix|43/100 psn|[from] psn
|upkeep
|
|t:|1778516309
|switch|p1a: Kingambit|Kingambit, M|100/100
|-activate|p1a: Kingambit|ability: Supreme Overlord
|-start|p1a: Kingambit|fallen3|[silent]
|turn|17
|
|t:|1778516316
|switch|p2a: Weezing|Weezing-Galar, F|100/100
|-ability|p2a: Weezing|Neutralizing Gas
|move|p1a: Kingambit|Swords Dance|p1a: Kingambit
|-boost|p1a: Kingambit|atk|2
|
|upkeep
|turn|18
|
|t:|1778516319
|move|p2a: Weezing|Will-O-Wisp|p1a: Kingambit
|-status|p1a: Kingambit|brn
|move|p1a: Kingambit|Iron Head|p2a: Weezing
|-supereffective|p2a: Weezing
|-damage|p2a: Weezing|34/100
|
|-heal|p2a: Weezing|40/100|[from] item: Leftovers
|-damage|p1a: Kingambit|94/100 brn|[from] brn
|upkeep
|turn|19
|
|t:|1778516322
|-end|p2a: Weezing|ability: Neutralizing Gas
|-activate|p1a: Kingambit|ability: Supreme Overlord
|-start|p1a: Kingambit|fallen3|[silent]
|switch|p2a: Alomomola|Alomomola, M|100/100 par
|move|p1a: Kingambit|Iron Head|p2a: Alomomola
|-resisted|p2a: Alomomola
|-damage|p2a: Alomomola|82/100 par
|-damage|p1a: Kingambit|78/100 brn|[from] item: Rocky Helmet|[of] p2a: Alomomola
|
|-heal|p1a: Kingambit|84/100 brn|[from] item: Leftovers
|-damage|p1a: Kingambit|78/100 brn|[from] brn
|upkeep
|turn|20
|
|t:|1778516329
|move|p1a: Kingambit|Swords Dance|p1a: Kingambit
|-boost|p1a: Kingambit|atk|2
|move|p2a: Alomomola|Wish|p2a: Alomomola
|
|-heal|p1a: Kingambit|84/100 brn|[from] item: Leftovers
|-damage|p1a: Kingambit|78/100 brn|[from] brn
|upkeep
|turn|21
|
|t:|1778516335
|move|p1a: Kingambit|Swords Dance|p1a: Kingambit
|-boost|p1a: Kingambit|atk|2
|move|p2a: Alomomola|Flip Turn|p1a: Kingambit
|-damage|p1a: Kingambit|65/100 brn
|
|t:|1778516337
|switch|p2a: Lokix|Lokix, F, tera:Bug|43/100 psn|[from] Flip Turn
|
|-heal|p2a: Lokix|100/100 psn|[from] move: Wish|[wisher] Alomomola
|-heal|p1a: Kingambit|72/100 brn|[from] item: Leftovers
|-damage|p2a: Lokix|88/100 psn|[from] psn
|-damage|p1a: Kingambit|65/100 brn|[from] brn
|upkeep
|turn|22
|
|t:|1778516340
|move|p2a: Lokix|First Impression|p1a: Kingambit
|-crit|p1a: Kingambit
|-damage|p1a: Kingambit|0 fnt
|faint|p1a: Kingambit
|-end|p1a: Kingambit|fallen3|[silent]
|
|-damage|p2a: Lokix|76/100 psn|[from] psn
|upkeep
|-message|Spikenard forfeited.
|
|win|oempaloempa69
|raw|Spikenard's rating: 1444 &rarr; <strong>1424</strong><br />(-20 for losing)
|raw|oempaloempa69's rating: 1442 &rarr; <strong>1462</strong><br />(+20 for winning)
|l|☆Spikenard
|player|p1|
|l|☆oempaloempa69
|player|p2|
