|html|<div class="broadcast-blue"><strong>[Gen 9] OU is currently suspecting Volcarona! For information on how to participate check out the <a href="https://www.smogon.com/tools/suspects/view/208">suspect thread</a>.</strong></div>
|j|☆bobbybobby123
|j|☆Dreadblaze
|t:|1778510736
|gametype|singles
|player|p1|bobbybobby123|169|1555
|player|p2|Dreadblaze|burglar|1520
|gen|9
|tier|[Gen 9] OU
|rated|
|rule|HP Percentage Mod: HP is shown in percentages
|rule|Endless Battle Clause: Forcing endless battles is banned
|rule|Species Clause: Limit one of each Pokémon
|rule|OHKO Clause: OHKO moves are banned
|rule|Evasion Items Clause: Evasion items are banned
|rule|Evasion Moves Clause: Evasion moves are banned
|rule|Evasion Abilities Clause: Evasion abilities are banned
|rule|Sleep Moves Clause: Sleep-inducing moves are banned
|clearpoke
|poke|p1|Ogerpon-Wellspring, F|
|poke|p1|Ninetales-Alola, M|
|poke|p1|Great Tusk|
|poke|p1|Kyurem|
|poke|p1|Slowking-Galar, M|
|poke|p1|Dragapult, M|
|poke|p2|Zamazenta-*|
|poke|p2|Meowscarada, M|
|poke|p2|Cinderace, M|
|poke|p2|Garganacl, M|
|poke|p2|Regieleki|
|poke|p2|Toxapex, M|
|teampreview
|
|t:|1778510778
|teamsize|p1|6
|teamsize|p2|6
|start
|switch|p1a: Dragapult|Dragapult, M|100/100
|switch|p2a: Meowscarada|Meowscarada, M|100/100
|turn|1
|inactive|Battle timer is ON: inactive players will automatically lose when time's up. (requested by bobbybobby123)
|
|t:|1778510793
|switch|p1a: Ninetales|Ninetales-Alola, M, shiny|100/100
|-weather|Snowscape|[from] ability: Snow Warning|[of] p1a: Ninetales
|move|p2a: Meowscarada|Triple Axel|p1a: Ninetales
|-start|p2a: Meowscarada|typechange|Ice|[from] ability: Protean
|-resisted|p1a: Ninetales
|-damage|p1a: Ninetales|96/100
|-resisted|p1a: Ninetales
|-damage|p1a: Ninetales|89/100
|-resisted|p1a: Ninetales
|-damage|p1a: Ninetales|78/100
|-hitcount|p1a: Ninetales|3
|
|-weather|Snowscape|[upkeep]
|upkeep
|turn|2
|
|t:|1778510805
|switch|p2a: Cinderace|Cinderace, M|100/100
|move|p1a: Ninetales|Aurora Veil|p1a: Ninetales
|-sidestart|p1: bobbybobby123|move: Aurora Veil
|
|-weather|Snowscape|[upkeep]
|upkeep
|turn|3
|
|t:|1778510810
|move|p2a: Cinderace|Court Change|p2a: Cinderace
|-start|p2a: Cinderace|typechange|Normal|[from] ability: Libero
|-swapsideconditions
|-activate|p2a: Cinderace|move: Court Change
|move|p1a: Ninetales|Encore|p2a: Cinderace
|-start|p2a: Cinderace|Encore
|
|-weather|Snowscape|[upkeep]
|upkeep
|turn|4
|
|t:|1778510817
|switch|p2a: Toxapex|Toxapex, M|100/100
|move|p1a: Ninetales|Aurora Veil|p1a: Ninetales
|-sidestart|p1: bobbybobby123|move: Aurora Veil
|
|-weather|Snowscape|[upkeep]
|upkeep
|turn|5
|
|t:|1778510827
|switch|p1a: Slowking|Slowking-Galar, M, shiny|100/100
|move|p2a: Toxapex|Sludge Bomb|p1a: Slowking
|-resisted|p1a: Slowking
|-damage|p1a: Slowking|94/100
|
|-weather|none
|-heal|p1a: Slowking|100/100|[from] item: Leftovers
|upkeep
|turn|6
|
|t:|1778510841
|switch|p2a: Garganacl|Garganacl, M|100/100
|move|p1a: Slowking|Thunder Wave|p2a: Garganacl
|-immune|p2a: Garganacl|[from] ability: Purifying Salt
|
|upkeep
|turn|7
|
|t:|1778510849
|move|p2a: Garganacl|Salt Cure|p1a: Slowking
|-damage|p1a: Slowking|95/100
|-start|p1a: Slowking|Salt Cure
|move|p1a: Slowking|Future Sight|p2a: Garganacl
|-start|p1a: Slowking|move: Future Sight
|
|-heal|p1a: Slowking|100/100|[from] item: Leftovers
|-damage|p1a: Slowking|88/100|[from] Salt Cure
|upkeep
|turn|8
|
|t:|1778510857
|move|p2a: Garganacl|Curse|p2a: Garganacl
|-unboost|p2a: Garganacl|spe|1
|-boost|p2a: Garganacl|atk|1
|-boost|p2a: Garganacl|def|1
|-prepare|p1a: Slowking|Chilly Reception|[premajor]
|move|p1a: Slowking|Chilly Reception|p1a: Slowking
|-weather|Snowscape
|inactive|bobbybobby123 has 120 seconds left.
|
|t:|1778510890
|switch|p1a: Ogerpon|Ogerpon-Wellspring, F|100/100|[from] Chilly Reception
|
|-weather|Snowscape|[upkeep]
|upkeep
|turn|9
|
|t:|1778510898
|-terastallize|p2a: Garganacl|Ghost
|move|p1a: Ogerpon|Substitute|p1a: Ogerpon
|-start|p1a: Ogerpon|Substitute
|-damage|p1a: Ogerpon|76/100
|move|p2a: Garganacl|Salt Cure|p1a: Ogerpon
|-activate|p1a: Ogerpon|move: Substitute|[damage]
|
|-weather|Snowscape|[upkeep]
|-end|p2a: Garganacl|move: Future Sight
|-damage|p2a: Garganacl|79/100
|-sideend|p2: Dreadblaze|move: Aurora Veil
|upkeep
|turn|10
|
|t:|1778510908
|move|p1a: Ogerpon|Swords Dance|p1a: Ogerpon
|-boost|p1a: Ogerpon|atk|2
|move|p2a: Garganacl|Salt Cure|p1a: Ogerpon
|-end|p1a: Ogerpon|Substitute
|
|-weather|Snowscape|[upkeep]
|upkeep
|turn|11
|
|t:|1778510914
|-terastallize|p1a: Ogerpon|Water
|detailschange|p1a: Ogerpon|Ogerpon-Wellspring-Tera, F, tera:Water
|-ability|p1a: Ogerpon|Embody Aspect (Wellspring)|boost
|-boost|p1a: Ogerpon|spd|1
|move|p1a: Ogerpon|Ivy Cudgel|p2a: Garganacl|[anim] Ivy Cudgel Water
|-damage|p2a: Garganacl|26/100
|move|p2a: Garganacl|Salt Cure|p1a: Ogerpon
|-damage|p1a: Ogerpon|62/100
|-start|p1a: Ogerpon|Salt Cure
|
|-weather|Snowscape|[upkeep]
|-damage|p1a: Ogerpon|37/100|[from] Salt Cure
|-sideend|p1: bobbybobby123|move: Aurora Veil
|upkeep
|turn|12
|
|t:|1778510927
|move|p2a: Garganacl|Protect|p2a: Garganacl
|-singleturn|p2a: Garganacl|Protect
|move|p1a: Ogerpon|Ivy Cudgel|p2a: Garganacl|[anim] Ivy Cudgel Water
|-activate|p2a: Garganacl|move: Protect
|
|-weather|none
|-damage|p1a: Ogerpon|12/100|[from] Salt Cure
|upkeep
|turn|13
|
|t:|1778510936
|switch|p2a: Toxapex|Toxapex, M|100/100
|move|p1a: Ogerpon|Ivy Cudgel|p2a: Toxapex|[anim] Ivy Cudgel Water
|-resisted|p2a: Toxapex
|-damage|p2a: Toxapex|38/100
|
|-damage|p1a: Ogerpon|0 fnt|[from] Salt Cure
|faint|p1a: Ogerpon
|detailschange|p1: Ogerpon|Ogerpon-Wellspring, F|[silent]
|upkeep
|
|t:|1778510951
|switch|p1a: Great Tusk|Great Tusk, shiny|100/100
|-enditem|p1a: Great Tusk|Booster Energy
|-activate|p1a: Great Tusk|ability: Protosynthesis|[fromitem]
|-start|p1a: Great Tusk|protosynthesisatk
|turn|14
|
|t:|1778510958
|move|p1a: Great Tusk|Headlong Rush|p2a: Toxapex
|-supereffective|p2a: Toxapex
|-damage|p2a: Toxapex|0 fnt
|-unboost|p1a: Great Tusk|def|1
|-unboost|p1a: Great Tusk|spd|1
|faint|p2a: Toxapex
|
|upkeep
|
|t:|1778510964
|switch|p2a: Meowscarada|Meowscarada, M|100/100
|turn|15
|
|t:|1778510979
|-end|p1a: Great Tusk|Protosynthesis|[silent]
|switch|p1a: Slowking|Slowking-Galar, M, shiny|100/100
|move|p2a: Meowscarada|Triple Axel|p1a: Slowking
|-start|p2a: Meowscarada|typechange|Ice|[from] ability: Protean
|-damage|p1a: Slowking|94/100
|-damage|p1a: Slowking|80/100
|-damage|p1a: Slowking|60/100
|-hitcount|p1a: Slowking|3
|
|-heal|p1a: Slowking|66/100|[from] item: Leftovers
|upkeep
|turn|16
|
|t:|1778510995
|switch|p2a: Garganacl|Garganacl, M, tera:Ghost|26/100
|move|p1a: Slowking|Future Sight|p2a: Garganacl
|-start|p1a: Slowking|move: Future Sight
|
|-heal|p1a: Slowking|72/100|[from] item: Leftovers
|upkeep
|turn|17
|
|t:|1778511006
|move|p2a: Garganacl|Recover|p2a: Garganacl
|-heal|p2a: Garganacl|76/100
|-prepare|p1a: Slowking|Chilly Reception|[premajor]
|move|p1a: Slowking|Chilly Reception|p1a: Slowking
|-weather|Snowscape
|
|t:|1778511021
|switch|p1a: Ninetales|Ninetales-Alola, M, shiny|78/100|[from] Chilly Reception
|
|-weather|Snowscape|[upkeep]
|upkeep
|turn|18
|
|t:|1778511041
|move|p2a: Garganacl|Protect|p2a: Garganacl
|-singleturn|p2a: Garganacl|Protect
|move|p1a: Ninetales|Blizzard|p2a: Garganacl
|-activate|p2a: Garganacl|move: Protect
|
|-weather|Snowscape|[upkeep]
|-end|p2a: Garganacl|move: Future Sight
|-damage|p2a: Garganacl|38/100
|upkeep
|turn|19
|
|t:|1778511052
|switch|p2a: Cinderace|Cinderace, M|100/100
|move|p1a: Ninetales|Encore||[still]
|-fail|p1a: Ninetales
|
|-weather|Snowscape|[upkeep]
|upkeep
|turn|20
|
|t:|1778511068
|switch|p1a: Slowking|Slowking-Galar, M, shiny|100/100
|move|p2a: Cinderace|Pyro Ball|p1a: Slowking
|-damage|p1a: Slowking|59/100
|
|-weather|Snowscape|[upkeep]
|-heal|p1a: Slowking|65/100|[from] item: Leftovers
|upkeep
|turn|21
|
|t:|1778511080
|move|p2a: Cinderace|Pyro Ball|p1a: Slowking
|-damage|p1a: Slowking|21/100
|move|p1a: Slowking|Future Sight|p2a: Cinderace
|-start|p1a: Slowking|move: Future Sight
|
|-weather|none
|-heal|p1a: Slowking|27/100|[from] item: Leftovers
|upkeep
|turn|22
|
|t:|1778511091
|switch|p1a: Great Tusk|Great Tusk, shiny|100/100
|move|p2a: Cinderace|U-turn|p1a: Great Tusk
|-start|p2a: Cinderace|typechange|Bug|[from] ability: Libero
|-resisted|p1a: Great Tusk
|-damage|p1a: Great Tusk|89/100
|
|t:|1778511099
|switch|p2a: Meowscarada|Meowscarada, M|100/100|[from] U-turn
|
|upkeep
|turn|23
|
|t:|1778511120
|-end|p1a: Great Tusk|Protosynthesis|[silent]
|switch|p1a: Ninetales|Ninetales-Alola, M, shiny|78/100
|-weather|Snowscape|[from] ability: Snow Warning|[of] p1a: Ninetales
|move|p2a: Meowscarada|Sucker Punch||[still]
|-fail|p2a: Meowscarada
|
|-weather|Snowscape|[upkeep]
|-end|p2a: Meowscarada|move: Future Sight
|-immune|p2a: Meowscarada
|upkeep
|turn|24
|
|t:|1778511132
|switch|p2a: Cinderace|Cinderace, M|100/100
|switch|p1a: Slowking|Slowking-Galar, M, shiny|60/100
|
|-weather|Snowscape|[upkeep]
|-heal|p1a: Slowking|66/100|[from] item: Leftovers
|upkeep
|turn|25
|
|t:|1778511137
|move|p2a: Cinderace|Pyro Ball|p1a: Slowking
|-damage|p1a: Slowking|26/100
|move|p1a: Slowking|Thunder Wave|p2a: Cinderace
|-status|p2a: Cinderace|par
|
|-weather|Snowscape|[upkeep]
|-heal|p1a: Slowking|32/100|[from] item: Leftovers
|upkeep
|turn|26
|inactive|bobbybobby123 has 120 seconds left.
|
|t:|1778511173
|move|p2a: Cinderace|U-turn|p1a: Slowking
|-start|p2a: Cinderace|typechange|Bug|[from] ability: Libero
|-crit|p1a: Slowking
|-damage|p1a: Slowking|0 fnt
|faint|p1a: Slowking
|
|t:|1778511186
|switch|p2a: Meowscarada|Meowscarada, M|100/100|[from] U-turn
|
|-weather|Snowscape|[upkeep]
|upkeep
|inactive|bobbybobby123 has 120 seconds left.
|
|t:|1778511205
|switch|p1a: Kyurem|Kyurem, shiny|100/100
|-ability|p1a: Kyurem|Pressure
|turn|27
|
|t:|1778511213
|move|p2a: Meowscarada|U-turn|p1a: Kyurem
|-start|p2a: Meowscarada|typechange|Bug|[from] ability: Protean
|-damage|p1a: Kyurem|86/100
|
|t:|1778511221
|switch|p2a: Zamazenta|Zamazenta|100/100|[from] U-turn
|-ability|p2a: Zamazenta|Dauntless Shield|boost
|-boost|p2a: Zamazenta|def|1
|move|p1a: Kyurem|Dragon Dance|p1a: Kyurem
|-boost|p1a: Kyurem|atk|1
|-boost|p1a: Kyurem|spe|1
|
|-weather|none
|upkeep
|turn|28
|
|t:|1778511229
|move|p1a: Kyurem|Icicle Spear|p2a: Zamazenta
|-damage|p2a: Zamazenta|89/100
|-damage|p2a: Zamazenta|78/100
|-damage|p2a: Zamazenta|66/100
|-damage|p2a: Zamazenta|55/100
|-hitcount|p2a: Zamazenta|4
|move|p2a: Zamazenta|Close Combat|p1a: Kyurem
|-supereffective|p1a: Kyurem
|-damage|p1a: Kyurem|0 fnt
|-unboost|p2a: Zamazenta|def|1
|-unboost|p2a: Zamazenta|spd|1
|faint|p1a: Kyurem
|-damage|p2a: Zamazenta|45/100|[from] item: Life Orb
|
|upkeep
|inactive|bobbybobby123 has 120 seconds left.
|
|t:|1778511263
|switch|p1a: Great Tusk|Great Tusk, shiny|89/100
|turn|29
|
|t:|1778511273
|move|p2a: Zamazenta|Close Combat|p1a: Great Tusk
|-damage|p1a: Great Tusk|31/100
|-unboost|p2a: Zamazenta|def|1
|-unboost|p2a: Zamazenta|spd|1
|-damage|p2a: Zamazenta|36/100|[from] item: Life Orb
|move|p1a: Great Tusk|Rapid Spin|p2a: Zamazenta
|-damage|p2a: Zamazenta|13/100
|-boost|p1a: Great Tusk|spe|1
|
|upkeep
|turn|30
|inactive|bobbybobby123 has 120 seconds left.
|
|t:|1778511286
|move|p2a: Zamazenta|Quick Attack|p1a: Great Tusk
|-damage|p1a: Great Tusk|18/100
|-damage|p2a: Zamazenta|3/100|[from] item: Life Orb
|move|p1a: Great Tusk|Ice Spinner|p2a: Zamazenta
|-damage|p2a: Zamazenta|0 fnt
|faint|p2a: Zamazenta
|
|upkeep
|inactive|Dreadblaze has 120 seconds left.
|l|☆Dreadblaze
|inactive|Dreadblaze disconnected and has a minute to reconnect!
|player|p2|
|j|☆Dreadblaze
|inactive|Dreadblaze reconnected and has 90 seconds left.
|player|p2|Dreadblaze|burglar|
|
|t:|1778511349
|switch|p2a: Meowscarada|Meowscarada, M|100/100
|turn|31
|inactive|Dreadblaze has 90 seconds left.
|
|t:|1778511359
|move|p2a: Meowscarada|Triple Axel|p1a: Great Tusk
|-start|p2a: Meowscarada|typechange|Ice|[from] ability: Protean
|-supereffective|p1a: Great Tusk
|-damage|p1a: Great Tusk|5/100
|-hitcount|p1a: Great Tusk|1
|move|p1a: Great Tusk|Ice Spinner|p2a: Meowscarada
|-resisted|p2a: Meowscarada
|-damage|p2a: Meowscarada|79/100
|
|upkeep
|turn|32
|inactive|Dreadblaze has 90 seconds left.
|inactive|bobbybobby123 has 120 seconds left.
|
|t:|1778511375
|-end|p1a: Great Tusk|Protosynthesis|[silent]
|switch|p1a: Ninetales|Ninetales-Alola, M, shiny|78/100
|-weather|Snowscape|[from] ability: Snow Warning|[of] p1a: Ninetales
|move|p2a: Meowscarada|Triple Axel|p1a: Ninetales
|-resisted|p1a: Ninetales
|-damage|p1a: Ninetales|73/100
|-resisted|p1a: Ninetales
|-damage|p1a: Ninetales|66/100
|-resisted|p1a: Ninetales
|-damage|p1a: Ninetales|55/100
|-hitcount|p1a: Ninetales|3
|
|-weather|Snowscape|[upkeep]
|upkeep
|turn|33
|inactive|Dreadblaze has 90 seconds left.
|inactive|Dreadblaze has 60 seconds left.
|inactive|Dreadblaze has 30 seconds left.
|inactive|Dreadblaze has 20 seconds left.
|inactive|Dreadblaze has 15 seconds left.
|inactive|Dreadblaze has 10 seconds left.
|inactive|Dreadblaze has 5 seconds left.
|
|t:|1778511468
|move|p2a: Meowscarada|Triple Axel|p1a: Ninetales
|-resisted|p1a: Ninetales
|-damage|p1a: Ninetales|50/100
|-resisted|p1a: Ninetales
|-damage|p1a: Ninetales|42/100
|-resisted|p1a: Ninetales
|-damage|p1a: Ninetales|31/100
|-hitcount|p1a: Ninetales|3
|move|p1a: Ninetales|Aurora Veil|p1a: Ninetales
|-sidestart|p1: bobbybobby123|move: Aurora Veil
|
|-weather|Snowscape|[upkeep]
|upkeep
|turn|34
|inactive|Dreadblaze has 15 seconds left this turn.
|inactive|Dreadblaze has 10 seconds left.
|inactive|bobbybobby123 has 120 seconds left.
|
|t:|1778511489
|switch|p2a: Cinderace|Cinderace, M|100/100 par
|move|p1a: Ninetales|Blizzard|p2a: Cinderace
|-resisted|p2a: Cinderace
|-damage|p2a: Cinderace|80/100 par
|
|-weather|Snowscape|[upkeep]
|upkeep
|turn|35
|inactive|Dreadblaze has 20 seconds left this turn.
|inactive|bobbybobby123 has 120 seconds left.
|inactive|Dreadblaze has 15 seconds left.
|
|t:|1778511519
|switch|p1a: Dragapult|Dragapult, M|100/100
|cant|p2a: Cinderace|par
|
|-weather|Snowscape|[upkeep]
|upkeep
|turn|36
|inactive|Dreadblaze has 25 seconds left this turn.
|
|t:|1778511524
|move|p1a: Dragapult|Substitute|p1a: Dragapult
|-start|p1a: Dragapult|Substitute
|-damage|p1a: Dragapult|76/100
|move|p2a: Cinderace|Court Change|p2a: Cinderace
|-start|p2a: Cinderace|typechange|Normal|[from] ability: Libero
|-swapsideconditions
|-activate|p2a: Cinderace|move: Court Change
|
|-weather|none
|-heal|p1a: Dragapult|82/100|[from] item: Leftovers
|upkeep
|turn|37
|inactive|Dreadblaze has 30 seconds left.
|inactive|Dreadblaze has 20 seconds left.
|
|t:|1778511540
|cant|p2a: Cinderace|par
|move|p1a: Dragapult|Dragon Dance|p1a: Dragapult
|-boost|p1a: Dragapult|atk|1
|-boost|p1a: Dragapult|spe|1
|
|-heal|p1a: Dragapult|88/100|[from] item: Leftovers
|upkeep
|turn|38
|inactive|Dreadblaze has 30 seconds left this turn.
|inactive|bobbybobby123 has 120 seconds left.
|
|t:|1778511560
|switch|p2a: Garganacl|Garganacl, M, tera:Ghost|38/100
|move|p1a: Dragapult|Dragon Dance|p1a: Dragapult
|-boost|p1a: Dragapult|atk|1
|-boost|p1a: Dragapult|spe|1
|
|-heal|p1a: Dragapult|94/100|[from] item: Leftovers
|upkeep
|turn|39
|
|t:|1778511577
|move|p1a: Dragapult|Dragon Darts|p2a: Garganacl
|-damage|p2a: Garganacl|24/100
|-anim|p1a: Dragapult|Dragon Darts|p2a: Garganacl
|-damage|p2a: Garganacl|11/100
|move|p2a: Garganacl|Curse|p1a: Dragapult
|-start|p1a: Dragapult|Curse|[of] p2a: Garganacl
|-damage|p2a: Garganacl|0 fnt
|faint|p2a: Garganacl
|
|-heal|p1a: Dragapult|99/100|[from] item: Leftovers
|-damage|p1a: Dragapult|75/100|[from] Curse
|upkeep
|inactive|Dreadblaze has 30 seconds left.
|
|t:|1778511592
|switch|p2a: Cinderace|Cinderace, M|80/100 par
|turn|40
|
|t:|1778511603
|move|p2a: Cinderace|Sucker Punch|p1a: Dragapult
|-start|p2a: Cinderace|typechange|Dark|[from] ability: Libero
|-supereffective|p1a: Dragapult
|-end|p1a: Dragapult|Substitute
|move|p1a: Dragapult|Dragon Darts|p2a: Cinderace
|-damage|p2a: Cinderace|44/100 par
|-anim|p1a: Dragapult|Dragon Darts|p2a: Cinderace
|-damage|p2a: Cinderace|11/100 par
|
|-heal|p1a: Dragapult|81/100|[from] item: Leftovers
|-damage|p1a: Dragapult|56/100|[from] Curse
|-sideend|p2: Dreadblaze|move: Aurora Veil
|upkeep
|turn|41
|inactive|bobbybobby123 has 120 seconds left.
|inactive|Dreadblaze has 30 seconds left.
|
|t:|1778511619
|move|p2a: Cinderace|Sucker Punch||[still]
|-fail|p2a: Cinderace
|move|p1a: Dragapult|Substitute|p1a: Dragapult
|-start|p1a: Dragapult|Substitute
|-damage|p1a: Dragapult|31/100
|
|-heal|p1a: Dragapult|37/100|[from] item: Leftovers
|-damage|p1a: Dragapult|12/100|[from] Curse
|upkeep
|turn|42
|inactive|Dreadblaze has 30 seconds left.
|
|t:|1778511632
|move|p2a: Cinderace|Sucker Punch|p1a: Dragapult
|-supereffective|p1a: Dragapult
|-end|p1a: Dragapult|Substitute
|move|p1a: Dragapult|Dragon Darts|p2a: Cinderace
|-damage|p2a: Cinderace|0 fnt
|faint|p2a: Cinderace
|
|-heal|p1a: Dragapult|18/100|[from] item: Leftovers
|-damage|p1a: Dragapult|0 fnt|[from] Curse
|faint|p1a: Dragapult
|upkeep
|inactive|Dreadblaze has 30 seconds left.
|
|t:|1778511643
|switch|p1a: Ninetales|Ninetales-Alola, M, shiny|31/100
|switch|p2a: Meowscarada|Meowscarada, M|79/100
|-weather|Snowscape|[from] ability: Snow Warning|[of] p1a: Ninetales
|turn|43
|
|t:|1778511648
|move|p2a: Meowscarada|U-turn|p1a: Ninetales
|-start|p2a: Meowscarada|typechange|Bug|[from] ability: Protean
|-resisted|p1a: Ninetales
|-damage|p1a: Ninetales|19/100
|
|t:|1778511653
|switch|p2a: Regieleki|Regieleki|100/100|[from] U-turn
|move|p1a: Ninetales|Blizzard|p2a: Regieleki
|-damage|p2a: Regieleki|45/100
|-status|p2a: Regieleki|frz
|
|-weather|Snowscape|[upkeep]
|upkeep
|turn|44
|
|t:|1778511658
|switch|p1a: Great Tusk|Great Tusk, shiny|5/100
|cant|p2a: Regieleki|frz
|
|-weather|Snowscape|[upkeep]
|upkeep
|turn|45
|
|t:|1778511662
|cant|p2a: Regieleki|frz
|move|p1a: Great Tusk|Rapid Spin|p2a: Regieleki
|-damage|p2a: Regieleki|15/100 frz
|-boost|p1a: Great Tusk|spe|1
|
|-weather|Snowscape|[upkeep]
|upkeep
|turn|46
|
|t:|1778511667
|move|p1a: Great Tusk|Rapid Spin|p2a: Regieleki
|-damage|p2a: Regieleki|0 fnt
|-boost|p1a: Great Tusk|spe|1
|faint|p2a: Regieleki
|
|-weather|Snowscape|[upkeep]
|upkeep
|
|t:|1778511668
|switch|p2a: Meowscarada|Meowscarada, M|79/100
|turn|47
|
|t:|1778511672
|move|p1a: Great Tusk|Ice Spinner|p2a: Meowscarada
|-supereffective|p2a: Meowscarada
|-damage|p2a: Meowscarada|0 fnt
|faint|p2a: Meowscarada
|
|win|bobbybobby123
|raw|bobbybobby123's rating: 1555 &rarr; <strong>1573</strong><br />(+18 for winning)
|raw|Dreadblaze's rating: 1520 &rarr; <strong>1502</strong><br />(-18 for losing)
|l|☆Dreadblaze
|player|p2|
|l|☆bobbybobby123
|player|p1|
