|html|<div class="broadcast-blue"><strong>[Gen 9] OU is currently suspecting Tera Blast! For information on how to participate check out the <a href="https://www.smogon.com/tools/suspects/view/200">suspect thread</a>.</strong></div>
|j|☆tloombender
|j|☆FALLPIX0
|t:|1776063792
|gametype|singles
|player|p1|tloombender|clair|1220
|player|p2|FALLPIX0|jacq|1149
|gen|9
|tier|[Gen 9] OU
|rated|
|rule|HP Percentage Mod: HP is shown in percentages
|rule|Endless Battle Clause: Forcing endless battles is banned
|rule|Species Clause: Limit one of each Pokémon
|rule|OHKO Clause: OHKO moves are banned
|rule|Evasion Items Clause: Evasion items are banned
|rule|Evasion Moves Clause: Evasion moves are banned
|rule|Evasion Abilities Clause: Evasion abilities are banned
|rule|Sleep Moves Clause: Sleep-inducing moves are banned
|clearpoke
|poke|p1|Tinkaton, F|
|poke|p1|Rotom-Wash|
|poke|p1|Great Tusk|
|poke|p1|Slowking-Galar, M|
|poke|p1|Dragapult, F|
|poke|p1|Dragonite, F|
|poke|p2|Ursaluna, M|
|poke|p2|Corviknight, M|
|poke|p2|Darkrai|
|poke|p2|Raging Bolt|
|poke|p2|Cinderace, M|
|poke|p2|Brute Bonnet|
|teampreview
|inactive|Battle timer is ON: inactive players will automatically lose when time's up. (requested by FALLPIX0)
|inactive|tloombender also wants the timer to be on.
|
|t:|1776063795
|teamsize|p1|6
|teamsize|p2|6
|start
|switch|p1a: Tinkaton|Tinkaton, F|100/100
|switch|p2a: Bob|Ursaluna, M, shiny|100/100
|-item|p1a: Tinkaton|Air Balloon
|turn|1
|
|t:|1776063806
|move|p1a: Tinkaton|Knock Off|p2a: Bob
|-damage|p2a: Bob|87/100
|-enditem|p2a: Bob|Flame Orb|[from] move: Knock Off|[of] p1a: Tinkaton
|move|p2a: Bob|Swords Dance|p2a: Bob
|-boost|p2a: Bob|atk|2
|
|upkeep
|turn|2
|
|t:|1776063820
|move|p1a: Tinkaton|Stealth Rock|p2a: Bob
|-sidestart|p2: FALLPIX0|move: Stealth Rock
|move|p2a: Bob|Fire Punch|p1a: Tinkaton
|-supereffective|p1a: Tinkaton
|-damage|p1a: Tinkaton|0 fnt
|-enditem|p1a: Tinkaton|Air Balloon
|faint|p1a: Tinkaton
|
|upkeep
|
|t:|1776063829
|switch|p1a: Great Tusk|Great Tusk|100/100
|turn|3
|
|t:|1776063838
|move|p1a: Great Tusk|Close Combat|p2a: Bob
|-supereffective|p2a: Bob
|-damage|p2a: Bob|13/100
|-unboost|p1a: Great Tusk|def|1
|-unboost|p1a: Great Tusk|spd|1
|move|p2a: Bob|Facade|p1a: Great Tusk
|-damage|p1a: Great Tusk|19/100
|-damage|p2a: Bob|0 fnt|[from] item: Rocky Helmet|[of] p1a: Great Tusk
|faint|p2a: Bob
|
|upkeep
|l|☆FALLPIX0
|inactive|FALLPIX0 disconnected and has a minute to reconnect!
|player|p2|
|j|☆FALLPIX0
|inactive|FALLPIX0 reconnected and has 115 seconds left.
|player|p2|FALLPIX0|jacq|
|
|t:|1776063897
|switch|p2a: Birb|Corviknight, M, shiny|100/100
|-damage|p2a: Birb|88/100|[from] Stealth Rock
|-ability|p2a: Birb|Pressure
|turn|4
|
|t:|1776063909
|-end|p1a: Great Tusk|Protosynthesis|[silent]
|switch|p1a: Slowking|Slowking-Galar, M|100/100
|move|p2a: Birb|Brave Bird|p1a: Slowking
|-damage|p1a: Slowking|62/100
|-damage|p2a: Birb|76/100|[from] Recoil
|
|-heal|p2a: Birb|82/100|[from] item: Leftovers
|upkeep
|turn|5
|
|t:|1776063920
|move|p2a: Birb|Defog|p1a: Slowking
|-unboost|p1a: Slowking|evasion|1
|-sideend|p2: FALLPIX0|Stealth Rock|[from] move: Defog|[of] p2a: Birb
|move|p1a: Slowking|Flamethrower|p2a: Birb
|-supereffective|p2a: Birb
|-damage|p2a: Birb|24/100
|
|-heal|p2a: Birb|30/100|[from] item: Leftovers
|upkeep
|turn|6
|
|t:|1776063929
|move|p2a: Birb|U-turn|p1a: Slowking
|-damage|p1a: Slowking|47/100
|inactive|FALLPIX0 has 90 seconds left.
|
|t:|1776063957
|switch|p2a: Yami|Darkrai, shiny|100/100|[from] U-turn
|move|p1a: Slowking|Flamethrower|p2a: Yami
|-damage|p2a: Yami|64/100
|
|upkeep
|turn|7
|inactive|FALLPIX0 has 90 seconds left.
|
|t:|1776063966
|switch|p1a: Rotom|Rotom-Wash|100/100
|move|p2a: Yami|Nasty Plot|p2a: Yami
|-boost|p2a: Yami|spa|2
|
|upkeep
|turn|8
|
|t:|1776063975
|-terastallize|p2a: Yami|Dark
|move|p2a: Yami|Dark Pulse|p1a: Rotom
|-damage|p1a: Rotom|0 fnt
|faint|p1a: Rotom
|-damage|p2a: Yami|54/100|[from] item: Life Orb
|
|upkeep
|
|t:|1776063983
|switch|p1a: Dragonite|Dragonite, F|100/100
|turn|9
|
|t:|1776063987
|-terastallize|p1a: Dragonite|Normal
|move|p1a: Dragonite|Extreme Speed|p2a: Yami
|-damage|p2a: Yami|0 fnt
|faint|p2a: Yami
|
|upkeep
|
|t:|1776063998
|switch|p2a: Rookie|Raging Bolt|100/100
|-enditem|p2a: Rookie|Booster Energy
|-activate|p2a: Rookie|ability: Protosynthesis|[fromitem]
|-start|p2a: Rookie|protosynthesisspa
|turn|10
|
|t:|1776064004
|move|p2a: Rookie|Calm Mind|p2a: Rookie
|-boost|p2a: Rookie|spa|1
|-boost|p2a: Rookie|spd|1
|move|p1a: Dragonite|Dragon Dance|p1a: Dragonite
|-boost|p1a: Dragonite|atk|1
|-boost|p1a: Dragonite|spe|1
|
|upkeep
|turn|11
|
|t:|1776064013
|move|p2a: Rookie|Thunderclap||[still]
|-fail|p2a: Rookie
|move|p1a: Dragonite|Dragon Dance|p1a: Dragonite
|-boost|p1a: Dragonite|atk|1
|-boost|p1a: Dragonite|spe|1
|
|upkeep
|turn|12
|
|t:|1776064023
|move|p1a: Dragonite|Dragon Dance|p1a: Dragonite
|-boost|p1a: Dragonite|atk|1
|-boost|p1a: Dragonite|spe|1
|move|p2a: Rookie|Calm Mind|p2a: Rookie
|-boost|p2a: Rookie|spa|1
|-boost|p2a: Rookie|spd|1
|
|upkeep
|turn|13
|
|t:|1776064030
|move|p2a: Rookie|Thunderclap|p1a: Dragonite
|-damage|p1a: Dragonite|55/100
|move|p1a: Dragonite|Earthquake|p2a: Rookie
|-supereffective|p2a: Rookie
|-damage|p2a: Rookie|0 fnt
|faint|p2a: Rookie
|-end|p2a: Rookie|Protosynthesis|[silent]
|
|upkeep
|
|t:|1776064038
|switch|p2a: Emo Boy|Brute Bonnet, shiny|100/100
|-enditem|p2a: Emo Boy|Booster Energy
|-activate|p2a: Emo Boy|ability: Protosynthesis|[fromitem]
|-start|p2a: Emo Boy|protosynthesisatk
|turn|14
|
|t:|1776064044
|move|p2a: Emo Boy|Sucker Punch|p1a: Dragonite
|-damage|p1a: Dragonite|5/100
|move|p1a: Dragonite|Ice Spinner|p2a: Emo Boy
|-supereffective|p2a: Emo Boy
|-damage|p2a: Emo Boy|0 fnt
|faint|p2a: Emo Boy
|-end|p2a: Emo Boy|Protosynthesis|[silent]
|
|upkeep
|-message|FALLPIX0 forfeited.
|
|win|tloombender
|raw|tloombender's rating: 1220 &rarr; <strong>1240</strong><br />(+20 for winning)
|raw|FALLPIX0's rating: 1149 &rarr; <strong>1129</strong><br />(-20 for losing)
|l|☆FALLPIX0
|player|p2|
|l|☆tloombender
|player|p1|
