|html|<div class="broadcast-blue"><strong>[Gen 9] OU is currently suspecting Tera Blast! For information on how to participate check out the <a href="https://www.smogon.com/tools/suspects/view/200">suspect thread</a>.</strong></div>
|j|☆Chrisnwobu
|j|☆Gen5OU.AntiMeta
|t:|1776289672
|gametype|singles
|player|p1|Chrisnwobu|skier|1416
|player|p2|Gen5OU.AntiMeta|cyrus|1464
|gen|9
|tier|[Gen 9] OU
|rated|
|rule|HP Percentage Mod: HP is shown in percentages
|rule|Endless Battle Clause: Forcing endless battles is banned
|rule|Species Clause: Limit one of each Pokémon
|rule|OHKO Clause: OHKO moves are banned
|rule|Evasion Items Clause: Evasion items are banned
|rule|Evasion Moves Clause: Evasion moves are banned
|rule|Evasion Abilities Clause: Evasion abilities are banned
|rule|Sleep Moves Clause: Sleep-inducing moves are banned
|clearpoke
|poke|p1|Torkoal, F|
|poke|p1|Great Tusk|
|poke|p1|Walking Wake|
|poke|p1|Venusaur, F|
|poke|p1|Ceruledge, M|
|poke|p1|Hatterene, F|
|poke|p2|Cinderace, M|
|poke|p2|Ninetales-Alola, F|
|poke|p2|Kyurem|
|poke|p2|Kingambit, M|
|poke|p2|Enamorus, F|
|poke|p2|Necrozma|
|teampreview
|inactive|Battle timer is ON: inactive players will automatically lose when time's up. (requested by Gen5OU.AntiMeta)
|
|t:|1776289698
|teamsize|p1|6
|teamsize|p2|6
|start
|switch|p1a: Hatterene|Hatterene, F|100/100
|switch|p2a: brutus|Kyurem|100/100
|-ability|p2a: brutus|Pressure
|turn|1
|
|t:|1776289704
|move|p2a: brutus|Flash Cannon|p1a: Hatterene
|-supereffective|p1a: Hatterene
|-damage|p1a: Hatterene|39/100
|move|p1a: Hatterene|Nuzzle|p2a: brutus
|-resisted|p2a: brutus
|-damage|p2a: brutus|99/100
|-status|p2a: brutus|par
|
|-heal|p2a: brutus|100/100 par|[from] item: Leftovers
|upkeep
|turn|2
|
|t:|1776289711
|switch|p1a: Torkoal|Torkoal, F|100/100
|-weather|SunnyDay|[from] ability: Drought|[of] p1a: Torkoal
|move|p2a: brutus|Substitute|p2a: brutus
|-start|p2a: brutus|Substitute
|-damage|p2a: brutus|76/100 par
|
|-weather|SunnyDay|[upkeep]
|-heal|p2a: brutus|82/100 par|[from] item: Leftovers
|upkeep
|turn|3
|
|t:|1776289735
|move|p2a: brutus|Earth Power|p1a: Torkoal
|-supereffective|p1a: Torkoal
|-damage|p1a: Torkoal|35/100
|move|p1a: Torkoal|Lava Plume|p2a: brutus
|-end|p2a: brutus|Substitute
|
|-weather|SunnyDay|[upkeep]
|-heal|p2a: brutus|88/100 par|[from] item: Leftovers
|upkeep
|turn|4
|
|t:|1776289739
|move|p2a: brutus|Substitute|p2a: brutus
|-start|p2a: brutus|Substitute
|-damage|p2a: brutus|63/100 par
|move|p1a: Torkoal|Lava Plume|p2a: brutus
|-end|p2a: brutus|Substitute
|
|-weather|SunnyDay|[upkeep]
|-heal|p2a: brutus|69/100 par|[from] item: Leftovers
|upkeep
|turn|5
|
|t:|1776289742
|move|p2a: brutus|Earth Power|p1a: Torkoal
|-supereffective|p1a: Torkoal
|-damage|p1a: Torkoal|0 fnt
|faint|p1a: Torkoal
|
|-weather|SunnyDay|[upkeep]
|-heal|p2a: brutus|75/100 par|[from] item: Leftovers
|upkeep
|
|t:|1776289751
|switch|p1a: Ceruledge|Ceruledge, M|100/100
|turn|6
|
|t:|1776289779
|move|p1a: Ceruledge|Bitter Blade|p2a: brutus
|-damage|p2a: brutus|13/100 par
|cant|p2a: brutus|par
|
|-weather|SunnyDay|[upkeep]
|-heal|p2a: brutus|19/100 par|[from] item: Leftovers
|upkeep
|turn|7
|
|t:|1776289785
|move|p1a: Ceruledge|Bitter Blade|p2a: brutus
|-damage|p2a: brutus|0 fnt
|faint|p2a: brutus
|
|-weather|SunnyDay|[upkeep]
|upkeep
|
|t:|1776289797
|switch|p2a: her majesty|Ninetales-Alola, F|100/100
|-weather|Snowscape|[from] ability: Snow Warning|[of] p2a: her majesty
|turn|8
|
|t:|1776289811
|switch|p2a: shogun|Kingambit, M|100/100
|-activate|p2a: shogun|ability: Supreme Overlord
|-start|p2a: shogun|fallen1|[silent]
|move|p1a: Ceruledge|Bitter Blade|p2a: shogun
|-supereffective|p2a: shogun
|-damage|p2a: shogun|31/100
|-enditem|p2a: shogun|Weakness Policy
|-boost|p2a: shogun|atk|2|[from] item: Weakness Policy
|-boost|p2a: shogun|spa|2|[from] item: Weakness Policy
|
|-weather|Snowscape|[upkeep]
|upkeep
|turn|9
|
|t:|1776289838
|-terastallize|p1a: Ceruledge|Fire
|move|p1a: Ceruledge|Bitter Blade|p2a: shogun
|-supereffective|p2a: shogun
|-damage|p2a: shogun|0 fnt
|faint|p2a: shogun
|-end|p2a: shogun|fallen1|[silent]
|
|-weather|Snowscape|[upkeep]
|upkeep
|
|t:|1776289854
|switch|p2a: loki|Cinderace, M|100/100
|turn|10
|
|t:|1776289870
|move|p2a: loki|High Jump Kick|p1a: Ceruledge
|-start|p2a: loki|typechange|Fighting|[from] ability: Libero
|-damage|p1a: Ceruledge|6/100
|-ability|p1a: Ceruledge|Weak Armor|boost
|-unboost|p1a: Ceruledge|def|1
|-boost|p1a: Ceruledge|spe|2
|move|p1a: Ceruledge|Bitter Blade|p2a: loki
|-damage|p2a: loki|9/100
|-heal|p1a: Ceruledge|53/100|[from] drain|[of] p2a: loki
|
|-weather|Snowscape|[upkeep]
|upkeep
|turn|11
|
|t:|1776289882
|move|p1a: Ceruledge|Shadow Sneak|p2a: loki
|-damage|p2a: loki|0 fnt
|faint|p2a: loki
|
|-weather|Snowscape|[upkeep]
|upkeep
|
|t:|1776289894
|switch|p2a: her majesty|Ninetales-Alola, F|100/100
|turn|12
|
|t:|1776289901
|move|p1a: Ceruledge|Bitter Blade|p2a: her majesty
|-supereffective|p2a: her majesty
|-damage|p2a: her majesty|0 fnt
|-heal|p1a: Ceruledge|100/100|[from] drain|[of] p2a: her majesty
|faint|p2a: her majesty
|
|-weather|none
|upkeep
|
|t:|1776289909
|switch|p2a: Enamorus|Enamorus, F|100/100
|turn|13
|
|t:|1776289916
|move|p1a: Ceruledge|Bitter Blade|p2a: Enamorus
|-damage|p2a: Enamorus|0 fnt
|faint|p2a: Enamorus
|
|upkeep
|
|t:|1776289920
|switch|p2a: bad cop.|Necrozma, shiny|100/100
|turn|14
|
|t:|1776289924
|-terastallize|p2a: bad cop.|Fairy
|move|p1a: Ceruledge|Poltergeist|p2a: bad cop.
|-activate|p2a: bad cop.|move: Poltergeist|Weakness Policy
|-damage|p2a: bad cop.|48/100
|move|p2a: bad cop.|Earthquake|p1a: Ceruledge
|-supereffective|p1a: Ceruledge
|-damage|p1a: Ceruledge|0 fnt
|faint|p1a: Ceruledge
|
|upkeep
|inactive|Chrisnwobu has 120 seconds left.
|
|t:|1776289980
|switch|p1a: Walking Wake|Walking Wake|100/100
|turn|15
|
|t:|1776289988
|move|p1a: Walking Wake|Hydro Steam|p2a: bad cop.
|-damage|p2a: bad cop.|0 fnt
|faint|p2a: bad cop.
|-damage|p1a: Walking Wake|91/100|[from] item: Life Orb
|
|win|Chrisnwobu
|raw|Chrisnwobu's rating: 1416 &rarr; <strong>1440</strong><br />(+24 for winning)
|raw|Gen5OU.AntiMeta's rating: 1484 &rarr; <strong>1460</strong><br />(-24 for losing)
|l|☆Gen5OU.AntiMeta
|player|p2|
