|html|<div class="broadcast-blue"><strong>[Gen 9] OU is currently suspecting Tera Blast! For information on how to participate check out the <a href="https://www.smogon.com/tools/suspects/view/200">suspect thread</a>.</strong></div>
|j|☆Allama2112
|j|☆DcBaker
|t:|1776137206
|gametype|singles
|player|p1|Allama2112|169|1314
|player|p2|DcBaker|pokemonrangerf|1306
|gen|9
|tier|[Gen 9] OU
|rated|
|rule|HP Percentage Mod: HP is shown in percentages
|rule|Endless Battle Clause: Forcing endless battles is banned
|rule|Species Clause: Limit one of each Pokémon
|rule|OHKO Clause: OHKO moves are banned
|rule|Evasion Items Clause: Evasion items are banned
|rule|Evasion Moves Clause: Evasion moves are banned
|rule|Evasion Abilities Clause: Evasion abilities are banned
|rule|Sleep Moves Clause: Sleep-inducing moves are banned
|clearpoke
|poke|p1|Zamazenta-*|
|poke|p1|Glimmora, M|
|poke|p1|Corviknight, F|
|poke|p1|Ting-Lu|
|poke|p1|Pecharunt|
|poke|p1|Ogerpon, F|
|poke|p2|Deoxys-Speed|
|poke|p2|Ceruledge, M|
|poke|p2|Zamazenta-*|
|poke|p2|Ogerpon-Wellspring, F|
|poke|p2|Glimmora, M|
|poke|p2|Moltres-Galar|
|teampreview
|inactive|Battle timer is ON: inactive players will automatically lose when time's up. (requested by Allama2112)
|
|t:|1776137231
|teamsize|p1|6
|teamsize|p2|6
|start
|switch|p1a: Glimmora|Glimmora, M|100/100
|switch|p2a: gimmie|Glimmora, M|100/100
|turn|1
|c|☆DcBaker|boom boom boom boom
|
|t:|1776137241
|move|p2a: gimmie|Meteor Beam||[still]
|-prepare|p2a: gimmie|Meteor Beam
|-boost|p2a: gimmie|spa|1
|-enditem|p2a: gimmie|Power Herb
|-anim|p2a: gimmie|Meteor Beam|p1a: Glimmora
|-crit|p1a: Glimmora
|-damage|p1a: Glimmora|0 fnt
|faint|p1a: Glimmora
|
|upkeep
|
|t:|1776137262
|switch|p1a: Ting-Lu|Ting-Lu|100/100
|-ability|p1a: Ting-Lu|Vessel of Ruin
|turn|2
|
|t:|1776137274
|switch|p2a: 1/151|Ogerpon-Wellspring, F|100/100
|move|p1a: Ting-Lu|Earthquake|p2a: 1/151
|-resisted|p2a: 1/151
|-damage|p2a: 1/151|75/100
|
|upkeep
|turn|3
|
|t:|1776137283
|switch|p1a: Pecharunt|Pecharunt|100/100
|move|p2a: 1/151|Swords Dance|p2a: 1/151
|-boost|p2a: 1/151|atk|2
|
|upkeep
|turn|4
|
|t:|1776137293
|move|p2a: 1/151|Ivy Cudgel|p1a: Pecharunt|[anim] Ivy Cudgel Water
|-damage|p1a: Pecharunt|37/100
|move|p1a: Pecharunt|Malignant Chain|p2a: 1/151
|-supereffective|p2a: 1/151
|-damage|p2a: 1/151|0 fnt
|faint|p2a: 1/151
|
|upkeep
|
|t:|1776137299
|switch|p2a: gimmie|Glimmora, M|100/100
|turn|5
|
|t:|1776137302
|switch|p1a: Ting-Lu|Ting-Lu|100/100
|-ability|p1a: Ting-Lu|Vessel of Ruin
|move|p2a: gimmie|Earth Power|p1a: Ting-Lu
|-damage|p1a: Ting-Lu|82/100
|
|-heal|p1a: Ting-Lu|89/100|[from] item: Leftovers
|upkeep
|turn|6
|
|t:|1776137316
|switch|p2a: mo|Moltres-Galar|100/100
|move|p1a: Ting-Lu|Stealth Rock|p2a: mo
|-sidestart|p2: DcBaker|move: Stealth Rock
|
|-heal|p1a: Ting-Lu|95/100|[from] item: Leftovers
|upkeep
|turn|7
|
|t:|1776137324
|move|p2a: mo|Nasty Plot|p2a: mo
|-boost|p2a: mo|spa|2
|move|p1a: Ting-Lu|Whirlwind|p2a: mo
|drag|p2a: DEO|Deoxys-Speed|100/100
|-damage|p2a: DEO|88/100|[from] Stealth Rock
|-ability|p2a: DEO|Pressure
|
|-heal|p1a: Ting-Lu|100/100|[from] item: Leftovers
|upkeep
|turn|8
|
|t:|1776137332
|move|p2a: DEO|Taunt|p1a: Ting-Lu
|-start|p1a: Ting-Lu|move: Taunt
|move|p1a: Ting-Lu|Earthquake|p2a: DEO
|-damage|p2a: DEO|41/100
|
|upkeep
|turn|9
|
|t:|1776137342
|move|p2a: DEO|Light Screen|p2a: DEO
|-sidestart|p2: DcBaker|move: Light Screen
|move|p1a: Ting-Lu|Earthquake|p2a: DEO
|-damage|p2a: DEO|0 fnt
|faint|p2a: DEO
|
|upkeep
|
|t:|1776137352
|switch|p2a: mo|Moltres-Galar|100/100
|-damage|p2a: mo|75/100|[from] Stealth Rock
|turn|10
|
|t:|1776137369
|switch|p1a: Ogerpon|Ogerpon, F|100/100
|move|p2a: mo|Nasty Plot|p2a: mo
|-boost|p2a: mo|spa|2
|
|upkeep
|turn|11
|
|t:|1776137377
|move|p1a: Ogerpon|U-turn|p2a: mo
|-damage|p2a: mo|38/100
|-ability|p2a: mo|Berserk|boost
|-boost|p2a: mo|spa|1
|-damage|p1a: Ogerpon|91/100|[from] item: Life Orb
|-enditem|p2a: mo|Sitrus Berry|[eat]
|-heal|p2a: mo|63/100|[from] item: Sitrus Berry
|
|t:|1776137383
|switch|p1a: Ting-Lu|Ting-Lu|100/100|[from] U-turn
|-ability|p1a: Ting-Lu|Vessel of Ruin
|move|p2a: mo|Fiery Wrath|p1a: Ting-Lu
|-resisted|p1a: Ting-Lu
|-damage|p1a: Ting-Lu|71/100
|
|-heal|p1a: Ting-Lu|78/100|[from] item: Leftovers
|upkeep
|turn|12
|
|t:|1776137392
|-terastallize|p2a: mo|Fairy
|move|p2a: mo|Tera Blast|p1a: Ting-Lu|[anim] Tera Blast Fairy
|-supereffective|p1a: Ting-Lu
|-damage|p1a: Ting-Lu|0 fnt
|faint|p1a: Ting-Lu
|
|upkeep
|
|t:|1776137406
|switch|p1a: Ogerpon|Ogerpon, F|91/100
|turn|13
|inactive|Allama2112 has 120 seconds left.
|
|t:|1776137441
|move|p1a: Ogerpon|Ivy Cudgel|p2a: mo
|-damage|p2a: mo|0 fnt
|faint|p2a: mo
|-damage|p1a: Ogerpon|81/100|[from] item: Life Orb
|
|upkeep
|
|t:|1776137456
|switch|p2a: gimmie|Glimmora, M|100/100
|-damage|p2a: gimmie|88/100|[from] Stealth Rock
|turn|14
|
|t:|1776137467
|-terastallize|p1a: Ogerpon|Grass
|detailschange|p1a: Ogerpon|Ogerpon-Teal-Tera, F, tera:Grass
|-ability|p1a: Ogerpon|Embody Aspect (Teal)|boost
|-boost|p1a: Ogerpon|spe|1
|move|p1a: Ogerpon|Ivy Cudgel|p2a: gimmie
|-damage|p2a: gimmie|0 fnt
|-activate|p2a: gimmie|ability: Toxic Debris
|-sidestart|p1: Allama2112|move: Toxic Spikes
|faint|p2a: gimmie
|-damage|p1a: Ogerpon|71/100|[from] item: Life Orb
|
|upkeep
|
|t:|1776137477
|switch|p2a: Sara|Ceruledge, M|100/100
|-damage|p2a: Sara|76/100|[from] Stealth Rock
|turn|15
|
|t:|1776137485
|move|p1a: Ogerpon|Knock Off|p2a: Sara
|-supereffective|p2a: Sara
|-damage|p2a: Sara|0 fnt
|-enditem|p2a: Sara|Life Orb|[from] move: Knock Off|[of] p1a: Ogerpon
|faint|p2a: Sara
|-damage|p1a: Ogerpon|61/100|[from] item: Life Orb
|
|upkeep
|
|t:|1776137488
|switch|p2a: ZAHM|Zamazenta|100/100
|-damage|p2a: ZAHM|94/100|[from] Stealth Rock
|-ability|p2a: ZAHM|Dauntless Shield|boost
|-boost|p2a: ZAHM|def|1
|turn|16
|
|t:|1776137500
|move|p1a: Ogerpon|Taunt|p2a: ZAHM
|-start|p2a: ZAHM|move: Taunt
|move|p2a: ZAHM|Body Press|p1a: Ogerpon
|-damage|p1a: Ogerpon|0 fnt
|faint|p1a: Ogerpon
|detailschange|p1: Ogerpon|Ogerpon, F|[silent]
|
|-heal|p2a: ZAHM|100/100|[from] item: Leftovers
|-sideend|p2: DcBaker|move: Light Screen
|upkeep
|
|t:|1776137508
|switch|p1a: Pecharunt|Pecharunt|37/100
|-sideend|p1: Allama2112|move: Toxic Spikes|[of] p1a: Pecharunt
|turn|17
|
|t:|1776137512
|move|p2a: ZAHM|Heavy Slam|p1a: Pecharunt
|-damage|p1a: Pecharunt|22/100
|move|p1a: Pecharunt|Recover|p1a: Pecharunt
|-heal|p1a: Pecharunt|72/100
|
|upkeep
|turn|18
|
|t:|1776137520
|move|p2a: ZAHM|Heavy Slam|p1a: Pecharunt
|-damage|p1a: Pecharunt|57/100
|move|p1a: Pecharunt|Malignant Chain|p2a: ZAHM
|-damage|p2a: ZAHM|71/100
|
|-heal|p2a: ZAHM|77/100|[from] item: Leftovers
|-end|p2a: ZAHM|move: Taunt
|upkeep
|turn|19
|
|t:|1776137529
|move|p1a: Pecharunt|Malignant Chain|p2a: ZAHM
|-damage|p2a: ZAHM|50/100
|-status|p2a: ZAHM|tox
|-start|p2a: ZAHM|confusion|[from] ability: Poison Puppeteer|[of] p1a: Pecharunt
|-activate|p2a: ZAHM|confusion
|move|p2a: ZAHM|Roar|p1a: Pecharunt
|drag|p1a: Zamazenta|Zamazenta|100/100
|-ability|p1a: Zamazenta|Dauntless Shield|boost
|-boost|p1a: Zamazenta|def|1
|
|-heal|p2a: ZAHM|56/100 tox|[from] item: Leftovers
|-damage|p2a: ZAHM|50/100 tox|[from] psn
|upkeep
|turn|20
|c|☆DcBaker|gg
|
|t:|1776137540
|-activate|p2a: ZAHM|confusion
|-damage|p2a: ZAHM|44/100 tox|[from] confusion
|move|p1a: Zamazenta|Iron Defense|p1a: Zamazenta
|-boost|p1a: Zamazenta|def|2
|
|-heal|p2a: ZAHM|51/100 tox|[from] item: Leftovers
|-damage|p2a: ZAHM|38/100 tox|[from] psn
|upkeep
|turn|21
|
|t:|1776137543
|-activate|p2a: ZAHM|confusion
|-damage|p2a: ZAHM|33/100 tox|[from] confusion
|move|p1a: Zamazenta|Body Press|p2a: ZAHM
|-damage|p2a: ZAHM|0 fnt
|faint|p2a: ZAHM
|
|win|Allama2112
|raw|Allama2112's rating: 1314 &rarr; <strong>1334</strong><br />(+20 for winning)
|raw|DcBaker's rating: 1306 &rarr; <strong>1286</strong><br />(-20 for losing)
