|html|<div class="broadcast-blue"><strong>[Gen 9] OU is currently suspecting Tera Blast! For information on how to participate check out the <a href="https://www.smogon.com/tools/suspects/view/200">suspect thread</a>.</strong></div>
|j|☆zhihe0719
|j|☆peterraptor1
|t:|1776049686
|gametype|singles
|player|p1|zhihe0719|pokemonrangerf-gen4|1368
|player|p2|peterraptor1|lance|1347
|gen|9
|tier|[Gen 9] OU
|rated|
|rule|HP Percentage Mod: HP is shown in percentages
|rule|Endless Battle Clause: Forcing endless battles is banned
|rule|Species Clause: Limit one of each Pokémon
|rule|OHKO Clause: OHKO moves are banned
|rule|Evasion Items Clause: Evasion items are banned
|rule|Evasion Moves Clause: Evasion moves are banned
|rule|Evasion Abilities Clause: Evasion abilities are banned
|rule|Sleep Moves Clause: Sleep-inducing moves are banned
|clearpoke
|poke|p1|Slowking-Galar, M|
|poke|p1|Kyurem|
|poke|p1|Landorus-Therian, M|
|poke|p1|Zamazenta-*|
|poke|p1|Samurott-Hisui, M|
|poke|p1|Iron Treads|
|poke|p2|Haxorus, M|
|poke|p2|Dragapult, M|
|poke|p2|Metagross|
|poke|p2|Serperior, M|
|poke|p2|Hitmonlee, M|
|poke|p2|Kingambit, M|
|teampreview
|inactive|Battle timer is ON: inactive players will automatically lose when time's up. (requested by zhihe0719)
|
|t:|1776049703
|teamsize|p1|6
|teamsize|p2|6
|start
|switch|p1a: Landorus|Landorus-Therian, M|100/100
|switch|p2a: Dragapult|Dragapult, M, shiny|100/100
|-ability|p1a: Landorus|Intimidate|boost
|-unboost|p2a: Dragapult|atk|1
|turn|1
|
|t:|1776049707
|move|p2a: Dragapult|Draco Meteor|p1a: Landorus
|-damage|p1a: Landorus|21/100
|-unboost|p2a: Dragapult|spa|2
|-damage|p2a: Dragapult|91/100|[from] item: Life Orb
|move|p1a: Landorus|U-turn|p2a: Dragapult
|-resisted|p2a: Dragapult
|-damage|p2a: Dragapult|75/100
|
|t:|1776049712
|switch|p1a: Samurott|Samurott-Hisui, M|100/100|[from] U-turn
|
|upkeep
|turn|2
|
|t:|1776049718
|move|p2a: Dragapult|Thunderbolt|p1a: Samurott
|-supereffective|p1a: Samurott
|-damage|p1a: Samurott|67/100
|-status|p1a: Samurott|par
|-damage|p2a: Dragapult|65/100|[from] item: Life Orb
|cant|p1a: Samurott|par
|
|upkeep
|turn|3
|
|t:|1776049721
|move|p2a: Dragapult|Thunderbolt|p1a: Samurott
|-supereffective|p1a: Samurott
|-damage|p1a: Samurott|33/100 par
|-damage|p2a: Dragapult|56/100|[from] item: Life Orb
|move|p1a: Samurott|Ceaseless Edge|p2a: Dragapult
|-supereffective|p2a: Dragapult
|-damage|p2a: Dragapult|0 fnt
|-sidestart|p2: peterraptor1|Spikes
|faint|p2a: Dragapult
|
|upkeep
|
|t:|1776049724
|switch|p2a: Serperior|Serperior, M, shiny|100/100
|-damage|p2a: Serperior|88/100|[from] Spikes
|turn|4
|
|t:|1776049734
|move|p2a: Serperior|Leaf Storm|p1a: Samurott
|-supereffective|p1a: Samurott
|-damage|p1a: Samurott|0 fnt
|-boost|p2a: Serperior|spa|2
|faint|p1a: Samurott
|
|upkeep
|
|t:|1776049737
|switch|p1a: Slowking|Slowking-Galar, M|100/100
|turn|5
|
|t:|1776049743
|move|p2a: Serperior|Dragon Pulse|p1a: Slowking
|-damage|p1a: Slowking|78/100
|move|p1a: Slowking|Ice Beam|p2a: Serperior
|-supereffective|p2a: Serperior
|-damage|p2a: Serperior|28/100
|
|upkeep
|turn|6
|
|t:|1776049749
|move|p2a: Serperior|Giga Drain|p1a: Slowking
|-resisted|p1a: Slowking
|-crit|p1a: Slowking
|-damage|p1a: Slowking|48/100
|-heal|p2a: Serperior|48/100|[from] drain|[of] p1a: Slowking
|move|p1a: Slowking|Ice Beam|p2a: Serperior
|-supereffective|p2a: Serperior
|-damage|p2a: Serperior|0 fnt
|faint|p2a: Serperior
|
|upkeep
|
|t:|1776049754
|switch|p2a: Haxorus|Haxorus, M, shiny|100/100
|-damage|p2a: Haxorus|88/100|[from] Spikes
|-ability|p2a: Haxorus|Mold Breaker
|turn|7
|
|t:|1776049759
|move|p2a: Haxorus|Dragon Dance|p2a: Haxorus
|-boost|p2a: Haxorus|atk|1
|-boost|p2a: Haxorus|spe|1
|move|p1a: Slowking|Ice Beam|p2a: Haxorus
|-supereffective|p2a: Haxorus
|-damage|p2a: Haxorus|22/100
|
|upkeep
|turn|8
|
|t:|1776049763
|switch|p1a: Landorus|Landorus-Therian, M|21/100
|-ability|p1a: Landorus|Intimidate|boost
|-unboost|p2a: Haxorus|atk|1
|move|p2a: Haxorus|Scale Shot|p1a: Landorus
|-damage|p1a: Landorus|9/100
|-damage|p1a: Landorus|0 fnt
|faint|p1a: Landorus
|-hitcount|p1: Landorus|2
|-unboost|p2a: Haxorus|def|1
|-boost|p2a: Haxorus|spe|1
|
|upkeep
|
|t:|1776049768
|switch|p1a: Zamazenta|Zamazenta|100/100
|-ability|p1a: Zamazenta|Dauntless Shield|boost
|-boost|p1a: Zamazenta|def|1
|turn|9
|
|t:|1776049773
|move|p2a: Haxorus|Iron Head|p1a: Zamazenta
|-damage|p1a: Zamazenta|84/100
|move|p1a: Zamazenta|Iron Defense|p1a: Zamazenta
|-boost|p1a: Zamazenta|def|2
|
|-heal|p1a: Zamazenta|90/100|[from] item: Leftovers
|upkeep
|turn|10
|
|t:|1776049779
|move|p2a: Haxorus|Scale Shot|p1a: Zamazenta
|-damage|p1a: Zamazenta|84/100
|-damage|p1a: Zamazenta|79/100
|-damage|p1a: Zamazenta|73/100
|-damage|p1a: Zamazenta|68/100
|-hitcount|p1a: Zamazenta|4
|-unboost|p2a: Haxorus|def|1
|-boost|p2a: Haxorus|spe|1
|move|p1a: Zamazenta|Iron Defense|p1a: Zamazenta
|-boost|p1a: Zamazenta|def|2
|
|-heal|p1a: Zamazenta|74/100|[from] item: Leftovers
|upkeep
|turn|11
|
|t:|1776049784
|move|p2a: Haxorus|Scale Shot|p1a: Zamazenta
|-damage|p1a: Zamazenta|71/100
|-damage|p1a: Zamazenta|67/100
|-damage|p1a: Zamazenta|63/100
|-damage|p1a: Zamazenta|60/100
|-damage|p1a: Zamazenta|56/100
|-hitcount|p1a: Zamazenta|5
|-unboost|p2a: Haxorus|def|1
|-boost|p2a: Haxorus|spe|1
|move|p1a: Zamazenta|Substitute|p1a: Zamazenta
|-start|p1a: Zamazenta|Substitute
|-damage|p1a: Zamazenta|31/100
|
|-heal|p1a: Zamazenta|37/100|[from] item: Leftovers
|upkeep
|turn|12
|
|t:|1776049789
|move|p2a: Haxorus|Scale Shot|p1a: Zamazenta
|-activate|p1a: Zamazenta|move: Substitute|[damage]
|-activate|p1a: Zamazenta|move: Substitute|[damage]
|-activate|p1a: Zamazenta|move: Substitute|[damage]
|-activate|p1a: Zamazenta|move: Substitute|[damage]
|-activate|p1a: Zamazenta|move: Substitute|[damage]
|-hitcount|p1a: Zamazenta|5
|-unboost|p2a: Haxorus|def|1
|-boost|p2a: Haxorus|spe|1
|move|p1a: Zamazenta|Body Press|p2a: Haxorus
|-crit|p2a: Haxorus
|-damage|p2a: Haxorus|0 fnt
|faint|p2a: Haxorus
|
|-heal|p1a: Zamazenta|43/100|[from] item: Leftovers
|upkeep
|c|☆peterraptor1|i'm screwed
|c|☆peterraptor1|ggs
|
|t:|1776049802
|switch|p2a: Hitmonlee|Hitmonlee, M|100/100
|-damage|p2a: Hitmonlee|88/100|[from] Spikes
|turn|13
|c|☆zhihe0719|gg
|
|t:|1776049807
|move|p2a: Hitmonlee|Endure|p2a: Hitmonlee
|-singleturn|p2a: Hitmonlee|move: Endure
|move|p1a: Zamazenta|Body Press|p2a: Hitmonlee
|-activate|p2a: Hitmonlee|move: Endure
|-damage|p2a: Hitmonlee|1/100
|-enditem|p2a: Hitmonlee|Liechi Berry|[eat]
|-boost|p2a: Hitmonlee|atk|1|[from] item: Liechi Berry
|
|-heal|p1a: Zamazenta|49/100|[from] item: Leftovers
|upkeep
|turn|14
|
|t:|1776049809
|move|p2a: Hitmonlee|Reversal|p1a: Zamazenta
|-end|p1a: Zamazenta|Substitute
|move|p1a: Zamazenta|Body Press|p2a: Hitmonlee
|-damage|p2a: Hitmonlee|0 fnt
|faint|p2a: Hitmonlee
|
|-heal|p1a: Zamazenta|55/100|[from] item: Leftovers
|upkeep
|
|t:|1776049811
|switch|p2a: Metagross|Metagross, shiny|100/100
|-damage|p2a: Metagross|88/100|[from] Spikes
|turn|15
|
|t:|1776049817
|-terastallize|p2a: Metagross|Stellar
|move|p1a: Zamazenta|Body Press|p2a: Metagross
|-damage|p2a: Metagross|0 fnt
|faint|p2a: Metagross
|
|-heal|p1a: Zamazenta|62/100|[from] item: Leftovers
|upkeep
|-message|peterraptor1 forfeited.
|
|win|zhihe0719
|raw|zhihe0719's rating: 1368 &rarr; <strong>1387</strong><br />(+19 for winning)
|raw|peterraptor1's rating: 1347 &rarr; <strong>1328</strong><br />(-19 for losing)
|l|☆peterraptor1
|player|p2|
|l|☆zhihe0719
|player|p1|
