|html|<div class="broadcast-blue"><strong>[Gen 9] OU is currently suspecting Tera Blast! For information on how to participate check out the <a href="https://www.smogon.com/tools/suspects/view/200">suspect thread</a>.</strong></div>
|j|☆tap choi vgc
|j|☆4palxi
|t:|1776268387
|gametype|singles
|player|p1|tap choi vgc|unknown|1464
|player|p2|4palxi|veteran|1460
|gen|9
|tier|[Gen 9] OU
|rated|
|rule|HP Percentage Mod: HP is shown in percentages
|rule|Endless Battle Clause: Forcing endless battles is banned
|rule|Species Clause: Limit one of each Pokémon
|rule|OHKO Clause: OHKO moves are banned
|rule|Evasion Items Clause: Evasion items are banned
|rule|Evasion Moves Clause: Evasion moves are banned
|rule|Evasion Abilities Clause: Evasion abilities are banned
|rule|Sleep Moves Clause: Sleep-inducing moves are banned
|clearpoke
|poke|p1|Iron Valiant|
|poke|p1|Great Tusk|
|poke|p1|Iron Moth|
|poke|p1|Ting-Lu|
|poke|p1|Scizor, F|
|poke|p1|Dragonite, M|
|poke|p2|Arcanine-Hisui, F|
|poke|p2|Rillaboom, F|
|poke|p2|Clefable, F|
|poke|p2|Goodra-Hisui, F|
|poke|p2|Alomomola, F|
|poke|p2|Mandibuzz, F|
|teampreview
|
|t:|1776268404
|teamsize|p1|6
|teamsize|p2|6
|start
|switch|p1a: Scizor|Scizor, F|100/100
|switch|p2a: Rillaboom|Rillaboom, F|100/100
|-fieldstart|move: Grassy Terrain|[from] ability: Grassy Surge|[of] p2a: Rillaboom
|turn|1
|
|t:|1776268410
|move|p2a: Rillaboom|Knock Off|p1a: Scizor
|-damage|p1a: Scizor|45/100
|-enditem|p1a: Scizor|Leftovers|[from] move: Knock Off|[of] p2a: Rillaboom
|move|p1a: Scizor|U-turn|p2a: Rillaboom
|-supereffective|p2a: Rillaboom
|-damage|p2a: Rillaboom|10/100
|
|t:|1776268417
|switch|p1a: Iron Moth|Iron Moth|100/100|[from] U-turn
|
|-heal|p2a: Rillaboom|16/100|[from] Grassy Terrain
|upkeep
|turn|2
|
|t:|1776268426
|switch|p2a: Goodra|Goodra-Hisui, F|100/100
|move|p1a: Iron Moth|Toxic Spikes|p2a: Goodra
|-sidestart|p2: 4palxi|move: Toxic Spikes
|
|upkeep
|turn|3
|
|t:|1776268436
|-end|p1a: Iron Moth|Quark Drive|[silent]
|switch|p1a: Scizor|Scizor, F|45/100
|move|p2a: Goodra|Draco Meteor|p1a: Scizor
|-resisted|p1a: Scizor
|-damage|p1a: Scizor|9/100
|-unboost|p2a: Goodra|spa|2
|
|-heal|p1a: Scizor|15/100|[from] Grassy Terrain
|upkeep
|turn|4
|
|t:|1776268444
|move|p1a: Scizor|Close Combat|p2a: Goodra
|-supereffective|p2a: Goodra
|-damage|p2a: Goodra|18/100
|-unboost|p1a: Scizor|def|1
|-unboost|p1a: Scizor|spd|1
|move|p2a: Goodra|Flamethrower|p1a: Scizor
|-supereffective|p1a: Scizor
|-damage|p1a: Scizor|0 fnt
|faint|p1a: Scizor
|
|-heal|p2a: Goodra|24/100|[from] Grassy Terrain
|upkeep
|
|t:|1776268450
|switch|p1a: Iron Moth|Iron Moth|100/100
|turn|5
|
|t:|1776268459
|switch|p2a: Mandibuzz|Mandibuzz, F, shiny|100/100
|move|p1a: Iron Moth|Flamethrower|p2a: Mandibuzz
|-damage|p2a: Mandibuzz|60/100
|
|-fieldend|move: Grassy Terrain
|upkeep
|turn|6
|
|t:|1776268466
|move|p1a: Iron Moth|Sludge Wave|p2a: Mandibuzz
|-damage|p2a: Mandibuzz|20/100
|move|p2a: Mandibuzz|Roost|p2a: Mandibuzz
|-heal|p2a: Mandibuzz|70/100
|-singleturn|p2a: Mandibuzz|move: Roost
|
|upkeep
|turn|7
|
|t:|1776268471
|move|p1a: Iron Moth|Sludge Wave|p2a: Mandibuzz
|-damage|p2a: Mandibuzz|27/100
|move|p2a: Mandibuzz|Roost|p2a: Mandibuzz
|-heal|p2a: Mandibuzz|77/100
|-singleturn|p2a: Mandibuzz|move: Roost
|
|upkeep
|turn|8
|
|t:|1776268476
|move|p1a: Iron Moth|Toxic Spikes|p2a: Mandibuzz
|-sidestart|p2: 4palxi|move: Toxic Spikes
|move|p2a: Mandibuzz|Roost|p2a: Mandibuzz
|-heal|p2a: Mandibuzz|100/100
|-singleturn|p2a: Mandibuzz|move: Roost
|
|upkeep
|turn|9
|
|t:|1776268478
|move|p1a: Iron Moth|Sludge Wave|p2a: Mandibuzz
|-damage|p2a: Mandibuzz|59/100
|move|p2a: Mandibuzz|Defog|p1a: Iron Moth
|-unboost|p1a: Iron Moth|evasion|1
|-sideend|p2: 4palxi|Toxic Spikes|[from] move: Defog|[of] p2a: Mandibuzz
|
|upkeep
|turn|10
|
|t:|1776268483
|move|p1a: Iron Moth|Sludge Wave|p2a: Mandibuzz
|-damage|p2a: Mandibuzz|13/100
|move|p2a: Mandibuzz|U-turn|p1a: Iron Moth
|-resisted|p1a: Iron Moth
|-damage|p1a: Iron Moth|96/100
|
|t:|1776268491
|switch|p2a: Alomomola|Alomomola, F|100/100|[from] U-turn
|
|upkeep
|turn|11
|
|t:|1776268500
|move|p1a: Iron Moth|Toxic Spikes|p2a: Alomomola
|-sidestart|p2: 4palxi|move: Toxic Spikes
|move|p2a: Alomomola|Flip Turn|p1a: Iron Moth
|-supereffective|p1a: Iron Moth
|-damage|p1a: Iron Moth|35/100
|
|t:|1776268511
|switch|p2a: Goodra|Goodra-Hisui, F|24/100|[from] Flip Turn
|
|upkeep
|turn|12
|
|t:|1776268518
|move|p1a: Iron Moth|Flamethrower|p2a: Goodra
|-damage|p2a: Goodra|4/100
|move|p2a: Goodra|Draco Meteor|p1a: Iron Moth
|-damage|p1a: Iron Moth|0 fnt
|-unboost|p2a: Goodra|spa|2
|faint|p1a: Iron Moth
|-end|p1a: Iron Moth|Quark Drive|[silent]
|
|upkeep
|
|t:|1776268523
|switch|p1a: Great Tusk|Great Tusk|100/100
|turn|13
|
|t:|1776268529
|move|p1a: Great Tusk|Rapid Spin|p2a: Goodra
|-resisted|p2a: Goodra
|-damage|p2a: Goodra|0 fnt
|-boost|p1a: Great Tusk|spe|1
|faint|p2a: Goodra
|
|upkeep
|
|t:|1776268536
|switch|p2a: Alomomola|Alomomola, F|100/100
|turn|14
|
|t:|1776268540
|move|p1a: Great Tusk|Knock Off|p2a: Alomomola
|-damage|p2a: Alomomola|85/100
|-enditem|p2a: Alomomola|Heavy-Duty Boots|[from] move: Knock Off|[of] p1a: Great Tusk
|move|p2a: Alomomola|Wish|p2a: Alomomola
|
|upkeep
|turn|15
|
|t:|1776268548
|-end|p1a: Great Tusk|Protosynthesis|[silent]
|switch|p1a: Ting-Lu|Ting-Lu|100/100
|-ability|p1a: Ting-Lu|Vessel of Ruin
|move|p2a: Alomomola|Flip Turn|p1a: Ting-Lu
|-supereffective|p1a: Ting-Lu
|-damage|p1a: Ting-Lu|83/100
|
|t:|1776268559
|switch|p2a: Mandibuzz|Mandibuzz, F, shiny|13/100|[from] Flip Turn
|
|-heal|p2a: Mandibuzz|76/100|[from] move: Wish|[wisher] Alomomola
|-heal|p1a: Ting-Lu|89/100|[from] item: Leftovers
|upkeep
|turn|16
|
|t:|1776268563
|move|p2a: Mandibuzz|Defog|p1a: Ting-Lu
|-unboost|p1a: Ting-Lu|evasion|1
|-sideend|p2: 4palxi|Toxic Spikes|[from] move: Defog|[of] p2a: Mandibuzz
|move|p1a: Ting-Lu|Stealth Rock|p2a: Mandibuzz
|-sidestart|p2: 4palxi|move: Stealth Rock
|
|-heal|p1a: Ting-Lu|95/100|[from] item: Leftovers
|upkeep
|turn|17
|
|t:|1776268567
|move|p2a: Mandibuzz|Defog|p1a: Ting-Lu
|-unboost|p1a: Ting-Lu|evasion|1
|-sideend|p2: 4palxi|Stealth Rock|[from] move: Defog|[of] p2a: Mandibuzz
|move|p1a: Ting-Lu|Ruination|p2a: Mandibuzz
|-damage|p2a: Mandibuzz|38/100
|
|-heal|p1a: Ting-Lu|100/100|[from] item: Leftovers
|upkeep
|turn|18
|inactive|Battle timer is ON: inactive players will automatically lose when time's up. (requested by tap choi vgc)
|
|t:|1776268574
|move|p2a: Mandibuzz|U-turn|p1a: Ting-Lu
|-supereffective|p1a: Ting-Lu
|-damage|p1a: Ting-Lu|88/100
|
|t:|1776268577
|switch|p2a: Rillaboom|Rillaboom, F|16/100|[from] U-turn
|-fieldstart|move: Grassy Terrain|[from] ability: Grassy Surge|[of] p2a: Rillaboom
|move|p1a: Ting-Lu|Stealth Rock|p2a: Rillaboom
|-sidestart|p2: 4palxi|move: Stealth Rock
|
|-heal|p2a: Rillaboom|22/100|[from] Grassy Terrain
|-heal|p1a: Ting-Lu|94/100|[from] Grassy Terrain
|-heal|p1a: Ting-Lu|99/100|[from] item: Leftovers
|upkeep
|turn|19
|
|t:|1776268586
|move|p2a: Rillaboom|U-turn|p1a: Ting-Lu
|-supereffective|p1a: Ting-Lu
|-damage|p1a: Ting-Lu|57/100
|
|t:|1776268589
|switch|p2a: Alomomola|Alomomola, F|100/100|[from] U-turn
|-damage|p2a: Alomomola|88/100|[from] Stealth Rock
|move|p1a: Ting-Lu|Earthquake|p2a: Alomomola
|-damage|p2a: Alomomola|79/100
|
|-heal|p1a: Ting-Lu|63/100|[from] Grassy Terrain
|-heal|p1a: Ting-Lu|69/100|[from] item: Leftovers
|-heal|p2a: Alomomola|85/100|[from] Grassy Terrain
|upkeep
|turn|20
|
|t:|1776268600
|move|p2a: Alomomola|Wish|p2a: Alomomola
|move|p1a: Ting-Lu|Whirlwind|p2a: Alomomola
|drag|p2a: Rillaboom|Rillaboom, F|22/100
|-damage|p2a: Rillaboom|10/100|[from] Stealth Rock
|
|-heal|p2a: Rillaboom|16/100|[from] Grassy Terrain
|-heal|p1a: Ting-Lu|76/100|[from] Grassy Terrain
|-heal|p1a: Ting-Lu|82/100|[from] item: Leftovers
|upkeep
|turn|21
|
|t:|1776268609
|move|p2a: Rillaboom|Grassy Glide|p1a: Ting-Lu
|-supereffective|p1a: Ting-Lu
|-damage|p1a: Ting-Lu|12/100
|move|p1a: Ting-Lu|Whirlwind|p2a: Rillaboom
|drag|p2a: Arcanine|Arcanine-Hisui, F|100/100
|-damage|p2a: Arcanine|76/100|[from] Stealth Rock
|
|-heal|p2a: Arcanine|100/100|[from] move: Wish|[wisher] Alomomola
|-heal|p1a: Ting-Lu|18/100|[from] Grassy Terrain
|-heal|p1a: Ting-Lu|24/100|[from] item: Leftovers
|upkeep
|turn|22
|
|t:|1776268621
|move|p2a: Arcanine|Flare Blitz|p1a: Ting-Lu
|-damage|p1a: Ting-Lu|0 fnt
|faint|p1a: Ting-Lu
|
|-fieldend|move: Grassy Terrain
|upkeep
|
|t:|1776268624
|switch|p1a: Great Tusk|Great Tusk|100/100
|turn|23
|
|t:|1776268628
|switch|p2a: Alomomola|Alomomola, F|100/100
|-damage|p2a: Alomomola|88/100|[from] Stealth Rock
|move|p1a: Great Tusk|Body Press|p2a: Alomomola
|-damage|p2a: Alomomola|62/100
|
|upkeep
|turn|24
|
|t:|1776268633
|move|p1a: Great Tusk|Body Press|p2a: Alomomola
|-crit|p2a: Alomomola
|-damage|p2a: Alomomola|27/100
|move|p2a: Alomomola|Wish|p2a: Alomomola
|
|upkeep
|turn|25
|
|t:|1776268638
|move|p2a: Alomomola|Protect|p2a: Alomomola
|-singleturn|p2a: Alomomola|Protect
|move|p1a: Great Tusk|Body Press|p2a: Alomomola
|-activate|p2a: Alomomola|move: Protect
|
|-heal|p2a: Alomomola|77/100|[from] move: Wish|[wisher] Alomomola
|upkeep
|turn|26
|
|t:|1776268640
|move|p1a: Great Tusk|Body Press|p2a: Alomomola
|-damage|p2a: Alomomola|53/100
|move|p2a: Alomomola|Wish|p2a: Alomomola
|
|upkeep
|turn|27
|
|t:|1776268646
|-end|p1a: Great Tusk|Protosynthesis|[silent]
|switch|p1a: Iron Valiant|Iron Valiant|100/100
|move|p2a: Alomomola|Flip Turn|p1a: Iron Valiant
|-damage|p1a: Iron Valiant|79/100
|
|t:|1776268652
|switch|p2a: Rillaboom|Rillaboom, F|16/100|[from] Flip Turn
|-damage|p2a: Rillaboom|4/100|[from] Stealth Rock
|-fieldstart|move: Grassy Terrain|[from] ability: Grassy Surge|[of] p2a: Rillaboom
|
|-heal|p2a: Rillaboom|82/100|[from] move: Wish|[wisher] Alomomola
|-heal|p1a: Iron Valiant|85/100|[from] Grassy Terrain
|-heal|p2a: Rillaboom|88/100|[from] Grassy Terrain
|upkeep
|turn|28
|
|t:|1776268656
|move|p2a: Rillaboom|Grassy Glide|p1a: Iron Valiant
|-damage|p1a: Iron Valiant|6/100
|move|p1a: Iron Valiant|Moonblast|p2a: Rillaboom
|-damage|p2a: Rillaboom|0 fnt
|faint|p2a: Rillaboom
|
|-heal|p1a: Iron Valiant|12/100|[from] Grassy Terrain
|upkeep
|
|t:|1776268667
|switch|p2a: Arcanine|Arcanine-Hisui, F|100/100
|-damage|p2a: Arcanine|76/100|[from] Stealth Rock
|turn|29
|
|t:|1776268670
|-end|p1a: Iron Valiant|Quark Drive|[silent]
|switch|p1a: Great Tusk|Great Tusk|100/100
|move|p2a: Arcanine|Extreme Speed|p1a: Great Tusk
|-damage|p1a: Great Tusk|81/100
|
|-heal|p2a: Arcanine|82/100|[from] Grassy Terrain
|-heal|p1a: Great Tusk|88/100|[from] Grassy Terrain
|-heal|p1a: Great Tusk|94/100|[from] item: Leftovers
|upkeep
|turn|30
|
|t:|1776268678
|switch|p2a: Alomomola|Alomomola, F|86/100
|-damage|p2a: Alomomola|74/100|[from] Stealth Rock
|move|p1a: Great Tusk|Body Press|p2a: Alomomola
|-damage|p2a: Alomomola|50/100
|
|-heal|p1a: Great Tusk|99/100|[from] Grassy Terrain
|-heal|p1a: Great Tusk|100/100|[from] item: Leftovers
|-heal|p2a: Alomomola|56/100|[from] Grassy Terrain
|upkeep
|turn|31
|
|t:|1776268684
|move|p1a: Great Tusk|Rapid Spin|p2a: Alomomola
|-damage|p2a: Alomomola|48/100
|-boost|p1a: Great Tusk|spe|1
|move|p2a: Alomomola|Scald|p1a: Great Tusk
|-supereffective|p1a: Great Tusk
|-damage|p1a: Great Tusk|63/100
|
|-heal|p1a: Great Tusk|69/100|[from] Grassy Terrain
|-heal|p1a: Great Tusk|75/100|[from] item: Leftovers
|-heal|p2a: Alomomola|54/100|[from] Grassy Terrain
|-fieldend|move: Grassy Terrain
|upkeep
|turn|32
|
|t:|1776268693
|move|p1a: Great Tusk|Knock Off|p2a: Alomomola
|-damage|p2a: Alomomola|43/100
|move|p2a: Alomomola|Wish|p2a: Alomomola
|
|-heal|p1a: Great Tusk|81/100|[from] item: Leftovers
|upkeep
|turn|33
|
|t:|1776268697
|move|p1a: Great Tusk|Earthquake|p2a: Alomomola
|-damage|p2a: Alomomola|21/100
|move|p2a: Alomomola|Scald|p1a: Great Tusk
|-supereffective|p1a: Great Tusk
|-damage|p1a: Great Tusk|49/100
|
|-heal|p2a: Alomomola|71/100|[from] move: Wish|[wisher] Alomomola
|-heal|p1a: Great Tusk|55/100|[from] item: Leftovers
|upkeep
|turn|34
|
|t:|1776268705
|move|p1a: Great Tusk|Earthquake|p2a: Alomomola
|-damage|p2a: Alomomola|49/100
|move|p2a: Alomomola|Wish|p2a: Alomomola
|
|-heal|p1a: Great Tusk|62/100|[from] item: Leftovers
|upkeep
|turn|35
|
|t:|1776268709
|-end|p1a: Great Tusk|Protosynthesis|[silent]
|switch|p1a: Dragonite|Dragonite, M|100/100
|move|p2a: Alomomola|Scald|p1a: Dragonite
|-resisted|p1a: Dragonite
|-damage|p1a: Dragonite|97/100
|
|-heal|p2a: Alomomola|99/100|[from] move: Wish|[wisher] Alomomola
|upkeep
|turn|36
|
|t:|1776268721
|move|p1a: Dragonite|Dragon Dance|p1a: Dragonite
|-boost|p1a: Dragonite|atk|1
|-boost|p1a: Dragonite|spe|1
|move|p2a: Alomomola|Flip Turn|p1a: Dragonite
|-resisted|p1a: Dragonite
|-damage|p1a: Dragonite|87/100
|
|t:|1776268724
|switch|p2a: Clefable|Clefable, F|100/100|[from] Flip Turn
|-damage|p2a: Clefable|88/100|[from] Stealth Rock
|
|-heal|p2a: Clefable|94/100|[from] item: Leftovers
|upkeep
|turn|37
|
|t:|1776268735
|-terastallize|p1a: Dragonite|Normal
|move|p1a: Dragonite|Extreme Speed|p2a: Clefable
|-damage|p2a: Clefable|41/100
|move|p2a: Clefable|Moonblast|p1a: Dragonite
|-damage|p1a: Dragonite|57/100
|-unboost|p1a: Dragonite|spa|1
|
|-heal|p2a: Clefable|47/100|[from] item: Leftovers
|upkeep
|turn|38
|
|t:|1776268752
|-terastallize|p2a: Clefable|Steel
|move|p1a: Dragonite|Extreme Speed|p2a: Clefable
|-resisted|p2a: Clefable
|-damage|p2a: Clefable|21/100
|-start|p1a: Dragonite|Attract|[from] ability: Cute Charm|[of] p2a: Clefable
|move|p2a: Clefable|Moonlight|p2a: Clefable
|-heal|p2a: Clefable|71/100
|
|-heal|p2a: Clefable|77/100|[from] item: Leftovers
|upkeep
|turn|39
|
|t:|1776268770
|-activate|p1a: Dragonite|move: Attract|[of] p2a: Clefable
|cant|p1a: Dragonite|Attract
|move|p2a: Clefable|Thunder Wave|p1a: Dragonite
|-status|p1a: Dragonite|par
|
|-heal|p2a: Clefable|83/100|[from] item: Leftovers
|upkeep
|turn|40
|
|t:|1776268786
|-activate|p1a: Dragonite|move: Attract|[of] p2a: Clefable
|cant|p1a: Dragonite|Attract
|move|p2a: Clefable|Moonblast|p1a: Dragonite
|-damage|p1a: Dragonite|25/100 par
|
|-heal|p2a: Clefable|90/100|[from] item: Leftovers
|upkeep
|turn|41
|-message|tap choi vgc forfeited.
|
|win|4palxi
|raw|tap choi vgc's rating: 1464 &rarr; <strong>1444</strong><br />(-20 for losing)
|raw|4palxi's rating: 1460 &rarr; <strong>1480</strong><br />(+20 for winning)
|l|☆tap choi vgc
|player|p1|
|c|☆4palxi|LOL
