|html|<div class="broadcast-blue"><strong>[Gen 9] OU is currently suspecting Tera Blast! For information on how to participate check out the <a href="https://www.smogon.com/tools/suspects/view/200">suspect thread</a>.</strong></div>
|j|☆jdm75
|j|☆The_BATMAN555
|t:|1776194895
|gametype|singles
|player|p1|jdm75|170|1138
|player|p2|The_BATMAN555|lucas|1127
|gen|9
|tier|[Gen 9] OU
|rated|
|rule|HP Percentage Mod: HP is shown in percentages
|rule|Endless Battle Clause: Forcing endless battles is banned
|rule|Species Clause: Limit one of each Pokémon
|rule|OHKO Clause: OHKO moves are banned
|rule|Evasion Items Clause: Evasion items are banned
|rule|Evasion Moves Clause: Evasion moves are banned
|rule|Evasion Abilities Clause: Evasion abilities are banned
|rule|Sleep Moves Clause: Sleep-inducing moves are banned
|clearpoke
|poke|p1|Gliscor, F|
|poke|p1|Zapdos|
|poke|p1|Whimsicott, F|
|poke|p1|Ursaluna, F|
|poke|p1|Kingambit, F|
|poke|p1|Hoopa-Unbound|
|poke|p2|Iron Treads|
|poke|p2|Zamazenta-*|
|poke|p2|Darkrai|
|poke|p2|Alomomola, F|
|poke|p2|Corviknight, M|
|poke|p2|Slowking-Galar, M|
|teampreview
|j| cardfiber
|inactive|Battle timer is ON: inactive players will automatically lose when time's up. (requested by The_BATMAN555)
|c| cardfiber|hmmm
|inactive|jdm75 has 120 seconds left.
|
|t:|1776194931
|teamsize|p1|6
|teamsize|p2|6
|start
|switch|p1a: Zapdos|Zapdos|100/100
|switch|p2a: Iron Treads|Iron Treads, shiny|100/100
|turn|1
|
|t:|1776194945
|move|p2a: Iron Treads|Stealth Rock|p1a: Zapdos
|-sidestart|p1: jdm75|move: Stealth Rock
|move|p1a: Zapdos|Tailwind|p1a: Zapdos
|-sidestart|p1: jdm75|move: Tailwind
|
|upkeep
|turn|2
|inactive|The_BATMAN555 has 120 seconds left.
|
|t:|1776194979
|move|p1a: Zapdos|Hurricane|p2a: Iron Treads
|-resisted|p2a: Iron Treads
|-damage|p2a: Iron Treads|69/100
|move|p2a: Iron Treads|Rapid Spin|p1a: Zapdos
|-damage|p1a: Zapdos|88/100
|-boost|p2a: Iron Treads|spe|1
|
|upkeep
|turn|3
|
|t:|1776194987
|move|p2a: Iron Treads|Iron Head|p1a: Zapdos
|-resisted|p1a: Zapdos
|-damage|p1a: Zapdos|75/100
|cant|p1a: Zapdos|flinch
|
|upkeep
|turn|4
|inactive|The_BATMAN555 has 120 seconds left.
|
|t:|1776195005
|-end|p2a: Iron Treads|Quark Drive|[silent]
|switch|p2a: Corviknight|Corviknight, M|100/100
|move|p1a: Zapdos|Hurricane|p2a: Corviknight
|-resisted|p2a: Corviknight
|-damage|p2a: Corviknight|80/100
|
|-sideend|p1: jdm75|move: Tailwind
|upkeep
|turn|5
|
|t:|1776195015
|switch|p2a: Iron Treads|Iron Treads, shiny|69/100
|move|p1a: Zapdos|Discharge|p2a: Iron Treads
|-immune|p2a: Iron Treads
|
|upkeep
|turn|6
|
|t:|1776195027
|move|p2a: Iron Treads|Iron Head|p1a: Zapdos
|-resisted|p1a: Zapdos
|-damage|p1a: Zapdos|62/100
|move|p1a: Zapdos|Tailwind|p1a: Zapdos
|-sidestart|p1: jdm75|move: Tailwind
|
|upkeep
|turn|7
|
|t:|1776195036
|switch|p1a: Ursaluna|Ursaluna, F|100/100
|-damage|p1a: Ursaluna|94/100|[from] Stealth Rock
|-end|p2a: Iron Treads|Quark Drive|[silent]
|switch|p2a: Corviknight|Corviknight, M|80/100
|
|-status|p1a: Ursaluna|brn|[from] item: Flame Orb
|upkeep
|turn|8
|inactive|The_BATMAN555 has 120 seconds left.
|inactive|The_BATMAN555 has 90 seconds left.
|
|t:|1776195114
|switch|p2a: Iron Treads|Iron Treads, shiny|69/100
|move|p1a: Ursaluna|Crunch|p2a: Iron Treads
|-damage|p2a: Iron Treads|27/100
|-damage|p1a: Ursaluna|78/100 brn|[from] item: Rocky Helmet|[of] p2a: Iron Treads
|
|-damage|p1a: Ursaluna|72/100 brn|[from] brn
|upkeep
|turn|9
|inactive|jdm75 has 120 seconds left.
|
|t:|1776195134
|-end|p2a: Iron Treads|Quark Drive|[silent]
|switch|p2a: Corviknight|Corviknight, M|80/100
|move|p1a: Ursaluna|Trailblaze|p2a: Corviknight
|-resisted|p2a: Corviknight
|-damage|p2a: Corviknight|75/100
|-boost|p1a: Ursaluna|spe|1
|-damage|p1a: Ursaluna|55/100 brn|[from] item: Rocky Helmet|[of] p2a: Corviknight
|
|-damage|p1a: Ursaluna|49/100 brn|[from] brn
|-sideend|p1: jdm75|move: Tailwind
|upkeep
|turn|10
|inactive|jdm75 has 120 seconds left.
|
|t:|1776195146
|switch|p1a: Gliscor|Gliscor, F|100/100
|-damage|p1a: Gliscor|88/100|[from] Stealth Rock
|move|p2a: Corviknight|Brave Bird|p1a: Gliscor
|-damage|p1a: Gliscor|59/100
|-damage|p2a: Corviknight|67/100|[from] Recoil
|
|-status|p1a: Gliscor|tox|[from] item: Toxic Orb
|upkeep
|turn|11
|inactive|The_BATMAN555 has 60 seconds left.
|
|t:|1776195164
|move|p1a: Gliscor|Stealth Rock|p2a: Corviknight
|-sidestart|p2: The_BATMAN555|move: Stealth Rock
|move|p2a: Corviknight|U-turn|p1a: Gliscor
|-resisted|p1a: Gliscor
|-damage|p1a: Gliscor|53/100 tox
|inactive|The_BATMAN555 has 60 seconds left.
|
|t:|1776195170
|switch|p2a: Zamazenta|Zamazenta|100/100|[from] U-turn
|-damage|p2a: Zamazenta|94/100|[from] Stealth Rock
|-ability|p2a: Zamazenta|Dauntless Shield|boost
|-boost|p2a: Zamazenta|def|1
|
|-heal|p1a: Gliscor|66/100 tox|[from] ability: Poison Heal
|upkeep
|turn|12
|
|t:|1776195181
|move|p2a: Zamazenta|Ice Fang|p1a: Gliscor
|-supereffective|p1a: Gliscor
|-damage|p1a: Gliscor|0 fnt
|faint|p1a: Gliscor
|
|upkeep
|
|t:|1776195190
|switch|p1a: Zapdos|Zapdos|62/100
|turn|13
|
|t:|1776195199
|switch|p2a: Slowking|Slowking-Galar, M|100/100
|move|p1a: Zapdos|Discharge|p2a: Slowking
|-damage|p2a: Slowking|83/100
|-status|p2a: Slowking|par
|
|upkeep
|turn|14
|
|t:|1776195209
|move|p1a: Zapdos|U-turn|p2a: Slowking
|-damage|p2a: Slowking|70/100 par
|
|t:|1776195211
|switch|p1a: Kingambit|Kingambit, F|100/100|[from] U-turn
|-damage|p1a: Kingambit|94/100|[from] Stealth Rock
|-activate|p1a: Kingambit|ability: Supreme Overlord
|-start|p1a: Kingambit|fallen1|[silent]
|move|p2a: Slowking|Future Sight|p1a: Kingambit
|-start|p2a: Slowking|move: Future Sight
|
|upkeep
|turn|15
|inactive|The_BATMAN555 has 90 seconds left.
|
|t:|1776195223
|move|p1a: Kingambit|Iron Head|p2a: Slowking
|-damage|p2a: Slowking|16/100 par
|cant|p2a: Slowking|flinch
|
|upkeep
|turn|16
|inactive|The_BATMAN555 has 90 seconds left.
|
|t:|1776195230
|move|p1a: Kingambit|Iron Head|p2a: Slowking
|-damage|p2a: Slowking|0 fnt
|faint|p2a: Slowking
|
|-end|p1a: Kingambit|move: Future Sight
|-immune|p1a: Kingambit
|upkeep
|inactive|The_BATMAN555 has 90 seconds left.
|
|t:|1776195245
|switch|p2a: Iron Treads|Iron Treads, shiny|27/100
|-damage|p2a: Iron Treads|24/100|[from] Stealth Rock
|turn|17
|
|t:|1776195250
|move|p1a: Kingambit|Sucker Punch|p2a: Iron Treads
|-damage|p2a: Iron Treads|0 fnt
|-damage|p1a: Kingambit|78/100|[from] item: Rocky Helmet|[of] p2a: Iron Treads
|faint|p2a: Iron Treads
|-end|p2a: Iron Treads|Quark Drive|[silent]
|
|upkeep
|
|t:|1776195259
|switch|p2a: Zamazenta|Zamazenta|94/100
|-damage|p2a: Zamazenta|88/100|[from] Stealth Rock
|turn|18
|
|t:|1776195269
|-end|p1a: Kingambit|fallen1|[silent]
|switch|p1a: Zapdos|Zapdos|62/100
|move|p2a: Zamazenta|Close Combat|p1a: Zapdos
|-resisted|p1a: Zapdos
|-damage|p1a: Zapdos|29/100
|-unboost|p2a: Zamazenta|def|1
|-unboost|p2a: Zamazenta|spd|1
|
|upkeep
|turn|19
|l| cardfiber
|
|t:|1776195278
|move|p2a: Zamazenta|Close Combat|p1a: Zapdos
|-resisted|p1a: Zapdos
|-damage|p1a: Zapdos|0 fnt
|-unboost|p2a: Zamazenta|def|1
|-unboost|p2a: Zamazenta|spd|1
|faint|p1a: Zapdos
|
|upkeep
|
|t:|1776195284
|switch|p1a: Whimsicott|Whimsicott, F|100/100
|-damage|p1a: Whimsicott|88/100|[from] Stealth Rock
|turn|20
|
|t:|1776195291
|switch|p2a: Corviknight|Corviknight, M|67/100
|-damage|p2a: Corviknight|54/100|[from] Stealth Rock
|move|p1a: Whimsicott|Tailwind|p1a: Whimsicott
|-sidestart|p1: jdm75|move: Tailwind
|
|upkeep
|turn|21
|inactive|The_BATMAN555 has 120 seconds left.
|
|t:|1776195305
|switch|p1a: Kingambit|Kingambit, F|78/100
|-damage|p1a: Kingambit|72/100|[from] Stealth Rock
|-activate|p1a: Kingambit|ability: Supreme Overlord
|-start|p1a: Kingambit|fallen2|[silent]
|move|p2a: Corviknight|Roost|p2a: Corviknight
|-heal|p2a: Corviknight|100/100
|-singleturn|p2a: Corviknight|move: Roost
|
|upkeep
|turn|22
|inactive|The_BATMAN555 has 120 seconds left.
|
|t:|1776195316
|-terastallize|p1a: Kingambit|Fairy
|move|p1a: Kingambit|Swords Dance|p1a: Kingambit
|-boost|p1a: Kingambit|atk|2
|move|p2a: Corviknight|Defog|p1a: Kingambit
|-unboost|p1a: Kingambit|evasion|1
|-sideend|p1: jdm75|Stealth Rock|[from] move: Defog|[of] p2a: Corviknight
|-sideend|p2: The_BATMAN555|Stealth Rock|[from] move: Defog|[of] p2a: Corviknight
|
|upkeep
|turn|23
|inactive|The_BATMAN555 has 120 seconds left.
|
|t:|1776195332
|move|p1a: Kingambit|Swords Dance|p1a: Kingambit
|-boost|p1a: Kingambit|atk|2
|move|p2a: Corviknight|Brave Bird|p1a: Kingambit
|-crit|p1a: Kingambit
|-damage|p1a: Kingambit|28/100
|-damage|p2a: Corviknight|88/100|[from] Recoil
|
|-sideend|p1: jdm75|move: Tailwind
|upkeep
|turn|24
|inactive|The_BATMAN555 has 120 seconds left.
|
|t:|1776195341
|move|p1a: Kingambit|Kowtow Cleave|p2a: Corviknight
|-damage|p2a: Corviknight|0 fnt
|-damage|p1a: Kingambit|11/100|[from] item: Rocky Helmet|[of] p2a: Corviknight
|faint|p2a: Corviknight
|
|upkeep
|inactive|The_BATMAN555 has 120 seconds left.
|
|t:|1776195349
|switch|p2a: Alomomola|Alomomola, F|100/100
|turn|25
|inactive|The_BATMAN555 has 120 seconds left.
|
|t:|1776195381
|move|p1a: Kingambit|Kowtow Cleave|p2a: Alomomola
|-damage|p2a: Alomomola|0 fnt
|faint|p2a: Alomomola
|
|upkeep
|
|t:|1776195388
|switch|p2a: Zamazenta|Zamazenta|88/100
|turn|26
|
|t:|1776195398
|move|p1a: Kingambit|Sucker Punch|p2a: Zamazenta
|-resisted|p2a: Zamazenta
|-damage|p2a: Zamazenta|3/100
|move|p2a: Zamazenta|Heavy Slam|p1a: Kingambit
|-supereffective|p1a: Kingambit
|-damage|p1a: Kingambit|0 fnt
|faint|p1a: Kingambit
|-end|p1a: Kingambit|fallen2|[silent]
|
|upkeep
|
|t:|1776195410
|switch|p1a: Whimsicott|Whimsicott, F|88/100
|turn|27
|
|t:|1776195426
|move|p1a: Whimsicott|Tailwind|p1a: Whimsicott
|-sidestart|p1: jdm75|move: Tailwind
|move|p2a: Zamazenta|Heavy Slam|p1a: Whimsicott
|-supereffective|p1a: Whimsicott
|-damage|p1a: Whimsicott|0 fnt
|faint|p1a: Whimsicott
|
|upkeep
|
|t:|1776195432
|switch|p1a: Hoopa|Hoopa-Unbound|100/100
|turn|28
|
|t:|1776195446
|move|p1a: Hoopa|Drain Punch|p2a: Zamazenta
|-damage|p2a: Zamazenta|0 fnt
|faint|p2a: Zamazenta
|-damage|p1a: Hoopa|91/100|[from] item: Life Orb
|
|upkeep
|
|t:|1776195453
|switch|p2a: Darkrai|Darkrai|100/100
|turn|29
|j| cardfiber
|
|t:|1776195470
|-terastallize|p2a: Darkrai|Poison
|move|p1a: Hoopa|Drain Punch|p2a: Darkrai
|-resisted|p2a: Darkrai
|-damage|p2a: Darkrai|73/100
|-heal|p1a: Hoopa|100/100|[from] drain|[of] p2a: Darkrai
|-damage|p1a: Hoopa|91/100|[from] item: Life Orb
|move|p2a: Darkrai|Dark Pulse|p1a: Hoopa
|-damage|p1a: Hoopa|49/100
|
|upkeep
|turn|30
|
|t:|1776195482
|move|p1a: Hoopa|Psychic|p2a: Darkrai
|-supereffective|p2a: Darkrai
|-damage|p2a: Darkrai|0 fnt
|faint|p2a: Darkrai
|-damage|p1a: Hoopa|39/100|[from] item: Life Orb
|
|win|jdm75
|raw|jdm75's rating: 1138 &rarr; <strong>1162</strong><br />(+24 for winning)
|raw|The_BATMAN555's rating: 1127 &rarr; <strong>1103</strong><br />(-24 for losing)
