|html|<div class="broadcast-blue"><strong>[Gen 9] OU is currently suspecting Tera Blast! For information on how to participate check out the <a href="https://www.smogon.com/tools/suspects/view/200">suspect thread</a>.</strong></div>
|j|☆Botbr550
|j|☆TV jsjcndkenfd
|t:|1776261891
|gametype|singles
|player|p1|Botbr550|rosa|1086
|player|p2|TV jsjcndkenfd|101|1083
|gen|9
|tier|[Gen 9] OU
|rated|
|rule|HP Percentage Mod: HP is shown in percentages
|rule|Endless Battle Clause: Forcing endless battles is banned
|rule|Species Clause: Limit one of each Pokémon
|rule|OHKO Clause: OHKO moves are banned
|rule|Evasion Items Clause: Evasion items are banned
|rule|Evasion Moves Clause: Evasion moves are banned
|rule|Evasion Abilities Clause: Evasion abilities are banned
|rule|Sleep Moves Clause: Sleep-inducing moves are banned
|clearpoke
|poke|p1|Meowscarada, M|
|poke|p1|Cinderace, M|
|poke|p1|Kingambit, M|
|poke|p1|Glimmora, F|
|poke|p1|Iron Hands|
|poke|p1|Dragonite, F|
|poke|p2|Greninja-*, M|
|poke|p2|Tinkaton, F|
|poke|p2|Tornadus, M|
|poke|p2|Iron Moth|
|poke|p2|Darkrai|
|poke|p2|Deoxys-Speed|
|teampreview
|
|t:|1776261903
|teamsize|p1|6
|teamsize|p2|6
|start
|switch|p1a: Glimmora|Glimmora, F|100/100
|switch|p2a: Tinkaton|Tinkaton, F|100/100
|-item|p2a: Tinkaton|Air Balloon
|turn|1
|
|t:|1776261910
|move|p2a: Tinkaton|Swords Dance|p2a: Tinkaton
|-boost|p2a: Tinkaton|atk|2
|move|p1a: Glimmora|Stealth Rock|p2a: Tinkaton
|-sidestart|p2: TV jsjcndkenfd|move: Stealth Rock
|
|upkeep
|turn|2
|
|t:|1776261921
|switch|p1a: Cinderace|Cinderace, M, shiny|100/100
|move|p2a: Tinkaton|Gigaton Hammer|p1a: Cinderace
|-resisted|p1a: Cinderace
|-damage|p1a: Cinderace|14/100
|
|upkeep
|turn|3
|
|t:|1776261935
|switch|p2a: Greninja|Greninja, M|100/100
|-damage|p2a: Greninja|88/100|[from] Stealth Rock
|move|p1a: Cinderace|Pyro Ball|p2a: Greninja
|-resisted|p2a: Greninja
|-damage|p2a: Greninja|41/100
|
|upkeep
|turn|4
|
|t:|1776261947
|move|p2a: Greninja|Dark Pulse|p1a: Cinderace
|-damage|p1a: Cinderace|0 fnt
|faint|p1a: Cinderace
|-ability|p2a: Greninja|Battle Bond|boost
|-boost|p2a: Greninja|atk|1
|-boost|p2a: Greninja|spa|1
|-boost|p2a: Greninja|spe|1
|-activate|p2a: Greninja|ability: Battle Bond
|
|upkeep
|
|t:|1776261956
|switch|p1a: Meowscarada|Meowscarada, M|100/100
|turn|5
|
|t:|1776261965
|switch|p2a: Tinkaton|Tinkaton, F|100/100
|-damage|p2a: Tinkaton|94/100|[from] Stealth Rock
|-item|p2a: Tinkaton|Air Balloon
|move|p1a: Meowscarada|U-turn|p2a: Tinkaton
|-start|p1a: Meowscarada|typechange|Bug|[from] ability: Protean
|-resisted|p2a: Tinkaton
|-damage|p2a: Tinkaton|83/100
|-enditem|p2a: Tinkaton|Air Balloon
|-enditem|p1a: Meowscarada|Choice Scarf|[silent]|[from] ability: Pickpocket|[of] p1a: Meowscarada
|-item|p2a: Tinkaton|Choice Scarf|[from] ability: Pickpocket|[of] p1a: Meowscarada
|
|t:|1776261977
|switch|p1a: Glimmora|Glimmora, F|100/100|[from] U-turn
|
|upkeep
|turn|6
|
|t:|1776261984
|move|p2a: Tinkaton|Gigaton Hammer|p1a: Glimmora
|-supereffective|p1a: Glimmora
|-enditem|p1a: Glimmora|Focus Sash
|-damage|p1a: Glimmora|1/100
|-activate|p1a: Glimmora|ability: Toxic Debris
|-sidestart|p2: TV jsjcndkenfd|move: Toxic Spikes
|move|p1a: Glimmora|Earth Power|p2a: Tinkaton
|-supereffective|p2a: Tinkaton
|-damage|p2a: Tinkaton|30/100
|
|upkeep
|turn|7
|
|t:|1776261995
|move|p1a: Glimmora|Spiky Shield|p1a: Glimmora
|-singleturn|p1a: Glimmora|move: Protect
|-activate|p2a: Tinkaton|move: Struggle
|move|p2a: Tinkaton|Struggle|p1a: Glimmora
|-activate|p1a: Glimmora|move: Protect
|-damage|p2a: Tinkaton|18/100|[from] Spiky Shield|[of] p1a: Glimmora
|
|upkeep
|turn|8
|
|t:|1776262003
|move|p2a: Tinkaton|Gigaton Hammer|p1a: Glimmora
|-supereffective|p1a: Glimmora
|-damage|p1a: Glimmora|0 fnt
|-activate|p1a: Glimmora|ability: Toxic Debris
|-sidestart|p2: TV jsjcndkenfd|move: Toxic Spikes
|faint|p1a: Glimmora
|
|upkeep
|
|t:|1776262014
|switch|p1a: Meowscarada|Meowscarada, M|100/100
|turn|9
|
|t:|1776262020
|switch|p2a: Greninja|Greninja, M|41/100
|-damage|p2a: Greninja|29/100|[from] Stealth Rock
|-status|p2a: Greninja|tox
|move|p1a: Meowscarada|U-turn|p2a: Greninja
|-start|p1a: Meowscarada|typechange|Bug|[from] ability: Protean
|-supereffective|p2a: Greninja
|-damage|p2a: Greninja|0 fnt
|faint|p2a: Greninja
|
|t:|1776262032
|switch|p1a: Iron Hands|Iron Hands|100/100|[from] U-turn
|
|upkeep
|
|t:|1776262037
|switch|p2a: Iron Moth|Iron Moth|100/100
|-damage|p2a: Iron Moth|76/100|[from] Stealth Rock
|-sideend|p2: TV jsjcndkenfd|move: Toxic Spikes|[of] p2a: Iron Moth
|turn|10
|
|t:|1776262047
|move|p2a: Iron Moth|Fire Blast|p1a: Iron Hands
|-damage|p1a: Iron Hands|46/100
|move|p1a: Iron Hands|Thunder Punch|p2a: Iron Moth
|-damage|p2a: Iron Moth|0 fnt
|faint|p2a: Iron Moth
|-end|p2a: Iron Moth|Quark Drive|[silent]
|
|upkeep
|
|t:|1776262062
|switch|p2a: Tinkaton|Tinkaton, F|18/100
|-damage|p2a: Tinkaton|12/100|[from] Stealth Rock
|turn|11
|
|t:|1776262072
|move|p2a: Tinkaton|Stealth Rock|p1a: Iron Hands
|-sidestart|p1: Botbr550|move: Stealth Rock
|move|p1a: Iron Hands|Thunder Punch|p2a: Tinkaton
|-damage|p2a: Tinkaton|0 fnt
|faint|p2a: Tinkaton
|
|upkeep
|
|t:|1776262089
|switch|p2a: Deoxys|Deoxys-Speed|100/100
|-damage|p2a: Deoxys|88/100|[from] Stealth Rock
|-ability|p2a: Deoxys|Pressure
|turn|12
|
|t:|1776262097
|move|p2a: Deoxys|Psycho Boost|p1a: Iron Hands
|-supereffective|p1a: Iron Hands
|-damage|p1a: Iron Hands|0 fnt
|-unboost|p2a: Deoxys|spa|2
|faint|p1a: Iron Hands
|-end|p1a: Iron Hands|Quark Drive|[silent]
|
|upkeep
|
|t:|1776262104
|switch|p1a: Dragonite|Dragonite, F|100/100
|-damage|p1a: Dragonite|76/100|[from] Stealth Rock
|turn|13
|
|t:|1776262109
|-terastallize|p1a: Dragonite|Normal
|move|p1a: Dragonite|Extreme Speed|p2a: Deoxys
|-damage|p2a: Deoxys|0 fnt
|faint|p2a: Deoxys
|
|upkeep
|
|t:|1776262117
|switch|p2a: Darkrai|Darkrai|100/100
|turn|14
|
|t:|1776262121
|-terastallize|p2a: Darkrai|Dark
|move|p1a: Dragonite|Extreme Speed|p2a: Darkrai
|-damage|p2a: Darkrai|0 fnt
|faint|p2a: Darkrai
|
|upkeep
|
|t:|1776262125
|switch|p2a: Tornadus|Tornadus, M|100/100
|-damage|p2a: Tornadus|76/100|[from] Stealth Rock
|turn|15
|
|t:|1776262131
|move|p1a: Dragonite|Extreme Speed|p2a: Tornadus
|-damage|p2a: Tornadus|0 fnt
|faint|p2a: Tornadus
|
|win|Botbr550
|raw|Botbr550's rating: 1086 &rarr; <strong>1113</strong><br />(+27 for winning)
|raw|TV jsjcndkenfd's rating: 1083 &rarr; <strong>1061</strong><br />(-22 for losing)
|l|☆TV jsjcndkenfd
|player|p2|
