|html|<div class="broadcast-blue"><strong>[Gen 9] OU is currently suspecting Tera Blast! For information on how to participate check out the <a href="https://www.smogon.com/tools/suspects/view/200">suspect thread</a>.</strong></div>
|j|☆seedonpokemon
|j|☆sasukepilled
|t:|1776224164
|gametype|singles
|player|p1|seedonpokemon|brendan-masters2|
|player|p2|sasukepilled|n|
|gen|9
|tier|[Gen 9] OU
|rule|HP Percentage Mod: HP is shown in percentages
|rule|Endless Battle Clause: Forcing endless battles is banned
|rule|Species Clause: Limit one of each Pokémon
|rule|OHKO Clause: OHKO moves are banned
|rule|Evasion Items Clause: Evasion items are banned
|rule|Evasion Moves Clause: Evasion moves are banned
|rule|Evasion Abilities Clause: Evasion abilities are banned
|rule|Sleep Moves Clause: Sleep-inducing moves are banned
|clearpoke
|poke|p1|Ribombee, F|
|poke|p1|Deoxys-Speed|
|poke|p1|Flapple, M|
|poke|p1|Flamigo, M|
|poke|p1|Tatsugiri-Droopy, F|
|poke|p1|Great Tusk|
|poke|p2|Greedent, F|
|poke|p2|Fraxure, F|
|poke|p2|Espeon, M|
|poke|p2|Dragonite, M|
|poke|p2|Zarude-Dada|
|poke|p2|Corviknight, F|
|teampreview
|
|t:|1776224178
|teamsize|p1|6
|teamsize|p2|6
|start
|switch|p1a: fast af|Deoxys-Speed|100/100
|switch|p2a: Greedent|Greedent, F|100/100
|-ability|p1a: fast af|Pressure
|turn|1
|inactive|Battle timer is ON: inactive players will automatically lose when time's up. (requested by seedonpokemon)
|
|t:|1776224186
|move|p1a: fast af|Stealth Rock|p2a: Greedent
|-sidestart|p2: sasukepilled|move: Stealth Rock
|move|p2a: Greedent|Double-Edge|p1a: fast af
|-damage|p1a: fast af|31/100
|-damage|p2a: Greedent|85/100|[from] Recoil
|
|upkeep
|turn|2
|
|t:|1776224194
|move|p1a: fast af|Psychic Terrain|p1a: fast af
|-fieldstart|move: Psychic Terrain
|move|p2a: Greedent|Giga Impact|p1a: fast af
|-damage|p1a: fast af|0 fnt
|-mustrecharge|p2a: Greedent
|faint|p1a: fast af
|
|upkeep
|
|t:|1776224198
|switch|p1a: Great Tusk|Great Tusk|100/100
|turn|3
|c|☆seedonpokemon|its time
|
|t:|1776224206
|move|p1a: Great Tusk|Psyshock|p2a: Greedent
|-damage|p2a: Greedent|58/100
|cant|p2a: Greedent|recharge
|
|upkeep
|turn|4
|
|t:|1776224212
|move|p1a: Great Tusk|Psyshock|p2a: Greedent
|-damage|p2a: Greedent|32/100
|move|p2a: Greedent|Last Resort||[still]
|-fail|p2a: Greedent
|
|upkeep
|turn|5
|
|t:|1776224219
|move|p1a: Great Tusk|Psyshock|p2a: Greedent
|-damage|p2a: Greedent|5/100
|move|p2a: Greedent|Seed Bomb|p1a: Great Tusk
|-supereffective|p1a: Great Tusk
|-damage|p1a: Great Tusk|61/100
|
|upkeep
|turn|6
|c|☆sasukepilled|stop
|
|t:|1776224226
|move|p1a: Great Tusk|Psyshock|p2a: Greedent
|-damage|p2a: Greedent|0 fnt
|faint|p2a: Greedent
|
|upkeep
|c|☆sasukepilled|UB FKER
|
|t:|1776224235
|switch|p2a: Corviknight|Corviknight, F|100/100
|-damage|p2a: Corviknight|88/100|[from] Stealth Rock
|-ability|p2a: Corviknight|Pressure
|turn|7
|c|☆seedonpokemon|hehehe
|c|☆seedonpokemon|aw
|
|t:|1776224245
|-end|p1a: Great Tusk|Protosynthesis|[silent]
|switch|p1a: nut|Tatsugiri-Droopy, F, shiny|100/100
|move|p2a: Corviknight|Body Slam|p1a: nut
|-damage|p1a: nut|35/100
|-damage|p2a: Corviknight|78/100|[from] item: Life Orb
|
|upkeep
|turn|8
|
|t:|1776224254
|move|p1a: nut|Surf|p2a: Corviknight
|-damage|p2a: Corviknight|39/100
|move|p2a: Corviknight|Double-Edge|p1a: nut
|-damage|p1a: nut|0 fnt
|faint|p1a: nut
|-damage|p2a: Corviknight|31/100|[from] Recoil
|-damage|p2a: Corviknight|21/100|[from] item: Life Orb
|
|upkeep
|c|☆sasukepilled|LIKEEE
|c|☆sasukepilled|HUERRY
|
|t:|1776224272
|switch|p1a: Flamigo|Flamigo, M|100/100
|turn|9
|j| raywhatareyoudoing
|
|t:|1776224279
|switch|p2a: Fraxure|Fraxure, F|100/100
|-damage|p2a: Fraxure|88/100|[from] Stealth Rock
|move|p1a: Flamigo|Close Combat|p2a: Fraxure
|-damage|p2a: Fraxure|0 fnt
|-unboost|p1a: Flamigo|def|1
|-unboost|p1a: Flamigo|spd|1
|faint|p2a: Fraxure
|
|-fieldend|move: Psychic Terrain
|upkeep
|c| raywhatareyoudoing|ohh
|c|☆sasukepilled|K
|
|t:|1776224289
|switch|p2a: Zarude|Zarude-Dada|100/100
|turn|10
|
|t:|1776224295
|move|p2a: Zarude|Facade|p1a: Flamigo
|-damage|p1a: Flamigo|54/100
|move|p1a: Flamigo|Close Combat|p2a: Zarude
|-supereffective|p2a: Zarude
|-damage|p2a: Zarude|0 fnt
|-unboost|p1a: Flamigo|def|1
|-unboost|p1a: Flamigo|spd|1
|faint|p2a: Zarude
|
|upkeep
|c|☆seedonpokemon|ow
|c|☆sasukepilled|BREO\]
|c|☆sasukepilled|FYTYB SOMW OQW
|c|☆sasukepilled|BTCVH'IASRTG
|
|t:|1776224311
|switch|p2a: Dragonite|Dragonite, M|100/100
|-damage|p2a: Dragonite|76/100|[from] Stealth Rock
|turn|11
|
|t:|1776224317
|switch|p1a: Great Tusk|Great Tusk|61/100
|move|p2a: Dragonite|Light Screen|p2a: Dragonite
|-sidestart|p2: sasukepilled|move: Light Screen
|
|upkeep
|turn|12
|
|t:|1776224324
|-terastallize|p1a: Great Tusk|Stellar
|move|p1a: Great Tusk|Tera Blast|p2a: Dragonite|[anim] Tera Blast Stellar
|-damage|p2a: Dragonite|39/100
|-unboost|p1a: Great Tusk|atk|1
|-unboost|p1a: Great Tusk|spa|1
|move|p2a: Dragonite|Body Slam|p1a: Great Tusk
|-damage|p1a: Great Tusk|38/100
|
|upkeep
|turn|13
|c|☆sasukepilled|OG MY DAYS
|
|t:|1776224335
|move|p1a: Great Tusk|Tera Blast|p2a: Dragonite|[anim] Tera Blast Stellar
|-damage|p2a: Dragonite|19/100
|-unboost|p1a: Great Tusk|atk|1
|-unboost|p1a: Great Tusk|spa|1
|move|p2a: Dragonite|Waterfall|p1a: Great Tusk
|-supereffective|p1a: Great Tusk
|-damage|p1a: Great Tusk|0 fnt
|faint|p1a: Great Tusk
|-end|p1a: Great Tusk|Protosynthesis|[silent]
|
|upkeep
|c|☆seedonpokemon|ATTACK
|c|☆sasukepilled|YH NOK]
|c|☆seedonpokemon|ay
|
|t:|1776224345
|switch|p1a: nectar|Ribombee, F, shiny|100/100
|turn|14
|c|☆sasukepilled|ggs bri
|c|☆sasukepilled|bye
|
|t:|1776224353
|switch|p2a: Corviknight|Corviknight, F|21/100
|-damage|p2a: Corviknight|9/100|[from] Stealth Rock
|-ability|p2a: Corviknight|Pressure
|move|p1a: nectar|Quiver Dance|p1a: nectar
|-boost|p1a: nectar|spa|1
|-boost|p1a: nectar|spd|1
|-boost|p1a: nectar|spe|1
|
|upkeep
|turn|15
|
|t:|1776224363
|move|p1a: nectar|Moonblast|p2a: Corviknight
|-resisted|p2a: Corviknight
|-damage|p2a: Corviknight|0 fnt
|faint|p2a: Corviknight
|
|-sideend|p2: sasukepilled|move: Light Screen
|upkeep
|c|☆sasukepilled|'MAN FK U
|c|☆sasukepilled|NMY BABY
|
|t:|1776224372
|switch|p2a: Dragonite|Dragonite, M|19/100
|-damage|p2a: Dragonite|0 fnt|[from] Stealth Rock
|faint|p2a: Dragonite
|c|☆seedonpokemon|nectar
|c|☆sasukepilled|OK BYE
|c|☆seedonpokemon|destroy everything
|c|☆sasukepilled|GET BANNED
|c|☆sasukepilled|FK U agaguin
|c|☆sasukepilled|\STUO[DFU
|c|☆seedonpokemon|RRR
|c|☆sasukepilled|SHUT UP M,AN
|
|t:|1776224388
|switch|p2a: Espeon|Espeon, M|100/100
|-damage|p2a: Espeon|88/100|[from] Stealth Rock
|turn|16
|
|t:|1776224393
|switch|p1a: apple|Flapple, M, shiny|100/100
|move|p2a: Espeon|Trick|p1a: apple
|-activate|p2a: Espeon|move: Trick|[of] p1a: apple
|-item|p1a: apple|Colbur Berry|[from] move: Trick
|-item|p2a: Espeon|Life Orb|[from] move: Trick
|
|upkeep
|turn|17
|c|☆sasukepilled|oh\my
|c|☆seedonpokemon|AY
|c|☆sasukepilled|days
|c|☆seedonpokemon|MY LIFE ORB
|
|t:|1776224403
|-terastallize|p2a: Espeon|Psychic
|move|p1a: apple|Sucker Punch|p2a: Espeon
|-supereffective|p2a: Espeon
|-damage|p2a: Espeon|0 fnt
|faint|p2a: Espeon
|
|win|seedonpokemon
|c|☆seedonpokemon|enough
|c|☆sasukepilled|ok
|c|☆sasukepilled|bvye
|l|☆sasukepilled
|player|p2|
|c|☆seedonpokemon|yay
|c|☆seedonpokemon|that was fire
