|html|<div class="broadcast-blue"><strong>[Gen 9] OU is currently suspecting Tera Blast! For information on how to participate check out the <a href="https://www.smogon.com/tools/suspects/view/200">suspect thread</a>.</strong></div>
|j|☆Slr454
|j|☆SmoknOppPax
|t:|1776054818
|gametype|singles
|player|p1|Slr454|shadowtriad|1128
|player|p2|SmoknOppPax|266|1083
|gen|9
|tier|[Gen 9] OU
|rated|
|rule|HP Percentage Mod: HP is shown in percentages
|rule|Endless Battle Clause: Forcing endless battles is banned
|rule|Species Clause: Limit one of each Pokémon
|rule|OHKO Clause: OHKO moves are banned
|rule|Evasion Items Clause: Evasion items are banned
|rule|Evasion Moves Clause: Evasion moves are banned
|rule|Evasion Abilities Clause: Evasion abilities are banned
|rule|Sleep Moves Clause: Sleep-inducing moves are banned
|clearpoke
|poke|p1|Weavile, M|
|poke|p1|Volcanion|
|poke|p1|Great Tusk|
|poke|p1|Hatterene, F|
|poke|p1|Gholdengo|
|poke|p1|Dragonite, M|
|poke|p2|Scizor, F|
|poke|p2|Ludicolo, M|
|poke|p2|Sableye, F|
|poke|p2|Gengar, M|
|poke|p2|Gastrodon, F|
|poke|p2|Hitmonlee, M|
|teampreview
|
|t:|1776054832
|teamsize|p1|6
|teamsize|p2|6
|start
|switch|p1a: Weavile|Weavile, M, shiny|100/100
|switch|p2a: Sableye|Sableye, F|100/100
|turn|1
|
|t:|1776054854
|-terastallize|p1a: Weavile|Dark
|move|p1a: Weavile|Knock Off|p2a: Sableye
|-damage|p2a: Sableye|0 fnt
|-enditem|p2a: Sableye|Toxic Orb|[from] move: Knock Off|[of] p1a: Weavile
|faint|p2a: Sableye
|
|upkeep
|
|t:|1776054859
|switch|p2a: Hitmonlee|Hitmonlee, M|100/100
|turn|2
|
|t:|1776054878
|switch|p1a: Hatterene|Hatterene, F, shiny|100/100
|move|p2a: Hitmonlee|Earthquake|p1a: Hatterene
|-damage|p1a: Hatterene|71/100
|
|upkeep
|turn|3
|
|t:|1776054886
|switch|p2a: Gastrodon|Gastrodon, F|100/100
|move|p1a: Hatterene|Nuzzle|p2a: Gastrodon
|-immune|p2a: Gastrodon
|
|upkeep
|turn|4
|
|t:|1776054894
|move|p2a: Gastrodon|Sludge Bomb|p1a: Hatterene
|-supereffective|p1a: Hatterene
|-damage|p1a: Hatterene|11/100
|move|p1a: Hatterene|Draining Kiss|p2a: Gastrodon
|-damage|p2a: Gastrodon|80/100
|-heal|p1a: Hatterene|32/100|[from] drain|[of] p2a: Gastrodon
|
|-heal|p2a: Gastrodon|86/100|[from] item: Leftovers
|upkeep
|turn|5
|
|t:|1776054907
|switch|p1a: Great Tusk|Great Tusk|100/100
|move|p2a: Gastrodon|Earth Power|p1a: Great Tusk
|-damage|p1a: Great Tusk|67/100
|
|-heal|p2a: Gastrodon|92/100|[from] item: Leftovers
|upkeep
|turn|6
|
|t:|1776054927
|move|p1a: Great Tusk|Headlong Rush|p2a: Gastrodon
|-damage|p2a: Gastrodon|24/100
|-unboost|p1a: Great Tusk|def|1
|-unboost|p1a: Great Tusk|spd|1
|move|p2a: Gastrodon|Ice Beam|p1a: Great Tusk
|-supereffective|p1a: Great Tusk
|-damage|p1a: Great Tusk|5/100
|
|-heal|p2a: Gastrodon|31/100|[from] item: Leftovers
|upkeep
|turn|7
|
|t:|1776054942
|switch|p2a: Hitmonlee|Hitmonlee, M|100/100
|move|p1a: Great Tusk|Headlong Rush|p2a: Hitmonlee
|-damage|p2a: Hitmonlee|0 fnt
|-unboost|p1a: Great Tusk|def|1
|-unboost|p1a: Great Tusk|spd|1
|faint|p2a: Hitmonlee
|
|upkeep
|
|t:|1776054946
|switch|p2a: Scizor|Scizor, F, shiny|100/100
|turn|8
|
|t:|1776054961
|-end|p1a: Great Tusk|Protosynthesis|[silent]
|switch|p1a: Gholdengo|Gholdengo|100/100
|move|p2a: Scizor|Bullet Punch|p1a: Gholdengo
|-resisted|p1a: Gholdengo
|-damage|p1a: Gholdengo|82/100
|
|upkeep
|turn|9
|
|t:|1776055013
|move|p1a: Gholdengo|Trick|p2a: Scizor
|-activate|p1a: Gholdengo|move: Trick|[of] p2a: Scizor
|-item|p2a: Scizor|Choice Scarf|[from] move: Trick
|-item|p1a: Gholdengo|Leftovers|[from] move: Trick
|move|p2a: Scizor|Swords Dance|p2a: Scizor
|-boost|p2a: Scizor|atk|2
|
|-heal|p1a: Gholdengo|88/100|[from] item: Leftovers
|upkeep
|turn|10
|
|t:|1776055025
|switch|p2a: Gengar|Gengar, M|100/100
|move|p1a: Gholdengo|Shadow Ball|p2a: Gengar
|-supereffective|p2a: Gengar
|-crit|p2a: Gengar
|-damage|p2a: Gengar|0 fnt
|faint|p2a: Gengar
|
|-heal|p1a: Gholdengo|94/100|[from] item: Leftovers
|upkeep
|
|t:|1776055049
|switch|p2a: Ludicolo|Ludicolo, M, shiny|100/100
|turn|11
|
|t:|1776055061
|move|p1a: Gholdengo|Shadow Ball|p2a: Ludicolo
|-damage|p2a: Ludicolo|53/100
|move|p2a: Ludicolo|Rain Dance|p2a: Ludicolo
|-weather|RainDance
|
|-weather|RainDance|[upkeep]
|-heal|p1a: Gholdengo|100/100|[from] item: Leftovers
|upkeep
|turn|12
|
|t:|1776055068
|move|p2a: Ludicolo|Surf|p1a: Gholdengo
|-damage|p1a: Gholdengo|27/100
|move|p1a: Gholdengo|Shadow Ball|p2a: Ludicolo
|-damage|p2a: Ludicolo|5/100
|-unboost|p2a: Ludicolo|spd|1
|
|-weather|RainDance|[upkeep]
|-heal|p1a: Gholdengo|33/100|[from] item: Leftovers
|upkeep
|turn|13
|
|t:|1776055081
|switch|p1a: Volcanion|Volcanion|100/100
|move|p2a: Ludicolo|Giga Drain|p1a: Volcanion
|-damage|p1a: Volcanion|67/100
|-heal|p2a: Ludicolo|25/100|[from] drain|[of] p1a: Volcanion
|
|-weather|RainDance|[upkeep]
|upkeep
|turn|14
|
|t:|1776055093
|move|p2a: Ludicolo|Surf|p1a: Volcanion
|-heal|p1a: Volcanion|92/100|[from] ability: Water Absorb|[of] p2a: Ludicolo
|move|p1a: Volcanion|Flamethrower|p2a: Ludicolo
|-crit|p2a: Ludicolo
|-damage|p2a: Ludicolo|0 fnt
|faint|p2a: Ludicolo
|
|-weather|RainDance|[upkeep]
|upkeep
|
|t:|1776055100
|switch|p2a: Scizor|Scizor, F, shiny|100/100
|turn|15
|
|t:|1776055104
|move|p2a: Scizor|Swords Dance|p2a: Scizor
|-boost|p2a: Scizor|atk|2
|move|p1a: Volcanion|Flamethrower|p2a: Scizor
|-supereffective|p2a: Scizor
|-damage|p2a: Scizor|0 fnt
|faint|p2a: Scizor
|
|-weather|none
|upkeep
|
|t:|1776055114
|switch|p2a: Gastrodon|Gastrodon, F|31/100
|turn|16
|-message|SmoknOppPax forfeited.
|
|win|Slr454
|raw|Slr454's rating: 1083 &rarr; <strong>1111</strong><br />(+28 for winning)
|raw|SmoknOppPax's rating: 1083 &rarr; <strong>1061</strong><br />(-22 for losing)
|l|☆SmoknOppPax
|player|p2|
|j|☆SmoknOppPax
|player|p2|SmoknOppPax|266|
|l|☆Slr454
|player|p1|
