|html|<div class="broadcast-blue"><strong>[Gen 9] OU is currently suspecting Tera Blast! For information on how to participate check out the <a href="https://www.smogon.com/tools/suspects/view/200">suspect thread</a>.</strong></div>
|j|☆realstark24
|j|☆PB TUCAZ
|t:|1776050643
|gametype|singles
|player|p1|realstark24|1|1160
|player|p2|PB TUCAZ|backpacker|1129
|gen|9
|tier|[Gen 9] OU
|rated|
|rule|HP Percentage Mod: HP is shown in percentages
|rule|Endless Battle Clause: Forcing endless battles is banned
|rule|Species Clause: Limit one of each Pokémon
|rule|OHKO Clause: OHKO moves are banned
|rule|Evasion Items Clause: Evasion items are banned
|rule|Evasion Moves Clause: Evasion moves are banned
|rule|Evasion Abilities Clause: Evasion abilities are banned
|rule|Sleep Moves Clause: Sleep-inducing moves are banned
|clearpoke
|poke|p1|Slowking-Galar, F|
|poke|p1|Ting-Lu|
|poke|p1|Great Tusk|
|poke|p1|Ninetales-Alola, M|
|poke|p1|Kingambit, F|
|poke|p1|Dragapult, F|
|poke|p2|Rotom-Mow|
|poke|p2|Glimmora, M|
|poke|p2|Lokix, M|
|poke|p2|Moltres|
|poke|p2|Primarina, M|
|poke|p2|Garchomp, M|
|teampreview
|
|t:|1776050652
|teamsize|p1|6
|teamsize|p2|6
|start
|switch|p1a: Satellite tv|Ting-Lu, shiny|100/100
|switch|p2a: Moltres|Moltres|100/100
|-ability|p1a: Satellite tv|Vessel of Ruin
|turn|1
|
|t:|1776050661
|move|p2a: Moltres|U-turn|p1a: Satellite tv
|-supereffective|p1a: Satellite tv
|-damage|p1a: Satellite tv|83/100
|
|t:|1776050664
|switch|p2a: Lokix|Lokix, M, shiny|100/100|[from] U-turn
|move|p1a: Satellite tv|Stealth Rock|p2a: Lokix
|-sidestart|p2: PB TUCAZ|move: Stealth Rock
|
|-heal|p1a: Satellite tv|89/100|[from] item: Leftovers
|upkeep
|turn|2
|
|t:|1776050676
|-terastallize|p2a: Lokix|Bug
|move|p2a: Lokix|First Impression|p1a: Satellite tv
|-supereffective|p1a: Satellite tv
|-damage|p1a: Satellite tv|15/100
|move|p1a: Satellite tv|Whirlwind|p2a: Lokix
|drag|p2a: Rotom|Rotom-Mow|100/100
|-damage|p2a: Rotom|88/100|[from] Stealth Rock
|
|-heal|p1a: Satellite tv|21/100|[from] item: Leftovers
|upkeep
|turn|3
|
|t:|1776050711
|switch|p1a: Kenjaku|Slowking-Galar, F, shiny|100/100
|move|p2a: Rotom|Trick|p1a: Kenjaku
|-activate|p2a: Rotom|move: Trick|[of] p1a: Kenjaku
|-item|p1a: Kenjaku|Choice Scarf|[from] move: Trick
|-item|p2a: Rotom|Heavy-Duty Boots|[from] move: Trick
|
|upkeep
|turn|4
|
|t:|1776050721
|move|p2a: Rotom|Volt Switch|p1a: Kenjaku
|-damage|p1a: Kenjaku|83/100
|
|t:|1776050725
|switch|p2a: Glimmora|Glimmora, M|100/100|[from] Volt Switch
|-damage|p2a: Glimmora|88/100|[from] Stealth Rock
|-prepare|p1a: Kenjaku|Chilly Reception|[premajor]
|move|p1a: Kenjaku|Chilly Reception|p1a: Kenjaku
|-weather|Snowscape
|
|t:|1776050737
|switch|p1a: Old mamoswine|Great Tusk|100/100|[from] Chilly Reception
|
|-weather|Snowscape|[upkeep]
|upkeep
|turn|5
|
|t:|1776050750
|switch|p2a: Moltres|Moltres|100/100
|move|p1a: Old mamoswine|Headlong Rush|p2a: Moltres
|-immune|p2a: Moltres
|
|-weather|Snowscape|[upkeep]
|upkeep
|turn|6
|
|t:|1776050782
|-end|p1a: Old mamoswine|Protosynthesis|[silent]
|switch|p1a: Kenjaku|Slowking-Galar, F, shiny|100/100
|move|p2a: Moltres|Overheat|p1a: Kenjaku
|-damage|p1a: Kenjaku|64/100
|-unboost|p2a: Moltres|spa|2
|
|-weather|Snowscape|[upkeep]
|upkeep
|turn|7
|
|t:|1776050793
|move|p2a: Moltres|Scorching Sands|p1a: Kenjaku
|-supereffective|p1a: Kenjaku
|-damage|p1a: Kenjaku|49/100
|move|p1a: Kenjaku|Future Sight|p2a: Moltres
|-start|p1a: Kenjaku|move: Future Sight
|
|-weather|Snowscape|[upkeep]
|upkeep
|turn|8
|
|t:|1776050806
|switch|p1a: Old mamoswine|Great Tusk|100/100
|move|p2a: Moltres|U-turn|p1a: Old mamoswine
|-resisted|p1a: Old mamoswine
|-damage|p1a: Old mamoswine|96/100
|
|t:|1776050816
|switch|p2a: Primarina|Primarina, M|100/100|[from] U-turn
|-damage|p2a: Primarina|88/100|[from] Stealth Rock
|
|-weather|none
|-heal|p1a: Old mamoswine|100/100|[from] item: Leftovers
|upkeep
|turn|9
|
|t:|1776050845
|-end|p1a: Old mamoswine|Protosynthesis|[silent]
|switch|p1a: Kurama|Ninetales-Alola, M, shiny|100/100
|-weather|Snowscape|[from] ability: Snow Warning|[of] p1a: Kurama
|move|p2a: Primarina|Alluring Voice|p1a: Kurama
|-damage|p1a: Kurama|53/100
|
|-weather|Snowscape|[upkeep]
|-end|p2a: Primarina|move: Future Sight
|-damage|p2a: Primarina|49/100
|upkeep
|turn|10
|
|t:|1776050872
|switch|p2a: Glimmora|Glimmora, M|88/100
|-damage|p2a: Glimmora|76/100|[from] Stealth Rock
|move|p1a: Kurama|Aurora Veil|p1a: Kurama
|-sidestart|p1: realstark24|move: Aurora Veil
|
|-weather|Snowscape|[upkeep]
|upkeep
|turn|11
|
|t:|1776050882
|switch|p1a: Old mamoswine|Great Tusk|100/100
|move|p2a: Glimmora|Mortal Spin|p1a: Old mamoswine
|-resisted|p1a: Old mamoswine
|-damage|p1a: Old mamoswine|99/100
|-status|p1a: Old mamoswine|psn
|-sideend|p2: PB TUCAZ|Stealth Rock|[from] move: Mortal Spin|[of] p2a: Glimmora
|
|-weather|Snowscape|[upkeep]
|-heal|p1a: Old mamoswine|100/100 psn|[from] item: Leftovers
|-damage|p1a: Old mamoswine|88/100 psn|[from] psn
|upkeep
|turn|12
|
|t:|1776050899
|move|p2a: Glimmora|Dazzling Gleam|p1a: Old mamoswine
|-supereffective|p1a: Old mamoswine
|-damage|p1a: Old mamoswine|52/100 psn
|move|p1a: Old mamoswine|Close Combat|p2a: Glimmora
|-damage|p2a: Glimmora|0 fnt
|-unboost|p1a: Old mamoswine|def|1
|-unboost|p1a: Old mamoswine|spd|1
|-activate|p2a: Glimmora|ability: Toxic Debris
|-sidestart|p1: realstark24|move: Toxic Spikes
|faint|p2a: Glimmora
|
|-weather|Snowscape|[upkeep]
|-heal|p1a: Old mamoswine|59/100 psn|[from] item: Leftovers
|-damage|p1a: Old mamoswine|46/100 psn|[from] psn
|upkeep
|
|t:|1776050913
|switch|p2a: Garchomp|Garchomp, M|100/100
|turn|13
|
|t:|1776050920
|move|p2a: Garchomp|Swords Dance|p2a: Garchomp
|-boost|p2a: Garchomp|atk|2
|move|p1a: Old mamoswine|Ice Spinner|p2a: Garchomp
|-supereffective|p2a: Garchomp
|-damage|p2a: Garchomp|0 fnt
|-damage|p1a: Old mamoswine|34/100 psn|[from] ability: Rough Skin|[of] p2a: Garchomp
|faint|p2a: Garchomp
|
|-weather|none
|-heal|p1a: Old mamoswine|40/100 psn|[from] item: Leftovers
|-damage|p1a: Old mamoswine|27/100 psn|[from] psn
|upkeep
|
|t:|1776050933
|switch|p2a: Lokix|Lokix, M, shiny, tera:Bug|100/100
|turn|14
|
|t:|1776050939
|move|p2a: Lokix|First Impression|p1a: Old mamoswine
|-resisted|p1a: Old mamoswine
|-damage|p1a: Old mamoswine|0 fnt
|faint|p1a: Old mamoswine
|-end|p1a: Old mamoswine|Protosynthesis|[silent]
|
|upkeep
|
|t:|1776050962
|switch|p1a: Kenjaku|Slowking-Galar, F, shiny|82/100
|-sideend|p1: realstark24|move: Toxic Spikes|[of] p1a: Kenjaku
|turn|15
|
|t:|1776050971
|move|p2a: Lokix|U-turn|p1a: Kenjaku
|-damage|p1a: Kenjaku|58/100
|
|t:|1776050977
|switch|p2a: Moltres|Moltres|100/100|[from] U-turn
|move|p1a: Kenjaku|Flamethrower|p2a: Moltres
|-resisted|p2a: Moltres
|-damage|p2a: Moltres|87/100
|
|upkeep
|turn|16
|
|t:|1776051043
|switch|p1a: Max verstappen|Dragapult, F, shiny|100/100
|move|p2a: Moltres|Scorching Sands|p1a: Max verstappen
|-damage|p1a: Max verstappen|84/100
|
|upkeep
|turn|17
|
|t:|1776051066
|switch|p2a: Primarina|Primarina, M|49/100
|move|p1a: Max verstappen|Shadow Ball|p2a: Primarina
|-damage|p2a: Primarina|8/100
|
|-sideend|p1: realstark24|move: Aurora Veil
|upkeep
|turn|18
|
|t:|1776051074
|move|p1a: Max verstappen|Shadow Ball|p2a: Primarina
|-damage|p2a: Primarina|0 fnt
|faint|p2a: Primarina
|
|upkeep
|
|t:|1776051080
|switch|p2a: Lokix|Lokix, M, shiny, tera:Bug|100/100
|turn|19
|
|t:|1776051104
|switch|p1a: Kenjaku|Slowking-Galar, F, shiny|92/100
|move|p2a: Lokix|First Impression|p1a: Kenjaku
|-damage|p1a: Kenjaku|31/100
|
|upkeep
|turn|20
|
|t:|1776051116
|move|p2a: Lokix|U-turn|p1a: Kenjaku
|-damage|p1a: Kenjaku|0 fnt
|faint|p1a: Kenjaku
|
|t:|1776051120
|switch|p2a: Rotom|Rotom-Mow|88/100|[from] U-turn
|
|upkeep
|
|t:|1776051124
|switch|p1a: Kurama|Ninetales-Alola, M, shiny|53/100
|-weather|Snowscape|[from] ability: Snow Warning|[of] p1a: Kurama
|turn|21
|
|t:|1776051138
|move|p1a: Kurama|Freeze-Dry|p2a: Rotom
|-supereffective|p2a: Rotom
|-damage|p2a: Rotom|31/100
|move|p2a: Rotom|Leaf Storm|p1a: Kurama
|-damage|p1a: Kurama|0 fnt
|-unboost|p2a: Rotom|spa|2
|faint|p1a: Kurama
|
|-weather|Snowscape|[upkeep]
|upkeep
|
|t:|1776051149
|switch|p1a: Max verstappen|Dragapult, F, shiny|84/100
|turn|22
|
|t:|1776051173
|move|p1a: Max verstappen|Draco Meteor|p2a: Rotom
|-damage|p2a: Rotom|0 fnt
|-unboost|p1a: Max verstappen|spa|2
|faint|p2a: Rotom
|
|-weather|Snowscape|[upkeep]
|upkeep
|
|t:|1776051180
|switch|p2a: Lokix|Lokix, M, shiny, tera:Bug|100/100
|turn|23
|
|t:|1776051184
|move|p2a: Lokix|First Impression|p1a: Max verstappen
|-resisted|p1a: Max verstappen
|-damage|p1a: Max verstappen|5/100
|move|p1a: Max verstappen|Draco Meteor|p2a: Lokix
|-damage|p2a: Lokix|22/100
|-unboost|p1a: Max verstappen|spa|2
|
|-weather|Snowscape|[upkeep]
|upkeep
|turn|24
|
|t:|1776051207
|move|p2a: Lokix|Sucker Punch|p1a: Max verstappen
|-supereffective|p1a: Max verstappen
|-damage|p1a: Max verstappen|0 fnt
|faint|p1a: Max verstappen
|
|-weather|Snowscape|[upkeep]
|upkeep
|
|t:|1776051214
|switch|p1a: Satellite tv|Ting-Lu, shiny|21/100
|-ability|p1a: Satellite tv|Vessel of Ruin
|turn|25
|
|t:|1776051222
|move|p2a: Lokix|U-turn|p1a: Satellite tv
|-supereffective|p1a: Satellite tv
|-damage|p1a: Satellite tv|0 fnt
|faint|p1a: Satellite tv
|
|t:|1776051227
|switch|p2a: Moltres|Moltres|87/100|[from] U-turn
|
|-weather|none
|upkeep
|
|t:|1776051232
|switch|p1a: Zorro|Kingambit, F|100/100
|-activate|p1a: Zorro|ability: Supreme Overlord
|-start|p1a: Zorro|fallen5|[silent]
|turn|26
|
|t:|1776051240
|-terastallize|p1a: Zorro|Flying
|move|p2a: Moltres|Scorching Sands|p1a: Zorro
|-immune|p1a: Zorro
|move|p1a: Zorro|Swords Dance|p1a: Zorro
|-boost|p1a: Zorro|atk|2
|
|upkeep
|turn|27
|
|t:|1776051248
|move|p2a: Moltres|Overheat|p1a: Zorro
|-damage|p1a: Zorro|31/100
|-unboost|p2a: Moltres|spa|2
|move|p1a: Zorro|Kowtow Cleave|p2a: Moltres
|-damage|p2a: Moltres|0 fnt
|faint|p2a: Moltres
|
|upkeep
|
|t:|1776051257
|switch|p2a: Lokix|Lokix, M, shiny, tera:Bug|22/100
|turn|28
|
|t:|1776051271
|move|p2a: Lokix|First Impression|p1a: Zorro
|-resisted|p1a: Zorro
|-damage|p1a: Zorro|0 fnt
|faint|p1a: Zorro
|-end|p1a: Zorro|fallen5|[silent]
|
|win|PB TUCAZ
|raw|realstark24's rating: 1160 &rarr; <strong>1133</strong><br />(-27 for losing)
|raw|PB TUCAZ's rating: 1129 &rarr; <strong>1156</strong><br />(+27 for winning)
|l|☆PB TUCAZ
|player|p2|
|l|☆realstark24
|player|p1|
