|html|<div class="broadcast-blue"><strong>[Gen 9] OU is currently suspecting Tera Blast! For information on how to participate check out the <a href="https://www.smogon.com/tools/suspects/view/200">suspect thread</a>.</strong></div>
|j|☆gatinou
|j|☆Buffero
|t:|1776067815
|gametype|singles
|player|p1|gatinou|saturn|1233
|player|p2|Buffero|2|1345
|gen|9
|tier|[Gen 9] OU
|rated|
|rule|HP Percentage Mod: HP is shown in percentages
|rule|Endless Battle Clause: Forcing endless battles is banned
|rule|Species Clause: Limit one of each Pokémon
|rule|OHKO Clause: OHKO moves are banned
|rule|Evasion Items Clause: Evasion items are banned
|rule|Evasion Moves Clause: Evasion moves are banned
|rule|Evasion Abilities Clause: Evasion abilities are banned
|rule|Sleep Moves Clause: Sleep-inducing moves are banned
|clearpoke
|poke|p1|Glimmora, M|
|poke|p1|Samurott-Hisui, F|
|poke|p1|Cloyster, M|
|poke|p1|Kingambit, M|
|poke|p1|Dragonite, M|
|poke|p1|Articuno-Galar|
|poke|p2|Snorlax, M|
|poke|p2|Garchomp, M|
|poke|p2|Overqwil, F|
|poke|p2|Politoed, M|
|poke|p2|Kilowattrel, M|
|poke|p2|Cinderace, M|
|teampreview
|inactive|Battle timer is ON: inactive players will automatically lose when time's up. (requested by Buffero)
|
|t:|1776067829
|teamsize|p1|6
|teamsize|p2|6
|start
|switch|p1a: Samurott|Samurott-Hisui, F|100/100
|switch|p2a: TopGun|Garchomp, M|100/100
|turn|1
|
|t:|1776067835
|move|p1a: Samurott|Ceaseless Edge|p2a: TopGun
|-damage|p2a: TopGun|75/100
|-damage|p1a: Samurott|88/100|[from] ability: Rough Skin|[of] p2a: TopGun
|-damage|p1a: Samurott|72/100|[from] item: Rocky Helmet|[of] p2a: TopGun
|-sidestart|p2: Buffero|Spikes
|move|p2a: TopGun|Earth Power|p1a: Samurott
|-damage|p1a: Samurott|30/100
|
|upkeep
|turn|2
|
|t:|1776067844
|move|p1a: Samurott|Knock Off|p2a: TopGun
|-damage|p2a: TopGun|50/100
|-damage|p1a: Samurott|18/100|[from] ability: Rough Skin|[of] p2a: TopGun
|-damage|p1a: Samurott|1/100|[from] item: Rocky Helmet|[of] p2a: TopGun
|-enditem|p2a: TopGun|Rocky Helmet|[from] move: Knock Off|[of] p1a: Samurott
|move|p2a: TopGun|Earth Power|p1a: Samurott
|-damage|p1a: Samurott|0 fnt
|faint|p1a: Samurott
|
|upkeep
|
|t:|1776067849
|switch|p1a: Glimmora|Glimmora, M|100/100
|turn|3
|
|t:|1776067856
|move|p1a: Glimmora|Stealth Rock|p2a: TopGun
|-sidestart|p2: Buffero|move: Stealth Rock
|move|p2a: TopGun|Earth Power|p1a: Glimmora
|-supereffective|p1a: Glimmora
|-enditem|p1a: Glimmora|Focus Sash
|-damage|p1a: Glimmora|1/100
|
|upkeep
|turn|4
|
|t:|1776067862
|move|p1a: Glimmora|Power Gem|p2a: TopGun
|-resisted|p2a: TopGun
|-damage|p2a: TopGun|32/100
|move|p2a: TopGun|Earth Power|p1a: Glimmora
|-supereffective|p1a: Glimmora
|-damage|p1a: Glimmora|0 fnt
|faint|p1a: Glimmora
|
|upkeep
|
|t:|1776067866
|switch|p1a: Cloyster|Cloyster, M|100/100
|turn|5
|
|t:|1776067874
|move|p1a: Cloyster|Shell Smash|p1a: Cloyster
|-unboost|p1a: Cloyster|def|1
|-unboost|p1a: Cloyster|spd|1
|-boost|p1a: Cloyster|atk|2
|-boost|p1a: Cloyster|spa|2
|-boost|p1a: Cloyster|spe|2
|move|p2a: TopGun|Dragon Tail|p1a: Cloyster
|-damage|p1a: Cloyster|69/100
|drag|p1a: Articuno|Articuno-Galar|100/100
|
|upkeep
|turn|6
|
|t:|1776067883
|switch|p2a: Bowser|Snorlax, M|100/100
|-damage|p2a: Bowser|88/100|[from] Spikes
|-damage|p2a: Bowser|76/100|[from] Stealth Rock
|move|p1a: Articuno|Agility|p1a: Articuno
|-boost|p1a: Articuno|spe|2
|
|-heal|p2a: Bowser|82/100|[from] item: Leftovers
|upkeep
|turn|7
|
|t:|1776067892
|move|p1a: Articuno|Calm Mind|p1a: Articuno
|-boost|p1a: Articuno|spa|1
|-boost|p1a: Articuno|spd|1
|move|p2a: Bowser|Body Slam|p1a: Articuno
|-damage|p1a: Articuno|63/100
|-status|p1a: Articuno|par
|
|-heal|p2a: Bowser|88/100|[from] item: Leftovers
|upkeep
|turn|8
|
|t:|1776067900
|move|p1a: Articuno|Stored Power|p2a: Bowser
|-damage|p2a: Bowser|57/100
|move|p2a: Bowser|Body Slam|p1a: Articuno
|-damage|p1a: Articuno|24/100 par
|
|-heal|p2a: Bowser|63/100|[from] item: Leftovers
|upkeep
|turn|9
|
|t:|1776067907
|-terastallize|p1a: Articuno|Fighting
|move|p1a: Articuno|Tera Blast|p2a: Bowser|[anim] Tera Blast Fighting
|-supereffective|p2a: Bowser
|-damage|p2a: Bowser|14/100
|move|p2a: Bowser|Body Slam|p1a: Articuno
|-damage|p1a: Articuno|0 fnt
|faint|p1a: Articuno
|
|-heal|p2a: Bowser|20/100|[from] item: Leftovers
|upkeep
|
|t:|1776067913
|switch|p1a: Cloyster|Cloyster, M|69/100
|turn|10
|
|t:|1776067920
|move|p1a: Cloyster|Shell Smash|p1a: Cloyster
|-unboost|p1a: Cloyster|def|1
|-unboost|p1a: Cloyster|spd|1
|-boost|p1a: Cloyster|atk|2
|-boost|p1a: Cloyster|spa|2
|-boost|p1a: Cloyster|spe|2
|move|p2a: Bowser|Body Slam|p1a: Cloyster
|-damage|p1a: Cloyster|28/100
|
|-heal|p2a: Bowser|26/100|[from] item: Leftovers
|upkeep
|turn|11
|
|t:|1776067929
|move|p1a: Cloyster|Rock Blast|p2a: Bowser
|-damage|p2a: Bowser|14/100
|-damage|p2a: Bowser|0 fnt
|faint|p2a: Bowser
|-hitcount|p2: Bowser|2
|
|upkeep
|
|t:|1776067938
|switch|p2a: Messi|Cinderace, M|100/100
|turn|12
|
|t:|1776067943
|move|p2a: Messi|Sucker Punch|p1a: Cloyster
|-start|p2a: Messi|typechange|Dark|[from] ability: Libero
|-damage|p1a: Cloyster|0 fnt
|faint|p1a: Cloyster
|
|upkeep
|
|t:|1776067946
|switch|p1a: Dragonite|Dragonite, M|100/100
|turn|13
|
|t:|1776067949
|switch|p2a: Kermit|Politoed, M|100/100
|-damage|p2a: Kermit|88/100|[from] Spikes
|-damage|p2a: Kermit|76/100|[from] Stealth Rock
|-weather|RainDance|[from] ability: Drizzle|[of] p2a: Kermit
|move|p1a: Dragonite|Dragon Dance|p1a: Dragonite
|-boost|p1a: Dragonite|atk|1
|-boost|p1a: Dragonite|spe|1
|
|-weather|RainDance|[upkeep]
|upkeep
|turn|14
|
|t:|1776067960
|move|p1a: Dragonite|Dragon Dance|p1a: Dragonite
|-boost|p1a: Dragonite|atk|1
|-boost|p1a: Dragonite|spe|1
|move|p2a: Kermit|Weather Ball|p1a: Dragonite
|-resisted|p1a: Dragonite
|-damage|p1a: Dragonite|84/100
|
|-weather|RainDance|[upkeep]
|upkeep
|turn|15
|
|t:|1776067968
|move|p1a: Dragonite|Earthquake|p2a: Kermit
|-damage|p2a: Kermit|0 fnt
|faint|p2a: Kermit
|
|-weather|RainDance|[upkeep]
|upkeep
|
|t:|1776067974
|switch|p2a: Goth|Overqwil, F|100/100
|-damage|p2a: Goth|88/100|[from] Spikes
|-damage|p2a: Goth|76/100|[from] Stealth Rock
|turn|16
|
|t:|1776067981
|-terastallize|p2a: Goth|Flying
|move|p1a: Dragonite|Extreme Speed|p2a: Goth
|-damage|p2a: Goth|5/100
|move|p2a: Goth|Crunch|p1a: Dragonite
|-damage|p1a: Dragonite|27/100
|-damage|p2a: Goth|0 fnt|[from] item: Life Orb
|faint|p2a: Goth
|
|-weather|RainDance|[upkeep]
|upkeep
|
|t:|1776067992
|switch|p2a: TopGun|Garchomp, M|32/100
|-damage|p2a: TopGun|20/100|[from] Spikes
|-damage|p2a: TopGun|13/100|[from] Stealth Rock
|turn|17
|
|t:|1776068002
|move|p1a: Dragonite|Earthquake|p2a: TopGun
|-damage|p2a: TopGun|0 fnt
|faint|p2a: TopGun
|
|-weather|RainDance|[upkeep]
|upkeep
|
|t:|1776068007
|switch|p2a: Messi|Cinderace, M|100/100
|turn|18
|
|t:|1776068011
|move|p1a: Dragonite|Extreme Speed|p2a: Messi
|-damage|p2a: Messi|14/100
|move|p2a: Messi|Sucker Punch||[still]
|-fail|p2a: Messi
|
|-weather|RainDance|[upkeep]
|upkeep
|turn|19
|
|t:|1776068018
|move|p1a: Dragonite|Extreme Speed|p2a: Messi
|-damage|p2a: Messi|0 fnt
|faint|p2a: Messi
|
|-weather|RainDance|[upkeep]
|upkeep
|c|☆Buffero|i messed up
|
|t:|1776068022
|switch|p2a: Tesla|Kilowattrel, M|100/100
|-damage|p2a: Tesla|76/100|[from] Stealth Rock
|turn|20
|
|t:|1776068027
|move|p1a: Dragonite|Extreme Speed|p2a: Tesla
|-damage|p2a: Tesla|0 fnt
|faint|p2a: Tesla
|
|win|gatinou
|raw|gatinou's rating: 1233 &rarr; <strong>1266</strong><br />(+33 for winning)
|raw|Buffero's rating: 1345 &rarr; <strong>1319</strong><br />(-26 for losing)
|l|☆gatinou
|player|p1|
|c|☆Buffero|gg wp
|l|☆Buffero
|player|p2|
