|html|<div class="broadcast-blue"><strong>[Gen 9] OU is currently suspecting Volcarona! For information on how to participate check out the <a href="https://www.smogon.com/tools/suspects/view/208">suspect thread</a>.</strong></div>
|j|☆cometeestax2
|j|☆barrythebestrival
|t:|1778504491
|gametype|singles
|player|p1|cometeestax2|cyclist-gen4|1130
|player|p2|barrythebestrival|101|1142
|gen|9
|tier|[Gen 9] OU
|rated|
|rule|HP Percentage Mod: HP is shown in percentages
|rule|Endless Battle Clause: Forcing endless battles is banned
|rule|Species Clause: Limit one of each Pokémon
|rule|OHKO Clause: OHKO moves are banned
|rule|Evasion Items Clause: Evasion items are banned
|rule|Evasion Moves Clause: Evasion moves are banned
|rule|Evasion Abilities Clause: Evasion abilities are banned
|rule|Sleep Moves Clause: Sleep-inducing moves are banned
|clearpoke
|poke|p1|Toxicroak, M|
|poke|p1|Gliscor, M|
|poke|p1|Blissey, F|
|poke|p1|Scizor, F|
|poke|p1|Azelf|
|poke|p1|Dragapult, F|
|poke|p2|Ceruledge, F|
|poke|p2|Indeedee-F, F|
|poke|p2|Forretress, F|
|poke|p2|Corviknight, M|
|poke|p2|Barraskewda, M|
|poke|p2|Pelipper, M|
|teampreview
|inactive|Battle timer is ON: inactive players will automatically lose when time's up. (requested by cometeestax2)
|inactive|barrythebestrival also wants the timer to be on.
|
|t:|1778504504
|teamsize|p1|6
|teamsize|p2|6
|start
|switch|p1a: Scizor|Scizor, F, shiny|100/100
|switch|p2a: Indeedee|Indeedee-F, F|100/100
|-fieldstart|move: Psychic Terrain|[from] ability: Psychic Surge|[of] p2a: Indeedee
|turn|1
|
|t:|1778504513
|move|p2a: Indeedee|Substitute|p2a: Indeedee
|-start|p2a: Indeedee|Substitute
|-damage|p2a: Indeedee|76/100
|move|p1a: Scizor|Knock Off|p2a: Indeedee
|-supereffective|p2a: Indeedee
|-end|p2a: Indeedee|Substitute
|-damage|p1a: Scizor|91/100|[from] item: Life Orb
|
|upkeep
|turn|2
|
|t:|1778504525
|move|p2a: Indeedee|Metronome|p2a: Indeedee
|move|p2a: Indeedee|Whirlwind|p1a: Scizor|[from] move: Metronome
|drag|p1a: Blissey|Blissey, F, shiny|100/100
|
|upkeep
|turn|3
|
|t:|1778504534
|move|p2a: Indeedee|Substitute|p2a: Indeedee
|-start|p2a: Indeedee|Substitute
|-damage|p2a: Indeedee|51/100
|move|p1a: Blissey|Seismic Toss|p2a: Indeedee
|-end|p2a: Indeedee|Substitute
|
|upkeep
|turn|4
|
|t:|1778504541
|move|p2a: Indeedee|Reflect|p2a: Indeedee
|-sidestart|p2: barrythebestrival|Reflect
|move|p1a: Blissey|Seismic Toss|p2a: Indeedee
|-damage|p2a: Indeedee|21/100
|
|upkeep
|turn|5
|
|t:|1778504549
|move|p2a: Indeedee|Metronome|p2a: Indeedee
|move|p2a: Indeedee|Sheer Cold|p1a: Blissey|[from] move: Metronome
|-damage|p1a: Blissey|0 fnt
|faint|p1a: Blissey
|-ohko
|
|upkeep
|c|☆barrythebestrival|LMAOOOOO
|
|t:|1778504557
|switch|p1a: Azelf|Azelf, shiny|100/100
|turn|6
|c|☆barrythebestrival|ain't no shot
|
|t:|1778504564
|move|p1a: Azelf|Trick|p2a: Indeedee
|-activate|p1a: Azelf|move: Trick|[of] p2a: Indeedee
|-item|p2a: Indeedee|Choice Scarf|[from] move: Trick
|-item|p1a: Azelf|Terrain Extender|[from] move: Trick
|move|p2a: Indeedee|Metronome|p2a: Indeedee
|move|p2a: Indeedee|Circle Throw|p1a: Azelf|[from] move: Metronome
|-resisted|p1a: Azelf
|-damage|p1a: Azelf|94/100
|drag|p1a: Dragapult|Dragapult, F, shiny|100/100
|
|upkeep
|turn|7
|
|t:|1778504578
|move|p1a: Dragapult|Hex|p2a: Indeedee
|-immune|p2a: Indeedee
|move|p2a: Indeedee|Metronome|p2a: Indeedee
|move|p2a: Indeedee|Grassy Glide|p1a: Dragapult|[from] move: Metronome
|-resisted|p1a: Dragapult
|-damage|p1a: Dragapult|96/100
|
|-heal|p1a: Dragapult|100/100|[from] item: Leftovers
|upkeep
|turn|8
|
|t:|1778504589
|move|p1a: Dragapult|Substitute|p1a: Dragapult
|-start|p1a: Dragapult|Substitute
|-damage|p1a: Dragapult|76/100
|move|p2a: Indeedee|Metronome|p2a: Indeedee
|move|p2a: Indeedee|Rest|p2a: Indeedee|[from] move: Metronome
|-status|p2a: Indeedee|slp|[from] move: Rest
|-heal|p2a: Indeedee|100/100 slp|[silent]
|
|-heal|p1a: Dragapult|82/100|[from] item: Leftovers
|-sideend|p2: barrythebestrival|Reflect
|-fieldend|move: Psychic Terrain
|upkeep
|turn|9
|
|t:|1778504602
|move|p1a: Dragapult|Dragon Breath|p2a: Indeedee
|-damage|p2a: Indeedee|82/100 slp
|cant|p2a: Indeedee|slp
|
|-heal|p1a: Dragapult|88/100|[from] item: Leftovers
|upkeep
|turn|10
|
|t:|1778504610
|move|p1a: Dragapult|Dragon Breath|p2a: Indeedee
|-damage|p2a: Indeedee|63/100 slp
|cant|p2a: Indeedee|slp
|
|-heal|p1a: Dragapult|94/100|[from] item: Leftovers
|upkeep
|turn|11
|
|t:|1778504617
|move|p1a: Dragapult|Dragon Breath|p2a: Indeedee
|-damage|p2a: Indeedee|42/100 slp
|-curestatus|p2a: Indeedee|slp|[msg]
|move|p2a: Indeedee|Metronome|p2a: Indeedee
|move|p2a: Indeedee|Toxic Thread||[from] move: Metronome|[still]
|-fail|p2a: Indeedee
|
|-heal|p1a: Dragapult|99/100|[from] item: Leftovers
|upkeep
|turn|12
|
|t:|1778504629
|move|p1a: Dragapult|Will-O-Wisp|p2a: Indeedee
|-status|p2a: Indeedee|brn
|move|p2a: Indeedee|Metronome|p2a: Indeedee
|move|p2a: Indeedee|Low Sweep|p1a: Dragapult|[from] move: Metronome
|-immune|p1a: Dragapult
|
|-heal|p1a: Dragapult|100/100|[from] item: Leftovers
|-damage|p2a: Indeedee|36/100 brn|[from] brn
|upkeep
|turn|13
|
|t:|1778504640
|move|p1a: Dragapult|Dragon Breath|p2a: Indeedee
|-damage|p2a: Indeedee|17/100 brn
|move|p2a: Indeedee|Metronome|p2a: Indeedee
|move|p2a: Indeedee|Electroweb|p1a: Dragapult|[from] move: Metronome|[miss]
|-miss|p2a: Indeedee|p1a: Dragapult
|
|-damage|p2a: Indeedee|10/100 brn|[from] brn
|upkeep
|turn|14
|
|t:|1778504650
|move|p1a: Dragapult|Dragon Breath|p2a: Indeedee
|-damage|p2a: Indeedee|0 fnt
|faint|p2a: Indeedee
|
|upkeep
|
|t:|1778504661
|switch|p2a: Ceruledge|Ceruledge, F|100/100
|turn|15
|
|t:|1778504668
|-terastallize|p2a: Ceruledge|Dark
|move|p1a: Dragapult|Hex|p2a: Ceruledge
|-resisted|p2a: Ceruledge
|-damage|p2a: Ceruledge|88/100
|move|p2a: Ceruledge|Poltergeist|p1a: Dragapult
|-activate|p1a: Dragapult|move: Poltergeist|Leftovers
|-supereffective|p1a: Dragapult
|-end|p1a: Dragapult|Substitute
|
|upkeep
|turn|16
|
|t:|1778504688
|-terastallize|p1a: Dragapult|Steel
|move|p1a: Dragapult|Dragon Breath|p2a: Ceruledge
|-damage|p2a: Ceruledge|64/100
|-status|p2a: Ceruledge|par
|move|p2a: Ceruledge|Poltergeist|p1a: Dragapult
|-activate|p1a: Dragapult|move: Poltergeist|Leftovers
|-damage|p1a: Dragapult|40/100
|
|-heal|p1a: Dragapult|46/100|[from] item: Leftovers
|upkeep
|turn|17
|
|t:|1778504707
|move|p1a: Dragapult|Hex|p2a: Ceruledge
|-resisted|p2a: Ceruledge
|-damage|p2a: Ceruledge|40/100 par
|move|p2a: Ceruledge|Bitter Blade|p1a: Dragapult
|-supereffective|p1a: Dragapult
|-damage|p1a: Dragapult|0 fnt
|-heal|p2a: Ceruledge|70/100 par|[from] drain|[of] p1a: Dragapult
|faint|p1a: Dragapult
|
|upkeep
|
|t:|1778504717
|switch|p1a: Scizor|Scizor, F, shiny|91/100
|turn|18
|
|t:|1778504720
|move|p1a: Scizor|U-turn|p2a: Ceruledge
|-supereffective|p2a: Ceruledge
|-damage|p2a: Ceruledge|0 fnt
|faint|p2a: Ceruledge
|-damage|p1a: Scizor|81/100|[from] item: Life Orb
|
|t:|1778504726
|switch|p1a: Azelf|Azelf, shiny|94/100|[from] U-turn
|
|upkeep
|
|t:|1778504733
|switch|p2a: Forretress|Forretress, F|100/100
|turn|19
|
|t:|1778504741
|move|p1a: Azelf|Flamethrower|p2a: Forretress
|-supereffective|p2a: Forretress
|-ability|p2a: Forretress|Sturdy
|-damage|p2a: Forretress|1/100
|move|p2a: Forretress|Stealth Rock|p1a: Azelf
|-sidestart|p1: cometeestax2|move: Stealth Rock
|
|upkeep
|turn|20
|
|t:|1778504749
|move|p1a: Azelf|Flamethrower|p2a: Forretress
|-supereffective|p2a: Forretress
|-crit|p2a: Forretress
|-damage|p2a: Forretress|0 fnt
|faint|p2a: Forretress
|
|upkeep
|
|t:|1778504753
|switch|p2a: Pelipper|Pelipper, M|100/100
|-weather|RainDance|[from] ability: Drizzle|[of] p2a: Pelipper
|turn|21
|
|t:|1778504760
|move|p1a: Azelf|Zen Headbutt|p2a: Pelipper
|-damage|p2a: Pelipper|50/100
|move|p2a: Pelipper|Hydro Pump|p1a: Azelf|[miss]
|-miss|p2a: Pelipper|p1a: Azelf
|
|-weather|RainDance|[upkeep]
|upkeep
|turn|22
|
|t:|1778504771
|move|p1a: Azelf|Zen Headbutt|p2a: Pelipper
|-damage|p2a: Pelipper|7/100
|move|p2a: Pelipper|Hydro Pump|p1a: Azelf
|-damage|p1a: Azelf|0 fnt
|faint|p1a: Azelf
|
|-weather|RainDance|[upkeep]
|upkeep
|
|t:|1778504783
|switch|p1a: Scizor|Scizor, F, shiny|81/100
|-damage|p1a: Scizor|68/100|[from] Stealth Rock
|turn|23
|
|t:|1778504788
|move|p1a: Scizor|Bullet Punch|p2a: Pelipper
|-resisted|p2a: Pelipper
|-damage|p2a: Pelipper|0 fnt
|faint|p2a: Pelipper
|-damage|p1a: Scizor|58/100|[from] item: Life Orb
|
|-weather|RainDance|[upkeep]
|upkeep
|
|t:|1778504790
|switch|p2a: Barraskewda|Barraskewda, M|100/100
|turn|24
|
|t:|1778504799
|move|p1a: Scizor|Bullet Punch|p2a: Barraskewda
|-resisted|p2a: Barraskewda
|-damage|p2a: Barraskewda|53/100
|-damage|p1a: Scizor|48/100|[from] item: Life Orb
|move|p2a: Barraskewda|Waterfall|p1a: Scizor
|-damage|p1a: Scizor|0 fnt
|faint|p1a: Scizor
|
|-weather|RainDance|[upkeep]
|upkeep
|
|t:|1778504810
|switch|p1a: Toxicroak|Toxicroak, M, shiny|100/100
|-damage|p1a: Toxicroak|94/100|[from] Stealth Rock
|turn|25
|
|t:|1778504815
|switch|p2a: Corviknight|Corviknight, M|100/100
|move|p1a: Toxicroak|Sucker Punch||[still]
|-fail|p1a: Toxicroak
|
|-weather|RainDance|[upkeep]
|upkeep
|turn|26
|
|t:|1778504823
|switch|p1a: Gliscor|Gliscor, M, shiny|100/100
|-damage|p1a: Gliscor|88/100|[from] Stealth Rock
|move|p2a: Corviknight|Iron Defense|p2a: Corviknight
|-boost|p2a: Corviknight|def|2
|
|-weather|RainDance|[upkeep]
|-status|p1a: Gliscor|tox|[from] item: Toxic Orb
|upkeep
|turn|27
|
|t:|1778504832
|move|p1a: Gliscor|Swords Dance|p1a: Gliscor
|-boost|p1a: Gliscor|atk|2
|move|p2a: Corviknight|Iron Defense|p2a: Corviknight
|-boost|p2a: Corviknight|def|2
|
|-weather|RainDance|[upkeep]
|-heal|p1a: Gliscor|100/100 tox|[from] ability: Poison Heal
|upkeep
|turn|28
|
|t:|1778504841
|move|p1a: Gliscor|Swords Dance|p1a: Gliscor
|-boost|p1a: Gliscor|atk|2
|move|p2a: Corviknight|Iron Defense|p2a: Corviknight
|-boost|p2a: Corviknight|def|2
|
|-weather|none
|upkeep
|turn|29
|l|☆barrythebestrival
|inactive|barrythebestrival disconnected and has a minute to reconnect!
|player|p2|
|inactive|barrythebestrival has 30 seconds to reconnect!
|inactive|barrythebestrival has 20 seconds to reconnect!
|j|☆barrythebestrival
|inactive|barrythebestrival reconnected and has 90 seconds left.
|player|p2|barrythebestrival|101|
|
|t:|1778504904
|move|p1a: Gliscor|Swords Dance|p1a: Gliscor
|-boost|p1a: Gliscor|atk|2
|move|p2a: Corviknight|Body Press|p1a: Gliscor
|-resisted|p1a: Gliscor
|-damage|p1a: Gliscor|64/100 tox
|
|-heal|p1a: Gliscor|77/100 tox|[from] ability: Poison Heal
|upkeep
|turn|30
|
|t:|1778504915
|move|p1a: Gliscor|Thunder Fang|p2a: Corviknight
|-supereffective|p2a: Corviknight
|-damage|p2a: Corviknight|69/100
|-status|p2a: Corviknight|par
|move|p2a: Corviknight|Body Press|p1a: Gliscor
|-resisted|p1a: Gliscor
|-damage|p1a: Gliscor|41/100 tox
|
|-heal|p2a: Corviknight|75/100 par|[from] item: Leftovers
|-heal|p1a: Gliscor|53/100 tox|[from] ability: Poison Heal
|upkeep
|turn|31
|
|t:|1778504927
|move|p1a: Gliscor|Knock Off|p2a: Corviknight
|-damage|p2a: Corviknight|51/100 par
|-enditem|p2a: Corviknight|Leftovers|[from] move: Knock Off|[of] p1a: Gliscor
|move|p2a: Corviknight|Body Press|p1a: Gliscor
|-resisted|p1a: Gliscor
|-damage|p1a: Gliscor|19/100 tox
|
|-heal|p1a: Gliscor|31/100 tox|[from] ability: Poison Heal
|upkeep
|turn|32
|
|t:|1778504937
|move|p1a: Gliscor|Thunder Fang|p2a: Corviknight
|-supereffective|p2a: Corviknight
|-damage|p2a: Corviknight|22/100 par
|cant|p2a: Corviknight|flinch
|
|-heal|p1a: Gliscor|44/100 tox|[from] ability: Poison Heal
|upkeep
|turn|33
|inactive|barrythebestrival has 120 seconds left.
|
|t:|1778504945
|move|p1a: Gliscor|Thunder Fang|p2a: Corviknight
|-supereffective|p2a: Corviknight
|-damage|p2a: Corviknight|0 fnt
|faint|p2a: Corviknight
|
|-heal|p1a: Gliscor|56/100 tox|[from] ability: Poison Heal
|upkeep
|
|t:|1778504949
|switch|p2a: Barraskewda|Barraskewda, M|53/100
|turn|34
|
|t:|1778504956
|move|p2a: Barraskewda|Waterfall|p1a: Gliscor
|-supereffective|p1a: Gliscor
|-damage|p1a: Gliscor|0 fnt
|faint|p1a: Gliscor
|
|upkeep
|
|t:|1778504961
|switch|p1a: Toxicroak|Toxicroak, M, shiny|94/100
|-damage|p1a: Toxicroak|88/100|[from] Stealth Rock
|turn|35
|
|t:|1778504967
|move|p2a: Barraskewda|Waterfall|p1a: Toxicroak
|-damage|p1a: Toxicroak|0 fnt
|faint|p1a: Toxicroak
|
|win|barrythebestrival
|raw|cometeestax2's rating: 1130 &rarr; <strong>1106</strong><br />(-24 for losing)
|raw|barrythebestrival's rating: 1142 &rarr; <strong>1166</strong><br />(+24 for winning)
|l|☆cometeestax2
|player|p1|
|j| bonczy
|l|☆barrythebestrival
|player|p2|
|j| arceus_user09 アルセウ
|l| arceus_user09 アルセウ
|j| The Artemis Show
|l| The Artemis Show
|l| bonczy
