|html|<div class="broadcast-blue"><strong>[Gen 9] OU is currently suspecting Tera Blast! For information on how to participate check out the <a href="https://www.smogon.com/tools/suspects/view/200">suspect thread</a>.</strong></div>
|j|☆abhii.g
|j|☆Yibril
|t:|1776038538
|gametype|singles
|player|p1|abhii.g|benga|1582
|player|p2|Yibril|ghetsis|1660
|gen|9
|tier|[Gen 9] OU
|rated|
|rule|HP Percentage Mod: HP is shown in percentages
|rule|Endless Battle Clause: Forcing endless battles is banned
|rule|Species Clause: Limit one of each Pokémon
|rule|OHKO Clause: OHKO moves are banned
|rule|Evasion Items Clause: Evasion items are banned
|rule|Evasion Moves Clause: Evasion moves are banned
|rule|Evasion Abilities Clause: Evasion abilities are banned
|rule|Sleep Moves Clause: Sleep-inducing moves are banned
|clearpoke
|poke|p1|Raging Bolt|
|poke|p1|Alomomola, M|
|poke|p1|Hatterene, F|
|poke|p1|Lokix, M|
|poke|p1|Great Tusk|
|poke|p1|Heatran, M|
|poke|p2|Dragapult, F|
|poke|p2|Great Tusk|
|poke|p2|Kingambit, M|
|poke|p2|Garganacl, M|
|poke|p2|Gholdengo|
|poke|p2|Dragonite, F|
|teampreview
|inactive|Battle timer is ON: inactive players will automatically lose when time's up. (requested by abhii.g)
|
|t:|1776038557
|teamsize|p1|6
|teamsize|p2|6
|start
|switch|p1a: Lokix|Lokix, M, shiny|100/100
|switch|p2a: Dragapult|Dragapult, F|100/100
|turn|1
|
|t:|1776038563
|switch|p2a: Great Tusk|Great Tusk|100/100
|switch|p1a: Heatran|Heatran, M|100/100
|
|upkeep
|turn|2
|
|t:|1776038568
|switch|p1a: Manfred|Great Tusk|100/100
|-end|p2a: Great Tusk|Protosynthesis|[silent]
|switch|p2a: Garganacl|Garganacl, M|100/100
|
|upkeep
|turn|3
|
|t:|1776038575
|switch|p2a: Great Tusk|Great Tusk|100/100
|move|p1a: Manfred|Headlong Rush|p2a: Great Tusk
|-damage|p2a: Great Tusk|64/100
|-unboost|p1a: Manfred|def|1
|-unboost|p1a: Manfred|spd|1
|
|-heal|p2a: Great Tusk|70/100|[from] item: Leftovers
|upkeep
|turn|4
|
|t:|1776038580
|-end|p1a: Manfred|Protosynthesis|[silent]
|switch|p1a: Luvdisk|Alomomola, M|100/100
|move|p2a: Great Tusk|Knock Off|p1a: Luvdisk
|-damage|p1a: Luvdisk|78/100
|-enditem|p1a: Luvdisk|Eject Button|[from] move: Knock Off|[of] p2a: Great Tusk
|
|-heal|p2a: Great Tusk|76/100|[from] item: Leftovers
|upkeep
|turn|5
|
|t:|1776038589
|switch|p1a: Gyatterene|Hatterene, F, shiny|100/100
|move|p2a: Great Tusk|Headlong Rush|p1a: Gyatterene
|-damage|p1a: Gyatterene|27/100
|-unboost|p2a: Great Tusk|def|1
|-unboost|p2a: Great Tusk|spd|1
|
|-heal|p2a: Great Tusk|83/100|[from] item: Leftovers
|upkeep
|turn|6
|
|t:|1776038599
|switch|p1a: Luvdisk|Alomomola, M|100/100
|move|p2a: Great Tusk|Headlong Rush|p1a: Luvdisk
|-damage|p1a: Luvdisk|63/100
|-unboost|p2a: Great Tusk|def|1
|-unboost|p2a: Great Tusk|spd|1
|
|-heal|p2a: Great Tusk|89/100|[from] item: Leftovers
|upkeep
|turn|7
|
|t:|1776038605
|move|p2a: Great Tusk|Headlong Rush|p1a: Luvdisk
|-damage|p1a: Luvdisk|23/100
|-unboost|p2a: Great Tusk|def|1
|-unboost|p2a: Great Tusk|spd|1
|move|p1a: Luvdisk|Flip Turn|p2a: Great Tusk
|-supereffective|p2a: Great Tusk
|-damage|p2a: Great Tusk|45/100
|
|t:|1776038610
|switch|p1a: Lokix|Lokix, M, shiny|100/100|[from] Flip Turn
|
|-heal|p2a: Great Tusk|52/100|[from] item: Leftovers
|upkeep
|turn|8
|
|t:|1776038616
|-end|p2a: Great Tusk|Protosynthesis|[silent]
|switch|p2a: Garganacl|Garganacl, M|100/100
|move|p1a: Lokix|First Impression|p2a: Garganacl
|-damage|p2a: Garganacl|63/100
|
|-heal|p2a: Garganacl|69/100|[from] item: Leftovers
|upkeep
|turn|9
|
|t:|1776038624
|switch|p1a: Manfred|Great Tusk|100/100
|move|p2a: Garganacl|Salt Cure|p1a: Manfred
|-resisted|p1a: Manfred
|-damage|p1a: Manfred|98/100
|-start|p1a: Manfred|Salt Cure
|
|-heal|p2a: Garganacl|76/100|[from] item: Leftovers
|-damage|p1a: Manfred|85/100|[from] Salt Cure
|upkeep
|turn|10
|
|t:|1776038637
|-end|p1a: Manfred|Protosynthesis|[silent]
|switch|p1a: Gyatterene|Hatterene, F, shiny|27/100
|-terastallize|p2a: Garganacl|Water
|move|p2a: Garganacl|Recover|p2a: Garganacl
|-heal|p2a: Garganacl|100/100
|
|upkeep
|turn|11
|
|t:|1776038646
|move|p1a: Gyatterene|Future Sight|p2a: Garganacl
|-start|p1a: Gyatterene|move: Future Sight
|move|p2a: Garganacl|Salt Cure|p1a: Gyatterene
|-damage|p1a: Gyatterene|10/100
|-start|p1a: Gyatterene|Salt Cure
|
|-damage|p1a: Gyatterene|0 fnt|[from] Salt Cure
|faint|p1a: Gyatterene
|upkeep
|
|t:|1776038651
|switch|p1a: U dropping neck?|Raging Bolt|100/100
|turn|12
|
|t:|1776038659
|switch|p2a: Kingambit|Kingambit, M|100/100
|move|p1a: U dropping neck?|Volt Switch|p2a: Kingambit
|-damage|p2a: Kingambit|63/100
|
|t:|1776038665
|-end|p1a: U dropping neck?|Protosynthesis|[silent]
|switch|p1a: Heatran|Heatran, M|100/100|[from] Volt Switch
|
|-heal|p2a: Kingambit|69/100|[from] item: Leftovers
|upkeep
|turn|13
|
|t:|1776038672
|-end|p2a: Kingambit|fallenundefined|[silent]
|switch|p2a: Garganacl|Garganacl, M, tera:Water|100/100
|move|p1a: Heatran|Stealth Rock|p2a: Garganacl
|-sidestart|p2: Yibril|move: Stealth Rock
|
|-end|p2a: Garganacl|move: Future Sight
|-damage|p2a: Garganacl|58/100
|-heal|p2a: Garganacl|65/100|[from] item: Leftovers
|upkeep
|turn|14
|
|t:|1776038679
|move|p1a: Heatran|Taunt|p2a: Garganacl
|-start|p2a: Garganacl|move: Taunt
|move|p2a: Garganacl|Salt Cure|p1a: Heatran
|-damage|p1a: Heatran|90/100
|-start|p1a: Heatran|Salt Cure
|
|-heal|p1a: Heatran|96/100|[from] item: Leftovers
|-heal|p2a: Garganacl|71/100|[from] item: Leftovers
|-damage|p1a: Heatran|71/100|[from] Salt Cure
|upkeep
|turn|15
|
|t:|1776038691
|switch|p1a: U dropping neck?|Raging Bolt|100/100
|move|p2a: Garganacl|Body Press|p1a: U dropping neck?
|-damage|p1a: U dropping neck?|75/100
|
|-heal|p2a: Garganacl|77/100|[from] item: Leftovers
|upkeep
|turn|16
|
|t:|1776038697
|switch|p2a: Great Tusk|Great Tusk|52/100
|-damage|p2a: Great Tusk|49/100|[from] Stealth Rock
|move|p1a: U dropping neck?|Draco Meteor|p2a: Great Tusk|[miss]
|-miss|p1a: U dropping neck?|p2a: Great Tusk
|
|-heal|p2a: Great Tusk|55/100|[from] item: Leftovers
|upkeep
|turn|17
|
|t:|1776038704
|move|p1a: U dropping neck?|Draco Meteor|p2a: Great Tusk
|-damage|p2a: Great Tusk|0 fnt
|-unboost|p1a: U dropping neck?|spa|2
|faint|p2a: Great Tusk
|-end|p2a: Great Tusk|Protosynthesis|[silent]
|
|upkeep
|
|t:|1776038712
|switch|p2a: Dragonite|Dragonite, F|100/100
|turn|18
|
|t:|1776038716
|-end|p1a: U dropping neck?|Protosynthesis|[silent]
|switch|p1a: Luvdisk|Alomomola, M|56/100
|move|p2a: Dragonite|Earthquake|p1a: Luvdisk
|-damage|p1a: Luvdisk|33/100
|
|upkeep
|turn|19
|
|t:|1776038723
|switch|p2a: Dragapult|Dragapult, F|100/100
|-damage|p2a: Dragapult|88/100|[from] Stealth Rock
|move|p1a: Luvdisk|Wish|p1a: Luvdisk
|
|upkeep
|turn|20
|
|t:|1776038726
|move|p1a: Luvdisk|Protect|p1a: Luvdisk
|-singleturn|p1a: Luvdisk|Protect
|move|p2a: Dragapult|Will-O-Wisp|p1a: Luvdisk
|-activate|p1a: Luvdisk|move: Protect
|
|-heal|p1a: Luvdisk|83/100|[from] move: Wish|[wisher] Luvdisk
|upkeep
|turn|21
|
|t:|1776038732
|switch|p1a: Heatran|Heatran, M|71/100
|move|p2a: Dragapult|Thunderbolt|p1a: Heatran
|-damage|p1a: Heatran|45/100
|
|-heal|p1a: Heatran|51/100|[from] item: Leftovers
|upkeep
|turn|22
|
|t:|1776038739
|move|p2a: Dragapult|Surf|p1a: Heatran
|-supereffective|p1a: Heatran
|-damage|p1a: Heatran|0 fnt
|faint|p1a: Heatran
|
|upkeep
|
|t:|1776038743
|switch|p1a: Lokix|Lokix, M, shiny|100/100
|turn|23
|
|t:|1776038747
|switch|p2a: Gholdengo|Gholdengo|100/100
|-damage|p2a: Gholdengo|94/100|[from] Stealth Rock
|-terastallize|p1a: Lokix|Bug
|move|p1a: Lokix|First Impression|p2a: Gholdengo
|-resisted|p2a: Gholdengo
|-damage|p2a: Gholdengo|54/100
|
|-heal|p2a: Gholdengo|60/100|[from] item: Leftovers
|upkeep
|turn|24
|
|t:|1776038757
|switch|p1a: U dropping neck?|Raging Bolt|75/100
|move|p2a: Gholdengo|Shadow Ball|p1a: U dropping neck?
|-damage|p1a: U dropping neck?|30/100
|
|-heal|p2a: Gholdengo|66/100|[from] item: Leftovers
|upkeep
|turn|25
|
|t:|1776038763
|move|p1a: U dropping neck?|Volt Switch|p2a: Gholdengo
|-damage|p2a: Gholdengo|27/100
|
|t:|1776038766
|-end|p1a: U dropping neck?|Protosynthesis|[silent]
|switch|p1a: Luvdisk|Alomomola, M|100/100|[from] Volt Switch
|move|p2a: Gholdengo|Shadow Ball|p1a: Luvdisk
|-damage|p1a: Luvdisk|60/100
|
|-heal|p2a: Gholdengo|34/100|[from] item: Leftovers
|upkeep
|turn|26
|
|t:|1776038772
|move|p2a: Gholdengo|Recover|p2a: Gholdengo
|-heal|p2a: Gholdengo|84/100
|move|p1a: Luvdisk|Flip Turn|p2a: Gholdengo
|-damage|p2a: Gholdengo|67/100
|
|t:|1776038774
|switch|p1a: Lokix|Lokix, M, shiny, tera:Bug|100/100|[from] Flip Turn
|
|-heal|p2a: Gholdengo|73/100|[from] item: Leftovers
|upkeep
|turn|27
|
|t:|1776038781
|switch|p2a: Dragonite|Dragonite, F|100/100
|move|p1a: Lokix|Knock Off|p2a: Dragonite
|-damage|p2a: Dragonite|60/100
|-enditem|p2a: Dragonite|Heavy-Duty Boots|[from] move: Knock Off|[of] p1a: Lokix
|
|upkeep
|turn|28
|
|t:|1776038786
|switch|p1a: Luvdisk|Alomomola, M|93/100
|move|p2a: Dragonite|Ice Spinner|p1a: Luvdisk
|-resisted|p1a: Luvdisk
|-damage|p1a: Luvdisk|83/100
|
|upkeep
|turn|29
|
|t:|1776038794
|switch|p2a: Dragapult|Dragapult, F|88/100
|-damage|p2a: Dragapult|76/100|[from] Stealth Rock
|move|p1a: Luvdisk|Wish|p1a: Luvdisk
|
|upkeep
|turn|30
|
|t:|1776038802
|move|p2a: Dragapult|Draco Meteor|p1a: Luvdisk
|-damage|p1a: Luvdisk|28/100
|-unboost|p2a: Dragapult|spa|2
|move|p1a: Luvdisk|Flip Turn|p2a: Dragapult
|-resisted|p2a: Dragapult
|-damage|p2a: Dragapult|65/100
|
|t:|1776038809
|switch|p1a: U dropping neck?|Raging Bolt|30/100|[from] Flip Turn
|
|-heal|p1a: U dropping neck?|91/100|[from] move: Wish|[wisher] Luvdisk
|upkeep
|turn|31
|
|t:|1776038814
|-end|p1a: U dropping neck?|Protosynthesis|[silent]
|switch|p1a: Luvdisk|Alomomola, M|61/100
|move|p2a: Dragapult|Draco Meteor|p1a: Luvdisk
|-damage|p1a: Luvdisk|35/100
|-unboost|p2a: Dragapult|spa|2
|
|upkeep
|turn|32
|
|t:|1776038829
|switch|p2a: Gholdengo|Gholdengo|73/100
|-damage|p2a: Gholdengo|67/100|[from] Stealth Rock
|move|p1a: Luvdisk|Wish|p1a: Luvdisk
|
|-heal|p2a: Gholdengo|73/100|[from] item: Leftovers
|upkeep
|turn|33
|
|t:|1776038835
|switch|p2a: Dragapult|Dragapult, F|65/100
|-damage|p2a: Dragapult|53/100|[from] Stealth Rock
|switch|p1a: U dropping neck?|Raging Bolt|91/100
|
|-heal|p1a: U dropping neck?|100/100|[from] move: Wish|[wisher] Luvdisk
|upkeep
|turn|34
|
|t:|1776038850
|-end|p1a: U dropping neck?|Protosynthesis|[silent]
|switch|p1a: Luvdisk|Alomomola, M|68/100
|move|p2a: Dragapult|Draco Meteor|p1a: Luvdisk
|-damage|p1a: Luvdisk|7/100
|-unboost|p2a: Dragapult|spa|2
|
|upkeep
|turn|35
|
|t:|1776038858
|switch|p1a: U dropping neck?|Raging Bolt|100/100
|move|p2a: Dragapult|Thunderbolt|p1a: U dropping neck?
|-resisted|p1a: U dropping neck?
|-damage|p1a: U dropping neck?|97/100
|
|upkeep
|turn|36
|
|t:|1776038869
|-end|p1a: U dropping neck?|Protosynthesis|[silent]
|switch|p1a: Manfred|Great Tusk|85/100
|move|p2a: Dragapult|Draco Meteor|p1a: Manfred
|-damage|p1a: Manfred|55/100
|-unboost|p2a: Dragapult|spa|2
|
|upkeep
|turn|37
|
|t:|1776038878
|switch|p2a: Garganacl|Garganacl, M, tera:Water|77/100
|-damage|p2a: Garganacl|65/100|[from] Stealth Rock
|-end|p1a: Manfred|Protosynthesis|[silent]
|switch|p1a: U dropping neck?|Raging Bolt|97/100
|
|-heal|p2a: Garganacl|71/100|[from] item: Leftovers
|upkeep
|turn|38
|
|t:|1776038884
|move|p1a: U dropping neck?|Thunderbolt|p2a: Garganacl
|-supereffective|p2a: Garganacl
|-damage|p2a: Garganacl|0 fnt
|faint|p2a: Garganacl
|
|upkeep
|
|t:|1776038890
|switch|p2a: Dragonite|Dragonite, F|60/100
|-damage|p2a: Dragonite|35/100|[from] Stealth Rock
|turn|39
|
|t:|1776038896
|move|p1a: U dropping neck?|Thunderbolt|p2a: Dragonite
|-damage|p2a: Dragonite|0 fnt
|faint|p2a: Dragonite
|
|upkeep
|
|t:|1776038905
|switch|p2a: Gholdengo|Gholdengo|73/100
|-damage|p2a: Gholdengo|67/100|[from] Stealth Rock
|turn|40
|
|t:|1776038910
|move|p1a: U dropping neck?|Thunderbolt|p2a: Gholdengo
|-damage|p2a: Gholdengo|17/100
|move|p2a: Gholdengo|Shadow Ball|p1a: U dropping neck?
|-damage|p1a: U dropping neck?|49/100
|
|-heal|p2a: Gholdengo|24/100|[from] item: Leftovers
|upkeep
|turn|41
|
|t:|1776038914
|move|p1a: U dropping neck?|Thunderbolt|p2a: Gholdengo
|-damage|p2a: Gholdengo|0 fnt
|faint|p2a: Gholdengo
|
|upkeep
|
|t:|1776038918
|switch|p2a: Dragapult|Dragapult, F|53/100
|-damage|p2a: Dragapult|40/100|[from] Stealth Rock
|turn|42
|
|t:|1776038923
|-end|p1a: U dropping neck?|Protosynthesis|[silent]
|switch|p1a: Manfred|Great Tusk|55/100
|move|p2a: Dragapult|Draco Meteor|p1a: Manfred
|-damage|p1a: Manfred|0 fnt
|-unboost|p2a: Dragapult|spa|2
|faint|p1a: Manfred
|-end|p1a: Manfred|Protosynthesis|[silent]
|
|upkeep
|
|t:|1776038927
|switch|p1a: Lokix|Lokix, M, shiny, tera:Bug|100/100
|turn|43
|
|t:|1776038932
|move|p1a: Lokix|First Impression|p2a: Dragapult
|-resisted|p2a: Dragapult
|-damage|p2a: Dragapult|0 fnt
|faint|p2a: Dragapult
|
|upkeep
|
|t:|1776038935
|switch|p2a: Kingambit|Kingambit, M|69/100
|-damage|p2a: Kingambit|63/100|[from] Stealth Rock
|-activate|p2a: Kingambit|ability: Supreme Overlord
|-start|p2a: Kingambit|fallen5|[silent]
|turn|44
|
|t:|1776038941
|switch|p1a: Luvdisk|Alomomola, M|40/100
|move|p2a: Kingambit|Kowtow Cleave|p1a: Luvdisk
|-damage|p1a: Luvdisk|0 fnt
|faint|p1a: Luvdisk
|
|-heal|p2a: Kingambit|69/100|[from] item: Leftovers
|upkeep
|
|t:|1776038946
|switch|p1a: U dropping neck?|Raging Bolt|49/100
|turn|45
|
|t:|1776038952
|move|p1a: U dropping neck?|Thunderclap|p2a: Kingambit
|-damage|p2a: Kingambit|30/100
|move|p2a: Kingambit|Kowtow Cleave|p1a: U dropping neck?
|-damage|p1a: U dropping neck?|0 fnt
|faint|p1a: U dropping neck?
|-end|p1a: U dropping neck?|Protosynthesis|[silent]
|
|-heal|p2a: Kingambit|36/100|[from] item: Leftovers
|upkeep
|
|t:|1776038956
|switch|p1a: Lokix|Lokix, M, shiny, tera:Bug|100/100
|turn|46
|c|☆abhii.g|gg wp
|
|t:|1776038962
|move|p1a: Lokix|First Impression|p2a: Kingambit
|-damage|p2a: Kingambit|0 fnt
|faint|p2a: Kingambit
|-end|p2a: Kingambit|fallen5|[silent]
|
|win|abhii.g
|raw|abhii.g's rating: 1582 &rarr; <strong>1606</strong><br />(+24 for winning)
|raw|Yibril's rating: 1660 &rarr; <strong>1636</strong><br />(-24 for losing)
