|html|<div class="broadcast-blue"><strong>[Gen 9] OU is currently suspecting Tera Blast! For information on how to participate check out the <a href="https://www.smogon.com/tools/suspects/view/200">suspect thread</a>.</strong></div>
|j|☆thehumangod
|j|☆FlintAndSteelType
|t:|1776197608
|gametype|singles
|player|p1|thehumangod|266|1317
|player|p2|FlintAndSteelType|170|1283
|gen|9
|tier|[Gen 9] OU
|rated|
|rule|HP Percentage Mod: HP is shown in percentages
|rule|Endless Battle Clause: Forcing endless battles is banned
|rule|Species Clause: Limit one of each Pokémon
|rule|OHKO Clause: OHKO moves are banned
|rule|Evasion Items Clause: Evasion items are banned
|rule|Evasion Moves Clause: Evasion moves are banned
|rule|Evasion Abilities Clause: Evasion abilities are banned
|rule|Sleep Moves Clause: Sleep-inducing moves are banned
|clearpoke
|poke|p1|Serperior, M|
|poke|p1|Hatterene, F|
|poke|p1|Dragapult, F|
|poke|p1|Dudunsparce-*, F|
|poke|p1|Slowking-Galar, F|
|poke|p1|Zamazenta-*|
|poke|p2|Kingambit, F|
|poke|p2|Cinderace, F|
|poke|p2|Landorus-Therian, M|
|poke|p2|Iron Valiant|
|poke|p2|Kyurem|
|poke|p2|Slowking-Galar, M|
|teampreview
|inactive|Battle timer is ON: inactive players will automatically lose when time's up. (requested by FlintAndSteelType)
|
|t:|1776197633
|teamsize|p1|6
|teamsize|p2|6
|start
|switch|p1a: Serperior|Serperior, M|100/100
|switch|p2a: Chillionaire|Slowking-Galar, M, shiny|100/100
|turn|1
|
|t:|1776197640
|move|p1a: Serperior|Substitute|p1a: Serperior
|-start|p1a: Serperior|Substitute
|-damage|p1a: Serperior|76/100
|move|p2a: Chillionaire|Sludge Bomb|p1a: Serperior
|-supereffective|p1a: Serperior
|-end|p1a: Serperior|Substitute
|
|-heal|p1a: Serperior|82/100|[from] item: Leftovers
|upkeep
|turn|2
|
|t:|1776197665
|switch|p1a: Slowking|Slowking-Galar, F|100/100
|move|p2a: Chillionaire|Sludge Bomb|p1a: Slowking
|-resisted|p1a: Slowking
|-damage|p1a: Slowking|91/100
|
|upkeep
|turn|3
|
|t:|1776197679
|move|p1a: Slowking|Thunder Wave|p2a: Chillionaire
|-status|p2a: Chillionaire|par
|move|p2a: Chillionaire|Psychic Noise|p1a: Slowking
|-damage|p1a: Slowking|74/100
|-start|p1a: Slowking|move: Heal Block
|
|upkeep
|turn|4
|inactive|thehumangod has 120 seconds left.
|
|t:|1776197707
|-prepare|p1a: Slowking|Chilly Reception|[premajor]
|move|p1a: Slowking|Chilly Reception|p1a: Slowking
|-weather|Snowscape
|inactive|thehumangod has 120 seconds left.
|
|t:|1776197715
|switch|p1a: Serperior|Serperior, M|82/100|[from] Chilly Reception
|move|p2a: Chillionaire|Thunder Wave|p1a: Serperior
|-status|p1a: Serperior|par
|
|-weather|Snowscape|[upkeep]
|-heal|p1a: Serperior|88/100 par|[from] item: Leftovers
|upkeep
|turn|5
|inactive|thehumangod has 120 seconds left.
|
|t:|1776197727
|move|p1a: Serperior|Substitute|p1a: Serperior
|-start|p1a: Serperior|Substitute
|-damage|p1a: Serperior|63/100 par
|move|p2a: Chillionaire|Sludge Bomb|p1a: Serperior
|-supereffective|p1a: Serperior
|-end|p1a: Serperior|Substitute
|
|-weather|Snowscape|[upkeep]
|-heal|p1a: Serperior|70/100 par|[from] item: Leftovers
|upkeep
|turn|6
|inactive|thehumangod has 120 seconds left.
|
|t:|1776197745
|switch|p1a: Hatterene|Hatterene, F|100/100
|switch|p2a: Kristine|Cinderace, F, shiny|100/100
|
|-weather|Snowscape|[upkeep]
|upkeep
|turn|7
|inactive|thehumangod has 120 seconds left.
|
|t:|1776197764
|move|p2a: Kristine|Pyro Ball|p1a: Hatterene
|-damage|p1a: Hatterene|57/100
|move|p1a: Hatterene|Nuzzle|p2a: Kristine
|-damage|p2a: Kristine|97/100
|-status|p2a: Kristine|par
|
|-weather|Snowscape|[upkeep]
|-heal|p1a: Hatterene|63/100|[from] item: Leftovers
|upkeep
|turn|8
|c|☆FlintAndSteelType|wow para spam
|inactive|thehumangod has 120 seconds left.
|c|☆FlintAndSteelType|how nice
|c|☆thehumangod|ty bro
|
|t:|1776197787
|switch|p2a: Chillionaire|Slowking-Galar, M, shiny|100/100 par
|move|p1a: Hatterene|Calm Mind|p1a: Hatterene
|-boost|p1a: Hatterene|spa|1
|-boost|p1a: Hatterene|spd|1
|
|-weather|none
|-heal|p1a: Hatterene|69/100|[from] item: Leftovers
|upkeep
|turn|9
|inactive|thehumangod has 120 seconds left.
|
|t:|1776197797
|move|p1a: Hatterene|Calm Mind|p1a: Hatterene
|-boost|p1a: Hatterene|spa|1
|-boost|p1a: Hatterene|spd|1
|cant|p2a: Chillionaire|par
|
|-heal|p1a: Hatterene|75/100|[from] item: Leftovers
|upkeep
|turn|10
|inactive|thehumangod has 120 seconds left.
|
|t:|1776197810
|move|p1a: Hatterene|Calm Mind|p1a: Hatterene
|-boost|p1a: Hatterene|spa|1
|-boost|p1a: Hatterene|spd|1
|cant|p2a: Chillionaire|par
|
|-heal|p1a: Hatterene|81/100|[from] item: Leftovers
|upkeep
|turn|11
|inactive|thehumangod has 120 seconds left.
|c|☆thehumangod|yooo
|
|t:|1776197820
|move|p1a: Hatterene|Stored Power|p2a: Chillionaire
|-damage|p2a: Chillionaire|2/100 par
|cant|p2a: Chillionaire|par
|
|-heal|p1a: Hatterene|87/100|[from] item: Leftovers
|upkeep
|turn|12
|inactive|thehumangod has 120 seconds left.
|inactive|FlintAndSteelType has 120 seconds left.
|c|☆FlintAndSteelType|yeah just kil urself bro
|c|☆thehumangod|not that deep bruh
|
|t:|1776197873
|move|p1a: Hatterene|Draining Kiss|p2a: Chillionaire
|-resisted|p2a: Chillionaire
|-damage|p2a: Chillionaire|0 fnt
|-heal|p1a: Hatterene|88/100|[from] drain|[of] p2a: Chillionaire
|faint|p2a: Chillionaire
|
|-heal|p1a: Hatterene|94/100|[from] item: Leftovers
|upkeep
|
|t:|1776197880
|switch|p2a: Daenerys|Kingambit, F|100/100
|-activate|p2a: Daenerys|ability: Supreme Overlord
|-start|p2a: Daenerys|fallen1|[silent]
|turn|13
|inactive|thehumangod has 120 seconds left.
|
|t:|1776197901
|move|p2a: Daenerys|Iron Head|p1a: Hatterene
|-supereffective|p1a: Hatterene
|-damage|p1a: Hatterene|0 fnt
|faint|p1a: Hatterene
|
|upkeep
|inactive|thehumangod has 90 seconds left.
|
|t:|1776197932
|switch|p1a: Dudunsparce|Dudunsparce-Three-Segment, F|100/100
|turn|14
|
|t:|1776197946
|move|p2a: Daenerys|Swords Dance|p2a: Daenerys
|-boost|p2a: Daenerys|atk|2
|move|p1a: Dudunsparce|Stealth Rock|p2a: Daenerys
|-sidestart|p2: FlintAndSteelType|move: Stealth Rock
|
|upkeep
|turn|15
|
|t:|1776197958
|move|p2a: Daenerys|Kowtow Cleave|p1a: Dudunsparce
|-damage|p1a: Dudunsparce|0 fnt
|faint|p1a: Dudunsparce
|
|upkeep
|
|t:|1776197962
|switch|p1a: Zamazenta|Zamazenta|100/100
|-ability|p1a: Zamazenta|Dauntless Shield|boost
|-boost|p1a: Zamazenta|def|1
|turn|16
|inactive|FlintAndSteelType has 120 seconds left.
|
|t:|1776197975
|-terastallize|p2a: Daenerys|Flying
|move|p1a: Zamazenta|Iron Defense|p1a: Zamazenta
|-boost|p1a: Zamazenta|def|2
|move|p2a: Daenerys|Iron Head|p1a: Zamazenta
|-damage|p1a: Zamazenta|70/100
|
|-heal|p1a: Zamazenta|76/100|[from] item: Leftovers
|upkeep
|turn|17
|inactive|FlintAndSteelType has 120 seconds left.
|inactive|FlintAndSteelType has 90 seconds left.
|
|t:|1776198011
|move|p1a: Zamazenta|Iron Defense|p1a: Zamazenta
|-boost|p1a: Zamazenta|def|2
|move|p2a: Daenerys|Swords Dance|p2a: Daenerys
|-boost|p2a: Daenerys|atk|2
|
|-heal|p1a: Zamazenta|83/100|[from] item: Leftovers
|upkeep
|turn|18
|
|t:|1776198022
|move|p2a: Daenerys|Iron Head|p1a: Zamazenta
|-damage|p1a: Zamazenta|52/100
|move|p1a: Zamazenta|Roar|p2a: Daenerys
|-end|p2a: Daenerys|fallen1|[silent]
|drag|p2a: Homelando|Landorus-Therian, M, shiny|100/100
|-damage|p2a: Homelando|88/100|[from] Stealth Rock
|-ability|p2a: Homelando|Intimidate|boost
|-unboost|p1a: Zamazenta|atk|1
|
|-heal|p1a: Zamazenta|58/100|[from] item: Leftovers
|upkeep
|turn|19
|inactive|FlintAndSteelType has 90 seconds left.
|
|t:|1776198046
|move|p1a: Zamazenta|Body Press|p2a: Homelando
|-resisted|p2a: Homelando
|-damage|p2a: Homelando|32/100
|-damage|p1a: Zamazenta|41/100|[from] item: Rocky Helmet|[of] p2a: Homelando
|move|p2a: Homelando|Earthquake|p1a: Zamazenta
|-damage|p1a: Zamazenta|32/100
|
|-heal|p1a: Zamazenta|38/100|[from] item: Leftovers
|upkeep
|turn|20
|inactive|FlintAndSteelType has 90 seconds left.
|
|t:|1776198061
|move|p1a: Zamazenta|Body Press|p2a: Homelando
|-resisted|p2a: Homelando
|-damage|p2a: Homelando|0 fnt
|-damage|p1a: Zamazenta|22/100|[from] item: Rocky Helmet|[of] p2a: Homelando
|faint|p2a: Homelando
|
|-heal|p1a: Zamazenta|28/100|[from] item: Leftovers
|upkeep
|
|t:|1776198070
|switch|p2a: WALL-Y|Iron Valiant|100/100
|-damage|p2a: WALL-Y|94/100|[from] Stealth Rock
|-enditem|p2a: WALL-Y|Booster Energy
|-activate|p2a: WALL-Y|ability: Quark Drive|[fromitem]
|-start|p2a: WALL-Y|quarkdrivespe
|turn|21
|inactive|thehumangod has 120 seconds left.
|inactive|FlintAndSteelType has 90 seconds left.
|
|t:|1776198078
|-terastallize|p1a: Zamazenta|Fire
|move|p2a: WALL-Y|Moonblast|p1a: Zamazenta
|-resisted|p1a: Zamazenta
|-damage|p1a: Zamazenta|10/100
|-unboost|p1a: Zamazenta|spa|1
|move|p1a: Zamazenta|Body Press|p2a: WALL-Y
|-resisted|p2a: WALL-Y
|-damage|p2a: WALL-Y|22/100
|
|-heal|p1a: Zamazenta|16/100|[from] item: Leftovers
|upkeep
|turn|22
|inactive|thehumangod has 120 seconds left.
|inactive|FlintAndSteelType has 90 seconds left.
|
|t:|1776198097
|move|p2a: WALL-Y|Shadow Ball|p1a: Zamazenta
|-damage|p1a: Zamazenta|0 fnt
|faint|p1a: Zamazenta
|
|upkeep
|
|t:|1776198101
|switch|p1a: Slowking|Slowking-Galar, F|100/100
|turn|23
|inactive|FlintAndSteelType has 90 seconds left.
|
|t:|1776198119
|move|p2a: WALL-Y|Shadow Ball|p1a: Slowking
|-supereffective|p1a: Slowking
|-damage|p1a: Slowking|71/100
|move|p1a: Slowking|Thunder Wave|p2a: WALL-Y
|-status|p2a: WALL-Y|par
|
|upkeep
|turn|24
|inactive|FlintAndSteelType has 90 seconds left.
|inactive|thehumangod has 120 seconds left.
|
|t:|1776198148
|cant|p2a: WALL-Y|par
|-prepare|p1a: Slowking|Chilly Reception|[premajor]
|move|p1a: Slowking|Chilly Reception|p1a: Slowking
|-weather|Snowscape
|inactive|thehumangod has 120 seconds left.
|c|☆FlintAndSteelType|omfg
|
|t:|1776198154
|switch|p1a: Dragapult|Dragapult, F|100/100|[from] Chilly Reception
|
|-weather|Snowscape|[upkeep]
|upkeep
|turn|25
|c|☆FlintAndSteelType|3 times paraised
|
|t:|1776198168
|move|p1a: Dragapult|Hex|p2a: WALL-Y
|-damage|p2a: WALL-Y|0 fnt
|faint|p2a: WALL-Y
|-end|p2a: WALL-Y|Quark Drive|[silent]
|
|-weather|Snowscape|[upkeep]
|upkeep
|inactive|FlintAndSteelType has 90 seconds left.
|
|t:|1776198184
|switch|p2a: Daenerys|Kingambit, F, tera:Flying|100/100
|-damage|p2a: Daenerys|76/100|[from] Stealth Rock
|-activate|p2a: Daenerys|ability: Supreme Overlord
|-start|p2a: Daenerys|fallen3|[silent]
|turn|26
|c|☆thehumangod|first time on ¨WALL-Y¨
|inactive|FlintAndSteelType has 90 seconds left.
|
|t:|1776198196
|move|p1a: Dragapult|Substitute|p1a: Dragapult
|-start|p1a: Dragapult|Substitute
|-damage|p1a: Dragapult|76/100
|move|p2a: Daenerys|Kowtow Cleave|p1a: Dragapult
|-supereffective|p1a: Dragapult
|-end|p1a: Dragapult|Substitute
|
|-weather|Snowscape|[upkeep]
|-heal|p1a: Dragapult|82/100|[from] item: Leftovers
|-heal|p2a: Daenerys|82/100|[from] item: Leftovers
|upkeep
|turn|27
|inactive|FlintAndSteelType has 90 seconds left.
|inactive|thehumangod has 120 seconds left.
|c|☆FlintAndSteelType|no wisp?
|inactive|thehumangod has 90 seconds left.
|inactive|thehumangod has 60 seconds left.
|
|t:|1776198281
|switch|p1a: Serperior|Serperior, M|70/100 par
|move|p2a: Daenerys|Kowtow Cleave|p1a: Serperior
|-damage|p1a: Serperior|0 fnt
|faint|p1a: Serperior
|
|-weather|Snowscape|[upkeep]
|-heal|p2a: Daenerys|88/100|[from] item: Leftovers
|upkeep
|inactive|thehumangod has 60 seconds left.
|
|t:|1776198291
|switch|p1a: Slowking|Slowking-Galar, F|100/100
|turn|28
|inactive|thehumangod has 60 seconds left.
|c|☆thehumangod|its papa spam not burn spam
|c|☆FlintAndSteelType|right
|
|t:|1776198317
|move|p2a: Daenerys|Kowtow Cleave|p1a: Slowking
|-supereffective|p1a: Slowking
|-damage|p1a: Slowking|0 fnt
|faint|p1a: Slowking
|
|-weather|none
|-heal|p2a: Daenerys|94/100|[from] item: Leftovers
|upkeep
|c|☆thehumangod|ok gg
|
|t:|1776198324
|switch|p1a: Dragapult|Dragapult, F|82/100
|turn|29
|
|t:|1776198328
|move|p1a: Dragapult|Substitute|p1a: Dragapult
|-start|p1a: Dragapult|Substitute
|-damage|p1a: Dragapult|57/100
|move|p2a: Daenerys|Kowtow Cleave|p1a: Dragapult
|-supereffective|p1a: Dragapult
|-end|p1a: Dragapult|Substitute
|
|-heal|p1a: Dragapult|63/100|[from] item: Leftovers
|-heal|p2a: Daenerys|100/100|[from] item: Leftovers
|upkeep
|turn|30
|inactive|FlintAndSteelType has 120 seconds left.
|
|t:|1776198337
|move|p1a: Dragapult|Dragon Darts|p2a: Daenerys
|-damage|p2a: Daenerys|84/100
|-anim|p1a: Dragapult|Dragon Darts|p2a: Daenerys
|-crit|p2a: Daenerys
|-damage|p2a: Daenerys|58/100
|move|p2a: Daenerys|Kowtow Cleave|p1a: Dragapult
|-supereffective|p1a: Dragapult
|-damage|p1a: Dragapult|0 fnt
|faint|p1a: Dragapult
|
|win|FlintAndSteelType
