|html|<div class="broadcast-blue"><strong>[Gen 9] OU is currently suspecting Tera Blast! For information on how to participate check out the <a href="https://www.smogon.com/tools/suspects/view/200">suspect thread</a>.</strong></div>
|j|☆goodnightnite
|j|☆terrastaliize
|t:|1776082784
|gametype|singles
|player|p1|goodnightnite|cynthia-masters|1681
|player|p2|terrastaliize|parasollady-gen4|1736
|gen|9
|tier|[Gen 9] OU
|rated|
|rule|HP Percentage Mod: HP is shown in percentages
|rule|Endless Battle Clause: Forcing endless battles is banned
|rule|Species Clause: Limit one of each Pokémon
|rule|OHKO Clause: OHKO moves are banned
|rule|Evasion Items Clause: Evasion items are banned
|rule|Evasion Moves Clause: Evasion moves are banned
|rule|Evasion Abilities Clause: Evasion abilities are banned
|rule|Sleep Moves Clause: Sleep-inducing moves are banned
|clearpoke
|poke|p1|Pelipper, F|
|poke|p1|Hatterene, F|
|poke|p1|Iron Treads|
|poke|p1|Toxicroak, F|
|poke|p1|Barraskewda, F|
|poke|p1|Zapdos|
|poke|p2|Dragapult, F|
|poke|p2|Alomomola, F|
|poke|p2|Ting-Lu|
|poke|p2|Kyurem|
|poke|p2|Weezing-Galar, F|
|poke|p2|Corviknight, F|
|teampreview
|inactive|Battle timer is ON: inactive players will automatically lose when time's up. (requested by goodnightnite)
|j| ohko_smeargle
|inactive|terrastaliize has 120 seconds left.
|
|t:|1776082821
|teamsize|p1|6
|teamsize|p2|6
|start
|switch|p1a: Iron Treads|Iron Treads|100/100
|switch|p2a: Tiffany BlueStones|Kyurem, shiny|100/100
|-ability|p2a: Tiffany BlueStones|Pressure
|turn|1
|
|t:|1776082830
|move|p2a: Tiffany BlueStones|Substitute|p2a: Tiffany BlueStones
|-start|p2a: Tiffany BlueStones|Substitute
|-damage|p2a: Tiffany BlueStones|76/100
|move|p1a: Iron Treads|Earthquake|p2a: Tiffany BlueStones
|-end|p2a: Tiffany BlueStones|Substitute
|
|-heal|p2a: Tiffany BlueStones|82/100|[from] item: Leftovers
|upkeep
|turn|2
|
|t:|1776082835
|move|p2a: Tiffany BlueStones|Substitute|p2a: Tiffany BlueStones
|-start|p2a: Tiffany BlueStones|Substitute
|-damage|p2a: Tiffany BlueStones|57/100
|move|p1a: Iron Treads|Earthquake|p2a: Tiffany BlueStones
|-crit|p2a: Tiffany BlueStones
|-end|p2a: Tiffany BlueStones|Substitute
|
|-heal|p2a: Tiffany BlueStones|63/100|[from] item: Leftovers
|upkeep
|turn|3
|
|t:|1776082838
|move|p2a: Tiffany BlueStones|Earth Power|p1a: Iron Treads
|-supereffective|p1a: Iron Treads
|-damage|p1a: Iron Treads|46/100
|move|p1a: Iron Treads|Earthquake|p2a: Tiffany BlueStones
|-damage|p2a: Tiffany BlueStones|27/100
|
|-heal|p2a: Tiffany BlueStones|33/100|[from] item: Leftovers
|-heal|p1a: Iron Treads|52/100|[from] item: Leftovers
|upkeep
|turn|4
|inactive|goodnightnite has 120 seconds left.
|
|t:|1776082882
|move|p2a: Tiffany BlueStones|Substitute|p2a: Tiffany BlueStones
|-start|p2a: Tiffany BlueStones|Substitute
|-damage|p2a: Tiffany BlueStones|8/100
|move|p1a: Iron Treads|Earthquake|p2a: Tiffany BlueStones
|-end|p2a: Tiffany BlueStones|Substitute
|
|-heal|p2a: Tiffany BlueStones|14/100|[from] item: Leftovers
|-heal|p1a: Iron Treads|58/100|[from] item: Leftovers
|upkeep
|turn|5
|
|t:|1776082886
|move|p2a: Tiffany BlueStones|Freeze-Dry|p1a: Iron Treads
|-damage|p1a: Iron Treads|29/100
|move|p1a: Iron Treads|Earthquake|p2a: Tiffany BlueStones
|-damage|p2a: Tiffany BlueStones|0 fnt
|faint|p2a: Tiffany BlueStones
|
|-heal|p1a: Iron Treads|35/100|[from] item: Leftovers
|upkeep
|
|t:|1776082891
|switch|p2a: Moody Blues|Dragapult, F|100/100
|turn|6
|inactive|goodnightnite has 120 seconds left.
|inactive|goodnightnite has 90 seconds left.
|
|t:|1776082957
|-terastallize|p2a: Moody Blues|Ghost
|move|p2a: Moody Blues|Tera Blast|p1a: Iron Treads|[anim] Tera Blast Ghost
|-damage|p1a: Iron Treads|0 fnt
|faint|p1a: Iron Treads
|-end|p1a: Iron Treads|Quark Drive|[silent]
|
|upkeep
|
|t:|1776082963
|switch|p1a: Pelipper|Pelipper, F|100/100
|-weather|RainDance|[from] ability: Drizzle|[of] p1a: Pelipper
|turn|7
|
|t:|1776082973
|move|p2a: Moody Blues|Tera Blast|p1a: Pelipper|[anim] Tera Blast Ghost
|-crit|p1a: Pelipper
|-damage|p1a: Pelipper|0 fnt
|faint|p1a: Pelipper
|
|-weather|RainDance|[upkeep]
|upkeep
|
|t:|1776082985
|switch|p1a: Barraskewda|Barraskewda, F|100/100
|turn|8
|
|t:|1776082993
|switch|p2a: Fogbound Lake|Alomomola, F|100/100
|move|p1a: Barraskewda|Flip Turn|p2a: Fogbound Lake
|-resisted|p2a: Fogbound Lake
|-damage|p2a: Fogbound Lake|82/100
|-damage|p1a: Barraskewda|84/100|[from] item: Rocky Helmet|[of] p2a: Fogbound Lake
|inactive|goodnightnite has 60 seconds left.
|inactive|goodnightnite has 30 seconds left.
|
|t:|1776083046
|switch|p1a: Zapdos|Zapdos|100/100|[from] Flip Turn
|
|-weather|RainDance|[upkeep]
|upkeep
|turn|9
|
|t:|1776083057
|switch|p2a: Corviknight|Corviknight, F|100/100
|-ability|p2a: Corviknight|Pressure
|move|p1a: Zapdos|Hurricane|p2a: Corviknight
|-resisted|p2a: Corviknight
|-damage|p2a: Corviknight|72/100
|-start|p2a: Corviknight|confusion
|
|-weather|RainDance|[upkeep]
|-heal|p2a: Corviknight|79/100|[from] item: Leftovers
|upkeep
|turn|10
|inactive|goodnightnite has 30 seconds left.
|inactive|goodnightnite has 20 seconds left.
|inactive|goodnightnite has 15 seconds left.
|
|t:|1776083095
|switch|p1a: Hatterene|Hatterene, F|100/100
|-activate|p2a: Corviknight|confusion
|move|p2a: Corviknight|U-turn|p1a: Hatterene
|-damage|p1a: Hatterene|87/100
|-enditem|p1a: Hatterene|Eject Button
|inactive|goodnightnite has 20 seconds left this turn.
|
|t:|1776083099
|switch|p1a: Zapdos|Zapdos|100/100
|
|-weather|RainDance|[upkeep]
|-heal|p2a: Corviknight|85/100|[from] item: Leftovers
|upkeep
|turn|11
|inactive|goodnightnite has 30 seconds left this turn.
|
|t:|1776083102
|switch|p2a: Ting-Lu|Ting-Lu|100/100
|-ability|p2a: Ting-Lu|Vessel of Ruin
|move|p1a: Zapdos|Weather Ball|p2a: Ting-Lu
|-supereffective|p2a: Ting-Lu
|-damage|p2a: Ting-Lu|35/100
|
|-weather|RainDance|[upkeep]
|-heal|p2a: Ting-Lu|41/100|[from] item: Leftovers
|upkeep
|turn|12
|inactive|goodnightnite has 30 seconds left.
|
|t:|1776083120
|switch|p2a: Fogbound Lake|Alomomola, F|100/100
|move|p1a: Zapdos|Weather Ball|p2a: Fogbound Lake
|-resisted|p2a: Fogbound Lake
|-damage|p2a: Fogbound Lake|57/100
|
|-weather|RainDance|[upkeep]
|upkeep
|turn|13
|
|t:|1776083130
|switch|p1a: Toxicroak|Toxicroak, F|100/100
|move|p2a: Fogbound Lake|Flip Turn|p1a: Toxicroak
|-immune|p1a: Toxicroak|[from] ability: Dry Skin
|
|-weather|RainDance|[upkeep]
|upkeep
|turn|14
|
|t:|1776083135
|switch|p1a: Zapdos|Zapdos|100/100
|move|p2a: Fogbound Lake|Wish|p2a: Fogbound Lake
|
|-weather|none
|upkeep
|turn|15
|c|☆goodnightnite|the crit sealed the game i think
|
|t:|1776083143
|switch|p2a: Ting-Lu|Ting-Lu|41/100
|-ability|p2a: Ting-Lu|Vessel of Ruin
|move|p1a: Zapdos|Hurricane|p2a: Ting-Lu
|-damage|p2a: Ting-Lu|8/100
|
|-heal|p2a: Ting-Lu|60/100|[from] move: Wish|[wisher] Fogbound Lake
|-heal|p2a: Ting-Lu|66/100|[from] item: Leftovers
|upkeep
|turn|16
|
|t:|1776083151
|switch|p1a: Hatterene|Hatterene, F|87/100
|switch|p2a: Corviknight|Corviknight, F|85/100
|-ability|p2a: Corviknight|Pressure
|
|-heal|p2a: Corviknight|91/100|[from] item: Leftovers
|upkeep
|turn|17
|-message|goodnightnite forfeited.
|
|win|terrastaliize
|raw|goodnightnite's rating: 1658 &rarr; <strong>1642</strong><br />(-16 for losing)
|raw|terrastaliize's rating: 1736 &rarr; <strong>1752</strong><br />(+16 for winning)
|l|☆goodnightnite
|player|p1|
|l| ohko_smeargle
|l|☆terrastaliize
|player|p2|
