|html|<div class="broadcast-blue"><strong>[Gen 9] OU is currently suspecting Tera Blast! For information on how to participate check out the <a href="https://www.smogon.com/tools/suspects/view/200">suspect thread</a>.</strong></div>
|j|☆velcrostuck
|j|☆fuckdhelmis000
|t:|1776276306
|gametype|singles
|player|p1|velcrostuck|marlon|1185
|player|p2|fuckdhelmis000|dawn|1164
|gen|9
|tier|[Gen 9] OU
|rated|
|rule|HP Percentage Mod: HP is shown in percentages
|rule|Endless Battle Clause: Forcing endless battles is banned
|rule|Species Clause: Limit one of each Pokémon
|rule|OHKO Clause: OHKO moves are banned
|rule|Evasion Items Clause: Evasion items are banned
|rule|Evasion Moves Clause: Evasion moves are banned
|rule|Evasion Abilities Clause: Evasion abilities are banned
|rule|Sleep Moves Clause: Sleep-inducing moves are banned
|clearpoke
|poke|p1|Lokix, F|
|poke|p1|Pecharunt|
|poke|p1|Ting-Lu|
|poke|p1|Latios, M|
|poke|p1|Gliscor, F|
|poke|p1|Iron Moth|
|poke|p2|Ceruledge, M|
|poke|p2|Indeedee, M|
|poke|p2|Hatterene, F|
|poke|p2|Great Tusk|
|poke|p2|Dragonite, M|
|poke|p2|Deoxys-Speed|
|teampreview
|inactive|Battle timer is ON: inactive players will automatically lose when time's up. (requested by velcrostuck)
|
|t:|1776276318
|teamsize|p1|6
|teamsize|p2|6
|start
|switch|p1a: Gliscor|Gliscor, F|100/100
|switch|p2a: Indeedee|Indeedee, M|100/100
|-fieldstart|move: Psychic Terrain|[from] ability: Psychic Surge|[of] p2a: Indeedee
|turn|1
|
|t:|1776276324
|move|p2a: Indeedee|Expanding Force|p1a: Gliscor
|-damage|p1a: Gliscor|45/100
|move|p1a: Gliscor|Toxic|p2a: Indeedee
|-status|p2a: Indeedee|tox
|
|-damage|p2a: Indeedee|94/100 tox|[from] psn
|-status|p1a: Gliscor|tox|[from] item: Toxic Orb
|upkeep
|turn|2
|
|t:|1776276347
|switch|p2a: Ceruledge|Ceruledge, M|100/100
|move|p1a: Gliscor|Protect||[still]
|-fail|p1a: Gliscor
|
|-heal|p1a: Gliscor|58/100 tox|[from] ability: Poison Heal
|upkeep
|turn|3
|
|t:|1776276353
|move|p2a: Ceruledge|Swords Dance|p2a: Ceruledge
|-boost|p2a: Ceruledge|atk|2
|move|p1a: Gliscor|Toxic|p2a: Ceruledge
|-status|p2a: Ceruledge|tox
|
|-damage|p2a: Ceruledge|94/100 tox|[from] psn
|-heal|p1a: Gliscor|70/100 tox|[from] ability: Poison Heal
|upkeep
|turn|4
|
|t:|1776276364
|move|p2a: Ceruledge|Bitter Blade|p1a: Gliscor
|-damage|p1a: Gliscor|3/100 tox
|-heal|p2a: Ceruledge|100/100 tox|[from] drain|[of] p1a: Gliscor
|move|p1a: Gliscor|Knock Off|p2a: Ceruledge
|-supereffective|p2a: Ceruledge
|-damage|p2a: Ceruledge|46/100 tox
|-ability|p2a: Ceruledge|Weak Armor|boost
|-unboost|p2a: Ceruledge|def|1
|-boost|p2a: Ceruledge|spe|2
|-enditem|p2a: Ceruledge|Focus Sash|[from] move: Knock Off|[of] p1a: Gliscor
|
|-damage|p2a: Ceruledge|33/100 tox|[from] psn
|-heal|p1a: Gliscor|15/100 tox|[from] ability: Poison Heal
|upkeep
|turn|5
|
|t:|1776276377
|move|p2a: Ceruledge|Bitter Blade|p1a: Gliscor
|-damage|p1a: Gliscor|0 fnt
|-heal|p2a: Ceruledge|42/100 tox|[from] drain|[of] p1a: Gliscor
|faint|p1a: Gliscor
|
|-damage|p2a: Ceruledge|24/100 tox|[from] psn
|upkeep
|
|t:|1776276387
|switch|p1a: Pecharunt|Pecharunt|100/100
|turn|6
|
|t:|1776276394
|move|p2a: Ceruledge|Poltergeist|p1a: Pecharunt
|-activate|p1a: Pecharunt|move: Poltergeist|Heavy-Duty Boots
|-supereffective|p1a: Pecharunt
|-damage|p1a: Pecharunt|0 fnt
|faint|p1a: Pecharunt
|
|-damage|p2a: Ceruledge|0 fnt|[from] psn
|faint|p2a: Ceruledge
|upkeep
|
|t:|1776276406
|switch|p2a: Deoxys|Deoxys-Speed|100/100
|switch|p1a: Ting-Lu|Ting-Lu|100/100
|-ability|p2a: Deoxys|Pressure
|-ability|p1a: Ting-Lu|Vessel of Ruin
|turn|7
|
|t:|1776276412
|move|p2a: Deoxys|Nasty Plot|p2a: Deoxys
|-boost|p2a: Deoxys|spa|2
|move|p1a: Ting-Lu|Stealth Rock|p2a: Deoxys
|-sidestart|p2: fuckdhelmis000|move: Stealth Rock
|
|upkeep
|turn|8
|
|t:|1776276428
|move|p2a: Deoxys|Focus Blast|p1a: Ting-Lu
|-supereffective|p1a: Ting-Lu
|-damage|p1a: Ting-Lu|29/100
|-damage|p2a: Deoxys|91/100|[from] item: Life Orb
|move|p1a: Ting-Lu|Ruination|p2a: Deoxys
|-damage|p2a: Deoxys|46/100
|
|-heal|p1a: Ting-Lu|35/100|[from] item: Leftovers
|-fieldend|move: Psychic Terrain
|upkeep
|turn|9
|
|t:|1776276438
|move|p2a: Deoxys|Focus Blast|p1a: Ting-Lu
|-supereffective|p1a: Ting-Lu
|-damage|p1a: Ting-Lu|0 fnt
|faint|p1a: Ting-Lu
|-damage|p2a: Deoxys|36/100|[from] item: Life Orb
|
|upkeep
|
|t:|1776276445
|switch|p1a: Lokix|Lokix, F|100/100
|turn|10
|
|t:|1776276448
|switch|p2a: Indeedee|Indeedee, M|94/100 tox
|-damage|p2a: Indeedee|82/100 tox|[from] Stealth Rock
|-fieldstart|move: Psychic Terrain|[from] ability: Psychic Surge|[of] p2a: Indeedee
|move|p1a: Lokix|First Impression|p2a: Indeedee
|-activate|p2a: Indeedee|move: Psychic Terrain
|
|-damage|p2a: Indeedee|76/100 tox|[from] psn
|upkeep
|turn|11
|
|t:|1776276459
|move|p2a: Indeedee|Dazzling Gleam|p1a: Lokix
|-supereffective|p1a: Lokix
|-damage|p1a: Lokix|2/100
|move|p1a: Lokix|U-turn|p2a: Indeedee
|-supereffective|p2a: Indeedee
|-damage|p2a: Indeedee|0 fnt
|faint|p2a: Indeedee
|
|t:|1776276469
|switch|p1a: Iron Moth|Iron Moth|100/100|[from] U-turn
|-enditem|p1a: Iron Moth|Booster Energy
|-activate|p1a: Iron Moth|ability: Quark Drive|[fromitem]
|-start|p1a: Iron Moth|quarkdrivespa
|
|upkeep
|
|t:|1776276477
|switch|p2a: Deoxys|Deoxys-Speed|36/100
|-damage|p2a: Deoxys|23/100|[from] Stealth Rock
|-ability|p2a: Deoxys|Pressure
|turn|12
|
|t:|1776276482
|move|p2a: Deoxys|Expanding Force|p1a: Iron Moth
|-supereffective|p1a: Iron Moth
|-damage|p1a: Iron Moth|0 fnt
|faint|p1a: Iron Moth
|-end|p1a: Iron Moth|Quark Drive|[silent]
|-damage|p2a: Deoxys|13/100|[from] item: Life Orb
|
|upkeep
|
|t:|1776276488
|switch|p1a: Latios|Latios, M|100/100
|turn|13
|
|t:|1776276493
|switch|p2a: Hatterene|Hatterene, F|100/100
|-damage|p2a: Hatterene|88/100|[from] Stealth Rock
|move|p1a: Latios|Ice Beam|p2a: Hatterene
|-damage|p2a: Hatterene|53/100
|-enditem|p2a: Hatterene|Eject Button
|
|t:|1776276500
|switch|p2a: Great Tusk|Great Tusk|100/100
|
|upkeep
|turn|14
|
|t:|1776276505
|-terastallize|p2a: Great Tusk|Steel
|move|p1a: Latios|Psychic Noise|p2a: Great Tusk
|-resisted|p2a: Great Tusk
|-damage|p2a: Great Tusk|65/100
|-start|p2a: Great Tusk|move: Heal Block
|move|p2a: Great Tusk|Rapid Spin|p1a: Latios
|-damage|p1a: Latios|78/100
|-boost|p2a: Great Tusk|spe|1
|-sideend|p2: fuckdhelmis000|Stealth Rock|[from] move: Rapid Spin|[of] p2a: Great Tusk
|
|upkeep
|turn|15
|
|t:|1776276518
|move|p2a: Great Tusk|Knock Off|p1a: Latios
|-supereffective|p1a: Latios
|-damage|p1a: Latios|0 fnt
|-enditem|p1a: Latios|Soul Dew|[from] move: Knock Off|[of] p2a: Great Tusk
|faint|p1a: Latios
|
|-end|p2a: Great Tusk|move: Heal Block
|upkeep
|-message|velcrostuck forfeited.
|
|win|fuckdhelmis000
|raw|velcrostuck's rating: 1185 &rarr; <strong>1160</strong><br />(-25 for losing)
|raw|fuckdhelmis000's rating: 1188 &rarr; <strong>1213</strong><br />(+25 for winning)
|l|☆velcrostuck
|player|p1|
