|html|<div class="broadcast-blue"><strong>[Gen 9] OU is currently suspecting Tera Blast! For information on how to participate check out the <a href="https://www.smogon.com/tools/suspects/view/200">suspect thread</a>.</strong></div>
|j|☆diagt14
|j|☆yeetoo
|t:|1776031366
|gametype|singles
|player|p1|diagt14|veteran|1249
|player|p2|yeetoo|ethan|1240
|gen|9
|tier|[Gen 9] OU
|rated|
|rule|HP Percentage Mod: HP is shown in percentages
|rule|Endless Battle Clause: Forcing endless battles is banned
|rule|Species Clause: Limit one of each Pokémon
|rule|OHKO Clause: OHKO moves are banned
|rule|Evasion Items Clause: Evasion items are banned
|rule|Evasion Moves Clause: Evasion moves are banned
|rule|Evasion Abilities Clause: Evasion abilities are banned
|rule|Sleep Moves Clause: Sleep-inducing moves are banned
|clearpoke
|poke|p1|Dondozo, F|
|poke|p1|Zapdos|
|poke|p1|Gliscor, M|
|poke|p1|Kingambit, F|
|poke|p1|Cresselia, F|
|poke|p1|Skeledirge, M|
|poke|p2|Electrode-Hisui|
|poke|p2|Scizor, M|
|poke|p2|Entei|
|poke|p2|Swampert, F|
|poke|p2|Goodra, M|
|poke|p2|Necrozma|
|teampreview
|
|t:|1776031385
|teamsize|p1|6
|teamsize|p2|6
|start
|switch|p1a: Gliscor|Gliscor, M, shiny|100/100
|switch|p2a: Electrode|Electrode-Hisui|100/100
|turn|1
|
|t:|1776031394
|move|p2a: Electrode|Energy Ball|p1a: Gliscor
|-damage|p1a: Gliscor|54/100
|move|p1a: Gliscor|Toxic|p2a: Electrode
|-status|p2a: Electrode|tox
|
|-damage|p2a: Electrode|94/100 tox|[from] psn
|-status|p1a: Gliscor|tox|[from] item: Toxic Orb
|upkeep
|turn|2
|inactive|Battle timer is ON: inactive players will automatically lose when time's up. (requested by diagt14)
|
|t:|1776031447
|switch|p2a: Necrozma|Necrozma|100/100
|move|p1a: Gliscor|Protect||[still]
|-fail|p1a: Gliscor
|
|-heal|p1a: Gliscor|66/100 tox|[from] ability: Poison Heal
|upkeep
|turn|3
|
|t:|1776031461
|move|p1a: Gliscor|Toxic|p2a: Necrozma
|-status|p2a: Necrozma|tox
|move|p2a: Necrozma|Photon Geyser|p1a: Gliscor
|-damage|p1a: Gliscor|0 fnt
|faint|p1a: Gliscor
|
|-damage|p2a: Necrozma|94/100 tox|[from] psn
|upkeep
|
|t:|1776031482
|switch|p1a: Skeledirge|Skeledirge, M|100/100
|turn|4
|
|t:|1776031489
|switch|p2a: Goodra|Goodra, M|100/100
|move|p1a: Skeledirge|Torch Song|p2a: Goodra
|-resisted|p2a: Goodra
|-damage|p2a: Goodra|91/100
|-boost|p1a: Skeledirge|spa|1
|
|upkeep
|turn|5
|
|t:|1776031498
|move|p2a: Goodra|Scald|p1a: Skeledirge
|-supereffective|p1a: Skeledirge
|-damage|p1a: Skeledirge|48/100
|move|p1a: Skeledirge|Will-O-Wisp|p2a: Goodra
|-status|p2a: Goodra|brn
|
|-damage|p2a: Goodra|84/100 brn|[from] brn
|upkeep
|turn|6
|
|t:|1776031519
|-terastallize|p1a: Skeledirge|Water
|move|p2a: Goodra|Scald|p1a: Skeledirge
|-resisted|p1a: Skeledirge
|-damage|p1a: Skeledirge|35/100
|move|p1a: Skeledirge|Torch Song|p2a: Goodra
|-resisted|p2a: Goodra
|-damage|p2a: Goodra|70/100 brn
|-boost|p1a: Skeledirge|spa|1
|
|-damage|p2a: Goodra|63/100 brn|[from] brn
|upkeep
|turn|7
|
|t:|1776031529
|move|p2a: Goodra|Dragon Pulse|p1a: Skeledirge
|-damage|p1a: Skeledirge|0 fnt
|faint|p1a: Skeledirge
|
|-damage|p2a: Goodra|57/100 brn|[from] brn
|upkeep
|
|t:|1776031537
|switch|p1a: Cresselia|Cresselia, F, shiny|100/100
|turn|8
|
|t:|1776031548
|move|p1a: Cresselia|Ice Beam|p2a: Goodra
|-supereffective|p2a: Goodra
|-damage|p2a: Goodra|36/100 brn
|move|p2a: Goodra|Dragon Pulse|p1a: Cresselia
|-damage|p1a: Cresselia|80/100
|
|-heal|p1a: Cresselia|86/100|[from] item: Leftovers
|-damage|p2a: Goodra|30/100 brn|[from] brn
|upkeep
|turn|9
|
|t:|1776031557
|move|p1a: Cresselia|Ice Beam|p2a: Goodra
|-supereffective|p2a: Goodra
|-damage|p2a: Goodra|10/100 brn
|move|p2a: Goodra|Dragon Pulse|p1a: Cresselia
|-damage|p1a: Cresselia|66/100
|
|-heal|p1a: Cresselia|72/100|[from] item: Leftovers
|-damage|p2a: Goodra|4/100 brn|[from] brn
|upkeep
|turn|10
|
|t:|1776031568
|move|p1a: Cresselia|Ice Beam|p2a: Goodra
|-supereffective|p2a: Goodra
|-damage|p2a: Goodra|0 fnt
|faint|p2a: Goodra
|
|-heal|p1a: Cresselia|78/100|[from] item: Leftovers
|upkeep
|
|t:|1776031578
|switch|p2a: Swampert|Swampert, F|100/100
|turn|11
|
|t:|1776031584
|move|p1a: Cresselia|Psychic|p2a: Swampert
|-damage|p2a: Swampert|85/100
|move|p2a: Swampert|Knock Off|p1a: Cresselia
|-supereffective|p1a: Cresselia
|-damage|p1a: Cresselia|32/100
|-enditem|p1a: Cresselia|Leftovers|[from] move: Knock Off|[of] p2a: Swampert
|
|upkeep
|turn|12
|
|t:|1776031591
|switch|p2a: Scizor|Scizor, M|100/100
|move|p1a: Cresselia|Moonlight|p1a: Cresselia
|-heal|p1a: Cresselia|82/100
|
|upkeep
|turn|13
|
|t:|1776031598
|move|p1a: Cresselia|Thunder Wave|p2a: Scizor
|-status|p2a: Scizor|par
|move|p2a: Scizor|Swords Dance|p2a: Scizor
|-boost|p2a: Scizor|atk|2
|
|upkeep
|turn|14
|
|t:|1776031607
|switch|p1a: Dondozo|Dondozo, F, shiny|100/100
|move|p2a: Scizor|Bug Bite|p1a: Dondozo
|-damage|p1a: Dondozo|79/100
|
|-heal|p1a: Dondozo|85/100|[from] item: Leftovers
|upkeep
|turn|15
|
|t:|1776031615
|switch|p2a: Electrode|Electrode-Hisui|94/100 tox
|move|p1a: Dondozo|Curse|p1a: Dondozo
|-unboost|p1a: Dondozo|spe|1
|-boost|p1a: Dondozo|atk|1
|-boost|p1a: Dondozo|def|1
|
|-heal|p1a: Dondozo|91/100|[from] item: Leftovers
|-damage|p2a: Electrode|88/100 tox|[from] psn
|upkeep
|turn|16
|
|t:|1776031627
|switch|p1a: Zapdos|Zapdos, shiny|100/100
|move|p2a: Electrode|Volt Switch|p1a: Zapdos
|-damage|p1a: Zapdos|74/100
|
|t:|1776031639
|switch|p2a: Necrozma|Necrozma|94/100 tox|[from] Volt Switch
|
|-damage|p2a: Necrozma|88/100 tox|[from] psn
|upkeep
|turn|17
|
|t:|1776031651
|move|p1a: Zapdos|Discharge|p2a: Necrozma
|-damage|p2a: Necrozma|54/100 tox
|move|p2a: Necrozma|Photon Geyser|p1a: Zapdos
|-damage|p1a: Zapdos|19/100
|
|-damage|p2a: Necrozma|42/100 tox|[from] psn
|upkeep
|turn|18
|
|t:|1776031662
|move|p1a: Zapdos|Roost|p1a: Zapdos
|-heal|p1a: Zapdos|69/100
|-singleturn|p1a: Zapdos|move: Roost
|move|p2a: Necrozma|Morning Sun|p2a: Necrozma
|-heal|p2a: Necrozma|92/100 tox
|
|-damage|p2a: Necrozma|74/100 tox|[from] psn
|upkeep
|turn|19
|
|t:|1776031677
|switch|p2a: Swampert|Swampert, F|85/100
|move|p1a: Zapdos|Roost|p1a: Zapdos
|-heal|p1a: Zapdos|100/100
|-singleturn|p1a: Zapdos|move: Roost
|
|upkeep
|turn|20
|
|t:|1776031685
|move|p1a: Zapdos|Hurricane|p2a: Swampert
|-damage|p2a: Swampert|55/100
|move|p2a: Swampert|Knock Off|p1a: Zapdos
|-damage|p1a: Zapdos|78/100
|-status|p2a: Swampert|par|[from] ability: Static|[of] p1a: Zapdos
|-enditem|p1a: Zapdos|Heavy-Duty Boots|[from] move: Knock Off|[of] p2a: Swampert
|
|upkeep
|turn|21
|
|t:|1776031693
|move|p1a: Zapdos|Hurricane|p2a: Swampert
|-damage|p2a: Swampert|27/100 par
|move|p2a: Swampert|Earthquake|p1a: Zapdos
|-immune|p1a: Zapdos
|
|upkeep
|turn|22
|
|t:|1776031701
|move|p1a: Zapdos|Hurricane|p2a: Swampert
|-damage|p2a: Swampert|0 fnt
|faint|p2a: Swampert
|
|upkeep
|
|t:|1776031707
|switch|p2a: Necrozma|Necrozma|74/100 tox
|turn|23
|
|t:|1776031720
|move|p1a: Zapdos|Discharge|p2a: Necrozma
|-damage|p2a: Necrozma|41/100 tox
|move|p2a: Necrozma|Calm Mind|p2a: Necrozma
|-boost|p2a: Necrozma|spa|1
|-boost|p2a: Necrozma|spd|1
|
|-damage|p2a: Necrozma|35/100 tox|[from] psn
|upkeep
|turn|24
|
|t:|1776031739
|switch|p1a: Kingambit|Kingambit, F|100/100
|-activate|p1a: Kingambit|ability: Supreme Overlord
|-start|p1a: Kingambit|fallen2|[silent]
|move|p2a: Necrozma|Morning Sun|p2a: Necrozma
|-heal|p2a: Necrozma|85/100 tox
|
|-damage|p2a: Necrozma|73/100 tox|[from] psn
|upkeep
|turn|25
|
|t:|1776031748
|-terastallize|p2a: Necrozma|Fire
|move|p2a: Necrozma|Heat Wave|p1a: Kingambit
|-supereffective|p1a: Kingambit
|-damage|p1a: Kingambit|0 fnt
|faint|p1a: Kingambit
|-end|p1a: Kingambit|fallen2|[silent]
|
|-damage|p2a: Necrozma|55/100 tox|[from] psn
|upkeep
|
|t:|1776031755
|switch|p1a: Dondozo|Dondozo, F, shiny|91/100
|turn|26
|
|t:|1776031758
|move|p2a: Necrozma|Photon Geyser|p1a: Dondozo
|-damage|p1a: Dondozo|12/100
|move|p1a: Dondozo|Curse|p1a: Dondozo
|-unboost|p1a: Dondozo|spe|1
|-boost|p1a: Dondozo|atk|1
|-boost|p1a: Dondozo|def|1
|
|-heal|p1a: Dondozo|18/100|[from] item: Leftovers
|-damage|p2a: Necrozma|31/100 tox|[from] psn
|upkeep
|turn|27
|
|t:|1776031770
|switch|p1a: Cresselia|Cresselia, F, shiny|82/100
|move|p2a: Necrozma|Photon Geyser|p1a: Cresselia
|-resisted|p1a: Cresselia
|-damage|p1a: Cresselia|61/100
|
|-damage|p2a: Necrozma|0 fnt|[from] psn
|faint|p2a: Necrozma
|upkeep
|inactive|yeetoo has 120 seconds left.
|
|t:|1776031801
|switch|p2a: Scizor|Scizor, M|100/100 par
|turn|28
|
|t:|1776031826
|switch|p2a: Entei|Entei|100/100
|move|p1a: Cresselia|Moonlight|p1a: Cresselia
|-heal|p1a: Cresselia|100/100
|
|upkeep
|turn|29
|
|t:|1776031833
|switch|p2a: Scizor|Scizor, M|100/100 par
|move|p1a: Cresselia|Thunder Wave|p2a: Scizor
|-fail|p2a: Scizor|par
|
|upkeep
|turn|30
|
|t:|1776031841
|move|p1a: Cresselia|Psychic|p2a: Scizor
|-resisted|p2a: Scizor
|-damage|p2a: Scizor|87/100 par
|move|p2a: Scizor|Bug Bite|p1a: Cresselia
|-supereffective|p1a: Cresselia
|-damage|p1a: Cresselia|32/100
|
|upkeep
|turn|31
|
|t:|1776031849
|move|p1a: Cresselia|Moonlight|p1a: Cresselia
|-heal|p1a: Cresselia|82/100
|move|p2a: Scizor|Bug Bite|p1a: Cresselia
|-supereffective|p1a: Cresselia
|-damage|p1a: Cresselia|9/100
|
|upkeep
|turn|32
|
|t:|1776031856
|switch|p1a: Zapdos|Zapdos, shiny|78/100
|cant|p2a: Scizor|par
|
|upkeep
|turn|33
|
|t:|1776031863
|switch|p2a: Entei|Entei|100/100
|move|p1a: Zapdos|Heat Wave|p2a: Entei
|-resisted|p2a: Entei
|-damage|p2a: Entei|85/100
|
|upkeep
|turn|34
|
|t:|1776031871
|move|p2a: Entei|Stone Edge|p1a: Zapdos|[miss]
|-miss|p2a: Entei|p1a: Zapdos
|move|p1a: Zapdos|Discharge|p2a: Entei
|-damage|p2a: Entei|48/100
|
|upkeep
|turn|35
|
|t:|1776031877
|move|p2a: Entei|Stone Edge|p1a: Zapdos
|-supereffective|p1a: Zapdos
|-crit|p1a: Zapdos
|-damage|p1a: Zapdos|7/100
|move|p1a: Zapdos|Discharge|p2a: Entei
|-damage|p2a: Entei|11/100
|-status|p2a: Entei|par
|
|upkeep
|turn|36
|
|t:|1776031887
|move|p2a: Entei|Extreme Speed|p1a: Zapdos
|-damage|p1a: Zapdos|0 fnt
|faint|p1a: Zapdos
|
|upkeep
|
|t:|1776031892
|switch|p1a: Cresselia|Cresselia, F, shiny|9/100
|turn|37
|
|t:|1776031895
|move|p2a: Entei|Extreme Speed|p1a: Cresselia
|-damage|p1a: Cresselia|0 fnt
|faint|p1a: Cresselia
|
|upkeep
|
|t:|1776031899
|switch|p1a: Dondozo|Dondozo, F, shiny|18/100
|turn|38
|
|t:|1776031902
|move|p2a: Entei|Extreme Speed|p1a: Dondozo
|-damage|p1a: Dondozo|7/100
|move|p1a: Dondozo|Rest|p1a: Dondozo
|-status|p1a: Dondozo|slp|[from] move: Rest
|-heal|p1a: Dondozo|100/100 slp|[silent]
|
|upkeep
|turn|39
|
|t:|1776031910
|move|p2a: Entei|Extreme Speed|p1a: Dondozo
|-damage|p1a: Dondozo|88/100 slp
|cant|p1a: Dondozo|slp
|move|p1a: Dondozo|Sleep Talk|p1a: Dondozo
|move|p1a: Dondozo|Wave Crash|p2a: Entei|[from] move: Sleep Talk
|-supereffective|p2a: Entei
|-damage|p2a: Entei|0 fnt
|faint|p2a: Entei
|-damage|p1a: Dondozo|86/100 slp|[from] Recoil
|
|-heal|p1a: Dondozo|92/100 slp|[from] item: Leftovers
|upkeep
|
|t:|1776031921
|switch|p2a: Electrode|Electrode-Hisui|88/100 tox
|turn|40
|
|t:|1776031926
|move|p2a: Electrode|Chloroblast|p1a: Dondozo
|-supereffective|p1a: Dondozo
|-damage|p1a: Dondozo|0 fnt
|faint|p1a: Dondozo
|-damage|p2a: Electrode|38/100 tox|[from] Recoil
|
|win|yeetoo
|raw|diagt14's rating: 1249 &rarr; <strong>1223</strong><br />(-26 for losing)
|raw|yeetoo's rating: 1240 &rarr; <strong>1266</strong><br />(+26 for winning)
|c|☆yeetoo|gg
|l|☆yeetoo
|player|p2|
|l|☆diagt14
|player|p1|
