|html|<div class="broadcast-blue"><strong>[Gen 9] OU is currently suspecting Tera Blast! For information on how to participate check out the <a href="https://www.smogon.com/tools/suspects/view/200">suspect thread</a>.</strong></div>
|j|☆jujutush
|j|☆OUTB Sketch
|t:|1776268391
|gametype|singles
|player|p1|jujutush|170|1760
|player|p2|OUTB Sketch|red-gen2|1842
|gen|9
|tier|[Gen 9] OU
|rated|
|rule|HP Percentage Mod: HP is shown in percentages
|rule|Endless Battle Clause: Forcing endless battles is banned
|rule|Species Clause: Limit one of each Pokémon
|rule|OHKO Clause: OHKO moves are banned
|rule|Evasion Items Clause: Evasion items are banned
|rule|Evasion Moves Clause: Evasion moves are banned
|rule|Evasion Abilities Clause: Evasion abilities are banned
|rule|Sleep Moves Clause: Sleep-inducing moves are banned
|clearpoke
|poke|p1|Thundurus, M|
|poke|p1|Great Tusk|
|poke|p1|Hatterene, F|
|poke|p1|Primarina, M|
|poke|p1|Kingambit, M|
|poke|p1|Slowking-Galar, F|
|poke|p2|Ribombee, M|
|poke|p2|Lokix, M|
|poke|p2|Great Tusk|
|poke|p2|Raging Bolt|
|poke|p2|Gholdengo|
|poke|p2|Iron Moth|
|teampreview
|inactive|Battle timer is ON: inactive players will automatically lose when time's up. (requested by OUTB Sketch)
|inactive|jujutush has 120 seconds left.
|
|t:|1776268426
|teamsize|p1|6
|teamsize|p2|6
|start
|switch|p1a: Primarina|Primarina, M|100/100
|switch|p2a: Ribombee|Ribombee, M|100/100
|turn|1
|
|t:|1776268438
|move|p2a: Ribombee|Skill Swap|p1a: Primarina
|-activate|p2a: Ribombee|Skill Swap|Torrent|Shield Dust|[of] p1a: Primarina
|move|p1a: Primarina|Moonblast|p2a: Ribombee
|-damage|p2a: Ribombee|7/100
|
|upkeep
|turn|2
|j| DeckSSB
|
|t:|1776268444
|switch|p1a: Hatterene|Hatterene, F|100/100
|move|p2a: Ribombee|Skill Swap|p1a: Hatterene
|-activate|p2a: Ribombee|Skill Swap|Magic Bounce|Torrent|[of] p1a: Hatterene
|
|upkeep
|turn|3
|
|t:|1776268451
|switch|p1a: Slowking|Slowking-Galar, F|100/100
|move|p2a: Ribombee|Sticky Web|p1a: Slowking
|-sidestart|p1: jujutush|move: Sticky Web
|
|upkeep
|turn|4
|
|t:|1776268457
|move|p2a: Ribombee|Stun Spore|p1a: Slowking
|-status|p1a: Slowking|par
|move|p1a: Slowking|Future Sight|p2a: Ribombee
|-start|p1a: Slowking|move: Future Sight
|
|upkeep
|turn|5
|
|t:|1776268465
|move|p2a: Ribombee|Moonblast|p1a: Slowking
|-resisted|p1a: Slowking
|-damage|p1a: Slowking|90/100 par
|-unboost|p1a: Slowking|spa|1
|move|p1a: Slowking|Sludge Bomb|p2a: Ribombee
|-supereffective|p2a: Ribombee
|-damage|p2a: Ribombee|0 fnt
|faint|p2a: Ribombee
|
|upkeep
|
|t:|1776268474
|switch|p2a: Lokix|Lokix, M|100/100
|turn|6
|j| sirnoobynoob
|
|t:|1776268492
|switch|p1a: Hatterene|Hatterene, F|100/100
|-activate|p1a: Hatterene|move: Sticky Web
|-unboost|p1a: Hatterene|spe|1
|move|p2a: Lokix|Swords Dance|p2a: Lokix
|-boost|p2a: Lokix|atk|2
|
|-end|p2a: Lokix|move: Future Sight
|-immune|p2a: Lokix
|upkeep
|turn|7
|
|t:|1776268499
|move|p2a: Lokix|Knock Off|p1a: Hatterene
|-damage|p1a: Hatterene|0 fnt
|-damage|p2a: Lokix|84/100|[from] item: Rocky Helmet|[of] p1a: Hatterene
|-enditem|p1a: Hatterene|Rocky Helmet|[from] move: Knock Off|[of] p2a: Lokix
|faint|p1a: Hatterene
|-damage|p2a: Lokix|74/100|[from] item: Life Orb
|
|upkeep
|
|t:|1776268505
|switch|p1a: Thundurus|Thundurus, M|100/100
|turn|8
|
|t:|1776268511
|switch|p2a: Raging Bolt|Raging Bolt|100/100
|-enditem|p2a: Raging Bolt|Booster Energy
|-activate|p2a: Raging Bolt|ability: Protosynthesis|[fromitem]
|-start|p2a: Raging Bolt|protosynthesisspa
|move|p1a: Thundurus|Swagger|p2a: Raging Bolt
|-boost|p2a: Raging Bolt|atk|2
|-start|p2a: Raging Bolt|confusion
|-enditem|p1a: Thundurus|Mirror Herb
|-boost|p1a: Thundurus|atk|2|[from] item: Mirror Herb
|
|upkeep
|turn|9
|
|t:|1776268519
|move|p1a: Thundurus|Acrobatics|p2a: Raging Bolt
|-resisted|p2a: Raging Bolt
|-damage|p2a: Raging Bolt|52/100
|-activate|p2a: Raging Bolt|confusion
|-damage|p2a: Raging Bolt|41/100|[from] confusion
|
|upkeep
|turn|10
|
|t:|1776268526
|-activate|p2a: Raging Bolt|confusion
|move|p2a: Raging Bolt|Thunderclap|p1a: Thundurus
|-damage|p1a: Thundurus|30/100
|move|p1a: Thundurus|Acrobatics|p2a: Raging Bolt
|-resisted|p2a: Raging Bolt
|-damage|p2a: Raging Bolt|0 fnt
|faint|p2a: Raging Bolt
|-end|p2a: Raging Bolt|Protosynthesis|[silent]
|
|upkeep
|
|t:|1776268533
|switch|p2a: Lokix|Lokix, M|74/100
|turn|11
|inactive|jujutush has 120 seconds left.
|inactive|jujutush has 90 seconds left.
|
|t:|1776268615
|switch|p1a: Great Tusk|Great Tusk|100/100
|move|p2a: Lokix|Sucker Punch||[still]
|-fail|p2a: Lokix
|
|upkeep
|turn|12
|
|t:|1776268625
|switch|p2a: Gholdengo|Gholdengo|100/100
|-item|p2a: Gholdengo|Air Balloon
|move|p1a: Great Tusk|Stealth Rock|p2a: Gholdengo
|-sidestart|p2: OUTB Sketch|move: Stealth Rock
|
|upkeep
|turn|13
|
|t:|1776268635
|-end|p1a: Great Tusk|Protosynthesis|[silent]
|switch|p1a: Thundurus|Thundurus, M|30/100
|move|p2a: Gholdengo|Dazzling Gleam|p1a: Thundurus
|-damage|p1a: Thundurus|0 fnt
|faint|p1a: Thundurus
|
|upkeep
|
|t:|1776268641
|switch|p1a: Kingambit|Kingambit, M|100/100
|-activate|p1a: Kingambit|move: Sticky Web
|-unboost|p1a: Kingambit|spe|1
|-activate|p1a: Kingambit|ability: Supreme Overlord
|-start|p1a: Kingambit|fallen2|[silent]
|turn|14
|
|t:|1776268648
|switch|p2a: Great Tusk|Great Tusk|100/100
|-damage|p2a: Great Tusk|98/100|[from] Stealth Rock
|-enditem|p2a: Great Tusk|Booster Energy
|-activate|p2a: Great Tusk|ability: Protosynthesis|[fromitem]
|-start|p2a: Great Tusk|protosynthesisatk
|move|p1a: Kingambit|Kowtow Cleave|p2a: Great Tusk
|-resisted|p2a: Great Tusk
|-crit|p2a: Great Tusk
|-damage|p2a: Great Tusk|67/100
|
|upkeep
|turn|15
|inactive|jujutush has 90 seconds left.
|
|t:|1776268654
|-end|p1a: Kingambit|fallen2|[silent]
|switch|p1a: Great Tusk|Great Tusk|100/100
|move|p2a: Great Tusk|Rapid Spin|p1a: Great Tusk
|-damage|p1a: Great Tusk|86/100
|-boost|p2a: Great Tusk|spe|1
|-sideend|p2: OUTB Sketch|Stealth Rock|[from] move: Rapid Spin|[of] p2a: Great Tusk
|
|upkeep
|turn|16
|
|t:|1776268661
|-end|p2a: Great Tusk|Protosynthesis|[silent]
|switch|p2a: Gholdengo|Gholdengo|100/100
|-item|p2a: Gholdengo|Air Balloon
|move|p1a: Great Tusk|Rapid Spin|p2a: Gholdengo
|-immune|p2a: Gholdengo
|
|upkeep
|turn|17
|
|t:|1776268666
|move|p1a: Great Tusk|Stealth Rock|p2a: Gholdengo
|-sidestart|p2: OUTB Sketch|move: Stealth Rock
|move|p2a: Gholdengo|Dazzling Gleam|p1a: Great Tusk
|-supereffective|p1a: Great Tusk
|-damage|p1a: Great Tusk|15/100
|
|upkeep
|turn|18
|
|t:|1776268671
|-end|p1a: Great Tusk|Protosynthesis|[silent]
|switch|p1a: Primarina|Primarina, M|100/100
|-activate|p1a: Primarina|move: Sticky Web
|-unboost|p1a: Primarina|spe|1
|move|p2a: Gholdengo|Dazzling Gleam|p1a: Primarina
|-damage|p1a: Primarina|83/100
|
|upkeep
|turn|19
|
|t:|1776268677
|move|p2a: Gholdengo|Nasty Plot|p2a: Gholdengo
|-boost|p2a: Gholdengo|spa|2
|move|p1a: Primarina|Surf|p2a: Gholdengo
|-damage|p2a: Gholdengo|45/100
|-enditem|p2a: Gholdengo|Air Balloon
|
|upkeep
|turn|20
|inactive|jujutush has 120 seconds left.
|
|t:|1776268683
|move|p2a: Gholdengo|Psyshock|p1a: Primarina
|-damage|p1a: Primarina|12/100
|move|p1a: Primarina|Surf|p2a: Gholdengo
|-damage|p2a: Gholdengo|0 fnt
|faint|p2a: Gholdengo
|
|upkeep
|j| samurajen
|
|t:|1776268689
|switch|p2a: Great Tusk|Great Tusk|67/100
|-damage|p2a: Great Tusk|64/100|[from] Stealth Rock
|turn|21
|
|t:|1776268702
|move|p2a: Great Tusk|Rapid Spin|p1a: Primarina
|-damage|p1a: Primarina|0 fnt
|-boost|p2a: Great Tusk|spe|1
|-sideend|p2: OUTB Sketch|Stealth Rock|[from] move: Rapid Spin|[of] p2a: Great Tusk
|faint|p1a: Primarina
|
|upkeep
|
|t:|1776268711
|switch|p1a: Kingambit|Kingambit, M|100/100
|-activate|p1a: Kingambit|move: Sticky Web
|-unboost|p1a: Kingambit|spe|1
|-activate|p1a: Kingambit|ability: Supreme Overlord
|-start|p1a: Kingambit|fallen3|[silent]
|turn|22
|j| ShowMker
|
|t:|1776268716
|-terastallize|p1a: Kingambit|Ghost
|move|p2a: Great Tusk|Headlong Rush|p1a: Kingambit
|-damage|p1a: Kingambit|56/100
|-unboost|p2a: Great Tusk|def|1
|-unboost|p2a: Great Tusk|spd|1
|move|p1a: Kingambit|Iron Head|p2a: Great Tusk
|-damage|p2a: Great Tusk|0 fnt
|faint|p2a: Great Tusk
|-end|p2a: Great Tusk|Protosynthesis|[silent]
|
|-heal|p1a: Kingambit|62/100|[from] item: Leftovers
|upkeep
|
|t:|1776268732
|switch|p2a: Lokix|Lokix, M|74/100
|turn|23
|
|t:|1776268742
|move|p1a: Kingambit|Sucker Punch|p2a: Lokix
|-resisted|p2a: Lokix
|-damage|p2a: Lokix|32/100
|move|p2a: Lokix|Knock Off|p1a: Kingambit
|-supereffective|p1a: Kingambit
|-damage|p1a: Kingambit|0 fnt
|-enditem|p1a: Kingambit|Leftovers|[from] move: Knock Off|[of] p2a: Lokix
|faint|p1a: Kingambit
|-end|p1a: Kingambit|fallen3|[silent]
|-damage|p2a: Lokix|22/100|[from] item: Life Orb
|
|upkeep
|
|t:|1776268752
|switch|p1a: Great Tusk|Great Tusk|15/100
|turn|24
|
|t:|1776268755
|move|p2a: Lokix|Sucker Punch||[still]
|-fail|p2a: Lokix
|move|p1a: Great Tusk|Stealth Rock|p2a: Lokix
|-sidestart|p2: OUTB Sketch|move: Stealth Rock
|
|upkeep
|turn|25
|
|t:|1776268760
|move|p2a: Lokix|Sucker Punch||[still]
|-fail|p2a: Lokix
|move|p1a: Great Tusk|Stealth Rock||[still]
|-fail|p1a: Great Tusk
|
|upkeep
|turn|26
|
|t:|1776268764
|move|p2a: Lokix|Sucker Punch||[still]
|-fail|p2a: Lokix
|move|p1a: Great Tusk|Stealth Rock||[still]
|-fail|p1a: Great Tusk
|
|upkeep
|turn|27
|
|t:|1776268768
|move|p2a: Lokix|Sucker Punch||[still]
|-fail|p2a: Lokix
|move|p1a: Great Tusk|Stealth Rock||[still]
|-fail|p1a: Great Tusk
|
|upkeep
|turn|28
|
|t:|1776268770
|move|p2a: Lokix|Sucker Punch|p1a: Great Tusk
|-resisted|p1a: Great Tusk
|-damage|p1a: Great Tusk|0 fnt
|faint|p1a: Great Tusk
|-end|p1a: Great Tusk|Protosynthesis|[silent]
|-damage|p2a: Lokix|13/100|[from] item: Life Orb
|
|upkeep
|
|t:|1776268774
|switch|p1a: Slowking|Slowking-Galar, F|100/100 par
|turn|29
|
|t:|1776268778
|-terastallize|p2a: Lokix|Dark
|move|p2a: Lokix|Knock Off|p1a: Slowking
|-supereffective|p1a: Slowking
|-damage|p1a: Slowking|0 fnt
|-enditem|p1a: Slowking|Heavy-Duty Boots|[from] move: Knock Off|[of] p2a: Lokix
|faint|p1a: Slowking
|-damage|p2a: Lokix|3/100|[from] item: Life Orb
|
|win|OUTB Sketch
|raw|jujutush's rating: 1760 &rarr; <strong>1745</strong><br />(-15 for losing)
|raw|OUTB Sketch's rating: 1842 &rarr; <strong>1857</strong><br />(+15 for winning)
|l|☆jujutush
|player|p1|
|l| ShowMker
|l| DeckSSB
|l| sirnoobynoob
|j| PepBaldFraud
|l| PepBaldFraud
