|html|<div class="broadcast-blue"><strong>[Gen 9] OU is currently suspecting Tera Blast! For information on how to participate check out the <a href="https://www.smogon.com/tools/suspects/view/200">suspect thread</a>.</strong></div>
|j|☆brogre35
|j|☆kingteth
|t:|1776106478
|gametype|singles
|player|p1|brogre35|swimmer-gen4dp|1592
|player|p2|kingteth|1|1500
|gen|9
|tier|[Gen 9] OU
|rated|
|rule|HP Percentage Mod: HP is shown in percentages
|rule|Endless Battle Clause: Forcing endless battles is banned
|rule|Species Clause: Limit one of each Pokémon
|rule|OHKO Clause: OHKO moves are banned
|rule|Evasion Items Clause: Evasion items are banned
|rule|Evasion Moves Clause: Evasion moves are banned
|rule|Evasion Abilities Clause: Evasion abilities are banned
|rule|Sleep Moves Clause: Sleep-inducing moves are banned
|clearpoke
|poke|p1|Ninetales-Alola, M|
|poke|p1|Kyurem|
|poke|p1|Ursaluna, F|
|poke|p1|Farigiraf, F|
|poke|p1|Hatterene, F|
|poke|p1|Cresselia, F|
|poke|p2|Chansey, F|
|poke|p2|Pecharunt|
|poke|p2|Skeledirge, F|
|poke|p2|Weezing-Galar, F|
|poke|p2|Alomomola, F|
|poke|p2|Dondozo, M|
|teampreview
|inactive|Battle timer is ON: inactive players will automatically lose when time's up. (requested by brogre35)
|
|t:|1776106503
|teamsize|p1|6
|teamsize|p2|6
|start
|switch|p1a: The Good Life|Ninetales-Alola, M|100/100
|switch|p2a: Chansey|Chansey, F|100/100
|-weather|Snowscape|[from] ability: Snow Warning|[of] p1a: The Good Life
|turn|1
|
|t:|1776106509
|move|p1a: The Good Life|Aurora Veil|p1a: The Good Life
|-sidestart|p1: brogre35|move: Aurora Veil
|move|p2a: Chansey|Stealth Rock|p1a: The Good Life
|-sidestart|p1: brogre35|move: Stealth Rock
|
|-weather|Snowscape|[upkeep]
|upkeep
|turn|2
|
|t:|1776106514
|switch|p1a: El Scorcho|Ursaluna, F|100/100
|-damage|p1a: El Scorcho|94/100|[from] Stealth Rock
|move|p2a: Chansey|Seismic Toss|p1a: El Scorcho
|-damage|p1a: El Scorcho|73/100
|
|-weather|Snowscape|[upkeep]
|-status|p1a: El Scorcho|brn|[from] item: Flame Orb
|upkeep
|turn|3
|j| ixphoria
|
|t:|1776106527
|switch|p2a: Alomomola|Alomomola, F|100/100
|move|p1a: El Scorcho|Headlong Rush|p2a: Alomomola
|-damage|p2a: Alomomola|44/100
|-unboost|p1a: El Scorcho|def|1
|-unboost|p1a: El Scorcho|spd|1
|
|-weather|Snowscape|[upkeep]
|-damage|p1a: El Scorcho|67/100 brn|[from] brn
|upkeep
|turn|4
|
|t:|1776106535
|move|p2a: Alomomola|Protect|p2a: Alomomola
|-singleturn|p2a: Alomomola|Protect
|move|p1a: El Scorcho|Headlong Rush|p2a: Alomomola
|-activate|p2a: Alomomola|move: Protect
|
|-weather|Snowscape|[upkeep]
|-damage|p1a: El Scorcho|61/100 brn|[from] brn
|upkeep
|turn|5
|
|t:|1776106548
|switch|p2a: Dondozo|Dondozo, M|100/100
|move|p1a: El Scorcho|Facade|p2a: Dondozo
|-damage|p2a: Dondozo|48/100
|
|-weather|none
|-damage|p1a: El Scorcho|55/100 brn|[from] brn
|upkeep
|turn|6
|inactive|kingteth has 120 seconds left.
|
|t:|1776106583
|move|p1a: El Scorcho|Headlong Rush|p2a: Dondozo
|-damage|p2a: Dondozo|1/100
|-unboost|p1a: El Scorcho|def|1
|-unboost|p1a: El Scorcho|spd|1
|move|p2a: Dondozo|Body Press|p1a: El Scorcho
|-supereffective|p1a: El Scorcho
|-damage|p1a: El Scorcho|37/100 brn
|
|-damage|p1a: El Scorcho|31/100 brn|[from] brn
|upkeep
|turn|7
|inactive|kingteth has 120 seconds left.
|
|t:|1776106594
|move|p1a: El Scorcho|Headlong Rush|p2a: Dondozo
|-damage|p2a: Dondozo|0 fnt
|-unboost|p1a: El Scorcho|def|1
|-unboost|p1a: El Scorcho|spd|1
|faint|p2a: Dondozo
|
|-damage|p1a: El Scorcho|24/100 brn|[from] brn
|upkeep
|
|t:|1776106596
|switch|p2a: Pecharunt|Pecharunt|100/100
|turn|8
|
|t:|1776106604
|switch|p1a: Butterfly|Cresselia, F|100/100
|-damage|p1a: Butterfly|88/100|[from] Stealth Rock
|move|p2a: Pecharunt|Malignant Chain|p1a: Butterfly
|-damage|p1a: Butterfly|79/100
|-status|p1a: Butterfly|tox
|-start|p1a: Butterfly|confusion|[from] ability: Poison Puppeteer|[of] p2a: Pecharunt
|
|-damage|p1a: Butterfly|73/100 tox|[from] psn
|-sideend|p1: brogre35|move: Aurora Veil
|upkeep
|turn|9
|
|t:|1776106614
|move|p2a: Pecharunt|Shadow Ball|p1a: Butterfly
|-supereffective|p1a: Butterfly
|-damage|p1a: Butterfly|42/100 tox
|-activate|p1a: Butterfly|confusion
|move|p1a: Butterfly|Trick Room|p1a: Butterfly
|-fieldstart|move: Trick Room|[of] p1a: Butterfly
|
|-damage|p1a: Butterfly|30/100 tox|[from] psn
|upkeep
|turn|10
|
|t:|1776106621
|-end|p1a: Butterfly|confusion
|move|p1a: Butterfly|Lunar Dance|p1a: Butterfly
|faint|p1a: Butterfly
|move|p2a: Pecharunt|Shadow Ball|p1: Butterfly|[notarget]
|-fail|p2a: Pecharunt
|
|upkeep
|
|t:|1776106625
|switch|p1a: El Scorcho|Ursaluna, F|24/100 brn
|-heal|p1a: El Scorcho|100/100|[from] move: Lunar Dance
|-damage|p1a: El Scorcho|94/100|[from] Stealth Rock
|turn|11
|
|t:|1776106629
|move|p1a: El Scorcho|Protect|p1a: El Scorcho
|-singleturn|p1a: El Scorcho|Protect
|move|p2a: Pecharunt|Parting Shot|p1a: El Scorcho
|-activate|p1a: El Scorcho|move: Protect
|
|-status|p1a: El Scorcho|brn|[from] item: Flame Orb
|upkeep
|turn|12
|
|t:|1776106636
|move|p1a: El Scorcho|Headlong Rush|p2a: Pecharunt
|-supereffective|p2a: Pecharunt
|-damage|p2a: Pecharunt|8/100
|-unboost|p1a: El Scorcho|def|1
|-unboost|p1a: El Scorcho|spd|1
|move|p2a: Pecharunt|Parting Shot|p1a: El Scorcho
|-unboost|p1a: El Scorcho|atk|1
|-unboost|p1a: El Scorcho|spa|1
|
|t:|1776106641
|switch|p2a: Alomomola|Alomomola, F|78/100|[from] Parting Shot
|
|-damage|p1a: El Scorcho|88/100 brn|[from] brn
|upkeep
|turn|13
|
|t:|1776106644
|move|p1a: El Scorcho|Facade|p2a: Alomomola
|-damage|p2a: Alomomola|35/100
|move|p2a: Alomomola|Wish|p2a: Alomomola
|
|-damage|p1a: El Scorcho|82/100 brn|[from] brn
|-fieldend|move: Trick Room
|upkeep
|turn|14
|
|t:|1776106652
|switch|p1a: Across The Sea|Farigiraf, F|100/100
|-damage|p1a: Across The Sea|88/100|[from] Stealth Rock
|move|p2a: Alomomola|Protect||[still]
|-fail|p2a: Alomomola
|
|-heal|p2a: Alomomola|85/100|[from] move: Wish|[wisher] Alomomola
|-heal|p1a: Across The Sea|94/100|[from] item: Leftovers
|upkeep
|turn|15
|
|t:|1776106657
|move|p2a: Alomomola|Wish|p2a: Alomomola
|move|p1a: Across The Sea|Nasty Plot|p1a: Across The Sea
|-boost|p1a: Across The Sea|spa|2
|
|-heal|p1a: Across The Sea|100/100|[from] item: Leftovers
|upkeep
|turn|16
|
|t:|1776106665
|move|p2a: Alomomola|Flip Turn|p1a: Across The Sea
|-damage|p1a: Across The Sea|85/100
|
|t:|1776106669
|switch|p2a: Chansey|Chansey, F|100/100|[from] Flip Turn
|move|p1a: Across The Sea|Trick Room|p1a: Across The Sea
|-fieldstart|move: Trick Room|[of] p1a: Across The Sea
|
|-heal|p1a: Across The Sea|92/100|[from] item: Leftovers
|upkeep
|turn|17
|
|t:|1776106676
|move|p1a: Across The Sea|Nasty Plot|p1a: Across The Sea
|-boost|p1a: Across The Sea|spa|2
|move|p2a: Chansey|Seismic Toss|p1a: Across The Sea
|-damage|p1a: Across The Sea|67/100
|
|-heal|p1a: Across The Sea|73/100|[from] item: Leftovers
|upkeep
|turn|18
|
|t:|1776106680
|switch|p2a: Skeledirge|Skeledirge, F|100/100
|move|p1a: Across The Sea|Nasty Plot|p1a: Across The Sea
|-boost|p1a: Across The Sea|spa|2
|
|-heal|p1a: Across The Sea|79/100|[from] item: Leftovers
|upkeep
|turn|19
|
|t:|1776106685
|move|p1a: Across The Sea|Shadow Ball|p2a: Skeledirge
|-supereffective|p2a: Skeledirge
|-damage|p2a: Skeledirge|62/100
|move|p2a: Skeledirge|Will-O-Wisp|p1a: Across The Sea
|-status|p1a: Across The Sea|brn
|
|-heal|p1a: Across The Sea|85/100 brn|[from] item: Leftovers
|-damage|p1a: Across The Sea|79/100 brn|[from] brn
|upkeep
|turn|20
|
|t:|1776106690
|move|p1a: Across The Sea|Shadow Ball|p2a: Skeledirge
|-supereffective|p2a: Skeledirge
|-damage|p2a: Skeledirge|26/100
|move|p2a: Skeledirge|Slack Off|p2a: Skeledirge
|-heal|p2a: Skeledirge|76/100
|
|-heal|p1a: Across The Sea|85/100 brn|[from] item: Leftovers
|-damage|p1a: Across The Sea|79/100 brn|[from] brn
|-fieldend|move: Trick Room
|upkeep
|turn|21
|
|t:|1776106694
|-terastallize|p2a: Skeledirge|Fairy
|move|p2a: Skeledirge|Torch Song|p1a: Across The Sea
|-damage|p1a: Across The Sea|51/100 brn
|-boost|p2a: Skeledirge|spa|1
|move|p1a: Across The Sea|Shadow Ball|p2a: Skeledirge
|-damage|p2a: Skeledirge|57/100
|
|-heal|p1a: Across The Sea|57/100 brn|[from] item: Leftovers
|-damage|p1a: Across The Sea|51/100 brn|[from] brn
|upkeep
|turn|22
|
|t:|1776106697
|move|p2a: Skeledirge|Slack Off|p2a: Skeledirge
|-heal|p2a: Skeledirge|100/100
|move|p1a: Across The Sea|Tera Blast|p2a: Skeledirge
|-damage|p2a: Skeledirge|70/100
|
|-heal|p1a: Across The Sea|57/100 brn|[from] item: Leftovers
|-damage|p1a: Across The Sea|51/100 brn|[from] brn
|upkeep
|turn|23
|
|t:|1776106701
|switch|p1a: The Good Life|Ninetales-Alola, M|100/100
|-damage|p1a: The Good Life|76/100|[from] Stealth Rock
|-weather|Snowscape|[from] ability: Snow Warning|[of] p1a: The Good Life
|move|p2a: Skeledirge|Slack Off|p2a: Skeledirge
|-heal|p2a: Skeledirge|100/100
|
|-weather|Snowscape|[upkeep]
|upkeep
|turn|24
|
|t:|1776106704
|move|p1a: The Good Life|Aurora Veil|p1a: The Good Life
|-sidestart|p1: brogre35|move: Aurora Veil
|move|p2a: Skeledirge|Will-O-Wisp|p1a: The Good Life
|-status|p1a: The Good Life|brn
|
|-weather|Snowscape|[upkeep]
|-damage|p1a: The Good Life|70/100 brn|[from] brn
|upkeep
|turn|25
|
|t:|1776106708
|switch|p1a: Pink Triangle|Hatterene, F|100/100
|-damage|p1a: Pink Triangle|88/100|[from] Stealth Rock
|move|p2a: Skeledirge|Torch Song|p1a: Pink Triangle
|-damage|p1a: Pink Triangle|63/100
|-boost|p2a: Skeledirge|spa|1
|
|-weather|Snowscape|[upkeep]
|upkeep
|turn|26
|
|t:|1776106711
|move|p2a: Skeledirge|Shadow Ball|p1a: Pink Triangle
|-supereffective|p1a: Pink Triangle
|-damage|p1a: Pink Triangle|0 fnt
|faint|p1a: Pink Triangle
|
|-weather|Snowscape|[upkeep]
|upkeep
|
|t:|1776106717
|switch|p1a: El Scorcho|Ursaluna, F|82/100 brn
|-damage|p1a: El Scorcho|76/100 brn|[from] Stealth Rock
|turn|27
|
|t:|1776106725
|-terastallize|p1a: El Scorcho|Normal
|move|p2a: Skeledirge|Torch Song|p1a: El Scorcho
|-damage|p1a: El Scorcho|51/100 brn
|-boost|p2a: Skeledirge|spa|1
|move|p1a: El Scorcho|Facade|p2a: Skeledirge
|-damage|p2a: Skeledirge|0 fnt
|faint|p2a: Skeledirge
|
|-weather|none
|-damage|p1a: El Scorcho|45/100 brn|[from] brn
|upkeep
|
|t:|1776106736
|switch|p2a: Pecharunt|Pecharunt|8/100
|turn|28
|
|t:|1776106739
|move|p2a: Pecharunt|Parting Shot|p1a: El Scorcho
|-unboost|p1a: El Scorcho|atk|1
|-unboost|p1a: El Scorcho|spa|1
|
|t:|1776106748
|switch|p2a: Alomomola|Alomomola, F|100/100|[from] Parting Shot
|move|p1a: El Scorcho|Headlong Rush|p2a: Alomomola
|-damage|p2a: Alomomola|63/100
|-unboost|p1a: El Scorcho|def|1
|-unboost|p1a: El Scorcho|spd|1
|
|-damage|p1a: El Scorcho|39/100 brn|[from] brn
|upkeep
|turn|29
|
|t:|1776106752
|move|p2a: Alomomola|Wish|p2a: Alomomola
|move|p1a: El Scorcho|Facade|p2a: Alomomola
|-damage|p2a: Alomomola|0 fnt
|faint|p2a: Alomomola
|
|-damage|p1a: El Scorcho|33/100 brn|[from] brn
|upkeep
|
|t:|1776106763
|switch|p2a: Pecharunt|Pecharunt|8/100
|turn|30
|
|t:|1776106765
|move|p2a: Pecharunt|Parting Shot|p1a: El Scorcho
|-unboost|p1a: El Scorcho|atk|1
|-unboost|p1a: El Scorcho|spa|1
|
|t:|1776106771
|switch|p2a: Weezing|Weezing-Galar, F|100/100|[from] Parting Shot
|-ability|p2a: Weezing|Neutralizing Gas
|move|p1a: El Scorcho|Headlong Rush|p2a: Weezing
|-supereffective|p2a: Weezing
|-damage|p2a: Weezing|68/100
|-unboost|p1a: El Scorcho|def|1
|-unboost|p1a: El Scorcho|spd|1
|
|-heal|p2a: Weezing|100/100|[from] move: Wish|[wisher] Alomomola
|-damage|p1a: El Scorcho|27/100 brn|[from] brn
|upkeep
|turn|31
|
|t:|1776106779
|switch|p1a: Across The Sea|Farigiraf, F|51/100 brn
|-damage|p1a: Across The Sea|39/100 brn|[from] Stealth Rock
|move|p2a: Weezing|Strange Steam|p1a: Across The Sea
|-damage|p1a: Across The Sea|24/100 brn
|-start|p1a: Across The Sea|confusion
|
|-heal|p1a: Across The Sea|30/100 brn|[from] item: Leftovers
|-damage|p1a: Across The Sea|24/100 brn|[from] brn
|-sideend|p1: brogre35|move: Aurora Veil
|upkeep
|turn|32
|
|t:|1776106783
|move|p2a: Weezing|Strange Steam|p1a: Across The Sea
|-crit|p1a: Across The Sea
|-damage|p1a: Across The Sea|0 fnt
|faint|p1a: Across The Sea
|
|upkeep
|
|t:|1776106786
|switch|p1a: The Good Life|Ninetales-Alola, M|70/100 brn
|-damage|p1a: The Good Life|45/100 brn|[from] Stealth Rock
|turn|33
|
|t:|1776106791
|move|p1a: The Good Life|Freeze-Dry|p2a: Weezing
|-damage|p2a: Weezing|81/100
|move|p2a: Weezing|Strange Steam|p1a: The Good Life
|-damage|p1a: The Good Life|19/100 brn
|
|-heal|p2a: Weezing|87/100|[from] item: Leftovers
|-damage|p1a: The Good Life|13/100 brn|[from] brn
|upkeep
|turn|34
|
|t:|1776106796
|move|p1a: The Good Life|Freeze-Dry|p2a: Weezing
|-damage|p2a: Weezing|69/100
|move|p2a: Weezing|Strange Steam|p1a: The Good Life
|-damage|p1a: The Good Life|0 fnt
|faint|p1a: The Good Life
|
|-heal|p2a: Weezing|75/100|[from] item: Leftovers
|upkeep
|
|t:|1776106798
|switch|p1a: Getchoo|Kyurem|100/100
|-damage|p1a: Getchoo|76/100|[from] Stealth Rock
|turn|35
|
|t:|1776106802
|move|p1a: Getchoo|Dragon Dance|p1a: Getchoo
|-boost|p1a: Getchoo|atk|1
|-boost|p1a: Getchoo|spe|1
|move|p2a: Weezing|Strange Steam|p1a: Getchoo|[miss]
|-miss|p2a: Weezing|p1a: Getchoo
|
|-heal|p2a: Weezing|81/100|[from] item: Leftovers
|upkeep
|turn|36
|
|t:|1776106810
|move|p1a: Getchoo|Icicle Spear|p2a: Weezing
|-damage|p2a: Weezing|61/100
|-damage|p2a: Weezing|41/100
|-damage|p2a: Weezing|22/100
|-damage|p2a: Weezing|3/100
|-crit|p2a: Weezing
|-damage|p2a: Weezing|0 fnt
|faint|p2a: Weezing
|-end|p2a: Weezing|ability: Neutralizing Gas
|-ability|p1a: Getchoo|Pressure
|-hitcount|p2: Weezing|5
|
|upkeep
|
|t:|1776106814
|switch|p2a: Chansey|Chansey, F|100/100
|turn|37
|
|t:|1776106818
|move|p1a: Getchoo|Icicle Spear|p2a: Chansey
|-damage|p2a: Chansey|87/100
|-damage|p2a: Chansey|72/100
|-damage|p2a: Chansey|58/100
|-damage|p2a: Chansey|43/100
|-hitcount|p2a: Chansey|4
|move|p2a: Chansey|Seismic Toss|p1a: Getchoo
|-damage|p1a: Getchoo|51/100
|
|upkeep
|turn|38
|
|t:|1776106822
|move|p1a: Getchoo|Icicle Spear|p2a: Chansey
|-damage|p2a: Chansey|30/100
|-damage|p2a: Chansey|16/100
|-damage|p2a: Chansey|2/100
|-damage|p2a: Chansey|0 fnt
|faint|p2a: Chansey
|-hitcount|p2: Chansey|4
|
|upkeep
|-message|kingteth forfeited.
|
|win|brogre35
|raw|brogre35's rating: 1592 &rarr; <strong>1607</strong><br />(+15 for winning)
|raw|kingteth's rating: 1500 &rarr; <strong>1485</strong><br />(-15 for losing)
|l|☆kingteth
|player|p2|
|l|☆brogre35
|player|p1|
