|j|☆encore21768768
|j|☆Abyssal Bot
|t:|1776264319
|gametype|singles
|player|p1|encore21768768|265|
|player|p2|Abyssal Bot|supernerd|
|teamsize|p1|6
|teamsize|p2|6
|gen|9
|tier|[Gen 9] OU
|rule|Species Clause: Limit one of each Pokémon
|rule|OHKO Clause: OHKO moves are banned
|rule|Evasion Items Clause: Evasion items are banned
|rule|Evasion Moves Clause: Evasion moves are banned
|rule|Endless Battle Clause: Forcing endless battles is banned
|rule|HP Percentage Mod: HP is shown in percentages
|rule|Sleep Moves Clause: Sleep-inducing moves are banned
|clearpoke
|poke|p1|Weezing-Galar, M|
|poke|p1|Clawitzer, M|
|poke|p1|Iron Crown|
|poke|p1|Tatsugiri, F|
|poke|p1|Arcanine, M|
|poke|p1|Talonflame, M|
|poke|p2|Ting-Lu|
|poke|p2|Dragapult, F|
|poke|p2|Slowking-Galar, M|
|poke|p2|Kingambit, M|
|poke|p2|Gliscor, F|
|poke|p2|Zamazenta-*|
|teampreview
|c|☆Abyssal Bot|Good Luck and Have Fun my Friend!
|inactive|Battle timer is ON: inactive players will automatically lose when time's up. (requested by Abyssal Bot)
|j|*Turbo Bottttt
|
|t:|1776264322
|start
|switch|p1a: Arcanine|Arcanine, M|100/100
|switch|p2a: Gliscor|Gliscor, F|100/100
|-ability|p1a: Arcanine|Intimidate|boost
|-unboost|p2a: Gliscor|atk|1
|turn|1
|
|t:|1776264324
|switch|p2a: Dragapult|Dragapult, F|100/100
|move|p1a: Arcanine|Will-O-Wisp|p2a: Dragapult
|-status|p2a: Dragapult|brn
|
|-damage|p2a: Dragapult|95/100 brn|[from] brn|[of] p1a: Arcanine
|upkeep
|turn|2
|
|t:|1776264329
|switch|p1a: Weezing|Weezing-Galar, M|100/100
|move|p2a: Dragapult|Draco Meteor|p1a: Weezing
|-immune|p1a: Weezing
|
|-damage|p2a: Dragapult|89/100 brn|[from] brn|[of] p1: Arcanine
|upkeep
|turn|3
|
|t:|1776264334
|switch|p2a: Kingambit|Kingambit, M|100/100
|move|p1a: Weezing|Fire Blast|p2a: Kingambit
|-supereffective|p2a: Kingambit
|-damage|p2a: Kingambit|38/100
|
|-heal|p2a: Kingambit|44/100|[from] item: Leftovers
|upkeep
|turn|4
|
|t:|1776264336
|move|p1a: Weezing|Fire Blast|p2a: Kingambit
|-supereffective|p2a: Kingambit
|-damage|p2a: Kingambit|0
|faint|p2a: Kingambit
|-end|p2a: Kingambit|fallenundefined|[silent]
|
|upkeep
|
|t:|1776264336
|switch|p2a: Slowking|Slowking-Galar, M|100/100
|turn|5
|
|t:|1776264341
|switch|p1a: Arcanine|Arcanine, M|100/100
|-ability|p1a: Arcanine|Intimidate|boost
|-unboost|p2a: Slowking|atk|1
|move|p2a: Slowking|Chilly Reception|p2a: Slowking
|-weather|Snow
|
|t:|1776264341
|switch|p2a: Dragapult|Dragapult, F|89/100 brn|[from] Chilly Reception
|
|-weather|Snow|[upkeep]
|-damage|p2a: Dragapult|83/100 brn|[from] brn|[of] p1a: Arcanine
|upkeep
|turn|6
|
|t:|1776264345
|switch|p1a: Weezing|Weezing-Galar, M|100/100
|move|p2a: Dragapult|Draco Meteor|p1a: Weezing
|-immune|p1a: Weezing
|
|-weather|Snow|[upkeep]
|-damage|p2a: Dragapult|77/100 brn|[from] brn|[of] p1: Arcanine
|upkeep
|turn|7
|
|t:|1776264351
|switch|p2a: Slowking|Slowking-Galar, M|100/100
|move|p1a: Weezing|Fire Blast|p2a: Slowking
|-crit|p2a: Slowking
|-damage|p2a: Slowking|73/100
|
|-weather|Snow|[upkeep]
|upkeep
|turn|8
|c|☆Abyssal Bot|I should be the one who gets hax ;-;
|
|t:|1776264353
|move|p1a: Weezing|Fire Blast|p2a: Slowking
|-damage|p2a: Slowking|52/100
|move|p2a: Slowking|Future Sight|p1a: Weezing
|-start|p2a: Slowking|move: Future Sight
|
|-weather|Snow|[upkeep]
|upkeep
|turn|9
|
|t:|1776264357
|move|p1a: Weezing|Fire Blast|p2a: Slowking
|-crit|p2a: Slowking
|-damage|p2a: Slowking|22/100
|move|p2a: Slowking|Chilly Reception|p2a: Slowking
|c|☆Abyssal Bot|Oh crap, that crit...
|
|t:|1776264357
|switch|p2a: Gliscor|Gliscor, F|100/100|[from] Chilly Reception
|
|-weather|none
|-status|p2a: Gliscor|tox|[from] item: Toxic Orb
|upkeep
|turn|10
|
|t:|1776264361
|switch|p2a: Slowking|Slowking-Galar, M|56/100
|switch|p1a: Iron Crown|Iron Crown|100/100
|-enditem|p1a: Iron Crown|Booster Energy
|-activate|p1a: Iron Crown|ability: Quark Drive|[fromitem]
|-start|p1a: Iron Crown|quarkdrivespe
|
|-end|p1a: Iron Crown|move: Future Sight
|-resisted|p1a: Iron Crown
|-damage|p1a: Iron Crown|90/100
|upkeep
|turn|11
|
|t:|1776264363
|switch|p2a: Ting-Lu|Ting-Lu|100/100
|-ability|p2a: Ting-Lu|Vessel of Ruin
|move|p1a: Iron Crown|Substitute|p1a: Iron Crown
|-start|p1a: Iron Crown|Substitute
|-damage|p1a: Iron Crown|65/100
|
|upkeep
|turn|12
|
|t:|1776264365
|move|p1a: Iron Crown|Focus Blast|p2a: Ting-Lu|[miss]
|-miss|p1a: Iron Crown|p2a: Ting-Lu
|move|p2a: Ting-Lu|Stealth Rock|p1a: Iron Crown
|-sidestart|p1: encore21768768|move: Stealth Rock
|
|upkeep
|turn|13
|c|☆Abyssal Bot|I had warned you about hax!! HAHAHA
|
|t:|1776264368
|move|p1a: Iron Crown|Focus Blast|p2a: Ting-Lu
|-supereffective|p2a: Ting-Lu
|-damage|p2a: Ting-Lu|67/100
|move|p2a: Ting-Lu|Earthquake|p1a: Iron Crown
|-supereffective|p1a: Iron Crown
|-end|p1a: Iron Crown|Substitute
|
|-heal|p2a: Ting-Lu|74/100|[from] item: Leftovers
|upkeep
|turn|14
|
|t:|1776264375
|-end|p1a: Iron Crown|Quark Drive|[silent]
|switch|p1a: Talonflame|Talonflame, M|100/100
|move|p2a: Ting-Lu|Earthquake|p1a: Talonflame
|-immune|p1a: Talonflame
|
|-heal|p2a: Ting-Lu|80/100|[from] item: Leftovers
|upkeep
|turn|15
|
|t:|1776264376
|switch|p2a: Dragapult|Dragapult, F|77/100 brn
|move|p1a: Talonflame|Defog|p2a: Dragapult
|-unboost|p2a: Dragapult|evasion|1
|-sideend|p1: encore21768768|Stealth Rock|[from] move: Defog|[of] p1a: Talonflame
|
|-damage|p2a: Dragapult|71/100 brn|[from] brn|[of] p1: Arcanine
|upkeep
|turn|16
|
|t:|1776264379
|move|p2a: Dragapult|Draco Meteor|p1a: Talonflame
|-damage|p1a: Talonflame|28/100
|-unboost|p2a: Dragapult|spa|2
|move|p1a: Talonflame|Roost|p1a: Talonflame
|-heal|p1a: Talonflame|78/100
|-singleturn|p1a: Talonflame|move: Roost
|
|-damage|p2a: Dragapult|65/100 brn|[from] brn|[of] p1: Arcanine
|upkeep
|turn|17
|
|t:|1776264382
|move|p2a: Dragapult|Draco Meteor|p1a: Talonflame
|-damage|p1a: Talonflame|42/100
|-unboost|p2a: Dragapult|spa|2
|move|p1a: Talonflame|Hurricane|p2a: Dragapult
|-damage|p2a: Dragapult|24/100 brn
|
|-damage|p2a: Dragapult|18/100 brn|[from] brn|[of] p1: Arcanine
|upkeep
|turn|18
|
|t:|1776264385
|move|p2a: Dragapult|Draco Meteor|p1a: Talonflame
|-damage|p1a: Talonflame|19/100
|-unboost|p2a: Dragapult|spa|2
|move|p1a: Talonflame|Roost|p1a: Talonflame
|-heal|p1a: Talonflame|69/100
|-singleturn|p1a: Talonflame|move: Roost
|
|-damage|p2a: Dragapult|12/100 brn|[from] brn|[of] p1: Arcanine
|upkeep
|turn|19
|
|t:|1776264388
|move|p2a: Dragapult|Draco Meteor|p1a: Talonflame
|-damage|p1a: Talonflame|50/100
|move|p1a: Talonflame|Roost|p1a: Talonflame
|-heal|p1a: Talonflame|99/100
|-singleturn|p1a: Talonflame|move: Roost
|
|-damage|p2a: Dragapult|6/100 brn|[from] brn|[of] p1: Arcanine
|upkeep
|turn|20
|
|t:|1776264391
|switch|p2a: Slowking|Slowking-Galar, M|89/100
|move|p1a: Talonflame|Roost|p1a: Talonflame
|-heal|p1a: Talonflame|100/100
|-singleturn|p1a: Talonflame|move: Roost
|
|upkeep
|turn|21
|
|t:|1776264396
|switch|p1a: Arcanine|Arcanine, M|100/100
|-ability|p1a: Arcanine|Intimidate|boost
|-unboost|p2a: Slowking|atk|1
|move|p2a: Slowking|Future Sight|p1a: Arcanine
|-start|p2a: Slowking|move: Future Sight
|
|upkeep
|turn|22
|
|t:|1776264398
|switch|p2a: Dragapult|Dragapult, F|6/100 brn
|move|p1a: Arcanine|Flare Blitz|p2a: Dragapult
|-resisted|p2a: Dragapult
|-crit|p2a: Dragapult
|-damage|p2a: Dragapult|0 brn
|faint|p2a: Dragapult
|-damage|p1a: Arcanine|99/100|[from] Recoil
|-damage|p1a: Arcanine|89/100|[from] item: Life Orb
|
|upkeep
|c|☆Abyssal Bot|Oh crap, that crit...
|
|t:|1776264398
|switch|p2a: Zamazenta|Zamazenta|100/100
|-ability|p2a: Zamazenta|Dauntless Shield|boost
|-boost|p2a: Zamazenta|def|1
|turn|23
|
|t:|1776264400
|move|p2a: Zamazenta|Stone Edge|p1a: Arcanine
|-supereffective|p1a: Arcanine
|-damage|p1a: Arcanine|8/100
|move|p1a: Arcanine|Will-O-Wisp|p2a: Zamazenta
|-status|p2a: Zamazenta|brn
|
|-end|p1a: Arcanine|move: Future Sight
|-crit|p1a: Arcanine
|-damage|p1a: Arcanine|0
|faint|p1a: Arcanine
|-damage|p2a: Zamazenta|94/100 brn|[from] brn|[of] p1: Arcanine
|upkeep
|c|☆Abyssal Bot|I had warned you about hax!! HAHAHA
|
|t:|1776264414
|switch|p1a: Iron Crown|Iron Crown|65/100
|turn|24
|
|t:|1776264415
|switch|p2a: Ting-Lu|Ting-Lu|80/100
|-ability|p2a: Ting-Lu|Vessel of Ruin
|move|p1a: Iron Crown|Psychic|p2a: Ting-Lu
|-immune|p2a: Ting-Lu
|
|-heal|p2a: Ting-Lu|86/100|[from] item: Leftovers
|upkeep
|turn|25
|
|t:|1776264417
|move|p1a: Iron Crown|Calm Mind|p1a: Iron Crown
|-boost|p1a: Iron Crown|spa|1
|-boost|p1a: Iron Crown|spd|1
|move|p2a: Ting-Lu|Stealth Rock|p1a: Iron Crown
|-sidestart|p1: encore21768768|move: Stealth Rock
|
|-heal|p2a: Ting-Lu|92/100|[from] item: Leftovers
|upkeep
|turn|26
|
|t:|1776264419
|move|p1a: Iron Crown|Focus Blast|p2a: Ting-Lu|[miss]
|-miss|p1a: Iron Crown|p2a: Ting-Lu
|move|p2a: Ting-Lu|Whirlwind|p1a: Iron Crown
|-end|p1a: Iron Crown|Quark Drive|[silent]
|drag|p1a: Clawitzer|Clawitzer, M|100/100
|-damage|p1a: Clawitzer|88/100|[from] Stealth Rock|[of] p2a: Ting-Lu
|
|-heal|p2a: Ting-Lu|99/100|[from] item: Leftovers
|upkeep
|turn|27
|c|☆Abyssal Bot|I had warned you about hax!! HAHAHA
|
|t:|1776264423
|switch|p2a: Slowking|Slowking-Galar, M|100/100
|move|p1a: Clawitzer|Water Pulse|p2a: Slowking
|-damage|p2a: Slowking|70/100
|
|upkeep
|turn|28
|
|t:|1776264424
|move|p1a: Clawitzer|Water Pulse|p2a: Slowking
|-damage|p2a: Slowking|35/100
|move|p2a: Slowking|Sludge Bomb|p1a: Clawitzer
|-damage|p1a: Clawitzer|49/100
|-status|p1a: Clawitzer|psn
|
|-damage|p1a: Clawitzer|37/100 psn|[from] psn|[of] p2a: Slowking
|upkeep
|turn|29
|
|t:|1776264426
|move|p1a: Clawitzer|Water Pulse|p2a: Slowking
|-damage|p2a: Slowking|3/100
|-start|p2a: Slowking|confusion
|-activate|p2a: Slowking|confusion
|move|p2a: Slowking|Future Sight|p1a: Clawitzer
|-start|p2a: Slowking|move: Future Sight
|
|-damage|p1a: Clawitzer|24/100 psn|[from] psn|[of] p2a: Slowking
|upkeep
|turn|30
|
|t:|1776264428
|move|p1a: Clawitzer|Water Pulse|p2a: Slowking
|-damage|p2a: Slowking|0
|faint|p2a: Slowking
|
|-damage|p1a: Clawitzer|12/100 psn|[from] psn|[of] p2: Slowking
|upkeep
|
|t:|1776264428
|switch|p2a: Zamazenta|Zamazenta|94/100 brn
|turn|31
|
|t:|1776264430
|move|p2a: Zamazenta|Crunch|p1a: Clawitzer
|-damage|p1a: Clawitzer|1/100 psn
|move|p1a: Clawitzer|Water Pulse|p2a: Zamazenta
|-damage|p2a: Zamazenta|45/100 brn
|
|-end|p1a: Clawitzer|move: Future Sight
|-damage|p1a: Clawitzer|0 psn
|faint|p1a: Clawitzer
|-damage|p2a: Zamazenta|39/100 brn|[from] brn|[of] p1: Arcanine
|upkeep
|
|t:|1776264436
|switch|p1a: Talonflame|Talonflame, M|100/100
|turn|32
|
|t:|1776264448
|move|p2a: Zamazenta|Stone Edge|p1a: Talonflame
|-supereffective|p1a: Talonflame
|-damage|p1a: Talonflame|25/100
|move|p1a: Talonflame|Hurricane|p2a: Zamazenta
|-supereffective|p2a: Zamazenta
|-damage|p2a: Zamazenta|0 brn
|faint|p2a: Zamazenta
|
|upkeep
|
|t:|1776264448
|switch|p2a: Gliscor|Gliscor, F|100/100 tox
|turn|33
|
|t:|1776264451
|switch|p1a: Weezing|Weezing-Galar, M|100/100
|-damage|p1a: Weezing|88/100|[from] Stealth Rock|[of] p2: Ting-Lu
|move|p2a: Gliscor|Swords Dance|p2a: Gliscor
|-boost|p2a: Gliscor|atk|2
|
|upkeep
|turn|34
|
|t:|1776264453
|move|p2a: Gliscor|Swords Dance|p2a: Gliscor
|-boost|p2a: Gliscor|atk|2
|move|p1a: Weezing|Strange Steam|p2a: Gliscor
|-damage|p2a: Gliscor|64/100 tox
|-start|p2a: Gliscor|confusion
|
|-heal|p2a: Gliscor|77/100 tox|[from] ability: Poison Heal
|upkeep
|turn|35
|
|t:|1776264457
|-activate|p2a: Gliscor|confusion
|-damage|p2a: Gliscor|55/100 tox|[from] confusion
|move|p1a: Weezing|Strange Steam|p2a: Gliscor
|-damage|p2a: Gliscor|17/100 tox
|
|-heal|p2a: Gliscor|29/100 tox|[from] ability: Poison Heal
|upkeep
|turn|36
|
|t:|1776264460
|-activate|p2a: Gliscor|confusion
|move|p2a: Gliscor|Protect|p2a: Gliscor
|-singleturn|p2a: Gliscor|Protect
|move|p1a: Weezing|Strange Steam|p2a: Gliscor
|-activate|p2a: Gliscor|move: Protect
|
|-heal|p2a: Gliscor|42/100 tox|[from] ability: Poison Heal
|upkeep
|turn|37
|
|t:|1776264463
|-activate|p2a: Gliscor|confusion
|-damage|p2a: Gliscor|20/100 tox|[from] confusion
|move|p1a: Weezing|Strange Steam|p2a: Gliscor
|-damage|p2a: Gliscor|0 tox
|faint|p2a: Gliscor
|
|upkeep
|
|t:|1776264463
|switch|p2a: Ting-Lu|Ting-Lu|99/100
|-ability|p2a: Ting-Lu|Vessel of Ruin
|turn|38
|
|t:|1776264466
|move|p1a: Weezing|Strange Steam|p2a: Ting-Lu
|-supereffective|p2a: Ting-Lu
|-damage|p2a: Ting-Lu|60/100
|move|p2a: Ting-Lu|Ruination|p1a: Weezing
|-damage|p1a: Weezing|45/100
|
|-heal|p2a: Ting-Lu|66/100|[from] item: Leftovers
|upkeep
|turn|39
|
|t:|1776264469
|move|p1a: Weezing|Strange Steam|p2a: Ting-Lu
|-supereffective|p2a: Ting-Lu
|-damage|p2a: Ting-Lu|28/100
|move|p2a: Ting-Lu|Stealth Rock||[still]
|-fail|p2a: Ting-Lu
|
|-heal|p2a: Ting-Lu|34/100|[from] item: Leftovers
|upkeep
|turn|40
|
|t:|1776264471
|move|p1a: Weezing|Strange Steam|p2a: Ting-Lu
|-supereffective|p2a: Ting-Lu
|-damage|p2a: Ting-Lu|0
|faint|p2a: Ting-Lu
|
|win|encore21768768
|c|☆Abyssal Bot|This loss doesn't matter, because I'm just a bot.
|l|☆Abyssal Bot
|player|p2|
|l|*Turbo Bottttt
