|html|<div class="broadcast-blue"><strong>[Gen 9] OU is currently suspecting Tera Blast! For information on how to participate check out the <a href="https://www.smogon.com/tools/suspects/view/200">suspect thread</a>.</strong></div>
|j|☆AmygdalanResponse
|j|☆EloPushing
|t:|1776224630
|gametype|singles
|player|p1|AmygdalanResponse|marshal|1429
|player|p2|EloPushing|lady|1495
|gen|9
|tier|[Gen 9] OU
|rated|
|rule|HP Percentage Mod: HP is shown in percentages
|rule|Endless Battle Clause: Forcing endless battles is banned
|rule|Species Clause: Limit one of each Pokémon
|rule|OHKO Clause: OHKO moves are banned
|rule|Evasion Items Clause: Evasion items are banned
|rule|Evasion Moves Clause: Evasion moves are banned
|rule|Evasion Abilities Clause: Evasion abilities are banned
|rule|Sleep Moves Clause: Sleep-inducing moves are banned
|clearpoke
|poke|p1|Indeedee, M|
|poke|p1|Iron Boulder|
|poke|p1|Deoxys-Speed|
|poke|p1|Iron Valiant|
|poke|p1|Glimmora, F|
|poke|p1|Dragapult, F|
|poke|p2|Iron Valiant|
|poke|p2|Great Tusk|
|poke|p2|Dragonite, F|
|poke|p2|Deoxys-Speed|
|poke|p2|Glimmora, F|
|poke|p2|Kingambit, F|
|teampreview
|inactive|Battle timer is ON: inactive players will automatically lose when time's up. (requested by EloPushing)
|j| ohko_smeargle
|c|☆AmygdalanResponse|gl hf
|
|t:|1776224642
|teamsize|p1|6
|teamsize|p2|6
|start
|switch|p1a: Glimmora|Glimmora, F|100/100
|switch|p2a: Limitless|Deoxys-Speed|100/100
|-ability|p2a: Limitless|Pressure
|turn|1
|c|☆EloPushing|Glhf
|
|t:|1776224652
|move|p2a: Limitless|Taunt|p1a: Glimmora
|-start|p1a: Glimmora|move: Taunt
|move|p1a: Glimmora|Power Gem|p2a: Limitless
|-damage|p2a: Limitless|49/100
|
|upkeep
|turn|2
|
|t:|1776224658
|move|p2a: Limitless|Light Screen|p2a: Limitless
|-sidestart|p2: EloPushing|move: Light Screen
|move|p1a: Glimmora|Sludge Wave|p2a: Limitless
|-damage|p2a: Limitless|19/100
|
|upkeep
|turn|3
|
|t:|1776224665
|move|p2a: Limitless|Psycho Boost|p1a: Glimmora
|-supereffective|p1a: Glimmora
|-enditem|p1a: Glimmora|Focus Sash
|-damage|p1a: Glimmora|1/100
|-unboost|p2a: Limitless|spa|2
|move|p1a: Glimmora|Power Gem|p2a: Limitless
|-damage|p2a: Limitless|0 fnt
|faint|p2a: Limitless
|
|-end|p1a: Glimmora|move: Taunt
|upkeep
|
|t:|1776224675
|switch|p2a: Terminator|Iron Valiant, shiny|100/100
|-enditem|p2a: Terminator|Booster Energy
|-activate|p2a: Terminator|ability: Quark Drive|[fromitem]
|-start|p2a: Terminator|quarkdrivespe
|turn|4
|
|t:|1776224680
|move|p2a: Terminator|Moonblast|p1a: Glimmora
|-resisted|p1a: Glimmora
|-damage|p1a: Glimmora|0 fnt
|faint|p1a: Glimmora
|
|upkeep
|
|t:|1776224685
|switch|p1a: Indeedee|Indeedee, M|100/100
|-fieldstart|move: Psychic Terrain|[from] ability: Psychic Surge|[of] p1a: Indeedee
|turn|5
|
|t:|1776224689
|move|p2a: Terminator|Knock Off|p1a: Indeedee
|-supereffective|p1a: Indeedee
|-damage|p1a: Indeedee|0 fnt
|-enditem|p1a: Indeedee|Terrain Extender|[from] move: Knock Off|[of] p2a: Terminator
|faint|p1a: Indeedee
|
|upkeep
|
|t:|1776224706
|switch|p1a: Iron Valiant|Iron Valiant|100/100
|-enditem|p1a: Iron Valiant|Booster Energy
|-activate|p1a: Iron Valiant|ability: Quark Drive|[fromitem]
|-start|p1a: Iron Valiant|quarkdrivespe
|turn|6
|
|t:|1776224710
|move|p1a: Iron Valiant|Encore|p2a: Terminator
|-start|p2a: Terminator|Encore
|move|p2a: Terminator|Knock Off|p1a: Iron Valiant
|-resisted|p1a: Iron Valiant
|-damage|p1a: Iron Valiant|94/100
|
|upkeep
|turn|7
|
|t:|1776224716
|-end|p2a: Terminator|Quark Drive|[silent]
|switch|p2a: Granite|Glimmora, F, shiny|100/100
|move|p1a: Iron Valiant|Calm Mind|p1a: Iron Valiant
|-boost|p1a: Iron Valiant|spa|1
|-boost|p1a: Iron Valiant|spd|1
|
|upkeep
|turn|8
|
|t:|1776224722
|move|p1a: Iron Valiant|Psyshock|p2a: Granite
|-supereffective|p2a: Granite
|-damage|p2a: Granite|38/100
|move|p2a: Granite|Mortal Spin|p1a: Iron Valiant
|-supereffective|p1a: Iron Valiant
|-damage|p1a: Iron Valiant|77/100
|-status|p1a: Iron Valiant|psn
|
|-damage|p1a: Iron Valiant|65/100 psn|[from] psn
|upkeep
|turn|9
|
|t:|1776224730
|move|p1a: Iron Valiant|Psyshock|p2a: Granite
|-supereffective|p2a: Granite
|-damage|p2a: Granite|0 fnt
|faint|p2a: Granite
|
|-damage|p1a: Iron Valiant|52/100 psn|[from] psn
|-sideend|p2: EloPushing|move: Light Screen
|upkeep
|
|t:|1776224736
|switch|p2a: Dismantle|Kingambit, F, shiny|100/100
|-activate|p2a: Dismantle|ability: Supreme Overlord
|-start|p2a: Dismantle|fallen2|[silent]
|turn|10
|
|t:|1776224742
|move|p1a: Iron Valiant|Moonblast|p2a: Dismantle
|-damage|p2a: Dismantle|15/100
|move|p2a: Dismantle|Iron Head|p1a: Iron Valiant
|-supereffective|p1a: Iron Valiant
|-damage|p1a: Iron Valiant|0 fnt
|faint|p1a: Iron Valiant
|-end|p1a: Iron Valiant|Quark Drive|[silent]
|
|upkeep
|
|t:|1776224758
|switch|p1a: Iron Boulder|Iron Boulder|100/100
|-enditem|p1a: Iron Boulder|Booster Energy
|-activate|p1a: Iron Boulder|ability: Quark Drive|[fromitem]
|-start|p1a: Iron Boulder|quarkdrivespe
|turn|11
|
|t:|1776224767
|move|p1a: Iron Boulder|Earthquake|p2a: Dismantle
|-supereffective|p2a: Dismantle
|-damage|p2a: Dismantle|0 fnt
|faint|p2a: Dismantle
|-end|p2a: Dismantle|fallen2|[silent]
|
|upkeep
|
|t:|1776224772
|switch|p2a: Behemoth|Great Tusk, shiny|100/100
|-enditem|p2a: Behemoth|Booster Energy
|-activate|p2a: Behemoth|ability: Protosynthesis|[fromitem]
|-start|p2a: Behemoth|protosynthesisspe
|turn|12
|
|t:|1776224781
|-terastallize|p1a: Iron Boulder|Ground
|move|p1a: Iron Boulder|Swords Dance|p1a: Iron Boulder
|-boost|p1a: Iron Boulder|atk|2
|move|p2a: Behemoth|Headlong Rush|p1a: Iron Boulder
|-damage|p1a: Iron Boulder|31/100
|-unboost|p2a: Behemoth|def|1
|-unboost|p2a: Behemoth|spd|1
|
|-fieldend|move: Psychic Terrain
|upkeep
|turn|13
|
|t:|1776224796
|-end|p2a: Behemoth|Protosynthesis|[silent]
|switch|p2a: Terminator|Iron Valiant, shiny|100/100
|move|p1a: Iron Boulder|Zen Headbutt|p2a: Terminator
|-supereffective|p2a: Terminator
|-damage|p2a: Terminator|0 fnt
|faint|p2a: Terminator
|-end|p2a: Terminator|Quark Drive|[silent]
|
|upkeep
|
|t:|1776224802
|switch|p2a: Behemoth|Great Tusk, shiny|100/100
|turn|14
|
|t:|1776224810
|move|p1a: Iron Boulder|Zen Headbutt|p2a: Behemoth
|-supereffective|p2a: Behemoth
|-damage|p2a: Behemoth|0 fnt
|faint|p2a: Behemoth
|-end|p2a: Behemoth|Protosynthesis|[silent]
|
|upkeep
|
|t:|1776224815
|switch|p2a: Ascended|Dragonite, F|100/100
|turn|15
|
|t:|1776224817
|-terastallize|p2a: Ascended|Flying
|move|p1a: Iron Boulder|Mighty Cleave|p2a: Ascended
|-supereffective|p2a: Ascended
|-damage|p2a: Ascended|0 fnt
|faint|p2a: Ascended
|
|win|AmygdalanResponse
|raw|AmygdalanResponse's rating: 1429 &rarr; <strong>1453</strong><br />(+24 for winning)
|raw|EloPushing's rating: 1495 &rarr; <strong>1471</strong><br />(-24 for losing)
|l| ohko_smeargle
|l|☆EloPushing
|player|p2|
