|html|<div class="broadcast-blue"><strong>[Gen 9] OU is currently suspecting Tera Blast! For information on how to participate check out the <a href="https://www.smogon.com/tools/suspects/view/200">suspect thread</a>.</strong></div>
|j|☆Kalaphant
|j|☆xtreetopzx
|t:|1776037454
|gametype|singles
|player|p1|Kalaphant|1|1252
|player|p2|xtreetopzx|hilbert-wonderlauncher|1314
|gen|9
|tier|[Gen 9] OU
|rated|
|rule|HP Percentage Mod: HP is shown in percentages
|rule|Endless Battle Clause: Forcing endless battles is banned
|rule|Species Clause: Limit one of each Pokémon
|rule|OHKO Clause: OHKO moves are banned
|rule|Evasion Items Clause: Evasion items are banned
|rule|Evasion Moves Clause: Evasion moves are banned
|rule|Evasion Abilities Clause: Evasion abilities are banned
|rule|Sleep Moves Clause: Sleep-inducing moves are banned
|clearpoke
|poke|p1|Great Tusk|
|poke|p1|Iron Moth|
|poke|p1|Gliscor, F|
|poke|p1|Kyurem|
|poke|p1|Kingambit, M|
|poke|p1|Moltres|
|poke|p2|Gholdengo|
|poke|p2|Ogerpon, F|
|poke|p2|Rillaboom, F|
|poke|p2|Samurott-Hisui, M|
|poke|p2|Glimmora, M|
|poke|p2|Raging Bolt|
|teampreview
|inactive|Battle timer is ON: inactive players will automatically lose when time's up. (requested by Kalaphant)
|c|☆Kalaphant|glhf
|
|t:|1776037468
|teamsize|p1|6
|teamsize|p2|6
|start
|switch|p1a: Moltres|Moltres|100/100
|switch|p2a: Rillaboom|Rillaboom, F|100/100
|-fieldstart|move: Grassy Terrain|[from] ability: Grassy Surge|[of] p2a: Rillaboom
|turn|1
|inactive|Kalaphant has 120 seconds left.
|
|t:|1776037508
|switch|p2a: Glimmora|Glimmora, M|100/100
|move|p1a: Moltres|Flamethrower|p2a: Glimmora
|-resisted|p2a: Glimmora
|-damage|p2a: Glimmora|84/100
|-enditem|p2a: Glimmora|Red Card|[of] p1a: Moltres
|drag|p1a: Gliscor|Gliscor, F|100/100
|
|-heal|p2a: Glimmora|90/100|[from] Grassy Terrain
|-status|p1a: Gliscor|tox|[from] item: Toxic Orb
|upkeep
|turn|2
|inactive|Kalaphant has 120 seconds left.
|
|t:|1776037524
|move|p1a: Gliscor|Earthquake|p2a: Glimmora
|-supereffective|p2a: Glimmora
|-crit|p2a: Glimmora
|-damage|p2a: Glimmora|0 fnt
|-activate|p2a: Glimmora|ability: Toxic Debris
|-sidestart|p1: Kalaphant|move: Toxic Spikes
|faint|p2a: Glimmora
|
|upkeep
|
|t:|1776037530
|switch|p2a: Samurott|Samurott-Hisui, M|100/100
|turn|3
|inactive|Kalaphant has 120 seconds left.
|
|t:|1776037552
|move|p1a: Gliscor|Protect|p1a: Gliscor
|-singleturn|p1a: Gliscor|Protect
|move|p2a: Samurott|Ceaseless Edge|p1a: Gliscor
|-activate|p1a: Gliscor|move: Protect
|
|upkeep
|turn|4
|inactive|Kalaphant has 90 seconds left.
|inactive|xtreetopzx has 120 seconds left.
|
|t:|1776037600
|switch|p1a: Kyurem|Kyurem|100/100
|-status|p1a: Kyurem|psn
|-ability|p1a: Kyurem|Pressure
|move|p2a: Samurott|Ceaseless Edge|p1a: Kyurem
|-damage|p1a: Kyurem|41/100 psn
|-sidestart|p1: Kalaphant|Spikes
|
|-heal|p1a: Kyurem|48/100 psn|[from] Grassy Terrain
|-heal|p1a: Kyurem|54/100 psn|[from] item: Leftovers
|-damage|p1a: Kyurem|41/100 psn|[from] psn
|upkeep
|turn|5
|
|t:|1776037619
|move|p2a: Samurott|Sucker Punch|p1a: Kyurem
|-damage|p1a: Kyurem|2/100 psn
|move|p1a: Kyurem|Freeze-Dry|p2a: Samurott
|-supereffective|p2a: Samurott
|-damage|p2a: Samurott|0 fnt
|faint|p2a: Samurott
|
|-heal|p1a: Kyurem|8/100 psn|[from] Grassy Terrain
|-heal|p1a: Kyurem|14/100 psn|[from] item: Leftovers
|-damage|p1a: Kyurem|2/100 psn|[from] psn
|-fieldend|move: Grassy Terrain
|upkeep
|
|t:|1776037629
|switch|p2a: Rillaboom|Rillaboom, F|100/100
|-fieldstart|move: Grassy Terrain|[from] ability: Grassy Surge|[of] p2a: Rillaboom
|turn|6
|
|t:|1776037635
|move|p2a: Rillaboom|Grassy Glide|p1a: Kyurem
|-resisted|p1a: Kyurem
|-crit|p1a: Kyurem
|-damage|p1a: Kyurem|0 fnt
|faint|p1a: Kyurem
|-damage|p2a: Rillaboom|91/100|[from] item: Life Orb
|
|-heal|p2a: Rillaboom|97/100|[from] Grassy Terrain
|upkeep
|
|t:|1776037648
|switch|p1a: Great Tusk|Great Tusk|100/100
|-status|p1a: Great Tusk|psn
|-damage|p1a: Great Tusk|88/100 psn|[from] Spikes
|-enditem|p1a: Great Tusk|Booster Energy
|-activate|p1a: Great Tusk|ability: Protosynthesis|[fromitem]
|-start|p1a: Great Tusk|protosynthesisatk
|turn|7
|
|t:|1776037657
|move|p2a: Rillaboom|Grassy Glide|p1a: Great Tusk
|-supereffective|p1a: Great Tusk
|-damage|p1a: Great Tusk|16/100 psn
|-damage|p2a: Rillaboom|87/100|[from] item: Life Orb
|move|p1a: Great Tusk|Rapid Spin|p2a: Rillaboom
|-damage|p2a: Rillaboom|62/100
|-boost|p1a: Great Tusk|spe|1
|-sideend|p1: Kalaphant|Spikes|[from] move: Rapid Spin|[of] p1a: Great Tusk
|-sideend|p1: Kalaphant|Toxic Spikes|[from] move: Rapid Spin|[of] p1a: Great Tusk
|
|-heal|p1a: Great Tusk|22/100 psn|[from] Grassy Terrain
|-heal|p2a: Rillaboom|68/100|[from] Grassy Terrain
|-damage|p1a: Great Tusk|10/100 psn|[from] psn
|upkeep
|turn|8
|inactive|xtreetopzx has 120 seconds left.
|inactive|Kalaphant has 90 seconds left.
|
|t:|1776037679
|-end|p1a: Great Tusk|Protosynthesis|[silent]
|switch|p1a: Moltres|Moltres|100/100
|move|p2a: Rillaboom|Grassy Glide|p1a: Moltres
|-resisted|p1a: Moltres
|-damage|p1a: Moltres|91/100
|-status|p2a: Rillaboom|brn|[from] ability: Flame Body|[of] p1a: Moltres
|-damage|p2a: Rillaboom|58/100 brn|[from] item: Life Orb
|
|-heal|p2a: Rillaboom|64/100 brn|[from] Grassy Terrain
|-damage|p2a: Rillaboom|58/100 brn|[from] brn
|upkeep
|turn|9
|inactive|xtreetopzx has 120 seconds left.
|
|t:|1776037694
|switch|p2a: Raging Bolt|Raging Bolt|100/100
|-enditem|p2a: Raging Bolt|Booster Energy
|-activate|p2a: Raging Bolt|ability: Protosynthesis|[fromitem]
|-start|p2a: Raging Bolt|protosynthesisspa
|move|p1a: Moltres|U-turn|p2a: Raging Bolt
|-damage|p2a: Raging Bolt|87/100
|inactive|Kalaphant has 60 seconds left.
|
|t:|1776037732
|switch|p1a: Great Tusk|Great Tusk|10/100 psn|[from] U-turn
|
|-heal|p1a: Great Tusk|16/100 psn|[from] Grassy Terrain
|-heal|p2a: Raging Bolt|93/100|[from] Grassy Terrain
|-damage|p1a: Great Tusk|3/100 psn|[from] psn
|upkeep
|turn|10
|inactive|xtreetopzx has 120 seconds left.
|
|t:|1776037747
|-end|p2a: Raging Bolt|Protosynthesis|[silent]
|switch|p2a: Rillaboom|Rillaboom, F|58/100 brn
|move|p1a: Great Tusk|Headlong Rush|p2a: Rillaboom
|-resisted|p2a: Rillaboom
|-damage|p2a: Rillaboom|25/100 brn
|-unboost|p1a: Great Tusk|def|1
|-unboost|p1a: Great Tusk|spd|1
|
|-heal|p1a: Great Tusk|10/100 psn|[from] Grassy Terrain
|-heal|p2a: Rillaboom|32/100 brn|[from] Grassy Terrain
|-damage|p1a: Great Tusk|0 fnt|[from] psn
|faint|p1a: Great Tusk
|-end|p1a: Great Tusk|Protosynthesis|[silent]
|-damage|p2a: Rillaboom|25/100 brn|[from] brn
|-fieldend|move: Grassy Terrain
|upkeep
|
|t:|1776037761
|switch|p1a: Iron Moth|Iron Moth|100/100
|-enditem|p1a: Iron Moth|Booster Energy
|-activate|p1a: Iron Moth|ability: Quark Drive|[fromitem]
|-start|p1a: Iron Moth|quarkdrivespe
|turn|11
|inactive|xtreetopzx has 120 seconds left.
|
|t:|1776037768
|move|p1a: Iron Moth|Fiery Dance|p2a: Rillaboom
|-supereffective|p2a: Rillaboom
|-damage|p2a: Rillaboom|0 fnt
|-boost|p1a: Iron Moth|spa|1
|faint|p2a: Rillaboom
|
|upkeep
|inactive|xtreetopzx has 120 seconds left.
|
|t:|1776037779
|switch|p2a: Raging Bolt|Raging Bolt|93/100
|turn|12
|inactive|Kalaphant has 60 seconds left.
|
|t:|1776037812
|move|p2a: Raging Bolt|Thunderclap|p1a: Iron Moth
|-damage|p1a: Iron Moth|54/100
|move|p1a: Iron Moth|Sludge Wave|p2a: Raging Bolt
|-damage|p2a: Raging Bolt|25/100
|
|upkeep
|turn|13
|
|t:|1776037820
|move|p1a: Iron Moth|Sludge Wave|p2a: Raging Bolt
|-damage|p2a: Raging Bolt|0 fnt
|faint|p2a: Raging Bolt
|-end|p2a: Raging Bolt|Protosynthesis|[silent]
|
|upkeep
|
|t:|1776037827
|switch|p2a: Gholdengo|Gholdengo|100/100
|turn|14
|
|t:|1776037834
|move|p1a: Iron Moth|Fiery Dance|p2a: Gholdengo
|-supereffective|p2a: Gholdengo
|-damage|p2a: Gholdengo|0 fnt
|faint|p2a: Gholdengo
|
|upkeep
|
|t:|1776037839
|switch|p2a: Ogerpon|Ogerpon, F|100/100
|turn|15
|
|t:|1776037845
|move|p1a: Iron Moth|Fiery Dance|p2a: Ogerpon
|-supereffective|p2a: Ogerpon
|-damage|p2a: Ogerpon|0 fnt
|faint|p2a: Ogerpon
|
|win|Kalaphant
|raw|Kalaphant's rating: 1252 &rarr; <strong>1281</strong><br />(+29 for winning)
|raw|xtreetopzx's rating: 1314 &rarr; <strong>1290</strong><br />(-24 for losing)
