|html|<div class="broadcast-blue"><strong>[Gen 9] OU is currently suspecting Tera Blast! For information on how to participate check out the <a href="https://www.smogon.com/tools/suspects/view/200">suspect thread</a>.</strong></div>
|j|☆SquilliamTG
|j|☆TroubleFindsMe
|t:|1776049809
|gametype|singles
|player|p1|SquilliamTG|266|1630
|player|p2|TroubleFindsMe|rika|1725
|gen|9
|tier|[Gen 9] OU
|rated|
|rule|HP Percentage Mod: HP is shown in percentages
|rule|Endless Battle Clause: Forcing endless battles is banned
|rule|Species Clause: Limit one of each Pokémon
|rule|OHKO Clause: OHKO moves are banned
|rule|Evasion Items Clause: Evasion items are banned
|rule|Evasion Moves Clause: Evasion moves are banned
|rule|Evasion Abilities Clause: Evasion abilities are banned
|rule|Sleep Moves Clause: Sleep-inducing moves are banned
|clearpoke
|poke|p1|Excadrill, F|
|poke|p1|Tyranitar, F|
|poke|p1|Hydrapple, F|
|poke|p1|Alomomola, F|
|poke|p1|Hatterene, F|
|poke|p1|Zapdos|
|poke|p2|Cloyster, M|
|poke|p2|Iron Valiant|
|poke|p2|Moltres|
|poke|p2|Dragonite, F|
|poke|p2|Zamazenta-*|
|poke|p2|Ogerpon-Cornerstone, F|
|teampreview
|inactive|Battle timer is ON: inactive players will automatically lose when time's up. (requested by SquilliamTG)
|
|t:|1776049818
|teamsize|p1|6
|teamsize|p2|6
|start
|switch|p1a: Tyranitar|Tyranitar, F|100/100
|switch|p2a: o_o|Cloyster, M|100/100
|-weather|Sandstorm|[from] ability: Sand Stream|[of] p1a: Tyranitar
|turn|1
|
|t:|1776049827
|switch|p2a: #Girl|Ogerpon-Cornerstone, F|100/100
|move|p1a: Tyranitar|Stone Edge|p2a: #Girl
|-ability|p2a: #Girl|Sturdy
|-damage|p2a: #Girl|1/100
|
|-weather|Sandstorm|[upkeep]
|upkeep
|turn|2
|
|t:|1776049835
|switch|p1a: Hydrapple|Hydrapple, F|100/100
|move|p2a: #Girl|Horn Leech|p1a: Hydrapple
|-resisted|p1a: Hydrapple
|-damage|p1a: Hydrapple|95/100
|-heal|p2a: #Girl|5/100|[from] drain|[of] p1a: Hydrapple
|
|-weather|Sandstorm|[upkeep]
|-damage|p1a: Hydrapple|89/100|[from] Sandstorm
|upkeep
|turn|3
|
|t:|1776049845
|move|p2a: #Girl|Swords Dance|p2a: #Girl
|-boost|p2a: #Girl|atk|2
|move|p1a: Hydrapple|Fickle Beam|p2a: #Girl
|-damage|p2a: #Girl|0 fnt
|faint|p2a: #Girl
|
|-weather|Sandstorm|[upkeep]
|-damage|p1a: Hydrapple|82/100|[from] Sandstorm
|upkeep
|
|t:|1776049848
|switch|p2a: o_o|Cloyster, M|100/100
|turn|4
|
|t:|1776049857
|-terastallize|p2a: o_o|Ground
|move|p2a: o_o|Shell Smash|p2a: o_o
|-unboost|p2a: o_o|def|1
|-unboost|p2a: o_o|spd|1
|-boost|p2a: o_o|atk|2
|-boost|p2a: o_o|spa|2
|-boost|p2a: o_o|spe|2
|move|p1a: Hydrapple|Giga Drain|p2a: o_o
|-supereffective|p2a: o_o
|-enditem|p2a: o_o|Focus Sash
|-damage|p2a: o_o|1/100
|-heal|p1a: Hydrapple|100/100|[from] drain|[of] p2a: o_o
|
|-weather|Sandstorm|[upkeep]
|-damage|p1a: Hydrapple|94/100|[from] Sandstorm
|upkeep
|turn|5
|
|t:|1776049871
|switch|p1a: Alomomola|Alomomola, F|100/100
|move|p2a: o_o|Icicle Spear|p1a: Alomomola
|-resisted|p1a: Alomomola
|-damage|p1a: Alomomola|94/100
|-resisted|p1a: Alomomola
|-damage|p1a: Alomomola|87/100
|-resisted|p1a: Alomomola
|-damage|p1a: Alomomola|81/100
|-resisted|p1a: Alomomola
|-damage|p1a: Alomomola|75/100
|-resisted|p1a: Alomomola
|-damage|p1a: Alomomola|69/100
|-hitcount|p1a: Alomomola|5
|
|-weather|none
|upkeep
|turn|6
|
|t:|1776049885
|move|p2a: o_o|Rock Blast|p1a: Alomomola
|-damage|p1a: Alomomola|60/100
|-damage|p1a: Alomomola|51/100
|-damage|p1a: Alomomola|43/100
|-damage|p1a: Alomomola|35/100
|-damage|p1a: Alomomola|27/100
|-hitcount|p1a: Alomomola|5
|move|p1a: Alomomola|Flip Turn|p2a: o_o
|-supereffective|p2a: o_o
|-damage|p2a: o_o|0 fnt
|faint|p2a: o_o
|
|t:|1776049896
|switch|p1a: Tyranitar|Tyranitar, F|100/100|[from] Flip Turn
|-weather|Sandstorm|[from] ability: Sand Stream|[of] p1a: Tyranitar
|
|-weather|Sandstorm|[upkeep]
|upkeep
|
|t:|1776049899
|switch|p2a: BarneyFromDinosaur|Dragonite, F|100/100
|turn|7
|
|t:|1776049905
|move|p2a: BarneyFromDinosaur|Dragon Dance|p2a: BarneyFromDinosaur
|-boost|p2a: BarneyFromDinosaur|atk|1
|-boost|p2a: BarneyFromDinosaur|spe|1
|move|p1a: Tyranitar|Ice Punch|p2a: BarneyFromDinosaur
|-supereffective|p2a: BarneyFromDinosaur
|-damage|p2a: BarneyFromDinosaur|1/100
|
|-weather|Sandstorm|[upkeep]
|-damage|p2a: BarneyFromDinosaur|0 fnt|[from] Sandstorm
|faint|p2a: BarneyFromDinosaur
|upkeep
|
|t:|1776049910
|switch|p2a: dogecoin !|Zamazenta|100/100
|-ability|p2a: dogecoin !|Dauntless Shield|boost
|-boost|p2a: dogecoin !|def|1
|turn|8
|
|t:|1776049918
|switch|p1a: Zapdos|Zapdos|100/100
|-ability|p1a: Zapdos|Pressure
|move|p2a: dogecoin !|Close Combat|p1a: Zapdos
|-resisted|p1a: Zapdos
|-damage|p1a: Zapdos|42/100
|-unboost|p2a: dogecoin !|def|1
|-unboost|p2a: dogecoin !|spd|1
|
|-weather|Sandstorm|[upkeep]
|-damage|p2a: dogecoin !|94/100|[from] Sandstorm
|-damage|p1a: Zapdos|36/100|[from] Sandstorm
|upkeep
|turn|9
|
|t:|1776049933
|move|p2a: dogecoin !|Close Combat|p1a: Zapdos
|-resisted|p1a: Zapdos
|-damage|p1a: Zapdos|0 fnt
|-unboost|p2a: dogecoin !|def|1
|-unboost|p2a: dogecoin !|spd|1
|faint|p1a: Zapdos
|
|-weather|Sandstorm|[upkeep]
|-damage|p2a: dogecoin !|88/100|[from] Sandstorm
|upkeep
|
|t:|1776049946
|switch|p1a: Excadrill|Excadrill, F|100/100
|turn|10
|
|t:|1776049954
|switch|p2a: AHHHH IM ON FIRE|Moltres|100/100
|move|p1a: Excadrill|Earthquake|p2a: AHHHH IM ON FIRE
|-immune|p2a: AHHHH IM ON FIRE
|
|-weather|none
|upkeep
|turn|11
|
|t:|1776049961
|switch|p1a: Alomomola|Alomomola, F|60/100
|move|p2a: AHHHH IM ON FIRE|Scorching Sands|p1a: Alomomola
|-damage|p1a: Alomomola|34/100
|-status|p1a: Alomomola|brn
|
|-damage|p1a: Alomomola|27/100 brn|[from] brn
|upkeep
|turn|12
|
|t:|1776049975
|switch|p1a: Tyranitar|Tyranitar, F|100/100
|-weather|Sandstorm|[from] ability: Sand Stream|[of] p1a: Tyranitar
|move|p2a: AHHHH IM ON FIRE|Hurricane|p1a: Tyranitar
|-resisted|p1a: Tyranitar
|-damage|p1a: Tyranitar|82/100
|
|-weather|Sandstorm|[upkeep]
|-damage|p2a: AHHHH IM ON FIRE|94/100|[from] Sandstorm
|upkeep
|turn|13
|j| Shucklepilled
|
|t:|1776049985
|move|p2a: AHHHH IM ON FIRE|U-turn|p1a: Tyranitar
|-supereffective|p1a: Tyranitar
|-damage|p1a: Tyranitar|54/100
|
|t:|1776049987
|switch|p2a: dogecoin !|Zamazenta|88/100|[from] U-turn
|move|p1a: Tyranitar|Stone Edge|p2a: dogecoin !
|-resisted|p2a: dogecoin !
|-damage|p2a: dogecoin !|51/100
|
|-weather|Sandstorm|[upkeep]
|-damage|p2a: dogecoin !|44/100|[from] Sandstorm
|upkeep
|turn|14
|
|t:|1776049996
|switch|p1a: Alomomola|Alomomola, F|61/100 brn
|move|p2a: dogecoin !|Close Combat|p1a: Alomomola
|-damage|p1a: Alomomola|12/100 brn
|-unboost|p2a: dogecoin !|def|1
|-unboost|p2a: dogecoin !|spd|1
|
|-weather|Sandstorm|[upkeep]
|-damage|p2a: dogecoin !|38/100|[from] Sandstorm
|-damage|p1a: Alomomola|6/100 brn|[from] Sandstorm
|-damage|p1a: Alomomola|0 fnt|[from] brn
|faint|p1a: Alomomola
|upkeep
|
|t:|1776050008
|switch|p1a: Excadrill|Excadrill, F|100/100
|turn|15
|
|t:|1776050012
|switch|p2a: AHHHH IM ON FIRE|Moltres|94/100
|move|p1a: Excadrill|Rock Slide|p2a: AHHHH IM ON FIRE
|-supereffective|p2a: AHHHH IM ON FIRE
|-damage|p2a: AHHHH IM ON FIRE|0 fnt
|faint|p2a: AHHHH IM ON FIRE
|
|-weather|Sandstorm|[upkeep]
|upkeep
|
|t:|1776050015
|switch|p2a: dogecoin !|Zamazenta|38/100
|turn|16
|
|t:|1776050022
|switch|p1a: Hydrapple|Hydrapple, F|100/100
|move|p2a: dogecoin !|Close Combat|p1a: Hydrapple
|-damage|p1a: Hydrapple|53/100
|-unboost|p2a: dogecoin !|def|1
|-unboost|p2a: dogecoin !|spd|1
|
|-weather|none
|upkeep
|turn|17
|
|t:|1776050031
|move|p2a: dogecoin !|Close Combat|p1a: Hydrapple
|-damage|p1a: Hydrapple|4/100
|-unboost|p2a: dogecoin !|def|1
|-unboost|p2a: dogecoin !|spd|1
|move|p1a: Hydrapple|Giga Drain|p2a: dogecoin !
|-damage|p2a: dogecoin !|0 fnt
|-heal|p1a: Hydrapple|19/100|[from] drain|[of] p2a: dogecoin !
|faint|p2a: dogecoin !
|
|upkeep
|
|t:|1776050033
|switch|p2a: Wokeness Unleashed|Iron Valiant|100/100
|-enditem|p2a: Wokeness Unleashed|Booster Energy
|-activate|p2a: Wokeness Unleashed|ability: Quark Drive|[fromitem]
|-start|p2a: Wokeness Unleashed|quarkdrivespe
|turn|18
|
|t:|1776050044
|switch|p1a: Hatterene|Hatterene, F|100/100
|move|p2a: Wokeness Unleashed|Moonblast|p1a: Hatterene
|-damage|p1a: Hatterene|70/100
|
|upkeep
|turn|19
|
|t:|1776050052
|move|p2a: Wokeness Unleashed|Calm Mind|p2a: Wokeness Unleashed
|-boost|p2a: Wokeness Unleashed|spa|1
|-boost|p2a: Wokeness Unleashed|spd|1
|move|p1a: Hatterene|Psychic Noise|p2a: Wokeness Unleashed
|-supereffective|p2a: Wokeness Unleashed
|-damage|p2a: Wokeness Unleashed|26/100
|-start|p2a: Wokeness Unleashed|move: Heal Block
|
|upkeep
|turn|20
|
|t:|1776050060
|move|p2a: Wokeness Unleashed|Moonblast|p1a: Hatterene
|-damage|p1a: Hatterene|27/100
|move|p1a: Hatterene|Psychic Noise|p2a: Wokeness Unleashed
|-supereffective|p2a: Wokeness Unleashed
|-damage|p2a: Wokeness Unleashed|0 fnt
|faint|p2a: Wokeness Unleashed
|-end|p2a: Wokeness Unleashed|Quark Drive|[silent]
|
|win|SquilliamTG
|raw|SquilliamTG's rating: 1630 &rarr; <strong>1655</strong><br />(+25 for winning)
|raw|TroubleFindsMe's rating: 1725 &rarr; <strong>1700</strong><br />(-25 for losing)
|l|☆TroubleFindsMe
|player|p2|
|c|☆SquilliamTG|gg
|c|☆SquilliamTG|wassup shucklepilled
|c| Shucklepilled|yo whats good squilliam
|c|☆SquilliamTG|how you doin bro?
