|html|<div class="broadcast-blue"><strong>[Gen 9] OU is currently suspecting Tera Blast! For information on how to participate check out the <a href="https://www.smogon.com/tools/suspects/view/200">suspect thread</a>.</strong></div>
|j|☆Champidydipity
|j|☆Himitus
|t:|1776316464
|gametype|singles
|player|p1|Champidydipity|acetrainer-gen4|1040
|player|p2|Himitus|265|1000
|gen|9
|tier|[Gen 9] OU
|rated|
|rule|HP Percentage Mod: HP is shown in percentages
|rule|Endless Battle Clause: Forcing endless battles is banned
|rule|Species Clause: Limit one of each Pokémon
|rule|OHKO Clause: OHKO moves are banned
|rule|Evasion Items Clause: Evasion items are banned
|rule|Evasion Moves Clause: Evasion moves are banned
|rule|Evasion Abilities Clause: Evasion abilities are banned
|rule|Sleep Moves Clause: Sleep-inducing moves are banned
|clearpoke
|poke|p1|Conkeldurr, M|
|poke|p1|Cinderace, M|
|poke|p1|Dragonite, M|
|poke|p1|Milotic, F|
|poke|p1|Serperior, M|
|poke|p1|Kingambit, M|
|poke|p2|Blaziken, M|
|poke|p2|Bisharp, M|
|poke|p2|Araquanid, M|
|poke|p2|Glimmora, F|
|poke|p2|Gliscor, F|
|poke|p2|Garchomp, F|
|teampreview
|inactive|Battle timer is ON: inactive players will automatically lose when time's up. (requested by Champidydipity)
|
|t:|1776316472
|teamsize|p1|6
|teamsize|p2|6
|start
|switch|p1a: Conkeldurr|Conkeldurr, M|100/100
|switch|p2a: Gliscor|Gliscor, F|100/100
|turn|1
|
|t:|1776316488
|move|p2a: Gliscor|Swords Dance|p2a: Gliscor
|-boost|p2a: Gliscor|atk|2
|move|p1a: Conkeldurr|Knock Off|p2a: Gliscor
|-damage|p2a: Gliscor|64/100
|-enditem|p2a: Gliscor|Toxic Orb|[from] move: Knock Off|[of] p1a: Conkeldurr
|
|-status|p1a: Conkeldurr|brn|[from] item: Flame Orb
|upkeep
|turn|2
|
|t:|1776316500
|move|p2a: Gliscor|Earth Power|p1a: Conkeldurr
|-damage|p1a: Conkeldurr|80/100 brn
|move|p1a: Conkeldurr|Facade|p2a: Gliscor
|-damage|p2a: Gliscor|0 fnt
|faint|p2a: Gliscor
|
|-damage|p1a: Conkeldurr|74/100 brn|[from] brn
|upkeep
|
|t:|1776316516
|switch|p2a: Blaziken|Blaziken, M|100/100
|turn|3
|
|t:|1776316521
|move|p2a: Blaziken|Detect|p2a: Blaziken
|-singleturn|p2a: Blaziken|Protect
|move|p1a: Conkeldurr|Knock Off|p2a: Blaziken
|-activate|p2a: Blaziken|move: Protect
|
|-damage|p1a: Conkeldurr|68/100 brn|[from] brn
|-ability|p2a: Blaziken|Speed Boost|boost
|-boost|p2a: Blaziken|spe|1
|upkeep
|turn|4
|
|t:|1776316531
|move|p2a: Blaziken|Acrobatics|p1a: Conkeldurr
|-supereffective|p1a: Conkeldurr
|-damage|p1a: Conkeldurr|40/100 brn
|move|p1a: Conkeldurr|Knock Off|p2a: Blaziken
|-resisted|p2a: Blaziken
|-crit|p2a: Blaziken
|-damage|p2a: Blaziken|43/100
|-enditem|p2a: Blaziken|Salac Berry|[from] move: Knock Off|[of] p1a: Conkeldurr
|
|-damage|p1a: Conkeldurr|34/100 brn|[from] brn
|-ability|p2a: Blaziken|Speed Boost|boost
|-boost|p2a: Blaziken|spe|1
|upkeep
|turn|5
|
|t:|1776316543
|move|p2a: Blaziken|Detect|p2a: Blaziken
|-singleturn|p2a: Blaziken|Protect
|move|p1a: Conkeldurr|Mach Punch|p2a: Blaziken
|-activate|p2a: Blaziken|move: Protect
|
|-damage|p1a: Conkeldurr|28/100 brn|[from] brn
|-ability|p2a: Blaziken|Speed Boost|boost
|-boost|p2a: Blaziken|spe|1
|upkeep
|turn|6
|
|t:|1776316554
|move|p1a: Conkeldurr|Mach Punch|p2a: Blaziken
|-damage|p2a: Blaziken|0 fnt
|faint|p2a: Blaziken
|
|-damage|p1a: Conkeldurr|22/100 brn|[from] brn
|upkeep
|
|t:|1776316563
|switch|p2a: Glimmora|Glimmora, F|100/100
|turn|7
|
|t:|1776316567
|move|p2a: Glimmora|Dazzling Gleam|p1a: Conkeldurr
|-supereffective|p1a: Conkeldurr
|-damage|p1a: Conkeldurr|0 fnt
|faint|p1a: Conkeldurr
|
|upkeep
|
|t:|1776316574
|switch|p1a: Kingambit|Kingambit, M|100/100
|-activate|p1a: Kingambit|ability: Supreme Overlord
|-start|p1a: Kingambit|fallen1|[silent]
|turn|8
|
|t:|1776316581
|move|p1a: Kingambit|Swords Dance|p1a: Kingambit
|-boost|p1a: Kingambit|atk|2
|move|p2a: Glimmora|Confuse Ray|p1a: Kingambit
|-start|p1a: Kingambit|confusion
|
|upkeep
|turn|9
|
|t:|1776316590
|-activate|p1a: Kingambit|confusion
|move|p1a: Kingambit|Swords Dance|p1a: Kingambit
|-boost|p1a: Kingambit|atk|2
|move|p2a: Glimmora|Dazzling Gleam|p1a: Kingambit
|-damage|p1a: Kingambit|76/100
|
|upkeep
|turn|10
|
|t:|1776316607
|switch|p2a: Garchomp|Garchomp, F|100/100
|-activate|p1a: Kingambit|confusion
|move|p1a: Kingambit|Iron Head|p2a: Garchomp
|-damage|p2a: Garchomp|0 fnt
|-damage|p1a: Kingambit|63/100|[from] ability: Rough Skin|[of] p2a: Garchomp
|faint|p2a: Garchomp
|
|upkeep
|
|t:|1776316618
|switch|p2a: Araquanid|Araquanid, M|100/100
|turn|11
|
|t:|1776316626
|-activate|p1a: Kingambit|confusion
|move|p1a: Kingambit|Iron Head|p2a: Araquanid
|-resisted|p2a: Araquanid
|-damage|p2a: Araquanid|21/100
|cant|p2a: Araquanid|flinch
|
|upkeep
|turn|12
|
|t:|1776316633
|-end|p1a: Kingambit|confusion
|move|p1a: Kingambit|Sucker Punch|p2a: Araquanid
|-damage|p2a: Araquanid|0 fnt
|faint|p2a: Araquanid
|
|upkeep
|
|t:|1776316642
|switch|p2a: Bisharp|Bisharp, M|100/100
|turn|13
|
|t:|1776316650
|move|p1a: Kingambit|Iron Head|p2a: Bisharp
|-resisted|p2a: Bisharp
|-damage|p2a: Bisharp|43/100
|cant|p2a: Bisharp|flinch
|
|upkeep
|turn|14
|
|t:|1776316656
|move|p1a: Kingambit|Iron Head|p2a: Bisharp
|-resisted|p2a: Bisharp
|-damage|p2a: Bisharp|0 fnt
|faint|p2a: Bisharp
|
|upkeep
|
|t:|1776316661
|switch|p2a: Glimmora|Glimmora, F|100/100
|turn|15
|
|t:|1776316666
|move|p1a: Kingambit|Iron Head|p2a: Glimmora
|-supereffective|p2a: Glimmora
|-damage|p2a: Glimmora|0 fnt
|-activate|p2a: Glimmora|ability: Toxic Debris
|-sidestart|p1: Champidydipity|move: Toxic Spikes
|faint|p2a: Glimmora
|
|win|Champidydipity
|raw|Champidydipity's rating: 1040 &rarr; <strong>1070</strong><br />(+30 for winning)
|raw|Himitus's rating: 1000 &rarr; <strong>1000</strong><br />(+0 for losing)
|l|☆Himitus
|player|p2|
