|html|<div class="broadcast-blue"><strong>[Gen 9] OU is currently suspecting Tera Blast! For information on how to participate check out the <a href="https://www.smogon.com/tools/suspects/view/200">suspect thread</a>.</strong></div>
|j|‽tasty sardine 408
|j|☆Flushable
|t:|1776102809
|gametype|singles
|player|p1|tasty sardine 408|harlequin|1552
|player|p2|Flushable|collector|1555
|gen|9
|tier|[Gen 9] OU
|rated|
|rule|HP Percentage Mod: HP is shown in percentages
|rule|Endless Battle Clause: Forcing endless battles is banned
|rule|Species Clause: Limit one of each Pokémon
|rule|OHKO Clause: OHKO moves are banned
|rule|Evasion Items Clause: Evasion items are banned
|rule|Evasion Moves Clause: Evasion moves are banned
|rule|Evasion Abilities Clause: Evasion abilities are banned
|rule|Sleep Moves Clause: Sleep-inducing moves are banned
|clearpoke
|poke|p1|Umbreon, F|
|poke|p1|Serperior, F|
|poke|p1|Cresselia, F|
|poke|p1|Revavroom, F|
|poke|p1|Skeledirge, M|
|poke|p1|Manaphy|
|poke|p2|Cinderace, M|
|poke|p2|Alomomola, M|
|poke|p2|Great Tusk|
|poke|p2|Iron Valiant|
|poke|p2|Pecharunt|
|poke|p2|Ogerpon-Cornerstone, F|
|teampreview
|inactive|Battle timer is ON: inactive players will automatically lose when time's up. (requested by tasty sardine 408)
|
|t:|1776102840
|teamsize|p1|6
|teamsize|p2|6
|start
|switch|p1a: Manaphy|Manaphy, shiny|100/100
|switch|p2a: Ogerpon|Ogerpon-Cornerstone, F|100/100
|turn|1
|inactive|tasty sardine 408 has 120 seconds left.
|
|t:|1776102882
|-terastallize|p1a: Manaphy|Dragon
|move|p2a: Ogerpon|Power Whip|p1a: Manaphy
|-resisted|p1a: Manaphy
|-damage|p1a: Manaphy|74/100
|move|p1a: Manaphy|Acid Armor|p1a: Manaphy
|-boost|p1a: Manaphy|def|2
|
|-heal|p1a: Manaphy|80/100|[from] item: Leftovers
|upkeep
|turn|2
|
|t:|1776102890
|switch|p2a: Iron Valiant|Iron Valiant|100/100
|move|p1a: Manaphy|Acid Armor|p1a: Manaphy
|-boost|p1a: Manaphy|def|2
|
|-heal|p1a: Manaphy|86/100|[from] item: Leftovers
|upkeep
|turn|3
|
|t:|1776102894
|move|p2a: Iron Valiant|Moonblast|p1a: Manaphy
|-supereffective|p1a: Manaphy
|-damage|p1a: Manaphy|0 fnt
|faint|p1a: Manaphy
|
|upkeep
|
|t:|1776102896
|switch|p1a: Revavroom|Revavroom, F, shiny|100/100
|-item|p1a: Revavroom|Air Balloon
|turn|4
|
|t:|1776102901
|-end|p2a: Iron Valiant|Quark Drive|[silent]
|switch|p2a: Pecharunt|Pecharunt|100/100
|move|p1a: Revavroom|Shift Gear|p1a: Revavroom
|-boost|p1a: Revavroom|spe|2
|-boost|p1a: Revavroom|atk|1
|
|upkeep
|turn|5
|
|t:|1776102905
|-terastallize|p2a: Pecharunt|Dark
|move|p1a: Revavroom|Iron Head|p2a: Pecharunt
|-damage|p2a: Pecharunt|74/100
|-damage|p1a: Revavroom|84/100|[from] item: Rocky Helmet|[of] p2a: Pecharunt
|cant|p2a: Pecharunt|flinch
|
|upkeep
|turn|6
|
|t:|1776102912
|move|p1a: Revavroom|Gunk Shot|p2a: Pecharunt|[miss]
|-miss|p1a: Revavroom|p2a: Pecharunt
|move|p2a: Pecharunt|Foul Play|p1a: Revavroom
|-damage|p1a: Revavroom|4/100
|-enditem|p1a: Revavroom|Air Balloon
|
|upkeep
|turn|7
|
|t:|1776102914
|move|p1a: Revavroom|Gunk Shot|p2a: Pecharunt
|-damage|p2a: Pecharunt|33/100
|-status|p2a: Pecharunt|psn
|move|p2a: Pecharunt|Recover|p2a: Pecharunt
|-heal|p2a: Pecharunt|83/100 psn
|
|-damage|p2a: Pecharunt|71/100 psn|[from] psn
|upkeep
|turn|8
|
|t:|1776102921
|move|p1a: Revavroom|Gunk Shot|p2a: Pecharunt
|-damage|p2a: Pecharunt|31/100 psn
|move|p2a: Pecharunt|Parting Shot|p1a: Revavroom
|-unboost|p1a: Revavroom|atk|1
|-unboost|p1a: Revavroom|spa|1
|
|t:|1776102926
|switch|p2a: Iron Valiant|Iron Valiant|100/100|[from] Parting Shot
|
|upkeep
|turn|9
|
|t:|1776102929
|move|p2a: Iron Valiant|Vacuum Wave|p1a: Revavroom
|-damage|p1a: Revavroom|0 fnt
|faint|p1a: Revavroom
|
|upkeep
|
|t:|1776102931
|switch|p1a: Skeledirge|Skeledirge, M, shiny|100/100
|turn|10
|
|t:|1776102937
|-end|p2a: Iron Valiant|Quark Drive|[silent]
|switch|p2a: Alomomola|Alomomola, M, shiny|100/100
|move|p1a: Skeledirge|Will-O-Wisp|p2a: Alomomola
|-status|p2a: Alomomola|brn
|
|-damage|p2a: Alomomola|94/100 brn|[from] brn
|upkeep
|turn|11
|
|t:|1776102939
|move|p1a: Skeledirge|Torch Song|p2a: Alomomola
|-resisted|p2a: Alomomola
|-damage|p2a: Alomomola|87/100 brn
|-boost|p1a: Skeledirge|spa|1
|move|p2a: Alomomola|Flip Turn|p1a: Skeledirge
|-supereffective|p1a: Skeledirge
|-damage|p1a: Skeledirge|87/100
|
|t:|1776102949
|switch|p2a: Ogerpon|Ogerpon-Cornerstone, F|100/100|[from] Flip Turn
|
|upkeep
|turn|12
|
|t:|1776102951
|move|p2a: Ogerpon|Ivy Cudgel|p1a: Skeledirge|[anim] Ivy Cudgel Rock
|-supereffective|p1a: Skeledirge
|-damage|p1a: Skeledirge|0 fnt
|faint|p1a: Skeledirge
|
|upkeep
|
|t:|1776102955
|switch|p1a: Umbreon|Umbreon, F, shiny|100/100
|turn|13
|
|t:|1776102959
|move|p2a: Ogerpon|Swords Dance|p2a: Ogerpon
|-boost|p2a: Ogerpon|atk|2
|move|p1a: Umbreon|Foul Play|p2a: Ogerpon
|-ability|p2a: Ogerpon|Sturdy
|-damage|p2a: Ogerpon|1/100
|
|upkeep
|turn|14
|
|t:|1776102963
|move|p2a: Ogerpon|Superpower|p1a: Umbreon
|-supereffective|p1a: Umbreon
|-damage|p1a: Umbreon|0 fnt
|-unboost|p2a: Ogerpon|atk|1
|-unboost|p2a: Ogerpon|def|1
|faint|p1a: Umbreon
|
|upkeep
|
|t:|1776102965
|switch|p1a: Serperior|Serperior, F, shiny|100/100
|turn|15
|
|t:|1776102979
|switch|p2a: Pecharunt|Pecharunt, tera:Dark|31/100 psn
|move|p1a: Serperior|Leaf Storm|p2a: Pecharunt
|-crit|p2a: Pecharunt
|-damage|p2a: Pecharunt|0 fnt
|-boost|p1a: Serperior|spa|2
|faint|p2a: Pecharunt
|
|upkeep
|
|t:|1776102982
|switch|p2a: Cinderace|Cinderace, M|100/100
|turn|16
|
|t:|1776102986
|move|p2a: Cinderace|U-turn|p1a: Serperior
|-start|p2a: Cinderace|typechange|Bug|[from] ability: Libero
|-supereffective|p1a: Serperior
|-damage|p1a: Serperior|0 fnt
|faint|p1a: Serperior
|
|t:|1776102991
|switch|p2a: Ogerpon|Ogerpon-Cornerstone, F|1/100|[from] U-turn
|
|upkeep
|
|t:|1776102993
|switch|p1a: Cresselia|Cresselia, F, shiny|100/100
|turn|17
|
|t:|1776102997
|move|p2a: Ogerpon|Swords Dance|p2a: Ogerpon
|-boost|p2a: Ogerpon|atk|2
|move|p1a: Cresselia|Moonblast|p2a: Ogerpon
|-damage|p2a: Ogerpon|0 fnt
|faint|p2a: Ogerpon
|
|upkeep
|
|t:|1776103003
|switch|p2a: Cinderace|Cinderace, M|100/100
|turn|18
|
|t:|1776103005
|move|p2a: Cinderace|U-turn|p1a: Cresselia
|-start|p2a: Cinderace|typechange|Bug|[from] ability: Libero
|-supereffective|p1a: Cresselia
|-damage|p1a: Cresselia|51/100
|
|t:|1776103011
|switch|p2a: Alomomola|Alomomola, M, shiny|100/100 brn|[from] U-turn
|move|p1a: Cresselia|Calm Mind|p1a: Cresselia
|-boost|p1a: Cresselia|spa|1
|-boost|p1a: Cresselia|spd|1
|
|-heal|p1a: Cresselia|57/100|[from] item: Leftovers
|-damage|p2a: Alomomola|94/100 brn|[from] brn
|upkeep
|turn|19
|
|t:|1776103015
|move|p1a: Cresselia|Calm Mind|p1a: Cresselia
|-boost|p1a: Cresselia|spa|1
|-boost|p1a: Cresselia|spd|1
|move|p2a: Alomomola|Flip Turn|p1a: Cresselia
|-damage|p1a: Cresselia|53/100
|
|t:|1776103017
|switch|p2a: Cinderace|Cinderace, M|100/100|[from] Flip Turn
|
|-heal|p1a: Cresselia|59/100|[from] item: Leftovers
|upkeep
|turn|20
|
|t:|1776103020
|move|p2a: Cinderace|U-turn|p1a: Cresselia
|-start|p2a: Cinderace|typechange|Bug|[from] ability: Libero
|-supereffective|p1a: Cresselia
|-crit|p1a: Cresselia
|-damage|p1a: Cresselia|0 fnt
|faint|p1a: Cresselia
|
|win|Flushable
|raw|tasty sardine 408's rating: 1552 &rarr; <strong>1532</strong><br />(-20 for losing)
|raw|Flushable's rating: 1555 &rarr; <strong>1575</strong><br />(+20 for winning)
|l|‽tasty sardine 408
|player|p1|
