|html|<div class="broadcast-blue"><strong>[Gen 9] OU is currently suspecting Tera Blast! For information on how to participate check out the <a href="https://www.smogon.com/tools/suspects/view/200">suspect thread</a>.</strong></div>
|j|☆yourlosingtoaai
|j|☆Peacetweaksass
|t:|1776191288
|gametype|singles
|player|p1|yourlosingtoaai|169|
|player|p2|Peacetweaksass|170|
|gen|9
|tier|[Gen 9] OU
|rule|HP Percentage Mod: HP is shown in percentages
|rule|Endless Battle Clause: Forcing endless battles is banned
|rule|Species Clause: Limit one of each Pokémon
|rule|OHKO Clause: OHKO moves are banned
|rule|Evasion Items Clause: Evasion items are banned
|rule|Evasion Moves Clause: Evasion moves are banned
|rule|Evasion Abilities Clause: Evasion abilities are banned
|rule|Sleep Moves Clause: Sleep-inducing moves are banned
|clearpoke
|poke|p1|Alomomola, M|
|poke|p1|Gholdengo|
|poke|p1|Dragapult, F|
|poke|p1|Kingambit, M|
|poke|p1|Great Tusk|
|poke|p1|Corviknight, F|
|poke|p2|Primarina, M|
|poke|p2|Great Tusk|
|poke|p2|Enamorus, F|
|poke|p2|Slowking-Galar, M|
|poke|p2|Ogerpon, F|
|poke|p2|Kingambit, M|
|teampreview
|inactive|Battle timer is ON: inactive players will automatically lose when time's up. (requested by Peacetweaksass)
|
|t:|1776191313
|teamsize|p1|6
|teamsize|p2|6
|start
|switch|p1a: Dragapult|Dragapult, F|100/100
|switch|p2a: Anonymous|Ogerpon, F|100/100
|turn|1
|
|t:|1776191320
|switch|p2a: Celestine|Primarina, M, shiny|100/100
|move|p1a: Dragapult|U-turn|p2a: Celestine
|-resisted|p2a: Celestine
|-damage|p2a: Celestine|74/100
|
|t:|1776191340
|switch|p1a: Alomomola|Alomomola, M|100/100|[from] U-turn
|
|-heal|p2a: Celestine|80/100|[from] item: Leftovers
|upkeep
|turn|2
|
|t:|1776191348
|move|p2a: Celestine|Substitute|p2a: Celestine
|-start|p2a: Celestine|Substitute
|-damage|p2a: Celestine|55/100
|move|p1a: Alomomola|Wish|p1a: Alomomola
|
|-heal|p2a: Celestine|61/100|[from] item: Leftovers
|upkeep
|turn|3
|
|t:|1776191369
|move|p2a: Celestine|Psychic Noise|p1a: Alomomola
|-resisted|p1a: Alomomola
|-damage|p1a: Alomomola|82/100
|-start|p1a: Alomomola|move: Heal Block
|move|p1a: Alomomola|Flip Turn|p2a: Celestine
|-resisted|p2a: Celestine
|-activate|p2a: Celestine|move: Substitute|[damage]
|
|t:|1776191377
|switch|p1a: Dragapult|Dragapult, F|100/100|[from] Flip Turn
|
|-heal|p2a: Celestine|67/100|[from] item: Leftovers
|upkeep
|turn|4
|
|t:|1776191380
|move|p1a: Dragapult|U-turn|p2a: Celestine
|-resisted|p2a: Celestine
|-end|p2a: Celestine|Substitute
|
|t:|1776191385
|switch|p1a: Alomomola|Alomomola, M|100/100|[from] U-turn
|move|p2a: Celestine|Moonblast|p1a: Alomomola
|-damage|p1a: Alomomola|51/100
|-unboost|p1a: Alomomola|spa|1
|
|-heal|p2a: Celestine|73/100|[from] item: Leftovers
|upkeep
|turn|5
|
|t:|1776191393
|move|p2a: Celestine|Substitute|p2a: Celestine
|-start|p2a: Celestine|Substitute
|-damage|p2a: Celestine|48/100
|move|p1a: Alomomola|Mirror Coat||[still]
|-fail|p1a: Alomomola
|
|-heal|p2a: Celestine|54/100|[from] item: Leftovers
|upkeep
|turn|6
|
|t:|1776191401
|switch|p1a: Kingambit|Kingambit, M|100/100
|move|p2a: Celestine|Moonblast|p1a: Kingambit
|-damage|p1a: Kingambit|35/100
|
|-heal|p2a: Celestine|60/100|[from] item: Leftovers
|-heal|p1a: Kingambit|41/100|[from] item: Leftovers
|upkeep
|turn|7
|c|☆yourlosingtoaai|bro what
|c|☆yourlosingtoaai|what the fuck
|
|t:|1776191411
|move|p2a: Celestine|Moonblast|p1a: Kingambit
|-damage|p1a: Kingambit|0 fnt
|faint|p1a: Kingambit
|-end|p1a: Kingambit|fallenundefined|[silent]
|
|-heal|p2a: Celestine|66/100|[from] item: Leftovers
|upkeep
|c|☆Peacetweaksass|😭
|inactive|yourlosingtoaai has 270 seconds left.
|inactive|yourlosingtoaai has 240 seconds left.
|
|t:|1776191497
|switch|p1a: Dragapult|Dragapult, F|100/100
|turn|8
|
|t:|1776191508
|move|p1a: Dragapult|U-turn|p2a: Celestine
|-resisted|p2a: Celestine
|-end|p2a: Celestine|Substitute
|
|t:|1776191510
|switch|p1a: Corviknight|Corviknight, F|100/100|[from] U-turn
|-ability|p1a: Corviknight|Pressure
|move|p2a: Celestine|Psychic Noise|p1a: Corviknight
|-damage|p1a: Corviknight|63/100
|-start|p1a: Corviknight|move: Heal Block
|
|-heal|p2a: Celestine|72/100|[from] item: Leftovers
|upkeep
|turn|9
|
|t:|1776191524
|move|p2a: Celestine|Psychic Noise|p1a: Corviknight
|-damage|p1a: Corviknight|23/100
|move|p1a: Corviknight|U-turn|p2a: Celestine
|-resisted|p2a: Celestine
|-damage|p2a: Celestine|62/100
|
|t:|1776191534
|switch|p1a: Dragapult|Dragapult, F|100/100|[from] U-turn
|
|-heal|p2a: Celestine|68/100|[from] item: Leftovers
|upkeep
|turn|10
|c|☆Peacetweaksass|Tera ghost?
|c|☆yourlosingtoaai|bro what
|c|☆yourlosingtoaai|how did bro almost predict my exact move
|c|☆yourlosingtoaai|..
|inactive|yourlosingtoaai has 210 seconds left.
|
|t:|1776191560
|switch|p2a: Behemoth|Great Tusk, shiny|100/100
|move|p1a: Dragapult|Phantom Force||[still]
|-prepare|p1a: Dragapult|Phantom Force
|
|upkeep
|turn|11
|c|☆Peacetweaksass|Well this is unfortunate for you
|
|t:|1776191585
|move|p1a: Dragapult|Phantom Force|p2a: Behemoth|[from] lockedmove
|-damage|p2a: Behemoth|51/100
|-damage|p1a: Dragapult|84/100|[from] item: Rocky Helmet|[of] p2a: Behemoth
|move|p2a: Behemoth|Headlong Rush|p1a: Dragapult
|-damage|p1a: Dragapult|5/100
|-unboost|p2a: Behemoth|def|1
|-unboost|p2a: Behemoth|spd|1
|
|upkeep
|turn|12
|c|☆yourlosingtoaai|FAH NAHH
|c|☆yourlosingtoaai|WE ALIVE
|c|☆Peacetweaksass|Rocky helmet
|inactive|Peacetweaksass has 270 seconds left.
|c|☆Peacetweaksass|I’m okay with letting tusk go down for banded pult
|c|☆Peacetweaksass|heh
|c|☆yourlosingtoaai|WE ALIvEeeeEEEE
|
|t:|1776191620
|switch|p1a: Corviknight|Corviknight, F|23/100
|-ability|p1a: Corviknight|Pressure
|move|p2a: Behemoth|Stealth Rock|p1a: Corviknight
|-sidestart|p1: yourlosingtoaai|move: Stealth Rock
|
|upkeep
|turn|13
|
|t:|1776191643
|move|p2a: Behemoth|Ice Spinner|p1a: Corviknight
|-damage|p1a: Corviknight|5/100
|-damage|p2a: Behemoth|35/100|[from] item: Rocky Helmet|[of] p1a: Corviknight
|move|p1a: Corviknight|Roost|p1a: Corviknight
|-heal|p1a: Corviknight|55/100
|-singleturn|p1a: Corviknight|move: Roost
|
|upkeep
|turn|14
|c|☆yourlosingtoaai|WE ALIVEEEEEEEEE
|c|☆yourlosingtoaai|YESSSSSSSSSSSSS
|
|t:|1776191652
|-end|p2a: Behemoth|Protosynthesis|[silent]
|switch|p2a: Mantra|Slowking-Galar, M, shiny|100/100
|move|p1a: Corviknight|Defog|p2a: Mantra
|-unboost|p2a: Mantra|evasion|1
|-sideend|p1: yourlosingtoaai|Stealth Rock|[from] move: Defog|[of] p1a: Corviknight
|
|upkeep
|turn|15
|
|t:|1776191660
|move|p1a: Corviknight|Roost|p1a: Corviknight
|-heal|p1a: Corviknight|100/100
|-singleturn|p1a: Corviknight|move: Roost
|move|p2a: Mantra|Flamethrower|p1a: Corviknight
|-supereffective|p1a: Corviknight
|-damage|p1a: Corviknight|54/100
|
|upkeep
|turn|16
|inactive|Peacetweaksass has 270 seconds left.
|
|t:|1776191675
|move|p1a: Corviknight|U-turn|p2a: Mantra
|-damage|p2a: Mantra|89/100
|
|t:|1776191678
|switch|p1a: Alomomola|Alomomola, M|85/100|[from] U-turn
|move|p2a: Mantra|Sludge Bomb|p1a: Alomomola
|-damage|p1a: Alomomola|55/100
|
|upkeep
|turn|17
|
|t:|1776191686
|switch|p2a: Celestine|Primarina, M, shiny|68/100
|move|p1a: Alomomola|Wish|p1a: Alomomola
|
|-heal|p2a: Celestine|74/100|[from] item: Leftovers
|upkeep
|turn|18
|
|t:|1776191692
|move|p2a: Celestine|Substitute|p2a: Celestine
|-start|p2a: Celestine|Substitute
|-damage|p2a: Celestine|49/100
|move|p1a: Alomomola|Mirror Coat||[still]
|-fail|p1a: Alomomola
|
|-heal|p1a: Alomomola|100/100|[from] move: Wish|[wisher] Alomomola
|-heal|p2a: Celestine|55/100|[from] item: Leftovers
|upkeep
|turn|19
|c|☆Peacetweaksass|😭
|c|☆yourlosingtoaai|yra bro
|c|☆yourlosingtoaai|fuck u
|c|☆Peacetweaksass|I’m fucking crying
|c|☆yourlosingtoaai|this is why i quit gen 9
|inactive|yourlosingtoaai has 240 seconds left.
|c|☆yourlosingtoaai|holy fuck brio
|
|t:|1776191722
|move|p2a: Celestine|Psychic Noise|p1a: Alomomola
|-resisted|p1a: Alomomola
|-damage|p1a: Alomomola|81/100
|-start|p1a: Alomomola|move: Heal Block
|move|p1a: Alomomola|Flip Turn|p2a: Celestine
|-resisted|p2a: Celestine
|-activate|p2a: Celestine|move: Substitute|[damage]
|
|t:|1776191729
|switch|p1a: Great Tusk|Great Tusk|100/100|[from] Flip Turn
|
|-heal|p2a: Celestine|61/100|[from] item: Leftovers
|upkeep
|turn|20
|
|t:|1776191741
|-end|p1a: Great Tusk|Protosynthesis|[silent]
|switch|p1a: Alomomola|Alomomola, M|100/100
|move|p2a: Celestine|Moonblast|p1a: Alomomola
|-damage|p1a: Alomomola|56/100
|
|-heal|p2a: Celestine|67/100|[from] item: Leftovers
|upkeep
|turn|21
|c|☆yourlosingtoaai|yo yk
|c|☆yourlosingtoaai|what
|c|☆yourlosingtoaai|fuck primarina
|c|☆yourlosingtoaai|fuck gen 9
|c|☆yourlosingtoaai|fuck this
|c|☆yourlosingtoaai|this mf 2 shots my whole fucking team
|inactive|yourlosingtoaai has 210 seconds left.
|c|☆Peacetweaksass|😭
|
|t:|1776191775
|switch|p1a: Gholdengo|Gholdengo|100/100
|-item|p1a: Gholdengo|Air Balloon
|move|p2a: Celestine|Moonblast|p1a: Gholdengo
|-resisted|p1a: Gholdengo
|-crit|p1a: Gholdengo
|-damage|p1a: Gholdengo|65/100
|-enditem|p1a: Gholdengo|Air Balloon
|
|-heal|p2a: Celestine|73/100|[from] item: Leftovers
|upkeep
|turn|22
|c|☆yourlosingtoaai|aigh br
|inactive|yourlosingtoaai has 210 seconds left.
|c|☆yourlosingtoaai|fuck u
|c|☆yourlosingtoaai|crit major
|c|☆Peacetweaksass|It’s not even the prim at this point
|
|t:|1776191794
|move|p1a: Gholdengo|Make It Rain|p2a: Celestine
|-end|p2a: Celestine|Substitute
|-unboost|p1a: Gholdengo|spa|1
|move|p2a: Celestine|Psychic Noise|p1a: Gholdengo
|-damage|p1a: Gholdengo|26/100
|-start|p1a: Gholdengo|move: Heal Block
|
|-heal|p2a: Celestine|79/100|[from] item: Leftovers
|upkeep
|turn|23
|
|t:|1776191802
|move|p2a: Celestine|Substitute|p2a: Celestine
|-start|p2a: Celestine|Substitute
|-damage|p2a: Celestine|54/100
|move|p1a: Gholdengo|Thunder Wave||[still]
|-fail|p1a: Gholdengo
|
|-heal|p2a: Celestine|60/100|[from] item: Leftovers
|-end|p1a: Gholdengo|move: Heal Block
|upkeep
|turn|24
|c|☆yourlosingtoaai|PARALYZE PLSSSSSS
|c|☆yourlosingtoaai|HOWWWW
|c|☆yourlosingtoaai|HOW
|c|☆Peacetweaksass|LOL
|c|☆yourlosingtoaai|HOW
|c|☆yourlosingtoaai|HOW
|c|☆yourlosingtoaai|how
|c|☆yourlosingtoaai|how
|inactive|yourlosingtoaai has 210 seconds left.
|c|☆Peacetweaksass|IM FUCKING
|c|☆Peacetweaksass|IN TEARS
|c|☆yourlosingtoaai|HOWWWWWWW ARE YOU FUCKINg FASTER
|c|☆Peacetweaksass|SPEED TIE
|c|☆yourlosingtoaai|UR A FISH
|
|t:|1776191831
|move|p2a: Celestine|Psychic Noise|p1a: Gholdengo
|-damage|p1a: Gholdengo|0 fnt
|faint|p1a: Gholdengo
|
|-heal|p2a: Celestine|66/100|[from] item: Leftovers
|upkeep
|c|☆yourlosingtoaai|yea bro
|c|☆yourlosingtoaai|keep sucking it
|
|t:|1776191843
|switch|p1a: Great Tusk|Great Tusk|100/100
|turn|25
|
|t:|1776191846
|move|p1a: Great Tusk|Headlong Rush|p2a: Celestine
|-end|p2a: Celestine|Substitute
|-unboost|p1a: Great Tusk|def|1
|-unboost|p1a: Great Tusk|spd|1
|move|p2a: Celestine|Moonblast|p1a: Great Tusk
|-supereffective|p1a: Great Tusk
|-damage|p1a: Great Tusk|0 fnt
|faint|p1a: Great Tusk
|-end|p1a: Great Tusk|Protosynthesis|[silent]
|
|-heal|p2a: Celestine|72/100|[from] item: Leftovers
|upkeep
|
|t:|1776191849
|switch|p1a: Dragapult|Dragapult, F|5/100
|turn|26
|
|t:|1776191854
|switch|p2a: Behemoth|Great Tusk, shiny|35/100
|-terastallize|p1a: Dragapult|Ghost
|move|p1a: Dragapult|Phantom Force||[still]
|-prepare|p1a: Dragapult|Phantom Force
|
|upkeep
|turn|27
|-message|yourlosingtoaai forfeited.
|
|win|Peacetweaksass
|l|☆yourlosingtoaai
|player|p1|
