|html|<div class="broadcast-blue"><strong>[Gen 9] OU is currently suspecting Tera Blast! For information on how to participate check out the <a href="https://www.smogon.com/tools/suspects/view/200">suspect thread</a>.</strong></div>
|j|☆elitegamercheezo
|j|☆ceo o wo chien
|t:|1776058443
|gametype|singles
|player|p1|elitegamercheezo|jacinthe|1609
|player|p2|ceo o wo chien|fisherman-gen4|1684
|gen|9
|tier|[Gen 9] OU
|rated|
|rule|HP Percentage Mod: HP is shown in percentages
|rule|Endless Battle Clause: Forcing endless battles is banned
|rule|Species Clause: Limit one of each Pokémon
|rule|OHKO Clause: OHKO moves are banned
|rule|Evasion Items Clause: Evasion items are banned
|rule|Evasion Moves Clause: Evasion moves are banned
|rule|Evasion Abilities Clause: Evasion abilities are banned
|rule|Sleep Moves Clause: Sleep-inducing moves are banned
|clearpoke
|poke|p1|Gholdengo|
|poke|p1|Dragonite, M|
|poke|p1|Skeledirge, F|
|poke|p1|Gliscor, M|
|poke|p1|Kyurem|
|poke|p1|Tyranitar, F|
|poke|p2|Wo-Chien|
|poke|p2|Clefable, M|
|poke|p2|Gholdengo|
|poke|p2|Great Tusk|
|poke|p2|Dragonite, F|
|poke|p2|Garganacl, M|
|teampreview
|inactive|Battle timer is ON: inactive players will automatically lose when time's up. (requested by ceo o wo chien)
|inactive|ceo o wo chien has 120 seconds left.
|j| E2508
|inactive|elitegamercheezo has 120 seconds left.
|
|t:|1776058482
|teamsize|p1|6
|teamsize|p2|6
|start
|switch|p1a: Gliscor|Gliscor, M|100/100
|switch|p2a: Clefable|Clefable, M|100/100
|turn|1
|
|t:|1776058488
|move|p1a: Gliscor|Protect|p1a: Gliscor
|-singleturn|p1a: Gliscor|Protect
|move|p2a: Clefable|Calm Mind|p2a: Clefable
|-boost|p2a: Clefable|spa|1
|-boost|p2a: Clefable|spd|1
|
|-status|p1a: Gliscor|tox|[from] item: Toxic Orb
|upkeep
|turn|2
|
|t:|1776058502
|move|p1a: Gliscor|Knock Off|p2a: Clefable
|-resisted|p2a: Clefable
|-damage|p2a: Clefable|89/100
|-enditem|p2a: Clefable|Life Orb|[from] move: Knock Off|[of] p1a: Gliscor
|move|p2a: Clefable|Moonblast|p1a: Gliscor
|-damage|p1a: Gliscor|29/100 tox
|
|-heal|p1a: Gliscor|42/100 tox|[from] ability: Poison Heal
|upkeep
|turn|3
|
|t:|1776058512
|switch|p1a: Gholdengo|Gholdengo|100/100
|move|p2a: Clefable|Flamethrower|p1a: Gholdengo
|-supereffective|p1a: Gholdengo
|-damage|p1a: Gholdengo|52/100
|-status|p1a: Gholdengo|brn
|
|-damage|p1a: Gholdengo|46/100 brn|[from] brn
|upkeep
|turn|4
|
|t:|1776058524
|move|p1a: Gholdengo|Thunder Wave|p2a: Clefable|[miss]
|-miss|p1a: Gholdengo|p2a: Clefable
|move|p2a: Clefable|Moonlight|p2a: Clefable
|-heal|p2a: Clefable|100/100
|
|-damage|p1a: Gholdengo|40/100 brn|[from] brn
|upkeep
|turn|5
|
|t:|1776058543
|move|p1a: Gholdengo|Recover|p1a: Gholdengo
|-heal|p1a: Gholdengo|90/100 brn
|move|p2a: Clefable|Flamethrower|p1a: Gholdengo
|-supereffective|p1a: Gholdengo
|-damage|p1a: Gholdengo|42/100 brn
|
|-damage|p1a: Gholdengo|36/100 brn|[from] brn
|upkeep
|turn|6
|inactive|ceo o wo chien has 120 seconds left.
|
|t:|1776058582
|move|p1a: Gholdengo|Thunder Wave|p2a: Clefable
|-status|p2a: Clefable|par
|move|p2a: Clefable|Flamethrower|p1a: Gholdengo
|-supereffective|p1a: Gholdengo
|-damage|p1a: Gholdengo|0 fnt
|faint|p1a: Gholdengo
|
|upkeep
|
|t:|1776058589
|switch|p1a: Dragonite|Dragonite, M|100/100
|turn|7
|
|t:|1776058594
|move|p1a: Dragonite|Iron Head|p2a: Clefable
|-supereffective|p2a: Clefable
|-crit|p2a: Clefable
|-damage|p2a: Clefable|2/100 par
|move|p2a: Clefable|Moonblast|p1a: Dragonite
|-supereffective|p1a: Dragonite
|-damage|p1a: Dragonite|43/100
|-unboost|p1a: Dragonite|spa|1
|
|upkeep
|turn|8
|
|t:|1776058602
|switch|p2a: Great Tusk|Great Tusk|100/100
|move|p1a: Dragonite|Iron Head|p2a: Great Tusk
|-damage|p2a: Great Tusk|77/100
|
|upkeep
|turn|9
|
|t:|1776058615
|switch|p1a: Skeledirge|Skeledirge, F|100/100
|move|p2a: Great Tusk|Knock Off|p1a: Skeledirge
|-supereffective|p1a: Skeledirge
|-damage|p1a: Skeledirge|56/100
|-enditem|p1a: Skeledirge|Heavy-Duty Boots|[from] move: Knock Off|[of] p2a: Great Tusk
|
|upkeep
|turn|10
|
|t:|1776058622
|-terastallize|p1a: Skeledirge|Fairy
|move|p2a: Great Tusk|Headlong Rush|p1a: Skeledirge
|-damage|p1a: Skeledirge|17/100
|-unboost|p2a: Great Tusk|def|1
|-unboost|p2a: Great Tusk|spd|1
|move|p1a: Skeledirge|Will-O-Wisp|p2a: Great Tusk
|-status|p2a: Great Tusk|brn
|
|-damage|p2a: Great Tusk|71/100 brn|[from] brn
|upkeep
|turn|11
|
|t:|1776058629
|move|p2a: Great Tusk|Headlong Rush|p1a: Skeledirge
|-damage|p1a: Skeledirge|0 fnt
|-unboost|p2a: Great Tusk|def|1
|-unboost|p2a: Great Tusk|spd|1
|faint|p1a: Skeledirge
|
|-damage|p2a: Great Tusk|65/100 brn|[from] brn
|upkeep
|
|t:|1776058635
|switch|p1a: Dragonite|Dragonite, M|43/100
|turn|12
|
|t:|1776058646
|move|p2a: Great Tusk|Ice Spinner|p1a: Dragonite
|-supereffective|p1a: Dragonite
|-damage|p1a: Dragonite|0 fnt
|faint|p1a: Dragonite
|
|-damage|p2a: Great Tusk|58/100 brn|[from] brn
|upkeep
|
|t:|1776058651
|switch|p1a: Gliscor|Gliscor, M|42/100 tox
|turn|13
|
|t:|1776058658
|move|p1a: Gliscor|Protect|p1a: Gliscor
|-singleturn|p1a: Gliscor|Protect
|move|p2a: Great Tusk|Ice Spinner|p1a: Gliscor
|-activate|p1a: Gliscor|move: Protect
|
|-heal|p1a: Gliscor|54/100 tox|[from] ability: Poison Heal
|-damage|p2a: Great Tusk|52/100 brn|[from] brn
|upkeep
|turn|14
|
|t:|1776058667
|move|p2a: Great Tusk|Ice Spinner|p1a: Gliscor
|-supereffective|p1a: Gliscor
|-damage|p1a: Gliscor|23/100 tox
|move|p1a: Gliscor|Earthquake|p2a: Great Tusk
|-damage|p2a: Great Tusk|8/100 brn
|
|-heal|p1a: Gliscor|35/100 tox|[from] ability: Poison Heal
|-damage|p2a: Great Tusk|2/100 brn|[from] brn
|upkeep
|turn|15
|
|t:|1776058675
|move|p1a: Gliscor|Protect|p1a: Gliscor
|-singleturn|p1a: Gliscor|Protect
|move|p2a: Great Tusk|Ice Spinner|p1a: Gliscor
|-activate|p1a: Gliscor|move: Protect
|
|-heal|p1a: Gliscor|47/100 tox|[from] ability: Poison Heal
|-damage|p2a: Great Tusk|0 fnt|[from] brn
|faint|p2a: Great Tusk
|-end|p2a: Great Tusk|Protosynthesis|[silent]
|upkeep
|
|t:|1776058677
|switch|p2a: Young Money|Gholdengo|100/100
|turn|16
|
|t:|1776058683
|switch|p1a: Tyranitar|Tyranitar, F|100/100
|-weather|Sandstorm|[from] ability: Sand Stream|[of] p1a: Tyranitar
|move|p2a: Young Money|Make It Rain|p1a: Tyranitar
|-supereffective|p1a: Tyranitar
|-damage|p1a: Tyranitar|45/100
|-unboost|p2a: Young Money|spa|1
|
|-weather|Sandstorm|[upkeep]
|upkeep
|turn|17
|j| samurajen
|
|t:|1776058694
|switch|p2a: Clefable|Clefable, M|2/100 par
|move|p1a: Tyranitar|Knock Off|p2a: Clefable
|-resisted|p2a: Clefable
|-damage|p2a: Clefable|0 fnt
|faint|p2a: Clefable
|
|-weather|Sandstorm|[upkeep]
|upkeep
|
|t:|1776058711
|switch|p2a: Garganacl|Garganacl, M|100/100
|turn|18
|
|t:|1776058716
|move|p1a: Tyranitar|Knock Off|p2a: Garganacl
|-damage|p2a: Garganacl|71/100
|-enditem|p2a: Garganacl|Leftovers|[from] move: Knock Off|[of] p1a: Tyranitar
|move|p2a: Garganacl|Salt Cure|p1a: Tyranitar
|-damage|p1a: Tyranitar|34/100
|-start|p1a: Tyranitar|Salt Cure
|
|-weather|Sandstorm|[upkeep]
|-damage|p1a: Tyranitar|22/100|[from] Salt Cure
|upkeep
|turn|19
|
|t:|1776058733
|move|p1a: Tyranitar|Ice Beam|p2a: Garganacl
|-damage|p2a: Garganacl|63/100
|move|p2a: Garganacl|Salt Cure|p1a: Tyranitar
|-damage|p1a: Tyranitar|10/100
|
|-weather|Sandstorm|[upkeep]
|-damage|p1a: Tyranitar|0 fnt|[from] Salt Cure
|faint|p1a: Tyranitar
|upkeep
|
|t:|1776058738
|switch|p1a: Kyurem|Kyurem|100/100
|-ability|p1a: Kyurem|Pressure
|turn|20
|
|t:|1776058745
|move|p1a: Kyurem|Ice Beam|p2a: Garganacl
|-damage|p2a: Garganacl|44/100
|move|p2a: Garganacl|Salt Cure|p1a: Kyurem
|-supereffective|p1a: Kyurem
|-damage|p1a: Kyurem|74/100
|-start|p1a: Kyurem|Salt Cure
|
|-weather|none
|-damage|p1a: Kyurem|62/100|[from] Salt Cure
|upkeep
|turn|21
|
|t:|1776058766
|move|p1a: Kyurem|Earth Power|p2a: Garganacl
|-supereffective|p2a: Garganacl
|-damage|p2a: Garganacl|2/100
|move|p2a: Garganacl|Recover|p2a: Garganacl
|-heal|p2a: Garganacl|52/100
|
|-damage|p1a: Kyurem|50/100|[from] Salt Cure
|upkeep
|turn|22
|
|t:|1776058777
|move|p1a: Kyurem|Earth Power|p2a: Garganacl
|-supereffective|p2a: Garganacl
|-damage|p2a: Garganacl|11/100
|move|p2a: Garganacl|Salt Cure|p1a: Kyurem
|-supereffective|p1a: Kyurem
|-damage|p1a: Kyurem|22/100
|
|-damage|p1a: Kyurem|10/100|[from] Salt Cure
|upkeep
|turn|23
|
|t:|1776058788
|move|p1a: Kyurem|Ice Beam|p2a: Garganacl
|-damage|p2a: Garganacl|0 fnt
|faint|p2a: Garganacl
|
|-damage|p1a: Kyurem|0 fnt|[from] Salt Cure
|faint|p1a: Kyurem
|upkeep
|
|t:|1776058792
|switch|p1a: Gliscor|Gliscor, M|47/100 tox
|switch|p2a: Escargoat|Wo-Chien|100/100
|-ability|p2a: Escargoat|Tablets of Ruin
|turn|24
|
|t:|1776058797
|-terastallize|p2a: Escargoat|Poison
|move|p1a: Gliscor|Toxic|p2a: Escargoat
|-immune|p2a: Escargoat
|move|p2a: Escargoat|Leech Seed|p1a: Gliscor
|-start|p1a: Gliscor|move: Leech Seed
|
|-damage|p1a: Gliscor|35/100 tox|[from] Leech Seed|[of] p2a: Escargoat
|-heal|p1a: Gliscor|47/100 tox|[from] ability: Poison Heal
|upkeep
|turn|25
|
|t:|1776058811
|move|p1a: Gliscor|Earthquake|p2a: Escargoat
|-supereffective|p2a: Escargoat
|-damage|p2a: Escargoat|61/100
|move|p2a: Escargoat|Foul Play|p1a: Gliscor
|-damage|p1a: Gliscor|28/100 tox
|
|-heal|p2a: Escargoat|68/100|[from] item: Leftovers
|-damage|p1a: Gliscor|15/100 tox|[from] Leech Seed|[of] p2a: Escargoat
|-heal|p2a: Escargoat|79/100|[silent]
|-heal|p1a: Gliscor|28/100 tox|[from] ability: Poison Heal
|upkeep
|turn|26
|
|t:|1776058819
|move|p1a: Gliscor|Earthquake|p2a: Escargoat
|-supereffective|p2a: Escargoat
|-damage|p2a: Escargoat|45/100
|move|p2a: Escargoat|Foul Play|p1a: Gliscor
|-damage|p1a: Gliscor|11/100 tox
|
|-heal|p2a: Escargoat|51/100|[from] item: Leftovers
|-damage|p1a: Gliscor|0 fnt|[from] Leech Seed|[of] p2a: Escargoat
|-heal|p2a: Escargoat|61/100|[silent]
|faint|p1a: Gliscor
|
|win|ceo o wo chien
|raw|elitegamercheezo's rating: 1609 &rarr; <strong>1594</strong><br />(-15 for losing)
|raw|ceo o wo chien's rating: 1701 &rarr; <strong>1716</strong><br />(+15 for winning)
|l| E2508
|l|☆ceo o wo chien
|player|p2|
|c|☆elitegamercheezo|Gg wp
|l|☆elitegamercheezo
|player|p1|
