|html|<div class="broadcast-blue"><strong>[Gen 9] OU is currently suspecting Tera Blast! For information on how to participate check out the <a href="https://www.smogon.com/tools/suspects/view/200">suspect thread</a>.</strong></div>
|j|☆i_love_lulu
|j|☆lzw00
|t:|1776055443
|gametype|singles
|player|p1|i_love_lulu|169|1270
|player|p2|lzw00|rosa|1300
|gen|9
|tier|[Gen 9] OU
|rated|
|rule|HP Percentage Mod: HP is shown in percentages
|rule|Endless Battle Clause: Forcing endless battles is banned
|rule|Species Clause: Limit one of each Pokémon
|rule|OHKO Clause: OHKO moves are banned
|rule|Evasion Items Clause: Evasion items are banned
|rule|Evasion Moves Clause: Evasion moves are banned
|rule|Evasion Abilities Clause: Evasion abilities are banned
|rule|Sleep Moves Clause: Sleep-inducing moves are banned
|clearpoke
|poke|p1|Gliscor, F|
|poke|p1|Heatran, M|
|poke|p1|Sinistcha|
|poke|p1|Corviknight, M|
|poke|p1|Tentacruel, F|
|poke|p1|Darkrai|
|poke|p2|Mimikyu, M|
|poke|p2|Kleavor, F|
|poke|p2|Kommo-o, M|
|poke|p2|Excadrill, F|
|poke|p2|Slowking-Galar, M|
|poke|p2|Porygon2|
|teampreview
|inactive|Battle timer is ON: inactive players will automatically lose when time's up. (requested by i_love_lulu)
|inactive|lzw00 also wants the timer to be on.
|inactive|i_love_lulu has 120 seconds left.
|
|t:|1776055481
|teamsize|p1|6
|teamsize|p2|6
|start
|switch|p1a: Hephaepstein|Heatran, M|100/100
|switch|p2a: Porygon2|Porygon2|100/100
|-item|p1a: Hephaepstein|Air Balloon
|-ability|p2a: Porygon2|Download|boost
|-boost|p2a: Porygon2|atk|1
|turn|1
|
|t:|1776055511
|move|p1a: Hephaepstein|Stealth Rock|p2a: Porygon2
|-sidestart|p2: lzw00|move: Stealth Rock
|move|p2a: Porygon2|Psyshock|p1a: Hephaepstein
|-resisted|p1a: Hephaepstein
|-damage|p1a: Hephaepstein|92/100
|-enditem|p1a: Hephaepstein|Air Balloon
|
|upkeep
|turn|2
|
|t:|1776055535
|switch|p2a: Slowking|Slowking-Galar, M|100/100
|-damage|p2a: Slowking|88/100|[from] Stealth Rock
|move|p1a: Hephaepstein|Magma Storm|p2a: Slowking
|-damage|p2a: Slowking|63/100
|-activate|p2a: Slowking|move: Magma Storm|[of] p1a: Hephaepstein
|
|-heal|p2a: Slowking|70/100|[from] item: Black Sludge
|-damage|p2a: Slowking|57/100|[from] move: Magma Storm|[partiallytrapped]
|upkeep
|turn|3
|inactive|i_love_lulu has 120 seconds left.
|inactive|i_love_lulu has 90 seconds left.
|
|t:|1776055607
|move|p1a: Hephaepstein|Taunt|p2a: Slowking
|-start|p2a: Slowking|move: Taunt
|-prepare|p2a: Slowking|Chilly Reception|[premajor]
|cant|p2a: Slowking|move: Taunt|Chilly Reception
|
|-heal|p2a: Slowking|63/100|[from] item: Black Sludge
|-damage|p2a: Slowking|51/100|[from] move: Magma Storm|[partiallytrapped]
|upkeep
|turn|4
|
|t:|1776055621
|move|p1a: Hephaepstein|Magma Storm|p2a: Slowking|[miss]
|-miss|p1a: Hephaepstein|p2a: Slowking
|move|p2a: Slowking|Future Sight|p1a: Hephaepstein
|-start|p2a: Slowking|move: Future Sight
|
|-heal|p2a: Slowking|57/100|[from] item: Black Sludge
|-damage|p2a: Slowking|44/100|[from] move: Magma Storm|[partiallytrapped]
|upkeep
|turn|5
|inactive|i_love_lulu has 90 seconds left.
|inactive|i_love_lulu has 60 seconds left.
|
|t:|1776055661
|move|p1a: Hephaepstein|Magma Storm|p2a: Slowking|[miss]
|-miss|p1a: Hephaepstein|p2a: Slowking
|move|p2a: Slowking|Future Sight||[still]
|-fail|p2a: Slowking
|
|-heal|p2a: Slowking|50/100|[from] item: Black Sludge
|-damage|p2a: Slowking|38/100|[from] move: Magma Storm|[partiallytrapped]
|-end|p2a: Slowking|move: Taunt
|upkeep
|turn|6
|
|t:|1776055675
|move|p1a: Hephaepstein|Taunt|p2a: Slowking
|-start|p2a: Slowking|move: Taunt
|-prepare|p2a: Slowking|Chilly Reception|[premajor]
|cant|p2a: Slowking|move: Taunt|Chilly Reception
|
|-end|p1a: Hephaepstein|move: Future Sight
|-resisted|p1a: Hephaepstein
|-damage|p1a: Hephaepstein|76/100
|-heal|p2a: Slowking|44/100|[from] item: Black Sludge
|-end|p2a: Slowking|Magma Storm|[partiallytrapped]
|upkeep
|turn|7
|
|t:|1776055694
|switch|p2a: Excadrill|Excadrill, F|100/100
|-damage|p2a: Excadrill|97/100|[from] Stealth Rock
|-ability|p2a: Excadrill|Mold Breaker
|-item|p2a: Excadrill|Air Balloon
|move|p1a: Hephaepstein|Magma Storm|p2a: Excadrill
|-supereffective|p2a: Excadrill
|-damage|p2a: Excadrill|0 fnt
|-enditem|p2a: Excadrill|Air Balloon
|faint|p2a: Excadrill
|
|upkeep
|
|t:|1776055710
|switch|p2a: Kommo-o|Kommo-o, M|100/100
|-damage|p2a: Kommo-o|94/100|[from] Stealth Rock
|turn|8
|inactive|i_love_lulu has 60 seconds left.
|inactive|lzw00 has 120 seconds left.
|
|t:|1776055753
|switch|p1a: Charlie Kirsch|Sinistcha|100/100
|move|p2a: Kommo-o|Clangorous Soul|p2a: Kommo-o
|-boost|p2a: Kommo-o|atk|1
|-boost|p2a: Kommo-o|def|1
|-boost|p2a: Kommo-o|spa|1
|-boost|p2a: Kommo-o|spd|1
|-boost|p2a: Kommo-o|spe|1
|-damage|p2a: Kommo-o|61/100
|-enditem|p2a: Kommo-o|Throat Spray
|-boost|p2a: Kommo-o|spa|1|[from] item: Throat Spray
|
|upkeep
|turn|9
|inactive|lzw00 has 120 seconds left.
|
|t:|1776055767
|move|p2a: Kommo-o|Flamethrower|p1a: Charlie Kirsch
|-supereffective|p1a: Charlie Kirsch
|-damage|p1a: Charlie Kirsch|35/100
|move|p1a: Charlie Kirsch|Strength Sap|p2a: Kommo-o
|-unboost|p2a: Kommo-o|atk|1
|-heal|p1a: Charlie Kirsch|100/100
|
|upkeep
|turn|10
|inactive|i_love_lulu has 60 seconds left.
|
|t:|1776055775
|move|p2a: Kommo-o|Clangorous Soul|p2a: Kommo-o
|-boost|p2a: Kommo-o|atk|1
|-boost|p2a: Kommo-o|def|1
|-boost|p2a: Kommo-o|spa|1
|-boost|p2a: Kommo-o|spd|1
|-boost|p2a: Kommo-o|spe|1
|-damage|p2a: Kommo-o|28/100
|move|p1a: Charlie Kirsch|Calm Mind|p1a: Charlie Kirsch
|-boost|p1a: Charlie Kirsch|spa|1
|-boost|p1a: Charlie Kirsch|spd|1
|
|upkeep
|turn|11
|
|t:|1776055783
|move|p2a: Kommo-o|Flamethrower|p1a: Charlie Kirsch
|-supereffective|p1a: Charlie Kirsch
|-damage|p1a: Charlie Kirsch|48/100
|move|p1a: Charlie Kirsch|Calm Mind|p1a: Charlie Kirsch
|-boost|p1a: Charlie Kirsch|spa|1
|-boost|p1a: Charlie Kirsch|spd|1
|
|upkeep
|turn|12
|
|t:|1776055788
|move|p2a: Kommo-o|Flamethrower|p1a: Charlie Kirsch
|-supereffective|p1a: Charlie Kirsch
|-damage|p1a: Charlie Kirsch|11/100
|move|p1a: Charlie Kirsch|Strength Sap|p2a: Kommo-o
|-unboost|p2a: Kommo-o|atk|1
|-heal|p1a: Charlie Kirsch|98/100
|
|upkeep
|turn|13
|-message|lzw00 forfeited.
|
|win|i_love_lulu
|raw|i_love_lulu's rating: 1270 &rarr; <strong>1296</strong><br />(+26 for winning)
|raw|lzw00's rating: 1279 &rarr; <strong>1253</strong><br />(-26 for losing)
|l|☆lzw00
|player|p2|
|l|☆i_love_lulu
|player|p1|
