|html|<div class="broadcast-blue"><strong>[Gen 9] OU is currently suspecting Tera Blast! For information on how to participate check out the <a href="https://www.smogon.com/tools/suspects/view/200">suspect thread</a>.</strong></div>
|j|☆Nekomaru2
|j|☆xqcqca
|t:|1776061456
|gametype|singles
|player|p1|Nekomaru2|hiker|1080
|player|p2|xqcqca|cynthia|1118
|gen|9
|tier|[Gen 9] OU
|rated|
|rule|HP Percentage Mod: HP is shown in percentages
|rule|Endless Battle Clause: Forcing endless battles is banned
|rule|Species Clause: Limit one of each Pokémon
|rule|OHKO Clause: OHKO moves are banned
|rule|Evasion Items Clause: Evasion items are banned
|rule|Evasion Moves Clause: Evasion moves are banned
|rule|Evasion Abilities Clause: Evasion abilities are banned
|rule|Sleep Moves Clause: Sleep-inducing moves are banned
|clearpoke
|poke|p1|Landorus-Therian, M|
|poke|p1|Heatran, M|
|poke|p1|Zapdos|
|poke|p1|Latios, M|
|poke|p1|Enamorus-Therian, F|
|poke|p1|Suicune|
|poke|p2|Meowscarada, F|
|poke|p2|Pecharunt|
|poke|p2|Enamorus, F|
|poke|p2|Iron Treads|
|poke|p2|Skarmory, M|
|poke|p2|Slowking, F|
|teampreview
|inactive|Battle timer is ON: inactive players will automatically lose when time's up. (requested by xqcqca)
|
|t:|1776061467
|teamsize|p1|6
|teamsize|p2|6
|start
|switch|p1a: Heatran|Heatran, M, shiny|100/100
|switch|p2a: Enamorus|Enamorus, F|100/100
|turn|1
|
|t:|1776061480
|move|p2a: Enamorus|Earth Power|p1a: Heatran
|-supereffective|p1a: Heatran
|-damage|p1a: Heatran|20/100
|-unboost|p1a: Heatran|spd|1
|move|p1a: Heatran|Taunt|p2a: Enamorus
|-start|p2a: Enamorus|move: Taunt
|
|-heal|p1a: Heatran|26/100|[from] item: Leftovers
|upkeep
|turn|2
|
|t:|1776061490
|move|p1a: Heatran|Protect|p1a: Heatran
|-singleturn|p1a: Heatran|Protect
|move|p2a: Enamorus|Earth Power|p1a: Heatran
|-activate|p1a: Heatran|move: Protect
|
|-heal|p1a: Heatran|32/100|[from] item: Leftovers
|upkeep
|turn|3
|
|t:|1776061495
|switch|p1a: Landorus|Landorus-Therian, M, shiny|100/100
|-ability|p1a: Landorus|Intimidate|boost
|-boost|p2a: Enamorus|atk|1
|move|p2a: Enamorus|Earth Power|p1a: Landorus
|-immune|p1a: Landorus
|
|upkeep
|turn|4
|
|t:|1776061505
|switch|p2a: Iron Treads|Iron Treads|100/100
|move|p1a: Landorus|Stealth Rock|p2a: Iron Treads
|-sidestart|p2: xqcqca|move: Stealth Rock
|
|upkeep
|turn|5
|
|t:|1776061512
|move|p2a: Iron Treads|Knock Off|p1a: Landorus
|-damage|p1a: Landorus|82/100
|-damage|p2a: Iron Treads|84/100|[from] item: Rocky Helmet|[of] p1a: Landorus
|-enditem|p1a: Landorus|Rocky Helmet|[from] move: Knock Off|[of] p2a: Iron Treads
|move|p1a: Landorus|Earthquake|p2a: Iron Treads
|-supereffective|p2a: Iron Treads
|-damage|p2a: Iron Treads|15/100
|
|-heal|p2a: Iron Treads|21/100|[from] item: Leftovers
|upkeep
|turn|6
|
|t:|1776061524
|switch|p1a: Heatran|Heatran, M, shiny|32/100
|move|p2a: Iron Treads|Stealth Rock|p1a: Heatran
|-sidestart|p1: Nekomaru2|move: Stealth Rock
|
|-heal|p2a: Iron Treads|27/100|[from] item: Leftovers
|-heal|p1a: Heatran|38/100|[from] item: Leftovers
|upkeep
|turn|7
|
|t:|1776061535
|-end|p2a: Iron Treads|Quark Drive|[silent]
|switch|p2a: Slowking|Slowking, F|100/100
|-damage|p2a: Slowking|88/100|[from] Stealth Rock
|move|p1a: Heatran|Earth Power|p2a: Slowking
|-damage|p2a: Slowking|76/100
|
|-heal|p1a: Heatran|45/100|[from] item: Leftovers
|upkeep
|turn|8
|
|t:|1776061542
|-terastallize|p1a: Heatran|Grass
|move|p1a: Heatran|Magma Storm|p2a: Slowking
|-resisted|p2a: Slowking
|-damage|p2a: Slowking|66/100
|-activate|p2a: Slowking|move: Magma Storm|[of] p1a: Heatran
|move|p2a: Slowking|Future Sight|p1a: Heatran
|-start|p2a: Slowking|move: Future Sight
|
|-heal|p1a: Heatran|51/100|[from] item: Leftovers
|-damage|p2a: Slowking|54/100|[from] move: Magma Storm|[partiallytrapped]
|upkeep
|turn|9
|
|t:|1776061556
|move|p1a: Heatran|Protect|p1a: Heatran
|-singleturn|p1a: Heatran|Protect
|move|p2a: Slowking|Psyshock|p1a: Heatran
|-activate|p1a: Heatran|move: Protect
|
|-heal|p1a: Heatran|57/100|[from] item: Leftovers
|-damage|p2a: Slowking|41/100|[from] move: Magma Storm|[partiallytrapped]
|upkeep
|turn|10
|
|t:|1776061573
|move|p1a: Heatran|Magma Storm|p2a: Slowking
|-resisted|p2a: Slowking
|-damage|p2a: Slowking|31/100
|move|p2a: Slowking|Scald|p1a: Heatran
|-resisted|p1a: Heatran
|-damage|p1a: Heatran|48/100
|
|-end|p1a: Heatran|move: Future Sight
|-damage|p1a: Heatran|21/100
|-heal|p1a: Heatran|28/100|[from] item: Leftovers
|-damage|p2a: Slowking|18/100|[from] move: Magma Storm|[partiallytrapped]
|upkeep
|turn|11
|
|t:|1776061587
|move|p1a: Heatran|Earth Power|p2a: Slowking
|-damage|p2a: Slowking|7/100
|move|p2a: Slowking|Future Sight|p1a: Heatran
|-start|p2a: Slowking|move: Future Sight
|
|-heal|p1a: Heatran|34/100|[from] item: Leftovers
|-damage|p2a: Slowking|0 fnt|[from] move: Magma Storm|[partiallytrapped]
|faint|p2a: Slowking
|upkeep
|
|t:|1776061592
|switch|p2a: Enamorus|Enamorus, F|100/100
|-damage|p2a: Enamorus|76/100|[from] Stealth Rock
|turn|12
|
|t:|1776061602
|move|p2a: Enamorus|Moonblast|p1a: Heatran
|-damage|p1a: Heatran|0 fnt
|faint|p1a: Heatran
|
|upkeep
|
|t:|1776061617
|switch|p1a: Landorus|Landorus-Therian, M, shiny|82/100
|-damage|p1a: Landorus|70/100|[from] Stealth Rock
|-ability|p1a: Landorus|Intimidate|boost
|-boost|p2a: Enamorus|atk|1
|turn|13
|
|t:|1776061623
|move|p2a: Enamorus|Moonblast|p1a: Landorus
|-crit|p1a: Landorus
|-damage|p1a: Landorus|0 fnt
|faint|p1a: Landorus
|
|-hint|Future Sight did not hit because the target is fainted.
|upkeep
|
|t:|1776061632
|switch|p1a: Enamorus|Enamorus-Therian, F|100/100
|-damage|p1a: Enamorus|76/100|[from] Stealth Rock
|turn|14
|
|t:|1776061640
|move|p2a: Enamorus|Moonblast|p1a: Enamorus
|-damage|p1a: Enamorus|37/100
|move|p1a: Enamorus|Sludge Bomb|p2a: Enamorus
|-supereffective|p2a: Enamorus
|-damage|p2a: Enamorus|0 fnt
|faint|p2a: Enamorus
|
|upkeep
|
|t:|1776061648
|switch|p2a: Iron Treads|Iron Treads|27/100
|-damage|p2a: Iron Treads|24/100|[from] Stealth Rock
|turn|15
|
|t:|1776061660
|move|p2a: Iron Treads|Rapid Spin|p1a: Enamorus
|-damage|p1a: Enamorus|26/100
|-boost|p2a: Iron Treads|spe|1
|-sideend|p2: xqcqca|Stealth Rock|[from] move: Rapid Spin|[of] p2a: Iron Treads
|move|p1a: Enamorus|Mystical Fire|p2a: Iron Treads
|-supereffective|p2a: Iron Treads
|-damage|p2a: Iron Treads|0 fnt
|faint|p2a: Iron Treads
|-end|p2a: Iron Treads|Quark Drive|[silent]
|
|upkeep
|
|t:|1776061672
|switch|p2a: Meowscarada|Meowscarada, F|100/100
|turn|16
|
|t:|1776061677
|move|p2a: Meowscarada|Triple Axel|p1a: Enamorus
|-start|p2a: Meowscarada|typechange|Ice|[from] ability: Protean
|-supereffective|p1a: Enamorus
|-damage|p1a: Enamorus|2/100
|-supereffective|p1a: Enamorus
|-damage|p1a: Enamorus|0 fnt
|faint|p1a: Enamorus
|-hitcount|p1: Enamorus|2
|
|upkeep
|
|t:|1776061701
|switch|p1a: Latios|Latios, M, shiny|100/100
|-damage|p1a: Latios|88/100|[from] Stealth Rock
|turn|17
|
|t:|1776061706
|move|p2a: Meowscarada|Triple Axel|p1a: Latios
|-supereffective|p1a: Latios
|-damage|p1a: Latios|52/100
|-supereffective|p1a: Latios
|-damage|p1a: Latios|0 fnt
|faint|p1a: Latios
|-hitcount|p1: Latios|2
|
|upkeep
|
|t:|1776061712
|switch|p1a: Suicune|Suicune, shiny|100/100
|-damage|p1a: Suicune|88/100|[from] Stealth Rock
|-ability|p1a: Suicune|Pressure
|turn|18
|
|t:|1776061721
|switch|p2a: Skarmory|Skarmory, M|100/100
|move|p1a: Suicune|Scald|p2a: Skarmory
|-damage|p2a: Skarmory|64/100
|
|-heal|p1a: Suicune|94/100|[from] item: Leftovers
|upkeep
|turn|19
|
|t:|1776061733
|move|p1a: Suicune|Scald|p2a: Skarmory
|-damage|p2a: Skarmory|29/100
|move|p2a: Skarmory|Body Press|p1a: Suicune
|-damage|p1a: Suicune|78/100
|
|-heal|p1a: Suicune|84/100|[from] item: Leftovers
|upkeep
|turn|20
|
|t:|1776061742
|move|p1a: Suicune|Scald|p2a: Skarmory
|-damage|p2a: Skarmory|0 fnt
|faint|p2a: Skarmory
|
|-heal|p1a: Suicune|91/100|[from] item: Leftovers
|upkeep
|
|t:|1776061746
|switch|p2a: Pecharunt|Pecharunt|100/100
|turn|21
|
|t:|1776061754
|move|p2a: Pecharunt|Malignant Chain|p1a: Suicune
|-damage|p1a: Suicune|68/100
|move|p1a: Suicune|Scald|p2a: Pecharunt
|-damage|p2a: Pecharunt|73/100
|
|-heal|p1a: Suicune|74/100|[from] item: Leftovers
|upkeep
|turn|22
|
|t:|1776061764
|move|p2a: Pecharunt|Malignant Chain|p1a: Suicune
|-damage|p1a: Suicune|53/100
|move|p1a: Suicune|Calm Mind|p1a: Suicune
|-boost|p1a: Suicune|spa|1
|-boost|p1a: Suicune|spd|1
|
|-heal|p1a: Suicune|59/100|[from] item: Leftovers
|upkeep
|turn|23
|
|t:|1776061775
|move|p2a: Pecharunt|Malignant Chain|p1a: Suicune
|-damage|p1a: Suicune|45/100
|-status|p1a: Suicune|tox
|-start|p1a: Suicune|confusion|[from] ability: Poison Puppeteer|[of] p2a: Pecharunt
|-activate|p1a: Suicune|confusion
|move|p1a: Suicune|Scald|p2a: Pecharunt
|-damage|p2a: Pecharunt|37/100
|-status|p2a: Pecharunt|brn
|
|-heal|p1a: Suicune|51/100 tox|[from] item: Leftovers
|-damage|p1a: Suicune|45/100 tox|[from] psn
|-damage|p2a: Pecharunt|31/100 brn|[from] brn
|upkeep
|turn|24
|
|t:|1776061790
|move|p2a: Pecharunt|Recover|p2a: Pecharunt
|-heal|p2a: Pecharunt|81/100 brn
|-activate|p1a: Suicune|confusion
|move|p1a: Suicune|Rest|p1a: Suicune
|-status|p1a: Suicune|slp|[from] move: Rest
|-heal|p1a: Suicune|100/100 slp|[silent]
|
|-damage|p2a: Pecharunt|75/100 brn|[from] brn
|upkeep
|turn|25
|
|t:|1776061799
|move|p2a: Pecharunt|Parting Shot|p1a: Suicune
|-unboost|p1a: Suicune|atk|1
|-unboost|p1a: Suicune|spa|1
|
|t:|1776061802
|switch|p2a: Meowscarada|Meowscarada, F|100/100|[from] Parting Shot
|cant|p1a: Suicune|slp
|-activate|p1a: Suicune|confusion
|-damage|p1a: Suicune|98/100 slp|[from] confusion
|
|-heal|p1a: Suicune|100/100 slp|[from] item: Leftovers
|upkeep
|turn|26
|
|t:|1776061815
|switch|p1a: Zapdos|Zapdos, shiny|100/100
|-terastallize|p2a: Meowscarada|Grass
|move|p2a: Meowscarada|Flower Trick|p1a: Zapdos
|-resisted|p1a: Zapdos
|-crit|p1a: Zapdos
|-damage|p1a: Zapdos|60/100
|
|upkeep
|turn|27
|
|t:|1776061828
|switch|p2a: Pecharunt|Pecharunt|75/100 brn
|move|p1a: Zapdos|Hurricane|p2a: Pecharunt|[miss]
|-miss|p1a: Zapdos|p2a: Pecharunt
|
|-damage|p2a: Pecharunt|69/100 brn|[from] brn
|upkeep
|turn|28
|
|t:|1776061841
|move|p1a: Zapdos|Volt Switch|p2a: Pecharunt
|-damage|p2a: Pecharunt|42/100 brn
|
|t:|1776061844
|switch|p1a: Suicune|Suicune, shiny|100/100 slp|[from] Volt Switch
|-damage|p1a: Suicune|88/100 slp|[from] Stealth Rock
|-ability|p1a: Suicune|Pressure
|move|p2a: Pecharunt|Malignant Chain|p1a: Suicune
|-damage|p1a: Suicune|67/100 slp
|
|-heal|p1a: Suicune|73/100 slp|[from] item: Leftovers
|-damage|p2a: Pecharunt|35/100 brn|[from] brn
|upkeep
|turn|29
|
|t:|1776061862
|move|p2a: Pecharunt|Recover|p2a: Pecharunt
|-heal|p2a: Pecharunt|85/100 brn
|cant|p1a: Suicune|slp
|
|-heal|p1a: Suicune|79/100 slp|[from] item: Leftovers
|-damage|p2a: Pecharunt|79/100 brn|[from] brn
|upkeep
|turn|30
|
|t:|1776061870
|move|p2a: Pecharunt|Parting Shot|p1a: Suicune
|-unboost|p1a: Suicune|atk|1
|-unboost|p1a: Suicune|spa|1
|
|t:|1776061873
|switch|p2a: Meowscarada|Meowscarada, F, tera:Grass|100/100|[from] Parting Shot
|-curestatus|p1a: Suicune|slp|[msg]
|move|p1a: Suicune|Calm Mind|p1a: Suicune
|-boost|p1a: Suicune|spa|1
|-boost|p1a: Suicune|spd|1
|
|-heal|p1a: Suicune|85/100|[from] item: Leftovers
|upkeep
|turn|31
|
|t:|1776061884
|move|p2a: Meowscarada|Flower Trick|p1a: Suicune
|-supereffective|p1a: Suicune
|-crit|p1a: Suicune
|-damage|p1a: Suicune|0 fnt
|faint|p1a: Suicune
|
|upkeep
|
|t:|1776061887
|switch|p1a: Zapdos|Zapdos, shiny|60/100
|turn|32
|
|t:|1776061894
|switch|p2a: Pecharunt|Pecharunt|79/100 brn
|move|p1a: Zapdos|Hurricane|p2a: Pecharunt|[miss]
|-miss|p1a: Zapdos|p2a: Pecharunt
|
|-damage|p2a: Pecharunt|73/100 brn|[from] brn
|upkeep
|turn|33
|
|t:|1776061921
|move|p1a: Zapdos|Roost|p1a: Zapdos
|-heal|p1a: Zapdos|100/100
|-singleturn|p1a: Zapdos|move: Roost
|move|p2a: Pecharunt|Parting Shot|p1a: Zapdos
|-unboost|p1a: Zapdos|atk|1
|-unboost|p1a: Zapdos|spa|1
|
|t:|1776061923
|switch|p2a: Meowscarada|Meowscarada, F, tera:Grass|100/100|[from] Parting Shot
|
|upkeep
|turn|34
|
|t:|1776061931
|move|p2a: Meowscarada|Triple Axel|p1a: Zapdos
|-supereffective|p1a: Zapdos
|-damage|p1a: Zapdos|84/100
|-supereffective|p1a: Zapdos
|-damage|p1a: Zapdos|55/100
|-supereffective|p1a: Zapdos
|-crit|p1a: Zapdos
|-damage|p1a: Zapdos|0 fnt
|faint|p1a: Zapdos
|-hitcount|p1: Zapdos|3
|
|win|xqcqca
|raw|Nekomaru2's rating: 1080 &rarr; <strong>1060</strong><br />(-20 for losing)
|raw|xqcqca's rating: 1118 &rarr; <strong>1140</strong><br />(+22 for winning)
|l|☆Nekomaru2
|player|p1|
|l|☆xqcqca
|player|p2|
