|html|<div class="broadcast-blue"><strong>[Gen 9] OU is currently suspecting Tera Blast! For information on how to participate check out the <a href="https://www.smogon.com/tools/suspects/view/200">suspect thread</a>.</strong></div>
|j|☆Jc3_123abc
|j|☆Jpecoso
|t:|1776075896
|gametype|singles
|player|p1|Jc3_123abc|policeman-gen4|1313
|player|p2|Jpecoso|cynthia-gen4|1290
|gen|9
|tier|[Gen 9] OU
|rated|
|rule|HP Percentage Mod: HP is shown in percentages
|rule|Endless Battle Clause: Forcing endless battles is banned
|rule|Species Clause: Limit one of each Pokémon
|rule|OHKO Clause: OHKO moves are banned
|rule|Evasion Items Clause: Evasion items are banned
|rule|Evasion Moves Clause: Evasion moves are banned
|rule|Evasion Abilities Clause: Evasion abilities are banned
|rule|Sleep Moves Clause: Sleep-inducing moves are banned
|clearpoke
|poke|p1|Glastrier|
|poke|p1|Mudsdale, M|
|poke|p1|Keldeo-Resolute|
|poke|p1|Corviknight, F|
|poke|p1|Rotom-Heat|
|poke|p1|Raging Bolt|
|poke|p2|Gliscor, M|
|poke|p2|Tentacruel, M|
|poke|p2|Infernape, F|
|poke|p2|Dragapult, M|
|poke|p2|Empoleon, F|
|poke|p2|Thundurus-Therian, M|
|teampreview
|j| ohko_smeargle
|inactive|Battle timer is ON: inactive players will automatically lose when time's up. (requested by Jpecoso)
|
|t:|1776075912
|teamsize|p1|6
|teamsize|p2|6
|start
|switch|p1a: Keldeo|Keldeo-Resolute|100/100
|switch|p2a: Thundurus|Thundurus-Therian, M|100/100
|turn|1
|
|t:|1776075918
|switch|p1a: Glastrier|Glastrier|100/100
|move|p2a: Thundurus|Thunderbolt|p1a: Glastrier
|-damage|p1a: Glastrier|73/100
|
|upkeep
|turn|2
|
|t:|1776075941
|switch|p2a: Tentacruel|Tentacruel, M|100/100
|move|p1a: Glastrier|Avalanche|p2a: Tentacruel
|-resisted|p2a: Tentacruel
|-damage|p2a: Tentacruel|83/100
|
|-heal|p2a: Tentacruel|89/100|[from] item: Black Sludge
|upkeep
|turn|3
|
|t:|1776075947
|switch|p1a: Corviknight|Corviknight, F|100/100
|move|p2a: Tentacruel|Toxic Spikes|p1a: Corviknight
|-sidestart|p1: Jc3_123abc|move: Toxic Spikes
|
|-heal|p2a: Tentacruel|95/100|[from] item: Black Sludge
|upkeep
|turn|4
|
|t:|1776075952
|move|p2a: Tentacruel|Toxic Spikes|p1a: Corviknight
|-sidestart|p1: Jc3_123abc|move: Toxic Spikes
|move|p1a: Corviknight|Defog|p2a: Tentacruel
|-fail|p2a: Tentacruel|unboost|[from] ability: Clear Body|[of] p2a: Tentacruel
|-sideend|p1: Jc3_123abc|Toxic Spikes|[from] move: Defog|[of] p1a: Corviknight
|
|-heal|p2a: Tentacruel|100/100|[from] item: Black Sludge
|upkeep
|turn|5
|
|t:|1776075958
|move|p2a: Tentacruel|Chilling Water|p1a: Corviknight
|-damage|p1a: Corviknight|87/100
|-ability|p1a: Corviknight|Mirror Armor
|-fail|p2a: Tentacruel|unboost|[from] ability: Clear Body|[of] p2a: Tentacruel
|move|p1a: Corviknight|Brave Bird|p2a: Tentacruel
|-damage|p2a: Tentacruel|51/100
|-damage|p1a: Corviknight|73/100|[from] Recoil
|
|-heal|p2a: Tentacruel|57/100|[from] item: Black Sludge
|upkeep
|turn|6
|
|t:|1776075969
|move|p2a: Tentacruel|Chilling Water|p1a: Corviknight
|-damage|p1a: Corviknight|58/100
|-ability|p1a: Corviknight|Mirror Armor
|-fail|p2a: Tentacruel|unboost|[from] ability: Clear Body|[of] p2a: Tentacruel
|move|p1a: Corviknight|Roost|p1a: Corviknight
|-heal|p1a: Corviknight|100/100
|-singleturn|p1a: Corviknight|move: Roost
|
|-heal|p2a: Tentacruel|63/100|[from] item: Black Sludge
|upkeep
|turn|7
|
|t:|1776075978
|switch|p2a: Gliscor|Gliscor, M, shiny|100/100
|move|p1a: Corviknight|Brave Bird|p2a: Gliscor
|-damage|p2a: Gliscor|78/100
|-damage|p1a: Corviknight|94/100|[from] Recoil
|
|-status|p2a: Gliscor|tox|[from] item: Toxic Orb
|upkeep
|turn|8
|
|t:|1776075985
|switch|p1a: Keldeo|Keldeo-Resolute|100/100
|move|p2a: Gliscor|Stealth Rock|p1a: Keldeo
|-sidestart|p1: Jc3_123abc|move: Stealth Rock
|
|-heal|p2a: Gliscor|90/100 tox|[from] ability: Poison Heal
|upkeep
|turn|9
|
|t:|1776075996
|move|p2a: Gliscor|Protect|p2a: Gliscor
|-singleturn|p2a: Gliscor|Protect
|move|p1a: Keldeo|Surf|p2a: Gliscor
|-activate|p2a: Gliscor|move: Protect
|
|-heal|p2a: Gliscor|100/100 tox|[from] ability: Poison Heal
|upkeep
|turn|10
|
|t:|1776076004
|switch|p2a: Tentacruel|Tentacruel, M|63/100
|move|p1a: Keldeo|Surf|p2a: Tentacruel
|-resisted|p2a: Tentacruel
|-damage|p2a: Tentacruel|47/100
|
|-heal|p2a: Tentacruel|53/100|[from] item: Black Sludge
|upkeep
|turn|11
|
|t:|1776076009
|switch|p1a: Corviknight|Corviknight, F|94/100
|-damage|p1a: Corviknight|81/100|[from] Stealth Rock
|move|p2a: Tentacruel|Chilling Water|p1a: Corviknight
|-damage|p1a: Corviknight|69/100
|-ability|p1a: Corviknight|Mirror Armor
|-fail|p2a: Tentacruel|unboost|[from] ability: Clear Body|[of] p2a: Tentacruel
|
|-heal|p2a: Tentacruel|59/100|[from] item: Black Sludge
|upkeep
|turn|12
|
|t:|1776076013
|switch|p2a: Infernape|Infernape, F|100/100
|move|p1a: Corviknight|Defog|p2a: Infernape
|-unboost|p2a: Infernape|evasion|1
|-sideend|p1: Jc3_123abc|Stealth Rock|[from] move: Defog|[of] p1a: Corviknight
|
|upkeep
|turn|13
|
|t:|1776076023
|switch|p1a: Mudsdale|Mudsdale, M|100/100
|move|p2a: Infernape|Fire Punch|p1a: Mudsdale
|-damage|p1a: Mudsdale|62/100
|-ability|p1a: Mudsdale|Stamina|boost
|-boost|p1a: Mudsdale|def|1
|
|upkeep
|turn|14
|
|t:|1776076029
|switch|p2a: Gliscor|Gliscor, M, shiny|100/100 tox
|move|p1a: Mudsdale|Smack Down|p2a: Gliscor
|-damage|p2a: Gliscor|89/100 tox
|-start|p2a: Gliscor|Smack Down
|
|-heal|p2a: Gliscor|100/100 tox|[from] ability: Poison Heal
|upkeep
|turn|15
|
|t:|1776076036
|move|p2a: Gliscor|Stealth Rock|p1a: Mudsdale
|-sidestart|p1: Jc3_123abc|move: Stealth Rock
|move|p1a: Mudsdale|Earthquake|p2a: Gliscor
|-crit|p2a: Gliscor
|-damage|p2a: Gliscor|50/100 tox
|
|-heal|p2a: Gliscor|62/100 tox|[from] ability: Poison Heal
|upkeep
|turn|16
|
|t:|1776076038
|move|p2a: Gliscor|Toxic|p1a: Mudsdale
|-status|p1a: Mudsdale|tox
|move|p1a: Mudsdale|Earthquake|p2a: Gliscor
|-damage|p2a: Gliscor|28/100 tox
|
|-heal|p2a: Gliscor|40/100 tox|[from] ability: Poison Heal
|-damage|p1a: Mudsdale|55/100 tox|[from] psn
|upkeep
|turn|17
|
|t:|1776076043
|switch|p1a: Corviknight|Corviknight, F|69/100
|-damage|p1a: Corviknight|56/100|[from] Stealth Rock
|move|p2a: Gliscor|Protect||[still]
|-fail|p2a: Gliscor
|
|-heal|p2a: Gliscor|53/100 tox|[from] ability: Poison Heal
|upkeep
|turn|18
|
|t:|1776076048
|move|p2a: Gliscor|Protect|p2a: Gliscor
|-singleturn|p2a: Gliscor|Protect
|move|p1a: Corviknight|Defog|p2a: Gliscor
|-activate|p2a: Gliscor|move: Protect
|
|-heal|p2a: Gliscor|65/100 tox|[from] ability: Poison Heal
|upkeep
|turn|19
|
|t:|1776076050
|switch|p2a: Empoleon|Empoleon, F|100/100
|move|p1a: Corviknight|Defog|p2a: Empoleon
|-unboost|p2a: Empoleon|evasion|1
|-ability|p2a: Empoleon|Competitive|boost
|-boost|p2a: Empoleon|spa|2
|-sideend|p1: Jc3_123abc|Stealth Rock|[from] move: Defog|[of] p1a: Corviknight
|
|upkeep
|turn|20
|
|t:|1776076062
|move|p1a: Corviknight|Body Press|p2a: Empoleon
|-supereffective|p2a: Empoleon
|-crit|p2a: Empoleon
|-damage|p2a: Empoleon|19/100
|move|p2a: Empoleon|Surf|p1a: Corviknight
|-damage|p1a: Corviknight|0 fnt
|faint|p1a: Corviknight
|
|upkeep
|
|t:|1776076065
|switch|p1a: Keldeo|Keldeo-Resolute|100/100
|turn|21
|
|t:|1776076079
|switch|p1a: Rotom|Rotom-Heat|100/100
|switch|p2a: Tentacruel|Tentacruel, M|59/100
|
|-heal|p2a: Tentacruel|65/100|[from] item: Black Sludge
|upkeep
|turn|22
|
|t:|1776076084
|move|p2a: Tentacruel|Toxic Spikes|p1a: Rotom
|-sidestart|p1: Jc3_123abc|move: Toxic Spikes
|move|p1a: Rotom|Substitute|p1a: Rotom
|-start|p1a: Rotom|Substitute
|-damage|p1a: Rotom|75/100
|
|-heal|p2a: Tentacruel|71/100|[from] item: Black Sludge
|-heal|p1a: Rotom|82/100|[from] item: Leftovers
|upkeep
|turn|23
|
|t:|1776076088
|move|p2a: Tentacruel|Toxic Spikes|p1a: Rotom
|-sidestart|p1: Jc3_123abc|move: Toxic Spikes
|move|p1a: Rotom|Nasty Plot|p1a: Rotom
|-boost|p1a: Rotom|spa|2
|
|-heal|p2a: Tentacruel|77/100|[from] item: Black Sludge
|-heal|p1a: Rotom|88/100|[from] item: Leftovers
|upkeep
|turn|24
|
|t:|1776076101
|-terastallize|p1a: Rotom|Fairy
|move|p2a: Tentacruel|Chilling Water|p1a: Rotom
|-activate|p1a: Rotom|move: Substitute|[damage]
|move|p1a: Rotom|Discharge|p2a: Tentacruel
|-supereffective|p2a: Tentacruel
|-crit|p2a: Tentacruel
|-damage|p2a: Tentacruel|0 fnt
|faint|p2a: Tentacruel
|
|-heal|p1a: Rotom|94/100|[from] item: Leftovers
|upkeep
|
|t:|1776076110
|switch|p2a: Thundurus|Thundurus-Therian, M|100/100
|turn|25
|
|t:|1776076112
|move|p2a: Thundurus|Volt Switch|p1a: Rotom
|-end|p1a: Rotom|Substitute
|
|t:|1776076115
|switch|p2a: Empoleon|Empoleon, F|19/100|[from] Volt Switch
|move|p1a: Rotom|Tera Blast|p2a: Empoleon|[anim] Tera Blast Fairy
|-resisted|p2a: Empoleon
|-damage|p2a: Empoleon|0 fnt
|faint|p2a: Empoleon
|
|-heal|p1a: Rotom|100/100|[from] item: Leftovers
|upkeep
|
|t:|1776076132
|switch|p2a: Thundurus|Thundurus-Therian, M|100/100
|turn|26
|
|t:|1776076143
|move|p2a: Thundurus|Thunderbolt|p1a: Rotom
|-damage|p1a: Rotom|25/100
|move|p1a: Rotom|Tera Blast|p2a: Thundurus|[anim] Tera Blast Fairy
|-damage|p2a: Thundurus|2/100
|
|-heal|p1a: Rotom|31/100|[from] item: Leftovers
|upkeep
|turn|27
|
|t:|1776076149
|switch|p1a: Mudsdale|Mudsdale, M|55/100 tox
|move|p2a: Thundurus|Thunderbolt|p1a: Mudsdale
|-immune|p1a: Mudsdale
|
|-damage|p1a: Mudsdale|49/100 tox|[from] psn
|upkeep
|turn|28
|
|t:|1776076155
|switch|p2a: Gliscor|Gliscor, M, shiny|65/100 tox
|move|p1a: Mudsdale|Smack Down|p2a: Gliscor
|-crit|p2a: Gliscor
|-damage|p2a: Gliscor|47/100 tox
|-start|p2a: Gliscor|Smack Down
|
|-heal|p2a: Gliscor|59/100 tox|[from] ability: Poison Heal
|-damage|p1a: Mudsdale|37/100 tox|[from] psn
|upkeep
|turn|29
|
|t:|1776076159
|move|p2a: Gliscor|Protect|p2a: Gliscor
|-singleturn|p2a: Gliscor|Protect
|move|p1a: Mudsdale|Earthquake|p2a: Gliscor
|-activate|p2a: Gliscor|move: Protect
|
|-heal|p2a: Gliscor|71/100 tox|[from] ability: Poison Heal
|-damage|p1a: Mudsdale|18/100 tox|[from] psn
|upkeep
|turn|30
|
|t:|1776076164
|move|p2a: Gliscor|Earthquake|p1a: Mudsdale
|-damage|p1a: Mudsdale|0 fnt
|faint|p1a: Mudsdale
|
|-heal|p2a: Gliscor|84/100 tox|[from] ability: Poison Heal
|upkeep
|
|t:|1776076173
|switch|p1a: Rotom|Rotom-Heat, tera:Fairy|31/100
|turn|31
|
|t:|1776076178
|move|p2a: Gliscor|Toxic|p1a: Rotom
|-status|p1a: Rotom|tox
|move|p1a: Rotom|Substitute|p1a: Rotom
|-start|p1a: Rotom|Substitute
|-damage|p1a: Rotom|6/100 tox
|
|-heal|p1a: Rotom|12/100 tox|[from] item: Leftovers
|-heal|p2a: Gliscor|96/100 tox|[from] ability: Poison Heal
|-damage|p1a: Rotom|6/100 tox|[from] psn
|upkeep
|turn|32
|
|t:|1776076181
|move|p2a: Gliscor|Stealth Rock|p1a: Rotom
|-sidestart|p1: Jc3_123abc|move: Stealth Rock
|move|p1a: Rotom|Tera Blast|p2a: Gliscor|[anim] Tera Blast Fairy
|-damage|p2a: Gliscor|56/100 tox
|
|-heal|p1a: Rotom|12/100 tox|[from] item: Leftovers
|-heal|p2a: Gliscor|68/100 tox|[from] ability: Poison Heal
|-damage|p1a: Rotom|0 fnt|[from] psn
|faint|p1a: Rotom
|upkeep
|
|t:|1776076188
|switch|p1a: Keldeo|Keldeo-Resolute|100/100
|-status|p1a: Keldeo|tox
|-damage|p1a: Keldeo|94/100 tox|[from] Stealth Rock
|turn|33
|
|t:|1776076192
|move|p2a: Gliscor|Protect|p2a: Gliscor
|-singleturn|p2a: Gliscor|Protect
|move|p1a: Keldeo|Surf|p2a: Gliscor
|-activate|p2a: Gliscor|move: Protect
|
|-damage|p1a: Keldeo|88/100 tox|[from] psn
|-heal|p2a: Gliscor|80/100 tox|[from] ability: Poison Heal
|upkeep
|turn|34
|
|t:|1776076196
|-terastallize|p2a: Gliscor|Water
|move|p1a: Keldeo|Surf|p2a: Gliscor
|-resisted|p2a: Gliscor
|-damage|p2a: Gliscor|51/100 tox
|move|p2a: Gliscor|Earthquake|p1a: Keldeo
|-damage|p1a: Keldeo|49/100 tox
|
|-damage|p1a: Keldeo|37/100 tox|[from] psn
|-heal|p2a: Gliscor|64/100 tox|[from] ability: Poison Heal
|upkeep
|turn|35
|
|t:|1776076203
|move|p1a: Keldeo|Surf|p2a: Gliscor
|-resisted|p2a: Gliscor
|-damage|p2a: Gliscor|33/100 tox
|move|p2a: Gliscor|Earthquake|p1a: Keldeo
|-damage|p1a: Keldeo|0 fnt
|faint|p1a: Keldeo
|
|-heal|p2a: Gliscor|45/100 tox|[from] ability: Poison Heal
|upkeep
|
|t:|1776076205
|switch|p1a: Raging Bolt|Raging Bolt|100/100
|-status|p1a: Raging Bolt|tox
|-damage|p1a: Raging Bolt|88/100 tox|[from] Stealth Rock
|turn|36
|
|t:|1776076209
|move|p2a: Gliscor|Protect|p2a: Gliscor
|-singleturn|p2a: Gliscor|Protect
|move|p1a: Raging Bolt|Calm Mind|p1a: Raging Bolt
|-boost|p1a: Raging Bolt|spa|1
|-boost|p1a: Raging Bolt|spd|1
|
|-heal|p1a: Raging Bolt|94/100 tox|[from] item: Leftovers
|-heal|p2a: Gliscor|58/100 tox|[from] ability: Poison Heal
|-damage|p1a: Raging Bolt|88/100 tox|[from] psn
|upkeep
|turn|37
|
|t:|1776076214
|switch|p2a: Thundurus|Thundurus-Therian, M|2/100
|move|p1a: Raging Bolt|Dragon Pulse|p2a: Thundurus
|-damage|p2a: Thundurus|0 fnt
|faint|p2a: Thundurus
|
|-heal|p1a: Raging Bolt|94/100 tox|[from] item: Leftovers
|-damage|p1a: Raging Bolt|82/100 tox|[from] psn
|upkeep
|
|t:|1776076223
|switch|p2a: Gliscor|Gliscor, M, shiny, tera:Water|58/100 tox
|turn|38
|
|t:|1776076226
|move|p2a: Gliscor|Earthquake|p1a: Raging Bolt
|-supereffective|p1a: Raging Bolt
|-damage|p1a: Raging Bolt|31/100 tox
|move|p1a: Raging Bolt|Calm Mind|p1a: Raging Bolt
|-boost|p1a: Raging Bolt|spa|1
|-boost|p1a: Raging Bolt|spd|1
|
|-heal|p1a: Raging Bolt|38/100 tox|[from] item: Leftovers
|-heal|p2a: Gliscor|70/100 tox|[from] ability: Poison Heal
|-damage|p1a: Raging Bolt|19/100 tox|[from] psn
|upkeep
|turn|39
|
|t:|1776076232
|move|p2a: Gliscor|Protect|p2a: Gliscor
|-singleturn|p2a: Gliscor|Protect
|move|p1a: Raging Bolt|Thunderbolt|p2a: Gliscor
|-activate|p2a: Gliscor|move: Protect
|
|-heal|p1a: Raging Bolt|25/100 tox|[from] item: Leftovers
|-heal|p2a: Gliscor|83/100 tox|[from] ability: Poison Heal
|-damage|p1a: Raging Bolt|0 fnt|[from] psn
|faint|p1a: Raging Bolt
|-end|p1a: Raging Bolt|Protosynthesis|[silent]
|upkeep
|-message|Jc3_123abc forfeited.
|
|win|Jpecoso
|raw|Jc3_123abc's rating: 1313 &rarr; <strong>1292</strong><br />(-21 for losing)
|raw|Jpecoso's rating: 1290 &rarr; <strong>1317</strong><br />(+27 for winning)
|l|☆Jc3_123abc
|player|p1|
|l| ohko_smeargle
|c|☆Jpecoso|Gg
|l|☆Jpecoso
|player|p2|
