|html|<div class="broadcast-blue"><strong>[Gen 9] OU is currently suspecting Tera Blast! For information on how to participate check out the <a href="https://www.smogon.com/tools/suspects/view/200">suspect thread</a>.</strong></div>
|j|☆EMVV
|j|☆qjsgg
|t:|1776172671
|gametype|singles
|player|p1|EMVV|gambler|1030
|player|p2|qjsgg|pokekid|1000
|gen|9
|tier|[Gen 9] OU
|rated|
|rule|HP Percentage Mod: HP is shown in percentages
|rule|Endless Battle Clause: Forcing endless battles is banned
|rule|Species Clause: Limit one of each Pokémon
|rule|OHKO Clause: OHKO moves are banned
|rule|Evasion Items Clause: Evasion items are banned
|rule|Evasion Moves Clause: Evasion moves are banned
|rule|Evasion Abilities Clause: Evasion abilities are banned
|rule|Sleep Moves Clause: Sleep-inducing moves are banned
|clearpoke
|poke|p1|Chesnaught, F|
|poke|p1|Gliscor, M|
|poke|p1|Primarina, F|
|poke|p1|Corviknight, M|
|poke|p1|Goodra, M|
|poke|p1|Houndoom, F|
|poke|p2|Kyurem|
|poke|p2|Corviknight, M|
|poke|p2|Ting-Lu|
|poke|p2|Dondozo, M|
|poke|p2|Slowking-Galar, L99, F|
|poke|p2|Cinderace, F|
|teampreview
|inactive|Battle timer is ON: inactive players will automatically lose when time's up. (requested by qjsgg)
|inactive|EMVV also wants the timer to be on.
|
|t:|1776172689
|teamsize|p1|6
|teamsize|p2|6
|start
|switch|p1a: Corviknight|Corviknight, M|100/100
|switch|p2a: Ting-Lu|Ting-Lu|100/100
|-ability|p2a: Ting-Lu|Vessel of Ruin
|turn|1
|
|t:|1776172710
|move|p1a: Corviknight|Brave Bird|p2a: Ting-Lu
|-crit|p2a: Ting-Lu
|-damage|p2a: Ting-Lu|70/100
|-damage|p1a: Corviknight|87/100|[from] Recoil
|move|p2a: Ting-Lu|Stealth Rock|p1a: Corviknight
|-sidestart|p1: EMVV|move: Stealth Rock
|
|-heal|p1a: Corviknight|94/100|[from] item: Leftovers
|-heal|p2a: Ting-Lu|76/100|[from] item: Leftovers
|upkeep
|turn|2
|
|t:|1776172720
|move|p1a: Corviknight|Defog|p2a: Ting-Lu
|-unboost|p2a: Ting-Lu|evasion|1
|-sideend|p1: EMVV|Stealth Rock|[from] move: Defog|[of] p1a: Corviknight
|move|p2a: Ting-Lu|Whirlwind|p1a: Corviknight
|drag|p1a: Goodra|Goodra, M|100/100
|
|-heal|p2a: Ting-Lu|82/100|[from] item: Leftovers
|upkeep
|turn|3
|
|t:|1776172729
|move|p1a: Goodra|Ice Beam|p2a: Ting-Lu
|-supereffective|p2a: Ting-Lu
|-damage|p2a: Ting-Lu|63/100
|move|p2a: Ting-Lu|Stealth Rock|p1a: Goodra
|-sidestart|p1: EMVV|move: Stealth Rock
|
|-heal|p2a: Ting-Lu|69/100|[from] item: Leftovers
|upkeep
|turn|4
|
|t:|1776172738
|switch|p1a: Corviknight|Corviknight, M|94/100
|-damage|p1a: Corviknight|81/100|[from] Stealth Rock
|move|p2a: Ting-Lu|Earthquake|p1a: Corviknight
|-immune|p1a: Corviknight
|
|-heal|p1a: Corviknight|87/100|[from] item: Leftovers
|-heal|p2a: Ting-Lu|75/100|[from] item: Leftovers
|upkeep
|turn|5
|
|t:|1776172746
|move|p1a: Corviknight|Brave Bird|p2a: Ting-Lu
|-damage|p2a: Ting-Lu|54/100
|-damage|p1a: Corviknight|78/100|[from] Recoil
|move|p2a: Ting-Lu|Whirlwind|p1a: Corviknight
|drag|p1a: Primarina|Primarina, F|100/100
|-damage|p1a: Primarina|88/100|[from] Stealth Rock
|
|-heal|p1a: Primarina|94/100|[from] item: Leftovers
|-heal|p2a: Ting-Lu|60/100|[from] item: Leftovers
|upkeep
|turn|6
|
|t:|1776172759
|switch|p2a: Dondozo|Dondozo, M|100/100
|move|p1a: Primarina|Hyper Voice|p2a: Dondozo
|-resisted|p2a: Dondozo
|-damage|p2a: Dondozo|75/100
|
|-heal|p1a: Primarina|99/100|[from] item: Leftovers
|-heal|p2a: Dondozo|81/100|[from] item: Leftovers
|upkeep
|turn|7
|
|t:|1776172771
|switch|p1a: Chesnaught|Chesnaught, F, shiny|100/100
|-damage|p1a: Chesnaught|94/100|[from] Stealth Rock
|move|p2a: Dondozo|Body Press|p1a: Chesnaught
|-crit|p1a: Chesnaught
|-damage|p1a: Chesnaught|67/100
|-damage|p2a: Dondozo|65/100|[from] item: Rocky Helmet|[of] p1a: Chesnaught
|
|-heal|p2a: Dondozo|71/100|[from] item: Leftovers
|upkeep
|turn|8
|
|t:|1776172784
|switch|p2a: Corviknight|Corviknight, M|100/100
|-ability|p2a: Corviknight|Pressure
|move|p1a: Chesnaught|Body Press|p2a: Corviknight
|-damage|p2a: Corviknight|76/100
|-damage|p1a: Chesnaught|51/100|[from] item: Rocky Helmet|[of] p2a: Corviknight
|
|upkeep
|turn|9
|
|t:|1776172797
|switch|p1a: Corviknight|Corviknight, M|78/100
|-damage|p1a: Corviknight|66/100|[from] Stealth Rock
|move|p2a: Corviknight|Roost|p2a: Corviknight
|-heal|p2a: Corviknight|100/100
|-singleturn|p2a: Corviknight|move: Roost
|
|-heal|p1a: Corviknight|72/100|[from] item: Leftovers
|upkeep
|turn|10
|
|t:|1776172809
|move|p2a: Corviknight|Brave Bird|p1a: Corviknight
|-resisted|p1a: Corviknight
|-damage|p1a: Corviknight|61/100
|-damage|p2a: Corviknight|97/100|[from] Recoil
|move|p1a: Corviknight|Defog|p2a: Corviknight
|-unboost|p2a: Corviknight|evasion|1
|-sideend|p1: EMVV|Stealth Rock|[from] move: Defog|[of] p1a: Corviknight
|
|-heal|p1a: Corviknight|68/100|[from] item: Leftovers
|upkeep
|turn|11
|
|t:|1776172819
|move|p2a: Corviknight|Brave Bird|p1a: Corviknight
|-resisted|p1a: Corviknight
|-damage|p1a: Corviknight|56/100
|-damage|p2a: Corviknight|93/100|[from] Recoil
|move|p1a: Corviknight|Roost|p1a: Corviknight
|-heal|p1a: Corviknight|100/100
|-singleturn|p1a: Corviknight|move: Roost
|
|upkeep
|turn|12
|
|t:|1776172828
|move|p2a: Corviknight|Brave Bird|p1a: Corviknight
|-resisted|p1a: Corviknight
|-damage|p1a: Corviknight|90/100
|-damage|p2a: Corviknight|90/100|[from] Recoil
|move|p1a: Corviknight|U-turn|p2a: Corviknight
|-resisted|p2a: Corviknight
|-damage|p2a: Corviknight|87/100
|-damage|p1a: Corviknight|74/100|[from] item: Rocky Helmet|[of] p2a: Corviknight
|
|t:|1776172831
|switch|p1a: Houndoom|Houndoom, F|100/100|[from] U-turn
|
|upkeep
|turn|13
|
|t:|1776172844
|switch|p2a: Dondozo|Dondozo, M|71/100
|move|p1a: Houndoom|Dark Pulse|p2a: Dondozo
|-damage|p2a: Dondozo|33/100
|
|-heal|p2a: Dondozo|39/100|[from] item: Leftovers
|upkeep
|turn|14
|
|t:|1776172855
|switch|p1a: Chesnaught|Chesnaught, F, shiny|51/100
|move|p2a: Dondozo|Rest|p2a: Dondozo
|-status|p2a: Dondozo|slp|[from] move: Rest
|-heal|p2a: Dondozo|100/100 slp|[silent]
|
|upkeep
|turn|15
|
|t:|1776172862
|move|p1a: Chesnaught|Synthesis|p1a: Chesnaught
|-heal|p1a: Chesnaught|100/100
|cant|p2a: Dondozo|slp
|move|p2a: Dondozo|Sleep Talk|p2a: Dondozo
|move|p2a: Dondozo|Body Press|p1a: Chesnaught|[from] move: Sleep Talk
|-damage|p1a: Chesnaught|82/100
|-damage|p2a: Dondozo|84/100 slp|[from] item: Rocky Helmet|[of] p1a: Chesnaught
|
|-heal|p2a: Dondozo|90/100 slp|[from] item: Leftovers
|upkeep
|turn|16
|
|t:|1776172875
|move|p1a: Chesnaught|Wood Hammer|p2a: Dondozo
|-supereffective|p2a: Dondozo
|-damage|p2a: Dondozo|47/100 slp
|-damage|p1a: Chesnaught|63/100|[from] Recoil
|cant|p2a: Dondozo|slp
|move|p2a: Dondozo|Sleep Talk|p2a: Dondozo
|move|p2a: Dondozo|Waterfall|p1a: Chesnaught|[from] move: Sleep Talk
|-resisted|p1a: Chesnaught
|-damage|p1a: Chesnaught|53/100
|-damage|p2a: Dondozo|31/100 slp|[from] item: Rocky Helmet|[of] p1a: Chesnaught
|
|-heal|p2a: Dondozo|37/100 slp|[from] item: Leftovers
|upkeep
|turn|17
|
|t:|1776172888
|switch|p2a: Corviknight|Corviknight, M|87/100
|-ability|p2a: Corviknight|Pressure
|move|p1a: Chesnaught|Synthesis|p1a: Chesnaught
|-heal|p1a: Chesnaught|100/100
|
|upkeep
|turn|18
|
|t:|1776172899
|switch|p1a: Corviknight|Corviknight, M|74/100
|move|p2a: Corviknight|U-turn|p1a: Corviknight
|-resisted|p1a: Corviknight
|-damage|p1a: Corviknight|71/100
|
|t:|1776172906
|switch|p2a: Cinderace|Cinderace, F|100/100|[from] U-turn
|
|-heal|p1a: Corviknight|78/100|[from] item: Leftovers
|upkeep
|turn|19
|
|t:|1776172923
|switch|p1a: Chesnaught|Chesnaught, F, shiny|100/100
|move|p2a: Cinderace|Will-O-Wisp|p1a: Chesnaught
|-status|p1a: Chesnaught|brn
|
|-damage|p1a: Chesnaught|94/100 brn|[from] brn
|upkeep
|turn|20
|
|t:|1776172935
|move|p2a: Cinderace|U-turn|p1a: Chesnaught
|-start|p2a: Cinderace|typechange|Bug|[from] ability: Libero
|-damage|p1a: Chesnaught|77/100 brn
|-damage|p2a: Cinderace|84/100|[from] item: Rocky Helmet|[of] p1a: Chesnaught
|
|t:|1776172947
|switch|p2a: Corviknight|Corviknight, M|87/100|[from] U-turn
|-ability|p2a: Corviknight|Pressure
|move|p1a: Chesnaught|Body Press|p2a: Corviknight
|-damage|p2a: Corviknight|76/100
|-damage|p1a: Chesnaught|60/100 brn|[from] item: Rocky Helmet|[of] p2a: Corviknight
|
|-damage|p1a: Chesnaught|54/100 brn|[from] brn
|upkeep
|turn|21
|
|t:|1776172959
|switch|p1a: Corviknight|Corviknight, M|78/100
|move|p2a: Corviknight|U-turn|p1a: Corviknight
|-resisted|p1a: Corviknight
|-damage|p1a: Corviknight|76/100
|
|t:|1776172964
|switch|p2a: Dondozo|Dondozo, M|37/100 slp|[from] U-turn
|
|-heal|p1a: Corviknight|82/100|[from] item: Leftovers
|-heal|p2a: Dondozo|43/100 slp|[from] item: Leftovers
|upkeep
|turn|22
|
|t:|1776172984
|move|p1a: Corviknight|U-turn|p2a: Dondozo
|-damage|p2a: Dondozo|37/100 slp
|
|t:|1776172988
|switch|p1a: Chesnaught|Chesnaught, F, shiny|54/100 brn|[from] U-turn
|-curestatus|p2a: Dondozo|slp|[msg]
|move|p2a: Dondozo|Rest|p2a: Dondozo
|-status|p2a: Dondozo|slp|[from] move: Rest
|-heal|p2a: Dondozo|100/100 slp|[silent]
|
|-damage|p1a: Chesnaught|48/100 brn|[from] brn
|upkeep
|turn|23
|
|t:|1776173000
|switch|p2a: Corviknight|Corviknight, M|76/100
|-ability|p2a: Corviknight|Pressure
|move|p1a: Chesnaught|Synthesis|p1a: Chesnaught
|-heal|p1a: Chesnaught|98/100 brn
|
|-damage|p1a: Chesnaught|92/100 brn|[from] brn
|upkeep
|turn|24
|
|t:|1776173012
|switch|p1a: Corviknight|Corviknight, M|82/100
|move|p2a: Corviknight|Roost|p2a: Corviknight
|-heal|p2a: Corviknight|100/100
|-singleturn|p2a: Corviknight|move: Roost
|
|-heal|p1a: Corviknight|88/100|[from] item: Leftovers
|upkeep
|turn|25
|
|t:|1776173022
|move|p2a: Corviknight|Brave Bird|p1a: Corviknight
|-resisted|p1a: Corviknight
|-damage|p1a: Corviknight|77/100
|-damage|p2a: Corviknight|97/100|[from] Recoil
|move|p1a: Corviknight|U-turn|p2a: Corviknight
|-resisted|p2a: Corviknight
|-damage|p2a: Corviknight|95/100
|-damage|p1a: Corviknight|61/100|[from] item: Rocky Helmet|[of] p2a: Corviknight
|
|t:|1776173027
|switch|p1a: Houndoom|Houndoom, F|100/100|[from] U-turn
|
|upkeep
|turn|26
|
|t:|1776173039
|switch|p2a: Dondozo|Dondozo, M|100/100 slp
|move|p1a: Houndoom|Dark Pulse|p2a: Dondozo
|-damage|p2a: Dondozo|67/100 slp
|
|-heal|p2a: Dondozo|73/100 slp|[from] item: Leftovers
|upkeep
|turn|27
|
|t:|1776173050
|switch|p1a: Primarina|Primarina, F|99/100
|cant|p2a: Dondozo|slp
|move|p2a: Dondozo|Sleep Talk|p2a: Dondozo
|move|p2a: Dondozo|Rest||[from] move: Sleep Talk|[still]
|-fail|p2a: Dondozo
|
|-heal|p1a: Primarina|100/100|[from] item: Leftovers
|-heal|p2a: Dondozo|79/100 slp|[from] item: Leftovers
|upkeep
|turn|28
|
|t:|1776173061
|switch|p2a: Cinderace|Cinderace, F|84/100
|move|p1a: Primarina|Moonblast|p2a: Cinderace
|-resisted|p2a: Cinderace
|-damage|p2a: Cinderace|54/100
|-unboost|p2a: Cinderace|spa|1
|
|upkeep
|turn|29
|
|t:|1776173084
|move|p2a: Cinderace|U-turn|p1a: Primarina
|-start|p2a: Cinderace|typechange|Bug|[from] ability: Libero
|-resisted|p1a: Primarina
|-damage|p1a: Primarina|84/100
|
|t:|1776173089
|switch|p2a: Dondozo|Dondozo, M|79/100 slp|[from] U-turn
|move|p1a: Primarina|Hyper Voice|p2a: Dondozo
|-resisted|p2a: Dondozo
|-damage|p2a: Dondozo|54/100 slp
|
|-heal|p1a: Primarina|90/100|[from] item: Leftovers
|-heal|p2a: Dondozo|60/100 slp|[from] item: Leftovers
|upkeep
|turn|30
|
|t:|1776173102
|switch|p2a: Corviknight|Corviknight, M|95/100
|-ability|p2a: Corviknight|Pressure
|move|p1a: Primarina|Moonblast|p2a: Corviknight
|-resisted|p2a: Corviknight
|-damage|p2a: Corviknight|69/100
|
|-heal|p1a: Primarina|96/100|[from] item: Leftovers
|upkeep
|turn|31
|
|t:|1776173118
|switch|p2a: Kyurem|Kyurem|100/100
|-ability|p2a: Kyurem|Pressure
|-terastallize|p1a: Primarina|Fire
|move|p1a: Primarina|Tera Blast|p2a: Kyurem|[anim] Tera Blast Fire
|-damage|p2a: Kyurem|61/100
|
|-heal|p2a: Kyurem|67/100|[from] item: Leftovers
|-heal|p1a: Primarina|100/100|[from] item: Leftovers
|upkeep
|turn|32
|
|t:|1776173133
|move|p2a: Kyurem|Protect|p2a: Kyurem
|-singleturn|p2a: Kyurem|Protect
|move|p1a: Primarina|Moonblast|p2a: Kyurem
|-activate|p2a: Kyurem|move: Protect
|
|-heal|p2a: Kyurem|73/100|[from] item: Leftovers
|upkeep
|turn|33
|
|t:|1776173145
|move|p2a: Kyurem|Earth Power|p1a: Primarina
|-supereffective|p1a: Primarina
|-damage|p1a: Primarina|53/100
|move|p1a: Primarina|Moonblast|p2a: Kyurem
|-supereffective|p2a: Kyurem
|-crit|p2a: Kyurem
|-damage|p2a: Kyurem|0 fnt
|faint|p2a: Kyurem
|
|-heal|p1a: Primarina|59/100|[from] item: Leftovers
|upkeep
|
|t:|1776173155
|switch|p2a: Dondozo|Dondozo, M|60/100 slp
|turn|34
|
|t:|1776173160
|switch|p1a: Chesnaught|Chesnaught, F, shiny|92/100 brn
|cant|p2a: Dondozo|slp
|
|-heal|p2a: Dondozo|67/100 slp|[from] item: Leftovers
|-damage|p1a: Chesnaught|86/100 brn|[from] brn
|upkeep
|turn|35
|
|t:|1776173174
|move|p1a: Chesnaught|Iron Defense|p1a: Chesnaught
|-boost|p1a: Chesnaught|def|2
|-curestatus|p2a: Dondozo|slp|[msg]
|move|p2a: Dondozo|Waterfall|p1a: Chesnaught
|-resisted|p1a: Chesnaught
|-damage|p1a: Chesnaught|78/100 brn
|-damage|p2a: Dondozo|50/100|[from] item: Rocky Helmet|[of] p1a: Chesnaught
|
|-heal|p2a: Dondozo|56/100|[from] item: Leftovers
|-damage|p1a: Chesnaught|72/100 brn|[from] brn
|upkeep
|turn|36
|
|t:|1776173185
|switch|p2a: Slowking|Slowking-Galar, L99, F|100/100
|move|p1a: Chesnaught|Body Press|p2a: Slowking
|-resisted|p2a: Slowking
|-damage|p2a: Slowking|91/100
|
|-damage|p1a: Chesnaught|65/100 brn|[from] brn
|upkeep
|turn|37
|
|t:|1776173199
|switch|p1a: Corviknight|Corviknight, M|61/100
|move|p2a: Slowking|Sludge Bomb|p1a: Corviknight
|-immune|p1a: Corviknight
|
|-heal|p1a: Corviknight|67/100|[from] item: Leftovers
|upkeep
|turn|38
|
|t:|1776173212
|move|p1a: Corviknight|U-turn|p2a: Slowking
|-damage|p2a: Slowking|75/100
|
|t:|1776173221
|switch|p1a: Gliscor|Gliscor, M|100/100|[from] U-turn
|-prepare|p2a: Slowking|Chilly Reception|[premajor]
|move|p2a: Slowking|Chilly Reception|p2a: Slowking
|-weather|Snowscape
|
|t:|1776173230
|switch|p2a: Corviknight|Corviknight, M|69/100|[from] Chilly Reception
|-ability|p2a: Corviknight|Pressure
|
|-weather|Snowscape|[upkeep]
|-status|p1a: Gliscor|tox|[from] item: Toxic Orb
|upkeep
|turn|39
|
|t:|1776173242
|move|p1a: Gliscor|Knock Off|p2a: Corviknight
|-damage|p2a: Corviknight|54/100
|-damage|p1a: Gliscor|84/100 tox|[from] item: Rocky Helmet|[of] p2a: Corviknight
|-enditem|p2a: Corviknight|Rocky Helmet|[from] move: Knock Off|[of] p1a: Gliscor
|move|p2a: Corviknight|U-turn|p1a: Gliscor
|-resisted|p1a: Gliscor
|-damage|p1a: Gliscor|77/100 tox
|
|t:|1776173252
|switch|p2a: Dondozo|Dondozo, M|56/100|[from] U-turn
|
|-weather|Snowscape|[upkeep]
|-heal|p2a: Dondozo|62/100|[from] item: Leftovers
|-heal|p1a: Gliscor|90/100 tox|[from] ability: Poison Heal
|upkeep
|turn|40
|
|t:|1776173269
|switch|p1a: Chesnaught|Chesnaught, F, shiny|65/100 brn
|move|p2a: Dondozo|Rest|p2a: Dondozo
|-status|p2a: Dondozo|slp|[from] move: Rest
|-heal|p2a: Dondozo|100/100 slp|[silent]
|
|-weather|Snowscape|[upkeep]
|-damage|p1a: Chesnaught|59/100 brn|[from] brn
|upkeep
|turn|41
|
|t:|1776173284
|switch|p2a: Corviknight|Corviknight, M|54/100
|-ability|p2a: Corviknight|Pressure
|move|p1a: Chesnaught|Body Press|p2a: Corviknight
|-damage|p2a: Corviknight|44/100
|
|-weather|Snowscape|[upkeep]
|-damage|p1a: Chesnaught|53/100 brn|[from] brn
|upkeep
|turn|42
|
|t:|1776173297
|switch|p1a: Corviknight|Corviknight, M|67/100
|move|p2a: Corviknight|Brave Bird|p1a: Corviknight
|-resisted|p1a: Corviknight
|-damage|p1a: Corviknight|56/100
|-damage|p2a: Corviknight|40/100|[from] Recoil
|
|-weather|none
|-heal|p1a: Corviknight|62/100|[from] item: Leftovers
|upkeep
|turn|43
|
|t:|1776173306
|move|p2a: Corviknight|Roost|p2a: Corviknight
|-heal|p2a: Corviknight|90/100
|-singleturn|p2a: Corviknight|move: Roost
|move|p1a: Corviknight|Roost|p1a: Corviknight
|-heal|p1a: Corviknight|100/100
|-singleturn|p1a: Corviknight|move: Roost
|
|upkeep
|turn|44
|
|t:|1776173316
|move|p2a: Corviknight|Brave Bird|p1a: Corviknight
|-resisted|p1a: Corviknight
|-damage|p1a: Corviknight|90/100
|-damage|p2a: Corviknight|86/100|[from] Recoil
|move|p1a: Corviknight|U-turn|p2a: Corviknight
|-resisted|p2a: Corviknight
|-damage|p2a: Corviknight|84/100
|
|t:|1776173321
|switch|p1a: Houndoom|Houndoom, F|100/100|[from] U-turn
|
|upkeep
|turn|45
|
|t:|1776173336
|switch|p2a: Ting-Lu|Ting-Lu|60/100
|-ability|p2a: Ting-Lu|Vessel of Ruin
|move|p1a: Houndoom|Dark Pulse|p2a: Ting-Lu
|-resisted|p2a: Ting-Lu
|-damage|p2a: Ting-Lu|53/100
|
|-heal|p2a: Ting-Lu|59/100|[from] item: Leftovers
|upkeep
|turn|46
|
|t:|1776173352
|switch|p1a: Corviknight|Corviknight, M|90/100
|move|p2a: Ting-Lu|Whirlwind|p1a: Corviknight
|drag|p1a: Primarina|Primarina, F, tera:Fire|59/100
|
|-heal|p1a: Primarina|65/100|[from] item: Leftovers
|-heal|p2a: Ting-Lu|65/100|[from] item: Leftovers
|upkeep
|turn|47
|
|t:|1776173361
|switch|p1a: Corviknight|Corviknight, M|90/100
|move|p2a: Ting-Lu|Earthquake|p1a: Corviknight
|-immune|p1a: Corviknight
|
|-heal|p1a: Corviknight|96/100|[from] item: Leftovers
|-heal|p2a: Ting-Lu|71/100|[from] item: Leftovers
|upkeep
|turn|48
|
|t:|1776173370
|move|p1a: Corviknight|Brave Bird|p2a: Ting-Lu
|-damage|p2a: Ting-Lu|51/100
|-damage|p1a: Corviknight|88/100|[from] Recoil
|move|p2a: Ting-Lu|Whirlwind|p1a: Corviknight
|drag|p1a: Houndoom|Houndoom, F|100/100
|
|-heal|p2a: Ting-Lu|57/100|[from] item: Leftovers
|upkeep
|turn|49
|
|t:|1776173381
|switch|p1a: Corviknight|Corviknight, M|88/100
|move|p2a: Ting-Lu|Stealth Rock|p1a: Corviknight
|-sidestart|p1: EMVV|move: Stealth Rock
|
|-heal|p1a: Corviknight|94/100|[from] item: Leftovers
|-heal|p2a: Ting-Lu|63/100|[from] item: Leftovers
|upkeep
|turn|50
|
|t:|1776173388
|move|p1a: Corviknight|Brave Bird|p2a: Ting-Lu
|-crit|p2a: Ting-Lu
|-damage|p2a: Ting-Lu|36/100
|-damage|p1a: Corviknight|82/100|[from] Recoil
|move|p2a: Ting-Lu|Whirlwind|p1a: Corviknight
|drag|p1a: Primarina|Primarina, F, tera:Fire|65/100
|-damage|p1a: Primarina|40/100|[from] Stealth Rock
|
|-heal|p1a: Primarina|46/100|[from] item: Leftovers
|-heal|p2a: Ting-Lu|43/100|[from] item: Leftovers
|upkeep
|turn|51
|
|t:|1776173405
|switch|p1a: Corviknight|Corviknight, M|82/100
|-damage|p1a: Corviknight|70/100|[from] Stealth Rock
|move|p2a: Ting-Lu|Whirlwind|p1a: Corviknight
|drag|p1a: Gliscor|Gliscor, M|90/100 tox
|-damage|p1a: Gliscor|77/100 tox|[from] Stealth Rock
|
|-heal|p2a: Ting-Lu|49/100|[from] item: Leftovers
|-heal|p1a: Gliscor|90/100 tox|[from] ability: Poison Heal
|upkeep
|turn|52
|
|t:|1776173425
|switch|p2a: Corviknight|Corviknight, M|84/100
|-ability|p2a: Corviknight|Pressure
|move|p1a: Gliscor|Knock Off|p2a: Corviknight
|-damage|p2a: Corviknight|72/100
|
|-heal|p1a: Gliscor|100/100 tox|[from] ability: Poison Heal
|upkeep
|turn|53
|
|t:|1776173434
|switch|p1a: Corviknight|Corviknight, M|70/100
|-damage|p1a: Corviknight|57/100|[from] Stealth Rock
|move|p2a: Corviknight|U-turn|p1a: Corviknight
|-resisted|p1a: Corviknight
|-damage|p1a: Corviknight|55/100
|
|t:|1776173442
|switch|p2a: Cinderace|Cinderace, F|54/100|[from] U-turn
|
|-heal|p1a: Corviknight|62/100|[from] item: Leftovers
|upkeep
|turn|54
|
|t:|1776173451
|switch|p1a: Houndoom|Houndoom, F|100/100
|-damage|p1a: Houndoom|76/100|[from] Stealth Rock
|move|p2a: Cinderace|Pyro Ball|p1a: Houndoom
|-start|p1a: Houndoom|ability: Flash Fire
|
|upkeep
|turn|55
|
|t:|1776173463
|move|p1a: Houndoom|Dark Pulse|p2a: Cinderace
|-damage|p2a: Cinderace|12/100
|move|p2a: Cinderace|U-turn|p1a: Houndoom
|-start|p2a: Cinderace|typechange|Bug|[from] ability: Libero
|-damage|p1a: Houndoom|21/100
|
|t:|1776173477
|switch|p2a: Ting-Lu|Ting-Lu|49/100|[from] U-turn
|-ability|p2a: Ting-Lu|Vessel of Ruin
|
|-heal|p2a: Ting-Lu|55/100|[from] item: Leftovers
|upkeep
|turn|56
|
|t:|1776173484
|-end|p1a: Houndoom|ability: Flash Fire|[silent]
|switch|p1a: Gliscor|Gliscor, M|100/100 tox
|-damage|p1a: Gliscor|88/100 tox|[from] Stealth Rock
|move|p2a: Ting-Lu|Whirlwind|p1a: Gliscor
|drag|p1a: Goodra|Goodra, M|100/100
|-damage|p1a: Goodra|88/100|[from] Stealth Rock
|
|-heal|p2a: Ting-Lu|61/100|[from] item: Leftovers
|upkeep
|turn|57
|
|t:|1776173495
|switch|p1a: Corviknight|Corviknight, M|62/100
|-damage|p1a: Corviknight|49/100|[from] Stealth Rock
|move|p2a: Ting-Lu|Whirlwind|p1a: Corviknight
|drag|p1a: Gliscor|Gliscor, M|88/100 tox
|-damage|p1a: Gliscor|76/100 tox|[from] Stealth Rock
|
|-heal|p2a: Ting-Lu|67/100|[from] item: Leftovers
|-heal|p1a: Gliscor|88/100 tox|[from] ability: Poison Heal
|upkeep
|turn|58
|
|t:|1776173507
|switch|p2a: Corviknight|Corviknight, M|72/100
|-ability|p2a: Corviknight|Pressure
|move|p1a: Gliscor|Knock Off|p2a: Corviknight
|-damage|p2a: Corviknight|61/100
|
|-heal|p1a: Gliscor|100/100 tox|[from] ability: Poison Heal
|upkeep
|turn|59
|
|t:|1776173516
|switch|p1a: Corviknight|Corviknight, M|49/100
|-damage|p1a: Corviknight|37/100|[from] Stealth Rock
|move|p2a: Corviknight|Roost|p2a: Corviknight
|-heal|p2a: Corviknight|100/100
|-singleturn|p2a: Corviknight|move: Roost
|
|-heal|p1a: Corviknight|43/100|[from] item: Leftovers
|upkeep
|turn|60
|
|t:|1776173526
|move|p2a: Corviknight|U-turn|p1a: Corviknight
|-resisted|p1a: Corviknight
|-damage|p1a: Corviknight|41/100
|
|t:|1776173531
|switch|p2a: Ting-Lu|Ting-Lu|67/100|[from] U-turn
|-ability|p2a: Ting-Lu|Vessel of Ruin
|move|p1a: Corviknight|Roost|p1a: Corviknight
|-heal|p1a: Corviknight|91/100
|-singleturn|p1a: Corviknight|move: Roost
|
|-heal|p1a: Corviknight|97/100|[from] item: Leftovers
|-heal|p2a: Ting-Lu|74/100|[from] item: Leftovers
|upkeep
|turn|61
|
|t:|1776173543
|move|p1a: Corviknight|Defog|p2a: Ting-Lu
|-unboost|p2a: Ting-Lu|evasion|1
|-sideend|p1: EMVV|Stealth Rock|[from] move: Defog|[of] p1a: Corviknight
|move|p2a: Ting-Lu|Whirlwind|p1a: Corviknight
|drag|p1a: Goodra|Goodra, M|88/100
|
|-heal|p2a: Ting-Lu|80/100|[from] item: Leftovers
|upkeep
|turn|62
|
|t:|1776173555
|switch|p1a: Corviknight|Corviknight, M|97/100
|move|p2a: Ting-Lu|Stealth Rock|p1a: Corviknight
|-sidestart|p1: EMVV|move: Stealth Rock
|
|-heal|p1a: Corviknight|100/100|[from] item: Leftovers
|-heal|p2a: Ting-Lu|86/100|[from] item: Leftovers
|upkeep
|turn|63
|
|t:|1776173562
|move|p1a: Corviknight|Defog|p2a: Ting-Lu
|-unboost|p2a: Ting-Lu|evasion|1
|-sideend|p1: EMVV|Stealth Rock|[from] move: Defog|[of] p1a: Corviknight
|move|p2a: Ting-Lu|Whirlwind|p1a: Corviknight
|drag|p1a: Gliscor|Gliscor, M|100/100 tox
|
|-heal|p2a: Ting-Lu|92/100|[from] item: Leftovers
|upkeep
|turn|64
|
|t:|1776173572
|switch|p2a: Corviknight|Corviknight, M|100/100
|-ability|p2a: Corviknight|Pressure
|move|p1a: Gliscor|Knock Off|p2a: Corviknight
|-damage|p2a: Corviknight|90/100
|
|upkeep
|turn|65
|
|t:|1776173582
|switch|p1a: Corviknight|Corviknight, M|100/100
|move|p2a: Corviknight|U-turn|p1a: Corviknight
|-resisted|p1a: Corviknight
|-damage|p1a: Corviknight|98/100
|
|t:|1776173590
|switch|p2a: Cinderace|Cinderace, F|12/100|[from] U-turn
|
|-heal|p1a: Corviknight|100/100|[from] item: Leftovers
|upkeep
|turn|66
|
|t:|1776173597
|switch|p1a: Houndoom|Houndoom, F|21/100
|move|p2a: Cinderace|Pyro Ball|p1a: Houndoom
|-start|p1a: Houndoom|ability: Flash Fire
|
|upkeep
|turn|67
|
|t:|1776173609
|switch|p2a: Ting-Lu|Ting-Lu|92/100
|-ability|p2a: Ting-Lu|Vessel of Ruin
|move|p1a: Houndoom|Dark Pulse|p2a: Ting-Lu
|-resisted|p2a: Ting-Lu
|-damage|p2a: Ting-Lu|85/100
|
|-heal|p2a: Ting-Lu|91/100|[from] item: Leftovers
|upkeep
|turn|68
|
|t:|1776173618
|-end|p1a: Houndoom|ability: Flash Fire|[silent]
|switch|p1a: Gliscor|Gliscor, M|100/100 tox
|move|p2a: Ting-Lu|Stealth Rock|p1a: Gliscor
|-sidestart|p1: EMVV|move: Stealth Rock
|
|-heal|p2a: Ting-Lu|97/100|[from] item: Leftovers
|upkeep
|turn|69
|
|t:|1776173626
|switch|p2a: Corviknight|Corviknight, M|90/100
|-ability|p2a: Corviknight|Pressure
|move|p1a: Gliscor|Knock Off|p2a: Corviknight
|-damage|p2a: Corviknight|80/100
|
|upkeep
|turn|70
|
|t:|1776173634
|switch|p1a: Corviknight|Corviknight, M|100/100
|-damage|p1a: Corviknight|88/100|[from] Stealth Rock
|move|p2a: Corviknight|U-turn|p1a: Corviknight
|-resisted|p1a: Corviknight
|-damage|p1a: Corviknight|86/100
|
|t:|1776173641
|switch|p2a: Cinderace|Cinderace, F|12/100|[from] U-turn
|
|-heal|p1a: Corviknight|92/100|[from] item: Leftovers
|upkeep
|turn|71
|
|t:|1776173646
|switch|p1a: Chesnaught|Chesnaught, F, shiny|53/100 brn
|-damage|p1a: Chesnaught|47/100 brn|[from] Stealth Rock
|move|p2a: Cinderace|Pyro Ball|p1a: Chesnaught
|-immune|p1a: Chesnaught|[from] ability: Bulletproof
|
|-damage|p1a: Chesnaught|41/100 brn|[from] brn
|upkeep
|turn|72
|
|t:|1776173660
|switch|p2a: Corviknight|Corviknight, M|80/100
|-ability|p2a: Corviknight|Pressure
|move|p1a: Chesnaught|Synthesis|p1a: Chesnaught
|-heal|p1a: Chesnaught|91/100 brn
|
|-damage|p1a: Chesnaught|85/100 brn|[from] brn
|upkeep
|turn|73
|
|t:|1776173671
|switch|p1a: Corviknight|Corviknight, M|92/100
|-damage|p1a: Corviknight|80/100|[from] Stealth Rock
|move|p2a: Corviknight|Brave Bird|p1a: Corviknight
|-resisted|p1a: Corviknight
|-damage|p1a: Corviknight|69/100
|-damage|p2a: Corviknight|76/100|[from] Recoil
|
|-heal|p1a: Corviknight|76/100|[from] item: Leftovers
|upkeep
|turn|74
|
|t:|1776173681
|move|p2a: Corviknight|U-turn|p1a: Corviknight
|-resisted|p1a: Corviknight
|-damage|p1a: Corviknight|74/100
|
|t:|1776173684
|switch|p2a: Ting-Lu|Ting-Lu|97/100|[from] U-turn
|-ability|p2a: Ting-Lu|Vessel of Ruin
|move|p1a: Corviknight|Defog|p2a: Ting-Lu
|-unboost|p2a: Ting-Lu|evasion|1
|-sideend|p1: EMVV|Stealth Rock|[from] move: Defog|[of] p1a: Corviknight
|
|-heal|p1a: Corviknight|80/100|[from] item: Leftovers
|-heal|p2a: Ting-Lu|100/100|[from] item: Leftovers
|upkeep
|turn|75
|
|t:|1776173694
|move|p1a: Corviknight|U-turn|p2a: Ting-Lu
|-supereffective|p2a: Ting-Lu
|-damage|p2a: Ting-Lu|86/100
|
|t:|1776173698
|switch|p1a: Gliscor|Gliscor, M|100/100 tox|[from] U-turn
|move|p2a: Ting-Lu|Stealth Rock|p1a: Gliscor
|-sidestart|p1: EMVV|move: Stealth Rock
|
|-heal|p2a: Ting-Lu|92/100|[from] item: Leftovers
|upkeep
|turn|76
|
|t:|1776173709
|switch|p2a: Corviknight|Corviknight, M|76/100
|-ability|p2a: Corviknight|Pressure
|move|p1a: Gliscor|Knock Off|p2a: Corviknight
|-damage|p2a: Corviknight|64/100
|
|upkeep
|turn|77
|
|t:|1776173718
|switch|p1a: Corviknight|Corviknight, M|80/100
|-damage|p1a: Corviknight|67/100|[from] Stealth Rock
|move|p2a: Corviknight|Roost|p2a: Corviknight
|-heal|p2a: Corviknight|100/100
|-singleturn|p2a: Corviknight|move: Roost
|
|-heal|p1a: Corviknight|74/100|[from] item: Leftovers
|upkeep
|turn|78
|
|t:|1776173727
|move|p2a: Corviknight|U-turn|p1a: Corviknight
|-resisted|p1a: Corviknight
|-damage|p1a: Corviknight|72/100
|
|t:|1776173730
|switch|p2a: Ting-Lu|Ting-Lu|92/100|[from] U-turn
|-ability|p2a: Ting-Lu|Vessel of Ruin
|move|p1a: Corviknight|Defog|p2a: Ting-Lu
|-unboost|p2a: Ting-Lu|evasion|1
|-sideend|p1: EMVV|Stealth Rock|[from] move: Defog|[of] p1a: Corviknight
|
|-heal|p1a: Corviknight|78/100|[from] item: Leftovers
|-heal|p2a: Ting-Lu|98/100|[from] item: Leftovers
|upkeep
|turn|79
|
|t:|1776173740
|move|p1a: Corviknight|U-turn|p2a: Ting-Lu
|-supereffective|p2a: Ting-Lu
|-damage|p2a: Ting-Lu|82/100
|
|t:|1776173742
|switch|p1a: Gliscor|Gliscor, M|100/100 tox|[from] U-turn
|move|p2a: Ting-Lu|Stealth Rock|p1a: Gliscor
|-sidestart|p1: EMVV|move: Stealth Rock
|
|-heal|p2a: Ting-Lu|88/100|[from] item: Leftovers
|upkeep
|turn|80
|
|t:|1776173752
|switch|p1a: Houndoom|Houndoom, F|21/100
|-damage|p1a: Houndoom|0 fnt|[from] Stealth Rock
|faint|p1a: Houndoom
|switch|p2a: Corviknight|Corviknight, M|100/100
|-ability|p2a: Corviknight|Pressure
|
|upkeep
|
|t:|1776173760
|switch|p1a: Primarina|Primarina, F, tera:Fire|46/100
|-damage|p1a: Primarina|21/100|[from] Stealth Rock
|turn|81
|
|t:|1776173769
|switch|p2a: Dondozo|Dondozo, M|100/100 slp
|switch|p1a: Corviknight|Corviknight, M|78/100
|-damage|p1a: Corviknight|65/100|[from] Stealth Rock
|
|-heal|p1a: Corviknight|72/100|[from] item: Leftovers
|upkeep
|turn|82
|
|t:|1776173778
|switch|p2a: Ting-Lu|Ting-Lu|88/100
|-ability|p2a: Ting-Lu|Vessel of Ruin
|move|p1a: Corviknight|Defog|p2a: Ting-Lu
|-unboost|p2a: Ting-Lu|evasion|1
|-sideend|p1: EMVV|Stealth Rock|[from] move: Defog|[of] p1a: Corviknight
|
|-heal|p1a: Corviknight|78/100|[from] item: Leftovers
|-heal|p2a: Ting-Lu|95/100|[from] item: Leftovers
|upkeep
|turn|83
|
|t:|1776173787
|move|p1a: Corviknight|U-turn|p2a: Ting-Lu
|-supereffective|p2a: Ting-Lu
|-damage|p2a: Ting-Lu|79/100
|
|t:|1776173790
|switch|p1a: Gliscor|Gliscor, M|100/100 tox|[from] U-turn
|move|p2a: Ting-Lu|Stealth Rock|p1a: Gliscor
|-sidestart|p1: EMVV|move: Stealth Rock
|
|-heal|p2a: Ting-Lu|86/100|[from] item: Leftovers
|upkeep
|turn|84
|
|t:|1776173800
|switch|p2a: Corviknight|Corviknight, M|100/100
|-ability|p2a: Corviknight|Pressure
|move|p1a: Gliscor|Stealth Rock|p2a: Corviknight
|-sidestart|p2: qjsgg|move: Stealth Rock
|
|upkeep
|turn|85
|
|t:|1776173813
|switch|p1a: Corviknight|Corviknight, M|78/100
|-damage|p1a: Corviknight|65/100|[from] Stealth Rock
|move|p2a: Corviknight|U-turn|p1a: Corviknight
|-resisted|p1a: Corviknight
|-damage|p1a: Corviknight|63/100
|
|t:|1776173819
|switch|p2a: Ting-Lu|Ting-Lu|86/100|[from] U-turn
|-damage|p2a: Ting-Lu|79/100|[from] Stealth Rock
|-ability|p2a: Ting-Lu|Vessel of Ruin
|
|-heal|p1a: Corviknight|70/100|[from] item: Leftovers
|-heal|p2a: Ting-Lu|86/100|[from] item: Leftovers
|upkeep
|turn|86
|
|t:|1776173828
|move|p1a: Corviknight|U-turn|p2a: Ting-Lu
|-supereffective|p2a: Ting-Lu
|-damage|p2a: Ting-Lu|70/100
|
|t:|1776173834
|switch|p1a: Chesnaught|Chesnaught, F, shiny|85/100 brn|[from] U-turn
|-damage|p1a: Chesnaught|79/100 brn|[from] Stealth Rock
|move|p2a: Ting-Lu|Whirlwind|p1a: Chesnaught
|drag|p1a: Gliscor|Gliscor, M|100/100 tox
|-damage|p1a: Gliscor|88/100 tox|[from] Stealth Rock
|
|-heal|p2a: Ting-Lu|76/100|[from] item: Leftovers
|-heal|p1a: Gliscor|100/100 tox|[from] ability: Poison Heal
|upkeep
|turn|87
|
|t:|1776173849
|switch|p2a: Corviknight|Corviknight, M|100/100
|-damage|p2a: Corviknight|88/100|[from] Stealth Rock
|-ability|p2a: Corviknight|Pressure
|move|p1a: Gliscor|Knock Off|p2a: Corviknight
|-damage|p2a: Corviknight|77/100
|
|upkeep
|turn|88
|
|t:|1776173865
|switch|p1a: Corviknight|Corviknight, M|70/100
|-damage|p1a: Corviknight|57/100|[from] Stealth Rock
|move|p2a: Corviknight|Brave Bird|p1a: Corviknight
|-resisted|p1a: Corviknight
|-damage|p1a: Corviknight|47/100
|-damage|p2a: Corviknight|73/100|[from] Recoil
|
|-heal|p1a: Corviknight|53/100|[from] item: Leftovers
|upkeep
|turn|89
|
|t:|1776173876
|move|p2a: Corviknight|Brave Bird|p1a: Corviknight
|-resisted|p1a: Corviknight
|-damage|p1a: Corviknight|43/100
|-damage|p2a: Corviknight|70/100|[from] Recoil
|move|p1a: Corviknight|Roost|p1a: Corviknight
|-heal|p1a: Corviknight|93/100
|-singleturn|p1a: Corviknight|move: Roost
|
|-heal|p1a: Corviknight|99/100|[from] item: Leftovers
|upkeep
|turn|90
|
|t:|1776173886
|move|p2a: Corviknight|Brave Bird|p1a: Corviknight
|-resisted|p1a: Corviknight
|-damage|p1a: Corviknight|88/100
|-damage|p2a: Corviknight|66/100|[from] Recoil
|move|p1a: Corviknight|Defog|p2a: Corviknight
|-unboost|p2a: Corviknight|evasion|1
|-sideend|p2: qjsgg|Stealth Rock|[from] move: Defog|[of] p1a: Corviknight
|-sideend|p1: EMVV|Stealth Rock|[from] move: Defog|[of] p1a: Corviknight
|
|-heal|p1a: Corviknight|94/100|[from] item: Leftovers
|upkeep
|turn|91
|
|t:|1776173899
|move|p2a: Corviknight|Roost|p2a: Corviknight
|-heal|p2a: Corviknight|100/100
|-singleturn|p2a: Corviknight|move: Roost
|move|p1a: Corviknight|U-turn|p2a: Corviknight
|-resisted|p2a: Corviknight
|-damage|p2a: Corviknight|96/100
|
|t:|1776173908
|switch|p1a: Gliscor|Gliscor, M|100/100 tox|[from] U-turn
|
|upkeep
|turn|92
|
|t:|1776173915
|move|p1a: Gliscor|Knock Off|p2a: Corviknight
|-damage|p2a: Corviknight|85/100
|move|p2a: Corviknight|Brave Bird|p1a: Gliscor
|-damage|p1a: Gliscor|66/100 tox
|-damage|p2a: Corviknight|77/100|[from] Recoil
|
|-heal|p1a: Gliscor|79/100 tox|[from] ability: Poison Heal
|upkeep
|turn|93
|
|t:|1776173924
|switch|p1a: Corviknight|Corviknight, M|94/100
|move|p2a: Corviknight|Brave Bird|p1a: Corviknight
|-resisted|p1a: Corviknight
|-damage|p1a: Corviknight|83/100
|-damage|p2a: Corviknight|73/100|[from] Recoil
|
|-heal|p1a: Corviknight|89/100|[from] item: Leftovers
|upkeep
|turn|94
|
|t:|1776173944
|move|p2a: Corviknight|U-turn|p1a: Corviknight
|-resisted|p1a: Corviknight
|-damage|p1a: Corviknight|87/100
|
|t:|1776173962
|switch|p2a: Ting-Lu|Ting-Lu|76/100|[from] U-turn
|-ability|p2a: Ting-Lu|Vessel of Ruin
|move|p1a: Corviknight|U-turn|p2a: Ting-Lu
|-supereffective|p2a: Ting-Lu
|-damage|p2a: Ting-Lu|61/100
|
|t:|1776173971
|switch|p1a: Chesnaught|Chesnaught, F, shiny|79/100 brn|[from] U-turn
|
|-heal|p2a: Ting-Lu|67/100|[from] item: Leftovers
|-damage|p1a: Chesnaught|73/100 brn|[from] brn
|upkeep
|turn|95
|
|t:|1776173980
|move|p1a: Chesnaught|Body Press|p2a: Ting-Lu
|-supereffective|p2a: Ting-Lu
|-damage|p2a: Ting-Lu|48/100
|move|p2a: Ting-Lu|Stealth Rock|p1a: Chesnaught
|-sidestart|p1: EMVV|move: Stealth Rock
|
|-heal|p2a: Ting-Lu|54/100|[from] item: Leftovers
|-damage|p1a: Chesnaught|67/100 brn|[from] brn
|upkeep
|turn|96
|
|t:|1776173989
|move|p1a: Chesnaught|Body Press|p2a: Ting-Lu
|-supereffective|p2a: Ting-Lu
|-damage|p2a: Ting-Lu|33/100
|move|p2a: Ting-Lu|Whirlwind|p1a: Chesnaught
|drag|p1a: Corviknight|Corviknight, M|87/100
|-damage|p1a: Corviknight|74/100|[from] Stealth Rock
|
|-heal|p1a: Corviknight|81/100|[from] item: Leftovers
|-heal|p2a: Ting-Lu|39/100|[from] item: Leftovers
|upkeep
|turn|97
|
|t:|1776174005
|-terastallize|p2a: Ting-Lu|Water
|move|p1a: Corviknight|U-turn|p2a: Ting-Lu
|-damage|p2a: Ting-Lu|31/100
|
|t:|1776174010
|switch|p1a: Chesnaught|Chesnaught, F, shiny|67/100 brn|[from] U-turn
|-damage|p1a: Chesnaught|61/100 brn|[from] Stealth Rock
|move|p2a: Ting-Lu|Whirlwind|p1a: Chesnaught
|drag|p1a: Goodra|Goodra, M|88/100
|-damage|p1a: Goodra|76/100|[from] Stealth Rock
|
|-heal|p2a: Ting-Lu|37/100|[from] item: Leftovers
|upkeep
|turn|98
|
|t:|1776174020
|move|p1a: Goodra|Dragon Pulse|p2a: Ting-Lu
|-damage|p2a: Ting-Lu|21/100
|move|p2a: Ting-Lu|Whirlwind|p1a: Goodra
|drag|p1a: Primarina|Primarina, F, tera:Fire|21/100
|-damage|p1a: Primarina|0 fnt|[from] Stealth Rock
|faint|p1a: Primarina
|
|-heal|p2a: Ting-Lu|27/100|[from] item: Leftovers
|upkeep
|
|t:|1776174030
|switch|p1a: Chesnaught|Chesnaught, F, shiny|61/100 brn
|-damage|p1a: Chesnaught|55/100 brn|[from] Stealth Rock
|turn|99
|
|t:|1776174037
|move|p1a: Chesnaught|Wood Hammer|p2a: Ting-Lu
|-supereffective|p2a: Ting-Lu
|-damage|p2a: Ting-Lu|4/100
|-damage|p1a: Chesnaught|44/100 brn|[from] Recoil
|move|p2a: Ting-Lu|Whirlwind|p1a: Chesnaught
|drag|p1a: Gliscor|Gliscor, M|79/100 tox
|-damage|p1a: Gliscor|66/100 tox|[from] Stealth Rock
|
|-heal|p2a: Ting-Lu|10/100|[from] item: Leftovers
|-heal|p1a: Gliscor|79/100 tox|[from] ability: Poison Heal
|upkeep
|turn|100
|
|t:|1776174050
|move|p1a: Gliscor|Knock Off|p2a: Ting-Lu
|-damage|p2a: Ting-Lu|0 fnt
|-enditem|p2a: Ting-Lu|Leftovers|[from] move: Knock Off|[of] p1a: Gliscor
|faint|p2a: Ting-Lu
|
|-heal|p1a: Gliscor|91/100 tox|[from] ability: Poison Heal
|upkeep
|
|t:|1776174060
|switch|p2a: Cinderace|Cinderace, F|12/100
|turn|101
|
|t:|1776174065
|move|p2a: Cinderace|U-turn|p1a: Gliscor
|-start|p2a: Cinderace|typechange|Bug|[from] ability: Libero
|-resisted|p1a: Gliscor
|-damage|p1a: Gliscor|79/100 tox
|
|t:|1776174071
|switch|p2a: Corviknight|Corviknight, M|73/100|[from] U-turn
|-ability|p2a: Corviknight|Pressure
|move|p1a: Gliscor|Earthquake|p2a: Corviknight
|-immune|p2a: Corviknight
|
|-heal|p1a: Gliscor|91/100 tox|[from] ability: Poison Heal
|upkeep
|turn|102
|
|t:|1776174083
|switch|p1a: Corviknight|Corviknight, M|81/100
|-damage|p1a: Corviknight|68/100|[from] Stealth Rock
|move|p2a: Corviknight|Brave Bird|p1a: Corviknight
|-resisted|p1a: Corviknight
|-damage|p1a: Corviknight|56/100
|-damage|p2a: Corviknight|69/100|[from] Recoil
|
|-heal|p1a: Corviknight|62/100|[from] item: Leftovers
|upkeep
|turn|103
|
|t:|1776174095
|move|p2a: Corviknight|Brave Bird|p1a: Corviknight
|-resisted|p1a: Corviknight
|-damage|p1a: Corviknight|52/100
|-damage|p2a: Corviknight|66/100|[from] Recoil
|move|p1a: Corviknight|Defog|p2a: Corviknight
|-unboost|p2a: Corviknight|evasion|1
|-sideend|p1: EMVV|Stealth Rock|[from] move: Defog|[of] p1a: Corviknight
|
|-heal|p1a: Corviknight|58/100|[from] item: Leftovers
|upkeep
|turn|104
|
|t:|1776174104
|move|p2a: Corviknight|Brave Bird|p1a: Corviknight
|-resisted|p1a: Corviknight
|-damage|p1a: Corviknight|48/100
|-damage|p2a: Corviknight|62/100|[from] Recoil
|move|p1a: Corviknight|Roost|p1a: Corviknight
|-heal|p1a: Corviknight|98/100
|-singleturn|p1a: Corviknight|move: Roost
|
|-heal|p1a: Corviknight|100/100|[from] item: Leftovers
|upkeep
|turn|105
|
|t:|1776174115
|move|p2a: Corviknight|Brave Bird|p1a: Corviknight
|-resisted|p1a: Corviknight
|-damage|p1a: Corviknight|90/100
|-damage|p2a: Corviknight|59/100|[from] Recoil
|move|p1a: Corviknight|U-turn|p2a: Corviknight
|-resisted|p2a: Corviknight
|-damage|p2a: Corviknight|57/100
|
|t:|1776174122
|switch|p1a: Gliscor|Gliscor, M|91/100 tox|[from] U-turn
|
|-heal|p1a: Gliscor|100/100 tox|[from] ability: Poison Heal
|upkeep
|turn|106
|
|t:|1776174130
|move|p1a: Gliscor|Stealth Rock|p2a: Corviknight
|-sidestart|p2: qjsgg|move: Stealth Rock
|move|p2a: Corviknight|Brave Bird|p1a: Gliscor
|-damage|p1a: Gliscor|67/100 tox
|-damage|p2a: Corviknight|49/100|[from] Recoil
|
|-heal|p1a: Gliscor|80/100 tox|[from] ability: Poison Heal
|upkeep
|turn|107
|
|t:|1776174138
|move|p1a: Gliscor|Knock Off|p2a: Corviknight
|-damage|p2a: Corviknight|38/100
|move|p2a: Corviknight|Defog|p1a: Gliscor
|-unboost|p1a: Gliscor|evasion|1
|-sideend|p2: qjsgg|Stealth Rock|[from] move: Defog|[of] p2a: Corviknight
|
|-heal|p1a: Gliscor|92/100 tox|[from] ability: Poison Heal
|upkeep
|turn|108
|
|t:|1776174146
|switch|p2a: Slowking|Slowking-Galar, L99, F|100/100
|move|p1a: Gliscor|Earthquake|p2a: Slowking
|-supereffective|p2a: Slowking
|-damage|p2a: Slowking|20/100
|
|-heal|p1a: Gliscor|100/100 tox|[from] ability: Poison Heal
|upkeep
|turn|109
|
|t:|1776174156
|switch|p2a: Corviknight|Corviknight, M|38/100
|-ability|p2a: Corviknight|Pressure
|move|p1a: Gliscor|Knock Off|p2a: Corviknight
|-damage|p2a: Corviknight|28/100
|
|upkeep
|turn|110
|
|t:|1776174163
|move|p1a: Gliscor|Earthquake|p2a: Corviknight
|-immune|p2a: Corviknight
|move|p2a: Corviknight|Roost|p2a: Corviknight
|-heal|p2a: Corviknight|78/100
|-singleturn|p2a: Corviknight|move: Roost
|
|upkeep
|turn|111
|
|t:|1776174171
|move|p1a: Gliscor|Knock Off|p2a: Corviknight
|-damage|p2a: Corviknight|67/100
|move|p2a: Corviknight|Brave Bird|p1a: Gliscor
|-damage|p1a: Gliscor|63/100 tox
|-damage|p2a: Corviknight|58/100|[from] Recoil
|
|-heal|p1a: Gliscor|75/100 tox|[from] ability: Poison Heal
|upkeep
|turn|112
|
|t:|1776174183
|move|p1a: Gliscor|Knock Off|p2a: Corviknight
|-damage|p2a: Corviknight|47/100
|move|p2a: Corviknight|Brave Bird|p1a: Gliscor
|-damage|p1a: Gliscor|40/100 tox
|-damage|p2a: Corviknight|39/100|[from] Recoil
|
|-heal|p1a: Gliscor|53/100 tox|[from] ability: Poison Heal
|upkeep
|turn|113
|
|t:|1776174198
|move|p1a: Gliscor|Knock Off|p2a: Corviknight
|-damage|p2a: Corviknight|29/100
|move|p2a: Corviknight|U-turn|p1a: Gliscor
|-resisted|p1a: Gliscor
|-damage|p1a: Gliscor|45/100 tox
|
|t:|1776174202
|switch|p2a: Cinderace|Cinderace, F|12/100|[from] U-turn
|
|-heal|p1a: Gliscor|58/100 tox|[from] ability: Poison Heal
|upkeep
|turn|114
|
|t:|1776174213
|move|p1a: Gliscor|Protect|p1a: Gliscor
|-singleturn|p1a: Gliscor|Protect
|move|p2a: Cinderace|U-turn|p1a: Gliscor
|-start|p2a: Cinderace|typechange|Bug|[from] ability: Libero
|-activate|p1a: Gliscor|move: Protect
|
|-heal|p1a: Gliscor|70/100 tox|[from] ability: Poison Heal
|upkeep
|turn|115
|
|t:|1776174222
|move|p2a: Cinderace|U-turn|p1a: Gliscor
|-resisted|p1a: Gliscor
|-damage|p1a: Gliscor|57/100 tox
|
|t:|1776174226
|switch|p2a: Corviknight|Corviknight, M|29/100|[from] U-turn
|-ability|p2a: Corviknight|Pressure
|move|p1a: Gliscor|Knock Off|p2a: Corviknight
|-damage|p2a: Corviknight|17/100
|
|-heal|p1a: Gliscor|69/100 tox|[from] ability: Poison Heal
|upkeep
|turn|116
|
|t:|1776174234
|move|p1a: Gliscor|Knock Off|p2a: Corviknight
|-damage|p2a: Corviknight|5/100
|move|p2a: Corviknight|Roost|p2a: Corviknight
|-heal|p2a: Corviknight|55/100
|-singleturn|p2a: Corviknight|move: Roost
|
|-heal|p1a: Gliscor|82/100 tox|[from] ability: Poison Heal
|upkeep
|turn|117
|
|t:|1776174245
|move|p1a: Gliscor|Stealth Rock|p2a: Corviknight
|-sidestart|p2: qjsgg|move: Stealth Rock
|move|p2a: Corviknight|U-turn|p1a: Gliscor
|-resisted|p1a: Gliscor
|-damage|p1a: Gliscor|75/100 tox
|
|t:|1776174250
|switch|p2a: Dondozo|Dondozo, M|100/100 slp|[from] U-turn
|-damage|p2a: Dondozo|88/100 slp|[from] Stealth Rock
|
|-heal|p2a: Dondozo|94/100 slp|[from] item: Leftovers
|-heal|p1a: Gliscor|87/100 tox|[from] ability: Poison Heal
|upkeep
|turn|118
|
|t:|1776174260
|switch|p1a: Chesnaught|Chesnaught, F, shiny|44/100 brn
|cant|p2a: Dondozo|slp
|
|-heal|p2a: Dondozo|100/100 slp|[from] item: Leftovers
|-damage|p1a: Chesnaught|38/100 brn|[from] brn
|upkeep
|turn|119
|
|t:|1776174274
|switch|p2a: Corviknight|Corviknight, M|55/100
|-damage|p2a: Corviknight|43/100|[from] Stealth Rock
|-ability|p2a: Corviknight|Pressure
|move|p1a: Chesnaught|Synthesis|p1a: Chesnaught
|-heal|p1a: Chesnaught|88/100 brn
|
|-damage|p1a: Chesnaught|82/100 brn|[from] brn
|upkeep
|turn|120
|-message|qjsgg forfeited.
|
|win|EMVV
|raw|EMVV's rating: 1017 &rarr; <strong>1053</strong><br />(+36 for winning)
|raw|qjsgg's rating: 1000 &rarr; <strong>1000</strong><br />(+0 for losing)
|l|☆qjsgg
|player|p2|
