|html|<div class="broadcast-blue"><strong>[Gen 9] OU is currently suspecting Tera Blast! For information on how to participate check out the <a href="https://www.smogon.com/tools/suspects/view/200">suspect thread</a>.</strong></div>
|j|☆grandmasterlaw
|j|☆joeschma5036
|t:|1776054057
|gametype|singles
|player|p1|grandmasterlaw|bruno|1168
|player|p2|joeschma5036|volkner|1155
|gen|9
|tier|[Gen 9] OU
|rated|
|rule|HP Percentage Mod: HP is shown in percentages
|rule|Endless Battle Clause: Forcing endless battles is banned
|rule|Species Clause: Limit one of each Pokémon
|rule|OHKO Clause: OHKO moves are banned
|rule|Evasion Items Clause: Evasion items are banned
|rule|Evasion Moves Clause: Evasion moves are banned
|rule|Evasion Abilities Clause: Evasion abilities are banned
|rule|Sleep Moves Clause: Sleep-inducing moves are banned
|clearpoke
|poke|p1|Serperior, F|
|poke|p1|Samurott-Hisui, F|
|poke|p1|Great Tusk|
|poke|p1|Moltres|
|poke|p1|Goodra-Hisui, M|
|poke|p1|Glimmora, F|
|poke|p2|Azumarill, M|
|poke|p2|Jolteon, M|
|poke|p2|Garchomp, M|
|poke|p2|Arcanine, F|
|poke|p2|Venusaur, F|
|poke|p2|Dragonite, M|
|teampreview
|inactive|Battle timer is ON: inactive players will automatically lose when time's up. (requested by joeschma5036)
|
|t:|1776054073
|teamsize|p1|6
|teamsize|p2|6
|start
|switch|p1a: Glimmora|Glimmora, F|100/100
|switch|p2a: Jolteon|Jolteon, M|100/100
|turn|1
|
|t:|1776054080
|move|p2a: Jolteon|Shadow Ball|p1a: Glimmora
|-damage|p1a: Glimmora|66/100
|move|p1a: Glimmora|Power Gem|p2a: Jolteon
|-damage|p2a: Jolteon|44/100
|
|-heal|p1a: Glimmora|72/100|[from] item: Leftovers
|upkeep
|turn|2
|
|t:|1776054095
|move|p2a: Jolteon|Shadow Ball|p1a: Glimmora
|-damage|p1a: Glimmora|39/100
|move|p1a: Glimmora|Stealth Rock|p2a: Jolteon
|-sidestart|p2: joeschma5036|move: Stealth Rock
|
|-heal|p1a: Glimmora|45/100|[from] item: Leftovers
|upkeep
|turn|3
|
|t:|1776054103
|move|p2a: Jolteon|Shadow Ball|p1a: Glimmora
|-damage|p1a: Glimmora|15/100
|-unboost|p1a: Glimmora|spd|1
|move|p1a: Glimmora|Power Gem|p2a: Jolteon
|-damage|p2a: Jolteon|0 fnt
|faint|p2a: Jolteon
|
|-heal|p1a: Glimmora|21/100|[from] item: Leftovers
|upkeep
|
|t:|1776054124
|switch|p2a: Venusaur|Venusaur, F|100/100
|-damage|p2a: Venusaur|88/100|[from] Stealth Rock
|turn|4
|
|t:|1776054132
|move|p1a: Glimmora|Spikes|p2a: Venusaur
|-sidestart|p2: joeschma5036|Spikes
|move|p2a: Venusaur|Giga Drain|p1a: Glimmora
|-damage|p1a: Glimmora|0 fnt
|-heal|p2a: Venusaur|99/100|[from] drain|[of] p1a: Glimmora
|faint|p1a: Glimmora
|
|upkeep
|
|t:|1776054144
|switch|p1a: Moltres|Moltres|100/100
|turn|5
|
|t:|1776054155
|switch|p2a: Arcanine|Arcanine, F|100/100
|-damage|p2a: Arcanine|76/100|[from] Stealth Rock
|-damage|p2a: Arcanine|63/100|[from] Spikes
|-ability|p2a: Arcanine|Intimidate|boost
|-unboost|p1a: Moltres|atk|1
|move|p1a: Moltres|Hurricane|p2a: Arcanine
|-damage|p2a: Arcanine|26/100
|
|upkeep
|turn|6
|
|t:|1776054170
|move|p2a: Arcanine|Extreme Speed|p1a: Moltres
|-damage|p1a: Moltres|75/100
|move|p1a: Moltres|Hurricane|p2a: Arcanine
|-damage|p2a: Arcanine|0 fnt
|faint|p2a: Arcanine
|
|upkeep
|
|t:|1776054182
|switch|p2a: Azumarill|Azumarill, M|100/100
|-damage|p2a: Azumarill|88/100|[from] Stealth Rock
|-damage|p2a: Azumarill|76/100|[from] Spikes
|turn|7
|
|t:|1776054188
|move|p2a: Azumarill|Aqua Jet|p1a: Moltres
|-supereffective|p1a: Moltres
|-damage|p1a: Moltres|22/100
|-status|p2a: Azumarill|brn|[from] ability: Flame Body|[of] p1a: Moltres
|move|p1a: Moltres|Will-O-Wisp|p2a: Azumarill
|-fail|p2a: Azumarill|brn
|
|-damage|p2a: Azumarill|70/100 brn|[from] brn
|upkeep
|turn|8
|c|☆joeschma5036|awesome
|
|t:|1776054200
|move|p1a: Moltres|Roost|p1a: Moltres
|-heal|p1a: Moltres|72/100
|-singleturn|p1a: Moltres|move: Roost
|move|p2a: Azumarill|Knock Off|p1a: Moltres
|-damage|p1a: Moltres|51/100
|-enditem|p1a: Moltres|Heavy-Duty Boots|[from] move: Knock Off|[of] p2a: Azumarill
|
|-damage|p2a: Azumarill|63/100 brn|[from] brn
|upkeep
|turn|9
|
|t:|1776054210
|switch|p1a: Serperior|Serperior, F|100/100
|move|p2a: Azumarill|Waterfall|p1a: Serperior
|-resisted|p1a: Serperior
|-damage|p1a: Serperior|87/100
|
|-heal|p1a: Serperior|93/100|[from] item: Leftovers
|-damage|p2a: Azumarill|57/100 brn|[from] brn
|upkeep
|turn|10
|
|t:|1776054220
|move|p1a: Serperior|Substitute|p1a: Serperior
|-start|p1a: Serperior|Substitute
|-damage|p1a: Serperior|68/100
|move|p2a: Azumarill|Knock Off|p1a: Serperior
|-activate|p1a: Serperior|move: Substitute|[damage]
|
|-heal|p1a: Serperior|75/100|[from] item: Leftovers
|-damage|p2a: Azumarill|51/100 brn|[from] brn
|upkeep
|turn|11
|
|t:|1776054228
|move|p1a: Serperior|Leaf Storm|p2a: Azumarill|[miss]
|-miss|p1a: Serperior|p2a: Azumarill
|move|p2a: Azumarill|Knock Off|p1a: Serperior
|-end|p1a: Serperior|Substitute
|
|-heal|p1a: Serperior|81/100|[from] item: Leftovers
|-damage|p2a: Azumarill|45/100 brn|[from] brn
|upkeep
|turn|12
|
|t:|1776054236
|switch|p2a: Venusaur|Venusaur, F|99/100
|-damage|p2a: Venusaur|87/100|[from] Stealth Rock
|-damage|p2a: Venusaur|74/100|[from] Spikes
|move|p1a: Serperior|Leaf Storm|p2a: Venusaur
|-resisted|p2a: Venusaur
|-damage|p2a: Venusaur|64/100
|-boost|p1a: Serperior|spa|2
|
|-heal|p1a: Serperior|87/100|[from] item: Leftovers
|upkeep
|turn|13
|
|t:|1776054249
|move|p2a: Venusaur|Sludge Bomb|p1a: Serperior
|-supereffective|p1a: Serperior
|-damage|p1a: Serperior|9/100
|-status|p1a: Serperior|psn
|move|p1a: Serperior|Mirror Coat|p2a: Venusaur
|-damage|p2a: Venusaur|0 fnt
|faint|p2a: Venusaur
|
|-heal|p1a: Serperior|15/100 psn|[from] item: Leftovers
|-damage|p1a: Serperior|3/100 psn|[from] psn
|upkeep
|
|t:|1776054260
|switch|p2a: Dragonite|Dragonite, M|100/100
|-damage|p2a: Dragonite|76/100|[from] Stealth Rock
|turn|14
|
|t:|1776054267
|move|p2a: Dragonite|Extreme Speed|p1a: Serperior
|-damage|p1a: Serperior|0 fnt
|faint|p1a: Serperior
|
|upkeep
|
|t:|1776054272
|switch|p1a: Moltres|Moltres|51/100
|turn|15
|
|t:|1776054277
|move|p2a: Dragonite|Dragon Dance|p2a: Dragonite
|-boost|p2a: Dragonite|atk|1
|-boost|p2a: Dragonite|spe|1
|move|p1a: Moltres|Roost|p1a: Moltres
|-heal|p1a: Moltres|100/100
|-singleturn|p1a: Moltres|move: Roost
|
|upkeep
|turn|16
|
|t:|1776054289
|move|p2a: Dragonite|Dragon Dance|p2a: Dragonite
|-boost|p2a: Dragonite|atk|1
|-boost|p2a: Dragonite|spe|1
|move|p1a: Moltres|Will-O-Wisp|p2a: Dragonite|[miss]
|-miss|p1a: Moltres|p2a: Dragonite
|
|upkeep
|turn|17
|
|t:|1776054294
|move|p2a: Dragonite|Aqua Jet|p1a: Moltres
|-supereffective|p1a: Moltres
|-crit|p1a: Moltres
|-damage|p1a: Moltres|13/100
|move|p1a: Moltres|Will-O-Wisp|p2a: Dragonite
|-status|p2a: Dragonite|brn
|
|-damage|p2a: Dragonite|70/100 brn|[from] brn
|upkeep
|turn|18
|
|t:|1776054306
|move|p2a: Dragonite|Extreme Speed|p1a: Moltres
|-damage|p1a: Moltres|0 fnt
|faint|p1a: Moltres
|
|-damage|p2a: Dragonite|63/100 brn|[from] brn
|upkeep
|
|t:|1776054317
|switch|p1a: Great Tusk|Great Tusk|100/100
|turn|19
|
|t:|1776054321
|move|p2a: Dragonite|Aerial Ace|p1a: Great Tusk
|-supereffective|p1a: Great Tusk
|-damage|p1a: Great Tusk|51/100
|-damage|p2a: Dragonite|47/100 brn|[from] item: Rocky Helmet|[of] p1a: Great Tusk
|-enditem|p2a: Dragonite|Sitrus Berry|[eat]
|-heal|p2a: Dragonite|72/100 brn|[from] item: Sitrus Berry
|move|p1a: Great Tusk|Ice Spinner|p2a: Dragonite
|-supereffective|p2a: Dragonite
|-damage|p2a: Dragonite|0 fnt
|faint|p2a: Dragonite
|
|upkeep
|
|t:|1776054343
|switch|p2a: Garchomp|Garchomp, M|100/100
|-damage|p2a: Garchomp|94/100|[from] Stealth Rock
|-damage|p2a: Garchomp|82/100|[from] Spikes
|turn|20
|
|t:|1776054355
|move|p2a: Garchomp|Earthquake|p1a: Great Tusk
|-damage|p1a: Great Tusk|0 fnt
|faint|p1a: Great Tusk
|-end|p1a: Great Tusk|Protosynthesis|[silent]
|
|upkeep
|
|t:|1776054364
|switch|p1a: Goodra|Goodra-Hisui, M|100/100
|turn|21
|
|t:|1776054370
|switch|p2a: Azumarill|Azumarill, M|45/100 brn
|-damage|p2a: Azumarill|32/100 brn|[from] Stealth Rock
|-damage|p2a: Azumarill|20/100 brn|[from] Spikes
|move|p1a: Goodra|Ice Beam|p2a: Azumarill
|-resisted|p2a: Azumarill
|-damage|p2a: Azumarill|10/100 brn
|
|-damage|p2a: Azumarill|3/100 brn|[from] brn
|upkeep
|turn|22
|
|t:|1776054385
|-terastallize|p1a: Goodra|Steel
|move|p1a: Goodra|Flash Cannon|p2a: Azumarill
|-damage|p2a: Azumarill|0 fnt
|faint|p2a: Azumarill
|
|upkeep
|
|t:|1776054390
|switch|p2a: Garchomp|Garchomp, M|82/100
|-damage|p2a: Garchomp|76/100|[from] Stealth Rock
|-damage|p2a: Garchomp|64/100|[from] Spikes
|turn|23
|
|t:|1776054395
|move|p2a: Garchomp|Earthquake|p1a: Goodra
|-supereffective|p1a: Goodra
|-damage|p1a: Goodra|0 fnt
|faint|p1a: Goodra
|
|upkeep
|
|t:|1776054400
|switch|p1a: Samurott|Samurott-Hisui, F|100/100
|turn|24
|
|t:|1776054407
|move|p1a: Samurott|Aqua Cutter|p2a: Garchomp
|-damage|p2a: Garchomp|15/100
|move|p2a: Garchomp|Earthquake|p1a: Samurott
|-damage|p1a: Samurott|4/100
|
|upkeep
|turn|25
|
|t:|1776054414
|move|p1a: Samurott|Aqua Cutter|p2a: Garchomp
|-damage|p2a: Garchomp|0 fnt
|faint|p2a: Garchomp
|
|win|grandmasterlaw
|raw|grandmasterlaw's rating: 1168 &rarr; <strong>1192</strong><br />(+24 for winning)
|raw|joeschma5036's rating: 1155 &rarr; <strong>1131</strong><br />(-24 for losing)
|l|☆grandmasterlaw
|player|p1|
