|html|<div class="broadcast-blue"><strong>[Gen 9] OU is currently suspecting Tera Blast! For information on how to participate check out the <a href="https://www.smogon.com/tools/suspects/view/200">suspect thread</a>.</strong></div>
|j|☆Calad Lux
|j|☆aphroditefangirl
|t:|1776057874
|gametype|singles
|player|p1|Calad Lux|red|1149
|player|p2|aphroditefangirl|miku-fairy|1064
|gen|9
|tier|[Gen 9] OU
|rated|
|rule|HP Percentage Mod: HP is shown in percentages
|rule|Endless Battle Clause: Forcing endless battles is banned
|rule|Species Clause: Limit one of each Pokémon
|rule|OHKO Clause: OHKO moves are banned
|rule|Evasion Items Clause: Evasion items are banned
|rule|Evasion Moves Clause: Evasion moves are banned
|rule|Evasion Abilities Clause: Evasion abilities are banned
|rule|Sleep Moves Clause: Sleep-inducing moves are banned
|clearpoke
|poke|p1|Glimmora, M|
|poke|p1|Great Tusk|
|poke|p1|Iron Moth|
|poke|p1|Gyarados, F|
|poke|p1|Scizor, M|
|poke|p1|Dragapult, F|
|poke|p2|Moltres-Galar|
|poke|p2|Ting-Lu|
|poke|p2|Corviknight, F|
|poke|p2|Ogerpon-Wellspring, F|
|poke|p2|Dragapult, F|
|poke|p2|Slowking-Galar, F|
|teampreview
|inactive|Battle timer is ON: inactive players will automatically lose when time's up. (requested by aphroditefangirl)
|
|t:|1776057885
|teamsize|p1|6
|teamsize|p2|6
|start
|switch|p1a: Glimmora|Glimmora, M|100/100
|switch|p2a: sweet and sour|Dragapult, F, shiny|100/100
|turn|1
|
|t:|1776057900
|move|p2a: sweet and sour|U-turn|p1a: Glimmora
|-resisted|p1a: Glimmora
|-damage|p1a: Glimmora|80/100
|-activate|p1a: Glimmora|ability: Toxic Debris
|-sidestart|p2: aphroditefangirl|move: Toxic Spikes
|
|t:|1776057903
|switch|p2a: literally 9/11|Corviknight, F, shiny|100/100|[from] U-turn
|-ability|p2a: literally 9/11|Pressure
|move|p1a: Glimmora|Power Gem|p2a: literally 9/11
|-damage|p2a: literally 9/11|55/100
|
|upkeep
|turn|2
|
|t:|1776057912
|switch|p2a: little ceasers|Slowking-Galar, F, shiny|100/100
|-sideend|p2: aphroditefangirl|move: Toxic Spikes|[of] p2a: little ceasers
|move|p1a: Glimmora|Power Gem|p2a: little ceasers
|-damage|p2a: little ceasers|76/100
|
|upkeep
|turn|3
|j| Wake&Bake808
|c| Wake&Bake808|Yoooo wsg
|c|☆aphroditefangirl|wake and bake is so real
|
|t:|1776057933
|move|p1a: Glimmora|Stealth Rock|p2a: little ceasers
|-sidestart|p2: aphroditefangirl|move: Stealth Rock
|move|p2a: little ceasers|Psyshock|p1a: Glimmora
|-supereffective|p1a: Glimmora
|-damage|p1a: Glimmora|0 fnt
|faint|p1a: Glimmora
|
|upkeep
|c| Wake&Bake808|shi look interesting my money on little ceasers
|
|t:|1776057944
|switch|p1a: Gyarados|Gyarados, F|100/100
|-ability|p1a: Gyarados|Intimidate|boost
|-unboost|p2a: little ceasers|atk|1
|turn|4
|c|☆aphroditefangirl|im baking rn
|c| Wake&Bake808|cause little ceasers is goated asf
|c|☆aphroditefangirl|hell yeah
|c| Wake&Bake808|HELL yeah indica or sativa?
|inactive|aphroditefangirl has 120 seconds left.
|c|☆aphroditefangirl|both
|c|☆aphroditefangirl|i dont really have a preference
|c|☆aphroditefangirl|whatever has the deals ig
|
|t:|1776057994
|move|p1a: Gyarados|Earthquake|p2a: little ceasers
|-supereffective|p2a: little ceasers
|-damage|p2a: little ceasers|0 fnt
|faint|p2a: little ceasers
|
|upkeep
|
|t:|1776057999
|switch|p2a: sweet and sour|Dragapult, F, shiny|100/100
|-damage|p2a: sweet and sour|88/100|[from] Stealth Rock
|turn|5
|c| Wake&Bake808|HELL yeah I love hybrids indica is so relaxing
|c|☆aphroditefangirl|i tried
|c|☆aphroditefangirl|shrooms
|inactive|aphroditefangirl has 90 seconds left.
|
|t:|1776058020
|move|p2a: sweet and sour|Dragon Darts|p1a: Gyarados
|-damage|p1a: Gyarados|64/100
|-anim|p2a: sweet and sour|Dragon Darts|p1a: Gyarados
|-crit|p1a: Gyarados
|-damage|p1a: Gyarados|5/100
|move|p1a: Gyarados|Scale Shot|p2a: sweet and sour
|-supereffective|p2a: sweet and sour
|-damage|p2a: sweet and sour|60/100
|-supereffective|p2a: sweet and sour
|-damage|p2a: sweet and sour|35/100
|-supereffective|p2a: sweet and sour
|-damage|p2a: sweet and sour|10/100
|-hitcount|p2a: sweet and sour|3
|-unboost|p1a: Gyarados|def|1
|-boost|p1a: Gyarados|spe|1
|
|upkeep
|turn|6
|c|☆aphroditefangirl|oh wow
|
|t:|1776058034
|move|p2a: sweet and sour|Dragon Darts|p1a: Gyarados
|-damage|p1a: Gyarados|0 fnt
|faint|p1a: Gyarados
|
|upkeep
|c|☆aphroditefangirl|sets ive never heard of
|
|t:|1776058039
|switch|p1a: Scizor|Scizor, M|100/100
|turn|7
|
|t:|1776058044
|switch|p2a: literally 9/11|Corviknight, F, shiny|55/100
|-damage|p2a: literally 9/11|43/100|[from] Stealth Rock
|-ability|p2a: literally 9/11|Pressure
|move|p1a: Scizor|Bullet Punch|p2a: literally 9/11
|-resisted|p2a: literally 9/11
|-damage|p2a: literally 9/11|33/100
|-damage|p1a: Scizor|84/100|[from] item: Rocky Helmet|[of] p2a: literally 9/11
|
|-heal|p1a: Scizor|90/100|[from] item: Leftovers
|upkeep
|turn|8
|c| Wake&Bake808|OH HELL yea I like acid more shrooms taste be getting to me too much lmao
|
|t:|1776058068
|switch|p1a: Iron Moth|Iron Moth|100/100
|move|p2a: literally 9/11|Roost|p2a: literally 9/11
|-heal|p2a: literally 9/11|83/100
|-singleturn|p2a: literally 9/11|move: Roost
|
|upkeep
|turn|9
|c|☆aphroditefangirl|ive wanted to try acid
|c|☆aphroditefangirl|dk where to get it
|inactive|aphroditefangirl has 120 seconds left.
|c| Wake&Bake808|yo these nicknames lmao
|
|t:|1776058085
|switch|p2a: sweet and sour|Dragapult, F, shiny|10/100
|-damage|p2a: sweet and sour|0 fnt|[from] Stealth Rock
|faint|p2a: sweet and sour
|move|p1a: Iron Moth|Fiery Dance|p2: sweet and sour|[notarget]
|-fail|p1a: Iron Moth
|
|upkeep
|inactive|aphroditefangirl has 120 seconds left.
|
|t:|1776058096
|switch|p2a: bird|Moltres-Galar, shiny|100/100
|-damage|p2a: bird|76/100|[from] Stealth Rock
|turn|10
|c|☆aphroditefangirl|i need
|inactive|aphroditefangirl has 120 seconds left.
|c|☆aphroditefangirl|something creative
|c|☆aphroditefangirl|for goltress
|
|t:|1776058110
|move|p2a: bird|Fiery Wrath|p1a: Iron Moth
|-damage|p1a: Iron Moth|53/100
|move|p1a: Iron Moth|Sludge Wave|p2a: bird
|-damage|p2a: bird|21/100
|-status|p2a: bird|psn
|-ability|p2a: bird|Berserk|boost
|-boost|p2a: bird|spa|1
|-damage|p1a: Iron Moth|44/100|[from] item: Life Orb
|
|-damage|p2a: bird|8/100 psn|[from] psn
|upkeep
|turn|11
|c|☆aphroditefangirl|bruhhh
|
|t:|1776058122
|move|p2a: bird|Fiery Wrath|p1a: Iron Moth
|-damage|p1a: Iron Moth|0 fnt
|faint|p1a: Iron Moth
|-end|p1a: Iron Moth|Quark Drive|[silent]
|
|-damage|p2a: bird|0 fnt|[from] psn
|faint|p2a: bird
|upkeep
|c| Wake&Bake808|the poison was just disrespectfull
|inactive|aphroditefangirl has 120 seconds left.
|c|☆aphroditefangirl|10% chance my ass
|inactive|Calad Lux has 120 seconds left.
|
|t:|1776058150
|switch|p1a: Scizor|Scizor, M|90/100
|switch|p2a: dream|Ogerpon-Wellspring, F|100/100
|-damage|p2a: dream|88/100|[from] Stealth Rock
|turn|12
|inactive|Calad Lux has 120 seconds left.
|inactive|aphroditefangirl has 120 seconds left.
|c| Wake&Bake808|shi feel like 55%
|inactive|aphroditefangirl has 90 seconds left.
|
|t:|1776058190
|switch|p2a: literally 9/11|Corviknight, F, shiny|83/100
|-damage|p2a: literally 9/11|71/100|[from] Stealth Rock
|-ability|p2a: literally 9/11|Pressure
|move|p1a: Scizor|Fury Cutter|p2a: literally 9/11
|-resisted|p2a: literally 9/11
|-damage|p2a: literally 9/11|65/100
|-damage|p1a: Scizor|73/100|[from] item: Rocky Helmet|[of] p2a: literally 9/11
|
|-heal|p1a: Scizor|80/100|[from] item: Leftovers
|upkeep
|turn|13
|inactive|Calad Lux has 120 seconds left.
|c|☆aphroditefangirl|nah
|c|☆aphroditefangirl|fury cutter??
|
|t:|1776058216
|move|p1a: Scizor|Bullet Punch|p2a: literally 9/11
|-resisted|p2a: literally 9/11
|-damage|p2a: literally 9/11|56/100
|-damage|p1a: Scizor|63/100|[from] item: Rocky Helmet|[of] p2a: literally 9/11
|move|p2a: literally 9/11|Defog|p1a: Scizor
|-unboost|p1a: Scizor|evasion|1
|-sideend|p2: aphroditefangirl|Stealth Rock|[from] move: Defog|[of] p2a: literally 9/11
|
|-heal|p1a: Scizor|69/100|[from] item: Leftovers
|upkeep
|turn|14
|
|t:|1776058227
|switch|p1a: Great Tusk|Great Tusk|100/100
|move|p2a: literally 9/11|U-turn|p1a: Great Tusk
|-resisted|p1a: Great Tusk
|-damage|p1a: Great Tusk|96/100
|
|t:|1776058232
|switch|p2a: dream|Ogerpon-Wellspring, F|88/100|[from] U-turn
|
|upkeep
|turn|15
|c| Wake&Bake808|you got this aphrodite
|
|t:|1776058238
|-end|p1a: Great Tusk|Protosynthesis|[silent]
|switch|p1a: Scizor|Scizor, M|69/100
|move|p2a: dream|Ivy Cudgel|p1a: Scizor|[anim] Ivy Cudgel Water
|-damage|p1a: Scizor|10/100
|
|-heal|p1a: Scizor|16/100|[from] item: Leftovers
|upkeep
|turn|16
|
|t:|1776058249
|move|p2a: dream|Ivy Cudgel|p1a: Scizor|[anim] Ivy Cudgel Water
|-crit|p1a: Scizor
|-damage|p1a: Scizor|0 fnt
|faint|p1a: Scizor
|
|upkeep
|
|t:|1776058256
|switch|p1a: Dragapult|Dragapult, F|100/100
|turn|17
|
|t:|1776058278
|switch|p2a: the mooseman|Ting-Lu, shiny|100/100
|-ability|p2a: the mooseman|Vessel of Ruin
|move|p1a: Dragapult|Dragon Darts|p2a: the mooseman
|-damage|p2a: the mooseman|82/100
|-anim|p1a: Dragapult|Dragon Darts|p2a: the mooseman
|-damage|p2a: the mooseman|64/100
|-damage|p1a: Dragapult|91/100|[from] item: Life Orb
|
|-heal|p2a: the mooseman|70/100|[from] item: Leftovers
|upkeep
|turn|18
|inactive|Calad Lux has 90 seconds left.
|
|t:|1776058304
|move|p1a: Dragapult|Curse|p2a: the mooseman
|-start|p2a: the mooseman|Curse|[of] p1a: Dragapult
|-damage|p1a: Dragapult|41/100
|move|p2a: the mooseman|Earthquake|p1a: Dragapult
|-damage|p1a: Dragapult|0 fnt
|faint|p1a: Dragapult
|
|-heal|p2a: the mooseman|76/100|[from] item: Leftovers
|-damage|p2a: the mooseman|51/100|[from] Curse
|upkeep
|
|t:|1776058315
|switch|p1a: Great Tusk|Great Tusk|96/100
|turn|19
|
|t:|1776058329
|move|p1a: Great Tusk|Rapid Spin|p2a: the mooseman
|-damage|p2a: the mooseman|42/100
|-boost|p1a: Great Tusk|spe|1
|move|p2a: the mooseman|Ruination|p1a: Great Tusk
|-damage|p1a: Great Tusk|48/100
|
|-heal|p2a: the mooseman|48/100|[from] item: Leftovers
|-damage|p2a: the mooseman|23/100|[from] Curse
|upkeep
|turn|20
|
|t:|1776058342
|switch|p2a: literally 9/11|Corviknight, F, shiny|56/100
|-ability|p2a: literally 9/11|Pressure
|move|p1a: Great Tusk|Ice Spinner|p2a: literally 9/11
|-damage|p2a: literally 9/11|40/100
|-damage|p1a: Great Tusk|31/100|[from] item: Rocky Helmet|[of] p2a: literally 9/11
|
|upkeep
|turn|21
|
|t:|1776058349
|-terastallize|p1a: Great Tusk|Fighting
|move|p1a: Great Tusk|Close Combat|p2a: literally 9/11
|-damage|p2a: literally 9/11|0 fnt
|-unboost|p1a: Great Tusk|def|1
|-unboost|p1a: Great Tusk|spd|1
|-damage|p1a: Great Tusk|15/100|[from] item: Rocky Helmet|[of] p2a: literally 9/11
|faint|p2a: literally 9/11
|
|upkeep
|
|t:|1776058358
|switch|p2a: dream|Ogerpon-Wellspring, F|88/100
|turn|22
|c|☆aphroditefangirl|pph
|c|☆aphroditefangirl|ooh
|c|☆aphroditefangirl|maybe nomer pon would be better
|
|t:|1776058377
|move|p1a: Great Tusk|Close Combat|p2a: dream
|-damage|p2a: dream|0 fnt
|-unboost|p1a: Great Tusk|def|1
|-unboost|p1a: Great Tusk|spd|1
|faint|p2a: dream
|
|upkeep
|
|t:|1776058379
|switch|p2a: the mooseman|Ting-Lu, shiny|23/100
|-ability|p2a: the mooseman|Vessel of Ruin
|turn|23
|
|t:|1776058387
|move|p1a: Great Tusk|Close Combat|p2a: the mooseman
|-supereffective|p2a: the mooseman
|-damage|p2a: the mooseman|0 fnt
|-unboost|p1a: Great Tusk|def|1
|-unboost|p1a: Great Tusk|spd|1
|faint|p2a: the mooseman
|
|win|Calad Lux
|raw|Calad Lux's rating: 1149 &rarr; <strong>1170</strong><br />(+21 for winning)
|raw|aphroditefangirl's rating: 1093 &rarr; <strong>1073</strong><br />(-20 for losing)
|c|☆aphroditefangirl|gg
|c| Wake&Bake808|it was very close ggs
