|html|<div class="broadcast-blue"><strong>[Gen 9] OU is currently suspecting Tera Blast! For information on how to participate check out the <a href="https://www.smogon.com/tools/suspects/view/200">suspect thread</a>.</strong></div>
|j|☆TBSBB
|j|☆Proseidon3
|t:|1776320721
|gametype|singles
|player|p1|TBSBB|nita|1230
|player|p2|Proseidon3|1|1249
|gen|9
|tier|[Gen 9] OU
|rated|
|rule|HP Percentage Mod: HP is shown in percentages
|rule|Endless Battle Clause: Forcing endless battles is banned
|rule|Species Clause: Limit one of each Pokémon
|rule|OHKO Clause: OHKO moves are banned
|rule|Evasion Items Clause: Evasion items are banned
|rule|Evasion Moves Clause: Evasion moves are banned
|rule|Evasion Abilities Clause: Evasion abilities are banned
|rule|Sleep Moves Clause: Sleep-inducing moves are banned
|clearpoke
|poke|p1|Sinistcha|
|poke|p1|Gliscor, F|
|poke|p1|Tinkaton, F|
|poke|p1|Keldeo|
|poke|p1|Ting-Lu|
|poke|p1|Dragonite, F|
|poke|p2|Ninetales, M|
|poke|p2|Cresselia, F|
|poke|p2|Raging Bolt|
|poke|p2|Iron Moth|
|poke|p2|Great Tusk|
|poke|p2|Walking Wake|
|teampreview
|
|t:|1776320763
|teamsize|p1|6
|teamsize|p2|6
|start
|switch|p1a: Ting-Lu|Ting-Lu|100/100
|switch|p2a: Ninetales|Ninetales, M|100/100
|-weather|SunnyDay|[from] ability: Drought|[of] p2a: Ninetales
|-ability|p1a: Ting-Lu|Vessel of Ruin
|turn|1
|
|t:|1776320776
|switch|p2a: Great Tusk|Great Tusk|100/100
|-activate|p2a: Great Tusk|ability: Protosynthesis
|-start|p2a: Great Tusk|protosynthesisspe
|move|p1a: Ting-Lu|Spikes|p2a: Great Tusk
|-sidestart|p2: Proseidon3|Spikes
|
|-weather|SunnyDay|[upkeep]
|upkeep
|turn|2
|
|t:|1776320783
|switch|p1a: Sinistcha|Sinistcha|100/100
|move|p2a: Great Tusk|Stealth Rock|p1a: Sinistcha
|-sidestart|p1: TBSBB|move: Stealth Rock
|
|-weather|SunnyDay|[upkeep]
|upkeep
|turn|3
|
|t:|1776320793
|-end|p2a: Great Tusk|Protosynthesis|[silent]
|switch|p2a: Cresselia|Cresselia, F|100/100
|move|p1a: Sinistcha|Shadow Ball|p2a: Cresselia
|-supereffective|p2a: Cresselia
|-damage|p2a: Cresselia|57/100
|-enditem|p2a: Cresselia|Eject Button
|
|t:|1776320799
|switch|p2a: Iron Moth|Iron Moth|100/100
|-damage|p2a: Iron Moth|88/100|[from] Spikes
|-enditem|p2a: Iron Moth|Booster Energy
|-activate|p2a: Iron Moth|ability: Quark Drive|[fromitem]
|-start|p2a: Iron Moth|quarkdrivespe
|
|-weather|SunnyDay|[upkeep]
|upkeep
|turn|4
|
|t:|1776320806
|switch|p1a: Dragonite|Dragonite, F|100/100
|move|p2a: Iron Moth|Fiery Dance|p1a: Dragonite
|-resisted|p1a: Dragonite
|-damage|p1a: Dragonite|87/100
|
|-weather|SunnyDay|[upkeep]
|upkeep
|turn|5
|
|t:|1776320815
|-end|p2a: Iron Moth|Quark Drive|[silent]
|switch|p2a: Cresselia|Cresselia, F|57/100
|move|p1a: Dragonite|Dragon Tail|p2a: Cresselia
|-damage|p2a: Cresselia|37/100
|drag|p2a: Walking Wake|Walking Wake|100/100
|-damage|p2a: Walking Wake|88/100|[from] Spikes
|-activate|p2a: Walking Wake|ability: Protosynthesis
|-start|p2a: Walking Wake|protosynthesisspa
|
|-weather|SunnyDay|[upkeep]
|upkeep
|turn|6
|
|t:|1776320827
|switch|p1a: Keldeo|Keldeo|100/100
|move|p2a: Walking Wake|Hydro Steam|p1a: Keldeo
|-resisted|p1a: Keldeo
|-damage|p1a: Keldeo|25/100
|
|-weather|SunnyDay|[upkeep]
|upkeep
|turn|7
|
|t:|1776320834
|move|p1a: Keldeo|Aura Sphere|p2a: Walking Wake
|-damage|p2a: Walking Wake|43/100
|move|p2a: Walking Wake|Hydro Steam|p1a: Keldeo
|-resisted|p1a: Keldeo
|-damage|p1a: Keldeo|0 fnt
|faint|p1a: Keldeo
|
|-weather|SunnyDay|[upkeep]
|upkeep
|
|t:|1776320845
|switch|p1a: Ting-Lu|Ting-Lu|100/100
|-damage|p1a: Ting-Lu|94/100|[from] Stealth Rock
|-ability|p1a: Ting-Lu|Vessel of Ruin
|turn|8
|
|t:|1776320851
|-terastallize|p2a: Walking Wake|Water
|-terastallize|p1a: Ting-Lu|Water
|move|p2a: Walking Wake|Hydro Steam|p1a: Ting-Lu
|-resisted|p1a: Ting-Lu
|-crit|p1a: Ting-Lu
|-damage|p1a: Ting-Lu|36/100
|move|p1a: Ting-Lu|Earthquake|p2a: Walking Wake
|-damage|p2a: Walking Wake|4/100
|
|-weather|none
|-end|p2a: Walking Wake|Protosynthesis
|-heal|p1a: Ting-Lu|42/100|[from] item: Leftovers
|upkeep
|turn|9
|c|☆TBSBB|bruh
|
|t:|1776320871
|-end|p2a: Walking Wake|Protosynthesis|[silent]
|switch|p2a: Ninetales|Ninetales, M|100/100
|-damage|p2a: Ninetales|88/100|[from] Spikes
|-weather|SunnyDay|[from] ability: Drought|[of] p2a: Ninetales
|move|p1a: Ting-Lu|Ruination|p2a: Ninetales
|-damage|p2a: Ninetales|44/100
|
|-weather|SunnyDay|[upkeep]
|-heal|p1a: Ting-Lu|48/100|[from] item: Leftovers
|upkeep
|turn|10
|
|t:|1776320882
|move|p2a: Ninetales|Will-O-Wisp|p1a: Ting-Lu|[miss]
|-miss|p2a: Ninetales|p1a: Ting-Lu
|move|p1a: Ting-Lu|Whirlwind|p2a: Ninetales
|drag|p2a: Cresselia|Cresselia, F|37/100
|
|-weather|SunnyDay|[upkeep]
|-heal|p1a: Ting-Lu|54/100|[from] item: Leftovers
|upkeep
|turn|11
|
|t:|1776320889
|move|p2a: Cresselia|Moonlight|p2a: Cresselia
|-heal|p2a: Cresselia|100/100
|move|p1a: Ting-Lu|Spikes|p2a: Cresselia
|-sidestart|p2: Proseidon3|Spikes
|
|-weather|SunnyDay|[upkeep]
|-heal|p1a: Ting-Lu|61/100|[from] item: Leftovers
|upkeep
|turn|12
|
|t:|1776320895
|move|p2a: Cresselia|Thunder Wave|p1a: Ting-Lu
|-status|p1a: Ting-Lu|par
|move|p1a: Ting-Lu|Spikes|p2a: Cresselia
|-sidestart|p2: Proseidon3|Spikes
|
|-weather|SunnyDay|[upkeep]
|-heal|p1a: Ting-Lu|67/100 par|[from] item: Leftovers
|upkeep
|turn|13
|
|t:|1776320911
|switch|p2a: Great Tusk|Great Tusk|100/100
|-damage|p2a: Great Tusk|76/100|[from] Spikes
|-activate|p2a: Great Tusk|ability: Protosynthesis
|-start|p2a: Great Tusk|protosynthesisspe
|move|p1a: Ting-Lu|Whirlwind|p2a: Great Tusk
|-end|p2a: Great Tusk|Protosynthesis|[silent]
|drag|p2a: Cresselia|Cresselia, F|100/100
|
|-weather|SunnyDay|[upkeep]
|-heal|p1a: Ting-Lu|73/100 par|[from] item: Leftovers
|upkeep
|turn|14
|
|t:|1776320922
|switch|p2a: Great Tusk|Great Tusk|76/100
|-damage|p2a: Great Tusk|51/100|[from] Spikes
|-activate|p2a: Great Tusk|ability: Protosynthesis
|-start|p2a: Great Tusk|protosynthesisspe
|move|p1a: Ting-Lu|Whirlwind|p2a: Great Tusk
|-end|p2a: Great Tusk|Protosynthesis|[silent]
|drag|p2a: Ninetales|Ninetales, M|44/100
|-damage|p2a: Ninetales|19/100|[from] Spikes
|
|-weather|SunnyDay|[upkeep]
|-heal|p1a: Ting-Lu|79/100 par|[from] item: Leftovers
|upkeep
|turn|15
|
|t:|1776320935
|move|p2a: Ninetales|Healing Wish|p2a: Ninetales
|faint|p2a: Ninetales
|cant|p1a: Ting-Lu|par
|
|-weather|SunnyDay|[upkeep]
|-heal|p1a: Ting-Lu|86/100 par|[from] item: Leftovers
|upkeep
|
|t:|1776320941
|switch|p2a: Walking Wake|Walking Wake, tera:Water|4/100
|-heal|p2a: Walking Wake|100/100|[from] move: Healing Wish
|-damage|p2a: Walking Wake|76/100|[from] Spikes
|-activate|p2a: Walking Wake|ability: Protosynthesis
|-start|p2a: Walking Wake|protosynthesisspa
|turn|16
|
|t:|1776320960
|move|p2a: Walking Wake|Hydro Steam|p1a: Ting-Lu
|-resisted|p1a: Ting-Lu
|-damage|p1a: Ting-Lu|51/100 par
|move|p1a: Ting-Lu|Earthquake|p2a: Walking Wake
|-damage|p2a: Walking Wake|38/100
|
|-weather|none
|-end|p2a: Walking Wake|Protosynthesis
|-heal|p1a: Ting-Lu|57/100 par|[from] item: Leftovers
|upkeep
|turn|17
|
|t:|1776320970
|-end|p2a: Walking Wake|Protosynthesis|[silent]
|switch|p2a: Great Tusk|Great Tusk|51/100
|-damage|p2a: Great Tusk|26/100|[from] Spikes
|move|p1a: Ting-Lu|Whirlwind|p2a: Great Tusk
|-end|p2a: Great Tusk|Protosynthesis|[silent]
|drag|p2a: Raging Bolt|Raging Bolt|100/100
|-damage|p2a: Raging Bolt|76/100|[from] Spikes
|
|-heal|p1a: Ting-Lu|63/100 par|[from] item: Leftovers
|upkeep
|turn|18
|
|t:|1776320980
|switch|p1a: Gliscor|Gliscor, F|100/100
|-damage|p1a: Gliscor|88/100|[from] Stealth Rock
|move|p2a: Raging Bolt|Dragon Pulse|p1a: Gliscor
|-damage|p1a: Gliscor|13/100
|-damage|p2a: Raging Bolt|66/100|[from] item: Life Orb
|
|-status|p1a: Gliscor|tox|[from] item: Toxic Orb
|upkeep
|turn|19
|
|t:|1776320988
|move|p1a: Gliscor|Knock Off|p2a: Raging Bolt
|-damage|p2a: Raging Bolt|47/100
|-enditem|p2a: Raging Bolt|Life Orb|[from] move: Knock Off|[of] p1a: Gliscor
|move|p2a: Raging Bolt|Dragon Pulse|p1a: Gliscor
|-damage|p1a: Gliscor|0 fnt
|faint|p1a: Gliscor
|
|upkeep
|
|t:|1776320994
|switch|p1a: Dragonite|Dragonite, F|87/100
|turn|20
|
|t:|1776321009
|move|p2a: Raging Bolt|Dragon Pulse|p1a: Dragonite
|-supereffective|p1a: Dragonite
|-damage|p1a: Dragonite|2/100
|move|p1a: Dragonite|Earthquake|p2a: Raging Bolt
|-supereffective|p2a: Raging Bolt
|-damage|p2a: Raging Bolt|0 fnt
|faint|p2a: Raging Bolt
|-end|p2a: Raging Bolt|Protosynthesis|[silent]
|
|upkeep
|
|t:|1776321019
|switch|p2a: Cresselia|Cresselia, F|100/100
|turn|21
|
|t:|1776321025
|move|p2a: Cresselia|Ice Beam|p1a: Dragonite
|-supereffective|p1a: Dragonite
|-damage|p1a: Dragonite|0 fnt
|faint|p1a: Dragonite
|
|upkeep
|
|t:|1776321029
|switch|p1a: Sinistcha|Sinistcha|100/100
|turn|22
|
|t:|1776321033
|move|p2a: Cresselia|Thunder Wave|p1a: Sinistcha
|-status|p1a: Sinistcha|par
|cant|p1a: Sinistcha|par
|
|upkeep
|turn|23
|
|t:|1776321038
|move|p2a: Cresselia|Ice Beam|p1a: Sinistcha
|-supereffective|p1a: Sinistcha
|-damage|p1a: Sinistcha|64/100 par
|cant|p1a: Sinistcha|par
|
|upkeep
|turn|24
|
|t:|1776321043
|move|p2a: Cresselia|Ice Beam|p1a: Sinistcha
|-supereffective|p1a: Sinistcha
|-damage|p1a: Sinistcha|22/100 par
|move|p1a: Sinistcha|Strength Sap|p2a: Cresselia
|-unboost|p2a: Cresselia|atk|1
|-heal|p1a: Sinistcha|60/100 par
|
|upkeep
|turn|25
|
|t:|1776321050
|move|p2a: Cresselia|Ice Beam|p1a: Sinistcha
|-supereffective|p1a: Sinistcha
|-damage|p1a: Sinistcha|18/100 par
|cant|p1a: Sinistcha|par
|
|upkeep
|turn|26
|c|☆TBSBB|BRUH
|
|t:|1776321058
|move|p2a: Cresselia|Ice Beam|p1a: Sinistcha
|-supereffective|p1a: Sinistcha
|-damage|p1a: Sinistcha|0 fnt
|faint|p1a: Sinistcha
|
|upkeep
|
|t:|1776321061
|switch|p1a: Tinkaton|Tinkaton, F|100/100
|-damage|p1a: Tinkaton|94/100|[from] Stealth Rock
|-item|p1a: Tinkaton|Air Balloon
|turn|27
|
|t:|1776321066
|move|p1a: Tinkaton|Stealth Rock|p2a: Cresselia
|-sidestart|p2: Proseidon3|move: Stealth Rock
|move|p2a: Cresselia|Thunder Wave|p1a: Tinkaton
|-status|p1a: Tinkaton|par
|
|upkeep
|turn|28
|
|t:|1776321071
|move|p2a: Cresselia|Ice Beam|p1a: Tinkaton
|-resisted|p1a: Tinkaton
|-damage|p1a: Tinkaton|87/100 par
|-enditem|p1a: Tinkaton|Air Balloon
|move|p1a: Tinkaton|Encore|p2a: Cresselia
|-start|p2a: Cresselia|Encore
|
|upkeep
|turn|29
|
|t:|1776321081
|switch|p2a: Great Tusk|Great Tusk|26/100
|-damage|p2a: Great Tusk|1/100|[from] Spikes
|-damage|p2a: Great Tusk|0 fnt|[from] Stealth Rock
|faint|p2a: Great Tusk
|-end|p2a: Great Tusk|Protosynthesis|[silent]
|switch|p1a: Ting-Lu|Ting-Lu, tera:Water|63/100 par
|-damage|p1a: Ting-Lu|51/100 par|[from] Stealth Rock
|-ability|p1a: Ting-Lu|Vessel of Ruin
|
|-heal|p1a: Ting-Lu|57/100 par|[from] item: Leftovers
|upkeep
|
|t:|1776321093
|switch|p2a: Iron Moth|Iron Moth|88/100
|-damage|p2a: Iron Moth|63/100|[from] Spikes
|-damage|p2a: Iron Moth|38/100|[from] Stealth Rock
|turn|30
|
|t:|1776321100
|move|p2a: Iron Moth|Sludge Wave|p1a: Ting-Lu
|-damage|p1a: Ting-Lu|38/100 par
|move|p1a: Ting-Lu|Whirlwind|p2a: Iron Moth
|-end|p2a: Iron Moth|Quark Drive|[silent]
|drag|p2a: Cresselia|Cresselia, F|100/100
|-damage|p2a: Cresselia|88/100|[from] Stealth Rock
|
|-heal|p1a: Ting-Lu|45/100 par|[from] item: Leftovers
|upkeep
|turn|31
|
|t:|1776321120
|move|p2a: Cresselia|Lunar Dance|p2a: Cresselia
|faint|p2a: Cresselia
|cant|p1a: Ting-Lu|par
|
|-heal|p1a: Ting-Lu|51/100 par|[from] item: Leftovers
|upkeep
|
|t:|1776321128
|switch|p2a: Walking Wake|Walking Wake, tera:Water|38/100
|-heal|p2a: Walking Wake|100/100|[from] move: Lunar Dance
|-damage|p2a: Walking Wake|76/100|[from] Spikes
|-damage|p2a: Walking Wake|63/100|[from] Stealth Rock
|turn|32
|
|t:|1776321139
|switch|p1a: Tinkaton|Tinkaton, F|87/100 par
|-damage|p1a: Tinkaton|81/100 par|[from] Stealth Rock
|move|p2a: Walking Wake|Weather Ball|p1a: Tinkaton
|-resisted|p1a: Tinkaton
|-damage|p1a: Tinkaton|69/100 par
|
|upkeep
|turn|33
|
|t:|1776321150
|-end|p2a: Walking Wake|Protosynthesis|[silent]
|switch|p2a: Iron Moth|Iron Moth|38/100
|-damage|p2a: Iron Moth|13/100|[from] Spikes
|-damage|p2a: Iron Moth|0 fnt|[from] Stealth Rock
|faint|p2a: Iron Moth
|-end|p2a: Iron Moth|Quark Drive|[silent]
|move|p1a: Tinkaton|Thunder Wave|p2: Iron Moth|[notarget]
|-fail|p1a: Tinkaton
|
|upkeep
|
|t:|1776321157
|switch|p2a: Walking Wake|Walking Wake, tera:Water|63/100
|-damage|p2a: Walking Wake|39/100|[from] Spikes
|-damage|p2a: Walking Wake|26/100|[from] Stealth Rock
|turn|34
|
|t:|1776321161
|move|p2a: Walking Wake|Hydro Steam|p1a: Tinkaton
|-damage|p1a: Tinkaton|0 fnt
|faint|p1a: Tinkaton
|
|upkeep
|
|t:|1776321165
|switch|p1a: Ting-Lu|Ting-Lu, tera:Water|51/100 par
|-damage|p1a: Ting-Lu|38/100 par|[from] Stealth Rock
|-ability|p1a: Ting-Lu|Vessel of Ruin
|turn|35
|
|t:|1776321170
|move|p2a: Walking Wake|Hydro Steam|p1a: Ting-Lu
|-resisted|p1a: Ting-Lu
|-damage|p1a: Ting-Lu|21/100 par
|cant|p1a: Ting-Lu|par
|
|-heal|p1a: Ting-Lu|28/100 par|[from] item: Leftovers
|upkeep
|turn|36
|
|t:|1776321176
|move|p2a: Walking Wake|Hydro Steam|p1a: Ting-Lu
|-resisted|p1a: Ting-Lu
|-damage|p1a: Ting-Lu|9/100 par
|move|p1a: Ting-Lu|Earthquake|p2a: Walking Wake
|-damage|p2a: Walking Wake|0 fnt
|faint|p2a: Walking Wake
|-end|p2a: Walking Wake|Protosynthesis|[silent]
|
|win|TBSBB
|raw|TBSBB's rating: 1230 &rarr; <strong>1256</strong><br />(+26 for winning)
|raw|Proseidon3's rating: 1249 &rarr; <strong>1223</strong><br />(-26 for losing)
