|html|<div class="broadcast-blue"><strong>[Gen 9] OU is currently suspecting Tera Blast! For information on how to participate check out the <a href="https://www.smogon.com/tools/suspects/view/200">suspect thread</a>.</strong></div>
|j|☆Thaiido
|j|☆TheRegisAreCool
|t:|1776218159
|gametype|singles
|player|p1|Thaiido|benga|1187
|player|p2|TheRegisAreCool|fisherman-gen4|1191
|gen|9
|tier|[Gen 9] OU
|rated|
|rule|HP Percentage Mod: HP is shown in percentages
|rule|Endless Battle Clause: Forcing endless battles is banned
|rule|Species Clause: Limit one of each Pokémon
|rule|OHKO Clause: OHKO moves are banned
|rule|Evasion Items Clause: Evasion items are banned
|rule|Evasion Moves Clause: Evasion moves are banned
|rule|Evasion Abilities Clause: Evasion abilities are banned
|rule|Sleep Moves Clause: Sleep-inducing moves are banned
|clearpoke
|poke|p1|Torkoal, F|
|poke|p1|Iron Moth|
|poke|p1|Great Tusk|
|poke|p1|Raging Bolt|
|poke|p1|Scream Tail|
|poke|p1|Arcanine-Hisui, M|
|poke|p2|Conkeldurr, M|
|poke|p2|Iron Moth|
|poke|p2|Glimmora, F|
|poke|p2|Kommo-o, M|
|poke|p2|Samurott-Hisui, F|
|poke|p2|Donphan, M|
|teampreview
|inactive|Battle timer is ON: inactive players will automatically lose when time's up. (requested by Thaiido)
|
|t:|1776218181
|teamsize|p1|6
|teamsize|p2|6
|start
|switch|p1a: Great Tusk|Great Tusk, shiny|100/100
|switch|p2a: Samurott|Samurott-Hisui, F|100/100
|turn|1
|l|☆TheRegisAreCool
|inactive|TheRegisAreCool disconnected and has a minute to reconnect!
|player|p2|
|j|☆TheRegisAreCool
|inactive|TheRegisAreCool reconnected and has 130 seconds left.
|player|p2|TheRegisAreCool|fisherman-gen4|
|
|t:|1776218205
|move|p1a: Great Tusk|Close Combat|p2a: Samurott
|-supereffective|p2a: Samurott
|-damage|p2a: Samurott|0 fnt
|-unboost|p1a: Great Tusk|def|1
|-unboost|p1a: Great Tusk|spd|1
|faint|p2a: Samurott
|
|upkeep
|inactive|TheRegisAreCool has 120 seconds left.
|
|t:|1776218228
|switch|p2a: Iron Moth|Iron Moth|100/100
|-enditem|p2a: Iron Moth|Booster Energy
|-activate|p2a: Iron Moth|ability: Quark Drive|[fromitem]
|-start|p2a: Iron Moth|quarkdrivespe
|turn|2
|
|t:|1776218236
|-end|p1a: Great Tusk|Protosynthesis|[silent]
|switch|p1a: Torkoal|Torkoal, F, shiny|100/100
|-weather|SunnyDay|[from] ability: Drought|[of] p1a: Torkoal
|-terastallize|p2a: Iron Moth|Flying
|move|p2a: Iron Moth|Fiery Dance|p1a: Torkoal
|-resisted|p1a: Torkoal
|-damage|p1a: Torkoal|64/100
|
|-weather|SunnyDay|[upkeep]
|upkeep
|turn|3
|
|t:|1776218251
|move|p2a: Iron Moth|Sludge Wave|p1a: Torkoal
|-damage|p1a: Torkoal|5/100
|move|p1a: Torkoal|Lava Plume|p2a: Iron Moth
|-damage|p2a: Iron Moth|51/100
|
|-weather|SunnyDay|[upkeep]
|upkeep
|turn|4
|
|t:|1776218259
|switch|p1a: Great Tusk|Great Tusk, shiny|100/100
|-activate|p1a: Great Tusk|ability: Protosynthesis
|-start|p1a: Great Tusk|protosynthesisatk
|move|p2a: Iron Moth|Fiery Dance|p1a: Great Tusk
|-damage|p1a: Great Tusk|9/100
|-boost|p2a: Iron Moth|spa|1
|
|-weather|SunnyDay|[upkeep]
|-heal|p1a: Great Tusk|15/100|[from] item: Leftovers
|upkeep
|turn|5
|
|t:|1776218268
|move|p2a: Iron Moth|Fiery Dance|p1a: Great Tusk
|-damage|p1a: Great Tusk|0 fnt
|faint|p1a: Great Tusk
|-end|p1a: Great Tusk|Protosynthesis|[silent]
|
|-weather|SunnyDay|[upkeep]
|upkeep
|
|t:|1776218271
|switch|p1a: Arcanine|Arcanine-Hisui, M, shiny|100/100
|turn|6
|
|t:|1776218277
|move|p2a: Iron Moth|Energy Ball|p1a: Arcanine
|-damage|p1a: Arcanine|48/100
|-unboost|p1a: Arcanine|spd|1
|move|p1a: Arcanine|Head Smash|p2a: Iron Moth|[miss]
|-miss|p1a: Arcanine|p2a: Iron Moth
|
|-weather|SunnyDay|[upkeep]
|upkeep
|turn|7
|
|t:|1776218283
|move|p1a: Arcanine|Extreme Speed|p2a: Iron Moth
|-damage|p2a: Iron Moth|0 fnt
|faint|p2a: Iron Moth
|-end|p2a: Iron Moth|Quark Drive|[silent]
|-damage|p1a: Arcanine|38/100|[from] item: Life Orb
|
|-weather|SunnyDay|[upkeep]
|upkeep
|
|t:|1776218291
|switch|p2a: Conkeldurr|Conkeldurr, M|100/100
|turn|8
|
|t:|1776218294
|switch|p1a: Scream Tail|Scream Tail, shiny|100/100
|-activate|p1a: Scream Tail|ability: Protosynthesis
|-start|p1a: Scream Tail|protosynthesisspe
|move|p2a: Conkeldurr|Mach Punch|p1a: Scream Tail
|-resisted|p1a: Scream Tail
|-damage|p1a: Scream Tail|95/100
|
|-weather|SunnyDay|[upkeep]
|-status|p2a: Conkeldurr|brn|[from] item: Flame Orb
|upkeep
|turn|9
|
|t:|1776218300
|move|p1a: Scream Tail|Boomburst|p2a: Conkeldurr
|-damage|p2a: Conkeldurr|64/100 brn
|-enditem|p1a: Scream Tail|Throat Spray
|-boost|p1a: Scream Tail|spa|1|[from] item: Throat Spray
|move|p2a: Conkeldurr|Facade|p1a: Scream Tail
|-damage|p1a: Scream Tail|10/100
|
|-weather|none
|-end|p1a: Scream Tail|Protosynthesis
|-damage|p2a: Conkeldurr|58/100 brn|[from] brn
|upkeep
|turn|10
|
|t:|1776218314
|move|p2a: Conkeldurr|Mach Punch|p1a: Scream Tail
|-resisted|p1a: Scream Tail
|-damage|p1a: Scream Tail|1/100
|move|p1a: Scream Tail|Psyshock|p2a: Conkeldurr
|-supereffective|p2a: Conkeldurr
|-damage|p2a: Conkeldurr|0 fnt
|faint|p2a: Conkeldurr
|
|upkeep
|
|t:|1776218320
|switch|p2a: Donphan|Donphan, M|100/100
|turn|11
|
|t:|1776218326
|-end|p1a: Scream Tail|Protosynthesis|[silent]
|switch|p1a: Torkoal|Torkoal, F, shiny|5/100
|-weather|SunnyDay|[from] ability: Drought|[of] p1a: Torkoal
|move|p2a: Donphan|Ice Shard|p1a: Torkoal
|-resisted|p1a: Torkoal
|-damage|p1a: Torkoal|0 fnt
|faint|p1a: Torkoal
|
|-weather|SunnyDay|[upkeep]
|upkeep
|
|t:|1776218335
|switch|p1a: Iron Moth|Iron Moth, shiny|100/100
|-enditem|p1a: Iron Moth|Booster Energy
|-activate|p1a: Iron Moth|ability: Quark Drive|[fromitem]
|-start|p1a: Iron Moth|quarkdrivespe
|turn|12
|
|t:|1776218342
|-terastallize|p1a: Iron Moth|Flying
|move|p1a: Iron Moth|Energy Ball|p2a: Donphan
|-supereffective|p2a: Donphan
|-damage|p2a: Donphan|18/100
|-unboost|p2a: Donphan|spd|1
|move|p2a: Donphan|Earthquake|p1a: Iron Moth
|-immune|p1a: Iron Moth
|
|-weather|SunnyDay|[upkeep]
|upkeep
|turn|13
|
|t:|1776218348
|move|p2a: Donphan|Ice Shard|p1a: Iron Moth
|-supereffective|p1a: Iron Moth
|-damage|p1a: Iron Moth|58/100
|move|p1a: Iron Moth|Fiery Dance|p2a: Donphan
|-damage|p2a: Donphan|0 fnt
|-boost|p1a: Iron Moth|spa|1
|faint|p2a: Donphan
|
|-weather|SunnyDay|[upkeep]
|upkeep
|
|t:|1776218352
|switch|p2a: Glimmora|Glimmora, F|100/100
|turn|14
|
|t:|1776218357
|move|p1a: Iron Moth|Fiery Dance|p2a: Glimmora
|-resisted|p2a: Glimmora
|-damage|p2a: Glimmora|42/100
|move|p2a: Glimmora|Power Gem|p1a: Iron Moth
|-supereffective|p1a: Iron Moth
|-damage|p1a: Iron Moth|0 fnt
|faint|p1a: Iron Moth
|-end|p1a: Iron Moth|Quark Drive|[silent]
|
|-weather|SunnyDay|[upkeep]
|upkeep
|
|t:|1776218363
|switch|p1a: Scream Tail|Scream Tail, shiny|1/100
|-activate|p1a: Scream Tail|ability: Protosynthesis
|-start|p1a: Scream Tail|protosynthesisspe
|turn|15
|
|t:|1776218369
|move|p1a: Scream Tail|Psyshock|p2a: Glimmora
|-supereffective|p2a: Glimmora
|-damage|p2a: Glimmora|0 fnt
|faint|p2a: Glimmora
|
|-weather|SunnyDay|[upkeep]
|upkeep
|
|t:|1776218372
|switch|p2a: Kommo-o|Kommo-o, M|100/100
|turn|16
|
|t:|1776218379
|move|p1a: Scream Tail|Dazzling Gleam|p2a: Kommo-o
|-supereffective|p2a: Kommo-o
|-damage|p2a: Kommo-o|0 fnt
|faint|p2a: Kommo-o
|
|win|Thaiido
|raw|Thaiido's rating: 1187 &rarr; <strong>1212</strong><br />(+25 for winning)
|raw|TheRegisAreCool's rating: 1191 &rarr; <strong>1166</strong><br />(-25 for losing)
