|html|<div class="broadcast-blue"><strong>[Gen 9] OU is currently suspecting Tera Blast! For information on how to participate check out the <a href="https://www.smogon.com/tools/suspects/view/200">suspect thread</a>.</strong></div>
|j|☆emeryns88
|j|☆milkymilkeater
|t:|1776201417
|gametype|singles
|player|p1|emeryns88|hilbert|1545
|player|p2|milkymilkeater|102|1533
|gen|9
|tier|[Gen 9] OU
|rated|
|rule|HP Percentage Mod: HP is shown in percentages
|rule|Endless Battle Clause: Forcing endless battles is banned
|rule|Species Clause: Limit one of each Pokémon
|rule|OHKO Clause: OHKO moves are banned
|rule|Evasion Items Clause: Evasion items are banned
|rule|Evasion Moves Clause: Evasion moves are banned
|rule|Evasion Abilities Clause: Evasion abilities are banned
|rule|Sleep Moves Clause: Sleep-inducing moves are banned
|clearpoke
|poke|p1|Dragonite, M|
|poke|p1|Iron Treads|
|poke|p1|Gholdengo|
|poke|p1|Zapdos|
|poke|p1|Primarina, F|
|poke|p1|Ting-Lu|
|poke|p2|Great Tusk|
|poke|p2|Walking Wake|
|poke|p2|Kingambit, F|
|poke|p2|Venusaur, M|
|poke|p2|Ninetales, F|
|poke|p2|Raging Bolt|
|teampreview
|inactive|Battle timer is ON: inactive players will automatically lose when time's up. (requested by milkymilkeater)
|
|t:|1776201429
|teamsize|p1|6
|teamsize|p2|6
|start
|switch|p1a: Domi|Ting-Lu|100/100
|switch|p2a: Ninetales|Ninetales, F|100/100
|-weather|SunnyDay|[from] ability: Drought|[of] p2a: Ninetales
|-ability|p1a: Domi|Vessel of Ruin
|turn|1
|
|t:|1776201434
|move|p2a: Ninetales|Will-O-Wisp|p1a: Domi
|-status|p1a: Domi|brn
|move|p1a: Domi|Stealth Rock|p2a: Ninetales
|-sidestart|p2: milkymilkeater|move: Stealth Rock
|
|-weather|SunnyDay|[upkeep]
|-damage|p1a: Domi|94/100 brn|[from] brn
|upkeep
|turn|2
|
|t:|1776201442
|switch|p2a: Walking Wake|Walking Wake|100/100
|-damage|p2a: Walking Wake|88/100|[from] Stealth Rock
|-activate|p2a: Walking Wake|ability: Protosynthesis
|-start|p2a: Walking Wake|protosynthesisspe
|move|p1a: Domi|Whirlwind|p2a: Walking Wake
|-end|p2a: Walking Wake|Protosynthesis|[silent]
|drag|p2a: Kingambit|Kingambit, F|100/100
|-damage|p2a: Kingambit|94/100|[from] Stealth Rock
|-item|p2a: Kingambit|Air Balloon
|
|-weather|SunnyDay|[upkeep]
|-heal|p1a: Domi|100/100 brn|[from] item: Leftovers
|-damage|p1a: Domi|94/100 brn|[from] brn
|upkeep
|turn|3
|
|t:|1776201451
|move|p2a: Kingambit|Iron Head|p1a: Domi
|-damage|p1a: Domi|75/100 brn
|move|p1a: Domi|Spikes|p2a: Kingambit
|-sidestart|p2: milkymilkeater|Spikes
|
|-weather|SunnyDay|[upkeep]
|-heal|p1a: Domi|81/100 brn|[from] item: Leftovers
|-damage|p1a: Domi|75/100 brn|[from] brn
|upkeep
|turn|4
|
|t:|1776201455
|-end|p2a: Kingambit|fallenundefined|[silent]
|switch|p2a: Great Tusk|Great Tusk|100/100
|-damage|p2a: Great Tusk|98/100|[from] Stealth Rock
|-damage|p2a: Great Tusk|85/100|[from] Spikes
|-activate|p2a: Great Tusk|ability: Protosynthesis
|-start|p2a: Great Tusk|protosynthesisatk
|move|p1a: Domi|Spikes|p2a: Great Tusk
|-sidestart|p2: milkymilkeater|Spikes
|
|-weather|SunnyDay|[upkeep]
|-heal|p1a: Domi|81/100 brn|[from] item: Leftovers
|-damage|p1a: Domi|75/100 brn|[from] brn
|upkeep
|turn|5
|
|t:|1776201463
|switch|p1a: Shandora|Gholdengo|100/100
|move|p2a: Great Tusk|Ice Spinner|p1a: Shandora
|-resisted|p1a: Shandora
|-damage|p1a: Shandora|81/100
|
|-weather|SunnyDay|[upkeep]
|upkeep
|turn|6
|
|t:|1776201469
|switch|p1a: Ennell|Zapdos|100/100
|move|p2a: Great Tusk|Headlong Rush|p1a: Ennell
|-immune|p1a: Ennell
|
|-weather|SunnyDay|[upkeep]
|upkeep
|turn|7
|
|t:|1776201478
|-end|p2a: Great Tusk|Protosynthesis|[silent]
|switch|p2a: Raging Bolt|Raging Bolt|100/100
|-damage|p2a: Raging Bolt|88/100|[from] Stealth Rock
|-item|p2a: Raging Bolt|Air Balloon
|-activate|p2a: Raging Bolt|ability: Protosynthesis
|-start|p2a: Raging Bolt|protosynthesisspa
|move|p1a: Ennell|Roost||[still]
|-fail|p1a: Ennell|heal
|
|-weather|SunnyDay|[upkeep]
|upkeep
|turn|8
|
|t:|1776201481
|move|p2a: Raging Bolt|Calm Mind|p2a: Raging Bolt
|-boost|p2a: Raging Bolt|spa|1
|-boost|p2a: Raging Bolt|spd|1
|move|p1a: Ennell|Volt Switch|p2a: Raging Bolt
|-resisted|p2a: Raging Bolt
|-damage|p2a: Raging Bolt|83/100
|-enditem|p2a: Raging Bolt|Air Balloon
|
|t:|1776201485
|switch|p1a: Vearth|Iron Treads|100/100|[from] Volt Switch
|
|-weather|none
|-end|p2a: Raging Bolt|Protosynthesis
|upkeep
|turn|9
|
|t:|1776201491
|move|p1a: Vearth|Earthquake|p2a: Raging Bolt
|-supereffective|p2a: Raging Bolt
|-damage|p2a: Raging Bolt|0 fnt
|faint|p2a: Raging Bolt
|-end|p2a: Raging Bolt|Protosynthesis|[silent]
|
|upkeep
|
|t:|1776201497
|switch|p2a: Great Tusk|Great Tusk|85/100
|-damage|p2a: Great Tusk|82/100|[from] Stealth Rock
|-damage|p2a: Great Tusk|66/100|[from] Spikes
|turn|10
|
|t:|1776201505
|move|p1a: Vearth|Earthquake|p2a: Great Tusk
|-damage|p2a: Great Tusk|35/100
|move|p2a: Great Tusk|Rapid Spin|p1a: Vearth
|-resisted|p1a: Vearth
|-damage|p1a: Vearth|92/100
|-boost|p2a: Great Tusk|spe|1
|-sideend|p2: milkymilkeater|Spikes|[from] move: Rapid Spin|[of] p2a: Great Tusk
|-sideend|p2: milkymilkeater|Stealth Rock|[from] move: Rapid Spin|[of] p2a: Great Tusk
|
|upkeep
|turn|11
|
|t:|1776201511
|-end|p1a: Vearth|Quark Drive|[silent]
|switch|p1a: Ennell|Zapdos|100/100
|move|p2a: Great Tusk|Headlong Rush|p1a: Ennell
|-immune|p1a: Ennell
|
|upkeep
|turn|12
|
|t:|1776201516
|-end|p2a: Great Tusk|Protosynthesis|[silent]
|switch|p2a: Ninetales|Ninetales, F|100/100
|-weather|SunnyDay|[from] ability: Drought|[of] p2a: Ninetales
|move|p1a: Ennell|Hurricane|p2a: Ninetales
|-damage|p2a: Ninetales|52/100
|-start|p2a: Ninetales|confusion
|
|-weather|SunnyDay|[upkeep]
|upkeep
|turn|13
|
|t:|1776201526
|switch|p2a: Walking Wake|Walking Wake|88/100
|-activate|p2a: Walking Wake|ability: Protosynthesis
|-start|p2a: Walking Wake|protosynthesisspe
|move|p1a: Ennell|Thunder Wave|p2a: Walking Wake
|-status|p2a: Walking Wake|par
|
|-weather|SunnyDay|[upkeep]
|upkeep
|turn|14
|
|t:|1776201535
|switch|p1a: Nerona|Primarina, F|100/100
|cant|p2a: Walking Wake|par
|
|-weather|SunnyDay|[upkeep]
|upkeep
|turn|15
|
|t:|1776201539
|move|p2a: Walking Wake|Hydro Steam|p1a: Nerona
|-resisted|p1a: Nerona
|-damage|p1a: Nerona|81/100
|move|p1a: Nerona|Moonblast|p2a: Walking Wake
|-supereffective|p2a: Walking Wake
|-damage|p2a: Walking Wake|0 fnt
|faint|p2a: Walking Wake
|-end|p2a: Walking Wake|Protosynthesis|[silent]
|
|-weather|SunnyDay|[upkeep]
|upkeep
|c|☆milkymilkeater|bro
|c|☆milkymilkeater|just slap fissure on ting lu#
|c|☆milkymilkeater|rest sleep talk
|c|☆milkymilkeater|u got the luck
|
|t:|1776201559
|switch|p2a: Venusaur|Venusaur, M|100/100
|turn|16
|
|t:|1776201570
|switch|p1a: Ennell|Zapdos|100/100
|move|p2a: Venusaur|Growth|p2a: Venusaur
|-boost|p2a: Venusaur|atk|2
|-boost|p2a: Venusaur|spa|2
|
|-weather|SunnyDay|[upkeep]
|upkeep
|turn|17
|
|t:|1776201582
|move|p2a: Venusaur|Sludge Bomb|p1a: Ennell
|-damage|p1a: Ennell|13/100
|-damage|p2a: Venusaur|91/100|[from] item: Life Orb
|move|p1a: Ennell|Thunder Wave|p2a: Venusaur
|-status|p2a: Venusaur|par
|
|-weather|SunnyDay|[upkeep]
|upkeep
|turn|18
|
|t:|1776201591
|switch|p1a: Vearth|Iron Treads|92/100
|move|p2a: Venusaur|Giga Drain|p1a: Vearth
|-damage|p1a: Vearth|0 fnt
|-heal|p2a: Venusaur|100/100 par|[from] drain|[of] p1a: Vearth
|faint|p1a: Vearth
|-end|p1a: Vearth|Quark Drive|[silent]
|-damage|p2a: Venusaur|91/100 par|[from] item: Life Orb
|
|-weather|SunnyDay|[upkeep]
|upkeep
|
|t:|1776201600
|switch|p1a: Ennell|Zapdos|13/100
|turn|19
|
|t:|1776201608
|move|p2a: Venusaur|Giga Drain|p1a: Ennell
|-resisted|p1a: Ennell
|-damage|p1a: Ennell|0 fnt
|-heal|p2a: Venusaur|98/100 par|[from] drain|[of] p1a: Ennell
|faint|p1a: Ennell
|-damage|p2a: Venusaur|88/100 par|[from] item: Life Orb
|
|-weather|none
|upkeep
|
|t:|1776201623
|switch|p1a: Domi|Ting-Lu|75/100 brn
|-ability|p1a: Domi|Vessel of Ruin
|turn|20
|
|t:|1776201627
|move|p2a: Venusaur|Giga Drain|p1a: Domi
|-supereffective|p1a: Domi
|-damage|p1a: Domi|0 fnt
|-heal|p2a: Venusaur|100/100 par|[from] drain|[of] p1a: Domi
|faint|p1a: Domi
|-damage|p2a: Venusaur|91/100 par|[from] item: Life Orb
|
|upkeep
|
|t:|1776201638
|switch|p1a: Shandora|Gholdengo|81/100
|turn|21
|
|t:|1776201643
|move|p1a: Shandora|Make It Rain|p2a: Venusaur
|-damage|p2a: Venusaur|23/100 par
|-unboost|p1a: Shandora|spa|1
|move|p2a: Venusaur|Giga Drain|p1a: Shandora
|-resisted|p1a: Shandora
|-damage|p1a: Shandora|29/100
|-heal|p2a: Venusaur|50/100 par|[from] drain|[of] p1a: Shandora
|-damage|p2a: Venusaur|40/100 par|[from] item: Life Orb
|
|upkeep
|turn|22
|
|t:|1776201648
|move|p1a: Shandora|Make It Rain|p2a: Venusaur
|-damage|p2a: Venusaur|0 fnt
|-unboost|p1a: Shandora|spa|1
|faint|p2a: Venusaur
|
|upkeep
|
|t:|1776201658
|switch|p2a: Ninetales|Ninetales, F|52/100
|-weather|SunnyDay|[from] ability: Drought|[of] p2a: Ninetales
|turn|23
|
|t:|1776201669
|switch|p1a: Nerona|Primarina, F|81/100
|move|p2a: Ninetales|Healing Wish|p2a: Ninetales
|faint|p2a: Ninetales
|
|-weather|SunnyDay|[upkeep]
|upkeep
|
|t:|1776201671
|switch|p2a: Great Tusk|Great Tusk|35/100
|-heal|p2a: Great Tusk|100/100|[from] move: Healing Wish
|-activate|p2a: Great Tusk|ability: Protosynthesis
|-start|p2a: Great Tusk|protosynthesisatk
|turn|24
|
|t:|1776201693
|-terastallize|p2a: Great Tusk|Water
|move|p2a: Great Tusk|Headlong Rush|p1a: Nerona
|-damage|p1a: Nerona|0 fnt
|-unboost|p2a: Great Tusk|def|1
|-unboost|p2a: Great Tusk|spd|1
|faint|p1a: Nerona
|
|-weather|SunnyDay|[upkeep]
|upkeep
|
|t:|1776201697
|switch|p1a: Nika|Dragonite, M|100/100
|turn|25
|
|t:|1776201701
|-terastallize|p1a: Nika|Normal
|move|p2a: Great Tusk|Ice Spinner|p1a: Nika
|-damage|p1a: Nika|81/100
|move|p1a: Nika|Dragon Dance|p1a: Nika
|-boost|p1a: Nika|atk|1
|-boost|p1a: Nika|spe|1
|
|-weather|SunnyDay|[upkeep]
|upkeep
|turn|26
|
|t:|1776201708
|move|p1a: Nika|Extreme Speed|p2a: Great Tusk
|-damage|p2a: Great Tusk|25/100
|move|p2a: Great Tusk|Close Combat|p1a: Nika
|-supereffective|p1a: Nika
|-damage|p1a: Nika|0 fnt
|-unboost|p2a: Great Tusk|def|1
|-unboost|p2a: Great Tusk|spd|1
|faint|p1a: Nika
|
|-weather|SunnyDay|[upkeep]
|upkeep
|
|t:|1776201711
|switch|p1a: Shandora|Gholdengo|29/100
|turn|27
|
|t:|1776201715
|move|p1a: Shandora|Shadow Ball|p2a: Great Tusk
|-damage|p2a: Great Tusk|0 fnt
|faint|p2a: Great Tusk
|-end|p2a: Great Tusk|Protosynthesis|[silent]
|
|-weather|SunnyDay|[upkeep]
|upkeep
|
|t:|1776201716
|switch|p2a: Kingambit|Kingambit, F|94/100
|-activate|p2a: Kingambit|ability: Supreme Overlord
|-start|p2a: Kingambit|fallen5|[silent]
|-item|p2a: Kingambit|Air Balloon
|turn|28
|-message|emeryns88 forfeited.
|
|win|milkymilkeater
