|html|<div class="broadcast-blue"><strong>[Gen 9] OU is currently suspecting Tera Blast! For information on how to participate check out the <a href="https://www.smogon.com/tools/suspects/view/200">suspect thread</a>.</strong></div>
|j|☆GreninjaGlazer53
|j|☆Sweeco
|t:|1776075816
|gametype|singles
|player|p1|GreninjaGlazer53|hooligans|1395
|player|p2|Sweeco|sabrina-frlg|1418
|gen|9
|tier|[Gen 9] OU
|rated|
|rule|HP Percentage Mod: HP is shown in percentages
|rule|Endless Battle Clause: Forcing endless battles is banned
|rule|Species Clause: Limit one of each Pokémon
|rule|OHKO Clause: OHKO moves are banned
|rule|Evasion Items Clause: Evasion items are banned
|rule|Evasion Moves Clause: Evasion moves are banned
|rule|Evasion Abilities Clause: Evasion abilities are banned
|rule|Sleep Moves Clause: Sleep-inducing moves are banned
|clearpoke
|poke|p1|Thundurus-Therian, M|
|poke|p1|Alomomola, F|
|poke|p1|Lokix, M|
|poke|p1|Zamazenta-*|
|poke|p1|Weezing-Galar, F|
|poke|p1|Garganacl, F|
|poke|p2|Mamoswine, M|
|poke|p2|Slowking-Galar, M|
|poke|p2|Raging Bolt|
|poke|p2|Meowscarada, F|
|poke|p2|Corviknight, F|
|poke|p2|Dragapult, F|
|teampreview
|inactive|Battle timer is ON: inactive players will automatically lose when time's up. (requested by GreninjaGlazer53)
|
|t:|1776075839
|teamsize|p1|6
|teamsize|p2|6
|start
|switch|p1a: Garganacl|Garganacl, F|100/100
|switch|p2a: Dragapult|Dragapult, F|100/100
|turn|1
|
|t:|1776075845
|move|p2a: Dragapult|U-turn|p1a: Garganacl
|-damage|p1a: Garganacl|90/100
|
|t:|1776075848
|switch|p2a: Meowscarada|Meowscarada, F|100/100|[from] U-turn
|move|p1a: Garganacl|Salt Cure|p2a: Meowscarada
|-damage|p2a: Meowscarada|81/100
|-start|p2a: Meowscarada|Salt Cure
|
|-heal|p1a: Garganacl|96/100|[from] item: Leftovers
|-damage|p2a: Meowscarada|68/100|[from] Salt Cure
|upkeep
|turn|2
|
|t:|1776075853
|move|p1a: Garganacl|Protect|p1a: Garganacl
|-singleturn|p1a: Garganacl|Protect
|move|p2a: Meowscarada|Trick|p1a: Garganacl
|-start|p2a: Meowscarada|typechange|Psychic|[from] ability: Protean
|-activate|p1a: Garganacl|move: Protect
|
|-heal|p1a: Garganacl|100/100|[from] item: Leftovers
|-damage|p2a: Meowscarada|56/100|[from] Salt Cure
|upkeep
|turn|3
|inactive|GreninjaGlazer53 has 120 seconds left.
|
|t:|1776075903
|switch|p2a: Slowking|Slowking-Galar, M|100/100
|switch|p1a: Weezing|Weezing-Galar, F|100/100
|-ability|p1a: Weezing|Neutralizing Gas
|
|upkeep
|turn|4
|
|t:|1776075919
|-end|p1a: Weezing|ability: Neutralizing Gas
|switch|p1a: Garganacl|Garganacl, F|100/100
|-prepare|p2a: Slowking|Chilly Reception|[premajor]
|move|p2a: Slowking|Chilly Reception|p2a: Slowking
|-weather|Snowscape
|inactive|Sweeco has 120 seconds left.
|
|t:|1776075947
|switch|p2a: Corviknight|Corviknight, F|100/100|[from] Chilly Reception
|-ability|p2a: Corviknight|Pressure
|
|-weather|Snowscape|[upkeep]
|upkeep
|turn|5
|inactive|Sweeco has 120 seconds left.
|
|t:|1776075953
|move|p2a: Corviknight|Iron Defense|p2a: Corviknight
|-boost|p2a: Corviknight|def|2
|move|p1a: Garganacl|Stealth Rock|p2a: Corviknight
|-sidestart|p2: Sweeco|move: Stealth Rock
|
|-weather|Snowscape|[upkeep]
|upkeep
|turn|6
|
|t:|1776075960
|move|p2a: Corviknight|Body Press|p1a: Garganacl
|-supereffective|p1a: Garganacl
|-damage|p1a: Garganacl|28/100
|move|p1a: Garganacl|Salt Cure|p2a: Corviknight
|-crit|p2a: Corviknight
|-damage|p2a: Corviknight|87/100
|-start|p2a: Corviknight|Salt Cure
|
|-weather|Snowscape|[upkeep]
|-heal|p1a: Garganacl|34/100|[from] item: Leftovers
|-damage|p2a: Corviknight|62/100|[from] Salt Cure
|upkeep
|turn|7
|
|t:|1776075965
|move|p1a: Garganacl|Protect|p1a: Garganacl
|-singleturn|p1a: Garganacl|Protect
|move|p2a: Corviknight|Roost|p2a: Corviknight
|-heal|p2a: Corviknight|100/100
|-singleturn|p2a: Corviknight|move: Roost
|
|-weather|Snowscape|[upkeep]
|-heal|p1a: Garganacl|40/100|[from] item: Leftovers
|-damage|p2a: Corviknight|75/100|[from] Salt Cure
|upkeep
|turn|8
|
|t:|1776075970
|switch|p1a: Thundurus|Thundurus-Therian, M|100/100
|move|p2a: Corviknight|Body Press|p1a: Thundurus
|-resisted|p1a: Thundurus
|-damage|p1a: Thundurus|61/100
|
|-weather|none
|-damage|p2a: Corviknight|50/100|[from] Salt Cure
|upkeep
|turn|9
|
|t:|1776075980
|switch|p1a: Zamazenta|Zamazenta|100/100
|-ability|p1a: Zamazenta|Dauntless Shield|boost
|-boost|p1a: Zamazenta|def|1
|switch|p2a: Slowking|Slowking-Galar, M|100/100
|
|upkeep
|turn|10
|
|t:|1776075983
|move|p1a: Zamazenta|Crunch|p2a: Slowking
|-supereffective|p2a: Slowking
|-damage|p2a: Slowking|42/100
|move|p2a: Slowking|Toxic|p1a: Zamazenta
|-status|p1a: Zamazenta|tox
|
|-damage|p1a: Zamazenta|94/100 tox|[from] psn
|upkeep
|turn|11
|
|t:|1776075987
|switch|p2a: Corviknight|Corviknight, F|50/100
|-damage|p2a: Corviknight|38/100|[from] Stealth Rock
|-ability|p2a: Corviknight|Pressure
|move|p1a: Zamazenta|Crunch|p2a: Corviknight
|-damage|p2a: Corviknight|23/100
|-damage|p1a: Zamazenta|78/100 tox|[from] item: Rocky Helmet|[of] p2a: Corviknight
|
|-damage|p1a: Zamazenta|65/100 tox|[from] psn
|upkeep
|turn|12
|
|t:|1776075991
|move|p1a: Zamazenta|Close Combat|p2a: Corviknight
|-damage|p2a: Corviknight|0 fnt
|-unboost|p1a: Zamazenta|def|1
|-unboost|p1a: Zamazenta|spd|1
|-damage|p1a: Zamazenta|49/100 tox|[from] item: Rocky Helmet|[of] p2a: Corviknight
|faint|p2a: Corviknight
|
|-damage|p1a: Zamazenta|30/100 tox|[from] psn
|upkeep
|
|t:|1776075999
|switch|p2a: Dragapult|Dragapult, F|100/100
|turn|13
|
|t:|1776076005
|switch|p1a: Alomomola|Alomomola, F|100/100
|move|p2a: Dragapult|Hex|p1a: Alomomola
|-damage|p1a: Alomomola|67/100
|
|upkeep
|turn|14
|inactive|Sweeco has 120 seconds left.
|
|t:|1776076039
|move|p2a: Dragapult|Draco Meteor|p1a: Alomomola
|-damage|p1a: Alomomola|0 fnt
|-unboost|p2a: Dragapult|spa|2
|faint|p1a: Alomomola
|
|upkeep
|
|t:|1776076047
|switch|p1a: Lokix|Lokix, M|100/100
|turn|15
|
|t:|1776076056
|switch|p2a: Slowking|Slowking-Galar, M|75/100
|move|p1a: Lokix|Knock Off|p2a: Slowking
|-supereffective|p2a: Slowking
|-damage|p2a: Slowking|0 fnt
|-enditem|p2a: Slowking|Heavy-Duty Boots|[from] move: Knock Off|[of] p1a: Lokix
|faint|p2a: Slowking
|
|upkeep
|
|t:|1776076067
|switch|p2a: Dragapult|Dragapult, F|100/100
|turn|16
|
|t:|1776076074
|switch|p1a: Weezing|Weezing-Galar, F|100/100
|-ability|p1a: Weezing|Neutralizing Gas
|move|p2a: Dragapult|Will-O-Wisp|p1a: Weezing
|-status|p1a: Weezing|brn
|
|-damage|p1a: Weezing|95/100 brn|[from] brn
|upkeep
|turn|17
|
|t:|1776076090
|move|p2a: Dragapult|Hex|p1a: Weezing
|-damage|p1a: Weezing|21/100 brn
|move|p1a: Weezing|Pain Split|p2a: Dragapult
|-sethp|p2a: Dragapult|61/100|[from] move: Pain Split|[silent]
|-sethp|p1a: Weezing|58/100 brn|[from] move: Pain Split
|
|-damage|p1a: Weezing|52/100 brn|[from] brn
|upkeep
|turn|18
|
|t:|1776076097
|move|p2a: Dragapult|Hex|p1a: Weezing
|-damage|p1a: Weezing|0 fnt
|faint|p1a: Weezing
|-end|p1a: Weezing|ability: Neutralizing Gas
|
|upkeep
|
|t:|1776076100
|switch|p1a: Lokix|Lokix, M|100/100
|turn|19
|
|t:|1776076103
|move|p1a: Lokix|First Impression|p2a: Dragapult
|-resisted|p2a: Dragapult
|-damage|p2a: Dragapult|0 fnt
|faint|p2a: Dragapult
|
|upkeep
|
|t:|1776076106
|switch|p2a: Mamoswine|Mamoswine, M|100/100
|-damage|p2a: Mamoswine|88/100|[from] Stealth Rock
|turn|20
|
|t:|1776076115
|switch|p1a: Zamazenta|Zamazenta|30/100 tox
|move|p2a: Mamoswine|Trailblaze|p1a: Zamazenta
|-damage|p1a: Zamazenta|14/100 tox
|-boost|p2a: Mamoswine|spe|1
|
|-damage|p1a: Zamazenta|8/100 tox|[from] psn
|upkeep
|turn|21
|
|t:|1776076123
|move|p2a: Mamoswine|Trailblaze|p1a: Zamazenta
|-damage|p1a: Zamazenta|0 fnt
|-boost|p2a: Mamoswine|spe|1
|faint|p1a: Zamazenta
|
|upkeep
|
|t:|1776076129
|switch|p1a: Lokix|Lokix, M|100/100
|turn|22
|
|t:|1776076132
|-terastallize|p1a: Lokix|Bug
|move|p1a: Lokix|First Impression|p2a: Mamoswine
|-damage|p2a: Mamoswine|0 fnt
|faint|p2a: Mamoswine
|
|upkeep
|
|t:|1776076139
|switch|p2a: Raging Bolt|Raging Bolt|100/100
|-damage|p2a: Raging Bolt|88/100|[from] Stealth Rock
|-enditem|p2a: Raging Bolt|Booster Energy
|-activate|p2a: Raging Bolt|ability: Protosynthesis|[fromitem]
|-start|p2a: Raging Bolt|protosynthesisspa
|turn|23
|
|t:|1776076143
|switch|p1a: Garganacl|Garganacl, F|40/100
|move|p2a: Raging Bolt|Calm Mind|p2a: Raging Bolt
|-boost|p2a: Raging Bolt|spa|1
|-boost|p2a: Raging Bolt|spd|1
|
|-heal|p1a: Garganacl|46/100|[from] item: Leftovers
|upkeep
|turn|24
|
|t:|1776076150
|move|p2a: Raging Bolt|Thunderbolt|p1a: Garganacl
|-damage|p1a: Garganacl|0 fnt
|faint|p1a: Garganacl
|
|upkeep
|
|t:|1776076152
|switch|p1a: Thundurus|Thundurus-Therian, M|61/100
|turn|25
|
|t:|1776076164
|move|p1a: Thundurus|Volt Switch|p2a: Raging Bolt
|-resisted|p2a: Raging Bolt
|-crit|p2a: Raging Bolt
|-damage|p2a: Raging Bolt|68/100
|
|t:|1776076165
|switch|p1a: Lokix|Lokix, M, tera:Bug|100/100|[from] Volt Switch
|move|p2a: Raging Bolt|Dragon Pulse|p1a: Lokix
|-damage|p1a: Lokix|0 fnt
|faint|p1a: Lokix
|
|upkeep
|-message|GreninjaGlazer53 forfeited.
|
|win|Sweeco
|raw|GreninjaGlazer53's rating: 1395 &rarr; <strong>1376</strong><br />(-19 for losing)
|raw|Sweeco's rating: 1418 &rarr; <strong>1437</strong><br />(+19 for winning)
|l|☆GreninjaGlazer53
|player|p1|
|l|☆Sweeco
|player|p2|
