|html|<div class="broadcast-blue"><strong>[Gen 9] OU is currently suspecting Tera Blast! For information on how to participate check out the <a href="https://www.smogon.com/tools/suspects/view/200">suspect thread</a>.</strong></div>
|j|☆LiamUtp
|j|☆blooaxolotl
|t:|1776190193
|gametype|singles
|player|p1|LiamUtp|lucas|
|player|p2|blooaxolotl|gambler|
|gen|9
|tier|[Gen 9] OU
|rule|HP Percentage Mod: HP is shown in percentages
|rule|Endless Battle Clause: Forcing endless battles is banned
|rule|Species Clause: Limit one of each Pokémon
|rule|OHKO Clause: OHKO moves are banned
|rule|Evasion Items Clause: Evasion items are banned
|rule|Evasion Moves Clause: Evasion moves are banned
|rule|Evasion Abilities Clause: Evasion abilities are banned
|rule|Sleep Moves Clause: Sleep-inducing moves are banned
|clearpoke
|poke|p1|Keldeo-Resolute|
|poke|p1|Eelektross, F|
|poke|p1|Slowbro-Galar, F|
|poke|p1|Yanmega, F|
|poke|p1|Houndoom, M|
|poke|p1|Glimmora, F|
|poke|p2|Pawmot, M|
|poke|p2|Articuno-Galar|
|poke|p2|Blastoise, M|
|poke|p2|Garchomp, M|
|poke|p2|Infernape, F|
|poke|p2|Exeggutor-Alola, M|
|teampreview
|
|t:|1776190208
|teamsize|p1|6
|teamsize|p2|6
|start
|switch|p1a: Slowbro|Slowbro-Galar, F|100/100
|switch|p2a: Pawmot|Pawmot, M, shiny|100/100
|turn|1
|
|t:|1776190214
|move|p2a: Pawmot|Fake Out|p1a: Slowbro
|-damage|p1a: Slowbro|88/100
|cant|p1a: Slowbro|flinch
|
|upkeep
|turn|2
|-activate|p1a: Slowbro|ability: Quick Draw
|
|t:|1776190221
|move|p1a: Slowbro|Psychic|p2a: Pawmot
|-supereffective|p2a: Pawmot
|-enditem|p2a: Pawmot|Focus Sash
|-damage|p2a: Pawmot|1/100
|move|p2a: Pawmot|Volt Switch|p1a: Slowbro
|-damage|p1a: Slowbro|69/100
|
|t:|1776190234
|switch|p2a: Garchomp|Garchomp, M|100/100|[from] Volt Switch
|
|upkeep
|turn|3
|
|t:|1776190240
|-terastallize|p2a: Garchomp|Ghost
|move|p2a: Garchomp|Earthquake|p1a: Slowbro
|-supereffective|p1a: Slowbro
|-damage|p1a: Slowbro|0 fnt
|faint|p1a: Slowbro
|
|upkeep
|
|t:|1776190248
|switch|p1a: Glimmora|Glimmora, F|100/100
|turn|4
|
|t:|1776190251
|move|p2a: Garchomp|Swords Dance|p2a: Garchomp
|-boost|p2a: Garchomp|atk|2
|move|p1a: Glimmora|Substitute|p1a: Glimmora
|-start|p1a: Glimmora|Substitute
|-damage|p1a: Glimmora|76/100
|
|-heal|p1a: Glimmora|82/100|[from] item: Leftovers
|upkeep
|turn|5
|
|t:|1776190260
|move|p1a: Glimmora|Spiky Shield|p1a: Glimmora
|-singleturn|p1a: Glimmora|move: Protect
|move|p2a: Garchomp|Scale Shot|p1a: Glimmora
|-activate|p1a: Glimmora|move: Protect
|
|-heal|p1a: Glimmora|88/100|[from] item: Leftovers
|upkeep
|turn|6
|
|t:|1776190267
|move|p2a: Garchomp|Earthquake|p1a: Glimmora
|-supereffective|p1a: Glimmora
|-end|p1a: Glimmora|Substitute
|move|p1a: Glimmora|Toxic|p2a: Garchomp
|-status|p2a: Garchomp|tox
|
|-heal|p1a: Glimmora|94/100|[from] item: Leftovers
|-damage|p2a: Garchomp|94/100 tox|[from] psn
|upkeep
|turn|7
|
|t:|1776190275
|move|p2a: Garchomp|Earthquake|p1a: Glimmora
|-supereffective|p1a: Glimmora
|-damage|p1a: Glimmora|0 fnt
|faint|p1a: Glimmora
|
|-damage|p2a: Garchomp|82/100 tox|[from] psn
|upkeep
|
|t:|1776190285
|switch|p1a: Yanmega|Yanmega, F|100/100
|turn|8
|
|t:|1776190288
|move|p1a: Yanmega|Detect|p1a: Yanmega
|-singleturn|p1a: Yanmega|Protect
|move|p2a: Garchomp|Scale Shot|p1a: Yanmega
|-activate|p1a: Yanmega|move: Protect
|
|-damage|p2a: Garchomp|64/100 tox|[from] psn
|-ability|p1a: Yanmega|Speed Boost|boost
|-boost|p1a: Yanmega|spe|1
|upkeep
|turn|9
|
|t:|1776190299
|move|p1a: Yanmega|Psychic|p2a: Garchomp
|-damage|p2a: Garchomp|30/100 tox
|move|p2a: Garchomp|Scale Shot|p1a: Yanmega
|-damage|p1a: Yanmega|67/100
|-damage|p1a: Yanmega|36/100
|-damage|p1a: Yanmega|3/100
|-damage|p1a: Yanmega|0 fnt
|faint|p1a: Yanmega
|-hitcount|p1: Yanmega|4
|-unboost|p2a: Garchomp|def|1
|-boost|p2a: Garchomp|spe|1
|
|-damage|p2a: Garchomp|6/100 tox|[from] psn
|upkeep
|
|t:|1776190315
|switch|p1a: Eelektross|Eelektross, F|100/100
|turn|10
|
|t:|1776190319
|move|p2a: Garchomp|Earthquake|p1a: Eelektross
|-immune|p1a: Eelektross|[from] ability: Levitate
|move|p1a: Eelektross|Coil|p1a: Eelektross
|-boost|p1a: Eelektross|atk|1
|-boost|p1a: Eelektross|def|1
|-boost|p1a: Eelektross|accuracy|1
|
|-damage|p2a: Garchomp|0 fnt|[from] psn
|faint|p2a: Garchomp
|upkeep
|
|t:|1776190323
|switch|p2a: Pawmot|Pawmot, M, shiny|1/100
|turn|11
|
|t:|1776190333
|move|p2a: Pawmot|Revival Blessing|p2a: Pawmot
|
|t:|1776190336
|-heal|p2: Garchomp|50/100|[from] move: Revival Blessing
|move|p1a: Eelektross|Dragon Tail|p2a: Pawmot
|-damage|p2a: Pawmot|0 fnt
|faint|p2a: Pawmot
|
|upkeep
|
|t:|1776190340
|switch|p2a: Garchomp|Garchomp, M|50/100
|turn|12
|
|t:|1776190345
|move|p2a: Garchomp|Dragon Claw|p1a: Eelektross
|-damage|p1a: Eelektross|67/100
|move|p1a: Eelektross|Dragon Tail|p2a: Garchomp
|-supereffective|p2a: Garchomp
|-damage|p2a: Garchomp|0 fnt
|-damage|p1a: Eelektross|55/100|[from] ability: Rough Skin|[of] p2a: Garchomp
|-damage|p1a: Eelektross|38/100|[from] item: Rocky Helmet|[of] p2a: Garchomp
|faint|p2a: Garchomp
|
|-heal|p1a: Eelektross|44/100|[from] item: Leftovers
|upkeep
|
|t:|1776190349
|switch|p2a: Infernape|Infernape, F|100/100
|turn|13
|
|t:|1776190357
|move|p2a: Infernape|Drain Punch|p1a: Eelektross
|-damage|p1a: Eelektross|14/100
|move|p1a: Eelektross|Dragon Tail|p2a: Infernape
|-damage|p2a: Infernape|53/100
|drag|p2a: Blastoise|Blastoise, M|100/100
|
|-heal|p1a: Eelektross|21/100|[from] item: Leftovers
|upkeep
|turn|14
|
|t:|1776190370
|move|p2a: Blastoise|Surf|p1a: Eelektross
|-damage|p1a: Eelektross|0 fnt
|faint|p1a: Eelektross
|
|upkeep
|
|t:|1776190374
|switch|p1a: Keldeo|Keldeo-Resolute|100/100
|turn|15
|
|t:|1776190380
|switch|p2a: Exeggutor|Exeggutor-Alola, M|100/100
|move|p1a: Keldeo|Secret Sword|p2a: Exeggutor
|-damage|p2a: Exeggutor|58/100
|
|upkeep
|turn|16
|
|t:|1776190388
|-terastallize|p1a: Keldeo|Ghost
|move|p1a: Keldeo|Secret Sword|p2a: Exeggutor
|-damage|p2a: Exeggutor|17/100
|-enditem|p2a: Exeggutor|Figy Berry|[eat]
|-heal|p2a: Exeggutor|50/100|[from] item: Figy Berry
|move|p2a: Exeggutor|Giga Drain|p1a: Keldeo
|-damage|p1a: Keldeo|54/100
|-heal|p2a: Exeggutor|69/100|[from] drain|[of] p1a: Keldeo
|
|upkeep
|turn|17
|
|t:|1776190398
|move|p1a: Keldeo|Tera Blast|p2a: Exeggutor|[anim] Tera Blast Ghost
|-damage|p2a: Exeggutor|20/100
|move|p2a: Exeggutor|Sunny Day|p2a: Exeggutor
|-weather|SunnyDay
|
|-weather|SunnyDay|[upkeep]
|-item|p2a: Exeggutor|Figy Berry|[from] ability: Harvest
|upkeep
|-enditem|p2a: Exeggutor|Figy Berry|[eat]
|-heal|p2a: Exeggutor|53/100|[from] item: Figy Berry
|turn|18
|
|t:|1776190409
|move|p1a: Keldeo|Tera Blast|p2a: Exeggutor|[anim] Tera Blast Ghost
|-damage|p2a: Exeggutor|9/100
|move|p2a: Exeggutor|Giga Drain|p1a: Keldeo
|-damage|p1a: Keldeo|8/100
|-heal|p2a: Exeggutor|28/100|[from] drain|[of] p1a: Keldeo
|
|-weather|SunnyDay|[upkeep]
|-item|p2a: Exeggutor|Figy Berry|[from] ability: Harvest
|upkeep
|turn|19
|
|t:|1776190424
|move|p1a: Keldeo|Tera Blast|p2a: Exeggutor|[anim] Tera Blast Ghost
|-damage|p2a: Exeggutor|0 fnt
|faint|p2a: Exeggutor
|
|-weather|SunnyDay|[upkeep]
|upkeep
|
|t:|1776190428
|switch|p2a: Infernape|Infernape, F|53/100
|turn|20
|
|t:|1776190433
|move|p1a: Keldeo|Vacuum Wave|p2a: Infernape
|-damage|p2a: Infernape|23/100
|move|p2a: Infernape|Fire Punch|p1a: Keldeo
|-damage|p1a: Keldeo|0 fnt
|faint|p1a: Keldeo
|
|-weather|SunnyDay|[upkeep]
|upkeep
|
|t:|1776190439
|switch|p1a: Houndoom|Houndoom, M|100/100
|-ability|p1a: Houndoom|Unnerve
|turn|21
|
|t:|1776190446
|move|p2a: Infernape|Drain Punch|p1a: Houndoom
|-supereffective|p1a: Houndoom
|-enditem|p1a: Houndoom|Focus Sash
|-damage|p1a: Houndoom|1/100
|-heal|p2a: Infernape|73/100|[from] drain|[of] p1a: Houndoom
|move|p1a: Houndoom|Counter|p2a: Infernape
|-damage|p2a: Infernape|0 fnt
|faint|p2a: Infernape
|
|-weather|none
|upkeep
|
|t:|1776190456
|switch|p2a: Blastoise|Blastoise, M|100/100
|turn|22
|
|t:|1776190459
|move|p1a: Houndoom|Destiny Bond|p1a: Houndoom
|-singlemove|p1a: Houndoom|Destiny Bond
|move|p2a: Blastoise|Surf|p1a: Houndoom
|-supereffective|p1a: Houndoom
|-damage|p1a: Houndoom|0 fnt
|faint|p1a: Houndoom
|-activate|p1a: Houndoom|move: Destiny Bond
|faint|p2a: Blastoise
|
|win|blooaxolotl
