|html|<div class="broadcast-blue"><strong>[Gen 9] OU is currently suspecting Volcarona! For information on how to participate check out the <a href="https://www.smogon.com/tools/suspects/view/208">suspect thread</a>.</strong></div>
|j|☆The ZU Wanderer
|j|☆lll9
|t:|1778515831
|gametype|singles
|player|p1|The ZU Wanderer|roughneck|1370
|player|p2|lll9|anabel-gen7|1355
|gen|9
|tier|[Gen 9] OU
|rated|
|rule|HP Percentage Mod: HP is shown in percentages
|rule|Endless Battle Clause: Forcing endless battles is banned
|rule|Species Clause: Limit one of each Pokémon
|rule|OHKO Clause: OHKO moves are banned
|rule|Evasion Items Clause: Evasion items are banned
|rule|Evasion Moves Clause: Evasion moves are banned
|rule|Evasion Abilities Clause: Evasion abilities are banned
|rule|Sleep Moves Clause: Sleep-inducing moves are banned
|clearpoke
|poke|p1|Morpeko, F|
|poke|p1|Cryogonal|
|poke|p1|Piloswine, M|
|poke|p1|Toxicroak, M|
|poke|p1|Crocalor, M|
|poke|p1|Gogoat, M|
|poke|p2|Iron Valiant|
|poke|p2|Zapdos|
|poke|p2|Slowking-Galar, M|
|poke|p2|Great Tusk|
|poke|p2|Gholdengo|
|poke|p2|Kingambit, F|
|teampreview
|inactive|Battle timer is ON: inactive players will automatically lose when time's up. (requested by lll9)
|inactive|The ZU Wanderer has 120 seconds left.
|
|t:|1778515869
|teamsize|p1|6
|teamsize|p2|6
|start
|switch|p1a: Cryogonal|Cryogonal|100/100
|switch|p2a: Great Tusk|Great Tusk|100/100
|turn|1
|
|t:|1778515874
|move|p1a: Cryogonal|Freeze-Dry|p2a: Great Tusk
|-supereffective|p2a: Great Tusk
|-damage|p2a: Great Tusk|0 fnt
|faint|p2a: Great Tusk
|-end|p2a: Great Tusk|Protosynthesis|[silent]
|-damage|p1a: Cryogonal|91/100|[from] item: Life Orb
|
|upkeep
|
|t:|1778515885
|switch|p2a: Iron Valiant|Iron Valiant, shiny|100/100
|-enditem|p2a: Iron Valiant|Booster Energy
|-activate|p2a: Iron Valiant|ability: Quark Drive|[fromitem]
|-start|p2a: Iron Valiant|quarkdrivespe
|turn|2
|
|t:|1778515891
|switch|p1a: Crocalor|Crocalor, M|100/100
|move|p2a: Iron Valiant|Close Combat|p1a: Crocalor
|-damage|p1a: Crocalor|71/100
|-unboost|p2a: Iron Valiant|def|1
|-unboost|p2a: Iron Valiant|spd|1
|
|upkeep
|turn|3
|
|t:|1778515901
|-end|p2a: Iron Valiant|Quark Drive|[silent]
|switch|p2a: Slowking|Slowking-Galar, M|100/100
|move|p1a: Crocalor|Flamethrower|p2a: Slowking
|-damage|p2a: Slowking|83/100
|
|-heal|p2a: Slowking|90/100|[from] item: Leftovers
|upkeep
|turn|4
|
|t:|1778515911
|switch|p1a: Piloswine|Piloswine, M, shiny|100/100
|move|p2a: Slowking|Future Sight|p1a: Piloswine
|-start|p2a: Slowking|move: Future Sight
|
|-heal|p2a: Slowking|96/100|[from] item: Leftovers
|upkeep
|turn|5
|
|t:|1778515916
|move|p1a: Piloswine|Curse|p1a: Piloswine
|-unboost|p1a: Piloswine|spe|1
|-boost|p1a: Piloswine|atk|1
|-boost|p1a: Piloswine|def|1
|move|p2a: Slowking|Toxic|p1a: Piloswine
|-status|p1a: Piloswine|tox
|
|-heal|p2a: Slowking|100/100|[from] item: Leftovers
|-damage|p1a: Piloswine|94/100 tox|[from] psn
|upkeep
|turn|6
|
|t:|1778515927
|move|p1a: Piloswine|Earthquake|p2a: Slowking
|-supereffective|p2a: Slowking
|-damage|p2a: Slowking|0 fnt
|faint|p2a: Slowking
|
|-end|p1a: Piloswine|move: Future Sight
|-damage|p1a: Piloswine|69/100 tox
|-damage|p1a: Piloswine|57/100 tox|[from] psn
|upkeep
|
|t:|1778515936
|switch|p2a: Gholdengo|Gholdengo|100/100
|-item|p2a: Gholdengo|Air Balloon
|turn|7
|
|t:|1778515941
|switch|p1a: Morpeko|Morpeko, F, shiny|100/100
|move|p2a: Gholdengo|Make It Rain|p1a: Morpeko
|-resisted|p1a: Morpeko
|-damage|p1a: Morpeko|34/100
|-unboost|p2a: Gholdengo|spa|1
|
|-formechange|p1a: Morpeko|Morpeko-Hangry||[from] ability: Hunger Switch
|upkeep
|turn|8
|
|t:|1778515956
|switch|p2a: Zapdos|Zapdos|100/100
|move|p1a: Morpeko|Thunder Punch|p2a: Zapdos
|-damage|p2a: Zapdos|72/100
|-damage|p1a: Morpeko|24/100|[from] item: Life Orb
|
|-formechange|p1a: Morpeko|Morpeko||[from] ability: Hunger Switch
|upkeep
|turn|9
|
|t:|1778515964
|move|p1a: Morpeko|Aura Wheel|p2a: Zapdos
|-damage|p2a: Zapdos|31/100
|-boost|p1a: Morpeko|spe|1
|-damage|p1a: Morpeko|15/100|[from] item: Life Orb
|move|p2a: Zapdos|U-turn|p1a: Morpeko
|-supereffective|p1a: Morpeko
|-damage|p1a: Morpeko|0 fnt
|faint|p1a: Morpeko
|
|t:|1778515970
|switch|p2a: Iron Valiant|Iron Valiant, shiny|100/100|[from] U-turn
|
|upkeep
|
|t:|1778515976
|switch|p1a: Crocalor|Crocalor, M|71/100
|turn|10
|
|t:|1778515983
|-end|p2a: Iron Valiant|Quark Drive|[silent]
|switch|p2a: Zapdos|Zapdos|31/100
|move|p1a: Crocalor|Flamethrower|p2a: Zapdos
|-damage|p2a: Zapdos|6/100
|
|upkeep
|turn|11
|
|t:|1778515990
|switch|p1a: Cryogonal|Cryogonal|91/100
|move|p2a: Zapdos|Roost|p2a: Zapdos
|-heal|p2a: Zapdos|56/100
|-singleturn|p2a: Zapdos|move: Roost
|
|upkeep
|turn|12
|
|t:|1778516000
|-terastallize|p2a: Zapdos|Steel
|move|p1a: Cryogonal|Freeze-Dry|p2a: Zapdos
|-resisted|p2a: Zapdos
|-damage|p2a: Zapdos|39/100
|-damage|p1a: Cryogonal|81/100|[from] item: Life Orb
|move|p2a: Zapdos|Discharge|p1a: Cryogonal
|-damage|p1a: Cryogonal|51/100
|
|upkeep
|turn|13
|
|t:|1778516011
|switch|p1a: Piloswine|Piloswine, M, shiny|57/100 tox
|move|p2a: Zapdos|Roost|p2a: Zapdos
|-heal|p2a: Zapdos|89/100
|
|-damage|p1a: Piloswine|50/100 tox|[from] psn
|upkeep
|turn|14
|
|t:|1778516020
|switch|p2a: Gholdengo|Gholdengo|100/100
|-item|p2a: Gholdengo|Air Balloon
|move|p1a: Piloswine|Earthquake|p2a: Gholdengo
|-immune|p2a: Gholdengo
|
|-damage|p1a: Piloswine|38/100 tox|[from] psn
|upkeep
|turn|15
|
|t:|1778516029
|move|p1a: Piloswine|Ice Shard|p2a: Gholdengo
|-resisted|p2a: Gholdengo
|-damage|p2a: Gholdengo|92/100
|-enditem|p2a: Gholdengo|Air Balloon
|move|p2a: Gholdengo|Make It Rain|p1a: Piloswine
|-supereffective|p1a: Piloswine
|-damage|p1a: Piloswine|0 fnt
|-unboost|p2a: Gholdengo|spa|1
|faint|p1a: Piloswine
|
|upkeep
|
|t:|1778516038
|switch|p1a: Gogoat|Gogoat, M, shiny|100/100
|turn|16
|
|t:|1778516044
|switch|p2a: Zapdos|Zapdos, tera:Steel|89/100
|move|p1a: Gogoat|Bulk Up|p1a: Gogoat
|-boost|p1a: Gogoat|atk|1
|-boost|p1a: Gogoat|def|1
|
|upkeep
|turn|17
|
|t:|1778516051
|-terastallize|p1a: Gogoat|Electric
|move|p2a: Zapdos|Hurricane|p1a: Gogoat
|-resisted|p1a: Gogoat
|-damage|p1a: Gogoat|85/100
|move|p1a: Gogoat|Bulk Up|p1a: Gogoat
|-boost|p1a: Gogoat|atk|1
|-boost|p1a: Gogoat|def|1
|
|upkeep
|turn|18
|
|t:|1778516063
|move|p2a: Zapdos|Hurricane|p1a: Gogoat
|-resisted|p1a: Gogoat
|-damage|p1a: Gogoat|72/100
|move|p1a: Gogoat|Horn Leech|p2a: Zapdos
|-resisted|p2a: Zapdos
|-damage|p2a: Zapdos|72/100
|-heal|p1a: Gogoat|79/100|[from] drain|[of] p2a: Zapdos
|
|upkeep
|turn|19
|
|t:|1778516073
|move|p2a: Zapdos|Hurricane|p1a: Gogoat
|-resisted|p1a: Gogoat
|-damage|p1a: Gogoat|65/100
|move|p1a: Gogoat|Bulk Up|p1a: Gogoat
|-boost|p1a: Gogoat|atk|1
|-boost|p1a: Gogoat|def|1
|
|upkeep
|turn|20
|
|t:|1778516080
|move|p2a: Zapdos|Hurricane|p1a: Gogoat
|-resisted|p1a: Gogoat
|-damage|p1a: Gogoat|50/100
|move|p1a: Gogoat|Trailblaze|p2a: Zapdos
|-resisted|p2a: Zapdos
|-damage|p2a: Zapdos|56/100
|-boost|p1a: Gogoat|spe|1
|
|upkeep
|turn|21
|
|t:|1778516090
|move|p1a: Gogoat|Trailblaze|p2a: Zapdos
|-resisted|p2a: Zapdos
|-damage|p2a: Zapdos|41/100
|-boost|p1a: Gogoat|spe|1
|move|p2a: Zapdos|Hurricane|p1a: Gogoat
|-resisted|p1a: Gogoat
|-damage|p1a: Gogoat|35/100
|
|upkeep
|turn|22
|
|t:|1778516098
|move|p1a: Gogoat|Horn Leech|p2a: Zapdos
|-resisted|p2a: Zapdos
|-damage|p2a: Zapdos|20/100
|-heal|p1a: Gogoat|44/100|[from] drain|[of] p2a: Zapdos
|move|p2a: Zapdos|Roost|p2a: Zapdos
|-heal|p2a: Zapdos|70/100
|
|upkeep
|turn|23
|
|t:|1778516105
|move|p1a: Gogoat|Trailblaze|p2a: Zapdos
|-resisted|p2a: Zapdos
|-damage|p2a: Zapdos|54/100
|-boost|p1a: Gogoat|spe|1
|move|p2a: Zapdos|Roost|p2a: Zapdos
|-heal|p2a: Zapdos|100/100
|
|upkeep
|turn|24
|
|t:|1778516112
|move|p1a: Gogoat|Bulk Up|p1a: Gogoat
|-boost|p1a: Gogoat|atk|1
|-boost|p1a: Gogoat|def|1
|move|p2a: Zapdos|Hurricane|p1a: Gogoat
|-resisted|p1a: Gogoat
|-damage|p1a: Gogoat|31/100
|
|upkeep
|turn|25
|
|t:|1778516119
|move|p1a: Gogoat|Horn Leech|p2a: Zapdos
|-resisted|p2a: Zapdos
|-damage|p2a: Zapdos|73/100
|-heal|p1a: Gogoat|43/100|[from] drain|[of] p2a: Zapdos
|move|p2a: Zapdos|Hurricane|p1a: Gogoat|[miss]
|-miss|p2a: Zapdos|p1a: Gogoat
|
|upkeep
|turn|26
|
|t:|1778516128
|move|p1a: Gogoat|Bulk Up|p1a: Gogoat
|-boost|p1a: Gogoat|atk|1
|-boost|p1a: Gogoat|def|1
|move|p2a: Zapdos|Roost|p2a: Zapdos
|-heal|p2a: Zapdos|100/100
|
|upkeep
|turn|27
|
|t:|1778516134
|move|p1a: Gogoat|Horn Leech|p2a: Zapdos
|-resisted|p2a: Zapdos
|-crit|p2a: Zapdos
|-damage|p2a: Zapdos|50/100
|-heal|p1a: Gogoat|64/100|[from] drain|[of] p2a: Zapdos
|move|p2a: Zapdos|Hurricane|p1a: Gogoat
|-resisted|p1a: Gogoat
|-damage|p1a: Gogoat|49/100
|
|upkeep
|turn|28
|
|t:|1778516145
|move|p1a: Gogoat|Bulk Up|p1a: Gogoat
|-boost|p1a: Gogoat|atk|1
|-boost|p1a: Gogoat|def|1
|move|p2a: Zapdos|Roost|p2a: Zapdos
|-heal|p2a: Zapdos|100/100
|
|upkeep
|turn|29
|
|t:|1778516154
|move|p1a: Gogoat|Horn Leech|p2a: Zapdos
|-resisted|p2a: Zapdos
|-damage|p2a: Zapdos|63/100
|-heal|p1a: Gogoat|66/100|[from] drain|[of] p2a: Zapdos
|move|p2a: Zapdos|Hurricane|p1a: Gogoat|[miss]
|-miss|p2a: Zapdos|p1a: Gogoat
|
|upkeep
|turn|30
|
|t:|1778516161
|move|p1a: Gogoat|Horn Leech|p2a: Zapdos
|-resisted|p2a: Zapdos
|-damage|p2a: Zapdos|25/100
|-heal|p1a: Gogoat|82/100|[from] drain|[of] p2a: Zapdos
|move|p2a: Zapdos|Roost|p2a: Zapdos
|-heal|p2a: Zapdos|75/100
|
|upkeep
|turn|31
|
|t:|1778516168
|move|p1a: Gogoat|Trailblaze|p2a: Zapdos
|-resisted|p2a: Zapdos
|-damage|p2a: Zapdos|51/100
|-boost|p1a: Gogoat|spe|1
|move|p2a: Zapdos|Roost|p2a: Zapdos
|-heal|p2a: Zapdos|100/100
|
|upkeep
|turn|32
|
|t:|1778516178
|move|p1a: Gogoat|Horn Leech|p2a: Zapdos
|-resisted|p2a: Zapdos
|-damage|p2a: Zapdos|63/100
|-heal|p1a: Gogoat|98/100|[from] drain|[of] p2a: Zapdos
|move|p2a: Zapdos|Hurricane|p1a: Gogoat
|-resisted|p1a: Gogoat
|-damage|p1a: Gogoat|84/100
|
|upkeep
|turn|33
|
|t:|1778516189
|move|p1a: Gogoat|Trailblaze|p2a: Zapdos
|-resisted|p2a: Zapdos
|-damage|p2a: Zapdos|37/100
|-boost|p1a: Gogoat|spe|1
|move|p2a: Zapdos|Hurricane|p1a: Gogoat
|-resisted|p1a: Gogoat
|-damage|p1a: Gogoat|69/100
|
|upkeep
|turn|34
|
|t:|1778516198
|move|p1a: Gogoat|Horn Leech|p2a: Zapdos
|-resisted|p2a: Zapdos
|-damage|p2a: Zapdos|0 fnt
|-heal|p1a: Gogoat|84/100|[from] drain|[of] p2a: Zapdos
|faint|p2a: Zapdos
|
|upkeep
|
|t:|1778516202
|switch|p2a: Gholdengo|Gholdengo|92/100
|turn|35
|
|t:|1778516208
|move|p1a: Gogoat|Wild Charge|p2a: Gholdengo
|-damage|p2a: Gholdengo|0 fnt
|faint|p2a: Gholdengo
|-damage|p1a: Gogoat|68/100|[from] Recoil
|
|upkeep
|
|t:|1778516221
|switch|p2a: Kingambit|Kingambit, F|100/100
|-activate|p2a: Kingambit|ability: Supreme Overlord
|-start|p2a: Kingambit|fallen4|[silent]
|turn|36
|
|t:|1778516228
|move|p2a: Kingambit|Sucker Punch|p1a: Gogoat
|-damage|p1a: Gogoat|49/100
|move|p1a: Gogoat|Wild Charge|p2a: Kingambit
|-damage|p2a: Kingambit|0 fnt
|faint|p2a: Kingambit
|-end|p2a: Kingambit|fallen4|[silent]
|-damage|p1a: Gogoat|30/100|[from] Recoil
|
|upkeep
|
|t:|1778516231
|switch|p2a: Iron Valiant|Iron Valiant, shiny|100/100
|turn|37
|
|t:|1778516237
|move|p1a: Gogoat|Horn Leech|p2a: Iron Valiant
|-damage|p2a: Iron Valiant|0 fnt
|-heal|p1a: Gogoat|63/100|[from] drain|[of] p2a: Iron Valiant
|faint|p2a: Iron Valiant
|-end|p2a: Iron Valiant|Quark Drive|[silent]
|
|win|The ZU Wanderer
|raw|The ZU Wanderer's rating: 1370 &rarr; <strong>1389</strong><br />(+19 for winning)
|raw|lll9's rating: 1355 &rarr; <strong>1336</strong><br />(-19 for losing)
|l|☆lll9
|player|p2|
