|html|<div class="broadcast-blue"><strong>[Gen 9] OU is currently suspecting Tera Blast! For information on how to participate check out the <a href="https://www.smogon.com/tools/suspects/view/200">suspect thread</a>.</strong></div>
|j|‽CP28028
|j|☆new human two
|t:|1776236032
|gametype|singles
|player|p1|CP28028|swimmerf-gen4dp|1398
|player|p2|new human two|lucas|1416
|gen|9
|tier|[Gen 9] OU
|rated|
|rule|HP Percentage Mod: HP is shown in percentages
|rule|Endless Battle Clause: Forcing endless battles is banned
|rule|Species Clause: Limit one of each Pokémon
|rule|OHKO Clause: OHKO moves are banned
|rule|Evasion Items Clause: Evasion items are banned
|rule|Evasion Moves Clause: Evasion moves are banned
|rule|Evasion Abilities Clause: Evasion abilities are banned
|rule|Sleep Moves Clause: Sleep-inducing moves are banned
|clearpoke
|poke|p1|Zapdos|
|poke|p1|Moltres|
|poke|p1|Dragapult, F|
|poke|p1|Ogerpon-Wellspring, F|
|poke|p1|Great Tusk|
|poke|p1|Pecharunt|
|poke|p2|Ogerpon-Wellspring, F|
|poke|p2|Pecharunt|
|poke|p2|Great Tusk|
|poke|p2|Iron Crown|
|poke|p2|Landorus-Therian, M|
|poke|p2|Samurott-Hisui, F|
|teampreview
|inactive|Battle timer is ON: inactive players will automatically lose when time's up. (requested by CP28028)
|inactive|new human two also wants the timer to be on.
|inactive|new human two has 120 seconds left.
|
|t:|1776236066
|teamsize|p1|6
|teamsize|p2|6
|start
|switch|p1a: Zapdos|Zapdos|100/100
|switch|p2a: Great Tusk|Great Tusk|100/100
|-enditem|p2a: Great Tusk|Booster Energy
|-activate|p2a: Great Tusk|ability: Protosynthesis|[fromitem]
|-start|p2a: Great Tusk|protosynthesisspe
|turn|1
|
|t:|1776236084
|-end|p2a: Great Tusk|Protosynthesis|[silent]
|switch|p2a: Pecharunt|Pecharunt|100/100
|move|p1a: Zapdos|Hurricane|p2a: Pecharunt
|-damage|p2a: Pecharunt|58/100
|
|upkeep
|turn|2
|
|t:|1776236095
|move|p1a: Zapdos|Thunder Wave|p2a: Pecharunt
|-status|p2a: Pecharunt|par
|cant|p2a: Pecharunt|par
|
|upkeep
|turn|3
|
|t:|1776236103
|switch|p1a: Pecharunt|Pecharunt|100/100
|move|p2a: Pecharunt|Recover|p2a: Pecharunt
|-heal|p2a: Pecharunt|100/100 par
|
|upkeep
|turn|4
|
|t:|1776236112
|switch|p2a: Samurott|Samurott-Hisui, F|100/100
|move|p1a: Pecharunt|Parting Shot|p2a: Samurott
|-unboost|p2a: Samurott|atk|1
|-unboost|p2a: Samurott|spa|1
|
|t:|1776236124
|switch|p1a: Ogerpon|Ogerpon-Wellspring, F|100/100|[from] Parting Shot
|
|upkeep
|turn|5
|
|t:|1776236149
|switch|p2a: Landorus|Landorus-Therian, M|100/100
|-ability|p2a: Landorus|Intimidate|boost
|-unboost|p1a: Ogerpon|atk|1
|move|p1a: Ogerpon|Swords Dance|p1a: Ogerpon
|-boost|p1a: Ogerpon|atk|2
|
|upkeep
|turn|6
|
|t:|1776236160
|-terastallize|p1a: Ogerpon|Water
|detailschange|p1a: Ogerpon|Ogerpon-Wellspring-Tera, F, tera:Water
|-ability|p1a: Ogerpon|Embody Aspect (Wellspring)|boost
|-boost|p1a: Ogerpon|spd|1
|move|p2a: Landorus|U-turn|p1a: Ogerpon
|-damage|p1a: Ogerpon|59/100
|inactive|new human two has 120 seconds left.
|
|t:|1776236177
|switch|p2a: Ogerpon|Ogerpon-Wellspring, F|100/100|[from] U-turn
|move|p1a: Ogerpon|Ivy Cudgel|p2a: Ogerpon|[anim] Ivy Cudgel Water
|-immune|p2a: Ogerpon|[from] ability: Water Absorb
|
|upkeep
|turn|7
|
|t:|1776236185
|move|p1a: Ogerpon|Trailblaze|p2a: Ogerpon
|-damage|p2a: Ogerpon|59/100
|-boost|p1a: Ogerpon|spe|1
|move|p2a: Ogerpon|Trailblaze|p1a: Ogerpon
|-supereffective|p1a: Ogerpon
|-damage|p1a: Ogerpon|0 fnt
|-boost|p2a: Ogerpon|spe|1
|faint|p1a: Ogerpon
|detailschange|p1: Ogerpon|Ogerpon-Wellspring, F|[silent]
|
|upkeep
|
|t:|1776236196
|switch|p1a: Dragapult|Dragapult, F|100/100
|turn|8
|
|t:|1776236201
|move|p2a: Ogerpon|Synthesis|p2a: Ogerpon
|-heal|p2a: Ogerpon|100/100
|move|p1a: Dragapult|Will-O-Wisp|p2a: Ogerpon
|-status|p2a: Ogerpon|brn
|
|-damage|p2a: Ogerpon|94/100 brn|[from] brn
|upkeep
|turn|9
|
|t:|1776236207
|move|p2a: Ogerpon|Swords Dance|p2a: Ogerpon
|-boost|p2a: Ogerpon|atk|2
|move|p1a: Dragapult|Hex|p2a: Ogerpon
|-damage|p2a: Ogerpon|40/100 brn
|
|-damage|p2a: Ogerpon|34/100 brn|[from] brn
|upkeep
|turn|10
|
|t:|1776236212
|move|p2a: Ogerpon|Synthesis|p2a: Ogerpon
|-heal|p2a: Ogerpon|84/100 brn
|move|p1a: Dragapult|Hex|p2a: Ogerpon
|-damage|p2a: Ogerpon|29/100 brn
|
|-damage|p2a: Ogerpon|22/100 brn|[from] brn
|upkeep
|turn|11
|
|t:|1776236224
|-terastallize|p2a: Ogerpon|Water
|detailschange|p2a: Ogerpon|Ogerpon-Wellspring-Tera, F, tera:Water
|-ability|p2a: Ogerpon|Embody Aspect (Wellspring)|boost
|-boost|p2a: Ogerpon|spd|1
|move|p2a: Ogerpon|Synthesis|p2a: Ogerpon
|-heal|p2a: Ogerpon|72/100 brn
|move|p1a: Dragapult|Hex|p2a: Ogerpon
|-damage|p2a: Ogerpon|39/100 brn
|
|-damage|p2a: Ogerpon|33/100 brn|[from] brn
|upkeep
|turn|12
|
|t:|1776236235
|move|p2a: Ogerpon|Synthesis|p2a: Ogerpon
|-heal|p2a: Ogerpon|83/100 brn
|move|p1a: Dragapult|Draco Meteor|p2a: Ogerpon
|-damage|p2a: Ogerpon|45/100 brn
|-unboost|p1a: Dragapult|spa|2
|
|-damage|p2a: Ogerpon|39/100 brn|[from] brn
|upkeep
|turn|13
|
|t:|1776236241
|switch|p1a: Zapdos|Zapdos|100/100
|move|p2a: Ogerpon|Synthesis|p2a: Ogerpon
|-heal|p2a: Ogerpon|89/100 brn
|
|-damage|p2a: Ogerpon|83/100 brn|[from] brn
|upkeep
|turn|14
|
|t:|1776236247
|move|p2a: Ogerpon|Ivy Cudgel|p1a: Zapdos|[anim] Ivy Cudgel Water
|-damage|p1a: Zapdos|52/100
|move|p1a: Zapdos|Discharge|p2a: Ogerpon
|-supereffective|p2a: Ogerpon
|-damage|p2a: Ogerpon|43/100 brn
|
|-damage|p2a: Ogerpon|37/100 brn|[from] brn
|upkeep
|turn|15
|
|t:|1776236257
|move|p2a: Ogerpon|Synthesis|p2a: Ogerpon
|-heal|p2a: Ogerpon|87/100 brn
|move|p1a: Zapdos|Roost|p1a: Zapdos
|-heal|p1a: Zapdos|100/100
|-singleturn|p1a: Zapdos|move: Roost
|
|-damage|p2a: Ogerpon|81/100 brn|[from] brn
|upkeep
|turn|16
|
|t:|1776236261
|switch|p1a: Moltres|Moltres|100/100
|move|p2a: Ogerpon|Swords Dance|p2a: Ogerpon
|-boost|p2a: Ogerpon|atk|2
|
|-damage|p2a: Ogerpon|75/100 brn|[from] brn
|upkeep
|turn|17
|
|t:|1776236264
|move|p2a: Ogerpon|Ivy Cudgel|p1a: Moltres|[anim] Ivy Cudgel Water
|-supereffective|p1a: Moltres
|-damage|p1a: Moltres|0 fnt
|faint|p1a: Moltres
|
|-damage|p2a: Ogerpon|69/100 brn|[from] brn
|upkeep
|
|t:|1776236274
|switch|p1a: Pecharunt|Pecharunt|100/100
|turn|18
|-message|CP28028 forfeited.
|
|win|new human two
|raw|CP28028's rating: 1398 &rarr; <strong>1379</strong><br />(-19 for losing)
|raw|new human two's rating: 1416 &rarr; <strong>1435</strong><br />(+19 for winning)
|l|‽CP28028
|player|p1|
