|html|<div class="broadcast-blue"><strong>[Gen 9] OU is currently suspecting Tera Blast! For information on how to participate check out the <a href="https://www.smogon.com/tools/suspects/view/200">suspect thread</a>.</strong></div>
|j|☆ChampidyDampidyDoo
|j|☆shot4
|t:|1776315996
|gametype|singles
|player|p1|ChampidyDampidyDoo|acetrainer-gen4|1040
|player|p2|shot4|depotagent|1045
|gen|9
|tier|[Gen 9] OU
|rated|
|rule|HP Percentage Mod: HP is shown in percentages
|rule|Endless Battle Clause: Forcing endless battles is banned
|rule|Species Clause: Limit one of each Pokémon
|rule|OHKO Clause: OHKO moves are banned
|rule|Evasion Items Clause: Evasion items are banned
|rule|Evasion Moves Clause: Evasion moves are banned
|rule|Evasion Abilities Clause: Evasion abilities are banned
|rule|Sleep Moves Clause: Sleep-inducing moves are banned
|clearpoke
|poke|p1|Conkeldurr, M|
|poke|p1|Cinderace, M|
|poke|p1|Dragonite, M|
|poke|p1|Milotic, F|
|poke|p1|Serperior, M|
|poke|p1|Kingambit, M|
|poke|p2|Kingambit, F|
|poke|p2|Cinderace, F|
|poke|p2|Landorus-Therian, M|
|poke|p2|Iron Valiant|
|poke|p2|Kyurem|
|poke|p2|Slowking-Galar, M|
|teampreview
|inactive|Battle timer is ON: inactive players will automatically lose when time's up. (requested by ChampidyDampidyDoo)
|
|t:|1776316001
|teamsize|p1|6
|teamsize|p2|6
|start
|switch|p1a: Conkeldurr|Conkeldurr, M|100/100
|switch|p2a: Kristine|Cinderace, F, shiny|100/100
|turn|1
|
|t:|1776316010
|move|p2a: Kristine|U-turn|p1a: Conkeldurr
|-resisted|p1a: Conkeldurr
|-damage|p1a: Conkeldurr|93/100
|
|t:|1776316025
|switch|p2a: WALL-Y|Iron Valiant|100/100|[from] U-turn
|-enditem|p2a: WALL-Y|Booster Energy
|-activate|p2a: WALL-Y|ability: Quark Drive|[fromitem]
|-start|p2a: WALL-Y|quarkdrivespe
|move|p1a: Conkeldurr|Knock Off|p2a: WALL-Y
|-resisted|p2a: WALL-Y
|-damage|p2a: WALL-Y|93/100
|
|-status|p1a: Conkeldurr|brn|[from] item: Flame Orb
|upkeep
|turn|2
|
|t:|1776316042
|move|p2a: WALL-Y|Moonblast|p1a: Conkeldurr
|-supereffective|p1a: Conkeldurr
|-damage|p1a: Conkeldurr|0 fnt
|faint|p1a: Conkeldurr
|
|upkeep
|
|t:|1776316050
|switch|p1a: Milotic|Milotic, F|100/100
|turn|3
|
|t:|1776316061
|-end|p2a: WALL-Y|Quark Drive|[silent]
|switch|p2a: Homelandor|Landorus-Therian, M, shiny|100/100
|-ability|p2a: Homelandor|Intimidate|boost
|-unboost|p1a: Milotic|atk|1
|-ability|p1a: Milotic|Competitive|boost
|-boost|p1a: Milotic|spa|2
|move|p1a: Milotic|Scald|p2a: Homelandor
|-supereffective|p2a: Homelandor
|-damage|p2a: Homelandor|0 fnt
|faint|p2a: Homelandor
|
|upkeep
|
|t:|1776316070
|switch|p2a: Kristine|Cinderace, F, shiny|100/100
|turn|4
|
|t:|1776316078
|move|p2a: Kristine|U-turn|p1a: Milotic
|-damage|p1a: Milotic|85/100
|
|t:|1776316094
|switch|p2a: Daenerys|Kingambit, F|100/100|[from] U-turn
|-activate|p2a: Daenerys|ability: Supreme Overlord
|-start|p2a: Daenerys|fallen1|[silent]
|move|p1a: Milotic|Scald|p2a: Daenerys
|-damage|p2a: Daenerys|25/100
|-status|p2a: Daenerys|brn
|
|-heal|p1a: Milotic|91/100|[from] item: Leftovers
|-heal|p2a: Daenerys|32/100 brn|[from] item: Leftovers
|-damage|p2a: Daenerys|25/100 brn|[from] brn
|upkeep
|turn|5
|
|t:|1776316109
|move|p1a: Milotic|Scald|p2a: Daenerys
|-damage|p2a: Daenerys|0 fnt
|faint|p2a: Daenerys
|-end|p2a: Daenerys|fallen1|[silent]
|
|-heal|p1a: Milotic|97/100|[from] item: Leftovers
|upkeep
|-message|shot4 forfeited.
|
|win|ChampidyDampidyDoo
|raw|ChampidyDampidyDoo's rating: 1040 &rarr; <strong>1074</strong><br />(+34 for winning)
|raw|shot4's rating: 1045 &rarr; <strong>1028</strong><br />(-17 for losing)
|l|☆shot4
|player|p2|
