|html|<div class="broadcast-blue"><strong>[Gen 9] OU is currently suspecting Tera Blast! For information on how to participate check out the <a href="https://www.smogon.com/tools/suspects/view/200">suspect thread</a>.</strong></div>
|j|☆Anchor9
|j|☆Team BBIO 38
|t:|1776111070
|gametype|singles
|player|p1|Anchor9|silver|1445
|player|p2|Team BBIO 38|janitor|1407
|gen|9
|tier|[Gen 9] OU
|rated|
|rule|HP Percentage Mod: HP is shown in percentages
|rule|Endless Battle Clause: Forcing endless battles is banned
|rule|Species Clause: Limit one of each Pokémon
|rule|OHKO Clause: OHKO moves are banned
|rule|Evasion Items Clause: Evasion items are banned
|rule|Evasion Moves Clause: Evasion moves are banned
|rule|Evasion Abilities Clause: Evasion abilities are banned
|rule|Sleep Moves Clause: Sleep-inducing moves are banned
|clearpoke
|poke|p1|Araquanid, F|
|poke|p1|Ampharos, F|
|poke|p1|Dragonite, M|
|poke|p1|Gholdengo|
|poke|p1|Kyurem|
|poke|p1|Great Tusk|
|poke|p2|Dusclops, M|
|poke|p2|Blissey, F|
|poke|p2|Flamigo, M|
|poke|p2|Latias, F|
|poke|p2|Darkrai|
|poke|p2|Porygon2|
|teampreview
|inactive|Battle timer is ON: inactive players will automatically lose when time's up. (requested by Team BBIO 38)
|inactive|Anchor9 also wants the timer to be on.
|
|t:|1776111073
|teamsize|p1|6
|teamsize|p2|6
|start
|switch|p1a: Araquanid|Araquanid, F|100/100
|switch|p2a: Flamigo|Flamigo, M|100/100
|turn|1
|
|t:|1776111084
|move|p2a: Flamigo|Brave Bird|p1a: Araquanid
|-supereffective|p1a: Araquanid
|-damage|p1a: Araquanid|0 fnt
|faint|p1a: Araquanid
|-damage|p2a: Flamigo|64/100|[from] Recoil
|
|upkeep
|
|t:|1776111087
|switch|p1a: Ampharos|Ampharos, F|100/100
|turn|2
|
|t:|1776111098
|switch|p2a: Blissey|Blissey, F|100/100
|move|p1a: Ampharos|Meteor Beam||[still]
|-prepare|p1a: Ampharos|Meteor Beam
|-boost|p1a: Ampharos|spa|1
|-enditem|p1a: Ampharos|Power Herb
|-anim|p1a: Ampharos|Meteor Beam|p2a: Blissey
|-damage|p2a: Blissey|80/100
|
|-heal|p2a: Blissey|86/100|[from] item: Leftovers
|upkeep
|turn|3
|
|t:|1776111107
|move|p1a: Ampharos|Thunderbolt|p2a: Blissey
|-damage|p2a: Blissey|61/100
|move|p2a: Blissey|Stealth Rock|p1a: Ampharos
|-sidestart|p1: Anchor9|move: Stealth Rock
|
|-heal|p2a: Blissey|67/100|[from] item: Leftovers
|upkeep
|turn|4
|
|t:|1776111113
|move|p1a: Ampharos|Agility|p1a: Ampharos
|-boost|p1a: Ampharos|spe|2
|move|p2a: Blissey|Seismic Toss|p1a: Ampharos
|-damage|p1a: Ampharos|69/100
|
|-heal|p2a: Blissey|73/100|[from] item: Leftovers
|upkeep
|turn|5
|
|t:|1776111123
|move|p1a: Ampharos|Meteor Beam||[still]
|-prepare|p1a: Ampharos|Meteor Beam
|-boost|p1a: Ampharos|spa|1
|move|p2a: Blissey|Seismic Toss|p1a: Ampharos
|-damage|p1a: Ampharos|38/100
|
|-heal|p2a: Blissey|80/100|[from] item: Leftovers
|upkeep
|turn|6
|
|t:|1776111130
|move|p1a: Ampharos|Meteor Beam|p2a: Blissey|[from] lockedmove
|-damage|p2a: Blissey|54/100
|move|p2a: Blissey|Seismic Toss|p1a: Ampharos
|-damage|p1a: Ampharos|7/100
|
|-heal|p2a: Blissey|60/100|[from] item: Leftovers
|upkeep
|turn|7
|
|t:|1776111137
|move|p1a: Ampharos|Thunderbolt|p2a: Blissey
|-damage|p2a: Blissey|28/100
|move|p2a: Blissey|Seismic Toss|p1a: Ampharos
|-damage|p1a: Ampharos|0 fnt
|faint|p1a: Ampharos
|
|-heal|p2a: Blissey|34/100|[from] item: Leftovers
|upkeep
|
|t:|1776111152
|switch|p1a: Dragonite|Dragonite, M|100/100
|turn|8
|
|t:|1776111155
|switch|p2a: Dusclops|Dusclops, M|100/100
|-item|p1a: Dragonite|Heavy-Duty Boots|[from] ability: Frisk|[of] p2a: Dusclops
|move|p1a: Dragonite|Dragon Dance|p1a: Dragonite
|-boost|p1a: Dragonite|atk|1
|-boost|p1a: Dragonite|spe|1
|
|upkeep
|turn|9
|
|t:|1776111164
|move|p1a: Dragonite|Earthquake|p2a: Dusclops
|-damage|p2a: Dusclops|74/100
|move|p2a: Dusclops|Will-O-Wisp|p1a: Dragonite
|-status|p1a: Dragonite|brn
|
|-damage|p1a: Dragonite|94/100 brn|[from] brn
|upkeep
|turn|10
|
|t:|1776111174
|move|p1a: Dragonite|Dragon Dance|p1a: Dragonite
|-boost|p1a: Dragonite|atk|1
|-boost|p1a: Dragonite|spe|1
|move|p2a: Dusclops|Haze|p2a: Dusclops
|-clearallboost
|
|-damage|p1a: Dragonite|88/100 brn|[from] brn
|upkeep
|turn|11
|
|t:|1776111184
|move|p1a: Dragonite|Earthquake|p2a: Dusclops
|-crit|p2a: Dusclops
|-damage|p2a: Dusclops|61/100
|move|p2a: Dusclops|Night Shade|p1a: Dragonite
|-damage|p1a: Dragonite|57/100 brn
|
|-damage|p1a: Dragonite|51/100 brn|[from] brn
|upkeep
|turn|12
|
|t:|1776111197
|switch|p1a: Gholdengo|Gholdengo|100/100
|-damage|p1a: Gholdengo|94/100|[from] Stealth Rock
|-item|p1a: Gholdengo|Air Balloon
|move|p2a: Dusclops|Night Shade|p1a: Gholdengo
|-damage|p1a: Gholdengo|63/100
|-enditem|p1a: Gholdengo|Air Balloon
|
|upkeep
|turn|13
|
|t:|1776111211
|switch|p2a: Flamigo|Flamigo, M|64/100
|move|p1a: Gholdengo|Nasty Plot|p1a: Gholdengo
|-boost|p1a: Gholdengo|spa|2
|
|upkeep
|turn|14
|
|t:|1776111217
|move|p2a: Flamigo|Close Combat|p1a: Gholdengo
|-supereffective|p1a: Gholdengo
|-damage|p1a: Gholdengo|0 fnt
|-unboost|p2a: Flamigo|def|1
|-unboost|p2a: Flamigo|spd|1
|faint|p1a: Gholdengo
|
|upkeep
|
|t:|1776111219
|switch|p1a: Great Tusk|Great Tusk|100/100
|-damage|p1a: Great Tusk|98/100|[from] Stealth Rock
|-enditem|p1a: Great Tusk|Booster Energy
|-activate|p1a: Great Tusk|ability: Protosynthesis|[fromitem]
|-start|p1a: Great Tusk|protosynthesisspe
|turn|15
|
|t:|1776111229
|switch|p2a: Dusclops|Dusclops, M|61/100
|move|p1a: Great Tusk|Bulk Up|p1a: Great Tusk
|-boost|p1a: Great Tusk|atk|1
|-boost|p1a: Great Tusk|def|1
|
|upkeep
|turn|16
|
|t:|1776111235
|move|p1a: Great Tusk|Headlong Rush|p2a: Dusclops
|-damage|p2a: Dusclops|25/100
|-unboost|p1a: Great Tusk|def|1
|-unboost|p1a: Great Tusk|spd|1
|move|p2a: Dusclops|Haze|p2a: Dusclops
|-clearallboost
|
|upkeep
|turn|17
|
|t:|1776111242
|move|p1a: Great Tusk|Headlong Rush|p2a: Dusclops
|-damage|p2a: Dusclops|0 fnt
|-unboost|p1a: Great Tusk|def|1
|-unboost|p1a: Great Tusk|spd|1
|faint|p2a: Dusclops
|
|upkeep
|
|t:|1776111248
|switch|p2a: Porygon2|Porygon2|100/100
|-ability|p2a: Porygon2|Download|boost
|-boost|p2a: Porygon2|spa|1
|turn|18
|
|t:|1776111252
|-terastallize|p1a: Great Tusk|Ice
|move|p1a: Great Tusk|Rapid Spin|p2a: Porygon2
|-damage|p2a: Porygon2|90/100
|-boost|p1a: Great Tusk|spe|1
|-sideend|p1: Anchor9|Stealth Rock|[from] move: Rapid Spin|[of] p1a: Great Tusk
|move|p2a: Porygon2|Trick Room|p2a: Porygon2
|-fieldstart|move: Trick Room|[of] p2a: Porygon2
|
|upkeep
|turn|19
|
|t:|1776111259
|move|p2a: Porygon2|Tera Blast|p1a: Great Tusk
|-damage|p1a: Great Tusk|0 fnt
|faint|p1a: Great Tusk
|-end|p1a: Great Tusk|Protosynthesis|[silent]
|
|upkeep
|
|t:|1776111263
|switch|p1a: Dragonite|Dragonite, M|51/100 brn
|turn|20
|
|t:|1776111266
|move|p1a: Dragonite|Extreme Speed|p2a: Porygon2
|-damage|p2a: Porygon2|79/100
|move|p2a: Porygon2|Ice Beam|p1a: Dragonite
|-supereffective|p1a: Dragonite
|-damage|p1a: Dragonite|0 fnt
|faint|p1a: Dragonite
|
|upkeep
|
|t:|1776111269
|switch|p1a: Kyurem|Kyurem|100/100
|-ability|p1a: Kyurem|Pressure
|turn|21
|
|t:|1776111276
|move|p2a: Porygon2|Tera Blast|p1a: Kyurem
|-damage|p1a: Kyurem|41/100
|move|p1a: Kyurem|Freeze-Dry|p2a: Porygon2
|-damage|p2a: Porygon2|52/100
|
|upkeep
|turn|22
|
|t:|1776111281
|move|p2a: Porygon2|Tera Blast|p1a: Kyurem
|-damage|p1a: Kyurem|0 fnt
|faint|p1a: Kyurem
|
|win|Team BBIO 38
|raw|Anchor9's rating: 1466 &rarr; <strong>1443</strong><br />(-23 for losing)
|raw|Team BBIO 38's rating: 1407 &rarr; <strong>1430</strong><br />(+23 for winning)
|l|☆Anchor9
|player|p1|
|l|☆Team BBIO 38
|player|p2|
