|html|<div class="broadcast-blue"><strong>[Gen 9] OU is currently suspecting Volcarona! For information on how to participate check out the <a href="https://www.smogon.com/tools/suspects/view/208">suspect thread</a>.</strong></div>
|j|☆melmetal fanboy
|j|☆nettspned
|t:|1778516896
|gametype|singles
|player|p1|melmetal fanboy|skierf-gen4dp|1156
|player|p2|nettspned|169|1154
|gen|9
|tier|[Gen 9] OU
|rated|
|rule|HP Percentage Mod: HP is shown in percentages
|rule|Endless Battle Clause: Forcing endless battles is banned
|rule|Species Clause: Limit one of each Pokémon
|rule|OHKO Clause: OHKO moves are banned
|rule|Evasion Items Clause: Evasion items are banned
|rule|Evasion Moves Clause: Evasion moves are banned
|rule|Evasion Abilities Clause: Evasion abilities are banned
|rule|Sleep Moves Clause: Sleep-inducing moves are banned
|clearpoke
|poke|p1|Minior-Violet|
|poke|p1|Iron Treads|
|poke|p1|Dragapult, M|
|poke|p1|Kingambit, M|
|poke|p1|Iron Moth|
|poke|p1|Ogerpon-Wellspring, F|
|poke|p2|Darkrai|
|poke|p2|Garchomp, F|
|poke|p2|Alomomola, M|
|poke|p2|Corviknight, F|
|poke|p2|Weezing-Galar, F|
|poke|p2|Ogerpon, F|
|teampreview
|inactive|Battle timer is ON: inactive players will automatically lose when time's up. (requested by melmetal fanboy)
|
|t:|1778516907
|teamsize|p1|6
|teamsize|p2|6
|start
|switch|p1a: Iron Treads|Iron Treads|100/100
|switch|p2a: Garchomp|Garchomp, F|100/100
|-enditem|p1a: Iron Treads|Booster Energy
|-activate|p1a: Iron Treads|ability: Quark Drive|[fromitem]
|-start|p1a: Iron Treads|quarkdrivespe
|turn|1
|
|t:|1778516916
|move|p1a: Iron Treads|Stealth Rock|p2a: Garchomp
|-sidestart|p2: nettspned|move: Stealth Rock
|move|p2a: Garchomp|Dragon Tail|p1a: Iron Treads
|-resisted|p1a: Iron Treads
|-damage|p1a: Iron Treads|88/100
|-end|p1a: Iron Treads|Quark Drive|[silent]
|drag|p1a: Ogerpon|Ogerpon-Wellspring, F|100/100
|
|upkeep
|turn|2
|
|t:|1778516926
|move|p1a: Ogerpon|Power Whip|p2a: Garchomp
|-damage|p2a: Garchomp|53/100
|-damage|p1a: Ogerpon|88/100|[from] ability: Rough Skin|[of] p2a: Garchomp
|-damage|p1a: Ogerpon|72/100|[from] item: Rocky Helmet|[of] p2a: Garchomp
|move|p2a: Garchomp|Dragon Tail|p1a: Ogerpon
|-damage|p1a: Ogerpon|38/100
|drag|p1a: Iron Moth|Iron Moth, shiny|100/100
|-enditem|p1a: Iron Moth|Booster Energy
|-activate|p1a: Iron Moth|ability: Quark Drive|[fromitem]
|-start|p1a: Iron Moth|quarkdrivespe
|
|upkeep
|turn|3
|
|t:|1778516939
|move|p1a: Iron Moth|Dazzling Gleam|p2a: Garchomp
|-supereffective|p2a: Garchomp
|-damage|p2a: Garchomp|3/100
|move|p2a: Garchomp|Dragon Tail|p1a: Iron Moth
|-damage|p1a: Iron Moth|65/100
|-end|p1a: Iron Moth|Quark Drive|[silent]
|drag|p1a: Kingambit|Kingambit, M|100/100
|
|upkeep
|turn|4
|
|t:|1778516947
|-end|p1a: Kingambit|fallenundefined|[silent]
|switch|p1a: Iron Treads|Iron Treads|88/100
|move|p2a: Garchomp|Earthquake|p1a: Iron Treads
|-supereffective|p1a: Iron Treads
|-damage|p1a: Iron Treads|10/100
|
|upkeep
|turn|5
|
|t:|1778516953
|move|p1a: Iron Treads|Earth Power|p2a: Garchomp
|-damage|p2a: Garchomp|0 fnt
|faint|p2a: Garchomp
|
|upkeep
|
|t:|1778516959
|switch|p2a: Corviknight|Corviknight, F|100/100
|-damage|p2a: Corviknight|88/100|[from] Stealth Rock
|-ability|p2a: Corviknight|Pressure
|turn|6
|
|t:|1778516964
|move|p1a: Iron Treads|Steel Beam|p2a: Corviknight
|-resisted|p2a: Corviknight
|-damage|p2a: Corviknight|70/100
|-damage|p1a: Iron Treads|0 fnt|[from] steelbeam
|faint|p1a: Iron Treads
|-end|p1a: Iron Treads|Quark Drive|[silent]
|move|p2a: Corviknight|Defog|p1: Iron Treads|[notarget]
|-fail|p2a: Corviknight
|
|-heal|p2a: Corviknight|77/100|[from] item: Leftovers
|upkeep
|
|t:|1778516973
|switch|p1a: Iron Moth|Iron Moth, shiny|65/100
|turn|7
|
|t:|1778516984
|switch|p2a: Alomomola|Alomomola, M|100/100
|-damage|p2a: Alomomola|88/100|[from] Stealth Rock
|move|p1a: Iron Moth|Substitute|p1a: Iron Moth
|-start|p1a: Iron Moth|Substitute
|-damage|p1a: Iron Moth|40/100
|
|upkeep
|turn|8
|
|t:|1778516992
|move|p1a: Iron Moth|Sludge Wave|p2a: Alomomola
|-damage|p2a: Alomomola|63/100
|move|p2a: Alomomola|Mirror Coat|p1a: Iron Moth
|-end|p1a: Iron Moth|Substitute
|
|upkeep
|turn|9
|
|t:|1778517001
|move|p1a: Iron Moth|Sludge Wave|p2a: Alomomola
|-damage|p2a: Alomomola|39/100
|move|p2a: Alomomola|Flip Turn|p1a: Iron Moth
|-supereffective|p1a: Iron Moth
|-damage|p1a: Iron Moth|0 fnt
|faint|p1a: Iron Moth
|-end|p1a: Iron Moth|Quark Drive|[silent]
|
|t:|1778517008
|switch|p2a: Corviknight|Corviknight, F|77/100|[from] Flip Turn
|-damage|p2a: Corviknight|64/100|[from] Stealth Rock
|-ability|p2a: Corviknight|Pressure
|
|-heal|p2a: Corviknight|70/100|[from] item: Leftovers
|upkeep
|
|t:|1778517013
|switch|p1a: Minior|Minior-Violet, shiny|100/100
|-formechange|p1a: Minior|Minior-Meteor||[from] ability: Shields Down
|turn|10
|inactive|nettspned has 120 seconds left.
|
|t:|1778517046
|switch|p2a: Weezing|Weezing-Galar, F|100/100
|-ability|p2a: Weezing|Neutralizing Gas
|-damage|p2a: Weezing|88/100|[from] Stealth Rock
|move|p1a: Minior|Shell Smash|p1a: Minior
|-unboost|p1a: Minior|def|1
|-unboost|p1a: Minior|spd|1
|-boost|p1a: Minior|atk|2
|-boost|p1a: Minior|spa|2
|-boost|p1a: Minior|spe|2
|-enditem|p1a: Minior|White Herb
|-clearnegativeboost|p1a: Minior|[silent]
|
|-heal|p2a: Weezing|94/100|[from] item: Leftovers
|upkeep
|turn|11
|inactive|nettspned has 120 seconds left.
|
|t:|1778517062
|move|p1a: Minior|Earthquake|p2a: Weezing
|-supereffective|p2a: Weezing
|-damage|p2a: Weezing|30/100
|move|p2a: Weezing|Will-O-Wisp|p1a: Minior
|-immune|p1a: Minior|[from] ability: Shields Down
|
|-heal|p2a: Weezing|36/100|[from] item: Leftovers
|upkeep
|turn|12
|inactive|nettspned has 120 seconds left.
|c|☆nettspned|whats the fucking point in neutralising gas then
|c|☆nettspned|this is bullshit
|inactive|nettspned has 90 seconds left.
|
|t:|1778517098
|-end|p2a: Weezing|ability: Neutralizing Gas
|switch|p2a: Corviknight|Corviknight, F|70/100
|-damage|p2a: Corviknight|58/100|[from] Stealth Rock
|-ability|p2a: Corviknight|Pressure
|move|p1a: Minior|Earthquake|p2a: Corviknight
|-immune|p2a: Corviknight
|
|-heal|p2a: Corviknight|64/100|[from] item: Leftovers
|upkeep
|turn|13
|inactive|nettspned has 90 seconds left.
|
|t:|1778517109
|move|p1a: Minior|Stone Edge|p2a: Corviknight
|-damage|p2a: Corviknight|12/100
|move|p2a: Corviknight|Roost|p2a: Corviknight
|-heal|p2a: Corviknight|62/100
|-singleturn|p2a: Corviknight|move: Roost
|
|-heal|p2a: Corviknight|68/100|[from] item: Leftovers
|upkeep
|turn|14
|
|t:|1778517132
|move|p1a: Minior|Shell Smash|p1a: Minior
|-unboost|p1a: Minior|def|1
|-unboost|p1a: Minior|spd|1
|-boost|p1a: Minior|atk|2
|-boost|p1a: Minior|spa|2
|-boost|p1a: Minior|spe|2
|move|p2a: Corviknight|U-turn|p1a: Minior
|-resisted|p1a: Minior
|-damage|p1a: Minior|86/100
|inactive|nettspned has 90 seconds left.
|
|t:|1778517153
|switch|p2a: Ogerpon|Ogerpon, F|100/100|[from] U-turn
|-damage|p2a: Ogerpon|88/100|[from] Stealth Rock
|
|upkeep
|turn|15
|
|t:|1778517156
|move|p1a: Minior|Acrobatics|p2a: Ogerpon
|-supereffective|p2a: Ogerpon
|-damage|p2a: Ogerpon|0 fnt
|faint|p2a: Ogerpon
|
|upkeep
|inactive|nettspned has 90 seconds left.
|
|t:|1778517163
|switch|p2a: Darkrai|Darkrai|100/100
|-damage|p2a: Darkrai|88/100|[from] Stealth Rock
|turn|16
|
|t:|1778517168
|move|p1a: Minior|Acrobatics|p2a: Darkrai
|-damage|p2a: Darkrai|0 fnt
|faint|p2a: Darkrai
|
|upkeep
|-message|nettspned forfeited.
|
|win|melmetal fanboy
|raw|melmetal fanboy's rating: 1156 &rarr; <strong>1181</strong><br />(+25 for winning)
|raw|nettspned's rating: 1154 &rarr; <strong>1129</strong><br />(-25 for losing)
|l|☆nettspned
|player|p2|
|l|☆melmetal fanboy
|player|p1|
