|html|<div class="broadcast-blue"><strong>[Gen 9] OU is currently suspecting Volcarona! For information on how to participate check out the <a href="https://www.smogon.com/tools/suspects/view/208">suspect thread</a>.</strong></div>
|j|☆whentherisefalls
|j|☆Superhjkdetective
|t:|1778504411
|gametype|singles
|player|p1|whentherisefalls|lady-gen4|1558
|player|p2|Superhjkdetective|101|1676
|gen|9
|tier|[Gen 9] OU
|rated|
|rule|HP Percentage Mod: HP is shown in percentages
|rule|Endless Battle Clause: Forcing endless battles is banned
|rule|Species Clause: Limit one of each Pokémon
|rule|OHKO Clause: OHKO moves are banned
|rule|Evasion Items Clause: Evasion items are banned
|rule|Evasion Moves Clause: Evasion moves are banned
|rule|Evasion Abilities Clause: Evasion abilities are banned
|rule|Sleep Moves Clause: Sleep-inducing moves are banned
|clearpoke
|poke|p1|Great Tusk|
|poke|p1|Hatterene, F|
|poke|p1|Raging Bolt|
|poke|p1|Walking Wake|
|poke|p1|Ninetales, F|
|poke|p1|Ceruledge, M|
|poke|p2|Hatterene, F|
|poke|p2|Dragapult, F|
|poke|p2|Ogerpon-Wellspring, F|
|poke|p2|Great Tusk|
|poke|p2|Kingambit, M|
|poke|p2|Iron Moth|
|teampreview
|inactive|Battle timer is ON: inactive players will automatically lose when time's up. (requested by Superhjkdetective)
|
|t:|1778504431
|teamsize|p1|6
|teamsize|p2|6
|start
|switch|p1a: Ninetales|Ninetales, F|100/100
|switch|p2a: Iron Moth|Iron Moth|100/100
|-weather|SunnyDay|[from] ability: Drought|[of] p1a: Ninetales
|turn|1
|
|t:|1778504448
|switch|p1a: Ceruledge|Ceruledge, M|100/100
|move|p2a: Iron Moth|Sludge Wave|p1a: Ceruledge
|-resisted|p1a: Ceruledge
|-damage|p1a: Ceruledge|58/100
|
|-weather|SunnyDay|[upkeep]
|upkeep
|turn|2
|
|t:|1778504458
|-end|p2a: Iron Moth|Quark Drive|[silent]
|switch|p2a: Great Tusk|Great Tusk|100/100
|-activate|p2a: Great Tusk|ability: Protosynthesis
|-start|p2a: Great Tusk|protosynthesisatk
|move|p1a: Ceruledge|Bitter Blade|p2a: Great Tusk
|-damage|p2a: Great Tusk|24/100
|-heal|p1a: Ceruledge|100/100|[from] drain|[of] p2a: Great Tusk
|-damage|p1a: Ceruledge|91/100|[from] item: Life Orb
|
|-weather|SunnyDay|[upkeep]
|-heal|p2a: Great Tusk|31/100|[from] item: Leftovers
|upkeep
|turn|3
|
|t:|1778504469
|switch|p1a: Hatterene|Hatterene, F|100/100
|move|p2a: Great Tusk|Headlong Rush|p1a: Hatterene
|-damage|p1a: Hatterene|35/100
|-unboost|p2a: Great Tusk|def|1
|-unboost|p2a: Great Tusk|spd|1
|-enditem|p1a: Hatterene|Eject Button
|
|t:|1778504487
|switch|p1a: Walking Wake|Walking Wake|100/100
|-activate|p1a: Walking Wake|ability: Protosynthesis
|-start|p1a: Walking Wake|protosynthesisspe
|
|-weather|SunnyDay|[upkeep]
|-heal|p2a: Great Tusk|37/100|[from] item: Leftovers
|upkeep
|turn|4
|
|t:|1778504498
|-end|p2a: Great Tusk|Protosynthesis|[silent]
|switch|p2a: Ogerpon|Ogerpon-Wellspring, F|100/100
|move|p1a: Walking Wake|Flamethrower|p2a: Ogerpon
|-damage|p2a: Ogerpon|16/100
|
|-weather|SunnyDay|[upkeep]
|upkeep
|turn|5
|
|t:|1778504508
|switch|p2a: Iron Moth|Iron Moth|100/100
|move|p1a: Walking Wake|Flamethrower|p2a: Iron Moth
|-resisted|p2a: Iron Moth
|-damage|p2a: Iron Moth|68/100
|
|-weather|SunnyDay|[upkeep]
|upkeep
|turn|6
|
|t:|1778504524
|-end|p1a: Walking Wake|Protosynthesis|[silent]
|switch|p1a: Hatterene|Hatterene, F|35/100
|move|p2a: Iron Moth|Fiery Dance|p1a: Hatterene
|-damage|p1a: Hatterene|0 fnt
|faint|p1a: Hatterene
|
|-weather|SunnyDay|[upkeep]
|upkeep
|
|t:|1778504527
|switch|p1a: Ceruledge|Ceruledge, M|91/100
|turn|7
|
|t:|1778504537
|move|p2a: Iron Moth|Fiery Dance|p1a: Ceruledge
|-resisted|p1a: Ceruledge
|-damage|p1a: Ceruledge|37/100
|-boost|p2a: Iron Moth|spa|1
|move|p1a: Ceruledge|Bitter Blade|p2a: Iron Moth
|-resisted|p2a: Iron Moth
|-damage|p2a: Iron Moth|0 fnt
|-heal|p1a: Ceruledge|68/100|[from] drain|[of] p2a: Iron Moth
|faint|p2a: Iron Moth
|-end|p2a: Iron Moth|Quark Drive|[silent]
|-damage|p1a: Ceruledge|58/100|[from] item: Life Orb
|
|-weather|SunnyDay|[upkeep]
|upkeep
|
|t:|1778504543
|switch|p2a: Great Tusk|Great Tusk|37/100
|-activate|p2a: Great Tusk|ability: Protosynthesis
|-start|p2a: Great Tusk|protosynthesisatk
|turn|8
|
|t:|1778504552
|switch|p1a: Tung God Tusk|Great Tusk|100/100
|-activate|p1a: Tung God Tusk|ability: Protosynthesis
|-start|p1a: Tung God Tusk|protosynthesisatk
|move|p2a: Great Tusk|Headlong Rush|p1a: Tung God Tusk
|-damage|p1a: Tung God Tusk|36/100
|-unboost|p2a: Great Tusk|def|1
|-unboost|p2a: Great Tusk|spd|1
|
|-weather|none
|-end|p2a: Great Tusk|Protosynthesis
|-end|p1a: Tung God Tusk|Protosynthesis
|-heal|p2a: Great Tusk|43/100|[from] item: Leftovers
|upkeep
|turn|9
|inactive|whentherisefalls has 120 seconds left.
|
|t:|1778504587
|-end|p1a: Tung God Tusk|Protosynthesis|[silent]
|switch|p1a: Ceruledge|Ceruledge, M|58/100
|move|p2a: Great Tusk|Headlong Rush|p1a: Ceruledge
|-supereffective|p1a: Ceruledge
|-damage|p1a: Ceruledge|0 fnt
|-unboost|p2a: Great Tusk|def|1
|-unboost|p2a: Great Tusk|spd|1
|faint|p1a: Ceruledge
|
|-heal|p2a: Great Tusk|49/100|[from] item: Leftovers
|upkeep
|
|t:|1778504592
|switch|p1a: Ninetales|Ninetales, F|100/100
|-weather|SunnyDay|[from] ability: Drought|[of] p1a: Ninetales
|-activate|p2a: Great Tusk|ability: Protosynthesis
|-start|p2a: Great Tusk|protosynthesisatk
|turn|10
|inactive|Superhjkdetective has 120 seconds left.
|
|t:|1778504647
|-end|p2a: Great Tusk|Protosynthesis|[silent]
|switch|p2a: Dragapult|Dragapult, F|100/100
|move|p1a: Ninetales|Overheat|p2a: Dragapult
|-resisted|p2a: Dragapult
|-damage|p2a: Dragapult|44/100
|-unboost|p1a: Ninetales|spa|2
|
|-weather|SunnyDay|[upkeep]
|upkeep
|turn|11
|
|t:|1778504666
|move|p2a: Dragapult|Dragon Darts|p1a: Ninetales
|-damage|p1a: Ninetales|69/100
|-anim|p2a: Dragapult|Dragon Darts|p1a: Ninetales
|-damage|p1a: Ninetales|30/100
|move|p1a: Ninetales|Healing Wish|p1a: Ninetales
|faint|p1a: Ninetales
|
|-weather|SunnyDay|[upkeep]
|upkeep
|inactive|whentherisefalls has 120 seconds left.
|
|t:|1778504692
|switch|p1a: Walking Wake|Walking Wake|100/100
|-activate|p1a: Walking Wake|ability: Protosynthesis
|-start|p1a: Walking Wake|protosynthesisspe
|turn|12
|
|t:|1778504708
|move|p1a: Walking Wake|Flamethrower|p2a: Dragapult
|-resisted|p2a: Dragapult
|-damage|p2a: Dragapult|0 fnt
|faint|p2a: Dragapult
|
|-weather|SunnyDay|[upkeep]
|upkeep
|
|t:|1778504722
|switch|p2a: Hatterene|Hatterene, F|100/100
|turn|13
|inactive|whentherisefalls has 120 seconds left.
|
|t:|1778504734
|-terastallize|p1a: Walking Wake|Water
|move|p1a: Walking Wake|Flamethrower|p2a: Hatterene
|-damage|p2a: Hatterene|35/100
|move|p2a: Hatterene|Psychic Noise|p1a: Walking Wake
|-damage|p1a: Walking Wake|64/100
|-start|p1a: Walking Wake|move: Heal Block
|
|-weather|SunnyDay|[upkeep]
|upkeep
|turn|14
|
|t:|1778504747
|move|p1a: Walking Wake|Flamethrower|p2a: Hatterene
|-damage|p2a: Hatterene|0 fnt
|faint|p2a: Hatterene
|
|-weather|SunnyDay|[upkeep]
|-end|p1a: Walking Wake|move: Heal Block
|upkeep
|
|t:|1778504750
|switch|p2a: Kingambit|Kingambit, M|100/100
|-activate|p2a: Kingambit|ability: Supreme Overlord
|-start|p2a: Kingambit|fallen3|[silent]
|turn|15
|
|t:|1778504772
|-end|p2a: Kingambit|fallen3|[silent]
|switch|p2a: Ogerpon|Ogerpon-Wellspring, F|16/100
|move|p1a: Walking Wake|Flamethrower|p2a: Ogerpon
|-damage|p2a: Ogerpon|0 fnt
|faint|p2a: Ogerpon
|
|-weather|SunnyDay|[upkeep]
|upkeep
|
|t:|1778504774
|switch|p2a: Kingambit|Kingambit, M|100/100
|-activate|p2a: Kingambit|ability: Supreme Overlord
|-start|p2a: Kingambit|fallen4|[silent]
|turn|16
|
|t:|1778504783
|move|p2a: Kingambit|Sucker Punch|p1a: Walking Wake
|-damage|p1a: Walking Wake|0 fnt
|faint|p1a: Walking Wake
|-end|p1a: Walking Wake|Protosynthesis|[silent]
|
|-weather|SunnyDay|[upkeep]
|upkeep
|
|t:|1778504786
|switch|p1a: Raging Bolt|Raging Bolt|100/100
|-activate|p1a: Raging Bolt|ability: Protosynthesis
|-start|p1a: Raging Bolt|protosynthesisspa
|turn|17
|inactive|Superhjkdetective has 120 seconds left.
|
|t:|1778504809
|-terastallize|p2a: Kingambit|Dark
|move|p1a: Raging Bolt|Weather Ball|p2a: Kingambit
|-damage|p2a: Kingambit|0 fnt
|faint|p2a: Kingambit
|-end|p2a: Kingambit|fallen4|[silent]
|-damage|p1a: Raging Bolt|91/100|[from] item: Life Orb
|
|-weather|none
|-end|p1a: Raging Bolt|Protosynthesis
|upkeep
|
|t:|1778504816
|switch|p2a: Great Tusk|Great Tusk|49/100
|turn|18
|
|t:|1778504824
|move|p2a: Great Tusk|Headlong Rush|p1a: Raging Bolt
|-supereffective|p1a: Raging Bolt
|-damage|p1a: Raging Bolt|0 fnt
|-unboost|p2a: Great Tusk|def|1
|-unboost|p2a: Great Tusk|spd|1
|faint|p1a: Raging Bolt
|-end|p1a: Raging Bolt|Protosynthesis|[silent]
|
|-heal|p2a: Great Tusk|55/100|[from] item: Leftovers
|upkeep
|
|t:|1778504826
|switch|p1a: Tung God Tusk|Great Tusk|36/100
|-heal|p1a: Tung God Tusk|100/100|[from] move: Healing Wish
|turn|19
|
|t:|1778504832
|move|p2a: Great Tusk|Ice Spinner|p1a: Tung God Tusk
|-supereffective|p1a: Tung God Tusk
|-damage|p1a: Tung God Tusk|59/100
|move|p1a: Tung God Tusk|Headlong Rush|p2a: Great Tusk
|-damage|p2a: Great Tusk|0 fnt
|-unboost|p1a: Tung God Tusk|def|1
|-unboost|p1a: Tung God Tusk|spd|1
|faint|p2a: Great Tusk
|-end|p2a: Great Tusk|Protosynthesis|[silent]
|
|win|whentherisefalls
|raw|whentherisefalls's rating: 1558 &rarr; <strong>1585</strong><br />(+27 for winning)
|raw|Superhjkdetective's rating: 1676 &rarr; <strong>1649</strong><br />(-27 for losing)
|l|☆whentherisefalls
|player|p1|
|l|☆Superhjkdetective
|player|p2|
