|html|<div class="broadcast-blue"><strong>[Gen 9] OU is currently suspecting Tera Blast! For information on how to participate check out the <a href="https://www.smogon.com/tools/suspects/view/200">suspect thread</a>.</strong></div>
|j|☆cachowcapow
|j|☆GYM LEADER ZAI
|t:|1776304577
|gametype|singles
|player|p1|cachowcapow|2|1636
|player|p2|GYM LEADER ZAI|marshal|1654
|gen|9
|tier|[Gen 9] OU
|rated|
|rule|HP Percentage Mod: HP is shown in percentages
|rule|Endless Battle Clause: Forcing endless battles is banned
|rule|Species Clause: Limit one of each Pokémon
|rule|OHKO Clause: OHKO moves are banned
|rule|Evasion Items Clause: Evasion items are banned
|rule|Evasion Moves Clause: Evasion moves are banned
|rule|Evasion Abilities Clause: Evasion abilities are banned
|rule|Sleep Moves Clause: Sleep-inducing moves are banned
|clearpoke
|poke|p1|Primarina, M|
|poke|p1|Cinderace, F|
|poke|p1|Slowking-Galar, F|
|poke|p1|Dondozo, F|
|poke|p1|Glimmora, F|
|poke|p1|Gholdengo|
|poke|p2|Iron Valiant|
|poke|p2|Zamazenta-*|
|poke|p2|Okidogi, M|
|poke|p2|Hawlucha, M|
|poke|p2|Iron Hands|
|poke|p2|Kommo-o, F|
|teampreview
|inactive|Battle timer is ON: inactive players will automatically lose when time's up. (requested by GYM LEADER ZAI)
|
|t:|1776304586
|teamsize|p1|6
|teamsize|p2|6
|start
|switch|p1a: Slowking|Slowking-Galar, F|100/100
|switch|p2a: Iron Hands|Iron Hands|100/100
|turn|1
|
|t:|1776304596
|switch|p1a: Glimmora|Glimmora, F|100/100
|-terastallize|p2a: Iron Hands|Ground
|move|p2a: Iron Hands|Earthquake|p1a: Glimmora
|-supereffective|p1a: Glimmora
|-damage|p1a: Glimmora|0 fnt
|-activate|p1a: Glimmora|ability: Toxic Debris
|-sidestart|p2: GYM LEADER ZAI|move: Toxic Spikes
|faint|p1a: Glimmora
|
|upkeep
|
|t:|1776304600
|switch|p1a: Primarina|Primarina, M|100/100
|turn|2
|
|t:|1776304607
|-end|p2a: Iron Hands|Quark Drive|[silent]
|switch|p2a: Okidogi|Okidogi, M|100/100
|-sideend|p2: GYM LEADER ZAI|move: Toxic Spikes|[of] p2a: Okidogi
|move|p1a: Primarina|Psychic Noise|p2a: Okidogi
|-damage|p2a: Okidogi|78/100
|-start|p2a: Okidogi|move: Heal Block
|
|upkeep
|turn|3
|
|t:|1776304617
|switch|p1a: Dondozo|Dondozo, F|100/100
|move|p2a: Okidogi|Poison Jab|p1a: Dondozo
|-damage|p1a: Dondozo|81/100
|
|-heal|p1a: Dondozo|87/100|[from] item: Leftovers
|-end|p2a: Okidogi|move: Heal Block
|upkeep
|turn|4
|
|t:|1776304625
|switch|p2a: Iron Valiant|Iron Valiant|100/100
|-enditem|p2a: Iron Valiant|Booster Energy
|-activate|p2a: Iron Valiant|ability: Quark Drive|[fromitem]
|-start|p2a: Iron Valiant|quarkdrivespe
|move|p1a: Dondozo|Curse|p1a: Dondozo
|-unboost|p1a: Dondozo|spe|1
|-boost|p1a: Dondozo|atk|1
|-boost|p1a: Dondozo|def|1
|
|-heal|p1a: Dondozo|93/100|[from] item: Leftovers
|upkeep
|turn|5
|
|t:|1776304630
|switch|p1a: Slowking|Slowking-Galar, F|100/100
|move|p2a: Iron Valiant|Encore||[still]
|-fail|p2a: Iron Valiant
|
|upkeep
|turn|6
|
|t:|1776304636
|-end|p2a: Iron Valiant|Quark Drive|[silent]
|switch|p2a: Iron Hands|Iron Hands, tera:Ground|100/100
|move|p1a: Slowking|Sludge Bomb|p2a: Iron Hands
|-resisted|p2a: Iron Hands
|-crit|p2a: Iron Hands
|-damage|p2a: Iron Hands|84/100
|-status|p2a: Iron Hands|psn
|
|-damage|p2a: Iron Hands|72/100 psn|[from] psn
|upkeep
|turn|7
|
|t:|1776304650
|move|p2a: Iron Hands|Supercell Slam|p1a: Slowking
|-damage|p1a: Slowking|34/100
|move|p1a: Slowking|Ice Beam|p2a: Iron Hands
|-supereffective|p2a: Iron Hands
|-damage|p2a: Iron Hands|41/100 psn
|
|-damage|p2a: Iron Hands|29/100 psn|[from] psn
|upkeep
|turn|8
|
|t:|1776304657
|switch|p1a: Dondozo|Dondozo, F|93/100
|move|p2a: Iron Hands|Supercell Slam|p1a: Dondozo
|-supereffective|p1a: Dondozo
|-damage|p1a: Dondozo|34/100
|
|-heal|p1a: Dondozo|40/100|[from] item: Leftovers
|-damage|p2a: Iron Hands|16/100 psn|[from] psn
|upkeep
|turn|9
|
|t:|1776304666
|move|p2a: Iron Hands|Supercell Slam|p1a: Dondozo
|-supereffective|p1a: Dondozo
|-damage|p1a: Dondozo|0 fnt
|faint|p1a: Dondozo
|
|-damage|p2a: Iron Hands|4/100 psn|[from] psn
|upkeep
|
|t:|1776304671
|switch|p1a: Cinderace|Cinderace, F|100/100
|turn|10
|
|t:|1776304677
|-end|p2a: Iron Hands|Quark Drive|[silent]
|switch|p2a: Zamazenta|Zamazenta|100/100
|-ability|p2a: Zamazenta|Dauntless Shield|boost
|-boost|p2a: Zamazenta|def|1
|move|p1a: Cinderace|U-turn|p2a: Zamazenta
|-resisted|p2a: Zamazenta
|-damage|p2a: Zamazenta|96/100
|
|t:|1776304688
|switch|p1a: Primarina|Primarina, M|100/100|[from] U-turn
|
|-heal|p2a: Zamazenta|100/100|[from] item: Leftovers
|upkeep
|turn|11
|
|t:|1776304695
|switch|p2a: Okidogi|Okidogi, M|78/100
|move|p1a: Primarina|Whirlpool|p2a: Okidogi
|-damage|p2a: Okidogi|68/100
|-activate|p2a: Okidogi|move: Whirlpool|[of] p1a: Primarina
|
|-damage|p2a: Okidogi|56/100|[from] move: Whirlpool|[partiallytrapped]
|upkeep
|turn|12
|
|t:|1776304704
|move|p1a: Primarina|Protect|p1a: Primarina
|-singleturn|p1a: Primarina|Protect
|move|p2a: Okidogi|High Horsepower|p1a: Primarina
|-activate|p1a: Primarina|move: Protect
|
|-damage|p2a: Okidogi|43/100|[from] move: Whirlpool|[partiallytrapped]
|upkeep
|turn|13
|
|t:|1776304708
|move|p1a: Primarina|Psychic Noise|p2a: Okidogi
|-damage|p2a: Okidogi|23/100
|-start|p2a: Okidogi|move: Heal Block
|move|p2a: Okidogi|Poison Jab|p1a: Primarina
|-supereffective|p1a: Primarina
|-damage|p1a: Primarina|12/100
|
|-heal|p1a: Primarina|18/100|[from] item: Leftovers
|-damage|p2a: Okidogi|11/100|[from] move: Whirlpool|[partiallytrapped]
|upkeep
|turn|14
|
|t:|1776304718
|move|p1a: Primarina|Psychic Noise|p2a: Okidogi
|-crit|p2a: Okidogi
|-damage|p2a: Okidogi|0 fnt
|faint|p2a: Okidogi
|
|-heal|p1a: Primarina|24/100|[from] item: Leftovers
|upkeep
|inactive|GYM LEADER ZAI has 120 seconds left.
|
|t:|1776304751
|switch|p2a: Kommo-o|Kommo-o, F|100/100
|turn|15
|inactive|GYM LEADER ZAI has 120 seconds left.
|
|t:|1776304773
|move|p1a: Primarina|Protect|p1a: Primarina
|-singleturn|p1a: Primarina|Protect
|move|p2a: Kommo-o|Flash Cannon|p1a: Primarina
|-activate|p1a: Primarina|move: Protect
|
|-heal|p1a: Primarina|31/100|[from] item: Leftovers
|upkeep
|turn|16
|
|t:|1776304777
|move|p2a: Kommo-o|Flash Cannon|p1a: Primarina
|-crit|p1a: Primarina
|-damage|p1a: Primarina|0 fnt
|faint|p1a: Primarina
|
|upkeep
|
|t:|1776304780
|switch|p1a: Slowking|Slowking-Galar, F|68/100
|turn|17
|
|t:|1776304787
|move|p2a: Kommo-o|Clangorous Soul|p2a: Kommo-o
|-boost|p2a: Kommo-o|atk|1
|-boost|p2a: Kommo-o|def|1
|-boost|p2a: Kommo-o|spa|1
|-boost|p2a: Kommo-o|spd|1
|-boost|p2a: Kommo-o|spe|1
|-damage|p2a: Kommo-o|68/100
|-enditem|p2a: Kommo-o|Throat Spray
|-boost|p2a: Kommo-o|spa|1|[from] item: Throat Spray
|move|p1a: Slowking|Ice Beam|p2a: Kommo-o
|-supereffective|p2a: Kommo-o
|-damage|p2a: Kommo-o|24/100
|
|upkeep
|turn|18
|
|t:|1776304794
|move|p2a: Kommo-o|Clanging Scales|p1a: Slowking
|-damage|p1a: Slowking|21/100
|-unboost|p2a: Kommo-o|def|1
|move|p1a: Slowking|Ice Beam|p2a: Kommo-o
|-supereffective|p2a: Kommo-o
|-damage|p2a: Kommo-o|0 fnt
|faint|p2a: Kommo-o
|
|upkeep
|
|t:|1776304805
|switch|p2a: Iron Hands|Iron Hands, tera:Ground|4/100 psn
|turn|19
|
|t:|1776304810
|move|p2a: Iron Hands|Earthquake|p1a: Slowking
|-supereffective|p1a: Slowking
|-damage|p1a: Slowking|0 fnt
|faint|p1a: Slowking
|
|-damage|p2a: Iron Hands|0 fnt|[from] psn
|faint|p2a: Iron Hands
|-end|p2a: Iron Hands|Quark Drive|[silent]
|upkeep
|
|t:|1776304819
|switch|p2a: Iron Valiant|Iron Valiant|100/100
|switch|p1a: Gholdengo|Gholdengo|100/100
|turn|20
|
|t:|1776304829
|move|p1a: Gholdengo|Make It Rain|p2a: Iron Valiant
|-supereffective|p2a: Iron Valiant
|-damage|p2a: Iron Valiant|0 fnt
|-unboost|p1a: Gholdengo|spa|1
|faint|p2a: Iron Valiant
|-end|p2a: Iron Valiant|Quark Drive|[silent]
|
|upkeep
|
|t:|1776304838
|switch|p2a: Zamazenta|Zamazenta|100/100
|turn|21
|
|t:|1776304860
|move|p1a: Gholdengo|Make It Rain|p2a: Zamazenta
|-damage|p2a: Zamazenta|65/100
|-unboost|p1a: Gholdengo|spa|1
|move|p2a: Zamazenta|Iron Defense|p2a: Zamazenta
|-boost|p2a: Zamazenta|def|2
|
|-heal|p2a: Zamazenta|71/100|[from] item: Leftovers
|upkeep
|turn|22
|
|t:|1776304867
|switch|p1a: Cinderace|Cinderace, F|100/100
|move|p2a: Zamazenta|Body Press|p1a: Cinderace
|-damage|p1a: Cinderace|0 fnt
|faint|p1a: Cinderace
|
|-heal|p2a: Zamazenta|77/100|[from] item: Leftovers
|upkeep
|
|t:|1776304869
|switch|p1a: Gholdengo|Gholdengo|100/100
|turn|23
|
|t:|1776304874
|move|p1a: Gholdengo|Shadow Ball|p2a: Zamazenta
|-damage|p2a: Zamazenta|44/100
|move|p2a: Zamazenta|Rest|p2a: Zamazenta
|-status|p2a: Zamazenta|slp|[from] move: Rest
|-heal|p2a: Zamazenta|100/100 slp|[silent]
|
|upkeep
|turn|24
|
|t:|1776304892
|move|p1a: Gholdengo|Shadow Ball|p2a: Zamazenta
|-damage|p2a: Zamazenta|64/100 slp
|cant|p2a: Zamazenta|slp
|
|-heal|p2a: Zamazenta|70/100 slp|[from] item: Leftovers
|upkeep
|turn|25
|j| birkenstock
|
|t:|1776304921
|move|p1a: Gholdengo|Shadow Ball|p2a: Zamazenta
|-damage|p2a: Zamazenta|35/100 slp
|cant|p2a: Zamazenta|slp
|
|-heal|p2a: Zamazenta|41/100 slp|[from] item: Leftovers
|upkeep
|turn|26
|
|t:|1776304933
|move|p1a: Gholdengo|Shadow Ball|p2a: Zamazenta
|-damage|p2a: Zamazenta|5/100 slp
|-curestatus|p2a: Zamazenta|slp|[msg]
|move|p2a: Zamazenta|Crunch|p1a: Gholdengo
|-supereffective|p1a: Gholdengo
|-damage|p1a: Gholdengo|47/100
|
|-heal|p2a: Zamazenta|11/100|[from] item: Leftovers
|upkeep
|turn|27
|
|t:|1776304947
|move|p1a: Gholdengo|Shadow Ball|p2a: Zamazenta
|-damage|p2a: Zamazenta|0 fnt
|faint|p2a: Zamazenta
|
|upkeep
|
|t:|1776304949
|switch|p2a: Hawlucha|Hawlucha, M|100/100
|turn|28
|
|t:|1776304953
|move|p1a: Gholdengo|Shadow Ball|p2a: Hawlucha
|-damage|p2a: Hawlucha|24/100
|-enditem|p2a: Hawlucha|Liechi Berry|[eat]
|-boost|p2a: Hawlucha|atk|1|[from] item: Liechi Berry
|move|p2a: Hawlucha|Acrobatics|p1a: Gholdengo
|-resisted|p1a: Gholdengo
|-damage|p1a: Gholdengo|1/100
|
|upkeep
|turn|29
|
|t:|1776304962
|move|p2a: Hawlucha|Acrobatics|p1a: Gholdengo
|-resisted|p1a: Gholdengo
|-damage|p1a: Gholdengo|0 fnt
|faint|p1a: Gholdengo
|
|win|GYM LEADER ZAI
|raw|cachowcapow's rating: 1653 &rarr; <strong>1633</strong><br />(-20 for losing)
|raw|GYM LEADER ZAI's rating: 1654 &rarr; <strong>1674</strong><br />(+20 for winning)
|l|☆cachowcapow
|player|p1|
