|html|<div class="broadcast-blue"><strong>[Gen 9] OU is currently suspecting Tera Blast! For information on how to participate check out the <a href="https://www.smogon.com/tools/suspects/view/200">suspect thread</a>.</strong></div>
|badge|p1|bronze|gen9randombattle|100-9
|uhtml|medal-msg|<div class="broadcast-blue">Curious what those medals under the avatar are? PS now has Ladder Seasons! For more information, check out the <a href="https://www.smogon.com/forums/threads/3740067/">thread on Smogon.</a></div>
|j|‽LT_Alt1
|j|☆doomdr2
|t:|1776063615
|gametype|singles
|player|p1|LT_Alt1|101|1678
|player|p2|doomdr2|266|1498
|gen|9
|tier|[Gen 9] OU
|rated|
|rule|HP Percentage Mod: HP is shown in percentages
|rule|Endless Battle Clause: Forcing endless battles is banned
|rule|Species Clause: Limit one of each Pokémon
|rule|OHKO Clause: OHKO moves are banned
|rule|Evasion Items Clause: Evasion items are banned
|rule|Evasion Moves Clause: Evasion moves are banned
|rule|Evasion Abilities Clause: Evasion abilities are banned
|rule|Sleep Moves Clause: Sleep-inducing moves are banned
|clearpoke
|poke|p1|Garganacl, F|
|poke|p1|Slowking-Galar, F|
|poke|p1|Kyurem|
|poke|p1|Weezing-Galar, F|
|poke|p1|Moltres|
|poke|p1|Iron Treads|
|poke|p2|Deoxys-Speed|
|poke|p2|Ceruledge, M|
|poke|p2|Zamazenta-*|
|poke|p2|Ogerpon-Wellspring, F|
|poke|p2|Glimmora, F|
|poke|p2|Moltres-Galar|
|teampreview
|inactive|Battle timer is ON: inactive players will automatically lose when time's up. (requested by doomdr2)
|
|t:|1776063630
|teamsize|p1|6
|teamsize|p2|6
|start
|switch|p1a: Slowking|Slowking-Galar, F|100/100
|switch|p2a: Moltres|Moltres-Galar|100/100
|turn|1
|
|t:|1776063635
|move|p2a: Moltres|Fiery Wrath|p1a: Slowking
|-supereffective|p1a: Slowking
|-enditem|p1a: Slowking|Colbur Berry|[eat]
|-enditem|p1a: Slowking|Colbur Berry|[weaken]
|-damage|p1a: Slowking|77/100
|cant|p1a: Slowking|flinch
|
|upkeep
|turn|2
|
|t:|1776063651
|switch|p2a: Deoxys|Deoxys-Speed|100/100
|-ability|p2a: Deoxys|Pressure
|move|p1a: Slowking|Thunder Wave|p2a: Deoxys
|-status|p2a: Deoxys|par
|
|upkeep
|turn|3
|
|t:|1776063664
|move|p2a: Deoxys|Taunt|p1a: Slowking
|-start|p1a: Slowking|move: Taunt
|move|p1a: Slowking|Sludge Bomb|p2a: Deoxys
|-damage|p2a: Deoxys|58/100 par
|
|upkeep
|turn|4
|
|t:|1776063670
|move|p2a: Deoxys|Light Screen|p2a: Deoxys
|-sidestart|p2: doomdr2|move: Light Screen
|move|p1a: Slowking|Sludge Bomb|p2a: Deoxys
|-damage|p2a: Deoxys|36/100 par
|
|upkeep
|turn|5
|
|t:|1776063676
|switch|p2a: Glimmora|Glimmora, F|100/100
|move|p1a: Slowking|Future Sight|p2a: Glimmora
|-start|p1a: Slowking|move: Future Sight
|
|-end|p1a: Slowking|move: Taunt
|upkeep
|turn|6
|
|t:|1776063684
|move|p2a: Glimmora|Stealth Rock|p1a: Slowking
|-sidestart|p1: LT_Alt1|move: Stealth Rock
|move|p1a: Slowking|Thunder Wave|p2a: Glimmora|[miss]
|-miss|p1a: Slowking|p2a: Glimmora
|
|upkeep
|turn|7
|
|t:|1776063691
|switch|p2a: Moltres|Moltres-Galar|100/100
|-prepare|p1a: Slowking|Chilly Reception|[premajor]
|move|p1a: Slowking|Chilly Reception|p1a: Slowking
|-weather|Snowscape
|
|t:|1776063697
|switch|p1a: Weezing|Weezing-Galar, F|100/100|[from] Chilly Reception
|-ability|p1a: Weezing|Neutralizing Gas
|-damage|p1a: Weezing|88/100|[from] Stealth Rock
|
|-weather|Snowscape|[upkeep]
|-end|p2a: Moltres|move: Future Sight
|-immune|p2a: Moltres
|-heal|p1a: Weezing|94/100|[from] item: Leftovers
|upkeep
|turn|8
|
|t:|1776063706
|switch|p2a: Glimmora|Glimmora, F|100/100
|move|p1a: Weezing|Defog|p2a: Glimmora
|-unboost|p2a: Glimmora|evasion|1
|-sideend|p2: doomdr2|move: Light Screen
|-sideend|p1: LT_Alt1|Stealth Rock|[from] move: Defog|[of] p1a: Weezing
|
|-weather|Snowscape|[upkeep]
|-heal|p1a: Weezing|99/100|[from] item: Leftovers
|upkeep
|turn|9
|
|t:|1776063714
|-end|p1a: Weezing|ability: Neutralizing Gas
|switch|p1a: Slowking|Slowking-Galar, F|100/100
|move|p2a: Glimmora|Earth Power|p1a: Slowking
|-supereffective|p1a: Slowking
|-damage|p1a: Slowking|64/100
|
|-weather|Snowscape|[upkeep]
|upkeep
|turn|10
|
|t:|1776063721
|move|p2a: Glimmora|Meteor Beam||[still]
|-prepare|p2a: Glimmora|Meteor Beam
|-boost|p2a: Glimmora|spa|1
|-enditem|p2a: Glimmora|Power Herb
|-anim|p2a: Glimmora|Meteor Beam|p1a: Slowking
|-damage|p1a: Slowking|11/100
|move|p1a: Slowking|Future Sight|p2a: Glimmora
|-start|p1a: Slowking|move: Future Sight
|
|-weather|Snowscape|[upkeep]
|upkeep
|turn|11
|
|t:|1776063731
|switch|p1a: Moltres|Moltres|100/100
|move|p2a: Glimmora|Stealth Rock|p1a: Moltres
|-sidestart|p1: LT_Alt1|move: Stealth Rock
|
|-weather|none
|upkeep
|turn|12
|
|t:|1776063736
|switch|p2a: Moltres|Moltres-Galar|100/100
|move|p1a: Moltres|U-turn|p2a: Moltres
|-damage|p2a: Moltres|84/100
|
|t:|1776063739
|switch|p1a: Weezing|Weezing-Galar, F|99/100|[from] U-turn
|-ability|p1a: Weezing|Neutralizing Gas
|-damage|p1a: Weezing|88/100|[from] Stealth Rock
|
|-end|p2a: Moltres|move: Future Sight
|-immune|p2a: Moltres
|-heal|p1a: Weezing|94/100|[from] item: Leftovers
|upkeep
|turn|13
|
|t:|1776063745
|switch|p2a: Glimmora|Glimmora, F|100/100
|move|p1a: Weezing|Defog|p2a: Glimmora
|-unboost|p2a: Glimmora|evasion|1
|-sideend|p1: LT_Alt1|Stealth Rock|[from] move: Defog|[of] p1a: Weezing
|
|-heal|p1a: Weezing|99/100|[from] item: Leftovers
|upkeep
|turn|14
|
|t:|1776063762
|move|p2a: Glimmora|Stealth Rock|p1a: Weezing
|-sidestart|p1: LT_Alt1|move: Stealth Rock
|move|p1a: Weezing|Pain Split|p2a: Glimmora
|-sethp|p2a: Glimmora|98/100|[from] move: Pain Split|[silent]
|-sethp|p1a: Weezing|100/100|[from] move: Pain Split
|
|upkeep
|turn|15
|j| SquilliamTg
|
|t:|1776063770
|move|p2a: Glimmora|Meteor Beam||[still]
|-prepare|p2a: Glimmora|Meteor Beam
|-boost|p2a: Glimmora|spa|1
|move|p1a: Weezing|Defog|p2a: Glimmora
|-unboost|p2a: Glimmora|evasion|1
|-sideend|p1: LT_Alt1|Stealth Rock|[from] move: Defog|[of] p1a: Weezing
|
|upkeep
|turn|16
|
|t:|1776063775
|-end|p1a: Weezing|ability: Neutralizing Gas
|switch|p1a: Iron Treads|Iron Treads|100/100
|move|p2a: Glimmora|Meteor Beam|p1a: Iron Treads|[from] lockedmove
|-resisted|p1a: Iron Treads
|-damage|p1a: Iron Treads|71/100
|
|-heal|p1a: Iron Treads|77/100|[from] item: Leftovers
|upkeep
|turn|17
|
|t:|1776063792
|switch|p2a: Zamazenta|Zamazenta|100/100
|-ability|p2a: Zamazenta|Dauntless Shield|boost
|-boost|p2a: Zamazenta|def|1
|move|p1a: Iron Treads|Stealth Rock|p2a: Zamazenta
|-sidestart|p2: doomdr2|move: Stealth Rock
|
|-heal|p1a: Iron Treads|84/100|[from] item: Leftovers
|upkeep
|turn|18
|
|t:|1776063808
|switch|p2a: Glimmora|Glimmora, F|98/100
|-damage|p2a: Glimmora|86/100|[from] Stealth Rock
|-end|p1a: Iron Treads|Quark Drive|[silent]
|switch|p1a: Slowking|Slowking-Galar, F|44/100
|
|upkeep
|turn|19
|
|t:|1776063820
|switch|p1a: Iron Treads|Iron Treads|84/100
|move|p2a: Glimmora|Stealth Rock|p1a: Iron Treads
|-sidestart|p1: LT_Alt1|move: Stealth Rock
|
|-heal|p1a: Iron Treads|90/100|[from] item: Leftovers
|upkeep
|turn|20
|
|t:|1776063827
|switch|p2a: Zamazenta|Zamazenta|100/100
|-damage|p2a: Zamazenta|94/100|[from] Stealth Rock
|move|p1a: Iron Treads|Rapid Spin|p2a: Zamazenta
|-damage|p2a: Zamazenta|84/100
|-boost|p1a: Iron Treads|spe|1
|-sideend|p1: LT_Alt1|Stealth Rock|[from] move: Rapid Spin|[of] p1a: Iron Treads
|
|-heal|p1a: Iron Treads|96/100|[from] item: Leftovers
|-heal|p2a: Zamazenta|90/100|[from] item: Leftovers
|upkeep
|turn|21
|
|t:|1776063839
|-end|p1a: Iron Treads|Quark Drive|[silent]
|switch|p1a: Slowking|Slowking-Galar, F|78/100
|switch|p2a: Ogerpon|Ogerpon-Wellspring, F|100/100
|-damage|p2a: Ogerpon|88/100|[from] Stealth Rock
|
|upkeep
|turn|22
|
|t:|1776063856
|-terastallize|p1a: Slowking|Water
|move|p2a: Ogerpon|Ivy Cudgel|p1a: Slowking|[anim] Ivy Cudgel Water
|-resisted|p1a: Slowking
|-damage|p1a: Slowking|46/100
|move|p1a: Slowking|Thunder Wave|p2a: Ogerpon
|-status|p2a: Ogerpon|par
|
|upkeep
|turn|23
|
|t:|1776063862
|switch|p1a: Kyurem|Kyurem|100/100
|-ability|p1a: Kyurem|Pressure
|move|p2a: Ogerpon|Horn Leech|p1a: Kyurem
|-resisted|p1a: Kyurem
|-damage|p1a: Kyurem|79/100
|-heal|p2a: Ogerpon|100/100 par|[from] drain|[of] p1a: Kyurem
|
|upkeep
|turn|24
|
|t:|1776063874
|move|p1a: Kyurem|Freeze-Dry|p2a: Ogerpon
|-supereffective|p2a: Ogerpon
|-damage|p2a: Ogerpon|0 fnt
|faint|p2a: Ogerpon
|
|upkeep
|
|t:|1776063880
|switch|p2a: Deoxys|Deoxys-Speed|36/100 par
|-damage|p2a: Deoxys|24/100 par|[from] Stealth Rock
|-ability|p2a: Deoxys|Pressure
|turn|25
|
|t:|1776063884
|move|p1a: Kyurem|Scale Shot|p2a: Deoxys
|-damage|p2a: Deoxys|12/100 par
|-crit|p2a: Deoxys
|-damage|p2a: Deoxys|0 fnt
|faint|p2a: Deoxys
|-hitcount|p2: Deoxys|2
|-unboost|p1a: Kyurem|def|1
|-boost|p1a: Kyurem|spe|1
|
|upkeep
|
|t:|1776063887
|switch|p2a: Zamazenta|Zamazenta|90/100
|-damage|p2a: Zamazenta|84/100|[from] Stealth Rock
|turn|26
|l| SquilliamTg
|
|t:|1776063891
|switch|p1a: Weezing|Weezing-Galar, F|100/100
|-ability|p1a: Weezing|Neutralizing Gas
|move|p2a: Zamazenta|Body Press|p1a: Weezing
|-resisted|p1a: Weezing
|-damage|p1a: Weezing|93/100
|
|-heal|p2a: Zamazenta|90/100|[from] item: Leftovers
|-heal|p1a: Weezing|99/100|[from] item: Leftovers
|upkeep
|turn|27
|
|t:|1776063896
|switch|p2a: Glimmora|Glimmora, F|86/100
|-damage|p2a: Glimmora|73/100|[from] Stealth Rock
|-end|p1a: Weezing|ability: Neutralizing Gas
|switch|p1a: Iron Treads|Iron Treads|96/100
|
|-heal|p1a: Iron Treads|100/100|[from] item: Leftovers
|upkeep
|turn|28
|
|t:|1776063905
|switch|p2a: Zamazenta|Zamazenta|90/100
|-damage|p2a: Zamazenta|84/100|[from] Stealth Rock
|move|p1a: Iron Treads|Earthquake|p2a: Zamazenta
|-damage|p2a: Zamazenta|54/100
|
|-heal|p2a: Zamazenta|60/100|[from] item: Leftovers
|upkeep
|turn|29
|
|t:|1776063909
|switch|p2a: Moltres|Moltres-Galar|84/100
|-damage|p2a: Moltres|59/100|[from] Stealth Rock
|move|p1a: Iron Treads|Knock Off|p2a: Moltres
|-resisted|p2a: Moltres
|-damage|p2a: Moltres|46/100
|-enditem|p2a: Moltres|Sitrus Berry|[from] move: Knock Off|[of] p1a: Iron Treads
|-ability|p2a: Moltres|Berserk|boost
|-boost|p2a: Moltres|spa|1
|
|upkeep
|turn|30
|
|t:|1776063922
|-end|p1a: Iron Treads|Quark Drive|[silent]
|switch|p1a: Slowking|Slowking-Galar, F, tera:Water|79/100
|-terastallize|p2a: Moltres|Fairy
|move|p2a: Moltres|Agility|p2a: Moltres
|-boost|p2a: Moltres|spe|2
|
|upkeep
|turn|31
|
|t:|1776063925
|move|p2a: Moltres|Fiery Wrath|p1a: Slowking
|-damage|p1a: Slowking|44/100
|move|p1a: Slowking|Sludge Bomb|p2a: Moltres
|-supereffective|p2a: Moltres
|-damage|p2a: Moltres|0 fnt
|faint|p2a: Moltres
|
|upkeep
|
|t:|1776063931
|switch|p2a: Ceruledge|Ceruledge, M|100/100
|-damage|p2a: Ceruledge|76/100|[from] Stealth Rock
|turn|32
|
|t:|1776063934
|move|p2a: Ceruledge|Poltergeist||[still]
|-fail|p2a: Ceruledge
|move|p1a: Slowking|Thunder Wave|p2a: Ceruledge|[miss]
|-miss|p1a: Slowking|p2a: Ceruledge
|
|upkeep
|turn|33
|
|t:|1776063939
|move|p2a: Ceruledge|Swords Dance|p2a: Ceruledge
|-boost|p2a: Ceruledge|atk|2
|-prepare|p1a: Slowking|Chilly Reception|[premajor]
|move|p1a: Slowking|Chilly Reception|p1a: Slowking
|-weather|Snowscape
|
|t:|1776063944
|switch|p1a: Kyurem|Kyurem|79/100|[from] Chilly Reception
|-ability|p1a: Kyurem|Pressure
|
|-weather|Snowscape|[upkeep]
|upkeep
|turn|34
|
|t:|1776063954
|move|p1a: Kyurem|Scale Shot|p2a: Ceruledge
|-damage|p2a: Ceruledge|63/100
|-ability|p2a: Ceruledge|Weak Armor|boost
|-unboost|p2a: Ceruledge|def|1
|-boost|p2a: Ceruledge|spe|2
|-damage|p2a: Ceruledge|44/100
|-ability|p2a: Ceruledge|Weak Armor|boost
|-unboost|p2a: Ceruledge|def|1
|-boost|p2a: Ceruledge|spe|2
|-damage|p2a: Ceruledge|22/100
|-ability|p2a: Ceruledge|Weak Armor|boost
|-unboost|p2a: Ceruledge|def|1
|-boost|p2a: Ceruledge|spe|2
|-damage|p2a: Ceruledge|0 fnt
|faint|p2a: Ceruledge
|-hitcount|p2: Ceruledge|4
|-unboost|p1a: Kyurem|def|1
|-boost|p1a: Kyurem|spe|1
|
|-weather|Snowscape|[upkeep]
|upkeep
|-message|doomdr2 forfeited.
|
|win|LT_Alt1
|raw|LT_Alt1's rating: 1678 &rarr; <strong>1688</strong><br />(+10 for winning)
|raw|doomdr2's rating: 1498 &rarr; <strong>1488</strong><br />(-10 for losing)
|l|☆doomdr2
|player|p2|
