|html|<div class="broadcast-blue"><strong>[Gen 9] OU is currently suspecting Tera Blast! For information on how to participate check out the <a href="https://www.smogon.com/tools/suspects/view/200">suspect thread</a>.</strong></div>
|j|☆uknowdakine
|j|☆Jaycobi1017
|t:|1776053197
|gametype|singles
|player|p1|uknowdakine|101|1304
|player|p2|Jaycobi1017|brycenman|1266
|gen|9
|tier|[Gen 9] OU
|rated|
|rule|HP Percentage Mod: HP is shown in percentages
|rule|Endless Battle Clause: Forcing endless battles is banned
|rule|Species Clause: Limit one of each Pokémon
|rule|OHKO Clause: OHKO moves are banned
|rule|Evasion Items Clause: Evasion items are banned
|rule|Evasion Moves Clause: Evasion moves are banned
|rule|Evasion Abilities Clause: Evasion abilities are banned
|rule|Sleep Moves Clause: Sleep-inducing moves are banned
|clearpoke
|poke|p1|Torkoal, F|
|poke|p1|Great Tusk|
|poke|p1|Slither Wing|
|poke|p1|Venusaur, M|
|poke|p1|Walking Wake|
|poke|p1|Heatran, M|
|poke|p2|Samurott-Hisui, M|
|poke|p2|Tornadus-Therian, M|
|poke|p2|Gholdengo|
|poke|p2|Slowking-Galar, F|
|poke|p2|Zamazenta-*|
|poke|p2|Iron Treads|
|teampreview
|inactive|Battle timer is ON: inactive players will automatically lose when time's up. (requested by Jaycobi1017)
|
|t:|1776053205
|teamsize|p1|6
|teamsize|p2|6
|start
|switch|p1a: Lloyd|Torkoal, F|100/100
|switch|p2a: Slowking|Slowking-Galar, F|100/100
|-weather|SunnyDay|[from] ability: Drought|[of] p1a: Lloyd
|turn|1
|
|t:|1776053208
|-prepare|p2a: Slowking|Chilly Reception|[premajor]
|move|p2a: Slowking|Chilly Reception|p2a: Slowking
|-weather|Snowscape
|
|t:|1776053217
|switch|p2a: Samurott|Samurott-Hisui, M|100/100|[from] Chilly Reception
|move|p1a: Lloyd|Stealth Rock|p2a: Samurott
|-sidestart|p2: Jaycobi1017|move: Stealth Rock
|
|-weather|Snowscape|[upkeep]
|upkeep
|turn|2
|
|t:|1776053232
|switch|p1a: Noel|Slither Wing|100/100
|move|p2a: Samurott|Ceaseless Edge|p1a: Noel
|-resisted|p1a: Noel
|-damage|p1a: Noel|63/100
|-sidestart|p1: uknowdakine|Spikes
|
|-weather|Snowscape|[upkeep]
|upkeep
|turn|3
|
|t:|1776053237
|switch|p2a: Gholdengo|Gholdengo|100/100
|-damage|p2a: Gholdengo|94/100|[from] Stealth Rock
|-item|p2a: Gholdengo|Air Balloon
|move|p1a: Noel|U-turn|p2a: Gholdengo
|-resisted|p2a: Gholdengo
|-damage|p2a: Gholdengo|88/100
|-enditem|p2a: Gholdengo|Air Balloon
|
|t:|1776053248
|-end|p1a: Noel|Protosynthesis|[silent]
|switch|p1a: Lloyd|Torkoal, F|100/100|[from] U-turn
|-damage|p1a: Lloyd|88/100|[from] Spikes
|-weather|SunnyDay|[from] ability: Drought|[of] p1a: Lloyd
|
|-weather|SunnyDay|[upkeep]
|upkeep
|turn|4
|
|t:|1776053269
|switch|p2a: Samurott|Samurott-Hisui, M|100/100
|-damage|p2a: Samurott|88/100|[from] Stealth Rock
|move|p1a: Lloyd|Overheat|p2a: Samurott
|-resisted|p2a: Samurott
|-damage|p2a: Samurott|30/100
|-unboost|p1a: Lloyd|spa|2
|
|-weather|SunnyDay|[upkeep]
|upkeep
|turn|5
|
|t:|1776053284
|switch|p1a: Randy|Great Tusk|100/100
|-damage|p1a: Randy|88/100|[from] Spikes
|-activate|p1a: Randy|ability: Protosynthesis
|-start|p1a: Randy|protosynthesisspe
|move|p2a: Samurott|Ceaseless Edge|p1a: Randy
|-resisted|p1a: Randy
|-damage|p1a: Randy|69/100
|-sidestart|p1: uknowdakine|Spikes
|
|-weather|SunnyDay|[upkeep]
|upkeep
|turn|6
|
|t:|1776053298
|switch|p2a: Gholdengo|Gholdengo|88/100
|-damage|p2a: Gholdengo|82/100|[from] Stealth Rock
|move|p1a: Randy|Rapid Spin|p2a: Gholdengo
|-immune|p2a: Gholdengo
|
|-weather|SunnyDay|[upkeep]
|upkeep
|turn|7
|
|t:|1776053308
|move|p1a: Randy|Earthquake|p2a: Gholdengo
|-supereffective|p2a: Gholdengo
|-damage|p2a: Gholdengo|15/100
|move|p2a: Gholdengo|Make It Rain|p1a: Randy
|-damage|p1a: Randy|0 fnt
|-unboost|p2a: Gholdengo|spa|1
|faint|p1a: Randy
|-end|p1a: Randy|Protosynthesis|[silent]
|
|-weather|SunnyDay|[upkeep]
|upkeep
|
|t:|1776053317
|switch|p1a: Tio|Walking Wake|100/100
|-damage|p1a: Tio|84/100|[from] Spikes
|-activate|p1a: Tio|ability: Protosynthesis
|-start|p1a: Tio|protosynthesisspe
|turn|8
|
|t:|1776053322
|-terastallize|p1a: Tio|Water
|move|p1a: Tio|Hydro Steam|p2a: Gholdengo
|-damage|p2a: Gholdengo|0 fnt
|faint|p2a: Gholdengo
|
|-weather|SunnyDay|[upkeep]
|upkeep
|
|t:|1776053325
|switch|p2a: Slowking|Slowking-Galar, F|100/100
|turn|9
|
|t:|1776053327
|move|p1a: Tio|Hydro Steam|p2a: Slowking
|-damage|p2a: Slowking|26/100
|-prepare|p2a: Slowking|Chilly Reception|[premajor]
|move|p2a: Slowking|Chilly Reception|p2a: Slowking
|-weather|Snowscape
|-end|p1a: Tio|Protosynthesis
|
|t:|1776053343
|switch|p2a: Zamazenta|Zamazenta|100/100|[from] Chilly Reception
|-damage|p2a: Zamazenta|94/100|[from] Stealth Rock
|-ability|p2a: Zamazenta|Dauntless Shield|boost
|-boost|p2a: Zamazenta|def|1
|
|-weather|Snowscape|[upkeep]
|upkeep
|turn|10
|
|t:|1776053356
|-end|p1a: Tio|Protosynthesis|[silent]
|switch|p1a: Lloyd|Torkoal, F|88/100
|-damage|p1a: Lloyd|72/100|[from] Spikes
|-weather|SunnyDay|[from] ability: Drought|[of] p1a: Lloyd
|-terastallize|p2a: Zamazenta|Fighting
|move|p2a: Zamazenta|Close Combat|p1a: Lloyd
|-damage|p1a: Lloyd|0 fnt
|-unboost|p2a: Zamazenta|def|1
|-unboost|p2a: Zamazenta|spd|1
|faint|p1a: Lloyd
|
|-weather|SunnyDay|[upkeep]
|upkeep
|
|t:|1776053362
|switch|p1a: Tio|Walking Wake, tera:Water|84/100
|-damage|p1a: Tio|68/100|[from] Spikes
|-activate|p1a: Tio|ability: Protosynthesis
|-start|p1a: Tio|protosynthesisspe
|turn|11
|
|t:|1776053371
|switch|p2a: Iron Treads|Iron Treads|100/100
|-damage|p2a: Iron Treads|98/100|[from] Stealth Rock
|move|p1a: Tio|Hydro Steam|p2a: Iron Treads
|-supereffective|p2a: Iron Treads
|-damage|p2a: Iron Treads|0 fnt
|faint|p2a: Iron Treads
|-end|p2a: Iron Treads|Quark Drive|[silent]
|
|-weather|SunnyDay|[upkeep]
|upkeep
|
|t:|1776053375
|switch|p2a: Slowking|Slowking-Galar, F|60/100
|turn|12
|
|t:|1776053380
|switch|p2a: Samurott|Samurott-Hisui, M|30/100
|-damage|p2a: Samurott|18/100|[from] Stealth Rock
|move|p1a: Tio|Hydro Steam|p2a: Samurott
|-resisted|p2a: Samurott
|-damage|p2a: Samurott|0 fnt
|faint|p2a: Samurott
|
|-weather|SunnyDay|[upkeep]
|upkeep
|
|t:|1776053382
|switch|p2a: Slowking|Slowking-Galar, F|93/100
|turn|13
|
|t:|1776053386
|move|p1a: Tio|Hydro Steam|p2a: Slowking
|-damage|p2a: Slowking|28/100
|-prepare|p2a: Slowking|Chilly Reception|[premajor]
|move|p2a: Slowking|Chilly Reception|p2a: Slowking
|-weather|Snowscape
|-end|p1a: Tio|Protosynthesis
|
|t:|1776053400
|switch|p2a: Zamazenta|Zamazenta, tera:Fighting|94/100|[from] Chilly Reception
|-damage|p2a: Zamazenta|88/100|[from] Stealth Rock
|
|-weather|Snowscape|[upkeep]
|upkeep
|turn|14
|
|t:|1776053427
|move|p2a: Zamazenta|Close Combat|p1a: Tio
|-damage|p1a: Tio|0 fnt
|-unboost|p2a: Zamazenta|def|1
|-unboost|p2a: Zamazenta|spd|1
|faint|p1a: Tio
|-end|p1a: Tio|Protosynthesis|[silent]
|
|-weather|Snowscape|[upkeep]
|upkeep
|
|t:|1776053432
|switch|p1a: Noel|Slither Wing|63/100
|-damage|p1a: Noel|47/100|[from] Spikes
|turn|15
|
|t:|1776053438
|move|p1a: Noel|First Impression|p2a: Zamazenta
|-resisted|p2a: Zamazenta
|-damage|p2a: Zamazenta|51/100
|move|p2a: Zamazenta|Close Combat|p1a: Noel
|-resisted|p1a: Noel
|-damage|p1a: Noel|0 fnt
|-unboost|p2a: Zamazenta|def|1
|-unboost|p2a: Zamazenta|spd|1
|faint|p1a: Noel
|-end|p1a: Noel|Protosynthesis|[silent]
|
|-weather|Snowscape|[upkeep]
|upkeep
|
|t:|1776053442
|switch|p1a: Wazy|Heatran, M|100/100
|-item|p1a: Wazy|Air Balloon
|turn|16
|
|t:|1776053447
|switch|p2a: Slowking|Slowking-Galar, F|61/100
|move|p1a: Wazy|Magma Storm|p2a: Slowking
|-damage|p2a: Slowking|34/100
|-activate|p2a: Slowking|move: Magma Storm|[of] p1a: Wazy
|
|-weather|Snowscape|[upkeep]
|-damage|p2a: Slowking|21/100|[from] move: Magma Storm|[partiallytrapped]
|upkeep
|turn|17
|
|t:|1776053457
|move|p1a: Wazy|Earth Power|p2a: Slowking
|-supereffective|p2a: Slowking
|-damage|p2a: Slowking|0 fnt
|faint|p2a: Slowking
|
|-weather|none
|upkeep
|
|t:|1776053460
|switch|p2a: Zamazenta|Zamazenta, tera:Fighting|51/100
|-damage|p2a: Zamazenta|44/100|[from] Stealth Rock
|turn|18
|
|t:|1776053462
|move|p2a: Zamazenta|Close Combat|p1a: Wazy
|-supereffective|p1a: Wazy
|-damage|p1a: Wazy|0 fnt
|-unboost|p2a: Zamazenta|def|1
|-unboost|p2a: Zamazenta|spd|1
|-enditem|p1a: Wazy|Air Balloon
|faint|p1a: Wazy
|
|upkeep
|
|t:|1776053466
|switch|p1a: Elie|Venusaur, M|100/100
|-damage|p1a: Elie|84/100|[from] Spikes
|turn|19
|
|t:|1776053474
|move|p2a: Zamazenta|Close Combat|p1a: Elie
|-resisted|p1a: Elie
|-damage|p1a: Elie|0 fnt
|-unboost|p2a: Zamazenta|def|1
|-unboost|p2a: Zamazenta|spd|1
|faint|p1a: Elie
|
|win|Jaycobi1017
|raw|uknowdakine's rating: 1304 &rarr; <strong>1282</strong><br />(-22 for losing)
|raw|Jaycobi1017's rating: 1266 &rarr; <strong>1294</strong><br />(+28 for winning)
|l|☆Jaycobi1017
|player|p2|
|l|☆uknowdakine
|player|p1|
