|html|<div class="broadcast-blue"><strong>[Gen 9] OU is currently suspecting Tera Blast! For information on how to participate check out the <a href="https://www.smogon.com/tools/suspects/view/200">suspect thread</a>.</strong></div>
|j|☆camo123
|j|☆Tim117
|t:|1776182579
|gametype|singles
|player|p1|camo123|2|1122
|player|p2|Tim117|266|1130
|gen|9
|tier|[Gen 9] OU
|rated|
|rule|HP Percentage Mod: HP is shown in percentages
|rule|Endless Battle Clause: Forcing endless battles is banned
|rule|Species Clause: Limit one of each Pokémon
|rule|OHKO Clause: OHKO moves are banned
|rule|Evasion Items Clause: Evasion items are banned
|rule|Evasion Moves Clause: Evasion moves are banned
|rule|Evasion Abilities Clause: Evasion abilities are banned
|rule|Sleep Moves Clause: Sleep-inducing moves are banned
|clearpoke
|poke|p1|Ninetales, F|
|poke|p1|Blaziken, M|
|poke|p1|Walking Wake|
|poke|p1|Whimsicott, F|
|poke|p1|Great Tusk|
|poke|p1|Iron Moth|
|poke|p2|Deoxys-Defense|
|poke|p2|Gholdengo|
|poke|p2|Golem-Alola, M|
|poke|p2|Dragapult, F|
|poke|p2|Regice|
|poke|p2|Golurk|
|teampreview
|inactive|Battle timer is ON: inactive players will automatically lose when time's up. (requested by camo123)
|
|t:|1776182601
|teamsize|p1|6
|teamsize|p2|6
|start
|switch|p1a: mech bug|Iron Moth|100/100
|switch|p2a: Golurk|Golurk|100/100
|-enditem|p1a: mech bug|Booster Energy
|-activate|p1a: mech bug|ability: Quark Drive|[fromitem]
|-start|p1a: mech bug|quarkdrivespe
|turn|1
|
|t:|1776182609
|move|p1a: mech bug|Solar Beam||[still]
|-prepare|p1a: mech bug|Solar Beam
|move|p2a: Golurk|Trick|p1a: mech bug
|-activate|p2a: Golurk|move: Trick|[of] p1a: mech bug
|-item|p1a: mech bug|Flame Orb|[from] move: Trick
|-enditem|p2a: Golurk|Flame Orb|[silent]|[from] move: Trick
|
|upkeep
|turn|2
|
|t:|1776182616
|move|p1a: mech bug|Solar Beam|p2a: Golurk|[from] lockedmove
|-supereffective|p2a: Golurk
|-damage|p2a: Golurk|10/100
|move|p2a: Golurk|Body Slam|p1a: mech bug
|-crit|p1a: mech bug
|-damage|p1a: mech bug|33/100
|
|upkeep
|turn|3
|
|t:|1776182628
|move|p1a: mech bug|Fiery Dance|p2a: Golurk
|-damage|p2a: Golurk|0 fnt
|faint|p2a: Golurk
|
|upkeep
|
|t:|1776182638
|switch|p2a: Dragapult|Dragapult, F|100/100
|turn|4
|
|t:|1776182644
|move|p1a: mech bug|Fiery Dance|p2a: Dragapult
|-resisted|p2a: Dragapult
|-damage|p2a: Dragapult|74/100
|move|p2a: Dragapult|Shadow Ball|p1a: mech bug
|-damage|p1a: mech bug|0 fnt
|faint|p1a: mech bug
|-end|p1a: mech bug|Quark Drive|[silent]
|
|upkeep
|
|t:|1776182655
|switch|p1a: furry|Ninetales, F, shiny|100/100
|-weather|SunnyDay|[from] ability: Drought|[of] p1a: furry
|turn|5
|
|t:|1776182664
|move|p2a: Dragapult|Shadow Ball|p1a: furry
|-damage|p1a: furry|62/100
|move|p1a: furry|Encore|p2a: Dragapult
|-start|p2a: Dragapult|Encore
|
|-weather|SunnyDay|[upkeep]
|upkeep
|turn|6
|
|t:|1776182671
|switch|p1a: elephant|Great Tusk|100/100
|-activate|p1a: elephant|ability: Protosynthesis
|-start|p1a: elephant|protosynthesisspe
|move|p2a: Dragapult|Shadow Ball|p1a: elephant
|-damage|p1a: elephant|53/100
|
|-weather|SunnyDay|[upkeep]
|upkeep
|turn|7
|
|t:|1776182679
|move|p1a: elephant|Ice Spinner|p2a: Dragapult
|-supereffective|p2a: Dragapult
|-damage|p2a: Dragapult|9/100
|move|p2a: Dragapult|Shadow Ball|p1a: elephant
|-damage|p1a: elephant|6/100
|
|-weather|SunnyDay|[upkeep]
|upkeep
|turn|8
|
|t:|1776182686
|move|p1a: elephant|Ice Spinner|p2a: Dragapult
|-supereffective|p2a: Dragapult
|-damage|p2a: Dragapult|0 fnt
|faint|p2a: Dragapult
|
|-weather|SunnyDay|[upkeep]
|upkeep
|
|t:|1776182693
|switch|p2a: Deoxys|Deoxys-Defense|100/100
|-ability|p2a: Deoxys|Pressure
|turn|9
|
|t:|1776182701
|move|p1a: elephant|Stealth Rock|p2a: Deoxys
|-sidestart|p2: Tim117|move: Stealth Rock
|move|p2a: Deoxys|Night Shade|p1a: elephant
|-damage|p1a: elephant|0 fnt
|faint|p1a: elephant
|-end|p1a: elephant|Protosynthesis|[silent]
|
|-weather|SunnyDay|[upkeep]
|upkeep
|
|t:|1776182717
|switch|p1a: waterthing|Walking Wake|100/100
|-activate|p1a: waterthing|ability: Protosynthesis
|-start|p1a: waterthing|protosynthesisspe
|turn|10
|
|t:|1776182723
|move|p1a: waterthing|Knock Off|p2a: Deoxys
|-supereffective|p2a: Deoxys
|-damage|p2a: Deoxys|74/100
|-enditem|p2a: Deoxys|Lum Berry|[from] move: Knock Off|[of] p1a: waterthing
|move|p2a: Deoxys|Cosmic Power|p2a: Deoxys
|-boost|p2a: Deoxys|def|1
|-boost|p2a: Deoxys|spd|1
|
|-weather|SunnyDay|[upkeep]
|upkeep
|turn|11
|
|t:|1776182736
|move|p1a: waterthing|Hydro Steam|p2a: Deoxys
|-damage|p2a: Deoxys|47/100
|move|p2a: Deoxys|Cosmic Power|p2a: Deoxys
|-boost|p2a: Deoxys|def|1
|-boost|p2a: Deoxys|spd|1
|
|-weather|SunnyDay|[upkeep]
|upkeep
|turn|12
|
|t:|1776182743
|move|p1a: waterthing|Hydro Steam|p2a: Deoxys
|-damage|p2a: Deoxys|26/100
|move|p2a: Deoxys|Recover|p2a: Deoxys
|-heal|p2a: Deoxys|76/100
|
|-weather|none
|-end|p1a: waterthing|Protosynthesis
|upkeep
|turn|13
|
|t:|1776182756
|move|p1a: waterthing|Flip Turn|p2a: Deoxys
|-damage|p2a: Deoxys|70/100
|
|t:|1776182760
|-end|p1a: waterthing|Protosynthesis|[silent]
|switch|p1a: chicken|Blaziken, M|100/100|[from] Flip Turn
|move|p2a: Deoxys|Cosmic Power|p2a: Deoxys
|-boost|p2a: Deoxys|def|1
|-boost|p2a: Deoxys|spd|1
|
|upkeep
|turn|14
|
|t:|1776182767
|-terastallize|p1a: chicken|Ghost
|move|p1a: chicken|Swords Dance|p1a: chicken
|-boost|p1a: chicken|atk|2
|move|p2a: Deoxys|Cosmic Power|p2a: Deoxys
|-boost|p2a: Deoxys|def|1
|-boost|p2a: Deoxys|spd|1
|
|-ability|p1a: chicken|Speed Boost|boost
|-boost|p1a: chicken|spe|1
|upkeep
|turn|15
|
|t:|1776182781
|-terastallize|p2a: Deoxys|Electric
|move|p1a: chicken|Swords Dance|p1a: chicken
|-boost|p1a: chicken|atk|2
|move|p2a: Deoxys|Cosmic Power|p2a: Deoxys
|-boost|p2a: Deoxys|def|1
|-boost|p2a: Deoxys|spd|1
|
|-ability|p1a: chicken|Speed Boost|boost
|-boost|p1a: chicken|spe|1
|upkeep
|turn|16
|
|t:|1776182791
|move|p1a: chicken|Flare Blitz|p2a: Deoxys
|-damage|p2a: Deoxys|25/100
|-damage|p1a: chicken|89/100|[from] Recoil
|move|p2a: Deoxys|Cosmic Power|p2a: Deoxys
|-boost|p2a: Deoxys|def|1
|-boost|p2a: Deoxys|spd|1
|
|-heal|p1a: chicken|95/100|[from] item: Leftovers
|-ability|p1a: chicken|Speed Boost|boost
|-boost|p1a: chicken|spe|1
|upkeep
|turn|17
|
|t:|1776182803
|move|p1a: chicken|Close Combat|p2a: Deoxys
|-damage|p2a: Deoxys|0 fnt
|-unboost|p1a: chicken|def|1
|-unboost|p1a: chicken|spd|1
|faint|p2a: Deoxys
|
|-heal|p1a: chicken|100/100|[from] item: Leftovers
|-ability|p1a: chicken|Speed Boost|boost
|-boost|p1a: chicken|spe|1
|upkeep
|
|t:|1776182812
|switch|p2a: Golem|Golem-Alola, M|100/100
|-damage|p2a: Golem|88/100|[from] Stealth Rock
|turn|18
|
|t:|1776182818
|move|p1a: chicken|Close Combat|p2a: Golem
|-supereffective|p2a: Golem
|-damage|p2a: Golem|0 fnt
|-unboost|p1a: chicken|def|1
|-unboost|p1a: chicken|spd|1
|faint|p2a: Golem
|
|-ability|p1a: chicken|Speed Boost|boost
|-boost|p1a: chicken|spe|1
|upkeep
|
|t:|1776182827
|switch|p2a: Regice|Regice|100/100
|turn|19
|
|t:|1776182832
|move|p1a: chicken|Close Combat|p2a: Regice
|-supereffective|p2a: Regice
|-damage|p2a: Regice|0 fnt
|-unboost|p1a: chicken|def|1
|-unboost|p1a: chicken|spd|1
|faint|p2a: Regice
|
|-ability|p1a: chicken|Speed Boost|boost
|-boost|p1a: chicken|spe|1
|upkeep
|
|t:|1776182841
|switch|p2a: Gholdengo|Gholdengo|100/100
|turn|20
|
|t:|1776182853
|move|p1a: chicken|Flare Blitz|p2a: Gholdengo
|-supereffective|p2a: Gholdengo
|-damage|p2a: Gholdengo|0 fnt
|faint|p2a: Gholdengo
|-damage|p1a: chicken|59/100|[from] Recoil
|
|win|camo123
|raw|camo123's rating: 1122 &rarr; <strong>1148</strong><br />(+26 for winning)
|raw|Tim117's rating: 1130 &rarr; <strong>1104</strong><br />(-26 for losing)
