|html|<div class="broadcast-blue"><strong>[Gen 9] OU is currently suspecting Tera Blast! For information on how to participate check out the <a href="https://www.smogon.com/tools/suspects/view/200">suspect thread</a>.</strong></div>
|j|☆PepperLemons
|j|☆dragoonspino
|t:|1776059371
|gametype|singles
|player|p1|PepperLemons|rocketgruntf|1273
|player|p2|dragoonspino|2|1254
|gen|9
|tier|[Gen 9] OU
|rated|
|rule|HP Percentage Mod: HP is shown in percentages
|rule|Endless Battle Clause: Forcing endless battles is banned
|rule|Species Clause: Limit one of each Pokémon
|rule|OHKO Clause: OHKO moves are banned
|rule|Evasion Items Clause: Evasion items are banned
|rule|Evasion Moves Clause: Evasion moves are banned
|rule|Evasion Abilities Clause: Evasion abilities are banned
|rule|Sleep Moves Clause: Sleep-inducing moves are banned
|clearpoke
|poke|p1|Pecharunt|
|poke|p1|Wo-Chien|
|poke|p1|Garchomp, M|
|poke|p1|Moltres|
|poke|p1|Iron Treads|
|poke|p1|Tinkaton, F|
|poke|p2|Wigglytuff, M|
|poke|p2|Garganacl, F|
|poke|p2|Gliscor, M|
|poke|p2|Feraligatr, M|
|poke|p2|Hydreigon, M|
|poke|p2|Sandy Shocks|
|teampreview
|inactive|Battle timer is ON: inactive players will automatically lose when time's up. (requested by dragoonspino)
|
|t:|1776059384
|teamsize|p1|6
|teamsize|p2|6
|start
|switch|p1a: Tinkaton|Tinkaton, F|100/100
|switch|p2a: Garganacl|Garganacl, F|100/100
|-ability|p1a: Tinkaton|Mold Breaker
|-item|p1a: Tinkaton|Air Balloon
|turn|1
|
|t:|1776059404
|move|p1a: Tinkaton|Stealth Rock|p2a: Garganacl
|-sidestart|p2: dragoonspino|move: Stealth Rock
|move|p2a: Garganacl|Stealth Rock|p1a: Tinkaton
|-sidestart|p1: PepperLemons|move: Stealth Rock
|
|upkeep
|turn|2
|
|t:|1776059411
|move|p1a: Tinkaton|Encore|p2a: Garganacl
|-start|p2a: Garganacl|Encore
|move|p2a: Garganacl|Stealth Rock||[still]
|-fail|p2a: Garganacl
|
|upkeep
|turn|3
|
|t:|1776059424
|switch|p2a: Gliscor|Gliscor, M|100/100
|-damage|p2a: Gliscor|88/100|[from] Stealth Rock
|move|p1a: Tinkaton|Gigaton Hammer|p2a: Gliscor
|-damage|p2a: Gliscor|31/100
|
|-status|p2a: Gliscor|tox|[from] item: Toxic Orb
|upkeep
|turn|4
|
|t:|1776059438
|move|p2a: Gliscor|Protect|p2a: Gliscor
|-singleturn|p2a: Gliscor|Protect
|move|p1a: Tinkaton|Ice Hammer|p2a: Gliscor
|-activate|p2a: Gliscor|move: Protect
|
|-heal|p2a: Gliscor|44/100 tox|[from] ability: Poison Heal
|upkeep
|turn|5
|
|t:|1776059461
|switch|p2a: Garganacl|Garganacl, F|100/100
|-damage|p2a: Garganacl|88/100|[from] Stealth Rock
|move|p1a: Tinkaton|Gigaton Hammer|p2a: Garganacl
|-supereffective|p2a: Garganacl
|-damage|p2a: Garganacl|30/100
|
|upkeep
|turn|6
|
|t:|1776059472
|switch|p1a: Iron Treads|Iron Treads|100/100
|-damage|p1a: Iron Treads|98/100|[from] Stealth Rock
|move|p2a: Garganacl|Salt Cure|p1a: Iron Treads
|-resisted|p1a: Iron Treads
|-damage|p1a: Iron Treads|95/100
|-start|p1a: Iron Treads|Salt Cure
|
|-heal|p1a: Iron Treads|100/100|[from] item: Leftovers
|-damage|p1a: Iron Treads|76/100|[from] Salt Cure
|upkeep
|turn|7
|
|t:|1776059489
|move|p1a: Iron Treads|Rapid Spin|p2a: Garganacl
|-resisted|p2a: Garganacl
|-damage|p2a: Garganacl|26/100
|-boost|p1a: Iron Treads|spe|1
|-damage|p1a: Iron Treads|59/100|[from] item: Rocky Helmet|[of] p2a: Garganacl
|-sideend|p1: PepperLemons|Stealth Rock|[from] move: Rapid Spin|[of] p1a: Iron Treads
|move|p2a: Garganacl|Iron Defense|p2a: Garganacl
|-boost|p2a: Garganacl|def|2
|
|-heal|p1a: Iron Treads|65/100|[from] item: Leftovers
|-damage|p1a: Iron Treads|40/100|[from] Salt Cure
|upkeep
|turn|8
|
|t:|1776059502
|move|p1a: Iron Treads|Volt Switch|p2a: Garganacl
|-damage|p2a: Garganacl|16/100
|
|t:|1776059512
|-end|p1a: Iron Treads|Quark Drive|[silent]
|switch|p1a: Pecharunt|Pecharunt|100/100|[from] Volt Switch
|move|p2a: Garganacl|Stealth Rock|p1a: Pecharunt
|-sidestart|p1: PepperLemons|move: Stealth Rock
|
|upkeep
|turn|9
|
|t:|1776059522
|move|p1a: Pecharunt|Malignant Chain|p2a: Garganacl
|-resisted|p2a: Garganacl
|-damage|p2a: Garganacl|2/100
|move|p2a: Garganacl|Salt Cure|p1a: Pecharunt
|-damage|p1a: Pecharunt|94/100
|-start|p1a: Pecharunt|Salt Cure
|
|-damage|p1a: Pecharunt|82/100|[from] Salt Cure
|upkeep
|turn|10
|
|t:|1776059534
|move|p1a: Pecharunt|Shadow Ball|p2a: Garganacl
|-damage|p2a: Garganacl|0 fnt
|faint|p2a: Garganacl
|
|-damage|p1a: Pecharunt|69/100|[from] Salt Cure
|upkeep
|
|t:|1776059549
|switch|p2a: Feraligatr|Feraligatr, M|100/100
|-damage|p2a: Feraligatr|88/100|[from] Stealth Rock
|turn|11
|
|t:|1776059557
|move|p2a: Feraligatr|Dragon Dance|p2a: Feraligatr
|-boost|p2a: Feraligatr|atk|1
|-boost|p2a: Feraligatr|spe|1
|move|p1a: Pecharunt|Recover|p1a: Pecharunt
|-heal|p1a: Pecharunt|100/100
|
|-damage|p1a: Pecharunt|88/100|[from] Salt Cure
|upkeep
|turn|12
|
|t:|1776059572
|move|p2a: Feraligatr|Earthquake|p1a: Pecharunt
|-supereffective|p1a: Pecharunt
|-damage|p1a: Pecharunt|29/100
|-damage|p2a: Feraligatr|78/100|[from] item: Life Orb
|move|p1a: Pecharunt|Parting Shot|p2a: Feraligatr
|-unboost|p2a: Feraligatr|atk|1
|-unboost|p2a: Feraligatr|spa|1
|
|t:|1776059590
|switch|p1a: Wo-Chien|Wo-Chien|100/100|[from] Parting Shot
|-damage|p1a: Wo-Chien|88/100|[from] Stealth Rock
|-ability|p1a: Wo-Chien|Tablets of Ruin
|
|-heal|p1a: Wo-Chien|94/100|[from] item: Leftovers
|upkeep
|turn|13
|
|t:|1776059602
|move|p2a: Feraligatr|Dragon Dance|p2a: Feraligatr
|-boost|p2a: Feraligatr|atk|1
|-boost|p2a: Feraligatr|spe|1
|move|p1a: Wo-Chien|Leech Seed|p2a: Feraligatr
|-start|p2a: Feraligatr|move: Leech Seed
|
|-heal|p1a: Wo-Chien|100/100|[from] item: Leftovers
|-damage|p2a: Feraligatr|66/100|[from] Leech Seed|[of] p1a: Wo-Chien
|upkeep
|turn|14
|
|t:|1776059613
|move|p2a: Feraligatr|Ice Punch|p1a: Wo-Chien
|-supereffective|p1a: Wo-Chien
|-damage|p1a: Wo-Chien|25/100
|move|p1a: Wo-Chien|Knock Off|p2a: Feraligatr
|-damage|p2a: Feraligatr|35/100
|-enditem|p2a: Feraligatr|Life Orb|[from] move: Knock Off|[of] p1a: Wo-Chien
|
|-heal|p1a: Wo-Chien|32/100|[from] item: Leftovers
|-damage|p2a: Feraligatr|22/100|[from] Leech Seed|[of] p1a: Wo-Chien
|-heal|p1a: Wo-Chien|42/100|[silent]
|upkeep
|turn|15
|
|t:|1776059626
|move|p1a: Wo-Chien|Protect|p1a: Wo-Chien
|-singleturn|p1a: Wo-Chien|Protect
|move|p2a: Feraligatr|Ice Punch|p1a: Wo-Chien
|-activate|p1a: Wo-Chien|move: Protect
|
|-heal|p1a: Wo-Chien|48/100|[from] item: Leftovers
|-damage|p2a: Feraligatr|10/100|[from] Leech Seed|[of] p1a: Wo-Chien
|-heal|p1a: Wo-Chien|59/100|[silent]
|upkeep
|turn|16
|
|t:|1776059639
|switch|p1a: Pecharunt|Pecharunt|29/100
|-damage|p1a: Pecharunt|17/100|[from] Stealth Rock
|move|p2a: Feraligatr|Ice Punch|p1a: Pecharunt
|-damage|p1a: Pecharunt|0 fnt
|-damage|p2a: Feraligatr|0 fnt|[from] item: Rocky Helmet|[of] p1a: Pecharunt
|faint|p1a: Pecharunt
|faint|p2a: Feraligatr
|
|upkeep
|
|t:|1776059664
|switch|p2a: Gliscor|Gliscor, M|44/100 tox
|switch|p1a: Tinkaton|Tinkaton, F|100/100
|-damage|p2a: Gliscor|31/100 tox|[from] Stealth Rock
|-damage|p1a: Tinkaton|94/100|[from] Stealth Rock
|-ability|p1a: Tinkaton|Mold Breaker
|-item|p1a: Tinkaton|Air Balloon
|turn|17
|
|t:|1776059675
|move|p2a: Gliscor|Protect|p2a: Gliscor
|-singleturn|p2a: Gliscor|Protect
|move|p1a: Tinkaton|Ice Hammer|p2a: Gliscor
|-activate|p2a: Gliscor|move: Protect
|
|-heal|p2a: Gliscor|44/100 tox|[from] ability: Poison Heal
|upkeep
|turn|18
|
|t:|1776059685
|move|p2a: Gliscor|Ice Fang|p1a: Tinkaton
|-resisted|p1a: Tinkaton
|-damage|p1a: Tinkaton|82/100
|-enditem|p1a: Tinkaton|Air Balloon
|move|p1a: Tinkaton|Gigaton Hammer|p2a: Gliscor
|-damage|p2a: Gliscor|0 fnt
|faint|p2a: Gliscor
|
|upkeep
|
|t:|1776059699
|switch|p2a: Sandy Shocks|Sandy Shocks|100/100
|-damage|p2a: Sandy Shocks|94/100|[from] Stealth Rock
|-enditem|p2a: Sandy Shocks|Booster Energy
|-activate|p2a: Sandy Shocks|ability: Protosynthesis|[fromitem]
|-start|p2a: Sandy Shocks|protosynthesisspa
|turn|19
|
|t:|1776059716
|switch|p1a: Moltres|Moltres|100/100
|move|p2a: Sandy Shocks|Scorching Sands|p1a: Moltres
|-immune|p1a: Moltres
|
|upkeep
|turn|20
|
|t:|1776059735
|switch|p1a: Garchomp|Garchomp, M|100/100
|-damage|p1a: Garchomp|94/100|[from] Stealth Rock
|move|p2a: Sandy Shocks|Thunderbolt|p1a: Garchomp
|-immune|p1a: Garchomp
|
|upkeep
|turn|21
|inactive|PepperLemons has 120 seconds left.
|
|t:|1776059756
|-terastallize|p2a: Sandy Shocks|Flying
|move|p1a: Garchomp|Earthquake|p2a: Sandy Shocks
|-immune|p2a: Sandy Shocks
|move|p2a: Sandy Shocks|Scorching Sands|p1a: Garchomp
|-damage|p1a: Garchomp|46/100
|-status|p1a: Garchomp|brn
|
|-damage|p1a: Garchomp|40/100 brn|[from] brn
|upkeep
|turn|22
|inactive|PepperLemons has 120 seconds left.
|
|t:|1776059773
|move|p1a: Garchomp|Earthquake|p2a: Sandy Shocks
|-immune|p2a: Sandy Shocks
|move|p2a: Sandy Shocks|Tera Blast|p1a: Garchomp|[anim] Tera Blast Flying
|-damage|p1a: Garchomp|0 fnt
|faint|p1a: Garchomp
|
|upkeep
|
|t:|1776059786
|switch|p1a: Moltres|Moltres|100/100
|turn|23
|
|t:|1776059794
|-terastallize|p1a: Moltres|Ground
|move|p2a: Sandy Shocks|Thunderbolt|p1a: Moltres
|-immune|p1a: Moltres
|move|p1a: Moltres|Flamethrower|p2a: Sandy Shocks
|-damage|p2a: Sandy Shocks|37/100
|
|upkeep
|turn|24
|inactive|PepperLemons has 120 seconds left.
|
|t:|1776059808
|move|p2a: Sandy Shocks|Scorching Sands|p1a: Moltres
|-damage|p1a: Moltres|54/100
|-status|p1a: Moltres|brn
|move|p1a: Moltres|Flamethrower|p2a: Sandy Shocks
|-damage|p2a: Sandy Shocks|0 fnt
|faint|p2a: Sandy Shocks
|-end|p2a: Sandy Shocks|Protosynthesis|[silent]
|
|-damage|p1a: Moltres|47/100 brn|[from] brn
|upkeep
|
|t:|1776059832
|switch|p2a: Hydreigon|Hydreigon, M|100/100
|-damage|p2a: Hydreigon|88/100|[from] Stealth Rock
|turn|25
|
|t:|1776059843
|move|p2a: Hydreigon|Earth Power|p1a: Moltres
|-damage|p1a: Moltres|19/100 brn
|move|p1a: Moltres|U-turn|p2a: Hydreigon
|-supereffective|p2a: Hydreigon
|-damage|p2a: Hydreigon|71/100
|inactive|PepperLemons has 120 seconds left.
|
|t:|1776059864
|switch|p1a: Wo-Chien|Wo-Chien|59/100|[from] U-turn
|-damage|p1a: Wo-Chien|46/100|[from] Stealth Rock
|-ability|p1a: Wo-Chien|Tablets of Ruin
|
|-heal|p1a: Wo-Chien|52/100|[from] item: Leftovers
|upkeep
|turn|26
|inactive|PepperLemons has 120 seconds left.
|
|t:|1776059875
|switch|p2a: Wigglytuff|Wigglytuff, M|100/100
|-damage|p2a: Wigglytuff|88/100|[from] Stealth Rock
|move|p1a: Wo-Chien|Leech Seed|p2a: Wigglytuff
|-start|p2a: Wigglytuff|move: Leech Seed
|
|-heal|p1a: Wo-Chien|59/100|[from] item: Leftovers
|-heal|p2a: Wigglytuff|94/100|[from] item: Leftovers
|-damage|p2a: Wigglytuff|82/100|[from] Leech Seed|[of] p1a: Wo-Chien
|-heal|p1a: Wo-Chien|75/100|[silent]
|upkeep
|turn|27
|inactive|PepperLemons has 120 seconds left.
|
|t:|1776059893
|move|p1a: Wo-Chien|Protect|p1a: Wo-Chien
|-singleturn|p1a: Wo-Chien|Protect
|move|p2a: Wigglytuff|Calm Mind|p2a: Wigglytuff
|-boost|p2a: Wigglytuff|spa|1
|-boost|p2a: Wigglytuff|spd|1
|
|-heal|p1a: Wo-Chien|81/100|[from] item: Leftovers
|-heal|p2a: Wigglytuff|88/100|[from] item: Leftovers
|-damage|p2a: Wigglytuff|76/100|[from] Leech Seed|[of] p1a: Wo-Chien
|-heal|p1a: Wo-Chien|97/100|[silent]
|upkeep
|turn|28
|inactive|PepperLemons has 120 seconds left.
|
|t:|1776059906
|move|p1a: Wo-Chien|Knock Off|p2a: Wigglytuff
|-resisted|p2a: Wigglytuff
|-damage|p2a: Wigglytuff|59/100
|-enditem|p2a: Wigglytuff|Leftovers|[from] move: Knock Off|[of] p1a: Wo-Chien
|move|p2a: Wigglytuff|Alluring Voice|p1a: Wo-Chien
|-supereffective|p1a: Wo-Chien
|-damage|p1a: Wo-Chien|37/100
|
|-heal|p1a: Wo-Chien|43/100|[from] item: Leftovers
|-damage|p2a: Wigglytuff|46/100|[from] Leech Seed|[of] p1a: Wo-Chien
|-heal|p1a: Wo-Chien|59/100|[silent]
|upkeep
|turn|29
|inactive|PepperLemons has 120 seconds left.
|
|t:|1776059919
|move|p1a: Wo-Chien|Protect|p1a: Wo-Chien
|-singleturn|p1a: Wo-Chien|Protect
|move|p2a: Wigglytuff|Wish|p2a: Wigglytuff
|
|-heal|p1a: Wo-Chien|65/100|[from] item: Leftovers
|-damage|p2a: Wigglytuff|34/100|[from] Leech Seed|[of] p1a: Wo-Chien
|-heal|p1a: Wo-Chien|81/100|[silent]
|upkeep
|turn|30
|
|t:|1776059928
|move|p1a: Wo-Chien|Ruination|p2a: Wigglytuff
|-damage|p2a: Wigglytuff|17/100
|move|p2a: Wigglytuff|Calm Mind|p2a: Wigglytuff
|-boost|p2a: Wigglytuff|spa|1
|-boost|p2a: Wigglytuff|spd|1
|
|-heal|p2a: Wigglytuff|67/100|[from] move: Wish|[wisher] Wigglytuff
|-heal|p1a: Wo-Chien|87/100|[from] item: Leftovers
|-damage|p2a: Wigglytuff|55/100|[from] Leech Seed|[of] p1a: Wo-Chien
|-heal|p1a: Wo-Chien|100/100|[silent]
|upkeep
|turn|31
|
|t:|1776059942
|move|p1a: Wo-Chien|Ruination|p2a: Wigglytuff
|-damage|p2a: Wigglytuff|28/100
|move|p2a: Wigglytuff|Hyper Voice|p1a: Wo-Chien
|-damage|p1a: Wo-Chien|58/100
|
|-heal|p1a: Wo-Chien|64/100|[from] item: Leftovers
|-damage|p2a: Wigglytuff|15/100|[from] Leech Seed|[of] p1a: Wo-Chien
|-heal|p1a: Wo-Chien|80/100|[silent]
|upkeep
|turn|32
|
|t:|1776059957
|switch|p1a: Iron Treads|Iron Treads|40/100
|-damage|p1a: Iron Treads|38/100|[from] Stealth Rock
|move|p2a: Wigglytuff|Wish|p2a: Wigglytuff
|
|-heal|p1a: Iron Treads|44/100|[from] item: Leftovers
|-damage|p2a: Wigglytuff|3/100|[from] Leech Seed|[of] p1a: Iron Treads
|-heal|p1a: Iron Treads|59/100|[silent]
|upkeep
|turn|33
|
|t:|1776059967
|move|p1a: Iron Treads|Rapid Spin|p2a: Wigglytuff
|-damage|p2a: Wigglytuff|0 fnt
|-boost|p1a: Iron Treads|spe|1
|-sideend|p1: PepperLemons|Stealth Rock|[from] move: Rapid Spin|[of] p1a: Iron Treads
|faint|p2a: Wigglytuff
|
|-heal|p1a: Iron Treads|65/100|[from] item: Leftovers
|upkeep
|
|t:|1776059981
|switch|p2a: Hydreigon|Hydreigon, M|71/100
|-damage|p2a: Hydreigon|59/100|[from] Stealth Rock
|turn|34
|
|t:|1776059997
|move|p1a: Iron Treads|Volt Switch|p2a: Hydreigon
|-resisted|p2a: Hydreigon
|-damage|p2a: Hydreigon|53/100
|
|t:|1776059999
|-end|p1a: Iron Treads|Quark Drive|[silent]
|switch|p1a: Wo-Chien|Wo-Chien|80/100|[from] Volt Switch
|-ability|p1a: Wo-Chien|Tablets of Ruin
|move|p2a: Hydreigon|Earth Power|p1a: Wo-Chien
|-resisted|p1a: Wo-Chien
|-damage|p1a: Wo-Chien|71/100
|
|-heal|p1a: Wo-Chien|77/100|[from] item: Leftovers
|upkeep
|turn|35
|c|☆dragoonspino|Gg
|-message|dragoonspino forfeited.
|
|win|PepperLemons
|raw|PepperLemons's rating: 1273 &rarr; <strong>1297</strong><br />(+24 for winning)
|raw|dragoonspino's rating: 1254 &rarr; <strong>1230</strong><br />(-24 for losing)
|l|☆dragoonspino
|player|p2|
|c|☆PepperLemons|gg
|l|☆PepperLemons
|player|p1|
