|html|<div class="broadcast-blue"><strong>[Gen 9] OU is currently suspecting Tera Blast! For information on how to participate check out the <a href="https://www.smogon.com/tools/suspects/view/200">suspect thread</a>.</strong></div>
|j|☆solum888
|j|☆Y3CB
|t:|1776054020
|gametype|singles
|player|p1|solum888|palmer|1086
|player|p2|Y3CB|blue|1079
|gen|9
|tier|[Gen 9] OU
|rated|
|rule|HP Percentage Mod: HP is shown in percentages
|rule|Endless Battle Clause: Forcing endless battles is banned
|rule|Species Clause: Limit one of each Pokémon
|rule|OHKO Clause: OHKO moves are banned
|rule|Evasion Items Clause: Evasion items are banned
|rule|Evasion Moves Clause: Evasion moves are banned
|rule|Evasion Abilities Clause: Evasion abilities are banned
|rule|Sleep Moves Clause: Sleep-inducing moves are banned
|clearpoke
|poke|p1|Hatterene, F|
|poke|p1|Ting-Lu|
|poke|p1|Dondozo, F|
|poke|p1|Brambleghast, F|
|poke|p1|Meowscarada, M|
|poke|p1|Blaziken, M|
|poke|p2|Kingambit, F|
|poke|p2|Garchomp, M|
|poke|p2|Raichu-Alola, M|
|poke|p2|Maushold-Four|
|poke|p2|Metagross|
|poke|p2|Gliscor, M|
|teampreview
|
|t:|1776054025
|teamsize|p1|6
|teamsize|p2|6
|start
|switch|p1a: Meowscarada|Meowscarada, M, shiny|100/100
|switch|p2a: Maushold|Maushold-Four|100/100
|turn|1
|l|☆solum888
|player|p1|
|j|☆solum888
|player|p1|solum888|palmer|
|
|t:|1776054043
|move|p1a: Meowscarada|U-turn|p2a: Maushold
|-start|p1a: Meowscarada|typechange|Bug|[from] ability: Protean
|-damage|p2a: Maushold|28/100
|
|t:|1776054050
|switch|p1a: Brambleghast|Brambleghast, F|100/100|[from] U-turn
|move|p2a: Maushold|Population Bomb|p1a: Brambleghast
|-immune|p1a: Brambleghast
|
|upkeep
|turn|2
|
|t:|1776054062
|switch|p2a: Raichu|Raichu-Alola, M|100/100
|move|p1a: Brambleghast|Rapid Spin|p2a: Raichu
|-damage|p2a: Raichu|67/100
|-boost|p1a: Brambleghast|spe|1
|
|upkeep
|turn|3
|
|t:|1776054082
|move|p1a: Brambleghast|Poltergeist|p2a: Raichu
|-activate|p2a: Raichu|move: Poltergeist|Zap Plate
|-supereffective|p2a: Raichu
|-damage|p2a: Raichu|0 fnt
|faint|p2a: Raichu
|
|upkeep
|
|t:|1776054089
|switch|p2a: Maushold|Maushold-Four|28/100
|turn|4
|
|t:|1776054093
|move|p1a: Brambleghast|Rapid Spin|p2a: Maushold
|-damage|p2a: Maushold|7/100
|-boost|p1a: Brambleghast|spe|1
|move|p2a: Maushold|Beat Up|p1a: Brambleghast
|-supereffective|p1a: Brambleghast
|-crit|p1a: Brambleghast
|-damage|p1a: Brambleghast|74/100
|-supereffective|p1a: Brambleghast
|-damage|p1a: Brambleghast|46/100
|-supereffective|p1a: Brambleghast
|-damage|p1a: Brambleghast|18/100
|-supereffective|p1a: Brambleghast
|-damage|p1a: Brambleghast|0 fnt
|faint|p1a: Brambleghast
|-hitcount|p1: Brambleghast|4
|
|upkeep
|
|t:|1776054116
|switch|p1a: Meowscarada|Meowscarada, M, shiny|100/100
|turn|5
|
|t:|1776054125
|switch|p2a: Gliscor|Gliscor, M|100/100
|move|p1a: Meowscarada|U-turn|p2a: Gliscor
|-start|p1a: Meowscarada|typechange|Bug|[from] ability: Protean
|-resisted|p2a: Gliscor
|-damage|p2a: Gliscor|79/100
|
|t:|1776054133
|switch|p1a: Hatterene|Hatterene, F, shiny|100/100|[from] U-turn
|
|-status|p2a: Gliscor|tox|[from] item: Toxic Orb
|upkeep
|turn|6
|
|t:|1776054148
|move|p2a: Gliscor|Knock Off|p1a: Hatterene
|-damage|p1a: Hatterene|70/100
|-enditem|p1a: Hatterene|Leftovers|[from] move: Knock Off|[of] p2a: Gliscor
|move|p1a: Hatterene|Trick Room|p1a: Hatterene
|-fieldstart|move: Trick Room|[of] p1a: Hatterene
|
|-heal|p2a: Gliscor|91/100 tox|[from] ability: Poison Heal
|upkeep
|turn|7
|
|t:|1776054161
|move|p1a: Hatterene|Future Sight|p2a: Gliscor
|-start|p1a: Hatterene|move: Future Sight
|move|p2a: Gliscor|Facade|p1a: Hatterene
|-damage|p1a: Hatterene|25/100
|
|-heal|p2a: Gliscor|100/100 tox|[from] ability: Poison Heal
|upkeep
|turn|8
|
|t:|1776054177
|switch|p1a: Dondozo|Dondozo, F, shiny|100/100
|move|p2a: Gliscor|Swords Dance|p2a: Gliscor
|-boost|p2a: Gliscor|atk|2
|
|upkeep
|turn|9
|
|t:|1776054192
|-terastallize|p1a: Dondozo|Fighting
|move|p1a: Dondozo|Body Press|p2a: Gliscor
|-resisted|p2a: Gliscor
|-damage|p2a: Gliscor|80/100 tox
|move|p2a: Gliscor|Earthquake|p1a: Dondozo
|-damage|p1a: Dondozo|81/100
|
|-end|p2a: Gliscor|move: Future Sight
|-damage|p2a: Gliscor|0 fnt
|faint|p2a: Gliscor
|-heal|p1a: Dondozo|87/100|[from] item: Leftovers
|upkeep
|
|t:|1776054206
|switch|p2a: Maushold|Maushold-Four|7/100
|turn|10
|
|t:|1776054212
|move|p1a: Dondozo|Body Press|p2a: Maushold
|-supereffective|p2a: Maushold
|-damage|p2a: Maushold|0 fnt
|faint|p2a: Maushold
|
|-heal|p1a: Dondozo|94/100|[from] item: Leftovers
|-fieldend|move: Trick Room
|upkeep
|
|t:|1776054219
|switch|p2a: Metagross|Metagross|100/100
|turn|11
|
|t:|1776054238
|move|p2a: Metagross|Hone Claws|p2a: Metagross
|-boost|p2a: Metagross|atk|1
|-boost|p2a: Metagross|accuracy|1
|move|p1a: Dondozo|Curse|p1a: Dondozo
|-unboost|p1a: Dondozo|spe|1
|-boost|p1a: Dondozo|atk|1
|-boost|p1a: Dondozo|def|1
|
|-heal|p1a: Dondozo|99/100|[from] item: Leftovers
|upkeep
|turn|12
|
|t:|1776054257
|move|p2a: Metagross|Meteor Mash|p1a: Dondozo|[miss]
|-miss|p2a: Metagross|p1a: Dondozo
|move|p1a: Dondozo|Body Press|p2a: Metagross
|-damage|p2a: Metagross|53/100
|
|-heal|p1a: Dondozo|100/100|[from] item: Leftovers
|upkeep
|turn|13
|
|t:|1776054268
|move|p2a: Metagross|Meteor Mash|p1a: Dondozo
|-damage|p1a: Dondozo|85/100
|move|p1a: Dondozo|Body Press|p2a: Metagross
|-damage|p2a: Metagross|2/100
|
|-heal|p1a: Dondozo|91/100|[from] item: Leftovers
|upkeep
|turn|14
|
|t:|1776054277
|move|p2a: Metagross|Body Press|p1a: Dondozo
|-damage|p1a: Dondozo|85/100
|move|p1a: Dondozo|Body Press|p2a: Metagross
|-damage|p2a: Metagross|0 fnt
|faint|p2a: Metagross
|
|-heal|p1a: Dondozo|91/100|[from] item: Leftovers
|upkeep
|
|t:|1776054281
|switch|p2a: Garchomp|Garchomp, M|100/100
|turn|15
|inactive|Battle timer is ON: inactive players will automatically lose when time's up. (requested by Y3CB)
|
|t:|1776054303
|-terastallize|p2a: Garchomp|Fairy
|move|p2a: Garchomp|Swords Dance|p2a: Garchomp
|-boost|p2a: Garchomp|atk|2
|move|p1a: Dondozo|Body Press|p2a: Garchomp
|-resisted|p2a: Garchomp
|-damage|p2a: Garchomp|69/100
|-damage|p1a: Dondozo|78/100|[from] ability: Rough Skin|[of] p2a: Garchomp
|
|-heal|p1a: Dondozo|84/100|[from] item: Leftovers
|upkeep
|turn|16
|inactive|solum888 has 120 seconds left.
|
|t:|1776054359
|move|p2a: Garchomp|Scale Shot|p1a: Dondozo
|-damage|p1a: Dondozo|81/100
|-damage|p1a: Dondozo|76/100
|-damage|p1a: Dondozo|72/100
|-damage|p1a: Dondozo|69/100
|-damage|p1a: Dondozo|64/100
|-hitcount|p1a: Dondozo|5
|-unboost|p2a: Garchomp|def|1
|-boost|p2a: Garchomp|spe|1
|move|p1a: Dondozo|Curse|p1a: Dondozo
|-unboost|p1a: Dondozo|spe|1
|-boost|p1a: Dondozo|atk|1
|-boost|p1a: Dondozo|def|1
|
|-heal|p1a: Dondozo|70/100|[from] item: Leftovers
|upkeep
|turn|17
|inactive|solum888 has 90 seconds left.
|
|t:|1776054376
|move|p2a: Garchomp|Breaking Swipe|p1a: Dondozo
|-damage|p1a: Dondozo|64/100
|-unboost|p1a: Dondozo|atk|1
|move|p1a: Dondozo|Body Press|p2a: Garchomp
|-resisted|p2a: Garchomp
|-damage|p2a: Garchomp|31/100
|-damage|p1a: Dondozo|51/100|[from] ability: Rough Skin|[of] p2a: Garchomp
|
|-heal|p1a: Dondozo|57/100|[from] item: Leftovers
|upkeep
|turn|18
|inactive|solum888 has 90 seconds left.
|
|t:|1776054390
|move|p2a: Garchomp|Earthquake|p1a: Dondozo
|-damage|p1a: Dondozo|45/100
|move|p1a: Dondozo|Body Press|p2a: Garchomp
|-resisted|p2a: Garchomp
|-damage|p2a: Garchomp|0 fnt
|-damage|p1a: Dondozo|33/100|[from] ability: Rough Skin|[of] p2a: Garchomp
|faint|p2a: Garchomp
|
|-heal|p1a: Dondozo|39/100|[from] item: Leftovers
|upkeep
|
|t:|1776054393
|switch|p2a: Kingambit|Kingambit, F|100/100
|-activate|p2a: Kingambit|ability: Supreme Overlord
|-start|p2a: Kingambit|fallen5|[silent]
|turn|19
|
|t:|1776054405
|move|p2a: Kingambit|Iron Head|p1a: Dondozo
|-damage|p1a: Dondozo|23/100
|move|p1a: Dondozo|Body Press|p2a: Kingambit
|-supereffective|p2a: Kingambit
|-damage|p2a: Kingambit|0 fnt
|faint|p2a: Kingambit
|-end|p2a: Kingambit|fallen5|[silent]
|
|win|solum888
|raw|solum888's rating: 1086 &rarr; <strong>1113</strong><br />(+27 for winning)
|raw|Y3CB's rating: 1079 &rarr; <strong>1058</strong><br />(-21 for losing)
|l|☆Y3CB
|player|p2|
|l|☆solum888
|player|p1|
