|html|<div class="broadcast-blue"><strong>[Gen 9] OU is currently suspecting Tera Blast! For information on how to participate check out the <a href="https://www.smogon.com/tools/suspects/view/200">suspect thread</a>.</strong></div>
|j|☆noob1877 test
|j|☆temporarylight
|t:|1776269223
|gametype|singles
|player|p1|noob1877 test|265|1722
|player|p2|temporarylight|lady|1793
|gen|9
|tier|[Gen 9] OU
|rated|
|rule|HP Percentage Mod: HP is shown in percentages
|rule|Endless Battle Clause: Forcing endless battles is banned
|rule|Species Clause: Limit one of each Pokémon
|rule|OHKO Clause: OHKO moves are banned
|rule|Evasion Items Clause: Evasion items are banned
|rule|Evasion Moves Clause: Evasion moves are banned
|rule|Evasion Abilities Clause: Evasion abilities are banned
|rule|Sleep Moves Clause: Sleep-inducing moves are banned
|clearpoke
|poke|p1|Ting-Lu|
|poke|p1|Dragonite, F|
|poke|p1|Ogerpon, F|
|poke|p1|Tinkaton, F|
|poke|p1|Pecharunt|
|poke|p1|Latios, M|
|poke|p2|Gliscor, F|
|poke|p2|Raging Bolt|
|poke|p2|Darkrai|
|poke|p2|Pecharunt|
|poke|p2|Hatterene, F|
|poke|p2|Zamazenta-*|
|teampreview
|inactive|Battle timer is ON: inactive players will automatically lose when time's up. (requested by temporarylight)
|
|t:|1776269236
|teamsize|p1|6
|teamsize|p2|6
|start
|switch|p1a: Tinkaton|Tinkaton, F|100/100
|switch|p2a: Gliscor|Gliscor, F|100/100
|-ability|p1a: Tinkaton|Mold Breaker
|-item|p1a: Tinkaton|Air Balloon
|turn|1
|
|t:|1776269241
|move|p2a: Gliscor|Protect|p2a: Gliscor
|-singleturn|p2a: Gliscor|Protect
|move|p1a: Tinkaton|Stealth Rock|p2a: Gliscor
|-sidestart|p2: temporarylight|move: Stealth Rock
|
|-status|p2a: Gliscor|tox|[from] item: Toxic Orb
|upkeep
|turn|2
|
|t:|1776269251
|switch|p2a: Pecharunt|Pecharunt|100/100
|-damage|p2a: Pecharunt|88/100|[from] Stealth Rock
|move|p1a: Tinkaton|Encore||[still]
|-fail|p1a: Tinkaton
|
|upkeep
|turn|3
|
|t:|1776269260
|move|p1a: Tinkaton|Thunder Wave|p2a: Pecharunt
|-status|p2a: Pecharunt|par
|move|p2a: Pecharunt|Foul Play|p1a: Tinkaton
|-resisted|p1a: Tinkaton
|-damage|p1a: Tinkaton|91/100
|-enditem|p1a: Tinkaton|Air Balloon
|
|upkeep
|turn|4
|
|t:|1776269264
|move|p1a: Tinkaton|Encore|p2a: Pecharunt
|-start|p2a: Pecharunt|Encore
|move|p2a: Pecharunt|Foul Play|p1a: Tinkaton
|-resisted|p1a: Tinkaton
|-damage|p1a: Tinkaton|81/100
|
|upkeep
|turn|5
|
|t:|1776269268
|switch|p1a: Ting-Lu|Ting-Lu|100/100
|-ability|p1a: Ting-Lu|Vessel of Ruin
|switch|p2a: Gliscor|Gliscor, F|100/100 tox
|-damage|p2a: Gliscor|88/100 tox|[from] Stealth Rock
|
|-heal|p2a: Gliscor|100/100 tox|[from] ability: Poison Heal
|upkeep
|turn|6
|
|t:|1776269278
|move|p2a: Gliscor|Stealth Rock|p1a: Ting-Lu
|-sidestart|p1: noob1877 test|move: Stealth Rock
|move|p1a: Ting-Lu|Ruination|p2a: Gliscor
|-damage|p2a: Gliscor|50/100 tox
|
|-heal|p2a: Gliscor|63/100 tox|[from] ability: Poison Heal
|upkeep
|turn|7
|
|t:|1776269282
|move|p2a: Gliscor|Toxic|p1a: Ting-Lu
|-status|p1a: Ting-Lu|tox
|move|p1a: Ting-Lu|Whirlwind|p2a: Gliscor
|drag|p2a: Hatterene|Hatterene, F|100/100
|-damage|p2a: Hatterene|88/100|[from] Stealth Rock
|
|-damage|p1a: Ting-Lu|94/100 tox|[from] psn
|upkeep
|turn|8
|
|t:|1776269288
|switch|p1a: Tinkaton|Tinkaton, F|81/100
|-damage|p1a: Tinkaton|75/100|[from] Stealth Rock
|-ability|p1a: Tinkaton|Mold Breaker
|move|p2a: Hatterene|Draining Kiss|p1a: Tinkaton
|-resisted|p1a: Tinkaton
|-damage|p1a: Tinkaton|64/100
|-heal|p2a: Hatterene|97/100|[from] drain|[of] p1a: Tinkaton
|
|upkeep
|turn|9
|
|t:|1776269294
|switch|p2a: Gliscor|Gliscor, F|63/100 tox
|-damage|p2a: Gliscor|50/100 tox|[from] Stealth Rock
|move|p1a: Tinkaton|Gigaton Hammer|p2a: Gliscor
|-damage|p2a: Gliscor|17/100 tox
|
|-heal|p2a: Gliscor|30/100 tox|[from] ability: Poison Heal
|upkeep
|turn|10
|
|t:|1776269302
|switch|p1a: Ting-Lu|Ting-Lu|94/100 tox
|-damage|p1a: Ting-Lu|88/100 tox|[from] Stealth Rock
|-ability|p1a: Ting-Lu|Vessel of Ruin
|move|p2a: Gliscor|Toxic|p1a: Ting-Lu
|-fail|p1a: Ting-Lu|tox
|
|-heal|p1a: Ting-Lu|94/100 tox|[from] item: Leftovers
|-heal|p2a: Gliscor|42/100 tox|[from] ability: Poison Heal
|-damage|p1a: Ting-Lu|88/100 tox|[from] psn
|upkeep
|turn|11
|
|t:|1776269305
|move|p2a: Gliscor|Earthquake|p1a: Ting-Lu
|-damage|p1a: Ting-Lu|70/100 tox
|move|p1a: Ting-Lu|Whirlwind|p2a: Gliscor
|drag|p2a: Zamazenta|Zamazenta|100/100
|-damage|p2a: Zamazenta|94/100|[from] Stealth Rock
|-ability|p2a: Zamazenta|Dauntless Shield|boost
|-boost|p2a: Zamazenta|def|1
|
|-heal|p2a: Zamazenta|100/100|[from] item: Leftovers
|-heal|p1a: Ting-Lu|77/100 tox|[from] item: Leftovers
|-damage|p1a: Ting-Lu|64/100 tox|[from] psn
|upkeep
|turn|12
|
|t:|1776269312
|switch|p2a: Gliscor|Gliscor, F|42/100 tox
|-damage|p2a: Gliscor|30/100 tox|[from] Stealth Rock
|switch|p1a: Pecharunt|Pecharunt|100/100
|
|-heal|p2a: Gliscor|42/100 tox|[from] ability: Poison Heal
|upkeep
|turn|13
|
|t:|1776269322
|move|p2a: Gliscor|Protect|p2a: Gliscor
|-singleturn|p2a: Gliscor|Protect
|move|p1a: Pecharunt|Shadow Ball|p2a: Gliscor
|-activate|p2a: Gliscor|move: Protect
|
|-heal|p2a: Gliscor|55/100 tox|[from] ability: Poison Heal
|upkeep
|turn|14
|
|t:|1776269326
|move|p1a: Pecharunt|Shadow Ball|p2a: Gliscor
|-damage|p2a: Gliscor|33/100 tox
|move|p2a: Gliscor|Earthquake|p1a: Pecharunt
|-supereffective|p1a: Pecharunt
|-crit|p1a: Pecharunt
|-damage|p1a: Pecharunt|40/100
|
|-heal|p2a: Gliscor|46/100 tox|[from] ability: Poison Heal
|upkeep
|turn|15
|
|t:|1776269334
|move|p1a: Pecharunt|Recover|p1a: Pecharunt
|-heal|p1a: Pecharunt|90/100
|move|p2a: Gliscor|Earthquake|p1a: Pecharunt
|-supereffective|p1a: Pecharunt
|-damage|p1a: Pecharunt|50/100
|
|-heal|p2a: Gliscor|58/100 tox|[from] ability: Poison Heal
|upkeep
|turn|16
|
|t:|1776269337
|move|p1a: Pecharunt|Recover|p1a: Pecharunt
|-heal|p1a: Pecharunt|100/100
|move|p2a: Gliscor|Earthquake|p1a: Pecharunt
|-supereffective|p1a: Pecharunt
|-damage|p1a: Pecharunt|63/100
|
|-heal|p2a: Gliscor|71/100 tox|[from] ability: Poison Heal
|upkeep
|turn|17
|
|t:|1776269340
|move|p1a: Pecharunt|Parting Shot|p2a: Gliscor
|-unboost|p2a: Gliscor|atk|1
|-unboost|p2a: Gliscor|spa|1
|
|t:|1776269342
|switch|p1a: Ting-Lu|Ting-Lu|64/100 tox|[from] Parting Shot
|-damage|p1a: Ting-Lu|58/100 tox|[from] Stealth Rock
|-ability|p1a: Ting-Lu|Vessel of Ruin
|move|p2a: Gliscor|Earthquake|p1a: Ting-Lu
|-damage|p1a: Ting-Lu|47/100 tox
|
|-heal|p1a: Ting-Lu|53/100 tox|[from] item: Leftovers
|-heal|p2a: Gliscor|83/100 tox|[from] ability: Poison Heal
|-damage|p1a: Ting-Lu|47/100 tox|[from] psn
|upkeep
|turn|18
|
|t:|1776269347
|switch|p2a: Hatterene|Hatterene, F|97/100
|-damage|p2a: Hatterene|85/100|[from] Stealth Rock
|move|p1a: Ting-Lu|Ruination|p2a: Hatterene
|-damage|p2a: Hatterene|43/100
|
|-heal|p1a: Ting-Lu|53/100 tox|[from] item: Leftovers
|-damage|p1a: Ting-Lu|41/100 tox|[from] psn
|upkeep
|turn|19
|
|t:|1776269352
|switch|p1a: Tinkaton|Tinkaton, F|64/100
|-damage|p1a: Tinkaton|58/100|[from] Stealth Rock
|-ability|p1a: Tinkaton|Mold Breaker
|move|p2a: Hatterene|Mystical Fire|p1a: Tinkaton
|-supereffective|p1a: Tinkaton
|-damage|p1a: Tinkaton|10/100
|-unboost|p1a: Tinkaton|spa|1
|
|upkeep
|turn|20
|
|t:|1776269357
|switch|p2a: Pecharunt|Pecharunt|88/100 par
|-damage|p2a: Pecharunt|76/100 par|[from] Stealth Rock
|move|p1a: Tinkaton|Gigaton Hammer|p2a: Pecharunt
|-damage|p2a: Pecharunt|54/100 par
|
|upkeep
|turn|21
|
|t:|1776269360
|move|p1a: Tinkaton|Thunder Wave|p2a: Pecharunt
|-fail|p2a: Pecharunt|par
|move|p2a: Pecharunt|Recover|p2a: Pecharunt
|-heal|p2a: Pecharunt|100/100 par
|
|upkeep
|turn|22
|
|t:|1776269364
|switch|p2a: Gliscor|Gliscor, F|83/100 tox
|-damage|p2a: Gliscor|71/100 tox|[from] Stealth Rock
|move|p1a: Tinkaton|Gigaton Hammer|p2a: Gliscor
|-damage|p2a: Gliscor|36/100 tox
|
|-heal|p2a: Gliscor|49/100 tox|[from] ability: Poison Heal
|upkeep
|turn|23
|
|t:|1776269370
|switch|p1a: Ogerpon|Ogerpon, F|100/100
|move|p2a: Gliscor|Earthquake|p1a: Ogerpon
|-resisted|p1a: Ogerpon
|-damage|p1a: Ogerpon|79/100
|
|-heal|p2a: Gliscor|61/100 tox|[from] ability: Poison Heal
|upkeep
|turn|24
|
|t:|1776269378
|move|p2a: Gliscor|Protect|p2a: Gliscor
|-singleturn|p2a: Gliscor|Protect
|move|p1a: Ogerpon|Encore|p2a: Gliscor
|-activate|p2a: Gliscor|move: Protect
|
|-heal|p2a: Gliscor|74/100 tox|[from] ability: Poison Heal
|upkeep
|turn|25
|
|t:|1776269383
|move|p1a: Ogerpon|Encore|p2a: Gliscor
|-start|p2a: Gliscor|Encore
|move|p2a: Gliscor|Protect||[still]
|-fail|p2a: Gliscor
|
|-heal|p2a: Gliscor|86/100 tox|[from] ability: Poison Heal
|upkeep
|turn|26
|
|t:|1776269387
|switch|p1a: Latios|Latios, M|100/100
|-damage|p1a: Latios|88/100|[from] Stealth Rock
|switch|p2a: Hatterene|Hatterene, F|43/100
|-damage|p2a: Hatterene|31/100|[from] Stealth Rock
|
|upkeep
|turn|27
|
|t:|1776269395
|switch|p1a: Tinkaton|Tinkaton, F|10/100
|-damage|p1a: Tinkaton|3/100|[from] Stealth Rock
|-ability|p1a: Tinkaton|Mold Breaker
|move|p2a: Hatterene|Draining Kiss|p1a: Tinkaton
|-resisted|p1a: Tinkaton
|-damage|p1a: Tinkaton|0 fnt
|-heal|p2a: Hatterene|33/100|[from] drain|[of] p1a: Tinkaton
|faint|p1a: Tinkaton
|
|upkeep
|j| samurajen
|
|t:|1776269397
|switch|p1a: Ogerpon|Ogerpon, F|79/100
|turn|28
|
|t:|1776269400
|switch|p2a: Pecharunt|Pecharunt|100/100 par
|-damage|p2a: Pecharunt|88/100 par|[from] Stealth Rock
|move|p1a: Ogerpon|Knock Off|p2a: Pecharunt
|-supereffective|p2a: Pecharunt
|-damage|p2a: Pecharunt|56/100 par
|-damage|p1a: Ogerpon|63/100|[from] item: Rocky Helmet|[of] p2a: Pecharunt
|-enditem|p2a: Pecharunt|Rocky Helmet|[from] move: Knock Off|[of] p1a: Ogerpon
|
|upkeep
|turn|29
|
|t:|1776269407
|move|p1a: Ogerpon|U-turn|p2a: Pecharunt
|-resisted|p2a: Pecharunt
|-damage|p2a: Pecharunt|53/100 par
|
|t:|1776269409
|switch|p1a: Latios|Latios, M|88/100|[from] U-turn
|-damage|p1a: Latios|76/100|[from] Stealth Rock
|move|p2a: Pecharunt|Recover|p2a: Pecharunt
|-heal|p2a: Pecharunt|100/100 par
|
|upkeep
|turn|30
|
|t:|1776269418
|switch|p2a: Hatterene|Hatterene, F|33/100
|-damage|p2a: Hatterene|21/100|[from] Stealth Rock
|move|p1a: Latios|Luster Purge|p2a: Hatterene
|-resisted|p2a: Hatterene
|-damage|p2a: Hatterene|0 fnt
|faint|p2a: Hatterene
|
|upkeep
|
|t:|1776269420
|switch|p2a: Darkrai|Darkrai|100/100
|-damage|p2a: Darkrai|88/100|[from] Stealth Rock
|turn|31
|
|t:|1776269425
|switch|p1a: Ting-Lu|Ting-Lu|41/100 tox
|-damage|p1a: Ting-Lu|34/100 tox|[from] Stealth Rock
|-ability|p1a: Ting-Lu|Vessel of Ruin
|move|p2a: Darkrai|Dark Pulse|p1a: Ting-Lu
|-resisted|p1a: Ting-Lu
|-damage|p1a: Ting-Lu|25/100 tox
|
|-heal|p1a: Ting-Lu|31/100 tox|[from] item: Leftovers
|-damage|p1a: Ting-Lu|25/100 tox|[from] psn
|upkeep
|turn|32
|
|t:|1776269429
|switch|p2a: Gliscor|Gliscor, F|86/100 tox
|-damage|p2a: Gliscor|74/100 tox|[from] Stealth Rock
|move|p1a: Ting-Lu|Spikes|p2a: Gliscor
|-sidestart|p2: temporarylight|Spikes
|
|-heal|p1a: Ting-Lu|31/100 tox|[from] item: Leftovers
|-heal|p2a: Gliscor|86/100 tox|[from] ability: Poison Heal
|-damage|p1a: Ting-Lu|19/100 tox|[from] psn
|upkeep
|turn|33
|
|t:|1776269434
|switch|p1a: Latios|Latios, M|76/100
|-damage|p1a: Latios|64/100|[from] Stealth Rock
|move|p2a: Gliscor|Earthquake|p1a: Latios
|-immune|p1a: Latios|[from] ability: Levitate
|
|-heal|p2a: Gliscor|99/100 tox|[from] ability: Poison Heal
|upkeep
|turn|34
|j| solum888
|inactive|noob1877 test has 120 seconds left.
|
|t:|1776269468
|-terastallize|p1a: Latios|Dragon
|move|p2a: Gliscor|Protect|p2a: Gliscor
|-singleturn|p2a: Gliscor|Protect
|move|p1a: Latios|Draco Meteor|p2a: Gliscor
|-activate|p2a: Gliscor|move: Protect
|
|-heal|p2a: Gliscor|100/100 tox|[from] ability: Poison Heal
|upkeep
|turn|35
|c|☆temporarylight|gulp
|
|t:|1776269483
|switch|p2a: Raging Bolt|Raging Bolt|100/100
|-damage|p2a: Raging Bolt|88/100|[from] Stealth Rock
|-damage|p2a: Raging Bolt|76/100|[from] Spikes
|-enditem|p2a: Raging Bolt|Booster Energy
|-activate|p2a: Raging Bolt|ability: Protosynthesis|[fromitem]
|-start|p2a: Raging Bolt|protosynthesisspa
|move|p1a: Latios|Draco Meteor|p2a: Raging Bolt
|-supereffective|p2a: Raging Bolt
|-damage|p2a: Raging Bolt|0 fnt
|-unboost|p1a: Latios|spa|2
|faint|p2a: Raging Bolt
|-end|p2a: Raging Bolt|Protosynthesis|[silent]
|
|upkeep
|
|t:|1776269508
|switch|p2a: Darkrai|Darkrai|88/100
|-damage|p2a: Darkrai|76/100|[from] Stealth Rock
|-damage|p2a: Darkrai|63/100|[from] Spikes
|turn|36
|
|t:|1776269514
|switch|p1a: Ting-Lu|Ting-Lu|19/100 tox
|-damage|p1a: Ting-Lu|12/100 tox|[from] Stealth Rock
|-ability|p1a: Ting-Lu|Vessel of Ruin
|move|p2a: Darkrai|Trick|p1a: Ting-Lu
|-activate|p2a: Darkrai|move: Trick|[of] p1a: Ting-Lu
|-item|p1a: Ting-Lu|Choice Scarf|[from] move: Trick
|-item|p2a: Darkrai|Leftovers|[from] move: Trick
|
|-heal|p2a: Darkrai|69/100|[from] item: Leftovers
|-damage|p1a: Ting-Lu|6/100 tox|[from] psn
|upkeep
|turn|37
|j| Alkasjdflakzdsfjg
|l| Alkasjdflakzdsfjg
|
|t:|1776269522
|move|p2a: Darkrai|Nasty Plot|p2a: Darkrai
|-boost|p2a: Darkrai|spa|2
|move|p1a: Ting-Lu|Earthquake|p2a: Darkrai
|-damage|p2a: Darkrai|15/100
|
|-heal|p2a: Darkrai|21/100|[from] item: Leftovers
|-damage|p1a: Ting-Lu|0 fnt|[from] psn
|faint|p1a: Ting-Lu
|upkeep
|
|t:|1776269524
|switch|p1a: Dragonite|Dragonite, F|100/100
|turn|38
|j| racheTim
|
|t:|1776269527
|-terastallize|p2a: Darkrai|Ghost
|move|p1a: Dragonite|Extreme Speed|p2a: Darkrai
|-immune|p2a: Darkrai
|move|p2a: Darkrai|Ice Beam|p1a: Dragonite
|-supereffective|p1a: Dragonite
|-damage|p1a: Dragonite|0 fnt
|faint|p1a: Dragonite
|
|-heal|p2a: Darkrai|28/100|[from] item: Leftovers
|upkeep
|-message|noob1877 test forfeited.
|
|win|temporarylight
|raw|noob1877 test's rating: 1722 &rarr; <strong>1706</strong><br />(-16 for losing)
|raw|temporarylight's rating: 1793 &rarr; <strong>1809</strong><br />(+16 for winning)
|l|☆noob1877 test
|player|p1|
