|html|<div class="broadcast-blue"><strong>[Gen 9] OU is currently suspecting Tera Blast! For information on how to participate check out the <a href="https://www.smogon.com/tools/suspects/view/200">suspect thread</a>.</strong></div>
|j|☆Zakru_7
|j|☆kantola
|t:|1776328958
|gametype|singles
|player|p1|Zakru_7|n|
|player|p2|kantola|wallace|
|gen|9
|tier|[Gen 9] OU
|rule|HP Percentage Mod: HP is shown in percentages
|rule|Endless Battle Clause: Forcing endless battles is banned
|rule|Species Clause: Limit one of each Pokémon
|rule|OHKO Clause: OHKO moves are banned
|rule|Evasion Items Clause: Evasion items are banned
|rule|Evasion Moves Clause: Evasion moves are banned
|rule|Evasion Abilities Clause: Evasion abilities are banned
|rule|Sleep Moves Clause: Sleep-inducing moves are banned
|clearpoke
|poke|p1|Samurott-Hisui, F|
|poke|p1|Garchomp, F|
|poke|p1|Iron Moth|
|poke|p1|Vaporeon, F|
|poke|p1|Ceruledge, F|
|poke|p1|Skarmory, F|
|poke|p2|Kingdra, F|
|poke|p2|Pelipper, M|
|poke|p2|Basculegion, M|
|poke|p2|Zapdos|
|poke|p2|Great Tusk|
|poke|p2|Amoonguss, F|
|teampreview
|inactive|Battle timer is ON: inactive players will automatically lose when time's up. (requested by kantola)
|
|t:|1776328986
|teamsize|p1|6
|teamsize|p2|6
|start
|switch|p1a: Lila|Samurott-Hisui, F|100/100
|switch|p2a: Great Tusk|Great Tusk|100/100
|turn|1
|
|t:|1776328998
|move|p2a: Great Tusk|Stealth Rock|p1a: Lila
|-sidestart|p1: Zakru_7|move: Stealth Rock
|move|p1a: Lila|Ceaseless Edge|p2a: Great Tusk
|-resisted|p2a: Great Tusk
|-damage|p2a: Great Tusk|84/100
|-sidestart|p2: kantola|Spikes
|
|upkeep
|turn|2
|
|t:|1776329007
|move|p2a: Great Tusk|Headlong Rush|p1a: Lila
|-damage|p1a: Lila|38/100
|-unboost|p2a: Great Tusk|def|1
|-unboost|p2a: Great Tusk|spd|1
|move|p1a: Lila|Flip Turn|p2a: Great Tusk
|-supereffective|p2a: Great Tusk
|-damage|p2a: Great Tusk|27/100
|
|t:|1776329025
|switch|p1a: Luna|Ceruledge, F|100/100|[from] Flip Turn
|-damage|p1a: Luna|76/100|[from] Stealth Rock
|
|upkeep
|turn|3
|
|t:|1776329032
|move|p1a: Luna|Shadow Sneak|p2a: Great Tusk
|-damage|p2a: Great Tusk|0 fnt
|faint|p2a: Great Tusk
|-end|p2a: Great Tusk|Protosynthesis|[silent]
|-damage|p1a: Luna|66/100|[from] item: Life Orb
|
|upkeep
|
|t:|1776329038
|switch|p2a: Pelipper|Pelipper, M|100/100
|-weather|RainDance|[from] ability: Drizzle|[of] p2a: Pelipper
|turn|4
|
|t:|1776329069
|move|p1a: Luna|Swords Dance|p1a: Luna
|-boost|p1a: Luna|atk|2
|move|p2a: Pelipper|Hurricane|p1a: Luna
|-damage|p1a: Luna|25/100
|
|-weather|RainDance|[upkeep]
|upkeep
|turn|5
|
|t:|1776329081
|move|p1a: Luna|Shadow Sneak|p2a: Pelipper
|-damage|p2a: Pelipper|55/100
|-damage|p1a: Luna|15/100|[from] item: Life Orb
|move|p2a: Pelipper|Hurricane|p1a: Luna
|-damage|p1a: Luna|0 fnt
|faint|p1a: Luna
|
|-weather|RainDance|[upkeep]
|upkeep
|inactive|Zakru_7 has 270 seconds left.
|
|t:|1776329095
|switch|p1a: Lila|Samurott-Hisui, F|38/100
|-damage|p1a: Lila|26/100|[from] Stealth Rock
|turn|6
|
|t:|1776329111
|move|p1a: Lila|Ceaseless Edge|p2a: Pelipper
|-damage|p2a: Pelipper|25/100
|-sidestart|p2: kantola|Spikes
|move|p2a: Pelipper|U-turn|p1a: Lila
|-supereffective|p1a: Lila
|-damage|p1a: Lila|6/100
|
|t:|1776329124
|switch|p2a: Zapdos|Zapdos|100/100|[from] U-turn
|
|-weather|RainDance|[upkeep]
|upkeep
|turn|7
|
|t:|1776329129
|move|p1a: Lila|Sucker Punch|p2a: Zapdos
|-damage|p2a: Zapdos|61/100
|move|p2a: Zapdos|Hurricane|p1a: Lila
|-damage|p1a: Lila|0 fnt
|faint|p1a: Lila
|
|-weather|RainDance|[upkeep]
|upkeep
|
|t:|1776329150
|switch|p1a: Lillie|Skarmory, F|100/100
|-damage|p1a: Lillie|88/100|[from] Stealth Rock
|turn|8
|
|t:|1776329157
|move|p2a: Zapdos|Thunder|p1a: Lillie
|-supereffective|p1a: Lillie
|-damage|p1a: Lillie|0 fnt
|faint|p1a: Lillie
|
|-weather|RainDance|[upkeep]
|upkeep
|
|t:|1776329167
|switch|p1a: Atlas|Iron Moth|100/100
|-damage|p1a: Atlas|76/100|[from] Stealth Rock
|-enditem|p1a: Atlas|Booster Energy
|-activate|p1a: Atlas|ability: Quark Drive|[fromitem]
|-start|p1a: Atlas|quarkdrivespe
|turn|9
|
|t:|1776329175
|move|p1a: Atlas|Sludge Wave|p2a: Zapdos
|-damage|p2a: Zapdos|24/100
|move|p2a: Zapdos|Weather Ball|p1a: Atlas
|-supereffective|p1a: Atlas
|-damage|p1a: Atlas|0 fnt
|faint|p1a: Atlas
|-end|p1a: Atlas|Quark Drive|[silent]
|
|-weather|RainDance|[upkeep]
|upkeep
|
|t:|1776329179
|switch|p1a: Aria|Garchomp, F|100/100
|-damage|p1a: Aria|94/100|[from] Stealth Rock
|turn|10
|
|t:|1776329190
|move|p1a: Aria|Scale Shot|p2a: Zapdos
|-damage|p2a: Zapdos|8/100
|-damage|p2a: Zapdos|0 fnt
|faint|p2a: Zapdos
|-hitcount|p2: Zapdos|2
|-unboost|p1a: Aria|def|1
|-boost|p1a: Aria|spe|1
|
|-weather|RainDance|[upkeep]
|upkeep
|
|t:|1776329201
|switch|p2a: Basculegion|Basculegion, M|100/100
|-damage|p2a: Basculegion|84/100|[from] Spikes
|turn|11
|
|t:|1776329222
|-terastallize|p2a: Basculegion|Dragon
|move|p2a: Basculegion|Outrage|p1a: Aria
|-supereffective|p1a: Aria
|-damage|p1a: Aria|0 fnt
|-damage|p2a: Basculegion|72/100|[from] ability: Rough Skin|[of] p1a: Aria
|faint|p1a: Aria
|
|-weather|none
|upkeep
|
|t:|1776329227
|switch|p1a: Bertha|Vaporeon, F, shiny|100/100
|-damage|p1a: Bertha|88/100|[from] Stealth Rock
|turn|12
|
|t:|1776329241
|move|p2a: Basculegion|Outrage|p1a: Bertha|[from] lockedmove
|-crit|p1a: Bertha
|-damage|p1a: Bertha|0 fnt
|faint|p1a: Bertha
|-start|p2a: Basculegion|confusion|[fatigue]
|
|win|kantola
