|html|<div class="broadcast-blue"><strong>[Gen 9] OU is currently suspecting Tera Blast! For information on how to participate check out the <a href="https://www.smogon.com/tools/suspects/view/200">suspect thread</a>.</strong></div>
|j|☆Petergriffin124
|j|☆dk10993
|t:|1776092767
|gametype|singles
|player|p1|Petergriffin124|169|1142
|player|p2|dk10993|1|1160
|gen|9
|tier|[Gen 9] OU
|rated|
|rule|HP Percentage Mod: HP is shown in percentages
|rule|Endless Battle Clause: Forcing endless battles is banned
|rule|Species Clause: Limit one of each Pokémon
|rule|OHKO Clause: OHKO moves are banned
|rule|Evasion Items Clause: Evasion items are banned
|rule|Evasion Moves Clause: Evasion moves are banned
|rule|Evasion Abilities Clause: Evasion abilities are banned
|rule|Sleep Moves Clause: Sleep-inducing moves are banned
|clearpoke
|poke|p1|Gliscor, M|
|poke|p1|Heatran, M|
|poke|p1|Samurott-Hisui, F|
|poke|p1|Hydrapple, F|
|poke|p1|Iron Valiant|
|poke|p1|Corviknight, M|
|poke|p2|Gastrodon, M|
|poke|p2|Haxorus, M|
|poke|p2|Scizor, M|
|poke|p2|Slowking-Galar, M|
|poke|p2|Corviknight, M|
|poke|p2|Arcanine, M|
|teampreview
|
|t:|1776092800
|teamsize|p1|6
|teamsize|p2|6
|start
|switch|p1a: Samurott|Samurott-Hisui, F|100/100
|switch|p2a: Gastrodon|Gastrodon, M|100/100
|turn|1
|inactive|Battle timer is ON: inactive players will automatically lose when time's up. (requested by Petergriffin124)
|
|t:|1776092807
|move|p1a: Samurott|Ceaseless Edge|p2a: Gastrodon
|-damage|p2a: Gastrodon|49/100
|-sidestart|p2: dk10993|Spikes
|move|p2a: Gastrodon|Stealth Rock|p1a: Samurott
|-sidestart|p1: Petergriffin124|move: Stealth Rock
|
|-heal|p2a: Gastrodon|55/100|[from] item: Leftovers
|upkeep
|turn|2
|
|t:|1776092831
|switch|p2a: Corviknight|Corviknight, M|100/100
|-ability|p2a: Corviknight|Pressure
|move|p1a: Samurott|Ceaseless Edge|p2a: Corviknight
|-damage|p2a: Corviknight|73/100
|-sidestart|p2: dk10993|Spikes
|
|-heal|p2a: Corviknight|79/100|[from] item: Leftovers
|upkeep
|turn|3
|
|t:|1776092844
|switch|p1a: Heatran|Heatran, M|100/100
|-damage|p1a: Heatran|88/100|[from] Stealth Rock
|-item|p1a: Heatran|Air Balloon
|move|p2a: Corviknight|Bulk Up|p2a: Corviknight
|-boost|p2a: Corviknight|atk|1
|-boost|p2a: Corviknight|def|1
|
|-heal|p2a: Corviknight|85/100|[from] item: Leftovers
|upkeep
|turn|4
|
|t:|1776092858
|switch|p2a: Arcanine|Arcanine, M|100/100
|-damage|p2a: Arcanine|84/100|[from] Spikes
|move|p1a: Heatran|Will-O-Wisp|p2a: Arcanine
|-start|p2a: Arcanine|ability: Flash Fire
|
|upkeep
|turn|5
|
|t:|1776092866
|move|p2a: Arcanine|Flare Blitz|p1a: Heatran
|-start|p1a: Heatran|ability: Flash Fire
|move|p1a: Heatran|Earth Power|p2a: Arcanine
|-supereffective|p2a: Arcanine
|-damage|p2a: Arcanine|32/100
|
|upkeep
|turn|6
|
|t:|1776092875
|move|p2a: Arcanine|Extreme Speed|p1a: Heatran
|-resisted|p1a: Heatran
|-damage|p1a: Heatran|79/100
|-enditem|p1a: Heatran|Air Balloon
|move|p1a: Heatran|Earth Power|p2a: Arcanine
|-supereffective|p2a: Arcanine
|-damage|p2a: Arcanine|0 fnt
|faint|p2a: Arcanine
|
|upkeep
|
|t:|1776092887
|switch|p2a: Gastrodon|Gastrodon, M|55/100
|-damage|p2a: Gastrodon|38/100|[from] Spikes
|turn|7
|
|t:|1776092904
|-end|p1a: Heatran|ability: Flash Fire|[silent]
|switch|p1a: Gliscor|Gliscor, M|100/100
|-damage|p1a: Gliscor|88/100|[from] Stealth Rock
|move|p2a: Gastrodon|Ice Beam|p1a: Gliscor
|-supereffective|p1a: Gliscor
|-damage|p1a: Gliscor|0 fnt
|faint|p1a: Gliscor
|
|-heal|p2a: Gastrodon|44/100|[from] item: Leftovers
|upkeep
|
|t:|1776092916
|switch|p1a: Hydrapple|Hydrapple, F|100/100
|-damage|p1a: Hydrapple|88/100|[from] Stealth Rock
|turn|8
|
|t:|1776092927
|-terastallize|p2a: Gastrodon|Grass
|move|p1a: Hydrapple|Leaf Storm|p2a: Gastrodon|[miss]
|-miss|p1a: Hydrapple|p2a: Gastrodon
|move|p2a: Gastrodon|Ice Beam|p1a: Hydrapple
|-supereffective|p1a: Hydrapple
|-damage|p1a: Hydrapple|10/100
|
|-heal|p1a: Hydrapple|16/100|[from] item: Leftovers
|-heal|p2a: Gastrodon|50/100|[from] item: Leftovers
|upkeep
|turn|9
|
|t:|1776092939
|move|p1a: Hydrapple|Fickle Beam|p2a: Gastrodon
|-damage|p2a: Gastrodon|31/100
|move|p2a: Gastrodon|Ice Beam|p1a: Hydrapple
|-supereffective|p1a: Hydrapple
|-damage|p1a: Hydrapple|0 fnt
|faint|p1a: Hydrapple
|
|-heal|p2a: Gastrodon|37/100|[from] item: Leftovers
|upkeep
|-message|Petergriffin124 forfeited.
|
|win|dk10993
|raw|Petergriffin124's rating: 1142 &rarr; <strong>1118</strong><br />(-24 for losing)
|raw|dk10993's rating: 1160 &rarr; <strong>1184</strong><br />(+24 for winning)
|l|☆Petergriffin124
|player|p1|
|l|☆dk10993
|player|p2|
