|html|<div class="broadcast-blue"><strong>[Gen 9] OU is currently suspecting Tera Blast! For information on how to participate check out the <a href="https://www.smogon.com/tools/suspects/view/200">suspect thread</a>.</strong></div>
|j|☆zinc67
|j|☆greedman456
|t:|1776103088
|gametype|singles
|player|p1|zinc67|winona|1474
|player|p2|greedman456|brock|1497
|gen|9
|tier|[Gen 9] OU
|rated|
|rule|HP Percentage Mod: HP is shown in percentages
|rule|Endless Battle Clause: Forcing endless battles is banned
|rule|Species Clause: Limit one of each Pokémon
|rule|OHKO Clause: OHKO moves are banned
|rule|Evasion Items Clause: Evasion items are banned
|rule|Evasion Moves Clause: Evasion moves are banned
|rule|Evasion Abilities Clause: Evasion abilities are banned
|rule|Sleep Moves Clause: Sleep-inducing moves are banned
|clearpoke
|poke|p1|Iron Moth|
|poke|p1|Gliscor, F|
|poke|p1|Hatterene, F|
|poke|p1|Ogerpon-Wellspring, F|
|poke|p1|Raging Bolt|
|poke|p1|Zamazenta-*|
|poke|p2|Pelipper, F|
|poke|p2|Slowking-Galar, F|
|poke|p2|Ogerpon-Wellspring, F|
|poke|p2|Iron Treads|
|poke|p2|Alomomola, M|
|poke|p2|Basculegion-F, F|
|teampreview
|inactive|Battle timer is ON: inactive players will automatically lose when time's up. (requested by zinc67)
|
|t:|1776103110
|teamsize|p1|6
|teamsize|p2|6
|start
|switch|p1a: Hatterene|Hatterene, F|100/100
|switch|p2a: Ogerpon|Ogerpon-Wellspring, F|100/100
|turn|1
|
|t:|1776103120
|switch|p2a: Iron Treads|Iron Treads|100/100
|move|p1a: Hatterene|Draining Kiss|p2a: Iron Treads
|-resisted|p2a: Iron Treads
|-damage|p2a: Iron Treads|91/100
|
|upkeep
|turn|2
|
|t:|1776103131
|move|p2a: Iron Treads|Ice Spinner|p1a: Hatterene
|-damage|p1a: Hatterene|81/100
|move|p1a: Hatterene|Mystical Fire|p2a: Iron Treads
|-supereffective|p2a: Iron Treads
|-crit|p2a: Iron Treads
|-damage|p2a: Iron Treads|43/100
|-unboost|p2a: Iron Treads|spa|1
|
|-heal|p1a: Hatterene|87/100|[from] item: Leftovers
|upkeep
|turn|3
|inactive|zinc67 has 120 seconds left.
|
|t:|1776103182
|-end|p2a: Iron Treads|Quark Drive|[silent]
|switch|p2a: Pelipper|Pelipper, F|100/100
|-weather|RainDance|[from] ability: Drizzle|[of] p2a: Pelipper
|switch|p1a: Zamazenta|Zamazenta|100/100
|-ability|p1a: Zamazenta|Dauntless Shield|boost
|-boost|p1a: Zamazenta|def|1
|
|-weather|RainDance|[upkeep]
|upkeep
|turn|4
|
|t:|1776103194
|move|p1a: Zamazenta|Light Screen|p1a: Zamazenta
|-sidestart|p1: zinc67|move: Light Screen
|move|p2a: Pelipper|Hurricane|p1a: Zamazenta
|-supereffective|p1a: Zamazenta
|-damage|p1a: Zamazenta|72/100
|
|-weather|RainDance|[upkeep]
|upkeep
|turn|5
|inactive|zinc67 has 90 seconds left.
|
|t:|1776103242
|move|p1a: Zamazenta|Reflect|p1a: Zamazenta
|-sidestart|p1: zinc67|Reflect
|move|p2a: Pelipper|U-turn|p1a: Zamazenta
|-resisted|p1a: Zamazenta
|-damage|p1a: Zamazenta|71/100
|
|t:|1776103248
|switch|p2a: Ogerpon|Ogerpon-Wellspring, F|100/100|[from] U-turn
|
|-weather|RainDance|[upkeep]
|upkeep
|turn|6
|
|t:|1776103254
|move|p1a: Zamazenta|Close Combat|p2a: Ogerpon
|-damage|p2a: Ogerpon|35/100
|-unboost|p1a: Zamazenta|def|1
|-unboost|p1a: Zamazenta|spd|1
|move|p2a: Ogerpon|Swords Dance|p2a: Ogerpon
|-boost|p2a: Ogerpon|atk|2
|
|-weather|RainDance|[upkeep]
|upkeep
|turn|7
|
|t:|1776103265
|switch|p2a: Basculegion|Basculegion-F, F|100/100
|move|p1a: Zamazenta|Close Combat|p2a: Basculegion
|-immune|p2a: Basculegion
|
|-weather|RainDance|[upkeep]
|upkeep
|turn|8
|
|t:|1776103277
|switch|p1a: Ogerpon|Ogerpon-Wellspring, F|100/100
|move|p2a: Basculegion|Flip Turn|p1a: Ogerpon
|-immune|p1a: Ogerpon|[from] ability: Water Absorb
|
|-weather|RainDance|[upkeep]
|upkeep
|turn|9
|inactive|zinc67 has 90 seconds left.
|
|t:|1776103287
|switch|p2a: Ogerpon|Ogerpon-Wellspring, F|35/100
|move|p1a: Ogerpon|Trailblaze|p2a: Ogerpon
|-damage|p2a: Ogerpon|0 fnt
|-boost|p1a: Ogerpon|spe|1
|faint|p2a: Ogerpon
|
|-weather|RainDance|[upkeep]
|upkeep
|
|t:|1776103296
|switch|p2a: Basculegion|Basculegion-F, F|100/100
|turn|10
|
|t:|1776103302
|move|p2a: Basculegion|Ice Beam|p1a: Ogerpon
|-damage|p1a: Ogerpon|77/100
|move|p1a: Ogerpon|Trailblaze|p2a: Basculegion
|-supereffective|p2a: Basculegion
|-damage|p2a: Basculegion|13/100
|-boost|p1a: Ogerpon|spe|1
|
|-weather|none
|upkeep
|turn|11
|
|t:|1776103312
|switch|p2a: Alomomola|Alomomola, M|100/100
|move|p1a: Ogerpon|Trailblaze|p2a: Alomomola
|-supereffective|p2a: Alomomola
|-damage|p2a: Alomomola|57/100
|-boost|p1a: Ogerpon|spe|1
|-enditem|p2a: Alomomola|Eject Button
|
|t:|1776103321
|switch|p2a: Pelipper|Pelipper, F|100/100
|-weather|RainDance|[from] ability: Drizzle|[of] p2a: Pelipper
|
|-weather|RainDance|[upkeep]
|-sideend|p1: zinc67|move: Light Screen
|upkeep
|turn|12
|
|t:|1776103349
|switch|p1a: Iron Moth|Iron Moth|100/100
|-enditem|p1a: Iron Moth|Booster Energy
|-activate|p1a: Iron Moth|ability: Quark Drive|[fromitem]
|-start|p1a: Iron Moth|quarkdrivespe
|move|p2a: Pelipper|Hurricane|p1a: Iron Moth
|-damage|p1a: Iron Moth|63/100
|-start|p1a: Iron Moth|confusion
|
|-weather|RainDance|[upkeep]
|-sideend|p1: zinc67|Reflect
|upkeep
|turn|13
|
|t:|1776103358
|-activate|p1a: Iron Moth|confusion
|-damage|p1a: Iron Moth|55/100|[from] confusion
|move|p2a: Pelipper|Weather Ball|p1a: Iron Moth
|-supereffective|p1a: Iron Moth
|-damage|p1a: Iron Moth|0 fnt
|faint|p1a: Iron Moth
|-end|p1a: Iron Moth|Quark Drive|[silent]
|
|-weather|RainDance|[upkeep]
|upkeep
|inactive|zinc67 has 90 seconds left.
|
|t:|1776103382
|switch|p1a: Hatterene|Hatterene, F|87/100
|turn|14
|inactive|zinc67 has 90 seconds left.
|
|t:|1776103390
|switch|p1a: Gliscor|Gliscor, F|100/100
|move|p2a: Pelipper|U-turn|p1a: Gliscor
|-resisted|p1a: Gliscor
|-damage|p1a: Gliscor|97/100
|
|t:|1776103397
|switch|p2a: Alomomola|Alomomola, M|91/100|[from] U-turn
|
|-weather|RainDance|[upkeep]
|-status|p1a: Gliscor|tox|[from] item: Toxic Orb
|upkeep
|turn|15
|
|t:|1776103405
|switch|p1a: Ogerpon|Ogerpon-Wellspring, F|77/100
|move|p2a: Alomomola|Wish|p2a: Alomomola
|
|-weather|RainDance|[upkeep]
|upkeep
|turn|16
|
|t:|1776103421
|switch|p2a: Pelipper|Pelipper, F|100/100
|move|p1a: Ogerpon|Swords Dance|p1a: Ogerpon
|-boost|p1a: Ogerpon|atk|2
|
|-weather|RainDance|[upkeep]
|upkeep
|turn|17
|
|t:|1776103437
|-terastallize|p1a: Ogerpon|Water
|detailschange|p1a: Ogerpon|Ogerpon-Wellspring-Tera, F, tera:Water
|-ability|p1a: Ogerpon|Embody Aspect (Wellspring)|boost
|-boost|p1a: Ogerpon|spd|1
|move|p1a: Ogerpon|Trailblaze|p2a: Pelipper
|-damage|p2a: Pelipper|47/100
|-boost|p1a: Ogerpon|spe|1
|move|p2a: Pelipper|Hurricane|p1a: Ogerpon
|-damage|p1a: Ogerpon|46/100
|
|-weather|RainDance|[upkeep]
|upkeep
|turn|18
|
|t:|1776103467
|move|p1a: Ogerpon|Ivy Cudgel|p2a: Pelipper|[anim] Ivy Cudgel Water
|-resisted|p2a: Pelipper
|-crit|p2a: Pelipper
|-damage|p2a: Pelipper|0 fnt
|faint|p2a: Pelipper
|
|-weather|none
|upkeep
|
|t:|1776103472
|switch|p2a: Iron Treads|Iron Treads|43/100
|turn|19
|
|t:|1776103476
|move|p1a: Ogerpon|Ivy Cudgel|p2a: Iron Treads|[anim] Ivy Cudgel Water
|-supereffective|p2a: Iron Treads
|-damage|p2a: Iron Treads|0 fnt
|faint|p2a: Iron Treads
|-end|p2a: Iron Treads|Quark Drive|[silent]
|
|upkeep
|-message|greedman456 forfeited.
|
|win|zinc67
|raw|zinc67's rating: 1474 &rarr; <strong>1495</strong><br />(+21 for winning)
|raw|greedman456's rating: 1497 &rarr; <strong>1476</strong><br />(-21 for losing)
|l|☆greedman456
|player|p2|
|l|☆zinc67
|player|p1|
