|html|<div class="broadcast-blue"><strong>[Gen 9] OU is currently suspecting Tera Blast! For information on how to participate check out the <a href="https://www.smogon.com/tools/suspects/view/200">suspect thread</a>.</strong></div>
|j|☆Dryvence
|j|☆shuppetlover
|t:|1776207467
|gametype|singles
|player|p1|Dryvence|scientist-gen4|1000
|player|p2|shuppetlover|cilan|1036
|gen|9
|tier|[Gen 9] OU
|rated|
|rule|HP Percentage Mod: HP is shown in percentages
|rule|Endless Battle Clause: Forcing endless battles is banned
|rule|Species Clause: Limit one of each Pokémon
|rule|OHKO Clause: OHKO moves are banned
|rule|Evasion Items Clause: Evasion items are banned
|rule|Evasion Moves Clause: Evasion moves are banned
|rule|Evasion Abilities Clause: Evasion abilities are banned
|rule|Sleep Moves Clause: Sleep-inducing moves are banned
|clearpoke
|poke|p1|Emboar, M|
|poke|p1|Garchomp, M|
|poke|p1|Corviknight, M|
|poke|p1|Great Tusk|
|poke|p1|Meloetta|
|poke|p1|Primarina, F|
|poke|p2|Cinderace, M|
|poke|p2|Spidops, M|
|poke|p2|Articuno-Galar|
|poke|p2|Falinks|
|poke|p2|Avalugg-Hisui, M|
|poke|p2|Hitmonlee, M|
|teampreview
|
|t:|1776207486
|teamsize|p1|6
|teamsize|p2|6
|start
|switch|p1a: Great Tusk|Great Tusk|100/100
|switch|p2a: Articuno|Articuno-Galar|100/100
|-enditem|p1a: Great Tusk|Booster Energy
|-activate|p1a: Great Tusk|ability: Protosynthesis|[fromitem]
|-start|p1a: Great Tusk|protosynthesisatk
|turn|1
|
|t:|1776207500
|move|p1a: Great Tusk|Stealth Rock|p2a: Articuno
|-sidestart|p2: shuppetlover|move: Stealth Rock
|move|p2a: Articuno|Trick Room|p2a: Articuno
|-fieldstart|move: Trick Room|[of] p2a: Articuno
|
|upkeep
|turn|2
|
|t:|1776207523
|-end|p1a: Great Tusk|Protosynthesis|[silent]
|switch|p1a: Corviknight|Corviknight, M|100/100
|move|p2a: Articuno|Freezing Glare|p1a: Corviknight
|-resisted|p1a: Corviknight
|-damage|p1a: Corviknight|77/100
|
|upkeep
|turn|3
|
|t:|1776207553
|switch|p2a: Spidops|Spidops, M|100/100
|-damage|p2a: Spidops|76/100|[from] Stealth Rock
|move|p1a: Corviknight|Roost|p1a: Corviknight
|-heal|p1a: Corviknight|100/100
|-singleturn|p1a: Corviknight|move: Roost
|
|upkeep
|turn|4
|
|t:|1776207562
|move|p2a: Spidops|Sticky Web|p1a: Corviknight
|-sidestart|p1: Dryvence|move: Sticky Web
|move|p1a: Corviknight|Bulk Up|p1a: Corviknight
|-boost|p1a: Corviknight|atk|1
|-boost|p1a: Corviknight|def|1
|
|upkeep
|turn|5
|
|t:|1776207572
|move|p2a: Spidops|Memento|p1a: Corviknight
|-ability|p1a: Corviknight|Mirror Armor
|-unboost|p2a: Spidops|atk|2
|-ability|p1a: Corviknight|Mirror Armor
|-unboost|p2a: Spidops|spa|2
|faint|p2a: Spidops
|move|p1a: Corviknight|Bulk Up|p1a: Corviknight
|-boost|p1a: Corviknight|atk|1
|-boost|p1a: Corviknight|def|1
|
|-fieldend|move: Trick Room
|upkeep
|
|t:|1776207576
|switch|p2a: Cinderace|Cinderace, M|100/100
|turn|6
|
|t:|1776207606
|-terastallize|p1a: Corviknight|Flying
|move|p2a: Cinderace|Court Change|p2a: Cinderace
|-swapsideconditions
|-activate|p2a: Cinderace|move: Court Change
|move|p1a: Corviknight|Brave Bird|p2a: Cinderace
|-damage|p2a: Cinderace|0 fnt
|faint|p2a: Cinderace
|-damage|p1a: Corviknight|75/100|[from] Recoil
|
|upkeep
|
|t:|1776207622
|switch|p2a: Articuno|Articuno-Galar|100/100
|-activate|p2a: Articuno|move: Sticky Web
|-unboost|p2a: Articuno|spe|1
|-ability|p2a: Articuno|Competitive|boost
|-boost|p2a: Articuno|spa|2
|turn|7
|
|t:|1776207631
|move|p1a: Corviknight|Brave Bird|p2a: Articuno
|-damage|p2a: Articuno|0 fnt
|faint|p2a: Articuno
|-damage|p1a: Corviknight|45/100|[from] Recoil
|
|upkeep
|
|t:|1776207639
|switch|p2a: Avalugg|Avalugg-Hisui, M|100/100
|-activate|p2a: Avalugg|move: Sticky Web
|-unboost|p2a: Avalugg|spe|1
|turn|8
|
|t:|1776207657
|switch|p1a: Primarina|Primarina, F|100/100
|-damage|p1a: Primarina|88/100|[from] Stealth Rock
|move|p2a: Avalugg|Ice Fang|p1a: Primarina
|-resisted|p1a: Primarina
|-damage|p1a: Primarina|61/100
|
|-heal|p1a: Primarina|67/100|[from] item: Leftovers
|upkeep
|turn|9
|
|t:|1776207678
|move|p1a: Primarina|Moonblast|p2a: Avalugg
|-damage|p2a: Avalugg|64/100
|move|p2a: Avalugg|Rock Blast|p1a: Primarina
|-damage|p1a: Primarina|52/100
|-damage|p1a: Primarina|36/100
|-hitcount|p1a: Primarina|2
|
|-heal|p1a: Primarina|42/100|[from] item: Leftovers
|upkeep
|turn|10
|
|t:|1776207688
|move|p1a: Primarina|Hydro Pump|p2a: Avalugg
|-supereffective|p2a: Avalugg
|-damage|p2a: Avalugg|0 fnt
|faint|p2a: Avalugg
|
|-heal|p1a: Primarina|48/100|[from] item: Leftovers
|upkeep
|
|t:|1776207699
|switch|p2a: Falinks|Falinks|100/100
|-activate|p2a: Falinks|move: Sticky Web
|-unboost|p2a: Falinks|spe|1
|-ability|p2a: Falinks|Defiant|boost
|-boost|p2a: Falinks|atk|2
|-enditem|p2a: Falinks|White Herb
|-clearnegativeboost|p2a: Falinks|[silent]
|turn|11
|
|t:|1776207713
|-terastallize|p2a: Falinks|Grass
|move|p2a: Falinks|No Retreat|p2a: Falinks
|-boost|p2a: Falinks|atk|1
|-boost|p2a: Falinks|def|1
|-boost|p2a: Falinks|spa|1
|-boost|p2a: Falinks|spd|1
|-boost|p2a: Falinks|spe|1
|-start|p2a: Falinks|move: No Retreat
|move|p1a: Primarina|Moonblast|p2a: Falinks
|-damage|p2a: Falinks|52/100
|-unboost|p2a: Falinks|spa|1
|-ability|p2a: Falinks|Defiant|boost
|-boost|p2a: Falinks|atk|2
|
|-heal|p1a: Primarina|54/100|[from] item: Leftovers
|upkeep
|turn|12
|
|t:|1776207734
|move|p2a: Falinks|Tera Blast|p1a: Primarina|[anim] Tera Blast Grass
|-supereffective|p1a: Primarina
|-damage|p1a: Primarina|0 fnt
|faint|p1a: Primarina
|
|upkeep
|
|t:|1776207742
|switch|p1a: Garchomp|Garchomp, M|100/100
|-damage|p1a: Garchomp|94/100|[from] Stealth Rock
|turn|13
|
|t:|1776207755
|move|p2a: Falinks|Close Combat|p1a: Garchomp
|-damage|p1a: Garchomp|0 fnt
|-unboost|p2a: Falinks|def|1
|-unboost|p2a: Falinks|spd|1
|-damage|p2a: Falinks|40/100|[from] ability: Rough Skin|[of] p1a: Garchomp
|-damage|p2a: Falinks|23/100|[from] item: Rocky Helmet|[of] p1a: Garchomp
|faint|p1a: Garchomp
|
|upkeep
|
|t:|1776207771
|switch|p1a: Corviknight|Corviknight, M, tera:Flying|45/100
|-damage|p1a: Corviknight|20/100|[from] Stealth Rock
|turn|14
|
|t:|1776207793
|switch|p1a: Meloetta|Meloetta|100/100
|-damage|p1a: Meloetta|88/100|[from] Stealth Rock
|move|p2a: Falinks|Tera Blast|p1a: Meloetta|[anim] Tera Blast Grass
|-damage|p1a: Meloetta|0 fnt
|faint|p1a: Meloetta
|
|upkeep
|
|t:|1776207803
|switch|p1a: Emboar|Emboar, M|100/100
|-damage|p1a: Emboar|88/100|[from] Stealth Rock
|turn|15
|c|☆shuppetlover|ggs
|
|t:|1776207812
|move|p2a: Falinks|Close Combat|p1a: Emboar
|-damage|p1a: Emboar|0 fnt
|-unboost|p2a: Falinks|def|1
|-unboost|p2a: Falinks|spd|1
|faint|p1a: Emboar
|
|upkeep
|
|t:|1776207820
|switch|p1a: Great Tusk|Great Tusk|100/100
|-damage|p1a: Great Tusk|98/100|[from] Stealth Rock
|turn|16
|
|t:|1776207826
|move|p2a: Falinks|Tera Blast|p1a: Great Tusk|[anim] Tera Blast Grass
|-supereffective|p1a: Great Tusk
|-damage|p1a: Great Tusk|0 fnt
|faint|p1a: Great Tusk
|-end|p1a: Great Tusk|Protosynthesis|[silent]
|
|upkeep
|
|t:|1776207831
|switch|p1a: Corviknight|Corviknight, M, tera:Flying|20/100
|-damage|p1a: Corviknight|0 fnt|[from] Stealth Rock
|faint|p1a: Corviknight
|
|win|shuppetlover
|raw|Dryvence's rating: 1000 &rarr; <strong>1000</strong><br />(+0 for losing)
|raw|shuppetlover's rating: 1036 &rarr; <strong>1067</strong><br />(+31 for winning)
|l|☆Dryvence
|player|p1|
