|html|<div class="broadcast-blue"><strong>[Gen 9] OU is currently suspecting Tera Blast! For information on how to participate check out the <a href="https://www.smogon.com/tools/suspects/view/200">suspect thread</a>.</strong></div>
|j|‽Naz0337
|j|☆TOXICccccccccccccc
|t:|1776298805
|gametype|singles
|player|p1|Naz0337|dawn|1249
|player|p2|TOXICccccccccccccc|preschooler|1213
|gen|9
|tier|[Gen 9] OU
|rated|
|rule|HP Percentage Mod: HP is shown in percentages
|rule|Endless Battle Clause: Forcing endless battles is banned
|rule|Species Clause: Limit one of each Pokémon
|rule|OHKO Clause: OHKO moves are banned
|rule|Evasion Items Clause: Evasion items are banned
|rule|Evasion Moves Clause: Evasion moves are banned
|rule|Evasion Abilities Clause: Evasion abilities are banned
|rule|Sleep Moves Clause: Sleep-inducing moves are banned
|clearpoke
|poke|p1|Samurott-Hisui, M|
|poke|p1|Great Tusk|
|poke|p1|Ninetales-Alola, M|
|poke|p1|Hoopa-Unbound|
|poke|p1|Hatterene, F|
|poke|p1|Zamazenta-*|
|poke|p2|Glimmora, M|
|poke|p2|Salazzle, F|
|poke|p2|Pecharunt|
|poke|p2|Alomomola, F|
|poke|p2|Samurott-Hisui, M|
|poke|p2|Garchomp, M|
|teampreview
|inactive|Battle timer is ON: inactive players will automatically lose when time's up. (requested by TOXICccccccccccccc)
|
|t:|1776298818
|teamsize|p1|6
|teamsize|p2|6
|start
|switch|p1a: Samurott|Samurott-Hisui, M|100/100
|switch|p2a: Samurott|Samurott-Hisui, M|100/100
|turn|1
|
|t:|1776298824
|move|p2a: Samurott|Sacred Sword|p1a: Samurott
|-supereffective|p1a: Samurott
|-enditem|p1a: Samurott|Focus Sash
|-damage|p1a: Samurott|1/100
|move|p1a: Samurott|Ceaseless Edge|p2a: Samurott
|-resisted|p2a: Samurott
|-damage|p2a: Samurott|71/100
|-sidestart|p2: TOXICccccccccccccc|Spikes
|
|upkeep
|turn|2
|
|t:|1776298840
|move|p2a: Samurott|Sacred Sword|p1a: Samurott
|-supereffective|p1a: Samurott
|-damage|p1a: Samurott|0 fnt
|faint|p1a: Samurott
|
|upkeep
|
|t:|1776298848
|switch|p1a: Ninetales|Ninetales-Alola, M|100/100
|-weather|Snowscape|[from] ability: Snow Warning|[of] p1a: Ninetales
|turn|3
|
|t:|1776298856
|switch|p2a: Glimmora|Glimmora, M|100/100
|-damage|p2a: Glimmora|88/100|[from] Spikes
|move|p1a: Ninetales|Aurora Veil|p1a: Ninetales
|-sidestart|p1: Naz0337|move: Aurora Veil
|
|-weather|Snowscape|[upkeep]
|-heal|p2a: Glimmora|94/100|[from] item: Leftovers
|upkeep
|turn|4
|
|t:|1776298866
|switch|p1a: Hoopa|Hoopa-Unbound|100/100
|move|p2a: Glimmora|Mortal Spin|p1a: Hoopa
|-damage|p1a: Hoopa|96/100
|-status|p1a: Hoopa|psn
|-sideend|p2: TOXICccccccccccccc|Spikes|[from] move: Mortal Spin|[of] p2a: Glimmora
|
|-weather|Snowscape|[upkeep]
|-heal|p2a: Glimmora|100/100|[from] item: Leftovers
|-damage|p1a: Hoopa|84/100 psn|[from] psn
|upkeep
|turn|5
|inactive|TOXICccccccccccccc has 120 seconds left.
|
|t:|1776298901
|move|p1a: Hoopa|Nasty Plot|p1a: Hoopa
|-boost|p1a: Hoopa|spa|2
|move|p2a: Glimmora|Toxic Spikes|p1a: Hoopa
|-sidestart|p1: Naz0337|move: Toxic Spikes
|
|-weather|Snowscape|[upkeep]
|-damage|p1a: Hoopa|71/100 psn|[from] psn
|upkeep
|turn|6
|inactive|TOXICccccccccccccc has 120 seconds left.
|
|t:|1776298934
|move|p1a: Hoopa|Focus Blast|p2a: Glimmora
|-damage|p2a: Glimmora|14/100
|move|p2a: Glimmora|Toxic Spikes|p1a: Hoopa
|-sidestart|p1: Naz0337|move: Toxic Spikes
|
|-weather|Snowscape|[upkeep]
|-heal|p2a: Glimmora|20/100|[from] item: Leftovers
|-damage|p1a: Hoopa|59/100 psn|[from] psn
|upkeep
|turn|7
|
|t:|1776298940
|move|p1a: Hoopa|Focus Blast|p2a: Glimmora
|-damage|p2a: Glimmora|0 fnt
|faint|p2a: Glimmora
|
|-weather|none
|-damage|p1a: Hoopa|47/100 psn|[from] psn
|upkeep
|
|t:|1776298943
|switch|p2a: Samurott|Samurott-Hisui, M|71/100
|turn|8
|
|t:|1776298952
|move|p2a: Samurott|Ceaseless Edge|p1a: Hoopa|[miss]
|-miss|p2a: Samurott|p1a: Hoopa
|move|p1a: Hoopa|Focus Blast|p2a: Samurott
|-supereffective|p2a: Samurott
|-damage|p2a: Samurott|0 fnt
|faint|p2a: Samurott
|
|-damage|p1a: Hoopa|34/100 psn|[from] psn
|upkeep
|inactive|TOXICccccccccccccc has 120 seconds left.
|
|t:|1776298961
|switch|p2a: Garchomp|Garchomp, M|100/100
|turn|9
|
|t:|1776298968
|move|p2a: Garchomp|Scale Shot|p1a: Hoopa
|-damage|p1a: Hoopa|23/100 psn
|-damage|p1a: Hoopa|12/100 psn
|-damage|p1a: Hoopa|0 fnt
|faint|p1a: Hoopa
|-hitcount|p1: Hoopa|3
|-unboost|p2a: Garchomp|def|1
|-boost|p2a: Garchomp|spe|1
|
|upkeep
|
|t:|1776298974
|switch|p1a: Great Tusk|Great Tusk|100/100
|turn|10
|
|t:|1776298982
|switch|p2a: Pecharunt|Pecharunt|100/100
|-item|p2a: Pecharunt|Air Balloon
|move|p1a: Great Tusk|Rapid Spin|p2a: Pecharunt
|-immune|p2a: Pecharunt
|
|-sideend|p1: Naz0337|move: Aurora Veil
|upkeep
|turn|11
|
|t:|1776298993
|move|p2a: Pecharunt|Malignant Chain|p1a: Great Tusk
|-resisted|p1a: Great Tusk
|-crit|p1a: Great Tusk
|-damage|p1a: Great Tusk|63/100
|move|p1a: Great Tusk|Stealth Rock|p2a: Pecharunt
|-sidestart|p2: TOXICccccccccccccc|move: Stealth Rock
|
|upkeep
|turn|12
|
|t:|1776298998
|move|p2a: Pecharunt|Malignant Chain|p1a: Great Tusk
|-resisted|p1a: Great Tusk
|-damage|p1a: Great Tusk|39/100
|-status|p1a: Great Tusk|tox
|-start|p1a: Great Tusk|confusion|[from] ability: Poison Puppeteer|[of] p2a: Pecharunt
|-activate|p1a: Great Tusk|confusion
|move|p1a: Great Tusk|Ice Spinner|p2a: Pecharunt
|-damage|p2a: Pecharunt|84/100
|-enditem|p2a: Pecharunt|Air Balloon
|
|-damage|p1a: Great Tusk|33/100 tox|[from] psn
|upkeep
|turn|13
|
|t:|1776299008
|-terastallize|p1a: Great Tusk|Steel
|move|p2a: Pecharunt|Shadow Ball|p1a: Great Tusk
|-damage|p1a: Great Tusk|0 fnt
|faint|p1a: Great Tusk
|-end|p1a: Great Tusk|Protosynthesis|[silent]
|
|upkeep
|
|t:|1776299017
|switch|p1a: Hatterene|Hatterene, F|100/100
|-status|p1a: Hatterene|tox
|turn|14
|
|t:|1776299026
|move|p2a: Pecharunt|Parting Shot|p1a: Hatterene
|move|p1a: Hatterene|Parting Shot|p2a: Pecharunt|[from] ability: Magic Bounce
|-unboost|p2a: Pecharunt|atk|1
|-unboost|p2a: Pecharunt|spa|1
|
|t:|1776299033
|switch|p1a: Ninetales|Ninetales-Alola, M|100/100|[from] Parting Shot
|-status|p1a: Ninetales|tox
|-weather|Snowscape|[from] ability: Snow Warning|[of] p1a: Ninetales
|
|-weather|Snowscape|[upkeep]
|-damage|p1a: Ninetales|94/100 tox|[from] psn
|upkeep
|turn|15
|
|t:|1776299041
|switch|p2a: Salazzle|Salazzle, F|100/100
|-damage|p2a: Salazzle|75/100|[from] Stealth Rock
|move|p1a: Ninetales|Aurora Veil|p1a: Ninetales
|-sidestart|p1: Naz0337|move: Aurora Veil
|
|-weather|Snowscape|[upkeep]
|-heal|p2a: Salazzle|82/100|[from] item: Leftovers
|-damage|p1a: Ninetales|82/100 tox|[from] psn
|upkeep
|turn|16
|
|t:|1776299047
|move|p2a: Salazzle|Encore|p1a: Ninetales
|-start|p1a: Ninetales|Encore
|move|p1a: Ninetales|Aurora Veil||[still]
|-fail|p1a: Ninetales
|
|-weather|Snowscape|[upkeep]
|-heal|p2a: Salazzle|88/100|[from] item: Leftovers
|-damage|p1a: Ninetales|63/100 tox|[from] psn
|upkeep
|turn|17
|
|t:|1776299050
|switch|p1a: Hatterene|Hatterene, F|100/100 tox
|move|p2a: Salazzle|Substitute|p2a: Salazzle
|-start|p2a: Salazzle|Substitute
|-damage|p2a: Salazzle|63/100
|
|-weather|Snowscape|[upkeep]
|-heal|p2a: Salazzle|69/100|[from] item: Leftovers
|-damage|p1a: Hatterene|95/100 tox|[from] psn
|upkeep
|turn|18
|
|t:|1776299058
|move|p2a: Salazzle|Protect|p2a: Salazzle
|-singleturn|p2a: Salazzle|Protect
|move|p1a: Hatterene|Psychic Noise|p2a: Salazzle
|-activate|p2a: Salazzle|move: Protect
|
|-weather|none
|-heal|p2a: Salazzle|75/100|[from] item: Leftovers
|-heal|p1a: Hatterene|100/100 tox|[from] item: Leftovers
|-damage|p1a: Hatterene|89/100 tox|[from] psn
|upkeep
|turn|19
|
|t:|1776299074
|-terastallize|p2a: Salazzle|Dark
|move|p2a: Salazzle|Protect||[still]
|-fail|p2a: Salazzle
|move|p1a: Hatterene|Calm Mind|p1a: Hatterene
|-boost|p1a: Hatterene|spa|1
|-boost|p1a: Hatterene|spd|1
|
|-heal|p2a: Salazzle|81/100|[from] item: Leftovers
|-heal|p1a: Hatterene|95/100 tox|[from] item: Leftovers
|-damage|p1a: Hatterene|77/100 tox|[from] psn
|upkeep
|turn|20
|
|t:|1776299082
|move|p2a: Salazzle|Protect|p2a: Salazzle
|-singleturn|p2a: Salazzle|Protect
|move|p1a: Hatterene|Draining Kiss|p2a: Salazzle
|-activate|p2a: Salazzle|move: Protect
|
|-heal|p2a: Salazzle|88/100|[from] item: Leftovers
|-heal|p1a: Hatterene|83/100 tox|[from] item: Leftovers
|-damage|p1a: Hatterene|59/100 tox|[from] psn
|upkeep
|turn|21
|
|t:|1776299093
|move|p2a: Salazzle|Protect|p2a: Salazzle
|-singleturn|p2a: Salazzle|Protect
|move|p1a: Hatterene|Draining Kiss|p2a: Salazzle
|-activate|p2a: Salazzle|move: Protect
|
|-heal|p2a: Salazzle|94/100|[from] item: Leftovers
|-heal|p1a: Hatterene|65/100 tox|[from] item: Leftovers
|-damage|p1a: Hatterene|35/100 tox|[from] psn
|upkeep
|turn|22
|
|t:|1776299099
|move|p2a: Salazzle|Protect||[still]
|-fail|p2a: Salazzle
|move|p1a: Hatterene|Draining Kiss|p2a: Salazzle
|-supereffective|p2a: Salazzle
|-end|p2a: Salazzle|Substitute
|-heal|p1a: Hatterene|55/100 tox|[from] drain|[of] p2a: Salazzle
|
|-heal|p2a: Salazzle|99/100|[from] item: Leftovers
|-heal|p1a: Hatterene|61/100 tox|[from] item: Leftovers
|-damage|p1a: Hatterene|25/100 tox|[from] psn
|-sideend|p1: Naz0337|move: Aurora Veil
|upkeep
|turn|23
|
|t:|1776299106
|move|p2a: Salazzle|Substitute|p2a: Salazzle
|-start|p2a: Salazzle|Substitute
|-damage|p2a: Salazzle|75/100
|move|p1a: Hatterene|Draining Kiss|p2a: Salazzle
|-supereffective|p2a: Salazzle
|-end|p2a: Salazzle|Substitute
|-heal|p1a: Hatterene|45/100 tox|[from] drain|[of] p2a: Salazzle
|
|-heal|p2a: Salazzle|81/100|[from] item: Leftovers
|-heal|p1a: Hatterene|51/100 tox|[from] item: Leftovers
|-damage|p1a: Hatterene|9/100 tox|[from] psn
|upkeep
|turn|24
|
|t:|1776299110
|move|p2a: Salazzle|Protect|p2a: Salazzle
|-singleturn|p2a: Salazzle|Protect
|move|p1a: Hatterene|Draining Kiss|p2a: Salazzle
|-activate|p2a: Salazzle|move: Protect
|
|-heal|p2a: Salazzle|87/100|[from] item: Leftovers
|-heal|p1a: Hatterene|15/100 tox|[from] item: Leftovers
|-damage|p1a: Hatterene|0 fnt|[from] psn
|faint|p1a: Hatterene
|upkeep
|-message|Naz0337 forfeited.
|
|win|TOXICccccccccccccc
|raw|Naz0337's rating: 1249 &rarr; <strong>1221</strong><br />(-28 for losing)
|raw|TOXICccccccccccccc's rating: 1213 &rarr; <strong>1241</strong><br />(+28 for winning)
|l|‽Naz0337
|player|p1|
