|html|<div class="broadcast-blue"><strong>[Gen 9] OU is currently suspecting Tera Blast! For information on how to participate check out the <a href="https://www.smogon.com/tools/suspects/view/200">suspect thread</a>.</strong></div>
|j|☆gabigolx
|j|☆gokuengokuen
|t:|1776130625
|gametype|singles
|player|p1|gabigolx|169|
|player|p2|gokuengokuen|169|
|gen|9
|tier|[Gen 9] OU
|rule|HP Percentage Mod: HP is shown in percentages
|rule|Endless Battle Clause: Forcing endless battles is banned
|rule|Species Clause: Limit one of each Pokémon
|rule|OHKO Clause: OHKO moves are banned
|rule|Evasion Items Clause: Evasion items are banned
|rule|Evasion Moves Clause: Evasion moves are banned
|rule|Evasion Abilities Clause: Evasion abilities are banned
|rule|Sleep Moves Clause: Sleep-inducing moves are banned
|clearpoke
|poke|p1|Iron Moth|
|poke|p1|Alomomola, F|
|poke|p1|Meowscarada, F|
|poke|p1|Clefable, F|
|poke|p1|Great Tusk|
|poke|p1|Zoroark-Hisui, F|
|poke|p2|Skeledirge, M|
|poke|p2|Goodra-Hisui, M|
|poke|p2|Iron Hands|
|poke|p2|Krookodile, M|
|poke|p2|Rillaboom, M|
|poke|p2|Talonflame, M|
|teampreview
|j| ohko_smeargle
|inactive|Battle timer is ON: inactive players will automatically lose when time's up. (requested by gabigolx)
|
|t:|1776130652
|teamsize|p1|6
|teamsize|p2|6
|start
|switch|p1a: Alomomola|Alomomola, F|100/100
|switch|p2a: Krookodile|Krookodile, M|100/100
|-ability|p2a: Krookodile|Intimidate|boost
|-unboost|p1a: Alomomola|atk|1
|turn|1
|
|t:|1776130661
|move|p2a: Krookodile|Stealth Rock|p1a: Alomomola
|-sidestart|p1: gabigolx|move: Stealth Rock
|move|p1a: Alomomola|Flip Turn|p2a: Krookodile
|-supereffective|p2a: Krookodile
|-damage|p2a: Krookodile|75/100
|
|t:|1776130668
|switch|p1a: Great Tusk|Great Tusk|100/100|[from] Flip Turn
|-damage|p1a: Great Tusk|98/100|[from] Stealth Rock
|-enditem|p1a: Great Tusk|Booster Energy
|-activate|p1a: Great Tusk|ability: Protosynthesis|[fromitem]
|-start|p1a: Great Tusk|protosynthesisatk
|
|-heal|p2a: Krookodile|81/100|[from] item: Leftovers
|upkeep
|turn|2
|inactive|gokuengokuen has 270 seconds left.
|
|t:|1776130720
|move|p2a: Krookodile|Earthquake|p1a: Great Tusk
|-damage|p1a: Great Tusk|60/100
|move|p1a: Great Tusk|Rapid Spin|p2a: Krookodile
|-damage|p2a: Krookodile|52/100
|-boost|p1a: Great Tusk|spe|1
|-sideend|p1: gabigolx|Stealth Rock|[from] move: Rapid Spin|[of] p1a: Great Tusk
|
|-heal|p2a: Krookodile|58/100|[from] item: Leftovers
|upkeep
|turn|3
|inactive|gokuengokuen has 240 seconds left.
|inactiveoff|Battle timer is now OFF.
|
|t:|1776130796
|switch|p2a: Talonflame|Talonflame, M|100/100
|move|p1a: Great Tusk|Ice Spinner|p2a: Talonflame
|-damage|p2a: Talonflame|55/100
|
|upkeep
|turn|4
|
|t:|1776130807
|-end|p1a: Great Tusk|Protosynthesis|[silent]
|switch|p1a: Alomomola|Alomomola, F|100/100
|move|p2a: Talonflame|Roost|p2a: Talonflame
|-heal|p2a: Talonflame|100/100
|-singleturn|p2a: Talonflame|move: Roost
|
|upkeep
|turn|5
|
|t:|1776130812
|move|p2a: Talonflame|U-turn|p1a: Alomomola
|-damage|p1a: Alomomola|93/100
|
|t:|1776130897
|switch|p2a: Krookodile|Krookodile, M|58/100|[from] U-turn
|-ability|p2a: Krookodile|Intimidate|boost
|-unboost|p1a: Alomomola|atk|1
|move|p1a: Alomomola|Scald|p2a: Krookodile
|-supereffective|p2a: Krookodile
|-damage|p2a: Krookodile|23/100
|-status|p2a: Krookodile|brn
|
|-heal|p2a: Krookodile|29/100 brn|[from] item: Leftovers
|-heal|p1a: Alomomola|99/100|[from] item: Leftovers
|-damage|p2a: Krookodile|23/100 brn|[from] brn
|upkeep
|turn|6
|
|t:|1776130919
|move|p2a: Krookodile|Knock Off|p1a: Alomomola
|-damage|p1a: Alomomola|86/100
|-enditem|p1a: Alomomola|Leftovers|[from] move: Knock Off|[of] p2a: Krookodile
|move|p1a: Alomomola|Flip Turn|p2a: Krookodile
|-supereffective|p2a: Krookodile
|-damage|p2a: Krookodile|0 fnt
|faint|p2a: Krookodile
|
|t:|1776130930
|switch|p1a: Iron Moth|Iron Moth|100/100|[from] Flip Turn
|-enditem|p1a: Iron Moth|Booster Energy
|-activate|p1a: Iron Moth|ability: Quark Drive|[fromitem]
|-start|p1a: Iron Moth|quarkdrivespa
|
|upkeep
|
|t:|1776131003
|switch|p2a: Goodra|Goodra-Hisui, M|100/100
|turn|7
|
|t:|1776131014
|move|p1a: Iron Moth|Fiery Dance|p2a: Goodra
|-damage|p2a: Goodra|75/100
|-boost|p1a: Iron Moth|spa|1
|move|p2a: Goodra|Draco Meteor|p1a: Iron Moth
|-damage|p1a: Iron Moth|28/100
|-unboost|p2a: Goodra|spa|2
|
|upkeep
|turn|8
|
|t:|1776131022
|-end|p1a: Iron Moth|Quark Drive|[silent]
|switch|p1a: Clefable|Clefable, F|100/100
|move|p2a: Goodra|Draco Meteor|p1a: Clefable
|-immune|p1a: Clefable
|
|upkeep
|turn|9
|
|t:|1776131041
|switch|p2a: Iron Hands|Iron Hands|100/100
|switch|p1a: Great Tusk|Great Tusk|60/100
|
|upkeep
|turn|10
|
|t:|1776131048
|-end|p2a: Iron Hands|Quark Drive|[silent]
|switch|p2a: Talonflame|Talonflame, M|100/100
|move|p1a: Great Tusk|Headlong Rush|p2a: Talonflame
|-immune|p2a: Talonflame
|
|upkeep
|turn|11
|
|t:|1776131071
|-end|p1a: Great Tusk|Protosynthesis|[silent]
|switch|p1a: Clefable|Clefable, F|100/100
|move|p2a: Talonflame|U-turn|p1a: Clefable
|-resisted|p1a: Clefable
|-damage|p1a: Clefable|94/100
|
|t:|1776131081
|switch|p2a: Iron Hands|Iron Hands|100/100|[from] U-turn
|
|-heal|p1a: Clefable|99/100|[from] item: Leftovers
|upkeep
|turn|12
|
|t:|1776131103
|switch|p1a: Iron Moth|Iron Moth|28/100
|move|p2a: Iron Hands|Ice Punch|p1a: Iron Moth
|-resisted|p1a: Iron Moth
|-damage|p1a: Iron Moth|2/100
|
|upkeep
|turn|13
|
|t:|1776131138
|move|p1a: Iron Moth|Fiery Dance|p2a: Iron Hands
|-damage|p2a: Iron Hands|64/100
|move|p2a: Iron Hands|Drain Punch|p1a: Iron Moth
|-resisted|p1a: Iron Moth
|-damage|p1a: Iron Moth|0 fnt
|-heal|p2a: Iron Hands|64/100|[from] drain|[of] p1a: Iron Moth
|faint|p1a: Iron Moth
|-end|p1a: Iron Moth|Quark Drive|[silent]
|
|upkeep
|
|t:|1776131143
|switch|p1a: Alomomola|Alomomola, F|100/100
|turn|14
|
|t:|1776131303
|move|p1a: Alomomola|Flip Turn|p2a: Iron Hands
|-damage|p2a: Iron Hands|54/100
|
|t:|1776131314
|switch|p1a: Clefable|Clefable, F|100/100|[from] Flip Turn
|move|p2a: Iron Hands|Swords Dance|p2a: Iron Hands
|-boost|p2a: Iron Hands|atk|2
|
|upkeep
|turn|15
|
|t:|1776131324
|move|p1a: Clefable|Flamethrower|p2a: Iron Hands
|-damage|p2a: Iron Hands|17/100
|-status|p2a: Iron Hands|brn
|move|p2a: Iron Hands|Drain Punch|p1a: Clefable
|-immune|p1a: Clefable
|
|-damage|p2a: Iron Hands|10/100 brn|[from] brn
|upkeep
|turn|16
|
|t:|1776131330
|move|p1a: Clefable|Flamethrower|p2a: Iron Hands
|-damage|p2a: Iron Hands|0 fnt
|faint|p2a: Iron Hands
|-end|p2a: Iron Hands|Quark Drive|[silent]
|
|upkeep
|
|t:|1776131346
|switch|p2a: Goodra|Goodra-Hisui, M|75/100
|turn|17
|
|t:|1776131353
|switch|p1a: Great Tusk|Great Tusk|60/100
|move|p2a: Goodra|Knock Off|p1a: Great Tusk
|-resisted|p1a: Great Tusk
|-damage|p1a: Great Tusk|56/100
|
|upkeep
|turn|18
|
|t:|1776131359
|switch|p2a: Talonflame|Talonflame, M|100/100
|move|p1a: Great Tusk|Ice Spinner|p2a: Talonflame
|-damage|p2a: Talonflame|69/100
|
|upkeep
|turn|19
|
|t:|1776131377
|-end|p1a: Great Tusk|Protosynthesis|[silent]
|switch|p1a: Alomomola|Alomomola, F|100/100
|move|p2a: Talonflame|Roost|p2a: Talonflame
|-heal|p2a: Talonflame|100/100
|-singleturn|p2a: Talonflame|move: Roost
|
|upkeep
|turn|20
|
|t:|1776131403
|move|p2a: Talonflame|Flamethrower|p1a: Alomomola
|-resisted|p1a: Alomomola
|-damage|p1a: Alomomola|85/100
|move|p1a: Alomomola|Flip Turn|p2a: Talonflame
|-supereffective|p2a: Talonflame
|-damage|p2a: Talonflame|64/100
|-status|p1a: Alomomola|brn|[from] ability: Flame Body|[of] p2a: Talonflame
|
|t:|1776131412
|switch|p1a: Clefable|Clefable, F|99/100|[from] Flip Turn
|
|-heal|p1a: Clefable|100/100|[from] item: Leftovers
|upkeep
|turn|21
|j| MrPokemon3345
|l| MrPokemon3345
|
|t:|1776131553
|move|p2a: Talonflame|U-turn|p1a: Clefable
|-resisted|p1a: Clefable
|-damage|p1a: Clefable|94/100
|
|t:|1776131571
|switch|p2a: Goodra|Goodra-Hisui, M|75/100|[from] U-turn
|move|p1a: Clefable|Moonblast|p2a: Goodra
|-damage|p2a: Goodra|62/100
|-unboost|p2a: Goodra|spa|1
|
|-heal|p1a: Clefable|99/100|[from] item: Leftovers
|upkeep
|turn|22
|
|t:|1776131585
|switch|p1a: Meowscarada|Meowscarada, F|100/100
|move|p2a: Goodra|Draco Meteor|p1a: Meowscarada
|-crit|p1a: Meowscarada
|-damage|p1a: Meowscarada|0 fnt
|-unboost|p2a: Goodra|spa|2
|faint|p1a: Meowscarada
|
|upkeep
|
|t:|1776131600
|switch|p1a: Great Tusk|Great Tusk|56/100
|turn|23
|
|t:|1776131607
|switch|p2a: Talonflame|Talonflame, M|64/100
|move|p1a: Great Tusk|Ice Spinner|p2a: Talonflame
|-damage|p2a: Talonflame|28/100
|
|upkeep
|turn|24
|
|t:|1776131612
|move|p2a: Talonflame|Roost|p2a: Talonflame
|-heal|p2a: Talonflame|78/100
|-singleturn|p2a: Talonflame|move: Roost
|move|p1a: Great Tusk|Ice Spinner|p2a: Talonflame
|-resisted|p2a: Talonflame
|-damage|p2a: Talonflame|61/100
|
|upkeep
|turn|25
|
|t:|1776131632
|move|p2a: Talonflame|Roost|p2a: Talonflame
|-heal|p2a: Talonflame|100/100
|-singleturn|p2a: Talonflame|move: Roost
|move|p1a: Great Tusk|Ice Spinner|p2a: Talonflame
|-resisted|p2a: Talonflame
|-damage|p2a: Talonflame|85/100
|
|upkeep
|turn|26
|
|t:|1776131651
|-end|p1a: Great Tusk|Protosynthesis|[silent]
|switch|p1a: Clefable|Clefable, F|99/100
|move|p2a: Talonflame|Flamethrower|p1a: Clefable
|-damage|p1a: Clefable|83/100
|
|-heal|p1a: Clefable|89/100|[from] item: Leftovers
|upkeep
|turn|27
|
|t:|1776131656
|move|p2a: Talonflame|U-turn|p1a: Clefable
|-resisted|p1a: Clefable
|-damage|p1a: Clefable|82/100
|
|t:|1776131658
|switch|p2a: Goodra|Goodra-Hisui, M|62/100|[from] U-turn
|move|p1a: Clefable|Stealth Rock|p2a: Goodra
|-sidestart|p2: gokuengokuen|move: Stealth Rock
|
|-heal|p1a: Clefable|89/100|[from] item: Leftovers
|upkeep
|turn|28
|
|t:|1776131681
|switch|p1a: Alomomola|Alomomola, F|100/100 brn
|move|p2a: Goodra|Flash Cannon|p1a: Alomomola
|-resisted|p1a: Alomomola
|-damage|p1a: Alomomola|76/100 brn
|
|-damage|p1a: Alomomola|70/100 brn|[from] brn
|upkeep
|turn|29
|
|t:|1776131688
|move|p1a: Alomomola|Scald|p2a: Goodra
|-resisted|p2a: Goodra
|-damage|p2a: Goodra|59/100
|move|p2a: Goodra|Draco Meteor|p1a: Alomomola
|-damage|p1a: Alomomola|0 fnt
|-unboost|p2a: Goodra|spa|2
|faint|p1a: Alomomola
|
|upkeep
|
|t:|1776131694
|switch|p1a: Great Tusk|Great Tusk|56/100
|turn|30
|
|t:|1776131709
|switch|p2a: Talonflame|Talonflame, M|85/100
|move|p1a: Great Tusk|Ice Spinner|p2a: Talonflame
|-damage|p2a: Talonflame|50/100
|
|upkeep
|turn|31
|
|t:|1776131715
|-end|p1a: Great Tusk|Protosynthesis|[silent]
|switch|p1a: Clefable|Clefable, F|100/100
|move|p2a: Talonflame|Roost|p2a: Talonflame
|-heal|p2a: Talonflame|99/100
|-singleturn|p2a: Talonflame|move: Roost
|
|upkeep
|turn|32
|
|t:|1776131720
|move|p2a: Talonflame|U-turn|p1a: Clefable
|-resisted|p1a: Clefable
|-damage|p1a: Clefable|87/100
|replace|p1a: Zoroark|Zoroark-Hisui, F
|-end|p1a: Zoroark|Illusion
|
|t:|1776131729
|switch|p2a: Goodra|Goodra-Hisui, M|59/100|[from] U-turn
|-damage|p2a: Goodra|53/100|[from] Stealth Rock
|move|p1a: Zoroark|Shadow Ball|p2a: Goodra
|-damage|p2a: Goodra|24/100
|
|upkeep
|turn|33
|
|t:|1776131754
|move|p1a: Zoroark|Shadow Ball|p2a: Goodra
|-damage|p2a: Goodra|0 fnt
|faint|p2a: Goodra
|
|upkeep
|
|t:|1776131770
|switch|p2a: Rillaboom|Rillaboom, M|100/100
|-damage|p2a: Rillaboom|88/100|[from] Stealth Rock
|-fieldstart|move: Grassy Terrain|[from] ability: Grassy Surge|[of] p2a: Rillaboom
|turn|34
|
|t:|1776131776
|switch|p1a: Great Tusk|Great Tusk|56/100
|move|p2a: Rillaboom|Wood Hammer|p1a: Great Tusk
|-supereffective|p1a: Great Tusk
|-damage|p1a: Great Tusk|0 fnt
|faint|p1a: Great Tusk
|-end|p1a: Great Tusk|Protosynthesis|[silent]
|-damage|p2a: Rillaboom|71/100|[from] Recoil
|
|-heal|p2a: Rillaboom|77/100|[from] Grassy Terrain
|upkeep
|
|t:|1776131778
|switch|p1a: Clefable|Clefable, F|87/100
|turn|35
|
|t:|1776131803
|switch|p2a: Skeledirge|Skeledirge, M|100/100
|move|p1a: Clefable|Flamethrower|p2a: Skeledirge
|-resisted|p2a: Skeledirge
|-damage|p2a: Skeledirge|77/100
|
|-heal|p1a: Clefable|93/100|[from] Grassy Terrain
|-heal|p2a: Skeledirge|83/100|[from] Grassy Terrain
|upkeep
|turn|36
|
|t:|1776131813
|switch|p1a: Clefable|Clefable, F|89/100
|move|p2a: Skeledirge|Torch Song|p1a: Clefable
|-damage|p1a: Clefable|69/100
|-boost|p2a: Skeledirge|spa|1
|
|-heal|p2a: Skeledirge|89/100|[from] Grassy Terrain
|-heal|p1a: Clefable|75/100|[from] Grassy Terrain
|-heal|p1a: Clefable|81/100|[from] item: Leftovers
|upkeep
|turn|37
|
|t:|1776131820
|move|p2a: Skeledirge|Torch Song|p1a: Clefable
|-damage|p1a: Clefable|54/100
|-boost|p2a: Skeledirge|spa|1
|move|p1a: Clefable|Moonblast|p2a: Skeledirge
|-resisted|p2a: Skeledirge
|-damage|p2a: Skeledirge|73/100
|
|-heal|p2a: Skeledirge|79/100|[from] Grassy Terrain
|-heal|p1a: Clefable|60/100|[from] Grassy Terrain
|-heal|p1a: Clefable|66/100|[from] item: Leftovers
|upkeep
|turn|38
|
|t:|1776131827
|switch|p1a: Clefable|Clefable, F|93/100
|move|p2a: Skeledirge|Torch Song|p1a: Clefable
|-damage|p1a: Clefable|0 fnt
|-boost|p2a: Skeledirge|spa|1
|replace|p1a: Zoroark|Zoroark-Hisui, F
|-end|p1a: Zoroark|Illusion
|faint|p1a: Zoroark
|
|-heal|p2a: Skeledirge|85/100|[from] Grassy Terrain
|upkeep
|
|t:|1776131832
|switch|p1a: Clefable|Clefable, F|66/100
|turn|39
|
|t:|1776131834
|move|p2a: Skeledirge|Torch Song|p1a: Clefable
|-damage|p1a: Clefable|20/100
|-boost|p2a: Skeledirge|spa|1
|move|p1a: Clefable|Moonblast|p2a: Skeledirge
|-resisted|p2a: Skeledirge
|-damage|p2a: Skeledirge|68/100
|
|-heal|p2a: Skeledirge|74/100|[from] Grassy Terrain
|-heal|p1a: Clefable|26/100|[from] Grassy Terrain
|-heal|p1a: Clefable|32/100|[from] item: Leftovers
|upkeep
|turn|40
|
|t:|1776131839
|move|p2a: Skeledirge|Torch Song|p1a: Clefable
|-damage|p1a: Clefable|0 fnt
|-boost|p2a: Skeledirge|spa|1
|faint|p1a: Clefable
|
|win|gokuengokuen
|l| ohko_smeargle
|l|☆gabigolx
|player|p1|
