|html|<div class="broadcast-blue"><strong>[Gen 9] OU is currently suspecting Tera Blast! For information on how to participate check out the <a href="https://www.smogon.com/tools/suspects/view/200">suspect thread</a>.</strong></div>
|j|☆tokiwakano
|j|☆chill element
|t:|1776140283
|gametype|singles
|player|p1|tokiwakano|acetrainerf|1586
|player|p2|chill element|swimmerf|1656
|gen|9
|tier|[Gen 9] OU
|rated|
|rule|HP Percentage Mod: HP is shown in percentages
|rule|Endless Battle Clause: Forcing endless battles is banned
|rule|Species Clause: Limit one of each Pokémon
|rule|OHKO Clause: OHKO moves are banned
|rule|Evasion Items Clause: Evasion items are banned
|rule|Evasion Moves Clause: Evasion moves are banned
|rule|Evasion Abilities Clause: Evasion abilities are banned
|rule|Sleep Moves Clause: Sleep-inducing moves are banned
|clearpoke
|poke|p1|Great Tusk|
|poke|p1|Slowking-Galar, M|
|poke|p1|Corviknight, F|
|poke|p1|Clefable, F|
|poke|p1|Samurott-Hisui, M|
|poke|p1|Dragapult, F|
|poke|p2|Darkrai|
|poke|p2|Cinderace, F|
|poke|p2|Zoroark, F|
|poke|p2|Scizor, M|
|poke|p2|Rotom-Wash|
|poke|p2|Kingambit, M|
|teampreview
|inactive|Battle timer is ON: inactive players will automatically lose when time's up. (requested by tokiwakano)
|
|t:|1776140299
|teamsize|p1|6
|teamsize|p2|6
|start
|switch|p1a: Dragapult|Dragapult, F|100/100
|switch|p2a: Darkrai|Darkrai|100/100
|turn|1
|
|t:|1776140303
|move|p1a: Dragapult|U-turn|p2a: Darkrai
|-supereffective|p2a: Darkrai
|-damage|p2a: Darkrai|59/100
|
|t:|1776140311
|switch|p1a: Clefable|Clefable, F|100/100|[from] U-turn
|move|p2a: Darkrai|Dark Pulse|p1a: Clefable
|-resisted|p1a: Clefable
|-damage|p1a: Clefable|69/100
|
|-heal|p1a: Clefable|75/100|[from] item: Leftovers
|upkeep
|turn|2
|
|t:|1776140317
|switch|p2a: Rotom|Rotom-Wash|100/100
|move|p1a: Clefable|Stealth Rock|p2a: Rotom
|-sidestart|p2: chill element|move: Stealth Rock
|
|-heal|p1a: Clefable|81/100|[from] item: Leftovers
|upkeep
|turn|3
|
|t:|1776140321
|move|p2a: Rotom|Will-O-Wisp|p1a: Clefable
|-status|p1a: Clefable|brn
|move|p1a: Clefable|Knock Off|p2a: Rotom
|-damage|p2a: Rotom|95/100
|-enditem|p2a: Rotom|Leftovers|[from] move: Knock Off|[of] p1a: Clefable
|
|-heal|p1a: Clefable|87/100 brn|[from] item: Leftovers
|upkeep
|turn|4
|
|t:|1776140333
|move|p2a: Rotom|Pain Split|p1a: Clefable
|-sethp|p1a: Clefable|80/100 brn|[from] move: Pain Split|[silent]
|-sethp|p2a: Rotom|100/100|[from] move: Pain Split
|move|p1a: Clefable|Knock Off|p2a: Rotom
|-damage|p2a: Rotom|97/100
|
|-heal|p1a: Clefable|86/100 brn|[from] item: Leftovers
|upkeep
|turn|5
|
|t:|1776140342
|move|p2a: Rotom|Will-O-Wisp|p1a: Clefable
|-fail|p1a: Clefable|brn
|move|p1a: Clefable|Knock Off|p2a: Rotom
|-crit|p2a: Rotom
|-damage|p2a: Rotom|90/100
|
|-heal|p1a: Clefable|92/100 brn|[from] item: Leftovers
|upkeep
|turn|6
|
|t:|1776140345
|switch|p1a: Slowking|Slowking-Galar, M|100/100
|move|p2a: Rotom|Will-O-Wisp|p1a: Slowking|[miss]
|-miss|p2a: Rotom|p1a: Slowking
|
|upkeep
|turn|7
|
|t:|1776140350
|move|p2a: Rotom|Will-O-Wisp|p1a: Slowking
|-status|p1a: Slowking|brn
|move|p1a: Slowking|Sludge Bomb|p2a: Rotom
|-damage|p2a: Rotom|48/100
|
|-damage|p1a: Slowking|94/100 brn|[from] brn
|upkeep
|turn|8
|
|t:|1776140359
|move|p2a: Rotom|Pain Split|p1a: Slowking
|-sethp|p1a: Slowking|65/100 brn|[from] move: Pain Split|[silent]
|-sethp|p2a: Rotom|85/100|[from] move: Pain Split
|move|p1a: Slowking|Flamethrower|p2a: Rotom
|-resisted|p2a: Rotom
|-damage|p2a: Rotom|69/100
|
|-damage|p1a: Slowking|59/100 brn|[from] brn
|upkeep
|turn|9
|
|t:|1776140368
|move|p2a: Rotom|Hydro Pump|p1a: Slowking
|-crit|p1a: Slowking
|-damage|p1a: Slowking|32/100 brn
|move|p1a: Slowking|Sludge Bomb|p2a: Rotom
|-damage|p2a: Rotom|28/100
|
|-damage|p1a: Slowking|26/100 brn|[from] brn
|upkeep
|turn|10
|
|t:|1776140374
|move|p2a: Rotom|Hydro Pump|p1a: Slowking
|-damage|p1a: Slowking|4/100 brn
|move|p1a: Slowking|Sludge Bomb|p2a: Rotom
|-damage|p2a: Rotom|0 fnt
|faint|p2a: Rotom
|
|-damage|p1a: Slowking|0 fnt|[from] brn
|faint|p1a: Slowking
|upkeep
|
|t:|1776140386
|switch|p2a: Cinderace|Cinderace, F|100/100
|switch|p1a: Dragapult|Dragapult, F|100/100
|turn|11
|
|t:|1776140392
|move|p1a: Dragapult|Draco Meteor|p2a: Cinderace
|-damage|p2a: Cinderace|0 fnt
|-unboost|p1a: Dragapult|spa|2
|faint|p2a: Cinderace
|
|upkeep
|
|t:|1776140399
|switch|p2a: Scizor|Scizor, M|100/100
|-damage|p2a: Scizor|88/100|[from] Stealth Rock
|turn|12
|
|t:|1776140402
|switch|p1a: Corviknight|Corviknight, F|100/100
|-ability|p1a: Corviknight|Pressure
|move|p2a: Scizor|U-turn|p1a: Corviknight
|-resisted|p1a: Corviknight
|-damage|p1a: Corviknight|91/100
|-damage|p2a: Scizor|72/100|[from] item: Rocky Helmet|[of] p1a: Corviknight
|
|t:|1776140405
|switch|p2a: Darkrai|Darkrai|59/100|[from] U-turn
|-damage|p2a: Darkrai|46/100|[from] Stealth Rock
|
|upkeep
|turn|13
|
|t:|1776140412
|switch|p1a: Clefable|Clefable, F|92/100 brn
|move|p2a: Darkrai|Sludge Bomb|p1a: Clefable
|-supereffective|p1a: Clefable
|-crit|p1a: Clefable
|-damage|p1a: Clefable|0 fnt
|faint|p1a: Clefable
|
|upkeep
|
|t:|1776140421
|switch|p1a: Corviknight|Corviknight, F|91/100
|-ability|p1a: Corviknight|Pressure
|turn|14
|
|t:|1776140427
|switch|p2a: Scizor|Scizor, M|72/100
|-damage|p2a: Scizor|60/100|[from] Stealth Rock
|move|p1a: Corviknight|U-turn|p2a: Scizor
|-resisted|p2a: Scizor
|-damage|p2a: Scizor|52/100
|
|t:|1776140430
|switch|p1a: Dragapult|Dragapult, F|100/100|[from] U-turn
|
|upkeep
|turn|15
|
|t:|1776140435
|move|p2a: Scizor|Bullet Punch|p1a: Dragapult
|-damage|p1a: Dragapult|33/100
|move|p1a: Dragapult|Shadow Ball|p2a: Scizor
|-damage|p2a: Scizor|0 fnt
|faint|p2a: Scizor
|
|upkeep
|
|t:|1776140446
|switch|p2a: Kingambit|Kingambit, M|100/100
|-damage|p2a: Kingambit|94/100|[from] Stealth Rock
|-activate|p2a: Kingambit|ability: Supreme Overlord
|-start|p2a: Kingambit|fallen3|[silent]
|turn|16
|
|t:|1776140453
|switch|p1a: Corviknight|Corviknight, F|91/100
|-ability|p1a: Corviknight|Pressure
|move|p2a: Kingambit|Iron Head|p1a: Corviknight
|-resisted|p1a: Corviknight
|-damage|p1a: Corviknight|72/100
|-damage|p2a: Kingambit|78/100|[from] item: Rocky Helmet|[of] p1a: Corviknight
|
|upkeep
|turn|17
|
|t:|1776140465
|move|p2a: Kingambit|Kowtow Cleave|p1a: Corviknight
|-damage|p1a: Corviknight|32/100
|-damage|p2a: Kingambit|61/100|[from] item: Rocky Helmet|[of] p1a: Corviknight
|move|p1a: Corviknight|Roost|p1a: Corviknight
|-heal|p1a: Corviknight|82/100
|-singleturn|p1a: Corviknight|move: Roost
|
|upkeep
|turn|18
|
|t:|1776140469
|move|p2a: Kingambit|Swords Dance|p2a: Kingambit
|-boost|p2a: Kingambit|atk|2
|move|p1a: Corviknight|Iron Defense|p1a: Corviknight
|-boost|p1a: Corviknight|def|2
|
|upkeep
|turn|19
|
|t:|1776140474
|move|p2a: Kingambit|Kowtow Cleave|p1a: Corviknight
|-damage|p1a: Corviknight|45/100
|-damage|p2a: Kingambit|45/100|[from] item: Rocky Helmet|[of] p1a: Corviknight
|move|p1a: Corviknight|Iron Defense|p1a: Corviknight
|-boost|p1a: Corviknight|def|2
|
|upkeep
|turn|20
|
|t:|1776140479
|move|p2a: Kingambit|Kowtow Cleave|p1a: Corviknight
|-damage|p1a: Corviknight|18/100
|-damage|p2a: Kingambit|29/100|[from] item: Rocky Helmet|[of] p1a: Corviknight
|move|p1a: Corviknight|Roost|p1a: Corviknight
|-heal|p1a: Corviknight|68/100
|-singleturn|p1a: Corviknight|move: Roost
|
|upkeep
|turn|21
|
|t:|1776140483
|move|p2a: Kingambit|Swords Dance|p2a: Kingambit
|-boost|p2a: Kingambit|atk|2
|move|p1a: Corviknight|Roost|p1a: Corviknight
|-heal|p1a: Corviknight|100/100
|-singleturn|p1a: Corviknight|move: Roost
|
|upkeep
|turn|22
|
|t:|1776140486
|move|p2a: Kingambit|Swords Dance|p2a: Kingambit
|-boost|p2a: Kingambit|atk|2
|move|p1a: Corviknight|Iron Defense|p1a: Corviknight
|-boost|p1a: Corviknight|def|2
|
|upkeep
|turn|23
|
|t:|1776140490
|move|p2a: Kingambit|Kowtow Cleave|p1a: Corviknight
|-damage|p1a: Corviknight|61/100
|-damage|p2a: Kingambit|12/100|[from] item: Rocky Helmet|[of] p1a: Corviknight
|move|p1a: Corviknight|Brave Bird|p2a: Kingambit
|-resisted|p2a: Kingambit
|-damage|p2a: Kingambit|0 fnt
|faint|p2a: Kingambit
|-end|p2a: Kingambit|fallen3|[silent]
|-damage|p1a: Corviknight|57/100|[from] Recoil
|
|upkeep
|
|t:|1776140493
|switch|p2a: Darkrai|Darkrai|46/100
|-damage|p2a: Darkrai|34/100|[from] Stealth Rock
|turn|24
|
|t:|1776140497
|move|p2a: Darkrai|Dark Pulse|p1a: Corviknight
|-damage|p1a: Corviknight|0 fnt
|faint|p1a: Corviknight
|
|upkeep
|
|t:|1776140500
|switch|p1a: Dragapult|Dragapult, F|33/100
|turn|25
|
|t:|1776140502
|move|p1a: Dragapult|U-turn|p2a: Darkrai
|-supereffective|p2a: Darkrai
|-damage|p2a: Darkrai|0 fnt
|faint|p2a: Darkrai
|
|t:|1776140504
|switch|p1a: Great Tusk|Great Tusk|100/100|[from] U-turn
|
|upkeep
|
|t:|1776140506
|switch|p2a: Zoroark|Zoroark, F|100/100
|-damage|p2a: Zoroark|88/100|[from] Stealth Rock
|turn|26
|
|t:|1776140511
|move|p2a: Zoroark|Swords Dance|p2a: Zoroark
|-boost|p2a: Zoroark|atk|2
|move|p1a: Great Tusk|Close Combat|p2a: Zoroark
|-supereffective|p2a: Zoroark
|-damage|p2a: Zoroark|0 fnt
|-unboost|p1a: Great Tusk|def|1
|-unboost|p1a: Great Tusk|spd|1
|faint|p2a: Zoroark
|
|win|tokiwakano
|raw|tokiwakano's rating: 1586 &rarr; <strong>1610</strong><br />(+24 for winning)
|raw|chill element's rating: 1656 &rarr; <strong>1632</strong><br />(-24 for losing)
