|html|<div class="broadcast-blue"><strong>[Gen 9] OU is currently suspecting Volcarona! For information on how to participate check out the <a href="https://www.smogon.com/tools/suspects/view/208">suspect thread</a>.</strong></div>
|j|☆purgesalazar
|j|☆NeptuneInShowdown
|t:|1778508584
|gametype|singles
|player|p1|purgesalazar|170|1239
|player|p2|NeptuneInShowdown|policeman-gen4|1259
|gen|9
|tier|[Gen 9] OU
|rated|
|rule|HP Percentage Mod: HP is shown in percentages
|rule|Endless Battle Clause: Forcing endless battles is banned
|rule|Species Clause: Limit one of each Pokémon
|rule|OHKO Clause: OHKO moves are banned
|rule|Evasion Items Clause: Evasion items are banned
|rule|Evasion Moves Clause: Evasion moves are banned
|rule|Evasion Abilities Clause: Evasion abilities are banned
|rule|Sleep Moves Clause: Sleep-inducing moves are banned
|clearpoke
|poke|p1|Rillaboom, F|
|poke|p1|Great Tusk|
|poke|p1|Volcarona, F|
|poke|p1|Hatterene, F|
|poke|p1|Ogerpon-Cornerstone, F|
|poke|p1|Raging Bolt|
|poke|p2|Hatterene, F|
|poke|p2|Gallade, M|
|poke|p2|Porygon2|
|poke|p2|Ursaluna, F|
|poke|p2|Torkoal, M|
|poke|p2|Exeggutor-Alola, F|
|teampreview
|
|t:|1778508591
|teamsize|p1|6
|teamsize|p2|6
|start
|switch|p1a: Rillaboom|Rillaboom, F|100/100
|switch|p2a: Duck|Porygon2, shiny|100/100
|-fieldstart|move: Grassy Terrain|[from] ability: Grassy Surge|[of] p1a: Rillaboom
|-ability|p2a: Duck|Grassy Surge|Trace|[from] ability: Trace|[of] p1a: Rillaboom
|turn|1
|
|t:|1778508597
|move|p1a: Rillaboom|Taunt|p2a: Duck
|-start|p2a: Duck|move: Taunt
|cant|p2a: Duck|move: Taunt|Trick Room
|
|upkeep
|turn|2
|
|t:|1778508607
|switch|p2a: Egg|Exeggutor-Alola, F|100/100
|-item|p1a: Rillaboom|Terrain Extender|[from] ability: Frisk|[of] p2a: Egg
|move|p1a: Rillaboom|Knock Off|p2a: Egg
|-damage|p2a: Egg|70/100
|-enditem|p2a: Egg|Leftovers|[from] move: Knock Off|[of] p1a: Rillaboom
|
|-heal|p2a: Egg|76/100|[from] Grassy Terrain
|upkeep
|turn|3
|
|t:|1778508614
|move|p1a: Rillaboom|U-turn|p2a: Egg
|-supereffective|p2a: Egg
|-damage|p2a: Egg|29/100
|
|t:|1778508620
|switch|p1a: Hatterene|Hatterene, F|100/100|[from] U-turn
|move|p2a: Egg|Trick Room|p2a: Egg
|-fieldstart|move: Trick Room|[of] p2a: Egg
|
|-heal|p2a: Egg|35/100|[from] Grassy Terrain
|upkeep
|turn|4
|inactive|Battle timer is ON: inactive players will automatically lose when time's up. (requested by purgesalazar)
|
|t:|1778508650
|switch|p2a: thebear|Ursaluna, F|100/100
|move|p1a: Hatterene|Psychic Noise|p2a: thebear
|-damage|p2a: thebear|70/100
|-start|p2a: thebear|move: Heal Block
|
|-status|p2a: thebear|brn|[from] item: Flame Orb
|upkeep
|turn|5
|
|t:|1778508666
|switch|p1a: Great Tusk|Great Tusk|100/100
|move|p2a: thebear|Facade|p1a: Great Tusk
|-damage|p1a: Great Tusk|24/100
|
|-heal|p1a: Great Tusk|30/100|[from] Grassy Terrain
|-damage|p2a: thebear|64/100 brn|[from] brn
|-end|p2a: thebear|move: Heal Block
|upkeep
|turn|6
|
|t:|1778508684
|move|p2a: thebear|Facade|p1a: Great Tusk
|-damage|p1a: Great Tusk|0 fnt
|faint|p1a: Great Tusk
|-end|p1a: Great Tusk|Protosynthesis|[silent]
|
|-heal|p2a: thebear|70/100 brn|[from] Grassy Terrain
|-damage|p2a: thebear|64/100 brn|[from] brn
|upkeep
|
|t:|1778508696
|switch|p1a: Ogerpon|Ogerpon-Cornerstone, F|100/100
|turn|7
|
|t:|1778508707
|move|p2a: thebear|Ice Punch|p1a: Ogerpon
|-supereffective|p1a: Ogerpon
|-ability|p1a: Ogerpon|Sturdy
|-damage|p1a: Ogerpon|1/100
|move|p1a: Ogerpon|Low Kick|p2a: thebear
|-supereffective|p2a: thebear
|-damage|p2a: thebear|0 fnt
|faint|p2a: thebear
|
|-heal|p1a: Ogerpon|7/100|[from] Grassy Terrain
|-fieldend|move: Trick Room
|upkeep
|
|t:|1778508716
|switch|p2a: Egg|Exeggutor-Alola, F|35/100
|-item|p1a: Ogerpon|Cornerstone Mask|[from] ability: Frisk|[of] p2a: Egg
|turn|8
|
|t:|1778508721
|move|p1a: Ogerpon|Ivy Cudgel|p2a: Egg|[anim] Ivy Cudgel Rock
|-damage|p2a: Egg|0 fnt
|faint|p2a: Egg
|
|-heal|p1a: Ogerpon|13/100|[from] Grassy Terrain
|-fieldend|move: Grassy Terrain
|upkeep
|
|t:|1778508727
|switch|p2a: Duck|Porygon2, shiny|100/100
|-ability|p2a: Duck|Sturdy|Trace|[from] ability: Trace|[of] p1a: Ogerpon
|turn|9
|inactive|purgesalazar has 120 seconds left.
|
|t:|1778508765
|move|p1a: Ogerpon|Ivy Cudgel|p2a: Duck|[anim] Ivy Cudgel Rock
|-damage|p2a: Duck|38/100
|move|p2a: Duck|Trick Room|p2a: Duck
|-fieldstart|move: Trick Room|[of] p2a: Duck
|
|upkeep
|turn|10
|
|t:|1778508772
|move|p2a: Duck|Ice Beam|p1a: Ogerpon
|-supereffective|p1a: Ogerpon
|-damage|p1a: Ogerpon|0 fnt
|faint|p1a: Ogerpon
|
|upkeep
|inactive|purgesalazar has 120 seconds left.
|
|t:|1778508802
|switch|p1a: Hatterene|Hatterene, F|100/100
|turn|11
|
|t:|1778508808
|move|p1a: Hatterene|Psychic Noise|p2a: Duck
|-crit|p2a: Duck
|-damage|p2a: Duck|0 fnt
|faint|p2a: Duck
|
|upkeep
|
|t:|1778508812
|switch|p2a: Torkoal|Torkoal, M|100/100
|-weather|SunnyDay|[from] ability: Drought|[of] p2a: Torkoal
|turn|12
|
|t:|1778508840
|move|p2a: Torkoal|Eruption|p1a: Hatterene
|-damage|p1a: Hatterene|0 fnt
|faint|p1a: Hatterene
|
|-weather|SunnyDay|[upkeep]
|upkeep
|inactive|purgesalazar has 90 seconds left.
|
|t:|1778508854
|switch|p1a: Raging Bolt|Raging Bolt|100/100
|-activate|p1a: Raging Bolt|ability: Protosynthesis
|-start|p1a: Raging Bolt|protosynthesisspa
|turn|13
|inactive|purgesalazar has 90 seconds left.
|
|t:|1778508865
|move|p1a: Raging Bolt|Thunderclap|p2a: Torkoal
|-damage|p2a: Torkoal|0 fnt
|faint|p2a: Torkoal
|
|-weather|SunnyDay|[upkeep]
|-fieldend|move: Trick Room
|upkeep
|
|t:|1778508875
|switch|p2a: Hatterene|Hatterene, F|100/100
|turn|14
|
|t:|1778508880
|-end|p1a: Raging Bolt|Protosynthesis|[silent]
|switch|p1a: Rillaboom|Rillaboom, F|100/100
|-fieldstart|move: Grassy Terrain|[from] ability: Grassy Surge|[of] p1a: Rillaboom
|move|p2a: Hatterene|Trick Room|p2a: Hatterene
|-fieldstart|move: Trick Room|[of] p2a: Hatterene
|
|-weather|SunnyDay|[upkeep]
|upkeep
|turn|15
|
|t:|1778508894
|-terastallize|p2a: Hatterene|Fire
|move|p2a: Hatterene|Mystical Fire|p1a: Rillaboom
|-supereffective|p1a: Rillaboom
|-damage|p1a: Rillaboom|0 fnt
|faint|p1a: Rillaboom
|
|-weather|SunnyDay|[upkeep]
|upkeep
|inactive|purgesalazar has 90 seconds left.
|
|t:|1778508923
|switch|p1a: Raging Bolt|Raging Bolt|100/100
|-activate|p1a: Raging Bolt|ability: Protosynthesis
|-start|p1a: Raging Bolt|protosynthesisspa
|turn|16
|inactive|purgesalazar has 90 seconds left.
|
|t:|1778508932
|-terastallize|p1a: Raging Bolt|Fairy
|move|p2a: Hatterene|Dazzling Gleam|p1a: Raging Bolt
|-damage|p1a: Raging Bolt|52/100
|move|p1a: Raging Bolt|Draco Meteor|p2a: Hatterene
|-damage|p2a: Hatterene|0 fnt
|-unboost|p1a: Raging Bolt|spa|2
|faint|p2a: Hatterene
|
|-weather|none
|-end|p1a: Raging Bolt|Protosynthesis
|-heal|p1a: Raging Bolt|58/100|[from] Grassy Terrain
|upkeep
|
|t:|1778508940
|switch|p2a: Gallade|Gallade, M|100/100
|turn|17
|
|t:|1778508946
|move|p2a: Gallade|Triple Axel|p1a: Raging Bolt
|-damage|p1a: Raging Bolt|51/100
|-damage|p1a: Raging Bolt|37/100
|-damage|p1a: Raging Bolt|17/100
|-hitcount|p1a: Raging Bolt|3
|move|p1a: Raging Bolt|Draco Meteor|p2a: Gallade
|-damage|p2a: Gallade|47/100
|-unboost|p1a: Raging Bolt|spa|2
|
|-heal|p2a: Gallade|53/100|[from] Grassy Terrain
|-heal|p2a: Gallade|60/100|[from] item: Leftovers
|-heal|p1a: Raging Bolt|23/100|[from] Grassy Terrain
|upkeep
|turn|18
|
|t:|1778508954
|move|p2a: Gallade|Triple Axel|p1a: Raging Bolt|[miss]
|-miss|p2a: Gallade|p1a: Raging Bolt
|move|p1a: Raging Bolt|Draco Meteor|p2a: Gallade|[miss]
|-miss|p1a: Raging Bolt|p2a: Gallade
|
|-heal|p2a: Gallade|66/100|[from] Grassy Terrain
|-heal|p2a: Gallade|72/100|[from] item: Leftovers
|-heal|p1a: Raging Bolt|29/100|[from] Grassy Terrain
|-fieldend|move: Trick Room
|upkeep
|turn|19
|
|t:|1778508960
|move|p1a: Raging Bolt|Draco Meteor|p2a: Gallade
|-damage|p2a: Gallade|40/100
|-unboost|p1a: Raging Bolt|spa|2
|move|p2a: Gallade|Trick Room|p2a: Gallade
|-fieldstart|move: Trick Room|[of] p2a: Gallade
|
|-heal|p2a: Gallade|46/100|[from] Grassy Terrain
|-heal|p2a: Gallade|52/100|[from] item: Leftovers
|-heal|p1a: Raging Bolt|35/100|[from] Grassy Terrain
|upkeep
|turn|20
|inactive|purgesalazar has 120 seconds left.
|
|t:|1778508972
|-end|p1a: Raging Bolt|Protosynthesis|[silent]
|switch|p1a: Gassy Seed|Volcarona, F|100/100
|-enditem|p1a: Gassy Seed|Grassy Seed
|-boost|p1a: Gassy Seed|def|1|[from] item: Grassy Seed
|move|p2a: Gallade|Swords Dance|p2a: Gallade
|-boost|p2a: Gallade|atk|2
|
|-heal|p2a: Gallade|58/100|[from] Grassy Terrain
|-heal|p2a: Gallade|65/100|[from] item: Leftovers
|upkeep
|turn|21
|inactive|purgesalazar has 120 seconds left.
|
|t:|1778508983
|move|p2a: Gallade|Sacred Sword|p1a: Gassy Seed
|-resisted|p1a: Gassy Seed
|-crit|p1a: Gassy Seed
|-damage|p1a: Gassy Seed|0 fnt
|-status|p2a: Gallade|brn|[from] ability: Flame Body|[of] p1a: Gassy Seed
|faint|p1a: Gassy Seed
|
|-heal|p2a: Gallade|71/100 brn|[from] Grassy Terrain
|-heal|p2a: Gallade|77/100 brn|[from] item: Leftovers
|-damage|p2a: Gallade|71/100 brn|[from] brn
|-fieldend|move: Grassy Terrain
|upkeep
|inactive|purgesalazar has 120 seconds left.
|
|t:|1778508989
|switch|p1a: Raging Bolt|Raging Bolt, tera:Fairy|35/100
|turn|22
|inactive|purgesalazar has 120 seconds left.
|
|t:|1778509008
|move|p2a: Gallade|Sacred Sword|p1a: Raging Bolt
|-resisted|p1a: Raging Bolt
|-crit|p1a: Raging Bolt
|-damage|p1a: Raging Bolt|0 fnt
|faint|p1a: Raging Bolt
|-end|p1a: Raging Bolt|Protosynthesis|[silent]
|
|win|NeptuneInShowdown
|raw|purgesalazar's rating: 1239 &rarr; <strong>1215</strong><br />(-24 for losing)
|raw|NeptuneInShowdown's rating: 1259 &rarr; <strong>1283</strong><br />(+24 for winning)
|c|☆purgesalazar|bro
|c|☆NeptuneInShowdown|rip
|l|☆NeptuneInShowdown
|player|p2|
|l|☆purgesalazar
|player|p1|
