|html|<div class="broadcast-blue"><strong>[Gen 9] OU is currently suspecting Tera Blast! For information on how to participate check out the <a href="https://www.smogon.com/tools/suspects/view/200">suspect thread</a>.</strong></div>
|j|☆RomN-Tick
|j|☆Saturation1
|t:|1776223270
|gametype|singles
|player|p1|RomN-Tick|ethan|1611
|player|p2|Saturation1|266|1727
|gen|9
|tier|[Gen 9] OU
|rated|
|rule|HP Percentage Mod: HP is shown in percentages
|rule|Endless Battle Clause: Forcing endless battles is banned
|rule|Species Clause: Limit one of each Pokémon
|rule|OHKO Clause: OHKO moves are banned
|rule|Evasion Items Clause: Evasion items are banned
|rule|Evasion Moves Clause: Evasion moves are banned
|rule|Evasion Abilities Clause: Evasion abilities are banned
|rule|Sleep Moves Clause: Sleep-inducing moves are banned
|clearpoke
|poke|p1|Lokix, M|
|poke|p1|Tinkaton, F|
|poke|p1|Slowking, M|
|poke|p1|Rotom-Heat|
|poke|p1|Dragapult, F|
|poke|p1|Great Tusk|
|poke|p2|Clodsire, F|
|poke|p2|Alomomola, F|
|poke|p2|Iron Treads|
|poke|p2|Raging Bolt|
|poke|p2|Skarmory, M|
|poke|p2|Dragapult, F|
|teampreview
|
|t:|1776223284
|teamsize|p1|6
|teamsize|p2|6
|start
|switch|p1a: Lokix|Lokix, M|100/100
|switch|p2a: Clodsire|Clodsire, F|100/100
|turn|1
|
|t:|1776223288
|switch|p2a: Skarmory|Skarmory, M|100/100
|move|p1a: Lokix|U-turn|p2a: Skarmory
|-resisted|p2a: Skarmory
|-damage|p2a: Skarmory|86/100
|-damage|p1a: Lokix|84/100|[from] item: Rocky Helmet|[of] p2a: Skarmory
|
|t:|1776223290
|switch|p1a: Dragapult|Dragapult, F, shiny|100/100|[from] U-turn
|
|upkeep
|turn|2
|
|t:|1776223295
|switch|p2a: Iron Treads|Iron Treads|100/100
|move|p1a: Dragapult|Will-O-Wisp|p2a: Iron Treads
|-status|p2a: Iron Treads|brn
|
|-damage|p2a: Iron Treads|94/100 brn|[from] brn
|upkeep
|turn|3
|
|t:|1776223299
|move|p1a: Dragapult|Hex|p2a: Iron Treads
|-damage|p2a: Iron Treads|65/100 brn
|move|p2a: Iron Treads|Knock Off|p1a: Dragapult
|-supereffective|p1a: Dragapult
|-damage|p1a: Dragapult|68/100
|-enditem|p1a: Dragapult|Heavy-Duty Boots|[from] move: Knock Off|[of] p2a: Iron Treads
|
|-damage|p2a: Iron Treads|59/100 brn|[from] brn
|upkeep
|turn|4
|
|t:|1776223305
|move|p1a: Dragapult|U-turn|p2a: Iron Treads
|-resisted|p2a: Iron Treads
|-damage|p2a: Iron Treads|53/100 brn
|
|t:|1776223308
|switch|p1a: Rotom|Rotom-Heat|100/100|[from] U-turn
|move|p2a: Iron Treads|Knock Off|p1a: Rotom
|-damage|p1a: Rotom|91/100
|-enditem|p1a: Rotom|Heavy-Duty Boots|[from] move: Knock Off|[of] p2a: Iron Treads
|
|-damage|p2a: Iron Treads|46/100 brn|[from] brn
|upkeep
|turn|5
|
|t:|1776223317
|-end|p2a: Iron Treads|Quark Drive|[silent]
|switch|p2a: Clodsire|Clodsire, F|100/100
|move|p1a: Rotom|Overheat|p2a: Clodsire
|-damage|p2a: Clodsire|76/100
|-unboost|p1a: Rotom|spa|2
|
|-heal|p2a: Clodsire|82/100|[from] item: Leftovers
|upkeep
|turn|6
|
|t:|1776223322
|move|p1a: Rotom|Will-O-Wisp|p2a: Clodsire
|-status|p2a: Clodsire|brn
|move|p2a: Clodsire|Stealth Rock|p1a: Rotom
|-sidestart|p1: RomN-Tick|move: Stealth Rock
|
|-heal|p2a: Clodsire|88/100 brn|[from] item: Leftovers
|-damage|p2a: Clodsire|82/100 brn|[from] brn
|upkeep
|turn|7
|
|t:|1776223326
|switch|p1a: Tinkaton|Tinkaton, F|100/100
|-damage|p1a: Tinkaton|94/100|[from] Stealth Rock
|-ability|p1a: Tinkaton|Mold Breaker
|move|p2a: Clodsire|Toxic|p1a: Tinkaton
|-immune|p1a: Tinkaton
|
|-heal|p1a: Tinkaton|100/100|[from] item: Leftovers
|-heal|p2a: Clodsire|88/100 brn|[from] item: Leftovers
|-damage|p2a: Clodsire|82/100 brn|[from] brn
|upkeep
|turn|8
|
|t:|1776223332
|switch|p2a: Alomomola|Alomomola, F|100/100
|move|p1a: Tinkaton|Stealth Rock|p2a: Alomomola
|-sidestart|p2: Saturation1|move: Stealth Rock
|
|upkeep
|turn|9
|
|t:|1776223337
|move|p1a: Tinkaton|Thunder Wave|p2a: Alomomola
|-status|p2a: Alomomola|par
|move|p2a: Alomomola|Flip Turn|p1a: Tinkaton
|-damage|p1a: Tinkaton|62/100
|
|t:|1776223348
|switch|p2a: Iron Treads|Iron Treads|46/100 brn|[from] Flip Turn
|-damage|p2a: Iron Treads|43/100 brn|[from] Stealth Rock
|
|-heal|p1a: Tinkaton|68/100|[from] item: Leftovers
|-damage|p2a: Iron Treads|37/100 brn|[from] brn
|upkeep
|turn|10
|
|t:|1776223351
|switch|p1a: Dragapult|Dragapult, F, shiny|68/100
|-damage|p1a: Dragapult|56/100|[from] Stealth Rock
|move|p2a: Iron Treads|Knock Off|p1a: Dragapult
|-supereffective|p1a: Dragapult
|-damage|p1a: Dragapult|34/100
|
|-damage|p2a: Iron Treads|31/100 brn|[from] brn
|upkeep
|turn|11
|
|t:|1776223363
|move|p1a: Dragapult|U-turn|p2a: Iron Treads
|-resisted|p2a: Iron Treads
|-damage|p2a: Iron Treads|24/100 brn
|
|t:|1776223364
|switch|p1a: Great Tusk|Great Tusk|100/100|[from] U-turn
|-damage|p1a: Great Tusk|98/100|[from] Stealth Rock
|move|p2a: Iron Treads|Knock Off|p1a: Great Tusk
|-resisted|p1a: Great Tusk
|-damage|p1a: Great Tusk|94/100
|-enditem|p1a: Great Tusk|Leftovers|[from] move: Knock Off|[of] p2a: Iron Treads
|
|-damage|p2a: Iron Treads|18/100 brn|[from] brn
|upkeep
|turn|12
|
|t:|1776223370
|-end|p2a: Iron Treads|Quark Drive|[silent]
|switch|p2a: Skarmory|Skarmory, M|86/100
|-damage|p2a: Skarmory|73/100|[from] Stealth Rock
|move|p1a: Great Tusk|Rapid Spin|p2a: Skarmory
|-resisted|p2a: Skarmory
|-damage|p2a: Skarmory|69/100
|-boost|p1a: Great Tusk|spe|1
|-damage|p1a: Great Tusk|77/100|[from] item: Rocky Helmet|[of] p2a: Skarmory
|-sideend|p1: RomN-Tick|Stealth Rock|[from] move: Rapid Spin|[of] p1a: Great Tusk
|
|upkeep
|turn|13
|
|t:|1776223373
|move|p1a: Great Tusk|Knock Off|p2a: Skarmory
|-damage|p2a: Skarmory|54/100
|-damage|p1a: Great Tusk|60/100|[from] item: Rocky Helmet|[of] p2a: Skarmory
|-enditem|p2a: Skarmory|Rocky Helmet|[from] move: Knock Off|[of] p1a: Great Tusk
|move|p2a: Skarmory|Spikes|p1a: Great Tusk
|-sidestart|p1: RomN-Tick|Spikes
|
|upkeep
|turn|14
|
|t:|1776223378
|move|p1a: Great Tusk|Rapid Spin|p2a: Skarmory
|-resisted|p2a: Skarmory
|-damage|p2a: Skarmory|50/100
|-boost|p1a: Great Tusk|spe|1
|-sideend|p1: RomN-Tick|Spikes|[from] move: Rapid Spin|[of] p1a: Great Tusk
|move|p2a: Skarmory|Roost|p2a: Skarmory
|-heal|p2a: Skarmory|99/100
|-singleturn|p2a: Skarmory|move: Roost
|
|upkeep
|turn|15
|
|t:|1776223383
|-end|p1a: Great Tusk|Protosynthesis|[silent]
|switch|p1a: Dragapult|Dragapult, F, shiny|34/100
|move|p2a: Skarmory|Spikes|p1a: Dragapult
|-sidestart|p1: RomN-Tick|Spikes
|
|upkeep
|turn|16
|
|t:|1776223388
|switch|p2a: Iron Treads|Iron Treads|18/100 brn
|-damage|p2a: Iron Treads|15/100 brn|[from] Stealth Rock
|move|p1a: Dragapult|Hex|p2a: Iron Treads
|-damage|p2a: Iron Treads|0 fnt
|faint|p2a: Iron Treads
|-end|p2a: Iron Treads|Quark Drive|[silent]
|
|upkeep
|
|t:|1776223404
|switch|p2a: Dragapult|Dragapult, F|100/100
|turn|17
|
|t:|1776223423
|switch|p1a: Tinkaton|Tinkaton, F|68/100
|-damage|p1a: Tinkaton|55/100|[from] Spikes
|-ability|p1a: Tinkaton|Mold Breaker
|move|p2a: Dragapult|Hex|p1a: Tinkaton
|-damage|p1a: Tinkaton|40/100
|
|-heal|p1a: Tinkaton|46/100|[from] item: Leftovers
|upkeep
|turn|18
|
|t:|1776223430
|move|p2a: Dragapult|U-turn|p1a: Tinkaton
|-resisted|p1a: Tinkaton
|-damage|p1a: Tinkaton|40/100
|
|t:|1776223433
|switch|p2a: Alomomola|Alomomola, F|100/100 par|[from] U-turn
|-damage|p2a: Alomomola|88/100 par|[from] Stealth Rock
|move|p1a: Tinkaton|Thunder Wave|p2a: Alomomola
|-fail|p2a: Alomomola|par
|
|-heal|p1a: Tinkaton|46/100|[from] item: Leftovers
|upkeep
|turn|19
|
|t:|1776223447
|switch|p1a: Slowking|Slowking, M|100/100
|cant|p2a: Alomomola|par
|
|upkeep
|turn|20
|
|t:|1776223453
|move|p2a: Alomomola|Flip Turn|p1a: Slowking
|-resisted|p1a: Slowking
|-damage|p1a: Slowking|81/100
|
|t:|1776223456
|switch|p2a: Clodsire|Clodsire, F|82/100 brn|[from] Flip Turn
|-damage|p2a: Clodsire|76/100 brn|[from] Stealth Rock
|move|p1a: Slowking|Future Sight|p2a: Clodsire
|-start|p1a: Slowking|move: Future Sight
|
|-heal|p2a: Clodsire|82/100 brn|[from] item: Leftovers
|-damage|p2a: Clodsire|76/100 brn|[from] brn
|upkeep
|turn|21
|
|t:|1776223462
|move|p2a: Clodsire|Toxic|p1a: Slowking
|-status|p1a: Slowking|tox
|-prepare|p1a: Slowking|Chilly Reception|[premajor]
|move|p1a: Slowking|Chilly Reception|p1a: Slowking
|-weather|Snowscape
|
|t:|1776223481
|switch|p1a: Dragapult|Dragapult, F, shiny|34/100|[from] Chilly Reception
|-damage|p1a: Dragapult|21/100|[from] Spikes
|
|-weather|Snowscape|[upkeep]
|-heal|p2a: Clodsire|82/100 brn|[from] item: Leftovers
|-damage|p2a: Clodsire|76/100 brn|[from] brn
|upkeep
|turn|22
|
|t:|1776223486
|move|p1a: Dragapult|U-turn|p2a: Clodsire
|-resisted|p2a: Clodsire
|-damage|p2a: Clodsire|66/100 brn
|
|t:|1776223489
|switch|p1a: Tinkaton|Tinkaton, F|46/100|[from] U-turn
|-damage|p1a: Tinkaton|34/100|[from] Spikes
|-ability|p1a: Tinkaton|Mold Breaker
|move|p2a: Clodsire|Earthquake|p1a: Tinkaton
|-supereffective|p1a: Tinkaton
|-damage|p1a: Tinkaton|3/100
|
|-weather|Snowscape|[upkeep]
|-end|p2a: Clodsire|move: Future Sight
|-supereffective|p2a: Clodsire
|-damage|p2a: Clodsire|25/100 brn
|-heal|p1a: Tinkaton|9/100|[from] item: Leftovers
|-heal|p2a: Clodsire|31/100 brn|[from] item: Leftovers
|-damage|p2a: Clodsire|25/100 brn|[from] brn
|upkeep
|turn|23
|
|t:|1776223494
|switch|p2a: Alomomola|Alomomola, F|100/100 par
|-damage|p2a: Alomomola|88/100 par|[from] Stealth Rock
|move|p1a: Tinkaton|Gigaton Hammer|p2a: Alomomola
|-resisted|p2a: Alomomola
|-damage|p2a: Alomomola|75/100 par
|
|-weather|Snowscape|[upkeep]
|-heal|p1a: Tinkaton|16/100|[from] item: Leftovers
|upkeep
|turn|24
|
|t:|1776223504
|switch|p1a: Slowking|Slowking, M|100/100 tox
|move|p2a: Alomomola|Flip Turn|p1a: Slowking
|-resisted|p1a: Slowking
|-damage|p1a: Slowking|83/100 tox
|
|t:|1776223510
|switch|p2a: Raging Bolt|Raging Bolt|100/100|[from] Flip Turn
|-damage|p2a: Raging Bolt|88/100|[from] Stealth Rock
|
|-weather|Snowscape|[upkeep]
|-damage|p1a: Slowking|77/100 tox|[from] psn
|upkeep
|turn|25
|
|t:|1776223525
|-terastallize|p2a: Raging Bolt|Fairy
|-terastallize|p1a: Slowking|Fairy
|move|p2a: Raging Bolt|Tera Blast|p1a: Slowking|[anim] Tera Blast Fairy
|-damage|p1a: Slowking|33/100 tox
|-prepare|p1a: Slowking|Chilly Reception|[premajor]
|move|p1a: Slowking|Chilly Reception|p1a: Slowking
|
|t:|1776223550
|switch|p1a: Rotom|Rotom-Heat|91/100|[from] Chilly Reception
|
|-weather|none
|upkeep
|turn|26
|
|t:|1776223555
|-end|p2a: Raging Bolt|Protosynthesis|[silent]
|switch|p2a: Clodsire|Clodsire, F|25/100 brn
|-damage|p2a: Clodsire|18/100 brn|[from] Stealth Rock
|move|p1a: Rotom|Volt Switch|p2a: Clodsire
|-immune|p2a: Clodsire
|
|-heal|p2a: Clodsire|25/100 brn|[from] item: Leftovers
|-damage|p2a: Clodsire|18/100 brn|[from] brn
|upkeep
|turn|27
|
|t:|1776223557
|move|p1a: Rotom|Overheat|p2a: Clodsire
|-damage|p2a: Clodsire|0 fnt
|-unboost|p1a: Rotom|spa|2
|faint|p2a: Clodsire
|
|upkeep
|
|t:|1776223564
|switch|p2a: Raging Bolt|Raging Bolt, tera:Fairy|88/100
|-damage|p2a: Raging Bolt|76/100|[from] Stealth Rock
|turn|28
|
|t:|1776223570
|move|p1a: Rotom|Volt Switch|p2a: Raging Bolt
|-damage|p2a: Raging Bolt|66/100
|
|t:|1776223574
|switch|p1a: Tinkaton|Tinkaton, F|16/100|[from] Volt Switch
|-damage|p1a: Tinkaton|3/100|[from] Spikes
|-ability|p1a: Tinkaton|Mold Breaker
|move|p2a: Raging Bolt|Tera Blast|p1a: Tinkaton|[anim] Tera Blast Fairy
|-resisted|p1a: Tinkaton
|-damage|p1a: Tinkaton|0 fnt
|faint|p1a: Tinkaton
|
|upkeep
|
|t:|1776223590
|switch|p1a: Rotom|Rotom-Heat|91/100
|turn|29
|
|t:|1776223596
|-end|p2a: Raging Bolt|Protosynthesis|[silent]
|switch|p2a: Dragapult|Dragapult, F|100/100
|move|p1a: Rotom|Volt Switch|p2a: Dragapult
|-resisted|p2a: Dragapult
|-damage|p2a: Dragapult|84/100
|
|t:|1776223600
|switch|p1a: Lokix|Lokix, M|84/100|[from] Volt Switch
|-damage|p1a: Lokix|72/100|[from] Spikes
|
|upkeep
|turn|30
|
|t:|1776223605
|switch|p2a: Skarmory|Skarmory, M|99/100
|-damage|p2a: Skarmory|88/100|[from] Stealth Rock
|move|p1a: Lokix|U-turn|p2a: Skarmory
|-resisted|p2a: Skarmory
|-damage|p2a: Skarmory|73/100
|
|t:|1776223611
|switch|p1a: Rotom|Rotom-Heat|91/100|[from] U-turn
|
|upkeep
|turn|31
|
|t:|1776223615
|switch|p2a: Dragapult|Dragapult, F|84/100
|move|p1a: Rotom|Volt Switch|p2a: Dragapult
|-resisted|p2a: Dragapult
|-damage|p2a: Dragapult|66/100
|
|t:|1776223623
|switch|p1a: Lokix|Lokix, M|72/100|[from] Volt Switch
|-damage|p1a: Lokix|59/100|[from] Spikes
|
|upkeep
|turn|32
|
|t:|1776223626
|switch|p2a: Skarmory|Skarmory, M|73/100
|-damage|p2a: Skarmory|60/100|[from] Stealth Rock
|move|p1a: Lokix|First Impression|p2a: Skarmory
|-resisted|p2a: Skarmory
|-damage|p2a: Skarmory|43/100
|
|upkeep
|turn|33
|
|t:|1776223629
|switch|p1a: Rotom|Rotom-Heat|91/100
|move|p2a: Skarmory|Roost|p2a: Skarmory
|-heal|p2a: Skarmory|93/100
|-singleturn|p2a: Skarmory|move: Roost
|
|upkeep
|turn|34
|
|t:|1776223632
|switch|p2a: Dragapult|Dragapult, F|66/100
|move|p1a: Rotom|Volt Switch|p2a: Dragapult
|-resisted|p2a: Dragapult
|-damage|p2a: Dragapult|48/100
|
|t:|1776223635
|switch|p1a: Lokix|Lokix, M|59/100|[from] Volt Switch
|-damage|p1a: Lokix|47/100|[from] Spikes
|
|upkeep
|turn|35
|
|t:|1776223643
|switch|p2a: Skarmory|Skarmory, M|93/100
|-damage|p2a: Skarmory|81/100|[from] Stealth Rock
|move|p1a: Lokix|First Impression|p2a: Skarmory
|-resisted|p2a: Skarmory
|-damage|p2a: Skarmory|60/100
|
|upkeep
|turn|36
|
|t:|1776223648
|switch|p1a: Rotom|Rotom-Heat|91/100
|move|p2a: Skarmory|Roost|p2a: Skarmory
|-heal|p2a: Skarmory|100/100
|-singleturn|p2a: Skarmory|move: Roost
|
|upkeep
|turn|37
|
|t:|1776223651
|switch|p2a: Dragapult|Dragapult, F|48/100
|move|p1a: Rotom|Volt Switch|p2a: Dragapult
|-resisted|p2a: Dragapult
|-damage|p2a: Dragapult|30/100
|
|t:|1776223663
|switch|p1a: Lokix|Lokix, M|47/100|[from] Volt Switch
|-damage|p1a: Lokix|34/100|[from] Spikes
|
|upkeep
|turn|38
|
|t:|1776223666
|switch|p2a: Skarmory|Skarmory, M|100/100
|-damage|p2a: Skarmory|88/100|[from] Stealth Rock
|move|p1a: Lokix|U-turn|p2a: Skarmory
|-resisted|p2a: Skarmory
|-damage|p2a: Skarmory|72/100
|
|t:|1776223669
|switch|p1a: Rotom|Rotom-Heat|91/100|[from] U-turn
|
|upkeep
|turn|39
|
|t:|1776223672
|switch|p2a: Dragapult|Dragapult, F|30/100
|move|p1a: Rotom|Volt Switch|p2a: Dragapult
|-resisted|p2a: Dragapult
|-damage|p2a: Dragapult|12/100
|
|t:|1776223678
|switch|p1a: Lokix|Lokix, M|34/100|[from] Volt Switch
|-damage|p1a: Lokix|22/100|[from] Spikes
|
|upkeep
|turn|40
|
|t:|1776223681
|switch|p2a: Skarmory|Skarmory, M|72/100
|-damage|p2a: Skarmory|60/100|[from] Stealth Rock
|move|p1a: Lokix|First Impression|p2a: Skarmory
|-resisted|p2a: Skarmory
|-damage|p2a: Skarmory|42/100
|
|upkeep
|turn|41
|
|t:|1776223683
|switch|p1a: Rotom|Rotom-Heat|91/100
|move|p2a: Skarmory|Roost|p2a: Skarmory
|-heal|p2a: Skarmory|92/100
|-singleturn|p2a: Skarmory|move: Roost
|
|upkeep
|turn|42
|
|t:|1776223687
|switch|p2a: Dragapult|Dragapult, F|12/100
|move|p1a: Rotom|Volt Switch|p2a: Dragapult
|-resisted|p2a: Dragapult
|-damage|p2a: Dragapult|0 fnt
|faint|p2a: Dragapult
|
|t:|1776223704
|switch|p1a: Lokix|Lokix, M|22/100|[from] Volt Switch
|-damage|p1a: Lokix|10/100|[from] Spikes
|
|upkeep
|
|t:|1776223709
|switch|p2a: Skarmory|Skarmory, M|92/100
|-damage|p2a: Skarmory|80/100|[from] Stealth Rock
|turn|43
|
|t:|1776223714
|move|p1a: Lokix|Leech Life|p2a: Skarmory
|-resisted|p2a: Skarmory
|-damage|p2a: Skarmory|65/100
|-heal|p1a: Lokix|19/100|[from] drain|[of] p2a: Skarmory
|move|p2a: Skarmory|Spikes|p1a: Lokix
|-sidestart|p1: RomN-Tick|Spikes
|
|upkeep
|turn|44
|
|t:|1776223719
|switch|p1a: Rotom|Rotom-Heat|91/100
|move|p2a: Skarmory|Roost|p2a: Skarmory
|-heal|p2a: Skarmory|100/100
|-singleturn|p2a: Skarmory|move: Roost
|
|upkeep
|turn|45
|
|t:|1776223727
|move|p1a: Rotom|Volt Switch|p2a: Skarmory
|-supereffective|p2a: Skarmory
|-damage|p2a: Skarmory|37/100
|
|t:|1776223729
|switch|p1a: Great Tusk|Great Tusk|60/100|[from] Volt Switch
|-damage|p1a: Great Tusk|44/100|[from] Spikes
|move|p2a: Skarmory|Spikes|p1a: Great Tusk
|-sidestart|p1: RomN-Tick|Spikes
|
|upkeep
|turn|46
|
|t:|1776223735
|move|p1a: Great Tusk|Rapid Spin|p2a: Skarmory
|-resisted|p2a: Skarmory
|-damage|p2a: Skarmory|33/100
|-boost|p1a: Great Tusk|spe|1
|-sideend|p1: RomN-Tick|Spikes|[from] move: Rapid Spin|[of] p1a: Great Tusk
|move|p2a: Skarmory|Brave Bird|p1a: Great Tusk
|-supereffective|p1a: Great Tusk
|-damage|p1a: Great Tusk|2/100
|-damage|p2a: Skarmory|15/100|[from] Recoil
|
|upkeep
|turn|47
|
|t:|1776223747
|move|p1a: Great Tusk|Ice Spinner|p2a: Skarmory
|-damage|p2a: Skarmory|0 fnt
|faint|p2a: Skarmory
|
|upkeep
|
|t:|1776223750
|switch|p2a: Alomomola|Alomomola, F|100/100 par
|-damage|p2a: Alomomola|88/100 par|[from] Stealth Rock
|turn|48
|
|t:|1776223755
|-end|p1a: Great Tusk|Protosynthesis|[silent]
|switch|p1a: Slowking|Slowking, M, tera:Fairy|67/100 tox
|cant|p2a: Alomomola|par
|
|-damage|p1a: Slowking|61/100 tox|[from] psn
|upkeep
|turn|49
|j| GabesMVP777
|
|t:|1776223762
|cant|p2a: Alomomola|par
|-prepare|p1a: Slowking|Chilly Reception|[premajor]
|move|p1a: Slowking|Chilly Reception|p1a: Slowking
|-weather|Snowscape
|
|t:|1776223766
|switch|p1a: Dragapult|Dragapult, F, shiny|21/100|[from] Chilly Reception
|
|-weather|Snowscape|[upkeep]
|upkeep
|turn|50
|
|t:|1776223770
|move|p2a: Alomomola|Aqua Jet|p1a: Dragapult
|-resisted|p1a: Dragapult
|-damage|p1a: Dragapult|4/100
|move|p1a: Dragapult|Hex|p2a: Alomomola
|-damage|p2a: Alomomola|19/100 par
|
|-weather|Snowscape|[upkeep]
|upkeep
|turn|51
|
|t:|1776223776
|cant|p2a: Alomomola|par
|move|p1a: Dragapult|Hex|p2a: Alomomola
|-damage|p2a: Alomomola|0 fnt
|faint|p2a: Alomomola
|
|-weather|Snowscape|[upkeep]
|upkeep
|
|t:|1776223778
|switch|p2a: Raging Bolt|Raging Bolt, tera:Fairy|66/100
|-damage|p2a: Raging Bolt|54/100|[from] Stealth Rock
|turn|52
|
|t:|1776223781
|move|p1a: Dragapult|Will-O-Wisp|p2a: Raging Bolt|[miss]
|-miss|p1a: Dragapult|p2a: Raging Bolt
|move|p2a: Raging Bolt|Thunderbolt|p1a: Dragapult
|-resisted|p1a: Dragapult
|-damage|p1a: Dragapult|0 fnt
|faint|p1a: Dragapult
|
|-weather|Snowscape|[upkeep]
|upkeep
|
|t:|1776223783
|switch|p1a: Great Tusk|Great Tusk|2/100
|turn|53
|-message|Saturation1 forfeited.
|
|win|RomN-Tick
|raw|RomN-Tick's rating: 1611 &rarr; <strong>1637</strong><br />(+26 for winning)
|raw|Saturation1's rating: 1727 &rarr; <strong>1701</strong><br />(-26 for losing)
|l|☆Saturation1
|player|p2|
