|html|<div class="broadcast-blue"><strong>[Gen 9] OU is currently suspecting Volcarona! For information on how to participate check out the <a href="https://www.smogon.com/tools/suspects/view/208">suspect thread</a>.</strong></div>
|j|☆ShibaBiba
|j|☆yowssef
|t:|1778505307
|gametype|singles
|player|p1|ShibaBiba|lucas|1152
|player|p2|yowssef|170|1184
|gen|9
|tier|[Gen 9] OU
|rated|
|rule|HP Percentage Mod: HP is shown in percentages
|rule|Endless Battle Clause: Forcing endless battles is banned
|rule|Species Clause: Limit one of each Pokémon
|rule|OHKO Clause: OHKO moves are banned
|rule|Evasion Items Clause: Evasion items are banned
|rule|Evasion Moves Clause: Evasion moves are banned
|rule|Evasion Abilities Clause: Evasion abilities are banned
|rule|Sleep Moves Clause: Sleep-inducing moves are banned
|clearpoke
|poke|p1|Coalossal, M|
|poke|p1|Cyclizar, M|
|poke|p1|Feraligatr, M|
|poke|p1|Rotom-Mow|
|poke|p1|Iron Treads|
|poke|p1|Diancie|
|poke|p2|Gliscor, M|
|poke|p2|Skarmory, M|
|poke|p2|Toxapex, M|
|poke|p2|Slowking-Galar, M|
|poke|p2|Dragonite, F|
|poke|p2|Kingambit, F|
|teampreview
|inactive|Battle timer is ON: inactive players will automatically lose when time's up. (requested by ShibaBiba)
|
|t:|1778505324
|teamsize|p1|6
|teamsize|p2|6
|start
|switch|p1a: Cannonbolt|Iron Treads, shiny|100/100
|switch|p2a: Gliscor|Gliscor, M|100/100
|-enditem|p1a: Cannonbolt|Booster Energy
|-activate|p1a: Cannonbolt|ability: Quark Drive|[fromitem]
|-start|p1a: Cannonbolt|quarkdrivespe
|turn|1
|
|t:|1778505347
|move|p1a: Cannonbolt|Ice Spinner|p2a: Gliscor
|-supereffective|p2a: Gliscor
|-damage|p2a: Gliscor|15/100
|move|p2a: Gliscor|Earthquake|p1a: Cannonbolt
|-supereffective|p1a: Cannonbolt
|-damage|p1a: Cannonbolt|46/100
|
|-status|p2a: Gliscor|tox|[from] item: Toxic Orb
|upkeep
|turn|2
|
|t:|1778505364
|move|p2a: Gliscor|Protect|p2a: Gliscor
|-singleturn|p2a: Gliscor|Protect
|move|p1a: Cannonbolt|Ice Spinner|p2a: Gliscor
|-activate|p2a: Gliscor|move: Protect
|
|-heal|p2a: Gliscor|28/100 tox|[from] ability: Poison Heal
|upkeep
|turn|3
|
|t:|1778505373
|switch|p2a: Toxapex|Toxapex, M|100/100
|move|p1a: Cannonbolt|Ice Spinner|p2a: Toxapex
|-resisted|p2a: Toxapex
|-damage|p2a: Toxapex|90/100
|
|-heal|p2a: Toxapex|97/100|[from] item: Black Sludge
|upkeep
|turn|4
|
|t:|1778505385
|switch|p2a: Skarmory|Skarmory, M|100/100
|move|p1a: Cannonbolt|Stealth Rock|p2a: Skarmory
|-sidestart|p2: yowssef|move: Stealth Rock
|
|upkeep
|turn|5
|
|t:|1778505397
|move|p1a: Cannonbolt|Ice Spinner|p2a: Skarmory
|-damage|p2a: Skarmory|85/100
|-damage|p1a: Cannonbolt|29/100|[from] item: Rocky Helmet|[of] p2a: Skarmory
|move|p2a: Skarmory|Whirlwind|p1a: Cannonbolt
|-end|p1a: Cannonbolt|Quark Drive|[silent]
|drag|p1a: Diamond Head|Diancie|100/100
|
|upkeep
|turn|6
|
|t:|1778505406
|move|p2a: Skarmory|Stealth Rock|p1a: Diamond Head
|-sidestart|p1: ShibaBiba|move: Stealth Rock
|move|p1a: Diamond Head|Diamond Storm|p2a: Skarmory
|-damage|p2a: Skarmory|57/100
|-boost|p1a: Diamond Head|def|2
|
|upkeep
|turn|7
|
|t:|1778505417
|move|p2a: Skarmory|Spikes|p1a: Diamond Head
|-sidestart|p1: ShibaBiba|Spikes
|move|p1a: Diamond Head|Diamond Storm|p2a: Skarmory
|-damage|p2a: Skarmory|31/100
|
|upkeep
|turn|8
|
|t:|1778505423
|move|p2a: Skarmory|Roost|p2a: Skarmory
|-heal|p2a: Skarmory|81/100
|-singleturn|p2a: Skarmory|move: Roost
|move|p1a: Diamond Head|Diamond Storm|p2a: Skarmory
|-resisted|p2a: Skarmory
|-damage|p2a: Skarmory|69/100
|-boost|p1a: Diamond Head|def|2
|
|upkeep
|turn|9
|
|t:|1778505433
|move|p2a: Skarmory|Spikes|p1a: Diamond Head
|-sidestart|p1: ShibaBiba|Spikes
|move|p1a: Diamond Head|Diamond Storm|p2a: Skarmory
|-damage|p2a: Skarmory|43/100
|
|upkeep
|turn|10
|
|t:|1778505441
|move|p2a: Skarmory|Roost|p2a: Skarmory
|-heal|p2a: Skarmory|93/100
|-singleturn|p2a: Skarmory|move: Roost
|move|p1a: Diamond Head|Body Press|p2a: Skarmory
|-supereffective|p2a: Skarmory
|-damage|p2a: Skarmory|0 fnt
|-damage|p1a: Diamond Head|84/100|[from] item: Rocky Helmet|[of] p2a: Skarmory
|faint|p2a: Skarmory
|
|upkeep
|
|t:|1778505454
|switch|p2a: Gliscor|Gliscor, M|28/100 tox
|-damage|p2a: Gliscor|15/100 tox|[from] Stealth Rock
|turn|11
|
|t:|1778505466
|move|p2a: Gliscor|Toxic|p1a: Diamond Head
|-status|p1a: Diamond Head|tox
|move|p1a: Diamond Head|Diamond Storm|p2a: Gliscor
|-damage|p2a: Gliscor|0 fnt
|faint|p2a: Gliscor
|
|-damage|p1a: Diamond Head|78/100 tox|[from] psn
|upkeep
|
|t:|1778505474
|switch|p2a: Toxapex|Toxapex, M|100/100
|-damage|p2a: Toxapex|88/100|[from] Stealth Rock
|turn|12
|
|t:|1778505484
|move|p2a: Toxapex|Surf|p1a: Diamond Head
|-supereffective|p1a: Diamond Head
|-damage|p1a: Diamond Head|49/100 tox
|move|p1a: Diamond Head|Diamond Storm|p2a: Toxapex
|-damage|p2a: Toxapex|57/100
|-boost|p1a: Diamond Head|def|2
|
|-heal|p2a: Toxapex|63/100|[from] item: Black Sludge
|-damage|p1a: Diamond Head|37/100 tox|[from] psn
|upkeep
|turn|13
|
|t:|1778505495
|move|p2a: Toxapex|Recover|p2a: Toxapex
|-heal|p2a: Toxapex|100/100
|move|p1a: Diamond Head|Body Press|p2a: Toxapex
|-resisted|p2a: Toxapex
|-damage|p2a: Toxapex|49/100
|
|-heal|p2a: Toxapex|55/100|[from] item: Black Sludge
|-damage|p1a: Diamond Head|18/100 tox|[from] psn
|upkeep
|turn|14
|
|t:|1778505510
|move|p2a: Toxapex|Recover|p2a: Toxapex
|-heal|p2a: Toxapex|100/100
|move|p1a: Diamond Head|Body Press|p2a: Toxapex
|-resisted|p2a: Toxapex
|-damage|p2a: Toxapex|49/100
|
|-heal|p2a: Toxapex|55/100|[from] item: Black Sludge
|-damage|p1a: Diamond Head|0 fnt|[from] psn
|faint|p1a: Diamond Head
|upkeep
|
|t:|1778505522
|switch|p1a: Cannonbolt|Iron Treads, shiny|29/100
|-damage|p1a: Cannonbolt|26/100|[from] Stealth Rock
|-damage|p1a: Cannonbolt|10/100|[from] Spikes
|turn|15
|
|t:|1778505534
|switch|p2a: Dragonite|Dragonite, F|100/100
|move|p1a: Cannonbolt|Rapid Spin|p2a: Dragonite
|-damage|p2a: Dragonite|92/100
|-boost|p1a: Cannonbolt|spe|1
|-sideend|p1: ShibaBiba|Spikes|[from] move: Rapid Spin|[of] p1a: Cannonbolt
|-sideend|p1: ShibaBiba|Stealth Rock|[from] move: Rapid Spin|[of] p1a: Cannonbolt
|
|upkeep
|turn|16
|
|t:|1778505543
|move|p2a: Dragonite|Extreme Speed|p1a: Cannonbolt
|-resisted|p1a: Cannonbolt
|-damage|p1a: Cannonbolt|0 fnt
|faint|p1a: Cannonbolt
|-end|p1a: Cannonbolt|Quark Drive|[silent]
|
|upkeep
|
|t:|1778505555
|switch|p1a: Heatblast|Coalossal, M|100/100
|turn|17
|
|t:|1778505562
|move|p2a: Dragonite|Earthquake|p1a: Heatblast
|-supereffective|p1a: Heatblast
|-damage|p1a: Heatblast|1/100
|move|p1a: Heatblast|Power Gem|p2a: Dragonite
|-supereffective|p2a: Dragonite
|-damage|p2a: Dragonite|31/100
|
|upkeep
|turn|18
|
|t:|1778505570
|move|p2a: Dragonite|Extreme Speed|p1a: Heatblast
|-resisted|p1a: Heatblast
|-damage|p1a: Heatblast|0 fnt
|faint|p1a: Heatblast
|
|upkeep
|
|t:|1778505577
|switch|p1a: Ripjaws|Feraligatr, M, shiny|100/100
|turn|19
|
|t:|1778505585
|switch|p2a: Toxapex|Toxapex, M|89/100
|-damage|p2a: Toxapex|76/100|[from] Stealth Rock
|move|p1a: Ripjaws|Ice Punch|p2a: Toxapex
|-resisted|p2a: Toxapex
|-damage|p2a: Toxapex|59/100
|
|-heal|p2a: Toxapex|66/100|[from] item: Black Sludge
|upkeep
|turn|20
|
|t:|1778505596
|move|p1a: Ripjaws|Dragon Dance|p1a: Ripjaws
|-boost|p1a: Ripjaws|atk|1
|-boost|p1a: Ripjaws|spe|1
|move|p2a: Toxapex|Toxic|p1a: Ripjaws
|-status|p1a: Ripjaws|tox
|
|-heal|p2a: Toxapex|72/100|[from] item: Black Sludge
|-damage|p1a: Ripjaws|94/100 tox|[from] psn
|upkeep
|turn|21
|
|t:|1778505605
|move|p1a: Ripjaws|Dragon Dance|p1a: Ripjaws
|-boost|p1a: Ripjaws|atk|1
|-boost|p1a: Ripjaws|spe|1
|move|p2a: Toxapex|Haze|p2a: Toxapex
|-clearallboost
|
|-heal|p2a: Toxapex|78/100|[from] item: Black Sludge
|-damage|p1a: Ripjaws|82/100 tox|[from] psn
|upkeep
|turn|22
|
|t:|1778505616
|move|p1a: Ripjaws|Crunch|p2a: Toxapex
|-damage|p2a: Toxapex|46/100
|move|p2a: Toxapex|Surf|p1a: Ripjaws
|-resisted|p1a: Ripjaws
|-damage|p1a: Ripjaws|70/100 tox
|
|-heal|p2a: Toxapex|52/100|[from] item: Black Sludge
|-damage|p1a: Ripjaws|52/100 tox|[from] psn
|upkeep
|turn|23
|
|t:|1778505625
|move|p1a: Ripjaws|Crunch|p2a: Toxapex
|-damage|p2a: Toxapex|20/100
|move|p2a: Toxapex|Recover|p2a: Toxapex
|-heal|p2a: Toxapex|70/100
|
|-heal|p2a: Toxapex|76/100|[from] item: Black Sludge
|-damage|p1a: Ripjaws|27/100 tox|[from] psn
|upkeep
|turn|24
|
|t:|1778505638
|move|p1a: Ripjaws|Dragon Dance|p1a: Ripjaws
|-boost|p1a: Ripjaws|atk|1
|-boost|p1a: Ripjaws|spe|1
|move|p2a: Toxapex|Recover|p2a: Toxapex
|-heal|p2a: Toxapex|100/100
|
|-damage|p1a: Ripjaws|0 fnt|[from] psn
|faint|p1a: Ripjaws
|upkeep
|
|t:|1778505647
|switch|p1a: Upgrade|Rotom-Mow|100/100
|turn|25
|
|t:|1778505657
|switch|p2a: Kingambit|Kingambit, F|100/100
|-damage|p2a: Kingambit|94/100|[from] Stealth Rock
|-activate|p2a: Kingambit|ability: Supreme Overlord
|-start|p2a: Kingambit|fallen2|[silent]
|move|p1a: Upgrade|Thunderbolt|p2a: Kingambit
|-damage|p2a: Kingambit|53/100
|
|-heal|p2a: Kingambit|59/100|[from] item: Leftovers
|upkeep
|turn|26
|
|t:|1778505670
|move|p1a: Upgrade|Thunderbolt|p2a: Kingambit
|-damage|p2a: Kingambit|21/100
|move|p2a: Kingambit|Swords Dance|p2a: Kingambit
|-boost|p2a: Kingambit|atk|2
|
|-heal|p2a: Kingambit|27/100|[from] item: Leftovers
|upkeep
|turn|27
|
|t:|1778505682
|move|p2a: Kingambit|Sucker Punch|p1a: Upgrade
|-damage|p1a: Upgrade|0 fnt
|faint|p1a: Upgrade
|
|-heal|p2a: Kingambit|33/100|[from] item: Leftovers
|upkeep
|
|t:|1778505690
|switch|p1a: XLR8|Cyclizar, M|100/100
|turn|28
|
|t:|1778505696
|move|p2a: Kingambit|Sucker Punch|p1a: XLR8
|-crit|p1a: XLR8
|-damage|p1a: XLR8|0 fnt
|faint|p1a: XLR8
|
|win|yowssef
|raw|ShibaBiba's rating: 1152 &rarr; <strong>1129</strong><br />(-23 for losing)
|raw|yowssef's rating: 1184 &rarr; <strong>1207</strong><br />(+23 for winning)
|l|☆ShibaBiba
|player|p1|
|l|☆yowssef
|player|p2|
