|html|<div class="broadcast-blue"><strong>[Gen 9] OU is currently suspecting Tera Blast! For information on how to participate check out the <a href="https://www.smogon.com/tools/suspects/view/200">suspect thread</a>.</strong></div>
|j|☆Articunothegoat
|j|☆Mr 2 Sheist-Clay
|t:|1776032826
|gametype|singles
|player|p1|Articunothegoat|juggler|1162
|player|p2|Mr 2 Sheist-Clay|eusine|1195
|gen|9
|tier|[Gen 9] OU
|rated|
|rule|HP Percentage Mod: HP is shown in percentages
|rule|Endless Battle Clause: Forcing endless battles is banned
|rule|Species Clause: Limit one of each Pokémon
|rule|OHKO Clause: OHKO moves are banned
|rule|Evasion Items Clause: Evasion items are banned
|rule|Evasion Moves Clause: Evasion moves are banned
|rule|Evasion Abilities Clause: Evasion abilities are banned
|rule|Sleep Moves Clause: Sleep-inducing moves are banned
|clearpoke
|poke|p1|Lokix, F|
|poke|p1|Alomomola, M|
|poke|p1|Slowking-Galar, F|
|poke|p1|Tornadus-Therian, M|
|poke|p1|Mienshao, F|
|poke|p1|Iron Treads|
|poke|p2|Gliscor, F|
|poke|p2|Ting-Lu|
|poke|p2|Gholdengo|
|poke|p2|Ogerpon-Wellspring, F|
|poke|p2|Kyurem|
|poke|p2|Moltres|
|teampreview
|inactive|Battle timer is ON: inactive players will automatically lose when time's up. (requested by Articunothegoat)
|
|t:|1776032855
|teamsize|p1|6
|teamsize|p2|6
|start
|switch|p1a: Tornadus|Tornadus-Therian, M|100/100
|switch|p2a: Ting-Lu|Ting-Lu|100/100
|-ability|p2a: Ting-Lu|Vessel of Ruin
|turn|1
|
|t:|1776032862
|move|p1a: Tornadus|Grass Knot|p2a: Ting-Lu
|-supereffective|p2a: Ting-Lu
|-damage|p2a: Ting-Lu|66/100
|-enditem|p2a: Ting-Lu|Red Card|[of] p1a: Tornadus
|drag|p1a: Mienshao|Mienshao, F|100/100
|move|p2a: Ting-Lu|Stealth Rock|p1a: Mienshao
|-sidestart|p1: Articunothegoat|move: Stealth Rock
|
|upkeep
|turn|2
|
|t:|1776032869
|switch|p2a: Moltres|Moltres|100/100
|move|p1a: Mienshao|Close Combat|p2a: Moltres
|-resisted|p2a: Moltres
|-damage|p2a: Moltres|69/100
|-unboost|p1a: Mienshao|def|1
|-unboost|p1a: Mienshao|spd|1
|
|upkeep
|turn|3
|
|t:|1776032889
|switch|p1a: Iron Treads|Iron Treads|100/100
|-damage|p1a: Iron Treads|97/100|[from] Stealth Rock
|switch|p2a: Gliscor|Gliscor, F|100/100
|
|-status|p2a: Gliscor|tox|[from] item: Toxic Orb
|upkeep
|turn|4
|
|t:|1776032897
|move|p1a: Iron Treads|Knock Off|p2a: Gliscor
|-damage|p2a: Gliscor|76/100 tox
|-enditem|p2a: Gliscor|Toxic Orb|[from] move: Knock Off|[of] p1a: Iron Treads
|move|p2a: Gliscor|Earthquake|p1a: Iron Treads
|-supereffective|p1a: Iron Treads
|-damage|p1a: Iron Treads|43/100
|
|-heal|p2a: Gliscor|89/100 tox|[from] ability: Poison Heal
|upkeep
|turn|5
|
|t:|1776032904
|-end|p1a: Iron Treads|Quark Drive|[silent]
|switch|p1a: Tornadus|Tornadus-Therian, M|100/100
|move|p2a: Gliscor|Earthquake|p1a: Tornadus
|-immune|p1a: Tornadus
|
|-heal|p2a: Gliscor|100/100 tox|[from] ability: Poison Heal
|upkeep
|turn|6
|
|t:|1776032909
|move|p1a: Tornadus|Bleakwind Storm|p2a: Gliscor
|-damage|p2a: Gliscor|62/100 tox
|-unboost|p2a: Gliscor|spe|1
|move|p2a: Gliscor|Toxic|p1a: Tornadus
|-status|p1a: Tornadus|tox
|
|-damage|p1a: Tornadus|94/100 tox|[from] psn
|-heal|p2a: Gliscor|75/100 tox|[from] ability: Poison Heal
|upkeep
|turn|7
|
|t:|1776032913
|move|p2a: Gliscor|Protect|p2a: Gliscor
|-singleturn|p2a: Gliscor|Protect
|move|p1a: Tornadus|U-turn|p2a: Gliscor
|-activate|p2a: Gliscor|move: Protect
|
|-damage|p1a: Tornadus|82/100 tox|[from] psn
|-heal|p2a: Gliscor|87/100 tox|[from] ability: Poison Heal
|upkeep
|turn|8
|
|t:|1776032916
|move|p1a: Tornadus|U-turn|p2a: Gliscor
|-resisted|p2a: Gliscor
|-damage|p2a: Gliscor|82/100 tox
|
|t:|1776032918
|switch|p1a: Alomomola|Alomomola, M|100/100|[from] U-turn
|-damage|p1a: Alomomola|88/100|[from] Stealth Rock
|move|p2a: Gliscor|Spikes|p1a: Alomomola
|-sidestart|p1: Articunothegoat|Spikes
|
|-heal|p2a: Gliscor|94/100 tox|[from] ability: Poison Heal
|upkeep
|turn|9
|
|t:|1776032925
|move|p1a: Alomomola|Wish|p1a: Alomomola
|move|p2a: Gliscor|Toxic|p1a: Alomomola
|-status|p1a: Alomomola|tox
|
|-damage|p1a: Alomomola|82/100 tox|[from] psn
|-heal|p2a: Gliscor|100/100 tox|[from] ability: Poison Heal
|upkeep
|turn|10
|
|t:|1776032932
|switch|p1a: Iron Treads|Iron Treads|43/100
|-damage|p1a: Iron Treads|39/100|[from] Stealth Rock
|-damage|p1a: Iron Treads|27/100|[from] Spikes
|move|p2a: Gliscor|Spikes|p1a: Iron Treads
|-sidestart|p1: Articunothegoat|Spikes
|
|-heal|p1a: Iron Treads|100/100|[from] move: Wish|[wisher] Alomomola
|upkeep
|turn|11
|
|t:|1776032939
|move|p1a: Iron Treads|Rapid Spin|p2a: Gliscor
|-damage|p2a: Gliscor|89/100 tox
|-boost|p1a: Iron Treads|spe|1
|-sideend|p1: Articunothegoat|Spikes|[from] move: Rapid Spin|[of] p1a: Iron Treads
|-sideend|p1: Articunothegoat|Stealth Rock|[from] move: Rapid Spin|[of] p1a: Iron Treads
|move|p2a: Gliscor|Earthquake|p1a: Iron Treads
|-supereffective|p1a: Iron Treads
|-damage|p1a: Iron Treads|46/100
|
|-heal|p2a: Gliscor|100/100 tox|[from] ability: Poison Heal
|upkeep
|turn|12
|
|t:|1776032948
|move|p1a: Iron Treads|Iron Head|p2a: Gliscor
|-damage|p2a: Gliscor|68/100 tox
|move|p2a: Gliscor|Spikes|p1a: Iron Treads
|-sidestart|p1: Articunothegoat|Spikes
|
|-heal|p2a: Gliscor|80/100 tox|[from] ability: Poison Heal
|upkeep
|turn|13
|
|t:|1776032952
|move|p1a: Iron Treads|Iron Head|p2a: Gliscor
|-damage|p2a: Gliscor|48/100 tox
|move|p2a: Gliscor|Earthquake|p1a: Iron Treads
|-supereffective|p1a: Iron Treads
|-crit|p1a: Iron Treads
|-damage|p1a: Iron Treads|0 fnt
|faint|p1a: Iron Treads
|-end|p1a: Iron Treads|Quark Drive|[silent]
|
|-heal|p2a: Gliscor|61/100 tox|[from] ability: Poison Heal
|upkeep
|
|t:|1776032960
|switch|p1a: Lokix|Lokix, F|100/100
|-damage|p1a: Lokix|88/100|[from] Spikes
|turn|14
|
|t:|1776032963
|move|p2a: Gliscor|Protect|p2a: Gliscor
|-singleturn|p2a: Gliscor|Protect
|move|p1a: Lokix|U-turn|p2a: Gliscor
|-activate|p2a: Gliscor|move: Protect
|
|-heal|p2a: Gliscor|73/100 tox|[from] ability: Poison Heal
|upkeep
|turn|15
|
|t:|1776032968
|switch|p2a: Moltres|Moltres|69/100
|move|p1a: Lokix|U-turn|p2a: Moltres
|-resisted|p2a: Moltres
|-damage|p2a: Moltres|56/100
|-damage|p1a: Lokix|78/100|[from] item: Life Orb
|
|t:|1776032973
|switch|p1a: Slowking|Slowking-Galar, F|100/100|[from] U-turn
|
|upkeep
|turn|16
|
|t:|1776032977
|switch|p2a: Gholdengo|Gholdengo|100/100
|-item|p2a: Gholdengo|Air Balloon
|move|p1a: Slowking|Psychic Noise|p2a: Gholdengo
|-resisted|p2a: Gholdengo
|-damage|p2a: Gholdengo|83/100
|-start|p2a: Gholdengo|move: Heal Block
|-enditem|p2a: Gholdengo|Air Balloon
|
|upkeep
|turn|17
|
|t:|1776032984
|move|p2a: Gholdengo|Nasty Plot|p2a: Gholdengo
|-boost|p2a: Gholdengo|spa|2
|-prepare|p1a: Slowking|Chilly Reception|[premajor]
|move|p1a: Slowking|Chilly Reception|p1a: Slowking
|-weather|Snowscape
|
|t:|1776032986
|switch|p1a: Lokix|Lokix, F|78/100|[from] Chilly Reception
|-damage|p1a: Lokix|66/100|[from] Spikes
|
|-weather|Snowscape|[upkeep]
|-end|p2a: Gholdengo|move: Heal Block
|upkeep
|turn|18
|
|t:|1776032998
|-terastallize|p2a: Gholdengo|Fairy
|move|p1a: Lokix|Sucker Punch|p2a: Gholdengo
|-resisted|p2a: Gholdengo
|-damage|p2a: Gholdengo|40/100
|-damage|p1a: Lokix|56/100|[from] item: Life Orb
|move|p2a: Gholdengo|Make It Rain|p1a: Lokix
|-damage|p1a: Lokix|0 fnt
|-unboost|p2a: Gholdengo|spa|1
|faint|p1a: Lokix
|
|-weather|Snowscape|[upkeep]
|upkeep
|
|t:|1776033010
|switch|p1a: Mienshao|Mienshao, F|100/100
|-damage|p1a: Mienshao|88/100|[from] Spikes
|turn|19
|
|t:|1776033014
|move|p1a: Mienshao|Poison Jab|p2a: Gholdengo
|-supereffective|p2a: Gholdengo
|-damage|p2a: Gholdengo|0 fnt
|faint|p2a: Gholdengo
|
|-weather|Snowscape|[upkeep]
|upkeep
|
|t:|1776033029
|switch|p2a: Gliscor|Gliscor, F|73/100 tox
|turn|20
|
|t:|1776033040
|switch|p1a: Tornadus|Tornadus-Therian, M|100/100 tox
|move|p2a: Gliscor|Protect||[still]
|-fail|p2a: Gliscor
|
|-weather|Snowscape|[upkeep]
|-damage|p1a: Tornadus|94/100 tox|[from] psn
|-heal|p2a: Gliscor|86/100 tox|[from] ability: Poison Heal
|upkeep
|turn|21
|
|t:|1776033044
|move|p1a: Tornadus|Bleakwind Storm|p2a: Gliscor
|-damage|p2a: Gliscor|43/100 tox
|move|p2a: Gliscor|Spikes|p1a: Tornadus
|-sidestart|p1: Articunothegoat|Spikes
|
|-weather|none
|-damage|p1a: Tornadus|82/100 tox|[from] psn
|-heal|p2a: Gliscor|56/100 tox|[from] ability: Poison Heal
|upkeep
|turn|22
|
|t:|1776033049
|switch|p1a: Slowking|Slowking-Galar, F|100/100
|move|p2a: Gliscor|Protect||[still]
|-fail|p2a: Gliscor
|
|-heal|p2a: Gliscor|68/100 tox|[from] ability: Poison Heal
|upkeep
|turn|23
|
|t:|1776033054
|move|p2a: Gliscor|Protect|p2a: Gliscor
|-singleturn|p2a: Gliscor|Protect
|move|p1a: Slowking|Psychic Noise|p2a: Gliscor
|-activate|p2a: Gliscor|move: Protect
|
|-heal|p2a: Gliscor|80/100 tox|[from] ability: Poison Heal
|upkeep
|turn|24
|
|t:|1776033070
|move|p2a: Gliscor|Earthquake|p1a: Slowking
|-supereffective|p1a: Slowking
|-damage|p1a: Slowking|35/100
|move|p1a: Slowking|Sludge Wave|p2a: Gliscor
|-resisted|p2a: Gliscor
|-damage|p2a: Gliscor|64/100 tox
|
|-heal|p2a: Gliscor|76/100 tox|[from] ability: Poison Heal
|upkeep
|turn|25
|inactive|Mr 2 Sheist-Clay has 120 seconds left.
|
|t:|1776033108
|switch|p1a: Tornadus|Tornadus-Therian, M|100/100 tox
|move|p2a: Gliscor|Earthquake|p1a: Tornadus
|-immune|p1a: Tornadus
|
|-damage|p1a: Tornadus|94/100 tox|[from] psn
|-heal|p2a: Gliscor|89/100 tox|[from] ability: Poison Heal
|upkeep
|turn|26
|
|t:|1776033136
|switch|p2a: Ting-Lu|Ting-Lu|66/100
|-ability|p2a: Ting-Lu|Vessel of Ruin
|move|p1a: Tornadus|Grass Knot|p2a: Ting-Lu
|-supereffective|p2a: Ting-Lu
|-damage|p2a: Ting-Lu|31/100
|
|-damage|p1a: Tornadus|82/100 tox|[from] psn
|upkeep
|turn|27
|inactive|Mr 2 Sheist-Clay has 120 seconds left.
|
|t:|1776033147
|switch|p2a: Kyurem|Kyurem|100/100
|-ability|p2a: Kyurem|Pressure
|move|p1a: Tornadus|Bleakwind Storm|p2a: Kyurem
|-damage|p2a: Kyurem|58/100
|
|-damage|p1a: Tornadus|64/100 tox|[from] psn
|upkeep
|turn|28
|
|t:|1776033156
|switch|p1a: Mienshao|Mienshao, F|100/100
|-damage|p1a: Mienshao|84/100|[from] Spikes
|move|p2a: Kyurem|Earth Power|p1a: Mienshao
|-damage|p1a: Mienshao|20/100
|
|upkeep
|turn|29
|
|t:|1776033161
|move|p2a: Kyurem|Earth Power|p1a: Mienshao
|-damage|p1a: Mienshao|0 fnt
|faint|p1a: Mienshao
|
|upkeep
|
|t:|1776033165
|switch|p1a: Tornadus|Tornadus-Therian, M|97/100 tox
|turn|30
|
|t:|1776033175
|switch|p2a: Gliscor|Gliscor, F|89/100 tox
|move|p1a: Tornadus|Heat Wave|p2a: Gliscor
|-damage|p2a: Gliscor|62/100 tox
|
|-damage|p1a: Tornadus|91/100 tox|[from] psn
|-heal|p2a: Gliscor|75/100 tox|[from] ability: Poison Heal
|upkeep
|turn|31
|
|t:|1776033185
|move|p2a: Gliscor|Protect|p2a: Gliscor
|-singleturn|p2a: Gliscor|Protect
|move|p1a: Tornadus|Bleakwind Storm|p2a: Gliscor
|-activate|p2a: Gliscor|move: Protect
|
|-damage|p1a: Tornadus|79/100 tox|[from] psn
|-heal|p2a: Gliscor|87/100 tox|[from] ability: Poison Heal
|upkeep
|turn|32
|
|t:|1776033188
|move|p1a: Tornadus|Bleakwind Storm|p2a: Gliscor
|-damage|p2a: Gliscor|48/100 tox
|move|p2a: Gliscor|Earthquake|p1a: Tornadus
|-immune|p1a: Tornadus
|
|-damage|p1a: Tornadus|61/100 tox|[from] psn
|-heal|p2a: Gliscor|60/100 tox|[from] ability: Poison Heal
|upkeep
|turn|33
|
|t:|1776033193
|move|p1a: Tornadus|Bleakwind Storm|p2a: Gliscor
|-damage|p2a: Gliscor|23/100 tox
|-unboost|p2a: Gliscor|spe|1
|move|p2a: Gliscor|Earthquake|p1a: Tornadus
|-immune|p1a: Tornadus
|
|-damage|p1a: Tornadus|37/100 tox|[from] psn
|-heal|p2a: Gliscor|36/100 tox|[from] ability: Poison Heal
|upkeep
|turn|34
|
|t:|1776033199
|move|p1a: Tornadus|U-turn|p2a: Gliscor
|-resisted|p2a: Gliscor
|-damage|p2a: Gliscor|30/100 tox
|
|t:|1776033202
|switch|p1a: Slowking|Slowking-Galar, F|68/100|[from] U-turn
|move|p2a: Gliscor|Earthquake|p1a: Slowking
|-supereffective|p1a: Slowking
|-damage|p1a: Slowking|7/100
|
|-heal|p2a: Gliscor|42/100 tox|[from] ability: Poison Heal
|upkeep
|turn|35
|-message|Articunothegoat forfeited.
|
|win|Mr 2 Sheist-Clay
|raw|Articunothegoat's rating: 1162 &rarr; <strong>1139</strong><br />(-23 for losing)
|raw|Mr 2 Sheist-Clay's rating: 1195 &rarr; <strong>1218</strong><br />(+23 for winning)
|l|☆Articunothegoat
|player|p1|
|l|☆Mr 2 Sheist-Clay
|player|p2|
