|html|<div class="broadcast-blue"><strong>[Gen 9] OU is currently suspecting Tera Blast! For information on how to participate check out the <a href="https://www.smogon.com/tools/suspects/view/200">suspect thread</a>.</strong></div>
|j|☆Slothdog
|j|☆Bernab
|t:|1776049022
|gametype|singles
|player|p1|Slothdog|swimmerf-gen4|1301
|player|p2|Bernab|101|1328
|gen|9
|tier|[Gen 9] OU
|rated|
|rule|HP Percentage Mod: HP is shown in percentages
|rule|Endless Battle Clause: Forcing endless battles is banned
|rule|Species Clause: Limit one of each Pokémon
|rule|OHKO Clause: OHKO moves are banned
|rule|Evasion Items Clause: Evasion items are banned
|rule|Evasion Moves Clause: Evasion moves are banned
|rule|Evasion Abilities Clause: Evasion abilities are banned
|rule|Sleep Moves Clause: Sleep-inducing moves are banned
|clearpoke
|poke|p1|Clefable, F|
|poke|p1|Iron Moth|
|poke|p1|Cramorant, F|
|poke|p1|Gholdengo|
|poke|p1|Zamazenta-*|
|poke|p1|Gliscor, F|
|poke|p2|Latios, M|
|poke|p2|Incineroar, M|
|poke|p2|Tornadus-Therian, M|
|poke|p2|Clodsire, F|
|poke|p2|Ogerpon-Cornerstone, F|
|poke|p2|Iron Treads|
|teampreview
|inactive|Battle timer is ON: inactive players will automatically lose when time's up. (requested by Slothdog)
|
|t:|1776049037
|teamsize|p1|6
|teamsize|p2|6
|start
|switch|p1a: Clefable|Clefable, F|100/100
|switch|p2a: Latios|Latios, M|100/100
|turn|1
|
|t:|1776049042
|switch|p2a: Clodsire|Clodsire, F|100/100
|move|p1a: Clefable|Stealth Rock|p2a: Clodsire
|-sidestart|p2: Bernab|move: Stealth Rock
|
|upkeep
|turn|2
|
|t:|1776049052
|switch|p1a: Gliscor|Gliscor, F|100/100
|switch|p2a: Iron Treads|Iron Treads|100/100
|-damage|p2a: Iron Treads|97/100|[from] Stealth Rock
|
|-status|p1a: Gliscor|tox|[from] item: Toxic Orb
|upkeep
|turn|3
|
|t:|1776049058
|move|p1a: Gliscor|Earthquake|p2a: Iron Treads
|-supereffective|p2a: Iron Treads
|-damage|p2a: Iron Treads|19/100
|move|p2a: Iron Treads|Ice Spinner|p1a: Gliscor
|-supereffective|p1a: Gliscor
|-damage|p1a: Gliscor|2/100 tox
|
|-damage|p1a: Gliscor|0 fnt|[from] psn
|faint|p1a: Gliscor
|upkeep
|
|t:|1776049080
|switch|p1a: Zamazenta|Zamazenta|100/100
|-ability|p1a: Zamazenta|Dauntless Shield|boost
|-boost|p1a: Zamazenta|def|1
|turn|4
|
|t:|1776049085
|move|p1a: Zamazenta|Body Press|p2a: Iron Treads
|-supereffective|p2a: Iron Treads
|-damage|p2a: Iron Treads|0 fnt
|faint|p2a: Iron Treads
|-end|p2a: Iron Treads|Quark Drive|[silent]
|
|upkeep
|
|t:|1776049095
|switch|p2a: Tornadus|Tornadus-Therian, M|100/100
|-damage|p2a: Tornadus|75/100|[from] Stealth Rock
|turn|5
|
|t:|1776049102
|switch|p1a: Cramorant|Cramorant, F|100/100
|move|p2a: Tornadus|Bleakwind Storm|p1a: Cramorant
|-damage|p1a: Cramorant|61/100
|
|upkeep
|turn|6
|
|t:|1776049108
|switch|p2a: Clodsire|Clodsire, F|100/100
|-damage|p2a: Clodsire|94/100|[from] Stealth Rock
|move|p1a: Cramorant|Roost|p1a: Cramorant
|-heal|p1a: Cramorant|100/100
|-singleturn|p1a: Cramorant|move: Roost
|
|-heal|p2a: Clodsire|100/100|[from] item: Black Sludge
|upkeep
|turn|7
|
|t:|1776049119
|move|p1a: Cramorant|Surf|p2a: Clodsire
|-immune|p2a: Clodsire|[from] ability: Water Absorb
|move|p2a: Clodsire|Toxic|p1a: Cramorant
|-status|p1a: Cramorant|tox
|
|-damage|p1a: Cramorant|94/100 tox|[from] psn
|upkeep
|turn|8
|
|t:|1776049128
|switch|p1a: Clefable|Clefable, F|100/100
|move|p2a: Clodsire|Bulldoze|p1a: Clefable
|-damage|p1a: Clefable|83/100
|-unboost|p1a: Clefable|spe|1
|
|upkeep
|turn|9
|
|t:|1776049131
|move|p1a: Clefable|Encore|p2a: Clodsire
|-start|p2a: Clodsire|Encore
|move|p2a: Clodsire|Bulldoze|p1a: Clefable
|-damage|p1a: Clefable|66/100
|-unboost|p1a: Clefable|spe|1
|
|upkeep
|turn|10
|
|t:|1776049140
|switch|p1a: Cramorant|Cramorant, F|94/100 tox
|switch|p2a: Incineroar|Incineroar, M|100/100
|-damage|p2a: Incineroar|76/100|[from] Stealth Rock
|-ability|p2a: Incineroar|Intimidate|boost
|-unboost|p1a: Cramorant|atk|1
|
|-heal|p2a: Incineroar|82/100|[from] item: Leftovers
|-damage|p1a: Cramorant|88/100 tox|[from] psn
|upkeep
|turn|11
|
|t:|1776049151
|switch|p1a: Clefable|Clefable, F|66/100
|move|p2a: Incineroar|Knock Off|p1a: Clefable
|-resisted|p1a: Clefable
|-damage|p1a: Clefable|44/100
|-enditem|p1a: Clefable|Life Orb|[from] move: Knock Off|[of] p2a: Incineroar
|
|-heal|p2a: Incineroar|88/100|[from] item: Leftovers
|upkeep
|turn|12
|
|t:|1776049159
|move|p1a: Clefable|Moonblast|p2a: Incineroar
|-damage|p2a: Incineroar|49/100
|-unboost|p2a: Incineroar|spa|1
|move|p2a: Incineroar|Parting Shot|p1a: Clefable
|-unboost|p1a: Clefable|atk|1
|-unboost|p1a: Clefable|spa|1
|
|t:|1776049164
|switch|p2a: Ogerpon|Ogerpon-Cornerstone, F|100/100|[from] Parting Shot
|-damage|p2a: Ogerpon|88/100|[from] Stealth Rock
|
|upkeep
|turn|13
|
|t:|1776049170
|move|p2a: Ogerpon|Swords Dance|p2a: Ogerpon
|-boost|p2a: Ogerpon|atk|2
|move|p1a: Clefable|Encore|p2a: Ogerpon
|-start|p2a: Ogerpon|Encore
|
|upkeep
|turn|14
|
|t:|1776049173
|move|p2a: Ogerpon|Swords Dance|p2a: Ogerpon
|-boost|p2a: Ogerpon|atk|2
|move|p1a: Clefable|Moonblast|p2a: Ogerpon
|-damage|p2a: Ogerpon|54/100
|-unboost|p2a: Ogerpon|spa|1
|
|upkeep
|turn|15
|
|t:|1776049176
|move|p2a: Ogerpon|Swords Dance|p2a: Ogerpon
|-boost|p2a: Ogerpon|atk|2
|move|p1a: Clefable|Moonblast|p2a: Ogerpon
|-damage|p2a: Ogerpon|23/100
|-unboost|p2a: Ogerpon|spa|1
|
|upkeep
|turn|16
|
|t:|1776049179
|move|p2a: Ogerpon|Swords Dance|p2a: Ogerpon
|-boost|p2a: Ogerpon|atk|0
|move|p1a: Clefable|Moonblast|p2a: Ogerpon
|-damage|p2a: Ogerpon|0 fnt
|faint|p2a: Ogerpon
|
|upkeep
|
|t:|1776049183
|switch|p2a: Latios|Latios, M|100/100
|-damage|p2a: Latios|88/100|[from] Stealth Rock
|turn|17
|
|t:|1776049186
|move|p2a: Latios|Luster Purge|p1a: Clefable
|-damage|p1a: Clefable|1/100
|move|p1a: Clefable|Moonblast|p2a: Latios
|-supereffective|p2a: Latios
|-damage|p2a: Latios|23/100
|
|upkeep
|turn|18
|
|t:|1776049190
|move|p2a: Latios|Luster Purge|p1a: Clefable
|-damage|p1a: Clefable|0 fnt
|faint|p1a: Clefable
|
|upkeep
|
|t:|1776049198
|switch|p1a: Cramorant|Cramorant, F|88/100 tox
|turn|19
|
|t:|1776049202
|move|p2a: Latios|Luster Purge|p1a: Cramorant
|-damage|p1a: Cramorant|45/100 tox
|move|p1a: Cramorant|Brave Bird|p2a: Latios
|-damage|p2a: Latios|0 fnt
|faint|p2a: Latios
|-damage|p1a: Cramorant|39/100 tox|[from] Recoil
|
|-damage|p1a: Cramorant|33/100 tox|[from] psn
|upkeep
|
|t:|1776049211
|switch|p2a: Tornadus|Tornadus-Therian, M|100/100
|-damage|p2a: Tornadus|75/100|[from] Stealth Rock
|turn|20
|
|t:|1776049214
|move|p2a: Tornadus|Bleakwind Storm|p1a: Cramorant|[miss]
|-miss|p2a: Tornadus|p1a: Cramorant
|move|p1a: Cramorant|Brave Bird|p2a: Tornadus
|-damage|p2a: Tornadus|24/100
|-damage|p1a: Cramorant|18/100 tox|[from] Recoil
|
|-damage|p1a: Cramorant|6/100 tox|[from] psn
|upkeep
|turn|21
|
|t:|1776049216
|move|p2a: Tornadus|Bleakwind Storm|p1a: Cramorant
|-damage|p1a: Cramorant|0 fnt
|faint|p1a: Cramorant
|
|upkeep
|
|t:|1776049239
|switch|p1a: Zamazenta|Zamazenta|100/100
|turn|22
|
|t:|1776049246
|switch|p2a: Incineroar|Incineroar, M|49/100
|-damage|p2a: Incineroar|25/100|[from] Stealth Rock
|-ability|p2a: Incineroar|Intimidate|boost
|-unboost|p1a: Zamazenta|atk|1
|move|p1a: Zamazenta|Crunch|p2a: Incineroar
|-resisted|p2a: Incineroar
|-damage|p2a: Incineroar|20/100
|
|-heal|p2a: Incineroar|26/100|[from] item: Leftovers
|upkeep
|turn|23
|
|t:|1776049254
|move|p1a: Zamazenta|Body Press|p2a: Incineroar
|-supereffective|p2a: Incineroar
|-damage|p2a: Incineroar|0 fnt
|faint|p2a: Incineroar
|
|upkeep
|
|t:|1776049259
|switch|p2a: Tornadus|Tornadus-Therian, M|58/100
|-damage|p2a: Tornadus|33/100|[from] Stealth Rock
|turn|24
|
|t:|1776049276
|switch|p1a: Gholdengo|Gholdengo|100/100
|move|p2a: Tornadus|Bleakwind Storm|p1a: Gholdengo
|-resisted|p1a: Gholdengo
|-crit|p1a: Gholdengo
|-damage|p1a: Gholdengo|67/100
|-unboost|p1a: Gholdengo|spe|1
|
|upkeep
|turn|25
|
|t:|1776049284
|switch|p2a: Clodsire|Clodsire, F|100/100
|-damage|p2a: Clodsire|94/100|[from] Stealth Rock
|move|p1a: Gholdengo|Shadow Ball|p2a: Clodsire
|-crit|p2a: Clodsire
|-damage|p2a: Clodsire|62/100
|
|-heal|p2a: Clodsire|68/100|[from] item: Black Sludge
|upkeep
|turn|26
|
|t:|1776049296
|move|p1a: Gholdengo|Nasty Plot|p1a: Gholdengo
|-boost|p1a: Gholdengo|spa|2
|move|p2a: Clodsire|Bulldoze|p1a: Gholdengo
|-supereffective|p1a: Gholdengo
|-damage|p1a: Gholdengo|44/100
|-unboost|p1a: Gholdengo|spe|1
|
|-heal|p2a: Clodsire|74/100|[from] item: Black Sludge
|upkeep
|turn|27
|
|t:|1776049302
|move|p1a: Gholdengo|Recover|p1a: Gholdengo
|-heal|p1a: Gholdengo|94/100
|move|p2a: Clodsire|Recover|p2a: Clodsire
|-heal|p2a: Clodsire|100/100
|
|upkeep
|turn|28
|
|t:|1776049305
|move|p1a: Gholdengo|Nasty Plot|p1a: Gholdengo
|-boost|p1a: Gholdengo|spa|2
|move|p2a: Clodsire|Bulldoze|p1a: Gholdengo
|-supereffective|p1a: Gholdengo
|-damage|p1a: Gholdengo|71/100
|-unboost|p1a: Gholdengo|spe|1
|
|upkeep
|turn|29
|
|t:|1776049311
|move|p1a: Gholdengo|Nasty Plot|p1a: Gholdengo
|-boost|p1a: Gholdengo|spa|2
|move|p2a: Clodsire|Bulldoze|p1a: Gholdengo
|-supereffective|p1a: Gholdengo
|-damage|p1a: Gholdengo|46/100
|-unboost|p1a: Gholdengo|spe|1
|
|upkeep
|turn|30
|
|t:|1776049314
|move|p2a: Clodsire|Bulldoze|p1a: Gholdengo
|-supereffective|p1a: Gholdengo
|-crit|p1a: Gholdengo
|-damage|p1a: Gholdengo|6/100
|-unboost|p1a: Gholdengo|spe|1
|move|p1a: Gholdengo|Recover|p1a: Gholdengo
|-heal|p1a: Gholdengo|56/100
|
|upkeep
|turn|31
|
|t:|1776049317
|move|p2a: Clodsire|Bulldoze|p1a: Gholdengo
|-supereffective|p1a: Gholdengo
|-damage|p1a: Gholdengo|32/100
|-unboost|p1a: Gholdengo|spe|1
|move|p1a: Gholdengo|Recover|p1a: Gholdengo
|-heal|p1a: Gholdengo|82/100
|
|upkeep
|turn|32
|
|t:|1776049319
|move|p2a: Clodsire|Bulldoze|p1a: Gholdengo
|-supereffective|p1a: Gholdengo
|-crit|p1a: Gholdengo
|-damage|p1a: Gholdengo|48/100
|move|p1a: Gholdengo|Recover|p1a: Gholdengo
|-heal|p1a: Gholdengo|98/100
|
|upkeep
|turn|33
|
|t:|1776049322
|move|p2a: Clodsire|Bulldoze|p1a: Gholdengo
|-supereffective|p1a: Gholdengo
|-damage|p1a: Gholdengo|75/100
|move|p1a: Gholdengo|Make It Rain|p2a: Clodsire
|-damage|p2a: Clodsire|0 fnt
|-unboost|p1a: Gholdengo|spa|1
|faint|p2a: Clodsire
|
|upkeep
|
|t:|1776049324
|switch|p2a: Tornadus|Tornadus-Therian, M|66/100
|-damage|p2a: Tornadus|41/100|[from] Stealth Rock
|turn|34
|
|t:|1776049326
|move|p2a: Tornadus|Heat Wave|p1a: Gholdengo
|-supereffective|p1a: Gholdengo
|-damage|p1a: Gholdengo|20/100
|move|p1a: Gholdengo|Make It Rain|p2a: Tornadus
|-damage|p2a: Tornadus|0 fnt
|-unboost|p1a: Gholdengo|spa|1
|faint|p2a: Tornadus
|
|win|Slothdog
|raw|Slothdog's rating: 1301 &rarr; <strong>1323</strong><br />(+22 for winning)
|raw|Bernab's rating: 1328 &rarr; <strong>1306</strong><br />(-22 for losing)
|l|☆Slothdog
|player|p1|
|l|☆Bernab
|player|p2|
