|html|<div class="broadcast-blue"><strong>[Gen 9] OU is currently suspecting Tera Blast! For information on how to participate check out the <a href="https://www.smogon.com/tools/suspects/view/200">suspect thread</a>.</strong></div>
|j|☆senpako
|j|☆jackk33
|t:|1776075512
|gametype|singles
|player|p1|senpako|koga|1209
|player|p2|jackk33|1|1202
|gen|9
|tier|[Gen 9] OU
|rated|
|rule|HP Percentage Mod: HP is shown in percentages
|rule|Endless Battle Clause: Forcing endless battles is banned
|rule|Species Clause: Limit one of each Pokémon
|rule|OHKO Clause: OHKO moves are banned
|rule|Evasion Items Clause: Evasion items are banned
|rule|Evasion Moves Clause: Evasion moves are banned
|rule|Evasion Abilities Clause: Evasion abilities are banned
|rule|Sleep Moves Clause: Sleep-inducing moves are banned
|clearpoke
|poke|p1|Tsareena, F|
|poke|p1|Revavroom, F|
|poke|p1|Garchomp, M|
|poke|p1|Raging Bolt|
|poke|p1|Ceruledge, M|
|poke|p1|Ribombee, F|
|poke|p2|Hatterene, F|
|poke|p2|Torkoal, F|
|poke|p2|Walking Wake|
|poke|p2|Great Tusk|
|poke|p2|Lilligant-Hisui, F|
|poke|p2|Iron Valiant|
|teampreview
|inactive|Battle timer is ON: inactive players will automatically lose when time's up. (requested by jackk33)
|
|t:|1776075526
|teamsize|p1|6
|teamsize|p2|6
|start
|switch|p1a: Garchomp|Garchomp, M|100/100
|switch|p2a: Torkoal|Torkoal, F, shiny|100/100
|-weather|SunnyDay|[from] ability: Drought|[of] p2a: Torkoal
|turn|1
|
|t:|1776075534
|switch|p2a: Hatterene|Hatterene, F|100/100
|move|p1a: Garchomp|Swords Dance|p1a: Garchomp
|-boost|p1a: Garchomp|atk|2
|
|-weather|SunnyDay|[upkeep]
|upkeep
|turn|2
|
|t:|1776075541
|-terastallize|p1a: Garchomp|Poison
|move|p1a: Garchomp|Poison Jab|p2a: Hatterene
|-supereffective|p2a: Hatterene
|-damage|p2a: Hatterene|0 fnt
|faint|p2a: Hatterene
|
|-weather|SunnyDay|[upkeep]
|upkeep
|
|t:|1776075557
|switch|p2a: Great Tusk|Great Tusk, shiny|100/100
|-activate|p2a: Great Tusk|ability: Protosynthesis
|-start|p2a: Great Tusk|protosynthesisatk
|turn|3
|
|t:|1776075563
|switch|p1a: Revavroom|Revavroom, F|100/100
|-item|p1a: Revavroom|Air Balloon
|move|p2a: Great Tusk|Headlong Rush|p1a: Revavroom
|-immune|p1a: Revavroom
|
|-weather|SunnyDay|[upkeep]
|upkeep
|turn|4
|
|t:|1776075580
|-end|p2a: Great Tusk|Protosynthesis|[silent]
|switch|p2a: Lilligant|Lilligant-Hisui, F|100/100
|move|p1a: Revavroom|Iron Head|p2a: Lilligant
|-crit|p2a: Lilligant
|-damage|p2a: Lilligant|10/100
|
|-weather|SunnyDay|[upkeep]
|upkeep
|turn|5
|
|t:|1776075588
|move|p2a: Lilligant|Axe Kick|p1a: Revavroom
|-damage|p1a: Revavroom|2/100
|-enditem|p1a: Revavroom|Air Balloon
|-damage|p2a: Lilligant|0 fnt|[from] item: Life Orb
|faint|p2a: Lilligant
|move|p1a: Revavroom|Iron Head|p2: Lilligant|[notarget]
|-fail|p1a: Revavroom
|
|-weather|SunnyDay|[upkeep]
|upkeep
|
|t:|1776075597
|switch|p2a: Walking Wake|Walking Wake|100/100
|-activate|p2a: Walking Wake|ability: Protosynthesis
|-start|p2a: Walking Wake|protosynthesisspa
|turn|6
|
|t:|1776075604
|move|p2a: Walking Wake|Dragon Pulse|p1a: Revavroom
|-resisted|p1a: Revavroom
|-damage|p1a: Revavroom|0 fnt
|faint|p1a: Revavroom
|
|-weather|SunnyDay|[upkeep]
|upkeep
|
|t:|1776075607
|switch|p1a: Ribombee|Ribombee, F|100/100
|turn|7
|
|t:|1776075614
|move|p1a: Ribombee|Sticky Web|p2a: Walking Wake
|-sidestart|p2: jackk33|move: Sticky Web
|move|p2a: Walking Wake|Flamethrower|p1a: Ribombee
|-supereffective|p1a: Ribombee
|-enditem|p1a: Ribombee|Focus Sash
|-damage|p1a: Ribombee|1/100
|
|-weather|SunnyDay|[upkeep]
|upkeep
|turn|8
|
|t:|1776075630
|move|p1a: Ribombee|Moonblast|p2a: Walking Wake
|-supereffective|p2a: Walking Wake
|-damage|p2a: Walking Wake|10/100
|-unboost|p2a: Walking Wake|spa|1
|move|p2a: Walking Wake|Flamethrower|p1a: Ribombee
|-supereffective|p1a: Ribombee
|-damage|p1a: Ribombee|0 fnt
|faint|p1a: Ribombee
|
|-weather|none
|-end|p2a: Walking Wake|Protosynthesis
|upkeep
|-enditem|p2a: Walking Wake|Booster Energy
|-activate|p2a: Walking Wake|ability: Protosynthesis|[fromitem]
|-start|p2a: Walking Wake|protosynthesisspe
|
|t:|1776075634
|switch|p1a: Ceruledge|Ceruledge, M|100/100
|turn|9
|
|t:|1776075654
|move|p1a: Ceruledge|Shadow Sneak|p2a: Walking Wake
|-damage|p2a: Walking Wake|0 fnt
|faint|p2a: Walking Wake
|-end|p2a: Walking Wake|Protosynthesis|[silent]
|
|upkeep
|
|t:|1776075657
|switch|p2a: Torkoal|Torkoal, F, shiny|100/100
|-activate|p2a: Torkoal|move: Sticky Web
|-unboost|p2a: Torkoal|spe|1
|-weather|SunnyDay|[from] ability: Drought|[of] p2a: Torkoal
|turn|10
|
|t:|1776075665
|move|p1a: Ceruledge|Swords Dance|p1a: Ceruledge
|-boost|p1a: Ceruledge|atk|2
|move|p2a: Torkoal|Earth Power|p1a: Ceruledge
|-supereffective|p1a: Ceruledge
|-damage|p1a: Ceruledge|35/100
|
|-weather|SunnyDay|[upkeep]
|upkeep
|turn|11
|
|t:|1776075672
|move|p1a: Ceruledge|Close Combat|p2a: Torkoal
|-damage|p2a: Torkoal|34/100
|-unboost|p1a: Ceruledge|def|1
|-unboost|p1a: Ceruledge|spd|1
|move|p2a: Torkoal|Earth Power|p1a: Ceruledge
|-supereffective|p1a: Ceruledge
|-crit|p1a: Ceruledge
|-damage|p1a: Ceruledge|0 fnt
|faint|p1a: Ceruledge
|
|-weather|SunnyDay|[upkeep]
|upkeep
|
|t:|1776075677
|switch|p1a: Garchomp|Garchomp, M, tera:Poison|100/100
|turn|12
|
|t:|1776075680
|move|p1a: Garchomp|Scale Shot|p2a: Torkoal
|-damage|p2a: Torkoal|22/100
|-damage|p2a: Torkoal|11/100
|-damage|p2a: Torkoal|0 fnt
|faint|p2a: Torkoal
|-hitcount|p2: Torkoal|3
|-unboost|p1a: Garchomp|def|1
|-boost|p1a: Garchomp|spe|1
|
|-weather|SunnyDay|[upkeep]
|upkeep
|
|t:|1776075694
|switch|p2a: Great Tusk|Great Tusk, shiny|100/100
|-activate|p2a: Great Tusk|move: Sticky Web
|-unboost|p2a: Great Tusk|spe|1
|-activate|p2a: Great Tusk|ability: Protosynthesis
|-start|p2a: Great Tusk|protosynthesisatk
|turn|13
|
|t:|1776075700
|move|p1a: Garchomp|Scale Shot|p2a: Great Tusk
|-damage|p2a: Great Tusk|90/100
|-damage|p2a: Great Tusk|80/100
|-damage|p2a: Great Tusk|69/100
|-hitcount|p2a: Great Tusk|3
|-unboost|p1a: Garchomp|def|1
|-boost|p1a: Garchomp|spe|1
|move|p2a: Great Tusk|Headlong Rush|p1a: Garchomp
|-supereffective|p1a: Garchomp
|-damage|p1a: Garchomp|0 fnt
|-unboost|p2a: Great Tusk|def|1
|-unboost|p2a: Great Tusk|spd|1
|-damage|p2a: Great Tusk|57/100|[from] ability: Rough Skin|[of] p1a: Garchomp
|faint|p1a: Garchomp
|
|-weather|SunnyDay|[upkeep]
|upkeep
|
|t:|1776075707
|switch|p1a: Tsareena|Tsareena, F|100/100
|turn|14
|
|t:|1776075715
|-end|p2a: Great Tusk|Protosynthesis|[silent]
|switch|p2a: Iron Valiant|Iron Valiant|100/100
|-activate|p2a: Iron Valiant|move: Sticky Web
|-unboost|p2a: Iron Valiant|spe|1
|-enditem|p2a: Iron Valiant|Booster Energy
|-activate|p2a: Iron Valiant|ability: Quark Drive|[fromitem]
|-start|p2a: Iron Valiant|quarkdriveatk
|move|p1a: Tsareena|Triple Axel|p2a: Iron Valiant
|-damage|p2a: Iron Valiant|91/100
|-damage|p2a: Iron Valiant|71/100
|-damage|p2a: Iron Valiant|44/100
|-hitcount|p2a: Iron Valiant|3
|
|-weather|SunnyDay|[upkeep]
|upkeep
|turn|15
|
|t:|1776075738
|move|p1a: Tsareena|Triple Axel|p2a: Iron Valiant
|-damage|p2a: Iron Valiant|35/100
|-damage|p2a: Iron Valiant|15/100
|-damage|p2a: Iron Valiant|0 fnt
|faint|p2a: Iron Valiant
|-end|p2a: Iron Valiant|Quark Drive|[silent]
|-hitcount|p2: Iron Valiant|3
|
|-weather|SunnyDay|[upkeep]
|upkeep
|
|t:|1776075744
|switch|p2a: Great Tusk|Great Tusk, shiny|57/100
|-activate|p2a: Great Tusk|move: Sticky Web
|-unboost|p2a: Great Tusk|spe|1
|-activate|p2a: Great Tusk|ability: Protosynthesis
|-start|p2a: Great Tusk|protosynthesisatk
|turn|16
|
|t:|1776075748
|move|p1a: Tsareena|Triple Axel|p2a: Great Tusk
|-supereffective|p2a: Great Tusk
|-damage|p2a: Great Tusk|46/100
|-supereffective|p2a: Great Tusk
|-damage|p2a: Great Tusk|26/100
|-hitcount|p2a: Great Tusk|2
|move|p2a: Great Tusk|Close Combat|p1a: Tsareena
|-damage|p1a: Tsareena|4/100
|-unboost|p2a: Great Tusk|def|1
|-unboost|p2a: Great Tusk|spd|1
|
|-weather|SunnyDay|[upkeep]
|upkeep
|turn|17
|
|t:|1776075757
|move|p1a: Tsareena|Triple Axel|p2a: Great Tusk|[miss]
|-miss|p1a: Tsareena|p2a: Great Tusk
|move|p2a: Great Tusk|Close Combat|p1a: Tsareena
|-damage|p1a: Tsareena|0 fnt
|-unboost|p2a: Great Tusk|def|1
|-unboost|p2a: Great Tusk|spd|1
|faint|p1a: Tsareena
|
|-weather|none
|-end|p2a: Great Tusk|Protosynthesis
|upkeep
|
|t:|1776075759
|switch|p1a: Raging Bolt|Raging Bolt|100/100
|-enditem|p1a: Raging Bolt|Booster Energy
|-activate|p1a: Raging Bolt|ability: Protosynthesis|[fromitem]
|-start|p1a: Raging Bolt|protosynthesisspa
|turn|18
|
|t:|1776075763
|move|p2a: Great Tusk|Close Combat|p1a: Raging Bolt
|-damage|p1a: Raging Bolt|42/100
|-unboost|p2a: Great Tusk|def|1
|-unboost|p2a: Great Tusk|spd|1
|move|p1a: Raging Bolt|Draco Meteor|p2a: Great Tusk|[miss]
|-miss|p1a: Raging Bolt|p2a: Great Tusk
|
|upkeep
|turn|19
|
|t:|1776075773
|move|p2a: Great Tusk|Close Combat|p1a: Raging Bolt
|-damage|p1a: Raging Bolt|0 fnt
|-unboost|p2a: Great Tusk|def|1
|-unboost|p2a: Great Tusk|spd|1
|faint|p1a: Raging Bolt
|-end|p1a: Raging Bolt|Protosynthesis|[silent]
|
|win|jackk33
|raw|senpako's rating: 1209 &rarr; <strong>1183</strong><br />(-26 for losing)
|raw|jackk33's rating: 1202 &rarr; <strong>1228</strong><br />(+26 for winning)
|l|☆senpako
|player|p1|
