|html|<div class="broadcast-blue"><strong>[Gen 9] OU is currently suspecting Tera Blast! For information on how to participate check out the <a href="https://www.smogon.com/tools/suspects/view/200">suspect thread</a>.</strong></div>
|j|☆ImJustKyle
|j|☆spauty18
|t:|1776035404
|gametype|singles
|player|p1|ImJustKyle|hugh|1151
|player|p2|spauty18|101|1135
|gen|9
|tier|[Gen 9] OU
|rated|
|rule|HP Percentage Mod: HP is shown in percentages
|rule|Endless Battle Clause: Forcing endless battles is banned
|rule|Species Clause: Limit one of each Pokémon
|rule|OHKO Clause: OHKO moves are banned
|rule|Evasion Items Clause: Evasion items are banned
|rule|Evasion Moves Clause: Evasion moves are banned
|rule|Evasion Abilities Clause: Evasion abilities are banned
|rule|Sleep Moves Clause: Sleep-inducing moves are banned
|clearpoke
|poke|p1|Garganacl, F|
|poke|p1|Dragapult, F|
|poke|p1|Okidogi, M|
|poke|p1|Samurott-Hisui, F|
|poke|p1|Magnezone|
|poke|p1|Clefable, F|
|poke|p2|Umbreon, M|
|poke|p2|Manaphy|
|poke|p2|Alcremie, F|
|poke|p2|Great Tusk|
|poke|p2|Garganacl, F|
|poke|p2|Lurantis, M|
|teampreview
|inactive|Battle timer is ON: inactive players will automatically lose when time's up. (requested by ImJustKyle)
|inactive|ImJustKyle has 120 seconds left.
|
|t:|1776035448
|teamsize|p1|6
|teamsize|p2|6
|start
|switch|p1a: Clefable|Clefable, F|100/100
|switch|p2a: Garganacl|Garganacl, F|100/100
|turn|1
|
|t:|1776035454
|move|p1a: Clefable|Stealth Rock|p2a: Garganacl
|-sidestart|p2: spauty18|move: Stealth Rock
|move|p2a: Garganacl|Salt Cure|p1a: Clefable
|-damage|p1a: Clefable|91/100
|-start|p1a: Clefable|Salt Cure
|
|upkeep
|turn|2
|
|t:|1776035460
|switch|p1a: Samurott|Samurott-Hisui, F|100/100
|switch|p2a: Lurantis|Lurantis, M|100/100
|-damage|p2a: Lurantis|88/100|[from] Stealth Rock
|
|-heal|p2a: Lurantis|94/100|[from] item: Leftovers
|upkeep
|turn|3
|
|t:|1776035477
|switch|p1a: Okidogi|Okidogi, M|100/100
|move|p2a: Lurantis|Superpower|p1a: Okidogi
|-resisted|p1a: Okidogi
|-crit|p1a: Okidogi
|-damage|p1a: Okidogi|82/100
|-boost|p2a: Lurantis|atk|1
|-boost|p2a: Lurantis|def|1
|
|-heal|p2a: Lurantis|99/100|[from] item: Leftovers
|upkeep
|turn|4
|
|t:|1776035486
|switch|p2a: Great Tusk|Great Tusk|100/100
|-damage|p2a: Great Tusk|98/100|[from] Stealth Rock
|-enditem|p2a: Great Tusk|Booster Energy
|-activate|p2a: Great Tusk|ability: Protosynthesis|[fromitem]
|-start|p2a: Great Tusk|protosynthesisatk
|move|p1a: Okidogi|Gunk Shot|p2a: Great Tusk|[miss]
|-miss|p1a: Okidogi|p2a: Great Tusk
|
|upkeep
|turn|5
|
|t:|1776035504
|switch|p1a: Samurott|Samurott-Hisui, F|100/100
|move|p2a: Great Tusk|Rapid Spin|p1a: Samurott
|-damage|p1a: Samurott|70/100
|-boost|p2a: Great Tusk|spe|1
|-sideend|p2: spauty18|Stealth Rock|[from] move: Rapid Spin|[of] p2a: Great Tusk
|
|upkeep
|turn|6
|
|t:|1776035511
|move|p1a: Samurott|Aqua Cutter|p2a: Great Tusk
|-supereffective|p2a: Great Tusk
|-damage|p2a: Great Tusk|38/100
|move|p2a: Great Tusk|Body Press|p1a: Samurott
|-supereffective|p1a: Samurott
|-damage|p1a: Samurott|0 fnt
|faint|p1a: Samurott
|
|upkeep
|
|t:|1776035522
|switch|p1a: Okidogi|Okidogi, M|82/100
|turn|7
|
|t:|1776035528
|move|p2a: Great Tusk|Earthquake|p1a: Okidogi
|-supereffective|p1a: Okidogi
|-damage|p1a: Okidogi|0 fnt
|faint|p1a: Okidogi
|
|upkeep
|
|t:|1776035531
|switch|p1a: Dragapult|Dragapult, F|100/100
|turn|8
|
|t:|1776035537
|move|p1a: Dragapult|Dragon Darts|p2a: Great Tusk
|-damage|p2a: Great Tusk|23/100
|-anim|p1a: Dragapult|Dragon Darts|p2a: Great Tusk
|-damage|p2a: Great Tusk|8/100
|move|p2a: Great Tusk|Earthquake|p1a: Dragapult
|-damage|p1a: Dragapult|13/100
|
|upkeep
|turn|9
|
|t:|1776035544
|move|p1a: Dragapult|Dragon Darts|p2a: Great Tusk
|-damage|p2a: Great Tusk|0 fnt
|faint|p2a: Great Tusk
|-end|p2a: Great Tusk|Protosynthesis|[silent]
|
|upkeep
|
|t:|1776035552
|switch|p2a: Alcremie|Alcremie, F, shiny|100/100
|turn|10
|
|t:|1776035556
|move|p1a: Dragapult|Thunder Wave|p2a: Alcremie
|-status|p2a: Alcremie|par
|move|p2a: Alcremie|Draining Kiss|p1a: Dragapult
|-supereffective|p1a: Dragapult
|-damage|p1a: Dragapult|0 fnt
|faint|p1a: Dragapult
|
|upkeep
|
|t:|1776035561
|switch|p1a: Magnezone|Magnezone|100/100
|-item|p1a: Magnezone|Air Balloon
|turn|11
|
|t:|1776035566
|switch|p2a: Garganacl|Garganacl, F|100/100
|move|p1a: Magnezone|Flash Cannon|p2a: Garganacl
|-supereffective|p2a: Garganacl
|-damage|p2a: Garganacl|28/100
|-unboost|p2a: Garganacl|spd|1
|
|-heal|p2a: Garganacl|34/100|[from] item: Leftovers
|upkeep
|turn|12
|
|t:|1776035574
|move|p2a: Garganacl|Protect|p2a: Garganacl
|-singleturn|p2a: Garganacl|Protect
|move|p1a: Magnezone|Flash Cannon|p2a: Garganacl
|-activate|p2a: Garganacl|move: Protect
|
|-heal|p2a: Garganacl|40/100|[from] item: Leftovers
|upkeep
|turn|13
|
|t:|1776035583
|switch|p2a: Lurantis|Lurantis, M|99/100
|move|p1a: Magnezone|Flash Cannon|p2a: Lurantis
|-damage|p2a: Lurantis|54/100
|
|-heal|p2a: Lurantis|60/100|[from] item: Leftovers
|upkeep
|turn|14
|
|t:|1776035589
|-terastallize|p1a: Magnezone|Flying
|move|p1a: Magnezone|Tera Blast|p2a: Lurantis|[anim] Tera Blast Flying
|-supereffective|p2a: Lurantis
|-damage|p2a: Lurantis|0 fnt
|faint|p2a: Lurantis
|
|upkeep
|
|t:|1776035601
|switch|p2a: Manaphy|Manaphy|100/100
|turn|15
|
|t:|1776035606
|-terastallize|p2a: Manaphy|Steel
|move|p2a: Manaphy|Tail Glow|p2a: Manaphy
|-boost|p2a: Manaphy|spa|3
|move|p1a: Magnezone|Thunderbolt|p2a: Manaphy
|-damage|p2a: Manaphy|46/100
|
|-heal|p2a: Manaphy|52/100|[from] item: Leftovers
|upkeep
|turn|16
|
|t:|1776035614
|move|p2a: Manaphy|Ice Beam|p1a: Magnezone
|-supereffective|p1a: Magnezone
|-damage|p1a: Magnezone|0 fnt
|-enditem|p1a: Magnezone|Air Balloon
|faint|p1a: Magnezone
|
|-heal|p2a: Manaphy|58/100|[from] item: Leftovers
|upkeep
|
|t:|1776035617
|switch|p1a: Clefable|Clefable, F|91/100
|turn|17
|
|t:|1776035622
|move|p2a: Manaphy|Surf|p1a: Clefable
|-damage|p1a: Clefable|5/100
|move|p1a: Clefable|Flamethrower|p2a: Manaphy
|-supereffective|p2a: Manaphy
|-damage|p2a: Manaphy|20/100
|
|-heal|p2a: Manaphy|26/100|[from] item: Leftovers
|upkeep
|turn|18
|
|t:|1776035629
|move|p2a: Manaphy|Surf|p1a: Clefable
|-damage|p1a: Clefable|0 fnt
|faint|p1a: Clefable
|
|-heal|p2a: Manaphy|32/100|[from] item: Leftovers
|upkeep
|
|t:|1776035631
|switch|p1a: Garganacl|Garganacl, F|100/100
|turn|19
|
|t:|1776035636
|move|p2a: Manaphy|Surf|p1a: Garganacl
|-supereffective|p1a: Garganacl
|-damage|p1a: Garganacl|0 fnt
|faint|p1a: Garganacl
|
|win|spauty18
|raw|ImJustKyle's rating: 1151 &rarr; <strong>1125</strong><br />(-26 for losing)
|raw|spauty18's rating: 1135 &rarr; <strong>1161</strong><br />(+26 for winning)
|l|☆ImJustKyle
|player|p1|
