|html|<div class="broadcast-blue"><strong>[Gen 9] OU is currently suspecting Tera Blast! For information on how to participate check out the <a href="https://www.smogon.com/tools/suspects/view/200">suspect thread</a>.</strong></div>
|j|☆Velcrostuck
|j|☆jessies boyfriend
|t:|1776082860
|gametype|singles
|player|p1|Velcrostuck|2|1518
|player|p2|jessies boyfriend|brock|1470
|gen|9
|tier|[Gen 9] OU
|rated|
|rule|HP Percentage Mod: HP is shown in percentages
|rule|Endless Battle Clause: Forcing endless battles is banned
|rule|Species Clause: Limit one of each Pokémon
|rule|OHKO Clause: OHKO moves are banned
|rule|Evasion Items Clause: Evasion items are banned
|rule|Evasion Moves Clause: Evasion moves are banned
|rule|Evasion Abilities Clause: Evasion abilities are banned
|rule|Sleep Moves Clause: Sleep-inducing moves are banned
|clearpoke
|poke|p1|Lokix, M|
|poke|p1|Pecharunt|
|poke|p1|Zamazenta-*|
|poke|p1|Ting-Lu|
|poke|p1|Gliscor, M|
|poke|p1|Great Tusk|
|poke|p2|Hatterene, F|
|poke|p2|Gholdengo|
|poke|p2|Dragonite, M|
|poke|p2|Cinccino, M|
|poke|p2|Glimmora, F|
|poke|p2|Greninja-*, F|
|teampreview
|inactive|Battle timer is ON: inactive players will automatically lose when time's up. (requested by Velcrostuck)
|
|t:|1776082869
|teamsize|p1|6
|teamsize|p2|6
|start
|switch|p1a: Ting-Lu|Ting-Lu|100/100
|switch|p2a: Cinccino|Cinccino, M|100/100
|-ability|p1a: Ting-Lu|Vessel of Ruin
|turn|1
|
|t:|1776082877
|move|p2a: Cinccino|Bullet Seed|p1a: Ting-Lu
|-supereffective|p1a: Ting-Lu
|-damage|p1a: Ting-Lu|90/100
|-supereffective|p1a: Ting-Lu
|-damage|p1a: Ting-Lu|78/100
|-supereffective|p1a: Ting-Lu
|-damage|p1a: Ting-Lu|67/100
|-supereffective|p1a: Ting-Lu
|-damage|p1a: Ting-Lu|55/100
|-supereffective|p1a: Ting-Lu
|-damage|p1a: Ting-Lu|42/100
|-hitcount|p1a: Ting-Lu|5
|move|p1a: Ting-Lu|Stealth Rock|p2a: Cinccino
|-sidestart|p2: jessies boyfriend|move: Stealth Rock
|
|-heal|p1a: Ting-Lu|48/100|[from] item: Leftovers
|upkeep
|turn|2
|
|t:|1776082889
|switch|p1a: Pecharunt|Pecharunt|100/100
|move|p2a: Cinccino|U-turn|p1a: Pecharunt
|-resisted|p1a: Pecharunt
|-damage|p1a: Pecharunt|98/100
|
|t:|1776082894
|switch|p2a: Glimmora|Glimmora, F|100/100|[from] U-turn
|-damage|p2a: Glimmora|88/100|[from] Stealth Rock
|
|upkeep
|turn|3
|
|t:|1776082898
|move|p2a: Glimmora|Mortal Spin|p1a: Pecharunt
|-resisted|p1a: Pecharunt
|-damage|p1a: Pecharunt|98/100
|-sideend|p2: jessies boyfriend|Stealth Rock|[from] move: Mortal Spin|[of] p2a: Glimmora
|move|p1a: Pecharunt|Shadow Ball|p2a: Glimmora
|-damage|p2a: Glimmora|60/100
|
|upkeep
|turn|4
|
|t:|1776082909
|switch|p2a: Gholdengo|Gholdengo|100/100
|move|p1a: Pecharunt|Foul Play|p2a: Gholdengo
|-supereffective|p2a: Gholdengo
|-damage|p2a: Gholdengo|78/100
|
|upkeep
|turn|5
|
|t:|1776082915
|switch|p1a: Ting-Lu|Ting-Lu|48/100
|-ability|p1a: Ting-Lu|Vessel of Ruin
|move|p2a: Gholdengo|Trick|p1a: Ting-Lu
|-activate|p2a: Gholdengo|move: Trick|[of] p1a: Ting-Lu
|-item|p1a: Ting-Lu|Choice Scarf|[from] move: Trick
|-item|p2a: Gholdengo|Leftovers|[from] move: Trick
|
|-heal|p2a: Gholdengo|84/100|[from] item: Leftovers
|upkeep
|turn|6
|
|t:|1776082924
|switch|p2a: Hatterene|Hatterene, F|100/100
|move|p1a: Ting-Lu|Earthquake|p2a: Hatterene
|-damage|p2a: Hatterene|64/100
|
|upkeep
|turn|7
|
|t:|1776082929
|move|p1a: Ting-Lu|Earthquake|p2a: Hatterene
|-damage|p2a: Hatterene|31/100
|move|p2a: Hatterene|Draining Kiss|p1a: Ting-Lu
|-supereffective|p1a: Ting-Lu
|-damage|p1a: Ting-Lu|25/100
|-heal|p2a: Hatterene|62/100|[from] drain|[of] p1a: Ting-Lu
|
|upkeep
|turn|8
|
|t:|1776082937
|switch|p1a: Pecharunt|Pecharunt|98/100
|move|p2a: Hatterene|Draining Kiss|p1a: Pecharunt
|-resisted|p1a: Pecharunt
|-damage|p1a: Pecharunt|85/100
|-heal|p2a: Hatterene|74/100|[from] drain|[of] p1a: Pecharunt
|
|upkeep
|turn|9
|
|t:|1776082953
|switch|p2a: Gholdengo|Gholdengo|84/100
|move|p1a: Pecharunt|Shadow Ball|p2a: Gholdengo
|-supereffective|p2a: Gholdengo
|-damage|p2a: Gholdengo|31/100
|
|-heal|p2a: Gholdengo|37/100|[from] item: Leftovers
|upkeep
|turn|10
|
|t:|1776082961
|switch|p1a: Ting-Lu|Ting-Lu|25/100
|-ability|p1a: Ting-Lu|Vessel of Ruin
|move|p2a: Gholdengo|Shadow Ball|p1a: Ting-Lu
|-resisted|p1a: Ting-Lu
|-damage|p1a: Ting-Lu|14/100
|-unboost|p1a: Ting-Lu|spd|1
|
|-heal|p2a: Gholdengo|43/100|[from] item: Leftovers
|upkeep
|turn|11
|
|t:|1776082973
|move|p2a: Gholdengo|Shadow Ball|p1a: Ting-Lu
|-resisted|p1a: Ting-Lu
|-damage|p1a: Ting-Lu|1/100
|move|p1a: Ting-Lu|Earthquake|p2a: Gholdengo
|-supereffective|p2a: Gholdengo
|-damage|p2a: Gholdengo|0 fnt
|faint|p2a: Gholdengo
|
|upkeep
|
|t:|1776082983
|switch|p2a: Dragonite|Dragonite, M|100/100
|turn|12
|
|t:|1776082988
|switch|p1a: Pecharunt|Pecharunt|85/100
|move|p2a: Dragonite|Dragon Dance|p2a: Dragonite
|-boost|p2a: Dragonite|atk|1
|-boost|p2a: Dragonite|spe|1
|
|upkeep
|turn|13
|
|t:|1776082994
|move|p2a: Dragonite|Earthquake|p1a: Pecharunt
|-supereffective|p1a: Pecharunt
|-damage|p1a: Pecharunt|27/100
|move|p1a: Pecharunt|Malignant Chain|p2a: Dragonite
|-damage|p2a: Dragonite|87/100
|-status|p2a: Dragonite|tox
|-start|p2a: Dragonite|confusion|[from] ability: Poison Puppeteer|[of] p1a: Pecharunt
|
|-damage|p2a: Dragonite|81/100 tox|[from] psn
|upkeep
|turn|14
|
|t:|1776083007
|switch|p2a: Glimmora|Glimmora, F|60/100
|switch|p1a: Gliscor|Gliscor, M|100/100
|
|-status|p1a: Gliscor|tox|[from] item: Toxic Orb
|upkeep
|turn|15
|
|t:|1776083014
|move|p2a: Glimmora|Power Gem|p1a: Gliscor
|-damage|p1a: Gliscor|62/100 tox
|move|p1a: Gliscor|Knock Off|p2a: Glimmora
|-damage|p2a: Glimmora|38/100
|-activate|p2a: Glimmora|ability: Toxic Debris
|-sidestart|p1: Velcrostuck|move: Toxic Spikes
|-enditem|p2a: Glimmora|Choice Scarf|[from] move: Knock Off|[of] p1a: Gliscor
|
|-heal|p1a: Gliscor|74/100 tox|[from] ability: Poison Heal
|upkeep
|turn|16
|
|t:|1776083026
|move|p2a: Glimmora|Power Gem|p1a: Gliscor
|-damage|p1a: Gliscor|35/100 tox
|move|p1a: Gliscor|Knock Off|p2a: Glimmora
|-damage|p2a: Glimmora|22/100
|-activate|p2a: Glimmora|ability: Toxic Debris
|-sidestart|p1: Velcrostuck|move: Toxic Spikes
|
|-heal|p1a: Gliscor|48/100 tox|[from] ability: Poison Heal
|upkeep
|turn|17
|
|t:|1776083035
|move|p1a: Gliscor|Protect|p1a: Gliscor
|-singleturn|p1a: Gliscor|Protect
|move|p2a: Glimmora|Power Gem|p1a: Gliscor
|-activate|p1a: Gliscor|move: Protect
|
|-heal|p1a: Gliscor|60/100 tox|[from] ability: Poison Heal
|upkeep
|turn|18
|
|t:|1776083042
|move|p2a: Glimmora|Power Gem|p1a: Gliscor
|-damage|p1a: Gliscor|22/100 tox
|move|p1a: Gliscor|Knock Off|p2a: Glimmora
|-damage|p2a: Glimmora|6/100
|
|-heal|p1a: Gliscor|34/100 tox|[from] ability: Poison Heal
|upkeep
|turn|19
|
|t:|1776083048
|move|p1a: Gliscor|Protect|p1a: Gliscor
|-singleturn|p1a: Gliscor|Protect
|move|p2a: Glimmora|Power Gem|p1a: Gliscor
|-activate|p1a: Gliscor|move: Protect
|
|-heal|p1a: Gliscor|47/100 tox|[from] ability: Poison Heal
|upkeep
|turn|20
|
|t:|1776083055
|move|p2a: Glimmora|Sludge Bomb|p1a: Gliscor
|-resisted|p1a: Gliscor
|-damage|p1a: Gliscor|24/100 tox
|move|p1a: Gliscor|Knock Off|p2a: Glimmora
|-damage|p2a: Glimmora|0 fnt
|faint|p2a: Glimmora
|
|-heal|p1a: Gliscor|36/100 tox|[from] ability: Poison Heal
|upkeep
|
|t:|1776083077
|switch|p2a: Cinccino|Cinccino, M|100/100
|turn|21
|
|t:|1776083083
|move|p2a: Cinccino|Triple Axel|p1a: Gliscor
|-supereffective|p1a: Gliscor
|-damage|p1a: Gliscor|10/100 tox
|-supereffective|p1a: Gliscor
|-damage|p1a: Gliscor|0 fnt
|faint|p1a: Gliscor
|-hitcount|p1: Gliscor|2
|
|upkeep
|
|t:|1776083090
|switch|p1a: Pecharunt|Pecharunt|27/100
|-sideend|p1: Velcrostuck|move: Toxic Spikes|[of] p1a: Pecharunt
|turn|22
|
|t:|1776083097
|move|p2a: Cinccino|Triple Axel|p1a: Pecharunt
|-damage|p1a: Pecharunt|23/100
|-damage|p1a: Pecharunt|15/100
|-damage|p1a: Pecharunt|4/100
|-hitcount|p1a: Pecharunt|3
|move|p1a: Pecharunt|Recover|p1a: Pecharunt
|-heal|p1a: Pecharunt|54/100
|
|upkeep
|turn|23
|
|t:|1776083105
|move|p2a: Cinccino|U-turn|p1a: Pecharunt
|-resisted|p1a: Pecharunt
|-damage|p1a: Pecharunt|51/100
|
|t:|1776083110
|switch|p2a: Dragonite|Dragonite, M|81/100 tox|[from] U-turn
|move|p1a: Pecharunt|Malignant Chain|p2a: Dragonite
|-damage|p2a: Dragonite|53/100 tox
|
|-damage|p2a: Dragonite|47/100 tox|[from] psn
|upkeep
|turn|24
|
|t:|1776083118
|move|p1a: Pecharunt|Foul Play|p2a: Dragonite
|-damage|p2a: Dragonite|3/100 tox
|move|p2a: Dragonite|Dragon Dance|p2a: Dragonite
|-boost|p2a: Dragonite|atk|1
|-boost|p2a: Dragonite|spe|1
|
|-damage|p2a: Dragonite|0 fnt|[from] psn
|faint|p2a: Dragonite
|upkeep
|
|t:|1776083124
|switch|p2a: Greninja|Greninja, F|100/100
|turn|25
|
|t:|1776083128
|switch|p1a: Ting-Lu|Ting-Lu|1/100
|-ability|p1a: Ting-Lu|Vessel of Ruin
|move|p2a: Greninja|Dark Pulse|p1a: Ting-Lu
|-start|p2a: Greninja|typechange|Dark|[from] ability: Protean
|-resisted|p1a: Ting-Lu
|-crit|p1a: Ting-Lu
|-damage|p1a: Ting-Lu|0 fnt
|faint|p1a: Ting-Lu
|
|upkeep
|
|t:|1776083137
|switch|p1a: Lokix|Lokix, M|100/100
|turn|26
|
|t:|1776083141
|switch|p2a: Hatterene|Hatterene, F|74/100
|move|p1a: Lokix|First Impression|p2a: Hatterene
|-damage|p2a: Hatterene|34/100
|-damage|p1a: Lokix|84/100|[from] item: Rocky Helmet|[of] p2a: Hatterene
|
|upkeep
|turn|27
|
|t:|1776083152
|switch|p2a: Cinccino|Cinccino, M|100/100
|move|p1a: Lokix|U-turn|p2a: Cinccino
|-damage|p2a: Cinccino|42/100
|
|t:|1776083157
|switch|p1a: Pecharunt|Pecharunt|51/100|[from] U-turn
|
|upkeep
|turn|28
|
|t:|1776083167
|move|p2a: Cinccino|Rock Blast|p1a: Pecharunt
|-damage|p1a: Pecharunt|46/100
|-damage|p1a: Pecharunt|41/100
|-damage|p1a: Pecharunt|36/100
|-damage|p1a: Pecharunt|31/100
|-hitcount|p1a: Pecharunt|4
|move|p1a: Pecharunt|Malignant Chain|p2a: Cinccino
|-damage|p2a: Cinccino|0 fnt
|faint|p2a: Cinccino
|
|upkeep
|
|t:|1776083177
|switch|p2a: Hatterene|Hatterene, F|34/100
|turn|29
|
|t:|1776083180
|move|p1a: Pecharunt|Malignant Chain|p2a: Hatterene
|-supereffective|p2a: Hatterene
|-damage|p2a: Hatterene|0 fnt
|faint|p2a: Hatterene
|
|upkeep
|
|t:|1776083182
|switch|p2a: Greninja|Greninja, F|100/100
|turn|30
|c|☆Velcrostuck|gg
|
|t:|1776083192
|move|p2a: Greninja|Water Shuriken|p1a: Pecharunt
|-start|p2a: Greninja|typechange|Water|[from] ability: Protean
|-damage|p1a: Pecharunt|20/100
|-damage|p1a: Pecharunt|8/100
|-damage|p1a: Pecharunt|0 fnt
|faint|p1a: Pecharunt
|-hitcount|p1: Pecharunt|3
|
|upkeep
|
|t:|1776083205
|switch|p1a: Lokix|Lokix, M|84/100
|turn|31
|
|t:|1776083209
|move|p1a: Lokix|First Impression|p2a: Greninja
|-damage|p2a: Greninja|34/100
|move|p2a: Greninja|Water Shuriken|p1a: Lokix
|-damage|p1a: Lokix|61/100
|-damage|p1a: Lokix|39/100
|-damage|p1a: Lokix|18/100
|-damage|p1a: Lokix|0 fnt
|faint|p1a: Lokix
|-hitcount|p1: Lokix|4
|
|upkeep
|
|t:|1776083220
|switch|p1a: Zamazenta|Zamazenta|100/100
|-ability|p1a: Zamazenta|Dauntless Shield|boost
|-boost|p1a: Zamazenta|def|1
|turn|32
|
|t:|1776083226
|move|p2a: Greninja|Water Shuriken|p1a: Zamazenta
|-damage|p1a: Zamazenta|90/100
|-damage|p1a: Zamazenta|79/100
|-hitcount|p1a: Zamazenta|2
|move|p1a: Zamazenta|Crunch|p2a: Greninja
|-damage|p2a: Greninja|0 fnt
|faint|p2a: Greninja
|
|win|Velcrostuck
|raw|Velcrostuck's rating: 1518 &rarr; <strong>1535</strong><br />(+17 for winning)
|raw|jessies boyfriend's rating: 1470 &rarr; <strong>1453</strong><br />(-17 for losing)
|l|☆Velcrostuck
|player|p1|
|l|☆jessies boyfriend
|player|p2|
