|html|<div class="broadcast-blue"><strong>[Gen 9] OU is currently suspecting Volcarona! For information on how to participate check out the <a href="https://www.smogon.com/tools/suspects/view/208">suspect thread</a>.</strong></div>
|j|☆Volga123
|j|☆argadini
|t:|1778507681
|gametype|singles
|player|p1|Volga123|cynthia|1347
|player|p2|argadini|lance-masters2|1443
|gen|9
|tier|[Gen 9] OU
|rated|
|rule|HP Percentage Mod: HP is shown in percentages
|rule|Endless Battle Clause: Forcing endless battles is banned
|rule|Species Clause: Limit one of each Pokémon
|rule|OHKO Clause: OHKO moves are banned
|rule|Evasion Items Clause: Evasion items are banned
|rule|Evasion Moves Clause: Evasion moves are banned
|rule|Evasion Abilities Clause: Evasion abilities are banned
|rule|Sleep Moves Clause: Sleep-inducing moves are banned
|clearpoke
|poke|p1|Brambleghast, F|
|poke|p1|Cloyster, F|
|poke|p1|Clodsire, F|
|poke|p1|Salazzle, F|
|poke|p1|Slither Wing|
|poke|p1|Moltres-Galar|
|poke|p2|Ribombee, F|
|poke|p2|Volcarona, M|
|poke|p2|Dragonite, F|
|poke|p2|Great Tusk|
|poke|p2|Gholdengo|
|poke|p2|Glimmora, M|
|teampreview
|inactive|Battle timer is ON: inactive players will automatically lose when time's up. (requested by argadini)
|
|t:|1778507706
|teamsize|p1|6
|teamsize|p2|6
|start
|switch|p1a: Brambleghast|Brambleghast, F|100/100
|switch|p2a: Ribombee|Ribombee, F, shiny|100/100
|turn|1
|
|t:|1778507713
|move|p2a: Ribombee|Moonblast|p1a: Brambleghast
|-damage|p1a: Brambleghast|32/100
|move|p1a: Brambleghast|Rapid Spin|p2a: Ribombee
|-damage|p2a: Ribombee|68/100
|-boost|p1a: Brambleghast|spe|1
|
|upkeep
|turn|2
|
|t:|1778507719
|move|p1a: Brambleghast|Poltergeist|p2a: Ribombee
|-activate|p2a: Ribombee|move: Poltergeist|Focus Sash
|-damage|p2a: Ribombee|0 fnt
|faint|p2a: Ribombee
|
|upkeep
|
|t:|1778507722
|switch|p2a: Glimmora|Glimmora, M|100/100
|turn|3
|
|t:|1778507731
|switch|p1a: Clodsire|Clodsire, F|100/100
|move|p2a: Glimmora|Dazzling Gleam|p1a: Clodsire
|-resisted|p1a: Clodsire
|-damage|p1a: Clodsire|93/100
|
|-heal|p1a: Clodsire|99/100|[from] item: Black Sludge
|upkeep
|turn|4
|
|t:|1778507735
|move|p2a: Glimmora|Stealth Rock|p1a: Clodsire
|-sidestart|p1: Volga123|move: Stealth Rock
|move|p1a: Clodsire|Earthquake|p2a: Glimmora
|-supereffective|p2a: Glimmora
|-damage|p2a: Glimmora|0 fnt
|-activate|p2a: Glimmora|ability: Toxic Debris
|-sidestart|p1: Volga123|move: Toxic Spikes
|faint|p2a: Glimmora
|
|-heal|p1a: Clodsire|100/100|[from] item: Black Sludge
|upkeep
|
|t:|1778507739
|switch|p2a: Great Tusk|Great Tusk|100/100
|-enditem|p2a: Great Tusk|Booster Energy
|-activate|p2a: Great Tusk|ability: Protosynthesis|[fromitem]
|-start|p2a: Great Tusk|protosynthesisatk
|turn|5
|
|t:|1778507751
|switch|p1a: Moltres|Moltres-Galar|100/100
|-damage|p1a: Moltres|76/100|[from] Stealth Rock
|move|p2a: Great Tusk|Ice Spinner|p1a: Moltres
|-supereffective|p1a: Moltres
|-damage|p1a: Moltres|0 fnt
|faint|p1a: Moltres
|
|upkeep
|
|t:|1778507756
|switch|p1a: Brambleghast|Brambleghast, F|32/100
|turn|6
|
|t:|1778507759
|move|p1a: Brambleghast|Rapid Spin|p2a: Great Tusk
|-damage|p2a: Great Tusk|88/100
|-boost|p1a: Brambleghast|spe|1
|-sideend|p1: Volga123|Toxic Spikes|[from] move: Rapid Spin|[of] p1a: Brambleghast
|-sideend|p1: Volga123|Stealth Rock|[from] move: Rapid Spin|[of] p1a: Brambleghast
|move|p2a: Great Tusk|Ice Spinner|p1a: Brambleghast
|-supereffective|p1a: Brambleghast
|-damage|p1a: Brambleghast|0 fnt
|faint|p1a: Brambleghast
|
|upkeep
|
|t:|1778507770
|switch|p1a: Salazzle|Salazzle, F|100/100
|turn|7
|
|t:|1778507774
|-terastallize|p1a: Salazzle|Flying
|move|p1a: Salazzle|Nasty Plot|p1a: Salazzle
|-boost|p1a: Salazzle|spa|2
|move|p2a: Great Tusk|Headlong Rush|p1a: Salazzle
|-immune|p1a: Salazzle
|
|upkeep
|turn|8
|
|t:|1778507794
|-end|p2a: Great Tusk|Protosynthesis|[silent]
|switch|p2a: Dragonite|Dragonite, F, shiny|100/100
|move|p1a: Salazzle|Fire Blast|p2a: Dragonite|[miss]
|-miss|p1a: Salazzle|p2a: Dragonite
|
|upkeep
|turn|9
|
|t:|1778507808
|move|p1a: Salazzle|Sludge Wave|p2a: Dragonite
|-damage|p2a: Dragonite|53/100
|move|p2a: Dragonite|Scale Shot|p1a: Salazzle
|-damage|p1a: Salazzle|74/100
|-damage|p1a: Salazzle|48/100
|-damage|p1a: Salazzle|22/100
|-damage|p1a: Salazzle|0 fnt
|faint|p1a: Salazzle
|-hitcount|p1: Salazzle|4
|-unboost|p2a: Dragonite|def|1
|-boost|p2a: Dragonite|spe|1
|
|upkeep
|
|t:|1778507812
|switch|p1a: Cloyster|Cloyster, F|100/100
|turn|10
|
|t:|1778507823
|move|p2a: Dragonite|Dragon Dance|p2a: Dragonite
|-boost|p2a: Dragonite|atk|1
|-boost|p2a: Dragonite|spe|1
|move|p1a: Cloyster|Icicle Spear|p2a: Dragonite
|-supereffective|p2a: Dragonite
|-damage|p2a: Dragonite|0 fnt
|faint|p2a: Dragonite
|-hitcount|p2: Dragonite|1
|
|upkeep
|
|t:|1778507827
|switch|p2a: Gholdengo|Gholdengo|100/100
|-item|p2a: Gholdengo|Air Balloon
|turn|11
|
|t:|1778507836
|switch|p1a: Clodsire|Clodsire, F|100/100
|move|p2a: Gholdengo|Shadow Ball|p1a: Clodsire
|-damage|p1a: Clodsire|76/100
|-unboost|p1a: Clodsire|spd|1
|
|-heal|p1a: Clodsire|82/100|[from] item: Black Sludge
|upkeep
|turn|12
|
|t:|1778507845
|move|p2a: Gholdengo|Shadow Ball|p1a: Clodsire
|-damage|p1a: Clodsire|43/100
|move|p1a: Clodsire|Stealth Rock|p2a: Gholdengo
|-sidestart|p2: argadini|move: Stealth Rock
|
|-heal|p1a: Clodsire|50/100|[from] item: Black Sludge
|upkeep
|turn|13
|
|t:|1778507850
|move|p2a: Gholdengo|Make It Rain|p1a: Clodsire
|-damage|p1a: Clodsire|0 fnt
|-unboost|p2a: Gholdengo|spa|1
|faint|p1a: Clodsire
|
|upkeep
|
|t:|1778507856
|switch|p1a: Cloyster|Cloyster, F|100/100
|turn|14
|
|t:|1778507860
|move|p2a: Gholdengo|Make It Rain|p1a: Cloyster
|-damage|p1a: Cloyster|0 fnt
|-unboost|p2a: Gholdengo|spa|1
|faint|p1a: Cloyster
|
|upkeep
|-message|Volga123 forfeited.
|
|win|argadini
|raw|Volga123's rating: 1347 &rarr; <strong>1332</strong><br />(-15 for losing)
|raw|argadini's rating: 1443 &rarr; <strong>1458</strong><br />(+15 for winning)
|l|☆Volga123
|player|p1|
|l|☆argadini
|player|p2|
