|html|<div class="broadcast-blue"><strong>[Gen 9] OU is currently suspecting Tera Blast! For information on how to participate check out the <a href="https://www.smogon.com/tools/suspects/view/200">suspect thread</a>.</strong></div>
|j|☆SpiralShift
|j|☆SupotKa123
|t:|1776059150
|gametype|singles
|player|p1|SpiralShift|gambler|1158
|player|p2|SupotKa123|marlon|1152
|gen|9
|tier|[Gen 9] OU
|rated|
|rule|HP Percentage Mod: HP is shown in percentages
|rule|Endless Battle Clause: Forcing endless battles is banned
|rule|Species Clause: Limit one of each Pokémon
|rule|OHKO Clause: OHKO moves are banned
|rule|Evasion Items Clause: Evasion items are banned
|rule|Evasion Moves Clause: Evasion moves are banned
|rule|Evasion Abilities Clause: Evasion abilities are banned
|rule|Sleep Moves Clause: Sleep-inducing moves are banned
|clearpoke
|poke|p1|Scizor, M|
|poke|p1|Skarmory, M|
|poke|p1|Galvantula, M|
|poke|p1|Feraligatr, M|
|poke|p1|Bisharp, F|
|poke|p1|Dragonite, F|
|poke|p2|Great Tusk|
|poke|p2|Dragapult, M|
|poke|p2|Slowking-Galar, M|
|poke|p2|Kingambit, M|
|poke|p2|Walking Wake|
|poke|p2|Toxapex, F|
|teampreview
|
|t:|1776059157
|teamsize|p1|6
|teamsize|p2|6
|start
|switch|p1a: Galvantula|Galvantula, M|100/100
|switch|p2a: Great Tusk|Great Tusk|100/100
|turn|1
|
|t:|1776059166
|move|p1a: Galvantula|Sticky Web|p2a: Great Tusk
|-sidestart|p2: SupotKa123|move: Sticky Web
|move|p2a: Great Tusk|Stealth Rock|p1a: Galvantula
|-sidestart|p1: SpiralShift|move: Stealth Rock
|
|upkeep
|turn|2
|
|t:|1776059173
|move|p1a: Galvantula|Light Screen|p1a: Galvantula
|-sidestart|p1: SpiralShift|move: Light Screen
|move|p2a: Great Tusk|Knock Off|p1a: Galvantula
|-damage|p1a: Galvantula|45/100
|-enditem|p1a: Galvantula|Focus Sash|[from] move: Knock Off|[of] p2a: Great Tusk
|
|upkeep
|turn|3
|
|t:|1776059184
|move|p1a: Galvantula|Thief|p2a: Great Tusk
|-resisted|p2a: Great Tusk
|-damage|p2a: Great Tusk|98/100
|-enditem|p2a: Great Tusk|Leftovers|[silent]|[from] move: Thief|[of] p1a: Galvantula
|-item|p1a: Galvantula|Leftovers|[from] move: Thief|[of] p2a: Great Tusk
|move|p2a: Great Tusk|Rapid Spin|p1a: Galvantula
|-damage|p1a: Galvantula|18/100
|-boost|p2a: Great Tusk|spe|1
|-sideend|p2: SupotKa123|Sticky Web|[from] move: Rapid Spin|[of] p2a: Great Tusk
|
|-heal|p1a: Galvantula|24/100|[from] item: Leftovers
|upkeep
|turn|4
|
|t:|1776059196
|switch|p1a: Dragonite|Dragonite, F|100/100
|move|p2a: Great Tusk|Knock Off|p1a: Dragonite
|-damage|p1a: Dragonite|84/100
|-enditem|p1a: Dragonite|Heavy-Duty Boots|[from] move: Knock Off|[of] p2a: Great Tusk
|
|upkeep
|turn|5
|
|t:|1776059211
|-end|p2a: Great Tusk|Protosynthesis|[silent]
|switch|p2a: Toxapex|Toxapex, F|100/100
|move|p1a: Dragonite|Dragon Dance|p1a: Dragonite
|-boost|p1a: Dragonite|atk|1
|-boost|p1a: Dragonite|spe|1
|
|upkeep
|turn|6
|
|t:|1776059220
|move|p1a: Dragonite|Earthquake|p2a: Toxapex
|-supereffective|p2a: Toxapex
|-damage|p2a: Toxapex|21/100
|move|p2a: Toxapex|Haze|p2a: Toxapex
|-clearallboost
|
|-sideend|p1: SpiralShift|move: Light Screen
|upkeep
|turn|7
|
|t:|1776059242
|switch|p2a: Walking Wake|Walking Wake|100/100
|move|p1a: Dragonite|Dragon Dance|p1a: Dragonite
|-boost|p1a: Dragonite|atk|1
|-boost|p1a: Dragonite|spe|1
|
|upkeep
|turn|8
|
|t:|1776059253
|move|p2a: Walking Wake|Draco Meteor|p1a: Dragonite
|-supereffective|p1a: Dragonite
|-damage|p1a: Dragonite|0 fnt
|-unboost|p2a: Walking Wake|spa|2
|faint|p1a: Dragonite
|
|upkeep
|
|t:|1776059267
|switch|p1a: Bisharp|Bisharp, F|100/100
|-damage|p1a: Bisharp|94/100|[from] Stealth Rock
|turn|9
|
|t:|1776059275
|-end|p2a: Walking Wake|Protosynthesis|[silent]
|switch|p2a: Great Tusk|Great Tusk|98/100
|move|p1a: Bisharp|Retaliate|p2a: Great Tusk
|-damage|p2a: Great Tusk|72/100
|
|upkeep
|turn|10
|
|t:|1776059289
|-terastallize|p1a: Bisharp|Ghost
|move|p2a: Great Tusk|Earthquake|p1a: Bisharp
|-damage|p1a: Bisharp|60/100
|move|p1a: Bisharp|Swords Dance|p1a: Bisharp
|-boost|p1a: Bisharp|atk|2
|
|upkeep
|turn|11
|
|t:|1776059299
|move|p2a: Great Tusk|Knock Off|p1a: Bisharp
|-supereffective|p1a: Bisharp
|-crit|p1a: Bisharp
|-damage|p1a: Bisharp|0 fnt
|-enditem|p1a: Bisharp|Eviolite|[from] move: Knock Off|[of] p2a: Great Tusk
|faint|p1a: Bisharp
|
|upkeep
|
|t:|1776059318
|switch|p1a: Skarmory|Skarmory, M|100/100
|-damage|p1a: Skarmory|88/100|[from] Stealth Rock
|turn|12
|
|t:|1776059324
|move|p1a: Skarmory|Swords Dance|p1a: Skarmory
|-boost|p1a: Skarmory|atk|2
|move|p2a: Great Tusk|Knock Off|p1a: Skarmory
|-damage|p1a: Skarmory|62/100
|-ability|p1a: Skarmory|Weak Armor|boost
|-unboost|p1a: Skarmory|def|1
|-boost|p1a: Skarmory|spe|2
|-enditem|p1a: Skarmory|Leftovers|[from] move: Knock Off|[of] p2a: Great Tusk
|
|upkeep
|turn|13
|
|t:|1776059356
|-end|p2a: Great Tusk|Protosynthesis|[silent]
|switch|p2a: Toxapex|Toxapex, F|54/100
|move|p1a: Skarmory|Swords Dance|p1a: Skarmory
|-boost|p1a: Skarmory|atk|2
|
|upkeep
|turn|14
|
|t:|1776059362
|move|p1a: Skarmory|Drill Run|p2a: Toxapex
|-supereffective|p2a: Toxapex
|-damage|p2a: Toxapex|0 fnt
|-damage|p1a: Skarmory|46/100|[from] item: Rocky Helmet|[of] p2a: Toxapex
|faint|p2a: Toxapex
|
|upkeep
|
|t:|1776059375
|switch|p2a: Slowking|Slowking-Galar, M|100/100
|turn|15
|
|t:|1776059384
|move|p1a: Skarmory|Drill Run|p2a: Slowking
|-supereffective|p2a: Slowking
|-damage|p2a: Slowking|0 fnt
|faint|p2a: Slowking
|
|upkeep
|
|t:|1776059408
|switch|p2a: Walking Wake|Walking Wake|100/100
|turn|16
|
|t:|1776059422
|-terastallize|p2a: Walking Wake|Water
|move|p2a: Walking Wake|Flamethrower|p1a: Skarmory
|-supereffective|p1a: Skarmory
|-damage|p1a: Skarmory|0 fnt
|faint|p1a: Skarmory
|
|upkeep
|
|t:|1776059431
|switch|p1a: Feraligatr|Feraligatr, M|100/100
|-damage|p1a: Feraligatr|88/100|[from] Stealth Rock
|turn|17
|
|t:|1776059441
|-end|p2a: Walking Wake|Protosynthesis|[silent]
|switch|p2a: Great Tusk|Great Tusk|72/100
|move|p1a: Feraligatr|Dragon Dance|p1a: Feraligatr
|-boost|p1a: Feraligatr|atk|1
|-boost|p1a: Feraligatr|spe|1
|
|upkeep
|turn|18
|
|t:|1776059454
|move|p1a: Feraligatr|Waterfall|p2a: Great Tusk
|-supereffective|p2a: Great Tusk
|-damage|p2a: Great Tusk|0 fnt
|faint|p2a: Great Tusk
|-end|p2a: Great Tusk|Protosynthesis|[silent]
|
|upkeep
|
|t:|1776059470
|switch|p2a: Dragapult|Dragapult, M|100/100
|turn|19
|
|t:|1776059487
|switch|p1a: Scizor|Scizor, M|100/100
|-damage|p1a: Scizor|88/100|[from] Stealth Rock
|move|p2a: Dragapult|Draco Meteor|p1a: Scizor
|-resisted|p1a: Scizor
|-damage|p1a: Scizor|36/100
|-unboost|p2a: Dragapult|spa|2
|
|-heal|p1a: Scizor|42/100|[from] item: Leftovers
|upkeep
|turn|20
|
|t:|1776059499
|switch|p2a: Walking Wake|Walking Wake, tera:Water|100/100
|move|p1a: Scizor|Knock Off|p2a: Walking Wake
|-damage|p2a: Walking Wake|63/100
|-enditem|p2a: Walking Wake|Choice Scarf|[from] move: Knock Off|[of] p1a: Scizor
|
|-heal|p1a: Scizor|48/100|[from] item: Leftovers
|upkeep
|turn|21
|
|t:|1776059515
|move|p2a: Walking Wake|Flamethrower|p1a: Scizor
|-supereffective|p1a: Scizor
|-damage|p1a: Scizor|0 fnt
|faint|p1a: Scizor
|
|upkeep
|
|t:|1776059526
|switch|p1a: Feraligatr|Feraligatr, M|88/100
|-damage|p1a: Feraligatr|76/100|[from] Stealth Rock
|turn|22
|
|t:|1776059535
|move|p2a: Walking Wake|Draco Meteor|p1a: Feraligatr
|-damage|p1a: Feraligatr|0 fnt
|-unboost|p2a: Walking Wake|spa|2
|faint|p1a: Feraligatr
|
|upkeep
|
|t:|1776059540
|switch|p1a: Galvantula|Galvantula, M|24/100
|-damage|p1a: Galvantula|0 fnt|[from] Stealth Rock
|faint|p1a: Galvantula
|
|win|SupotKa123
|raw|SpiralShift's rating: 1158 &rarr; <strong>1133</strong><br />(-25 for losing)
|raw|SupotKa123's rating: 1152 &rarr; <strong>1177</strong><br />(+25 for winning)
|l|☆SpiralShift
|player|p1|
|l|☆SupotKa123
|player|p2|
