|html|<div class="broadcast-blue"><strong>[Gen 9] OU is currently suspecting Tera Blast! For information on how to participate check out the <a href="https://www.smogon.com/tools/suspects/view/200">suspect thread</a>.</strong></div>
|j|☆magistermilitum420
|j|☆Gary88
|t:|1776103603
|gametype|singles
|player|p1|magistermilitum420|blue|1249
|player|p2|Gary88|169|1235
|gen|9
|tier|[Gen 9] OU
|rated|
|rule|HP Percentage Mod: HP is shown in percentages
|rule|Endless Battle Clause: Forcing endless battles is banned
|rule|Species Clause: Limit one of each Pokémon
|rule|OHKO Clause: OHKO moves are banned
|rule|Evasion Items Clause: Evasion items are banned
|rule|Evasion Moves Clause: Evasion moves are banned
|rule|Evasion Abilities Clause: Evasion abilities are banned
|rule|Sleep Moves Clause: Sleep-inducing moves are banned
|clearpoke
|poke|p1|Meowscarada, M|
|poke|p1|Great Tusk|
|poke|p1|Alomomola, M|
|poke|p1|Slowking-Galar, M|
|poke|p1|Dragonite, M|
|poke|p1|Heatran, F|
|poke|p2|Indeedee, M|
|poke|p2|Iron Valiant|
|poke|p2|Armarouge, F|
|poke|p2|Hatterene, F|
|poke|p2|Polteageist|
|poke|p2|Serperior, F|
|teampreview
|
|t:|1776103611
|teamsize|p1|6
|teamsize|p2|6
|start
|switch|p1a: Mahad|Meowscarada, M, shiny|100/100
|switch|p2a: Serperior|Serperior, F|100/100
|turn|1
|
|t:|1776103616
|move|p1a: Mahad|U-turn|p2a: Serperior
|-start|p1a: Mahad|typechange|Bug|[from] ability: Protean
|-supereffective|p2a: Serperior
|-damage|p2a: Serperior|36/100
|
|t:|1776103620
|switch|p1a: Vulcanus|Heatran, F, shiny|100/100|[from] U-turn
|move|p2a: Serperior|Glare|p1a: Vulcanus
|-status|p1a: Vulcanus|par
|
|upkeep
|turn|2
|
|t:|1776103641
|move|p2a: Serperior|Taunt|p1a: Vulcanus
|-start|p1a: Vulcanus|move: Taunt
|move|p1a: Vulcanus|Flash Cannon|p2a: Serperior
|-damage|p2a: Serperior|0 fnt
|faint|p2a: Serperior
|
|upkeep
|
|t:|1776103659
|switch|p2a: Iron Valiant|Iron Valiant|100/100
|-enditem|p2a: Iron Valiant|Booster Energy
|-activate|p2a: Iron Valiant|ability: Quark Drive|[fromitem]
|-start|p2a: Iron Valiant|quarkdrivespe
|turn|3
|
|t:|1776103665
|switch|p1a: Mithridates|Slowking-Galar, M|100/100
|move|p2a: Iron Valiant|Swords Dance|p2a: Iron Valiant
|-boost|p2a: Iron Valiant|atk|2
|
|upkeep
|turn|4
|inactive|Battle timer is ON: inactive players will automatically lose when time's up. (requested by magistermilitum420)
|
|t:|1776103725
|move|p2a: Iron Valiant|Knock Off|p1a: Mithridates
|-supereffective|p1a: Mithridates
|-damage|p1a: Mithridates|0 fnt
|-enditem|p1a: Mithridates|Assault Vest|[from] move: Knock Off|[of] p2a: Iron Valiant
|faint|p1a: Mithridates
|
|upkeep
|
|t:|1776103744
|switch|p1a: Mahad|Meowscarada, M, shiny|100/100
|turn|5
|
|t:|1776103772
|move|p1a: Mahad|U-turn|p2a: Iron Valiant
|-start|p1a: Mahad|typechange|Bug|[from] ability: Protean
|-resisted|p2a: Iron Valiant
|-damage|p2a: Iron Valiant|89/100
|
|t:|1776103777
|switch|p1a: Charybdis|Alomomola, M, shiny|100/100|[from] U-turn
|move|p2a: Iron Valiant|Close Combat|p1a: Charybdis
|-damage|p1a: Charybdis|31/100
|-unboost|p2a: Iron Valiant|def|1
|-unboost|p2a: Iron Valiant|spd|1
|
|upkeep
|turn|6
|
|t:|1776103787
|-terastallize|p1a: Charybdis|Ghost
|move|p2a: Iron Valiant|Close Combat|p1a: Charybdis
|-immune|p1a: Charybdis
|move|p1a: Charybdis|Scald|p2a: Iron Valiant
|-damage|p2a: Iron Valiant|53/100
|-status|p2a: Iron Valiant|brn
|
|-damage|p2a: Iron Valiant|47/100 brn|[from] brn
|upkeep
|turn|7
|
|t:|1776103799
|move|p2a: Iron Valiant|Knock Off|p1a: Charybdis
|-supereffective|p1a: Charybdis
|-damage|p1a: Charybdis|0 fnt
|-enditem|p1a: Charybdis|Heavy-Duty Boots|[from] move: Knock Off|[of] p2a: Iron Valiant
|faint|p1a: Charybdis
|
|-damage|p2a: Iron Valiant|40/100 brn|[from] brn
|upkeep
|
|t:|1776103815
|switch|p1a: Mahad|Meowscarada, M, shiny|100/100
|turn|8
|
|t:|1776103821
|move|p1a: Mahad|Flower Trick|p2a: Iron Valiant
|-start|p1a: Mahad|typechange|Grass|[from] ability: Protean
|-crit|p2a: Iron Valiant
|-damage|p2a: Iron Valiant|0 fnt
|faint|p2a: Iron Valiant
|-end|p2a: Iron Valiant|Quark Drive|[silent]
|
|upkeep
|
|t:|1776103839
|switch|p2a: Armarouge|Armarouge, F|100/100
|turn|9
|
|t:|1776103848
|switch|p1a: Barca|Great Tusk|100/100
|move|p2a: Armarouge|Armor Cannon|p1a: Barca
|-damage|p1a: Barca|0 fnt
|-unboost|p2a: Armarouge|def|1
|-unboost|p2a: Armarouge|spd|1
|faint|p1a: Barca
|-end|p1a: Barca|Protosynthesis|[silent]
|
|upkeep
|
|t:|1776103861
|switch|p1a: Vulcanus|Heatran, F, shiny|100/100 par
|turn|10
|
|t:|1776103867
|move|p2a: Armarouge|Expanding Force|p1a: Vulcanus
|-resisted|p1a: Vulcanus
|-damage|p1a: Vulcanus|77/100 par
|cant|p1a: Vulcanus|par
|
|upkeep
|turn|11
|
|t:|1776103873
|move|p2a: Armarouge|Expanding Force|p1a: Vulcanus
|-resisted|p1a: Vulcanus
|-damage|p1a: Vulcanus|53/100 par
|move|p1a: Vulcanus|Earth Power|p2a: Armarouge
|-supereffective|p2a: Armarouge
|-enditem|p2a: Armarouge|Focus Sash
|-damage|p2a: Armarouge|1/100
|
|upkeep
|turn|12
|
|t:|1776103881
|move|p2a: Armarouge|Destiny Bond|p2a: Armarouge
|-singlemove|p2a: Armarouge|Destiny Bond
|move|p1a: Vulcanus|Earth Power|p2a: Armarouge
|-supereffective|p2a: Armarouge
|-damage|p2a: Armarouge|0 fnt
|faint|p2a: Armarouge
|-activate|p2a: Armarouge|move: Destiny Bond
|faint|p1a: Vulcanus
|
|upkeep
|
|t:|1776103898
|switch|p1a: Mahad|Meowscarada, M, shiny|100/100
|switch|p2a: Indeedee|Indeedee, M|100/100
|-fieldstart|move: Psychic Terrain|[from] ability: Psychic Surge|[of] p2a: Indeedee
|turn|13
|
|t:|1776103912
|move|p1a: Mahad|Knock Off|p2a: Indeedee
|-start|p1a: Mahad|typechange|Dark|[from] ability: Protean
|-supereffective|p2a: Indeedee
|-damage|p2a: Indeedee|0 fnt
|-enditem|p2a: Indeedee|Terrain Extender|[from] move: Knock Off|[of] p1a: Mahad
|faint|p2a: Indeedee
|
|upkeep
|
|t:|1776103920
|switch|p2a: Polteageist|Polteageist|100/100
|turn|14
|
|t:|1776103924
|move|p1a: Mahad|Knock Off|p2a: Polteageist
|-supereffective|p2a: Polteageist
|-enditem|p2a: Polteageist|Focus Sash
|-damage|p2a: Polteageist|1/100
|-ability|p2a: Polteageist|Weak Armor|boost
|-unboost|p2a: Polteageist|def|1
|-boost|p2a: Polteageist|spe|2
|move|p2a: Polteageist|Shell Smash|p2a: Polteageist
|-unboost|p2a: Polteageist|def|1
|-unboost|p2a: Polteageist|spd|1
|-boost|p2a: Polteageist|atk|2
|-boost|p2a: Polteageist|spa|2
|-boost|p2a: Polteageist|spe|2
|
|upkeep
|turn|15
|inactive|Gary88 has 120 seconds left.
|
|t:|1776103978
|-terastallize|p2a: Polteageist|Ghost
|move|p2a: Polteageist|Tera Blast|p1a: Mahad|[anim] Tera Blast Ghost
|-resisted|p1a: Mahad
|-damage|p1a: Mahad|11/100
|move|p1a: Mahad|Knock Off|p2a: Polteageist
|-supereffective|p2a: Polteageist
|-damage|p2a: Polteageist|0 fnt
|faint|p2a: Polteageist
|
|upkeep
|
|t:|1776103986
|switch|p2a: Hatterene|Hatterene, F|100/100
|turn|16
|
|t:|1776103993
|move|p1a: Mahad|Knock Off|p2a: Hatterene
|-damage|p2a: Hatterene|62/100
|-enditem|p2a: Hatterene|Eject Button|[from] move: Knock Off|[of] p1a: Mahad
|move|p2a: Hatterene|Nuzzle|p1a: Mahad
|-damage|p1a: Mahad|5/100
|-status|p1a: Mahad|par
|
|upkeep
|turn|17
|
|t:|1776104002
|move|p1a: Mahad|Knock Off|p2a: Hatterene
|-damage|p2a: Hatterene|33/100
|move|p2a: Hatterene|Nuzzle|p1a: Mahad
|-damage|p1a: Mahad|0 fnt
|faint|p1a: Mahad
|
|upkeep
|
|t:|1776104008
|switch|p1a: Ladon|Dragonite, M, shiny|100/100
|turn|18
|-message|Gary88 forfeited.
|
|win|magistermilitum420
|raw|magistermilitum420's rating: 1249 &rarr; <strong>1273</strong><br />(+24 for winning)
|raw|Gary88's rating: 1235 &rarr; <strong>1211</strong><br />(-24 for losing)
|l|☆Gary88
|player|p2|
