|html|<div class="broadcast-blue"><strong>[Gen 9] OU is currently suspecting Volcarona! For information on how to participate check out the <a href="https://www.smogon.com/tools/suspects/view/208">suspect thread</a>.</strong></div>
|j|☆mine3time
|j|☆jelows
|t:|1778517227
|gametype|singles
|player|p1|mine3time|266|1089
|player|p2|jelows|170|1153
|gen|9
|tier|[Gen 9] OU
|rated|
|rule|HP Percentage Mod: HP is shown in percentages
|rule|Endless Battle Clause: Forcing endless battles is banned
|rule|Species Clause: Limit one of each Pokémon
|rule|OHKO Clause: OHKO moves are banned
|rule|Evasion Items Clause: Evasion items are banned
|rule|Evasion Moves Clause: Evasion moves are banned
|rule|Evasion Abilities Clause: Evasion abilities are banned
|rule|Sleep Moves Clause: Sleep-inducing moves are banned
|clearpoke
|poke|p1|Chandelure, M|
|poke|p1|Crawdaunt, M|
|poke|p1|Zangoose, F|
|poke|p1|Breloom, M|
|poke|p1|Malamar, F|
|poke|p1|Venomoth, F|
|poke|p2|Terrakion|
|poke|p2|Klawf, F|
|poke|p2|Vivillon-Fancy, M|
|poke|p2|Mamoswine, M|
|poke|p2|Ditto|
|poke|p2|Iron Jugulis|
|teampreview
|
|t:|1778517235
|teamsize|p1|6
|teamsize|p2|6
|start
|switch|p1a: Breloom|Breloom, M, shiny|100/100
|switch|p2a: Iron Jugulis|Iron Jugulis, shiny|100/100
|-enditem|p2a: Iron Jugulis|Booster Energy
|-activate|p2a: Iron Jugulis|ability: Quark Drive|[fromitem]
|-start|p2a: Iron Jugulis|quarkdrivespa
|turn|1
|
|t:|1778517251
|move|p2a: Iron Jugulis|Air Slash|p1a: Breloom
|-supereffective|p1a: Breloom
|-damage|p1a: Breloom|0 fnt
|faint|p1a: Breloom
|
|upkeep
|
|t:|1778517263
|switch|p1a: Malamar|Malamar, F, shiny|100/100
|turn|2
|
|t:|1778517271
|move|p2a: Iron Jugulis|Air Slash|p1a: Malamar
|-damage|p1a: Malamar|61/100
|cant|p1a: Malamar|flinch
|
|upkeep
|turn|3
|
|t:|1778517279
|move|p2a: Iron Jugulis|Air Slash|p1a: Malamar
|-damage|p1a: Malamar|22/100
|cant|p1a: Malamar|flinch
|
|upkeep
|turn|4
|
|t:|1778517291
|move|p2a: Iron Jugulis|Flamethrower|p1a: Malamar
|-damage|p1a: Malamar|0 fnt
|faint|p1a: Malamar
|
|upkeep
|
|t:|1778517297
|switch|p1a: Venomoth|Venomoth, F, shiny|100/100
|turn|5
|
|t:|1778517303
|-terastallize|p1a: Venomoth|Water
|move|p2a: Iron Jugulis|Flamethrower|p1a: Venomoth
|-resisted|p1a: Venomoth
|-damage|p1a: Venomoth|75/100
|move|p1a: Venomoth|Toxic|p2a: Iron Jugulis|[miss]
|-miss|p1a: Venomoth|p2a: Iron Jugulis
|
|-heal|p1a: Venomoth|81/100|[from] item: Leftovers
|upkeep
|turn|6
|
|t:|1778517316
|move|p2a: Iron Jugulis|Air Slash|p1a: Venomoth
|-damage|p1a: Venomoth|20/100
|move|p1a: Venomoth|Toxic|p2a: Iron Jugulis
|-status|p2a: Iron Jugulis|tox
|
|-heal|p1a: Venomoth|26/100|[from] item: Leftovers
|-damage|p2a: Iron Jugulis|94/100 tox|[from] psn
|upkeep
|turn|7
|
|t:|1778517324
|move|p1a: Venomoth|Protect|p1a: Venomoth
|-singleturn|p1a: Venomoth|Protect
|move|p2a: Iron Jugulis|Earth Power|p1a: Venomoth
|-activate|p1a: Venomoth|move: Protect
|
|-heal|p1a: Venomoth|32/100|[from] item: Leftovers
|-damage|p2a: Iron Jugulis|82/100 tox|[from] psn
|upkeep
|turn|8
|
|t:|1778517334
|switch|p1a: Chandelure|Chandelure, M, shiny|100/100
|-item|p1a: Chandelure|Air Balloon
|move|p2a: Iron Jugulis|Earth Power|p1a: Chandelure
|-immune|p1a: Chandelure
|
|-damage|p2a: Iron Jugulis|64/100 tox|[from] psn
|upkeep
|turn|9
|
|t:|1778517348
|switch|p1a: Crawdaunt|Crawdaunt, M, shiny|100/100
|move|p2a: Iron Jugulis|Dark Pulse|p1a: Crawdaunt
|-resisted|p1a: Crawdaunt
|-damage|p1a: Crawdaunt|56/100
|
|-damage|p2a: Iron Jugulis|40/100 tox|[from] psn
|upkeep
|turn|10
|
|t:|1778517356
|move|p1a: Crawdaunt|Aqua Jet|p2a: Iron Jugulis
|-damage|p2a: Iron Jugulis|0 fnt
|faint|p2a: Iron Jugulis
|-end|p2a: Iron Jugulis|Quark Drive|[silent]
|
|upkeep
|
|t:|1778517376
|switch|p2a: Vivillon|Vivillon-Fancy, M, shiny|100/100
|turn|11
|
|t:|1778517380
|move|p1a: Crawdaunt|Aqua Jet|p2a: Vivillon
|-damage|p2a: Vivillon|6/100
|move|p2a: Vivillon|Tailwind|p2a: Vivillon
|-sidestart|p2: jelows|move: Tailwind
|
|upkeep
|turn|12
|
|t:|1778517388
|move|p1a: Crawdaunt|Aqua Jet|p2a: Vivillon
|-damage|p2a: Vivillon|0 fnt
|faint|p2a: Vivillon
|
|upkeep
|
|t:|1778517396
|switch|p2a: Ditto|Ditto, shiny|100/100
|-transform|p2a: Ditto|p1a: Crawdaunt|[from] ability: Imposter
|turn|13
|
|t:|1778517402
|move|p2a: Ditto|Aqua Jet|p1a: Crawdaunt
|-resisted|p1a: Crawdaunt
|-damage|p1a: Crawdaunt|38/100
|move|p1a: Crawdaunt|Aqua Jet|p2a: Ditto
|-resisted|p2a: Ditto
|-damage|p2a: Ditto|70/100
|
|-heal|p2a: Ditto|76/100|[from] item: Leftovers
|upkeep
|turn|14
|
|t:|1778517419
|switch|p1a: Zangoose|Zangoose, F, shiny|100/100
|move|p2a: Ditto|Rock Slide|p1a: Zangoose
|-damage|p1a: Zangoose|52/100
|
|-heal|p2a: Ditto|82/100|[from] item: Leftovers
|-sideend|p2: jelows|move: Tailwind
|-status|p1a: Zangoose|tox|[from] item: Toxic Orb
|upkeep
|turn|15
|
|t:|1778517431
|move|p1a: Zangoose|Facade|p2a: Ditto
|-damage|p2a: Ditto|0 fnt
|faint|p2a: Ditto
|
|-damage|p1a: Zangoose|46/100 tox|[from] psn
|upkeep
|
|t:|1778517440
|switch|p2a: Terrakion|Terrakion, shiny|100/100
|turn|16
|
|t:|1778517453
|move|p1a: Zangoose|Facade|p2a: Terrakion
|-resisted|p2a: Terrakion
|-damage|p2a: Terrakion|49/100
|move|p2a: Terrakion|Close Combat|p1a: Zangoose
|-supereffective|p1a: Zangoose
|-damage|p1a: Zangoose|0 fnt
|-unboost|p2a: Terrakion|def|1
|-unboost|p2a: Terrakion|spd|1
|faint|p1a: Zangoose
|
|upkeep
|
|t:|1778517463
|switch|p1a: Venomoth|Venomoth, F, shiny, tera:Water|32/100
|turn|17
|
|t:|1778517481
|move|p1a: Venomoth|Toxic|p2a: Terrakion
|-status|p2a: Terrakion|tox
|move|p2a: Terrakion|Zen Headbutt|p1a: Venomoth
|-damage|p1a: Venomoth|0 fnt
|faint|p1a: Venomoth
|
|-damage|p2a: Terrakion|43/100 tox|[from] psn
|upkeep
|
|t:|1778517489
|switch|p1a: Crawdaunt|Crawdaunt, M, shiny|38/100
|turn|18
|
|t:|1778517493
|move|p1a: Crawdaunt|Aqua Jet|p2a: Terrakion
|-supereffective|p2a: Terrakion
|-damage|p2a: Terrakion|0 fnt
|faint|p2a: Terrakion
|
|upkeep
|
|t:|1778517498
|switch|p2a: Mamoswine|Mamoswine, M, shiny|100/100
|turn|19
|c|☆mine3time|it time to lock in
|
|t:|1778517505
|move|p1a: Crawdaunt|Aqua Jet|p2a: Mamoswine
|-supereffective|p2a: Mamoswine
|-damage|p2a: Mamoswine|11/100
|move|p2a: Mamoswine|Trailblaze|p1a: Crawdaunt
|-supereffective|p1a: Crawdaunt
|-damage|p1a: Crawdaunt|0 fnt
|-boost|p2a: Mamoswine|spe|1
|faint|p1a: Crawdaunt
|
|upkeep
|
|t:|1778517514
|switch|p1a: Chandelure|Chandelure, M, shiny|100/100
|-item|p1a: Chandelure|Air Balloon
|turn|20
|
|t:|1778517522
|move|p2a: Mamoswine|Trailblaze|p1a: Chandelure
|-resisted|p1a: Chandelure
|-damage|p1a: Chandelure|86/100
|-boost|p2a: Mamoswine|spe|1
|-enditem|p1a: Chandelure|Air Balloon
|move|p1a: Chandelure|Flamethrower|p2a: Mamoswine
|-supereffective|p2a: Mamoswine
|-damage|p2a: Mamoswine|0 fnt
|faint|p2a: Mamoswine
|
|upkeep
|
|t:|1778517532
|switch|p2a: Klawf|Klawf, F, shiny|100/100
|turn|21
|
|t:|1778517551
|move|p1a: Chandelure|Shadow Ball|p2a: Klawf
|-damage|p2a: Klawf|16/100
|move|p2a: Klawf|Crabhammer|p1a: Chandelure|[miss]
|-miss|p2a: Klawf|p1a: Chandelure
|
|upkeep
|turn|22
|c|☆mine3time|gg
|
|t:|1778517565
|-terastallize|p2a: Klawf|Dragon
|move|p1a: Chandelure|Shadow Ball|p2a: Klawf
|-damage|p2a: Klawf|0 fnt
|faint|p2a: Klawf
|
|win|mine3time
|raw|mine3time's rating: 1089 &rarr; <strong>1121</strong><br />(+32 for winning)
|raw|jelows's rating: 1153 &rarr; <strong>1123</strong><br />(-30 for losing)
|c|☆mine3time|what a come back
|l|☆jelows
|player|p2|
|l|☆mine3time
|player|p1|
