|html|<div class="broadcast-blue"><strong>[Gen 9] OU is currently suspecting Volcarona! For information on how to participate check out the <a href="https://www.smogon.com/tools/suspects/view/208">suspect thread</a>.</strong></div>
|j|☆davidavelar
|j|☆ascbo
|t:|1778512492
|gametype|singles
|player|p1|davidavelar|veteran|1347
|player|p2|ascbo|youngster-gen8|1328
|gen|9
|tier|[Gen 9] OU
|rated|
|rule|HP Percentage Mod: HP is shown in percentages
|rule|Endless Battle Clause: Forcing endless battles is banned
|rule|Species Clause: Limit one of each Pokémon
|rule|OHKO Clause: OHKO moves are banned
|rule|Evasion Items Clause: Evasion items are banned
|rule|Evasion Moves Clause: Evasion moves are banned
|rule|Evasion Abilities Clause: Evasion abilities are banned
|rule|Sleep Moves Clause: Sleep-inducing moves are banned
|clearpoke
|poke|p1|Dodrio, F|
|poke|p1|Shiftry, M|
|poke|p1|Ting-Lu|
|poke|p1|Alomomola, M|
|poke|p1|Clodsire, F|
|poke|p1|Dragapult, M|
|poke|p2|Regidrago|
|poke|p2|Garchomp, F|
|poke|p2|Dragonite, F|
|poke|p2|Grimmsnarl, M|
|poke|p2|Pecharunt|
|poke|p2|Great Tusk|
|teampreview
|j| rnfx
|inactive|Battle timer is ON: inactive players will automatically lose when time's up. (requested by ascbo)
|
|t:|1778512511
|teamsize|p1|6
|teamsize|p2|6
|start
|switch|p1a: Dodrio|Dodrio, F|100/100
|switch|p2a: Me Tengo Que Ir|Grimmsnarl, M|100/100
|turn|1
|
|t:|1778512517
|move|p2a: Me Tengo Que Ir|Reflect|p2a: Me Tengo Que Ir
|-sidestart|p2: ascbo|Reflect
|move|p1a: Dodrio|Double-Edge|p2a: Me Tengo Que Ir
|-damage|p2a: Me Tengo Que Ir|48/100
|-damage|p1a: Dodrio|74/100|[from] Recoil
|
|upkeep
|turn|2
|
|t:|1778512530
|move|p2a: Me Tengo Que Ir|Parting Shot|p1a: Dodrio
|-unboost|p1a: Dodrio|atk|1
|-unboost|p1a: Dodrio|spa|1
|
|t:|1778512534
|switch|p2a: Deseándote|Pecharunt|100/100|[from] Parting Shot
|move|p1a: Dodrio|Double-Edge|p2a: Deseándote
|-immune|p2a: Deseándote
|
|upkeep
|turn|3
|
|t:|1778512536
|switch|p1a: Clodsire|Clodsire, F|100/100
|move|p2a: Deseándote|Nasty Plot|p2a: Deseándote
|-boost|p2a: Deseándote|spa|2
|
|upkeep
|turn|4
|
|t:|1778512545
|switch|p2a: Me Tengo Que Ir|Grimmsnarl, M|48/100
|move|p1a: Clodsire|Earthquake|p2a: Me Tengo Que Ir
|-damage|p2a: Me Tengo Que Ir|31/100
|
|upkeep
|turn|5
|
|t:|1778512554
|move|p2a: Me Tengo Que Ir|Light Screen|p2a: Me Tengo Que Ir
|-sidestart|p2: ascbo|move: Light Screen
|move|p1a: Clodsire|Toxic|p2a: Me Tengo Que Ir
|-status|p2a: Me Tengo Que Ir|tox
|
|-damage|p2a: Me Tengo Que Ir|25/100 tox|[from] psn
|upkeep
|turn|6
|l| rnfx
|
|t:|1778512558
|switch|p1a: Shiftry|Shiftry, M|100/100
|move|p2a: Me Tengo Que Ir|Parting Shot|p1a: Shiftry
|-hint|Since gen 7, Dark is immune to Prankster moves.
|-immune|p1a: Shiftry
|
|-damage|p2a: Me Tengo Que Ir|13/100 tox|[from] psn
|upkeep
|turn|7
|
|t:|1778512567
|move|p1a: Shiftry|Tailwind|p1a: Shiftry
|-sidestart|p1: davidavelar|move: Tailwind
|-ability|p1a: Shiftry|Wind Rider|boost
|-boost|p1a: Shiftry|atk|1
|move|p2a: Me Tengo Que Ir|Spirit Break|p1a: Shiftry
|-supereffective|p1a: Shiftry
|-damage|p1a: Shiftry|0 fnt
|faint|p1a: Shiftry
|
|-damage|p2a: Me Tengo Que Ir|0 fnt|[from] psn
|faint|p2a: Me Tengo Que Ir
|upkeep
|
|t:|1778512580
|switch|p1a: Dragapult|Dragapult, M|100/100
|switch|p2a: Tú Con Él|Garchomp, F|100/100
|turn|8
|
|t:|1778512589
|-terastallize|p2a: Tú Con Él|Water
|move|p1a: Dragapult|Dragon Darts|p2a: Tú Con Él
|-damage|p2a: Tú Con Él|66/100
|-anim|p1a: Dragapult|Dragon Darts|p2a: Tú Con Él
|-damage|p2a: Tú Con Él|34/100
|-damage|p1a: Dragapult|91/100|[from] item: Life Orb
|move|p2a: Tú Con Él|Scale Shot|p1a: Dragapult
|-supereffective|p1a: Dragapult
|-damage|p1a: Dragapult|54/100
|-supereffective|p1a: Dragapult
|-damage|p1a: Dragapult|18/100
|-supereffective|p1a: Dragapult
|-damage|p1a: Dragapult|0 fnt
|faint|p1a: Dragapult
|-hitcount|p1: Dragapult|3
|-unboost|p2a: Tú Con Él|def|1
|-boost|p2a: Tú Con Él|spe|1
|
|-sideend|p2: ascbo|Reflect
|upkeep
|
|t:|1778512599
|switch|p1a: Alomomola|Alomomola, M|100/100
|turn|9
|
|t:|1778512604
|move|p2a: Tú Con Él|Swords Dance|p2a: Tú Con Él
|-boost|p2a: Tú Con Él|atk|2
|move|p1a: Alomomola|Scald|p2a: Tú Con Él
|-resisted|p2a: Tú Con Él
|-damage|p2a: Tú Con Él|30/100
|-status|p2a: Tú Con Él|brn
|
|-damage|p2a: Tú Con Él|24/100 brn|[from] brn
|upkeep
|turn|10
|
|t:|1778512616
|move|p2a: Tú Con Él|Swords Dance|p2a: Tú Con Él
|-boost|p2a: Tú Con Él|atk|2
|move|p1a: Alomomola|Wish|p1a: Alomomola
|
|-damage|p2a: Tú Con Él|18/100 brn|[from] brn
|-sideend|p1: davidavelar|move: Tailwind
|upkeep
|turn|11
|
|t:|1778512630
|move|p2a: Tú Con Él|Scale Shot|p1a: Alomomola|[miss]
|-miss|p2a: Tú Con Él|p1a: Alomomola
|move|p1a: Alomomola|Aqua Ring|p1a: Alomomola
|-start|p1a: Alomomola|Aqua Ring
|
|-damage|p2a: Tú Con Él|12/100 brn|[from] brn
|upkeep
|turn|12
|
|t:|1778512639
|move|p2a: Tú Con Él|Earthquake|p1a: Alomomola
|-damage|p1a: Alomomola|56/100
|move|p1a: Alomomola|Wish|p1a: Alomomola
|
|-heal|p1a: Alomomola|62/100|[from] Aqua Ring
|-damage|p2a: Tú Con Él|6/100 brn|[from] brn
|-sideend|p2: ascbo|move: Light Screen
|upkeep
|turn|13
|
|t:|1778512645
|move|p1a: Alomomola|Protect|p1a: Alomomola
|-singleturn|p1a: Alomomola|Protect
|move|p2a: Tú Con Él|Earthquake|p1a: Alomomola
|-activate|p1a: Alomomola|move: Protect
|
|-heal|p1a: Alomomola|100/100|[from] move: Wish|[wisher] Alomomola
|-damage|p2a: Tú Con Él|0 fnt|[from] brn
|faint|p2a: Tú Con Él
|upkeep
|
|t:|1778512648
|switch|p2a: Oh Qué Será?|Regidrago|100/100
|turn|14
|inactive|davidavelar has 120 seconds left.
|c|☆ascbo|why dodrio?
|
|t:|1778512701
|switch|p1a: Ting-Lu|Ting-Lu|100/100
|-ability|p1a: Ting-Lu|Vessel of Ruin
|move|p2a: Oh Qué Será?|Dragon Dance|p2a: Oh Qué Será?
|-boost|p2a: Oh Qué Será?|atk|1
|-boost|p2a: Oh Qué Será?|spe|1
|
|upkeep
|turn|15
|
|t:|1778512709
|move|p2a: Oh Qué Será?|Outrage|p1a: Ting-Lu
|-damage|p1a: Ting-Lu|29/100
|-damage|p2a: Oh Qué Será?|91/100|[from] item: Life Orb
|move|p1a: Ting-Lu|Whirlwind|p2a: Oh Qué Será?
|drag|p2a: Rey Sin Reina|Great Tusk|100/100
|-enditem|p2a: Rey Sin Reina|Booster Energy
|-activate|p2a: Rey Sin Reina|ability: Protosynthesis|[fromitem]
|-start|p2a: Rey Sin Reina|protosynthesisspe
|
|-heal|p1a: Ting-Lu|35/100|[from] item: Leftovers
|upkeep
|turn|16
|
|t:|1778512715
|switch|p1a: Alomomola|Alomomola, M|100/100
|move|p2a: Rey Sin Reina|Stealth Rock|p1a: Alomomola
|-sidestart|p1: davidavelar|move: Stealth Rock
|
|upkeep
|turn|17
|
|t:|1778512719
|-end|p2a: Rey Sin Reina|Protosynthesis|[silent]
|switch|p2a: Oh Qué Será?|Regidrago|91/100
|move|p1a: Alomomola|Scald|p2a: Oh Qué Será?
|-resisted|p2a: Oh Qué Será?
|-damage|p2a: Oh Qué Será?|83/100
|
|upkeep
|turn|18
|
|t:|1778512722
|move|p2a: Oh Qué Será?|Dragon Dance|p2a: Oh Qué Será?
|-boost|p2a: Oh Qué Será?|atk|1
|-boost|p2a: Oh Qué Será?|spe|1
|move|p1a: Alomomola|Scald|p2a: Oh Qué Será?
|-resisted|p2a: Oh Qué Será?
|-damage|p2a: Oh Qué Será?|76/100
|
|upkeep
|turn|19
|
|t:|1778512727
|move|p2a: Oh Qué Será?|Dragon Dance|p2a: Oh Qué Será?
|-boost|p2a: Oh Qué Será?|atk|1
|-boost|p2a: Oh Qué Será?|spe|1
|move|p1a: Alomomola|Scald|p2a: Oh Qué Será?
|-resisted|p2a: Oh Qué Será?
|-crit|p2a: Oh Qué Será?
|-damage|p2a: Oh Qué Será?|66/100
|
|upkeep
|turn|20
|
|t:|1778512730
|move|p2a: Oh Qué Será?|Outrage|p1a: Alomomola
|-damage|p1a: Alomomola|0 fnt
|-damage|p2a: Oh Qué Será?|49/100|[from] item: Rocky Helmet|[of] p1a: Alomomola
|faint|p1a: Alomomola
|-damage|p2a: Oh Qué Será?|39/100|[from] item: Life Orb
|
|upkeep
|
|t:|1778512735
|switch|p1a: Clodsire|Clodsire, F|100/100
|-damage|p1a: Clodsire|94/100|[from] Stealth Rock
|turn|21
|
|t:|1778512739
|move|p2a: Oh Qué Será?|Outrage|p1a: Clodsire|[from] lockedmove
|-damage|p1a: Clodsire|0 fnt
|faint|p1a: Clodsire
|-damage|p2a: Oh Qué Será?|29/100|[from] item: Life Orb
|
|upkeep
|c|☆ascbo|lo
|-message|davidavelar forfeited.
|
|win|ascbo
|raw|davidavelar's rating: 1347 &rarr; <strong>1326</strong><br />(-21 for losing)
|raw|ascbo's rating: 1328 &rarr; <strong>1349</strong><br />(+21 for winning)
|l|☆ascbo
|player|p2|
