|html|<div class="broadcast-blue"><strong>[Gen 9] OU is currently suspecting Tera Blast! For information on how to participate check out the <a href="https://www.smogon.com/tools/suspects/view/200">suspect thread</a>.</strong></div>
|j|☆kjojon
|j|☆mr idiosyncratical
|t:|1776134523
|gametype|singles
|player|p1|kjojon|brock|1114
|player|p2|mr idiosyncratical|acetrainer-gen4dp|1164
|gen|9
|tier|[Gen 9] OU
|rated|
|rule|HP Percentage Mod: HP is shown in percentages
|rule|Endless Battle Clause: Forcing endless battles is banned
|rule|Species Clause: Limit one of each Pokémon
|rule|OHKO Clause: OHKO moves are banned
|rule|Evasion Items Clause: Evasion items are banned
|rule|Evasion Moves Clause: Evasion moves are banned
|rule|Evasion Abilities Clause: Evasion abilities are banned
|rule|Sleep Moves Clause: Sleep-inducing moves are banned
|clearpoke
|poke|p1|Gardevoir, F|
|poke|p1|Cinderace, F|
|poke|p1|Duraludon, M|
|poke|p1|Hitmontop, M|
|poke|p1|Necrozma|
|poke|p1|Porygon-Z|
|poke|p2|Kingambit, M|
|poke|p2|Great Tusk|
|poke|p2|Slowking-Galar, F|
|poke|p2|Samurott-Hisui, M|
|poke|p2|Iron Moth|
|poke|p2|Zapdos|
|teampreview
|
|t:|1776134532
|teamsize|p1|6
|teamsize|p2|6
|start
|switch|p1a: PoyPee|Porygon-Z, shiny|100/100
|switch|p2a: Samurott|Samurott-Hisui, M, shiny|100/100
|turn|1
|
|t:|1776134542
|move|p1a: PoyPee|Tri Attack|p2a: Samurott
|-damage|p2a: Samurott|48/100
|-status|p2a: Samurott|brn
|move|p2a: Samurott|Ceaseless Edge|p1a: PoyPee|[miss]
|-miss|p2a: Samurott|p1a: PoyPee
|
|-damage|p2a: Samurott|42/100 brn|[from] brn
|upkeep
|turn|2
|c|☆mr idiosyncratical|bruh
|c|☆kjojon|Kinda crazy
|
|t:|1776134571
|move|p1a: PoyPee|Tri Attack|p2a: Samurott
|-damage|p2a: Samurott|0 fnt
|faint|p2a: Samurott
|
|upkeep
|
|t:|1776134576
|switch|p2a: Great Tusk|Great Tusk|100/100
|turn|3
|
|t:|1776134581
|move|p2a: Great Tusk|Knock Off|p1a: PoyPee
|-damage|p1a: PoyPee|58/100
|-enditem|p1a: PoyPee|Salac Berry|[from] move: Knock Off|[of] p2a: Great Tusk
|move|p1a: PoyPee|Ice Beam|p2a: Great Tusk
|-supereffective|p2a: Great Tusk
|-damage|p2a: Great Tusk|0 fnt
|faint|p2a: Great Tusk
|-end|p2a: Great Tusk|Protosynthesis|[silent]
|
|upkeep
|
|t:|1776134593
|switch|p2a: Kingambit|Kingambit, M|100/100
|-activate|p2a: Kingambit|ability: Supreme Overlord
|-start|p2a: Kingambit|fallen2|[silent]
|turn|4
|
|t:|1776134598
|move|p2a: Kingambit|Sucker Punch|p1a: PoyPee
|-damage|p1a: PoyPee|0 fnt
|faint|p1a: PoyPee
|
|upkeep
|
|t:|1776134613
|switch|p1a: Garfiel|Hitmontop, M|100/100
|turn|5
|
|t:|1776134616
|-end|p2a: Kingambit|fallen2|[silent]
|switch|p2a: Slowking|Slowking-Galar, F|100/100
|move|p1a: Garfiel|Fake Out|p2a: Slowking
|-damage|p2a: Slowking|80/100
|
|upkeep
|turn|6
|
|t:|1776134632
|move|p1a: Garfiel|Triple Axel|p2a: Slowking
|-damage|p2a: Slowking|69/100
|-hitcount|p2a: Slowking|1
|move|p2a: Slowking|Toxic|p1a: Garfiel
|-status|p1a: Garfiel|tox
|
|-damage|p1a: Garfiel|94/100 tox|[from] psn
|upkeep
|turn|7
|
|t:|1776134643
|move|p1a: Garfiel|Triple Axel|p2a: Slowking
|-damage|p2a: Slowking|59/100
|-damage|p2a: Slowking|40/100
|-damage|p2a: Slowking|9/100
|-hitcount|p2a: Slowking|3
|move|p2a: Slowking|Future Sight|p1a: Garfiel
|-start|p2a: Slowking|move: Future Sight
|
|-damage|p1a: Garfiel|82/100 tox|[from] psn
|upkeep
|turn|8
|
|t:|1776134659
|switch|p2a: Iron Moth|Iron Moth, shiny|100/100
|move|p1a: Garfiel|Rapid Spin|p2a: Iron Moth
|-damage|p2a: Iron Moth|55/100
|-boost|p1a: Garfiel|spe|1
|
|-damage|p1a: Garfiel|64/100 tox|[from] psn
|upkeep
|turn|9
|
|t:|1776134672
|move|p2a: Iron Moth|Fiery Dance|p1a: Garfiel
|-damage|p1a: Garfiel|0 fnt
|faint|p1a: Garfiel
|
|-hint|Future Sight did not hit because the target is fainted.
|upkeep
|
|t:|1776134689
|switch|p1a: R-Pyrite|Necrozma, shiny|100/100
|turn|10
|
|t:|1776134696
|-terastallize|p2a: Iron Moth|Fire
|move|p2a: Iron Moth|Fiery Dance|p1a: R-Pyrite
|-damage|p1a: R-Pyrite|0 fnt
|-boost|p2a: Iron Moth|spa|1
|faint|p1a: R-Pyrite
|
|upkeep
|
|t:|1776134709
|switch|p1a: Joao|Cinderace, F, shiny|100/100
|turn|11
|
|t:|1776134713
|move|p1a: Joao|Sucker Punch|p2a: Iron Moth
|-start|p1a: Joao|typechange|Dark|[from] ability: Libero
|-damage|p2a: Iron Moth|0 fnt
|faint|p2a: Iron Moth
|-end|p2a: Iron Moth|Quark Drive|[silent]
|
|upkeep
|
|t:|1776134723
|switch|p2a: Slowking|Slowking-Galar, F|42/100
|turn|12
|
|t:|1776134728
|move|p1a: Joao|Bulk Up|p1a: Joao
|-boost|p1a: Joao|atk|1
|-boost|p1a: Joao|def|1
|move|p2a: Slowking|Toxic|p1a: Joao
|-status|p1a: Joao|tox
|
|-damage|p1a: Joao|95/100 tox|[from] psn
|upkeep
|turn|13
|
|t:|1776134741
|move|p1a: Joao|Bulk Up|p1a: Joao
|-boost|p1a: Joao|atk|1
|-boost|p1a: Joao|def|1
|move|p2a: Slowking|Future Sight|p1a: Joao
|-start|p2a: Slowking|move: Future Sight
|
|-damage|p1a: Joao|83/100 tox|[from] psn
|upkeep
|turn|14
|
|t:|1776134748
|move|p1a: Joao|Iron Head|p2a: Slowking
|-damage|p2a: Slowking|0 fnt
|faint|p2a: Slowking
|
|-damage|p1a: Joao|65/100 tox|[from] psn
|upkeep
|
|t:|1776134760
|switch|p2a: Zapdos|Zapdos|100/100
|turn|15
|
|t:|1776134765
|move|p1a: Joao|Iron Head|p2a: Zapdos
|-resisted|p2a: Zapdos
|-damage|p2a: Zapdos|82/100
|move|p2a: Zapdos|Hurricane|p1a: Joao
|-crit|p1a: Joao
|-damage|p1a: Joao|0 fnt
|faint|p1a: Joao
|
|-hint|Future Sight did not hit because the target is fainted.
|upkeep
|
|t:|1776134779
|switch|p1a: Babylon|Duraludon, M, shiny|100/100
|turn|16
|
|t:|1776134789
|move|p2a: Zapdos|Hurricane|p1a: Babylon
|-resisted|p1a: Babylon
|-damage|p1a: Babylon|75/100
|move|p1a: Babylon|Focus Energy|p1a: Babylon
|-start|p1a: Babylon|move: Focus Energy
|
|upkeep
|turn|17
|
|t:|1776134801
|move|p2a: Zapdos|Thunder Wave|p1a: Babylon
|-status|p1a: Babylon|par
|move|p1a: Babylon|Thunderbolt|p2a: Zapdos
|-damage|p2a: Zapdos|51/100
|
|upkeep
|turn|18
|
|t:|1776134810
|move|p2a: Zapdos|Roost|p2a: Zapdos
|-heal|p2a: Zapdos|100/100
|-singleturn|p2a: Zapdos|move: Roost
|move|p1a: Babylon|Dragon Pulse|p2a: Zapdos
|-damage|p2a: Zapdos|53/100
|
|upkeep
|turn|19
|
|t:|1776134818
|move|p2a: Zapdos|Roost|p2a: Zapdos
|-heal|p2a: Zapdos|100/100
|-singleturn|p2a: Zapdos|move: Roost
|move|p1a: Babylon|Dragon Pulse|p2a: Zapdos
|-crit|p2a: Zapdos
|-damage|p2a: Zapdos|36/100
|
|upkeep
|turn|20
|
|t:|1776134827
|move|p2a: Zapdos|Hurricane|p1a: Babylon|[miss]
|-miss|p2a: Zapdos|p1a: Babylon
|move|p1a: Babylon|Focus Energy||[still]
|-fail|p1a: Babylon
|
|upkeep
|turn|21
|
|t:|1776134834
|move|p2a: Zapdos|Hurricane|p1a: Babylon
|-resisted|p1a: Babylon
|-damage|p1a: Babylon|50/100 par
|cant|p1a: Babylon|par
|
|upkeep
|turn|22
|
|t:|1776134840
|move|p2a: Zapdos|Roost|p2a: Zapdos
|-heal|p2a: Zapdos|86/100
|-singleturn|p2a: Zapdos|move: Roost
|cant|p1a: Babylon|par
|
|upkeep
|turn|23
|
|t:|1776134852
|move|p2a: Zapdos|Hurricane|p1a: Babylon
|-resisted|p1a: Babylon
|-damage|p1a: Babylon|24/100 par
|move|p1a: Babylon|Dragon Pulse|p2a: Zapdos
|-damage|p2a: Zapdos|43/100
|
|upkeep
|turn|24
|
|t:|1776134859
|move|p2a: Zapdos|Hurricane|p1a: Babylon
|-resisted|p1a: Babylon
|-damage|p1a: Babylon|0 fnt
|faint|p1a: Babylon
|
|upkeep
|
|t:|1776134861
|switch|p1a: Xodium|Gardevoir, F, shiny|100/100
|-ability|p1a: Xodium|Static|Trace|[from] ability: Trace|[of] p2a: Zapdos
|turn|25
|
|t:|1776134870
|move|p1a: Xodium|Moonblast|p2a: Zapdos
|-damage|p2a: Zapdos|0 fnt
|faint|p2a: Zapdos
|
|upkeep
|
|t:|1776134875
|switch|p2a: Kingambit|Kingambit, M|100/100
|-activate|p2a: Kingambit|ability: Supreme Overlord
|-start|p2a: Kingambit|fallen5|[silent]
|turn|26
|
|t:|1776134880
|move|p2a: Kingambit|Sucker Punch|p1a: Xodium
|-damage|p1a: Xodium|0 fnt
|-status|p2a: Kingambit|par|[from] ability: Static|[of] p1a: Xodium
|faint|p1a: Xodium
|
|win|mr idiosyncratical
|raw|kjojon's rating: 1114 &rarr; <strong>1093</strong><br />(-21 for losing)
|raw|mr idiosyncratical's rating: 1164 &rarr; <strong>1185</strong><br />(+21 for winning)
|c|☆kjojon|gg's
