|html|<div class="broadcast-blue"><strong>[Gen 9] OU is currently suspecting Tera Blast! For information on how to participate check out the <a href="https://www.smogon.com/tools/suspects/view/200">suspect thread</a>.</strong></div>
|j|☆vanllesco
|j|☆Nlemartyr
|t:|1776033107
|gametype|singles
|player|p1|vanllesco|hilbert|1300
|player|p2|Nlemartyr|ninjaboy|1272
|gen|9
|tier|[Gen 9] OU
|rated|
|rule|HP Percentage Mod: HP is shown in percentages
|rule|Endless Battle Clause: Forcing endless battles is banned
|rule|Species Clause: Limit one of each Pokémon
|rule|OHKO Clause: OHKO moves are banned
|rule|Evasion Items Clause: Evasion items are banned
|rule|Evasion Moves Clause: Evasion moves are banned
|rule|Evasion Abilities Clause: Evasion abilities are banned
|rule|Sleep Moves Clause: Sleep-inducing moves are banned
|clearpoke
|poke|p1|Samurott-Hisui, M|
|poke|p1|Corviknight, M|
|poke|p1|Hatterene, F|
|poke|p1|Umbreon, F|
|poke|p1|Toxtricity-Low-Key, M|
|poke|p1|Garchomp, M|
|poke|p2|Smeargle, F|
|poke|p2|Corviknight, M|
|poke|p2|Kingambit, M|
|poke|p2|Great Tusk|
|poke|p2|Clefable, M|
|poke|p2|Gholdengo|
|teampreview
|inactive|Battle timer is ON: inactive players will automatically lose when time's up. (requested by vanllesco)
|inactive|Nlemartyr has 120 seconds left.
|
|t:|1776033157
|teamsize|p1|6
|teamsize|p2|6
|start
|switch|p1a: Morin|Umbreon, F, shiny|100/100
|switch|p2a: Smeargle|Smeargle, F|100/100
|turn|1
|
|t:|1776033162
|move|p2a: Smeargle|Nuzzle|p1a: Morin
|-damage|p1a: Morin|99/100
|-status|p1a: Morin|par
|cant|p1a: Morin|par
|
|-heal|p1a: Morin|100/100 par|[from] item: Leftovers
|upkeep
|turn|2
|
|t:|1776033168
|move|p2a: Smeargle|Sticky Web|p1a: Morin
|-sidestart|p1: vanllesco|move: Sticky Web
|move|p1a: Morin|Foul Play|p2a: Smeargle
|-damage|p2a: Smeargle|75/100
|
|upkeep
|turn|3
|
|t:|1776033176
|move|p2a: Smeargle|Taunt|p1a: Morin
|-start|p1a: Morin|move: Taunt
|cant|p1a: Morin|move: Taunt|Thunder Wave
|
|upkeep
|turn|4
|
|t:|1776033184
|move|p1a: Morin|Foul Play|p2a: Smeargle
|-damage|p2a: Smeargle|48/100
|move|p2a: Smeargle|Whirlwind|p1a: Morin
|drag|p1a: MC Ride|Samurott-Hisui, M|100/100
|-activate|p1a: MC Ride|move: Sticky Web
|-unboost|p1a: MC Ride|spe|1
|
|upkeep
|turn|5
|
|t:|1776033191
|move|p2a: Smeargle|Nuzzle|p1a: MC Ride
|-supereffective|p1a: MC Ride
|-damage|p1a: MC Ride|96/100
|-status|p1a: MC Ride|par
|move|p1a: MC Ride|Ceaseless Edge|p2a: Smeargle
|-damage|p2a: Smeargle|0 fnt
|-sidestart|p2: Nlemartyr|Spikes
|faint|p2a: Smeargle
|
|-heal|p1a: MC Ride|100/100 par|[from] item: Leftovers
|upkeep
|
|t:|1776033199
|switch|p2a: Clefable|Clefable, M|100/100
|turn|6
|
|t:|1776033202
|switch|p1a: BIRD|Corviknight, M|100/100
|move|p2a: Clefable|Moonblast|p1a: BIRD
|-resisted|p1a: BIRD
|-damage|p1a: BIRD|86/100
|
|upkeep
|turn|7
|
|t:|1776033209
|move|p2a: Clefable|Thunder Wave|p1a: BIRD
|-status|p1a: BIRD|par
|move|p1a: BIRD|U-turn|p2a: Clefable
|-resisted|p2a: Clefable
|-damage|p2a: Clefable|95/100
|
|t:|1776033214
|switch|p1a: My name is mud|Toxtricity-Low-Key, M|100/100|[from] U-turn
|-activate|p1a: My name is mud|move: Sticky Web
|-unboost|p1a: My name is mud|spe|1
|
|-heal|p2a: Clefable|100/100|[from] item: Leftovers
|upkeep
|turn|8
|
|t:|1776033220
|move|p1a: My name is mud|Overdrive|p2a: Clefable
|-damage|p2a: Clefable|53/100
|move|p2a: Clefable|Thunder Wave|p1a: My name is mud
|-immune|p1a: My name is mud
|
|-heal|p2a: Clefable|59/100|[from] item: Leftovers
|upkeep
|turn|9
|
|t:|1776033232
|switch|p1a: BIRD|Corviknight, M|86/100 par
|switch|p2a: Great Tusk|Great Tusk|100/100
|
|upkeep
|turn|10
|
|t:|1776033243
|move|p2a: Great Tusk|Rapid Spin|p1a: BIRD
|-resisted|p1a: BIRD
|-damage|p1a: BIRD|81/100 par
|-boost|p2a: Great Tusk|spe|1
|-damage|p2a: Great Tusk|84/100|[from] item: Rocky Helmet|[of] p1a: BIRD
|-sideend|p2: Nlemartyr|Spikes|[from] move: Rapid Spin|[of] p2a: Great Tusk
|cant|p1a: BIRD|par
|
|upkeep
|turn|11
|
|t:|1776033251
|-end|p2a: Great Tusk|Protosynthesis|[silent]
|switch|p2a: Clefable|Clefable, M|59/100
|move|p1a: BIRD|Brave Bird|p2a: Clefable
|-damage|p2a: Clefable|31/100
|-damage|p1a: BIRD|71/100 par|[from] Recoil
|
|-heal|p2a: Clefable|37/100|[from] item: Leftovers
|upkeep
|turn|12
|
|t:|1776033255
|move|p2a: Clefable|Moonblast|p1a: BIRD
|-resisted|p1a: BIRD
|-damage|p1a: BIRD|56/100 par
|move|p1a: BIRD|Defog|p2a: Clefable
|-unboost|p2a: Clefable|evasion|1
|-sideend|p1: vanllesco|Sticky Web|[from] move: Defog|[of] p1a: BIRD
|
|-heal|p2a: Clefable|43/100|[from] item: Leftovers
|upkeep
|turn|13
|
|t:|1776033263
|switch|p1a: My name is mud|Toxtricity-Low-Key, M|100/100
|move|p2a: Clefable|Moonlight|p2a: Clefable
|-heal|p2a: Clefable|93/100
|
|-heal|p2a: Clefable|99/100|[from] item: Leftovers
|upkeep
|turn|14
|
|t:|1776033276
|switch|p2a: Corviknight|Corviknight, M|100/100
|move|p1a: My name is mud|Psychic Noise|p2a: Corviknight
|-resisted|p2a: Corviknight
|-damage|p2a: Corviknight|82/100
|-start|p2a: Corviknight|move: Heal Block
|
|upkeep
|turn|15
|
|t:|1776033283
|switch|p1a: BIRD|Corviknight, M|56/100 par
|move|p2a: Corviknight|Bulk Up|p2a: Corviknight
|-boost|p2a: Corviknight|atk|1
|-boost|p2a: Corviknight|def|1
|
|-end|p2a: Corviknight|move: Heal Block
|upkeep
|turn|16
|
|t:|1776033291
|move|p2a: Corviknight|Body Press|p1a: BIRD
|-damage|p1a: BIRD|32/100 par
|-damage|p2a: Corviknight|66/100|[from] item: Rocky Helmet|[of] p1a: BIRD
|move|p1a: BIRD|Roost|p1a: BIRD
|-heal|p1a: BIRD|82/100 par
|-singleturn|p1a: BIRD|move: Roost
|
|-heal|p2a: Corviknight|72/100|[from] item: Leftovers
|upkeep
|turn|17
|
|t:|1776033297
|move|p2a: Corviknight|Bulk Up|p2a: Corviknight
|-boost|p2a: Corviknight|atk|1
|-boost|p2a: Corviknight|def|1
|move|p1a: BIRD|U-turn|p2a: Corviknight
|-resisted|p2a: Corviknight
|-damage|p2a: Corviknight|71/100
|
|t:|1776033299
|switch|p1a: My name is mud|Toxtricity-Low-Key, M|100/100|[from] U-turn
|
|-heal|p2a: Corviknight|77/100|[from] item: Leftovers
|upkeep
|turn|18
|
|t:|1776033312
|switch|p2a: Clefable|Clefable, M|99/100
|move|p1a: My name is mud|Overdrive|p2a: Clefable
|-damage|p2a: Clefable|46/100
|
|-heal|p2a: Clefable|52/100|[from] item: Leftovers
|upkeep
|turn|19
|
|t:|1776033318
|move|p1a: My name is mud|Overdrive|p2a: Clefable
|-damage|p2a: Clefable|5/100
|move|p2a: Clefable|Moonblast|p1a: My name is mud
|-resisted|p1a: My name is mud
|-damage|p1a: My name is mud|75/100
|-unboost|p1a: My name is mud|spa|1
|
|-heal|p2a: Clefable|11/100|[from] item: Leftovers
|upkeep
|turn|20
|
|t:|1776033328
|switch|p1a: Doe Deer|Hatterene, F|100/100
|move|p2a: Clefable|Moonlight|p2a: Clefable
|-heal|p2a: Clefable|61/100
|
|-heal|p2a: Clefable|67/100|[from] item: Leftovers
|upkeep
|turn|21
|
|t:|1776033334
|move|p2a: Clefable|Moonblast|p1a: Doe Deer
|-damage|p1a: Doe Deer|70/100
|move|p1a: Doe Deer|Mystical Fire|p2a: Clefable
|-damage|p2a: Clefable|46/100
|-unboost|p2a: Clefable|spa|1
|
|-heal|p2a: Clefable|53/100|[from] item: Leftovers
|upkeep
|turn|22
|
|t:|1776033340
|switch|p1a: My name is mud|Toxtricity-Low-Key, M|75/100
|move|p2a: Clefable|Moonlight|p2a: Clefable
|-heal|p2a: Clefable|100/100
|
|upkeep
|turn|23
|
|t:|1776033346
|switch|p2a: Corviknight|Corviknight, M|77/100
|move|p1a: My name is mud|Sludge Wave|p2a: Corviknight
|-immune|p2a: Corviknight
|
|-heal|p2a: Corviknight|83/100|[from] item: Leftovers
|upkeep
|turn|24
|
|t:|1776033353
|switch|p1a: Morin|Umbreon, F, shiny|100/100 par
|move|p2a: Corviknight|Brave Bird|p1a: Morin
|-damage|p1a: Morin|76/100 par
|-damage|p2a: Corviknight|75/100|[from] Recoil
|
|-heal|p2a: Corviknight|81/100|[from] item: Leftovers
|-heal|p1a: Morin|82/100 par|[from] item: Leftovers
|upkeep
|turn|25
|
|t:|1776033361
|move|p2a: Corviknight|Bulk Up|p2a: Corviknight
|-boost|p2a: Corviknight|atk|1
|-boost|p2a: Corviknight|def|1
|move|p1a: Morin|Wish|p1a: Morin
|
|-heal|p2a: Corviknight|87/100|[from] item: Leftovers
|-heal|p1a: Morin|88/100 par|[from] item: Leftovers
|upkeep
|turn|26
|
|t:|1776033370
|switch|p1a: My name is mud|Toxtricity-Low-Key, M|75/100
|move|p2a: Corviknight|Bulk Up|p2a: Corviknight
|-boost|p2a: Corviknight|atk|1
|-boost|p2a: Corviknight|def|1
|
|-heal|p1a: My name is mud|100/100|[from] move: Wish|[wisher] Morin
|-heal|p2a: Corviknight|93/100|[from] item: Leftovers
|upkeep
|turn|27
|
|t:|1776033377
|move|p1a: My name is mud|Overdrive|p2a: Corviknight
|-supereffective|p2a: Corviknight
|-damage|p2a: Corviknight|0 fnt
|faint|p2a: Corviknight
|
|upkeep
|
|t:|1776033388
|switch|p2a: Great Tusk|Great Tusk|84/100
|turn|28
|
|t:|1776033394
|switch|p1a: BIRD|Corviknight, M|82/100 par
|move|p2a: Great Tusk|Rapid Spin|p1a: BIRD
|-resisted|p1a: BIRD
|-damage|p1a: BIRD|77/100 par
|-boost|p2a: Great Tusk|spe|1
|-damage|p2a: Great Tusk|68/100|[from] item: Rocky Helmet|[of] p1a: BIRD
|
|upkeep
|turn|29
|
|t:|1776033404
|-terastallize|p2a: Great Tusk|Steel
|move|p2a: Great Tusk|Close Combat|p1a: BIRD
|-damage|p1a: BIRD|38/100 par
|-unboost|p2a: Great Tusk|def|1
|-unboost|p2a: Great Tusk|spd|1
|-damage|p2a: Great Tusk|51/100|[from] item: Rocky Helmet|[of] p1a: BIRD
|move|p1a: BIRD|Brave Bird|p2a: Great Tusk
|-resisted|p2a: Great Tusk
|-damage|p2a: Great Tusk|30/100
|-damage|p1a: BIRD|31/100 par|[from] Recoil
|
|upkeep
|turn|30
|
|t:|1776033421
|move|p2a: Great Tusk|Headlong Rush|p1a: BIRD
|-immune|p1a: BIRD
|move|p1a: BIRD|Roost|p1a: BIRD
|-heal|p1a: BIRD|81/100 par
|-singleturn|p1a: BIRD|move: Roost
|
|upkeep
|turn|31
|
|t:|1776033426
|move|p2a: Great Tusk|Close Combat|p1a: BIRD
|-damage|p1a: BIRD|41/100 par
|-unboost|p2a: Great Tusk|def|1
|-unboost|p2a: Great Tusk|spd|1
|-damage|p2a: Great Tusk|14/100|[from] item: Rocky Helmet|[of] p1a: BIRD
|move|p1a: BIRD|Brave Bird|p2a: Great Tusk
|-resisted|p2a: Great Tusk
|-damage|p2a: Great Tusk|0 fnt
|faint|p2a: Great Tusk
|-end|p2a: Great Tusk|Protosynthesis|[silent]
|-damage|p1a: BIRD|36/100 par|[from] Recoil
|
|upkeep
|
|t:|1776033436
|switch|p2a: Kingambit|Kingambit, M|100/100
|-activate|p2a: Kingambit|ability: Supreme Overlord
|-start|p2a: Kingambit|fallen3|[silent]
|turn|32
|
|t:|1776033439
|move|p2a: Kingambit|Swords Dance|p2a: Kingambit
|-boost|p2a: Kingambit|atk|2
|move|p1a: BIRD|U-turn|p2a: Kingambit
|-damage|p2a: Kingambit|87/100
|
|t:|1776033444
|switch|p1a: MC Ride|Samurott-Hisui, M|100/100 par|[from] U-turn
|
|-heal|p2a: Kingambit|93/100|[from] item: Leftovers
|upkeep
|turn|33
|
|t:|1776033452
|move|p2a: Kingambit|Iron Head|p1a: MC Ride
|-resisted|p1a: MC Ride
|-damage|p1a: MC Ride|27/100 par
|cant|p1a: MC Ride|flinch
|
|-heal|p2a: Kingambit|99/100|[from] item: Leftovers
|-heal|p1a: MC Ride|33/100 par|[from] item: Leftovers
|upkeep
|turn|34
|
|t:|1776033464
|switch|p1a: BIRD|Corviknight, M|36/100 par
|move|p2a: Kingambit|Kowtow Cleave|p1a: BIRD
|-damage|p1a: BIRD|0 fnt
|-damage|p2a: Kingambit|83/100|[from] item: Rocky Helmet|[of] p1a: BIRD
|faint|p1a: BIRD
|
|-heal|p2a: Kingambit|89/100|[from] item: Leftovers
|upkeep
|
|t:|1776033468
|switch|p1a: Zachill|Garchomp, M|100/100
|turn|35
|
|t:|1776033481
|move|p2a: Kingambit|Sucker Punch|p1a: Zachill
|-damage|p1a: Zachill|3/100
|-damage|p2a: Kingambit|77/100|[from] ability: Rough Skin|[of] p1a: Zachill
|move|p1a: Zachill|Earthquake|p2a: Kingambit
|-supereffective|p2a: Kingambit
|-damage|p2a: Kingambit|0 fnt
|faint|p2a: Kingambit
|-end|p2a: Kingambit|fallen3|[silent]
|
|upkeep
|
|t:|1776033490
|switch|p2a: Clefable|Clefable, M|100/100
|turn|36
|
|t:|1776033498
|move|p1a: Zachill|Iron Head|p2a: Clefable
|-supereffective|p2a: Clefable
|-damage|p2a: Clefable|61/100
|move|p2a: Clefable|Moonblast|p1a: Zachill
|-supereffective|p1a: Zachill
|-damage|p1a: Zachill|0 fnt
|faint|p1a: Zachill
|
|-heal|p2a: Clefable|67/100|[from] item: Leftovers
|upkeep
|
|t:|1776033504
|switch|p1a: My name is mud|Toxtricity-Low-Key, M|100/100
|turn|37
|
|t:|1776033508
|move|p1a: My name is mud|Sludge Wave|p2a: Clefable
|-supereffective|p2a: Clefable
|-damage|p2a: Clefable|0 fnt
|faint|p2a: Clefable
|
|upkeep
|
|t:|1776033511
|switch|p2a: Gholdengo|Gholdengo|100/100
|-item|p2a: Gholdengo|Air Balloon
|turn|38
|
|t:|1776033525
|switch|p1a: Morin|Umbreon, F, shiny|88/100 par
|move|p2a: Gholdengo|Recover||[still]
|-fail|p2a: Gholdengo|heal
|
|-heal|p1a: Morin|94/100 par|[from] item: Leftovers
|upkeep
|turn|39
|
|t:|1776033532
|move|p2a: Gholdengo|Nasty Plot|p2a: Gholdengo
|-boost|p2a: Gholdengo|spa|2
|move|p1a: Morin|Foul Play|p2a: Gholdengo
|-supereffective|p2a: Gholdengo
|-damage|p2a: Gholdengo|70/100
|-enditem|p2a: Gholdengo|Air Balloon
|
|-heal|p1a: Morin|100/100 par|[from] item: Leftovers
|upkeep
|turn|40
|
|t:|1776033552
|move|p2a: Gholdengo|Nasty Plot|p2a: Gholdengo
|-boost|p2a: Gholdengo|spa|2
|cant|p1a: Morin|par
|
|upkeep
|turn|41
|
|t:|1776033557
|move|p2a: Gholdengo|Make It Rain|p1a: Morin
|-damage|p1a: Morin|0 fnt
|-unboost|p2a: Gholdengo|spa|1
|faint|p1a: Morin
|
|upkeep
|
|t:|1776033562
|switch|p1a: My name is mud|Toxtricity-Low-Key, M|100/100
|turn|42
|
|t:|1776033568
|move|p1a: My name is mud|Overdrive|p2a: Gholdengo
|-damage|p2a: Gholdengo|15/100
|move|p2a: Gholdengo|Recover|p2a: Gholdengo
|-heal|p2a: Gholdengo|65/100
|
|upkeep
|turn|43
|
|t:|1776033581
|move|p1a: My name is mud|Overdrive|p2a: Gholdengo
|-damage|p2a: Gholdengo|12/100
|move|p2a: Gholdengo|Shadow Ball|p1a: My name is mud
|-damage|p1a: My name is mud|0 fnt
|faint|p1a: My name is mud
|
|upkeep
|
|t:|1776033588
|switch|p1a: Doe Deer|Hatterene, F|70/100
|turn|44
|
|t:|1776033594
|-terastallize|p1a: Doe Deer|Water
|move|p2a: Gholdengo|Make It Rain|p1a: Doe Deer
|-resisted|p1a: Doe Deer
|-damage|p1a: Doe Deer|3/100
|-unboost|p2a: Gholdengo|spa|1
|move|p1a: Doe Deer|Mystical Fire|p2a: Gholdengo
|-supereffective|p2a: Gholdengo
|-damage|p2a: Gholdengo|0 fnt
|faint|p2a: Gholdengo
|
|win|vanllesco
|raw|vanllesco's rating: 1300 &rarr; <strong>1323</strong><br />(+23 for winning)
|raw|Nlemartyr's rating: 1272 &rarr; <strong>1249</strong><br />(-23 for losing)
|l|☆Nlemartyr
|player|p2|
|l|☆vanllesco
|player|p1|
