|html|<div class="broadcast-blue"><strong>[Gen 9] OU is currently suspecting Tera Blast! For information on how to participate check out the <a href="https://www.smogon.com/tools/suspects/view/200">suspect thread</a>.</strong></div>
|j|☆Fucomix
|j|☆voxeropro
|t:|1776076014
|gametype|singles
|player|p1|Fucomix|veteran|1074
|player|p2|voxeropro|norman|1060
|gen|9
|tier|[Gen 9] OU
|rated|
|rule|HP Percentage Mod: HP is shown in percentages
|rule|Endless Battle Clause: Forcing endless battles is banned
|rule|Species Clause: Limit one of each Pokémon
|rule|OHKO Clause: OHKO moves are banned
|rule|Evasion Items Clause: Evasion items are banned
|rule|Evasion Moves Clause: Evasion moves are banned
|rule|Evasion Abilities Clause: Evasion abilities are banned
|rule|Sleep Moves Clause: Sleep-inducing moves are banned
|clearpoke
|poke|p1|Quagsire, M|
|poke|p1|Feraligatr, M|
|poke|p1|Muk, F|
|poke|p1|Mightyena, M|
|poke|p1|Noctowl, M|
|poke|p1|Magcargo, M|
|poke|p2|Scrafty, M|
|poke|p2|Gallade, M|
|poke|p2|Grimmsnarl, M|
|poke|p2|Grafaiai, M|
|poke|p2|Braviary-Hisui, M|
|poke|p2|Salazzle, F|
|teampreview
|
|t:|1776076029
|teamsize|p1|6
|teamsize|p2|6
|start
|switch|p1a: Magcargo|Magcargo, M|100/100
|switch|p2a: Grimmsnarl|Grimmsnarl, M, shiny|100/100
|turn|1
|inactive|Battle timer is ON: inactive players will automatically lose when time's up. (requested by voxeropro)
|
|t:|1776076081
|move|p2a: Grimmsnarl|Light Screen|p2a: Grimmsnarl
|-sidestart|p2: voxeropro|move: Light Screen
|move|p1a: Magcargo|Stealth Rock|p2a: Grimmsnarl
|-sidestart|p2: voxeropro|move: Stealth Rock
|
|upkeep
|turn|2
|
|t:|1776076089
|move|p2a: Grimmsnarl|Reflect|p2a: Grimmsnarl
|-sidestart|p2: voxeropro|Reflect
|move|p1a: Magcargo|Ancient Power|p2a: Grimmsnarl
|-damage|p2a: Grimmsnarl|92/100
|
|upkeep
|turn|3
|
|t:|1776076093
|move|p2a: Grimmsnarl|Spirit Break|p1a: Magcargo
|-resisted|p1a: Magcargo
|-crit|p1a: Magcargo
|-damage|p1a: Magcargo|76/100
|-unboost|p1a: Magcargo|spa|1
|move|p1a: Magcargo|Ancient Power|p2a: Grimmsnarl
|-damage|p2a: Grimmsnarl|86/100
|
|upkeep
|turn|4
|
|t:|1776076101
|move|p2a: Grimmsnarl|Spirit Break|p1a: Magcargo
|-resisted|p1a: Magcargo
|-damage|p1a: Magcargo|61/100
|-unboost|p1a: Magcargo|spa|1
|move|p1a: Magcargo|Ancient Power|p2a: Grimmsnarl
|-damage|p2a: Grimmsnarl|81/100
|
|upkeep
|turn|5
|
|t:|1776076112
|switch|p1a: Noctowl|Noctowl, M|100/100
|move|p2a: Grimmsnarl|Spirit Break|p1a: Noctowl
|-damage|p1a: Noctowl|71/100
|-unboost|p1a: Noctowl|spa|1
|
|-heal|p1a: Noctowl|77/100|[from] item: Leftovers
|upkeep
|turn|6
|
|t:|1776076136
|switch|p2a: Scrafty|Scrafty, M|100/100
|-damage|p2a: Scrafty|94/100|[from] Stealth Rock
|-ability|p2a: Scrafty|Intimidate|boost
|-unboost|p1a: Noctowl|atk|1
|move|p1a: Noctowl|Moonblast|p2a: Scrafty
|-supereffective|p2a: Scrafty
|-damage|p2a: Scrafty|73/100
|-unboost|p2a: Scrafty|spa|1
|
|-heal|p1a: Noctowl|83/100|[from] item: Leftovers
|-heal|p2a: Scrafty|79/100|[from] item: Leftovers
|upkeep
|turn|7
|inactive|Fucomix has 120 seconds left.
|
|t:|1776076191
|move|p1a: Noctowl|Moonblast|p2a: Scrafty
|-supereffective|p2a: Scrafty
|-damage|p2a: Scrafty|58/100
|move|p2a: Scrafty|Bulk Up|p2a: Scrafty
|-boost|p2a: Scrafty|atk|1
|-boost|p2a: Scrafty|def|1
|
|-heal|p1a: Noctowl|89/100|[from] item: Leftovers
|-heal|p2a: Scrafty|64/100|[from] item: Leftovers
|upkeep
|turn|8
|
|t:|1776076200
|move|p1a: Noctowl|Moonblast|p2a: Scrafty
|-supereffective|p2a: Scrafty
|-damage|p2a: Scrafty|40/100
|move|p2a: Scrafty|Knock Off|p1a: Noctowl
|-damage|p1a: Noctowl|40/100
|-enditem|p1a: Noctowl|Leftovers|[from] move: Knock Off|[of] p2a: Scrafty
|
|-heal|p2a: Scrafty|46/100|[from] item: Leftovers
|-sideend|p2: voxeropro|move: Light Screen
|upkeep
|turn|9
|
|t:|1776076209
|move|p1a: Noctowl|Moonblast|p2a: Scrafty
|-supereffective|p2a: Scrafty
|-damage|p2a: Scrafty|2/100
|-unboost|p2a: Scrafty|spa|1
|move|p2a: Scrafty|Drain Punch|p1a: Noctowl
|-damage|p1a: Noctowl|8/100
|-heal|p2a: Scrafty|25/100|[from] drain|[of] p1a: Noctowl
|
|-heal|p2a: Scrafty|32/100|[from] item: Leftovers
|-sideend|p2: voxeropro|Reflect
|upkeep
|turn|10
|
|t:|1776076219
|move|p1a: Noctowl|Moonblast|p2a: Scrafty
|-supereffective|p2a: Scrafty
|-damage|p2a: Scrafty|0 fnt
|faint|p2a: Scrafty
|
|upkeep
|
|t:|1776076227
|switch|p2a: Braviary|Braviary-Hisui, M, shiny|100/100
|-damage|p2a: Braviary|75/100|[from] Stealth Rock
|turn|11
|
|t:|1776076233
|move|p1a: Noctowl|Moonblast|p2a: Braviary
|-damage|p2a: Braviary|63/100
|move|p2a: Braviary|Defog|p1a: Noctowl
|-unboost|p1a: Noctowl|evasion|1
|-sideend|p2: voxeropro|Stealth Rock|[from] move: Defog|[of] p2a: Braviary
|
|upkeep
|turn|12
|
|t:|1776076242
|move|p1a: Noctowl|Moonblast|p2a: Braviary
|-damage|p2a: Braviary|50/100
|move|p2a: Braviary|Esper Wing|p1a: Noctowl
|-damage|p1a: Noctowl|0 fnt
|faint|p1a: Noctowl
|
|upkeep
|
|t:|1776076248
|switch|p1a: Magcargo|Magcargo, M|61/100
|turn|13
|
|t:|1776076256
|move|p2a: Braviary|Air Slash|p1a: Magcargo
|-resisted|p1a: Magcargo
|-damage|p1a: Magcargo|31/100
|move|p1a: Magcargo|Ancient Power|p2a: Braviary
|-supereffective|p2a: Braviary
|-damage|p2a: Braviary|10/100
|
|upkeep
|turn|14
|
|t:|1776076264
|move|p2a: Braviary|Esper Wing|p1a: Magcargo
|-damage|p1a: Magcargo|0 fnt
|faint|p1a: Magcargo
|
|upkeep
|
|t:|1776076269
|switch|p1a: Feraligatr|Feraligatr, M|100/100
|turn|15
|
|t:|1776076274
|move|p1a: Feraligatr|Aqua Jet|p2a: Braviary
|-damage|p2a: Braviary|0 fnt
|faint|p2a: Braviary
|
|upkeep
|
|t:|1776076279
|switch|p2a: Grimmsnarl|Grimmsnarl, M, shiny|81/100
|turn|16
|
|t:|1776076286
|switch|p1a: Muk|Muk, F|100/100
|move|p2a: Grimmsnarl|Reflect|p2a: Grimmsnarl
|-sidestart|p2: voxeropro|Reflect
|
|upkeep
|turn|17
|
|t:|1776076296
|switch|p2a: Salazzle|Salazzle, F, shiny|100/100
|move|p1a: Muk|Gunk Shot|p2a: Salazzle
|-resisted|p2a: Salazzle
|-damage|p2a: Salazzle|86/100
|
|-heal|p2a: Salazzle|92/100|[from] item: Black Sludge
|upkeep
|turn|18
|
|t:|1776076308
|switch|p1a: Feraligatr|Feraligatr, M|100/100
|move|p2a: Salazzle|Toxic|p1a: Feraligatr
|-status|p1a: Feraligatr|tox
|
|-heal|p2a: Salazzle|98/100|[from] item: Black Sludge
|-damage|p1a: Feraligatr|94/100 tox|[from] psn
|upkeep
|turn|19
|
|t:|1776076316
|move|p2a: Salazzle|Substitute|p2a: Salazzle
|-start|p2a: Salazzle|Substitute
|-damage|p2a: Salazzle|73/100
|move|p1a: Feraligatr|Liquidation|p2a: Salazzle
|-supereffective|p2a: Salazzle
|-end|p2a: Salazzle|Substitute
|
|-heal|p2a: Salazzle|79/100|[from] item: Black Sludge
|-damage|p1a: Feraligatr|82/100 tox|[from] psn
|upkeep
|turn|20
|
|t:|1776076325
|move|p2a: Salazzle|Protect|p2a: Salazzle
|-singleturn|p2a: Salazzle|Protect
|move|p1a: Feraligatr|Aqua Jet|p2a: Salazzle
|-activate|p2a: Salazzle|move: Protect
|
|-heal|p2a: Salazzle|85/100|[from] item: Black Sludge
|-damage|p1a: Feraligatr|64/100 tox|[from] psn
|upkeep
|turn|21
|
|t:|1776076333
|move|p1a: Feraligatr|Aqua Jet|p2a: Salazzle
|-supereffective|p2a: Salazzle
|-damage|p2a: Salazzle|57/100
|move|p2a: Salazzle|Substitute|p2a: Salazzle
|-start|p2a: Salazzle|Substitute
|-damage|p2a: Salazzle|32/100
|
|-heal|p2a: Salazzle|38/100|[from] item: Black Sludge
|-damage|p1a: Feraligatr|39/100 tox|[from] psn
|upkeep
|turn|22
|
|t:|1776076341
|move|p2a: Salazzle|Protect|p2a: Salazzle
|-singleturn|p2a: Salazzle|Protect
|move|p1a: Feraligatr|Liquidation|p2a: Salazzle
|-activate|p2a: Salazzle|move: Protect
|
|-heal|p2a: Salazzle|44/100|[from] item: Black Sludge
|-damage|p1a: Feraligatr|8/100 tox|[from] psn
|upkeep
|turn|23
|
|t:|1776076354
|move|p2a: Salazzle|Flamethrower|p1a: Feraligatr
|-resisted|p1a: Feraligatr
|-damage|p1a: Feraligatr|0 fnt
|faint|p1a: Feraligatr
|
|-heal|p2a: Salazzle|50/100|[from] item: Black Sludge
|-sideend|p2: voxeropro|Reflect
|upkeep
|
|t:|1776076360
|switch|p1a: Mightyena|Mightyena, M|100/100
|turn|24
|
|t:|1776076374
|move|p1a: Mightyena|Sucker Punch|p2a: Salazzle
|-end|p2a: Salazzle|Substitute
|move|p2a: Salazzle|Flamethrower|p1a: Mightyena
|-damage|p1a: Mightyena|41/100
|
|-heal|p2a: Salazzle|56/100|[from] item: Black Sludge
|-status|p1a: Mightyena|tox|[from] item: Toxic Orb
|upkeep
|turn|25
|
|t:|1776076389
|move|p2a: Salazzle|Protect|p2a: Salazzle
|-singleturn|p2a: Salazzle|Protect
|move|p1a: Mightyena|Facade|p2a: Salazzle
|-activate|p2a: Salazzle|move: Protect
|
|-heal|p2a: Salazzle|62/100|[from] item: Black Sludge
|-damage|p1a: Mightyena|35/100 tox|[from] psn
|upkeep
|turn|26
|
|t:|1776076398
|move|p1a: Mightyena|Facade|p2a: Salazzle
|-damage|p2a: Salazzle|13/100
|move|p2a: Salazzle|Flamethrower|p1a: Mightyena
|-crit|p1a: Mightyena
|-damage|p1a: Mightyena|0 fnt
|faint|p1a: Mightyena
|
|-heal|p2a: Salazzle|19/100|[from] item: Black Sludge
|upkeep
|
|t:|1776076407
|switch|p1a: Muk|Muk, F|100/100
|turn|27
|
|t:|1776076412
|move|p2a: Salazzle|Toxic|p1a: Muk
|-status|p1a: Muk|tox
|move|p1a: Muk|Dig||[still]
|-prepare|p1a: Muk|Dig
|
|-heal|p2a: Salazzle|25/100|[from] item: Black Sludge
|-damage|p1a: Muk|94/100 tox|[from] psn
|upkeep
|turn|28
|
|t:|1776076420
|move|p2a: Salazzle|Protect|p2a: Salazzle
|-singleturn|p2a: Salazzle|Protect
|move|p1a: Muk|Dig|p2a: Salazzle|[from] lockedmove
|-activate|p2a: Salazzle|move: Protect
|
|-heal|p2a: Salazzle|31/100|[from] item: Black Sludge
|-heal|p1a: Muk|100/100 tox|[from] item: Leftovers
|-damage|p1a: Muk|88/100 tox|[from] psn
|upkeep
|turn|29
|
|t:|1776076432
|-terastallize|p1a: Muk|Ghost
|move|p2a: Salazzle|Substitute|p2a: Salazzle
|-start|p2a: Salazzle|Substitute
|-damage|p2a: Salazzle|6/100
|move|p1a: Muk|Curse|p2a: Salazzle
|-start|p2a: Salazzle|Curse|[of] p1a: Muk
|-damage|p1a: Muk|38/100 tox
|
|-heal|p2a: Salazzle|12/100|[from] item: Black Sludge
|-heal|p1a: Muk|44/100 tox|[from] item: Leftovers
|-damage|p1a: Muk|26/100 tox|[from] psn
|-damage|p2a: Salazzle|0 fnt|[from] Curse
|faint|p2a: Salazzle
|upkeep
|
|t:|1776076450
|switch|p2a: Gallade|Gallade, M, shiny|100/100
|turn|30
|
|t:|1776076460
|move|p2a: Gallade|Leaf Blade|p1a: Muk
|-damage|p1a: Muk|0 fnt
|faint|p1a: Muk
|
|upkeep
|
|t:|1776076465
|switch|p1a: Saitama|Quagsire, M|100/100
|turn|31
|
|t:|1776076469
|move|p2a: Gallade|Leaf Blade|p1a: Saitama
|-supereffective|p1a: Saitama
|-crit|p1a: Saitama
|-damage|p1a: Saitama|0 fnt
|faint|p1a: Saitama
|
|win|voxeropro
|raw|Fucomix's rating: 1074 &rarr; <strong>1052</strong><br />(-22 for losing)
|raw|voxeropro's rating: 1060 &rarr; <strong>1092</strong><br />(+32 for winning)
|l|☆Fucomix
|player|p1|
|l|☆voxeropro
|player|p2|
