|html|<div class="broadcast-blue"><strong>[Gen 9] OU is currently suspecting Tera Blast! For information on how to participate check out the <a href="https://www.smogon.com/tools/suspects/view/200">suspect thread</a>.</strong></div>
|j|☆mrhubo2k
|j|☆p8tience
|t:|1776062122
|gametype|singles
|player|p1|mrhubo2k|266|1305
|player|p2|p8tience|li|1263
|gen|9
|tier|[Gen 9] OU
|rated|
|rule|HP Percentage Mod: HP is shown in percentages
|rule|Endless Battle Clause: Forcing endless battles is banned
|rule|Species Clause: Limit one of each Pokémon
|rule|OHKO Clause: OHKO moves are banned
|rule|Evasion Items Clause: Evasion items are banned
|rule|Evasion Moves Clause: Evasion moves are banned
|rule|Evasion Abilities Clause: Evasion abilities are banned
|rule|Sleep Moves Clause: Sleep-inducing moves are banned
|clearpoke
|poke|p1|Gliscor, F|
|poke|p1|Maushold|
|poke|p1|Kingambit, F|
|poke|p1|Dondozo, F|
|poke|p1|Sinistcha-Masterpiece|
|poke|p1|Zapdos|
|poke|p2|Hydrapple, M|
|poke|p2|Tyranitar, F|
|poke|p2|Moltres|
|poke|p2|Zamazenta-*|
|poke|p2|Slowking-Galar, M|
|poke|p2|Excadrill, F|
|teampreview
|
|t:|1776062157
|teamsize|p1|6
|teamsize|p2|6
|start
|switch|p1a: Dondozo|Dondozo, F|100/100
|switch|p2a: Tyranitar|Tyranitar, F|100/100
|-weather|Sandstorm|[from] ability: Sand Stream|[of] p2a: Tyranitar
|turn|1
|
|t:|1776062164
|move|p2a: Tyranitar|Stealth Rock|p1a: Dondozo
|-sidestart|p1: mrhubo2k|move: Stealth Rock
|move|p1a: Dondozo|Body Press|p2a: Tyranitar
|-supereffective|p2a: Tyranitar
|-damage|p2a: Tyranitar|18/100
|
|-weather|Sandstorm|[upkeep]
|-damage|p1a: Dondozo|94/100|[from] Sandstorm
|-heal|p1a: Dondozo|100/100|[from] item: Leftovers
|upkeep
|turn|2
|
|t:|1776062176
|switch|p2a: Hydrapple|Hydrapple, M|100/100
|move|p1a: Dondozo|Curse|p1a: Dondozo
|-unboost|p1a: Dondozo|spe|1
|-boost|p1a: Dondozo|atk|1
|-boost|p1a: Dondozo|def|1
|
|-weather|Sandstorm|[upkeep]
|-damage|p2a: Hydrapple|94/100|[from] Sandstorm
|-damage|p1a: Dondozo|94/100|[from] Sandstorm
|-heal|p1a: Dondozo|100/100|[from] item: Leftovers
|upkeep
|turn|3
|
|t:|1776062204
|switch|p2a: Moltres|Moltres|100/100
|-terastallize|p1a: Dondozo|Electric
|move|p1a: Dondozo|Curse|p1a: Dondozo
|-unboost|p1a: Dondozo|spe|1
|-boost|p1a: Dondozo|atk|1
|-boost|p1a: Dondozo|def|1
|
|-weather|Sandstorm|[upkeep]
|-damage|p2a: Moltres|94/100|[from] Sandstorm
|-damage|p1a: Dondozo|94/100|[from] Sandstorm
|-heal|p1a: Dondozo|100/100|[from] item: Leftovers
|upkeep
|turn|4
|
|t:|1776062215
|move|p1a: Dondozo|Curse|p1a: Dondozo
|-unboost|p1a: Dondozo|spe|1
|-boost|p1a: Dondozo|atk|1
|-boost|p1a: Dondozo|def|1
|move|p2a: Moltres|Roar|p1a: Dondozo
|drag|p1a: Gliscor|Gliscor, F|100/100
|-damage|p1a: Gliscor|88/100|[from] Stealth Rock
|
|-weather|Sandstorm|[upkeep]
|-damage|p2a: Moltres|88/100|[from] Sandstorm
|-status|p1a: Gliscor|tox|[from] item: Toxic Orb
|upkeep
|turn|5
|
|t:|1776062234
|switch|p2a: Hydrapple|Hydrapple, M|100/100
|move|p1a: Gliscor|Toxic|p2a: Hydrapple
|-status|p2a: Hydrapple|tox
|
|-weather|Sandstorm|[upkeep]
|-damage|p2a: Hydrapple|94/100 tox|[from] Sandstorm
|-heal|p1a: Gliscor|100/100 tox|[from] ability: Poison Heal
|-damage|p2a: Hydrapple|88/100 tox|[from] psn
|upkeep
|turn|6
|
|t:|1776062244
|move|p1a: Gliscor|Protect|p1a: Gliscor
|-singleturn|p1a: Gliscor|Protect
|move|p2a: Hydrapple|Nasty Plot|p2a: Hydrapple
|-boost|p2a: Hydrapple|spa|2
|
|-weather|Sandstorm|[upkeep]
|-damage|p2a: Hydrapple|82/100 tox|[from] Sandstorm
|-damage|p2a: Hydrapple|70/100 tox|[from] psn
|upkeep
|turn|7
|
|t:|1776062257
|move|p1a: Gliscor|Substitute|p1a: Gliscor
|-start|p1a: Gliscor|Substitute
|-damage|p1a: Gliscor|76/100 tox
|move|p2a: Hydrapple|Fickle Beam|p1a: Gliscor
|-end|p1a: Gliscor|Substitute
|
|-weather|Sandstorm|[upkeep]
|-damage|p2a: Hydrapple|63/100 tox|[from] Sandstorm
|-heal|p1a: Gliscor|88/100 tox|[from] ability: Poison Heal
|-damage|p2a: Hydrapple|45/100 tox|[from] psn
|upkeep
|turn|8
|
|t:|1776062268
|switch|p2a: Slowking|Slowking-Galar, M|100/100
|move|p1a: Gliscor|Substitute|p1a: Gliscor
|-start|p1a: Gliscor|Substitute
|-damage|p1a: Gliscor|63/100 tox
|
|-weather|none
|-heal|p1a: Gliscor|76/100 tox|[from] ability: Poison Heal
|upkeep
|turn|9
|
|t:|1776062283
|switch|p2a: Hydrapple|Hydrapple, M|78/100 tox
|move|p1a: Gliscor|Protect||[still]
|-fail|p1a: Gliscor
|
|-heal|p1a: Gliscor|88/100 tox|[from] ability: Poison Heal
|-damage|p2a: Hydrapple|72/100 tox|[from] psn
|upkeep
|turn|10
|
|t:|1776062295
|switch|p2a: Slowking|Slowking-Galar, M|100/100
|move|p1a: Gliscor|Earthquake|p2a: Slowking
|-supereffective|p2a: Slowking
|-damage|p2a: Slowking|53/100
|
|-heal|p1a: Gliscor|100/100 tox|[from] ability: Poison Heal
|upkeep
|turn|11
|
|t:|1776062308
|switch|p2a: Hydrapple|Hydrapple, M|100/100 tox
|move|p1a: Gliscor|Earthquake|p2a: Hydrapple
|-resisted|p2a: Hydrapple
|-damage|p2a: Hydrapple|91/100 tox
|
|-damage|p2a: Hydrapple|84/100 tox|[from] psn
|upkeep
|turn|12
|
|t:|1776062317
|move|p1a: Gliscor|Earthquake|p2a: Hydrapple
|-resisted|p2a: Hydrapple
|-damage|p2a: Hydrapple|74/100 tox
|move|p2a: Hydrapple|Fickle Beam|p1a: Gliscor|[anim] Fickle Beam All Out
|-activate|p2a: Hydrapple|move: Fickle Beam
|-end|p1a: Gliscor|Substitute
|
|-damage|p2a: Hydrapple|62/100 tox|[from] psn
|upkeep
|turn|13
|
|t:|1776062327
|switch|p2a: Slowking|Slowking-Galar, M|86/100
|move|p1a: Gliscor|Substitute|p1a: Gliscor
|-start|p1a: Gliscor|Substitute
|-damage|p1a: Gliscor|76/100 tox
|
|-heal|p1a: Gliscor|88/100 tox|[from] ability: Poison Heal
|upkeep
|turn|14
|
|t:|1776062339
|switch|p2a: Hydrapple|Hydrapple, M|95/100 tox
|move|p1a: Gliscor|Earthquake|p2a: Hydrapple
|-resisted|p2a: Hydrapple
|-damage|p2a: Hydrapple|85/100 tox
|
|-heal|p1a: Gliscor|100/100 tox|[from] ability: Poison Heal
|-damage|p2a: Hydrapple|79/100 tox|[from] psn
|upkeep
|turn|15
|
|t:|1776062349
|move|p1a: Gliscor|Protect|p1a: Gliscor
|-singleturn|p1a: Gliscor|Protect
|move|p2a: Hydrapple|Giga Drain|p1a: Gliscor
|-activate|p1a: Gliscor|move: Protect
|
|-damage|p2a: Hydrapple|66/100 tox|[from] psn
|upkeep
|turn|16
|
|t:|1776062359
|move|p1a: Gliscor|Earthquake|p2a: Hydrapple
|-resisted|p2a: Hydrapple
|-damage|p2a: Hydrapple|56/100 tox
|move|p2a: Hydrapple|Fickle Beam|p1a: Gliscor|[anim] Fickle Beam All Out
|-activate|p2a: Hydrapple|move: Fickle Beam
|-end|p1a: Gliscor|Substitute
|
|-damage|p2a: Hydrapple|37/100 tox|[from] psn
|upkeep
|turn|17
|
|t:|1776062369
|switch|p2a: Slowking|Slowking-Galar, M|100/100
|move|p1a: Gliscor|Substitute|p1a: Gliscor
|-start|p1a: Gliscor|Substitute
|-damage|p1a: Gliscor|76/100 tox
|
|-heal|p1a: Gliscor|88/100 tox|[from] ability: Poison Heal
|upkeep
|turn|18
|
|t:|1776062380
|move|p1a: Gliscor|Earthquake|p2a: Slowking
|-supereffective|p2a: Slowking
|-damage|p2a: Slowking|47/100
|move|p2a: Slowking|Ice Beam|p1a: Gliscor
|-supereffective|p1a: Gliscor
|-end|p1a: Gliscor|Substitute
|
|-heal|p1a: Gliscor|100/100 tox|[from] ability: Poison Heal
|upkeep
|turn|19
|
|t:|1776062392
|switch|p2a: Hydrapple|Hydrapple, M|71/100 tox
|move|p1a: Gliscor|Earthquake|p2a: Hydrapple
|-resisted|p2a: Hydrapple
|-damage|p2a: Hydrapple|60/100 tox
|
|-damage|p2a: Hydrapple|54/100 tox|[from] psn
|upkeep
|turn|20
|
|t:|1776062401
|move|p1a: Gliscor|Substitute|p1a: Gliscor
|-start|p1a: Gliscor|Substitute
|-damage|p1a: Gliscor|76/100 tox
|move|p2a: Hydrapple|Giga Drain|p1a: Gliscor
|-end|p1a: Gliscor|Substitute
|-heal|p2a: Hydrapple|64/100 tox|[from] drain|[of] p1a: Gliscor
|
|-heal|p1a: Gliscor|88/100 tox|[from] ability: Poison Heal
|-damage|p2a: Hydrapple|52/100 tox|[from] psn
|upkeep
|turn|21
|
|t:|1776062413
|switch|p2a: Moltres|Moltres|88/100
|move|p1a: Gliscor|Substitute|p1a: Gliscor
|-start|p1a: Gliscor|Substitute
|-damage|p1a: Gliscor|63/100 tox
|
|-heal|p1a: Gliscor|76/100 tox|[from] ability: Poison Heal
|upkeep
|turn|22
|
|t:|1776062422
|switch|p2a: Slowking|Slowking-Galar, M|80/100
|move|p1a: Gliscor|Toxic|p2a: Slowking|[miss]
|-miss|p1a: Gliscor|p2a: Slowking
|
|-heal|p1a: Gliscor|88/100 tox|[from] ability: Poison Heal
|upkeep
|turn|23
|
|t:|1776062429
|switch|p2a: Hydrapple|Hydrapple, M|85/100 tox
|move|p1a: Gliscor|Earthquake|p2a: Hydrapple
|-resisted|p2a: Hydrapple
|-damage|p2a: Hydrapple|75/100 tox
|
|-heal|p1a: Gliscor|100/100 tox|[from] ability: Poison Heal
|-damage|p2a: Hydrapple|69/100 tox|[from] psn
|upkeep
|turn|24
|
|t:|1776062440
|switch|p2a: Slowking|Slowking-Galar, M|100/100
|move|p1a: Gliscor|Protect||[still]
|-fail|p1a: Gliscor
|
|upkeep
|turn|25
|
|t:|1776062449
|switch|p2a: Hydrapple|Hydrapple, M|100/100 tox
|move|p1a: Gliscor|Earthquake|p2a: Hydrapple
|-resisted|p2a: Hydrapple
|-damage|p2a: Hydrapple|90/100 tox
|
|-damage|p2a: Hydrapple|84/100 tox|[from] psn
|upkeep
|turn|26
|
|t:|1776062458
|switch|p2a: Slowking|Slowking-Galar, M|100/100
|move|p1a: Gliscor|Protect||[still]
|-fail|p1a: Gliscor
|
|upkeep
|turn|27
|
|t:|1776062470
|switch|p2a: Hydrapple|Hydrapple, M|100/100 tox
|move|p1a: Gliscor|Earthquake|p2a: Hydrapple
|-resisted|p2a: Hydrapple
|-damage|p2a: Hydrapple|90/100 tox
|
|-damage|p2a: Hydrapple|84/100 tox|[from] psn
|upkeep
|turn|28
|
|t:|1776062498
|switch|p1a: GAMEOVER :P|Kingambit, F|100/100
|-damage|p1a: GAMEOVER :P|94/100|[from] Stealth Rock
|move|p2a: Hydrapple|Giga Drain|p1a: GAMEOVER :P
|-resisted|p1a: GAMEOVER :P
|-damage|p1a: GAMEOVER :P|79/100
|-heal|p2a: Hydrapple|91/100 tox|[from] drain|[of] p1a: GAMEOVER :P
|
|-damage|p2a: Hydrapple|79/100 tox|[from] psn
|upkeep
|turn|29
|
|t:|1776062514
|move|p1a: GAMEOVER :P|Swords Dance|p1a: GAMEOVER :P
|-boost|p1a: GAMEOVER :P|atk|2
|move|p2a: Hydrapple|Earth Power|p1a: GAMEOVER :P
|-supereffective|p1a: GAMEOVER :P
|-damage|p1a: GAMEOVER :P|33/100
|
|-damage|p2a: Hydrapple|60/100 tox|[from] psn
|upkeep
|turn|30
|
|t:|1776062523
|switch|p2a: Moltres|Moltres|88/100
|move|p1a: GAMEOVER :P|Sucker Punch||[still]
|-fail|p1a: GAMEOVER :P
|
|upkeep
|turn|31
|
|t:|1776062547
|-end|p1a: GAMEOVER :P|fallenundefined|[silent]
|switch|p1a: Dondozo|Dondozo, F, tera:Electric|100/100
|-damage|p1a: Dondozo|88/100|[from] Stealth Rock
|move|p2a: Moltres|Roar|p1a: Dondozo
|drag|p1a: Maushold|Maushold|100/100
|-damage|p1a: Maushold|88/100|[from] Stealth Rock
|
|upkeep
|turn|32
|
|t:|1776062557
|move|p1a: Maushold|Population Bomb|p2a: Moltres
|-damage|p2a: Moltres|81/100
|-damage|p2a: Moltres|73/100
|-status|p1a: Maushold|brn|[from] ability: Flame Body|[of] p2a: Moltres
|-damage|p2a: Moltres|69/100
|-damage|p2a: Moltres|66/100
|-crit|p2a: Moltres
|-damage|p2a: Moltres|60/100
|-damage|p2a: Moltres|56/100
|-damage|p2a: Moltres|52/100
|-damage|p2a: Moltres|48/100
|-damage|p2a: Moltres|44/100
|-damage|p2a: Moltres|40/100
|-hitcount|p2a: Moltres|10
|move|p2a: Moltres|Roar|p1a: Maushold
|drag|p1a: Sinistcha|Sinistcha-Masterpiece|100/100
|-damage|p1a: Sinistcha|88/100|[from] Stealth Rock
|
|-heal|p1a: Sinistcha|94/100|[from] item: Leftovers
|upkeep
|turn|33
|
|t:|1776062579
|switch|p1a: Gliscor|Gliscor, F|100/100 tox
|-damage|p1a: Gliscor|88/100 tox|[from] Stealth Rock
|move|p2a: Moltres|Roost|p2a: Moltres
|-heal|p2a: Moltres|90/100
|-singleturn|p2a: Moltres|move: Roost
|
|-heal|p1a: Gliscor|100/100 tox|[from] ability: Poison Heal
|upkeep
|turn|34
|
|t:|1776062585
|switch|p2a: Hydrapple|Hydrapple, M|94/100 tox
|move|p1a: Gliscor|Toxic|p2a: Hydrapple
|-fail|p2a: Hydrapple|tox
|
|-damage|p2a: Hydrapple|88/100 tox|[from] psn
|upkeep
|turn|35
|
|t:|1776062594
|switch|p1a: Dondozo|Dondozo, F, tera:Electric|88/100
|-damage|p1a: Dondozo|75/100|[from] Stealth Rock
|move|p2a: Hydrapple|Giga Drain|p1a: Dondozo
|-damage|p1a: Dondozo|45/100
|-heal|p2a: Hydrapple|100/100 tox|[from] drain|[of] p1a: Dondozo
|
|-heal|p1a: Dondozo|51/100|[from] item: Leftovers
|-damage|p2a: Hydrapple|88/100 tox|[from] psn
|upkeep
|turn|36
|
|t:|1776062606
|move|p2a: Hydrapple|Earth Power|p1a: Dondozo
|-supereffective|p1a: Dondozo
|-damage|p1a: Dondozo|5/100
|move|p1a: Dondozo|Rest|p1a: Dondozo
|-status|p1a: Dondozo|slp|[from] move: Rest
|-heal|p1a: Dondozo|100/100 slp|[silent]
|
|-damage|p2a: Hydrapple|70/100 tox|[from] psn
|upkeep
|turn|37
|
|t:|1776062619
|switch|p2a: Tyranitar|Tyranitar, F|18/100
|-weather|Sandstorm|[from] ability: Sand Stream|[of] p2a: Tyranitar
|cant|p1a: Dondozo|slp
|move|p1a: Dondozo|Sleep Talk|p1a: Dondozo
|move|p1a: Dondozo|Rest||[from] move: Sleep Talk|[still]
|-fail|p1a: Dondozo
|
|-weather|Sandstorm|[upkeep]
|-damage|p1a: Dondozo|94/100 slp|[from] Sandstorm
|-heal|p1a: Dondozo|100/100 slp|[from] item: Leftovers
|upkeep
|turn|38
|
|t:|1776062633
|switch|p2a: Slowking|Slowking-Galar, M|100/100
|switch|p1a: Zapdos|Zapdos|100/100
|-damage|p1a: Zapdos|76/100|[from] Stealth Rock
|
|-weather|Sandstorm|[upkeep]
|-damage|p1a: Zapdos|69/100|[from] Sandstorm
|-damage|p2a: Slowking|94/100|[from] Sandstorm
|-heal|p1a: Zapdos|76/100|[from] item: Leftovers
|upkeep
|turn|39
|
|t:|1776062653
|move|p1a: Zapdos|Brave Bird|p2a: Slowking
|-damage|p2a: Slowking|65/100
|-damage|p1a: Zapdos|64/100|[from] Recoil
|move|p2a: Slowking|Ice Beam|p1a: Zapdos
|-supereffective|p1a: Zapdos
|-damage|p1a: Zapdos|12/100
|
|-weather|Sandstorm|[upkeep]
|-damage|p1a: Zapdos|6/100|[from] Sandstorm
|-damage|p2a: Slowking|59/100|[from] Sandstorm
|-heal|p1a: Zapdos|12/100|[from] item: Leftovers
|upkeep
|turn|40
|
|t:|1776062669
|move|p1a: Zapdos|Heat Wave|p2a: Slowking
|-damage|p2a: Slowking|41/100
|move|p2a: Slowking|Sludge Bomb|p1a: Zapdos
|-crit|p1a: Zapdos
|-damage|p1a: Zapdos|0 fnt
|faint|p1a: Zapdos
|
|-weather|Sandstorm|[upkeep]
|-damage|p2a: Slowking|35/100|[from] Sandstorm
|upkeep
|
|t:|1776062681
|switch|p1a: Maushold|Maushold|88/100 brn
|-damage|p1a: Maushold|76/100 brn|[from] Stealth Rock
|turn|41
|
|t:|1776062697
|switch|p2a: Moltres|Moltres|90/100
|move|p1a: Maushold|Population Bomb|p2a: Moltres
|-damage|p2a: Moltres|87/100
|-damage|p2a: Moltres|83/100
|-damage|p2a: Moltres|79/100
|-damage|p2a: Moltres|75/100
|-damage|p2a: Moltres|71/100
|-damage|p2a: Moltres|68/100
|-damage|p2a: Moltres|63/100
|-damage|p2a: Moltres|60/100
|-damage|p2a: Moltres|56/100
|-damage|p2a: Moltres|52/100
|-hitcount|p2a: Moltres|10
|
|-weather|Sandstorm|[upkeep]
|-damage|p1a: Maushold|69/100 brn|[from] Sandstorm
|-damage|p2a: Moltres|46/100|[from] Sandstorm
|-damage|p1a: Maushold|63/100 brn|[from] brn
|upkeep
|turn|42
|
|t:|1776062713
|switch|p2a: Zamazenta|Zamazenta|100/100
|-ability|p2a: Zamazenta|Dauntless Shield|boost
|-boost|p2a: Zamazenta|def|1
|move|p1a: Maushold|Population Bomb|p2a: Zamazenta
|-damage|p2a: Zamazenta|98/100
|-damage|p2a: Zamazenta|95/100
|-damage|p2a: Zamazenta|92/100
|-damage|p2a: Zamazenta|90/100
|-damage|p2a: Zamazenta|87/100
|-damage|p2a: Zamazenta|84/100
|-damage|p2a: Zamazenta|81/100
|-damage|p2a: Zamazenta|78/100
|-damage|p2a: Zamazenta|76/100
|-damage|p2a: Zamazenta|73/100
|-hitcount|p2a: Zamazenta|10
|
|-weather|Sandstorm|[upkeep]
|-damage|p2a: Zamazenta|67/100|[from] Sandstorm
|-damage|p1a: Maushold|57/100 brn|[from] Sandstorm
|-heal|p2a: Zamazenta|73/100|[from] item: Leftovers
|-damage|p1a: Maushold|51/100 brn|[from] brn
|upkeep
|turn|43
|inactive|Battle timer is ON: inactive players will automatically lose when time's up. (requested by p8tience)
|inactive|mrhubo2k has 120 seconds left.
|inactive|mrhubo2k has 90 seconds left.
|inactive|mrhubo2k has 60 seconds left.
|inactive|mrhubo2k has 30 seconds left.
|inactive|mrhubo2k has 20 seconds left.
|inactive|mrhubo2k has 15 seconds left.
|inactive|mrhubo2k has 10 seconds left.
|inactive|mrhubo2k has 5 seconds left.
|-message|mrhubo2k lost due to inactivity.
|
|win|p8tience
|raw|mrhubo2k's rating: 1305 &rarr; <strong>1283</strong><br />(-22 for losing)
|raw|p8tience's rating: 1263 &rarr; <strong>1291</strong><br />(+28 for winning)
|l|☆p8tience
|player|p2|
|l|☆mrhubo2k
|player|p1|
