|html|<div class="broadcast-blue"><strong>[Gen 9] OU is currently suspecting Volcarona! For information on how to participate check out the <a href="https://www.smogon.com/tools/suspects/view/208">suspect thread</a>.</strong></div>
|j|☆Bsbava
|j|☆jaum77_-_
|t:|1778509053
|gametype|singles
|player|p1|Bsbava|veteran|1078
|player|p2|jaum77_-_|2|1129
|gen|9
|tier|[Gen 9] OU
|rated|
|rule|HP Percentage Mod: HP is shown in percentages
|rule|Endless Battle Clause: Forcing endless battles is banned
|rule|Species Clause: Limit one of each Pokémon
|rule|OHKO Clause: OHKO moves are banned
|rule|Evasion Items Clause: Evasion items are banned
|rule|Evasion Moves Clause: Evasion moves are banned
|rule|Evasion Abilities Clause: Evasion abilities are banned
|rule|Sleep Moves Clause: Sleep-inducing moves are banned
|clearpoke
|poke|p1|Tyranitar, M|
|poke|p1|Meowscarada, F|
|poke|p1|Greninja-*, M|
|poke|p1|Hydreigon, M|
|poke|p1|Houndoom, F|
|poke|p1|Umbreon, F|
|poke|p2|Ceruledge, M|
|poke|p2|Garganacl, F|
|poke|p2|Corviknight, F|
|poke|p2|Primarina, M|
|poke|p2|Meowscarada, M|
|poke|p2|Slowbro-Galar, M|
|teampreview
|inactive|Battle timer is ON: inactive players will automatically lose when time's up. (requested by jaum77_-_)
|
|t:|1778509060
|teamsize|p1|6
|teamsize|p2|6
|start
|switch|p1a: Houndoom|Houndoom, F|100/100
|switch|p2a: Garganacl|Garganacl, F|100/100
|turn|1
|
|t:|1778509073
|move|p1a: Houndoom|Dark Pulse|p2a: Garganacl
|-damage|p2a: Garganacl|59/100
|-damage|p1a: Houndoom|91/100|[from] item: Life Orb
|move|p2a: Garganacl|Salt Cure|p1a: Houndoom
|-supereffective|p1a: Houndoom
|-damage|p1a: Houndoom|36/100
|-start|p1a: Houndoom|Salt Cure
|
|-heal|p2a: Garganacl|65/100|[from] item: Leftovers
|-damage|p1a: Houndoom|24/100|[from] Salt Cure
|upkeep
|turn|2
|
|t:|1778509086
|move|p1a: Houndoom|Destiny Bond|p1a: Houndoom
|-singlemove|p1a: Houndoom|Destiny Bond
|move|p2a: Garganacl|Stealth Rock|p1a: Houndoom
|-sidestart|p1: Bsbava|move: Stealth Rock
|
|-heal|p2a: Garganacl|71/100|[from] item: Leftovers
|-damage|p1a: Houndoom|11/100|[from] Salt Cure
|upkeep
|turn|3
|
|t:|1778509095
|move|p1a: Houndoom|Dark Pulse|p2a: Garganacl
|-damage|p2a: Garganacl|26/100
|-damage|p1a: Houndoom|2/100|[from] item: Life Orb
|move|p2a: Garganacl|Recover|p2a: Garganacl
|-heal|p2a: Garganacl|76/100
|
|-heal|p2a: Garganacl|83/100|[from] item: Leftovers
|-damage|p1a: Houndoom|0 fnt|[from] Salt Cure
|faint|p1a: Houndoom
|upkeep
|
|t:|1778509109
|switch|p1a: Meowscarada|Meowscarada, F, shiny|100/100
|-damage|p1a: Meowscarada|88/100|[from] Stealth Rock
|turn|4
|
|t:|1778509116
|move|p1a: Meowscarada|Flower Trick|p2a: Garganacl
|-start|p1a: Meowscarada|typechange|Grass|[from] ability: Protean
|-supereffective|p2a: Garganacl
|-crit|p2a: Garganacl
|-damage|p2a: Garganacl|22/100
|-damage|p1a: Meowscarada|78/100|[from] item: Life Orb
|move|p2a: Garganacl|Salt Cure|p1a: Meowscarada
|-damage|p1a: Meowscarada|59/100
|-start|p1a: Meowscarada|Salt Cure
|
|-heal|p2a: Garganacl|28/100|[from] item: Leftovers
|-damage|p1a: Meowscarada|46/100|[from] Salt Cure
|upkeep
|turn|5
|
|t:|1778509131
|move|p2a: Garganacl|Protect|p2a: Garganacl
|-singleturn|p2a: Garganacl|Protect
|move|p1a: Meowscarada|Flower Trick|p2a: Garganacl
|-activate|p2a: Garganacl|move: Protect
|
|-heal|p2a: Garganacl|35/100|[from] item: Leftovers
|-damage|p1a: Meowscarada|34/100|[from] Salt Cure
|upkeep
|turn|6
|-message|Bsbava forfeited.
|
|win|jaum77_-_
|raw|Bsbava's rating: 1078 &rarr; <strong>1059</strong><br />(-19 for losing)
|raw|jaum77_-_'s rating: 1129 &rarr; <strong>1150</strong><br />(+21 for winning)
|l|☆Bsbava
|player|p1|
|l|☆jaum77_-_
|player|p2|
