|html|<div class="broadcast-blue"><strong>[Gen 9] OU is currently suspecting Tera Blast! For information on how to participate check out the <a href="https://www.smogon.com/tools/suspects/view/200">suspect thread</a>.</strong></div>
|j|☆magistermilitum420
|j|☆ryry_mick
|t:|1776212347
|gametype|singles
|player|p1|magistermilitum420|blue|1357
|player|p2|ryry_mick|elesa|1305
|gen|9
|tier|[Gen 9] OU
|rated|
|rule|HP Percentage Mod: HP is shown in percentages
|rule|Endless Battle Clause: Forcing endless battles is banned
|rule|Species Clause: Limit one of each Pokémon
|rule|OHKO Clause: OHKO moves are banned
|rule|Evasion Items Clause: Evasion items are banned
|rule|Evasion Moves Clause: Evasion moves are banned
|rule|Evasion Abilities Clause: Evasion abilities are banned
|rule|Sleep Moves Clause: Sleep-inducing moves are banned
|clearpoke
|poke|p1|Meowscarada, M|
|poke|p1|Great Tusk|
|poke|p1|Alomomola, M|
|poke|p1|Slowking-Galar, F|
|poke|p1|Iron Valiant|
|poke|p1|Heatran, M|
|poke|p2|Hawlucha, F|
|poke|p2|Scizor, F|
|poke|p2|Dragonite, F|
|poke|p2|Mimikyu, F|
|poke|p2|Araquanid, M|
|poke|p2|Whimsicott, M|
|teampreview
|
|t:|1776212358
|teamsize|p1|6
|teamsize|p2|6
|start
|switch|p1a: Barca|Great Tusk|100/100
|switch|p2a: Penny|Scizor, F, shiny|100/100
|turn|1
|
|t:|1776212365
|move|p1a: Barca|Stealth Rock|p2a: Penny
|-sidestart|p2: ryry_mick|move: Stealth Rock
|move|p2a: Penny|Swords Dance|p2a: Penny
|-boost|p2a: Penny|atk|2
|
|upkeep
|turn|2
|
|t:|1776212370
|move|p1a: Barca|Knock Off|p2a: Penny
|-damage|p2a: Penny|70/100
|-enditem|p2a: Penny|Life Orb|[from] move: Knock Off|[of] p1a: Barca
|move|p2a: Penny|Swords Dance|p2a: Penny
|-boost|p2a: Penny|atk|2
|
|upkeep
|turn|3
|
|t:|1776212378
|-end|p1a: Barca|Protosynthesis|[silent]
|switch|p1a: Charybdis|Alomomola, M, shiny|100/100
|move|p2a: Penny|Swords Dance|p2a: Penny
|-boost|p2a: Penny|atk|2
|
|upkeep
|turn|4
|
|t:|1776212391
|move|p2a: Penny|Knock Off|p1a: Charybdis
|-damage|p1a: Charybdis|22/100
|-damage|p2a: Penny|54/100|[from] item: Rocky Helmet|[of] p1a: Charybdis
|-enditem|p1a: Charybdis|Rocky Helmet|[from] move: Knock Off|[of] p2a: Penny
|move|p1a: Charybdis|Scald|p2a: Penny
|-damage|p2a: Penny|36/100
|-status|p2a: Penny|brn
|
|-damage|p2a: Penny|30/100 brn|[from] brn
|upkeep
|turn|5
|
|t:|1776212413
|move|p2a: Penny|Bullet Punch|p1a: Charybdis
|-resisted|p1a: Charybdis
|-damage|p1a: Charybdis|5/100
|move|p1a: Charybdis|Flip Turn|p2a: Penny
|-damage|p2a: Penny|12/100 brn
|
|t:|1776212430
|switch|p1a: Vulcanus|Heatran, M, shiny|100/100|[from] Flip Turn
|
|-damage|p2a: Penny|6/100 brn|[from] brn
|upkeep
|turn|6
|
|t:|1776212436
|move|p2a: Penny|Bullet Punch|p1a: Vulcanus
|-resisted|p1a: Vulcanus
|-damage|p1a: Vulcanus|83/100
|move|p1a: Vulcanus|Flash Cannon|p2a: Penny
|-resisted|p2a: Penny
|-crit|p2a: Penny
|-damage|p2a: Penny|0 fnt
|faint|p2a: Penny
|
|upkeep
|
|t:|1776212445
|switch|p2a: Crawli|Araquanid, M|100/100
|-damage|p2a: Crawli|76/100|[from] Stealth Rock
|turn|7
|
|t:|1776212449
|switch|p1a: Barca|Great Tusk|100/100
|move|p2a: Crawli|Liquidation|p1a: Barca
|-supereffective|p1a: Barca
|-damage|p1a: Barca|38/100
|
|-heal|p1a: Barca|44/100|[from] item: Leftovers
|upkeep
|turn|8
|
|t:|1776212462
|-terastallize|p1a: Barca|Steel
|move|p1a: Barca|Knock Off|p2a: Crawli
|-damage|p2a: Crawli|43/100
|-enditem|p2a: Crawli|Assault Vest|[from] move: Knock Off|[of] p1a: Barca
|move|p2a: Crawli|Liquidation|p1a: Barca
|-damage|p1a: Barca|12/100
|
|-heal|p1a: Barca|18/100|[from] item: Leftovers
|upkeep
|turn|9
|
|t:|1776212477
|-end|p1a: Barca|Protosynthesis|[silent]
|switch|p1a: Charybdis|Alomomola, M, shiny|39/100
|move|p2a: Crawli|Liquidation|p1a: Charybdis
|-resisted|p1a: Charybdis
|-damage|p1a: Charybdis|23/100
|
|upkeep
|turn|10
|
|t:|1776212490
|move|p1a: Charybdis|Wish|p1a: Charybdis
|move|p2a: Crawli|Leech Life|p1a: Charybdis
|-damage|p1a: Charybdis|6/100
|-heal|p2a: Crawli|56/100|[from] drain|[of] p1a: Charybdis
|
|upkeep
|turn|11
|
|t:|1776212502
|move|p1a: Charybdis|Protect|p1a: Charybdis
|-singleturn|p1a: Charybdis|Protect
|move|p2a: Crawli|Leech Life|p1a: Charybdis
|-activate|p1a: Charybdis|move: Protect
|
|-heal|p1a: Charybdis|56/100|[from] move: Wish|[wisher] Charybdis
|upkeep
|turn|12
|
|t:|1776212510
|move|p1a: Charybdis|Scald|p2a: Crawli
|-resisted|p2a: Crawli
|-damage|p2a: Crawli|50/100
|move|p2a: Crawli|Leech Life|p1a: Charybdis
|-damage|p1a: Charybdis|40/100
|-heal|p2a: Crawli|64/100|[from] drain|[of] p1a: Charybdis
|
|upkeep
|turn|13
|
|t:|1776212520
|move|p1a: Charybdis|Flip Turn|p2a: Crawli
|-resisted|p2a: Crawli
|-damage|p2a: Crawli|54/100
|
|t:|1776212535
|switch|p1a: Vulcanus|Heatran, M, shiny|83/100|[from] Flip Turn
|move|p2a: Crawli|Leech Life|p1a: Vulcanus
|-resisted|p1a: Vulcanus
|-damage|p1a: Vulcanus|76/100
|-heal|p2a: Crawli|57/100|[from] drain|[of] p1a: Vulcanus
|
|upkeep
|turn|14
|
|t:|1776212543
|move|p1a: Vulcanus|Overheat|p2a: Crawli
|-damage|p2a: Crawli|17/100
|-unboost|p1a: Vulcanus|spa|2
|move|p2a: Crawli|Liquidation|p1a: Vulcanus
|-supereffective|p1a: Vulcanus
|-damage|p1a: Vulcanus|0 fnt
|faint|p1a: Vulcanus
|
|upkeep
|
|t:|1776212553
|switch|p1a: Mahad|Meowscarada, M, shiny|100/100
|turn|15
|
|t:|1776212559
|move|p1a: Mahad|Flower Trick|p2a: Crawli
|-start|p1a: Mahad|typechange|Grass|[from] ability: Protean
|-crit|p2a: Crawli
|-damage|p2a: Crawli|0 fnt
|faint|p2a: Crawli
|
|upkeep
|
|t:|1776212587
|switch|p2a: Cloudy|Whimsicott, M|100/100
|-damage|p2a: Cloudy|88/100|[from] Stealth Rock
|turn|16
|
|t:|1776212594
|switch|p1a: Mithridates|Slowking-Galar, F|100/100
|move|p2a: Cloudy|Encore||[still]
|-fail|p2a: Cloudy
|
|upkeep
|turn|17
|
|t:|1776212600
|move|p2a: Cloudy|Tailwind|p2a: Cloudy
|-sidestart|p2: ryry_mick|move: Tailwind
|move|p1a: Mithridates|Sludge Bomb|p2a: Cloudy
|-supereffective|p2a: Cloudy
|-damage|p2a: Cloudy|0 fnt
|faint|p2a: Cloudy
|
|upkeep
|
|t:|1776212619
|switch|p2a: Melia|Mimikyu, F, shiny|100/100
|-damage|p2a: Melia|88/100|[from] Stealth Rock
|turn|18
|
|t:|1776212632
|switch|p1a: Charybdis|Alomomola, M, shiny|73/100
|move|p2a: Melia|Swords Dance|p2a: Melia
|-boost|p2a: Melia|atk|2
|
|upkeep
|turn|19
|
|t:|1776212645
|move|p2a: Melia|Swords Dance|p2a: Melia
|-boost|p2a: Melia|atk|2
|move|p1a: Charybdis|Scald|p2a: Melia
|-activate|p2a: Melia|ability: Disguise
|-damage|p2a: Melia|88/100
|detailschange|p2a: Melia|Mimikyu-Busted, F, shiny
|-damage|p2a: Melia|76/100|[from] pokemon: Mimikyu-Busted
|
|upkeep
|turn|20
|
|t:|1776212656
|move|p2a: Melia|Shadow Claw|p1a: Charybdis
|-crit|p1a: Charybdis
|-damage|p1a: Charybdis|0 fnt
|faint|p1a: Charybdis
|-damage|p2a: Melia|66/100|[from] item: Life Orb
|
|-sideend|p2: ryry_mick|move: Tailwind
|upkeep
|
|t:|1776212663
|switch|p1a: Mahad|Meowscarada, M, shiny|100/100
|turn|21
|
|t:|1776212668
|move|p1a: Mahad|Knock Off|p2a: Melia
|-start|p1a: Mahad|typechange|Dark|[from] ability: Protean
|-damage|p2a: Melia|0 fnt
|-enditem|p2a: Melia|Life Orb|[from] move: Knock Off|[of] p1a: Mahad
|faint|p2a: Melia
|
|upkeep
|
|t:|1776212684
|switch|p2a: Saphira|Dragonite, F|100/100
|-damage|p2a: Saphira|76/100|[from] Stealth Rock
|turn|22
|
|t:|1776212691
|switch|p1a: Pallas|Iron Valiant, shiny|100/100
|-enditem|p1a: Pallas|Booster Energy
|-activate|p1a: Pallas|ability: Quark Drive|[fromitem]
|-start|p1a: Pallas|quarkdrivespe
|move|p2a: Saphira|Dragon Dance|p2a: Saphira
|-boost|p2a: Saphira|atk|1
|-boost|p2a: Saphira|spe|1
|
|upkeep
|turn|23
|
|t:|1776212710
|move|p1a: Pallas|Moonblast|p2a: Saphira
|-supereffective|p2a: Saphira
|-damage|p2a: Saphira|0 fnt
|faint|p2a: Saphira
|
|upkeep
|
|t:|1776212714
|switch|p2a: Aelita|Hawlucha, F|100/100
|-damage|p2a: Aelita|88/100|[from] Stealth Rock
|turn|24
|
|t:|1776212720
|-terastallize|p2a: Aelita|Steel
|move|p1a: Pallas|Moonblast|p2a: Aelita
|-resisted|p2a: Aelita
|-damage|p2a: Aelita|50/100
|move|p2a: Aelita|Sky Attack||[still]
|-prepare|p2a: Aelita|Sky Attack
|-enditem|p2a: Aelita|Power Herb
|-anim|p2a: Aelita|Sky Attack|p1a: Pallas
|-supereffective|p1a: Pallas
|-crit|p1a: Pallas
|-damage|p1a: Pallas|0 fnt
|faint|p1a: Pallas
|-end|p1a: Pallas|Quark Drive|[silent]
|
|upkeep
|
|t:|1776212750
|switch|p1a: Mithridates|Slowking-Galar, F|100/100
|turn|25
|
|t:|1776212758
|move|p2a: Aelita|Iron Head|p1a: Mithridates
|-damage|p1a: Mithridates|62/100
|move|p1a: Mithridates|Surf|p2a: Aelita
|-damage|p2a: Aelita|5/100
|
|upkeep
|turn|26
|
|t:|1776212763
|move|p2a: Aelita|Iron Head|p1a: Mithridates
|-damage|p1a: Mithridates|26/100
|move|p1a: Mithridates|Surf|p2a: Aelita
|-damage|p2a: Aelita|0 fnt
|faint|p2a: Aelita
|
|win|magistermilitum420
|raw|magistermilitum420's rating: 1357 &rarr; <strong>1374</strong><br />(+17 for winning)
|raw|ryry_mick's rating: 1305 &rarr; <strong>1288</strong><br />(-17 for losing)
|l|☆ryry_mick
|player|p2|
