|html|<div class="broadcast-blue"><strong>[Gen 9] OU is currently suspecting Tera Blast! For information on how to participate check out the <a href="https://www.smogon.com/tools/suspects/view/200">suspect thread</a>.</strong></div>
|j|☆FriedByFluoride
|j|☆icewizardlair☃
|t:|1776274656
|gametype|singles
|player|p1|FriedByFluoride|266|1172
|player|p2|icewizardlair☃|lorelei-lgpe|1155
|gen|9
|tier|[Gen 9] OU
|rated|
|rule|HP Percentage Mod: HP is shown in percentages
|rule|Endless Battle Clause: Forcing endless battles is banned
|rule|Species Clause: Limit one of each Pokémon
|rule|OHKO Clause: OHKO moves are banned
|rule|Evasion Items Clause: Evasion items are banned
|rule|Evasion Moves Clause: Evasion moves are banned
|rule|Evasion Abilities Clause: Evasion abilities are banned
|rule|Sleep Moves Clause: Sleep-inducing moves are banned
|clearpoke
|poke|p1|Zamazenta-*|
|poke|p1|Cinderace, M|
|poke|p1|Gholdengo|
|poke|p1|Great Tusk|
|poke|p1|Dondozo, M|
|poke|p1|Deoxys-Speed|
|poke|p2|Froslass, F|
|poke|p2|Drifblim, M|
|poke|p2|Arcanine-Hisui, M|
|poke|p2|Yanmega, F|
|poke|p2|Cetitan, M|
|poke|p2|Azumarill, F|
|teampreview
|inactive|Battle timer is ON: inactive players will automatically lose when time's up. (requested by icewizardlair☃)
|c|☆FriedByFluoride|baton pass?
|
|t:|1776274680
|teamsize|p1|6
|teamsize|p2|6
|start
|switch|p1a: Deoxys|Deoxys-Speed|100/100
|switch|p2a: Cetitan|Cetitan, M|100/100
|-ability|p1a: Deoxys|Pressure
|turn|1
|
|t:|1776274688
|move|p1a: Deoxys|Taunt|p2a: Cetitan
|-start|p2a: Cetitan|move: Taunt
|move|p2a: Cetitan|Icicle Spear|p1a: Deoxys
|-damage|p1a: Deoxys|81/100
|-damage|p1a: Deoxys|62/100
|-damage|p1a: Deoxys|42/100
|-damage|p1a: Deoxys|20/100
|-hitcount|p1a: Deoxys|4
|
|upkeep
|turn|2
|
|t:|1776274697
|move|p2a: Cetitan|Ice Shard|p1a: Deoxys
|-damage|p1a: Deoxys|0 fnt
|faint|p1a: Deoxys
|
|upkeep
|
|t:|1776274707
|switch|p1a: Cinderace|Cinderace, M|100/100
|turn|3
|
|t:|1776274716
|move|p1a: Cinderace|Will-O-Wisp|p2a: Cetitan
|-status|p2a: Cetitan|brn
|move|p2a: Cetitan|Play Rough|p1a: Cinderace
|-resisted|p1a: Cinderace
|-damage|p1a: Cinderace|90/100
|
|-damage|p2a: Cetitan|94/100 brn|[from] brn
|-end|p2a: Cetitan|move: Taunt
|upkeep
|turn|4
|
|t:|1776274731
|move|p1a: Cinderace|Pyro Ball|p2a: Cetitan|[miss]
|-miss|p1a: Cinderace|p2a: Cetitan
|move|p2a: Cetitan|Play Rough|p1a: Cinderace
|-resisted|p1a: Cinderace
|-damage|p1a: Cinderace|79/100
|
|-damage|p2a: Cetitan|88/100 brn|[from] brn
|upkeep
|turn|5
|
|t:|1776274744
|move|p1a: Cinderace|U-turn|p2a: Cetitan
|-damage|p2a: Cetitan|68/100 brn
|
|t:|1776274746
|switch|p1a: Dondozo|Dondozo, M|100/100|[from] U-turn
|move|p2a: Cetitan|Icicle Spear|p1a: Dondozo
|-resisted|p1a: Dondozo
|-damage|p1a: Dondozo|99/100
|-resisted|p1a: Dondozo
|-damage|p1a: Dondozo|97/100
|-resisted|p1a: Dondozo
|-damage|p1a: Dondozo|95/100
|-resisted|p1a: Dondozo
|-damage|p1a: Dondozo|93/100
|-hitcount|p1a: Dondozo|4
|
|-heal|p1a: Dondozo|99/100|[from] item: Leftovers
|-damage|p2a: Cetitan|62/100 brn|[from] brn
|upkeep
|turn|6
|
|t:|1776274753
|move|p2a: Cetitan|Heavy Slam|p1a: Dondozo
|-resisted|p1a: Dondozo
|-damage|p1a: Dondozo|95/100
|move|p1a: Dondozo|Curse|p1a: Dondozo
|-unboost|p1a: Dondozo|spe|1
|-boost|p1a: Dondozo|atk|1
|-boost|p1a: Dondozo|def|1
|
|-heal|p1a: Dondozo|100/100|[from] item: Leftovers
|-damage|p2a: Cetitan|56/100 brn|[from] brn
|upkeep
|turn|7
|
|t:|1776274759
|move|p2a: Cetitan|Play Rough|p1a: Dondozo
|-damage|p1a: Dondozo|95/100
|-unboost|p1a: Dondozo|atk|1
|move|p1a: Dondozo|Curse|p1a: Dondozo
|-unboost|p1a: Dondozo|spe|1
|-boost|p1a: Dondozo|atk|1
|-boost|p1a: Dondozo|def|1
|
|-heal|p1a: Dondozo|100/100|[from] item: Leftovers
|-damage|p2a: Cetitan|50/100 brn|[from] brn
|upkeep
|turn|8
|
|t:|1776274761
|move|p2a: Cetitan|Play Rough|p1a: Dondozo|[miss]
|-miss|p2a: Cetitan|p1a: Dondozo
|move|p1a: Dondozo|Curse|p1a: Dondozo
|-unboost|p1a: Dondozo|spe|1
|-boost|p1a: Dondozo|atk|1
|-boost|p1a: Dondozo|def|1
|
|-damage|p2a: Cetitan|44/100 brn|[from] brn
|upkeep
|turn|9
|
|t:|1776274764
|move|p2a: Cetitan|Play Rough|p1a: Dondozo
|-damage|p1a: Dondozo|97/100
|move|p1a: Dondozo|Curse|p1a: Dondozo
|-unboost|p1a: Dondozo|spe|1
|-boost|p1a: Dondozo|atk|1
|-boost|p1a: Dondozo|def|1
|
|-heal|p1a: Dondozo|100/100|[from] item: Leftovers
|-damage|p2a: Cetitan|37/100 brn|[from] brn
|upkeep
|turn|10
|
|t:|1776274766
|move|p2a: Cetitan|Play Rough|p1a: Dondozo
|-damage|p1a: Dondozo|98/100
|move|p1a: Dondozo|Curse|p1a: Dondozo
|-unboost|p1a: Dondozo|spe|1
|-boost|p1a: Dondozo|atk|1
|-boost|p1a: Dondozo|def|1
|
|-heal|p1a: Dondozo|100/100|[from] item: Leftovers
|-damage|p2a: Cetitan|31/100 brn|[from] brn
|upkeep
|turn|11
|
|t:|1776274768
|move|p2a: Cetitan|Play Rough|p1a: Dondozo
|-damage|p1a: Dondozo|98/100
|move|p1a: Dondozo|Curse|p1a: Dondozo
|-unboost|p1a: Dondozo|spe|1
|-boost|p1a: Dondozo|atk|1
|-boost|p1a: Dondozo|def|1
|
|-heal|p1a: Dondozo|100/100|[from] item: Leftovers
|-damage|p2a: Cetitan|25/100 brn|[from] brn
|upkeep
|turn|12
|
|t:|1776274773
|move|p2a: Cetitan|Play Rough|p1a: Dondozo
|-damage|p1a: Dondozo|98/100
|move|p1a: Dondozo|Curse|p1a: Dondozo
|-boost|p1a: Dondozo|atk|1
|
|-heal|p1a: Dondozo|100/100|[from] item: Leftovers
|-damage|p2a: Cetitan|19/100 brn|[from] brn
|upkeep
|turn|13
|
|t:|1776274781
|move|p2a: Cetitan|Play Rough|p1a: Dondozo
|-damage|p1a: Dondozo|98/100
|move|p1a: Dondozo|Wave Crash|p2a: Cetitan
|-damage|p2a: Cetitan|0 fnt
|faint|p2a: Cetitan
|-damage|p1a: Dondozo|92/100|[from] Recoil
|
|-heal|p1a: Dondozo|98/100|[from] item: Leftovers
|upkeep
|
|t:|1776274783
|switch|p2a: Froslass|Froslass, F|100/100
|turn|14
|
|t:|1776274786
|move|p2a: Froslass|Destiny Bond|p2a: Froslass
|-singlemove|p2a: Froslass|Destiny Bond
|move|p1a: Dondozo|Wave Crash|p2a: Froslass
|-damage|p2a: Froslass|0 fnt
|faint|p2a: Froslass
|-activate|p2a: Froslass|move: Destiny Bond
|faint|p1a: Dondozo
|
|upkeep
|
|t:|1776274796
|switch|p2a: Arcanine|Arcanine-Hisui, M, shiny|100/100
|switch|p1a: Gholdengo|Gholdengo|100/100
|-item|p2a: Arcanine|Air Balloon
|-item|p1a: Gholdengo|Air Balloon
|turn|15
|
|t:|1776274808
|move|p2a: Arcanine|Head Smash|p1a: Gholdengo
|-resisted|p1a: Gholdengo
|-damage|p1a: Gholdengo|60/100
|-enditem|p1a: Gholdengo|Air Balloon
|move|p1a: Gholdengo|Shadow Ball|p2a: Arcanine
|-damage|p2a: Arcanine|48/100
|-enditem|p2a: Arcanine|Air Balloon
|
|upkeep
|turn|16
|
|t:|1776274812
|move|p2a: Arcanine|Flare Blitz|p1a: Gholdengo
|-supereffective|p1a: Gholdengo
|-damage|p1a: Gholdengo|0 fnt
|faint|p1a: Gholdengo
|
|upkeep
|
|t:|1776274825
|switch|p1a: Great Tusk|Great Tusk|100/100
|-enditem|p1a: Great Tusk|Booster Energy
|-activate|p1a: Great Tusk|ability: Protosynthesis|[fromitem]
|-start|p1a: Great Tusk|protosynthesisspe
|turn|17
|
|t:|1776274832
|move|p2a: Arcanine|Extreme Speed|p1a: Great Tusk
|-damage|p1a: Great Tusk|84/100
|move|p1a: Great Tusk|Bulk Up|p1a: Great Tusk
|-boost|p1a: Great Tusk|atk|1
|-boost|p1a: Great Tusk|def|1
|
|upkeep
|turn|18
|
|t:|1776274846
|move|p2a: Arcanine|Extreme Speed|p1a: Great Tusk
|-damage|p1a: Great Tusk|72/100
|move|p1a: Great Tusk|Bulk Up|p1a: Great Tusk
|-boost|p1a: Great Tusk|atk|1
|-boost|p1a: Great Tusk|def|1
|
|upkeep
|turn|19
|
|t:|1776274856
|move|p2a: Arcanine|Extreme Speed|p1a: Great Tusk
|-crit|p1a: Great Tusk
|-damage|p1a: Great Tusk|48/100
|move|p1a: Great Tusk|Headlong Rush|p2a: Arcanine
|-supereffective|p2a: Arcanine
|-damage|p2a: Arcanine|0 fnt
|-unboost|p1a: Great Tusk|def|1
|-unboost|p1a: Great Tusk|spd|1
|faint|p2a: Arcanine
|
|upkeep
|
|t:|1776274858
|switch|p2a: Drifblim|Drifblim, M|100/100
|turn|20
|
|t:|1776274861
|move|p1a: Great Tusk|Head Smash|p2a: Drifblim
|-supereffective|p2a: Drifblim
|-damage|p2a: Drifblim|0 fnt
|-damage|p1a: Great Tusk|23/100|[from] ability: Aftermath|[of] p2a: Drifblim
|faint|p2a: Drifblim
|-damage|p1a: Great Tusk|0 fnt|[from] Recoil
|faint|p1a: Great Tusk
|-end|p1a: Great Tusk|Protosynthesis|[silent]
|
|upkeep
|
|t:|1776274871
|switch|p1a: Cinderace|Cinderace, M|79/100
|switch|p2a: Azumarill|Azumarill, F|100/100
|turn|21
|
|t:|1776274878
|move|p2a: Azumarill|Aqua Jet|p1a: Cinderace
|-supereffective|p1a: Cinderace
|-damage|p1a: Cinderace|3/100
|move|p1a: Cinderace|Will-O-Wisp|p2a: Azumarill
|-status|p2a: Azumarill|brn
|
|-damage|p2a: Azumarill|94/100 brn|[from] brn
|upkeep
|turn|22
|
|t:|1776274882
|move|p2a: Azumarill|Aqua Jet|p1a: Cinderace
|-supereffective|p1a: Cinderace
|-damage|p1a: Cinderace|0 fnt
|faint|p1a: Cinderace
|
|-damage|p2a: Azumarill|88/100 brn|[from] brn
|upkeep
|
|t:|1776274884
|switch|p1a: Zamazenta|Zamazenta|100/100
|-ability|p1a: Zamazenta|Dauntless Shield|boost
|-boost|p1a: Zamazenta|def|1
|turn|23
|inactive|FriedByFluoride has 120 seconds left.
|
|t:|1776274916
|move|p1a: Zamazenta|Tera Blast|p2a: Azumarill
|-damage|p2a: Azumarill|66/100 brn
|move|p2a: Azumarill|Play Rough|p1a: Zamazenta
|-supereffective|p1a: Zamazenta
|-damage|p1a: Zamazenta|64/100
|
|-damage|p2a: Azumarill|60/100 brn|[from] brn
|upkeep
|turn|24
|
|t:|1776274922
|move|p1a: Zamazenta|Tera Blast|p2a: Azumarill
|-damage|p2a: Azumarill|36/100 brn
|move|p2a: Azumarill|Play Rough|p1a: Zamazenta
|-supereffective|p1a: Zamazenta
|-damage|p1a: Zamazenta|30/100
|
|-damage|p2a: Azumarill|30/100 brn|[from] brn
|upkeep
|turn|25
|
|t:|1776274928
|-terastallize|p1a: Zamazenta|Water
|move|p1a: Zamazenta|Tera Blast|p2a: Azumarill|[anim] Tera Blast Water
|-resisted|p2a: Azumarill
|-damage|p2a: Azumarill|14/100 brn
|move|p2a: Azumarill|Play Rough|p1a: Zamazenta
|-damage|p1a: Zamazenta|12/100
|
|-damage|p2a: Azumarill|8/100 brn|[from] brn
|upkeep
|turn|26
|
|t:|1776274936
|move|p2a: Azumarill|Aqua Jet|p1a: Zamazenta
|-resisted|p1a: Zamazenta
|-damage|p1a: Zamazenta|9/100
|move|p1a: Zamazenta|Tera Blast|p2a: Azumarill|[anim] Tera Blast Water
|-resisted|p2a: Azumarill
|-damage|p2a: Azumarill|0 fnt
|faint|p2a: Azumarill
|
|upkeep
|
|t:|1776274938
|switch|p2a: Yanmega|Yanmega, F|100/100
|turn|27
|
|t:|1776274942
|move|p2a: Yanmega|Detect|p2a: Yanmega
|-singleturn|p2a: Yanmega|Protect
|move|p1a: Zamazenta|Tera Blast|p2a: Yanmega|[anim] Tera Blast Water
|-activate|p2a: Yanmega|move: Protect
|
|-ability|p2a: Yanmega|Speed Boost|boost
|-boost|p2a: Yanmega|spe|1
|upkeep
|turn|28
|
|t:|1776274952
|-terastallize|p2a: Yanmega|Ghost
|move|p2a: Yanmega|Shadow Ball|p1a: Zamazenta
|-damage|p1a: Zamazenta|0 fnt
|faint|p1a: Zamazenta
|
|win|icewizardlair☃
|raw|FriedByFluoride's rating: 1172 &rarr; <strong>1146</strong><br />(-26 for losing)
|raw|icewizardlair☃'s rating: 1155 &rarr; <strong>1181</strong><br />(+26 for winning)
|l|☆FriedByFluoride
|player|p1|
