|html|<div class="broadcast-blue"><strong>[Gen 9] OU is currently suspecting Tera Blast! For information on how to participate check out the <a href="https://www.smogon.com/tools/suspects/view/200">suspect thread</a>.</strong></div>
|j|☆Hike Mawk
|j|☆yourmomomo
|t:|1776267328
|gametype|singles
|player|p1|Hike Mawk|riley|1105
|player|p2|yourmomomo|102|1097
|gen|9
|tier|[Gen 9] OU
|rated|
|rule|HP Percentage Mod: HP is shown in percentages
|rule|Endless Battle Clause: Forcing endless battles is banned
|rule|Species Clause: Limit one of each Pokémon
|rule|OHKO Clause: OHKO moves are banned
|rule|Evasion Items Clause: Evasion items are banned
|rule|Evasion Moves Clause: Evasion moves are banned
|rule|Evasion Abilities Clause: Evasion abilities are banned
|rule|Sleep Moves Clause: Sleep-inducing moves are banned
|clearpoke
|poke|p1|Gliscor, M|
|poke|p1|Clefable, F|
|poke|p1|Corviknight, M|
|poke|p1|Blissey, F|
|poke|p1|Forretress, F|
|poke|p1|Garganacl, F|
|poke|p2|Blissey, F|
|poke|p2|Metagross|
|poke|p2|Great Tusk|
|poke|p2|Gholdengo|
|poke|p2|Dragonite, F|
|poke|p2|Alomomola, F|
|teampreview
|
|t:|1776267332
|teamsize|p1|6
|teamsize|p2|6
|start
|switch|p1a: Rocki|Garganacl, F, shiny|100/100
|switch|p2a: Great Tusk|Great Tusk|100/100
|turn|1
|
|t:|1776267340
|move|p2a: Great Tusk|Headlong Rush|p1a: Rocki
|-supereffective|p1a: Rocki
|-damage|p1a: Rocki|13/100
|-unboost|p2a: Great Tusk|def|1
|-unboost|p2a: Great Tusk|spd|1
|-enditem|p1a: Rocki|Sitrus Berry|[eat]
|-heal|p1a: Rocki|38/100|[from] item: Sitrus Berry
|move|p1a: Rocki|Salt Cure|p2a: Great Tusk
|-resisted|p2a: Great Tusk
|-damage|p2a: Great Tusk|95/100
|-start|p2a: Great Tusk|Salt Cure
|
|-damage|p2a: Great Tusk|83/100|[from] Salt Cure
|upkeep
|turn|2
|
|t:|1776267351
|switch|p1a: Rookidon|Corviknight, M|100/100
|move|p2a: Great Tusk|Headlong Rush|p1a: Rookidon
|-immune|p1a: Rookidon
|
|-damage|p2a: Great Tusk|70/100|[from] Salt Cure
|upkeep
|turn|3
|
|t:|1776267367
|move|p2a: Great Tusk|Knock Off|p1a: Rookidon
|-damage|p1a: Rookidon|73/100
|-enditem|p1a: Rookidon|Weakness Policy|[from] move: Knock Off|[of] p2a: Great Tusk
|move|p1a: Rookidon|Agility|p1a: Rookidon
|-boost|p1a: Rookidon|spe|2
|
|-damage|p2a: Great Tusk|58/100|[from] Salt Cure
|upkeep
|turn|4
|
|t:|1776267376
|-end|p2a: Great Tusk|Protosynthesis|[silent]
|switch|p2a: Metagross|Metagross|100/100
|move|p1a: Rookidon|Bulk Up|p1a: Rookidon
|-boost|p1a: Rookidon|atk|1
|-boost|p1a: Rookidon|def|1
|
|upkeep
|turn|5
|
|t:|1776267386
|switch|p2a: Gholdengo|Gholdengo|100/100
|move|p1a: Rookidon|Roost|p1a: Rookidon
|-heal|p1a: Rookidon|100/100
|-singleturn|p1a: Rookidon|move: Roost
|
|upkeep
|turn|6
|
|t:|1776267399
|move|p1a: Rookidon|Agility|p1a: Rookidon
|-boost|p1a: Rookidon|spe|2
|move|p2a: Gholdengo|Shadow Ball|p1a: Rookidon
|-damage|p1a: Rookidon|59/100
|
|upkeep
|turn|7
|
|t:|1776267414
|move|p1a: Rookidon|Roost|p1a: Rookidon
|-heal|p1a: Rookidon|100/100
|-singleturn|p1a: Rookidon|move: Roost
|move|p2a: Gholdengo|Nasty Plot|p2a: Gholdengo
|-boost|p2a: Gholdengo|spa|2
|
|upkeep
|turn|8
|
|t:|1776267421
|-terastallize|p1a: Rookidon|Dark
|move|p1a: Rookidon|Power Trip|p2a: Gholdengo
|-supereffective|p2a: Gholdengo
|-damage|p2a: Gholdengo|0 fnt
|faint|p2a: Gholdengo
|
|upkeep
|
|t:|1776267430
|switch|p2a: Dragonite|Dragonite, F|100/100
|turn|9
|
|t:|1776267439
|move|p2a: Dragonite|Extreme Speed|p1a: Rookidon
|-damage|p1a: Rookidon|82/100
|move|p1a: Rookidon|Power Trip|p2a: Dragonite
|-damage|p2a: Dragonite|47/100
|
|upkeep
|turn|10
|
|t:|1776267446
|move|p1a: Rookidon|Bulk Up|p1a: Rookidon
|-boost|p1a: Rookidon|atk|1
|-boost|p1a: Rookidon|def|1
|move|p2a: Dragonite|Fire Punch|p1a: Rookidon
|-damage|p1a: Rookidon|70/100
|
|upkeep
|turn|11
|
|t:|1776267454
|move|p1a: Rookidon|Power Trip|p2a: Dragonite
|-damage|p2a: Dragonite|0 fnt
|faint|p2a: Dragonite
|
|upkeep
|
|t:|1776267463
|switch|p2a: Great Tusk|Great Tusk|58/100
|turn|12
|
|t:|1776267469
|move|p1a: Rookidon|Power Trip|p2a: Great Tusk
|-resisted|p2a: Great Tusk
|-damage|p2a: Great Tusk|0 fnt
|faint|p2a: Great Tusk
|-end|p2a: Great Tusk|Protosynthesis|[silent]
|
|upkeep
|
|t:|1776267475
|switch|p2a: Metagross|Metagross|100/100
|turn|13
|
|t:|1776267486
|move|p2a: Metagross|Bullet Punch|p1a: Rookidon
|-damage|p1a: Rookidon|56/100
|move|p1a: Rookidon|Power Trip|p2a: Metagross
|-supereffective|p2a: Metagross
|-damage|p2a: Metagross|0 fnt
|faint|p2a: Metagross
|
|upkeep
|
|t:|1776267493
|switch|p2a: Blissey|Blissey, F|100/100
|turn|14
|
|t:|1776267497
|move|p1a: Rookidon|Power Trip|p2a: Blissey
|-damage|p2a: Blissey|0 fnt
|faint|p2a: Blissey
|
|upkeep
|
|t:|1776267502
|switch|p2a: Alomomola|Alomomola, F|100/100
|turn|15
|
|t:|1776267507
|move|p1a: Rookidon|Power Trip|p2a: Alomomola
|-damage|p2a: Alomomola|10/100
|move|p2a: Alomomola|Scald|p1a: Rookidon
|-damage|p1a: Rookidon|45/100
|-status|p1a: Rookidon|brn
|
|-damage|p1a: Rookidon|39/100 brn|[from] brn
|upkeep
|turn|16
|
|t:|1776267516
|move|p2a: Alomomola|Protect|p2a: Alomomola
|-singleturn|p2a: Alomomola|Protect
|move|p1a: Rookidon|Power Trip|p2a: Alomomola
|-activate|p2a: Alomomola|move: Protect
|
|-damage|p1a: Rookidon|33/100 brn|[from] brn
|upkeep
|turn|17
|
|t:|1776267524
|move|p1a: Rookidon|Power Trip|p2a: Alomomola
|-damage|p2a: Alomomola|0 fnt
|faint|p2a: Alomomola
|
|win|Hike Mawk
|raw|Hike Mawk's rating: 1105 &rarr; <strong>1129</strong><br />(+24 for winning)
|raw|yourmomomo's rating: 1097 &rarr; <strong>1073</strong><br />(-24 for losing)
|l|☆yourmomomo
|player|p2|
|l|☆Hike Mawk
|player|p1|
|j|☆Hike Mawk
|player|p1|Hike Mawk|riley|
