|html|<div class="broadcast-blue"><strong>[Gen 9] OU is currently suspecting Tera Blast! For information on how to participate check out the <a href="https://www.smogon.com/tools/suspects/view/200">suspect thread</a>.</strong></div>
|j|☆MoncefTheW
|j|☆rnd. Battler
|t:|1776091266
|gametype|singles
|player|p1|MoncefTheW|psychic-gen4|1240
|player|p2|rnd. Battler|lance|1237
|gen|9
|tier|[Gen 9] OU
|rated|
|rule|HP Percentage Mod: HP is shown in percentages
|rule|Endless Battle Clause: Forcing endless battles is banned
|rule|Species Clause: Limit one of each Pokémon
|rule|OHKO Clause: OHKO moves are banned
|rule|Evasion Items Clause: Evasion items are banned
|rule|Evasion Moves Clause: Evasion moves are banned
|rule|Evasion Abilities Clause: Evasion abilities are banned
|rule|Sleep Moves Clause: Sleep-inducing moves are banned
|clearpoke
|poke|p1|Ninetales, F|
|poke|p1|Dragapult, M|
|poke|p1|Scizor, M|
|poke|p1|Mimikyu, F|
|poke|p1|Keldeo-Resolute|
|poke|p1|Meowscarada, F|
|poke|p2|Hoopa-Unbound|
|poke|p2|Slowking-Galar, F|
|poke|p2|Alomomola, F|
|poke|p2|Zamazenta-*|
|poke|p2|Great Tusk|
|poke|p2|Kingambit, F|
|teampreview
|inactive|Battle timer is ON: inactive players will automatically lose when time's up. (requested by MoncefTheW)
|
|t:|1776091273
|teamsize|p1|6
|teamsize|p2|6
|start
|switch|p1a: Battle Beast|Meowscarada, F, shiny|100/100
|switch|p2a: Slowking|Slowking-Galar, F|100/100
|turn|1
|
|t:|1776091291
|move|p1a: Battle Beast|U-turn|p2a: Slowking
|-start|p1a: Battle Beast|typechange|Bug|[from] ability: Protean
|-damage|p2a: Slowking|51/100
|
|t:|1776091296
|switch|p1a: Robot|Scizor, M|100/100|[from] U-turn
|move|p2a: Slowking|Sludge Bomb|p1a: Robot
|-immune|p1a: Robot
|
|upkeep
|turn|2
|
|t:|1776091304
|switch|p2a: Alomomola|Alomomola, F|100/100
|move|p1a: Robot|Swords Dance|p1a: Robot
|-boost|p1a: Robot|atk|2
|
|upkeep
|turn|3
|
|t:|1776091310
|move|p1a: Robot|Knock Off|p2a: Alomomola
|-damage|p2a: Alomomola|52/100
|-enditem|p2a: Alomomola|Heavy-Duty Boots|[from] move: Knock Off|[of] p1a: Robot
|move|p2a: Alomomola|Wish|p2a: Alomomola
|
|upkeep
|turn|4
|
|t:|1776091316
|move|p2a: Alomomola|Protect|p2a: Alomomola
|-singleturn|p2a: Alomomola|Protect
|move|p1a: Robot|Swords Dance|p1a: Robot
|-boost|p1a: Robot|atk|2
|
|-heal|p2a: Alomomola|100/100|[from] move: Wish|[wisher] Alomomola
|upkeep
|turn|5
|
|t:|1776091323
|move|p1a: Robot|Dual Wingbeat|p2a: Alomomola
|-damage|p2a: Alomomola|60/100
|-damage|p2a: Alomomola|20/100
|-hitcount|p2a: Alomomola|2
|move|p2a: Alomomola|Flip Turn|p1a: Robot
|-damage|p1a: Robot|83/100
|
|t:|1776091326
|switch|p2a: Slowking|Slowking-Galar, F|84/100|[from] Flip Turn
|
|-heal|p1a: Robot|89/100|[from] item: Leftovers
|upkeep
|turn|6
|
|t:|1776091333
|move|p1a: Robot|Knock Off|p2a: Slowking
|-supereffective|p2a: Slowking
|-damage|p2a: Slowking|0 fnt
|-enditem|p2a: Slowking|Heavy-Duty Boots|[from] move: Knock Off|[of] p1a: Robot
|faint|p2a: Slowking
|
|-heal|p1a: Robot|95/100|[from] item: Leftovers
|upkeep
|
|t:|1776091336
|switch|p2a: Alomomola|Alomomola, F|53/100
|turn|7
|
|t:|1776091342
|move|p2a: Alomomola|Protect|p2a: Alomomola
|-singleturn|p2a: Alomomola|Protect
|move|p1a: Robot|Dual Wingbeat|p2a: Alomomola
|-activate|p2a: Alomomola|move: Protect
|
|-heal|p1a: Robot|100/100|[from] item: Leftovers
|upkeep
|turn|8
|
|t:|1776091350
|switch|p2a: Kingambit|Kingambit, F|100/100
|-activate|p2a: Kingambit|ability: Supreme Overlord
|-start|p2a: Kingambit|fallen1|[silent]
|move|p1a: Robot|Dual Wingbeat|p2a: Kingambit
|-resisted|p2a: Kingambit
|-damage|p2a: Kingambit|77/100
|-resisted|p2a: Kingambit
|-damage|p2a: Kingambit|50/100
|-hitcount|p2a: Kingambit|2
|
|-heal|p2a: Kingambit|56/100|[from] item: Leftovers
|upkeep
|turn|9
|
|t:|1776091361
|move|p2a: Kingambit|Sucker Punch|p1a: Robot
|-damage|p1a: Robot|51/100
|move|p1a: Robot|Dual Wingbeat|p2a: Kingambit
|-resisted|p2a: Kingambit
|-damage|p2a: Kingambit|31/100
|-resisted|p2a: Kingambit
|-crit|p2a: Kingambit
|-damage|p2a: Kingambit|0 fnt
|faint|p2a: Kingambit
|-end|p2a: Kingambit|fallen1|[silent]
|-hitcount|p2: Kingambit|2
|
|-heal|p1a: Robot|57/100|[from] item: Leftovers
|upkeep
|
|t:|1776091366
|switch|p2a: Zamazenta|Zamazenta|100/100
|-ability|p2a: Zamazenta|Dauntless Shield|boost
|-boost|p2a: Zamazenta|def|1
|turn|10
|
|t:|1776091374
|-terastallize|p2a: Zamazenta|Steel
|-terastallize|p1a: Robot|Flying
|move|p1a: Robot|Dual Wingbeat|p2a: Zamazenta
|-resisted|p2a: Zamazenta
|-damage|p2a: Zamazenta|78/100
|-resisted|p2a: Zamazenta
|-damage|p2a: Zamazenta|55/100
|-hitcount|p2a: Zamazenta|2
|move|p2a: Zamazenta|Roar|p1a: Robot
|drag|p1a: Master Liu|Dragapult, M, shiny|100/100
|
|-heal|p2a: Zamazenta|61/100|[from] item: Leftovers
|upkeep
|turn|11
|
|t:|1776091386
|move|p2a: Zamazenta|Crunch|p1a: Master Liu
|-supereffective|p1a: Master Liu
|-damage|p1a: Master Liu|46/100
|move|p1a: Master Liu|Dragon Darts|p2a: Zamazenta
|-resisted|p2a: Zamazenta
|-damage|p2a: Zamazenta|53/100
|-anim|p1a: Master Liu|Dragon Darts|p2a: Zamazenta
|-resisted|p2a: Zamazenta
|-damage|p2a: Zamazenta|44/100
|-damage|p1a: Master Liu|36/100|[from] item: Life Orb
|
|-heal|p2a: Zamazenta|50/100|[from] item: Leftovers
|upkeep
|turn|12
|
|t:|1776091390
|move|p2a: Zamazenta|Crunch|p1a: Master Liu
|-supereffective|p1a: Master Liu
|-damage|p1a: Master Liu|0 fnt
|faint|p1a: Master Liu
|
|-heal|p2a: Zamazenta|56/100|[from] item: Leftovers
|upkeep
|
|t:|1776091393
|switch|p1a: Atom Eve|Ninetales, F, shiny|100/100
|-weather|SunnyDay|[from] ability: Drought|[of] p1a: Atom Eve
|turn|13
|
|t:|1776091401
|move|p1a: Atom Eve|Weather Ball|p2a: Zamazenta
|-supereffective|p2a: Zamazenta
|-damage|p2a: Zamazenta|0 fnt
|faint|p2a: Zamazenta
|
|-weather|SunnyDay|[upkeep]
|upkeep
|
|t:|1776091404
|switch|p2a: Alomomola|Alomomola, F|86/100
|turn|14
|
|t:|1776091410
|switch|p1a: Battle Beast|Meowscarada, F, shiny|100/100
|move|p2a: Alomomola|Tickle|p1a: Battle Beast
|-unboost|p1a: Battle Beast|atk|1
|-unboost|p1a: Battle Beast|def|1
|
|-weather|SunnyDay|[upkeep]
|upkeep
|turn|15
|
|t:|1776091418
|switch|p2a: Hoopa|Hoopa-Unbound|100/100
|move|p1a: Battle Beast|Thunder Punch|p2a: Hoopa
|-start|p1a: Battle Beast|typechange|Electric|[from] ability: Protean
|-damage|p2a: Hoopa|37/100
|
|-weather|SunnyDay|[upkeep]
|upkeep
|turn|16
|
|t:|1776091427
|switch|p1a: Invincible|Keldeo-Resolute|100/100
|move|p2a: Hoopa|Hyperspace Fury|p1a: Invincible
|-resisted|p1a: Invincible
|-damage|p1a: Invincible|41/100
|-unboost|p2a: Hoopa|def|1
|-ability|p1a: Invincible|Justified|boost
|-boost|p1a: Invincible|atk|1
|
|-weather|SunnyDay|[upkeep]
|upkeep
|turn|17
|
|t:|1776091437
|move|p1a: Invincible|Surf|p2a: Hoopa
|-damage|p2a: Hoopa|4/100
|move|p2a: Hoopa|Hyperspace Fury|p1a: Invincible
|-resisted|p1a: Invincible
|-damage|p1a: Invincible|0 fnt
|-unboost|p2a: Hoopa|def|1
|faint|p1a: Invincible
|
|-weather|none
|upkeep
|
|t:|1776091441
|switch|p1a: Robot|Scizor, M, tera:Flying|57/100
|turn|18
|
|t:|1776091444
|move|p1a: Robot|Bullet Punch|p2a: Hoopa
|-damage|p2a: Hoopa|0 fnt
|faint|p2a: Hoopa
|
|-heal|p1a: Robot|63/100|[from] item: Leftovers
|upkeep
|
|t:|1776091446
|switch|p2a: Great Tusk|Great Tusk|100/100
|-enditem|p2a: Great Tusk|Booster Energy
|-activate|p2a: Great Tusk|ability: Protosynthesis|[fromitem]
|-start|p2a: Great Tusk|protosynthesisatk
|turn|19
|
|t:|1776091453
|move|p2a: Great Tusk|Ice Spinner|p1a: Robot
|-supereffective|p1a: Robot
|-damage|p1a: Robot|0 fnt
|faint|p1a: Robot
|
|upkeep
|
|t:|1776091459
|switch|p1a: Monster Girl|Mimikyu, F, shiny|100/100
|turn|20
|
|t:|1776091466
|move|p1a: Monster Girl|Swords Dance|p1a: Monster Girl
|-boost|p1a: Monster Girl|atk|2
|move|p2a: Great Tusk|Ice Spinner|p1a: Monster Girl
|-activate|p1a: Monster Girl|ability: Disguise
|-damage|p1a: Monster Girl|100/100
|detailschange|p1a: Monster Girl|Mimikyu-Busted, F, shiny
|-damage|p1a: Monster Girl|88/100|[from] pokemon: Mimikyu-Busted
|-enditem|p1a: Monster Girl|Red Card|[of] p2a: Great Tusk
|-end|p2a: Great Tusk|Protosynthesis|[silent]
|drag|p2a: Alomomola|Alomomola, F|100/100
|
|upkeep
|turn|21
|
|t:|1776091479
|move|p1a: Monster Girl|Play Rough|p2a: Alomomola
|-damage|p2a: Alomomola|60/100
|move|p2a: Alomomola|Flip Turn|p1a: Monster Girl
|-damage|p1a: Monster Girl|64/100
|
|t:|1776091481
|switch|p2a: Great Tusk|Great Tusk|100/100|[from] Flip Turn
|
|upkeep
|turn|22
|
|t:|1776091487
|move|p1a: Monster Girl|Play Rough|p2a: Great Tusk
|-supereffective|p2a: Great Tusk
|-damage|p2a: Great Tusk|0 fnt
|faint|p2a: Great Tusk
|-end|p2a: Great Tusk|Protosynthesis|[silent]
|
|upkeep
|
|t:|1776091490
|switch|p2a: Alomomola|Alomomola, F|93/100
|turn|23
|
|t:|1776091493
|move|p1a: Monster Girl|Swords Dance|p1a: Monster Girl
|-boost|p1a: Monster Girl|atk|2
|move|p2a: Alomomola|Flip Turn|p1a: Monster Girl
|-damage|p1a: Monster Girl|35/100
|
|upkeep
|turn|24
|
|t:|1776091498
|move|p2a: Alomomola|Protect|p2a: Alomomola
|-singleturn|p2a: Alomomola|Protect
|move|p1a: Monster Girl|Swords Dance|p1a: Monster Girl
|-boost|p1a: Monster Girl|atk|2
|
|upkeep
|turn|25
|
|t:|1776091502
|move|p1a: Monster Girl|Play Rough|p2a: Alomomola
|-damage|p2a: Alomomola|2/100
|-unboost|p2a: Alomomola|atk|1
|move|p2a: Alomomola|Wish|p2a: Alomomola
|
|upkeep
|turn|26
|
|t:|1776091511
|move|p2a: Alomomola|Protect|p2a: Alomomola
|-singleturn|p2a: Alomomola|Protect
|move|p1a: Monster Girl|Play Rough|p2a: Alomomola
|-activate|p2a: Alomomola|move: Protect
|
|-heal|p2a: Alomomola|52/100|[from] move: Wish|[wisher] Alomomola
|upkeep
|turn|27
|-message|rnd. Battler forfeited.
|
|win|MoncefTheW
|raw|MoncefTheW's rating: 1240 &rarr; <strong>1265</strong><br />(+25 for winning)
|raw|rnd. Battler's rating: 1237 &rarr; <strong>1212</strong><br />(-25 for losing)
|l|☆rnd. Battler
|player|p2|
