|html|<div class="broadcast-blue"><strong>[Gen 9] OU is currently suspecting Tera Blast! For information on how to participate check out the <a href="https://www.smogon.com/tools/suspects/view/200">suspect thread</a>.</strong></div>
|j|☆teamrocketty
|j|☆thegrindto2000dez
|t:|1776061885
|gametype|singles
|player|p1|teamrocketty|170|1143
|player|p2|thegrindto2000dez|169|1200
|gen|9
|tier|[Gen 9] OU
|rated|
|rule|HP Percentage Mod: HP is shown in percentages
|rule|Endless Battle Clause: Forcing endless battles is banned
|rule|Species Clause: Limit one of each Pokémon
|rule|OHKO Clause: OHKO moves are banned
|rule|Evasion Items Clause: Evasion items are banned
|rule|Evasion Moves Clause: Evasion moves are banned
|rule|Evasion Abilities Clause: Evasion abilities are banned
|rule|Sleep Moves Clause: Sleep-inducing moves are banned
|clearpoke
|poke|p1|Feraligatr, M|
|poke|p1|Skeledirge, M|
|poke|p1|Krookodile, M|
|poke|p1|Garchomp, M|
|poke|p1|Tyranitar, M|
|poke|p1|Great Tusk|
|poke|p2|Pecharunt|
|poke|p2|Dragapult, M|
|poke|p2|Weavile, M|
|poke|p2|Great Tusk|
|poke|p2|Ogerpon-Wellspring, F|
|poke|p2|Latias, F|
|teampreview
|inactive|Battle timer is ON: inactive players will automatically lose when time's up. (requested by thegrindto2000dez)
|c|☆thegrindto2000dez|The rare feraligatr
|inactive|teamrocketty has 120 seconds left.
|
|t:|1776061915
|teamsize|p1|6
|teamsize|p2|6
|start
|switch|p1a: Tyranitar|Tyranitar, M, shiny|100/100
|switch|p2a: Great Tusk|Great Tusk|100/100
|-weather|Sandstorm|[from] ability: Sand Stream|[of] p1a: Tyranitar
|turn|1
|
|t:|1776061930
|-terastallize|p1a: Tyranitar|Flying
|move|p1a: Tyranitar|Ice Punch|p2a: Great Tusk
|-supereffective|p2a: Great Tusk
|-damage|p2a: Great Tusk|44/100
|move|p2a: Great Tusk|Headlong Rush|p1a: Tyranitar
|-immune|p1a: Tyranitar
|
|-weather|Sandstorm|[upkeep]
|-damage|p1a: Tyranitar|94/100|[from] Sandstorm
|upkeep
|turn|2
|
|t:|1776061948
|-end|p2a: Great Tusk|Protosynthesis|[silent]
|switch|p2a: Weavile|Weavile, M|100/100
|-ability|p2a: Weavile|Pressure
|move|p1a: Tyranitar|Ice Punch|p2a: Weavile
|-resisted|p2a: Weavile
|-damage|p2a: Weavile|62/100
|
|-weather|Sandstorm|[upkeep]
|-damage|p2a: Weavile|56/100|[from] Sandstorm
|-damage|p1a: Tyranitar|88/100|[from] Sandstorm
|upkeep
|turn|3
|inactive|teamrocketty has 120 seconds left.
|
|t:|1776061988
|switch|p1a: Krookodile|Krookodile, M|100/100
|move|p2a: Weavile|Triple Axel|p1a: Krookodile
|-supereffective|p1a: Krookodile
|-damage|p1a: Krookodile|62/100
|-supereffective|p1a: Krookodile
|-damage|p1a: Krookodile|0 fnt
|faint|p1a: Krookodile
|-hitcount|p1: Krookodile|2
|
|-weather|Sandstorm|[upkeep]
|-damage|p2a: Weavile|50/100|[from] Sandstorm
|upkeep
|
|t:|1776062004
|switch|p1a: Skeledirge|Skeledirge, M|100/100
|turn|4
|
|t:|1776062015
|switch|p2a: Great Tusk|Great Tusk|44/100
|move|p1a: Skeledirge|Torch Song|p2a: Great Tusk
|-damage|p2a: Great Tusk|17/100
|-boost|p1a: Skeledirge|spa|1
|
|-weather|Sandstorm|[upkeep]
|-damage|p1a: Skeledirge|94/100|[from] Sandstorm
|upkeep
|turn|5
|inactive|teamrocketty has 120 seconds left.
|
|t:|1776062036
|move|p2a: Great Tusk|Headlong Rush|p1a: Skeledirge
|-supereffective|p1a: Skeledirge
|-damage|p1a: Skeledirge|11/100
|-unboost|p2a: Great Tusk|def|1
|-unboost|p2a: Great Tusk|spd|1
|move|p1a: Skeledirge|Torch Song|p2a: Great Tusk
|-damage|p2a: Great Tusk|0 fnt
|-boost|p1a: Skeledirge|spa|1
|faint|p2a: Great Tusk
|-end|p2a: Great Tusk|Protosynthesis|[silent]
|
|-weather|none
|upkeep
|
|t:|1776062047
|switch|p2a: Ogerpon|Ogerpon-Wellspring, F|100/100
|turn|6
|inactive|teamrocketty has 90 seconds left.
|
|t:|1776062079
|move|p2a: Ogerpon|Ivy Cudgel|p1a: Skeledirge|[anim] Ivy Cudgel Water
|-supereffective|p1a: Skeledirge
|-damage|p1a: Skeledirge|0 fnt
|faint|p1a: Skeledirge
|
|upkeep
|j| fulls
|inactive|teamrocketty has 90 seconds left.
|j| Punchshroom
|l| fulls
|inactive|teamrocketty has 60 seconds left.
|
|t:|1776062116
|switch|p1a: Tyranitar|Tyranitar, M, shiny, tera:Flying|88/100
|-weather|Sandstorm|[from] ability: Sand Stream|[of] p1a: Tyranitar
|turn|7
|inactive|teamrocketty has 60 seconds left.
|l| Punchshroom
|
|t:|1776062128
|-terastallize|p2a: Ogerpon|Water
|detailschange|p2a: Ogerpon|Ogerpon-Wellspring-Tera, F, tera:Water
|-ability|p2a: Ogerpon|Embody Aspect (Wellspring)|boost
|-boost|p2a: Ogerpon|spd|1
|move|p2a: Ogerpon|Ivy Cudgel|p1a: Tyranitar|[anim] Ivy Cudgel Water
|-damage|p1a: Tyranitar|13/100
|move|p1a: Tyranitar|Stone Edge|p2a: Ogerpon
|-damage|p2a: Ogerpon|0 fnt
|faint|p2a: Ogerpon
|detailschange|p2: Ogerpon|Ogerpon-Wellspring, F|[silent]
|
|-weather|Sandstorm|[upkeep]
|-damage|p1a: Tyranitar|7/100|[from] Sandstorm
|upkeep
|
|t:|1776062138
|switch|p2a: Weavile|Weavile, M|50/100
|-ability|p2a: Weavile|Pressure
|turn|8
|inactive|teamrocketty has 60 seconds left.
|
|t:|1776062153
|move|p2a: Weavile|Triple Axel|p1a: Tyranitar
|-supereffective|p1a: Tyranitar
|-damage|p1a: Tyranitar|0 fnt
|faint|p1a: Tyranitar
|-hitcount|p1: Tyranitar|1
|
|-weather|Sandstorm|[upkeep]
|-damage|p2a: Weavile|44/100|[from] Sandstorm
|upkeep
|inactive|teamrocketty has 60 seconds left.
|
|t:|1776062159
|switch|p1a: Feraligatr|Feraligatr, M|100/100
|turn|9
|
|t:|1776062166
|switch|p2a: Pecharunt|Pecharunt|100/100
|move|p1a: Feraligatr|Dragon Dance|p1a: Feraligatr
|-boost|p1a: Feraligatr|atk|1
|-boost|p1a: Feraligatr|spe|1
|
|-weather|Sandstorm|[upkeep]
|-damage|p1a: Feraligatr|94/100|[from] Sandstorm
|-damage|p2a: Pecharunt|94/100|[from] Sandstorm
|upkeep
|turn|10
|
|t:|1776062175
|move|p1a: Feraligatr|Crunch|p2a: Pecharunt
|-supereffective|p2a: Pecharunt
|-damage|p2a: Pecharunt|37/100
|move|p2a: Pecharunt|Malignant Chain|p1a: Feraligatr
|-damage|p1a: Feraligatr|55/100
|
|-weather|Sandstorm|[upkeep]
|-damage|p1a: Feraligatr|49/100|[from] Sandstorm
|-damage|p2a: Pecharunt|31/100|[from] Sandstorm
|upkeep
|turn|11
|
|t:|1776062189
|move|p1a: Feraligatr|Crunch|p2a: Pecharunt
|-supereffective|p2a: Pecharunt
|-damage|p2a: Pecharunt|0 fnt
|faint|p2a: Pecharunt
|
|-weather|none
|upkeep
|j| macrocytic
|
|t:|1776062194
|switch|p2a: Latias|Latias, F|100/100
|turn|12
|
|t:|1776062199
|move|p1a: Feraligatr|Ice Punch|p2a: Latias
|-supereffective|p2a: Latias
|-damage|p2a: Latias|5/100
|move|p2a: Latias|Mist Ball|p1a: Feraligatr
|-damage|p1a: Feraligatr|5/100
|
|-heal|p2a: Latias|11/100|[from] item: Leftovers
|upkeep
|turn|13
|
|t:|1776062209
|move|p1a: Feraligatr|Crunch|p2a: Latias
|-supereffective|p2a: Latias
|-damage|p2a: Latias|0 fnt
|faint|p2a: Latias
|
|upkeep
|l| macrocytic
|c|☆thegrindto2000dez|Physdef for the winnn
|
|t:|1776062215
|switch|p2a: Weavile|Weavile, M|44/100
|-ability|p2a: Weavile|Pressure
|turn|14
|
|t:|1776062220
|move|p2a: Weavile|Ice Shard|p1a: Feraligatr
|-resisted|p1a: Feraligatr
|-damage|p1a: Feraligatr|0 fnt
|faint|p1a: Feraligatr
|
|upkeep
|
|t:|1776062228
|switch|p1a: Great Tusk|Great Tusk, shiny|100/100
|turn|15
|inactive|teamrocketty has 120 seconds left.
|inactive|thegrindto2000dez has 120 seconds left.
|
|t:|1776062270
|move|p2a: Weavile|Ice Shard|p1a: Great Tusk
|-supereffective|p1a: Great Tusk
|-damage|p1a: Great Tusk|57/100
|move|p1a: Great Tusk|Close Combat|p2a: Weavile
|-supereffective|p2a: Weavile
|-damage|p2a: Weavile|0 fnt
|-unboost|p1a: Great Tusk|def|1
|-unboost|p1a: Great Tusk|spd|1
|faint|p2a: Weavile
|
|upkeep
|
|t:|1776062272
|switch|p2a: Dragapult|Dragapult, M|100/100
|turn|16
|inactive|teamrocketty has 90 seconds left.
|
|t:|1776062308
|move|p2a: Dragapult|Draco Meteor|p1a: Great Tusk
|-damage|p1a: Great Tusk|0 fnt
|-unboost|p2a: Dragapult|spa|2
|faint|p1a: Great Tusk
|-end|p1a: Great Tusk|Protosynthesis|[silent]
|
|upkeep
|
|t:|1776062310
|switch|p1a: Garchomp|Garchomp, M|100/100
|turn|17
|inactive|thegrindto2000dez has 120 seconds left.
|
|t:|1776062331
|move|p2a: Dragapult|Draco Meteor|p1a: Garchomp
|-supereffective|p1a: Garchomp
|-damage|p1a: Garchomp|16/100
|-unboost|p2a: Dragapult|spa|2
|move|p1a: Garchomp|Dragon Tail|p2a: Dragapult
|-supereffective|p2a: Dragapult
|-damage|p2a: Dragapult|29/100
|
|upkeep
|turn|18
|
|t:|1776062344
|move|p2a: Dragapult|Draco Meteor|p1a: Garchomp
|-supereffective|p1a: Garchomp
|-damage|p1a: Garchomp|0 fnt
|-unboost|p2a: Dragapult|spa|2
|faint|p1a: Garchomp
|
|win|thegrindto2000dez
|raw|teamrocketty's rating: 1143 &rarr; <strong>1122</strong><br />(-21 for losing)
|raw|thegrindto2000dez's rating: 1200 &rarr; <strong>1221</strong><br />(+21 for winning)
|l|☆thegrindto2000dez
|player|p2|
|l|☆teamrocketty
|player|p1|
