|html|<div class="broadcast-blue"><strong>[Gen 9] OU is currently suspecting Volcarona! For information on how to participate check out the <a href="https://www.smogon.com/tools/suspects/view/208">suspect thread</a>.</strong></div>
|j|☆Rubyboi711
|j|☆knownah39
|t:|1778517262
|gametype|singles
|player|p1|Rubyboi711|265|1165
|player|p2|knownah39|richboy-gen4|1150
|gen|9
|tier|[Gen 9] OU
|rated|
|rule|HP Percentage Mod: HP is shown in percentages
|rule|Endless Battle Clause: Forcing endless battles is banned
|rule|Species Clause: Limit one of each Pokémon
|rule|OHKO Clause: OHKO moves are banned
|rule|Evasion Items Clause: Evasion items are banned
|rule|Evasion Moves Clause: Evasion moves are banned
|rule|Evasion Abilities Clause: Evasion abilities are banned
|rule|Sleep Moves Clause: Sleep-inducing moves are banned
|clearpoke
|poke|p1|Sawsbuck-Winter, F|
|poke|p1|Ursaluna, F|
|poke|p1|Iron Moth|
|poke|p1|Kingambit, F|
|poke|p1|Vikavolt, M|
|poke|p1|Araquanid, F|
|poke|p2|Tyranitar, M|
|poke|p2|Garganacl, M|
|poke|p2|Ceruledge, M|
|poke|p2|Vikavolt, M|
|poke|p2|Clodsire, F|
|poke|p2|Regieleki|
|teampreview
|
|t:|1778517270
|teamsize|p1|6
|teamsize|p2|6
|start
|switch|p1a: Araquanid|Araquanid, F|100/100
|switch|p2a: Volteitaki|Vikavolt, M, shiny|100/100
|turn|1
|
|t:|1778517279
|move|p2a: Volteitaki|Sticky Web|p1a: Araquanid
|-sidestart|p1: Rubyboi711|move: Sticky Web
|move|p1a: Araquanid|Sticky Web|p2a: Volteitaki
|-sidestart|p2: knownah39|move: Sticky Web
|
|upkeep
|turn|2
|
|t:|1778517286
|move|p2a: Volteitaki|Discharge|p1a: Araquanid
|-supereffective|p1a: Araquanid
|-damage|p1a: Araquanid|22/100
|-status|p1a: Araquanid|par
|move|p1a: Araquanid|Soak|p2a: Volteitaki
|-start|p2a: Volteitaki|typechange|Water
|
|upkeep
|turn|3
|
|t:|1778517292
|switch|p1a: Vikavolt|Vikavolt, M|100/100
|move|p2a: Volteitaki|Flash Cannon|p1a: Vikavolt
|-resisted|p1a: Vikavolt
|-damage|p1a: Vikavolt|77/100
|
|upkeep
|turn|4
|
|t:|1778517299
|move|p1a: Vikavolt|Volt Switch|p2a: Volteitaki
|-supereffective|p2a: Volteitaki
|-damage|p2a: Volteitaki|3/100
|
|t:|1778517303
|switch|p1a: Ursaluna|Ursaluna, F, shiny|100/100|[from] Volt Switch
|-activate|p1a: Ursaluna|move: Sticky Web
|-unboost|p1a: Ursaluna|spe|1
|move|p2a: Volteitaki|Bug Buzz|p1a: Ursaluna
|-damage|p1a: Ursaluna|62/100
|-unboost|p1a: Ursaluna|spd|1
|
|-status|p1a: Ursaluna|brn|[from] item: Flame Orb
|upkeep
|turn|5
|
|t:|1778517312
|move|p1a: Ursaluna|Trailblaze|p2a: Volteitaki
|-supereffective|p2a: Volteitaki
|-damage|p2a: Volteitaki|0 fnt
|-boost|p1a: Ursaluna|spe|1
|faint|p2a: Volteitaki
|
|-damage|p1a: Ursaluna|55/100 brn|[from] brn
|upkeep
|
|t:|1778517317
|switch|p2a: Waterfall|Clodsire, F, shiny|100/100
|-activate|p2a: Waterfall|move: Sticky Web
|-unboost|p2a: Waterfall|spe|1
|turn|6
|
|t:|1778517321
|move|p1a: Ursaluna|Headlong Rush|p2a: Waterfall
|-supereffective|p2a: Waterfall
|-damage|p2a: Waterfall|0 fnt
|-unboost|p1a: Ursaluna|def|1
|-unboost|p1a: Ursaluna|spd|1
|faint|p2a: Waterfall
|
|-damage|p1a: Ursaluna|49/100 brn|[from] brn
|upkeep
|
|t:|1778517329
|switch|p2a: Regieleki|Regieleki|100/100
|-activate|p2a: Regieleki|move: Sticky Web
|-unboost|p2a: Regieleki|spe|1
|turn|7
|
|t:|1778517332
|move|p2a: Regieleki|Rapid Spin|p1a: Ursaluna
|-damage|p1a: Ursaluna|37/100 brn
|-boost|p2a: Regieleki|spe|1
|-sideend|p2: knownah39|Sticky Web|[from] move: Rapid Spin|[of] p2a: Regieleki
|move|p1a: Ursaluna|Headlong Rush|p2a: Regieleki
|-supereffective|p2a: Regieleki
|-enditem|p2a: Regieleki|Focus Sash
|-damage|p2a: Regieleki|1/100
|-unboost|p1a: Ursaluna|def|1
|-unboost|p1a: Ursaluna|spd|1
|
|-damage|p1a: Ursaluna|30/100 brn|[from] brn
|upkeep
|turn|8
|
|t:|1778517338
|move|p2a: Regieleki|Explosion|p1a: Ursaluna
|-damage|p1a: Ursaluna|0 fnt
|faint|p2a: Regieleki
|faint|p1a: Ursaluna
|
|upkeep
|
|t:|1778517343
|switch|p2a: Salt epic|Garganacl, M|100/100
|switch|p1a: Araquanid|Araquanid, F|22/100 par
|-activate|p1a: Araquanid|move: Sticky Web
|-unboost|p1a: Araquanid|spe|1
|turn|9
|
|t:|1778517349
|move|p2a: Salt epic|Salt Cure|p1a: Araquanid
|-supereffective|p1a: Araquanid
|-damage|p1a: Araquanid|0 fnt
|faint|p1a: Araquanid
|
|upkeep
|
|t:|1778517354
|switch|p1a: Vikavolt|Vikavolt, M|77/100
|turn|10
|
|t:|1778517361
|move|p1a: Vikavolt|Energy Ball|p2a: Salt epic
|-supereffective|p2a: Salt epic
|-damage|p2a: Salt epic|26/100
|move|p2a: Salt epic|Salt Cure|p1a: Vikavolt
|-supereffective|p1a: Vikavolt
|-damage|p1a: Vikavolt|33/100
|-start|p1a: Vikavolt|Salt Cure
|
|-damage|p1a: Vikavolt|20/100|[from] Salt Cure
|upkeep
|turn|11
|
|t:|1778517367
|move|p1a: Vikavolt|Energy Ball|p2a: Salt epic
|-supereffective|p2a: Salt epic
|-damage|p2a: Salt epic|0 fnt
|faint|p2a: Salt epic
|
|-damage|p1a: Vikavolt|8/100|[from] Salt Cure
|upkeep
|
|t:|1778517370
|switch|p2a: Epic katana|Ceruledge, M|100/100
|turn|12
|
|t:|1778517374
|switch|p1a: Iron Moth|Iron Moth, shiny|100/100
|-activate|p1a: Iron Moth|move: Sticky Web
|-unboost|p1a: Iron Moth|spe|1
|-enditem|p1a: Iron Moth|Booster Energy
|-activate|p1a: Iron Moth|ability: Quark Drive|[fromitem]
|-start|p1a: Iron Moth|quarkdrivespa
|move|p2a: Epic katana|Swords Dance|p2a: Epic katana
|-boost|p2a: Epic katana|atk|2
|
|upkeep
|turn|13
|
|t:|1778517378
|move|p2a: Epic katana|Swords Dance|p2a: Epic katana
|-boost|p2a: Epic katana|atk|2
|move|p1a: Iron Moth|Sludge Wave|p2a: Epic katana
|-resisted|p2a: Epic katana
|-damage|p2a: Epic katana|60/100
|
|upkeep
|turn|14
|
|t:|1778517385
|move|p2a: Epic katana|Dragon Claw|p1a: Iron Moth
|-damage|p1a: Iron Moth|0 fnt
|faint|p1a: Iron Moth
|-end|p1a: Iron Moth|Quark Drive|[silent]
|
|upkeep
|
|t:|1778517389
|switch|p1a: Vikavolt|Vikavolt, M|8/100
|turn|15
|
|t:|1778517393
|move|p1a: Vikavolt|Thunder|p2a: Epic katana|[miss]
|-miss|p1a: Vikavolt|p2a: Epic katana
|move|p2a: Epic katana|Bitter Blade|p1a: Vikavolt
|-supereffective|p1a: Vikavolt
|-damage|p1a: Vikavolt|0 fnt
|-heal|p2a: Epic katana|64/100|[from] drain|[of] p1a: Vikavolt
|faint|p1a: Vikavolt
|
|upkeep
|
|t:|1778517397
|switch|p1a: Kingambit|Kingambit, F, shiny|100/100
|-activate|p1a: Kingambit|ability: Supreme Overlord
|-start|p1a: Kingambit|fallen4|[silent]
|-item|p1a: Kingambit|Air Balloon
|turn|16
|
|t:|1778517402
|move|p1a: Kingambit|Sucker Punch|p2a: Epic katana
|-supereffective|p2a: Epic katana
|-damage|p2a: Epic katana|0 fnt
|faint|p2a: Epic katana
|
|upkeep
|
|t:|1778517405
|switch|p2a: Tytai|Tyranitar, M, shiny|100/100
|-ability|p2a: Tytai|Unnerve
|turn|17
|
|t:|1778517412
|-terastallize|p2a: Tytai|Water
|move|p2a: Tytai|Dragon Dance|p2a: Tytai
|-boost|p2a: Tytai|atk|1
|-boost|p2a: Tytai|spe|1
|move|p1a: Kingambit|Low Kick|p2a: Tytai
|-damage|p2a: Tytai|47/100
|
|-heal|p2a: Tytai|53/100|[from] item: Leftovers
|upkeep
|turn|18
|
|t:|1778517420
|move|p2a: Tytai|Dragon Dance|p2a: Tytai
|-boost|p2a: Tytai|atk|1
|-boost|p2a: Tytai|spe|1
|move|p1a: Kingambit|Kowtow Cleave|p2a: Tytai
|-damage|p2a: Tytai|0 fnt
|faint|p2a: Tytai
|
|win|Rubyboi711
|raw|Rubyboi711's rating: 1165 &rarr; <strong>1189</strong><br />(+24 for winning)
|raw|knownah39's rating: 1150 &rarr; <strong>1126</strong><br />(-24 for losing)
