|html|<div class="broadcast-blue"><strong>[Gen 9] OU is currently suspecting Tera Blast! For information on how to participate check out the <a href="https://www.smogon.com/tools/suspects/view/200">suspect thread</a>.</strong></div>
|j|☆powe
|j|☆osassy
|t:|1776097416
|gametype|singles
|player|p1|powe|marshal|1121
|player|p2|osassy|pokemaniac|1116
|gen|9
|tier|[Gen 9] OU
|rated|
|rule|HP Percentage Mod: HP is shown in percentages
|rule|Endless Battle Clause: Forcing endless battles is banned
|rule|Species Clause: Limit one of each Pokémon
|rule|OHKO Clause: OHKO moves are banned
|rule|Evasion Items Clause: Evasion items are banned
|rule|Evasion Moves Clause: Evasion moves are banned
|rule|Evasion Abilities Clause: Evasion abilities are banned
|rule|Sleep Moves Clause: Sleep-inducing moves are banned
|clearpoke
|poke|p1|Suicune|
|poke|p1|Raikou|
|poke|p1|Entei|
|poke|p1|Samurott-Hisui, M|
|poke|p1|Garchomp, M|
|poke|p1|Krookodile, F|
|poke|p2|Weavile, F|
|poke|p2|Palossand, M|
|poke|p2|Garganacl, M|
|poke|p2|Excadrill, M|
|poke|p2|Rotom-Wash|
|poke|p2|Salazzle, F|
|teampreview
|inactive|Battle timer is ON: inactive players will automatically lose when time's up. (requested by powe)
|
|t:|1776097430
|teamsize|p1|6
|teamsize|p2|6
|start
|switch|p1a: Krookodile|Krookodile, F|100/100
|switch|p2a: Rotom|Rotom-Wash|100/100
|turn|1
|
|t:|1776097443
|move|p1a: Krookodile|Knock Off|p2a: Rotom
|-damage|p2a: Rotom|49/100
|-enditem|p2a: Rotom|Heavy-Duty Boots|[from] move: Knock Off|[of] p1a: Krookodile
|move|p2a: Rotom|Will-O-Wisp|p1a: Krookodile|[miss]
|-miss|p2a: Rotom|p1a: Krookodile
|
|upkeep
|turn|2
|
|t:|1776097450
|move|p1a: Krookodile|Gunk Shot|p2a: Rotom
|-damage|p2a: Rotom|7/100
|move|p2a: Rotom|Hydro Pump|p1a: Krookodile
|-supereffective|p1a: Krookodile
|-damage|p1a: Krookodile|0 fnt
|faint|p1a: Krookodile
|
|upkeep
|
|t:|1776097456
|switch|p1a: Suicune|Suicune|100/100
|-ability|p1a: Suicune|Pressure
|turn|3
|
|t:|1776097464
|move|p1a: Suicune|Extreme Speed|p2a: Rotom
|-damage|p2a: Rotom|0 fnt
|faint|p2a: Rotom
|
|upkeep
|
|t:|1776097474
|switch|p2a: Weavile|Weavile, F|100/100
|-ability|p2a: Weavile|Pressure
|turn|4
|
|t:|1776097494
|move|p2a: Weavile|Knock Off|p1a: Suicune
|-damage|p1a: Suicune|40/100
|-enditem|p1a: Suicune|Leftovers|[from] move: Knock Off|[of] p2a: Weavile
|move|p1a: Suicune|Calm Mind|p1a: Suicune
|-boost|p1a: Suicune|spa|1
|-boost|p1a: Suicune|spd|1
|
|upkeep
|turn|5
|
|t:|1776097506
|switch|p2a: Garganacl|Garganacl, M|100/100
|move|p1a: Suicune|Extreme Speed|p2a: Garganacl
|-resisted|p2a: Garganacl
|-damage|p2a: Garganacl|95/100
|
|upkeep
|turn|6
|
|t:|1776097514
|move|p1a: Suicune|Scald|p2a: Garganacl
|-supereffective|p2a: Garganacl
|-damage|p2a: Garganacl|28/100
|move|p2a: Garganacl|Salt Cure|p1a: Suicune
|-damage|p1a: Suicune|28/100
|-start|p1a: Suicune|Salt Cure
|
|-damage|p1a: Suicune|3/100|[from] Salt Cure
|upkeep
|turn|7
|
|t:|1776097522
|move|p2a: Garganacl|Protect|p2a: Garganacl
|-singleturn|p2a: Garganacl|Protect
|move|p1a: Suicune|Scald|p2a: Garganacl
|-activate|p2a: Garganacl|move: Protect
|
|-damage|p1a: Suicune|0 fnt|[from] Salt Cure
|faint|p1a: Suicune
|upkeep
|
|t:|1776097525
|switch|p1a: Samurott|Samurott-Hisui, M|100/100
|turn|8
|
|t:|1776097537
|switch|p2a: Weavile|Weavile, F|100/100
|-ability|p2a: Weavile|Pressure
|move|p1a: Samurott|Razor Shell|p2a: Weavile
|-damage|p2a: Weavile|19/100
|-unboost|p2a: Weavile|def|1
|
|upkeep
|turn|9
|
|t:|1776097545
|move|p2a: Weavile|Knock Off|p1a: Samurott
|-resisted|p1a: Samurott
|-damage|p1a: Samurott|53/100
|-enditem|p1a: Samurott|Heavy-Duty Boots|[from] move: Knock Off|[of] p2a: Weavile
|move|p1a: Samurott|Sacred Sword|p2a: Weavile
|-supereffective|p2a: Weavile
|-damage|p2a: Weavile|0 fnt
|faint|p2a: Weavile
|
|upkeep
|
|t:|1776097556
|switch|p2a: Palossand|Palossand, M|100/100
|turn|10
|
|t:|1776097563
|move|p1a: Samurott|Razor Shell|p2a: Palossand
|-supereffective|p2a: Palossand
|-damage|p2a: Palossand|13/100
|-ability|p2a: Palossand|Water Compaction|boost
|-boost|p2a: Palossand|def|2
|move|p2a: Palossand|Giga Drain|p1a: Samurott
|-supereffective|p1a: Samurott
|-damage|p1a: Samurott|0 fnt
|-heal|p2a: Palossand|36/100|[from] drain|[of] p1a: Samurott
|faint|p1a: Samurott
|
|-heal|p2a: Palossand|42/100|[from] item: Leftovers
|upkeep
|
|t:|1776097577
|switch|p1a: Entei|Entei|100/100
|turn|11
|
|t:|1776097581
|move|p1a: Entei|Sacred Fire|p2a: Palossand
|-damage|p2a: Palossand|23/100
|move|p2a: Palossand|Earth Power|p1a: Entei
|-supereffective|p1a: Entei
|-crit|p1a: Entei
|-damage|p1a: Entei|0 fnt
|faint|p1a: Entei
|
|-heal|p2a: Palossand|29/100|[from] item: Leftovers
|upkeep
|
|t:|1776097587
|switch|p1a: Garchomp|Garchomp, M|100/100
|turn|12
|
|t:|1776097600
|move|p2a: Palossand|Shore Up|p2a: Palossand
|-heal|p2a: Palossand|79/100
|move|p1a: Garchomp|Dragon Tail|p2a: Palossand
|-damage|p2a: Palossand|66/100
|drag|p2a: Garganacl|Garganacl, M|28/100
|
|upkeep
|turn|13
|
|t:|1776097610
|move|p1a: Garchomp|Earthquake|p2a: Garganacl
|-supereffective|p2a: Garganacl
|-damage|p2a: Garganacl|0 fnt
|faint|p2a: Garganacl
|
|upkeep
|
|t:|1776097615
|switch|p2a: Salazzle|Salazzle, F|100/100
|turn|14
|
|t:|1776097624
|-terastallize|p2a: Salazzle|Flying
|move|p2a: Salazzle|Toxic|p1a: Garchomp
|-status|p1a: Garchomp|tox
|move|p1a: Garchomp|Earthquake|p2a: Salazzle
|-immune|p2a: Salazzle
|
|-damage|p1a: Garchomp|94/100 tox|[from] psn
|upkeep
|turn|15
|
|t:|1776097635
|move|p2a: Salazzle|Flamethrower|p1a: Garchomp
|-resisted|p1a: Garchomp
|-damage|p1a: Garchomp|77/100 tox
|move|p1a: Garchomp|Stealth Rock|p2a: Salazzle
|-sidestart|p2: osassy|move: Stealth Rock
|
|-damage|p1a: Garchomp|64/100 tox|[from] psn
|upkeep
|turn|16
|
|t:|1776097643
|move|p2a: Salazzle|Flamethrower|p1a: Garchomp
|-resisted|p1a: Garchomp
|-damage|p1a: Garchomp|46/100 tox
|move|p1a: Garchomp|Spikes|p2a: Salazzle
|-sidestart|p2: osassy|Spikes
|
|-damage|p1a: Garchomp|28/100 tox|[from] psn
|upkeep
|turn|17
|
|t:|1776097651
|move|p2a: Salazzle|Protect|p2a: Salazzle
|-singleturn|p2a: Salazzle|Protect
|move|p1a: Garchomp|Dragon Tail|p2a: Salazzle
|-activate|p2a: Salazzle|move: Protect
|
|-damage|p1a: Garchomp|3/100 tox|[from] psn
|upkeep
|turn|18
|
|t:|1776097658
|move|p2a: Salazzle|Flamethrower|p1a: Garchomp
|-resisted|p1a: Garchomp
|-damage|p1a: Garchomp|0 fnt
|faint|p1a: Garchomp
|
|upkeep
|
|t:|1776097662
|switch|p1a: Raikou|Raikou|100/100
|turn|19
|
|t:|1776097677
|move|p2a: Salazzle|Toxic|p1a: Raikou|[miss]
|-miss|p2a: Salazzle|p1a: Raikou
|move|p1a: Raikou|Iron Head|p2a: Salazzle
|-damage|p2a: Salazzle|69/100
|
|upkeep
|turn|20
|
|t:|1776097685
|move|p2a: Salazzle|Toxic|p1a: Raikou
|-status|p1a: Raikou|tox
|move|p1a: Raikou|Thunderbolt|p2a: Salazzle
|-supereffective|p2a: Salazzle
|-damage|p2a: Salazzle|0 fnt
|faint|p2a: Salazzle
|
|-damage|p1a: Raikou|94/100 tox|[from] psn
|upkeep
|
|t:|1776097693
|switch|p2a: Palossand|Palossand, M|66/100
|-damage|p2a: Palossand|60/100|[from] Stealth Rock
|-damage|p2a: Palossand|48/100|[from] Spikes
|turn|21
|
|t:|1776097701
|move|p1a: Raikou|Crunch|p2a: Palossand
|-supereffective|p2a: Palossand
|-damage|p2a: Palossand|12/100
|move|p2a: Palossand|Earth Power|p1a: Raikou
|-supereffective|p1a: Raikou
|-damage|p1a: Raikou|3/100 tox
|
|-heal|p2a: Palossand|18/100|[from] item: Leftovers
|-damage|p1a: Raikou|0 fnt|[from] psn
|faint|p1a: Raikou
|
|win|osassy
|raw|powe's rating: 1121 &rarr; <strong>1096</strong><br />(-25 for losing)
|raw|osassy's rating: 1116 &rarr; <strong>1141</strong><br />(+25 for winning)
|l|☆powe
|player|p1|
|l|☆osassy
|player|p2|
