|html|<div class="broadcast-blue"><strong>[Gen 9] OU is currently suspecting Tera Blast! For information on how to participate check out the <a href="https://www.smogon.com/tools/suspects/view/200">suspect thread</a>.</strong></div>
|j|☆GODKUD
|j|☆Spookyz reqs
|t:|1776039121
|gametype|singles
|player|p1|GODKUD|ghetsis-gen5bw|1373
|player|p2|Spookyz reqs|2|1420
|gen|9
|tier|[Gen 9] OU
|rated|
|rule|HP Percentage Mod: HP is shown in percentages
|rule|Endless Battle Clause: Forcing endless battles is banned
|rule|Species Clause: Limit one of each Pokémon
|rule|OHKO Clause: OHKO moves are banned
|rule|Evasion Items Clause: Evasion items are banned
|rule|Evasion Moves Clause: Evasion moves are banned
|rule|Evasion Abilities Clause: Evasion abilities are banned
|rule|Sleep Moves Clause: Sleep-inducing moves are banned
|clearpoke
|poke|p1|Feraligatr, M|
|poke|p1|Conkeldurr, F|
|poke|p1|Rampardos, F|
|poke|p1|Haxorus, F|
|poke|p1|Deoxys-Speed|
|poke|p1|Tornadus-Therian, M|
|poke|p2|Ogerpon-Wellspring, F|
|poke|p2|Zamazenta-*|
|poke|p2|Iron Treads|
|poke|p2|Garganacl, F|
|poke|p2|Dragapult, M|
|poke|p2|Moltres|
|teampreview
|inactive|Battle timer is ON: inactive players will automatically lose when time's up. (requested by Spookyz reqs)
|j| fraaaxn
|
|t:|1776039147
|teamsize|p1|6
|teamsize|p2|6
|start
|switch|p1a: Deoxys|Deoxys-Speed|100/100
|switch|p2a: Iron Treads|Iron Treads|100/100
|-ability|p1a: Deoxys|Pressure
|turn|1
|
|t:|1776039165
|move|p1a: Deoxys|Taunt|p2a: Iron Treads
|-start|p2a: Iron Treads|move: Taunt
|move|p2a: Iron Treads|Earthquake|p1a: Deoxys
|-damage|p1a: Deoxys|49/100
|
|upkeep
|turn|2
|
|t:|1776039171
|move|p1a: Deoxys|Reflect|p1a: Deoxys
|-sidestart|p1: GODKUD|Reflect
|move|p2a: Iron Treads|Rapid Spin|p1a: Deoxys
|-damage|p1a: Deoxys|39/100
|-boost|p2a: Iron Treads|spe|1
|
|upkeep
|turn|3
|
|t:|1776039175
|move|p1a: Deoxys|Light Screen|p1a: Deoxys
|-sidestart|p1: GODKUD|move: Light Screen
|move|p2a: Iron Treads|Earthquake|p1a: Deoxys
|-damage|p1a: Deoxys|12/100
|
|-end|p2a: Iron Treads|move: Taunt
|upkeep
|turn|4
|
|t:|1776039180
|move|p1a: Deoxys|Taunt|p2a: Iron Treads
|-start|p2a: Iron Treads|move: Taunt
|move|p2a: Iron Treads|Rapid Spin|p1a: Deoxys
|-damage|p1a: Deoxys|3/100
|-boost|p2a: Iron Treads|spe|1
|
|upkeep
|turn|5
|
|t:|1776039187
|move|p2a: Iron Treads|Ice Spinner|p1a: Deoxys
|-damage|p1a: Deoxys|0 fnt
|faint|p1a: Deoxys
|
|upkeep
|
|t:|1776039194
|switch|p1a: Feraligatr|Feraligatr, M|100/100
|turn|6
|
|t:|1776039199
|-end|p2a: Iron Treads|Quark Drive|[silent]
|switch|p2a: Moltres|Moltres|100/100
|move|p1a: Feraligatr|Dragon Dance|p1a: Feraligatr
|-boost|p1a: Feraligatr|atk|1
|-boost|p1a: Feraligatr|spe|1
|
|upkeep
|turn|7
|
|t:|1776039202
|-terastallize|p2a: Moltres|Fairy
|move|p1a: Feraligatr|Liquidation|p2a: Moltres
|-damage|p2a: Moltres|20/100
|move|p2a: Moltres|Roar|p1a: Feraligatr
|drag|p1a: Conkeldurr|Conkeldurr, F|100/100
|
|-status|p1a: Conkeldurr|brn|[from] item: Flame Orb
|upkeep
|turn|8
|
|t:|1776039209
|move|p2a: Moltres|U-turn|p1a: Conkeldurr
|-resisted|p1a: Conkeldurr
|-damage|p1a: Conkeldurr|97/100 brn
|
|t:|1776039211
|switch|p2a: Dragapult|Dragapult, M|100/100|[from] U-turn
|move|p1a: Conkeldurr|Facade|p2a: Dragapult
|-immune|p2a: Dragapult
|
|-damage|p1a: Conkeldurr|91/100 brn|[from] brn
|upkeep
|turn|9
|
|t:|1776039213
|move|p2a: Dragapult|Hex|p1a: Conkeldurr
|-damage|p1a: Conkeldurr|8/100 brn
|move|p1a: Conkeldurr|Knock Off|p2a: Dragapult
|-supereffective|p2a: Dragapult
|-damage|p2a: Dragapult|0 fnt
|-enditem|p2a: Dragapult|Heavy-Duty Boots|[from] move: Knock Off|[of] p1a: Conkeldurr
|faint|p2a: Dragapult
|
|-damage|p1a: Conkeldurr|2/100 brn|[from] brn
|-sideend|p1: GODKUD|Reflect
|upkeep
|
|t:|1776039230
|switch|p2a: Iron Treads|Iron Treads|100/100
|turn|10
|
|t:|1776039232
|move|p1a: Conkeldurr|Mach Punch|p2a: Iron Treads
|-supereffective|p2a: Iron Treads
|-damage|p2a: Iron Treads|46/100
|move|p2a: Iron Treads|Rapid Spin|p1a: Conkeldurr
|-damage|p1a: Conkeldurr|0 fnt
|-boost|p2a: Iron Treads|spe|1
|faint|p1a: Conkeldurr
|
|-sideend|p1: GODKUD|move: Light Screen
|upkeep
|
|t:|1776039239
|switch|p1a: Feraligatr|Feraligatr, M|100/100
|turn|11
|
|t:|1776039243
|move|p2a: Iron Treads|Earthquake|p1a: Feraligatr
|-damage|p1a: Feraligatr|53/100
|move|p1a: Feraligatr|Liquidation|p2a: Iron Treads
|-supereffective|p2a: Iron Treads
|-damage|p2a: Iron Treads|0 fnt
|faint|p2a: Iron Treads
|-end|p2a: Iron Treads|Quark Drive|[silent]
|
|upkeep
|
|t:|1776039246
|switch|p2a: Zamazenta|Zamazenta|100/100
|-ability|p2a: Zamazenta|Dauntless Shield|boost
|-boost|p2a: Zamazenta|def|1
|turn|12
|
|t:|1776039249
|move|p2a: Zamazenta|Close Combat|p1a: Feraligatr
|-damage|p1a: Feraligatr|0 fnt
|-unboost|p2a: Zamazenta|def|1
|-unboost|p2a: Zamazenta|spd|1
|faint|p1a: Feraligatr
|
|upkeep
|
|t:|1776039254
|switch|p1a: Tornadus|Tornadus-Therian, M|100/100
|turn|13
|
|t:|1776039260
|switch|p2a: Garganacl|Garganacl, F|100/100
|move|p1a: Tornadus|Nasty Plot|p1a: Tornadus
|-boost|p1a: Tornadus|spa|2
|
|upkeep
|turn|14
|
|t:|1776039263
|move|p1a: Tornadus|Grass Knot|p2a: Garganacl
|-supereffective|p2a: Garganacl
|-damage|p2a: Garganacl|0 fnt
|faint|p2a: Garganacl
|-damage|p1a: Tornadus|91/100|[from] item: Life Orb
|
|upkeep
|
|t:|1776039267
|switch|p2a: Ogerpon|Ogerpon-Wellspring, F|100/100
|turn|15
|
|t:|1776039270
|move|p1a: Tornadus|Bleakwind Storm|p2a: Ogerpon|[miss]
|-miss|p1a: Tornadus|p2a: Ogerpon
|move|p2a: Ogerpon|Ivy Cudgel|p1a: Tornadus|[anim] Ivy Cudgel Water
|-damage|p1a: Tornadus|9/100
|
|upkeep
|turn|16
|
|t:|1776039275
|move|p1a: Tornadus|Bleakwind Storm|p2a: Ogerpon
|-supereffective|p2a: Ogerpon
|-damage|p2a: Ogerpon|0 fnt
|faint|p2a: Ogerpon
|-damage|p1a: Tornadus|0 fnt|[from] item: Life Orb
|faint|p1a: Tornadus
|
|upkeep
|
|t:|1776039279
|switch|p1a: Haxorus|Haxorus, F|100/100
|switch|p2a: Zamazenta|Zamazenta|100/100
|-ability|p1a: Haxorus|Mold Breaker
|turn|17
|
|t:|1776039287
|move|p2a: Zamazenta|Ice Fang|p1a: Haxorus
|-supereffective|p1a: Haxorus
|-damage|p1a: Haxorus|29/100
|move|p1a: Haxorus|Scale Shot|p2a: Zamazenta
|-damage|p2a: Zamazenta|87/100
|-damage|p2a: Zamazenta|74/100
|-damage|p2a: Zamazenta|59/100
|-damage|p2a: Zamazenta|45/100
|-hitcount|p2a: Zamazenta|4
|-unboost|p1a: Haxorus|def|1
|-boost|p1a: Haxorus|spe|1
|
|upkeep
|turn|18
|
|t:|1776039296
|move|p1a: Haxorus|Scale Shot|p2a: Zamazenta|[miss]
|-miss|p1a: Haxorus|p2a: Zamazenta
|move|p2a: Zamazenta|Crunch|p1a: Haxorus
|-damage|p1a: Haxorus|0 fnt
|faint|p1a: Haxorus
|
|upkeep
|
|t:|1776039298
|switch|p1a: Rampardos|Rampardos, F|100/100
|-ability|p1a: Rampardos|Mold Breaker
|turn|19
|
|t:|1776039307
|-terastallize|p1a: Rampardos|Fire
|move|p2a: Zamazenta|Close Combat|p1a: Rampardos
|-damage|p1a: Rampardos|0 fnt
|-unboost|p2a: Zamazenta|def|1
|-unboost|p2a: Zamazenta|spd|1
|faint|p1a: Rampardos
|
|win|Spookyz reqs
|raw|GODKUD's rating: 1373 &rarr; <strong>1356</strong><br />(-17 for losing)
|raw|Spookyz reqs's rating: 1420 &rarr; <strong>1437</strong><br />(+17 for winning)
|l|☆GODKUD
|player|p1|
|l|☆Spookyz reqs
|player|p2|
|l| fraaaxn
