|html|<div class="broadcast-blue"><strong>[Gen 9] OU is currently suspecting Tera Blast! For information on how to participate check out the <a href="https://www.smogon.com/tools/suspects/view/200">suspect thread</a>.</strong></div>
|j|☆fuzzyju
|j|☆goodgoodcush
|t:|1776053548
|gametype|singles
|player|p1|fuzzyju|gentleman-gen4dp|1423
|player|p2|goodgoodcush|101|1393
|gen|9
|tier|[Gen 9] OU
|rated|
|rule|HP Percentage Mod: HP is shown in percentages
|rule|Endless Battle Clause: Forcing endless battles is banned
|rule|Species Clause: Limit one of each Pokémon
|rule|OHKO Clause: OHKO moves are banned
|rule|Evasion Items Clause: Evasion items are banned
|rule|Evasion Moves Clause: Evasion moves are banned
|rule|Evasion Abilities Clause: Evasion abilities are banned
|rule|Sleep Moves Clause: Sleep-inducing moves are banned
|clearpoke
|poke|p1|Azumarill, M|
|poke|p1|Rillaboom, M|
|poke|p1|Pecharunt|
|poke|p1|Glimmora, F|
|poke|p1|Samurott-Hisui, M|
|poke|p1|Latios, M|
|poke|p2|Dragonite, F|
|poke|p2|Latias, F|
|poke|p2|Hatterene, F|
|poke|p2|Grimmsnarl, M|
|poke|p2|Manaphy|
|poke|p2|Kingambit, F|
|teampreview
|inactive|Battle timer is ON: inactive players will automatically lose when time's up. (requested by fuzzyju)
|c|☆fuzzyju|Screens and tail glow
|inactive|goodgoodcush has 120 seconds left.
|
|t:|1776053592
|teamsize|p1|6
|teamsize|p2|6
|start
|switch|p1a: Lego Layer|Samurott-Hisui, M|100/100
|switch|p2a: Dragonite|Dragonite, F|100/100
|turn|1
|
|t:|1776053597
|move|p1a: Lego Layer|Flip Turn|p2a: Dragonite
|-resisted|p2a: Dragonite
|-damage|p2a: Dragonite|93/100
|
|t:|1776053599
|switch|p1a: Gengar but Good|Pecharunt|100/100|[from] Flip Turn
|move|p2a: Dragonite|Dragon Dance|p2a: Dragonite
|-boost|p2a: Dragonite|atk|1
|-boost|p2a: Dragonite|spe|1
|
|upkeep
|turn|2
|
|t:|1776053615
|move|p2a: Dragonite|Earthquake|p1a: Gengar but Good
|-supereffective|p1a: Gengar but Good
|-damage|p1a: Gengar but Good|50/100
|move|p1a: Gengar but Good|Foul Play|p2a: Dragonite
|-damage|p2a: Dragonite|38/100
|
|upkeep
|turn|3
|
|t:|1776053626
|-terastallize|p2a: Dragonite|Fairy
|move|p2a: Dragonite|Roost|p2a: Dragonite
|-heal|p2a: Dragonite|88/100
|move|p1a: Gengar but Good|Foul Play|p2a: Dragonite
|-resisted|p2a: Dragonite
|-crit|p2a: Dragonite
|-damage|p2a: Dragonite|48/100
|
|upkeep
|turn|4
|
|t:|1776053641
|-terastallize|p1a: Gengar but Good|Dark
|move|p2a: Dragonite|Roost|p2a: Dragonite
|-heal|p2a: Dragonite|98/100
|move|p1a: Gengar but Good|Malignant Chain|p2a: Dragonite
|-supereffective|p2a: Dragonite
|-damage|p2a: Dragonite|38/100
|
|upkeep
|turn|5
|
|t:|1776053645
|move|p2a: Dragonite|Tera Blast|p1a: Gengar but Good|[anim] Tera Blast Fairy
|-supereffective|p1a: Gengar but Good
|-damage|p1a: Gengar but Good|0 fnt
|faint|p1a: Gengar but Good
|
|upkeep
|
|t:|1776053669
|switch|p1a: DK|Rillaboom, M|100/100
|-fieldstart|move: Grassy Terrain|[from] ability: Grassy Surge|[of] p1a: DK
|turn|6
|
|t:|1776053675
|switch|p2a: Kingambit|Kingambit, F|100/100
|move|p1a: DK|Grassy Glide|p2a: Kingambit
|-resisted|p2a: Kingambit
|-damage|p2a: Kingambit|80/100
|
|-heal|p2a: Kingambit|86/100|[from] Grassy Terrain
|upkeep
|turn|7
|
|t:|1776053685
|switch|p1a: Poop Trap 💩|Glimmora, F|100/100
|move|p2a: Kingambit|Swords Dance|p2a: Kingambit
|-boost|p2a: Kingambit|atk|2
|
|-heal|p2a: Kingambit|92/100|[from] Grassy Terrain
|upkeep
|turn|8
|
|t:|1776053690
|move|p1a: Poop Trap 💩|Earth Power|p2a: Kingambit
|-supereffective|p2a: Kingambit
|-damage|p2a: Kingambit|28/100
|move|p2a: Kingambit|Iron Head|p1a: Poop Trap 💩
|-supereffective|p1a: Poop Trap 💩
|-damage|p1a: Poop Trap 💩|0 fnt
|-activate|p1a: Poop Trap 💩|ability: Toxic Debris
|-sidestart|p2: goodgoodcush|move: Toxic Spikes
|faint|p1a: Poop Trap 💩
|
|-heal|p2a: Kingambit|34/100|[from] Grassy Terrain
|upkeep
|
|t:|1776053700
|switch|p1a: Rabbi Rabbit|Azumarill, M|100/100
|turn|9
|
|t:|1776053708
|move|p1a: Rabbi Rabbit|Liquidation|p2a: Kingambit
|-damage|p2a: Kingambit|0 fnt
|faint|p2a: Kingambit
|-end|p2a: Kingambit|fallenundefined|[silent]
|
|upkeep
|
|t:|1776053718
|switch|p2a: Grimmsnarl|Grimmsnarl, M|100/100
|-status|p2a: Grimmsnarl|psn
|turn|10
|
|t:|1776053724
|move|p2a: Grimmsnarl|Reflect|p2a: Grimmsnarl
|-sidestart|p2: goodgoodcush|Reflect
|move|p1a: Rabbi Rabbit|Belly Drum|p1a: Rabbi Rabbit
|-damage|p1a: Rabbi Rabbit|50/100
|-setboost|p1a: Rabbi Rabbit|atk|6|[from] move: Belly Drum
|-enditem|p1a: Rabbi Rabbit|Sitrus Berry|[eat]
|-heal|p1a: Rabbi Rabbit|75/100|[from] item: Sitrus Berry
|
|-heal|p1a: Rabbi Rabbit|81/100|[from] Grassy Terrain
|-damage|p2a: Grimmsnarl|88/100 psn|[from] psn
|-fieldend|move: Grassy Terrain
|upkeep
|turn|11
|
|t:|1776053729
|move|p2a: Grimmsnarl|Light Screen|p2a: Grimmsnarl
|-sidestart|p2: goodgoodcush|move: Light Screen
|move|p1a: Rabbi Rabbit|Liquidation|p2a: Grimmsnarl
|-damage|p2a: Grimmsnarl|0 fnt
|faint|p2a: Grimmsnarl
|
|upkeep
|
|t:|1776053739
|switch|p2a: Hatterene|Hatterene, F|100/100
|-status|p2a: Hatterene|psn
|turn|12
|
|t:|1776053753
|move|p1a: Rabbi Rabbit|Liquidation|p2a: Hatterene
|-damage|p2a: Hatterene|11/100 psn
|-enditem|p2a: Hatterene|Eject Button
|inactive|goodgoodcush has 120 seconds left.
|
|t:|1776053780
|switch|p2a: Manaphy|Manaphy|100/100
|-status|p2a: Manaphy|psn
|
|-damage|p2a: Manaphy|88/100 psn|[from] psn
|upkeep
|turn|13
|inactive|goodgoodcush has 120 seconds left.
|
|t:|1776053792
|move|p2a: Manaphy|Scald|p1a: Rabbi Rabbit
|-resisted|p1a: Rabbi Rabbit
|-damage|p1a: Rabbi Rabbit|64/100
|move|p1a: Rabbi Rabbit|Play Rough|p2a: Manaphy|[miss]
|-miss|p1a: Rabbi Rabbit|p2a: Manaphy
|
|-heal|p2a: Manaphy|94/100 psn|[from] item: Leftovers
|-damage|p2a: Manaphy|82/100 psn|[from] psn
|upkeep
|turn|14
|
|t:|1776053797
|move|p2a: Manaphy|Scald|p1a: Rabbi Rabbit
|-resisted|p1a: Rabbi Rabbit
|-damage|p1a: Rabbi Rabbit|46/100
|move|p1a: Rabbi Rabbit|Play Rough|p2a: Manaphy
|-damage|p2a: Manaphy|0 fnt
|faint|p2a: Manaphy
|
|upkeep
|c|☆fuzzyju|Sos
|
|t:|1776053804
|switch|p2a: Latias|Latias, F|100/100
|turn|15
|
|t:|1776053826
|move|p1a: Rabbi Rabbit|Aqua Jet|p2a: Latias
|-resisted|p2a: Latias
|-damage|p2a: Latias|73/100
|move|p2a: Latias|Calm Mind|p2a: Latias
|-boost|p2a: Latias|spa|1
|-boost|p2a: Latias|spd|1
|
|upkeep
|turn|16
|
|t:|1776053834
|move|p2a: Latias|Stored Power|p1a: Rabbi Rabbit
|-damage|p1a: Rabbi Rabbit|1/100
|move|p1a: Rabbi Rabbit|Play Rough|p2a: Latias
|-supereffective|p2a: Latias
|-damage|p2a: Latias|0 fnt
|faint|p2a: Latias
|
|upkeep
|
|t:|1776053838
|switch|p2a: Dragonite|Dragonite, F, tera:Fairy|38/100
|turn|17
|
|t:|1776053846
|move|p2a: Dragonite|Tera Blast|p1a: Rabbi Rabbit|[anim] Tera Blast Fairy
|-damage|p1a: Rabbi Rabbit|0 fnt
|faint|p1a: Rabbi Rabbit
|
|-sideend|p2: goodgoodcush|Reflect
|upkeep
|
|t:|1776053854
|switch|p1a: Lego Layer|Samurott-Hisui, M|100/100
|turn|18
|
|t:|1776053861
|move|p1a: Lego Layer|Ceaseless Edge|p2a: Dragonite
|-resisted|p2a: Dragonite
|-damage|p2a: Dragonite|15/100
|-sidestart|p2: goodgoodcush|Spikes
|move|p2a: Dragonite|Roost|p2a: Dragonite
|-heal|p2a: Dragonite|66/100
|
|-sideend|p2: goodgoodcush|move: Light Screen
|upkeep
|turn|19
|
|t:|1776053864
|move|p1a: Lego Layer|Ceaseless Edge|p2a: Dragonite
|-resisted|p2a: Dragonite
|-damage|p2a: Dragonite|42/100
|-sidestart|p2: goodgoodcush|Spikes
|move|p2a: Dragonite|Roost|p2a: Dragonite
|-heal|p2a: Dragonite|92/100
|
|upkeep
|turn|20
|
|t:|1776053873
|switch|p1a: Specs|Latios, M|100/100
|move|p2a: Dragonite|Dragon Dance|p2a: Dragonite
|-boost|p2a: Dragonite|atk|1
|-boost|p2a: Dragonite|spe|1
|
|upkeep
|turn|21
|
|t:|1776053881
|move|p2a: Dragonite|Tera Blast|p1a: Specs|[anim] Tera Blast Fairy
|-supereffective|p1a: Specs
|-damage|p1a: Specs|0 fnt
|faint|p1a: Specs
|
|upkeep
|
|t:|1776053884
|switch|p1a: DK|Rillaboom, M|100/100
|-fieldstart|move: Grassy Terrain|[from] ability: Grassy Surge|[of] p1a: DK
|turn|22
|
|t:|1776053897
|move|p2a: Dragonite|Roost|p2a: Dragonite
|-heal|p2a: Dragonite|100/100
|move|p1a: DK|Wood Hammer|p2a: Dragonite
|-damage|p2a: Dragonite|27/100
|-damage|p1a: DK|78/100|[from] Recoil
|
|-heal|p2a: Dragonite|33/100|[from] Grassy Terrain
|-heal|p1a: DK|84/100|[from] Grassy Terrain
|upkeep
|turn|23
|
|t:|1776053913
|move|p2a: Dragonite|Tera Blast|p1a: DK|[anim] Tera Blast Fairy
|-damage|p1a: DK|20/100
|move|p1a: DK|Wood Hammer|p2a: Dragonite
|-damage|p2a: Dragonite|0 fnt
|faint|p2a: Dragonite
|-damage|p1a: DK|9/100|[from] Recoil
|
|-heal|p1a: DK|15/100|[from] Grassy Terrain
|upkeep
|
|t:|1776053916
|switch|p2a: Hatterene|Hatterene, F|11/100 psn
|-damage|p2a: Hatterene|0 fnt|[from] Spikes
|faint|p2a: Hatterene
|
|win|fuzzyju
|raw|fuzzyju's rating: 1423 &rarr; <strong>1441</strong><br />(+18 for winning)
|raw|goodgoodcush's rating: 1393 &rarr; <strong>1375</strong><br />(-18 for losing)
|l|☆goodgoodcush
|player|p2|
|l|☆fuzzyju
|player|p1|
