|html|<div class="broadcast-blue"><strong>[Gen 9] OU is currently suspecting Tera Blast! For information on how to participate check out the <a href="https://www.smogon.com/tools/suspects/view/200">suspect thread</a>.</strong></div>
|j|☆Johnny tots
|j|☆mio3777
|t:|1776093838
|gametype|singles
|player|p1|Johnny tots|101|1779
|player|p2|mio3777|170|1761
|gen|9
|tier|[Gen 9] OU
|rated|
|rule|HP Percentage Mod: HP is shown in percentages
|rule|Endless Battle Clause: Forcing endless battles is banned
|rule|Species Clause: Limit one of each Pokémon
|rule|OHKO Clause: OHKO moves are banned
|rule|Evasion Items Clause: Evasion items are banned
|rule|Evasion Moves Clause: Evasion moves are banned
|rule|Evasion Abilities Clause: Evasion abilities are banned
|rule|Sleep Moves Clause: Sleep-inducing moves are banned
|clearpoke
|poke|p1|Rillaboom, F|
|poke|p1|Klefki, F|
|poke|p1|Manaphy|
|poke|p1|Ogerpon-Wellspring, F|
|poke|p1|Ursaluna, M|
|poke|p1|Clefable, M|
|poke|p2|Indeedee, M|
|poke|p2|Polteageist-Antique|
|poke|p2|Cinderace, F|
|poke|p2|Armarouge, F|
|poke|p2|Hawlucha, F|
|poke|p2|Hatterene, F|
|teampreview
|
|t:|1776093845
|teamsize|p1|6
|teamsize|p2|6
|start
|switch|p1a: Klefki|Klefki, F|100/100
|switch|p2a: Indeedee|Indeedee, M|100/100
|-fieldstart|move: Psychic Terrain|[from] ability: Psychic Surge|[of] p2a: Indeedee
|turn|1
|inactive|Battle timer is ON: inactive players will automatically lose when time's up. (requested by mio3777)
|j| Monkey D MinMin
|
|t:|1776093857
|switch|p2a: Cinderace|Cinderace, F|100/100
|move|p1a: Klefki|Light Screen|p1a: Klefki
|-sidestart|p1: Johnny tots|move: Light Screen
|
|upkeep
|turn|2
|j| el alcachofas xdxd
|j| gfitzy
|inactive|Johnny tots has 120 seconds left.
|inactive|Johnny tots has 90 seconds left.
|inactive|Johnny tots has 60 seconds left.
|j| Eternity o2
|c|☆mio3777|1
|inactive|Johnny tots has 30 seconds left.
|inactive|Johnny tots has 20 seconds left.
|
|t:|1776093989
|switch|p1a: Manaphy|Manaphy|100/100
|move|p2a: Cinderace|Pyro Ball|p1a: Manaphy
|-resisted|p1a: Manaphy
|-damage|p1a: Manaphy|80/100
|
|-heal|p1a: Manaphy|86/100|[from] item: Leftovers
|upkeep
|turn|3
|inactive|Johnny tots has 30 seconds left this turn.
|
|t:|1776093996
|move|p2a: Cinderace|Court Change|p2a: Cinderace
|-start|p2a: Cinderace|typechange|Normal|[from] ability: Libero
|-swapsideconditions
|-activate|p2a: Cinderace|move: Court Change
|move|p1a: Manaphy|Scald|p2a: Cinderace
|-damage|p2a: Cinderace|77/100
|
|-heal|p1a: Manaphy|92/100|[from] item: Leftovers
|upkeep
|turn|4
|inactive|Johnny tots has 30 seconds left.
|inactive|Johnny tots has 20 seconds left.
|inactive|Johnny tots has 15 seconds left.
|
|t:|1776094022
|move|p2a: Cinderace|U-turn|p1a: Manaphy
|-damage|p1a: Manaphy|74/100
|
|t:|1776094025
|switch|p2a: Hawlucha|Hawlucha, F|100/100|[from] U-turn
|-enditem|p2a: Hawlucha|Psychic Seed
|-boost|p2a: Hawlucha|spd|1|[from] item: Psychic Seed
|move|p1a: Manaphy|Scald|p2a: Hawlucha
|-damage|p2a: Hawlucha|85/100
|-status|p2a: Hawlucha|brn
|
|-heal|p1a: Manaphy|80/100|[from] item: Leftovers
|-damage|p2a: Hawlucha|79/100 brn|[from] brn
|upkeep
|turn|5
|inactive|Johnny tots has 30 seconds left this turn.
|c| Eternity o2|GL Mio
|inactive|Johnny tots has 20 seconds left.
|
|t:|1776094036
|switch|p1a: Rillaboom|Rillaboom, F|100/100
|-fieldstart|move: Grassy Terrain|[from] ability: Grassy Surge|[of] p1a: Rillaboom
|move|p2a: Hawlucha|Swords Dance|p2a: Hawlucha
|-boost|p2a: Hawlucha|atk|2
|
|-damage|p2a: Hawlucha|73/100 brn|[from] brn
|upkeep
|turn|6
|inactive|Johnny tots has 30 seconds left this turn.
|
|t:|1776094044
|switch|p1a: Klefki|Klefki, F|100/100
|move|p2a: Hawlucha|Acrobatics|p1a: Klefki
|-resisted|p1a: Klefki
|-damage|p1a: Klefki|80/100
|
|-heal|p1a: Klefki|86/100|[from] Grassy Terrain
|-damage|p2a: Hawlucha|67/100 brn|[from] brn
|upkeep
|turn|7
|
|t:|1776094052
|move|p1a: Klefki|Reflect|p1a: Klefki
|-sidestart|p1: Johnny tots|Reflect
|move|p2a: Hawlucha|Fire Punch|p1a: Klefki
|-supereffective|p1a: Klefki
|-damage|p1a: Klefki|67/100
|
|-heal|p1a: Klefki|73/100|[from] Grassy Terrain
|-damage|p2a: Hawlucha|61/100 brn|[from] brn
|upkeep
|turn|8
|j| gym locker smells
|
|t:|1776094062
|switch|p2a: Cinderace|Cinderace, F|77/100
|move|p1a: Klefki|Spikes|p2a: Cinderace
|-sidestart|p2: mio3777|Spikes
|
|-heal|p2a: Cinderace|83/100|[from] Grassy Terrain
|-heal|p1a: Klefki|79/100|[from] Grassy Terrain
|-sideend|p2: mio3777|move: Light Screen
|upkeep
|turn|9
|
|t:|1776094069
|move|p1a: Klefki|Thunder Wave|p2a: Cinderace
|-status|p2a: Cinderace|par
|cant|p2a: Cinderace|par
|
|-heal|p1a: Klefki|85/100|[from] Grassy Terrain
|-heal|p2a: Cinderace|89/100 par|[from] Grassy Terrain
|upkeep
|turn|10
|inactive|Johnny tots has 60 seconds left.
|
|t:|1776094075
|switch|p1a: Ogerpon|Ogerpon-Wellspring, F|100/100
|move|p2a: Cinderace|Pyro Ball|p1a: Ogerpon
|-damage|p1a: Ogerpon|68/100
|
|-heal|p1a: Ogerpon|74/100|[from] Grassy Terrain
|-heal|p2a: Cinderace|95/100 par|[from] Grassy Terrain
|upkeep
|turn|11
|
|t:|1776094084
|-terastallize|p2a: Cinderace|Ghost
|move|p1a: Ogerpon|Ivy Cudgel|p2a: Cinderace|[anim] Ivy Cudgel Water
|-damage|p2a: Cinderace|25/100 par
|cant|p2a: Cinderace|par
|
|-heal|p1a: Ogerpon|80/100|[from] Grassy Terrain
|-heal|p2a: Cinderace|32/100 par|[from] Grassy Terrain
|upkeep
|turn|12
|l|☆mio3777
|inactive|mio3777 disconnected and has a minute to reconnect!
|player|p2|
|inactive|mio3777 has 30 seconds to reconnect!
|inactive|mio3777 has 20 seconds to reconnect!
|inactive|mio3777 has 15 seconds to reconnect!
|inactive|mio3777 has 10 seconds to reconnect!
|inactive|mio3777 has 5 seconds to reconnect!
|-message|mio3777 lost due to inactivity.
|
|win|Johnny tots
|raw|Johnny tots's rating: 1779 &rarr; <strong>1798</strong><br />(+19 for winning)
|raw|mio3777's rating: 1761 &rarr; <strong>1742</strong><br />(-19 for losing)
|l| gfitzy
|l|☆Johnny tots
|player|p1|
|l| Eternity o2
