|html|<div class="broadcast-blue"><strong>[Gen 9] OU is currently suspecting Tera Blast! For information on how to participate check out the <a href="https://www.smogon.com/tools/suspects/view/200">suspect thread</a>.</strong></div>
|j|☆thatguytmeme
|j|☆vzn.exe
|t:|1776085297
|gametype|singles
|player|p1|thatguytmeme|266|1524
|player|p2|vzn.exe|lusamine-nihilego|1513
|gen|9
|tier|[Gen 9] OU
|rated|
|rule|HP Percentage Mod: HP is shown in percentages
|rule|Endless Battle Clause: Forcing endless battles is banned
|rule|Species Clause: Limit one of each Pokémon
|rule|OHKO Clause: OHKO moves are banned
|rule|Evasion Items Clause: Evasion items are banned
|rule|Evasion Moves Clause: Evasion moves are banned
|rule|Evasion Abilities Clause: Evasion abilities are banned
|rule|Sleep Moves Clause: Sleep-inducing moves are banned
|clearpoke
|poke|p1|Gliscor, M|
|poke|p1|Kingambit, M|
|poke|p1|Dragonite, M|
|poke|p1|Serperior, M|
|poke|p1|Primarina, M|
|poke|p1|Garganacl, M|
|poke|p2|Primarina, M|
|poke|p2|Great Tusk|
|poke|p2|Enamorus, F|
|poke|p2|Slowking-Galar, M|
|poke|p2|Ogerpon, F|
|poke|p2|Kingambit, M|
|teampreview
|inactive|Battle timer is ON: inactive players will automatically lose when time's up. (requested by thatguytmeme)
|
|t:|1776085316
|teamsize|p1|6
|teamsize|p2|6
|start
|switch|p1a: Garganacl|Garganacl, M|100/100
|switch|p2a: Behemoth|Great Tusk, shiny|100/100
|turn|1
|inactive|vzn.exe also wants the timer to be on.
|
|t:|1776085333
|move|p2a: Behemoth|Stealth Rock|p1a: Garganacl
|-sidestart|p1: thatguytmeme|move: Stealth Rock
|move|p1a: Garganacl|Salt Cure|p2a: Behemoth
|-resisted|p2a: Behemoth
|-damage|p2a: Behemoth|98/100
|-start|p2a: Behemoth|Salt Cure
|
|-damage|p2a: Behemoth|86/100|[from] Salt Cure
|upkeep
|turn|2
|
|t:|1776085351
|move|p2a: Behemoth|Headlong Rush|p1a: Garganacl
|-supereffective|p1a: Garganacl
|-damage|p1a: Garganacl|38/100
|-unboost|p2a: Behemoth|def|1
|-unboost|p2a: Behemoth|spd|1
|move|p1a: Garganacl|Stealth Rock|p2a: Behemoth
|-sidestart|p2: vzn.exe|move: Stealth Rock
|
|-heal|p1a: Garganacl|44/100|[from] item: Leftovers
|-damage|p2a: Behemoth|73/100|[from] Salt Cure
|upkeep
|turn|3
|
|t:|1776085369
|move|p2a: Behemoth|Headlong Rush|p1a: Garganacl
|-supereffective|p1a: Garganacl
|-damage|p1a: Garganacl|0 fnt
|-unboost|p2a: Behemoth|def|1
|-unboost|p2a: Behemoth|spd|1
|faint|p1a: Garganacl
|
|-damage|p2a: Behemoth|61/100|[from] Salt Cure
|upkeep
|
|t:|1776085372
|switch|p1a: Serperior|Serperior, M|100/100
|-damage|p1a: Serperior|88/100|[from] Stealth Rock
|turn|4
|
|t:|1776085389
|-end|p2a: Behemoth|Protosynthesis|[silent]
|switch|p2a: Mantra|Slowking-Galar, M, shiny|100/100
|-damage|p2a: Mantra|88/100|[from] Stealth Rock
|move|p1a: Serperior|Substitute|p1a: Serperior
|-start|p1a: Serperior|Substitute
|-damage|p1a: Serperior|63/100
|
|-heal|p1a: Serperior|69/100|[from] item: Leftovers
|upkeep
|turn|5
|inactive|vzn.exe has 120 seconds left.
|
|t:|1776085406
|move|p1a: Serperior|Glare|p2a: Mantra
|-status|p2a: Mantra|par
|move|p2a: Mantra|Psychic Noise|p1a: Serperior
|-damage|p1a: Serperior|40/100
|-start|p1a: Serperior|move: Heal Block
|
|upkeep
|turn|6
|inactive|vzn.exe has 120 seconds left.
|
|t:|1776085423
|move|p1a: Serperior|Leaf Storm|p2a: Mantra
|-resisted|p2a: Mantra
|-damage|p2a: Mantra|79/100 par
|-boost|p1a: Serperior|spa|2
|move|p2a: Mantra|Psychic Noise|p1a: Serperior
|-damage|p1a: Serperior|10/100
|
|-end|p1a: Serperior|move: Heal Block
|upkeep
|turn|7
|inactive|vzn.exe has 120 seconds left.
|
|t:|1776085450
|move|p1a: Serperior|Leaf Storm|p2a: Mantra
|-resisted|p2a: Mantra
|-damage|p2a: Mantra|61/100 par
|-boost|p1a: Serperior|spa|2
|move|p2a: Mantra|Psychic Noise|p1a: Serperior
|-damage|p1a: Serperior|0 fnt
|faint|p1a: Serperior
|
|upkeep
|
|t:|1776085453
|switch|p1a: Gliscor|Gliscor, M|100/100
|-damage|p1a: Gliscor|88/100|[from] Stealth Rock
|turn|8
|inactive|vzn.exe has 120 seconds left.
|
|t:|1776085470
|switch|p2a: Behemoth|Great Tusk, shiny|61/100
|-damage|p2a: Behemoth|58/100|[from] Stealth Rock
|move|p1a: Gliscor|Substitute|p1a: Gliscor
|-start|p1a: Gliscor|Substitute
|-damage|p1a: Gliscor|63/100
|
|-status|p1a: Gliscor|tox|[from] item: Toxic Orb
|upkeep
|turn|9
|inactive|vzn.exe has 120 seconds left.
|
|t:|1776085486
|move|p1a: Gliscor|Toxic|p2a: Behemoth
|-status|p2a: Behemoth|tox
|move|p2a: Behemoth|Ice Spinner|p1a: Gliscor
|-supereffective|p1a: Gliscor
|-crit|p1a: Gliscor
|-end|p1a: Gliscor|Substitute
|
|-heal|p1a: Gliscor|76/100 tox|[from] ability: Poison Heal
|-damage|p2a: Behemoth|52/100 tox|[from] psn
|upkeep
|turn|10
|inactive|vzn.exe has 120 seconds left.
|
|t:|1776085503
|move|p1a: Gliscor|Protect|p1a: Gliscor
|-singleturn|p1a: Gliscor|Protect
|move|p2a: Behemoth|Rapid Spin|p1a: Gliscor
|-activate|p1a: Gliscor|move: Protect
|
|-heal|p1a: Gliscor|88/100 tox|[from] ability: Poison Heal
|-damage|p2a: Behemoth|39/100 tox|[from] psn
|upkeep
|turn|11
|
|t:|1776085512
|move|p1a: Gliscor|Substitute|p1a: Gliscor
|-start|p1a: Gliscor|Substitute
|-damage|p1a: Gliscor|63/100 tox
|move|p2a: Behemoth|Rapid Spin|p1a: Gliscor
|-activate|p1a: Gliscor|move: Substitute|[damage]
|-sideend|p2: vzn.exe|Stealth Rock|[from] move: Rapid Spin|[of] p2a: Behemoth
|-boost|p2a: Behemoth|spe|1
|
|-damage|p2a: Behemoth|21/100 tox|[from] psn
|-heal|p1a: Gliscor|76/100 tox|[from] ability: Poison Heal
|upkeep
|turn|12
|inactive|vzn.exe has 120 seconds left.
|
|t:|1776085521
|move|p1a: Gliscor|Protect|p1a: Gliscor
|-singleturn|p1a: Gliscor|Protect
|move|p2a: Behemoth|Headlong Rush|p1a: Gliscor
|-activate|p1a: Gliscor|move: Protect
|
|-damage|p2a: Behemoth|0 fnt|[from] psn
|faint|p2a: Behemoth
|-end|p2a: Behemoth|Protosynthesis|[silent]
|-heal|p1a: Gliscor|88/100 tox|[from] ability: Poison Heal
|upkeep
|inactive|vzn.exe has 120 seconds left.
|
|t:|1776085529
|switch|p2a: Celestine|Primarina, M, shiny|100/100
|turn|13
|
|t:|1776085538
|switch|p1a: Primarina|Primarina, M|100/100
|-damage|p1a: Primarina|88/100|[from] Stealth Rock
|move|p2a: Celestine|Psychic Noise|p1a: Primarina
|-resisted|p1a: Primarina
|-damage|p1a: Primarina|77/100
|-start|p1a: Primarina|move: Heal Block
|
|upkeep
|turn|14
|inactive|vzn.exe has 120 seconds left.
|
|t:|1776085556
|move|p2a: Celestine|Moonblast|p1a: Primarina
|-damage|p1a: Primarina|46/100
|move|p1a: Primarina|Flip Turn|p2a: Celestine
|-resisted|p2a: Celestine
|-damage|p2a: Celestine|90/100
|
|t:|1776085562
|switch|p1a: Kingambit|Kingambit, M|100/100|[from] Flip Turn
|-damage|p1a: Kingambit|94/100|[from] Stealth Rock
|-activate|p1a: Kingambit|ability: Supreme Overlord
|-start|p1a: Kingambit|fallen2|[silent]
|
|-heal|p2a: Celestine|96/100|[from] item: Leftovers
|-heal|p1a: Kingambit|100/100|[from] item: Leftovers
|upkeep
|turn|15
|inactive|vzn.exe has 120 seconds left.
|
|t:|1776085578
|move|p2a: Celestine|Moonblast|p1a: Kingambit
|-damage|p1a: Kingambit|49/100
|move|p1a: Kingambit|Iron Head|p2a: Celestine
|-damage|p2a: Celestine|17/100
|
|-heal|p2a: Celestine|23/100|[from] item: Leftovers
|-heal|p1a: Kingambit|55/100|[from] item: Leftovers
|upkeep
|turn|16
|inactive|vzn.exe has 120 seconds left.
|
|t:|1776085598
|move|p1a: Kingambit|Sucker Punch|p2a: Celestine
|-resisted|p2a: Celestine
|-damage|p2a: Celestine|0 fnt
|faint|p2a: Celestine
|
|-heal|p1a: Kingambit|61/100|[from] item: Leftovers
|upkeep
|
|t:|1776085615
|switch|p2a: Gin|Enamorus, F, shiny|100/100
|turn|17
|
|t:|1776085632
|-end|p1a: Kingambit|fallen2|[silent]
|switch|p1a: Primarina|Primarina, M|46/100
|-damage|p1a: Primarina|34/100|[from] Stealth Rock
|move|p2a: Gin|Moonblast|p1a: Primarina
|-damage|p1a: Primarina|1/100
|-unboost|p1a: Primarina|spa|1
|
|upkeep
|turn|18
|
|t:|1776085649
|move|p2a: Gin|Moonblast|p1a: Primarina
|-damage|p1a: Primarina|0 fnt
|faint|p1a: Primarina
|
|upkeep
|
|t:|1776085653
|switch|p1a: Dragonite|Dragonite, M|100/100
|turn|19
|
|t:|1776085670
|-terastallize|p1a: Dragonite|Normal
|move|p1a: Dragonite|Extreme Speed|p2a: Gin
|-damage|p2a: Gin|27/100
|move|p2a: Gin|Moonblast|p1a: Dragonite
|-damage|p1a: Dragonite|75/100
|
|upkeep
|turn|20
|inactive|vzn.exe has 90 seconds left.
|
|t:|1776085688
|switch|p2a: Overgod|Kingambit, M, shiny|100/100
|-activate|p2a: Overgod|ability: Supreme Overlord
|-start|p2a: Overgod|fallen2|[silent]
|move|p1a: Dragonite|Extreme Speed|p2a: Overgod
|-resisted|p2a: Overgod
|-damage|p2a: Overgod|82/100
|
|-heal|p2a: Overgod|89/100|[from] item: Leftovers
|upkeep
|turn|21
|inactive|vzn.exe has 90 seconds left.
|
|t:|1776085705
|switch|p1a: Gliscor|Gliscor, M|88/100 tox
|-damage|p1a: Gliscor|76/100 tox|[from] Stealth Rock
|move|p2a: Overgod|Swords Dance|p2a: Overgod
|-boost|p2a: Overgod|atk|2
|
|-heal|p2a: Overgod|95/100|[from] item: Leftovers
|-heal|p1a: Gliscor|88/100 tox|[from] ability: Poison Heal
|upkeep
|turn|22
|inactive|vzn.exe has 90 seconds left.
|
|t:|1776085716
|move|p1a: Gliscor|Earthquake|p2a: Overgod
|-supereffective|p2a: Overgod
|-damage|p2a: Overgod|47/100
|move|p2a: Overgod|Kowtow Cleave|p1a: Gliscor
|-crit|p1a: Gliscor
|-damage|p1a: Gliscor|0 fnt
|faint|p1a: Gliscor
|
|-heal|p2a: Overgod|53/100|[from] item: Leftovers
|upkeep
|
|t:|1776085724
|switch|p1a: Kingambit|Kingambit, M|61/100
|-damage|p1a: Kingambit|55/100|[from] Stealth Rock
|-activate|p1a: Kingambit|ability: Supreme Overlord
|-start|p1a: Kingambit|fallen4|[silent]
|turn|23
|inactive|vzn.exe has 90 seconds left.
|
|t:|1776085740
|move|p1a: Kingambit|Low Kick|p2a: Overgod
|-supereffective|p2a: Overgod
|-damage|p2a: Overgod|0 fnt
|faint|p2a: Overgod
|-end|p2a: Overgod|fallen2|[silent]
|
|-heal|p1a: Kingambit|61/100|[from] item: Leftovers
|upkeep
|inactive|vzn.exe has 90 seconds left.
|
|t:|1776085750
|switch|p2a: Gin|Enamorus, F, shiny|27/100
|turn|24
|
|t:|1776085758
|switch|p2a: Mantra|Slowking-Galar, M, shiny|94/100 par
|move|p1a: Kingambit|Sucker Punch||[still]
|-fail|p1a: Kingambit
|
|-heal|p1a: Kingambit|68/100|[from] item: Leftovers
|upkeep
|turn|25
|
|t:|1776085767
|move|p1a: Kingambit|Kowtow Cleave|p2a: Mantra
|-supereffective|p2a: Mantra
|-damage|p2a: Mantra|0 fnt
|faint|p2a: Mantra
|
|-heal|p1a: Kingambit|74/100|[from] item: Leftovers
|upkeep
|
|t:|1776085776
|switch|p2a: Anonymous|Ogerpon, F|100/100
|turn|26
|
|t:|1776085784
|move|p2a: Anonymous|Ivy Cudgel|p1a: Kingambit
|-resisted|p1a: Kingambit
|-damage|p1a: Kingambit|47/100
|move|p1a: Kingambit|Kowtow Cleave|p2a: Anonymous
|-crit|p2a: Anonymous
|-damage|p2a: Anonymous|0 fnt
|faint|p2a: Anonymous
|
|-heal|p1a: Kingambit|53/100|[from] item: Leftovers
|upkeep
|
|t:|1776085792
|switch|p2a: Gin|Enamorus, F, shiny|27/100
|turn|27
|
|t:|1776085796
|move|p1a: Kingambit|Sucker Punch|p2a: Gin
|-resisted|p2a: Gin
|-damage|p2a: Gin|0 fnt
|faint|p2a: Gin
|
|win|thatguytmeme
|raw|thatguytmeme's rating: 1524 &rarr; <strong>1543</strong><br />(+19 for winning)
|raw|vzn.exe's rating: 1513 &rarr; <strong>1494</strong><br />(-19 for losing)
