|html|<div class="broadcast-blue"><strong>[Gen 9] OU is currently suspecting Volcarona! For information on how to participate check out the <a href="https://www.smogon.com/tools/suspects/view/208">suspect thread</a>.</strong></div>
|j|☆karmasiren
|j|☆JacquesDeAlderberg
|t:|1778502039
|gametype|singles
|player|p1|karmasiren|skyla|1480
|player|p2|JacquesDeAlderberg|265|1630
|gen|9
|tier|[Gen 9] OU
|rated|
|rule|HP Percentage Mod: HP is shown in percentages
|rule|Endless Battle Clause: Forcing endless battles is banned
|rule|Species Clause: Limit one of each Pokémon
|rule|OHKO Clause: OHKO moves are banned
|rule|Evasion Items Clause: Evasion items are banned
|rule|Evasion Moves Clause: Evasion moves are banned
|rule|Evasion Abilities Clause: Evasion abilities are banned
|rule|Sleep Moves Clause: Sleep-inducing moves are banned
|clearpoke
|poke|p1|Tinkaton, F|
|poke|p1|Ogerpon, F|
|poke|p1|Great Tusk|
|poke|p1|Pecharunt|
|poke|p1|Alomomola, M|
|poke|p1|Hydreigon, M|
|poke|p2|Clodsire, F|
|poke|p2|Conkeldurr, F|
|poke|p2|Zapdos|
|poke|p2|Ceruledge, M|
|poke|p2|Skarmory, M|
|poke|p2|Sinistcha|
|teampreview
|
|t:|1778502054
|teamsize|p1|6
|teamsize|p2|6
|start
|switch|p1a: Hybrid|Hydreigon, M, shiny|100/100
|switch|p2a: Zapdos|Zapdos|100/100
|-ability|p2a: Zapdos|Pressure
|turn|1
|inactive|Battle timer is ON: inactive players will automatically lose when time's up. (requested by karmasiren)
|l|☆karmasiren
|inactive|karmasiren disconnected and has a minute to reconnect!
|player|p1|
|j|☆karmasiren
|inactive|karmasiren reconnected and has 135 seconds left.
|player|p1|karmasiren|skyla|
|
|t:|1778502089
|move|p2a: Zapdos|Volt Switch|p1a: Hybrid
|-resisted|p1a: Hybrid
|-damage|p1a: Hybrid|81/100
|
|t:|1778502105
|switch|p2a: Conkeldurr|Conkeldurr, F|100/100|[from] Volt Switch
|move|p1a: Hybrid|Draco Meteor|p2a: Conkeldurr
|-damage|p2a: Conkeldurr|40/100
|-unboost|p1a: Hybrid|spa|2
|
|upkeep
|turn|2
|
|t:|1778502112
|switch|p1a: Overseer|Pecharunt|100/100
|move|p2a: Conkeldurr|Knock Off|p1a: Overseer
|-supereffective|p1a: Overseer
|-damage|p1a: Overseer|73/100
|-damage|p2a: Conkeldurr|23/100|[from] item: Rocky Helmet|[of] p1a: Overseer
|-enditem|p1a: Overseer|Rocky Helmet|[from] move: Knock Off|[of] p2a: Conkeldurr
|
|upkeep
|turn|3
|
|t:|1778502122
|switch|p2a: Skarmory|Skarmory, M|100/100
|move|p1a: Overseer|Parting Shot|p2a: Skarmory
|-unboost|p2a: Skarmory|atk|1
|-unboost|p2a: Skarmory|spa|1
|
|t:|1778502125
|switch|p1a: Hybrid|Hydreigon, M, shiny|81/100|[from] Parting Shot
|
|upkeep
|turn|4
|
|t:|1778502129
|move|p1a: Hybrid|Dark Pulse|p2a: Skarmory
|-damage|p2a: Skarmory|39/100
|move|p2a: Skarmory|Roost|p2a: Skarmory
|-heal|p2a: Skarmory|89/100
|-singleturn|p2a: Skarmory|move: Roost
|
|-heal|p2a: Skarmory|95/100|[from] item: Leftovers
|upkeep
|turn|5
|
|t:|1778502133
|move|p1a: Hybrid|Dark Pulse|p2a: Skarmory
|-damage|p2a: Skarmory|32/100
|move|p2a: Skarmory|Whirlwind|p1a: Hybrid
|drag|p1a: Behemoth|Great Tusk, shiny|100/100
|
|-heal|p2a: Skarmory|38/100|[from] item: Leftovers
|upkeep
|turn|6
|
|t:|1778502137
|move|p1a: Behemoth|Close Combat|p2a: Skarmory
|-damage|p2a: Skarmory|0 fnt
|-unboost|p1a: Behemoth|def|1
|-unboost|p1a: Behemoth|spd|1
|faint|p2a: Skarmory
|
|upkeep
|
|t:|1778502141
|switch|p2a: Sinistcha|Sinistcha|100/100
|turn|7
|
|t:|1778502145
|-end|p1a: Behemoth|Protosynthesis|[silent]
|switch|p1a: Hybrid|Hydreigon, M, shiny|81/100
|move|p2a: Sinistcha|Matcha Gotcha|p1a: Hybrid
|-resisted|p1a: Hybrid
|-damage|p1a: Hybrid|61/100
|
|upkeep
|turn|8
|
|t:|1778502148
|switch|p2a: Clodsire|Clodsire, F|100/100
|move|p1a: Hybrid|Dark Pulse|p2a: Clodsire
|-damage|p2a: Clodsire|60/100
|
|-heal|p2a: Clodsire|66/100|[from] item: Leftovers
|upkeep
|turn|9
|
|t:|1778502153
|switch|p1a: Smile.exe|Tinkaton, F, shiny|100/100
|-item|p1a: Smile.exe|Air Balloon
|move|p2a: Clodsire|Stealth Rock|p1a: Smile.exe
|-sidestart|p1: karmasiren|move: Stealth Rock
|
|-heal|p2a: Clodsire|72/100|[from] item: Leftovers
|upkeep
|turn|10
|
|t:|1778502157
|switch|p2a: Zapdos|Zapdos|100/100
|-ability|p2a: Zapdos|Pressure
|move|p1a: Smile.exe|Stealth Rock|p2a: Zapdos
|-sidestart|p2: JacquesDeAlderberg|move: Stealth Rock
|
|upkeep
|turn|11
|
|t:|1778502163
|switch|p1a: Behemoth|Great Tusk, shiny|100/100
|move|p2a: Zapdos|Heat Wave|p1a: Behemoth
|-damage|p1a: Behemoth|48/100
|
|upkeep
|turn|12
|
|t:|1778502173
|-end|p1a: Behemoth|Protosynthesis|[silent]
|switch|p1a: Pisces|Alomomola, M, shiny|100/100
|-damage|p1a: Pisces|88/100|[from] Stealth Rock
|move|p2a: Zapdos|Heat Wave|p1a: Pisces
|-resisted|p1a: Pisces
|-crit|p1a: Pisces
|-damage|p1a: Pisces|77/100
|
|upkeep
|turn|13
|
|t:|1778502177
|switch|p2a: Clodsire|Clodsire, F|72/100
|-damage|p2a: Clodsire|66/100|[from] Stealth Rock
|move|p1a: Pisces|Mirror Coat||[still]
|-fail|p1a: Pisces
|
|-heal|p2a: Clodsire|72/100|[from] item: Leftovers
|upkeep
|turn|14
|
|t:|1778502181
|move|p1a: Pisces|Flip Turn|p2a: Clodsire
|-heal|p2a: Clodsire|97/100|[from] ability: Water Absorb|[of] p1a: Pisces
|move|p2a: Clodsire|Toxic|p1a: Pisces
|-status|p1a: Pisces|tox
|
|-heal|p2a: Clodsire|100/100|[from] item: Leftovers
|-damage|p1a: Pisces|71/100 tox|[from] psn
|upkeep
|turn|15
|
|t:|1778502189
|switch|p1a: Behemoth|Great Tusk, shiny|48/100
|switch|p2a: Zapdos|Zapdos|100/100
|-ability|p2a: Zapdos|Pressure
|
|upkeep
|turn|16
|
|t:|1778502195
|move|p2a: Zapdos|Heat Wave|p1a: Behemoth
|-damage|p1a: Behemoth|2/100
|move|p1a: Behemoth|Rapid Spin|p2a: Zapdos
|-damage|p2a: Zapdos|79/100
|-boost|p1a: Behemoth|spe|1
|-sideend|p1: karmasiren|Stealth Rock|[from] move: Rapid Spin|[of] p1a: Behemoth
|
|upkeep
|turn|17
|
|t:|1778502200
|move|p1a: Behemoth|Ice Spinner|p2a: Zapdos
|-supereffective|p2a: Zapdos
|-damage|p2a: Zapdos|15/100
|move|p2a: Zapdos|Roost|p2a: Zapdos
|-heal|p2a: Zapdos|66/100
|-singleturn|p2a: Zapdos|move: Roost
|
|upkeep
|turn|18
|
|t:|1778502205
|switch|p2a: Ceruledge|Ceruledge, M|100/100
|move|p1a: Behemoth|Headlong Rush|p2a: Ceruledge
|-supereffective|p2a: Ceruledge
|-damage|p2a: Ceruledge|0 fnt
|-unboost|p1a: Behemoth|def|1
|-unboost|p1a: Behemoth|spd|1
|faint|p2a: Ceruledge
|
|upkeep
|c|☆JacquesDeAlderberg|bruh
|
|t:|1778502218
|switch|p2a: Sinistcha|Sinistcha|100/100
|turn|19
|
|t:|1778502221
|-end|p1a: Behemoth|Protosynthesis|[silent]
|switch|p1a: Hybrid|Hydreigon, M, shiny|61/100
|move|p2a: Sinistcha|Strength Sap|p1a: Hybrid
|-unboost|p1a: Hybrid|atk|1
|
|upkeep
|turn|20
|
|t:|1778502226
|switch|p2a: Clodsire|Clodsire, F|100/100
|-damage|p2a: Clodsire|94/100|[from] Stealth Rock
|move|p1a: Hybrid|Dark Pulse|p2a: Clodsire
|-damage|p2a: Clodsire|52/100
|
|-heal|p2a: Clodsire|58/100|[from] item: Leftovers
|upkeep
|turn|21
|
|t:|1778502229
|move|p1a: Hybrid|Dark Pulse|p2a: Clodsire
|-damage|p2a: Clodsire|18/100
|cant|p2a: Clodsire|flinch
|
|-heal|p2a: Clodsire|24/100|[from] item: Leftovers
|upkeep
|turn|22
|c|☆JacquesDeAlderberg|BRUH
|
|t:|1778502238
|-terastallize|p2a: Clodsire|Dark
|move|p1a: Hybrid|Dark Pulse|p2a: Clodsire
|-resisted|p2a: Clodsire
|-damage|p2a: Clodsire|3/100
|cant|p2a: Clodsire|flinch
|
|-heal|p2a: Clodsire|9/100|[from] item: Leftovers
|upkeep
|turn|23
|c|☆karmasiren|gg
|c|☆JacquesDeAlderberg|so lucky
|c|☆karmasiren|you are losing pretty bad regardless but yeah
|inactive|JacquesDeAlderberg has 120 seconds left.
|c|☆JacquesDeAlderberg|yeah, because you got low roll on tusk
|c|☆JacquesDeAlderberg|which was dumb play to stay in
|inactive|JacquesDeAlderberg has 90 seconds left.
|c|☆karmasiren|and because i read your ceruledge switch in
|inactive|JacquesDeAlderberg has 60 seconds left.
|c|☆karmasiren|you gotta make a good recovery move when you down dog
|c|☆JacquesDeAlderberg|down to luck
|c|☆karmasiren|tru
|-message|JacquesDeAlderberg forfeited.
|
|win|karmasiren
|raw|karmasiren's rating: 1480 &rarr; <strong>1508</strong><br />(+28 for winning)
|raw|JacquesDeAlderberg's rating: 1630 &rarr; <strong>1602</strong><br />(-28 for losing)
|l|☆JacquesDeAlderberg
|player|p2|
|l|☆karmasiren
|player|p1|
