|html|<div class="broadcast-blue"><strong>[Gen 9] OU is currently suspecting Tera Blast! For information on how to participate check out the <a href="https://www.smogon.com/tools/suspects/view/200">suspect thread</a>.</strong></div>
|j|☆flayedcorpseofgod
|j|☆skopergmamer
|t:|1776039936
|gametype|singles
|player|p1|flayedcorpseofgod|cynthia|1287
|player|p2|skopergmamer|102|1290
|gen|9
|tier|[Gen 9] OU
|rated|
|rule|HP Percentage Mod: HP is shown in percentages
|rule|Endless Battle Clause: Forcing endless battles is banned
|rule|Species Clause: Limit one of each Pokémon
|rule|OHKO Clause: OHKO moves are banned
|rule|Evasion Items Clause: Evasion items are banned
|rule|Evasion Moves Clause: Evasion moves are banned
|rule|Evasion Abilities Clause: Evasion abilities are banned
|rule|Sleep Moves Clause: Sleep-inducing moves are banned
|clearpoke
|poke|p1|Gholdengo|
|poke|p1|Kingambit, F|
|poke|p1|Gliscor, F|
|poke|p1|Reuniclus, F|
|poke|p1|Iron Valiant|
|poke|p1|Ogerpon-Wellspring, F|
|poke|p2|Heatran, F|
|poke|p2|Toxapex, F|
|poke|p2|Dragapult, F|
|poke|p2|Clefable, F|
|poke|p2|Quaquaval, M|
|poke|p2|Meowscarada, F|
|teampreview
|inactive|Battle timer is ON: inactive players will automatically lose when time's up. (requested by flayedcorpseofgod)
|
|t:|1776039942
|teamsize|p1|6
|teamsize|p2|6
|start
|switch|p1a: Gliscor|Gliscor, F|100/100
|switch|p2a: Toxapex|Toxapex, F|100/100
|turn|1
|
|t:|1776039945
|move|p1a: Gliscor|Protect|p1a: Gliscor
|-singleturn|p1a: Gliscor|Protect
|move|p2a: Toxapex|Toxic Spikes|p1a: Gliscor
|-sidestart|p1: flayedcorpseofgod|move: Toxic Spikes
|
|-status|p1a: Gliscor|tox|[from] item: Toxic Orb
|upkeep
|turn|2
|
|t:|1776039947
|move|p1a: Gliscor|Swords Dance|p1a: Gliscor
|-boost|p1a: Gliscor|atk|2
|move|p2a: Toxapex|Toxic Spikes|p1a: Gliscor
|-sidestart|p1: flayedcorpseofgod|move: Toxic Spikes
|
|upkeep
|turn|3
|
|t:|1776039952
|switch|p2a: Clefable|Clefable, F|100/100
|move|p1a: Gliscor|Swords Dance|p1a: Gliscor
|-boost|p1a: Gliscor|atk|2
|
|upkeep
|turn|4
|
|t:|1776039956
|move|p1a: Gliscor|Earthquake|p2a: Clefable
|-crit|p2a: Clefable
|-damage|p2a: Clefable|57/100
|move|p2a: Clefable|Moonblast|p1a: Gliscor
|-damage|p1a: Gliscor|70/100 tox
|
|-heal|p2a: Clefable|63/100|[from] item: Leftovers
|-heal|p1a: Gliscor|82/100 tox|[from] ability: Poison Heal
|upkeep
|turn|5
|
|t:|1776039963
|move|p1a: Gliscor|Earthquake|p2a: Clefable
|-damage|p2a: Clefable|33/100
|move|p2a: Clefable|Wish|p2a: Clefable
|
|-heal|p2a: Clefable|39/100|[from] item: Leftovers
|-heal|p1a: Gliscor|95/100 tox|[from] ability: Poison Heal
|upkeep
|turn|6
|
|t:|1776039986
|move|p1a: Gliscor|Swords Dance|p1a: Gliscor
|-boost|p1a: Gliscor|atk|2
|move|p2a: Clefable|Moonblast|p1a: Gliscor
|-damage|p1a: Gliscor|67/100 tox
|
|-heal|p2a: Clefable|89/100|[from] move: Wish|[wisher] Clefable
|-heal|p2a: Clefable|95/100|[from] item: Leftovers
|-heal|p1a: Gliscor|79/100 tox|[from] ability: Poison Heal
|upkeep
|turn|7
|
|t:|1776039993
|move|p1a: Gliscor|Knock Off|p2a: Clefable
|-resisted|p2a: Clefable
|-damage|p2a: Clefable|86/100
|-enditem|p2a: Clefable|Leftovers|[from] move: Knock Off|[of] p1a: Gliscor
|move|p2a: Clefable|Wish|p2a: Clefable
|
|-heal|p1a: Gliscor|92/100 tox|[from] ability: Poison Heal
|upkeep
|turn|8
|
|t:|1776039996
|move|p1a: Gliscor|Earthquake|p2a: Clefable
|-damage|p2a: Clefable|56/100
|move|p2a: Clefable|Moonblast|p1a: Gliscor
|-damage|p1a: Gliscor|61/100 tox
|
|-heal|p2a: Clefable|100/100|[from] move: Wish|[wisher] Clefable
|-heal|p1a: Gliscor|74/100 tox|[from] ability: Poison Heal
|upkeep
|turn|9
|
|t:|1776040004
|move|p1a: Gliscor|Earthquake|p2a: Clefable
|-damage|p2a: Clefable|69/100
|move|p2a: Clefable|Wish|p2a: Clefable
|
|-heal|p1a: Gliscor|86/100 tox|[from] ability: Poison Heal
|upkeep
|turn|10
|
|t:|1776040029
|move|p1a: Gliscor|Knock Off|p2a: Clefable
|-resisted|p2a: Clefable
|-damage|p2a: Clefable|62/100
|move|p2a: Clefable|Moonblast|p1a: Gliscor
|-damage|p1a: Gliscor|56/100 tox
|-unboost|p1a: Gliscor|spa|1
|
|-heal|p2a: Clefable|100/100|[from] move: Wish|[wisher] Clefable
|-heal|p1a: Gliscor|68/100 tox|[from] ability: Poison Heal
|upkeep
|turn|11
|
|t:|1776040037
|move|p1a: Gliscor|Knock Off|p2a: Clefable
|-resisted|p2a: Clefable
|-damage|p2a: Clefable|94/100
|move|p2a: Clefable|Wish|p2a: Clefable
|
|-heal|p1a: Gliscor|81/100 tox|[from] ability: Poison Heal
|upkeep
|turn|12
|
|t:|1776040039
|move|p1a: Gliscor|Knock Off|p2a: Clefable
|-resisted|p2a: Clefable
|-damage|p2a: Clefable|88/100
|move|p2a: Clefable|Moonblast|p1a: Gliscor
|-damage|p1a: Gliscor|52/100 tox
|
|-heal|p2a: Clefable|100/100|[from] move: Wish|[wisher] Clefable
|-heal|p1a: Gliscor|64/100 tox|[from] ability: Poison Heal
|upkeep
|turn|13
|
|t:|1776040042
|move|p1a: Gliscor|Knock Off|p2a: Clefable
|-resisted|p2a: Clefable
|-damage|p2a: Clefable|94/100
|move|p2a: Clefable|Moonblast|p1a: Gliscor
|-damage|p1a: Gliscor|35/100 tox
|-unboost|p1a: Gliscor|spa|1
|
|-heal|p1a: Gliscor|47/100 tox|[from] ability: Poison Heal
|upkeep
|turn|14
|
|t:|1776040044
|move|p1a: Gliscor|Protect|p1a: Gliscor
|-singleturn|p1a: Gliscor|Protect
|move|p2a: Clefable|Moonblast|p1a: Gliscor
|-activate|p1a: Gliscor|move: Protect
|
|-heal|p1a: Gliscor|60/100 tox|[from] ability: Poison Heal
|upkeep
|turn|15
|
|t:|1776040048
|move|p1a: Gliscor|Knock Off|p2a: Clefable
|-resisted|p2a: Clefable
|-damage|p2a: Clefable|88/100
|move|p2a: Clefable|Flamethrower|p1a: Gliscor
|-damage|p1a: Gliscor|43/100 tox
|
|-heal|p1a: Gliscor|55/100 tox|[from] ability: Poison Heal
|upkeep
|turn|16
|
|t:|1776040057
|move|p1a: Gliscor|Protect|p1a: Gliscor
|-singleturn|p1a: Gliscor|Protect
|move|p2a: Clefable|Flamethrower|p1a: Gliscor
|-activate|p1a: Gliscor|move: Protect
|
|-heal|p1a: Gliscor|68/100 tox|[from] ability: Poison Heal
|upkeep
|turn|17
|
|t:|1776040067
|move|p1a: Gliscor|Earthquake|p2a: Clefable
|-damage|p2a: Clefable|55/100
|move|p2a: Clefable|Moonblast|p1a: Gliscor
|-damage|p1a: Gliscor|40/100 tox
|
|-heal|p1a: Gliscor|53/100 tox|[from] ability: Poison Heal
|upkeep
|turn|18
|
|t:|1776040077
|move|p1a: Gliscor|Earthquake|p2a: Clefable
|-damage|p2a: Clefable|23/100
|move|p2a: Clefable|Wish|p2a: Clefable
|
|-heal|p1a: Gliscor|65/100 tox|[from] ability: Poison Heal
|upkeep
|turn|19
|
|t:|1776040080
|move|p1a: Gliscor|Earthquake|p2a: Clefable
|-damage|p2a: Clefable|0 fnt
|faint|p2a: Clefable
|
|-heal|p1a: Gliscor|78/100 tox|[from] ability: Poison Heal
|upkeep
|
|t:|1776040083
|switch|p2a: Dragapult|Dragapult, F|100/100
|turn|20
|
|t:|1776040087
|move|p2a: Dragapult|Hex|p1a: Gliscor
|-damage|p1a: Gliscor|6/100 tox
|move|p1a: Gliscor|Knock Off|p2a: Dragapult
|-supereffective|p2a: Dragapult
|-damage|p2a: Dragapult|0 fnt
|-enditem|p2a: Dragapult|Choice Specs|[from] move: Knock Off|[of] p1a: Gliscor
|faint|p2a: Dragapult
|
|-heal|p1a: Gliscor|19/100 tox|[from] ability: Poison Heal
|upkeep
|
|t:|1776040093
|switch|p2a: Quaquaval|Quaquaval, M|100/100
|turn|21
|
|t:|1776040096
|-terastallize|p2a: Quaquaval|Water
|move|p1a: Gliscor|Protect|p1a: Gliscor
|-singleturn|p1a: Gliscor|Protect
|move|p2a: Quaquaval|Aqua Step|p1a: Gliscor
|-activate|p1a: Gliscor|move: Protect
|
|-heal|p1a: Gliscor|31/100 tox|[from] ability: Poison Heal
|upkeep
|turn|22
|
|t:|1776040103
|-terastallize|p1a: Gliscor|Water
|move|p2a: Quaquaval|Aqua Step|p1a: Gliscor
|-resisted|p1a: Gliscor
|-damage|p1a: Gliscor|10/100 tox
|-boost|p2a: Quaquaval|spe|1
|move|p1a: Gliscor|Knock Off|p2a: Quaquaval
|-damage|p2a: Quaquaval|0 fnt
|-enditem|p2a: Quaquaval|Heavy-Duty Boots|[from] move: Knock Off|[of] p1a: Gliscor
|faint|p2a: Quaquaval
|
|-heal|p1a: Gliscor|23/100 tox|[from] ability: Poison Heal
|upkeep
|
|t:|1776040107
|switch|p2a: Meowscarada|Meowscarada, F|100/100
|turn|23
|
|t:|1776040111
|move|p1a: Gliscor|Protect|p1a: Gliscor
|-singleturn|p1a: Gliscor|Protect
|move|p2a: Meowscarada|Flower Trick|p1a: Gliscor
|-start|p2a: Meowscarada|typechange|Grass|[from] ability: Protean
|-activate|p1a: Gliscor|move: Protect
|
|-heal|p1a: Gliscor|35/100 tox|[from] ability: Poison Heal
|upkeep
|turn|24
|
|t:|1776040113
|move|p2a: Meowscarada|Flower Trick|p1a: Gliscor
|-supereffective|p1a: Gliscor
|-crit|p1a: Gliscor
|-damage|p1a: Gliscor|0 fnt
|faint|p1a: Gliscor
|
|upkeep
|
|t:|1776040124
|switch|p1a: Kingambit|Kingambit, F|100/100
|-activate|p1a: Kingambit|ability: Supreme Overlord
|-start|p1a: Kingambit|fallen1|[silent]
|turn|25
|
|t:|1776040128
|switch|p2a: Heatran|Heatran, F|100/100
|move|p1a: Kingambit|Swords Dance|p1a: Kingambit
|-boost|p1a: Kingambit|atk|2
|
|upkeep
|turn|26
|
|t:|1776040132
|move|p1a: Kingambit|Sucker Punch||[still]
|-fail|p1a: Kingambit
|move|p2a: Heatran|Will-O-Wisp|p1a: Kingambit
|-status|p1a: Kingambit|brn
|
|-damage|p1a: Kingambit|94/100 brn|[from] brn
|upkeep
|turn|27
|
|t:|1776040137
|move|p2a: Heatran|Stealth Rock|p1a: Kingambit
|-sidestart|p1: flayedcorpseofgod|move: Stealth Rock
|move|p1a: Kingambit|Kowtow Cleave|p2a: Heatran
|-damage|p2a: Heatran|49/100
|
|-heal|p2a: Heatran|55/100|[from] item: Leftovers
|-heal|p1a: Kingambit|100/100 brn|[from] item: Leftovers
|-damage|p1a: Kingambit|94/100 brn|[from] brn
|upkeep
|turn|28
|
|t:|1776040142
|move|p2a: Heatran|Flamethrower|p1a: Kingambit
|-supereffective|p1a: Kingambit
|-damage|p1a: Kingambit|14/100 brn
|move|p1a: Kingambit|Kowtow Cleave|p2a: Heatran
|-damage|p2a: Heatran|6/100
|
|-heal|p2a: Heatran|12/100|[from] item: Leftovers
|-heal|p1a: Kingambit|20/100 brn|[from] item: Leftovers
|-damage|p1a: Kingambit|14/100 brn|[from] brn
|upkeep
|turn|29
|
|t:|1776040158
|move|p2a: Heatran|Flamethrower|p1a: Kingambit
|-supereffective|p1a: Kingambit
|-damage|p1a: Kingambit|0 fnt
|faint|p1a: Kingambit
|-end|p1a: Kingambit|fallen1|[silent]
|
|-heal|p2a: Heatran|18/100|[from] item: Leftovers
|upkeep
|
|t:|1776040172
|switch|p1a: Ogerpon|Ogerpon-Wellspring, F|100/100
|-status|p1a: Ogerpon|tox
|-damage|p1a: Ogerpon|88/100 tox|[from] Stealth Rock
|turn|30
|
|t:|1776040180
|switch|p2a: Meowscarada|Meowscarada, F|100/100
|move|p1a: Ogerpon|Ivy Cudgel|p2a: Meowscarada|[anim] Ivy Cudgel Water
|-resisted|p2a: Meowscarada
|-damage|p2a: Meowscarada|54/100
|
|-damage|p1a: Ogerpon|82/100 tox|[from] psn
|upkeep
|turn|31
|
|t:|1776040186
|move|p2a: Meowscarada|U-turn|p1a: Ogerpon
|-start|p2a: Meowscarada|typechange|Bug|[from] ability: Protean
|-supereffective|p1a: Ogerpon
|-damage|p1a: Ogerpon|0 fnt
|faint|p1a: Ogerpon
|
|t:|1776040192
|switch|p2a: Toxapex|Toxapex, F|100/100|[from] U-turn
|
|upkeep
|
|t:|1776040195
|switch|p1a: ooey gooey|Reuniclus, F|100/100
|-status|p1a: ooey gooey|tox
|turn|32
|
|t:|1776040201
|switch|p2a: Meowscarada|Meowscarada, F|54/100
|move|p1a: ooey gooey|Calm Mind|p1a: ooey gooey
|-boost|p1a: ooey gooey|spa|1
|-boost|p1a: ooey gooey|spd|1
|
|upkeep
|turn|33
|
|t:|1776040206
|move|p2a: Meowscarada|Knock Off|p1a: ooey gooey
|-start|p2a: Meowscarada|typechange|Dark|[from] ability: Protean
|-supereffective|p1a: ooey gooey
|-damage|p1a: ooey gooey|33/100 tox
|-enditem|p1a: ooey gooey|Life Orb|[from] move: Knock Off|[of] p2a: Meowscarada
|move|p1a: ooey gooey|Focus Blast|p2a: Meowscarada
|-supereffective|p2a: Meowscarada
|-damage|p2a: Meowscarada|0 fnt
|faint|p2a: Meowscarada
|
|upkeep
|
|t:|1776040220
|switch|p2a: Heatran|Heatran, F|18/100
|turn|34
|
|t:|1776040227
|move|p2a: Heatran|Flamethrower|p1a: ooey gooey
|-crit|p1a: ooey gooey
|-damage|p1a: ooey gooey|0 fnt
|faint|p1a: ooey gooey
|
|-heal|p2a: Heatran|24/100|[from] item: Leftovers
|upkeep
|
|t:|1776040230
|switch|p1a: Gholdengo|Gholdengo|100/100
|-damage|p1a: Gholdengo|94/100|[from] Stealth Rock
|turn|35
|
|t:|1776040239
|move|p1a: Gholdengo|Shadow Ball|p2a: Heatran
|-damage|p2a: Heatran|0 fnt
|faint|p2a: Heatran
|
|upkeep
|
|t:|1776040242
|switch|p2a: Toxapex|Toxapex, F|100/100
|turn|36
|
|t:|1776040245
|move|p1a: Gholdengo|Nasty Plot|p1a: Gholdengo
|-boost|p1a: Gholdengo|spa|2
|move|p2a: Toxapex|Infestation|p1a: Gholdengo
|-resisted|p1a: Gholdengo
|-damage|p1a: Gholdengo|94/100
|-activate|p1a: Gholdengo|move: Infestation|[of] p2a: Toxapex
|
|-damage|p1a: Gholdengo|81/100|[from] move: Infestation|[partiallytrapped]
|upkeep
|turn|37
|
|t:|1776040250
|move|p1a: Gholdengo|Shadow Ball|p2a: Toxapex
|-damage|p2a: Toxapex|35/100
|move|p2a: Toxapex|Infestation|p1a: Gholdengo
|-resisted|p1a: Gholdengo
|-damage|p1a: Gholdengo|80/100
|
|-heal|p2a: Toxapex|42/100|[from] item: Black Sludge
|-damage|p1a: Gholdengo|68/100|[from] move: Infestation|[partiallytrapped]
|upkeep
|turn|38
|-message|skopergmamer forfeited.
|
|win|flayedcorpseofgod
|raw|flayedcorpseofgod's rating: 1287 &rarr; <strong>1312</strong><br />(+25 for winning)
|raw|skopergmamer's rating: 1290 &rarr; <strong>1265</strong><br />(-25 for losing)
|l|☆skopergmamer
|player|p2|
|l|☆flayedcorpseofgod
|player|p1|
