|html|<div class="broadcast-blue"><strong>[Gen 9] OU is currently suspecting Tera Blast! For information on how to participate check out the <a href="https://www.smogon.com/tools/suspects/view/200">suspect thread</a>.</strong></div>
|j|☆sheisticle crash
|j|☆mathismathin
|t:|1776107958
|gametype|singles
|player|p1|sheisticle crash|1|1729
|player|p2|mathismathin|bugsy-masters|1833
|gen|9
|tier|[Gen 9] OU
|rated|
|rule|HP Percentage Mod: HP is shown in percentages
|rule|Endless Battle Clause: Forcing endless battles is banned
|rule|Species Clause: Limit one of each Pokémon
|rule|OHKO Clause: OHKO moves are banned
|rule|Evasion Items Clause: Evasion items are banned
|rule|Evasion Moves Clause: Evasion moves are banned
|rule|Evasion Abilities Clause: Evasion abilities are banned
|rule|Sleep Moves Clause: Sleep-inducing moves are banned
|clearpoke
|poke|p1|Garganacl, F|
|poke|p1|Dragapult, M|
|poke|p1|Ogerpon-Wellspring, F|
|poke|p1|Zapdos|
|poke|p1|Zamazenta-*|
|poke|p1|Iron Treads|
|poke|p2|Enamorus, F|
|poke|p2|Scizor, F|
|poke|p2|Alomomola, F|
|poke|p2|Ditto|
|poke|p2|Maushold-Four|
|poke|p2|Great Tusk|
|teampreview
|inactive|Battle timer is ON: inactive players will automatically lose when time's up. (requested by sheisticle crash)
|
|t:|1776108005
|teamsize|p1|6
|teamsize|p2|6
|start
|switch|p1a: Zapdos|Zapdos|100/100
|switch|p2a: Ditto|Ditto|100/100
|-transform|p2a: Ditto|p1a: Zapdos|[from] ability: Imposter
|turn|1
|j| Eternity o2
|
|t:|1776108027
|move|p1a: Zapdos|Discharge|p2a: Ditto
|-damage|p2a: Ditto|56/100
|move|p2a: Ditto|U-turn|p1a: Zapdos
|-resisted|p1a: Zapdos
|-damage|p1a: Zapdos|96/100
|
|t:|1776108030
|switch|p2a: Enamorus|Enamorus, F|100/100|[from] U-turn
|
|upkeep
|turn|2
|
|t:|1776108046
|switch|p1a: Iron Treads|Iron Treads|100/100
|-terastallize|p2a: Enamorus|Fairy
|move|p2a: Enamorus|Moonblast|p1a: Iron Treads
|-resisted|p1a: Iron Treads
|-damage|p1a: Iron Treads|63/100
|
|-heal|p1a: Iron Treads|69/100|[from] item: Leftovers
|upkeep
|turn|3
|c| Eternity o2|GL sheisticle crash
|j| 9qf2l
|l| 9qf2l
|inactive|sheisticle crash has 120 seconds left.
|
|t:|1776108077
|move|p2a: Enamorus|Moonblast|p1a: Iron Treads
|-resisted|p1a: Iron Treads
|-damage|p1a: Iron Treads|25/100
|-unboost|p1a: Iron Treads|spa|1
|move|p1a: Iron Treads|Knock Off|p2a: Enamorus
|-resisted|p2a: Enamorus
|-crit|p2a: Enamorus
|-damage|p2a: Enamorus|69/100
|-enditem|p2a: Enamorus|Choice Specs|[from] move: Knock Off|[of] p1a: Iron Treads
|
|-heal|p1a: Iron Treads|31/100|[from] item: Leftovers
|upkeep
|turn|4
|inactive|sheisticle crash has 120 seconds left.
|inactive|mathismathin has 120 seconds left.
|j| bbrread
|inactive|mathismathin has 90 seconds left.
|
|t:|1776108148
|move|p2a: Enamorus|Moonblast|p1a: Iron Treads
|-resisted|p1a: Iron Treads
|-damage|p1a: Iron Treads|3/100
|move|p1a: Iron Treads|Stealth Rock|p2a: Enamorus
|-sidestart|p2: mathismathin|move: Stealth Rock
|
|-heal|p1a: Iron Treads|9/100|[from] item: Leftovers
|upkeep
|turn|5
|inactive|sheisticle crash has 120 seconds left.
|
|t:|1776108155
|move|p2a: Enamorus|Moonblast|p1a: Iron Treads
|-resisted|p1a: Iron Treads
|-damage|p1a: Iron Treads|0 fnt
|faint|p1a: Iron Treads
|-end|p1a: Iron Treads|Quark Drive|[silent]
|
|upkeep
|
|t:|1776108159
|switch|p1a: Ogerpon|Ogerpon-Wellspring, F|100/100
|turn|6
|
|t:|1776108167
|switch|p2a: Ditto|Ditto|56/100
|-damage|p2a: Ditto|44/100|[from] Stealth Rock
|-transform|p2a: Ditto|p1a: Ogerpon|[from] ability: Imposter
|move|p1a: Ogerpon|Ivy Cudgel|p2a: Ditto|[anim] Ivy Cudgel Water
|-heal|p2a: Ditto|69/100|[from] ability: Water Absorb|[of] p1a: Ogerpon
|
|upkeep
|turn|7
|
|t:|1776108185
|move|p2a: Ditto|U-turn|p1a: Ogerpon
|-supereffective|p1a: Ogerpon
|-damage|p1a: Ogerpon|38/100
|
|t:|1776108203
|switch|p2a: Alomomola|Alomomola, F|100/100|[from] U-turn
|-damage|p2a: Alomomola|88/100|[from] Stealth Rock
|move|p1a: Ogerpon|Horn Leech|p2a: Alomomola
|-supereffective|p2a: Alomomola
|-damage|p2a: Alomomola|30/100
|-heal|p1a: Ogerpon|86/100|[from] drain|[of] p2a: Alomomola
|
|upkeep
|turn|8
|
|t:|1776108214
|switch|p2a: Scizor|Scizor, F|100/100
|-damage|p2a: Scizor|88/100|[from] Stealth Rock
|move|p1a: Ogerpon|U-turn|p2a: Scizor
|-resisted|p2a: Scizor
|-damage|p2a: Scizor|72/100
|l| bbrread
|
|t:|1776108234
|switch|p1a: Dragapult|Dragapult, M|100/100|[from] U-turn
|
|upkeep
|turn|9
|j| 40 crip
|
|t:|1776108245
|move|p1a: Dragapult|Flamethrower|p2a: Scizor
|-supereffective|p2a: Scizor
|-damage|p2a: Scizor|0 fnt
|faint|p2a: Scizor
|
|upkeep
|
|t:|1776108258
|switch|p2a: Great Tusk|Great Tusk|100/100
|-damage|p2a: Great Tusk|97/100|[from] Stealth Rock
|-enditem|p2a: Great Tusk|Booster Energy
|-activate|p2a: Great Tusk|ability: Protosynthesis|[fromitem]
|-start|p2a: Great Tusk|protosynthesisspe
|turn|10
|inactive|sheisticle crash has 120 seconds left.
|
|t:|1776108296
|switch|p1a: Zapdos|Zapdos|96/100
|move|p2a: Great Tusk|Bulk Up|p2a: Great Tusk
|-boost|p2a: Great Tusk|atk|1
|-boost|p2a: Great Tusk|def|1
|
|upkeep
|turn|11
|inactive|mathismathin has 120 seconds left.
|
|t:|1776108317
|move|p2a: Great Tusk|Ice Spinner|p1a: Zapdos
|-supereffective|p1a: Zapdos
|-damage|p1a: Zapdos|47/100
|move|p1a: Zapdos|Hurricane|p2a: Great Tusk
|-supereffective|p2a: Great Tusk
|-damage|p2a: Great Tusk|0 fnt
|faint|p2a: Great Tusk
|-end|p2a: Great Tusk|Protosynthesis|[silent]
|
|upkeep
|
|t:|1776108319
|switch|p2a: Enamorus|Enamorus, F, tera:Fairy|69/100
|-damage|p2a: Enamorus|57/100|[from] Stealth Rock
|turn|12
|inactive|sheisticle crash has 120 seconds left.
|
|t:|1776108361
|switch|p1a: Garganacl|Garganacl, F|100/100
|move|p2a: Enamorus|Moonblast|p1a: Garganacl
|-crit|p1a: Garganacl
|-damage|p1a: Garganacl|32/100
|-unboost|p1a: Garganacl|spa|1
|
|-heal|p1a: Garganacl|38/100|[from] item: Leftovers
|upkeep
|turn|13
|inactive|mathismathin has 120 seconds left.
|inactive|mathismathin has 90 seconds left.
|inactive|mathismathin has 60 seconds left.
|
|t:|1776108435
|move|p2a: Enamorus|Moonblast|p1a: Garganacl
|-damage|p1a: Garganacl|0 fnt
|faint|p1a: Garganacl
|
|upkeep
|
|t:|1776108438
|switch|p1a: Ogerpon|Ogerpon-Wellspring, F|86/100
|turn|14
|inactive|mathismathin has 60 seconds left.
|inactive|mathismathin has 30 seconds left.
|
|t:|1776108486
|move|p1a: Ogerpon|Horn Leech|p2a: Enamorus
|-damage|p2a: Enamorus|0 fnt
|-heal|p1a: Ogerpon|100/100|[from] drain|[of] p2a: Enamorus
|faint|p2a: Enamorus
|
|upkeep
|
|t:|1776108487
|switch|p2a: Maushold|Maushold-Four|100/100
|-damage|p2a: Maushold|88/100|[from] Stealth Rock
|turn|15
|inactive|sheisticle crash has 120 seconds left.
|
|t:|1776108511
|switch|p1a: Zapdos|Zapdos|47/100
|move|p2a: Maushold|Tidy Up|p2a: Maushold
|-sideend|p2: mathismathin|Stealth Rock
|-activate|p2a: Maushold|move: Tidy Up
|-boost|p2a: Maushold|atk|1
|-boost|p2a: Maushold|spe|1
|
|upkeep
|turn|16
|inactive|mathismathin has 30 seconds left.
|inactive|mathismathin has 20 seconds left.
|
|t:|1776108548
|move|p2a: Maushold|Population Bomb|p1a: Zapdos
|-damage|p1a: Zapdos|37/100
|-damage|p1a: Zapdos|26/100
|-damage|p1a: Zapdos|15/100
|-status|p2a: Maushold|par|[from] ability: Static|[of] p1a: Zapdos
|-damage|p1a: Zapdos|4/100
|-damage|p1a: Zapdos|0 fnt
|faint|p1a: Zapdos
|-hitcount|p1: Zapdos|5
|
|upkeep
|inactive|sheisticle crash has 120 seconds left.
|j| ohko_smeargle
|inactive|sheisticle crash has 90 seconds left.
|
|t:|1776108589
|switch|p1a: Dragapult|Dragapult, M|100/100
|turn|17
|inactive|mathismathin has 30 seconds left.
|
|t:|1776108599
|move|p1a: Dragapult|Draco Meteor|p2a: Maushold
|-damage|p2a: Maushold|0 fnt
|-unboost|p1a: Dragapult|spa|2
|faint|p2a: Maushold
|
|upkeep
|
|t:|1776108601
|switch|p2a: Ditto|Ditto|69/100
|-transform|p2a: Ditto|p1a: Dragapult|[from] ability: Imposter
|turn|18
|
|t:|1776108607
|move|p1a: Dragapult|Draco Meteor|p2a: Ditto
|-supereffective|p2a: Ditto
|-damage|p2a: Ditto|0 fnt
|-unboost|p1a: Dragapult|spa|2
|faint|p2a: Ditto
|
|upkeep
|
|t:|1776108617
|switch|p2a: Alomomola|Alomomola, F|63/100
|turn|19
|-message|mathismathin forfeited.
|
|win|sheisticle crash
|raw|sheisticle crash's rating: 1729 &rarr; <strong>1753</strong><br />(+24 for winning)
|raw|mathismathin's rating: 1804 &rarr; <strong>1780</strong><br />(-24 for losing)
|l|☆mathismathin
|player|p2|
|l| ohko_smeargle
|l|☆sheisticle crash
|player|p1|
