|html|<div class="broadcast-blue"><strong>[Gen 9] OU is currently suspecting Tera Blast! For information on how to participate check out the <a href="https://www.smogon.com/tools/suspects/view/200">suspect thread</a>.</strong></div>
|j|☆PieCubed^3
|j|☆Coldman1991
|t:|1776039104
|gametype|singles
|player|p1|PieCubed^3|hilda-wonderlauncher|1389
|player|p2|Coldman1991|1|1368
|gen|9
|tier|[Gen 9] OU
|rated|
|rule|HP Percentage Mod: HP is shown in percentages
|rule|Endless Battle Clause: Forcing endless battles is banned
|rule|Species Clause: Limit one of each Pokémon
|rule|OHKO Clause: OHKO moves are banned
|rule|Evasion Items Clause: Evasion items are banned
|rule|Evasion Moves Clause: Evasion moves are banned
|rule|Evasion Abilities Clause: Evasion abilities are banned
|rule|Sleep Moves Clause: Sleep-inducing moves are banned
|clearpoke
|poke|p1|Ninetales-Alola, M|
|poke|p1|Ceruledge, F|
|poke|p1|Kyurem|
|poke|p1|Tornadus-Therian, M|
|poke|p1|Iron Crown|
|poke|p1|Darkrai|
|poke|p2|Sinistcha-Masterpiece|
|poke|p2|Enamorus, F|
|poke|p2|Zamazenta-*|
|poke|p2|Glastrier|
|poke|p2|Dragonite, M|
|poke|p2|Polteageist-Antique|
|teampreview
|inactive|Battle timer is ON: inactive players will automatically lose when time's up. (requested by Coldman1991)
|
|t:|1776039121
|teamsize|p1|6
|teamsize|p2|6
|start
|switch|p1a: Ninetales|Ninetales-Alola, M|100/100
|switch|p2a: Polteageist|Polteageist-Antique|100/100
|-weather|Snowscape|[from] ability: Snow Warning|[of] p1a: Ninetales
|turn|1
|
|t:|1776039128
|move|p1a: Ninetales|Aurora Veil|p1a: Ninetales
|-sidestart|p1: PieCubed^3|move: Aurora Veil
|move|p2a: Polteageist|Shell Smash|p2a: Polteageist
|-unboost|p2a: Polteageist|def|1
|-unboost|p2a: Polteageist|spd|1
|-boost|p2a: Polteageist|atk|2
|-boost|p2a: Polteageist|spa|2
|-boost|p2a: Polteageist|spe|2
|
|-weather|Snowscape|[upkeep]
|upkeep
|turn|2
|
|t:|1776039137
|move|p2a: Polteageist|Shell Smash|p2a: Polteageist
|-unboost|p2a: Polteageist|def|1
|-unboost|p2a: Polteageist|spd|1
|-boost|p2a: Polteageist|atk|2
|-boost|p2a: Polteageist|spa|2
|-boost|p2a: Polteageist|spe|2
|move|p1a: Ninetales|Encore|p2a: Polteageist
|-start|p2a: Polteageist|Encore
|
|-weather|Snowscape|[upkeep]
|upkeep
|turn|3
|
|t:|1776039147
|switch|p1a: Kyurem|Kyurem|100/100
|-ability|p1a: Kyurem|Pressure
|move|p2a: Polteageist|Shell Smash|p2a: Polteageist
|-unboost|p2a: Polteageist|def|1
|-unboost|p2a: Polteageist|spd|1
|-boost|p2a: Polteageist|atk|2
|-boost|p2a: Polteageist|spa|2
|-boost|p2a: Polteageist|spe|2
|
|-weather|Snowscape|[upkeep]
|upkeep
|turn|4
|
|t:|1776039161
|move|p2a: Polteageist|Shell Smash|p2a: Polteageist
|-unboost|p2a: Polteageist|def|1
|-unboost|p2a: Polteageist|spd|1
|-boost|p2a: Polteageist|atk|0
|-boost|p2a: Polteageist|spa|0
|-boost|p2a: Polteageist|spe|0
|move|p1a: Kyurem|Dragon Dance|p1a: Kyurem
|-boost|p1a: Kyurem|atk|1
|-boost|p1a: Kyurem|spe|1
|
|-weather|Snowscape|[upkeep]
|upkeep
|turn|5
|
|t:|1776039171
|move|p2a: Polteageist|Shell Smash|p2a: Polteageist
|-unboost|p2a: Polteageist|def|1
|-unboost|p2a: Polteageist|spd|1
|-boost|p2a: Polteageist|atk|0
|-boost|p2a: Polteageist|spa|0
|-boost|p2a: Polteageist|spe|0
|move|p1a: Kyurem|Icicle Spear|p2a: Polteageist
|-enditem|p2a: Polteageist|Focus Sash
|-damage|p2a: Polteageist|1/100
|-ability|p2a: Polteageist|Weak Armor|boost
|-unboost|p2a: Polteageist|def|1
|-damage|p2a: Polteageist|0 fnt
|faint|p2a: Polteageist
|-hitcount|p2: Polteageist|2
|
|-weather|none
|upkeep
|
|t:|1776039185
|switch|p2a: Glastrier|Glastrier|100/100
|turn|6
|
|t:|1776039193
|move|p1a: Kyurem|Dragon Dance|p1a: Kyurem
|-boost|p1a: Kyurem|atk|1
|-boost|p1a: Kyurem|spe|1
|move|p2a: Glastrier|Iron Defense|p2a: Glastrier
|-boost|p2a: Glastrier|def|2
|
|upkeep
|turn|7
|
|t:|1776039205
|move|p1a: Kyurem|Scale Shot|p2a: Glastrier
|-damage|p2a: Glastrier|92/100
|-damage|p2a: Glastrier|84/100
|-damage|p2a: Glastrier|74/100
|-damage|p2a: Glastrier|65/100
|-hitcount|p2a: Glastrier|4
|-unboost|p1a: Kyurem|def|1
|-boost|p1a: Kyurem|spe|1
|move|p2a: Glastrier|Iron Defense|p2a: Glastrier
|-boost|p2a: Glastrier|def|2
|
|upkeep
|turn|8
|
|t:|1776039217
|move|p1a: Kyurem|Scale Shot|p2a: Glastrier
|-damage|p2a: Glastrier|59/100
|-damage|p2a: Glastrier|52/100
|-damage|p2a: Glastrier|46/100
|-damage|p2a: Glastrier|40/100
|-damage|p2a: Glastrier|35/100
|-hitcount|p2a: Glastrier|5
|-unboost|p1a: Kyurem|def|1
|-boost|p1a: Kyurem|spe|1
|move|p2a: Glastrier|Body Press|p1a: Kyurem
|-supereffective|p1a: Kyurem
|-damage|p1a: Kyurem|0 fnt
|faint|p1a: Kyurem
|-ability|p2a: Glastrier|Chilling Neigh|boost
|-boost|p2a: Glastrier|atk|1
|
|-sideend|p1: PieCubed^3|move: Aurora Veil
|upkeep
|
|t:|1776039229
|switch|p1a: Tornadus|Tornadus-Therian, M|100/100
|turn|9
|
|t:|1776039237
|move|p1a: Tornadus|Heat Wave|p2a: Glastrier
|-supereffective|p2a: Glastrier
|-damage|p2a: Glastrier|0 fnt
|faint|p2a: Glastrier
|-damage|p1a: Tornadus|91/100|[from] item: Life Orb
|
|upkeep
|
|t:|1776039245
|switch|p2a: Sinistcha|Sinistcha-Masterpiece|100/100
|turn|10
|
|t:|1776039248
|move|p1a: Tornadus|Bleakwind Storm|p2a: Sinistcha|[miss]
|-miss|p1a: Tornadus|p2a: Sinistcha
|move|p2a: Sinistcha|Calm Mind|p2a: Sinistcha
|-boost|p2a: Sinistcha|spa|1
|-boost|p2a: Sinistcha|spd|1
|
|upkeep
|turn|11
|c|☆PieCubed^3|:/
|
|t:|1776039255
|move|p1a: Tornadus|Bleakwind Storm|p2a: Sinistcha
|-supereffective|p2a: Sinistcha
|-damage|p2a: Sinistcha|33/100
|-unboost|p2a: Sinistcha|spe|1
|-damage|p1a: Tornadus|81/100|[from] item: Life Orb
|move|p2a: Sinistcha|Calm Mind|p2a: Sinistcha
|-boost|p2a: Sinistcha|spa|1
|-boost|p2a: Sinistcha|spd|1
|
|upkeep
|turn|12
|
|t:|1776039265
|move|p1a: Tornadus|Bleakwind Storm|p2a: Sinistcha
|-supereffective|p2a: Sinistcha
|-damage|p2a: Sinistcha|0 fnt
|faint|p2a: Sinistcha
|-damage|p1a: Tornadus|71/100|[from] item: Life Orb
|
|upkeep
|
|t:|1776039271
|switch|p2a: Enamorus|Enamorus, F|100/100
|turn|13
|
|t:|1776039276
|switch|p1a: Ninetales|Ninetales-Alola, M|100/100
|-weather|Snowscape|[from] ability: Snow Warning|[of] p1a: Ninetales
|move|p2a: Enamorus|Mystical Fire|p1a: Ninetales
|-supereffective|p1a: Ninetales
|-damage|p1a: Ninetales|60/100
|-unboost|p1a: Ninetales|spa|1
|
|-weather|Snowscape|[upkeep]
|upkeep
|turn|14
|
|t:|1776039287
|-terastallize|p2a: Enamorus|Stellar
|move|p1a: Ninetales|Aurora Veil|p1a: Ninetales
|-sidestart|p1: PieCubed^3|move: Aurora Veil
|move|p2a: Enamorus|Tera Blast|p1a: Ninetales|[anim] Tera Blast Stellar
|-damage|p1a: Ninetales|41/100
|-boost|p2a: Enamorus|atk|1
|-boost|p2a: Enamorus|spa|1
|
|-weather|Snowscape|[upkeep]
|upkeep
|turn|15
|
|t:|1776039297
|move|p1a: Ninetales|Moonblast|p2a: Enamorus
|-damage|p2a: Enamorus|86/100
|-boost|p2a: Enamorus|spa|1
|move|p2a: Enamorus|Tera Blast|p1a: Ninetales|[anim] Tera Blast Stellar
|-damage|p1a: Ninetales|15/100
|-boost|p2a: Enamorus|atk|1
|-boost|p2a: Enamorus|spa|1
|
|-weather|Snowscape|[upkeep]
|upkeep
|turn|16
|
|t:|1776039308
|move|p1a: Ninetales|Freeze-Dry|p2a: Enamorus
|-supereffective|p2a: Enamorus
|-damage|p2a: Enamorus|65/100
|move|p2a: Enamorus|Superpower|p1a: Ninetales
|-damage|p1a: Ninetales|0 fnt
|-boost|p2a: Enamorus|atk|1
|-boost|p2a: Enamorus|def|1
|faint|p1a: Ninetales
|
|-weather|Snowscape|[upkeep]
|upkeep
|
|t:|1776039319
|switch|p1a: Iron Crown|Iron Crown|100/100
|turn|17
|
|t:|1776039323
|move|p1a: Iron Crown|Tachyon Cutter|p2a: Enamorus
|-supereffective|p2a: Enamorus
|-damage|p2a: Enamorus|26/100
|-supereffective|p2a: Enamorus
|-damage|p2a: Enamorus|0 fnt
|faint|p2a: Enamorus
|-hitcount|p2: Enamorus|2
|
|-weather|none
|upkeep
|
|t:|1776039331
|switch|p2a: Zamazenta|Zamazenta|100/100
|-ability|p2a: Zamazenta|Dauntless Shield|boost
|-boost|p2a: Zamazenta|def|1
|turn|18
|
|t:|1776039337
|move|p1a: Iron Crown|Agility|p1a: Iron Crown
|-boost|p1a: Iron Crown|spe|2
|move|p2a: Zamazenta|Iron Defense|p2a: Zamazenta
|-boost|p2a: Zamazenta|def|2
|
|upkeep
|turn|19
|
|t:|1776039344
|move|p1a: Iron Crown|Calm Mind|p1a: Iron Crown
|-boost|p1a: Iron Crown|spa|1
|-boost|p1a: Iron Crown|spd|1
|move|p2a: Zamazenta|Body Press|p1a: Iron Crown
|-damage|p1a: Iron Crown|52/100
|
|upkeep
|turn|20
|
|t:|1776039351
|move|p1a: Iron Crown|Stored Power|p2a: Zamazenta
|-supereffective|p2a: Zamazenta
|-damage|p2a: Zamazenta|0 fnt
|faint|p2a: Zamazenta
|
|upkeep
|
|t:|1776039356
|switch|p2a: Dragonite|Dragonite, M|100/100
|turn|21
|
|t:|1776039359
|move|p1a: Iron Crown|Tachyon Cutter|p2a: Dragonite
|-damage|p2a: Dragonite|81/100
|-damage|p2a: Dragonite|46/100
|-hitcount|p2a: Dragonite|2
|move|p2a: Dragonite|Dragon Dance|p2a: Dragonite
|-boost|p2a: Dragonite|atk|1
|-boost|p2a: Dragonite|spe|1
|
|-sideend|p1: PieCubed^3|move: Aurora Veil
|upkeep
|turn|22
|
|t:|1776039369
|move|p1a: Iron Crown|Stored Power|p2a: Dragonite
|-crit|p2a: Dragonite
|-damage|p2a: Dragonite|0 fnt
|faint|p2a: Dragonite
|
|win|PieCubed^3
|raw|PieCubed^3's rating: 1389 &rarr; <strong>1408</strong><br />(+19 for winning)
|raw|Coldman1991's rating: 1368 &rarr; <strong>1349</strong><br />(-19 for losing)
|l|☆PieCubed^3
|player|p1|
|l|☆Coldman1991
|player|p2|
