|html|<div class="broadcast-blue"><strong>[Gen 9] OU is currently suspecting Tera Blast! For information on how to participate check out the <a href="https://www.smogon.com/tools/suspects/view/200">suspect thread</a>.</strong></div>
|j|☆eros maniac
|j|☆Testteambill
|t:|1776075375
|gametype|singles
|player|p1|eros maniac|hilbert-wonderlauncher|1659
|player|p2|Testteambill|169|1619
|gen|9
|tier|[Gen 9] OU
|rated|
|rule|HP Percentage Mod: HP is shown in percentages
|rule|Endless Battle Clause: Forcing endless battles is banned
|rule|Species Clause: Limit one of each Pokémon
|rule|OHKO Clause: OHKO moves are banned
|rule|Evasion Items Clause: Evasion items are banned
|rule|Evasion Moves Clause: Evasion moves are banned
|rule|Evasion Abilities Clause: Evasion abilities are banned
|rule|Sleep Moves Clause: Sleep-inducing moves are banned
|clearpoke
|poke|p1|Frosmoth, F|
|poke|p1|Maushold-Four|
|poke|p1|Okidogi, M|
|poke|p1|Sinistcha|
|poke|p1|Alomomola, M|
|poke|p1|Weezing-Galar, M|
|poke|p2|Tinkaton, F|
|poke|p2|Serperior, M|
|poke|p2|Indeedee, M|
|poke|p2|Araquanid, F|
|poke|p2|Great Tusk|
|poke|p2|Hawlucha, M|
|teampreview
|inactive|Battle timer is ON: inactive players will automatically lose when time's up. (requested by eros maniac)
|
|t:|1776075389
|teamsize|p1|6
|teamsize|p2|6
|start
|switch|p1a: Okidogi|Okidogi, M|100/100
|switch|p2a: Indeedee|Indeedee, M, shiny|100/100
|-fieldstart|move: Psychic Terrain|[from] ability: Psychic Surge|[of] p2a: Indeedee
|turn|1
|
|t:|1776075394
|switch|p1a: Frosmoth|Frosmoth, F, shiny|100/100
|move|p2a: Indeedee|Expanding Force|p1a: Frosmoth
|-damage|p1a: Frosmoth|54/100
|
|-heal|p1a: Frosmoth|60/100|[from] item: Leftovers
|upkeep
|turn|2
|
|t:|1776075398
|switch|p2a: Tinkaton|Tinkaton, F, shiny|100/100
|-item|p2a: Tinkaton|Air Balloon
|move|p1a: Frosmoth|Quiver Dance|p1a: Frosmoth
|-boost|p1a: Frosmoth|spa|1
|-boost|p1a: Frosmoth|spd|1
|-boost|p1a: Frosmoth|spe|1
|
|-heal|p1a: Frosmoth|66/100|[from] item: Leftovers
|upkeep
|turn|3
|
|t:|1776075403
|switch|p1a: Alomomola|Alomomola, M, shiny|100/100
|move|p2a: Tinkaton|Encore||[still]
|-fail|p2a: Tinkaton
|
|upkeep
|turn|4
|
|t:|1776075409
|move|p2a: Tinkaton|Stealth Rock|p1a: Alomomola
|-sidestart|p1: eros maniac|move: Stealth Rock
|move|p1a: Alomomola|Wish|p1a: Alomomola
|
|upkeep
|turn|5
|j| MX WZKL
|
|t:|1776075416
|switch|p1a: Weezing|Weezing-Galar, M|100/100
|-ability|p1a: Weezing|Neutralizing Gas
|-damage|p1a: Weezing|88/100|[from] Stealth Rock
|move|p2a: Tinkaton|Encore||[still]
|-fail|p2a: Tinkaton
|
|-heal|p1a: Weezing|100/100|[from] move: Wish|[wisher] Alomomola
|-fieldend|move: Psychic Terrain
|upkeep
|turn|6
|
|t:|1776075421
|move|p2a: Tinkaton|Thunder Wave|p1a: Weezing|[miss]
|-miss|p2a: Tinkaton|p1a: Weezing
|move|p1a: Weezing|Will-O-Wisp|p2a: Tinkaton
|-status|p2a: Tinkaton|brn
|
|-damage|p2a: Tinkaton|94/100 brn|[from] brn
|upkeep
|turn|7
|
|t:|1776075425
|move|p2a: Tinkaton|Thunder Wave|p1a: Weezing
|-status|p1a: Weezing|par
|move|p1a: Weezing|Defog|p2a: Tinkaton
|-unboost|p2a: Tinkaton|evasion|1
|-sideend|p1: eros maniac|Stealth Rock|[from] move: Defog|[of] p1a: Weezing
|
|-damage|p2a: Tinkaton|88/100 brn|[from] brn
|upkeep
|turn|8
|j| Monkey D MinMin
|
|t:|1776075429
|-end|p1a: Weezing|ability: Neutralizing Gas
|switch|p1a: Maushold|Maushold-Four|100/100
|move|p2a: Tinkaton|Stealth Rock|p1a: Maushold
|-sidestart|p1: eros maniac|move: Stealth Rock
|
|-damage|p2a: Tinkaton|82/100 brn|[from] brn
|upkeep
|turn|9
|
|t:|1776075435
|move|p1a: Maushold|Encore|p2a: Tinkaton
|-start|p2a: Tinkaton|Encore
|move|p2a: Tinkaton|Stealth Rock||[still]
|-fail|p2a: Tinkaton
|
|-damage|p2a: Tinkaton|76/100 brn|[from] brn
|upkeep
|turn|10
|
|t:|1776075448
|switch|p2a: Great Tusk|Great Tusk, shiny|100/100
|move|p1a: Maushold|Tidy Up|p1a: Maushold
|-sideend|p1: eros maniac|Stealth Rock
|-activate|p1a: Maushold|move: Tidy Up
|-boost|p1a: Maushold|atk|1
|-boost|p1a: Maushold|spe|1
|
|upkeep
|turn|11
|
|t:|1776075453
|switch|p1a: Sinistcha|Sinistcha, shiny|100/100
|move|p2a: Great Tusk|Headlong Rush|p1a: Sinistcha
|-resisted|p1a: Sinistcha
|-damage|p1a: Sinistcha|77/100
|-unboost|p2a: Great Tusk|def|1
|-unboost|p2a: Great Tusk|spd|1
|
|upkeep
|turn|12
|l| MX WZKL
|
|t:|1776075471
|-end|p2a: Great Tusk|Protosynthesis|[silent]
|switch|p2a: Serperior|Serperior, M, shiny|100/100
|move|p1a: Sinistcha|Matcha Gotcha|p2a: Serperior
|-resisted|p2a: Serperior
|-damage|p2a: Serperior|79/100
|-heal|p1a: Sinistcha|86/100|[from] drain|[of] p2a: Serperior
|
|-heal|p2a: Serperior|85/100|[from] item: Leftovers
|upkeep
|turn|13
|
|t:|1776075483
|switch|p1a: Weezing|Weezing-Galar, M|100/100 par
|-ability|p1a: Weezing|Neutralizing Gas
|move|p2a: Serperior|Glare|p1a: Weezing
|-fail|p1a: Weezing|par
|
|-heal|p2a: Serperior|92/100|[from] item: Leftovers
|upkeep
|turn|14
|
|t:|1776075489
|-end|p1a: Weezing|ability: Neutralizing Gas
|switch|p1a: Frosmoth|Frosmoth, F, shiny|66/100
|move|p2a: Serperior|Substitute|p2a: Serperior
|-start|p2a: Serperior|Substitute
|-damage|p2a: Serperior|67/100
|
|-heal|p2a: Serperior|73/100|[from] item: Leftovers
|-heal|p1a: Frosmoth|72/100|[from] item: Leftovers
|upkeep
|turn|15
|
|t:|1776075495
|-terastallize|p1a: Frosmoth|Electric
|move|p2a: Serperior|Glare|p1a: Frosmoth
|-immune|p1a: Frosmoth
|move|p1a: Frosmoth|Substitute|p1a: Frosmoth
|-start|p1a: Frosmoth|Substitute
|-damage|p1a: Frosmoth|47/100
|
|-heal|p2a: Serperior|79/100|[from] item: Leftovers
|-heal|p1a: Frosmoth|53/100|[from] item: Leftovers
|upkeep
|turn|16
|
|t:|1776075502
|move|p2a: Serperior|Leaf Storm|p1a: Frosmoth
|-activate|p1a: Frosmoth|move: Substitute|[damage]
|-boost|p2a: Serperior|spa|2
|move|p1a: Frosmoth|Quiver Dance|p1a: Frosmoth
|-boost|p1a: Frosmoth|spa|1
|-boost|p1a: Frosmoth|spd|1
|-boost|p1a: Frosmoth|spe|1
|
|-heal|p2a: Serperior|85/100|[from] item: Leftovers
|-heal|p1a: Frosmoth|60/100|[from] item: Leftovers
|upkeep
|turn|17
|
|t:|1776075506
|move|p2a: Serperior|Leaf Storm|p1a: Frosmoth
|-end|p1a: Frosmoth|Substitute
|-boost|p2a: Serperior|spa|2
|move|p1a: Frosmoth|Quiver Dance|p1a: Frosmoth
|-boost|p1a: Frosmoth|spa|1
|-boost|p1a: Frosmoth|spd|1
|-boost|p1a: Frosmoth|spe|1
|
|-heal|p2a: Serperior|92/100|[from] item: Leftovers
|-heal|p1a: Frosmoth|66/100|[from] item: Leftovers
|upkeep
|turn|18
|j| Kyurem
|
|t:|1776075521
|move|p2a: Serperior|Leech Seed|p1a: Frosmoth
|-start|p1a: Frosmoth|move: Leech Seed
|move|p1a: Frosmoth|Quiver Dance|p1a: Frosmoth
|-boost|p1a: Frosmoth|spa|1
|-boost|p1a: Frosmoth|spd|1
|-boost|p1a: Frosmoth|spe|1
|
|-heal|p1a: Frosmoth|72/100|[from] item: Leftovers
|-heal|p2a: Serperior|98/100|[from] item: Leftovers
|-damage|p1a: Frosmoth|59/100|[from] Leech Seed|[of] p2a: Serperior
|-heal|p2a: Serperior|100/100|[silent]
|upkeep
|turn|19
|
|t:|1776075527
|move|p1a: Frosmoth|Ice Beam|p2a: Serperior
|-supereffective|p2a: Serperior
|-crit|p2a: Serperior
|-end|p2a: Serperior|Substitute
|move|p2a: Serperior|Leaf Storm|p1a: Frosmoth
|-damage|p1a: Frosmoth|32/100
|-boost|p2a: Serperior|spa|2
|
|-heal|p1a: Frosmoth|38/100|[from] item: Leftovers
|-damage|p1a: Frosmoth|26/100|[from] Leech Seed|[of] p2a: Serperior
|upkeep
|turn|20
|l|☆Testteambill
|inactive|Testteambill disconnected and has a minute to reconnect!
|player|p2|
|j|☆Testteambill
|inactive|Testteambill reconnected and has 145 seconds left.
|player|p2|Testteambill|169|
|
|t:|1776075538
|move|p1a: Frosmoth|Ice Beam|p2a: Serperior
|-supereffective|p2a: Serperior
|-damage|p2a: Serperior|0 fnt
|faint|p2a: Serperior
|
|-heal|p1a: Frosmoth|32/100|[from] item: Leftovers
|upkeep
|
|t:|1776075549
|switch|p2a: Tinkaton|Tinkaton, F, shiny|76/100 brn
|-item|p2a: Tinkaton|Air Balloon
|turn|21
|
|t:|1776075553
|move|p1a: Frosmoth|Tera Blast|p2a: Tinkaton|[anim] Tera Blast Electric
|-damage|p2a: Tinkaton|0 fnt
|-enditem|p2a: Tinkaton|Air Balloon
|faint|p2a: Tinkaton
|
|-heal|p1a: Frosmoth|38/100|[from] item: Leftovers
|upkeep
|
|t:|1776075565
|switch|p2a: Hawlucha|Hawlucha, M, shiny|100/100
|turn|22
|
|t:|1776075570
|switch|p2a: Great Tusk|Great Tusk, shiny|100/100
|move|p1a: Frosmoth|Ice Beam|p2a: Great Tusk
|-supereffective|p2a: Great Tusk
|-damage|p2a: Great Tusk|0 fnt
|faint|p2a: Great Tusk
|-end|p2a: Great Tusk|Protosynthesis|[silent]
|
|-heal|p1a: Frosmoth|44/100|[from] item: Leftovers
|upkeep
|
|t:|1776075574
|switch|p2a: Araquanid|Araquanid, F, shiny|100/100
|turn|23
|
|t:|1776075582
|-terastallize|p2a: Araquanid|Ghost
|move|p1a: Frosmoth|Tera Blast|p2a: Araquanid|[anim] Tera Blast Electric
|-damage|p2a: Araquanid|21/100
|move|p2a: Araquanid|Mirror Coat|p1a: Frosmoth
|-damage|p1a: Frosmoth|0 fnt
|faint|p1a: Frosmoth
|
|upkeep
|
|t:|1776075589
|switch|p1a: Maushold|Maushold-Four|100/100
|turn|24
|-enditem|p2a: Araquanid|Custap Berry|[eat]
|-activate|p2a: Araquanid|item: Custap Berry|[consumed]
|
|t:|1776075597
|move|p2a: Araquanid|Liquidation|p1a: Maushold
|-damage|p1a: Maushold|0 fnt
|faint|p1a: Maushold
|
|upkeep
|
|t:|1776075605
|switch|p1a: Sinistcha|Sinistcha, shiny|86/100
|turn|25
|
|t:|1776075609
|move|p1a: Sinistcha|Shadow Ball|p2a: Araquanid
|-supereffective|p2a: Araquanid
|-damage|p2a: Araquanid|0 fnt
|faint|p2a: Araquanid
|
|upkeep
|
|t:|1776075611
|switch|p2a: Indeedee|Indeedee, M, shiny|100/100
|-fieldstart|move: Psychic Terrain|[from] ability: Psychic Surge|[of] p2a: Indeedee
|turn|26
|
|t:|1776075618
|move|p2a: Indeedee|Expanding Force|p1a: Sinistcha
|-damage|p1a: Sinistcha|0 fnt
|faint|p1a: Sinistcha
|
|upkeep
|
|t:|1776075620
|switch|p1a: Alomomola|Alomomola, M, shiny|100/100
|turn|27
|
|t:|1776075623
|switch|p2a: Hawlucha|Hawlucha, M, shiny|100/100
|-enditem|p2a: Hawlucha|Psychic Seed
|-boost|p2a: Hawlucha|spd|1|[from] item: Psychic Seed
|move|p1a: Alomomola|Mirror Coat||[still]
|-fail|p1a: Alomomola
|
|upkeep
|turn|28
|
|t:|1776075634
|switch|p1a: Weezing|Weezing-Galar, M|100/100 par
|-ability|p1a: Weezing|Neutralizing Gas
|move|p2a: Hawlucha|Swords Dance|p2a: Hawlucha
|-boost|p2a: Hawlucha|atk|2
|
|upkeep
|turn|29
|
|t:|1776075641
|move|p2a: Hawlucha|Acrobatics|p1a: Weezing
|-damage|p1a: Weezing|27/100 par
|move|p1a: Weezing|Toxic|p2a: Hawlucha
|-status|p2a: Hawlucha|tox
|
|-damage|p2a: Hawlucha|94/100 tox|[from] psn
|upkeep
|turn|30
|
|t:|1776075650
|-end|p1a: Weezing|ability: Neutralizing Gas
|switch|p1a: Alomomola|Alomomola, M, shiny|100/100
|move|p2a: Hawlucha|Swords Dance|p2a: Hawlucha
|-boost|p2a: Hawlucha|atk|2
|
|-damage|p2a: Hawlucha|82/100 tox|[from] psn
|-fieldend|move: Psychic Terrain
|upkeep
|turn|31
|
|t:|1776075655
|move|p2a: Hawlucha|Acrobatics|p1a: Alomomola
|-damage|p1a: Alomomola|4/100
|-damage|p2a: Hawlucha|66/100 tox|[from] item: Rocky Helmet|[of] p1a: Alomomola
|move|p1a: Alomomola|Flip Turn|p2a: Hawlucha
|-damage|p2a: Hawlucha|40/100 tox
|
|t:|1776075660
|switch|p1a: Weezing|Weezing-Galar, M|27/100 par|[from] Flip Turn
|-ability|p1a: Weezing|Neutralizing Gas
|
|-damage|p2a: Hawlucha|21/100 tox|[from] psn
|upkeep
|turn|32
|
|t:|1776075667
|move|p2a: Hawlucha|Acrobatics|p1a: Weezing
|-damage|p1a: Weezing|0 fnt
|faint|p1a: Weezing
|-end|p1a: Weezing|ability: Neutralizing Gas
|
|-damage|p2a: Hawlucha|0 fnt|[from] psn
|faint|p2a: Hawlucha
|upkeep
|
|t:|1776075670
|switch|p2a: Indeedee|Indeedee, M, shiny|100/100
|switch|p1a: Alomomola|Alomomola, M, shiny|38/100
|-fieldstart|move: Psychic Terrain|[from] ability: Psychic Surge|[of] p2a: Indeedee
|turn|33
|
|t:|1776075672
|switch|p1a: Okidogi|Okidogi, M|100/100
|move|p2a: Indeedee|Expanding Force|p1a: Okidogi
|-supereffective|p1a: Okidogi
|-damage|p1a: Okidogi|0 fnt
|faint|p1a: Okidogi
|
|upkeep
|
|t:|1776075675
|switch|p1a: Alomomola|Alomomola, M, shiny|71/100
|turn|34
|
|t:|1776075676
|move|p2a: Indeedee|Expanding Force|p1a: Alomomola
|-crit|p1a: Alomomola
|-damage|p1a: Alomomola|0 fnt
|faint|p1a: Alomomola
|
|win|Testteambill
|raw|eros maniac's rating: 1659 &rarr; <strong>1637</strong><br />(-22 for losing)
|raw|Testteambill's rating: 1619 &rarr; <strong>1641</strong><br />(+22 for winning)
|l|☆eros maniac
|player|p1|
|l| Monkey D MinMin
