|html|<div class="broadcast-blue"><strong>[Gen 9] OU is currently suspecting Tera Blast! For information on how to participate check out the <a href="https://www.smogon.com/tools/suspects/view/200">suspect thread</a>.</strong></div>
|j|☆Pookysnuke
|j|☆Pig Perfect
|t:|1776090622
|gametype|singles
|player|p1|Pookysnuke|backpacker|1602
|player|p2|Pig Perfect|workerice|1549
|gen|9
|tier|[Gen 9] OU
|rated|
|rule|HP Percentage Mod: HP is shown in percentages
|rule|Endless Battle Clause: Forcing endless battles is banned
|rule|Species Clause: Limit one of each Pokémon
|rule|OHKO Clause: OHKO moves are banned
|rule|Evasion Items Clause: Evasion items are banned
|rule|Evasion Moves Clause: Evasion moves are banned
|rule|Evasion Abilities Clause: Evasion abilities are banned
|rule|Sleep Moves Clause: Sleep-inducing moves are banned
|clearpoke
|poke|p1|Hydreigon, F|
|poke|p1|Gholdengo|
|poke|p1|Great Tusk|
|poke|p1|Alomomola, M|
|poke|p1|Ogerpon, F|
|poke|p1|Okidogi, M|
|poke|p2|Iron Leaves|
|poke|p2|Iron Treads|
|poke|p2|Kingambit, M|
|poke|p2|Pawmot, F|
|poke|p2|Pincurchin, F|
|poke|p2|Raging Bolt|
|teampreview
|j| ohko_smeargle
|inactive|Battle timer is ON: inactive players will automatically lose when time's up. (requested by Pookysnuke)
|
|t:|1776090653
|teamsize|p1|6
|teamsize|p2|6
|start
|switch|p1a: Hydrogen|Hydreigon, F|100/100
|switch|p2a: Sew What?|Pincurchin, F|100/100
|-fieldstart|move: Electric Terrain|[from] ability: Electric Surge|[of] p2a: Sew What?
|turn|1
|
|t:|1776090657
|move|p1a: Hydrogen|Dark Pulse|p2a: Sew What?
|-damage|p2a: Sew What?|24/100
|move|p2a: Sew What?|Spikes|p1a: Hydrogen
|-sidestart|p1: Pookysnuke|Spikes
|
|upkeep
|turn|2
|
|t:|1776090662
|switch|p2a: So ein Mist!|Kingambit, M|100/100
|move|p1a: Hydrogen|Dark Pulse|p2a: So ein Mist!
|-resisted|p2a: So ein Mist!
|-damage|p2a: So ein Mist!|72/100
|
|-heal|p2a: So ein Mist!|78/100|[from] item: Leftovers
|upkeep
|turn|3
|
|t:|1776090667
|switch|p1a: Great Tusk|Great Tusk|100/100
|-damage|p1a: Great Tusk|88/100|[from] Spikes
|-enditem|p1a: Great Tusk|Booster Energy
|-activate|p1a: Great Tusk|ability: Protosynthesis|[fromitem]
|-start|p1a: Great Tusk|protosynthesisatk
|move|p2a: So ein Mist!|Low Kick|p1a: Great Tusk
|-damage|p1a: Great Tusk|55/100
|
|-heal|p2a: So ein Mist!|84/100|[from] item: Leftovers
|upkeep
|turn|4
|
|t:|1776090679
|move|p1a: Great Tusk|Rapid Spin|p2a: So ein Mist!
|-resisted|p2a: So ein Mist!
|-damage|p2a: So ein Mist!|76/100
|-boost|p1a: Great Tusk|spe|1
|-sideend|p1: Pookysnuke|Spikes|[from] move: Rapid Spin|[of] p1a: Great Tusk
|move|p2a: So ein Mist!|Low Kick|p1a: Great Tusk
|-damage|p1a: Great Tusk|24/100
|
|-heal|p2a: So ein Mist!|82/100|[from] item: Leftovers
|upkeep
|turn|5
|
|t:|1776090683
|-end|p1a: Great Tusk|Protosynthesis|[silent]
|switch|p1a: Alomomola|Alomomola, M|100/100
|-end|p2a: So ein Mist!|fallenundefined|[silent]
|switch|p2a: Sew What?|Pincurchin, F|24/100
|
|upkeep
|turn|6
|
|t:|1776090690
|move|p1a: Alomomola|Flip Turn|p2a: Sew What?
|-damage|p2a: Sew What?|11/100
|
|t:|1776090694
|switch|p1a: Hydrogen|Hydreigon, F|100/100|[from] Flip Turn
|move|p2a: Sew What?|Spikes|p1a: Hydrogen
|-sidestart|p1: Pookysnuke|Spikes
|
|upkeep
|turn|7
|
|t:|1776090703
|switch|p2a: Necky's Nuts|Raging Bolt|100/100
|-enditem|p2a: Necky's Nuts|Booster Energy
|-activate|p2a: Necky's Nuts|ability: Protosynthesis|[fromitem]
|-start|p2a: Necky's Nuts|protosynthesisspa
|move|p1a: Hydrogen|Earth Power|p2a: Necky's Nuts
|-supereffective|p2a: Necky's Nuts
|-damage|p2a: Necky's Nuts|22/100
|
|upkeep
|turn|8
|
|t:|1776090708
|move|p2a: Necky's Nuts|Thunderclap|p1a: Hydrogen
|-resisted|p1a: Hydrogen
|-damage|p1a: Hydrogen|61/100
|move|p1a: Hydrogen|Earth Power|p2a: Necky's Nuts
|-supereffective|p2a: Necky's Nuts
|-damage|p2a: Necky's Nuts|0 fnt
|faint|p2a: Necky's Nuts
|-end|p2a: Necky's Nuts|Protosynthesis|[silent]
|
|-fieldend|move: Electric Terrain
|upkeep
|
|t:|1776090711
|switch|p2a: *Leaves Game*|Iron Leaves|100/100
|turn|9
|
|t:|1776090732
|-end|p2a: *Leaves Game*|Quark Drive|[silent]
|switch|p2a: So ein Mist!|Kingambit, M|82/100
|-activate|p2a: So ein Mist!|ability: Supreme Overlord
|-start|p2a: So ein Mist!|fallen1|[silent]
|switch|p1a: Gholdengo|Gholdengo|100/100
|-damage|p1a: Gholdengo|88/100|[from] Spikes
|
|-heal|p2a: So ein Mist!|89/100|[from] item: Leftovers
|upkeep
|turn|10
|
|t:|1776090752
|switch|p1a: Alomomola|Alomomola, M|100/100
|-damage|p1a: Alomomola|88/100|[from] Spikes
|-end|p2a: So ein Mist!|fallen1|[silent]
|switch|p2a: Sew What?|Pincurchin, F|11/100
|-fieldstart|move: Electric Terrain|[from] ability: Electric Surge|[of] p2a: Sew What?
|
|upkeep
|turn|11
|
|t:|1776090756
|switch|p2a: *Leaves Game*|Iron Leaves|100/100
|-activate|p2a: *Leaves Game*|ability: Quark Drive
|-start|p2a: *Leaves Game*|quarkdrivespe
|move|p1a: Alomomola|Flip Turn|p2a: *Leaves Game*
|-resisted|p2a: *Leaves Game*
|-damage|p2a: *Leaves Game*|92/100
|
|t:|1776090772
|switch|p1a: Gholdengo|Gholdengo|88/100|[from] Flip Turn
|-damage|p1a: Gholdengo|76/100|[from] Spikes
|
|-heal|p2a: *Leaves Game*|98/100|[from] item: Leftovers
|upkeep
|turn|12
|
|t:|1776090782
|-end|p2a: *Leaves Game*|Quark Drive|[silent]
|switch|p2a: Sew What?|Pincurchin, F|11/100
|move|p1a: Gholdengo|Shadow Ball|p2a: Sew What?
|-damage|p2a: Sew What?|0 fnt
|faint|p2a: Sew What?
|
|upkeep
|
|t:|1776090786
|switch|p2a: So ein Mist!|Kingambit, M|89/100
|-activate|p2a: So ein Mist!|ability: Supreme Overlord
|-start|p2a: So ein Mist!|fallen2|[silent]
|turn|13
|
|t:|1776090788
|switch|p1a: Alomomola|Alomomola, M|100/100
|-damage|p1a: Alomomola|88/100|[from] Spikes
|move|p2a: So ein Mist!|Swords Dance|p2a: So ein Mist!
|-boost|p2a: So ein Mist!|atk|2
|
|-heal|p2a: So ein Mist!|95/100|[from] item: Leftovers
|upkeep
|turn|14
|
|t:|1776090795
|move|p2a: So ein Mist!|Sucker Punch|p1a: Alomomola
|-damage|p1a: Alomomola|39/100
|-damage|p2a: So ein Mist!|78/100|[from] item: Rocky Helmet|[of] p1a: Alomomola
|move|p1a: Alomomola|Flip Turn|p2a: So ein Mist!
|-damage|p2a: So ein Mist!|65/100
|
|t:|1776090802
|switch|p1a: Okidogi|Okidogi, M|100/100|[from] Flip Turn
|-damage|p1a: Okidogi|88/100|[from] Spikes
|
|-heal|p2a: So ein Mist!|71/100|[from] item: Leftovers
|upkeep
|turn|15
|
|t:|1776090808
|-end|p2a: So ein Mist!|fallen2|[silent]
|switch|p2a: Iron Trunk|Iron Treads|100/100
|-item|p2a: Iron Trunk|Air Balloon
|-activate|p2a: Iron Trunk|ability: Quark Drive
|-start|p2a: Iron Trunk|quarkdrivespe
|move|p1a: Okidogi|Knock Off|p2a: Iron Trunk
|-damage|p2a: Iron Trunk|76/100
|-enditem|p2a: Iron Trunk|Air Balloon
|
|upkeep
|turn|16
|
|t:|1776090818
|switch|p1a: Hydrogen|Hydreigon, F|61/100
|move|p2a: Iron Trunk|Stealth Rock|p1a: Hydrogen
|-sidestart|p1: Pookysnuke|move: Stealth Rock
|
|upkeep
|turn|17
|
|t:|1776090827
|move|p2a: Iron Trunk|Steel Beam|p1a: Hydrogen
|-damage|p1a: Hydrogen|0 fnt
|-damage|p2a: Iron Trunk|26/100|[from] steelbeam
|faint|p1a: Hydrogen
|
|-fieldend|move: Electric Terrain
|-end|p2a: Iron Trunk|Quark Drive
|upkeep
|
|t:|1776090837
|switch|p1a: Ogerpon|Ogerpon, F|100/100
|turn|18
|
|t:|1776090844
|move|p1a: Ogerpon|Ivy Cudgel|p2a: Iron Trunk
|-damage|p2a: Iron Trunk|0 fnt
|faint|p2a: Iron Trunk
|-end|p2a: Iron Trunk|Quark Drive|[silent]
|
|upkeep
|
|t:|1776090848
|switch|p2a: So ein Mist!|Kingambit, M|71/100
|-activate|p2a: So ein Mist!|ability: Supreme Overlord
|-start|p2a: So ein Mist!|fallen3|[silent]
|turn|19
|
|t:|1776090871
|switch|p1a: Alomomola|Alomomola, M|73/100
|-damage|p1a: Alomomola|60/100|[from] Spikes
|-damage|p1a: Alomomola|48/100|[from] Stealth Rock
|move|p2a: So ein Mist!|Sucker Punch||[still]
|-fail|p2a: So ein Mist!
|
|-heal|p2a: So ein Mist!|77/100|[from] item: Leftovers
|upkeep
|turn|20
|
|t:|1776090876
|move|p2a: So ein Mist!|Swords Dance|p2a: So ein Mist!
|-boost|p2a: So ein Mist!|atk|2
|move|p1a: Alomomola|Wish|p1a: Alomomola
|
|-heal|p2a: So ein Mist!|84/100|[from] item: Leftovers
|upkeep
|turn|21
|
|t:|1776090894
|move|p2a: So ein Mist!|Iron Head|p1a: Alomomola
|-resisted|p1a: Alomomola
|-damage|p1a: Alomomola|14/100
|-damage|p2a: So ein Mist!|67/100|[from] item: Rocky Helmet|[of] p1a: Alomomola
|move|p1a: Alomomola|Flip Turn|p2a: So ein Mist!
|-damage|p2a: So ein Mist!|55/100
|
|t:|1776090897
|switch|p1a: Okidogi|Okidogi, M|88/100|[from] Flip Turn
|-damage|p1a: Okidogi|76/100|[from] Spikes
|-damage|p1a: Okidogi|70/100|[from] Stealth Rock
|
|-heal|p1a: Okidogi|100/100|[from] move: Wish|[wisher] Alomomola
|-heal|p2a: So ein Mist!|61/100|[from] item: Leftovers
|upkeep
|turn|22
|
|t:|1776090916
|-end|p2a: So ein Mist!|fallen3|[silent]
|switch|p2a: *Leaves Game*|Iron Leaves|98/100
|move|p1a: Okidogi|Drain Punch|p2a: *Leaves Game*
|-resisted|p2a: *Leaves Game*
|-damage|p2a: *Leaves Game*|81/100
|
|-heal|p2a: *Leaves Game*|88/100|[from] item: Leftovers
|upkeep
|turn|23
|
|t:|1776090940
|switch|p1a: Ogerpon|Ogerpon, F|100/100
|move|p2a: *Leaves Game*|Substitute|p2a: *Leaves Game*
|-start|p2a: *Leaves Game*|Substitute
|-damage|p2a: *Leaves Game*|63/100
|
|-heal|p2a: *Leaves Game*|69/100|[from] item: Leftovers
|upkeep
|turn|24
|
|t:|1776090945
|move|p1a: Ogerpon|Knock Off|p2a: *Leaves Game*
|-supereffective|p2a: *Leaves Game*
|-end|p2a: *Leaves Game*|Substitute
|move|p2a: *Leaves Game*|Psyblade|p1a: Ogerpon
|-damage|p1a: Ogerpon|48/100
|
|-heal|p2a: *Leaves Game*|75/100|[from] item: Leftovers
|upkeep
|turn|25
|
|t:|1776090950
|-end|p2a: *Leaves Game*|Quark Drive|[silent]
|switch|p2a: So ein Mist!|Kingambit, M|61/100
|-activate|p2a: So ein Mist!|ability: Supreme Overlord
|-start|p2a: So ein Mist!|fallen3|[silent]
|move|p1a: Ogerpon|Knock Off|p2a: So ein Mist!
|-resisted|p2a: So ein Mist!
|-damage|p2a: So ein Mist!|49/100
|-enditem|p2a: So ein Mist!|Leftovers|[from] move: Knock Off|[of] p1a: Ogerpon
|
|upkeep
|turn|26
|
|t:|1776090965
|switch|p1a: Gholdengo|Gholdengo|76/100
|-damage|p1a: Gholdengo|63/100|[from] Spikes
|-damage|p1a: Gholdengo|57/100|[from] Stealth Rock
|move|p2a: So ein Mist!|Iron Head|p1a: Gholdengo
|-resisted|p1a: Gholdengo
|-damage|p1a: Gholdengo|26/100
|
|upkeep
|turn|27
|
|t:|1776090975
|-end|p2a: So ein Mist!|fallen3|[silent]
|switch|p2a: Peak-Chu|Pawmot, F|100/100
|move|p1a: Gholdengo|Trick|p2a: Peak-Chu
|-activate|p1a: Gholdengo|move: Trick|[of] p2a: Peak-Chu
|-item|p2a: Peak-Chu|Choice Scarf|[from] move: Trick
|-item|p1a: Gholdengo|Leppa Berry|[from] move: Trick
|
|upkeep
|turn|28
|
|t:|1776090992
|switch|p2a: So ein Mist!|Kingambit, M|49/100
|-activate|p2a: So ein Mist!|ability: Supreme Overlord
|-start|p2a: So ein Mist!|fallen3|[silent]
|switch|p1a: Great Tusk|Great Tusk|24/100
|-damage|p1a: Great Tusk|11/100|[from] Spikes
|-damage|p1a: Great Tusk|8/100|[from] Stealth Rock
|
|upkeep
|turn|29
|
|t:|1776091000
|move|p2a: So ein Mist!|Sucker Punch|p1a: Great Tusk
|-resisted|p1a: Great Tusk
|-damage|p1a: Great Tusk|0 fnt
|faint|p1a: Great Tusk
|-end|p1a: Great Tusk|Protosynthesis|[silent]
|
|upkeep
|
|t:|1776091010
|switch|p1a: Okidogi|Okidogi, M|100/100
|-damage|p1a: Okidogi|88/100|[from] Spikes
|-damage|p1a: Okidogi|82/100|[from] Stealth Rock
|turn|30
|
|t:|1776091034
|-end|p2a: So ein Mist!|fallen3|[silent]
|switch|p2a: Peak-Chu|Pawmot, F|100/100
|move|p1a: Okidogi|Drain Punch|p2a: Peak-Chu
|-damage|p2a: Peak-Chu|47/100
|-heal|p1a: Okidogi|100/100|[from] drain|[of] p2a: Peak-Chu
|
|upkeep
|turn|31
|inactive|Pig Perfect has 120 seconds left.
|
|t:|1776091060
|move|p2a: Peak-Chu|Revival Blessing|p2a: Peak-Chu
|
|t:|1776091063
|-heal|p2: Sew What?|50/100|[from] move: Revival Blessing
|move|p1a: Okidogi|Drain Punch|p2a: Peak-Chu
|-damage|p2a: Peak-Chu|0 fnt
|faint|p2a: Peak-Chu
|
|upkeep
|
|t:|1776091066
|switch|p2a: Sew What?|Pincurchin, F|50/100
|-fieldstart|move: Electric Terrain|[from] ability: Electric Surge|[of] p2a: Sew What?
|turn|32
|
|t:|1776091070
|move|p1a: Okidogi|Gunk Shot|p2a: Sew What?
|-damage|p2a: Sew What?|6/100
|-status|p2a: Sew What?|psn
|move|p2a: Sew What?|Memento|p1a: Okidogi
|-unboost|p1a: Okidogi|atk|2
|-unboost|p1a: Okidogi|spa|2
|faint|p2a: Sew What?
|
|upkeep
|
|t:|1776091073
|switch|p2a: *Leaves Game*|Iron Leaves|75/100
|-activate|p2a: *Leaves Game*|ability: Quark Drive
|-start|p2a: *Leaves Game*|quarkdrivespe
|turn|33
|
|t:|1776091086
|switch|p1a: Gholdengo|Gholdengo|26/100
|-damage|p1a: Gholdengo|14/100|[from] Spikes
|-damage|p1a: Gholdengo|7/100|[from] Stealth Rock
|move|p2a: *Leaves Game*|Substitute|p2a: *Leaves Game*
|-start|p2a: *Leaves Game*|Substitute
|-damage|p2a: *Leaves Game*|50/100
|
|-heal|p2a: *Leaves Game*|57/100|[from] item: Leftovers
|upkeep
|turn|34
|
|t:|1776091091
|move|p2a: *Leaves Game*|Psyblade|p1a: Gholdengo
|-resisted|p1a: Gholdengo
|-damage|p1a: Gholdengo|0 fnt
|faint|p1a: Gholdengo
|
|-heal|p2a: *Leaves Game*|63/100|[from] item: Leftovers
|upkeep
|
|t:|1776091099
|switch|p1a: Alomomola|Alomomola, M|47/100
|-damage|p1a: Alomomola|35/100|[from] Spikes
|-damage|p1a: Alomomola|22/100|[from] Stealth Rock
|turn|35
|
|t:|1776091110
|switch|p1a: Ogerpon|Ogerpon, F|48/100
|move|p2a: *Leaves Game*|Swords Dance|p2a: *Leaves Game*
|-boost|p2a: *Leaves Game*|atk|2
|
|-heal|p2a: *Leaves Game*|69/100|[from] item: Leftovers
|upkeep
|turn|36
|
|t:|1776091129
|-terastallize|p2a: *Leaves Game*|Fighting
|move|p2a: *Leaves Game*|Substitute|p2a: *Leaves Game*
|-fail|p2a: *Leaves Game*|move: Substitute
|move|p1a: Ogerpon|Knock Off|p2a: *Leaves Game*
|-resisted|p2a: *Leaves Game*
|-activate|p2a: *Leaves Game*|move: Substitute|[damage]
|
|-heal|p2a: *Leaves Game*|75/100|[from] item: Leftovers
|upkeep
|turn|37
|-message|Pookysnuke forfeited.
|
|win|Pig Perfect
|raw|Pookysnuke's rating: 1602 &rarr; <strong>1579</strong><br />(-23 for losing)
|raw|Pig Perfect's rating: 1549 &rarr; <strong>1572</strong><br />(+23 for winning)
|l|☆Pookysnuke
|player|p1|
|l| ohko_smeargle
|l|☆Pig Perfect
|player|p2|
