|html|<div class="broadcast-blue"><strong>[Gen 9] OU is currently suspecting Tera Blast! For information on how to participate check out the <a href="https://www.smogon.com/tools/suspects/view/200">suspect thread</a>.</strong></div>
|j|☆fresquinha?
|j|☆Pink Is My Life
|t:|1776085511
|gametype|singles
|player|p1|fresquinha?|pokemaniac|1224
|player|p2|Pink Is My Life|mira|1272
|gen|9
|tier|[Gen 9] OU
|rated|
|rule|HP Percentage Mod: HP is shown in percentages
|rule|Endless Battle Clause: Forcing endless battles is banned
|rule|Species Clause: Limit one of each Pokémon
|rule|OHKO Clause: OHKO moves are banned
|rule|Evasion Items Clause: Evasion items are banned
|rule|Evasion Moves Clause: Evasion moves are banned
|rule|Evasion Abilities Clause: Evasion abilities are banned
|rule|Sleep Moves Clause: Sleep-inducing moves are banned
|clearpoke
|poke|p1|Umbreon, F|
|poke|p1|Mandibuzz, F|
|poke|p1|Clodsire, F|
|poke|p1|Hatterene, F|
|poke|p1|Slowking, M|
|poke|p1|Crocalor, F|
|poke|p2|Alomomola, F|
|poke|p2|Pecharunt|
|poke|p2|Blissey, F|
|poke|p2|Scream Tail|
|poke|p2|Mandibuzz, F|
|poke|p2|Zamazenta-*|
|teampreview
|inactive|Battle timer is ON: inactive players will automatically lose when time's up. (requested by Pink Is My Life)
|inactive|fresquinha? also wants the timer to be on.
|
|t:|1776085526
|teamsize|p1|6
|teamsize|p2|6
|start
|switch|p1a: Checktung|Slowking, M|100/100
|switch|p2a: Pink Neck|Mandibuzz, F, shiny|100/100
|turn|1
|
|t:|1776085532
|move|p2a: Pink Neck|Knock Off|p1a: Checktung
|-supereffective|p1a: Checktung
|-damage|p1a: Checktung|50/100
|-enditem|p1a: Checktung|Choice Specs|[from] move: Knock Off|[of] p2a: Pink Neck
|move|p1a: Checktung|Trick|p2a: Pink Neck
|-activate|p1a: Checktung|move: Trick|[of] p2a: Pink Neck
|-enditem|p2a: Pink Neck|Heavy-Duty Boots|[silent]|[from] move: Trick
|-item|p1a: Checktung|Heavy-Duty Boots|[from] move: Trick
|
|upkeep
|turn|2
|
|t:|1776085541
|switch|p1a: Checking|Mandibuzz, F|100/100
|move|p2a: Pink Neck|Knock Off|p1a: Checking
|-resisted|p1a: Checking
|-damage|p1a: Checking|89/100
|-enditem|p1a: Checking|Heavy-Duty Boots|[from] move: Knock Off|[of] p2a: Pink Neck
|
|upkeep
|turn|3
|
|t:|1776085548
|switch|p1a: Checkelung|Clodsire, F|100/100
|move|p2a: Pink Neck|U-turn|p1a: Checkelung
|-resisted|p1a: Checkelung
|-damage|p1a: Checkelung|91/100
|
|t:|1776085557
|switch|p2a: Pink Fish|Alomomola, F|100/100|[from] U-turn
|
|-heal|p1a: Checkelung|97/100|[from] item: Leftovers
|upkeep
|turn|4
|
|t:|1776085563
|switch|p2a: Pink Peach|Pecharunt|100/100
|move|p1a: Checkelung|Stealth Rock|p2a: Pink Peach
|-sidestart|p2: Pink Is My Life|move: Stealth Rock
|
|-heal|p1a: Checkelung|100/100|[from] item: Leftovers
|upkeep
|turn|5
|
|t:|1776085574
|move|p2a: Pink Peach|Parting Shot|p1a: Checkelung
|-unboost|p1a: Checkelung|atk|1
|-unboost|p1a: Checkelung|spa|1
|
|t:|1776085577
|switch|p2a: Pink Neck|Mandibuzz, F, shiny|100/100|[from] Parting Shot
|-damage|p2a: Pink Neck|76/100|[from] Stealth Rock
|move|p1a: Checkelung|Earthquake|p2a: Pink Neck
|-immune|p2a: Pink Neck
|
|upkeep
|turn|6
|
|t:|1776085586
|move|p2a: Pink Neck|Defog|p1a: Checkelung
|-unboost|p1a: Checkelung|evasion|1
|-sideend|p2: Pink Is My Life|Stealth Rock|[from] move: Defog|[of] p2a: Pink Neck
|move|p1a: Checkelung|Stealth Rock|p2a: Pink Neck
|-sidestart|p2: Pink Is My Life|move: Stealth Rock
|
|upkeep
|turn|7
|
|t:|1776085592
|switch|p1a: Checking|Mandibuzz, F|89/100
|move|p2a: Pink Neck|Defog|p1a: Checking
|-unboost|p1a: Checking|evasion|1
|-sideend|p2: Pink Is My Life|Stealth Rock|[from] move: Defog|[of] p2a: Pink Neck
|
|upkeep
|turn|8
|
|t:|1776085599
|move|p1a: Checking|Foul Play|p2a: Pink Neck
|-resisted|p2a: Pink Neck
|-damage|p2a: Pink Neck|64/100
|move|p2a: Pink Neck|U-turn|p1a: Checking
|-damage|p1a: Checking|79/100
|
|t:|1776085611
|switch|p2a: Pink Jigglypuff|Scream Tail, shiny|100/100|[from] U-turn
|-enditem|p2a: Pink Jigglypuff|Booster Energy
|-activate|p2a: Pink Jigglypuff|ability: Protosynthesis|[fromitem]
|-start|p2a: Pink Jigglypuff|protosynthesisspe
|
|upkeep
|turn|9
|
|t:|1776085621
|move|p2a: Pink Jigglypuff|Calm Mind|p2a: Pink Jigglypuff
|-boost|p2a: Pink Jigglypuff|spa|1
|-boost|p2a: Pink Jigglypuff|spd|1
|move|p1a: Checking|Foul Play|p2a: Pink Jigglypuff
|-damage|p2a: Pink Jigglypuff|84/100
|
|upkeep
|turn|10
|
|t:|1776085626
|move|p2a: Pink Jigglypuff|Calm Mind|p2a: Pink Jigglypuff
|-boost|p2a: Pink Jigglypuff|spa|1
|-boost|p2a: Pink Jigglypuff|spd|1
|move|p1a: Checking|Toxic|p2a: Pink Jigglypuff
|-status|p2a: Pink Jigglypuff|tox
|
|-damage|p2a: Pink Jigglypuff|78/100 tox|[from] psn
|upkeep
|turn|11
|
|t:|1776085636
|switch|p1a: Crocalor|Crocalor, F|100/100
|move|p2a: Pink Jigglypuff|Dazzling Gleam|p1a: Crocalor
|-resisted|p1a: Crocalor
|-damage|p1a: Crocalor|91/100
|
|-damage|p2a: Pink Jigglypuff|66/100 tox|[from] psn
|upkeep
|turn|12
|
|t:|1776085649
|move|p2a: Pink Jigglypuff|Boomburst|p1a: Crocalor
|-damage|p1a: Crocalor|69/100
|move|p1a: Crocalor|Fire Spin|p2a: Pink Jigglypuff|[miss]
|-miss|p1a: Crocalor|p2a: Pink Jigglypuff
|
|-damage|p2a: Pink Jigglypuff|48/100 tox|[from] psn
|upkeep
|turn|13
|
|t:|1776085678
|move|p2a: Pink Jigglypuff|Boomburst|p1a: Crocalor
|-damage|p1a: Crocalor|46/100
|move|p1a: Crocalor|Will-O-Wisp||[still]
|-fail|p1a: Crocalor
|
|-damage|p2a: Pink Jigglypuff|24/100 tox|[from] psn
|upkeep
|turn|14
|
|t:|1776085686
|move|p2a: Pink Jigglypuff|Boomburst|p1a: Crocalor
|-damage|p1a: Crocalor|22/100
|move|p1a: Crocalor|Slack Off|p1a: Crocalor
|-heal|p1a: Crocalor|73/100
|
|-damage|p2a: Pink Jigglypuff|0 fnt|[from] psn
|faint|p2a: Pink Jigglypuff
|-end|p2a: Pink Jigglypuff|Protosynthesis|[silent]
|upkeep
|
|t:|1776085696
|switch|p2a: Pink Neck|Mandibuzz, F, shiny|64/100
|turn|15
|inactive|fresquinha? has 120 seconds left.
|
|t:|1776085728
|move|p2a: Pink Neck|Knock Off|p1a: Crocalor
|-damage|p1a: Crocalor|48/100
|-enditem|p1a: Crocalor|Eviolite|[from] move: Knock Off|[of] p2a: Pink Neck
|move|p1a: Crocalor|Will-O-Wisp|p2a: Pink Neck
|-status|p2a: Pink Neck|brn
|
|-damage|p2a: Pink Neck|57/100 brn|[from] brn
|upkeep
|turn|16
|
|t:|1776085738
|move|p2a: Pink Neck|Roost|p2a: Pink Neck
|-heal|p2a: Pink Neck|100/100 brn
|-singleturn|p2a: Pink Neck|move: Roost
|move|p1a: Crocalor|Slack Off|p1a: Crocalor
|-heal|p1a: Crocalor|99/100
|
|-damage|p2a: Pink Neck|94/100 brn|[from] brn
|upkeep
|turn|17
|inactive|fresquinha? has 120 seconds left.
|
|t:|1776085771
|move|p2a: Pink Neck|U-turn|p1a: Crocalor
|-resisted|p1a: Crocalor
|-damage|p1a: Crocalor|95/100
|
|t:|1776085775
|switch|p2a: Pink Fish|Alomomola, F|100/100|[from] U-turn
|move|p1a: Crocalor|Fire Spin|p2a: Pink Fish|[miss]
|-miss|p1a: Crocalor|p2a: Pink Fish
|
|upkeep
|turn|18
|inactive|fresquinha? has 120 seconds left.
|
|t:|1776085804
|move|p2a: Pink Fish|Tickle|p1a: Crocalor
|-unboost|p1a: Crocalor|atk|1
|-unboost|p1a: Crocalor|def|1
|move|p1a: Crocalor|Flamethrower|p2a: Pink Fish
|-resisted|p2a: Pink Fish
|-damage|p2a: Pink Fish|85/100
|
|upkeep
|turn|19
|
|t:|1776085810
|move|p2a: Pink Fish|Tickle|p1a: Crocalor
|-unboost|p1a: Crocalor|atk|1
|-unboost|p1a: Crocalor|def|1
|move|p1a: Crocalor|Will-O-Wisp|p2a: Pink Fish|[miss]
|-miss|p1a: Crocalor|p2a: Pink Fish
|
|upkeep
|turn|20
|
|t:|1776085823
|move|p2a: Pink Fish|Flip Turn|p1a: Crocalor
|-supereffective|p1a: Crocalor
|-damage|p1a: Crocalor|31/100
|
|t:|1776085827
|switch|p2a: Pink Neck|Mandibuzz, F, shiny|94/100 brn|[from] Flip Turn
|move|p1a: Crocalor|Fire Spin|p2a: Pink Neck
|-damage|p2a: Pink Neck|85/100 brn
|-activate|p2a: Pink Neck|move: Fire Spin|[of] p1a: Crocalor
|
|-damage|p2a: Pink Neck|79/100 brn|[from] brn
|-damage|p2a: Pink Neck|66/100 brn|[from] move: Fire Spin|[partiallytrapped]
|upkeep
|turn|21
|inactive|fresquinha? has 120 seconds left.
|
|t:|1776085855
|move|p2a: Pink Neck|Knock Off|p1a: Crocalor
|-damage|p1a: Crocalor|7/100
|move|p1a: Crocalor|Slack Off|p1a: Crocalor
|-heal|p1a: Crocalor|57/100
|
|-damage|p2a: Pink Neck|60/100 brn|[from] brn
|-damage|p2a: Pink Neck|48/100 brn|[from] move: Fire Spin|[partiallytrapped]
|upkeep
|turn|22
|
|t:|1776085874
|move|p2a: Pink Neck|U-turn|p1a: Crocalor
|-resisted|p1a: Crocalor
|-damage|p1a: Crocalor|48/100
|
|t:|1776085878
|switch|p2a: Pink Egg|Blissey, F|100/100|[from] U-turn
|move|p1a: Crocalor|Slack Off|p1a: Crocalor
|-heal|p1a: Crocalor|99/100
|
|upkeep
|turn|23
|
|t:|1776085884
|move|p2a: Pink Egg|Hyper Voice|p1a: Crocalor
|-damage|p1a: Crocalor|38/100
|move|p1a: Crocalor|Fire Spin|p2a: Pink Egg
|-damage|p2a: Pink Egg|97/100
|-activate|p2a: Pink Egg|move: Fire Spin|[of] p1a: Crocalor
|
|-damage|p2a: Pink Egg|84/100|[from] move: Fire Spin|[partiallytrapped]
|upkeep
|turn|24
|
|t:|1776085895
|switch|p1a: Checker|Umbreon, F|100/100
|move|p2a: Pink Egg|Hyper Voice|p1a: Checker
|-damage|p1a: Checker|74/100
|
|-heal|p1a: Checker|80/100|[from] item: Leftovers
|-end|p2a: Pink Egg|Fire Spin|[partiallytrapped]|[silent]
|upkeep
|turn|25
|
|t:|1776085904
|move|p1a: Checker|Wish|p1a: Checker
|move|p2a: Pink Egg|Hyper Voice|p1a: Checker
|-damage|p1a: Checker|50/100
|
|-heal|p1a: Checker|56/100|[from] item: Leftovers
|upkeep
|turn|26
|
|t:|1776085910
|move|p1a: Checker|Toxic|p2a: Pink Egg|[miss]
|-miss|p1a: Checker|p2a: Pink Egg
|move|p2a: Pink Egg|Hyper Voice|p1a: Checker
|-damage|p1a: Checker|27/100
|
|-heal|p1a: Checker|77/100|[from] move: Wish|[wisher] Checker
|-heal|p1a: Checker|83/100|[from] item: Leftovers
|upkeep
|turn|27
|
|t:|1776085918
|switch|p2a: Pink Neck|Mandibuzz, F, shiny|48/100 brn
|move|p1a: Checker|Wish|p1a: Checker
|
|-heal|p1a: Checker|89/100|[from] item: Leftovers
|-damage|p2a: Pink Neck|42/100 brn|[from] brn
|upkeep
|turn|28
|-message|fresquinha? forfeited.
|
|win|Pink Is My Life
|raw|fresquinha?'s rating: 1224 &rarr; <strong>1202</strong><br />(-22 for losing)
|raw|Pink Is My Life's rating: 1272 &rarr; <strong>1294</strong><br />(+22 for winning)
|l|☆fresquinha?
|player|p1|
|l|☆Pink Is My Life
|player|p2|
