|html|<div class="broadcast-blue"><strong>[Gen 9] OU is currently suspecting Tera Blast! For information on how to participate check out the <a href="https://www.smogon.com/tools/suspects/view/200">suspect thread</a>.</strong></div>
|j|☆conwynaut
|j|☆areddy6umd.edu
|t:|1776053497
|gametype|singles
|player|p1|conwynaut|170|1150
|player|p2|areddy6umd.edu|drayden|1112
|gen|9
|tier|[Gen 9] OU
|rated|
|rule|HP Percentage Mod: HP is shown in percentages
|rule|Endless Battle Clause: Forcing endless battles is banned
|rule|Species Clause: Limit one of each Pokémon
|rule|OHKO Clause: OHKO moves are banned
|rule|Evasion Items Clause: Evasion items are banned
|rule|Evasion Moves Clause: Evasion moves are banned
|rule|Evasion Abilities Clause: Evasion abilities are banned
|rule|Sleep Moves Clause: Sleep-inducing moves are banned
|clearpoke
|poke|p1|Latios, M|
|poke|p1|Alomomola, M|
|poke|p1|Iron Crown|
|poke|p1|Ting-Lu|
|poke|p1|Enamorus, F|
|poke|p1|Great Tusk|
|poke|p2|Greninja-*, M|
|poke|p2|Gengar, M|
|poke|p2|Dragonite, F|
|poke|p2|Torterra, F|
|poke|p2|Blaziken, F|
|poke|p2|Eelektross, F|
|teampreview
|inactive|Battle timer is ON: inactive players will automatically lose when time's up. (requested by areddy6umd.edu)
|
|t:|1776053508
|teamsize|p1|6
|teamsize|p2|6
|start
|switch|p1a: Ting-Lu|Ting-Lu|100/100
|switch|p2a: Greninja|Greninja, M|100/100
|-ability|p1a: Ting-Lu|Vessel of Ruin
|turn|1
|
|t:|1776053519
|move|p2a: Greninja|Hydro Pump|p1a: Ting-Lu
|-supereffective|p1a: Ting-Lu
|-damage|p1a: Ting-Lu|53/100
|move|p1a: Ting-Lu|Stealth Rock|p2a: Greninja
|-sidestart|p2: areddy6umd.edu|move: Stealth Rock
|
|-heal|p1a: Ting-Lu|59/100|[from] item: Leftovers
|upkeep
|turn|2
|
|t:|1776053527
|move|p2a: Greninja|Hydro Pump|p1a: Ting-Lu
|-supereffective|p1a: Ting-Lu
|-damage|p1a: Ting-Lu|7/100
|move|p1a: Ting-Lu|Ruination|p2a: Greninja
|-damage|p2a: Greninja|50/100
|
|-heal|p1a: Ting-Lu|13/100|[from] item: Leftovers
|upkeep
|turn|3
|
|t:|1776053540
|switch|p1a: Latios|Latios, M|100/100
|move|p2a: Greninja|Ice Beam|p1a: Latios
|-supereffective|p1a: Latios
|-damage|p1a: Latios|33/100
|
|upkeep
|turn|4
|
|t:|1776053547
|switch|p1a: Alomomola|Alomomola, M|100/100
|move|p2a: Greninja|Ice Beam|p1a: Alomomola
|-resisted|p1a: Alomomola
|-damage|p1a: Alomomola|80/100
|-status|p1a: Alomomola|frz
|
|upkeep
|turn|5
|
|t:|1776053556
|switch|p2a: Eelektross|Eelektross, F|100/100
|-damage|p2a: Eelektross|88/100|[from] Stealth Rock
|-curestatus|p1a: Alomomola|frz|[from] move: Scald
|move|p1a: Alomomola|Scald|p2a: Eelektross
|-damage|p2a: Eelektross|75/100
|
|upkeep
|turn|6
|
|t:|1776053568
|switch|p1a: Great Tusk|Great Tusk|100/100
|move|p2a: Eelektross|Zen Headbutt|p1a: Great Tusk
|-supereffective|p1a: Great Tusk
|-damage|p1a: Great Tusk|60/100
|-damage|p2a: Eelektross|59/100|[from] item: Rocky Helmet|[of] p1a: Great Tusk
|
|upkeep
|turn|7
|
|t:|1776053576
|move|p1a: Great Tusk|Close Combat|p2a: Eelektross
|-damage|p2a: Eelektross|0 fnt
|-unboost|p1a: Great Tusk|def|1
|-unboost|p1a: Great Tusk|spd|1
|faint|p2a: Eelektross
|
|upkeep
|
|t:|1776053593
|switch|p2a: Torterra|Torterra, F|100/100
|-damage|p2a: Torterra|94/100|[from] Stealth Rock
|turn|8
|
|t:|1776053599
|-terastallize|p2a: Torterra|Fighting
|move|p1a: Great Tusk|Ice Spinner|p2a: Torterra
|-damage|p2a: Torterra|65/100
|move|p2a: Torterra|Shell Smash|p2a: Torterra
|-unboost|p2a: Torterra|def|1
|-unboost|p2a: Torterra|spd|1
|-boost|p2a: Torterra|atk|2
|-boost|p2a: Torterra|spa|2
|-boost|p2a: Torterra|spe|2
|-enditem|p2a: Torterra|White Herb
|-clearnegativeboost|p2a: Torterra|[silent]
|
|upkeep
|turn|9
|
|t:|1776053612
|-end|p1a: Great Tusk|Protosynthesis|[silent]
|switch|p1a: Ting-Lu|Ting-Lu|13/100
|-ability|p1a: Ting-Lu|Vessel of Ruin
|move|p2a: Torterra|Seed Bomb|p1a: Ting-Lu
|-supereffective|p1a: Ting-Lu
|-damage|p1a: Ting-Lu|0 fnt
|faint|p1a: Ting-Lu
|
|upkeep
|
|t:|1776053617
|switch|p1a: Enamorus|Enamorus, F|100/100
|turn|10
|
|t:|1776053626
|move|p1a: Enamorus|Moonblast|p2a: Torterra
|-supereffective|p2a: Torterra
|-damage|p2a: Torterra|0 fnt
|faint|p2a: Torterra
|
|upkeep
|
|t:|1776053638
|switch|p2a: Greninja|Greninja, M|50/100
|-damage|p2a: Greninja|38/100|[from] Stealth Rock
|turn|11
|
|t:|1776053644
|move|p1a: Enamorus|Moonblast|p2a: Greninja
|-supereffective|p2a: Greninja
|-damage|p2a: Greninja|0 fnt
|faint|p2a: Greninja
|
|upkeep
|
|t:|1776053652
|switch|p2a: Gengar|Gengar, M|100/100
|-damage|p2a: Gengar|88/100|[from] Stealth Rock
|turn|12
|
|t:|1776053660
|switch|p1a: Alomomola|Alomomola, M|100/100
|move|p2a: Gengar|Sludge Wave|p1a: Alomomola
|-damage|p1a: Alomomola|36/100
|
|-heal|p2a: Gengar|94/100|[from] item: Black Sludge
|upkeep
|turn|13
|
|t:|1776053669
|move|p2a: Gengar|Sludge Wave|p1a: Alomomola
|-damage|p1a: Alomomola|0 fnt
|faint|p1a: Alomomola
|
|-heal|p2a: Gengar|100/100|[from] item: Black Sludge
|upkeep
|
|t:|1776053678
|switch|p1a: Latios|Latios, M|33/100
|turn|14
|
|t:|1776053688
|move|p1a: Latios|Draco Meteor|p2a: Gengar
|-damage|p2a: Gengar|0 fnt
|-unboost|p1a: Latios|spa|2
|-start|p1a: Latios|Disable|Draco Meteor|[from] ability: Cursed Body|[of] p2a: Gengar
|faint|p2a: Gengar
|
|upkeep
|
|t:|1776053698
|switch|p2a: Dragonite|Dragonite, F|100/100
|-damage|p2a: Dragonite|76/100|[from] Stealth Rock
|turn|15
|
|t:|1776053704
|switch|p1a: Enamorus|Enamorus, F|100/100
|move|p2a: Dragonite|Dragon Dance|p2a: Dragonite
|-boost|p2a: Dragonite|atk|1
|-boost|p2a: Dragonite|spe|1
|
|-heal|p2a: Dragonite|82/100|[from] item: Leftovers
|upkeep
|turn|16
|
|t:|1776053713
|move|p2a: Dragonite|Extreme Speed|p1a: Enamorus
|-damage|p1a: Enamorus|25/100
|move|p1a: Enamorus|Moonblast|p2a: Dragonite
|-supereffective|p2a: Dragonite
|-damage|p2a: Dragonite|0 fnt
|faint|p2a: Dragonite
|
|upkeep
|
|t:|1776053722
|switch|p2a: Blaziken|Blaziken, F|100/100
|-damage|p2a: Blaziken|88/100|[from] Stealth Rock
|turn|17
|
|t:|1776053728
|move|p1a: Enamorus|Moonblast|p2a: Blaziken
|-damage|p2a: Blaziken|0 fnt
|faint|p2a: Blaziken
|
|win|conwynaut
|raw|conwynaut's rating: 1150 &rarr; <strong>1172</strong><br />(+22 for winning)
|raw|areddy6umd.edu's rating: 1112 &rarr; <strong>1090</strong><br />(-22 for losing)
|l|☆conwynaut
|player|p1|
|l|☆areddy6umd.edu
|player|p2|
