|html|<div class="broadcast-blue"><strong>[Gen 9] OU is currently suspecting Tera Blast! For information on how to participate check out the <a href="https://www.smogon.com/tools/suspects/view/200">suspect thread</a>.</strong></div>
|j|☆Pig Perfect
|j|☆thibsab
|t:|1776086083
|gametype|singles
|player|p1|Pig Perfect|workerice|1546
|player|p2|thibsab|101|1562
|gen|9
|tier|[Gen 9] OU
|rated|
|rule|HP Percentage Mod: HP is shown in percentages
|rule|Endless Battle Clause: Forcing endless battles is banned
|rule|Species Clause: Limit one of each Pokémon
|rule|OHKO Clause: OHKO moves are banned
|rule|Evasion Items Clause: Evasion items are banned
|rule|Evasion Moves Clause: Evasion moves are banned
|rule|Evasion Abilities Clause: Evasion abilities are banned
|rule|Sleep Moves Clause: Sleep-inducing moves are banned
|clearpoke
|poke|p1|Iron Leaves|
|poke|p1|Iron Treads|
|poke|p1|Kingambit, F|
|poke|p1|Pawmot, F|
|poke|p1|Pincurchin, F|
|poke|p1|Raging Bolt|
|poke|p2|Hatterene, F|
|poke|p2|Hoopa-Unbound|
|poke|p2|Volcanion|
|poke|p2|Ursaluna, F|
|poke|p2|Zamazenta-*|
|poke|p2|Cresselia, F|
|teampreview
|
|t:|1776086105
|teamsize|p1|6
|teamsize|p2|6
|start
|switch|p1a: Sew What?|Pincurchin, F|100/100
|switch|p2a: L'ours bien vénère|Ursaluna, F|100/100
|-fieldstart|move: Electric Terrain|[from] ability: Electric Surge|[of] p1a: Sew What?
|turn|1
|inactive|Battle timer is ON: inactive players will automatically lose when time's up. (requested by thibsab)
|
|t:|1776086155
|switch|p1a: *Leaves Game*|Iron Leaves|100/100
|-activate|p1a: *Leaves Game*|ability: Quark Drive
|-start|p1a: *Leaves Game*|quarkdriveatk
|move|p2a: L'ours bien vénère|Headlong Rush|p1a: *Leaves Game*
|-resisted|p1a: *Leaves Game*
|-damage|p1a: *Leaves Game*|58/100
|-unboost|p2a: L'ours bien vénère|def|1
|-unboost|p2a: L'ours bien vénère|spd|1
|
|-status|p2a: L'ours bien vénère|brn|[from] item: Flame Orb
|upkeep
|turn|2
|
|t:|1776086178
|switch|p2a: Le grand manitou|Hoopa-Unbound|100/100
|move|p1a: *Leaves Game*|Close Combat|p2a: Le grand manitou
|-damage|p2a: Le grand manitou|1/100
|-unboost|p1a: *Leaves Game*|def|1
|-unboost|p1a: *Leaves Game*|spd|1
|
|upkeep
|turn|3
|
|t:|1776086202
|move|p1a: *Leaves Game*|Trailblaze|p2a: Le grand manitou
|-damage|p2a: Le grand manitou|0 fnt
|-boost|p1a: *Leaves Game*|spe|1
|faint|p2a: Le grand manitou
|
|upkeep
|
|t:|1776086204
|switch|p2a: La connasse|Cresselia, F|100/100
|turn|4
|
|t:|1776086214
|-end|p1a: *Leaves Game*|Quark Drive|[silent]
|switch|p1a: Iron Trunk|Iron Treads|100/100
|-item|p1a: Iron Trunk|Air Balloon
|-activate|p1a: Iron Trunk|ability: Quark Drive
|-start|p1a: Iron Trunk|quarkdrivespe
|move|p2a: La connasse|Trick Room|p2a: La connasse
|-fieldstart|move: Trick Room|[of] p2a: La connasse
|
|upkeep
|turn|5
|
|t:|1776086221
|switch|p2a: L'ours bien vénère|Ursaluna, F|100/100 brn
|move|p1a: Iron Trunk|Stealth Rock|p2a: L'ours bien vénère
|-sidestart|p2: thibsab|move: Stealth Rock
|
|-damage|p2a: L'ours bien vénère|94/100 brn|[from] brn
|upkeep
|turn|6
|
|t:|1776086244
|move|p2a: L'ours bien vénère|Facade|p1a: Iron Trunk
|-resisted|p1a: Iron Trunk
|-damage|p1a: Iron Trunk|44/100
|-enditem|p1a: Iron Trunk|Air Balloon
|move|p1a: Iron Trunk|Earth Power|p2a: L'ours bien vénère
|-damage|p2a: L'ours bien vénère|61/100 brn
|-unboost|p2a: L'ours bien vénère|spd|1
|
|-damage|p2a: L'ours bien vénère|55/100 brn|[from] brn
|upkeep
|turn|7
|
|t:|1776086255
|move|p2a: L'ours bien vénère|Facade|p1a: Iron Trunk
|-resisted|p1a: Iron Trunk
|-damage|p1a: Iron Trunk|0 fnt
|faint|p1a: Iron Trunk
|-end|p1a: Iron Trunk|Quark Drive|[silent]
|
|-damage|p2a: L'ours bien vénère|49/100 brn|[from] brn
|upkeep
|inactive|Pig Perfect has 120 seconds left.
|inactive|Pig Perfect has 90 seconds left.
|
|t:|1776086332
|switch|p1a: Sew What?|Pincurchin, F|100/100
|turn|8
|
|t:|1776086361
|switch|p2a: La torture 🐢|Volcanion|100/100
|-damage|p2a: La torture 🐢|76/100|[from] Stealth Rock
|move|p1a: Sew What?|Scald|p2a: La torture 🐢
|-heal|p2a: La torture 🐢|100/100|[from] ability: Water Absorb|[of] p1a: Sew What?
|
|-fieldend|move: Trick Room
|-fieldend|move: Electric Terrain
|upkeep
|turn|9
|inactive|Pig Perfect has 60 seconds left.
|inactive|Pig Perfect has 30 seconds left.
|
|t:|1776086420
|move|p2a: La torture 🐢|Earth Power|p1a: Sew What?
|-supereffective|p1a: Sew What?
|-damage|p1a: Sew What?|0 fnt
|faint|p1a: Sew What?
|
|upkeep
|inactive|Pig Perfect has 30 seconds left.
|inactive|Pig Perfect has 20 seconds left.
|
|t:|1776086436
|switch|p1a: Peak-Chu|Pawmot, F|100/100
|turn|10
|inactive|Pig Perfect has 30 seconds left this turn.
|inactive|Pig Perfect has 20 seconds left.
|inactive|Pig Perfect has 15 seconds left.
|inactive|Pig Perfect has 10 seconds left.
|
|t:|1776086458
|move|p1a: Peak-Chu|Double Shock|p2a: La torture 🐢
|-supereffective|p2a: La torture 🐢
|-damage|p2a: La torture 🐢|4/100
|-start|p1a: Peak-Chu|typechange|???/Fighting|[from] move: Double Shock
|move|p2a: La torture 🐢|Earth Power|p1a: Peak-Chu
|-damage|p1a: Peak-Chu|12/100
|-unboost|p1a: Peak-Chu|spd|1
|
|upkeep
|turn|11
|inactive|Pig Perfect has 20 seconds left this turn.
|
|t:|1776086462
|move|p1a: Peak-Chu|Revival Blessing|p1a: Peak-Chu
|-enditem|p1a: Peak-Chu|Leppa Berry|[eat]
|-activate|p1a: Peak-Chu|item: Leppa Berry|Revival Blessing|[consumed]
|inactive|Pig Perfect has 25 seconds left this turn.
|
|t:|1776086465
|-heal|p1: Sew What?|50/100|[from] move: Revival Blessing
|move|p2a: La torture 🐢|Earth Power|p1a: Peak-Chu
|-damage|p1a: Peak-Chu|0 fnt
|faint|p1a: Peak-Chu
|
|upkeep
|inactive|Pig Perfect has 30 seconds left this turn.
|
|t:|1776086467
|switch|p1a: *Leaves Game*|Iron Leaves|58/100
|turn|12
|
|t:|1776086479
|-end|p1a: *Leaves Game*|Quark Drive|[silent]
|switch|p1a: Sew What?|Pincurchin, F|50/100
|-fieldstart|move: Electric Terrain|[from] ability: Electric Surge|[of] p1a: Sew What?
|move|p2a: La torture 🐢|Earth Power|p1a: Sew What?
|-supereffective|p1a: Sew What?
|-damage|p1a: Sew What?|0 fnt
|faint|p1a: Sew What?
|
|upkeep
|
|t:|1776086482
|switch|p1a: Necky's Nuts|Raging Bolt|100/100
|-enditem|p1a: Necky's Nuts|Booster Energy
|-activate|p1a: Necky's Nuts|ability: Protosynthesis|[fromitem]
|-start|p1a: Necky's Nuts|protosynthesisspa
|turn|13
|
|t:|1776086487
|move|p1a: Necky's Nuts|Calm Mind|p1a: Necky's Nuts
|-boost|p1a: Necky's Nuts|spa|1
|-boost|p1a: Necky's Nuts|spd|1
|move|p2a: La torture 🐢|Earth Power|p1a: Necky's Nuts
|-supereffective|p1a: Necky's Nuts
|-damage|p1a: Necky's Nuts|33/100
|
|upkeep
|turn|14
|
|t:|1776086489
|move|p1a: Necky's Nuts|Dragon Pulse|p2a: La torture 🐢
|-damage|p2a: La torture 🐢|0 fnt
|faint|p2a: La torture 🐢
|
|upkeep
|inactive|thibsab has 120 seconds left.
|inactive|thibsab has 90 seconds left.
|
|t:|1776086570
|switch|p2a: La connasse|Cresselia, F|100/100
|-damage|p2a: La connasse|88/100|[from] Stealth Rock
|turn|15
|
|t:|1776086581
|move|p1a: Necky's Nuts|Rising Voltage|p2a: La connasse
|-damage|p2a: La connasse|16/100
|move|p2a: La connasse|Trick Room|p2a: La connasse
|-fieldstart|move: Trick Room|[of] p2a: La connasse
|
|upkeep
|turn|16
|
|t:|1776086589
|move|p2a: La connasse|Lunar Dance|p2a: La connasse
|faint|p2a: La connasse
|move|p1a: Necky's Nuts|Calm Mind|p1a: Necky's Nuts
|-boost|p1a: Necky's Nuts|spa|1
|-boost|p1a: Necky's Nuts|spd|1
|
|upkeep
|
|t:|1776086590
|switch|p2a: L'ours bien vénère|Ursaluna, F|49/100 brn
|-heal|p2a: L'ours bien vénère|100/100|[from] move: Lunar Dance
|-damage|p2a: L'ours bien vénère|94/100|[from] Stealth Rock
|turn|17
|
|t:|1776086601
|-terastallize|p2a: L'ours bien vénère|Normal
|move|p2a: L'ours bien vénère|Facade|p1a: Necky's Nuts
|-damage|p1a: Necky's Nuts|0 fnt
|faint|p1a: Necky's Nuts
|-end|p1a: Necky's Nuts|Protosynthesis|[silent]
|
|-status|p2a: L'ours bien vénère|brn|[from] item: Flame Orb
|upkeep
|
|t:|1776086605
|switch|p1a: So ein Mist!|Kingambit, F|100/100
|-activate|p1a: So ein Mist!|ability: Supreme Overlord
|-start|p1a: So ein Mist!|fallen5|[silent]
|turn|18
|inactive|thibsab has 120 seconds left.
|
|t:|1776086612
|-terastallize|p1a: So ein Mist!|Ghost
|move|p2a: L'ours bien vénère|Facade|p1a: So ein Mist!
|-immune|p1a: So ein Mist!
|move|p1a: So ein Mist!|Swords Dance|p1a: So ein Mist!
|-boost|p1a: So ein Mist!|atk|2
|
|-damage|p2a: L'ours bien vénère|88/100 brn|[from] brn
|upkeep
|turn|19
|
|t:|1776086614
|move|p1a: So ein Mist!|Sucker Punch|p2a: L'ours bien vénère
|-crit|p2a: L'ours bien vénère
|-damage|p2a: L'ours bien vénère|0 fnt
|faint|p2a: L'ours bien vénère
|
|-fieldend|move: Trick Room
|-fieldend|move: Electric Terrain
|upkeep
|
|t:|1776086618
|switch|p2a: Le ver de terre|Hatterene, F|100/100
|-damage|p2a: Le ver de terre|88/100|[from] Stealth Rock
|turn|20
|
|t:|1776086624
|move|p1a: So ein Mist!|Iron Head|p2a: Le ver de terre
|-supereffective|p2a: Le ver de terre
|-damage|p2a: Le ver de terre|0 fnt
|faint|p2a: Le ver de terre
|
|upkeep
|
|t:|1776086625
|switch|p2a: L'intrus|Zamazenta|100/100
|-damage|p2a: L'intrus|94/100|[from] Stealth Rock
|-ability|p2a: L'intrus|Dauntless Shield|boost
|-boost|p2a: L'intrus|def|1
|turn|21
|
|t:|1776086628
|move|p2a: L'intrus|Crunch|p1a: So ein Mist!
|-supereffective|p1a: So ein Mist!
|-damage|p1a: So ein Mist!|44/100
|-damage|p2a: L'intrus|84/100|[from] item: Life Orb
|move|p1a: So ein Mist!|Low Kick|p2a: L'intrus
|-crit|p2a: L'intrus
|-damage|p2a: L'intrus|0 fnt
|faint|p2a: L'intrus
|
|win|Pig Perfect
|raw|Pig Perfect's rating: 1546 &rarr; <strong>1567</strong><br />(+21 for winning)
|raw|thibsab's rating: 1562 &rarr; <strong>1541</strong><br />(-21 for losing)
|l|☆thibsab
|player|p2|
|c|☆Pig Perfect|gg
|l|☆Pig Perfect
|player|p1|
