|html|<div class="broadcast-blue"><strong>[Gen 9] OU is currently suspecting Tera Blast! For information on how to participate check out the <a href="https://www.smogon.com/tools/suspects/view/200">suspect thread</a>.</strong></div>
|j|☆bsmcreeper
|j|☆manabi.portoviejo
|t:|1776093994
|gametype|singles
|player|p1|bsmcreeper|169|1518
|player|p2|manabi.portoviejo|169|1570
|gen|9
|tier|[Gen 9] OU
|rated|
|rule|HP Percentage Mod: HP is shown in percentages
|rule|Endless Battle Clause: Forcing endless battles is banned
|rule|Species Clause: Limit one of each Pokémon
|rule|OHKO Clause: OHKO moves are banned
|rule|Evasion Items Clause: Evasion items are banned
|rule|Evasion Moves Clause: Evasion moves are banned
|rule|Evasion Abilities Clause: Evasion abilities are banned
|rule|Sleep Moves Clause: Sleep-inducing moves are banned
|clearpoke
|poke|p1|Zamazenta-*|
|poke|p1|Ceruledge, F|
|poke|p1|Corviknight, F|
|poke|p1|Slowking-Galar, F|
|poke|p1|Raging Bolt|
|poke|p1|Meowscarada, F|
|poke|p2|Indeedee-F, F|
|poke|p2|Polteageist|
|poke|p2|Hatterene, F|
|poke|p2|Rillaboom, F|
|poke|p2|Hawlucha, M|
|poke|p2|Hoopa-Unbound|
|teampreview
|inactive|Battle timer is ON: inactive players will automatically lose when time's up. (requested by bsmcreeper)
|
|t:|1776094025
|teamsize|p1|6
|teamsize|p2|6
|start
|switch|p1a: Meowscarada|Meowscarada, F|100/100
|switch|p2a: Indeedee|Indeedee-F, F|100/100
|-fieldstart|move: Psychic Terrain|[from] ability: Psychic Surge|[of] p2a: Indeedee
|turn|1
|
|t:|1776094044
|switch|p2a: Hatterene|Hatterene, F|100/100
|move|p1a: Meowscarada|U-turn|p2a: Hatterene
|-start|p1a: Meowscarada|typechange|Bug|[from] ability: Protean
|-damage|p2a: Hatterene|75/100
|-enditem|p2a: Hatterene|Eject Button
|inactive|manabi.portoviejo has 120 seconds left.
|
|t:|1776094064
|switch|p2a: Polteageist|Polteageist|100/100
|
|upkeep
|turn|2
|
|t:|1776094071
|move|p1a: Meowscarada|Flower Trick|p2a: Polteageist
|-crit|p2a: Polteageist
|-damage|p2a: Polteageist|43/100
|-ability|p2a: Polteageist|Weak Armor|boost
|-unboost|p2a: Polteageist|def|1
|-boost|p2a: Polteageist|spe|2
|move|p2a: Polteageist|Shell Smash|p2a: Polteageist
|-unboost|p2a: Polteageist|def|1
|-unboost|p2a: Polteageist|spd|1
|-boost|p2a: Polteageist|atk|2
|-boost|p2a: Polteageist|spa|2
|-boost|p2a: Polteageist|spe|2
|
|upkeep
|turn|3
|
|t:|1776094094
|switch|p1a: Slowking|Slowking-Galar, F|100/100
|move|p2a: Polteageist|Stored Power|p1a: Slowking
|-damage|p1a: Slowking|0 fnt
|faint|p1a: Slowking
|
|upkeep
|
|t:|1776094096
|switch|p1a: Corviknight|Corviknight, F|100/100
|-ability|p1a: Corviknight|Pressure
|turn|4
|
|t:|1776094103
|move|p2a: Polteageist|Shadow Ball|p1a: Corviknight
|-damage|p1a: Corviknight|9/100
|-unboost|p1a: Corviknight|spd|1
|move|p1a: Corviknight|Defog|p2a: Polteageist
|-unboost|p2a: Polteageist|evasion|1
|-fieldend|move: Psychic Terrain
|
|upkeep
|turn|5
|
|t:|1776094111
|move|p2a: Polteageist|Shadow Ball|p1a: Corviknight
|-damage|p1a: Corviknight|0 fnt
|faint|p1a: Corviknight
|
|upkeep
|
|t:|1776094118
|switch|p1a: Meowscarada|Meowscarada, F|100/100
|turn|6
|
|t:|1776094128
|switch|p2a: Indeedee|Indeedee-F, F|100/100
|-fieldstart|move: Psychic Terrain|[from] ability: Psychic Surge|[of] p2a: Indeedee
|move|p1a: Meowscarada|Sucker Punch||[still]
|-fail|p1a: Meowscarada
|
|upkeep
|turn|7
|
|t:|1776094141
|move|p1a: Meowscarada|U-turn|p2a: Indeedee
|-start|p1a: Meowscarada|typechange|Bug|[from] ability: Protean
|-supereffective|p2a: Indeedee
|-damage|p2a: Indeedee|19/100
|
|t:|1776094146
|switch|p1a: Raging Bolt|Raging Bolt|100/100|[from] U-turn
|-enditem|p1a: Raging Bolt|Booster Energy
|-activate|p1a: Raging Bolt|ability: Protosynthesis|[fromitem]
|-start|p1a: Raging Bolt|protosynthesisspa
|move|p2a: Indeedee|Healing Wish|p2a: Indeedee
|faint|p2a: Indeedee
|
|upkeep
|
|t:|1776094150
|switch|p2a: Polteageist|Polteageist|43/100
|-heal|p2a: Polteageist|100/100|[from] move: Healing Wish
|turn|8
|
|t:|1776094154
|move|p2a: Polteageist|Shell Smash|p2a: Polteageist
|-unboost|p2a: Polteageist|def|1
|-unboost|p2a: Polteageist|spd|1
|-boost|p2a: Polteageist|atk|2
|-boost|p2a: Polteageist|spa|2
|-boost|p2a: Polteageist|spe|2
|move|p1a: Raging Bolt|Dragon Pulse|p2a: Polteageist
|-enditem|p2a: Polteageist|Focus Sash
|-damage|p2a: Polteageist|1/100
|
|upkeep
|turn|9
|
|t:|1776094164
|-end|p1a: Raging Bolt|Protosynthesis|[silent]
|switch|p1a: Meowscarada|Meowscarada, F|100/100
|move|p2a: Polteageist|Stored Power|p1a: Meowscarada
|-immune|p1a: Meowscarada
|
|upkeep
|turn|10
|
|t:|1776094173
|-terastallize|p2a: Polteageist|Fighting
|move|p2a: Polteageist|Tera Blast|p1a: Meowscarada|[anim] Tera Blast Fighting
|-supereffective|p1a: Meowscarada
|-damage|p1a: Meowscarada|0 fnt
|faint|p1a: Meowscarada
|
|upkeep
|
|t:|1776094178
|switch|p1a: Ceruledge|Ceruledge, F|100/100
|turn|11
|
|t:|1776094181
|move|p2a: Polteageist|Stored Power|p1a: Ceruledge
|-enditem|p1a: Ceruledge|Focus Sash
|-damage|p1a: Ceruledge|1/100
|move|p1a: Ceruledge|Bitter Blade|p2a: Polteageist
|-damage|p2a: Polteageist|0 fnt
|-heal|p1a: Ceruledge|1/100|[from] drain|[of] p2a: Polteageist
|faint|p2a: Polteageist
|
|upkeep
|
|t:|1776094198
|switch|p2a: Rillaboom|Rillaboom, F|100/100
|-fieldstart|move: Grassy Terrain|[from] ability: Grassy Surge|[of] p2a: Rillaboom
|turn|12
|
|t:|1776094204
|move|p2a: Rillaboom|Grassy Glide|p1a: Ceruledge
|-resisted|p1a: Ceruledge
|-damage|p1a: Ceruledge|0 fnt
|faint|p1a: Ceruledge
|-damage|p2a: Rillaboom|91/100|[from] item: Life Orb
|
|-heal|p2a: Rillaboom|97/100|[from] Grassy Terrain
|upkeep
|
|t:|1776094211
|switch|p1a: Zamazenta|Zamazenta|100/100
|-ability|p1a: Zamazenta|Dauntless Shield|boost
|-boost|p1a: Zamazenta|def|1
|turn|13
|
|t:|1776094224
|switch|p2a: Hatterene|Hatterene, F|75/100
|move|p1a: Zamazenta|Heavy Slam|p2a: Hatterene
|-supereffective|p2a: Hatterene
|-damage|p2a: Hatterene|0 fnt
|faint|p2a: Hatterene
|
|upkeep
|
|t:|1776094229
|switch|p2a: Hoopa|Hoopa-Unbound|100/100
|turn|14
|
|t:|1776094250
|move|p1a: Zamazenta|Heavy Slam|p2a: Hoopa
|-damage|p2a: Hoopa|74/100
|move|p2a: Hoopa|Expanding Force|p1a: Zamazenta
|-supereffective|p1a: Zamazenta
|-damage|p1a: Zamazenta|0 fnt
|faint|p1a: Zamazenta
|
|-heal|p2a: Hoopa|80/100|[from] Grassy Terrain
|upkeep
|
|t:|1776094253
|switch|p1a: Raging Bolt|Raging Bolt|100/100
|turn|15
|
|t:|1776094259
|move|p1a: Raging Bolt|Calm Mind|p1a: Raging Bolt
|-boost|p1a: Raging Bolt|spa|1
|-boost|p1a: Raging Bolt|spd|1
|move|p2a: Hoopa|Expanding Force|p1a: Raging Bolt
|-damage|p1a: Raging Bolt|71/100
|
|-heal|p1a: Raging Bolt|77/100|[from] Grassy Terrain
|-heal|p2a: Hoopa|86/100|[from] Grassy Terrain
|upkeep
|turn|16
|
|t:|1776094267
|move|p1a: Raging Bolt|Dragon Pulse|p2a: Hoopa
|-damage|p2a: Hoopa|27/100
|move|p2a: Hoopa|Hyperspace Fury|p1a: Raging Bolt
|-damage|p1a: Raging Bolt|38/100
|-unboost|p2a: Hoopa|def|1
|
|-heal|p1a: Raging Bolt|44/100|[from] Grassy Terrain
|-heal|p2a: Hoopa|33/100|[from] Grassy Terrain
|-fieldend|move: Grassy Terrain
|upkeep
|turn|17
|
|t:|1776094280
|move|p1a: Raging Bolt|Dragon Pulse|p2a: Hoopa
|-damage|p2a: Hoopa|0 fnt
|faint|p2a: Hoopa
|
|upkeep
|
|t:|1776094282
|switch|p2a: Rillaboom|Rillaboom, F|97/100
|-fieldstart|move: Grassy Terrain|[from] ability: Grassy Surge|[of] p2a: Rillaboom
|turn|18
|
|t:|1776094293
|move|p2a: Rillaboom|Grassy Glide|p1a: Raging Bolt
|-resisted|p1a: Raging Bolt
|-damage|p1a: Raging Bolt|22/100
|-damage|p2a: Rillaboom|87/100|[from] item: Life Orb
|move|p1a: Raging Bolt|Dragon Pulse|p2a: Rillaboom
|-damage|p2a: Rillaboom|0 fnt
|faint|p2a: Rillaboom
|
|-heal|p1a: Raging Bolt|28/100|[from] Grassy Terrain
|upkeep
|
|t:|1776094297
|switch|p2a: Hawlucha|Hawlucha, M|100/100
|-enditem|p2a: Hawlucha|Grassy Seed
|-boost|p2a: Hawlucha|def|1|[from] item: Grassy Seed
|turn|19
|
|t:|1776094303
|move|p1a: Raging Bolt|Thunderclap|p2a: Hawlucha
|-supereffective|p2a: Hawlucha
|-damage|p2a: Hawlucha|0 fnt
|faint|p2a: Hawlucha
|
|win|bsmcreeper
|raw|bsmcreeper's rating: 1518 &rarr; <strong>1541</strong><br />(+23 for winning)
|raw|manabi.portoviejo's rating: 1570 &rarr; <strong>1547</strong><br />(-23 for losing)
|c|☆bsmcreeper|gg
|l|☆bsmcreeper
|player|p1|
