|html|<div class="broadcast-blue"><strong>[Gen 9] OU is currently suspecting Tera Blast! For information on how to participate check out the <a href="https://www.smogon.com/tools/suspects/view/200">suspect thread</a>.</strong></div>
|j|☆mrzed03
|j|☆thecatsurf
|t:|1776074075
|gametype|singles
|player|p1|mrzed03|265|1299
|player|p2|thecatsurf|bianca|1299
|gen|9
|tier|[Gen 9] OU
|rated|
|rule|HP Percentage Mod: HP is shown in percentages
|rule|Endless Battle Clause: Forcing endless battles is banned
|rule|Species Clause: Limit one of each Pokémon
|rule|OHKO Clause: OHKO moves are banned
|rule|Evasion Items Clause: Evasion items are banned
|rule|Evasion Moves Clause: Evasion moves are banned
|rule|Evasion Abilities Clause: Evasion abilities are banned
|rule|Sleep Moves Clause: Sleep-inducing moves are banned
|clearpoke
|poke|p1|Gliscor, M|
|poke|p1|Corviknight, M|
|poke|p1|Toxapex, F|
|poke|p1|Blissey, F|
|poke|p1|Alomomola, F|
|poke|p1|Skeledirge, M|
|poke|p2|Slither Wing|
|poke|p2|Great Tusk|
|poke|p2|Ninetales, F|
|poke|p2|Walking Wake|
|poke|p2|Venusaur, M|
|poke|p2|Scream Tail|
|teampreview
|inactive|Battle timer is ON: inactive players will automatically lose when time's up. (requested by mrzed03)
|
|t:|1776074082
|teamsize|p1|6
|teamsize|p2|6
|start
|switch|p1a: gremlin >:)|Gliscor, M|100/100
|switch|p2a: Ninetales|Ninetales, F, shiny|100/100
|-weather|SunnyDay|[from] ability: Drought|[of] p2a: Ninetales
|turn|1
|
|t:|1776074097
|move|p2a: Ninetales|Will-O-Wisp|p1a: gremlin >:)
|-status|p1a: gremlin >:)|brn
|move|p1a: gremlin >:)|Earthquake|p2a: Ninetales
|-supereffective|p2a: Ninetales
|-damage|p2a: Ninetales|48/100
|
|-weather|SunnyDay|[upkeep]
|-damage|p1a: gremlin >:)|94/100 brn|[from] brn
|upkeep
|turn|2
|
|t:|1776074106
|switch|p2a: Colmilargo|Great Tusk|100/100
|-activate|p2a: Colmilargo|ability: Protosynthesis
|-start|p2a: Colmilargo|protosynthesisatk
|move|p1a: gremlin >:)|Knock Off|p2a: Colmilargo
|-resisted|p2a: Colmilargo
|-damage|p2a: Colmilargo|98/100
|-enditem|p2a: Colmilargo|Heavy-Duty Boots|[from] move: Knock Off|[of] p1a: gremlin >:)
|
|-weather|SunnyDay|[upkeep]
|-damage|p1a: gremlin >:)|88/100 brn|[from] brn
|upkeep
|turn|3
|
|t:|1776074116
|switch|p1a: XxDark_SasukexX|Corviknight, M|100/100
|-ability|p1a: XxDark_SasukexX|Pressure
|move|p2a: Colmilargo|Stealth Rock|p1a: XxDark_SasukexX
|-sidestart|p1: mrzed03|move: Stealth Rock
|
|-weather|SunnyDay|[upkeep]
|upkeep
|turn|4
|
|t:|1776074127
|-end|p2a: Colmilargo|Protosynthesis|[silent]
|switch|p2a: Ondulagua|Walking Wake|100/100
|-activate|p2a: Ondulagua|ability: Protosynthesis
|-start|p2a: Ondulagua|protosynthesisspe
|move|p1a: XxDark_SasukexX|Body Press|p2a: Ondulagua
|-damage|p2a: Ondulagua|73/100
|
|-weather|SunnyDay|[upkeep]
|upkeep
|turn|5
|
|t:|1776074136
|switch|p1a: E G G|Blissey, F|100/100
|-damage|p1a: E G G|88/100|[from] Stealth Rock
|move|p2a: Ondulagua|Flip Turn|p1a: E G G
|-damage|p1a: E G G|71/100
|
|t:|1776074139
|-end|p2a: Ondulagua|Protosynthesis|[silent]
|switch|p2a: Reptalada|Slither Wing|100/100|[from] Flip Turn
|-activate|p2a: Reptalada|ability: Protosynthesis
|-start|p2a: Reptalada|protosynthesisatk
|
|-weather|SunnyDay|[upkeep]
|-heal|p1a: E G G|77/100|[from] item: Leftovers
|upkeep
|turn|6
|
|t:|1776074149
|switch|p1a: spiky <3|Toxapex, F|100/100
|-damage|p1a: spiky <3|88/100|[from] Stealth Rock
|move|p2a: Reptalada|U-turn|p1a: spiky <3
|-resisted|p1a: spiky <3
|-damage|p1a: spiky <3|73/100
|
|t:|1776074154
|-end|p2a: Reptalada|Protosynthesis|[silent]
|switch|p2a: Colmilargo|Great Tusk|98/100|[from] U-turn
|-activate|p2a: Colmilargo|ability: Protosynthesis
|-start|p2a: Colmilargo|protosynthesisatk
|
|-weather|SunnyDay|[upkeep]
|-heal|p1a: spiky <3|79/100|[from] item: Black Sludge
|upkeep
|turn|7
|
|t:|1776074162
|move|p2a: Colmilargo|Headlong Rush|p1a: spiky <3
|-supereffective|p1a: spiky <3
|-damage|p1a: spiky <3|0 fnt
|-unboost|p2a: Colmilargo|def|1
|-unboost|p2a: Colmilargo|spd|1
|faint|p1a: spiky <3
|
|-weather|SunnyDay|[upkeep]
|upkeep
|
|t:|1776074170
|switch|p1a: XxDark_SasukexX|Corviknight, M|100/100
|-damage|p1a: XxDark_SasukexX|88/100|[from] Stealth Rock
|-ability|p1a: XxDark_SasukexX|Pressure
|turn|8
|
|t:|1776074179
|move|p2a: Colmilargo|Knock Off|p1a: XxDark_SasukexX
|-damage|p1a: XxDark_SasukexX|60/100
|-damage|p2a: Colmilargo|81/100|[from] item: Rocky Helmet|[of] p1a: XxDark_SasukexX
|-enditem|p1a: XxDark_SasukexX|Rocky Helmet|[from] move: Knock Off|[of] p2a: Colmilargo
|move|p1a: XxDark_SasukexX|Defog|p2a: Colmilargo
|-unboost|p2a: Colmilargo|evasion|1
|-sideend|p1: mrzed03|Stealth Rock|[from] move: Defog|[of] p1a: XxDark_SasukexX
|
|-weather|none
|-end|p2a: Colmilargo|Protosynthesis
|upkeep
|turn|9
|
|t:|1776074188
|-end|p2a: Colmilargo|Protosynthesis|[silent]
|switch|p2a: Colagrito|Scream Tail|100/100
|move|p1a: XxDark_SasukexX|Body Press|p2a: Colagrito
|-resisted|p2a: Colagrito
|-damage|p2a: Colagrito|95/100
|-enditem|p2a: Colagrito|Eject Button
|
|t:|1776074194
|-end|p2a: Colagrito|Protosynthesis|[silent]
|switch|p2a: Ninetales|Ninetales, F, shiny|48/100
|-weather|SunnyDay|[from] ability: Drought|[of] p2a: Ninetales
|
|-weather|SunnyDay|[upkeep]
|upkeep
|turn|10
|
|t:|1776074202
|switch|p1a: gremlin >:)|Gliscor, M|88/100 brn
|move|p2a: Ninetales|Fire Blast|p1a: gremlin >:)
|-damage|p1a: gremlin >:)|34/100 brn
|
|-weather|SunnyDay|[upkeep]
|-damage|p1a: gremlin >:)|28/100 brn|[from] brn
|upkeep
|turn|11
|
|t:|1776074210
|move|p2a: Ninetales|Fire Blast|p1a: gremlin >:)
|-damage|p1a: gremlin >:)|0 fnt
|faint|p1a: gremlin >:)
|
|-weather|SunnyDay|[upkeep]
|upkeep
|
|t:|1776074225
|switch|p1a: E G G|Blissey, F|77/100
|turn|12
|
|t:|1776074230
|switch|p2a: Colmilargo|Great Tusk|81/100
|-activate|p2a: Colmilargo|ability: Protosynthesis
|-start|p2a: Colmilargo|protosynthesisatk
|move|p1a: E G G|Seismic Toss|p2a: Colmilargo
|-damage|p2a: Colmilargo|58/100
|
|-weather|SunnyDay|[upkeep]
|-heal|p1a: E G G|84/100|[from] item: Leftovers
|upkeep
|turn|13
|
|t:|1776074243
|switch|p1a: XxDark_SasukexX|Corviknight, M|60/100
|-ability|p1a: XxDark_SasukexX|Pressure
|move|p2a: Colmilargo|Stealth Rock|p1a: XxDark_SasukexX
|-sidestart|p1: mrzed03|move: Stealth Rock
|
|-weather|SunnyDay|[upkeep]
|upkeep
|turn|14
|
|t:|1776074251
|-end|p2a: Colmilargo|Protosynthesis|[silent]
|switch|p2a: Ondulagua|Walking Wake|73/100
|-activate|p2a: Ondulagua|ability: Protosynthesis
|-start|p2a: Ondulagua|protosynthesisspe
|move|p1a: XxDark_SasukexX|Roost|p1a: XxDark_SasukexX
|-heal|p1a: XxDark_SasukexX|100/100
|-singleturn|p1a: XxDark_SasukexX|move: Roost
|
|-weather|SunnyDay|[upkeep]
|upkeep
|turn|15
|
|t:|1776074261
|move|p2a: Ondulagua|Flip Turn|p1a: XxDark_SasukexX
|-damage|p1a: XxDark_SasukexX|96/100
|
|t:|1776074265
|-end|p2a: Ondulagua|Protosynthesis|[silent]
|switch|p2a: Colmilargo|Great Tusk|58/100|[from] Flip Turn
|-activate|p2a: Colmilargo|ability: Protosynthesis
|-start|p2a: Colmilargo|protosynthesisatk
|move|p1a: XxDark_SasukexX|Defog|p2a: Colmilargo
|-unboost|p2a: Colmilargo|evasion|1
|-sideend|p1: mrzed03|Stealth Rock|[from] move: Defog|[of] p1a: XxDark_SasukexX
|
|-weather|SunnyDay|[upkeep]
|upkeep
|turn|16
|
|t:|1776074274
|move|p2a: Colmilargo|Stealth Rock|p1a: XxDark_SasukexX
|-sidestart|p1: mrzed03|move: Stealth Rock
|move|p1a: XxDark_SasukexX|Body Press|p2a: Colmilargo
|-damage|p2a: Colmilargo|43/100
|
|-weather|none
|-end|p2a: Colmilargo|Protosynthesis
|upkeep
|turn|17
|
|t:|1776074280
|-end|p2a: Colmilargo|Protosynthesis|[silent]
|switch|p2a: Colagrito|Scream Tail|95/100
|move|p1a: XxDark_SasukexX|Body Press|p2a: Colagrito
|-resisted|p2a: Colagrito
|-damage|p2a: Colagrito|91/100
|
|upkeep
|turn|18
|
|t:|1776074293
|switch|p1a: da wish fish|Alomomola, F|100/100
|move|p2a: Colagrito|Thunder Wave|p1a: da wish fish
|-status|p1a: da wish fish|par
|
|upkeep
|turn|19
|
|t:|1776074301
|move|p2a: Colagrito|Wish|p2a: Colagrito
|move|p1a: da wish fish|Whirlpool|p2a: Colagrito
|-damage|p2a: Colagrito|86/100
|-activate|p2a: Colagrito|move: Whirlpool|[of] p1a: da wish fish
|
|-damage|p2a: Colagrito|74/100|[from] move: Whirlpool|[partiallytrapped]
|upkeep
|turn|20
|
|t:|1776074308
|move|p1a: da wish fish|Protect|p1a: da wish fish
|-singleturn|p1a: da wish fish|Protect
|move|p2a: Colagrito|Psychic Noise|p1a: da wish fish
|-activate|p1a: da wish fish|move: Protect
|
|-heal|p2a: Colagrito|100/100|[from] move: Wish|[wisher] Colagrito
|-damage|p2a: Colagrito|88/100|[from] move: Whirlpool|[partiallytrapped]
|upkeep
|turn|21
|
|t:|1776074320
|move|p2a: Colagrito|Wish|p2a: Colagrito
|move|p1a: da wish fish|Whirlpool|p2a: Colagrito
|-damage|p2a: Colagrito|84/100
|
|-damage|p2a: Colagrito|71/100|[from] move: Whirlpool|[partiallytrapped]
|upkeep
|turn|22
|
|t:|1776074327
|move|p1a: da wish fish|Protect|p1a: da wish fish
|-singleturn|p1a: da wish fish|Protect
|move|p2a: Colagrito|Encore|p1a: da wish fish
|-activate|p1a: da wish fish|move: Protect
|
|-heal|p2a: Colagrito|100/100|[from] move: Wish|[wisher] Colagrito
|-damage|p2a: Colagrito|88/100|[from] move: Whirlpool|[partiallytrapped]
|upkeep
|turn|23
|
|t:|1776074336
|move|p2a: Colagrito|Encore|p1a: da wish fish
|-start|p1a: da wish fish|Encore
|move|p1a: da wish fish|Protect||[still]
|-fail|p1a: da wish fish
|
|-damage|p2a: Colagrito|76/100|[from] move: Whirlpool|[partiallytrapped]
|upkeep
|turn|24
|
|t:|1776074354
|move|p1a: da wish fish|Protect|p1a: da wish fish
|-singleturn|p1a: da wish fish|Protect
|move|p2a: Colagrito|Wish|p2a: Colagrito
|
|-end|p2a: Colagrito|Whirlpool|[partiallytrapped]
|upkeep
|turn|25
|
|t:|1776074363
|-end|p2a: Colagrito|Protosynthesis|[silent]
|switch|p2a: Ninetales|Ninetales, F, shiny|48/100
|-weather|SunnyDay|[from] ability: Drought|[of] p2a: Ninetales
|move|p1a: da wish fish|Protect||[still]
|-fail|p1a: da wish fish
|
|-weather|SunnyDay|[upkeep]
|-heal|p2a: Ninetales|100/100|[from] move: Wish|[wisher] Colagrito
|-end|p1a: da wish fish|Encore
|upkeep
|turn|26
|
|t:|1776074373
|switch|p2a: Penusaur|Venusaur, M, shiny|100/100
|move|p1a: da wish fish|Whirlpool|p2a: Penusaur
|-resisted|p2a: Penusaur
|-damage|p2a: Penusaur|99/100
|-activate|p2a: Penusaur|move: Whirlpool|[of] p1a: da wish fish
|
|-weather|SunnyDay|[upkeep]
|-damage|p2a: Penusaur|87/100|[from] move: Whirlpool|[partiallytrapped]
|upkeep
|turn|27
|
|t:|1776074381
|switch|p1a: bald lmao|Skeledirge, M|100/100
|-damage|p1a: bald lmao|75/100|[from] Stealth Rock
|move|p2a: Penusaur|Growth|p2a: Penusaur
|-boost|p2a: Penusaur|atk|2
|-boost|p2a: Penusaur|spa|2
|
|-weather|SunnyDay|[upkeep]
|-heal|p1a: bald lmao|82/100|[from] item: Leftovers
|-end|p2a: Penusaur|Whirlpool|[partiallytrapped]|[silent]
|upkeep
|turn|28
|
|t:|1776074392
|switch|p2a: Ondulagua|Walking Wake|73/100
|-activate|p2a: Ondulagua|ability: Protosynthesis
|-start|p2a: Ondulagua|protosynthesisspe
|-terastallize|p1a: bald lmao|Dark
|move|p1a: bald lmao|Torch Song|p2a: Ondulagua
|-resisted|p2a: Ondulagua
|-damage|p2a: Ondulagua|59/100
|-boost|p1a: bald lmao|spa|1
|
|-weather|SunnyDay|[upkeep]
|-heal|p1a: bald lmao|88/100|[from] item: Leftovers
|upkeep
|turn|29
|
|t:|1776074416
|move|p2a: Ondulagua|Flip Turn|p1a: bald lmao
|-damage|p1a: bald lmao|83/100
|
|t:|1776074419
|-end|p2a: Ondulagua|Protosynthesis|[silent]
|switch|p2a: Colagrito|Scream Tail|76/100|[from] Flip Turn
|-activate|p2a: Colagrito|ability: Protosynthesis
|-start|p2a: Colagrito|protosynthesisspe
|move|p1a: bald lmao|Hex|p2a: Colagrito
|-supereffective|p2a: Colagrito
|-damage|p2a: Colagrito|16/100
|
|-weather|SunnyDay|[upkeep]
|-heal|p1a: bald lmao|89/100|[from] item: Leftovers
|upkeep
|turn|30
|
|t:|1776074431
|move|p2a: Colagrito|Wish|p2a: Colagrito
|move|p1a: bald lmao|Torch Song|p2a: Colagrito
|-damage|p2a: Colagrito|0 fnt
|-boost|p1a: bald lmao|spa|1
|faint|p2a: Colagrito
|-end|p2a: Colagrito|Protosynthesis|[silent]
|
|-weather|SunnyDay|[upkeep]
|-heal|p1a: bald lmao|95/100|[from] item: Leftovers
|upkeep
|
|t:|1776074435
|switch|p2a: Ondulagua|Walking Wake|59/100
|-activate|p2a: Ondulagua|ability: Protosynthesis
|-start|p2a: Ondulagua|protosynthesisspe
|turn|31
|
|t:|1776074444
|move|p2a: Ondulagua|Hydro Steam|p1a: bald lmao
|-damage|p1a: bald lmao|0 fnt
|faint|p1a: bald lmao
|
|-weather|SunnyDay|[upkeep]
|-heal|p2a: Ondulagua|100/100|[from] move: Wish|[wisher] Colagrito
|upkeep
|
|t:|1776074451
|switch|p1a: E G G|Blissey, F|84/100
|-damage|p1a: E G G|71/100|[from] Stealth Rock
|turn|32
|
|t:|1776074456
|-end|p2a: Ondulagua|Protosynthesis|[silent]
|switch|p2a: Colmilargo|Great Tusk|43/100
|-activate|p2a: Colmilargo|ability: Protosynthesis
|-start|p2a: Colmilargo|protosynthesisatk
|move|p1a: E G G|Seismic Toss|p2a: Colmilargo
|-damage|p2a: Colmilargo|20/100
|
|-weather|none
|-end|p2a: Colmilargo|Protosynthesis
|-heal|p1a: E G G|77/100|[from] item: Leftovers
|upkeep
|turn|33
|
|t:|1776074466
|switch|p1a: XxDark_SasukexX|Corviknight, M|96/100
|-damage|p1a: XxDark_SasukexX|83/100|[from] Stealth Rock
|-ability|p1a: XxDark_SasukexX|Pressure
|move|p2a: Colmilargo|Knock Off|p1a: XxDark_SasukexX
|-damage|p1a: XxDark_SasukexX|69/100
|
|upkeep
|turn|34
|
|t:|1776074474
|-end|p2a: Colmilargo|Protosynthesis|[silent]
|switch|p2a: Ninetales|Ninetales, F, shiny|100/100
|-weather|SunnyDay|[from] ability: Drought|[of] p2a: Ninetales
|move|p1a: XxDark_SasukexX|Body Press|p2a: Ninetales
|-damage|p2a: Ninetales|57/100
|
|-weather|SunnyDay|[upkeep]
|upkeep
|turn|35
|
|t:|1776074484
|switch|p1a: E G G|Blissey, F|77/100
|-damage|p1a: E G G|65/100|[from] Stealth Rock
|move|p2a: Ninetales|Fire Blast|p1a: E G G|[miss]
|-miss|p2a: Ninetales|p1a: E G G
|
|-weather|SunnyDay|[upkeep]
|-heal|p1a: E G G|71/100|[from] item: Leftovers
|upkeep
|turn|36
|
|t:|1776074492
|switch|p2a: Reptalada|Slither Wing|100/100
|-activate|p2a: Reptalada|ability: Protosynthesis
|-start|p2a: Reptalada|protosynthesisatk
|move|p1a: E G G|Seismic Toss|p2a: Reptalada
|-damage|p2a: Reptalada|68/100
|
|-weather|SunnyDay|[upkeep]
|-heal|p1a: E G G|77/100|[from] item: Leftovers
|upkeep
|turn|37
|
|t:|1776074501
|switch|p1a: XxDark_SasukexX|Corviknight, M|69/100
|-damage|p1a: XxDark_SasukexX|56/100|[from] Stealth Rock
|-ability|p1a: XxDark_SasukexX|Pressure
|move|p2a: Reptalada|Close Combat|p1a: XxDark_SasukexX
|-damage|p1a: XxDark_SasukexX|3/100
|-unboost|p2a: Reptalada|def|1
|-unboost|p2a: Reptalada|spd|1
|
|-weather|SunnyDay|[upkeep]
|upkeep
|turn|38
|
|t:|1776074511
|move|p2a: Reptalada|U-turn|p1a: XxDark_SasukexX
|-resisted|p1a: XxDark_SasukexX
|-damage|p1a: XxDark_SasukexX|0 fnt
|faint|p1a: XxDark_SasukexX
|-message|mrzed03 forfeited.
|
|win|thecatsurf
|raw|mrzed03's rating: 1299 &rarr; <strong>1274</strong><br />(-25 for losing)
|raw|thecatsurf's rating: 1299 &rarr; <strong>1324</strong><br />(+25 for winning)
