|html|<div class="broadcast-blue"><strong>[Gen 9] OU is currently suspecting Tera Blast! For information on how to participate check out the <a href="https://www.smogon.com/tools/suspects/view/200">suspect thread</a>.</strong></div>
|j|☆GG WENTWORTH
|j|☆FelipeOuZiiks
|t:|1776129520
|gametype|singles
|player|p1|GG WENTWORTH|petrel|1263
|player|p2|FelipeOuZiiks|caitlin|1304
|gen|9
|tier|[Gen 9] OU
|rated|
|rule|HP Percentage Mod: HP is shown in percentages
|rule|Endless Battle Clause: Forcing endless battles is banned
|rule|Species Clause: Limit one of each Pokémon
|rule|OHKO Clause: OHKO moves are banned
|rule|Evasion Items Clause: Evasion items are banned
|rule|Evasion Moves Clause: Evasion moves are banned
|rule|Evasion Abilities Clause: Evasion abilities are banned
|rule|Sleep Moves Clause: Sleep-inducing moves are banned
|clearpoke
|poke|p1|Smeargle, F|
|poke|p1|Zoroark-Hisui, M|
|poke|p1|Ogerpon, F|
|poke|p1|Fezandipiti, M|
|poke|p1|Weezing-Galar, F|
|poke|p1|Dragapult, M|
|poke|p2|Dondozo, F|
|poke|p2|Clodsire, M|
|poke|p2|Kingambit, F|
|poke|p2|Garchomp, M|
|poke|p2|Corviknight, M|
|poke|p2|Dragapult, M|
|teampreview
|
|t:|1776129531
|teamsize|p1|6
|teamsize|p2|6
|start
|switch|p1a: FINNA SET-UP 🐉🪩|Smeargle, F, shiny|100/100
|switch|p2a: Garchomp|Garchomp, M|100/100
|turn|1
|
|t:|1776129546
|move|p1a: FINNA SET-UP 🐉🪩|Sticky Web|p2a: Garchomp
|-sidestart|p2: FelipeOuZiiks|move: Sticky Web
|move|p2a: Garchomp|Stealth Rock|p1a: FINNA SET-UP 🐉🪩
|-sidestart|p1: GG WENTWORTH|move: Stealth Rock
|
|upkeep
|turn|2
|
|t:|1776129552
|move|p1a: FINNA SET-UP 🐉🪩|Counter||[still]
|-fail|p1a: FINNA SET-UP 🐉🪩
|move|p2a: Garchomp|Dragon Tail|p1a: FINNA SET-UP 🐉🪩
|-damage|p1a: FINNA SET-UP 🐉🪩|39/100
|drag|p1a: SPEC$😤JIGGLYPUFF|Dragapult, M|100/100
|-damage|p1a: SPEC$😤JIGGLYPUFF|88/100|[from] Stealth Rock
|
|upkeep
|turn|3
|
|t:|1776129569
|move|p1a: SPEC$😤JIGGLYPUFF|Flamethrower|p2a: Garchomp
|-resisted|p2a: Garchomp
|-damage|p2a: Garchomp|78/100
|move|p2a: Garchomp|Dragon Tail|p1a: SPEC$😤JIGGLYPUFF
|-damage|p1a: SPEC$😤JIGGLYPUFF|34/100
|replace|p1a: FOXY GRANDPA🍥🦊|Zoroark-Hisui, M, shiny
|-end|p1a: FOXY GRANDPA🍥🦊|Illusion
|drag|p1a: SPEC$😤JIGGLYPUFF|Dragapult, M|100/100
|-damage|p1a: SPEC$😤JIGGLYPUFF|88/100|[from] Stealth Rock
|
|upkeep
|turn|4
|
|t:|1776129585
|switch|p1a: FINNA SET-UP 🐉🪩|Smeargle, F, shiny|39/100
|-damage|p1a: FINNA SET-UP 🐉🪩|27/100|[from] Stealth Rock
|-terastallize|p2a: Garchomp|Steel
|move|p2a: Garchomp|Dragon Tail|p1a: FINNA SET-UP 🐉🪩
|-damage|p1a: FINNA SET-UP 🐉🪩|0 fnt
|faint|p1a: FINNA SET-UP 🐉🪩
|
|upkeep
|
|t:|1776129609
|switch|p1a: LAST MON STANDING|Weezing-Galar, F|100/100
|-damage|p1a: LAST MON STANDING|88/100|[from] Stealth Rock
|turn|5
|
|t:|1776129617
|move|p2a: Garchomp|Earthquake|p1a: LAST MON STANDING
|-immune|p1a: LAST MON STANDING|[from] ability: Levitate
|move|p1a: LAST MON STANDING|Fire Blast|p2a: Garchomp
|-supereffective|p2a: Garchomp
|-damage|p2a: Garchomp|0 fnt
|faint|p2a: Garchomp
|-damage|p1a: LAST MON STANDING|78/100|[from] item: Life Orb
|
|upkeep
|
|t:|1776129630
|switch|p2a: Clodsire|Clodsire, M|100/100
|-activate|p2a: Clodsire|move: Sticky Web
|-unboost|p2a: Clodsire|spe|1
|turn|6
|
|t:|1776129642
|move|p1a: LAST MON STANDING|Fire Blast|p2a: Clodsire
|-damage|p2a: Clodsire|77/100
|-damage|p1a: LAST MON STANDING|68/100|[from] item: Life Orb
|move|p2a: Clodsire|Toxic|p1a: LAST MON STANDING
|-immune|p1a: LAST MON STANDING
|
|-heal|p2a: Clodsire|83/100|[from] item: Leftovers
|upkeep
|turn|7
|
|t:|1776129655
|move|p1a: LAST MON STANDING|Fire Blast|p2a: Clodsire
|-damage|p2a: Clodsire|61/100
|-damage|p1a: LAST MON STANDING|59/100|[from] item: Life Orb
|move|p2a: Clodsire|Toxic|p1a: LAST MON STANDING
|-immune|p1a: LAST MON STANDING
|
|-heal|p2a: Clodsire|67/100|[from] item: Leftovers
|upkeep
|turn|8
|
|t:|1776129665
|move|p1a: LAST MON STANDING|Pain Split|p2a: Clodsire
|-sethp|p2a: Clodsire|55/100|[from] move: Pain Split|[silent]
|-sethp|p1a: LAST MON STANDING|76/100|[from] move: Pain Split
|move|p2a: Clodsire|Haze|p2a: Clodsire
|-clearallboost
|
|-heal|p2a: Clodsire|61/100|[from] item: Leftovers
|upkeep
|turn|9
|
|t:|1776129681
|switch|p1a: NAYTCHA BWOI 💫🪂|Fezandipiti, M|100/100
|-damage|p1a: NAYTCHA BWOI 💫🪂|88/100|[from] Stealth Rock
|move|p2a: Clodsire|Recover|p2a: Clodsire
|-heal|p2a: Clodsire|100/100
|
|-heal|p1a: NAYTCHA BWOI 💫🪂|94/100|[from] item: Leftovers
|upkeep
|turn|10
|
|t:|1776129720
|switch|p2a: Corviknight|Corviknight, M|100/100
|-ability|p2a: Corviknight|Pressure
|move|p1a: NAYTCHA BWOI 💫🪂|Taunt|p2a: Corviknight
|-start|p2a: Corviknight|move: Taunt
|
|-heal|p1a: NAYTCHA BWOI 💫🪂|99/100|[from] item: Leftovers
|upkeep
|turn|11
|
|t:|1776129735
|move|p1a: NAYTCHA BWOI 💫🪂|Calm Mind|p1a: NAYTCHA BWOI 💫🪂
|-boost|p1a: NAYTCHA BWOI 💫🪂|spa|1
|-boost|p1a: NAYTCHA BWOI 💫🪂|spd|1
|move|p2a: Corviknight|U-turn|p1a: NAYTCHA BWOI 💫🪂
|-resisted|p1a: NAYTCHA BWOI 💫🪂
|-damage|p1a: NAYTCHA BWOI 💫🪂|98/100
|
|t:|1776129741
|switch|p2a: Clodsire|Clodsire, M|100/100|[from] U-turn
|-activate|p2a: Clodsire|move: Sticky Web
|-unboost|p2a: Clodsire|spe|1
|
|-heal|p1a: NAYTCHA BWOI 💫🪂|100/100|[from] item: Leftovers
|upkeep
|turn|12
|
|t:|1776129751
|move|p1a: NAYTCHA BWOI 💫🪂|Calm Mind|p1a: NAYTCHA BWOI 💫🪂
|-boost|p1a: NAYTCHA BWOI 💫🪂|spa|1
|-boost|p1a: NAYTCHA BWOI 💫🪂|spd|1
|move|p2a: Clodsire|Earthquake|p1a: NAYTCHA BWOI 💫🪂
|-supereffective|p1a: NAYTCHA BWOI 💫🪂
|-damage|p1a: NAYTCHA BWOI 💫🪂|63/100
|
|-heal|p1a: NAYTCHA BWOI 💫🪂|69/100|[from] item: Leftovers
|upkeep
|turn|13
|
|t:|1776129766
|move|p1a: NAYTCHA BWOI 💫🪂|Calm Mind|p1a: NAYTCHA BWOI 💫🪂
|-boost|p1a: NAYTCHA BWOI 💫🪂|spa|1
|-boost|p1a: NAYTCHA BWOI 💫🪂|spd|1
|move|p2a: Clodsire|Haze|p2a: Clodsire
|-clearallboost
|
|-heal|p1a: NAYTCHA BWOI 💫🪂|75/100|[from] item: Leftovers
|upkeep
|turn|14
|
|t:|1776129775
|move|p1a: NAYTCHA BWOI 💫🪂|Calm Mind|p1a: NAYTCHA BWOI 💫🪂
|-boost|p1a: NAYTCHA BWOI 💫🪂|spa|1
|-boost|p1a: NAYTCHA BWOI 💫🪂|spd|1
|move|p2a: Clodsire|Earthquake|p1a: NAYTCHA BWOI 💫🪂
|-supereffective|p1a: NAYTCHA BWOI 💫🪂
|-damage|p1a: NAYTCHA BWOI 💫🪂|32/100
|
|-heal|p1a: NAYTCHA BWOI 💫🪂|38/100|[from] item: Leftovers
|upkeep
|turn|15
|
|t:|1776129785
|move|p1a: NAYTCHA BWOI 💫🪂|Roost|p1a: NAYTCHA BWOI 💫🪂
|-heal|p1a: NAYTCHA BWOI 💫🪂|88/100
|-singleturn|p1a: NAYTCHA BWOI 💫🪂|move: Roost
|move|p2a: Clodsire|Earthquake|p1a: NAYTCHA BWOI 💫🪂
|-supereffective|p1a: NAYTCHA BWOI 💫🪂
|-damage|p1a: NAYTCHA BWOI 💫🪂|50/100
|
|-heal|p1a: NAYTCHA BWOI 💫🪂|56/100|[from] item: Leftovers
|upkeep
|turn|16
|
|t:|1776129794
|move|p1a: NAYTCHA BWOI 💫🪂|Roost|p1a: NAYTCHA BWOI 💫🪂
|-heal|p1a: NAYTCHA BWOI 💫🪂|100/100
|-singleturn|p1a: NAYTCHA BWOI 💫🪂|move: Roost
|move|p2a: Clodsire|Earthquake|p1a: NAYTCHA BWOI 💫🪂
|-supereffective|p1a: NAYTCHA BWOI 💫🪂
|-damage|p1a: NAYTCHA BWOI 💫🪂|57/100
|
|-heal|p1a: NAYTCHA BWOI 💫🪂|63/100|[from] item: Leftovers
|upkeep
|turn|17
|
|t:|1776129811
|-terastallize|p1a: NAYTCHA BWOI 💫🪂|Flying
|move|p1a: NAYTCHA BWOI 💫🪂|Calm Mind|p1a: NAYTCHA BWOI 💫🪂
|-boost|p1a: NAYTCHA BWOI 💫🪂|spa|1
|-boost|p1a: NAYTCHA BWOI 💫🪂|spd|1
|move|p2a: Clodsire|Haze|p2a: Clodsire
|-clearallboost
|
|-heal|p1a: NAYTCHA BWOI 💫🪂|69/100|[from] item: Leftovers
|upkeep
|turn|18
|
|t:|1776129823
|move|p1a: NAYTCHA BWOI 💫🪂|Taunt|p2a: Clodsire
|-start|p2a: Clodsire|move: Taunt
|cant|p2a: Clodsire|move: Taunt|Toxic
|
|-heal|p1a: NAYTCHA BWOI 💫🪂|75/100|[from] item: Leftovers
|upkeep
|turn|19
|
|t:|1776129837
|switch|p2a: Corviknight|Corviknight, M|100/100
|-ability|p2a: Corviknight|Pressure
|move|p1a: NAYTCHA BWOI 💫🪂|Calm Mind|p1a: NAYTCHA BWOI 💫🪂
|-boost|p1a: NAYTCHA BWOI 💫🪂|spa|1
|-boost|p1a: NAYTCHA BWOI 💫🪂|spd|1
|
|-heal|p1a: NAYTCHA BWOI 💫🪂|82/100|[from] item: Leftovers
|upkeep
|turn|20
|
|t:|1776129847
|move|p1a: NAYTCHA BWOI 💫🪂|Taunt|p2a: Corviknight
|-start|p2a: Corviknight|move: Taunt
|cant|p2a: Corviknight|move: Taunt|Defog
|
|-heal|p1a: NAYTCHA BWOI 💫🪂|88/100|[from] item: Leftovers
|upkeep
|turn|21
|
|t:|1776129855
|move|p1a: NAYTCHA BWOI 💫🪂|Calm Mind|p1a: NAYTCHA BWOI 💫🪂
|-boost|p1a: NAYTCHA BWOI 💫🪂|spa|1
|-boost|p1a: NAYTCHA BWOI 💫🪂|spd|1
|move|p2a: Corviknight|U-turn|p1a: NAYTCHA BWOI 💫🪂
|-resisted|p1a: NAYTCHA BWOI 💫🪂
|-damage|p1a: NAYTCHA BWOI 💫🪂|82/100
|
|t:|1776129861
|switch|p2a: Clodsire|Clodsire, M|100/100|[from] U-turn
|-activate|p2a: Clodsire|move: Sticky Web
|-unboost|p2a: Clodsire|spe|1
|
|-heal|p1a: NAYTCHA BWOI 💫🪂|88/100|[from] item: Leftovers
|upkeep
|turn|22
|
|t:|1776129871
|move|p1a: NAYTCHA BWOI 💫🪂|Taunt|p2a: Clodsire
|-start|p2a: Clodsire|move: Taunt
|cant|p2a: Clodsire|move: Taunt|Toxic
|
|-heal|p1a: NAYTCHA BWOI 💫🪂|94/100|[from] item: Leftovers
|upkeep
|turn|23
|
|t:|1776129884
|move|p1a: NAYTCHA BWOI 💫🪂|Calm Mind|p1a: NAYTCHA BWOI 💫🪂
|-boost|p1a: NAYTCHA BWOI 💫🪂|spa|1
|-boost|p1a: NAYTCHA BWOI 💫🪂|spd|1
|move|p2a: Clodsire|Earthquake|p1a: NAYTCHA BWOI 💫🪂
|-immune|p1a: NAYTCHA BWOI 💫🪂
|
|-heal|p1a: NAYTCHA BWOI 💫🪂|100/100|[from] item: Leftovers
|upkeep
|turn|24
|
|t:|1776129906
|move|p1a: NAYTCHA BWOI 💫🪂|Calm Mind|p1a: NAYTCHA BWOI 💫🪂
|-boost|p1a: NAYTCHA BWOI 💫🪂|spa|1
|-boost|p1a: NAYTCHA BWOI 💫🪂|spd|1
|move|p2a: Clodsire|Earthquake|p1a: NAYTCHA BWOI 💫🪂
|-immune|p1a: NAYTCHA BWOI 💫🪂
|
|-end|p2a: Clodsire|move: Taunt
|upkeep
|turn|25
|
|t:|1776129960
|switch|p2a: Corviknight|Corviknight, M|100/100
|-ability|p2a: Corviknight|Pressure
|move|p1a: NAYTCHA BWOI 💫🪂|Taunt|p2a: Corviknight
|-start|p2a: Corviknight|move: Taunt
|
|upkeep
|turn|26
|
|t:|1776129979
|move|p1a: NAYTCHA BWOI 💫🪂|Calm Mind|p1a: NAYTCHA BWOI 💫🪂
|-boost|p1a: NAYTCHA BWOI 💫🪂|spa|1
|-boost|p1a: NAYTCHA BWOI 💫🪂|spd|1
|move|p2a: Corviknight|U-turn|p1a: NAYTCHA BWOI 💫🪂
|-resisted|p1a: NAYTCHA BWOI 💫🪂
|-damage|p1a: NAYTCHA BWOI 💫🪂|95/100
|
|t:|1776129992
|switch|p2a: Clodsire|Clodsire, M|100/100|[from] U-turn
|-activate|p2a: Clodsire|move: Sticky Web
|-unboost|p2a: Clodsire|spe|1
|
|-heal|p1a: NAYTCHA BWOI 💫🪂|100/100|[from] item: Leftovers
|upkeep
|turn|27
|
|t:|1776130002
|move|p1a: NAYTCHA BWOI 💫🪂|Taunt|p2a: Clodsire
|-start|p2a: Clodsire|move: Taunt
|cant|p2a: Clodsire|move: Taunt|Haze
|
|upkeep
|turn|28
|
|t:|1776130018
|move|p1a: NAYTCHA BWOI 💫🪂|Calm Mind|p1a: NAYTCHA BWOI 💫🪂
|-boost|p1a: NAYTCHA BWOI 💫🪂|spa|1
|-boost|p1a: NAYTCHA BWOI 💫🪂|spd|1
|move|p2a: Clodsire|Earthquake|p1a: NAYTCHA BWOI 💫🪂
|-immune|p1a: NAYTCHA BWOI 💫🪂
|
|upkeep
|turn|29
|
|t:|1776130025
|move|p1a: NAYTCHA BWOI 💫🪂|Moonblast|p2a: Clodsire
|-resisted|p2a: Clodsire
|-damage|p2a: Clodsire|94/100
|move|p2a: Clodsire|Earthquake|p1a: NAYTCHA BWOI 💫🪂
|-immune|p1a: NAYTCHA BWOI 💫🪂
|
|-heal|p2a: Clodsire|100/100|[from] item: Leftovers
|-end|p2a: Clodsire|move: Taunt
|upkeep
|turn|30
|
|t:|1776130038
|move|p1a: NAYTCHA BWOI 💫🪂|Taunt|p2a: Clodsire
|-start|p2a: Clodsire|move: Taunt
|cant|p2a: Clodsire|move: Taunt|Haze
|
|upkeep
|turn|31
|
|t:|1776130043
|move|p1a: NAYTCHA BWOI 💫🪂|Moonblast|p2a: Clodsire
|-resisted|p2a: Clodsire
|-damage|p2a: Clodsire|94/100
|-unboost|p2a: Clodsire|spa|1
|move|p2a: Clodsire|Earthquake|p1a: NAYTCHA BWOI 💫🪂
|-immune|p1a: NAYTCHA BWOI 💫🪂
|
|-heal|p2a: Clodsire|99/100|[from] item: Leftovers
|upkeep
|turn|32
|
|t:|1776130056
|move|p1a: NAYTCHA BWOI 💫🪂|Moonblast|p2a: Clodsire
|-resisted|p2a: Clodsire
|-damage|p2a: Clodsire|93/100
|move|p2a: Clodsire|Earthquake|p1a: NAYTCHA BWOI 💫🪂
|-immune|p1a: NAYTCHA BWOI 💫🪂
|
|-heal|p2a: Clodsire|99/100|[from] item: Leftovers
|-end|p2a: Clodsire|move: Taunt
|upkeep
|turn|33
|
|t:|1776130068
|move|p1a: NAYTCHA BWOI 💫🪂|Taunt|p2a: Clodsire
|-start|p2a: Clodsire|move: Taunt
|cant|p2a: Clodsire|move: Taunt|Toxic
|
|-heal|p2a: Clodsire|100/100|[from] item: Leftovers
|upkeep
|turn|34
|
|t:|1776130076
|move|p1a: NAYTCHA BWOI 💫🪂|Moonblast|p2a: Clodsire
|-resisted|p2a: Clodsire
|-damage|p2a: Clodsire|94/100
|move|p2a: Clodsire|Earthquake|p1a: NAYTCHA BWOI 💫🪂
|-immune|p1a: NAYTCHA BWOI 💫🪂
|
|-heal|p2a: Clodsire|99/100|[from] item: Leftovers
|upkeep
|turn|35
|
|t:|1776130085
|move|p1a: NAYTCHA BWOI 💫🪂|Moonblast|p2a: Clodsire
|-resisted|p2a: Clodsire
|-damage|p2a: Clodsire|93/100
|move|p2a: Clodsire|Earthquake|p1a: NAYTCHA BWOI 💫🪂
|-immune|p1a: NAYTCHA BWOI 💫🪂
|
|-heal|p2a: Clodsire|99/100|[from] item: Leftovers
|-end|p2a: Clodsire|move: Taunt
|upkeep
|turn|36
|
|t:|1776130098
|move|p1a: NAYTCHA BWOI 💫🪂|Taunt|p2a: Clodsire
|-start|p2a: Clodsire|move: Taunt
|cant|p2a: Clodsire|move: Taunt|Haze
|
|-heal|p2a: Clodsire|100/100|[from] item: Leftovers
|upkeep
|turn|37
|
|t:|1776130107
|move|p1a: NAYTCHA BWOI 💫🪂|Calm Mind|p1a: NAYTCHA BWOI 💫🪂
|-boost|p1a: NAYTCHA BWOI 💫🪂|spa|0
|-boost|p1a: NAYTCHA BWOI 💫🪂|spd|0
|move|p2a: Clodsire|Earthquake|p1a: NAYTCHA BWOI 💫🪂
|-immune|p1a: NAYTCHA BWOI 💫🪂
|
|upkeep
|turn|38
|
|t:|1776130115
|move|p1a: NAYTCHA BWOI 💫🪂|Calm Mind|p1a: NAYTCHA BWOI 💫🪂
|-boost|p1a: NAYTCHA BWOI 💫🪂|spa|0
|-boost|p1a: NAYTCHA BWOI 💫🪂|spd|0
|move|p2a: Clodsire|Earthquake|p1a: NAYTCHA BWOI 💫🪂
|-immune|p1a: NAYTCHA BWOI 💫🪂
|
|-end|p2a: Clodsire|move: Taunt
|upkeep
|turn|39
|inactive|Battle timer is ON: inactive players will automatically lose when time's up. (requested by GG WENTWORTH)
|
|t:|1776130129
|move|p1a: NAYTCHA BWOI 💫🪂|Taunt|p2a: Clodsire
|-start|p2a: Clodsire|move: Taunt
|cant|p2a: Clodsire|move: Taunt|Haze
|
|upkeep
|turn|40
|
|t:|1776130139
|move|p1a: NAYTCHA BWOI 💫🪂|Calm Mind|p1a: NAYTCHA BWOI 💫🪂
|-boost|p1a: NAYTCHA BWOI 💫🪂|spa|0
|-boost|p1a: NAYTCHA BWOI 💫🪂|spd|0
|move|p2a: Clodsire|Earthquake|p1a: NAYTCHA BWOI 💫🪂
|-immune|p1a: NAYTCHA BWOI 💫🪂
|
|upkeep
|turn|41
|
|t:|1776130146
|move|p1a: NAYTCHA BWOI 💫🪂|Calm Mind|p1a: NAYTCHA BWOI 💫🪂
|-boost|p1a: NAYTCHA BWOI 💫🪂|spa|0
|-boost|p1a: NAYTCHA BWOI 💫🪂|spd|0
|move|p2a: Clodsire|Earthquake|p1a: NAYTCHA BWOI 💫🪂
|-immune|p1a: NAYTCHA BWOI 💫🪂
|
|-end|p2a: Clodsire|move: Taunt
|upkeep
|turn|42
|
|t:|1776130156
|move|p1a: NAYTCHA BWOI 💫🪂|Taunt|p2a: Clodsire
|-start|p2a: Clodsire|move: Taunt
|cant|p2a: Clodsire|move: Taunt|Haze
|
|upkeep
|turn|43
|
|t:|1776130161
|move|p1a: NAYTCHA BWOI 💫🪂|Calm Mind|p1a: NAYTCHA BWOI 💫🪂
|-boost|p1a: NAYTCHA BWOI 💫🪂|spa|0
|-boost|p1a: NAYTCHA BWOI 💫🪂|spd|0
|-activate|p2a: Clodsire|move: Struggle
|move|p2a: Clodsire|Struggle|p1a: NAYTCHA BWOI 💫🪂
|-damage|p1a: NAYTCHA BWOI 💫🪂|93/100
|-damage|p2a: Clodsire|75/100|[from] recoil
|
|-heal|p1a: NAYTCHA BWOI 💫🪂|99/100|[from] item: Leftovers
|-heal|p2a: Clodsire|82/100|[from] item: Leftovers
|upkeep
|turn|44
|
|t:|1776130178
|move|p1a: NAYTCHA BWOI 💫🪂|Moonblast|p2a: Clodsire
|-resisted|p2a: Clodsire
|-damage|p2a: Clodsire|75/100
|-activate|p2a: Clodsire|move: Struggle
|move|p2a: Clodsire|Struggle|p1a: NAYTCHA BWOI 💫🪂
|-damage|p1a: NAYTCHA BWOI 💫🪂|92/100
|-damage|p2a: Clodsire|50/100|[from] recoil
|
|-heal|p1a: NAYTCHA BWOI 💫🪂|98/100|[from] item: Leftovers
|-heal|p2a: Clodsire|57/100|[from] item: Leftovers
|-end|p2a: Clodsire|move: Taunt
|upkeep
|turn|45
|
|t:|1776130194
|switch|p2a: Dragapult|Dragapult, M|100/100
|-activate|p2a: Dragapult|move: Sticky Web
|-unboost|p2a: Dragapult|spe|1
|move|p1a: NAYTCHA BWOI 💫🪂|Taunt|p2a: Dragapult
|-start|p2a: Dragapult|move: Taunt
|
|-heal|p1a: NAYTCHA BWOI 💫🪂|100/100|[from] item: Leftovers
|upkeep
|turn|46
|
|t:|1776130206
|move|p2a: Dragapult|U-turn|p1a: NAYTCHA BWOI 💫🪂
|-resisted|p1a: NAYTCHA BWOI 💫🪂
|-damage|p1a: NAYTCHA BWOI 💫🪂|94/100
|
|t:|1776130210
|switch|p2a: Clodsire|Clodsire, M|57/100|[from] U-turn
|-activate|p2a: Clodsire|move: Sticky Web
|-unboost|p2a: Clodsire|spe|1
|move|p1a: NAYTCHA BWOI 💫🪂|Moonblast|p2a: Clodsire
|-resisted|p2a: Clodsire
|-damage|p2a: Clodsire|50/100
|
|-heal|p1a: NAYTCHA BWOI 💫🪂|100/100|[from] item: Leftovers
|-heal|p2a: Clodsire|57/100|[from] item: Leftovers
|upkeep
|turn|47
|
|t:|1776130226
|switch|p2a: Dragapult|Dragapult, M|100/100
|-activate|p2a: Dragapult|move: Sticky Web
|-unboost|p2a: Dragapult|spe|1
|move|p1a: NAYTCHA BWOI 💫🪂|Taunt|p2a: Dragapult
|-start|p2a: Dragapult|move: Taunt
|
|upkeep
|turn|48
|
|t:|1776130235
|move|p2a: Dragapult|U-turn|p1a: NAYTCHA BWOI 💫🪂
|-resisted|p1a: NAYTCHA BWOI 💫🪂
|-damage|p1a: NAYTCHA BWOI 💫🪂|94/100
|
|t:|1776130239
|switch|p2a: Clodsire|Clodsire, M|57/100|[from] U-turn
|-activate|p2a: Clodsire|move: Sticky Web
|-unboost|p2a: Clodsire|spe|1
|move|p1a: NAYTCHA BWOI 💫🪂|Moonblast|p2a: Clodsire
|-resisted|p2a: Clodsire
|-damage|p2a: Clodsire|50/100
|-unboost|p2a: Clodsire|spa|1
|
|-heal|p1a: NAYTCHA BWOI 💫🪂|99/100|[from] item: Leftovers
|-heal|p2a: Clodsire|57/100|[from] item: Leftovers
|upkeep
|turn|49
|
|t:|1776130252
|move|p1a: NAYTCHA BWOI 💫🪂|Taunt|p2a: Clodsire
|-start|p2a: Clodsire|move: Taunt
|cant|p2a: Clodsire|move: Taunt|Recover
|
|-heal|p1a: NAYTCHA BWOI 💫🪂|100/100|[from] item: Leftovers
|-heal|p2a: Clodsire|63/100|[from] item: Leftovers
|upkeep
|turn|50
|
|t:|1776130273
|switch|p2a: Corviknight|Corviknight, M|100/100
|-ability|p2a: Corviknight|Pressure
|move|p1a: NAYTCHA BWOI 💫🪂|Moonblast|p2a: Corviknight
|-resisted|p2a: Corviknight
|-damage|p2a: Corviknight|57/100
|
|-heal|p2a: Corviknight|63/100|[from] item: Leftovers
|upkeep
|turn|51
|
|t:|1776130284
|move|p1a: NAYTCHA BWOI 💫🪂|Taunt|p2a: Corviknight
|-start|p2a: Corviknight|move: Taunt
|cant|p2a: Corviknight|move: Taunt|Defog
|
|-heal|p2a: Corviknight|70/100|[from] item: Leftovers
|upkeep
|turn|52
|
|t:|1776130292
|move|p1a: NAYTCHA BWOI 💫🪂|Moonblast|p2a: Corviknight
|-resisted|p2a: Corviknight
|-damage|p2a: Corviknight|28/100
|move|p2a: Corviknight|U-turn|p1a: NAYTCHA BWOI 💫🪂
|-resisted|p1a: NAYTCHA BWOI 💫🪂
|-damage|p1a: NAYTCHA BWOI 💫🪂|95/100
|
|t:|1776130299
|switch|p2a: Dragapult|Dragapult, M|100/100|[from] U-turn
|-activate|p2a: Dragapult|move: Sticky Web
|-unboost|p2a: Dragapult|spe|1
|
|-heal|p1a: NAYTCHA BWOI 💫🪂|100/100|[from] item: Leftovers
|upkeep
|turn|53
|
|t:|1776130308
|move|p2a: Dragapult|U-turn|p1a: NAYTCHA BWOI 💫🪂
|-resisted|p1a: NAYTCHA BWOI 💫🪂
|-damage|p1a: NAYTCHA BWOI 💫🪂|94/100
|
|t:|1776130313
|switch|p2a: Clodsire|Clodsire, M|63/100|[from] U-turn
|-activate|p2a: Clodsire|move: Sticky Web
|-unboost|p2a: Clodsire|spe|1
|move|p1a: NAYTCHA BWOI 💫🪂|Moonblast|p2a: Clodsire
|-resisted|p2a: Clodsire
|-damage|p2a: Clodsire|56/100
|
|-heal|p1a: NAYTCHA BWOI 💫🪂|100/100|[from] item: Leftovers
|-heal|p2a: Clodsire|63/100|[from] item: Leftovers
|upkeep
|turn|54
|
|t:|1776130330
|move|p1a: NAYTCHA BWOI 💫🪂|Taunt|p2a: Clodsire
|-start|p2a: Clodsire|move: Taunt
|cant|p2a: Clodsire|move: Taunt|Haze
|
|-heal|p2a: Clodsire|69/100|[from] item: Leftovers
|upkeep
|turn|55
|inactive|FelipeOuZiiks has 120 seconds left.
|
|t:|1776130365
|move|p1a: NAYTCHA BWOI 💫🪂|Moonblast|p2a: Clodsire
|-resisted|p2a: Clodsire
|-damage|p2a: Clodsire|62/100
|-activate|p2a: Clodsire|move: Struggle
|move|p2a: Clodsire|Struggle|p1a: NAYTCHA BWOI 💫🪂
|-damage|p1a: NAYTCHA BWOI 💫🪂|94/100
|-damage|p2a: Clodsire|37/100|[from] recoil
|
|-heal|p1a: NAYTCHA BWOI 💫🪂|99/100|[from] item: Leftovers
|-heal|p2a: Clodsire|43/100|[from] item: Leftovers
|upkeep
|turn|56
|inactive|FelipeOuZiiks has 120 seconds left.
|
|t:|1776130377
|switch|p2a: Dondozo|Dondozo, F|100/100
|-activate|p2a: Dondozo|move: Sticky Web
|-unboost|p2a: Dondozo|spe|1
|move|p1a: NAYTCHA BWOI 💫🪂|Moonblast|p2a: Dondozo
|-damage|p2a: Dondozo|75/100
|-unboost|p2a: Dondozo|spa|1
|
|-heal|p1a: NAYTCHA BWOI 💫🪂|100/100|[from] item: Leftovers
|-heal|p2a: Dondozo|82/100|[from] item: Leftovers
|upkeep
|turn|57
|inactive|FelipeOuZiiks has 120 seconds left.
|inactive|FelipeOuZiiks has 90 seconds left.
|
|t:|1776130414
|switch|p2a: Clodsire|Clodsire, M|43/100
|-activate|p2a: Clodsire|move: Sticky Web
|-unboost|p2a: Clodsire|spe|1
|move|p1a: NAYTCHA BWOI 💫🪂|Moonblast|p2a: Clodsire
|-resisted|p2a: Clodsire
|-damage|p2a: Clodsire|37/100
|-unboost|p2a: Clodsire|spa|1
|
|-heal|p2a: Clodsire|43/100|[from] item: Leftovers
|upkeep
|turn|58
|inactive|FelipeOuZiiks has 90 seconds left.
|
|t:|1776130426
|switch|p2a: Dondozo|Dondozo, F|82/100
|-activate|p2a: Dondozo|move: Sticky Web
|-unboost|p2a: Dondozo|spe|1
|move|p1a: NAYTCHA BWOI 💫🪂|Taunt|p2a: Dondozo
|-start|p2a: Dondozo|move: Taunt
|
|-heal|p2a: Dondozo|88/100|[from] item: Leftovers
|upkeep
|turn|59
|inactive|FelipeOuZiiks has 90 seconds left.
|
|t:|1776130439
|switch|p2a: Clodsire|Clodsire, M|43/100
|-activate|p2a: Clodsire|move: Sticky Web
|-unboost|p2a: Clodsire|spe|1
|move|p1a: NAYTCHA BWOI 💫🪂|Calm Mind|p1a: NAYTCHA BWOI 💫🪂
|-boost|p1a: NAYTCHA BWOI 💫🪂|spa|0
|-boost|p1a: NAYTCHA BWOI 💫🪂|spd|0
|
|-heal|p2a: Clodsire|49/100|[from] item: Leftovers
|upkeep
|turn|60
|inactive|FelipeOuZiiks has 90 seconds left.
|
|t:|1776130449
|move|p1a: NAYTCHA BWOI 💫🪂|Taunt|p2a: Clodsire
|-start|p2a: Clodsire|move: Taunt
|cant|p2a: Clodsire|move: Taunt|Recover
|
|-heal|p2a: Clodsire|56/100|[from] item: Leftovers
|upkeep
|turn|61
|
|t:|1776130461
|switch|p2a: Dondozo|Dondozo, F|88/100
|-activate|p2a: Dondozo|move: Sticky Web
|-unboost|p2a: Dondozo|spe|1
|move|p1a: NAYTCHA BWOI 💫🪂|Calm Mind|p1a: NAYTCHA BWOI 💫🪂
|-boost|p1a: NAYTCHA BWOI 💫🪂|spa|0
|-boost|p1a: NAYTCHA BWOI 💫🪂|spd|0
|
|-heal|p2a: Dondozo|94/100|[from] item: Leftovers
|upkeep
|turn|62
|
|t:|1776130474
|switch|p2a: Clodsire|Clodsire, M|56/100
|-activate|p2a: Clodsire|move: Sticky Web
|-unboost|p2a: Clodsire|spe|1
|move|p1a: NAYTCHA BWOI 💫🪂|Taunt|p2a: Clodsire
|-start|p2a: Clodsire|move: Taunt
|
|-heal|p2a: Clodsire|62/100|[from] item: Leftovers
|upkeep
|turn|63
|
|t:|1776130485
|switch|p2a: Dondozo|Dondozo, F|94/100
|-activate|p2a: Dondozo|move: Sticky Web
|-unboost|p2a: Dondozo|spe|1
|move|p1a: NAYTCHA BWOI 💫🪂|Moonblast|p2a: Dondozo
|-damage|p2a: Dondozo|71/100
|
|-heal|p2a: Dondozo|77/100|[from] item: Leftovers
|upkeep
|turn|64
|
|t:|1776130500
|switch|p2a: Clodsire|Clodsire, M|62/100
|-activate|p2a: Clodsire|move: Sticky Web
|-unboost|p2a: Clodsire|spe|1
|move|p1a: NAYTCHA BWOI 💫🪂|Taunt|p2a: Clodsire
|-start|p2a: Clodsire|move: Taunt
|
|-heal|p2a: Clodsire|68/100|[from] item: Leftovers
|upkeep
|turn|65
|
|t:|1776130511
|switch|p2a: Dondozo|Dondozo, F|77/100
|-activate|p2a: Dondozo|move: Sticky Web
|-unboost|p2a: Dondozo|spe|1
|move|p1a: NAYTCHA BWOI 💫🪂|Calm Mind|p1a: NAYTCHA BWOI 💫🪂
|-boost|p1a: NAYTCHA BWOI 💫🪂|spa|0
|-boost|p1a: NAYTCHA BWOI 💫🪂|spd|0
|
|-heal|p2a: Dondozo|83/100|[from] item: Leftovers
|upkeep
|turn|66
|
|t:|1776130523
|switch|p2a: Clodsire|Clodsire, M|68/100
|-activate|p2a: Clodsire|move: Sticky Web
|-unboost|p2a: Clodsire|spe|1
|move|p1a: NAYTCHA BWOI 💫🪂|Taunt|p2a: Clodsire
|-start|p2a: Clodsire|move: Taunt
|
|-heal|p2a: Clodsire|74/100|[from] item: Leftovers
|upkeep
|turn|67
|inactive|FelipeOuZiiks has 90 seconds left.
|
|t:|1776130539
|switch|p2a: Dondozo|Dondozo, F|83/100
|-activate|p2a: Dondozo|move: Sticky Web
|-unboost|p2a: Dondozo|spe|1
|move|p1a: NAYTCHA BWOI 💫🪂|Moonblast|p2a: Dondozo
|-damage|p2a: Dondozo|60/100
|-unboost|p2a: Dondozo|spa|1
|
|-heal|p2a: Dondozo|66/100|[from] item: Leftovers
|upkeep
|turn|68
|inactive|FelipeOuZiiks has 90 seconds left.
|
|t:|1776130558
|switch|p2a: Dragapult|Dragapult, M|100/100
|-activate|p2a: Dragapult|move: Sticky Web
|-unboost|p2a: Dragapult|spe|1
|move|p1a: NAYTCHA BWOI 💫🪂|Taunt|p2a: Dragapult
|-start|p2a: Dragapult|move: Taunt
|
|upkeep
|turn|69
|inactive|FelipeOuZiiks has 90 seconds left.
|
|t:|1776130568
|move|p2a: Dragapult|U-turn|p1a: NAYTCHA BWOI 💫🪂
|-resisted|p1a: NAYTCHA BWOI 💫🪂
|-damage|p1a: NAYTCHA BWOI 💫🪂|94/100
|
|t:|1776130572
|switch|p2a: Clodsire|Clodsire, M|74/100|[from] U-turn
|-activate|p2a: Clodsire|move: Sticky Web
|-unboost|p2a: Clodsire|spe|1
|move|p1a: NAYTCHA BWOI 💫🪂|Calm Mind|p1a: NAYTCHA BWOI 💫🪂
|-boost|p1a: NAYTCHA BWOI 💫🪂|spa|0
|-boost|p1a: NAYTCHA BWOI 💫🪂|spd|0
|
|-heal|p1a: NAYTCHA BWOI 💫🪂|100/100|[from] item: Leftovers
|-heal|p2a: Clodsire|81/100|[from] item: Leftovers
|upkeep
|turn|70
|
|t:|1776130585
|move|p1a: NAYTCHA BWOI 💫🪂|Moonblast|p2a: Clodsire
|-resisted|p2a: Clodsire
|-damage|p2a: Clodsire|74/100
|move|p2a: Clodsire|Haze|p2a: Clodsire
|-clearallboost
|
|-heal|p2a: Clodsire|80/100|[from] item: Leftovers
|upkeep
|turn|71
|c|☆GG WENTWORTH|wp
|inactive|GG WENTWORTH has 120 seconds left.
|c|☆GG WENTWORTH|now to the second phase of battle
|
|t:|1776130624
|move|p1a: NAYTCHA BWOI 💫🪂|Taunt|p2a: Clodsire
|-start|p2a: Clodsire|move: Taunt
|cant|p2a: Clodsire|move: Taunt|Toxic
|
|-heal|p2a: Clodsire|86/100|[from] item: Leftovers
|upkeep
|turn|72
|inactive|GG WENTWORTH has 120 seconds left.
|
|t:|1776130634
|switch|p2a: Dondozo|Dondozo, F|66/100
|-activate|p2a: Dondozo|move: Sticky Web
|-unboost|p2a: Dondozo|spe|1
|move|p1a: NAYTCHA BWOI 💫🪂|Calm Mind|p1a: NAYTCHA BWOI 💫🪂
|-boost|p1a: NAYTCHA BWOI 💫🪂|spa|1
|-boost|p1a: NAYTCHA BWOI 💫🪂|spd|1
|
|-heal|p2a: Dondozo|72/100|[from] item: Leftovers
|upkeep
|turn|73
|inactive|FelipeOuZiiks has 90 seconds left.
|
|t:|1776130666
|switch|p2a: Clodsire|Clodsire, M|86/100
|-activate|p2a: Clodsire|move: Sticky Web
|-unboost|p2a: Clodsire|spe|1
|move|p1a: NAYTCHA BWOI 💫🪂|Moonblast|p2a: Clodsire
|-resisted|p2a: Clodsire
|-damage|p2a: Clodsire|80/100
|-unboost|p2a: Clodsire|spa|1
|
|-heal|p2a: Clodsire|86/100|[from] item: Leftovers
|upkeep
|turn|74
|
|t:|1776130677
|move|p1a: NAYTCHA BWOI 💫🪂|Taunt|p2a: Clodsire
|-start|p2a: Clodsire|move: Taunt
|cant|p2a: Clodsire|move: Taunt|Toxic
|
|-heal|p2a: Clodsire|93/100|[from] item: Leftovers
|upkeep
|turn|75
|
|t:|1776130687
|switch|p2a: Dondozo|Dondozo, F|72/100
|-activate|p2a: Dondozo|move: Sticky Web
|-unboost|p2a: Dondozo|spe|1
|move|p1a: NAYTCHA BWOI 💫🪂|Calm Mind|p1a: NAYTCHA BWOI 💫🪂
|-boost|p1a: NAYTCHA BWOI 💫🪂|spa|1
|-boost|p1a: NAYTCHA BWOI 💫🪂|spd|1
|
|-heal|p2a: Dondozo|78/100|[from] item: Leftovers
|upkeep
|turn|76
|inactive|FelipeOuZiiks has 90 seconds left.
|
|t:|1776130698
|switch|p2a: Clodsire|Clodsire, M|93/100
|-activate|p2a: Clodsire|move: Sticky Web
|-unboost|p2a: Clodsire|spe|1
|move|p1a: NAYTCHA BWOI 💫🪂|Taunt|p2a: Clodsire
|-start|p2a: Clodsire|move: Taunt
|
|-heal|p2a: Clodsire|99/100|[from] item: Leftovers
|upkeep
|turn|77
|inactive|FelipeOuZiiks has 90 seconds left.
|
|t:|1776130710
|switch|p2a: Dondozo|Dondozo, F|78/100
|-activate|p2a: Dondozo|move: Sticky Web
|-unboost|p2a: Dondozo|spe|1
|move|p1a: NAYTCHA BWOI 💫🪂|Moonblast|p2a: Dondozo
|-damage|p2a: Dondozo|53/100
|-unboost|p2a: Dondozo|spa|1
|-status|p2a: Dondozo|tox|[from] ability: Toxic Chain|[of] p1a: NAYTCHA BWOI 💫🪂
|
|-heal|p2a: Dondozo|59/100 tox|[from] item: Leftovers
|-damage|p2a: Dondozo|53/100 tox|[from] psn
|upkeep
|turn|78
|inactive|FelipeOuZiiks has 90 seconds left.
|j| ohko_smeargle
|
|t:|1776130727
|switch|p2a: Corviknight|Corviknight, M|28/100
|-ability|p2a: Corviknight|Pressure
|move|p1a: NAYTCHA BWOI 💫🪂|Calm Mind|p1a: NAYTCHA BWOI 💫🪂
|-boost|p1a: NAYTCHA BWOI 💫🪂|spa|1
|-boost|p1a: NAYTCHA BWOI 💫🪂|spd|1
|
|-heal|p2a: Corviknight|35/100|[from] item: Leftovers
|upkeep
|turn|79
|
|t:|1776130738
|move|p1a: NAYTCHA BWOI 💫🪂|Taunt|p2a: Corviknight
|-start|p2a: Corviknight|move: Taunt
|move|p2a: Corviknight|U-turn|p1a: NAYTCHA BWOI 💫🪂
|-resisted|p1a: NAYTCHA BWOI 💫🪂
|-damage|p1a: NAYTCHA BWOI 💫🪂|95/100
|
|t:|1776130750
|switch|p2a: Clodsire|Clodsire, M|99/100|[from] U-turn
|-activate|p2a: Clodsire|move: Sticky Web
|-unboost|p2a: Clodsire|spe|1
|
|-heal|p1a: NAYTCHA BWOI 💫🪂|100/100|[from] item: Leftovers
|-heal|p2a: Clodsire|100/100|[from] item: Leftovers
|upkeep
|turn|80
|
|t:|1776130761
|move|p1a: NAYTCHA BWOI 💫🪂|Taunt|p2a: Clodsire
|-start|p2a: Clodsire|move: Taunt
|cant|p2a: Clodsire|move: Taunt|Haze
|
|upkeep
|turn|81
|
|t:|1776130778
|switch|p1a: NAYTCHA BWOI 💫🪂|Fezandipiti, M|34/100
|-damage|p1a: NAYTCHA BWOI 💫🪂|22/100|[from] Stealth Rock
|switch|p2a: Corviknight|Corviknight, M|35/100
|-ability|p2a: Corviknight|Pressure
|
|-heal|p2a: Corviknight|41/100|[from] item: Leftovers
|upkeep
|-start|p1a: NAYTCHA BWOI 💫🪂|typechange|Flying|[silent]
|turn|82
|
|t:|1776130790
|move|p1a: NAYTCHA BWOI 💫🪂|Shadow Ball|p2a: Corviknight
|-damage|p2a: Corviknight|0 fnt
|faint|p2a: Corviknight
|
|upkeep
|
|t:|1776130798
|switch|p2a: Clodsire|Clodsire, M|100/100
|-activate|p2a: Clodsire|move: Sticky Web
|-unboost|p2a: Clodsire|spe|1
|turn|83
|
|t:|1776130812
|switch|p1a: LAST MON STANDING|Weezing-Galar, F|76/100
|-damage|p1a: LAST MON STANDING|63/100|[from] Stealth Rock
|move|p2a: Clodsire|Toxic|p1a: LAST MON STANDING
|-immune|p1a: LAST MON STANDING
|
|upkeep
|turn|84
|inactive|FelipeOuZiiks has 90 seconds left.
|
|t:|1776130823
|switch|p2a: Dondozo|Dondozo, F|53/100 tox
|-activate|p2a: Dondozo|move: Sticky Web
|-unboost|p2a: Dondozo|spe|1
|move|p1a: LAST MON STANDING|Pain Split|p2a: Dondozo
|-sethp|p2a: Dondozo|48/100 tox|[from] move: Pain Split|[silent]
|-sethp|p1a: LAST MON STANDING|72/100|[from] move: Pain Split
|
|-heal|p2a: Dondozo|54/100 tox|[from] item: Leftovers
|-damage|p2a: Dondozo|48/100 tox|[from] psn
|upkeep
|turn|85
|inactive|FelipeOuZiiks has 90 seconds left.
|
|t:|1776130835
|move|p1a: LAST MON STANDING|Thunderbolt|p2a: Dondozo
|-supereffective|p2a: Dondozo
|-damage|p2a: Dondozo|0 fnt
|faint|p2a: Dondozo
|-damage|p1a: LAST MON STANDING|62/100|[from] item: Life Orb
|
|upkeep
|
|t:|1776130849
|switch|p2a: Dragapult|Dragapult, M|100/100
|-activate|p2a: Dragapult|move: Sticky Web
|-unboost|p2a: Dragapult|spe|1
|turn|86
|
|t:|1776130863
|move|p2a: Dragapult|Flamethrower|p1a: LAST MON STANDING
|-damage|p1a: LAST MON STANDING|12/100
|move|p1a: LAST MON STANDING|Sludge Wave|p2a: Dragapult
|-resisted|p2a: Dragapult
|-damage|p2a: Dragapult|64/100
|-status|p2a: Dragapult|psn
|-damage|p1a: LAST MON STANDING|2/100|[from] item: Life Orb
|
|-damage|p2a: Dragapult|51/100 psn|[from] psn
|upkeep
|turn|87
|
|t:|1776130879
|move|p2a: Dragapult|Flamethrower|p1a: LAST MON STANDING
|-damage|p1a: LAST MON STANDING|0 fnt
|faint|p1a: LAST MON STANDING
|
|-damage|p2a: Dragapult|39/100 psn|[from] psn
|upkeep
|inactive|GG WENTWORTH has 120 seconds left.
|
|t:|1776130912
|switch|p1a: NAYTCHA BWOI 💫🪂|Fezandipiti, M|22/100
|-damage|p1a: NAYTCHA BWOI 💫🪂|10/100|[from] Stealth Rock
|turn|88
|
|t:|1776130919
|switch|p2a: Clodsire|Clodsire, M|100/100
|-activate|p2a: Clodsire|move: Sticky Web
|-unboost|p2a: Clodsire|spe|1
|move|p1a: NAYTCHA BWOI 💫🪂|Shadow Ball|p2a: Clodsire
|-damage|p2a: Clodsire|66/100
|-unboost|p2a: Clodsire|spd|1
|
|-heal|p2a: Clodsire|72/100|[from] item: Leftovers
|upkeep
|turn|89
|inactive|FelipeOuZiiks has 90 seconds left.
|
|t:|1776130944
|switch|p2a: Kingambit|Kingambit, F|100/100
|-activate|p2a: Kingambit|move: Sticky Web
|-unboost|p2a: Kingambit|spe|1
|-activate|p2a: Kingambit|ability: Supreme Overlord
|-start|p2a: Kingambit|fallen3|[silent]
|move|p1a: NAYTCHA BWOI 💫🪂|Shadow Ball|p2a: Kingambit
|-resisted|p2a: Kingambit
|-damage|p2a: Kingambit|73/100
|
|upkeep
|turn|90
|
|t:|1776130964
|move|p1a: NAYTCHA BWOI 💫🪂|Shadow Ball|p2a: Kingambit
|-resisted|p2a: Kingambit
|-damage|p2a: Kingambit|46/100
|move|p2a: Kingambit|Kowtow Cleave|p1a: NAYTCHA BWOI 💫🪂
|-supereffective|p1a: NAYTCHA BWOI 💫🪂
|-damage|p1a: NAYTCHA BWOI 💫🪂|0 fnt
|replace|p1a: FOXY GRANDPA🍥🦊|Zoroark-Hisui, M, shiny
|-end|p1a: FOXY GRANDPA🍥🦊|Illusion
|faint|p1a: FOXY GRANDPA🍥🦊
|
|upkeep
|
|t:|1776130979
|switch|p1a: SUPER MONKEY BALL2|Ogerpon, F|100/100
|-damage|p1a: SUPER MONKEY BALL2|88/100|[from] Stealth Rock
|turn|91
|inactive|FelipeOuZiiks has 60 seconds left.
|
|t:|1776131009
|move|p2a: Kingambit|Sucker Punch|p1a: SUPER MONKEY BALL2
|-damage|p1a: SUPER MONKEY BALL2|4/100
|move|p1a: SUPER MONKEY BALL2|Ivy Cudgel|p2a: Kingambit
|-resisted|p2a: Kingambit
|-damage|p2a: Kingambit|17/100
|
|upkeep
|turn|92
|
|t:|1776131022
|move|p1a: SUPER MONKEY BALL2|Ivy Cudgel|p2a: Kingambit
|-resisted|p2a: Kingambit
|-damage|p2a: Kingambit|0 fnt
|faint|p2a: Kingambit
|-end|p2a: Kingambit|fallen3|[silent]
|
|upkeep
|
|t:|1776131028
|switch|p2a: Clodsire|Clodsire, M|72/100
|-activate|p2a: Clodsire|move: Sticky Web
|-unboost|p2a: Clodsire|spe|1
|turn|93
|
|t:|1776131034
|move|p1a: SUPER MONKEY BALL2|Ivy Cudgel|p2a: Clodsire
|-damage|p2a: Clodsire|0 fnt
|faint|p2a: Clodsire
|
|upkeep
|
|t:|1776131039
|switch|p2a: Dragapult|Dragapult, M|39/100 psn
|-activate|p2a: Dragapult|move: Sticky Web
|-unboost|p2a: Dragapult|spe|1
|turn|94
|inactive|FelipeOuZiiks has 60 seconds left.
|
|t:|1776131046
|move|p1a: SUPER MONKEY BALL2|Ivy Cudgel|p2a: Dragapult
|-resisted|p2a: Dragapult
|-damage|p2a: Dragapult|0 fnt
|faint|p2a: Dragapult
|
|win|GG WENTWORTH
|raw|GG WENTWORTH's rating: 1263 &rarr; <strong>1291</strong><br />(+28 for winning)
|raw|FelipeOuZiiks's rating: 1304 &rarr; <strong>1282</strong><br />(-22 for losing)
|l| ohko_smeargle
|l|☆FelipeOuZiiks
|player|p2|
