|j|☆encore21768768
|j|☆Abyssal Bot
|t:|1776263396
|gametype|singles
|player|p1|encore21768768|265|
|player|p2|Abyssal Bot|supernerd|
|teamsize|p1|6
|teamsize|p2|6
|gen|9
|tier|[Gen 9] OU
|rule|Species Clause: Limit one of each Pokémon
|rule|OHKO Clause: OHKO moves are banned
|rule|Evasion Items Clause: Evasion items are banned
|rule|Evasion Moves Clause: Evasion moves are banned
|rule|Endless Battle Clause: Forcing endless battles is banned
|rule|HP Percentage Mod: HP is shown in percentages
|rule|Sleep Moves Clause: Sleep-inducing moves are banned
|clearpoke
|poke|p1|Bombirdier, F|
|poke|p1|Toedscruel, F|
|poke|p1|Appletun, F|
|poke|p1|Morpeko, F|
|poke|p1|Dondozo, F|
|poke|p1|Dragonite, F|
|poke|p2|Ribombee, F|
|poke|p2|Glimmora, F|
|poke|p2|Manaphy|
|poke|p2|Zamazenta-*|
|poke|p2|Gholdengo|
|poke|p2|Roaring Moon|
|teampreview
|c|☆Abyssal Bot|**WARNING**: Expect much hax.
|inactive|Battle timer is ON: inactive players will automatically lose when time's up. (requested by Abyssal Bot)
|j|*Turbo Bottttt
|
|t:|1776263397
|start
|switch|p1a: Bombirdier|Bombirdier, F|100/100
|switch|p2a: Glimmora|Glimmora, F|100/100
|turn|1
|
|t:|1776263400
|move|p1a: Bombirdier|Drill Run|p2a: Glimmora
|-supereffective|p2a: Glimmora
|-damage|p2a: Glimmora|0
|-activate|p2a: Glimmora|ability: Toxic Debris
|-sidestart|p1: encore21768768|move: Toxic Spikes
|faint|p2a: Glimmora
|-damage|p1a: Bombirdier|91/100|[from] item: Life Orb
|
|upkeep
|
|t:|1776263400
|switch|p2a: Roaring Moon|Roaring Moon|100/100
|-enditem|p2a: Roaring Moon|Booster Energy
|-activate|p2a: Roaring Moon|ability: Protosynthesis|[fromitem]
|-start|p2a: Roaring Moon|protosynthesisatk
|turn|2
|
|t:|1776263403
|move|p2a: Roaring Moon|Dragon Dance|p2a: Roaring Moon
|-boost|p2a: Roaring Moon|atk|1
|-boost|p2a: Roaring Moon|spe|1
|move|p1a: Bombirdier|Endeavor|p2a: Roaring Moon
|-damage|p2a: Roaring Moon|73/100
|-damage|p1a: Bombirdier|81/100|[from] item: Life Orb
|
|upkeep
|turn|3
|
|t:|1776263405
|move|p2a: Roaring Moon|Knock Off|p1a: Bombirdier
|-resisted|p1a: Bombirdier
|-damage|p1a: Bombirdier|8/100
|-enditem|p1a: Bombirdier|Life Orb|[from] move: Knock Off|[of] p2a: Roaring Moon
|move|p1a: Bombirdier|Brave Bird|p2a: Roaring Moon
|-damage|p2a: Roaring Moon|2/100
|-damage|p1a: Bombirdier|0|[from] Recoil
|faint|p1a: Bombirdier
|
|upkeep
|inactive|encore21768768 has 270 seconds left.
|
|t:|1776263461
|switch|p1a: Dondozo|Dondozo, F|100/100
|turn|4
|
|t:|1776263462
|move|p2a: Roaring Moon|Knock Off|p1a: Dondozo
|-damage|p1a: Dondozo|65/100
|-enditem|p1a: Dondozo|Heavy-Duty Boots|[from] move: Knock Off|[of] p2a: Roaring Moon
|move|p1a: Dondozo|Curse|p1a: Dondozo
|-unboost|p1a: Dondozo|spe|1
|-boost|p1a: Dondozo|atk|1
|-boost|p1a: Dondozo|def|1
|
|upkeep
|turn|5
|
|t:|1776263464
|move|p2a: Roaring Moon|Knock Off|p1a: Dondozo
|-crit|p1a: Dondozo
|-damage|p1a: Dondozo|28/100
|move|p1a: Dondozo|Body Press|p2a: Roaring Moon
|-supereffective|p2a: Roaring Moon
|-damage|p2a: Roaring Moon|0
|faint|p2a: Roaring Moon
|-end|p2a: Roaring Moon|Protosynthesis|[silent]
|
|upkeep
|c|☆Abyssal Bot|YASS!
|
|t:|1776263464
|switch|p2a: Manaphy|Manaphy|100/100
|turn|6
|
|t:|1776263469
|move|p2a: Manaphy|Acid Armor|p2a: Manaphy
|-boost|p2a: Manaphy|def|2
|move|p1a: Dondozo|Body Press|p2a: Manaphy
|-damage|p2a: Manaphy|59/100
|
|-heal|p2a: Manaphy|65/100|[from] item: Leftovers
|upkeep
|turn|7
|
|t:|1776263471
|move|p2a: Manaphy|Surf|p1a: Dondozo
|-resisted|p1a: Dondozo
|-damage|p1a: Dondozo|9/100
|move|p1a: Dondozo|Body Press|p2a: Manaphy
|-damage|p2a: Manaphy|26/100
|
|-heal|p2a: Manaphy|32/100|[from] item: Leftovers
|upkeep
|turn|8
|
|t:|1776263473
|move|p2a: Manaphy|Surf|p1a: Dondozo
|-resisted|p1a: Dondozo
|-damage|p1a: Dondozo|0
|faint|p1a: Dondozo
|
|-heal|p2a: Manaphy|38/100|[from] item: Leftovers
|upkeep
|
|t:|1776263479
|switch|p1a: Toedscruel|Toedscruel, F|100/100
|turn|9
|
|t:|1776263481
|move|p2a: Manaphy|Surf|p1a: Toedscruel
|-damage|p1a: Toedscruel|73/100
|move|p1a: Toedscruel|Rapid Spin|p2a: Manaphy
|-damage|p2a: Manaphy|34/100
|-boost|p1a: Toedscruel|spe|1
|-sideend|p1: encore21768768|Toxic Spikes|[from] move: Rapid Spin|[of] p1a: Toedscruel
|
|-heal|p2a: Manaphy|40/100|[from] item: Leftovers
|upkeep
|turn|10
|
|t:|1776263483
|move|p1a: Toedscruel|Giga Drain|p2a: Manaphy
|-supereffective|p2a: Manaphy
|-damage|p2a: Manaphy|0
|-heal|p1a: Toedscruel|94/100|[from] drain|[of] p2a: Manaphy
|faint|p2a: Manaphy
|
|upkeep
|
|t:|1776263483
|switch|p2a: Ribombee|Ribombee, F|100/100
|turn|11
|
|t:|1776263487
|move|p2a: Ribombee|Sticky Web|p1a: Toedscruel
|-sidestart|p1: encore21768768|move: Sticky Web
|move|p1a: Toedscruel|Trick Room|p1a: Toedscruel
|-fieldstart|move: Trick Room|[of] p1a: Toedscruel
|
|upkeep
|turn|12
|
|t:|1776263489
|move|p1a: Toedscruel|Rapid Spin|p2a: Ribombee
|-damage|p2a: Ribombee|87/100
|-boost|p1a: Toedscruel|spe|1
|-sideend|p1: encore21768768|Sticky Web|[from] move: Rapid Spin|[of] p1a: Toedscruel
|move|p2a: Ribombee|Moonblast|p1a: Toedscruel
|-damage|p1a: Toedscruel|71/100
|
|upkeep
|turn|13
|
|t:|1776263507
|switch|p1a: Dragonite|Dragonite, F|100/100
|move|p2a: Ribombee|Sticky Web|p1a: Dragonite
|-sidestart|p1: encore21768768|move: Sticky Web
|
|upkeep
|turn|14
|
|t:|1776263510
|move|p1a: Dragonite|Fire Punch|p2a: Ribombee
|-supereffective|p2a: Ribombee
|-crit|p2a: Ribombee
|-damage|p2a: Ribombee|0
|faint|p2a: Ribombee
|
|upkeep
|c|☆Abyssal Bot|Oh crap, that crit...
|
|t:|1776263510
|switch|p2a: Gholdengo|Gholdengo|100/100
|-item|p2a: Gholdengo|Air Balloon
|turn|15
|
|t:|1776263512
|move|p2a: Gholdengo|Thunder Wave|p1a: Dragonite
|-status|p1a: Dragonite|par
|cant|p1a: Dragonite|par
|
|-fieldend|move: Trick Room
|upkeep
|turn|16
|
|t:|1776263514
|move|p2a: Gholdengo|Make It Rain|p1a: Dragonite
|-damage|p1a: Dragonite|72/100 par
|-unboost|p2a: Gholdengo|spa|1
|move|p1a: Dragonite|Dragon Dance|p1a: Dragonite
|-boost|p1a: Dragonite|atk|1
|-boost|p1a: Dragonite|spe|1
|
|upkeep
|turn|17
|
|t:|1776263517
|move|p2a: Gholdengo|Make It Rain|p1a: Dragonite
|-damage|p1a: Dragonite|32/100 par
|-unboost|p2a: Gholdengo|spa|1
|cant|p1a: Dragonite|par
|
|upkeep
|turn|18
|
|t:|1776263523
|move|p2a: Gholdengo|Make It Rain|p1a: Dragonite
|-crit|p1a: Dragonite
|-damage|p1a: Dragonite|0 par
|-unboost|p2a: Gholdengo|spa|1
|faint|p1a: Dragonite
|
|upkeep
|c|☆Abyssal Bot|LOL Die!
|
|t:|1776263528
|switch|p1a: Toedscruel|Toedscruel, F|71/100
|turn|19
|
|t:|1776263532
|switch|p2a: Zamazenta|Zamazenta|100/100
|-ability|p2a: Zamazenta|Dauntless Shield|boost
|-boost|p2a: Zamazenta|def|1
|move|p1a: Toedscruel|Giga Drain|p2a: Zamazenta
|-damage|p2a: Zamazenta|79/100
|-heal|p1a: Toedscruel|81/100|[from] drain|[of] p2a: Zamazenta
|
|upkeep
|turn|20
|
|t:|1776263534
|move|p2a: Zamazenta|Body Press|p1a: Toedscruel
|-damage|p1a: Toedscruel|3/100
|move|p1a: Toedscruel|Trick Room|p1a: Toedscruel
|-fieldstart|move: Trick Room|[of] p1a: Toedscruel
|
|upkeep
|turn|21
|
|t:|1776263537
|move|p1a: Toedscruel|Giga Drain|p2a: Zamazenta
|-damage|p2a: Zamazenta|58/100
|-heal|p1a: Toedscruel|13/100|[from] drain|[of] p2a: Zamazenta
|move|p2a: Zamazenta|Iron Head|p1a: Toedscruel
|-damage|p1a: Toedscruel|0
|faint|p1a: Toedscruel
|
|upkeep
|
|t:|1776263543
|switch|p1a: Appletun|Appletun, F|100/100
|-activate|p1a: Appletun|move: Sticky Web
|-unboost|p1a: Appletun|spe|1
|turn|22
|
|t:|1776263545
|switch|p2a: Gholdengo|Gholdengo|100/100
|-item|p2a: Gholdengo|Air Balloon
|move|p1a: Appletun|Apple Acid|p2a: Gholdengo
|-resisted|p2a: Gholdengo
|-damage|p2a: Gholdengo|86/100
|-unboost|p2a: Gholdengo|spd|1
|-enditem|p2a: Gholdengo|Air Balloon
|
|upkeep
|turn|23
|
|t:|1776263552
|switch|p1a: Morpeko|Morpeko, F|100/100
|-activate|p1a: Morpeko|move: Sticky Web
|-unboost|p1a: Morpeko|spe|1
|move|p2a: Gholdengo|Make It Rain|p1a: Morpeko
|-resisted|p1a: Morpeko
|-damage|p1a: Morpeko|40/100
|-unboost|p2a: Gholdengo|spa|1
|
|-formechange|p1a: Morpeko|Morpeko-Hangry||[from] ability: Hunger Switch
|upkeep
|turn|24
|
|t:|1776263556
|move|p1a: Morpeko|Aura Wheel|p2a: Gholdengo
|-supereffective|p2a: Gholdengo
|-damage|p2a: Gholdengo|0
|-boost|p1a: Morpeko|spe|1
|faint|p2a: Gholdengo
|-damage|p1a: Morpeko|30/100|[from] item: Life Orb
|
|-fieldend|move: Trick Room
|-formechange|p1a: Morpeko|Morpeko||[from] ability: Hunger Switch
|upkeep
|
|t:|1776263556
|switch|p2a: Zamazenta|Zamazenta|58/100
|turn|25
|
|t:|1776263560
|move|p2a: Zamazenta|Body Press|p1a: Morpeko
|-supereffective|p1a: Morpeko
|-damage|p1a: Morpeko|0
|faint|p1a: Morpeko
|
|upkeep
|
|t:|1776263562
|switch|p1a: Appletun|Appletun, F|100/100
|-activate|p1a: Appletun|move: Sticky Web
|-unboost|p1a: Appletun|spe|1
|turn|26
|
|t:|1776263563
|move|p2a: Zamazenta|Body Press|p1a: Appletun
|-damage|p1a: Appletun|77/100
|move|p1a: Appletun|Apple Acid|p2a: Zamazenta
|-damage|p2a: Zamazenta|32/100
|-unboost|p2a: Zamazenta|spd|1
|
|upkeep
|turn|27
|
|t:|1776263566
|move|p2a: Zamazenta|Body Press|p1a: Appletun
|-damage|p1a: Appletun|53/100
|move|p1a: Appletun|Dragon Pulse|p2a: Zamazenta
|-damage|p2a: Zamazenta|0
|faint|p2a: Zamazenta
|
|win|encore21768768
|c|☆Abyssal Bot|Well Played.
|l|☆Abyssal Bot
|player|p2|
|l|*Turbo Bottttt
