|html|<div class="broadcast-blue"><strong>[Gen 9] OU is currently suspecting Tera Blast! For information on how to participate check out the <a href="https://www.smogon.com/tools/suspects/view/200">suspect thread</a>.</strong></div>
|j|☆thelosername
|j|☆Mizer_zZz
|t:|1776041229
|gametype|singles
|player|p1|thelosername|clown|1091
|player|p2|Mizer_zZz|lance|1073
|gen|9
|tier|[Gen 9] OU
|rated|
|rule|HP Percentage Mod: HP is shown in percentages
|rule|Endless Battle Clause: Forcing endless battles is banned
|rule|Species Clause: Limit one of each Pokémon
|rule|OHKO Clause: OHKO moves are banned
|rule|Evasion Items Clause: Evasion items are banned
|rule|Evasion Moves Clause: Evasion moves are banned
|rule|Evasion Abilities Clause: Evasion abilities are banned
|rule|Sleep Moves Clause: Sleep-inducing moves are banned
|clearpoke
|poke|p1|Ribombee, F|
|poke|p1|Malamar, F|
|poke|p1|Mimikyu, M|
|poke|p1|Glaceon, M|
|poke|p1|Salazzle, F|
|poke|p1|Oricorio-Sensu, F|
|poke|p2|Greninja-*, F|
|poke|p2|Dragonite, F|
|poke|p2|Corviknight, M|
|poke|p2|Garganacl, M|
|poke|p2|Slowbro, M|
|poke|p2|Slowking-Galar, F|
|teampreview
|
|t:|1776041237
|teamsize|p1|6
|teamsize|p2|6
|start
|switch|p1a: Mimikyu|Mimikyu, M|100/100
|switch|p2a: Slowking|Slowking-Galar, F|100/100
|turn|1
|
|t:|1776041267
|move|p1a: Mimikyu|Light Screen|p1a: Mimikyu
|-sidestart|p1: thelosername|move: Light Screen
|move|p2a: Slowking|Sludge Bomb|p1a: Mimikyu
|-activate|p1a: Mimikyu|ability: Disguise
|-damage|p1a: Mimikyu|100/100
|-status|p1a: Mimikyu|psn
|detailschange|p1a: Mimikyu|Mimikyu-Busted, M
|-damage|p1a: Mimikyu|88/100 psn|[from] pokemon: Mimikyu-Busted
|
|-damage|p1a: Mimikyu|76/100 psn|[from] psn
|upkeep
|turn|2
|
|t:|1776041278
|move|p1a: Mimikyu|Will-O-Wisp|p2a: Slowking
|-status|p2a: Slowking|brn
|move|p2a: Slowking|Toxic Spikes|p1a: Mimikyu
|-sidestart|p1: thelosername|move: Toxic Spikes
|
|-damage|p1a: Mimikyu|63/100 psn|[from] psn
|-damage|p2a: Slowking|94/100 brn|[from] brn
|upkeep
|turn|3
|
|t:|1776041295
|switch|p1a: Oricorio|Oricorio-Sensu, F|100/100
|move|p2a: Slowking|Toxic Spikes|p1a: Oricorio
|-sidestart|p1: thelosername|move: Toxic Spikes
|
|-heal|p2a: Slowking|100/100 brn|[from] item: Black Sludge
|-damage|p2a: Slowking|94/100 brn|[from] brn
|upkeep
|turn|4
|
|t:|1776041304
|move|p1a: Oricorio|Quiver Dance|p1a: Oricorio
|-boost|p1a: Oricorio|spa|1
|-boost|p1a: Oricorio|spd|1
|-boost|p1a: Oricorio|spe|1
|move|p2a: Slowking|Sludge Bomb|p1a: Oricorio
|-resisted|p1a: Oricorio
|-damage|p1a: Oricorio|94/100
|
|-heal|p2a: Slowking|100/100 brn|[from] item: Black Sludge
|-damage|p2a: Slowking|94/100 brn|[from] brn
|upkeep
|turn|5
|
|t:|1776041337
|move|p1a: Oricorio|Revelation Dance|p2a: Slowking
|-supereffective|p2a: Slowking
|-damage|p2a: Slowking|39/100 brn
|move|p2a: Slowking|Psychic|p1a: Oricorio
|-damage|p1a: Oricorio|82/100
|
|-heal|p2a: Slowking|45/100 brn|[from] item: Black Sludge
|-damage|p2a: Slowking|39/100 brn|[from] brn
|upkeep
|turn|6
|
|t:|1776041348
|switch|p2a: Garganacl|Garganacl, M, shiny|100/100
|move|p1a: Oricorio|Revelation Dance|p2a: Garganacl
|-damage|p2a: Garganacl|81/100
|
|-heal|p2a: Garganacl|87/100|[from] item: Leftovers
|upkeep
|turn|7
|
|t:|1776041357
|move|p1a: Oricorio|Attract|p2a: Garganacl
|-start|p2a: Garganacl|Attract
|-activate|p2a: Garganacl|move: Attract|[of] p1a: Oricorio
|move|p2a: Garganacl|Salt Cure|p1a: Oricorio
|-supereffective|p1a: Oricorio
|-damage|p1a: Oricorio|49/100
|-start|p1a: Oricorio|Salt Cure
|
|-heal|p2a: Garganacl|93/100|[from] item: Leftovers
|-damage|p1a: Oricorio|36/100|[from] Salt Cure
|upkeep
|turn|8
|
|t:|1776041369
|move|p1a: Oricorio|Quiver Dance|p1a: Oricorio
|-boost|p1a: Oricorio|spa|1
|-boost|p1a: Oricorio|spd|1
|-boost|p1a: Oricorio|spe|1
|-activate|p2a: Garganacl|move: Attract|[of] p1a: Oricorio
|cant|p2a: Garganacl|Attract
|
|-heal|p2a: Garganacl|99/100|[from] item: Leftovers
|-damage|p1a: Oricorio|24/100|[from] Salt Cure
|-sideend|p1: thelosername|move: Light Screen
|upkeep
|turn|9
|
|t:|1776041379
|move|p1a: Oricorio|Revelation Dance|p2a: Garganacl
|-damage|p2a: Garganacl|73/100
|-activate|p2a: Garganacl|move: Attract|[of] p1a: Oricorio
|cant|p2a: Garganacl|Attract
|
|-heal|p2a: Garganacl|79/100|[from] item: Leftovers
|-damage|p1a: Oricorio|11/100|[from] Salt Cure
|upkeep
|turn|10
|
|t:|1776041388
|move|p1a: Oricorio|U-turn|p2a: Garganacl
|-damage|p2a: Garganacl|72/100
|
|t:|1776041397
|switch|p1a: Ribombee|Ribombee, F|100/100|[from] U-turn
|-end|p2a: Garganacl|Attract|[silent]
|-status|p1a: Ribombee|tox
|move|p2a: Garganacl|Stealth Rock|p1a: Ribombee
|-sidestart|p1: thelosername|move: Stealth Rock
|
|-heal|p2a: Garganacl|79/100|[from] item: Leftovers
|-damage|p1a: Ribombee|94/100 tox|[from] psn
|upkeep
|turn|11
|
|t:|1776041408
|move|p1a: Ribombee|Skill Swap|p2a: Garganacl
|-activate|p1a: Ribombee|Skill Swap|Purifying Salt|Honey Gather|[of] p2a: Garganacl
|move|p2a: Garganacl|Salt Cure|p1a: Ribombee
|-supereffective|p1a: Ribombee
|-damage|p1a: Ribombee|52/100 tox
|-start|p1a: Ribombee|Salt Cure
|
|-heal|p2a: Garganacl|85/100|[from] item: Leftovers
|-damage|p1a: Ribombee|40/100 tox|[from] psn
|-damage|p1a: Ribombee|28/100 tox|[from] Salt Cure
|upkeep
|turn|12
|
|t:|1776041423
|move|p1a: Ribombee|Energy Ball|p2a: Garganacl
|-supereffective|p2a: Garganacl
|-damage|p2a: Garganacl|46/100
|move|p2a: Garganacl|Salt Cure|p1a: Ribombee
|-supereffective|p1a: Ribombee
|-damage|p1a: Ribombee|0 fnt
|faint|p1a: Ribombee
|
|-heal|p2a: Garganacl|52/100|[from] item: Leftovers
|upkeep
|
|t:|1776041430
|switch|p1a: Mimikyu|Mimikyu-Busted, M|63/100 psn
|-damage|p1a: Mimikyu|51/100 psn|[from] Stealth Rock
|turn|13
|
|t:|1776041441
|move|p1a: Mimikyu|Will-O-Wisp|p2a: Garganacl
|-status|p2a: Garganacl|brn
|move|p2a: Garganacl|Recover|p2a: Garganacl
|-heal|p2a: Garganacl|100/100 brn
|
|-damage|p1a: Mimikyu|39/100 psn|[from] psn
|-damage|p2a: Garganacl|94/100 brn|[from] brn
|upkeep
|turn|14
|
|t:|1776041453
|move|p1a: Mimikyu|Leech Life|p2a: Garganacl
|-damage|p2a: Garganacl|85/100 brn
|-heal|p1a: Mimikyu|46/100 psn|[from] drain|[of] p2a: Garganacl
|move|p2a: Garganacl|Salt Cure|p1a: Mimikyu
|-damage|p1a: Mimikyu|37/100 psn
|-start|p1a: Mimikyu|Salt Cure
|
|-heal|p2a: Garganacl|92/100 brn|[from] item: Leftovers
|-damage|p1a: Mimikyu|25/100 psn|[from] psn
|-damage|p2a: Garganacl|85/100 brn|[from] brn
|-damage|p1a: Mimikyu|12/100 psn|[from] Salt Cure
|upkeep
|turn|15
|
|t:|1776041480
|switch|p2a: Greninja|Greninja, F|100/100
|move|p1a: Mimikyu|Light Screen|p1a: Mimikyu
|-sidestart|p1: thelosername|move: Light Screen
|
|-damage|p1a: Mimikyu|0 fnt|[from] psn
|faint|p1a: Mimikyu
|upkeep
|
|t:|1776041483
|switch|p1a: Salazzle|Salazzle, F|100/100
|-sideend|p1: thelosername|move: Toxic Spikes|[of] p1a: Salazzle
|turn|16
|
|t:|1776041492
|switch|p1a: Glaceon|Glaceon, M|100/100
|-damage|p1a: Glaceon|75/100|[from] Stealth Rock
|move|p2a: Greninja|Extrasensory|p1a: Glaceon
|-start|p2a: Greninja|typechange|Psychic|[from] ability: Protean
|-damage|p1a: Glaceon|43/100
|-damage|p2a: Greninja|91/100|[from] item: Life Orb
|
|upkeep
|turn|17
|
|t:|1776041522
|switch|p2a: Corviknight|Corviknight, M, shiny|100/100
|move|p1a: Glaceon|Shadow Ball|p2a: Corviknight
|-damage|p2a: Corviknight|71/100
|-ability|p2a: Corviknight|Mirror Armor
|-unboost|p1a: Glaceon|spd|1
|
|-heal|p2a: Corviknight|77/100|[from] item: Leftovers
|upkeep
|turn|18
|
|t:|1776041535
|move|p1a: Glaceon|Freeze-Dry|p2a: Corviknight
|-damage|p2a: Corviknight|39/100
|move|p2a: Corviknight|Iron Head|p1a: Glaceon
|-supereffective|p1a: Glaceon
|-damage|p1a: Glaceon|0 fnt
|faint|p1a: Glaceon
|
|-heal|p2a: Corviknight|45/100|[from] item: Leftovers
|upkeep
|
|t:|1776041542
|switch|p1a: Salazzle|Salazzle, F|100/100
|turn|19
|
|t:|1776041546
|move|p1a: Salazzle|Flamethrower|p2a: Corviknight
|-supereffective|p2a: Corviknight
|-damage|p2a: Corviknight|0 fnt
|faint|p2a: Corviknight
|
|upkeep
|
|t:|1776041553
|switch|p2a: Greninja|Greninja, F|91/100
|turn|20
|
|t:|1776041564
|move|p2a: Greninja|Extrasensory|p1a: Salazzle
|-start|p2a: Greninja|typechange|Psychic|[from] ability: Protean
|-supereffective|p1a: Salazzle
|-damage|p1a: Salazzle|15/100
|-damage|p2a: Greninja|81/100|[from] item: Life Orb
|move|p1a: Salazzle|Toxic|p2a: Greninja
|-status|p2a: Greninja|tox
|
|-damage|p2a: Greninja|75/100 tox|[from] psn
|upkeep
|turn|21
|
|t:|1776041573
|move|p2a: Greninja|Extrasensory|p1a: Salazzle
|-supereffective|p1a: Salazzle
|-damage|p1a: Salazzle|0 fnt
|faint|p1a: Salazzle
|-damage|p2a: Greninja|65/100 tox|[from] item: Life Orb
|
|-damage|p2a: Greninja|53/100 tox|[from] psn
|upkeep
|
|t:|1776041577
|switch|p1a: Malamar|Malamar, F|100/100
|-damage|p1a: Malamar|88/100|[from] Stealth Rock
|turn|22
|
|t:|1776041585
|move|p2a: Greninja|Dark Pulse|p1a: Malamar
|-damage|p1a: Malamar|67/100
|-damage|p2a: Greninja|43/100 tox|[from] item: Life Orb
|move|p1a: Malamar|Lunge|p2a: Greninja
|-supereffective|p2a: Greninja
|-damage|p2a: Greninja|0 fnt
|faint|p2a: Greninja
|
|-sideend|p1: thelosername|move: Light Screen
|upkeep
|
|t:|1776041602
|switch|p2a: Slowbro|Slowbro, M|100/100
|turn|23
|
|t:|1776041608
|move|p1a: Malamar|Throat Chop|p2a: Slowbro
|-supereffective|p2a: Slowbro
|-damage|p2a: Slowbro|58/100
|-start|p2a: Slowbro|Throat Chop|[silent]
|move|p2a: Slowbro|Scald|p1a: Malamar
|-damage|p1a: Malamar|30/100
|
|-heal|p2a: Slowbro|64/100|[from] item: Leftovers
|upkeep
|turn|24
|
|t:|1776041619
|move|p1a: Malamar|Throat Chop|p2a: Slowbro
|-supereffective|p2a: Slowbro
|-damage|p2a: Slowbro|16/100
|move|p2a: Slowbro|Slack Off|p2a: Slowbro
|-heal|p2a: Slowbro|66/100
|
|-heal|p2a: Slowbro|72/100|[from] item: Leftovers
|-end|p2a: Slowbro|Throat Chop|[silent]
|upkeep
|turn|25
|
|t:|1776041628
|move|p1a: Malamar|Throat Chop|p2a: Slowbro
|-supereffective|p2a: Slowbro
|-damage|p2a: Slowbro|26/100
|-start|p2a: Slowbro|Throat Chop|[silent]
|move|p2a: Slowbro|Scald|p1a: Malamar
|-damage|p1a: Malamar|0 fnt
|faint|p1a: Malamar
|
|-heal|p2a: Slowbro|32/100|[from] item: Leftovers
|upkeep
|
|t:|1776041630
|switch|p1a: Oricorio|Oricorio-Sensu, F|11/100
|-damage|p1a: Oricorio|0 fnt|[from] Stealth Rock
|faint|p1a: Oricorio
|
|win|Mizer_zZz
|raw|thelosername's rating: 1091 &rarr; <strong>1066</strong><br />(-25 for losing)
|raw|Mizer_zZz's rating: 1073 &rarr; <strong>1104</strong><br />(+31 for winning)
|c|☆thelosername|gg
|c|☆Mizer_zZz|ggs
|l|☆thelosername
|player|p1|
|l|☆Mizer_zZz
|player|p2|
