|html|<div class="broadcast-blue"><strong>[Gen 9] OU is currently suspecting Tera Blast! For information on how to participate check out the <a href="https://www.smogon.com/tools/suspects/view/200">suspect thread</a>.</strong></div>
|j|☆egoatz
|j|☆Imptail
|t:|1776101943
|gametype|singles
|player|p1|egoatz|n|1250
|player|p2|Imptail|maid|1259
|gen|9
|tier|[Gen 9] OU
|rated|
|rule|HP Percentage Mod: HP is shown in percentages
|rule|Endless Battle Clause: Forcing endless battles is banned
|rule|Species Clause: Limit one of each Pokémon
|rule|OHKO Clause: OHKO moves are banned
|rule|Evasion Items Clause: Evasion items are banned
|rule|Evasion Moves Clause: Evasion moves are banned
|rule|Evasion Abilities Clause: Evasion abilities are banned
|rule|Sleep Moves Clause: Sleep-inducing moves are banned
|clearpoke
|poke|p1|Iron Moth|
|poke|p1|Kingambit, M|
|poke|p1|Dragonite, F|
|poke|p1|Ogerpon-Cornerstone, F|
|poke|p1|Iron Valiant|
|poke|p1|Raging Bolt|
|poke|p2|Hitmonlee, M|
|poke|p2|Galvantula, F|
|poke|p2|Landorus-Therian, M|
|poke|p2|Dragapult, M|
|poke|p2|Samurott-Hisui, F|
|poke|p2|Kyurem|
|teampreview
|inactive|Battle timer is ON: inactive players will automatically lose when time's up. (requested by egoatz)
|j| ohko_smeargle
|
|t:|1776101951
|teamsize|p1|6
|teamsize|p2|6
|start
|switch|p1a: Dionysos|Ogerpon-Cornerstone, F|100/100
|switch|p2a: Galvantula|Galvantula, F|100/100
|turn|1
|
|t:|1776101958
|move|p1a: Dionysos|Ivy Cudgel|p2a: Galvantula|[anim] Ivy Cudgel Rock
|-supereffective|p2a: Galvantula
|-enditem|p2a: Galvantula|Focus Sash
|-damage|p2a: Galvantula|1/100
|move|p2a: Galvantula|Sticky Web|p1a: Dionysos
|-sidestart|p1: egoatz|move: Sticky Web
|
|upkeep
|turn|2
|
|t:|1776101968
|move|p1a: Dionysos|Knock Off|p2a: Galvantula
|-damage|p2a: Galvantula|0 fnt
|faint|p2a: Galvantula
|
|upkeep
|
|t:|1776101974
|switch|p2a: Hitmonlee|Hitmonlee, M|100/100
|turn|3
|
|t:|1776101979
|move|p2a: Hitmonlee|Bullet Punch|p1a: Dionysos
|-supereffective|p1a: Dionysos
|-damage|p1a: Dionysos|65/100
|move|p1a: Dionysos|Power Whip|p2a: Hitmonlee|[miss]
|-miss|p1a: Dionysos|p2a: Hitmonlee
|
|upkeep
|turn|4
|
|t:|1776101983
|move|p2a: Hitmonlee|Bullet Punch|p1a: Dionysos
|-supereffective|p1a: Dionysos
|-damage|p1a: Dionysos|29/100
|move|p1a: Dionysos|Power Whip|p2a: Hitmonlee
|-damage|p2a: Hitmonlee|0 fnt
|faint|p2a: Hitmonlee
|
|upkeep
|
|t:|1776101989
|switch|p2a: Samurott|Samurott-Hisui, F|100/100
|turn|5
|
|t:|1776101992
|move|p2a: Samurott|Ceaseless Edge|p1a: Dionysos
|-damage|p1a: Dionysos|0 fnt
|-sidestart|p1: egoatz|Spikes
|faint|p1a: Dionysos
|
|upkeep
|
|t:|1776101995
|switch|p1a: Prométhée|Iron Moth|100/100
|-activate|p1a: Prométhée|move: Sticky Web
|-unboost|p1a: Prométhée|spe|1
|-damage|p1a: Prométhée|88/100|[from] Spikes
|-enditem|p1a: Prométhée|Booster Energy
|-activate|p1a: Prométhée|ability: Quark Drive|[fromitem]
|-start|p1a: Prométhée|quarkdrivespa
|turn|6
|
|t:|1776102002
|-terastallize|p1a: Prométhée|Grass
|move|p2a: Samurott|Ceaseless Edge|p1a: Prométhée
|-damage|p1a: Prométhée|19/100
|-sidestart|p1: egoatz|Spikes
|move|p1a: Prométhée|Energy Ball|p2a: Samurott
|-supereffective|p2a: Samurott
|-damage|p2a: Samurott|0 fnt
|faint|p2a: Samurott
|
|upkeep
|
|t:|1776102013
|switch|p2a: Dragapult|Dragapult, M|100/100
|turn|7
|
|t:|1776102016
|move|p2a: Dragapult|U-turn|p1a: Prométhée
|-supereffective|p1a: Prométhée
|-damage|p1a: Prométhée|0 fnt
|faint|p1a: Prométhée
|-end|p1a: Prométhée|Quark Drive|[silent]
|
|t:|1776102018
|switch|p2a: Landorus|Landorus-Therian, M|100/100|[from] U-turn
|
|upkeep
|
|t:|1776102027
|switch|p1a: Seraphim Ghidorah|Dragonite, F|100/100
|turn|8
|
|t:|1776102032
|move|p1a: Seraphim Ghidorah|Dragon Dance|p1a: Seraphim Ghidorah
|-boost|p1a: Seraphim Ghidorah|atk|1
|-boost|p1a: Seraphim Ghidorah|spe|1
|move|p2a: Landorus|U-turn|p1a: Seraphim Ghidorah
|-resisted|p1a: Seraphim Ghidorah
|-damage|p1a: Seraphim Ghidorah|94/100
|
|t:|1776102034
|switch|p2a: Kyurem|Kyurem, shiny|100/100|[from] U-turn
|-ability|p2a: Kyurem|Pressure
|
|upkeep
|turn|9
|
|t:|1776102041
|move|p1a: Seraphim Ghidorah|Extreme Speed|p2a: Kyurem
|-crit|p2a: Kyurem
|-damage|p2a: Kyurem|35/100
|move|p2a: Kyurem|Ice Beam|p1a: Seraphim Ghidorah
|-supereffective|p1a: Seraphim Ghidorah
|-damage|p1a: Seraphim Ghidorah|0 fnt
|faint|p1a: Seraphim Ghidorah
|
|upkeep
|
|t:|1776102050
|switch|p1a: Mjöllnir|Raging Bolt|100/100
|-activate|p1a: Mjöllnir|move: Sticky Web
|-unboost|p1a: Mjöllnir|spe|1
|-damage|p1a: Mjöllnir|84/100|[from] Spikes
|-enditem|p1a: Mjöllnir|Booster Energy
|-activate|p1a: Mjöllnir|ability: Protosynthesis|[fromitem]
|-start|p1a: Mjöllnir|protosynthesisspa
|turn|10
|
|t:|1776102052
|move|p1a: Mjöllnir|Thunderclap|p2a: Kyurem
|-resisted|p2a: Kyurem
|-damage|p2a: Kyurem|9/100
|move|p2a: Kyurem|Ice Beam|p1a: Mjöllnir
|-supereffective|p1a: Mjöllnir
|-damage|p1a: Mjöllnir|0 fnt
|faint|p1a: Mjöllnir
|-end|p1a: Mjöllnir|Protosynthesis|[silent]
|
|upkeep
|
|t:|1776102057
|switch|p1a: Shiva|Iron Valiant|100/100
|-activate|p1a: Shiva|move: Sticky Web
|-unboost|p1a: Shiva|spe|1
|-damage|p1a: Shiva|84/100|[from] Spikes
|-enditem|p1a: Shiva|Booster Energy
|-activate|p1a: Shiva|ability: Quark Drive|[fromitem]
|-start|p1a: Shiva|quarkdriveatk
|turn|11
|
|t:|1776102059
|move|p2a: Kyurem|Ice Beam|p1a: Shiva
|-damage|p1a: Shiva|0 fnt
|faint|p1a: Shiva
|-end|p1a: Shiva|Quark Drive|[silent]
|
|upkeep
|
|t:|1776102062
|switch|p1a: Odin|Kingambit, M|100/100
|-activate|p1a: Odin|move: Sticky Web
|-unboost|p1a: Odin|spe|1
|-damage|p1a: Odin|84/100|[from] Spikes
|-activate|p1a: Odin|ability: Supreme Overlord
|-start|p1a: Odin|fallen5|[silent]
|turn|12
|
|t:|1776102065
|move|p1a: Odin|Sucker Punch|p2a: Kyurem
|-damage|p2a: Kyurem|0 fnt
|faint|p2a: Kyurem
|
|upkeep
|
|t:|1776102066
|switch|p2a: Dragapult|Dragapult, M|100/100
|turn|13
|
|t:|1776102069
|move|p1a: Odin|Sucker Punch||[still]
|-fail|p1a: Odin
|move|p2a: Dragapult|Will-O-Wisp|p1a: Odin
|-status|p1a: Odin|brn
|-enditem|p1a: Odin|Lum Berry|[eat]
|-curestatus|p1a: Odin|brn|[msg]
|
|upkeep
|turn|14
|
|t:|1776102071
|move|p2a: Dragapult|Will-O-Wisp|p1a: Odin
|-status|p1a: Odin|brn
|move|p1a: Odin|Kowtow Cleave|p2a: Dragapult
|-supereffective|p2a: Dragapult
|-damage|p2a: Dragapult|0 fnt
|faint|p2a: Dragapult
|
|-damage|p1a: Odin|78/100 brn|[from] brn
|upkeep
|
|t:|1776102074
|switch|p2a: Landorus|Landorus-Therian, M|100/100
|-ability|p2a: Landorus|Intimidate|boost
|-unboost|p1a: Odin|atk|1
|turn|15
|
|t:|1776102078
|move|p2a: Landorus|Earthquake|p1a: Odin
|-supereffective|p1a: Odin
|-damage|p1a: Odin|0 fnt
|faint|p1a: Odin
|-end|p1a: Odin|fallen5|[silent]
|
|win|Imptail
|raw|egoatz's rating: 1250 &rarr; <strong>1226</strong><br />(-24 for losing)
|raw|Imptail's rating: 1259 &rarr; <strong>1283</strong><br />(+24 for winning)
|l| ohko_smeargle
|c|☆Imptail|Gg
|l|☆egoatz
|player|p1|
|l|☆Imptail
|player|p2|
