|html|<div class="broadcast-blue"><strong>[Gen 9] OU is currently suspecting Tera Blast! For information on how to participate check out the <a href="https://www.smogon.com/tools/suspects/view/200">suspect thread</a>.</strong></div>
|badge|p1|silver|gen9ou|30-9
|uhtml|medal-msg|<div class="broadcast-blue">Curious what those medals under the avatar are? PS now has Ladder Seasons! For more information, check out the <a href="https://www.smogon.com/forums/threads/3740067/">thread on Smogon.</a></div>
|j|☆sv gurt
|j|☆mortardom
|t:|1776032921
|gametype|singles
|player|p1|sv gurt|bugsy-masters|1849
|player|p2|mortardom|ingo|1720
|gen|9
|tier|[Gen 9] OU
|rated|
|rule|HP Percentage Mod: HP is shown in percentages
|rule|Endless Battle Clause: Forcing endless battles is banned
|rule|Species Clause: Limit one of each Pokémon
|rule|OHKO Clause: OHKO moves are banned
|rule|Evasion Items Clause: Evasion items are banned
|rule|Evasion Moves Clause: Evasion moves are banned
|rule|Evasion Abilities Clause: Evasion abilities are banned
|rule|Sleep Moves Clause: Sleep-inducing moves are banned
|clearpoke
|poke|p1|Samurott-Hisui, M|
|poke|p1|Hoopa-Unbound|
|poke|p1|Dragonite, M|
|poke|p1|Dragapult, M|
|poke|p1|Scizor, F|
|poke|p1|Kingambit, M|
|poke|p2|Sandy Shocks|
|poke|p2|Ninetales, F|
|poke|p2|Walking Wake|
|poke|p2|Hatterene, F|
|poke|p2|Lilligant-Hisui, F|
|poke|p2|Great Tusk|
|teampreview
|inactive|Battle timer is ON: inactive players will automatically lose when time's up. (requested by mortardom)
|
|t:|1776032937
|teamsize|p1|6
|teamsize|p2|6
|start
|switch|p1a: 6RACKSONMYWRISTS|Hoopa-Unbound|100/100
|switch|p2a: Great Tusk|Great Tusk|100/100
|turn|1
|
|t:|1776032963
|-end|p2a: Great Tusk|Protosynthesis|[silent]
|switch|p2a: Hatterene|Hatterene, F|100/100
|move|p1a: 6RACKSONMYWRISTS|Psychic Noise|p2a: Hatterene
|-resisted|p2a: Hatterene
|-damage|p2a: Hatterene|79/100
|-start|p2a: Hatterene|move: Heal Block
|-enditem|p2a: Hatterene|Eject Button
|
|t:|1776032972
|switch|p2a: Ninetales|Ninetales, F|100/100
|-weather|SunnyDay|[from] ability: Drought|[of] p2a: Ninetales
|
|-weather|SunnyDay|[upkeep]
|upkeep
|turn|2
|
|t:|1776032982
|switch|p2a: Sandy Shocks|Sandy Shocks|100/100
|-activate|p2a: Sandy Shocks|ability: Protosynthesis
|-start|p2a: Sandy Shocks|protosynthesisspe
|move|p1a: 6RACKSONMYWRISTS|Knock Off|p2a: Sandy Shocks
|-damage|p2a: Sandy Shocks|32/100
|-enditem|p2a: Sandy Shocks|Choice Specs|[from] move: Knock Off|[of] p1a: 6RACKSONMYWRISTS
|
|-weather|SunnyDay|[upkeep]
|upkeep
|turn|3
|
|t:|1776032993
|move|p2a: Sandy Shocks|Discharge|p1a: 6RACKSONMYWRISTS
|-damage|p1a: 6RACKSONMYWRISTS|72/100
|move|p1a: 6RACKSONMYWRISTS|Knock Off|p2a: Sandy Shocks
|-damage|p2a: Sandy Shocks|0 fnt
|faint|p2a: Sandy Shocks
|-end|p2a: Sandy Shocks|Protosynthesis|[silent]
|
|-weather|SunnyDay|[upkeep]
|-heal|p1a: 6RACKSONMYWRISTS|78/100|[from] item: Leftovers
|upkeep
|
|t:|1776033014
|switch|p2a: Lilligant|Lilligant-Hisui, F|100/100
|turn|4
|inactive|sv gurt has 120 seconds left.
|
|t:|1776033053
|move|p2a: Lilligant|Solar Blade||[still]
|-prepare|p2a: Lilligant|Solar Blade
|-anim|p2a: Lilligant|Solar Blade|p1a: 6RACKSONMYWRISTS
|-damage|p1a: 6RACKSONMYWRISTS|0 fnt
|faint|p1a: 6RACKSONMYWRISTS
|-damage|p2a: Lilligant|91/100|[from] item: Life Orb
|
|-weather|SunnyDay|[upkeep]
|upkeep
|
|t:|1776033061
|switch|p1a: kuwaiti bomb squad|Scizor, F|100/100
|turn|5
|inactive|sv gurt has 120 seconds left.
|
|t:|1776033066
|switch|p2a: Great Tusk|Great Tusk|100/100
|-activate|p2a: Great Tusk|ability: Protosynthesis
|-start|p2a: Great Tusk|protosynthesisatk
|move|p1a: kuwaiti bomb squad|Close Combat|p2a: Great Tusk
|-damage|p2a: Great Tusk|65/100
|-unboost|p1a: kuwaiti bomb squad|def|1
|-unboost|p1a: kuwaiti bomb squad|spd|1
|
|-weather|SunnyDay|[upkeep]
|upkeep
|turn|6
|
|t:|1776033079
|switch|p1a: SWAGGED OFF A PILL|Dragapult, M|100/100
|move|p2a: Great Tusk|Headlong Rush|p1a: SWAGGED OFF A PILL
|-enditem|p1a: SWAGGED OFF A PILL|Focus Sash
|-damage|p1a: SWAGGED OFF A PILL|1/100
|-unboost|p2a: Great Tusk|def|1
|-unboost|p2a: Great Tusk|spd|1
|
|-weather|SunnyDay|[upkeep]
|upkeep
|turn|7
|j| SaberSerenity
|inactive|sv gurt has 120 seconds left.
|
|t:|1776033102
|-end|p2a: Great Tusk|Protosynthesis|[silent]
|switch|p2a: Hatterene|Hatterene, F|79/100
|move|p1a: SWAGGED OFF A PILL|Draco Meteor|p2a: Hatterene
|-immune|p2a: Hatterene
|
|-weather|SunnyDay|[upkeep]
|upkeep
|turn|8
|
|t:|1776033111
|move|p1a: SWAGGED OFF A PILL|Hex|p2a: Hatterene
|-supereffective|p2a: Hatterene
|-damage|p2a: Hatterene|18/100
|move|p2a: Hatterene|Mystical Fire|p1a: SWAGGED OFF A PILL
|-resisted|p1a: SWAGGED OFF A PILL
|-damage|p1a: SWAGGED OFF A PILL|0 fnt
|faint|p1a: SWAGGED OFF A PILL
|
|-weather|none
|upkeep
|
|t:|1776033122
|switch|p1a: ROTTEN $AM|Samurott-Hisui, M|100/100
|turn|9
|
|t:|1776033127
|move|p1a: ROTTEN $AM|Ceaseless Edge|p2a: Hatterene
|-damage|p2a: Hatterene|0 fnt
|-sidestart|p2: mortardom|Spikes
|faint|p2a: Hatterene
|
|upkeep
|
|t:|1776033134
|switch|p2a: Great Tusk|Great Tusk|65/100
|turn|10
|inactive|sv gurt has 120 seconds left.
|
|t:|1776033165
|move|p2a: Great Tusk|Rapid Spin|p1a: ROTTEN $AM
|-damage|p1a: ROTTEN $AM|79/100
|-boost|p2a: Great Tusk|spe|1
|-sideend|p2: mortardom|Spikes|[from] move: Rapid Spin|[of] p2a: Great Tusk
|move|p1a: ROTTEN $AM|Razor Shell|p2a: Great Tusk
|-supereffective|p2a: Great Tusk
|-damage|p2a: Great Tusk|0 fnt
|faint|p2a: Great Tusk
|-end|p2a: Great Tusk|Protosynthesis|[silent]
|
|upkeep
|
|t:|1776033174
|switch|p2a: Lilligant|Lilligant-Hisui, F|91/100
|turn|11
|inactive|sv gurt has 120 seconds left.
|
|t:|1776033196
|switch|p1a: kuwaiti bomb squad|Scizor, F|100/100
|move|p2a: Lilligant|Close Combat|p1a: kuwaiti bomb squad
|-damage|p1a: kuwaiti bomb squad|15/100
|-unboost|p2a: Lilligant|def|1
|-unboost|p2a: Lilligant|spd|1
|-damage|p2a: Lilligant|81/100|[from] item: Life Orb
|
|upkeep
|turn|12
|
|t:|1776033206
|switch|p2a: Ninetales|Ninetales, F|100/100
|-weather|SunnyDay|[from] ability: Drought|[of] p2a: Ninetales
|move|p1a: kuwaiti bomb squad|Bullet Punch|p2a: Ninetales
|-resisted|p2a: Ninetales
|-damage|p2a: Ninetales|73/100
|
|-weather|SunnyDay|[upkeep]
|upkeep
|turn|13
|
|t:|1776033219
|switch|p2a: Lilligant|Lilligant-Hisui, F|81/100
|move|p1a: kuwaiti bomb squad|Bullet Punch|p2a: Lilligant
|-damage|p2a: Lilligant|19/100
|
|-weather|SunnyDay|[upkeep]
|upkeep
|turn|14
|
|t:|1776033227
|switch|p2a: Ninetales|Ninetales, F|73/100
|move|p1a: kuwaiti bomb squad|Bullet Punch|p2a: Ninetales
|-resisted|p2a: Ninetales
|-damage|p2a: Ninetales|48/100
|
|-weather|SunnyDay|[upkeep]
|upkeep
|turn|15
|
|t:|1776033237
|move|p1a: kuwaiti bomb squad|Bullet Punch|p2a: Ninetales
|-resisted|p2a: Ninetales
|-damage|p2a: Ninetales|20/100
|move|p2a: Ninetales|Weather Ball|p1a: kuwaiti bomb squad
|-supereffective|p1a: kuwaiti bomb squad
|-damage|p1a: kuwaiti bomb squad|0 fnt
|faint|p1a: kuwaiti bomb squad
|
|-weather|SunnyDay|[upkeep]
|upkeep
|
|t:|1776033243
|switch|p1a: ROTTEN $AM|Samurott-Hisui, M|79/100
|turn|16
|
|t:|1776033248
|move|p2a: Ninetales|Healing Wish|p2a: Ninetales
|faint|p2a: Ninetales
|move|p1a: ROTTEN $AM|Ceaseless Edge|p2: Ninetales|[notarget]
|-fail|p1a: ROTTEN $AM
|
|-weather|SunnyDay|[upkeep]
|upkeep
|
|t:|1776033255
|switch|p2a: Lilligant|Lilligant-Hisui, F|19/100
|-heal|p2a: Lilligant|100/100|[from] move: Healing Wish
|turn|17
|
|t:|1776033260
|move|p2a: Lilligant|Solar Blade||[still]
|-prepare|p2a: Lilligant|Solar Blade
|-anim|p2a: Lilligant|Solar Blade|p1a: ROTTEN $AM
|-supereffective|p1a: ROTTEN $AM
|-crit|p1a: ROTTEN $AM
|-damage|p1a: ROTTEN $AM|0 fnt
|faint|p1a: ROTTEN $AM
|-damage|p2a: Lilligant|91/100|[from] item: Life Orb
|
|-weather|SunnyDay|[upkeep]
|upkeep
|
|t:|1776033263
|switch|p1a: JOHNNY P. CASH|Kingambit, M|100/100
|-activate|p1a: JOHNNY P. CASH|ability: Supreme Overlord
|-start|p1a: JOHNNY P. CASH|fallen4|[silent]
|turn|18
|
|t:|1776033273
|-terastallize|p1a: JOHNNY P. CASH|Fairy
|move|p2a: Lilligant|Solar Blade||[still]
|-prepare|p2a: Lilligant|Solar Blade
|-anim|p2a: Lilligant|Solar Blade|p1a: JOHNNY P. CASH
|-damage|p1a: JOHNNY P. CASH|41/100
|-damage|p2a: Lilligant|81/100|[from] item: Life Orb
|move|p1a: JOHNNY P. CASH|Tera Blast|p2a: Lilligant|[anim] Tera Blast Fairy
|-supereffective|p2a: Lilligant
|-damage|p2a: Lilligant|0 fnt
|faint|p2a: Lilligant
|
|-weather|SunnyDay|[upkeep]
|-heal|p1a: JOHNNY P. CASH|47/100|[from] item: Leftovers
|upkeep
|
|t:|1776033287
|switch|p2a: Walking Wake|Walking Wake|100/100
|-activate|p2a: Walking Wake|ability: Protosynthesis
|-start|p2a: Walking Wake|protosynthesisspe
|turn|19
|
|t:|1776033293
|move|p1a: JOHNNY P. CASH|Sucker Punch|p2a: Walking Wake
|-damage|p2a: Walking Wake|38/100
|move|p2a: Walking Wake|Hydro Steam|p1a: JOHNNY P. CASH
|-damage|p1a: JOHNNY P. CASH|0 fnt
|faint|p1a: JOHNNY P. CASH
|-end|p1a: JOHNNY P. CASH|fallen4|[silent]
|
|-weather|none
|-end|p2a: Walking Wake|Protosynthesis
|upkeep
|
|t:|1776033295
|switch|p1a: SIR T. FOCUS XVI|Dragonite, M|100/100
|turn|20
|
|t:|1776033303
|-terastallize|p2a: Walking Wake|Water
|move|p1a: SIR T. FOCUS XVI|Extreme Speed|p2a: Walking Wake
|-damage|p2a: Walking Wake|0 fnt
|faint|p2a: Walking Wake
|-end|p2a: Walking Wake|Protosynthesis|[silent]
|-damage|p1a: SIR T. FOCUS XVI|91/100|[from] item: Life Orb
|
|win|sv gurt
|raw|sv gurt's rating: 1806 &rarr; <strong>1821</strong><br />(+15 for winning)
|raw|mortardom's rating: 1720 &rarr; <strong>1705</strong><br />(-15 for losing)
|l|☆mortardom
|player|p2|
|l|☆sv gurt
|player|p1|
