|html|<div class="broadcast-blue"><strong>[Gen 9] OU is currently suspecting Tera Blast! For information on how to participate check out the <a href="https://www.smogon.com/tools/suspects/view/200">suspect thread</a>.</strong></div>
|j|☆Guccihelicopter
|j|☆dorkychicken11
|t:|1776112105
|gametype|singles
|player|p1|Guccihelicopter|2|1105
|player|p2|dorkychicken11|wattson|1084
|gen|9
|tier|[Gen 9] OU
|rated|
|rule|HP Percentage Mod: HP is shown in percentages
|rule|Endless Battle Clause: Forcing endless battles is banned
|rule|Species Clause: Limit one of each Pokémon
|rule|OHKO Clause: OHKO moves are banned
|rule|Evasion Items Clause: Evasion items are banned
|rule|Evasion Moves Clause: Evasion moves are banned
|rule|Evasion Abilities Clause: Evasion abilities are banned
|rule|Sleep Moves Clause: Sleep-inducing moves are banned
|clearpoke
|poke|p1|Iron Treads|
|poke|p1|Pelipper, F|
|poke|p1|Kingdra, F|
|poke|p1|Rillaboom, F|
|poke|p1|Basculegion, M|
|poke|p1|Raging Bolt|
|poke|p2|Whiscash, M|
|poke|p2|Salamence, M|
|poke|p2|Magnezone|
|poke|p2|Wugtrio, F|
|poke|p2|Quaquaval, M|
|poke|p2|Mismagius, F|
|teampreview
|inactive|Battle timer is ON: inactive players will automatically lose when time's up. (requested by dorkychicken11)
|
|t:|1776112117
|teamsize|p1|6
|teamsize|p2|6
|start
|switch|p1a: Iron Treads|Iron Treads|100/100
|switch|p2a: Zesty Boy|Quaquaval, M, shiny|100/100
|-enditem|p1a: Iron Treads|Booster Energy
|-activate|p1a: Iron Treads|ability: Quark Drive|[fromitem]
|-start|p1a: Iron Treads|quarkdrivespe
|turn|1
|
|t:|1776112124
|move|p1a: Iron Treads|Stealth Rock|p2a: Zesty Boy
|-sidestart|p2: dorkychicken11|move: Stealth Rock
|move|p2a: Zesty Boy|Aqua Step|p1a: Iron Treads
|-supereffective|p1a: Iron Treads
|-crit|p1a: Iron Treads
|-damage|p1a: Iron Treads|0 fnt
|-boost|p2a: Zesty Boy|spe|1
|faint|p1a: Iron Treads
|-end|p1a: Iron Treads|Quark Drive|[silent]
|-ability|p2a: Zesty Boy|Moxie|boost
|-boost|p2a: Zesty Boy|atk|1
|
|upkeep
|
|t:|1776112129
|switch|p1a: Raging Bolt|Raging Bolt|100/100
|turn|2
|
|t:|1776112139
|move|p1a: Raging Bolt|Thunderclap|p2a: Zesty Boy
|-supereffective|p2a: Zesty Boy
|-damage|p2a: Zesty Boy|0 fnt
|faint|p2a: Zesty Boy
|
|upkeep
|
|t:|1776112147
|switch|p2a: Welsar|Whiscash, M, shiny|100/100
|-damage|p2a: Welsar|94/100|[from] Stealth Rock
|turn|3
|
|t:|1776112154
|-end|p1a: Raging Bolt|Protosynthesis|[silent]
|switch|p1a: Pelipper|Pelipper, F|100/100
|-weather|RainDance|[from] ability: Drizzle|[of] p1a: Pelipper
|move|p2a: Welsar|Dragon Dance|p2a: Welsar
|-boost|p2a: Welsar|atk|1
|-boost|p2a: Welsar|spe|1
|
|-weather|RainDance|[upkeep]
|upkeep
|turn|4
|
|t:|1776112168
|move|p2a: Welsar|Outrage|p1a: Pelipper
|-damage|p1a: Pelipper|55/100
|-damage|p2a: Welsar|84/100|[from] item: Life Orb
|move|p1a: Pelipper|U-turn|p2a: Welsar
|-damage|p2a: Welsar|75/100
|
|t:|1776112177
|switch|p1a: Basculegion|Basculegion, M|100/100|[from] U-turn
|
|-weather|RainDance|[upkeep]
|upkeep
|turn|5
|
|t:|1776112181
|move|p1a: Basculegion|Wave Crash|p2a: Welsar
|-damage|p2a: Welsar|0 fnt
|faint|p2a: Welsar
|-damage|p1a: Basculegion|77/100|[from] Recoil
|
|-weather|RainDance|[upkeep]
|upkeep
|
|t:|1776112191
|switch|p2a: Abigail|Wugtrio, F|100/100
|-damage|p2a: Abigail|88/100|[from] Stealth Rock
|turn|6
|
|t:|1776112197
|move|p1a: Basculegion|Wave Crash|p2a: Abigail
|-resisted|p2a: Abigail
|-damage|p2a: Abigail|0 fnt
|-ability|p2a: Abigail|Gooey
|-unboost|p1a: Basculegion|spe|1
|faint|p2a: Abigail
|-damage|p1a: Basculegion|61/100|[from] Recoil
|
|-weather|RainDance|[upkeep]
|upkeep
|
|t:|1776112207
|switch|p2a: Tom|Magnezone|100/100
|-damage|p2a: Tom|94/100|[from] Stealth Rock
|-item|p2a: Tom|Air Balloon
|turn|7
|
|t:|1776112211
|move|p1a: Basculegion|Wave Crash|p2a: Tom
|-damage|p2a: Tom|0 fnt
|-enditem|p2a: Tom|Air Balloon
|faint|p2a: Tom
|-damage|p1a: Basculegion|39/100|[from] Recoil
|
|-weather|RainDance|[upkeep]
|upkeep
|
|t:|1776112224
|switch|p2a: MisGOAT|Mismagius, F|100/100
|-damage|p2a: MisGOAT|88/100|[from] Stealth Rock
|turn|8
|
|t:|1776112229
|move|p1a: Basculegion|Wave Crash|p2a: MisGOAT
|-damage|p2a: MisGOAT|0 fnt
|faint|p2a: MisGOAT
|-damage|p1a: Basculegion|19/100|[from] Recoil
|
|-weather|RainDance|[upkeep]
|upkeep
|
|t:|1776112235
|switch|p2a: Kitan|Salamence, M|100/100
|-damage|p2a: Kitan|75/100|[from] Stealth Rock
|turn|9
|
|t:|1776112245
|-terastallize|p2a: Kitan|Dragon
|move|p2a: Kitan|Dual Wingbeat|p1a: Basculegion|[miss]
|-miss|p2a: Kitan|p1a: Basculegion
|move|p1a: Basculegion|Wave Crash|p2a: Kitan
|-resisted|p2a: Kitan
|-damage|p2a: Kitan|0 fnt
|faint|p2a: Kitan
|-damage|p1a: Basculegion|0 fnt|[from] Recoil
|faint|p1a: Basculegion
|
|win|Guccihelicopter
|raw|Guccihelicopter's rating: 1105 &rarr; <strong>1128</strong><br />(+23 for winning)
|raw|dorkychicken11's rating: 1084 &rarr; <strong>1063</strong><br />(-21 for losing)
|l|☆dorkychicken11
|player|p2|
|l|☆Guccihelicopter
|player|p1|
