|html|<div class="broadcast-blue"><strong>[Gen 9] OU is currently suspecting Tera Blast! For information on how to participate check out the <a href="https://www.smogon.com/tools/suspects/view/200">suspect thread</a>.</strong></div>
|j|☆Gregorio Serrao
|j|☆vzn.exe
|t:|1776079476
|gametype|singles
|player|p1|Gregorio Serrao|102|1365
|player|p2|vzn.exe|lusamine-nihilego|1399
|gen|9
|tier|[Gen 9] OU
|rated|
|rule|HP Percentage Mod: HP is shown in percentages
|rule|Endless Battle Clause: Forcing endless battles is banned
|rule|Species Clause: Limit one of each Pokémon
|rule|OHKO Clause: OHKO moves are banned
|rule|Evasion Items Clause: Evasion items are banned
|rule|Evasion Moves Clause: Evasion moves are banned
|rule|Evasion Abilities Clause: Evasion abilities are banned
|rule|Sleep Moves Clause: Sleep-inducing moves are banned
|clearpoke
|poke|p1|Landorus-Therian, M|
|poke|p1|Skarmory, F|
|poke|p1|Darkrai|
|poke|p1|Zamazenta-*|
|poke|p1|Garganacl, M|
|poke|p1|Kingambit, F|
|poke|p2|Kyurem|
|poke|p2|Cinderace, M|
|poke|p2|Tornadus-Therian, M|
|poke|p2|Hatterene, F|
|poke|p2|Great Tusk|
|poke|p2|Kingambit, F|
|teampreview
|
|t:|1776079495
|teamsize|p1|6
|teamsize|p2|6
|start
|switch|p1a: Landorus|Landorus-Therian, M|100/100
|switch|p2a: Kyurem|Kyurem|100/100
|-ability|p1a: Landorus|Intimidate|boost
|-unboost|p2a: Kyurem|atk|1
|-ability|p2a: Kyurem|Pressure
|turn|1
|inactive|Battle timer is ON: inactive players will automatically lose when time's up. (requested by vzn.exe)
|
|t:|1776079523
|switch|p1a: Garganacl|Garganacl, M|100/100
|move|p2a: Kyurem|Ice Beam|p1a: Garganacl
|-damage|p1a: Garganacl|53/100
|
|-heal|p1a: Garganacl|60/100|[from] item: Leftovers
|upkeep
|turn|2
|
|t:|1776079546
|switch|p2a: Great Tusk|Great Tusk|100/100
|-terastallize|p1a: Garganacl|Fairy
|move|p1a: Garganacl|Recover|p1a: Garganacl
|-heal|p1a: Garganacl|100/100
|
|upkeep
|turn|3
|
|t:|1776079562
|move|p2a: Great Tusk|Stealth Rock|p1a: Garganacl
|-sidestart|p1: Gregorio Serrao|move: Stealth Rock
|move|p1a: Garganacl|Salt Cure|p2a: Great Tusk
|-resisted|p2a: Great Tusk
|-damage|p2a: Great Tusk|98/100
|-start|p2a: Great Tusk|Salt Cure
|
|-damage|p2a: Great Tusk|86/100|[from] Salt Cure
|upkeep
|turn|4
|
|t:|1776079579
|-end|p2a: Great Tusk|Protosynthesis|[silent]
|switch|p2a: Hatterene|Hatterene, F|100/100
|move|p1a: Garganacl|Stealth Rock|p2a: Hatterene
|move|p2a: Hatterene|Stealth Rock||[from] ability: Magic Bounce|[still]
|-fail|p2a: Hatterene
|
|upkeep
|turn|5
|
|t:|1776079588
|move|p2a: Hatterene|Psychic Noise|p1a: Garganacl
|-damage|p1a: Garganacl|76/100
|-start|p1a: Garganacl|move: Heal Block
|move|p1a: Garganacl|Salt Cure|p2a: Hatterene
|-damage|p2a: Hatterene|90/100
|-start|p2a: Hatterene|Salt Cure
|
|-heal|p2a: Hatterene|96/100|[from] item: Leftovers
|-damage|p2a: Hatterene|83/100|[from] Salt Cure
|upkeep
|turn|6
|inactive|Gregorio Serrao has 120 seconds left.
|
|t:|1776079623
|switch|p1a: Darkrai|Darkrai|100/100
|-damage|p1a: Darkrai|88/100|[from] Stealth Rock
|move|p2a: Hatterene|Draining Kiss|p1a: Darkrai
|-supereffective|p1a: Darkrai
|-damage|p1a: Darkrai|25/100
|-heal|p2a: Hatterene|100/100|[from] drain|[of] p1a: Darkrai
|
|-damage|p2a: Hatterene|88/100|[from] Salt Cure
|upkeep
|turn|7
|inactive|Gregorio Serrao has 120 seconds left.
|
|t:|1776079640
|switch|p2a: Kingambit|Kingambit, F|100/100
|move|p1a: Darkrai|Dark Pulse|p2a: Kingambit
|-resisted|p2a: Kingambit
|-damage|p2a: Kingambit|67/100
|
|-heal|p2a: Kingambit|73/100|[from] item: Leftovers
|upkeep
|turn|8
|inactive|Gregorio Serrao has 120 seconds left.
|
|t:|1776079657
|switch|p1a: Skarmory|Skarmory, F|100/100
|-damage|p1a: Skarmory|88/100|[from] Stealth Rock
|move|p2a: Kingambit|Sucker Punch||[still]
|-fail|p2a: Kingambit
|
|-heal|p1a: Skarmory|94/100|[from] item: Leftovers
|-heal|p2a: Kingambit|80/100|[from] item: Leftovers
|upkeep
|turn|9
|inactive|Gregorio Serrao has 120 seconds left.
|inactive|vzn.exe has 120 seconds left.
|
|t:|1776079674
|-end|p2a: Kingambit|fallenundefined|[silent]
|switch|p2a: Hatterene|Hatterene, F|88/100
|move|p1a: Skarmory|Spikes|p2a: Hatterene
|move|p2a: Hatterene|Spikes|p1a: Skarmory|[from] ability: Magic Bounce
|-sidestart|p1: Gregorio Serrao|Spikes
|
|-heal|p1a: Skarmory|99/100|[from] item: Leftovers
|-heal|p2a: Hatterene|94/100|[from] item: Leftovers
|upkeep
|turn|10
|inactive|vzn.exe has 120 seconds left.
|
|t:|1776079693
|switch|p1a: Garganacl|Garganacl, M, tera:Fairy|76/100
|-damage|p1a: Garganacl|64/100|[from] Stealth Rock
|-damage|p1a: Garganacl|51/100|[from] Spikes
|move|p2a: Hatterene|Draining Kiss|p1a: Garganacl
|-damage|p1a: Garganacl|36/100
|-heal|p2a: Hatterene|100/100|[from] drain|[of] p1a: Garganacl
|
|-heal|p1a: Garganacl|42/100|[from] item: Leftovers
|upkeep
|turn|11
|inactive|vzn.exe has 120 seconds left.
|
|t:|1776079704
|move|p2a: Hatterene|Psychic Noise|p1a: Garganacl
|-damage|p1a: Garganacl|20/100
|-start|p1a: Garganacl|move: Heal Block
|cant|p1a: Garganacl|move: Heal Block|Recover
|
|upkeep
|turn|12
|
|t:|1776079714
|move|p2a: Hatterene|Psychic Noise|p1a: Garganacl
|-damage|p1a: Garganacl|0 fnt
|faint|p1a: Garganacl
|
|upkeep
|
|t:|1776079720
|switch|p1a: Kingambit|Kingambit, F|100/100
|-damage|p1a: Kingambit|94/100|[from] Stealth Rock
|-damage|p1a: Kingambit|82/100|[from] Spikes
|-activate|p1a: Kingambit|ability: Supreme Overlord
|-start|p1a: Kingambit|fallen1|[silent]
|turn|13
|
|t:|1776079737
|switch|p2a: Great Tusk|Great Tusk|86/100
|move|p1a: Kingambit|Swords Dance|p1a: Kingambit
|-boost|p1a: Kingambit|atk|2
|
|-heal|p1a: Kingambit|88/100|[from] item: Leftovers
|upkeep
|turn|14
|inactive|vzn.exe has 120 seconds left.
|
|t:|1776079754
|-end|p1a: Kingambit|fallen1|[silent]
|switch|p1a: Skarmory|Skarmory, F|99/100
|-damage|p1a: Skarmory|88/100|[from] Stealth Rock
|move|p2a: Great Tusk|Headlong Rush|p1a: Skarmory
|-immune|p1a: Skarmory
|
|-heal|p1a: Skarmory|94/100|[from] item: Leftovers
|upkeep
|turn|15
|inactive|vzn.exe has 120 seconds left.
|
|t:|1776079771
|-end|p2a: Great Tusk|Protosynthesis|[silent]
|switch|p2a: Hatterene|Hatterene, F|100/100
|move|p1a: Skarmory|Body Press|p2a: Hatterene
|-resisted|p2a: Hatterene
|-damage|p2a: Hatterene|94/100
|
|-heal|p1a: Skarmory|99/100|[from] item: Leftovers
|-heal|p2a: Hatterene|99/100|[from] item: Leftovers
|upkeep
|turn|16
|inactive|vzn.exe has 120 seconds left.
|
|t:|1776079790
|switch|p1a: Darkrai|Darkrai|25/100
|-damage|p1a: Darkrai|13/100|[from] Stealth Rock
|-damage|p1a: Darkrai|0 fnt|[from] Spikes
|faint|p1a: Darkrai
|move|p2a: Hatterene|Draining Kiss|p1: Darkrai|[notarget]
|-fail|p2a: Hatterene
|
|-heal|p2a: Hatterene|100/100|[from] item: Leftovers
|upkeep
|
|t:|1776079806
|switch|p1a: Landorus|Landorus-Therian, M|100/100
|-damage|p1a: Landorus|88/100|[from] Stealth Rock
|-ability|p1a: Landorus|Intimidate|boost
|-unboost|p2a: Hatterene|atk|1
|turn|17
|inactive|vzn.exe has 120 seconds left.
|
|t:|1776079823
|move|p1a: Landorus|U-turn|p2a: Hatterene
|-damage|p2a: Hatterene|78/100
|
|t:|1776079828
|switch|p1a: Skarmory|Skarmory, F|99/100|[from] U-turn
|-damage|p1a: Skarmory|88/100|[from] Stealth Rock
|move|p2a: Hatterene|Draining Kiss|p1a: Skarmory
|-resisted|p1a: Skarmory
|-damage|p1a: Skarmory|73/100
|-heal|p2a: Hatterene|90/100|[from] drain|[of] p1a: Skarmory
|
|-heal|p1a: Skarmory|79/100|[from] item: Leftovers
|-heal|p2a: Hatterene|96/100|[from] item: Leftovers
|upkeep
|turn|18
|inactive|vzn.exe has 120 seconds left.
|
|t:|1776079847
|move|p1a: Skarmory|Roost|p1a: Skarmory
|-heal|p1a: Skarmory|100/100
|-singleturn|p1a: Skarmory|move: Roost
|move|p2a: Hatterene|Nuzzle|p1a: Skarmory
|-damage|p1a: Skarmory|99/100
|-status|p1a: Skarmory|par
|
|-heal|p2a: Hatterene|100/100|[from] item: Leftovers
|-heal|p1a: Skarmory|100/100 par|[from] item: Leftovers
|upkeep
|turn|19
|
|t:|1776079859
|switch|p1a: Landorus|Landorus-Therian, M|88/100
|-damage|p1a: Landorus|76/100|[from] Stealth Rock
|-ability|p1a: Landorus|Intimidate|boost
|-unboost|p2a: Hatterene|atk|1
|move|p2a: Hatterene|Draining Kiss|p1a: Landorus
|-damage|p1a: Landorus|46/100
|
|upkeep
|turn|20
|inactive|vzn.exe has 120 seconds left.
|
|t:|1776079876
|move|p1a: Landorus|Earthquake|p2a: Hatterene
|-damage|p2a: Hatterene|55/100
|move|p2a: Hatterene|Draining Kiss|p1a: Landorus
|-damage|p1a: Landorus|16/100
|-heal|p2a: Hatterene|77/100|[from] drain|[of] p1a: Landorus
|
|-heal|p2a: Hatterene|83/100|[from] item: Leftovers
|upkeep
|turn|21
|
|t:|1776079893
|move|p1a: Landorus|Earthquake|p2a: Hatterene
|-damage|p2a: Hatterene|39/100
|move|p2a: Hatterene|Draining Kiss|p1a: Landorus
|-damage|p1a: Landorus|0 fnt
|-heal|p2a: Hatterene|50/100|[from] drain|[of] p1a: Landorus
|faint|p1a: Landorus
|
|-heal|p2a: Hatterene|56/100|[from] item: Leftovers
|upkeep
|
|t:|1776079904
|switch|p1a: Kingambit|Kingambit, F|88/100
|-damage|p1a: Kingambit|82/100|[from] Stealth Rock
|-damage|p1a: Kingambit|70/100|[from] Spikes
|-activate|p1a: Kingambit|ability: Supreme Overlord
|-start|p1a: Kingambit|fallen3|[silent]
|turn|22
|
|t:|1776079921
|switch|p2a: Great Tusk|Great Tusk|86/100
|move|p1a: Kingambit|Iron Head|p2a: Great Tusk
|-damage|p2a: Great Tusk|50/100
|-damage|p1a: Kingambit|53/100|[from] item: Rocky Helmet|[of] p2a: Great Tusk
|
|-heal|p1a: Kingambit|59/100|[from] item: Leftovers
|upkeep
|turn|23
|
|t:|1776079940
|-end|p1a: Kingambit|fallen3|[silent]
|switch|p1a: Skarmory|Skarmory, F|100/100 par
|-damage|p1a: Skarmory|88/100 par|[from] Stealth Rock
|move|p2a: Great Tusk|Headlong Rush|p1a: Skarmory
|-immune|p1a: Skarmory
|
|-heal|p1a: Skarmory|94/100 par|[from] item: Leftovers
|upkeep
|turn|24
|inactive|Gregorio Serrao has 120 seconds left.
|
|t:|1776079956
|-end|p2a: Great Tusk|Protosynthesis|[silent]
|switch|p2a: Tornadus|Tornadus-Therian, M|100/100
|move|p1a: Skarmory|Body Press|p2a: Tornadus
|-resisted|p2a: Tornadus
|-damage|p2a: Tornadus|82/100
|
|-heal|p1a: Skarmory|99/100 par|[from] item: Leftovers
|upkeep
|turn|25
|
|t:|1776079966
|move|p2a: Tornadus|Heat Wave|p1a: Skarmory
|-supereffective|p1a: Skarmory
|-crit|p1a: Skarmory
|-damage|p1a: Skarmory|0 fnt
|faint|p1a: Skarmory
|
|upkeep
|
|t:|1776079972
|switch|p1a: Kingambit|Kingambit, F|59/100
|-damage|p1a: Kingambit|53/100|[from] Stealth Rock
|-damage|p1a: Kingambit|41/100|[from] Spikes
|-activate|p1a: Kingambit|ability: Supreme Overlord
|-start|p1a: Kingambit|fallen4|[silent]
|turn|26
|inactive|Gregorio Serrao has 120 seconds left.
|
|t:|1776079991
|move|p2a: Tornadus|Heat Wave|p1a: Kingambit
|-supereffective|p1a: Kingambit
|-damage|p1a: Kingambit|0 fnt
|faint|p1a: Kingambit
|-end|p1a: Kingambit|fallen4|[silent]
|
|upkeep
|
|t:|1776079996
|switch|p1a: Zamazenta|Zamazenta|100/100
|-damage|p1a: Zamazenta|94/100|[from] Stealth Rock
|-damage|p1a: Zamazenta|82/100|[from] Spikes
|-ability|p1a: Zamazenta|Dauntless Shield|boost
|-boost|p1a: Zamazenta|def|1
|turn|27
|inactive|Gregorio Serrao has 120 seconds left.
|
|t:|1776080012
|move|p1a: Zamazenta|Iron Defense|p1a: Zamazenta
|-boost|p1a: Zamazenta|def|2
|move|p2a: Tornadus|Bleakwind Storm|p1a: Zamazenta|[miss]
|-miss|p2a: Tornadus|p1a: Zamazenta
|
|upkeep
|turn|28
|inactive|Gregorio Serrao has 120 seconds left.
|
|t:|1776080028
|move|p1a: Zamazenta|Body Press|p2a: Tornadus
|-resisted|p2a: Tornadus
|-damage|p2a: Tornadus|28/100
|move|p2a: Tornadus|Bleakwind Storm|p1a: Zamazenta
|-supereffective|p1a: Zamazenta
|-damage|p1a: Zamazenta|17/100
|
|upkeep
|turn|29
|
|t:|1776080045
|switch|p2a: Hatterene|Hatterene, F|56/100
|move|p1a: Zamazenta|Rest|p1a: Zamazenta
|-status|p1a: Zamazenta|slp|[from] move: Rest
|-heal|p1a: Zamazenta|100/100 slp|[silent]
|-enditem|p1a: Zamazenta|Chesto Berry|[eat]
|-curestatus|p1a: Zamazenta|slp|[msg]
|
|-heal|p2a: Hatterene|62/100|[from] item: Leftovers
|upkeep
|turn|30
|
|t:|1776080058
|move|p1a: Zamazenta|Crunch|p2a: Hatterene
|-damage|p2a: Hatterene|43/100
|move|p2a: Hatterene|Psychic Noise|p1a: Zamazenta
|-supereffective|p1a: Zamazenta
|-damage|p1a: Zamazenta|35/100
|-start|p1a: Zamazenta|move: Heal Block
|
|-heal|p2a: Hatterene|49/100|[from] item: Leftovers
|upkeep
|turn|31
|
|t:|1776080069
|move|p1a: Zamazenta|Body Press|p2a: Hatterene
|-resisted|p2a: Hatterene
|-damage|p2a: Hatterene|28/100
|move|p2a: Hatterene|Draining Kiss|p1a: Zamazenta
|-supereffective|p1a: Zamazenta
|-damage|p1a: Zamazenta|0 fnt
|-heal|p2a: Hatterene|55/100|[from] drain|[of] p1a: Zamazenta
|faint|p1a: Zamazenta
|
|win|vzn.exe
|raw|Gregorio Serrao's rating: 1365 &rarr; <strong>1347</strong><br />(-18 for losing)
|raw|vzn.exe's rating: 1399 &rarr; <strong>1417</strong><br />(+18 for winning)
