|html|<div class="broadcast-blue"><strong>[Gen 9] OU is currently suspecting Tera Blast! For information on how to participate check out the <a href="https://www.smogon.com/tools/suspects/view/200">suspect thread</a>.</strong></div>
|j|☆enigma96
|j|☆punjabpakistan
|t:|1776035565
|gametype|singles
|player|p1|enigma96|jogger|1177
|player|p2|punjabpakistan|265|1186
|gen|9
|tier|[Gen 9] OU
|rated|
|rule|HP Percentage Mod: HP is shown in percentages
|rule|Endless Battle Clause: Forcing endless battles is banned
|rule|Species Clause: Limit one of each Pokémon
|rule|OHKO Clause: OHKO moves are banned
|rule|Evasion Items Clause: Evasion items are banned
|rule|Evasion Moves Clause: Evasion moves are banned
|rule|Evasion Abilities Clause: Evasion abilities are banned
|rule|Sleep Moves Clause: Sleep-inducing moves are banned
|clearpoke
|poke|p1|Incineroar, M|
|poke|p1|Meowscarada, M|
|poke|p1|Luxray, M|
|poke|p1|Espeon, M|
|poke|p1|Pyroar, M|
|poke|p1|Persian-Alola, M|
|poke|p2|Toxapex, F|
|poke|p2|Glimmora, F|
|poke|p2|Gholdengo|
|poke|p2|Great Tusk|
|poke|p2|Hydreigon, M|
|poke|p2|Corviknight, F|
|teampreview
|inactive|Battle timer is ON: inactive players will automatically lose when time's up. (requested by enigma96)
|
|t:|1776035575
|teamsize|p1|6
|teamsize|p2|6
|start
|switch|p1a: Meowscarada|Meowscarada, M, shiny|100/100
|switch|p2a: Glimmora|Glimmora, F|100/100
|turn|1
|
|t:|1776035582
|switch|p1a: Espeon|Espeon, M|100/100
|move|p2a: Glimmora|Toxic Spikes|p1a: Espeon
|move|p1a: Espeon|Toxic Spikes|p2a: Glimmora|[from] ability: Magic Bounce
|-sidestart|p2: punjabpakistan|move: Toxic Spikes
|
|upkeep
|turn|2
|
|t:|1776035597
|switch|p2a: Toxapex|Toxapex, F|100/100
|-sideend|p2: punjabpakistan|move: Toxic Spikes|[of] p2a: Toxapex
|move|p1a: Espeon|Alluring Voice|p2a: Toxapex
|-resisted|p2a: Toxapex
|-damage|p2a: Toxapex|84/100
|
|-heal|p2a: Toxapex|90/100|[from] item: Black Sludge
|upkeep
|turn|3
|
|t:|1776035607
|switch|p1a: Persian|Persian-Alola, M, shiny|100/100
|move|p2a: Toxapex|Toxic|p1a: Persian
|-status|p1a: Persian|tox
|
|-heal|p2a: Toxapex|96/100|[from] item: Black Sludge
|-damage|p1a: Persian|95/100 tox|[from] psn
|upkeep
|turn|4
|
|t:|1776035617
|switch|p1a: Espeon|Espeon, M|100/100
|move|p2a: Toxapex|Baneful Bunker||[still]
|-fail|p2a: Toxapex
|
|-heal|p2a: Toxapex|100/100|[from] item: Black Sludge
|upkeep
|turn|5
|
|t:|1776035625
|move|p1a: Espeon|Psychic|p2a: Toxapex
|-supereffective|p2a: Toxapex
|-damage|p2a: Toxapex|0 fnt
|faint|p2a: Toxapex
|
|upkeep
|
|t:|1776035633
|switch|p2a: Hydreigon|Hydreigon, M|100/100
|turn|6
|
|t:|1776035639
|switch|p1a: Pyroar|Pyroar, M|100/100
|-ability|p1a: Pyroar|Unnerve
|move|p2a: Hydreigon|Dark Pulse|p1a: Pyroar
|-damage|p1a: Pyroar|43/100
|
|upkeep
|turn|7
|
|t:|1776035647
|move|p1a: Pyroar|Hyper Voice|p2a: Hydreigon
|-damage|p2a: Hydreigon|50/100
|move|p2a: Hydreigon|Dark Pulse|p1a: Pyroar
|-damage|p1a: Pyroar|0 fnt
|faint|p1a: Pyroar
|
|upkeep
|
|t:|1776035657
|switch|p1a: Meowscarada|Meowscarada, M, shiny|100/100
|turn|8
|
|t:|1776035674
|switch|p1a: Persian|Persian-Alola, M, shiny|95/100 tox
|switch|p2a: Corviknight|Corviknight, F|100/100
|-ability|p2a: Corviknight|Pressure
|
|-damage|p1a: Persian|89/100 tox|[from] psn
|upkeep
|turn|9
|
|t:|1776035683
|move|p1a: Persian|Taunt|p2a: Corviknight
|-start|p2a: Corviknight|move: Taunt
|move|p2a: Corviknight|U-turn|p1a: Persian
|-supereffective|p1a: Persian
|-damage|p1a: Persian|63/100 tox
|-damage|p2a: Corviknight|84/100|[from] item: Rocky Helmet|[of] p1a: Persian
|
|t:|1776035689
|switch|p2a: Great Tusk|Great Tusk|100/100|[from] U-turn
|
|-damage|p1a: Persian|51/100 tox|[from] psn
|upkeep
|turn|10
|inactive|enigma96 has 120 seconds left.
|
|t:|1776035731
|switch|p1a: Espeon|Espeon, M|100/100
|move|p2a: Great Tusk|Earthquake|p1a: Espeon
|-damage|p1a: Espeon|17/100
|
|upkeep
|turn|11
|
|t:|1776035739
|move|p1a: Espeon|Alluring Voice|p2a: Great Tusk
|-supereffective|p2a: Great Tusk
|-damage|p2a: Great Tusk|0 fnt
|faint|p2a: Great Tusk
|-end|p2a: Great Tusk|Protosynthesis|[silent]
|
|upkeep
|
|t:|1776035752
|switch|p2a: Hydreigon|Hydreigon, M|50/100
|turn|12
|inactive|enigma96 has 120 seconds left.
|
|t:|1776035766
|move|p1a: Espeon|Alluring Voice|p2a: Hydreigon
|-supereffective|p2a: Hydreigon
|-damage|p2a: Hydreigon|0 fnt
|faint|p2a: Hydreigon
|
|upkeep
|
|t:|1776035771
|switch|p2a: Corviknight|Corviknight, F|84/100
|-ability|p2a: Corviknight|Pressure
|turn|13
|inactive|enigma96 has 120 seconds left.
|inactive|enigma96 has 90 seconds left.
|
|t:|1776035818
|switch|p1a: Luxray|Luxray, M|100/100
|move|p2a: Corviknight|U-turn|p1a: Luxray
|-damage|p1a: Luxray|81/100
|
|t:|1776035825
|switch|p2a: Glimmora|Glimmora, F|100/100|[from] U-turn
|
|-status|p1a: Luxray|brn|[from] item: Flame Orb
|upkeep
|turn|14
|
|t:|1776035839
|switch|p1a: Persian|Persian-Alola, M, shiny|51/100 tox
|move|p2a: Glimmora|Power Gem|p1a: Persian
|-damage|p1a: Persian|0 fnt
|faint|p1a: Persian
|
|upkeep
|
|t:|1776035847
|switch|p1a: Espeon|Espeon, M|17/100
|turn|15
|
|t:|1776035856
|move|p1a: Espeon|Psychic|p2a: Glimmora
|-supereffective|p2a: Glimmora
|-enditem|p2a: Glimmora|Focus Sash
|-damage|p2a: Glimmora|1/100
|-unboost|p2a: Glimmora|spd|1
|move|p2a: Glimmora|Power Gem|p1a: Espeon
|-damage|p1a: Espeon|0 fnt
|faint|p1a: Espeon
|
|upkeep
|
|t:|1776035866
|switch|p1a: Luxray|Luxray, M|81/100 brn
|turn|16
|
|t:|1776035873
|move|p2a: Glimmora|Power Gem|p1a: Luxray
|-crit|p1a: Luxray
|-damage|p1a: Luxray|1/100 brn
|move|p1a: Luxray|Trailblaze|p2a: Glimmora
|-damage|p2a: Glimmora|0 fnt
|-boost|p1a: Luxray|spe|1
|-activate|p2a: Glimmora|ability: Toxic Debris
|-sidestart|p1: enigma96|move: Toxic Spikes
|faint|p2a: Glimmora
|
|-damage|p1a: Luxray|0 fnt|[from] brn
|faint|p1a: Luxray
|upkeep
|
|t:|1776035895
|switch|p2a: Corviknight|Corviknight, F|84/100
|switch|p1a: Incineroar|Incineroar, M, shiny|100/100
|-ability|p1a: Incineroar|Intimidate|boost
|-unboost|p2a: Corviknight|atk|1
|-ability|p2a: Corviknight|Pressure
|turn|17
|inactive|punjabpakistan has 120 seconds left.
|
|t:|1776035919
|-terastallize|p2a: Corviknight|Dragon
|move|p1a: Incineroar|Bulk Up|p1a: Incineroar
|-boost|p1a: Incineroar|atk|1
|-boost|p1a: Incineroar|def|1
|move|p2a: Corviknight|Brave Bird|p1a: Incineroar
|-damage|p1a: Incineroar|82/100
|-damage|p2a: Corviknight|79/100|[from] Recoil
|
|upkeep
|turn|18
|inactive|punjabpakistan has 120 seconds left.
|
|t:|1776035932
|move|p1a: Incineroar|Flame Charge|p2a: Corviknight
|-resisted|p2a: Corviknight
|-damage|p2a: Corviknight|67/100
|-boost|p1a: Incineroar|spe|1
|-damage|p1a: Incineroar|66/100|[from] item: Rocky Helmet|[of] p2a: Corviknight
|move|p2a: Corviknight|Brave Bird|p1a: Incineroar
|-damage|p1a: Incineroar|46/100
|-damage|p2a: Corviknight|62/100|[from] Recoil
|
|upkeep
|turn|19
|
|t:|1776035943
|move|p1a: Incineroar|Drain Punch|p2a: Corviknight
|-damage|p2a: Corviknight|40/100
|-heal|p1a: Incineroar|59/100|[from] drain|[of] p2a: Corviknight
|-damage|p1a: Incineroar|43/100|[from] item: Rocky Helmet|[of] p2a: Corviknight
|move|p2a: Corviknight|Brave Bird|p1a: Incineroar
|-damage|p1a: Incineroar|25/100
|-damage|p2a: Corviknight|35/100|[from] Recoil
|
|upkeep
|turn|20
|
|t:|1776035957
|move|p1a: Incineroar|Power Trip|p2a: Corviknight
|-damage|p2a: Corviknight|0 fnt
|-damage|p1a: Incineroar|8/100|[from] item: Rocky Helmet|[of] p2a: Corviknight
|faint|p2a: Corviknight
|
|upkeep
|
|t:|1776035964
|switch|p2a: Gholdengo|Gholdengo|100/100
|turn|21
|
|t:|1776035974
|move|p1a: Incineroar|Power Trip|p2a: Gholdengo
|-supereffective|p2a: Gholdengo
|-damage|p2a: Gholdengo|0 fnt
|faint|p2a: Gholdengo
|
|win|enigma96
|raw|enigma96's rating: 1177 &rarr; <strong>1203</strong><br />(+26 for winning)
|raw|punjabpakistan's rating: 1186 &rarr; <strong>1160</strong><br />(-26 for losing)
|l|☆punjabpakistan
|player|p2|
