|html|<div class="broadcast-blue"><strong>[Gen 9] OU is currently suspecting Tera Blast! For information on how to participate check out the <a href="https://www.smogon.com/tools/suspects/view/200">suspect thread</a>.</strong></div>
|j|☆darthhalcyon
|j|‽blooflazh
|t:|1776034979
|gametype|singles
|player|p1|darthhalcyon|unknown|1212
|player|p2|blooflazh|rood|1242
|gen|9
|tier|[Gen 9] OU
|rated|
|rule|HP Percentage Mod: HP is shown in percentages
|rule|Endless Battle Clause: Forcing endless battles is banned
|rule|Species Clause: Limit one of each Pokémon
|rule|OHKO Clause: OHKO moves are banned
|rule|Evasion Items Clause: Evasion items are banned
|rule|Evasion Moves Clause: Evasion moves are banned
|rule|Evasion Abilities Clause: Evasion abilities are banned
|rule|Sleep Moves Clause: Sleep-inducing moves are banned
|clearpoke
|poke|p1|Alomomola, M|
|poke|p1|Blissey, F|
|poke|p1|Pecharunt|
|poke|p1|Gliscor, F|
|poke|p1|Toxapex, M|
|poke|p1|Corviknight, F|
|poke|p2|Blaziken, F|
|poke|p2|Zapdos|
|poke|p2|Salamence, F|
|poke|p2|Mew|
|poke|p2|Cryogonal|
|poke|p2|Scizor, M|
|teampreview
|inactive|Battle timer is ON: inactive players will automatically lose when time's up. (requested by darthhalcyon)
|
|t:|1776034999
|teamsize|p1|6
|teamsize|p2|6
|start
|switch|p1a: Alomomola|Alomomola, M|100/100
|switch|p2a: Mew|Mew|100/100
|turn|1
|j| Simplyrowlet
|c|☆darthhalcyon|mb im kinda lagging
|
|t:|1776035016
|move|p2a: Mew|Dragon Dance|p2a: Mew
|-boost|p2a: Mew|atk|1
|-boost|p2a: Mew|spe|1
|move|p1a: Alomomola|Flip Turn|p2a: Mew
|-damage|p2a: Mew|84/100
|c| Simplyrowlet|Im scared of how much time is gonna get drained from me
|
|t:|1776035033
|switch|p1a: Pecharunt|Pecharunt|100/100|[from] Flip Turn
|
|-heal|p2a: Mew|90/100|[from] item: Leftovers
|upkeep
|turn|2
|inactive|blooflazh has 120 seconds left.
|c| Simplyrowlet|Halcyon plz lemme watch my yt in peace sob
|
|t:|1776035067
|move|p2a: Mew|Dragon Dance|p2a: Mew
|-boost|p2a: Mew|atk|1
|-boost|p2a: Mew|spe|1
|move|p1a: Pecharunt|Malignant Chain|p2a: Mew
|-damage|p2a: Mew|58/100
|
|-heal|p2a: Mew|64/100|[from] item: Leftovers
|upkeep
|turn|3
|inactive|darthhalcyon has 120 seconds left.
|l| Simplyrowlet
|c|☆darthhalcyon|bruh
|
|t:|1776035100
|-terastallize|p2a: Mew|Ground
|move|p2a: Mew|Earthquake|p1a: Pecharunt
|-supereffective|p1a: Pecharunt
|-damage|p1a: Pecharunt|6/100
|move|p1a: Pecharunt|Foul Play|p2a: Mew
|-damage|p2a: Mew|1/100
|
|-heal|p2a: Mew|7/100|[from] item: Leftovers
|upkeep
|turn|4
|c|☆darthhalcyon|r we srs
|
|t:|1776035113
|switch|p1a: Gliscor|Gliscor, F|100/100
|move|p2a: Mew|Ice Spinner|p1a: Gliscor
|-supereffective|p1a: Gliscor
|-damage|p1a: Gliscor|0 fnt
|faint|p1a: Gliscor
|
|-heal|p2a: Mew|13/100|[from] item: Leftovers
|upkeep
|j| Simplyrowlet
|
|t:|1776035123
|switch|p1a: Alomomola|Alomomola, M|100/100
|turn|5
|c| Simplyrowlet|Halcyon lock in
|
|t:|1776035134
|switch|p2a: Cryogonal|Cryogonal|100/100
|move|p1a: Alomomola|Wish|p1a: Alomomola
|
|upkeep
|turn|6
|c|☆darthhalcyon|its fine
|c|☆darthhalcyon|cuz
|inactive|darthhalcyon has 120 seconds left.
|
|t:|1776035145
|move|p2a: Cryogonal|Freeze-Dry|p1a: Alomomola
|-supereffective|p1a: Alomomola
|-damage|p1a: Alomomola|50/100
|move|p1a: Alomomola|Flip Turn|p2a: Cryogonal
|-crit|p2a: Cryogonal
|-damage|p2a: Cryogonal|63/100
|c| Simplyrowlet|beleive in yourself
|inactive|darthhalcyon has 120 seconds left.
|c| Simplyrowlet|Have Blank
|c|☆darthhalcyon|ok stfu now
|c| Simplyrowlet|Ok
|
|t:|1776035154
|switch|p1a: Pecharunt|Pecharunt|6/100|[from] Flip Turn
|
|-heal|p1a: Pecharunt|76/100|[from] move: Wish|[wisher] Alomomola
|upkeep
|turn|7
|inactive|darthhalcyon has 120 seconds left.
|
|t:|1776035166
|move|p2a: Cryogonal|Reflect|p2a: Cryogonal
|-sidestart|p2: blooflazh|Reflect
|move|p1a: Pecharunt|Malignant Chain|p2a: Cryogonal
|-damage|p2a: Cryogonal|40/100
|-status|p2a: Cryogonal|tox
|-start|p2a: Cryogonal|confusion|[from] ability: Poison Puppeteer|[of] p1a: Pecharunt
|
|-damage|p2a: Cryogonal|34/100 tox|[from] psn
|upkeep
|turn|8
|
|t:|1776035175
|switch|p2a: Scizor|Scizor, M, shiny|100/100
|move|p1a: Pecharunt|Parting Shot|p2a: Scizor
|-unboost|p2a: Scizor|atk|1
|-unboost|p2a: Scizor|spa|1
|l| Simplyrowlet
|inactive|darthhalcyon has 120 seconds left.
|
|t:|1776035188
|switch|p1a: Corviknight|Corviknight, F|100/100|[from] Parting Shot
|-ability|p1a: Corviknight|Pressure
|
|upkeep
|turn|9
|
|t:|1776035195
|switch|p2a: Zapdos|Zapdos|100/100
|move|p1a: Corviknight|U-turn|p2a: Zapdos
|-resisted|p2a: Zapdos
|-damage|p2a: Zapdos|97/100
|j| Simplyrowlet
|
|t:|1776035205
|switch|p1a: Pecharunt|Pecharunt|76/100|[from] U-turn
|
|upkeep
|turn|10
|c|☆darthhalcyon|speed what are we doing
|c| Simplyrowlet|Thunder god bird vs big ear bug
|c|☆darthhalcyon|its a poisonous peach
|c|☆darthhalcyon|but sure
|
|t:|1776035230
|move|p2a: Zapdos|Thunderbolt|p1a: Pecharunt
|-damage|p1a: Pecharunt|12/100
|-damage|p2a: Zapdos|87/100|[from] item: Life Orb
|move|p1a: Pecharunt|Parting Shot|p2a: Zapdos
|-unboost|p2a: Zapdos|atk|1
|-unboost|p2a: Zapdos|spa|1
|
|t:|1776035239
|switch|p1a: Blissey|Blissey, F|100/100|[from] Parting Shot
|
|upkeep
|turn|11
|c| Simplyrowlet|Peach with two big holes as ears
|c|☆darthhalcyon|its not ears
|c|☆darthhalcyon|smh
|c| Simplyrowlet|what is it?
|c| Simplyrowlet|Speaker phones?
|
|t:|1776035263
|switch|p2a: Mew|Mew, tera:Ground|13/100
|move|p1a: Blissey|Stealth Rock|p2a: Mew
|-sidestart|p2: blooflazh|move: Stealth Rock
|
|-heal|p2a: Mew|19/100|[from] item: Leftovers
|upkeep
|turn|12
|c|☆darthhalcyon|its just the 2 halves on either side
|c| Simplyrowlet|Oh…\
|c| Simplyrowlet|Ima watch yt now gl
|c|☆darthhalcyon|and the core is the middle
|
|t:|1776035273
|move|p2a: Mew|Earthquake|p1a: Blissey
|-damage|p1a: Blissey|48/100
|move|p1a: Blissey|Seismic Toss|p2a: Mew
|-damage|p2a: Mew|0 fnt
|faint|p2a: Mew
|
|-heal|p1a: Blissey|54/100|[from] item: Leftovers
|upkeep
|
|t:|1776035279
|switch|p2a: Cryogonal|Cryogonal|34/100 tox
|-damage|p2a: Cryogonal|9/100 tox|[from] Stealth Rock
|turn|13
|
|t:|1776035284
|move|p2a: Cryogonal|Rapid Spin|p1a: Blissey
|-damage|p1a: Blissey|47/100
|-boost|p2a: Cryogonal|spe|1
|-sideend|p2: blooflazh|Stealth Rock|[from] move: Rapid Spin|[of] p2a: Cryogonal
|move|p1a: Blissey|Soft-Boiled|p1a: Blissey
|-heal|p1a: Blissey|97/100
|
|-heal|p1a: Blissey|100/100|[from] item: Leftovers
|-damage|p2a: Cryogonal|3/100 tox|[from] psn
|upkeep
|turn|14
|l| Simplyrowlet
|
|t:|1776035310
|move|p2a: Cryogonal|Freeze-Dry|p1a: Blissey
|-damage|p1a: Blissey|93/100
|move|p1a: Blissey|Stealth Rock|p2a: Cryogonal
|-sidestart|p2: blooflazh|move: Stealth Rock
|
|-heal|p1a: Blissey|99/100|[from] item: Leftovers
|-damage|p2a: Cryogonal|0 fnt|[from] psn
|faint|p2a: Cryogonal
|-sideend|p2: blooflazh|Reflect
|upkeep
|
|t:|1776035318
|switch|p2a: Blaziken|Blaziken, F|100/100
|-damage|p2a: Blaziken|88/100|[from] Stealth Rock
|turn|15
|
|t:|1776035322
|switch|p1a: Alomomola|Alomomola, M|83/100
|move|p2a: Blaziken|Swords Dance|p2a: Blaziken
|-boost|p2a: Blaziken|atk|2
|
|-ability|p2a: Blaziken|Speed Boost|boost
|-boost|p2a: Blaziken|spe|1
|upkeep
|turn|16
|
|t:|1776035328
|move|p2a: Blaziken|Close Combat|p1a: Alomomola
|-damage|p1a: Alomomola|25/100
|-unboost|p2a: Blaziken|def|1
|-unboost|p2a: Blaziken|spd|1
|move|p1a: Alomomola|Wish|p1a: Alomomola
|
|-ability|p2a: Blaziken|Speed Boost|boost
|-boost|p2a: Blaziken|spe|1
|upkeep
|turn|17
|
|t:|1776035336
|move|p1a: Alomomola|Protect|p1a: Alomomola
|-singleturn|p1a: Alomomola|Protect
|move|p2a: Blaziken|Earthquake|p1a: Alomomola
|-activate|p1a: Alomomola|move: Protect
|
|-heal|p1a: Alomomola|75/100|[from] move: Wish|[wisher] Alomomola
|-ability|p2a: Blaziken|Speed Boost|boost
|-boost|p2a: Blaziken|spe|1
|upkeep
|turn|18
|j| Simplyrowlet
|
|t:|1776035342
|switch|p2a: Zapdos|Zapdos|87/100
|-damage|p2a: Zapdos|62/100|[from] Stealth Rock
|move|p1a: Alomomola|Wish|p1a: Alomomola
|
|upkeep
|turn|19
|c| Simplyrowlet|Got an ad for pokemon sleep sob
|
|t:|1776035361
|move|p1a: Alomomola|Protect|p1a: Alomomola
|-singleturn|p1a: Alomomola|Protect
|move|p2a: Zapdos|Thunderbolt|p1a: Alomomola
|-activate|p1a: Alomomola|move: Protect
|
|-heal|p1a: Alomomola|100/100|[from] move: Wish|[wisher] Alomomola
|upkeep
|turn|20
|
|t:|1776035370
|switch|p1a: Blissey|Blissey, F|99/100
|move|p2a: Zapdos|Roost|p2a: Zapdos
|-heal|p2a: Zapdos|100/100
|-singleturn|p2a: Zapdos|move: Roost
|
|-heal|p1a: Blissey|100/100|[from] item: Leftovers
|upkeep
|turn|21
|l| Simplyrowlet
|
|t:|1776035376
|move|p2a: Zapdos|Thunderbolt|p1a: Blissey
|-damage|p1a: Blissey|82/100
|-damage|p2a: Zapdos|91/100|[from] item: Life Orb
|move|p1a: Blissey|Seismic Toss|p2a: Zapdos
|-damage|p2a: Zapdos|65/100
|
|-heal|p1a: Blissey|89/100|[from] item: Leftovers
|upkeep
|turn|22
|
|t:|1776035396
|move|p2a: Zapdos|Thunderbolt|p1a: Blissey
|-damage|p1a: Blissey|69/100
|-damage|p2a: Zapdos|55/100|[from] item: Life Orb
|move|p1a: Blissey|Seismic Toss|p2a: Zapdos
|-damage|p2a: Zapdos|29/100
|
|-heal|p1a: Blissey|75/100|[from] item: Leftovers
|upkeep
|turn|23
|
|t:|1776035408
|move|p2a: Zapdos|Roost|p2a: Zapdos
|-heal|p2a: Zapdos|79/100
|-singleturn|p2a: Zapdos|move: Roost
|move|p1a: Blissey|Seismic Toss|p2a: Zapdos
|-damage|p2a: Zapdos|53/100
|
|-heal|p1a: Blissey|82/100|[from] item: Leftovers
|upkeep
|turn|24
|
|t:|1776035414
|move|p2a: Zapdos|Thunderbolt|p1a: Blissey
|-damage|p1a: Blissey|65/100
|-damage|p2a: Zapdos|43/100|[from] item: Life Orb
|move|p1a: Blissey|Seismic Toss|p2a: Zapdos
|-damage|p2a: Zapdos|17/100
|
|-heal|p1a: Blissey|71/100|[from] item: Leftovers
|upkeep
|turn|25
|
|t:|1776035424
|move|p2a: Zapdos|Roost|p2a: Zapdos
|-heal|p2a: Zapdos|67/100
|-singleturn|p2a: Zapdos|move: Roost
|move|p1a: Blissey|Seismic Toss|p2a: Zapdos
|-damage|p2a: Zapdos|41/100
|
|-heal|p1a: Blissey|77/100|[from] item: Leftovers
|upkeep
|turn|26
|
|t:|1776035429
|move|p2a: Zapdos|Thunderbolt|p1a: Blissey
|-damage|p1a: Blissey|58/100
|-damage|p2a: Zapdos|31/100|[from] item: Life Orb
|move|p1a: Blissey|Seismic Toss|p2a: Zapdos
|-damage|p2a: Zapdos|5/100
|
|-heal|p1a: Blissey|64/100|[from] item: Leftovers
|upkeep
|turn|27
|
|t:|1776035437
|move|p2a: Zapdos|Roost|p2a: Zapdos
|-heal|p2a: Zapdos|55/100
|-singleturn|p2a: Zapdos|move: Roost
|move|p1a: Blissey|Seismic Toss|p2a: Zapdos
|-damage|p2a: Zapdos|29/100
|
|-heal|p1a: Blissey|70/100|[from] item: Leftovers
|upkeep
|turn|28
|
|t:|1776035448
|move|p2a: Zapdos|Roost|p2a: Zapdos
|-heal|p2a: Zapdos|79/100
|-singleturn|p2a: Zapdos|move: Roost
|move|p1a: Blissey|Seismic Toss|p2a: Zapdos
|-damage|p2a: Zapdos|53/100
|
|-heal|p1a: Blissey|76/100|[from] item: Leftovers
|upkeep
|turn|29
|
|t:|1776035450
|move|p2a: Zapdos|Thunderbolt|p1a: Blissey
|-damage|p1a: Blissey|58/100
|-damage|p2a: Zapdos|43/100|[from] item: Life Orb
|move|p1a: Blissey|Seismic Toss|p2a: Zapdos
|-damage|p2a: Zapdos|17/100
|-status|p1a: Blissey|par|[from] ability: Static|[of] p2a: Zapdos
|
|-heal|p1a: Blissey|64/100 par|[from] item: Leftovers
|upkeep
|turn|30
|
|t:|1776035455
|move|p2a: Zapdos|Roost|p2a: Zapdos
|-heal|p2a: Zapdos|67/100
|-singleturn|p2a: Zapdos|move: Roost
|cant|p1a: Blissey|par
|
|-heal|p1a: Blissey|71/100 par|[from] item: Leftovers
|upkeep
|turn|31
|
|t:|1776035471
|move|p2a: Zapdos|Thunderbolt|p1a: Blissey
|-damage|p1a: Blissey|54/100 par
|-damage|p2a: Zapdos|57/100|[from] item: Life Orb
|move|p1a: Blissey|Seismic Toss|p2a: Zapdos
|-damage|p2a: Zapdos|31/100
|
|-heal|p1a: Blissey|60/100 par|[from] item: Leftovers
|upkeep
|turn|32
|
|t:|1776035484
|switch|p2a: Scizor|Scizor, M, shiny|100/100
|-damage|p2a: Scizor|88/100|[from] Stealth Rock
|-curestatus|p1a: Blissey|par|[from] ability: Natural Cure
|switch|p1a: Pecharunt|Pecharunt|12/100
|
|-heal|p2a: Scizor|94/100|[from] item: Leftovers
|upkeep
|turn|33
|
|t:|1776035492
|switch|p1a: Alomomola|Alomomola, M|100/100
|move|p2a: Scizor|Swords Dance|p2a: Scizor
|-boost|p2a: Scizor|atk|2
|
|-heal|p2a: Scizor|99/100|[from] item: Leftovers
|upkeep
|turn|34
|
|t:|1776035498
|move|p2a: Scizor|Trailblaze|p1a: Alomomola
|-supereffective|p1a: Alomomola
|-damage|p1a: Alomomola|43/100
|-boost|p2a: Scizor|spe|1
|move|p1a: Alomomola|Wish|p1a: Alomomola
|
|-heal|p2a: Scizor|100/100|[from] item: Leftovers
|upkeep
|turn|35
|
|t:|1776035508
|move|p1a: Alomomola|Protect|p1a: Alomomola
|-singleturn|p1a: Alomomola|Protect
|move|p2a: Scizor|Swords Dance|p2a: Scizor
|-boost|p2a: Scizor|atk|2
|
|-heal|p1a: Alomomola|93/100|[from] move: Wish|[wisher] Alomomola
|upkeep
|turn|36
|
|t:|1776035517
|move|p2a: Scizor|Trailblaze|p1a: Alomomola
|-supereffective|p1a: Alomomola
|-damage|p1a: Alomomola|8/100
|-boost|p2a: Scizor|spe|1
|move|p1a: Alomomola|Flip Turn|p2a: Scizor
|-damage|p2a: Scizor|82/100
|
|t:|1776035525
|switch|p1a: Toxapex|Toxapex, M|100/100|[from] Flip Turn
|
|-heal|p2a: Scizor|88/100|[from] item: Leftovers
|upkeep
|turn|37
|
|t:|1776035542
|move|p1a: Toxapex|Baneful Bunker|p1a: Toxapex
|-singleturn|p1a: Toxapex|move: Protect
|move|p2a: Scizor|Trailblaze|p1a: Toxapex
|-activate|p1a: Toxapex|move: Protect
|
|-heal|p2a: Scizor|94/100|[from] item: Leftovers
|upkeep
|turn|38
|
|t:|1776035554
|switch|p1a: Corviknight|Corviknight, F|100/100
|-ability|p1a: Corviknight|Pressure
|move|p2a: Scizor|Trailblaze|p1a: Corviknight
|-resisted|p1a: Corviknight
|-damage|p1a: Corviknight|88/100
|-boost|p2a: Scizor|spe|1
|-damage|p2a: Scizor|78/100|[from] item: Rocky Helmet|[of] p1a: Corviknight
|
|-heal|p2a: Scizor|84/100|[from] item: Leftovers
|upkeep
|turn|39
|
|t:|1776035569
|move|p2a: Scizor|Bullet Punch|p1a: Corviknight
|-resisted|p1a: Corviknight
|-damage|p1a: Corviknight|57/100
|-damage|p2a: Scizor|67/100|[from] item: Rocky Helmet|[of] p1a: Corviknight
|move|p1a: Corviknight|Brave Bird|p2a: Scizor
|-damage|p2a: Scizor|23/100
|-damage|p1a: Corviknight|47/100|[from] Recoil
|
|-heal|p2a: Scizor|29/100|[from] item: Leftovers
|upkeep
|turn|40
|
|t:|1776035588
|move|p2a: Scizor|Lunge|p1a: Corviknight
|-resisted|p1a: Corviknight
|-damage|p1a: Corviknight|27/100
|-unboost|p1a: Corviknight|atk|1
|-damage|p2a: Scizor|13/100|[from] item: Rocky Helmet|[of] p1a: Corviknight
|move|p1a: Corviknight|Roost|p1a: Corviknight
|-heal|p1a: Corviknight|77/100
|-singleturn|p1a: Corviknight|move: Roost
|
|-heal|p2a: Scizor|19/100|[from] item: Leftovers
|upkeep
|turn|41
|
|t:|1776035597
|move|p2a: Scizor|Lunge|p1a: Corviknight
|-resisted|p1a: Corviknight
|-damage|p1a: Corviknight|58/100
|-unboost|p1a: Corviknight|atk|1
|-damage|p2a: Scizor|3/100|[from] item: Rocky Helmet|[of] p1a: Corviknight
|move|p1a: Corviknight|Roost|p1a: Corviknight
|-heal|p1a: Corviknight|100/100
|-singleturn|p1a: Corviknight|move: Roost
|
|-heal|p2a: Scizor|9/100|[from] item: Leftovers
|upkeep
|turn|42
|-message|blooflazh forfeited.
|
|win|darthhalcyon
|raw|darthhalcyon's rating: 1212 &rarr; <strong>1239</strong><br />(+27 for winning)
|raw|blooflazh's rating: 1242 &rarr; <strong>1215</strong><br />(-27 for losing)
|l|‽blooflazh
|player|p2|
