|html|<div class="broadcast-blue"><strong>[Gen 9] OU is currently suspecting Tera Blast! For information on how to participate check out the <a href="https://www.smogon.com/tools/suspects/view/200">suspect thread</a>.</strong></div>
|j|☆fat chuds inc.
|j|☆Igoodnamename
|t:|1776106535
|gametype|singles
|player|p1|fat chuds inc.|collector|1725
|player|p2|Igoodnamename|170|1730
|gen|9
|tier|[Gen 9] OU
|rated|
|rule|HP Percentage Mod: HP is shown in percentages
|rule|Endless Battle Clause: Forcing endless battles is banned
|rule|Species Clause: Limit one of each Pokémon
|rule|OHKO Clause: OHKO moves are banned
|rule|Evasion Items Clause: Evasion items are banned
|rule|Evasion Moves Clause: Evasion moves are banned
|rule|Evasion Abilities Clause: Evasion abilities are banned
|rule|Sleep Moves Clause: Sleep-inducing moves are banned
|clearpoke
|poke|p1|Hoopa-Unbound|
|poke|p1|Zamazenta-*|
|poke|p1|Pecharunt|
|poke|p1|Iron Treads|
|poke|p1|Primarina, M|
|poke|p1|Dragonite, M|
|poke|p2|Pecharunt|
|poke|p2|Zapdos|
|poke|p2|Ting-Lu|
|poke|p2|Iron Valiant|
|poke|p2|Ogerpon, F|
|poke|p2|Iron Treads|
|teampreview
|
|t:|1776106565
|teamsize|p1|6
|teamsize|p2|6
|start
|switch|p1a: Primarina|Primarina, M|100/100
|switch|p2a: Ogerpon|Ogerpon, F|100/100
|turn|1
|
|t:|1776106570
|switch|p1a: Pecharunt|Pecharunt|100/100
|move|p2a: Ogerpon|U-turn|p1a: Pecharunt
|-resisted|p1a: Pecharunt
|-damage|p1a: Pecharunt|95/100
|
|t:|1776106574
|switch|p2a: Iron Treads|Iron Treads|100/100|[from] U-turn
|
|upkeep
|turn|2
|
|t:|1776106577
|move|p1a: Pecharunt|Parting Shot|p2a: Iron Treads
|-unboost|p2a: Iron Treads|atk|1
|-unboost|p2a: Iron Treads|spa|1
|
|t:|1776106585
|switch|p1a: Hoopa|Hoopa-Unbound|100/100|[from] Parting Shot
|move|p2a: Iron Treads|Stealth Rock|p1a: Hoopa
|-sidestart|p1: fat chuds inc.|move: Stealth Rock
|
|upkeep
|turn|3
|
|t:|1776106605
|move|p1a: Hoopa|Knock Off|p2a: Iron Treads
|-damage|p2a: Iron Treads|28/100
|-enditem|p2a: Iron Treads|Leftovers|[from] move: Knock Off|[of] p1a: Hoopa
|move|p2a: Iron Treads|Knock Off|p1a: Hoopa
|-damage|p1a: Hoopa|73/100
|-enditem|p1a: Hoopa|Choice Band|[from] move: Knock Off|[of] p2a: Iron Treads
|
|upkeep
|turn|4
|
|t:|1776106613
|move|p1a: Hoopa|Drain Punch|p2a: Iron Treads
|-supereffective|p2a: Iron Treads
|-damage|p2a: Iron Treads|0 fnt
|-heal|p1a: Hoopa|90/100|[from] drain|[of] p2a: Iron Treads
|faint|p2a: Iron Treads
|-end|p2a: Iron Treads|Quark Drive|[silent]
|
|upkeep
|
|t:|1776106616
|switch|p2a: Ogerpon|Ogerpon, F|100/100
|turn|5
|
|t:|1776106619
|switch|p1a: Pecharunt|Pecharunt|95/100
|move|p2a: Ogerpon|U-turn|p1a: Pecharunt
|-resisted|p1a: Pecharunt
|-damage|p1a: Pecharunt|91/100
|
|t:|1776106622
|switch|p2a: Zapdos|Zapdos|100/100|[from] U-turn
|
|upkeep
|turn|6
|
|t:|1776106625
|move|p2a: Zapdos|Heat Wave|p1a: Pecharunt
|-damage|p1a: Pecharunt|60/100
|move|p1a: Pecharunt|Malignant Chain|p2a: Zapdos
|-damage|p2a: Zapdos|67/100
|
|upkeep
|turn|7
|
|t:|1776106630
|move|p2a: Zapdos|Volt Switch|p1a: Pecharunt
|-damage|p1a: Pecharunt|27/100
|j| Eternity o2
|
|t:|1776106635
|switch|p2a: Ogerpon|Ogerpon, F|100/100|[from] Volt Switch
|move|p1a: Pecharunt|Parting Shot|p2a: Ogerpon
|-unboost|p2a: Ogerpon|atk|1
|-ability|p2a: Ogerpon|Defiant|boost
|-boost|p2a: Ogerpon|atk|2
|-unboost|p2a: Ogerpon|spa|1
|-ability|p2a: Ogerpon|Defiant|boost
|-boost|p2a: Ogerpon|atk|2
|
|t:|1776106639
|switch|p1a: Zamazenta|Zamazenta|100/100|[from] Parting Shot
|-damage|p1a: Zamazenta|94/100|[from] Stealth Rock
|-ability|p1a: Zamazenta|Dauntless Shield|boost
|-boost|p1a: Zamazenta|def|1
|
|-heal|p1a: Zamazenta|100/100|[from] item: Leftovers
|upkeep
|turn|8
|
|t:|1776106645
|-terastallize|p2a: Ogerpon|Grass
|detailschange|p2a: Ogerpon|Ogerpon-Teal-Tera, F, tera:Grass
|-ability|p2a: Ogerpon|Embody Aspect (Teal)|boost
|-boost|p2a: Ogerpon|spe|1
|move|p2a: Ogerpon|Ivy Cudgel|p1a: Zamazenta
|-damage|p1a: Zamazenta|0 fnt
|faint|p1a: Zamazenta
|
|upkeep
|
|t:|1776106650
|switch|p1a: Dragonite|Dragonite, M|100/100
|turn|9
|
|t:|1776106654
|move|p2a: Ogerpon|Ivy Cudgel|p1a: Dragonite
|-resisted|p1a: Dragonite
|-damage|p1a: Dragonite|65/100
|move|p1a: Dragonite|Dragon Dance|p1a: Dragonite
|-boost|p1a: Dragonite|atk|1
|-boost|p1a: Dragonite|spe|1
|
|upkeep
|turn|10
|
|t:|1776106660
|move|p1a: Dragonite|Extreme Speed|p2a: Ogerpon
|-crit|p2a: Ogerpon
|-damage|p2a: Ogerpon|12/100
|move|p2a: Ogerpon|Ivy Cudgel|p1a: Dragonite
|-resisted|p1a: Dragonite
|-damage|p1a: Dragonite|0 fnt
|faint|p1a: Dragonite
|
|upkeep
|-message|fat chuds inc. forfeited.
|
|win|Igoodnamename
|raw|fat chuds inc.'s rating: 1725 &rarr; <strong>1705</strong><br />(-20 for losing)
|raw|Igoodnamename's rating: 1730 &rarr; <strong>1750</strong><br />(+20 for winning)
|l|☆fat chuds inc.
|player|p1|
|l|☆Igoodnamename
|player|p2|
|l| Eternity o2
