|html|<div class="broadcast-blue"><strong>[Gen 9] OU is currently suspecting Volcarona! For information on how to participate check out the <a href="https://www.smogon.com/tools/suspects/view/208">suspect thread</a>.</strong></div>
|j|☆SnappsterBaccBacc
|j|☆DrDuck2004
|t:|1778506686
|gametype|singles
|player|p1|SnappsterBaccBacc|veteran|1179
|player|p2|DrDuck2004|riley|1215
|gen|9
|tier|[Gen 9] OU
|rated|
|rule|HP Percentage Mod: HP is shown in percentages
|rule|Endless Battle Clause: Forcing endless battles is banned
|rule|Species Clause: Limit one of each Pokémon
|rule|OHKO Clause: OHKO moves are banned
|rule|Evasion Items Clause: Evasion items are banned
|rule|Evasion Moves Clause: Evasion moves are banned
|rule|Evasion Abilities Clause: Evasion abilities are banned
|rule|Sleep Moves Clause: Sleep-inducing moves are banned
|clearpoke
|poke|p1|Ogerpon, F|
|poke|p1|Darkrai|
|poke|p1|Garchomp, F|
|poke|p1|Corviknight, F|
|poke|p1|Clodsire, F|
|poke|p1|Alomomola, F|
|poke|p2|Araquanid, M|
|poke|p2|Yanmega, M|
|poke|p2|Mienshao, F|
|poke|p2|Iron Treads|
|poke|p2|Ceruledge, M|
|poke|p2|Slowking-Galar, F|
|teampreview
|
|t:|1778506720
|teamsize|p1|6
|teamsize|p2|6
|start
|switch|p1a: Corviknight|Corviknight, F|100/100
|switch|p2a: Yanmega|Yanmega, M|100/100
|-ability|p1a: Corviknight|Pressure
|turn|1
|
|t:|1778506748
|switch|p2a: Ceruledge|Ceruledge, M|100/100
|move|p1a: Corviknight|Brave Bird|p2a: Ceruledge
|-damage|p2a: Ceruledge|67/100
|-damage|p1a: Corviknight|92/100|[from] Recoil
|
|-heal|p1a: Corviknight|98/100|[from] item: Leftovers
|upkeep
|turn|2
|
|t:|1778506783
|switch|p1a: Garchomp|Garchomp, F|100/100
|move|p2a: Ceruledge|Bitter Blade|p1a: Garchomp
|-resisted|p1a: Garchomp
|-damage|p1a: Garchomp|89/100
|-heal|p2a: Ceruledge|75/100|[from] drain|[of] p1a: Garchomp
|-damage|p2a: Ceruledge|63/100|[from] ability: Rough Skin|[of] p1a: Garchomp
|-damage|p2a: Ceruledge|46/100|[from] item: Rocky Helmet|[of] p1a: Garchomp
|
|upkeep
|turn|3
|
|t:|1778506799
|switch|p2a: Yanmega|Yanmega, M|100/100
|move|p1a: Garchomp|Stealth Rock|p2a: Yanmega
|-sidestart|p2: DrDuck2004|move: Stealth Rock
|
|upkeep
|turn|4
|
|t:|1778506808
|switch|p1a: Mamola|Alomomola, F|100/100
|move|p2a: Yanmega|Bug Buzz|p1a: Mamola
|-crit|p1a: Mamola
|-damage|p1a: Mamola|63/100
|-enditem|p2a: Yanmega|Throat Spray
|-boost|p2a: Yanmega|spa|1|[from] item: Throat Spray
|
|-ability|p2a: Yanmega|Speed Boost|boost
|-boost|p2a: Yanmega|spe|1
|upkeep
|turn|5
|
|t:|1778506829
|move|p2a: Yanmega|Air Slash|p1a: Mamola
|-damage|p1a: Mamola|35/100
|move|p1a: Mamola|Flip Turn|p2a: Yanmega
|-damage|p2a: Yanmega|79/100
|
|t:|1778506837
|switch|p1a: Clodsire|Clodsire, F|100/100|[from] Flip Turn
|
|-ability|p2a: Yanmega|Speed Boost|boost
|-boost|p2a: Yanmega|spe|1
|upkeep
|turn|6
|
|t:|1778506843
|move|p2a: Yanmega|Psychic|p1a: Clodsire
|-supereffective|p1a: Clodsire
|-crit|p1a: Clodsire
|-damage|p1a: Clodsire|44/100
|-unboost|p1a: Clodsire|spd|1
|move|p1a: Clodsire|Toxic|p2a: Yanmega
|-status|p2a: Yanmega|tox
|
|-damage|p2a: Yanmega|73/100 tox|[from] psn
|-ability|p2a: Yanmega|Speed Boost|boost
|-boost|p2a: Yanmega|spe|1
|upkeep
|turn|7
|
|t:|1778506861
|switch|p1a: Darkrai|Darkrai|100/100
|move|p2a: Yanmega|Air Slash|p1a: Darkrai
|-damage|p1a: Darkrai|23/100
|
|-damage|p2a: Yanmega|61/100 tox|[from] psn
|-ability|p2a: Yanmega|Speed Boost|boost
|-boost|p2a: Yanmega|spe|1
|upkeep
|turn|8
|
|t:|1778506874
|switch|p1a: Mamola|Alomomola, F|68/100
|move|p2a: Yanmega|Bug Buzz|p1a: Mamola
|-damage|p1a: Mamola|33/100
|
|-damage|p2a: Yanmega|43/100 tox|[from] psn
|-ability|p2a: Yanmega|Speed Boost|boost
|-boost|p2a: Yanmega|spe|1
|upkeep
|turn|9
|
|t:|1778506888
|switch|p1a: Clodsire|Clodsire, F|44/100
|move|p2a: Yanmega|Bug Buzz|p1a: Clodsire
|-resisted|p1a: Clodsire
|-damage|p1a: Clodsire|32/100
|
|-damage|p2a: Yanmega|19/100 tox|[from] psn
|-ability|p2a: Yanmega|Speed Boost|boost
|-boost|p2a: Yanmega|spe|1
|upkeep
|turn|10
|
|t:|1778506902
|switch|p1a: Mamola|Alomomola, F|66/100
|move|p2a: Yanmega|Psychic|p1a: Mamola
|-damage|p1a: Mamola|43/100
|
|-damage|p2a: Yanmega|0 fnt|[from] psn
|faint|p2a: Yanmega
|upkeep
|
|t:|1778506907
|switch|p2a: Araquanid|Araquanid, M|100/100
|-damage|p2a: Araquanid|75/100|[from] Stealth Rock
|turn|11
|
|t:|1778506914
|move|p1a: Mamola|Flip Turn|p2a: Araquanid
|-resisted|p2a: Araquanid
|-damage|p2a: Araquanid|67/100
|
|t:|1778506921
|switch|p1a: Corviknight|Corviknight, F|98/100|[from] Flip Turn
|-ability|p1a: Corviknight|Pressure
|move|p2a: Araquanid|Sticky Web|p1a: Corviknight
|-sidestart|p1: SnappsterBaccBacc|move: Sticky Web
|
|-heal|p1a: Corviknight|100/100|[from] item: Leftovers
|upkeep
|turn|12
|
|t:|1778506935
|move|p1a: Corviknight|Brave Bird|p2a: Araquanid
|-supereffective|p2a: Araquanid
|-damage|p2a: Araquanid|0 fnt
|faint|p2a: Araquanid
|-damage|p1a: Corviknight|82/100|[from] Recoil
|
|-heal|p1a: Corviknight|88/100|[from] item: Leftovers
|upkeep
|
|t:|1778506943
|switch|p2a: Iron Treads|Iron Treads|100/100
|turn|13
|
|t:|1778506955
|move|p2a: Iron Treads|Rapid Spin|p1a: Corviknight
|-resisted|p1a: Corviknight
|-damage|p1a: Corviknight|83/100
|-boost|p2a: Iron Treads|spe|1
|-sideend|p2: DrDuck2004|Stealth Rock|[from] move: Rapid Spin|[of] p2a: Iron Treads
|move|p1a: Corviknight|Defog|p2a: Iron Treads
|-unboost|p2a: Iron Treads|evasion|1
|-sideend|p1: SnappsterBaccBacc|Sticky Web|[from] move: Defog|[of] p1a: Corviknight
|
|-heal|p1a: Corviknight|89/100|[from] item: Leftovers
|upkeep
|turn|14
|
|t:|1778506968
|switch|p1a: Garchomp|Garchomp, F|89/100
|move|p2a: Iron Treads|Volt Switch|p1a: Garchomp
|-immune|p1a: Garchomp
|
|upkeep
|turn|15
|
|t:|1778506977
|move|p2a: Iron Treads|Earthquake|p1a: Garchomp
|-damage|p1a: Garchomp|59/100
|move|p1a: Garchomp|Earthquake|p2a: Iron Treads
|-supereffective|p2a: Iron Treads
|-damage|p2a: Iron Treads|24/100
|
|upkeep
|turn|16
|
|t:|1778506984
|move|p2a: Iron Treads|Earthquake|p1a: Garchomp
|-damage|p1a: Garchomp|28/100
|move|p1a: Garchomp|Earthquake|p2a: Iron Treads
|-supereffective|p2a: Iron Treads
|-damage|p2a: Iron Treads|0 fnt
|faint|p2a: Iron Treads
|-end|p2a: Iron Treads|Quark Drive|[silent]
|
|upkeep
|
|t:|1778506987
|switch|p2a: Mienshao|Mienshao, F, shiny|100/100
|turn|17
|-message|DrDuck2004 forfeited.
|
|win|SnappsterBaccBacc
|raw|SnappsterBaccBacc's rating: 1179 &rarr; <strong>1207</strong><br />(+28 for winning)
|raw|DrDuck2004's rating: 1215 &rarr; <strong>1187</strong><br />(-28 for losing)
|l|☆DrDuck2004
|player|p2|
|l|☆SnappsterBaccBacc
|player|p1|
