|html|<div class="broadcast-blue"><strong>[Gen 9] OU is currently suspecting Tera Blast! For information on how to participate check out the <a href="https://www.smogon.com/tools/suspects/view/200">suspect thread</a>.</strong></div>
|j|☆Regina dei Fiori
|j|☆Praise mee
|t:|1776085938
|gametype|singles
|player|p1|Regina dei Fiori|roxanne-masters|1361
|player|p2|Praise mee|dawn|1353
|gen|9
|tier|[Gen 9] OU
|rated|
|rule|HP Percentage Mod: HP is shown in percentages
|rule|Endless Battle Clause: Forcing endless battles is banned
|rule|Species Clause: Limit one of each Pokémon
|rule|OHKO Clause: OHKO moves are banned
|rule|Evasion Items Clause: Evasion items are banned
|rule|Evasion Moves Clause: Evasion moves are banned
|rule|Evasion Abilities Clause: Evasion abilities are banned
|rule|Sleep Moves Clause: Sleep-inducing moves are banned
|clearpoke
|poke|p1|Cinderace, F|
|poke|p1|Kyurem|
|poke|p1|Gholdengo|
|poke|p1|Slither Wing|
|poke|p1|Zamazenta-*|
|poke|p1|Darkrai|
|poke|p2|Ribombee, F|
|poke|p2|Cobalion|
|poke|p2|Dragonite, M|
|poke|p2|Gholdengo|
|poke|p2|Deoxys-Speed|
|poke|p2|Excadrill, M|
|teampreview
|inactive|Battle timer is ON: inactive players will automatically lose when time's up. (requested by Praise mee)
|
|t:|1776085950
|teamsize|p1|6
|teamsize|p2|6
|start
|switch|p1a: Cinderace|Cinderace, F|100/100
|switch|p2a: Excadrill|Excadrill, M|100/100
|-ability|p2a: Excadrill|Mold Breaker
|turn|1
|
|t:|1776085954
|move|p2a: Excadrill|Earthquake|p1a: Cinderace
|-supereffective|p1a: Cinderace
|-damage|p1a: Cinderace|0 fnt
|faint|p1a: Cinderace
|
|upkeep
|
|t:|1776085959
|switch|p1a: Slither Wing|Slither Wing, shiny|100/100
|-enditem|p1a: Slither Wing|Booster Energy
|-activate|p1a: Slither Wing|ability: Protosynthesis|[fromitem]
|-start|p1a: Slither Wing|protosynthesisatk
|turn|2
|
|t:|1776085963
|switch|p2a: Ribombee|Ribombee, F|100/100
|move|p1a: Slither Wing|Close Combat|p2a: Ribombee
|-resisted|p2a: Ribombee
|-damage|p2a: Ribombee|58/100
|-unboost|p1a: Slither Wing|def|1
|-unboost|p1a: Slither Wing|spd|1
|
|upkeep
|turn|3
|
|t:|1776085971
|move|p2a: Ribombee|Moonblast|p1a: Slither Wing
|-supereffective|p1a: Slither Wing
|-damage|p1a: Slither Wing|0 fnt
|faint|p1a: Slither Wing
|-end|p1a: Slither Wing|Protosynthesis|[silent]
|
|upkeep
|
|t:|1776085978
|switch|p1a: Kyurem|Kyurem, shiny|100/100
|-ability|p1a: Kyurem|Pressure
|turn|4
|
|t:|1776085980
|move|p2a: Ribombee|Sticky Web|p1a: Kyurem
|-sidestart|p1: Regina dei Fiori|move: Sticky Web
|move|p1a: Kyurem|Dragon Dance|p1a: Kyurem
|-boost|p1a: Kyurem|atk|1
|-boost|p1a: Kyurem|spe|1
|
|upkeep
|turn|5
|
|t:|1776085983
|move|p1a: Kyurem|Icicle Spear|p2a: Ribombee
|-damage|p2a: Ribombee|17/100
|-damage|p2a: Ribombee|0 fnt
|faint|p2a: Ribombee
|-hitcount|p2: Ribombee|2
|
|upkeep
|
|t:|1776085989
|switch|p2a: Deoxys|Deoxys-Speed|100/100
|-ability|p2a: Deoxys|Pressure
|turn|6
|
|t:|1776085992
|-terastallize|p1a: Kyurem|Ground
|move|p2a: Deoxys|Spikes|p1a: Kyurem
|-sidestart|p1: Regina dei Fiori|Spikes
|move|p1a: Kyurem|Icicle Spear|p2a: Deoxys
|-damage|p2a: Deoxys|68/100
|-damage|p2a: Deoxys|36/100
|-damage|p2a: Deoxys|6/100
|-damage|p2a: Deoxys|0 fnt
|faint|p2a: Deoxys
|-hitcount|p2: Deoxys|4
|
|upkeep
|
|t:|1776085995
|switch|p2a: Excadrill|Excadrill, M|100/100
|-ability|p2a: Excadrill|Mold Breaker
|turn|7
|
|t:|1776086002
|move|p1a: Kyurem|Tera Blast|p2a: Excadrill|[anim] Tera Blast Ground
|-supereffective|p2a: Excadrill
|-damage|p2a: Excadrill|0 fnt
|faint|p2a: Excadrill
|
|upkeep
|
|t:|1776086009
|switch|p2a: Gholdengo|Gholdengo|100/100
|-item|p2a: Gholdengo|Air Balloon
|turn|8
|
|t:|1776086013
|move|p1a: Kyurem|Scale Shot|p2a: Gholdengo
|-resisted|p2a: Gholdengo
|-damage|p2a: Gholdengo|90/100
|-enditem|p2a: Gholdengo|Air Balloon
|-resisted|p2a: Gholdengo
|-damage|p2a: Gholdengo|78/100
|-resisted|p2a: Gholdengo
|-damage|p2a: Gholdengo|67/100
|-resisted|p2a: Gholdengo
|-damage|p2a: Gholdengo|57/100
|-resisted|p2a: Gholdengo
|-damage|p2a: Gholdengo|47/100
|-hitcount|p2a: Gholdengo|5
|-unboost|p1a: Kyurem|def|1
|-boost|p1a: Kyurem|spe|1
|move|p2a: Gholdengo|Make It Rain|p1a: Kyurem
|-crit|p1a: Kyurem
|-damage|p1a: Kyurem|13/100
|-unboost|p2a: Gholdengo|spa|1
|
|upkeep
|turn|9
|
|t:|1776086023
|switch|p2a: Dragonite|Dragonite, M|100/100
|move|p1a: Kyurem|Tera Blast|p2a: Dragonite|[anim] Tera Blast Ground
|-immune|p2a: Dragonite
|
|upkeep
|turn|10
|
|t:|1776086027
|move|p2a: Dragonite|Extreme Speed|p1a: Kyurem
|-damage|p1a: Kyurem|0 fnt
|faint|p1a: Kyurem
|
|upkeep
|
|t:|1776086029
|switch|p1a: Gholdengo|Gholdengo|100/100
|-item|p1a: Gholdengo|Air Balloon
|turn|11
|
|t:|1776086032
|switch|p2a: Gholdengo|Gholdengo|47/100
|move|p1a: Gholdengo|Thunder Wave|p2a: Gholdengo
|-immune|p2a: Gholdengo|[from] ability: Good as Gold
|
|upkeep
|turn|12
|
|t:|1776086037
|move|p2a: Gholdengo|Shadow Ball|p1a: Gholdengo
|-supereffective|p1a: Gholdengo
|-damage|p1a: Gholdengo|11/100
|-enditem|p1a: Gholdengo|Air Balloon
|move|p1a: Gholdengo|Hex|p2a: Gholdengo
|-supereffective|p2a: Gholdengo
|-damage|p2a: Gholdengo|0 fnt
|faint|p2a: Gholdengo
|
|upkeep
|
|t:|1776086039
|switch|p2a: Cobalion|Cobalion|100/100
|turn|13
|
|t:|1776086041
|move|p2a: Cobalion|Flash Cannon|p1a: Gholdengo
|-resisted|p1a: Gholdengo
|-damage|p1a: Gholdengo|0 fnt
|faint|p1a: Gholdengo
|
|upkeep
|
|t:|1776086045
|switch|p1a: Darkrai|Darkrai|100/100
|-activate|p1a: Darkrai|move: Sticky Web
|-unboost|p1a: Darkrai|spe|1
|-damage|p1a: Darkrai|88/100|[from] Spikes
|turn|14
|
|t:|1776086048
|move|p2a: Cobalion|Aura Sphere|p1a: Darkrai
|-supereffective|p1a: Darkrai
|-damage|p1a: Darkrai|4/100
|-enditem|p1a: Darkrai|Red Card|[of] p2a: Cobalion
|drag|p2a: Dragonite|Dragonite, M|100/100
|move|p1a: Darkrai|Nasty Plot|p1a: Darkrai
|-boost|p1a: Darkrai|spa|2
|
|upkeep
|turn|15
|
|t:|1776086054
|move|p2a: Dragonite|Extreme Speed|p1a: Darkrai
|-damage|p1a: Darkrai|0 fnt
|faint|p1a: Darkrai
|
|upkeep
|
|t:|1776086056
|switch|p1a: Zamazenta|Zamazenta, shiny|100/100
|-activate|p1a: Zamazenta|move: Sticky Web
|-unboost|p1a: Zamazenta|spe|1
|-damage|p1a: Zamazenta|88/100|[from] Spikes
|-ability|p1a: Zamazenta|Dauntless Shield|boost
|-boost|p1a: Zamazenta|def|1
|turn|16
|
|t:|1776086058
|move|p1a: Zamazenta|Ice Fang|p2a: Dragonite
|-supereffective|p2a: Dragonite
|-damage|p2a: Dragonite|38/100
|-damage|p1a: Zamazenta|78/100|[from] item: Life Orb
|move|p2a: Dragonite|Dragon Dance|p2a: Dragonite
|-boost|p2a: Dragonite|atk|1
|-boost|p2a: Dragonite|spe|1
|
|upkeep
|turn|17
|
|t:|1776086062
|-terastallize|p2a: Dragonite|Normal
|move|p2a: Dragonite|Extreme Speed|p1a: Zamazenta
|-damage|p1a: Zamazenta|32/100
|move|p1a: Zamazenta|Ice Fang|p2a: Dragonite
|-damage|p2a: Dragonite|11/100
|-damage|p1a: Zamazenta|22/100|[from] item: Life Orb
|
|upkeep
|turn|18
|
|t:|1776086067
|move|p2a: Dragonite|Extreme Speed|p1a: Zamazenta
|-damage|p1a: Zamazenta|0 fnt
|faint|p1a: Zamazenta
|
|win|Praise mee
|raw|Regina dei Fiori's rating: 1361 &rarr; <strong>1341</strong><br />(-20 for losing)
|raw|Praise mee's rating: 1353 &rarr; <strong>1373</strong><br />(+20 for winning)
|l|☆Regina dei Fiori
|player|p1|
|c|☆Praise mee|gg
|l|☆Praise mee
|player|p2|
