|html|<div class="broadcast-blue"><strong>[Gen 9] OU is currently suspecting Tera Blast! For information on how to participate check out the <a href="https://www.smogon.com/tools/suspects/view/200">suspect thread</a>.</strong></div>
|j|☆thebestsuperstar
|j|☆akgplayz
|t:|1776279613
|gametype|singles
|player|p1|thebestsuperstar|169|1469
|player|p2|akgplayz|miku-ghost|1425
|gen|9
|tier|[Gen 9] OU
|rated|
|rule|HP Percentage Mod: HP is shown in percentages
|rule|Endless Battle Clause: Forcing endless battles is banned
|rule|Species Clause: Limit one of each Pokémon
|rule|OHKO Clause: OHKO moves are banned
|rule|Evasion Items Clause: Evasion items are banned
|rule|Evasion Moves Clause: Evasion moves are banned
|rule|Evasion Abilities Clause: Evasion abilities are banned
|rule|Sleep Moves Clause: Sleep-inducing moves are banned
|clearpoke
|poke|p1|Dragapult, M|
|poke|p1|Ceruledge, F|
|poke|p1|Hoopa-Unbound|
|poke|p1|Pecharunt|
|poke|p1|Great Tusk|
|poke|p1|Moltres-Galar|
|poke|p2|Tyranitar, F|
|poke|p2|Excadrill, M|
|poke|p2|Gliscor, M|
|poke|p2|Heatran, F|
|poke|p2|Iron Crown|
|poke|p2|Ogerpon-Wellspring, F|
|teampreview
|inactive|Battle timer is ON: inactive players will automatically lose when time's up. (requested by thebestsuperstar)
|inactive|akgplayz also wants the timer to be on.
|
|t:|1776279623
|teamsize|p1|6
|teamsize|p2|6
|start
|switch|p1a: Dragapult|Dragapult, M|100/100
|switch|p2a: Iron Hormone|Iron Crown|100/100
|turn|1
|
|t:|1776279633
|move|p1a: Dragapult|U-turn|p2a: Iron Hormone
|-damage|p2a: Iron Hormone|62/100
|
|t:|1776279641
|switch|p1a: Hoopa|Hoopa-Unbound|100/100|[from] U-turn
|move|p2a: Iron Hormone|Tachyon Cutter|p1a: Hoopa
|-crit|p1a: Hoopa
|-damage|p1a: Hoopa|72/100
|-damage|p1a: Hoopa|52/100
|-hitcount|p1a: Hoopa|2
|
|upkeep
|turn|2
|
|t:|1776279657
|-end|p2a: Iron Hormone|Quark Drive|[silent]
|switch|p2a: NonBinaryTar|Tyranitar, F|100/100
|-weather|Sandstorm|[from] ability: Sand Stream|[of] p2a: NonBinaryTar
|move|p1a: Hoopa|Dark Pulse|p2a: NonBinaryTar
|-resisted|p2a: NonBinaryTar
|-damage|p2a: NonBinaryTar|88/100
|
|-weather|Sandstorm|[upkeep]
|-damage|p1a: Hoopa|46/100|[from] Sandstorm
|upkeep
|turn|3
|
|t:|1776279661
|move|p1a: Hoopa|Focus Blast|p2a: NonBinaryTar|[miss]
|-miss|p1a: Hoopa|p2a: NonBinaryTar
|move|p2a: NonBinaryTar|Stealth Rock|p1a: Hoopa
|-sidestart|p1: thebestsuperstar|move: Stealth Rock
|
|-weather|Sandstorm|[upkeep]
|-damage|p1a: Hoopa|40/100|[from] Sandstorm
|upkeep
|turn|4
|c|☆thebestsuperstar|why
|
|t:|1776279668
|switch|p2a: DEIscor|Gliscor, M|100/100
|move|p1a: Hoopa|Focus Blast|p2a: DEIscor
|-resisted|p2a: DEIscor
|-damage|p2a: DEIscor|76/100
|
|-weather|Sandstorm|[upkeep]
|-damage|p1a: Hoopa|34/100|[from] Sandstorm
|-status|p2a: DEIscor|tox|[from] item: Toxic Orb
|upkeep
|turn|5
|
|t:|1776279674
|move|p2a: DEIscor|Knock Off|p1a: Hoopa
|-damage|p1a: Hoopa|4/100
|-enditem|p1a: Hoopa|Assault Vest|[from] move: Knock Off|[of] p2a: DEIscor
|move|p1a: Hoopa|Psychic|p2a: DEIscor
|-damage|p2a: DEIscor|20/100 tox
|-item|p1a: Hoopa|Toxic Orb|[from] ability: Magician|[of] p2a: DEIscor
|
|-weather|Sandstorm|[upkeep]
|-damage|p1a: Hoopa|0 fnt|[from] Sandstorm
|faint|p1a: Hoopa
|-heal|p2a: DEIscor|32/100 tox|[from] ability: Poison Heal
|upkeep
|
|t:|1776279681
|switch|p1a: Great Tusk|Great Tusk|100/100
|-damage|p1a: Great Tusk|98/100|[from] Stealth Rock
|-enditem|p1a: Great Tusk|Booster Energy
|-activate|p1a: Great Tusk|ability: Protosynthesis|[fromitem]
|-start|p1a: Great Tusk|protosynthesisatk
|turn|6
|c|☆thebestsuperstar|you lucky as hell
|c|☆thebestsuperstar|you bastard
|
|t:|1776279700
|move|p2a: DEIscor|Protect|p2a: DEIscor
|-singleturn|p2a: DEIscor|Protect
|move|p1a: Great Tusk|Rapid Spin|p2a: DEIscor
|-activate|p2a: DEIscor|move: Protect
|
|-weather|Sandstorm|[upkeep]
|-heal|p2a: DEIscor|45/100 tox|[from] ability: Poison Heal
|upkeep
|turn|7
|
|t:|1776279708
|move|p1a: Great Tusk|Ice Spinner|p2a: DEIscor
|-supereffective|p2a: DEIscor
|-damage|p2a: DEIscor|0 fnt
|faint|p2a: DEIscor
|
|-weather|Sandstorm|[upkeep]
|upkeep
|
|t:|1776279715
|switch|p2a: Ogerpronoun|Ogerpon-Wellspring, F|100/100
|turn|8
|
|t:|1776279722
|-terastallize|p1a: Great Tusk|Steel
|move|p2a: Ogerpronoun|Play Rough|p1a: Great Tusk
|-resisted|p1a: Great Tusk
|-damage|p1a: Great Tusk|85/100
|move|p1a: Great Tusk|Rapid Spin|p2a: Ogerpronoun
|-damage|p2a: Ogerpronoun|71/100
|-boost|p1a: Great Tusk|spe|1
|-sideend|p1: thebestsuperstar|Stealth Rock|[from] move: Rapid Spin|[of] p1a: Great Tusk
|
|-weather|Sandstorm|[upkeep]
|-damage|p2a: Ogerpronoun|65/100|[from] Sandstorm
|upkeep
|turn|9
|
|t:|1776279738
|-terastallize|p2a: Ogerpronoun|Water
|detailschange|p2a: Ogerpronoun|Ogerpon-Wellspring-Tera, F, tera:Water
|-ability|p2a: Ogerpronoun|Embody Aspect (Wellspring)|boost
|-boost|p2a: Ogerpronoun|spd|1
|move|p1a: Great Tusk|Close Combat|p2a: Ogerpronoun
|-damage|p2a: Ogerpronoun|0 fnt
|-unboost|p1a: Great Tusk|def|1
|-unboost|p1a: Great Tusk|spd|1
|faint|p2a: Ogerpronoun
|detailschange|p2: Ogerpronoun|Ogerpon-Wellspring, F|[silent]
|
|-weather|none
|upkeep
|
|t:|1776279751
|switch|p2a: NonBinaryTar|Tyranitar, F|88/100
|-weather|Sandstorm|[from] ability: Sand Stream|[of] p2a: NonBinaryTar
|turn|10
|
|t:|1776279759
|move|p1a: Great Tusk|Close Combat|p2a: NonBinaryTar
|-supereffective|p2a: NonBinaryTar
|-damage|p2a: NonBinaryTar|0 fnt
|-unboost|p1a: Great Tusk|def|1
|-unboost|p1a: Great Tusk|spd|1
|faint|p2a: NonBinaryTar
|
|-weather|Sandstorm|[upkeep]
|upkeep
|
|t:|1776279761
|switch|p2a: Estrogexcadrill|Excadrill, M|100/100
|-item|p2a: Estrogexcadrill|Air Balloon
|turn|11
|
|t:|1776279772
|move|p2a: Estrogexcadrill|Earthquake|p1a: Great Tusk
|-supereffective|p1a: Great Tusk
|-damage|p1a: Great Tusk|0 fnt
|faint|p1a: Great Tusk
|-end|p1a: Great Tusk|Protosynthesis|[silent]
|
|-weather|Sandstorm|[upkeep]
|upkeep
|
|t:|1776279776
|switch|p1a: Moltres|Moltres-Galar|100/100
|turn|12
|
|t:|1776279783
|move|p2a: Estrogexcadrill|Iron Head|p1a: Moltres
|-damage|p1a: Moltres|46/100
|-ability|p1a: Moltres|Berserk|boost
|-boost|p1a: Moltres|spa|1
|move|p1a: Moltres|Agility|p1a: Moltres
|-boost|p1a: Moltres|spe|2
|
|-weather|Sandstorm|[upkeep]
|-damage|p1a: Moltres|40/100|[from] Sandstorm
|upkeep
|turn|13
|
|t:|1776279790
|move|p1a: Moltres|Fiery Wrath|p2a: Estrogexcadrill
|-damage|p2a: Estrogexcadrill|28/100
|-enditem|p2a: Estrogexcadrill|Air Balloon
|move|p2a: Estrogexcadrill|Iron Head|p1a: Moltres
|-damage|p1a: Moltres|0 fnt
|faint|p1a: Moltres
|
|-weather|Sandstorm|[upkeep]
|upkeep
|
|t:|1776279799
|switch|p1a: Ceruledge|Ceruledge, F|100/100
|turn|14
|
|t:|1776279805
|switch|p2a: He/She-TRANS|Heatran, F|100/100
|move|p1a: Ceruledge|Shadow Sneak|p2a: He/She-TRANS
|-damage|p2a: He/She-TRANS|79/100
|
|-weather|Sandstorm|[upkeep]
|-damage|p1a: Ceruledge|94/100|[from] Sandstorm
|-heal|p2a: He/She-TRANS|85/100|[from] item: Leftovers
|upkeep
|turn|15
|
|t:|1776279812
|move|p1a: Ceruledge|Poltergeist|p2a: He/She-TRANS
|-activate|p2a: He/She-TRANS|move: Poltergeist|Leftovers
|-damage|p2a: He/She-TRANS|24/100
|move|p2a: He/She-TRANS|Earth Power|p1a: Ceruledge
|-supereffective|p1a: Ceruledge
|-damage|p1a: Ceruledge|16/100
|-unboost|p1a: Ceruledge|spd|1
|
|-weather|Sandstorm|[upkeep]
|-damage|p1a: Ceruledge|9/100|[from] Sandstorm
|-heal|p2a: He/She-TRANS|30/100|[from] item: Leftovers
|upkeep
|turn|16
|
|t:|1776279824
|move|p1a: Ceruledge|Poltergeist|p2a: He/She-TRANS
|-activate|p2a: He/She-TRANS|move: Poltergeist|Leftovers
|-damage|p2a: He/She-TRANS|0 fnt
|faint|p2a: He/She-TRANS
|
|-weather|Sandstorm|[upkeep]
|-damage|p1a: Ceruledge|3/100|[from] Sandstorm
|upkeep
|
|t:|1776279832
|switch|p2a: Estrogexcadrill|Excadrill, M|28/100
|turn|17
|c|☆thebestsuperstar|even if it doesnt matter you have the 10%
|
|t:|1776279845
|move|p1a: Ceruledge|Shadow Sneak|p2a: Estrogexcadrill
|-damage|p2a: Estrogexcadrill|1/100
|move|p2a: Estrogexcadrill|Earthquake|p1a: Ceruledge
|-supereffective|p1a: Ceruledge
|-damage|p1a: Ceruledge|0 fnt
|faint|p1a: Ceruledge
|
|-weather|none
|upkeep
|c|☆thebestsuperstar|wow
|
|t:|1776279854
|switch|p1a: Dragapult|Dragapult, M|100/100
|turn|18
|
|t:|1776279858
|move|p1a: Dragapult|U-turn|p2a: Estrogexcadrill
|-resisted|p2a: Estrogexcadrill
|-crit|p2a: Estrogexcadrill
|-damage|p2a: Estrogexcadrill|0 fnt
|faint|p2a: Estrogexcadrill
|
|t:|1776279859
|switch|p1a: Pecharunt|Pecharunt|100/100|[from] U-turn
|
|upkeep
|
|t:|1776279862
|switch|p2a: Iron Hormone|Iron Crown|62/100
|turn|19
|c|☆thebestsuperstar|fuck bastard
|
|t:|1776279868
|move|p2a: Iron Hormone|Tachyon Cutter|p1a: Pecharunt
|-damage|p1a: Pecharunt|62/100
|-damage|p1a: Pecharunt|24/100
|-hitcount|p1a: Pecharunt|2
|move|p1a: Pecharunt|Shadow Ball|p2a: Iron Hormone
|-supereffective|p2a: Iron Hormone
|-damage|p2a: Iron Hormone|14/100
|-unboost|p2a: Iron Hormone|spd|1
|
|upkeep
|turn|20
|
|t:|1776279876
|move|p2a: Iron Hormone|Tachyon Cutter|p1a: Pecharunt
|-damage|p1a: Pecharunt|0 fnt
|faint|p1a: Pecharunt
|-hitcount|p1: Pecharunt|1
|
|upkeep
|
|t:|1776279878
|switch|p1a: Dragapult|Dragapult, M|100/100
|turn|21
|
|t:|1776279886
|move|p1a: Dragapult|U-turn|p2a: Iron Hormone
|-damage|p2a: Iron Hormone|0 fnt
|faint|p2a: Iron Hormone
|-end|p2a: Iron Hormone|Quark Drive|[silent]
|
|win|thebestsuperstar
