|html|<div class="broadcast-blue"><strong>[Gen 9] OU is currently suspecting Tera Blast! For information on how to participate check out the <a href="https://www.smogon.com/tools/suspects/view/200">suspect thread</a>.</strong></div>
|j|☆jessies boyfriend
|j|☆Princessjosie1001!
|t:|1776032296
|gametype|singles
|player|p1|jessies boyfriend|brock|1427
|player|p2|Princessjosie1001!|nurse|1425
|gen|9
|tier|[Gen 9] OU
|rated|
|rule|HP Percentage Mod: HP is shown in percentages
|rule|Endless Battle Clause: Forcing endless battles is banned
|rule|Species Clause: Limit one of each Pokémon
|rule|OHKO Clause: OHKO moves are banned
|rule|Evasion Items Clause: Evasion items are banned
|rule|Evasion Moves Clause: Evasion moves are banned
|rule|Evasion Abilities Clause: Evasion abilities are banned
|rule|Sleep Moves Clause: Sleep-inducing moves are banned
|clearpoke
|poke|p1|Hatterene, F|
|poke|p1|Gholdengo|
|poke|p1|Dragonite, F|
|poke|p1|Meowscarada, M|
|poke|p1|Tentacruel, M|
|poke|p1|Hitmonchan, M|
|poke|p2|Grimmsnarl, M|
|poke|p2|Cloyster, M|
|poke|p2|Salazzle, F|
|poke|p2|Espeon, M|
|poke|p2|Jirachi|
|poke|p2|Dragonite, F|
|teampreview
|
|t:|1776032335
|teamsize|p1|6
|teamsize|p2|6
|start
|switch|p1a: Meowscarada|Meowscarada, M|100/100
|switch|p2a: Jirachi|Jirachi|100/100
|turn|1
|inactive|Battle timer is ON: inactive players will automatically lose when time's up. (requested by jessies boyfriend)
|
|t:|1776032340
|move|p2a: Jirachi|U-turn|p1a: Meowscarada
|-supereffective|p1a: Meowscarada
|-damage|p1a: Meowscarada|0 fnt
|faint|p1a: Meowscarada
|
|t:|1776032348
|switch|p2a: Salazzle|Salazzle, F|100/100|[from] U-turn
|
|upkeep
|
|t:|1776032358
|switch|p1a: Dragonite|Dragonite, F|100/100
|turn|2
|
|t:|1776032361
|move|p2a: Salazzle|Toxic|p1a: Dragonite
|-status|p1a: Dragonite|tox
|move|p1a: Dragonite|Earthquake|p2a: Salazzle
|-supereffective|p2a: Salazzle
|-enditem|p2a: Salazzle|Focus Sash
|-damage|p2a: Salazzle|1/100
|
|-damage|p1a: Dragonite|94/100 tox|[from] psn
|upkeep
|turn|3
|
|t:|1776032371
|move|p2a: Salazzle|Sludge Wave|p1a: Dragonite
|-damage|p1a: Dragonite|51/100 tox
|move|p1a: Dragonite|Dragon Dance|p1a: Dragonite
|-boost|p1a: Dragonite|atk|1
|-boost|p1a: Dragonite|spe|1
|
|-damage|p1a: Dragonite|38/100 tox|[from] psn
|upkeep
|turn|4
|
|t:|1776032378
|move|p1a: Dragonite|Extreme Speed|p2a: Salazzle
|-damage|p2a: Salazzle|0 fnt
|faint|p2a: Salazzle
|
|-damage|p1a: Dragonite|20/100 tox|[from] psn
|upkeep
|
|t:|1776032384
|switch|p2a: Grimmsnarl|Grimmsnarl, M|100/100
|turn|5
|
|t:|1776032389
|move|p2a: Grimmsnarl|Fake Out|p1a: Dragonite
|-damage|p1a: Dragonite|3/100 tox
|cant|p1a: Dragonite|flinch
|
|-damage|p1a: Dragonite|0 fnt|[from] psn
|faint|p1a: Dragonite
|upkeep
|
|t:|1776032396
|switch|p1a: Hitmonchan|Hitmonchan, M, shiny|100/100
|turn|6
|
|t:|1776032400
|switch|p2a: No hazard allowed|Espeon, M|100/100
|move|p1a: Hitmonchan|Bullet Punch|p2a: No hazard allowed
|-damage|p2a: No hazard allowed|70/100
|
|upkeep
|turn|7
|
|t:|1776032407
|switch|p1a: Gholdengo|Gholdengo|100/100
|move|p2a: No hazard allowed|Trick|p1a: Gholdengo
|-immune|p1a: Gholdengo|[from] ability: Good as Gold
|
|upkeep
|turn|8
|
|t:|1776032415
|switch|p2a: Grimmsnarl|Grimmsnarl, M|100/100
|move|p1a: Gholdengo|Make It Rain|p2a: Grimmsnarl
|-supereffective|p2a: Grimmsnarl
|-damage|p2a: Grimmsnarl|0 fnt
|-unboost|p1a: Gholdengo|spa|1
|faint|p2a: Grimmsnarl
|
|upkeep
|
|t:|1776032424
|switch|p2a: Jirachi|Jirachi|100/100
|turn|9
|
|t:|1776032431
|switch|p1a: Tentacruel|Tentacruel, M, shiny|100/100
|move|p2a: Jirachi|Iron Head|p1a: Tentacruel
|-resisted|p1a: Tentacruel
|-damage|p1a: Tentacruel|70/100
|
|-heal|p1a: Tentacruel|76/100|[from] item: Leftovers
|upkeep
|turn|10
|
|t:|1776032439
|switch|p2a: No hazard allowed|Espeon, M|70/100
|move|p1a: Tentacruel|Rapid Spin|p2a: No hazard allowed
|-damage|p2a: No hazard allowed|54/100
|-boost|p1a: Tentacruel|spe|1
|
|-heal|p1a: Tentacruel|82/100|[from] item: Leftovers
|upkeep
|turn|11
|
|t:|1776032447
|move|p2a: No hazard allowed|Trick|p1a: Tentacruel
|-activate|p2a: No hazard allowed|move: Trick|[of] p1a: Tentacruel
|-item|p1a: Tentacruel|Choice Scarf|[from] move: Trick
|-item|p2a: No hazard allowed|Leftovers|[from] move: Trick
|move|p1a: Tentacruel|Knock Off|p2a: No hazard allowed
|-supereffective|p2a: No hazard allowed
|-damage|p2a: No hazard allowed|0 fnt
|-enditem|p2a: No hazard allowed|Leftovers|[from] move: Knock Off|[of] p1a: Tentacruel
|faint|p2a: No hazard allowed
|
|upkeep
|
|t:|1776032455
|switch|p2a: Cloyster|Cloyster, M|100/100
|turn|12
|
|t:|1776032463
|move|p1a: Tentacruel|Knock Off|p2a: Cloyster
|-damage|p2a: Cloyster|87/100
|-enditem|p2a: Cloyster|Focus Sash|[from] move: Knock Off|[of] p1a: Tentacruel
|move|p2a: Cloyster|Shell Smash|p2a: Cloyster
|-unboost|p2a: Cloyster|def|1
|-unboost|p2a: Cloyster|spd|1
|-boost|p2a: Cloyster|atk|2
|-boost|p2a: Cloyster|spa|2
|-boost|p2a: Cloyster|spe|2
|
|upkeep
|turn|13
|
|t:|1776032474
|switch|p1a: Gholdengo|Gholdengo|100/100
|move|p2a: Cloyster|Shell Smash|p2a: Cloyster
|-unboost|p2a: Cloyster|def|1
|-unboost|p2a: Cloyster|spd|1
|-boost|p2a: Cloyster|atk|2
|-boost|p2a: Cloyster|spa|2
|-boost|p2a: Cloyster|spe|2
|
|upkeep
|turn|14
|
|t:|1776032482
|-terastallize|p2a: Cloyster|Ice
|move|p2a: Cloyster|Icicle Spear|p1a: Gholdengo
|-resisted|p1a: Gholdengo
|-damage|p1a: Gholdengo|75/100
|-resisted|p1a: Gholdengo
|-damage|p1a: Gholdengo|49/100
|-resisted|p1a: Gholdengo
|-damage|p1a: Gholdengo|22/100
|-resisted|p1a: Gholdengo
|-damage|p1a: Gholdengo|0 fnt
|faint|p1a: Gholdengo
|-hitcount|p1: Gholdengo|4
|
|upkeep
|
|t:|1776032486
|switch|p1a: Hitmonchan|Hitmonchan, M, shiny|100/100
|turn|15
|
|t:|1776032494
|move|p2a: Cloyster|Ice Shard|p1a: Hitmonchan
|-damage|p1a: Hitmonchan|0 fnt
|faint|p1a: Hitmonchan
|
|upkeep
|
|t:|1776032498
|switch|p1a: Tentacruel|Tentacruel, M, shiny|82/100
|turn|16
|
|t:|1776032502
|move|p2a: Cloyster|Icicle Spear|p1a: Tentacruel
|-resisted|p1a: Tentacruel
|-crit|p1a: Tentacruel
|-damage|p1a: Tentacruel|30/100
|-resisted|p1a: Tentacruel
|-damage|p1a: Tentacruel|0 fnt
|faint|p1a: Tentacruel
|-hitcount|p1: Tentacruel|2
|
|upkeep
|
|t:|1776032504
|switch|p1a: Hatterene|Hatterene, F|100/100
|turn|17
|
|t:|1776032510
|move|p2a: Cloyster|Icicle Spear|p1a: Hatterene
|-damage|p1a: Hatterene|57/100
|-damage|p1a: Hatterene|14/100
|-damage|p1a: Hatterene|0 fnt
|faint|p1a: Hatterene
|-hitcount|p1: Hatterene|3
|
|win|Princessjosie1001!
|raw|jessies boyfriend's rating: 1427 &rarr; <strong>1407</strong><br />(-20 for losing)
|raw|Princessjosie1001!'s rating: 1425 &rarr; <strong>1445</strong><br />(+20 for winning)
|l|☆jessies boyfriend
|player|p1|
|l|☆Princessjosie1001!
|player|p2|
