|html|<div class="broadcast-blue"><strong>[Gen 9] OU is currently suspecting Tera Blast! For information on how to participate check out the <a href="https://www.smogon.com/tools/suspects/view/200">suspect thread</a>.</strong></div>
|j|☆zhihe0719
|j|☆GaeStarDust
|t:|1776050886
|gametype|singles
|player|p1|zhihe0719|pokemonrangerf-gen4|1401
|player|p2|GaeStarDust|nate|1390
|gen|9
|tier|[Gen 9] OU
|rated|
|rule|HP Percentage Mod: HP is shown in percentages
|rule|Endless Battle Clause: Forcing endless battles is banned
|rule|Species Clause: Limit one of each Pokémon
|rule|OHKO Clause: OHKO moves are banned
|rule|Evasion Items Clause: Evasion items are banned
|rule|Evasion Moves Clause: Evasion moves are banned
|rule|Evasion Abilities Clause: Evasion abilities are banned
|rule|Sleep Moves Clause: Sleep-inducing moves are banned
|clearpoke
|poke|p1|Slowking-Galar, F|
|poke|p1|Kyurem|
|poke|p1|Landorus-Therian, M|
|poke|p1|Zamazenta-*|
|poke|p1|Samurott-Hisui, F|
|poke|p1|Iron Treads|
|poke|p2|Arcanine, M|
|poke|p2|Glimmora, F|
|poke|p2|Meowscarada, F|
|poke|p2|Corviknight, M|
|poke|p2|Zoroark-Hisui, M|
|poke|p2|Hydreigon, F|
|teampreview
|inactive|Battle timer is ON: inactive players will automatically lose when time's up. (requested by zhihe0719)
|j| ohko_smeargle
|
|t:|1776050907
|teamsize|p1|6
|teamsize|p2|6
|start
|switch|p1a: Landorus|Landorus-Therian, M|100/100
|switch|p2a: Glimmora|Glimmora, F|100/100
|-ability|p1a: Landorus|Intimidate|boost
|-unboost|p2a: Glimmora|atk|1
|turn|1
|
|t:|1776050919
|move|p2a: Glimmora|Hyper Voice|p1a: Landorus
|-damage|p1a: Landorus|27/100
|move|p1a: Landorus|Stealth Rock|p2a: Glimmora
|-sidestart|p2: GaeStarDust|move: Stealth Rock
|
|upkeep
|turn|2
|
|t:|1776050923
|switch|p1a: Slowking|Slowking-Galar, F|100/100
|move|p2a: Glimmora|Hyper Voice|p1a: Slowking
|-damage|p1a: Slowking|63/100
|
|upkeep
|turn|3
|
|t:|1776050931
|switch|p2a: Corviknight|Corviknight, M|100/100
|-damage|p2a: Corviknight|88/100|[from] Stealth Rock
|move|p1a: Slowking|Future Sight|p2a: Corviknight
|-start|p1a: Slowking|move: Future Sight
|
|-heal|p2a: Corviknight|94/100|[from] item: Leftovers
|upkeep
|turn|4
|
|t:|1776050938
|move|p2a: Corviknight|Iron Defense|p2a: Corviknight
|-boost|p2a: Corviknight|def|2
|move|p1a: Slowking|Ice Beam|p2a: Corviknight
|-damage|p2a: Corviknight|77/100
|
|-heal|p2a: Corviknight|84/100|[from] item: Leftovers
|upkeep
|turn|5
|
|t:|1776050943
|move|p2a: Corviknight|Brave Bird|p1a: Slowking
|-damage|p1a: Slowking|21/100
|-damage|p2a: Corviknight|70/100|[from] Recoil
|-prepare|p1a: Slowking|Chilly Reception|[premajor]
|move|p1a: Slowking|Chilly Reception|p1a: Slowking
|-weather|Snowscape
|
|t:|1776050962
|switch|p1a: Kyurem|Kyurem|100/100|[from] Chilly Reception
|-ability|p1a: Kyurem|Pressure
|
|-weather|Snowscape|[upkeep]
|-end|p2a: Corviknight|move: Future Sight
|-resisted|p2a: Corviknight
|-damage|p2a: Corviknight|54/100
|-heal|p2a: Corviknight|61/100|[from] item: Leftovers
|upkeep
|turn|6
|
|t:|1776050978
|switch|p1a: Landorus|Landorus-Therian, M|27/100
|-ability|p1a: Landorus|Intimidate|boost
|-ability|p2a: Corviknight|Mirror Armor
|-unboost|p1a: Landorus|atk|1
|move|p2a: Corviknight|Roost|p2a: Corviknight
|-heal|p2a: Corviknight|100/100
|-singleturn|p2a: Corviknight|move: Roost
|
|-weather|Snowscape|[upkeep]
|upkeep
|turn|7
|
|t:|1776050983
|move|p1a: Landorus|U-turn|p2a: Corviknight
|-resisted|p2a: Corviknight
|-damage|p2a: Corviknight|99/100
|
|t:|1776050990
|switch|p1a: Zamazenta|Zamazenta|100/100|[from] U-turn
|-ability|p1a: Zamazenta|Dauntless Shield|boost
|-boost|p1a: Zamazenta|def|1
|move|p2a: Corviknight|Brave Bird|p1a: Zamazenta
|-supereffective|p1a: Zamazenta
|-damage|p1a: Zamazenta|54/100
|-damage|p2a: Corviknight|86/100|[from] Recoil
|
|-weather|Snowscape|[upkeep]
|-heal|p1a: Zamazenta|60/100|[from] item: Leftovers
|-heal|p2a: Corviknight|93/100|[from] item: Leftovers
|upkeep
|turn|8
|
|t:|1776051020
|move|p1a: Zamazenta|Iron Defense|p1a: Zamazenta
|-boost|p1a: Zamazenta|def|2
|move|p2a: Corviknight|Brave Bird|p1a: Zamazenta
|-supereffective|p1a: Zamazenta
|-damage|p1a: Zamazenta|32/100
|-damage|p2a: Corviknight|85/100|[from] Recoil
|
|-weather|Snowscape|[upkeep]
|-heal|p1a: Zamazenta|38/100|[from] item: Leftovers
|-heal|p2a: Corviknight|91/100|[from] item: Leftovers
|upkeep
|turn|9
|
|t:|1776051028
|move|p1a: Zamazenta|Iron Defense|p1a: Zamazenta
|-boost|p1a: Zamazenta|def|2
|move|p2a: Corviknight|Brave Bird|p1a: Zamazenta
|-supereffective|p1a: Zamazenta
|-damage|p1a: Zamazenta|18/100
|-damage|p2a: Corviknight|86/100|[from] Recoil
|
|-weather|none
|-heal|p1a: Zamazenta|24/100|[from] item: Leftovers
|-heal|p2a: Corviknight|92/100|[from] item: Leftovers
|upkeep
|turn|10
|
|t:|1776051031
|move|p1a: Zamazenta|Body Press|p2a: Corviknight
|-damage|p2a: Corviknight|44/100
|move|p2a: Corviknight|Brave Bird|p1a: Zamazenta
|-supereffective|p1a: Zamazenta
|-damage|p1a: Zamazenta|5/100
|-damage|p2a: Corviknight|39/100|[from] Recoil
|
|-heal|p1a: Zamazenta|11/100|[from] item: Leftovers
|-heal|p2a: Corviknight|45/100|[from] item: Leftovers
|upkeep
|turn|11
|inactive|GaeStarDust has 120 seconds left.
|
|t:|1776051078
|move|p1a: Zamazenta|Body Press|p2a: Corviknight
|-crit|p2a: Corviknight
|-damage|p2a: Corviknight|0 fnt
|faint|p2a: Corviknight
|
|-heal|p1a: Zamazenta|17/100|[from] item: Leftovers
|upkeep
|
|t:|1776051085
|switch|p2a: Glimmora|Glimmora, F|100/100
|-damage|p2a: Glimmora|88/100|[from] Stealth Rock
|turn|12
|
|t:|1776051109
|switch|p1a: Slowking|Slowking-Galar, F|55/100
|move|p2a: Glimmora|Bitter Malice|p1a: Slowking
|-supereffective|p1a: Slowking
|-damage|p1a: Slowking|0 fnt
|faint|p1a: Slowking
|
|upkeep
|
|t:|1776051111
|switch|p1a: Samurott|Samurott-Hisui, F|100/100
|turn|13
|
|t:|1776051116
|switch|p2a: Arcanine|Arcanine, M|100/100
|-ability|p2a: Arcanine|Intimidate|boost
|-unboost|p1a: Samurott|atk|1
|move|p1a: Samurott|Ceaseless Edge|p2a: Arcanine
|-damage|p2a: Arcanine|74/100
|-sidestart|p2: GaeStarDust|Spikes
|
|upkeep
|turn|14
|
|t:|1776051124
|move|p1a: Samurott|Ceaseless Edge|p2a: Arcanine
|-damage|p2a: Arcanine|44/100
|-sidestart|p2: GaeStarDust|Spikes
|move|p2a: Arcanine|Will-O-Wisp|p1a: Samurott
|-status|p1a: Samurott|brn
|
|-damage|p1a: Samurott|94/100 brn|[from] brn
|upkeep
|turn|15
|
|t:|1776051137
|move|p1a: Samurott|Ceaseless Edge|p2a: Arcanine
|-damage|p2a: Arcanine|29/100
|-sidestart|p2: GaeStarDust|Spikes
|move|p2a: Arcanine|Morning Sun|p2a: Arcanine
|-heal|p2a: Arcanine|79/100
|
|-damage|p1a: Samurott|88/100 brn|[from] brn
|upkeep
|turn|16
|
|t:|1776051141
|switch|p2a: Luna|Meowscarada, F|100/100
|-damage|p2a: Luna|88/100|[from] Stealth Rock
|-damage|p2a: Luna|63/100|[from] Spikes
|move|p1a: Samurott|Flip Turn|p2a: Luna
|-resisted|p2a: Luna
|-damage|p2a: Luna|56/100
|
|t:|1776051144
|switch|p1a: Zamazenta|Zamazenta|17/100|[from] Flip Turn
|
|-heal|p1a: Zamazenta|23/100|[from] item: Leftovers
|upkeep
|turn|17
|
|t:|1776051169
|move|p1a: Zamazenta|Crunch|p2a: Luna
|-resisted|p2a: Luna
|-damage|p2a: Luna|38/100
|move|p2a: Luna|Flower Trick|p1a: Zamazenta
|-start|p2a: Luna|typechange|Grass|[from] ability: Protean
|-crit|p1a: Zamazenta
|-damage|p1a: Zamazenta|0 fnt
|faint|p1a: Zamazenta
|-damage|p2a: Luna|28/100|[from] item: Life Orb
|
|upkeep
|
|t:|1776051182
|switch|p1a: Kyurem|Kyurem|100/100
|-ability|p1a: Kyurem|Pressure
|turn|18
|
|t:|1776051197
|move|p2a: Luna|Low Kick|p1a: Kyurem
|-supereffective|p1a: Kyurem
|-damage|p1a: Kyurem|8/100
|-damage|p2a: Luna|18/100|[from] item: Life Orb
|move|p1a: Kyurem|Substitute|p1a: Kyurem
|-fail|p1a: Kyurem|move: Substitute|[weak]
|
|-heal|p1a: Kyurem|15/100|[from] item: Leftovers
|upkeep
|turn|19
|-message|zhihe0719 forfeited.
|
|win|GaeStarDust
|raw|zhihe0719's rating: 1401 &rarr; <strong>1380</strong><br />(-21 for losing)
|raw|GaeStarDust's rating: 1390 &rarr; <strong>1411</strong><br />(+21 for winning)
|l|☆zhihe0719
|player|p1|
|l| ohko_smeargle
|l|☆GaeStarDust
|player|p2|
