|html|<div class="broadcast-blue"><strong>[Gen 9] OU is currently suspecting Tera Blast! For information on how to participate check out the <a href="https://www.smogon.com/tools/suspects/view/200">suspect thread</a>.</strong></div>
|j|☆Virid18
|j|☆Yxng_K1NG
|t:|1776033535
|gametype|singles
|player|p1|Virid18|169|1074
|player|p2|Yxng_K1NG|102|1069
|gen|9
|tier|[Gen 9] OU
|rated|
|rule|HP Percentage Mod: HP is shown in percentages
|rule|Endless Battle Clause: Forcing endless battles is banned
|rule|Species Clause: Limit one of each Pokémon
|rule|OHKO Clause: OHKO moves are banned
|rule|Evasion Items Clause: Evasion items are banned
|rule|Evasion Moves Clause: Evasion moves are banned
|rule|Evasion Abilities Clause: Evasion abilities are banned
|rule|Sleep Moves Clause: Sleep-inducing moves are banned
|clearpoke
|poke|p1|Milotic, M|
|poke|p1|Ursaluna, F|
|poke|p1|Glimmora, F|
|poke|p1|Cinderace, M|
|poke|p1|Gliscor, M|
|poke|p1|Perrserker, M|
|poke|p2|Hawlucha, M|
|poke|p2|Hydreigon, M|
|poke|p2|Banette, M|
|poke|p2|Feraligatr, M|
|poke|p2|Krookodile, M|
|poke|p2|Leavanny, M|
|teampreview
|
|t:|1776033539
|teamsize|p1|6
|teamsize|p2|6
|start
|switch|p1a: Glimmora|Glimmora, F|100/100
|switch|p2a: Stick Bug?|Leavanny, M, shiny|100/100
|turn|1
|
|t:|1776033549
|move|p2a: Stick Bug?|Sticky Web|p1a: Glimmora
|-sidestart|p1: Virid18|move: Sticky Web
|move|p1a: Glimmora|Mortal Spin|p2a: Stick Bug?
|-supereffective|p2a: Stick Bug?
|-damage|p2a: Stick Bug?|82/100
|-status|p2a: Stick Bug?|psn
|-sideend|p1: Virid18|Sticky Web|[from] move: Mortal Spin|[of] p1a: Glimmora
|
|-damage|p2a: Stick Bug?|70/100 psn|[from] psn
|upkeep
|turn|2
|
|t:|1776033559
|move|p2a: Stick Bug?|Knock Off|p1a: Glimmora
|-damage|p1a: Glimmora|69/100
|-damage|p2a: Stick Bug?|53/100 psn|[from] item: Rocky Helmet|[of] p1a: Glimmora
|-activate|p1a: Glimmora|ability: Toxic Debris
|-sidestart|p2: Yxng_K1NG|move: Toxic Spikes
|-enditem|p1a: Glimmora|Rocky Helmet|[from] move: Knock Off|[of] p2a: Stick Bug?
|move|p1a: Glimmora|Toxic Spikes|p2a: Stick Bug?
|-sidestart|p2: Yxng_K1NG|move: Toxic Spikes
|
|-damage|p2a: Stick Bug?|41/100 psn|[from] psn
|upkeep
|turn|3
|
|t:|1776033570
|move|p2a: Stick Bug?|Leaf Blade|p1a: Glimmora
|-damage|p1a: Glimmora|32/100
|move|p1a: Glimmora|Light Screen|p1a: Glimmora
|-sidestart|p1: Virid18|move: Light Screen
|
|-damage|p2a: Stick Bug?|29/100 psn|[from] psn
|upkeep
|turn|4
|
|t:|1776033584
|move|p2a: Stick Bug?|Leaf Blade|p1a: Glimmora
|-damage|p1a: Glimmora|0 fnt
|faint|p1a: Glimmora
|
|-damage|p2a: Stick Bug?|16/100 psn|[from] psn
|upkeep
|
|t:|1776033594
|switch|p1a: Perrserker|Perrserker, M|100/100
|turn|5
|
|t:|1776033607
|move|p2a: Stick Bug?|Knock Off|p1a: Perrserker
|-damage|p1a: Perrserker|73/100
|-enditem|p1a: Perrserker|Choice Band|[from] move: Knock Off|[of] p2a: Stick Bug?
|move|p1a: Perrserker|Gyro Ball|p2a: Stick Bug?
|-damage|p2a: Stick Bug?|0 fnt
|faint|p2a: Stick Bug?
|
|upkeep
|inactive|Battle timer is ON: inactive players will automatically lose when time's up. (requested by Virid18)
|
|t:|1776033644
|switch|p2a: Mysterio|Hawlucha, M, shiny|100/100
|turn|6
|
|t:|1776033654
|move|p2a: Mysterio|Swords Dance|p2a: Mysterio
|-boost|p2a: Mysterio|atk|2
|move|p1a: Perrserker|Gyro Ball|p2a: Mysterio
|-damage|p2a: Mysterio|0 fnt
|faint|p2a: Mysterio
|
|upkeep
|
|t:|1776033662
|switch|p2a: Mr. K|Krookodile, M, shiny|100/100
|-status|p2a: Mr. K|tox
|-ability|p2a: Mr. K|Intimidate|boost
|-unboost|p1a: Perrserker|atk|1
|turn|7
|
|t:|1776033674
|move|p2a: Mr. K|Bulk Up|p2a: Mr. K
|-boost|p2a: Mr. K|atk|1
|-boost|p2a: Mr. K|def|1
|move|p1a: Perrserker|Gyro Ball|p2a: Mr. K
|-damage|p2a: Mr. K|67/100 tox
|
|-heal|p2a: Mr. K|73/100 tox|[from] item: Leftovers
|-damage|p2a: Mr. K|67/100 tox|[from] psn
|-sideend|p1: Virid18|move: Light Screen
|upkeep
|turn|8
|
|t:|1776033686
|move|p2a: Mr. K|Earthquake|p1a: Perrserker
|-supereffective|p1a: Perrserker
|-crit|p1a: Perrserker
|-damage|p1a: Perrserker|0 fnt
|faint|p1a: Perrserker
|
|-heal|p2a: Mr. K|73/100 tox|[from] item: Leftovers
|-damage|p2a: Mr. K|61/100 tox|[from] psn
|upkeep
|
|t:|1776033701
|switch|p1a: Milotic|Milotic, M|100/100
|turn|9
|
|t:|1776033710
|move|p2a: Mr. K|Earthquake|p1a: Milotic
|-damage|p1a: Milotic|25/100
|move|p1a: Milotic|Scald|p2a: Mr. K
|-supereffective|p2a: Mr. K
|-damage|p2a: Mr. K|0 fnt
|faint|p2a: Mr. K
|
|-heal|p1a: Milotic|31/100|[from] item: Leftovers
|upkeep
|
|t:|1776033719
|switch|p2a: Triple|Hydreigon, M, shiny|100/100
|turn|10
|
|t:|1776033727
|move|p2a: Triple|Dark Pulse|p1a: Milotic
|-damage|p1a: Milotic|4/100
|move|p1a: Milotic|Recover|p1a: Milotic
|-heal|p1a: Milotic|54/100
|
|-heal|p1a: Milotic|60/100|[from] item: Leftovers
|upkeep
|turn|11
|
|t:|1776033736
|move|p2a: Triple|Dark Pulse|p1a: Milotic
|-damage|p1a: Milotic|33/100
|move|p1a: Milotic|Ice Beam|p2a: Triple
|-supereffective|p2a: Triple
|-damage|p2a: Triple|32/100
|
|-heal|p1a: Milotic|39/100|[from] item: Leftovers
|upkeep
|turn|12
|
|t:|1776033745
|move|p2a: Triple|Dark Pulse|p1a: Milotic
|-damage|p1a: Milotic|7/100
|move|p1a: Milotic|Ice Beam|p2a: Triple
|-supereffective|p2a: Triple
|-damage|p2a: Triple|0 fnt
|faint|p2a: Triple
|
|-heal|p1a: Milotic|13/100|[from] item: Leftovers
|upkeep
|
|t:|1776033748
|switch|p2a: Aqua|Feraligatr, M, shiny|100/100
|-status|p2a: Aqua|tox
|turn|13
|
|t:|1776033758
|move|p2a: Aqua|Crunch|p1a: Milotic
|-damage|p1a: Milotic|0 fnt
|faint|p1a: Milotic
|
|-damage|p2a: Aqua|94/100 tox|[from] psn
|upkeep
|
|t:|1776033767
|switch|p1a: Ursaluna|Ursaluna, F|100/100
|turn|14
|
|t:|1776033775
|-terastallize|p2a: Aqua|Water
|-terastallize|p1a: Ursaluna|Ghost
|move|p2a: Aqua|Liquidation|p1a: Ursaluna
|-damage|p1a: Ursaluna|43/100
|-enditem|p1a: Ursaluna|Sitrus Berry|[eat]
|-heal|p1a: Ursaluna|68/100|[from] item: Sitrus Berry
|move|p1a: Ursaluna|Earthquake|p2a: Aqua
|-damage|p2a: Aqua|25/100 tox
|
|-damage|p2a: Aqua|13/100 tox|[from] psn
|upkeep
|turn|15
|
|t:|1776033791
|move|p2a: Aqua|Liquidation|p1a: Ursaluna
|-damage|p1a: Ursaluna|2/100
|move|p1a: Ursaluna|Earthquake|p2a: Aqua
|-damage|p2a: Aqua|0 fnt
|faint|p2a: Aqua
|
|upkeep
|
|t:|1776033798
|switch|p2a: Shadow|Banette, M, shiny|100/100
|-status|p2a: Shadow|tox
|turn|16
|
|t:|1776033807
|move|p2a: Shadow|Shadow Sneak|p1a: Ursaluna
|-supereffective|p1a: Ursaluna
|-damage|p1a: Ursaluna|0 fnt
|faint|p1a: Ursaluna
|
|-damage|p2a: Shadow|95/100 tox|[from] psn
|upkeep
|
|t:|1776033814
|switch|p1a: Cinderace|Cinderace, M|100/100
|turn|17
|
|t:|1776033819
|move|p2a: Shadow|Shadow Sneak|p1a: Cinderace
|-damage|p1a: Cinderace|74/100
|move|p1a: Cinderace|Court Change|p1a: Cinderace
|-start|p1a: Cinderace|typechange|Normal|[from] ability: Libero
|-swapsideconditions
|-activate|p1a: Cinderace|move: Court Change
|
|-damage|p2a: Shadow|83/100 tox|[from] psn
|upkeep
|turn|18
|
|t:|1776033828
|move|p1a: Cinderace|Iron Head|p2a: Shadow
|-damage|p2a: Shadow|39/100 tox
|move|p2a: Shadow|Will-O-Wisp|p1a: Cinderace
|-status|p1a: Cinderace|brn
|
|-damage|p2a: Shadow|21/100 tox|[from] psn
|-damage|p1a: Cinderace|68/100 brn|[from] brn
|upkeep
|turn|19
|
|t:|1776033837
|move|p1a: Cinderace|Iron Head|p2a: Shadow
|-damage|p2a: Shadow|0 fnt
|faint|p2a: Shadow
|
|win|Virid18
|raw|Virid18's rating: 1074 &rarr; <strong>1102</strong><br />(+28 for winning)
|raw|Yxng_K1NG's rating: 1069 &rarr; <strong>1049</strong><br />(-20 for losing)
|l|☆Yxng_K1NG
|player|p2|
|l|☆Virid18
|player|p1|
