|html|<div class="broadcast-blue"><strong>[Gen 9] OU is currently suspecting Tera Blast! For information on how to participate check out the <a href="https://www.smogon.com/tools/suspects/view/200">suspect thread</a>.</strong></div>
|j|☆groovythunder
|j|☆TB Last Dance
|t:|1776269163
|gametype|singles
|player|p1|groovythunder|169|1517
|player|p2|TB Last Dance|leaf-masters|1492
|gen|9
|tier|[Gen 9] OU
|rated|
|rule|HP Percentage Mod: HP is shown in percentages
|rule|Endless Battle Clause: Forcing endless battles is banned
|rule|Species Clause: Limit one of each Pokémon
|rule|OHKO Clause: OHKO moves are banned
|rule|Evasion Items Clause: Evasion items are banned
|rule|Evasion Moves Clause: Evasion moves are banned
|rule|Evasion Abilities Clause: Evasion abilities are banned
|rule|Sleep Moves Clause: Sleep-inducing moves are banned
|clearpoke
|poke|p1|Ninetales, F|
|poke|p1|Great Tusk|
|poke|p1|Heatran, F|
|poke|p1|Walking Wake|
|poke|p1|Raging Bolt|
|poke|p1|Sinistcha|
|poke|p2|Dragonite, F|
|poke|p2|Samurott-Hisui, F|
|poke|p2|Clefable, F|
|poke|p2|Gliscor, M|
|poke|p2|Gholdengo|
|poke|p2|Zamazenta-*|
|teampreview
|
|t:|1776269175
|teamsize|p1|6
|teamsize|p2|6
|start
|switch|p1a: Ninetales|Ninetales, F|100/100
|switch|p2a: Samurott|Samurott-Hisui, F|100/100
|-weather|SunnyDay|[from] ability: Drought|[of] p1a: Ninetales
|turn|1
|
|t:|1776269178
|move|p1a: Ninetales|Will-O-Wisp|p2a: Samurott
|-status|p2a: Samurott|brn
|move|p2a: Samurott|Ceaseless Edge|p1a: Ninetales
|-damage|p1a: Ninetales|66/100
|-sidestart|p1: groovythunder|Spikes
|
|-weather|SunnyDay|[upkeep]
|-damage|p2a: Samurott|94/100 brn|[from] brn
|upkeep
|turn|2
|
|t:|1776269184
|switch|p1a: Great Tusk|Great Tusk|100/100
|-damage|p1a: Great Tusk|88/100|[from] Spikes
|-activate|p1a: Great Tusk|ability: Protosynthesis
|-start|p1a: Great Tusk|protosynthesisatk
|switch|p2a: Clefable|Clefable, F|100/100
|
|-weather|SunnyDay|[upkeep]
|upkeep
|turn|3
|
|t:|1776269190
|-end|p1a: Great Tusk|Protosynthesis|[silent]
|switch|p1a: Heatran|Heatran, F|100/100
|-damage|p1a: Heatran|88/100|[from] Spikes
|move|p2a: Clefable|Moonblast|p1a: Heatran
|-resisted|p1a: Heatran
|-damage|p1a: Heatran|83/100
|
|-weather|SunnyDay|[upkeep]
|-heal|p1a: Heatran|89/100|[from] item: Leftovers
|upkeep
|turn|4
|
|t:|1776269196
|switch|p2a: Samurott|Samurott-Hisui, F|94/100 brn
|move|p1a: Heatran|Taunt|p2a: Samurott
|-start|p2a: Samurott|move: Taunt
|
|-weather|SunnyDay|[upkeep]
|-heal|p1a: Heatran|95/100|[from] item: Leftovers
|-damage|p2a: Samurott|88/100 brn|[from] brn
|upkeep
|turn|5
|
|t:|1776269205
|move|p2a: Samurott|Knock Off|p1a: Heatran
|-damage|p1a: Heatran|74/100
|-enditem|p1a: Heatran|Leftovers|[from] move: Knock Off|[of] p2a: Samurott
|move|p1a: Heatran|Stealth Rock|p2a: Samurott
|-sidestart|p2: TB Last Dance|move: Stealth Rock
|
|-weather|SunnyDay|[upkeep]
|-damage|p2a: Samurott|82/100 brn|[from] brn
|upkeep
|turn|6
|
|t:|1776269232
|switch|p2a: Clefable|Clefable, F|100/100
|switch|p1a: Great Tusk|Great Tusk|88/100
|-damage|p1a: Great Tusk|76/100|[from] Spikes
|-activate|p1a: Great Tusk|ability: Protosynthesis
|-start|p1a: Great Tusk|protosynthesisatk
|
|-weather|SunnyDay|[upkeep]
|upkeep
|turn|7
|
|t:|1776269238
|move|p1a: Great Tusk|Knock Off|p2a: Clefable
|-resisted|p2a: Clefable
|-damage|p2a: Clefable|85/100
|-damage|p1a: Great Tusk|59/100|[from] item: Rocky Helmet|[of] p2a: Clefable
|-enditem|p2a: Clefable|Rocky Helmet|[from] move: Knock Off|[of] p1a: Great Tusk
|move|p2a: Clefable|Moonblast|p1a: Great Tusk
|-supereffective|p1a: Great Tusk
|-damage|p1a: Great Tusk|0 fnt
|faint|p1a: Great Tusk
|-end|p1a: Great Tusk|Protosynthesis|[silent]
|
|-weather|SunnyDay|[upkeep]
|upkeep
|
|t:|1776269243
|switch|p1a: Walking Wake|Walking Wake|100/100
|-damage|p1a: Walking Wake|88/100|[from] Spikes
|-activate|p1a: Walking Wake|ability: Protosynthesis
|-start|p1a: Walking Wake|protosynthesisspe
|turn|8
|
|t:|1776269252
|switch|p2a: Samurott|Samurott-Hisui, F|82/100 brn
|-damage|p2a: Samurott|70/100 brn|[from] Stealth Rock
|-terastallize|p1a: Walking Wake|Water
|move|p1a: Walking Wake|Hydro Steam|p2a: Samurott
|-resisted|p2a: Samurott
|-damage|p2a: Samurott|26/100 brn
|
|-weather|none
|-end|p1a: Walking Wake|Protosynthesis
|-damage|p2a: Samurott|20/100 brn|[from] brn
|upkeep
|turn|9
|
|t:|1776269255
|move|p2a: Samurott|Sucker Punch|p1a: Walking Wake
|-damage|p1a: Walking Wake|72/100
|move|p1a: Walking Wake|Hydro Steam|p2a: Samurott
|-resisted|p2a: Samurott
|-damage|p2a: Samurott|0 fnt
|faint|p2a: Samurott
|
|upkeep
|
|t:|1776269299
|switch|p2a: Dragonite|Dragonite, F|100/100
|turn|10
|
|t:|1776269308
|-end|p1a: Walking Wake|Protosynthesis|[silent]
|switch|p1a: Sinistcha|Sinistcha|100/100
|switch|p2a: Gholdengo|Gholdengo|100/100
|-damage|p2a: Gholdengo|94/100|[from] Stealth Rock
|
|upkeep
|turn|11
|inactive|Battle timer is ON: inactive players will automatically lose when time's up. (requested by TB Last Dance)
|
|t:|1776269318
|switch|p1a: Ninetales|Ninetales, F|66/100
|-damage|p1a: Ninetales|54/100|[from] Spikes
|-weather|SunnyDay|[from] ability: Drought|[of] p1a: Ninetales
|move|p2a: Gholdengo|Shadow Ball|p1a: Ninetales
|-damage|p1a: Ninetales|12/100
|
|-weather|SunnyDay|[upkeep]
|upkeep
|turn|12
|
|t:|1776269324
|switch|p1a: Heatran|Heatran, F|74/100
|-damage|p1a: Heatran|61/100|[from] Spikes
|move|p2a: Gholdengo|Shadow Ball|p1a: Heatran
|-damage|p1a: Heatran|34/100
|
|-weather|SunnyDay|[upkeep]
|upkeep
|turn|13
|inactive|TB Last Dance has 120 seconds left.
|
|t:|1776269355
|switch|p1a: Walking Wake|Walking Wake, tera:Water|72/100
|-damage|p1a: Walking Wake|59/100|[from] Spikes
|-activate|p1a: Walking Wake|ability: Protosynthesis
|-start|p1a: Walking Wake|protosynthesisspe
|-terastallize|p2a: Gholdengo|Ghost
|move|p2a: Gholdengo|Shadow Ball|p1a: Walking Wake
|-damage|p1a: Walking Wake|0 fnt
|faint|p1a: Walking Wake
|-end|p1a: Walking Wake|Protosynthesis|[silent]
|
|-weather|SunnyDay|[upkeep]
|upkeep
|-message|groovythunder forfeited.
|
|win|TB Last Dance
|raw|groovythunder's rating: 1517 &rarr; <strong>1496</strong><br />(-21 for losing)
|raw|TB Last Dance's rating: 1492 &rarr; <strong>1513</strong><br />(+21 for winning)
|l|☆groovythunder
|player|p1|
