|html|<div class="broadcast-blue"><strong>[Gen 9] OU is currently suspecting Tera Blast! For information on how to participate check out the <a href="https://www.smogon.com/tools/suspects/view/200">suspect thread</a>.</strong></div>
|j|☆NotreDamedelaMer
|j|☆Randomcan42
|t:|1776090127
|gametype|singles
|player|p1|NotreDamedelaMer|veteranf|1395
|player|p2|Randomcan42|170|1338
|gen|9
|tier|[Gen 9] OU
|rated|
|rule|HP Percentage Mod: HP is shown in percentages
|rule|Endless Battle Clause: Forcing endless battles is banned
|rule|Species Clause: Limit one of each Pokémon
|rule|OHKO Clause: OHKO moves are banned
|rule|Evasion Items Clause: Evasion items are banned
|rule|Evasion Moves Clause: Evasion moves are banned
|rule|Evasion Abilities Clause: Evasion abilities are banned
|rule|Sleep Moves Clause: Sleep-inducing moves are banned
|clearpoke
|poke|p1|Tinkaton, F|
|poke|p1|Ogerpon, F|
|poke|p1|Great Tusk|
|poke|p1|Pecharunt|
|poke|p1|Alomomola, M|
|poke|p1|Hydreigon, M|
|poke|p2|Alomomola, M|
|poke|p2|Registeel|
|poke|p2|Cyclizar, M|
|poke|p2|Dragonite, F|
|poke|p2|Dudunsparce-*, F|
|poke|p2|Moltres-Galar|
|teampreview
|inactive|Battle timer is ON: inactive players will automatically lose when time's up. (requested by NotreDamedelaMer)
|j| ohko_smeargle
|
|t:|1776090143
|teamsize|p1|6
|teamsize|p2|6
|start
|switch|p1a: Anonymous|Ogerpon, F|100/100
|switch|p2a: Dudunsparce|Dudunsparce, F|100/100
|turn|1
|
|t:|1776090147
|move|p1a: Anonymous|U-turn|p2a: Dudunsparce
|-damage|p2a: Dudunsparce|78/100
|-ability|p2a: Dudunsparce|Rattled|boost
|-boost|p2a: Dudunsparce|spe|1
|
|t:|1776090155
|switch|p1a: Pisces|Alomomola, M, shiny|100/100|[from] U-turn
|move|p2a: Dudunsparce|Glare|p1a: Pisces
|-status|p1a: Pisces|par
|
|-heal|p2a: Dudunsparce|84/100|[from] item: Leftovers
|upkeep
|turn|2
|
|t:|1776090160
|move|p2a: Dudunsparce|Protect|p2a: Dudunsparce
|-singleturn|p2a: Dudunsparce|Protect
|move|p1a: Pisces|Flip Turn|p2a: Dudunsparce
|-activate|p2a: Dudunsparce|move: Protect
|
|-heal|p2a: Dudunsparce|90/100|[from] item: Leftovers
|upkeep
|turn|3
|
|t:|1776090166
|move|p2a: Dudunsparce|Body Press|p1a: Pisces
|-damage|p1a: Pisces|82/100 par
|move|p1a: Pisces|Flip Turn|p2a: Dudunsparce
|-damage|p2a: Dudunsparce|81/100
|
|t:|1776090171
|switch|p1a: Overseer|Pecharunt|100/100|[from] Flip Turn
|
|-heal|p2a: Dudunsparce|87/100|[from] item: Leftovers
|upkeep
|turn|4
|
|t:|1776090173
|move|p2a: Dudunsparce|Glare|p1a: Overseer
|-status|p1a: Overseer|par
|move|p1a: Overseer|Malignant Chain|p2a: Dudunsparce
|-damage|p2a: Dudunsparce|59/100
|
|-heal|p2a: Dudunsparce|65/100|[from] item: Leftovers
|upkeep
|turn|5
|
|t:|1776090182
|move|p2a: Dudunsparce|Protect|p2a: Dudunsparce
|-singleturn|p2a: Dudunsparce|Protect
|move|p1a: Overseer|Parting Shot|p2a: Dudunsparce
|-activate|p2a: Dudunsparce|move: Protect
|
|-heal|p2a: Dudunsparce|72/100|[from] item: Leftovers
|upkeep
|turn|6
|
|t:|1776090186
|switch|p2a: Registeel|Registeel|100/100
|move|p1a: Overseer|Malignant Chain|p2a: Registeel
|-immune|p2a: Registeel
|
|upkeep
|turn|7
|
|t:|1776090192
|switch|p1a: Behemoth|Great Tusk, shiny|100/100
|move|p2a: Registeel|Earthquake|p1a: Behemoth
|-damage|p1a: Behemoth|82/100
|
|upkeep
|turn|8
|
|t:|1776090199
|switch|p2a: Alomomola|Alomomola, M|100/100
|move|p1a: Behemoth|Close Combat|p2a: Alomomola
|-damage|p2a: Alomomola|66/100
|-unboost|p1a: Behemoth|def|1
|-unboost|p1a: Behemoth|spd|1
|-damage|p1a: Behemoth|66/100|[from] item: Rocky Helmet|[of] p2a: Alomomola
|
|upkeep
|turn|9
|
|t:|1776090206
|-end|p1a: Behemoth|Protosynthesis|[silent]
|switch|p1a: Anonymous|Ogerpon, F|100/100
|move|p2a: Alomomola|Flip Turn|p1a: Anonymous
|-resisted|p1a: Anonymous
|-damage|p1a: Anonymous|91/100
|
|t:|1776090213
|switch|p2a: Dudunsparce|Dudunsparce, F|72/100|[from] Flip Turn
|
|-heal|p2a: Dudunsparce|78/100|[from] item: Leftovers
|upkeep
|turn|10
|
|t:|1776090219
|switch|p1a: Overseer|Pecharunt|100/100 par
|move|p2a: Dudunsparce|Glare|p1a: Overseer
|-fail|p1a: Overseer|par
|
|-heal|p2a: Dudunsparce|84/100|[from] item: Leftovers
|upkeep
|turn|11
|
|t:|1776090222
|move|p2a: Dudunsparce|Protect|p2a: Dudunsparce
|-singleturn|p2a: Dudunsparce|Protect
|move|p1a: Overseer|Parting Shot|p2a: Dudunsparce
|-activate|p2a: Dudunsparce|move: Protect
|
|-heal|p2a: Dudunsparce|90/100|[from] item: Leftovers
|upkeep
|turn|12
|
|t:|1776090226
|switch|p2a: Registeel|Registeel|100/100
|move|p1a: Overseer|Parting Shot|p2a: Registeel
|-fail|p2a: Registeel|unboost|[from] ability: Clear Body|[of] p2a: Registeel
|
|upkeep
|turn|13
|
|t:|1776090235
|switch|p1a: Pisces|Alomomola, M, shiny|100/100 par
|move|p2a: Registeel|Earthquake|p1a: Pisces
|-damage|p1a: Pisces|79/100 par
|
|upkeep
|turn|14
|
|t:|1776090240
|move|p2a: Registeel|Thunder Punch|p1a: Pisces
|-supereffective|p1a: Pisces
|-damage|p1a: Pisces|50/100 par
|move|p1a: Pisces|Flip Turn|p2a: Registeel
|-damage|p2a: Registeel|89/100
|
|t:|1776090246
|switch|p1a: Hybrid|Hydreigon, M, shiny|100/100|[from] Flip Turn
|
|upkeep
|turn|15
|
|t:|1776090253
|move|p1a: Hybrid|Dark Pulse|p2a: Registeel
|-damage|p2a: Registeel|64/100
|move|p2a: Registeel|Ice Punch|p1a: Hybrid
|-supereffective|p1a: Hybrid
|-damage|p1a: Hybrid|54/100
|
|upkeep
|turn|16
|
|t:|1776090258
|move|p1a: Hybrid|Dark Pulse|p2a: Registeel
|-damage|p2a: Registeel|39/100
|move|p2a: Registeel|Iron Head|p1a: Hybrid
|-damage|p1a: Hybrid|18/100
|
|upkeep
|turn|17
|
|t:|1776090260
|move|p1a: Hybrid|Dark Pulse|p2a: Registeel
|-damage|p2a: Registeel|12/100
|move|p2a: Registeel|Iron Head|p1a: Hybrid
|-damage|p1a: Hybrid|0 fnt
|faint|p1a: Hybrid
|
|upkeep
|
|t:|1776090268
|switch|p1a: Anonymous|Ogerpon, F|91/100
|turn|18
|
|t:|1776090277
|move|p1a: Anonymous|Knock Off|p2a: Registeel
|-damage|p2a: Registeel|0 fnt
|-enditem|p2a: Registeel|Assault Vest|[from] move: Knock Off|[of] p1a: Anonymous
|faint|p2a: Registeel
|
|upkeep
|
|t:|1776090281
|switch|p2a: Moltres|Moltres-Galar|100/100
|turn|19
|
|t:|1776090289
|switch|p1a: Pisces|Alomomola, M, shiny|83/100 par
|move|p2a: Moltres|Fiery Wrath|p1a: Pisces
|-damage|p1a: Pisces|68/100 par
|
|upkeep
|turn|20
|
|t:|1776090293
|move|p2a: Moltres|Fiery Wrath|p1a: Pisces
|-crit|p1a: Pisces
|-damage|p1a: Pisces|44/100 par
|move|p1a: Pisces|Flip Turn|p2a: Moltres
|-damage|p2a: Moltres|85/100
|
|t:|1776090298
|switch|p1a: Smile.exe|Tinkaton, F, shiny|100/100|[from] Flip Turn
|-item|p1a: Smile.exe|Air Balloon
|
|-heal|p2a: Moltres|91/100|[from] item: Leftovers
|upkeep
|turn|21
|
|t:|1776090301
|move|p1a: Smile.exe|Ice Hammer|p2a: Moltres|[miss]
|-miss|p1a: Smile.exe|p2a: Moltres
|move|p2a: Moltres|Fiery Wrath|p1a: Smile.exe
|-resisted|p1a: Smile.exe
|-damage|p1a: Smile.exe|86/100
|-enditem|p1a: Smile.exe|Air Balloon
|
|-heal|p2a: Moltres|97/100|[from] item: Leftovers
|upkeep
|turn|22
|
|t:|1776090304
|switch|p2a: Alomomola|Alomomola, M|99/100
|move|p1a: Smile.exe|Stealth Rock|p2a: Alomomola
|-sidestart|p2: Randomcan42|move: Stealth Rock
|
|upkeep
|turn|23
|
|t:|1776090312
|switch|p1a: Overseer|Pecharunt|100/100 par
|move|p2a: Alomomola|Flip Turn|p1a: Overseer
|-damage|p1a: Overseer|93/100 par
|-damage|p2a: Alomomola|82/100|[from] item: Rocky Helmet|[of] p1a: Overseer
|
|t:|1776090321
|switch|p2a: Moltres|Moltres-Galar|97/100|[from] Flip Turn
|-damage|p2a: Moltres|72/100|[from] Stealth Rock
|
|-heal|p2a: Moltres|78/100|[from] item: Leftovers
|upkeep
|turn|24
|
|t:|1776090326
|move|p2a: Moltres|Nasty Plot|p2a: Moltres
|-boost|p2a: Moltres|spa|2
|cant|p1a: Overseer|par
|
|-heal|p2a: Moltres|85/100|[from] item: Leftovers
|upkeep
|turn|25
|
|t:|1776090329
|move|p2a: Moltres|Fiery Wrath|p1a: Overseer
|-supereffective|p1a: Overseer
|-damage|p1a: Overseer|0 fnt
|faint|p1a: Overseer
|
|-heal|p2a: Moltres|91/100|[from] item: Leftovers
|upkeep
|
|t:|1776090332
|switch|p1a: Pisces|Alomomola, M, shiny|77/100 par
|turn|26
|
|t:|1776090334
|move|p2a: Moltres|Fiery Wrath|p1a: Pisces
|-damage|p1a: Pisces|45/100 par
|move|p1a: Pisces|Mirror Coat|p2a: Moltres
|-immune|p2a: Moltres
|
|-heal|p2a: Moltres|97/100|[from] item: Leftovers
|upkeep
|turn|27
|
|t:|1776090338
|move|p2a: Moltres|Agility|p2a: Moltres
|-boost|p2a: Moltres|spe|2
|cant|p1a: Pisces|par
|
|-heal|p2a: Moltres|100/100|[from] item: Leftovers
|upkeep
|turn|28
|
|t:|1776090342
|move|p2a: Moltres|Nasty Plot|p2a: Moltres
|-boost|p2a: Moltres|spa|2
|move|p1a: Pisces|Play Rough|p2a: Moltres
|-supereffective|p2a: Moltres
|-damage|p2a: Moltres|68/100
|
|-heal|p2a: Moltres|74/100|[from] item: Leftovers
|upkeep
|turn|29
|
|t:|1776090349
|move|p1a: Pisces|Aqua Jet|p2a: Moltres
|-damage|p2a: Moltres|63/100
|move|p2a: Moltres|Nasty Plot|p2a: Moltres
|-boost|p2a: Moltres|spa|2
|
|-heal|p2a: Moltres|69/100|[from] item: Leftovers
|upkeep
|turn|30
|
|t:|1776090352
|move|p1a: Pisces|Aqua Jet|p2a: Moltres
|-damage|p2a: Moltres|59/100
|move|p2a: Moltres|Nasty Plot|p2a: Moltres
|-boost|p2a: Moltres|spa|0
|
|-heal|p2a: Moltres|65/100|[from] item: Leftovers
|upkeep
|turn|31
|
|t:|1776090355
|move|p1a: Pisces|Aqua Jet|p2a: Moltres
|-damage|p2a: Moltres|54/100
|move|p2a: Moltres|Agility|p2a: Moltres
|-boost|p2a: Moltres|spe|2
|
|-heal|p2a: Moltres|60/100|[from] item: Leftovers
|upkeep
|turn|32
|
|t:|1776090357
|move|p1a: Pisces|Aqua Jet|p2a: Moltres
|-damage|p2a: Moltres|50/100
|move|p2a: Moltres|Fiery Wrath|p1a: Pisces
|-damage|p1a: Pisces|0 fnt
|faint|p1a: Pisces
|
|-heal|p2a: Moltres|56/100|[from] item: Leftovers
|upkeep
|
|t:|1776090360
|switch|p1a: Smile.exe|Tinkaton, F, shiny|86/100
|turn|33
|
|t:|1776090364
|move|p2a: Moltres|Fiery Wrath|p1a: Smile.exe
|-resisted|p1a: Smile.exe
|-damage|p1a: Smile.exe|22/100
|move|p1a: Smile.exe|Ice Hammer|p2a: Moltres
|-supereffective|p2a: Moltres
|-damage|p2a: Moltres|8/100
|-unboost|p1a: Smile.exe|spe|1
|
|-heal|p2a: Moltres|14/100|[from] item: Leftovers
|upkeep
|turn|34
|
|t:|1776090367
|move|p2a: Moltres|Fiery Wrath|p1a: Smile.exe
|-resisted|p1a: Smile.exe
|-damage|p1a: Smile.exe|0 fnt
|faint|p1a: Smile.exe
|
|-heal|p2a: Moltres|20/100|[from] item: Leftovers
|upkeep
|
|t:|1776090369
|switch|p1a: Behemoth|Great Tusk, shiny|66/100
|turn|35
|
|t:|1776090374
|move|p2a: Moltres|Fiery Wrath|p1a: Behemoth
|-resisted|p1a: Behemoth
|-damage|p1a: Behemoth|0 fnt
|faint|p1a: Behemoth
|-end|p1a: Behemoth|Protosynthesis|[silent]
|
|-heal|p2a: Moltres|27/100|[from] item: Leftovers
|upkeep
|
|t:|1776090377
|switch|p1a: Anonymous|Ogerpon, F|91/100
|turn|36
|
|t:|1776090380
|-terastallize|p1a: Anonymous|Grass
|detailschange|p1a: Anonymous|Ogerpon-Teal-Tera, F, tera:Grass
|-ability|p1a: Anonymous|Embody Aspect (Teal)|boost
|-boost|p1a: Anonymous|spe|1
|move|p2a: Moltres|Fiery Wrath|p1a: Anonymous
|-damage|p1a: Anonymous|0 fnt
|faint|p1a: Anonymous
|detailschange|p1: Anonymous|Ogerpon, F|[silent]
|
|win|Randomcan42
|raw|NotreDamedelaMer's rating: 1395 &rarr; <strong>1372</strong><br />(-23 for losing)
|raw|Randomcan42's rating: 1338 &rarr; <strong>1361</strong><br />(+23 for winning)
|l|☆NotreDamedelaMer
|player|p1|
|l| ohko_smeargle
|l|☆Randomcan42
|player|p2|
