|html|<div class="broadcast-blue"><strong>[Gen 9] OU is currently suspecting Tera Blast! For information on how to participate check out the <a href="https://www.smogon.com/tools/suspects/view/200">suspect thread</a>.</strong></div>
|j|☆kiratheundead
|j|☆Orosu1922
|t:|1776227670
|gametype|singles
|player|p1|kiratheundead|byron|1119
|player|p2|Orosu1922|iris-gen5bw2|1158
|gen|9
|tier|[Gen 9] OU
|rated|
|rule|HP Percentage Mod: HP is shown in percentages
|rule|Endless Battle Clause: Forcing endless battles is banned
|rule|Species Clause: Limit one of each Pokémon
|rule|OHKO Clause: OHKO moves are banned
|rule|Evasion Items Clause: Evasion items are banned
|rule|Evasion Moves Clause: Evasion moves are banned
|rule|Evasion Abilities Clause: Evasion abilities are banned
|rule|Sleep Moves Clause: Sleep-inducing moves are banned
|clearpoke
|poke|p1|Dragonite, F|
|poke|p1|Kyurem|
|poke|p1|Rillaboom, F|
|poke|p1|Garganacl, M|
|poke|p1|Toxapex, M|
|poke|p1|Meowscarada, M|
|poke|p2|Tyranitar, M|
|poke|p2|Excadrill, M|
|poke|p2|Zamazenta-*|
|poke|p2|Ogerpon-Wellspring, F|
|poke|p2|Moltres|
|poke|p2|Primarina, F|
|teampreview
|inactive|Battle timer is ON: inactive players will automatically lose when time's up. (requested by kiratheundead)
|
|t:|1776227678
|teamsize|p1|6
|teamsize|p2|6
|start
|switch|p1a: Garganacl|Garganacl, M|100/100
|switch|p2a: Tyranitar|Tyranitar, M|100/100
|-weather|Sandstorm|[from] ability: Sand Stream|[of] p2a: Tyranitar
|turn|1
|
|t:|1776227685
|move|p2a: Tyranitar|Low Kick|p1a: Garganacl
|-supereffective|p1a: Garganacl
|-damage|p1a: Garganacl|54/100
|move|p1a: Garganacl|Salt Cure|p2a: Tyranitar
|-damage|p2a: Tyranitar|89/100
|-start|p2a: Tyranitar|Salt Cure
|
|-weather|Sandstorm|[upkeep]
|-heal|p1a: Garganacl|61/100|[from] item: Leftovers
|-damage|p2a: Tyranitar|77/100|[from] Salt Cure
|upkeep
|turn|2
|
|t:|1776227692
|move|p2a: Tyranitar|Knock Off|p1a: Garganacl
|-damage|p1a: Garganacl|32/100
|-enditem|p1a: Garganacl|Leftovers|[from] move: Knock Off|[of] p2a: Tyranitar
|move|p1a: Garganacl|Recover|p1a: Garganacl
|-heal|p1a: Garganacl|82/100
|
|-weather|Sandstorm|[upkeep]
|-damage|p2a: Tyranitar|65/100|[from] Salt Cure
|upkeep
|turn|3
|
|t:|1776227696
|switch|p2a: Excadrill|Excadrill, M|100/100
|-item|p2a: Excadrill|Air Balloon
|move|p1a: Garganacl|Protect||[still]
|-fail|p1a: Garganacl
|
|-weather|Sandstorm|[upkeep]
|upkeep
|turn|4
|
|t:|1776227709
|switch|p1a: Kyurem|Kyurem|100/100
|-ability|p1a: Kyurem|Pressure
|move|p2a: Excadrill|Iron Head|p1a: Kyurem
|-supereffective|p1a: Kyurem
|-damage|p1a: Kyurem|21/100
|
|-weather|Sandstorm|[upkeep]
|-damage|p1a: Kyurem|15/100|[from] Sandstorm
|upkeep
|turn|5
|
|t:|1776227719
|move|p2a: Excadrill|Iron Head|p1a: Kyurem
|-supereffective|p1a: Kyurem
|-damage|p1a: Kyurem|0 fnt
|faint|p1a: Kyurem
|
|-weather|Sandstorm|[upkeep]
|upkeep
|
|t:|1776227730
|switch|p1a: Toxapex|Toxapex, M|100/100
|turn|6
|
|t:|1776227745
|move|p2a: Excadrill|Earthquake|p1a: Toxapex
|-supereffective|p1a: Toxapex
|-damage|p1a: Toxapex|35/100
|move|p1a: Toxapex|Toxic Spikes|p2a: Excadrill
|-sidestart|p2: Orosu1922|move: Toxic Spikes
|
|-weather|Sandstorm|[upkeep]
|-damage|p1a: Toxapex|29/100|[from] Sandstorm
|-heal|p1a: Toxapex|35/100|[from] item: Black Sludge
|upkeep
|turn|7
|
|t:|1776227752
|move|p2a: Excadrill|Earthquake|p1a: Toxapex
|-supereffective|p1a: Toxapex
|-damage|p1a: Toxapex|0 fnt
|faint|p1a: Toxapex
|
|-weather|Sandstorm|[upkeep]
|upkeep
|
|t:|1776227760
|switch|p1a: Garganacl|Garganacl, M|82/100
|turn|8
|
|t:|1776227775
|switch|p1a: Dragonite|Dragonite, F|100/100
|move|p2a: Excadrill|Earthquake|p1a: Dragonite
|-immune|p1a: Dragonite
|
|-weather|none
|upkeep
|turn|9
|
|t:|1776227781
|-terastallize|p2a: Excadrill|Ice
|move|p2a: Excadrill|Tera Blast|p1a: Dragonite|[anim] Tera Blast Ice
|-supereffective|p1a: Dragonite
|-damage|p1a: Dragonite|0 fnt
|faint|p1a: Dragonite
|
|upkeep
|
|t:|1776227786
|switch|p1a: Meowscarada|Meowscarada, M|100/100
|turn|10
|
|t:|1776227790
|move|p1a: Meowscarada|Flower Trick|p2a: Excadrill
|-crit|p2a: Excadrill
|-damage|p2a: Excadrill|2/100
|-enditem|p2a: Excadrill|Air Balloon
|-damage|p1a: Meowscarada|91/100|[from] item: Life Orb
|move|p2a: Excadrill|Tera Blast|p1a: Meowscarada|[anim] Tera Blast Ice
|-supereffective|p1a: Meowscarada
|-damage|p1a: Meowscarada|0 fnt
|faint|p1a: Meowscarada
|
|upkeep
|
|t:|1776227792
|switch|p1a: Rillaboom|Rillaboom, F|100/100
|-fieldstart|move: Grassy Terrain|[from] ability: Grassy Surge|[of] p1a: Rillaboom
|turn|11
|
|t:|1776227805
|move|p1a: Rillaboom|Grassy Glide|p2a: Excadrill
|-damage|p2a: Excadrill|0 fnt
|faint|p2a: Excadrill
|
|upkeep
|
|t:|1776227812
|switch|p2a: Moltres|Moltres|100/100
|turn|12
|-message|kiratheundead forfeited.
|
|win|Orosu1922
|raw|kiratheundead's rating: 1119 &rarr; <strong>1097</strong><br />(-22 for losing)
|raw|Orosu1922's rating: 1158 &rarr; <strong>1180</strong><br />(+22 for winning)
|l|☆kiratheundead
|player|p1|
