|j|☆Djeez
|j|☆Eternal_Nighters
|inactive|Battle timer is ON: inactive players will automatically lose when time's up.
|t:|1776187646
|gametype|singles
|player|p1|Djeez|169|
|player|p2|Eternal_Nighters|elesa|
|gen|9
|tier|[Gen 9] OU
|rated|Tournament battle
|rule|HP Percentage Mod: HP is shown in percentages
|rule|Endless Battle Clause: Forcing endless battles is banned
|rule|Species Clause: Limit one of each Pokémon
|rule|OHKO Clause: OHKO moves are banned
|rule|Evasion Items Clause: Evasion items are banned
|rule|Evasion Moves Clause: Evasion moves are banned
|rule|Evasion Abilities Clause: Evasion abilities are banned
|rule|Sleep Moves Clause: Sleep-inducing moves are banned
|raw|<div class="infobox"><details class="readmore"><summary><strong>15 custom rules:</strong></summary> -burmy, -caterpie, -combee, -kricketot, -magikarp, -scatterbug, -sunkern, -tynamo, -typenull, -weedle, -wurmple, -cosmog, -blipbug, -snom, -wynaut</details></div>
|clearpoke
|poke|p1|Basculegion-F, F|
|poke|p1|Sandaconda, F|
|poke|p1|Kingambit, M|
|poke|p2|Dugtrio, F|
|poke|p2|Electrode-Hisui|
|poke|p2|Braviary-Hisui, M|
|teampreview
|inactive|Djeez also wants the timer to be on.
|j|*Lady Monita 
|
|t:|1776187657
|teamsize|p1|3
|teamsize|p2|3
|start
|switch|p1a: Kingambit|Kingambit, M|100/100
|switch|p2a: Dugtrio|Dugtrio, F, shiny|100/100
|turn|1
|j| calypsak
|
|t:|1776187668
|-end|p1a: Kingambit|fallenundefined|[silent]
|switch|p1a: Sandaconda|Sandaconda, F|100/100
|move|p2a: Dugtrio|Earthquake|p1a: Sandaconda
|-damage|p1a: Sandaconda|64/100
|
|upkeep
|turn|2
|c| calypsak|yooooo
|c| calypsak|crazy team fer
|
|t:|1776187680
|move|p2a: Dugtrio|Swords Dance|p2a: Dugtrio
|-boost|p2a: Dugtrio|atk|2
|move|p1a: Sandaconda|Coil|p1a: Sandaconda
|-boost|p1a: Sandaconda|atk|1
|-boost|p1a: Sandaconda|def|1
|-boost|p1a: Sandaconda|accuracy|1
|
|upkeep
|turn|3
|
|t:|1776187690
|move|p2a: Dugtrio|Swords Dance|p2a: Dugtrio
|-boost|p2a: Dugtrio|atk|2
|move|p1a: Sandaconda|Scale Shot|p2a: Dugtrio
|-damage|p2a: Dugtrio|64/100
|-damage|p2a: Dugtrio|26/100
|-damage|p2a: Dugtrio|0 fnt
|faint|p2a: Dugtrio
|-hitcount|p2: Dugtrio|3
|-unboost|p1a: Sandaconda|def|1
|-boost|p1a: Sandaconda|spe|1
|
|upkeep
|
|t:|1776187699
|switch|p2a: Electrode|Electrode-Hisui, shiny|100/100
|turn|4
|
|t:|1776187703
|-terastallize|p1a: Sandaconda|Dragon
|move|p2a: Electrode|Energy Ball|p1a: Sandaconda
|-resisted|p1a: Sandaconda
|-damage|p1a: Sandaconda|34/100
|-damage|p2a: Electrode|91/100|[from] item: Life Orb
|move|p1a: Sandaconda|Scale Shot|p2a: Electrode
|-damage|p2a: Electrode|58/100
|-damage|p2a: Electrode|26/100
|-damage|p2a: Electrode|0 fnt
|faint|p2a: Electrode
|-hitcount|p2: Electrode|3
|-unboost|p1a: Sandaconda|def|1
|-boost|p1a: Sandaconda|spe|1
|
|upkeep
|
|t:|1776187707
|switch|p2a: Braviary|Braviary-Hisui, M, shiny|100/100
|turn|5
|
|t:|1776187716
|-terastallize|p2a: Braviary|Psychic
|move|p1a: Sandaconda|Scale Shot|p2a: Braviary
|-damage|p2a: Braviary|77/100
|-damage|p2a: Braviary|54/100
|-damage|p2a: Braviary|30/100
|-damage|p2a: Braviary|6/100
|-hitcount|p2a: Braviary|4
|-unboost|p1a: Sandaconda|def|1
|-boost|p1a: Sandaconda|spe|1
|move|p2a: Braviary|Esper Wing|p1a: Sandaconda
|-crit|p1a: Sandaconda
|-damage|p1a: Sandaconda|0 fnt
|-boost|p2a: Braviary|spe|1
|faint|p1a: Sandaconda
|
|upkeep
|j| WrenTheBurb
|
|t:|1776187729
|switch|p1a: Kingambit|Kingambit, M|100/100
|-activate|p1a: Kingambit|ability: Supreme Overlord
|-start|p1a: Kingambit|fallen1|[silent]
|turn|6
|
|t:|1776187735
|move|p1a: Kingambit|Sucker Punch|p2a: Braviary
|-supereffective|p2a: Braviary
|-damage|p2a: Braviary|0 fnt
|faint|p2a: Braviary
|
|win|Djeez
|n|☆Djeez|djeez
|n|☆Eternal_Nighters|eternalnighters
|n|*Lady Monita |ladymonita
|n| calypsak|calypsak
|n| WrenTheBurb|wrentheburb
