|html|<div class="broadcast-blue"><strong>[Gen 9] OU is currently suspecting Tera Blast! For information on how to participate check out the <a href="https://www.smogon.com/tools/suspects/view/200">suspect thread</a>.</strong></div>
|j|☆a jellyfish
|j|☆drop a baby
|t:|1776035079
|gametype|singles
|player|p1|a jellyfish|bianca|1835
|player|p2|drop a baby|chase|1788
|gen|9
|tier|[Gen 9] OU
|rated|
|rule|HP Percentage Mod: HP is shown in percentages
|rule|Endless Battle Clause: Forcing endless battles is banned
|rule|Species Clause: Limit one of each Pokémon
|rule|OHKO Clause: OHKO moves are banned
|rule|Evasion Items Clause: Evasion items are banned
|rule|Evasion Moves Clause: Evasion moves are banned
|rule|Evasion Abilities Clause: Evasion abilities are banned
|rule|Sleep Moves Clause: Sleep-inducing moves are banned
|clearpoke
|poke|p1|Raging Bolt|
|poke|p1|Zamazenta-*|
|poke|p1|Dragonite, M|
|poke|p1|Samurott-Hisui, M|
|poke|p1|Deoxys-Speed|
|poke|p1|Hatterene, F|
|poke|p2|Darkrai|
|poke|p2|Deoxys-Speed|
|poke|p2|Raging Bolt|
|poke|p2|Kingambit, M|
|poke|p2|Iron Valiant|
|poke|p2|Great Tusk|
|teampreview
|inactive|Battle timer is ON: inactive players will automatically lose when time's up. (requested by a jellyfish)
|c|☆drop a baby|Hf biggest bro
|c|☆a jellyfish|hf mister drop a baby
|inactive|a jellyfish has 120 seconds left.
|
|t:|1776035110
|teamsize|p1|6
|teamsize|p2|6
|start
|switch|p1a: Samurott|Samurott-Hisui, M|100/100
|switch|p2a: Hito no mi Model⚡️|Raging Bolt|100/100
|-enditem|p2a: Hito no mi Model⚡️|Booster Energy
|-activate|p2a: Hito no mi Model⚡️|ability: Protosynthesis|[fromitem]
|-start|p2a: Hito no mi Model⚡️|protosynthesisspa
|turn|1
|c|☆a jellyfish|bollocks you have gotten me
|
|t:|1776035128
|move|p1a: Samurott|Ceaseless Edge|p2a: Hito no mi Model⚡️
|-damage|p2a: Hito no mi Model⚡️|59/100
|-sidestart|p2: drop a baby|Spikes
|move|p2a: Hito no mi Model⚡️|Thunderbolt|p1a: Samurott
|-supereffective|p1a: Samurott
|-damage|p1a: Samurott|0 fnt
|faint|p1a: Samurott
|
|upkeep
|
|t:|1776035132
|switch|p1a: Deoxys|Deoxys-Speed, shiny|100/100
|-ability|p1a: Deoxys|Pressure
|turn|2
|
|t:|1776035142
|move|p1a: Deoxys|Light Screen|p1a: Deoxys
|-sidestart|p1: a jellyfish|move: Light Screen
|move|p2a: Hito no mi Model⚡️|Thunderbolt|p1a: Deoxys
|-damage|p1a: Deoxys|59/100
|
|upkeep
|turn|3
|
|t:|1776035159
|move|p1a: Deoxys|Taunt|p2a: Hito no mi Model⚡️
|-start|p2a: Hito no mi Model⚡️|move: Taunt
|cant|p2a: Hito no mi Model⚡️|move: Taunt|Calm Mind
|
|upkeep
|turn|4
|
|t:|1776035168
|move|p1a: Deoxys|Reflect|p1a: Deoxys
|-sidestart|p1: a jellyfish|Reflect
|move|p2a: Hito no mi Model⚡️|Thunderbolt|p1a: Deoxys
|-damage|p1a: Deoxys|15/100
|
|upkeep
|turn|5
|
|t:|1776035181
|switch|p1a: Hatterene|Hatterene, F, shiny|100/100
|move|p2a: Hito no mi Model⚡️|Thunderbolt|p1a: Hatterene
|-damage|p1a: Hatterene|67/100
|
|-heal|p1a: Hatterene|73/100|[from] item: Leftovers
|-end|p2a: Hito no mi Model⚡️|move: Taunt
|upkeep
|turn|6
|
|t:|1776035188
|move|p2a: Hito no mi Model⚡️|Calm Mind|p2a: Hito no mi Model⚡️
|-boost|p2a: Hito no mi Model⚡️|spa|1
|-boost|p2a: Hito no mi Model⚡️|spd|1
|move|p1a: Hatterene|Calm Mind|p1a: Hatterene
|-boost|p1a: Hatterene|spa|1
|-boost|p1a: Hatterene|spd|1
|
|-heal|p1a: Hatterene|79/100|[from] item: Leftovers
|upkeep
|turn|7
|
|t:|1776035192
|move|p2a: Hito no mi Model⚡️|Thunderbolt|p1a: Hatterene
|-damage|p1a: Hatterene|43/100
|move|p1a: Hatterene|Calm Mind|p1a: Hatterene
|-boost|p1a: Hatterene|spa|1
|-boost|p1a: Hatterene|spd|1
|
|-heal|p1a: Hatterene|49/100|[from] item: Leftovers
|upkeep
|turn|8
|
|t:|1776035196
|move|p2a: Hito no mi Model⚡️|Calm Mind|p2a: Hito no mi Model⚡️
|-boost|p2a: Hito no mi Model⚡️|spa|1
|-boost|p2a: Hito no mi Model⚡️|spd|1
|move|p1a: Hatterene|Draining Kiss|p2a: Hito no mi Model⚡️
|-supereffective|p2a: Hito no mi Model⚡️
|-damage|p2a: Hito no mi Model⚡️|8/100
|-heal|p1a: Hatterene|96/100|[from] drain|[of] p2a: Hito no mi Model⚡️
|
|-heal|p1a: Hatterene|100/100|[from] item: Leftovers
|upkeep
|turn|9
|
|t:|1776035200
|move|p2a: Hito no mi Model⚡️|Thunderbolt|p1a: Hatterene
|-damage|p1a: Hatterene|66/100
|move|p1a: Hatterene|Draining Kiss|p2a: Hito no mi Model⚡️
|-supereffective|p2a: Hito no mi Model⚡️
|-damage|p2a: Hito no mi Model⚡️|0 fnt
|-heal|p1a: Hatterene|73/100|[from] drain|[of] p2a: Hito no mi Model⚡️
|faint|p2a: Hito no mi Model⚡️
|-end|p2a: Hito no mi Model⚡️|Protosynthesis|[silent]
|
|-heal|p1a: Hatterene|79/100|[from] item: Leftovers
|-sideend|p1: a jellyfish|move: Light Screen
|upkeep
|
|t:|1776035213
|switch|p2a: IMU|Darkrai|100/100
|-damage|p2a: IMU|88/100|[from] Spikes
|turn|10
|
|t:|1776035217
|move|p2a: IMU|Sludge Bomb|p1a: Hatterene
|-supereffective|p1a: Hatterene
|-damage|p1a: Hatterene|44/100
|move|p1a: Hatterene|Draining Kiss|p2a: IMU
|-supereffective|p2a: IMU
|-damage|p2a: IMU|0 fnt
|-heal|p1a: Hatterene|100/100|[from] drain|[of] p2a: IMU
|faint|p2a: IMU
|
|upkeep
|
|t:|1776035223
|switch|p2a: Mihawk|Kingambit, M|100/100
|-damage|p2a: Mihawk|88/100|[from] Spikes
|-activate|p2a: Mihawk|ability: Supreme Overlord
|-start|p2a: Mihawk|fallen2|[silent]
|turn|11
|
|t:|1776035230
|-terastallize|p1a: Hatterene|Water
|move|p2a: Mihawk|Iron Head|p1a: Hatterene
|-resisted|p1a: Hatterene
|-damage|p1a: Hatterene|86/100
|cant|p1a: Hatterene|flinch
|
|-heal|p1a: Hatterene|92/100|[from] item: Leftovers
|-sideend|p1: a jellyfish|Reflect
|upkeep
|turn|12
|
|t:|1776035237
|move|p2a: Mihawk|Swords Dance|p2a: Mihawk
|-boost|p2a: Mihawk|atk|2
|move|p1a: Hatterene|Draining Kiss|p2a: Mihawk
|-damage|p2a: Mihawk|25/100
|-heal|p1a: Hatterene|100/100|[from] drain|[of] p2a: Mihawk
|
|upkeep
|turn|13
|
|t:|1776035252
|switch|p1a: Zamazenta|Zamazenta|100/100
|-ability|p1a: Zamazenta|Dauntless Shield|boost
|-boost|p1a: Zamazenta|def|1
|move|p2a: Mihawk|Kowtow Cleave|p1a: Zamazenta
|-resisted|p1a: Zamazenta
|-damage|p1a: Zamazenta|53/100
|
|-heal|p1a: Zamazenta|60/100|[from] item: Leftovers
|upkeep
|turn|14
|
|t:|1776035261
|-end|p2a: Mihawk|fallen2|[silent]
|switch|p2a: Speedy Gonzales|Deoxys-Speed, shiny|100/100
|-damage|p2a: Speedy Gonzales|88/100|[from] Spikes
|-ability|p2a: Speedy Gonzales|Pressure
|move|p1a: Zamazenta|Body Press|p2a: Speedy Gonzales
|-resisted|p2a: Speedy Gonzales
|-damage|p2a: Speedy Gonzales|48/100
|
|-heal|p1a: Zamazenta|66/100|[from] item: Leftovers
|upkeep
|turn|15
|
|t:|1776035269
|switch|p1a: Deoxys|Deoxys-Speed, shiny|15/100
|-ability|p1a: Deoxys|Pressure
|move|p2a: Speedy Gonzales|Psycho Boost|p1a: Deoxys
|-resisted|p1a: Deoxys
|-damage|p1a: Deoxys|0 fnt
|-unboost|p2a: Speedy Gonzales|spa|2
|faint|p1a: Deoxys
|-damage|p2a: Speedy Gonzales|38/100|[from] item: Life Orb
|
|upkeep
|
|t:|1776035273
|switch|p1a: Hatterene|Hatterene, F, shiny, tera:Water|100/100
|turn|16
|
|t:|1776035277
|move|p2a: Speedy Gonzales|Psycho Boost|p1a: Hatterene|[miss]
|-miss|p2a: Speedy Gonzales|p1a: Hatterene
|move|p1a: Hatterene|Calm Mind|p1a: Hatterene
|-boost|p1a: Hatterene|spa|1
|-boost|p1a: Hatterene|spd|1
|
|upkeep
|turn|17
|
|t:|1776035282
|move|p2a: Speedy Gonzales|Superpower|p1a: Hatterene
|-damage|p1a: Hatterene|67/100
|-unboost|p2a: Speedy Gonzales|atk|1
|-unboost|p2a: Speedy Gonzales|def|1
|-damage|p2a: Speedy Gonzales|28/100|[from] item: Life Orb
|move|p1a: Hatterene|Substitute|p1a: Hatterene
|-start|p1a: Hatterene|Substitute
|-damage|p1a: Hatterene|43/100
|
|-heal|p1a: Hatterene|49/100|[from] item: Leftovers
|upkeep
|turn|18
|
|t:|1776035286
|move|p2a: Speedy Gonzales|Psycho Boost|p1a: Hatterene
|-end|p1a: Hatterene|Substitute
|-unboost|p2a: Speedy Gonzales|spa|2
|-damage|p2a: Speedy Gonzales|18/100|[from] item: Life Orb
|move|p1a: Hatterene|Calm Mind|p1a: Hatterene
|-boost|p1a: Hatterene|spa|1
|-boost|p1a: Hatterene|spd|1
|
|-heal|p1a: Hatterene|55/100|[from] item: Leftovers
|upkeep
|turn|19
|
|t:|1776035297
|move|p2a: Speedy Gonzales|Superpower|p1a: Hatterene
|-damage|p1a: Hatterene|30/100
|-unboost|p2a: Speedy Gonzales|atk|1
|-unboost|p2a: Speedy Gonzales|def|1
|-damage|p2a: Speedy Gonzales|8/100|[from] item: Life Orb
|move|p1a: Hatterene|Calm Mind|p1a: Hatterene
|-boost|p1a: Hatterene|spa|1
|-boost|p1a: Hatterene|spd|1
|
|-heal|p1a: Hatterene|36/100|[from] item: Leftovers
|upkeep
|turn|20
|
|t:|1776035305
|move|p2a: Speedy Gonzales|Superpower|p1a: Hatterene
|-crit|p1a: Hatterene
|-damage|p1a: Hatterene|0 fnt
|-unboost|p2a: Speedy Gonzales|atk|1
|-unboost|p2a: Speedy Gonzales|def|1
|faint|p1a: Hatterene
|-damage|p2a: Speedy Gonzales|0 fnt|[from] item: Life Orb
|faint|p2a: Speedy Gonzales
|
|upkeep
|c|☆drop a baby|mb
|c|☆a jellyfish|nah i trolled w hat
|inactive|a jellyfish has 120 seconds left.
|c|☆a jellyfish|idk why i didnt kill deo lol
|
|t:|1776035346
|switch|p2a: BROTD|Great Tusk, shiny|100/100
|switch|p1a: Raging Bolt|Raging Bolt|100/100
|-damage|p2a: BROTD|88/100|[from] Spikes
|-enditem|p2a: BROTD|Booster Energy
|-activate|p2a: BROTD|ability: Protosynthesis|[fromitem]
|-start|p2a: BROTD|protosynthesisspe
|-enditem|p1a: Raging Bolt|Booster Energy
|-activate|p1a: Raging Bolt|ability: Protosynthesis|[fromitem]
|-start|p1a: Raging Bolt|protosynthesisspa
|turn|21
|c|☆a jellyfish|wait i forgot i didnt tera
|c|☆a jellyfish|or i did
|
|t:|1776035367
|-end|p1a: Raging Bolt|Protosynthesis|[silent]
|switch|p1a: Dragonite|Dragonite, M, shiny|100/100
|move|p2a: BROTD|Headlong Rush|p1a: Dragonite
|-immune|p1a: Dragonite
|
|upkeep
|turn|22
|inactive|a jellyfish has 90 seconds left.
|
|t:|1776035389
|switch|p1a: Zamazenta|Zamazenta|66/100
|move|p2a: BROTD|Head Smash|p1a: Zamazenta|[miss]
|-miss|p2a: BROTD|p1a: Zamazenta
|
|-heal|p1a: Zamazenta|72/100|[from] item: Leftovers
|upkeep
|turn|23
|
|t:|1776035398
|move|p2a: BROTD|Taunt|p1a: Zamazenta
|-start|p1a: Zamazenta|move: Taunt
|move|p1a: Zamazenta|Body Press|p2a: BROTD
|-damage|p2a: BROTD|69/100
|
|-heal|p1a: Zamazenta|78/100|[from] item: Leftovers
|upkeep
|turn|24
|
|t:|1776035405
|switch|p1a: Dragonite|Dragonite, M, shiny|100/100
|move|p2a: BROTD|Bulk Up|p2a: BROTD
|-boost|p2a: BROTD|atk|1
|-boost|p2a: BROTD|def|1
|
|upkeep
|turn|25
|
|t:|1776035408
|move|p2a: BROTD|Head Smash|p1a: Dragonite|[miss]
|-miss|p2a: BROTD|p1a: Dragonite
|move|p1a: Dragonite|Outrage|p2a: BROTD
|-damage|p2a: BROTD|34/100
|
|upkeep
|turn|26
|
|t:|1776035410
|move|p2a: BROTD|Head Smash|p1a: Dragonite
|-supereffective|p1a: Dragonite
|-damage|p1a: Dragonite|30/100
|-damage|p2a: BROTD|8/100|[from] Recoil
|move|p1a: Dragonite|Outrage|p2a: BROTD|[from] lockedmove
|-damage|p2a: BROTD|0 fnt
|faint|p2a: BROTD
|-end|p2a: BROTD|Protosynthesis|[silent]
|
|upkeep
|
|t:|1776035412
|switch|p2a: 🎭|Iron Valiant, shiny|100/100
|-damage|p2a: 🎭|88/100|[from] Spikes
|-enditem|p2a: 🎭|Booster Energy
|-activate|p2a: 🎭|ability: Quark Drive|[fromitem]
|-start|p2a: 🎭|quarkdrivespe
|turn|27
|
|t:|1776035423
|move|p2a: 🎭|Calm Mind|p2a: 🎭
|-boost|p2a: 🎭|spa|1
|-boost|p2a: 🎭|spd|1
|move|p1a: Dragonite|Outrage|p2a: 🎭|[from] lockedmove
|-immune|p2a: 🎭
|-start|p1a: Dragonite|confusion|[fatigue]
|
|upkeep
|turn|28
|
|t:|1776035433
|-terastallize|p2a: 🎭|Ghost
|-activate|p1a: Dragonite|confusion
|-damage|p1a: Dragonite|14/100|[from] confusion
|move|p2a: 🎭|Calm Mind|p2a: 🎭
|-boost|p2a: 🎭|spa|1
|-boost|p2a: 🎭|spd|1
|
|upkeep
|turn|29
|
|t:|1776035436
|move|p2a: 🎭|Moonblast|p1a: Dragonite
|-supereffective|p1a: Dragonite
|-damage|p1a: Dragonite|0 fnt
|faint|p1a: Dragonite
|
|upkeep
|
|t:|1776035438
|switch|p1a: Raging Bolt|Raging Bolt|100/100
|turn|30
|
|t:|1776035441
|move|p1a: Raging Bolt|Thunderclap|p2a: 🎭
|-damage|p2a: 🎭|48/100
|move|p2a: 🎭|Moonblast|p1a: Raging Bolt
|-supereffective|p1a: Raging Bolt
|-damage|p1a: Raging Bolt|0 fnt
|faint|p1a: Raging Bolt
|-end|p1a: Raging Bolt|Protosynthesis|[silent]
|
|upkeep
|
|t:|1776035443
|switch|p1a: Zamazenta|Zamazenta|78/100
|turn|31
|
|t:|1776035446
|move|p2a: 🎭|Moonblast|p1a: Zamazenta
|-supereffective|p1a: Zamazenta
|-damage|p1a: Zamazenta|0 fnt
|faint|p1a: Zamazenta
|
|win|drop a baby
|raw|a jellyfish's rating: 1835 &rarr; <strong>1812</strong><br />(-23 for losing)
|raw|drop a baby's rating: 1788 &rarr; <strong>1811</strong><br />(+23 for winning)
|c|☆a jellyfish|gg
|c|☆drop a baby|Gg
|l|☆drop a baby
|player|p2|
|l|☆a jellyfish
|player|p1|
