|html|<div class="broadcast-blue"><strong>[Gen 9] OU is currently suspecting Tera Blast! For information on how to participate check out the <a href="https://www.smogon.com/tools/suspects/view/200">suspect thread</a>.</strong></div>
|j|☆Fucomix
|j|☆Plebagon
|t:|1776064402
|gametype|singles
|player|p1|Fucomix|veteran|1125
|player|p2|Plebagon|1|1170
|gen|9
|tier|[Gen 9] OU
|rated|
|rule|HP Percentage Mod: HP is shown in percentages
|rule|Endless Battle Clause: Forcing endless battles is banned
|rule|Species Clause: Limit one of each Pokémon
|rule|OHKO Clause: OHKO moves are banned
|rule|Evasion Items Clause: Evasion items are banned
|rule|Evasion Moves Clause: Evasion moves are banned
|rule|Evasion Abilities Clause: Evasion abilities are banned
|rule|Sleep Moves Clause: Sleep-inducing moves are banned
|clearpoke
|poke|p1|Quagsire, M|
|poke|p1|Feraligatr, F|
|poke|p1|Muk, F|
|poke|p1|Mightyena, M|
|poke|p1|Noctowl, M|
|poke|p1|Magcargo, M|
|poke|p2|Serperior, M|
|poke|p2|Rillaboom, M|
|poke|p2|Heatran, M|
|poke|p2|Great Tusk|
|poke|p2|Dragapult, F|
|poke|p2|Rotom-Wash|
|teampreview
|j| ohko_smeargle
|
|t:|1776064419
|teamsize|p1|6
|teamsize|p2|6
|start
|switch|p1a: Magcargo|Magcargo, M|100/100
|switch|p2a: Rotom|Rotom-Wash|100/100
|turn|1
|
|t:|1776064433
|switch|p1a: Muk|Muk, F|100/100
|move|p2a: Rotom|Hydro Pump|p1a: Muk
|-damage|p1a: Muk|67/100
|
|-heal|p1a: Muk|73/100|[from] item: Leftovers
|upkeep
|turn|2
|
|t:|1776064444
|switch|p2a: Heatran|Heatran, M|100/100
|-item|p2a: Heatran|Air Balloon
|move|p1a: Muk|Gunk Shot|p2a: Heatran
|-immune|p2a: Heatran
|
|-heal|p1a: Muk|79/100|[from] item: Leftovers
|upkeep
|turn|3
|
|t:|1776064455
|switch|p1a: Feraligatr|Feraligatr, F|100/100
|move|p2a: Heatran|Stealth Rock|p1a: Feraligatr
|-sidestart|p1: Fucomix|move: Stealth Rock
|
|upkeep
|turn|4
|
|t:|1776064464
|switch|p2a: Rillaboom|Rillaboom, M|100/100
|-fieldstart|move: Grassy Terrain|[from] ability: Grassy Surge|[of] p2a: Rillaboom
|move|p1a: Feraligatr|Liquidation|p2a: Rillaboom
|-resisted|p2a: Rillaboom
|-damage|p2a: Rillaboom|77/100
|
|-heal|p2a: Rillaboom|83/100|[from] Grassy Terrain
|-heal|p2a: Rillaboom|89/100|[from] item: Leftovers
|upkeep
|turn|5
|
|t:|1776064478
|switch|p1a: Magcargo|Magcargo, M|100/100
|-damage|p1a: Magcargo|75/100|[from] Stealth Rock
|move|p2a: Rillaboom|Grassy Glide|p1a: Magcargo
|-damage|p1a: Magcargo|43/100
|
|-heal|p2a: Rillaboom|95/100|[from] Grassy Terrain
|-heal|p2a: Rillaboom|100/100|[from] item: Leftovers
|-heal|p1a: Magcargo|49/100|[from] Grassy Terrain
|upkeep
|turn|6
|
|t:|1776064513
|switch|p2a: Rotom|Rotom-Wash|100/100
|move|p1a: Magcargo|Stealth Rock|p2a: Rotom
|-sidestart|p2: Plebagon|move: Stealth Rock
|
|-heal|p1a: Magcargo|55/100|[from] Grassy Terrain
|upkeep
|turn|7
|
|t:|1776064563
|switch|p1a: Noctowl|Noctowl, M|100/100
|-damage|p1a: Noctowl|75/100|[from] Stealth Rock
|move|p2a: Rotom|Hydro Pump|p1a: Noctowl
|-damage|p1a: Noctowl|34/100
|
|-heal|p1a: Noctowl|40/100|[from] item: Leftovers
|upkeep
|turn|8
|
|t:|1776064571
|move|p2a: Rotom|Hydro Pump|p1a: Noctowl
|-damage|p1a: Noctowl|0 fnt
|faint|p1a: Noctowl
|
|-fieldend|move: Grassy Terrain
|upkeep
|
|t:|1776064579
|switch|p1a: Muk|Muk, F|79/100
|-damage|p1a: Muk|67/100|[from] Stealth Rock
|turn|9
|
|t:|1776064586
|move|p2a: Rotom|Hydro Pump|p1a: Muk
|-damage|p1a: Muk|35/100
|move|p1a: Muk|Gunk Shot|p2a: Rotom
|-damage|p2a: Rotom|40/100
|
|-heal|p1a: Muk|41/100|[from] item: Leftovers
|upkeep
|turn|10
|
|t:|1776064595
|switch|p2a: Heatran|Heatran, M|100/100
|-damage|p2a: Heatran|88/100|[from] Stealth Rock
|-item|p2a: Heatran|Air Balloon
|move|p1a: Muk|Gunk Shot|p2a: Heatran
|-immune|p2a: Heatran
|
|-heal|p1a: Muk|47/100|[from] item: Leftovers
|upkeep
|turn|11
|
|t:|1776064607
|switch|p1a: Magcargo|Magcargo, M|55/100
|-damage|p1a: Magcargo|30/100|[from] Stealth Rock
|move|p2a: Heatran|Will-O-Wisp|p1a: Magcargo
|-immune|p1a: Magcargo
|
|upkeep
|turn|12
|
|t:|1776064616
|move|p2a: Heatran|Flash Cannon|p1a: Magcargo
|-damage|p1a: Magcargo|1/100
|move|p1a: Magcargo|Ancient Power|p2a: Heatran
|-crit|p2a: Heatran
|-damage|p2a: Heatran|70/100
|-enditem|p2a: Heatran|Air Balloon
|
|upkeep
|turn|13
|
|t:|1776064627
|move|p2a: Heatran|Flash Cannon|p1a: Magcargo
|-damage|p1a: Magcargo|0 fnt
|faint|p1a: Magcargo
|
|upkeep
|
|t:|1776064631
|switch|p1a: Feraligatr|Feraligatr, F|100/100
|-damage|p1a: Feraligatr|88/100|[from] Stealth Rock
|turn|14
|
|t:|1776064636
|move|p1a: Feraligatr|Earthquake|p2a: Heatran
|-supereffective|p2a: Heatran
|-crit|p2a: Heatran
|-damage|p2a: Heatran|0 fnt
|faint|p2a: Heatran
|
|upkeep
|
|t:|1776064642
|switch|p2a: Rotom|Rotom-Wash|40/100
|-damage|p2a: Rotom|27/100|[from] Stealth Rock
|turn|15
|
|t:|1776064646
|switch|p1a: Muk|Muk, F|47/100
|-damage|p1a: Muk|34/100|[from] Stealth Rock
|move|p2a: Rotom|Will-O-Wisp|p1a: Muk|[miss]
|-miss|p2a: Rotom|p1a: Muk
|
|-heal|p1a: Muk|40/100|[from] item: Leftovers
|upkeep
|turn|16
|
|t:|1776064655
|move|p2a: Rotom|Will-O-Wisp|p1a: Muk
|-status|p1a: Muk|brn
|move|p1a: Muk|Gunk Shot|p2a: Rotom|[miss]
|-miss|p1a: Muk|p2a: Rotom
|
|-heal|p1a: Muk|46/100 brn|[from] item: Leftovers
|-damage|p1a: Muk|40/100 brn|[from] brn
|upkeep
|turn|17
|
|t:|1776064665
|switch|p2a: Great Tusk|Great Tusk|100/100
|-damage|p2a: Great Tusk|97/100|[from] Stealth Rock
|-enditem|p2a: Great Tusk|Booster Energy
|-activate|p2a: Great Tusk|ability: Protosynthesis|[fromitem]
|-start|p2a: Great Tusk|protosynthesisspe
|move|p1a: Muk|Gunk Shot|p2a: Great Tusk
|-resisted|p2a: Great Tusk
|-damage|p2a: Great Tusk|91/100
|
|-heal|p1a: Muk|46/100 brn|[from] item: Leftovers
|-damage|p1a: Muk|40/100 brn|[from] brn
|upkeep
|turn|18
|
|t:|1776064680
|-terastallize|p1a: Muk|Ghost
|move|p2a: Great Tusk|Rapid Spin|p1a: Muk
|-immune|p1a: Muk
|move|p1a: Muk|Fire Punch|p2a: Great Tusk
|-damage|p2a: Great Tusk|85/100
|
|-heal|p1a: Muk|46/100 brn|[from] item: Leftovers
|-damage|p1a: Muk|40/100 brn|[from] brn
|upkeep
|turn|19
|
|t:|1776064692
|move|p2a: Great Tusk|Headlong Rush|p1a: Muk
|-damage|p1a: Muk|0 fnt
|-unboost|p2a: Great Tusk|def|1
|-unboost|p2a: Great Tusk|spd|1
|faint|p1a: Muk
|
|upkeep
|
|t:|1776064701
|switch|p1a: Feraligatr|Feraligatr, F|88/100
|-damage|p1a: Feraligatr|76/100|[from] Stealth Rock
|turn|20
|
|t:|1776064706
|move|p2a: Great Tusk|Headlong Rush|p1a: Feraligatr
|-damage|p1a: Feraligatr|29/100
|-unboost|p2a: Great Tusk|def|1
|-unboost|p2a: Great Tusk|spd|1
|move|p1a: Feraligatr|Liquidation|p2a: Great Tusk
|-supereffective|p2a: Great Tusk
|-damage|p2a: Great Tusk|0 fnt
|faint|p2a: Great Tusk
|-end|p2a: Great Tusk|Protosynthesis|[silent]
|
|upkeep
|
|t:|1776064716
|switch|p2a: Serperior|Serperior, M|100/100
|-damage|p2a: Serperior|88/100|[from] Stealth Rock
|turn|21
|
|t:|1776064722
|move|p2a: Serperior|Leaf Storm|p1a: Feraligatr
|-supereffective|p1a: Feraligatr
|-damage|p1a: Feraligatr|0 fnt
|-boost|p2a: Serperior|spa|2
|faint|p1a: Feraligatr
|
|upkeep
|
|t:|1776064728
|switch|p1a: Mightyena|Mightyena, M|100/100
|-damage|p1a: Mightyena|88/100|[from] Stealth Rock
|turn|22
|
|t:|1776064735
|-terastallize|p2a: Serperior|Grass
|move|p2a: Serperior|Leaf Storm|p1a: Mightyena
|-damage|p1a: Mightyena|0 fnt
|-boost|p2a: Serperior|spa|2
|faint|p1a: Mightyena
|
|upkeep
|-message|Fucomix forfeited.
|
|win|Plebagon
|raw|Fucomix's rating: 1125 &rarr; <strong>1103</strong><br />(-22 for losing)
|raw|Plebagon's rating: 1170 &rarr; <strong>1192</strong><br />(+22 for winning)
|l|☆Fucomix
|player|p1|
|l| ohko_smeargle
|l|☆Plebagon
|player|p2|
