|html|<div class="broadcast-blue"><strong>[Gen 9] OU is currently suspecting Tera Blast! For information on how to participate check out the <a href="https://www.smogon.com/tools/suspects/view/200">suspect thread</a>.</strong></div>
|j|☆OP Earthquakes
|j|☆Brandon_Hersh_AC6
|t:|1776257467
|gametype|singles
|player|p1|OP Earthquakes|giovanni-masters|1623
|player|p2|Brandon_Hersh_AC6|ninjaboy|1578
|gen|9
|tier|[Gen 9] OU
|rated|
|rule|HP Percentage Mod: HP is shown in percentages
|rule|Endless Battle Clause: Forcing endless battles is banned
|rule|Species Clause: Limit one of each Pokémon
|rule|OHKO Clause: OHKO moves are banned
|rule|Evasion Items Clause: Evasion items are banned
|rule|Evasion Moves Clause: Evasion moves are banned
|rule|Evasion Abilities Clause: Evasion abilities are banned
|rule|Sleep Moves Clause: Sleep-inducing moves are banned
|clearpoke
|poke|p1|Excadrill, F|
|poke|p1|Tyranitar, M|
|poke|p1|Kyurem|
|poke|p1|Hawlucha, M|
|poke|p1|Pawmot, F|
|poke|p1|Scizor, M|
|poke|p2|Dragonite, M|
|poke|p2|Samurott-Hisui, F|
|poke|p2|Clefable, F|
|poke|p2|Gliscor, M|
|poke|p2|Gholdengo|
|poke|p2|Zamazenta-*|
|teampreview
|inactive|Battle timer is ON: inactive players will automatically lose when time's up. (requested by OP Earthquakes)
|j| i<3xia
|
|t:|1776257485
|teamsize|p1|6
|teamsize|p2|6
|start
|switch|p1a: Frieza|Kyurem, shiny|100/100
|switch|p2a: Samurott|Samurott-Hisui, F|100/100
|-ability|p1a: Frieza|Pressure
|turn|1
|
|t:|1776257496
|move|p1a: Frieza|Freeze-Dry|p2a: Samurott
|-supereffective|p2a: Samurott
|-damage|p2a: Samurott|30/100
|move|p2a: Samurott|Ceaseless Edge|p1a: Frieza
|-damage|p1a: Frieza|56/100
|-sidestart|p1: OP Earthquakes|Spikes
|
|upkeep
|turn|2
|
|t:|1776257502
|switch|p2a: Clefable|Clefable, F|100/100
|move|p1a: Frieza|Freeze-Dry|p2a: Clefable
|-damage|p2a: Clefable|65/100
|
|upkeep
|turn|3
|
|t:|1776257509
|move|p1a: Frieza|Freeze-Dry|p2a: Clefable
|-damage|p2a: Clefable|28/100
|-status|p2a: Clefable|frz
|cant|p2a: Clefable|frz
|
|upkeep
|turn|4
|
|t:|1776257514
|switch|p2a: Gholdengo|Gholdengo|100/100
|move|p1a: Frieza|Freeze-Dry|p2a: Gholdengo
|-resisted|p2a: Gholdengo
|-damage|p2a: Gholdengo|78/100
|
|upkeep
|turn|5
|
|t:|1776257519
|switch|p1a: Porunga|Pawmot, F|100/100
|-damage|p1a: Porunga|88/100|[from] Spikes
|move|p2a: Gholdengo|Shadow Ball|p1a: Porunga
|-damage|p1a: Porunga|31/100
|
|upkeep
|turn|6
|
|t:|1776257538
|switch|p1a: The sandstorm|Tyranitar, M, shiny|100/100
|-damage|p1a: The sandstorm|88/100|[from] Spikes
|-weather|Sandstorm|[from] ability: Sand Stream|[of] p1a: The sandstorm
|move|p2a: Gholdengo|Shadow Ball|p1a: The sandstorm
|-resisted|p1a: The sandstorm
|-damage|p1a: The sandstorm|73/100
|-unboost|p1a: The sandstorm|spd|1
|
|-weather|Sandstorm|[upkeep]
|upkeep
|turn|7
|
|t:|1776257542
|switch|p2a: Clefable|Clefable, F|28/100 frz
|move|p1a: The sandstorm|Thunder Wave|p2a: Clefable|[miss]
|-miss|p1a: The sandstorm|p2a: Clefable
|
|-weather|Sandstorm|[upkeep]
|upkeep
|turn|8
|
|t:|1776257547
|switch|p1a: Frieza|Kyurem, shiny|56/100
|-damage|p1a: Frieza|44/100|[from] Spikes
|-ability|p1a: Frieza|Pressure
|cant|p2a: Clefable|frz
|
|-weather|Sandstorm|[upkeep]
|-damage|p1a: Frieza|38/100|[from] Sandstorm
|upkeep
|turn|9
|
|t:|1776257553
|move|p1a: Frieza|Freeze-Dry|p2a: Clefable
|-damage|p2a: Clefable|0 fnt
|faint|p2a: Clefable
|
|-weather|Sandstorm|[upkeep]
|-damage|p1a: Frieza|31/100|[from] Sandstorm
|upkeep
|
|t:|1776257567
|switch|p2a: Gholdengo|Gholdengo|78/100
|turn|10
|
|t:|1776257570
|switch|p1a: OP|Excadrill, F|100/100
|-damage|p1a: OP|88/100|[from] Spikes
|move|p2a: Gholdengo|Shadow Ball|p1a: OP
|-damage|p1a: OP|27/100
|
|-weather|Sandstorm|[upkeep]
|upkeep
|turn|11
|
|t:|1776257577
|switch|p2a: Gliscor|Gliscor, M|100/100
|move|p1a: OP|Iron Head|p2a: Gliscor
|-damage|p2a: Gliscor|48/100
|
|-weather|Sandstorm|[upkeep]
|-status|p2a: Gliscor|tox|[from] item: Toxic Orb
|upkeep
|turn|12
|
|t:|1776257580
|switch|p1a: Frieza|Kyurem, shiny|31/100
|-damage|p1a: Frieza|19/100|[from] Spikes
|-ability|p1a: Frieza|Pressure
|move|p2a: Gliscor|Protect||[still]
|-fail|p2a: Gliscor
|
|-weather|Sandstorm|[upkeep]
|-damage|p1a: Frieza|13/100|[from] Sandstorm
|-heal|p2a: Gliscor|61/100 tox|[from] ability: Poison Heal
|upkeep
|turn|13
|
|t:|1776257585
|move|p2a: Gliscor|Protect|p2a: Gliscor
|-singleturn|p2a: Gliscor|Protect
|move|p1a: Frieza|Freeze-Dry|p2a: Gliscor
|-activate|p2a: Gliscor|move: Protect
|
|-weather|none
|-heal|p2a: Gliscor|73/100 tox|[from] ability: Poison Heal
|upkeep
|turn|14
|
|t:|1776257590
|switch|p2a: Gholdengo|Gholdengo|78/100
|move|p1a: Frieza|Shadow Ball|p2a: Gholdengo
|-supereffective|p2a: Gholdengo
|-damage|p2a: Gholdengo|0 fnt
|faint|p2a: Gholdengo
|
|upkeep
|
|t:|1776257602
|switch|p2a: Dragonite|Dragonite, M|100/100
|turn|15
|
|t:|1776257608
|-terastallize|p1a: Frieza|Ghost
|move|p2a: Dragonite|Extreme Speed|p1a: Frieza
|-immune|p1a: Frieza
|move|p1a: Frieza|Endeavor|p2a: Dragonite
|-damage|p2a: Dragonite|15/100
|
|upkeep
|turn|16
|
|t:|1776257618
|-terastallize|p2a: Dragonite|Normal
|move|p1a: Frieza|Freeze-Dry|p2a: Dragonite
|-damage|p2a: Dragonite|0 fnt
|faint|p2a: Dragonite
|
|upkeep
|
|t:|1776257620
|switch|p2a: Samurott|Samurott-Hisui, F|30/100
|turn|17
|
|t:|1776257631
|switch|p1a: Scizor|Scizor, M|100/100
|-damage|p1a: Scizor|88/100|[from] Spikes
|move|p2a: Samurott|Sucker Punch||[still]
|-fail|p2a: Samurott
|
|upkeep
|turn|18
|
|t:|1776257635
|move|p2a: Samurott|Ceaseless Edge|p1a: Scizor
|-crit|p1a: Scizor
|-damage|p1a: Scizor|26/100
|-damage|p2a: Samurott|14/100|[from] item: Rocky Helmet|[of] p1a: Scizor
|-sidestart|p1: OP Earthquakes|Spikes
|move|p1a: Scizor|U-turn|p2a: Samurott
|-supereffective|p2a: Samurott
|-damage|p2a: Samurott|0 fnt
|faint|p2a: Samurott
|
|t:|1776257645
|switch|p1a: Itachi|Hawlucha, M, shiny|100/100|[from] U-turn
|-ability|p1a: Itachi|Mold Breaker
|
|upkeep
|
|t:|1776257650
|switch|p2a: Gliscor|Gliscor, M|73/100 tox
|turn|19
|
|t:|1776257655
|move|p1a: Itachi|Defog|p2a: Gliscor
|-unboost|p2a: Gliscor|evasion|1
|-sideend|p1: OP Earthquakes|Spikes|[from] move: Defog|[of] p1a: Itachi
|move|p2a: Gliscor|Facade|p1a: Itachi
|-damage|p1a: Itachi|56/100
|-enditem|p1a: Itachi|Red Card|[of] p2a: Gliscor
|drag|p2a: Zamazenta|Zamazenta|100/100
|-ability|p2a: Zamazenta|Dauntless Shield|boost
|-boost|p2a: Zamazenta|def|1
|
|upkeep
|turn|20
|
|t:|1776257662
|move|p2a: Zamazenta|Iron Defense|p2a: Zamazenta
|-boost|p2a: Zamazenta|def|2
|move|p1a: Itachi|Encore|p2a: Zamazenta
|-start|p2a: Zamazenta|Encore
|
|upkeep
|turn|21
|
|t:|1776257665
|move|p2a: Zamazenta|Iron Defense|p2a: Zamazenta
|-boost|p2a: Zamazenta|def|2
|move|p1a: Itachi|Swords Dance|p1a: Itachi
|-boost|p1a: Itachi|atk|2
|
|upkeep
|turn|22
|
|t:|1776257667
|move|p2a: Zamazenta|Iron Defense|p2a: Zamazenta
|-boost|p2a: Zamazenta|def|1
|move|p1a: Itachi|Brave Bird|p2a: Zamazenta
|-supereffective|p2a: Zamazenta
|-damage|p2a: Zamazenta|56/100
|-damage|p1a: Itachi|40/100|[from] Recoil
|
|-heal|p2a: Zamazenta|62/100|[from] item: Leftovers
|upkeep
|turn|23
|
|t:|1776257678
|move|p2a: Zamazenta|Iron Defense|p2a: Zamazenta
|-boost|p2a: Zamazenta|def|0
|move|p1a: Itachi|Brave Bird|p2a: Zamazenta
|-supereffective|p2a: Zamazenta
|-damage|p2a: Zamazenta|17/100
|-damage|p1a: Itachi|24/100|[from] Recoil
|
|-heal|p2a: Zamazenta|24/100|[from] item: Leftovers
|-end|p2a: Zamazenta|Encore
|upkeep
|turn|24
|
|t:|1776257693
|switch|p1a: The sandstorm|Tyranitar, M, shiny|73/100
|-weather|Sandstorm|[from] ability: Sand Stream|[of] p1a: The sandstorm
|move|p2a: Zamazenta|Body Press|p1a: The sandstorm
|-supereffective|p1a: The sandstorm
|-damage|p1a: The sandstorm|0 fnt
|faint|p1a: The sandstorm
|
|-weather|Sandstorm|[upkeep]
|-damage|p2a: Zamazenta|17/100|[from] Sandstorm
|-heal|p2a: Zamazenta|24/100|[from] item: Leftovers
|upkeep
|
|t:|1776257699
|switch|p1a: Scizor|Scizor, M|26/100
|turn|25
|
|t:|1776257703
|move|p1a: Scizor|Endure|p1a: Scizor
|-singleturn|p1a: Scizor|move: Endure
|move|p2a: Zamazenta|Body Press|p1a: Scizor
|-activate|p1a: Scizor|move: Endure
|-damage|p1a: Scizor|1/100
|-damage|p2a: Zamazenta|7/100|[from] item: Rocky Helmet|[of] p1a: Scizor
|
|-weather|Sandstorm|[upkeep]
|-damage|p2a: Zamazenta|1/100|[from] Sandstorm
|-heal|p2a: Zamazenta|7/100|[from] item: Leftovers
|upkeep
|turn|26
|
|t:|1776257710
|move|p1a: Scizor|Bullet Punch|p2a: Zamazenta
|-damage|p2a: Zamazenta|0 fnt
|faint|p2a: Zamazenta
|
|-weather|Sandstorm|[upkeep]
|upkeep
|-message|Brandon_Hersh_AC6 forfeited.
|
|win|OP Earthquakes
|raw|OP Earthquakes's rating: 1623 &rarr; <strong>1640</strong><br />(+17 for winning)
|raw|Brandon_Hersh_AC6's rating: 1578 &rarr; <strong>1561</strong><br />(-17 for losing)
|l|☆Brandon_Hersh_AC6
|player|p2|
