|html|<div class="broadcast-blue"><strong>[Gen 9] OU is currently suspecting Tera Blast! For information on how to participate check out the <a href="https://www.smogon.com/tools/suspects/view/200">suspect thread</a>.</strong></div>
|j|☆masafesio
|j|☆chrovalis
|t:|1776056231
|gametype|singles
|player|p1|masafesio|wattson|1188
|player|p2|chrovalis|ethan|1202
|gen|9
|tier|[Gen 9] OU
|rated|
|rule|HP Percentage Mod: HP is shown in percentages
|rule|Endless Battle Clause: Forcing endless battles is banned
|rule|Species Clause: Limit one of each Pokémon
|rule|OHKO Clause: OHKO moves are banned
|rule|Evasion Items Clause: Evasion items are banned
|rule|Evasion Moves Clause: Evasion moves are banned
|rule|Evasion Abilities Clause: Evasion abilities are banned
|rule|Sleep Moves Clause: Sleep-inducing moves are banned
|clearpoke
|poke|p1|Dondozo, M|
|poke|p1|Great Tusk|
|poke|p1|Slowking-Galar, F|
|poke|p1|Kingambit, F|
|poke|p1|Clefable, F|
|poke|p1|Ogerpon-Wellspring, F|
|poke|p2|Arcanine, M|
|poke|p2|Corviknight, M|
|poke|p2|Swampert, M|
|poke|p2|Hariyama, M|
|poke|p2|Hatterene, F|
|poke|p2|Arboliva, F|
|teampreview
|inactive|Battle timer is ON: inactive players will automatically lose when time's up. (requested by chrovalis)
|
|t:|1776056243
|teamsize|p1|6
|teamsize|p2|6
|start
|switch|p1a: Clefable|Clefable, F|100/100
|switch|p2a: Swampert|Swampert, M|100/100
|turn|1
|
|t:|1776056250
|move|p2a: Swampert|Stealth Rock|p1a: Clefable
|-sidestart|p1: masafesio|move: Stealth Rock
|move|p1a: Clefable|Stealth Rock|p2a: Swampert
|-sidestart|p2: chrovalis|move: Stealth Rock
|
|upkeep
|turn|2
|
|t:|1776056263
|move|p1a: Clefable|Moonblast|p2a: Swampert
|-damage|p2a: Swampert|82/100
|-unboost|p2a: Swampert|spa|1
|move|p2a: Swampert|Roar|p1a: Clefable
|drag|p1a: Dondozo|Dondozo, M|100/100
|-damage|p1a: Dondozo|88/100|[from] Stealth Rock
|
|-heal|p2a: Swampert|88/100|[from] item: Leftovers
|-heal|p1a: Dondozo|94/100|[from] item: Leftovers
|upkeep
|turn|3
|
|t:|1776056277
|move|p1a: Dondozo|Liquidation|p2a: Swampert
|-damage|p2a: Swampert|63/100
|move|p2a: Swampert|Roar|p1a: Dondozo
|drag|p1a: Great Tusk|Great Tusk|100/100
|
|-heal|p2a: Swampert|69/100|[from] item: Leftovers
|upkeep
|turn|4
|
|t:|1776056287
|move|p1a: Great Tusk|Rapid Spin|p2a: Swampert
|-damage|p2a: Swampert|55/100
|-boost|p1a: Great Tusk|spe|1
|-sideend|p1: masafesio|Stealth Rock|[from] move: Rapid Spin|[of] p1a: Great Tusk
|move|p2a: Swampert|Earthquake|p1a: Great Tusk
|-damage|p1a: Great Tusk|76/100
|
|-heal|p2a: Swampert|62/100|[from] item: Leftovers
|upkeep
|turn|5
|
|t:|1776056300
|-end|p1a: Great Tusk|Protosynthesis|[silent]
|switch|p1a: Ogerpon|Ogerpon-Wellspring, F|100/100
|move|p2a: Swampert|Flip Turn|p1a: Ogerpon
|-immune|p1a: Ogerpon|[from] ability: Water Absorb
|
|-heal|p2a: Swampert|68/100|[from] item: Leftovers
|upkeep
|turn|6
|
|t:|1776056311
|-terastallize|p2a: Swampert|Poison
|move|p1a: Ogerpon|Trailblaze|p2a: Swampert
|-resisted|p2a: Swampert
|-damage|p2a: Swampert|55/100
|-boost|p1a: Ogerpon|spe|1
|move|p2a: Swampert|Roar|p1a: Ogerpon
|drag|p1a: Clefable|Clefable, F|100/100
|
|-heal|p2a: Swampert|61/100|[from] item: Leftovers
|upkeep
|turn|7
|c|☆masafesio|wow
|c|☆masafesio|tera
|
|t:|1776056328
|move|p2a: Swampert|Earthquake|p1a: Clefable
|-damage|p1a: Clefable|61/100
|move|p1a: Clefable|Thunder Wave|p2a: Swampert
|-status|p2a: Swampert|par
|
|-heal|p1a: Clefable|67/100|[from] item: Leftovers
|-heal|p2a: Swampert|68/100 par|[from] item: Leftovers
|upkeep
|turn|8
|
|t:|1776056337
|switch|p1a: Slowking|Slowking-Galar, F, shiny|100/100
|move|p2a: Swampert|Stealth Rock|p1a: Slowking
|-sidestart|p1: masafesio|move: Stealth Rock
|
|-heal|p2a: Swampert|74/100 par|[from] item: Leftovers
|upkeep
|turn|9
|
|t:|1776056344
|move|p1a: Slowking|Psyshock|p2a: Swampert
|-supereffective|p2a: Swampert
|-damage|p2a: Swampert|11/100 par
|move|p2a: Swampert|Earthquake|p1a: Slowking
|-supereffective|p1a: Slowking
|-damage|p1a: Slowking|30/100
|
|-heal|p2a: Swampert|17/100 par|[from] item: Leftovers
|upkeep
|turn|10
|
|t:|1776056352
|move|p1a: Slowking|Psyshock|p2a: Swampert
|-supereffective|p2a: Swampert
|-damage|p2a: Swampert|0 fnt
|faint|p2a: Swampert
|
|upkeep
|
|t:|1776056366
|switch|p2a: Arboliva|Arboliva, F, shiny|100/100
|-damage|p2a: Arboliva|88/100|[from] Stealth Rock
|turn|11
|
|t:|1776056371
|move|p2a: Arboliva|Earth Power|p1a: Slowking
|-supereffective|p1a: Slowking
|-damage|p1a: Slowking|0 fnt
|faint|p1a: Slowking
|
|upkeep
|
|t:|1776056377
|switch|p1a: Great Tusk|Great Tusk|76/100
|turn|12
|
|t:|1776056380
|switch|p2a: Corviknight|Corviknight, M|100/100
|-damage|p2a: Corviknight|88/100|[from] Stealth Rock
|move|p1a: Great Tusk|Rapid Spin|p2a: Corviknight
|-resisted|p2a: Corviknight
|-damage|p2a: Corviknight|83/100
|-boost|p1a: Great Tusk|spe|1
|-damage|p1a: Great Tusk|59/100|[from] item: Rocky Helmet|[of] p2a: Corviknight
|-sideend|p1: masafesio|Stealth Rock|[from] move: Rapid Spin|[of] p1a: Great Tusk
|
|upkeep
|turn|13
|
|t:|1776056395
|-end|p1a: Great Tusk|Protosynthesis|[silent]
|switch|p1a: Kingambit|Kingambit, F|100/100
|-activate|p1a: Kingambit|ability: Supreme Overlord
|-start|p1a: Kingambit|fallen1|[silent]
|-item|p1a: Kingambit|Air Balloon
|move|p2a: Corviknight|Iron Defense|p2a: Corviknight
|-boost|p2a: Corviknight|def|2
|
|upkeep
|turn|14
|
|t:|1776056403
|move|p2a: Corviknight|Body Press|p1a: Kingambit
|-supereffective|p1a: Kingambit
|-damage|p1a: Kingambit|0 fnt
|-enditem|p1a: Kingambit|Air Balloon
|faint|p1a: Kingambit
|-end|p1a: Kingambit|fallen1|[silent]
|
|upkeep
|
|t:|1776056410
|switch|p1a: Clefable|Clefable, F|67/100
|turn|15
|
|t:|1776056416
|move|p2a: Corviknight|Brave Bird|p1a: Clefable
|-damage|p1a: Clefable|25/100
|-damage|p2a: Corviknight|70/100|[from] Recoil
|move|p1a: Clefable|Thunder Wave|p2a: Corviknight|[miss]
|-miss|p1a: Clefable|p2a: Corviknight
|
|-heal|p1a: Clefable|31/100|[from] item: Leftovers
|upkeep
|turn|16
|
|t:|1776056422
|move|p2a: Corviknight|Brave Bird|p1a: Clefable
|-damage|p1a: Clefable|0 fnt
|faint|p1a: Clefable
|-damage|p2a: Corviknight|60/100|[from] Recoil
|
|upkeep
|-message|masafesio forfeited.
|
|win|chrovalis
|raw|masafesio's rating: 1188 &rarr; <strong>1164</strong><br />(-24 for losing)
|raw|chrovalis's rating: 1202 &rarr; <strong>1226</strong><br />(+24 for winning)
|l|☆masafesio
|player|p1|
|l|☆chrovalis
|player|p2|
