|html|<div class="broadcast-blue"><strong>[Gen 9] OU is currently suspecting Tera Blast! For information on how to participate check out the <a href="https://www.smogon.com/tools/suspects/view/200">suspect thread</a>.</strong></div>
|j|☆elmerbar
|j|☆Veelutinia
|t:|1776323232
|gametype|singles
|player|p1|elmerbar|veteran|1036
|player|p2|Veelutinia|waitress-gen4|1056
|gen|9
|tier|[Gen 9] OU
|rated|
|rule|HP Percentage Mod: HP is shown in percentages
|rule|Endless Battle Clause: Forcing endless battles is banned
|rule|Species Clause: Limit one of each Pokémon
|rule|OHKO Clause: OHKO moves are banned
|rule|Evasion Items Clause: Evasion items are banned
|rule|Evasion Moves Clause: Evasion moves are banned
|rule|Evasion Abilities Clause: Evasion abilities are banned
|rule|Sleep Moves Clause: Sleep-inducing moves are banned
|clearpoke
|poke|p1|Mimikyu, M|
|poke|p1|Tyranitar, M|
|poke|p1|Goodra, M|
|poke|p1|Rotom-Wash|
|poke|p1|Corviknight, F|
|poke|p1|Great Tusk|
|poke|p2|Sylveon, F|
|poke|p2|Espeon, F|
|poke|p2|Ceruledge, M|
|poke|p2|Mamoswine, M|
|poke|p2|Masquerain, M|
|poke|p2|Rillaboom, F|
|teampreview
|
|t:|1776323247
|teamsize|p1|6
|teamsize|p2|6
|start
|switch|p1a: Tyranitar|Tyranitar, M, shiny|100/100
|switch|p2a: Sylveon|Sylveon, F|100/100
|-weather|Sandstorm|[from] ability: Sand Stream|[of] p1a: Tyranitar
|turn|1
|inactive|Battle timer is ON: inactive players will automatically lose when time's up. (requested by Veelutinia)
|j| TheBergentruck1
|
|t:|1776323264
|move|p1a: Tyranitar|Stealth Rock|p2a: Sylveon
|-sidestart|p2: Veelutinia|move: Stealth Rock
|move|p2a: Sylveon|Hyper Beam|p1a: Tyranitar
|-supereffective|p1a: Tyranitar
|-damage|p1a: Tyranitar|3/100
|-mustrecharge|p2a: Sylveon
|-damage|p2a: Sylveon|91/100|[from] item: Life Orb
|
|-weather|Sandstorm|[upkeep]
|-damage|p2a: Sylveon|85/100|[from] Sandstorm
|-heal|p1a: Tyranitar|9/100|[from] item: Leftovers
|upkeep
|turn|2
|
|t:|1776323277
|move|p1a: Tyranitar|Stone Edge|p2a: Sylveon
|-damage|p2a: Sylveon|29/100
|cant|p2a: Sylveon|recharge
|
|-weather|Sandstorm|[upkeep]
|-damage|p2a: Sylveon|23/100|[from] Sandstorm
|-heal|p1a: Tyranitar|16/100|[from] item: Leftovers
|upkeep
|turn|3
|
|t:|1776323287
|switch|p2a: Rillaboom|Rillaboom, F|100/100
|-damage|p2a: Rillaboom|88/100|[from] Stealth Rock
|-fieldstart|move: Grassy Terrain|[from] ability: Grassy Surge|[of] p2a: Rillaboom
|move|p1a: Tyranitar|Ice Punch|p2a: Rillaboom
|-supereffective|p2a: Rillaboom
|-damage|p2a: Rillaboom|39/100
|
|-weather|Sandstorm|[upkeep]
|-damage|p2a: Rillaboom|33/100|[from] Sandstorm
|-heal|p2a: Rillaboom|39/100|[from] Grassy Terrain
|-heal|p1a: Tyranitar|22/100|[from] Grassy Terrain
|-heal|p1a: Tyranitar|28/100|[from] item: Leftovers
|upkeep
|turn|4
|
|t:|1776323302
|switch|p1a: Corviknight|Corviknight, F, shiny|100/100
|-ability|p1a: Corviknight|Pressure
|move|p2a: Rillaboom|Grassy Glide|p1a: Corviknight
|-resisted|p1a: Corviknight
|-damage|p1a: Corviknight|94/100
|-damage|p2a: Rillaboom|22/100|[from] item: Rocky Helmet|[of] p1a: Corviknight
|
|-weather|Sandstorm|[upkeep]
|-damage|p2a: Rillaboom|16/100|[from] Sandstorm
|-heal|p2a: Rillaboom|22/100|[from] Grassy Terrain
|upkeep
|turn|5
|
|t:|1776323317
|move|p2a: Rillaboom|Taunt|p1a: Corviknight
|-start|p1a: Corviknight|move: Taunt
|move|p1a: Corviknight|U-turn|p2a: Rillaboom
|-supereffective|p2a: Rillaboom
|-damage|p2a: Rillaboom|0 fnt
|faint|p2a: Rillaboom
|
|t:|1776323326
|switch|p1a: Tyranitar|Tyranitar, M, shiny|28/100|[from] U-turn
|
|-weather|none
|-heal|p1a: Tyranitar|34/100|[from] Grassy Terrain
|-heal|p1a: Tyranitar|40/100|[from] item: Leftovers
|upkeep
|
|t:|1776323335
|switch|p2a: Espeon|Espeon, F|100/100
|-damage|p2a: Espeon|88/100|[from] Stealth Rock
|turn|6
|
|t:|1776323355
|move|p2a: Espeon|Grass Knot|p1a: Tyranitar
|-supereffective|p1a: Tyranitar
|-damage|p1a: Tyranitar|0 fnt
|faint|p1a: Tyranitar
|
|-heal|p2a: Espeon|94/100|[from] Grassy Terrain
|-damage|p2a: Espeon|82/100|[from] item: Black Sludge
|upkeep
|
|t:|1776323368
|switch|p1a: Mimikyu|Mimikyu, M, shiny|100/100
|turn|7
|l| TheBergentruck1
|
|t:|1776323377
|move|p2a: Espeon|Trick|p1a: Mimikyu
|-activate|p2a: Espeon|move: Trick|[of] p1a: Mimikyu
|-item|p1a: Mimikyu|Black Sludge|[from] move: Trick
|-item|p2a: Espeon|Life Orb|[from] move: Trick
|move|p1a: Mimikyu|Swords Dance|p1a: Mimikyu
|-boost|p1a: Mimikyu|atk|2
|
|-heal|p2a: Espeon|88/100|[from] Grassy Terrain
|-damage|p1a: Mimikyu|88/100|[from] item: Black Sludge
|upkeep
|turn|8
|
|t:|1776323391
|move|p2a: Espeon|Shadow Ball|p1a: Mimikyu
|-activate|p1a: Mimikyu|ability: Disguise
|-damage|p1a: Mimikyu|88/100
|detailschange|p1a: Mimikyu|Mimikyu-Busted, M, shiny
|-damage|p1a: Mimikyu|76/100|[from] pokemon: Mimikyu-Busted
|-damage|p2a: Espeon|78/100|[from] item: Life Orb
|move|p1a: Mimikyu|Swords Dance|p1a: Mimikyu
|-boost|p1a: Mimikyu|atk|2
|
|-heal|p2a: Espeon|84/100|[from] Grassy Terrain
|-heal|p1a: Mimikyu|82/100|[from] Grassy Terrain
|-damage|p1a: Mimikyu|69/100|[from] item: Black Sludge
|upkeep
|turn|9
|
|t:|1776323409
|-terastallize|p2a: Espeon|Poison
|move|p1a: Mimikyu|Shadow Sneak|p2a: Espeon
|-damage|p2a: Espeon|0 fnt
|faint|p2a: Espeon
|
|-heal|p1a: Mimikyu|75/100|[from] Grassy Terrain
|-damage|p1a: Mimikyu|63/100|[from] item: Black Sludge
|upkeep
|
|t:|1776323415
|switch|p2a: Masquerain|Masquerain, M|100/100
|-damage|p2a: Masquerain|51/100|[from] Stealth Rock
|-ability|p2a: Masquerain|Intimidate|boost
|-unboost|p1a: Mimikyu|atk|1
|turn|10
|
|t:|1776323426
|move|p1a: Mimikyu|Shadow Sneak|p2a: Masquerain
|-damage|p2a: Masquerain|0 fnt
|faint|p2a: Masquerain
|
|-heal|p1a: Mimikyu|69/100|[from] Grassy Terrain
|-damage|p1a: Mimikyu|57/100|[from] item: Black Sludge
|-fieldend|move: Grassy Terrain
|upkeep
|
|t:|1776323433
|switch|p2a: Ceruledge|Ceruledge, M|100/100
|-damage|p2a: Ceruledge|76/100|[from] Stealth Rock
|turn|11
|
|t:|1776323438
|move|p1a: Mimikyu|Shadow Sneak|p2a: Ceruledge
|-supereffective|p2a: Ceruledge
|-damage|p2a: Ceruledge|0 fnt
|faint|p2a: Ceruledge
|
|-damage|p1a: Mimikyu|44/100|[from] item: Black Sludge
|upkeep
|
|t:|1776323441
|switch|p2a: Mamoswine|Mamoswine, M|100/100
|-damage|p2a: Mamoswine|88/100|[from] Stealth Rock
|turn|12
|
|t:|1776323450
|move|p1a: Mimikyu|Play Rough|p2a: Mamoswine
|-crit|p2a: Mamoswine
|-damage|p2a: Mamoswine|0 fnt
|faint|p2a: Mamoswine
|
|-damage|p1a: Mimikyu|32/100|[from] item: Black Sludge
|upkeep
|
|t:|1776323455
|switch|p2a: Sylveon|Sylveon, F|23/100
|-damage|p2a: Sylveon|10/100|[from] Stealth Rock
|turn|13
|
|t:|1776323461
|move|p1a: Mimikyu|Shadow Sneak|p2a: Sylveon
|-crit|p2a: Sylveon
|-damage|p2a: Sylveon|0 fnt
|faint|p2a: Sylveon
|
|win|elmerbar
|raw|elmerbar's rating: 1036 &rarr; <strong>1073</strong><br />(+37 for winning)
|raw|Veelutinia's rating: 1056 &rarr; <strong>1037</strong><br />(-19 for losing)
|l|☆Veelutinia
|player|p2|
