|html|<div class="broadcast-blue"><strong>[Gen 9] OU is currently suspecting Tera Blast! For information on how to participate check out the <a href="https://www.smogon.com/tools/suspects/view/200">suspect thread</a>.</strong></div>
|j|☆z3r0cool
|j|☆rulorules2
|t:|1776209479
|gametype|singles
|player|p1|z3r0cool|lorelei-gen1|1543
|player|p2|rulorules2|red|1552
|gen|9
|tier|[Gen 9] OU
|rated|
|rule|HP Percentage Mod: HP is shown in percentages
|rule|Endless Battle Clause: Forcing endless battles is banned
|rule|Species Clause: Limit one of each Pokémon
|rule|OHKO Clause: OHKO moves are banned
|rule|Evasion Items Clause: Evasion items are banned
|rule|Evasion Moves Clause: Evasion moves are banned
|rule|Evasion Abilities Clause: Evasion abilities are banned
|rule|Sleep Moves Clause: Sleep-inducing moves are banned
|clearpoke
|poke|p1|Darkrai|
|poke|p1|Garchomp, M|
|poke|p1|Ogerpon-Wellspring, F|
|poke|p1|Moltres|
|poke|p1|Pecharunt|
|poke|p1|Great Tusk|
|poke|p2|Zamazenta-*|
|poke|p2|Breloom, M|
|poke|p2|Great Tusk|
|poke|p2|Kingambit, M|
|poke|p2|Gholdengo|
|poke|p2|Garganacl, F|
|teampreview
|inactive|Battle timer is ON: inactive players will automatically lose when time's up. (requested by z3r0cool)
|
|t:|1776209502
|teamsize|p1|6
|teamsize|p2|6
|start
|switch|p1a: Garchomp|Garchomp, M, shiny|100/100
|switch|p2a: Great Tusk|Great Tusk|100/100
|-enditem|p2a: Great Tusk|Booster Energy
|-activate|p2a: Great Tusk|ability: Protosynthesis|[fromitem]
|-start|p2a: Great Tusk|protosynthesisatk
|turn|1
|
|t:|1776209518
|move|p2a: Great Tusk|Stealth Rock|p1a: Garchomp
|-sidestart|p1: z3r0cool|move: Stealth Rock
|move|p1a: Garchomp|Stealth Rock|p2a: Great Tusk
|-sidestart|p2: rulorules2|move: Stealth Rock
|
|upkeep
|turn|2
|
|t:|1776209522
|switch|p1a: Moltres|Moltres|100/100
|move|p2a: Great Tusk|Ice Spinner|p1a: Moltres
|-damage|p1a: Moltres|67/100
|
|upkeep
|turn|3
|
|t:|1776209529
|-end|p2a: Great Tusk|Protosynthesis|[silent]
|switch|p2a: Garganacl|Garganacl, F|100/100
|-damage|p2a: Garganacl|88/100|[from] Stealth Rock
|move|p1a: Moltres|Roost|p1a: Moltres
|-heal|p1a: Moltres|100/100
|-singleturn|p1a: Moltres|move: Roost
|
|-heal|p2a: Garganacl|94/100|[from] item: Leftovers
|upkeep
|turn|4
|
|t:|1776209547
|switch|p1a: Garchomp|Garchomp, M, shiny|100/100
|-damage|p1a: Garchomp|94/100|[from] Stealth Rock
|move|p2a: Garganacl|Salt Cure|p1a: Garchomp
|-resisted|p1a: Garchomp
|-damage|p1a: Garchomp|90/100
|-start|p1a: Garchomp|Salt Cure
|
|-heal|p2a: Garganacl|100/100|[from] item: Leftovers
|-damage|p1a: Garchomp|78/100|[from] Salt Cure
|upkeep
|turn|5
|inactive|rulorules2 has 120 seconds left.
|
|t:|1776209600
|move|p2a: Garganacl|Protect|p2a: Garganacl
|-singleturn|p2a: Garganacl|Protect
|move|p1a: Garchomp|Spikes|p2a: Garganacl
|-sidestart|p2: rulorules2|Spikes
|
|-damage|p1a: Garchomp|65/100|[from] Salt Cure
|upkeep
|turn|6
|inactive|rulorules2 has 90 seconds left.
|
|t:|1776209633
|switch|p2a: Gholdengo|Gholdengo|100/100
|-damage|p2a: Gholdengo|94/100|[from] Stealth Rock
|-damage|p2a: Gholdengo|82/100|[from] Spikes
|move|p1a: Garchomp|Dragon Tail|p2a: Gholdengo
|-resisted|p2a: Gholdengo
|-damage|p2a: Gholdengo|68/100
|drag|p2a: Garganacl|Garganacl, F|100/100
|-damage|p2a: Garganacl|88/100|[from] Stealth Rock
|-damage|p2a: Garganacl|76/100|[from] Spikes
|
|-heal|p2a: Garganacl|82/100|[from] item: Leftovers
|-damage|p1a: Garchomp|53/100|[from] Salt Cure
|upkeep
|turn|7
|
|t:|1776209646
|switch|p2a: Gholdengo|Gholdengo|68/100
|-damage|p2a: Gholdengo|62/100|[from] Stealth Rock
|-damage|p2a: Gholdengo|50/100|[from] Spikes
|move|p1a: Garchomp|Earthquake|p2a: Gholdengo
|-supereffective|p2a: Gholdengo
|-damage|p2a: Gholdengo|0 fnt
|faint|p2a: Gholdengo
|
|-damage|p1a: Garchomp|40/100|[from] Salt Cure
|upkeep
|inactive|rulorules2 has 90 seconds left.
|
|t:|1776209657
|switch|p2a: Breloom|Breloom, M|100/100
|-damage|p2a: Breloom|94/100|[from] Stealth Rock
|-damage|p2a: Breloom|82/100|[from] Spikes
|turn|8
|inactive|rulorules2 has 90 seconds left.
|
|t:|1776209667
|switch|p1a: Moltres|Moltres|100/100
|move|p2a: Breloom|Rock Tomb|p1a: Moltres
|-supereffective|p1a: Moltres
|-damage|p1a: Moltres|0 fnt
|faint|p1a: Moltres
|
|upkeep
|
|t:|1776209679
|switch|p1a: Pecharunt|Pecharunt|100/100
|turn|9
|
|t:|1776209685
|switch|p2a: Kingambit|Kingambit, M|100/100
|-damage|p2a: Kingambit|94/100|[from] Stealth Rock
|-damage|p2a: Kingambit|82/100|[from] Spikes
|-activate|p2a: Kingambit|ability: Supreme Overlord
|-start|p2a: Kingambit|fallen1|[silent]
|move|p1a: Pecharunt|Parting Shot|p2a: Kingambit
|-unboost|p2a: Kingambit|atk|1
|-unboost|p2a: Kingambit|spa|1
|
|t:|1776209713
|switch|p1a: Garchomp|Garchomp, M, shiny|40/100|[from] Parting Shot
|-damage|p1a: Garchomp|34/100|[from] Stealth Rock
|
|upkeep
|turn|10
|
|t:|1776209719
|move|p1a: Garchomp|Earthquake|p2a: Kingambit
|-supereffective|p2a: Kingambit
|-damage|p2a: Kingambit|27/100
|move|p2a: Kingambit|Kowtow Cleave|p1a: Garchomp
|-damage|p1a: Garchomp|6/100
|-damage|p2a: Kingambit|15/100|[from] ability: Rough Skin|[of] p1a: Garchomp
|-damage|p2a: Kingambit|0 fnt|[from] item: Rocky Helmet|[of] p1a: Garchomp
|faint|p2a: Kingambit
|-end|p2a: Kingambit|fallen1|[silent]
|
|upkeep
|
|t:|1776209728
|switch|p2a: Great Tusk|Great Tusk|100/100
|-damage|p2a: Great Tusk|98/100|[from] Stealth Rock
|-damage|p2a: Great Tusk|85/100|[from] Spikes
|turn|11
|
|t:|1776209747
|switch|p1a: Pecharunt|Pecharunt|100/100
|move|p2a: Great Tusk|Ice Spinner|p1a: Pecharunt
|-damage|p1a: Pecharunt|87/100
|
|upkeep
|turn|12
|inactive|rulorules2 has 120 seconds left.
|inactive|z3r0cool has 120 seconds left.
|
|t:|1776209774
|move|p2a: Great Tusk|Headlong Rush|p1a: Pecharunt
|-supereffective|p1a: Pecharunt
|-damage|p1a: Pecharunt|23/100
|-unboost|p2a: Great Tusk|def|1
|-unboost|p2a: Great Tusk|spd|1
|move|p1a: Pecharunt|Recover|p1a: Pecharunt
|-heal|p1a: Pecharunt|74/100
|
|upkeep
|turn|13
|
|t:|1776209782
|switch|p1a: Garchomp|Garchomp, M, shiny|6/100
|-damage|p1a: Garchomp|0 fnt|[from] Stealth Rock
|faint|p1a: Garchomp
|move|p2a: Great Tusk|Headlong Rush|p1: Garchomp|[notarget]
|-fail|p2a: Great Tusk
|
|upkeep
|
|t:|1776209789
|switch|p1a: Ogerpon|Ogerpon-Wellspring, F|100/100
|-damage|p1a: Ogerpon|88/100|[from] Stealth Rock
|turn|14
|inactive|z3r0cool has 120 seconds left.
|
|t:|1776209805
|-end|p2a: Great Tusk|Protosynthesis|[silent]
|switch|p2a: Zamazenta|Zamazenta|100/100
|-damage|p2a: Zamazenta|94/100|[from] Stealth Rock
|-damage|p2a: Zamazenta|82/100|[from] Spikes
|-ability|p2a: Zamazenta|Dauntless Shield|boost
|-boost|p2a: Zamazenta|def|1
|move|p1a: Ogerpon|U-turn|p2a: Zamazenta
|-resisted|p2a: Zamazenta
|-damage|p2a: Zamazenta|77/100
|inactive|z3r0cool has 120 seconds left.
|
|t:|1776209813
|switch|p1a: Pecharunt|Pecharunt|74/100|[from] U-turn
|
|-heal|p2a: Zamazenta|83/100|[from] item: Leftovers
|upkeep
|turn|15
|
|t:|1776209818
|move|p2a: Zamazenta|Crunch|p1a: Pecharunt
|-supereffective|p1a: Pecharunt
|-damage|p1a: Pecharunt|54/100
|move|p1a: Pecharunt|Parting Shot|p2a: Zamazenta
|-unboost|p2a: Zamazenta|atk|1
|-unboost|p2a: Zamazenta|spa|1
|inactive|z3r0cool has 120 seconds left.
|
|t:|1776209831
|switch|p1a: Darkrai|Darkrai|100/100|[from] Parting Shot
|-damage|p1a: Darkrai|88/100|[from] Stealth Rock
|
|-heal|p1a: Darkrai|94/100|[from] item: Leftovers
|-heal|p2a: Zamazenta|89/100|[from] item: Leftovers
|upkeep
|turn|16
|
|t:|1776209837
|switch|p1a: Pecharunt|Pecharunt|54/100
|move|p2a: Zamazenta|Body Press|p1a: Pecharunt
|-immune|p1a: Pecharunt
|
|-heal|p2a: Zamazenta|95/100|[from] item: Leftovers
|upkeep
|turn|17
|
|t:|1776209846
|switch|p2a: Garganacl|Garganacl, F|82/100
|-damage|p2a: Garganacl|70/100|[from] Stealth Rock
|-damage|p2a: Garganacl|57/100|[from] Spikes
|move|p1a: Pecharunt|Recover|p1a: Pecharunt
|-heal|p1a: Pecharunt|100/100
|
|-heal|p2a: Garganacl|63/100|[from] item: Leftovers
|upkeep
|turn|18
|
|t:|1776209863
|move|p1a: Pecharunt|Parting Shot|p2a: Garganacl
|-unboost|p2a: Garganacl|atk|1
|-unboost|p2a: Garganacl|spa|1
|
|t:|1776209868
|switch|p1a: Great Tusk|Great Tusk, shiny|100/100|[from] Parting Shot
|-damage|p1a: Great Tusk|98/100|[from] Stealth Rock
|move|p2a: Garganacl|Salt Cure|p1a: Great Tusk
|-resisted|p1a: Great Tusk
|-damage|p1a: Great Tusk|96/100
|-start|p1a: Great Tusk|Salt Cure
|
|-heal|p2a: Garganacl|70/100|[from] item: Leftovers
|-damage|p1a: Great Tusk|84/100|[from] Salt Cure
|upkeep
|turn|19
|inactive|z3r0cool has 120 seconds left.
|
|t:|1776209885
|move|p2a: Garganacl|Protect|p2a: Garganacl
|-singleturn|p2a: Garganacl|Protect
|move|p1a: Great Tusk|Rapid Spin|p2a: Garganacl
|-activate|p2a: Garganacl|move: Protect
|
|-heal|p2a: Garganacl|76/100|[from] item: Leftovers
|-damage|p1a: Great Tusk|71/100|[from] Salt Cure
|upkeep
|turn|20
|
|t:|1776209897
|switch|p2a: Breloom|Breloom, M|82/100
|-damage|p2a: Breloom|76/100|[from] Stealth Rock
|-damage|p2a: Breloom|64/100|[from] Spikes
|move|p1a: Great Tusk|Headlong Rush|p2a: Breloom
|-resisted|p2a: Breloom
|-damage|p2a: Breloom|19/100
|-unboost|p1a: Great Tusk|def|1
|-unboost|p1a: Great Tusk|spd|1
|
|-damage|p1a: Great Tusk|59/100|[from] Salt Cure
|upkeep
|turn|21
|
|t:|1776209908
|move|p2a: Breloom|Mach Punch|p1a: Great Tusk
|-damage|p1a: Great Tusk|0 fnt
|faint|p1a: Great Tusk
|-end|p1a: Great Tusk|Protosynthesis|[silent]
|
|upkeep
|
|t:|1776209914
|switch|p1a: Pecharunt|Pecharunt|100/100
|turn|22
|
|t:|1776209919
|switch|p2a: Garganacl|Garganacl, F|76/100
|-damage|p2a: Garganacl|63/100|[from] Stealth Rock
|-damage|p2a: Garganacl|51/100|[from] Spikes
|move|p1a: Pecharunt|Parting Shot|p2a: Garganacl
|-unboost|p2a: Garganacl|atk|1
|-unboost|p2a: Garganacl|spa|1
|
|t:|1776209928
|switch|p1a: Ogerpon|Ogerpon-Wellspring, F|88/100|[from] Parting Shot
|-damage|p1a: Ogerpon|76/100|[from] Stealth Rock
|
|-heal|p2a: Garganacl|57/100|[from] item: Leftovers
|upkeep
|turn|23
|
|t:|1776209941
|move|p1a: Ogerpon|Power Whip|p2a: Garganacl|[miss]
|-miss|p1a: Ogerpon|p2a: Garganacl
|move|p2a: Garganacl|Salt Cure|p1a: Ogerpon
|-damage|p1a: Ogerpon|64/100
|-start|p1a: Ogerpon|Salt Cure
|
|-heal|p2a: Garganacl|63/100|[from] item: Leftovers
|-damage|p1a: Ogerpon|39/100|[from] Salt Cure
|upkeep
|turn|24
|c|☆z3r0cool|unreal
|
|t:|1776209952
|switch|p1a: Pecharunt|Pecharunt|100/100
|move|p2a: Garganacl|Protect||[still]
|-fail|p2a: Garganacl
|
|-heal|p2a: Garganacl|70/100|[from] item: Leftovers
|upkeep
|turn|25
|c|☆rulorules2|wow a move that can miss missed
|
|t:|1776209974
|move|p1a: Pecharunt|Parting Shot|p2a: Garganacl
|-unboost|p2a: Garganacl|atk|1
|-unboost|p2a: Garganacl|spa|1
|c|☆z3r0cool|juts staying in like that
|c|☆z3r0cool|when you have an ID Za
|
|t:|1776209980
|switch|p1a: Darkrai|Darkrai|94/100|[from] Parting Shot
|-damage|p1a: Darkrai|82/100|[from] Stealth Rock
|move|p2a: Garganacl|Salt Cure|p1a: Darkrai
|-damage|p1a: Darkrai|74/100
|-start|p1a: Darkrai|Salt Cure
|
|-heal|p1a: Darkrai|80/100|[from] item: Leftovers
|-heal|p2a: Garganacl|76/100|[from] item: Leftovers
|-damage|p1a: Darkrai|68/100|[from] Salt Cure
|upkeep
|turn|26
|
|t:|1776209997
|move|p1a: Darkrai|Nasty Plot|p1a: Darkrai
|-boost|p1a: Darkrai|spa|2
|move|p2a: Garganacl|Salt Cure|p1a: Darkrai
|-damage|p1a: Darkrai|61/100
|
|-heal|p1a: Darkrai|67/100|[from] item: Leftovers
|-heal|p2a: Garganacl|82/100|[from] item: Leftovers
|-damage|p1a: Darkrai|55/100|[from] Salt Cure
|upkeep
|turn|27
|
|t:|1776210008
|move|p2a: Garganacl|Protect|p2a: Garganacl
|-singleturn|p2a: Garganacl|Protect
|move|p1a: Darkrai|Dark Pulse|p2a: Garganacl
|-activate|p2a: Garganacl|move: Protect
|
|-heal|p1a: Darkrai|61/100|[from] item: Leftovers
|-heal|p2a: Garganacl|88/100|[from] item: Leftovers
|-damage|p1a: Darkrai|49/100|[from] Salt Cure
|upkeep
|turn|28
|
|t:|1776210017
|switch|p2a: Great Tusk|Great Tusk|85/100
|-damage|p2a: Great Tusk|82/100|[from] Stealth Rock
|-damage|p2a: Great Tusk|70/100|[from] Spikes
|move|p1a: Darkrai|Dark Pulse|p2a: Great Tusk
|-resisted|p2a: Great Tusk
|-damage|p2a: Great Tusk|16/100
|
|-heal|p1a: Darkrai|55/100|[from] item: Leftovers
|-damage|p1a: Darkrai|42/100|[from] Salt Cure
|upkeep
|turn|29
|
|t:|1776210032
|move|p1a: Darkrai|Dark Pulse|p2a: Great Tusk
|-resisted|p2a: Great Tusk
|-damage|p2a: Great Tusk|0 fnt
|faint|p2a: Great Tusk
|-end|p2a: Great Tusk|Protosynthesis|[silent]
|
|-heal|p1a: Darkrai|49/100|[from] item: Leftovers
|-damage|p1a: Darkrai|36/100|[from] Salt Cure
|upkeep
|
|t:|1776210035
|switch|p2a: Zamazenta|Zamazenta|95/100
|-damage|p2a: Zamazenta|89/100|[from] Stealth Rock
|-damage|p2a: Zamazenta|77/100|[from] Spikes
|turn|30
|
|t:|1776210059
|-terastallize|p1a: Darkrai|Poison
|move|p1a: Darkrai|Sludge Bomb|p2a: Zamazenta
|-damage|p2a: Zamazenta|17/100
|move|p2a: Zamazenta|Body Press|p1a: Darkrai
|-resisted|p1a: Darkrai
|-damage|p1a: Darkrai|16/100
|
|-heal|p1a: Darkrai|22/100|[from] item: Leftovers
|-heal|p2a: Zamazenta|23/100|[from] item: Leftovers
|-damage|p1a: Darkrai|10/100|[from] Salt Cure
|upkeep
|turn|31
|
|t:|1776210072
|-terastallize|p2a: Zamazenta|Steel
|move|p1a: Darkrai|Dark Pulse|p2a: Zamazenta
|-damage|p2a: Zamazenta|0 fnt
|faint|p2a: Zamazenta
|
|-heal|p1a: Darkrai|16/100|[from] item: Leftovers
|-damage|p1a: Darkrai|4/100|[from] Salt Cure
|upkeep
|
|t:|1776210078
|switch|p2a: Garganacl|Garganacl, F|88/100
|-damage|p2a: Garganacl|76/100|[from] Stealth Rock
|-damage|p2a: Garganacl|63/100|[from] Spikes
|turn|32
|
|t:|1776210084
|move|p2a: Garganacl|Protect|p2a: Garganacl
|-singleturn|p2a: Garganacl|Protect
|move|p1a: Darkrai|Dark Pulse|p2a: Garganacl
|-activate|p2a: Garganacl|move: Protect
|
|-heal|p1a: Darkrai|10/100|[from] item: Leftovers
|-heal|p2a: Garganacl|70/100|[from] item: Leftovers
|-damage|p1a: Darkrai|0 fnt|[from] Salt Cure
|faint|p1a: Darkrai
|upkeep
|
|t:|1776210096
|switch|p1a: Ogerpon|Ogerpon-Wellspring, F|39/100
|-damage|p1a: Ogerpon|27/100|[from] Stealth Rock
|turn|33
|
|t:|1776210105
|move|p2a: Garganacl|Protect||[still]
|-fail|p2a: Garganacl
|move|p1a: Ogerpon|Ivy Cudgel|p2a: Garganacl|[anim] Ivy Cudgel Water
|-supereffective|p2a: Garganacl
|-crit|p2a: Garganacl
|-damage|p2a: Garganacl|0 fnt
|faint|p2a: Garganacl
|
|upkeep
|
|t:|1776210108
|switch|p2a: Breloom|Breloom, M|19/100
|-damage|p2a: Breloom|13/100|[from] Stealth Rock
|-damage|p2a: Breloom|0 fnt|[from] Spikes
|faint|p2a: Breloom
|
|win|z3r0cool
|raw|z3r0cool's rating: 1543 &rarr; <strong>1564</strong><br />(+21 for winning)
|raw|rulorules2's rating: 1552 &rarr; <strong>1531</strong><br />(-21 for losing)
|l|☆rulorules2
|player|p2|
|c|☆z3r0cool|foh
