|html|<div class="broadcast-blue"><strong>[Gen 9] OU is currently suspecting Tera Blast! For information on how to participate check out the <a href="https://www.smogon.com/tools/suspects/view/200">suspect thread</a>.</strong></div>
|j|☆Dreilek
|j|☆Benro137
|t:|1776102585
|gametype|singles
|player|p1|Dreilek|benga|1379
|player|p2|Benro137|scientist-gen4dp|1383
|gen|9
|tier|[Gen 9] OU
|rated|
|rule|HP Percentage Mod: HP is shown in percentages
|rule|Endless Battle Clause: Forcing endless battles is banned
|rule|Species Clause: Limit one of each Pokémon
|rule|OHKO Clause: OHKO moves are banned
|rule|Evasion Items Clause: Evasion items are banned
|rule|Evasion Moves Clause: Evasion moves are banned
|rule|Evasion Abilities Clause: Evasion abilities are banned
|rule|Sleep Moves Clause: Sleep-inducing moves are banned
|clearpoke
|poke|p1|Torkoal, F|
|poke|p1|Great Tusk|
|poke|p1|Walking Wake|
|poke|p1|Raging Bolt|
|poke|p1|Fezandipiti, M|
|poke|p1|Cryogonal|
|poke|p2|Hydrapple, M|
|poke|p2|Tyranitar, F|
|poke|p2|Moltres|
|poke|p2|Zamazenta-*|
|poke|p2|Slowking-Galar, F|
|poke|p2|Excadrill, F|
|teampreview
|
|t:|1776102606
|teamsize|p1|6
|teamsize|p2|6
|start
|switch|p1a: Great Tusk|Great Tusk|100/100
|switch|p2a: Tyranitar|Tyranitar, F|100/100
|-weather|Sandstorm|[from] ability: Sand Stream|[of] p2a: Tyranitar
|turn|1
|
|t:|1776102619
|switch|p2a: Moltres|Moltres|100/100
|move|p1a: Great Tusk|Stealth Rock|p2a: Moltres
|-sidestart|p2: Benro137|move: Stealth Rock
|
|-weather|Sandstorm|[upkeep]
|-damage|p2a: Moltres|94/100|[from] Sandstorm
|upkeep
|turn|2
|
|t:|1776102627
|-end|p1a: Great Tusk|Protosynthesis|[silent]
|switch|p1a: Fezandipiti|Fezandipiti, M|100/100
|move|p2a: Moltres|Roar|p1a: Fezandipiti
|drag|p1a: Walking Wake|Walking Wake|100/100
|
|-weather|Sandstorm|[upkeep]
|-damage|p1a: Walking Wake|94/100|[from] Sandstorm
|-damage|p2a: Moltres|88/100|[from] Sandstorm
|upkeep
|turn|3
|
|t:|1776102676
|switch|p2a: Tyranitar|Tyranitar, F|100/100
|-damage|p2a: Tyranitar|88/100|[from] Stealth Rock
|move|p1a: Walking Wake|Weather Ball|p2a: Tyranitar
|-damage|p2a: Tyranitar|67/100
|
|-weather|Sandstorm|[upkeep]
|-damage|p1a: Walking Wake|88/100|[from] Sandstorm
|upkeep
|turn|4
|
|t:|1776102687
|-end|p1a: Walking Wake|Protosynthesis|[silent]
|switch|p1a: Great Tusk|Great Tusk|100/100
|move|p2a: Tyranitar|Knock Off|p1a: Great Tusk
|-resisted|p1a: Great Tusk
|-damage|p1a: Great Tusk|85/100
|-enditem|p1a: Great Tusk|Heavy-Duty Boots|[from] move: Knock Off|[of] p2a: Tyranitar
|
|-weather|Sandstorm|[upkeep]
|upkeep
|turn|5
|
|t:|1776102708
|-end|p1a: Great Tusk|Protosynthesis|[silent]
|switch|p1a: Raging Bolt|Raging Bolt|100/100
|switch|p2a: Zamazenta|Zamazenta|100/100
|-damage|p2a: Zamazenta|94/100|[from] Stealth Rock
|-ability|p2a: Zamazenta|Dauntless Shield|boost
|-boost|p2a: Zamazenta|def|1
|
|-weather|Sandstorm|[upkeep]
|-damage|p2a: Zamazenta|88/100|[from] Sandstorm
|-damage|p1a: Raging Bolt|94/100|[from] Sandstorm
|-heal|p2a: Zamazenta|94/100|[from] item: Leftovers
|-heal|p1a: Raging Bolt|100/100|[from] item: Leftovers
|upkeep
|turn|6
|
|t:|1776102721
|move|p2a: Zamazenta|Iron Defense|p2a: Zamazenta
|-boost|p2a: Zamazenta|def|2
|move|p1a: Raging Bolt|Dragon Pulse|p2a: Zamazenta
|-damage|p2a: Zamazenta|45/100
|
|-weather|Sandstorm|[upkeep]
|-damage|p2a: Zamazenta|39/100|[from] Sandstorm
|-damage|p1a: Raging Bolt|94/100|[from] Sandstorm
|-heal|p2a: Zamazenta|45/100|[from] item: Leftovers
|-heal|p1a: Raging Bolt|100/100|[from] item: Leftovers
|upkeep
|turn|7
|
|t:|1776102735
|move|p1a: Raging Bolt|Thunderclap|p2a: Zamazenta
|-damage|p2a: Zamazenta|8/100
|move|p2a: Zamazenta|Body Press|p1a: Raging Bolt
|-damage|p1a: Raging Bolt|12/100
|
|-weather|Sandstorm|[upkeep]
|-damage|p2a: Zamazenta|2/100|[from] Sandstorm
|-damage|p1a: Raging Bolt|6/100|[from] Sandstorm
|-heal|p2a: Zamazenta|8/100|[from] item: Leftovers
|-heal|p1a: Raging Bolt|12/100|[from] item: Leftovers
|upkeep
|turn|8
|
|t:|1776102744
|move|p1a: Raging Bolt|Thunderclap||[still]
|-fail|p1a: Raging Bolt
|move|p2a: Zamazenta|Roar|p1a: Raging Bolt
|-end|p1a: Raging Bolt|Protosynthesis|[silent]
|drag|p1a: Cryogonal|Cryogonal|100/100
|
|-weather|none
|-heal|p2a: Zamazenta|14/100|[from] item: Leftovers
|upkeep
|turn|9
|
|t:|1776102792
|move|p2a: Zamazenta|Body Press|p1a: Cryogonal
|-supereffective|p1a: Cryogonal
|-damage|p1a: Cryogonal|0 fnt
|faint|p1a: Cryogonal
|
|-heal|p2a: Zamazenta|20/100|[from] item: Leftovers
|upkeep
|
|t:|1776102799
|switch|p1a: Raging Bolt|Raging Bolt|12/100
|turn|10
|
|t:|1776102812
|move|p1a: Raging Bolt|Thunderbolt|p2a: Zamazenta
|-damage|p2a: Zamazenta|0 fnt
|faint|p2a: Zamazenta
|
|-heal|p1a: Raging Bolt|18/100|[from] item: Leftovers
|upkeep
|
|t:|1776102818
|switch|p2a: Tyranitar|Tyranitar, F|67/100
|-damage|p2a: Tyranitar|54/100|[from] Stealth Rock
|-weather|Sandstorm|[from] ability: Sand Stream|[of] p2a: Tyranitar
|turn|11
|
|t:|1776102825
|-end|p1a: Raging Bolt|Protosynthesis|[silent]
|switch|p1a: Great Tusk|Great Tusk|85/100
|move|p2a: Tyranitar|Stealth Rock|p1a: Great Tusk
|-sidestart|p1: Dreilek|move: Stealth Rock
|
|-weather|Sandstorm|[upkeep]
|upkeep
|turn|12
|
|t:|1776102842
|-terastallize|p2a: Tyranitar|Flying
|move|p1a: Great Tusk|Ice Spinner|p2a: Tyranitar
|-supereffective|p2a: Tyranitar
|-damage|p2a: Tyranitar|8/100
|move|p2a: Tyranitar|Ice Beam|p1a: Great Tusk
|-supereffective|p1a: Great Tusk
|-damage|p1a: Great Tusk|18/100
|
|-weather|Sandstorm|[upkeep]
|-damage|p2a: Tyranitar|2/100|[from] Sandstorm
|upkeep
|turn|13
|
|t:|1776102854
|move|p1a: Great Tusk|Rapid Spin|p2a: Tyranitar
|-damage|p2a: Tyranitar|0 fnt
|-boost|p1a: Great Tusk|spe|1
|-sideend|p1: Dreilek|Stealth Rock|[from] move: Rapid Spin|[of] p1a: Great Tusk
|faint|p2a: Tyranitar
|
|-weather|Sandstorm|[upkeep]
|upkeep
|
|t:|1776102861
|switch|p2a: Moltres|Moltres|88/100
|turn|14
|
|t:|1776102867
|move|p1a: Great Tusk|Ice Spinner|p2a: Moltres
|-damage|p2a: Moltres|70/100
|-status|p1a: Great Tusk|brn|[from] ability: Flame Body|[of] p2a: Moltres
|move|p2a: Moltres|Flamethrower|p1a: Great Tusk
|-damage|p1a: Great Tusk|0 fnt
|faint|p1a: Great Tusk
|-end|p1a: Great Tusk|Protosynthesis|[silent]
|
|-weather|Sandstorm|[upkeep]
|-damage|p2a: Moltres|64/100|[from] Sandstorm
|upkeep
|
|t:|1776102870
|switch|p1a: Walking Wake|Walking Wake|88/100
|turn|15
|
|t:|1776102884
|switch|p2a: Slowking|Slowking-Galar, F|100/100
|-damage|p2a: Slowking|88/100|[from] Stealth Rock
|move|p1a: Walking Wake|Weather Ball|p2a: Slowking
|-damage|p2a: Slowking|60/100
|
|-weather|Sandstorm|[upkeep]
|-damage|p1a: Walking Wake|82/100|[from] Sandstorm
|-damage|p2a: Slowking|53/100|[from] Sandstorm
|upkeep
|turn|16
|
|t:|1776102896
|move|p1a: Walking Wake|Weather Ball|p2a: Slowking
|-damage|p2a: Slowking|24/100
|move|p2a: Slowking|Sludge Bomb|p1a: Walking Wake
|-damage|p1a: Walking Wake|40/100
|
|-weather|Sandstorm|[upkeep]
|-damage|p1a: Walking Wake|34/100|[from] Sandstorm
|-damage|p2a: Slowking|18/100|[from] Sandstorm
|upkeep
|turn|17
|
|t:|1776102910
|switch|p2a: Excadrill|Excadrill, F|100/100
|-damage|p2a: Excadrill|97/100|[from] Stealth Rock
|-item|p2a: Excadrill|Air Balloon
|move|p1a: Walking Wake|Weather Ball|p2a: Excadrill
|-resisted|p2a: Excadrill
|-damage|p2a: Excadrill|79/100
|-enditem|p2a: Excadrill|Air Balloon
|
|-weather|Sandstorm|[upkeep]
|-damage|p1a: Walking Wake|28/100|[from] Sandstorm
|upkeep
|turn|18
|
|t:|1776102921
|-end|p1a: Walking Wake|Protosynthesis|[silent]
|switch|p1a: Torkoal|Torkoal, F, shiny|100/100
|-weather|SunnyDay|[from] ability: Drought|[of] p1a: Torkoal
|move|p2a: Excadrill|Earthquake|p1a: Torkoal
|-supereffective|p1a: Torkoal
|-damage|p1a: Torkoal|38/100
|
|-weather|SunnyDay|[upkeep]
|upkeep
|turn|19
|
|t:|1776102936
|move|p2a: Excadrill|Earthquake|p1a: Torkoal
|-supereffective|p1a: Torkoal
|-damage|p1a: Torkoal|0 fnt
|faint|p1a: Torkoal
|
|-weather|SunnyDay|[upkeep]
|upkeep
|
|t:|1776102937
|switch|p1a: Walking Wake|Walking Wake|28/100
|-activate|p1a: Walking Wake|ability: Protosynthesis
|-start|p1a: Walking Wake|protosynthesisspe
|turn|20
|
|t:|1776102948
|switch|p2a: Moltres|Moltres|64/100
|move|p1a: Walking Wake|Weather Ball|p2a: Moltres
|-resisted|p2a: Moltres
|-damage|p2a: Moltres|23/100
|
|-weather|SunnyDay|[upkeep]
|upkeep
|turn|21
|
|t:|1776102956
|move|p1a: Walking Wake|Weather Ball|p2a: Moltres
|-resisted|p2a: Moltres
|-crit|p2a: Moltres
|-damage|p2a: Moltres|0 fnt
|faint|p2a: Moltres
|
|-weather|SunnyDay|[upkeep]
|upkeep
|
|t:|1776102967
|switch|p2a: Hydrapple|Hydrapple, M|100/100
|turn|22
|
|t:|1776102976
|-end|p1a: Walking Wake|Protosynthesis|[silent]
|switch|p1a: Fezandipiti|Fezandipiti, M|100/100
|move|p2a: Hydrapple|Giga Drain|p1a: Fezandipiti
|-resisted|p1a: Fezandipiti
|-damage|p1a: Fezandipiti|85/100
|
|-weather|SunnyDay|[upkeep]
|upkeep
|turn|23
|
|t:|1776102998
|switch|p2a: Slowking|Slowking-Galar, F|51/100
|-damage|p2a: Slowking|39/100|[from] Stealth Rock
|move|p1a: Fezandipiti|U-turn|p2a: Slowking
|-damage|p2a: Slowking|23/100
|
|t:|1776103000
|switch|p1a: Walking Wake|Walking Wake|28/100|[from] U-turn
|-activate|p1a: Walking Wake|ability: Protosynthesis
|-start|p1a: Walking Wake|protosynthesisspe
|
|-weather|SunnyDay|[upkeep]
|upkeep
|turn|24
|
|t:|1776103009
|move|p1a: Walking Wake|Weather Ball|p2a: Slowking
|-damage|p2a: Slowking|0 fnt
|faint|p2a: Slowking
|
|-weather|SunnyDay|[upkeep]
|upkeep
|
|t:|1776103015
|switch|p2a: Hydrapple|Hydrapple, M|100/100
|turn|25
|
|t:|1776103021
|-terastallize|p1a: Walking Wake|Fire
|move|p1a: Walking Wake|Weather Ball|p2a: Hydrapple
|-damage|p2a: Hydrapple|0 fnt
|faint|p2a: Hydrapple
|
|-weather|none
|-end|p1a: Walking Wake|Protosynthesis
|upkeep
|
|t:|1776103033
|switch|p2a: Excadrill|Excadrill, F|79/100
|-damage|p2a: Excadrill|76/100|[from] Stealth Rock
|turn|26
|
|t:|1776103043
|-end|p1a: Walking Wake|Protosynthesis|[silent]
|switch|p1a: Raging Bolt|Raging Bolt|18/100
|move|p2a: Excadrill|Earthquake|p1a: Raging Bolt
|-supereffective|p1a: Raging Bolt
|-damage|p1a: Raging Bolt|0 fnt
|faint|p1a: Raging Bolt
|-end|p1a: Raging Bolt|Protosynthesis|[silent]
|
|upkeep
|
|t:|1776103045
|switch|p1a: Walking Wake|Walking Wake, tera:Fire|28/100
|turn|27
|
|t:|1776103052
|move|p1a: Walking Wake|Hydro Steam|p2a: Excadrill
|-supereffective|p2a: Excadrill
|-damage|p2a: Excadrill|0 fnt
|faint|p2a: Excadrill
|
|win|Dreilek
|raw|Dreilek's rating: 1379 &rarr; <strong>1399</strong><br />(+20 for winning)
|raw|Benro137's rating: 1383 &rarr; <strong>1363</strong><br />(-20 for losing)
|l|☆Benro137
|player|p2|
|l|☆Dreilek
|player|p1|
