|html|<div class="broadcast-blue"><strong>[Gen 9] OU is currently suspecting Tera Blast! For information on how to participate check out the <a href="https://www.smogon.com/tools/suspects/view/200">suspect thread</a>.</strong></div>
|j|☆vanllesco
|j|☆carciox
|t:|1776033895
|gametype|singles
|player|p1|vanllesco|hilbert|1340
|player|p2|carciox|169|1387
|gen|9
|tier|[Gen 9] OU
|rated|
|rule|HP Percentage Mod: HP is shown in percentages
|rule|Endless Battle Clause: Forcing endless battles is banned
|rule|Species Clause: Limit one of each Pokémon
|rule|OHKO Clause: OHKO moves are banned
|rule|Evasion Items Clause: Evasion items are banned
|rule|Evasion Moves Clause: Evasion moves are banned
|rule|Evasion Abilities Clause: Evasion abilities are banned
|rule|Sleep Moves Clause: Sleep-inducing moves are banned
|clearpoke
|poke|p1|Samurott-Hisui, M|
|poke|p1|Corviknight, M|
|poke|p1|Hatterene, F|
|poke|p1|Umbreon, F|
|poke|p1|Toxtricity-Low-Key, M|
|poke|p1|Garchomp, M|
|poke|p2|Glimmora, M|
|poke|p2|Dragonite, F|
|poke|p2|Great Tusk|
|poke|p2|Gholdengo|
|poke|p2|Kingambit, M|
|poke|p2|Darkrai|
|teampreview
|inactive|Battle timer is ON: inactive players will automatically lose when time's up. (requested by carciox)
|j| ohko_smeargle
|c|☆vanllesco|Why are You entering My battles
|inactive|vanllesco has 120 seconds left.
|
|t:|1776033929
|teamsize|p1|6
|teamsize|p2|6
|start
|switch|p1a: Zachill|Garchomp, M|100/100
|switch|p2a: Glimmora|Glimmora, M|100/100
|turn|1
|
|t:|1776033935
|move|p1a: Zachill|Earthquake|p2a: Glimmora
|-supereffective|p2a: Glimmora
|-damage|p2a: Glimmora|0 fnt
|-activate|p2a: Glimmora|ability: Toxic Debris
|-sidestart|p1: vanllesco|move: Toxic Spikes
|faint|p2a: Glimmora
|
|upkeep
|
|t:|1776033943
|switch|p2a: Dragonite|Dragonite, F|100/100
|turn|2
|
|t:|1776033949
|move|p1a: Zachill|Scale Shot|p2a: Dragonite
|-supereffective|p2a: Dragonite
|-damage|p2a: Dragonite|87/100
|-supereffective|p2a: Dragonite
|-damage|p2a: Dragonite|59/100
|-supereffective|p2a: Dragonite
|-crit|p2a: Dragonite
|-damage|p2a: Dragonite|20/100
|-supereffective|p2a: Dragonite
|-damage|p2a: Dragonite|0 fnt
|faint|p2a: Dragonite
|-hitcount|p2: Dragonite|4
|-unboost|p1a: Zachill|def|1
|-boost|p1a: Zachill|spe|1
|
|upkeep
|c|☆carciox|Choooooo
|c|☆carciox|So heinous
|c|☆vanllesco|what is that Word
|inactive|carciox has 120 seconds left.
|c|☆carciox|Makes me wish perform disaster
|c|☆carciox|So throooo
|c|☆vanllesco|o no
|c|☆carciox|So al Mandal
|inactive|carciox has 90 seconds left.
|c|☆vanllesco|Forfeit then
|c|☆vanllesco|Whatever ur sayin
|c|☆carciox|So el majdal el pharrouk if you know what mean
|
|t:|1776034032
|switch|p2a: Great Tusk|Great Tusk|100/100
|-enditem|p2a: Great Tusk|Booster Energy
|-activate|p2a: Great Tusk|ability: Protosynthesis|[fromitem]
|-start|p2a: Great Tusk|protosynthesisspe
|turn|3
|c|☆vanllesco|No i don't know what u meanin
|
|t:|1776034046
|switch|p1a: BIRD|Corviknight, M|100/100
|move|p2a: Great Tusk|Bulk Up|p2a: Great Tusk
|-boost|p2a: Great Tusk|atk|1
|-boost|p2a: Great Tusk|def|1
|
|upkeep
|turn|4
|c|☆carciox|Al mutarjemma Al ghadoo
|
|t:|1776034063
|move|p2a: Great Tusk|Bulk Up|p2a: Great Tusk
|-boost|p2a: Great Tusk|atk|1
|-boost|p2a: Great Tusk|def|1
|move|p1a: BIRD|U-turn|p2a: Great Tusk
|-resisted|p2a: Great Tusk
|-damage|p2a: Great Tusk|98/100
|
|t:|1776034068
|switch|p1a: My name is mud|Toxtricity-Low-Key, M|100/100|[from] U-turn
|-sideend|p1: vanllesco|move: Toxic Spikes|[of] p1a: My name is mud
|
|upkeep
|turn|5
|
|t:|1776034076
|-terastallize|p1a: My name is mud|Flying
|move|p2a: Great Tusk|Headlong Rush|p1a: My name is mud
|-immune|p1a: My name is mud
|move|p1a: My name is mud|Psychic Noise|p2a: Great Tusk
|-supereffective|p2a: Great Tusk
|-damage|p2a: Great Tusk|6/100
|-start|p2a: Great Tusk|move: Heal Block
|
|upkeep
|turn|6
|c|☆vanllesco|What lenguaje are You speakiny
|inactive|carciox has 90 seconds left.
|
|t:|1776034091
|switch|p1a: BIRD|Corviknight, M|100/100
|move|p2a: Great Tusk|Ice Spinner|p1a: BIRD
|-damage|p1a: BIRD|72/100
|-damage|p2a: Great Tusk|0 fnt|[from] item: Rocky Helmet|[of] p1a: BIRD
|faint|p2a: Great Tusk
|-end|p2a: Great Tusk|Protosynthesis|[silent]
|
|upkeep
|c|☆vanllesco|I am so Smart
|c|☆carciox|El marmellauz el bourzouk
|inactive|carciox has 60 seconds left.
|c|☆carciox|Antani frasi smarmellasti
|c|☆carciox|Rosta pampa tanta bamba
|c|☆vanllesco|So real for that
|
|t:|1776034145
|switch|p2a: Gholdengo|Gholdengo|100/100
|-item|p2a: Gholdengo|Air Balloon
|turn|7
|
|t:|1776034153
|move|p2a: Gholdengo|Nasty Plot|p2a: Gholdengo
|-boost|p2a: Gholdengo|spa|2
|move|p1a: BIRD|U-turn|p2a: Gholdengo
|-resisted|p2a: Gholdengo
|-damage|p2a: Gholdengo|96/100
|-enditem|p2a: Gholdengo|Air Balloon
|
|t:|1776034157
|switch|p1a: Zachill|Garchomp, M|100/100|[from] U-turn
|
|upkeep
|turn|8
|
|t:|1776034174
|-terastallize|p2a: Gholdengo|Ghost
|move|p1a: Zachill|Earthquake|p2a: Gholdengo
|-damage|p2a: Gholdengo|37/100
|move|p2a: Gholdengo|Shadow Ball|p1a: Zachill
|-damage|p1a: Zachill|0 fnt
|faint|p1a: Zachill
|
|upkeep
|c|☆carciox|Choooooo
|
|t:|1776034189
|switch|p1a: MC Ride|Samurott-Hisui, M|100/100
|turn|9
|c|☆carciox|Al paparadje al marthoun
|c|☆carciox|Al paparadje farrouk
|
|t:|1776034213
|move|p1a: MC Ride|Ceaseless Edge|p2a: Gholdengo
|-supereffective|p2a: Gholdengo
|-damage|p2a: Gholdengo|0 fnt
|-sidestart|p2: carciox|Spikes
|faint|p2a: Gholdengo
|
|upkeep
|
|t:|1776034219
|switch|p2a: Kingambit|Kingambit, M|100/100
|-damage|p2a: Kingambit|88/100|[from] Spikes
|-activate|p2a: Kingambit|ability: Supreme Overlord
|-start|p2a: Kingambit|fallen4|[silent]
|turn|10
|
|t:|1776034225
|move|p1a: MC Ride|Sacred Sword|p2a: Kingambit
|-supereffective|p2a: Kingambit
|-damage|p2a: Kingambit|0 fnt
|faint|p2a: Kingambit
|-end|p2a: Kingambit|fallen4|[silent]
|
|upkeep
|
|t:|1776034232
|switch|p2a: Darkrai|Darkrai|100/100
|-damage|p2a: Darkrai|88/100|[from] Spikes
|turn|11
|
|t:|1776034239
|move|p2a: Darkrai|Ice Beam|p1a: MC Ride
|-resisted|p1a: MC Ride
|-damage|p1a: MC Ride|76/100
|move|p1a: MC Ride|Sacred Sword|p2a: Darkrai
|-supereffective|p2a: Darkrai
|-damage|p2a: Darkrai|0 fnt
|faint|p2a: Darkrai
|
|win|vanllesco
|raw|vanllesco's rating: 1340 &rarr; <strong>1363</strong><br />(+23 for winning)
|raw|carciox's rating: 1387 &rarr; <strong>1364</strong><br />(-23 for losing)
|l| ohko_smeargle
|c|☆carciox|So heinous
|c|☆vanllesco|Whatever you say
|l|☆carciox
|player|p2|
|l|☆vanllesco
|player|p1|
