|html|<div class="broadcast-blue"><strong>[Gen 9] OU is currently suspecting Tera Blast! For information on how to participate check out the <a href="https://www.smogon.com/tools/suspects/view/200">suspect thread</a>.</strong></div>
|j|☆Thepalulumon
|j|☆yumatt
|t:|1776204663
|gametype|singles
|player|p1|Thepalulumon|bruno|1122
|player|p2|yumatt|pokemonrangerf-gen4|1096
|gen|9
|tier|[Gen 9] OU
|rated|
|rule|HP Percentage Mod: HP is shown in percentages
|rule|Endless Battle Clause: Forcing endless battles is banned
|rule|Species Clause: Limit one of each Pokémon
|rule|OHKO Clause: OHKO moves are banned
|rule|Evasion Items Clause: Evasion items are banned
|rule|Evasion Moves Clause: Evasion moves are banned
|rule|Evasion Abilities Clause: Evasion abilities are banned
|rule|Sleep Moves Clause: Sleep-inducing moves are banned
|clearpoke
|poke|p1|Forretress, F|
|poke|p1|Gastrodon-East, M|
|poke|p1|Blaziken, M|
|poke|p1|Comfey, M|
|poke|p1|Necrozma|
|poke|p1|Goodra-Hisui, M|
|poke|p2|Goodra-Hisui, F|
|poke|p2|Iron Valiant|
|poke|p2|Ceruledge, M|
|poke|p2|Glaceon, F|
|poke|p2|Ogerpon-Wellspring, F|
|poke|p2|Glimmora, F|
|teampreview
|
|t:|1776204675
|teamsize|p1|6
|teamsize|p2|6
|start
|switch|p1a: Forretress|Forretress, F|100/100
|switch|p2a: Glimmora|Glimmora, F|100/100
|turn|1
|
|t:|1776204683
|move|p2a: Glimmora|Stealth Rock|p1a: Forretress
|-sidestart|p1: Thepalulumon|move: Stealth Rock
|move|p1a: Forretress|Stealth Rock|p2a: Glimmora
|-sidestart|p2: yumatt|move: Stealth Rock
|
|upkeep
|turn|2
|
|t:|1776204689
|move|p2a: Glimmora|Spikes|p1a: Forretress
|-sidestart|p1: Thepalulumon|Spikes
|move|p1a: Forretress|Body Press|p2a: Glimmora
|-damage|p2a: Glimmora|81/100
|-activate|p2a: Glimmora|ability: Toxic Debris
|-sidestart|p1: Thepalulumon|move: Toxic Spikes
|
|upkeep
|turn|3
|
|t:|1776204697
|move|p2a: Glimmora|Spikes|p1a: Forretress
|-sidestart|p1: Thepalulumon|Spikes
|move|p1a: Forretress|Rapid Spin|p2a: Glimmora
|-resisted|p2a: Glimmora
|-damage|p2a: Glimmora|76/100
|-boost|p1a: Forretress|spe|1
|-activate|p2a: Glimmora|ability: Toxic Debris
|-sidestart|p1: Thepalulumon|move: Toxic Spikes
|-sideend|p1: Thepalulumon|Spikes|[from] move: Rapid Spin|[of] p1a: Forretress
|-sideend|p1: Thepalulumon|Toxic Spikes|[from] move: Rapid Spin|[of] p1a: Forretress
|-sideend|p1: Thepalulumon|Stealth Rock|[from] move: Rapid Spin|[of] p1a: Forretress
|
|upkeep
|turn|4
|
|t:|1776204707
|move|p2a: Glimmora|Mortal Spin|p1a: Forretress
|-immune|p1a: Forretress
|move|p1a: Forretress|Iron Defense|p1a: Forretress
|-boost|p1a: Forretress|def|2
|
|upkeep
|turn|5
|
|t:|1776204715
|move|p2a: Glimmora|Spiky Shield|p2a: Glimmora
|-singleturn|p2a: Glimmora|move: Protect
|move|p1a: Forretress|Iron Defense|p1a: Forretress
|-boost|p1a: Forretress|def|2
|
|upkeep
|turn|6
|
|t:|1776204724
|switch|p2a: Ceruledge|Ceruledge, M|100/100
|move|p1a: Forretress|Body Press|p2a: Ceruledge
|-immune|p2a: Ceruledge
|
|upkeep
|turn|7
|
|t:|1776204733
|switch|p1a: Gastrodon|Gastrodon-East, M|100/100
|move|p2a: Ceruledge|Bitter Blade|p1a: Gastrodon
|-resisted|p1a: Gastrodon
|-damage|p1a: Gastrodon|81/100
|
|-heal|p1a: Gastrodon|87/100|[from] item: Leftovers
|upkeep
|turn|8
|-message|yumatt forfeited.
|
|win|Thepalulumon
|raw|Thepalulumon's rating: 1122 &rarr; <strong>1145</strong><br />(+23 for winning)
|raw|yumatt's rating: 1096 &rarr; <strong>1073</strong><br />(-23 for losing)
|l|☆yumatt
|player|p2|
