|html|<div class="broadcast-blue"><strong>[Gen 9] OU is currently suspecting Tera Blast! For information on how to participate check out the <a href="https://www.smogon.com/tools/suspects/view/200">suspect thread</a>.</strong></div>
|j|☆mrzed03
|j|☆t7pu
|t:|1776161842
|gametype|singles
|player|p1|mrzed03|265|1257
|player|p2|t7pu|170|1293
|gen|9
|tier|[Gen 9] OU
|rated|
|rule|HP Percentage Mod: HP is shown in percentages
|rule|Endless Battle Clause: Forcing endless battles is banned
|rule|Species Clause: Limit one of each Pokémon
|rule|OHKO Clause: OHKO moves are banned
|rule|Evasion Items Clause: Evasion items are banned
|rule|Evasion Moves Clause: Evasion moves are banned
|rule|Evasion Abilities Clause: Evasion abilities are banned
|rule|Sleep Moves Clause: Sleep-inducing moves are banned
|clearpoke
|poke|p1|Gliscor, M|
|poke|p1|Corviknight, M|
|poke|p1|Toxapex, M|
|poke|p1|Blissey, F|
|poke|p1|Skeledirge, M|
|poke|p1|Clodsire, F|
|poke|p2|Slowking-Galar, M|
|poke|p2|Ting-Lu|
|poke|p2|Hydrapple, M|
|poke|p2|Corviknight, M|
|poke|p2|Cinderace, M|
|poke|p2|Dondozo, M|
|teampreview
|inactive|Battle timer is ON: inactive players will automatically lose when time's up. (requested by mrzed03)
|j| ohko_smeargle
|
|t:|1776161859
|teamsize|p1|6
|teamsize|p2|6
|start
|switch|p1a: gremlin >:)|Gliscor, M|100/100
|switch|p2a: Hydrapple|Hydrapple, M|100/100
|turn|1
|
|t:|1776161870
|-terastallize|p2a: Hydrapple|Steel
|move|p1a: gremlin >:)|Knock Off|p2a: Hydrapple
|-damage|p2a: Hydrapple|87/100
|-enditem|p2a: Hydrapple|Leftovers|[from] move: Knock Off|[of] p1a: gremlin >:)
|move|p2a: Hydrapple|Nasty Plot|p2a: Hydrapple
|-boost|p2a: Hydrapple|spa|2
|
|-status|p1a: gremlin >:)|tox|[from] item: Toxic Orb
|upkeep
|turn|2
|
|t:|1776161883
|switch|p1a: bald lmao|Skeledirge, M|100/100
|move|p2a: Hydrapple|Giga Drain|p1a: bald lmao
|-resisted|p1a: bald lmao
|-damage|p1a: bald lmao|83/100
|-heal|p2a: Hydrapple|96/100|[from] drain|[of] p1a: bald lmao
|
|upkeep
|turn|3
|
|t:|1776161911
|move|p1a: bald lmao|Torch Song|p2a: Hydrapple
|-supereffective|p2a: Hydrapple
|-damage|p2a: Hydrapple|34/100
|-boost|p1a: bald lmao|spa|1
|move|p2a: Hydrapple|Earth Power|p1a: bald lmao
|-supereffective|p1a: bald lmao
|-crit|p1a: bald lmao
|-damage|p1a: bald lmao|5/100
|
|upkeep
|turn|4
|
|t:|1776161922
|switch|p2a: Dondozo|Dondozo, M|100/100
|move|p1a: bald lmao|Torch Song|p2a: Dondozo
|-resisted|p2a: Dondozo
|-damage|p2a: Dondozo|90/100
|-boost|p1a: bald lmao|spa|1
|
|-heal|p2a: Dondozo|96/100|[from] item: Leftovers
|upkeep
|turn|5
|
|t:|1776161936
|switch|p1a: spiky <3|Toxapex, M|100/100
|move|p2a: Dondozo|Curse|p2a: Dondozo
|-unboost|p2a: Dondozo|spe|1
|-boost|p2a: Dondozo|atk|1
|-boost|p2a: Dondozo|def|1
|
|-heal|p2a: Dondozo|100/100|[from] item: Leftovers
|upkeep
|turn|6
|
|t:|1776161948
|switch|p2a: Hydrapple|Hydrapple, M, tera:Steel|68/100
|move|p1a: spiky <3|Toxic|p2a: Hydrapple
|-immune|p2a: Hydrapple
|
|upkeep
|turn|7
|
|t:|1776161955
|move|p2a: Hydrapple|Nasty Plot|p2a: Hydrapple
|-boost|p2a: Hydrapple|spa|2
|move|p1a: spiky <3|Infestation|p2a: Hydrapple
|-resisted|p2a: Hydrapple
|-damage|p2a: Hydrapple|66/100
|-activate|p2a: Hydrapple|move: Infestation|[of] p1a: spiky <3
|
|-damage|p2a: Hydrapple|54/100|[from] move: Infestation|[partiallytrapped]
|upkeep
|turn|8
|
|t:|1776161963
|move|p2a: Hydrapple|Nasty Plot|p2a: Hydrapple
|-boost|p2a: Hydrapple|spa|2
|move|p1a: spiky <3|Haze|p1a: spiky <3
|-clearallboost
|
|-damage|p2a: Hydrapple|42/100|[from] move: Infestation|[partiallytrapped]
|upkeep
|turn|9
|
|t:|1776161977
|move|p2a: Hydrapple|Giga Drain|p1a: spiky <3
|-damage|p1a: spiky <3|73/100
|-heal|p2a: Hydrapple|52/100|[from] drain|[of] p1a: spiky <3
|move|p1a: spiky <3|Haze|p1a: spiky <3
|-clearallboost
|
|-heal|p1a: spiky <3|79/100|[from] item: Black Sludge
|-damage|p2a: Hydrapple|40/100|[from] move: Infestation|[partiallytrapped]
|upkeep
|turn|10
|
|t:|1776161988
|switch|p1a: gremlin >:)|Gliscor, M|100/100 tox
|move|p2a: Hydrapple|Giga Drain|p1a: gremlin >:)
|-damage|p1a: gremlin >:)|72/100 tox
|-heal|p2a: Hydrapple|52/100|[from] drain|[of] p1a: gremlin >:)
|
|-heal|p1a: gremlin >:)|85/100 tox|[from] ability: Poison Heal
|-end|p2a: Hydrapple|Infestation|[partiallytrapped]|[silent]
|upkeep
|turn|11
|
|t:|1776161997
|switch|p2a: Corviknight|Corviknight, M, shiny|100/100
|-ability|p2a: Corviknight|Pressure
|move|p1a: gremlin >:)|Earthquake|p2a: Corviknight
|-immune|p2a: Corviknight
|
|-heal|p1a: gremlin >:)|97/100 tox|[from] ability: Poison Heal
|upkeep
|turn|12
|
|t:|1776162011
|move|p1a: gremlin >:)|Knock Off|p2a: Corviknight
|-damage|p2a: Corviknight|86/100
|-damage|p1a: gremlin >:)|81/100 tox|[from] item: Rocky Helmet|[of] p2a: Corviknight
|-enditem|p2a: Corviknight|Rocky Helmet|[from] move: Knock Off|[of] p1a: gremlin >:)
|move|p2a: Corviknight|Iron Defense|p2a: Corviknight
|-boost|p2a: Corviknight|def|2
|
|-heal|p1a: gremlin >:)|93/100 tox|[from] ability: Poison Heal
|upkeep
|turn|13
|
|t:|1776162023
|switch|p1a: bald lmao|Skeledirge, M|5/100
|move|p2a: Corviknight|Body Press|p1a: bald lmao
|-immune|p1a: bald lmao
|
|upkeep
|turn|14
|
|t:|1776162031
|switch|p2a: Dondozo|Dondozo, M|100/100
|move|p1a: bald lmao|Slack Off|p1a: bald lmao
|-heal|p1a: bald lmao|55/100
|
|upkeep
|turn|15
|
|t:|1776162043
|switch|p1a: spiky <3|Toxapex, M|100/100
|move|p2a: Dondozo|Liquidation|p1a: spiky <3
|-resisted|p1a: spiky <3
|-damage|p1a: spiky <3|92/100
|
|-heal|p1a: spiky <3|99/100|[from] item: Black Sludge
|upkeep
|turn|16
|
|t:|1776162051
|switch|p2a: Hydrapple|Hydrapple, M, tera:Steel|85/100
|move|p1a: spiky <3|Infestation|p2a: Hydrapple
|-resisted|p2a: Hydrapple
|-damage|p2a: Hydrapple|84/100
|-activate|p2a: Hydrapple|move: Infestation|[of] p1a: spiky <3
|
|-heal|p1a: spiky <3|100/100|[from] item: Black Sludge
|-damage|p2a: Hydrapple|71/100|[from] move: Infestation|[partiallytrapped]
|upkeep
|turn|17
|inactive|mrzed03 has 120 seconds left.
|
|t:|1776162093
|switch|p1a: gremlin >:)|Gliscor, M|93/100 tox
|move|p2a: Hydrapple|Giga Drain|p1a: gremlin >:)
|-damage|p1a: gremlin >:)|66/100 tox
|-heal|p2a: Hydrapple|83/100|[from] drain|[of] p1a: gremlin >:)
|
|-heal|p1a: gremlin >:)|79/100 tox|[from] ability: Poison Heal
|-end|p2a: Hydrapple|Infestation|[partiallytrapped]|[silent]
|upkeep
|turn|18
|
|t:|1776162113
|move|p1a: gremlin >:)|Earthquake|p2a: Hydrapple
|-supereffective|p2a: Hydrapple
|-damage|p2a: Hydrapple|46/100
|move|p2a: Hydrapple|Giga Drain|p1a: gremlin >:)
|-damage|p1a: gremlin >:)|52/100 tox
|-heal|p2a: Hydrapple|58/100|[from] drain|[of] p1a: gremlin >:)
|
|-heal|p1a: gremlin >:)|64/100 tox|[from] ability: Poison Heal
|upkeep
|turn|19
|inactive|mrzed03 has 120 seconds left.
|
|t:|1776162132
|switch|p2a: Corviknight|Corviknight, M, shiny|86/100
|-ability|p2a: Corviknight|Pressure
|move|p1a: gremlin >:)|Earthquake|p2a: Corviknight
|-immune|p2a: Corviknight
|
|-heal|p1a: gremlin >:)|77/100 tox|[from] ability: Poison Heal
|upkeep
|turn|20
|inactive|mrzed03 has 120 seconds left.
|
|t:|1776162142
|switch|p1a: bald lmao|Skeledirge, M|55/100
|move|p2a: Corviknight|Roost|p2a: Corviknight
|-heal|p2a: Corviknight|100/100
|-singleturn|p2a: Corviknight|move: Roost
|
|upkeep
|turn|21
|
|t:|1776162151
|switch|p2a: Dondozo|Dondozo, M|100/100
|move|p1a: bald lmao|Slack Off|p1a: bald lmao
|-heal|p1a: bald lmao|100/100
|
|upkeep
|turn|22
|inactive|mrzed03 has 120 seconds left.
|
|t:|1776162180
|switch|p1a: spiky <3|Toxapex, M|100/100
|switch|p2a: Slowking|Slowking-Galar, M|100/100
|
|upkeep
|turn|23
|inactive|mrzed03 has 120 seconds left.
|
|t:|1776162188
|switch|p1a: gremlin >:)|Gliscor, M|77/100 tox
|move|p2a: Slowking|Psychic Noise|p1a: gremlin >:)
|-damage|p1a: gremlin >:)|54/100 tox
|-start|p1a: gremlin >:)|move: Heal Block
|
|upkeep
|turn|24
|
|t:|1776162208
|move|p1a: gremlin >:)|Knock Off|p2a: Slowking
|-supereffective|p2a: Slowking
|-damage|p2a: Slowking|69/100
|-enditem|p2a: Slowking|Black Sludge|[from] move: Knock Off|[of] p1a: gremlin >:)
|move|p2a: Slowking|Ice Beam|p1a: gremlin >:)
|-supereffective|p1a: gremlin >:)
|-damage|p1a: gremlin >:)|0 fnt
|faint|p1a: gremlin >:)
|
|upkeep
|inactive|mrzed03 has 120 seconds left.
|
|t:|1776162223
|switch|p1a: bald lmao|Skeledirge, M|100/100
|turn|25
|
|t:|1776162228
|switch|p2a: Dondozo|Dondozo, M|100/100
|move|p1a: bald lmao|Substitute|p1a: bald lmao
|-start|p1a: bald lmao|Substitute
|-damage|p1a: bald lmao|75/100
|
|upkeep
|turn|26
|
|t:|1776162238
|move|p1a: bald lmao|Torch Song|p2a: Dondozo
|-resisted|p2a: Dondozo
|-damage|p2a: Dondozo|90/100
|-boost|p1a: bald lmao|spa|1
|move|p2a: Dondozo|Liquidation|p1a: bald lmao
|-supereffective|p1a: bald lmao
|-end|p1a: bald lmao|Substitute
|
|-heal|p2a: Dondozo|96/100|[from] item: Leftovers
|upkeep
|turn|27
|
|t:|1776162248
|switch|p1a: slurp|Clodsire, F|100/100
|move|p2a: Dondozo|Liquidation|p1a: slurp
|-immune|p1a: slurp|[from] ability: Water Absorb
|
|-heal|p2a: Dondozo|100/100|[from] item: Leftovers
|upkeep
|turn|28
|
|t:|1776162256
|switch|p2a: Corviknight|Corviknight, M, shiny|100/100
|-ability|p2a: Corviknight|Pressure
|move|p1a: slurp|Toxic|p2a: Corviknight
|-immune|p2a: Corviknight
|
|upkeep
|turn|29
|
|t:|1776162271
|switch|p1a: bald lmao|Skeledirge, M|75/100
|move|p2a: Corviknight|Body Press|p1a: bald lmao
|-immune|p1a: bald lmao
|
|upkeep
|turn|30
|
|t:|1776162277
|switch|p2a: Dondozo|Dondozo, M|100/100
|move|p1a: bald lmao|Torch Song|p2a: Dondozo
|-resisted|p2a: Dondozo
|-damage|p2a: Dondozo|91/100
|-boost|p1a: bald lmao|spa|1
|
|-heal|p2a: Dondozo|97/100|[from] item: Leftovers
|upkeep
|turn|31
|
|t:|1776162288
|switch|p1a: spiky <3|Toxapex, M|100/100
|move|p2a: Dondozo|Liquidation|p1a: spiky <3
|-resisted|p1a: spiky <3
|-damage|p1a: spiky <3|92/100
|
|-heal|p2a: Dondozo|100/100|[from] item: Leftovers
|-heal|p1a: spiky <3|98/100|[from] item: Black Sludge
|upkeep
|turn|32
|
|t:|1776162298
|switch|p2a: Hydrapple|Hydrapple, M, tera:Steel|91/100
|move|p1a: spiky <3|Infestation|p2a: Hydrapple
|-resisted|p2a: Hydrapple
|-damage|p2a: Hydrapple|89/100
|-activate|p2a: Hydrapple|move: Infestation|[of] p1a: spiky <3
|
|-heal|p1a: spiky <3|100/100|[from] item: Black Sludge
|-damage|p2a: Hydrapple|77/100|[from] move: Infestation|[partiallytrapped]
|upkeep
|turn|33
|
|t:|1776162313
|switch|p1a: XxDark_SasukexX|Corviknight, M|100/100
|-ability|p1a: XxDark_SasukexX|Pressure
|move|p2a: Hydrapple|Nasty Plot|p2a: Hydrapple
|-boost|p2a: Hydrapple|spa|2
|
|-end|p2a: Hydrapple|Infestation|[partiallytrapped]|[silent]
|upkeep
|turn|34
|inactive|t7pu has 120 seconds left.
|
|t:|1776162350
|move|p1a: XxDark_SasukexX|Body Press|p2a: Hydrapple
|-supereffective|p2a: Hydrapple
|-damage|p2a: Hydrapple|44/100
|move|p2a: Hydrapple|Fickle Beam|p1a: XxDark_SasukexX
|-resisted|p1a: XxDark_SasukexX
|-damage|p1a: XxDark_SasukexX|68/100
|
|upkeep
|turn|35
|inactive|t7pu has 120 seconds left.
|
|t:|1776162379
|switch|p2a: Slowking|Slowking-Galar, M|100/100
|move|p1a: XxDark_SasukexX|Body Press|p2a: Slowking
|-resisted|p2a: Slowking
|-damage|p2a: Slowking|95/100
|
|upkeep
|turn|36
|
|t:|1776162388
|switch|p1a: bald lmao|Skeledirge, M|75/100
|move|p2a: Slowking|Ice Beam|p1a: bald lmao
|-resisted|p1a: bald lmao
|-damage|p1a: bald lmao|63/100
|
|upkeep
|turn|37
|
|t:|1776162398
|switch|p2a: Dondozo|Dondozo, M|100/100
|move|p1a: bald lmao|Slack Off|p1a: bald lmao
|-heal|p1a: bald lmao|100/100
|
|upkeep
|turn|38
|
|t:|1776162404
|switch|p1a: spiky <3|Toxapex, M|100/100
|move|p2a: Dondozo|Liquidation|p1a: spiky <3
|-resisted|p1a: spiky <3
|-damage|p1a: spiky <3|92/100
|
|-heal|p1a: spiky <3|99/100|[from] item: Black Sludge
|upkeep
|turn|39
|inactive|t7pu has 120 seconds left.
|
|t:|1776162415
|switch|p1a: XxDark_SasukexX|Corviknight, M|68/100
|-ability|p1a: XxDark_SasukexX|Pressure
|switch|p2a: Hydrapple|Hydrapple, M, tera:Steel|77/100
|
|upkeep
|turn|40
|
|t:|1776162429
|switch|p2a: Slowking|Slowking-Galar, M|100/100
|move|p1a: XxDark_SasukexX|Iron Defense|p1a: XxDark_SasukexX
|-boost|p1a: XxDark_SasukexX|def|2
|
|upkeep
|turn|41
|
|t:|1776162442
|switch|p1a: E G G|Blissey, F|100/100
|move|p2a: Slowking|Ice Beam|p1a: E G G
|-damage|p1a: E G G|94/100
|
|upkeep
|turn|42
|
|t:|1776162450
|move|p1a: E G G|Stealth Rock|p2a: Slowking
|-sidestart|p2: t7pu|move: Stealth Rock
|move|p2a: Slowking|Trick|p1a: E G G
|-activate|p2a: Slowking|move: Trick|[of] p1a: E G G
|-enditem|p1a: E G G|Heavy-Duty Boots|[silent]|[from] move: Trick
|-item|p2a: Slowking|Heavy-Duty Boots|[from] move: Trick
|
|upkeep
|turn|43
|
|t:|1776162463
|switch|p2a: Cinderace|Cinderace, M|100/100
|move|p1a: E G G|Seismic Toss|p2a: Cinderace
|-damage|p2a: Cinderace|72/100
|
|upkeep
|turn|44
|
|t:|1776162469
|move|p2a: Cinderace|Court Change|p2a: Cinderace
|-swapsideconditions
|-activate|p2a: Cinderace|move: Court Change
|move|p1a: E G G|Seismic Toss|p2a: Cinderace
|-damage|p2a: Cinderace|44/100
|
|upkeep
|turn|45
|
|t:|1776162480
|switch|p1a: spiky <3|Toxapex, M|100/100
|-damage|p1a: spiky <3|88/100|[from] Stealth Rock
|move|p2a: Cinderace|Pyro Ball|p1a: spiky <3
|-resisted|p1a: spiky <3
|-damage|p1a: spiky <3|74/100
|
|-heal|p1a: spiky <3|80/100|[from] item: Black Sludge
|upkeep
|turn|46
|
|t:|1776162495
|switch|p2a: Hydrapple|Hydrapple, M, tera:Steel|100/100
|move|p1a: spiky <3|Infestation|p2a: Hydrapple
|-resisted|p2a: Hydrapple
|-damage|p2a: Hydrapple|99/100
|-activate|p2a: Hydrapple|move: Infestation|[of] p1a: spiky <3
|
|-heal|p1a: spiky <3|87/100|[from] item: Black Sludge
|-damage|p2a: Hydrapple|87/100|[from] move: Infestation|[partiallytrapped]
|upkeep
|turn|47
|
|t:|1776162509
|switch|p1a: bald lmao|Skeledirge, M|100/100
|move|p2a: Hydrapple|Nasty Plot|p2a: Hydrapple
|-boost|p2a: Hydrapple|spa|2
|
|-end|p2a: Hydrapple|Infestation|[partiallytrapped]|[silent]
|upkeep
|turn|48
|
|t:|1776162529
|move|p1a: bald lmao|Torch Song|p2a: Hydrapple
|-supereffective|p2a: Hydrapple
|-damage|p2a: Hydrapple|21/100
|-boost|p1a: bald lmao|spa|1
|move|p2a: Hydrapple|Earth Power|p1a: bald lmao
|-supereffective|p1a: bald lmao
|-damage|p1a: bald lmao|40/100
|
|upkeep
|turn|49
|
|t:|1776162540
|switch|p2a: Dondozo|Dondozo, M|100/100
|move|p1a: bald lmao|Slack Off|p1a: bald lmao
|-heal|p1a: bald lmao|90/100
|
|upkeep
|turn|50
|
|t:|1776162549
|switch|p1a: XxDark_SasukexX|Corviknight, M|68/100
|-damage|p1a: XxDark_SasukexX|56/100|[from] Stealth Rock
|-ability|p1a: XxDark_SasukexX|Pressure
|move|p2a: Dondozo|Liquidation|p1a: XxDark_SasukexX
|-damage|p1a: XxDark_SasukexX|37/100
|-damage|p2a: Dondozo|84/100|[from] item: Rocky Helmet|[of] p1a: XxDark_SasukexX
|
|-heal|p2a: Dondozo|90/100|[from] item: Leftovers
|upkeep
|turn|51
|
|t:|1776162560
|move|p1a: XxDark_SasukexX|Roost|p1a: XxDark_SasukexX
|-heal|p1a: XxDark_SasukexX|87/100
|-singleturn|p1a: XxDark_SasukexX|move: Roost
|move|p2a: Dondozo|Liquidation|p1a: XxDark_SasukexX
|-damage|p1a: XxDark_SasukexX|71/100
|-unboost|p1a: XxDark_SasukexX|def|1
|-damage|p2a: Dondozo|73/100|[from] item: Rocky Helmet|[of] p1a: XxDark_SasukexX
|
|-heal|p2a: Dondozo|79/100|[from] item: Leftovers
|upkeep
|turn|52
|
|t:|1776162572
|move|p1a: XxDark_SasukexX|Iron Defense|p1a: XxDark_SasukexX
|-boost|p1a: XxDark_SasukexX|def|2
|move|p2a: Dondozo|Curse|p2a: Dondozo
|-unboost|p2a: Dondozo|spe|1
|-boost|p2a: Dondozo|atk|1
|-boost|p2a: Dondozo|def|1
|
|-heal|p2a: Dondozo|86/100|[from] item: Leftovers
|upkeep
|turn|53
|
|t:|1776162580
|move|p1a: XxDark_SasukexX|Defog|p2a: Dondozo
|-unboost|p2a: Dondozo|evasion|1
|-sideend|p1: mrzed03|Stealth Rock|[from] move: Defog|[of] p1a: XxDark_SasukexX
|move|p2a: Dondozo|Curse|p2a: Dondozo
|-unboost|p2a: Dondozo|spe|1
|-boost|p2a: Dondozo|atk|1
|-boost|p2a: Dondozo|def|1
|
|-heal|p2a: Dondozo|92/100|[from] item: Leftovers
|upkeep
|turn|54
|
|t:|1776162589
|switch|p1a: spiky <3|Toxapex, M|100/100
|move|p2a: Dondozo|Liquidation|p1a: spiky <3
|-resisted|p1a: spiky <3
|-damage|p1a: spiky <3|82/100
|-unboost|p1a: spiky <3|def|1
|
|-heal|p1a: spiky <3|88/100|[from] item: Black Sludge
|-heal|p2a: Dondozo|98/100|[from] item: Leftovers
|upkeep
|turn|55
|
|t:|1776162599
|switch|p2a: Hydrapple|Hydrapple, M, tera:Steel|54/100
|move|p1a: spiky <3|Infestation|p2a: Hydrapple
|-resisted|p2a: Hydrapple
|-damage|p2a: Hydrapple|53/100
|-activate|p2a: Hydrapple|move: Infestation|[of] p1a: spiky <3
|
|-heal|p1a: spiky <3|95/100|[from] item: Black Sludge
|-damage|p2a: Hydrapple|41/100|[from] move: Infestation|[partiallytrapped]
|upkeep
|turn|56
|
|t:|1776162621
|switch|p1a: XxDark_SasukexX|Corviknight, M|71/100
|-ability|p1a: XxDark_SasukexX|Pressure
|move|p2a: Hydrapple|Giga Drain|p1a: XxDark_SasukexX
|-resisted|p1a: XxDark_SasukexX
|-damage|p1a: XxDark_SasukexX|63/100
|-heal|p2a: Hydrapple|45/100|[from] drain|[of] p1a: XxDark_SasukexX
|
|-end|p2a: Hydrapple|Infestation|[partiallytrapped]|[silent]
|upkeep
|turn|57
|
|t:|1776162636
|switch|p2a: Slowking|Slowking-Galar, M|100/100
|-terastallize|p1a: XxDark_SasukexX|Fighting
|move|p1a: XxDark_SasukexX|Body Press|p2a: Slowking
|-resisted|p2a: Slowking
|-damage|p2a: Slowking|94/100
|
|upkeep
|turn|58
|
|t:|1776162644
|switch|p1a: E G G|Blissey, F|94/100
|move|p2a: Slowking|Psychic Noise|p1a: E G G
|-damage|p1a: E G G|86/100
|-start|p1a: E G G|move: Heal Block
|
|upkeep
|turn|59
|
|t:|1776162654
|move|p1a: E G G|Seismic Toss|p2a: Slowking
|-damage|p2a: Slowking|68/100
|move|p2a: Slowking|Psychic Noise|p1a: E G G
|-damage|p1a: E G G|78/100
|
|-end|p1a: E G G|move: Heal Block
|upkeep
|turn|60
|
|t:|1776162669
|switch|p2a: Corviknight|Corviknight, M, shiny|100/100
|-ability|p2a: Corviknight|Pressure
|move|p1a: E G G|Seismic Toss|p2a: Corviknight
|-damage|p2a: Corviknight|75/100
|
|upkeep
|turn|61
|
|t:|1776162677
|switch|p1a: bald lmao|Skeledirge, M|90/100
|move|p2a: Corviknight|Roost|p2a: Corviknight
|-heal|p2a: Corviknight|100/100
|-singleturn|p2a: Corviknight|move: Roost
|
|upkeep
|turn|62
|
|t:|1776162685
|switch|p2a: Dondozo|Dondozo, M|98/100
|switch|p1a: spiky <3|Toxapex, M|100/100
|
|-heal|p2a: Dondozo|100/100|[from] item: Leftovers
|upkeep
|turn|63
|
|t:|1776162694
|switch|p1a: bald lmao|Skeledirge, M|90/100
|switch|p2a: Hydrapple|Hydrapple, M, tera:Steel|78/100
|
|upkeep
|turn|64
|
|t:|1776162703
|switch|p2a: Dondozo|Dondozo, M|100/100
|move|p1a: bald lmao|Torch Song|p2a: Dondozo
|-resisted|p2a: Dondozo
|-damage|p2a: Dondozo|90/100
|-boost|p1a: bald lmao|spa|1
|
|-heal|p2a: Dondozo|96/100|[from] item: Leftovers
|upkeep
|turn|65
|
|t:|1776162719
|switch|p1a: spiky <3|Toxapex, M|100/100
|switch|p2a: Ting-Lu|Ting-Lu|100/100
|-ability|p2a: Ting-Lu|Vessel of Ruin
|
|upkeep
|turn|66
|
|t:|1776162725
|move|p2a: Ting-Lu|Earthquake|p1a: spiky <3
|-supereffective|p1a: spiky <3
|-damage|p1a: spiky <3|57/100
|move|p1a: spiky <3|Toxic|p2a: Ting-Lu
|-status|p2a: Ting-Lu|tox
|
|-heal|p1a: spiky <3|63/100|[from] item: Black Sludge
|-damage|p2a: Ting-Lu|94/100 tox|[from] psn
|upkeep
|turn|67
|
|t:|1776162735
|switch|p1a: XxDark_SasukexX|Corviknight, M, tera:Fighting|63/100
|-ability|p1a: XxDark_SasukexX|Pressure
|move|p2a: Ting-Lu|Earthquake|p1a: XxDark_SasukexX
|-damage|p1a: XxDark_SasukexX|40/100
|
|-heal|p2a: Ting-Lu|100/100 tox|[from] item: Leftovers
|-damage|p2a: Ting-Lu|88/100 tox|[from] psn
|upkeep
|turn|68
|
|t:|1776162755
|switch|p2a: Slowking|Slowking-Galar, M|100/100
|move|p1a: XxDark_SasukexX|Roost|p1a: XxDark_SasukexX
|-heal|p1a: XxDark_SasukexX|90/100
|
|upkeep
|turn|69
|
|t:|1776162768
|switch|p1a: E G G|Blissey, F|78/100
|move|p2a: Slowking|Sludge Bomb|p1a: E G G
|-damage|p1a: E G G|68/100
|
|upkeep
|turn|70
|
|t:|1776162779
|move|p1a: E G G|Seismic Toss|p2a: Slowking
|-damage|p2a: Slowking|75/100
|move|p2a: Slowking|Sludge Bomb|p1a: E G G
|-damage|p1a: E G G|58/100
|-status|p1a: E G G|psn
|
|-damage|p1a: E G G|46/100 psn|[from] psn
|upkeep
|turn|71
|
|t:|1776162792
|switch|p2a: Dondozo|Dondozo, M|96/100
|move|p1a: E G G|Soft-Boiled|p1a: E G G
|-heal|p1a: E G G|96/100 psn
|
|-heal|p2a: Dondozo|100/100|[from] item: Leftovers
|-damage|p1a: E G G|84/100 psn|[from] psn
|upkeep
|turn|72
|inactive|t7pu has 120 seconds left.
|
|t:|1776162828
|-curestatus|p1a: E G G|psn|[from] ability: Natural Cure
|switch|p1a: slurp|Clodsire, F|100/100
|switch|p2a: Slowking|Slowking-Galar, M|100/100
|
|upkeep
|turn|73
|inactive|t7pu has 120 seconds left.
|
|t:|1776162838
|move|p1a: slurp|Earthquake|p2a: Slowking
|-supereffective|p2a: Slowking
|-damage|p2a: Slowking|56/100
|move|p2a: Slowking|Psychic Noise|p1a: slurp
|-supereffective|p1a: slurp
|-damage|p1a: slurp|73/100
|-start|p1a: slurp|move: Heal Block
|
|upkeep
|turn|74
|inactive|t7pu has 120 seconds left.
|
|t:|1776162855
|switch|p2a: Corviknight|Corviknight, M, shiny|100/100
|-ability|p2a: Corviknight|Pressure
|move|p1a: slurp|Toxic|p2a: Corviknight
|-immune|p2a: Corviknight
|
|-end|p1a: slurp|move: Heal Block
|upkeep
|turn|75
|inactive|t7pu has 120 seconds left.
|inactive|mrzed03 has 120 seconds left.
|
|t:|1776162881
|switch|p1a: bald lmao|Skeledirge, M|90/100
|move|p2a: Corviknight|Body Press|p1a: bald lmao
|-immune|p1a: bald lmao
|
|upkeep
|turn|76
|
|t:|1776162889
|switch|p2a: Dondozo|Dondozo, M|100/100
|switch|p1a: spiky <3|Toxapex, M|97/100
|
|-heal|p1a: spiky <3|100/100|[from] item: Black Sludge
|upkeep
|turn|77
|
|t:|1776162902
|switch|p2a: Hydrapple|Hydrapple, M, tera:Steel|100/100
|move|p1a: spiky <3|Infestation|p2a: Hydrapple
|-resisted|p2a: Hydrapple
|-damage|p2a: Hydrapple|99/100
|-activate|p2a: Hydrapple|move: Infestation|[of] p1a: spiky <3
|
|-damage|p2a: Hydrapple|87/100|[from] move: Infestation|[partiallytrapped]
|upkeep
|turn|78
|
|t:|1776162914
|switch|p1a: E G G|Blissey, F|84/100
|move|p2a: Hydrapple|Earth Power|p1a: E G G
|-damage|p1a: E G G|76/100
|-unboost|p1a: E G G|spd|1
|
|-end|p2a: Hydrapple|Infestation|[partiallytrapped]|[silent]
|upkeep
|turn|79
|
|t:|1776162923
|switch|p2a: Slowking|Slowking-Galar, M|90/100
|move|p1a: E G G|Seismic Toss|p2a: Slowking
|-damage|p2a: Slowking|64/100
|
|upkeep
|turn|80
|
|t:|1776162935
|switch|p2a: Corviknight|Corviknight, M, shiny|100/100
|-ability|p2a: Corviknight|Pressure
|move|p1a: E G G|Seismic Toss|p2a: Corviknight
|-damage|p2a: Corviknight|75/100
|
|upkeep
|turn|81
|
|t:|1776162953
|switch|p2a: Ting-Lu|Ting-Lu|88/100 tox
|-ability|p2a: Ting-Lu|Vessel of Ruin
|switch|p1a: bald lmao|Skeledirge, M|90/100
|
|-heal|p2a: Ting-Lu|94/100 tox|[from] item: Leftovers
|-damage|p2a: Ting-Lu|88/100 tox|[from] psn
|upkeep
|turn|82
|
|t:|1776162964
|switch|p1a: XxDark_SasukexX|Corviknight, M, tera:Fighting|90/100
|-ability|p1a: XxDark_SasukexX|Pressure
|move|p2a: Ting-Lu|Payback|p1a: XxDark_SasukexX
|-resisted|p1a: XxDark_SasukexX
|-damage|p1a: XxDark_SasukexX|85/100
|-damage|p2a: Ting-Lu|72/100 tox|[from] item: Rocky Helmet|[of] p1a: XxDark_SasukexX
|
|-heal|p2a: Ting-Lu|78/100 tox|[from] item: Leftovers
|-damage|p2a: Ting-Lu|65/100 tox|[from] psn
|upkeep
|turn|83
|
|t:|1776162975
|switch|p2a: Slowking|Slowking-Galar, M|97/100
|move|p1a: XxDark_SasukexX|Body Press|p2a: Slowking
|-resisted|p2a: Slowking
|-damage|p2a: Slowking|90/100
|
|upkeep
|turn|84
|
|t:|1776162985
|switch|p1a: E G G|Blissey, F|76/100
|move|p2a: Slowking|Psychic Noise|p1a: E G G
|-damage|p1a: E G G|68/100
|-start|p1a: E G G|move: Heal Block
|
|upkeep
|turn|85
|
|t:|1776163002
|move|p1a: E G G|Seismic Toss|p2a: Slowking
|-damage|p2a: Slowking|65/100
|move|p2a: Slowking|Sludge Bomb|p1a: E G G
|-damage|p1a: E G G|59/100
|
|-end|p1a: E G G|move: Heal Block
|upkeep
|turn|86
|
|t:|1776163012
|switch|p2a: Corviknight|Corviknight, M, shiny|75/100
|-ability|p2a: Corviknight|Pressure
|move|p1a: E G G|Shadow Ball|p2a: Corviknight
|-damage|p2a: Corviknight|61/100
|-unboost|p2a: Corviknight|spd|1
|
|upkeep
|turn|87
|
|t:|1776163022
|switch|p1a: bald lmao|Skeledirge, M|90/100
|move|p2a: Corviknight|Roost|p2a: Corviknight
|-heal|p2a: Corviknight|100/100
|-singleturn|p2a: Corviknight|move: Roost
|
|upkeep
|turn|88
|
|t:|1776163042
|switch|p2a: Dondozo|Dondozo, M|100/100
|switch|p1a: slurp|Clodsire, F|73/100
|
|-heal|p1a: slurp|79/100|[from] item: Leftovers
|upkeep
|turn|89
|
|t:|1776163054
|switch|p2a: Slowking|Slowking-Galar, M|98/100
|switch|p1a: bald lmao|Skeledirge, M|90/100
|
|upkeep
|turn|90
|
|t:|1776163065
|move|p1a: bald lmao|Hex|p2a: Slowking
|-supereffective|p2a: Slowking
|-damage|p2a: Slowking|57/100
|move|p2a: Slowking|Psychic Noise|p1a: bald lmao
|-damage|p1a: bald lmao|60/100
|-start|p1a: bald lmao|move: Heal Block
|
|upkeep
|turn|91
|
|t:|1776163079
|switch|p2a: Dondozo|Dondozo, M|100/100
|move|p1a: bald lmao|Hex|p2a: Dondozo
|-damage|p2a: Dondozo|85/100
|
|-heal|p2a: Dondozo|91/100|[from] item: Leftovers
|-end|p1a: bald lmao|move: Heal Block
|upkeep
|turn|92
|
|t:|1776163089
|switch|p1a: slurp|Clodsire, F|79/100
|move|p2a: Dondozo|Curse|p2a: Dondozo
|-unboost|p2a: Dondozo|spe|1
|-boost|p2a: Dondozo|atk|1
|-boost|p2a: Dondozo|def|1
|
|-heal|p2a: Dondozo|97/100|[from] item: Leftovers
|-heal|p1a: slurp|85/100|[from] item: Leftovers
|upkeep
|turn|93
|
|t:|1776163102
|switch|p2a: Corviknight|Corviknight, M, shiny|100/100
|-ability|p2a: Corviknight|Pressure
|move|p1a: slurp|Toxic|p2a: Corviknight
|-immune|p2a: Corviknight
|
|-heal|p1a: slurp|92/100|[from] item: Leftovers
|upkeep
|turn|94
|
|t:|1776163116
|switch|p1a: XxDark_SasukexX|Corviknight, M, tera:Fighting|85/100
|-ability|p1a: XxDark_SasukexX|Pressure
|move|p2a: Corviknight|Body Press|p1a: XxDark_SasukexX
|-damage|p1a: XxDark_SasukexX|69/100
|-damage|p2a: Corviknight|84/100|[from] item: Rocky Helmet|[of] p1a: XxDark_SasukexX
|
|upkeep
|turn|95
|
|t:|1776163129
|switch|p2a: Slowking|Slowking-Galar, M|90/100
|move|p1a: XxDark_SasukexX|Body Press|p2a: Slowking
|-resisted|p2a: Slowking
|-damage|p2a: Slowking|83/100
|
|upkeep
|turn|96
|inactive|t7pu has 120 seconds left.
|
|t:|1776163162
|switch|p1a: E G G|Blissey, F|59/100
|switch|p2a: Cinderace|Cinderace, M|44/100
|
|upkeep
|turn|97
|
|t:|1776163171
|switch|p1a: spiky <3|Toxapex, M|100/100
|move|p2a: Cinderace|Will-O-Wisp|p1a: spiky <3|[miss]
|-miss|p2a: Cinderace|p1a: spiky <3
|
|upkeep
|turn|98
|
|t:|1776163180
|move|p2a: Cinderace|U-turn|p1a: spiky <3
|-resisted|p1a: spiky <3
|-damage|p1a: spiky <3|95/100
|
|t:|1776163193
|switch|p2a: Corviknight|Corviknight, M, shiny|84/100|[from] U-turn
|-ability|p2a: Corviknight|Pressure
|move|p1a: spiky <3|Toxic|p2a: Corviknight
|-immune|p2a: Corviknight
|
|-heal|p1a: spiky <3|100/100|[from] item: Black Sludge
|upkeep
|turn|99
|
|t:|1776163202
|switch|p2a: Slowking|Slowking-Galar, M|100/100
|switch|p1a: XxDark_SasukexX|Corviknight, M, tera:Fighting|69/100
|-ability|p1a: XxDark_SasukexX|Pressure
|
|upkeep
|turn|100
|
|t:|1776163215
|switch|p1a: E G G|Blissey, F|59/100
|switch|p2a: Dondozo|Dondozo, M|97/100
|
|-heal|p2a: Dondozo|100/100|[from] item: Leftovers
|upkeep
|turn|101
|
|t:|1776163228
|switch|p1a: slurp|Clodsire, F|92/100
|switch|p2a: Hydrapple|Hydrapple, M, tera:Steel|100/100
|
|-heal|p1a: slurp|98/100|[from] item: Leftovers
|upkeep
|turn|102
|
|t:|1776163234
|switch|p1a: E G G|Blissey, F|59/100
|move|p2a: Hydrapple|Nasty Plot|p2a: Hydrapple
|-boost|p2a: Hydrapple|spa|2
|
|upkeep
|turn|103
|
|t:|1776163240
|move|p1a: E G G|Seismic Toss|p2a: Hydrapple
|-damage|p2a: Hydrapple|76/100
|move|p2a: Hydrapple|Giga Drain|p1a: E G G
|-damage|p1a: E G G|39/100
|-heal|p2a: Hydrapple|93/100|[from] drain|[of] p1a: E G G
|
|upkeep
|turn|104
|
|t:|1776163252
|move|p1a: E G G|Soft-Boiled|p1a: E G G
|-heal|p1a: E G G|89/100
|move|p2a: Hydrapple|Nasty Plot|p2a: Hydrapple
|-boost|p2a: Hydrapple|spa|2
|
|upkeep
|turn|105
|
|t:|1776163263
|move|p1a: E G G|Seismic Toss|p2a: Hydrapple
|-damage|p2a: Hydrapple|69/100
|move|p2a: Hydrapple|Nasty Plot|p2a: Hydrapple
|-boost|p2a: Hydrapple|spa|2
|
|upkeep
|turn|106
|
|t:|1776163274
|switch|p1a: bald lmao|Skeledirge, M|60/100
|move|p2a: Hydrapple|Giga Drain|p1a: bald lmao
|-resisted|p1a: bald lmao
|-damage|p1a: bald lmao|44/100
|-heal|p2a: Hydrapple|77/100|[from] drain|[of] p1a: bald lmao
|
|upkeep
|turn|107
|
|t:|1776163281
|move|p1a: bald lmao|Torch Song|p2a: Hydrapple
|-supereffective|p2a: Hydrapple
|-damage|p2a: Hydrapple|9/100
|-boost|p1a: bald lmao|spa|1
|move|p2a: Hydrapple|Earth Power|p1a: bald lmao
|-supereffective|p1a: bald lmao
|-damage|p1a: bald lmao|0 fnt
|faint|p1a: bald lmao
|
|upkeep
|inactive|mrzed03 has 120 seconds left.
|
|t:|1776163292
|switch|p1a: E G G|Blissey, F|89/100
|turn|108
|c|☆mrzed03|gg cba
|
|t:|1776163301
|switch|p2a: Slowking|Slowking-Galar, M|100/100
|move|p1a: E G G|Seismic Toss|p2a: Slowking
|-damage|p2a: Slowking|75/100
|
|upkeep
|turn|109
|-message|mrzed03 forfeited.
|
|win|t7pu
|raw|mrzed03's rating: 1257 &rarr; <strong>1235</strong><br />(-22 for losing)
|raw|t7pu's rating: 1293 &rarr; <strong>1315</strong><br />(+22 for winning)
|l| ohko_smeargle
|c|☆t7pu|gg
