|html|<div class="broadcast-blue"><strong>[Gen 9] OU is currently suspecting Tera Blast! For information on how to participate check out the <a href="https://www.smogon.com/tools/suspects/view/200">suspect thread</a>.</strong></div>
|j|☆iJuzou
|j|☆Hike Mawk
|t:|1776282757
|gametype|singles
|player|p1|iJuzou|volkner|1198
|player|p2|Hike Mawk|riley|1134
|gen|9
|tier|[Gen 9] OU
|rated|
|rule|HP Percentage Mod: HP is shown in percentages
|rule|Endless Battle Clause: Forcing endless battles is banned
|rule|Species Clause: Limit one of each Pokémon
|rule|OHKO Clause: OHKO moves are banned
|rule|Evasion Items Clause: Evasion items are banned
|rule|Evasion Moves Clause: Evasion moves are banned
|rule|Evasion Abilities Clause: Evasion abilities are banned
|rule|Sleep Moves Clause: Sleep-inducing moves are banned
|clearpoke
|poke|p1|Raging Bolt|
|poke|p1|Ogerpon-Wellspring, F|
|poke|p1|Garchomp, F|
|poke|p1|Iron Valiant|
|poke|p1|Kyurem|
|poke|p1|Moltres|
|poke|p2|Gliscor, M|
|poke|p2|Clefable, F|
|poke|p2|Corviknight, M|
|poke|p2|Blissey, F|
|poke|p2|Forretress, F|
|poke|p2|Garganacl, F|
|teampreview
|
|t:|1776282777
|teamsize|p1|6
|teamsize|p2|6
|start
|switch|p1a: Garchomp|Garchomp, F|100/100
|switch|p2a: Rocki|Garganacl, F, shiny|100/100
|turn|1
|
|t:|1776282787
|move|p1a: Garchomp|Earthquake|p2a: Rocki
|-supereffective|p2a: Rocki
|-damage|p2a: Rocki|47/100
|-enditem|p2a: Rocki|Sitrus Berry|[eat]
|-heal|p2a: Rocki|72/100|[from] item: Sitrus Berry
|move|p2a: Rocki|Salt Cure|p1a: Garchomp
|-resisted|p1a: Garchomp
|-damage|p1a: Garchomp|94/100
|-start|p1a: Garchomp|Salt Cure
|
|-damage|p1a: Garchomp|82/100|[from] Salt Cure
|upkeep
|turn|2
|
|t:|1776282799
|move|p1a: Garchomp|Spikes|p2a: Rocki
|-sidestart|p2: Hike Mawk|Spikes
|move|p2a: Rocki|Stealth Rock|p1a: Garchomp
|-sidestart|p1: iJuzou|move: Stealth Rock
|
|-damage|p1a: Garchomp|70/100|[from] Salt Cure
|upkeep
|turn|3
|
|t:|1776282815
|switch|p2a: Goldenuke|Forretress, F, shiny|100/100
|move|p1a: Garchomp|Earthquake|p2a: Goldenuke
|-damage|p2a: Goldenuke|76/100
|
|-damage|p1a: Garchomp|57/100|[from] Salt Cure
|upkeep
|turn|4
|
|t:|1776282831
|move|p1a: Garchomp|Spikes|p2a: Goldenuke
|-sidestart|p2: Hike Mawk|Spikes
|move|p2a: Goldenuke|Body Press|p1a: Garchomp
|-damage|p1a: Garchomp|38/100
|-damage|p2a: Goldenuke|64/100|[from] ability: Rough Skin|[of] p1a: Garchomp
|-damage|p2a: Goldenuke|47/100|[from] item: Rocky Helmet|[of] p1a: Garchomp
|
|-damage|p1a: Garchomp|25/100|[from] Salt Cure
|upkeep
|turn|5
|c|☆iJuzou|hes gonna blow
|
|t:|1776282874
|-terastallize|p1a: Garchomp|Ghost
|move|p1a: Garchomp|Earthquake|p2a: Goldenuke
|-damage|p2a: Goldenuke|25/100
|move|p2a: Goldenuke|Rapid Spin|p1a: Garchomp
|-immune|p1a: Garchomp
|
|-damage|p1a: Garchomp|13/100|[from] Salt Cure
|upkeep
|turn|6
|
|t:|1776282888
|switch|p2a: Azulor|Gliscor, M, shiny|100/100
|move|p1a: Garchomp|Dragon Tail|p2a: Azulor
|-damage|p2a: Azulor|76/100
|drag|p2a: Rookidon|Corviknight, M|100/100
|
|-damage|p1a: Garchomp|0 fnt|[from] Salt Cure
|faint|p1a: Garchomp
|upkeep
|
|t:|1776282904
|switch|p1a: Moltres|Moltres|100/100
|turn|7
|
|t:|1776282911
|switch|p2a: Zira|Blissey, F|100/100
|-damage|p2a: Zira|84/100|[from] Spikes
|move|p1a: Moltres|Flamethrower|p2a: Zira
|-damage|p2a: Zira|70/100
|
|upkeep
|turn|8
|
|t:|1776282919
|move|p2a: Zira|Thunderbolt|p1a: Moltres
|-supereffective|p1a: Moltres
|-damage|p1a: Moltres|46/100
|move|p1a: Moltres|Roar|p2a: Zira
|drag|p2a: Rookidon|Corviknight, M|100/100
|
|upkeep
|turn|9
|
|t:|1776282928
|switch|p2a: Goldenuke|Forretress, F, shiny|25/100
|move|p1a: Moltres|Roost|p1a: Moltres
|-heal|p1a: Moltres|96/100
|-singleturn|p1a: Moltres|move: Roost
|
|upkeep
|turn|10
|
|t:|1776282936
|move|p1a: Moltres|Flamethrower|p2a: Goldenuke
|-supereffective|p2a: Goldenuke
|-damage|p2a: Goldenuke|0 fnt
|faint|p2a: Goldenuke
|
|upkeep
|
|t:|1776282939
|switch|p2a: Zira|Blissey, F|70/100
|-damage|p2a: Zira|53/100|[from] Spikes
|turn|11
|
|t:|1776282945
|move|p2a: Zira|Soft-Boiled|p2a: Zira
|-heal|p2a: Zira|100/100
|move|p1a: Moltres|Roar|p2a: Zira
|drag|p2a: Cleffairable|Clefable, F, shiny|100/100
|
|upkeep
|turn|12
|
|t:|1776282955
|switch|p2a: Rocki|Garganacl, F, shiny|72/100
|-damage|p2a: Rocki|56/100|[from] Spikes
|move|p1a: Moltres|Flamethrower|p2a: Rocki
|-resisted|p2a: Rocki
|-damage|p2a: Rocki|40/100
|
|upkeep
|turn|13
|
|t:|1776282972
|move|p1a: Moltres|U-turn|p2a: Rocki
|-damage|p2a: Rocki|31/100
|
|t:|1776282978
|switch|p1a: Ogerpon|Ogerpon-Wellspring, F|100/100|[from] U-turn
|-damage|p1a: Ogerpon|88/100|[from] Stealth Rock
|move|p2a: Rocki|Recover|p2a: Rocki
|-heal|p2a: Rocki|81/100
|
|upkeep
|turn|14
|
|t:|1776282990
|-terastallize|p2a: Rocki|Grass
|move|p1a: Ogerpon|Ivy Cudgel|p2a: Rocki|[anim] Ivy Cudgel Water
|-resisted|p2a: Rocki
|-damage|p2a: Rocki|62/100
|move|p2a: Rocki|Salt Cure|p1a: Ogerpon
|-crit|p1a: Ogerpon
|-damage|p1a: Ogerpon|51/100
|-start|p1a: Ogerpon|Salt Cure
|
|-damage|p1a: Ogerpon|26/100|[from] Salt Cure
|upkeep
|turn|15
|
|t:|1776283002
|move|p1a: Ogerpon|U-turn|p2a: Rocki
|-supereffective|p2a: Rocki
|-damage|p2a: Rocki|28/100
|
|t:|1776283023
|switch|p1a: Iron Valiant|Iron Valiant|100/100|[from] U-turn
|-damage|p1a: Iron Valiant|94/100|[from] Stealth Rock
|-enditem|p1a: Iron Valiant|Booster Energy
|-activate|p1a: Iron Valiant|ability: Quark Drive|[fromitem]
|-start|p1a: Iron Valiant|quarkdrivespe
|move|p2a: Rocki|Recover|p2a: Rocki
|-heal|p2a: Rocki|78/100
|
|upkeep
|turn|16
|
|t:|1776283049
|switch|p2a: Cleffairable|Clefable, F, shiny|100/100
|move|p1a: Iron Valiant|Moonblast|p2a: Cleffairable
|-damage|p2a: Cleffairable|52/100
|
|upkeep
|turn|17
|
|t:|1776283063
|move|p1a: Iron Valiant|Moonblast|p2a: Cleffairable
|-damage|p2a: Cleffairable|4/100
|move|p2a: Cleffairable|Moonblast|p1a: Iron Valiant
|-supereffective|p1a: Iron Valiant
|-damage|p1a: Iron Valiant|0 fnt
|faint|p1a: Iron Valiant
|-end|p1a: Iron Valiant|Quark Drive|[silent]
|
|upkeep
|
|t:|1776283074
|switch|p1a: Raging Bolt|Raging Bolt|100/100
|-damage|p1a: Raging Bolt|88/100|[from] Stealth Rock
|turn|18
|
|t:|1776283079
|move|p1a: Raging Bolt|Thunderclap|p2a: Cleffairable
|-damage|p2a: Cleffairable|0 fnt
|faint|p2a: Cleffairable
|
|-heal|p1a: Raging Bolt|94/100|[from] item: Leftovers
|upkeep
|
|t:|1776283082
|switch|p2a: Zira|Blissey, F|100/100
|-damage|p2a: Zira|84/100|[from] Spikes
|turn|19
|
|t:|1776283093
|move|p1a: Raging Bolt|Calm Mind|p1a: Raging Bolt
|-boost|p1a: Raging Bolt|spa|1
|-boost|p1a: Raging Bolt|spd|1
|move|p2a: Zira|Ice Beam|p1a: Raging Bolt
|-supereffective|p1a: Raging Bolt
|-damage|p1a: Raging Bolt|62/100
|
|-heal|p1a: Raging Bolt|68/100|[from] item: Leftovers
|upkeep
|turn|20
|
|t:|1776283101
|move|p1a: Raging Bolt|Calm Mind|p1a: Raging Bolt
|-boost|p1a: Raging Bolt|spa|1
|-boost|p1a: Raging Bolt|spd|1
|move|p2a: Zira|Calm Mind|p2a: Zira
|-boost|p2a: Zira|spa|1
|-boost|p2a: Zira|spd|1
|
|-heal|p1a: Raging Bolt|75/100|[from] item: Leftovers
|upkeep
|turn|21
|
|t:|1776283113
|move|p1a: Raging Bolt|Dragon Pulse|p2a: Zira
|-damage|p2a: Zira|60/100
|move|p2a: Zira|Calm Mind|p2a: Zira
|-boost|p2a: Zira|spa|1
|-boost|p2a: Zira|spd|1
|
|-heal|p1a: Raging Bolt|81/100|[from] item: Leftovers
|upkeep
|turn|22
|
|t:|1776283135
|move|p1a: Raging Bolt|Calm Mind|p1a: Raging Bolt
|-boost|p1a: Raging Bolt|spa|1
|-boost|p1a: Raging Bolt|spd|1
|move|p2a: Zira|Ice Beam|p1a: Raging Bolt
|-supereffective|p1a: Raging Bolt
|-damage|p1a: Raging Bolt|40/100
|
|-heal|p1a: Raging Bolt|46/100|[from] item: Leftovers
|upkeep
|turn|23
|
|t:|1776283147
|move|p1a: Raging Bolt|Dragon Pulse|p2a: Zira
|-damage|p2a: Zira|37/100
|move|p2a: Zira|Soft-Boiled|p2a: Zira
|-heal|p2a: Zira|87/100
|
|-heal|p1a: Raging Bolt|52/100|[from] item: Leftovers
|upkeep
|turn|24
|
|t:|1776283159
|move|p1a: Raging Bolt|Calm Mind|p1a: Raging Bolt
|-boost|p1a: Raging Bolt|spa|1
|-boost|p1a: Raging Bolt|spd|1
|move|p2a: Zira|Ice Beam|p1a: Raging Bolt
|-supereffective|p1a: Raging Bolt
|-damage|p1a: Raging Bolt|23/100
|
|-heal|p1a: Raging Bolt|29/100|[from] item: Leftovers
|upkeep
|turn|25
|
|t:|1776283168
|move|p1a: Raging Bolt|Protect|p1a: Raging Bolt
|-singleturn|p1a: Raging Bolt|Protect
|move|p2a: Zira|Ice Beam|p1a: Raging Bolt
|-activate|p1a: Raging Bolt|move: Protect
|
|-heal|p1a: Raging Bolt|35/100|[from] item: Leftovers
|upkeep
|turn|26
|
|t:|1776283180
|move|p1a: Raging Bolt|Dragon Pulse|p2a: Zira
|-damage|p2a: Zira|60/100
|move|p2a: Zira|Ice Beam|p1a: Raging Bolt
|-supereffective|p1a: Raging Bolt
|-damage|p1a: Raging Bolt|6/100
|
|-heal|p1a: Raging Bolt|12/100|[from] item: Leftovers
|upkeep
|turn|27
|
|t:|1776283189
|move|p1a: Raging Bolt|Dragon Pulse|p2a: Zira
|-crit|p2a: Zira
|-damage|p2a: Zira|0 fnt
|faint|p2a: Zira
|
|-heal|p1a: Raging Bolt|18/100|[from] item: Leftovers
|upkeep
|c|☆Hike Mawk|Crits
|c|☆Hike Mawk|Dam Crits
|
|t:|1776283217
|switch|p2a: Azulor|Gliscor, M, shiny|76/100
|turn|28
|c|☆iJuzou|wow
|c|☆iJuzou|thats just RNJesus helping me
|
|t:|1776283239
|move|p2a: Azulor|Earthquake|p1a: Raging Bolt
|-supereffective|p1a: Raging Bolt
|-damage|p1a: Raging Bolt|0 fnt
|faint|p1a: Raging Bolt
|-end|p1a: Raging Bolt|Protosynthesis|[silent]
|
|-status|p2a: Azulor|tox|[from] item: Toxic Orb
|upkeep
|
|t:|1776283247
|switch|p1a: Kyurem|Kyurem, shiny|100/100
|-damage|p1a: Kyurem|76/100|[from] Stealth Rock
|-ability|p1a: Kyurem|Pressure
|turn|29
|
|t:|1776283257
|move|p1a: Kyurem|Ice Beam|p2a: Azulor
|-supereffective|p2a: Azulor
|-damage|p2a: Azulor|0 fnt
|faint|p2a: Azulor
|
|upkeep
|
|t:|1776283259
|switch|p2a: Rookidon|Corviknight, M|100/100
|turn|30
|
|t:|1776283265
|move|p1a: Kyurem|Ice Beam|p2a: Rookidon
|-damage|p2a: Rookidon|34/100
|move|p2a: Rookidon|Agility|p2a: Rookidon
|-boost|p2a: Rookidon|spe|2
|
|upkeep
|turn|31
|
|t:|1776283273
|move|p2a: Rookidon|Roost|p2a: Rookidon
|-heal|p2a: Rookidon|84/100
|-singleturn|p2a: Rookidon|move: Roost
|move|p1a: Kyurem|Ice Beam|p2a: Rookidon
|-resisted|p2a: Rookidon
|-damage|p2a: Rookidon|49/100
|
|upkeep
|turn|32
|
|t:|1776283284
|switch|p1a: Ogerpon|Ogerpon-Wellspring, F|26/100
|-damage|p1a: Ogerpon|14/100|[from] Stealth Rock
|move|p2a: Rookidon|Roost|p2a: Rookidon
|-heal|p2a: Rookidon|99/100
|-singleturn|p2a: Rookidon|move: Roost
|
|upkeep
|turn|33
|
|t:|1776283310
|move|p1a: Ogerpon|Knock Off|p2a: Rookidon
|-crit|p2a: Rookidon
|-damage|p2a: Rookidon|55/100
|-enditem|p2a: Rookidon|Weakness Policy|[from] move: Knock Off|[of] p1a: Ogerpon
|move|p2a: Rookidon|Agility|p2a: Rookidon
|-boost|p2a: Rookidon|spe|2
|
|upkeep
|turn|34
|
|t:|1776283320
|move|p2a: Rookidon|Roost|p2a: Rookidon
|-heal|p2a: Rookidon|100/100
|-singleturn|p2a: Rookidon|move: Roost
|move|p1a: Ogerpon|Ivy Cudgel|p2a: Rookidon|[anim] Ivy Cudgel Water
|-damage|p2a: Rookidon|55/100
|
|upkeep
|turn|35
|
|t:|1776283329
|move|p2a: Rookidon|Bulk Up|p2a: Rookidon
|-boost|p2a: Rookidon|atk|1
|-boost|p2a: Rookidon|def|1
|move|p1a: Ogerpon|Ivy Cudgel|p2a: Rookidon|[anim] Ivy Cudgel Water
|-damage|p2a: Rookidon|25/100
|
|upkeep
|turn|36
|c|☆Hike Mawk|I Swear If I Roost And I Get Crit Again
|
|t:|1776283358
|move|p2a: Rookidon|Roost|p2a: Rookidon
|-heal|p2a: Rookidon|75/100
|-singleturn|p2a: Rookidon|move: Roost
|move|p1a: Ogerpon|Ivy Cudgel|p2a: Rookidon|[anim] Ivy Cudgel Water
|-damage|p2a: Rookidon|40/100
|
|upkeep
|turn|37
|c|☆iJuzou|im so scared rn
|c|☆iJuzou|corvi is looking mad scary
|
|t:|1776283382
|move|p2a: Rookidon|Roost|p2a: Rookidon
|-heal|p2a: Rookidon|90/100
|-singleturn|p2a: Rookidon|move: Roost
|move|p1a: Ogerpon|Ivy Cudgel|p2a: Rookidon|[anim] Ivy Cudgel Water
|-damage|p2a: Rookidon|60/100
|
|upkeep
|turn|38
|
|t:|1776283394
|move|p2a: Rookidon|Bulk Up|p2a: Rookidon
|-boost|p2a: Rookidon|atk|1
|-boost|p2a: Rookidon|def|1
|move|p1a: Ogerpon|U-turn|p2a: Rookidon
|-resisted|p2a: Rookidon
|-damage|p2a: Rookidon|57/100
|
|t:|1776283404
|switch|p1a: Moltres|Moltres|96/100|[from] U-turn
|
|upkeep
|turn|39
|
|t:|1776283414
|move|p2a: Rookidon|Power Trip|p1a: Moltres
|-damage|p1a: Moltres|29/100
|-status|p2a: Rookidon|brn|[from] ability: Flame Body|[of] p1a: Moltres
|move|p1a: Moltres|Flamethrower|p2a: Rookidon
|-supereffective|p2a: Rookidon
|-damage|p2a: Rookidon|0 fnt
|faint|p2a: Rookidon
|
|upkeep
|c|☆Hike Mawk|Moltres Max Defense Or What?
|c|☆Hike Mawk|I've Swept With Corv Through Burn
|c|☆iJuzou|248 hp 248 def
|
|t:|1776283445
|switch|p2a: Rocki|Garganacl, F, shiny, tera:Grass|78/100
|-damage|p2a: Rocki|61/100|[from] Spikes
|turn|40
|c|☆Hike Mawk|Sounds About Right
|c|☆Hike Mawk|Anyway GGs
|c|☆iJuzou|gg
|
|t:|1776283466
|move|p1a: Moltres|Flamethrower|p2a: Rocki
|-supereffective|p2a: Rocki
|-damage|p2a: Rocki|0 fnt
|faint|p2a: Rocki
|
|win|iJuzou
|raw|iJuzou's rating: 1198 &rarr; <strong>1218</strong><br />(+20 for winning)
|raw|Hike Mawk's rating: 1134 &rarr; <strong>1114</strong><br />(-20 for losing)
|l|☆iJuzou
|player|p1|
