|html|<div class="broadcast-blue"><strong>[Gen 9] OU is currently suspecting Tera Blast! For information on how to participate check out the <a href="https://www.smogon.com/tools/suspects/view/200">suspect thread</a>.</strong></div>
|j|☆loudclouds103
|j|☆zs_wstar
|t:|1776065225
|gametype|singles
|player|p1|loudclouds103|102|1138
|player|p2|zs_wstar|169|1090
|gen|9
|tier|[Gen 9] OU
|rated|
|rule|HP Percentage Mod: HP is shown in percentages
|rule|Endless Battle Clause: Forcing endless battles is banned
|rule|Species Clause: Limit one of each Pokémon
|rule|OHKO Clause: OHKO moves are banned
|rule|Evasion Items Clause: Evasion items are banned
|rule|Evasion Moves Clause: Evasion moves are banned
|rule|Evasion Abilities Clause: Evasion abilities are banned
|rule|Sleep Moves Clause: Sleep-inducing moves are banned
|clearpoke
|poke|p1|Basculin-Blue-Striped, M|
|poke|p1|Toxicroak, M|
|poke|p1|Hitmontop, M|
|poke|p1|Slowking-Galar, F|
|poke|p1|Enamorus, F|
|poke|p1|Raging Bolt|
|poke|p2|Ting-Lu|
|poke|p2|Corviknight, M|
|poke|p2|Dragapult, F|
|poke|p2|Great Tusk|
|poke|p2|Ogerpon-Wellspring, F|
|poke|p2|Kingambit, M|
|teampreview
|
|t:|1776065244
|teamsize|p1|6
|teamsize|p2|6
|start
|switch|p1a: Toxicroak|Toxicroak, M|100/100
|switch|p2a: Ting-Lu|Ting-Lu|100/100
|-item|p1a: Toxicroak|Air Balloon
|-ability|p2a: Ting-Lu|Vessel of Ruin
|turn|1
|
|t:|1776065254
|move|p1a: Toxicroak|Close Combat|p2a: Ting-Lu
|-supereffective|p2a: Ting-Lu
|-damage|p2a: Ting-Lu|41/100
|-unboost|p1a: Toxicroak|def|1
|-unboost|p1a: Toxicroak|spd|1
|move|p2a: Ting-Lu|Stealth Rock|p1a: Toxicroak
|-sidestart|p1: loudclouds103|move: Stealth Rock
|
|-heal|p2a: Ting-Lu|47/100|[from] item: Leftovers
|upkeep
|turn|2
|
|t:|1776065266
|move|p1a: Toxicroak|Close Combat|p2a: Ting-Lu
|-supereffective|p2a: Ting-Lu
|-damage|p2a: Ting-Lu|0 fnt
|-unboost|p1a: Toxicroak|def|1
|-unboost|p1a: Toxicroak|spd|1
|faint|p2a: Ting-Lu
|
|upkeep
|
|t:|1776065283
|switch|p2a: Dragapult|Dragapult, F|100/100
|turn|3
|
|t:|1776065293
|switch|p1a: Enamorus|Enamorus, F|100/100
|-damage|p1a: Enamorus|76/100|[from] Stealth Rock
|-terastallize|p2a: Dragapult|Ghost
|move|p2a: Dragapult|Shadow Ball|p1a: Enamorus
|-crit|p1a: Enamorus
|-damage|p1a: Enamorus|0 fnt
|faint|p1a: Enamorus
|
|upkeep
|
|t:|1776065309
|switch|p1a: Hitmontop|Hitmontop, M|100/100
|-damage|p1a: Hitmontop|95/100|[from] Stealth Rock
|turn|4
|
|t:|1776065313
|move|p2a: Dragapult|Shadow Ball|p1a: Hitmontop
|-damage|p1a: Hitmontop|42/100
|move|p1a: Hitmontop|Triple Axel|p2a: Dragapult
|-damage|p2a: Dragapult|89/100
|-damage|p2a: Dragapult|61/100
|-damage|p2a: Dragapult|21/100
|-hitcount|p2a: Dragapult|3
|
|upkeep
|turn|5
|
|t:|1776065323
|move|p1a: Hitmontop|Bullet Punch|p2a: Dragapult
|-damage|p2a: Dragapult|0 fnt
|faint|p2a: Dragapult
|
|upkeep
|
|t:|1776065329
|switch|p2a: Corviknight|Corviknight, M|100/100
|-ability|p2a: Corviknight|Pressure
|turn|6
|
|t:|1776065333
|move|p1a: Hitmontop|Rapid Spin|p2a: Corviknight
|-resisted|p2a: Corviknight
|-damage|p2a: Corviknight|94/100
|-boost|p1a: Hitmontop|spe|1
|-sideend|p1: loudclouds103|Stealth Rock|[from] move: Rapid Spin|[of] p1a: Hitmontop
|move|p2a: Corviknight|Brave Bird|p1a: Hitmontop
|-supereffective|p1a: Hitmontop
|-damage|p1a: Hitmontop|0 fnt
|faint|p1a: Hitmontop
|-damage|p2a: Corviknight|83/100|[from] Recoil
|
|-heal|p2a: Corviknight|89/100|[from] item: Leftovers
|upkeep
|
|t:|1776065339
|switch|p1a: Slowking|Slowking-Galar, F|100/100
|turn|7
|
|t:|1776065350
|move|p2a: Corviknight|Body Press|p1a: Slowking
|-resisted|p1a: Slowking
|-damage|p1a: Slowking|94/100
|move|p1a: Slowking|Flamethrower|p2a: Corviknight
|-supereffective|p2a: Corviknight
|-damage|p2a: Corviknight|30/100
|
|-heal|p2a: Corviknight|36/100|[from] item: Leftovers
|upkeep
|turn|8
|
|t:|1776065359
|move|p2a: Corviknight|Roost|p2a: Corviknight
|-heal|p2a: Corviknight|86/100
|-singleturn|p2a: Corviknight|move: Roost
|move|p1a: Slowking|Flamethrower|p2a: Corviknight
|-supereffective|p2a: Corviknight
|-damage|p2a: Corviknight|31/100
|
|-heal|p2a: Corviknight|37/100|[from] item: Leftovers
|upkeep
|turn|9
|
|t:|1776065371
|move|p2a: Corviknight|Roost|p2a: Corviknight
|-heal|p2a: Corviknight|87/100
|-singleturn|p2a: Corviknight|move: Roost
|move|p1a: Slowking|Flamethrower|p2a: Corviknight
|-supereffective|p2a: Corviknight
|-damage|p2a: Corviknight|24/100
|
|-heal|p2a: Corviknight|30/100|[from] item: Leftovers
|upkeep
|turn|10
|
|t:|1776065381
|move|p2a: Corviknight|Brave Bird|p1a: Slowking
|-damage|p1a: Slowking|58/100
|-damage|p2a: Corviknight|18/100|[from] Recoil
|move|p1a: Slowking|Flamethrower|p2a: Corviknight
|-supereffective|p2a: Corviknight
|-damage|p2a: Corviknight|0 fnt
|faint|p2a: Corviknight
|
|upkeep
|
|t:|1776065394
|switch|p2a: Kingambit|Kingambit, M|100/100
|-activate|p2a: Kingambit|ability: Supreme Overlord
|-start|p2a: Kingambit|fallen3|[silent]
|turn|11
|
|t:|1776065402
|switch|p1a: Toxicroak|Toxicroak, M|100/100
|-item|p1a: Toxicroak|Air Balloon
|move|p2a: Kingambit|Kowtow Cleave|p1a: Toxicroak
|-resisted|p1a: Toxicroak
|-damage|p1a: Toxicroak|41/100
|-enditem|p1a: Toxicroak|Air Balloon
|
|upkeep
|turn|12
|
|t:|1776065412
|move|p2a: Kingambit|Sucker Punch|p1a: Toxicroak
|-resisted|p1a: Toxicroak
|-damage|p1a: Toxicroak|0 fnt
|faint|p1a: Toxicroak
|
|upkeep
|
|t:|1776065417
|switch|p1a: Raging Bolt|Raging Bolt|100/100
|turn|13
|
|t:|1776065424
|move|p2a: Kingambit|Sucker Punch|p1a: Raging Bolt
|-damage|p1a: Raging Bolt|51/100
|move|p1a: Raging Bolt|Thunderbolt|p2a: Kingambit
|-damage|p2a: Kingambit|37/100
|
|upkeep
|turn|14
|
|t:|1776065431
|move|p2a: Kingambit|Sucker Punch|p1a: Raging Bolt
|-damage|p1a: Raging Bolt|0 fnt
|faint|p1a: Raging Bolt
|-end|p1a: Raging Bolt|Protosynthesis|[silent]
|
|upkeep
|
|t:|1776065443
|switch|p1a: Slowking|Slowking-Galar, F|91/100
|turn|15
|
|t:|1776065447
|-terastallize|p1a: Slowking|Poison
|move|p2a: Kingambit|Sucker Punch|p1a: Slowking
|-crit|p1a: Slowking
|-damage|p1a: Slowking|0 fnt
|faint|p1a: Slowking
|
|upkeep
|
|t:|1776065452
|switch|p1a: Basculin|Basculin-Blue-Striped, M|100/100
|turn|16
|
|t:|1776065456
|move|p2a: Kingambit|Sucker Punch|p1a: Basculin
|-damage|p1a: Basculin|0 fnt
|faint|p1a: Basculin
|
|win|zs_wstar
|raw|loudclouds103's rating: 1138 &rarr; <strong>1110</strong><br />(-28 for losing)
|raw|zs_wstar's rating: 1090 &rarr; <strong>1120</strong><br />(+30 for winning)
|l|☆loudclouds103
|player|p1|
|l|☆zs_wstar
|player|p2|
