|html|<div class="broadcast-blue"><strong>[Gen 9] OU is currently suspecting Tera Blast! For information on how to participate check out the <a href="https://www.smogon.com/tools/suspects/view/200">suspect thread</a>.</strong></div>
|j|☆Mangareader14
|j|☆Afiyah
|t:|1776059279
|gametype|singles
|player|p1|Mangareader14|acetrainer|1067
|player|p2|Afiyah|clerkf|1102
|gen|9
|tier|[Gen 9] OU
|rated|
|rule|HP Percentage Mod: HP is shown in percentages
|rule|Endless Battle Clause: Forcing endless battles is banned
|rule|Species Clause: Limit one of each Pokémon
|rule|OHKO Clause: OHKO moves are banned
|rule|Evasion Items Clause: Evasion items are banned
|rule|Evasion Moves Clause: Evasion moves are banned
|rule|Evasion Abilities Clause: Evasion abilities are banned
|rule|Sleep Moves Clause: Sleep-inducing moves are banned
|clearpoke
|poke|p1|Dragapult, M|
|poke|p1|Gliscor, F|
|poke|p1|Iron Crown|
|poke|p1|Iron Valiant|
|poke|p1|Primarina, F|
|poke|p1|Cinderace, M|
|poke|p2|Lapras, F|
|poke|p2|Sandy Shocks|
|poke|p2|Sylveon, F|
|poke|p2|Ninetales, F|
|poke|p2|Iron Treads|
|poke|p2|Corviknight, F|
|teampreview
|inactive|Battle timer is ON: inactive players will automatically lose when time's up. (requested by Afiyah)
|
|t:|1776059287
|teamsize|p1|6
|teamsize|p2|6
|start
|switch|p1a: Primarina|Primarina, F|100/100
|switch|p2a: Iron|Iron Treads|100/100
|turn|1
|
|t:|1776059294
|move|p2a: Iron|Volt Switch|p1a: Primarina
|-supereffective|p1a: Primarina
|-damage|p1a: Primarina|76/100
|-damage|p2a: Iron|91/100|[from] item: Life Orb
|
|t:|1776059319
|-end|p2a: Iron|Quark Drive|[silent]
|switch|p2a: Gaia|Lapras, F|100/100|[from] Volt Switch
|move|p1a: Primarina|Calm Mind|p1a: Primarina
|-boost|p1a: Primarina|spa|1
|-boost|p1a: Primarina|spd|1
|
|upkeep
|turn|2
|
|t:|1776059328
|move|p1a: Primarina|Calm Mind|p1a: Primarina
|-boost|p1a: Primarina|spa|1
|-boost|p1a: Primarina|spd|1
|move|p2a: Gaia|Freeze-Dry|p1a: Primarina
|-supereffective|p1a: Primarina
|-damage|p1a: Primarina|50/100
|
|upkeep
|turn|3
|
|t:|1776059338
|move|p1a: Primarina|Draining Kiss|p2a: Gaia
|-damage|p2a: Gaia|60/100
|-heal|p1a: Primarina|100/100|[from] drain|[of] p2a: Gaia
|move|p2a: Gaia|Perish Song|p2a: Gaia
|-start|p1a: Primarina|perish3|[silent]
|-start|p2a: Gaia|perish3|[silent]
|-fieldactivate|move: Perish Song
|
|-heal|p2a: Gaia|66/100|[from] item: Leftovers
|-start|p2a: Gaia|perish3
|-start|p1a: Primarina|perish3
|upkeep
|turn|4
|
|t:|1776059355
|switch|p2a: Tyrantre|Sandy Shocks, shiny|100/100
|-enditem|p2a: Tyrantre|Booster Energy
|-activate|p2a: Tyrantre|ability: Protosynthesis|[fromitem]
|-start|p2a: Tyrantre|protosynthesisspa
|switch|p1a: Iron Crown|Iron Crown|100/100
|-enditem|p1a: Iron Crown|Booster Energy
|-activate|p1a: Iron Crown|ability: Quark Drive|[fromitem]
|-start|p1a: Iron Crown|quarkdrivespa
|
|upkeep
|turn|5
|
|t:|1776059367
|move|p2a: Tyrantre|Earth Power|p1a: Iron Crown
|-supereffective|p1a: Iron Crown
|-damage|p1a: Iron Crown|0 fnt
|faint|p1a: Iron Crown
|-end|p1a: Iron Crown|Quark Drive|[silent]
|
|upkeep
|
|t:|1776059374
|switch|p1a: Gliscor|Gliscor, F|100/100
|turn|6
|
|t:|1776059390
|-end|p2a: Tyrantre|Protosynthesis|[silent]
|switch|p2a: Sylvia|Sylveon, F|100/100
|move|p1a: Gliscor|Earthquake|p2a: Sylvia
|-damage|p2a: Sylvia|61/100
|
|-status|p1a: Gliscor|tox|[from] item: Toxic Orb
|upkeep
|turn|7
|
|t:|1776059402
|move|p1a: Gliscor|Toxic|p2a: Sylvia|[miss]
|-miss|p1a: Gliscor|p2a: Sylvia
|move|p2a: Sylvia|Wish|p2a: Sylvia
|
|upkeep
|turn|8
|
|t:|1776059407
|move|p1a: Gliscor|Toxic|p2a: Sylvia
|-status|p2a: Sylvia|tox
|move|p2a: Sylvia|Hyper Voice|p1a: Gliscor
|-damage|p1a: Gliscor|13/100 tox
|-damage|p2a: Sylvia|51/100 tox|[from] item: Life Orb
|
|-heal|p2a: Sylvia|100/100 tox|[from] move: Wish|[wisher] Sylvia
|-heal|p1a: Gliscor|26/100 tox|[from] ability: Poison Heal
|-damage|p2a: Sylvia|94/100 tox|[from] psn
|upkeep
|turn|9
|
|t:|1776059416
|move|p1a: Gliscor|U-turn|p2a: Sylvia
|-resisted|p2a: Sylvia
|-damage|p2a: Sylvia|85/100 tox
|
|t:|1776059420
|switch|p1a: Cinderace|Cinderace, M|100/100|[from] U-turn
|move|p2a: Sylvia|Hyper Voice|p1a: Cinderace
|-resisted|p1a: Cinderace
|-damage|p1a: Cinderace|51/100
|-damage|p2a: Sylvia|75/100 tox|[from] item: Life Orb
|
|-damage|p2a: Sylvia|62/100 tox|[from] psn
|upkeep
|turn|10
|
|t:|1776059446
|switch|p2a: Tyrantre|Sandy Shocks, shiny|100/100
|move|p1a: Cinderace|Pyro Ball|p2a: Tyrantre
|-damage|p2a: Tyrantre|38/100
|
|upkeep
|turn|11
|
|t:|1776059457
|move|p1a: Cinderace|Pyro Ball|p2a: Tyrantre
|-damage|p2a: Tyrantre|0 fnt
|faint|p2a: Tyrantre
|-end|p2a: Tyrantre|Protosynthesis|[silent]
|
|upkeep
|
|t:|1776059462
|switch|p2a: Gaia|Lapras, F|66/100
|turn|12
|
|t:|1776059469
|move|p1a: Cinderace|U-turn|p2a: Gaia
|-start|p1a: Cinderace|typechange|Bug|[from] ability: Libero
|-damage|p2a: Gaia|38/100
|
|t:|1776059472
|switch|p1a: Iron Valiant|Iron Valiant|100/100|[from] U-turn
|-enditem|p1a: Iron Valiant|Booster Energy
|-activate|p1a: Iron Valiant|ability: Quark Drive|[fromitem]
|-start|p1a: Iron Valiant|quarkdriveatk
|move|p2a: Gaia|Surf|p1a: Iron Valiant
|-damage|p1a: Iron Valiant|25/100
|
|-heal|p2a: Gaia|45/100|[from] item: Leftovers
|upkeep
|turn|13
|
|t:|1776059485
|switch|p2a: Corviknight|Corviknight, F|100/100
|move|p1a: Iron Valiant|Drain Punch|p2a: Corviknight
|-damage|p2a: Corviknight|55/100
|-heal|p1a: Iron Valiant|56/100|[from] drain|[of] p2a: Corviknight
|-damage|p1a: Iron Valiant|39/100|[from] item: Rocky Helmet|[of] p2a: Corviknight
|
|upkeep
|turn|14
|
|t:|1776059502
|-terastallize|p1a: Iron Valiant|Steel
|move|p1a: Iron Valiant|Knock Off|p2a: Corviknight
|-damage|p2a: Corviknight|13/100
|-damage|p1a: Iron Valiant|23/100|[from] item: Rocky Helmet|[of] p2a: Corviknight
|-enditem|p2a: Corviknight|Rocky Helmet|[from] move: Knock Off|[of] p1a: Iron Valiant
|move|p2a: Corviknight|Defog|p1a: Iron Valiant
|-unboost|p1a: Iron Valiant|evasion|1
|
|upkeep
|turn|15
|
|t:|1776059519
|move|p1a: Iron Valiant|Drain Punch|p2a: Corviknight
|-damage|p2a: Corviknight|0 fnt
|-heal|p1a: Iron Valiant|32/100|[from] drain|[of] p2a: Corviknight
|faint|p2a: Corviknight
|
|upkeep
|
|t:|1776059526
|switch|p2a: Iron|Iron Treads|91/100
|turn|16
|
|t:|1776059534
|move|p2a: Iron|Earthquake|p1a: Iron Valiant
|-supereffective|p1a: Iron Valiant
|-damage|p1a: Iron Valiant|0 fnt
|faint|p1a: Iron Valiant
|-end|p1a: Iron Valiant|Quark Drive|[silent]
|-damage|p2a: Iron|81/100|[from] item: Life Orb
|
|upkeep
|
|t:|1776059543
|switch|p1a: Cinderace|Cinderace, M|51/100
|turn|17
|
|t:|1776059552
|-terastallize|p2a: Iron|Water
|move|p1a: Cinderace|Pyro Ball|p2a: Iron|[miss]
|-miss|p1a: Cinderace|p2a: Iron
|move|p2a: Iron|Earthquake|p1a: Cinderace
|-supereffective|p1a: Cinderace
|-damage|p1a: Cinderace|0 fnt
|faint|p1a: Cinderace
|-damage|p2a: Iron|71/100|[from] item: Life Orb
|
|upkeep
|
|t:|1776059562
|switch|p1a: Primarina|Primarina, F|100/100
|turn|18
|
|t:|1776059566
|move|p2a: Iron|Volt Switch|p1a: Primarina
|-supereffective|p1a: Primarina
|-damage|p1a: Primarina|77/100
|-damage|p2a: Iron|61/100|[from] item: Life Orb
|
|t:|1776059583
|-end|p2a: Iron|Quark Drive|[silent]
|switch|p2a: Sylvia|Sylveon, F|62/100 tox|[from] Volt Switch
|move|p1a: Primarina|Calm Mind|p1a: Primarina
|-boost|p1a: Primarina|spa|1
|-boost|p1a: Primarina|spd|1
|
|-damage|p2a: Sylvia|56/100 tox|[from] psn
|upkeep
|turn|19
|
|t:|1776059595
|move|p1a: Primarina|Draining Kiss|p2a: Sylvia
|-damage|p2a: Sylvia|29/100 tox
|-heal|p1a: Primarina|100/100|[from] drain|[of] p2a: Sylvia
|move|p2a: Sylvia|Wish|p2a: Sylvia
|
|-damage|p2a: Sylvia|17/100 tox|[from] psn
|upkeep
|turn|20
|
|t:|1776059607
|move|p2a: Sylvia|Hyper Beam|p1a: Primarina
|-damage|p1a: Primarina|30/100
|-mustrecharge|p2a: Sylvia
|-damage|p2a: Sylvia|7/100 tox|[from] item: Life Orb
|move|p1a: Primarina|Calm Mind|p1a: Primarina
|-boost|p1a: Primarina|spa|1
|-boost|p1a: Primarina|spd|1
|
|-heal|p2a: Sylvia|57/100 tox|[from] move: Wish|[wisher] Sylvia
|-damage|p2a: Sylvia|39/100 tox|[from] psn
|upkeep
|turn|21
|
|t:|1776059620
|move|p1a: Primarina|Draining Kiss|p2a: Sylvia
|-damage|p2a: Sylvia|3/100 tox
|-heal|p1a: Primarina|70/100|[from] drain|[of] p2a: Sylvia
|cant|p2a: Sylvia|recharge
|
|-damage|p2a: Sylvia|0 fnt|[from] psn
|faint|p2a: Sylvia
|upkeep
|
|t:|1776059637
|switch|p2a: Nilla|Ninetales, F|100/100
|-weather|SunnyDay|[from] ability: Drought|[of] p2a: Nilla
|turn|22
|
|t:|1776059647
|move|p2a: Nilla|Encore|p1a: Primarina
|-start|p1a: Primarina|Encore
|move|p1a: Primarina|Draining Kiss|p2a: Nilla
|-resisted|p2a: Nilla
|-damage|p2a: Nilla|71/100
|-heal|p1a: Primarina|94/100|[from] drain|[of] p2a: Nilla
|
|-weather|SunnyDay|[upkeep]
|upkeep
|turn|23
|
|t:|1776059653
|move|p2a: Nilla|Encore||[still]
|-fail|p2a: Nilla
|move|p1a: Primarina|Draining Kiss|p2a: Nilla
|-resisted|p2a: Nilla
|-damage|p2a: Nilla|38/100
|-heal|p1a: Primarina|100/100|[from] drain|[of] p2a: Nilla
|
|-weather|SunnyDay|[upkeep]
|upkeep
|turn|24
|-message|Afiyah forfeited.
|
|win|Mangareader14
|raw|Mangareader14's rating: 1067 &rarr; <strong>1100</strong><br />(+33 for winning)
|raw|Afiyah's rating: 1102 &rarr; <strong>1074</strong><br />(-28 for losing)
|l|☆Afiyah
|player|p2|
|l|☆Mangareader14
|player|p1|
