|html|<div class="broadcast-blue"><strong>[Gen 9] OU is currently suspecting Tera Blast! For information on how to participate check out the <a href="https://www.smogon.com/tools/suspects/view/200">suspect thread</a>.</strong></div>
|j|☆greedman456
|j|☆Swagataka
|t:|1776089517
|gametype|singles
|player|p1|greedman456|brock|1729
|player|p2|Swagataka|byron|1720
|gen|9
|tier|[Gen 9] OU
|rated|
|rule|HP Percentage Mod: HP is shown in percentages
|rule|Endless Battle Clause: Forcing endless battles is banned
|rule|Species Clause: Limit one of each Pokémon
|rule|OHKO Clause: OHKO moves are banned
|rule|Evasion Items Clause: Evasion items are banned
|rule|Evasion Moves Clause: Evasion moves are banned
|rule|Evasion Abilities Clause: Evasion abilities are banned
|rule|Sleep Moves Clause: Sleep-inducing moves are banned
|clearpoke
|poke|p1|Torkoal, M|
|poke|p1|Charizard, M|
|poke|p1|Great Tusk|
|poke|p1|Walking Wake|
|poke|p1|Slither Wing|
|poke|p1|Corviknight, M|
|poke|p2|Kingambit, M|
|poke|p2|Regigigas|
|poke|p2|Great Tusk|
|poke|p2|Pecharunt|
|poke|p2|Zoroark-Hisui, F|
|poke|p2|Lokix, M|
|teampreview
|inactive|Battle timer is ON: inactive players will automatically lose when time's up. (requested by greedman456)
|
|t:|1776089548
|teamsize|p1|6
|teamsize|p2|6
|start
|switch|p1a: Torkoal|Torkoal, M|100/100
|switch|p2a: Apacherunt|Pecharunt|100/100
|-weather|SunnyDay|[from] ability: Drought|[of] p1a: Torkoal
|turn|1
|
|t:|1776089556
|move|p2a: Apacherunt|Toxic|p1a: Torkoal
|-status|p1a: Torkoal|tox
|-start|p1a: Torkoal|confusion|[from] ability: Poison Puppeteer|[of] p2a: Apacherunt
|-activate|p1a: Torkoal|confusion
|move|p1a: Torkoal|Overheat|p2a: Apacherunt
|-damage|p2a: Apacherunt|41/100
|-unboost|p1a: Torkoal|spa|2
|-enditem|p1a: Torkoal|Eject Pack
|
|t:|1776089565
|switch|p1a: Charizard|Charizard, M|100/100
|
|-weather|SunnyDay|[upkeep]
|-damage|p1a: Charizard|88/100|[from] ability: Solar Power|[of] p1a: Charizard
|-heal|p2a: Apacherunt|47/100|[from] item: Leftovers
|upkeep
|turn|2
|
|t:|1776089571
|switch|p2a: Irönhead|Kingambit, M|100/100
|-terastallize|p1a: Charizard|Fire
|move|p1a: Charizard|Flamethrower|p2a: Irönhead
|-enditem|p2a: Irönhead|Focus Sash
|-damage|p2a: Irönhead|1/100
|replace|p2a: Linkin Zark|Zoroark-Hisui, F, shiny
|-end|p2a: Linkin Zark|Illusion
|
|-weather|SunnyDay|[upkeep]
|-damage|p1a: Charizard|76/100|[from] ability: Solar Power|[of] p1a: Charizard
|upkeep
|turn|3
|
|t:|1776089589
|move|p2a: Linkin Zark|Flamethrower|p1a: Charizard
|-resisted|p1a: Charizard
|-damage|p1a: Charizard|47/100
|move|p1a: Charizard|Flamethrower|p2a: Linkin Zark
|-crit|p2a: Linkin Zark
|-damage|p2a: Linkin Zark|0 fnt
|faint|p2a: Linkin Zark
|
|-weather|SunnyDay|[upkeep]
|-damage|p1a: Charizard|35/100|[from] ability: Solar Power|[of] p1a: Charizard
|upkeep
|
|t:|1776089600
|switch|p2a: Knoc Party|Lokix, M|100/100
|turn|4
|
|t:|1776089608
|move|p2a: Knoc Party|Sucker Punch|p1a: Charizard
|-crit|p1a: Charizard
|-damage|p1a: Charizard|0 fnt
|faint|p1a: Charizard
|
|-weather|SunnyDay|[upkeep]
|upkeep
|
|t:|1776089612
|switch|p1a: Slither Wing|Slither Wing|100/100
|-activate|p1a: Slither Wing|ability: Protosynthesis
|-start|p1a: Slither Wing|protosynthesisatk
|turn|5
|
|t:|1776089619
|switch|p2a: Steely Don|Great Tusk|100/100
|-activate|p2a: Steely Don|ability: Protosynthesis
|-start|p2a: Steely Don|protosynthesisatk
|move|p1a: Slither Wing|Flare Blitz|p2a: Steely Don
|-damage|p2a: Steely Don|30/100
|-damage|p1a: Slither Wing|73/100|[from] Recoil
|
|-weather|none
|-end|p2a: Steely Don|Protosynthesis
|-end|p1a: Slither Wing|Protosynthesis
|upkeep
|turn|6
|
|t:|1776089631
|move|p2a: Steely Don|Knock Off|p1a: Slither Wing
|-resisted|p1a: Slither Wing
|-damage|p1a: Slither Wing|50/100
|-enditem|p1a: Slither Wing|Heavy-Duty Boots|[from] move: Knock Off|[of] p2a: Steely Don
|move|p1a: Slither Wing|U-turn|p2a: Steely Don
|-resisted|p2a: Steely Don
|-damage|p2a: Steely Don|15/100
|
|t:|1776089638
|-end|p1a: Slither Wing|Protosynthesis|[silent]
|switch|p1a: Torkoal|Torkoal, M|100/100 tox|[from] U-turn
|-weather|SunnyDay|[from] ability: Drought|[of] p1a: Torkoal
|-activate|p2a: Steely Don|ability: Protosynthesis
|-start|p2a: Steely Don|protosynthesisatk
|
|-weather|SunnyDay|[upkeep]
|-damage|p1a: Torkoal|94/100 tox|[from] psn
|upkeep
|turn|7
|
|t:|1776089651
|-end|p2a: Steely Don|Protosynthesis|[silent]
|switch|p2a: Apacherunt|Pecharunt|47/100
|switch|p1a: Corviknight|Corviknight, M|100/100
|
|-weather|SunnyDay|[upkeep]
|-heal|p2a: Apacherunt|53/100|[from] item: Leftovers
|upkeep
|turn|8
|
|t:|1776089657
|move|p2a: Apacherunt|Recover|p2a: Apacherunt
|-heal|p2a: Apacherunt|100/100
|move|p1a: Corviknight|U-turn|p2a: Apacherunt
|-resisted|p2a: Apacherunt
|-damage|p2a: Apacherunt|99/100
|
|t:|1776089662
|switch|p1a: Walking Wake|Walking Wake|100/100|[from] U-turn
|-activate|p1a: Walking Wake|ability: Protosynthesis
|-start|p1a: Walking Wake|protosynthesisspa
|
|-weather|SunnyDay|[upkeep]
|-heal|p2a: Apacherunt|100/100|[from] item: Leftovers
|upkeep
|turn|9
|
|t:|1776089666
|-terastallize|p2a: Apacherunt|Grass
|move|p1a: Walking Wake|Hydro Steam|p2a: Apacherunt
|-resisted|p2a: Apacherunt
|-damage|p2a: Apacherunt|45/100
|-damage|p1a: Walking Wake|91/100|[from] item: Life Orb
|move|p2a: Apacherunt|Toxic|p1a: Walking Wake
|-status|p1a: Walking Wake|tox
|-start|p1a: Walking Wake|confusion|[from] ability: Poison Puppeteer|[of] p2a: Apacherunt
|
|-weather|SunnyDay|[upkeep]
|-heal|p2a: Apacherunt|51/100|[from] item: Leftovers
|-damage|p1a: Walking Wake|85/100 tox|[from] psn
|upkeep
|turn|10
|
|t:|1776089676
|-end|p1a: Walking Wake|Protosynthesis|[silent]
|switch|p1a: Slither Wing|Slither Wing|50/100
|-activate|p1a: Slither Wing|ability: Protosynthesis
|-start|p1a: Slither Wing|protosynthesisatk
|switch|p2a: Steely Don|Great Tusk|15/100
|-activate|p2a: Steely Don|ability: Protosynthesis
|-start|p2a: Steely Don|protosynthesisatk
|
|-weather|none
|-end|p2a: Steely Don|Protosynthesis
|-end|p1a: Slither Wing|Protosynthesis
|upkeep
|turn|11
|
|t:|1776089690
|-end|p2a: Steely Don|Protosynthesis|[silent]
|switch|p2a: R.E.G.R.E.M.I.X|Regigigas, shiny|100/100
|-start|p2a: R.E.G.R.E.M.I.X|ability: Slow Start
|move|p1a: Slither Wing|U-turn|p2a: R.E.G.R.E.M.I.X
|-damage|p2a: R.E.G.R.E.M.I.X|71/100
|
|t:|1776089697
|-end|p1a: Slither Wing|Protosynthesis|[silent]
|switch|p1a: Torkoal|Torkoal, M|94/100 tox|[from] U-turn
|-weather|SunnyDay|[from] ability: Drought|[of] p1a: Torkoal
|
|-weather|SunnyDay|[upkeep]
|-damage|p1a: Torkoal|88/100 tox|[from] psn
|upkeep
|turn|12
|
|t:|1776089705
|switch|p1a: Walking Wake|Walking Wake|85/100 tox
|-activate|p1a: Walking Wake|ability: Protosynthesis
|-start|p1a: Walking Wake|protosynthesisspa
|move|p2a: R.E.G.R.E.M.I.X|Hyper Beam|p1a: Walking Wake
|-damage|p1a: Walking Wake|0 fnt
|-mustrecharge|p2a: R.E.G.R.E.M.I.X
|faint|p1a: Walking Wake
|-end|p1a: Walking Wake|Protosynthesis|[silent]
|
|-weather|SunnyDay|[upkeep]
|upkeep
|
|t:|1776089715
|switch|p1a: Slither Wing|Slither Wing|50/100
|-activate|p1a: Slither Wing|ability: Protosynthesis
|-start|p1a: Slither Wing|protosynthesisatk
|turn|13
|
|t:|1776089725
|move|p1a: Slither Wing|First Impression|p2a: R.E.G.R.E.M.I.X
|-damage|p2a: R.E.G.R.E.M.I.X|25/100
|cant|p2a: R.E.G.R.E.M.I.X|recharge
|
|-weather|SunnyDay|[upkeep]
|upkeep
|turn|14
|
|t:|1776089730
|move|p1a: Slither Wing|U-turn|p2a: R.E.G.R.E.M.I.X
|-damage|p2a: R.E.G.R.E.M.I.X|0 fnt
|faint|p2a: R.E.G.R.E.M.I.X
|-end|p2a: R.E.G.R.E.M.I.X|Slow Start|[silent]
|
|t:|1776089734
|-end|p1a: Slither Wing|Protosynthesis|[silent]
|switch|p1a: Great Tusk|Great Tusk|100/100|[from] U-turn
|-activate|p1a: Great Tusk|ability: Protosynthesis
|-start|p1a: Great Tusk|protosynthesisatk
|
|-weather|SunnyDay|[upkeep]
|upkeep
|
|t:|1776089741
|switch|p2a: Apacherunt|Pecharunt, tera:Grass|51/100
|turn|15
|
|t:|1776089747
|move|p1a: Great Tusk|Temper Flare|p2a: Apacherunt
|-supereffective|p2a: Apacherunt
|-damage|p2a: Apacherunt|0 fnt
|faint|p2a: Apacherunt
|
|-weather|none
|-end|p1a: Great Tusk|Protosynthesis
|upkeep
|
|t:|1776089754
|switch|p2a: Irönhead|Kingambit, M|100/100
|turn|16
|
|t:|1776089759
|move|p1a: Great Tusk|Close Combat|p2a: Irönhead
|-supereffective|p2a: Irönhead
|-damage|p2a: Irönhead|0 fnt
|-unboost|p1a: Great Tusk|def|1
|-unboost|p1a: Great Tusk|spd|1
|faint|p2a: Irönhead
|
|upkeep
|
|t:|1776089768
|switch|p2a: Knoc Party|Lokix, M|100/100
|turn|17
|
|t:|1776089772
|-end|p1a: Great Tusk|Protosynthesis|[silent]
|switch|p1a: Torkoal|Torkoal, M|88/100 tox
|-weather|SunnyDay|[from] ability: Drought|[of] p1a: Torkoal
|move|p2a: Knoc Party|Knock Off|p1a: Torkoal
|-damage|p1a: Torkoal|66/100 tox
|
|-weather|SunnyDay|[upkeep]
|-damage|p1a: Torkoal|60/100 tox|[from] psn
|upkeep
|turn|18
|-message|Swagataka forfeited.
|
|win|greedman456
|raw|greedman456's rating: 1729 &rarr; <strong>1748</strong><br />(+19 for winning)
|raw|Swagataka's rating: 1720 &rarr; <strong>1701</strong><br />(-19 for losing)
|l|☆Swagataka
|player|p2|
|l|☆greedman456
|player|p1|
