|html|<div class="broadcast-blue"><strong>[Gen 9] OU is currently suspecting Tera Blast! For information on how to participate check out the <a href="https://www.smogon.com/tools/suspects/view/200">suspect thread</a>.</strong></div>
|j|☆John Mahmoud
|j|☆Dark Maste777
|t:|1776166548
|gametype|singles
|player|p1|John Mahmoud|169|1241
|player|p2|Dark Maste777|cyrus|1257
|gen|9
|tier|[Gen 9] OU
|rated|
|rule|HP Percentage Mod: HP is shown in percentages
|rule|Endless Battle Clause: Forcing endless battles is banned
|rule|Species Clause: Limit one of each Pokémon
|rule|OHKO Clause: OHKO moves are banned
|rule|Evasion Items Clause: Evasion items are banned
|rule|Evasion Moves Clause: Evasion moves are banned
|rule|Evasion Abilities Clause: Evasion abilities are banned
|rule|Sleep Moves Clause: Sleep-inducing moves are banned
|clearpoke
|poke|p1|Talonflame, M|
|poke|p1|Pelipper, M|
|poke|p1|Barraskewda, M|
|poke|p1|Ogerpon-Wellspring, F|
|poke|p1|Zapdos|
|poke|p1|Samurott-Hisui, F|
|poke|p2|Meowscarada, M|
|poke|p2|Kingambit, M|
|poke|p2|Latias, F|
|poke|p2|Magnezone|
|poke|p2|Ursaluna, M|
|poke|p2|Drifblim, M|
|teampreview
|inactive|Battle timer is ON: inactive players will automatically lose when time's up. (requested by Dark Maste777)
|
|t:|1776166556
|teamsize|p1|6
|teamsize|p2|6
|start
|switch|p1a: Big Mouth|Pelipper, M|100/100
|switch|p2a: Meowscarada|Meowscarada, M|100/100
|-weather|RainDance|[from] ability: Drizzle|[of] p1a: Big Mouth
|turn|1
|
|t:|1776166565
|move|p2a: Meowscarada|U-turn|p1a: Big Mouth
|-start|p2a: Meowscarada|typechange|Bug|[from] ability: Protean
|-resisted|p1a: Big Mouth
|-damage|p1a: Big Mouth|84/100
|j| hghhhgfhg
|
|t:|1776166570
|switch|p2a: Magnezone|Magnezone|100/100|[from] U-turn
|move|p1a: Big Mouth|Hurricane|p2a: Magnezone
|-resisted|p2a: Magnezone
|-damage|p2a: Magnezone|87/100
|
|-weather|RainDance|[upkeep]
|upkeep
|turn|2
|l| hghhhgfhg
|
|t:|1776166591
|switch|p1a: Shogunyan|Samurott-Hisui, F, shiny|100/100
|move|p2a: Magnezone|Thunderbolt|p1a: Shogunyan
|-supereffective|p1a: Shogunyan
|-enditem|p1a: Shogunyan|Focus Sash
|-damage|p1a: Shogunyan|1/100
|
|-weather|RainDance|[upkeep]
|upkeep
|turn|3
|
|t:|1776166609
|move|p1a: Shogunyan|Aqua Cutter|p2a: Magnezone
|-damage|p2a: Magnezone|22/100
|move|p2a: Magnezone|Tera Blast|p1a: Shogunyan
|-damage|p1a: Shogunyan|0 fnt
|faint|p1a: Shogunyan
|
|-weather|RainDance|[upkeep]
|upkeep
|
|t:|1776166619
|switch|p1a: Glass Cannon|Barraskewda, M, shiny|100/100
|turn|4
|
|t:|1776166631
|switch|p2a: Latias|Latias, F|100/100
|move|p1a: Glass Cannon|Liquidation|p2a: Latias
|-resisted|p2a: Latias
|-damage|p2a: Latias|33/100
|-unboost|p2a: Latias|def|1
|
|-weather|RainDance|[upkeep]
|upkeep
|turn|5
|
|t:|1776166647
|switch|p2a: Drifblim|Drifblim, M|100/100
|move|p1a: Glass Cannon|Liquidation|p2a: Drifblim
|-damage|p2a: Drifblim|0 fnt
|-damage|p1a: Glass Cannon|76/100|[from] ability: Aftermath|[of] p2a: Drifblim
|faint|p2a: Drifblim
|
|-weather|RainDance|[upkeep]
|upkeep
|
|t:|1776166653
|switch|p2a: Meowscarada|Meowscarada, M|100/100
|turn|6
|
|t:|1776166662
|move|p1a: Glass Cannon|Liquidation|p2a: Meowscarada
|-resisted|p2a: Meowscarada
|-damage|p2a: Meowscarada|24/100
|move|p2a: Meowscarada|Flower Trick|p1a: Glass Cannon
|-start|p2a: Meowscarada|typechange|Grass|[from] ability: Protean
|-supereffective|p1a: Glass Cannon
|-crit|p1a: Glass Cannon
|-damage|p1a: Glass Cannon|0 fnt
|faint|p1a: Glass Cannon
|
|-weather|RainDance|[upkeep]
|upkeep
|
|t:|1776166680
|switch|p1a: Nerf Gun|Talonflame, M, shiny|100/100
|turn|7
|
|t:|1776166696
|switch|p2a: Ursaluna|Ursaluna, M|100/100
|move|p1a: Nerf Gun|Hurricane|p2a: Ursaluna
|-damage|p2a: Ursaluna|64/100
|-start|p2a: Ursaluna|confusion
|
|-weather|RainDance|[upkeep]
|-status|p2a: Ursaluna|brn|[from] item: Flame Orb
|upkeep
|turn|8
|
|t:|1776166709
|move|p1a: Nerf Gun|Hurricane|p2a: Ursaluna
|-crit|p2a: Ursaluna
|-damage|p2a: Ursaluna|2/100 brn
|-activate|p2a: Ursaluna|confusion
|move|p2a: Ursaluna|Facade|p1a: Nerf Gun
|-damage|p1a: Nerf Gun|0 fnt
|faint|p1a: Nerf Gun
|
|-weather|none
|-damage|p2a: Ursaluna|0 fnt|[from] brn
|faint|p2a: Ursaluna
|upkeep
|
|t:|1776166720
|switch|p1a: Big Mouth|Pelipper, M|84/100
|switch|p2a: Latias|Latias, F|33/100
|-weather|RainDance|[from] ability: Drizzle|[of] p1a: Big Mouth
|turn|9
|
|t:|1776166729
|move|p2a: Latias|Healing Wish|p2a: Latias
|faint|p2a: Latias
|move|p1a: Big Mouth|Ice Beam|p2: Latias|[notarget]
|-fail|p1a: Big Mouth
|
|-weather|RainDance|[upkeep]
|upkeep
|
|t:|1776166737
|switch|p2a: Magnezone|Magnezone|22/100
|-heal|p2a: Magnezone|100/100|[from] move: Healing Wish
|turn|10
|
|t:|1776166744
|move|p1a: Big Mouth|Weather Ball|p2a: Magnezone
|-damage|p2a: Magnezone|31/100
|move|p2a: Magnezone|Thunderbolt|p1a: Big Mouth
|-supereffective|p1a: Big Mouth
|-damage|p1a: Big Mouth|0 fnt
|faint|p1a: Big Mouth
|
|-weather|RainDance|[upkeep]
|upkeep
|
|t:|1776166754
|switch|p1a: Stone Mask|Ogerpon-Wellspring, F|100/100
|turn|11
|
|t:|1776166760
|move|p1a: Stone Mask|Ivy Cudgel|p2a: Magnezone|[anim] Ivy Cudgel Water
|-crit|p2a: Magnezone
|-damage|p2a: Magnezone|0 fnt
|faint|p2a: Magnezone
|
|-weather|RainDance|[upkeep]
|upkeep
|
|t:|1776166764
|switch|p2a: Meowscarada|Meowscarada, M|24/100
|turn|12
|
|t:|1776166777
|move|p2a: Meowscarada|Flower Trick|p1a: Stone Mask
|-start|p2a: Meowscarada|typechange|Grass|[from] ability: Protean
|-crit|p1a: Stone Mask
|-damage|p1a: Stone Mask|36/100
|move|p1a: Stone Mask|Ivy Cudgel|p2a: Meowscarada|[anim] Ivy Cudgel Water
|-resisted|p2a: Meowscarada
|-damage|p2a: Meowscarada|0 fnt
|faint|p2a: Meowscarada
|
|-weather|RainDance|[upkeep]
|upkeep
|
|t:|1776166784
|switch|p2a: Kingambit|Kingambit, M|100/100
|-activate|p2a: Kingambit|ability: Supreme Overlord
|-start|p2a: Kingambit|fallen5|[silent]
|turn|13
|
|t:|1776166793
|move|p2a: Kingambit|Sucker Punch||[still]
|-fail|p2a: Kingambit
|move|p1a: Stone Mask|Swords Dance|p1a: Stone Mask
|-boost|p1a: Stone Mask|atk|2
|
|-weather|RainDance|[upkeep]
|upkeep
|turn|14
|
|t:|1776166800
|move|p2a: Kingambit|Sucker Punch|p1a: Stone Mask
|-damage|p1a: Stone Mask|0 fnt
|faint|p1a: Stone Mask
|
|-weather|RainDance|[upkeep]
|upkeep
|
|t:|1776166806
|switch|p1a: Mjolnir|Zapdos|100/100
|turn|15
|
|t:|1776166827
|move|p1a: Mjolnir|Thunder|p2a: Kingambit
|-damage|p2a: Kingambit|45/100
|move|p2a: Kingambit|Kowtow Cleave|p1a: Mjolnir
|-damage|p1a: Mjolnir|24/100
|
|-weather|RainDance|[upkeep]
|-heal|p2a: Kingambit|51/100|[from] item: Leftovers
|upkeep
|turn|16
|
|t:|1776166838
|move|p2a: Kingambit|Sucker Punch||[still]
|-fail|p2a: Kingambit
|move|p1a: Mjolnir|Roost|p1a: Mjolnir
|-heal|p1a: Mjolnir|74/100
|-singleturn|p1a: Mjolnir|move: Roost
|
|-weather|none
|-heal|p2a: Kingambit|57/100|[from] item: Leftovers
|upkeep
|turn|17
|
|t:|1776166848
|move|p1a: Mjolnir|Thunder|p2a: Kingambit
|-damage|p2a: Kingambit|1/100
|move|p2a: Kingambit|Kowtow Cleave|p1a: Mjolnir
|-damage|p1a: Mjolnir|1/100
|-status|p2a: Kingambit|par|[from] ability: Static|[of] p1a: Mjolnir
|
|-heal|p2a: Kingambit|7/100 par|[from] item: Leftovers
|upkeep
|turn|18
|
|t:|1776166861
|move|p1a: Mjolnir|Volt Switch|p2a: Kingambit
|-damage|p2a: Kingambit|0 fnt
|faint|p2a: Kingambit
|-end|p2a: Kingambit|fallen5|[silent]
|
|win|John Mahmoud
|raw|John Mahmoud's rating: 1241 &rarr; <strong>1267</strong><br />(+26 for winning)
|raw|Dark Maste777's rating: 1257 &rarr; <strong>1231</strong><br />(-26 for losing)
|l|☆Dark Maste777
|player|p2|
