|html|<div class="broadcast-blue"><strong>[Gen 9] OU is currently suspecting Tera Blast! For information on how to participate check out the <a href="https://www.smogon.com/tools/suspects/view/200">suspect thread</a>.</strong></div>
|j|☆jhfsjdhfksjdhf
|j|☆Blastoise_Choice
|t:|1776069191
|gametype|singles
|player|p1|jhfsjdhfksjdhf|2|1491
|player|p2|Blastoise_Choice|benga|1527
|gen|9
|tier|[Gen 9] OU
|rated|
|rule|HP Percentage Mod: HP is shown in percentages
|rule|Endless Battle Clause: Forcing endless battles is banned
|rule|Species Clause: Limit one of each Pokémon
|rule|OHKO Clause: OHKO moves are banned
|rule|Evasion Items Clause: Evasion items are banned
|rule|Evasion Moves Clause: Evasion moves are banned
|rule|Evasion Abilities Clause: Evasion abilities are banned
|rule|Sleep Moves Clause: Sleep-inducing moves are banned
|clearpoke
|poke|p1|Ribombee, F|
|poke|p1|Gholdengo|
|poke|p1|Pecharunt|
|poke|p1|Dragonite, M|
|poke|p1|Landorus-Therian, M|
|poke|p1|Enamorus, F|
|poke|p2|Hydrapple, M|
|poke|p2|Tyranitar, F|
|poke|p2|Moltres|
|poke|p2|Zamazenta-*|
|poke|p2|Slowking-Galar, F|
|poke|p2|Excadrill, F|
|teampreview
|
|t:|1776069200
|teamsize|p1|6
|teamsize|p2|6
|start
|switch|p1a: Ribombee|Ribombee, F|100/100
|switch|p2a: Slowking|Slowking-Galar, F|100/100
|turn|1
|c|☆Blastoise_Choice|hf
|inactive|Battle timer is ON: inactive players will automatically lose when time's up. (requested by Blastoise_Choice)
|
|t:|1776069206
|move|p1a: Ribombee|Sticky Web|p2a: Slowking
|-sidestart|p2: Blastoise_Choice|move: Sticky Web
|move|p2a: Slowking|Flamethrower|p1a: Ribombee
|-supereffective|p1a: Ribombee
|-damage|p1a: Ribombee|34/100
|
|upkeep
|turn|2
|c|☆jhfsjdhfksjdhf|gl hf bro
|
|t:|1776069214
|move|p1a: Ribombee|Stun Spore|p2a: Slowking|[miss]
|-miss|p1a: Ribombee|p2a: Slowking
|move|p2a: Slowking|Ice Beam|p1a: Ribombee
|-damage|p1a: Ribombee|2/100
|
|upkeep
|turn|3
|
|t:|1776069221
|move|p1a: Ribombee|Stun Spore|p2a: Slowking
|-status|p2a: Slowking|par
|move|p2a: Slowking|Flamethrower|p1a: Ribombee
|-supereffective|p1a: Ribombee
|-damage|p1a: Ribombee|0 fnt
|faint|p1a: Ribombee
|
|upkeep
|
|t:|1776069228
|switch|p1a: Landorus|Landorus-Therian, M|100/100
|-ability|p1a: Landorus|Intimidate|boost
|-unboost|p2a: Slowking|atk|1
|turn|4
|
|t:|1776069234
|move|p1a: Landorus|Earthquake|p2a: Slowking
|-supereffective|p2a: Slowking
|-damage|p2a: Slowking|13/100 par
|cant|p2a: Slowking|par
|
|upkeep
|turn|5
|
|t:|1776069241
|switch|p2a: Excadrill|Excadrill, F|100/100
|-item|p2a: Excadrill|Air Balloon
|move|p1a: Landorus|Stone Edge|p2a: Excadrill
|-resisted|p2a: Excadrill
|-damage|p2a: Excadrill|88/100
|-enditem|p2a: Excadrill|Air Balloon
|
|upkeep
|turn|6
|
|t:|1776069249
|switch|p2a: Hydrapple|Hydrapple, M|100/100
|move|p1a: Landorus|Earthquake|p2a: Hydrapple
|-resisted|p2a: Hydrapple
|-damage|p2a: Hydrapple|83/100
|
|upkeep
|turn|7
|c|☆jhfsjdhfksjdhf|got so lucky
|
|t:|1776069269
|switch|p1a: Enamorus|Enamorus, F|100/100
|switch|p2a: Moltres|Moltres|100/100
|
|upkeep
|turn|8
|
|t:|1776069278
|move|p1a: Enamorus|Mystical Fire|p2a: Moltres
|-resisted|p2a: Moltres
|-damage|p2a: Moltres|86/100
|-unboost|p2a: Moltres|spa|1
|move|p2a: Moltres|Flamethrower|p1a: Enamorus
|-damage|p1a: Enamorus|67/100
|
|upkeep
|turn|9
|
|t:|1776069286
|move|p1a: Enamorus|Mystical Fire|p2a: Moltres
|-resisted|p2a: Moltres
|-damage|p2a: Moltres|71/100
|-unboost|p2a: Moltres|spa|1
|move|p2a: Moltres|U-turn|p1a: Enamorus
|-resisted|p1a: Enamorus
|-damage|p1a: Enamorus|61/100
|
|t:|1776069293
|switch|p2a: Tyranitar|Tyranitar, F|100/100|[from] U-turn
|-activate|p2a: Tyranitar|move: Sticky Web
|-unboost|p2a: Tyranitar|spe|1
|-weather|Sandstorm|[from] ability: Sand Stream|[of] p2a: Tyranitar
|
|-weather|Sandstorm|[upkeep]
|-damage|p1a: Enamorus|55/100|[from] Sandstorm
|upkeep
|turn|10
|
|t:|1776069299
|move|p1a: Enamorus|Moonblast|p2a: Tyranitar
|-supereffective|p2a: Tyranitar
|-damage|p2a: Tyranitar|54/100
|move|p2a: Tyranitar|Knock Off|p1a: Enamorus
|-resisted|p1a: Enamorus
|-damage|p1a: Enamorus|21/100
|-enditem|p1a: Enamorus|Heavy-Duty Boots|[from] move: Knock Off|[of] p2a: Tyranitar
|
|-weather|Sandstorm|[upkeep]
|-damage|p1a: Enamorus|14/100|[from] Sandstorm
|upkeep
|turn|11
|
|t:|1776069309
|switch|p2a: Slowking|Slowking-Galar, F|46/100 par
|-activate|p2a: Slowking|move: Sticky Web
|-unboost|p2a: Slowking|spe|1
|move|p1a: Enamorus|Moonblast|p2a: Slowking
|-resisted|p2a: Slowking
|-damage|p2a: Slowking|30/100 par
|-unboost|p2a: Slowking|spa|1
|
|-weather|Sandstorm|[upkeep]
|-damage|p1a: Enamorus|8/100|[from] Sandstorm
|-damage|p2a: Slowking|24/100 par|[from] Sandstorm
|upkeep
|turn|12
|
|t:|1776069315
|switch|p2a: Moltres|Moltres|71/100
|move|p1a: Enamorus|Moonblast|p2a: Moltres
|-resisted|p2a: Moltres
|-damage|p2a: Moltres|41/100
|
|-weather|Sandstorm|[upkeep]
|-damage|p1a: Enamorus|2/100|[from] Sandstorm
|-damage|p2a: Moltres|35/100|[from] Sandstorm
|upkeep
|turn|13
|
|t:|1776069339
|move|p1a: Enamorus|Healing Wish|p1a: Enamorus
|faint|p1a: Enamorus
|move|p2a: Moltres|Roost|p2a: Moltres
|-heal|p2a: Moltres|85/100
|-singleturn|p2a: Moltres|move: Roost
|
|-weather|Sandstorm|[upkeep]
|-damage|p2a: Moltres|79/100|[from] Sandstorm
|upkeep
|inactive|jhfsjdhfksjdhf has 120 seconds left.
|
|t:|1776069362
|switch|p1a: Pecharunt|Pecharunt|100/100
|-item|p1a: Pecharunt|Air Balloon
|turn|14
|
|t:|1776069369
|move|p1a: Pecharunt|Nasty Plot|p1a: Pecharunt
|-boost|p1a: Pecharunt|spa|2
|move|p2a: Moltres|U-turn|p1a: Pecharunt
|-resisted|p1a: Pecharunt
|-damage|p1a: Pecharunt|98/100
|-enditem|p1a: Pecharunt|Air Balloon
|
|t:|1776069375
|switch|p2a: Excadrill|Excadrill, F|88/100|[from] U-turn
|-activate|p2a: Excadrill|move: Sticky Web
|-unboost|p2a: Excadrill|spe|1
|
|-weather|Sandstorm|[upkeep]
|-damage|p1a: Pecharunt|92/100|[from] Sandstorm
|upkeep
|turn|15
|
|t:|1776069384
|-terastallize|p1a: Pecharunt|Fighting
|move|p2a: Excadrill|Earthquake|p1a: Pecharunt
|-crit|p1a: Pecharunt
|-damage|p1a: Pecharunt|32/100
|move|p1a: Pecharunt|Shadow Ball|p2a: Excadrill
|-damage|p2a: Excadrill|2/100
|
|-weather|Sandstorm|[upkeep]
|-damage|p1a: Pecharunt|26/100|[from] Sandstorm
|upkeep
|turn|16
|
|t:|1776069392
|move|p2a: Excadrill|Rapid Spin|p1a: Pecharunt
|-damage|p1a: Pecharunt|13/100
|-boost|p2a: Excadrill|spe|1
|-sideend|p2: Blastoise_Choice|Sticky Web|[from] move: Rapid Spin|[of] p2a: Excadrill
|move|p1a: Pecharunt|Shadow Ball|p2a: Excadrill
|-damage|p2a: Excadrill|0 fnt
|faint|p2a: Excadrill
|
|-weather|none
|upkeep
|
|t:|1776069398
|switch|p2a: Zamazenta|Zamazenta|100/100
|-ability|p2a: Zamazenta|Dauntless Shield|boost
|-boost|p2a: Zamazenta|def|1
|turn|17
|
|t:|1776069405
|switch|p1a: Landorus|Landorus-Therian, M|100/100
|-ability|p1a: Landorus|Intimidate|boost
|-unboost|p2a: Zamazenta|atk|1
|move|p2a: Zamazenta|Body Press|p1a: Landorus
|-resisted|p1a: Landorus
|-damage|p1a: Landorus|64/100
|
|-heal|p1a: Landorus|70/100|[from] item: Leftovers
|upkeep
|turn|18
|
|t:|1776069411
|move|p2a: Zamazenta|Body Press|p1a: Landorus
|-resisted|p1a: Landorus
|-damage|p1a: Landorus|38/100
|move|p1a: Landorus|Bulk Up|p1a: Landorus
|-boost|p1a: Landorus|atk|1
|-boost|p1a: Landorus|def|1
|
|-heal|p1a: Landorus|44/100|[from] item: Leftovers
|upkeep
|turn|19
|
|t:|1776069423
|switch|p2a: Hydrapple|Hydrapple, M|100/100
|move|p1a: Landorus|Bulk Up|p1a: Landorus
|-boost|p1a: Landorus|atk|1
|-boost|p1a: Landorus|def|1
|
|-heal|p1a: Landorus|50/100|[from] item: Leftovers
|upkeep
|turn|20
|
|t:|1776069430
|move|p1a: Landorus|Earthquake|p2a: Hydrapple
|-resisted|p2a: Hydrapple
|-damage|p2a: Hydrapple|64/100
|move|p2a: Hydrapple|Nasty Plot|p2a: Hydrapple
|-boost|p2a: Hydrapple|spa|2
|
|-heal|p1a: Landorus|56/100|[from] item: Leftovers
|upkeep
|turn|21
|
|t:|1776069438
|move|p1a: Landorus|Earthquake|p2a: Hydrapple
|-resisted|p2a: Hydrapple
|-damage|p2a: Hydrapple|27/100
|move|p2a: Hydrapple|Giga Drain|p1a: Landorus
|-damage|p1a: Landorus|0 fnt
|-heal|p2a: Hydrapple|49/100|[from] drain|[of] p1a: Landorus
|faint|p1a: Landorus
|
|upkeep
|
|t:|1776069450
|switch|p1a: Gholdengo|Gholdengo|100/100
|-item|p1a: Gholdengo|Air Balloon
|turn|22
|
|t:|1776069456
|switch|p2a: Slowking|Slowking-Galar, F|57/100 par
|move|p1a: Gholdengo|Dazzling Gleam|p2a: Slowking
|-resisted|p2a: Slowking
|-damage|p2a: Slowking|50/100 par
|
|upkeep
|turn|23
|
|t:|1776069463
|switch|p2a: Hydrapple|Hydrapple, M|82/100
|move|p1a: Gholdengo|Shadow Ball|p2a: Hydrapple
|-damage|p2a: Hydrapple|40/100
|
|upkeep
|turn|24
|
|t:|1776069470
|switch|p2a: Zamazenta|Zamazenta|100/100
|move|p1a: Gholdengo|Shadow Ball|p2a: Zamazenta
|-damage|p2a: Zamazenta|60/100
|
|-heal|p2a: Zamazenta|66/100|[from] item: Leftovers
|upkeep
|turn|25
|
|t:|1776069477
|move|p2a: Zamazenta|Iron Defense|p2a: Zamazenta
|-boost|p2a: Zamazenta|def|2
|move|p1a: Gholdengo|Dazzling Gleam|p2a: Zamazenta
|-supereffective|p2a: Zamazenta
|-damage|p2a: Zamazenta|13/100
|
|-heal|p2a: Zamazenta|19/100|[from] item: Leftovers
|upkeep
|turn|26
|
|t:|1776069484
|move|p2a: Zamazenta|Crunch|p1a: Gholdengo
|-supereffective|p1a: Gholdengo
|-damage|p1a: Gholdengo|49/100
|-enditem|p1a: Gholdengo|Air Balloon
|move|p1a: Gholdengo|Shadow Ball|p2a: Zamazenta
|-damage|p2a: Zamazenta|0 fnt
|faint|p2a: Zamazenta
|
|upkeep
|
|t:|1776069491
|switch|p2a: Hydrapple|Hydrapple, M|73/100
|turn|27
|
|t:|1776069498
|switch|p2a: Tyranitar|Tyranitar, F|54/100
|-weather|Sandstorm|[from] ability: Sand Stream|[of] p2a: Tyranitar
|move|p1a: Gholdengo|Dazzling Gleam|p2a: Tyranitar
|-supereffective|p2a: Tyranitar
|-damage|p2a: Tyranitar|32/100
|
|-weather|Sandstorm|[upkeep]
|upkeep
|turn|28
|
|t:|1776069504
|switch|p2a: Slowking|Slowking-Galar, F|83/100 par
|move|p1a: Gholdengo|Dazzling Gleam|p2a: Slowking
|-resisted|p2a: Slowking
|-crit|p2a: Slowking
|-damage|p2a: Slowking|71/100 par
|
|-weather|Sandstorm|[upkeep]
|-damage|p2a: Slowking|65/100 par|[from] Sandstorm
|upkeep
|turn|29
|
|t:|1776069511
|move|p1a: Gholdengo|Shadow Ball|p2a: Slowking
|-supereffective|p2a: Slowking
|-damage|p2a: Slowking|15/100 par
|move|p2a: Slowking|Flamethrower|p1a: Gholdengo
|-supereffective|p1a: Gholdengo
|-damage|p1a: Gholdengo|0 fnt
|faint|p1a: Gholdengo
|
|-weather|Sandstorm|[upkeep]
|-damage|p2a: Slowking|9/100 par|[from] Sandstorm
|upkeep
|
|t:|1776069518
|switch|p1a: Pecharunt|Pecharunt, tera:Fighting|13/100
|-heal|p1a: Pecharunt|100/100|[from] move: Healing Wish
|turn|30
|
|t:|1776069524
|switch|p2a: Tyranitar|Tyranitar, F|32/100
|move|p1a: Pecharunt|Shadow Ball|p2a: Tyranitar
|-resisted|p2a: Tyranitar
|-damage|p2a: Tyranitar|26/100
|
|-weather|Sandstorm|[upkeep]
|-damage|p1a: Pecharunt|95/100|[from] Sandstorm
|upkeep
|turn|31
|
|t:|1776069531
|move|p1a: Pecharunt|Nasty Plot|p1a: Pecharunt
|-boost|p1a: Pecharunt|spa|2
|move|p2a: Tyranitar|Thunder Wave|p1a: Pecharunt
|-status|p1a: Pecharunt|par
|
|-weather|Sandstorm|[upkeep]
|-damage|p1a: Pecharunt|89/100 par|[from] Sandstorm
|upkeep
|turn|32
|
|t:|1776069537
|move|p1a: Pecharunt|Tera Blast|p2a: Tyranitar|[anim] Tera Blast Fighting
|-supereffective|p2a: Tyranitar
|-damage|p2a: Tyranitar|0 fnt
|faint|p2a: Tyranitar
|
|-weather|Sandstorm|[upkeep]
|-damage|p1a: Pecharunt|83/100 par|[from] Sandstorm
|upkeep
|
|t:|1776069541
|switch|p2a: Hydrapple|Hydrapple, M|100/100
|turn|33
|
|t:|1776069545
|move|p1a: Pecharunt|Malignant Chain|p2a: Hydrapple
|-supereffective|p2a: Hydrapple
|-damage|p2a: Hydrapple|0 fnt
|faint|p2a: Hydrapple
|
|-weather|Sandstorm|[upkeep]
|-damage|p1a: Pecharunt|77/100 par|[from] Sandstorm
|upkeep
|
|t:|1776069549
|switch|p2a: Slowking|Slowking-Galar, F|42/100 par
|turn|34
|
|t:|1776069554
|-terastallize|p2a: Slowking|Grass
|cant|p1a: Pecharunt|par
|move|p2a: Slowking|Sludge Bomb|p1a: Pecharunt
|-damage|p1a: Pecharunt|37/100 par
|
|-weather|none
|upkeep
|turn|35
|
|t:|1776069560
|move|p1a: Pecharunt|Malignant Chain|p2a: Slowking
|-supereffective|p2a: Slowking
|-damage|p2a: Slowking|0 fnt
|faint|p2a: Slowking
|
|upkeep
|
|t:|1776069564
|switch|p2a: Moltres|Moltres|79/100
|turn|36
|
|t:|1776069567
|move|p2a: Moltres|Flamethrower|p1a: Pecharunt
|-damage|p1a: Pecharunt|0 fnt
|faint|p1a: Pecharunt
|
|upkeep
|
|t:|1776069571
|switch|p1a: Dragonite|Dragonite, M|100/100
|turn|37
|
|t:|1776069577
|move|p2a: Moltres|Flamethrower|p1a: Dragonite
|-resisted|p1a: Dragonite
|-crit|p1a: Dragonite
|-damage|p1a: Dragonite|89/100
|move|p1a: Dragonite|Dragon Dance|p1a: Dragonite
|-boost|p1a: Dragonite|atk|1
|-boost|p1a: Dragonite|spe|1
|
|upkeep
|turn|38
|
|t:|1776069585
|move|p1a: Dragonite|Dragon Dance|p1a: Dragonite
|-boost|p1a: Dragonite|atk|1
|-boost|p1a: Dragonite|spe|1
|move|p2a: Moltres|Flamethrower|p1a: Dragonite
|-resisted|p1a: Dragonite
|-damage|p1a: Dragonite|73/100
|-status|p1a: Dragonite|brn
|
|-damage|p1a: Dragonite|67/100 brn|[from] brn
|upkeep
|turn|39
|
|t:|1776069591
|move|p1a: Dragonite|Dragon Dance|p1a: Dragonite
|-boost|p1a: Dragonite|atk|1
|-boost|p1a: Dragonite|spe|1
|move|p2a: Moltres|Flamethrower|p1a: Dragonite
|-resisted|p1a: Dragonite
|-damage|p1a: Dragonite|50/100 brn
|
|-damage|p1a: Dragonite|44/100 brn|[from] brn
|upkeep
|turn|40
|
|t:|1776069597
|move|p1a: Dragonite|Roost|p1a: Dragonite
|-heal|p1a: Dragonite|94/100 brn
|-singleturn|p1a: Dragonite|move: Roost
|move|p2a: Moltres|Roost|p2a: Moltres
|-heal|p2a: Moltres|100/100
|-singleturn|p2a: Moltres|move: Roost
|
|-damage|p1a: Dragonite|88/100 brn|[from] brn
|upkeep
|turn|41
|
|t:|1776069604
|move|p1a: Dragonite|Dragon Dance|p1a: Dragonite
|-boost|p1a: Dragonite|atk|1
|-boost|p1a: Dragonite|spe|1
|move|p2a: Moltres|Flamethrower|p1a: Dragonite
|-resisted|p1a: Dragonite
|-damage|p1a: Dragonite|71/100 brn
|
|-damage|p1a: Dragonite|65/100 brn|[from] brn
|upkeep
|turn|42
|
|t:|1776069610
|move|p1a: Dragonite|Dragon Dance|p1a: Dragonite
|-boost|p1a: Dragonite|atk|1
|-boost|p1a: Dragonite|spe|1
|move|p2a: Moltres|U-turn|p1a: Dragonite
|-resisted|p1a: Dragonite
|-damage|p1a: Dragonite|58/100 brn
|
|-damage|p1a: Dragonite|52/100 brn|[from] brn
|upkeep
|turn|43
|
|t:|1776069616
|move|p1a: Dragonite|Roost|p1a: Dragonite
|-heal|p1a: Dragonite|100/100 brn
|-singleturn|p1a: Dragonite|move: Roost
|move|p2a: Moltres|Flamethrower|p1a: Dragonite
|-resisted|p1a: Dragonite
|-damage|p1a: Dragonite|92/100 brn
|
|-damage|p1a: Dragonite|86/100 brn|[from] brn
|upkeep
|turn|44
|
|t:|1776069623
|move|p1a: Dragonite|Dragon Dance|p1a: Dragonite
|-boost|p1a: Dragonite|atk|1
|-boost|p1a: Dragonite|spe|1
|move|p2a: Moltres|Roost||[still]
|-fail|p2a: Moltres|heal
|
|-damage|p1a: Dragonite|80/100 brn|[from] brn
|upkeep
|turn|45
|
|t:|1776069629
|move|p1a: Dragonite|Earthquake|p2a: Moltres
|-immune|p2a: Moltres
|move|p2a: Moltres|Flamethrower|p1a: Dragonite
|-resisted|p1a: Dragonite
|-damage|p1a: Dragonite|65/100 brn
|
|-damage|p1a: Dragonite|58/100 brn|[from] brn
|upkeep
|turn|46
|
|t:|1776069633
|move|p1a: Dragonite|Roost|p1a: Dragonite
|-heal|p1a: Dragonite|100/100 brn
|-singleturn|p1a: Dragonite|move: Roost
|move|p2a: Moltres|U-turn|p1a: Dragonite
|-damage|p1a: Dragonite|93/100 brn
|
|-damage|p1a: Dragonite|87/100 brn|[from] brn
|upkeep
|turn|47
|
|t:|1776069637
|move|p1a: Dragonite|Extreme Speed|p2a: Moltres
|-damage|p2a: Moltres|54/100
|move|p2a: Moltres|Flamethrower|p1a: Dragonite
|-resisted|p1a: Dragonite
|-damage|p1a: Dragonite|72/100 brn
|
|-damage|p1a: Dragonite|65/100 brn|[from] brn
|upkeep
|turn|48
|
|t:|1776069643
|move|p1a: Dragonite|Extreme Speed|p2a: Moltres
|-damage|p2a: Moltres|10/100
|move|p2a: Moltres|Roost|p2a: Moltres
|-heal|p2a: Moltres|60/100
|-singleturn|p2a: Moltres|move: Roost
|
|-damage|p1a: Dragonite|59/100 brn|[from] brn
|upkeep
|turn|49
|
|t:|1776069647
|move|p1a: Dragonite|Extreme Speed|p2a: Moltres
|-damage|p2a: Moltres|18/100
|move|p2a: Moltres|Roost|p2a: Moltres
|-heal|p2a: Moltres|68/100
|-singleturn|p2a: Moltres|move: Roost
|
|-damage|p1a: Dragonite|53/100 brn|[from] brn
|upkeep
|turn|50
|
|t:|1776069650
|move|p1a: Dragonite|Extreme Speed|p2a: Moltres
|-damage|p2a: Moltres|24/100
|move|p2a: Moltres|Roost|p2a: Moltres
|-heal|p2a: Moltres|74/100
|-singleturn|p2a: Moltres|move: Roost
|
|-damage|p1a: Dragonite|47/100 brn|[from] brn
|upkeep
|turn|51
|
|t:|1776069655
|move|p1a: Dragonite|Roost|p1a: Dragonite
|-heal|p1a: Dragonite|97/100 brn
|-singleturn|p1a: Dragonite|move: Roost
|move|p2a: Moltres|Roost|p2a: Moltres
|-heal|p2a: Moltres|100/100
|-singleturn|p2a: Moltres|move: Roost
|
|-damage|p1a: Dragonite|91/100 brn|[from] brn
|upkeep
|turn|52
|
|t:|1776069658
|move|p1a: Dragonite|Extreme Speed|p2a: Moltres
|-damage|p2a: Moltres|54/100
|move|p2a: Moltres|Roost|p2a: Moltres
|-heal|p2a: Moltres|100/100
|-singleturn|p2a: Moltres|move: Roost
|
|-damage|p1a: Dragonite|84/100 brn|[from] brn
|upkeep
|turn|53
|
|t:|1776069662
|move|p1a: Dragonite|Extreme Speed|p2a: Moltres
|-damage|p2a: Moltres|58/100
|move|p2a: Moltres|U-turn|p1a: Dragonite
|-resisted|p1a: Dragonite
|-damage|p1a: Dragonite|77/100 brn
|
|-damage|p1a: Dragonite|71/100 brn|[from] brn
|upkeep
|turn|54
|
|t:|1776069666
|move|p1a: Dragonite|Extreme Speed|p2a: Moltres
|-damage|p2a: Moltres|19/100
|move|p2a: Moltres|U-turn|p1a: Dragonite
|-resisted|p1a: Dragonite
|-damage|p1a: Dragonite|64/100 brn
|
|-damage|p1a: Dragonite|58/100 brn|[from] brn
|upkeep
|turn|55
|
|t:|1776069670
|move|p1a: Dragonite|Extreme Speed|p2a: Moltres
|-damage|p2a: Moltres|0 fnt
|faint|p2a: Moltres
|
|win|jhfsjdhfksjdhf
|raw|jhfsjdhfksjdhf's rating: 1491 &rarr; <strong>1513</strong><br />(+22 for winning)
|raw|Blastoise_Choice's rating: 1527 &rarr; <strong>1505</strong><br />(-22 for losing)
|c|☆Blastoise_Choice|gg
