|html|<div class="broadcast-blue"><strong>[Gen 9] OU is currently suspecting Volcarona! For information on how to participate check out the <a href="https://www.smogon.com/tools/suspects/view/208">suspect thread</a>.</strong></div>
|j|☆blooflazh
|j|☆imaginethat_17
|t:|1778509879
|gametype|singles
|player|p1|blooflazh|rood|1200
|player|p2|imaginethat_17|birdkeeper|1221
|gen|9
|tier|[Gen 9] OU
|rated|
|rule|HP Percentage Mod: HP is shown in percentages
|rule|Endless Battle Clause: Forcing endless battles is banned
|rule|Species Clause: Limit one of each Pokémon
|rule|OHKO Clause: OHKO moves are banned
|rule|Evasion Items Clause: Evasion items are banned
|rule|Evasion Moves Clause: Evasion moves are banned
|rule|Evasion Abilities Clause: Evasion abilities are banned
|rule|Sleep Moves Clause: Sleep-inducing moves are banned
|clearpoke
|poke|p1|Gyarados, F|
|poke|p1|Zapdos|
|poke|p1|Volcarona, M|
|poke|p1|Mew|
|poke|p1|Scizor, F|
|poke|p1|Cryogonal|
|poke|p2|Kyurem|
|poke|p2|Volcarona, F|
|poke|p2|Iron Valiant|
|poke|p2|Greninja-*, M|
|poke|p2|Ogerpon-Cornerstone, F|
|poke|p2|Raging Bolt|
|teampreview
|inactive|Battle timer is ON: inactive players will automatically lose when time's up. (requested by imaginethat_17)
|
|t:|1778509919
|teamsize|p1|6
|teamsize|p2|6
|start
|switch|p1a: shen long|Gyarados, F, shiny|100/100
|switch|p2a: Kyurem|Kyurem|100/100
|-ability|p2a: Kyurem|Pressure
|turn|1
|
|t:|1778509928
|switch|p1a: ahaha|Cryogonal|100/100
|move|p2a: Kyurem|Dragon Dance|p2a: Kyurem
|-boost|p2a: Kyurem|atk|1
|-boost|p2a: Kyurem|spe|1
|
|upkeep
|turn|2
|
|t:|1778509940
|-terastallize|p2a: Kyurem|Fire
|move|p2a: Kyurem|Scale Shot|p1a: ahaha|[miss]
|-miss|p2a: Kyurem|p1a: ahaha
|move|p1a: ahaha|Haze|p1a: ahaha
|-clearallboost
|
|upkeep
|turn|3
|c|☆imaginethat_17|daje ao
|inactive|blooflazh has 120 seconds left.
|
|t:|1778509975
|move|p1a: ahaha|Reflect|p1a: ahaha
|-sidestart|p1: blooflazh|Reflect
|move|p2a: Kyurem|Scale Shot|p1a: ahaha
|-damage|p1a: ahaha|89/100
|-damage|p1a: ahaha|77/100
|-damage|p1a: ahaha|66/100
|-damage|p1a: ahaha|56/100
|-damage|p1a: ahaha|43/100
|-hitcount|p1a: ahaha|5
|-unboost|p2a: Kyurem|def|1
|-boost|p2a: Kyurem|spe|1
|
|upkeep
|turn|4
|inactive|blooflazh has 120 seconds left.
|c|☆imaginethat_17|ao che demo fa
|inactive|blooflazh has 90 seconds left.
|
|t:|1778510024
|move|p2a: Kyurem|Dragon Dance|p2a: Kyurem
|-boost|p2a: Kyurem|atk|1
|-boost|p2a: Kyurem|spe|1
|move|p1a: ahaha|Freeze-Dry|p2a: Kyurem
|-resisted|p2a: Kyurem
|-damage|p2a: Kyurem|90/100
|
|upkeep
|turn|5
|
|t:|1778510032
|move|p2a: Kyurem|Icicle Spear|p1a: ahaha
|-resisted|p1a: ahaha
|-damage|p1a: ahaha|34/100
|-resisted|p1a: ahaha
|-damage|p1a: ahaha|25/100
|-resisted|p1a: ahaha
|-damage|p1a: ahaha|17/100
|-resisted|p1a: ahaha
|-damage|p1a: ahaha|8/100
|-resisted|p1a: ahaha
|-damage|p1a: ahaha|0 fnt
|faint|p1a: ahaha
|-hitcount|p1: ahaha|5
|
|upkeep
|inactive|blooflazh has 90 seconds left.
|inactive|blooflazh has 60 seconds left.
|inactive|blooflazh has 30 seconds left.
|
|t:|1778510098
|switch|p1a: bug robit|Scizor, F, shiny|100/100
|turn|6
|
|t:|1778510108
|move|p2a: Kyurem|Icicle Spear|p1a: bug robit
|-resisted|p1a: bug robit
|-damage|p1a: bug robit|94/100
|-resisted|p1a: bug robit
|-damage|p1a: bug robit|88/100
|-resisted|p1a: bug robit
|-damage|p1a: bug robit|82/100
|-resisted|p1a: bug robit
|-damage|p1a: bug robit|75/100
|-hitcount|p1a: bug robit|4
|move|p1a: bug robit|Swords Dance|p1a: bug robit
|-boost|p1a: bug robit|atk|2
|
|-heal|p1a: bug robit|81/100|[from] item: Leftovers
|upkeep
|turn|7
|
|t:|1778510121
|move|p2a: Kyurem|Scale Shot|p1a: bug robit
|-resisted|p1a: bug robit
|-damage|p1a: bug robit|74/100
|-resisted|p1a: bug robit
|-damage|p1a: bug robit|68/100
|-resisted|p1a: bug robit
|-damage|p1a: bug robit|62/100
|-resisted|p1a: bug robit
|-damage|p1a: bug robit|55/100
|-hitcount|p1a: bug robit|4
|-unboost|p2a: Kyurem|def|1
|-boost|p2a: Kyurem|spe|1
|move|p1a: bug robit|Swords Dance|p1a: bug robit
|-boost|p1a: bug robit|atk|2
|
|-heal|p1a: bug robit|61/100|[from] item: Leftovers
|upkeep
|turn|8
|
|t:|1778510135
|move|p2a: Kyurem|Scale Shot|p1a: bug robit
|-resisted|p1a: bug robit
|-damage|p1a: bug robit|55/100
|-resisted|p1a: bug robit
|-damage|p1a: bug robit|49/100
|-resisted|p1a: bug robit
|-damage|p1a: bug robit|43/100
|-resisted|p1a: bug robit
|-damage|p1a: bug robit|36/100
|-hitcount|p1a: bug robit|4
|-unboost|p2a: Kyurem|def|1
|-boost|p2a: Kyurem|spe|1
|move|p1a: bug robit|Lunge|p2a: Kyurem
|-resisted|p2a: Kyurem
|-damage|p2a: Kyurem|0 fnt
|faint|p2a: Kyurem
|
|-heal|p1a: bug robit|42/100|[from] item: Leftovers
|upkeep
|
|t:|1778510151
|switch|p2a: Ogerpon|Ogerpon-Cornerstone, F|100/100
|turn|9
|
|t:|1778510155
|move|p1a: bug robit|Bullet Punch|p2a: Ogerpon
|-supereffective|p2a: Ogerpon
|-ability|p2a: Ogerpon|Sturdy
|-damage|p2a: Ogerpon|1/100
|move|p2a: Ogerpon|Swords Dance|p2a: Ogerpon
|-boost|p2a: Ogerpon|atk|2
|
|-heal|p1a: bug robit|49/100|[from] item: Leftovers
|upkeep
|turn|10
|
|t:|1778510163
|move|p2a: Ogerpon|Quick Attack|p1a: bug robit
|-resisted|p1a: bug robit
|-damage|p1a: bug robit|39/100
|move|p1a: bug robit|Bullet Punch|p2a: Ogerpon
|-supereffective|p2a: Ogerpon
|-damage|p2a: Ogerpon|0 fnt
|faint|p2a: Ogerpon
|
|-heal|p1a: bug robit|45/100|[from] item: Leftovers
|-sideend|p1: blooflazh|Reflect
|upkeep
|
|t:|1778510172
|switch|p2a: Volcarona|Volcarona, F|100/100
|turn|11
|
|t:|1778510179
|move|p1a: bug robit|Bullet Punch|p2a: Volcarona
|-resisted|p2a: Volcarona
|-damage|p2a: Volcarona|18/100
|move|p2a: Volcarona|Fiery Dance|p1a: bug robit
|-supereffective|p1a: bug robit
|-damage|p1a: bug robit|0 fnt
|faint|p1a: bug robit
|
|upkeep
|inactive|blooflazh has 90 seconds left.
|
|t:|1778510191
|switch|p1a: flying orange dog|Volcarona, M, shiny|100/100
|turn|12
|
|t:|1778510197
|move|p1a: flying orange dog|Quiver Dance|p1a: flying orange dog
|-boost|p1a: flying orange dog|spa|1
|-boost|p1a: flying orange dog|spd|1
|-boost|p1a: flying orange dog|spe|1
|move|p2a: Volcarona|Fiery Dance|p1a: flying orange dog
|-damage|p1a: flying orange dog|65/100
|
|upkeep
|turn|13
|
|t:|1778510206
|move|p1a: flying orange dog|Quiver Dance|p1a: flying orange dog
|-boost|p1a: flying orange dog|spa|1
|-boost|p1a: flying orange dog|spd|1
|-boost|p1a: flying orange dog|spe|1
|move|p2a: Volcarona|Bug Buzz|p1a: flying orange dog
|-resisted|p1a: flying orange dog
|-damage|p1a: flying orange dog|50/100
|
|upkeep
|turn|14
|
|t:|1778510213
|move|p1a: flying orange dog|Quiver Dance|p1a: flying orange dog
|-boost|p1a: flying orange dog|spa|1
|-boost|p1a: flying orange dog|spd|1
|-boost|p1a: flying orange dog|spe|1
|move|p2a: Volcarona|Fiery Dance|p1a: flying orange dog
|-damage|p1a: flying orange dog|29/100
|-boost|p2a: Volcarona|spa|1
|
|upkeep
|turn|15
|
|t:|1778510231
|move|p1a: flying orange dog|Fiery Dance|p2a: Volcarona
|-damage|p2a: Volcarona|0 fnt
|faint|p2a: Volcarona
|
|upkeep
|
|t:|1778510236
|switch|p2a: Greninja|Greninja, M|100/100
|turn|16
|
|t:|1778510244
|switch|p1a: shen long|Gyarados, F, shiny|100/100
|move|p2a: Greninja|Water Shuriken|p1a: shen long
|-resisted|p1a: shen long
|-damage|p1a: shen long|96/100
|-resisted|p1a: shen long
|-damage|p1a: shen long|91/100
|-resisted|p1a: shen long
|-damage|p1a: shen long|86/100
|-hitcount|p1a: shen long|3
|-damage|p2a: Greninja|91/100|[from] item: Life Orb
|
|upkeep
|turn|17
|
|t:|1778510254
|move|p2a: Greninja|Dark Pulse|p1a: shen long
|-damage|p1a: shen long|39/100
|-damage|p2a: Greninja|81/100|[from] item: Life Orb
|move|p1a: shen long|Dragon Dance|p1a: shen long
|-boost|p1a: shen long|atk|1
|-boost|p1a: shen long|spe|1
|
|upkeep
|turn|18
|inactive|blooflazh has 120 seconds left.
|
|t:|1778510264
|-terastallize|p1a: shen long|Ground
|move|p1a: shen long|Earthquake|p2a: Greninja
|-damage|p2a: Greninja|0 fnt
|faint|p2a: Greninja
|-ability|p1a: shen long|Moxie|boost
|-boost|p1a: shen long|atk|1
|
|upkeep
|
|t:|1778510280
|switch|p2a: Iron Valiant|Iron Valiant|100/100
|-enditem|p2a: Iron Valiant|Booster Energy
|-activate|p2a: Iron Valiant|ability: Quark Drive|[fromitem]
|-start|p2a: Iron Valiant|quarkdrivespe
|turn|19
|
|t:|1778510299
|move|p2a: Iron Valiant|Spirit Break|p1a: shen long
|-damage|p1a: shen long|0 fnt
|faint|p1a: shen long
|
|upkeep
|
|t:|1778510304
|switch|p1a: onGODBRIIH|Zapdos|100/100
|turn|20
|
|t:|1778510312
|move|p2a: Iron Valiant|Swords Dance|p2a: Iron Valiant
|-boost|p2a: Iron Valiant|atk|2
|move|p1a: onGODBRIIH|Agility|p1a: onGODBRIIH
|-boost|p1a: onGODBRIIH|spe|2
|
|upkeep
|turn|21
|
|t:|1778510319
|move|p1a: onGODBRIIH|Thunderbolt|p2a: Iron Valiant
|-damage|p2a: Iron Valiant|0 fnt
|faint|p2a: Iron Valiant
|-end|p2a: Iron Valiant|Quark Drive|[silent]
|-damage|p1a: onGODBRIIH|91/100|[from] item: Life Orb
|
|upkeep
|
|t:|1778510324
|switch|p2a: Raging Bolt|Raging Bolt|100/100
|-enditem|p2a: Raging Bolt|Booster Energy
|-activate|p2a: Raging Bolt|ability: Protosynthesis|[fromitem]
|-start|p2a: Raging Bolt|protosynthesisspa
|turn|22
|
|t:|1778510338
|switch|p1a: moo2|Mew|100/100
|move|p2a: Raging Bolt|Calm Mind|p2a: Raging Bolt
|-boost|p2a: Raging Bolt|spa|1
|-boost|p2a: Raging Bolt|spd|1
|
|upkeep
|turn|23
|
|t:|1778510348
|move|p1a: moo2|Earthquake|p2a: Raging Bolt
|-supereffective|p2a: Raging Bolt
|-damage|p2a: Raging Bolt|37/100
|move|p2a: Raging Bolt|Thunderbolt|p1a: moo2
|-damage|p1a: moo2|4/100
|
|-heal|p1a: moo2|10/100|[from] item: Leftovers
|upkeep
|turn|24
|
|t:|1778510355
|move|p2a: Raging Bolt|Thunderclap||[still]
|-fail|p2a: Raging Bolt
|move|p1a: moo2|Dragon Dance|p1a: moo2
|-boost|p1a: moo2|atk|1
|-boost|p1a: moo2|spe|1
|
|-heal|p1a: moo2|17/100|[from] item: Leftovers
|upkeep
|turn|25
|
|t:|1778510368
|move|p2a: Raging Bolt|Thunderclap||[still]
|-fail|p2a: Raging Bolt
|move|p1a: moo2|Dragon Dance|p1a: moo2
|-boost|p1a: moo2|atk|1
|-boost|p1a: moo2|spe|1
|
|-heal|p1a: moo2|23/100|[from] item: Leftovers
|upkeep
|turn|26
|
|t:|1778510375
|move|p2a: Raging Bolt|Thunderclap|p1a: moo2
|-damage|p1a: moo2|0 fnt
|faint|p1a: moo2
|
|upkeep
|
|t:|1778510379
|switch|p1a: onGODBRIIH|Zapdos|91/100
|turn|27
|
|t:|1778510386
|move|p1a: onGODBRIIH|Heat Wave|p2a: Raging Bolt
|-resisted|p2a: Raging Bolt
|-damage|p2a: Raging Bolt|24/100
|-damage|p1a: onGODBRIIH|81/100|[from] item: Life Orb
|move|p2a: Raging Bolt|Dragon Pulse|p1a: onGODBRIIH
|-damage|p1a: onGODBRIIH|0 fnt
|faint|p1a: onGODBRIIH
|
|upkeep
|
|t:|1778510391
|switch|p1a: flying orange dog|Volcarona, M, shiny|29/100
|turn|28
|
|t:|1778510396
|move|p1a: flying orange dog|Quiver Dance|p1a: flying orange dog
|-boost|p1a: flying orange dog|spa|1
|-boost|p1a: flying orange dog|spd|1
|-boost|p1a: flying orange dog|spe|1
|move|p2a: Raging Bolt|Thunderbolt|p1a: flying orange dog
|-damage|p1a: flying orange dog|0 fnt
|faint|p1a: flying orange dog
|
|win|imaginethat_17
|raw|blooflazh's rating: 1200 &rarr; <strong>1177</strong><br />(-23 for losing)
|raw|imaginethat_17's rating: 1221 &rarr; <strong>1244</strong><br />(+23 for winning)
|c|☆blooflazh|k
|l|☆blooflazh
|player|p1|
|l|☆imaginethat_17
|player|p2|
