|html|<div class="broadcast-blue"><strong>[Gen 9] OU is currently suspecting Tera Blast! For information on how to participate check out the <a href="https://www.smogon.com/tools/suspects/view/200">suspect thread</a>.</strong></div>
|j|☆Silent1ine
|j|☆ElBigKahunas
|t:|1776270732
|gametype|singles
|player|p1|Silent1ine|pryce|1514
|player|p2|ElBigKahunas|flannery|1533
|gen|9
|tier|[Gen 9] OU
|rated|
|rule|HP Percentage Mod: HP is shown in percentages
|rule|Endless Battle Clause: Forcing endless battles is banned
|rule|Species Clause: Limit one of each Pokémon
|rule|OHKO Clause: OHKO moves are banned
|rule|Evasion Items Clause: Evasion items are banned
|rule|Evasion Moves Clause: Evasion moves are banned
|rule|Evasion Abilities Clause: Evasion abilities are banned
|rule|Sleep Moves Clause: Sleep-inducing moves are banned
|clearpoke
|poke|p1|Thundurus-Therian, M|
|poke|p1|Cinderace, M|
|poke|p1|Alomomola, F|
|poke|p1|Slowking-Galar, F|
|poke|p1|Kingambit, M|
|poke|p1|Great Tusk|
|poke|p2|Ogerpon-Wellspring, F|
|poke|p2|Gholdengo|
|poke|p2|Dragapult, M|
|poke|p2|Iron Valiant|
|poke|p2|Landorus-Therian, M|
|poke|p2|Cinderace, M|
|teampreview
|inactive|Battle timer is ON: inactive players will automatically lose when time's up. (requested by ElBigKahunas)
|
|t:|1776270753
|teamsize|p1|6
|teamsize|p2|6
|start
|switch|p1a: Kingambit|Kingambit, M|100/100
|switch|p2a: Landomeno|Landorus-Therian, M|100/100
|-ability|p2a: Landomeno|Intimidate|boost
|-unboost|p1a: Kingambit|atk|1
|turn|1
|
|t:|1776270759
|-end|p1a: Kingambit|fallenundefined|[silent]
|switch|p1a: Thundurus|Thundurus-Therian, M|100/100
|move|p2a: Landomeno|Earthquake|p1a: Thundurus
|-immune|p1a: Thundurus
|
|upkeep
|turn|2
|inactive|ElBigKahunas has 120 seconds left.
|
|t:|1776270792
|-terastallize|p1a: Thundurus|Ice
|move|p1a: Thundurus|Tera Blast|p2a: Landomeno|[anim] Tera Blast Ice
|-supereffective|p2a: Landomeno
|-crit|p2a: Landomeno
|-damage|p2a: Landomeno|0 fnt
|faint|p2a: Landomeno
|
|upkeep
|inactive|ElBigKahunas has 120 seconds left.
|
|t:|1776270799
|switch|p2a: Cinder Striker|Cinderace, M|100/100
|turn|3
|
|t:|1776270803
|switch|p1a: Alomomola|Alomomola, F|100/100
|move|p2a: Cinder Striker|U-turn|p1a: Alomomola
|-start|p2a: Cinder Striker|typechange|Bug|[from] ability: Libero
|-damage|p1a: Alomomola|79/100
|-enditem|p1a: Alomomola|Red Card|[of] p2a: Cinder Striker
|drag|p2a: Stay Gholdengo|Gholdengo|100/100
|-item|p2a: Stay Gholdengo|Air Balloon
|
|upkeep
|turn|4
|
|t:|1776270812
|switch|p2a: T.M. Ogerpon O|Ogerpon-Wellspring, F|100/100
|move|p1a: Alomomola|Flip Turn|p2a: T.M. Ogerpon O
|-immune|p2a: T.M. Ogerpon O|[from] ability: Water Absorb
|
|upkeep
|turn|5
|
|t:|1776270820
|switch|p1a: Cinderace|Cinderace, M|100/100
|move|p2a: T.M. Ogerpon O|Taunt|p1a: Cinderace
|-start|p1a: Cinderace|move: Taunt
|
|upkeep
|turn|6
|
|t:|1776270829
|move|p1a: Cinderace|U-turn|p2a: T.M. Ogerpon O
|-start|p1a: Cinderace|typechange|Bug|[from] ability: Libero
|-supereffective|p2a: T.M. Ogerpon O
|-damage|p2a: T.M. Ogerpon O|7/100
|
|t:|1776270834
|switch|p1a: Alomomola|Alomomola, F|100/100|[from] U-turn
|move|p2a: T.M. Ogerpon O|Ivy Cudgel|p1a: Alomomola|[anim] Ivy Cudgel Water
|-resisted|p1a: Alomomola
|-damage|p1a: Alomomola|82/100
|
|upkeep
|turn|7
|
|t:|1776270838
|move|p2a: T.M. Ogerpon O|Horn Leech|p1a: Alomomola
|-supereffective|p1a: Alomomola
|-damage|p1a: Alomomola|27/100
|-heal|p2a: T.M. Ogerpon O|50/100|[from] drain|[of] p1a: Alomomola
|move|p1a: Alomomola|Body Slam|p2a: T.M. Ogerpon O
|-damage|p2a: T.M. Ogerpon O|31/100
|-status|p2a: T.M. Ogerpon O|par
|
|upkeep
|turn|8
|
|t:|1776270852
|switch|p1a: Thundurus|Thundurus-Therian, M, tera:Ice|100/100
|move|p2a: T.M. Ogerpon O|Taunt|p1a: Thundurus
|-start|p1a: Thundurus|move: Taunt
|
|upkeep
|turn|9
|
|t:|1776270862
|move|p1a: Thundurus|Volt Switch|p2a: T.M. Ogerpon O
|-damage|p2a: T.M. Ogerpon O|0 fnt
|faint|p2a: T.M. Ogerpon O
|
|t:|1776270869
|switch|p1a: Alomomola|Alomomola, F|61/100|[from] Volt Switch
|
|upkeep
|
|t:|1776270875
|switch|p2a: Stay Gholdengo|Gholdengo|100/100
|-item|p2a: Stay Gholdengo|Air Balloon
|turn|10
|
|t:|1776270877
|move|p2a: Stay Gholdengo|Nasty Plot|p2a: Stay Gholdengo
|-boost|p2a: Stay Gholdengo|spa|2
|move|p1a: Alomomola|Flip Turn|p2a: Stay Gholdengo
|-crit|p2a: Stay Gholdengo
|-damage|p2a: Stay Gholdengo|81/100
|-enditem|p2a: Stay Gholdengo|Air Balloon
|
|t:|1776270886
|switch|p1a: Great Tusk|Great Tusk|100/100|[from] Flip Turn
|
|upkeep
|turn|11
|
|t:|1776270891
|-terastallize|p2a: Stay Gholdengo|Fairy
|move|p1a: Great Tusk|Headlong Rush|p2a: Stay Gholdengo
|-damage|p2a: Stay Gholdengo|38/100
|-unboost|p1a: Great Tusk|def|1
|-unboost|p1a: Great Tusk|spd|1
|move|p2a: Stay Gholdengo|Make It Rain|p1a: Great Tusk
|-damage|p1a: Great Tusk|0 fnt
|-unboost|p2a: Stay Gholdengo|spa|1
|faint|p1a: Great Tusk
|-end|p1a: Great Tusk|Protosynthesis|[silent]
|
|upkeep
|
|t:|1776270897
|switch|p1a: Thundurus|Thundurus-Therian, M, tera:Ice|100/100
|turn|12
|
|t:|1776270908
|move|p1a: Thundurus|Volt Switch|p2a: Stay Gholdengo
|-damage|p2a: Stay Gholdengo|0 fnt
|faint|p2a: Stay Gholdengo
|
|t:|1776270918
|switch|p1a: Alomomola|Alomomola, F|94/100|[from] Volt Switch
|
|upkeep
|
|t:|1776270927
|switch|p2a: Dragnes Tachyon|Dragapult, M|100/100
|turn|13
|
|t:|1776270931
|move|p2a: Dragnes Tachyon|Shadow Ball|p1a: Alomomola
|-damage|p1a: Alomomola|49/100
|-unboost|p1a: Alomomola|spd|1
|move|p1a: Alomomola|Flip Turn|p2a: Dragnes Tachyon
|-resisted|p2a: Dragnes Tachyon
|-crit|p2a: Dragnes Tachyon
|-damage|p2a: Dragnes Tachyon|85/100
|
|t:|1776270936
|switch|p1a: Kingambit|Kingambit, M|100/100|[from] Flip Turn
|-activate|p1a: Kingambit|ability: Supreme Overlord
|-start|p1a: Kingambit|fallen1|[silent]
|
|upkeep
|turn|14
|
|t:|1776270941
|switch|p2a: Mejiro Valiant|Iron Valiant, shiny|100/100
|-enditem|p2a: Mejiro Valiant|Booster Energy
|-activate|p2a: Mejiro Valiant|ability: Quark Drive|[fromitem]
|-start|p2a: Mejiro Valiant|quarkdrivespe
|move|p1a: Kingambit|Iron Head|p2a: Mejiro Valiant
|-supereffective|p2a: Mejiro Valiant
|-damage|p2a: Mejiro Valiant|0 fnt
|faint|p2a: Mejiro Valiant
|-end|p2a: Mejiro Valiant|Quark Drive|[silent]
|
|upkeep
|-message|ElBigKahunas forfeited.
|
|win|Silent1ine
|raw|Silent1ine's rating: 1514 &rarr; <strong>1535</strong><br />(+21 for winning)
|raw|ElBigKahunas's rating: 1533 &rarr; <strong>1512</strong><br />(-21 for losing)
|l|☆ElBigKahunas
|player|p2|
