|html|<div class="broadcast-blue"><strong>[Gen 9] OU is currently suspecting Tera Blast! For information on how to participate check out the <a href="https://www.smogon.com/tools/suspects/view/200">suspect thread</a>.</strong></div>
|j|☆hameed425
|j|☆metalsandy
|t:|1776060557
|gametype|singles
|player|p1|hameed425|170|1106
|player|p2|metalsandy|bruno|1155
|gen|9
|tier|[Gen 9] OU
|rated|
|rule|HP Percentage Mod: HP is shown in percentages
|rule|Endless Battle Clause: Forcing endless battles is banned
|rule|Species Clause: Limit one of each Pokémon
|rule|OHKO Clause: OHKO moves are banned
|rule|Evasion Items Clause: Evasion items are banned
|rule|Evasion Moves Clause: Evasion moves are banned
|rule|Evasion Abilities Clause: Evasion abilities are banned
|rule|Sleep Moves Clause: Sleep-inducing moves are banned
|clearpoke
|poke|p1|Gholdengo|
|poke|p1|Ribombee, F|
|poke|p1|Gyarados, F|
|poke|p1|Kingambit, M|
|poke|p1|Manaphy|
|poke|p1|Landorus-Therian, M|
|poke|p2|Froslass, F|
|poke|p2|Scizor, M|
|poke|p2|Iron Valiant|
|poke|p2|Zapdos|
|poke|p2|Cinderace, F|
|poke|p2|Darkrai|
|teampreview
|j| ashchampionyessss
|
|t:|1776060575
|teamsize|p1|6
|teamsize|p2|6
|start
|switch|p1a: Ribombee|Ribombee, F|100/100
|switch|p2a: Scizor|Scizor, M|100/100
|turn|1
|
|t:|1776060580
|move|p1a: Ribombee|Sticky Web|p2a: Scizor
|-sidestart|p2: metalsandy|move: Sticky Web
|move|p2a: Scizor|Swords Dance|p2a: Scizor
|-boost|p2a: Scizor|atk|2
|
|upkeep
|turn|2
|
|t:|1776060585
|move|p1a: Ribombee|Stun Spore|p2a: Scizor|[miss]
|-miss|p1a: Ribombee|p2a: Scizor
|move|p2a: Scizor|Swords Dance|p2a: Scizor
|-boost|p2a: Scizor|atk|2
|
|upkeep
|turn|3
|
|t:|1776060587
|move|p2a: Scizor|Bullet Punch|p1a: Ribombee
|-supereffective|p1a: Ribombee
|-enditem|p1a: Ribombee|Focus Sash
|-damage|p1a: Ribombee|1/100
|move|p1a: Ribombee|Stun Spore|p2a: Scizor
|-status|p2a: Scizor|par
|
|upkeep
|turn|4
|
|t:|1776060593
|move|p1a: Ribombee|Skill Swap|p2a: Scizor
|-activate|p1a: Ribombee|Skill Swap|Technician|Shield Dust|[of] p2a: Scizor
|move|p2a: Scizor|Swords Dance|p2a: Scizor
|-boost|p2a: Scizor|atk|2
|
|upkeep
|turn|5
|
|t:|1776060599
|move|p2a: Scizor|Bullet Punch|p1a: Ribombee
|-supereffective|p1a: Ribombee
|-damage|p1a: Ribombee|0 fnt
|faint|p1a: Ribombee
|
|upkeep
|
|t:|1776060619
|switch|p1a: Gholdengo|Gholdengo|100/100
|-item|p1a: Gholdengo|Air Balloon
|turn|6
|
|t:|1776060621
|move|p1a: Gholdengo|Shadow Ball|p2a: Scizor
|-damage|p2a: Scizor|58/100 par
|move|p2a: Scizor|Knock Off|p1a: Gholdengo
|-supereffective|p1a: Gholdengo
|-damage|p1a: Gholdengo|0 fnt
|-enditem|p1a: Gholdengo|Air Balloon
|faint|p1a: Gholdengo
|
|-heal|p2a: Scizor|64/100 par|[from] item: Leftovers
|upkeep
|
|t:|1776060627
|switch|p1a: Landorus|Landorus-Therian, M|100/100
|-ability|p1a: Landorus|Intimidate|boost
|-unboost|p2a: Scizor|atk|1
|turn|7
|
|t:|1776060634
|move|p1a: Landorus|Earthquake|p2a: Scizor
|-damage|p2a: Scizor|0 fnt
|faint|p2a: Scizor
|
|upkeep
|
|t:|1776060638
|switch|p2a: Froslass|Froslass, F|100/100
|-activate|p2a: Froslass|move: Sticky Web
|-unboost|p2a: Froslass|spe|1
|turn|8
|
|t:|1776060643
|move|p1a: Landorus|Earthquake|p2a: Froslass
|-enditem|p2a: Froslass|Focus Sash
|-damage|p2a: Froslass|1/100
|-start|p1a: Landorus|Disable|Earthquake|[from] ability: Cursed Body|[of] p2a: Froslass
|move|p2a: Froslass|Icy Wind|p1a: Landorus
|-supereffective|p1a: Landorus
|-damage|p1a: Landorus|14/100
|-unboost|p1a: Landorus|spe|1
|
|upkeep
|turn|9
|
|t:|1776060651
|move|p2a: Froslass|Icy Wind|p1a: Landorus
|-supereffective|p1a: Landorus
|-damage|p1a: Landorus|0 fnt
|faint|p1a: Landorus
|
|upkeep
|
|t:|1776060663
|switch|p1a: Gyarados|Gyarados, F|100/100
|turn|10
|
|t:|1776060668
|move|p1a: Gyarados|Waterfall|p2a: Froslass
|-damage|p2a: Froslass|0 fnt
|-start|p1a: Gyarados|Disable|Waterfall|[from] ability: Cursed Body|[of] p2a: Froslass
|faint|p2a: Froslass
|-ability|p1a: Gyarados|Moxie|boost
|-boost|p1a: Gyarados|atk|1
|
|upkeep
|
|t:|1776060672
|switch|p2a: Zapdos|Zapdos|100/100
|turn|11
|
|t:|1776060678
|switch|p1a: Kingambit|Kingambit, M|100/100
|-activate|p1a: Kingambit|ability: Supreme Overlord
|-start|p1a: Kingambit|fallen3|[silent]
|move|p2a: Zapdos|Discharge|p1a: Kingambit
|-crit|p1a: Kingambit
|-damage|p1a: Kingambit|40/100
|
|upkeep
|turn|12
|
|t:|1776060683
|move|p1a: Kingambit|Sucker Punch|p2a: Zapdos
|-damage|p2a: Zapdos|31/100
|move|p2a: Zapdos|Heat Wave|p1a: Kingambit
|-supereffective|p1a: Kingambit
|-damage|p1a: Kingambit|0 fnt
|faint|p1a: Kingambit
|-end|p1a: Kingambit|fallen3|[silent]
|
|upkeep
|
|t:|1776060688
|switch|p1a: Manaphy|Manaphy|100/100
|turn|13
|
|t:|1776060692
|move|p1a: Manaphy|Ice Beam|p2a: Zapdos
|-supereffective|p2a: Zapdos
|-damage|p2a: Zapdos|5/100
|move|p2a: Zapdos|Discharge|p1a: Manaphy
|-supereffective|p1a: Manaphy
|-damage|p1a: Manaphy|37/100
|
|-heal|p1a: Manaphy|43/100|[from] item: Leftovers
|upkeep
|turn|14
|
|t:|1776060696
|move|p1a: Manaphy|Ice Beam|p2a: Zapdos
|-supereffective|p2a: Zapdos
|-damage|p2a: Zapdos|0 fnt
|faint|p2a: Zapdos
|
|-heal|p1a: Manaphy|49/100|[from] item: Leftovers
|upkeep
|
|t:|1776060702
|switch|p2a: Cinderace|Cinderace, F|100/100
|-activate|p2a: Cinderace|move: Sticky Web
|-unboost|p2a: Cinderace|spe|1
|turn|15
|
|t:|1776060709
|move|p1a: Manaphy|Tail Glow|p1a: Manaphy
|-boost|p1a: Manaphy|spa|3
|move|p2a: Cinderace|Court Change|p2a: Cinderace
|-start|p2a: Cinderace|typechange|Normal|[from] ability: Libero
|-swapsideconditions
|-activate|p2a: Cinderace|move: Court Change
|
|-heal|p1a: Manaphy|55/100|[from] item: Leftovers
|upkeep
|turn|16
|
|t:|1776060713
|switch|p2a: Iron Valiant|Iron Valiant|100/100
|-enditem|p2a: Iron Valiant|Booster Energy
|-activate|p2a: Iron Valiant|ability: Quark Drive|[fromitem]
|-start|p2a: Iron Valiant|quarkdrivespe
|move|p1a: Manaphy|Scald|p2a: Iron Valiant
|-damage|p2a: Iron Valiant|0 fnt
|faint|p2a: Iron Valiant
|-end|p2a: Iron Valiant|Quark Drive|[silent]
|
|-heal|p1a: Manaphy|61/100|[from] item: Leftovers
|upkeep
|
|t:|1776060722
|switch|p2a: Darkrai|Darkrai|100/100
|turn|17
|
|t:|1776060726
|-terastallize|p2a: Darkrai|Dark
|move|p2a: Darkrai|Dark Pulse|p1a: Manaphy
|-damage|p1a: Manaphy|1/100
|cant|p1a: Manaphy|flinch
|
|-heal|p1a: Manaphy|7/100|[from] item: Leftovers
|upkeep
|turn|18
|
|t:|1776060732
|move|p2a: Darkrai|Dark Pulse|p1a: Manaphy
|-crit|p1a: Manaphy
|-damage|p1a: Manaphy|0 fnt
|faint|p1a: Manaphy
|
|upkeep
|l|☆hameed425
|player|p1|
|inactive|Battle timer is ON: inactive players will automatically lose when time's up. (requested by metalsandy)
|inactive|hameed425 has 30 seconds to reconnect!
|inactive|hameed425 has 20 seconds to reconnect!
|l| ashchampionyessss
|inactive|hameed425 has 15 seconds to reconnect!
|inactive|hameed425 has 10 seconds to reconnect!
|inactive|hameed425 has 5 seconds to reconnect!
|-message|hameed425 lost due to inactivity.
|
|win|metalsandy
|raw|hameed425's rating: 1106 &rarr; <strong>1085</strong><br />(-21 for losing)
|raw|metalsandy's rating: 1155 &rarr; <strong>1176</strong><br />(+21 for winning)
|l|☆metalsandy
|player|p2|
