|html|<div class="broadcast-blue"><strong>[Gen 9] OU is currently suspecting Volcarona! For information on how to participate check out the <a href="https://www.smogon.com/tools/suspects/view/208">suspect thread</a>.</strong></div>
|j|☆xincor
|j|☆YumeKasumi76
|t:|1778506311
|gametype|singles
|player|p1|xincor|hilda-wonderlauncher|1534
|player|p2|YumeKasumi76|266|1507
|gen|9
|tier|[Gen 9] OU
|rated|
|rule|HP Percentage Mod: HP is shown in percentages
|rule|Endless Battle Clause: Forcing endless battles is banned
|rule|Species Clause: Limit one of each Pokémon
|rule|OHKO Clause: OHKO moves are banned
|rule|Evasion Items Clause: Evasion items are banned
|rule|Evasion Moves Clause: Evasion moves are banned
|rule|Evasion Abilities Clause: Evasion abilities are banned
|rule|Sleep Moves Clause: Sleep-inducing moves are banned
|clearpoke
|poke|p1|Landorus-Therian, M|
|poke|p1|Dragapult, F|
|poke|p1|Moltres|
|poke|p1|Corviknight, F|
|poke|p1|Kingambit, M|
|poke|p1|Primarina, M|
|poke|p2|Cobalion|
|poke|p2|Weezing-Galar, M|
|poke|p2|Lokix, F|
|poke|p2|Arboliva, M|
|poke|p2|Ceruledge, F|
|poke|p2|Latios, M|
|teampreview
|inactive|Battle timer is ON: inactive players will automatically lose when time's up. (requested by YumeKasumi76)
|
|t:|1778506342
|teamsize|p1|6
|teamsize|p2|6
|start
|switch|p1a: Landorus|Landorus-Therian, M|100/100
|switch|p2a: Iverson|Latios, M|100/100
|-ability|p1a: Landorus|Intimidate|boost
|-unboost|p2a: Iverson|atk|1
|turn|1
|
|t:|1778506355
|switch|p1a: Primarina|Primarina, M|100/100
|move|p2a: Iverson|Draco Meteor|p1a: Primarina
|-immune|p1a: Primarina
|
|upkeep
|turn|2
|
|t:|1778506362
|switch|p2a: Pantheon|Arboliva, M|100/100
|move|p1a: Primarina|Flip Turn|p2a: Pantheon
|-resisted|p2a: Pantheon
|-damage|p2a: Pantheon|95/100
|-fieldstart|move: Grassy Terrain|[from] ability: Seed Sower|[of] p2a: Pantheon
|
|t:|1778506370
|switch|p1a: Landorus|Landorus-Therian, M|100/100|[from] Flip Turn
|-ability|p1a: Landorus|Intimidate|boost
|-unboost|p2a: Pantheon|atk|1
|
|-heal|p2a: Pantheon|100/100|[from] Grassy Terrain
|upkeep
|turn|3
|
|t:|1778506374
|move|p1a: Landorus|Stealth Rock|p2a: Pantheon
|-sidestart|p2: YumeKasumi76|move: Stealth Rock
|move|p2a: Pantheon|Giga Drain|p1a: Landorus
|-crit|p1a: Landorus
|-damage|p1a: Landorus|19/100
|
|-heal|p1a: Landorus|25/100|[from] item: Leftovers
|upkeep
|turn|4
|
|t:|1778506378
|switch|p2a: Ironhyde|Cobalion|100/100
|-damage|p2a: Ironhyde|98/100|[from] Stealth Rock
|move|p1a: Landorus|U-turn|p2a: Ironhyde
|-resisted|p2a: Ironhyde
|-damage|p2a: Ironhyde|95/100
|-damage|p1a: Landorus|9/100|[from] item: Rocky Helmet|[of] p2a: Ironhyde
|
|t:|1778506385
|switch|p1a: Moltres|Moltres|100/100|[from] U-turn
|
|-heal|p2a: Ironhyde|100/100|[from] Grassy Terrain
|upkeep
|turn|5
|
|t:|1778506388
|move|p2a: Ironhyde|Volt Switch|p1a: Moltres
|-supereffective|p1a: Moltres
|-damage|p1a: Moltres|72/100
|
|t:|1778506390
|switch|p2a: Jalter|Ceruledge, F|100/100|[from] Volt Switch
|-damage|p2a: Jalter|76/100|[from] Stealth Rock
|move|p1a: Moltres|Flamethrower|p2a: Jalter
|-start|p2a: Jalter|ability: Flash Fire
|
|-heal|p2a: Jalter|82/100|[from] Grassy Terrain
|-heal|p2a: Jalter|88/100|[from] item: Leftovers
|upkeep
|turn|6
|
|t:|1778506396
|move|p2a: Jalter|Poltergeist|p1a: Moltres
|-activate|p1a: Moltres|move: Poltergeist|Heavy-Duty Boots
|-damage|p1a: Moltres|37/100
|move|p1a: Moltres|U-turn|p2a: Jalter
|-resisted|p2a: Jalter
|-damage|p2a: Jalter|84/100
|
|t:|1778506405
|switch|p1a: Dragapult|Dragapult, F|100/100|[from] U-turn
|
|-heal|p2a: Jalter|90/100|[from] Grassy Terrain
|-heal|p2a: Jalter|96/100|[from] item: Leftovers
|-fieldend|move: Grassy Terrain
|upkeep
|turn|7
|
|t:|1778506410
|-end|p2a: Jalter|ability: Flash Fire|[silent]
|switch|p2a: Pantheon|Arboliva, M|100/100
|-damage|p2a: Pantheon|88/100|[from] Stealth Rock
|move|p1a: Dragapult|Shadow Ball|p2a: Pantheon
|-immune|p2a: Pantheon
|
|upkeep
|turn|8
|
|t:|1778506414
|switch|p1a: Corviknight|Corviknight, F|100/100
|-ability|p1a: Corviknight|Pressure
|move|p2a: Pantheon|Hyper Voice|p1a: Corviknight
|-resisted|p1a: Corviknight
|-damage|p1a: Corviknight|79/100
|
|-heal|p1a: Corviknight|85/100|[from] item: Leftovers
|upkeep
|turn|9
|
|t:|1778506421
|move|p1a: Corviknight|U-turn|p2a: Pantheon
|-supereffective|p2a: Pantheon
|-crit|p2a: Pantheon
|-damage|p2a: Pantheon|51/100
|-fieldstart|move: Grassy Terrain|[from] ability: Seed Sower|[of] p2a: Pantheon
|
|t:|1778506426
|switch|p1a: Dragapult|Dragapult, F|100/100|[from] U-turn
|move|p2a: Pantheon|Hyper Voice|p1a: Dragapult
|-immune|p1a: Dragapult
|
|-heal|p2a: Pantheon|57/100|[from] Grassy Terrain
|upkeep
|turn|10
|
|t:|1778506434
|switch|p2a: Ironhyde|Cobalion|100/100
|-damage|p2a: Ironhyde|98/100|[from] Stealth Rock
|move|p1a: Dragapult|U-turn|p2a: Ironhyde
|-resisted|p2a: Ironhyde
|-damage|p2a: Ironhyde|95/100
|-damage|p1a: Dragapult|84/100|[from] item: Rocky Helmet|[of] p2a: Ironhyde
|
|t:|1778506439
|switch|p1a: Moltres|Moltres|37/100|[from] U-turn
|
|-heal|p2a: Ironhyde|100/100|[from] Grassy Terrain
|upkeep
|turn|11
|
|t:|1778506442
|move|p2a: Ironhyde|Volt Switch|p1a: Moltres
|-supereffective|p1a: Moltres
|-damage|p1a: Moltres|3/100
|
|t:|1778506445
|switch|p2a: Iverson|Latios, M|100/100|[from] Volt Switch
|-damage|p2a: Iverson|88/100|[from] Stealth Rock
|move|p1a: Moltres|Roost|p1a: Moltres
|-heal|p1a: Moltres|53/100
|-singleturn|p1a: Moltres|move: Roost
|
|-heal|p1a: Moltres|59/100|[from] Grassy Terrain
|upkeep
|turn|12
|
|t:|1778506453
|switch|p1a: Kingambit|Kingambit, M|100/100
|move|p2a: Iverson|Flip Turn|p1a: Kingambit
|-damage|p1a: Kingambit|92/100
|
|t:|1778506455
|switch|p2a: Ironhyde|Cobalion|100/100|[from] Flip Turn
|-damage|p2a: Ironhyde|98/100|[from] Stealth Rock
|
|-heal|p2a: Ironhyde|100/100|[from] Grassy Terrain
|-heal|p1a: Kingambit|98/100|[from] Grassy Terrain
|-heal|p1a: Kingambit|100/100|[from] item: Leftovers
|upkeep
|turn|13
|
|t:|1778506463
|-end|p1a: Kingambit|fallenundefined|[silent]
|switch|p1a: Corviknight|Corviknight, F|85/100
|-ability|p1a: Corviknight|Pressure
|move|p2a: Ironhyde|Stealth Rock|p1a: Corviknight
|-sidestart|p1: xincor|move: Stealth Rock
|
|-heal|p1a: Corviknight|91/100|[from] item: Leftovers
|-fieldend|move: Grassy Terrain
|upkeep
|turn|14
|
|t:|1778506467
|move|p2a: Ironhyde|Body Press|p1a: Corviknight
|-damage|p1a: Corviknight|64/100
|move|p1a: Corviknight|Roost|p1a: Corviknight
|-heal|p1a: Corviknight|100/100
|-singleturn|p1a: Corviknight|move: Roost
|
|upkeep
|turn|15
|
|t:|1778506472
|move|p2a: Ironhyde|Volt Switch|p1a: Corviknight
|-supereffective|p1a: Corviknight
|-damage|p1a: Corviknight|70/100
|
|t:|1778506474
|switch|p2a: Jalter|Ceruledge, F|96/100|[from] Volt Switch
|-damage|p2a: Jalter|71/100|[from] Stealth Rock
|move|p1a: Corviknight|Defog|p2a: Jalter
|-unboost|p2a: Jalter|evasion|1
|-sideend|p2: YumeKasumi76|Stealth Rock|[from] move: Defog|[of] p1a: Corviknight
|-sideend|p1: xincor|Stealth Rock|[from] move: Defog|[of] p1a: Corviknight
|
|-heal|p2a: Jalter|77/100|[from] item: Leftovers
|-heal|p1a: Corviknight|76/100|[from] item: Leftovers
|upkeep
|turn|16
|
|t:|1778506486
|switch|p1a: Moltres|Moltres|59/100
|move|p2a: Jalter|Bulk Up|p2a: Jalter
|-boost|p2a: Jalter|atk|1
|-boost|p2a: Jalter|def|1
|
|-heal|p2a: Jalter|83/100|[from] item: Leftovers
|upkeep
|turn|17
|
|t:|1778506493
|move|p2a: Jalter|Poltergeist|p1a: Moltres
|-activate|p1a: Moltres|move: Poltergeist|Heavy-Duty Boots
|-damage|p1a: Moltres|5/100
|move|p1a: Moltres|U-turn|p2a: Jalter
|-resisted|p2a: Jalter
|-damage|p2a: Jalter|81/100
|
|t:|1778506504
|switch|p1a: Dragapult|Dragapult, F|84/100|[from] U-turn
|
|-heal|p2a: Jalter|87/100|[from] item: Leftovers
|upkeep
|turn|18
|
|t:|1778506508
|move|p2a: Jalter|Shadow Sneak|p1a: Dragapult
|-supereffective|p1a: Dragapult
|-damage|p1a: Dragapult|6/100
|move|p1a: Dragapult|Shadow Ball|p2a: Jalter
|-supereffective|p2a: Jalter
|-damage|p2a: Jalter|2/100
|
|-heal|p2a: Jalter|8/100|[from] item: Leftovers
|upkeep
|turn|19
|
|t:|1778506516
|switch|p1a: Kingambit|Kingambit, M|100/100
|move|p2a: Jalter|Bitter Blade|p1a: Kingambit
|-supereffective|p1a: Kingambit
|-damage|p1a: Kingambit|22/100
|-heal|p2a: Jalter|55/100|[from] drain|[of] p1a: Kingambit
|
|-heal|p2a: Jalter|61/100|[from] item: Leftovers
|-heal|p1a: Kingambit|28/100|[from] item: Leftovers
|upkeep
|turn|20
|
|t:|1778506524
|move|p2a: Jalter|Bulk Up|p2a: Jalter
|-boost|p2a: Jalter|atk|1
|-boost|p2a: Jalter|def|1
|move|p1a: Kingambit|Kowtow Cleave|p2a: Jalter
|-supereffective|p2a: Jalter
|-damage|p2a: Jalter|3/100
|
|-heal|p2a: Jalter|9/100|[from] item: Leftovers
|-heal|p1a: Kingambit|34/100|[from] item: Leftovers
|upkeep
|turn|21
|
|t:|1778506532
|move|p2a: Jalter|Shadow Sneak|p1a: Kingambit
|-resisted|p1a: Kingambit
|-damage|p1a: Kingambit|21/100
|move|p1a: Kingambit|Sucker Punch||[still]
|-fail|p1a: Kingambit
|
|-heal|p2a: Jalter|15/100|[from] item: Leftovers
|-heal|p1a: Kingambit|27/100|[from] item: Leftovers
|upkeep
|turn|22
|
|t:|1778506536
|move|p1a: Kingambit|Sucker Punch|p2a: Jalter
|-supereffective|p2a: Jalter
|-damage|p2a: Jalter|0 fnt
|faint|p2a: Jalter
|
|-heal|p1a: Kingambit|33/100|[from] item: Leftovers
|upkeep
|
|t:|1778506539
|switch|p2a: Ironhyde|Cobalion|100/100
|turn|23
|
|t:|1778506545
|-end|p1a: Kingambit|fallenundefined|[silent]
|switch|p1a: Landorus|Landorus-Therian, M|9/100
|-ability|p1a: Landorus|Intimidate|boost
|-unboost|p2a: Ironhyde|atk|1
|move|p2a: Ironhyde|Stealth Rock|p1a: Landorus
|-sidestart|p1: xincor|move: Stealth Rock
|
|-heal|p1a: Landorus|15/100|[from] item: Leftovers
|upkeep
|turn|24
|
|t:|1778506557
|move|p1a: Landorus|Stealth Rock|p2a: Ironhyde
|-sidestart|p2: YumeKasumi76|move: Stealth Rock
|move|p2a: Ironhyde|Body Press|p1a: Landorus
|-resisted|p1a: Landorus
|-damage|p1a: Landorus|0 fnt
|faint|p1a: Landorus
|
|upkeep
|
|t:|1778506571
|switch|p1a: Corviknight|Corviknight, F|76/100
|-damage|p1a: Corviknight|64/100|[from] Stealth Rock
|-ability|p1a: Corviknight|Pressure
|turn|25
|
|t:|1778506573
|move|p2a: Ironhyde|Volt Switch|p1a: Corviknight
|-supereffective|p1a: Corviknight
|-damage|p1a: Corviknight|36/100
|
|t:|1778506576
|switch|p2a: M'affald|Weezing-Galar, M|100/100|[from] Volt Switch
|-ability|p2a: M'affald|Neutralizing Gas
|move|p1a: Corviknight|Defog|p2a: M'affald
|-unboost|p2a: M'affald|evasion|1
|-sideend|p2: YumeKasumi76|Stealth Rock|[from] move: Defog|[of] p1a: Corviknight
|-sideend|p1: xincor|Stealth Rock|[from] move: Defog|[of] p1a: Corviknight
|
|-heal|p1a: Corviknight|42/100|[from] item: Leftovers
|upkeep
|turn|26
|
|t:|1778506580
|move|p1a: Corviknight|Roost|p1a: Corviknight
|-heal|p1a: Corviknight|92/100
|-singleturn|p1a: Corviknight|move: Roost
|move|p2a: M'affald|Sludge Bomb|p1a: Corviknight
|-immune|p1a: Corviknight
|
|-heal|p1a: Corviknight|98/100|[from] item: Leftovers
|upkeep
|turn|27
|
|t:|1778506586
|move|p1a: Corviknight|Brave Bird|p2a: M'affald
|-damage|p2a: M'affald|74/100
|-damage|p1a: Corviknight|91/100|[from] Recoil
|move|p2a: M'affald|Will-O-Wisp|p1a: Corviknight
|-status|p1a: Corviknight|brn
|
|-heal|p1a: Corviknight|97/100 brn|[from] item: Leftovers
|-damage|p1a: Corviknight|91/100 brn|[from] brn
|upkeep
|turn|28
|
|t:|1778506592
|move|p1a: Corviknight|Brave Bird|p2a: M'affald
|-damage|p2a: M'affald|61/100
|-damage|p1a: Corviknight|87/100 brn|[from] Recoil
|move|p2a: M'affald|Sludge Bomb|p1a: Corviknight
|-immune|p1a: Corviknight
|
|-heal|p1a: Corviknight|93/100 brn|[from] item: Leftovers
|-damage|p1a: Corviknight|87/100 brn|[from] brn
|upkeep
|turn|29
|
|t:|1778506598
|move|p1a: Corviknight|Brave Bird|p2a: M'affald
|-damage|p2a: M'affald|49/100
|-damage|p1a: Corviknight|84/100 brn|[from] Recoil
|move|p2a: M'affald|Sludge Bomb|p1a: Corviknight
|-immune|p1a: Corviknight
|
|-heal|p1a: Corviknight|90/100 brn|[from] item: Leftovers
|-damage|p1a: Corviknight|84/100 brn|[from] brn
|upkeep
|turn|30
|
|t:|1778506603
|move|p1a: Corviknight|Brave Bird|p2a: M'affald
|-damage|p2a: M'affald|37/100
|-damage|p1a: Corviknight|81/100 brn|[from] Recoil
|move|p2a: M'affald|Pain Split|p1a: Corviknight
|-sethp|p1a: Corviknight|56/100 brn|[from] move: Pain Split|[silent]
|-sethp|p2a: M'affald|67/100|[from] move: Pain Split
|
|-heal|p1a: Corviknight|62/100 brn|[from] item: Leftovers
|-damage|p1a: Corviknight|56/100 brn|[from] brn
|upkeep
|turn|31
|
|t:|1778506610
|-end|p2a: M'affald|ability: Neutralizing Gas
|-ability|p1a: Corviknight|Pressure
|switch|p2a: Ironhyde|Cobalion|100/100
|move|p1a: Corviknight|Brave Bird|p2a: Ironhyde
|-damage|p2a: Ironhyde|89/100
|-damage|p1a: Corviknight|39/100 brn|[from] item: Rocky Helmet|[of] p2a: Ironhyde
|-damage|p1a: Corviknight|36/100 brn|[from] Recoil
|
|-heal|p1a: Corviknight|42/100 brn|[from] item: Leftovers
|-damage|p1a: Corviknight|36/100 brn|[from] brn
|upkeep
|turn|32
|
|t:|1778506616
|move|p2a: Ironhyde|Body Press|p1a: Corviknight
|-damage|p1a: Corviknight|11/100 brn
|move|p1a: Corviknight|Roost|p1a: Corviknight
|-heal|p1a: Corviknight|61/100 brn
|-singleturn|p1a: Corviknight|move: Roost
|
|-heal|p1a: Corviknight|67/100 brn|[from] item: Leftovers
|-damage|p1a: Corviknight|61/100 brn|[from] brn
|upkeep
|turn|33
|
|t:|1778506620
|move|p2a: Ironhyde|Stealth Rock|p1a: Corviknight
|-sidestart|p1: xincor|move: Stealth Rock
|move|p1a: Corviknight|Roost|p1a: Corviknight
|-heal|p1a: Corviknight|100/100 brn
|-singleturn|p1a: Corviknight|move: Roost
|
|-damage|p1a: Corviknight|94/100 brn|[from] brn
|upkeep
|turn|34
|
|t:|1778506623
|move|p2a: Ironhyde|Body Press|p1a: Corviknight
|-damage|p1a: Corviknight|69/100 brn
|move|p1a: Corviknight|Defog|p2a: Ironhyde
|-unboost|p2a: Ironhyde|evasion|1
|-sideend|p1: xincor|Stealth Rock|[from] move: Defog|[of] p1a: Corviknight
|
|-heal|p1a: Corviknight|75/100 brn|[from] item: Leftovers
|-damage|p1a: Corviknight|69/100 brn|[from] brn
|upkeep
|turn|35
|
|t:|1778506628
|move|p2a: Ironhyde|Stealth Rock|p1a: Corviknight
|-sidestart|p1: xincor|move: Stealth Rock
|move|p1a: Corviknight|U-turn|p2a: Ironhyde
|-resisted|p2a: Ironhyde
|-damage|p2a: Ironhyde|88/100
|-damage|p1a: Corviknight|52/100 brn|[from] item: Rocky Helmet|[of] p2a: Ironhyde
|
|t:|1778506631
|switch|p1a: Primarina|Primarina, M|100/100|[from] U-turn
|-damage|p1a: Primarina|88/100|[from] Stealth Rock
|
|upkeep
|turn|36
|
|t:|1778506635
|move|p2a: Ironhyde|Volt Switch|p1a: Primarina
|-supereffective|p1a: Primarina
|-damage|p1a: Primarina|67/100
|
|t:|1778506637
|switch|p2a: Pantheon|Arboliva, M|57/100|[from] Volt Switch
|move|p1a: Primarina|Surf|p2a: Pantheon
|-resisted|p2a: Pantheon
|-damage|p2a: Pantheon|41/100
|-fieldstart|move: Grassy Terrain|[from] ability: Seed Sower|[of] p2a: Pantheon
|
|-heal|p1a: Primarina|74/100|[from] Grassy Terrain
|-heal|p2a: Pantheon|47/100|[from] Grassy Terrain
|upkeep
|turn|37
|
|t:|1778506643
|move|p1a: Primarina|Moonblast|p2a: Pantheon
|-damage|p2a: Pantheon|19/100
|move|p2a: Pantheon|Giga Drain|p1a: Primarina
|-supereffective|p1a: Primarina
|-damage|p1a: Primarina|14/100
|-heal|p2a: Pantheon|45/100|[from] drain|[of] p1a: Primarina
|
|-heal|p1a: Primarina|20/100|[from] Grassy Terrain
|-heal|p2a: Pantheon|51/100|[from] Grassy Terrain
|upkeep
|turn|38
|
|t:|1778506651
|switch|p1a: Moltres|Moltres|5/100
|move|p2a: Pantheon|Giga Drain|p1a: Moltres
|-resisted|p1a: Moltres
|-damage|p1a: Moltres|0 fnt
|-heal|p2a: Pantheon|54/100|[from] drain|[of] p1a: Moltres
|faint|p1a: Moltres
|
|-heal|p2a: Pantheon|60/100|[from] Grassy Terrain
|upkeep
|
|t:|1778506659
|switch|p1a: Corviknight|Corviknight, F|52/100 brn
|-damage|p1a: Corviknight|40/100 brn|[from] Stealth Rock
|-ability|p1a: Corviknight|Pressure
|turn|39
|
|t:|1778506661
|move|p1a: Corviknight|Roost|p1a: Corviknight
|-heal|p1a: Corviknight|90/100 brn
|-singleturn|p1a: Corviknight|move: Roost
|move|p2a: Pantheon|Hyper Voice|p1a: Corviknight
|-resisted|p1a: Corviknight
|-damage|p1a: Corviknight|68/100 brn
|
|-heal|p1a: Corviknight|74/100 brn|[from] Grassy Terrain
|-heal|p1a: Corviknight|80/100 brn|[from] item: Leftovers
|-heal|p2a: Pantheon|66/100|[from] Grassy Terrain
|-damage|p1a: Corviknight|74/100 brn|[from] brn
|upkeep
|turn|40
|
|t:|1778506664
|move|p1a: Corviknight|Defog|p2a: Pantheon
|-unboost|p2a: Pantheon|evasion|1
|-sideend|p1: xincor|Stealth Rock|[from] move: Defog|[of] p1a: Corviknight
|-fieldend|move: Grassy Terrain
|move|p2a: Pantheon|Earth Power|p1a: Corviknight
|-immune|p1a: Corviknight
|
|-heal|p1a: Corviknight|80/100 brn|[from] item: Leftovers
|-damage|p1a: Corviknight|74/100 brn|[from] brn
|upkeep
|turn|41
|
|t:|1778506670
|move|p1a: Corviknight|Brave Bird|p2a: Pantheon
|-supereffective|p2a: Pantheon
|-damage|p2a: Pantheon|36/100
|-fieldstart|move: Grassy Terrain|[from] ability: Seed Sower|[of] p2a: Pantheon
|-damage|p1a: Corviknight|65/100 brn|[from] Recoil
|move|p2a: Pantheon|Earth Power|p1a: Corviknight
|-immune|p1a: Corviknight
|
|-heal|p1a: Corviknight|71/100 brn|[from] item: Leftovers
|-heal|p2a: Pantheon|42/100|[from] Grassy Terrain
|-damage|p1a: Corviknight|65/100 brn|[from] brn
|upkeep
|turn|42
|
|t:|1778506679
|move|p1a: Corviknight|Brave Bird|p2a: Pantheon
|-supereffective|p2a: Pantheon
|-damage|p2a: Pantheon|9/100
|-damage|p1a: Corviknight|56/100 brn|[from] Recoil
|move|p2a: Pantheon|Giga Drain|p1a: Corviknight
|-resisted|p1a: Corviknight
|-damage|p1a: Corviknight|45/100 brn
|-heal|p2a: Pantheon|15/100|[from] drain|[of] p1a: Corviknight
|
|-heal|p1a: Corviknight|51/100 brn|[from] item: Leftovers
|-heal|p2a: Pantheon|22/100|[from] Grassy Terrain
|-damage|p1a: Corviknight|45/100 brn|[from] brn
|upkeep
|turn|43
|
|t:|1778506685
|switch|p2a: Ironhyde|Cobalion|88/100
|move|p1a: Corviknight|Brave Bird|p2a: Ironhyde
|-damage|p2a: Ironhyde|78/100
|-damage|p1a: Corviknight|28/100 brn|[from] item: Rocky Helmet|[of] p2a: Ironhyde
|-damage|p1a: Corviknight|25/100 brn|[from] Recoil
|
|-heal|p2a: Ironhyde|84/100|[from] Grassy Terrain
|-heal|p1a: Corviknight|31/100 brn|[from] item: Leftovers
|-damage|p1a: Corviknight|25/100 brn|[from] brn
|upkeep
|turn|44
|
|t:|1778506689
|move|p2a: Ironhyde|Volt Switch|p1a: Corviknight
|-supereffective|p1a: Corviknight
|-damage|p1a: Corviknight|0 fnt
|faint|p1a: Corviknight
|
|t:|1778506694
|switch|p2a: Satsuki|Lokix, F, shiny|100/100|[from] Volt Switch
|
|upkeep
|
|t:|1778506705
|switch|p1a: Primarina|Primarina, M|20/100
|turn|45
|
|t:|1778506707
|move|p2a: Satsuki|First Impression|p1a: Primarina
|-resisted|p1a: Primarina
|-damage|p1a: Primarina|0 fnt
|faint|p1a: Primarina
|
|-fieldend|move: Grassy Terrain
|upkeep
|
|t:|1778506711
|switch|p1a: Dragapult|Dragapult, F|6/100
|turn|46
|
|t:|1778506713
|switch|p2a: Pantheon|Arboliva, M|22/100
|move|p1a: Dragapult|Draco Meteor|p2a: Pantheon
|-damage|p2a: Pantheon|0 fnt
|-unboost|p1a: Dragapult|spa|2
|-fieldstart|move: Grassy Terrain|[from] ability: Seed Sower|[of] p2a: Pantheon
|faint|p2a: Pantheon
|
|-heal|p1a: Dragapult|12/100|[from] Grassy Terrain
|upkeep
|c|☆xincor|gg
|
|t:|1778506718
|switch|p2a: Ironhyde|Cobalion|84/100
|turn|47
|
|t:|1778506720
|move|p1a: Dragapult|Draco Meteor|p2a: Ironhyde
|-resisted|p2a: Ironhyde
|-damage|p2a: Ironhyde|57/100
|-unboost|p1a: Dragapult|spa|2
|move|p2a: Ironhyde|Body Press|p1a: Dragapult
|-immune|p1a: Dragapult
|
|-heal|p1a: Dragapult|18/100|[from] Grassy Terrain
|-heal|p2a: Ironhyde|63/100|[from] Grassy Terrain
|upkeep
|turn|48
|
|t:|1778506724
|move|p1a: Dragapult|Draco Meteor|p2a: Ironhyde
|-resisted|p2a: Ironhyde
|-damage|p2a: Ironhyde|46/100
|-unboost|p1a: Dragapult|spa|2
|move|p2a: Ironhyde|Volt Switch|p1a: Dragapult
|-resisted|p1a: Dragapult
|-damage|p1a: Dragapult|8/100
|
|t:|1778506727
|switch|p2a: Satsuki|Lokix, F, shiny|100/100|[from] Volt Switch
|
|-heal|p1a: Dragapult|14/100|[from] Grassy Terrain
|upkeep
|turn|49
|
|t:|1778506731
|move|p2a: Satsuki|First Impression|p1a: Dragapult
|-resisted|p1a: Dragapult
|-damage|p1a: Dragapult|0 fnt
|faint|p1a: Dragapult
|
|upkeep
|
|t:|1778506733
|switch|p1a: Kingambit|Kingambit, M|33/100
|-activate|p1a: Kingambit|ability: Supreme Overlord
|-start|p1a: Kingambit|fallen5|[silent]
|turn|50
|
|t:|1778506736
|switch|p2a: Ironhyde|Cobalion|46/100
|move|p1a: Kingambit|Swords Dance|p1a: Kingambit
|-boost|p1a: Kingambit|atk|2
|
|-heal|p2a: Ironhyde|51/100|[from] Grassy Terrain
|-heal|p1a: Kingambit|40/100|[from] Grassy Terrain
|-heal|p1a: Kingambit|46/100|[from] item: Leftovers
|-fieldend|move: Grassy Terrain
|upkeep
|turn|51
|
|t:|1778506741
|move|p1a: Kingambit|Sucker Punch|p2a: Ironhyde
|-resisted|p2a: Ironhyde
|-damage|p2a: Ironhyde|14/100
|-damage|p1a: Kingambit|29/100|[from] item: Rocky Helmet|[of] p2a: Ironhyde
|-ability|p2a: Ironhyde|Justified|boost
|-boost|p2a: Ironhyde|atk|1
|move|p2a: Ironhyde|Body Press|p1a: Kingambit
|-supereffective|p1a: Kingambit
|-damage|p1a: Kingambit|0 fnt
|faint|p1a: Kingambit
|-end|p1a: Kingambit|fallen5|[silent]
|
|win|YumeKasumi76
|raw|xincor's rating: 1534 &rarr; <strong>1512</strong><br />(-22 for losing)
|raw|YumeKasumi76's rating: 1507 &rarr; <strong>1529</strong><br />(+22 for winning)
|c|☆xincor|damn you're good at this
|c|☆YumeKasumi76|Thanks fam
|c|☆YumeKasumi76|Gg
|c|☆xincor|gg
|l|☆xincor
|player|p1|
|l|☆YumeKasumi76
|player|p2|
