|html|<div class="broadcast-blue"><strong>[Gen 9] OU is currently suspecting Tera Blast! For information on how to participate check out the <a href="https://www.smogon.com/tools/suspects/view/200">suspect thread</a>.</strong></div>
|j|☆GreninjaMyFav
|j|☆gay_demon69
|t:|1776054468
|gametype|singles
|player|p1|GreninjaMyFav|skyla|1542
|player|p2|gay_demon69|2|1477
|gen|9
|tier|[Gen 9] OU
|rated|
|rule|HP Percentage Mod: HP is shown in percentages
|rule|Endless Battle Clause: Forcing endless battles is banned
|rule|Species Clause: Limit one of each Pokémon
|rule|OHKO Clause: OHKO moves are banned
|rule|Evasion Items Clause: Evasion items are banned
|rule|Evasion Moves Clause: Evasion moves are banned
|rule|Evasion Abilities Clause: Evasion abilities are banned
|rule|Sleep Moves Clause: Sleep-inducing moves are banned
|clearpoke
|poke|p1|Greninja-*, M|
|poke|p1|Slowking-Galar, F|
|poke|p1|Alomomola, M|
|poke|p1|Hoopa-Unbound|
|poke|p1|Great Tusk|
|poke|p1|Dragapult, F|
|poke|p2|Garganacl, M|
|poke|p2|Cinderace, M|
|poke|p2|Great Tusk|
|poke|p2|Iron Valiant|
|poke|p2|Weavile, M|
|poke|p2|Zapdos|
|teampreview
|inactive|Battle timer is ON: inactive players will automatically lose when time's up. (requested by gay_demon69)
|
|t:|1776054485
|teamsize|p1|6
|teamsize|p2|6
|start
|switch|p1a: Greninja|Greninja, M|100/100
|switch|p2a: Zapdos|Zapdos|100/100
|turn|1
|
|t:|1776054490
|move|p1a: Greninja|Ice Beam|p2a: Zapdos
|-start|p1a: Greninja|typechange|Ice|[from] ability: Protean
|-supereffective|p2a: Zapdos
|-damage|p2a: Zapdos|0 fnt
|faint|p2a: Zapdos
|
|upkeep
|
|t:|1776054500
|switch|p2a: Weavile|Weavile, M|100/100
|turn|2
|
|t:|1776054502
|switch|p1a: Alomomola|Alomomola, M|100/100
|move|p2a: Weavile|Swords Dance|p2a: Weavile
|-boost|p2a: Weavile|atk|2
|
|upkeep
|turn|3
|
|t:|1776054507
|move|p2a: Weavile|Swords Dance|p2a: Weavile
|-boost|p2a: Weavile|atk|2
|move|p1a: Alomomola|Tickle|p2a: Weavile
|-unboost|p2a: Weavile|atk|1
|-unboost|p2a: Weavile|def|1
|
|upkeep
|turn|4
|
|t:|1776054515
|move|p2a: Weavile|Knock Off|p1a: Alomomola
|-damage|p1a: Alomomola|42/100
|-enditem|p1a: Alomomola|Heavy-Duty Boots|[from] move: Knock Off|[of] p2a: Weavile
|move|p1a: Alomomola|Flip Turn|p2a: Weavile
|-damage|p2a: Weavile|57/100
|
|t:|1776054518
|switch|p1a: Great Tusk|Great Tusk|100/100|[from] Flip Turn
|
|upkeep
|turn|5
|
|t:|1776054521
|-terastallize|p1a: Great Tusk|Steel
|move|p2a: Weavile|Triple Axel|p1a: Great Tusk
|-resisted|p1a: Great Tusk
|-damage|p1a: Great Tusk|91/100
|-resisted|p1a: Great Tusk
|-damage|p1a: Great Tusk|73/100
|-resisted|p1a: Great Tusk
|-damage|p1a: Great Tusk|47/100
|-hitcount|p1a: Great Tusk|3
|move|p1a: Great Tusk|Headlong Rush|p2a: Weavile
|-damage|p2a: Weavile|0 fnt
|-unboost|p1a: Great Tusk|def|1
|-unboost|p1a: Great Tusk|spd|1
|faint|p2a: Weavile
|
|upkeep
|
|t:|1776054527
|switch|p2a: Great Tusk|Great Tusk|100/100
|turn|6
|
|t:|1776054530
|-end|p1a: Great Tusk|Protosynthesis|[silent]
|switch|p1a: Alomomola|Alomomola, M|75/100
|move|p2a: Great Tusk|Bulk Up|p2a: Great Tusk
|-boost|p2a: Great Tusk|atk|1
|-boost|p2a: Great Tusk|def|1
|
|upkeep
|turn|7
|
|t:|1776054534
|move|p2a: Great Tusk|Headlong Rush|p1a: Alomomola
|-damage|p1a: Alomomola|22/100
|-unboost|p2a: Great Tusk|def|1
|-unboost|p2a: Great Tusk|spd|1
|move|p1a: Alomomola|Tickle|p2a: Great Tusk
|-unboost|p2a: Great Tusk|atk|1
|-unboost|p2a: Great Tusk|def|1
|
|upkeep
|turn|8
|
|t:|1776054545
|switch|p1a: Dragapult|Dragapult, F|100/100
|move|p2a: Great Tusk|Headlong Rush|p1a: Dragapult
|-damage|p1a: Dragapult|22/100
|-unboost|p2a: Great Tusk|def|1
|-unboost|p2a: Great Tusk|spd|1
|
|upkeep
|turn|9
|
|t:|1776054551
|-end|p2a: Great Tusk|Protosynthesis|[silent]
|switch|p2a: Iron Valiant|Iron Valiant|100/100
|-enditem|p2a: Iron Valiant|Booster Energy
|-activate|p2a: Iron Valiant|ability: Quark Drive|[fromitem]
|-start|p2a: Iron Valiant|quarkdrivespe
|move|p1a: Dragapult|U-turn|p2a: Iron Valiant
|-resisted|p2a: Iron Valiant
|-damage|p2a: Iron Valiant|95/100
|
|t:|1776054553
|switch|p1a: Slowking|Slowking-Galar, F|100/100|[from] U-turn
|
|upkeep
|turn|10
|
|t:|1776054562
|-end|p2a: Iron Valiant|Quark Drive|[silent]
|switch|p2a: Great Tusk|Great Tusk|100/100
|move|p1a: Slowking|Thunder Wave|p2a: Great Tusk
|-immune|p2a: Great Tusk
|
|upkeep
|turn|11
|
|t:|1776054568
|switch|p1a: Dragapult|Dragapult, F|22/100
|move|p2a: Great Tusk|Headlong Rush|p1a: Dragapult
|-damage|p1a: Dragapult|0 fnt
|-unboost|p2a: Great Tusk|def|1
|-unboost|p2a: Great Tusk|spd|1
|faint|p1a: Dragapult
|
|upkeep
|
|t:|1776054570
|switch|p1a: Greninja|Greninja, M|100/100
|turn|12
|
|t:|1776054573
|-end|p2a: Great Tusk|Protosynthesis|[silent]
|switch|p2a: Iron Valiant|Iron Valiant|95/100
|move|p1a: Greninja|Surf|p2a: Iron Valiant
|-start|p1a: Greninja|typechange|Water|[from] ability: Protean
|-damage|p2a: Iron Valiant|0 fnt
|faint|p2a: Iron Valiant
|-end|p2a: Iron Valiant|Quark Drive|[silent]
|
|upkeep
|
|t:|1776054576
|switch|p2a: Garganacl|Garganacl, M|100/100
|turn|13
|
|t:|1776054578
|switch|p1a: Hoopa|Hoopa-Unbound|100/100
|-terastallize|p2a: Garganacl|Ghost
|move|p2a: Garganacl|Salt Cure|p1a: Hoopa
|-damage|p1a: Hoopa|76/100
|-start|p1a: Hoopa|Salt Cure
|
|-damage|p1a: Hoopa|64/100|[from] Salt Cure
|upkeep
|turn|14
|
|t:|1776054581
|switch|p2a: Cinderace|Cinderace, M|100/100
|move|p1a: Hoopa|Hyperspace Fury|p2a: Cinderace
|-damage|p2a: Cinderace|0 fnt
|-unboost|p1a: Hoopa|def|1
|faint|p2a: Cinderace
|
|-damage|p1a: Hoopa|52/100|[from] Salt Cure
|upkeep
|
|t:|1776054585
|switch|p2a: Great Tusk|Great Tusk|100/100
|turn|15
|
|t:|1776054589
|switch|p1a: Slowking|Slowking-Galar, F|100/100
|move|p2a: Great Tusk|Rapid Spin|p1a: Slowking
|-damage|p1a: Slowking|82/100
|-boost|p2a: Great Tusk|spe|1
|
|upkeep
|turn|16
|-message|gay_demon69 forfeited.
|
|win|GreninjaMyFav
|raw|GreninjaMyFav's rating: 1542 &rarr; <strong>1558</strong><br />(+16 for winning)
|raw|gay_demon69's rating: 1477 &rarr; <strong>1461</strong><br />(-16 for losing)
|l|☆gay_demon69
|player|p2|
|l|☆GreninjaMyFav
|player|p1|
