|html|<div class="broadcast-blue"><strong>[Gen 9] OU is currently suspecting Tera Blast! For information on how to participate check out the <a href="https://www.smogon.com/tools/suspects/view/200">suspect thread</a>.</strong></div>
|j|☆96 Cents
|j|☆OP Earthquakes
|t:|1776342706
|gametype|singles
|player|p1|96 Cents|red|1606
|player|p2|OP Earthquakes|giovanni-masters|1652
|gen|9
|tier|[Gen 9] OU
|rated|
|rule|HP Percentage Mod: HP is shown in percentages
|rule|Endless Battle Clause: Forcing endless battles is banned
|rule|Species Clause: Limit one of each Pokémon
|rule|OHKO Clause: OHKO moves are banned
|rule|Evasion Items Clause: Evasion items are banned
|rule|Evasion Moves Clause: Evasion moves are banned
|rule|Evasion Abilities Clause: Evasion abilities are banned
|rule|Sleep Moves Clause: Sleep-inducing moves are banned
|clearpoke
|poke|p1|Dragonite, F|
|poke|p1|Landorus-Therian, M|
|poke|p1|Iron Crown|
|poke|p1|Lokix, F|
|poke|p1|Primarina, M|
|poke|p1|Cinderace, M|
|poke|p2|Excadrill, M|
|poke|p2|Tyranitar, M|
|poke|p2|Kyurem|
|poke|p2|Hawlucha, M|
|poke|p2|Pawmot, F|
|poke|p2|Ninetales-Alola, M|
|teampreview
|inactive|Battle timer is ON: inactive players will automatically lose when time's up. (requested by OP Earthquakes)
|inactive|96 Cents also wants the timer to be on.
|c|☆OP Earthquakes|GLHF
|c|☆96 Cents|u2
|inactive|96 Cents has 120 seconds left.
|
|t:|1776342766
|teamsize|p1|6
|teamsize|p2|6
|start
|switch|p1a: Baptism by Fire|Cinderace, M|100/100
|switch|p2a: Ninetales|Ninetales-Alola, M|100/100
|-weather|Snowscape|[from] ability: Snow Warning|[of] p2a: Ninetales
|turn|1
|
|t:|1776342781
|-terastallize|p2a: Ninetales|Water
|move|p2a: Ninetales|Tera Blast|p1a: Baptism by Fire|[anim] Tera Blast Water
|-supereffective|p1a: Baptism by Fire
|-damage|p1a: Baptism by Fire|23/100
|move|p1a: Baptism by Fire|Pyro Ball|p2a: Ninetales
|-resisted|p2a: Ninetales
|-damage|p2a: Ninetales|45/100
|
|-weather|Snowscape|[upkeep]
|upkeep
|turn|2
|
|t:|1776342797
|switch|p1a: Piano Man|Primarina, M|100/100
|move|p2a: Ninetales|Tera Blast|p1a: Piano Man|[anim] Tera Blast Water
|-resisted|p1a: Piano Man
|-damage|p1a: Piano Man|92/100
|
|-weather|Snowscape|[upkeep]
|upkeep
|turn|3
|inactive|96 Cents has 120 seconds left.
|
|t:|1776342840
|switch|p2a: Itachi|Hawlucha, M, shiny|100/100
|-ability|p2a: Itachi|Mold Breaker
|move|p1a: Piano Man|Moonblast|p2a: Itachi
|-supereffective|p2a: Itachi
|-damage|p2a: Itachi|0 fnt
|faint|p2a: Itachi
|
|-weather|Snowscape|[upkeep]
|upkeep
|
|t:|1776342846
|switch|p2a: Shukaku|Tyranitar, M, shiny|100/100
|-weather|Sandstorm|[from] ability: Sand Stream|[of] p2a: Shukaku
|turn|4
|
|t:|1776342865
|move|p2a: Shukaku|Stealth Rock|p1a: Piano Man
|-sidestart|p1: 96 Cents|move: Stealth Rock
|move|p1a: Piano Man|Flip Turn|p2a: Shukaku
|-supereffective|p2a: Shukaku
|-damage|p2a: Shukaku|81/100
|inactive|96 Cents has 90 seconds left.
|
|t:|1776342891
|switch|p1a: Riff Raff|Iron Crown|100/100|[from] Flip Turn
|-damage|p1a: Riff Raff|94/100|[from] Stealth Rock
|
|-weather|Sandstorm|[upkeep]
|upkeep
|turn|5
|inactive|96 Cents has 90 seconds left.
|
|t:|1776342899
|switch|p2a: OP|Excadrill, M|100/100
|move|p1a: Riff Raff|Focus Blast|p2a: OP
|-supereffective|p2a: OP
|-damage|p2a: OP|0 fnt
|faint|p2a: OP
|
|-weather|Sandstorm|[upkeep]
|upkeep
|
|t:|1776342904
|switch|p2a: Porunga|Pawmot, F|100/100
|turn|6
|
|t:|1776342911
|move|p2a: Porunga|Revival Blessing|p2a: Porunga
|-enditem|p2a: Porunga|Leppa Berry|[eat]
|-activate|p2a: Porunga|item: Leppa Berry|Revival Blessing|[consumed]
|
|t:|1776342914
|-heal|p2: OP|50/100|[from] move: Revival Blessing
|move|p1a: Riff Raff|Focus Blast|p2a: Porunga|[miss]
|-miss|p1a: Riff Raff|p2a: Porunga
|
|-weather|Sandstorm|[upkeep]
|-damage|p2a: Porunga|95/100|[from] Sandstorm
|upkeep
|turn|7
|
|t:|1776342920
|move|p2a: Porunga|Revival Blessing|p2a: Porunga
|
|t:|1776342922
|-heal|p2: Itachi|50/100|[from] move: Revival Blessing
|move|p1a: Riff Raff|Focus Blast|p2a: Porunga
|-damage|p2a: Porunga|14/100
|
|-weather|Sandstorm|[upkeep]
|-damage|p2a: Porunga|8/100|[from] Sandstorm
|upkeep
|turn|8
|inactive|96 Cents has 120 seconds left.
|
|t:|1776342937
|-end|p1a: Riff Raff|Quark Drive|[silent]
|switch|p1a: American Heartbeat|Landorus-Therian, M|100/100
|-damage|p1a: American Heartbeat|88/100|[from] Stealth Rock
|-ability|p1a: American Heartbeat|Intimidate|boost
|-unboost|p2a: Porunga|atk|1
|move|p2a: Porunga|Rest|p2a: Porunga
|-status|p2a: Porunga|slp|[from] move: Rest
|-heal|p2a: Porunga|100/100 slp|[silent]
|
|-weather|Sandstorm|[upkeep]
|-damage|p2a: Porunga|95/100 slp|[from] Sandstorm
|upkeep
|turn|9
|
|t:|1776342954
|switch|p2a: Frieza|Kyurem, shiny|100/100
|-ability|p2a: Frieza|Pressure
|move|p1a: American Heartbeat|U-turn|p2a: Frieza
|-damage|p2a: Frieza|80/100
|
|t:|1776342969
|switch|p1a: Riff Raff|Iron Crown|94/100|[from] U-turn
|-damage|p1a: Riff Raff|88/100|[from] Stealth Rock
|
|-weather|Sandstorm|[upkeep]
|-damage|p2a: Frieza|74/100|[from] Sandstorm
|upkeep
|turn|10
|inactive|96 Cents has 90 seconds left.
|
|t:|1776342998
|switch|p2a: Itachi|Hawlucha, M, shiny|50/100
|-ability|p2a: Itachi|Mold Breaker
|move|p1a: Riff Raff|Tachyon Cutter|p2a: Itachi
|-crit|p2a: Itachi
|-damage|p2a: Itachi|0 fnt
|faint|p2a: Itachi
|-hitcount|p2: Itachi|1
|
|-weather|Sandstorm|[upkeep]
|upkeep
|
|t:|1776343006
|switch|p2a: OP|Excadrill, M|50/100
|turn|11
|
|t:|1776343013
|-end|p1a: Riff Raff|Quark Drive|[silent]
|switch|p1a: American Heartbeat|Landorus-Therian, M|88/100
|-damage|p1a: American Heartbeat|76/100|[from] Stealth Rock
|-ability|p1a: American Heartbeat|Intimidate|boost
|-unboost|p2a: OP|atk|1
|move|p2a: OP|Iron Head|p1a: American Heartbeat
|-damage|p1a: American Heartbeat|33/100
|-damage|p2a: OP|34/100|[from] item: Rocky Helmet|[of] p1a: American Heartbeat
|
|-weather|none
|upkeep
|turn|12
|
|t:|1776343030
|switch|p2a: Shukaku|Tyranitar, M, shiny|81/100
|-weather|Sandstorm|[from] ability: Sand Stream|[of] p2a: Shukaku
|move|p1a: American Heartbeat|Earth Power|p2a: Shukaku
|-supereffective|p2a: Shukaku
|-damage|p2a: Shukaku|42/100
|
|-weather|Sandstorm|[upkeep]
|upkeep
|turn|13
|
|t:|1776343043
|move|p1a: American Heartbeat|U-turn|p2a: Shukaku
|-supereffective|p2a: Shukaku
|-damage|p2a: Shukaku|16/100
|inactive|96 Cents has 90 seconds left.
|
|t:|1776343075
|switch|p1a: Piano Man|Primarina, M|92/100|[from] U-turn
|-damage|p1a: Piano Man|79/100|[from] Stealth Rock
|move|p2a: Shukaku|Ice Beam|p1a: Piano Man
|-resisted|p1a: Piano Man
|-damage|p1a: Piano Man|72/100
|
|-weather|Sandstorm|[upkeep]
|-damage|p1a: Piano Man|66/100|[from] Sandstorm
|upkeep
|turn|14
|
|t:|1776343088
|move|p2a: Shukaku|Thunder Wave|p1a: Piano Man
|-status|p1a: Piano Man|par
|move|p1a: Piano Man|Flip Turn|p2a: Shukaku
|-supereffective|p2a: Shukaku
|-damage|p2a: Shukaku|0 fnt
|faint|p2a: Shukaku
|
|t:|1776343102
|switch|p1a: Simple Man|Lokix, F|100/100|[from] Flip Turn
|-damage|p1a: Simple Man|76/100|[from] Stealth Rock
|
|-weather|Sandstorm|[upkeep]
|-damage|p1a: Simple Man|70/100|[from] Sandstorm
|upkeep
|
|t:|1776343113
|switch|p2a: Frieza|Kyurem, shiny|74/100
|-ability|p2a: Frieza|Pressure
|turn|15
|
|t:|1776343122
|-terastallize|p1a: Simple Man|Bug
|move|p1a: Simple Man|First Impression|p2a: Frieza
|-damage|p2a: Frieza|0 fnt
|faint|p2a: Frieza
|
|-weather|Sandstorm|[upkeep]
|-damage|p1a: Simple Man|64/100|[from] Sandstorm
|upkeep
|
|t:|1776343141
|switch|p2a: OP|Excadrill, M|34/100
|turn|16
|
|t:|1776343146
|switch|p1a: American Heartbeat|Landorus-Therian, M|33/100
|-damage|p1a: American Heartbeat|20/100|[from] Stealth Rock
|-ability|p1a: American Heartbeat|Intimidate|boost
|-unboost|p2a: OP|atk|1
|move|p2a: OP|Iron Head|p1a: American Heartbeat
|-damage|p1a: American Heartbeat|0 fnt
|-damage|p2a: OP|17/100|[from] item: Rocky Helmet|[of] p1a: American Heartbeat
|faint|p1a: American Heartbeat
|
|-weather|Sandstorm|[upkeep]
|upkeep
|
|t:|1776343154
|switch|p1a: Simple Man|Lokix, F, tera:Bug|64/100
|-damage|p1a: Simple Man|39/100|[from] Stealth Rock
|turn|17
|
|t:|1776343162
|move|p1a: Simple Man|First Impression|p2a: OP
|-resisted|p2a: OP
|-damage|p2a: OP|0 fnt
|faint|p2a: OP
|
|-weather|Sandstorm|[upkeep]
|-damage|p1a: Simple Man|33/100|[from] Sandstorm
|upkeep
|
|t:|1776343166
|switch|p2a: Porunga|Pawmot, F|95/100 slp
|turn|18
|
|t:|1776343185
|switch|p1a: Baptism by Fire|Cinderace, M|23/100
|cant|p2a: Porunga|slp
|move|p2a: Porunga|Sleep Talk|p2a: Porunga
|move|p2a: Porunga|Rest||[from] move: Sleep Talk|[still]
|-fail|p2a: Porunga
|
|-weather|Sandstorm|[upkeep]
|-damage|p1a: Baptism by Fire|17/100|[from] Sandstorm
|-damage|p2a: Porunga|89/100 slp|[from] Sandstorm
|upkeep
|turn|19
|
|t:|1776343199
|move|p1a: Baptism by Fire|Court Change|p1a: Baptism by Fire
|-swapsideconditions
|-activate|p1a: Baptism by Fire|move: Court Change
|cant|p2a: Porunga|slp
|move|p2a: Porunga|Sleep Talk|p2a: Porunga
|move|p2a: Porunga|Revival Blessing|p2a: Porunga|[from] move: Sleep Talk
|
|t:|1776343211
|-heal|p2: Shukaku|50/100|[from] move: Revival Blessing
|
|-weather|none
|upkeep
|turn|20
|
|t:|1776343218
|move|p1a: Baptism by Fire|Pyro Ball|p2a: Porunga|[miss]
|-miss|p1a: Baptism by Fire|p2a: Porunga
|-curestatus|p2a: Porunga|slp|[msg]
|move|p2a: Porunga|Rest|p2a: Porunga
|-status|p2a: Porunga|slp|[from] move: Rest
|-heal|p2a: Porunga|100/100 slp|[silent]
|
|upkeep
|turn|21
|
|t:|1776343230
|move|p1a: Baptism by Fire|Pyro Ball|p2a: Porunga
|-damage|p2a: Porunga|0 fnt
|faint|p2a: Porunga
|
|upkeep
|
|t:|1776343236
|switch|p2a: Shukaku|Tyranitar, M, shiny|50/100
|-damage|p2a: Shukaku|38/100|[from] Stealth Rock
|-weather|Sandstorm|[from] ability: Sand Stream|[of] p2a: Shukaku
|turn|22
|c|☆96 Cents|i feel like that's really OP!
|c|☆96 Cents|being able to get free pp on blessing
|inactive|96 Cents has 120 seconds left.
|c|☆96 Cents|didn't know it worked that way!
|
|t:|1776343275
|move|p1a: Baptism by Fire|U-turn|p2a: Shukaku
|-supereffective|p2a: Shukaku
|-damage|p2a: Shukaku|15/100
|
|t:|1776343286
|switch|p1a: Riff Raff|Iron Crown|88/100|[from] U-turn
|move|p2a: Shukaku|Stealth Rock|p1a: Riff Raff
|-sidestart|p1: 96 Cents|move: Stealth Rock
|
|-weather|Sandstorm|[upkeep]
|upkeep
|turn|23
|c|☆OP Earthquakes|Yuh :)
|
|t:|1776343299
|move|p1a: Riff Raff|Tachyon Cutter|p2a: Shukaku
|-supereffective|p2a: Shukaku
|-damage|p2a: Shukaku|0 fnt
|faint|p2a: Shukaku
|-hitcount|p2: Shukaku|1
|
|-weather|Sandstorm|[upkeep]
|upkeep
|
|t:|1776343303
|switch|p2a: Ninetales|Ninetales-Alola, M, tera:Water|45/100
|-damage|p2a: Ninetales|32/100|[from] Stealth Rock
|-weather|Snowscape|[from] ability: Snow Warning|[of] p2a: Ninetales
|turn|24
|c|☆96 Cents|gg
|
|t:|1776343311
|move|p2a: Ninetales|Tera Blast|p1a: Riff Raff|[anim] Tera Blast Water
|-damage|p1a: Riff Raff|53/100
|move|p1a: Riff Raff|Tachyon Cutter|p2a: Ninetales
|-resisted|p2a: Ninetales
|-damage|p2a: Ninetales|11/100
|-resisted|p2a: Ninetales
|-damage|p2a: Ninetales|0 fnt
|faint|p2a: Ninetales
|-hitcount|p2: Ninetales|2
|
|win|96 Cents
|raw|96 Cents's rating: 1606 &rarr; <strong>1629</strong><br />(+23 for winning)
|raw|OP Earthquakes's rating: 1652 &rarr; <strong>1629</strong><br />(-23 for losing)
|l|☆OP Earthquakes
|player|p2|
