|html|<div class="broadcast-blue"><strong>[Gen 9] OU is currently suspecting Volcarona! For information on how to participate check out the <a href="https://www.smogon.com/tools/suspects/view/208">suspect thread</a>.</strong></div>
|j|☆idonteatpets
|j|☆spamtongspamtondr
|t:|1778508948
|gametype|singles
|player|p1|idonteatpets|170|1328
|player|p2|spamtongspamtondr|170|1298
|gen|9
|tier|[Gen 9] OU
|rated|
|rule|HP Percentage Mod: HP is shown in percentages
|rule|Endless Battle Clause: Forcing endless battles is banned
|rule|Species Clause: Limit one of each Pokémon
|rule|OHKO Clause: OHKO moves are banned
|rule|Evasion Items Clause: Evasion items are banned
|rule|Evasion Moves Clause: Evasion moves are banned
|rule|Evasion Abilities Clause: Evasion abilities are banned
|rule|Sleep Moves Clause: Sleep-inducing moves are banned
|clearpoke
|poke|p1|Chansey, F|
|poke|p1|Darkrai|
|poke|p1|Hoopa-Unbound|
|poke|p1|Zamazenta-*|
|poke|p1|Glimmora, M|
|poke|p1|Alomomola, F|
|poke|p2|Raikou|
|poke|p2|Azelf|
|poke|p2|Regirock|
|poke|p2|Cobalion|
|poke|p2|Moltres|
|poke|p2|Munkidori, M|
|teampreview
|inactive|Battle timer is ON: inactive players will automatically lose when time's up. (requested by spamtongspamtondr)
|c|☆idonteatpets|hi
|
|t:|1778508953
|teamsize|p1|6
|teamsize|p2|6
|start
|switch|p1a: Alomomola|Alomomola, F|100/100
|switch|p2a: Azelf|Azelf|100/100
|turn|1
|c|☆spamtongspamtondr|GLHF
|
|t:|1778508959
|move|p2a: Azelf|Taunt|p1a: Alomomola
|-start|p1a: Alomomola|move: Taunt
|move|p1a: Alomomola|Flip Turn|p2a: Azelf
|-crit|p2a: Azelf
|-damage|p2a: Azelf|63/100
|
|t:|1778508963
|switch|p1a: Darkrai|Darkrai|100/100|[from] Flip Turn
|
|upkeep
|turn|2
|
|t:|1778508968
|move|p1a: Darkrai|Dark Pulse|p2a: Azelf
|-supereffective|p2a: Azelf
|-damage|p2a: Azelf|0 fnt
|faint|p2a: Azelf
|
|upkeep
|c|☆idonteatpets|girl hf
|
|t:|1778508975
|switch|p2a: Cobalion|Cobalion|100/100
|turn|3
|
|t:|1778508988
|switch|p1a: Alomomola|Alomomola, F|100/100
|move|p2a: Cobalion|Swords Dance|p2a: Cobalion
|-boost|p2a: Cobalion|atk|2
|
|upkeep
|turn|4
|
|t:|1778508993
|move|p2a: Cobalion|Close Combat|p1a: Alomomola
|-damage|p1a: Alomomola|47/100
|-unboost|p2a: Cobalion|def|1
|-unboost|p2a: Cobalion|spd|1
|move|p1a: Alomomola|Flip Turn|p2a: Cobalion
|-damage|p2a: Cobalion|83/100
|
|t:|1778509004
|switch|p1a: Zamazenta|Zamazenta|100/100|[from] Flip Turn
|-ability|p1a: Zamazenta|Dauntless Shield|boost
|-boost|p1a: Zamazenta|def|1
|
|upkeep
|turn|5
|
|t:|1778509020
|switch|p2a: Moltres|Moltres|100/100
|move|p1a: Zamazenta|Iron Defense|p1a: Zamazenta
|-boost|p1a: Zamazenta|def|2
|
|upkeep
|turn|6
|
|t:|1778509041
|switch|p1a: Chansey|Chansey, F|100/100
|move|p2a: Moltres|Will-O-Wisp|p1a: Chansey
|-status|p1a: Chansey|brn
|
|-damage|p1a: Chansey|94/100 brn|[from] brn
|upkeep
|turn|7
|
|t:|1778509060
|switch|p2a: Regirock|Regirock|100/100
|move|p1a: Chansey|Thunder Wave|p2a: Regirock
|-status|p2a: Regirock|par
|
|-damage|p1a: Chansey|88/100 brn|[from] brn
|upkeep
|turn|8
|
|t:|1778509067
|move|p1a: Chansey|Stealth Rock|p2a: Regirock
|-sidestart|p2: spamtongspamtondr|move: Stealth Rock
|cant|p2a: Regirock|par
|
|-damage|p1a: Chansey|82/100 brn|[from] brn
|upkeep
|turn|9
|
|t:|1778509085
|-curestatus|p1a: Chansey|brn|[from] ability: Natural Cure|[silent]
|switch|p1a: Alomomola|Alomomola, F|80/100
|cant|p2a: Regirock|par
|
|-heal|p1a: Alomomola|87/100|[from] item: Leftovers
|upkeep
|turn|10
|
|t:|1778509096
|move|p1a: Alomomola|Flip Turn|p2a: Regirock
|-supereffective|p2a: Regirock
|-damage|p2a: Regirock|86/100 par
|
|t:|1778509101
|switch|p1a: Zamazenta|Zamazenta|100/100|[from] Flip Turn
|cant|p2a: Regirock|par
|
|-heal|p2a: Regirock|92/100 par|[from] item: Leftovers
|upkeep
|turn|11
|c|☆spamtongspamtondr|four fucking turns
|
|t:|1778509112
|switch|p2a: Moltres|Moltres|100/100
|move|p1a: Zamazenta|Body Press|p2a: Moltres
|-resisted|p2a: Moltres
|-damage|p2a: Moltres|86/100
|-status|p1a: Zamazenta|brn|[from] ability: Flame Body|[of] p2a: Moltres
|
|-damage|p1a: Zamazenta|94/100 brn|[from] brn
|upkeep
|turn|12
|
|t:|1778509129
|switch|p1a: Alomomola|Alomomola, F|100/100
|move|p2a: Moltres|Flamethrower|p1a: Alomomola
|-resisted|p1a: Alomomola
|-damage|p1a: Alomomola|77/100
|
|-heal|p1a: Alomomola|83/100|[from] item: Leftovers
|upkeep
|turn|13
|
|t:|1778509136
|move|p2a: Moltres|Hurricane|p1a: Alomomola
|-damage|p1a: Alomomola|32/100
|move|p1a: Alomomola|Flip Turn|p2a: Moltres
|-supereffective|p2a: Moltres
|-damage|p2a: Moltres|59/100
|
|t:|1778509140
|switch|p1a: Chansey|Chansey, F|82/100|[from] Flip Turn
|
|upkeep
|turn|14
|
|t:|1778509151
|switch|p2a: Cobalion|Cobalion|83/100
|-damage|p2a: Cobalion|80/100|[from] Stealth Rock
|move|p1a: Chansey|Seismic Toss|p2a: Cobalion
|-damage|p2a: Cobalion|49/100
|
|upkeep
|turn|15
|
|t:|1778509178
|move|p2a: Cobalion|Swords Dance|p2a: Cobalion
|-boost|p2a: Cobalion|atk|2
|move|p1a: Chansey|Seismic Toss|p2a: Cobalion
|-damage|p2a: Cobalion|18/100
|
|upkeep
|turn|16
|
|t:|1778509202
|move|p2a: Cobalion|Close Combat|p1a: Chansey
|-supereffective|p1a: Chansey
|-damage|p1a: Chansey|0 fnt
|-unboost|p2a: Cobalion|def|1
|-unboost|p2a: Cobalion|spd|1
|faint|p1a: Chansey
|
|upkeep
|
|t:|1778509209
|switch|p1a: Darkrai|Darkrai|100/100
|turn|17
|
|t:|1778509215
|move|p1a: Darkrai|Dark Pulse|p2a: Cobalion
|-resisted|p2a: Cobalion
|-damage|p2a: Cobalion|0 fnt
|faint|p2a: Cobalion
|
|upkeep
|
|t:|1778509219
|switch|p2a: Raikou|Raikou|100/100
|-damage|p2a: Raikou|88/100|[from] Stealth Rock
|-ability|p2a: Raikou|Pressure
|turn|18
|
|t:|1778509223
|move|p1a: Darkrai|Dark Pulse|p2a: Raikou
|-damage|p2a: Raikou|22/100
|move|p2a: Raikou|Aura Sphere|p1a: Darkrai
|-supereffective|p1a: Darkrai
|-damage|p1a: Darkrai|34/100
|
|-heal|p2a: Raikou|28/100|[from] item: Leftovers
|upkeep
|turn|19
|
|t:|1778509228
|move|p1a: Darkrai|Dark Pulse|p2a: Raikou
|-crit|p2a: Raikou
|-damage|p2a: Raikou|0 fnt
|faint|p2a: Raikou
|
|upkeep
|
|t:|1778509230
|switch|p2a: Moltres|Moltres|59/100
|turn|20
|
|t:|1778509234
|move|p1a: Darkrai|Dark Pulse|p2a: Moltres
|-damage|p2a: Moltres|14/100
|move|p2a: Moltres|Roost|p2a: Moltres
|-heal|p2a: Moltres|64/100
|-singleturn|p2a: Moltres|move: Roost
|
|upkeep
|turn|21
|
|t:|1778509240
|move|p1a: Darkrai|Dark Pulse|p2a: Moltres
|-damage|p2a: Moltres|16/100
|move|p2a: Moltres|Roost|p2a: Moltres
|-heal|p2a: Moltres|66/100
|-singleturn|p2a: Moltres|move: Roost
|
|upkeep
|turn|22
|
|t:|1778509246
|move|p1a: Darkrai|Dark Pulse|p2a: Moltres
|-damage|p2a: Moltres|23/100
|move|p2a: Moltres|Hurricane|p1a: Darkrai
|-damage|p1a: Darkrai|0 fnt
|faint|p1a: Darkrai
|
|upkeep
|
|t:|1778509255
|switch|p1a: Glimmora|Glimmora, M|100/100
|turn|23
|
|t:|1778509261
|switch|p2a: Regirock|Regirock|92/100 par
|-damage|p2a: Regirock|79/100 par|[from] Stealth Rock
|move|p1a: Glimmora|Meteor Beam||[still]
|-prepare|p1a: Glimmora|Meteor Beam
|-boost|p1a: Glimmora|spa|1
|-enditem|p1a: Glimmora|Power Herb
|-anim|p1a: Glimmora|Meteor Beam|p2a: Regirock
|-damage|p2a: Regirock|20/100 par
|
|-heal|p2a: Regirock|26/100 par|[from] item: Leftovers
|upkeep
|turn|24
|
|t:|1778509267
|move|p1a: Glimmora|Dazzling Gleam|p2a: Regirock
|-damage|p2a: Regirock|0 fnt
|faint|p2a: Regirock
|
|upkeep
|
|t:|1778509270
|switch|p2a: Munkidori|Munkidori, M|100/100
|-damage|p2a: Munkidori|88/100|[from] Stealth Rock
|turn|25
|
|t:|1778509286
|switch|p1a: Alomomola|Alomomola, F|65/100
|move|p2a: Munkidori|Fake Out|p1a: Alomomola
|-damage|p1a: Alomomola|60/100
|-damage|p2a: Munkidori|78/100|[from] item: Life Orb
|
|-heal|p1a: Alomomola|66/100|[from] item: Leftovers
|upkeep
|turn|26
|
|t:|1778509295
|move|p2a: Munkidori|Sludge Wave|p1a: Alomomola
|-damage|p1a: Alomomola|0 fnt
|faint|p1a: Alomomola
|-damage|p2a: Munkidori|69/100|[from] item: Life Orb
|
|upkeep
|
|t:|1778509298
|switch|p1a: Hoopa|Hoopa-Unbound|100/100
|turn|27
|
|t:|1778509305
|-terastallize|p2a: Munkidori|Poison
|move|p2a: Munkidori|Sludge Wave|p1a: Hoopa
|-damage|p1a: Hoopa|26/100
|-status|p1a: Hoopa|tox|[from] ability: Toxic Chain|[of] p2a: Munkidori
|-damage|p2a: Munkidori|59/100|[from] item: Life Orb
|move|p1a: Hoopa|Dark Pulse|p2a: Munkidori
|-damage|p2a: Munkidori|2/100
|
|-heal|p1a: Hoopa|32/100 tox|[from] item: Leftovers
|-damage|p1a: Hoopa|26/100 tox|[from] psn
|upkeep
|turn|28
|
|t:|1778509317
|move|p2a: Munkidori|Sludge Wave|p1a: Hoopa
|-damage|p1a: Hoopa|0 fnt
|faint|p1a: Hoopa
|-damage|p2a: Munkidori|0 fnt|[from] item: Life Orb
|faint|p2a: Munkidori
|
|upkeep
|-message|spamtongspamtondr forfeited.
|
|win|idonteatpets
|raw|idonteatpets's rating: 1328 &rarr; <strong>1348</strong><br />(+20 for winning)
|raw|spamtongspamtondr's rating: 1325 &rarr; <strong>1305</strong><br />(-20 for losing)
|l|☆spamtongspamtondr
|player|p2|
|l|☆idonteatpets
|player|p1|
