|html|<div class="broadcast-blue"><strong>[Gen 9] OU is currently suspecting Tera Blast! For information on how to participate check out the <a href="https://www.smogon.com/tools/suspects/view/200">suspect thread</a>.</strong></div>
|j|☆MixTheWhiteNGreen
|j|☆anomalia682
|t:|1776280381
|gametype|singles
|player|p1|MixTheWhiteNGreen|miku-ghost|1327
|player|p2|anomalia682|sage|1279
|gen|9
|tier|[Gen 9] OU
|rated|
|rule|HP Percentage Mod: HP is shown in percentages
|rule|Endless Battle Clause: Forcing endless battles is banned
|rule|Species Clause: Limit one of each Pokémon
|rule|OHKO Clause: OHKO moves are banned
|rule|Evasion Items Clause: Evasion items are banned
|rule|Evasion Moves Clause: Evasion moves are banned
|rule|Evasion Abilities Clause: Evasion abilities are banned
|rule|Sleep Moves Clause: Sleep-inducing moves are banned
|clearpoke
|poke|p1|Volcanion|
|poke|p1|Slowking-Galar, M|
|poke|p1|Zamazenta-*|
|poke|p1|Corviknight, F|
|poke|p1|Hatterene, F|
|poke|p1|Ting-Lu|
|poke|p2|Garchomp, M|
|poke|p2|Ogerpon-Wellspring, F|
|poke|p2|Quaquaval, F|
|poke|p2|Overqwil, F|
|poke|p2|Meowstic, M|
|poke|p2|Cinderace, F|
|teampreview
|inactive|Battle timer is ON: inactive players will automatically lose when time's up. (requested by MixTheWhiteNGreen)
|
|t:|1776280412
|teamsize|p1|6
|teamsize|p2|6
|start
|switch|p1a: Slowking|Slowking-Galar, M, shiny|100/100
|switch|p2a: Cinderace|Cinderace, F|100/100
|turn|1
|
|t:|1776280434
|move|p2a: Cinderace|Pyro Ball|p1a: Slowking
|-damage|p1a: Slowking|40/100
|-status|p1a: Slowking|brn
|move|p1a: Slowking|Future Sight|p2a: Cinderace
|-start|p1a: Slowking|move: Future Sight
|
|-heal|p1a: Slowking|46/100 brn|[from] item: Black Sludge
|-damage|p1a: Slowking|40/100 brn|[from] brn
|upkeep
|turn|2
|
|t:|1776280446
|switch|p1a: Volcanion|Volcanion|100/100
|move|p2a: Cinderace|Pyro Ball|p1a: Volcanion
|-resisted|p1a: Volcanion
|-damage|p1a: Volcanion|81/100
|
|upkeep
|turn|3
|
|t:|1776280461
|switch|p2a: Ogerpon|Ogerpon-Wellspring, F|100/100
|move|p1a: Volcanion|Earth Power|p2a: Ogerpon
|-resisted|p2a: Ogerpon
|-damage|p2a: Ogerpon|71/100
|
|-end|p2a: Ogerpon|move: Future Sight
|-damage|p2a: Ogerpon|21/100
|upkeep
|turn|4
|
|t:|1776280478
|switch|p1a: Corviknight|Corviknight, F, shiny|100/100
|-ability|p1a: Corviknight|Pressure
|move|p2a: Ogerpon|Leech Seed|p1a: Corviknight|[miss]
|-miss|p2a: Ogerpon|p1a: Corviknight
|
|upkeep
|turn|5
|inactive|anomalia682 has 120 seconds left.
|inactive|anomalia682 has 90 seconds left.
|
|t:|1776280533
|move|p2a: Ogerpon|Leech Seed|p1a: Corviknight
|-start|p1a: Corviknight|move: Leech Seed
|move|p1a: Corviknight|Body Press|p2a: Ogerpon
|-damage|p2a: Ogerpon|0 fnt
|faint|p2a: Ogerpon
|
|upkeep
|inactive|anomalia682 has 60 seconds left.
|
|t:|1776280566
|switch|p2a: Cinderace|Cinderace, F|100/100
|turn|6
|
|t:|1776280571
|switch|p1a: Ting-Lu|Ting-Lu|100/100
|-ability|p1a: Ting-Lu|Vessel of Ruin
|move|p2a: Cinderace|Pyro Ball|p1a: Ting-Lu|[miss]
|-miss|p2a: Cinderace|p1a: Ting-Lu
|
|upkeep
|turn|7
|
|t:|1776280585
|switch|p2a: Quaquaval|Quaquaval, F|100/100
|move|p1a: Ting-Lu|Earthquake|p2a: Quaquaval
|-damage|p2a: Quaquaval|47/100
|
|upkeep
|turn|8
|
|t:|1776280608
|move|p2a: Quaquaval|Aqua Step|p1a: Ting-Lu
|-supereffective|p1a: Ting-Lu
|-damage|p1a: Ting-Lu|54/100
|-boost|p2a: Quaquaval|spe|1
|move|p1a: Ting-Lu|Earthquake|p2a: Quaquaval
|-damage|p2a: Quaquaval|0 fnt
|faint|p2a: Quaquaval
|
|-heal|p1a: Ting-Lu|60/100|[from] item: Leftovers
|upkeep
|inactive|anomalia682 has 60 seconds left.
|
|t:|1776280629
|switch|p2a: Overqwil|Overqwil, F|100/100
|-ability|p2a: Overqwil|Intimidate|boost
|-unboost|p1a: Ting-Lu|atk|1
|turn|9
|
|t:|1776280639
|switch|p1a: Corviknight|Corviknight, F, shiny|100/100
|-ability|p1a: Corviknight|Pressure
|move|p2a: Overqwil|Barb Barrage|p1a: Corviknight
|-immune|p1a: Corviknight
|
|upkeep
|turn|10
|inactive|anomalia682 has 60 seconds left.
|
|t:|1776280650
|switch|p2a: Garchomp|Garchomp, M|100/100
|move|p1a: Corviknight|Body Press|p2a: Garchomp
|-damage|p2a: Garchomp|76/100
|-damage|p1a: Corviknight|88/100|[from] ability: Rough Skin|[of] p2a: Garchomp
|-damage|p1a: Corviknight|72/100|[from] item: Rocky Helmet|[of] p2a: Garchomp
|
|upkeep
|turn|11
|inactive|anomalia682 has 60 seconds left.
|
|t:|1776280663
|move|p2a: Garchomp|Swords Dance|p2a: Garchomp
|-boost|p2a: Garchomp|atk|2
|move|p1a: Corviknight|Iron Defense|p1a: Corviknight
|-boost|p1a: Corviknight|def|2
|
|upkeep
|turn|12
|
|t:|1776280673
|move|p2a: Garchomp|Swords Dance|p2a: Garchomp
|-boost|p2a: Garchomp|atk|2
|move|p1a: Corviknight|Iron Defense|p1a: Corviknight
|-boost|p1a: Corviknight|def|2
|
|upkeep
|turn|13
|
|t:|1776280676
|move|p2a: Garchomp|Outrage|p1a: Corviknight
|-resisted|p1a: Corviknight
|-damage|p1a: Corviknight|53/100
|-damage|p2a: Garchomp|60/100|[from] item: Rocky Helmet|[of] p1a: Corviknight
|move|p1a: Corviknight|Iron Defense|p1a: Corviknight
|-boost|p1a: Corviknight|def|2
|
|upkeep
|turn|14
|
|t:|1776280685
|move|p2a: Garchomp|Outrage|p1a: Corviknight|[from] lockedmove
|-resisted|p1a: Corviknight
|-damage|p1a: Corviknight|39/100
|-damage|p2a: Garchomp|43/100|[from] item: Rocky Helmet|[of] p1a: Corviknight
|-start|p2a: Garchomp|confusion|[fatigue]
|move|p1a: Corviknight|Roost|p1a: Corviknight
|-heal|p1a: Corviknight|89/100
|-singleturn|p1a: Corviknight|move: Roost
|
|upkeep
|turn|15
|inactive|anomalia682 has 90 seconds left.
|
|t:|1776280697
|-activate|p2a: Garchomp|confusion
|-damage|p2a: Garchomp|1/100|[from] confusion
|move|p1a: Corviknight|Roost|p1a: Corviknight
|-heal|p1a: Corviknight|100/100
|-singleturn|p1a: Corviknight|move: Roost
|
|upkeep
|turn|16
|
|t:|1776280707
|-end|p2a: Garchomp|confusion
|move|p2a: Garchomp|Outrage|p1a: Corviknight
|-resisted|p1a: Corviknight
|-damage|p1a: Corviknight|87/100
|-damage|p2a: Garchomp|0 fnt|[from] item: Rocky Helmet|[of] p1a: Corviknight
|faint|p2a: Garchomp
|move|p1a: Corviknight|Body Press|p2: Garchomp|[notarget]
|-fail|p1a: Corviknight
|
|upkeep
|inactive|anomalia682 has 90 seconds left.
|
|t:|1776280735
|switch|p2a: Meowstic|Meowstic, M|100/100
|turn|17
|
|t:|1776280741
|move|p2a: Meowstic|Thunder Wave|p1a: Corviknight|[miss]
|-miss|p2a: Meowstic|p1a: Corviknight
|move|p1a: Corviknight|Body Press|p2a: Meowstic
|-resisted|p2a: Meowstic
|-damage|p2a: Meowstic|19/100
|
|upkeep
|turn|18
|
|t:|1776280749
|move|p2a: Meowstic|Thunder Wave|p1a: Corviknight
|-status|p1a: Corviknight|par
|move|p1a: Corviknight|Body Press|p2a: Meowstic
|-resisted|p2a: Meowstic
|-damage|p2a: Meowstic|0 fnt
|faint|p2a: Meowstic
|
|upkeep
|inactive|anomalia682 has 90 seconds left.
|
|t:|1776280755
|switch|p2a: Overqwil|Overqwil, F|100/100
|-ability|p2a: Overqwil|Intimidate|boost
|-unboost|p1a: Corviknight|atk|1
|turn|19
|
|t:|1776280759
|move|p2a: Overqwil|Haze|p2a: Overqwil
|-clearallboost
|move|p1a: Corviknight|Body Press|p2a: Overqwil
|-crit|p2a: Overqwil
|-damage|p2a: Overqwil|51/100
|
|upkeep
|turn|20
|
|t:|1776280769
|switch|p2a: Cinderace|Cinderace, F|100/100
|move|p1a: Corviknight|Iron Defense|p1a: Corviknight
|-boost|p1a: Corviknight|def|2
|
|upkeep
|turn|21
|
|t:|1776280778
|move|p2a: Cinderace|Pyro Ball|p1a: Corviknight
|-supereffective|p1a: Corviknight
|-damage|p1a: Corviknight|33/100 par
|cant|p1a: Corviknight|par
|
|upkeep
|turn|22
|
|t:|1776280807
|move|p2a: Cinderace|Pyro Ball|p1a: Corviknight
|-supereffective|p1a: Corviknight
|-damage|p1a: Corviknight|0 fnt
|faint|p1a: Corviknight
|
|upkeep
|
|t:|1776280812
|switch|p1a: Volcanion|Volcanion|81/100
|turn|23
|
|t:|1776280816
|switch|p2a: Overqwil|Overqwil, F|51/100
|-ability|p2a: Overqwil|Intimidate|boost
|-unboost|p1a: Volcanion|atk|1
|move|p1a: Volcanion|Steam Eruption|p2a: Overqwil
|-damage|p2a: Overqwil|0 fnt
|faint|p2a: Overqwil
|
|upkeep
|
|t:|1776280819
|switch|p2a: Cinderace|Cinderace, F|100/100
|turn|24
|inactive|anomalia682 has 120 seconds left.
|
|t:|1776280829
|move|p2a: Cinderace|Sucker Punch|p1a: Volcanion
|-start|p2a: Cinderace|typechange|Dark|[from] ability: Libero
|-damage|p1a: Volcanion|29/100
|move|p1a: Volcanion|Steam Eruption|p2a: Cinderace
|-damage|p2a: Cinderace|0 fnt
|faint|p2a: Cinderace
|
|win|MixTheWhiteNGreen
|raw|MixTheWhiteNGreen's rating: 1327 &rarr; <strong>1344</strong><br />(+17 for winning)
|raw|anomalia682's rating: 1279 &rarr; <strong>1257</strong><br />(-22 for losing)
|l|☆anomalia682
|player|p2|
