|html|<div class="broadcast-blue"><strong>[Gen 9] OU is currently suspecting Volcarona! For information on how to participate check out the <a href="https://www.smogon.com/tools/suspects/view/208">suspect thread</a>.</strong></div>
|j|☆duli2010
|j|☆icewizardlair☃
|t:|1778507717
|gametype|singles
|player|p1|duli2010|bugcatcher-gen4dp|1238
|player|p2|icewizardlair☃|lorelei-lgpe|1183
|gen|9
|tier|[Gen 9] OU
|rated|
|rule|HP Percentage Mod: HP is shown in percentages
|rule|Endless Battle Clause: Forcing endless battles is banned
|rule|Species Clause: Limit one of each Pokémon
|rule|OHKO Clause: OHKO moves are banned
|rule|Evasion Items Clause: Evasion items are banned
|rule|Evasion Moves Clause: Evasion moves are banned
|rule|Evasion Abilities Clause: Evasion abilities are banned
|rule|Sleep Moves Clause: Sleep-inducing moves are banned
|clearpoke
|poke|p1|Spiritomb, F|
|poke|p1|Toxapex, M|
|poke|p1|Hydrapple, M|
|poke|p1|Quagsire, F|
|poke|p1|Milotic, F|
|poke|p1|Quaquaval, F|
|poke|p2|Froslass, F|
|poke|p2|Arcanine-Hisui, M|
|poke|p2|Yanmega, F|
|poke|p2|Cetitan, M|
|poke|p2|Azumarill, F|
|poke|p2|Kilowattrel, F|
|teampreview
|inactive|Battle timer is ON: inactive players will automatically lose when time's up. (requested by icewizardlair☃)
|
|t:|1778507727
|teamsize|p1|6
|teamsize|p2|6
|start
|switch|p1a: Toxapex|Toxapex, M|100/100
|switch|p2a: Kixxarth|Yanmega, F|100/100
|turn|1
|
|t:|1778507733
|move|p2a: Kixxarth|Detect|p2a: Kixxarth
|-singleturn|p2a: Kixxarth|Protect
|move|p1a: Toxapex|Toxic|p2a: Kixxarth
|-activate|p2a: Kixxarth|move: Protect
|
|-ability|p2a: Kixxarth|Speed Boost|boost
|-boost|p2a: Kixxarth|spe|1
|upkeep
|turn|2
|
|t:|1778507739
|switch|p2a: Thunder Child|Kilowattrel, F|100/100
|move|p1a: Toxapex|Toxic|p2a: Thunder Child
|-status|p2a: Thunder Child|tox
|
|-damage|p2a: Thunder Child|94/100 tox|[from] psn
|upkeep
|turn|3
|
|t:|1778507746
|move|p1a: Toxapex|Baneful Bunker|p1a: Toxapex
|-singleturn|p1a: Toxapex|move: Protect
|move|p2a: Thunder Child|Electro Ball|p1a: Toxapex
|-activate|p1a: Toxapex|move: Protect
|
|-damage|p2a: Thunder Child|82/100 tox|[from] psn
|upkeep
|turn|4
|
|t:|1778507753
|switch|p1a: Quagsire|Quagsire, F|100/100
|move|p2a: Thunder Child|Electro Ball|p1a: Quagsire
|-immune|p1a: Quagsire
|
|-damage|p2a: Thunder Child|64/100 tox|[from] psn
|upkeep
|turn|5
|
|t:|1778507761
|move|p1a: Quagsire|Protect|p1a: Quagsire
|-singleturn|p1a: Quagsire|Protect
|move|p2a: Thunder Child|Air Slash|p1a: Quagsire
|-activate|p1a: Quagsire|move: Protect
|
|-damage|p2a: Thunder Child|40/100 tox|[from] psn
|upkeep
|turn|6
|
|t:|1778507769
|move|p2a: Thunder Child|Air Slash|p1a: Quagsire
|-damage|p1a: Quagsire|61/100
|move|p1a: Quagsire|Recover|p1a: Quagsire
|-heal|p1a: Quagsire|100/100
|
|-damage|p2a: Thunder Child|10/100 tox|[from] psn
|upkeep
|turn|7
|
|t:|1778507776
|switch|p2a: Dr. Cool|Cetitan, M|100/100
|move|p1a: Quagsire|Protect||[still]
|-fail|p1a: Quagsire
|
|upkeep
|turn|8
|
|t:|1778507781
|move|p2a: Dr. Cool|Icicle Spear|p1a: Quagsire
|-damage|p1a: Quagsire|91/100
|-damage|p1a: Quagsire|83/100
|-damage|p1a: Quagsire|74/100
|-crit|p1a: Quagsire
|-damage|p1a: Quagsire|61/100
|-damage|p1a: Quagsire|52/100
|-hitcount|p1a: Quagsire|5
|move|p1a: Quagsire|Whirlpool|p2a: Dr. Cool
|-damage|p2a: Dr. Cool|93/100
|-activate|p2a: Dr. Cool|move: Whirlpool|[of] p1a: Quagsire
|
|-heal|p1a: Quagsire|58/100|[from] item: Leftovers
|-damage|p2a: Dr. Cool|81/100|[from] move: Whirlpool|[partiallytrapped]
|upkeep
|turn|9
|
|t:|1778507797
|move|p2a: Dr. Cool|Icicle Spear|p1a: Quagsire
|-damage|p1a: Quagsire|48/100
|-damage|p1a: Quagsire|40/100
|-damage|p1a: Quagsire|31/100
|-damage|p1a: Quagsire|22/100
|-hitcount|p1a: Quagsire|4
|move|p1a: Quagsire|Recover|p1a: Quagsire
|-heal|p1a: Quagsire|72/100
|
|-heal|p1a: Quagsire|78/100|[from] item: Leftovers
|-damage|p2a: Dr. Cool|68/100|[from] move: Whirlpool|[partiallytrapped]
|upkeep
|turn|10
|
|t:|1778507809
|move|p1a: Quagsire|Protect|p1a: Quagsire
|-singleturn|p1a: Quagsire|Protect
|move|p2a: Dr. Cool|Icicle Spear|p1a: Quagsire
|-activate|p1a: Quagsire|move: Protect
|
|-heal|p1a: Quagsire|84/100|[from] item: Leftovers
|-damage|p2a: Dr. Cool|56/100|[from] move: Whirlpool|[partiallytrapped]
|upkeep
|turn|11
|
|t:|1778507819
|move|p2a: Dr. Cool|Icicle Spear|p1a: Quagsire
|-damage|p1a: Quagsire|74/100
|-damage|p1a: Quagsire|64/100
|-damage|p1a: Quagsire|54/100
|-damage|p1a: Quagsire|44/100
|-damage|p1a: Quagsire|35/100
|-hitcount|p1a: Quagsire|5
|move|p1a: Quagsire|Recover|p1a: Quagsire
|-heal|p1a: Quagsire|85/100
|
|-heal|p1a: Quagsire|91/100|[from] item: Leftovers
|-damage|p2a: Dr. Cool|44/100|[from] move: Whirlpool|[partiallytrapped]
|upkeep
|turn|12
|
|t:|1778507839
|switch|p1a: Toxapex|Toxapex, M|100/100
|move|p2a: Dr. Cool|Icicle Spear|p1a: Toxapex
|-resisted|p1a: Toxapex
|-crit|p1a: Toxapex
|-damage|p1a: Toxapex|94/100
|-resisted|p1a: Toxapex
|-damage|p1a: Toxapex|90/100
|-resisted|p1a: Toxapex
|-damage|p1a: Toxapex|85/100
|-resisted|p1a: Toxapex
|-crit|p1a: Toxapex
|-damage|p1a: Toxapex|78/100
|-resisted|p1a: Toxapex
|-damage|p1a: Toxapex|74/100
|-hitcount|p1a: Toxapex|5
|
|-heal|p1a: Toxapex|80/100|[from] item: Black Sludge
|-end|p2a: Dr. Cool|Whirlpool|[partiallytrapped]|[silent]
|upkeep
|turn|13
|
|t:|1778507853
|switch|p2a: Thunder Child|Kilowattrel, F|10/100 tox
|move|p1a: Toxapex|Infestation|p2a: Thunder Child
|-resisted|p2a: Thunder Child
|-damage|p2a: Thunder Child|8/100 tox
|-activate|p2a: Thunder Child|move: Infestation|[of] p1a: Toxapex
|
|-heal|p1a: Toxapex|86/100|[from] item: Black Sludge
|-damage|p2a: Thunder Child|2/100 tox|[from] psn
|-damage|p2a: Thunder Child|0 fnt|[from] move: Infestation|[partiallytrapped]
|faint|p2a: Thunder Child
|upkeep
|-message|icewizardlair☃ forfeited.
|
|win|duli2010
|raw|duli2010's rating: 1238 &rarr; <strong>1259</strong><br />(+21 for winning)
|raw|icewizardlair☃'s rating: 1183 &rarr; <strong>1162</strong><br />(-21 for losing)
|l|☆icewizardlair☃
|player|p2|
|l|☆duli2010
|player|p1|
