|html|<div class="broadcast-blue"><strong>[Gen 9] OU is currently suspecting Tera Blast! For information on how to participate check out the <a href="https://www.smogon.com/tools/suspects/view/200">suspect thread</a>.</strong></div>
|j|☆V0ldy
|j|☆AC_Shade
|t:|1776104701
|gametype|singles
|player|p1|V0ldy|102|1642
|player|p2|AC_Shade|nobunaga-conquest|1670
|gen|9
|tier|[Gen 9] OU
|rated|
|rule|HP Percentage Mod: HP is shown in percentages
|rule|Endless Battle Clause: Forcing endless battles is banned
|rule|Species Clause: Limit one of each Pokémon
|rule|OHKO Clause: OHKO moves are banned
|rule|Evasion Items Clause: Evasion items are banned
|rule|Evasion Moves Clause: Evasion moves are banned
|rule|Evasion Abilities Clause: Evasion abilities are banned
|rule|Sleep Moves Clause: Sleep-inducing moves are banned
|clearpoke
|poke|p1|Indeedee, M|
|poke|p1|Hawlucha, F|
|poke|p1|Gallade, M|
|poke|p1|Armarouge, M|
|poke|p1|Polteageist-Antique|
|poke|p1|Excadrill, F|
|poke|p2|Entei|
|poke|p2|Hatterene, F|
|poke|p2|Tornadus-Therian, M|
|poke|p2|Great Tusk|
|poke|p2|Dragonite, F|
|poke|p2|Kingambit, M|
|teampreview
|j| JDDoc
|inactive|Battle timer is ON: inactive players will automatically lose when time's up. (requested by V0ldy)
|j| ddgfdhad
|
|t:|1776104712
|teamsize|p1|6
|teamsize|p2|6
|start
|switch|p1a: Indeedee|Indeedee, M|100/100
|switch|p2a: Entei|Entei|100/100
|-fieldstart|move: Psychic Terrain|[from] ability: Psychic Surge|[of] p1a: Indeedee
|turn|1
|
|t:|1776104716
|switch|p1a: Armarouge|Armarouge, M|100/100
|move|p2a: Entei|Sacred Fire|p1a: Armarouge
|-resisted|p1a: Armarouge
|-damage|p1a: Armarouge|64/100
|-ability|p1a: Armarouge|Weak Armor|boost
|-unboost|p1a: Armarouge|def|1
|-boost|p1a: Armarouge|spe|2
|
|upkeep
|turn|2
|
|t:|1776104728
|switch|p2a: Tornadus|Tornadus-Therian, M|100/100
|move|p1a: Armarouge|Expanding Force|p2a: Tornadus
|-damage|p2a: Tornadus|37/100
|
|upkeep
|turn|3
|
|t:|1776104732
|switch|p2a: Kingambit|Kingambit, M|100/100
|move|p1a: Armarouge|Expanding Force|p2a: Kingambit
|-immune|p2a: Kingambit
|
|upkeep
|turn|4
|
|t:|1776104735
|-end|p2a: Kingambit|fallenundefined|[silent]
|switch|p2a: Tornadus|Tornadus-Therian, M|70/100
|move|p1a: Armarouge|Expanding Force|p2a: Tornadus
|-damage|p2a: Tornadus|5/100
|
|upkeep
|turn|5
|
|t:|1776104738
|switch|p2a: Kingambit|Kingambit, M|100/100
|move|p1a: Armarouge|Armor Cannon|p2a: Kingambit
|-supereffective|p2a: Kingambit
|-damage|p2a: Kingambit|0 fnt
|-unboost|p1a: Armarouge|def|1
|-unboost|p1a: Armarouge|spd|1
|faint|p2a: Kingambit
|-end|p2a: Kingambit|fallenundefined|[silent]
|
|upkeep
|
|t:|1776104744
|switch|p2a: Entei|Entei|100/100
|turn|6
|
|t:|1776104747
|move|p1a: Armarouge|Expanding Force|p2a: Entei
|-damage|p2a: Entei|1/100
|move|p2a: Entei|Sacred Fire|p1a: Armarouge
|-resisted|p1a: Armarouge
|-crit|p1a: Armarouge
|-damage|p1a: Armarouge|0 fnt
|faint|p1a: Armarouge
|
|upkeep
|
|t:|1776104752
|switch|p1a: Excadrill|Excadrill, F|100/100
|-ability|p1a: Excadrill|Mold Breaker
|turn|7
|
|t:|1776104756
|move|p2a: Entei|Sacred Fire|p1a: Excadrill
|-supereffective|p1a: Excadrill
|-enditem|p1a: Excadrill|Focus Sash
|-damage|p1a: Excadrill|1/100
|move|p1a: Excadrill|Rapid Spin|p2a: Entei
|-damage|p2a: Entei|0 fnt
|-boost|p1a: Excadrill|spe|1
|faint|p2a: Entei
|
|upkeep
|
|t:|1776104763
|switch|p2a: Great Tusk|Great Tusk|100/100
|turn|8
|
|t:|1776104767
|switch|p1a: Polteageist|Polteageist-Antique|100/100
|move|p2a: Great Tusk|Stealth Rock|p1a: Polteageist
|-sidestart|p1: V0ldy|move: Stealth Rock
|
|-fieldend|move: Psychic Terrain
|upkeep
|turn|9
|
|t:|1776104774
|-end|p2a: Great Tusk|Protosynthesis|[silent]
|switch|p2a: Dragonite|Dragonite, F|100/100
|move|p1a: Polteageist|Shell Smash|p1a: Polteageist
|-unboost|p1a: Polteageist|def|1
|-unboost|p1a: Polteageist|spd|1
|-boost|p1a: Polteageist|atk|2
|-boost|p1a: Polteageist|spa|2
|-boost|p1a: Polteageist|spe|2
|
|upkeep
|turn|10
|
|t:|1776104778
|move|p1a: Polteageist|Stored Power|p2a: Dragonite
|-damage|p2a: Dragonite|41/100
|move|p2a: Dragonite|Encore|p1a: Polteageist
|-start|p1a: Polteageist|Encore
|
|-heal|p2a: Dragonite|47/100|[from] item: Leftovers
|upkeep
|turn|11
|-message|AC_Shade forfeited.
|
|win|V0ldy
|raw|V0ldy's rating: 1642 &rarr; <strong>1664</strong><br />(+22 for winning)
|raw|AC_Shade's rating: 1670 &rarr; <strong>1648</strong><br />(-22 for losing)
|l|☆AC_Shade
|player|p2|
|l|☆V0ldy
|player|p1|
|l| ddgfdhad
