|html|<div class="broadcast-blue"><strong>[Gen 9] OU is currently suspecting Tera Blast! For information on how to participate check out the <a href="https://www.smogon.com/tools/suspects/view/200">suspect thread</a>.</strong></div>
|j|☆rowlet13tb
|j|☆HyperStallMIA
|t:|1776112384
|gametype|singles
|player|p1|rowlet13tb|alder|1298
|player|p2|HyperStallMIA|1|1357
|gen|9
|tier|[Gen 9] OU
|rated|
|rule|HP Percentage Mod: HP is shown in percentages
|rule|Endless Battle Clause: Forcing endless battles is banned
|rule|Species Clause: Limit one of each Pokémon
|rule|OHKO Clause: OHKO moves are banned
|rule|Evasion Items Clause: Evasion items are banned
|rule|Evasion Moves Clause: Evasion moves are banned
|rule|Evasion Abilities Clause: Evasion abilities are banned
|rule|Sleep Moves Clause: Sleep-inducing moves are banned
|clearpoke
|poke|p1|Alcremie, F|
|poke|p1|Great Tusk|
|poke|p1|Sinistcha-Masterpiece|
|poke|p1|Greninja-*, M|
|poke|p1|Talonflame, M|
|poke|p1|Scizor, M|
|poke|p2|Clefable, M|
|poke|p2|Gliscor, F|
|poke|p2|Alomomola, F|
|poke|p2|Blissey, F|
|poke|p2|Clodsire, F|
|poke|p2|Dondozo, F|
|teampreview
|inactive|Battle timer is ON: inactive players will automatically lose when time's up. (requested by HyperStallMIA)
|inactive|rowlet13tb also wants the timer to be on.
|
|t:|1776112393
|teamsize|p1|6
|teamsize|p2|6
|start
|switch|p1a: Alcremie|Alcremie, F|100/100
|switch|p2a: Gliscor|Gliscor, F, shiny|100/100
|turn|1
|
|t:|1776112401
|switch|p1a: Scizor|Scizor, M|100/100
|move|p2a: Gliscor|Protect||[still]
|-fail|p2a: Gliscor
|
|-status|p2a: Gliscor|tox|[from] item: Toxic Orb
|upkeep
|turn|2
|
|t:|1776112410
|move|p2a: Gliscor|Knock Off|p1a: Scizor
|-damage|p1a: Scizor|77/100
|-enditem|p1a: Scizor|Expert Belt|[from] move: Knock Off|[of] p2a: Gliscor
|move|p1a: Scizor|Curse|p1a: Scizor
|-unboost|p1a: Scizor|spe|1
|-boost|p1a: Scizor|atk|1
|-boost|p1a: Scizor|def|1
|
|upkeep
|turn|3
|
|t:|1776112420
|move|p2a: Gliscor|Spikes|p1a: Scizor
|-sidestart|p1: rowlet13tb|Spikes
|move|p1a: Scizor|Curse|p1a: Scizor
|-unboost|p1a: Scizor|spe|1
|-boost|p1a: Scizor|atk|1
|-boost|p1a: Scizor|def|1
|
|upkeep
|turn|4
|
|t:|1776112431
|move|p2a: Gliscor|Spikes|p1a: Scizor
|-sidestart|p1: rowlet13tb|Spikes
|move|p1a: Scizor|Curse|p1a: Scizor
|-unboost|p1a: Scizor|spe|1
|-boost|p1a: Scizor|atk|1
|-boost|p1a: Scizor|def|1
|
|upkeep
|turn|5
|
|t:|1776112439
|switch|p2a: Dondozo|Dondozo, F, shiny|100/100
|move|p1a: Scizor|Defog|p2a: Dondozo
|-unboost|p2a: Dondozo|evasion|1
|-sideend|p1: rowlet13tb|Spikes|[from] move: Defog|[of] p1a: Scizor
|
|upkeep
|turn|6
|
|t:|1776112447
|move|p2a: Dondozo|Curse|p2a: Dondozo
|-unboost|p2a: Dondozo|spe|1
|-boost|p2a: Dondozo|atk|1
|-boost|p2a: Dondozo|def|1
|move|p1a: Scizor|Bug Bite|p2a: Dondozo
|-damage|p2a: Dondozo|85/100
|
|upkeep
|turn|7
|
|t:|1776112457
|move|p1a: Scizor|Bullet Punch|p2a: Dondozo
|-resisted|p2a: Dondozo
|-crit|p2a: Dondozo
|-damage|p2a: Dondozo|73/100
|move|p2a: Dondozo|Body Press|p1a: Scizor
|-damage|p1a: Scizor|35/100
|
|upkeep
|turn|8
|
|t:|1776112465
|switch|p1a: Sinistcha|Sinistcha-Masterpiece|100/100
|move|p2a: Dondozo|Body Press|p1a: Sinistcha
|-immune|p1a: Sinistcha
|
|upkeep
|turn|9
|
|t:|1776112475
|switch|p2a: Still Trying?|Blissey, F, shiny|100/100
|move|p1a: Sinistcha|Calm Mind|p1a: Sinistcha
|-boost|p1a: Sinistcha|spa|1
|-boost|p1a: Sinistcha|spd|1
|
|upkeep
|turn|10
|
|t:|1776112482
|move|p1a: Sinistcha|Calm Mind|p1a: Sinistcha
|-boost|p1a: Sinistcha|spa|1
|-boost|p1a: Sinistcha|spd|1
|move|p2a: Still Trying?|Stealth Rock|p1a: Sinistcha
|-sidestart|p1: rowlet13tb|move: Stealth Rock
|
|upkeep
|turn|11
|
|t:|1776112488
|switch|p2a: Worth Trying.|Clodsire, F, shiny|100/100
|move|p1a: Sinistcha|Matcha Gotcha|p2a: Worth Trying.
|-damage|p2a: Worth Trying.|78/100
|-status|p2a: Worth Trying.|brn
|
|-damage|p2a: Worth Trying.|72/100 brn|[from] brn
|upkeep
|turn|12
|
|t:|1776112499
|move|p1a: Sinistcha|Calm Mind|p1a: Sinistcha
|-boost|p1a: Sinistcha|spa|1
|-boost|p1a: Sinistcha|spd|1
|move|p2a: Worth Trying.|Toxic|p1a: Sinistcha
|-status|p1a: Sinistcha|tox
|
|-damage|p1a: Sinistcha|94/100 tox|[from] psn
|-damage|p2a: Worth Trying.|66/100 brn|[from] brn
|upkeep
|turn|13
|
|t:|1776112508
|move|p1a: Sinistcha|Shadow Ball|p2a: Worth Trying.
|-damage|p2a: Worth Trying.|43/100 brn
|-unboost|p2a: Worth Trying.|spd|1
|move|p2a: Worth Trying.|Recover|p2a: Worth Trying.
|-heal|p2a: Worth Trying.|94/100 brn
|
|-heal|p1a: Sinistcha|100/100 tox|[from] item: Leftovers
|-damage|p1a: Sinistcha|88/100 tox|[from] psn
|-damage|p2a: Worth Trying.|88/100 brn|[from] brn
|upkeep
|turn|14
|
|t:|1776112522
|move|p1a: Sinistcha|Matcha Gotcha|p2a: Worth Trying.
|-damage|p2a: Worth Trying.|53/100 brn
|-heal|p1a: Sinistcha|100/100 tox|[from] drain|[of] p2a: Worth Trying.
|move|p2a: Worth Trying.|Amnesia|p2a: Worth Trying.
|-boost|p2a: Worth Trying.|spd|2
|
|-damage|p1a: Sinistcha|82/100 tox|[from] psn
|-damage|p2a: Worth Trying.|47/100 brn|[from] brn
|upkeep
|turn|15
|
|t:|1776112536
|move|p1a: Sinistcha|Matcha Gotcha|p2a: Worth Trying.
|-crit|p2a: Worth Trying.
|-damage|p2a: Worth Trying.|13/100 brn
|-heal|p1a: Sinistcha|100/100 tox|[from] drain|[of] p2a: Worth Trying.
|move|p2a: Worth Trying.|Recover|p2a: Worth Trying.
|-heal|p2a: Worth Trying.|64/100 brn
|
|-damage|p1a: Sinistcha|76/100 tox|[from] psn
|-damage|p2a: Worth Trying.|58/100 brn|[from] brn
|upkeep
|turn|16
|
|t:|1776112556
|move|p1a: Sinistcha|Matcha Gotcha|p2a: Worth Trying.
|-damage|p2a: Worth Trying.|42/100 brn
|-heal|p1a: Sinistcha|87/100 tox|[from] drain|[of] p2a: Worth Trying.
|move|p2a: Worth Trying.|Recover|p2a: Worth Trying.
|-heal|p2a: Worth Trying.|92/100 brn
|
|-heal|p1a: Sinistcha|93/100 tox|[from] item: Leftovers
|-damage|p1a: Sinistcha|62/100 tox|[from] psn
|-damage|p2a: Worth Trying.|86/100 brn|[from] brn
|upkeep
|turn|17
|
|t:|1776112569
|move|p1a: Sinistcha|Shadow Ball|p2a: Worth Trying.
|-damage|p2a: Worth Trying.|69/100 brn
|move|p2a: Worth Trying.|Amnesia|p2a: Worth Trying.
|-boost|p2a: Worth Trying.|spd|2
|
|-heal|p1a: Sinistcha|68/100 tox|[from] item: Leftovers
|-damage|p1a: Sinistcha|32/100 tox|[from] psn
|-damage|p2a: Worth Trying.|63/100 brn|[from] brn
|upkeep
|turn|18
|inactive|HyperStallMIA has 120 seconds left.
|
|t:|1776112598
|switch|p1a: Great Tusk|Great Tusk|100/100
|-damage|p1a: Great Tusk|98/100|[from] Stealth Rock
|move|p2a: Worth Trying.|Recover|p2a: Worth Trying.
|-heal|p2a: Worth Trying.|100/100 brn
|
|-heal|p1a: Great Tusk|100/100|[from] item: Leftovers
|-damage|p2a: Worth Trying.|94/100 brn|[from] brn
|upkeep
|turn|19
|
|t:|1776112610
|switch|p2a: Try Harder.|Alomomola, F, shiny|100/100
|move|p1a: Great Tusk|Earthquake|p2a: Try Harder.
|-damage|p2a: Try Harder.|65/100
|
|upkeep
|turn|20
|
|t:|1776112621
|switch|p2a: Gliscor|Gliscor, F, shiny|100/100 tox
|move|p1a: Great Tusk|Bulk Up|p1a: Great Tusk
|-boost|p1a: Great Tusk|atk|1
|-boost|p1a: Great Tusk|def|1
|
|upkeep
|turn|21
|
|t:|1776112628
|switch|p2a: Try Harder.|Alomomola, F, shiny|99/100
|move|p1a: Great Tusk|Ice Spinner|p2a: Try Harder.
|-resisted|p2a: Try Harder.
|-damage|p2a: Try Harder.|85/100
|
|upkeep
|turn|22
|
|t:|1776112644
|move|p1a: Great Tusk|Earthquake|p2a: Try Harder.
|-damage|p2a: Try Harder.|33/100
|move|p2a: Try Harder.|Scald|p1a: Great Tusk
|-supereffective|p1a: Great Tusk
|-damage|p1a: Great Tusk|68/100
|
|-heal|p1a: Great Tusk|74/100|[from] item: Leftovers
|upkeep
|turn|23
|
|t:|1776112654
|switch|p2a: Dondozo|Dondozo, F, shiny|73/100
|move|p1a: Great Tusk|Rapid Spin|p2a: Dondozo
|-damage|p2a: Dondozo|65/100
|-boost|p1a: Great Tusk|spe|1
|-sideend|p1: rowlet13tb|Stealth Rock|[from] move: Rapid Spin|[of] p1a: Great Tusk
|
|-heal|p1a: Great Tusk|81/100|[from] item: Leftovers
|upkeep
|turn|24
|
|t:|1776112666
|-end|p1a: Great Tusk|Protosynthesis|[silent]
|switch|p1a: Sinistcha|Sinistcha-Masterpiece|32/100 tox
|move|p2a: Dondozo|Curse|p2a: Dondozo
|-unboost|p2a: Dondozo|spe|1
|-boost|p2a: Dondozo|atk|1
|-boost|p2a: Dondozo|def|1
|
|-heal|p1a: Sinistcha|38/100 tox|[from] item: Leftovers
|-damage|p1a: Sinistcha|32/100 tox|[from] psn
|upkeep
|turn|25
|
|t:|1776112677
|switch|p2a: Still Trying?|Blissey, F, shiny|100/100
|move|p1a: Sinistcha|Matcha Gotcha|p2a: Still Trying?
|-damage|p2a: Still Trying?|86/100
|-heal|p1a: Sinistcha|46/100 tox|[from] drain|[of] p2a: Still Trying?
|
|-heal|p1a: Sinistcha|52/100 tox|[from] item: Leftovers
|-damage|p1a: Sinistcha|40/100 tox|[from] psn
|upkeep
|turn|26
|
|t:|1776112689
|move|p1a: Sinistcha|Calm Mind|p1a: Sinistcha
|-boost|p1a: Sinistcha|spa|1
|-boost|p1a: Sinistcha|spd|1
|move|p2a: Still Trying?|Stealth Rock|p1a: Sinistcha
|-sidestart|p1: rowlet13tb|move: Stealth Rock
|
|-heal|p1a: Sinistcha|46/100 tox|[from] item: Leftovers
|-damage|p1a: Sinistcha|28/100 tox|[from] psn
|upkeep
|turn|27
|
|t:|1776112699
|switch|p2a: Worth Trying.|Clodsire, F, shiny|94/100 brn
|move|p1a: Sinistcha|Matcha Gotcha|p2a: Worth Trying.
|-damage|p2a: Worth Trying.|72/100 brn
|-heal|p1a: Sinistcha|43/100 tox|[from] drain|[of] p2a: Worth Trying.
|
|-heal|p1a: Sinistcha|49/100 tox|[from] item: Leftovers
|-damage|p1a: Sinistcha|25/100 tox|[from] psn
|-damage|p2a: Worth Trying.|66/100 brn|[from] brn
|upkeep
|turn|28
|
|t:|1776112712
|move|p1a: Sinistcha|Shadow Ball|p2a: Worth Trying.
|-damage|p2a: Worth Trying.|41/100 brn
|move|p2a: Worth Trying.|Amnesia|p2a: Worth Trying.
|-boost|p2a: Worth Trying.|spd|2
|
|-heal|p1a: Sinistcha|31/100 tox|[from] item: Leftovers
|-damage|p1a: Sinistcha|0 fnt|[from] psn
|faint|p1a: Sinistcha
|-damage|p2a: Worth Trying.|35/100 brn|[from] brn
|upkeep
|
|t:|1776112725
|switch|p1a: Great Tusk|Great Tusk|81/100
|-damage|p1a: Great Tusk|78/100|[from] Stealth Rock
|turn|29
|
|t:|1776112731
|switch|p2a: Try Harder.|Alomomola, F, shiny|66/100
|move|p1a: Great Tusk|Rapid Spin|p2a: Try Harder.
|-damage|p2a: Try Harder.|55/100
|-boost|p1a: Great Tusk|spe|1
|-sideend|p1: rowlet13tb|Stealth Rock|[from] move: Rapid Spin|[of] p1a: Great Tusk
|
|-heal|p1a: Great Tusk|84/100|[from] item: Leftovers
|upkeep
|turn|30
|
|t:|1776112742
|-end|p1a: Great Tusk|Protosynthesis|[silent]
|switch|p1a: Greninja|Greninja, M|100/100
|move|p2a: Try Harder.|Wish|p2a: Try Harder.
|
|upkeep
|turn|31
|
|t:|1776112753
|move|p1a: Greninja|Ice Beam|p2a: Try Harder.
|-resisted|p2a: Try Harder.
|-damage|p2a: Try Harder.|40/100
|-damage|p1a: Greninja|91/100|[from] item: Life Orb
|move|p2a: Try Harder.|Flip Turn|p1a: Greninja
|-resisted|p1a: Greninja
|-damage|p1a: Greninja|77/100
|
|t:|1776112756
|switch|p2a: Worth Trying.|Clodsire, F, shiny|35/100 brn|[from] Flip Turn
|
|-heal|p2a: Worth Trying.|85/100 brn|[from] move: Wish|[wisher] Try Harder.
|-damage|p2a: Worth Trying.|79/100 brn|[from] brn
|upkeep
|turn|32
|
|t:|1776112768
|switch|p2a: Still Trying?|Blissey, F, shiny|86/100
|move|p1a: Greninja|Ice Beam|p2a: Still Trying?
|-damage|p2a: Still Trying?|75/100
|-damage|p1a: Greninja|67/100|[from] item: Life Orb
|
|upkeep
|turn|33
|
|t:|1776112777
|switch|p1a: Alcremie|Alcremie, F|100/100
|move|p2a: Still Trying?|Stealth Rock|p1a: Alcremie
|-sidestart|p1: rowlet13tb|move: Stealth Rock
|
|upkeep
|turn|34
|
|t:|1776112793
|switch|p2a: Keep Trying.|Clefable, M, shiny|100/100
|move|p1a: Alcremie|Acid Armor|p1a: Alcremie
|-boost|p1a: Alcremie|def|2
|
|upkeep
|turn|35
|
|t:|1776112808
|switch|p2a: Worth Trying.|Clodsire, F, shiny|79/100 brn
|move|p1a: Alcremie|Calm Mind|p1a: Alcremie
|-boost|p1a: Alcremie|spa|1
|-boost|p1a: Alcremie|spd|1
|
|-damage|p2a: Worth Trying.|73/100 brn|[from] brn
|upkeep
|turn|36
|
|t:|1776112820
|-terastallize|p1a: Alcremie|Psychic
|-terastallize|p2a: Worth Trying.|Steel
|move|p1a: Alcremie|Stored Power|p2a: Worth Trying.
|-resisted|p2a: Worth Trying.
|-damage|p2a: Worth Trying.|62/100 brn
|move|p2a: Worth Trying.|Toxic|p1a: Alcremie
|-status|p1a: Alcremie|tox
|
|-damage|p1a: Alcremie|95/100 tox|[from] psn
|-damage|p2a: Worth Trying.|56/100 brn|[from] brn
|upkeep
|turn|37
|
|t:|1776112833
|move|p1a: Alcremie|Draining Kiss|p2a: Worth Trying.
|-resisted|p2a: Worth Trying.
|-damage|p2a: Worth Trying.|50/100 brn
|-heal|p1a: Alcremie|100/100 tox|[from] drain|[of] p2a: Worth Trying.
|move|p2a: Worth Trying.|Recover|p2a: Worth Trying.
|-heal|p2a: Worth Trying.|100/100 brn
|
|-damage|p1a: Alcremie|89/100 tox|[from] psn
|-damage|p2a: Worth Trying.|94/100 brn|[from] brn
|upkeep
|turn|38
|
|t:|1776112844
|move|p1a: Alcremie|Draining Kiss|p2a: Worth Trying.
|-resisted|p2a: Worth Trying.
|-damage|p2a: Worth Trying.|89/100 brn
|-heal|p1a: Alcremie|95/100 tox|[from] drain|[of] p2a: Worth Trying.
|move|p2a: Worth Trying.|Amnesia|p2a: Worth Trying.
|-boost|p2a: Worth Trying.|spd|2
|
|-heal|p1a: Alcremie|100/100 tox|[from] item: Leftovers
|-damage|p1a: Alcremie|83/100 tox|[from] psn
|-damage|p2a: Worth Trying.|83/100 brn|[from] brn
|upkeep
|turn|39
|-message|rowlet13tb forfeited.
|
|win|HyperStallMIA
|raw|rowlet13tb's rating: 1298 &rarr; <strong>1277</strong><br />(-21 for losing)
|raw|HyperStallMIA's rating: 1357 &rarr; <strong>1374</strong><br />(+17 for winning)
|l|☆rowlet13tb
|player|p1|
|l|☆HyperStallMIA
|player|p2|
