|html|<div class="broadcast-blue"><strong>[Gen 9] OU is currently suspecting Tera Blast! For information on how to participate check out the <a href="https://www.smogon.com/tools/suspects/view/200">suspect thread</a>.</strong></div>
|j|☆1bry
|j|☆0_0grass
|t:|1776073253
|gametype|singles
|player|p1|1bry|pokemonranger-gen4|1122
|player|p2|0_0grass|101|1095
|gen|9
|tier|[Gen 9] OU
|rated|
|rule|HP Percentage Mod: HP is shown in percentages
|rule|Endless Battle Clause: Forcing endless battles is banned
|rule|Species Clause: Limit one of each Pokémon
|rule|OHKO Clause: OHKO moves are banned
|rule|Evasion Items Clause: Evasion items are banned
|rule|Evasion Moves Clause: Evasion moves are banned
|rule|Evasion Abilities Clause: Evasion abilities are banned
|rule|Sleep Moves Clause: Sleep-inducing moves are banned
|clearpoke
|poke|p1|Magmar, M|
|poke|p1|Ambipom, F|
|poke|p1|Scyther, F|
|poke|p1|Gurdurr, M|
|poke|p1|Revavroom, M|
|poke|p1|Duraludon, M|
|poke|p2|Greninja-*, M|
|poke|p2|Gengar, M|
|poke|p2|Mimikyu, M|
|poke|p2|Excadrill, F|
|poke|p2|Dragapult, M|
|poke|p2|Corviknight, F|
|teampreview
|
|t:|1776073275
|teamsize|p1|6
|teamsize|p2|6
|start
|switch|p1a: Ambipom|Ambipom, F, shiny|100/100
|switch|p2a: Greninja|Greninja, M, shiny|100/100
|turn|1
|inactive|Battle timer is ON: inactive players will automatically lose when time's up. (requested by 1bry)
|
|t:|1776073285
|move|p1a: Ambipom|Upper Hand||[still]
|-fail|p1a: Ambipom
|move|p2a: Greninja|Spikes|p1a: Ambipom
|-start|p2a: Greninja|typechange|Ground|[from] ability: Protean
|-sidestart|p1: 1bry|Spikes
|
|upkeep
|turn|2
|
|t:|1776073295
|move|p2a: Greninja|U-turn|p1a: Ambipom
|-damage|p1a: Ambipom|79/100
|
|t:|1776073298
|switch|p2a: Corviknight|Corviknight, F, shiny|100/100|[from] U-turn
|move|p1a: Ambipom|Triple Axel|p2a: Corviknight
|-damage|p2a: Corviknight|93/100
|-damage|p1a: Ambipom|63/100|[from] item: Rocky Helmet|[of] p2a: Corviknight
|-damage|p2a: Corviknight|79/100
|-damage|p1a: Ambipom|46/100|[from] item: Rocky Helmet|[of] p2a: Corviknight
|-damage|p2a: Corviknight|56/100
|-damage|p1a: Ambipom|30/100|[from] item: Rocky Helmet|[of] p2a: Corviknight
|-hitcount|p2a: Corviknight|3
|-damage|p1a: Ambipom|20/100|[from] item: Life Orb
|
|upkeep
|turn|3
|
|t:|1776073313
|switch|p1a: Magmar|Magmar, M, shiny|100/100
|-damage|p1a: Magmar|88/100|[from] Spikes
|move|p2a: Corviknight|Taunt|p1a: Magmar
|-start|p1a: Magmar|move: Taunt
|
|upkeep
|turn|4
|
|t:|1776073327
|switch|p2a: Greninja|Greninja, M, shiny|100/100
|move|p1a: Magmar|Flamethrower|p2a: Greninja
|-resisted|p2a: Greninja
|-damage|p2a: Greninja|69/100
|
|upkeep
|turn|5
|
|t:|1776073337
|-terastallize|p1a: Magmar|Psychic
|move|p2a: Greninja|Hydro Pump|p1a: Magmar
|-start|p2a: Greninja|typechange|Water|[from] ability: Protean
|-damage|p1a: Magmar|43/100
|move|p1a: Magmar|Scorching Sands|p2a: Greninja
|-damage|p2a: Greninja|35/100
|
|-end|p1a: Magmar|move: Taunt
|upkeep
|turn|6
|
|t:|1776073350
|switch|p1a: Duraludon|Duraludon, M, shiny|100/100
|-damage|p1a: Duraludon|88/100|[from] Spikes
|move|p2a: Greninja|U-turn|p1a: Duraludon
|-resisted|p1a: Duraludon
|-damage|p1a: Duraludon|84/100
|
|t:|1776073362
|switch|p2a: Dragapult|Dragapult, M, shiny|100/100|[from] U-turn
|
|upkeep
|turn|7
|
|t:|1776073367
|move|p2a: Dragapult|Draco Meteor|p1a: Duraludon
|-damage|p1a: Duraludon|0 fnt
|-unboost|p2a: Dragapult|spa|2
|faint|p1a: Duraludon
|
|upkeep
|
|t:|1776073371
|switch|p1a: Gurdurr|Gurdurr, M|100/100
|-damage|p1a: Gurdurr|88/100|[from] Spikes
|turn|8
|
|t:|1776073377
|switch|p2a: Corviknight|Corviknight, F, shiny|56/100
|move|p1a: Gurdurr|Knock Off|p2a: Corviknight
|-damage|p2a: Corviknight|33/100
|-damage|p1a: Gurdurr|72/100|[from] item: Rocky Helmet|[of] p2a: Corviknight
|-enditem|p2a: Corviknight|Rocky Helmet|[from] move: Knock Off|[of] p1a: Gurdurr
|
|upkeep
|turn|9
|
|t:|1776073385
|move|p2a: Corviknight|Roost|p2a: Corviknight
|-heal|p2a: Corviknight|83/100
|-singleturn|p2a: Corviknight|move: Roost
|move|p1a: Gurdurr|Thunder Punch|p2a: Corviknight
|-damage|p2a: Corviknight|68/100
|
|upkeep
|turn|10
|
|t:|1776073405
|switch|p1a: Scyther|Scyther, F, shiny|100/100
|move|p2a: Corviknight|Roost|p2a: Corviknight
|-heal|p2a: Corviknight|100/100
|-singleturn|p2a: Corviknight|move: Roost
|
|upkeep
|turn|11
|
|t:|1776073412
|switch|p2a: Dragapult|Dragapult, M, shiny|100/100
|move|p1a: Scyther|Defog|p2a: Dragapult
|-unboost|p2a: Dragapult|evasion|1
|-sideend|p1: 1bry|Spikes|[from] move: Defog|[of] p1a: Scyther
|
|upkeep
|turn|12
|
|t:|1776073419
|move|p2a: Dragapult|Draco Meteor|p1a: Scyther
|-damage|p1a: Scyther|0 fnt
|-unboost|p2a: Dragapult|spa|2
|faint|p1a: Scyther
|
|upkeep
|
|t:|1776073433
|switch|p1a: Revavroom|Revavroom, M, shiny|100/100
|-item|p1a: Revavroom|Air Balloon
|turn|13
|
|t:|1776073439
|switch|p2a: Mimikyu|Mimikyu, M, shiny|100/100
|move|p1a: Revavroom|High Horsepower|p2a: Mimikyu
|-activate|p2a: Mimikyu|ability: Disguise
|-damage|p2a: Mimikyu|100/100
|detailschange|p2a: Mimikyu|Mimikyu-Busted, M, shiny
|-damage|p2a: Mimikyu|88/100|[from] pokemon: Mimikyu-Busted
|
|upkeep
|turn|14
|
|t:|1776073451
|switch|p2a: Corviknight|Corviknight, F, shiny|100/100
|move|p1a: Revavroom|High Horsepower|p2a: Corviknight
|-immune|p2a: Corviknight
|
|upkeep
|turn|15
|
|t:|1776073461
|move|p1a: Revavroom|Temper Flare|p2a: Corviknight
|-supereffective|p2a: Corviknight
|-damage|p2a: Corviknight|37/100
|move|p2a: Corviknight|Taunt|p1a: Revavroom
|-start|p1a: Revavroom|move: Taunt
|
|upkeep
|turn|16
|
|t:|1776073477
|switch|p2a: Gengar|Gengar, M, shiny|100/100
|move|p1a: Revavroom|Temper Flare|p2a: Gengar
|-damage|p2a: Gengar|53/100
|-start|p1a: Revavroom|Disable|Temper Flare|[from] ability: Cursed Body|[of] p2a: Gengar
|
|upkeep
|turn|17
|
|t:|1776073487
|move|p2a: Gengar|Focus Blast|p1a: Revavroom
|-damage|p1a: Revavroom|21/100
|-enditem|p1a: Revavroom|Air Balloon
|-damage|p2a: Gengar|43/100|[from] item: Life Orb
|move|p1a: Revavroom|Thief|p2a: Gengar
|-supereffective|p2a: Gengar
|-damage|p2a: Gengar|0 fnt
|-enditem|p2a: Gengar|Life Orb|[silent]|[from] move: Thief|[of] p1a: Revavroom
|-item|p1a: Revavroom|Life Orb|[from] move: Thief|[of] p2a: Gengar
|faint|p2a: Gengar
|-damage|p1a: Revavroom|11/100|[from] item: Life Orb
|
|upkeep
|
|t:|1776073498
|switch|p2a: Mimikyu|Mimikyu-Busted, M, shiny|88/100
|turn|18
|
|t:|1776073503
|move|p2a: Mimikyu|Shadow Sneak|p1a: Revavroom
|-damage|p1a: Revavroom|0 fnt
|faint|p1a: Revavroom
|-damage|p2a: Mimikyu|78/100|[from] item: Life Orb
|
|upkeep
|
|t:|1776073508
|switch|p1a: Magmar|Magmar, M, shiny, tera:Psychic|43/100
|turn|19
|
|t:|1776073520
|move|p2a: Mimikyu|Shadow Sneak|p1a: Magmar
|-supereffective|p1a: Magmar
|-damage|p1a: Magmar|0 fnt
|-status|p2a: Mimikyu|brn|[from] ability: Flame Body|[of] p1a: Magmar
|faint|p1a: Magmar
|-damage|p2a: Mimikyu|68/100 brn|[from] item: Life Orb
|
|-damage|p2a: Mimikyu|62/100 brn|[from] brn
|upkeep
|
|t:|1776073525
|switch|p1a: Ambipom|Ambipom, F, shiny|20/100
|turn|20
|
|t:|1776073532
|move|p1a: Ambipom|Gunk Shot|p2a: Mimikyu
|-damage|p2a: Mimikyu|0 fnt
|faint|p2a: Mimikyu
|-damage|p1a: Ambipom|10/100|[from] item: Life Orb
|
|upkeep
|
|t:|1776073538
|switch|p2a: Corviknight|Corviknight, F, shiny|37/100
|turn|21
|
|t:|1776073542
|move|p1a: Ambipom|Triple Axel|p2a: Corviknight
|-damage|p2a: Corviknight|29/100
|-damage|p2a: Corviknight|14/100
|-hitcount|p2a: Corviknight|2
|-damage|p1a: Ambipom|0 fnt|[from] item: Life Orb
|faint|p1a: Ambipom
|move|p2a: Corviknight|Roost|p2a: Corviknight
|-heal|p2a: Corviknight|64/100
|-singleturn|p2a: Corviknight|move: Roost
|
|upkeep
|
|t:|1776073549
|switch|p1a: Gurdurr|Gurdurr, M|72/100
|turn|22
|
|t:|1776073553
|switch|p2a: Dragapult|Dragapult, M, shiny|100/100
|move|p1a: Gurdurr|Thunder Punch|p2a: Dragapult
|-resisted|p2a: Dragapult
|-damage|p2a: Dragapult|84/100
|
|upkeep
|turn|23
|
|t:|1776073561
|move|p2a: Dragapult|Draco Meteor|p1a: Gurdurr
|-damage|p1a: Gurdurr|0 fnt
|-unboost|p2a: Dragapult|spa|2
|faint|p1a: Gurdurr
|
|win|0_0grass
|raw|1bry's rating: 1122 &rarr; <strong>1095</strong><br />(-27 for losing)
|raw|0_0grass's rating: 1095 &rarr; <strong>1123</strong><br />(+28 for winning)
|l|☆1bry
|player|p1|
|l|☆0_0grass
|player|p2|
