|html|<div class="broadcast-blue"><strong>[Gen 9] OU is currently suspecting Volcarona! For information on how to participate check out the <a href="https://www.smogon.com/tools/suspects/view/208">suspect thread</a>.</strong></div>
|j|☆whentherisefalls
|j|‽Moorings
|t:|1778504907
|gametype|singles
|player|p1|whentherisefalls|lady-gen4|1585
|player|p2|Moorings|plasmagrunt-gen5bw|1620
|gen|9
|tier|[Gen 9] OU
|rated|
|rule|HP Percentage Mod: HP is shown in percentages
|rule|Endless Battle Clause: Forcing endless battles is banned
|rule|Species Clause: Limit one of each Pokémon
|rule|OHKO Clause: OHKO moves are banned
|rule|Evasion Items Clause: Evasion items are banned
|rule|Evasion Moves Clause: Evasion moves are banned
|rule|Evasion Abilities Clause: Evasion abilities are banned
|rule|Sleep Moves Clause: Sleep-inducing moves are banned
|clearpoke
|poke|p1|Great Tusk|
|poke|p1|Hatterene, F|
|poke|p1|Raging Bolt|
|poke|p1|Walking Wake|
|poke|p1|Ninetales, F|
|poke|p1|Ceruledge, M|
|poke|p2|Volcarona, M|
|poke|p2|Rillaboom, M|
|poke|p2|Hatterene, F|
|poke|p2|Great Tusk|
|poke|p2|Ogerpon-Wellspring, F|
|poke|p2|Glimmora, F|
|teampreview
|inactive|Battle timer is ON: inactive players will automatically lose when time's up. (requested by Moorings)
|
|t:|1778504921
|teamsize|p1|6
|teamsize|p2|6
|start
|switch|p1a: Ninetales|Ninetales, F|100/100
|switch|p2a: Rillaboom|Rillaboom, M|100/100
|-weather|SunnyDay|[from] ability: Drought|[of] p1a: Ninetales
|-fieldstart|move: Grassy Terrain|[from] ability: Grassy Surge|[of] p2a: Rillaboom
|turn|1
|
|t:|1778504934
|switch|p2a: Glimmora|Glimmora, F|100/100
|move|p1a: Ninetales|Overheat|p2a: Glimmora
|-resisted|p2a: Glimmora
|-damage|p2a: Glimmora|55/100
|-unboost|p1a: Ninetales|spa|2
|
|-weather|SunnyDay|[upkeep]
|-heal|p2a: Glimmora|61/100|[from] Grassy Terrain
|upkeep
|turn|2
|
|t:|1778504948
|switch|p1a: Hatterene|Hatterene, F|100/100
|move|p2a: Glimmora|Mortal Spin|p1a: Hatterene
|-supereffective|p1a: Hatterene
|-damage|p1a: Hatterene|90/100
|-status|p1a: Hatterene|psn
|-enditem|p1a: Hatterene|Eject Button
|inactive|whentherisefalls has 120 seconds left.
|
|t:|1778504980
|switch|p1a: Ninetales|Ninetales, F|100/100
|
|-weather|SunnyDay|[upkeep]
|-heal|p2a: Glimmora|68/100|[from] Grassy Terrain
|upkeep
|turn|3
|
|t:|1778504984
|move|p1a: Ninetales|Scorching Sands|p2a: Glimmora
|-supereffective|p2a: Glimmora
|-damage|p2a: Glimmora|0 fnt
|faint|p2a: Glimmora
|
|-weather|SunnyDay|[upkeep]
|upkeep
|
|t:|1778505007
|switch|p2a: Great Tusk|Great Tusk|100/100
|-activate|p2a: Great Tusk|ability: Protosynthesis
|-start|p2a: Great Tusk|protosynthesisspe
|turn|4
|inactive|whentherisefalls has 120 seconds left.
|inactive|Moorings has 120 seconds left.
|
|t:|1778505048
|-terastallize|p1a: Ninetales|Ghost
|move|p2a: Great Tusk|Headlong Rush|p1a: Ninetales
|-damage|p1a: Ninetales|23/100
|-unboost|p2a: Great Tusk|def|1
|-unboost|p2a: Great Tusk|spd|1
|move|p1a: Ninetales|Overheat|p2a: Great Tusk
|-damage|p2a: Great Tusk|0 fnt
|-unboost|p1a: Ninetales|spa|2
|faint|p2a: Great Tusk
|-end|p2a: Great Tusk|Protosynthesis|[silent]
|
|-weather|SunnyDay|[upkeep]
|-heal|p1a: Ninetales|29/100|[from] Grassy Terrain
|upkeep
|
|t:|1778505054
|switch|p2a: Volcarona|Volcarona, M|100/100
|-enditem|p2a: Volcarona|Grassy Seed
|-boost|p2a: Volcarona|def|1|[from] item: Grassy Seed
|turn|5
|inactive|Moorings has 120 seconds left.
|
|t:|1778505064
|move|p1a: Ninetales|Encore||[still]
|-fail|p1a: Ninetales
|move|p2a: Volcarona|Quiver Dance|p2a: Volcarona
|-boost|p2a: Volcarona|spa|1
|-boost|p2a: Volcarona|spd|1
|-boost|p2a: Volcarona|spe|1
|
|-weather|SunnyDay|[upkeep]
|-heal|p1a: Ninetales|36/100|[from] Grassy Terrain
|upkeep
|turn|6
|
|t:|1778505068
|move|p2a: Volcarona|Fiery Dance|p1a: Ninetales
|-damage|p1a: Ninetales|0 fnt
|-boost|p2a: Volcarona|spa|1
|faint|p1a: Ninetales
|
|-weather|SunnyDay|[upkeep]
|upkeep
|inactive|whentherisefalls has 120 seconds left.
|
|t:|1778505079
|switch|p1a: Tung God Tusk|Great Tusk|100/100
|-activate|p1a: Tung God Tusk|ability: Protosynthesis
|-start|p1a: Tung God Tusk|protosynthesisatk
|turn|7
|inactive|whentherisefalls has 120 seconds left.
|
|t:|1778505088
|move|p2a: Volcarona|Giga Drain|p1a: Tung God Tusk
|-supereffective|p1a: Tung God Tusk
|-damage|p1a: Tung God Tusk|0 fnt
|faint|p1a: Tung God Tusk
|-end|p1a: Tung God Tusk|Protosynthesis|[silent]
|
|-weather|SunnyDay|[upkeep]
|upkeep
|inactive|whentherisefalls has 120 seconds left.
|
|t:|1778505118
|switch|p1a: Ceruledge|Ceruledge, M|100/100
|turn|8
|
|t:|1778505122
|move|p2a: Volcarona|Fiery Dance|p1a: Ceruledge
|-resisted|p1a: Ceruledge
|-damage|p1a: Ceruledge|31/100
|-boost|p2a: Volcarona|spa|1
|move|p1a: Ceruledge|Bitter Blade|p2a: Volcarona
|-damage|p2a: Volcarona|5/100
|-heal|p1a: Ceruledge|75/100|[from] drain|[of] p2a: Volcarona
|-damage|p1a: Ceruledge|65/100|[from] item: Life Orb
|
|-weather|none
|-heal|p2a: Volcarona|11/100|[from] Grassy Terrain
|-heal|p1a: Ceruledge|71/100|[from] Grassy Terrain
|-fieldend|move: Grassy Terrain
|upkeep
|turn|9
|inactive|Moorings has 120 seconds left.
|
|t:|1778505155
|move|p1a: Ceruledge|Shadow Sneak|p2a: Volcarona
|-damage|p2a: Volcarona|0 fnt
|faint|p2a: Volcarona
|-damage|p1a: Ceruledge|61/100|[from] item: Life Orb
|
|upkeep
|
|t:|1778505158
|switch|p2a: Rillaboom|Rillaboom, M|100/100
|-fieldstart|move: Grassy Terrain|[from] ability: Grassy Surge|[of] p2a: Rillaboom
|turn|10
|inactive|whentherisefalls has 120 seconds left.
|inactive|Moorings has 120 seconds left.
|
|t:|1778505197
|switch|p1a: Hatterene|Hatterene, F|90/100 psn
|-terastallize|p2a: Rillaboom|Fire
|move|p2a: Rillaboom|Knock Off|p1a: Hatterene
|-damage|p1a: Hatterene|69/100 psn
|
|-heal|p1a: Hatterene|75/100 psn|[from] Grassy Terrain
|-damage|p1a: Hatterene|63/100 psn|[from] psn
|upkeep
|turn|11
|
|t:|1778505212
|move|p2a: Rillaboom|U-turn|p1a: Hatterene
|-damage|p1a: Hatterene|39/100 psn
|
|t:|1778505215
|switch|p2a: Hatterene|Hatterene, F|100/100|[from] U-turn
|-enditem|p2a: Hatterene|Grassy Seed
|-boost|p2a: Hatterene|def|1|[from] item: Grassy Seed
|move|p1a: Hatterene|Nuzzle|p2a: Hatterene
|-damage|p2a: Hatterene|98/100
|-status|p2a: Hatterene|par
|
|-heal|p1a: Hatterene|45/100 psn|[from] Grassy Terrain
|-heal|p2a: Hatterene|100/100 par|[from] Grassy Terrain
|-damage|p1a: Hatterene|33/100 psn|[from] psn
|upkeep
|turn|12
|inactive|whentherisefalls has 120 seconds left.
|
|t:|1778505238
|move|p1a: Hatterene|Psychic Noise|p2a: Hatterene
|-resisted|p2a: Hatterene
|-damage|p2a: Hatterene|81/100 par
|-start|p2a: Hatterene|move: Heal Block
|move|p2a: Hatterene|Calm Mind|p2a: Hatterene
|-boost|p2a: Hatterene|spa|1
|-boost|p2a: Hatterene|spd|1
|
|-heal|p1a: Hatterene|39/100 psn|[from] Grassy Terrain
|-damage|p1a: Hatterene|27/100 psn|[from] psn
|upkeep
|turn|13
|
|t:|1778505246
|move|p1a: Hatterene|Healing Wish|p1a: Hatterene
|faint|p1a: Hatterene
|move|p2a: Hatterene|Calm Mind|p2a: Hatterene
|-boost|p2a: Hatterene|spa|1
|-boost|p2a: Hatterene|spd|1
|
|-end|p2a: Hatterene|move: Heal Block
|upkeep
|
|t:|1778505262
|switch|p1a: Walking Wake|Walking Wake|100/100
|turn|14
|
|t:|1778505277
|-end|p1a: Walking Wake|Protosynthesis|[silent]
|switch|p1a: Ceruledge|Ceruledge, M|61/100
|-heal|p1a: Ceruledge|100/100|[from] move: Healing Wish
|move|p2a: Hatterene|Draining Kiss|p1a: Ceruledge
|-resisted|p1a: Ceruledge
|-damage|p1a: Ceruledge|78/100
|-heal|p2a: Hatterene|99/100 par|[from] drain|[of] p1a: Ceruledge
|
|-heal|p1a: Ceruledge|84/100|[from] Grassy Terrain
|-heal|p2a: Hatterene|100/100 par|[from] Grassy Terrain
|upkeep
|turn|15
|
|t:|1778505283
|move|p1a: Ceruledge|Swords Dance|p1a: Ceruledge
|-boost|p1a: Ceruledge|atk|2
|move|p2a: Hatterene|Stored Power|p1a: Ceruledge
|-damage|p1a: Ceruledge|0 fnt
|faint|p1a: Ceruledge
|
|upkeep
|-message|whentherisefalls forfeited.
|
|win|Moorings
|raw|whentherisefalls's rating: 1585 &rarr; <strong>1567</strong><br />(-18 for losing)
|raw|Moorings's rating: 1620 &rarr; <strong>1638</strong><br />(+18 for winning)
|l|☆whentherisefalls
|player|p1|
|l|‽Moorings
|player|p2|
