|html|<div class="broadcast-blue"><strong>[Gen 9] OU is currently suspecting Tera Blast! For information on how to participate check out the <a href="https://www.smogon.com/tools/suspects/view/200">suspect thread</a>.</strong></div>
|j|☆xZick
|j|☆TdbT
|t:|1776333533
|gametype|singles
|player|p1|xZick|102|1347
|player|p2|TdbT|scientist-gen4|1337
|gen|9
|tier|[Gen 9] OU
|rated|
|rule|HP Percentage Mod: HP is shown in percentages
|rule|Endless Battle Clause: Forcing endless battles is banned
|rule|Species Clause: Limit one of each Pokémon
|rule|OHKO Clause: OHKO moves are banned
|rule|Evasion Items Clause: Evasion items are banned
|rule|Evasion Moves Clause: Evasion moves are banned
|rule|Evasion Abilities Clause: Evasion abilities are banned
|rule|Sleep Moves Clause: Sleep-inducing moves are banned
|clearpoke
|poke|p1|Blaziken, M|
|poke|p1|Kingambit, M|
|poke|p1|Glimmora, M|
|poke|p1|Gliscor, M|
|poke|p1|Primarina, F|
|poke|p1|Dragonite, M|
|poke|p2|Ninetales, M|
|poke|p2|Cresselia, F|
|poke|p2|Raging Bolt|
|poke|p2|Typhlosion, F|
|poke|p2|Great Tusk|
|poke|p2|Walking Wake|
|teampreview
|inactive|Battle timer is ON: inactive players will automatically lose when time's up. (requested by TdbT)
|
|t:|1776333546
|teamsize|p1|6
|teamsize|p2|6
|start
|switch|p1a: Glimmora|Glimmora, M, shiny|100/100
|switch|p2a: Great Tusk|Great Tusk|100/100
|turn|1
|
|t:|1776333552
|move|p2a: Great Tusk|Rapid Spin|p1a: Glimmora
|-resisted|p1a: Glimmora
|-damage|p1a: Glimmora|92/100
|-boost|p2a: Great Tusk|spe|1
|-activate|p1a: Glimmora|ability: Toxic Debris
|-sidestart|p2: TdbT|move: Toxic Spikes
|-sideend|p2: TdbT|Toxic Spikes|[from] move: Rapid Spin|[of] p2a: Great Tusk
|move|p1a: Glimmora|Earth Power|p2a: Great Tusk
|-damage|p2a: Great Tusk|65/100
|
|upkeep
|turn|2
|
|t:|1776333557
|switch|p1a: Gliscor|Gliscor, M, shiny|100/100
|move|p2a: Great Tusk|Headlong Rush|p1a: Gliscor
|-immune|p1a: Gliscor
|
|-status|p1a: Gliscor|tox|[from] item: Toxic Orb
|upkeep
|turn|3
|
|t:|1776333563
|move|p2a: Great Tusk|Stealth Rock|p1a: Gliscor
|-sidestart|p1: xZick|move: Stealth Rock
|move|p1a: Gliscor|Toxic|p2a: Great Tusk
|-status|p2a: Great Tusk|tox
|
|-damage|p2a: Great Tusk|59/100 tox|[from] psn
|upkeep
|turn|4
|
|t:|1776333572
|-end|p2a: Great Tusk|Protosynthesis|[silent]
|switch|p2a: Ninetales|Ninetales, M|100/100
|-weather|SunnyDay|[from] ability: Drought|[of] p2a: Ninetales
|move|p1a: Gliscor|Earthquake|p2a: Ninetales
|-supereffective|p2a: Ninetales
|-damage|p2a: Ninetales|24/100
|
|-weather|SunnyDay|[upkeep]
|upkeep
|turn|5
|
|t:|1776333592
|switch|p2a: Cresselia|Cresselia, F|100/100
|move|p1a: Gliscor|Earthquake|p2a: Cresselia
|-immune|p2a: Cresselia|[from] ability: Levitate
|
|-weather|SunnyDay|[upkeep]
|upkeep
|turn|6
|
|t:|1776333596
|move|p1a: Gliscor|Knock Off|p2a: Cresselia
|-supereffective|p2a: Cresselia
|-damage|p2a: Cresselia|79/100
|-enditem|p2a: Cresselia|Eject Button|[from] move: Knock Off|[of] p1a: Gliscor
|move|p2a: Cresselia|Ice Beam|p1a: Gliscor
|-supereffective|p1a: Gliscor
|-damage|p1a: Gliscor|11/100 tox
|
|-weather|SunnyDay|[upkeep]
|-heal|p1a: Gliscor|23/100 tox|[from] ability: Poison Heal
|upkeep
|turn|7
|
|t:|1776333607
|switch|p2a: Raging Bolt|Raging Bolt|100/100
|-activate|p2a: Raging Bolt|ability: Protosynthesis
|-start|p2a: Raging Bolt|protosynthesisspa
|move|p1a: Gliscor|Toxic|p2a: Raging Bolt
|-status|p2a: Raging Bolt|tox
|
|-weather|SunnyDay|[upkeep]
|-heal|p1a: Gliscor|35/100 tox|[from] ability: Poison Heal
|-damage|p2a: Raging Bolt|94/100 tox|[from] psn
|upkeep
|turn|8
|
|t:|1776333615
|move|p1a: Gliscor|Protect|p1a: Gliscor
|-singleturn|p1a: Gliscor|Protect
|move|p2a: Raging Bolt|Dragon Pulse|p1a: Gliscor
|-activate|p1a: Gliscor|move: Protect
|
|-weather|SunnyDay|[upkeep]
|-heal|p1a: Gliscor|48/100 tox|[from] ability: Poison Heal
|-damage|p2a: Raging Bolt|82/100 tox|[from] psn
|upkeep
|turn|9
|
|t:|1776333627
|switch|p1a: Primarina|Primarina, F, shiny|100/100
|-damage|p1a: Primarina|88/100|[from] Stealth Rock
|move|p2a: Raging Bolt|Dragon Pulse|p1a: Primarina
|-immune|p1a: Primarina
|
|-weather|SunnyDay|[upkeep]
|-damage|p2a: Raging Bolt|64/100 tox|[from] psn
|upkeep
|turn|10
|
|t:|1776333635
|switch|p1a: Gliscor|Gliscor, M, shiny|48/100 tox
|-damage|p1a: Gliscor|35/100 tox|[from] Stealth Rock
|move|p2a: Raging Bolt|Thunderbolt|p1a: Gliscor
|-immune|p1a: Gliscor
|
|-weather|SunnyDay|[upkeep]
|-heal|p1a: Gliscor|48/100 tox|[from] ability: Poison Heal
|-damage|p2a: Raging Bolt|39/100 tox|[from] psn
|upkeep
|turn|11
|
|t:|1776333647
|-end|p2a: Raging Bolt|Protosynthesis|[silent]
|switch|p2a: Cresselia|Cresselia, F|79/100
|move|p1a: Gliscor|Earthquake|p2a: Cresselia
|-immune|p2a: Cresselia|[from] ability: Levitate
|
|-weather|none
|-heal|p1a: Gliscor|60/100 tox|[from] ability: Poison Heal
|upkeep
|turn|12
|
|t:|1776333658
|move|p1a: Gliscor|Toxic|p2a: Cresselia
|-status|p2a: Cresselia|tox
|move|p2a: Cresselia|Ice Beam|p1a: Gliscor
|-supereffective|p1a: Gliscor
|-damage|p1a: Gliscor|0 fnt
|faint|p1a: Gliscor
|
|-damage|p2a: Cresselia|73/100 tox|[from] psn
|upkeep
|
|t:|1776333665
|switch|p1a: Glimmora|Glimmora, M, shiny|92/100
|-damage|p1a: Glimmora|80/100|[from] Stealth Rock
|turn|13
|
|t:|1776333675
|move|p1a: Glimmora|Mortal Spin|p2a: Cresselia
|-damage|p2a: Cresselia|69/100 tox
|-sideend|p1: xZick|Stealth Rock|[from] move: Mortal Spin|[of] p1a: Glimmora
|move|p2a: Cresselia|Lunar Dance|p2a: Cresselia
|faint|p2a: Cresselia
|
|upkeep
|
|t:|1776333681
|switch|p2a: Great Tusk|Great Tusk|59/100 tox
|-heal|p2a: Great Tusk|100/100|[from] move: Lunar Dance
|turn|14
|
|t:|1776333687
|move|p2a: Great Tusk|Stealth Rock|p1a: Glimmora
|-sidestart|p1: xZick|move: Stealth Rock
|move|p1a: Glimmora|Mortal Spin|p2a: Great Tusk
|-resisted|p2a: Great Tusk
|-damage|p2a: Great Tusk|98/100
|-status|p2a: Great Tusk|psn
|-damage|p1a: Glimmora|63/100|[from] item: Rocky Helmet|[of] p2a: Great Tusk
|-sideend|p1: xZick|Stealth Rock|[from] move: Mortal Spin|[of] p1a: Glimmora
|
|-damage|p2a: Great Tusk|86/100 psn|[from] psn
|upkeep
|turn|15
|
|t:|1776333691
|move|p2a: Great Tusk|Headlong Rush|p1a: Glimmora
|-supereffective|p1a: Glimmora
|-damage|p1a: Glimmora|0 fnt
|-unboost|p2a: Great Tusk|def|1
|-unboost|p2a: Great Tusk|spd|1
|-activate|p1a: Glimmora|ability: Toxic Debris
|-sidestart|p2: TdbT|move: Toxic Spikes
|faint|p1a: Glimmora
|
|-damage|p2a: Great Tusk|74/100 psn|[from] psn
|upkeep
|
|t:|1776333698
|switch|p1a: Blaziken|Blaziken, M, shiny|100/100
|turn|16
|
|t:|1776333713
|move|p1a: Blaziken|Protect|p1a: Blaziken
|-singleturn|p1a: Blaziken|Protect
|move|p2a: Great Tusk|Stealth Rock|p1a: Blaziken
|-sidestart|p1: xZick|move: Stealth Rock
|
|-damage|p2a: Great Tusk|61/100 psn|[from] psn
|-ability|p1a: Blaziken|Speed Boost|boost
|-boost|p1a: Blaziken|spe|1
|upkeep
|turn|17
|
|t:|1776333723
|move|p1a: Blaziken|Flare Blitz|p2a: Great Tusk
|-damage|p2a: Great Tusk|0 fnt
|-damage|p1a: Blaziken|84/100|[from] item: Rocky Helmet|[of] p2a: Great Tusk
|faint|p2a: Great Tusk
|-end|p2a: Great Tusk|Protosynthesis|[silent]
|-damage|p1a: Blaziken|56/100|[from] Recoil
|-damage|p1a: Blaziken|46/100|[from] item: Life Orb
|
|-ability|p1a: Blaziken|Speed Boost|boost
|-boost|p1a: Blaziken|spe|1
|upkeep
|
|t:|1776333734
|switch|p2a: Raging Bolt|Raging Bolt|39/100 tox
|turn|18
|
|t:|1776333746
|move|p1a: Blaziken|Protect|p1a: Blaziken
|-singleturn|p1a: Blaziken|Protect
|move|p2a: Raging Bolt|Thunderclap||[still]
|-fail|p2a: Raging Bolt
|
|-damage|p2a: Raging Bolt|33/100 tox|[from] psn
|-ability|p1a: Blaziken|Speed Boost|boost
|-boost|p1a: Blaziken|spe|1
|upkeep
|turn|19
|
|t:|1776333752
|switch|p1a: Primarina|Primarina, F, shiny|88/100
|-damage|p1a: Primarina|76/100|[from] Stealth Rock
|move|p2a: Raging Bolt|Thunderclap||[still]
|-fail|p2a: Raging Bolt
|
|-damage|p2a: Raging Bolt|21/100 tox|[from] psn
|upkeep
|turn|20
|
|t:|1776333760
|move|p2a: Raging Bolt|Thunderbolt|p1a: Primarina
|-supereffective|p1a: Primarina
|-damage|p1a: Primarina|0 fnt
|faint|p1a: Primarina
|-damage|p2a: Raging Bolt|11/100 tox|[from] item: Life Orb
|
|-damage|p2a: Raging Bolt|0 fnt|[from] psn
|faint|p2a: Raging Bolt
|-end|p2a: Raging Bolt|Protosynthesis|[silent]
|upkeep
|
|t:|1776333772
|switch|p2a: Ninetales|Ninetales, M|24/100
|switch|p1a: Blaziken|Blaziken, M, shiny|46/100
|-status|p2a: Ninetales|psn
|-weather|SunnyDay|[from] ability: Drought|[of] p2a: Ninetales
|-damage|p1a: Blaziken|34/100|[from] Stealth Rock
|turn|21
|
|t:|1776333778
|move|p1a: Blaziken|Protect|p1a: Blaziken
|-singleturn|p1a: Blaziken|Protect
|move|p2a: Ninetales|Healing Wish|p2a: Ninetales
|faint|p2a: Ninetales
|
|-weather|SunnyDay|[upkeep]
|-ability|p1a: Blaziken|Speed Boost|boost
|-boost|p1a: Blaziken|spe|1
|upkeep
|
|t:|1776333781
|switch|p2a: Walking Wake|Walking Wake|100/100
|-status|p2a: Walking Wake|psn
|-activate|p2a: Walking Wake|ability: Protosynthesis
|-start|p2a: Walking Wake|protosynthesisspa
|turn|22
|
|t:|1776333794
|move|p1a: Blaziken|Close Combat|p2a: Walking Wake
|-damage|p2a: Walking Wake|17/100 psn
|-unboost|p1a: Blaziken|def|1
|-unboost|p1a: Blaziken|spd|1
|-damage|p1a: Blaziken|24/100|[from] item: Life Orb
|move|p2a: Walking Wake|Hydro Steam|p1a: Blaziken
|-supereffective|p1a: Blaziken
|-damage|p1a: Blaziken|0 fnt
|faint|p1a: Blaziken
|
|-weather|SunnyDay|[upkeep]
|-damage|p2a: Walking Wake|5/100 psn|[from] psn
|upkeep
|
|t:|1776333802
|switch|p1a: Dragonite|Dragonite, M|100/100
|turn|23
|
|t:|1776333809
|move|p1a: Dragonite|Extreme Speed|p2a: Walking Wake
|-damage|p2a: Walking Wake|0 fnt
|faint|p2a: Walking Wake
|-end|p2a: Walking Wake|Protosynthesis|[silent]
|
|-weather|SunnyDay|[upkeep]
|upkeep
|
|t:|1776333812
|switch|p2a: Typhlosion|Typhlosion, F|100/100
|-status|p2a: Typhlosion|psn
|turn|24
|
|t:|1776333820
|-terastallize|p2a: Typhlosion|Fire
|move|p2a: Typhlosion|Eruption|p1a: Dragonite
|-resisted|p1a: Dragonite
|-damage|p1a: Dragonite|61/100
|move|p1a: Dragonite|Earthquake|p2a: Typhlosion
|-supereffective|p2a: Typhlosion
|-damage|p2a: Typhlosion|0 fnt
|faint|p2a: Typhlosion
|
|win|xZick
|raw|xZick's rating: 1347 &rarr; <strong>1366</strong><br />(+19 for winning)
|raw|TdbT's rating: 1337 &rarr; <strong>1318</strong><br />(-19 for losing)
