|html|<div class="broadcast-blue"><strong>[Gen 9] OU is currently suspecting Volcarona! For information on how to participate check out the <a href="https://www.smogon.com/tools/suspects/view/208">suspect thread</a>.</strong></div>
|j|☆no ratings
|j|☆demonlarp
|t:|1778513226
|gametype|singles
|player|p1|no ratings|policeman-gen4|1539
|player|p2|demonlarp|cheryl|1600
|gen|9
|tier|[Gen 9] OU
|rated|
|rule|HP Percentage Mod: HP is shown in percentages
|rule|Endless Battle Clause: Forcing endless battles is banned
|rule|Species Clause: Limit one of each Pokémon
|rule|OHKO Clause: OHKO moves are banned
|rule|Evasion Items Clause: Evasion items are banned
|rule|Evasion Moves Clause: Evasion moves are banned
|rule|Evasion Abilities Clause: Evasion abilities are banned
|rule|Sleep Moves Clause: Sleep-inducing moves are banned
|clearpoke
|poke|p1|Hydrapple, M|
|poke|p1|Tyranitar, F|
|poke|p1|Moltres|
|poke|p1|Zamazenta-*|
|poke|p1|Slowking-Galar, M|
|poke|p1|Excadrill, F|
|poke|p2|Jirachi|
|poke|p2|Weezing-Galar, F|
|poke|p2|Slither Wing|
|poke|p2|Ting-Lu|
|poke|p2|Heatran, F|
|poke|p2|Dragonite, F|
|teampreview
|inactive|Battle timer is ON: inactive players will automatically lose when time's up. (requested by demonlarp)
|
|t:|1778513243
|teamsize|p1|6
|teamsize|p2|6
|start
|switch|p1a: Excadrill|Excadrill, F|100/100
|switch|p2a: Jirachi|Jirachi|100/100
|-item|p1a: Excadrill|Air Balloon
|turn|1
|
|t:|1778513248
|switch|p1a: Moltres|Moltres|100/100
|switch|p2a: Slither Wing|Slither Wing|100/100
|
|upkeep
|turn|2
|
|t:|1778513254
|-end|p2a: Slither Wing|Protosynthesis|[silent]
|switch|p2a: Heatran|Heatran, F|100/100
|move|p1a: Moltres|U-turn|p2a: Heatran
|-resisted|p2a: Heatran
|-damage|p2a: Heatran|98/100
|
|t:|1778513257
|switch|p1a: Excadrill|Excadrill, F|100/100|[from] U-turn
|-item|p1a: Excadrill|Air Balloon
|
|-heal|p2a: Heatran|100/100|[from] item: Leftovers
|upkeep
|turn|3
|
|t:|1778513261
|switch|p2a: Slither Wing|Slither Wing|100/100
|move|p1a: Excadrill|Earthquake|p2a: Slither Wing
|-resisted|p2a: Slither Wing
|-damage|p2a: Slither Wing|79/100
|
|upkeep
|turn|4
|
|t:|1778513266
|switch|p1a: Moltres|Moltres|100/100
|move|p2a: Slither Wing|U-turn|p1a: Moltres
|-resisted|p1a: Moltres
|-damage|p1a: Moltres|95/100
|
|t:|1778513271
|-end|p2a: Slither Wing|Protosynthesis|[silent]
|switch|p2a: Heatran|Heatran, F|100/100|[from] U-turn
|
|upkeep
|turn|5
|
|t:|1778513275
|move|p1a: Moltres|U-turn|p2a: Heatran
|-resisted|p2a: Heatran
|-damage|p2a: Heatran|97/100
|
|t:|1778513279
|switch|p1a: Tyranitar|Tyranitar, F|100/100|[from] U-turn
|-weather|Sandstorm|[from] ability: Sand Stream|[of] p1a: Tyranitar
|move|p2a: Heatran|Stealth Rock|p1a: Tyranitar
|-sidestart|p1: no ratings|move: Stealth Rock
|
|-weather|Sandstorm|[upkeep]
|-heal|p2a: Heatran|100/100|[from] item: Leftovers
|upkeep
|turn|6
|
|t:|1778513285
|switch|p2a: Slither Wing|Slither Wing|79/100
|move|p1a: Tyranitar|Stealth Rock|p2a: Slither Wing
|-sidestart|p2: demonlarp|move: Stealth Rock
|
|-weather|Sandstorm|[upkeep]
|-damage|p2a: Slither Wing|72/100|[from] Sandstorm
|upkeep
|turn|7
|
|t:|1778513290
|switch|p1a: Moltres|Moltres|95/100
|move|p2a: Slither Wing|Morning Sun|p2a: Slither Wing
|-heal|p2a: Slither Wing|97/100
|
|-weather|Sandstorm|[upkeep]
|-damage|p1a: Moltres|89/100|[from] Sandstorm
|-damage|p2a: Slither Wing|91/100|[from] Sandstorm
|upkeep
|turn|8
|
|t:|1778513299
|move|p1a: Moltres|U-turn|p2a: Slither Wing
|-resisted|p2a: Slither Wing
|-damage|p2a: Slither Wing|85/100
|-damage|p1a: Moltres|72/100|[from] item: Rocky Helmet|[of] p2a: Slither Wing
|
|t:|1778513307
|switch|p1a: Hydrapple|Hydrapple, M|100/100|[from] U-turn
|move|p2a: Slither Wing|U-turn|p1a: Hydrapple
|-supereffective|p1a: Hydrapple
|-damage|p1a: Hydrapple|60/100
|
|t:|1778513315
|-end|p2a: Slither Wing|Protosynthesis|[silent]
|switch|p2a: Jirachi|Jirachi|100/100|[from] U-turn
|-damage|p2a: Jirachi|94/100|[from] Stealth Rock
|
|-weather|Sandstorm|[upkeep]
|-damage|p1a: Hydrapple|54/100|[from] Sandstorm
|-heal|p2a: Jirachi|100/100|[from] item: Leftovers
|upkeep
|turn|9
|j| Favorite lovestory
|
|t:|1778513327
|switch|p1a: Slowking|Slowking-Galar, M|100/100
|-damage|p1a: Slowking|88/100|[from] Stealth Rock
|move|p2a: Jirachi|Iron Head|p1a: Slowking
|-damage|p1a: Slowking|67/100
|
|-weather|Sandstorm|[upkeep]
|-damage|p1a: Slowking|61/100|[from] Sandstorm
|upkeep
|turn|10
|
|t:|1778513336
|move|p2a: Jirachi|U-turn|p1a: Slowking
|-damage|p1a: Slowking|47/100
|
|t:|1778513338
|switch|p2a: Ting-Lu|Ting-Lu|100/100|[from] U-turn
|-damage|p2a: Ting-Lu|94/100|[from] Stealth Rock
|-ability|p2a: Ting-Lu|Vessel of Ruin
|move|p1a: Slowking|Flamethrower|p2a: Ting-Lu
|-damage|p2a: Ting-Lu|83/100
|-status|p2a: Ting-Lu|brn
|
|-weather|Sandstorm|[upkeep]
|-damage|p1a: Slowking|41/100|[from] Sandstorm
|-heal|p2a: Ting-Lu|90/100 brn|[from] item: Leftovers
|-damage|p2a: Ting-Lu|83/100 brn|[from] brn
|upkeep
|turn|11
|
|t:|1778513347
|switch|p1a: Excadrill|Excadrill, F|100/100
|-damage|p1a: Excadrill|97/100|[from] Stealth Rock
|-item|p1a: Excadrill|Air Balloon
|move|p2a: Ting-Lu|Spikes|p1a: Excadrill
|-sidestart|p1: no ratings|Spikes
|
|-weather|Sandstorm|[upkeep]
|-heal|p2a: Ting-Lu|90/100 brn|[from] item: Leftovers
|-damage|p2a: Ting-Lu|83/100 brn|[from] brn
|upkeep
|turn|12
|
|t:|1778513352
|move|p1a: Excadrill|Rapid Spin|p2a: Ting-Lu
|-damage|p2a: Ting-Lu|74/100 brn
|-boost|p1a: Excadrill|spe|1
|-sideend|p1: no ratings|Spikes|[from] move: Rapid Spin|[of] p1a: Excadrill
|-sideend|p1: no ratings|Stealth Rock|[from] move: Rapid Spin|[of] p1a: Excadrill
|move|p2a: Ting-Lu|Ruination|p1a: Excadrill
|-damage|p1a: Excadrill|49/100
|-enditem|p1a: Excadrill|Air Balloon
|
|-weather|none
|-heal|p2a: Ting-Lu|80/100 brn|[from] item: Leftovers
|-damage|p2a: Ting-Lu|74/100 brn|[from] brn
|upkeep
|turn|13
|
|t:|1778513356
|switch|p1a: Hydrapple|Hydrapple, M|87/100
|move|p2a: Ting-Lu|Spikes|p1a: Hydrapple
|-sidestart|p1: no ratings|Spikes
|
|-heal|p2a: Ting-Lu|80/100 brn|[from] item: Leftovers
|-damage|p2a: Ting-Lu|74/100 brn|[from] brn
|upkeep
|turn|14
|
|t:|1778513359
|switch|p2a: Jirachi|Jirachi|100/100
|-damage|p2a: Jirachi|94/100|[from] Stealth Rock
|move|p1a: Hydrapple|Nasty Plot|p1a: Hydrapple
|-boost|p1a: Hydrapple|spa|2
|
|-heal|p2a: Jirachi|100/100|[from] item: Leftovers
|upkeep
|turn|15
|
|t:|1778513364
|move|p2a: Jirachi|U-turn|p1a: Hydrapple
|-supereffective|p1a: Hydrapple
|-damage|p1a: Hydrapple|66/100
|
|t:|1778513368
|switch|p2a: Slither Wing|Slither Wing|85/100|[from] U-turn
|-damage|p2a: Slither Wing|73/100|[from] Stealth Rock
|move|p1a: Hydrapple|Earth Power|p2a: Slither Wing
|-resisted|p2a: Slither Wing
|-damage|p2a: Slither Wing|50/100
|
|upkeep
|turn|16
|
|t:|1778513374
|switch|p1a: Moltres|Moltres|72/100
|move|p2a: Slither Wing|U-turn|p1a: Moltres
|-resisted|p1a: Moltres
|-damage|p1a: Moltres|67/100
|-status|p2a: Slither Wing|brn|[from] ability: Flame Body|[of] p1a: Moltres
|
|t:|1778513382
|-end|p2a: Slither Wing|Protosynthesis|[silent]
|switch|p2a: Heatran|Heatran, F|100/100|[from] U-turn
|-damage|p2a: Heatran|88/100|[from] Stealth Rock
|
|-heal|p2a: Heatran|94/100|[from] item: Leftovers
|upkeep
|turn|17
|
|t:|1778513386
|move|p1a: Moltres|U-turn|p2a: Heatran
|-resisted|p2a: Heatran
|-damage|p2a: Heatran|91/100
|
|t:|1778513389
|switch|p1a: Excadrill|Excadrill, F|49/100|[from] U-turn
|-damage|p1a: Excadrill|37/100|[from] Spikes
|move|p2a: Heatran|Magma Storm|p1a: Excadrill
|-supereffective|p1a: Excadrill
|-damage|p1a: Excadrill|0 fnt
|faint|p1a: Excadrill
|
|-heal|p2a: Heatran|98/100|[from] item: Leftovers
|upkeep
|
|t:|1778513398
|switch|p1a: Zamazenta|Zamazenta|100/100
|-damage|p1a: Zamazenta|88/100|[from] Spikes
|-ability|p1a: Zamazenta|Dauntless Shield|boost
|-boost|p1a: Zamazenta|def|1
|turn|18
|
|t:|1778513403
|switch|p2a: Weezing|Weezing-Galar, F|100/100
|-ability|p2a: Weezing|Neutralizing Gas
|move|p1a: Zamazenta|Iron Defense|p1a: Zamazenta
|-boost|p1a: Zamazenta|def|2
|
|-heal|p1a: Zamazenta|94/100|[from] item: Leftovers
|upkeep
|turn|19
|
|t:|1778513411
|switch|p1a: Moltres|Moltres|67/100
|move|p2a: Weezing|Sludge Bomb|p1a: Moltres
|-damage|p1a: Moltres|39/100
|-status|p1a: Moltres|psn
|
|-damage|p1a: Moltres|26/100 psn|[from] psn
|upkeep
|turn|20
|
|t:|1778513415
|-end|p2a: Weezing|ability: Neutralizing Gas
|switch|p2a: Heatran|Heatran, F|98/100
|-damage|p2a: Heatran|85/100|[from] Stealth Rock
|move|p1a: Moltres|Roost|p1a: Moltres
|-heal|p1a: Moltres|76/100 psn
|-singleturn|p1a: Moltres|move: Roost
|
|-heal|p2a: Heatran|91/100|[from] item: Leftovers
|-damage|p1a: Moltres|64/100 psn|[from] psn
|upkeep
|turn|21
|
|t:|1778513418
|move|p1a: Moltres|U-turn|p2a: Heatran
|-resisted|p2a: Heatran
|-damage|p2a: Heatran|89/100
|
|t:|1778513420
|switch|p1a: Tyranitar|Tyranitar, F|100/100|[from] U-turn
|-damage|p1a: Tyranitar|88/100|[from] Spikes
|-weather|Sandstorm|[from] ability: Sand Stream|[of] p1a: Tyranitar
|move|p2a: Heatran|Stealth Rock|p1a: Tyranitar
|-sidestart|p1: no ratings|move: Stealth Rock
|
|-weather|Sandstorm|[upkeep]
|-heal|p2a: Heatran|95/100|[from] item: Leftovers
|upkeep
|turn|22
|
|t:|1778513430
|switch|p2a: Ting-Lu|Ting-Lu|74/100 brn
|-damage|p2a: Ting-Lu|68/100 brn|[from] Stealth Rock
|-ability|p2a: Ting-Lu|Vessel of Ruin
|move|p1a: Tyranitar|Knock Off|p2a: Ting-Lu
|-resisted|p2a: Ting-Lu
|-damage|p2a: Ting-Lu|56/100 brn
|-enditem|p2a: Ting-Lu|Leftovers|[from] move: Knock Off|[of] p1a: Tyranitar
|
|-weather|Sandstorm|[upkeep]
|-damage|p2a: Ting-Lu|50/100 brn|[from] brn
|upkeep
|turn|23
|
|t:|1778513440
|switch|p1a: Hydrapple|Hydrapple, M|99/100
|move|p2a: Ting-Lu|Spikes|p1a: Hydrapple
|-sidestart|p1: no ratings|Spikes
|
|-weather|Sandstorm|[upkeep]
|-damage|p1a: Hydrapple|94/100|[from] Sandstorm
|-damage|p2a: Ting-Lu|44/100 brn|[from] brn
|upkeep
|turn|24
|
|t:|1778513447
|move|p1a: Hydrapple|Nasty Plot|p1a: Hydrapple
|-boost|p1a: Hydrapple|spa|2
|move|p2a: Ting-Lu|Spikes|p1a: Hydrapple
|-sidestart|p1: no ratings|Spikes
|
|-weather|Sandstorm|[upkeep]
|-damage|p1a: Hydrapple|87/100|[from] Sandstorm
|-damage|p2a: Ting-Lu|37/100 brn|[from] brn
|upkeep
|turn|25
|
|t:|1778513452
|move|p1a: Hydrapple|Giga Drain|p2a: Ting-Lu
|-supereffective|p2a: Ting-Lu
|-damage|p2a: Ting-Lu|0 fnt
|-heal|p1a: Hydrapple|100/100|[from] drain|[of] p2a: Ting-Lu
|faint|p2a: Ting-Lu
|
|-weather|Sandstorm|[upkeep]
|-damage|p1a: Hydrapple|94/100|[from] Sandstorm
|upkeep
|
|t:|1778513462
|switch|p2a: Jirachi|Jirachi|100/100
|-damage|p2a: Jirachi|94/100|[from] Stealth Rock
|turn|26
|
|t:|1778513466
|move|p2a: Jirachi|Iron Head|p1a: Hydrapple
|-damage|p1a: Hydrapple|79/100
|move|p1a: Hydrapple|Earth Power|p2a: Jirachi
|-supereffective|p2a: Jirachi
|-damage|p2a: Jirachi|29/100
|
|-weather|Sandstorm|[upkeep]
|-damage|p1a: Hydrapple|72/100|[from] Sandstorm
|-heal|p2a: Jirachi|35/100|[from] item: Leftovers
|upkeep
|turn|27
|
|t:|1778513472
|move|p2a: Jirachi|Protect|p2a: Jirachi
|-singleturn|p2a: Jirachi|Protect
|move|p1a: Hydrapple|Earth Power|p2a: Jirachi
|-activate|p2a: Jirachi|move: Protect
|
|-weather|Sandstorm|[upkeep]
|-damage|p1a: Hydrapple|66/100|[from] Sandstorm
|-heal|p2a: Jirachi|41/100|[from] item: Leftovers
|upkeep
|turn|28
|
|t:|1778513474
|move|p2a: Jirachi|Iron Head|p1a: Hydrapple
|-damage|p1a: Hydrapple|50/100
|cant|p1a: Hydrapple|flinch
|
|-weather|none
|-heal|p2a: Jirachi|48/100|[from] item: Leftovers
|upkeep
|turn|29
|
|t:|1778513481
|switch|p1a: Moltres|Moltres|64/100 psn
|move|p2a: Jirachi|Protect||[still]
|-fail|p2a: Jirachi
|
|-heal|p2a: Jirachi|54/100|[from] item: Leftovers
|-damage|p1a: Moltres|52/100 psn|[from] psn
|upkeep
|turn|30
|
|t:|1778513488
|switch|p2a: Heatran|Heatran, F|95/100
|-damage|p2a: Heatran|82/100|[from] Stealth Rock
|move|p1a: Moltres|U-turn|p2a: Heatran
|-resisted|p2a: Heatran
|-damage|p2a: Heatran|79/100
|
|t:|1778513494
|switch|p1a: Tyranitar|Tyranitar, F|88/100|[from] U-turn
|-damage|p1a: Tyranitar|63/100|[from] Spikes
|-damage|p1a: Tyranitar|51/100|[from] Stealth Rock
|-weather|Sandstorm|[from] ability: Sand Stream|[of] p1a: Tyranitar
|
|-weather|Sandstorm|[upkeep]
|-heal|p2a: Heatran|86/100|[from] item: Leftovers
|upkeep
|turn|31
|
|t:|1778513502
|switch|p2a: Weezing|Weezing-Galar, F|100/100
|-ability|p2a: Weezing|Neutralizing Gas
|move|p1a: Tyranitar|Knock Off|p2a: Weezing
|-resisted|p2a: Weezing
|-damage|p2a: Weezing|86/100
|-enditem|p2a: Weezing|Heavy-Duty Boots|[from] move: Knock Off|[of] p1a: Tyranitar
|
|-weather|Sandstorm|[upkeep]
|-damage|p2a: Weezing|80/100|[from] Sandstorm
|upkeep
|turn|32
|
|t:|1778513506
|move|p2a: Weezing|Will-O-Wisp|p1a: Tyranitar
|-status|p1a: Tyranitar|brn
|move|p1a: Tyranitar|Thunder Wave|p2a: Weezing
|-status|p2a: Weezing|par
|
|-weather|Sandstorm|[upkeep]
|-damage|p2a: Weezing|74/100 par|[from] Sandstorm
|-damage|p1a: Tyranitar|45/100 brn|[from] brn
|upkeep
|turn|33
|
|t:|1778513513
|-end|p2a: Weezing|ability: Neutralizing Gas
|switch|p2a: Slither Wing|Slither Wing|50/100 brn
|-damage|p2a: Slither Wing|38/100 brn|[from] Stealth Rock
|move|p1a: Tyranitar|Ice Beam|p2a: Slither Wing
|-damage|p2a: Slither Wing|19/100 brn
|
|-weather|Sandstorm|[upkeep]
|-damage|p2a: Slither Wing|13/100 brn|[from] Sandstorm
|-damage|p2a: Slither Wing|6/100 brn|[from] brn
|-damage|p1a: Tyranitar|38/100 brn|[from] brn
|upkeep
|turn|34
|
|t:|1778513523
|switch|p1a: Moltres|Moltres|52/100 psn
|move|p2a: Slither Wing|Morning Sun|p2a: Slither Wing
|-heal|p2a: Slither Wing|31/100 brn
|
|-weather|Sandstorm|[upkeep]
|-damage|p1a: Moltres|46/100 psn|[from] Sandstorm
|-damage|p2a: Slither Wing|25/100 brn|[from] Sandstorm
|-damage|p1a: Moltres|34/100 psn|[from] psn
|-damage|p2a: Slither Wing|19/100 brn|[from] brn
|upkeep
|turn|35
|
|t:|1778513534
|move|p1a: Moltres|Roost|p1a: Moltres
|-heal|p1a: Moltres|84/100 psn
|-singleturn|p1a: Moltres|move: Roost
|move|p2a: Slither Wing|Morning Sun|p2a: Slither Wing
|-heal|p2a: Slither Wing|44/100 brn
|
|-weather|Sandstorm|[upkeep]
|-damage|p1a: Moltres|78/100 psn|[from] Sandstorm
|-damage|p2a: Slither Wing|38/100 brn|[from] Sandstorm
|-damage|p1a: Moltres|66/100 psn|[from] psn
|-damage|p2a: Slither Wing|31/100 brn|[from] brn
|upkeep
|turn|36
|
|t:|1778513544
|-end|p2a: Slither Wing|Protosynthesis|[silent]
|switch|p2a: Heatran|Heatran, F|86/100
|-damage|p2a: Heatran|73/100|[from] Stealth Rock
|move|p1a: Moltres|Flamethrower|p2a: Heatran
|-start|p2a: Heatran|ability: Flash Fire
|
|-weather|Sandstorm|[upkeep]
|-damage|p1a: Moltres|60/100 psn|[from] Sandstorm
|-heal|p2a: Heatran|79/100|[from] item: Leftovers
|-damage|p1a: Moltres|47/100 psn|[from] psn
|upkeep
|turn|37
|
|t:|1778513549
|move|p1a: Moltres|Roost|p1a: Moltres
|-heal|p1a: Moltres|97/100 psn
|-singleturn|p1a: Moltres|move: Roost
|move|p2a: Heatran|Magma Storm|p1a: Moltres|[miss]
|-miss|p2a: Heatran|p1a: Moltres
|
|-weather|none
|-heal|p2a: Heatran|86/100|[from] item: Leftovers
|-damage|p1a: Moltres|85/100 psn|[from] psn
|upkeep
|turn|38
|
|t:|1778513552
|move|p1a: Moltres|U-turn|p2a: Heatran
|-resisted|p2a: Heatran
|-damage|p2a: Heatran|83/100
|
|t:|1778513557
|switch|p1a: Tyranitar|Tyranitar, F|38/100 brn|[from] U-turn
|-damage|p1a: Tyranitar|14/100 brn|[from] Spikes
|-damage|p1a: Tyranitar|1/100 brn|[from] Stealth Rock
|-weather|Sandstorm|[from] ability: Sand Stream|[of] p1a: Tyranitar
|move|p2a: Heatran|Magma Storm|p1a: Tyranitar
|-resisted|p1a: Tyranitar
|-damage|p1a: Tyranitar|0 fnt
|faint|p1a: Tyranitar
|
|-weather|Sandstorm|[upkeep]
|-heal|p2a: Heatran|89/100|[from] item: Leftovers
|upkeep
|
|t:|1778513560
|switch|p1a: Zamazenta|Zamazenta|94/100
|-damage|p1a: Zamazenta|69/100|[from] Spikes
|-damage|p1a: Zamazenta|63/100|[from] Stealth Rock
|turn|39
|
|t:|1778513567
|-end|p2a: Heatran|ability: Flash Fire|[silent]
|switch|p2a: Weezing|Weezing-Galar, F|74/100 par
|-ability|p2a: Weezing|Neutralizing Gas
|-damage|p2a: Weezing|62/100 par|[from] Stealth Rock
|move|p1a: Zamazenta|Body Press|p2a: Weezing
|-resisted|p2a: Weezing
|-damage|p2a: Weezing|55/100 par
|
|-weather|Sandstorm|[upkeep]
|-damage|p1a: Zamazenta|57/100|[from] Sandstorm
|-damage|p2a: Weezing|49/100 par|[from] Sandstorm
|-heal|p1a: Zamazenta|63/100|[from] item: Leftovers
|upkeep
|turn|40
|
|t:|1778513575
|-terastallize|p1a: Zamazenta|Fire
|move|p1a: Zamazenta|Iron Defense|p1a: Zamazenta
|-boost|p1a: Zamazenta|def|2
|move|p2a: Weezing|Will-O-Wisp|p1a: Zamazenta
|-immune|p1a: Zamazenta
|
|-weather|Sandstorm|[upkeep]
|-damage|p1a: Zamazenta|57/100|[from] Sandstorm
|-damage|p2a: Weezing|43/100 par|[from] Sandstorm
|-heal|p1a: Zamazenta|63/100|[from] item: Leftovers
|upkeep
|turn|41
|
|t:|1778513582
|move|p2a: Weezing|Sludge Bomb|p1a: Zamazenta
|-damage|p1a: Zamazenta|36/100
|move|p1a: Zamazenta|Roar|p2a: Weezing
|-end|p2a: Weezing|ability: Neutralizing Gas
|drag|p2a: Heatran|Heatran, F|89/100
|-damage|p2a: Heatran|76/100|[from] Stealth Rock
|
|-weather|Sandstorm|[upkeep]
|-damage|p1a: Zamazenta|30/100|[from] Sandstorm
|-heal|p1a: Zamazenta|36/100|[from] item: Leftovers
|-heal|p2a: Heatran|83/100|[from] item: Leftovers
|upkeep
|turn|42
|
|t:|1778513591
|switch|p2a: Slither Wing|Slither Wing|31/100 brn
|-damage|p2a: Slither Wing|19/100 brn|[from] Stealth Rock
|move|p1a: Zamazenta|Body Press|p2a: Slither Wing
|-resisted|p2a: Slither Wing
|-damage|p2a: Slither Wing|0 fnt
|-damage|p1a: Zamazenta|20/100|[from] item: Rocky Helmet|[of] p2a: Slither Wing
|faint|p2a: Slither Wing
|-end|p2a: Slither Wing|Protosynthesis|[silent]
|
|-weather|Sandstorm|[upkeep]
|-damage|p1a: Zamazenta|13/100|[from] Sandstorm
|-heal|p1a: Zamazenta|20/100|[from] item: Leftovers
|upkeep
|
|t:|1778513596
|switch|p2a: Dragonite|Dragonite, F|100/100
|turn|43
|
|t:|1778513605
|move|p1a: Zamazenta|Body Press|p2a: Dragonite
|-resisted|p2a: Dragonite
|-damage|p2a: Dragonite|85/100
|move|p2a: Dragonite|Earthquake|p1a: Zamazenta
|-supereffective|p1a: Zamazenta
|-damage|p1a: Zamazenta|0 fnt
|faint|p1a: Zamazenta
|
|-weather|Sandstorm|[upkeep]
|-damage|p2a: Dragonite|79/100|[from] Sandstorm
|upkeep
|
|t:|1778513618
|switch|p1a: Moltres|Moltres|85/100 psn
|turn|44
|
|t:|1778513623
|move|p2a: Dragonite|Roost|p2a: Dragonite
|-heal|p2a: Dragonite|100/100
|-singleturn|p2a: Dragonite|move: Roost
|move|p1a: Moltres|Roar|p2a: Dragonite
|drag|p2a: Weezing|Weezing-Galar, F|43/100 par
|-ability|p2a: Weezing|Neutralizing Gas
|-damage|p2a: Weezing|31/100 par|[from] Stealth Rock
|
|-weather|Sandstorm|[upkeep]
|-damage|p1a: Moltres|79/100 psn|[from] Sandstorm
|-damage|p2a: Weezing|25/100 par|[from] Sandstorm
|-damage|p1a: Moltres|67/100 psn|[from] psn
|upkeep
|turn|45
|
|t:|1778513628
|move|p1a: Moltres|U-turn|p2a: Weezing
|-resisted|p2a: Weezing
|-damage|p2a: Weezing|23/100 par
|
|t:|1778513632
|switch|p1a: Hydrapple|Hydrapple, M|83/100|[from] U-turn
|cant|p2a: Weezing|par
|
|-weather|none
|upkeep
|turn|46
|
|t:|1778513636
|move|p1a: Hydrapple|Nasty Plot|p1a: Hydrapple
|-boost|p1a: Hydrapple|spa|2
|move|p2a: Weezing|Sludge Bomb|p1a: Hydrapple
|-supereffective|p1a: Hydrapple
|-crit|p1a: Hydrapple
|-damage|p1a: Hydrapple|1/100
|-status|p1a: Hydrapple|psn
|
|-damage|p1a: Hydrapple|0 fnt|[from] psn
|faint|p1a: Hydrapple
|upkeep
|
|t:|1778513641
|switch|p1a: Slowking|Slowking-Galar, M|74/100
|-damage|p1a: Slowking|49/100|[from] Spikes
|-damage|p1a: Slowking|37/100|[from] Stealth Rock
|turn|47
|
|t:|1778513645
|move|p1a: Slowking|Psyshock|p2a: Weezing
|-supereffective|p2a: Weezing
|-crit|p2a: Weezing
|-damage|p2a: Weezing|0 fnt
|faint|p2a: Weezing
|-end|p2a: Weezing|ability: Neutralizing Gas
|
|upkeep
|
|t:|1778513651
|switch|p2a: Dragonite|Dragonite, F|100/100
|turn|48
|
|t:|1778513663
|move|p2a: Dragonite|Earthquake|p1a: Slowking
|-supereffective|p1a: Slowking
|-damage|p1a: Slowking|0 fnt
|faint|p1a: Slowking
|
|upkeep
|-message|no ratings forfeited.
|
|win|demonlarp
|raw|no ratings's rating: 1539 &rarr; <strong>1522</strong><br />(-17 for losing)
|raw|demonlarp's rating: 1600 &rarr; <strong>1617</strong><br />(+17 for winning)
|l|☆no ratings
|player|p1|
|l|☆demonlarp
|player|p2|
|l| Favorite lovestory
