|html|<div class="broadcast-blue"><strong>[Gen 9] OU is currently suspecting Volcarona! For information on how to participate check out the <a href="https://www.smogon.com/tools/suspects/view/208">suspect thread</a>.</strong></div>
|badge|p1|bronze|gen9ou|100-9
|badge|p1|silver|gen9ru|30-9
|uhtml|medal-msg|<div class="broadcast-blue">Curious what those medals under the avatar are? PS now has Ladder Seasons! For more information, check out the <a href="https://www.smogon.com/forums/threads/3740067/">thread on Smogon.</a></div>
|badge|p2|bronze|gen9ou|100-9
|uhtml|medal-msg|<div class="broadcast-blue">Curious what those medals under the avatar are? PS now has Ladder Seasons! For more information, check out the <a href="https://www.smogon.com/forums/threads/3740067/">thread on Smogon.</a></div>
|j|☆RedemptiveSketch
|j|☆Auburn Hills
|t:|1778502579
|gametype|singles
|player|p1|RedemptiveSketch|boarder-gen2|1799
|player|p2|Auburn Hills|alder|1794
|gen|9
|tier|[Gen 9] OU
|rated|
|rule|HP Percentage Mod: HP is shown in percentages
|rule|Endless Battle Clause: Forcing endless battles is banned
|rule|Species Clause: Limit one of each Pokémon
|rule|OHKO Clause: OHKO moves are banned
|rule|Evasion Items Clause: Evasion items are banned
|rule|Evasion Moves Clause: Evasion moves are banned
|rule|Evasion Abilities Clause: Evasion abilities are banned
|rule|Sleep Moves Clause: Sleep-inducing moves are banned
|clearpoke
|poke|p1|Ribombee, F|
|poke|p1|Lokix, F|
|poke|p1|Raging Bolt|
|poke|p1|Great Tusk|
|poke|p1|Gholdengo|
|poke|p1|Iron Moth|
|poke|p2|Iron Moth|
|poke|p2|Umbreon, F|
|poke|p2|Garchomp, M|
|poke|p2|Glimmora, M|
|poke|p2|Gholdengo|
|poke|p2|Dragonite, F|
|teampreview
|inactive|Battle timer is ON: inactive players will automatically lose when time's up. (requested by RedemptiveSketch)
|
|t:|1778502583
|teamsize|p1|6
|teamsize|p2|6
|start
|switch|p1a: Ribombee|Ribombee, F, shiny|100/100
|switch|p2a: Julia Jacklin|Glimmora, M|100/100
|turn|1
|
|t:|1778502588
|move|p1a: Ribombee|Sticky Web|p2a: Julia Jacklin
|-sidestart|p2: Auburn Hills|move: Sticky Web
|move|p2a: Julia Jacklin|Sludge Wave|p1a: Ribombee
|-supereffective|p1a: Ribombee
|-enditem|p1a: Ribombee|Focus Sash
|-damage|p1a: Ribombee|1/100
|
|upkeep
|turn|2
|
|t:|1778502592
|switch|p1a: Gholdengo|Gholdengo, shiny|100/100
|-item|p1a: Gholdengo|Air Balloon
|move|p2a: Julia Jacklin|Stealth Rock|p1a: Gholdengo
|-sidestart|p1: RedemptiveSketch|move: Stealth Rock
|
|upkeep
|turn|3
|
|t:|1778502595
|switch|p2a: Alvvays|Umbreon, F|100/100
|-activate|p2a: Alvvays|move: Sticky Web
|-unboost|p2a: Alvvays|spe|1
|move|p1a: Gholdengo|Shadow Ball|p2a: Alvvays
|-resisted|p2a: Alvvays
|-damage|p2a: Alvvays|90/100
|
|-heal|p2a: Alvvays|96/100|[from] item: Leftovers
|upkeep
|turn|4
|
|t:|1778502602
|switch|p1a: Ribombee|Ribombee, F, shiny|1/100
|-damage|p1a: Ribombee|0 fnt|[from] Stealth Rock
|faint|p1a: Ribombee
|move|p2a: Alvvays|Foul Play|p1: Ribombee|[notarget]
|-fail|p2a: Alvvays
|
|-heal|p2a: Alvvays|100/100|[from] item: Leftovers
|upkeep
|
|t:|1778502607
|switch|p1a: Iron Moth|Iron Moth, shiny|100/100
|-damage|p1a: Iron Moth|76/100|[from] Stealth Rock
|-enditem|p1a: Iron Moth|Booster Energy
|-activate|p1a: Iron Moth|ability: Quark Drive|[fromitem]
|-start|p1a: Iron Moth|quarkdrivespa
|turn|5
|
|t:|1778502610
|move|p1a: Iron Moth|Fiery Dance|p2a: Alvvays
|-damage|p2a: Alvvays|73/100
|move|p2a: Alvvays|Foul Play|p1a: Iron Moth
|-damage|p1a: Iron Moth|43/100
|
|-heal|p2a: Alvvays|79/100|[from] item: Leftovers
|upkeep
|turn|6
|
|t:|1778502615
|move|p1a: Iron Moth|Dazzling Gleam|p2a: Alvvays
|-supereffective|p2a: Alvvays
|-damage|p2a: Alvvays|39/100
|move|p2a: Alvvays|Thunder Wave|p1a: Iron Moth
|-status|p1a: Iron Moth|par
|
|-heal|p2a: Alvvays|45/100|[from] item: Leftovers
|upkeep
|turn|7
|
|t:|1778502618
|move|p2a: Alvvays|Protect|p2a: Alvvays
|-singleturn|p2a: Alvvays|Protect
|cant|p1a: Iron Moth|par
|
|-heal|p2a: Alvvays|51/100|[from] item: Leftovers
|upkeep
|turn|8
|
|t:|1778502622
|-end|p1a: Iron Moth|Quark Drive|[silent]
|switch|p1a: Great Tusk|Great Tusk, shiny|100/100
|-damage|p1a: Great Tusk|98/100|[from] Stealth Rock
|-enditem|p1a: Great Tusk|Booster Energy
|-activate|p1a: Great Tusk|ability: Protosynthesis|[fromitem]
|-start|p1a: Great Tusk|protosynthesisatk
|move|p2a: Alvvays|Wish|p2a: Alvvays
|
|-heal|p2a: Alvvays|57/100|[from] item: Leftovers
|upkeep
|turn|9
|
|t:|1778502627
|move|p2a: Alvvays|Protect|p2a: Alvvays
|-singleturn|p2a: Alvvays|Protect
|move|p1a: Great Tusk|Close Combat|p2a: Alvvays
|-activate|p2a: Alvvays|move: Protect
|
|-heal|p2a: Alvvays|100/100|[from] move: Wish|[wisher] Alvvays
|upkeep
|turn|10
|
|t:|1778502630
|switch|p2a: Smino|Gholdengo|100/100
|-activate|p2a: Smino|move: Sticky Web
|-unboost|p2a: Smino|spe|1
|move|p1a: Great Tusk|Head Smash|p2a: Smino|[miss]
|-miss|p1a: Great Tusk|p2a: Smino
|
|upkeep
|turn|11
|
|t:|1778502634
|-terastallize|p2a: Smino|Flying
|move|p1a: Great Tusk|Headlong Rush|p2a: Smino
|-immune|p2a: Smino
|move|p2a: Smino|Make It Rain|p1a: Great Tusk
|-damage|p1a: Great Tusk|0 fnt
|-unboost|p2a: Smino|spa|1
|faint|p1a: Great Tusk
|-end|p1a: Great Tusk|Protosynthesis|[silent]
|
|upkeep
|
|t:|1778502640
|switch|p1a: Raging Bolt|Raging Bolt|100/100
|-damage|p1a: Raging Bolt|88/100|[from] Stealth Rock
|-enditem|p1a: Raging Bolt|Booster Energy
|-activate|p1a: Raging Bolt|ability: Protosynthesis|[fromitem]
|-start|p1a: Raging Bolt|protosynthesisspa
|turn|12
|
|t:|1778502644
|switch|p2a: Alvvays|Umbreon, F|100/100
|-activate|p2a: Alvvays|move: Sticky Web
|-unboost|p2a: Alvvays|spe|1
|move|p1a: Raging Bolt|Calm Mind|p1a: Raging Bolt
|-boost|p1a: Raging Bolt|spa|1
|-boost|p1a: Raging Bolt|spd|1
|
|upkeep
|turn|13
|
|t:|1778502649
|move|p1a: Raging Bolt|Thunderbolt|p2a: Alvvays
|-damage|p2a: Alvvays|50/100
|move|p2a: Alvvays|Foul Play|p1a: Raging Bolt
|-damage|p1a: Raging Bolt|68/100
|
|-heal|p2a: Alvvays|56/100|[from] item: Leftovers
|upkeep
|turn|14
|
|t:|1778502655
|move|p1a: Raging Bolt|Calm Mind|p1a: Raging Bolt
|-boost|p1a: Raging Bolt|spa|1
|-boost|p1a: Raging Bolt|spd|1
|move|p2a: Alvvays|Foul Play|p1a: Raging Bolt
|-damage|p1a: Raging Bolt|50/100
|
|-heal|p2a: Alvvays|62/100|[from] item: Leftovers
|upkeep
|turn|15
|
|t:|1778502658
|move|p2a: Alvvays|Protect|p2a: Alvvays
|-singleturn|p2a: Alvvays|Protect
|move|p1a: Raging Bolt|Thunderbolt|p2a: Alvvays
|-activate|p2a: Alvvays|move: Protect
|
|-heal|p2a: Alvvays|68/100|[from] item: Leftovers
|upkeep
|turn|16
|
|t:|1778502661
|move|p1a: Raging Bolt|Thunderbolt|p2a: Alvvays
|-damage|p2a: Alvvays|1/100
|move|p2a: Alvvays|Foul Play|p1a: Raging Bolt
|-damage|p1a: Raging Bolt|30/100
|
|-heal|p2a: Alvvays|7/100|[from] item: Leftovers
|upkeep
|turn|17
|c|☆RedemptiveSketch|bro
|c|☆RedemptiveSketch|a 97 percent
|
|t:|1778502676
|move|p1a: Raging Bolt|Dragon Pulse|p2a: Alvvays
|-damage|p2a: Alvvays|0 fnt
|faint|p2a: Alvvays
|
|upkeep
|
|t:|1778502680
|switch|p2a: Elucid|Dragonite, F|100/100
|turn|18
|
|t:|1778502688
|-terastallize|p1a: Raging Bolt|Ghost
|move|p2a: Elucid|Earthquake|p1a: Raging Bolt
|-damage|p1a: Raging Bolt|0 fnt
|faint|p1a: Raging Bolt
|-end|p1a: Raging Bolt|Protosynthesis|[silent]
|
|upkeep
|c|☆RedemptiveSketch|the mattered so much
|
|t:|1778502705
|switch|p1a: Gholdengo|Gholdengo, shiny|100/100
|-damage|p1a: Gholdengo|94/100|[from] Stealth Rock
|-item|p1a: Gholdengo|Air Balloon
|turn|19
|
|t:|1778502708
|switch|p2a: Smino|Gholdengo, tera:Flying|100/100
|move|p1a: Gholdengo|Nasty Plot|p1a: Gholdengo
|-boost|p1a: Gholdengo|spa|2
|
|upkeep
|turn|20
|
|t:|1778502711
|move|p2a: Smino|Shadow Ball|p1a: Gholdengo
|-supereffective|p1a: Gholdengo
|-damage|p1a: Gholdengo|0 fnt
|-enditem|p1a: Gholdengo|Air Balloon
|faint|p1a: Gholdengo
|
|upkeep
|c|☆RedemptiveSketch|ofc bro
|
|t:|1778502721
|switch|p1a: Lokix|Lokix, F, shiny|100/100
|-damage|p1a: Lokix|76/100|[from] Stealth Rock
|turn|21
|
|t:|1778502723
|move|p2a: Smino|Shadow Ball|p1a: Lokix
|-resisted|p1a: Lokix
|-damage|p1a: Lokix|32/100
|move|p1a: Lokix|Swords Dance|p1a: Lokix
|-boost|p1a: Lokix|atk|2
|
|upkeep
|turn|22
|
|t:|1778502728
|move|p1a: Lokix|Sucker Punch|p2a: Smino
|-damage|p2a: Smino|1/100
|-damage|p1a: Lokix|22/100|[from] item: Life Orb
|move|p2a: Smino|Shadow Ball|p1a: Lokix
|-resisted|p1a: Lokix
|-damage|p1a: Lokix|0 fnt
|faint|p1a: Lokix
|
|upkeep
|-message|RedemptiveSketch forfeited.
|
|win|Auburn Hills
|raw|RedemptiveSketch's rating: 1799 &rarr; <strong>1779</strong><br />(-20 for losing)
|raw|Auburn Hills's rating: 1794 &rarr; <strong>1814</strong><br />(+20 for winning)
|l|☆RedemptiveSketch
|player|p1|
|l|☆Auburn Hills
|player|p2|
