|html|<div class="broadcast-blue"><strong>[Gen 9] OU is currently suspecting Tera Blast! For information on how to participate check out the <a href="https://www.smogon.com/tools/suspects/view/200">suspect thread</a>.</strong></div>
|j|☆clouddaearth
|j|☆rydenzhou
|t:|1776048243
|gametype|singles
|player|p1|clouddaearth|170|1431
|player|p2|rydenzhou|170|1453
|gen|9
|tier|[Gen 9] OU
|rated|
|rule|HP Percentage Mod: HP is shown in percentages
|rule|Endless Battle Clause: Forcing endless battles is banned
|rule|Species Clause: Limit one of each Pokémon
|rule|OHKO Clause: OHKO moves are banned
|rule|Evasion Items Clause: Evasion items are banned
|rule|Evasion Moves Clause: Evasion moves are banned
|rule|Evasion Abilities Clause: Evasion abilities are banned
|rule|Sleep Moves Clause: Sleep-inducing moves are banned
|clearpoke
|poke|p1|Gengar, F|
|poke|p1|Weavile, M|
|poke|p1|Iron Treads|
|poke|p1|Blaziken, M|
|poke|p1|Azumarill, F|
|poke|p1|Dragonite, F|
|poke|p2|Glimmora, M|
|poke|p2|Gholdengo|
|poke|p2|Gliscor, F|
|poke|p2|Toxapex, M|
|poke|p2|Blaziken, F|
|poke|p2|Incineroar, M|
|teampreview
|
|t:|1776048257
|teamsize|p1|6
|teamsize|p2|6
|start
|switch|p1a: Weavile|Weavile, M|100/100
|switch|p2a: Glimmora|Glimmora, M, shiny|100/100
|turn|1
|
|t:|1776048264
|move|p1a: Weavile|Triple Axel|p2a: Glimmora
|-crit|p2a: Glimmora
|-damage|p2a: Glimmora|82/100
|-activate|p2a: Glimmora|ability: Toxic Debris
|-sidestart|p1: clouddaearth|move: Toxic Spikes
|-damage|p2a: Glimmora|59/100
|-activate|p2a: Glimmora|ability: Toxic Debris
|-sidestart|p1: clouddaearth|move: Toxic Spikes
|-damage|p2a: Glimmora|25/100
|-hitcount|p2a: Glimmora|3
|move|p2a: Glimmora|Stealth Rock|p1a: Weavile
|-sidestart|p1: clouddaearth|move: Stealth Rock
|
|upkeep
|turn|2
|
|t:|1776048276
|switch|p2a: Incineroar|Incineroar, M, shiny|100/100
|-ability|p2a: Incineroar|Intimidate|boost
|-unboost|p1a: Weavile|atk|1
|move|p1a: Weavile|Knock Off|p2a: Incineroar
|-resisted|p2a: Incineroar
|-damage|p2a: Incineroar|90/100
|-enditem|p2a: Incineroar|Heavy-Duty Boots|[from] move: Knock Off|[of] p1a: Weavile
|
|upkeep
|turn|3
|
|t:|1776048288
|move|p1a: Weavile|Brick Break|p2a: Incineroar
|-supereffective|p2a: Incineroar
|-damage|p2a: Incineroar|70/100
|move|p2a: Incineroar|Knock Off|p1a: Weavile
|-resisted|p1a: Weavile
|-damage|p1a: Weavile|67/100
|-enditem|p1a: Weavile|Focus Sash|[from] move: Knock Off|[of] p2a: Incineroar
|
|upkeep
|turn|4
|
|t:|1776048299
|move|p1a: Weavile|Brick Break|p2a: Incineroar
|-supereffective|p2a: Incineroar
|-damage|p2a: Incineroar|48/100
|move|p2a: Incineroar|Knock Off|p1a: Weavile
|-resisted|p1a: Weavile
|-damage|p1a: Weavile|44/100
|
|upkeep
|turn|5
|
|t:|1776048306
|move|p1a: Weavile|Brick Break|p2a: Incineroar
|-supereffective|p2a: Incineroar
|-damage|p2a: Incineroar|28/100
|move|p2a: Incineroar|Drain Punch|p1a: Weavile
|-supereffective|p1a: Weavile
|-damage|p1a: Weavile|0 fnt
|-heal|p2a: Incineroar|43/100|[from] drain|[of] p1a: Weavile
|faint|p1a: Weavile
|
|upkeep
|
|t:|1776048312
|switch|p1a: Iron Treads|Iron Treads|100/100
|-damage|p1a: Iron Treads|97/100|[from] Stealth Rock
|-enditem|p1a: Iron Treads|Booster Energy
|-activate|p1a: Iron Treads|ability: Quark Drive|[fromitem]
|-start|p1a: Iron Treads|quarkdrivespe
|turn|6
|
|t:|1776048321
|switch|p2a: Gholdengo|Gholdengo, shiny|100/100
|-item|p2a: Gholdengo|Air Balloon
|move|p1a: Iron Treads|Iron Head|p2a: Gholdengo
|-resisted|p2a: Gholdengo
|-damage|p2a: Gholdengo|87/100
|-enditem|p2a: Gholdengo|Air Balloon
|
|upkeep
|turn|7
|
|t:|1776048330
|-terastallize|p2a: Gholdengo|Ghost
|move|p1a: Iron Treads|Earthquake|p2a: Gholdengo
|-damage|p2a: Gholdengo|57/100
|move|p2a: Gholdengo|Shadow Ball|p1a: Iron Treads
|-damage|p1a: Iron Treads|31/100
|
|upkeep
|turn|8
|
|t:|1776048338
|move|p1a: Iron Treads|Rapid Spin|p2a: Gholdengo
|-immune|p2a: Gholdengo
|move|p2a: Gholdengo|Recover|p2a: Gholdengo
|-heal|p2a: Gholdengo|100/100
|
|upkeep
|turn|9
|
|t:|1776048348
|move|p1a: Iron Treads|Volt Switch|p2a: Gholdengo
|-damage|p2a: Gholdengo|90/100
|
|t:|1776048351
|-end|p1a: Iron Treads|Quark Drive|[silent]
|switch|p1a: Gengar|Gengar, F|100/100|[from] Volt Switch
|-sideend|p1: clouddaearth|move: Toxic Spikes|[of] p1a: Gengar
|-damage|p1a: Gengar|88/100|[from] Stealth Rock
|move|p2a: Gholdengo|Shadow Ball|p1a: Gengar
|-supereffective|p1a: Gengar
|-damage|p1a: Gengar|0 fnt
|faint|p1a: Gengar
|
|upkeep
|
|t:|1776048361
|switch|p1a: Blaziken|Blaziken, M|100/100
|-damage|p1a: Blaziken|88/100|[from] Stealth Rock
|turn|10
|
|t:|1776048366
|move|p1a: Blaziken|Protect|p1a: Blaziken
|-singleturn|p1a: Blaziken|Protect
|move|p2a: Gholdengo|Shadow Ball|p1a: Blaziken
|-activate|p1a: Blaziken|move: Protect
|
|-ability|p1a: Blaziken|Speed Boost|boost
|-boost|p1a: Blaziken|spe|1
|upkeep
|turn|11
|
|t:|1776048377
|move|p1a: Blaziken|Flare Blitz|p2a: Gholdengo
|-damage|p2a: Gholdengo|30/100
|-damage|p1a: Blaziken|63/100|[from] Recoil
|-damage|p1a: Blaziken|53/100|[from] item: Life Orb
|move|p2a: Gholdengo|Shadow Ball|p1a: Blaziken
|-damage|p1a: Blaziken|0 fnt
|faint|p1a: Blaziken
|
|upkeep
|
|t:|1776048381
|switch|p1a: Azumarill|Azumarill, F|100/100
|-damage|p1a: Azumarill|88/100|[from] Stealth Rock
|turn|12
|
|t:|1776048392
|move|p1a: Azumarill|Aqua Jet|p2a: Gholdengo
|-damage|p2a: Gholdengo|12/100
|move|p2a: Gholdengo|Recover|p2a: Gholdengo
|-heal|p2a: Gholdengo|62/100
|
|upkeep
|turn|13
|
|t:|1776048398
|move|p2a: Gholdengo|Recover|p2a: Gholdengo
|-heal|p2a: Gholdengo|100/100
|move|p1a: Azumarill|Belly Drum|p1a: Azumarill
|-damage|p1a: Azumarill|38/100
|-setboost|p1a: Azumarill|atk|6|[from] move: Belly Drum
|-enditem|p1a: Azumarill|Sitrus Berry|[eat]
|-heal|p1a: Azumarill|63/100|[from] item: Sitrus Berry
|
|upkeep
|turn|14
|
|t:|1776048407
|switch|p2a: Glimmora|Glimmora, M, shiny|25/100
|-terastallize|p1a: Azumarill|Water
|move|p1a: Azumarill|Aqua Jet|p2a: Glimmora
|-supereffective|p2a: Glimmora
|-damage|p2a: Glimmora|0 fnt
|-activate|p2a: Glimmora|ability: Toxic Debris
|-sidestart|p1: clouddaearth|move: Toxic Spikes
|faint|p2a: Glimmora
|
|upkeep
|
|t:|1776048419
|switch|p2a: Toxapex|Toxapex, M, shiny|100/100
|turn|15
|
|t:|1776048422
|move|p2a: Toxapex|Baneful Bunker|p2a: Toxapex
|-singleturn|p2a: Toxapex|move: Protect
|move|p1a: Azumarill|Play Rough|p2a: Toxapex
|-activate|p2a: Toxapex|move: Protect
|-status|p1a: Azumarill|psn
|
|-damage|p1a: Azumarill|51/100 psn|[from] psn
|upkeep
|turn|16
|
|t:|1776048432
|move|p1a: Azumarill|Play Rough|p2a: Toxapex
|-resisted|p2a: Toxapex
|-damage|p2a: Toxapex|6/100
|move|p2a: Toxapex|Haze|p2a: Toxapex
|-clearallboost
|
|-heal|p2a: Toxapex|12/100|[from] item: Leftovers
|-damage|p1a: Azumarill|38/100 psn|[from] psn
|upkeep
|turn|17
|
|t:|1776048444
|switch|p2a: Gliscor|Gliscor, F, shiny|100/100
|move|p1a: Azumarill|Aqua Jet|p2a: Gliscor
|-supereffective|p2a: Gliscor
|-damage|p2a: Gliscor|47/100
|
|-damage|p1a: Azumarill|26/100 psn|[from] psn
|-status|p2a: Gliscor|tox|[from] item: Toxic Orb
|upkeep
|turn|18
|inactive|Battle timer is ON: inactive players will automatically lose when time's up. (requested by clouddaearth)
|inactive|clouddaearth has 120 seconds left.
|
|t:|1776048476
|move|p2a: Gliscor|Protect|p2a: Gliscor
|-singleturn|p2a: Gliscor|Protect
|move|p1a: Azumarill|Aqua Jet|p2a: Gliscor
|-activate|p2a: Gliscor|move: Protect
|
|-heal|p2a: Gliscor|60/100 tox|[from] ability: Poison Heal
|-damage|p1a: Azumarill|14/100 psn|[from] psn
|upkeep
|turn|19
|
|t:|1776048502
|switch|p2a: Toxapex|Toxapex, M, shiny|45/100
|move|p1a: Azumarill|Play Rough|p2a: Toxapex
|-resisted|p2a: Toxapex
|-damage|p2a: Toxapex|23/100
|
|-heal|p2a: Toxapex|29/100|[from] item: Leftovers
|-damage|p1a: Azumarill|1/100 psn|[from] psn
|upkeep
|turn|20
|
|t:|1776048512
|move|p1a: Azumarill|Play Rough|p2a: Toxapex
|-resisted|p2a: Toxapex
|-damage|p2a: Toxapex|8/100
|move|p2a: Toxapex|Recover|p2a: Toxapex
|-heal|p2a: Toxapex|58/100
|
|-heal|p2a: Toxapex|65/100|[from] item: Leftovers
|-damage|p1a: Azumarill|0 fnt|[from] psn
|faint|p1a: Azumarill
|upkeep
|
|t:|1776048517
|switch|p1a: Dragonite|Dragonite, F|100/100
|-damage|p1a: Dragonite|76/100|[from] Stealth Rock
|turn|21
|
|t:|1776048527
|switch|p2a: Incineroar|Incineroar, M, shiny|43/100
|-ability|p2a: Incineroar|Intimidate|boost
|-unboost|p1a: Dragonite|atk|1
|move|p1a: Dragonite|Dragon Dance|p1a: Dragonite
|-boost|p1a: Dragonite|atk|1
|-boost|p1a: Dragonite|spe|1
|
|upkeep
|turn|22
|
|t:|1776048536
|move|p1a: Dragonite|Dragon Dance|p1a: Dragonite
|-boost|p1a: Dragonite|atk|1
|-boost|p1a: Dragonite|spe|1
|move|p2a: Incineroar|Will-O-Wisp|p1a: Dragonite
|-status|p1a: Dragonite|brn
|-enditem|p1a: Dragonite|Lum Berry|[eat]
|-curestatus|p1a: Dragonite|brn|[msg]
|
|upkeep
|turn|23
|
|t:|1776048545
|move|p1a: Dragonite|Earthquake|p2a: Incineroar
|-supereffective|p2a: Incineroar
|-damage|p2a: Incineroar|0 fnt
|faint|p2a: Incineroar
|
|upkeep
|
|t:|1776048552
|switch|p2a: Gholdengo|Gholdengo, shiny, tera:Ghost|100/100
|turn|24
|
|t:|1776048556
|move|p1a: Dragonite|Earthquake|p2a: Gholdengo
|-damage|p2a: Gholdengo|63/100
|move|p2a: Gholdengo|Shadow Ball|p1a: Dragonite
|-damage|p1a: Dragonite|29/100
|
|upkeep
|turn|25
|
|t:|1776048563
|move|p1a: Dragonite|Earthquake|p2a: Gholdengo
|-damage|p2a: Gholdengo|23/100
|move|p2a: Gholdengo|Shadow Ball|p1a: Dragonite
|-damage|p1a: Dragonite|0 fnt
|faint|p1a: Dragonite
|
|upkeep
|
|t:|1776048566
|switch|p1a: Iron Treads|Iron Treads|31/100
|-damage|p1a: Iron Treads|28/100|[from] Stealth Rock
|turn|26
|
|t:|1776048574
|move|p1a: Iron Treads|Earthquake|p2a: Gholdengo
|-damage|p2a: Gholdengo|0 fnt
|faint|p2a: Gholdengo
|
|upkeep
|
|t:|1776048579
|switch|p2a: Blaziken|Blaziken, F, shiny|100/100
|turn|27
|
|t:|1776048582
|move|p2a: Blaziken|Protect|p2a: Blaziken
|-singleturn|p2a: Blaziken|Protect
|move|p1a: Iron Treads|Earthquake|p2a: Blaziken
|-activate|p2a: Blaziken|move: Protect
|
|-ability|p2a: Blaziken|Speed Boost|boost
|-boost|p2a: Blaziken|spe|1
|upkeep
|turn|28
|-message|clouddaearth forfeited.
|
|win|rydenzhou
|raw|clouddaearth's rating: 1431 &rarr; <strong>1412</strong><br />(-19 for losing)
|raw|rydenzhou's rating: 1453 &rarr; <strong>1472</strong><br />(+19 for winning)
|l|☆clouddaearth
|player|p1|
|l|☆rydenzhou
|player|p2|
