|html|<div class="broadcast-blue"><strong>[Gen 9] OU is currently suspecting Volcarona! For information on how to participate check out the <a href="https://www.smogon.com/tools/suspects/view/208">suspect thread</a>.</strong></div>
|j|☆Apprentice Dogwood
|j|☆tedoji
|t:|1778505137
|gametype|singles
|player|p1|Apprentice Dogwood|brock|1137
|player|p2|tedoji|ariana|1076
|gen|9
|tier|[Gen 9] OU
|rated|
|rule|HP Percentage Mod: HP is shown in percentages
|rule|Endless Battle Clause: Forcing endless battles is banned
|rule|Species Clause: Limit one of each Pokémon
|rule|OHKO Clause: OHKO moves are banned
|rule|Evasion Items Clause: Evasion items are banned
|rule|Evasion Moves Clause: Evasion moves are banned
|rule|Evasion Abilities Clause: Evasion abilities are banned
|rule|Sleep Moves Clause: Sleep-inducing moves are banned
|clearpoke
|poke|p1|Infernape, M|
|poke|p1|Blaziken, M|
|poke|p1|Emboar, M|
|poke|p1|Charizard, F|
|poke|p1|Cinderace, M|
|poke|p1|Incineroar, F|
|poke|p2|Raging Bolt|
|poke|p2|Great Tusk|
|poke|p2|Kingambit, F|
|poke|p2|Ogerpon-Wellspring, F|
|poke|p2|Araquanid, M|
|poke|p2|Gholdengo|
|teampreview
|inactive|Battle timer is ON: inactive players will automatically lose when time's up. (requested by Apprentice Dogwood)
|
|t:|1778505154
|teamsize|p1|6
|teamsize|p2|6
|start
|switch|p1a: Cinderace|Cinderace, M|100/100
|switch|p2a: Araquanid|Araquanid, M|100/100
|turn|1
|
|t:|1778505160
|move|p1a: Cinderace|U-turn|p2a: Araquanid
|-start|p1a: Cinderace|typechange|Bug|[from] ability: Libero
|-damage|p2a: Araquanid|67/100
|
|t:|1778505172
|switch|p1a: Blaziken|Blaziken, M|100/100|[from] U-turn
|move|p2a: Araquanid|Surf|p1a: Blaziken
|-supereffective|p1a: Blaziken
|-damage|p1a: Blaziken|0 fnt
|faint|p1a: Blaziken
|
|upkeep
|
|t:|1778505185
|switch|p1a: Incineroar|Incineroar, F, shiny|100/100
|-ability|p1a: Incineroar|Intimidate|boost
|-unboost|p2a: Araquanid|atk|1
|turn|2
|
|t:|1778505190
|move|p1a: Incineroar|Flame Charge|p2a: Araquanid
|-damage|p2a: Araquanid|50/100
|-boost|p1a: Incineroar|spe|1
|-damage|p1a: Incineroar|91/100|[from] item: Life Orb
|move|p2a: Araquanid|Surf|p1a: Incineroar
|-supereffective|p1a: Incineroar
|-damage|p1a: Incineroar|24/100
|
|upkeep
|turn|3
|
|t:|1778505200
|move|p1a: Incineroar|Drain Punch|p2a: Araquanid
|-resisted|p2a: Araquanid
|-crit|p2a: Araquanid
|-damage|p2a: Araquanid|25/100
|-heal|p1a: Incineroar|34/100|[from] drain|[of] p2a: Araquanid
|-damage|p1a: Incineroar|24/100|[from] item: Life Orb
|move|p2a: Araquanid|Surf|p1a: Incineroar
|-supereffective|p1a: Incineroar
|-damage|p1a: Incineroar|0 fnt
|faint|p1a: Incineroar
|
|upkeep
|
|t:|1778505203
|switch|p1a: Cinderace|Cinderace, M|100/100
|turn|4
|-enditem|p2a: Araquanid|Custap Berry|[eat]
|-activate|p2a: Araquanid|item: Custap Berry|[consumed]
|
|t:|1778505217
|-terastallize|p2a: Araquanid|Ghost
|move|p2a: Araquanid|Surf|p1a: Cinderace
|-supereffective|p1a: Cinderace
|-crit|p1a: Cinderace
|-damage|p1a: Cinderace|0 fnt
|faint|p1a: Cinderace
|
|upkeep
|
|t:|1778505225
|switch|p1a: Charizard|Charizard, F|100/100
|turn|5
|
|t:|1778505230
|-terastallize|p1a: Charizard|Dragon
|move|p2a: Araquanid|Endure|p2a: Araquanid
|-singleturn|p2a: Araquanid|move: Endure
|move|p1a: Charizard|Dragon Dance|p1a: Charizard
|-boost|p1a: Charizard|atk|1
|-boost|p1a: Charizard|spe|1
|
|upkeep
|turn|6
|
|t:|1778505239
|move|p1a: Charizard|Fire Punch|p2a: Araquanid
|-damage|p2a: Araquanid|3/100
|move|p2a: Araquanid|Endeavor|p1a: Charizard
|-damage|p1a: Charizard|3/100
|
|upkeep
|turn|7
|
|t:|1778505249
|move|p1a: Charizard|Fire Punch|p2a: Araquanid
|-crit|p2a: Araquanid
|-damage|p2a: Araquanid|0 fnt
|faint|p2a: Araquanid
|
|upkeep
|
|t:|1778505256
|switch|p2a: Raging Bolt|Raging Bolt|100/100
|turn|8
|
|t:|1778505258
|move|p1a: Charizard|Dragon Dance|p1a: Charizard
|-boost|p1a: Charizard|atk|1
|-boost|p1a: Charizard|spe|1
|move|p2a: Raging Bolt|Thunderbolt|p1a: Charizard
|-resisted|p1a: Charizard
|-damage|p1a: Charizard|0 fnt
|faint|p1a: Charizard
|
|upkeep
|
|t:|1778505267
|switch|p1a: Infernape|Infernape, M|100/100
|turn|9
|
|t:|1778505269
|move|p2a: Raging Bolt|Thunderbolt|p1a: Infernape
|-damage|p1a: Infernape|18/100
|move|p1a: Infernape|Knock Off|p2a: Raging Bolt
|-damage|p2a: Raging Bolt|74/100
|-enditem|p2a: Raging Bolt|Choice Scarf|[from] move: Knock Off|[of] p1a: Infernape
|-damage|p1a: Infernape|8/100|[from] item: Life Orb
|
|upkeep
|turn|10
|
|t:|1778505272
|move|p1a: Infernape|Aura Sphere|p2a: Raging Bolt
|-damage|p2a: Raging Bolt|26/100
|-damage|p1a: Infernape|0 fnt|[from] item: Life Orb
|faint|p1a: Infernape
|move|p2a: Raging Bolt|Thunderbolt|p1: Infernape|[notarget]
|-fail|p2a: Raging Bolt
|
|upkeep
|
|t:|1778505274
|switch|p1a: Emboar|Emboar, M|100/100
|turn|11
|
|t:|1778505287
|-end|p2a: Raging Bolt|Protosynthesis|[silent]
|switch|p2a: Gholdengo|Gholdengo|100/100
|move|p1a: Emboar|Sucker Punch||[still]
|-fail|p1a: Emboar
|
|upkeep
|turn|12
|
|t:|1778505295
|move|p1a: Emboar|Sucker Punch||[still]
|-fail|p1a: Emboar
|move|p2a: Gholdengo|Thunder Wave|p1a: Emboar
|-status|p1a: Emboar|par
|
|upkeep
|turn|13
|
|t:|1778505301
|move|p1a: Emboar|Sucker Punch|p2a: Gholdengo
|-supereffective|p2a: Gholdengo
|-damage|p2a: Gholdengo|47/100
|-damage|p1a: Emboar|84/100 par|[from] item: Rocky Helmet|[of] p2a: Gholdengo
|move|p2a: Gholdengo|Hex|p1a: Emboar
|-damage|p1a: Emboar|14/100 par
|
|upkeep
|turn|14
|-message|Apprentice Dogwood forfeited.
|
|win|tedoji
|raw|Apprentice Dogwood's rating: 1137 &rarr; <strong>1108</strong><br />(-29 for losing)
|raw|tedoji's rating: 1076 &rarr; <strong>1110</strong><br />(+34 for winning)
|l|☆Apprentice Dogwood
|player|p1|
|l|☆tedoji
|player|p2|
