|html|<div class="broadcast-blue"><strong>[Gen 9] OU is currently suspecting Volcarona! For information on how to participate check out the <a href="https://www.smogon.com/tools/suspects/view/208">suspect thread</a>.</strong></div>
|j|‽Hop On The Move
|j|☆by nicole
|t:|1778507831
|gametype|singles
|player|p1|Hop On The Move|102|1453
|player|p2|by nicole|dawn-gen4pt|1421
|gen|9
|tier|[Gen 9] OU
|rated|
|rule|HP Percentage Mod: HP is shown in percentages
|rule|Endless Battle Clause: Forcing endless battles is banned
|rule|Species Clause: Limit one of each Pokémon
|rule|OHKO Clause: OHKO moves are banned
|rule|Evasion Items Clause: Evasion items are banned
|rule|Evasion Moves Clause: Evasion moves are banned
|rule|Evasion Abilities Clause: Evasion abilities are banned
|rule|Sleep Moves Clause: Sleep-inducing moves are banned
|clearpoke
|poke|p1|Pecharunt|
|poke|p1|Ting-Lu|
|poke|p1|Scizor, M|
|poke|p1|Ogerpon-Wellspring, F|
|poke|p1|Dragonite, M|
|poke|p1|Iron Valiant|
|poke|p2|Crawdaunt, M|
|poke|p2|Iron Treads|
|poke|p2|Zapdos|
|poke|p2|Slowking-Galar, F|
|poke|p2|Kyurem|
|poke|p2|Cinderace, F|
|teampreview
|
|t:|1778507867
|teamsize|p1|6
|teamsize|p2|6
|start
|switch|p1a: Scizor|Scizor, M|100/100
|switch|p2a: Crawdaunt|Crawdaunt, M|100/100
|turn|1
|inactive|Battle timer is ON: inactive players will automatically lose when time's up. (requested by Hop On The Move)
|
|t:|1778507890
|switch|p2a: Zapdos|Zapdos|100/100
|move|p1a: Scizor|U-turn|p2a: Zapdos
|-resisted|p2a: Zapdos
|-damage|p2a: Zapdos|78/100
|-status|p1a: Scizor|par|[from] ability: Static|[of] p2a: Zapdos
|
|t:|1778507917
|switch|p1a: Pecharunt|Pecharunt|100/100|[from] U-turn
|
|upkeep
|turn|2
|
|t:|1778507929
|switch|p2a: Iron Treads|Iron Treads|100/100
|move|p1a: Pecharunt|Malignant Chain|p2a: Iron Treads
|-immune|p2a: Iron Treads
|
|upkeep
|turn|3
|
|t:|1778507938
|move|p2a: Iron Treads|Earthquake|p1a: Pecharunt
|-supereffective|p1a: Pecharunt
|-damage|p1a: Pecharunt|61/100
|move|p1a: Pecharunt|Parting Shot|p2a: Iron Treads
|-unboost|p2a: Iron Treads|atk|1
|-unboost|p2a: Iron Treads|spa|1
|
|t:|1778507953
|switch|p1a: Dragonite|Dragonite, M|100/100|[from] Parting Shot
|
|upkeep
|turn|4
|
|t:|1778507983
|-end|p2a: Iron Treads|Quark Drive|[silent]
|switch|p2a: Zapdos|Zapdos|78/100
|move|p1a: Dragonite|Dragon Dance|p1a: Dragonite
|-boost|p1a: Dragonite|atk|1
|-boost|p1a: Dragonite|spe|1
|
|upkeep
|turn|5
|inactive|Hop On The Move has 120 seconds left.
|
|t:|1778508025
|move|p1a: Dragonite|Dragon Dance|p1a: Dragonite
|-boost|p1a: Dragonite|atk|1
|-boost|p1a: Dragonite|spe|1
|move|p2a: Zapdos|Discharge|p1a: Dragonite
|-damage|p1a: Dragonite|84/100
|-status|p1a: Dragonite|par
|
|-heal|p1a: Dragonite|91/100 par|[from] item: Leftovers
|upkeep
|turn|6
|
|t:|1778508044
|move|p1a: Dragonite|Dragon Dance|p1a: Dragonite
|-boost|p1a: Dragonite|atk|1
|-boost|p1a: Dragonite|spe|1
|move|p2a: Zapdos|Hurricane|p1a: Dragonite
|-damage|p1a: Dragonite|41/100 par
|
|-heal|p1a: Dragonite|47/100 par|[from] item: Leftovers
|upkeep
|turn|7
|inactive|Hop On The Move has 120 seconds left.
|
|t:|1778508059
|move|p1a: Dragonite|Extreme Speed|p2a: Zapdos
|-damage|p2a: Zapdos|25/100
|move|p2a: Zapdos|Hurricane|p1a: Dragonite
|-damage|p1a: Dragonite|0 fnt
|faint|p1a: Dragonite
|
|upkeep
|
|t:|1778508071
|switch|p1a: Iron Valiant|Iron Valiant|100/100
|-enditem|p1a: Iron Valiant|Booster Energy
|-activate|p1a: Iron Valiant|ability: Quark Drive|[fromitem]
|-start|p1a: Iron Valiant|quarkdrivespe
|turn|8
|
|t:|1778508081
|switch|p2a: Slowking|Slowking-Galar, F, shiny|100/100
|-terastallize|p1a: Iron Valiant|Electric
|move|p1a: Iron Valiant|Calm Mind|p1a: Iron Valiant
|-boost|p1a: Iron Valiant|spa|1
|-boost|p1a: Iron Valiant|spd|1
|
|upkeep
|turn|9
|inactive|by nicole has 120 seconds left.
|
|t:|1778508111
|move|p1a: Iron Valiant|Calm Mind|p1a: Iron Valiant
|-boost|p1a: Iron Valiant|spa|1
|-boost|p1a: Iron Valiant|spd|1
|move|p2a: Slowking|Future Sight|p1a: Iron Valiant
|-start|p2a: Slowking|move: Future Sight
|
|upkeep
|turn|10
|inactive|Hop On The Move has 120 seconds left.
|
|t:|1778508123
|move|p1a: Iron Valiant|Thunderbolt|p2a: Slowking
|-damage|p2a: Slowking|43/100
|-prepare|p2a: Slowking|Chilly Reception|[premajor]
|move|p2a: Slowking|Chilly Reception|p2a: Slowking
|-weather|Snowscape
|
|t:|1778508125
|switch|p2a: Iron Treads|Iron Treads|100/100|[from] Chilly Reception
|
|-weather|Snowscape|[upkeep]
|upkeep
|turn|11
|
|t:|1778508131
|move|p1a: Iron Valiant|Focus Blast|p2a: Iron Treads|[miss]
|-miss|p1a: Iron Valiant|p2a: Iron Treads
|move|p2a: Iron Treads|Earthquake|p1a: Iron Valiant
|-supereffective|p1a: Iron Valiant
|-damage|p1a: Iron Valiant|0 fnt
|faint|p1a: Iron Valiant
|-end|p1a: Iron Valiant|Quark Drive|[silent]
|
|-weather|Snowscape|[upkeep]
|-hint|Future Sight did not hit because the target is fainted.
|upkeep
|
|t:|1778508140
|switch|p1a: Scizor|Scizor, M|100/100 par
|turn|12
|inactive|by nicole has 120 seconds left.
|
|t:|1778508195
|move|p2a: Iron Treads|Volt Switch|p1a: Scizor
|-damage|p1a: Scizor|86/100 par
|
|t:|1778508200
|-end|p2a: Iron Treads|Quark Drive|[silent]
|switch|p2a: Zapdos|Zapdos|25/100|[from] Volt Switch
|move|p1a: Scizor|Close Combat|p2a: Zapdos
|-resisted|p2a: Zapdos
|-damage|p2a: Zapdos|0 fnt
|-unboost|p1a: Scizor|def|1
|-unboost|p1a: Scizor|spd|1
|faint|p2a: Zapdos
|
|-weather|Snowscape|[upkeep]
|upkeep
|
|t:|1778508203
|switch|p2a: Cinderace|Cinderace, F|100/100
|turn|13
|
|t:|1778508226
|switch|p1a: Pecharunt|Pecharunt|61/100
|move|p2a: Cinderace|Pyro Ball|p1a: Pecharunt
|-damage|p1a: Pecharunt|38/100
|
|-weather|Snowscape|[upkeep]
|upkeep
|turn|14
|inactive|by nicole has 120 seconds left.
|inactive|by nicole has 90 seconds left.
|
|t:|1778508279
|switch|p2a: Iron Treads|Iron Treads|100/100
|move|p1a: Pecharunt|Recover|p1a: Pecharunt
|-heal|p1a: Pecharunt|88/100
|
|-weather|none
|upkeep
|turn|15
|
|t:|1778508289
|move|p2a: Iron Treads|Earthquake|p1a: Pecharunt
|-supereffective|p1a: Pecharunt
|-damage|p1a: Pecharunt|45/100
|move|p1a: Pecharunt|Parting Shot|p2a: Iron Treads
|-unboost|p2a: Iron Treads|atk|1
|-unboost|p2a: Iron Treads|spa|1
|
|t:|1778508293
|switch|p1a: Ogerpon|Ogerpon-Wellspring, F|100/100|[from] Parting Shot
|
|upkeep
|turn|16
|inactive|by nicole has 90 seconds left.
|
|t:|1778508312
|-end|p2a: Iron Treads|Quark Drive|[silent]
|switch|p2a: Kyurem|Kyurem, shiny|100/100
|-ability|p2a: Kyurem|Pressure
|move|p1a: Ogerpon|Swords Dance|p1a: Ogerpon
|-boost|p1a: Ogerpon|atk|2
|
|upkeep
|turn|17
|inactive|Hop On The Move has 120 seconds left.
|
|t:|1778508363
|move|p1a: Ogerpon|Superpower|p2a: Kyurem
|-supereffective|p2a: Kyurem
|-damage|p2a: Kyurem|0 fnt
|-unboost|p1a: Ogerpon|atk|1
|-unboost|p1a: Ogerpon|def|1
|faint|p2a: Kyurem
|
|upkeep
|inactive|by nicole has 90 seconds left.
|
|t:|1778508373
|switch|p2a: Cinderace|Cinderace, F|100/100
|turn|18
|
|t:|1778508395
|switch|p1a: Pecharunt|Pecharunt|45/100
|move|p2a: Cinderace|Will-O-Wisp|p1a: Pecharunt
|-status|p1a: Pecharunt|brn
|
|-damage|p1a: Pecharunt|39/100 brn|[from] brn
|upkeep
|turn|19
|inactive|by nicole has 90 seconds left.
|
|t:|1778508425
|switch|p2a: Iron Treads|Iron Treads|100/100
|move|p1a: Pecharunt|Recover|p1a: Pecharunt
|-heal|p1a: Pecharunt|89/100 brn
|
|-damage|p1a: Pecharunt|83/100 brn|[from] brn
|upkeep
|turn|20
|inactive|Hop On The Move has 90 seconds left.
|
|t:|1778508453
|switch|p1a: Ogerpon|Ogerpon-Wellspring, F|100/100
|move|p2a: Iron Treads|Earthquake|p1a: Ogerpon
|-resisted|p1a: Ogerpon
|-damage|p1a: Ogerpon|73/100
|
|upkeep
|turn|21
|inactive|Hop On The Move has 90 seconds left.
|inactive|by nicole has 90 seconds left.
|inactive|by nicole has 60 seconds left.
|
|t:|1778508520
|-terastallize|p2a: Iron Treads|Flying
|move|p1a: Ogerpon|Swords Dance|p1a: Ogerpon
|-boost|p1a: Ogerpon|atk|2
|move|p2a: Iron Treads|Rapid Spin|p1a: Ogerpon
|-damage|p1a: Ogerpon|56/100
|-boost|p2a: Iron Treads|spe|1
|
|upkeep
|turn|22
|inactive|Hop On The Move has 90 seconds left.
|
|t:|1778508536
|move|p2a: Iron Treads|Iron Head|p1a: Ogerpon
|-resisted|p1a: Ogerpon
|-damage|p1a: Ogerpon|33/100
|move|p1a: Ogerpon|Ivy Cudgel|p2a: Iron Treads|[anim] Ivy Cudgel Water
|-damage|p2a: Iron Treads|0 fnt
|faint|p2a: Iron Treads
|-end|p2a: Iron Treads|Quark Drive|[silent]
|
|upkeep
|
|t:|1778508541
|switch|p2a: Cinderace|Cinderace, F|100/100
|turn|23
|inactive|Hop On The Move has 90 seconds left.
|
|t:|1778508577
|switch|p1a: Pecharunt|Pecharunt|83/100 brn
|move|p2a: Cinderace|Pyro Ball|p1a: Pecharunt
|-damage|p1a: Pecharunt|61/100 brn
|
|-damage|p1a: Pecharunt|55/100 brn|[from] brn
|upkeep
|turn|24
|
|t:|1778508590
|switch|p2a: Crawdaunt|Crawdaunt, M|100/100
|move|p1a: Pecharunt|Malignant Chain|p2a: Crawdaunt
|-damage|p2a: Crawdaunt|40/100
|-status|p2a: Crawdaunt|tox
|-start|p2a: Crawdaunt|confusion|[from] ability: Poison Puppeteer|[of] p1a: Pecharunt
|
|-damage|p2a: Crawdaunt|34/100 tox|[from] psn
|-damage|p1a: Pecharunt|49/100 brn|[from] brn
|upkeep
|turn|25
|-message|by nicole forfeited.
|
|win|Hop On The Move
|raw|Hop On The Move's rating: 1453 &rarr; <strong>1471</strong><br />(+18 for winning)
|raw|by nicole's rating: 1421 &rarr; <strong>1403</strong><br />(-18 for losing)
|l|☆by nicole
|player|p2|
