|html|<div class="broadcast-blue"><strong>[Gen 9] OU is currently suspecting Tera Blast! For information on how to participate check out the <a href="https://www.smogon.com/tools/suspects/view/200">suspect thread</a>.</strong></div>
|j|☆Agentrubii
|j|☆zooulouu
|t:|1776088888
|gametype|singles
|player|p1|Agentrubii|acetrainercouple|1109
|player|p2|zooulouu|flannery|1161
|gen|9
|tier|[Gen 9] OU
|rated|
|rule|HP Percentage Mod: HP is shown in percentages
|rule|Endless Battle Clause: Forcing endless battles is banned
|rule|Species Clause: Limit one of each Pokémon
|rule|OHKO Clause: OHKO moves are banned
|rule|Evasion Items Clause: Evasion items are banned
|rule|Evasion Moves Clause: Evasion moves are banned
|rule|Evasion Abilities Clause: Evasion abilities are banned
|rule|Sleep Moves Clause: Sleep-inducing moves are banned
|clearpoke
|poke|p1|Electivire, M|
|poke|p1|Blaziken, M|
|poke|p1|Inteleon, M|
|poke|p1|Bombirdier, M|
|poke|p1|Lilligant-Hisui, F|
|poke|p1|Kingdra, M|
|poke|p2|Landorus-Therian, M|
|poke|p2|Zoroark, F|
|poke|p2|Polteageist-Antique|
|poke|p2|Dondozo, F|
|poke|p2|Blaziken, M|
|poke|p2|Milotic, M|
|teampreview
|inactive|Battle timer is ON: inactive players will automatically lose when time's up. (requested by Agentrubii)
|
|t:|1776088897
|teamsize|p1|6
|teamsize|p2|6
|start
|switch|p1a: Lilligant|Lilligant-Hisui, F|100/100
|switch|p2a: Landorus|Landorus-Therian, M, shiny|100/100
|-ability|p2a: Landorus|Intimidate|boost
|-unboost|p1a: Lilligant|atk|1
|turn|1
|
|t:|1776088905
|move|p1a: Lilligant|Victory Dance|p1a: Lilligant
|-boost|p1a: Lilligant|atk|1
|-boost|p1a: Lilligant|def|1
|-boost|p1a: Lilligant|spe|1
|move|p2a: Landorus|U-turn|p1a: Lilligant
|-damage|p1a: Lilligant|60/100
|-damage|p2a: Landorus|90/100|[from] item: Life Orb
|
|t:|1776088920
|switch|p2a: Blaziken|Blaziken, M|100/100|[from] U-turn
|
|upkeep
|turn|2
|
|t:|1776088927
|move|p2a: Blaziken|Protect|p2a: Blaziken
|-singleturn|p2a: Blaziken|Protect
|move|p1a: Lilligant|Victory Dance|p1a: Lilligant
|-boost|p1a: Lilligant|atk|1
|-boost|p1a: Lilligant|def|1
|-boost|p1a: Lilligant|spe|1
|
|-ability|p2a: Blaziken|Speed Boost|boost
|-boost|p2a: Blaziken|spe|1
|upkeep
|turn|3
|
|t:|1776088948
|move|p1a: Lilligant|Close Combat|p2a: Blaziken|[miss]
|-miss|p1a: Lilligant|p2a: Blaziken
|move|p2a: Blaziken|Blaze Kick|p1a: Lilligant
|-supereffective|p1a: Lilligant
|-damage|p1a: Lilligant|0 fnt
|faint|p1a: Lilligant
|
|-ability|p2a: Blaziken|Speed Boost|boost
|-boost|p2a: Blaziken|spe|1
|upkeep
|
|t:|1776088959
|switch|p1a: Kingdra|Kingdra, M|100/100
|turn|4
|
|t:|1776088973
|move|p2a: Blaziken|Close Combat|p1a: Kingdra
|-damage|p1a: Kingdra|11/100
|-unboost|p2a: Blaziken|def|1
|-unboost|p2a: Blaziken|spd|1
|move|p1a: Kingdra|Dragon Dance|p1a: Kingdra
|-boost|p1a: Kingdra|atk|1
|-boost|p1a: Kingdra|spe|1
|
|-ability|p2a: Blaziken|Speed Boost|boost
|-boost|p2a: Blaziken|spe|1
|upkeep
|turn|5
|
|t:|1776088984
|move|p2a: Blaziken|Blaze Kick|p1a: Kingdra
|-resisted|p1a: Kingdra
|-damage|p1a: Kingdra|0 fnt
|faint|p1a: Kingdra
|
|-ability|p2a: Blaziken|Speed Boost|boost
|-boost|p2a: Blaziken|spe|1
|upkeep
|
|t:|1776088993
|switch|p1a: Electivire|Electivire, M, shiny|100/100
|turn|6
|
|t:|1776089004
|move|p2a: Blaziken|Close Combat|p1a: Electivire
|-damage|p1a: Electivire|38/100
|-unboost|p2a: Blaziken|def|1
|-unboost|p2a: Blaziken|spd|1
|move|p1a: Electivire|Thunder Punch|p2a: Blaziken
|-damage|p2a: Blaziken|6/100
|
|-ability|p2a: Blaziken|Speed Boost|boost
|-boost|p2a: Blaziken|spe|1
|upkeep
|turn|7
|
|t:|1776089016
|move|p2a: Blaziken|Close Combat|p1a: Electivire
|-damage|p1a: Electivire|0 fnt
|-unboost|p2a: Blaziken|def|1
|-unboost|p2a: Blaziken|spd|1
|faint|p1a: Electivire
|
|-ability|p2a: Blaziken|Speed Boost|boost
|-boost|p2a: Blaziken|spe|1
|upkeep
|
|t:|1776089023
|switch|p1a: Bombirdier|Bombirdier, M, shiny|100/100
|turn|8
|
|t:|1776089032
|move|p2a: Blaziken|Blaze Kick|p1a: Bombirdier
|-crit|p1a: Bombirdier
|-damage|p1a: Bombirdier|0 fnt
|faint|p1a: Bombirdier
|
|upkeep
|
|t:|1776089043
|switch|p1a: Blaziken|Blaziken, M, shiny|100/100
|turn|9
|
|t:|1776089052
|move|p2a: Blaziken|Close Combat|p1a: Blaziken
|-damage|p1a: Blaziken|12/100
|-unboost|p2a: Blaziken|def|1
|-unboost|p2a: Blaziken|spd|1
|move|p1a: Blaziken|Close Combat|p2a: Blaziken
|-crit|p2a: Blaziken
|-damage|p2a: Blaziken|0 fnt
|-unboost|p1a: Blaziken|def|1
|-unboost|p1a: Blaziken|spd|1
|faint|p2a: Blaziken
|-enditem|p1a: Blaziken|White Herb
|-clearnegativeboost|p1a: Blaziken|[silent]
|
|-ability|p1a: Blaziken|Speed Boost|boost
|-boost|p1a: Blaziken|spe|1
|upkeep
|
|t:|1776089066
|switch|p2a: Dondozo|Dondozo, F|100/100
|turn|10
|
|t:|1776089073
|move|p2a: Dondozo|Sucker Punch|p1a: Blaziken
|-resisted|p1a: Blaziken
|-damage|p1a: Blaziken|0 fnt
|faint|p1a: Blaziken
|
|upkeep
|
|t:|1776089078
|switch|p1a: Inteleon|Inteleon, M|100/100
|turn|11
|
|t:|1776089085
|move|p1a: Inteleon|Snipe Shot|p2a: Dondozo
|-crit|p2a: Dondozo
|-damage|p2a: Dondozo|0 fnt
|replace|p2a: Zoroark|Zoroark, F
|-end|p2a: Zoroark|Illusion
|faint|p2a: Zoroark
|
|upkeep
|
|t:|1776089092
|switch|p2a: Polteageist|Polteageist-Antique, shiny|100/100
|turn|12
|
|t:|1776089098
|-terastallize|p1a: Inteleon|Water
|move|p1a: Inteleon|Snipe Shot|p2a: Polteageist
|-damage|p2a: Polteageist|40/100
|move|p2a: Polteageist|Shell Smash|p2a: Polteageist
|-unboost|p2a: Polteageist|def|1
|-unboost|p2a: Polteageist|spd|1
|-boost|p2a: Polteageist|atk|2
|-boost|p2a: Polteageist|spa|2
|-boost|p2a: Polteageist|spe|2
|
|upkeep
|turn|13
|
|t:|1776089108
|move|p2a: Polteageist|Giga Drain|p1a: Inteleon
|-supereffective|p1a: Inteleon
|-damage|p1a: Inteleon|0 fnt
|-heal|p2a: Polteageist|94/100|[from] drain|[of] p1a: Inteleon
|faint|p1a: Inteleon
|
|win|zooulouu
|raw|Agentrubii's rating: 1109 &rarr; <strong>1088</strong><br />(-21 for losing)
|raw|zooulouu's rating: 1161 &rarr; <strong>1182</strong><br />(+21 for winning)
|c|☆zooulouu|gg
|l|☆Agentrubii
|player|p1|
|l|☆zooulouu
|player|p2|
