|html|<div class="broadcast-blue"><strong>[Gen 9] OU is currently suspecting Tera Blast! For information on how to participate check out the <a href="https://www.smogon.com/tools/suspects/view/200">suspect thread</a>.</strong></div>
|j|☆deltarunetheanime
|j|☆parking lot demon
|t:|1776045182
|gametype|singles
|player|p1|deltarunetheanime|roxie|1497
|player|p2|parking lot demon|lady-gen4|1467
|gen|9
|tier|[Gen 9] OU
|rated|
|rule|HP Percentage Mod: HP is shown in percentages
|rule|Endless Battle Clause: Forcing endless battles is banned
|rule|Species Clause: Limit one of each Pokémon
|rule|OHKO Clause: OHKO moves are banned
|rule|Evasion Items Clause: Evasion items are banned
|rule|Evasion Moves Clause: Evasion moves are banned
|rule|Evasion Abilities Clause: Evasion abilities are banned
|rule|Sleep Moves Clause: Sleep-inducing moves are banned
|clearpoke
|poke|p1|Clodsire, M|
|poke|p1|Ogerpon-Wellspring, F|
|poke|p1|Zoroark-Hisui, F|
|poke|p1|Zamazenta-*|
|poke|p1|Cinderace, M|
|poke|p1|Deoxys-Speed|
|poke|p2|Hatterene, F|
|poke|p2|Farigiraf, M|
|poke|p2|Mimikyu, M|
|poke|p2|Slither Wing|
|poke|p2|Ursaluna, M|
|poke|p2|Torkoal, F|
|teampreview
|inactive|Battle timer is ON: inactive players will automatically lose when time's up. (requested by parking lot demon)
|
|t:|1776045200
|teamsize|p1|6
|teamsize|p2|6
|start
|switch|p1a: Deoxys|Deoxys-Speed|100/100
|switch|p2a: Hatterene|Hatterene, F|100/100
|-ability|p1a: Deoxys|Pressure
|turn|1
|
|t:|1776045221
|switch|p1a: Cinderace|Cinderace, M|100/100
|move|p2a: Hatterene|Trick Room|p2a: Hatterene
|-fieldstart|move: Trick Room|[of] p2a: Hatterene
|
|upkeep
|turn|2
|
|t:|1776045225
|switch|p2a: Slither Wing|Slither Wing|100/100
|move|p1a: Cinderace|Gunk Shot|p2a: Slither Wing
|-start|p1a: Cinderace|typechange|Poison|[from] ability: Libero
|-damage|p2a: Slither Wing|37/100
|
|upkeep
|turn|3
|
|t:|1776045233
|move|p2a: Slither Wing|U-turn|p1a: Cinderace
|-resisted|p1a: Cinderace
|-damage|p1a: Cinderace|54/100
|
|t:|1776045236
|-end|p2a: Slither Wing|Protosynthesis|[silent]
|switch|p2a: Ursaluna|Ursaluna, M|100/100|[from] U-turn
|move|p1a: Cinderace|Gunk Shot|p2a: Ursaluna
|-resisted|p2a: Ursaluna
|-damage|p2a: Ursaluna|78/100
|
|-status|p2a: Ursaluna|brn|[from] item: Flame Orb
|upkeep
|turn|4
|
|t:|1776045240
|switch|p1a: Clodsire|Clodsire, M|100/100
|-item|p1a: Clodsire|Air Balloon
|move|p2a: Ursaluna|Swords Dance|p2a: Ursaluna
|-boost|p2a: Ursaluna|atk|2
|
|-damage|p2a: Ursaluna|72/100 brn|[from] brn
|upkeep
|turn|5
|
|t:|1776045242
|move|p1a: Clodsire|Detect|p1a: Clodsire
|-singleturn|p1a: Clodsire|Protect
|move|p2a: Ursaluna|Facade|p1a: Clodsire
|-activate|p1a: Clodsire|move: Protect
|
|-damage|p2a: Ursaluna|66/100 brn|[from] brn
|-fieldend|move: Trick Room
|upkeep
|turn|6
|
|t:|1776045246
|move|p1a: Clodsire|Hex|p2a: Ursaluna
|-immune|p2a: Ursaluna
|move|p2a: Ursaluna|Facade|p1a: Clodsire
|-immune|p1a: Clodsire
|
|-damage|p2a: Ursaluna|60/100 brn|[from] brn
|upkeep
|turn|7
|
|t:|1776045249
|move|p1a: Clodsire|Detect|p1a: Clodsire
|-singleturn|p1a: Clodsire|Protect
|move|p2a: Ursaluna|Crunch|p1a: Clodsire
|-activate|p1a: Clodsire|move: Protect
|
|-damage|p2a: Ursaluna|53/100 brn|[from] brn
|upkeep
|turn|8
|
|t:|1776045252
|switch|p1a: Clodsire|Clodsire, M|100/100
|move|p2a: Ursaluna|Crunch|p1a: Clodsire
|-damage|p1a: Clodsire|44/100
|
|-heal|p1a: Clodsire|50/100|[from] item: Leftovers
|-damage|p2a: Ursaluna|47/100 brn|[from] brn
|upkeep
|turn|9
|
|t:|1776045257
|move|p2a: Ursaluna|Facade|p1a: Clodsire
|-damage|p1a: Clodsire|0 fnt
|faint|p1a: Clodsire
|
|-damage|p2a: Ursaluna|41/100 brn|[from] brn
|upkeep
|
|t:|1776045259
|switch|p1a: Ogerpon|Ogerpon-Wellspring, F|100/100
|turn|10
|
|t:|1776045264
|-terastallize|p1a: Ogerpon|Water
|detailschange|p1a: Ogerpon|Ogerpon-Wellspring-Tera, F, tera:Water
|-ability|p1a: Ogerpon|Embody Aspect (Wellspring)|boost
|-boost|p1a: Ogerpon|spd|1
|move|p1a: Ogerpon|Ivy Cudgel|p2a: Ursaluna|[anim] Ivy Cudgel Water
|-supereffective|p2a: Ursaluna
|-damage|p2a: Ursaluna|0 fnt
|faint|p2a: Ursaluna
|
|upkeep
|
|t:|1776045270
|switch|p2a: Hatterene|Hatterene, F|100/100
|turn|11
|
|t:|1776045272
|move|p1a: Ogerpon|Ivy Cudgel|p2a: Hatterene|[anim] Ivy Cudgel Water
|-damage|p2a: Hatterene|16/100
|move|p2a: Hatterene|Trick Room|p2a: Hatterene
|-fieldstart|move: Trick Room|[of] p2a: Hatterene
|
|upkeep
|turn|12
|
|t:|1776045275
|move|p2a: Hatterene|Misty Explosion|p1a: Ogerpon
|-damage|p1a: Ogerpon|53/100
|faint|p2a: Hatterene
|move|p1a: Ogerpon|Encore|p2: Hatterene|[notarget]
|-fail|p1a: Ogerpon
|
|upkeep
|
|t:|1776045277
|switch|p2a: Torkoal|Torkoal, F|100/100
|-weather|SunnyDay|[from] ability: Drought|[of] p2a: Torkoal
|turn|13
|
|t:|1776045279
|-terastallize|p2a: Torkoal|Fire
|move|p2a: Torkoal|Eruption|p1a: Ogerpon
|-resisted|p1a: Ogerpon
|-damage|p1a: Ogerpon|0 fnt
|faint|p1a: Ogerpon
|detailschange|p1: Ogerpon|Ogerpon-Wellspring, F|[silent]
|
|-weather|SunnyDay|[upkeep]
|upkeep
|
|t:|1776045285
|switch|p1a: Deoxys|Deoxys-Speed|100/100
|-ability|p1a: Deoxys|Pressure
|turn|14
|
|t:|1776045289
|switch|p2a: Slither Wing|Slither Wing|37/100
|-activate|p2a: Slither Wing|ability: Protosynthesis
|-start|p2a: Slither Wing|protosynthesisatk
|move|p1a: Deoxys|Protect||[still]
|-fail|p1a: Deoxys
|
|-weather|SunnyDay|[upkeep]
|upkeep
|turn|15
|
|t:|1776045293
|move|p1a: Deoxys|Protect|p1a: Deoxys
|-singleturn|p1a: Deoxys|Protect
|move|p2a: Slither Wing|U-turn|p1a: Deoxys
|-activate|p1a: Deoxys|move: Protect
|
|-weather|SunnyDay|[upkeep]
|-fieldend|move: Trick Room
|upkeep
|turn|16
|
|t:|1776045296
|move|p1a: Deoxys|Psycho Boost|p2a: Slither Wing
|-supereffective|p2a: Slither Wing
|-damage|p2a: Slither Wing|0 fnt
|-unboost|p1a: Deoxys|spa|2
|faint|p2a: Slither Wing
|-end|p2a: Slither Wing|Protosynthesis|[silent]
|-damage|p1a: Deoxys|91/100|[from] item: Life Orb
|
|-weather|SunnyDay|[upkeep]
|upkeep
|
|t:|1776045300
|switch|p2a: Farigiraf|Farigiraf, M|100/100
|turn|17
|
|t:|1776045303
|move|p1a: Deoxys|Spikes|p2a: Farigiraf
|-sidestart|p2: parking lot demon|Spikes
|move|p2a: Farigiraf|Trick Room|p2a: Farigiraf
|-fieldstart|move: Trick Room|[of] p2a: Farigiraf
|
|-weather|none
|upkeep
|turn|18
|
|t:|1776045305
|move|p2a: Farigiraf|Hyper Voice|p1a: Deoxys
|-damage|p1a: Deoxys|24/100
|-enditem|p2a: Farigiraf|Throat Spray
|-boost|p2a: Farigiraf|spa|1|[from] item: Throat Spray
|move|p1a: Deoxys|Spikes|p2a: Farigiraf
|-sidestart|p2: parking lot demon|Spikes
|
|upkeep
|turn|19
|
|t:|1776045309
|move|p1a: Deoxys|Protect|p1a: Deoxys
|-singleturn|p1a: Deoxys|Protect
|move|p2a: Farigiraf|Hyper Voice|p1a: Deoxys
|-activate|p1a: Deoxys|move: Protect
|
|upkeep
|turn|20
|
|t:|1776045311
|move|p1a: Deoxys|Protect|p1a: Deoxys
|-singleturn|p1a: Deoxys|Protect
|move|p2a: Farigiraf|Hyper Voice|p1a: Deoxys
|-activate|p1a: Deoxys|move: Protect
|
|upkeep
|turn|21
|
|t:|1776045314
|move|p1a: Deoxys|Protect||[still]
|-fail|p1a: Deoxys
|move|p2a: Farigiraf|Nasty Plot|p2a: Farigiraf
|-boost|p2a: Farigiraf|spa|2
|
|-fieldend|move: Trick Room
|upkeep
|turn|22
|
|t:|1776045318
|move|p1a: Deoxys|Spikes|p2a: Farigiraf
|-sidestart|p2: parking lot demon|Spikes
|move|p2a: Farigiraf|Trick Room|p2a: Farigiraf
|-fieldstart|move: Trick Room|[of] p2a: Farigiraf
|
|upkeep
|turn|23
|
|t:|1776045321
|move|p1a: Deoxys|Protect|p1a: Deoxys
|-singleturn|p1a: Deoxys|Protect
|move|p2a: Farigiraf|Nasty Plot|p2a: Farigiraf
|-boost|p2a: Farigiraf|spa|2
|
|upkeep
|turn|24
|
|t:|1776045323
|move|p1a: Deoxys|Protect||[still]
|-fail|p1a: Deoxys
|move|p2a: Farigiraf|Hyper Voice|p1a: Deoxys
|-damage|p1a: Deoxys|0 fnt
|faint|p1a: Deoxys
|
|upkeep
|
|t:|1776045330
|switch|p1a: Cinderace|Cinderace, M|100/100
|-item|p1a: Cinderace|Air Balloon
|turn|25
|
|t:|1776045331
|move|p1a: Cinderace|Detect|p1a: Cinderace
|-singleturn|p1a: Cinderace|Protect
|move|p2a: Farigiraf|Hyper Voice|p1a: Cinderace
|-activate|p1a: Cinderace|move: Protect
|
|upkeep
|turn|26
|
|t:|1776045337
|move|p2a: Farigiraf|Nasty Plot|p2a: Farigiraf
|-boost|p2a: Farigiraf|spa|1
|move|p1a: Cinderace|Will-O-Wisp|p2a: Farigiraf
|-status|p2a: Farigiraf|brn
|
|-damage|p2a: Farigiraf|94/100 brn|[from] brn
|-fieldend|move: Trick Room
|upkeep
|turn|27
|
|t:|1776045344
|switch|p1a: Cinderace|Cinderace, M|54/100
|move|p2a: Farigiraf|Trick Room|p2a: Farigiraf
|-fieldstart|move: Trick Room|[of] p2a: Farigiraf
|
|-damage|p2a: Farigiraf|88/100 brn|[from] brn
|upkeep
|turn|28
|
|t:|1776045346
|move|p2a: Farigiraf|Hyper Voice|p1a: Cinderace
|-crit|p1a: Cinderace
|-damage|p1a: Cinderace|0 fnt
|faint|p1a: Cinderace
|
|-damage|p2a: Farigiraf|82/100 brn|[from] brn
|upkeep
|
|t:|1776045349
|switch|p1a: Zamazenta|Zamazenta|100/100
|-item|p1a: Zamazenta|Air Balloon
|turn|29
|
|t:|1776045351
|move|p2a: Farigiraf|Hyper Voice|p1a: Zamazenta
|-immune|p1a: Zamazenta
|move|p1a: Zamazenta|Hex|p2a: Farigiraf
|-immune|p2a: Farigiraf
|
|-damage|p2a: Farigiraf|76/100 brn|[from] brn
|upkeep
|turn|30
|
|t:|1776045359
|move|p1a: Zamazenta|Detect|p1a: Zamazenta
|-singleturn|p1a: Zamazenta|Protect
|move|p2a: Farigiraf|Nasty Plot|p2a: Farigiraf
|-boost|p2a: Farigiraf|spa|0
|
|-damage|p2a: Farigiraf|70/100 brn|[from] brn
|upkeep
|turn|31
|
|t:|1776045364
|move|p2a: Farigiraf|Nasty Plot|p2a: Farigiraf
|-boost|p2a: Farigiraf|spa|0
|move|p1a: Zamazenta|Hex|p2a: Farigiraf
|-immune|p2a: Farigiraf
|
|-damage|p2a: Farigiraf|64/100 brn|[from] brn
|-fieldend|move: Trick Room
|upkeep
|turn|32
|
|t:|1776045369
|move|p1a: Zamazenta|Hex|p2a: Farigiraf
|-immune|p2a: Farigiraf
|move|p2a: Farigiraf|Trick Room|p2a: Farigiraf
|-fieldstart|move: Trick Room|[of] p2a: Farigiraf
|
|-damage|p2a: Farigiraf|58/100 brn|[from] brn
|upkeep
|turn|33
|
|t:|1776045372
|switch|p2a: Torkoal|Torkoal, F, tera:Fire|100/100
|-damage|p2a: Torkoal|75/100|[from] Spikes
|-weather|SunnyDay|[from] ability: Drought|[of] p2a: Torkoal
|move|p1a: Zamazenta|Detect||[still]
|-fail|p1a: Zamazenta
|
|-weather|SunnyDay|[upkeep]
|upkeep
|turn|34
|
|t:|1776045376
|move|p1a: Zamazenta|Detect|p1a: Zamazenta
|-singleturn|p1a: Zamazenta|Protect
|move|p2a: Torkoal|Eruption|p1a: Zamazenta
|-activate|p1a: Zamazenta|move: Protect
|
|-weather|SunnyDay|[upkeep]
|upkeep
|turn|35
|
|t:|1776045381
|move|p1a: Zamazenta|Shadow Sneak|p2a: Torkoal
|-damage|p2a: Torkoal|67/100
|move|p2a: Torkoal|Eruption|p1a: Zamazenta
|-damage|p1a: Zamazenta|0 fnt
|replace|p1a: Zoroark|Zoroark-Hisui, F, shiny
|-end|p1a: Zoroark|Illusion
|-enditem|p1a: Zoroark|Air Balloon
|faint|p1a: Zoroark
|
|-weather|SunnyDay|[upkeep]
|upkeep
|
|t:|1776045384
|switch|p1a: Zamazenta|Zamazenta|100/100
|-ability|p1a: Zamazenta|Dauntless Shield|boost
|-boost|p1a: Zamazenta|def|1
|turn|36
|
|t:|1776045386
|move|p2a: Torkoal|Eruption|p1a: Zamazenta
|-damage|p1a: Zamazenta|32/100
|move|p1a: Zamazenta|Iron Head|p2a: Torkoal
|-resisted|p2a: Torkoal
|-damage|p2a: Torkoal|57/100
|
|-weather|SunnyDay|[upkeep]
|-fieldend|move: Trick Room
|upkeep
|turn|37
|
|t:|1776045392
|switch|p2a: Farigiraf|Farigiraf, M|58/100 brn
|-damage|p2a: Farigiraf|33/100 brn|[from] Spikes
|move|p1a: Zamazenta|Crunch|p2a: Farigiraf
|-supereffective|p2a: Farigiraf
|-damage|p2a: Farigiraf|0 fnt
|faint|p2a: Farigiraf
|
|-weather|none
|upkeep
|
|t:|1776045395
|switch|p2a: Mimikyu|Mimikyu, M|100/100
|-damage|p2a: Mimikyu|75/100|[from] Spikes
|turn|38
|
|t:|1776045397
|move|p1a: Zamazenta|Iron Head|p2a: Mimikyu
|-activate|p2a: Mimikyu|ability: Disguise
|-damage|p2a: Mimikyu|75/100
|detailschange|p2a: Mimikyu|Mimikyu-Busted, M
|-damage|p2a: Mimikyu|63/100|[from] pokemon: Mimikyu-Busted
|move|p2a: Mimikyu|Trick Room|p2a: Mimikyu
|-fieldstart|move: Trick Room|[of] p2a: Mimikyu
|
|upkeep
|turn|39
|
|t:|1776045400
|move|p2a: Mimikyu|Curse|p1a: Zamazenta
|-start|p1a: Zamazenta|Curse|[of] p2a: Mimikyu
|-damage|p2a: Mimikyu|13/100
|move|p1a: Zamazenta|Iron Head|p2a: Mimikyu
|-supereffective|p2a: Mimikyu
|-damage|p2a: Mimikyu|0 fnt
|faint|p2a: Mimikyu
|
|-damage|p1a: Zamazenta|7/100|[from] Curse
|upkeep
|
|t:|1776045401
|switch|p2a: Torkoal|Torkoal, F, tera:Fire|57/100
|-damage|p2a: Torkoal|32/100|[from] Spikes
|-weather|SunnyDay|[from] ability: Drought|[of] p2a: Torkoal
|turn|40
|
|t:|1776045403
|move|p2a: Torkoal|Flamethrower|p1a: Zamazenta
|-damage|p1a: Zamazenta|0 fnt
|faint|p1a: Zamazenta
|
|win|parking lot demon
|raw|deltarunetheanime's rating: 1497 &rarr; <strong>1475</strong><br />(-22 for losing)
|raw|parking lot demon's rating: 1467 &rarr; <strong>1489</strong><br />(+22 for winning)
|l|☆deltarunetheanime
|player|p1|
|l|☆parking lot demon
|player|p2|
