|html|<div class="broadcast-blue"><strong>[Gen 9] OU is currently suspecting Volcarona! For information on how to participate check out the <a href="https://www.smogon.com/tools/suspects/view/208">suspect thread</a>.</strong></div>
|j|☆ja hoi
|j|☆Six10lol twitch
|t:|1778498269
|gametype|singles
|player|p1|ja hoi|102|1476
|player|p2|Six10lol twitch|266|1553
|gen|9
|tier|[Gen 9] OU
|rated|
|rule|HP Percentage Mod: HP is shown in percentages
|rule|Endless Battle Clause: Forcing endless battles is banned
|rule|Species Clause: Limit one of each Pokémon
|rule|OHKO Clause: OHKO moves are banned
|rule|Evasion Items Clause: Evasion items are banned
|rule|Evasion Moves Clause: Evasion moves are banned
|rule|Evasion Abilities Clause: Evasion abilities are banned
|rule|Sleep Moves Clause: Sleep-inducing moves are banned
|clearpoke
|poke|p1|Quaquaval, M|
|poke|p1|Zamazenta-*|
|poke|p1|Dragapult, F|
|poke|p1|Garganacl, F|
|poke|p1|Grimmsnarl, M|
|poke|p1|Iron Moth|
|poke|p2|Grimmsnarl, M|
|poke|p2|Iron Treads|
|poke|p2|Raging Bolt|
|poke|p2|Deoxys-Speed|
|poke|p2|Ogerpon-Wellspring, F|
|poke|p2|Ceruledge, M|
|teampreview
|inactive|Battle timer is ON: inactive players will automatically lose when time's up. (requested by Six10lol twitch)
|l|☆Six10lol twitch
|inactive|Six10lol twitch disconnected and has a minute to reconnect!
|player|p2|
|j|☆Six10lol twitch
|inactive|Six10lol twitch reconnected and has 120 seconds left.
|player|p2|Six10lol twitch|266|
|
|t:|1778498321
|teamsize|p1|6
|teamsize|p2|6
|start
|switch|p1a: Grimmsnarl|Grimmsnarl, M|100/100
|switch|p2a: Grimace|Grimmsnarl, M, shiny|100/100
|turn|1
|
|t:|1778498346
|switch|p1a: Garganacl|Garganacl, F|100/100
|move|p2a: Grimace|Reflect|p2a: Grimace
|-sidestart|p2: Six10lol twitch|Reflect
|
|upkeep
|turn|2
|
|t:|1778498352
|move|p2a: Grimace|Taunt|p1a: Garganacl
|-start|p1a: Garganacl|move: Taunt
|move|p1a: Garganacl|Salt Cure|p2a: Grimace
|-damage|p2a: Grimace|91/100
|-start|p2a: Grimace|Salt Cure
|
|-damage|p2a: Grimace|78/100|[from] Salt Cure
|upkeep
|turn|3
|
|t:|1778498364
|move|p2a: Grimace|Low Kick|p1a: Garganacl
|-supereffective|p1a: Garganacl
|-damage|p1a: Garganacl|46/100
|move|p1a: Garganacl|Body Press|p2a: Grimace
|-damage|p2a: Grimace|61/100
|
|-heal|p1a: Garganacl|52/100|[from] item: Leftovers
|-damage|p2a: Grimace|49/100|[from] Salt Cure
|upkeep
|turn|4
|
|t:|1778498373
|switch|p1a: Grimmsnarl|Grimmsnarl, M|100/100
|move|p2a: Grimace|Light Screen|p2a: Grimace
|-sidestart|p2: Six10lol twitch|move: Light Screen
|
|-damage|p2a: Grimace|36/100|[from] Salt Cure
|upkeep
|turn|5
|
|t:|1778498392
|switch|p2a: Rage|Iron Treads, shiny|100/100
|-enditem|p2a: Rage|Booster Energy
|-activate|p2a: Rage|ability: Quark Drive|[fromitem]
|-start|p2a: Rage|quarkdrivespe
|move|p1a: Grimmsnarl|Reflect|p1a: Grimmsnarl
|-sidestart|p1: ja hoi|Reflect
|
|upkeep
|turn|6
|
|t:|1778498401
|move|p1a: Grimmsnarl|Taunt|p2a: Rage
|-start|p2a: Rage|move: Taunt
|cant|p2a: Rage|move: Taunt|Stealth Rock
|
|upkeep
|turn|7
|
|t:|1778498406
|move|p1a: Grimmsnarl|Light Screen|p1a: Grimmsnarl
|-sidestart|p1: ja hoi|move: Light Screen
|move|p2a: Rage|Steel Beam|p1a: Grimmsnarl
|-supereffective|p1a: Grimmsnarl
|-damage|p1a: Grimmsnarl|64/100
|-damage|p2a: Rage|50/100|[from] steelbeam
|
|upkeep
|turn|8
|
|t:|1778498416
|move|p1a: Grimmsnarl|Taunt||[still]
|-fail|p1a: Grimmsnarl
|move|p2a: Rage|Rapid Spin|p1a: Grimmsnarl
|-damage|p1a: Grimmsnarl|58/100
|-boost|p2a: Rage|spe|1
|
|-end|p2a: Rage|move: Taunt
|-sideend|p2: Six10lol twitch|Reflect
|upkeep
|turn|9
|
|t:|1778498426
|-end|p2a: Rage|Quark Drive|[silent]
|switch|p2a: Comatose|Deoxys-Speed, shiny|100/100
|-ability|p2a: Comatose|Pressure
|move|p1a: Grimmsnarl|Taunt|p2a: Comatose
|-start|p2a: Comatose|move: Taunt
|
|upkeep
|turn|10
|inactive|ja hoi has 120 seconds left.
|
|t:|1778498462
|switch|p2a: Grimace|Grimmsnarl, M, shiny|36/100
|switch|p1a: Garganacl|Garganacl, F|52/100
|
|-heal|p1a: Garganacl|58/100|[from] item: Leftovers
|upkeep
|turn|11
|inactive|ja hoi has 120 seconds left.
|
|t:|1778498469
|move|p2a: Grimace|Taunt|p1a: Garganacl
|-start|p1a: Garganacl|move: Taunt
|move|p1a: Garganacl|Salt Cure|p2a: Grimace
|-damage|p2a: Grimace|14/100
|-start|p2a: Grimace|Salt Cure
|
|-heal|p1a: Garganacl|64/100|[from] item: Leftovers
|-damage|p2a: Grimace|2/100|[from] Salt Cure
|-sideend|p2: Six10lol twitch|move: Light Screen
|upkeep
|turn|12
|inactive|ja hoi has 120 seconds left.
|
|t:|1778498481
|switch|p1a: Grimmsnarl|Grimmsnarl, M|58/100
|move|p2a: Grimace|Reflect|p2a: Grimace
|-sidestart|p2: Six10lol twitch|Reflect
|
|-damage|p2a: Grimace|0 fnt|[from] Salt Cure
|faint|p2a: Grimace
|-sideend|p1: ja hoi|Reflect
|upkeep
|
|t:|1778498488
|switch|p2a: Khaos|Ceruledge, M, shiny|100/100
|turn|13
|
|t:|1778498492
|move|p1a: Grimmsnarl|Taunt|p2a: Khaos
|-start|p2a: Khaos|move: Taunt
|move|p2a: Khaos|Bitter Blade|p1a: Grimmsnarl
|-damage|p1a: Grimmsnarl|0 fnt
|faint|p1a: Grimmsnarl
|-damage|p2a: Khaos|91/100|[from] item: Life Orb
|
|upkeep
|
|t:|1778498501
|switch|p1a: Quaquaval|Quaquaval, M|100/100
|turn|14
|
|t:|1778498511
|move|p1a: Quaquaval|Aqua Step|p2a: Khaos
|-supereffective|p2a: Khaos
|-damage|p2a: Khaos|29/100
|-boost|p1a: Quaquaval|spe|1
|-ability|p2a: Khaos|Weak Armor|boost
|-unboost|p2a: Khaos|def|1
|-boost|p2a: Khaos|spe|2
|move|p2a: Khaos|Poltergeist|p1a: Quaquaval
|-activate|p1a: Quaquaval|move: Poltergeist|Mystic Water
|-damage|p1a: Quaquaval|1/100
|-damage|p2a: Khaos|19/100|[from] item: Life Orb
|
|-sideend|p1: ja hoi|move: Light Screen
|upkeep
|turn|15
|
|t:|1778498524
|move|p1a: Quaquaval|Aqua Jet|p2a: Khaos
|-supereffective|p2a: Khaos
|-damage|p2a: Khaos|0 fnt
|faint|p2a: Khaos
|-ability|p1a: Quaquaval|Moxie|boost
|-boost|p1a: Quaquaval|atk|1
|
|upkeep
|
|t:|1778498534
|switch|p2a: Alice|Ogerpon-Wellspring, F|100/100
|turn|16
|
|t:|1778498555
|move|p1a: Quaquaval|Close Combat|p2a: Alice
|-damage|p2a: Alice|43/100
|-unboost|p1a: Quaquaval|def|1
|-unboost|p1a: Quaquaval|spd|1
|move|p2a: Alice|Trailblaze|p1a: Quaquaval
|-supereffective|p1a: Quaquaval
|-damage|p1a: Quaquaval|0 fnt
|-boost|p2a: Alice|spe|1
|faint|p1a: Quaquaval
|
|upkeep
|
|t:|1778498565
|switch|p1a: Zamazenta|Zamazenta|100/100
|-ability|p1a: Zamazenta|Dauntless Shield|boost
|-boost|p1a: Zamazenta|def|1
|turn|17
|
|t:|1778498573
|move|p2a: Alice|Play Rough|p1a: Zamazenta
|-supereffective|p1a: Zamazenta
|-damage|p1a: Zamazenta|61/100
|move|p1a: Zamazenta|Body Press|p2a: Alice
|-damage|p2a: Alice|11/100
|
|-heal|p1a: Zamazenta|67/100|[from] item: Leftovers
|upkeep
|turn|18
|
|t:|1778498594
|move|p2a: Alice|Ivy Cudgel|p1a: Zamazenta|[anim] Ivy Cudgel Water
|-damage|p1a: Zamazenta|36/100
|move|p1a: Zamazenta|Body Press|p2a: Alice
|-damage|p2a: Alice|0 fnt
|faint|p2a: Alice
|
|-heal|p1a: Zamazenta|42/100|[from] item: Leftovers
|upkeep
|
|t:|1778498611
|switch|p2a: Comatose|Deoxys-Speed, shiny|100/100
|-ability|p2a: Comatose|Pressure
|turn|19
|
|t:|1778498621
|move|p2a: Comatose|Nasty Plot|p2a: Comatose
|-boost|p2a: Comatose|spa|2
|move|p1a: Zamazenta|Crunch|p2a: Comatose
|-supereffective|p2a: Comatose
|-damage|p2a: Comatose|69/100
|-unboost|p2a: Comatose|def|1
|
|-heal|p2a: Comatose|75/100|[from] item: Leftovers
|-heal|p1a: Zamazenta|48/100|[from] item: Leftovers
|-sideend|p2: Six10lol twitch|Reflect
|upkeep
|turn|20
|
|t:|1778498644
|move|p2a: Comatose|Focus Blast|p1a: Zamazenta
|-damage|p1a: Zamazenta|0 fnt
|faint|p1a: Zamazenta
|
|-heal|p2a: Comatose|81/100|[from] item: Leftovers
|upkeep
|inactive|ja hoi has 120 seconds left.
|
|t:|1778498660
|switch|p1a: Garganacl|Garganacl, F|64/100
|turn|21
|inactive|ja hoi has 120 seconds left.
|
|t:|1778498665
|-terastallize|p1a: Garganacl|Fairy
|move|p2a: Comatose|Psycho Boost|p1a: Garganacl
|-crit|p1a: Garganacl
|-damage|p1a: Garganacl|0 fnt
|-unboost|p2a: Comatose|spa|2
|faint|p1a: Garganacl
|
|-heal|p2a: Comatose|87/100|[from] item: Leftovers
|upkeep
|inactive|ja hoi has 120 seconds left.
|c|☆ja hoi|balls
|
|t:|1778498674
|switch|p1a: Dragapult|Dragapult, F|100/100
|turn|22
|
|t:|1778498685
|-terastallize|p2a: Comatose|Fighting
|move|p2a: Comatose|Nasty Plot|p2a: Comatose
|-boost|p2a: Comatose|spa|2
|move|p1a: Dragapult|Dragon Dance|p1a: Dragapult
|-boost|p1a: Dragapult|atk|1
|-boost|p1a: Dragapult|spe|1
|
|-heal|p2a: Comatose|93/100|[from] item: Leftovers
|upkeep
|turn|23
|
|t:|1778498701
|move|p1a: Dragapult|Dragon Darts|p2a: Comatose
|-damage|p2a: Comatose|5/100
|-anim|p1a: Dragapult|Dragon Darts|p2a: Comatose
|-damage|p2a: Comatose|0 fnt
|faint|p2a: Comatose
|
|upkeep
|
|t:|1778498708
|switch|p2a: Byakko|Raging Bolt|100/100
|-enditem|p2a: Byakko|Booster Energy
|-activate|p2a: Byakko|ability: Protosynthesis|[fromitem]
|-start|p2a: Byakko|protosynthesisspa
|turn|24
|
|t:|1778498713
|move|p1a: Dragapult|Dragon Darts|p2a: Byakko
|-supereffective|p2a: Byakko
|-damage|p2a: Byakko|33/100
|-anim|p1a: Dragapult|Dragon Darts|p2a: Byakko
|-supereffective|p2a: Byakko
|-damage|p2a: Byakko|0 fnt
|faint|p2a: Byakko
|-end|p2a: Byakko|Protosynthesis|[silent]
|
|upkeep
|l|☆Six10lol twitch
|inactive|Six10lol twitch disconnected and has a minute to reconnect!
|player|p2|
|inactive|Six10lol twitch has 30 seconds to reconnect!
|c|☆ja hoi|hmm
|inactive|Six10lol twitch has 20 seconds to reconnect!
|inactive|Six10lol twitch has 15 seconds to reconnect!
|inactive|Six10lol twitch has 10 seconds to reconnect!
|inactive|Six10lol twitch has 5 seconds to reconnect!
|-message|Six10lol twitch lost due to inactivity.
|
|win|ja hoi
|raw|ja hoi's rating: 1476 &rarr; <strong>1500</strong><br />(+24 for winning)
|raw|Six10lol twitch's rating: 1553 &rarr; <strong>1529</strong><br />(-24 for losing)
|l|☆ja hoi
|player|p1|
