|html|<div class="broadcast-blue"><strong>[Gen 9] OU is currently suspecting Tera Blast! For information on how to participate check out the <a href="https://www.smogon.com/tools/suspects/view/200">suspect thread</a>.</strong></div>
|j|☆F0rtuna
|j|☆adrianan
|t:|1776087647
|gametype|singles
|player|p1|F0rtuna|1|1352
|player|p2|adrianan|red|1386
|gen|9
|tier|[Gen 9] OU
|rated|
|rule|HP Percentage Mod: HP is shown in percentages
|rule|Endless Battle Clause: Forcing endless battles is banned
|rule|Species Clause: Limit one of each Pokémon
|rule|OHKO Clause: OHKO moves are banned
|rule|Evasion Items Clause: Evasion items are banned
|rule|Evasion Moves Clause: Evasion moves are banned
|rule|Evasion Abilities Clause: Evasion abilities are banned
|rule|Sleep Moves Clause: Sleep-inducing moves are banned
|clearpoke
|poke|p1|Hydrapple, M|
|poke|p1|Tyranitar, F|
|poke|p1|Moltres|
|poke|p1|Zamazenta-*|
|poke|p1|Slowking-Galar, M|
|poke|p1|Excadrill, F|
|poke|p2|Hariyama, F|
|poke|p2|Azumarill, F|
|poke|p2|Goodra-Hisui, F|
|poke|p2|Glimmora, F|
|poke|p2|Garchomp, M|
|poke|p2|Noivern, M|
|teampreview
|inactive|Battle timer is ON: inactive players will automatically lose when time's up. (requested by F0rtuna)
|inactive|adrianan has 120 seconds left.
|
|t:|1776087691
|teamsize|p1|6
|teamsize|p2|6
|start
|switch|p1a: Tyranitar|Tyranitar, F|100/100
|switch|p2a: Hariyama|Hariyama, F|100/100
|-weather|Sandstorm|[from] ability: Sand Stream|[of] p1a: Tyranitar
|turn|1
|
|t:|1776087701
|switch|p1a: Moltres|Moltres|100/100
|move|p2a: Hariyama|Knock Off|p1a: Moltres
|-damage|p1a: Moltres|79/100
|-enditem|p1a: Moltres|Heavy-Duty Boots|[from] move: Knock Off|[of] p2a: Hariyama
|
|-weather|Sandstorm|[upkeep]
|-damage|p1a: Moltres|73/100|[from] Sandstorm
|-damage|p2a: Hariyama|94/100|[from] Sandstorm
|-status|p2a: Hariyama|brn|[from] item: Flame Orb
|upkeep
|turn|2
|
|t:|1776087722
|switch|p2a: Garchomp|Garchomp, M|100/100
|move|p1a: Moltres|U-turn|p2a: Garchomp
|-damage|p2a: Garchomp|92/100
|-damage|p1a: Moltres|61/100|[from] ability: Rough Skin|[of] p2a: Garchomp
|-damage|p1a: Moltres|44/100|[from] item: Rocky Helmet|[of] p2a: Garchomp
|
|t:|1776087741
|switch|p1a: Excadrill|Excadrill, F|100/100|[from] U-turn
|-item|p1a: Excadrill|Air Balloon
|
|-weather|Sandstorm|[upkeep]
|upkeep
|turn|3
|
|t:|1776087748
|move|p1a: Excadrill|Swords Dance|p1a: Excadrill
|-boost|p1a: Excadrill|atk|2
|move|p2a: Garchomp|Dragon Tail|p1a: Excadrill
|-resisted|p1a: Excadrill
|-damage|p1a: Excadrill|81/100
|-enditem|p1a: Excadrill|Air Balloon
|drag|p1a: Slowking|Slowking-Galar, M|100/100
|
|-weather|Sandstorm|[upkeep]
|-damage|p1a: Slowking|94/100|[from] Sandstorm
|upkeep
|turn|4
|
|t:|1776087757
|move|p2a: Garchomp|Earthquake|p1a: Slowking
|-supereffective|p1a: Slowking
|-damage|p1a: Slowking|27/100
|move|p1a: Slowking|Ice Beam|p2a: Garchomp
|-supereffective|p2a: Garchomp
|-damage|p2a: Garchomp|7/100
|
|-weather|Sandstorm|[upkeep]
|-damage|p1a: Slowking|21/100|[from] Sandstorm
|upkeep
|turn|5
|
|t:|1776087767
|switch|p1a: Moltres|Moltres|44/100
|move|p2a: Garchomp|Stealth Rock|p1a: Moltres
|-sidestart|p1: F0rtuna|move: Stealth Rock
|
|-weather|Sandstorm|[upkeep]
|-damage|p1a: Moltres|38/100|[from] Sandstorm
|upkeep
|turn|6
|
|t:|1776087780
|move|p2a: Garchomp|Spikes|p1a: Moltres
|-sidestart|p1: F0rtuna|Spikes
|move|p1a: Moltres|Roost|p1a: Moltres
|-heal|p1a: Moltres|88/100
|-singleturn|p1a: Moltres|move: Roost
|
|-weather|Sandstorm|[upkeep]
|-damage|p1a: Moltres|82/100|[from] Sandstorm
|upkeep
|turn|7
|
|t:|1776087806
|move|p1a: Moltres|Flamethrower|p2a: Garchomp
|-resisted|p2a: Garchomp
|-damage|p2a: Garchomp|0 fnt
|faint|p2a: Garchomp
|
|-weather|Sandstorm|[upkeep]
|-damage|p1a: Moltres|76/100|[from] Sandstorm
|upkeep
|
|t:|1776087814
|switch|p2a: Glimmora|Glimmora, F|100/100
|turn|8
|
|t:|1776087823
|switch|p1a: Excadrill|Excadrill, F|81/100
|-damage|p1a: Excadrill|78/100|[from] Stealth Rock
|-damage|p1a: Excadrill|66/100|[from] Spikes
|move|p2a: Glimmora|Earth Power|p1a: Excadrill
|-supereffective|p1a: Excadrill
|-crit|p1a: Excadrill
|-damage|p1a: Excadrill|0 fnt
|faint|p1a: Excadrill
|
|-weather|none
|upkeep
|
|t:|1776087829
|switch|p1a: Tyranitar|Tyranitar, F|100/100
|-damage|p1a: Tyranitar|88/100|[from] Stealth Rock
|-damage|p1a: Tyranitar|76/100|[from] Spikes
|-weather|Sandstorm|[from] ability: Sand Stream|[of] p1a: Tyranitar
|turn|9
|
|t:|1776087834
|move|p2a: Glimmora|Earth Power|p1a: Tyranitar
|-supereffective|p1a: Tyranitar
|-damage|p1a: Tyranitar|48/100
|move|p1a: Tyranitar|Knock Off|p2a: Glimmora
|-damage|p2a: Glimmora|48/100
|-activate|p2a: Glimmora|ability: Toxic Debris
|-sidestart|p1: F0rtuna|move: Toxic Spikes
|-enditem|p2a: Glimmora|Focus Sash|[from] move: Knock Off|[of] p1a: Tyranitar
|
|-weather|Sandstorm|[upkeep]
|upkeep
|turn|10
|
|t:|1776087845
|move|p2a: Glimmora|Earth Power|p1a: Tyranitar
|-supereffective|p1a: Tyranitar
|-damage|p1a: Tyranitar|24/100
|move|p1a: Tyranitar|Stealth Rock|p2a: Glimmora
|-sidestart|p2: adrianan|move: Stealth Rock
|
|-weather|Sandstorm|[upkeep]
|upkeep
|turn|11
|
|t:|1776087855
|move|p2a: Glimmora|Mortal Spin|p1a: Tyranitar
|-resisted|p1a: Tyranitar
|-damage|p1a: Tyranitar|22/100
|-status|p1a: Tyranitar|psn
|-sideend|p2: adrianan|Stealth Rock|[from] move: Mortal Spin|[of] p2a: Glimmora
|move|p1a: Tyranitar|Knock Off|p2a: Glimmora
|-damage|p2a: Glimmora|13/100
|-activate|p2a: Glimmora|ability: Toxic Debris
|-sidestart|p1: F0rtuna|move: Toxic Spikes
|
|-weather|Sandstorm|[upkeep]
|-damage|p1a: Tyranitar|9/100 psn|[from] psn
|upkeep
|turn|12
|
|t:|1776087863
|move|p2a: Glimmora|Earth Power|p1a: Tyranitar
|-supereffective|p1a: Tyranitar
|-damage|p1a: Tyranitar|0 fnt
|faint|p1a: Tyranitar
|
|-weather|Sandstorm|[upkeep]
|upkeep
|
|t:|1776087866
|switch|p1a: Slowking|Slowking-Galar, M|54/100
|-damage|p1a: Slowking|41/100|[from] Stealth Rock
|-damage|p1a: Slowking|29/100|[from] Spikes
|-sideend|p1: F0rtuna|move: Toxic Spikes|[of] p1a: Slowking
|turn|13
|
|t:|1776087871
|switch|p1a: Moltres|Moltres|76/100
|-damage|p1a: Moltres|26/100|[from] Stealth Rock
|move|p2a: Glimmora|Earth Power|p1a: Moltres
|-immune|p1a: Moltres
|
|-weather|Sandstorm|[upkeep]
|-damage|p1a: Moltres|20/100|[from] Sandstorm
|upkeep
|turn|14
|
|t:|1776087878
|move|p2a: Glimmora|Power Gem|p1a: Moltres
|-supereffective|p1a: Moltres
|-damage|p1a: Moltres|0 fnt
|faint|p1a: Moltres
|
|-weather|Sandstorm|[upkeep]
|upkeep
|
|t:|1776087883
|switch|p1a: Slowking|Slowking-Galar, M|62/100
|-damage|p1a: Slowking|50/100|[from] Stealth Rock
|-damage|p1a: Slowking|37/100|[from] Spikes
|turn|15
|
|t:|1776087891
|move|p2a: Glimmora|Earth Power|p1a: Slowking
|-supereffective|p1a: Slowking
|-damage|p1a: Slowking|4/100
|move|p1a: Slowking|Psyshock|p2a: Glimmora
|-supereffective|p2a: Glimmora
|-crit|p2a: Glimmora
|-damage|p2a: Glimmora|0 fnt
|faint|p2a: Glimmora
|
|-weather|Sandstorm|[upkeep]
|-damage|p1a: Slowking|0 fnt|[from] Sandstorm
|faint|p1a: Slowking
|upkeep
|
|t:|1776087910
|switch|p2a: Noivern|Noivern, M|100/100
|switch|p1a: Hydrapple|Hydrapple, M|100/100
|turn|16
|
|t:|1776087933
|switch|p2a: Goodra|Goodra-Hisui, F|100/100
|-terastallize|p1a: Hydrapple|Poison
|move|p1a: Hydrapple|Fickle Beam|p2a: Goodra
|-damage|p2a: Goodra|86/100
|
|-weather|none
|upkeep
|turn|17
|
|t:|1776087942
|move|p2a: Goodra|Dragon Pulse|p1a: Hydrapple
|-damage|p1a: Hydrapple|66/100
|move|p1a: Hydrapple|Nasty Plot|p1a: Hydrapple
|-boost|p1a: Hydrapple|spa|2
|
|upkeep
|turn|18
|
|t:|1776087947
|move|p2a: Goodra|Dragon Pulse|p1a: Hydrapple
|-damage|p1a: Hydrapple|33/100
|move|p1a: Hydrapple|Earth Power|p2a: Goodra
|-supereffective|p2a: Goodra
|-damage|p2a: Goodra|46/100
|-unboost|p2a: Goodra|spd|1
|
|upkeep
|turn|19
|
|t:|1776087956
|switch|p1a: Zamazenta|Zamazenta|100/100
|-damage|p1a: Zamazenta|94/100|[from] Stealth Rock
|-damage|p1a: Zamazenta|82/100|[from] Spikes
|-ability|p1a: Zamazenta|Dauntless Shield|boost
|-boost|p1a: Zamazenta|def|1
|move|p2a: Goodra|Dragon Pulse|p1a: Zamazenta
|-damage|p1a: Zamazenta|54/100
|
|-heal|p1a: Zamazenta|60/100|[from] item: Leftovers
|upkeep
|turn|20
|
|t:|1776087966
|move|p1a: Zamazenta|Body Press|p2a: Goodra
|-supereffective|p2a: Goodra
|-damage|p2a: Goodra|0 fnt
|faint|p2a: Goodra
|
|-heal|p1a: Zamazenta|66/100|[from] item: Leftovers
|upkeep
|
|t:|1776087969
|switch|p2a: Noivern|Noivern, M|100/100
|turn|21
|
|t:|1776087978
|move|p2a: Noivern|Air Slash|p1a: Zamazenta
|-supereffective|p1a: Zamazenta
|-damage|p1a: Zamazenta|0 fnt
|faint|p1a: Zamazenta
|
|upkeep
|
|t:|1776087983
|switch|p1a: Hydrapple|Hydrapple, M, tera:Poison|67/100
|turn|22
|
|t:|1776087985
|move|p2a: Noivern|Air Slash|p1a: Hydrapple
|-damage|p1a: Hydrapple|22/100
|cant|p1a: Hydrapple|flinch
|
|upkeep
|turn|23
|
|t:|1776087990
|move|p2a: Noivern|Air Slash|p1a: Hydrapple
|-damage|p1a: Hydrapple|0 fnt
|faint|p1a: Hydrapple
|
|win|adrianan
|raw|F0rtuna's rating: 1352 &rarr; <strong>1334</strong><br />(-18 for losing)
|raw|adrianan's rating: 1386 &rarr; <strong>1404</strong><br />(+18 for winning)
|l|☆adrianan
|player|p2|
|l|☆F0rtuna
|player|p1|
