|html|<div class="broadcast-blue"><strong>[Gen 9] OU is currently suspecting Tera Blast! For information on how to participate check out the <a href="https://www.smogon.com/tools/suspects/view/200">suspect thread</a>.</strong></div>
|j|☆dialethetica
|j|☆yaauntjamima
|t:|1776063916
|gametype|singles
|player|p1|dialethetica|101|1166
|player|p2|yaauntjamima|hugh|1201
|gen|9
|tier|[Gen 9] OU
|rated|
|rule|HP Percentage Mod: HP is shown in percentages
|rule|Endless Battle Clause: Forcing endless battles is banned
|rule|Species Clause: Limit one of each Pokémon
|rule|OHKO Clause: OHKO moves are banned
|rule|Evasion Items Clause: Evasion items are banned
|rule|Evasion Moves Clause: Evasion moves are banned
|rule|Evasion Abilities Clause: Evasion abilities are banned
|rule|Sleep Moves Clause: Sleep-inducing moves are banned
|clearpoke
|poke|p1|Darkrai|
|poke|p1|Mimikyu, F|
|poke|p1|Zoroark-Hisui, F|
|poke|p1|Arcanine-Hisui, M|
|poke|p1|Great Tusk|
|poke|p1|Kingambit, M|
|poke|p2|Umbreon, F|
|poke|p2|Electivire, F|
|poke|p2|Ogerpon-Wellspring, F|
|poke|p2|Blaziken, F|
|poke|p2|Dragapult, M|
|poke|p2|Ting-Lu|
|teampreview
|j| ohko_smeargle
|
|t:|1776063923
|teamsize|p1|6
|teamsize|p2|6
|start
|switch|p1a: Darkrai|Darkrai|100/100
|switch|p2a: Electivire|Electivire, F, shiny|100/100
|turn|1
|
|t:|1776063944
|move|p1a: Darkrai|Nasty Plot|p1a: Darkrai
|-boost|p1a: Darkrai|spa|2
|move|p2a: Electivire|Thunder Punch|p1a: Darkrai
|-damage|p1a: Darkrai|32/100
|
|upkeep
|turn|2
|
|t:|1776063968
|switch|p2a: Ting-Lu|Ting-Lu, shiny|100/100
|-ability|p2a: Ting-Lu|Vessel of Ruin
|move|p1a: Darkrai|Focus Blast|p2a: Ting-Lu
|-supereffective|p2a: Ting-Lu
|-damage|p2a: Ting-Lu|0 fnt
|faint|p2a: Ting-Lu
|
|upkeep
|
|t:|1776063978
|switch|p2a: Blaziken|Blaziken, F, shiny|100/100
|turn|3
|
|t:|1776063990
|move|p2a: Blaziken|Protect|p2a: Blaziken
|-singleturn|p2a: Blaziken|Protect
|move|p1a: Darkrai|Focus Blast|p2a: Blaziken
|-activate|p2a: Blaziken|move: Protect
|
|-ability|p2a: Blaziken|Speed Boost|boost
|-boost|p2a: Blaziken|spe|1
|upkeep
|turn|4
|
|t:|1776064006
|switch|p1a: Great Tusk|Great Tusk|100/100
|move|p2a: Blaziken|Fire Punch|p1a: Great Tusk
|-damage|p1a: Great Tusk|80/100
|
|-ability|p2a: Blaziken|Speed Boost|boost
|-boost|p2a: Blaziken|spe|1
|upkeep
|turn|5
|
|t:|1776064023
|move|p2a: Blaziken|Protect|p2a: Blaziken
|-singleturn|p2a: Blaziken|Protect
|move|p1a: Great Tusk|Headlong Rush|p2a: Blaziken
|-activate|p2a: Blaziken|move: Protect
|
|-ability|p2a: Blaziken|Speed Boost|boost
|-boost|p2a: Blaziken|spe|1
|upkeep
|turn|6
|
|t:|1776064032
|switch|p2a: Ogerpon|Ogerpon-Wellspring, F|100/100
|move|p1a: Great Tusk|Headlong Rush|p2a: Ogerpon
|-resisted|p2a: Ogerpon
|-crit|p2a: Ogerpon
|-damage|p2a: Ogerpon|49/100
|-unboost|p1a: Great Tusk|def|1
|-unboost|p1a: Great Tusk|spd|1
|
|upkeep
|turn|7
|
|t:|1776064045
|move|p2a: Ogerpon|Horn Leech|p1a: Great Tusk
|-supereffective|p1a: Great Tusk
|-damage|p1a: Great Tusk|13/100
|-heal|p2a: Ogerpon|97/100|[from] drain|[of] p1a: Great Tusk
|move|p1a: Great Tusk|Stealth Rock|p2a: Ogerpon
|-sidestart|p2: yaauntjamima|move: Stealth Rock
|
|upkeep
|turn|8
|
|t:|1776064081
|move|p2a: Ogerpon|Horn Leech|p1a: Great Tusk
|-supereffective|p1a: Great Tusk
|-damage|p1a: Great Tusk|0 fnt
|-heal|p2a: Ogerpon|100/100|[from] drain|[of] p1a: Great Tusk
|faint|p1a: Great Tusk
|-end|p1a: Great Tusk|Protosynthesis|[silent]
|
|upkeep
|
|t:|1776064088
|switch|p1a: Darkrai|Darkrai|32/100
|turn|9
|
|t:|1776064097
|move|p2a: Ogerpon|Spiky Shield|p2a: Ogerpon
|-singleturn|p2a: Ogerpon|move: Protect
|move|p1a: Darkrai|Sludge Bomb|p2a: Ogerpon
|-activate|p2a: Ogerpon|move: Protect
|
|upkeep
|turn|10
|
|t:|1776064111
|switch|p2a: Umbreon|Umbreon, F, shiny|100/100
|-damage|p2a: Umbreon|88/100|[from] Stealth Rock
|move|p1a: Darkrai|Sludge Bomb|p2a: Umbreon
|-damage|p2a: Umbreon|68/100
|-status|p2a: Umbreon|psn
|-activate|p2a: Umbreon|ability: Synchronize
|-status|p1a: Darkrai|psn
|
|-heal|p2a: Umbreon|74/100 psn|[from] item: Leftovers
|-damage|p1a: Darkrai|19/100 psn|[from] psn
|-damage|p2a: Umbreon|61/100 psn|[from] psn
|upkeep
|turn|11
|
|t:|1776064127
|move|p1a: Darkrai|Focus Blast|p2a: Umbreon
|-supereffective|p2a: Umbreon
|-damage|p2a: Umbreon|10/100 psn
|move|p2a: Umbreon|Wish|p2a: Umbreon
|
|-heal|p2a: Umbreon|16/100 psn|[from] item: Leftovers
|-damage|p1a: Darkrai|7/100 psn|[from] psn
|-damage|p2a: Umbreon|4/100 psn|[from] psn
|upkeep
|turn|12
|
|t:|1776064151
|move|p1a: Darkrai|Sludge Bomb|p2a: Umbreon
|-crit|p2a: Umbreon
|-damage|p2a: Umbreon|0 fnt
|faint|p2a: Umbreon
|
|-damage|p1a: Darkrai|0 fnt|[from] psn
|faint|p1a: Darkrai
|upkeep
|
|t:|1776064170
|switch|p1a: Mimikyu|Mimikyu, F, shiny|100/100
|switch|p2a: Blaziken|Blaziken, F, shiny|100/100
|-damage|p2a: Blaziken|88/100|[from] Stealth Rock
|turn|13
|
|t:|1776064180
|move|p1a: Mimikyu|Swords Dance|p1a: Mimikyu
|-boost|p1a: Mimikyu|atk|2
|move|p2a: Blaziken|Fire Punch|p1a: Mimikyu
|-activate|p1a: Mimikyu|ability: Disguise
|-damage|p1a: Mimikyu|100/100
|detailschange|p1a: Mimikyu|Mimikyu-Busted, F, shiny
|-damage|p1a: Mimikyu|88/100|[from] pokemon: Mimikyu-Busted
|
|-ability|p2a: Blaziken|Speed Boost|boost
|-boost|p2a: Blaziken|spe|1
|upkeep
|turn|14
|
|t:|1776064198
|move|p2a: Blaziken|Protect|p2a: Blaziken
|-singleturn|p2a: Blaziken|Protect
|move|p1a: Mimikyu|Shadow Sneak|p2a: Blaziken
|-activate|p2a: Blaziken|move: Protect
|
|-ability|p2a: Blaziken|Speed Boost|boost
|-boost|p2a: Blaziken|spe|1
|upkeep
|turn|15
|
|t:|1776064208
|move|p1a: Mimikyu|Shadow Sneak|p2a: Blaziken
|-damage|p2a: Blaziken|22/100
|-damage|p1a: Mimikyu|78/100|[from] item: Life Orb
|move|p2a: Blaziken|Fire Punch|p1a: Mimikyu
|-damage|p1a: Mimikyu|16/100
|
|-ability|p2a: Blaziken|Speed Boost|boost
|-boost|p2a: Blaziken|spe|1
|upkeep
|turn|16
|
|t:|1776064228
|move|p1a: Mimikyu|Shadow Sneak|p2a: Blaziken
|-damage|p2a: Blaziken|0 fnt
|faint|p2a: Blaziken
|-damage|p1a: Mimikyu|6/100|[from] item: Life Orb
|
|upkeep
|
|t:|1776064240
|switch|p2a: Ogerpon|Ogerpon-Wellspring, F|100/100
|-damage|p2a: Ogerpon|88/100|[from] Stealth Rock
|turn|17
|
|t:|1776064252
|move|p1a: Mimikyu|Shadow Sneak|p2a: Ogerpon
|-damage|p2a: Ogerpon|36/100
|-damage|p1a: Mimikyu|0 fnt|[from] item: Life Orb
|faint|p1a: Mimikyu
|move|p2a: Ogerpon|Horn Leech|p1: Mimikyu|[notarget]
|-fail|p2a: Ogerpon
|
|upkeep
|
|t:|1776064275
|switch|p1a: Kingambit|Kingambit, M|100/100
|turn|18
|
|t:|1776064283
|move|p2a: Ogerpon|Spiky Shield|p2a: Ogerpon
|-singleturn|p2a: Ogerpon|move: Protect
|move|p1a: Kingambit|Shadow Ball|p2a: Ogerpon
|-activate|p2a: Ogerpon|move: Protect
|
|upkeep
|turn|19
|inactive|Battle timer is ON: inactive players will automatically lose when time's up. (requested by dialethetica)
|
|t:|1776064333
|move|p1a: Kingambit|Shadow Ball|p2a: Ogerpon
|-damage|p2a: Ogerpon|0 fnt
|faint|p2a: Ogerpon
|
|upkeep
|
|t:|1776064348
|switch|p2a: Dragapult|Dragapult, M|100/100
|-damage|p2a: Dragapult|88/100|[from] Stealth Rock
|turn|20
|
|t:|1776064356
|-terastallize|p2a: Dragapult|Steel
|move|p2a: Dragapult|Draco Meteor|p1a: Kingambit
|-damage|p1a: Kingambit|0 fnt
|-unboost|p2a: Dragapult|spa|2
|replace|p1a: Zoroark|Zoroark-Hisui, F, shiny
|-end|p1a: Zoroark|Illusion
|faint|p1a: Zoroark
|
|upkeep
|
|t:|1776064370
|switch|p1a: Kingambit|Kingambit, M|100/100
|-activate|p1a: Kingambit|ability: Supreme Overlord
|-start|p1a: Kingambit|fallen4|[silent]
|turn|21
|
|t:|1776064377
|switch|p2a: Electivire|Electivire, F, shiny|100/100
|-damage|p2a: Electivire|88/100|[from] Stealth Rock
|move|p1a: Kingambit|Swords Dance|p1a: Kingambit
|-boost|p1a: Kingambit|atk|2
|
|upkeep
|turn|22
|
|t:|1776064386
|move|p1a: Kingambit|Sucker Punch|p2a: Electivire
|-damage|p2a: Electivire|0 fnt
|faint|p2a: Electivire
|
|upkeep
|
|t:|1776064389
|switch|p2a: Dragapult|Dragapult, M, tera:Steel|88/100
|-damage|p2a: Dragapult|82/100|[from] Stealth Rock
|turn|23
|-message|yaauntjamima forfeited.
|
|win|dialethetica
|raw|dialethetica's rating: 1166 &rarr; <strong>1192</strong><br />(+26 for winning)
|raw|yaauntjamima's rating: 1176 &rarr; <strong>1150</strong><br />(-26 for losing)
|l|☆yaauntjamima
|player|p2|
|l| ohko_smeargle
|l|☆dialethetica
|player|p1|
