|html|<div class="broadcast-blue"><strong>[Gen 9] OU is currently suspecting Tera Blast! For information on how to participate check out the <a href="https://www.smogon.com/tools/suspects/view/200">suspect thread</a>.</strong></div>
|j|☆rillabomba
|j|☆thirtiseven
|t:|1776153415
|gametype|singles
|player|p1|rillabomba|169|1157
|player|p2|thirtiseven|baker|1159
|gen|9
|tier|[Gen 9] OU
|rated|
|rule|HP Percentage Mod: HP is shown in percentages
|rule|Endless Battle Clause: Forcing endless battles is banned
|rule|Species Clause: Limit one of each Pokémon
|rule|OHKO Clause: OHKO moves are banned
|rule|Evasion Items Clause: Evasion items are banned
|rule|Evasion Moves Clause: Evasion moves are banned
|rule|Evasion Abilities Clause: Evasion abilities are banned
|rule|Sleep Moves Clause: Sleep-inducing moves are banned
|clearpoke
|poke|p1|Gholdengo|
|poke|p1|Ogerpon, F|
|poke|p1|Rillaboom, M|
|poke|p1|Samurott-Hisui, M|
|poke|p1|Glimmora, M|
|poke|p1|Raging Bolt|
|poke|p2|Kyurem|
|poke|p2|Ceruledge, M|
|poke|p2|Dragalge, F|
|poke|p2|Kingambit, M|
|poke|p2|Gholdengo|
|poke|p2|Alomomola, M|
|teampreview
|inactive|Battle timer is ON: inactive players will automatically lose when time's up. (requested by rillabomba)
|inactive|thirtiseven has 120 seconds left.
|inactive|thirtiseven has 90 seconds left.
|
|t:|1776153491
|teamsize|p1|6
|teamsize|p2|6
|start
|switch|p1a: Samurott|Samurott-Hisui, M, shiny|100/100
|switch|p2a: Kingambit|Kingambit, M|100/100
|turn|1
|
|t:|1776153502
|move|p1a: Samurott|Flip Turn|p2a: Kingambit
|-damage|p2a: Kingambit|76/100
|
|t:|1776153504
|switch|p1a: Ogerpon|Ogerpon, F|100/100|[from] Flip Turn
|move|p2a: Kingambit|Swords Dance|p2a: Kingambit
|-boost|p2a: Kingambit|atk|2
|
|upkeep
|turn|2
|
|t:|1776153511
|move|p1a: Ogerpon|Superpower|p2a: Kingambit
|-supereffective|p2a: Kingambit
|-damage|p2a: Kingambit|0 fnt
|-unboost|p1a: Ogerpon|atk|1
|-unboost|p1a: Ogerpon|def|1
|faint|p2a: Kingambit
|-end|p2a: Kingambit|fallenundefined|[silent]
|
|upkeep
|c|☆thirtiseven|cool
|inactive|thirtiseven has 120 seconds left.
|
|t:|1776153543
|switch|p2a: Ceruledge|Ceruledge, M|100/100
|-item|p2a: Ceruledge|Air Balloon
|turn|3
|
|t:|1776153556
|switch|p1a: Raging Bolt|Raging Bolt|100/100
|-enditem|p1a: Raging Bolt|Booster Energy
|-activate|p1a: Raging Bolt|ability: Protosynthesis|[fromitem]
|-start|p1a: Raging Bolt|protosynthesisspa
|move|p2a: Ceruledge|Bulk Up|p2a: Ceruledge
|-boost|p2a: Ceruledge|atk|1
|-boost|p2a: Ceruledge|def|1
|
|upkeep
|turn|4
|inactive|thirtiseven has 120 seconds left.
|
|t:|1776153577
|move|p1a: Raging Bolt|Thunderbolt|p2a: Ceruledge
|-damage|p2a: Ceruledge|49/100
|-enditem|p2a: Ceruledge|Air Balloon
|move|p2a: Ceruledge|Bitter Blade|p1a: Raging Bolt
|-resisted|p1a: Raging Bolt
|-crit|p1a: Raging Bolt
|-damage|p1a: Raging Bolt|61/100
|-heal|p2a: Ceruledge|73/100|[from] drain|[of] p1a: Raging Bolt
|
|upkeep
|turn|5
|inactive|thirtiseven has 120 seconds left.
|
|t:|1776153590
|move|p1a: Raging Bolt|Thunderbolt|p2a: Ceruledge
|-damage|p2a: Ceruledge|26/100
|move|p2a: Ceruledge|Bitter Blade|p1a: Raging Bolt
|-resisted|p1a: Raging Bolt
|-damage|p1a: Raging Bolt|34/100
|-heal|p2a: Ceruledge|42/100|[from] drain|[of] p1a: Raging Bolt
|
|upkeep
|turn|6
|inactive|thirtiseven has 120 seconds left.
|
|t:|1776153600
|move|p2a: Ceruledge|Shadow Sneak|p1a: Raging Bolt
|-damage|p1a: Raging Bolt|13/100
|move|p1a: Raging Bolt|Thunderbolt|p2a: Ceruledge
|-damage|p2a: Ceruledge|0 fnt
|faint|p2a: Ceruledge
|
|upkeep
|
|t:|1776153607
|switch|p2a: Kyurem|Kyurem|100/100
|-ability|p2a: Kyurem|Pressure
|turn|7
|
|t:|1776153612
|move|p2a: Kyurem|Ice Beam|p1a: Raging Bolt
|-supereffective|p1a: Raging Bolt
|-damage|p1a: Raging Bolt|0 fnt
|faint|p1a: Raging Bolt
|-end|p1a: Raging Bolt|Protosynthesis|[silent]
|
|upkeep
|inactive|rillabomba has 120 seconds left.
|
|t:|1776153643
|switch|p1a: Glimmora|Glimmora, M, shiny|100/100
|turn|8
|
|t:|1776153649
|move|p2a: Kyurem|Earth Power|p1a: Glimmora
|-supereffective|p1a: Glimmora
|-damage|p1a: Glimmora|1/100
|-enditem|p1a: Glimmora|Red Card|[of] p2a: Kyurem
|drag|p2a: Alomomola|Alomomola, M|100/100
|move|p1a: Glimmora|Mortal Spin|p2a: Alomomola
|-damage|p2a: Alomomola|98/100
|-status|p2a: Alomomola|psn
|
|-damage|p2a: Alomomola|85/100 psn|[from] psn
|upkeep
|turn|9
|
|t:|1776153659
|move|p1a: Glimmora|Stealth Rock|p2a: Alomomola
|-sidestart|p2: thirtiseven|move: Stealth Rock
|move|p2a: Alomomola|Flip Turn|p1a: Glimmora
|-supereffective|p1a: Glimmora
|-damage|p1a: Glimmora|0 fnt
|-activate|p1a: Glimmora|ability: Toxic Debris
|-sidestart|p2: thirtiseven|move: Toxic Spikes
|faint|p1a: Glimmora
|inactive|thirtiseven has 120 seconds left.
|
|t:|1776153699
|switch|p2a: Gholdengo|Gholdengo|100/100|[from] Flip Turn
|-damage|p2a: Gholdengo|94/100|[from] Stealth Rock
|-item|p2a: Gholdengo|Air Balloon
|
|upkeep
|
|t:|1776153706
|switch|p1a: Samurott|Samurott-Hisui, M, shiny|100/100
|turn|10
|
|t:|1776153710
|move|p1a: Samurott|Ceaseless Edge|p2a: Gholdengo
|-supereffective|p2a: Gholdengo
|-damage|p2a: Gholdengo|15/100
|-enditem|p2a: Gholdengo|Air Balloon
|-sidestart|p2: thirtiseven|Spikes
|move|p2a: Gholdengo|Thunder Wave|p1a: Samurott
|-status|p1a: Samurott|par
|
|upkeep
|turn|11
|
|t:|1776153720
|move|p2a: Gholdengo|Recover|p2a: Gholdengo
|-heal|p2a: Gholdengo|65/100
|cant|p1a: Samurott|par
|
|upkeep
|turn|12
|
|t:|1776153727
|switch|p2a: Alomomola|Alomomola, M|100/100 psn
|move|p1a: Samurott|Ceaseless Edge|p2a: Alomomola
|-damage|p2a: Alomomola|71/100 psn
|-sidestart|p2: thirtiseven|Spikes
|
|-damage|p2a: Alomomola|58/100 psn|[from] psn
|upkeep
|turn|13
|
|t:|1776153735
|cant|p1a: Samurott|par
|move|p2a: Alomomola|Wish|p2a: Alomomola
|
|-damage|p2a: Alomomola|46/100 psn|[from] psn
|upkeep
|turn|14
|
|t:|1776153751
|switch|p2a: Kyurem|Kyurem|100/100
|-damage|p2a: Kyurem|76/100|[from] Stealth Rock
|-status|p2a: Kyurem|psn
|-damage|p2a: Kyurem|59/100 psn|[from] Spikes
|-ability|p2a: Kyurem|Pressure
|move|p1a: Samurott|Knock Off|p2a: Kyurem
|-damage|p2a: Kyurem|5/100 psn
|-enditem|p2a: Kyurem|Assault Vest|[from] move: Knock Off|[of] p1a: Samurott
|
|-heal|p2a: Kyurem|71/100 psn|[from] move: Wish|[wisher] Alomomola
|-damage|p2a: Kyurem|58/100 psn|[from] psn
|upkeep
|turn|15
|
|t:|1776153768
|-terastallize|p1a: Samurott|Dark
|move|p2a: Kyurem|Freeze-Dry|p1a: Samurott
|-damage|p1a: Samurott|47/100 par
|move|p1a: Samurott|Ceaseless Edge|p2a: Kyurem
|-damage|p2a: Kyurem|0 fnt
|-sidestart|p2: thirtiseven|Spikes
|faint|p2a: Kyurem
|
|upkeep
|
|t:|1776153784
|switch|p2a: Dragalge|Dragalge, F|100/100
|-damage|p2a: Dragalge|88/100|[from] Stealth Rock
|-sideend|p2: thirtiseven|move: Toxic Spikes|[of] p2a: Dragalge
|-damage|p2a: Dragalge|63/100|[from] Spikes
|turn|16
|
|t:|1776153789
|cant|p1a: Samurott|par
|move|p2a: Dragalge|Focus Blast|p1a: Samurott
|-supereffective|p1a: Samurott
|-damage|p1a: Samurott|0 fnt
|faint|p1a: Samurott
|
|upkeep
|
|t:|1776153797
|switch|p1a: Rillaboom|Rillaboom, M, shiny|100/100
|-fieldstart|move: Grassy Terrain|[from] ability: Grassy Surge|[of] p1a: Rillaboom
|turn|17
|
|t:|1776153800
|move|p1a: Rillaboom|High Horsepower|p2a: Dragalge
|-supereffective|p2a: Dragalge
|-damage|p2a: Dragalge|0 fnt
|faint|p2a: Dragalge
|-damage|p1a: Rillaboom|91/100|[from] item: Life Orb
|
|-heal|p1a: Rillaboom|97/100|[from] Grassy Terrain
|upkeep
|
|t:|1776153805
|switch|p2a: Alomomola|Alomomola, M|79/100 psn
|turn|18
|
|t:|1776153813
|move|p1a: Rillaboom|Grassy Glide|p2a: Alomomola
|-supereffective|p2a: Alomomola
|-damage|p2a: Alomomola|25/100 psn
|-damage|p1a: Rillaboom|87/100|[from] item: Life Orb
|move|p2a: Alomomola|Wish|p2a: Alomomola
|
|-heal|p1a: Rillaboom|93/100|[from] Grassy Terrain
|-heal|p2a: Alomomola|31/100 psn|[from] Grassy Terrain
|-damage|p2a: Alomomola|19/100 psn|[from] psn
|upkeep
|turn|19
|
|t:|1776153819
|move|p1a: Rillaboom|Grassy Glide|p2a: Alomomola
|-supereffective|p2a: Alomomola
|-damage|p2a: Alomomola|0 fnt
|faint|p2a: Alomomola
|-damage|p1a: Rillaboom|83/100|[from] item: Life Orb
|
|-heal|p1a: Rillaboom|89/100|[from] Grassy Terrain
|upkeep
|
|t:|1776153822
|switch|p2a: Gholdengo|Gholdengo|65/100
|-damage|p2a: Gholdengo|58/100|[from] Stealth Rock
|-damage|p2a: Gholdengo|34/100|[from] Spikes
|turn|20
|
|t:|1776153828
|move|p1a: Rillaboom|High Horsepower|p2a: Gholdengo|[miss]
|-miss|p1a: Rillaboom|p2a: Gholdengo
|move|p2a: Gholdengo|Thunder Wave|p1a: Rillaboom
|-status|p1a: Rillaboom|par
|
|-heal|p2a: Gholdengo|40/100|[from] Grassy Terrain
|-heal|p1a: Rillaboom|95/100 par|[from] Grassy Terrain
|upkeep
|turn|21
|
|t:|1776153837
|move|p2a: Gholdengo|Recover|p2a: Gholdengo
|-heal|p2a: Gholdengo|90/100
|move|p1a: Rillaboom|High Horsepower|p2a: Gholdengo
|-supereffective|p2a: Gholdengo
|-damage|p2a: Gholdengo|24/100
|-damage|p1a: Rillaboom|85/100 par|[from] item: Life Orb
|
|-heal|p2a: Gholdengo|30/100|[from] Grassy Terrain
|-heal|p1a: Rillaboom|91/100 par|[from] Grassy Terrain
|-fieldend|move: Grassy Terrain
|upkeep
|turn|22
|
|t:|1776153856
|-terastallize|p2a: Gholdengo|Fairy
|move|p2a: Gholdengo|Recover|p2a: Gholdengo
|-heal|p2a: Gholdengo|80/100
|move|p1a: Rillaboom|High Horsepower|p2a: Gholdengo
|-damage|p2a: Gholdengo|45/100
|-damage|p1a: Rillaboom|81/100 par|[from] item: Life Orb
|
|upkeep
|turn|23
|
|t:|1776153865
|move|p2a: Gholdengo|Recover|p2a: Gholdengo
|-heal|p2a: Gholdengo|95/100
|cant|p1a: Rillaboom|par
|
|upkeep
|turn|24
|
|t:|1776153872
|move|p2a: Gholdengo|Hex|p1a: Rillaboom
|-damage|p1a: Rillaboom|0 fnt
|faint|p1a: Rillaboom
|
|upkeep
|
|t:|1776153877
|switch|p1a: Ogerpon|Ogerpon, F|100/100
|turn|25
|
|t:|1776153880
|move|p1a: Ogerpon|Ivy Cudgel|p2a: Gholdengo
|-damage|p2a: Gholdengo|45/100
|move|p2a: Gholdengo|Thunder Wave|p1a: Ogerpon
|-status|p1a: Ogerpon|par
|
|upkeep
|turn|26
|
|t:|1776153889
|move|p2a: Gholdengo|Recover|p2a: Gholdengo
|-heal|p2a: Gholdengo|95/100
|cant|p1a: Ogerpon|par
|
|upkeep
|turn|27
|
|t:|1776153893
|move|p2a: Gholdengo|Hex|p1a: Ogerpon
|-damage|p1a: Ogerpon|33/100 par
|move|p1a: Ogerpon|Ivy Cudgel|p2a: Gholdengo
|-damage|p2a: Gholdengo|45/100
|
|upkeep
|turn|28
|
|t:|1776153898
|move|p2a: Gholdengo|Recover|p2a: Gholdengo
|-heal|p2a: Gholdengo|95/100
|move|p1a: Ogerpon|Ivy Cudgel|p2a: Gholdengo
|-damage|p2a: Gholdengo|47/100
|
|upkeep
|turn|29
|
|t:|1776153903
|move|p2a: Gholdengo|Recover|p2a: Gholdengo
|-heal|p2a: Gholdengo|97/100
|cant|p1a: Ogerpon|par
|
|upkeep
|turn|30
|
|t:|1776153908
|move|p2a: Gholdengo|Hex|p1a: Ogerpon
|-damage|p1a: Ogerpon|0 fnt
|faint|p1a: Ogerpon
|
|upkeep
|
|t:|1776153910
|switch|p1a: Gholdengo|Gholdengo, shiny|100/100
|turn|31
|
|t:|1776153915
|move|p2a: Gholdengo|Hex|p1a: Gholdengo
|-supereffective|p1a: Gholdengo
|-damage|p1a: Gholdengo|46/100
|move|p1a: Gholdengo|Shadow Ball|p2a: Gholdengo
|-damage|p2a: Gholdengo|60/100
|
|upkeep
|turn|32
|-message|rillabomba forfeited.
|
|win|thirtiseven
|raw|rillabomba's rating: 1157 &rarr; <strong>1132</strong><br />(-25 for losing)
|raw|thirtiseven's rating: 1159 &rarr; <strong>1184</strong><br />(+25 for winning)
|l|☆rillabomba
|player|p1|
