|html|<div class="broadcast-blue"><strong>[Gen 9] OU is currently suspecting Tera Blast! For information on how to participate check out the <a href="https://www.smogon.com/tools/suspects/view/200">suspect thread</a>.</strong></div>
|j|☆HIAFH
|j|☆Blastoise_Choice
|t:|1776110457
|gametype|singles
|player|p1|HIAFH|ingo|1631
|player|p2|Blastoise_Choice|benga|1700
|gen|9
|tier|[Gen 9] OU
|rated|
|rule|HP Percentage Mod: HP is shown in percentages
|rule|Endless Battle Clause: Forcing endless battles is banned
|rule|Species Clause: Limit one of each Pokémon
|rule|OHKO Clause: OHKO moves are banned
|rule|Evasion Items Clause: Evasion items are banned
|rule|Evasion Moves Clause: Evasion moves are banned
|rule|Evasion Abilities Clause: Evasion abilities are banned
|rule|Sleep Moves Clause: Sleep-inducing moves are banned
|clearpoke
|poke|p1|Excadrill, M|
|poke|p1|Tyranitar, M|
|poke|p1|Hydrapple, M|
|poke|p1|Alomomola, F|
|poke|p1|Hatterene, F|
|poke|p1|Zapdos|
|poke|p2|Hydrapple, M|
|poke|p2|Tyranitar, F|
|poke|p2|Moltres|
|poke|p2|Zamazenta-*|
|poke|p2|Slowking-Galar, F|
|poke|p2|Excadrill, F|
|teampreview
|inactive|Battle timer is ON: inactive players will automatically lose when time's up. (requested by HIAFH)
|c|☆Blastoise_Choice|hf
|inactive|Blastoise_Choice also wants the timer to be on.
|j| Prothony_Jr
|
|t:|1776110474
|teamsize|p1|6
|teamsize|p2|6
|start
|switch|p1a: Zapdos|Zapdos|100/100
|switch|p2a: Tyranitar|Tyranitar, F|100/100
|-ability|p1a: Zapdos|Pressure
|-weather|Sandstorm|[from] ability: Sand Stream|[of] p2a: Tyranitar
|turn|1
|
|t:|1776110483
|switch|p2a: Excadrill|Excadrill, F|100/100
|-item|p2a: Excadrill|Air Balloon
|move|p1a: Zapdos|Volt Switch|p2a: Excadrill
|-immune|p2a: Excadrill
|
|-weather|Sandstorm|[upkeep]
|-damage|p1a: Zapdos|94/100|[from] Sandstorm
|upkeep
|turn|2
|
|t:|1776110494
|switch|p2a: Tyranitar|Tyranitar, F|100/100
|switch|p1a: Alomomola|Alomomola, F|100/100
|
|-weather|Sandstorm|[upkeep]
|-damage|p1a: Alomomola|94/100|[from] Sandstorm
|upkeep
|turn|3
|
|t:|1776110501
|move|p1a: Alomomola|Flip Turn|p2a: Tyranitar
|-supereffective|p2a: Tyranitar
|-damage|p2a: Tyranitar|75/100
|
|t:|1776110505
|switch|p1a: Hydrapple|Hydrapple, M|100/100|[from] Flip Turn
|move|p2a: Tyranitar|Knock Off|p1a: Hydrapple
|-damage|p1a: Hydrapple|76/100
|-enditem|p1a: Hydrapple|Heavy-Duty Boots|[from] move: Knock Off|[of] p2a: Tyranitar
|
|-weather|Sandstorm|[upkeep]
|-damage|p1a: Hydrapple|69/100|[from] Sandstorm
|upkeep
|turn|4
|
|t:|1776110523
|switch|p1a: Alomomola|Alomomola, F|100/100
|move|p2a: Tyranitar|Ice Beam|p1a: Alomomola
|-resisted|p1a: Alomomola
|-damage|p1a: Alomomola|88/100
|
|-weather|Sandstorm|[upkeep]
|-damage|p1a: Alomomola|81/100|[from] Sandstorm
|upkeep
|turn|5
|
|t:|1776110532
|move|p1a: Alomomola|Scald|p2a: Tyranitar
|-supereffective|p2a: Tyranitar
|-damage|p2a: Tyranitar|64/100
|move|p2a: Tyranitar|Knock Off|p1a: Alomomola
|-damage|p1a: Alomomola|59/100
|-enditem|p1a: Alomomola|Heavy-Duty Boots|[from] move: Knock Off|[of] p2a: Tyranitar
|
|-weather|Sandstorm|[upkeep]
|-damage|p1a: Alomomola|53/100|[from] Sandstorm
|upkeep
|turn|6
|
|t:|1776110543
|switch|p2a: Zamazenta|Zamazenta|100/100
|-ability|p2a: Zamazenta|Dauntless Shield|boost
|-boost|p2a: Zamazenta|def|1
|move|p1a: Alomomola|Flip Turn|p2a: Zamazenta
|-damage|p2a: Zamazenta|92/100
|
|t:|1776110550
|switch|p1a: Zapdos|Zapdos|94/100|[from] Flip Turn
|-ability|p1a: Zapdos|Pressure
|
|-weather|Sandstorm|[upkeep]
|-damage|p2a: Zamazenta|86/100|[from] Sandstorm
|-damage|p1a: Zapdos|88/100|[from] Sandstorm
|-heal|p2a: Zamazenta|92/100|[from] item: Leftovers
|upkeep
|turn|7
|
|t:|1776110560
|switch|p2a: Slowking|Slowking-Galar, F|100/100
|move|p1a: Zapdos|Hurricane|p2a: Slowking
|-damage|p2a: Slowking|53/100
|-start|p2a: Slowking|confusion
|
|-weather|Sandstorm|[upkeep]
|-damage|p1a: Zapdos|82/100|[from] Sandstorm
|-damage|p2a: Slowking|47/100|[from] Sandstorm
|upkeep
|turn|8
|
|t:|1776110570
|switch|p2a: Tyranitar|Tyranitar, F|64/100
|-terastallize|p1a: Zapdos|Flying
|move|p1a: Zapdos|Hurricane|p2a: Tyranitar
|-resisted|p2a: Tyranitar
|-damage|p2a: Tyranitar|41/100
|-start|p2a: Tyranitar|confusion
|
|-weather|none
|upkeep
|turn|9
|
|t:|1776110579
|switch|p1a: Alomomola|Alomomola, F|86/100
|-activate|p2a: Tyranitar|confusion
|-damage|p2a: Tyranitar|31/100|[from] confusion
|
|upkeep
|turn|10
|
|t:|1776110586
|switch|p2a: Slowking|Slowking-Galar, F|80/100
|move|p1a: Alomomola|Flip Turn|p2a: Slowking
|-damage|p2a: Slowking|66/100
|
|t:|1776110602
|switch|p1a: Tyranitar|Tyranitar, M|100/100|[from] Flip Turn
|-weather|Sandstorm|[from] ability: Sand Stream|[of] p1a: Tyranitar
|
|-weather|Sandstorm|[upkeep]
|-damage|p2a: Slowking|60/100|[from] Sandstorm
|upkeep
|turn|11
|
|t:|1776110613
|switch|p2a: Tyranitar|Tyranitar, F|31/100
|move|p1a: Tyranitar|Knock Off|p2a: Tyranitar
|-resisted|p2a: Tyranitar
|-damage|p2a: Tyranitar|0 fnt
|-enditem|p2a: Tyranitar|Smooth Rock|[from] move: Knock Off|[of] p1a: Tyranitar
|faint|p2a: Tyranitar
|
|-weather|Sandstorm|[upkeep]
|upkeep
|l| Prothony_Jr
|
|t:|1776110621
|switch|p2a: Excadrill|Excadrill, F|100/100
|-item|p2a: Excadrill|Air Balloon
|turn|12
|
|t:|1776110627
|switch|p1a: Alomomola|Alomomola, F|100/100
|move|p2a: Excadrill|Earthquake|p1a: Alomomola
|-damage|p1a: Alomomola|74/100
|
|-weather|Sandstorm|[upkeep]
|-damage|p1a: Alomomola|67/100|[from] Sandstorm
|upkeep
|turn|13
|
|t:|1776110636
|switch|p2a: Slowking|Slowking-Galar, F|93/100
|move|p1a: Alomomola|Flip Turn|p2a: Slowking
|-damage|p2a: Slowking|80/100
|
|t:|1776110643
|switch|p1a: Tyranitar|Tyranitar, M|100/100|[from] Flip Turn
|
|-weather|Sandstorm|[upkeep]
|-damage|p2a: Slowking|74/100|[from] Sandstorm
|upkeep
|turn|14
|
|t:|1776110650
|switch|p2a: Zamazenta|Zamazenta|92/100
|move|p1a: Tyranitar|Knock Off|p2a: Zamazenta
|-resisted|p2a: Zamazenta
|-damage|p2a: Zamazenta|60/100
|-enditem|p2a: Zamazenta|Leftovers|[from] move: Knock Off|[of] p1a: Tyranitar
|
|-weather|none
|upkeep
|turn|15
|
|t:|1776110661
|switch|p1a: Zapdos|Zapdos, tera:Flying|82/100
|-ability|p1a: Zapdos|Pressure
|move|p2a: Zamazenta|Body Press|p1a: Zapdos
|-resisted|p1a: Zapdos
|-damage|p1a: Zapdos|58/100
|
|upkeep
|turn|16
|
|t:|1776110670
|move|p2a: Zamazenta|Crunch|p1a: Zapdos
|-damage|p1a: Zapdos|30/100
|-unboost|p1a: Zapdos|def|1
|move|p1a: Zapdos|Hurricane|p2a: Zamazenta
|-supereffective|p2a: Zamazenta
|-damage|p2a: Zamazenta|0 fnt
|faint|p2a: Zamazenta
|
|upkeep
|
|t:|1776110677
|switch|p2a: Excadrill|Excadrill, F|100/100
|-item|p2a: Excadrill|Air Balloon
|turn|17
|
|t:|1776110685
|switch|p1a: Alomomola|Alomomola, F|100/100
|move|p2a: Excadrill|Rapid Spin|p1a: Alomomola
|-damage|p1a: Alomomola|90/100
|-boost|p2a: Excadrill|spe|1
|
|upkeep
|turn|18
|
|t:|1776110693
|move|p2a: Excadrill|Swords Dance|p2a: Excadrill
|-boost|p2a: Excadrill|atk|2
|move|p1a: Alomomola|Wish|p1a: Alomomola
|
|upkeep
|turn|19
|
|t:|1776110698
|move|p2a: Excadrill|Swords Dance|p2a: Excadrill
|-boost|p2a: Excadrill|atk|2
|move|p1a: Alomomola|Scald|p2a: Excadrill
|-supereffective|p2a: Excadrill
|-damage|p2a: Excadrill|66/100
|-enditem|p2a: Excadrill|Air Balloon
|
|-heal|p1a: Alomomola|100/100|[from] move: Wish|[wisher] Alomomola
|upkeep
|turn|20
|
|t:|1776110715
|move|p2a: Excadrill|Earthquake|p1a: Alomomola
|-damage|p1a: Alomomola|9/100
|move|p1a: Alomomola|Scald|p2a: Excadrill
|-supereffective|p2a: Excadrill
|-damage|p2a: Excadrill|32/100
|
|upkeep
|turn|21
|
|t:|1776110728
|switch|p1a: Hatterene|Hatterene, F|100/100
|move|p2a: Excadrill|Earthquake|p1a: Hatterene
|-damage|p1a: Hatterene|0 fnt
|faint|p1a: Hatterene
|
|upkeep
|
|t:|1776110735
|switch|p1a: Hydrapple|Hydrapple, M|100/100
|turn|22
|
|t:|1776110742
|move|p2a: Excadrill|Iron Head|p1a: Hydrapple
|-damage|p1a: Hydrapple|28/100
|move|p1a: Hydrapple|Giga Drain|p2a: Excadrill
|-damage|p2a: Excadrill|0 fnt
|-heal|p1a: Hydrapple|42/100|[from] drain|[of] p2a: Excadrill
|faint|p2a: Excadrill
|
|upkeep
|
|t:|1776110749
|switch|p2a: Hydrapple|Hydrapple, M|100/100
|turn|23
|
|t:|1776110764
|move|p2a: Hydrapple|Fickle Beam|p1a: Hydrapple
|-supereffective|p1a: Hydrapple
|-crit|p1a: Hydrapple
|-damage|p1a: Hydrapple|0 fnt
|faint|p1a: Hydrapple
|
|upkeep
|
|t:|1776110779
|switch|p1a: Tyranitar|Tyranitar, M|100/100
|-weather|Sandstorm|[from] ability: Sand Stream|[of] p1a: Tyranitar
|turn|24
|
|t:|1776110785
|move|p1a: Tyranitar|Ice Punch|p2a: Hydrapple
|-supereffective|p2a: Hydrapple
|-crit|p2a: Hydrapple
|-damage|p2a: Hydrapple|0 fnt
|faint|p2a: Hydrapple
|
|-weather|Sandstorm|[upkeep]
|upkeep
|
|t:|1776110792
|switch|p2a: Slowking|Slowking-Galar, F|100/100
|turn|25
|
|t:|1776110819
|switch|p2a: Moltres|Moltres|100/100
|move|p1a: Tyranitar|Ice Punch|p2a: Moltres
|-damage|p2a: Moltres|68/100
|
|-weather|Sandstorm|[upkeep]
|-damage|p2a: Moltres|62/100|[from] Sandstorm
|upkeep
|turn|26
|
|t:|1776110829
|switch|p1a: Alomomola|Alomomola, F|43/100
|move|p2a: Moltres|U-turn|p1a: Alomomola
|-damage|p1a: Alomomola|35/100
|
|t:|1776110833
|switch|p2a: Slowking|Slowking-Galar, F|100/100|[from] U-turn
|
|-weather|Sandstorm|[upkeep]
|-damage|p1a: Alomomola|29/100|[from] Sandstorm
|-damage|p2a: Slowking|94/100|[from] Sandstorm
|upkeep
|turn|27
|
|t:|1776110841
|switch|p1a: Tyranitar|Tyranitar, M|100/100
|-terastallize|p2a: Slowking|Grass
|move|p2a: Slowking|Ice Beam|p1a: Tyranitar
|-damage|p1a: Tyranitar|84/100
|
|-weather|Sandstorm|[upkeep]
|-damage|p2a: Slowking|88/100|[from] Sandstorm
|upkeep
|turn|28
|
|t:|1776110851
|move|p1a: Tyranitar|Stone Edge|p2a: Slowking
|-damage|p2a: Slowking|23/100
|move|p2a: Slowking|Ice Beam|p1a: Tyranitar
|-damage|p1a: Tyranitar|68/100
|
|-weather|none
|upkeep
|turn|29
|c|☆HIAFH|gg
|
|t:|1776110863
|move|p1a: Tyranitar|Stone Edge|p2a: Slowking
|-damage|p2a: Slowking|0 fnt
|faint|p2a: Slowking
|
|upkeep
|
|t:|1776110866
|switch|p2a: Moltres|Moltres|62/100
|turn|30
|
|t:|1776110869
|move|p1a: Tyranitar|Stone Edge|p2a: Moltres
|-supereffective|p2a: Moltres
|-damage|p2a: Moltres|0 fnt
|faint|p2a: Moltres
|
|win|HIAFH
|raw|HIAFH's rating: 1631 &rarr; <strong>1655</strong><br />(+24 for winning)
|raw|Blastoise_Choice's rating: 1700 &rarr; <strong>1676</strong><br />(-24 for losing)
|c|☆Blastoise_Choice|gg
