|html|<div class="broadcast-blue"><strong>[Gen 9] OU is currently suspecting Tera Blast! For information on how to participate check out the <a href="https://www.smogon.com/tools/suspects/view/200">suspect thread</a>.</strong></div>
|j|☆Lordbulbus17
|j|☆okbomber
|t:|1776053545
|gametype|singles
|player|p1|Lordbulbus17|101|1558
|player|p2|okbomber|1|1533
|gen|9
|tier|[Gen 9] OU
|rated|
|rule|HP Percentage Mod: HP is shown in percentages
|rule|Endless Battle Clause: Forcing endless battles is banned
|rule|Species Clause: Limit one of each Pokémon
|rule|OHKO Clause: OHKO moves are banned
|rule|Evasion Items Clause: Evasion items are banned
|rule|Evasion Moves Clause: Evasion moves are banned
|rule|Evasion Abilities Clause: Evasion abilities are banned
|rule|Sleep Moves Clause: Sleep-inducing moves are banned
|clearpoke
|poke|p1|Cinderace, F|
|poke|p1|Hatterene, F|
|poke|p1|Cetitan, F|
|poke|p1|Ninetales-Alola, F|
|poke|p1|Raging Bolt|
|poke|p1|Greninja-*, M|
|poke|p2|Iron Moth|
|poke|p2|Gliscor, F|
|poke|p2|Hatterene, F|
|poke|p2|Ogerpon-Wellspring, F|
|poke|p2|Raging Bolt|
|poke|p2|Zamazenta-*|
|teampreview
|inactive|Battle timer is ON: inactive players will automatically lose when time's up. (requested by Lordbulbus17)
|
|t:|1776053551
|teamsize|p1|6
|teamsize|p2|6
|start
|switch|p1a: Ninetales|Ninetales-Alola, F|100/100
|switch|p2a: Iron Moth|Iron Moth|100/100
|-weather|Snowscape|[from] ability: Snow Warning|[of] p1a: Ninetales
|-enditem|p2a: Iron Moth|Booster Energy
|-activate|p2a: Iron Moth|ability: Quark Drive|[fromitem]
|-start|p2a: Iron Moth|quarkdrivespe
|turn|1
|
|t:|1776053559
|move|p2a: Iron Moth|Sludge Wave|p1a: Ninetales
|-supereffective|p1a: Ninetales
|-damage|p1a: Ninetales|6/100
|move|p1a: Ninetales|Aurora Veil|p1a: Ninetales
|-sidestart|p1: Lordbulbus17|move: Aurora Veil
|
|-weather|Snowscape|[upkeep]
|upkeep
|turn|2
|
|t:|1776053564
|move|p2a: Iron Moth|Toxic Spikes|p1a: Ninetales
|-sidestart|p1: Lordbulbus17|move: Toxic Spikes
|move|p1a: Ninetales|Encore|p2a: Iron Moth
|-start|p2a: Iron Moth|Encore
|
|-weather|Snowscape|[upkeep]
|upkeep
|turn|3
|
|t:|1776053570
|switch|p1a: Cinderace|Cinderace, F|100/100
|move|p2a: Iron Moth|Toxic Spikes|p1a: Cinderace
|-sidestart|p1: Lordbulbus17|move: Toxic Spikes
|
|-weather|Snowscape|[upkeep]
|upkeep
|turn|4
|
|t:|1776053577
|move|p2a: Iron Moth|Toxic Spikes||[still]
|-fail|p2a: Iron Moth
|move|p1a: Cinderace|Pyro Ball|p2a: Iron Moth
|-resisted|p2a: Iron Moth
|-damage|p2a: Iron Moth|57/100
|
|-weather|Snowscape|[upkeep]
|upkeep
|turn|5
|
|t:|1776053583
|move|p2a: Iron Moth|Toxic Spikes||[still]
|-fail|p2a: Iron Moth
|move|p1a: Cinderace|Pyro Ball|p2a: Iron Moth
|-resisted|p2a: Iron Moth
|-damage|p2a: Iron Moth|13/100
|
|-weather|Snowscape|[upkeep]
|-end|p2a: Iron Moth|Encore
|-sideend|p1: Lordbulbus17|move: Aurora Veil
|upkeep
|turn|6
|
|t:|1776053590
|move|p1a: Cinderace|Sucker Punch|p2a: Iron Moth
|-start|p1a: Cinderace|typechange|Dark|[from] ability: Libero
|-damage|p2a: Iron Moth|0 fnt
|faint|p2a: Iron Moth
|-end|p2a: Iron Moth|Quark Drive|[silent]
|
|-weather|Snowscape|[upkeep]
|upkeep
|
|t:|1776053595
|switch|p2a: Zamazenta|Zamazenta|100/100
|-ability|p2a: Zamazenta|Dauntless Shield|boost
|-boost|p2a: Zamazenta|def|1
|turn|7
|
|t:|1776053605
|-terastallize|p1a: Cinderace|Fire
|move|p2a: Zamazenta|Reflect|p2a: Zamazenta
|-sidestart|p2: okbomber|Reflect
|move|p1a: Cinderace|Court Change|p1a: Cinderace
|-swapsideconditions
|-activate|p1a: Cinderace|move: Court Change
|
|-weather|Snowscape|[upkeep]
|upkeep
|turn|8
|
|t:|1776053615
|switch|p1a: Raging Bolt|Raging Bolt|100/100
|move|p2a: Zamazenta|Light Screen|p2a: Zamazenta
|-sidestart|p2: okbomber|move: Light Screen
|
|-weather|none
|upkeep
|turn|9
|
|t:|1776053622
|move|p2a: Zamazenta|Reflect|p2a: Zamazenta
|-sidestart|p2: okbomber|Reflect
|move|p1a: Raging Bolt|Substitute|p1a: Raging Bolt
|-start|p1a: Raging Bolt|Substitute
|-damage|p1a: Raging Bolt|75/100
|
|-heal|p1a: Raging Bolt|82/100|[from] item: Leftovers
|upkeep
|turn|10
|
|t:|1776053627
|switch|p2a: Ogerpon|Ogerpon-Wellspring, F|100/100
|-status|p2a: Ogerpon|tox
|move|p1a: Raging Bolt|Calm Mind|p1a: Raging Bolt
|-boost|p1a: Raging Bolt|spa|1
|-boost|p1a: Raging Bolt|spd|1
|
|-heal|p1a: Raging Bolt|88/100|[from] item: Leftovers
|-damage|p2a: Ogerpon|95/100 tox|[from] psn
|upkeep
|turn|11
|
|t:|1776053637
|move|p2a: Ogerpon|Encore|p1a: Raging Bolt
|-start|p1a: Raging Bolt|Encore
|move|p1a: Raging Bolt|Calm Mind|p1a: Raging Bolt
|-boost|p1a: Raging Bolt|spa|1
|-boost|p1a: Raging Bolt|spd|1
|
|-heal|p1a: Raging Bolt|94/100|[from] item: Leftovers
|-damage|p2a: Ogerpon|83/100 tox|[from] psn
|upkeep
|turn|12
|
|t:|1776053646
|-end|p1a: Raging Bolt|Protosynthesis|[silent]
|switch|p1a: Cinderace|Cinderace, F, tera:Fire|100/100
|move|p2a: Ogerpon|Swords Dance|p2a: Ogerpon
|-boost|p2a: Ogerpon|atk|2
|
|-damage|p2a: Ogerpon|65/100 tox|[from] psn
|upkeep
|turn|13
|
|t:|1776053655
|move|p1a: Cinderace|Pyro Ball|p2a: Ogerpon
|-damage|p2a: Ogerpon|15/100 tox
|move|p2a: Ogerpon|Trailblaze|p1a: Cinderace
|-resisted|p1a: Cinderace
|-damage|p1a: Cinderace|75/100
|-boost|p2a: Ogerpon|spe|1
|
|-damage|p2a: Ogerpon|0 fnt|[from] psn
|faint|p2a: Ogerpon
|upkeep
|
|t:|1776053665
|switch|p2a: Gliscor|Gliscor, F|100/100
|turn|14
|
|t:|1776053669
|switch|p1a: Hatterene|Hatterene, F|100/100
|move|p2a: Gliscor|Swords Dance|p2a: Gliscor
|-boost|p2a: Gliscor|atk|2
|
|-sideend|p1: Lordbulbus17|Reflect
|-status|p2a: Gliscor|tox|[from] item: Toxic Orb
|upkeep
|turn|15
|j| Afrojolote
|
|t:|1776053676
|switch|p1a: Ninetales|Ninetales-Alola, F|6/100
|-weather|Snowscape|[from] ability: Snow Warning|[of] p1a: Ninetales
|move|p2a: Gliscor|Agility|p2a: Gliscor
|-boost|p2a: Gliscor|spe|2
|
|-weather|Snowscape|[upkeep]
|-sideend|p2: okbomber|move: Light Screen
|upkeep
|turn|16
|
|t:|1776053684
|move|p2a: Gliscor|Facade|p1a: Ninetales
|-damage|p1a: Ninetales|0 fnt
|faint|p1a: Ninetales
|
|-weather|Snowscape|[upkeep]
|-sideend|p2: okbomber|Reflect
|upkeep
|
|t:|1776053693
|switch|p1a: Cetitan|Cetitan, F|100/100
|turn|17
|
|t:|1776053699
|-terastallize|p2a: Gliscor|Normal
|move|p1a: Cetitan|Icicle Spear|p2a: Gliscor
|-damage|p2a: Gliscor|91/100 tox
|-damage|p2a: Gliscor|81/100 tox
|-damage|p2a: Gliscor|71/100 tox
|-damage|p2a: Gliscor|60/100 tox
|-hitcount|p2a: Gliscor|4
|move|p2a: Gliscor|Facade|p1a: Cetitan
|-damage|p1a: Cetitan|10/100
|
|-weather|Snowscape|[upkeep]
|-heal|p2a: Gliscor|72/100 tox|[from] ability: Poison Heal
|upkeep
|turn|18
|
|t:|1776053712
|move|p1a: Cetitan|Icicle Spear|p2a: Gliscor
|-damage|p2a: Gliscor|63/100 tox
|-damage|p2a: Gliscor|53/100 tox
|-damage|p2a: Gliscor|43/100 tox
|-damage|p2a: Gliscor|34/100 tox
|-hitcount|p2a: Gliscor|4
|move|p2a: Gliscor|Facade|p1a: Cetitan
|-damage|p1a: Cetitan|0 fnt
|faint|p1a: Cetitan
|
|-weather|Snowscape|[upkeep]
|-heal|p2a: Gliscor|46/100 tox|[from] ability: Poison Heal
|upkeep
|
|t:|1776053726
|switch|p1a: Raging Bolt|Raging Bolt|94/100
|turn|19
|
|t:|1776053729
|move|p2a: Gliscor|Earthquake|p1a: Raging Bolt
|-supereffective|p1a: Raging Bolt
|-damage|p1a: Raging Bolt|0 fnt
|faint|p1a: Raging Bolt
|-end|p1a: Raging Bolt|Protosynthesis|[silent]
|
|-weather|Snowscape|[upkeep]
|-heal|p2a: Gliscor|58/100 tox|[from] ability: Poison Heal
|upkeep
|
|t:|1776053736
|switch|p1a: Greninja|Greninja, M|100/100
|turn|20
|
|t:|1776053739
|move|p2a: Gliscor|Facade|p1a: Greninja
|-damage|p1a: Greninja|0 fnt
|faint|p1a: Greninja
|
|-weather|Snowscape|[upkeep]
|-heal|p2a: Gliscor|71/100 tox|[from] ability: Poison Heal
|upkeep
|-message|Lordbulbus17 forfeited.
|
|win|okbomber
|raw|Lordbulbus17's rating: 1558 &rarr; <strong>1537</strong><br />(-21 for losing)
|raw|okbomber's rating: 1533 &rarr; <strong>1554</strong><br />(+21 for winning)
|l|☆Lordbulbus17
|player|p1|
|l|☆okbomber
|player|p2|
|l| Afrojolote
