|html|<div class="broadcast-blue"><strong>[Gen 9] OU is currently suspecting Tera Blast! For information on how to participate check out the <a href="https://www.smogon.com/tools/suspects/view/200">suspect thread</a>.</strong></div>
|j|☆kingteth
|j|☆Void_33
|t:|1776047107
|gametype|singles
|player|p1|kingteth|169|1432
|player|p2|Void_33|265|1508
|gen|9
|tier|[Gen 9] OU
|rated|
|rule|HP Percentage Mod: HP is shown in percentages
|rule|Endless Battle Clause: Forcing endless battles is banned
|rule|Species Clause: Limit one of each Pokémon
|rule|OHKO Clause: OHKO moves are banned
|rule|Evasion Items Clause: Evasion items are banned
|rule|Evasion Moves Clause: Evasion moves are banned
|rule|Evasion Abilities Clause: Evasion abilities are banned
|rule|Sleep Moves Clause: Sleep-inducing moves are banned
|clearpoke
|poke|p1|Corviknight, F|
|poke|p1|Zapdos|
|poke|p1|Moltres|
|poke|p1|Kyurem|
|poke|p1|Kingambit, M|
|poke|p1|Deoxys-Defense|
|poke|p2|Kyurem|
|poke|p2|Landorus-Therian, M|
|poke|p2|Hatterene, F|
|poke|p2|Iron Moth|
|poke|p2|Kingambit, M|
|poke|p2|Zamazenta-*|
|teampreview
|inactive|Battle timer is ON: inactive players will automatically lose when time's up. (requested by kingteth)
|
|t:|1776047117
|teamsize|p1|6
|teamsize|p2|6
|start
|switch|p1a: Corviknight|Corviknight, F|100/100
|switch|p2a: Kingambit|Kingambit, M|100/100
|-ability|p1a: Corviknight|Pressure
|turn|1
|
|t:|1776047125
|-end|p2a: Kingambit|fallenundefined|[silent]
|switch|p2a: Landorus|Landorus-Therian, M|100/100
|-ability|p2a: Landorus|Intimidate|boost
|-unboost|p1a: Corviknight|atk|1
|move|p1a: Corviknight|Body Press|p2a: Landorus
|-resisted|p2a: Landorus
|-damage|p2a: Landorus|87/100
|-damage|p1a: Corviknight|84/100|[from] item: Rocky Helmet|[of] p2a: Landorus
|
|-heal|p1a: Corviknight|90/100|[from] item: Leftovers
|upkeep
|turn|2
|
|t:|1776047135
|move|p2a: Landorus|Stealth Rock|p1a: Corviknight
|-sidestart|p1: kingteth|move: Stealth Rock
|move|p1a: Corviknight|Defog|p2a: Landorus
|-unboost|p2a: Landorus|evasion|1
|-sideend|p1: kingteth|Stealth Rock|[from] move: Defog|[of] p1a: Corviknight
|
|-heal|p1a: Corviknight|96/100|[from] item: Leftovers
|upkeep
|turn|3
|
|t:|1776047141
|move|p2a: Landorus|Stealth Rock|p1a: Corviknight
|-sidestart|p1: kingteth|move: Stealth Rock
|move|p1a: Corviknight|Defog|p2a: Landorus
|-unboost|p2a: Landorus|evasion|1
|-sideend|p1: kingteth|Stealth Rock|[from] move: Defog|[of] p1a: Corviknight
|
|-heal|p1a: Corviknight|100/100|[from] item: Leftovers
|upkeep
|turn|4
|
|t:|1776047149
|move|p2a: Landorus|Psychic|p1a: Corviknight
|-resisted|p1a: Corviknight
|-damage|p1a: Corviknight|91/100
|move|p1a: Corviknight|Defog|p2a: Landorus
|-unboost|p2a: Landorus|evasion|1
|
|-heal|p1a: Corviknight|97/100|[from] item: Leftovers
|upkeep
|turn|5
|
|t:|1776047158
|move|p2a: Landorus|Stealth Rock|p1a: Corviknight
|-sidestart|p1: kingteth|move: Stealth Rock
|move|p1a: Corviknight|Brave Bird|p2a: Landorus
|-damage|p2a: Landorus|62/100
|-damage|p1a: Corviknight|80/100|[from] item: Rocky Helmet|[of] p2a: Landorus
|-damage|p1a: Corviknight|72/100|[from] Recoil
|
|-heal|p1a: Corviknight|79/100|[from] item: Leftovers
|upkeep
|turn|6
|
|t:|1776047167
|move|p2a: Landorus|U-turn|p1a: Corviknight
|-resisted|p1a: Corviknight
|-damage|p1a: Corviknight|75/100
|
|t:|1776047170
|switch|p2a: Iron Moth|Iron Moth|100/100|[from] U-turn
|-enditem|p2a: Iron Moth|Booster Energy
|-activate|p2a: Iron Moth|ability: Quark Drive|[fromitem]
|-start|p2a: Iron Moth|quarkdrivespe
|move|p1a: Corviknight|Defog|p2a: Iron Moth
|-unboost|p2a: Iron Moth|evasion|1
|-sideend|p1: kingteth|Stealth Rock|[from] move: Defog|[of] p1a: Corviknight
|
|-heal|p1a: Corviknight|82/100|[from] item: Leftovers
|upkeep
|turn|7
|
|t:|1776047179
|switch|p1a: Moltres|Moltres|100/100
|-ability|p1a: Moltres|Pressure
|move|p2a: Iron Moth|Fiery Dance|p1a: Moltres
|-resisted|p1a: Moltres
|-damage|p1a: Moltres|85/100
|
|upkeep
|turn|8
|
|t:|1776047186
|move|p2a: Iron Moth|Sludge Wave|p1a: Moltres
|-crit|p1a: Moltres
|-damage|p1a: Moltres|34/100
|move|p1a: Moltres|Substitute|p1a: Moltres
|-start|p1a: Moltres|Substitute
|-damage|p1a: Moltres|9/100
|
|upkeep
|turn|9
|
|t:|1776047192
|move|p1a: Moltres|Protect|p1a: Moltres
|-singleturn|p1a: Moltres|Protect
|move|p2a: Iron Moth|Sludge Wave|p1a: Moltres
|-activate|p1a: Moltres|move: Protect
|
|upkeep
|turn|10
|
|t:|1776047200
|move|p2a: Iron Moth|Sludge Wave|p1a: Moltres
|-crit|p1a: Moltres
|-end|p1a: Moltres|Substitute
|move|p1a: Moltres|Roost|p1a: Moltres
|-heal|p1a: Moltres|59/100
|-singleturn|p1a: Moltres|move: Roost
|
|upkeep
|turn|11
|
|t:|1776047207
|move|p1a: Moltres|Protect|p1a: Moltres
|-singleturn|p1a: Moltres|Protect
|move|p2a: Iron Moth|Sludge Wave|p1a: Moltres
|-activate|p1a: Moltres|move: Protect
|
|upkeep
|turn|12
|
|t:|1776047218
|switch|p1a: Kingambit|Kingambit, M|100/100
|-ability|p1a: Kingambit|Pressure
|move|p2a: Iron Moth|Sludge Wave|p1a: Kingambit
|-immune|p1a: Kingambit
|
|upkeep
|turn|13
|
|t:|1776047228
|switch|p1a: Moltres|Moltres|59/100
|-ability|p1a: Moltres|Pressure
|move|p2a: Iron Moth|Fiery Dance|p1a: Moltres
|-resisted|p1a: Moltres
|-damage|p1a: Moltres|44/100
|-boost|p2a: Iron Moth|spa|1
|
|upkeep
|turn|14
|
|t:|1776047241
|move|p1a: Moltres|Protect|p1a: Moltres
|-singleturn|p1a: Moltres|Protect
|move|p2a: Iron Moth|Psychic|p1a: Moltres
|-activate|p1a: Moltres|move: Protect
|
|upkeep
|turn|15
|
|t:|1776047252
|switch|p1a: Kingambit|Kingambit, M|100/100
|-ability|p1a: Kingambit|Pressure
|move|p2a: Iron Moth|Fiery Dance|p1a: Kingambit
|-supereffective|p1a: Kingambit
|-damage|p1a: Kingambit|0 fnt
|-boost|p2a: Iron Moth|spa|1
|faint|p1a: Kingambit
|
|upkeep
|
|t:|1776047260
|switch|p1a: Moltres|Moltres|44/100
|-ability|p1a: Moltres|Pressure
|turn|16
|
|t:|1776047263
|move|p1a: Moltres|Protect|p1a: Moltres
|-singleturn|p1a: Moltres|Protect
|move|p2a: Iron Moth|Psychic|p1a: Moltres
|-activate|p1a: Moltres|move: Protect
|
|upkeep
|turn|17
|
|t:|1776047269
|move|p2a: Iron Moth|Sludge Wave|p1a: Moltres
|-damage|p1a: Moltres|0 fnt
|faint|p1a: Moltres
|
|upkeep
|
|t:|1776047276
|switch|p1a: Kyurem|Kyurem|100/100
|-ability|p1a: Kyurem|Pressure
|turn|18
|
|t:|1776047281
|move|p2a: Iron Moth|Fiery Dance|p1a: Kyurem
|-damage|p1a: Kyurem|36/100
|move|p1a: Kyurem|Earth Power|p2a: Iron Moth
|-supereffective|p2a: Iron Moth
|-damage|p2a: Iron Moth|0 fnt
|faint|p2a: Iron Moth
|-end|p2a: Iron Moth|Quark Drive|[silent]
|
|-heal|p1a: Kyurem|42/100|[from] item: Leftovers
|upkeep
|
|t:|1776047294
|switch|p2a: Zamazenta|Zamazenta|100/100
|-ability|p2a: Zamazenta|Dauntless Shield|boost
|-boost|p2a: Zamazenta|def|1
|turn|19
|
|t:|1776047300
|switch|p1a: Zapdos|Zapdos|100/100
|-ability|p1a: Zapdos|Pressure
|move|p2a: Zamazenta|Body Press|p1a: Zapdos
|-resisted|p1a: Zapdos
|-damage|p1a: Zapdos|80/100
|
|upkeep
|turn|20
|
|t:|1776047308
|switch|p2a: Landorus|Landorus-Therian, M|62/100
|-ability|p2a: Landorus|Intimidate|boost
|-unboost|p1a: Zapdos|atk|1
|move|p1a: Zapdos|Discharge|p2a: Landorus
|-immune|p2a: Landorus
|
|upkeep
|turn|21
|
|t:|1776047316
|switch|p1a: Corviknight|Corviknight, F|82/100
|-ability|p1a: Corviknight|Pressure
|move|p2a: Landorus|Stealth Rock|p1a: Corviknight
|-sidestart|p1: kingteth|move: Stealth Rock
|
|-heal|p1a: Corviknight|88/100|[from] item: Leftovers
|upkeep
|turn|22
|
|t:|1776047330
|switch|p2a: Hatterene|Hatterene, F|100/100
|move|p1a: Corviknight|Defog|p2a: Hatterene
|move|p2a: Hatterene|Defog|p1a: Corviknight|[from] ability: Magic Bounce
|-unboost|p1a: Corviknight|evasion|1
|-sideend|p1: kingteth|Stealth Rock|[from] move: Defog|[of] p2a: Hatterene
|
|-heal|p1a: Corviknight|94/100|[from] item: Leftovers
|upkeep
|turn|23
|
|t:|1776047340
|switch|p1a: Deoxys|Deoxys-Defense|100/100
|-ability|p1a: Deoxys|Pressure
|move|p2a: Hatterene|Nuzzle|p1a: Deoxys
|-damage|p1a: Deoxys|98/100
|-status|p1a: Deoxys|par
|
|-heal|p1a: Deoxys|100/100 par|[from] item: Leftovers
|upkeep
|turn|24
|
|t:|1776047350
|move|p2a: Hatterene|Psychic Noise|p1a: Deoxys
|-resisted|p1a: Deoxys
|-damage|p1a: Deoxys|88/100 par
|-start|p1a: Deoxys|move: Heal Block
|move|p1a: Deoxys|Knock Off|p2a: Hatterene
|-damage|p2a: Hatterene|87/100
|-enditem|p2a: Hatterene|Custap Berry|[from] move: Knock Off|[of] p1a: Deoxys
|
|upkeep
|turn|25
|
|t:|1776047358
|move|p2a: Hatterene|Dazzling Gleam|p1a: Deoxys
|-damage|p1a: Deoxys|61/100 par
|move|p1a: Deoxys|Knock Off|p2a: Hatterene
|-damage|p2a: Hatterene|78/100
|
|-end|p1a: Deoxys|move: Heal Block
|upkeep
|turn|26
|
|t:|1776047367
|move|p2a: Hatterene|Psychic Noise|p1a: Deoxys
|-resisted|p1a: Deoxys
|-damage|p1a: Deoxys|49/100 par
|-start|p1a: Deoxys|move: Heal Block
|move|p1a: Deoxys|Knock Off|p2a: Hatterene
|-damage|p2a: Hatterene|70/100
|
|upkeep
|turn|27
|
|t:|1776047375
|switch|p1a: Corviknight|Corviknight, F|94/100
|-ability|p1a: Corviknight|Pressure
|move|p2a: Hatterene|Dazzling Gleam|p1a: Corviknight
|-resisted|p1a: Corviknight
|-damage|p1a: Corviknight|78/100
|
|-heal|p1a: Corviknight|84/100|[from] item: Leftovers
|upkeep
|turn|28
|
|t:|1776047383
|move|p1a: Corviknight|Brave Bird|p2a: Hatterene
|-damage|p2a: Hatterene|41/100
|-damage|p1a: Corviknight|77/100|[from] Recoil
|move|p2a: Hatterene|Nuzzle|p1a: Corviknight
|-supereffective|p1a: Corviknight
|-damage|p1a: Corviknight|72/100
|-status|p1a: Corviknight|par
|
|-heal|p1a: Corviknight|78/100 par|[from] item: Leftovers
|upkeep
|turn|29
|
|t:|1776047393
|switch|p2a: Landorus|Landorus-Therian, M|62/100
|-ability|p2a: Landorus|Intimidate|boost
|-unboost|p1a: Corviknight|atk|1
|move|p1a: Corviknight|Brave Bird|p2a: Landorus
|-damage|p2a: Landorus|39/100
|-damage|p1a: Corviknight|61/100 par|[from] item: Rocky Helmet|[of] p2a: Landorus
|-damage|p1a: Corviknight|54/100 par|[from] Recoil
|
|-heal|p1a: Corviknight|60/100 par|[from] item: Leftovers
|upkeep
|turn|30
|
|t:|1776047406
|move|p2a: Landorus|Stealth Rock|p1a: Corviknight
|-sidestart|p1: kingteth|move: Stealth Rock
|move|p1a: Corviknight|Roost|p1a: Corviknight
|-heal|p1a: Corviknight|100/100 par
|-singleturn|p1a: Corviknight|move: Roost
|
|upkeep
|turn|31
|
|t:|1776047412
|switch|p2a: Zamazenta|Zamazenta|100/100
|cant|p1a: Corviknight|par
|
|upkeep
|turn|32
|
|t:|1776047418
|move|p2a: Zamazenta|Iron Defense|p2a: Zamazenta
|-boost|p2a: Zamazenta|def|2
|move|p1a: Corviknight|Defog|p2a: Zamazenta
|-unboost|p2a: Zamazenta|evasion|1
|-sideend|p1: kingteth|Stealth Rock|[from] move: Defog|[of] p1a: Corviknight
|
|upkeep
|turn|33
|
|t:|1776047425
|switch|p1a: Deoxys|Deoxys-Defense|49/100 par
|-ability|p1a: Deoxys|Pressure
|move|p2a: Zamazenta|Body Press|p1a: Deoxys
|-resisted|p1a: Deoxys
|-damage|p1a: Deoxys|28/100 par
|
|-heal|p1a: Deoxys|35/100 par|[from] item: Leftovers
|upkeep
|turn|34
|
|t:|1776047434
|move|p2a: Zamazenta|Crunch|p1a: Deoxys
|-supereffective|p1a: Deoxys
|-damage|p1a: Deoxys|11/100 par
|move|p1a: Deoxys|Recover|p1a: Deoxys
|-heal|p1a: Deoxys|61/100 par
|
|-heal|p1a: Deoxys|67/100 par|[from] item: Leftovers
|upkeep
|turn|35
|
|t:|1776047445
|switch|p2a: Hatterene|Hatterene, F|41/100
|move|p1a: Deoxys|Recover|p1a: Deoxys
|-heal|p1a: Deoxys|100/100 par
|
|upkeep
|turn|36
|
|t:|1776047452
|switch|p1a: Corviknight|Corviknight, F|100/100 par
|-ability|p1a: Corviknight|Pressure
|move|p2a: Hatterene|Psychic Noise|p1a: Corviknight
|-resisted|p1a: Corviknight
|-damage|p1a: Corviknight|85/100 par
|-start|p1a: Corviknight|move: Heal Block
|
|upkeep
|turn|37
|
|t:|1776047460
|switch|p2a: Kyurem|Kyurem|100/100
|-ability|p2a: Kyurem|Pressure
|cant|p1a: Corviknight|par
|
|-end|p1a: Corviknight|move: Heal Block
|upkeep
|turn|38
|
|t:|1776047467
|move|p2a: Kyurem|Dragon Dance|p2a: Kyurem
|-boost|p2a: Kyurem|atk|1
|-boost|p2a: Kyurem|spe|1
|move|p1a: Corviknight|Body Press|p2a: Kyurem
|-supereffective|p2a: Kyurem
|-damage|p2a: Kyurem|47/100
|
|-heal|p1a: Corviknight|91/100 par|[from] item: Leftovers
|upkeep
|turn|39
|
|t:|1776047476
|-terastallize|p2a: Kyurem|Fire
|move|p2a: Kyurem|Tera Blast|p1a: Corviknight|[anim] Tera Blast Fire
|-supereffective|p1a: Corviknight
|-damage|p1a: Corviknight|9/100 par
|move|p1a: Corviknight|Body Press|p2a: Kyurem
|-damage|p2a: Kyurem|21/100
|
|-heal|p1a: Corviknight|15/100 par|[from] item: Leftovers
|upkeep
|turn|40
|
|t:|1776047486
|move|p2a: Kyurem|Tera Blast|p1a: Corviknight|[anim] Tera Blast Fire
|-supereffective|p1a: Corviknight
|-damage|p1a: Corviknight|0 fnt
|faint|p1a: Corviknight
|
|upkeep
|
|t:|1776047490
|switch|p1a: Deoxys|Deoxys-Defense|100/100 par
|-ability|p1a: Deoxys|Pressure
|turn|41
|
|t:|1776047497
|switch|p2a: Hatterene|Hatterene, F|41/100
|move|p1a: Deoxys|Psychic Noise|p2a: Hatterene
|-resisted|p2a: Hatterene
|-damage|p2a: Hatterene|30/100
|-start|p2a: Hatterene|move: Heal Block
|
|upkeep
|turn|42
|
|t:|1776047510
|move|p2a: Hatterene|Psychic Noise|p1a: Deoxys
|-resisted|p1a: Deoxys
|-damage|p1a: Deoxys|87/100 par
|-start|p1a: Deoxys|move: Heal Block
|move|p1a: Deoxys|Knock Off|p2a: Hatterene
|-damage|p2a: Hatterene|22/100
|
|-end|p2a: Hatterene|move: Heal Block
|upkeep
|turn|43
|
|t:|1776047520
|move|p2a: Hatterene|Dazzling Gleam|p1a: Deoxys
|-damage|p1a: Deoxys|59/100 par
|move|p1a: Deoxys|Psychic Noise|p2a: Hatterene
|-resisted|p2a: Hatterene
|-damage|p2a: Hatterene|12/100
|-start|p2a: Hatterene|move: Heal Block
|
|-end|p1a: Deoxys|move: Heal Block
|upkeep
|turn|44
|
|t:|1776047530
|switch|p2a: Kingambit|Kingambit, M|100/100
|-activate|p2a: Kingambit|ability: Supreme Overlord
|-start|p2a: Kingambit|fallen1|[silent]
|move|p1a: Deoxys|Psychic Noise|p2a: Kingambit
|-immune|p2a: Kingambit
|
|-heal|p1a: Deoxys|65/100 par|[from] item: Leftovers
|upkeep
|turn|45
|
|t:|1776047541
|-terastallize|p1a: Deoxys|Fairy
|move|p2a: Kingambit|Iron Head|p1a: Deoxys
|-supereffective|p1a: Deoxys
|-damage|p1a: Deoxys|8/100 par
|move|p1a: Deoxys|Stealth Rock|p2a: Kingambit
|-sidestart|p2: Void_33|move: Stealth Rock
|
|-heal|p1a: Deoxys|14/100 par|[from] item: Leftovers
|upkeep
|turn|46
|
|t:|1776047553
|switch|p1a: Zapdos|Zapdos|80/100
|-ability|p1a: Zapdos|Pressure
|move|p2a: Kingambit|Iron Head|p1a: Zapdos
|-resisted|p1a: Zapdos
|-damage|p1a: Zapdos|62/100
|
|upkeep
|turn|47
|
|t:|1776047560
|-end|p2a: Kingambit|fallen1|[silent]
|switch|p2a: Landorus|Landorus-Therian, M|39/100
|-damage|p2a: Landorus|26/100|[from] Stealth Rock
|-ability|p2a: Landorus|Intimidate|boost
|-unboost|p1a: Zapdos|atk|1
|move|p1a: Zapdos|Substitute|p1a: Zapdos
|-start|p1a: Zapdos|Substitute
|-damage|p1a: Zapdos|37/100
|
|upkeep
|turn|48
|
|t:|1776047569
|move|p2a: Landorus|Stealth Rock|p1a: Zapdos
|-sidestart|p1: kingteth|move: Stealth Rock
|move|p1a: Zapdos|Roost|p1a: Zapdos
|-heal|p1a: Zapdos|87/100
|-singleturn|p1a: Zapdos|move: Roost
|
|upkeep
|turn|49
|
|t:|1776047578
|move|p1a: Zapdos|Protect|p1a: Zapdos
|-singleturn|p1a: Zapdos|Protect
|move|p2a: Landorus|U-turn|p1a: Zapdos
|-activate|p1a: Zapdos|move: Protect
|
|upkeep
|turn|50
|
|t:|1776047585
|move|p2a: Landorus|Psychic|p1a: Zapdos
|-activate|p1a: Zapdos|move: Substitute|[damage]
|move|p1a: Zapdos|Discharge|p2a: Landorus
|-immune|p2a: Landorus
|
|upkeep
|turn|51
|
|t:|1776047591
|move|p1a: Zapdos|Protect|p1a: Zapdos
|-singleturn|p1a: Zapdos|Protect
|move|p2a: Landorus|Psychic|p1a: Zapdos
|-activate|p1a: Zapdos|move: Protect
|
|upkeep
|turn|52
|
|t:|1776047596
|move|p2a: Landorus|Psychic|p1a: Zapdos
|-end|p1a: Zapdos|Substitute
|move|p1a: Zapdos|Substitute|p1a: Zapdos
|-start|p1a: Zapdos|Substitute
|-damage|p1a: Zapdos|62/100
|
|upkeep
|turn|53
|
|t:|1776047602
|move|p2a: Landorus|Psychic|p1a: Zapdos
|-activate|p1a: Zapdos|move: Substitute|[damage]
|move|p1a: Zapdos|Roost|p1a: Zapdos
|-heal|p1a: Zapdos|100/100
|-singleturn|p1a: Zapdos|move: Roost
|
|upkeep
|turn|54
|
|t:|1776047609
|switch|p2a: Hatterene|Hatterene, F|12/100
|-damage|p2a: Hatterene|0 fnt|[from] Stealth Rock
|faint|p2a: Hatterene
|move|p1a: Zapdos|Protect||[still]
|-fail|p1a: Zapdos
|
|upkeep
|
|t:|1776047619
|switch|p2a: Kyurem|Kyurem, tera:Fire|21/100
|-damage|p2a: Kyurem|0 fnt|[from] Stealth Rock
|faint|p2a: Kyurem
|
|t:|1776047631
|switch|p2a: Kingambit|Kingambit, M|100/100
|-damage|p2a: Kingambit|94/100|[from] Stealth Rock
|-activate|p2a: Kingambit|ability: Supreme Overlord
|-start|p2a: Kingambit|fallen3|[silent]
|turn|55
|
|t:|1776047636
|move|p1a: Zapdos|Discharge|p2a: Kingambit
|-damage|p2a: Kingambit|61/100
|-status|p2a: Kingambit|par
|move|p2a: Kingambit|Swords Dance|p2a: Kingambit
|-boost|p2a: Kingambit|atk|2
|
|-heal|p2a: Kingambit|67/100 par|[from] item: Leftovers
|upkeep
|turn|56
|
|t:|1776047644
|move|p1a: Zapdos|Discharge|p2a: Kingambit
|-crit|p2a: Kingambit
|-damage|p2a: Kingambit|18/100 par
|move|p2a: Kingambit|Kowtow Cleave|p1a: Zapdos
|-end|p1a: Zapdos|Substitute
|
|-heal|p2a: Kingambit|24/100 par|[from] item: Leftovers
|upkeep
|turn|57
|
|t:|1776047652
|move|p2a: Kingambit|Sucker Punch||[still]
|-fail|p2a: Kingambit
|move|p1a: Zapdos|Substitute|p1a: Zapdos
|-start|p1a: Zapdos|Substitute
|-damage|p1a: Zapdos|75/100
|
|-heal|p2a: Kingambit|31/100 par|[from] item: Leftovers
|upkeep
|turn|58
|
|t:|1776047659
|-end|p2a: Kingambit|fallen3|[silent]
|switch|p2a: Landorus|Landorus-Therian, M|26/100
|-damage|p2a: Landorus|14/100|[from] Stealth Rock
|-ability|p2a: Landorus|Intimidate|boost
|-immune|p1a: Zapdos
|move|p1a: Zapdos|Discharge|p2a: Landorus
|-immune|p2a: Landorus
|
|upkeep
|turn|59
|
|t:|1776047668
|move|p1a: Zapdos|Protect|p1a: Zapdos
|-singleturn|p1a: Zapdos|Protect
|move|p2a: Landorus|Stealth Rock||[still]
|-fail|p2a: Landorus
|
|upkeep
|turn|60
|
|t:|1776047676
|move|p2a: Landorus|Stealth Rock||[still]
|-fail|p2a: Landorus
|move|p1a: Zapdos|Substitute|p1a: Zapdos
|-fail|p1a: Zapdos|move: Substitute
|
|upkeep
|turn|61
|
|t:|1776047682
|move|p2a: Landorus|Stealth Rock||[still]
|-fail|p2a: Landorus
|move|p1a: Zapdos|Discharge|p2a: Landorus
|-immune|p2a: Landorus
|
|upkeep
|turn|62
|
|t:|1776047691
|move|p2a: Landorus|Stealth Rock||[still]
|-fail|p2a: Landorus
|move|p1a: Zapdos|Discharge|p2a: Landorus
|-immune|p2a: Landorus
|
|upkeep
|turn|63
|
|t:|1776047709
|move|p2a: Landorus|Stealth Rock||[still]
|-fail|p2a: Landorus
|move|p1a: Zapdos|Substitute|p1a: Zapdos
|-fail|p1a: Zapdos|move: Substitute
|
|upkeep
|turn|64
|
|t:|1776047716
|move|p1a: Zapdos|Protect|p1a: Zapdos
|-singleturn|p1a: Zapdos|Protect
|move|p2a: Landorus|Stealth Rock||[still]
|-fail|p2a: Landorus
|
|upkeep
|turn|65
|
|t:|1776047721
|move|p2a: Landorus|Stealth Rock||[still]
|-fail|p2a: Landorus
|move|p1a: Zapdos|Discharge|p2a: Landorus
|-immune|p2a: Landorus
|
|upkeep
|turn|66
|
|t:|1776047726
|move|p2a: Landorus|Stealth Rock||[still]
|-fail|p2a: Landorus
|move|p1a: Zapdos|Substitute|p1a: Zapdos
|-fail|p1a: Zapdos|move: Substitute
|
|upkeep
|turn|67
|
|t:|1776047730
|move|p1a: Zapdos|Protect|p1a: Zapdos
|-singleturn|p1a: Zapdos|Protect
|move|p2a: Landorus|Stealth Rock||[still]
|-fail|p2a: Landorus
|
|upkeep
|turn|68
|
|t:|1776047739
|move|p2a: Landorus|Stealth Rock||[still]
|-fail|p2a: Landorus
|move|p1a: Zapdos|Discharge|p2a: Landorus
|-immune|p2a: Landorus
|
|upkeep
|turn|69
|-message|Void_33 forfeited.
|
|win|kingteth
|raw|kingteth's rating: 1432 &rarr; <strong>1456</strong><br />(+24 for winning)
|raw|Void_33's rating: 1508 &rarr; <strong>1484</strong><br />(-24 for losing)
|l|☆Void_33
|player|p2|
|l|☆kingteth
|player|p1|
