|html|<div class="broadcast-blue"><strong>[Gen 9] OU is currently suspecting Tera Blast! For information on how to participate check out the <a href="https://www.smogon.com/tools/suspects/view/200">suspect thread</a>.</strong></div>
|j|☆mathismathin
|j|☆CrackSquad
|t:|1776304761
|gametype|singles
|player|p1|mathismathin|bugsy-masters|1636
|player|p2|CrackSquad|ballguy|1598
|gen|9
|tier|[Gen 9] OU
|rated|
|rule|HP Percentage Mod: HP is shown in percentages
|rule|Endless Battle Clause: Forcing endless battles is banned
|rule|Species Clause: Limit one of each Pokémon
|rule|OHKO Clause: OHKO moves are banned
|rule|Evasion Items Clause: Evasion items are banned
|rule|Evasion Moves Clause: Evasion moves are banned
|rule|Evasion Abilities Clause: Evasion abilities are banned
|rule|Sleep Moves Clause: Sleep-inducing moves are banned
|clearpoke
|poke|p1|Wyrdeer, F|
|poke|p1|Persian-Alola, M|
|poke|p1|Arboliva, M|
|poke|p1|Articuno|
|poke|p1|Spiritomb, F|
|poke|p1|Mesprit|
|poke|p2|Comfey, M|
|poke|p2|Dragonite, M|
|poke|p2|Ogerpon-Wellspring, F|
|poke|p2|Deoxys-Speed|
|poke|p2|Gholdengo|
|poke|p2|Kingambit, F|
|teampreview
|inactive|Battle timer is ON: inactive players will automatically lose when time's up. (requested by CrackSquad)
|
|t:|1776304785
|teamsize|p1|6
|teamsize|p2|6
|start
|switch|p1a: Wyrdeer|Wyrdeer, F|100/100
|switch|p2a: Ogerpon|Ogerpon-Wellspring, F|100/100
|-ability|p1a: Wyrdeer|Intimidate|boost
|-unboost|p2a: Ogerpon|atk|1
|turn|1
|
|t:|1776304796
|switch|p1a: Persian|Persian-Alola, M|100/100
|move|p2a: Ogerpon|Knock Off|p1a: Persian
|-resisted|p1a: Persian
|-damage|p1a: Persian|93/100
|-enditem|p1a: Persian|Leftovers|[from] move: Knock Off|[of] p2a: Ogerpon
|
|upkeep
|turn|2
|
|t:|1776304802
|switch|p2a: Deoxys|Deoxys-Speed|100/100
|-ability|p2a: Deoxys|Pressure
|move|p1a: Persian|Foul Play|p2a: Deoxys
|-supereffective|p2a: Deoxys
|-damage|p2a: Deoxys|30/100
|
|upkeep
|turn|3
|
|t:|1776304806
|move|p2a: Deoxys|Stealth Rock|p1a: Persian
|-sidestart|p1: mathismathin|move: Stealth Rock
|move|p1a: Persian|Foul Play|p2a: Deoxys
|-supereffective|p2a: Deoxys
|-damage|p2a: Deoxys|0 fnt
|faint|p2a: Deoxys
|
|upkeep
|
|t:|1776304816
|switch|p2a: Comfey|Comfey, M|100/100
|turn|4
|
|t:|1776304831
|move|p1a: Persian|Knock Off|p2a: Comfey
|-resisted|p2a: Comfey
|-damage|p2a: Comfey|87/100
|-enditem|p2a: Comfey|Life Orb|[from] move: Knock Off|[of] p1a: Persian
|move|p2a: Comfey|Calm Mind|p2a: Comfey
|-boost|p2a: Comfey|spa|1
|-boost|p2a: Comfey|spd|1
|
|upkeep
|turn|5
|
|t:|1776304834
|switch|p1a: Arboliva|Arboliva, M|100/100
|-damage|p1a: Arboliva|88/100|[from] Stealth Rock
|move|p2a: Comfey|Calm Mind|p2a: Comfey
|-boost|p2a: Comfey|spa|1
|-boost|p2a: Comfey|spd|1
|
|upkeep
|turn|6
|
|t:|1776304840
|move|p2a: Comfey|Draining Kiss|p1a: Arboliva
|-damage|p1a: Arboliva|60/100
|-heal|p2a: Comfey|100/100|[from] drain|[of] p1a: Arboliva
|-fieldstart|move: Grassy Terrain|[from] ability: Seed Sower|[of] p1a: Arboliva
|move|p1a: Arboliva|Giga Drain|p2a: Comfey
|-damage|p2a: Comfey|72/100
|-heal|p1a: Arboliva|73/100|[from] drain|[of] p2a: Comfey
|
|-heal|p2a: Comfey|78/100|[from] Grassy Terrain
|-heal|p1a: Arboliva|79/100|[from] Grassy Terrain
|upkeep
|turn|7
|
|t:|1776304843
|move|p2a: Comfey|Calm Mind|p2a: Comfey
|-boost|p2a: Comfey|spa|1
|-boost|p2a: Comfey|spd|1
|move|p1a: Arboliva|Giga Drain|p2a: Comfey
|-damage|p2a: Comfey|57/100
|-heal|p1a: Arboliva|89/100|[from] drain|[of] p2a: Comfey
|
|-heal|p2a: Comfey|63/100|[from] Grassy Terrain
|-heal|p1a: Arboliva|95/100|[from] Grassy Terrain
|upkeep
|turn|8
|
|t:|1776304847
|move|p2a: Comfey|Calm Mind|p2a: Comfey
|-boost|p2a: Comfey|spa|1
|-boost|p2a: Comfey|spd|1
|move|p1a: Arboliva|Giga Drain|p2a: Comfey
|-damage|p2a: Comfey|43/100
|-heal|p1a: Arboliva|100/100|[from] drain|[of] p2a: Comfey
|
|-heal|p2a: Comfey|50/100|[from] Grassy Terrain
|upkeep
|turn|9
|
|t:|1776304850
|move|p2a: Comfey|Draining Kiss|p1a: Arboliva
|-damage|p1a: Arboliva|61/100
|-heal|p2a: Comfey|82/100|[from] drain|[of] p1a: Arboliva
|move|p1a: Arboliva|Giga Drain|p2a: Comfey
|-crit|p2a: Comfey
|-damage|p2a: Comfey|0 fnt
|-heal|p1a: Arboliva|98/100|[from] drain|[of] p2a: Comfey
|faint|p2a: Comfey
|
|-heal|p1a: Arboliva|100/100|[from] Grassy Terrain
|upkeep
|
|t:|1776304874
|switch|p2a: Dragonite|Dragonite, M|100/100
|turn|10
|
|t:|1776304880
|switch|p1a: Spiritomb|Spiritomb, F|100/100
|-damage|p1a: Spiritomb|88/100|[from] Stealth Rock
|move|p2a: Dragonite|Dragon Dance|p2a: Dragonite
|-boost|p2a: Dragonite|atk|1
|-boost|p2a: Dragonite|spe|1
|
|-heal|p1a: Spiritomb|94/100|[from] Grassy Terrain
|-heal|p1a: Spiritomb|100/100|[from] item: Leftovers
|-fieldend|move: Grassy Terrain
|upkeep
|turn|11
|
|t:|1776304884
|switch|p2a: Gholdengo|Gholdengo|100/100
|-item|p2a: Gholdengo|Air Balloon
|move|p1a: Spiritomb|Will-O-Wisp|p2a: Gholdengo
|-immune|p2a: Gholdengo|[from] ability: Good as Gold
|
|upkeep
|turn|12
|
|t:|1776304898
|switch|p1a: Arboliva|Arboliva, M|100/100
|-damage|p1a: Arboliva|88/100|[from] Stealth Rock
|move|p2a: Gholdengo|Make It Rain|p1a: Arboliva
|-damage|p1a: Arboliva|51/100
|-unboost|p2a: Gholdengo|spa|1
|-fieldstart|move: Grassy Terrain|[from] ability: Seed Sower|[of] p1a: Arboliva
|
|-heal|p1a: Arboliva|57/100|[from] Grassy Terrain
|upkeep
|turn|13
|
|t:|1776304908
|switch|p2a: Dragonite|Dragonite, M|100/100
|move|p1a: Arboliva|Giga Drain|p2a: Dragonite
|-resisted|p2a: Dragonite
|-damage|p2a: Dragonite|93/100
|-heal|p1a: Arboliva|61/100|[from] drain|[of] p2a: Dragonite
|
|-heal|p1a: Arboliva|67/100|[from] Grassy Terrain
|upkeep
|turn|14
|
|t:|1776304914
|switch|p1a: Spiritomb|Spiritomb, F|100/100
|-damage|p1a: Spiritomb|88/100|[from] Stealth Rock
|move|p2a: Dragonite|Hurricane|p1a: Spiritomb|[miss]
|-miss|p2a: Dragonite|p1a: Spiritomb
|
|-heal|p1a: Spiritomb|94/100|[from] Grassy Terrain
|-heal|p1a: Spiritomb|100/100|[from] item: Leftovers
|upkeep
|turn|15
|
|t:|1776304920
|switch|p2a: Gholdengo|Gholdengo|100/100
|-item|p2a: Gholdengo|Air Balloon
|move|p1a: Spiritomb|Calm Mind|p1a: Spiritomb
|-boost|p1a: Spiritomb|spa|1
|-boost|p1a: Spiritomb|spd|1
|
|upkeep
|turn|16
|
|t:|1776304932
|move|p2a: Gholdengo|Shadow Ball|p1a: Spiritomb
|-damage|p1a: Spiritomb|70/100
|move|p1a: Spiritomb|Dark Pulse|p2a: Gholdengo
|-supereffective|p2a: Gholdengo
|-damage|p2a: Gholdengo|11/100
|-enditem|p2a: Gholdengo|Air Balloon
|
|-heal|p2a: Gholdengo|17/100|[from] Grassy Terrain
|-heal|p1a: Spiritomb|76/100|[from] Grassy Terrain
|-heal|p1a: Spiritomb|82/100|[from] item: Leftovers
|-fieldend|move: Grassy Terrain
|upkeep
|turn|17
|
|t:|1776304938
|move|p2a: Gholdengo|Shadow Ball|p1a: Spiritomb
|-damage|p1a: Spiritomb|51/100
|move|p1a: Spiritomb|Dark Pulse|p2a: Gholdengo
|-supereffective|p2a: Gholdengo
|-crit|p2a: Gholdengo
|-damage|p2a: Gholdengo|0 fnt
|faint|p2a: Gholdengo
|
|-heal|p1a: Spiritomb|58/100|[from] item: Leftovers
|upkeep
|
|t:|1776304942
|switch|p2a: Daenerys|Kingambit, F|100/100
|-activate|p2a: Daenerys|ability: Supreme Overlord
|-start|p2a: Daenerys|fallen3|[silent]
|turn|18
|
|t:|1776304946
|move|p2a: Daenerys|Swords Dance|p2a: Daenerys
|-boost|p2a: Daenerys|atk|2
|move|p1a: Spiritomb|Will-O-Wisp|p2a: Daenerys
|-status|p2a: Daenerys|brn
|
|-heal|p1a: Spiritomb|64/100|[from] item: Leftovers
|-damage|p2a: Daenerys|94/100 brn|[from] brn
|upkeep
|turn|19
|
|t:|1776304950
|switch|p1a: Mesprit|Mesprit|100/100
|-damage|p1a: Mesprit|88/100|[from] Stealth Rock
|move|p2a: Daenerys|Swords Dance|p2a: Daenerys
|-boost|p2a: Daenerys|atk|2
|
|-heal|p2a: Daenerys|100/100 brn|[from] item: Leftovers
|-damage|p2a: Daenerys|94/100 brn|[from] brn
|upkeep
|turn|20
|
|t:|1776304956
|move|p2a: Daenerys|Sucker Punch||[still]
|-fail|p2a: Daenerys
|move|p1a: Mesprit|Encore|p2a: Daenerys
|-start|p2a: Daenerys|Encore
|
|-heal|p2a: Daenerys|100/100 brn|[from] item: Leftovers
|-damage|p2a: Daenerys|94/100 brn|[from] brn
|upkeep
|turn|21
|
|t:|1776304962
|-end|p2a: Daenerys|fallen3|[silent]
|switch|p2a: Dragonite|Dragonite, M|93/100
|move|p1a: Mesprit|Stealth Rock|p2a: Dragonite
|-sidestart|p2: CrackSquad|move: Stealth Rock
|
|upkeep
|turn|22
|
|t:|1776304971
|move|p2a: Dragonite|Dragon Dance|p2a: Dragonite
|-boost|p2a: Dragonite|atk|1
|-boost|p2a: Dragonite|spe|1
|move|p1a: Mesprit|U-turn|p2a: Dragonite
|-resisted|p2a: Dragonite
|-damage|p2a: Dragonite|85/100
|
|t:|1776304973
|switch|p1a: Articuno|Articuno|100/100|[from] U-turn
|-ability|p1a: Articuno|Pressure
|
|upkeep
|turn|23
|
|t:|1776304976
|-terastallize|p2a: Dragonite|Normal
|move|p2a: Dragonite|Dragon Dance|p2a: Dragonite
|-boost|p2a: Dragonite|atk|1
|-boost|p2a: Dragonite|spe|1
|move|p1a: Articuno|Freeze-Dry|p2a: Dragonite
|-damage|p2a: Dragonite|55/100
|
|upkeep
|turn|24
|
|t:|1776304985
|move|p2a: Dragonite|Extreme Speed|p1a: Articuno
|-damage|p1a: Articuno|17/100
|move|p1a: Articuno|U-turn|p2a: Dragonite
|-damage|p2a: Dragonite|41/100
|
|t:|1776304990
|switch|p1a: Wyrdeer|Wyrdeer, F|100/100|[from] U-turn
|-damage|p1a: Wyrdeer|88/100|[from] Stealth Rock
|-ability|p1a: Wyrdeer|Intimidate|boost
|-unboost|p2a: Dragonite|atk|1
|
|-heal|p1a: Wyrdeer|94/100|[from] item: Leftovers
|upkeep
|turn|25
|
|t:|1776305000
|move|p2a: Dragonite|Earthquake|p1a: Wyrdeer
|-damage|p1a: Wyrdeer|25/100
|move|p1a: Wyrdeer|Psychic Noise|p2a: Dragonite
|-damage|p2a: Dragonite|1/100
|-start|p2a: Dragonite|move: Heal Block
|
|-heal|p1a: Wyrdeer|31/100|[from] item: Leftovers
|upkeep
|turn|26
|
|t:|1776305010
|move|p2a: Dragonite|Earthquake|p1a: Wyrdeer
|-damage|p1a: Wyrdeer|0 fnt
|faint|p1a: Wyrdeer
|
|-end|p2a: Dragonite|move: Heal Block
|upkeep
|
|t:|1776305011
|switch|p1a: Mesprit|Mesprit|88/100
|-damage|p1a: Mesprit|76/100|[from] Stealth Rock
|turn|27
|
|t:|1776305015
|move|p2a: Dragonite|Extreme Speed|p1a: Mesprit
|-damage|p1a: Mesprit|20/100
|move|p1a: Mesprit|Psychic Noise|p2a: Dragonite
|-damage|p2a: Dragonite|0 fnt
|faint|p2a: Dragonite
|
|upkeep
|
|t:|1776305020
|switch|p2a: Ogerpon|Ogerpon-Wellspring, F|100/100
|-damage|p2a: Ogerpon|88/100|[from] Stealth Rock
|turn|28
|
|t:|1776305028
|move|p2a: Ogerpon|Horn Leech|p1a: Mesprit
|-damage|p1a: Mesprit|0 fnt
|-heal|p2a: Ogerpon|99/100|[from] drain|[of] p1a: Mesprit
|faint|p1a: Mesprit
|
|upkeep
|
|t:|1776305035
|switch|p1a: Arboliva|Arboliva, M|67/100
|-damage|p1a: Arboliva|55/100|[from] Stealth Rock
|turn|29
|
|t:|1776305047
|switch|p2a: Daenerys|Kingambit, F|94/100 brn
|-damage|p2a: Daenerys|88/100 brn|[from] Stealth Rock
|-activate|p2a: Daenerys|ability: Supreme Overlord
|-start|p2a: Daenerys|fallen4|[silent]
|move|p1a: Arboliva|Giga Drain|p2a: Daenerys
|-resisted|p2a: Daenerys
|-damage|p2a: Daenerys|67/100 brn
|-heal|p1a: Arboliva|67/100|[from] drain|[of] p2a: Daenerys
|
|-heal|p2a: Daenerys|73/100 brn|[from] item: Leftovers
|-damage|p2a: Daenerys|67/100 brn|[from] brn
|upkeep
|turn|30
|
|t:|1776305056
|move|p2a: Daenerys|Low Kick|p1a: Arboliva
|-supereffective|p1a: Arboliva
|-damage|p1a: Arboliva|28/100
|-fieldstart|move: Grassy Terrain|[from] ability: Seed Sower|[of] p1a: Arboliva
|move|p1a: Arboliva|Earth Power|p2a: Daenerys
|-supereffective|p2a: Daenerys
|-damage|p2a: Daenerys|3/100 brn
|
|-heal|p2a: Daenerys|9/100 brn|[from] Grassy Terrain
|-heal|p2a: Daenerys|15/100 brn|[from] item: Leftovers
|-heal|p1a: Arboliva|34/100|[from] Grassy Terrain
|-damage|p2a: Daenerys|9/100 brn|[from] brn
|upkeep
|turn|31
|
|t:|1776305064
|move|p2a: Daenerys|Low Kick|p1a: Arboliva
|-supereffective|p1a: Arboliva
|-damage|p1a: Arboliva|0 fnt
|faint|p1a: Arboliva
|
|-heal|p2a: Daenerys|15/100 brn|[from] Grassy Terrain
|-heal|p2a: Daenerys|21/100 brn|[from] item: Leftovers
|-damage|p2a: Daenerys|15/100 brn|[from] brn
|upkeep
|
|t:|1776305065
|switch|p1a: Persian|Persian-Alola, M|93/100
|-damage|p1a: Persian|80/100|[from] Stealth Rock
|turn|32
|
|t:|1776305070
|move|p1a: Persian|Foul Play|p2a: Daenerys
|-resisted|p2a: Daenerys
|-crit|p2a: Daenerys
|-damage|p2a: Daenerys|0 fnt
|faint|p2a: Daenerys
|-end|p2a: Daenerys|fallen4|[silent]
|
|-heal|p1a: Persian|86/100|[from] Grassy Terrain
|upkeep
|
|t:|1776305073
|switch|p2a: Ogerpon|Ogerpon-Wellspring, F|99/100
|-damage|p2a: Ogerpon|88/100|[from] Stealth Rock
|turn|33
|
|t:|1776305077
|move|p2a: Ogerpon|Horn Leech|p1a: Persian
|-damage|p1a: Persian|50/100
|-heal|p2a: Ogerpon|100/100|[from] drain|[of] p1a: Persian
|move|p1a: Persian|Foul Play|p2a: Ogerpon
|-damage|p2a: Ogerpon|43/100
|
|-heal|p2a: Ogerpon|49/100|[from] Grassy Terrain
|-heal|p1a: Persian|56/100|[from] Grassy Terrain
|upkeep
|turn|34
|
|t:|1776305086
|move|p2a: Ogerpon|Horn Leech|p1a: Persian
|-damage|p1a: Persian|22/100
|-heal|p2a: Ogerpon|68/100|[from] drain|[of] p1a: Persian
|move|p1a: Persian|Foul Play|p2a: Ogerpon
|-damage|p2a: Ogerpon|3/100
|
|-heal|p2a: Ogerpon|9/100|[from] Grassy Terrain
|-heal|p1a: Persian|28/100|[from] Grassy Terrain
|-fieldend|move: Grassy Terrain
|upkeep
|turn|35
|
|t:|1776305092
|move|p2a: Ogerpon|Ivy Cudgel|p1a: Persian|[anim] Ivy Cudgel Water
|-damage|p1a: Persian|0 fnt
|faint|p1a: Persian
|
|upkeep
|
|t:|1776305097
|switch|p1a: Spiritomb|Spiritomb, F|64/100
|-damage|p1a: Spiritomb|51/100|[from] Stealth Rock
|turn|36
|
|t:|1776305102
|-terastallize|p1a: Spiritomb|Poison
|move|p2a: Ogerpon|Ivy Cudgel|p1a: Spiritomb|[anim] Ivy Cudgel Water
|-damage|p1a: Spiritomb|7/100
|move|p1a: Spiritomb|Dark Pulse|p2a: Ogerpon
|-damage|p2a: Ogerpon|0 fnt
|faint|p2a: Ogerpon
|
|win|mathismathin
|raw|mathismathin's rating: 1636 &rarr; <strong>1654</strong><br />(+18 for winning)
|raw|CrackSquad's rating: 1598 &rarr; <strong>1580</strong><br />(-18 for losing)
