|html|<div class="broadcast-blue"><strong>[Gen 9] OU is currently suspecting Tera Blast! For information on how to participate check out the <a href="https://www.smogon.com/tools/suspects/view/200">suspect thread</a>.</strong></div>
|j|☆icylikedecember
|j|☆pressacanadagoose
|t:|1776070030
|gametype|singles
|player|p1|icylikedecember|skierf|1608
|player|p2|pressacanadagoose|169|1701
|gen|9
|tier|[Gen 9] OU
|rated|
|rule|HP Percentage Mod: HP is shown in percentages
|rule|Endless Battle Clause: Forcing endless battles is banned
|rule|Species Clause: Limit one of each Pokémon
|rule|OHKO Clause: OHKO moves are banned
|rule|Evasion Items Clause: Evasion items are banned
|rule|Evasion Moves Clause: Evasion moves are banned
|rule|Evasion Abilities Clause: Evasion abilities are banned
|rule|Sleep Moves Clause: Sleep-inducing moves are banned
|clearpoke
|poke|p1|Landorus-Therian, M|
|poke|p1|Corviknight, F|
|poke|p1|Slowking-Galar, M|
|poke|p1|Crawdaunt, M|
|poke|p1|Darkrai|
|poke|p1|Gholdengo|
|poke|p2|Deoxys-Speed|
|poke|p2|Ceruledge, F|
|poke|p2|Zamazenta-*|
|poke|p2|Ogerpon-Wellspring, F|
|poke|p2|Glimmora, M|
|poke|p2|Moltres-Galar|
|teampreview
|inactive|Battle timer is ON: inactive players will automatically lose when time's up. (requested by icylikedecember)
|
|t:|1776070055
|teamsize|p1|6
|teamsize|p2|6
|start
|switch|p1a: Slowking|Slowking-Galar, M, shiny|100/100
|switch|p2a: Zamazenta|Zamazenta|100/100
|-ability|p2a: Zamazenta|Dauntless Shield|boost
|-boost|p2a: Zamazenta|def|1
|turn|1
|
|t:|1776070080
|switch|p2a: Ceruledge|Ceruledge, F|100/100
|move|p1a: Slowking|Sludge Bomb|p2a: Ceruledge
|-resisted|p2a: Ceruledge
|-damage|p2a: Ceruledge|76/100
|-status|p2a: Ceruledge|psn
|
|-damage|p2a: Ceruledge|64/100 psn|[from] psn
|upkeep
|turn|2
|
|t:|1776070088
|switch|p1a: Landorus|Landorus-Therian, M|100/100
|-ability|p1a: Landorus|Intimidate|boost
|-unboost|p2a: Ceruledge|atk|1
|move|p2a: Ceruledge|Poltergeist|p1a: Landorus
|-activate|p1a: Landorus|move: Poltergeist|Rocky Helmet
|-damage|p1a: Landorus|51/100
|-damage|p2a: Ceruledge|54/100 psn|[from] item: Life Orb
|
|-damage|p2a: Ceruledge|42/100 psn|[from] psn
|upkeep
|turn|3
|
|t:|1776070096
|switch|p2a: Ogerpon|Ogerpon-Wellspring, F|100/100
|move|p1a: Landorus|Stealth Rock|p2a: Ogerpon
|-sidestart|p2: pressacanadagoose|move: Stealth Rock
|
|upkeep
|turn|4
|
|t:|1776070107
|switch|p1a: Corviknight|Corviknight, F, shiny|100/100
|-ability|p1a: Corviknight|Pressure
|move|p2a: Ogerpon|Swords Dance|p2a: Ogerpon
|-boost|p2a: Ogerpon|atk|2
|
|upkeep
|turn|5
|
|t:|1776070115
|-terastallize|p1a: Corviknight|Dragon
|move|p2a: Ogerpon|Ivy Cudgel|p1a: Corviknight|[anim] Ivy Cudgel Water
|-resisted|p1a: Corviknight
|-damage|p1a: Corviknight|67/100
|move|p1a: Corviknight|Body Press|p2a: Ogerpon
|-damage|p2a: Ogerpon|68/100
|
|-heal|p1a: Corviknight|73/100|[from] item: Leftovers
|upkeep
|turn|6
|
|t:|1776070123
|move|p2a: Ogerpon|Play Rough|p1a: Corviknight
|-supereffective|p1a: Corviknight
|-damage|p1a: Corviknight|0 fnt
|faint|p1a: Corviknight
|
|upkeep
|
|t:|1776070137
|switch|p1a: Landorus|Landorus-Therian, M|51/100
|-ability|p1a: Landorus|Intimidate|boost
|-unboost|p2a: Ogerpon|atk|1
|turn|7
|
|t:|1776070142
|switch|p1a: Crawdaunt|Crawdaunt, M|100/100
|move|p2a: Ogerpon|Ivy Cudgel|p1a: Crawdaunt|[anim] Ivy Cudgel Water
|-resisted|p1a: Crawdaunt
|-damage|p1a: Crawdaunt|34/100
|
|upkeep
|turn|8
|
|t:|1776070150
|move|p2a: Ogerpon|Ivy Cudgel|p1a: Crawdaunt|[anim] Ivy Cudgel Water
|-resisted|p1a: Crawdaunt
|-damage|p1a: Crawdaunt|0 fnt
|faint|p1a: Crawdaunt
|
|upkeep
|
|t:|1776070154
|switch|p1a: Darkrai|Darkrai|100/100
|turn|9
|
|t:|1776070158
|-terastallize|p2a: Ogerpon|Water
|detailschange|p2a: Ogerpon|Ogerpon-Wellspring-Tera, F, tera:Water
|-ability|p2a: Ogerpon|Embody Aspect (Wellspring)|boost
|-boost|p2a: Ogerpon|spd|1
|move|p1a: Darkrai|Sludge Bomb|p2a: Ogerpon
|-crit|p2a: Ogerpon
|-damage|p2a: Ogerpon|12/100
|-status|p2a: Ogerpon|psn
|move|p2a: Ogerpon|Play Rough|p1a: Darkrai
|-supereffective|p1a: Darkrai
|-damage|p1a: Darkrai|0 fnt
|faint|p1a: Darkrai
|
|-damage|p2a: Ogerpon|0 fnt|[from] psn
|faint|p2a: Ogerpon
|detailschange|p2: Ogerpon|Ogerpon-Wellspring, F|[silent]
|upkeep
|
|t:|1776070171
|switch|p1a: Gholdengo|Gholdengo|100/100
|switch|p2a: Deoxys|Deoxys-Speed|100/100
|-damage|p2a: Deoxys|88/100|[from] Stealth Rock
|-ability|p2a: Deoxys|Pressure
|turn|10
|
|t:|1776070176
|switch|p1a: Slowking|Slowking-Galar, M, shiny|100/100
|move|p2a: Deoxys|Light Screen|p2a: Deoxys
|-sidestart|p2: pressacanadagoose|move: Light Screen
|
|upkeep
|turn|11
|j| amimec
|
|t:|1776070180
|move|p2a: Deoxys|Taunt|p1a: Slowking
|-start|p1a: Slowking|move: Taunt
|move|p1a: Slowking|Sludge Bomb|p2a: Deoxys
|-damage|p2a: Deoxys|61/100
|
|upkeep
|turn|12
|
|t:|1776070186
|switch|p2a: Glimmora|Glimmora, M|100/100
|-damage|p2a: Glimmora|88/100|[from] Stealth Rock
|switch|p1a: Gholdengo|Gholdengo|100/100
|
|upkeep
|turn|13
|
|t:|1776070189
|switch|p1a: Slowking|Slowking-Galar, M, shiny|100/100
|move|p2a: Glimmora|Meteor Beam||[still]
|-prepare|p2a: Glimmora|Meteor Beam
|-boost|p2a: Glimmora|spa|1
|-enditem|p2a: Glimmora|Power Herb
|-anim|p2a: Glimmora|Meteor Beam|p1a: Slowking
|-damage|p1a: Slowking|52/100
|
|upkeep
|turn|14
|
|t:|1776070194
|move|p2a: Glimmora|Stealth Rock|p1a: Slowking
|-sidestart|p1: icylikedecember|move: Stealth Rock
|move|p1a: Slowking|Psyshock|p2a: Glimmora
|-supereffective|p2a: Glimmora
|-damage|p2a: Glimmora|44/100
|
|upkeep
|turn|15
|
|t:|1776070199
|move|p2a: Glimmora|Mortal Spin|p1a: Slowking
|-resisted|p1a: Slowking
|-damage|p1a: Slowking|49/100
|-sideend|p2: pressacanadagoose|Stealth Rock|[from] move: Mortal Spin|[of] p2a: Glimmora
|move|p1a: Slowking|Psyshock|p2a: Glimmora
|-supereffective|p2a: Glimmora
|-damage|p2a: Glimmora|0 fnt
|faint|p2a: Glimmora
|
|upkeep
|
|t:|1776070201
|switch|p2a: Ceruledge|Ceruledge, F|42/100 psn
|turn|16
|
|t:|1776070205
|switch|p1a: Landorus|Landorus-Therian, M|51/100
|-damage|p1a: Landorus|39/100|[from] Stealth Rock
|-ability|p1a: Landorus|Intimidate|boost
|-unboost|p2a: Ceruledge|atk|1
|move|p2a: Ceruledge|Poltergeist|p1a: Landorus
|-activate|p1a: Landorus|move: Poltergeist|Rocky Helmet
|-crit|p1a: Landorus
|-damage|p1a: Landorus|0 fnt
|faint|p1a: Landorus
|-damage|p2a: Ceruledge|32/100 psn|[from] item: Life Orb
|
|-damage|p2a: Ceruledge|20/100 psn|[from] psn
|upkeep
|
|t:|1776070217
|switch|p1a: Gholdengo|Gholdengo|100/100
|-damage|p1a: Gholdengo|94/100|[from] Stealth Rock
|turn|17
|
|t:|1776070224
|switch|p1a: Slowking|Slowking-Galar, M, shiny|82/100
|-damage|p1a: Slowking|70/100|[from] Stealth Rock
|switch|p2a: Zamazenta|Zamazenta|100/100
|
|-sideend|p2: pressacanadagoose|move: Light Screen
|upkeep
|turn|18
|
|t:|1776070230
|move|p2a: Zamazenta|Iron Defense|p2a: Zamazenta
|-boost|p2a: Zamazenta|def|2
|move|p1a: Slowking|Sludge Bomb|p2a: Zamazenta
|-damage|p2a: Zamazenta|61/100
|
|-heal|p2a: Zamazenta|67/100|[from] item: Leftovers
|upkeep
|turn|19
|
|t:|1776070236
|move|p2a: Zamazenta|Body Press|p1a: Slowking
|-resisted|p1a: Slowking
|-damage|p1a: Slowking|52/100
|move|p1a: Slowking|Sludge Bomb|p2a: Zamazenta
|-damage|p2a: Zamazenta|24/100
|
|-heal|p2a: Zamazenta|30/100|[from] item: Leftovers
|upkeep
|turn|20
|
|t:|1776070242
|move|p2a: Zamazenta|Body Press|p1a: Slowking
|-resisted|p1a: Slowking
|-crit|p1a: Slowking
|-damage|p1a: Slowking|22/100
|move|p1a: Slowking|Sludge Bomb|p2a: Zamazenta
|-damage|p2a: Zamazenta|0 fnt
|faint|p2a: Zamazenta
|
|upkeep
|
|t:|1776070245
|switch|p2a: Deoxys|Deoxys-Speed|61/100
|-ability|p2a: Deoxys|Pressure
|turn|21
|
|t:|1776070249
|switch|p1a: Gholdengo|Gholdengo|94/100
|-damage|p1a: Gholdengo|88/100|[from] Stealth Rock
|move|p2a: Deoxys|Light Screen|p2a: Deoxys
|-sidestart|p2: pressacanadagoose|move: Light Screen
|
|upkeep
|turn|22
|
|t:|1776070254
|switch|p2a: Ceruledge|Ceruledge, F|20/100 psn
|switch|p1a: Slowking|Slowking-Galar, M, shiny|55/100
|-damage|p1a: Slowking|43/100|[from] Stealth Rock
|
|-damage|p2a: Ceruledge|8/100 psn|[from] psn
|upkeep
|turn|23
|
|t:|1776070267
|switch|p1a: Gholdengo|Gholdengo|88/100
|-damage|p1a: Gholdengo|82/100|[from] Stealth Rock
|move|p2a: Ceruledge|Poltergeist|p1a: Gholdengo
|-activate|p1a: Gholdengo|move: Poltergeist|Choice Scarf
|-supereffective|p1a: Gholdengo
|-damage|p1a: Gholdengo|0 fnt
|faint|p1a: Gholdengo
|-damage|p2a: Ceruledge|0 fnt|[from] item: Life Orb
|faint|p2a: Ceruledge
|
|upkeep
|
|t:|1776070276
|switch|p1a: Slowking|Slowking-Galar, M, shiny|76/100
|switch|p2a: Moltres|Moltres-Galar|100/100
|-damage|p1a: Slowking|64/100|[from] Stealth Rock
|turn|24
|
|t:|1776070278
|move|p2a: Moltres|Fiery Wrath|p1a: Slowking
|-supereffective|p1a: Slowking
|-damage|p1a: Slowking|19/100
|move|p1a: Slowking|Sludge Bomb|p2a: Moltres
|-damage|p2a: Moltres|82/100
|
|upkeep
|turn|25
|
|t:|1776070283
|move|p2a: Moltres|Fiery Wrath|p1a: Slowking
|-supereffective|p1a: Slowking
|-damage|p1a: Slowking|0 fnt
|faint|p1a: Slowking
|
|win|pressacanadagoose
|raw|icylikedecember's rating: 1608 &rarr; <strong>1593</strong><br />(-15 for losing)
|raw|pressacanadagoose's rating: 1701 &rarr; <strong>1716</strong><br />(+15 for winning)
|l|☆icylikedecember
|player|p1|
|l|☆pressacanadagoose
|player|p2|
|l| amimec
