|html|<div class="broadcast-blue"><strong>[Gen 9] OU is currently suspecting Tera Blast! For information on how to participate check out the <a href="https://www.smogon.com/tools/suspects/view/200">suspect thread</a>.</strong></div>
|j|☆oognibeht
|j|☆redsnow0
|t:|1776071655
|gametype|singles
|player|p1|oognibeht|fantina|1354
|player|p2|redsnow0|169|1394
|gen|9
|tier|[Gen 9] OU
|rated|
|rule|HP Percentage Mod: HP is shown in percentages
|rule|Endless Battle Clause: Forcing endless battles is banned
|rule|Species Clause: Limit one of each Pokémon
|rule|OHKO Clause: OHKO moves are banned
|rule|Evasion Items Clause: Evasion items are banned
|rule|Evasion Moves Clause: Evasion moves are banned
|rule|Evasion Abilities Clause: Evasion abilities are banned
|rule|Sleep Moves Clause: Sleep-inducing moves are banned
|clearpoke
|poke|p1|Moltres-Galar|
|poke|p1|Ninetales-Alola, F|
|poke|p1|Garganacl, F|
|poke|p1|Kyurem|
|poke|p1|Iron Crown|
|poke|p1|Great Tusk|
|poke|p2|Corviknight, M|
|poke|p2|Swampert, F|
|poke|p2|Dragapult, M|
|poke|p2|Iron Valiant|
|poke|p2|Kingambit, F|
|poke|p2|Keldeo|
|teampreview
|inactive|Battle timer is ON: inactive players will automatically lose when time's up. (requested by oognibeht)
|
|t:|1776071680
|teamsize|p1|6
|teamsize|p2|6
|start
|switch|p1a: Great Tusk|Great Tusk|100/100
|switch|p2a: Swampert|Swampert, F|100/100
|turn|1
|
|t:|1776071692
|move|p1a: Great Tusk|Stealth Rock|p2a: Swampert
|-sidestart|p2: redsnow0|move: Stealth Rock
|move|p2a: Swampert|Flip Turn|p1a: Great Tusk
|-supereffective|p1a: Great Tusk
|-damage|p1a: Great Tusk|71/100
|
|t:|1776071698
|switch|p2a: Corviknight|Corviknight, M|100/100|[from] Flip Turn
|-damage|p2a: Corviknight|88/100|[from] Stealth Rock
|-ability|p2a: Corviknight|Pressure
|
|upkeep
|turn|2
|
|t:|1776071714
|-end|p1a: Great Tusk|Protosynthesis|[silent]
|switch|p1a: watch out for snow|Ninetales-Alola, F|100/100
|-weather|Snowscape|[from] ability: Snow Warning|[of] p1a: watch out for snow
|move|p2a: Corviknight|U-turn|p1a: watch out for snow
|-resisted|p1a: watch out for snow
|-damage|p1a: watch out for snow|94/100
|
|t:|1776071727
|switch|p2a: Keldeo|Keldeo|100/100|[from] U-turn
|-damage|p2a: Keldeo|94/100|[from] Stealth Rock
|
|-weather|Snowscape|[upkeep]
|-heal|p2a: Keldeo|100/100|[from] item: Leftovers
|upkeep
|turn|3
|
|t:|1776071740
|move|p1a: watch out for snow|Aurora Veil|p1a: watch out for snow
|-sidestart|p1: oognibeht|move: Aurora Veil
|move|p2a: Keldeo|Calm Mind|p2a: Keldeo
|-boost|p2a: Keldeo|spa|1
|-boost|p2a: Keldeo|spd|1
|
|-weather|Snowscape|[upkeep]
|upkeep
|turn|4
|
|t:|1776071750
|move|p1a: watch out for snow|Encore|p2a: Keldeo
|-start|p2a: Keldeo|Encore
|move|p2a: Keldeo|Calm Mind|p2a: Keldeo
|-boost|p2a: Keldeo|spa|1
|-boost|p2a: Keldeo|spd|1
|
|-weather|Snowscape|[upkeep]
|upkeep
|turn|5
|
|t:|1776071762
|switch|p1a: golt|Moltres-Galar|100/100
|move|p2a: Keldeo|Calm Mind|p2a: Keldeo
|-boost|p2a: Keldeo|spa|1
|-boost|p2a: Keldeo|spd|1
|
|-weather|Snowscape|[upkeep]
|upkeep
|turn|6
|
|t:|1776071770
|move|p2a: Keldeo|Calm Mind|p2a: Keldeo
|-boost|p2a: Keldeo|spa|1
|-boost|p2a: Keldeo|spd|1
|move|p1a: golt|Nasty Plot|p1a: golt
|-boost|p1a: golt|spa|2
|
|-weather|none
|-end|p2a: Keldeo|Encore
|upkeep
|turn|7
|
|t:|1776071786
|move|p2a: Keldeo|Surf|p1a: golt
|-damage|p1a: golt|36/100
|-ability|p1a: golt|Berserk|boost
|-boost|p1a: golt|spa|1
|move|p1a: golt|Air Slash|p2a: Keldeo
|-supereffective|p2a: Keldeo
|-damage|p2a: Keldeo|35/100
|
|-heal|p2a: Keldeo|41/100|[from] item: Leftovers
|upkeep
|turn|8
|
|t:|1776071816
|move|p2a: Keldeo|Surf|p1a: golt
|-damage|p1a: golt|0 fnt
|faint|p1a: golt
|
|-heal|p2a: Keldeo|47/100|[from] item: Leftovers
|upkeep
|
|t:|1776071819
|switch|p1a: gargar binks|Garganacl, F|100/100
|turn|9
|
|t:|1776071841
|-terastallize|p2a: Keldeo|Water
|-terastallize|p1a: gargar binks|Water
|move|p2a: Keldeo|Surf|p1a: gargar binks
|-resisted|p1a: gargar binks
|-damage|p1a: gargar binks|70/100
|move|p1a: gargar binks|Salt Cure|p2a: Keldeo
|-damage|p2a: Keldeo|30/100
|-start|p2a: Keldeo|Salt Cure
|
|-heal|p2a: Keldeo|36/100|[from] item: Leftovers
|-heal|p1a: gargar binks|76/100|[from] item: Leftovers
|-damage|p2a: Keldeo|12/100|[from] Salt Cure
|upkeep
|turn|10
|
|t:|1776071850
|move|p2a: Keldeo|Aura Sphere|p1a: gargar binks
|-damage|p1a: gargar binks|33/100
|move|p1a: gargar binks|Recover|p1a: gargar binks
|-heal|p1a: gargar binks|83/100
|
|-heal|p2a: Keldeo|18/100|[from] item: Leftovers
|-heal|p1a: gargar binks|89/100|[from] item: Leftovers
|-damage|p2a: Keldeo|0 fnt|[from] Salt Cure
|faint|p2a: Keldeo
|-sideend|p1: oognibeht|move: Aurora Veil
|upkeep
|
|t:|1776071866
|switch|p2a: Dragapult|Dragapult, M|100/100
|-damage|p2a: Dragapult|88/100|[from] Stealth Rock
|turn|11
|
|t:|1776071879
|move|p2a: Dragapult|Draco Meteor|p1a: gargar binks
|-damage|p1a: gargar binks|37/100
|-unboost|p2a: Dragapult|spa|2
|move|p1a: gargar binks|Salt Cure|p2a: Dragapult
|-damage|p2a: Dragapult|71/100
|-start|p2a: Dragapult|Salt Cure
|
|-heal|p1a: gargar binks|43/100|[from] item: Leftovers
|-damage|p2a: Dragapult|59/100|[from] Salt Cure
|upkeep
|turn|12
|
|t:|1776071886
|switch|p2a: Swampert|Swampert, F|100/100
|-damage|p2a: Swampert|94/100|[from] Stealth Rock
|switch|p1a: watch out for snow|Ninetales-Alola, F|94/100
|-weather|Snowscape|[from] ability: Snow Warning|[of] p1a: watch out for snow
|
|-weather|Snowscape|[upkeep]
|-heal|p2a: Swampert|100/100|[from] item: Leftovers
|upkeep
|turn|13
|
|t:|1776071893
|move|p1a: watch out for snow|Freeze-Dry|p2a: Swampert
|-supereffective|p2a: Swampert
|-damage|p2a: Swampert|46/100
|move|p2a: Swampert|Stealth Rock|p1a: watch out for snow
|-sidestart|p1: oognibeht|move: Stealth Rock
|
|-weather|Snowscape|[upkeep]
|-heal|p2a: Swampert|52/100|[from] item: Leftovers
|upkeep
|turn|14
|
|t:|1776071903
|switch|p2a: Corviknight|Corviknight, M|88/100
|-damage|p2a: Corviknight|75/100|[from] Stealth Rock
|-ability|p2a: Corviknight|Pressure
|move|p1a: watch out for snow|Freeze-Dry|p2a: Corviknight
|-damage|p2a: Corviknight|54/100
|
|-weather|Snowscape|[upkeep]
|upkeep
|turn|15
|
|t:|1776071915
|move|p1a: watch out for snow|Aurora Veil|p1a: watch out for snow
|-sidestart|p1: oognibeht|move: Aurora Veil
|move|p2a: Corviknight|Roost|p2a: Corviknight
|-heal|p2a: Corviknight|100/100
|-singleturn|p2a: Corviknight|move: Roost
|
|-weather|Snowscape|[upkeep]
|upkeep
|turn|16
|
|t:|1776071921
|move|p1a: watch out for snow|Encore|p2a: Corviknight
|-start|p2a: Corviknight|Encore
|move|p2a: Corviknight|Roost||[still]
|-fail|p2a: Corviknight|heal
|
|-weather|none
|upkeep
|turn|17
|
|t:|1776071934
|switch|p1a: Iron Crown|Iron Crown|100/100
|-damage|p1a: Iron Crown|94/100|[from] Stealth Rock
|-enditem|p1a: Iron Crown|Booster Energy
|-activate|p1a: Iron Crown|ability: Quark Drive|[fromitem]
|-start|p1a: Iron Crown|quarkdrivespa
|switch|p2a: Kingambit|Kingambit, F|100/100
|-damage|p2a: Kingambit|94/100|[from] Stealth Rock
|-activate|p2a: Kingambit|ability: Supreme Overlord
|-start|p2a: Kingambit|fallen1|[silent]
|
|upkeep
|turn|18
|inactive|oognibeht has 120 seconds left.
|
|t:|1776071976
|-end|p2a: Kingambit|fallen1|[silent]
|switch|p2a: Swampert|Swampert, F|52/100
|-damage|p2a: Swampert|46/100|[from] Stealth Rock
|move|p1a: Iron Crown|Focus Blast|p2a: Swampert|[miss]
|-miss|p1a: Iron Crown|p2a: Swampert
|
|-heal|p2a: Swampert|52/100|[from] item: Leftovers
|upkeep
|turn|19
|inactive|redsnow0 has 120 seconds left.
|
|t:|1776071995
|move|p1a: Iron Crown|Psychic Noise|p2a: Swampert
|-damage|p2a: Swampert|20/100
|-start|p2a: Swampert|move: Heal Block
|move|p2a: Swampert|Earthquake|p1a: Iron Crown
|-supereffective|p1a: Iron Crown
|-damage|p1a: Iron Crown|57/100
|
|upkeep
|turn|20
|
|t:|1776072005
|move|p1a: Iron Crown|Psychic Noise|p2a: Swampert
|-crit|p2a: Swampert
|-damage|p2a: Swampert|0 fnt
|faint|p2a: Swampert
|
|upkeep
|
|t:|1776072011
|switch|p2a: Dragapult|Dragapult, M|59/100
|-damage|p2a: Dragapult|46/100|[from] Stealth Rock
|turn|21
|
|t:|1776072020
|move|p2a: Dragapult|Shadow Ball|p1a: Iron Crown
|-supereffective|p1a: Iron Crown
|-damage|p1a: Iron Crown|0 fnt
|faint|p1a: Iron Crown
|-end|p1a: Iron Crown|Quark Drive|[silent]
|
|upkeep
|
|t:|1776072025
|switch|p1a: gargar binks|Garganacl, F, tera:Water|43/100
|-damage|p1a: gargar binks|31/100|[from] Stealth Rock
|turn|22
|
|t:|1776072031
|move|p2a: Dragapult|Shadow Ball|p1a: gargar binks
|-damage|p1a: gargar binks|13/100
|move|p1a: gargar binks|Recover|p1a: gargar binks
|-heal|p1a: gargar binks|63/100
|
|-heal|p1a: gargar binks|69/100|[from] item: Leftovers
|-sideend|p1: oognibeht|move: Aurora Veil
|upkeep
|turn|23
|
|t:|1776072044
|switch|p2a: Corviknight|Corviknight, M|100/100
|-damage|p2a: Corviknight|88/100|[from] Stealth Rock
|-ability|p2a: Corviknight|Pressure
|move|p1a: gargar binks|Recover|p1a: gargar binks
|-heal|p1a: gargar binks|100/100
|
|upkeep
|turn|24
|
|t:|1776072052
|move|p2a: Corviknight|Brave Bird|p1a: gargar binks
|-damage|p1a: gargar binks|76/100
|-damage|p2a: Corviknight|80/100|[from] Recoil
|move|p1a: gargar binks|Salt Cure|p2a: Corviknight
|-damage|p2a: Corviknight|71/100
|-start|p2a: Corviknight|Salt Cure
|
|-heal|p1a: gargar binks|82/100|[from] item: Leftovers
|-damage|p2a: Corviknight|46/100|[from] Salt Cure
|upkeep
|turn|25
|
|t:|1776072063
|move|p2a: Corviknight|U-turn|p1a: gargar binks
|-damage|p1a: gargar binks|72/100
|
|t:|1776072068
|switch|p2a: Dragapult|Dragapult, M|46/100|[from] U-turn
|-damage|p2a: Dragapult|34/100|[from] Stealth Rock
|move|p1a: gargar binks|Curse|p1a: gargar binks
|-unboost|p1a: gargar binks|spe|1
|-boost|p1a: gargar binks|atk|1
|-boost|p1a: gargar binks|def|1
|
|-heal|p1a: gargar binks|78/100|[from] item: Leftovers
|upkeep
|turn|26
|
|t:|1776072079
|switch|p1a: watch out for snow|Ninetales-Alola, F|94/100
|-damage|p1a: watch out for snow|70/100|[from] Stealth Rock
|-weather|Snowscape|[from] ability: Snow Warning|[of] p1a: watch out for snow
|move|p2a: Dragapult|Draco Meteor|p1a: watch out for snow
|-immune|p1a: watch out for snow
|
|-weather|Snowscape|[upkeep]
|upkeep
|turn|27
|
|t:|1776072083
|switch|p2a: Corviknight|Corviknight, M|46/100
|-damage|p2a: Corviknight|33/100|[from] Stealth Rock
|-ability|p2a: Corviknight|Pressure
|move|p1a: watch out for snow|Aurora Veil|p1a: watch out for snow
|-sidestart|p1: oognibeht|move: Aurora Veil
|
|-weather|Snowscape|[upkeep]
|upkeep
|turn|28
|
|t:|1776072104
|switch|p1a: gargar binks|Garganacl, F, tera:Water|78/100
|-damage|p1a: gargar binks|65/100|[from] Stealth Rock
|move|p2a: Corviknight|Defog|p1a: gargar binks
|-unboost|p1a: gargar binks|evasion|1
|-sideend|p1: oognibeht|move: Aurora Veil
|-sideend|p1: oognibeht|Stealth Rock|[from] move: Defog|[of] p2a: Corviknight
|-sideend|p2: redsnow0|Stealth Rock|[from] move: Defog|[of] p2a: Corviknight
|
|-weather|Snowscape|[upkeep]
|-heal|p1a: gargar binks|72/100|[from] item: Leftovers
|upkeep
|turn|29
|
|t:|1776072112
|move|p2a: Corviknight|Roost|p2a: Corviknight
|-heal|p2a: Corviknight|83/100
|-singleturn|p2a: Corviknight|move: Roost
|move|p1a: gargar binks|Salt Cure|p2a: Corviknight
|-resisted|p2a: Corviknight
|-damage|p2a: Corviknight|79/100
|-start|p2a: Corviknight|Salt Cure
|
|-weather|Snowscape|[upkeep]
|-heal|p1a: gargar binks|78/100|[from] item: Leftovers
|-damage|p2a: Corviknight|54/100|[from] Salt Cure
|upkeep
|turn|30
|
|t:|1776072129
|move|p2a: Corviknight|U-turn|p1a: gargar binks
|-damage|p1a: gargar binks|68/100
|
|t:|1776072133
|switch|p2a: Iron Valiant|Iron Valiant|100/100|[from] U-turn
|-enditem|p2a: Iron Valiant|Booster Energy
|-activate|p2a: Iron Valiant|ability: Quark Drive|[fromitem]
|-start|p2a: Iron Valiant|quarkdrivespe
|move|p1a: gargar binks|Recover|p1a: gargar binks
|-heal|p1a: gargar binks|100/100
|
|-weather|none
|upkeep
|turn|31
|
|t:|1776072140
|move|p2a: Iron Valiant|Swords Dance|p2a: Iron Valiant
|-boost|p2a: Iron Valiant|atk|2
|move|p1a: gargar binks|Salt Cure|p2a: Iron Valiant
|-resisted|p2a: Iron Valiant
|-damage|p2a: Iron Valiant|91/100
|-start|p2a: Iron Valiant|Salt Cure
|
|-damage|p2a: Iron Valiant|79/100|[from] Salt Cure
|upkeep
|turn|32
|
|t:|1776072148
|move|p2a: Iron Valiant|Spirit Break|p1a: gargar binks
|-damage|p1a: gargar binks|51/100
|-unboost|p1a: gargar binks|spa|1
|move|p1a: gargar binks|Curse|p1a: gargar binks
|-unboost|p1a: gargar binks|spe|1
|-boost|p1a: gargar binks|atk|1
|-boost|p1a: gargar binks|def|1
|
|-heal|p1a: gargar binks|58/100|[from] item: Leftovers
|-damage|p2a: Iron Valiant|66/100|[from] Salt Cure
|upkeep
|turn|33
|
|t:|1776072155
|move|p2a: Iron Valiant|Close Combat|p1a: gargar binks
|-damage|p1a: gargar binks|0 fnt
|-unboost|p2a: Iron Valiant|def|1
|-unboost|p2a: Iron Valiant|spd|1
|faint|p1a: gargar binks
|
|-damage|p2a: Iron Valiant|54/100|[from] Salt Cure
|upkeep
|
|t:|1776072164
|switch|p1a: watch out for snow|Ninetales-Alola, F|70/100
|-weather|Snowscape|[from] ability: Snow Warning|[of] p1a: watch out for snow
|turn|34
|
|t:|1776072170
|move|p2a: Iron Valiant|Close Combat|p1a: watch out for snow
|-damage|p1a: watch out for snow|0 fnt
|-unboost|p2a: Iron Valiant|def|1
|-unboost|p2a: Iron Valiant|spd|1
|faint|p1a: watch out for snow
|
|-weather|Snowscape|[upkeep]
|-damage|p2a: Iron Valiant|41/100|[from] Salt Cure
|upkeep
|
|t:|1776072194
|switch|p1a: kid named snow...|Kyurem|100/100
|-ability|p1a: kid named snow...|Pressure
|turn|35
|
|t:|1776072199
|move|p2a: Iron Valiant|Close Combat|p1a: kid named snow...
|-supereffective|p1a: kid named snow...
|-damage|p1a: kid named snow...|0 fnt
|-unboost|p2a: Iron Valiant|def|1
|-unboost|p2a: Iron Valiant|spd|1
|faint|p1a: kid named snow...
|
|-weather|Snowscape|[upkeep]
|-damage|p2a: Iron Valiant|29/100|[from] Salt Cure
|upkeep
|
|t:|1776072202
|switch|p1a: Great Tusk|Great Tusk|71/100
|turn|36
|
|t:|1776072206
|move|p2a: Iron Valiant|Spirit Break|p1a: Great Tusk
|-supereffective|p1a: Great Tusk
|-damage|p1a: Great Tusk|0 fnt
|faint|p1a: Great Tusk
|-end|p1a: Great Tusk|Protosynthesis|[silent]
|
|win|redsnow0
|raw|oognibeht's rating: 1354 &rarr; <strong>1336</strong><br />(-18 for losing)
|raw|redsnow0's rating: 1394 &rarr; <strong>1412</strong><br />(+18 for winning)
|c|☆oognibeht|gg
|c|☆redsnow0|ggwp
|c|☆oognibeht|u2
|l|☆redsnow0
|player|p2|
|l|☆oognibeht
|player|p1|
