|html|<div class="broadcast-blue"><strong>[Gen 9] OU is currently suspecting Tera Blast! For information on how to participate check out the <a href="https://www.smogon.com/tools/suspects/view/200">suspect thread</a>.</strong></div>
|j|☆TheRegisAreCool
|j|☆unknownx20
|t:|1776048298
|gametype|singles
|player|p1|TheRegisAreCool|fisherman-gen4|1175
|player|p2|unknownx20|acetrainersnowf|1220
|gen|9
|tier|[Gen 9] OU
|rated|
|rule|HP Percentage Mod: HP is shown in percentages
|rule|Endless Battle Clause: Forcing endless battles is banned
|rule|Species Clause: Limit one of each Pokémon
|rule|OHKO Clause: OHKO moves are banned
|rule|Evasion Items Clause: Evasion items are banned
|rule|Evasion Moves Clause: Evasion moves are banned
|rule|Evasion Abilities Clause: Evasion abilities are banned
|rule|Sleep Moves Clause: Sleep-inducing moves are banned
|clearpoke
|poke|p1|Iron Moth|
|poke|p1|Donphan, F|
|poke|p1|Ogerpon-Wellspring, F|
|poke|p1|Glimmora, F|
|poke|p1|Dragapult, F|
|poke|p1|Iron Valiant|
|poke|p2|Tyranitar, F|
|poke|p2|Gliscor, M|
|poke|p2|Dragapult, F|
|poke|p2|Excadrill, M|
|poke|p2|Klefki, M|
|poke|p2|Kingambit, M|
|teampreview
|inactive|Battle timer is ON: inactive players will automatically lose when time's up. (requested by unknownx20)
|j| ohko_smeargle
|
|t:|1776048310
|teamsize|p1|6
|teamsize|p2|6
|start
|switch|p1a: Glimmora|Glimmora, F|100/100
|switch|p2a: Tyranitar|Tyranitar, F|100/100
|-weather|Sandstorm|[from] ability: Sand Stream|[of] p2a: Tyranitar
|turn|1
|
|t:|1776048316
|move|p1a: Glimmora|Earth Power|p2a: Tyranitar
|-supereffective|p2a: Tyranitar
|-damage|p2a: Tyranitar|72/100
|move|p2a: Tyranitar|Thunder Wave|p1a: Glimmora
|-status|p1a: Glimmora|par
|
|-weather|Sandstorm|[upkeep]
|upkeep
|turn|2
|
|t:|1776048340
|move|p1a: Glimmora|Earth Power|p2a: Tyranitar
|-supereffective|p2a: Tyranitar
|-damage|p2a: Tyranitar|44/100
|move|p2a: Tyranitar|Stealth Rock|p1a: Glimmora
|-sidestart|p1: TheRegisAreCool|move: Stealth Rock
|
|-weather|Sandstorm|[upkeep]
|upkeep
|turn|3
|
|t:|1776048350
|move|p1a: Glimmora|Mortal Spin|p2a: Tyranitar
|-resisted|p2a: Tyranitar
|-damage|p2a: Tyranitar|42/100
|-status|p2a: Tyranitar|psn
|-sideend|p1: TheRegisAreCool|Stealth Rock|[from] move: Mortal Spin|[of] p1a: Glimmora
|move|p2a: Tyranitar|Knock Off|p1a: Glimmora
|-damage|p1a: Glimmora|49/100 par
|-activate|p1a: Glimmora|ability: Toxic Debris
|-sidestart|p2: unknownx20|move: Toxic Spikes
|-enditem|p1a: Glimmora|Focus Sash|[from] move: Knock Off|[of] p2a: Tyranitar
|
|-weather|Sandstorm|[upkeep]
|-damage|p2a: Tyranitar|29/100 psn|[from] psn
|upkeep
|turn|4
|
|t:|1776048363
|move|p1a: Glimmora|Earth Power|p2a: Tyranitar
|-supereffective|p2a: Tyranitar
|-damage|p2a: Tyranitar|4/100 psn
|move|p2a: Tyranitar|Stealth Rock|p1a: Glimmora
|-sidestart|p1: TheRegisAreCool|move: Stealth Rock
|
|-weather|Sandstorm|[upkeep]
|-damage|p2a: Tyranitar|0 fnt|[from] psn
|faint|p2a: Tyranitar
|upkeep
|
|t:|1776048370
|switch|p2a: Excadrill|Excadrill, M|100/100
|-item|p2a: Excadrill|Air Balloon
|turn|5
|
|t:|1776048379
|-terastallize|p2a: Excadrill|Ground
|move|p2a: Excadrill|Swords Dance|p2a: Excadrill
|-boost|p2a: Excadrill|atk|2
|move|p1a: Glimmora|Power Gem|p2a: Excadrill
|-resisted|p2a: Excadrill
|-damage|p2a: Excadrill|72/100
|-enditem|p2a: Excadrill|Air Balloon
|
|-weather|Sandstorm|[upkeep]
|upkeep
|turn|6
|
|t:|1776048390
|move|p2a: Excadrill|Earthquake|p1a: Glimmora
|-supereffective|p1a: Glimmora
|-damage|p1a: Glimmora|0 fnt
|-activate|p1a: Glimmora|ability: Toxic Debris
|-sidestart|p2: unknownx20|move: Toxic Spikes
|faint|p1a: Glimmora
|
|-weather|Sandstorm|[upkeep]
|upkeep
|
|t:|1776048395
|switch|p1a: Donphan|Donphan, F|100/100
|turn|7
|
|t:|1776048401
|move|p2a: Excadrill|Rapid Spin|p1a: Donphan
|-damage|p1a: Donphan|62/100
|-boost|p2a: Excadrill|spe|1
|-sideend|p2: unknownx20|Toxic Spikes|[from] move: Rapid Spin|[of] p2a: Excadrill
|move|p1a: Donphan|Rapid Spin|p2a: Excadrill
|-damage|p2a: Excadrill|47/100
|-boost|p1a: Donphan|spe|1
|-sideend|p1: TheRegisAreCool|Stealth Rock|[from] move: Rapid Spin|[of] p1a: Donphan
|
|-weather|Sandstorm|[upkeep]
|upkeep
|turn|8
|
|t:|1776048411
|move|p1a: Donphan|Ice Shard|p2a: Excadrill
|-supereffective|p2a: Excadrill
|-damage|p2a: Excadrill|4/100
|move|p2a: Excadrill|Earthquake|p1a: Donphan
|-damage|p1a: Donphan|0 fnt
|faint|p1a: Donphan
|
|-weather|none
|upkeep
|
|t:|1776048423
|switch|p1a: Iron Moth|Iron Moth|100/100
|-enditem|p1a: Iron Moth|Booster Energy
|-activate|p1a: Iron Moth|ability: Quark Drive|[fromitem]
|-start|p1a: Iron Moth|quarkdrivespe
|turn|9
|
|t:|1776048427
|move|p1a: Iron Moth|Fiery Dance|p2a: Excadrill
|-damage|p2a: Excadrill|0 fnt
|faint|p2a: Excadrill
|
|upkeep
|
|t:|1776048437
|switch|p2a: Klefki|Klefki, M|100/100
|turn|10
|
|t:|1776048440
|move|p2a: Klefki|Thunder Wave|p1a: Iron Moth
|-status|p1a: Iron Moth|par
|move|p1a: Iron Moth|Fiery Dance|p2a: Klefki
|-supereffective|p2a: Klefki
|-damage|p2a: Klefki|8/100
|-boost|p1a: Iron Moth|spa|1
|
|upkeep
|turn|11
|
|t:|1776048451
|move|p2a: Klefki|Light Screen|p2a: Klefki
|-sidestart|p2: unknownx20|move: Light Screen
|cant|p1a: Iron Moth|par
|
|upkeep
|turn|12
|
|t:|1776048454
|move|p2a: Klefki|Reflect|p2a: Klefki
|-sidestart|p2: unknownx20|Reflect
|move|p1a: Iron Moth|Fiery Dance|p2a: Klefki
|-supereffective|p2a: Klefki
|-damage|p2a: Klefki|0 fnt
|faint|p2a: Klefki
|
|upkeep
|
|t:|1776048460
|switch|p2a: Gliscor|Gliscor, M|100/100
|turn|13
|
|t:|1776048465
|-terastallize|p1a: Iron Moth|Flying
|move|p2a: Gliscor|Earthquake|p1a: Iron Moth
|-immune|p1a: Iron Moth
|move|p1a: Iron Moth|Whirlwind|p2a: Gliscor
|drag|p2a: Dragapult|Dragapult, F|100/100
|
|upkeep
|turn|14
|
|t:|1776048478
|move|p2a: Dragapult|Shadow Ball|p1a: Iron Moth
|-damage|p1a: Iron Moth|49/100 par
|-unboost|p1a: Iron Moth|spd|1
|cant|p1a: Iron Moth|par
|
|upkeep
|turn|15
|
|t:|1776048484
|move|p2a: Dragapult|Shadow Ball|p1a: Iron Moth
|-damage|p1a: Iron Moth|0 fnt
|faint|p1a: Iron Moth
|-end|p1a: Iron Moth|Quark Drive|[silent]
|
|upkeep
|
|t:|1776048507
|switch|p1a: Ogerpon|Ogerpon-Wellspring, F|100/100
|turn|16
|
|t:|1776048511
|move|p2a: Dragapult|Shadow Ball|p1a: Ogerpon
|-damage|p1a: Ogerpon|41/100
|move|p1a: Ogerpon|Ivy Cudgel|p2a: Dragapult|[anim] Ivy Cudgel Water
|-resisted|p2a: Dragapult
|-damage|p2a: Dragapult|80/100
|
|upkeep
|turn|17
|
|t:|1776048518
|move|p2a: Dragapult|Shadow Ball|p1a: Ogerpon
|-damage|p1a: Ogerpon|0 fnt
|faint|p1a: Ogerpon
|
|upkeep
|
|t:|1776048527
|switch|p1a: Iron Valiant|Iron Valiant|100/100
|-enditem|p1a: Iron Valiant|Booster Energy
|-activate|p1a: Iron Valiant|ability: Quark Drive|[fromitem]
|-start|p1a: Iron Valiant|quarkdrivespe
|turn|18
|
|t:|1776048531
|move|p1a: Iron Valiant|Knock Off|p2a: Dragapult
|-supereffective|p2a: Dragapult
|-damage|p2a: Dragapult|43/100
|-enditem|p2a: Dragapult|Choice Specs|[from] move: Knock Off|[of] p1a: Iron Valiant
|move|p2a: Dragapult|Shadow Ball|p1a: Iron Valiant
|-damage|p1a: Iron Valiant|37/100
|
|-sideend|p2: unknownx20|move: Light Screen
|upkeep
|turn|19
|
|t:|1776048548
|move|p1a: Iron Valiant|Moonblast|p2a: Dragapult
|-supereffective|p2a: Dragapult
|-damage|p2a: Dragapult|0 fnt
|faint|p2a: Dragapult
|
|-sideend|p2: unknownx20|Reflect
|upkeep
|
|t:|1776048555
|switch|p2a: Gliscor|Gliscor, M|100/100
|turn|20
|inactive|TheRegisAreCool has 120 seconds left.
|
|t:|1776048588
|move|p1a: Iron Valiant|Knock Off|p2a: Gliscor
|-damage|p2a: Gliscor|83/100
|-enditem|p2a: Gliscor|Toxic Orb|[from] move: Knock Off|[of] p1a: Iron Valiant
|move|p2a: Gliscor|Earthquake|p1a: Iron Valiant
|-damage|p1a: Iron Valiant|0 fnt
|faint|p1a: Iron Valiant
|-end|p1a: Iron Valiant|Quark Drive|[silent]
|
|upkeep
|inactive|TheRegisAreCool has 120 seconds left.
|
|t:|1776048594
|switch|p1a: Dragapult|Dragapult, F, shiny|100/100
|turn|21
|
|t:|1776048605
|move|p1a: Dragapult|Dragon Darts|p2a: Gliscor
|-damage|p2a: Gliscor|66/100
|-anim|p1a: Dragapult|Dragon Darts|p2a: Gliscor
|-damage|p2a: Gliscor|49/100
|move|p2a: Gliscor|Toxic|p1a: Dragapult
|-status|p1a: Dragapult|tox
|
|-damage|p1a: Dragapult|95/100 tox|[from] psn
|upkeep
|turn|22
|
|t:|1776048615
|move|p1a: Dragapult|Dragon Darts|p2a: Gliscor
|-damage|p2a: Gliscor|34/100
|-anim|p1a: Dragapult|Dragon Darts|p2a: Gliscor
|-damage|p2a: Gliscor|16/100
|move|p2a: Gliscor|Earthquake|p1a: Dragapult
|-damage|p1a: Dragapult|45/100 tox
|
|-damage|p1a: Dragapult|34/100 tox|[from] psn
|upkeep
|turn|23
|
|t:|1776048623
|move|p1a: Dragapult|Phantom Force||[still]
|-prepare|p1a: Dragapult|Phantom Force
|move|p2a: Gliscor|Earthquake|p1a: Dragapult|[miss]
|-miss|p2a: Gliscor|p1a: Dragapult
|
|-damage|p1a: Dragapult|16/100 tox|[from] psn
|upkeep
|turn|24
|
|t:|1776048632
|move|p2a: Gliscor|Protect|p2a: Gliscor
|-singleturn|p2a: Gliscor|Protect
|move|p1a: Dragapult|Phantom Force|p2a: Gliscor|[from] lockedmove
|-activate|p2a: Gliscor|move: Phantom Force|[broken]
|-damage|p2a: Gliscor|0 fnt
|faint|p2a: Gliscor
|
|-damage|p1a: Dragapult|0 fnt|[from] psn
|faint|p1a: Dragapult
|
|win|unknownx20
|raw|TheRegisAreCool's rating: 1175 &rarr; <strong>1153</strong><br />(-22 for losing)
|raw|unknownx20's rating: 1220 &rarr; <strong>1242</strong><br />(+22 for winning)
