|html|<div class="broadcast-blue"><strong>[Gen 9] OU is currently suspecting Volcarona! For information on how to participate check out the <a href="https://www.smogon.com/tools/suspects/view/208">suspect thread</a>.</strong></div>
|j|☆baakrisht
|j|‽vanllesco
|t:|1778503497
|gametype|singles
|player|p1|baakrisht|169|1235
|player|p2|vanllesco|hilbert|1227
|gen|9
|tier|[Gen 9] OU
|rated|
|rule|HP Percentage Mod: HP is shown in percentages
|rule|Endless Battle Clause: Forcing endless battles is banned
|rule|Species Clause: Limit one of each Pokémon
|rule|OHKO Clause: OHKO moves are banned
|rule|Evasion Items Clause: Evasion items are banned
|rule|Evasion Moves Clause: Evasion moves are banned
|rule|Evasion Abilities Clause: Evasion abilities are banned
|rule|Sleep Moves Clause: Sleep-inducing moves are banned
|clearpoke
|poke|p1|Espeon, F|
|poke|p1|Goodra, F|
|poke|p1|Weezing-Galar, F|
|poke|p1|Orthworm, F|
|poke|p1|Suicune|
|poke|p1|Munkidori, M|
|poke|p2|Samurott-Hisui, M|
|poke|p2|Corviknight, M|
|poke|p2|Hatterene, F|
|poke|p2|Umbreon, F|
|poke|p2|Toxtricity-Low-Key, M|
|poke|p2|Garchomp, M|
|teampreview
|inactive|Battle timer is ON: inactive players will automatically lose when time's up. (requested by baakrisht)
|inactive|vanllesco has 120 seconds left.
|
|t:|1778503569
|teamsize|p1|6
|teamsize|p2|6
|start
|switch|p1a: दील दो 💖|Orthworm, F|100/100
|switch|p2a: Corviknight|Corviknight, M|100/100
|turn|1
|
|t:|1778503590
|move|p1a: दील दो 💖|Iron Defense|p1a: दील दो 💖
|-boost|p1a: दील दो 💖|def|2
|move|p2a: Corviknight|U-turn|p1a: दील दो 💖
|-resisted|p1a: दील दो 💖
|-damage|p1a: दील दो 💖|99/100
|
|t:|1778503605
|switch|p2a: Hatterene|Hatterene, F|100/100|[from] U-turn
|
|-heal|p1a: दील दो 💖|100/100|[from] item: Leftovers
|upkeep
|turn|2
|
|t:|1778503609
|switch|p1a: बिलाई मौसी|Espeon, F|100/100
|move|p2a: Hatterene|Mystical Fire|p1a: बिलाई मौसी
|-damage|p1a: बिलाई मौसी|84/100
|-unboost|p1a: बिलाई मौसी|spa|1
|
|upkeep
|turn|3
|
|t:|1778503614
|switch|p2a: Umbreon|Umbreon, F, shiny|100/100
|move|p1a: बिलाई मौसी|Trick|p2a: Umbreon
|-activate|p1a: बिलाई मौसी|move: Trick|[of] p2a: Umbreon
|-item|p2a: Umbreon|Choice Scarf|[from] move: Trick
|-item|p1a: बिलाई मौसी|Leftovers|[from] move: Trick
|
|-heal|p1a: बिलाई मौसी|90/100|[from] item: Leftovers
|upkeep
|turn|4
|
|t:|1778503623
|move|p1a: बिलाई मौसी|Light Screen|p1a: बिलाई मौसी
|-sidestart|p1: baakrisht|move: Light Screen
|move|p2a: Umbreon|Thunder Wave|p1a: बिलाई मौसी
|move|p1a: बिलाई मौसी|Thunder Wave|p2a: Umbreon|[from] ability: Magic Bounce
|-status|p2a: Umbreon|par
|
|-heal|p1a: बिलाई मौसी|96/100|[from] item: Leftovers
|upkeep
|turn|5
|
|t:|1778503634
|switch|p1a: Munkidori|Munkidori, M|100/100
|switch|p2a: Corviknight|Corviknight, M|100/100
|
|upkeep
|turn|6
|
|t:|1778503639
|move|p1a: Munkidori|Trick|p2a: Corviknight
|-activate|p1a: Munkidori|move: Trick|[of] p2a: Corviknight
|-item|p2a: Corviknight|Black Sludge|[from] move: Trick
|-item|p1a: Munkidori|Rocky Helmet|[from] move: Trick
|move|p2a: Corviknight|Defog|p1a: Munkidori
|-unboost|p1a: Munkidori|evasion|1
|-sideend|p1: baakrisht|move: Light Screen
|
|-damage|p2a: Corviknight|88/100|[from] item: Black Sludge
|upkeep
|turn|7
|
|t:|1778503650
|switch|p1a: दील दो 💖|Orthworm, F|100/100
|move|p2a: Corviknight|U-turn|p1a: दील दो 💖
|-resisted|p1a: दील दो 💖
|-damage|p1a: दील दो 💖|96/100
|
|t:|1778503658
|switch|p2a: Hatterene|Hatterene, F|100/100|[from] U-turn
|
|-heal|p1a: दील दो 💖|100/100|[from] item: Leftovers
|upkeep
|turn|8
|
|t:|1778503665
|switch|p1a: बिलाई मौसी|Espeon, F|96/100
|move|p2a: Hatterene|Mystical Fire|p1a: बिलाई मौसी
|-damage|p1a: बिलाई मौसी|79/100
|-unboost|p1a: बिलाई मौसी|spa|1
|
|-heal|p1a: बिलाई मौसी|85/100|[from] item: Leftovers
|upkeep
|turn|9
|
|t:|1778503673
|move|p1a: बिलाई मौसी|Shadow Ball|p2a: Hatterene
|-supereffective|p2a: Hatterene
|-damage|p2a: Hatterene|70/100
|move|p2a: Hatterene|Calm Mind|p2a: Hatterene
|-boost|p2a: Hatterene|spa|1
|-boost|p2a: Hatterene|spd|1
|
|-heal|p1a: बिलाई मौसी|91/100|[from] item: Leftovers
|upkeep
|turn|10
|
|t:|1778503679
|switch|p1a: Suicune|Suicune|100/100
|-ability|p1a: Suicune|Pressure
|move|p2a: Hatterene|Draining Kiss|p1a: Suicune
|-damage|p1a: Suicune|75/100
|-heal|p2a: Hatterene|95/100|[from] drain|[of] p1a: Suicune
|
|-heal|p1a: Suicune|81/100|[from] item: Leftovers
|upkeep
|turn|11
|
|t:|1778503688
|move|p2a: Hatterene|Giga Drain|p1a: Suicune
|-supereffective|p1a: Suicune
|-damage|p1a: Suicune|28/100
|-heal|p2a: Hatterene|100/100|[from] drain|[of] p1a: Suicune
|move|p1a: Suicune|Roar|p2a: Hatterene
|move|p2a: Hatterene|Roar|p1a: Suicune|[from] ability: Magic Bounce
|drag|p1a: बिलाई मौसी|Espeon, F|91/100
|
|-heal|p1a: बिलाई मौसी|97/100|[from] item: Leftovers
|upkeep
|turn|12
|
|t:|1778503701
|move|p1a: बिलाई मौसी|Shadow Ball|p2a: Hatterene
|-supereffective|p2a: Hatterene
|-damage|p2a: Hatterene|73/100
|move|p2a: Hatterene|Mystical Fire|p1a: बिलाई मौसी
|-damage|p1a: बिलाई मौसी|74/100
|-unboost|p1a: बिलाई मौसी|spa|1
|
|-heal|p1a: बिलाई मौसी|80/100|[from] item: Leftovers
|upkeep
|turn|13
|
|t:|1778503708
|move|p1a: बिलाई मौसी|Shadow Ball|p2a: Hatterene
|-supereffective|p2a: Hatterene
|-damage|p2a: Hatterene|54/100
|move|p2a: Hatterene|Draining Kiss|p1a: बिलाई मौसी
|-damage|p1a: बिलाई मौसी|53/100
|-heal|p2a: Hatterene|75/100|[from] drain|[of] p1a: बिलाई मौसी
|
|-heal|p1a: बिलाई मौसी|59/100|[from] item: Leftovers
|upkeep
|turn|14
|
|t:|1778503719
|switch|p1a: Munkidori|Munkidori, M|100/100
|move|p2a: Hatterene|Draining Kiss|p1a: Munkidori
|-resisted|p1a: Munkidori
|-damage|p1a: Munkidori|89/100
|-heal|p2a: Hatterene|85/100|[from] drain|[of] p1a: Munkidori
|-damage|p2a: Hatterene|68/100|[from] item: Rocky Helmet|[of] p1a: Munkidori
|
|upkeep
|turn|15
|
|t:|1778503726
|switch|p2a: Corviknight|Corviknight, M|88/100
|move|p1a: Munkidori|Future Sight|p2a: Corviknight
|-start|p1a: Munkidori|move: Future Sight
|
|-damage|p2a: Corviknight|76/100|[from] item: Black Sludge
|upkeep
|turn|16
|
|t:|1778503739
|move|p1a: Munkidori|Trick|p2a: Corviknight
|-activate|p1a: Munkidori|move: Trick|[of] p2a: Corviknight
|-item|p2a: Corviknight|Rocky Helmet|[from] move: Trick
|-item|p1a: Munkidori|Black Sludge|[from] move: Trick
|move|p2a: Corviknight|Brave Bird|p1a: Munkidori
|-damage|p1a: Munkidori|39/100
|-damage|p2a: Corviknight|59/100|[from] Recoil
|
|-heal|p1a: Munkidori|45/100|[from] item: Black Sludge
|upkeep
|turn|17
|
|t:|1778503753
|switch|p1a: लसलस|Goodra, F|100/100
|move|p2a: Corviknight|U-turn|p1a: लसलस
|-damage|p1a: लसलस|84/100
|
|t:|1778503759
|switch|p2a: Umbreon|Umbreon, F, shiny|100/100 par|[from] U-turn
|
|-end|p2a: Umbreon|move: Future Sight
|-immune|p2a: Umbreon
|upkeep
|turn|18
|
|t:|1778503761
|move|p1a: लसलस|Rain Dance|p1a: लसलस
|-weather|RainDance
|move|p2a: Umbreon|Thunder Wave|p1a: लसलस
|-status|p1a: लसलस|par
|
|-weather|RainDance|[upkeep]
|-activate|p1a: लसलस|ability: Hydration
|-curestatus|p1a: लसलस|par|[msg]
|upkeep
|turn|19
|
|t:|1778503773
|move|p1a: लसलस|Sludge Bomb|p2a: Umbreon
|-damage|p2a: Umbreon|87/100 par
|cant|p2a: Umbreon|par
|
|-weather|RainDance|[upkeep]
|upkeep
|turn|20
|
|t:|1778503780
|switch|p2a: Garchomp|Garchomp, M|100/100
|move|p1a: लसलस|Thunder|p2a: Garchomp
|-immune|p2a: Garchomp
|
|-weather|RainDance|[upkeep]
|upkeep
|turn|21
|
|t:|1778503786
|switch|p1a: दील दो 💖|Orthworm, F|100/100
|move|p2a: Garchomp|Scale Shot|p1a: दील दो 💖
|-resisted|p1a: दील दो 💖
|-damage|p1a: दील दो 💖|97/100
|-resisted|p1a: दील दो 💖
|-damage|p1a: दील दो 💖|94/100
|-resisted|p1a: दील दो 💖
|-damage|p1a: दील दो 💖|90/100
|-resisted|p1a: दील दो 💖
|-damage|p1a: दील दो 💖|86/100
|-hitcount|p1a: दील दो 💖|4
|-unboost|p2a: Garchomp|def|1
|-boost|p2a: Garchomp|spe|1
|
|-weather|RainDance|[upkeep]
|-heal|p1a: दील दो 💖|92/100|[from] item: Leftovers
|upkeep
|turn|22
|
|t:|1778503798
|switch|p2a: Corviknight|Corviknight, M|59/100
|move|p1a: दील दो 💖|Body Press|p2a: Corviknight
|-damage|p2a: Corviknight|36/100
|-damage|p1a: दील दो 💖|76/100|[from] item: Rocky Helmet|[of] p2a: Corviknight
|
|-weather|RainDance|[upkeep]
|-heal|p1a: दील दो 💖|82/100|[from] item: Leftovers
|upkeep
|turn|23
|
|t:|1778503802
|switch|p1a: लसलस|Goodra, F|84/100
|move|p2a: Corviknight|Roost|p2a: Corviknight
|-heal|p2a: Corviknight|86/100
|-singleturn|p2a: Corviknight|move: Roost
|
|-weather|RainDance|[upkeep]
|upkeep
|turn|24
|
|t:|1778503811
|switch|p2a: Garchomp|Garchomp, M|100/100
|move|p1a: लसलस|Thunder|p2a: Garchomp
|-immune|p2a: Garchomp
|
|-weather|RainDance|[upkeep]
|upkeep
|turn|25
|
|t:|1778503821
|switch|p1a: दील दो 💖|Orthworm, F|82/100
|move|p2a: Garchomp|Swords Dance|p2a: Garchomp
|-boost|p2a: Garchomp|atk|2
|
|-weather|none
|-heal|p1a: दील दो 💖|88/100|[from] item: Leftovers
|upkeep
|turn|26
|
|t:|1778503828
|move|p2a: Garchomp|Iron Head|p1a: दील दो 💖
|-resisted|p1a: दील दो 💖
|-damage|p1a: दील दो 💖|73/100
|move|p1a: दील दो 💖|Iron Defense|p1a: दील दो 💖
|-boost|p1a: दील दो 💖|def|2
|
|-heal|p1a: दील दो 💖|80/100|[from] item: Leftovers
|upkeep
|turn|27
|
|t:|1778503837
|switch|p2a: Hatterene|Hatterene, F|68/100
|move|p1a: दील दो 💖|Iron Defense|p1a: दील दो 💖
|-boost|p1a: दील दो 💖|def|2
|
|-heal|p1a: दील दो 💖|86/100|[from] item: Leftovers
|upkeep
|turn|28
|
|t:|1778503844
|switch|p1a: लसलस|Goodra, F|84/100
|move|p2a: Hatterene|Mystical Fire|p1a: लसलस
|-resisted|p1a: लसलस
|-damage|p1a: लसलस|77/100
|-unboost|p1a: लसलस|spa|1
|
|upkeep
|turn|29
|
|t:|1778503851
|-terastallize|p1a: लसलस|Poison
|move|p1a: लसलस|Sludge Bomb|p2a: Hatterene
|-supereffective|p2a: Hatterene
|-damage|p2a: Hatterene|23/100
|move|p2a: Hatterene|Draining Kiss|p1a: लसलस
|-resisted|p1a: लसलस
|-damage|p1a: लसलस|71/100
|-heal|p2a: Hatterene|29/100|[from] drain|[of] p1a: लसलस
|
|upkeep
|turn|30
|
|t:|1778503857
|switch|p2a: Corviknight|Corviknight, M|86/100
|move|p1a: लसलस|Sludge Bomb|p2a: Corviknight
|-immune|p2a: Corviknight
|
|upkeep
|turn|31
|
|t:|1778503866
|move|p1a: लसलस|Rain Dance|p1a: लसलस
|-weather|RainDance
|move|p2a: Corviknight|U-turn|p1a: लसलस
|-resisted|p1a: लसलस
|-damage|p1a: लसलस|62/100
|
|t:|1778503868
|switch|p2a: Toxtricity|Toxtricity-Low-Key, M|100/100|[from] U-turn
|
|-weather|RainDance|[upkeep]
|upkeep
|turn|32
|
|t:|1778503873
|switch|p1a: दील दो 💖|Orthworm, F|86/100
|move|p2a: Toxtricity|Psychic Noise|p1a: दील दो 💖
|-resisted|p1a: दील दो 💖
|-crit|p1a: दील दो 💖
|-damage|p1a: दील दो 💖|44/100
|-start|p1a: दील दो 💖|move: Heal Block
|
|-weather|RainDance|[upkeep]
|upkeep
|turn|33
|
|t:|1778503881
|switch|p2a: Samurott|Samurott-Hisui, M|100/100
|switch|p1a: बिलाई मौसी|Espeon, F|59/100
|
|-weather|RainDance|[upkeep]
|-heal|p1a: बिलाई मौसी|65/100|[from] item: Leftovers
|upkeep
|turn|34
|
|t:|1778503893
|move|p2a: Samurott|Ceaseless Edge|p1a: बिलाई मौसी
|-supereffective|p1a: बिलाई मौसी
|-damage|p1a: बिलाई मौसी|0 fnt
|-sidestart|p1: baakrisht|Spikes
|faint|p1a: बिलाई मौसी
|
|-weather|RainDance|[upkeep]
|upkeep
|-message|baakrisht forfeited.
|
|win|vanllesco
|raw|baakrisht's rating: 1235 &rarr; <strong>1209</strong><br />(-26 for losing)
|raw|vanllesco's rating: 1227 &rarr; <strong>1253</strong><br />(+26 for winning)
|l|☆baakrisht
|player|p1|
|l|‽vanllesco
|player|p2|
