|html|<div class="broadcast-blue"><strong>[Gen 9] OU is currently suspecting Tera Blast! For information on how to participate check out the <a href="https://www.smogon.com/tools/suspects/view/200">suspect thread</a>.</strong></div>
|j|☆mitzaa
|j|☆Articunothegoat
|t:|1776032692
|gametype|singles
|player|p1|mitzaa|hilbert-wonderlauncher|1110
|player|p2|Articunothegoat|juggler|1139
|gen|9
|tier|[Gen 9] OU
|rated|
|rule|HP Percentage Mod: HP is shown in percentages
|rule|Endless Battle Clause: Forcing endless battles is banned
|rule|Species Clause: Limit one of each Pokémon
|rule|OHKO Clause: OHKO moves are banned
|rule|Evasion Items Clause: Evasion items are banned
|rule|Evasion Moves Clause: Evasion moves are banned
|rule|Evasion Abilities Clause: Evasion abilities are banned
|rule|Sleep Moves Clause: Sleep-inducing moves are banned
|clearpoke
|poke|p1|Gallade, M|
|poke|p1|Decidueye, M|
|poke|p1|Great Tusk|
|poke|p1|Heatran, F|
|poke|p1|Dragapult, F|
|poke|p1|Iron Valiant|
|poke|p2|Lokix, F|
|poke|p2|Alomomola, F|
|poke|p2|Slowking-Galar, F|
|poke|p2|Tornadus-Therian, M|
|poke|p2|Mienshao, M|
|poke|p2|Iron Treads|
|teampreview
|inactive|Battle timer is ON: inactive players will automatically lose when time's up. (requested by Articunothegoat)
|
|t:|1776032697
|teamsize|p1|6
|teamsize|p2|6
|start
|switch|p1a: Great Tusk|Great Tusk|100/100
|switch|p2a: Mienshao|Mienshao, M|100/100
|turn|1
|
|t:|1776032703
|move|p2a: Mienshao|Close Combat|p1a: Great Tusk
|-damage|p1a: Great Tusk|55/100
|-unboost|p2a: Mienshao|def|1
|-unboost|p2a: Mienshao|spd|1
|move|p1a: Great Tusk|Knock Off|p2a: Mienshao
|-resisted|p2a: Mienshao
|-damage|p2a: Mienshao|58/100
|-enditem|p2a: Mienshao|Choice Band|[from] move: Knock Off|[of] p1a: Great Tusk
|
|-heal|p1a: Great Tusk|61/100|[from] item: Leftovers
|upkeep
|turn|2
|
|t:|1776032714
|move|p2a: Mienshao|U-turn|p1a: Great Tusk
|-resisted|p1a: Great Tusk
|-damage|p1a: Great Tusk|56/100
|
|t:|1776032720
|switch|p2a: Tornadus|Tornadus-Therian, M|100/100|[from] U-turn
|move|p1a: Great Tusk|Earthquake|p2a: Tornadus
|-immune|p2a: Tornadus
|
|-heal|p1a: Great Tusk|62/100|[from] item: Leftovers
|upkeep
|turn|3
|
|t:|1776032729
|move|p2a: Tornadus|Grass Knot|p1a: Great Tusk
|-supereffective|p1a: Great Tusk
|-damage|p1a: Great Tusk|0 fnt
|faint|p1a: Great Tusk
|-end|p1a: Great Tusk|Protosynthesis|[silent]
|
|upkeep
|
|t:|1776032736
|switch|p1a: Decidueye|Decidueye, M, shiny|100/100
|turn|4
|
|t:|1776032748
|move|p2a: Tornadus|U-turn|p1a: Decidueye
|-damage|p1a: Decidueye|79/100
|
|t:|1776032753
|switch|p2a: Lokix|Lokix, F|100/100|[from] U-turn
|move|p1a: Decidueye|Leaf Blade|p2a: Lokix
|-resisted|p2a: Lokix
|-crit|p2a: Lokix
|-damage|p2a: Lokix|51/100
|
|upkeep
|turn|5
|
|t:|1776032762
|move|p1a: Decidueye|Sucker Punch|p2a: Lokix
|-resisted|p2a: Lokix
|-damage|p2a: Lokix|34/100
|move|p2a: Lokix|U-turn|p1a: Decidueye
|-damage|p1a: Decidueye|16/100
|-damage|p2a: Lokix|24/100|[from] item: Life Orb
|
|t:|1776032767
|switch|p2a: Tornadus|Tornadus-Therian, M|100/100|[from] U-turn
|
|upkeep
|turn|6
|
|t:|1776032776
|switch|p1a: Dragapult|Dragapult, F|100/100
|move|p2a: Tornadus|U-turn|p1a: Dragapult
|-resisted|p1a: Dragapult
|-damage|p1a: Dragapult|90/100
|
|t:|1776032779
|switch|p2a: Lokix|Lokix, F|24/100|[from] U-turn
|
|upkeep
|turn|7
|
|t:|1776032787
|move|p2a: Lokix|Sucker Punch|p1a: Dragapult
|-supereffective|p1a: Dragapult
|-damage|p1a: Dragapult|0 fnt
|faint|p1a: Dragapult
|-damage|p2a: Lokix|14/100|[from] item: Life Orb
|
|upkeep
|
|t:|1776032791
|switch|p1a: Heatran|Heatran, F|100/100
|turn|8
|
|t:|1776032799
|switch|p2a: Alomomola|Alomomola, F|100/100
|move|p1a: Heatran|Burning Jealousy|p2a: Alomomola
|-resisted|p2a: Alomomola
|-crit|p2a: Alomomola
|-damage|p2a: Alomomola|77/100
|
|upkeep
|turn|9
|-message|mitzaa forfeited.
|
|win|Articunothegoat
|raw|mitzaa's rating: 1110 &rarr; <strong>1087</strong><br />(-23 for losing)
|raw|Articunothegoat's rating: 1139 &rarr; <strong>1162</strong><br />(+23 for winning)
|l|☆mitzaa
|player|p1|
|l|☆Articunothegoat
|player|p2|
