|html|<div class="broadcast-blue"><strong>[Gen 9] OU is currently suspecting Tera Blast! For information on how to participate check out the <a href="https://www.smogon.com/tools/suspects/view/200">suspect thread</a>.</strong></div>
|j|☆raymesq456
|j|☆lazim23
|t:|1776213731
|gametype|singles
|player|p1|raymesq456|lance|
|player|p2|lazim23|hilbert-wonderlauncher|
|gen|9
|tier|[Gen 9] OU
|rule|HP Percentage Mod: HP is shown in percentages
|rule|Endless Battle Clause: Forcing endless battles is banned
|rule|Species Clause: Limit one of each Pokémon
|rule|OHKO Clause: OHKO moves are banned
|rule|Evasion Items Clause: Evasion items are banned
|rule|Evasion Moves Clause: Evasion moves are banned
|rule|Evasion Abilities Clause: Evasion abilities are banned
|rule|Sleep Moves Clause: Sleep-inducing moves are banned
|clearpoke
|poke|p1|Umbreon, M|
|poke|p1|Deoxys-Speed|
|poke|p1|Blissey, F|
|poke|p1|Samurott-Hisui, F|
|poke|p1|Moltres|
|poke|p1|Hatterene, F|
|poke|p2|Incineroar, M|
|poke|p2|Lucario, F|
|poke|p2|Corviknight, M|
|poke|p2|Ludicolo, F|
|poke|p2|Zapdos|
|poke|p2|Dragonite, M|
|teampreview
|
|t:|1776213743
|teamsize|p1|6
|teamsize|p2|6
|start
|switch|p1a: Umbreon|Umbreon, M|100/100
|switch|p2a: Ludicolo|Ludicolo, F|100/100
|turn|1
|
|t:|1776213753
|move|p2a: Ludicolo|Rain Dance|p2a: Ludicolo
|-weather|RainDance
|move|p1a: Umbreon|Substitute|p1a: Umbreon
|-start|p1a: Umbreon|Substitute
|-damage|p1a: Umbreon|76/100
|
|-weather|RainDance|[upkeep]
|upkeep
|turn|2
|
|t:|1776213762
|move|p2a: Ludicolo|Body Slam|p1a: Umbreon
|-activate|p1a: Umbreon|move: Substitute|[damage]
|move|p1a: Umbreon|Toxic|p2a: Ludicolo
|-status|p2a: Ludicolo|tox
|
|-weather|RainDance|[upkeep]
|-damage|p2a: Ludicolo|94/100 tox|[from] psn
|upkeep
|turn|3
|
|t:|1776213777
|move|p2a: Ludicolo|Body Slam|p1a: Umbreon
|-end|p1a: Umbreon|Substitute
|move|p1a: Umbreon|Wish|p1a: Umbreon
|
|-weather|RainDance|[upkeep]
|-damage|p2a: Ludicolo|82/100 tox|[from] psn
|upkeep
|turn|4
|
|t:|1776213786
|move|p1a: Umbreon|Protect|p1a: Umbreon
|-singleturn|p1a: Umbreon|Protect
|move|p2a: Ludicolo|Hydro Pump|p1a: Umbreon
|-activate|p1a: Umbreon|move: Protect
|
|-weather|RainDance|[upkeep]
|-heal|p1a: Umbreon|100/100|[from] move: Wish|[wisher] Umbreon
|-damage|p2a: Ludicolo|64/100 tox|[from] psn
|upkeep
|turn|5
|
|t:|1776213797
|move|p2a: Ludicolo|Hydro Pump|p1a: Umbreon
|-damage|p1a: Umbreon|56/100
|move|p1a: Umbreon|Substitute|p1a: Umbreon
|-start|p1a: Umbreon|Substitute
|-damage|p1a: Umbreon|31/100
|
|-weather|none
|-damage|p2a: Ludicolo|40/100 tox|[from] psn
|upkeep
|turn|6
|
|t:|1776213818
|move|p2a: Ludicolo|Hydro Pump|p1a: Umbreon
|-end|p1a: Umbreon|Substitute
|move|p1a: Umbreon|Wish|p1a: Umbreon
|
|-damage|p2a: Ludicolo|9/100 tox|[from] psn
|upkeep
|turn|7
|
|t:|1776213830
|move|p1a: Umbreon|Protect|p1a: Umbreon
|-singleturn|p1a: Umbreon|Protect
|move|p2a: Ludicolo|Body Slam|p1a: Umbreon
|-activate|p1a: Umbreon|move: Protect
|
|-heal|p1a: Umbreon|81/100|[from] move: Wish|[wisher] Umbreon
|-damage|p2a: Ludicolo|0 fnt|[from] psn
|faint|p2a: Ludicolo
|upkeep
|
|t:|1776213845
|switch|p2a: Incineroar|Incineroar, M|100/100
|turn|8
|
|t:|1776213854
|move|p2a: Incineroar|Earthquake|p1a: Umbreon
|-damage|p1a: Umbreon|65/100
|move|p1a: Umbreon|Toxic|p2a: Incineroar|[miss]
|-miss|p1a: Umbreon|p2a: Incineroar
|
|upkeep
|turn|9
|
|t:|1776213870
|switch|p1a: Samurott|Samurott-Hisui, F|100/100
|move|p2a: Incineroar|Earthquake|p1a: Samurott
|-damage|p1a: Samurott|79/100
|
|-heal|p1a: Samurott|85/100|[from] item: Leftovers
|upkeep
|turn|10
|
|t:|1776213883
|switch|p2a: Zapdos|Zapdos|100/100
|move|p1a: Samurott|Hydro Pump|p2a: Zapdos
|-damage|p2a: Zapdos|59/100
|
|-heal|p1a: Samurott|91/100|[from] item: Leftovers
|upkeep
|turn|11
|
|t:|1776213900
|switch|p1a: Blissey|Blissey, F|100/100
|move|p2a: Zapdos|Thunder|p1a: Blissey
|-damage|p1a: Blissey|84/100
|
|-heal|p1a: Blissey|90/100|[from] item: Leftovers
|upkeep
|turn|12
|
|t:|1776213915
|-terastallize|p2a: Zapdos|Electric
|move|p2a: Zapdos|Thunder|p1a: Blissey
|-damage|p1a: Blissey|66/100
|move|p1a: Blissey|Blizzard|p2a: Zapdos
|-damage|p2a: Zapdos|35/100
|
|-heal|p1a: Blissey|72/100|[from] item: Leftovers
|upkeep
|turn|13
|
|t:|1776213934
|move|p2a: Zapdos|Thunder|p1a: Blissey
|-damage|p1a: Blissey|51/100
|move|p1a: Blissey|Zen Headbutt|p2a: Zapdos
|-damage|p2a: Zapdos|30/100
|
|-heal|p1a: Blissey|57/100|[from] item: Leftovers
|upkeep
|turn|14
|
|t:|1776213950
|move|p2a: Zapdos|Thunder|p1a: Blissey|[miss]
|-miss|p2a: Zapdos|p1a: Blissey
|move|p1a: Blissey|Blizzard|p2a: Zapdos
|-damage|p2a: Zapdos|6/100
|
|-heal|p1a: Blissey|63/100|[from] item: Leftovers
|upkeep
|turn|15
|
|t:|1776213959
|move|p2a: Zapdos|Thunder|p1a: Blissey
|-damage|p1a: Blissey|41/100
|-status|p1a: Blissey|par
|move|p1a: Blissey|Blizzard|p2a: Zapdos
|-damage|p2a: Zapdos|0 fnt
|faint|p2a: Zapdos
|
|-heal|p1a: Blissey|47/100 par|[from] item: Leftovers
|upkeep
|
|t:|1776213972
|switch|p2a: Lucario|Lucario, F|100/100
|turn|16
|
|t:|1776213997
|-curestatus|p1a: Blissey|par|[from] ability: Natural Cure
|switch|p1a: Moltres|Moltres|100/100
|-ability|p1a: Moltres|Pressure
|-singleturn|p2a: Lucario|move: Focus Punch
|move|p2a: Lucario|Focus Punch|p1a: Moltres
|-resisted|p1a: Moltres
|-damage|p1a: Moltres|72/100
|
|upkeep
|turn|17
|
|t:|1776214037
|switch|p2a: Dragonite|Dragonite, M|100/100
|move|p1a: Moltres|Fire Blast|p2a: Dragonite
|-resisted|p2a: Dragonite
|-damage|p2a: Dragonite|89/100
|
|-heal|p2a: Dragonite|95/100|[from] item: Leftovers
|upkeep
|turn|18
|
|t:|1776214052
|move|p1a: Moltres|Brave Bird|p2a: Dragonite
|-damage|p2a: Dragonite|57/100
|-damage|p1a: Moltres|59/100|[from] Recoil
|move|p2a: Dragonite|Dragon Pulse|p1a: Moltres
|-damage|p1a: Moltres|24/100
|
|-heal|p2a: Dragonite|63/100|[from] item: Leftovers
|upkeep
|turn|19
|
|t:|1776214065
|move|p1a: Moltres|Brave Bird|p2a: Dragonite
|-damage|p2a: Dragonite|21/100
|-damage|p1a: Moltres|10/100|[from] Recoil
|move|p2a: Dragonite|Dragon Pulse|p1a: Moltres
|-damage|p1a: Moltres|0 fnt
|faint|p1a: Moltres
|
|-heal|p2a: Dragonite|27/100|[from] item: Leftovers
|upkeep
|
|t:|1776214078
|switch|p1a: Deoxys|Deoxys-Speed|100/100
|-ability|p1a: Deoxys|Pressure
|turn|20
|
|t:|1776214092
|move|p1a: Deoxys|Extreme Speed|p2a: Dragonite
|-damage|p2a: Dragonite|8/100
|move|p2a: Dragonite|Rest|p2a: Dragonite
|-status|p2a: Dragonite|slp|[from] move: Rest
|-heal|p2a: Dragonite|100/100 slp|[silent]
|
|upkeep
|turn|21
|
|t:|1776214104
|move|p1a: Deoxys|Ice Beam|p2a: Dragonite
|-supereffective|p2a: Dragonite
|-damage|p2a: Dragonite|61/100 slp
|cant|p2a: Dragonite|slp
|
|-heal|p2a: Dragonite|67/100 slp|[from] item: Leftovers
|upkeep
|turn|22
|
|t:|1776214116
|move|p1a: Deoxys|Ice Beam|p2a: Dragonite
|-supereffective|p2a: Dragonite
|-damage|p2a: Dragonite|0 fnt
|faint|p2a: Dragonite
|
|upkeep
|
|t:|1776214126
|switch|p2a: Incineroar|Incineroar, M|100/100
|turn|23
|
|t:|1776214136
|move|p1a: Deoxys|Meteor Beam||[still]
|-prepare|p1a: Deoxys|Meteor Beam
|-boost|p1a: Deoxys|spa|1
|move|p2a: Incineroar|Iron Head|p1a: Deoxys
|-damage|p1a: Deoxys|78/100
|
|upkeep
|turn|24
|
|t:|1776214144
|move|p1a: Deoxys|Meteor Beam|p2a: Incineroar|[from] lockedmove
|-supereffective|p2a: Incineroar
|-damage|p2a: Incineroar|7/100
|move|p2a: Incineroar|Iron Head|p1a: Deoxys
|-damage|p1a: Deoxys|55/100
|
|upkeep
|turn|25
|
|t:|1776214153
|move|p1a: Deoxys|Extreme Speed|p2a: Incineroar
|-damage|p2a: Incineroar|0 fnt
|faint|p2a: Incineroar
|
|upkeep
|
|t:|1776214161
|switch|p2a: Corviknight|Corviknight, M|100/100
|turn|26
|
|t:|1776214169
|move|p1a: Deoxys|Psychic|p2a: Corviknight
|-resisted|p2a: Corviknight
|-damage|p2a: Corviknight|84/100
|move|p2a: Corviknight|U-turn|p1a: Deoxys
|-supereffective|p1a: Deoxys
|-damage|p1a: Deoxys|12/100
|
|t:|1776214177
|switch|p2a: Lucario|Lucario, F|100/100|[from] U-turn
|
|upkeep
|turn|27
|
|t:|1776214186
|move|p1a: Deoxys|Extreme Speed|p2a: Lucario
|-resisted|p2a: Lucario
|-crit|p2a: Lucario
|-damage|p2a: Lucario|82/100
|move|p2a: Lucario|Stone Edge|p1a: Deoxys
|-damage|p1a: Deoxys|0 fnt
|faint|p1a: Deoxys
|
|upkeep
|
|t:|1776214197
|switch|p1a: Hatterene|Hatterene, F|100/100
|turn|28
|
|t:|1776214212
|move|p2a: Lucario|Stone Edge|p1a: Hatterene|[miss]
|-miss|p2a: Lucario|p1a: Hatterene
|move|p1a: Hatterene|Calm Mind|p1a: Hatterene
|-boost|p1a: Hatterene|spa|1
|-boost|p1a: Hatterene|spd|1
|
|upkeep
|turn|29
|
|t:|1776214225
|move|p2a: Lucario|Stone Edge|p1a: Hatterene
|-crit|p1a: Hatterene
|-damage|p1a: Hatterene|54/100
|move|p1a: Hatterene|Calm Mind|p1a: Hatterene
|-boost|p1a: Hatterene|spa|1
|-boost|p1a: Hatterene|spd|1
|
|upkeep
|turn|30
|
|t:|1776214233
|move|p2a: Lucario|Stone Edge|p1a: Hatterene|[miss]
|-miss|p2a: Lucario|p1a: Hatterene
|move|p1a: Hatterene|Calm Mind|p1a: Hatterene
|-boost|p1a: Hatterene|spa|1
|-boost|p1a: Hatterene|spd|1
|
|upkeep
|turn|31
|
|t:|1776214245
|move|p2a: Lucario|Stone Edge|p1a: Hatterene|[miss]
|-miss|p2a: Lucario|p1a: Hatterene
|move|p1a: Hatterene|Draining Kiss|p2a: Lucario
|-damage|p2a: Lucario|0 fnt
|-heal|p1a: Hatterene|100/100|[from] drain|[of] p2a: Lucario
|faint|p2a: Lucario
|
|upkeep
|
|t:|1776214254
|switch|p2a: Corviknight|Corviknight, M|84/100
|turn|32
|
|t:|1776214264
|move|p2a: Corviknight|U-turn|p1a: Hatterene
|-damage|p1a: Hatterene|80/100
|move|p1a: Hatterene|Calm Mind|p1a: Hatterene
|-boost|p1a: Hatterene|spa|1
|-boost|p1a: Hatterene|spd|1
|
|upkeep
|turn|33
|
|t:|1776214282
|-terastallize|p1a: Hatterene|Psychic
|move|p2a: Corviknight|Flash Cannon|p1a: Hatterene
|-damage|p1a: Hatterene|73/100
|move|p1a: Hatterene|Dazzling Gleam|p2a: Corviknight
|-resisted|p2a: Corviknight
|-damage|p2a: Corviknight|49/100
|
|upkeep
|turn|34
|
|t:|1776214298
|move|p2a: Corviknight|Double-Edge|p1a: Hatterene
|-damage|p1a: Hatterene|39/100
|-damage|p2a: Corviknight|41/100|[from] Recoil
|move|p1a: Hatterene|Psychic|p2a: Corviknight
|-resisted|p2a: Corviknight
|-damage|p2a: Corviknight|0 fnt
|faint|p2a: Corviknight
|
|win|raymesq456
