|html|<div class="broadcast-blue"><strong>[Gen 9] OU is currently suspecting Tera Blast! For information on how to participate check out the <a href="https://www.smogon.com/tools/suspects/view/200">suspect thread</a>.</strong></div>
|j|☆bubbline tshirt
|j|☆ViceroyMunchlax
|t:|1776054388
|gametype|singles
|player|p1|bubbline tshirt|backersf|1401
|player|p2|ViceroyMunchlax|brycen|1438
|gen|9
|tier|[Gen 9] OU
|rated|
|rule|HP Percentage Mod: HP is shown in percentages
|rule|Endless Battle Clause: Forcing endless battles is banned
|rule|Species Clause: Limit one of each Pokémon
|rule|OHKO Clause: OHKO moves are banned
|rule|Evasion Items Clause: Evasion items are banned
|rule|Evasion Moves Clause: Evasion moves are banned
|rule|Evasion Abilities Clause: Evasion abilities are banned
|rule|Sleep Moves Clause: Sleep-inducing moves are banned
|clearpoke
|poke|p1|Kyurem|
|poke|p1|Primarina, M|
|poke|p1|Rillaboom, F|
|poke|p1|Gholdengo|
|poke|p1|Slowking-Galar, M|
|poke|p1|Great Tusk|
|poke|p2|Pelipper, F|
|poke|p2|Raging Bolt|
|poke|p2|Overqwil, M|
|poke|p2|Barraskewda, F|
|poke|p2|Iron Treads|
|poke|p2|Kingambit, M|
|teampreview
|inactive|Battle timer is ON: inactive players will automatically lose when time's up. (requested by ViceroyMunchlax)
|
|t:|1776054400
|teamsize|p1|6
|teamsize|p2|6
|start
|switch|p1a: Kyurem|Kyurem|100/100
|switch|p2a: Pelipper|Pelipper, F|100/100
|-ability|p1a: Kyurem|Pressure
|-weather|RainDance|[from] ability: Drizzle|[of] p2a: Pelipper
|turn|1
|
|t:|1776054421
|switch|p2a: Iron Treads|Iron Treads|100/100
|-enditem|p2a: Iron Treads|Booster Energy
|-activate|p2a: Iron Treads|ability: Quark Drive|[fromitem]
|-start|p2a: Iron Treads|quarkdrivespe
|move|p1a: Kyurem|Substitute|p1a: Kyurem
|-start|p1a: Kyurem|Substitute
|-damage|p1a: Kyurem|75/100
|
|-weather|RainDance|[upkeep]
|-heal|p1a: Kyurem|82/100|[from] item: Leftovers
|upkeep
|turn|2
|
|t:|1776054440
|move|p2a: Iron Treads|Earth Power|p1a: Kyurem
|-crit|p1a: Kyurem
|-end|p1a: Kyurem|Substitute
|move|p1a: Kyurem|Earth Power|p2a: Iron Treads
|-supereffective|p2a: Iron Treads
|-damage|p2a: Iron Treads|14/100
|
|-weather|RainDance|[upkeep]
|-heal|p1a: Kyurem|88/100|[from] item: Leftovers
|upkeep
|turn|3
|
|t:|1776054449
|move|p1a: Kyurem|Protect|p1a: Kyurem
|-singleturn|p1a: Kyurem|Protect
|move|p2a: Iron Treads|Steel Beam|p1a: Kyurem
|-activate|p1a: Kyurem|move: Protect
|-damage|p2a: Iron Treads|0 fnt|[from] steelbeam
|faint|p2a: Iron Treads
|-end|p2a: Iron Treads|Quark Drive|[silent]
|
|-weather|RainDance|[upkeep]
|-heal|p1a: Kyurem|94/100|[from] item: Leftovers
|upkeep
|
|t:|1776054456
|switch|p2a: Raging Bolt|Raging Bolt|100/100
|-enditem|p2a: Raging Bolt|Booster Energy
|-activate|p2a: Raging Bolt|ability: Protosynthesis|[fromitem]
|-start|p2a: Raging Bolt|protosynthesisspa
|turn|4
|
|t:|1776054466
|-terastallize|p1a: Kyurem|Ground
|-terastallize|p2a: Raging Bolt|Fairy
|move|p1a: Kyurem|Earth Power|p2a: Raging Bolt
|-damage|p2a: Raging Bolt|58/100
|move|p2a: Raging Bolt|Draco Meteor|p1a: Kyurem
|-damage|p1a: Kyurem|6/100
|-unboost|p2a: Raging Bolt|spa|2
|
|-weather|RainDance|[upkeep]
|-heal|p1a: Kyurem|12/100|[from] item: Leftovers
|upkeep
|turn|5
|
|t:|1776054492
|move|p1a: Kyurem|Protect|p1a: Kyurem
|-singleturn|p1a: Kyurem|Protect
|move|p2a: Raging Bolt|Weather Ball|p1a: Kyurem
|-activate|p1a: Kyurem|move: Protect
|
|-weather|RainDance|[upkeep]
|-heal|p1a: Kyurem|18/100|[from] item: Leftovers
|upkeep
|turn|6
|
|t:|1776054501
|move|p1a: Kyurem|Earth Power|p2a: Raging Bolt
|-crit|p2a: Raging Bolt
|-damage|p2a: Raging Bolt|0 fnt
|faint|p2a: Raging Bolt
|-end|p2a: Raging Bolt|Protosynthesis|[silent]
|
|-weather|RainDance|[upkeep]
|-heal|p1a: Kyurem|24/100|[from] item: Leftovers
|upkeep
|c|☆ViceroyMunchlax|crit
|c|☆ViceroyMunchlax|cus why not
|
|t:|1776054517
|switch|p2a: Barraskewda|Barraskewda, F|100/100
|turn|7
|
|t:|1776054522
|move|p1a: Kyurem|Protect|p1a: Kyurem
|-singleturn|p1a: Kyurem|Protect
|move|p2a: Barraskewda|Flip Turn|p1a: Kyurem
|-activate|p1a: Kyurem|move: Protect
|
|-weather|RainDance|[upkeep]
|-heal|p1a: Kyurem|30/100|[from] item: Leftovers
|upkeep
|turn|8
|
|t:|1776054528
|switch|p1a: Primarina|Primarina, M|100/100
|move|p2a: Barraskewda|Flip Turn|p1a: Primarina
|-resisted|p1a: Primarina
|-damage|p1a: Primarina|53/100
|
|t:|1776054535
|switch|p2a: Overqwil|Overqwil, M|100/100|[from] Flip Turn
|
|-weather|none
|upkeep
|turn|9
|inactive|bubbline tshirt has 120 seconds left.
|
|t:|1776054573
|switch|p1a: Gholdengo|Gholdengo|100/100
|move|p2a: Overqwil|Gunk Shot|p1a: Gholdengo
|-immune|p1a: Gholdengo
|
|upkeep
|turn|10
|inactive|bubbline tshirt has 120 seconds left.
|inactive|ViceroyMunchlax has 120 seconds left.
|inactive|bubbline tshirt has 90 seconds left.
|
|t:|1776054619
|switch|p1a: Great Tusk|Great Tusk|100/100
|move|p2a: Overqwil|Crunch|p1a: Great Tusk
|-resisted|p1a: Great Tusk
|-damage|p1a: Great Tusk|79/100
|-damage|p2a: Overqwil|84/100|[from] item: Rocky Helmet|[of] p1a: Great Tusk
|-damage|p2a: Overqwil|74/100|[from] item: Life Orb
|
|upkeep
|turn|11
|inactive|bubbline tshirt has 90 seconds left.
|
|t:|1776054635
|switch|p2a: Pelipper|Pelipper, F|100/100
|-weather|RainDance|[from] ability: Drizzle|[of] p2a: Pelipper
|move|p1a: Great Tusk|Knock Off|p2a: Pelipper
|-damage|p2a: Pelipper|76/100
|-enditem|p2a: Pelipper|Damp Rock|[from] move: Knock Off|[of] p1a: Great Tusk
|
|-weather|RainDance|[upkeep]
|upkeep
|turn|12
|inactive|ViceroyMunchlax has 120 seconds left.
|
|t:|1776054680
|-end|p1a: Great Tusk|Protosynthesis|[silent]
|switch|p1a: Slowking|Slowking-Galar, M|100/100
|move|p2a: Pelipper|Hurricane|p1a: Slowking
|-damage|p1a: Slowking|78/100
|
|-weather|RainDance|[upkeep]
|upkeep
|turn|13
|inactive|ViceroyMunchlax has 90 seconds left.
|
|t:|1776054698
|move|p2a: Pelipper|U-turn|p1a: Slowking
|-damage|p1a: Slowking|69/100
|inactive|ViceroyMunchlax has 90 seconds left.
|
|t:|1776054703
|switch|p2a: Overqwil|Overqwil, M|74/100|[from] U-turn
|move|p1a: Slowking|Thunder Wave|p2a: Overqwil|[miss]
|-miss|p1a: Slowking|p2a: Overqwil
|
|-weather|RainDance|[upkeep]
|upkeep
|turn|14
|
|t:|1776054723
|move|p2a: Overqwil|Crunch|p1a: Slowking
|-supereffective|p1a: Slowking
|-damage|p1a: Slowking|0 fnt
|faint|p1a: Slowking
|-damage|p2a: Overqwil|64/100|[from] item: Life Orb
|
|-weather|RainDance|[upkeep]
|upkeep
|
|t:|1776054728
|switch|p1a: Great Tusk|Great Tusk|79/100
|turn|15
|
|t:|1776054737
|-end|p1a: Great Tusk|Protosynthesis|[silent]
|switch|p1a: Primarina|Primarina, M|53/100
|move|p2a: Overqwil|Liquidation|p1a: Primarina
|-resisted|p1a: Primarina
|-damage|p1a: Primarina|15/100
|-damage|p2a: Overqwil|55/100|[from] item: Life Orb
|
|-weather|RainDance|[upkeep]
|upkeep
|turn|16
|
|t:|1776054747
|move|p2a: Overqwil|Liquidation|p1a: Primarina
|-resisted|p1a: Primarina
|-damage|p1a: Primarina|0 fnt
|faint|p1a: Primarina
|-damage|p2a: Overqwil|45/100|[from] item: Life Orb
|
|-weather|RainDance|[upkeep]
|upkeep
|
|t:|1776054763
|switch|p1a: Kyurem|Kyurem, tera:Ground|30/100
|-ability|p1a: Kyurem|Pressure
|turn|17
|
|t:|1776054767
|move|p1a: Kyurem|Protect|p1a: Kyurem
|-singleturn|p1a: Kyurem|Protect
|move|p2a: Overqwil|Liquidation|p1a: Kyurem
|-activate|p1a: Kyurem|move: Protect
|
|-weather|RainDance|[upkeep]
|-heal|p1a: Kyurem|37/100|[from] item: Leftovers
|upkeep
|turn|18
|
|t:|1776054771
|move|p1a: Kyurem|Protect|p1a: Kyurem
|-singleturn|p1a: Kyurem|Protect
|move|p2a: Overqwil|Liquidation|p1a: Kyurem
|-activate|p1a: Kyurem|move: Protect
|
|-weather|none
|-heal|p1a: Kyurem|43/100|[from] item: Leftovers
|upkeep
|turn|19
|inactive|bubbline tshirt has 90 seconds left.
|
|t:|1776054785
|move|p1a: Kyurem|Freeze-Dry|p2a: Overqwil
|-damage|p2a: Overqwil|0 fnt
|faint|p2a: Overqwil
|
|-heal|p1a: Kyurem|49/100|[from] item: Leftovers
|upkeep
|
|t:|1776054791
|switch|p2a: Pelipper|Pelipper, F|76/100
|-weather|RainDance|[from] ability: Drizzle|[of] p2a: Pelipper
|turn|20
|
|t:|1776054812
|switch|p2a: Kingambit|Kingambit, M|100/100
|-activate|p2a: Kingambit|ability: Supreme Overlord
|-start|p2a: Kingambit|fallen3|[silent]
|move|p1a: Kyurem|Freeze-Dry|p2a: Kingambit
|-resisted|p2a: Kingambit
|-damage|p2a: Kingambit|83/100
|
|-weather|RainDance|[upkeep]
|-heal|p1a: Kyurem|55/100|[from] item: Leftovers
|-heal|p2a: Kingambit|90/100|[from] item: Leftovers
|upkeep
|turn|21
|inactive|bubbline tshirt has 90 seconds left.
|
|t:|1776054828
|move|p1a: Kyurem|Earth Power|p2a: Kingambit
|-supereffective|p2a: Kingambit
|-damage|p2a: Kingambit|1/100
|move|p2a: Kingambit|Kowtow Cleave|p1a: Kyurem
|-damage|p1a: Kyurem|0 fnt
|faint|p1a: Kyurem
|
|-weather|RainDance|[upkeep]
|-heal|p2a: Kingambit|7/100|[from] item: Leftovers
|upkeep
|inactive|bubbline tshirt has 90 seconds left.
|
|t:|1776054834
|switch|p1a: Rillaboom|Rillaboom, F|100/100
|-fieldstart|move: Grassy Terrain|[from] ability: Grassy Surge|[of] p1a: Rillaboom
|turn|22
|
|t:|1776054843
|move|p1a: Rillaboom|Grassy Glide|p2a: Kingambit
|-resisted|p2a: Kingambit
|-damage|p2a: Kingambit|0 fnt
|faint|p2a: Kingambit
|-end|p2a: Kingambit|fallen3|[silent]
|
|-weather|RainDance|[upkeep]
|upkeep
|
|t:|1776054847
|switch|p2a: Barraskewda|Barraskewda, F|100/100
|turn|23
|
|t:|1776054859
|switch|p1a: Great Tusk|Great Tusk|79/100
|move|p2a: Barraskewda|Flip Turn|p1a: Great Tusk
|-supereffective|p1a: Great Tusk
|-damage|p1a: Great Tusk|0 fnt
|-damage|p2a: Barraskewda|84/100|[from] item: Rocky Helmet|[of] p1a: Great Tusk
|faint|p1a: Great Tusk
|-end|p1a: Great Tusk|Protosynthesis|[silent]
|
|t:|1776054868
|switch|p2a: Pelipper|Pelipper, F|76/100|[from] Flip Turn
|
|-weather|RainDance|[upkeep]
|upkeep
|
|t:|1776054870
|switch|p1a: Gholdengo|Gholdengo|100/100
|turn|24
|
|t:|1776054878
|move|p1a: Gholdengo|Shadow Ball|p2a: Pelipper
|-damage|p2a: Pelipper|13/100
|move|p2a: Pelipper|Roost|p2a: Pelipper
|-heal|p2a: Pelipper|63/100
|-singleturn|p2a: Pelipper|move: Roost
|
|-weather|none
|-heal|p2a: Pelipper|69/100|[from] Grassy Terrain
|upkeep
|turn|25
|
|t:|1776054907
|move|p1a: Gholdengo|Shadow Ball|p2a: Pelipper
|-damage|p2a: Pelipper|9/100
|move|p2a: Pelipper|U-turn|p1a: Gholdengo
|-resisted|p1a: Gholdengo
|-damage|p1a: Gholdengo|98/100
|
|t:|1776054914
|switch|p2a: Barraskewda|Barraskewda, F|84/100|[from] U-turn
|
|-heal|p1a: Gholdengo|100/100|[from] Grassy Terrain
|-heal|p2a: Barraskewda|90/100|[from] Grassy Terrain
|upkeep
|turn|26
|inactive|ViceroyMunchlax has 120 seconds left.
|
|t:|1776054941
|move|p1a: Gholdengo|Shadow Ball|p2a: Barraskewda
|-damage|p2a: Barraskewda|0 fnt
|faint|p2a: Barraskewda
|
|-fieldend|move: Grassy Terrain
|upkeep
|
|t:|1776054946
|switch|p2a: Pelipper|Pelipper, F|9/100
|-weather|RainDance|[from] ability: Drizzle|[of] p2a: Pelipper
|turn|27
|
|t:|1776054950
|move|p1a: Gholdengo|Shadow Ball|p2a: Pelipper
|-damage|p2a: Pelipper|0 fnt
|faint|p2a: Pelipper
|
|win|bubbline tshirt
|raw|bubbline tshirt's rating: 1401 &rarr; <strong>1423</strong><br />(+22 for winning)
|raw|ViceroyMunchlax's rating: 1438 &rarr; <strong>1416</strong><br />(-22 for losing)
|l|☆ViceroyMunchlax
|player|p2|
|l|☆bubbline tshirt
|player|p1|
