|html|<div class="broadcast-blue"><strong>[Gen 9] OU is currently suspecting Tera Blast! For information on how to participate check out the <a href="https://www.smogon.com/tools/suspects/view/200">suspect thread</a>.</strong></div>
|j|☆rashyd
|j|☆AuroraMilk
|t:|1776093682
|gametype|singles
|player|p1|rashyd|volkner|1445
|player|p2|AuroraMilk|bugsy|1507
|gen|9
|tier|[Gen 9] OU
|rated|
|rule|HP Percentage Mod: HP is shown in percentages
|rule|Endless Battle Clause: Forcing endless battles is banned
|rule|Species Clause: Limit one of each Pokémon
|rule|OHKO Clause: OHKO moves are banned
|rule|Evasion Items Clause: Evasion items are banned
|rule|Evasion Moves Clause: Evasion moves are banned
|rule|Evasion Abilities Clause: Evasion abilities are banned
|rule|Sleep Moves Clause: Sleep-inducing moves are banned
|clearpoke
|poke|p1|Tyranitar, M|
|poke|p1|Hippowdon, F|
|poke|p1|Corviknight, M|
|poke|p1|Gastrodon, F|
|poke|p1|Sandy Shocks|
|poke|p1|Excadrill, F|
|poke|p2|Tyranitar, M|
|poke|p2|Enamorus, F|
|poke|p2|Cinderace, M|
|poke|p2|Gholdengo|
|poke|p2|Toxapex, M|
|poke|p2|Great Tusk|
|teampreview
|inactive|Battle timer is ON: inactive players will automatically lose when time's up. (requested by AuroraMilk)
|
|t:|1776093699
|teamsize|p1|6
|teamsize|p2|6
|start
|switch|p1a: Hippowdon|Hippowdon, F|100/100
|switch|p2a: Cinderace|Cinderace, M|100/100
|-weather|Sandstorm|[from] ability: Sand Stream|[of] p1a: Hippowdon
|turn|1
|
|t:|1776093706
|move|p2a: Cinderace|U-turn|p1a: Hippowdon
|-start|p2a: Cinderace|typechange|Bug|[from] ability: Libero
|-damage|p1a: Hippowdon|85/100
|
|t:|1776093710
|switch|p2a: Enamorus|Enamorus, F|100/100|[from] U-turn
|move|p1a: Hippowdon|Earthquake|p2a: Enamorus
|-immune|p2a: Enamorus
|
|-weather|Sandstorm|[upkeep]
|-damage|p2a: Enamorus|94/100|[from] Sandstorm
|upkeep
|turn|2
|
|t:|1776093720
|move|p2a: Enamorus|Moonblast|p1a: Hippowdon
|-damage|p1a: Hippowdon|6/100
|move|p1a: Hippowdon|Ice Fang|p2a: Enamorus|[miss]
|-miss|p1a: Hippowdon|p2a: Enamorus
|
|-weather|Sandstorm|[upkeep]
|-damage|p2a: Enamorus|88/100|[from] Sandstorm
|upkeep
|turn|3
|
|t:|1776093733
|switch|p1a: Gastrodon|Gastrodon, F|100/100
|move|p2a: Enamorus|Moonblast|p1a: Gastrodon
|-damage|p1a: Gastrodon|54/100
|-unboost|p1a: Gastrodon|spa|1
|
|-weather|Sandstorm|[upkeep]
|-damage|p2a: Enamorus|82/100|[from] Sandstorm
|-heal|p1a: Gastrodon|60/100|[from] item: Leftovers
|upkeep
|turn|4
|
|t:|1776093749
|-terastallize|p2a: Enamorus|Fairy
|move|p2a: Enamorus|Moonblast|p1a: Gastrodon
|-damage|p1a: Gastrodon|0 fnt
|faint|p1a: Gastrodon
|
|-weather|Sandstorm|[upkeep]
|-damage|p2a: Enamorus|76/100|[from] Sandstorm
|upkeep
|
|t:|1776093759
|switch|p1a: Excadrill|Excadrill, F|100/100
|turn|5
|
|t:|1776093763
|switch|p2a: Great Tusk|Great Tusk|100/100
|move|p1a: Excadrill|Iron Head|p2a: Great Tusk
|-damage|p2a: Great Tusk|66/100
|-damage|p1a: Excadrill|84/100|[from] item: Rocky Helmet|[of] p2a: Great Tusk
|
|-weather|Sandstorm|[upkeep]
|upkeep
|turn|6
|
|t:|1776093774
|switch|p1a: Corviknight|Corviknight, M|100/100
|move|p2a: Great Tusk|Headlong Rush|p1a: Corviknight
|-immune|p1a: Corviknight
|
|-weather|Sandstorm|[upkeep]
|upkeep
|turn|7
|
|t:|1776093789
|-end|p2a: Great Tusk|Protosynthesis|[silent]
|switch|p2a: Cinderace|Cinderace, M|100/100
|move|p1a: Corviknight|Brave Bird|p2a: Cinderace
|-damage|p2a: Cinderace|45/100
|-damage|p1a: Corviknight|82/100|[from] Recoil
|
|-weather|Sandstorm|[upkeep]
|-damage|p2a: Cinderace|39/100|[from] Sandstorm
|-heal|p1a: Corviknight|89/100|[from] item: Leftovers
|upkeep
|turn|8
|
|t:|1776093806
|move|p2a: Cinderace|Pyro Ball|p1a: Corviknight
|-supereffective|p1a: Corviknight
|-damage|p1a: Corviknight|27/100
|move|p1a: Corviknight|Brave Bird|p2a: Cinderace
|-damage|p2a: Cinderace|0 fnt
|faint|p2a: Cinderace
|-damage|p1a: Corviknight|14/100|[from] Recoil
|
|-weather|none
|-heal|p1a: Corviknight|20/100|[from] item: Leftovers
|upkeep
|
|t:|1776093813
|switch|p2a: Enamorus|Enamorus, F, tera:Fairy|76/100
|turn|9
|
|t:|1776093819
|move|p2a: Enamorus|Moonblast|p1a: Corviknight
|-resisted|p1a: Corviknight
|-damage|p1a: Corviknight|0 fnt
|faint|p1a: Corviknight
|
|upkeep
|
|t:|1776093826
|switch|p1a: Hippowdon|Hippowdon, F|6/100
|-weather|Sandstorm|[from] ability: Sand Stream|[of] p1a: Hippowdon
|turn|10
|
|t:|1776093830
|move|p2a: Enamorus|Moonblast|p1a: Hippowdon
|-damage|p1a: Hippowdon|0 fnt
|faint|p1a: Hippowdon
|
|-weather|Sandstorm|[upkeep]
|-damage|p2a: Enamorus|69/100|[from] Sandstorm
|upkeep
|
|t:|1776093837
|switch|p1a: Excadrill|Excadrill, F|84/100
|turn|11
|
|t:|1776093841
|switch|p2a: Gholdengo|Gholdengo|100/100
|-item|p2a: Gholdengo|Air Balloon
|move|p1a: Excadrill|Swords Dance|p1a: Excadrill
|-boost|p1a: Excadrill|atk|2
|
|-weather|Sandstorm|[upkeep]
|upkeep
|turn|12
|
|t:|1776093853
|-terastallize|p1a: Excadrill|Fairy
|move|p1a: Excadrill|Iron Head|p2a: Gholdengo
|-resisted|p2a: Gholdengo
|-damage|p2a: Gholdengo|69/100
|-enditem|p2a: Gholdengo|Air Balloon
|move|p2a: Gholdengo|Hex|p1a: Excadrill
|-damage|p1a: Excadrill|42/100
|
|-weather|Sandstorm|[upkeep]
|upkeep
|turn|13
|
|t:|1776093864
|move|p1a: Excadrill|Earthquake|p2a: Gholdengo
|-supereffective|p2a: Gholdengo
|-damage|p2a: Gholdengo|0 fnt
|faint|p2a: Gholdengo
|
|-weather|Sandstorm|[upkeep]
|upkeep
|
|t:|1776093871
|switch|p2a: Great Tusk|Great Tusk|66/100
|turn|14
|
|t:|1776093875
|move|p1a: Excadrill|Earthquake|p2a: Great Tusk
|-damage|p2a: Great Tusk|0 fnt
|faint|p2a: Great Tusk
|-end|p2a: Great Tusk|Protosynthesis|[silent]
|
|-weather|Sandstorm|[upkeep]
|upkeep
|
|t:|1776093879
|switch|p2a: Tyranitar|Tyranitar, M|100/100
|turn|15
|-message|AuroraMilk forfeited.
|
|win|rashyd
|raw|rashyd's rating: 1445 &rarr; <strong>1469</strong><br />(+24 for winning)
|raw|AuroraMilk's rating: 1507 &rarr; <strong>1483</strong><br />(-24 for losing)
|l|☆AuroraMilk
|player|p2|
|l|☆rashyd
|player|p1|
