|html|<div class="broadcast-blue"><strong>[Gen 9] OU is currently suspecting Tera Blast! For information on how to participate check out the <a href="https://www.smogon.com/tools/suspects/view/200">suspect thread</a>.</strong></div>
|j|☆Alloyedbricks
|j|☆Eilloa
|t:|1776056763
|gametype|singles
|player|p1|Alloyedbricks|101|1108
|player|p2|Eilloa|hilbert-wonderlauncher|1144
|gen|9
|tier|[Gen 9] OU
|rated|
|rule|HP Percentage Mod: HP is shown in percentages
|rule|Endless Battle Clause: Forcing endless battles is banned
|rule|Species Clause: Limit one of each Pokémon
|rule|OHKO Clause: OHKO moves are banned
|rule|Evasion Items Clause: Evasion items are banned
|rule|Evasion Moves Clause: Evasion moves are banned
|rule|Evasion Abilities Clause: Evasion abilities are banned
|rule|Sleep Moves Clause: Sleep-inducing moves are banned
|clearpoke
|poke|p1|Ceruledge, M|
|poke|p1|Darkrai|
|poke|p1|Ogerpon-Wellspring, F|
|poke|p1|Scizor, F|
|poke|p1|Kyurem|
|poke|p1|Raging Bolt|
|poke|p2|Metagross|
|poke|p2|Quaquaval, F|
|poke|p2|Cinderace, F|
|poke|p2|Breloom, M|
|poke|p2|Gliscor, F|
|poke|p2|Hatterene, F|
|teampreview
|inactive|Battle timer is ON: inactive players will automatically lose when time's up. (requested by Alloyedbricks)
|
|t:|1776056778
|teamsize|p1|6
|teamsize|p2|6
|start
|switch|p1a: Darkrai|Darkrai|100/100
|switch|p2a: Metagross|Metagross, shiny|100/100
|turn|1
|
|t:|1776056782
|switch|p2a: Quaquaval|Quaquaval, F|100/100
|move|p1a: Darkrai|Nasty Plot|p1a: Darkrai
|-boost|p1a: Darkrai|spa|2
|
|upkeep
|turn|2
|
|t:|1776056787
|-terastallize|p1a: Darkrai|Poison
|move|p1a: Darkrai|Sludge Bomb|p2a: Quaquaval
|-damage|p2a: Quaquaval|0 fnt
|faint|p2a: Quaquaval
|
|upkeep
|
|t:|1776056792
|switch|p2a: Hatterene|Hatterene, F|100/100
|turn|3
|
|t:|1776056795
|move|p1a: Darkrai|Sludge Bomb|p2a: Hatterene
|-supereffective|p2a: Hatterene
|-enditem|p2a: Hatterene|Focus Sash
|-damage|p2a: Hatterene|1/100
|move|p2a: Hatterene|Psychic|p1a: Darkrai
|-supereffective|p1a: Darkrai
|-damage|p1a: Darkrai|0 fnt
|faint|p1a: Darkrai
|
|upkeep
|l|☆Alloyedbricks
|inactive|Alloyedbricks disconnected and has a minute to reconnect!
|player|p1|
|j|☆Alloyedbricks
|inactive|Alloyedbricks reconnected and has 105 seconds left.
|player|p1|Alloyedbricks|101|
|
|t:|1776056852
|switch|p1a: Scizor|Scizor, F|100/100
|turn|4
|
|t:|1776056870
|move|p1a: Scizor|U-turn|p2a: Hatterene
|-damage|p2a: Hatterene|0 fnt
|faint|p2a: Hatterene
|
|t:|1776056874
|switch|p1a: Ceruledge|Ceruledge, M|100/100|[from] U-turn
|
|upkeep
|
|t:|1776056884
|switch|p2a: Cinderace|Cinderace, F|100/100
|turn|5
|
|t:|1776056888
|move|p2a: Cinderace|Pyro Ball|p1a: Ceruledge
|-resisted|p1a: Ceruledge
|-damage|p1a: Ceruledge|60/100
|-ability|p1a: Ceruledge|Weak Armor|boost
|-unboost|p1a: Ceruledge|def|1
|-boost|p1a: Ceruledge|spe|2
|move|p1a: Ceruledge|Swords Dance|p1a: Ceruledge
|-boost|p1a: Ceruledge|atk|2
|
|upkeep
|turn|6
|
|t:|1776056894
|move|p2a: Cinderace|Sucker Punch|p1a: Ceruledge
|-supereffective|p1a: Ceruledge
|-damage|p1a: Ceruledge|0 fnt
|faint|p1a: Ceruledge
|
|upkeep
|
|t:|1776056905
|switch|p1a: Kyurem|Kyurem|100/100
|-ability|p1a: Kyurem|Pressure
|turn|7
|
|t:|1776056910
|move|p2a: Cinderace|U-turn|p1a: Kyurem
|-damage|p1a: Kyurem|78/100
|
|t:|1776056913
|switch|p2a: Metagross|Metagross, shiny|100/100|[from] U-turn
|move|p1a: Kyurem|Earth Power|p2a: Metagross
|-supereffective|p2a: Metagross
|-damage|p2a: Metagross|41/100
|
|upkeep
|turn|8
|
|t:|1776056919
|switch|p1a: Scizor|Scizor, F|100/100
|move|p2a: Metagross|Bullet Punch|p1a: Scizor
|-resisted|p1a: Scizor
|-damage|p1a: Scizor|88/100
|
|upkeep
|turn|9
|
|t:|1776056923
|move|p2a: Metagross|Earthquake|p1a: Scizor
|-damage|p1a: Scizor|46/100
|-enditem|p1a: Scizor|Sitrus Berry|[eat]
|-heal|p1a: Scizor|71/100|[from] item: Sitrus Berry
|move|p1a: Scizor|Knock Off|p2a: Metagross
|-supereffective|p2a: Metagross
|-damage|p2a: Metagross|0 fnt
|-enditem|p2a: Metagross|Assault Vest|[from] move: Knock Off|[of] p1a: Scizor
|faint|p2a: Metagross
|
|upkeep
|
|t:|1776056926
|switch|p2a: Cinderace|Cinderace, F|100/100
|turn|10
|
|t:|1776056930
|move|p1a: Scizor|Bullet Punch|p2a: Cinderace
|-resisted|p2a: Cinderace
|-damage|p2a: Cinderace|78/100
|move|p2a: Cinderace|Pyro Ball|p1a: Scizor
|-supereffective|p1a: Scizor
|-damage|p1a: Scizor|0 fnt
|faint|p1a: Scizor
|
|upkeep
|
|t:|1776056938
|switch|p1a: Kyurem|Kyurem|78/100
|-ability|p1a: Kyurem|Pressure
|turn|11
|
|t:|1776056942
|move|p2a: Cinderace|Pyro Ball|p1a: Kyurem
|-damage|p1a: Kyurem|22/100
|move|p1a: Kyurem|Draco Meteor|p2a: Cinderace
|-damage|p2a: Cinderace|0 fnt
|-unboost|p1a: Kyurem|spa|2
|faint|p2a: Cinderace
|
|upkeep
|
|t:|1776056952
|switch|p2a: Breloom|Breloom, M|100/100
|turn|12
|
|t:|1776056954
|switch|p1a: Raging Bolt|Raging Bolt|100/100
|-enditem|p1a: Raging Bolt|Booster Energy
|-activate|p1a: Raging Bolt|ability: Protosynthesis|[fromitem]
|-start|p1a: Raging Bolt|protosynthesisspa
|move|p2a: Breloom|Mach Punch|p1a: Raging Bolt
|-damage|p1a: Raging Bolt|63/100
|
|upkeep
|turn|13
|
|t:|1776056959
|move|p1a: Raging Bolt|Dragon Pulse|p2a: Breloom
|-damage|p2a: Breloom|5/100
|move|p2a: Breloom|Swords Dance|p2a: Breloom
|-boost|p2a: Breloom|atk|2
|
|upkeep
|turn|14
|
|t:|1776056964
|move|p1a: Raging Bolt|Thunderclap|p2a: Breloom
|-resisted|p2a: Breloom
|-crit|p2a: Breloom
|-damage|p2a: Breloom|0 fnt
|faint|p2a: Breloom
|
|upkeep
|
|t:|1776056966
|switch|p2a: Gliscor|Gliscor, F|100/100
|turn|15
|
|t:|1776056971
|move|p1a: Raging Bolt|Dragon Pulse|p2a: Gliscor
|-damage|p2a: Gliscor|23/100
|move|p2a: Gliscor|Earthquake|p1a: Raging Bolt
|-supereffective|p1a: Raging Bolt
|-damage|p1a: Raging Bolt|0 fnt
|faint|p1a: Raging Bolt
|-end|p1a: Raging Bolt|Protosynthesis|[silent]
|
|-status|p2a: Gliscor|tox|[from] item: Toxic Orb
|upkeep
|
|t:|1776056976
|switch|p1a: Kyurem|Kyurem|22/100
|-ability|p1a: Kyurem|Pressure
|turn|16
|
|t:|1776056983
|move|p2a: Gliscor|Protect|p2a: Gliscor
|-singleturn|p2a: Gliscor|Protect
|move|p1a: Kyurem|Ice Beam|p2a: Gliscor
|-activate|p2a: Gliscor|move: Protect
|
|-heal|p2a: Gliscor|36/100 tox|[from] ability: Poison Heal
|upkeep
|turn|17
|
|t:|1776056989
|-terastallize|p2a: Gliscor|Water
|move|p1a: Kyurem|Ice Beam|p2a: Gliscor
|-resisted|p2a: Gliscor
|-damage|p2a: Gliscor|0 fnt
|faint|p2a: Gliscor
|
|win|Alloyedbricks
|raw|Alloyedbricks's rating: 1108 &rarr; <strong>1136</strong><br />(+28 for winning)
|raw|Eilloa's rating: 1144 &rarr; <strong>1116</strong><br />(-28 for losing)
|l|☆Eilloa
|player|p2|
|l|☆Alloyedbricks
|player|p1|
