|html|<div class="broadcast-blue"><strong>[Gen 9] OU is currently suspecting Volcarona! For information on how to participate check out the <a href="https://www.smogon.com/tools/suspects/view/208">suspect thread</a>.</strong></div>
|j|☆granwhippler89
|j|☆He_52210
|t:|1778516808
|gametype|singles
|player|p1|granwhippler89|1|1252
|player|p2|He_52210|dancer|1179
|gen|9
|tier|[Gen 9] OU
|rated|
|rule|HP Percentage Mod: HP is shown in percentages
|rule|Endless Battle Clause: Forcing endless battles is banned
|rule|Species Clause: Limit one of each Pokémon
|rule|OHKO Clause: OHKO moves are banned
|rule|Evasion Items Clause: Evasion items are banned
|rule|Evasion Moves Clause: Evasion moves are banned
|rule|Evasion Abilities Clause: Evasion abilities are banned
|rule|Sleep Moves Clause: Sleep-inducing moves are banned
|clearpoke
|poke|p1|Bruxish, F|
|poke|p1|Pecharunt|
|poke|p1|Araquanid, M|
|poke|p1|Gholdengo|
|poke|p1|Great Tusk|
|poke|p1|Kommo-o, M|
|poke|p2|Lokix, F|
|poke|p2|Ting-Lu|
|poke|p2|Gholdengo|
|poke|p2|Ogerpon-Wellspring, F|
|poke|p2|Iron Valiant|
|poke|p2|Iron Treads|
|teampreview
|inactive|Battle timer is ON: inactive players will automatically lose when time's up. (requested by He_52210)
|inactive|He_52210 has 120 seconds left.
|
|t:|1778516839
|teamsize|p1|6
|teamsize|p2|6
|start
|switch|p1a: Marquand|Araquanid, M|100/100
|switch|p2a: Lokix|Lokix, F|100/100
|turn|1
|
|t:|1778516844
|-terastallize|p2a: Lokix|Bug
|move|p2a: Lokix|First Impression|p1a: Marquand
|-damage|p1a: Marquand|13/100
|move|p1a: Marquand|Sticky Web|p2a: Lokix
|-sidestart|p2: He_52210|move: Sticky Web
|
|upkeep
|turn|2
|-enditem|p1a: Marquand|Custap Berry|[eat]
|-activate|p1a: Marquand|item: Custap Berry|[consumed]
|
|t:|1778516853
|switch|p2a: Iron Treads|Iron Treads|100/100
|move|p1a: Marquand|Endeavor|p2a: Iron Treads
|-damage|p2a: Iron Treads|11/100
|
|upkeep
|turn|3
|inactive|granwhippler89 has 120 seconds left.
|
|t:|1778516897
|switch|p1a: Pecha Runthi|Pecharunt|100/100
|move|p2a: Iron Treads|Rapid Spin|p1a: Pecha Runthi
|-immune|p1a: Pecha Runthi
|
|upkeep
|turn|4
|
|t:|1778516914
|move|p2a: Iron Treads|Earthquake|p1a: Pecha Runthi
|-supereffective|p1a: Pecha Runthi
|-damage|p1a: Pecha Runthi|67/100
|move|p1a: Pecha Runthi|Foul Play|p2a: Iron Treads
|-damage|p2a: Iron Treads|0 fnt
|faint|p2a: Iron Treads
|-end|p2a: Iron Treads|Quark Drive|[silent]
|
|-heal|p1a: Pecha Runthi|73/100|[from] item: Leftovers
|upkeep
|
|t:|1778516928
|switch|p2a: Ting-Lu|Ting-Lu|100/100
|-activate|p2a: Ting-Lu|move: Sticky Web
|-unboost|p2a: Ting-Lu|spe|1
|-ability|p2a: Ting-Lu|Vessel of Ruin
|turn|5
|
|t:|1778516940
|move|p1a: Pecha Runthi|Recover|p1a: Pecha Runthi
|-heal|p1a: Pecha Runthi|100/100
|move|p2a: Ting-Lu|Stealth Rock|p1a: Pecha Runthi
|-sidestart|p1: granwhippler89|move: Stealth Rock
|
|upkeep
|turn|6
|
|t:|1778516946
|move|p1a: Pecha Runthi|Parting Shot|p2a: Ting-Lu
|-unboost|p2a: Ting-Lu|atk|1
|-unboost|p2a: Ting-Lu|spa|1
|
|t:|1778516954
|switch|p1a: Marquand|Araquanid, M|13/100|[from] Parting Shot
|-damage|p1a: Marquand|0 fnt|[from] Stealth Rock
|faint|p1a: Marquand
|move|p2a: Ting-Lu|Spikes|p1: Marquand
|-sidestart|p1: granwhippler89|Spikes
|
|upkeep
|inactive|granwhippler89 has 120 seconds left.
|
|t:|1778516977
|switch|p1a: Bruxism|Bruxish, F|100/100
|-damage|p1a: Bruxism|88/100|[from] Stealth Rock
|-damage|p1a: Bruxism|76/100|[from] Spikes
|turn|7
|inactive|granwhippler89 has 120 seconds left.
|
|t:|1778516990
|-terastallize|p1a: Bruxism|Dark
|move|p1a: Bruxism|Waterfall|p2a: Ting-Lu
|-supereffective|p2a: Ting-Lu
|-damage|p2a: Ting-Lu|46/100
|move|p2a: Ting-Lu|Whirlwind|p1a: Bruxism
|drag|p1a: Babban Buhu|Great Tusk|100/100
|-damage|p1a: Babban Buhu|98/100|[from] Stealth Rock
|-damage|p1a: Babban Buhu|85/100|[from] Spikes
|-enditem|p1a: Babban Buhu|Booster Energy
|-activate|p1a: Babban Buhu|ability: Protosynthesis|[fromitem]
|-start|p1a: Babban Buhu|protosynthesisspe
|
|-heal|p2a: Ting-Lu|52/100|[from] item: Leftovers
|upkeep
|turn|8
|
|t:|1778516995
|switch|p2a: Gholdengo|Gholdengo|100/100
|-item|p2a: Gholdengo|Air Balloon
|move|p1a: Babban Buhu|Bulk Up|p1a: Babban Buhu
|-boost|p1a: Babban Buhu|atk|1
|-boost|p1a: Babban Buhu|def|1
|
|upkeep
|turn|9
|
|t:|1778517008
|move|p1a: Babban Buhu|Ice Spinner|p2a: Gholdengo
|-resisted|p2a: Gholdengo
|-damage|p2a: Gholdengo|88/100
|-enditem|p2a: Gholdengo|Air Balloon
|move|p2a: Gholdengo|Nasty Plot|p2a: Gholdengo
|-boost|p2a: Gholdengo|spa|2
|
|upkeep
|turn|10
|
|t:|1778517014
|move|p1a: Babban Buhu|Headlong Rush|p2a: Gholdengo
|-supereffective|p2a: Gholdengo
|-damage|p2a: Gholdengo|0 fnt
|-unboost|p1a: Babban Buhu|def|1
|-unboost|p1a: Babban Buhu|spd|1
|faint|p2a: Gholdengo
|
|upkeep
|
|t:|1778517030
|switch|p2a: Iron Valiant|Iron Valiant|100/100
|-activate|p2a: Iron Valiant|move: Sticky Web
|-unboost|p2a: Iron Valiant|spe|1
|turn|11
|-message|He_52210 forfeited.
|
|win|granwhippler89
|raw|granwhippler89's rating: 1252 &rarr; <strong>1272</strong><br />(+20 for winning)
|raw|He_52210's rating: 1179 &rarr; <strong>1159</strong><br />(-20 for losing)
|l|☆He_52210
|player|p2|
|l|☆granwhippler89
|player|p1|
