|html|<div class="broadcast-blue"><strong>[Gen 9] OU is currently suspecting Tera Blast! For information on how to participate check out the <a href="https://www.smogon.com/tools/suspects/view/200">suspect thread</a>.</strong></div>
|j|☆thybest37
|j|☆Dmytro Drakovic
|t:|1776039258
|gametype|singles
|player|p1|thybest37|ingo|1173
|player|p2|Dmytro Drakovic|lance|1217
|gen|9
|tier|[Gen 9] OU
|rated|
|rule|HP Percentage Mod: HP is shown in percentages
|rule|Endless Battle Clause: Forcing endless battles is banned
|rule|Species Clause: Limit one of each Pokémon
|rule|OHKO Clause: OHKO moves are banned
|rule|Evasion Items Clause: Evasion items are banned
|rule|Evasion Moves Clause: Evasion moves are banned
|rule|Evasion Abilities Clause: Evasion abilities are banned
|rule|Sleep Moves Clause: Sleep-inducing moves are banned
|clearpoke
|poke|p1|Iron Valiant|
|poke|p1|Moltres|
|poke|p1|Ogerpon-Wellspring, F|
|poke|p1|Garganacl, F|
|poke|p1|Raging Bolt|
|poke|p1|Great Tusk|
|poke|p2|Staraptor, M|
|poke|p2|Hydreigon, M|
|poke|p2|Gengar, F|
|poke|p2|Delphox, F|
|poke|p2|Serperior, M|
|poke|p2|Bisharp, M|
|teampreview
|inactive|Battle timer is ON: inactive players will automatically lose when time's up. (requested by thybest37)
|inactive|Dmytro Drakovic has 120 seconds left.
|
|t:|1776039306
|teamsize|p1|6
|teamsize|p2|6
|start
|switch|p1a: Garganacl|Garganacl, F|100/100
|switch|p2a: Gengar|Gengar, F|100/100
|turn|1
|
|t:|1776039312
|move|p2a: Gengar|Taunt|p1a: Garganacl
|-start|p1a: Garganacl|move: Taunt
|cant|p1a: Garganacl|move: Taunt|Stealth Rock
|
|upkeep
|turn|2
|
|t:|1776039327
|switch|p2a: Staraptor|Staraptor, M|100/100
|move|p1a: Garganacl|Salt Cure|p2a: Staraptor
|-supereffective|p2a: Staraptor
|-damage|p2a: Staraptor|64/100
|-start|p2a: Staraptor|Salt Cure
|
|-damage|p2a: Staraptor|52/100|[from] Salt Cure
|upkeep
|turn|3
|
|t:|1776039335
|move|p2a: Staraptor|Close Combat|p1a: Garganacl
|-supereffective|p1a: Garganacl
|-damage|p1a: Garganacl|39/100
|-unboost|p2a: Staraptor|def|1
|-unboost|p2a: Staraptor|spd|1
|-damage|p2a: Staraptor|42/100|[from] item: Life Orb
|move|p1a: Garganacl|Salt Cure|p2a: Staraptor
|-supereffective|p2a: Staraptor
|-damage|p2a: Staraptor|0 fnt
|faint|p2a: Staraptor
|
|-heal|p1a: Garganacl|45/100|[from] item: Leftovers
|-end|p1a: Garganacl|move: Taunt
|upkeep
|
|t:|1776039346
|switch|p2a: Serperior|Serperior, M|100/100
|turn|4
|
|t:|1776039349
|move|p2a: Serperior|Leaf Storm|p1a: Garganacl
|-supereffective|p1a: Garganacl
|-damage|p1a: Garganacl|0 fnt
|-boost|p2a: Serperior|spa|2
|faint|p1a: Garganacl
|
|upkeep
|
|t:|1776039355
|switch|p1a: Moltres|Moltres, shiny|100/100
|turn|5
|
|t:|1776039366
|-terastallize|p2a: Serperior|Rock
|move|p2a: Serperior|Dragon Pulse|p1a: Moltres
|-damage|p1a: Moltres|71/100
|move|p1a: Moltres|Flamethrower|p2a: Serperior
|-resisted|p2a: Serperior
|-damage|p2a: Serperior|79/100
|
|upkeep
|turn|6
|
|t:|1776039377
|move|p2a: Serperior|Light Screen|p2a: Serperior
|-sidestart|p2: Dmytro Drakovic|move: Light Screen
|move|p1a: Moltres|U-turn|p2a: Serperior
|-damage|p2a: Serperior|61/100
|
|t:|1776039390
|switch|p1a: Raging Bolt|Raging Bolt|100/100|[from] U-turn
|
|upkeep
|turn|7
|
|t:|1776039399
|move|p1a: Raging Bolt|Thunderclap|p2a: Serperior
|-damage|p2a: Serperior|29/100
|-enditem|p2a: Serperior|Sitrus Berry|[eat]
|-heal|p2a: Serperior|54/100|[from] item: Sitrus Berry
|-damage|p1a: Raging Bolt|91/100|[from] item: Life Orb
|move|p2a: Serperior|Dragon Pulse|p1a: Raging Bolt
|-supereffective|p1a: Raging Bolt
|-damage|p1a: Raging Bolt|20/100
|
|upkeep
|turn|8
|
|t:|1776039426
|move|p1a: Raging Bolt|Thunderclap|p2a: Serperior
|-damage|p2a: Serperior|22/100
|-damage|p1a: Raging Bolt|10/100|[from] item: Life Orb
|move|p2a: Serperior|Leaf Storm|p1a: Raging Bolt
|-resisted|p1a: Raging Bolt
|-damage|p1a: Raging Bolt|0 fnt
|-boost|p2a: Serperior|spa|2
|faint|p1a: Raging Bolt
|-end|p1a: Raging Bolt|Protosynthesis|[silent]
|
|upkeep
|
|t:|1776039435
|switch|p1a: Iron Valiant|Iron Valiant|100/100
|-enditem|p1a: Iron Valiant|Booster Energy
|-activate|p1a: Iron Valiant|ability: Quark Drive|[fromitem]
|-start|p1a: Iron Valiant|quarkdrivespe
|turn|9
|
|t:|1776039443
|move|p1a: Iron Valiant|Moonblast|p2a: Serperior
|-damage|p2a: Serperior|0 fnt
|faint|p2a: Serperior
|
|upkeep
|
|t:|1776039458
|switch|p2a: Gengar|Gengar, F|100/100
|turn|10
|
|t:|1776039473
|-terastallize|p1a: Iron Valiant|Steel
|move|p1a: Iron Valiant|Calm Mind|p1a: Iron Valiant
|-boost|p1a: Iron Valiant|spa|1
|-boost|p1a: Iron Valiant|spd|1
|move|p2a: Gengar|Sludge Wave|p1a: Iron Valiant
|-immune|p1a: Iron Valiant
|
|-sideend|p2: Dmytro Drakovic|move: Light Screen
|upkeep
|turn|11
|
|t:|1776039486
|move|p1a: Iron Valiant|Psyshock|p2a: Gengar
|-supereffective|p2a: Gengar
|-enditem|p2a: Gengar|Focus Sash
|-damage|p2a: Gengar|1/100
|move|p2a: Gengar|Destiny Bond|p2a: Gengar
|-singlemove|p2a: Gengar|Destiny Bond
|
|upkeep
|turn|12
|
|t:|1776039493
|move|p1a: Iron Valiant|Calm Mind|p1a: Iron Valiant
|-boost|p1a: Iron Valiant|spa|1
|-boost|p1a: Iron Valiant|spd|1
|move|p2a: Gengar|Taunt|p1a: Iron Valiant
|-start|p1a: Iron Valiant|move: Taunt
|
|upkeep
|turn|13
|
|t:|1776039500
|move|p1a: Iron Valiant|Moonblast|p2a: Gengar
|-resisted|p2a: Gengar
|-damage|p2a: Gengar|0 fnt
|faint|p2a: Gengar
|
|upkeep
|
|t:|1776039505
|switch|p2a: Hydreigon|Hydreigon, M, shiny|100/100
|turn|14
|
|t:|1776039510
|move|p1a: Iron Valiant|Moonblast|p2a: Hydreigon
|-supereffective|p2a: Hydreigon
|-damage|p2a: Hydreigon|0 fnt
|faint|p2a: Hydreigon
|
|upkeep
|
|t:|1776039513
|switch|p2a: Delphox|Delphox, F|100/100
|turn|15
|
|t:|1776039541
|move|p1a: Iron Valiant|Moonblast|p2a: Delphox
|-resisted|p2a: Delphox
|-damage|p2a: Delphox|50/100
|-unboost|p2a: Delphox|spa|1
|move|p2a: Delphox|Overheat|p1a: Iron Valiant
|-supereffective|p1a: Iron Valiant
|-damage|p1a: Iron Valiant|32/100
|-unboost|p2a: Delphox|spa|2
|
|-end|p1a: Iron Valiant|move: Taunt
|upkeep
|turn|16
|
|t:|1776039552
|move|p1a: Iron Valiant|Moonblast|p2a: Delphox
|-resisted|p2a: Delphox
|-crit|p2a: Delphox
|-damage|p2a: Delphox|0 fnt
|faint|p2a: Delphox
|
|upkeep
|
|t:|1776039555
|switch|p2a: Bisharp|Bisharp, M|100/100
|turn|17
|
|t:|1776039561
|move|p1a: Iron Valiant|Aura Sphere|p2a: Bisharp
|-supereffective|p2a: Bisharp
|-damage|p2a: Bisharp|0 fnt
|faint|p2a: Bisharp
|
|win|thybest37
|raw|thybest37's rating: 1173 &rarr; <strong>1201</strong><br />(+28 for winning)
|raw|Dmytro Drakovic's rating: 1217 &rarr; <strong>1189</strong><br />(-28 for losing)
|l|☆Dmytro Drakovic
|player|p2|
|l|☆thybest37
|player|p1|
