|html|<div class="broadcast-blue"><strong>[Gen 9] OU is currently suspecting Volcarona! For information on how to participate check out the <a href="https://www.smogon.com/tools/suspects/view/208">suspect thread</a>.</strong></div>
|j|☆isaac_gam3r
|j|☆AbraviousTinkaton
|t:|1778508878
|gametype|singles
|player|p1|isaac_gam3r|acetrainer-gen4dp|1639
|player|p2|AbraviousTinkaton|2|1652
|gen|9
|tier|[Gen 9] OU
|rated|
|rule|HP Percentage Mod: HP is shown in percentages
|rule|Endless Battle Clause: Forcing endless battles is banned
|rule|Species Clause: Limit one of each Pokémon
|rule|OHKO Clause: OHKO moves are banned
|rule|Evasion Items Clause: Evasion items are banned
|rule|Evasion Moves Clause: Evasion moves are banned
|rule|Evasion Abilities Clause: Evasion abilities are banned
|rule|Sleep Moves Clause: Sleep-inducing moves are banned
|clearpoke
|poke|p1|Primarina, F|
|poke|p1|Raging Bolt|
|poke|p1|Heatran, M|
|poke|p1|Weezing-Galar, M|
|poke|p1|Garchomp, M|
|poke|p1|Weavile, F|
|poke|p2|Gliscor, F|
|poke|p2|Regieleki|
|poke|p2|Slowking-Galar, F|
|poke|p2|Weavile, F|
|poke|p2|Heatran, M|
|poke|p2|Sinistcha-Masterpiece|
|teampreview
|inactive|Battle timer is ON: inactive players will automatically lose when time's up. (requested by isaac_gam3r)
|
|t:|1778508888
|teamsize|p1|6
|teamsize|p2|6
|start
|switch|p1a: Weavile|Weavile, F|100/100
|switch|p2a: PLS BAN TING LU|Regieleki|100/100
|-ability|p1a: Weavile|Pressure
|turn|1
|
|t:|1778508901
|switch|p2a: Heatran|Heatran, M|100/100
|switch|p1a: Garchomp|Garchomp, M|100/100
|
|upkeep
|turn|2
|
|t:|1778508906
|move|p1a: Garchomp|Earthquake|p2a: Heatran
|-supereffective|p2a: Heatran
|-damage|p2a: Heatran|0 fnt
|faint|p2a: Heatran
|
|upkeep
|
|t:|1778508909
|switch|p2a: PLS BAN TING LU|Regieleki|100/100
|turn|3
|
|t:|1778508912
|switch|p2a: Gliscor|Gliscor, F|100/100
|move|p1a: Garchomp|Earthquake|p2a: Gliscor
|-immune|p2a: Gliscor
|
|-status|p2a: Gliscor|tox|[from] item: Toxic Orb
|upkeep
|turn|4
|
|t:|1778508916
|switch|p1a: Weezing|Weezing-Galar, M, shiny|100/100
|move|p2a: Gliscor|Spikes|p1a: Weezing
|-sidestart|p1: isaac_gam3r|Spikes
|
|upkeep
|turn|5
|
|t:|1778508921
|move|p2a: Gliscor|Knock Off|p1a: Weezing
|-resisted|p1a: Weezing
|-damage|p1a: Weezing|93/100
|-enditem|p1a: Weezing|Black Sludge|[from] move: Knock Off|[of] p2a: Gliscor
|move|p1a: Weezing|Defog|p2a: Gliscor
|-unboost|p2a: Gliscor|evasion|1
|-sideend|p1: isaac_gam3r|Spikes|[from] move: Defog|[of] p1a: Weezing
|
|upkeep
|turn|6
|
|t:|1778508923
|switch|p1a: Primarina|Primarina, F, shiny|100/100
|move|p2a: Gliscor|U-turn|p1a: Primarina
|-resisted|p1a: Primarina
|-damage|p1a: Primarina|91/100
|j| Sprakenheit
|
|t:|1778508927
|switch|p2a: Slowking|Slowking-Galar, F|100/100|[from] U-turn
|
|-heal|p1a: Primarina|97/100|[from] item: Leftovers
|upkeep
|turn|7
|
|t:|1778508930
|move|p1a: Primarina|Calm Mind|p1a: Primarina
|-boost|p1a: Primarina|spa|1
|-boost|p1a: Primarina|spd|1
|-prepare|p2a: Slowking|Chilly Reception|[premajor]
|move|p2a: Slowking|Chilly Reception|p2a: Slowking
|-weather|Snowscape
|
|t:|1778508932
|switch|p2a: PLS BAN TING LU|Regieleki|100/100|[from] Chilly Reception
|
|-weather|Snowscape|[upkeep]
|-heal|p1a: Primarina|100/100|[from] item: Leftovers
|upkeep
|turn|8
|j| I registered this
|
|t:|1778508935
|move|p1a: Primarina|Protect|p1a: Primarina
|-singleturn|p1a: Primarina|Protect
|move|p2a: PLS BAN TING LU|Volt Switch|p1a: Primarina
|-activate|p1a: Primarina|move: Protect
|
|-weather|Snowscape|[upkeep]
|upkeep
|turn|9
|
|t:|1778508940
|-terastallize|p2a: PLS BAN TING LU|Electric
|move|p2a: PLS BAN TING LU|Electro Ball|p1a: Primarina
|-supereffective|p1a: Primarina
|-damage|p1a: Primarina|4/100
|move|p1a: Primarina|Sparkling Aria|p2a: PLS BAN TING LU
|-damage|p2a: PLS BAN TING LU|0 fnt
|faint|p2a: PLS BAN TING LU
|
|-weather|Snowscape|[upkeep]
|-heal|p1a: Primarina|10/100|[from] item: Leftovers
|upkeep
|
|t:|1778508946
|switch|p2a: Gliscor|Gliscor, F|100/100 tox
|turn|10
|
|t:|1778508950
|move|p2a: Gliscor|Knock Off|p1a: Primarina
|-resisted|p1a: Primarina
|-damage|p1a: Primarina|0 fnt
|-enditem|p1a: Primarina|Leftovers|[from] move: Knock Off|[of] p2a: Gliscor
|faint|p1a: Primarina
|
|-weather|Snowscape|[upkeep]
|upkeep
|
|t:|1778508954
|switch|p1a: Weavile|Weavile, F|100/100
|-ability|p1a: Weavile|Pressure
|turn|11
|-message|AbraviousTinkaton forfeited.
|
|win|isaac_gam3r
|raw|isaac_gam3r's rating: 1639 &rarr; <strong>1660</strong><br />(+21 for winning)
|raw|AbraviousTinkaton's rating: 1652 &rarr; <strong>1631</strong><br />(-21 for losing)
|l|☆AbraviousTinkaton
|player|p2|
|l|☆isaac_gam3r
|player|p1|
|l| Sprakenheit
