|html|<div class="broadcast-blue"><strong>[Gen 9] OU is currently suspecting Tera Blast! For information on how to participate check out the <a href="https://www.smogon.com/tools/suspects/view/200">suspect thread</a>.</strong></div>
|j|☆Mopriii
|j|☆Anchor9
|t:|1776098043
|gametype|singles
|player|p1|Mopriii|alder|1496
|player|p2|Anchor9|silver|1444
|gen|9
|tier|[Gen 9] OU
|rated|
|rule|HP Percentage Mod: HP is shown in percentages
|rule|Endless Battle Clause: Forcing endless battles is banned
|rule|Species Clause: Limit one of each Pokémon
|rule|OHKO Clause: OHKO moves are banned
|rule|Evasion Items Clause: Evasion items are banned
|rule|Evasion Moves Clause: Evasion moves are banned
|rule|Evasion Abilities Clause: Evasion abilities are banned
|rule|Sleep Moves Clause: Sleep-inducing moves are banned
|clearpoke
|poke|p1|Hatterene, F|
|poke|p1|Maushold|
|poke|p1|Ceruledge, F|
|poke|p1|Ogerpon-Cornerstone, F|
|poke|p1|Dragonite, F|
|poke|p1|Mamoswine, F|
|poke|p2|Araquanid, M|
|poke|p2|Ampharos, M|
|poke|p2|Dragonite, M|
|poke|p2|Gholdengo|
|poke|p2|Kyurem|
|poke|p2|Great Tusk|
|teampreview
|inactive|Battle timer is ON: inactive players will automatically lose when time's up. (requested by Anchor9)
|
|t:|1776098062
|teamsize|p1|6
|teamsize|p2|6
|start
|switch|p1a: Maushold|Maushold|100/100
|switch|p2a: Araquanid|Araquanid, M|100/100
|turn|1
|
|t:|1776098065
|move|p1a: Maushold|Population Bomb|p2a: Araquanid
|-damage|p2a: Araquanid|89/100
|-damage|p2a: Araquanid|77/100
|-damage|p2a: Araquanid|67/100
|-damage|p2a: Araquanid|56/100
|-damage|p2a: Araquanid|45/100
|-damage|p2a: Araquanid|34/100
|-damage|p2a: Araquanid|22/100
|-damage|p2a: Araquanid|9/100
|-damage|p2a: Araquanid|0 fnt
|faint|p2a: Araquanid
|-hitcount|p2: Araquanid|9
|
|upkeep
|
|t:|1776098070
|switch|p2a: Great Tusk|Great Tusk|100/100
|-enditem|p2a: Great Tusk|Booster Energy
|-activate|p2a: Great Tusk|ability: Protosynthesis|[fromitem]
|-start|p2a: Great Tusk|protosynthesisspe
|turn|2
|
|t:|1776098075
|-terastallize|p1a: Maushold|Ghost
|move|p2a: Great Tusk|Bulk Up|p2a: Great Tusk
|-boost|p2a: Great Tusk|atk|1
|-boost|p2a: Great Tusk|def|1
|move|p1a: Maushold|Tidy Up|p1a: Maushold
|-boost|p1a: Maushold|atk|1
|-boost|p1a: Maushold|spe|1
|
|upkeep
|turn|3
|
|t:|1776098081
|move|p1a: Maushold|Population Bomb|p2a: Great Tusk
|-crit|p2a: Great Tusk
|-damage|p2a: Great Tusk|86/100
|-damage|p2a: Great Tusk|78/100
|-damage|p2a: Great Tusk|70/100
|-damage|p2a: Great Tusk|63/100
|-damage|p2a: Great Tusk|56/100
|-damage|p2a: Great Tusk|48/100
|-crit|p2a: Great Tusk
|-damage|p2a: Great Tusk|33/100
|-damage|p2a: Great Tusk|27/100
|-damage|p2a: Great Tusk|20/100
|-damage|p2a: Great Tusk|13/100
|-hitcount|p2a: Great Tusk|10
|move|p2a: Great Tusk|Headlong Rush|p1a: Maushold
|-damage|p1a: Maushold|0 fnt
|-unboost|p2a: Great Tusk|def|1
|-unboost|p2a: Great Tusk|spd|1
|faint|p1a: Maushold
|
|upkeep
|
|t:|1776098090
|switch|p1a: Mamoswine|Mamoswine, F|100/100
|turn|4
|
|t:|1776098095
|move|p1a: Mamoswine|Ice Shard|p2a: Great Tusk
|-supereffective|p2a: Great Tusk
|-damage|p2a: Great Tusk|0 fnt
|faint|p2a: Great Tusk
|-end|p2a: Great Tusk|Protosynthesis|[silent]
|
|upkeep
|
|t:|1776098100
|switch|p2a: Gholdengo|Gholdengo|100/100
|-item|p2a: Gholdengo|Air Balloon
|turn|5
|
|t:|1776098105
|move|p1a: Mamoswine|Ice Shard|p2a: Gholdengo
|-resisted|p2a: Gholdengo
|-damage|p2a: Gholdengo|88/100
|-enditem|p2a: Gholdengo|Air Balloon
|move|p2a: Gholdengo|Make It Rain|p1a: Mamoswine
|-supereffective|p1a: Mamoswine
|-enditem|p1a: Mamoswine|Focus Sash
|-damage|p1a: Mamoswine|1/100
|-unboost|p2a: Gholdengo|spa|1
|
|upkeep
|turn|6
|
|t:|1776098119
|move|p2a: Gholdengo|Shadow Ball|p1a: Mamoswine
|-damage|p1a: Mamoswine|0 fnt
|faint|p1a: Mamoswine
|
|upkeep
|
|t:|1776098124
|switch|p1a: Dragonite|Dragonite, F|100/100
|turn|7
|
|t:|1776098136
|move|p2a: Gholdengo|Shadow Ball|p1a: Dragonite
|-crit|p1a: Dragonite
|-damage|p1a: Dragonite|66/100
|move|p1a: Dragonite|Dragon Dance|p1a: Dragonite
|-boost|p1a: Dragonite|atk|1
|-boost|p1a: Dragonite|spe|1
|
|upkeep
|turn|8
|
|t:|1776098141
|move|p1a: Dragonite|Dragon Dance|p1a: Dragonite
|-boost|p1a: Dragonite|atk|1
|-boost|p1a: Dragonite|spe|1
|move|p2a: Gholdengo|Make It Rain|p1a: Dragonite
|-damage|p1a: Dragonite|21/100
|-unboost|p2a: Gholdengo|spa|1
|
|upkeep
|turn|9
|
|t:|1776098149
|move|p1a: Dragonite|Earthquake|p2a: Gholdengo
|-supereffective|p2a: Gholdengo
|-damage|p2a: Gholdengo|0 fnt
|faint|p2a: Gholdengo
|
|upkeep
|
|t:|1776098151
|switch|p2a: Dragonite|Dragonite, M|100/100
|turn|10
|
|t:|1776098154
|move|p1a: Dragonite|Extreme Speed|p2a: Dragonite
|-crit|p2a: Dragonite
|-damage|p2a: Dragonite|47/100
|move|p2a: Dragonite|Extreme Speed|p1a: Dragonite
|-damage|p1a: Dragonite|0 fnt
|faint|p1a: Dragonite
|
|upkeep
|
|t:|1776098160
|switch|p1a: Hatterene|Hatterene, F, shiny|100/100
|turn|11
|
|t:|1776098164
|move|p2a: Dragonite|Earthquake|p1a: Hatterene
|-damage|p1a: Hatterene|67/100
|move|p1a: Hatterene|Psychic Noise|p2a: Dragonite
|-damage|p2a: Dragonite|11/100
|-start|p2a: Dragonite|move: Heal Block
|
|upkeep
|turn|12
|
|t:|1776098167
|move|p2a: Dragonite|Earthquake|p1a: Hatterene
|-damage|p1a: Hatterene|37/100
|move|p1a: Hatterene|Draining Kiss|p2a: Dragonite
|-supereffective|p2a: Dragonite
|-damage|p2a: Dragonite|0 fnt
|-heal|p1a: Hatterene|46/100|[from] drain|[of] p2a: Dragonite
|faint|p2a: Dragonite
|
|upkeep
|
|t:|1776098172
|switch|p2a: Ampharos|Ampharos, M|100/100
|turn|13
|
|t:|1776098180
|switch|p1a: Ceruledge|Ceruledge, F|100/100
|move|p2a: Ampharos|Agility|p2a: Ampharos
|-boost|p2a: Ampharos|spe|2
|
|upkeep
|turn|14
|
|t:|1776098186
|move|p2a: Ampharos|Meteor Beam||[still]
|-prepare|p2a: Ampharos|Meteor Beam
|-boost|p2a: Ampharos|spa|1
|-enditem|p2a: Ampharos|Power Herb
|-anim|p2a: Ampharos|Meteor Beam|p1a: Ceruledge
|-supereffective|p1a: Ceruledge
|-enditem|p1a: Ceruledge|Focus Sash
|-damage|p1a: Ceruledge|1/100
|move|p1a: Ceruledge|Swords Dance|p1a: Ceruledge
|-boost|p1a: Ceruledge|atk|2
|
|upkeep
|turn|15
|
|t:|1776098191
|move|p2a: Ampharos|Thunderbolt|p1a: Ceruledge
|-damage|p1a: Ceruledge|0 fnt
|faint|p1a: Ceruledge
|
|upkeep
|
|t:|1776098194
|switch|p1a: Ogerpon|Ogerpon-Cornerstone, F|100/100
|turn|16
|
|t:|1776098199
|move|p2a: Ampharos|Dazzling Gleam|p1a: Ogerpon
|-damage|p1a: Ogerpon|54/100
|move|p1a: Ogerpon|Ivy Cudgel|p2a: Ampharos|[anim] Ivy Cudgel Rock
|-damage|p2a: Ampharos|30/100
|
|upkeep
|turn|17
|
|t:|1776098203
|-terastallize|p2a: Ampharos|Fairy
|move|p2a: Ampharos|Dazzling Gleam|p1a: Ogerpon
|-damage|p1a: Ogerpon|0 fnt
|faint|p1a: Ogerpon
|
|upkeep
|
|t:|1776098207
|switch|p1a: Hatterene|Hatterene, F, shiny|46/100
|turn|18
|
|t:|1776098213
|move|p2a: Ampharos|Thunderbolt|p1a: Hatterene
|-damage|p1a: Hatterene|0 fnt
|faint|p1a: Hatterene
|
|win|Anchor9
|raw|Mopriii's rating: 1496 &rarr; <strong>1473</strong><br />(-23 for losing)
|raw|Anchor9's rating: 1444 &rarr; <strong>1467</strong><br />(+23 for winning)
|l|☆Anchor9
|player|p2|
