|html|<div class="broadcast-blue"><strong>[Gen 9] OU is currently suspecting Tera Blast! For information on how to participate check out the <a href="https://www.smogon.com/tools/suspects/view/200">suspect thread</a>.</strong></div>
|j|☆Humerus_Skelepun
|j|☆GYM LEADER ZAI
|t:|1776228100
|gametype|singles
|player|p1|Humerus_Skelepun|101|1528
|player|p2|GYM LEADER ZAI|marshal|1584
|gen|9
|tier|[Gen 9] OU
|rated|
|rule|HP Percentage Mod: HP is shown in percentages
|rule|Endless Battle Clause: Forcing endless battles is banned
|rule|Species Clause: Limit one of each Pokémon
|rule|OHKO Clause: OHKO moves are banned
|rule|Evasion Items Clause: Evasion items are banned
|rule|Evasion Moves Clause: Evasion moves are banned
|rule|Evasion Abilities Clause: Evasion abilities are banned
|rule|Sleep Moves Clause: Sleep-inducing moves are banned
|clearpoke
|poke|p1|Hatterene, F|
|poke|p1|Corviknight, M|
|poke|p1|Ting-Lu|
|poke|p1|Kyurem|
|poke|p1|Zamazenta-*|
|poke|p1|Iron Moth|
|poke|p2|Iron Valiant|
|poke|p2|Zamazenta-*|
|poke|p2|Okidogi, M|
|poke|p2|Hawlucha, F|
|poke|p2|Iron Hands|
|poke|p2|Kommo-o, F|
|teampreview
|inactive|Battle timer is ON: inactive players will automatically lose when time's up. (requested by Humerus_Skelepun)
|inactive|Humerus_Skelepun has 120 seconds left.
|
|t:|1776228141
|teamsize|p1|6
|teamsize|p2|6
|start
|switch|p1a: Iron Moth|Iron Moth|100/100
|switch|p2a: Okidogi|Okidogi, M|100/100
|turn|1
|
|t:|1776228152
|-end|p1a: Iron Moth|Quark Drive|[silent]
|switch|p1a: Corviknight|Corviknight, M|100/100
|-ability|p1a: Corviknight|Pressure
|move|p2a: Okidogi|High Horsepower|p1a: Corviknight
|-immune|p1a: Corviknight
|
|upkeep
|turn|2
|
|t:|1776228159
|switch|p2a: Iron Hands|Iron Hands|100/100
|move|p1a: Corviknight|Brave Bird|p2a: Iron Hands
|-damage|p2a: Iron Hands|75/100
|-damage|p1a: Corviknight|91/100|[from] Recoil
|
|upkeep
|turn|3
|
|t:|1776228185
|switch|p1a: Zamazenta|Zamazenta|100/100
|-ability|p1a: Zamazenta|Dauntless Shield|boost
|-boost|p1a: Zamazenta|def|1
|move|p2a: Iron Hands|Drain Punch|p1a: Zamazenta
|-damage|p1a: Zamazenta|74/100
|-heal|p2a: Iron Hands|85/100|[from] drain|[of] p1a: Zamazenta
|
|upkeep
|turn|4
|
|t:|1776228198
|-end|p2a: Iron Hands|Quark Drive|[silent]
|switch|p2a: Iron Valiant|Iron Valiant|100/100
|-enditem|p2a: Iron Valiant|Booster Energy
|-activate|p2a: Iron Valiant|ability: Quark Drive|[fromitem]
|-start|p2a: Iron Valiant|quarkdrivespe
|move|p1a: Zamazenta|Close Combat|p2a: Iron Valiant
|-resisted|p2a: Iron Valiant
|-damage|p2a: Iron Valiant|60/100
|-unboost|p1a: Zamazenta|def|1
|-unboost|p1a: Zamazenta|spd|1
|
|upkeep
|turn|5
|
|t:|1776228208
|switch|p1a: Iron Moth|Iron Moth|100/100
|move|p2a: Iron Valiant|Moonblast|p1a: Iron Moth
|-resisted|p1a: Iron Moth
|-damage|p1a: Iron Moth|88/100
|
|upkeep
|turn|6
|
|t:|1776228218
|move|p2a: Iron Valiant|Psychic|p1a: Iron Moth
|-supereffective|p1a: Iron Moth
|-damage|p1a: Iron Moth|29/100
|move|p1a: Iron Moth|Fiery Dance|p2a: Iron Valiant
|-damage|p2a: Iron Valiant|0 fnt
|-boost|p1a: Iron Moth|spa|1
|faint|p2a: Iron Valiant
|-end|p2a: Iron Valiant|Quark Drive|[silent]
|
|upkeep
|
|t:|1776228231
|switch|p2a: Iron Hands|Iron Hands|85/100
|turn|7
|
|t:|1776228242
|move|p1a: Iron Moth|Fiery Dance|p2a: Iron Hands
|-damage|p2a: Iron Hands|32/100
|move|p2a: Iron Hands|Earthquake|p1a: Iron Moth
|-supereffective|p1a: Iron Moth
|-damage|p1a: Iron Moth|0 fnt
|faint|p1a: Iron Moth
|-end|p1a: Iron Moth|Quark Drive|[silent]
|
|upkeep
|
|t:|1776228249
|switch|p1a: Zamazenta|Zamazenta|74/100
|turn|8
|
|t:|1776228257
|move|p1a: Zamazenta|Close Combat|p2a: Iron Hands
|-damage|p2a: Iron Hands|0 fnt
|-unboost|p1a: Zamazenta|def|1
|-unboost|p1a: Zamazenta|spd|1
|faint|p2a: Iron Hands
|-end|p2a: Iron Hands|Quark Drive|[silent]
|
|upkeep
|
|t:|1776228267
|switch|p2a: Okidogi|Okidogi, M|100/100
|turn|9
|
|t:|1776228275
|switch|p1a: Hatterene|Hatterene, F|100/100
|move|p2a: Okidogi|Drain Punch|p1a: Hatterene
|-resisted|p1a: Hatterene
|-damage|p1a: Hatterene|90/100
|-status|p1a: Hatterene|tox|[from] ability: Toxic Chain|[of] p2a: Okidogi
|
|-damage|p1a: Hatterene|84/100 tox|[from] psn
|upkeep
|turn|10
|
|t:|1776228286
|-terastallize|p1a: Hatterene|Water
|move|p2a: Okidogi|Poison Jab|p1a: Hatterene
|-damage|p1a: Hatterene|31/100 tox
|move|p1a: Hatterene|Psyshock|p2a: Okidogi
|-supereffective|p2a: Okidogi
|-damage|p2a: Okidogi|0 fnt
|faint|p2a: Okidogi
|
|-damage|p1a: Hatterene|19/100 tox|[from] psn
|upkeep
|
|t:|1776228304
|switch|p2a: Zamazenta|Zamazenta|100/100
|-ability|p2a: Zamazenta|Dauntless Shield|boost
|-boost|p2a: Zamazenta|def|1
|turn|11
|
|t:|1776228315
|move|p2a: Zamazenta|Iron Defense|p2a: Zamazenta
|-boost|p2a: Zamazenta|def|2
|move|p1a: Hatterene|Nuzzle|p2a: Zamazenta
|-damage|p2a: Zamazenta|99/100
|-status|p2a: Zamazenta|par
|
|-heal|p2a: Zamazenta|100/100 par|[from] item: Leftovers
|-damage|p1a: Hatterene|1/100 tox|[from] psn
|upkeep
|turn|12
|
|t:|1776228322
|move|p2a: Zamazenta|Rest|p2a: Zamazenta
|-fail|p2a: Zamazenta|heal
|move|p1a: Hatterene|Draining Kiss|p2a: Zamazenta
|-supereffective|p2a: Zamazenta
|-damage|p2a: Zamazenta|60/100 par
|-heal|p1a: Hatterene|38/100 tox|[from] drain|[of] p2a: Zamazenta
|
|-heal|p2a: Zamazenta|66/100 par|[from] item: Leftovers
|-damage|p1a: Hatterene|14/100 tox|[from] psn
|upkeep
|turn|13
|
|t:|1776228335
|move|p2a: Zamazenta|Rest|p2a: Zamazenta
|-status|p2a: Zamazenta|slp|[from] move: Rest
|-heal|p2a: Zamazenta|100/100 slp|[silent]
|move|p1a: Hatterene|Nuzzle|p2a: Zamazenta
|-crit|p2a: Zamazenta
|-damage|p2a: Zamazenta|97/100 slp
|
|-heal|p2a: Zamazenta|100/100 slp|[from] item: Leftovers
|-damage|p1a: Hatterene|0 fnt|[from] psn
|faint|p1a: Hatterene
|upkeep
|j| Pokemon-Lover834
|
|t:|1776228341
|switch|p1a: Ting-Lu|Ting-Lu|100/100
|-ability|p1a: Ting-Lu|Vessel of Ruin
|turn|14
|
|t:|1776228345
|cant|p2a: Zamazenta|slp
|move|p1a: Ting-Lu|Whirlwind|p2a: Zamazenta
|drag|p2a: Kommo-o|Kommo-o, F|100/100
|
|upkeep
|turn|15
|
|t:|1776228353
|move|p2a: Kommo-o|Aura Sphere|p1a: Ting-Lu
|-supereffective|p1a: Ting-Lu
|-damage|p1a: Ting-Lu|71/100
|move|p1a: Ting-Lu|Stealth Rock|p2a: Kommo-o
|-sidestart|p2: GYM LEADER ZAI|move: Stealth Rock
|
|-heal|p1a: Ting-Lu|77/100|[from] item: Leftovers
|upkeep
|turn|16
|
|t:|1776228359
|move|p2a: Kommo-o|Aura Sphere|p1a: Ting-Lu
|-supereffective|p1a: Ting-Lu
|-damage|p1a: Ting-Lu|43/100
|move|p1a: Ting-Lu|Ruination|p2a: Kommo-o|[miss]
|-miss|p1a: Ting-Lu|p2a: Kommo-o
|
|-heal|p1a: Ting-Lu|50/100|[from] item: Leftovers
|upkeep
|turn|17
|
|t:|1776228371
|move|p2a: Kommo-o|Clangorous Soul|p2a: Kommo-o
|-boost|p2a: Kommo-o|atk|1
|-boost|p2a: Kommo-o|def|1
|-boost|p2a: Kommo-o|spa|1
|-boost|p2a: Kommo-o|spd|1
|-boost|p2a: Kommo-o|spe|1
|-damage|p2a: Kommo-o|68/100
|-enditem|p2a: Kommo-o|Throat Spray
|-boost|p2a: Kommo-o|spa|1|[from] item: Throat Spray
|move|p1a: Ting-Lu|Ruination|p2a: Kommo-o
|-damage|p2a: Kommo-o|34/100
|
|-heal|p1a: Ting-Lu|56/100|[from] item: Leftovers
|upkeep
|turn|18
|
|t:|1776228379
|move|p2a: Kommo-o|Aura Sphere|p1a: Ting-Lu
|-supereffective|p1a: Ting-Lu
|-damage|p1a: Ting-Lu|0 fnt
|faint|p1a: Ting-Lu
|
|upkeep
|
|t:|1776228384
|switch|p1a: Corviknight|Corviknight, M|91/100
|-ability|p1a: Corviknight|Pressure
|turn|19
|
|t:|1776228389
|move|p2a: Kommo-o|Aura Sphere|p1a: Corviknight
|-damage|p1a: Corviknight|19/100
|move|p1a: Corviknight|Brave Bird|p2a: Kommo-o
|-supereffective|p2a: Kommo-o
|-damage|p2a: Kommo-o|0 fnt
|faint|p2a: Kommo-o
|-damage|p1a: Corviknight|11/100|[from] Recoil
|
|upkeep
|
|t:|1776228398
|switch|p2a: Hawlucha|Hawlucha, F|100/100
|-damage|p2a: Hawlucha|88/100|[from] Stealth Rock
|turn|20
|
|t:|1776228403
|move|p2a: Hawlucha|Endure|p2a: Hawlucha
|-singleturn|p2a: Hawlucha|move: Endure
|move|p1a: Corviknight|Brave Bird|p2a: Hawlucha
|-supereffective|p2a: Hawlucha
|-activate|p2a: Hawlucha|move: Endure
|-damage|p2a: Hawlucha|1/100
|-enditem|p2a: Hawlucha|Liechi Berry|[eat]
|-boost|p2a: Hawlucha|atk|1|[from] item: Liechi Berry
|-damage|p1a: Corviknight|0 fnt|[from] Recoil
|faint|p1a: Corviknight
|
|upkeep
|
|t:|1776228407
|switch|p1a: Zamazenta|Zamazenta|74/100
|turn|21
|c|☆Humerus_Skelepun|gg
|
|t:|1776228413
|move|p2a: Hawlucha|Acrobatics|p1a: Zamazenta
|-supereffective|p1a: Zamazenta
|-damage|p1a: Zamazenta|0 fnt
|faint|p1a: Zamazenta
|
|upkeep
|
|t:|1776228415
|switch|p1a: Kyurem|Kyurem|100/100
|-ability|p1a: Kyurem|Pressure
|turn|22
|
|t:|1776228420
|move|p2a: Hawlucha|Reversal|p1a: Kyurem
|-supereffective|p1a: Kyurem
|-damage|p1a: Kyurem|0 fnt
|faint|p1a: Kyurem
|
|win|GYM LEADER ZAI
|raw|Humerus_Skelepun's rating: 1528 &rarr; <strong>1511</strong><br />(-17 for losing)
|raw|GYM LEADER ZAI's rating: 1584 &rarr; <strong>1601</strong><br />(+17 for winning)
