|html|<div class="broadcast-blue"><strong>[Gen 9] OU is currently suspecting Tera Blast! For information on how to participate check out the <a href="https://www.smogon.com/tools/suspects/view/200">suspect thread</a>.</strong></div>
|j|☆yiuoujv
|j|☆THEREDPANTHER44
|t:|1776088328
|gametype|singles
|player|p1|yiuoujv|battlegirl-gen4|1251
|player|p2|THEREDPANTHER44|riley|1290
|gen|9
|tier|[Gen 9] OU
|rated|
|rule|HP Percentage Mod: HP is shown in percentages
|rule|Endless Battle Clause: Forcing endless battles is banned
|rule|Species Clause: Limit one of each Pokémon
|rule|OHKO Clause: OHKO moves are banned
|rule|Evasion Items Clause: Evasion items are banned
|rule|Evasion Moves Clause: Evasion moves are banned
|rule|Evasion Abilities Clause: Evasion abilities are banned
|rule|Sleep Moves Clause: Sleep-inducing moves are banned
|clearpoke
|poke|p1|Azelf|
|poke|p1|Dragapult, F|
|poke|p1|Landorus-Therian, M|
|poke|p1|Scizor, F|
|poke|p1|Raging Bolt|
|poke|p1|Zamazenta-*|
|poke|p2|Great Tusk|
|poke|p2|Heatran, F|
|poke|p2|Gholdengo|
|poke|p2|Raging Bolt|
|poke|p2|Rillaboom, M|
|poke|p2|Sceptile, F|
|teampreview
|inactive|Battle timer is ON: inactive players will automatically lose when time's up. (requested by yiuoujv)
|
|t:|1776088336
|teamsize|p1|6
|teamsize|p2|6
|start
|switch|p1a: Azelf|Azelf|100/100
|switch|p2a: Rillaboom|Rillaboom, M|100/100
|-fieldstart|move: Grassy Terrain|[from] ability: Grassy Surge|[of] p2a: Rillaboom
|turn|1
|
|t:|1776088346
|move|p1a: Azelf|Fire Blast|p2a: Rillaboom
|-supereffective|p2a: Rillaboom
|-damage|p2a: Rillaboom|4/100
|-damage|p1a: Azelf|91/100|[from] item: Life Orb
|move|p2a: Rillaboom|Knock Off|p1a: Azelf
|-supereffective|p1a: Azelf
|-damage|p1a: Azelf|0 fnt
|-enditem|p1a: Azelf|Life Orb|[from] move: Knock Off|[of] p2a: Rillaboom
|faint|p1a: Azelf
|
|-heal|p2a: Rillaboom|10/100|[from] Grassy Terrain
|upkeep
|
|t:|1776088356
|switch|p1a: Dragapult|Dragapult, F|100/100
|turn|2
|
|t:|1776088362
|switch|p2a: Heatran|Heatran, F|100/100
|move|p1a: Dragapult|U-turn|p2a: Heatran
|-resisted|p2a: Heatran
|-damage|p2a: Heatran|93/100
|
|t:|1776088368
|switch|p1a: Landorus|Landorus-Therian, M|100/100|[from] U-turn
|-ability|p1a: Landorus|Intimidate|boost
|-unboost|p2a: Heatran|atk|1
|
|-heal|p2a: Heatran|99/100|[from] Grassy Terrain
|-heal|p2a: Heatran|100/100|[from] item: Leftovers
|upkeep
|turn|3
|
|t:|1776088375
|move|p1a: Landorus|Earthquake|p2a: Heatran
|-supereffective|p2a: Heatran
|-damage|p2a: Heatran|0 fnt
|faint|p2a: Heatran
|
|upkeep
|
|t:|1776088386
|switch|p2a: Great Tusk|Great Tusk|100/100
|turn|4
|
|t:|1776088392
|switch|p1a: Zamazenta|Zamazenta|100/100
|-ability|p1a: Zamazenta|Dauntless Shield|boost
|-boost|p1a: Zamazenta|def|1
|move|p2a: Great Tusk|Stealth Rock|p1a: Zamazenta
|-sidestart|p1: yiuoujv|move: Stealth Rock
|
|upkeep
|turn|5
|
|t:|1776088404
|-end|p2a: Great Tusk|Protosynthesis|[silent]
|switch|p2a: Raging Bolt|Raging Bolt|100/100
|move|p1a: Zamazenta|Iron Defense|p1a: Zamazenta
|-boost|p1a: Zamazenta|def|2
|
|upkeep
|turn|6
|
|t:|1776088410
|move|p1a: Zamazenta|Body Press|p2a: Raging Bolt
|-damage|p2a: Raging Bolt|22/100
|move|p2a: Raging Bolt|Thunderbolt|p1a: Zamazenta
|-damage|p1a: Zamazenta|57/100
|
|-heal|p1a: Zamazenta|63/100|[from] Grassy Terrain
|-heal|p2a: Raging Bolt|28/100|[from] Grassy Terrain
|-heal|p2a: Raging Bolt|34/100|[from] item: Leftovers
|upkeep
|turn|7
|
|t:|1776088418
|move|p2a: Raging Bolt|Thunderclap|p1a: Zamazenta
|-damage|p1a: Zamazenta|31/100
|move|p1a: Zamazenta|Body Press|p2a: Raging Bolt
|-damage|p2a: Raging Bolt|0 fnt
|faint|p2a: Raging Bolt
|-end|p2a: Raging Bolt|Protosynthesis|[silent]
|
|-heal|p1a: Zamazenta|37/100|[from] Grassy Terrain
|upkeep
|
|t:|1776088421
|switch|p2a: Gholdengo|Gholdengo|100/100
|-item|p2a: Gholdengo|Air Balloon
|turn|8
|
|t:|1776088433
|-terastallize|p1a: Zamazenta|Dark
|-terastallize|p2a: Gholdengo|Fairy
|move|p1a: Zamazenta|Crunch|p2a: Gholdengo
|-resisted|p2a: Gholdengo
|-damage|p2a: Gholdengo|88/100
|-enditem|p2a: Gholdengo|Air Balloon
|move|p2a: Gholdengo|Make It Rain|p1a: Zamazenta
|-damage|p1a: Zamazenta|0 fnt
|-unboost|p2a: Gholdengo|spa|1
|faint|p1a: Zamazenta
|
|-heal|p2a: Gholdengo|94/100|[from] Grassy Terrain
|-fieldend|move: Grassy Terrain
|upkeep
|
|t:|1776088441
|switch|p1a: Scizor|Scizor, F|100/100
|-damage|p1a: Scizor|88/100|[from] Stealth Rock
|turn|9
|
|t:|1776088445
|switch|p2a: Great Tusk|Great Tusk|100/100
|move|p1a: Scizor|Bullet Punch|p2a: Great Tusk
|-damage|p2a: Great Tusk|69/100
|-damage|p1a: Scizor|72/100|[from] item: Rocky Helmet|[of] p2a: Great Tusk
|
|upkeep
|turn|10
|
|t:|1776088453
|switch|p1a: Landorus|Landorus-Therian, M|100/100
|-damage|p1a: Landorus|88/100|[from] Stealth Rock
|-ability|p1a: Landorus|Intimidate|boost
|-unboost|p2a: Great Tusk|atk|1
|move|p2a: Great Tusk|Headlong Rush|p1a: Landorus
|-immune|p1a: Landorus
|
|upkeep
|turn|11
|
|t:|1776088463
|move|p1a: Landorus|U-turn|p2a: Great Tusk
|-resisted|p2a: Great Tusk
|-damage|p2a: Great Tusk|57/100
|-damage|p1a: Landorus|72/100|[from] item: Rocky Helmet|[of] p2a: Great Tusk
|
|t:|1776088466
|switch|p1a: Dragapult|Dragapult, F|100/100|[from] U-turn
|-damage|p1a: Dragapult|88/100|[from] Stealth Rock
|move|p2a: Great Tusk|Ice Spinner|p1a: Dragapult
|-supereffective|p1a: Dragapult
|-damage|p1a: Dragapult|46/100
|
|upkeep
|turn|12
|
|t:|1776088476
|move|p1a: Dragapult|Dragon Darts|p2a: Great Tusk
|-damage|p2a: Great Tusk|31/100
|-anim|p1a: Dragapult|Dragon Darts|p2a: Great Tusk
|-damage|p2a: Great Tusk|4/100
|move|p2a: Great Tusk|Ice Spinner|p1a: Dragapult
|-supereffective|p1a: Dragapult
|-damage|p1a: Dragapult|1/100
|
|upkeep
|turn|13
|
|t:|1776088483
|move|p1a: Dragapult|Dragon Darts|p2a: Great Tusk
|-damage|p2a: Great Tusk|0 fnt
|faint|p2a: Great Tusk
|-end|p2a: Great Tusk|Protosynthesis|[silent]
|
|upkeep
|
|t:|1776088485
|switch|p2a: Rillaboom|Rillaboom, M|10/100
|-fieldstart|move: Grassy Terrain|[from] ability: Grassy Surge|[of] p2a: Rillaboom
|turn|14
|
|t:|1776088489
|move|p2a: Rillaboom|Grassy Glide|p1a: Dragapult
|-resisted|p1a: Dragapult
|-damage|p1a: Dragapult|0 fnt
|faint|p1a: Dragapult
|
|-heal|p2a: Rillaboom|17/100|[from] Grassy Terrain
|upkeep
|
|t:|1776088494
|switch|p1a: Scizor|Scizor, F|72/100
|-damage|p1a: Scizor|59/100|[from] Stealth Rock
|turn|15
|
|t:|1776088499
|move|p1a: Scizor|Bullet Punch|p2a: Rillaboom
|-damage|p2a: Rillaboom|0 fnt
|faint|p2a: Rillaboom
|
|-heal|p1a: Scizor|65/100|[from] Grassy Terrain
|upkeep
|
|t:|1776088503
|switch|p2a: Gholdengo|Gholdengo, tera:Fairy|94/100
|turn|16
|
|t:|1776088507
|move|p1a: Scizor|Bullet Punch|p2a: Gholdengo
|-supereffective|p2a: Gholdengo
|-damage|p2a: Gholdengo|19/100
|move|p2a: Gholdengo|Shadow Ball|p1a: Scizor
|-damage|p1a: Scizor|11/100
|
|-heal|p1a: Scizor|17/100|[from] Grassy Terrain
|-heal|p2a: Gholdengo|25/100|[from] Grassy Terrain
|upkeep
|turn|17
|
|t:|1776088516
|move|p1a: Scizor|Bullet Punch|p2a: Gholdengo
|-supereffective|p2a: Gholdengo
|-damage|p2a: Gholdengo|0 fnt
|faint|p2a: Gholdengo
|
|-heal|p1a: Scizor|23/100|[from] Grassy Terrain
|upkeep
|
|t:|1776088519
|switch|p2a: Sceptile|Sceptile, F|100/100
|-enditem|p2a: Sceptile|Grassy Seed
|-boost|p2a: Sceptile|def|1|[from] item: Grassy Seed
|turn|18
|
|t:|1776088525
|move|p1a: Scizor|Bullet Punch|p2a: Sceptile
|-damage|p2a: Sceptile|45/100
|move|p2a: Sceptile|Acrobatics|p1a: Scizor
|-damage|p1a: Scizor|0 fnt
|faint|p1a: Scizor
|
|-heal|p2a: Sceptile|51/100|[from] Grassy Terrain
|upkeep
|
|t:|1776088530
|switch|p1a: Raging Bolt|Raging Bolt|100/100
|-damage|p1a: Raging Bolt|88/100|[from] Stealth Rock
|-enditem|p1a: Raging Bolt|Booster Energy
|-activate|p1a: Raging Bolt|ability: Protosynthesis|[fromitem]
|-start|p1a: Raging Bolt|protosynthesisspa
|turn|19
|
|t:|1776088547
|move|p2a: Sceptile|Swords Dance|p2a: Sceptile
|-boost|p2a: Sceptile|atk|2
|move|p1a: Raging Bolt|Thunderbolt|p2a: Sceptile
|-resisted|p2a: Sceptile
|-damage|p2a: Sceptile|11/100
|
|-heal|p2a: Sceptile|17/100|[from] Grassy Terrain
|-heal|p1a: Raging Bolt|94/100|[from] Grassy Terrain
|upkeep
|turn|20
|
|t:|1776088564
|move|p1a: Raging Bolt|Thunderclap||[still]
|-fail|p1a: Raging Bolt
|move|p2a: Sceptile|Swords Dance|p2a: Sceptile
|-boost|p2a: Sceptile|atk|2
|
|-heal|p2a: Sceptile|23/100|[from] Grassy Terrain
|-heal|p1a: Raging Bolt|100/100|[from] Grassy Terrain
|upkeep
|turn|21
|
|t:|1776088584
|move|p1a: Raging Bolt|Thunderclap|p2a: Sceptile
|-resisted|p2a: Sceptile
|-damage|p2a: Sceptile|0 fnt
|faint|p2a: Sceptile
|
|win|yiuoujv
|raw|yiuoujv's rating: 1251 &rarr; <strong>1279</strong><br />(+28 for winning)
|raw|THEREDPANTHER44's rating: 1290 &rarr; <strong>1262</strong><br />(-28 for losing)
|l|☆yiuoujv
|player|p1|
|l|☆THEREDPANTHER44
|player|p2|
