|html|<div class="broadcast-blue"><strong>[Gen 9] OU is currently suspecting Tera Blast! For information on how to participate check out the <a href="https://www.smogon.com/tools/suspects/view/200">suspect thread</a>.</strong></div>
|j|☆ydm14
|j|☆Scoobert995
|t:|1776132698
|gametype|singles
|player|p1|ydm14|265|1337
|player|p2|Scoobert995|pokemaniac|1332
|gen|9
|tier|[Gen 9] OU
|rated|
|rule|HP Percentage Mod: HP is shown in percentages
|rule|Endless Battle Clause: Forcing endless battles is banned
|rule|Species Clause: Limit one of each Pokémon
|rule|OHKO Clause: OHKO moves are banned
|rule|Evasion Items Clause: Evasion items are banned
|rule|Evasion Moves Clause: Evasion moves are banned
|rule|Evasion Abilities Clause: Evasion abilities are banned
|rule|Sleep Moves Clause: Sleep-inducing moves are banned
|clearpoke
|poke|p1|Alomomola, M|
|poke|p1|Grafaiai, M|
|poke|p1|Iron Moth|
|poke|p1|Great Tusk|
|poke|p1|Ogerpon-Wellspring, F|
|poke|p1|Heatran, M|
|poke|p2|Rillaboom, F|
|poke|p2|Heatran, M|
|poke|p2|Polteageist-Antique|
|poke|p2|Ceruledge, F|
|poke|p2|Maushold-Four|
|poke|p2|Hawlucha, F|
|teampreview
|inactive|Battle timer is ON: inactive players will automatically lose when time's up. (requested by Scoobert995)
|
|t:|1776132709
|teamsize|p1|6
|teamsize|p2|6
|start
|switch|p1a: Heatran|Heatran, M|100/100
|switch|p2a: Ryu Ishigori|Heatran, M|100/100
|turn|1
|
|t:|1776132718
|switch|p2a: Invincible|Hawlucha, F|100/100
|move|p1a: Heatran|Earth Power|p2a: Invincible
|-immune|p2a: Invincible
|
|upkeep
|turn|2
|
|t:|1776132727
|switch|p1a: Alomomola|Alomomola, M|100/100
|move|p2a: Invincible|High Jump Kick|p1a: Alomomola
|-damage|p1a: Alomomola|70/100
|-damage|p2a: Invincible|84/100|[from] item: Rocky Helmet|[of] p1a: Alomomola
|
|upkeep
|turn|3
|
|t:|1776132734
|move|p2a: Invincible|Swords Dance|p2a: Invincible
|-boost|p2a: Invincible|atk|2
|move|p1a: Alomomola|Flip Turn|p2a: Invincible
|-damage|p2a: Invincible|58/100
|
|t:|1776132736
|switch|p1a: Grafaiai|Grafaiai, M|100/100|[from] Flip Turn
|-item|p1a: Grafaiai|Air Balloon
|
|upkeep
|turn|4
|
|t:|1776132745
|move|p1a: Grafaiai|Encore|p2a: Invincible
|-start|p2a: Invincible|Encore
|move|p2a: Invincible|Swords Dance|p2a: Invincible
|-boost|p2a: Invincible|atk|2
|
|upkeep
|turn|5
|
|t:|1776132751
|switch|p2a: Ryu Ishigori|Heatran, M|100/100
|move|p1a: Grafaiai|U-turn|p2a: Ryu Ishigori
|-resisted|p2a: Ryu Ishigori
|-damage|p2a: Ryu Ishigori|97/100
|
|t:|1776132760
|switch|p1a: Great Tusk|Great Tusk|100/100|[from] U-turn
|
|upkeep
|turn|6
|
|t:|1776132765
|-terastallize|p2a: Ryu Ishigori|Grass
|move|p1a: Great Tusk|Rapid Spin|p2a: Ryu Ishigori
|-damage|p2a: Ryu Ishigori|83/100
|-boost|p1a: Great Tusk|spe|1
|move|p2a: Ryu Ishigori|Solar Beam||[still]
|-prepare|p2a: Ryu Ishigori|Solar Beam
|-enditem|p2a: Ryu Ishigori|Power Herb
|-anim|p2a: Ryu Ishigori|Solar Beam|p1a: Great Tusk
|-supereffective|p1a: Great Tusk
|-damage|p1a: Great Tusk|0 fnt
|faint|p1a: Great Tusk
|-end|p1a: Great Tusk|Protosynthesis|[silent]
|
|upkeep
|
|t:|1776132784
|switch|p1a: Grafaiai|Grafaiai, M|100/100
|-item|p1a: Grafaiai|Air Balloon
|turn|7
|
|t:|1776132787
|move|p1a: Grafaiai|Encore|p2a: Ryu Ishigori
|-start|p2a: Ryu Ishigori|Encore
|move|p2a: Ryu Ishigori|Solar Beam||[still]
|-prepare|p2a: Ryu Ishigori|Solar Beam
|
|upkeep
|turn|8
|
|t:|1776132793
|move|p1a: Grafaiai|Parting Shot|p2a: Ryu Ishigori
|-unboost|p2a: Ryu Ishigori|atk|1
|-unboost|p2a: Ryu Ishigori|spa|1
|
|t:|1776132796
|switch|p1a: Iron Moth|Iron Moth|100/100|[from] Parting Shot
|-enditem|p1a: Iron Moth|Booster Energy
|-activate|p1a: Iron Moth|ability: Quark Drive|[fromitem]
|-start|p1a: Iron Moth|quarkdrivespe
|move|p2a: Ryu Ishigori|Solar Beam|p1a: Iron Moth|[from] lockedmove
|-resisted|p1a: Iron Moth
|-damage|p1a: Iron Moth|90/100
|
|upkeep
|turn|9
|
|t:|1776132808
|switch|p2a: Bucky Barnes|Rillaboom, F|100/100
|-fieldstart|move: Grassy Terrain|[from] ability: Grassy Surge|[of] p2a: Bucky Barnes
|-enditem|p2a: Bucky Barnes|Grassy Seed
|-boost|p2a: Bucky Barnes|def|1|[from] item: Grassy Seed
|move|p1a: Iron Moth|Substitute|p1a: Iron Moth
|-start|p1a: Iron Moth|Substitute
|-damage|p1a: Iron Moth|65/100
|
|-heal|p1a: Iron Moth|71/100|[from] Grassy Terrain
|upkeep
|turn|10
|
|t:|1776132820
|move|p1a: Iron Moth|Fiery Dance|p2a: Bucky Barnes
|-supereffective|p2a: Bucky Barnes
|-damage|p2a: Bucky Barnes|0 fnt
|faint|p2a: Bucky Barnes
|
|-heal|p1a: Iron Moth|77/100|[from] Grassy Terrain
|upkeep
|
|t:|1776132826
|switch|p2a: Invincible|Hawlucha, F|58/100
|-enditem|p2a: Invincible|Grassy Seed
|-boost|p2a: Invincible|def|1|[from] item: Grassy Seed
|turn|11
|
|t:|1776132830
|move|p2a: Invincible|Acrobatics|p1a: Iron Moth
|-end|p1a: Iron Moth|Substitute
|move|p1a: Iron Moth|Fiery Dance|p2a: Invincible
|-damage|p2a: Invincible|0 fnt
|-boost|p1a: Iron Moth|spa|1
|faint|p2a: Invincible
|
|-heal|p1a: Iron Moth|83/100|[from] Grassy Terrain
|upkeep
|
|t:|1776132840
|switch|p2a: The Pain|Maushold-Four|100/100
|turn|12
|
|t:|1776132847
|move|p1a: Iron Moth|Fiery Dance|p2a: The Pain
|-damage|p2a: The Pain|17/100
|-boost|p1a: Iron Moth|spa|1
|move|p2a: The Pain|Population Bomb|p1a: Iron Moth
|-damage|p1a: Iron Moth|64/100
|-damage|p1a: Iron Moth|48/100
|-damage|p1a: Iron Moth|31/100
|-damage|p1a: Iron Moth|13/100
|-damage|p1a: Iron Moth|0 fnt
|faint|p1a: Iron Moth
|-end|p1a: Iron Moth|Quark Drive|[silent]
|-hitcount|p1: Iron Moth|5
|
|-heal|p2a: The Pain|24/100|[from] Grassy Terrain
|upkeep
|
|t:|1776132864
|switch|p1a: Alomomola|Alomomola, M|100/100
|turn|13
|
|t:|1776132868
|move|p2a: The Pain|Bullet Seed|p1a: Alomomola
|-supereffective|p1a: Alomomola
|-damage|p1a: Alomomola|89/100
|-supereffective|p1a: Alomomola
|-damage|p1a: Alomomola|75/100
|-hitcount|p1a: Alomomola|2
|move|p1a: Alomomola|Flip Turn|p2a: The Pain
|-damage|p2a: The Pain|0 fnt
|faint|p2a: The Pain
|
|t:|1776132886
|switch|p1a: Heatran|Heatran, M|100/100|[from] Flip Turn
|
|-fieldend|move: Grassy Terrain
|upkeep
|
|t:|1776132895
|switch|p2a: Mahoraga|Polteageist-Antique|100/100
|turn|14
|
|t:|1776132898
|switch|p1a: Grafaiai|Grafaiai, M|100/100
|-item|p1a: Grafaiai|Air Balloon
|move|p2a: Mahoraga|Shell Smash|p2a: Mahoraga
|-unboost|p2a: Mahoraga|def|1
|-unboost|p2a: Mahoraga|spd|1
|-boost|p2a: Mahoraga|atk|2
|-boost|p2a: Mahoraga|spa|2
|-boost|p2a: Mahoraga|spe|2
|
|upkeep
|turn|15
|
|t:|1776132908
|move|p1a: Grafaiai|Encore|p2a: Mahoraga
|-start|p2a: Mahoraga|Encore
|move|p2a: Mahoraga|Shell Smash|p2a: Mahoraga
|-unboost|p2a: Mahoraga|def|1
|-unboost|p2a: Mahoraga|spd|1
|-boost|p2a: Mahoraga|atk|2
|-boost|p2a: Mahoraga|spa|2
|-boost|p2a: Mahoraga|spe|2
|
|upkeep
|turn|16
|
|t:|1776132916
|switch|p2a: The man on fire|Ceruledge, F|100/100
|move|p1a: Grafaiai|U-turn|p2a: The man on fire
|-resisted|p2a: The man on fire
|-damage|p2a: The man on fire|95/100
|-ability|p2a: The man on fire|Weak Armor|boost
|-unboost|p2a: The man on fire|def|1
|-boost|p2a: The man on fire|spe|2
|
|t:|1776132923
|switch|p1a: Alomomola|Alomomola, M|100/100|[from] U-turn
|
|upkeep
|turn|17
|
|t:|1776132930
|move|p2a: The man on fire|Swords Dance|p2a: The man on fire
|-boost|p2a: The man on fire|atk|2
|move|p1a: Alomomola|Flip Turn|p2a: The man on fire
|-supereffective|p2a: The man on fire
|-damage|p2a: The man on fire|31/100
|-ability|p2a: The man on fire|Weak Armor|boost
|-unboost|p2a: The man on fire|def|1
|-boost|p2a: The man on fire|spe|2
|
|t:|1776132936
|switch|p1a: Grafaiai|Grafaiai, M|100/100|[from] Flip Turn
|-item|p1a: Grafaiai|Air Balloon
|
|upkeep
|turn|18
|
|t:|1776132940
|move|p1a: Grafaiai|Copycat|p1a: Grafaiai
|move|p1a: Grafaiai|Flip Turn|p2a: The man on fire|[from] move: Copycat
|-supereffective|p2a: The man on fire
|-damage|p2a: The man on fire|0 fnt
|faint|p2a: The man on fire
|
|t:|1776132944
|switch|p1a: Alomomola|Alomomola, M|100/100|[from] Flip Turn
|
|upkeep
|
|t:|1776132947
|switch|p2a: Ryu Ishigori|Heatran, M, tera:Grass|83/100
|turn|19
|
|t:|1776132953
|move|p2a: Ryu Ishigori|Magma Storm|p1a: Alomomola
|-resisted|p1a: Alomomola
|-damage|p1a: Alomomola|69/100
|-activate|p1a: Alomomola|move: Magma Storm|[of] p2a: Ryu Ishigori
|move|p1a: Alomomola|Flip Turn|p2a: Ryu Ishigori
|-resisted|p2a: Ryu Ishigori
|-damage|p2a: Ryu Ishigori|77/100
|
|t:|1776132970
|switch|p1a: Grafaiai|Grafaiai, M|100/100|[from] Flip Turn
|-item|p1a: Grafaiai|Air Balloon
|
|upkeep
|turn|20
|
|t:|1776132975
|move|p1a: Grafaiai|Parting Shot|p2a: Ryu Ishigori
|-unboost|p2a: Ryu Ishigori|atk|1
|-unboost|p2a: Ryu Ishigori|spa|1
|
|t:|1776132980
|switch|p1a: Heatran|Heatran, M|100/100|[from] Parting Shot
|move|p2a: Ryu Ishigori|Will-O-Wisp|p1a: Heatran
|-start|p1a: Heatran|ability: Flash Fire
|
|upkeep
|turn|21
|
|t:|1776132986
|move|p1a: Heatran|Stealth Rock|p2a: Ryu Ishigori
|-sidestart|p2: Scoobert995|move: Stealth Rock
|move|p2a: Ryu Ishigori|Solar Beam||[still]
|-prepare|p2a: Ryu Ishigori|Solar Beam
|
|upkeep
|turn|22
|
|t:|1776132993
|move|p1a: Heatran|Protect|p1a: Heatran
|-singleturn|p1a: Heatran|Protect
|move|p2a: Ryu Ishigori|Solar Beam|p1a: Heatran|[from] lockedmove
|-activate|p1a: Heatran|move: Protect
|
|upkeep
|turn|23
|-message|Scoobert995 forfeited.
|
|win|ydm14
|raw|ydm14's rating: 1337 &rarr; <strong>1357</strong><br />(+20 for winning)
|raw|Scoobert995's rating: 1332 &rarr; <strong>1312</strong><br />(-20 for losing)
|l|☆Scoobert995
|player|p2|
