|html|<div class="broadcast-blue"><strong>[Gen 9] OU is currently suspecting Tera Blast! For information on how to participate check out the <a href="https://www.smogon.com/tools/suspects/view/200">suspect thread</a>.</strong></div>
|j|☆RyvalMD
|j|☆eros maniac
|t:|1776075128
|gametype|singles
|player|p1|RyvalMD|1|1549
|player|p2|eros maniac|hilbert-wonderlauncher|1687
|gen|9
|tier|[Gen 9] OU
|rated|
|rule|HP Percentage Mod: HP is shown in percentages
|rule|Endless Battle Clause: Forcing endless battles is banned
|rule|Species Clause: Limit one of each Pokémon
|rule|OHKO Clause: OHKO moves are banned
|rule|Evasion Items Clause: Evasion items are banned
|rule|Evasion Moves Clause: Evasion moves are banned
|rule|Evasion Abilities Clause: Evasion abilities are banned
|rule|Sleep Moves Clause: Sleep-inducing moves are banned
|clearpoke
|poke|p1|Iron Hands|
|poke|p1|Rillaboom, M|
|poke|p1|Dragapult, M|
|poke|p1|Great Tusk|
|poke|p1|Slowking-Galar, F|
|poke|p1|Kingambit, M|
|poke|p2|Frosmoth, F|
|poke|p2|Maushold-Four|
|poke|p2|Okidogi, M|
|poke|p2|Sinistcha|
|poke|p2|Alomomola, F|
|poke|p2|Weezing-Galar, F|
|teampreview
|inactive|Battle timer is ON: inactive players will automatically lose when time's up. (requested by eros maniac)
|
|t:|1776075143
|teamsize|p1|6
|teamsize|p2|6
|start
|switch|p1a: Great Tusk|Great Tusk|100/100
|switch|p2a: Okidogi|Okidogi, M|100/100
|turn|1
|j| Monkey D MinMin
|
|t:|1776075147
|switch|p2a: Alomomola|Alomomola, F, shiny|100/100
|move|p1a: Great Tusk|Knock Off|p2a: Alomomola
|-damage|p2a: Alomomola|83/100
|-damage|p1a: Great Tusk|84/100|[from] item: Rocky Helmet|[of] p2a: Alomomola
|-enditem|p2a: Alomomola|Rocky Helmet|[from] move: Knock Off|[of] p1a: Great Tusk
|
|upkeep
|turn|2
|
|t:|1776075153
|move|p1a: Great Tusk|Stealth Rock|p2a: Alomomola
|-sidestart|p2: eros maniac|move: Stealth Rock
|move|p2a: Alomomola|Flip Turn|p1a: Great Tusk
|-supereffective|p1a: Great Tusk
|-damage|p1a: Great Tusk|70/100
|-damage|p2a: Alomomola|66/100|[from] item: Rocky Helmet|[of] p1a: Great Tusk
|
|t:|1776075157
|switch|p2a: Maushold|Maushold-Four|100/100|[from] Flip Turn
|-damage|p2a: Maushold|88/100|[from] Stealth Rock
|
|upkeep
|turn|3
|
|t:|1776075161
|move|p2a: Maushold|Encore|p1a: Great Tusk
|-start|p1a: Great Tusk|Encore
|move|p1a: Great Tusk|Stealth Rock||[still]
|-fail|p1a: Great Tusk
|
|upkeep
|turn|4
|
|t:|1776075168
|-end|p1a: Great Tusk|Protosynthesis|[silent]
|switch|p1a: Rillaboom|Rillaboom, M|100/100
|-fieldstart|move: Grassy Terrain|[from] ability: Grassy Surge|[of] p1a: Rillaboom
|move|p2a: Maushold|Tidy Up|p2a: Maushold
|-sideend|p2: eros maniac|Stealth Rock
|-activate|p2a: Maushold|move: Tidy Up
|-boost|p2a: Maushold|atk|1
|-boost|p2a: Maushold|spe|1
|
|-heal|p2a: Maushold|94/100|[from] Grassy Terrain
|upkeep
|turn|5
|
|t:|1776075173
|switch|p2a: Okidogi|Okidogi, M|100/100
|move|p1a: Rillaboom|U-turn|p2a: Okidogi
|-resisted|p2a: Okidogi
|-damage|p2a: Okidogi|93/100
|
|t:|1776075180
|switch|p1a: Iron Hands|Iron Hands|100/100|[from] U-turn
|-enditem|p1a: Iron Hands|Grassy Seed
|-boost|p1a: Iron Hands|def|1|[from] item: Grassy Seed
|
|-heal|p2a: Okidogi|99/100|[from] Grassy Terrain
|upkeep
|turn|6
|
|t:|1776075186
|switch|p2a: Weezing|Weezing-Galar, F|100/100
|-ability|p2a: Weezing|Neutralizing Gas
|move|p1a: Iron Hands|Swords Dance|p1a: Iron Hands
|-boost|p1a: Iron Hands|atk|2
|
|upkeep
|turn|7
|
|t:|1776075193
|-terastallize|p1a: Iron Hands|Fire
|move|p2a: Weezing|Will-O-Wisp|p1a: Iron Hands
|-immune|p1a: Iron Hands
|move|p1a: Iron Hands|Swords Dance|p1a: Iron Hands
|-boost|p1a: Iron Hands|atk|2
|
|upkeep
|turn|8
|
|t:|1776075198
|move|p2a: Weezing|Toxic|p1a: Iron Hands
|-status|p1a: Iron Hands|tox
|move|p1a: Iron Hands|Supercell Slam|p2a: Weezing
|-damage|p2a: Weezing|0 fnt
|faint|p2a: Weezing
|-end|p2a: Weezing|ability: Neutralizing Gas
|
|-damage|p1a: Iron Hands|94/100 tox|[from] psn
|-fieldend|move: Grassy Terrain
|upkeep
|
|t:|1776075203
|switch|p2a: Sinistcha|Sinistcha, shiny|100/100
|turn|9
|
|t:|1776075213
|move|p2a: Sinistcha|Strength Sap|p1a: Iron Hands
|-unboost|p1a: Iron Hands|atk|1
|move|p1a: Iron Hands|Ice Punch|p2a: Sinistcha
|-supereffective|p2a: Sinistcha
|-damage|p2a: Sinistcha|0 fnt
|faint|p2a: Sinistcha
|
|-damage|p1a: Iron Hands|82/100 tox|[from] psn
|upkeep
|
|t:|1776075219
|switch|p2a: Frosmoth|Frosmoth, F, shiny|100/100
|turn|10
|
|t:|1776075222
|move|p2a: Frosmoth|Substitute|p2a: Frosmoth
|-start|p2a: Frosmoth|Substitute
|-damage|p2a: Frosmoth|75/100
|move|p1a: Iron Hands|Supercell Slam|p2a: Frosmoth
|-end|p2a: Frosmoth|Substitute
|
|-heal|p2a: Frosmoth|82/100|[from] item: Leftovers
|-damage|p1a: Iron Hands|63/100 tox|[from] psn
|upkeep
|turn|11
|j| MX WZKL
|
|t:|1776075229
|move|p2a: Frosmoth|Substitute|p2a: Frosmoth
|-start|p2a: Frosmoth|Substitute
|-damage|p2a: Frosmoth|57/100
|move|p1a: Iron Hands|Drain Punch|p2a: Frosmoth
|-end|p2a: Frosmoth|Substitute
|-heal|p1a: Iron Hands|73/100 tox|[from] drain|[of] p2a: Frosmoth
|
|-heal|p2a: Frosmoth|63/100|[from] item: Leftovers
|-damage|p1a: Iron Hands|48/100 tox|[from] psn
|upkeep
|turn|12
|
|t:|1776075233
|move|p2a: Frosmoth|Substitute|p2a: Frosmoth
|-start|p2a: Frosmoth|Substitute
|-damage|p2a: Frosmoth|38/100
|move|p1a: Iron Hands|Drain Punch|p2a: Frosmoth
|-end|p2a: Frosmoth|Substitute
|-heal|p1a: Iron Hands|57/100 tox|[from] drain|[of] p2a: Frosmoth
|
|-heal|p2a: Frosmoth|44/100|[from] item: Leftovers
|-damage|p1a: Iron Hands|26/100 tox|[from] psn
|upkeep
|turn|13
|
|t:|1776075239
|move|p2a: Frosmoth|Substitute|p2a: Frosmoth
|-start|p2a: Frosmoth|Substitute
|-damage|p2a: Frosmoth|19/100
|move|p1a: Iron Hands|Drain Punch|p2a: Frosmoth
|-end|p2a: Frosmoth|Substitute
|-heal|p1a: Iron Hands|36/100 tox|[from] drain|[of] p2a: Frosmoth
|
|-heal|p2a: Frosmoth|25/100|[from] item: Leftovers
|-damage|p1a: Iron Hands|0 fnt|[from] psn
|faint|p1a: Iron Hands
|-end|p1a: Iron Hands|Quark Drive|[silent]
|upkeep
|
|t:|1776075256
|switch|p1a: Rillaboom|Rillaboom, M|100/100
|-fieldstart|move: Grassy Terrain|[from] ability: Grassy Surge|[of] p1a: Rillaboom
|turn|14
|
|t:|1776075261
|switch|p2a: Okidogi|Okidogi, M|99/100
|move|p1a: Rillaboom|Knock Off|p2a: Okidogi
|-resisted|p2a: Okidogi
|-damage|p2a: Okidogi|77/100
|-enditem|p2a: Okidogi|Choice Band|[from] move: Knock Off|[of] p1a: Rillaboom
|
|-heal|p2a: Okidogi|84/100|[from] Grassy Terrain
|upkeep
|turn|15
|
|t:|1776075268
|switch|p1a: Great Tusk|Great Tusk|70/100
|move|p2a: Okidogi|Knock Off|p1a: Great Tusk
|-resisted|p1a: Great Tusk
|-crit|p1a: Great Tusk
|-damage|p1a: Great Tusk|56/100
|-damage|p2a: Okidogi|67/100|[from] item: Rocky Helmet|[of] p1a: Great Tusk
|-enditem|p1a: Great Tusk|Rocky Helmet|[from] move: Knock Off|[of] p2a: Okidogi
|
|-heal|p1a: Great Tusk|62/100|[from] Grassy Terrain
|-heal|p2a: Okidogi|73/100|[from] Grassy Terrain
|upkeep
|turn|16
|
|t:|1776075276
|move|p1a: Great Tusk|Stealth Rock|p2a: Okidogi
|-sidestart|p2: eros maniac|move: Stealth Rock
|move|p2a: Okidogi|Drain Punch|p1a: Great Tusk
|-damage|p1a: Great Tusk|42/100
|-heal|p2a: Okidogi|85/100|[from] drain|[of] p1a: Great Tusk
|-status|p1a: Great Tusk|tox|[from] ability: Toxic Chain|[of] p2a: Okidogi
|
|-heal|p1a: Great Tusk|48/100 tox|[from] Grassy Terrain
|-heal|p2a: Okidogi|91/100|[from] Grassy Terrain
|-damage|p1a: Great Tusk|42/100 tox|[from] psn
|upkeep
|turn|17
|
|t:|1776075278
|switch|p2a: Alomomola|Alomomola, F, shiny|99/100
|-damage|p2a: Alomomola|87/100|[from] Stealth Rock
|move|p1a: Great Tusk|Headlong Rush|p2a: Alomomola
|-damage|p2a: Alomomola|52/100
|-unboost|p1a: Great Tusk|def|1
|-unboost|p1a: Great Tusk|spd|1
|
|-heal|p1a: Great Tusk|48/100 tox|[from] Grassy Terrain
|-heal|p2a: Alomomola|58/100|[from] Grassy Terrain
|-damage|p1a: Great Tusk|36/100 tox|[from] psn
|upkeep
|turn|18
|
|t:|1776075287
|move|p1a: Great Tusk|Headlong Rush|p2a: Alomomola
|-damage|p2a: Alomomola|27/100
|-unboost|p1a: Great Tusk|def|1
|-unboost|p1a: Great Tusk|spd|1
|move|p2a: Alomomola|Wish|p2a: Alomomola
|
|-heal|p1a: Great Tusk|42/100 tox|[from] Grassy Terrain
|-heal|p2a: Alomomola|33/100|[from] Grassy Terrain
|-damage|p1a: Great Tusk|24/100 tox|[from] psn
|-fieldend|move: Grassy Terrain
|upkeep
|turn|19
|l| Monkey D MinMin
|
|t:|1776075295
|switch|p2a: Frosmoth|Frosmoth, F, shiny|25/100
|-damage|p2a: Frosmoth|0 fnt|[from] Stealth Rock
|faint|p2a: Frosmoth
|move|p1a: Great Tusk|Headlong Rush|p2: Frosmoth|[notarget]
|-fail|p1a: Great Tusk
|
|-damage|p1a: Great Tusk|0 fnt|[from] psn
|faint|p1a: Great Tusk
|-end|p1a: Great Tusk|Protosynthesis|[silent]
|upkeep
|
|t:|1776075306
|switch|p1a: Dragapult|Dragapult, M|100/100
|switch|p2a: Okidogi|Okidogi, M|91/100
|-damage|p2a: Okidogi|85/100|[from] Stealth Rock
|turn|20
|
|t:|1776075314
|switch|p2a: Alomomola|Alomomola, F, shiny|66/100
|-damage|p2a: Alomomola|54/100|[from] Stealth Rock
|move|p1a: Dragapult|Draco Meteor|p2a: Alomomola
|-damage|p2a: Alomomola|0 fnt
|-unboost|p1a: Dragapult|spa|2
|faint|p2a: Alomomola
|
|upkeep
|
|t:|1776075319
|switch|p2a: Maushold|Maushold-Four|94/100
|-damage|p2a: Maushold|82/100|[from] Stealth Rock
|turn|21
|
|t:|1776075321
|move|p1a: Dragapult|Draco Meteor|p2a: Maushold|[miss]
|-miss|p1a: Dragapult|p2a: Maushold
|move|p2a: Maushold|Tidy Up|p2a: Maushold
|-sideend|p2: eros maniac|Stealth Rock
|-activate|p2a: Maushold|move: Tidy Up
|-boost|p2a: Maushold|atk|1
|-boost|p2a: Maushold|spe|1
|
|upkeep
|turn|22
|
|t:|1776075324
|move|p2a: Maushold|Beat Up|p1a: Dragapult
|-supereffective|p1a: Dragapult
|-crit|p1a: Dragapult
|-damage|p1a: Dragapult|74/100
|-supereffective|p1a: Dragapult
|-damage|p1a: Dragapult|49/100
|-hitcount|p1a: Dragapult|2
|move|p1a: Dragapult|Draco Meteor|p2a: Maushold
|-damage|p2a: Maushold|24/100
|-unboost|p1a: Dragapult|spa|2
|
|upkeep
|turn|23
|l| MX WZKL
|
|t:|1776075335
|switch|p1a: Kingambit|Kingambit, M|100/100
|-activate|p1a: Kingambit|ability: Supreme Overlord
|-start|p1a: Kingambit|fallen2|[silent]
|move|p2a: Maushold|Population Bomb|p1a: Kingambit
|-resisted|p1a: Kingambit
|-damage|p1a: Kingambit|95/100
|-resisted|p1a: Kingambit
|-damage|p1a: Kingambit|89/100
|-resisted|p1a: Kingambit
|-damage|p1a: Kingambit|83/100
|-resisted|p1a: Kingambit
|-damage|p1a: Kingambit|77/100
|-resisted|p1a: Kingambit
|-damage|p1a: Kingambit|71/100
|-resisted|p1a: Kingambit
|-damage|p1a: Kingambit|66/100
|-resisted|p1a: Kingambit
|-damage|p1a: Kingambit|60/100
|-resisted|p1a: Kingambit
|-damage|p1a: Kingambit|54/100
|-resisted|p1a: Kingambit
|-damage|p1a: Kingambit|49/100
|-resisted|p1a: Kingambit
|-damage|p1a: Kingambit|43/100
|-hitcount|p1a: Kingambit|10
|
|upkeep
|turn|24
|
|t:|1776075343
|move|p2a: Maushold|Population Bomb|p1a: Kingambit
|-resisted|p1a: Kingambit
|-damage|p1a: Kingambit|37/100
|-resisted|p1a: Kingambit
|-damage|p1a: Kingambit|31/100
|-resisted|p1a: Kingambit
|-damage|p1a: Kingambit|24/100
|-resisted|p1a: Kingambit
|-damage|p1a: Kingambit|19/100
|-resisted|p1a: Kingambit
|-damage|p1a: Kingambit|12/100
|-resisted|p1a: Kingambit
|-damage|p1a: Kingambit|7/100
|-resisted|p1a: Kingambit
|-damage|p1a: Kingambit|1/100
|-resisted|p1a: Kingambit
|-damage|p1a: Kingambit|0 fnt
|faint|p1a: Kingambit
|-end|p1a: Kingambit|fallen2|[silent]
|-hitcount|p1: Kingambit|8
|
|upkeep
|
|t:|1776075347
|switch|p1a: Rillaboom|Rillaboom, M|100/100
|-fieldstart|move: Grassy Terrain|[from] ability: Grassy Surge|[of] p1a: Rillaboom
|turn|25
|
|t:|1776075349
|move|p1a: Rillaboom|Grassy Glide|p2a: Maushold
|-damage|p2a: Maushold|0 fnt
|faint|p2a: Maushold
|
|upkeep
|
|t:|1776075351
|switch|p2a: Okidogi|Okidogi, M|85/100
|turn|26
|
|t:|1776075354
|move|p1a: Rillaboom|Grassy Glide|p2a: Okidogi
|-resisted|p2a: Okidogi
|-damage|p2a: Okidogi|62/100
|move|p2a: Okidogi|Knock Off|p1a: Rillaboom
|-crit|p1a: Rillaboom
|-damage|p1a: Rillaboom|38/100
|-enditem|p1a: Rillaboom|Choice Band|[from] move: Knock Off|[of] p2a: Okidogi
|
|-heal|p1a: Rillaboom|44/100|[from] Grassy Terrain
|-heal|p2a: Okidogi|68/100|[from] Grassy Terrain
|upkeep
|turn|27
|
|t:|1776075358
|move|p1a: Rillaboom|Grassy Glide|p2a: Okidogi
|-resisted|p2a: Okidogi
|-crit|p2a: Okidogi
|-damage|p2a: Okidogi|43/100
|move|p2a: Okidogi|Drain Punch|p1a: Rillaboom
|-damage|p1a: Rillaboom|0 fnt
|-heal|p2a: Okidogi|62/100|[from] drain|[of] p1a: Rillaboom
|faint|p1a: Rillaboom
|
|-heal|p2a: Okidogi|68/100|[from] Grassy Terrain
|upkeep
|
|t:|1776075363
|switch|p1a: Dragapult|Dragapult, M|49/100
|turn|28
|
|t:|1776075366
|-terastallize|p2a: Okidogi|Dark
|move|p1a: Dragapult|Draco Meteor|p2a: Okidogi
|-damage|p2a: Okidogi|0 fnt
|-unboost|p1a: Dragapult|spa|2
|faint|p2a: Okidogi
|
|win|RyvalMD
|raw|RyvalMD's rating: 1549 &rarr; <strong>1577</strong><br />(+28 for winning)
|raw|eros maniac's rating: 1687 &rarr; <strong>1659</strong><br />(-28 for losing)
|l|☆eros maniac
|player|p2|
|l|☆RyvalMD
|player|p1|
|j| Foxi4
|l| Foxi4
