|html|<div class="broadcast-blue"><strong>[Gen 9] OU is currently suspecting Volcarona! For information on how to participate check out the <a href="https://www.smogon.com/tools/suspects/view/208">suspect thread</a>.</strong></div>
|j|☆OscarGamble
|j|☆FrostBite13yes
|t:|1778506005
|gametype|singles
|player|p1|OscarGamble|169|1596
|player|p2|FrostBite13yes|2|1536
|gen|9
|tier|[Gen 9] OU
|rated|
|rule|HP Percentage Mod: HP is shown in percentages
|rule|Endless Battle Clause: Forcing endless battles is banned
|rule|Species Clause: Limit one of each Pokémon
|rule|OHKO Clause: OHKO moves are banned
|rule|Evasion Items Clause: Evasion items are banned
|rule|Evasion Moves Clause: Evasion moves are banned
|rule|Evasion Abilities Clause: Evasion abilities are banned
|rule|Sleep Moves Clause: Sleep-inducing moves are banned
|clearpoke
|poke|p1|Volcarona, M|
|poke|p1|Kyurem|
|poke|p1|Raging Bolt|
|poke|p1|Ting-Lu|
|poke|p1|Tornadus-Therian, M|
|poke|p1|Pecharunt|
|poke|p2|Pelipper, F|
|poke|p2|Barraskewda, M|
|poke|p2|Zapdos|
|poke|p2|Clodsire, M|
|poke|p2|Mandibuzz, F|
|poke|p2|Basculegion-F, F|
|teampreview
|
|t:|1778506041
|teamsize|p1|6
|teamsize|p2|6
|start
|switch|p1a: Raging Bolt|Raging Bolt|100/100
|switch|p2a: Barraskewda|Barraskewda, M|100/100
|turn|1
|
|t:|1778506064
|switch|p2a: Clodsire|Clodsire, M, shiny|100/100
|move|p1a: Raging Bolt|Draco Meteor|p2a: Clodsire
|-damage|p2a: Clodsire|60/100
|-unboost|p1a: Raging Bolt|spa|2
|
|-heal|p2a: Clodsire|66/100|[from] item: Black Sludge
|upkeep
|turn|2
|
|t:|1778506071
|-end|p1a: Raging Bolt|Protosynthesis|[silent]
|switch|p1a: Ting-Lu|Ting-Lu|100/100
|-ability|p1a: Ting-Lu|Vessel of Ruin
|move|p2a: Clodsire|Stealth Rock|p1a: Ting-Lu
|-sidestart|p1: OscarGamble|move: Stealth Rock
|
|-heal|p2a: Clodsire|72/100|[from] item: Black Sludge
|upkeep
|turn|3
|
|t:|1778506076
|switch|p2a: Mandibuzz|Mandibuzz, F, shiny|100/100
|move|p1a: Ting-Lu|Spikes|p2a: Mandibuzz
|-sidestart|p2: FrostBite13yes|Spikes
|
|upkeep
|turn|4
|
|t:|1778506082
|move|p2a: Mandibuzz|U-turn|p1a: Ting-Lu
|-supereffective|p1a: Ting-Lu
|-damage|p1a: Ting-Lu|87/100
|
|t:|1778506086
|switch|p2a: Pelipper|Pelipper, F|100/100|[from] U-turn
|-weather|RainDance|[from] ability: Drizzle|[of] p2a: Pelipper
|move|p1a: Ting-Lu|Ruination|p2a: Pelipper
|-damage|p2a: Pelipper|51/100
|
|-weather|RainDance|[upkeep]
|-heal|p1a: Ting-Lu|93/100|[from] item: Leftovers
|upkeep
|turn|5
|
|t:|1778506093
|move|p2a: Pelipper|Surf|p1a: Ting-Lu
|-supereffective|p1a: Ting-Lu
|-damage|p1a: Ting-Lu|59/100
|move|p1a: Ting-Lu|Whirlwind|p2a: Pelipper
|drag|p2a: Mandibuzz|Mandibuzz, F, shiny|100/100
|
|-weather|RainDance|[upkeep]
|-heal|p1a: Ting-Lu|65/100|[from] item: Leftovers
|upkeep
|turn|6
|
|t:|1778506105
|move|p2a: Mandibuzz|U-turn|p1a: Ting-Lu
|-supereffective|p1a: Ting-Lu
|-damage|p1a: Ting-Lu|53/100
|
|t:|1778506108
|switch|p2a: Pelipper|Pelipper, F|51/100|[from] U-turn
|move|p1a: Ting-Lu|Spikes|p2a: Pelipper
|-sidestart|p2: FrostBite13yes|Spikes
|
|-weather|RainDance|[upkeep]
|-heal|p1a: Ting-Lu|60/100|[from] item: Leftovers
|upkeep
|turn|7
|
|t:|1778506121
|switch|p1a: Raging Bolt|Raging Bolt|100/100
|move|p2a: Pelipper|U-turn|p1a: Raging Bolt
|-damage|p1a: Raging Bolt|91/100
|
|t:|1778506125
|switch|p2a: Clodsire|Clodsire, M, shiny|72/100|[from] U-turn
|-damage|p2a: Clodsire|56/100|[from] Spikes
|
|-weather|RainDance|[upkeep]
|-heal|p2a: Clodsire|62/100|[from] item: Black Sludge
|upkeep
|turn|8
|
|t:|1778506134
|-end|p1a: Raging Bolt|Protosynthesis|[silent]
|switch|p1a: Ting-Lu|Ting-Lu|60/100
|-damage|p1a: Ting-Lu|53/100|[from] Stealth Rock
|-ability|p1a: Ting-Lu|Vessel of Ruin
|move|p2a: Clodsire|Recover|p2a: Clodsire
|-heal|p2a: Clodsire|100/100
|
|-weather|RainDance|[upkeep]
|-heal|p1a: Ting-Lu|60/100|[from] item: Leftovers
|upkeep
|turn|9
|
|t:|1778506138
|move|p1a: Ting-Lu|Ruination|p2a: Clodsire
|-damage|p2a: Clodsire|51/100
|move|p2a: Clodsire|Toxic|p1a: Ting-Lu
|-status|p1a: Ting-Lu|tox
|
|-weather|RainDance|[upkeep]
|-heal|p1a: Ting-Lu|66/100 tox|[from] item: Leftovers
|-heal|p2a: Clodsire|57/100|[from] item: Black Sludge
|-damage|p1a: Ting-Lu|60/100 tox|[from] psn
|upkeep
|turn|10
|
|t:|1778506145
|switch|p2a: Pelipper|Pelipper, F|51/100
|move|p1a: Ting-Lu|Spikes|p2a: Pelipper
|-sidestart|p2: FrostBite13yes|Spikes
|
|-weather|RainDance|[upkeep]
|-heal|p1a: Ting-Lu|66/100 tox|[from] item: Leftovers
|-damage|p1a: Ting-Lu|53/100 tox|[from] psn
|upkeep
|turn|11
|
|t:|1778506153
|move|p2a: Pelipper|Roost|p2a: Pelipper
|-heal|p2a: Pelipper|100/100
|-singleturn|p2a: Pelipper|move: Roost
|move|p1a: Ting-Lu|Whirlwind|p2a: Pelipper
|drag|p2a: Zapdos|Zapdos|100/100
|
|-weather|none
|-heal|p1a: Ting-Lu|60/100 tox|[from] item: Leftovers
|-damage|p1a: Ting-Lu|41/100 tox|[from] psn
|upkeep
|turn|12
|
|t:|1778506162
|switch|p2a: Mandibuzz|Mandibuzz, F, shiny|100/100
|switch|p1a: Raging Bolt|Raging Bolt|91/100
|
|upkeep
|turn|13
|
|t:|1778506173
|-terastallize|p2a: Mandibuzz|Steel
|move|p1a: Raging Bolt|Draco Meteor|p2a: Mandibuzz|[miss]
|-miss|p1a: Raging Bolt|p2a: Mandibuzz
|move|p2a: Mandibuzz|Defog|p1a: Raging Bolt
|-unboost|p1a: Raging Bolt|evasion|1
|-sideend|p1: OscarGamble|Stealth Rock|[from] move: Defog|[of] p2a: Mandibuzz
|-sideend|p2: FrostBite13yes|Spikes|[from] move: Defog|[of] p2a: Mandibuzz
|
|upkeep
|turn|14
|
|t:|1778506187
|-end|p1a: Raging Bolt|Protosynthesis|[silent]
|switch|p1a: Volcarona|Volcarona, M|100/100
|move|p2a: Mandibuzz|U-turn|p1a: Volcarona
|-resisted|p1a: Volcarona
|-damage|p1a: Volcarona|95/100
|
|t:|1778506195
|switch|p2a: Basculegion|Basculegion-F, F|100/100|[from] U-turn
|
|upkeep
|turn|15
|
|t:|1778506210
|-terastallize|p1a: Volcarona|Water
|move|p2a: Basculegion|Surf|p1a: Volcarona
|-resisted|p1a: Volcarona
|-damage|p1a: Volcarona|66/100
|move|p1a: Volcarona|Quiver Dance|p1a: Volcarona
|-boost|p1a: Volcarona|spa|1
|-boost|p1a: Volcarona|spd|1
|-boost|p1a: Volcarona|spe|1
|
|upkeep
|turn|16
|
|t:|1778506217
|switch|p2a: Pelipper|Pelipper, F|100/100
|-weather|RainDance|[from] ability: Drizzle|[of] p2a: Pelipper
|move|p1a: Volcarona|Quiver Dance|p1a: Volcarona
|-boost|p1a: Volcarona|spa|1
|-boost|p1a: Volcarona|spd|1
|-boost|p1a: Volcarona|spe|1
|
|-weather|RainDance|[upkeep]
|upkeep
|turn|17
|
|t:|1778506223
|move|p1a: Volcarona|Psychic|p2a: Pelipper
|-damage|p2a: Pelipper|51/100
|move|p2a: Pelipper|U-turn|p1a: Volcarona
|-damage|p1a: Volcarona|58/100
|
|t:|1778506227
|switch|p2a: Zapdos|Zapdos|100/100|[from] U-turn
|
|-weather|RainDance|[upkeep]
|upkeep
|turn|18
|
|t:|1778506232
|switch|p1a: Raging Bolt|Raging Bolt|91/100
|move|p2a: Zapdos|Thunder|p1a: Raging Bolt
|-resisted|p1a: Raging Bolt
|-crit|p1a: Raging Bolt
|-damage|p1a: Raging Bolt|65/100
|-damage|p2a: Zapdos|91/100|[from] item: Life Orb
|
|-weather|RainDance|[upkeep]
|upkeep
|turn|19
|
|t:|1778506245
|switch|p2a: Mandibuzz|Mandibuzz, F, shiny, tera:Steel|100/100
|move|p1a: Raging Bolt|Volt Switch|p2a: Mandibuzz
|-damage|p2a: Mandibuzz|66/100
|
|t:|1778506261
|-end|p1a: Raging Bolt|Protosynthesis|[silent]
|switch|p1a: Volcarona|Volcarona, M, tera:Water|58/100|[from] Volt Switch
|
|-weather|RainDance|[upkeep]
|upkeep
|turn|20
|
|t:|1778506264
|switch|p2a: Zapdos|Zapdos|91/100
|move|p1a: Volcarona|Quiver Dance|p1a: Volcarona
|-boost|p1a: Volcarona|spa|1
|-boost|p1a: Volcarona|spd|1
|-boost|p1a: Volcarona|spe|1
|
|-weather|RainDance|[upkeep]
|upkeep
|turn|21
|
|t:|1778506268
|switch|p1a: Raging Bolt|Raging Bolt|65/100
|move|p2a: Zapdos|Thunder|p1a: Raging Bolt
|-resisted|p1a: Raging Bolt
|-damage|p1a: Raging Bolt|48/100
|-damage|p2a: Zapdos|81/100|[from] item: Life Orb
|
|-weather|RainDance|[upkeep]
|upkeep
|turn|22
|
|t:|1778506273
|switch|p2a: Clodsire|Clodsire, M, shiny|57/100
|move|p1a: Raging Bolt|Volt Switch|p2a: Clodsire
|-immune|p2a: Clodsire
|
|-weather|RainDance|[upkeep]
|-heal|p2a: Clodsire|63/100|[from] item: Black Sludge
|upkeep
|turn|23
|
|t:|1778506283
|-end|p1a: Raging Bolt|Protosynthesis|[silent]
|switch|p1a: Ting-Lu|Ting-Lu|41/100 tox
|-ability|p1a: Ting-Lu|Vessel of Ruin
|switch|p2a: Barraskewda|Barraskewda, M|100/100
|
|-weather|none
|-heal|p1a: Ting-Lu|47/100 tox|[from] item: Leftovers
|-damage|p1a: Ting-Lu|41/100 tox|[from] psn
|upkeep
|turn|24
|
|t:|1778506298
|move|p2a: Barraskewda|Flip Turn|p1a: Ting-Lu
|-supereffective|p1a: Ting-Lu
|-crit|p1a: Ting-Lu
|-damage|p1a: Ting-Lu|0 fnt
|faint|p1a: Ting-Lu
|-damage|p2a: Barraskewda|91/100|[from] item: Life Orb
|
|t:|1778506307
|switch|p2a: Clodsire|Clodsire, M, shiny|63/100|[from] Flip Turn
|
|-heal|p2a: Clodsire|69/100|[from] item: Black Sludge
|upkeep
|
|t:|1778506314
|switch|p1a: Kyurem|Kyurem|100/100
|-ability|p1a: Kyurem|Pressure
|turn|25
|
|t:|1778506321
|switch|p2a: Mandibuzz|Mandibuzz, F, shiny, tera:Steel|66/100
|move|p1a: Kyurem|Icicle Spear|p2a: Mandibuzz
|-resisted|p2a: Mandibuzz
|-damage|p2a: Mandibuzz|63/100
|-resisted|p2a: Mandibuzz
|-damage|p2a: Mandibuzz|59/100
|-resisted|p2a: Mandibuzz
|-damage|p2a: Mandibuzz|55/100
|-resisted|p2a: Mandibuzz
|-damage|p2a: Mandibuzz|50/100
|-resisted|p2a: Mandibuzz
|-damage|p2a: Mandibuzz|46/100
|-hitcount|p2a: Mandibuzz|5
|
|upkeep
|turn|26
|
|t:|1778506331
|move|p1a: Kyurem|Earth Power|p2a: Mandibuzz
|-supereffective|p2a: Mandibuzz
|-damage|p2a: Mandibuzz|0 fnt
|faint|p2a: Mandibuzz
|
|upkeep
|
|t:|1778506338
|switch|p2a: Pelipper|Pelipper, F|51/100
|-weather|RainDance|[from] ability: Drizzle|[of] p2a: Pelipper
|turn|27
|
|t:|1778506345
|switch|p2a: Barraskewda|Barraskewda, M|91/100
|move|p1a: Kyurem|Icicle Spear|p2a: Barraskewda
|-resisted|p2a: Barraskewda
|-damage|p2a: Barraskewda|80/100
|-resisted|p2a: Barraskewda
|-damage|p2a: Barraskewda|67/100
|-resisted|p2a: Barraskewda
|-damage|p2a: Barraskewda|56/100
|-resisted|p2a: Barraskewda
|-damage|p2a: Barraskewda|45/100
|-resisted|p2a: Barraskewda
|-damage|p2a: Barraskewda|33/100
|-hitcount|p2a: Barraskewda|5
|
|-weather|RainDance|[upkeep]
|upkeep
|turn|28
|
|t:|1778506361
|switch|p1a: Volcarona|Volcarona, M, tera:Water|58/100
|move|p2a: Barraskewda|Close Combat|p1a: Volcarona
|-damage|p1a: Volcarona|0 fnt
|-unboost|p2a: Barraskewda|def|1
|-unboost|p2a: Barraskewda|spd|1
|faint|p1a: Volcarona
|-damage|p2a: Barraskewda|23/100|[from] item: Life Orb
|
|-weather|RainDance|[upkeep]
|upkeep
|
|t:|1778506367
|switch|p1a: Pecharunt|Pecharunt|100/100
|turn|29
|
|t:|1778506371
|switch|p2a: Clodsire|Clodsire, M, shiny|69/100
|move|p1a: Pecharunt|Parting Shot|p2a: Clodsire
|-unboost|p2a: Clodsire|atk|1
|-unboost|p2a: Clodsire|spa|1
|
|t:|1778506382
|switch|p1a: Kyurem|Kyurem|100/100|[from] Parting Shot
|-ability|p1a: Kyurem|Pressure
|
|-weather|RainDance|[upkeep]
|-heal|p2a: Clodsire|75/100|[from] item: Black Sludge
|upkeep
|turn|30
|
|t:|1778506394
|switch|p2a: Basculegion|Basculegion-F, F|100/100
|move|p1a: Kyurem|Icicle Spear|p2a: Basculegion
|-resisted|p2a: Basculegion
|-damage|p2a: Basculegion|92/100
|-resisted|p2a: Basculegion
|-damage|p2a: Basculegion|83/100
|-resisted|p2a: Basculegion
|-damage|p2a: Basculegion|73/100
|-resisted|p2a: Basculegion
|-crit|p2a: Basculegion
|-damage|p2a: Basculegion|59/100
|-hitcount|p2a: Basculegion|4
|
|-weather|RainDance|[upkeep]
|upkeep
|turn|31
|
|t:|1778506407
|switch|p1a: Tornadus|Tornadus-Therian, M|100/100
|move|p2a: Basculegion|Shadow Ball|p1a: Tornadus
|-damage|p1a: Tornadus|27/100
|
|-weather|RainDance|[upkeep]
|upkeep
|turn|32
|
|t:|1778506413
|move|p2a: Basculegion|Shadow Ball|p1a: Tornadus
|-damage|p1a: Tornadus|0 fnt
|faint|p1a: Tornadus
|
|-weather|RainDance|[upkeep]
|upkeep
|
|t:|1778506416
|switch|p1a: Raging Bolt|Raging Bolt|48/100
|turn|33
|
|t:|1778506437
|-end|p1a: Raging Bolt|Protosynthesis|[silent]
|switch|p1a: Kyurem|Kyurem|100/100
|-ability|p1a: Kyurem|Pressure
|move|p2a: Basculegion|Shadow Ball|p1a: Kyurem
|-damage|p1a: Kyurem|42/100
|
|-weather|RainDance|[upkeep]
|upkeep
|turn|34
|
|t:|1778506447
|switch|p1a: Pecharunt|Pecharunt|100/100
|move|p2a: Basculegion|Shadow Ball|p1a: Pecharunt
|-supereffective|p1a: Pecharunt
|-damage|p1a: Pecharunt|0 fnt
|faint|p1a: Pecharunt
|
|-weather|none
|upkeep
|
|t:|1778506455
|switch|p1a: Raging Bolt|Raging Bolt|48/100
|turn|35
|
|t:|1778506458
|switch|p2a: Pelipper|Pelipper, F|51/100
|-weather|RainDance|[from] ability: Drizzle|[of] p2a: Pelipper
|move|p1a: Raging Bolt|Volt Switch|p2a: Pelipper
|-supereffective|p2a: Pelipper
|-damage|p2a: Pelipper|0 fnt
|faint|p2a: Pelipper
|
|t:|1778506460
|-end|p1a: Raging Bolt|Protosynthesis|[silent]
|switch|p1a: Kyurem|Kyurem|42/100|[from] Volt Switch
|-ability|p1a: Kyurem|Pressure
|
|-weather|RainDance|[upkeep]
|upkeep
|
|t:|1778506463
|switch|p2a: Barraskewda|Barraskewda, M|23/100
|turn|36
|
|t:|1778506473
|move|p2a: Barraskewda|Close Combat|p1a: Kyurem
|-supereffective|p1a: Kyurem
|-damage|p1a: Kyurem|0 fnt
|-unboost|p2a: Barraskewda|def|1
|-unboost|p2a: Barraskewda|spd|1
|faint|p1a: Kyurem
|-damage|p2a: Barraskewda|13/100|[from] item: Life Orb
|
|-weather|RainDance|[upkeep]
|upkeep
|
|t:|1778506474
|switch|p1a: Raging Bolt|Raging Bolt|48/100
|turn|37
|
|t:|1778506477
|move|p2a: Barraskewda|Liquidation|p1a: Raging Bolt
|-resisted|p1a: Raging Bolt
|-damage|p1a: Raging Bolt|6/100
|-damage|p2a: Barraskewda|4/100|[from] item: Life Orb
|move|p1a: Raging Bolt|Dragon Pulse|p2a: Barraskewda
|-damage|p2a: Barraskewda|0 fnt
|faint|p2a: Barraskewda
|
|-weather|RainDance|[upkeep]
|upkeep
|
|t:|1778506481
|switch|p2a: Clodsire|Clodsire, M, shiny|75/100
|turn|38
|
|t:|1778506484
|move|p1a: Raging Bolt|Draco Meteor|p2a: Clodsire
|-damage|p2a: Clodsire|32/100
|-unboost|p1a: Raging Bolt|spa|2
|move|p2a: Clodsire|Earthquake|p1a: Raging Bolt
|-supereffective|p1a: Raging Bolt
|-damage|p1a: Raging Bolt|0 fnt
|faint|p1a: Raging Bolt
|-end|p1a: Raging Bolt|Protosynthesis|[silent]
|
|win|FrostBite13yes
|raw|OscarGamble's rating: 1596 &rarr; <strong>1573</strong><br />(-23 for losing)
|raw|FrostBite13yes's rating: 1536 &rarr; <strong>1559</strong><br />(+23 for winning)
|l|☆OscarGamble
|player|p1|
