|html|<div class="broadcast-blue"><strong>[Gen 9] OU is currently suspecting Tera Blast! For information on how to participate check out the <a href="https://www.smogon.com/tools/suspects/view/200">suspect thread</a>.</strong></div>
|j|☆bossgonora
|j|☆JohnyZ2
|t:|1776089696
|gametype|singles
|player|p1|bossgonora|hiker-gen4|1193
|player|p2|JohnyZ2|ethan|1229
|gen|9
|tier|[Gen 9] OU
|rated|
|rule|HP Percentage Mod: HP is shown in percentages
|rule|Endless Battle Clause: Forcing endless battles is banned
|rule|Species Clause: Limit one of each Pokémon
|rule|OHKO Clause: OHKO moves are banned
|rule|Evasion Items Clause: Evasion items are banned
|rule|Evasion Moves Clause: Evasion moves are banned
|rule|Evasion Abilities Clause: Evasion abilities are banned
|rule|Sleep Moves Clause: Sleep-inducing moves are banned
|clearpoke
|poke|p1|Slaking, F|
|poke|p1|Zapdos|
|poke|p1|Cinderace, M|
|poke|p1|Ninetales-Alola, F|
|poke|p1|Conkeldurr, M|
|poke|p1|Kingambit, F|
|poke|p2|Rotom-Wash|
|poke|p2|Meowscarada, F|
|poke|p2|Garchomp, M|
|poke|p2|Excadrill, M|
|poke|p2|Primarina, F|
|poke|p2|Dragonite, M|
|teampreview
|inactive|Battle timer is ON: inactive players will automatically lose when time's up. (requested by JohnyZ2)
|
|t:|1776089720
|teamsize|p1|6
|teamsize|p2|6
|start
|switch|p1a: Zapdos|Zapdos|100/100
|switch|p2a: Meowscarada|Meowscarada, F|100/100
|turn|1
|
|t:|1776089729
|move|p2a: Meowscarada|Triple Axel|p1a: Zapdos
|-start|p2a: Meowscarada|typechange|Ice|[from] ability: Protean
|-supereffective|p1a: Zapdos
|-damage|p1a: Zapdos|76/100
|-status|p2a: Meowscarada|par|[from] ability: Static|[of] p1a: Zapdos
|-supereffective|p1a: Zapdos
|-damage|p1a: Zapdos|34/100
|-supereffective|p1a: Zapdos
|-damage|p1a: Zapdos|0 fnt
|faint|p1a: Zapdos
|-hitcount|p1: Zapdos|3
|
|upkeep
|
|t:|1776089743
|switch|p1a: Cinderace|Cinderace, M|100/100
|turn|2
|
|t:|1776089747
|move|p1a: Cinderace|Pyro Ball|p2a: Meowscarada
|-supereffective|p2a: Meowscarada
|-damage|p2a: Meowscarada|0 fnt
|faint|p2a: Meowscarada
|
|upkeep
|inactive|JohnyZ2 has 120 seconds left.
|
|t:|1776089788
|switch|p2a: Rotom|Rotom-Wash|100/100
|turn|3
|
|t:|1776089793
|move|p1a: Cinderace|Sucker Punch||[still]
|-fail|p1a: Cinderace
|move|p2a: Rotom|Trick|p1a: Cinderace
|-activate|p2a: Rotom|move: Trick|[of] p1a: Cinderace
|-item|p1a: Cinderace|Choice Specs|[from] move: Trick
|-item|p2a: Rotom|Heavy-Duty Boots|[from] move: Trick
|
|upkeep
|turn|4
|
|t:|1776089802
|move|p1a: Cinderace|Sucker Punch|p2a: Rotom
|-start|p1a: Cinderace|typechange|Dark|[from] ability: Libero
|-damage|p2a: Rotom|67/100
|move|p2a: Rotom|Hydro Pump|p1a: Cinderace
|-damage|p1a: Cinderace|29/100
|
|upkeep
|turn|5
|inactive|JohnyZ2 has 120 seconds left.
|
|t:|1776089826
|switch|p2a: Dragonite|Dragonite, M|100/100
|move|p1a: Cinderace|Sucker Punch||[still]
|-fail|p1a: Cinderace
|
|upkeep
|turn|6
|
|t:|1776089836
|switch|p1a: Ninetales|Ninetales-Alola, F|100/100
|-weather|Snowscape|[from] ability: Snow Warning|[of] p1a: Ninetales
|move|p2a: Dragonite|Dragon Dance|p2a: Dragonite
|-boost|p2a: Dragonite|atk|1
|-boost|p2a: Dragonite|spe|1
|
|-weather|Snowscape|[upkeep]
|upkeep
|turn|7
|
|t:|1776089846
|move|p2a: Dragonite|Fire Punch|p1a: Ninetales
|-supereffective|p1a: Ninetales
|-damage|p1a: Ninetales|11/100
|move|p1a: Ninetales|Ice Beam|p2a: Dragonite
|-supereffective|p2a: Dragonite
|-damage|p2a: Dragonite|0 fnt
|faint|p2a: Dragonite
|
|-weather|Snowscape|[upkeep]
|upkeep
|inactive|JohnyZ2 has 120 seconds left.
|
|t:|1776089863
|switch|p2a: Primarina|Primarina, F|100/100
|turn|8
|
|t:|1776089872
|switch|p1a: Cinderace|Cinderace, M|29/100
|move|p2a: Primarina|Surf|p1a: Cinderace
|-supereffective|p1a: Cinderace
|-damage|p1a: Cinderace|0 fnt
|faint|p1a: Cinderace
|
|-weather|Snowscape|[upkeep]
|upkeep
|
|t:|1776089884
|switch|p1a: Slaking|Slaking, F|100/100
|turn|9
|
|t:|1776089892
|move|p1a: Slaking|Giga Impact|p2a: Primarina
|-damage|p2a: Primarina|0 fnt
|-mustrecharge|p1a: Slaking
|faint|p2a: Primarina
|
|-weather|Snowscape|[upkeep]
|upkeep
|
|t:|1776089900
|switch|p2a: Excadrill|Excadrill, M|100/100
|-ability|p2a: Excadrill|Mold Breaker
|-item|p2a: Excadrill|Air Balloon
|turn|10
|
|t:|1776089907
|cant|p1a: Slaking|recharge
|move|p2a: Excadrill|Swords Dance|p2a: Excadrill
|-boost|p2a: Excadrill|atk|2
|
|-weather|none
|upkeep
|turn|11
|
|t:|1776089915
|-terastallize|p1a: Slaking|Normal
|move|p1a: Slaking|Giga Impact|p2a: Excadrill
|-resisted|p2a: Excadrill
|-damage|p2a: Excadrill|0 fnt
|-mustrecharge|p1a: Slaking
|-enditem|p2a: Excadrill|Air Balloon
|faint|p2a: Excadrill
|
|upkeep
|
|t:|1776089927
|switch|p2a: Garchomp|Garchomp, M|100/100
|turn|12
|
|t:|1776089933
|cant|p1a: Slaking|recharge
|move|p2a: Garchomp|Stealth Rock|p1a: Slaking
|-sidestart|p1: bossgonora|move: Stealth Rock
|
|upkeep
|turn|13
|
|t:|1776089939
|move|p1a: Slaking|Giga Impact|p2a: Garchomp
|-damage|p2a: Garchomp|9/100
|-mustrecharge|p1a: Slaking
|-damage|p1a: Slaking|88/100|[from] ability: Rough Skin|[of] p2a: Garchomp
|-damage|p1a: Slaking|72/100|[from] item: Rocky Helmet|[of] p2a: Garchomp
|move|p2a: Garchomp|Earthquake|p1a: Slaking
|-damage|p1a: Slaking|39/100
|
|upkeep
|turn|14
|
|t:|1776089949
|cant|p1a: Slaking|recharge
|move|p2a: Garchomp|Dragon Tail|p1a: Slaking
|-damage|p1a: Slaking|18/100
|drag|p1a: Conkeldurr|Conkeldurr, M|100/100
|-damage|p1a: Conkeldurr|94/100|[from] Stealth Rock
|
|upkeep
|turn|15
|
|t:|1776089961
|move|p1a: Conkeldurr|Mach Punch|p2a: Garchomp
|-crit|p2a: Garchomp
|-damage|p2a: Garchomp|0 fnt
|-damage|p1a: Conkeldurr|82/100|[from] ability: Rough Skin|[of] p2a: Garchomp
|-damage|p1a: Conkeldurr|65/100|[from] item: Rocky Helmet|[of] p2a: Garchomp
|faint|p2a: Garchomp
|-damage|p1a: Conkeldurr|55/100|[from] item: Life Orb
|
|upkeep
|
|t:|1776089969
|switch|p2a: Rotom|Rotom-Wash|67/100
|turn|16
|
|t:|1776089973
|move|p2a: Rotom|Hydro Pump|p1a: Conkeldurr
|-damage|p1a: Conkeldurr|8/100
|move|p1a: Conkeldurr|Knock Off|p2a: Rotom
|-damage|p2a: Rotom|13/100
|-enditem|p2a: Rotom|Heavy-Duty Boots|[from] move: Knock Off|[of] p1a: Conkeldurr
|-damage|p1a: Conkeldurr|0 fnt|[from] item: Life Orb
|faint|p1a: Conkeldurr
|
|upkeep
|
|t:|1776089985
|switch|p1a: Kingambit|Kingambit, F|100/100
|-damage|p1a: Kingambit|94/100|[from] Stealth Rock
|-activate|p1a: Kingambit|ability: Supreme Overlord
|-start|p1a: Kingambit|fallen3|[silent]
|turn|17
|
|t:|1776089992
|-terastallize|p2a: Rotom|Electric
|move|p1a: Kingambit|Sucker Punch|p2a: Rotom
|-damage|p2a: Rotom|0 fnt
|faint|p2a: Rotom
|
|win|bossgonora
|raw|bossgonora's rating: 1193 &rarr; <strong>1221</strong><br />(+28 for winning)
|raw|JohnyZ2's rating: 1229 &rarr; <strong>1201</strong><br />(-28 for losing)
|l|☆JohnyZ2
|player|p2|
|l|☆bossgonora
|player|p1|
