|html|<div class="broadcast-blue"><strong>[Gen 9] OU is currently suspecting Tera Blast! For information on how to participate check out the <a href="https://www.smogon.com/tools/suspects/view/200">suspect thread</a>.</strong></div>
|j|☆deebeezee
|j|☆taarabt07
|t:|1776195819
|gametype|singles
|player|p1|deebeezee|ghetsis|1067
|player|p2|taarabt07|dragontamer|1103
|gen|9
|tier|[Gen 9] OU
|rated|
|rule|HP Percentage Mod: HP is shown in percentages
|rule|Endless Battle Clause: Forcing endless battles is banned
|rule|Species Clause: Limit one of each Pokémon
|rule|OHKO Clause: OHKO moves are banned
|rule|Evasion Items Clause: Evasion items are banned
|rule|Evasion Moves Clause: Evasion moves are banned
|rule|Evasion Abilities Clause: Evasion abilities are banned
|rule|Sleep Moves Clause: Sleep-inducing moves are banned
|clearpoke
|poke|p1|Garganacl, F|
|poke|p1|Landorus-Therian, M|
|poke|p1|Samurott-Hisui, F|
|poke|p1|Great Tusk|
|poke|p1|Pelipper, M|
|poke|p1|Zapdos|
|poke|p2|Kingambit, F|
|poke|p2|Lilligant-Hisui, F|
|poke|p2|Mismagius, F|
|poke|p2|Gliscor, M|
|poke|p2|Ninetales, M|
|poke|p2|Vaporeon, F|
|teampreview
|
|t:|1776195829
|teamsize|p1|6
|teamsize|p2|6
|start
|switch|p1a: Landorus|Landorus-Therian, M|100/100
|switch|p2a: Ninetales|Ninetales, M|100/100
|-weather|SunnyDay|[from] ability: Drought|[of] p2a: Ninetales
|-ability|p1a: Landorus|Intimidate|boost
|-unboost|p2a: Ninetales|atk|1
|turn|1
|
|t:|1776195848
|switch|p2a: Gliscor|Gliscor, M, shiny|100/100
|move|p1a: Landorus|Stealth Rock|p2a: Gliscor
|-sidestart|p2: taarabt07|move: Stealth Rock
|
|-weather|SunnyDay|[upkeep]
|-status|p2a: Gliscor|tox|[from] item: Toxic Orb
|upkeep
|turn|2
|
|t:|1776195863
|move|p1a: Landorus|Taunt|p2a: Gliscor
|-start|p2a: Gliscor|move: Taunt
|move|p2a: Gliscor|Knock Off|p1a: Landorus
|-damage|p1a: Landorus|71/100
|-enditem|p1a: Landorus|Leftovers|[from] move: Knock Off|[of] p2a: Gliscor
|
|-weather|SunnyDay|[upkeep]
|upkeep
|turn|3
|
|t:|1776195872
|move|p1a: Landorus|U-turn|p2a: Gliscor
|-resisted|p2a: Gliscor
|-damage|p2a: Gliscor|90/100 tox
|
|t:|1776195878
|switch|p1a: Pelipper|Pelipper, M|100/100|[from] U-turn
|-weather|RainDance|[from] ability: Drizzle|[of] p1a: Pelipper
|move|p2a: Gliscor|Knock Off|p1a: Pelipper
|-damage|p1a: Pelipper|68/100
|-enditem|p1a: Pelipper|Damp Rock|[from] move: Knock Off|[of] p2a: Gliscor
|
|-weather|RainDance|[upkeep]
|-heal|p2a: Gliscor|100/100 tox|[from] ability: Poison Heal
|upkeep
|turn|4
|
|t:|1776195892
|switch|p2a: Vaporeon|Vaporeon, F|100/100
|-damage|p2a: Vaporeon|88/100|[from] Stealth Rock
|move|p1a: Pelipper|Knock Off|p2a: Vaporeon
|-damage|p2a: Vaporeon|74/100
|-enditem|p2a: Vaporeon|Leftovers|[from] move: Knock Off|[of] p1a: Pelipper
|
|-weather|RainDance|[upkeep]
|upkeep
|turn|5
|
|t:|1776195903
|move|p2a: Vaporeon|Calm Mind|p2a: Vaporeon
|-boost|p2a: Vaporeon|spa|1
|-boost|p2a: Vaporeon|spd|1
|move|p1a: Pelipper|U-turn|p2a: Vaporeon
|-damage|p2a: Vaporeon|63/100
|
|t:|1776195908
|switch|p1a: Zapdos|Zapdos|100/100|[from] U-turn
|
|-weather|RainDance|[upkeep]
|upkeep
|turn|6
|
|t:|1776195918
|switch|p2a: Gliscor|Gliscor, M, shiny|100/100 tox
|-damage|p2a: Gliscor|88/100 tox|[from] Stealth Rock
|move|p1a: Zapdos|Hurricane|p2a: Gliscor
|-damage|p2a: Gliscor|19/100 tox
|-start|p2a: Gliscor|confusion
|
|-weather|RainDance|[upkeep]
|-heal|p2a: Gliscor|31/100 tox|[from] ability: Poison Heal
|upkeep
|turn|7
|
|t:|1776195930
|-activate|p2a: Gliscor|confusion
|move|p2a: Gliscor|Knock Off|p1a: Zapdos
|-damage|p1a: Zapdos|80/100
|-enditem|p1a: Zapdos|Heavy-Duty Boots|[from] move: Knock Off|[of] p2a: Gliscor
|move|p1a: Zapdos|Hurricane|p2a: Gliscor
|-damage|p2a: Gliscor|0 fnt
|faint|p2a: Gliscor
|
|-weather|RainDance|[upkeep]
|upkeep
|
|t:|1776195938
|switch|p2a: Vaporeon|Vaporeon, F|63/100
|-damage|p2a: Vaporeon|51/100|[from] Stealth Rock
|turn|8
|
|t:|1776195945
|move|p1a: Zapdos|Thunder|p2a: Vaporeon
|-supereffective|p2a: Vaporeon
|-damage|p2a: Vaporeon|0 fnt
|faint|p2a: Vaporeon
|
|-weather|RainDance|[upkeep]
|upkeep
|
|t:|1776195957
|switch|p2a: Mismagius|Mismagius, F|100/100
|-damage|p2a: Mismagius|88/100|[from] Stealth Rock
|turn|9
|
|t:|1776195971
|move|p2a: Mismagius|Shadow Ball|p1a: Zapdos
|-damage|p1a: Zapdos|46/100
|move|p1a: Zapdos|Thunder|p2a: Mismagius
|-damage|p2a: Mismagius|35/100
|
|-weather|RainDance|[upkeep]
|-heal|p2a: Mismagius|41/100|[from] item: Leftovers
|upkeep
|turn|10
|
|t:|1776195983
|switch|p1a: Samurott|Samurott-Hisui, F|100/100
|move|p2a: Mismagius|Draining Kiss|p1a: Samurott
|-supereffective|p1a: Samurott
|-damage|p1a: Samurott|72/100
|-heal|p2a: Mismagius|68/100|[from] drain|[of] p1a: Samurott
|
|-weather|none
|-heal|p2a: Mismagius|74/100|[from] item: Leftovers
|upkeep
|turn|11
|
|t:|1776195995
|-terastallize|p2a: Mismagius|Fairy
|move|p2a: Mismagius|Draining Kiss|p1a: Samurott
|-supereffective|p1a: Samurott
|-damage|p1a: Samurott|16/100
|-heal|p2a: Mismagius|100/100|[from] drain|[of] p1a: Samurott
|move|p1a: Samurott|Ceaseless Edge|p2a: Mismagius|[miss]
|-miss|p1a: Samurott|p2a: Mismagius
|
|upkeep
|turn|12
|
|t:|1776196005
|switch|p1a: Landorus|Landorus-Therian, M|71/100
|-ability|p1a: Landorus|Intimidate|boost
|-unboost|p2a: Mismagius|atk|1
|move|p2a: Mismagius|Shadow Ball|p1a: Landorus
|-damage|p1a: Landorus|33/100
|-unboost|p1a: Landorus|spd|1
|
|upkeep
|turn|13
|
|t:|1776196017
|move|p2a: Mismagius|Draining Kiss|p1a: Landorus
|-damage|p1a: Landorus|0 fnt
|faint|p1a: Landorus
|
|upkeep
|inactive|Battle timer is ON: inactive players will automatically lose when time's up. (requested by taarabt07)
|
|t:|1776196027
|switch|p1a: Pelipper|Pelipper, M|68/100
|-weather|RainDance|[from] ability: Drizzle|[of] p1a: Pelipper
|turn|14
|
|t:|1776196033
|move|p2a: Mismagius|Draining Kiss|p1a: Pelipper
|-damage|p1a: Pelipper|43/100
|move|p1a: Pelipper|Knock Off|p2a: Mismagius
|-resisted|p2a: Mismagius
|-damage|p2a: Mismagius|87/100
|-enditem|p2a: Mismagius|Leftovers|[from] move: Knock Off|[of] p1a: Pelipper
|
|-weather|RainDance|[upkeep]
|upkeep
|turn|15
|
|t:|1776196044
|move|p2a: Mismagius|Draining Kiss|p1a: Pelipper
|-damage|p1a: Pelipper|17/100
|-heal|p2a: Mismagius|100/100|[from] drain|[of] p1a: Pelipper
|move|p1a: Pelipper|Weather Ball|p2a: Mismagius
|-damage|p2a: Mismagius|38/100
|
|-weather|RainDance|[upkeep]
|upkeep
|turn|16
|
|t:|1776196052
|move|p2a: Mismagius|Draining Kiss|p1a: Pelipper
|-damage|p1a: Pelipper|0 fnt
|-heal|p2a: Mismagius|54/100|[from] drain|[of] p1a: Pelipper
|faint|p1a: Pelipper
|
|-weather|RainDance|[upkeep]
|upkeep
|
|t:|1776196060
|switch|p1a: Garganacl|Garganacl, F|100/100
|turn|17
|
|t:|1776196068
|move|p2a: Mismagius|Shadow Ball|p1a: Garganacl
|-damage|p1a: Garganacl|89/100
|move|p1a: Garganacl|Salt Cure|p2a: Mismagius
|-damage|p2a: Mismagius|25/100
|-start|p2a: Mismagius|Salt Cure
|
|-weather|RainDance|[upkeep]
|-damage|p2a: Mismagius|13/100|[from] Salt Cure
|upkeep
|turn|18
|
|t:|1776196080
|move|p2a: Mismagius|Draining Kiss|p1a: Garganacl
|-crit|p1a: Garganacl
|-damage|p1a: Garganacl|62/100
|-heal|p2a: Mismagius|44/100|[from] drain|[of] p1a: Garganacl
|-damage|p2a: Mismagius|27/100|[from] item: Rocky Helmet|[of] p1a: Garganacl
|move|p1a: Garganacl|Iron Defense|p1a: Garganacl
|-boost|p1a: Garganacl|def|2
|
|-weather|none
|-damage|p2a: Mismagius|15/100|[from] Salt Cure
|upkeep
|turn|19
|
|t:|1776196093
|move|p2a: Mismagius|Draining Kiss|p1a: Garganacl
|-damage|p1a: Garganacl|42/100
|-heal|p2a: Mismagius|38/100|[from] drain|[of] p1a: Garganacl
|-damage|p2a: Mismagius|22/100|[from] item: Rocky Helmet|[of] p1a: Garganacl
|move|p1a: Garganacl|Iron Defense|p1a: Garganacl
|-boost|p1a: Garganacl|def|2
|
|-damage|p2a: Mismagius|10/100|[from] Salt Cure
|upkeep
|turn|20
|
|t:|1776196102
|move|p2a: Mismagius|Draining Kiss|p1a: Garganacl
|-damage|p1a: Garganacl|23/100
|-heal|p2a: Mismagius|32/100|[from] drain|[of] p1a: Garganacl
|-damage|p2a: Mismagius|16/100|[from] item: Rocky Helmet|[of] p1a: Garganacl
|move|p1a: Garganacl|Recover|p1a: Garganacl
|-heal|p1a: Garganacl|73/100
|
|-damage|p2a: Mismagius|4/100|[from] Salt Cure
|upkeep
|turn|21
|
|t:|1776196112
|move|p2a: Mismagius|Draining Kiss|p1a: Garganacl
|-damage|p1a: Garganacl|55/100
|-heal|p2a: Mismagius|23/100|[from] drain|[of] p1a: Garganacl
|-damage|p2a: Mismagius|7/100|[from] item: Rocky Helmet|[of] p1a: Garganacl
|move|p1a: Garganacl|Iron Defense|p1a: Garganacl
|-boost|p1a: Garganacl|def|2
|
|-damage|p2a: Mismagius|0 fnt|[from] Salt Cure
|faint|p2a: Mismagius
|upkeep
|
|t:|1776196121
|switch|p2a: Ninetales|Ninetales, M|100/100
|-damage|p2a: Ninetales|75/100|[from] Stealth Rock
|-weather|SunnyDay|[from] ability: Drought|[of] p2a: Ninetales
|turn|22
|
|t:|1776196131
|move|p2a: Ninetales|Shadow Ball|p1a: Garganacl
|-damage|p1a: Garganacl|49/100
|-unboost|p1a: Garganacl|spd|1
|move|p1a: Garganacl|Recover|p1a: Garganacl
|-heal|p1a: Garganacl|99/100
|
|-weather|SunnyDay|[upkeep]
|upkeep
|turn|23
|
|t:|1776196139
|move|p2a: Ninetales|Pain Split|p1a: Garganacl
|-sethp|p1a: Garganacl|76/100|[from] move: Pain Split|[silent]
|-sethp|p2a: Ninetales|100/100|[from] move: Pain Split
|move|p1a: Garganacl|Salt Cure|p2a: Ninetales
|-supereffective|p2a: Ninetales
|-damage|p2a: Ninetales|62/100
|-start|p2a: Ninetales|Salt Cure
|
|-weather|SunnyDay|[upkeep]
|-damage|p2a: Ninetales|50/100|[from] Salt Cure
|upkeep
|turn|24
|
|t:|1776196149
|move|p2a: Ninetales|Will-O-Wisp|p1a: Garganacl
|-immune|p1a: Garganacl|[from] ability: Purifying Salt
|move|p1a: Garganacl|Salt Cure|p2a: Ninetales
|-supereffective|p2a: Ninetales
|-damage|p2a: Ninetales|7/100
|
|-weather|SunnyDay|[upkeep]
|-damage|p2a: Ninetales|0 fnt|[from] Salt Cure
|faint|p2a: Ninetales
|upkeep
|
|t:|1776196158
|switch|p2a: Lilligant|Lilligant-Hisui, F|100/100
|-damage|p2a: Lilligant|94/100|[from] Stealth Rock
|turn|25
|
|t:|1776196163
|move|p2a: Lilligant|Solar Blade||[still]
|-prepare|p2a: Lilligant|Solar Blade
|-anim|p2a: Lilligant|Solar Blade|p1a: Garganacl
|-supereffective|p1a: Garganacl
|-damage|p1a: Garganacl|54/100
|-damage|p2a: Lilligant|78/100|[from] item: Rocky Helmet|[of] p1a: Garganacl
|move|p1a: Garganacl|Salt Cure|p2a: Lilligant
|-resisted|p2a: Lilligant
|-damage|p2a: Lilligant|67/100
|-start|p2a: Lilligant|Salt Cure
|
|-weather|SunnyDay|[upkeep]
|-damage|p2a: Lilligant|55/100|[from] Salt Cure
|upkeep
|turn|26
|
|t:|1776196177
|move|p2a: Lilligant|Triple Axel|p1a: Garganacl
|-damage|p1a: Garganacl|53/100
|-damage|p2a: Lilligant|39/100|[from] item: Rocky Helmet|[of] p1a: Garganacl
|-damage|p1a: Garganacl|51/100
|-damage|p2a: Lilligant|22/100|[from] item: Rocky Helmet|[of] p1a: Garganacl
|-damage|p1a: Garganacl|48/100
|-damage|p2a: Lilligant|6/100|[from] item: Rocky Helmet|[of] p1a: Garganacl
|-hitcount|p1a: Garganacl|3
|move|p1a: Garganacl|Salt Cure|p2a: Lilligant
|-resisted|p2a: Lilligant
|-damage|p2a: Lilligant|0 fnt
|faint|p2a: Lilligant
|
|-weather|SunnyDay|[upkeep]
|upkeep
|c|☆taarabt07|bumb ass
|
|t:|1776196191
|switch|p2a: Kingambit|Kingambit, F|100/100
|-damage|p2a: Kingambit|94/100|[from] Stealth Rock
|-activate|p2a: Kingambit|ability: Supreme Overlord
|-start|p2a: Kingambit|fallen5|[silent]
|-item|p2a: Kingambit|Air Balloon
|turn|27
|
|t:|1776196197
|move|p2a: Kingambit|Swords Dance|p2a: Kingambit
|-boost|p2a: Kingambit|atk|2
|move|p1a: Garganacl|Salt Cure|p2a: Kingambit
|-resisted|p2a: Kingambit
|-damage|p2a: Kingambit|89/100
|-start|p2a: Kingambit|Salt Cure
|-enditem|p2a: Kingambit|Air Balloon
|
|-weather|SunnyDay|[upkeep]
|-damage|p2a: Kingambit|64/100|[from] Salt Cure
|upkeep
|turn|28
|
|t:|1776196208
|move|p2a: Kingambit|Swords Dance|p2a: Kingambit
|-boost|p2a: Kingambit|atk|2
|move|p1a: Garganacl|Salt Cure|p2a: Kingambit
|-resisted|p2a: Kingambit
|-damage|p2a: Kingambit|59/100
|
|-weather|SunnyDay|[upkeep]
|-damage|p2a: Kingambit|34/100|[from] Salt Cure
|upkeep
|turn|29
|
|t:|1776196223
|switch|p1a: Samurott|Samurott-Hisui, F|16/100
|move|p2a: Kingambit|Iron Head|p1a: Samurott
|-resisted|p1a: Samurott
|-damage|p1a: Samurott|0 fnt
|faint|p1a: Samurott
|
|-weather|none
|-damage|p2a: Kingambit|9/100|[from] Salt Cure
|upkeep
|
|t:|1776196231
|switch|p1a: Garganacl|Garganacl, F|48/100
|turn|30
|
|t:|1776196234
|move|p2a: Kingambit|Iron Head|p1a: Garganacl
|-supereffective|p1a: Garganacl
|-damage|p1a: Garganacl|0 fnt
|-damage|p2a: Kingambit|0 fnt|[from] item: Rocky Helmet|[of] p1a: Garganacl
|faint|p1a: Garganacl
|faint|p2a: Kingambit
|-end|p2a: Kingambit|fallen5|[silent]
|
|win|deebeezee
|raw|deebeezee's rating: 1067 &rarr; <strong>1100</strong><br />(+33 for winning)
|raw|taarabt07's rating: 1103 &rarr; <strong>1075</strong><br />(-28 for losing)
|l|☆taarabt07
|player|p2|
