|html|<div class="broadcast-blue"><strong>[Gen 9] OU is currently suspecting Tera Blast! For information on how to participate check out the <a href="https://www.smogon.com/tools/suspects/view/200">suspect thread</a>.</strong></div>
|j|☆jpconvertase
|j|☆rujjtrainer
|t:|1776234742
|gametype|singles
|player|p1|jpconvertase|swimmer-gen8|1155
|player|p2|rujjtrainer|twins-gen4dp|1136
|gen|9
|tier|[Gen 9] OU
|rated|
|rule|HP Percentage Mod: HP is shown in percentages
|rule|Endless Battle Clause: Forcing endless battles is banned
|rule|Species Clause: Limit one of each Pokémon
|rule|OHKO Clause: OHKO moves are banned
|rule|Evasion Items Clause: Evasion items are banned
|rule|Evasion Moves Clause: Evasion moves are banned
|rule|Evasion Abilities Clause: Evasion abilities are banned
|rule|Sleep Moves Clause: Sleep-inducing moves are banned
|clearpoke
|poke|p1|Clefable, F|
|poke|p1|Gliscor, M|
|poke|p1|Milotic, F|
|poke|p1|Corviknight, M|
|poke|p1|Skeledirge, F|
|poke|p1|Dragapult, F|
|poke|p2|Arcanine-Hisui, M|
|poke|p2|Toxtricity, M|
|poke|p2|Scizor, M|
|poke|p2|Lucario, M|
|poke|p2|Sinistcha-Masterpiece|
|poke|p2|Quaquaval, M|
|teampreview
|inactive|Battle timer is ON: inactive players will automatically lose when time's up. (requested by jpconvertase)
|inactive|rujjtrainer also wants the timer to be on.
|
|t:|1776234765
|teamsize|p1|6
|teamsize|p2|6
|start
|switch|p1a: Clefable|Clefable, F|100/100
|switch|p2a: Arcanine|Arcanine-Hisui, M|100/100
|turn|1
|
|t:|1776234774
|move|p2a: Arcanine|Head Smash|p1a: Clefable
|-damage|p1a: Clefable|33/100
|move|p1a: Clefable|Encore|p2a: Arcanine
|-start|p2a: Arcanine|Encore
|
|-heal|p1a: Clefable|39/100|[from] item: Leftovers
|upkeep
|turn|2
|
|t:|1776234782
|switch|p1a: Gliscor|Gliscor, M|100/100
|move|p2a: Arcanine|Head Smash|p1a: Gliscor
|-damage|p1a: Gliscor|35/100
|
|-status|p1a: Gliscor|tox|[from] item: Toxic Orb
|upkeep
|turn|3
|
|t:|1776234790
|move|p1a: Gliscor|Protect|p1a: Gliscor
|-singleturn|p1a: Gliscor|Protect
|move|p2a: Arcanine|Head Smash|p1a: Gliscor
|-activate|p1a: Gliscor|move: Protect
|
|-heal|p1a: Gliscor|47/100 tox|[from] ability: Poison Heal
|upkeep
|turn|4
|
|t:|1776234802
|switch|p2a: Sinistcha|Sinistcha-Masterpiece|100/100
|switch|p1a: Corviknight|Corviknight, M, shiny|100/100
|-ability|p1a: Corviknight|Pressure
|
|upkeep
|turn|5
|
|t:|1776234809
|move|p2a: Sinistcha|Nasty Plot|p2a: Sinistcha
|-boost|p2a: Sinistcha|spa|2
|move|p1a: Corviknight|Brave Bird|p2a: Sinistcha
|-supereffective|p2a: Sinistcha
|-damage|p2a: Sinistcha|30/100
|-damage|p1a: Corviknight|81/100|[from] Recoil
|
|upkeep
|turn|6
|
|t:|1776234817
|move|p2a: Sinistcha|Scald|p1a: Corviknight
|-damage|p1a: Corviknight|28/100
|move|p1a: Corviknight|Brave Bird|p2a: Sinistcha
|-supereffective|p2a: Sinistcha
|-damage|p2a: Sinistcha|0 fnt
|faint|p2a: Sinistcha
|-damage|p1a: Corviknight|20/100|[from] Recoil
|
|upkeep
|
|t:|1776234826
|switch|p2a: Quaquaval|Quaquaval, M|100/100
|turn|7
|
|t:|1776234841
|switch|p1a: Milotic|Milotic, F|100/100
|move|p2a: Quaquaval|Aqua Step|p1a: Milotic
|-resisted|p1a: Milotic
|-damage|p1a: Milotic|80/100
|-boost|p2a: Quaquaval|spe|1
|
|-heal|p1a: Milotic|86/100|[from] item: Leftovers
|upkeep
|turn|8
|
|t:|1776234849
|move|p2a: Quaquaval|Swords Dance|p2a: Quaquaval
|-boost|p2a: Quaquaval|atk|2
|move|p1a: Milotic|Scald|p2a: Quaquaval
|-resisted|p2a: Quaquaval
|-damage|p2a: Quaquaval|83/100
|
|-heal|p1a: Milotic|92/100|[from] item: Leftovers
|upkeep
|turn|9
|
|t:|1776234857
|move|p2a: Quaquaval|Swords Dance|p2a: Quaquaval
|-boost|p2a: Quaquaval|atk|2
|move|p1a: Milotic|Haze|p1a: Milotic
|-clearallboost
|
|-heal|p1a: Milotic|98/100|[from] item: Leftovers
|upkeep
|turn|10
|
|t:|1776234871
|move|p2a: Quaquaval|Swords Dance|p2a: Quaquaval
|-boost|p2a: Quaquaval|atk|2
|move|p1a: Milotic|Scald|p2a: Quaquaval
|-resisted|p2a: Quaquaval
|-damage|p2a: Quaquaval|64/100
|-status|p2a: Quaquaval|brn
|-enditem|p2a: Quaquaval|Lum Berry|[eat]
|-curestatus|p2a: Quaquaval|brn|[msg]
|
|-heal|p1a: Milotic|100/100|[from] item: Leftovers
|upkeep
|turn|11
|
|t:|1776234881
|move|p2a: Quaquaval|Close Combat|p1a: Milotic
|-damage|p1a: Milotic|0 fnt
|-unboost|p2a: Quaquaval|def|1
|-unboost|p2a: Quaquaval|spd|1
|faint|p1a: Milotic
|-ability|p2a: Quaquaval|Moxie|boost
|-boost|p2a: Quaquaval|atk|1
|
|upkeep
|
|t:|1776234890
|switch|p1a: Gliscor|Gliscor, M|47/100 tox
|turn|12
|
|t:|1776234894
|move|p1a: Gliscor|Protect|p1a: Gliscor
|-singleturn|p1a: Gliscor|Protect
|move|p2a: Quaquaval|Aqua Step|p1a: Gliscor
|-activate|p1a: Gliscor|move: Protect
|
|-heal|p1a: Gliscor|60/100 tox|[from] ability: Poison Heal
|upkeep
|turn|13
|
|t:|1776234902
|-terastallize|p1a: Gliscor|Dragon
|move|p2a: Quaquaval|Aqua Step|p1a: Gliscor
|-resisted|p1a: Gliscor
|-damage|p1a: Gliscor|25/100 tox
|-boost|p2a: Quaquaval|spe|1
|move|p1a: Gliscor|Toxic|p2a: Quaquaval
|-status|p2a: Quaquaval|tox
|
|-damage|p2a: Quaquaval|58/100 tox|[from] psn
|-heal|p1a: Gliscor|37/100 tox|[from] ability: Poison Heal
|upkeep
|turn|14
|
|t:|1776234915
|move|p1a: Gliscor|Protect|p1a: Gliscor
|-singleturn|p1a: Gliscor|Protect
|move|p2a: Quaquaval|Swords Dance|p2a: Quaquaval
|-boost|p2a: Quaquaval|atk|2
|
|-damage|p2a: Quaquaval|46/100 tox|[from] psn
|-heal|p1a: Gliscor|50/100 tox|[from] ability: Poison Heal
|upkeep
|turn|15
|
|t:|1776234923
|switch|p1a: Corviknight|Corviknight, M, shiny|20/100
|-ability|p1a: Corviknight|Pressure
|move|p2a: Quaquaval|Triple Axel|p1a: Corviknight
|-damage|p1a: Corviknight|7/100
|-damage|p2a: Quaquaval|30/100 tox|[from] item: Rocky Helmet|[of] p1a: Corviknight
|-damage|p1a: Corviknight|0 fnt
|-damage|p2a: Quaquaval|13/100 tox|[from] item: Rocky Helmet|[of] p1a: Corviknight
|faint|p1a: Corviknight
|-ability|p2a: Quaquaval|Moxie|boost
|-boost|p2a: Quaquaval|atk|1
|-hitcount|p1: Corviknight|2
|
|-damage|p2a: Quaquaval|0 fnt|[from] psn
|faint|p2a: Quaquaval
|upkeep
|
|t:|1776234940
|switch|p2a: Toxtricity|Toxtricity, M|100/100
|switch|p1a: Gliscor|Gliscor, M, tera:Dragon|50/100 tox
|turn|16
|
|t:|1776234952
|-terastallize|p2a: Toxtricity|Flying
|move|p2a: Toxtricity|Boomburst|p1a: Gliscor
|-damage|p1a: Gliscor|0 fnt
|faint|p1a: Gliscor
|-enditem|p2a: Toxtricity|Throat Spray
|-boost|p2a: Toxtricity|spa|1|[from] item: Throat Spray
|
|upkeep
|
|t:|1776234957
|switch|p1a: Clefable|Clefable, F|39/100
|turn|17
|
|t:|1776234961
|move|p2a: Toxtricity|Sludge Wave|p1a: Clefable
|-supereffective|p1a: Clefable
|-damage|p1a: Clefable|0 fnt
|faint|p1a: Clefable
|
|upkeep
|
|t:|1776234964
|switch|p1a: Dragapult|Dragapult, F, shiny|100/100
|turn|18
|c|☆rujjtrainer|lol
|
|t:|1776234973
|move|p1a: Dragapult|Will-O-Wisp|p2a: Toxtricity
|-status|p2a: Toxtricity|brn
|move|p2a: Toxtricity|Overdrive|p1a: Dragapult
|-resisted|p1a: Dragapult
|-damage|p1a: Dragapult|47/100
|
|-damage|p2a: Toxtricity|94/100 brn|[from] brn
|upkeep
|turn|19
|c|☆jpconvertase|rip
|
|t:|1776234981
|move|p1a: Dragapult|Hex|p2a: Toxtricity
|-crit|p2a: Toxtricity
|-damage|p2a: Toxtricity|0 fnt
|faint|p2a: Toxtricity
|
|upkeep
|
|t:|1776234990
|switch|p2a: Lucario|Lucario, M|100/100
|turn|20
|
|t:|1776235006
|move|p1a: Dragapult|Will-O-Wisp|p2a: Lucario
|-status|p2a: Lucario|brn
|move|p2a: Lucario|Flash Cannon|p1a: Dragapult
|-damage|p1a: Dragapult|0 fnt
|faint|p1a: Dragapult
|
|-damage|p2a: Lucario|94/100 brn|[from] brn
|upkeep
|
|t:|1776235012
|switch|p1a: Skeledirge|Skeledirge, F, shiny|100/100
|turn|21
|
|t:|1776235018
|move|p2a: Lucario|Psychic|p1a: Skeledirge
|-damage|p1a: Skeledirge|78/100
|move|p1a: Skeledirge|Flame Charge|p2a: Lucario
|-supereffective|p2a: Lucario
|-damage|p2a: Lucario|51/100 brn
|-boost|p1a: Skeledirge|spe|1
|
|-damage|p2a: Lucario|45/100 brn|[from] brn
|upkeep
|turn|22
|
|t:|1776235027
|move|p2a: Lucario|Psychic|p1a: Skeledirge
|-damage|p1a: Skeledirge|54/100
|move|p1a: Skeledirge|Flame Charge|p2a: Lucario
|-supereffective|p2a: Lucario
|-damage|p2a: Lucario|6/100 brn
|-boost|p1a: Skeledirge|spe|1
|
|-damage|p2a: Lucario|0 fnt|[from] brn
|faint|p2a: Lucario
|upkeep
|
|t:|1776235036
|switch|p2a: Arcanine|Arcanine-Hisui, M|100/100
|turn|23
|
|t:|1776235041
|move|p1a: Skeledirge|Slack Off|p1a: Skeledirge
|-heal|p1a: Skeledirge|100/100
|move|p2a: Arcanine|Head Smash|p1a: Skeledirge|[miss]
|-miss|p2a: Arcanine|p1a: Skeledirge
|
|upkeep
|turn|24
|
|t:|1776235047
|move|p1a: Skeledirge|Torch Song|p2a: Arcanine
|-resisted|p2a: Arcanine
|-damage|p2a: Arcanine|91/100
|-boost|p1a: Skeledirge|spa|1
|move|p2a: Arcanine|Head Smash|p1a: Skeledirge
|-supereffective|p1a: Skeledirge
|-damage|p1a: Skeledirge|0 fnt
|faint|p1a: Skeledirge
|
|win|rujjtrainer
|raw|jpconvertase's rating: 1155 &rarr; <strong>1129</strong><br />(-26 for losing)
|raw|rujjtrainer's rating: 1136 &rarr; <strong>1162</strong><br />(+26 for winning)
|l|☆jpconvertase
|player|p1|
|c|☆rujjtrainer|lol
