|html|<div class="broadcast-blue"><strong>[Gen 9] OU is currently suspecting Tera Blast! For information on how to participate check out the <a href="https://www.smogon.com/tools/suspects/view/200">suspect thread</a>.</strong></div>
|j|☆Timbred
|j|☆Schmoobis
|t:|1776253937
|gametype|singles
|player|p1|Timbred|byron|1299
|player|p2|Schmoobis|clown|1239
|gen|9
|tier|[Gen 9] OU
|rated|
|rule|HP Percentage Mod: HP is shown in percentages
|rule|Endless Battle Clause: Forcing endless battles is banned
|rule|Species Clause: Limit one of each Pokémon
|rule|OHKO Clause: OHKO moves are banned
|rule|Evasion Items Clause: Evasion items are banned
|rule|Evasion Moves Clause: Evasion moves are banned
|rule|Evasion Abilities Clause: Evasion abilities are banned
|rule|Sleep Moves Clause: Sleep-inducing moves are banned
|clearpoke
|poke|p1|Ninetales-Alola, M|
|poke|p1|Mandibuzz, F|
|poke|p1|Clodsire, M|
|poke|p1|Jirachi|
|poke|p1|Grafaiai, F|
|poke|p1|Ursaluna, F|
|poke|p2|Okidogi, M|
|poke|p2|Mandibuzz, F|
|poke|p2|Forretress, M|
|poke|p2|Heatran, M|
|poke|p2|Slither Wing|
|poke|p2|Iron Moth|
|teampreview
|inactive|Battle timer is ON: inactive players will automatically lose when time's up. (requested by Timbred)
|
|t:|1776253950
|teamsize|p1|6
|teamsize|p2|6
|start
|switch|p1a: selling tail $4|Grafaiai, F|100/100
|switch|p2a: Okidogi|Okidogi, M|100/100
|turn|1
|
|t:|1776253957
|move|p1a: selling tail $4|Switcheroo|p2a: Okidogi
|-activate|p1a: selling tail $4|move: Trick|[of] p2a: Okidogi
|-item|p2a: Okidogi|Choice Scarf|[from] move: Switcheroo
|-item|p1a: selling tail $4|Assault Vest|[from] move: Switcheroo
|move|p2a: Okidogi|Knock Off|p1a: selling tail $4
|-damage|p1a: selling tail $4|44/100
|-enditem|p1a: selling tail $4|Assault Vest|[from] move: Knock Off|[of] p2a: Okidogi
|
|upkeep
|turn|2
|
|t:|1776253968
|move|p1a: selling tail $4|Super Fang|p2a: Okidogi
|-damage|p2a: Okidogi|51/100
|move|p2a: Okidogi|Knock Off|p1a: selling tail $4
|-damage|p1a: selling tail $4|5/100
|
|upkeep
|turn|3
|
|t:|1776253986
|move|p1a: selling tail $4|U-turn|p2a: Okidogi
|-resisted|p2a: Okidogi
|-damage|p2a: Okidogi|48/100
|
|t:|1776253993
|switch|p1a: im missing a tail|Ninetales-Alola, M|100/100|[from] U-turn
|-weather|Snowscape|[from] ability: Snow Warning|[of] p1a: im missing a tail
|move|p2a: Okidogi|Knock Off|p1a: im missing a tail
|-resisted|p1a: im missing a tail
|-damage|p1a: im missing a tail|86/100
|-enditem|p1a: im missing a tail|Light Clay|[from] move: Knock Off|[of] p2a: Okidogi
|
|-weather|Snowscape|[upkeep]
|upkeep
|turn|4
|
|t:|1776254004
|switch|p2a: Forretress|Forretress, M|100/100
|move|p1a: im missing a tail|Aurora Veil|p1a: im missing a tail
|-sidestart|p1: Timbred|move: Aurora Veil
|
|-weather|Snowscape|[upkeep]
|upkeep
|turn|5
|
|t:|1776254017
|switch|p1a: kangz rock|Jirachi|100/100
|move|p2a: Forretress|Thunder Wave|p1a: kangz rock
|-status|p1a: kangz rock|par
|
|-weather|Snowscape|[upkeep]
|upkeep
|turn|6
|
|t:|1776254026
|move|p1a: kangz rock|Cosmic Power|p1a: kangz rock
|-boost|p1a: kangz rock|def|1
|-boost|p1a: kangz rock|spd|1
|move|p2a: Forretress|Spikes|p1a: kangz rock
|-sidestart|p1: Timbred|Spikes
|
|-weather|Snowscape|[upkeep]
|upkeep
|turn|7
|
|t:|1776254033
|move|p1a: kangz rock|Cosmic Power|p1a: kangz rock
|-boost|p1a: kangz rock|def|1
|-boost|p1a: kangz rock|spd|1
|move|p2a: Forretress|Spikes|p1a: kangz rock
|-sidestart|p1: Timbred|Spikes
|
|-weather|none
|upkeep
|turn|8
|
|t:|1776254044
|switch|p2a: Mandibuzz|Mandibuzz, F|100/100
|move|p1a: kangz rock|Cosmic Power|p1a: kangz rock
|-boost|p1a: kangz rock|def|1
|-boost|p1a: kangz rock|spd|1
|
|-sideend|p1: Timbred|move: Aurora Veil
|upkeep
|turn|9
|
|t:|1776254054
|move|p2a: Mandibuzz|Foul Play|p1a: kangz rock
|-supereffective|p1a: kangz rock
|-damage|p1a: kangz rock|87/100 par
|-enditem|p1a: kangz rock|Weakness Policy
|-boost|p1a: kangz rock|atk|2|[from] item: Weakness Policy
|-boost|p1a: kangz rock|spa|2|[from] item: Weakness Policy
|move|p1a: kangz rock|Wish|p1a: kangz rock
|
|upkeep
|turn|10
|
|t:|1776254061
|move|p2a: Mandibuzz|Foul Play|p1a: kangz rock
|-supereffective|p1a: kangz rock
|-damage|p1a: kangz rock|61/100 par
|cant|p1a: kangz rock|par
|
|-heal|p1a: kangz rock|100/100 par|[from] move: Wish|[wisher] kangz rock
|upkeep
|turn|11
|
|t:|1776254069
|move|p2a: Mandibuzz|Foul Play|p1a: kangz rock
|-supereffective|p1a: kangz rock
|-damage|p1a: kangz rock|71/100 par
|cant|p1a: kangz rock|par
|
|upkeep
|turn|12
|
|t:|1776254075
|move|p2a: Mandibuzz|Foul Play|p1a: kangz rock
|-supereffective|p1a: kangz rock
|-damage|p1a: kangz rock|45/100 par
|move|p1a: kangz rock|Wish|p1a: kangz rock
|
|upkeep
|turn|13
|
|t:|1776254081
|move|p2a: Mandibuzz|Foul Play|p1a: kangz rock
|-supereffective|p1a: kangz rock
|-damage|p1a: kangz rock|15/100 par
|cant|p1a: kangz rock|par
|
|-heal|p1a: kangz rock|65/100 par|[from] move: Wish|[wisher] kangz rock
|upkeep
|turn|14
|
|t:|1776254091
|move|p2a: Mandibuzz|Foul Play|p1a: kangz rock
|-supereffective|p1a: kangz rock
|-damage|p1a: kangz rock|37/100 par
|move|p1a: kangz rock|Wish|p1a: kangz rock
|
|upkeep
|turn|15
|
|t:|1776254097
|move|p2a: Mandibuzz|Foul Play|p1a: kangz rock
|-supereffective|p1a: kangz rock
|-damage|p1a: kangz rock|8/100 par
|move|p1a: kangz rock|Dazzling Gleam|p2a: Mandibuzz
|-supereffective|p2a: Mandibuzz
|-damage|p2a: Mandibuzz|36/100
|
|-heal|p1a: kangz rock|58/100 par|[from] move: Wish|[wisher] kangz rock
|upkeep
|turn|16
|
|t:|1776254107
|move|p2a: Mandibuzz|Foul Play|p1a: kangz rock
|-supereffective|p1a: kangz rock
|-damage|p1a: kangz rock|32/100 par
|move|p1a: kangz rock|Wish|p1a: kangz rock
|
|upkeep
|turn|17
|
|t:|1776254112
|move|p2a: Mandibuzz|Foul Play|p1a: kangz rock
|-supereffective|p1a: kangz rock
|-damage|p1a: kangz rock|4/100 par
|move|p1a: kangz rock|Dazzling Gleam|p2a: Mandibuzz
|-supereffective|p2a: Mandibuzz
|-damage|p2a: Mandibuzz|0 fnt
|faint|p2a: Mandibuzz
|
|-heal|p1a: kangz rock|54/100 par|[from] move: Wish|[wisher] kangz rock
|upkeep
|
|t:|1776254124
|switch|p2a: Iron Moth|Iron Moth|100/100
|turn|18
|
|t:|1776254129
|-terastallize|p1a: kangz rock|Poison
|move|p2a: Iron Moth|Fiery Dance|p1a: kangz rock
|-damage|p1a: kangz rock|41/100 par
|move|p1a: kangz rock|Wish|p1a: kangz rock
|
|upkeep
|turn|19
|
|t:|1776254136
|move|p2a: Iron Moth|Fiery Dance|p1a: kangz rock
|-damage|p1a: kangz rock|27/100 par
|cant|p1a: kangz rock|par
|
|-heal|p1a: kangz rock|77/100 par|[from] move: Wish|[wisher] kangz rock
|upkeep
|turn|20
|
|t:|1776254144
|move|p2a: Iron Moth|Meteor Beam||[still]
|-prepare|p2a: Iron Moth|Meteor Beam
|-boost|p2a: Iron Moth|spa|1
|-enditem|p2a: Iron Moth|Power Herb
|-anim|p2a: Iron Moth|Meteor Beam|p1a: kangz rock
|-damage|p1a: kangz rock|57/100 par
|move|p1a: kangz rock|Wish|p1a: kangz rock
|
|upkeep
|turn|21
|
|t:|1776254151
|move|p2a: Iron Moth|Fiery Dance|p1a: kangz rock
|-damage|p1a: kangz rock|38/100 par
|-boost|p2a: Iron Moth|spa|1
|move|p1a: kangz rock|Stored Power|p2a: Iron Moth
|-supereffective|p2a: Iron Moth
|-damage|p2a: Iron Moth|0 fnt
|faint|p2a: Iron Moth
|-end|p2a: Iron Moth|Quark Drive|[silent]
|
|-heal|p1a: kangz rock|88/100 par|[from] move: Wish|[wisher] kangz rock
|upkeep
|
|t:|1776254165
|switch|p2a: Heatran|Heatran, M|100/100
|turn|22
|
|t:|1776254170
|move|p2a: Heatran|Taunt|p1a: kangz rock
|-start|p1a: kangz rock|move: Taunt
|move|p1a: kangz rock|Stored Power|p2a: Heatran
|-resisted|p2a: Heatran
|-crit|p2a: Heatran
|-damage|p2a: Heatran|32/100
|
|-heal|p2a: Heatran|38/100|[from] item: Leftovers
|upkeep
|turn|23
|
|t:|1776254180
|move|p2a: Heatran|Earth Power|p1a: kangz rock
|-supereffective|p1a: kangz rock
|-damage|p1a: kangz rock|72/100 par
|move|p1a: kangz rock|Stored Power|p2a: Heatran
|-resisted|p2a: Heatran
|-damage|p2a: Heatran|0 fnt
|faint|p2a: Heatran
|
|upkeep
|
|t:|1776254189
|switch|p2a: Okidogi|Okidogi, M|48/100
|turn|24
|
|t:|1776254197
|move|p2a: Okidogi|Knock Off|p1a: kangz rock
|-damage|p1a: kangz rock|65/100 par
|move|p1a: kangz rock|Dazzling Gleam|p2a: Okidogi
|-damage|p2a: Okidogi|10/100
|
|-end|p1a: kangz rock|move: Taunt
|upkeep
|turn|25
|c|☆Timbred|oh i thought that was dark type
|
|t:|1776254212
|move|p2a: Okidogi|Knock Off|p1a: kangz rock
|-damage|p1a: kangz rock|58/100 par
|move|p1a: kangz rock|Wish|p1a: kangz rock
|
|upkeep
|turn|26
|
|t:|1776254217
|move|p2a: Okidogi|Knock Off|p1a: kangz rock
|-damage|p1a: kangz rock|51/100 par
|move|p1a: kangz rock|Stored Power|p2a: Okidogi
|-supereffective|p2a: Okidogi
|-damage|p2a: Okidogi|0 fnt
|faint|p2a: Okidogi
|
|-heal|p1a: kangz rock|100/100 par|[from] move: Wish|[wisher] kangz rock
|upkeep
|
|t:|1776254227
|switch|p2a: Slither Wing|Slither Wing|100/100
|turn|27
|
|t:|1776254236
|move|p2a: Slither Wing|First Impression|p1a: kangz rock
|-resisted|p1a: kangz rock
|-damage|p1a: kangz rock|91/100 par
|move|p1a: kangz rock|Stored Power|p2a: Slither Wing
|-supereffective|p2a: Slither Wing
|-damage|p2a: Slither Wing|0 fnt
|faint|p2a: Slither Wing
|-end|p2a: Slither Wing|Protosynthesis|[silent]
|
|upkeep
|
|t:|1776254245
|switch|p2a: Forretress|Forretress, M|100/100
|turn|28
|
|t:|1776254248
|move|p1a: kangz rock|Stored Power|p2a: Forretress
|-resisted|p2a: Forretress
|-ability|p2a: Forretress|Sturdy
|-damage|p2a: Forretress|1/100
|move|p2a: Forretress|Gyro Ball|p1a: kangz rock
|-damage|p1a: kangz rock|88/100 par
|
|-heal|p2a: Forretress|7/100|[from] item: Leftovers
|upkeep
|turn|29
|
|t:|1776254258
|cant|p1a: kangz rock|par
|move|p2a: Forretress|Gyro Ball|p1a: kangz rock
|-damage|p1a: kangz rock|84/100 par
|
|-heal|p2a: Forretress|13/100|[from] item: Leftovers
|upkeep
|turn|30
|
|t:|1776254265
|move|p1a: kangz rock|Stored Power|p2a: Forretress
|-resisted|p2a: Forretress
|-crit|p2a: Forretress
|-damage|p2a: Forretress|0 fnt
|faint|p2a: Forretress
|
|win|Timbred
|raw|Timbred's rating: 1299 &rarr; <strong>1320</strong><br />(+21 for winning)
|raw|Schmoobis's rating: 1239 &rarr; <strong>1218</strong><br />(-21 for losing)
|c|☆Schmoobis|Fun
|l|☆Schmoobis
|player|p2|
