|html|<div class="broadcast-blue"><strong>[Gen 9] OU is currently suspecting Volcarona! For information on how to participate check out the <a href="https://www.smogon.com/tools/suspects/view/208">suspect thread</a>.</strong></div>
|j|☆Volga123
|j|☆Fovd
|t:|1778507883
|gametype|singles
|player|p1|Volga123|cynthia|1332
|player|p2|Fovd|1|1358
|gen|9
|tier|[Gen 9] OU
|rated|
|rule|HP Percentage Mod: HP is shown in percentages
|rule|Endless Battle Clause: Forcing endless battles is banned
|rule|Species Clause: Limit one of each Pokémon
|rule|OHKO Clause: OHKO moves are banned
|rule|Evasion Items Clause: Evasion items are banned
|rule|Evasion Moves Clause: Evasion moves are banned
|rule|Evasion Abilities Clause: Evasion abilities are banned
|rule|Sleep Moves Clause: Sleep-inducing moves are banned
|clearpoke
|poke|p1|Brambleghast, F|
|poke|p1|Cloyster, F|
|poke|p1|Clodsire, F|
|poke|p1|Salazzle, F|
|poke|p1|Slither Wing|
|poke|p1|Moltres-Galar|
|poke|p2|Ninetales-Alola, F|
|poke|p2|Cetitan, F|
|poke|p2|Kingambit, M|
|poke|p2|Ogerpon-Wellspring, F|
|poke|p2|Thundurus-Therian, M|
|poke|p2|Keldeo-Resolute|
|teampreview
|
|t:|1778507913
|teamsize|p1|6
|teamsize|p2|6
|start
|switch|p1a: Salazzle|Salazzle, F|100/100
|switch|p2a: Noelle|Ninetales-Alola, F|100/100
|-weather|Snowscape|[from] ability: Snow Warning|[of] p2a: Noelle
|turn|1
|
|t:|1778507923
|switch|p2a: Keldeo|Keldeo-Resolute|100/100
|move|p1a: Salazzle|Fire Blast|p2a: Keldeo
|-resisted|p2a: Keldeo
|-damage|p2a: Keldeo|73/100
|-status|p2a: Keldeo|brn
|
|-weather|Snowscape|[upkeep]
|-heal|p2a: Keldeo|79/100 brn|[from] item: Leftovers
|-damage|p2a: Keldeo|73/100 brn|[from] brn
|upkeep
|turn|2
|
|t:|1778507928
|switch|p1a: Clodsire|Clodsire, F|100/100
|move|p2a: Keldeo|Substitute|p2a: Keldeo
|-start|p2a: Keldeo|Substitute
|-damage|p2a: Keldeo|48/100 brn
|
|-weather|Snowscape|[upkeep]
|-heal|p2a: Keldeo|54/100 brn|[from] item: Leftovers
|-damage|p2a: Keldeo|48/100 brn|[from] brn
|upkeep
|turn|3
|
|t:|1778507939
|switch|p2a: Big Boi|Cetitan, F, shiny|100/100
|move|p1a: Clodsire|Earthquake|p2a: Big Boi
|-damage|p2a: Big Boi|79/100
|
|-weather|Snowscape|[upkeep]
|upkeep
|turn|4
|
|t:|1778507944
|switch|p1a: Cloyster|Cloyster, F|100/100
|move|p2a: Big Boi|Belly Drum|p2a: Big Boi
|-damage|p2a: Big Boi|29/100
|-setboost|p2a: Big Boi|atk|6|[from] move: Belly Drum
|-enditem|p2a: Big Boi|Sitrus Berry|[eat]
|-heal|p2a: Big Boi|54/100|[from] item: Sitrus Berry
|
|-weather|Snowscape|[upkeep]
|upkeep
|turn|5
|
|t:|1778507950
|move|p2a: Big Boi|Earthquake|p1a: Cloyster
|-damage|p1a: Cloyster|34/100
|move|p1a: Cloyster|Rock Blast|p2a: Big Boi|[miss]
|-miss|p1a: Cloyster|p2a: Big Boi
|
|-weather|none
|upkeep
|turn|6
|
|t:|1778507965
|-terastallize|p2a: Big Boi|Ground
|move|p2a: Big Boi|Earthquake|p1a: Cloyster
|-damage|p1a: Cloyster|0 fnt
|faint|p1a: Cloyster
|
|upkeep
|
|t:|1778507974
|switch|p1a: Brambleghast|Brambleghast, F|100/100
|turn|7
|
|t:|1778507977
|move|p2a: Big Boi|Ice Shard|p1a: Brambleghast
|-supereffective|p1a: Brambleghast
|-damage|p1a: Brambleghast|0 fnt
|faint|p1a: Brambleghast
|
|upkeep
|
|t:|1778507981
|switch|p1a: Salazzle|Salazzle, F|100/100
|turn|8
|
|t:|1778507991
|-terastallize|p1a: Salazzle|Flying
|move|p1a: Salazzle|Fire Blast|p2a: Big Boi
|-damage|p2a: Big Boi|0 fnt
|faint|p2a: Big Boi
|
|upkeep
|
|t:|1778508001
|switch|p2a: Thundurus|Thundurus-Therian, M|100/100
|turn|9
|
|t:|1778508005
|switch|p1a: Clodsire|Clodsire, F|100/100
|move|p2a: Thundurus|Thunderbolt|p1a: Clodsire
|-immune|p1a: Clodsire
|
|upkeep
|turn|10
|
|t:|1778508009
|switch|p2a: Kingambit|Kingambit, M, shiny|100/100
|-activate|p2a: Kingambit|ability: Supreme Overlord
|-start|p2a: Kingambit|fallen1|[silent]
|move|p1a: Clodsire|Stealth Rock|p2a: Kingambit
|-sidestart|p2: Fovd|move: Stealth Rock
|
|upkeep
|turn|11
|
|t:|1778508016
|move|p2a: Kingambit|Kowtow Cleave|p1a: Clodsire
|-damage|p1a: Clodsire|25/100
|move|p1a: Clodsire|Earthquake|p2a: Kingambit
|-supereffective|p2a: Kingambit
|-damage|p2a: Kingambit|56/100
|
|-heal|p1a: Clodsire|32/100|[from] item: Black Sludge
|upkeep
|turn|12
|
|t:|1778508025
|switch|p1a: Slither Wing|Slither Wing|100/100
|move|p2a: Kingambit|Iron Head|p1a: Slither Wing
|-damage|p1a: Slither Wing|44/100
|
|upkeep
|turn|13
|
|t:|1778508032
|-end|p2a: Kingambit|fallen1|[silent]
|switch|p2a: Noelle|Ninetales-Alola, F|100/100
|-damage|p2a: Noelle|76/100|[from] Stealth Rock
|-weather|Snowscape|[from] ability: Snow Warning|[of] p2a: Noelle
|move|p1a: Slither Wing|U-turn|p2a: Noelle
|-resisted|p2a: Noelle
|-damage|p2a: Noelle|46/100
|
|t:|1778508035
|-end|p1a: Slither Wing|Protosynthesis|[silent]
|switch|p1a: Salazzle|Salazzle, F, tera:Flying|100/100|[from] U-turn
|
|-weather|Snowscape|[upkeep]
|upkeep
|turn|14
|
|t:|1778508040
|move|p1a: Salazzle|Sludge Wave|p2a: Noelle
|-supereffective|p2a: Noelle
|-damage|p2a: Noelle|0 fnt
|faint|p2a: Noelle
|
|-weather|Snowscape|[upkeep]
|upkeep
|
|t:|1778508044
|switch|p2a: Thundurus|Thundurus-Therian, M|100/100
|turn|15
|
|t:|1778508051
|switch|p1a: Clodsire|Clodsire, F|32/100
|move|p2a: Thundurus|Weather Ball|p1a: Clodsire
|-supereffective|p1a: Clodsire
|-damage|p1a: Clodsire|0 fnt
|faint|p1a: Clodsire
|
|-weather|Snowscape|[upkeep]
|upkeep
|
|t:|1778508057
|switch|p1a: Moltres|Moltres-Galar|100/100
|turn|16
|
|t:|1778508065
|move|p2a: Thundurus|Nasty Plot|p2a: Thundurus
|-boost|p2a: Thundurus|spa|2
|move|p1a: Moltres|Agility|p1a: Moltres
|-boost|p1a: Moltres|spe|2
|
|-weather|Snowscape|[upkeep]
|upkeep
|turn|17
|
|t:|1778508067
|move|p1a: Moltres|Fiery Wrath|p2a: Thundurus
|-damage|p2a: Thundurus|37/100
|move|p2a: Thundurus|Thunderbolt|p1a: Moltres
|-supereffective|p1a: Moltres
|-damage|p1a: Moltres|0 fnt
|faint|p1a: Moltres
|
|-weather|none
|upkeep
|
|t:|1778508071
|switch|p1a: Salazzle|Salazzle, F, tera:Flying|100/100
|turn|18
|
|t:|1778508074
|move|p1a: Salazzle|Sludge Wave|p2a: Thundurus
|-damage|p2a: Thundurus|0 fnt
|faint|p2a: Thundurus
|
|upkeep
|
|t:|1778508082
|switch|p2a: Kingambit|Kingambit, M, shiny|56/100
|-damage|p2a: Kingambit|50/100|[from] Stealth Rock
|-activate|p2a: Kingambit|ability: Supreme Overlord
|-start|p2a: Kingambit|fallen3|[silent]
|turn|19
|
|t:|1778508086
|move|p2a: Kingambit|Sucker Punch|p1a: Salazzle
|-damage|p1a: Salazzle|0 fnt
|faint|p1a: Salazzle
|
|upkeep
|-message|Volga123 forfeited.
|
|win|Fovd
|raw|Volga123's rating: 1332 &rarr; <strong>1313</strong><br />(-19 for losing)
|raw|Fovd's rating: 1358 &rarr; <strong>1377</strong><br />(+19 for winning)
|l|☆Volga123
|player|p1|
|l|☆Fovd
|player|p2|
