|html|<div class="broadcast-blue"><strong>[Gen 9] OU is currently suspecting Tera Blast! For information on how to participate check out the <a href="https://www.smogon.com/tools/suspects/view/200">suspect thread</a>.</strong></div>
|j|☆Payomatic
|j|☆imnewbrah
|t:|1776032292
|gametype|singles
|player|p1|Payomatic|169|1310
|player|p2|imnewbrah|harlequin|1325
|gen|9
|tier|[Gen 9] OU
|rated|
|rule|HP Percentage Mod: HP is shown in percentages
|rule|Endless Battle Clause: Forcing endless battles is banned
|rule|Species Clause: Limit one of each Pokémon
|rule|OHKO Clause: OHKO moves are banned
|rule|Evasion Items Clause: Evasion items are banned
|rule|Evasion Moves Clause: Evasion moves are banned
|rule|Evasion Abilities Clause: Evasion abilities are banned
|rule|Sleep Moves Clause: Sleep-inducing moves are banned
|clearpoke
|poke|p1|Alomomola, M|
|poke|p1|Cryogonal|
|poke|p1|Persian, F|
|poke|p1|Clefable, F|
|poke|p1|Samurott-Hisui, F|
|poke|p1|Iron Valiant|
|poke|p2|Torkoal, M|
|poke|p2|Hatterene, F|
|poke|p2|Walking Wake|
|poke|p2|Slither Wing|
|poke|p2|Venusaur, F|
|poke|p2|Great Tusk|
|teampreview
|
|t:|1776032303
|teamsize|p1|6
|teamsize|p2|6
|start
|switch|p1a: Persian|Persian, F|100/100
|switch|p2a: Hatterene|Hatterene, F|100/100
|turn|1
|
|t:|1776032308
|-terastallize|p1a: Persian|Normal
|move|p1a: Persian|Fake Out|p2a: Hatterene
|-damage|p2a: Hatterene|65/100
|-damage|p1a: Persian|91/100|[from] item: Life Orb
|cant|p2a: Hatterene|flinch
|
|-heal|p2a: Hatterene|71/100|[from] item: Leftovers
|upkeep
|turn|2
|
|t:|1776032317
|switch|p2a: Torkoal|Torkoal, M|100/100
|-weather|SunnyDay|[from] ability: Drought|[of] p2a: Torkoal
|move|p1a: Persian|Double-Edge|p2a: Torkoal
|-damage|p2a: Torkoal|57/100
|-damage|p1a: Persian|72/100|[from] Recoil
|-damage|p1a: Persian|62/100|[from] item: Life Orb
|
|-weather|SunnyDay|[upkeep]
|upkeep
|turn|3
|
|t:|1776032328
|switch|p1a: Samurott|Samurott-Hisui, F|100/100
|move|p2a: Torkoal|Overheat|p1a: Samurott
|-resisted|p1a: Samurott
|-damage|p1a: Samurott|47/100
|-unboost|p2a: Torkoal|spa|2
|
|-weather|SunnyDay|[upkeep]
|upkeep
|turn|4
|
|t:|1776032336
|switch|p2a: moid|Venusaur, F|100/100
|move|p1a: Samurott|Razor Shell|p2a: moid
|-resisted|p2a: moid
|-damage|p2a: moid|82/100
|
|-weather|SunnyDay|[upkeep]
|upkeep
|turn|5
|
|t:|1776032344
|move|p2a: moid|Growth|p2a: moid
|-boost|p2a: moid|atk|2
|-boost|p2a: moid|spa|2
|move|p1a: Samurott|Ceaseless Edge|p2a: moid
|-damage|p2a: moid|19/100
|-sidestart|p2: imnewbrah|Spikes
|
|-weather|SunnyDay|[upkeep]
|upkeep
|turn|6
|
|t:|1776032355
|switch|p1a: Clefable|Clefable, F|100/100
|move|p2a: moid|Giga Drain|p1a: Clefable
|-damage|p1a: Clefable|73/100
|-heal|p2a: moid|38/100|[from] drain|[of] p1a: Clefable
|-damage|p2a: moid|28/100|[from] item: Life Orb
|
|-weather|SunnyDay|[upkeep]
|-heal|p1a: Clefable|79/100|[from] item: Leftovers
|upkeep
|turn|7
|
|t:|1776032364
|move|p2a: moid|Sludge Bomb|p1a: Clefable
|-supereffective|p1a: Clefable
|-damage|p1a: Clefable|13/100
|-damage|p2a: moid|18/100|[from] item: Life Orb
|move|p1a: Clefable|Fire Blast|p2a: moid
|-supereffective|p2a: moid
|-damage|p2a: moid|0 fnt
|faint|p2a: moid
|
|-weather|SunnyDay|[upkeep]
|-heal|p1a: Clefable|20/100|[from] item: Leftovers
|upkeep
|
|t:|1776032377
|switch|p2a: Walking Wake|Walking Wake|100/100
|-damage|p2a: Walking Wake|88/100|[from] Spikes
|-activate|p2a: Walking Wake|ability: Protosynthesis
|-start|p2a: Walking Wake|protosynthesisspe
|turn|8
|
|t:|1776032396
|move|p2a: Walking Wake|Hydro Steam|p1a: Clefable
|-damage|p1a: Clefable|0 fnt
|faint|p1a: Clefable
|
|-weather|SunnyDay|[upkeep]
|upkeep
|
|t:|1776032398
|switch|p1a: Persian|Persian, F, tera:Normal|62/100
|turn|9
|
|t:|1776032403
|move|p1a: Persian|Fake Out|p2a: Walking Wake
|-damage|p2a: Walking Wake|44/100
|-damage|p1a: Persian|53/100|[from] item: Life Orb
|cant|p2a: Walking Wake|flinch
|
|-weather|none
|-end|p2a: Walking Wake|Protosynthesis
|upkeep
|turn|10
|
|t:|1776032414
|-end|p2a: Walking Wake|Protosynthesis|[silent]
|switch|p2a: Torkoal|Torkoal, M|57/100
|-damage|p2a: Torkoal|45/100|[from] Spikes
|-weather|SunnyDay|[from] ability: Drought|[of] p2a: Torkoal
|move|p1a: Persian|Double-Edge|p2a: Torkoal
|-damage|p2a: Torkoal|3/100
|-damage|p1a: Persian|35/100|[from] Recoil
|-damage|p1a: Persian|25/100|[from] item: Life Orb
|
|-weather|SunnyDay|[upkeep]
|upkeep
|turn|11
|
|t:|1776032424
|switch|p2a: Great Tusk|Great Tusk|100/100
|-damage|p2a: Great Tusk|88/100|[from] Spikes
|-activate|p2a: Great Tusk|ability: Protosynthesis
|-start|p2a: Great Tusk|protosynthesisspe
|move|p1a: Persian|Feint|p2a: Great Tusk
|-damage|p2a: Great Tusk|69/100
|-damage|p1a: Persian|15/100|[from] item: Life Orb
|
|-weather|SunnyDay|[upkeep]
|-heal|p2a: Great Tusk|76/100|[from] item: Leftovers
|upkeep
|turn|12
|
|t:|1776032435
|switch|p1a: Alomomola|Alomomola, M|100/100
|move|p2a: Great Tusk|Rapid Spin|p1a: Alomomola
|-damage|p1a: Alomomola|93/100
|-boost|p2a: Great Tusk|spe|1
|-damage|p2a: Great Tusk|59/100|[from] item: Rocky Helmet|[of] p1a: Alomomola
|-sideend|p2: imnewbrah|Spikes|[from] move: Rapid Spin|[of] p2a: Great Tusk
|
|-weather|SunnyDay|[upkeep]
|-heal|p2a: Great Tusk|65/100|[from] item: Leftovers
|upkeep
|turn|13
|
|t:|1776032445
|-end|p2a: Great Tusk|Protosynthesis|[silent]
|switch|p2a: Hatterene|Hatterene, F|71/100
|move|p1a: Alomomola|Wish|p1a: Alomomola
|
|-weather|SunnyDay|[upkeep]
|-heal|p2a: Hatterene|77/100|[from] item: Leftovers
|upkeep
|turn|14
|
|t:|1776032455
|move|p1a: Alomomola|Flip Turn|p2a: Hatterene
|-damage|p2a: Hatterene|71/100
|
|t:|1776032458
|switch|p1a: Samurott|Samurott-Hisui, F|47/100|[from] Flip Turn
|move|p2a: Hatterene|Psyshock|p1a: Samurott
|-immune|p1a: Samurott
|
|-weather|SunnyDay|[upkeep]
|-heal|p1a: Samurott|100/100|[from] move: Wish|[wisher] Alomomola
|-heal|p2a: Hatterene|77/100|[from] item: Leftovers
|upkeep
|turn|15
|
|t:|1776032468
|-terastallize|p2a: Hatterene|Water
|move|p1a: Samurott|Ceaseless Edge|p2a: Hatterene
|-damage|p2a: Hatterene|36/100
|-sidestart|p2: imnewbrah|Spikes
|move|p2a: Hatterene|Draining Kiss|p1a: Samurott
|-supereffective|p1a: Samurott
|-damage|p1a: Samurott|28/100
|-heal|p2a: Hatterene|91/100|[from] drain|[of] p1a: Samurott
|
|-weather|SunnyDay|[upkeep]
|-heal|p2a: Hatterene|97/100|[from] item: Leftovers
|upkeep
|turn|16
|
|t:|1776032477
|move|p1a: Samurott|Ceaseless Edge|p2a: Hatterene
|-damage|p2a: Hatterene|56/100
|-sidestart|p2: imnewbrah|Spikes
|move|p2a: Hatterene|Draining Kiss|p1a: Samurott
|-supereffective|p1a: Samurott
|-damage|p1a: Samurott|0 fnt
|-heal|p2a: Hatterene|77/100|[from] drain|[of] p1a: Samurott
|faint|p1a: Samurott
|
|-weather|SunnyDay|[upkeep]
|-heal|p2a: Hatterene|83/100|[from] item: Leftovers
|upkeep
|
|t:|1776032482
|switch|p1a: Cryogonal|Cryogonal|100/100
|turn|17
|
|t:|1776032489
|move|p1a: Cryogonal|Freeze-Dry|p2a: Hatterene
|-supereffective|p2a: Hatterene
|-damage|p2a: Hatterene|3/100
|move|p2a: Hatterene|Mystical Fire|p1a: Cryogonal
|-supereffective|p1a: Cryogonal
|-damage|p1a: Cryogonal|39/100
|-unboost|p1a: Cryogonal|spa|1
|
|-weather|none
|-heal|p2a: Hatterene|9/100|[from] item: Leftovers
|upkeep
|turn|18
|
|t:|1776032500
|move|p1a: Cryogonal|Freeze-Dry|p2a: Hatterene
|-supereffective|p2a: Hatterene
|-damage|p2a: Hatterene|0 fnt
|faint|p2a: Hatterene
|
|upkeep
|
|t:|1776032507
|switch|p2a: Great Tusk|Great Tusk|65/100
|-damage|p2a: Great Tusk|49/100|[from] Spikes
|turn|19
|
|t:|1776032513
|switch|p1a: Alomomola|Alomomola, M|100/100
|move|p2a: Great Tusk|Rapid Spin|p1a: Alomomola
|-damage|p1a: Alomomola|92/100
|-boost|p2a: Great Tusk|spe|1
|-damage|p2a: Great Tusk|32/100|[from] item: Rocky Helmet|[of] p1a: Alomomola
|-sideend|p2: imnewbrah|Spikes|[from] move: Rapid Spin|[of] p2a: Great Tusk
|
|-heal|p2a: Great Tusk|38/100|[from] item: Leftovers
|upkeep
|turn|20
|
|t:|1776032521
|-end|p2a: Great Tusk|Protosynthesis|[silent]
|switch|p2a: Torkoal|Torkoal, M|3/100
|-weather|SunnyDay|[from] ability: Drought|[of] p2a: Torkoal
|move|p1a: Alomomola|Wish|p1a: Alomomola
|
|-weather|SunnyDay|[upkeep]
|upkeep
|turn|21
|
|t:|1776032534
|switch|p2a: Slither Wing|Slither Wing|100/100
|-activate|p2a: Slither Wing|ability: Protosynthesis
|-start|p2a: Slither Wing|protosynthesisatk
|move|p1a: Alomomola|Flip Turn|p2a: Slither Wing
|-damage|p2a: Slither Wing|92/100
|
|t:|1776032542
|switch|p1a: Persian|Persian, F, tera:Normal|15/100|[from] Flip Turn
|
|-weather|SunnyDay|[upkeep]
|-heal|p1a: Persian|100/100|[from] move: Wish|[wisher] Alomomola
|upkeep
|turn|22
|
|t:|1776032549
|move|p1a: Persian|Fake Out|p2a: Slither Wing
|-crit|p2a: Slither Wing
|-damage|p2a: Slither Wing|13/100
|-damage|p1a: Persian|91/100|[from] item: Life Orb
|cant|p2a: Slither Wing|flinch
|
|-weather|SunnyDay|[upkeep]
|upkeep
|turn|23
|
|t:|1776032555
|move|p1a: Persian|Feint|p2a: Slither Wing
|-damage|p2a: Slither Wing|0 fnt
|faint|p2a: Slither Wing
|-end|p2a: Slither Wing|Protosynthesis|[silent]
|-damage|p1a: Persian|81/100|[from] item: Life Orb
|
|-weather|SunnyDay|[upkeep]
|upkeep
|
|t:|1776032560
|switch|p2a: Great Tusk|Great Tusk|38/100
|-activate|p2a: Great Tusk|ability: Protosynthesis
|-start|p2a: Great Tusk|protosynthesisspe
|turn|24
|
|t:|1776032571
|switch|p1a: Alomomola|Alomomola, M|100/100
|move|p2a: Great Tusk|Headlong Rush|p1a: Alomomola
|-damage|p1a: Alomomola|75/100
|-unboost|p2a: Great Tusk|def|1
|-unboost|p2a: Great Tusk|spd|1
|-damage|p2a: Great Tusk|22/100|[from] item: Rocky Helmet|[of] p1a: Alomomola
|
|-weather|SunnyDay|[upkeep]
|-heal|p2a: Great Tusk|28/100|[from] item: Leftovers
|upkeep
|turn|25
|
|t:|1776032580
|-end|p2a: Great Tusk|Protosynthesis|[silent]
|switch|p2a: Walking Wake|Walking Wake|44/100
|-activate|p2a: Walking Wake|ability: Protosynthesis
|-start|p2a: Walking Wake|protosynthesisspe
|move|p1a: Alomomola|Scald|p2a: Walking Wake
|-resisted|p2a: Walking Wake
|-damage|p2a: Walking Wake|42/100
|-status|p2a: Walking Wake|brn
|
|-weather|SunnyDay|[upkeep]
|-damage|p2a: Walking Wake|36/100 brn|[from] brn
|upkeep
|turn|26
|
|t:|1776032595
|move|p2a: Walking Wake|Hydro Steam|p1a: Alomomola
|-resisted|p1a: Alomomola
|-damage|p1a: Alomomola|23/100
|move|p1a: Alomomola|Flip Turn|p2a: Walking Wake
|-resisted|p2a: Walking Wake
|-damage|p2a: Walking Wake|34/100 brn
|
|t:|1776032605
|switch|p1a: Persian|Persian, F, tera:Normal|81/100|[from] Flip Turn
|
|-weather|SunnyDay|[upkeep]
|-damage|p2a: Walking Wake|28/100 brn|[from] brn
|upkeep
|turn|27
|-message|imnewbrah forfeited.
|
|win|Payomatic
|raw|Payomatic's rating: 1310 &rarr; <strong>1331</strong><br />(+21 for winning)
|raw|imnewbrah's rating: 1325 &rarr; <strong>1304</strong><br />(-21 for losing)
|l|☆imnewbrah
|player|p2|
|l|☆Payomatic
|player|p1|
