|html|<div class="broadcast-blue"><strong>[Gen 9] OU is currently suspecting Volcarona! For information on how to participate check out the <a href="https://www.smogon.com/tools/suspects/view/208">suspect thread</a>.</strong></div>
|j|☆MEMEtEam AbuSeR
|j|☆fllynnthe7th
|t:|1778501691
|gametype|singles
|player|p1|MEMEtEam AbuSeR|hilda-wonderlauncher|1136
|player|p2|fllynnthe7th|acetrainer-gen4dp|1172
|gen|9
|tier|[Gen 9] OU
|rated|
|rule|HP Percentage Mod: HP is shown in percentages
|rule|Endless Battle Clause: Forcing endless battles is banned
|rule|Species Clause: Limit one of each Pokémon
|rule|OHKO Clause: OHKO moves are banned
|rule|Evasion Items Clause: Evasion items are banned
|rule|Evasion Moves Clause: Evasion moves are banned
|rule|Evasion Abilities Clause: Evasion abilities are banned
|rule|Sleep Moves Clause: Sleep-inducing moves are banned
|clearpoke
|poke|p1|Zoroark-Hisui, F|
|poke|p1|Heatran, M|
|poke|p1|Azumarill, F|
|poke|p1|Cacturne, M|
|poke|p1|Gliscor, F|
|poke|p1|Beartic, M|
|poke|p2|Decidueye, M|
|poke|p2|Haxorus, M|
|poke|p2|Ribombee, F|
|poke|p2|Iron Moth|
|poke|p2|Ninetales-Alola, F|
|poke|p2|Excadrill, M|
|teampreview
|
|t:|1778501706
|teamsize|p1|6
|teamsize|p2|6
|start
|switch|p1a: Gliscor|Gliscor, F|100/100
|switch|p2a: Pixiel|Ribombee, F, shiny|100/100
|turn|1
|inactive|Battle timer is ON: inactive players will automatically lose when time's up. (requested by fllynnthe7th)
|
|t:|1778501715
|move|p2a: Pixiel|Stun Spore|p1a: Gliscor
|-status|p1a: Gliscor|par
|cant|p1a: Gliscor|par
|
|upkeep
|turn|2
|
|t:|1778501720
|move|p2a: Pixiel|Sticky Web|p1a: Gliscor
|-sidestart|p1: MEMEtEam AbuSeR|move: Sticky Web
|cant|p1a: Gliscor|par
|
|upkeep
|turn|3
|
|t:|1778501725
|move|p2a: Pixiel|Tailwind|p2a: Pixiel
|-sidestart|p2: fllynnthe7th|move: Tailwind
|move|p1a: Gliscor|Spikes|p2a: Pixiel
|-sidestart|p2: fllynnthe7th|Spikes
|
|upkeep
|turn|4
|
|t:|1778501729
|switch|p2a: Avale|Ninetales-Alola, F, shiny|100/100
|-damage|p2a: Avale|88/100|[from] Spikes
|-weather|Snowscape|[from] ability: Snow Warning|[of] p2a: Avale
|cant|p1a: Gliscor|par
|
|-weather|Snowscape|[upkeep]
|upkeep
|turn|5
|
|t:|1778501740
|move|p2a: Avale|Calm Mind|p2a: Avale
|-boost|p2a: Avale|spa|1
|-boost|p2a: Avale|spd|1
|move|p1a: Gliscor|Toxic|p2a: Avale
|-status|p2a: Avale|tox
|
|-weather|Snowscape|[upkeep]
|-damage|p2a: Avale|82/100 tox|[from] psn
|upkeep
|turn|6
|
|t:|1778501753
|switch|p1a: Azumarill|Azumarill, F|100/100
|-activate|p1a: Azumarill|move: Sticky Web
|-unboost|p1a: Azumarill|spe|1
|move|p2a: Avale|Freeze-Dry|p1a: Azumarill
|-supereffective|p1a: Azumarill
|-crit|p1a: Azumarill
|-damage|p1a: Azumarill|0 fnt
|faint|p1a: Azumarill
|
|-weather|Snowscape|[upkeep]
|-damage|p2a: Avale|71/100 tox|[from] psn
|-sideend|p2: fllynnthe7th|move: Tailwind
|upkeep
|
|t:|1778501765
|switch|p1a: Heatran|Heatran, M|100/100
|-activate|p1a: Heatran|move: Sticky Web
|-unboost|p1a: Heatran|spe|1
|turn|7
|
|t:|1778501775
|move|p2a: Avale|Moonblast|p1a: Heatran
|-resisted|p1a: Heatran
|-damage|p1a: Heatran|90/100
|move|p1a: Heatran|Magma Storm|p2a: Avale
|-supereffective|p2a: Avale
|-damage|p2a: Avale|0 fnt
|faint|p2a: Avale
|
|-weather|Snowscape|[upkeep]
|-heal|p1a: Heatran|96/100|[from] item: Leftovers
|upkeep
|
|t:|1778501782
|switch|p2a: Excadrill|Excadrill, M, shiny|100/100
|-ability|p2a: Excadrill|Mold Breaker
|turn|8
|
|t:|1778501790
|move|p2a: Excadrill|Rapid Spin|p1a: Heatran
|-resisted|p1a: Heatran
|-damage|p1a: Heatran|89/100
|-boost|p2a: Excadrill|spe|1
|-sideend|p2: fllynnthe7th|Spikes|[from] move: Rapid Spin|[of] p2a: Excadrill
|move|p1a: Heatran|Magma Storm|p2a: Excadrill
|-supereffective|p2a: Excadrill
|-damage|p2a: Excadrill|0 fnt
|faint|p2a: Excadrill
|
|-weather|Snowscape|[upkeep]
|-heal|p1a: Heatran|95/100|[from] item: Leftovers
|upkeep
|
|t:|1778501796
|switch|p2a: Vailus|Haxorus, M, shiny|100/100
|-ability|p2a: Vailus|Mold Breaker
|turn|9
|
|t:|1778501808
|move|p2a: Vailus|Dragon Dance|p2a: Vailus
|-boost|p2a: Vailus|atk|1
|-boost|p2a: Vailus|spe|1
|move|p1a: Heatran|Earth Power|p2a: Vailus
|-damage|p2a: Vailus|49/100
|
|-weather|Snowscape|[upkeep]
|-heal|p1a: Heatran|100/100|[from] item: Leftovers
|upkeep
|turn|10
|
|t:|1778501816
|-terastallize|p1a: Heatran|Grass
|move|p2a: Vailus|Close Combat|p1a: Heatran
|-damage|p1a: Heatran|40/100
|-unboost|p2a: Vailus|def|1
|-unboost|p2a: Vailus|spd|1
|move|p1a: Heatran|Earth Power|p2a: Vailus
|-damage|p2a: Vailus|0 fnt
|faint|p2a: Vailus
|
|-weather|Snowscape|[upkeep]
|-heal|p1a: Heatran|46/100|[from] item: Leftovers
|upkeep
|
|t:|1778501822
|switch|p2a: Flaroi|Iron Moth, shiny|100/100
|-enditem|p2a: Flaroi|Booster Energy
|-activate|p2a: Flaroi|ability: Quark Drive|[fromitem]
|-start|p2a: Flaroi|quarkdrivespa
|turn|11
|
|t:|1778501831
|move|p2a: Flaroi|Fiery Dance|p1a: Heatran
|-start|p1a: Heatran|ability: Flash Fire
|move|p1a: Heatran|Earth Power|p2a: Flaroi
|-supereffective|p2a: Flaroi
|-damage|p2a: Flaroi|0 fnt
|faint|p2a: Flaroi
|-end|p2a: Flaroi|Quark Drive|[silent]
|
|-weather|none
|-heal|p1a: Heatran|53/100|[from] item: Leftovers
|upkeep
|
|t:|1778501837
|switch|p2a: Pixiel|Ribombee, F, shiny|100/100
|turn|12
|
|t:|1778501841
|move|p2a: Pixiel|Sticky Web||[still]
|-fail|p2a: Pixiel
|move|p1a: Heatran|Magma Storm|p2a: Pixiel
|-supereffective|p2a: Pixiel
|-enditem|p2a: Pixiel|Focus Sash
|-damage|p2a: Pixiel|1/100
|-activate|p2a: Pixiel|move: Magma Storm|[of] p1a: Heatran
|
|-heal|p1a: Heatran|59/100|[from] item: Leftovers
|-damage|p2a: Pixiel|0 fnt|[from] move: Magma Storm|[partiallytrapped]
|faint|p2a: Pixiel
|upkeep
|
|t:|1778501845
|switch|p2a: Reiva|Decidueye, M, shiny|100/100
|turn|13
|
|t:|1778501859
|-terastallize|p2a: Reiva|Dark
|move|p2a: Reiva|Knock Off|p1a: Heatran
|-damage|p1a: Heatran|8/100
|-enditem|p1a: Heatran|Leftovers|[from] move: Knock Off|[of] p2a: Reiva
|-damage|p2a: Reiva|91/100|[from] item: Life Orb
|move|p1a: Heatran|Magma Storm|p2a: Reiva
|-damage|p2a: Reiva|0 fnt
|faint|p2a: Reiva
|
|win|MEMEtEam AbuSeR
|raw|MEMEtEam AbuSeR's rating: 1136 &rarr; <strong>1164</strong><br />(+28 for winning)
|raw|fllynnthe7th's rating: 1172 &rarr; <strong>1144</strong><br />(-28 for losing)
|c|☆MEMEtEam AbuSeR|ggs
|l|☆fllynnthe7th
|player|p2|
|l|☆MEMEtEam AbuSeR
|player|p1|
