|html|<div class="broadcast-blue"><strong>[Gen 9] OU is currently suspecting Tera Blast! For information on how to participate check out the <a href="https://www.smogon.com/tools/suspects/view/200">suspect thread</a>.</strong></div>
|j|☆Bananae12
|j|☆bjnnbjkjnk
|t:|1776317724
|gametype|singles
|player|p1|Bananae12|shauntal|1040
|player|p2|bjnnbjkjnk|furisodegirl-black|1000
|gen|9
|tier|[Gen 9] OU
|rated|
|rule|HP Percentage Mod: HP is shown in percentages
|rule|Endless Battle Clause: Forcing endless battles is banned
|rule|Species Clause: Limit one of each Pokémon
|rule|OHKO Clause: OHKO moves are banned
|rule|Evasion Items Clause: Evasion items are banned
|rule|Evasion Moves Clause: Evasion moves are banned
|rule|Evasion Abilities Clause: Evasion abilities are banned
|rule|Sleep Moves Clause: Sleep-inducing moves are banned
|clearpoke
|poke|p1|Samurott-Hisui, M|
|poke|p1|Dragapult, F|
|poke|p1|Kingambit, F|
|poke|p1|Great Tusk|
|poke|p1|Iron Valiant|
|poke|p1|Iron Crown|
|poke|p2|Landorus-Therian, M|
|poke|p2|Ribombee, F|
|poke|p2|Gholdengo|
|poke|p2|Gallade, M|
|poke|p2|Iron Moth|
|poke|p2|Great Tusk|
|teampreview
|inactive|Battle timer is ON: inactive players will automatically lose when time's up. (requested by bjnnbjkjnk)
|
|t:|1776317732
|teamsize|p1|6
|teamsize|p2|6
|start
|switch|p1a: Iron Crown|Iron Crown|100/100
|switch|p2a: Ribombee|Ribombee, F|100/100
|turn|1
|
|t:|1776317740
|move|p2a: Ribombee|Sticky Web|p1a: Iron Crown
|-sidestart|p1: Bananae12|move: Sticky Web
|move|p1a: Iron Crown|Tachyon Cutter|p2a: Ribombee
|-supereffective|p2a: Ribombee
|-damage|p2a: Ribombee|24/100
|-supereffective|p2a: Ribombee
|-damage|p2a: Ribombee|0 fnt
|faint|p2a: Ribombee
|-hitcount|p2: Ribombee|2
|
|upkeep
|
|t:|1776317746
|switch|p2a: Landorus|Landorus-Therian, M|100/100
|-ability|p2a: Landorus|Intimidate|boost
|-unboost|p1a: Iron Crown|atk|1
|turn|2
|
|t:|1776317759
|-end|p1a: Iron Crown|Quark Drive|[silent]
|switch|p1a: Great Tusk|Great Tusk|100/100
|-activate|p1a: Great Tusk|move: Sticky Web
|-unboost|p1a: Great Tusk|spe|1
|move|p2a: Landorus|Earthquake|p1a: Great Tusk
|-damage|p1a: Great Tusk|58/100
|
|-heal|p1a: Great Tusk|64/100|[from] item: Leftovers
|upkeep
|turn|3
|inactive|Bananae12 has 120 seconds left.
|
|t:|1776317791
|switch|p2a: Gholdengo|Gholdengo|100/100
|-item|p2a: Gholdengo|Air Balloon
|-end|p1a: Great Tusk|Protosynthesis|[silent]
|switch|p1a: Kingambit|Kingambit, F|100/100
|-item|p1a: Kingambit|Air Balloon
|
|upkeep
|turn|4
|inactive|Bananae12 has 120 seconds left.
|
|t:|1776317811
|switch|p2a: Great Tusk|Great Tusk|100/100
|-end|p1a: Kingambit|fallenundefined|[silent]
|switch|p1a: Samurott|Samurott-Hisui, M, shiny|100/100
|-activate|p1a: Samurott|move: Sticky Web
|-unboost|p1a: Samurott|spe|1
|
|upkeep
|turn|5
|inactive|Bananae12 has 120 seconds left.
|
|t:|1776317839
|-end|p2a: Great Tusk|Protosynthesis|[silent]
|switch|p2a: Landorus|Landorus-Therian, M|100/100
|-ability|p2a: Landorus|Intimidate|boost
|-unboost|p1a: Samurott|atk|1
|move|p1a: Samurott|Razor Shell|p2a: Landorus
|-supereffective|p2a: Landorus
|-damage|p2a: Landorus|17/100
|
|upkeep
|turn|6
|
|t:|1776317846
|move|p1a: Samurott|Sucker Punch|p2a: Landorus
|-damage|p2a: Landorus|0 fnt
|faint|p2a: Landorus
|
|upkeep
|
|t:|1776317851
|switch|p2a: Gallade|Gallade, M|100/100
|turn|7
|inactive|Bananae12 has 90 seconds left.
|
|t:|1776317893
|switch|p1a: Dragapult|Dragapult, F, shiny|100/100
|-activate|p1a: Dragapult|move: Sticky Web
|-unboost|p1a: Dragapult|spe|1
|move|p2a: Gallade|Night Slash|p1a: Dragapult
|-supereffective|p1a: Dragapult
|-damage|p1a: Dragapult|0 fnt
|faint|p1a: Dragapult
|-damage|p2a: Gallade|91/100|[from] item: Life Orb
|
|upkeep
|inactive|Bananae12 has 60 seconds left.
|
|t:|1776317941
|switch|p1a: Iron Valiant|Iron Valiant, shiny|100/100
|-activate|p1a: Iron Valiant|move: Sticky Web
|-unboost|p1a: Iron Valiant|spe|1
|-enditem|p1a: Iron Valiant|Booster Energy
|-activate|p1a: Iron Valiant|ability: Quark Drive|[fromitem]
|-start|p1a: Iron Valiant|quarkdriveatk
|turn|8
|inactive|Bananae12 has 30 seconds left.
|
|t:|1776317962
|move|p2a: Gallade|Psycho Cut|p1a: Iron Valiant
|-supereffective|p1a: Iron Valiant
|-damage|p1a: Iron Valiant|0 fnt
|faint|p1a: Iron Valiant
|-end|p1a: Iron Valiant|Quark Drive|[silent]
|-damage|p2a: Gallade|81/100|[from] item: Life Orb
|
|upkeep
|inactive|Bananae12 has 30 seconds left.
|inactive|Bananae12 has 20 seconds left.
|
|t:|1776317977
|switch|p1a: Great Tusk|Great Tusk|64/100
|-activate|p1a: Great Tusk|move: Sticky Web
|-unboost|p1a: Great Tusk|spe|1
|turn|9
|inactive|Bananae12 has 30 seconds left this turn.
|inactive|Bananae12 has 20 seconds left.
|
|t:|1776317992
|switch|p2a: Great Tusk|Great Tusk|100/100
|move|p1a: Great Tusk|Rapid Spin|p2a: Great Tusk
|-damage|p2a: Great Tusk|89/100
|-boost|p1a: Great Tusk|spe|1
|-sideend|p1: Bananae12|Sticky Web|[from] move: Rapid Spin|[of] p1a: Great Tusk
|
|-heal|p2a: Great Tusk|96/100|[from] item: Leftovers
|-heal|p1a: Great Tusk|70/100|[from] item: Leftovers
|upkeep
|turn|10
|inactive|Bananae12 has 30 seconds left this turn.
|inactive|Bananae12 has 20 seconds left.
|
|t:|1776318003
|move|p2a: Great Tusk|Bulk Up|p2a: Great Tusk
|-boost|p2a: Great Tusk|atk|1
|-boost|p2a: Great Tusk|def|1
|move|p1a: Great Tusk|Stealth Rock|p2a: Great Tusk
|-sidestart|p2: bjnnbjkjnk|move: Stealth Rock
|
|-heal|p2a: Great Tusk|100/100|[from] item: Leftovers
|-heal|p1a: Great Tusk|77/100|[from] item: Leftovers
|upkeep
|turn|11
|inactive|Bananae12 has 30 seconds left this turn.
|inactive|Bananae12 has 20 seconds left.
|
|t:|1776318015
|-end|p1a: Great Tusk|Protosynthesis|[silent]
|switch|p1a: Iron Crown|Iron Crown|100/100
|move|p2a: Great Tusk|Rapid Spin|p1a: Iron Crown
|-resisted|p1a: Iron Crown
|-damage|p1a: Iron Crown|87/100
|-boost|p2a: Great Tusk|spe|1
|-sideend|p2: bjnnbjkjnk|Stealth Rock|[from] move: Rapid Spin|[of] p2a: Great Tusk
|
|upkeep
|turn|12
|inactive|Bananae12 has 30 seconds left this turn.
|
|t:|1776318023
|move|p2a: Great Tusk|Earthquake|p1a: Iron Crown
|-supereffective|p1a: Iron Crown
|-damage|p1a: Iron Crown|0 fnt
|faint|p1a: Iron Crown
|-end|p1a: Iron Crown|Quark Drive|[silent]
|
|upkeep
|inactive|Bananae12 has 30 seconds left this turn.
|-message|Bananae12 forfeited.
|
|win|bjnnbjkjnk
|raw|Bananae12's rating: 1040 &rarr; <strong>1022</strong><br />(-18 for losing)
|raw|bjnnbjkjnk's rating: 1000 &rarr; <strong>1045</strong><br />(+45 for winning)
|l|☆Bananae12
|player|p1|
