|html|<div class="broadcast-blue"><strong>[Gen 9] OU is currently suspecting Tera Blast! For information on how to participate check out the <a href="https://www.smogon.com/tools/suspects/view/200">suspect thread</a>.</strong></div>
|j|☆Bip88888
|j|☆Roustttt
|t:|1776099564
|gametype|singles
|player|p1|Bip88888|roughneck|1131
|player|p2|Roustttt|102|1154
|gen|9
|tier|[Gen 9] OU
|rated|
|rule|HP Percentage Mod: HP is shown in percentages
|rule|Endless Battle Clause: Forcing endless battles is banned
|rule|Species Clause: Limit one of each Pokémon
|rule|OHKO Clause: OHKO moves are banned
|rule|Evasion Items Clause: Evasion items are banned
|rule|Evasion Moves Clause: Evasion moves are banned
|rule|Evasion Abilities Clause: Evasion abilities are banned
|rule|Sleep Moves Clause: Sleep-inducing moves are banned
|clearpoke
|poke|p1|Samurott-Hisui, M|
|poke|p1|Infernape, M|
|poke|p1|Great Tusk|
|poke|p1|Braviary, M|
|poke|p1|Ogerpon-Wellspring, F|
|poke|p1|Garchomp, M|
|poke|p2|Iron Valiant|
|poke|p2|Great Tusk|
|poke|p2|Dragonite, F|
|poke|p2|Deoxys-Speed|
|poke|p2|Glimmora, F|
|poke|p2|Kingambit, M|
|teampreview
|
|t:|1776099585
|teamsize|p1|6
|teamsize|p2|6
|start
|switch|p1a: Samurott|Samurott-Hisui, M|100/100
|switch|p2a: Great Tusk|Great Tusk|100/100
|-enditem|p2a: Great Tusk|Booster Energy
|-activate|p2a: Great Tusk|ability: Protosynthesis|[fromitem]
|-start|p2a: Great Tusk|protosynthesisspe
|turn|1
|
|t:|1776099611
|-terastallize|p2a: Great Tusk|Poison
|move|p2a: Great Tusk|Bulk Up|p2a: Great Tusk
|-boost|p2a: Great Tusk|atk|1
|-boost|p2a: Great Tusk|def|1
|move|p1a: Samurott|Razor Shell|p2a: Great Tusk
|-damage|p2a: Great Tusk|77/100
|-unboost|p2a: Great Tusk|def|1
|
|upkeep
|turn|2
|
|t:|1776099625
|move|p2a: Great Tusk|Headlong Rush|p1a: Samurott
|-enditem|p1a: Samurott|Focus Sash
|-damage|p1a: Samurott|1/100
|-unboost|p2a: Great Tusk|def|1
|-unboost|p2a: Great Tusk|spd|1
|move|p1a: Samurott|Ceaseless Edge|p2a: Great Tusk
|-damage|p2a: Great Tusk|35/100
|-sidestart|p2: Roustttt|Spikes
|
|upkeep
|turn|3
|
|t:|1776099635
|move|p1a: Samurott|Aqua Jet|p2a: Great Tusk
|-damage|p2a: Great Tusk|19/100
|move|p2a: Great Tusk|Headlong Rush|p1a: Samurott
|-damage|p1a: Samurott|0 fnt
|-unboost|p2a: Great Tusk|def|1
|-unboost|p2a: Great Tusk|spd|1
|faint|p1a: Samurott
|
|upkeep
|
|t:|1776099648
|switch|p1a: Infernape|Infernape, M|100/100
|turn|4
|
|t:|1776099652
|move|p1a: Infernape|Fake Out|p2a: Great Tusk
|-damage|p2a: Great Tusk|0 fnt
|faint|p2a: Great Tusk
|-end|p2a: Great Tusk|Protosynthesis|[silent]
|-damage|p1a: Infernape|91/100|[from] item: Life Orb
|
|upkeep
|
|t:|1776099657
|switch|p2a: Iron Valiant|Iron Valiant|100/100
|-damage|p2a: Iron Valiant|88/100|[from] Spikes
|-enditem|p2a: Iron Valiant|Booster Energy
|-activate|p2a: Iron Valiant|ability: Quark Drive|[fromitem]
|-start|p2a: Iron Valiant|quarkdrivespe
|turn|5
|l|☆Bip88888
|player|p1|
|j|☆Bip88888
|player|p1|Bip88888|roughneck|
|
|t:|1776099721
|move|p2a: Iron Valiant|Moonblast|p1a: Infernape
|-damage|p1a: Infernape|20/100
|move|p1a: Infernape|Fire Punch|p2a: Iron Valiant
|-damage|p2a: Iron Valiant|21/100
|-damage|p1a: Infernape|10/100|[from] item: Life Orb
|
|upkeep
|turn|6
|
|t:|1776099729
|move|p2a: Iron Valiant|Moonblast|p1a: Infernape
|-damage|p1a: Infernape|0 fnt
|faint|p1a: Infernape
|
|upkeep
|
|t:|1776099752
|switch|p1a: Ogerpon|Ogerpon-Wellspring, F|100/100
|turn|7
|
|t:|1776099758
|move|p2a: Iron Valiant|Moonblast|p1a: Ogerpon
|-damage|p1a: Ogerpon|44/100
|move|p1a: Ogerpon|Ivy Cudgel|p2a: Iron Valiant|[anim] Ivy Cudgel Water
|-crit|p2a: Iron Valiant
|-damage|p2a: Iron Valiant|0 fnt
|faint|p2a: Iron Valiant
|-end|p2a: Iron Valiant|Quark Drive|[silent]
|
|upkeep
|
|t:|1776099767
|switch|p2a: Deoxys|Deoxys-Speed|100/100
|-damage|p2a: Deoxys|88/100|[from] Spikes
|-ability|p2a: Deoxys|Pressure
|turn|8
|
|t:|1776099781
|move|p2a: Deoxys|Psycho Boost|p1a: Ogerpon
|-damage|p1a: Ogerpon|0 fnt
|-unboost|p2a: Deoxys|spa|2
|faint|p1a: Ogerpon
|
|upkeep
|
|t:|1776099787
|switch|p1a: Braviary|Braviary, M|100/100
|turn|9
|
|t:|1776099790
|switch|p2a: Glimmora|Glimmora, F|100/100
|-damage|p2a: Glimmora|88/100|[from] Spikes
|move|p1a: Braviary|Sky Attack||[still]
|-prepare|p1a: Braviary|Sky Attack
|-enditem|p1a: Braviary|Power Herb
|-anim|p1a: Braviary|Sky Attack|p2a: Glimmora
|-resisted|p2a: Glimmora
|-damage|p2a: Glimmora|27/100
|-activate|p2a: Glimmora|ability: Toxic Debris
|-sidestart|p1: Bip88888|move: Toxic Spikes
|
|upkeep
|turn|10
|
|t:|1776099803
|-terastallize|p1a: Braviary|Normal
|move|p2a: Glimmora|Meteor Beam||[still]
|-prepare|p2a: Glimmora|Meteor Beam
|-boost|p2a: Glimmora|spa|1
|-enditem|p2a: Glimmora|Power Herb
|-anim|p2a: Glimmora|Meteor Beam|p1a: Braviary
|-damage|p1a: Braviary|0 fnt
|faint|p1a: Braviary
|
|upkeep
|
|t:|1776099813
|switch|p1a: Garchomp|Garchomp, M|100/100
|-status|p1a: Garchomp|psn
|turn|11
|
|t:|1776099822
|move|p2a: Glimmora|Earth Power|p1a: Garchomp
|-damage|p1a: Garchomp|54/100 psn
|move|p1a: Garchomp|Dragon Tail|p2a: Glimmora
|-damage|p2a: Glimmora|0 fnt
|-activate|p2a: Glimmora|ability: Toxic Debris
|-sidestart|p1: Bip88888|move: Toxic Spikes
|faint|p2a: Glimmora
|
|-damage|p1a: Garchomp|41/100 psn|[from] psn
|upkeep
|j| PorkChump
|l| PorkChump
|
|t:|1776099832
|switch|p2a: Deoxys|Deoxys-Speed|88/100
|-damage|p2a: Deoxys|76/100|[from] Spikes
|-ability|p2a: Deoxys|Pressure
|turn|12
|
|t:|1776099843
|move|p2a: Deoxys|Psycho Boost|p1a: Garchomp
|-damage|p1a: Garchomp|0 fnt
|-unboost|p2a: Deoxys|spa|2
|faint|p1a: Garchomp
|
|upkeep
|
|t:|1776099846
|switch|p1a: Great Tusk|Great Tusk|100/100
|-status|p1a: Great Tusk|tox
|turn|13
|
|t:|1776099862
|move|p2a: Deoxys|Reflect|p2a: Deoxys
|-sidestart|p2: Roustttt|Reflect
|move|p1a: Great Tusk|Rapid Spin|p2a: Deoxys
|-crit|p2a: Deoxys
|-damage|p2a: Deoxys|50/100
|-boost|p1a: Great Tusk|spe|1
|-sideend|p1: Bip88888|Toxic Spikes|[from] move: Rapid Spin|[of] p1a: Great Tusk
|
|-damage|p1a: Great Tusk|94/100 tox|[from] psn
|upkeep
|turn|14
|
|t:|1776099907
|switch|p2a: Dragonite|Dragonite, F|100/100
|move|p1a: Great Tusk|Headlong Rush|p2a: Dragonite
|-immune|p2a: Dragonite
|
|-damage|p1a: Great Tusk|82/100 tox|[from] psn
|upkeep
|turn|15
|
|t:|1776099918
|move|p1a: Great Tusk|Ice Spinner|p2a: Dragonite
|-supereffective|p2a: Dragonite
|-damage|p2a: Dragonite|74/100
|move|p2a: Dragonite|Earthquake|p1a: Great Tusk
|-crit|p1a: Great Tusk
|-damage|p1a: Great Tusk|50/100 tox
|
|-heal|p2a: Dragonite|80/100|[from] item: Leftovers
|-damage|p1a: Great Tusk|31/100 tox|[from] psn
|upkeep
|turn|16
|
|t:|1776099930
|move|p1a: Great Tusk|Ice Spinner|p2a: Dragonite
|-supereffective|p2a: Dragonite
|-damage|p2a: Dragonite|30/100
|move|p2a: Dragonite|Earthquake|p1a: Great Tusk
|-damage|p1a: Great Tusk|9/100 tox
|
|-heal|p2a: Dragonite|36/100|[from] item: Leftovers
|-damage|p1a: Great Tusk|0 fnt|[from] psn
|faint|p1a: Great Tusk
|-end|p1a: Great Tusk|Protosynthesis|[silent]
|
|win|Roustttt
|raw|Bip88888's rating: 1131 &rarr; <strong>1108</strong><br />(-23 for losing)
|raw|Roustttt's rating: 1154 &rarr; <strong>1177</strong><br />(+23 for winning)
|l|☆Bip88888
|player|p1|
|l|☆Roustttt
|player|p2|
