|html|<div class="broadcast-blue"><strong>[Gen 9] OU is currently suspecting Tera Blast! For information on how to participate check out the <a href="https://www.smogon.com/tools/suspects/view/200">suspect thread</a>.</strong></div>
|j|☆enzonied
|j|☆m4debyjoak0
|t:|1776124129
|gametype|singles
|player|p1|enzonied|cynthia-gen4|1335
|player|p2|m4debyjoak0|roxie|1412
|gen|9
|tier|[Gen 9] OU
|rated|
|rule|HP Percentage Mod: HP is shown in percentages
|rule|Endless Battle Clause: Forcing endless battles is banned
|rule|Species Clause: Limit one of each Pokémon
|rule|OHKO Clause: OHKO moves are banned
|rule|Evasion Items Clause: Evasion items are banned
|rule|Evasion Moves Clause: Evasion moves are banned
|rule|Evasion Abilities Clause: Evasion abilities are banned
|rule|Sleep Moves Clause: Sleep-inducing moves are banned
|clearpoke
|poke|p1|Ting-Lu|
|poke|p1|Toxapex, F|
|poke|p1|Gholdengo|
|poke|p1|Primarina, M|
|poke|p1|Corviknight, M|
|poke|p1|Enamorus, F|
|poke|p2|Samurott-Hisui, F|
|poke|p2|Rillaboom, F|
|poke|p2|Heatran, M|
|poke|p2|Ogerpon-Wellspring, F|
|poke|p2|Gholdengo|
|poke|p2|Great Tusk|
|teampreview
|j| ohko_smeargle
|inactive|Battle timer is ON: inactive players will automatically lose when time's up. (requested by m4debyjoak0)
|
|t:|1776124134
|teamsize|p1|6
|teamsize|p2|6
|start
|switch|p1a: Corviknight|Corviknight, M, shiny|100/100
|switch|p2a: Intruso|Samurott-Hisui, F|100/100
|-ability|p1a: Corviknight|Pressure
|turn|1
|
|t:|1776124141
|move|p2a: Intruso|Ceaseless Edge|p1a: Corviknight
|-damage|p1a: Corviknight|76/100
|-damage|p2a: Intruso|84/100|[from] item: Rocky Helmet|[of] p1a: Corviknight
|-sidestart|p1: enzonied|Spikes
|move|p1a: Corviknight|U-turn|p2a: Intruso
|-supereffective|p2a: Intruso
|-damage|p2a: Intruso|52/100
|
|t:|1776124154
|switch|p1a: Toxapex|Toxapex, F, shiny|100/100|[from] U-turn
|-damage|p1a: Toxapex|88/100|[from] Spikes
|
|-heal|p1a: Toxapex|94/100|[from] item: Black Sludge
|upkeep
|turn|2
|
|t:|1776124160
|move|p2a: Intruso|Flip Turn|p1a: Toxapex
|-resisted|p1a: Toxapex
|-damage|p1a: Toxapex|86/100
|
|t:|1776124162
|switch|p2a: Vínculo|Heatran, M|100/100|[from] Flip Turn
|move|p1a: Toxapex|Toxic|p2a: Vínculo
|-immune|p2a: Vínculo
|
|-heal|p1a: Toxapex|92/100|[from] item: Black Sludge
|upkeep
|turn|3
|
|t:|1776124171
|switch|p1a: Ting-Lu|Ting-Lu, shiny|100/100
|-damage|p1a: Ting-Lu|88/100|[from] Spikes
|-ability|p1a: Ting-Lu|Vessel of Ruin
|move|p2a: Vínculo|Magma Storm|p1a: Ting-Lu
|-damage|p1a: Ting-Lu|71/100
|-activate|p1a: Ting-Lu|move: Magma Storm|[of] p2a: Vínculo
|
|-heal|p1a: Ting-Lu|77/100|[from] item: Leftovers
|-damage|p1a: Ting-Lu|64/100|[from] move: Magma Storm|[partiallytrapped]
|upkeep
|turn|4
|
|t:|1776124182
|switch|p2a: Tulipanes|Rillaboom, F|100/100
|-fieldstart|move: Grassy Terrain|[from] ability: Grassy Surge|[of] p2a: Tulipanes
|move|p1a: Ting-Lu|Stealth Rock|p2a: Tulipanes
|-sidestart|p2: m4debyjoak0|move: Stealth Rock
|
|-heal|p1a: Ting-Lu|71/100|[from] Grassy Terrain
|-heal|p1a: Ting-Lu|77/100|[from] item: Leftovers
|-end|p1a: Ting-Lu|Magma Storm|[partiallytrapped]|[silent]
|upkeep
|turn|5
|
|t:|1776124192
|switch|p1a: Corviknight|Corviknight, M, shiny|76/100
|-ability|p1a: Corviknight|Pressure
|move|p2a: Tulipanes|Knock Off|p1a: Corviknight
|-damage|p1a: Corviknight|55/100
|-damage|p2a: Tulipanes|84/100|[from] item: Rocky Helmet|[of] p1a: Corviknight
|-enditem|p1a: Corviknight|Rocky Helmet|[from] move: Knock Off|[of] p2a: Tulipanes
|
|-heal|p2a: Tulipanes|90/100|[from] Grassy Terrain
|upkeep
|turn|6
|
|t:|1776124202
|switch|p2a: Extraviados|Gholdengo|100/100
|-damage|p2a: Extraviados|94/100|[from] Stealth Rock
|move|p1a: Corviknight|Roost|p1a: Corviknight
|-heal|p1a: Corviknight|100/100
|-singleturn|p1a: Corviknight|move: Roost
|
|-heal|p2a: Extraviados|100/100|[from] Grassy Terrain
|upkeep
|turn|7
|
|t:|1776124212
|move|p2a: Extraviados|Nasty Plot|p2a: Extraviados
|-boost|p2a: Extraviados|spa|2
|move|p1a: Corviknight|U-turn|p2a: Extraviados
|-resisted|p2a: Extraviados
|-damage|p2a: Extraviados|98/100
|
|t:|1776124217
|switch|p1a: Gholdengo|Gholdengo, shiny|100/100|[from] U-turn
|-damage|p1a: Gholdengo|88/100|[from] Spikes
|
|-heal|p1a: Gholdengo|94/100|[from] Grassy Terrain
|-heal|p2a: Extraviados|100/100|[from] Grassy Terrain
|upkeep
|turn|8
|
|t:|1776124224
|move|p1a: Gholdengo|Shadow Ball|p2a: Extraviados
|-supereffective|p2a: Extraviados
|-damage|p2a: Extraviados|15/100
|-unboost|p2a: Extraviados|spd|1
|move|p2a: Extraviados|Thunderbolt|p1a: Gholdengo
|-damage|p1a: Gholdengo|32/100
|
|-heal|p1a: Gholdengo|38/100|[from] Grassy Terrain
|-heal|p2a: Extraviados|21/100|[from] Grassy Terrain
|-fieldend|move: Grassy Terrain
|upkeep
|turn|9
|
|t:|1776124233
|switch|p2a: Vínculo|Heatran, M|100/100
|-damage|p2a: Vínculo|88/100|[from] Stealth Rock
|move|p1a: Gholdengo|Shadow Ball|p2a: Vínculo
|-damage|p2a: Vínculo|60/100
|
|-heal|p2a: Vínculo|66/100|[from] item: Leftovers
|upkeep
|turn|10
|
|t:|1776124243
|switch|p1a: Toxapex|Toxapex, F, shiny|100/100
|-damage|p1a: Toxapex|88/100|[from] Spikes
|move|p2a: Vínculo|Magma Storm|p1a: Toxapex
|-resisted|p1a: Toxapex
|-damage|p1a: Toxapex|70/100
|-activate|p1a: Toxapex|move: Magma Storm|[of] p2a: Vínculo
|
|-heal|p2a: Vínculo|73/100|[from] item: Leftovers
|-heal|p1a: Toxapex|76/100|[from] item: Black Sludge
|-damage|p1a: Toxapex|64/100|[from] move: Magma Storm|[partiallytrapped]
|upkeep
|turn|11
|
|t:|1776124254
|move|p2a: Vínculo|Taunt|p1a: Toxapex
|-start|p1a: Toxapex|move: Taunt
|move|p1a: Toxapex|Chilling Water|p2a: Vínculo
|-supereffective|p2a: Vínculo
|-damage|p2a: Vínculo|60/100
|-unboost|p2a: Vínculo|atk|1
|
|-heal|p2a: Vínculo|66/100|[from] item: Leftovers
|-heal|p1a: Toxapex|69/100|[from] item: Black Sludge
|-damage|p1a: Toxapex|57/100|[from] move: Magma Storm|[partiallytrapped]
|upkeep
|turn|12
|
|t:|1776124264
|move|p2a: Vínculo|Magma Storm|p1a: Toxapex
|-resisted|p1a: Toxapex
|-damage|p1a: Toxapex|40/100
|move|p1a: Toxapex|Chilling Water|p2a: Vínculo
|-supereffective|p2a: Vínculo
|-damage|p2a: Vínculo|53/100
|-unboost|p2a: Vínculo|atk|1
|
|-heal|p2a: Vínculo|59/100|[from] item: Leftovers
|-heal|p1a: Toxapex|46/100|[from] item: Black Sludge
|-damage|p1a: Toxapex|34/100|[from] move: Magma Storm|[partiallytrapped]
|upkeep
|turn|13
|
|t:|1776124276
|move|p2a: Vínculo|Earth Power|p1a: Toxapex
|-supereffective|p1a: Toxapex
|-damage|p1a: Toxapex|0 fnt
|faint|p1a: Toxapex
|
|-heal|p2a: Vínculo|65/100|[from] item: Leftovers
|upkeep
|
|t:|1776124281
|switch|p1a: Enamorus|Enamorus, F, shiny|100/100
|turn|14
|
|t:|1776124286
|move|p2a: Vínculo|Protect|p2a: Vínculo
|-singleturn|p2a: Vínculo|Protect
|move|p1a: Enamorus|Earth Power|p2a: Vínculo
|-activate|p2a: Vínculo|move: Protect
|
|-heal|p2a: Vínculo|71/100|[from] item: Leftovers
|upkeep
|turn|15
|
|t:|1776124296
|-terastallize|p2a: Vínculo|Grass
|move|p1a: Enamorus|Earth Power|p2a: Vínculo
|-resisted|p2a: Vínculo
|-damage|p2a: Vínculo|61/100
|move|p2a: Vínculo|Magma Storm|p1a: Enamorus
|-damage|p1a: Enamorus|41/100
|-activate|p1a: Enamorus|move: Magma Storm|[of] p2a: Vínculo
|
|-heal|p2a: Vínculo|68/100|[from] item: Leftovers
|-damage|p1a: Enamorus|29/100|[from] move: Magma Storm|[partiallytrapped]
|upkeep
|turn|16
|
|t:|1776124306
|move|p2a: Vínculo|Protect|p2a: Vínculo
|-singleturn|p2a: Vínculo|Protect
|move|p1a: Enamorus|Earth Power|p2a: Vínculo
|-activate|p2a: Vínculo|move: Protect
|
|-heal|p2a: Vínculo|74/100|[from] item: Leftovers
|-damage|p1a: Enamorus|16/100|[from] move: Magma Storm|[partiallytrapped]
|upkeep
|turn|17
|
|t:|1776124313
|move|p1a: Enamorus|Earth Power|p2a: Vínculo
|-resisted|p2a: Vínculo
|-damage|p2a: Vínculo|64/100
|move|p2a: Vínculo|Magma Storm|p1a: Enamorus
|-damage|p1a: Enamorus|0 fnt
|faint|p1a: Enamorus
|
|-heal|p2a: Vínculo|70/100|[from] item: Leftovers
|upkeep
|
|t:|1776124326
|switch|p1a: Corviknight|Corviknight, M, shiny|100/100
|-ability|p1a: Corviknight|Pressure
|turn|18
|
|t:|1776124331
|move|p2a: Vínculo|Magma Storm|p1a: Corviknight
|-supereffective|p1a: Corviknight
|-damage|p1a: Corviknight|20/100
|-activate|p1a: Corviknight|move: Magma Storm|[of] p2a: Vínculo
|move|p1a: Corviknight|Brave Bird|p2a: Vínculo
|-supereffective|p2a: Vínculo
|-damage|p2a: Vínculo|4/100
|-damage|p1a: Corviknight|0 fnt|[from] Recoil
|faint|p1a: Corviknight
|
|-heal|p2a: Vínculo|10/100|[from] item: Leftovers
|upkeep
|
|t:|1776124341
|switch|p1a: Gholdengo|Gholdengo, shiny|38/100
|-damage|p1a: Gholdengo|26/100|[from] Spikes
|turn|19
|
|t:|1776124346
|move|p1a: Gholdengo|Shadow Ball|p2a: Vínculo
|-damage|p2a: Vínculo|0 fnt
|faint|p2a: Vínculo
|
|upkeep
|
|t:|1776124348
|switch|p2a: Intruso|Samurott-Hisui, F|52/100
|-damage|p2a: Intruso|40/100|[from] Stealth Rock
|turn|20
|
|t:|1776124353
|switch|p1a: Primarina|Primarina, M, shiny|100/100
|-damage|p1a: Primarina|88/100|[from] Spikes
|move|p2a: Intruso|Flip Turn|p1a: Primarina
|-resisted|p1a: Primarina
|-damage|p1a: Primarina|72/100
|
|t:|1776124355
|switch|p2a: Tulipanes|Rillaboom, F|90/100|[from] Flip Turn
|-damage|p2a: Tulipanes|78/100|[from] Stealth Rock
|-fieldstart|move: Grassy Terrain|[from] ability: Grassy Surge|[of] p2a: Tulipanes
|
|-heal|p2a: Tulipanes|84/100|[from] Grassy Terrain
|-heal|p1a: Primarina|78/100|[from] Grassy Terrain
|upkeep
|turn|21
|
|t:|1776124366
|move|p2a: Tulipanes|Wood Hammer|p1a: Primarina
|-supereffective|p1a: Primarina
|-damage|p1a: Primarina|0 fnt
|faint|p1a: Primarina
|-damage|p2a: Tulipanes|57/100|[from] Recoil
|
|-heal|p2a: Tulipanes|63/100|[from] Grassy Terrain
|upkeep
|
|t:|1776124372
|switch|p1a: Gholdengo|Gholdengo, shiny|26/100
|-damage|p1a: Gholdengo|13/100|[from] Spikes
|turn|22
|
|t:|1776124377
|-terastallize|p1a: Gholdengo|Steel
|move|p2a: Tulipanes|Wood Hammer|p1a: Gholdengo
|-resisted|p1a: Gholdengo
|-damage|p1a: Gholdengo|0 fnt
|faint|p1a: Gholdengo
|-damage|p2a: Tulipanes|59/100|[from] Recoil
|
|-heal|p2a: Tulipanes|65/100|[from] Grassy Terrain
|upkeep
|-message|enzonied forfeited.
|
|win|m4debyjoak0
|raw|enzonied's rating: 1335 &rarr; <strong>1319</strong><br />(-16 for losing)
|raw|m4debyjoak0's rating: 1412 &rarr; <strong>1428</strong><br />(+16 for winning)
|l| ohko_smeargle
