|html|<div class="broadcast-blue"><strong>[Gen 9] OU is currently suspecting Tera Blast! For information on how to participate check out the <a href="https://www.smogon.com/tools/suspects/view/200">suspect thread</a>.</strong></div>
|j|☆AbsoluteDestroyer9
|j|☆sigmaaa88
|t:|1776078142
|gametype|singles
|player|p1|AbsoluteDestroyer9|willow|1170
|player|p2|sigmaaa88|bugcatcher-gen4dp|1182
|gen|9
|tier|[Gen 9] OU
|rated|
|rule|HP Percentage Mod: HP is shown in percentages
|rule|Endless Battle Clause: Forcing endless battles is banned
|rule|Species Clause: Limit one of each Pokémon
|rule|OHKO Clause: OHKO moves are banned
|rule|Evasion Items Clause: Evasion items are banned
|rule|Evasion Moves Clause: Evasion moves are banned
|rule|Evasion Abilities Clause: Evasion abilities are banned
|rule|Sleep Moves Clause: Sleep-inducing moves are banned
|clearpoke
|poke|p1|Skarmory, F|
|poke|p1|Persian-Alola, M|
|poke|p1|Mienshao, F|
|poke|p1|Deoxys-Defense|
|poke|p1|Skeledirge, M|
|poke|p1|Hoopa-Unbound|
|poke|p2|Moltres-Galar|
|poke|p2|Great Tusk|
|poke|p2|Iron Moth|
|poke|p2|Araquanid, F|
|poke|p2|Landorus-Therian, M|
|poke|p2|Weavile, F|
|teampreview
|inactive|Battle timer is ON: inactive players will automatically lose when time's up. (requested by AbsoluteDestroyer9)
|
|t:|1776078155
|teamsize|p1|6
|teamsize|p2|6
|start
|switch|p1a: Skarmory|Skarmory, F, shiny|100/100
|switch|p2a: Araquanid|Araquanid, F|100/100
|turn|1
|
|t:|1776078164
|move|p1a: Skarmory|Brave Bird|p2a: Araquanid
|-supereffective|p2a: Araquanid
|-damage|p2a: Araquanid|0 fnt
|faint|p2a: Araquanid
|-damage|p1a: Skarmory|59/100|[from] Recoil
|-damage|p1a: Skarmory|49/100|[from] item: Life Orb
|
|upkeep
|
|t:|1776078171
|switch|p2a: Iron Moth|Iron Moth|100/100
|-enditem|p2a: Iron Moth|Booster Energy
|-activate|p2a: Iron Moth|ability: Quark Drive|[fromitem]
|-start|p2a: Iron Moth|quarkdrivespe
|turn|2
|
|t:|1776078179
|switch|p1a: Skeledirge|Skeledirge, M, shiny|100/100
|move|p2a: Iron Moth|Fiery Dance|p1a: Skeledirge
|-resisted|p1a: Skeledirge
|-damage|p1a: Skeledirge|76/100
|
|upkeep
|turn|3
|
|t:|1776078195
|-end|p2a: Iron Moth|Quark Drive|[silent]
|switch|p2a: Moltres|Moltres-Galar|100/100
|move|p1a: Skeledirge|Earth Power|p2a: Moltres
|-immune|p2a: Moltres
|
|upkeep
|turn|4
|
|t:|1776078212
|switch|p1a: Skarmory|Skarmory, F, shiny|49/100
|move|p2a: Moltres|Hurricane|p1a: Skarmory
|-resisted|p1a: Skarmory
|-damage|p1a: Skarmory|1/100
|-start|p1a: Skarmory|confusion
|
|upkeep
|turn|5
|
|t:|1776078235
|-activate|p1a: Skarmory|confusion
|-damage|p1a: Skarmory|0 fnt|[from] confusion
|faint|p1a: Skarmory
|move|p2a: Moltres|Fiery Wrath|p1: Skarmory|[notarget]
|-fail|p2a: Moltres
|
|upkeep
|
|t:|1776078244
|switch|p1a: Mienshao|Mienshao, F, shiny|100/100
|turn|6
|
|t:|1776078248
|move|p1a: Mienshao|Fake Out|p2a: Moltres
|-damage|p2a: Moltres|82/100
|-damage|p1a: Mienshao|91/100|[from] item: Life Orb
|cant|p2a: Moltres|flinch
|
|upkeep
|turn|7
|
|t:|1776078255
|move|p1a: Mienshao|High Jump Kick|p2a: Moltres
|-damage|p2a: Moltres|0 fnt
|faint|p2a: Moltres
|-damage|p1a: Mienshao|81/100|[from] item: Life Orb
|
|upkeep
|
|t:|1776078264
|switch|p2a: Iron Moth|Iron Moth|100/100
|turn|8
|
|t:|1776078271
|switch|p1a: Skeledirge|Skeledirge, M, shiny|76/100
|move|p2a: Iron Moth|Dazzling Gleam|p1a: Skeledirge
|-resisted|p1a: Skeledirge
|-damage|p1a: Skeledirge|58/100
|
|upkeep
|turn|9
|
|t:|1776078283
|-end|p2a: Iron Moth|Quark Drive|[silent]
|switch|p2a: Landorus|Landorus-Therian, M|100/100
|-ability|p2a: Landorus|Intimidate|boost
|-unboost|p1a: Skeledirge|atk|1
|move|p1a: Skeledirge|Overheat|p2a: Landorus
|-damage|p2a: Landorus|20/100
|-unboost|p1a: Skeledirge|spa|2
|
|upkeep
|turn|10
|
|t:|1776078293
|move|p1a: Skeledirge|Overheat|p2a: Landorus
|-damage|p2a: Landorus|0 fnt
|-unboost|p1a: Skeledirge|spa|2
|faint|p2a: Landorus
|
|upkeep
|
|t:|1776078299
|switch|p2a: Iron Moth|Iron Moth|100/100
|turn|11
|
|t:|1776078305
|switch|p1a: Mienshao|Mienshao, F, shiny|100/100
|move|p2a: Iron Moth|Substitute|p2a: Iron Moth
|-start|p2a: Iron Moth|Substitute
|-damage|p2a: Iron Moth|76/100
|
|upkeep
|turn|12
|
|t:|1776078313
|move|p1a: Mienshao|Fake Out|p2a: Iron Moth
|-activate|p2a: Iron Moth|move: Substitute|[damage]
|-damage|p1a: Mienshao|91/100|[from] item: Life Orb
|move|p2a: Iron Moth|Sludge Wave|p1a: Mienshao
|-damage|p1a: Mienshao|3/100
|-status|p1a: Mienshao|psn
|
|-damage|p1a: Mienshao|0 fnt|[from] psn
|faint|p1a: Mienshao
|upkeep
|
|t:|1776078323
|switch|p1a: Deoxys|Deoxys-Defense, shiny|100/100
|-ability|p1a: Deoxys|Pressure
|turn|13
|
|t:|1776078337
|move|p2a: Iron Moth|Fiery Dance|p1a: Deoxys
|-damage|p1a: Deoxys|72/100
|move|p1a: Deoxys|Psycho Boost|p2a: Iron Moth
|-supereffective|p2a: Iron Moth
|-end|p2a: Iron Moth|Substitute
|-unboost|p1a: Deoxys|spa|2
|
|upkeep
|turn|14
|
|t:|1776078346
|-end|p2a: Iron Moth|Quark Drive|[silent]
|switch|p2a: Weavile|Weavile, F|100/100
|-ability|p2a: Weavile|Pressure
|move|p1a: Deoxys|Extreme Speed|p2a: Weavile
|-damage|p2a: Weavile|78/100
|
|upkeep
|turn|15
|
|t:|1776078355
|move|p2a: Weavile|Knock Off|p1a: Deoxys
|-supereffective|p1a: Deoxys
|-damage|p1a: Deoxys|12/100
|-enditem|p1a: Deoxys|Mental Herb|[from] move: Knock Off|[of] p2a: Weavile
|move|p1a: Deoxys|Stealth Rock|p2a: Weavile
|-sidestart|p2: sigmaaa88|move: Stealth Rock
|
|upkeep
|turn|16
|
|t:|1776078362
|move|p1a: Deoxys|Extreme Speed|p2a: Weavile
|-damage|p2a: Weavile|55/100
|move|p2a: Weavile|Knock Off|p1a: Deoxys
|-supereffective|p1a: Deoxys
|-damage|p1a: Deoxys|0 fnt
|faint|p1a: Deoxys
|
|upkeep
|
|t:|1776078378
|switch|p1a: Skeledirge|Skeledirge, M, shiny|58/100
|turn|17
|
|t:|1776078392
|move|p2a: Weavile|Knock Off|p1a: Skeledirge
|-supereffective|p1a: Skeledirge
|-damage|p1a: Skeledirge|0 fnt
|-enditem|p1a: Skeledirge|Choice Scarf|[from] move: Knock Off|[of] p2a: Weavile
|faint|p1a: Skeledirge
|
|upkeep
|
|t:|1776078397
|switch|p1a: Hoopa|Hoopa-Unbound|100/100
|turn|18
|
|t:|1776078414
|move|p1a: Hoopa|Fire Punch|p2a: Weavile
|-supereffective|p2a: Weavile
|-damage|p2a: Weavile|0 fnt
|faint|p2a: Weavile
|
|upkeep
|
|t:|1776078422
|switch|p2a: Iron Moth|Iron Moth|76/100
|-damage|p2a: Iron Moth|51/100|[from] Stealth Rock
|turn|19
|
|t:|1776078428
|move|p1a: Hoopa|Fire Punch|p2a: Iron Moth
|-resisted|p2a: Iron Moth
|-damage|p2a: Iron Moth|29/100
|move|p2a: Iron Moth|Dazzling Gleam|p1a: Hoopa
|-supereffective|p1a: Hoopa
|-crit|p1a: Hoopa
|-damage|p1a: Hoopa|30/100
|
|upkeep
|turn|20
|
|t:|1776078434
|move|p1a: Hoopa|Fire Punch|p2a: Iron Moth
|-resisted|p2a: Iron Moth
|-damage|p2a: Iron Moth|6/100
|move|p2a: Iron Moth|Dazzling Gleam|p1a: Hoopa
|-supereffective|p1a: Hoopa
|-damage|p1a: Hoopa|0 fnt
|faint|p1a: Hoopa
|
|upkeep
|
|t:|1776078437
|switch|p1a: Persian|Persian-Alola, M, shiny|100/100
|turn|21
|
|t:|1776078448
|move|p1a: Persian|Nasty Plot|p1a: Persian
|-boost|p1a: Persian|spa|2
|move|p2a: Iron Moth|Dazzling Gleam|p1a: Persian
|-supereffective|p1a: Persian
|-enditem|p1a: Persian|Focus Sash
|-damage|p1a: Persian|1/100
|
|upkeep
|turn|22
|
|t:|1776078460
|move|p1a: Persian|Snarl|p2a: Iron Moth|[miss]
|-miss|p1a: Persian|p2a: Iron Moth
|move|p2a: Iron Moth|Dazzling Gleam|p1a: Persian
|-supereffective|p1a: Persian
|-damage|p1a: Persian|0 fnt
|faint|p1a: Persian
|
|win|sigmaaa88
|raw|AbsoluteDestroyer9's rating: 1170 &rarr; <strong>1146</strong><br />(-24 for losing)
|raw|sigmaaa88's rating: 1182 &rarr; <strong>1206</strong><br />(+24 for winning)
|l|☆AbsoluteDestroyer9
|player|p1|
