|html|<div class="broadcast-blue"><strong>[Gen 9] OU is currently suspecting Volcarona! For information on how to participate check out the <a href="https://www.smogon.com/tools/suspects/view/208">suspect thread</a>.</strong></div>
|j|☆dc1ldn
|j|☆randomcan42
|t:|1778507044
|gametype|singles
|player|p1|dc1ldn|ethan|1201
|player|p2|randomcan42|170|1209
|gen|9
|tier|[Gen 9] OU
|rated|
|rule|HP Percentage Mod: HP is shown in percentages
|rule|Endless Battle Clause: Forcing endless battles is banned
|rule|Species Clause: Limit one of each Pokémon
|rule|OHKO Clause: OHKO moves are banned
|rule|Evasion Items Clause: Evasion items are banned
|rule|Evasion Moves Clause: Evasion moves are banned
|rule|Evasion Abilities Clause: Evasion abilities are banned
|rule|Sleep Moves Clause: Sleep-inducing moves are banned
|clearpoke
|poke|p1|Infernape, M|
|poke|p1|Swampert, F|
|poke|p1|Meowscarada, F|
|poke|p1|Honchkrow, F|
|poke|p1|Pecharunt|
|poke|p1|Garchomp, F|
|poke|p2|Pikachu, M|
|poke|p2|Dragapult, M|
|poke|p2|Regice|
|poke|p2|Alomomola, F|
|poke|p2|Pecharunt|
|poke|p2|Great Tusk|
|teampreview
|inactive|Battle timer is ON: inactive players will automatically lose when time's up. (requested by dc1ldn)
|inactive|randomcan42 has 120 seconds left.
|
|t:|1778507096
|teamsize|p1|6
|teamsize|p2|6
|start
|switch|p1a: Swampert|Swampert, F|100/100
|switch|p2a: Dragapult|Dragapult, M|100/100
|turn|1
|c|☆dc1ldn|good luck
|
|t:|1778507106
|move|p2a: Dragapult|Dragon Darts|p1a: Swampert
|-damage|p1a: Swampert|67/100
|-anim|p2a: Dragapult|Dragon Darts|p1a: Swampert
|-damage|p1a: Swampert|35/100
|move|p1a: Swampert|Knock Off|p2a: Dragapult
|-supereffective|p2a: Dragapult
|-damage|p2a: Dragapult|30/100
|-enditem|p2a: Dragapult|Choice Band|[from] move: Knock Off|[of] p1a: Swampert
|
|-heal|p1a: Swampert|41/100|[from] item: Leftovers
|upkeep
|turn|2
|c|☆randomcan42|you to
|
|t:|1778507116
|move|p2a: Dragapult|Dragon Darts|p1a: Swampert
|-damage|p1a: Swampert|20/100
|-anim|p2a: Dragapult|Dragon Darts|p1a: Swampert
|-damage|p1a: Swampert|0 fnt
|faint|p1a: Swampert
|
|upkeep
|
|t:|1778507127
|switch|p1a: Honchkrow|Honchkrow, F|100/100
|turn|3
|
|t:|1778507131
|move|p2a: Dragapult|Dragon Darts|p1a: Honchkrow
|-damage|p1a: Honchkrow|62/100
|-anim|p2a: Dragapult|Dragon Darts|p1a: Honchkrow
|-damage|p1a: Honchkrow|19/100
|move|p1a: Honchkrow|Night Slash|p2a: Dragapult
|-supereffective|p2a: Dragapult
|-damage|p2a: Dragapult|0 fnt
|faint|p2a: Dragapult
|-ability|p1a: Honchkrow|Moxie|boost
|-boost|p1a: Honchkrow|atk|1
|
|upkeep
|
|t:|1778507136
|switch|p2a: Alomomola|Alomomola, F|100/100
|turn|4
|
|t:|1778507146
|move|p1a: Honchkrow|Sucker Punch||[still]
|-fail|p1a: Honchkrow
|move|p2a: Alomomola|Wish|p2a: Alomomola
|
|upkeep
|turn|5
|
|t:|1778507151
|move|p1a: Honchkrow|Brave Bird|p2a: Alomomola
|-damage|p2a: Alomomola|54/100
|-damage|p1a: Honchkrow|3/100|[from] item: Rocky Helmet|[of] p2a: Alomomola
|-damage|p1a: Honchkrow|0 fnt|[from] Recoil
|faint|p1a: Honchkrow
|move|p2a: Alomomola|Scald|p1: Honchkrow|[notarget]
|-fail|p2a: Alomomola
|
|-heal|p2a: Alomomola|100/100|[from] move: Wish|[wisher] Alomomola
|upkeep
|
|t:|1778507164
|switch|p1a: Meowscarada|Meowscarada, F|100/100
|turn|6
|
|t:|1778507169
|switch|p2a: Pecharunt|Pecharunt|100/100
|move|p1a: Meowscarada|Flower Trick|p2a: Pecharunt
|-start|p1a: Meowscarada|typechange|Grass|[from] ability: Protean
|-resisted|p2a: Pecharunt
|-crit|p2a: Pecharunt
|-damage|p2a: Pecharunt|84/100
|
|upkeep
|turn|7
|
|t:|1778507179
|switch|p1a: Garchomp|Garchomp, F|100/100
|move|p2a: Pecharunt|Malignant Chain|p1a: Garchomp
|-resisted|p1a: Garchomp
|-damage|p1a: Garchomp|82/100
|-status|p1a: Garchomp|tox
|-start|p1a: Garchomp|confusion|[from] ability: Poison Puppeteer|[of] p2a: Pecharunt
|
|-damage|p1a: Garchomp|76/100 tox|[from] psn
|upkeep
|turn|8
|
|t:|1778507191
|-activate|p1a: Garchomp|confusion
|move|p1a: Garchomp|Swords Dance|p1a: Garchomp
|-boost|p1a: Garchomp|atk|2
|move|p2a: Pecharunt|Foul Play|p1a: Garchomp
|-damage|p1a: Garchomp|10/100 tox
|-damage|p2a: Pecharunt|72/100|[from] ability: Rough Skin|[of] p1a: Garchomp
|
|-damage|p1a: Garchomp|0 fnt|[from] psn
|faint|p1a: Garchomp
|upkeep
|
|t:|1778507215
|switch|p1a: Meowscarada|Meowscarada, F|100/100
|turn|9
|
|t:|1778507220
|move|p1a: Meowscarada|Knock Off|p2a: Pecharunt
|-start|p1a: Meowscarada|typechange|Dark|[from] ability: Protean
|-supereffective|p2a: Pecharunt
|-damage|p2a: Pecharunt|14/100
|-damage|p1a: Meowscarada|84/100|[from] item: Rocky Helmet|[of] p2a: Pecharunt
|-enditem|p2a: Pecharunt|Rocky Helmet|[from] move: Knock Off|[of] p1a: Meowscarada
|move|p2a: Pecharunt|Malignant Chain|p1a: Meowscarada
|-damage|p1a: Meowscarada|40/100
|-status|p1a: Meowscarada|tox
|-start|p1a: Meowscarada|confusion|[from] ability: Poison Puppeteer|[of] p2a: Pecharunt
|
|-damage|p1a: Meowscarada|34/100 tox|[from] psn
|upkeep
|turn|10
|
|t:|1778507233
|-activate|p1a: Meowscarada|confusion
|-damage|p1a: Meowscarada|16/100 tox|[from] confusion
|move|p2a: Pecharunt|Malignant Chain|p1a: Meowscarada
|-damage|p1a: Meowscarada|0 fnt
|faint|p1a: Meowscarada
|
|upkeep
|
|t:|1778507241
|switch|p1a: Pecharunt|Pecharunt|100/100
|turn|11
|
|t:|1778507246
|move|p1a: Pecharunt|Hex|p2a: Pecharunt
|-supereffective|p2a: Pecharunt
|-damage|p2a: Pecharunt|0 fnt
|faint|p2a: Pecharunt
|
|upkeep
|
|t:|1778507248
|switch|p2a: Pikachu|Pikachu, M|100/100
|turn|12
|
|t:|1778507253
|-terastallize|p2a: Pikachu|Electric
|move|p1a: Pecharunt|Malignant Chain|p2a: Pikachu
|-damage|p2a: Pikachu|0 fnt
|faint|p2a: Pikachu
|
|upkeep
|
|t:|1778507264
|switch|p2a: Great Tusk|Great Tusk|100/100
|turn|13
|
|t:|1778507268
|move|p1a: Pecharunt|Malignant Chain|p2a: Great Tusk
|-resisted|p2a: Great Tusk
|-damage|p2a: Great Tusk|89/100
|move|p2a: Great Tusk|Earthquake|p1a: Pecharunt
|-supereffective|p1a: Pecharunt
|-damage|p1a: Pecharunt|30/100
|
|upkeep
|turn|14
|
|t:|1778507275
|move|p1a: Pecharunt|Malignant Chain|p2a: Great Tusk
|-resisted|p2a: Great Tusk
|-damage|p2a: Great Tusk|76/100
|move|p2a: Great Tusk|Knock Off|p1a: Pecharunt
|-supereffective|p1a: Pecharunt
|-damage|p1a: Pecharunt|0 fnt
|-enditem|p1a: Pecharunt|Heavy-Duty Boots|[from] move: Knock Off|[of] p2a: Great Tusk
|faint|p1a: Pecharunt
|
|upkeep
|
|t:|1778507284
|switch|p1a: Infernape|Infernape, M|100/100
|turn|15
|
|t:|1778507287
|move|p1a: Infernape|Switcheroo|p2a: Great Tusk
|-activate|p1a: Infernape|move: Trick|[of] p2a: Great Tusk
|-item|p2a: Great Tusk|Choice Scarf|[from] move: Switcheroo
|-item|p1a: Infernape|Assault Vest|[from] move: Switcheroo
|move|p2a: Great Tusk|Earthquake|p1a: Infernape
|-supereffective|p1a: Infernape
|-damage|p1a: Infernape|0 fnt
|faint|p1a: Infernape
|
|win|randomcan42
|raw|dc1ldn's rating: 1201 &rarr; <strong>1177</strong><br />(-24 for losing)
|raw|randomcan42's rating: 1209 &rarr; <strong>1233</strong><br />(+24 for winning)
|l|☆randomcan42
|player|p2|
|l|☆dc1ldn
|player|p1|
