|html|<div class="broadcast-blue"><strong>[Gen 9] OU is currently suspecting Tera Blast! For information on how to participate check out the <a href="https://www.smogon.com/tools/suspects/view/200">suspect thread</a>.</strong></div>
|j|☆carottedu35
|j|☆table_man_10293
|t:|1776073028
|gametype|singles
|player|p1|carottedu35|266|1261
|player|p2|table_man_10293|266|1352
|gen|9
|tier|[Gen 9] OU
|rated|
|rule|HP Percentage Mod: HP is shown in percentages
|rule|Endless Battle Clause: Forcing endless battles is banned
|rule|Species Clause: Limit one of each Pokémon
|rule|OHKO Clause: OHKO moves are banned
|rule|Evasion Items Clause: Evasion items are banned
|rule|Evasion Moves Clause: Evasion moves are banned
|rule|Evasion Abilities Clause: Evasion abilities are banned
|rule|Sleep Moves Clause: Sleep-inducing moves are banned
|clearpoke
|poke|p1|Sinistcha|
|poke|p1|Gholdengo|
|poke|p1|Samurott-Hisui, F|
|poke|p1|Landorus-Therian, M|
|poke|p1|Lokix, M|
|poke|p1|Kyurem|
|poke|p2|Great Tusk|
|poke|p2|Zapdos|
|poke|p2|Meowscarada, F|
|poke|p2|Kingambit, M|
|poke|p2|Dragapult, M|
|poke|p2|Clefable, F|
|teampreview
|c|☆table_man_10293|hf
|
|t:|1776073084
|teamsize|p1|6
|teamsize|p2|6
|start
|switch|p1a: Lokix|Lokix, M|100/100
|switch|p2a: Meowscarada|Meowscarada, F|100/100
|turn|1
|inactive|Battle timer is ON: inactive players will automatically lose when time's up. (requested by table_man_10293)
|
|t:|1776073107
|switch|p2a: Clefable|Clefable, F|100/100
|move|p1a: Lokix|First Impression|p2a: Clefable
|-resisted|p2a: Clefable
|-damage|p2a: Clefable|51/100
|
|-heal|p2a: Clefable|57/100|[from] item: Leftovers
|upkeep
|turn|2
|
|t:|1776073118
|move|p1a: Lokix|U-turn|p2a: Clefable
|-resisted|p2a: Clefable
|-damage|p2a: Clefable|21/100
|
|t:|1776073129
|switch|p1a: Landorus|Landorus-Therian, M|100/100|[from] U-turn
|-ability|p1a: Landorus|Intimidate|boost
|-unboost|p2a: Clefable|atk|1
|move|p2a: Clefable|Stealth Rock|p1a: Landorus
|-sidestart|p1: carottedu35|move: Stealth Rock
|
|-heal|p2a: Clefable|27/100|[from] item: Leftovers
|upkeep
|turn|3
|
|t:|1776073157
|switch|p2a: Dragapult|Dragapult, M|100/100
|move|p1a: Landorus|Taunt|p2a: Dragapult
|-start|p2a: Dragapult|move: Taunt
|
|upkeep
|turn|4
|
|t:|1776073168
|move|p2a: Dragapult|Dragon Darts|p1a: Landorus
|-damage|p1a: Landorus|82/100
|-anim|p2a: Dragapult|Dragon Darts|p1a: Landorus
|-damage|p1a: Landorus|64/100
|move|p1a: Landorus|Stealth Rock|p2a: Dragapult
|-sidestart|p2: table_man_10293|move: Stealth Rock
|
|upkeep
|turn|5
|inactive|table_man_10293 has 120 seconds left.
|
|t:|1776073184
|switch|p2a: Zapdos|Zapdos|100/100
|move|p1a: Landorus|Earth Power|p2a: Zapdos
|-immune|p2a: Zapdos
|
|upkeep
|turn|6
|inactive|table_man_10293 has 120 seconds left.
|
|t:|1776073195
|switch|p1a: Goo Goo Gala|Gholdengo|100/100
|-damage|p1a: Goo Goo Gala|94/100|[from] Stealth Rock
|move|p2a: Zapdos|Hurricane|p1a: Goo Goo Gala
|-resisted|p1a: Goo Goo Gala
|-damage|p1a: Goo Goo Gala|67/100
|
|upkeep
|turn|7
|
|t:|1776073210
|move|p1a: Goo Goo Gala|Trick|p2a: Zapdos
|-activate|p1a: Goo Goo Gala|move: Trick|[of] p2a: Zapdos
|-item|p2a: Zapdos|Choice Scarf|[from] move: Trick
|-item|p1a: Goo Goo Gala|Heavy-Duty Boots|[from] move: Trick
|move|p2a: Zapdos|Heat Wave|p1a: Goo Goo Gala
|-supereffective|p1a: Goo Goo Gala
|-damage|p1a: Goo Goo Gala|4/100
|
|upkeep
|turn|8
|inactive|table_man_10293 has 120 seconds left.
|
|t:|1776073235
|switch|p1a: Samurott|Samurott-Hisui, F|100/100
|-damage|p1a: Samurott|88/100|[from] Stealth Rock
|move|p2a: Zapdos|Heat Wave|p1a: Samurott
|-resisted|p1a: Samurott
|-damage|p1a: Samurott|77/100
|
|upkeep
|turn|9
|inactive|table_man_10293 has 120 seconds left.
|
|t:|1776073250
|switch|p2a: Clefable|Clefable, F|27/100
|move|p1a: Samurott|Ceaseless Edge|p2a: Clefable
|-resisted|p2a: Clefable
|-damage|p2a: Clefable|4/100
|-sidestart|p2: table_man_10293|Spikes
|
|-heal|p2a: Clefable|10/100|[from] item: Leftovers
|upkeep
|turn|10
|
|t:|1776073256
|move|p1a: Samurott|Ceaseless Edge|p2a: Clefable|[miss]
|-miss|p1a: Samurott|p2a: Clefable
|move|p2a: Clefable|Thunder Wave|p1a: Samurott
|-status|p1a: Samurott|par
|
|-heal|p2a: Clefable|16/100|[from] item: Leftovers
|upkeep
|turn|11
|c|☆table_man_10293|:D
|inactive|table_man_10293 has 120 seconds left.
|
|t:|1776073269
|move|p2a: Clefable|Moonlight|p2a: Clefable
|-heal|p2a: Clefable|66/100
|move|p1a: Samurott|Ceaseless Edge|p2a: Clefable
|-resisted|p2a: Clefable
|-damage|p2a: Clefable|46/100
|-sidestart|p2: table_man_10293|Spikes
|
|-heal|p2a: Clefable|52/100|[from] item: Leftovers
|upkeep
|turn|12
|
|t:|1776073279
|move|p2a: Clefable|Moonlight|p2a: Clefable
|-heal|p2a: Clefable|100/100
|cant|p1a: Samurott|par
|
|upkeep
|turn|13
|c|☆table_man_10293|:D
|
|t:|1776073288
|move|p2a: Clefable|Moonblast|p1a: Samurott
|-supereffective|p1a: Samurott
|-damage|p1a: Samurott|28/100 par
|move|p1a: Samurott|Ceaseless Edge|p2a: Clefable|[miss]
|-miss|p1a: Samurott|p2a: Clefable
|
|upkeep
|turn|14
|c|☆table_man_10293|:DD
|
|t:|1776073299
|move|p2a: Clefable|Moonblast|p1a: Samurott
|-supereffective|p1a: Samurott
|-damage|p1a: Samurott|0 fnt
|faint|p1a: Samurott
|
|upkeep
|c|☆carottedu35|intankable
|
|t:|1776073313
|switch|p1a: Goo Goo Gala|Gholdengo|4/100
|turn|15
|c|☆table_man_10293|classic 🥀
|
|t:|1776073322
|switch|p2a: Zapdos|Zapdos|100/100
|-damage|p2a: Zapdos|75/100|[from] Stealth Rock
|move|p1a: Goo Goo Gala|Recover|p1a: Goo Goo Gala
|-heal|p1a: Goo Goo Gala|54/100
|
|upkeep
|turn|16
|
|t:|1776073350
|switch|p1a: Kyurem|Kyurem|100/100
|-ability|p1a: Kyurem|Pressure
|move|p2a: Zapdos|Volt Switch|p1a: Kyurem
|-resisted|p1a: Kyurem
|-damage|p1a: Kyurem|87/100
|inactive|table_man_10293 has 120 seconds left.
|
|t:|1776073374
|switch|p2a: Kingambit|Kingambit, M|100/100|[from] Volt Switch
|-damage|p2a: Kingambit|94/100|[from] Stealth Rock
|-item|p2a: Kingambit|Air Balloon
|
|upkeep
|turn|17
|inactive|table_man_10293 has 120 seconds left.
|
|t:|1776073385
|switch|p1a: Landorus|Landorus-Therian, M|64/100
|-damage|p1a: Landorus|52/100|[from] Stealth Rock
|-ability|p1a: Landorus|Intimidate|boost
|-unboost|p2a: Kingambit|atk|1
|move|p2a: Kingambit|Low Kick|p1a: Landorus
|-resisted|p1a: Landorus
|-damage|p1a: Landorus|42/100
|-damage|p2a: Kingambit|78/100|[from] item: Rocky Helmet|[of] p1a: Landorus
|
|upkeep
|turn|18
|inactive|table_man_10293 has 120 seconds left.
|
|t:|1776073406
|-end|p2a: Kingambit|fallenundefined|[silent]
|switch|p2a: Great Tusk|Great Tusk|100/100
|move|p1a: Landorus|U-turn|p2a: Great Tusk
|-resisted|p2a: Great Tusk
|-damage|p2a: Great Tusk|93/100
|
|t:|1776073410
|switch|p1a: Thé Whatsapp|Sinistcha|100/100|[from] U-turn
|
|upkeep
|turn|19
|
|t:|1776073425
|-end|p2a: Great Tusk|Protosynthesis|[silent]
|switch|p2a: Zapdos|Zapdos|75/100
|-damage|p2a: Zapdos|50/100|[from] Stealth Rock
|move|p1a: Thé Whatsapp|Matcha Gotcha|p2a: Zapdos
|-resisted|p2a: Zapdos
|-damage|p2a: Zapdos|36/100
|
|upkeep
|turn|20
|
|t:|1776073440
|switch|p1a: Goo Goo Gala|Gholdengo|54/100
|move|p2a: Zapdos|Roost|p2a: Zapdos
|-heal|p2a: Zapdos|86/100
|-singleturn|p2a: Zapdos|move: Roost
|
|upkeep
|turn|21
|inactive|table_man_10293 has 120 seconds left.
|
|t:|1776073456
|switch|p2a: Great Tusk|Great Tusk|93/100
|move|p1a: Goo Goo Gala|Shadow Ball|p2a: Great Tusk
|-damage|p2a: Great Tusk|30/100
|
|upkeep
|turn|22
|inactive|table_man_10293 has 120 seconds left.
|
|t:|1776073473
|switch|p1a: Thé Whatsapp|Sinistcha|100/100
|move|p2a: Great Tusk|Rapid Spin|p1a: Thé Whatsapp
|-immune|p1a: Thé Whatsapp
|
|upkeep
|turn|23
|inactive|table_man_10293 has 120 seconds left.
|c|☆table_man_10293|almost
|
|t:|1776073500
|-end|p2a: Great Tusk|Protosynthesis|[silent]
|switch|p2a: Dragapult|Dragapult, M|100/100
|-damage|p2a: Dragapult|88/100|[from] Stealth Rock
|-damage|p2a: Dragapult|72/100|[from] Spikes
|move|p1a: Thé Whatsapp|Shadow Ball|p2a: Dragapult
|-supereffective|p2a: Dragapult
|-damage|p2a: Dragapult|0 fnt
|faint|p2a: Dragapult
|
|upkeep
|
|t:|1776073504
|switch|p2a: Meowscarada|Meowscarada, F|100/100
|-damage|p2a: Meowscarada|88/100|[from] Stealth Rock
|-damage|p2a: Meowscarada|72/100|[from] Spikes
|turn|24
|c|☆carottedu35|ciao
|inactive|carottedu35 has 120 seconds left.
|
|t:|1776073528
|-terastallize|p1a: Thé Whatsapp|Fairy
|move|p2a: Meowscarada|Knock Off|p1a: Thé Whatsapp
|-start|p2a: Meowscarada|typechange|Dark|[from] ability: Protean
|-resisted|p1a: Thé Whatsapp
|-damage|p1a: Thé Whatsapp|79/100
|-enditem|p1a: Thé Whatsapp|Heavy-Duty Boots|[from] move: Knock Off|[of] p2a: Meowscarada
|move|p1a: Thé Whatsapp|Strength Sap|p2a: Meowscarada
|-unboost|p2a: Meowscarada|atk|1
|-heal|p1a: Thé Whatsapp|100/100
|
|upkeep
|turn|25
|
|t:|1776073537
|switch|p2a: Clefable|Clefable, F|100/100
|move|p1a: Thé Whatsapp|Matcha Gotcha|p2a: Clefable|[miss]
|-miss|p1a: Thé Whatsapp|p2a: Clefable
|
|upkeep
|turn|26
|
|t:|1776073543
|switch|p1a: Goo Goo Gala|Gholdengo|54/100
|move|p2a: Clefable|Thunder Wave|p1a: Goo Goo Gala
|-immune|p1a: Goo Goo Gala|[from] ability: Good as Gold
|
|upkeep
|turn|27
|
|t:|1776073553
|switch|p2a: Kingambit|Kingambit, M|78/100
|-damage|p2a: Kingambit|72/100|[from] Stealth Rock
|-activate|p2a: Kingambit|ability: Supreme Overlord
|-start|p2a: Kingambit|fallen1|[silent]
|-item|p2a: Kingambit|Air Balloon
|move|p1a: Goo Goo Gala|Make It Rain|p2a: Kingambit
|-resisted|p2a: Kingambit
|-damage|p2a: Kingambit|37/100
|-unboost|p1a: Goo Goo Gala|spa|1
|-enditem|p2a: Kingambit|Air Balloon
|
|upkeep
|turn|28
|
|t:|1776073566
|switch|p1a: Landorus|Landorus-Therian, M|42/100
|-damage|p1a: Landorus|30/100|[from] Stealth Rock
|-ability|p1a: Landorus|Intimidate|boost
|-unboost|p2a: Kingambit|atk|1
|move|p2a: Kingambit|Swords Dance|p2a: Kingambit
|-boost|p2a: Kingambit|atk|2
|
|upkeep
|turn|29
|
|t:|1776073574
|move|p2a: Kingambit|Sucker Punch|p1a: Landorus
|-damage|p1a: Landorus|0 fnt
|-damage|p2a: Kingambit|21/100|[from] item: Rocky Helmet|[of] p1a: Landorus
|faint|p1a: Landorus
|
|upkeep
|
|t:|1776073577
|switch|p1a: Lokix|Lokix, M|100/100
|turn|30
|
|t:|1776073583
|move|p1a: Lokix|First Impression|p2a: Kingambit
|-damage|p2a: Kingambit|0 fnt
|faint|p2a: Kingambit
|-end|p2a: Kingambit|fallen1|[silent]
|
|upkeep
|
|t:|1776073603
|switch|p2a: Meowscarada|Meowscarada, F|72/100
|-damage|p2a: Meowscarada|60/100|[from] Stealth Rock
|-damage|p2a: Meowscarada|43/100|[from] Spikes
|turn|31
|
|t:|1776073627
|switch|p1a: Thé Whatsapp|Sinistcha, tera:Fairy|100/100
|-damage|p1a: Thé Whatsapp|88/100|[from] Stealth Rock
|move|p2a: Meowscarada|U-turn|p1a: Thé Whatsapp
|-start|p2a: Meowscarada|typechange|Bug|[from] ability: Protean
|-resisted|p1a: Thé Whatsapp
|-damage|p1a: Thé Whatsapp|72/100
|
|t:|1776073638
|switch|p2a: Clefable|Clefable, F|100/100|[from] U-turn
|
|upkeep
|turn|32
|
|t:|1776073648
|switch|p1a: Goo Goo Gala|Gholdengo|54/100
|switch|p2a: Zapdos|Zapdos|86/100
|-damage|p2a: Zapdos|61/100|[from] Stealth Rock
|
|upkeep
|turn|33
|
|t:|1776073671
|move|p2a: Zapdos|Heat Wave|p1a: Goo Goo Gala
|-supereffective|p1a: Goo Goo Gala
|-damage|p1a: Goo Goo Gala|0 fnt
|faint|p1a: Goo Goo Gala
|
|upkeep
|
|t:|1776073674
|switch|p1a: Kyurem|Kyurem|87/100
|-ability|p1a: Kyurem|Pressure
|turn|34
|
|t:|1776073680
|-terastallize|p2a: Zapdos|Water
|move|p2a: Zapdos|Heat Wave|p1a: Kyurem
|-damage|p1a: Kyurem|64/100
|move|p1a: Kyurem|Ice Beam|p2a: Zapdos
|-resisted|p2a: Zapdos
|-crit|p2a: Zapdos
|-damage|p2a: Zapdos|26/100
|
|upkeep
|turn|35
|c|☆table_man_10293|i think i fucked up 🥀
|
|t:|1776073705
|switch|p2a: Great Tusk|Great Tusk|30/100
|move|p1a: Kyurem|Freeze-Dry|p2a: Great Tusk
|-supereffective|p2a: Great Tusk
|-damage|p2a: Great Tusk|0 fnt
|faint|p2a: Great Tusk
|-end|p2a: Great Tusk|Protosynthesis|[silent]
|
|upkeep
|
|t:|1776073707
|switch|p2a: Clefable|Clefable, F|100/100
|turn|36
|
|t:|1776073723
|move|p1a: Kyurem|Ice Beam|p2a: Clefable
|-damage|p2a: Clefable|66/100
|move|p2a: Clefable|Thunder Wave|p1a: Kyurem|[miss]
|-miss|p2a: Clefable|p1a: Kyurem
|
|-heal|p2a: Clefable|72/100|[from] item: Leftovers
|upkeep
|turn|37
|
|t:|1776073729
|move|p1a: Kyurem|Ice Beam|p2a: Clefable
|-damage|p2a: Clefable|39/100
|move|p2a: Clefable|Thunder Wave|p1a: Kyurem|[miss]
|-miss|p2a: Clefable|p1a: Kyurem
|
|-heal|p2a: Clefable|45/100|[from] item: Leftovers
|upkeep
|turn|38
|c|☆carottedu35|damn
|c|☆table_man_10293|eh :D?
|inactive|table_man_10293 has 120 seconds left.
|c|☆carottedu35|double miss
|
|t:|1776073764
|move|p1a: Kyurem|Ice Beam|p2a: Clefable
|-damage|p2a: Clefable|13/100
|move|p2a: Clefable|Moonlight|p2a: Clefable
|-heal|p2a: Clefable|63/100
|
|-heal|p2a: Clefable|70/100|[from] item: Leftovers
|upkeep
|turn|39
|
|t:|1776073770
|move|p1a: Kyurem|Ice Beam|p2a: Clefable
|-damage|p2a: Clefable|39/100
|move|p2a: Clefable|Moonlight|p2a: Clefable
|-heal|p2a: Clefable|89/100
|
|-heal|p2a: Clefable|95/100|[from] item: Leftovers
|upkeep
|turn|40
|c|☆table_man_10293|i am getting really scared of the freeze 🥀
|
|t:|1776073785
|move|p1a: Kyurem|Ice Beam|p2a: Clefable
|-damage|p2a: Clefable|63/100
|-status|p2a: Clefable|frz
|-curestatus|p2a: Clefable|frz|[msg]
|move|p2a: Clefable|Thunder Wave|p1a: Kyurem
|-status|p1a: Kyurem|par
|
|-heal|p2a: Clefable|69/100|[from] item: Leftovers
|upkeep
|turn|41
|c|☆table_man_10293|FAAAAAAAAH
|c|☆table_man_10293|OH SHIT YE
|inactive|table_man_10293 has 120 seconds left.
|
|t:|1776073804
|move|p1a: Kyurem|Ice Beam|p2a: Clefable
|-damage|p2a: Clefable|37/100
|move|p2a: Clefable|Moonblast|p1a: Kyurem
|-supereffective|p1a: Kyurem
|-damage|p1a: Kyurem|8/100 par
|-unboost|p1a: Kyurem|spa|1
|
|-heal|p2a: Clefable|43/100|[from] item: Leftovers
|upkeep
|turn|42
|
|t:|1776073816
|switch|p1a: Lokix|Lokix, M|100/100
|move|p2a: Clefable|Moonlight|p2a: Clefable
|-heal|p2a: Clefable|93/100
|
|-heal|p2a: Clefable|99/100|[from] item: Leftovers
|upkeep
|turn|43
|
|t:|1776073823
|move|p1a: Lokix|U-turn|p2a: Clefable
|-resisted|p2a: Clefable
|-damage|p2a: Clefable|59/100
|
|t:|1776073825
|switch|p1a: Kyurem|Kyurem|8/100 par|[from] U-turn
|-ability|p1a: Kyurem|Pressure
|move|p2a: Clefable|Thunder Wave|p1a: Kyurem
|-fail|p1a: Kyurem|par
|
|-heal|p2a: Clefable|65/100|[from] item: Leftovers
|upkeep
|turn|44
|
|t:|1776073836
|cant|p1a: Kyurem|par
|move|p2a: Clefable|Moonblast|p1a: Kyurem
|-supereffective|p1a: Kyurem
|-damage|p1a: Kyurem|0 fnt
|faint|p1a: Kyurem
|
|-heal|p2a: Clefable|71/100|[from] item: Leftovers
|upkeep
|
|t:|1776073840
|switch|p1a: Thé Whatsapp|Sinistcha, tera:Fairy|72/100
|-damage|p1a: Thé Whatsapp|59/100|[from] Stealth Rock
|turn|45
|c|☆table_man_10293|the fuck is that dmg my gng 🥀
|
|t:|1776073847
|move|p1a: Thé Whatsapp|Calm Mind|p1a: Thé Whatsapp
|-boost|p1a: Thé Whatsapp|spa|1
|-boost|p1a: Thé Whatsapp|spd|1
|move|p2a: Clefable|Thunder Wave|p1a: Thé Whatsapp
|-status|p1a: Thé Whatsapp|par
|
|-heal|p2a: Clefable|77/100|[from] item: Leftovers
|upkeep
|turn|46
|
|t:|1776073858
|switch|p2a: Meowscarada|Meowscarada, F|43/100
|-damage|p2a: Meowscarada|31/100|[from] Stealth Rock
|-damage|p2a: Meowscarada|14/100|[from] Spikes
|cant|p1a: Thé Whatsapp|par
|
|upkeep
|turn|47
|inactive|table_man_10293 has 120 seconds left.
|
|t:|1776073898
|move|p2a: Meowscarada|Flower Trick|p1a: Thé Whatsapp
|-start|p2a: Meowscarada|typechange|Grass|[from] ability: Protean
|-crit|p1a: Thé Whatsapp
|-damage|p1a: Thé Whatsapp|9/100 par
|move|p1a: Thé Whatsapp|Shadow Ball|p2a: Meowscarada
|-damage|p2a: Meowscarada|0 fnt
|faint|p2a: Meowscarada
|
|upkeep
|
|t:|1776073906
|switch|p2a: Clefable|Clefable, F|77/100
|turn|48
|
|t:|1776073911
|move|p2a: Clefable|Moonblast|p1a: Thé Whatsapp
|-damage|p1a: Thé Whatsapp|0 fnt
|faint|p1a: Thé Whatsapp
|
|-heal|p2a: Clefable|83/100|[from] item: Leftovers
|upkeep
|
|t:|1776073914
|switch|p1a: Lokix|Lokix, M|100/100
|turn|49
|
|t:|1776073925
|move|p1a: Lokix|Knock Off|p2a: Clefable
|-resisted|p2a: Clefable
|-damage|p2a: Clefable|26/100
|-enditem|p2a: Clefable|Leftovers|[from] move: Knock Off|[of] p1a: Lokix
|move|p2a: Clefable|Thunder Wave|p1a: Lokix
|-status|p1a: Lokix|par
|
|upkeep
|turn|50
|
|t:|1776073932
|move|p2a: Clefable|Moonlight|p2a: Clefable
|-heal|p2a: Clefable|76/100
|move|p1a: Lokix|Knock Off|p2a: Clefable
|-resisted|p2a: Clefable
|-damage|p2a: Clefable|39/100
|
|upkeep
|turn|51
|
|t:|1776073939
|move|p2a: Clefable|Moonlight|p2a: Clefable
|-heal|p2a: Clefable|89/100
|move|p1a: Lokix|Knock Off|p2a: Clefable
|-resisted|p2a: Clefable
|-damage|p2a: Clefable|56/100
|
|upkeep
|turn|52
|
|t:|1776073946
|move|p2a: Clefable|Moonlight|p2a: Clefable
|-heal|p2a: Clefable|100/100
|move|p1a: Lokix|U-turn|p2a: Clefable
|-resisted|p2a: Clefable
|-damage|p2a: Clefable|64/100
|
|upkeep
|turn|53
|
|t:|1776073953
|move|p2a: Clefable|Moonblast|p1a: Lokix
|-supereffective|p1a: Lokix
|-damage|p1a: Lokix|0 fnt
|faint|p1a: Lokix
|
|win|table_man_10293
|raw|carottedu35's rating: 1261 &rarr; <strong>1242</strong><br />(-19 for losing)
|raw|table_man_10293's rating: 1352 &rarr; <strong>1367</strong><br />(+15 for winning)
|c|☆table_man_10293|gg :
|c|☆table_man_10293|it was a very good game :D
|c|☆table_man_10293|felt good after soo many games :)
|c|☆table_man_10293|thanks for the game
|c|☆carottedu35|gg
