|html|<div class="broadcast-blue"><strong>[Gen 9] OU is currently suspecting Tera Blast! For information on how to participate check out the <a href="https://www.smogon.com/tools/suspects/view/200">suspect thread</a>.</strong></div>
|j|☆cafecr
|j|☆jibreel69
|t:|1776175367
|gametype|singles
|player|p1|cafecr|102|1493
|player|p2|jibreel69|benga|1552
|gen|9
|tier|[Gen 9] OU
|rated|
|rule|HP Percentage Mod: HP is shown in percentages
|rule|Endless Battle Clause: Forcing endless battles is banned
|rule|Species Clause: Limit one of each Pokémon
|rule|OHKO Clause: OHKO moves are banned
|rule|Evasion Items Clause: Evasion items are banned
|rule|Evasion Moves Clause: Evasion moves are banned
|rule|Evasion Abilities Clause: Evasion abilities are banned
|rule|Sleep Moves Clause: Sleep-inducing moves are banned
|clearpoke
|poke|p1|Torkoal, F|
|poke|p1|Venusaur, M|
|poke|p1|Walking Wake|
|poke|p1|Hatterene, F|
|poke|p1|Great Tusk|
|poke|p1|Ceruledge, M|
|poke|p2|Kingambit, M|
|poke|p2|Ursaluna, M|
|poke|p2|Dragapult, F|
|poke|p2|Manaphy|
|poke|p2|Glimmora, F|
|poke|p2|Zamazenta-*|
|teampreview
|inactive|Battle timer is ON: inactive players will automatically lose when time's up. (requested by cafecr)
|
|t:|1776175391
|teamsize|p1|6
|teamsize|p2|6
|start
|switch|p1a: Torkoal|Torkoal, F|100/100
|switch|p2a: Dragapult|Dragapult, F|100/100
|-weather|SunnyDay|[from] ability: Drought|[of] p1a: Torkoal
|turn|1
|
|t:|1776175400
|switch|p1a: Hatterene|Hatterene, F, shiny|100/100
|move|p2a: Dragapult|Draco Meteor|p1a: Hatterene
|-immune|p1a: Hatterene
|
|-weather|SunnyDay|[upkeep]
|upkeep
|turn|2
|
|t:|1776175405
|move|p2a: Dragapult|Shadow Ball|p1a: Hatterene
|-supereffective|p1a: Hatterene
|-damage|p1a: Hatterene|17/100
|-enditem|p1a: Hatterene|Eject Button
|-damage|p2a: Dragapult|91/100|[from] item: Life Orb
|
|t:|1776175424
|switch|p1a: Venusaur|Venusaur, M|100/100
|
|-weather|SunnyDay|[upkeep]
|upkeep
|turn|3
|
|t:|1776175433
|-terastallize|p1a: Venusaur|Ground
|move|p1a: Venusaur|Earth Power|p2a: Dragapult
|-damage|p2a: Dragapult|0 fnt
|faint|p2a: Dragapult
|-damage|p1a: Venusaur|91/100|[from] item: Life Orb
|
|-weather|SunnyDay|[upkeep]
|upkeep
|
|t:|1776175463
|switch|p2a: Zamazenta|Zamazenta|100/100
|-ability|p2a: Zamazenta|Dauntless Shield|boost
|-boost|p2a: Zamazenta|def|1
|turn|4
|l|☆jibreel69
|inactive|jibreel69 disconnected and has a minute to reconnect!
|player|p2|
|j|☆jibreel69
|inactive|jibreel69 reconnected and has 125 seconds left.
|player|p2|jibreel69|benga|
|inactive|jibreel69 has 120 seconds left.
|
|t:|1776175496
|move|p1a: Venusaur|Growth|p1a: Venusaur
|-boost|p1a: Venusaur|atk|2
|-boost|p1a: Venusaur|spa|2
|move|p2a: Zamazenta|Light Screen|p2a: Zamazenta
|-sidestart|p2: jibreel69|move: Light Screen
|
|-weather|SunnyDay|[upkeep]
|upkeep
|turn|5
|
|t:|1776175502
|move|p1a: Venusaur|Growth|p1a: Venusaur
|-boost|p1a: Venusaur|atk|2
|-boost|p1a: Venusaur|spa|2
|move|p2a: Zamazenta|Close Combat|p1a: Venusaur
|-damage|p1a: Venusaur|4/100
|-unboost|p2a: Zamazenta|def|1
|-unboost|p2a: Zamazenta|spd|1
|
|-weather|SunnyDay|[upkeep]
|upkeep
|turn|6
|
|t:|1776175508
|switch|p2a: Kingambit|Kingambit, M|100/100
|-activate|p2a: Kingambit|ability: Supreme Overlord
|-start|p2a: Kingambit|fallen1|[silent]
|move|p1a: Venusaur|Giga Drain|p2a: Kingambit
|-resisted|p2a: Kingambit
|-damage|p2a: Kingambit|64/100
|-heal|p1a: Venusaur|28/100|[from] drain|[of] p2a: Kingambit
|-damage|p1a: Venusaur|18/100|[from] item: Life Orb
|
|-weather|SunnyDay|[upkeep]
|-heal|p2a: Kingambit|70/100|[from] item: Leftovers
|upkeep
|turn|7
|inactive|jibreel69 has 120 seconds left.
|
|t:|1776175526
|switch|p1a: Don|Great Tusk, shiny|100/100
|-activate|p1a: Don|ability: Protosynthesis
|-start|p1a: Don|protosynthesisatk
|move|p2a: Kingambit|Sucker Punch||[still]
|-fail|p2a: Kingambit
|
|-weather|SunnyDay|[upkeep]
|-heal|p2a: Kingambit|76/100|[from] item: Leftovers
|upkeep
|turn|8
|
|t:|1776175541
|-end|p2a: Kingambit|fallen1|[silent]
|switch|p2a: Glimmora|Glimmora, F|100/100
|move|p1a: Don|Headlong Rush|p2a: Glimmora
|-supereffective|p2a: Glimmora
|-damage|p2a: Glimmora|0 fnt
|-unboost|p1a: Don|def|1
|-unboost|p1a: Don|spd|1
|-activate|p2a: Glimmora|ability: Toxic Debris
|-sidestart|p1: cafecr|move: Toxic Spikes
|faint|p2a: Glimmora
|
|-weather|none
|-end|p1a: Don|Protosynthesis
|upkeep
|
|t:|1776175553
|switch|p2a: Zamazenta|Zamazenta|100/100
|turn|9
|
|t:|1776175556
|move|p2a: Zamazenta|Reflect|p2a: Zamazenta
|-sidestart|p2: jibreel69|Reflect
|move|p1a: Don|Rapid Spin|p2a: Zamazenta
|-damage|p2a: Zamazenta|94/100
|-boost|p1a: Don|spe|1
|-sideend|p1: cafecr|Toxic Spikes|[from] move: Rapid Spin|[of] p1a: Don
|
|upkeep
|turn|10
|
|t:|1776175568
|-end|p1a: Don|Protosynthesis|[silent]
|switch|p1a: Hatterene|Hatterene, F, shiny|17/100
|switch|p2a: Ursaluna|Ursaluna, M|100/100
|
|-status|p2a: Ursaluna|brn|[from] item: Flame Orb
|upkeep
|turn|11
|
|t:|1776175578
|move|p2a: Ursaluna|Trailblaze|p1a: Hatterene
|-damage|p1a: Hatterene|0 fnt
|-boost|p2a: Ursaluna|spe|1
|faint|p1a: Hatterene
|
|-damage|p2a: Ursaluna|94/100 brn|[from] brn
|-sideend|p2: jibreel69|move: Light Screen
|upkeep
|
|t:|1776175584
|switch|p1a: Torkoal|Torkoal, F|100/100
|-weather|SunnyDay|[from] ability: Drought|[of] p1a: Torkoal
|turn|12
|
|t:|1776175608
|switch|p1a: Don|Great Tusk, shiny|100/100
|-activate|p1a: Don|ability: Protosynthesis
|-start|p1a: Don|protosynthesisatk
|move|p2a: Ursaluna|Trailblaze|p1a: Don
|-supereffective|p1a: Don
|-damage|p1a: Don|65/100
|-boost|p2a: Ursaluna|spe|1
|
|-weather|SunnyDay|[upkeep]
|-damage|p2a: Ursaluna|88/100 brn|[from] brn
|upkeep
|turn|13
|
|t:|1776175619
|move|p2a: Ursaluna|Trailblaze|p1a: Don
|-supereffective|p1a: Don
|-damage|p1a: Don|23/100
|-boost|p2a: Ursaluna|spe|1
|move|p1a: Don|Ice Spinner|p2a: Ursaluna
|-supereffective|p2a: Ursaluna
|-damage|p2a: Ursaluna|63/100 brn
|
|-weather|SunnyDay|[upkeep]
|-damage|p2a: Ursaluna|57/100 brn|[from] brn
|upkeep
|turn|14
|
|t:|1776175632
|move|p2a: Ursaluna|Facade|p1a: Don
|-damage|p1a: Don|0 fnt
|faint|p1a: Don
|-end|p1a: Don|Protosynthesis|[silent]
|
|-weather|SunnyDay|[upkeep]
|-damage|p2a: Ursaluna|51/100 brn|[from] brn
|upkeep
|
|t:|1776175634
|switch|p1a: Ceruledge|Ceruledge, M|100/100
|turn|15
|inactive|jibreel69 has 120 seconds left.
|
|t:|1776175675
|move|p2a: Ursaluna|Headlong Rush|p1a: Ceruledge
|-supereffective|p1a: Ceruledge
|-enditem|p1a: Ceruledge|Focus Sash
|-damage|p1a: Ceruledge|1/100
|-unboost|p2a: Ursaluna|def|1
|-unboost|p2a: Ursaluna|spd|1
|-ability|p1a: Ceruledge|Weak Armor|boost
|-unboost|p1a: Ceruledge|def|1
|-boost|p1a: Ceruledge|spe|2
|move|p1a: Ceruledge|Swords Dance|p1a: Ceruledge
|-boost|p1a: Ceruledge|atk|2
|
|-weather|SunnyDay|[upkeep]
|-damage|p2a: Ursaluna|45/100 brn|[from] brn
|upkeep
|turn|16
|inactive|jibreel69 has 90 seconds left.
|
|t:|1776175715
|move|p2a: Ursaluna|Facade|p1a: Ceruledge
|-immune|p1a: Ceruledge
|move|p1a: Ceruledge|Bitter Blade|p2a: Ursaluna
|-damage|p2a: Ursaluna|0 fnt
|-heal|p1a: Ceruledge|31/100|[from] drain|[of] p2a: Ursaluna
|faint|p2a: Ursaluna
|
|-weather|SunnyDay|[upkeep]
|-sideend|p2: jibreel69|Reflect
|upkeep
|c|☆jibreel69|fuckkkk
|
|t:|1776175734
|switch|p2a: Kingambit|Kingambit, M|76/100
|-activate|p2a: Kingambit|ability: Supreme Overlord
|-start|p2a: Kingambit|fallen3|[silent]
|turn|17
|
|t:|1776175737
|move|p1a: Ceruledge|Shadow Sneak|p2a: Kingambit
|-resisted|p2a: Kingambit
|-damage|p2a: Kingambit|58/100
|move|p2a: Kingambit|Kowtow Cleave|p1a: Ceruledge
|-supereffective|p1a: Ceruledge
|-damage|p1a: Ceruledge|0 fnt
|faint|p1a: Ceruledge
|
|-weather|SunnyDay|[upkeep]
|-heal|p2a: Kingambit|64/100|[from] item: Leftovers
|upkeep
|
|t:|1776175745
|switch|p1a: Walking Wake|Walking Wake|100/100
|-activate|p1a: Walking Wake|ability: Protosynthesis
|-start|p1a: Walking Wake|protosynthesisspa
|turn|18
|inactive|jibreel69 has 90 seconds left.
|
|t:|1776175762
|move|p2a: Kingambit|Sucker Punch|p1a: Walking Wake
|-damage|p1a: Walking Wake|45/100
|move|p1a: Walking Wake|Flamethrower|p2a: Kingambit
|-supereffective|p2a: Kingambit
|-damage|p2a: Kingambit|0 fnt
|faint|p2a: Kingambit
|-end|p2a: Kingambit|fallen3|[silent]
|
|-weather|SunnyDay|[upkeep]
|upkeep
|
|t:|1776175769
|switch|p2a: Zamazenta|Zamazenta|94/100
|turn|19
|
|t:|1776175772
|move|p2a: Zamazenta|Light Screen|p2a: Zamazenta
|-sidestart|p2: jibreel69|move: Light Screen
|move|p1a: Walking Wake|Flamethrower|p2a: Zamazenta
|-damage|p2a: Zamazenta|47/100
|
|-weather|none
|-end|p1a: Walking Wake|Protosynthesis
|upkeep
|turn|20
|
|t:|1776175786
|switch|p2a: Manaphy|Manaphy|100/100
|-end|p1a: Walking Wake|Protosynthesis|[silent]
|switch|p1a: Torkoal|Torkoal, F|100/100
|-weather|SunnyDay|[from] ability: Drought|[of] p1a: Torkoal
|
|-weather|SunnyDay|[upkeep]
|upkeep
|turn|21
|
|t:|1776175791
|move|p2a: Manaphy|Substitute|p2a: Manaphy
|-start|p2a: Manaphy|Substitute
|-damage|p2a: Manaphy|76/100
|move|p1a: Torkoal|Clear Smog|p2a: Manaphy
|-crit|p2a: Manaphy
|-activate|p2a: Manaphy|move: Substitute|[damage]
|
|-weather|SunnyDay|[upkeep]
|-heal|p2a: Manaphy|82/100|[from] item: Leftovers
|upkeep
|turn|22
|
|t:|1776175797
|move|p2a: Manaphy|Tail Glow|p2a: Manaphy
|-boost|p2a: Manaphy|spa|3
|move|p1a: Torkoal|Flamethrower|p2a: Manaphy
|-resisted|p2a: Manaphy
|-end|p2a: Manaphy|Substitute
|
|-weather|SunnyDay|[upkeep]
|-heal|p2a: Manaphy|88/100|[from] item: Leftovers
|upkeep
|turn|23
|
|t:|1776175803
|move|p2a: Manaphy|Substitute|p2a: Manaphy
|-start|p2a: Manaphy|Substitute
|-damage|p2a: Manaphy|63/100
|move|p1a: Torkoal|Flamethrower|p2a: Manaphy
|-resisted|p2a: Manaphy
|-activate|p2a: Manaphy|move: Substitute|[damage]
|
|-weather|SunnyDay|[upkeep]
|-heal|p2a: Manaphy|69/100|[from] item: Leftovers
|upkeep
|turn|24
|inactive|jibreel69 has 120 seconds left.
|
|t:|1776175810
|move|p2a: Manaphy|Hydro Pump|p1a: Torkoal
|-supereffective|p1a: Torkoal
|-damage|p1a: Torkoal|0 fnt
|faint|p1a: Torkoal
|
|-weather|SunnyDay|[upkeep]
|-heal|p2a: Manaphy|75/100|[from] item: Leftovers
|upkeep
|
|t:|1776175812
|switch|p1a: Walking Wake|Walking Wake|45/100
|-activate|p1a: Walking Wake|ability: Protosynthesis
|-start|p1a: Walking Wake|protosynthesisspa
|turn|25
|
|t:|1776175821
|-terastallize|p2a: Manaphy|Fairy
|move|p2a: Manaphy|Alluring Voice|p1a: Walking Wake
|-supereffective|p1a: Walking Wake
|-damage|p1a: Walking Wake|0 fnt
|faint|p1a: Walking Wake
|-end|p1a: Walking Wake|Protosynthesis|[silent]
|
|-weather|SunnyDay|[upkeep]
|-heal|p2a: Manaphy|81/100|[from] item: Leftovers
|upkeep
|
|t:|1776175827
|switch|p1a: Venusaur|Venusaur, M, tera:Ground|18/100
|turn|26
|
|t:|1776175832
|move|p1a: Venusaur|Giga Drain|p2a: Manaphy
|-end|p2a: Manaphy|Substitute
|-heal|p1a: Venusaur|24/100|[from] drain|[of] p2a: Manaphy
|-damage|p1a: Venusaur|14/100|[from] item: Life Orb
|move|p2a: Manaphy|Alluring Voice|p1a: Venusaur
|-crit|p1a: Venusaur
|-damage|p1a: Venusaur|0 fnt
|faint|p1a: Venusaur
|
|win|jibreel69
|raw|cafecr's rating: 1493 &rarr; <strong>1476</strong><br />(-17 for losing)
|raw|jibreel69's rating: 1552 &rarr; <strong>1569</strong><br />(+17 for winning)
|l|☆cafecr
|player|p1|
