|html|<div class="broadcast-blue"><strong>[Gen 9] OU is currently suspecting Tera Blast! For information on how to participate check out the <a href="https://www.smogon.com/tools/suspects/view/200">suspect thread</a>.</strong></div>
|j|☆alifein4chapters
|j|☆Kampasaurus
|t:|1776050171
|gametype|singles
|player|p1|alifein4chapters|li|1482
|player|p2|Kampasaurus|1|1452
|gen|9
|tier|[Gen 9] OU
|rated|
|rule|HP Percentage Mod: HP is shown in percentages
|rule|Endless Battle Clause: Forcing endless battles is banned
|rule|Species Clause: Limit one of each Pokémon
|rule|OHKO Clause: OHKO moves are banned
|rule|Evasion Items Clause: Evasion items are banned
|rule|Evasion Moves Clause: Evasion moves are banned
|rule|Evasion Abilities Clause: Evasion abilities are banned
|rule|Sleep Moves Clause: Sleep-inducing moves are banned
|clearpoke
|poke|p1|Cinderace, M|
|poke|p1|Alomomola, F|
|poke|p1|Kyurem|
|poke|p1|Landorus-Therian, M|
|poke|p1|Clefable, F|
|poke|p1|Goodra-Hisui, M|
|poke|p2|Amoonguss, M|
|poke|p2|Goodra-Hisui, M|
|poke|p2|Latias, F|
|poke|p2|Alomomola, M|
|poke|p2|Cinderace, F|
|poke|p2|Great Tusk|
|teampreview
|j| ohko_smeargle
|inactive|Battle timer is ON: inactive players will automatically lose when time's up. (requested by alifein4chapters)
|
|t:|1776050191
|teamsize|p1|6
|teamsize|p2|6
|start
|switch|p1a: Cinderace|Cinderace, M|100/100
|switch|p2a: Cinderace|Cinderace, F|100/100
|turn|1
|
|t:|1776050195
|switch|p2a: Alomomola|Alomomola, M|100/100
|move|p1a: Cinderace|U-turn|p2a: Alomomola
|-damage|p2a: Alomomola|91/100
|
|t:|1776050198
|switch|p1a: Kyurem|Kyurem|100/100|[from] U-turn
|-ability|p1a: Kyurem|Pressure
|
|upkeep
|turn|2
|
|t:|1776050204
|switch|p2a: Goodra|Goodra-Hisui, M|100/100
|move|p1a: Kyurem|Freeze-Dry|p2a: Goodra
|-damage|p2a: Goodra|74/100
|
|upkeep
|turn|3
|
|t:|1776050208
|switch|p1a: Alomomola|Alomomola, F|100/100
|move|p2a: Goodra|Flash Cannon|p1a: Alomomola
|-resisted|p1a: Alomomola
|-damage|p1a: Alomomola|90/100
|
|upkeep
|turn|4
|
|t:|1776050212
|switch|p2a: Amoonguss|Amoonguss, M|100/100
|move|p1a: Alomomola|Flip Turn|p2a: Amoonguss
|-resisted|p2a: Amoonguss
|-damage|p2a: Amoonguss|94/100
|-enditem|p2a: Amoonguss|Eject Button
|
|t:|1776050217
|switch|p2a: Latias|Latias, F|100/100
|
|upkeep
|turn|5
|
|t:|1776050220
|move|p2a: Latias|Calm Mind|p2a: Latias
|-boost|p2a: Latias|spa|1
|-boost|p2a: Latias|spd|1
|move|p1a: Alomomola|Flip Turn|p2a: Latias
|-resisted|p2a: Latias
|-damage|p2a: Latias|92/100
|
|t:|1776050225
|switch|p1a: Goodra|Goodra-Hisui, M|100/100|[from] Flip Turn
|
|upkeep
|turn|6
|
|t:|1776050231
|move|p2a: Latias|Calm Mind|p2a: Latias
|-boost|p2a: Latias|spa|1
|-boost|p2a: Latias|spd|1
|move|p1a: Goodra|Dragon Tail|p2a: Latias
|-supereffective|p2a: Latias
|-damage|p2a: Latias|50/100
|-enditem|p2a: Latias|Weakness Policy
|-boost|p2a: Latias|atk|2|[from] item: Weakness Policy
|-boost|p2a: Latias|spa|2|[from] item: Weakness Policy
|drag|p2a: Amoonguss|Amoonguss, M|100/100
|
|upkeep
|turn|7
|
|t:|1776050240
|switch|p2a: Great Tusk|Great Tusk|100/100
|move|p1a: Goodra|Ice Beam|p2a: Great Tusk
|-supereffective|p2a: Great Tusk
|-damage|p2a: Great Tusk|14/100
|
|upkeep
|turn|8
|
|t:|1776050244
|switch|p1a: Alomomola|Alomomola, F|100/100
|move|p2a: Great Tusk|Knock Off|p1a: Alomomola
|-damage|p1a: Alomomola|59/100
|-enditem|p1a: Alomomola|Assault Vest|[from] move: Knock Off|[of] p2a: Great Tusk
|
|upkeep
|turn|9
|
|t:|1776050248
|-end|p2a: Great Tusk|Protosynthesis|[silent]
|switch|p2a: Alomomola|Alomomola, M|100/100
|move|p1a: Alomomola|Flip Turn|p2a: Alomomola
|-resisted|p2a: Alomomola
|-damage|p2a: Alomomola|96/100
|
|t:|1776050257
|switch|p1a: Kyurem|Kyurem|100/100|[from] Flip Turn
|-ability|p1a: Kyurem|Pressure
|
|upkeep
|turn|10
|
|t:|1776050279
|move|p1a: Kyurem|Freeze-Dry|p2a: Alomomola
|-supereffective|p2a: Alomomola
|-damage|p2a: Alomomola|0 fnt
|faint|p2a: Alomomola
|
|upkeep
|
|t:|1776050283
|switch|p2a: Great Tusk|Great Tusk|14/100
|turn|11
|
|t:|1776050288
|switch|p1a: Landorus|Landorus-Therian, M|100/100
|-ability|p1a: Landorus|Intimidate|boost
|-unboost|p2a: Great Tusk|atk|1
|-terastallize|p2a: Great Tusk|Fighting
|move|p2a: Great Tusk|Close Combat|p1a: Landorus
|-resisted|p1a: Landorus
|-damage|p1a: Landorus|50/100
|-unboost|p2a: Great Tusk|def|1
|-unboost|p2a: Great Tusk|spd|1
|-damage|p2a: Great Tusk|0 fnt|[from] item: Rocky Helmet|[of] p1a: Landorus
|faint|p2a: Great Tusk
|-end|p2a: Great Tusk|Protosynthesis|[silent]
|
|upkeep
|
|t:|1776050293
|switch|p2a: Latias|Latias, F|50/100
|turn|12
|
|t:|1776050297
|move|p2a: Latias|Recover|p2a: Latias
|-heal|p2a: Latias|99/100
|move|p1a: Landorus|U-turn|p2a: Latias
|-supereffective|p2a: Latias
|-damage|p2a: Latias|42/100
|
|t:|1776050301
|switch|p1a: Goodra|Goodra-Hisui, M|100/100|[from] U-turn
|
|upkeep
|turn|13
|
|t:|1776050306
|move|p2a: Latias|Recover|p2a: Latias
|-heal|p2a: Latias|92/100
|move|p1a: Goodra|Dragon Tail|p2a: Latias
|-supereffective|p2a: Latias
|-damage|p2a: Latias|54/100
|drag|p2a: Cinderace|Cinderace, F|100/100
|
|upkeep
|turn|14
|
|t:|1776050309
|move|p2a: Cinderace|Pyro Ball|p1a: Goodra
|-damage|p1a: Goodra|43/100
|move|p1a: Goodra|Dragon Tail|p2a: Cinderace
|-damage|p2a: Cinderace|75/100
|drag|p2a: Latias|Latias, F|54/100
|
|upkeep
|turn|15
|inactive|Kampasaurus has 120 seconds left.
|inactive|Kampasaurus has 90 seconds left.
|inactive|Kampasaurus has 60 seconds left.
|
|t:|1776050415
|switch|p2a: Amoonguss|Amoonguss, M|100/100
|move|p1a: Goodra|Ice Beam|p2a: Amoonguss
|-supereffective|p2a: Amoonguss
|-damage|p2a: Amoonguss|45/100
|
|upkeep
|turn|16
|
|t:|1776050424
|switch|p2a: Cinderace|Cinderace, F|75/100
|move|p1a: Goodra|Ice Beam|p2a: Cinderace
|-resisted|p2a: Cinderace
|-damage|p2a: Cinderace|52/100
|
|upkeep
|turn|17
|
|t:|1776050431
|switch|p1a: Landorus|Landorus-Therian, M|50/100
|-ability|p1a: Landorus|Intimidate|boost
|-unboost|p2a: Cinderace|atk|1
|move|p2a: Cinderace|U-turn|p1a: Landorus
|-start|p2a: Cinderace|typechange|Bug|[from] ability: Libero
|-resisted|p1a: Landorus
|-damage|p1a: Landorus|37/100
|-damage|p2a: Cinderace|35/100|[from] item: Rocky Helmet|[of] p1a: Landorus
|
|t:|1776050437
|switch|p2a: Latias|Latias, F|54/100|[from] U-turn
|
|upkeep
|turn|18
|
|t:|1776050441
|move|p2a: Latias|Recover|p2a: Latias
|-heal|p2a: Latias|100/100
|move|p1a: Landorus|U-turn|p2a: Latias
|-supereffective|p2a: Latias
|-damage|p2a: Latias|46/100
|
|t:|1776050448
|switch|p1a: Kyurem|Kyurem|100/100|[from] U-turn
|-ability|p1a: Kyurem|Pressure
|
|upkeep
|turn|19
|inactive|Kampasaurus has 60 seconds left.
|
|t:|1776050482
|move|p2a: Latias|Calm Mind|p2a: Latias
|-boost|p2a: Latias|spa|1
|-boost|p2a: Latias|spd|1
|move|p1a: Kyurem|Ice Beam|p2a: Latias
|-supereffective|p2a: Latias
|-damage|p2a: Latias|0 fnt
|faint|p2a: Latias
|
|upkeep
|
|t:|1776050486
|switch|p2a: Goodra|Goodra-Hisui, M|74/100
|turn|20
|
|t:|1776050492
|switch|p1a: Landorus|Landorus-Therian, M|37/100
|-ability|p1a: Landorus|Intimidate|boost
|-unboost|p2a: Goodra|atk|1
|move|p2a: Goodra|Draco Meteor|p1a: Landorus|[miss]
|-miss|p2a: Goodra|p1a: Landorus
|
|upkeep
|turn|21
|
|t:|1776050500
|switch|p2a: Amoonguss|Amoonguss, M|79/100
|move|p1a: Landorus|Earthquake|p2a: Amoonguss
|-damage|p2a: Amoonguss|35/100
|
|upkeep
|turn|22
|
|t:|1776050505
|move|p1a: Landorus|Earthquake|p2a: Amoonguss
|-damage|p2a: Amoonguss|0 fnt
|faint|p2a: Amoonguss
|
|upkeep
|-message|Kampasaurus forfeited.
|
|win|alifein4chapters
|raw|alifein4chapters's rating: 1482 &rarr; <strong>1500</strong><br />(+18 for winning)
|raw|Kampasaurus's rating: 1452 &rarr; <strong>1434</strong><br />(-18 for losing)
|l|☆Kampasaurus
|player|p2|
|l| ohko_smeargle
|l|☆alifein4chapters
|player|p1|
