|html|<div class="broadcast-blue"><strong>[Gen 9] OU is currently suspecting Tera Blast! For information on how to participate check out the <a href="https://www.smogon.com/tools/suspects/view/200">suspect thread</a>.</strong></div>
|j|☆swallowslayer
|j|☆Jay Kujo
|t:|1776314591
|gametype|singles
|player|p1|swallowslayer|1|
|player|p2|Jay Kujo|170|
|gen|9
|tier|[Gen 9] OU
|rule|HP Percentage Mod: HP is shown in percentages
|rule|Endless Battle Clause: Forcing endless battles is banned
|rule|Species Clause: Limit one of each Pokémon
|rule|OHKO Clause: OHKO moves are banned
|rule|Evasion Items Clause: Evasion items are banned
|rule|Evasion Moves Clause: Evasion moves are banned
|rule|Evasion Abilities Clause: Evasion abilities are banned
|rule|Sleep Moves Clause: Sleep-inducing moves are banned
|clearpoke
|poke|p1|Milotic, F|
|poke|p1|Pyroar, F|
|poke|p1|Whimsicott, F|
|poke|p1|Salazzle, F|
|poke|p1|Corviknight, F|
|poke|p1|Lycanroc-Dusk, F|
|poke|p2|Blaziken, F|
|poke|p2|Vaporeon, M|
|poke|p2|Gliscor, F|
|poke|p2|Glimmora, M|
|poke|p2|Corviknight, F|
|poke|p2|Chesnaught, M|
|teampreview
|
|t:|1776314596
|teamsize|p1|6
|teamsize|p2|6
|start
|switch|p1a: Whimsicott|Whimsicott, F, shiny|100/100
|switch|p2a: Glimmora|Glimmora, M|100/100
|turn|1
|
|t:|1776314603
|move|p1a: Whimsicott|Taunt|p2a: Glimmora
|-start|p2a: Glimmora|move: Taunt
|cant|p2a: Glimmora|move: Taunt|Stealth Rock
|
|upkeep
|turn|2
|
|t:|1776314626
|move|p1a: Whimsicott|Energy Ball|p2a: Glimmora
|-damage|p2a: Glimmora|52/100
|-unboost|p2a: Glimmora|spd|1
|-enditem|p2a: Glimmora|White Herb
|-clearnegativeboost|p2a: Glimmora|[silent]
|move|p2a: Glimmora|Meteor Beam||[still]
|-prepare|p2a: Glimmora|Meteor Beam
|-boost|p2a: Glimmora|spa|1
|
|upkeep
|turn|3
|
|t:|1776314643
|move|p1a: Whimsicott|Energy Ball|p2a: Glimmora
|-damage|p2a: Glimmora|0 fnt
|faint|p2a: Glimmora
|
|upkeep
|
|t:|1776314660
|switch|p2a: Gliscor|Gliscor, F|100/100
|turn|4
|
|t:|1776314668
|switch|p1a: Milotic|Milotic, F, shiny|100/100
|move|p2a: Gliscor|U-turn|p1a: Milotic
|-damage|p1a: Milotic|89/100
|
|t:|1776314677
|switch|p2a: Chesnaught|Chesnaught, M|100/100|[from] U-turn
|
|-status|p1a: Milotic|brn|[from] item: Flame Orb
|upkeep
|turn|5
|
|t:|1776314688
|move|p1a: Milotic|Ice Beam|p2a: Chesnaught
|-supereffective|p2a: Chesnaught
|-damage|p2a: Chesnaught|70/100
|move|p2a: Chesnaught|Giga Drain|p1a: Milotic
|-supereffective|p1a: Milotic
|-damage|p1a: Milotic|60/100 brn
|-heal|p2a: Chesnaught|85/100|[from] drain|[of] p1a: Milotic
|
|-damage|p1a: Milotic|54/100 brn|[from] brn
|upkeep
|turn|6
|
|t:|1776314697
|switch|p2a: Queen|Vaporeon, M|100/100
|move|p1a: Milotic|Ice Beam|p2a: Queen
|-resisted|p2a: Queen
|-damage|p2a: Queen|93/100
|
|-heal|p2a: Queen|99/100|[from] item: Leftovers
|-damage|p1a: Milotic|48/100 brn|[from] brn
|upkeep
|turn|7
|
|t:|1776314706
|switch|p1a: Whimsicott|Whimsicott, F, shiny|100/100
|move|p2a: Queen|Alluring Voice|p1a: Whimsicott
|-damage|p1a: Whimsicott|67/100
|
|-heal|p2a: Queen|100/100|[from] item: Leftovers
|upkeep
|turn|8
|
|t:|1776314715
|switch|p2a: Corviknight|Corviknight, F|100/100
|-ability|p2a: Corviknight|Pressure
|move|p1a: Whimsicott|Taunt|p2a: Corviknight
|-start|p2a: Corviknight|move: Taunt
|
|upkeep
|turn|9
|
|t:|1776314723
|switch|p1a: Salazzle|Salazzle, F, shiny|100/100
|move|p2a: Corviknight|Drill Peck|p1a: Salazzle
|-damage|p1a: Salazzle|56/100
|
|-heal|p1a: Salazzle|62/100|[from] item: Black Sludge
|upkeep
|turn|10
|
|t:|1776314732
|switch|p2a: Queen|Vaporeon, M|100/100
|move|p1a: Salazzle|Flamethrower|p2a: Queen
|-resisted|p2a: Queen
|-damage|p2a: Queen|86/100
|
|-heal|p1a: Salazzle|68/100|[from] item: Black Sludge
|-heal|p2a: Queen|92/100|[from] item: Leftovers
|upkeep
|turn|11
|
|t:|1776314742
|switch|p1a: Milotic|Milotic, F, shiny|48/100 brn
|move|p2a: Queen|Scald|p1a: Milotic
|-resisted|p1a: Milotic
|-damage|p1a: Milotic|37/100 brn
|
|-heal|p2a: Queen|98/100|[from] item: Leftovers
|-damage|p1a: Milotic|31/100 brn|[from] brn
|upkeep
|turn|12
|
|t:|1776314754
|switch|p2a: Corviknight|Corviknight, F|100/100
|-ability|p2a: Corviknight|Pressure
|move|p1a: Milotic|Recover|p1a: Milotic
|-heal|p1a: Milotic|81/100 brn
|
|-damage|p1a: Milotic|75/100 brn|[from] brn
|upkeep
|turn|13
|
|t:|1776314765
|move|p1a: Milotic|Scald|p2a: Corviknight
|-damage|p2a: Corviknight|72/100
|move|p2a: Corviknight|Drill Peck|p1a: Milotic
|-damage|p1a: Milotic|63/100 brn
|
|-heal|p2a: Corviknight|78/100|[from] item: Leftovers
|-damage|p1a: Milotic|57/100 brn|[from] brn
|upkeep
|turn|14
|
|t:|1776314787
|move|p1a: Milotic|Scald|p2a: Corviknight
|-damage|p2a: Corviknight|51/100
|move|p2a: Corviknight|Drill Peck|p1a: Milotic
|-damage|p1a: Milotic|45/100 brn
|
|-heal|p2a: Corviknight|57/100|[from] item: Leftovers
|-damage|p1a: Milotic|39/100 brn|[from] brn
|upkeep
|turn|15
|
|t:|1776314798
|move|p1a: Milotic|Scald|p2a: Corviknight
|-damage|p2a: Corviknight|31/100
|-status|p2a: Corviknight|brn
|move|p2a: Corviknight|Roost|p2a: Corviknight
|-heal|p2a: Corviknight|81/100 brn
|-singleturn|p2a: Corviknight|move: Roost
|
|-heal|p2a: Corviknight|88/100 brn|[from] item: Leftovers
|-damage|p1a: Milotic|33/100 brn|[from] brn
|-damage|p2a: Corviknight|81/100 brn|[from] brn
|upkeep
|turn|16
|
|t:|1776314809
|move|p1a: Milotic|Recover|p1a: Milotic
|-heal|p1a: Milotic|83/100 brn
|move|p2a: Corviknight|Drill Peck|p1a: Milotic
|-damage|p1a: Milotic|77/100 brn
|
|-heal|p2a: Corviknight|88/100 brn|[from] item: Leftovers
|-damage|p1a: Milotic|71/100 brn|[from] brn
|-damage|p2a: Corviknight|81/100 brn|[from] brn
|upkeep
|turn|17
|
|t:|1776314819
|switch|p1a: Salazzle|Salazzle, F, shiny|68/100
|move|p2a: Corviknight|Drill Peck|p1a: Salazzle
|-damage|p1a: Salazzle|44/100
|
|-heal|p1a: Salazzle|50/100|[from] item: Black Sludge
|-heal|p2a: Corviknight|88/100 brn|[from] item: Leftovers
|-damage|p2a: Corviknight|81/100 brn|[from] brn
|upkeep
|turn|18
|
|t:|1776314828
|switch|p2a: Queen|Vaporeon, M|98/100
|move|p1a: Salazzle|Nasty Plot|p1a: Salazzle
|-boost|p1a: Salazzle|spa|2
|
|-heal|p1a: Salazzle|56/100|[from] item: Black Sludge
|-heal|p2a: Queen|100/100|[from] item: Leftovers
|upkeep
|turn|19
|
|t:|1776314837
|move|p1a: Salazzle|Sludge Bomb|p2a: Queen
|-damage|p2a: Queen|32/100
|-status|p2a: Queen|psn
|move|p2a: Queen|Scald|p1a: Salazzle
|-supereffective|p1a: Salazzle
|-damage|p1a: Salazzle|0 fnt
|faint|p1a: Salazzle
|
|-heal|p2a: Queen|39/100 psn|[from] item: Leftovers
|-damage|p2a: Queen|26/100 psn|[from] psn
|upkeep
|
|t:|1776314851
|switch|p1a: Lycanroc|Lycanroc-Dusk, F|100/100
|turn|20
|
|t:|1776314872
|switch|p2a: Corviknight|Corviknight, F|81/100 brn
|-ability|p2a: Corviknight|Pressure
|move|p1a: Lycanroc|Stone Edge|p2a: Corviknight
|-damage|p2a: Corviknight|51/100 brn
|
|-heal|p2a: Corviknight|57/100 brn|[from] item: Leftovers
|-damage|p2a: Corviknight|51/100 brn|[from] brn
|upkeep
|turn|21
|
|t:|1776314888
|move|p1a: Lycanroc|Stone Edge|p2a: Corviknight
|-crit|p2a: Corviknight
|-damage|p2a: Corviknight|6/100 brn
|move|p2a: Corviknight|U-turn|p1a: Lycanroc
|-damage|p1a: Lycanroc|89/100
|
|t:|1776314898
|switch|p2a: Hamon|Blaziken, F|100/100|[from] U-turn
|
|upkeep
|turn|22
|
|t:|1776314905
|move|p2a: Hamon|Protect|p2a: Hamon
|-singleturn|p2a: Hamon|Protect
|move|p1a: Lycanroc|Stone Edge|p2a: Hamon
|-activate|p2a: Hamon|move: Protect
|
|-ability|p2a: Hamon|Speed Boost|boost
|-boost|p2a: Hamon|spe|1
|upkeep
|turn|23
|
|t:|1776314914
|move|p2a: Hamon|Close Combat|p1a: Lycanroc
|-supereffective|p1a: Lycanroc
|-damage|p1a: Lycanroc|0 fnt
|-unboost|p2a: Hamon|def|1
|-unboost|p2a: Hamon|spd|1
|faint|p1a: Lycanroc
|
|-ability|p2a: Hamon|Speed Boost|boost
|-boost|p2a: Hamon|spe|1
|upkeep
|
|t:|1776314923
|switch|p1a: Milotic|Milotic, F, shiny|71/100 brn
|turn|24
|
|t:|1776314935
|switch|p1a: Whimsicott|Whimsicott, F, shiny|67/100
|move|p2a: Hamon|Protect||[still]
|-fail|p2a: Hamon
|
|-ability|p2a: Hamon|Speed Boost|boost
|-boost|p2a: Hamon|spe|1
|upkeep
|turn|25
|
|t:|1776314952
|switch|p1a: Milotic|Milotic, F, shiny|71/100 brn
|move|p2a: Hamon|Temper Flare|p1a: Milotic
|-resisted|p1a: Milotic
|-damage|p1a: Milotic|50/100 brn
|
|-damage|p1a: Milotic|44/100 brn|[from] brn
|-ability|p2a: Hamon|Speed Boost|boost
|-boost|p2a: Hamon|spe|1
|upkeep
|turn|26
|c|☆swallowslayer|fah
|
|t:|1776314963
|move|p2a: Hamon|Close Combat|p1a: Milotic
|-damage|p1a: Milotic|11/100 brn
|-unboost|p2a: Hamon|def|1
|-unboost|p2a: Hamon|spd|1
|move|p1a: Milotic|Scald|p2a: Hamon
|-supereffective|p2a: Hamon
|-enditem|p2a: Hamon|Focus Sash
|-damage|p2a: Hamon|1/100
|
|-damage|p1a: Milotic|5/100 brn|[from] brn
|-ability|p2a: Hamon|Speed Boost|boost
|-boost|p2a: Hamon|spe|1
|upkeep
|turn|27
|
|t:|1776314982
|switch|p1a: Corviknight|Corviknight, F|100/100
|move|p2a: Hamon|Close Combat|p1a: Corviknight
|-damage|p1a: Corviknight|52/100
|-unboost|p2a: Hamon|def|1
|-unboost|p2a: Hamon|spd|1
|
|-ability|p2a: Hamon|Speed Boost|boost
|-boost|p2a: Hamon|spe|1
|upkeep
|turn|28
|
|t:|1776314994
|move|p2a: Hamon|Close Combat|p1a: Corviknight
|-damage|p1a: Corviknight|0 fnt
|-unboost|p2a: Hamon|def|1
|-unboost|p2a: Hamon|spd|1
|faint|p1a: Corviknight
|
|upkeep
|c|☆swallowslayer|huh
|
|t:|1776315004
|switch|p1a: Not Rani|Pyroar, F|100/100
|turn|29
|
|t:|1776315009
|move|p2a: Hamon|Close Combat|p1a: Not Rani
|-supereffective|p1a: Not Rani
|-damage|p1a: Not Rani|0 fnt
|-unboost|p2a: Hamon|def|1
|-unboost|p2a: Hamon|spd|1
|faint|p1a: Not Rani
|
|upkeep
|
|t:|1776315018
|switch|p1a: Milotic|Milotic, F, shiny|5/100 brn
|turn|30
|
|t:|1776315023
|move|p2a: Hamon|Close Combat|p1a: Milotic
|-damage|p1a: Milotic|0 fnt
|-unboost|p2a: Hamon|def|1
|-unboost|p2a: Hamon|spd|1
|faint|p1a: Milotic
|
|upkeep
|c|☆swallowslayer|truly revolutionary
|
|t:|1776315029
|switch|p1a: Whimsicott|Whimsicott, F, shiny|67/100
|turn|31
|
|t:|1776315038
|move|p2a: Hamon|Temper Flare|p1a: Whimsicott
|-supereffective|p1a: Whimsicott
|-damage|p1a: Whimsicott|0 fnt
|faint|p1a: Whimsicott
|
|win|Jay Kujo
|l|☆swallowslayer
|player|p1|
