|html|<div class="broadcast-blue"><strong>[Gen 9] OU is currently suspecting Tera Blast! For information on how to participate check out the <a href="https://www.smogon.com/tools/suspects/view/200">suspect thread</a>.</strong></div>
|j|‽clorox man
|j|☆Sz_dS
|t:|1776046921
|gametype|singles
|player|p1|clorox man|clown|1747
|player|p2|Sz_dS|2|1782
|gen|9
|tier|[Gen 9] OU
|rated|
|rule|HP Percentage Mod: HP is shown in percentages
|rule|Endless Battle Clause: Forcing endless battles is banned
|rule|Species Clause: Limit one of each Pokémon
|rule|OHKO Clause: OHKO moves are banned
|rule|Evasion Items Clause: Evasion items are banned
|rule|Evasion Moves Clause: Evasion moves are banned
|rule|Evasion Abilities Clause: Evasion abilities are banned
|rule|Sleep Moves Clause: Sleep-inducing moves are banned
|clearpoke
|poke|p1|Hatterene, F|
|poke|p1|Ting-Lu|
|poke|p1|Kingambit, M|
|poke|p1|Dragonite, F|
|poke|p1|Darkrai|
|poke|p1|Pecharunt|
|poke|p2|Samurott-Hisui, M|
|poke|p2|Gliscor, F|
|poke|p2|Great Tusk|
|poke|p2|Tinkaton, F|
|poke|p2|Dragapult, M|
|poke|p2|Garganacl, M|
|teampreview
|j| ohko_smeargle
|inactive|Battle timer is ON: inactive players will automatically lose when time's up. (requested by clorox man)
|
|t:|1776046938
|teamsize|p1|6
|teamsize|p2|6
|start
|switch|p1a: Ting-Lu|Ting-Lu|100/100
|switch|p2a: Tinkaton|Tinkaton, F|100/100
|-item|p2a: Tinkaton|Air Balloon
|-ability|p1a: Ting-Lu|Vessel of Ruin
|turn|1
|j| dormeur69
|
|t:|1776046948
|move|p2a: Tinkaton|Stealth Rock|p1a: Ting-Lu
|-sidestart|p1: clorox man|move: Stealth Rock
|move|p1a: Ting-Lu|Stealth Rock|p2a: Tinkaton
|-sidestart|p2: Sz_dS|move: Stealth Rock
|
|upkeep
|turn|2
|c| dormeur69|hi
|j| voy por todos
|
|t:|1776046967
|switch|p1a: Pecharunt|Pecharunt|100/100
|-damage|p1a: Pecharunt|88/100|[from] Stealth Rock
|move|p2a: Tinkaton|Encore||[still]
|-fail|p2a: Tinkaton
|
|upkeep
|turn|3
|
|t:|1776046973
|move|p2a: Tinkaton|Knock Off|p1a: Pecharunt
|-supereffective|p1a: Pecharunt
|-damage|p1a: Pecharunt|65/100
|-enditem|p1a: Pecharunt|Shuca Berry|[from] move: Knock Off|[of] p2a: Tinkaton
|move|p1a: Pecharunt|Shadow Ball|p2a: Tinkaton
|-damage|p2a: Tinkaton|80/100
|-enditem|p2a: Tinkaton|Air Balloon
|
|upkeep
|turn|4
|
|t:|1776046980
|switch|p2a: Samurott|Samurott-Hisui, M|100/100
|move|p1a: Pecharunt|Recover|p1a: Pecharunt
|-heal|p1a: Pecharunt|100/100
|
|upkeep
|turn|5
|
|t:|1776046985
|move|p1a: Pecharunt|Nasty Plot|p1a: Pecharunt
|-boost|p1a: Pecharunt|spa|2
|move|p2a: Samurott|Ceaseless Edge|p1a: Pecharunt
|-supereffective|p1a: Pecharunt
|-crit|p1a: Pecharunt
|-damage|p1a: Pecharunt|7/100
|-sidestart|p1: clorox man|Spikes
|
|upkeep
|turn|6
|
|t:|1776047001
|move|p1a: Pecharunt|Malignant Chain|p2a: Samurott
|-damage|p2a: Samurott|8/100
|move|p2a: Samurott|Knock Off|p1a: Pecharunt
|-supereffective|p1a: Pecharunt
|-damage|p1a: Pecharunt|0 fnt
|faint|p1a: Pecharunt
|
|upkeep
|
|t:|1776047014
|switch|p1a: Darkrai|Darkrai|100/100
|-damage|p1a: Darkrai|88/100|[from] Stealth Rock
|-damage|p1a: Darkrai|76/100|[from] Spikes
|turn|7
|
|t:|1776047027
|move|p2a: Samurott|Sucker Punch|p1a: Darkrai
|-resisted|p1a: Darkrai
|-damage|p1a: Darkrai|50/100
|move|p1a: Darkrai|Dark Pulse|p2a: Samurott
|-resisted|p2a: Samurott
|-damage|p2a: Samurott|0 fnt
|faint|p2a: Samurott
|
|upkeep
|
|t:|1776047031
|switch|p2a: Tinkaton|Tinkaton, F|80/100
|-damage|p2a: Tinkaton|73/100|[from] Stealth Rock
|turn|8
|
|t:|1776047034
|switch|p1a: Ting-Lu|Ting-Lu|100/100
|-damage|p1a: Ting-Lu|94/100|[from] Stealth Rock
|-damage|p1a: Ting-Lu|82/100|[from] Spikes
|-ability|p1a: Ting-Lu|Vessel of Ruin
|move|p2a: Tinkaton|Knock Off|p1a: Ting-Lu
|-resisted|p1a: Ting-Lu
|-damage|p1a: Ting-Lu|77/100
|-enditem|p1a: Ting-Lu|Red Card|[from] move: Knock Off|[of] p2a: Tinkaton
|
|upkeep
|turn|9
|
|t:|1776047046
|switch|p2a: Great Tusk|Great Tusk|100/100
|-damage|p2a: Great Tusk|97/100|[from] Stealth Rock
|move|p1a: Ting-Lu|Spikes|p2a: Great Tusk
|-sidestart|p2: Sz_dS|Spikes
|
|upkeep
|turn|10
|j| Shucklepilled
|
|t:|1776047052
|-terastallize|p1a: Ting-Lu|Ghost
|move|p2a: Great Tusk|Rapid Spin|p1a: Ting-Lu
|-immune|p1a: Ting-Lu
|move|p1a: Ting-Lu|Ruination|p2a: Great Tusk
|-damage|p2a: Great Tusk|49/100
|
|upkeep
|turn|11
|
|t:|1776047064
|-end|p2a: Great Tusk|Protosynthesis|[silent]
|switch|p2a: Gliscor|Gliscor, F|100/100
|-damage|p2a: Gliscor|88/100|[from] Stealth Rock
|move|p1a: Ting-Lu|Whirlwind|p2a: Gliscor
|drag|p2a: Dragapult|Dragapult, M|100/100
|
|upkeep
|turn|12
|
|t:|1776047072
|move|p2a: Dragapult|Hex|p1a: Ting-Lu
|-supereffective|p1a: Ting-Lu
|-damage|p1a: Ting-Lu|54/100
|move|p1a: Ting-Lu|Spikes|p2a: Dragapult
|-sidestart|p2: Sz_dS|Spikes
|
|upkeep
|turn|13
|
|t:|1776047076
|move|p2a: Dragapult|Will-O-Wisp|p1a: Ting-Lu
|-status|p1a: Ting-Lu|brn
|move|p1a: Ting-Lu|Spikes|p2a: Dragapult
|-sidestart|p2: Sz_dS|Spikes
|
|-damage|p1a: Ting-Lu|48/100 brn|[from] brn
|upkeep
|turn|14
|
|t:|1776047078
|move|p2a: Dragapult|Hex|p1a: Ting-Lu
|-supereffective|p1a: Ting-Lu
|-damage|p1a: Ting-Lu|6/100 brn
|move|p1a: Ting-Lu|Ruination|p2a: Dragapult
|-damage|p2a: Dragapult|51/100
|
|-damage|p1a: Ting-Lu|0 fnt|[from] brn
|faint|p1a: Ting-Lu
|upkeep
|
|t:|1776047085
|switch|p1a: Hatterene|Hatterene, F|100/100
|-damage|p1a: Hatterene|88/100|[from] Stealth Rock
|-damage|p1a: Hatterene|76/100|[from] Spikes
|turn|15
|j| benz_2302
|
|t:|1776047101
|move|p2a: Dragapult|U-turn|p1a: Hatterene
|-damage|p1a: Hatterene|58/100
|
|t:|1776047103
|switch|p2a: Tinkaton|Tinkaton, F|73/100|[from] U-turn
|-damage|p2a: Tinkaton|67/100|[from] Stealth Rock
|-damage|p2a: Tinkaton|42/100|[from] Spikes
|move|p1a: Hatterene|Draining Kiss|p2a: Tinkaton
|-resisted|p2a: Tinkaton
|-damage|p2a: Tinkaton|32/100
|-heal|p1a: Hatterene|67/100|[from] drain|[of] p2a: Tinkaton
|-enditem|p1a: Hatterene|Assault Vest|[silent]|[from] ability: Pickpocket|[of] p1a: Hatterene
|-item|p2a: Tinkaton|Assault Vest|[from] ability: Pickpocket|[of] p1a: Hatterene
|
|upkeep
|turn|16
|l| voy por todos
|inactive|clorox man has 120 seconds left.
|
|t:|1776047134
|move|p2a: Tinkaton|Gigaton Hammer|p1a: Hatterene
|-supereffective|p1a: Hatterene
|-damage|p1a: Hatterene|0 fnt
|faint|p1a: Hatterene
|
|upkeep
|inactive|clorox man has 120 seconds left.
|
|t:|1776047139
|switch|p1a: Dragonite|Dragonite, F|100/100
|-damage|p1a: Dragonite|75/100|[from] Stealth Rock
|turn|17
|
|t:|1776047146
|move|p2a: Tinkaton|Knock Off|p1a: Dragonite
|-damage|p1a: Dragonite|57/100
|-enditem|p1a: Dragonite|Leftovers|[from] move: Knock Off|[of] p2a: Tinkaton
|move|p1a: Dragonite|Dragon Dance|p1a: Dragonite
|-boost|p1a: Dragonite|atk|1
|-boost|p1a: Dragonite|spe|1
|
|upkeep
|turn|18
|
|t:|1776047151
|switch|p2a: Gliscor|Gliscor, F|88/100
|-damage|p2a: Gliscor|75/100|[from] Stealth Rock
|move|p1a: Dragonite|Earthquake|p2a: Gliscor
|-immune|p2a: Gliscor
|
|-status|p2a: Gliscor|tox|[from] item: Toxic Orb
|upkeep
|turn|19
|
|t:|1776047154
|move|p1a: Dragonite|Roost|p1a: Dragonite
|-heal|p1a: Dragonite|100/100
|-singleturn|p1a: Dragonite|move: Roost
|move|p2a: Gliscor|Toxic|p1a: Dragonite
|-status|p1a: Dragonite|tox
|
|-damage|p1a: Dragonite|94/100 tox|[from] psn
|-heal|p2a: Gliscor|88/100 tox|[from] ability: Poison Heal
|upkeep
|turn|20
|
|t:|1776047160
|switch|p1a: Darkrai|Darkrai|50/100
|-damage|p1a: Darkrai|38/100|[from] Stealth Rock
|-damage|p1a: Darkrai|25/100|[from] Spikes
|move|p2a: Gliscor|Protect||[still]
|-fail|p2a: Gliscor
|
|-heal|p2a: Gliscor|100/100 tox|[from] ability: Poison Heal
|upkeep
|turn|21
|
|t:|1776047164
|switch|p2a: Tinkaton|Tinkaton, F|32/100
|-damage|p2a: Tinkaton|25/100|[from] Stealth Rock
|-damage|p2a: Tinkaton|0 fnt|[from] Spikes
|faint|p2a: Tinkaton
|move|p1a: Darkrai|Ice Beam|p2: Tinkaton|[notarget]
|-fail|p1a: Darkrai
|
|upkeep
|
|t:|1776047166
|switch|p2a: Garganacl|Garganacl, M|100/100
|-damage|p2a: Garganacl|88/100|[from] Stealth Rock
|-damage|p2a: Garganacl|63/100|[from] Spikes
|turn|22
|
|t:|1776047169
|move|p1a: Darkrai|Knock Off|p2a: Garganacl
|-damage|p2a: Garganacl|37/100
|-enditem|p2a: Garganacl|Leftovers|[from] move: Knock Off|[of] p1a: Darkrai
|move|p2a: Garganacl|Salt Cure|p1a: Darkrai
|-damage|p1a: Darkrai|8/100
|-start|p1a: Darkrai|Salt Cure
|
|-damage|p1a: Darkrai|0 fnt|[from] Salt Cure
|faint|p1a: Darkrai
|upkeep
|
|t:|1776047180
|switch|p1a: Kingambit|Kingambit, M|100/100
|-damage|p1a: Kingambit|94/100|[from] Stealth Rock
|-damage|p1a: Kingambit|82/100|[from] Spikes
|-activate|p1a: Kingambit|ability: Supreme Overlord
|-start|p1a: Kingambit|fallen4|[silent]
|turn|23
|
|t:|1776047189
|move|p1a: Kingambit|Kowtow Cleave|p2a: Garganacl
|-damage|p2a: Garganacl|0 fnt
|faint|p2a: Garganacl
|
|upkeep
|
|t:|1776047194
|switch|p2a: Dragapult|Dragapult, M|51/100
|turn|24
|
|t:|1776047196
|-end|p1a: Kingambit|fallen4|[silent]
|switch|p1a: Dragonite|Dragonite, F|94/100 tox
|-damage|p1a: Dragonite|69/100 tox|[from] Stealth Rock
|move|p2a: Dragapult|Will-O-Wisp||[still]
|-fail|p2a: Dragapult
|
|-damage|p1a: Dragonite|63/100 tox|[from] psn
|upkeep
|turn|25
|
|t:|1776047200
|move|p2a: Dragapult|Hex|p1a: Dragonite
|-damage|p1a: Dragonite|5/100 tox
|move|p1a: Dragonite|Earthquake|p2a: Dragapult
|-damage|p2a: Dragapult|8/100
|
|-damage|p1a: Dragonite|0 fnt|[from] psn
|faint|p1a: Dragonite
|upkeep
|
|t:|1776047203
|switch|p1a: Kingambit|Kingambit, M|82/100
|-damage|p1a: Kingambit|76/100|[from] Stealth Rock
|-damage|p1a: Kingambit|64/100|[from] Spikes
|-activate|p1a: Kingambit|ability: Supreme Overlord
|-start|p1a: Kingambit|fallen5|[silent]
|turn|26
|
|t:|1776047205
|move|p2a: Dragapult|Will-O-Wisp|p1a: Kingambit
|-status|p1a: Kingambit|brn
|move|p1a: Kingambit|Swords Dance|p1a: Kingambit
|-boost|p1a: Kingambit|atk|2
|
|-damage|p1a: Kingambit|57/100 brn|[from] brn
|upkeep
|turn|27
|
|t:|1776047209
|move|p1a: Kingambit|Sucker Punch|p2a: Dragapult
|-supereffective|p2a: Dragapult
|-damage|p2a: Dragapult|0 fnt
|faint|p2a: Dragapult
|
|-damage|p1a: Kingambit|51/100 brn|[from] brn
|upkeep
|
|t:|1776047212
|switch|p2a: Great Tusk|Great Tusk|49/100
|-damage|p2a: Great Tusk|46/100|[from] Stealth Rock
|-damage|p2a: Great Tusk|21/100|[from] Spikes
|turn|28
|
|t:|1776047215
|move|p1a: Kingambit|Sucker Punch|p2a: Great Tusk
|-resisted|p2a: Great Tusk
|-damage|p2a: Great Tusk|0 fnt
|-damage|p1a: Kingambit|35/100 brn|[from] item: Rocky Helmet|[of] p2a: Great Tusk
|faint|p2a: Great Tusk
|-end|p2a: Great Tusk|Protosynthesis|[silent]
|
|-damage|p1a: Kingambit|29/100 brn|[from] brn
|upkeep
|
|t:|1776047216
|switch|p2a: Gliscor|Gliscor, F|100/100 tox
|-damage|p2a: Gliscor|88/100 tox|[from] Stealth Rock
|turn|29
|
|t:|1776047219
|move|p2a: Gliscor|Protect|p2a: Gliscor
|-singleturn|p2a: Gliscor|Protect
|move|p1a: Kingambit|Kowtow Cleave|p2a: Gliscor
|-activate|p2a: Gliscor|move: Protect
|
|-heal|p2a: Gliscor|100/100 tox|[from] ability: Poison Heal
|-damage|p1a: Kingambit|22/100 brn|[from] brn
|upkeep
|turn|30
|
|t:|1776047222
|move|p2a: Gliscor|Earthquake|p1a: Kingambit
|-supereffective|p1a: Kingambit
|-damage|p1a: Kingambit|0 fnt
|faint|p1a: Kingambit
|-end|p1a: Kingambit|fallen5|[silent]
|
|win|Sz_dS
|raw|clorox man's rating: 1747 &rarr; <strong>1728</strong><br />(-19 for losing)
|raw|Sz_dS's rating: 1758 &rarr; <strong>1777</strong><br />(+19 for winning)
|l| ohko_smeargle
|l|☆Sz_dS
|player|p2|
|l|‽clorox man
|player|p1|
|l| benz_2302
|l| Shucklepilled
|j| voy por todos
|l| voy por todos
