|html|<div class="broadcast-blue"><strong>[Gen 9] OU is currently suspecting Volcarona! For information on how to participate check out the <a href="https://www.smogon.com/tools/suspects/view/208">suspect thread</a>.</strong></div>
|j|☆DoraaaAjj
|j|☆jabirappleby
|t:|1778503354
|gametype|singles
|player|p1|DoraaaAjj|n|1158
|player|p2|jabirappleby|cyrus|1170
|gen|9
|tier|[Gen 9] OU
|rated|
|rule|HP Percentage Mod: HP is shown in percentages
|rule|Endless Battle Clause: Forcing endless battles is banned
|rule|Species Clause: Limit one of each Pokémon
|rule|OHKO Clause: OHKO moves are banned
|rule|Evasion Items Clause: Evasion items are banned
|rule|Evasion Moves Clause: Evasion moves are banned
|rule|Evasion Abilities Clause: Evasion abilities are banned
|rule|Sleep Moves Clause: Sleep-inducing moves are banned
|clearpoke
|poke|p1|Dragonite, F|
|poke|p1|Gastrodon, F|
|poke|p1|Corviknight, F|
|poke|p1|Gliscor, F|
|poke|p1|Dondozo, M|
|poke|p1|Rotom-Wash|
|poke|p2|Hawlucha, F|
|poke|p2|Samurott-Hisui, F|
|poke|p2|Rillaboom, F|
|poke|p2|Gholdengo|
|poke|p2|Kyurem|
|poke|p2|Landorus-Therian, M|
|teampreview
|
|t:|1778503366
|teamsize|p1|6
|teamsize|p2|6
|start
|switch|p1a: Gliscor|Gliscor, F|100/100
|switch|p2a: Rillaboom|Rillaboom, F|100/100
|-fieldstart|move: Grassy Terrain|[from] ability: Grassy Surge|[of] p2a: Rillaboom
|turn|1
|
|t:|1778503378
|switch|p2a: Samurott|Samurott-Hisui, F|100/100
|move|p1a: Gliscor|Protect||[still]
|-fail|p1a: Gliscor
|
|-status|p1a: Gliscor|tox|[from] item: Toxic Orb
|upkeep
|turn|2
|
|t:|1778503396
|switch|p1a: Rotom|Rotom-Wash|100/100
|move|p2a: Samurott|Ceaseless Edge|p1a: Rotom
|-damage|p1a: Rotom|67/100
|-sidestart|p1: DoraaaAjj|Spikes
|
|-heal|p1a: Rotom|73/100|[from] item: Leftovers
|upkeep
|turn|3
|
|t:|1778503406
|move|p2a: Samurott|Ceaseless Edge|p1a: Rotom
|-damage|p1a: Rotom|41/100
|-sidestart|p1: DoraaaAjj|Spikes
|move|p1a: Rotom|Pain Split|p2a: Samurott
|-sethp|p2a: Samurott|68/100|[from] move: Pain Split|[silent]
|-sethp|p1a: Rotom|80/100|[from] move: Pain Split
|
|-heal|p2a: Samurott|74/100|[from] Grassy Terrain
|-heal|p1a: Rotom|86/100|[from] item: Leftovers
|upkeep
|turn|4
|
|t:|1778503417
|move|p2a: Samurott|Ceaseless Edge|p1a: Rotom
|-damage|p1a: Rotom|55/100
|-sidestart|p1: DoraaaAjj|Spikes
|move|p1a: Rotom|Volt Switch|p2a: Samurott
|-supereffective|p2a: Samurott
|-damage|p2a: Samurott|41/100
|
|t:|1778503426
|switch|p1a: Dondozo|Dondozo, M, shiny|100/100|[from] Volt Switch
|
|-heal|p2a: Samurott|48/100|[from] Grassy Terrain
|upkeep
|turn|5
|inactive|Battle timer is ON: inactive players will automatically lose when time's up. (requested by DoraaaAjj)
|
|t:|1778503487
|move|p2a: Samurott|Ceaseless Edge|p1a: Dondozo
|-damage|p1a: Dondozo|81/100
|move|p1a: Dondozo|Body Press|p2a: Samurott
|-supereffective|p2a: Samurott
|-damage|p2a: Samurott|0 fnt
|faint|p2a: Samurott
|
|-heal|p1a: Dondozo|88/100|[from] Grassy Terrain
|-fieldend|move: Grassy Terrain
|upkeep
|
|t:|1778503492
|switch|p2a: Rillaboom|Rillaboom, F|100/100
|-fieldstart|move: Grassy Terrain|[from] ability: Grassy Surge|[of] p2a: Rillaboom
|turn|6
|
|t:|1778503502
|switch|p1a: Rotom|Rotom-Wash|55/100
|move|p2a: Rillaboom|Knock Off|p1a: Rotom
|-damage|p1a: Rotom|26/100
|-enditem|p1a: Rotom|Leftovers|[from] move: Knock Off|[of] p2a: Rillaboom
|
|upkeep
|turn|7
|
|t:|1778503510
|move|p2a: Rillaboom|Grassy Glide|p1a: Rotom
|-supereffective|p1a: Rotom
|-damage|p1a: Rotom|0 fnt
|faint|p1a: Rotom
|
|upkeep
|
|t:|1778503518
|switch|p1a: Gliscor|Gliscor, F|100/100 tox
|turn|8
|
|t:|1778503522
|move|p2a: Rillaboom|Grassy Glide|p1a: Gliscor
|-damage|p1a: Gliscor|69/100 tox
|move|p1a: Gliscor|Stealth Rock|p2a: Rillaboom
|-sidestart|p2: jabirappleby|move: Stealth Rock
|
|-heal|p1a: Gliscor|81/100 tox|[from] ability: Poison Heal
|upkeep
|turn|9
|
|t:|1778503534
|move|p1a: Gliscor|Toxic|p2a: Rillaboom
|-status|p2a: Rillaboom|tox
|-enditem|p2a: Rillaboom|Lum Berry|[eat]
|-curestatus|p2a: Rillaboom|tox|[msg]
|move|p2a: Rillaboom|Swords Dance|p2a: Rillaboom
|-boost|p2a: Rillaboom|atk|2
|
|-heal|p1a: Gliscor|94/100 tox|[from] ability: Poison Heal
|upkeep
|turn|10
|
|t:|1778503545
|move|p2a: Rillaboom|Grassy Glide|p1a: Gliscor
|-damage|p1a: Gliscor|25/100 tox
|move|p1a: Gliscor|Toxic|p2a: Rillaboom
|-status|p2a: Rillaboom|tox
|
|-heal|p1a: Gliscor|38/100 tox|[from] ability: Poison Heal
|-damage|p2a: Rillaboom|94/100 tox|[from] psn
|-fieldend|move: Grassy Terrain
|upkeep
|turn|11
|
|t:|1778503557
|move|p1a: Gliscor|Protect|p1a: Gliscor
|-singleturn|p1a: Gliscor|Protect
|move|p2a: Rillaboom|Knock Off|p1a: Gliscor
|-activate|p1a: Gliscor|move: Protect
|
|-heal|p1a: Gliscor|50/100 tox|[from] ability: Poison Heal
|-damage|p2a: Rillaboom|82/100 tox|[from] psn
|upkeep
|turn|12
|
|t:|1778503567
|switch|p2a: Landorus|Landorus-Therian, M|100/100
|-damage|p2a: Landorus|88/100|[from] Stealth Rock
|-ability|p2a: Landorus|Intimidate|boost
|-unboost|p1a: Gliscor|atk|1
|move|p1a: Gliscor|Protect||[still]
|-fail|p1a: Gliscor
|
|-heal|p1a: Gliscor|63/100 tox|[from] ability: Poison Heal
|upkeep
|turn|13
|
|t:|1778503579
|switch|p1a: Gastrodon|Gastrodon, F|100/100
|-damage|p1a: Gastrodon|76/100|[from] Spikes
|move|p2a: Landorus|Taunt|p1a: Gastrodon
|-start|p1a: Gastrodon|move: Taunt
|
|-heal|p1a: Gastrodon|82/100|[from] item: Leftovers
|upkeep
|turn|14
|
|t:|1778503588
|switch|p2a: Rillaboom|Rillaboom, F|82/100 tox
|-damage|p2a: Rillaboom|69/100 tox|[from] Stealth Rock
|-fieldstart|move: Grassy Terrain|[from] ability: Grassy Surge|[of] p2a: Rillaboom
|move|p1a: Gastrodon|Ice Beam|p2a: Rillaboom
|-supereffective|p2a: Rillaboom
|-damage|p2a: Rillaboom|19/100 tox
|
|-heal|p2a: Rillaboom|25/100 tox|[from] Grassy Terrain
|-heal|p1a: Gastrodon|88/100|[from] Grassy Terrain
|-heal|p1a: Gastrodon|94/100|[from] item: Leftovers
|-damage|p2a: Rillaboom|19/100 tox|[from] psn
|upkeep
|turn|15
|
|t:|1778503602
|switch|p1a: Corviknight|Corviknight, F, shiny|100/100
|-ability|p1a: Corviknight|Pressure
|move|p2a: Rillaboom|Grassy Glide|p1a: Corviknight
|-resisted|p1a: Corviknight
|-damage|p1a: Corviknight|95/100
|-damage|p2a: Rillaboom|2/100 tox|[from] item: Rocky Helmet|[of] p1a: Corviknight
|
|-heal|p2a: Rillaboom|9/100 tox|[from] Grassy Terrain
|-damage|p2a: Rillaboom|0 fnt|[from] psn
|faint|p2a: Rillaboom
|upkeep
|
|t:|1778503609
|switch|p2a: Hawlucha|Hawlucha, F|100/100
|-damage|p2a: Hawlucha|88/100|[from] Stealth Rock
|-enditem|p2a: Hawlucha|Grassy Seed
|-boost|p2a: Hawlucha|def|1|[from] item: Grassy Seed
|turn|16
|
|t:|1778503622
|move|p2a: Hawlucha|Swords Dance|p2a: Hawlucha
|-boost|p2a: Hawlucha|atk|2
|move|p1a: Corviknight|U-turn|p2a: Hawlucha
|-resisted|p2a: Hawlucha
|-damage|p2a: Hawlucha|85/100
|
|t:|1778503633
|switch|p1a: Dondozo|Dondozo, M, shiny|88/100|[from] U-turn
|
|-heal|p1a: Dondozo|94/100|[from] Grassy Terrain
|upkeep
|turn|17
|
|t:|1778503640
|move|p2a: Hawlucha|Low Kick|p1a: Dondozo
|-damage|p1a: Dondozo|71/100
|move|p1a: Dondozo|Wave Crash|p2a: Hawlucha
|-damage|p2a: Hawlucha|30/100
|-damage|p1a: Dondozo|59/100|[from] Recoil
|
|-heal|p1a: Dondozo|65/100|[from] Grassy Terrain
|upkeep
|turn|18
|
|t:|1778503650
|move|p2a: Hawlucha|Roost|p2a: Hawlucha
|-heal|p2a: Hawlucha|80/100
|-singleturn|p2a: Hawlucha|move: Roost
|move|p1a: Dondozo|Wave Crash|p2a: Hawlucha
|-damage|p2a: Hawlucha|25/100
|-damage|p1a: Dondozo|52/100|[from] Recoil
|
|-heal|p2a: Hawlucha|32/100|[from] Grassy Terrain
|-heal|p1a: Dondozo|59/100|[from] Grassy Terrain
|-fieldend|move: Grassy Terrain
|upkeep
|turn|19
|
|t:|1778503661
|move|p2a: Hawlucha|Low Kick|p1a: Dondozo
|-damage|p1a: Dondozo|35/100
|move|p1a: Dondozo|Wave Crash|p2a: Hawlucha
|-damage|p2a: Hawlucha|0 fnt
|faint|p2a: Hawlucha
|-damage|p1a: Dondozo|28/100|[from] Recoil
|
|upkeep
|
|t:|1778503669
|switch|p2a: Gholdengo|Gholdengo|100/100
|-damage|p2a: Gholdengo|94/100|[from] Stealth Rock
|turn|20
|
|t:|1778503674
|move|p2a: Gholdengo|Shadow Ball|p1a: Dondozo
|-damage|p1a: Dondozo|0 fnt
|faint|p1a: Dondozo
|
|upkeep
|
|t:|1778503680
|switch|p1a: Gastrodon|Gastrodon, F|94/100
|-damage|p1a: Gastrodon|69/100|[from] Spikes
|turn|21
|
|t:|1778503688
|move|p2a: Gholdengo|Shadow Ball|p1a: Gastrodon
|-damage|p1a: Gastrodon|41/100
|-unboost|p1a: Gastrodon|spd|1
|move|p1a: Gastrodon|Ice Beam|p2a: Gholdengo
|-resisted|p2a: Gholdengo
|-damage|p2a: Gholdengo|83/100
|
|-heal|p1a: Gastrodon|47/100|[from] item: Leftovers
|upkeep
|turn|22
|
|t:|1778503699
|switch|p1a: Gliscor|Gliscor, F|63/100 tox
|move|p2a: Gholdengo|Shadow Ball|p1a: Gliscor
|-damage|p1a: Gliscor|22/100 tox
|
|-heal|p1a: Gliscor|35/100 tox|[from] ability: Poison Heal
|upkeep
|turn|23
|
|t:|1778503709
|move|p1a: Gliscor|Protect|p1a: Gliscor
|-singleturn|p1a: Gliscor|Protect
|move|p2a: Gholdengo|Shadow Ball|p1a: Gliscor
|-activate|p1a: Gliscor|move: Protect
|
|-heal|p1a: Gliscor|47/100 tox|[from] ability: Poison Heal
|upkeep
|turn|24
|
|t:|1778503718
|move|p1a: Gliscor|Protect||[still]
|-fail|p1a: Gliscor
|move|p2a: Gholdengo|Shadow Ball|p1a: Gliscor
|-damage|p1a: Gliscor|9/100 tox
|
|-heal|p1a: Gliscor|22/100 tox|[from] ability: Poison Heal
|upkeep
|turn|25
|
|t:|1778503727
|switch|p1a: Corviknight|Corviknight, F, shiny|95/100
|-ability|p1a: Corviknight|Pressure
|move|p2a: Gholdengo|Shadow Ball|p1a: Corviknight
|-damage|p1a: Corviknight|60/100
|
|upkeep
|turn|26
|
|t:|1778503736
|move|p2a: Gholdengo|Shadow Ball|p1a: Corviknight
|-damage|p1a: Corviknight|21/100
|-unboost|p1a: Corviknight|spd|1
|move|p1a: Corviknight|U-turn|p2a: Gholdengo
|-resisted|p2a: Gholdengo
|-damage|p2a: Gholdengo|79/100
|
|t:|1778503744
|switch|p1a: Dragonite|Dragonite, F, shiny|100/100|[from] U-turn
|
|upkeep
|turn|27
|
|t:|1778503750
|-terastallize|p1a: Dragonite|Normal
|move|p2a: Gholdengo|Shadow Ball|p1a: Dragonite
|-immune|p1a: Dragonite
|move|p1a: Dragonite|Dragon Dance|p1a: Dragonite
|-boost|p1a: Dragonite|atk|1
|-boost|p1a: Dragonite|spe|1
|
|upkeep
|turn|28
|
|t:|1778503760
|switch|p2a: Landorus|Landorus-Therian, M|88/100
|-damage|p2a: Landorus|76/100|[from] Stealth Rock
|-ability|p2a: Landorus|Intimidate|boost
|-unboost|p1a: Dragonite|atk|1
|move|p1a: Dragonite|Dragon Dance|p1a: Dragonite
|-boost|p1a: Dragonite|atk|1
|-boost|p1a: Dragonite|spe|1
|
|upkeep
|turn|29
|
|t:|1778503769
|move|p1a: Dragonite|Ice Spinner|p2a: Landorus
|-supereffective|p2a: Landorus
|-damage|p2a: Landorus|0 fnt
|-damage|p1a: Dragonite|84/100|[from] item: Rocky Helmet|[of] p2a: Landorus
|faint|p2a: Landorus
|
|upkeep
|
|t:|1778503772
|switch|p2a: Kyurem|Kyurem|100/100
|-damage|p2a: Kyurem|76/100|[from] Stealth Rock
|-ability|p2a: Kyurem|Pressure
|turn|30
|
|t:|1778503780
|-terastallize|p2a: Kyurem|Poison
|move|p1a: Dragonite|Extreme Speed|p2a: Kyurem
|-damage|p2a: Kyurem|9/100
|move|p2a: Kyurem|Focus Blast|p1a: Dragonite|[miss]
|-miss|p2a: Kyurem|p1a: Dragonite
|
|upkeep
|turn|31
|-message|jabirappleby forfeited.
|
|win|DoraaaAjj
|raw|DoraaaAjj's rating: 1158 &rarr; <strong>1182</strong><br />(+24 for winning)
|raw|jabirappleby's rating: 1148 &rarr; <strong>1124</strong><br />(-24 for losing)
|l|☆jabirappleby
|player|p2|
|l|☆DoraaaAjj
|player|p1|
