|html|<div class="broadcast-blue"><strong>[Gen 9] OU is currently suspecting Tera Blast! For information on how to participate check out the <a href="https://www.smogon.com/tools/suspects/view/200">suspect thread</a>.</strong></div>
|j|☆ddrago2009
|j|☆FawnEel
|t:|1776120603
|gametype|singles
|player|p1|ddrago2009|pokemaniac|1199
|player|p2|FawnEel|iris|1221
|gen|9
|tier|[Gen 9] OU
|rated|
|rule|HP Percentage Mod: HP is shown in percentages
|rule|Endless Battle Clause: Forcing endless battles is banned
|rule|Species Clause: Limit one of each Pokémon
|rule|OHKO Clause: OHKO moves are banned
|rule|Evasion Items Clause: Evasion items are banned
|rule|Evasion Moves Clause: Evasion moves are banned
|rule|Evasion Abilities Clause: Evasion abilities are banned
|rule|Sleep Moves Clause: Sleep-inducing moves are banned
|clearpoke
|poke|p1|Ursaluna, F|
|poke|p1|Hatterene, F|
|poke|p1|Garganacl, F|
|poke|p1|Kingambit, F|
|poke|p1|Iron Moth|
|poke|p1|Rillaboom, M|
|poke|p2|Slowking-Galar, M|
|poke|p2|Kingambit, M|
|poke|p2|Hatterene, F|
|poke|p2|Heatran, F|
|poke|p2|Ursaluna, F|
|poke|p2|Diancie|
|teampreview
|
|t:|1776120617
|teamsize|p1|6
|teamsize|p2|6
|start
|switch|p1a: Garganacl|Garganacl, F, shiny|100/100
|switch|p2a: Hatterene|Hatterene, F|100/100
|turn|1
|inactive|Battle timer is ON: inactive players will automatically lose when time's up. (requested by ddrago2009)
|
|t:|1776120624
|move|p1a: Garganacl|Salt Cure|p2a: Hatterene
|-damage|p2a: Hatterene|84/100
|-start|p2a: Hatterene|Salt Cure
|move|p2a: Hatterene|Trick Room|p2a: Hatterene
|-fieldstart|move: Trick Room|[of] p2a: Hatterene
|
|-damage|p2a: Hatterene|72/100|[from] Salt Cure
|upkeep
|turn|2
|
|t:|1776120632
|move|p2a: Hatterene|Light Screen|p2a: Hatterene
|-sidestart|p2: FawnEel|move: Light Screen
|move|p1a: Garganacl|Iron Defense|p1a: Garganacl
|-boost|p1a: Garganacl|def|2
|
|-damage|p2a: Hatterene|60/100|[from] Salt Cure
|upkeep
|turn|3
|
|t:|1776120643
|switch|p2a: Heatran|Heatran, F|100/100
|-item|p2a: Heatran|Air Balloon
|move|p1a: Garganacl|Iron Defense|p1a: Garganacl
|-boost|p1a: Garganacl|def|2
|
|upkeep
|turn|4
|
|t:|1776120650
|move|p1a: Garganacl|Body Press|p2a: Heatran
|-supereffective|p2a: Heatran
|-damage|p2a: Heatran|0 fnt
|-enditem|p2a: Heatran|Air Balloon
|faint|p2a: Heatran
|
|upkeep
|
|t:|1776120659
|switch|p2a: Diancie|Diancie|100/100
|turn|5
|
|t:|1776120665
|move|p2a: Diancie|Meteor Beam||[still]
|-prepare|p2a: Diancie|Meteor Beam
|-boost|p2a: Diancie|spa|1
|-enditem|p2a: Diancie|Power Herb
|-anim|p2a: Diancie|Meteor Beam|p1a: Garganacl
|-damage|p1a: Garganacl|27/100
|move|p1a: Garganacl|Body Press|p2a: Diancie
|-damage|p2a: Diancie|28/100
|
|-heal|p1a: Garganacl|34/100|[from] item: Leftovers
|-fieldend|move: Trick Room
|upkeep
|turn|6
|
|t:|1776120684
|switch|p1a: Kingambit|Kingambit, F|100/100
|move|p2a: Diancie|Earth Power|p1a: Kingambit
|-supereffective|p1a: Kingambit
|-damage|p1a: Kingambit|24/100
|
|-heal|p1a: Kingambit|30/100|[from] item: Leftovers
|-sideend|p2: FawnEel|move: Light Screen
|upkeep
|turn|7
|
|t:|1776120700
|move|p1a: Kingambit|Sucker Punch||[still]
|-fail|p1a: Kingambit
|move|p2a: Diancie|Trick Room|p2a: Diancie
|-fieldstart|move: Trick Room|[of] p2a: Diancie
|
|-heal|p1a: Kingambit|36/100|[from] item: Leftovers
|upkeep
|turn|8
|
|t:|1776120724
|-terastallize|p1a: Kingambit|Dark
|move|p1a: Kingambit|Sucker Punch|p2a: Diancie
|-resisted|p2a: Diancie
|-damage|p2a: Diancie|5/100
|move|p2a: Diancie|Earth Power|p1a: Kingambit
|-damage|p1a: Kingambit|0 fnt
|faint|p1a: Kingambit
|-end|p1a: Kingambit|fallenundefined|[silent]
|
|upkeep
|
|t:|1776120730
|switch|p1a: Ursaluna|Ursaluna, F, shiny|100/100
|turn|9
|
|t:|1776120737
|move|p2a: Diancie|Moonblast|p1a: Ursaluna
|-crit|p1a: Ursaluna
|-damage|p1a: Ursaluna|16/100
|move|p1a: Ursaluna|Facade|p2a: Diancie
|-resisted|p2a: Diancie
|-damage|p2a: Diancie|0 fnt
|faint|p2a: Diancie
|
|-status|p1a: Ursaluna|brn|[from] item: Flame Orb
|upkeep
|
|t:|1776120747
|switch|p2a: Slowking|Slowking-Galar, M|100/100
|turn|10
|
|t:|1776120771
|switch|p1a: Hatterene|Hatterene, F|100/100
|move|p2a: Slowking|Psychic Noise|p1a: Hatterene
|-resisted|p1a: Hatterene
|-crit|p1a: Hatterene
|-damage|p1a: Hatterene|69/100
|-start|p1a: Hatterene|move: Heal Block
|
|upkeep
|turn|11
|
|t:|1776120779
|move|p1a: Hatterene|Psychic Noise|p2a: Slowking
|-damage|p2a: Slowking|65/100
|-start|p2a: Slowking|move: Heal Block
|move|p2a: Slowking|Shadow Ball|p1a: Hatterene
|-supereffective|p1a: Hatterene
|-damage|p1a: Hatterene|12/100
|
|-end|p1a: Hatterene|move: Heal Block
|-fieldend|move: Trick Room
|upkeep
|turn|12
|
|t:|1776120798
|move|p1a: Hatterene|Healing Wish|p1a: Hatterene
|faint|p1a: Hatterene
|move|p2a: Slowking|Trick Room|p2a: Slowking
|-fieldstart|move: Trick Room|[of] p2a: Slowking
|
|-end|p2a: Slowking|move: Heal Block
|upkeep
|
|t:|1776120812
|switch|p1a: Rillaboom|Rillaboom, M|100/100
|-fieldstart|move: Grassy Terrain|[from] ability: Grassy Surge|[of] p1a: Rillaboom
|turn|13
|
|t:|1776120818
|-prepare|p2a: Slowking|Chilly Reception|[premajor]
|move|p2a: Slowking|Chilly Reception|p2a: Slowking
|-weather|Snowscape
|
|t:|1776120825
|switch|p2a: Kingambit|Kingambit, M|100/100|[from] Chilly Reception
|-activate|p2a: Kingambit|ability: Supreme Overlord
|-start|p2a: Kingambit|fallen2|[silent]
|move|p1a: Rillaboom|Knock Off|p2a: Kingambit
|-resisted|p2a: Kingambit
|-damage|p2a: Kingambit|84/100
|-enditem|p2a: Kingambit|Lum Berry|[from] move: Knock Off|[of] p1a: Rillaboom
|
|-weather|Snowscape|[upkeep]
|-heal|p2a: Kingambit|91/100|[from] Grassy Terrain
|upkeep
|turn|14
|
|t:|1776120838
|switch|p1a: Ursaluna|Ursaluna, F, shiny|16/100 brn
|-heal|p1a: Ursaluna|100/100|[from] move: Healing Wish
|move|p2a: Kingambit|Swords Dance|p2a: Kingambit
|-boost|p2a: Kingambit|atk|2
|
|-weather|Snowscape|[upkeep]
|-heal|p2a: Kingambit|97/100|[from] Grassy Terrain
|-status|p1a: Ursaluna|brn|[from] item: Flame Orb
|upkeep
|turn|15
|
|t:|1776120856
|-terastallize|p2a: Kingambit|Fairy
|move|p2a: Kingambit|Kowtow Cleave|p1a: Ursaluna
|-damage|p1a: Ursaluna|20/100 brn
|move|p1a: Ursaluna|Fire Punch|p2a: Kingambit
|-damage|p2a: Kingambit|66/100
|
|-weather|Snowscape|[upkeep]
|-heal|p2a: Kingambit|72/100|[from] Grassy Terrain
|-heal|p1a: Ursaluna|26/100 brn|[from] Grassy Terrain
|-damage|p1a: Ursaluna|20/100 brn|[from] brn
|upkeep
|turn|16
|-message|ddrago2009 forfeited.
|
|win|FawnEel
|raw|ddrago2009's rating: 1199 &rarr; <strong>1176</strong><br />(-23 for losing)
|raw|FawnEel's rating: 1221 &rarr; <strong>1244</strong><br />(+23 for winning)
|l|☆ddrago2009
|player|p1|
