|html|<div class="broadcast-blue"><strong>[Gen 9] OU is currently suspecting Tera Blast! For information on how to participate check out the <a href="https://www.smogon.com/tools/suspects/view/200">suspect thread</a>.</strong></div>
|j|☆Sooswillbebeat
|j|☆Run2344
|t:|1776187296
|gametype|singles
|player|p1|Sooswillbebeat|169|1396
|player|p2|Run2344|101|1393
|gen|9
|tier|[Gen 9] OU
|rated|
|rule|HP Percentage Mod: HP is shown in percentages
|rule|Endless Battle Clause: Forcing endless battles is banned
|rule|Species Clause: Limit one of each Pokémon
|rule|OHKO Clause: OHKO moves are banned
|rule|Evasion Items Clause: Evasion items are banned
|rule|Evasion Moves Clause: Evasion moves are banned
|rule|Evasion Abilities Clause: Evasion abilities are banned
|rule|Sleep Moves Clause: Sleep-inducing moves are banned
|clearpoke
|poke|p1|Kyurem|
|poke|p1|Primarina, F|
|poke|p1|Ceruledge, F|
|poke|p1|Corviknight, M|
|poke|p1|Pecharunt|
|poke|p1|Clefable, M|
|poke|p2|Inteleon, F|
|poke|p2|Pelipper, F|
|poke|p2|Barraskewda, M|
|poke|p2|Tornadus-Therian, M|
|poke|p2|Iron Treads|
|poke|p2|Toxicroak, M|
|teampreview
|inactive|Battle timer is ON: inactive players will automatically lose when time's up. (requested by Sooswillbebeat)
|
|t:|1776187323
|teamsize|p1|6
|teamsize|p2|6
|start
|switch|p1a: Kyurem|Kyurem|100/100
|switch|p2a: Iron Treads|Iron Treads|100/100
|-ability|p1a: Kyurem|Pressure
|-enditem|p2a: Iron Treads|Booster Energy
|-activate|p2a: Iron Treads|ability: Quark Drive|[fromitem]
|-start|p2a: Iron Treads|quarkdrivespe
|turn|1
|
|t:|1776187349
|switch|p1a: Corviknight|Corviknight, M|100/100
|-ability|p1a: Corviknight|Pressure
|move|p2a: Iron Treads|Stealth Rock|p1a: Corviknight
|-sidestart|p1: Sooswillbebeat|move: Stealth Rock
|
|upkeep
|turn|2
|
|t:|1776187356
|-end|p2a: Iron Treads|Quark Drive|[silent]
|switch|p2a: Pelipper|Pelipper, F|100/100
|-weather|RainDance|[from] ability: Drizzle|[of] p2a: Pelipper
|move|p1a: Corviknight|Defog|p2a: Pelipper
|-unboost|p2a: Pelipper|evasion|1
|-sideend|p1: Sooswillbebeat|Stealth Rock|[from] move: Defog|[of] p1a: Corviknight
|
|-weather|RainDance|[upkeep]
|upkeep
|turn|3
|inactive|Sooswillbebeat has 120 seconds left.
|
|t:|1776187376
|move|p1a: Corviknight|Brave Bird|p2a: Pelipper
|-damage|p2a: Pelipper|72/100
|-damage|p1a: Corviknight|93/100|[from] Recoil
|move|p2a: Pelipper|U-turn|p1a: Corviknight
|-resisted|p1a: Corviknight
|-damage|p1a: Corviknight|91/100
|inactive|Run2344 has 120 seconds left.
|
|t:|1776187408
|switch|p2a: Inteleon|Inteleon, F, shiny|100/100|[from] U-turn
|
|-weather|RainDance|[upkeep]
|-heal|p1a: Corviknight|98/100|[from] item: Leftovers
|upkeep
|turn|4
|
|t:|1776187415
|switch|p1a: Primarina|Primarina, F|100/100
|move|p2a: Inteleon|Snipe Shot|p1a: Primarina
|-resisted|p1a: Primarina
|-damage|p1a: Primarina|85/100
|
|-weather|RainDance|[upkeep]
|upkeep
|turn|5
|inactive|Run2344 has 120 seconds left.
|
|t:|1776187437
|switch|p2a: Toxicroak|Toxicroak, M|100/100
|move|p1a: Primarina|Flip Turn|p2a: Toxicroak
|-immune|p2a: Toxicroak|[from] ability: Dry Skin
|
|-weather|RainDance|[upkeep]
|upkeep
|turn|6
|inactive|Run2344 has 120 seconds left.
|
|t:|1776187445
|switch|p1a: Corviknight|Corviknight, M|98/100
|-ability|p1a: Corviknight|Pressure
|move|p2a: Toxicroak|Knock Off|p1a: Corviknight
|-damage|p1a: Corviknight|83/100
|-enditem|p1a: Corviknight|Leftovers|[from] move: Knock Off|[of] p2a: Toxicroak
|
|-weather|RainDance|[upkeep]
|upkeep
|turn|7
|inactive|Run2344 has 120 seconds left.
|
|t:|1776187463
|switch|p2a: Inteleon|Inteleon, F, shiny|100/100
|switch|p1a: Pecharunt|Pecharunt|100/100
|
|-weather|RainDance|[upkeep]
|upkeep
|turn|8
|
|t:|1776187471
|move|p2a: Inteleon|Snipe Shot|p1a: Pecharunt
|-damage|p1a: Pecharunt|44/100
|move|p1a: Pecharunt|Malignant Chain|p2a: Inteleon
|-damage|p2a: Inteleon|25/100
|
|-weather|RainDance|[upkeep]
|-heal|p1a: Pecharunt|50/100|[from] item: Leftovers
|upkeep
|turn|9
|
|t:|1776187480
|switch|p1a: Primarina|Primarina, F|85/100
|move|p2a: Inteleon|Snipe Shot|p1a: Primarina
|-resisted|p1a: Primarina
|-damage|p1a: Primarina|69/100
|
|-weather|none
|upkeep
|turn|10
|
|t:|1776187497
|switch|p2a: Toxicroak|Toxicroak, M|100/100
|move|p1a: Primarina|Draining Kiss|p2a: Toxicroak
|-damage|p2a: Toxicroak|64/100
|-heal|p1a: Primarina|97/100|[from] drain|[of] p2a: Toxicroak
|-damage|p1a: Primarina|80/100|[from] item: Rocky Helmet|[of] p2a: Toxicroak
|
|upkeep
|turn|11
|
|t:|1776187514
|move|p2a: Toxicroak|Toxic|p1a: Primarina
|-status|p1a: Primarina|tox
|move|p1a: Primarina|Draining Kiss|p2a: Toxicroak
|-damage|p2a: Toxicroak|26/100
|-heal|p1a: Primarina|100/100 tox|[from] drain|[of] p2a: Toxicroak
|-damage|p1a: Primarina|84/100 tox|[from] item: Rocky Helmet|[of] p2a: Toxicroak
|
|-damage|p1a: Primarina|78/100 tox|[from] psn
|upkeep
|turn|12
|
|t:|1776187521
|switch|p2a: Pelipper|Pelipper, F|72/100
|-weather|RainDance|[from] ability: Drizzle|[of] p2a: Pelipper
|switch|p1a: Corviknight|Corviknight, M|83/100
|-ability|p1a: Corviknight|Pressure
|
|-weather|RainDance|[upkeep]
|upkeep
|turn|13
|
|t:|1776187529
|move|p1a: Corviknight|Brave Bird|p2a: Pelipper
|-damage|p2a: Pelipper|46/100
|-damage|p1a: Corviknight|76/100|[from] Recoil
|move|p2a: Pelipper|U-turn|p1a: Corviknight
|-resisted|p1a: Corviknight
|-damage|p1a: Corviknight|75/100
|
|t:|1776187533
|switch|p2a: Barraskewda|Barraskewda, M|100/100|[from] U-turn
|
|-weather|RainDance|[upkeep]
|upkeep
|turn|14
|
|t:|1776187543
|-terastallize|p2a: Barraskewda|Water
|move|p2a: Barraskewda|Flip Turn|p1a: Corviknight
|-damage|p1a: Corviknight|20/100
|
|t:|1776187554
|switch|p2a: Iron Treads|Iron Treads|100/100|[from] Flip Turn
|move|p1a: Corviknight|Roost|p1a: Corviknight
|-heal|p1a: Corviknight|70/100
|-singleturn|p1a: Corviknight|move: Roost
|
|-weather|RainDance|[upkeep]
|upkeep
|turn|15
|
|t:|1776187569
|-end|p2a: Iron Treads|Quark Drive|[silent]
|switch|p2a: Tornadus|Tornadus-Therian, M|100/100
|move|p1a: Corviknight|Body Press|p2a: Tornadus
|-resisted|p2a: Tornadus
|-damage|p2a: Tornadus|86/100
|
|-weather|RainDance|[upkeep]
|upkeep
|turn|16
|
|t:|1776187579
|switch|p1a: Primarina|Primarina, F|78/100 tox
|move|p2a: Tornadus|U-turn|p1a: Primarina
|-resisted|p1a: Primarina
|-damage|p1a: Primarina|70/100 tox
|
|t:|1776187589
|switch|p2a: Barraskewda|Barraskewda, M, tera:Water|100/100|[from] U-turn
|
|-weather|RainDance|[upkeep]
|-damage|p1a: Primarina|64/100 tox|[from] psn
|upkeep
|turn|17
|
|t:|1776187595
|move|p2a: Barraskewda|Flip Turn|p1a: Primarina
|-resisted|p1a: Primarina
|-damage|p1a: Primarina|8/100 tox
|
|t:|1776187599
|switch|p2a: Iron Treads|Iron Treads|100/100|[from] Flip Turn
|move|p1a: Primarina|Draining Kiss|p2a: Iron Treads
|-resisted|p2a: Iron Treads
|-damage|p2a: Iron Treads|81/100
|-heal|p1a: Primarina|21/100 tox|[from] drain|[of] p2a: Iron Treads
|
|-weather|RainDance|[upkeep]
|-damage|p1a: Primarina|9/100 tox|[from] psn
|upkeep
|turn|18
|
|t:|1776187607
|move|p2a: Iron Treads|Stealth Rock|p1a: Primarina
|-sidestart|p1: Sooswillbebeat|move: Stealth Rock
|move|p1a: Primarina|Flip Turn|p2a: Iron Treads
|-supereffective|p2a: Iron Treads
|-damage|p2a: Iron Treads|43/100
|
|t:|1776187612
|switch|p1a: Corviknight|Corviknight, M|70/100|[from] Flip Turn
|-damage|p1a: Corviknight|57/100|[from] Stealth Rock
|-ability|p1a: Corviknight|Pressure
|
|-weather|RainDance|[upkeep]
|upkeep
|turn|19
|
|t:|1776187623
|-end|p2a: Iron Treads|Quark Drive|[silent]
|switch|p2a: Tornadus|Tornadus-Therian, M|100/100
|move|p1a: Corviknight|Defog|p2a: Tornadus
|-unboost|p2a: Tornadus|evasion|1
|-sideend|p1: Sooswillbebeat|Stealth Rock|[from] move: Defog|[of] p1a: Corviknight
|
|-weather|none
|upkeep
|turn|20
|
|t:|1776187629
|move|p2a: Tornadus|U-turn|p1a: Corviknight
|-resisted|p1a: Corviknight
|-damage|p1a: Corviknight|55/100
|
|t:|1776187638
|switch|p2a: Inteleon|Inteleon, F, shiny|25/100|[from] U-turn
|move|p1a: Corviknight|Roost|p1a: Corviknight
|-heal|p1a: Corviknight|100/100
|-singleturn|p1a: Corviknight|move: Roost
|
|upkeep
|turn|21
|
|t:|1776187655
|move|p2a: Inteleon|Snipe Shot|p1a: Corviknight
|-crit|p1a: Corviknight
|-damage|p1a: Corviknight|15/100
|move|p1a: Corviknight|Body Press|p2a: Inteleon
|-damage|p2a: Inteleon|0 fnt
|faint|p2a: Inteleon
|
|upkeep
|
|t:|1776187660
|switch|p2a: Pelipper|Pelipper, F|46/100
|-weather|RainDance|[from] ability: Drizzle|[of] p2a: Pelipper
|turn|22
|
|t:|1776187663
|move|p1a: Corviknight|Roost|p1a: Corviknight
|-heal|p1a: Corviknight|65/100
|-singleturn|p1a: Corviknight|move: Roost
|move|p2a: Pelipper|Roost|p2a: Pelipper
|-heal|p2a: Pelipper|96/100
|-singleturn|p2a: Pelipper|move: Roost
|
|-weather|RainDance|[upkeep]
|upkeep
|turn|23
|
|t:|1776187671
|move|p1a: Corviknight|Brave Bird|p2a: Pelipper
|-damage|p2a: Pelipper|67/100
|-damage|p1a: Corviknight|57/100|[from] Recoil
|move|p2a: Pelipper|U-turn|p1a: Corviknight
|-resisted|p1a: Corviknight
|-crit|p1a: Corviknight
|-damage|p1a: Corviknight|55/100
|
|t:|1776187677
|switch|p2a: Barraskewda|Barraskewda, M, tera:Water|100/100|[from] U-turn
|
|-weather|RainDance|[upkeep]
|upkeep
|turn|24
|
|t:|1776187685
|switch|p1a: Primarina|Primarina, F|9/100 tox
|move|p2a: Barraskewda|Liquidation|p1a: Primarina
|-resisted|p1a: Primarina
|-damage|p1a: Primarina|0 fnt
|faint|p1a: Primarina
|
|-weather|RainDance|[upkeep]
|upkeep
|
|t:|1776187695
|switch|p1a: Pecharunt|Pecharunt|50/100
|turn|25
|
|t:|1776187701
|move|p2a: Barraskewda|Liquidation|p1a: Pecharunt
|-damage|p1a: Pecharunt|0 fnt
|faint|p1a: Pecharunt
|
|-weather|RainDance|[upkeep]
|upkeep
|
|t:|1776187706
|switch|p1a: Kyurem|Kyurem|100/100
|-ability|p1a: Kyurem|Pressure
|turn|26
|
|t:|1776187717
|switch|p2a: Iron Treads|Iron Treads|43/100
|move|p1a: Kyurem|Freeze-Dry|p2a: Iron Treads
|-damage|p2a: Iron Treads|0 fnt
|faint|p2a: Iron Treads
|-end|p2a: Iron Treads|Quark Drive|[silent]
|-damage|p1a: Kyurem|91/100|[from] item: Life Orb
|
|-weather|RainDance|[upkeep]
|upkeep
|
|t:|1776187728
|switch|p2a: Tornadus|Tornadus-Therian, M|100/100
|turn|27
|inactive|Run2344 has 120 seconds left.
|
|t:|1776187765
|switch|p1a: Clefable|Clefable, M|100/100
|move|p2a: Tornadus|Hurricane|p1a: Clefable
|-damage|p1a: Clefable|72/100
|
|-weather|RainDance|[upkeep]
|-heal|p1a: Clefable|78/100|[from] item: Leftovers
|upkeep
|turn|28
|
|t:|1776187770
|move|p2a: Tornadus|U-turn|p1a: Clefable
|-resisted|p1a: Clefable
|-damage|p1a: Clefable|71/100
|
|t:|1776187773
|switch|p2a: Toxicroak|Toxicroak, M|26/100|[from] U-turn
|move|p1a: Clefable|Thunder Wave|p2a: Toxicroak
|-status|p2a: Toxicroak|par
|
|-weather|RainDance|[upkeep]
|-heal|p2a: Toxicroak|39/100 par|[from] ability: Dry Skin
|-heal|p1a: Clefable|77/100|[from] item: Leftovers
|upkeep
|turn|29
|
|t:|1776187784
|move|p1a: Clefable|Moonblast|p2a: Toxicroak
|-damage|p2a: Toxicroak|0 fnt
|faint|p2a: Toxicroak
|
|-weather|none
|-heal|p1a: Clefable|83/100|[from] item: Leftovers
|upkeep
|
|t:|1776187788
|switch|p2a: Pelipper|Pelipper, F|67/100
|-weather|RainDance|[from] ability: Drizzle|[of] p2a: Pelipper
|turn|30
|
|t:|1776187798
|move|p1a: Clefable|Thunder Wave|p2a: Pelipper
|-status|p2a: Pelipper|par
|move|p2a: Pelipper|U-turn|p1a: Clefable
|-resisted|p1a: Clefable
|-damage|p1a: Clefable|78/100
|
|t:|1776187801
|switch|p2a: Barraskewda|Barraskewda, M, tera:Water|100/100|[from] U-turn
|
|-weather|RainDance|[upkeep]
|-heal|p1a: Clefable|84/100|[from] item: Leftovers
|upkeep
|turn|31
|
|t:|1776187808
|move|p2a: Barraskewda|Liquidation|p1a: Clefable
|-damage|p1a: Clefable|0 fnt
|faint|p1a: Clefable
|
|-weather|RainDance|[upkeep]
|upkeep
|
|t:|1776187812
|switch|p1a: Kyurem|Kyurem|91/100
|-ability|p1a: Kyurem|Pressure
|turn|32
|
|t:|1776187828
|switch|p2a: Pelipper|Pelipper, F|67/100 par
|move|p1a: Kyurem|Freeze-Dry|p2a: Pelipper
|-supereffective|p2a: Pelipper
|-damage|p2a: Pelipper|0 fnt
|faint|p2a: Pelipper
|-damage|p1a: Kyurem|81/100|[from] item: Life Orb
|
|-weather|RainDance|[upkeep]
|upkeep
|
|t:|1776187843
|switch|p2a: Barraskewda|Barraskewda, M, tera:Water|100/100
|turn|33
|
|t:|1776187860
|switch|p1a: Corviknight|Corviknight, M|55/100
|-ability|p1a: Corviknight|Pressure
|move|p2a: Barraskewda|Close Combat|p1a: Corviknight
|-damage|p1a: Corviknight|14/100
|-unboost|p2a: Barraskewda|def|1
|-unboost|p2a: Barraskewda|spd|1
|
|-weather|RainDance|[upkeep]
|upkeep
|turn|34
|inactive|Run2344 has 120 seconds left.
|
|t:|1776187889
|move|p2a: Barraskewda|Close Combat|p1a: Corviknight
|-damage|p1a: Corviknight|0 fnt
|-unboost|p2a: Barraskewda|def|1
|-unboost|p2a: Barraskewda|spd|1
|faint|p1a: Corviknight
|
|-weather|RainDance|[upkeep]
|upkeep
|
|t:|1776187899
|switch|p1a: Ceruledge|Ceruledge, F|100/100
|turn|35
|
|t:|1776187901
|switch|p2a: Tornadus|Tornadus-Therian, M|100/100
|move|p1a: Ceruledge|Swords Dance|p1a: Ceruledge
|-boost|p1a: Ceruledge|atk|2
|
|-weather|RainDance|[upkeep]
|upkeep
|turn|36
|
|t:|1776187923
|move|p2a: Tornadus|Hurricane|p1a: Ceruledge
|-damage|p1a: Ceruledge|55/100
|move|p1a: Ceruledge|Poltergeist|p2a: Tornadus
|-activate|p2a: Tornadus|move: Poltergeist|Heavy-Duty Boots
|-damage|p2a: Tornadus|0 fnt
|faint|p2a: Tornadus
|
|-weather|RainDance|[upkeep]
|upkeep
|
|t:|1776187929
|switch|p2a: Barraskewda|Barraskewda, M, tera:Water|100/100
|turn|37
|
|t:|1776187939
|move|p1a: Ceruledge|Shadow Sneak|p2a: Barraskewda
|-damage|p2a: Barraskewda|24/100
|move|p2a: Barraskewda|Liquidation|p1a: Ceruledge
|-supereffective|p1a: Ceruledge
|-damage|p1a: Ceruledge|0 fnt
|faint|p1a: Ceruledge
|
|-weather|none
|upkeep
|
|t:|1776187949
|switch|p1a: Kyurem|Kyurem|81/100
|-ability|p1a: Kyurem|Pressure
|turn|38
|
|t:|1776187952
|move|p2a: Barraskewda|Liquidation|p1a: Kyurem
|-resisted|p1a: Kyurem
|-damage|p1a: Kyurem|38/100
|move|p1a: Kyurem|Freeze-Dry|p2a: Barraskewda
|-supereffective|p2a: Barraskewda
|-damage|p2a: Barraskewda|0 fnt
|faint|p2a: Barraskewda
|-damage|p1a: Kyurem|28/100|[from] item: Life Orb
|
|win|Sooswillbebeat
|raw|Sooswillbebeat's rating: 1396 &rarr; <strong>1416</strong><br />(+20 for winning)
|raw|Run2344's rating: 1393 &rarr; <strong>1373</strong><br />(-20 for losing)
|l|☆Run2344
|player|p2|
