|html|<div class="broadcast-blue"><strong>[Gen 9] OU is currently suspecting Tera Blast! For information on how to participate check out the <a href="https://www.smogon.com/tools/suspects/view/200">suspect thread</a>.</strong></div>
|j|☆TeraBlastGardevoir
|j|☆The Goomy
|t:|1776093560
|gametype|singles
|player|p1|TeraBlastGardevoir|giovanni|1382
|player|p2|The Goomy|preschooler|1404
|gen|9
|tier|[Gen 9] OU
|rated|
|rule|HP Percentage Mod: HP is shown in percentages
|rule|Endless Battle Clause: Forcing endless battles is banned
|rule|Species Clause: Limit one of each Pokémon
|rule|OHKO Clause: OHKO moves are banned
|rule|Evasion Items Clause: Evasion items are banned
|rule|Evasion Moves Clause: Evasion moves are banned
|rule|Evasion Abilities Clause: Evasion abilities are banned
|rule|Sleep Moves Clause: Sleep-inducing moves are banned
|clearpoke
|poke|p1|Gardevoir, F|
|poke|p1|Rillaboom, F|
|poke|p1|Hawlucha, F|
|poke|p1|Iron Moth|
|poke|p1|Landorus-Therian, M|
|poke|p1|Kingambit, F|
|poke|p2|Great Tusk|
|poke|p2|Moltres-Galar|
|poke|p2|Gholdengo|
|poke|p2|Azumarill, F|
|poke|p2|Iron Valiant|
|poke|p2|Garchomp, F|
|teampreview
|c|☆TeraBlastGardevoir|so fuckin tired of the hax
|
|t:|1776093583
|teamsize|p1|6
|teamsize|p2|6
|start
|switch|p1a: Landorus|Landorus-Therian, M|100/100
|switch|p2a: David Plomplewell|Garchomp, F|100/100
|-ability|p1a: Landorus|Intimidate|boost
|-unboost|p2a: David Plomplewell|atk|1
|turn|1
|
|t:|1776093587
|move|p2a: David Plomplewell|Stealth Rock|p1a: Landorus
|-sidestart|p1: TeraBlastGardevoir|move: Stealth Rock
|move|p1a: Landorus|Earth Power|p2a: David Plomplewell
|-damage|p2a: David Plomplewell|72/100
|
|upkeep
|turn|2
|
|t:|1776093596
|switch|p2a: Pecky|Moltres-Galar|100/100
|move|p1a: Landorus|Stealth Rock|p2a: Pecky
|-sidestart|p2: The Goomy|move: Stealth Rock
|
|upkeep
|turn|3
|
|t:|1776093608
|move|p1a: Landorus|Stone Edge|p2a: Pecky
|-supereffective|p2a: Pecky
|-damage|p2a: Pecky|24/100
|-ability|p2a: Pecky|Berserk|boost
|-boost|p2a: Pecky|spa|1
|-enditem|p2a: Pecky|Sitrus Berry|[eat]
|-heal|p2a: Pecky|49/100|[from] item: Sitrus Berry
|move|p2a: Pecky|Nasty Plot|p2a: Pecky
|-boost|p2a: Pecky|spa|2
|
|upkeep
|turn|4
|
|t:|1776093618
|move|p1a: Landorus|Stone Edge|p2a: Pecky
|-supereffective|p2a: Pecky
|-damage|p2a: Pecky|0 fnt
|faint|p2a: Pecky
|
|upkeep
|
|t:|1776093621
|switch|p2a: Great Busk|Great Tusk|100/100
|-damage|p2a: Great Busk|98/100|[from] Stealth Rock
|-enditem|p2a: Great Busk|Booster Energy
|-activate|p2a: Great Busk|ability: Protosynthesis|[fromitem]
|-start|p2a: Great Busk|protosynthesisatk
|turn|5
|
|t:|1776093625
|move|p1a: Landorus|Earth Power|p2a: Great Busk
|-damage|p2a: Great Busk|46/100
|move|p2a: Great Busk|Ice Spinner|p1a: Landorus
|-supereffective|p1a: Landorus
|-damage|p1a: Landorus|0 fnt
|-damage|p2a: Great Busk|29/100|[from] item: Rocky Helmet|[of] p1a: Landorus
|faint|p1a: Landorus
|
|upkeep
|
|t:|1776093673
|switch|p1a: Rillaboom|Rillaboom, F|100/100
|-damage|p1a: Rillaboom|88/100|[from] Stealth Rock
|-fieldstart|move: Grassy Terrain|[from] ability: Grassy Surge|[of] p1a: Rillaboom
|turn|6
|
|t:|1776093690
|move|p1a: Rillaboom|Grassy Glide|p2a: Great Busk
|-supereffective|p2a: Great Busk
|-damage|p2a: Great Busk|0 fnt
|faint|p2a: Great Busk
|-end|p2a: Great Busk|Protosynthesis|[silent]
|
|-heal|p1a: Rillaboom|94/100|[from] Grassy Terrain
|upkeep
|
|t:|1776093694
|switch|p2a: David Plomplewell|Garchomp, F|72/100
|-damage|p2a: David Plomplewell|66/100|[from] Stealth Rock
|turn|7
|
|t:|1776093721
|move|p2a: David Plomplewell|Spikes|p1a: Rillaboom
|-sidestart|p1: TeraBlastGardevoir|Spikes
|move|p1a: Rillaboom|Wood Hammer|p2a: David Plomplewell
|-damage|p2a: David Plomplewell|0 fnt
|-damage|p1a: Rillaboom|82/100|[from] ability: Rough Skin|[of] p2a: David Plomplewell
|-damage|p1a: Rillaboom|65/100|[from] item: Rocky Helmet|[of] p2a: David Plomplewell
|faint|p2a: David Plomplewell
|-damage|p1a: Rillaboom|41/100|[from] Recoil
|
|-heal|p1a: Rillaboom|47/100|[from] Grassy Terrain
|upkeep
|
|t:|1776093728
|switch|p2a: AutumnPlains|Iron Valiant|100/100
|-damage|p2a: AutumnPlains|94/100|[from] Stealth Rock
|-enditem|p2a: AutumnPlains|Booster Energy
|-activate|p2a: AutumnPlains|ability: Quark Drive|[fromitem]
|-start|p2a: AutumnPlains|quarkdrivespe
|turn|8
|
|t:|1776093758
|switch|p1a: Dopamine Dorito|Iron Moth|100/100
|-damage|p1a: Dopamine Dorito|76/100|[from] Stealth Rock
|-damage|p1a: Dopamine Dorito|63/100|[from] Spikes
|-enditem|p1a: Dopamine Dorito|Booster Energy
|-activate|p1a: Dopamine Dorito|ability: Quark Drive|[fromitem]
|-start|p1a: Dopamine Dorito|quarkdrivespe
|move|p2a: AutumnPlains|Close Combat|p1a: Dopamine Dorito
|-resisted|p1a: Dopamine Dorito
|-damage|p1a: Dopamine Dorito|22/100
|-unboost|p2a: AutumnPlains|def|1
|-unboost|p2a: AutumnPlains|spd|1
|
|-heal|p2a: AutumnPlains|100/100|[from] Grassy Terrain
|-heal|p1a: Dopamine Dorito|28/100|[from] Grassy Terrain
|upkeep
|turn|9
|
|t:|1776093764
|move|p2a: AutumnPlains|Knock Off|p1a: Dopamine Dorito
|-damage|p1a: Dopamine Dorito|0 fnt
|faint|p1a: Dopamine Dorito
|-end|p1a: Dopamine Dorito|Quark Drive|[silent]
|
|upkeep
|
|t:|1776093797
|switch|p1a: Rhapsodie|Gardevoir, F, shiny|100/100
|-damage|p1a: Rhapsodie|88/100|[from] Stealth Rock
|-damage|p1a: Rhapsodie|76/100|[from] Spikes
|-enditem|p1a: Rhapsodie|Grassy Seed
|-boost|p1a: Rhapsodie|def|1|[from] item: Grassy Seed
|turn|10
|
|t:|1776093806
|-end|p2a: AutumnPlains|Quark Drive|[silent]
|switch|p2a: Make It Elaine|Gholdengo|100/100
|-ability|p1a: Rhapsodie|Good as Gold|Trace|[from] ability: Trace|[of] p2a: Make It Elaine
|-damage|p2a: Make It Elaine|94/100|[from] Stealth Rock
|-item|p2a: Make It Elaine|Air Balloon
|move|p1a: Rhapsodie|Mystical Fire|p2a: Make It Elaine
|-supereffective|p2a: Make It Elaine
|-damage|p2a: Make It Elaine|56/100
|-unboost|p2a: Make It Elaine|spa|1
|-enditem|p2a: Make It Elaine|Air Balloon
|
|-heal|p1a: Rhapsodie|82/100|[from] Grassy Terrain
|-heal|p2a: Make It Elaine|62/100|[from] Grassy Terrain
|-fieldend|move: Grassy Terrain
|upkeep
|turn|11
|
|t:|1776093812
|move|p1a: Rhapsodie|Calm Mind|p1a: Rhapsodie
|-boost|p1a: Rhapsodie|spa|1
|-boost|p1a: Rhapsodie|spd|1
|move|p2a: Make It Elaine|Thunder Wave|p1a: Rhapsodie
|-immune|p1a: Rhapsodie|[from] ability: Good as Gold
|
|upkeep
|turn|12
|
|t:|1776093823
|move|p1a: Rhapsodie|Mystical Fire|p2a: Make It Elaine
|-supereffective|p2a: Make It Elaine
|-damage|p2a: Make It Elaine|1/100
|-unboost|p2a: Make It Elaine|spa|1
|move|p2a: Make It Elaine|Make It Rain|p1a: Rhapsodie
|-supereffective|p1a: Rhapsodie
|-damage|p1a: Rhapsodie|45/100
|-unboost|p2a: Make It Elaine|spa|1
|
|upkeep
|turn|13
|
|t:|1776093835
|move|p1a: Rhapsodie|Draining Kiss|p2a: Make It Elaine
|-resisted|p2a: Make It Elaine
|-damage|p2a: Make It Elaine|0 fnt
|-heal|p1a: Rhapsodie|45/100|[from] drain|[of] p2a: Make It Elaine
|faint|p2a: Make It Elaine
|
|upkeep
|c|☆The Goomy|That's cool -- didn't realize trace waited until an eligible ability
|
|t:|1776093852
|switch|p2a: AutumnPlains|Iron Valiant|100/100
|-damage|p2a: AutumnPlains|94/100|[from] Stealth Rock
|turn|14
|
|t:|1776093857
|-terastallize|p2a: AutumnPlains|Steel
|move|p2a: AutumnPlains|Spirit Break|p1a: Rhapsodie
|-damage|p1a: Rhapsodie|14/100
|-unboost|p1a: Rhapsodie|spa|1
|move|p1a: Rhapsodie|Draining Kiss|p2a: AutumnPlains
|-resisted|p2a: AutumnPlains
|-damage|p2a: AutumnPlains|76/100
|-heal|p1a: Rhapsodie|27/100|[from] drain|[of] p2a: AutumnPlains
|
|upkeep
|turn|15
|
|t:|1776093912
|move|p2a: AutumnPlains|Spirit Break|p1a: Rhapsodie
|-damage|p1a: Rhapsodie|0 fnt
|faint|p1a: Rhapsodie
|
|upkeep
|
|t:|1776093919
|switch|p1a: Rillaboom|Rillaboom, F|47/100
|-damage|p1a: Rillaboom|35/100|[from] Stealth Rock
|-damage|p1a: Rillaboom|23/100|[from] Spikes
|-fieldstart|move: Grassy Terrain|[from] ability: Grassy Surge|[of] p1a: Rillaboom
|turn|16
|
|t:|1776093923
|switch|p1a: Kingambitch|Kingambit, F|100/100
|-damage|p1a: Kingambitch|94/100|[from] Stealth Rock
|-damage|p1a: Kingambitch|82/100|[from] Spikes
|-activate|p1a: Kingambitch|ability: Supreme Overlord
|-start|p1a: Kingambitch|fallen3|[silent]
|move|p2a: AutumnPlains|Spirit Break|p1a: Kingambitch
|-damage|p1a: Kingambitch|51/100
|-unboost|p1a: Kingambitch|spa|1
|
|-heal|p2a: AutumnPlains|82/100|[from] Grassy Terrain
|-heal|p1a: Kingambitch|57/100|[from] Grassy Terrain
|upkeep
|turn|17
|
|t:|1776093930
|move|p1a: Kingambitch|Sucker Punch|p2a: AutumnPlains
|-damage|p2a: AutumnPlains|0 fnt
|faint|p2a: AutumnPlains
|-end|p2a: AutumnPlains|Quark Drive|[silent]
|
|-heal|p1a: Kingambitch|63/100|[from] Grassy Terrain
|upkeep
|
|t:|1776093932
|switch|p2a: Mack Mus|Azumarill, F|100/100
|-damage|p2a: Mack Mus|88/100|[from] Stealth Rock
|turn|18
|
|t:|1776093938
|move|p1a: Kingambitch|Iron Head|p2a: Mack Mus
|-damage|p2a: Mack Mus|22/100
|-enditem|p2a: Mack Mus|Sitrus Berry|[eat]
|-heal|p2a: Mack Mus|47/100|[from] item: Sitrus Berry
|move|p2a: Mack Mus|Belly Drum||[still]
|-fail|p2a: Mack Mus
|
|-heal|p1a: Kingambitch|70/100|[from] Grassy Terrain
|-heal|p2a: Mack Mus|53/100|[from] Grassy Terrain
|upkeep
|turn|19
|
|t:|1776093945
|move|p1a: Kingambitch|Iron Head|p2a: Mack Mus
|-damage|p2a: Mack Mus|0 fnt
|faint|p2a: Mack Mus
|
|win|TeraBlastGardevoir
|raw|TeraBlastGardevoir's rating: 1382 &rarr; <strong>1403</strong><br />(+21 for winning)
|raw|The Goomy's rating: 1404 &rarr; <strong>1383</strong><br />(-21 for losing)
|l|☆The Goomy
|player|p2|
|l|☆TeraBlastGardevoir
|player|p1|
