|html|<div class="broadcast-blue"><strong>[Gen 9] OU is currently suspecting Tera Blast! For information on how to participate check out the <a href="https://www.smogon.com/tools/suspects/view/200">suspect thread</a>.</strong></div>
|j|☆e63593
|j|☆eunaomeconheco
|inactive|Battle timer is ON: inactive players will automatically lose when time's up.
|t:|1776283917
|gametype|singles
|player|p1|e63593|perrin|
|player|p2|eunaomeconheco|2|
|gen|9
|tier|[Gen 9] OU
|rated|Tournament battle
|rule|HP Percentage Mod: HP is shown in percentages
|rule|Endless Battle Clause: Forcing endless battles is banned
|rule|Species Clause: Limit one of each Pokémon
|rule|OHKO Clause: OHKO moves are banned
|rule|Evasion Items Clause: Evasion items are banned
|rule|Evasion Moves Clause: Evasion moves are banned
|rule|Evasion Abilities Clause: Evasion abilities are banned
|rule|Sleep Moves Clause: Sleep-inducing moves are banned
|clearpoke
|poke|p1|Pelipper, F|
|poke|p1|Araquanid, F|
|poke|p1|Zapdos|
|poke|p1|Kingdra, F|
|poke|p1|Kingambit, M|
|poke|p1|Toedscruel, M|
|poke|p2|Primarina, M|
|poke|p2|Slowking, F|
|poke|p2|Great Tusk|
|poke|p2|Ninetales-Alola, F|
|poke|p2|Mamoswine, M|
|poke|p2|Scizor, F|
|teampreview
|inactive|e63593 also wants the timer to be on.
|c|☆eunaomeconheco|bosorte
|j| ankoro
|
|t:|1776283934
|teamsize|p1|6
|teamsize|p2|6
|start
|switch|p1a: Zapdos|Zapdos|100/100
|switch|p2a: Ninetales|Ninetales-Alola, F|100/100
|-weather|Snowscape|[from] ability: Snow Warning|[of] p2a: Ninetales
|turn|1
|
|t:|1776283938
|move|p2a: Ninetales|Freeze-Dry|p1a: Zapdos
|-supereffective|p1a: Zapdos
|-damage|p1a: Zapdos|57/100
|move|p1a: Zapdos|Volt Switch|p2a: Ninetales
|-damage|p2a: Ninetales|69/100
|c| ankoro|weather war
|c|☆eunaomeconheco|basicamente
|
|t:|1776283947
|switch|p1a: Kingambit|Kingambit, M|100/100|[from] Volt Switch
|
|-weather|Snowscape|[upkeep]
|upkeep
|turn|2
|
|t:|1776283953
|switch|p2a: Great Tusk|Great Tusk|100/100
|move|p1a: Kingambit|Iron Head|p2a: Great Tusk
|-damage|p2a: Great Tusk|71/100
|
|-weather|Snowscape|[upkeep]
|upkeep
|turn|3
|
|t:|1776283963
|-end|p2a: Great Tusk|Protosynthesis|[silent]
|switch|p2a: Slowking|Slowking, F|100/100
|-end|p1a: Kingambit|fallenundefined|[silent]
|switch|p1a: Pelipper|Pelipper, F|100/100
|-weather|RainDance|[from] ability: Drizzle|[of] p1a: Pelipper
|
|-weather|RainDance|[upkeep]
|upkeep
|turn|4
|
|t:|1776283966
|move|p1a: Pelipper|U-turn|p2a: Slowking
|-supereffective|p2a: Slowking
|-damage|p2a: Slowking|81/100
|-damage|p1a: Pelipper|84/100|[from] item: Rocky Helmet|[of] p2a: Slowking
|
|t:|1776283972
|switch|p1a: Araquanid|Araquanid, F|100/100|[from] U-turn
|-prepare|p2a: Slowking|Chilly Reception|[premajor]
|move|p2a: Slowking|Chilly Reception|p2a: Slowking
|-weather|Snowscape
|
|t:|1776283975
|switch|p2a: Ninetales|Ninetales-Alola, F|69/100|[from] Chilly Reception
|
|-weather|Snowscape|[upkeep]
|upkeep
|turn|5
|
|t:|1776283978
|move|p2a: Ninetales|Aurora Veil|p2a: Ninetales
|-sidestart|p2: eunaomeconheco|move: Aurora Veil
|move|p1a: Araquanid|Liquidation|p2a: Ninetales
|-damage|p2a: Ninetales|23/100
|
|-weather|Snowscape|[upkeep]
|upkeep
|turn|6
|
|t:|1776283982
|switch|p2a: Slowking|Slowking, F|100/100
|move|p1a: Araquanid|Liquidation|p2a: Slowking
|-resisted|p2a: Slowking
|-damage|p2a: Slowking|79/100
|-damage|p1a: Araquanid|84/100|[from] item: Rocky Helmet|[of] p2a: Slowking
|
|-weather|Snowscape|[upkeep]
|upkeep
|turn|7
|
|t:|1776283986
|switch|p1a: Pelipper|Pelipper, F|84/100
|-weather|RainDance|[from] ability: Drizzle|[of] p1a: Pelipper
|move|p2a: Slowking|Future Sight|p1a: Pelipper
|-start|p2a: Slowking|move: Future Sight
|
|-weather|RainDance|[upkeep]
|upkeep
|turn|8
|
|t:|1776283989
|switch|p1a: Kingambit|Kingambit, M|100/100
|-prepare|p2a: Slowking|Chilly Reception|[premajor]
|move|p2a: Slowking|Chilly Reception|p2a: Slowking
|-weather|Snowscape
|
|t:|1776283995
|switch|p2a: Great Tusk|Great Tusk|71/100|[from] Chilly Reception
|
|-weather|Snowscape|[upkeep]
|upkeep
|turn|9
|
|t:|1776284000
|-end|p1a: Kingambit|fallenundefined|[silent]
|switch|p1a: Zapdos|Zapdos|57/100
|move|p2a: Great Tusk|Close Combat|p1a: Zapdos
|-resisted|p1a: Zapdos
|-damage|p1a: Zapdos|37/100
|-unboost|p2a: Great Tusk|def|1
|-unboost|p2a: Great Tusk|spd|1
|-status|p2a: Great Tusk|par|[from] ability: Static|[of] p1a: Zapdos
|
|-weather|Snowscape|[upkeep]
|-end|p1a: Zapdos|move: Future Sight
|-damage|p1a: Zapdos|0 fnt
|faint|p1a: Zapdos
|upkeep
|
|t:|1776284013
|switch|p1a: Pelipper|Pelipper, F|84/100
|-weather|RainDance|[from] ability: Drizzle|[of] p1a: Pelipper
|turn|10
|
|t:|1776284018
|-end|p2a: Great Tusk|Protosynthesis|[silent]
|switch|p2a: Ninetales|Ninetales-Alola, F|23/100
|-weather|Snowscape|[from] ability: Snow Warning|[of] p2a: Ninetales
|move|p1a: Pelipper|Hurricane|p2a: Ninetales
|-damage|p2a: Ninetales|3/100
|
|-weather|Snowscape|[upkeep]
|upkeep
|turn|11
|j| TrnlMngkyShrngn
|j|+Tunderboltz
|
|t:|1776284028
|move|p2a: Ninetales|Moonblast|p1a: Pelipper
|-damage|p1a: Pelipper|41/100
|move|p1a: Pelipper|U-turn|p2a: Ninetales
|-resisted|p2a: Ninetales
|-damage|p2a: Ninetales|1/100
|l|+Tunderboltz
|
|t:|1776284032
|switch|p1a: Kingambit|Kingambit, M|100/100|[from] U-turn
|-activate|p1a: Kingambit|ability: Supreme Overlord
|-start|p1a: Kingambit|fallen1|[silent]
|
|-weather|Snowscape|[upkeep]
|upkeep
|turn|12
|c|☆eunaomeconheco|apostou o peli
|c|☆eunaomeconheco|coragem
|
|t:|1776284041
|switch|p2a: Great Tusk|Great Tusk|71/100 par
|move|p1a: Kingambit|Swords Dance|p1a: Kingambit
|-boost|p1a: Kingambit|atk|2
|
|-weather|Snowscape|[upkeep]
|-sideend|p2: eunaomeconheco|move: Aurora Veil
|upkeep
|turn|13
|
|t:|1776284049
|-terastallize|p2a: Great Tusk|Steel
|move|p1a: Kingambit|Iron Head|p2a: Great Tusk
|-resisted|p2a: Great Tusk
|-damage|p2a: Great Tusk|37/100 par
|move|p2a: Great Tusk|Close Combat|p1a: Kingambit
|-supereffective|p1a: Kingambit
|-damage|p1a: Kingambit|0 fnt
|-unboost|p2a: Great Tusk|def|1
|-unboost|p2a: Great Tusk|spd|1
|faint|p1a: Kingambit
|-end|p1a: Kingambit|fallen1|[silent]
|
|-weather|Snowscape|[upkeep]
|upkeep
|
|t:|1776284055
|switch|p1a: Toedscruel|Toedscruel, M|100/100
|turn|14
|
|t:|1776284057
|move|p1a: Toedscruel|Earth Power|p2a: Great Tusk
|-supereffective|p2a: Great Tusk
|-damage|p2a: Great Tusk|0 fnt
|faint|p2a: Great Tusk
|-end|p2a: Great Tusk|Protosynthesis|[silent]
|
|-weather|none
|upkeep
|
|t:|1776284060
|switch|p2a: Ninetales|Ninetales-Alola, F|1/100
|-weather|Snowscape|[from] ability: Snow Warning|[of] p2a: Ninetales
|turn|15
|
|t:|1776284064
|move|p2a: Ninetales|Freeze-Dry|p1a: Toedscruel
|-supereffective|p1a: Toedscruel
|-damage|p1a: Toedscruel|13/100
|move|p1a: Toedscruel|Knock Off|p2a: Ninetales
|-resisted|p2a: Ninetales
|-damage|p2a: Ninetales|0 fnt
|-enditem|p2a: Ninetales|Light Clay|[from] move: Knock Off|[of] p1a: Toedscruel
|faint|p2a: Ninetales
|
|-weather|Snowscape|[upkeep]
|upkeep
|
|t:|1776284071
|switch|p2a: Scizor|Scizor, F|100/100
|turn|16
|
|t:|1776284073
|move|p2a: Scizor|Bullet Punch|p1a: Toedscruel
|-damage|p1a: Toedscruel|0 fnt
|faint|p1a: Toedscruel
|
|-weather|Snowscape|[upkeep]
|upkeep
|
|t:|1776284076
|switch|p1a: Pelipper|Pelipper, F|41/100
|-weather|RainDance|[from] ability: Drizzle|[of] p1a: Pelipper
|turn|17
|
|t:|1776284079
|switch|p1a: Kingdra|Kingdra, F|100/100
|move|p2a: Scizor|Swords Dance|p2a: Scizor
|-boost|p2a: Scizor|atk|2
|
|-weather|RainDance|[upkeep]
|upkeep
|turn|18
|
|t:|1776284082
|move|p1a: Kingdra|Weather Ball|p2a: Scizor
|-damage|p2a: Scizor|0 fnt
|faint|p2a: Scizor
|
|-weather|RainDance|[upkeep]
|upkeep
|
|t:|1776284089
|switch|p2a: Slowking|Slowking, F|100/100
|turn|19
|
|t:|1776284091
|move|p1a: Kingdra|Weather Ball|p2a: Slowking
|-resisted|p2a: Slowking
|-damage|p2a: Slowking|61/100
|move|p2a: Slowking|Future Sight|p1a: Kingdra
|-start|p2a: Slowking|move: Future Sight
|
|-weather|RainDance|[upkeep]
|upkeep
|turn|20
|
|t:|1776284094
|move|p1a: Kingdra|Weather Ball|p2a: Slowking
|-resisted|p2a: Slowking
|-damage|p2a: Slowking|20/100
|move|p2a: Slowking|Slack Off|p2a: Slowking
|-heal|p2a: Slowking|70/100
|
|-weather|RainDance|[upkeep]
|upkeep
|turn|21
|
|t:|1776284100
|move|p1a: Kingdra|Weather Ball|p2a: Slowking
|-resisted|p2a: Slowking
|-damage|p2a: Slowking|35/100
|-prepare|p2a: Slowking|Chilly Reception|[premajor]
|move|p2a: Slowking|Chilly Reception|p2a: Slowking
|-weather|Snowscape
|
|t:|1776284104
|switch|p2a: Mamoswine|Mamoswine, M|100/100|[from] Chilly Reception
|
|-weather|Snowscape|[upkeep]
|-end|p1a: Kingdra|move: Future Sight
|-damage|p1a: Kingdra|46/100
|upkeep
|turn|22
|
|t:|1776284106
|switch|p1a: Pelipper|Pelipper, F|41/100
|-weather|RainDance|[from] ability: Drizzle|[of] p1a: Pelipper
|move|p2a: Mamoswine|Stealth Rock|p1a: Pelipper
|-sidestart|p1: e63593|move: Stealth Rock
|
|-weather|RainDance|[upkeep]
|upkeep
|turn|23
|
|t:|1776284109
|switch|p2a: Slowking|Slowking, F|68/100
|move|p1a: Pelipper|U-turn|p2a: Slowking
|-supereffective|p2a: Slowking
|-damage|p2a: Slowking|51/100
|-damage|p1a: Pelipper|25/100|[from] item: Rocky Helmet|[of] p2a: Slowking
|
|t:|1776284112
|switch|p1a: Araquanid|Araquanid, F|84/100|[from] U-turn
|-damage|p1a: Araquanid|59/100|[from] Stealth Rock
|
|-weather|RainDance|[upkeep]
|upkeep
|turn|24
|
|t:|1776284118
|move|p1a: Araquanid|Leech Life|p2a: Slowking
|-supereffective|p2a: Slowking
|-damage|p2a: Slowking|0 fnt
|-heal|p1a: Araquanid|86/100|[from] drain|[of] p2a: Slowking
|-damage|p1a: Araquanid|70/100|[from] item: Rocky Helmet|[of] p2a: Slowking
|faint|p2a: Slowking
|
|-weather|RainDance|[upkeep]
|upkeep
|
|t:|1776284125
|switch|p2a: Primarina|Primarina, M|100/100
|turn|25
|
|t:|1776284131
|switch|p1a: Pelipper|Pelipper, F|25/100
|-damage|p1a: Pelipper|0 fnt|[from] Stealth Rock
|faint|p1a: Pelipper
|move|p2a: Primarina|Moonblast|p1: Pelipper|[notarget]
|-fail|p2a: Primarina
|
|-weather|RainDance|[upkeep]
|upkeep
|
|t:|1776284135
|switch|p1a: Araquanid|Araquanid, F|70/100
|-damage|p1a: Araquanid|45/100|[from] Stealth Rock
|turn|26
|
|t:|1776284137
|-terastallize|p1a: Araquanid|Water
|move|p2a: Primarina|Moonblast|p1a: Araquanid
|-damage|p1a: Araquanid|1/100
|move|p1a: Araquanid|Liquidation|p2a: Primarina
|-resisted|p2a: Primarina
|-damage|p2a: Primarina|0 fnt
|faint|p2a: Primarina
|
|-weather|RainDance|[upkeep]
|upkeep
|
|t:|1776284143
|switch|p2a: Mamoswine|Mamoswine, M|100/100
|turn|27
|c|☆eunaomeconheco|ufff
|
|t:|1776284149
|move|p2a: Mamoswine|Ice Shard|p1a: Araquanid
|-resisted|p1a: Araquanid
|-damage|p1a: Araquanid|0 fnt
|faint|p1a: Araquanid
|
|-weather|RainDance|[upkeep]
|upkeep
|c|☆eunaomeconheco|gg wp
|
|t:|1776284151
|switch|p1a: Kingdra|Kingdra, F|46/100
|-damage|p1a: Kingdra|33/100|[from] Stealth Rock
|turn|28
|
|t:|1776284155
|move|p1a: Kingdra|Weather Ball|p2a: Mamoswine
|-supereffective|p2a: Mamoswine
|-enditem|p2a: Mamoswine|Focus Sash
|-damage|p2a: Mamoswine|1/100
|move|p2a: Mamoswine|Earthquake|p1a: Kingdra
|-damage|p1a: Kingdra|0 fnt
|faint|p1a: Kingdra
|
|win|eunaomeconheco
|n|☆e63593|e63593
|n|☆eunaomeconheco|eunaomeconheco
|n| ankoro|ankoro
|n| TrnlMngkyShrngn|trnlmngkyshrngn
