|html|<div class="broadcast-blue"><strong>[Gen 9] OU is currently suspecting Tera Blast! For information on how to participate check out the <a href="https://www.smogon.com/tools/suspects/view/200">suspect thread</a>.</strong></div>
|j|☆rilladih
|j|☆AlphaDreams
|t:|1776073786
|gametype|singles
|player|p1|rilladih|266|1349
|player|p2|AlphaDreams|caitlin|1309
|gen|9
|tier|[Gen 9] OU
|rated|
|rule|HP Percentage Mod: HP is shown in percentages
|rule|Endless Battle Clause: Forcing endless battles is banned
|rule|Species Clause: Limit one of each Pokémon
|rule|OHKO Clause: OHKO moves are banned
|rule|Evasion Items Clause: Evasion items are banned
|rule|Evasion Moves Clause: Evasion moves are banned
|rule|Evasion Abilities Clause: Evasion abilities are banned
|rule|Sleep Moves Clause: Sleep-inducing moves are banned
|clearpoke
|poke|p1|Meowscarada, M|
|poke|p1|Pecharunt|
|poke|p1|Enamorus, F|
|poke|p1|Iron Treads|
|poke|p1|Skarmory, M|
|poke|p1|Slowking, M|
|poke|p2|Samurott-Hisui, M|
|poke|p2|Iron Moth|
|poke|p2|Revavroom, M|
|poke|p2|Rotom-Wash|
|poke|p2|Raging Bolt|
|poke|p2|Enamorus, F|
|teampreview
|inactive|Battle timer is ON: inactive players will automatically lose when time's up. (requested by rilladih)
|
|t:|1776073799
|teamsize|p1|6
|teamsize|p2|6
|start
|switch|p1a: Meowscarada|Meowscarada, M|100/100
|switch|p2a: Samurott|Samurott-Hisui, M|100/100
|turn|1
|inactive|AlphaDreams has 120 seconds left.
|
|t:|1776073834
|move|p2a: Samurott|Sacred Sword|p1a: Meowscarada
|-supereffective|p1a: Meowscarada
|-damage|p1a: Meowscarada|0 fnt
|faint|p1a: Meowscarada
|
|upkeep
|
|t:|1776073852
|switch|p1a: Slowking|Slowking, M|100/100
|turn|2
|inactive|AlphaDreams has 120 seconds left.
|
|t:|1776073874
|switch|p2a: Rotom|Rotom-Wash|100/100
|move|p1a: Slowking|Future Sight|p2a: Rotom
|-start|p1a: Slowking|move: Future Sight
|
|upkeep
|turn|3
|
|t:|1776073883
|move|p2a: Rotom|Will-O-Wisp|p1a: Slowking
|-status|p1a: Slowking|brn
|move|p1a: Slowking|Psyshock|p2a: Rotom
|-damage|p2a: Rotom|78/100
|
|-heal|p2a: Rotom|85/100|[from] item: Leftovers
|-damage|p1a: Slowking|94/100 brn|[from] brn
|upkeep
|turn|4
|
|t:|1776073895
|switch|p1a: Pecharunt|Pecharunt|100/100
|move|p2a: Rotom|Volt Switch|p1a: Pecharunt
|-damage|p1a: Pecharunt|77/100
|
|t:|1776073898
|switch|p2a: Samurott|Samurott-Hisui, M|100/100|[from] Volt Switch
|
|-end|p2a: Samurott|move: Future Sight
|-immune|p2a: Samurott
|upkeep
|turn|5
|
|t:|1776073906
|switch|p1a: Skarmory|Skarmory, M|100/100
|move|p2a: Samurott|Ceaseless Edge|p1a: Skarmory
|-damage|p1a: Skarmory|75/100
|-sidestart|p1: rilladih|Spikes
|
|-heal|p1a: Skarmory|81/100|[from] item: Leftovers
|upkeep
|turn|6
|
|t:|1776073926
|switch|p2a: Iron Moth|Iron Moth|100/100
|-enditem|p2a: Iron Moth|Booster Energy
|-activate|p2a: Iron Moth|ability: Quark Drive|[fromitem]
|-start|p2a: Iron Moth|quarkdrivespe
|move|p1a: Skarmory|Iron Defense|p1a: Skarmory
|-boost|p1a: Skarmory|def|2
|
|-heal|p1a: Skarmory|87/100|[from] item: Leftovers
|upkeep
|turn|7
|
|t:|1776073930
|switch|p1a: Slowking|Slowking, M|100/100 brn
|-damage|p1a: Slowking|88/100 brn|[from] Spikes
|move|p2a: Iron Moth|Fiery Dance|p1a: Slowking
|-resisted|p1a: Slowking
|-damage|p1a: Slowking|79/100 brn
|-boost|p2a: Iron Moth|spa|1
|
|-damage|p1a: Slowking|73/100 brn|[from] brn
|upkeep
|turn|8
|
|t:|1776073935
|move|p2a: Iron Moth|Substitute|p2a: Iron Moth
|-start|p2a: Iron Moth|Substitute
|-damage|p2a: Iron Moth|76/100
|move|p1a: Slowking|Future Sight|p2a: Iron Moth
|-start|p1a: Slowking|move: Future Sight
|
|-damage|p1a: Slowking|67/100 brn|[from] brn
|upkeep
|turn|9
|
|t:|1776073940
|move|p2a: Iron Moth|Sludge Wave|p1a: Slowking
|-damage|p1a: Slowking|31/100 brn
|move|p1a: Slowking|Psyshock|p2a: Iron Moth
|-supereffective|p2a: Iron Moth
|-end|p2a: Iron Moth|Substitute
|
|-damage|p1a: Slowking|25/100 brn|[from] brn
|upkeep
|turn|10
|
|t:|1776073945
|move|p2a: Iron Moth|Substitute|p2a: Iron Moth
|-start|p2a: Iron Moth|Substitute
|-damage|p2a: Iron Moth|51/100
|move|p1a: Slowking|Psyshock|p2a: Iron Moth
|-supereffective|p2a: Iron Moth
|-end|p2a: Iron Moth|Substitute
|
|-end|p2a: Iron Moth|move: Future Sight
|-supereffective|p2a: Iron Moth
|-damage|p2a: Iron Moth|0 fnt
|faint|p2a: Iron Moth
|-end|p2a: Iron Moth|Quark Drive|[silent]
|-damage|p1a: Slowking|19/100 brn|[from] brn
|upkeep
|
|t:|1776073955
|switch|p2a: Revavroom|Revavroom, M|100/100
|-item|p2a: Revavroom|Air Balloon
|turn|11
|
|t:|1776073960
|-terastallize|p2a: Revavroom|Fire
|move|p2a: Revavroom|Shift Gear|p2a: Revavroom
|-boost|p2a: Revavroom|spe|2
|-boost|p2a: Revavroom|atk|1
|move|p1a: Slowking|Psyshock|p2a: Revavroom
|-damage|p2a: Revavroom|59/100
|-enditem|p2a: Revavroom|Air Balloon
|
|-damage|p1a: Slowking|13/100 brn|[from] brn
|upkeep
|turn|12
|
|t:|1776073969
|move|p2a: Revavroom|Gunk Shot|p1a: Slowking
|-damage|p1a: Slowking|0 fnt
|faint|p1a: Slowking
|
|upkeep
|
|t:|1776073973
|switch|p1a: Skarmory|Skarmory, M|87/100
|turn|13
|
|t:|1776073976
|move|p2a: Revavroom|Temper Flare|p1a: Skarmory
|-supereffective|p1a: Skarmory
|-damage|p1a: Skarmory|13/100
|move|p1a: Skarmory|Iron Defense|p1a: Skarmory
|-boost|p1a: Skarmory|def|2
|
|-heal|p1a: Skarmory|19/100|[from] item: Leftovers
|upkeep
|turn|14
|
|t:|1776073984
|-terastallize|p1a: Skarmory|Dragon
|move|p2a: Revavroom|Temper Flare|p1a: Skarmory
|-resisted|p1a: Skarmory
|-damage|p1a: Skarmory|10/100
|move|p1a: Skarmory|Roost|p1a: Skarmory
|-heal|p1a: Skarmory|60/100
|
|-heal|p1a: Skarmory|66/100|[from] item: Leftovers
|upkeep
|turn|15
|
|t:|1776073990
|move|p2a: Revavroom|Shift Gear|p2a: Revavroom
|-boost|p2a: Revavroom|spe|2
|-boost|p2a: Revavroom|atk|1
|move|p1a: Skarmory|Roost|p1a: Skarmory
|-heal|p1a: Skarmory|100/100
|
|upkeep
|turn|16
|
|t:|1776073995
|move|p2a: Revavroom|Gunk Shot|p1a: Skarmory|[miss]
|-miss|p2a: Revavroom|p1a: Skarmory
|move|p1a: Skarmory|Iron Defense|p1a: Skarmory
|-boost|p1a: Skarmory|def|2
|
|upkeep
|turn|17
|
|t:|1776073998
|move|p2a: Revavroom|Gunk Shot|p1a: Skarmory
|-damage|p1a: Skarmory|74/100
|move|p1a: Skarmory|Iron Defense|p1a: Skarmory
|-boost|p1a: Skarmory|def|2
|
|-heal|p1a: Skarmory|80/100|[from] item: Leftovers
|upkeep
|turn|18
|
|t:|1776074002
|move|p2a: Revavroom|High Horsepower|p1a: Skarmory
|-damage|p1a: Skarmory|70/100
|move|p1a: Skarmory|Body Press|p2a: Revavroom
|-damage|p2a: Revavroom|0 fnt
|faint|p2a: Revavroom
|
|-heal|p1a: Skarmory|76/100|[from] item: Leftovers
|upkeep
|
|t:|1776074008
|switch|p2a: Raging Bolt|Raging Bolt|100/100
|-enditem|p2a: Raging Bolt|Booster Energy
|-activate|p2a: Raging Bolt|ability: Protosynthesis|[fromitem]
|-start|p2a: Raging Bolt|protosynthesisspa
|turn|19
|
|t:|1776074015
|switch|p1a: Enamorus|Enamorus, F|100/100
|move|p2a: Raging Bolt|Thunderbolt|p1a: Enamorus
|-supereffective|p1a: Enamorus
|-damage|p1a: Enamorus|0 fnt
|faint|p1a: Enamorus
|
|upkeep
|
|t:|1776074020
|switch|p1a: Iron Treads|Iron Treads|100/100
|-damage|p1a: Iron Treads|88/100|[from] Spikes
|turn|20
|
|t:|1776074028
|-end|p2a: Raging Bolt|Protosynthesis|[silent]
|switch|p2a: Rotom|Rotom-Wash|85/100
|move|p1a: Iron Treads|Knock Off|p2a: Rotom
|-damage|p2a: Rotom|65/100
|-enditem|p2a: Rotom|Leftovers|[from] move: Knock Off|[of] p1a: Iron Treads
|
|-heal|p1a: Iron Treads|94/100|[from] item: Leftovers
|upkeep
|turn|21
|
|t:|1776074032
|-end|p1a: Iron Treads|Quark Drive|[silent]
|switch|p1a: Pecharunt|Pecharunt|77/100
|-damage|p1a: Pecharunt|64/100|[from] Spikes
|move|p2a: Rotom|Will-O-Wisp|p1a: Pecharunt|[miss]
|-miss|p2a: Rotom|p1a: Pecharunt
|
|upkeep
|turn|22
|
|t:|1776074036
|move|p1a: Pecharunt|Malignant Chain|p2a: Rotom
|-damage|p2a: Rotom|35/100
|-status|p2a: Rotom|tox
|-start|p2a: Rotom|confusion|[from] ability: Poison Puppeteer|[of] p1a: Pecharunt
|-activate|p2a: Rotom|confusion
|move|p2a: Rotom|Volt Switch|p1a: Pecharunt
|-damage|p1a: Pecharunt|37/100
|
|t:|1776074048
|switch|p2a: Enamorus|Enamorus, F|100/100|[from] Volt Switch
|
|upkeep
|turn|23
|
|t:|1776074053
|move|p2a: Enamorus|Earth Power|p1a: Pecharunt
|-supereffective|p1a: Pecharunt
|-damage|p1a: Pecharunt|0 fnt
|faint|p1a: Pecharunt
|
|upkeep
|-message|rilladih forfeited.
|
|win|AlphaDreams
|raw|rilladih's rating: 1349 &rarr; <strong>1327</strong><br />(-22 for losing)
|raw|AlphaDreams's rating: 1309 &rarr; <strong>1331</strong><br />(+22 for winning)
|l|☆rilladih
|player|p1|
|l|☆AlphaDreams
|player|p2|
