|html|<div class="broadcast-blue"><strong>[Gen 9] OU is currently suspecting Tera Blast! For information on how to participate check out the <a href="https://www.smogon.com/tools/suspects/view/200">suspect thread</a>.</strong></div>
|j|☆abate fabs
|j|☆M3XG3N54 real
|t:|1776098894
|gametype|singles
|player|p1|abate fabs|touristf|1256
|player|p2|M3XG3N54 real|102|1238
|gen|9
|tier|[Gen 9] OU
|rated|
|rule|HP Percentage Mod: HP is shown in percentages
|rule|Endless Battle Clause: Forcing endless battles is banned
|rule|Species Clause: Limit one of each Pokémon
|rule|OHKO Clause: OHKO moves are banned
|rule|Evasion Items Clause: Evasion items are banned
|rule|Evasion Moves Clause: Evasion moves are banned
|rule|Evasion Abilities Clause: Evasion abilities are banned
|rule|Sleep Moves Clause: Sleep-inducing moves are banned
|clearpoke
|poke|p1|Umbreon, F|
|poke|p1|Mandibuzz, F|
|poke|p1|Clodsire, M|
|poke|p1|Hatterene, F|
|poke|p1|Slowking, F|
|poke|p1|Crocalor, M|
|poke|p2|Iron Valiant|
|poke|p2|Great Tusk|
|poke|p2|Dragonite, F|
|poke|p2|Deoxys-Speed|
|poke|p2|Glimmora, M|
|poke|p2|Kingambit, F|
|teampreview
|inactive|Battle timer is ON: inactive players will automatically lose when time's up. (requested by abate fabs)
|j| ohko_smeargle
|
|t:|1776098899
|teamsize|p1|6
|teamsize|p2|6
|start
|switch|p1a: Checktung|Slowking, F|100/100
|switch|p2a: Deoxys|Deoxys-Speed|100/100
|-ability|p2a: Deoxys|Pressure
|turn|1
|
|t:|1776098902
|move|p2a: Deoxys|Taunt|p1a: Checktung
|-start|p1a: Checktung|move: Taunt
|move|p1a: Checktung|Scald|p2a: Deoxys
|-damage|p2a: Deoxys|52/100
|
|upkeep
|turn|2
|
|t:|1776098906
|move|p2a: Deoxys|Light Screen|p2a: Deoxys
|-sidestart|p2: M3XG3N54 real|move: Light Screen
|move|p1a: Checktung|Scald|p2a: Deoxys
|-damage|p2a: Deoxys|25/100
|
|upkeep
|turn|3
|
|t:|1776098911
|move|p2a: Deoxys|Reflect|p2a: Deoxys
|-sidestart|p2: M3XG3N54 real|Reflect
|move|p1a: Checktung|Scald|p2a: Deoxys
|-damage|p2a: Deoxys|0 fnt
|faint|p2a: Deoxys
|
|-end|p1a: Checktung|move: Taunt
|upkeep
|
|t:|1776098923
|switch|p2a: Iron Valiant|Iron Valiant|100/100
|-enditem|p2a: Iron Valiant|Booster Energy
|-activate|p2a: Iron Valiant|ability: Quark Drive|[fromitem]
|-start|p2a: Iron Valiant|quarkdrivespe
|turn|4
|
|t:|1776098949
|move|p2a: Iron Valiant|Knock Off|p1a: Checktung
|-supereffective|p1a: Checktung
|-damage|p1a: Checktung|53/100
|-enditem|p1a: Checktung|Choice Specs|[from] move: Knock Off|[of] p2a: Iron Valiant
|move|p1a: Checktung|Scald|p2a: Iron Valiant
|-damage|p2a: Iron Valiant|73/100
|
|upkeep
|turn|5
|
|t:|1776098953
|move|p2a: Iron Valiant|Knock Off|p1a: Checktung
|-supereffective|p1a: Checktung
|-damage|p1a: Checktung|23/100
|-prepare|p1a: Checktung|Chilly Reception|[premajor]
|move|p1a: Checktung|Chilly Reception|p1a: Checktung
|-weather|Snowscape
|
|t:|1776098959
|switch|p1a: Checkelung|Clodsire, M|100/100|[from] Chilly Reception
|
|-weather|Snowscape|[upkeep]
|upkeep
|turn|6
|
|t:|1776098964
|-end|p2a: Iron Valiant|Quark Drive|[silent]
|switch|p2a: Glimmora|Glimmora, M|100/100
|move|p1a: Checkelung|Stealth Rock|p2a: Glimmora
|-sidestart|p2: M3XG3N54 real|move: Stealth Rock
|
|-weather|Snowscape|[upkeep]
|upkeep
|turn|7
|
|t:|1776098973
|move|p2a: Glimmora|Mortal Spin|p1a: Checkelung
|-resisted|p1a: Checkelung
|-damage|p1a: Checkelung|99/100
|-sideend|p2: M3XG3N54 real|Stealth Rock|[from] move: Mortal Spin|[of] p2a: Glimmora
|move|p1a: Checkelung|Earthquake|p2a: Glimmora
|-supereffective|p2a: Glimmora
|-damage|p2a: Glimmora|18/100
|-activate|p2a: Glimmora|ability: Toxic Debris
|-sidestart|p1: abate fabs|move: Toxic Spikes
|
|-weather|Snowscape|[upkeep]
|-heal|p1a: Checkelung|100/100|[from] item: Leftovers
|upkeep
|turn|8
|
|t:|1776098976
|move|p2a: Glimmora|Meteor Beam||[still]
|-prepare|p2a: Glimmora|Meteor Beam
|-boost|p2a: Glimmora|spa|1
|-enditem|p2a: Glimmora|Power Herb
|-anim|p2a: Glimmora|Meteor Beam|p1a: Checkelung
|-resisted|p1a: Checkelung
|-damage|p1a: Checkelung|64/100
|move|p1a: Checkelung|Earthquake|p2a: Glimmora
|-supereffective|p2a: Glimmora
|-damage|p2a: Glimmora|0 fnt
|-activate|p2a: Glimmora|ability: Toxic Debris
|-sidestart|p1: abate fabs|move: Toxic Spikes
|faint|p2a: Glimmora
|
|-weather|Snowscape|[upkeep]
|-heal|p1a: Checkelung|70/100|[from] item: Leftovers
|upkeep
|
|t:|1776098982
|switch|p2a: Dragonite|Dragonite, F|100/100
|turn|9
|
|t:|1776098988
|move|p2a: Dragonite|Substitute|p2a: Dragonite
|-start|p2a: Dragonite|Substitute
|-damage|p2a: Dragonite|76/100
|move|p1a: Checkelung|Gunk Shot|p2a: Dragonite
|-activate|p2a: Dragonite|move: Substitute|[damage]
|
|-weather|none
|-heal|p2a: Dragonite|82/100|[from] item: Leftovers
|-heal|p1a: Checkelung|76/100|[from] item: Leftovers
|-sideend|p2: M3XG3N54 real|move: Light Screen
|upkeep
|turn|10
|
|t:|1776098991
|move|p2a: Dragonite|Dragon Dance|p2a: Dragonite
|-boost|p2a: Dragonite|atk|1
|-boost|p2a: Dragonite|spe|1
|move|p1a: Checkelung|Gunk Shot|p2a: Dragonite
|-end|p2a: Dragonite|Substitute
|
|-heal|p2a: Dragonite|88/100|[from] item: Leftovers
|-heal|p1a: Checkelung|82/100|[from] item: Leftovers
|-sideend|p2: M3XG3N54 real|Reflect
|upkeep
|turn|11
|
|t:|1776098995
|switch|p1a: Checking|Mandibuzz, F|100/100
|move|p2a: Dragonite|Substitute|p2a: Dragonite
|-start|p2a: Dragonite|Substitute
|-damage|p2a: Dragonite|63/100
|
|-heal|p2a: Dragonite|70/100|[from] item: Leftovers
|upkeep
|turn|12
|
|t:|1776099001
|-terastallize|p2a: Dragonite|Flying
|move|p2a: Dragonite|Dragon Dance|p2a: Dragonite
|-boost|p2a: Dragonite|atk|1
|-boost|p2a: Dragonite|spe|1
|move|p1a: Checking|Foul Play|p2a: Dragonite
|-end|p2a: Dragonite|Substitute
|
|-heal|p2a: Dragonite|76/100|[from] item: Leftovers
|upkeep
|turn|13
|
|t:|1776099015
|move|p2a: Dragonite|Tera Blast|p1a: Checking|[anim] Tera Blast Flying
|-damage|p1a: Checking|34/100
|move|p1a: Checking|Foul Play|p2a: Dragonite
|-crit|p2a: Dragonite
|-damage|p2a: Dragonite|0 fnt
|faint|p2a: Dragonite
|
|upkeep
|
|t:|1776099021
|switch|p2a: Great Tusk|Great Tusk|100/100
|-enditem|p2a: Great Tusk|Booster Energy
|-activate|p2a: Great Tusk|ability: Protosynthesis|[fromitem]
|-start|p2a: Great Tusk|protosynthesisspe
|turn|14
|
|t:|1776099026
|move|p2a: Great Tusk|Taunt|p1a: Checking
|-start|p1a: Checking|move: Taunt
|cant|p1a: Checking|move: Taunt|Toxic
|
|upkeep
|turn|15
|
|t:|1776099028
|move|p2a: Great Tusk|Bulk Up|p2a: Great Tusk
|-boost|p2a: Great Tusk|atk|1
|-boost|p2a: Great Tusk|def|1
|move|p1a: Checking|Foul Play|p2a: Great Tusk
|-resisted|p2a: Great Tusk
|-damage|p2a: Great Tusk|87/100
|
|upkeep
|turn|16
|
|t:|1776099031
|switch|p1a: Checkelung|Clodsire, M|82/100
|-sideend|p1: abate fabs|move: Toxic Spikes|[of] p1a: Checkelung
|move|p2a: Great Tusk|Head Smash|p1a: Checkelung
|-resisted|p1a: Checkelung
|-damage|p1a: Checkelung|47/100
|-damage|p2a: Great Tusk|68/100|[from] Recoil
|
|-heal|p1a: Checkelung|53/100|[from] item: Leftovers
|upkeep
|turn|17
|
|t:|1776099037
|move|p2a: Great Tusk|Headlong Rush|p1a: Checkelung
|-supereffective|p1a: Checkelung
|-damage|p1a: Checkelung|0 fnt
|-unboost|p2a: Great Tusk|def|1
|-unboost|p2a: Great Tusk|spd|1
|faint|p1a: Checkelung
|
|upkeep
|
|t:|1776099040
|switch|p1a: Checkaloo|Crocalor, M|100/100
|turn|18
|
|t:|1776099044
|-terastallize|p1a: Checkaloo|Flying
|move|p2a: Great Tusk|Taunt|p1a: Checkaloo
|-start|p1a: Checkaloo|move: Taunt
|cant|p1a: Checkaloo|move: Taunt|Will-O-Wisp
|
|upkeep
|turn|19
|
|t:|1776099047
|move|p2a: Great Tusk|Head Smash|p1a: Checkaloo
|-supereffective|p1a: Checkaloo
|-damage|p1a: Checkaloo|38/100
|-damage|p2a: Great Tusk|42/100|[from] Recoil
|move|p1a: Checkaloo|Fire Spin|p2a: Great Tusk
|-damage|p2a: Great Tusk|28/100
|-activate|p2a: Great Tusk|move: Fire Spin|[of] p1a: Checkaloo
|
|-damage|p2a: Great Tusk|15/100|[from] move: Fire Spin|[partiallytrapped]
|upkeep
|turn|20
|
|t:|1776099049
|move|p2a: Great Tusk|Head Smash|p1a: Checkaloo
|-supereffective|p1a: Checkaloo
|-damage|p1a: Checkaloo|0 fnt
|faint|p1a: Checkaloo
|-damage|p2a: Great Tusk|0 fnt|[from] Recoil
|faint|p2a: Great Tusk
|-end|p2a: Great Tusk|Protosynthesis|[silent]
|
|upkeep
|
|t:|1776099057
|switch|p2a: Iron Valiant|Iron Valiant|73/100
|switch|p1a: Checker|Umbreon, F|100/100
|turn|21
|
|t:|1776099060
|switch|p1a: Checking|Mandibuzz, F|34/100
|move|p2a: Iron Valiant|Taunt|p1a: Checking
|-start|p1a: Checking|move: Taunt
|
|upkeep
|turn|22
|
|t:|1776099062
|move|p2a: Iron Valiant|Moonblast|p1a: Checking
|-supereffective|p1a: Checking
|-damage|p1a: Checking|0 fnt
|faint|p1a: Checking
|
|upkeep
|
|t:|1776099064
|switch|p1a: Check|Hatterene, F|100/100
|turn|23
|
|t:|1776099066
|move|p2a: Iron Valiant|Knock Off|p1a: Check
|-damage|p1a: Check|76/100
|-enditem|p1a: Check|Leftovers|[from] move: Knock Off|[of] p2a: Iron Valiant
|move|p1a: Check|Draining Kiss|p2a: Iron Valiant
|-supereffective|p2a: Iron Valiant
|-damage|p2a: Iron Valiant|0 fnt
|-heal|p1a: Check|100/100|[from] drain|[of] p2a: Iron Valiant
|faint|p2a: Iron Valiant
|-end|p2a: Iron Valiant|Quark Drive|[silent]
|
|upkeep
|
|t:|1776099068
|switch|p2a: Kingambit|Kingambit, F|100/100
|-activate|p2a: Kingambit|ability: Supreme Overlord
|-start|p2a: Kingambit|fallen5|[silent]
|turn|24
|
|t:|1776099070
|move|p2a: Kingambit|Swords Dance|p2a: Kingambit
|-boost|p2a: Kingambit|atk|2
|move|p1a: Check|Mystical Fire|p2a: Kingambit
|-supereffective|p2a: Kingambit
|-damage|p2a: Kingambit|47/100
|-unboost|p2a: Kingambit|spa|1
|
|upkeep
|turn|25
|
|t:|1776099072
|move|p2a: Kingambit|Iron Head|p1a: Check
|-supereffective|p1a: Check
|-damage|p1a: Check|0 fnt
|faint|p1a: Check
|
|upkeep
|
|t:|1776099074
|switch|p1a: Checker|Umbreon, F|100/100
|turn|26
|
|t:|1776099078
|move|p2a: Kingambit|Low Kick|p1a: Checker
|-supereffective|p1a: Checker
|-damage|p1a: Checker|0 fnt
|faint|p1a: Checker
|
|upkeep
|
|t:|1776099080
|switch|p1a: Checktung|Slowking, F|56/100
|turn|27
|
|t:|1776099082
|move|p2a: Kingambit|Sucker Punch|p1a: Checktung
|-supereffective|p1a: Checktung
|-crit|p1a: Checktung
|-damage|p1a: Checktung|0 fnt
|faint|p1a: Checktung
|
|win|M3XG3N54 real
|raw|abate fabs's rating: 1256 &rarr; <strong>1230</strong><br />(-26 for losing)
|raw|M3XG3N54 real's rating: 1238 &rarr; <strong>1264</strong><br />(+26 for winning)
|l|☆M3XG3N54 real
|player|p2|
|l| ohko_smeargle
|l|☆abate fabs
|player|p1|
