|html|<div class="broadcast-blue"><strong>[Gen 9] OU is currently suspecting Tera Blast! For information on how to participate check out the <a href="https://www.smogon.com/tools/suspects/view/200">suspect thread</a>.</strong></div>
|j|☆arinisodekio
|j|☆seo1994
|t:|1776329535
|gametype|singles
|player|p1|arinisodekio|lance|1037
|player|p2|seo1994|2|1036
|gen|9
|tier|[Gen 9] OU
|rated|
|rule|HP Percentage Mod: HP is shown in percentages
|rule|Endless Battle Clause: Forcing endless battles is banned
|rule|Species Clause: Limit one of each Pokémon
|rule|OHKO Clause: OHKO moves are banned
|rule|Evasion Items Clause: Evasion items are banned
|rule|Evasion Moves Clause: Evasion moves are banned
|rule|Evasion Abilities Clause: Evasion abilities are banned
|rule|Sleep Moves Clause: Sleep-inducing moves are banned
|clearpoke
|poke|p1|Swampert, M|
|poke|p1|Haxorus, F|
|poke|p1|Luxray, F|
|poke|p1|Kingambit, M|
|poke|p1|Moltres|
|poke|p1|Ogerpon, F|
|poke|p2|Pelipper, M|
|poke|p2|Barraskewda, F|
|poke|p2|Kyurem|
|poke|p2|Great Tusk|
|poke|p2|Gholdengo|
|poke|p2|Raging Bolt|
|teampreview
|
|t:|1776329553
|teamsize|p1|6
|teamsize|p2|6
|start
|switch|p1a: Haxorus|Haxorus, F|100/100
|switch|p2a: Pelipper|Pelipper, M|100/100
|-ability|p1a: Haxorus|Mold Breaker
|-weather|RainDance|[from] ability: Drizzle|[of] p2a: Pelipper
|turn|1
|
|t:|1776329570
|switch|p2a: Gholdengo|Gholdengo|100/100
|move|p1a: Haxorus|Dragon Dance|p1a: Haxorus
|-boost|p1a: Haxorus|atk|1
|-boost|p1a: Haxorus|spe|1
|
|-weather|RainDance|[upkeep]
|upkeep
|turn|2
|
|t:|1776329602
|switch|p1a: Moltres|Moltres|100/100
|-terastallize|p2a: Gholdengo|Flying
|move|p2a: Gholdengo|Make It Rain|p1a: Moltres
|-resisted|p1a: Moltres
|-damage|p1a: Moltres|64/100
|-unboost|p2a: Gholdengo|spa|1
|
|-weather|RainDance|[upkeep]
|upkeep
|turn|3
|
|t:|1776329623
|switch|p2a: Raging Bolt|Raging Bolt|100/100
|move|p1a: Moltres|Heat Wave|p2a: Raging Bolt
|-resisted|p2a: Raging Bolt
|-damage|p2a: Raging Bolt|88/100
|
|-weather|RainDance|[upkeep]
|-heal|p2a: Raging Bolt|94/100|[from] item: Leftovers
|upkeep
|turn|4
|
|t:|1776329647
|-end|p2a: Raging Bolt|Protosynthesis|[silent]
|switch|p2a: Barraskewda|Barraskewda, F|100/100
|move|p1a: Moltres|Will-O-Wisp|p2a: Barraskewda
|-status|p2a: Barraskewda|brn
|
|-weather|RainDance|[upkeep]
|-damage|p2a: Barraskewda|94/100 brn|[from] brn
|upkeep
|turn|5
|
|t:|1776329667
|switch|p1a: Ogerpon|Ogerpon, F|100/100
|move|p2a: Barraskewda|Aqua Jet|p1a: Ogerpon
|-resisted|p1a: Ogerpon
|-damage|p1a: Ogerpon|83/100
|
|-weather|RainDance|[upkeep]
|-damage|p2a: Barraskewda|88/100 brn|[from] brn
|upkeep
|turn|6
|
|t:|1776329700
|switch|p2a: Gholdengo|Gholdengo, tera:Flying|100/100
|move|p1a: Ogerpon|Play Rough|p2a: Gholdengo
|-damage|p2a: Gholdengo|65/100
|
|-weather|RainDance|[upkeep]
|-heal|p2a: Gholdengo|71/100|[from] item: Leftovers
|upkeep
|turn|7
|
|t:|1776329730
|switch|p1a: Luxray|Luxray, F|100/100
|-ability|p1a: Luxray|Intimidate|boost
|-unboost|p2a: Gholdengo|atk|1
|-item|p1a: Luxray|Air Balloon
|move|p2a: Gholdengo|Recover|p2a: Gholdengo
|-heal|p2a: Gholdengo|100/100
|
|-weather|RainDance|[upkeep]
|upkeep
|turn|8
|
|t:|1776329760
|switch|p2a: Great Tusk|Great Tusk|100/100
|move|p1a: Luxray|Supercell Slam|p2a: Great Tusk
|-immune|p2a: Great Tusk
|-damage|p1a: Luxray|51/100|[from] supercellslam
|
|-weather|none
|upkeep
|turn|9
|
|t:|1776329778
|-end|p2a: Great Tusk|Protosynthesis|[silent]
|switch|p2a: Pelipper|Pelipper, M|100/100
|-weather|RainDance|[from] ability: Drizzle|[of] p2a: Pelipper
|move|p1a: Luxray|Psychic Fangs|p2a: Pelipper
|-damage|p2a: Pelipper|76/100
|
|-weather|RainDance|[upkeep]
|upkeep
|turn|10
|
|t:|1776329798
|switch|p2a: Great Tusk|Great Tusk|100/100
|move|p1a: Luxray|Psychic Fangs|p2a: Great Tusk
|-supereffective|p2a: Great Tusk
|-damage|p2a: Great Tusk|71/100
|
|-weather|RainDance|[upkeep]
|-heal|p2a: Great Tusk|77/100|[from] item: Leftovers
|upkeep
|turn|11
|
|t:|1776329817
|move|p2a: Great Tusk|Stealth Rock|p1a: Luxray
|-sidestart|p1: arinisodekio|move: Stealth Rock
|move|p1a: Luxray|Psychic Fangs|p2a: Great Tusk
|-supereffective|p2a: Great Tusk
|-damage|p2a: Great Tusk|47/100
|
|-weather|RainDance|[upkeep]
|-heal|p2a: Great Tusk|53/100|[from] item: Leftovers
|upkeep
|turn|12
|
|t:|1776329830
|move|p2a: Great Tusk|Knock Off|p1a: Luxray
|-damage|p1a: Luxray|16/100
|-enditem|p1a: Luxray|Air Balloon
|move|p1a: Luxray|Psychic Fangs|p2a: Great Tusk
|-supereffective|p2a: Great Tusk
|-damage|p2a: Great Tusk|27/100
|
|-weather|RainDance|[upkeep]
|-heal|p2a: Great Tusk|33/100|[from] item: Leftovers
|upkeep
|turn|13
|
|t:|1776329866
|-end|p2a: Great Tusk|Protosynthesis|[silent]
|switch|p2a: Barraskewda|Barraskewda, F|88/100 brn
|move|p1a: Luxray|Psychic Fangs|p2a: Barraskewda
|-damage|p2a: Barraskewda|24/100 brn
|
|-weather|RainDance|[upkeep]
|-damage|p2a: Barraskewda|18/100 brn|[from] brn
|upkeep
|turn|14
|
|t:|1776329887
|switch|p1a: Ogerpon|Ogerpon, F|83/100
|-damage|p1a: Ogerpon|71/100|[from] Stealth Rock
|move|p2a: Barraskewda|Liquidation|p1a: Ogerpon
|-resisted|p1a: Ogerpon
|-crit|p1a: Ogerpon
|-damage|p1a: Ogerpon|22/100
|
|-weather|RainDance|[upkeep]
|-damage|p2a: Barraskewda|12/100 brn|[from] brn
|upkeep
|turn|15
|
|t:|1776329904
|move|p2a: Barraskewda|Liquidation|p1a: Ogerpon
|-resisted|p1a: Ogerpon
|-damage|p1a: Ogerpon|0 fnt
|faint|p1a: Ogerpon
|
|-weather|RainDance|[upkeep]
|-damage|p2a: Barraskewda|5/100 brn|[from] brn
|upkeep
|
|t:|1776329915
|switch|p1a: Swampert|Swampert, M|100/100
|-damage|p1a: Swampert|94/100|[from] Stealth Rock
|turn|16
|
|t:|1776329928
|move|p2a: Barraskewda|Liquidation|p1a: Swampert
|-damage|p1a: Swampert|46/100
|-damage|p2a: Barraskewda|0 fnt|[from] item: Rocky Helmet|[of] p1a: Swampert
|faint|p2a: Barraskewda
|move|p1a: Swampert|Ice Punch|p2: Barraskewda|[notarget]
|-fail|p1a: Swampert
|
|-weather|none
|upkeep
|
|t:|1776329963
|switch|p2a: Gholdengo|Gholdengo, tera:Flying|100/100
|turn|17
|
|t:|1776329992
|move|p2a: Gholdengo|Shadow Ball|p1a: Swampert
|-damage|p1a: Swampert|7/100
|move|p1a: Swampert|Ice Punch|p2a: Gholdengo
|-supereffective|p2a: Gholdengo
|-damage|p2a: Gholdengo|50/100
|
|-heal|p2a: Gholdengo|56/100|[from] item: Leftovers
|upkeep
|turn|18
|
|t:|1776330017
|move|p2a: Gholdengo|Shadow Ball|p1a: Swampert
|-damage|p1a: Swampert|0 fnt
|faint|p1a: Swampert
|
|-heal|p2a: Gholdengo|62/100|[from] item: Leftovers
|upkeep
|
|t:|1776330031
|switch|p1a: Haxorus|Haxorus, F|100/100
|-damage|p1a: Haxorus|88/100|[from] Stealth Rock
|-ability|p1a: Haxorus|Mold Breaker
|turn|19
|
|t:|1776330049
|switch|p2a: Pelipper|Pelipper, M|76/100
|-weather|RainDance|[from] ability: Drizzle|[of] p2a: Pelipper
|move|p1a: Haxorus|Poison Jab|p2a: Pelipper
|-damage|p2a: Pelipper|53/100
|
|-weather|RainDance|[upkeep]
|upkeep
|turn|20
|
|t:|1776330073
|-terastallize|p1a: Haxorus|Steel
|move|p1a: Haxorus|Dragon Claw|p2a: Pelipper
|-damage|p2a: Pelipper|21/100
|move|p2a: Pelipper|U-turn|p1a: Haxorus
|-resisted|p1a: Haxorus
|-damage|p1a: Haxorus|83/100
|
|t:|1776330082
|switch|p2a: Kyurem|Kyurem|100/100|[from] U-turn
|-ability|p2a: Kyurem|Pressure
|
|-weather|RainDance|[upkeep]
|upkeep
|turn|21
|
|t:|1776330119
|move|p2a: Kyurem|Earth Power|p1a: Haxorus
|-supereffective|p1a: Haxorus
|-damage|p1a: Haxorus|0 fnt
|faint|p1a: Haxorus
|
|-weather|RainDance|[upkeep]
|upkeep
|
|t:|1776330130
|switch|p1a: Kingambit|Kingambit, M|100/100
|-damage|p1a: Kingambit|94/100|[from] Stealth Rock
|-activate|p1a: Kingambit|ability: Supreme Overlord
|-start|p1a: Kingambit|fallen3|[silent]
|turn|22
|
|t:|1776330155
|switch|p2a: Gholdengo|Gholdengo, tera:Flying|62/100
|move|p1a: Kingambit|Brick Break|p2a: Gholdengo
|-resisted|p2a: Gholdengo
|-damage|p2a: Gholdengo|41/100
|
|-weather|RainDance|[upkeep]
|-heal|p2a: Gholdengo|47/100|[from] item: Leftovers
|upkeep
|turn|23
|
|t:|1776330185
|move|p2a: Gholdengo|Recover|p2a: Gholdengo
|-heal|p2a: Gholdengo|97/100
|move|p1a: Kingambit|Poison Jab|p2a: Gholdengo
|-crit|p2a: Gholdengo
|-damage|p2a: Gholdengo|37/100
|-status|p2a: Gholdengo|psn
|
|-weather|RainDance|[upkeep]
|-heal|p2a: Gholdengo|43/100 psn|[from] item: Leftovers
|-damage|p2a: Gholdengo|31/100 psn|[from] psn
|upkeep
|turn|24
|
|t:|1776330196
|move|p2a: Gholdengo|Recover|p2a: Gholdengo
|-heal|p2a: Gholdengo|81/100 psn
|move|p1a: Kingambit|Poison Jab|p2a: Gholdengo
|-damage|p2a: Gholdengo|38/100 psn
|
|-weather|RainDance|[upkeep]
|-heal|p2a: Gholdengo|44/100 psn|[from] item: Leftovers
|-damage|p2a: Gholdengo|31/100 psn|[from] psn
|upkeep
|turn|25
|
|t:|1776330208
|move|p2a: Gholdengo|Recover|p2a: Gholdengo
|-heal|p2a: Gholdengo|81/100 psn
|move|p1a: Kingambit|Poison Jab|p2a: Gholdengo
|-damage|p2a: Gholdengo|41/100 psn
|
|-weather|RainDance|[upkeep]
|-heal|p2a: Gholdengo|47/100 psn|[from] item: Leftovers
|-damage|p2a: Gholdengo|35/100 psn|[from] psn
|upkeep
|turn|26
|
|t:|1776330235
|move|p2a: Gholdengo|Recover|p2a: Gholdengo
|-heal|p2a: Gholdengo|85/100 psn
|move|p1a: Kingambit|Poison Jab|p2a: Gholdengo
|-damage|p2a: Gholdengo|47/100 psn
|
|-weather|none
|-heal|p2a: Gholdengo|53/100 psn|[from] item: Leftovers
|-damage|p2a: Gholdengo|40/100 psn|[from] psn
|upkeep
|turn|27
|
|t:|1776330245
|move|p2a: Gholdengo|Recover|p2a: Gholdengo
|-heal|p2a: Gholdengo|90/100 psn
|move|p1a: Kingambit|Poison Jab|p2a: Gholdengo
|-damage|p2a: Gholdengo|47/100 psn
|
|-heal|p2a: Gholdengo|53/100 psn|[from] item: Leftovers
|-damage|p2a: Gholdengo|41/100 psn|[from] psn
|upkeep
|turn|28
|
|t:|1776330261
|-end|p1a: Kingambit|fallen3|[silent]
|switch|p1a: Luxray|Luxray, F|16/100
|-damage|p1a: Luxray|3/100|[from] Stealth Rock
|-ability|p1a: Luxray|Intimidate|boost
|-unboost|p2a: Gholdengo|atk|1
|move|p2a: Gholdengo|Recover|p2a: Gholdengo
|-heal|p2a: Gholdengo|91/100 psn
|
|-heal|p2a: Gholdengo|97/100 psn|[from] item: Leftovers
|-damage|p2a: Gholdengo|85/100 psn|[from] psn
|upkeep
|turn|29
|
|t:|1776330275
|move|p2a: Gholdengo|Shadow Ball|p1a: Luxray
|-damage|p1a: Luxray|0 fnt
|faint|p1a: Luxray
|
|-heal|p2a: Gholdengo|91/100 psn|[from] item: Leftovers
|-damage|p2a: Gholdengo|78/100 psn|[from] psn
|upkeep
|
|t:|1776330288
|switch|p1a: Moltres|Moltres|64/100
|-damage|p1a: Moltres|14/100|[from] Stealth Rock
|turn|30
|
|t:|1776330303
|move|p2a: Gholdengo|Shadow Ball|p1a: Moltres
|-damage|p1a: Moltres|0 fnt
|faint|p1a: Moltres
|
|-heal|p2a: Gholdengo|84/100 psn|[from] item: Leftovers
|-damage|p2a: Gholdengo|72/100 psn|[from] psn
|upkeep
|
|t:|1776330311
|switch|p1a: Kingambit|Kingambit, M|94/100
|-damage|p1a: Kingambit|88/100|[from] Stealth Rock
|-activate|p1a: Kingambit|ability: Supreme Overlord
|-start|p1a: Kingambit|fallen5|[silent]
|turn|31
|
|t:|1776330324
|move|p2a: Gholdengo|Shadow Ball|p1a: Kingambit
|-resisted|p1a: Kingambit
|-damage|p1a: Kingambit|75/100
|move|p1a: Kingambit|Poison Jab|p2a: Gholdengo
|-damage|p2a: Gholdengo|24/100 psn
|
|-heal|p2a: Gholdengo|30/100 psn|[from] item: Leftovers
|-damage|p2a: Gholdengo|18/100 psn|[from] psn
|upkeep
|turn|32
|
|t:|1776330342
|move|p2a: Gholdengo|Shadow Ball|p1a: Kingambit
|-resisted|p1a: Kingambit
|-damage|p1a: Kingambit|62/100
|move|p1a: Kingambit|Poison Jab|p2a: Gholdengo
|-damage|p2a: Gholdengo|0 fnt
|faint|p2a: Gholdengo
|
|upkeep
|
|t:|1776330360
|switch|p2a: Raging Bolt|Raging Bolt|94/100
|turn|33
|
|t:|1776330372
|move|p2a: Raging Bolt|Thunderclap|p1a: Kingambit
|-damage|p1a: Kingambit|33/100
|move|p1a: Kingambit|Sucker Punch||[still]
|-fail|p1a: Kingambit
|
|-heal|p2a: Raging Bolt|99/100|[from] item: Leftovers
|upkeep
|turn|34
|-message|arinisodekio forfeited.
|
|win|seo1994
|raw|arinisodekio's rating: 1037 &rarr; <strong>1021</strong><br />(-16 for losing)
|raw|seo1994's rating: 1036 &rarr; <strong>1071</strong><br />(+35 for winning)
|l|☆arinisodekio
|player|p1|
