|html|<div class="broadcast-blue"><strong>[Gen 9] OU is currently suspecting Volcarona! For information on how to participate check out the <a href="https://www.smogon.com/tools/suspects/view/208">suspect thread</a>.</strong></div>
|j|☆uncle brown
|j|☆muskat-mix
|t:|1778502624
|gametype|singles
|player|p1|uncle brown|102|1473
|player|p2|muskat-mix|102|1492
|gen|9
|tier|[Gen 9] OU
|rated|
|rule|HP Percentage Mod: HP is shown in percentages
|rule|Endless Battle Clause: Forcing endless battles is banned
|rule|Species Clause: Limit one of each Pokémon
|rule|OHKO Clause: OHKO moves are banned
|rule|Evasion Items Clause: Evasion items are banned
|rule|Evasion Moves Clause: Evasion moves are banned
|rule|Evasion Abilities Clause: Evasion abilities are banned
|rule|Sleep Moves Clause: Sleep-inducing moves are banned
|clearpoke
|poke|p1|Hatterene, F|
|poke|p1|Iron Moth|
|poke|p1|Great Tusk|
|poke|p1|Ogerpon-Wellspring, F|
|poke|p1|Ting-Lu|
|poke|p1|Tornadus-Therian, M|
|poke|p2|Alomomola, F|
|poke|p2|Pecharunt|
|poke|p2|Great Tusk|
|poke|p2|Lokix, F|
|poke|p2|Iron Crown|
|poke|p2|Enamorus, F|
|teampreview
|inactive|Battle timer is ON: inactive players will automatically lose when time's up. (requested by muskat-mix)
|
|t:|1778502637
|teamsize|p1|6
|teamsize|p2|6
|start
|switch|p1a: Ogerpon|Ogerpon-Wellspring, F|100/100
|switch|p2a: Iron Crown|Iron Crown|100/100
|turn|1
|
|t:|1778502643
|move|p2a: Iron Crown|Volt Switch|p1a: Ogerpon
|-damage|p1a: Ogerpon|63/100
|
|t:|1778502646
|-end|p2a: Iron Crown|Quark Drive|[silent]
|switch|p2a: Pecharunt|Pecharunt|100/100|[from] Volt Switch
|move|p1a: Ogerpon|Knock Off|p2a: Pecharunt
|-supereffective|p2a: Pecharunt
|-damage|p2a: Pecharunt|58/100
|-damage|p1a: Ogerpon|46/100|[from] item: Rocky Helmet|[of] p2a: Pecharunt
|-enditem|p2a: Pecharunt|Rocky Helmet|[from] move: Knock Off|[of] p1a: Ogerpon
|
|upkeep
|turn|2
|
|t:|1778502650
|move|p1a: Ogerpon|U-turn|p2a: Pecharunt
|-resisted|p2a: Pecharunt
|-damage|p2a: Pecharunt|54/100
|
|t:|1778502654
|switch|p1a: Iron Moth|Iron Moth, shiny|100/100|[from] U-turn
|-item|p1a: Iron Moth|Air Balloon
|move|p2a: Pecharunt|Recover|p2a: Pecharunt
|-heal|p2a: Pecharunt|100/100
|
|upkeep
|turn|3
|
|t:|1778502660
|switch|p2a: Alomomola|Alomomola, F|100/100
|move|p1a: Iron Moth|Fiery Dance|p2a: Alomomola
|-resisted|p2a: Alomomola
|-damage|p2a: Alomomola|89/100
|-boost|p1a: Iron Moth|spa|1
|
|upkeep
|turn|4
|
|t:|1778502663
|move|p1a: Iron Moth|Toxic|p2a: Alomomola
|-status|p2a: Alomomola|tox
|move|p2a: Alomomola|Flip Turn|p1a: Iron Moth
|-supereffective|p1a: Iron Moth
|-damage|p1a: Iron Moth|42/100
|-enditem|p1a: Iron Moth|Air Balloon
|
|t:|1778502665
|switch|p2a: Lokix|Lokix, F|100/100|[from] Flip Turn
|
|upkeep
|turn|5
|
|t:|1778502670
|-end|p1a: Iron Moth|Quark Drive|[silent]
|switch|p1a: Great Tusk|Great Tusk|100/100
|-terastallize|p2a: Lokix|Bug
|move|p2a: Lokix|First Impression|p1a: Great Tusk
|-resisted|p1a: Great Tusk
|-damage|p1a: Great Tusk|33/100
|-damage|p2a: Lokix|84/100|[from] item: Rocky Helmet|[of] p1a: Great Tusk
|
|upkeep
|turn|6
|
|t:|1778502675
|switch|p2a: Enamorus|Enamorus, F|100/100
|move|p1a: Great Tusk|Stealth Rock|p2a: Enamorus
|-sidestart|p2: muskat-mix|move: Stealth Rock
|
|upkeep
|turn|7
|
|t:|1778502683
|-end|p1a: Great Tusk|Protosynthesis|[silent]
|switch|p1a: Hatterene|Hatterene, F, shiny|100/100
|move|p2a: Enamorus|Earth Power|p1a: Hatterene
|-damage|p1a: Hatterene|65/100
|
|-heal|p1a: Hatterene|71/100|[from] item: Leftovers
|upkeep
|turn|8
|
|t:|1778502692
|switch|p2a: Alomomola|Alomomola, F|100/100 tox
|-damage|p2a: Alomomola|88/100 tox|[from] Stealth Rock
|move|p1a: Hatterene|Nuzzle|p2a: Alomomola
|-supereffective|p2a: Alomomola
|-damage|p2a: Alomomola|82/100 tox
|
|-heal|p1a: Hatterene|77/100|[from] item: Leftovers
|-damage|p2a: Alomomola|76/100 tox|[from] psn
|upkeep
|turn|9
|
|t:|1778502695
|switch|p1a: Ogerpon|Ogerpon-Wellspring, F|46/100
|move|p2a: Alomomola|Flip Turn|p1a: Ogerpon
|-heal|p1a: Ogerpon|71/100|[from] ability: Water Absorb|[of] p2a: Alomomola
|
|-damage|p2a: Alomomola|64/100 tox|[from] psn
|upkeep
|turn|10
|
|t:|1778502701
|switch|p2a: Pecharunt|Pecharunt|100/100
|-damage|p2a: Pecharunt|88/100|[from] Stealth Rock
|move|p1a: Ogerpon|Knock Off|p2a: Pecharunt
|-supereffective|p2a: Pecharunt
|-damage|p2a: Pecharunt|62/100
|
|upkeep
|turn|11
|
|t:|1778502705
|switch|p1a: Iron Moth|Iron Moth, shiny|42/100
|move|p2a: Pecharunt|Malignant Chain|p1a: Iron Moth
|-resisted|p1a: Iron Moth
|-damage|p1a: Iron Moth|25/100
|
|upkeep
|turn|12
|
|t:|1778502711
|-end|p1a: Iron Moth|Quark Drive|[silent]
|switch|p1a: Ogerpon|Ogerpon-Wellspring, F|71/100
|switch|p2a: Alomomola|Alomomola, F|97/100 tox
|-damage|p2a: Alomomola|85/100 tox|[from] Stealth Rock
|
|-damage|p2a: Alomomola|78/100 tox|[from] psn
|upkeep
|turn|13
|
|t:|1778502718
|move|p1a: Ogerpon|Spikes|p2a: Alomomola
|-sidestart|p2: muskat-mix|Spikes
|move|p2a: Alomomola|Play Rough|p1a: Ogerpon|[miss]
|-miss|p2a: Alomomola|p1a: Ogerpon
|
|-damage|p2a: Alomomola|66/100 tox|[from] psn
|upkeep
|turn|14
|
|t:|1778502722
|switch|p2a: Pecharunt|Pecharunt|62/100
|-damage|p2a: Pecharunt|49/100|[from] Stealth Rock
|-damage|p2a: Pecharunt|37/100|[from] Spikes
|move|p1a: Ogerpon|Knock Off|p2a: Pecharunt
|-supereffective|p2a: Pecharunt
|-damage|p2a: Pecharunt|13/100
|
|upkeep
|turn|15
|
|t:|1778502725
|move|p1a: Ogerpon|Ivy Cudgel|p2a: Pecharunt|[anim] Ivy Cudgel Water
|-damage|p2a: Pecharunt|0 fnt
|faint|p2a: Pecharunt
|
|upkeep
|
|t:|1778502729
|switch|p2a: Lokix|Lokix, F, tera:Bug|84/100
|-damage|p2a: Lokix|59/100|[from] Stealth Rock
|-damage|p2a: Lokix|47/100|[from] Spikes
|turn|16
|
|t:|1778502733
|switch|p1a: Great Tusk|Great Tusk|33/100
|move|p2a: Lokix|Leech Life|p1a: Great Tusk
|-resisted|p1a: Great Tusk
|-damage|p1a: Great Tusk|0 fnt
|-heal|p2a: Lokix|68/100|[from] drain|[of] p1a: Great Tusk
|-damage|p2a: Lokix|51/100|[from] item: Rocky Helmet|[of] p1a: Great Tusk
|faint|p1a: Great Tusk
|-end|p1a: Great Tusk|Protosynthesis|[silent]
|
|upkeep
|
|t:|1778502741
|switch|p1a: Tornadus|Tornadus-Therian, M|100/100
|turn|17
|
|t:|1778502744
|switch|p2a: Alomomola|Alomomola, F|99/100 tox
|-damage|p2a: Alomomola|87/100 tox|[from] Stealth Rock
|-damage|p2a: Alomomola|75/100 tox|[from] Spikes
|move|p1a: Tornadus|Nasty Plot|p1a: Tornadus
|-boost|p1a: Tornadus|spa|2
|
|-damage|p2a: Alomomola|68/100 tox|[from] psn
|upkeep
|turn|18
|
|t:|1778502747
|move|p1a: Tornadus|Nasty Plot|p1a: Tornadus
|-boost|p1a: Tornadus|spa|2
|move|p2a: Alomomola|Mirror Coat||[still]
|-fail|p2a: Alomomola
|
|-damage|p2a: Alomomola|56/100 tox|[from] psn
|upkeep
|turn|19
|
|t:|1778502751
|move|p1a: Tornadus|Nasty Plot|p1a: Tornadus
|-boost|p1a: Tornadus|spa|2
|move|p2a: Alomomola|Flip Turn|p1a: Tornadus
|-damage|p1a: Tornadus|77/100
|
|t:|1778502754
|switch|p2a: Lokix|Lokix, F, tera:Bug|51/100|[from] Flip Turn
|-damage|p2a: Lokix|26/100|[from] Stealth Rock
|-damage|p2a: Lokix|14/100|[from] Spikes
|
|upkeep
|turn|20
|
|t:|1778502757
|switch|p1a: Iron Moth|Iron Moth, shiny|25/100
|move|p2a: Lokix|First Impression|p1a: Iron Moth
|-resisted|p1a: Iron Moth
|-damage|p1a: Iron Moth|0 fnt
|faint|p1a: Iron Moth
|-end|p1a: Iron Moth|Quark Drive|[silent]
|
|upkeep
|
|t:|1778502763
|switch|p1a: Tornadus|Tornadus-Therian, M|100/100
|turn|21
|
|t:|1778502765
|switch|p2a: Alomomola|Alomomola, F|89/100 tox
|-damage|p2a: Alomomola|77/100 tox|[from] Stealth Rock
|-damage|p2a: Alomomola|65/100 tox|[from] Spikes
|move|p1a: Tornadus|Nasty Plot|p1a: Tornadus
|-boost|p1a: Tornadus|spa|2
|
|-damage|p2a: Alomomola|59/100 tox|[from] psn
|upkeep
|turn|22
|
|t:|1778502768
|move|p1a: Tornadus|Nasty Plot|p1a: Tornadus
|-boost|p1a: Tornadus|spa|2
|move|p2a: Alomomola|Flip Turn|p1a: Tornadus
|-damage|p1a: Tornadus|78/100
|
|t:|1778502771
|switch|p2a: Enamorus|Enamorus, F|100/100|[from] Flip Turn
|-damage|p2a: Enamorus|76/100|[from] Stealth Rock
|
|upkeep
|turn|23
|
|t:|1778502781
|move|p2a: Enamorus|Healing Wish|p2a: Enamorus
|faint|p2a: Enamorus
|move|p1a: Tornadus|Bleakwind Storm|p2: Enamorus|[notarget]
|-fail|p1a: Tornadus
|
|upkeep
|
|t:|1778502785
|switch|p2a: Lokix|Lokix, F, tera:Bug|14/100
|-heal|p2a: Lokix|100/100|[from] move: Healing Wish
|-damage|p2a: Lokix|75/100|[from] Stealth Rock
|-damage|p2a: Lokix|63/100|[from] Spikes
|turn|24
|
|t:|1778502790
|switch|p1a: Hatterene|Hatterene, F, shiny|77/100
|move|p2a: Lokix|First Impression|p1a: Hatterene
|-damage|p1a: Hatterene|4/100
|
|-heal|p1a: Hatterene|10/100|[from] item: Leftovers
|upkeep
|turn|25
|
|t:|1778502795
|switch|p2a: Great Tusk|Great Tusk|100/100
|move|p1a: Hatterene|Pain Split|p2a: Great Tusk
|-sethp|p2a: Great Tusk|54/100|[from] move: Pain Split|[silent]
|-sethp|p1a: Hatterene|64/100|[from] move: Pain Split
|
|-heal|p1a: Hatterene|70/100|[from] item: Leftovers
|upkeep
|turn|26
|
|t:|1778502801
|move|p2a: Great Tusk|Rapid Spin|p1a: Hatterene
|-damage|p1a: Hatterene|56/100
|-boost|p2a: Great Tusk|spe|1
|-sideend|p2: muskat-mix|Spikes|[from] move: Rapid Spin|[of] p2a: Great Tusk
|-sideend|p2: muskat-mix|Stealth Rock|[from] move: Rapid Spin|[of] p2a: Great Tusk
|move|p1a: Hatterene|Draining Kiss|p2a: Great Tusk
|-supereffective|p2a: Great Tusk
|-damage|p2a: Great Tusk|0 fnt
|-heal|p1a: Hatterene|100/100|[from] drain|[of] p2a: Great Tusk
|faint|p2a: Great Tusk
|-end|p2a: Great Tusk|Protosynthesis|[silent]
|
|upkeep
|
|t:|1778502807
|switch|p2a: Lokix|Lokix, F, tera:Bug|63/100
|turn|27
|
|t:|1778502810
|move|p2a: Lokix|Knock Off|p1a: Hatterene
|-damage|p1a: Hatterene|47/100
|-enditem|p1a: Hatterene|Leftovers|[from] move: Knock Off|[of] p2a: Lokix
|move|p1a: Hatterene|Nuzzle|p2a: Lokix
|-damage|p2a: Lokix|58/100
|-status|p2a: Lokix|par
|
|upkeep
|turn|28
|
|t:|1778502817
|switch|p2a: Iron Crown|Iron Crown|100/100
|move|p1a: Hatterene|Future Sight|p2a: Iron Crown
|-start|p1a: Hatterene|move: Future Sight
|
|upkeep
|turn|29
|
|t:|1778502823
|switch|p1a: Ting-Lu|Ting-Lu|100/100
|-ability|p1a: Ting-Lu|Vessel of Ruin
|move|p2a: Iron Crown|Tachyon Cutter|p1a: Ting-Lu
|-damage|p1a: Ting-Lu|85/100
|-damage|p1a: Ting-Lu|68/100
|-hitcount|p1a: Ting-Lu|2
|
|-heal|p1a: Ting-Lu|74/100|[from] item: Leftovers
|upkeep
|turn|30
|
|t:|1778502828
|-end|p2a: Iron Crown|Quark Drive|[silent]
|switch|p2a: Lokix|Lokix, F, tera:Bug|58/100 par
|move|p1a: Ting-Lu|Earthquake|p2a: Lokix
|-resisted|p2a: Lokix
|-damage|p2a: Lokix|30/100 par
|
|-end|p2a: Lokix|move: Future Sight
|-damage|p2a: Lokix|0 fnt
|faint|p2a: Lokix
|-heal|p1a: Ting-Lu|80/100|[from] item: Leftovers
|upkeep
|
|t:|1778502832
|switch|p2a: Alomomola|Alomomola, F|92/100 tox
|turn|31
|
|t:|1778502835
|switch|p1a: Ogerpon|Ogerpon-Wellspring, F|71/100
|move|p2a: Alomomola|Scald|p1a: Ogerpon
|-heal|p1a: Ogerpon|96/100|[from] ability: Water Absorb|[of] p2a: Alomomola
|
|-damage|p2a: Alomomola|86/100 tox|[from] psn
|upkeep
|turn|32
|-message|muskat-mix forfeited.
|
|win|uncle brown
|raw|uncle brown's rating: 1473 &rarr; <strong>1494</strong><br />(+21 for winning)
|raw|muskat-mix's rating: 1492 &rarr; <strong>1471</strong><br />(-21 for losing)
|l|☆muskat-mix
|player|p2|
