|html|<div class="broadcast-blue"><strong>[Gen 9] OU is currently suspecting Tera Blast! For information on how to participate check out the <a href="https://www.smogon.com/tools/suspects/view/200">suspect thread</a>.</strong></div>
|j|☆mothfox
|j|‽nukeman2000
|t:|1776131975
|gametype|singles
|player|p1|mothfox|colress|1214
|player|p2|nukeman2000|170|1259
|gen|9
|tier|[Gen 9] OU
|rated|
|rule|HP Percentage Mod: HP is shown in percentages
|rule|Endless Battle Clause: Forcing endless battles is banned
|rule|Species Clause: Limit one of each Pokémon
|rule|OHKO Clause: OHKO moves are banned
|rule|Evasion Items Clause: Evasion items are banned
|rule|Evasion Moves Clause: Evasion moves are banned
|rule|Evasion Abilities Clause: Evasion abilities are banned
|rule|Sleep Moves Clause: Sleep-inducing moves are banned
|clearpoke
|poke|p1|Dragonite, M|
|poke|p1|Clefable, F|
|poke|p1|Gliscor, F|
|poke|p1|Gholdengo|
|poke|p1|Zamazenta-*|
|poke|p1|Iron Moth|
|poke|p2|Blaziken, F|
|poke|p2|Gliscor, F|
|poke|p2|Gengar, F|
|poke|p2|Kleavor, M|
|poke|p2|Dragonite, M|
|poke|p2|Zapdos|
|teampreview
|inactive|Battle timer is ON: inactive players will automatically lose when time's up. (requested by mothfox)
|
|t:|1776131987
|teamsize|p1|6
|teamsize|p2|6
|start
|switch|p1a: Clefable|Clefable, F|100/100
|switch|p2a: Zapdos|Zapdos|100/100
|turn|1
|inactive|nukeman2000 has 120 seconds left.
|
|t:|1776132035
|move|p2a: Zapdos|Hurricane|p1a: Clefable
|-damage|p1a: Clefable|21/100
|-start|p1a: Clefable|confusion
|-activate|p1a: Clefable|confusion
|move|p1a: Clefable|Stealth Rock|p2a: Zapdos
|-sidestart|p2: nukeman2000|move: Stealth Rock
|
|upkeep
|turn|2
|
|t:|1776132056
|move|p2a: Zapdos|Hurricane|p1a: Clefable
|-damage|p1a: Clefable|0 fnt
|faint|p1a: Clefable
|
|upkeep
|
|t:|1776132069
|switch|p1a: Gliscor|Gliscor, F|100/100
|turn|3
|
|t:|1776132074
|move|p1a: Gliscor|Protect|p1a: Gliscor
|-singleturn|p1a: Gliscor|Protect
|move|p2a: Zapdos|Hurricane|p1a: Gliscor
|-activate|p1a: Gliscor|move: Protect
|
|-status|p1a: Gliscor|tox|[from] item: Toxic Orb
|upkeep
|turn|4
|
|t:|1776132083
|move|p2a: Zapdos|Hurricane|p1a: Gliscor
|-damage|p1a: Gliscor|23/100 tox
|move|p1a: Gliscor|Toxic|p2a: Zapdos
|-status|p2a: Zapdos|tox
|
|-damage|p2a: Zapdos|94/100 tox|[from] psn
|-heal|p1a: Gliscor|35/100 tox|[from] ability: Poison Heal
|upkeep
|turn|5
|
|t:|1776132095
|switch|p2a: Kleavor|Kleavor, M|100/100
|-damage|p2a: Kleavor|76/100|[from] Stealth Rock
|move|p1a: Gliscor|Protect||[still]
|-fail|p1a: Gliscor
|
|-heal|p1a: Gliscor|48/100 tox|[from] ability: Poison Heal
|upkeep
|turn|6
|
|t:|1776132105
|move|p2a: Kleavor|Stone Axe|p1a: Gliscor
|-damage|p1a: Gliscor|0 fnt
|-sidestart|p1: mothfox|move: Stealth Rock
|faint|p1a: Gliscor
|
|upkeep
|
|t:|1776132112
|switch|p1a: Zamazenta|Zamazenta|100/100
|-damage|p1a: Zamazenta|94/100|[from] Stealth Rock
|-ability|p1a: Zamazenta|Dauntless Shield|boost
|-boost|p1a: Zamazenta|def|1
|turn|7
|
|t:|1776132122
|switch|p2a: Gliscor|Gliscor, F|100/100
|-damage|p2a: Gliscor|88/100|[from] Stealth Rock
|move|p1a: Zamazenta|Crunch|p2a: Gliscor
|-damage|p2a: Gliscor|74/100
|-unboost|p2a: Gliscor|def|1
|
|-heal|p1a: Zamazenta|100/100|[from] item: Leftovers
|-status|p2a: Gliscor|tox|[from] item: Toxic Orb
|upkeep
|turn|8
|
|t:|1776132132
|move|p1a: Zamazenta|Crunch|p2a: Gliscor
|-damage|p2a: Gliscor|54/100 tox
|-unboost|p2a: Gliscor|def|1
|move|p2a: Gliscor|Toxic|p1a: Zamazenta
|-status|p1a: Zamazenta|tox
|
|-damage|p1a: Zamazenta|94/100 tox|[from] psn
|-heal|p2a: Gliscor|66/100 tox|[from] ability: Poison Heal
|upkeep
|turn|9
|
|t:|1776132142
|move|p2a: Gliscor|Protect|p2a: Gliscor
|-singleturn|p2a: Gliscor|Protect
|move|p1a: Zamazenta|Crunch|p2a: Gliscor
|-activate|p2a: Gliscor|move: Protect
|
|-heal|p1a: Zamazenta|100/100 tox|[from] item: Leftovers
|-damage|p1a: Zamazenta|88/100 tox|[from] psn
|-heal|p2a: Gliscor|78/100 tox|[from] ability: Poison Heal
|upkeep
|turn|10
|
|t:|1776132153
|switch|p1a: Juniper|Iron Moth|100/100
|-damage|p1a: Juniper|76/100|[from] Stealth Rock
|-enditem|p1a: Juniper|Booster Energy
|-activate|p1a: Juniper|ability: Quark Drive|[fromitem]
|-start|p1a: Juniper|quarkdrivespe
|switch|p2a: Kleavor|Kleavor, M|76/100
|-damage|p2a: Kleavor|51/100|[from] Stealth Rock
|
|upkeep
|turn|11
|
|t:|1776132169
|move|p1a: Juniper|Fiery Dance|p2a: Kleavor
|-damage|p2a: Kleavor|0 fnt
|faint|p2a: Kleavor
|
|upkeep
|
|t:|1776132190
|switch|p2a: Dragonite|Dragonite, M, shiny|100/100
|-damage|p2a: Dragonite|76/100|[from] Stealth Rock
|turn|12
|inactive|mothfox has 120 seconds left.
|
|t:|1776132223
|-terastallize|p2a: Dragonite|Dragon
|move|p1a: Juniper|Dazzling Gleam|p2a: Dragonite
|-supereffective|p2a: Dragonite
|-damage|p2a: Dragonite|16/100
|move|p2a: Dragonite|Outrage|p1a: Juniper
|-damage|p1a: Juniper|0 fnt
|faint|p1a: Juniper
|-end|p1a: Juniper|Quark Drive|[silent]
|
|upkeep
|inactive|mothfox has 120 seconds left.
|
|t:|1776132233
|switch|p1a: JIm|Gholdengo|100/100
|-damage|p1a: JIm|94/100|[from] Stealth Rock
|turn|13
|inactive|mothfox has 120 seconds left.
|
|t:|1776132241
|move|p1a: JIm|Shadow Ball|p2a: Dragonite
|-damage|p2a: Dragonite|0 fnt
|faint|p2a: Dragonite
|
|upkeep
|
|t:|1776132254
|switch|p2a: Zapdos|Zapdos|94/100 tox
|-damage|p2a: Zapdos|69/100 tox|[from] Stealth Rock
|turn|14
|
|t:|1776132268
|move|p1a: JIm|Shadow Ball|p2a: Zapdos
|-crit|p2a: Zapdos
|-damage|p2a: Zapdos|0 fnt
|faint|p2a: Zapdos
|
|upkeep
|
|t:|1776132273
|switch|p2a: Blaziken|Blaziken, F|100/100
|-damage|p2a: Blaziken|88/100|[from] Stealth Rock
|turn|15
|
|t:|1776132292
|move|p2a: Blaziken|Protect|p2a: Blaziken
|-singleturn|p2a: Blaziken|Protect
|move|p1a: JIm|Shadow Ball|p2a: Blaziken
|-activate|p2a: Blaziken|move: Protect
|
|-ability|p2a: Blaziken|Speed Boost|boost
|-boost|p2a: Blaziken|spe|1
|upkeep
|turn|16
|inactive|mothfox has 120 seconds left.
|
|t:|1776132317
|-terastallize|p1a: JIm|Ghost
|move|p1a: JIm|Shadow Ball|p2a: Blaziken
|-damage|p2a: Blaziken|5/100
|-unboost|p2a: Blaziken|spd|1
|move|p2a: Blaziken|Flare Blitz|p1a: JIm
|-damage|p1a: JIm|0 fnt
|faint|p1a: JIm
|-damage|p2a: Blaziken|0 fnt|[from] Recoil
|faint|p2a: Blaziken
|
|upkeep
|
|t:|1776132330
|switch|p1a: Dragonite|Dragonite, M|100/100
|switch|p2a: Gliscor|Gliscor, F|78/100 tox
|-damage|p2a: Gliscor|66/100 tox|[from] Stealth Rock
|turn|17
|
|t:|1776132337
|move|p1a: Dragonite|Dragon Dance|p1a: Dragonite
|-boost|p1a: Dragonite|atk|1
|-boost|p1a: Dragonite|spe|1
|move|p2a: Gliscor|Toxic|p1a: Dragonite
|-status|p1a: Dragonite|tox
|
|-damage|p1a: Dragonite|94/100 tox|[from] psn
|-heal|p2a: Gliscor|78/100 tox|[from] ability: Poison Heal
|upkeep
|turn|18
|
|t:|1776132346
|move|p2a: Gliscor|Protect|p2a: Gliscor
|-singleturn|p2a: Gliscor|Protect
|move|p1a: Dragonite|Dragon Dance|p1a: Dragonite
|-boost|p1a: Dragonite|atk|1
|-boost|p1a: Dragonite|spe|1
|
|-damage|p1a: Dragonite|82/100 tox|[from] psn
|-heal|p2a: Gliscor|91/100 tox|[from] ability: Poison Heal
|upkeep
|turn|19
|inactive|mothfox has 120 seconds left.
|
|t:|1776132358
|move|p1a: Dragonite|Earthquake|p2a: Gliscor
|-immune|p2a: Gliscor
|move|p2a: Gliscor|Dual Wingbeat|p1a: Dragonite|[miss]
|-miss|p2a: Gliscor|p1a: Dragonite
|
|-damage|p1a: Dragonite|64/100 tox|[from] psn
|-heal|p2a: Gliscor|100/100 tox|[from] ability: Poison Heal
|upkeep
|turn|20
|inactive|mothfox has 120 seconds left.
|
|t:|1776132370
|move|p1a: Dragonite|Roost|p1a: Dragonite
|-heal|p1a: Dragonite|100/100 tox
|-singleturn|p1a: Dragonite|move: Roost
|move|p2a: Gliscor|Dual Wingbeat|p1a: Dragonite
|-damage|p1a: Dragonite|94/100 tox
|-damage|p1a: Dragonite|81/100 tox
|-hitcount|p1a: Dragonite|2
|
|-damage|p1a: Dragonite|57/100 tox|[from] psn
|upkeep
|turn|21
|inactive|mothfox has 120 seconds left.
|
|t:|1776132381
|move|p1a: Dragonite|Dragon Dance|p1a: Dragonite
|-boost|p1a: Dragonite|atk|1
|-boost|p1a: Dragonite|spe|1
|move|p2a: Gliscor|Dual Wingbeat|p1a: Dragonite
|-damage|p1a: Dragonite|43/100 tox
|-damage|p1a: Dragonite|30/100 tox
|-hitcount|p1a: Dragonite|2
|
|-damage|p1a: Dragonite|0 fnt|[from] psn
|faint|p1a: Dragonite
|upkeep
|
|t:|1776132391
|switch|p1a: Zamazenta|Zamazenta|88/100 tox
|-damage|p1a: Zamazenta|82/100 tox|[from] Stealth Rock
|turn|22
|
|t:|1776132398
|move|p1a: Zamazenta|Body Press|p2a: Gliscor
|-resisted|p2a: Gliscor
|-damage|p2a: Gliscor|90/100 tox
|move|p2a: Gliscor|Dual Wingbeat|p1a: Zamazenta|[miss]
|-miss|p2a: Gliscor|p1a: Zamazenta
|
|-heal|p1a: Zamazenta|88/100 tox|[from] item: Leftovers
|-damage|p1a: Zamazenta|82/100 tox|[from] psn
|-heal|p2a: Gliscor|100/100 tox|[from] ability: Poison Heal
|upkeep
|turn|23
|-message|mothfox forfeited.
|
|win|nukeman2000
|raw|mothfox's rating: 1214 &rarr; <strong>1192</strong><br />(-22 for losing)
|raw|nukeman2000's rating: 1259 &rarr; <strong>1281</strong><br />(+22 for winning)
