|html|<div class="broadcast-blue"><strong>[Gen 9] OU is currently suspecting Tera Blast! For information on how to participate check out the <a href="https://www.smogon.com/tools/suspects/view/200">suspect thread</a>.</strong></div>
|j|☆longitheus
|j|☆jjk6767
|t:|1776055919
|gametype|singles
|player|p1|longitheus|boarder|1215
|player|p2|jjk6767|n|1200
|gen|9
|tier|[Gen 9] OU
|rated|
|rule|HP Percentage Mod: HP is shown in percentages
|rule|Endless Battle Clause: Forcing endless battles is banned
|rule|Species Clause: Limit one of each Pokémon
|rule|OHKO Clause: OHKO moves are banned
|rule|Evasion Items Clause: Evasion items are banned
|rule|Evasion Moves Clause: Evasion moves are banned
|rule|Evasion Abilities Clause: Evasion abilities are banned
|rule|Sleep Moves Clause: Sleep-inducing moves are banned
|clearpoke
|poke|p1|Weezing-Galar, M|
|poke|p1|Iron Valiant|
|poke|p1|Gholdengo|
|poke|p1|Tornadus-Therian, M|
|poke|p1|Zamazenta-*|
|poke|p1|Kyurem|
|poke|p2|Dragonite, M|
|poke|p2|Magnezone|
|poke|p2|Kyurem|
|poke|p2|Slowking-Galar, M|
|poke|p2|Corviknight, M|
|poke|p2|Vaporeon, F|
|teampreview
|inactive|Battle timer is ON: inactive players will automatically lose when time's up. (requested by longitheus)
|
|t:|1776055945
|teamsize|p1|6
|teamsize|p2|6
|start
|switch|p1a: Weezing|Weezing-Galar, M, shiny|100/100
|switch|p2a: Kyurem|Kyurem, shiny|100/100
|-ability|p1a: Weezing|Neutralizing Gas
|turn|1
|
|t:|1776055955
|move|p2a: Kyurem|Earth Power|p1a: Weezing
|-supereffective|p1a: Weezing
|-damage|p1a: Weezing|0 fnt
|faint|p1a: Weezing
|-end|p1a: Weezing|ability: Neutralizing Gas
|-ability|p2a: Kyurem|Pressure
|
|upkeep
|
|t:|1776055965
|switch|p1a: Gholdengo|Gholdengo, shiny|100/100
|-item|p1a: Gholdengo|Air Balloon
|turn|2
|
|t:|1776055982
|switch|p2a: Corviknight|Corviknight, M, shiny|100/100
|move|p1a: Gholdengo|Nasty Plot|p1a: Gholdengo
|-boost|p1a: Gholdengo|spa|2
|
|upkeep
|turn|3
|
|t:|1776055987
|move|p1a: Gholdengo|Shadow Ball|p2a: Corviknight
|-damage|p2a: Corviknight|25/100
|move|p2a: Corviknight|U-turn|p1a: Gholdengo
|-resisted|p1a: Gholdengo
|-damage|p1a: Gholdengo|97/100
|-enditem|p1a: Gholdengo|Air Balloon
|
|t:|1776055998
|switch|p2a: Kyurem|Kyurem, shiny|100/100|[from] U-turn
|-ability|p2a: Kyurem|Pressure
|
|upkeep
|turn|4
|
|t:|1776056009
|move|p2a: Kyurem|Earth Power|p1a: Gholdengo
|-supereffective|p1a: Gholdengo
|-damage|p1a: Gholdengo|4/100
|move|p1a: Gholdengo|Make It Rain|p2a: Kyurem
|-supereffective|p2a: Kyurem
|-damage|p2a: Kyurem|0 fnt
|-unboost|p1a: Gholdengo|spa|1
|faint|p2a: Kyurem
|
|upkeep
|
|t:|1776056019
|switch|p2a: Dragonite|Dragonite, M, shiny|100/100
|turn|5
|
|t:|1776056024
|move|p2a: Dragonite|Earthquake|p1a: Gholdengo
|-supereffective|p1a: Gholdengo
|-damage|p1a: Gholdengo|0 fnt
|faint|p1a: Gholdengo
|
|upkeep
|
|t:|1776056032
|switch|p1a: Tornadus|Tornadus-Therian, M, shiny|100/100
|turn|6
|
|t:|1776056041
|switch|p2a: Slowking|Slowking-Galar, M, shiny|100/100
|move|p1a: Tornadus|Knock Off|p2a: Slowking
|-supereffective|p2a: Slowking
|-damage|p2a: Slowking|52/100
|-enditem|p2a: Slowking|Heavy-Duty Boots|[from] move: Knock Off|[of] p1a: Tornadus
|
|upkeep
|turn|7
|
|t:|1776056051
|move|p1a: Tornadus|Bleakwind Storm|p2a: Slowking
|-damage|p2a: Slowking|24/100
|-unboost|p2a: Slowking|spe|1
|move|p2a: Slowking|Toxic|p1a: Tornadus
|-status|p1a: Tornadus|tox
|
|-damage|p1a: Tornadus|94/100 tox|[from] psn
|upkeep
|turn|8
|
|t:|1776056061
|move|p1a: Tornadus|U-turn|p2a: Slowking
|-damage|p2a: Slowking|4/100
|
|t:|1776056068
|switch|p1a: Iron Valiant|Iron Valiant, shiny|100/100|[from] U-turn
|-enditem|p1a: Iron Valiant|Booster Energy
|-activate|p1a: Iron Valiant|ability: Quark Drive|[fromitem]
|-start|p1a: Iron Valiant|quarkdrivespa
|move|p2a: Slowking|Future Sight|p1a: Iron Valiant
|-start|p2a: Slowking|move: Future Sight
|
|upkeep
|turn|9
|
|t:|1776056080
|move|p1a: Iron Valiant|Moonblast|p2a: Slowking
|-resisted|p2a: Slowking
|-damage|p2a: Slowking|0 fnt
|faint|p2a: Slowking
|
|upkeep
|
|t:|1776056103
|switch|p2a: Vaporeon|Vaporeon, F, shiny|100/100
|turn|10
|
|t:|1776056118
|move|p1a: Iron Valiant|Moonblast|p2a: Vaporeon
|-damage|p2a: Vaporeon|53/100
|-unboost|p2a: Vaporeon|spa|1
|move|p2a: Vaporeon|Wish|p2a: Vaporeon
|
|-end|p1a: Iron Valiant|move: Future Sight
|-supereffective|p1a: Iron Valiant
|-damage|p1a: Iron Valiant|0 fnt
|faint|p1a: Iron Valiant
|-end|p1a: Iron Valiant|Quark Drive|[silent]
|-heal|p2a: Vaporeon|60/100|[from] item: Leftovers
|upkeep
|
|t:|1776056128
|switch|p1a: Kyurem|Kyurem, shiny|100/100
|-ability|p1a: Kyurem|Pressure
|turn|11
|
|t:|1776056139
|move|p1a: Kyurem|Freeze-Dry|p2a: Vaporeon
|-supereffective|p2a: Vaporeon
|-damage|p2a: Vaporeon|0 fnt
|faint|p2a: Vaporeon
|
|upkeep
|
|t:|1776056141
|switch|p2a: Magnezone|Magnezone, shiny|100/100
|turn|12
|
|t:|1776056145
|switch|p1a: Tornadus|Tornadus-Therian, M, shiny|100/100 tox
|move|p2a: Magnezone|Flash Cannon|p1a: Tornadus
|-damage|p1a: Tornadus|16/100 tox
|
|-damage|p1a: Tornadus|10/100 tox|[from] psn
|upkeep
|turn|13
|
|t:|1776056160
|move|p1a: Tornadus|U-turn|p2a: Magnezone
|-resisted|p2a: Magnezone
|-damage|p2a: Magnezone|92/100
|
|t:|1776056164
|switch|p1a: Zamazenta|Zamazenta, shiny|100/100|[from] U-turn
|-ability|p1a: Zamazenta|Dauntless Shield|boost
|-boost|p1a: Zamazenta|def|1
|move|p2a: Magnezone|Flash Cannon|p1a: Zamazenta
|-damage|p1a: Zamazenta|34/100
|-unboost|p1a: Zamazenta|spd|1
|
|upkeep
|turn|14
|
|t:|1776056170
|-terastallize|p2a: Magnezone|Water
|move|p1a: Zamazenta|Close Combat|p2a: Magnezone
|-damage|p2a: Magnezone|12/100
|-unboost|p1a: Zamazenta|def|1
|-unboost|p1a: Zamazenta|spd|1
|-damage|p1a: Zamazenta|24/100|[from] item: Life Orb
|move|p2a: Magnezone|Flash Cannon|p1a: Zamazenta
|-damage|p1a: Zamazenta|0 fnt
|faint|p1a: Zamazenta
|
|upkeep
|
|t:|1776056177
|switch|p1a: Tornadus|Tornadus-Therian, M, shiny|43/100 tox
|turn|15
|
|t:|1776056184
|move|p1a: Tornadus|U-turn|p2a: Magnezone
|-damage|p2a: Magnezone|0 fnt
|faint|p2a: Magnezone
|
|t:|1776056187
|switch|p1a: Kyurem|Kyurem, shiny|100/100|[from] U-turn
|-ability|p1a: Kyurem|Pressure
|
|upkeep
|
|t:|1776056194
|switch|p2a: Corviknight|Corviknight, M, shiny|25/100
|turn|16
|
|t:|1776056201
|-terastallize|p1a: Kyurem|Ice
|move|p1a: Kyurem|Ice Beam|p2a: Corviknight
|-damage|p2a: Corviknight|0 fnt
|faint|p2a: Corviknight
|
|upkeep
|
|t:|1776056206
|switch|p2a: Dragonite|Dragonite, M, shiny|100/100
|turn|17
|
|t:|1776056211
|move|p2a: Dragonite|Extreme Speed|p1a: Kyurem
|-damage|p1a: Kyurem|74/100
|move|p1a: Kyurem|Ice Beam|p2a: Dragonite
|-supereffective|p2a: Dragonite
|-damage|p2a: Dragonite|0 fnt
|faint|p2a: Dragonite
|
|win|longitheus
|raw|longitheus's rating: 1215 &rarr; <strong>1239</strong><br />(+24 for winning)
|raw|jjk6767's rating: 1200 &rarr; <strong>1176</strong><br />(-24 for losing)
|l|☆jjk6767
|player|p2|
|l|☆longitheus
|player|p1|
