|html|<div class="broadcast-blue"><strong>[Gen 9] OU is currently suspecting Tera Blast! For information on how to participate check out the <a href="https://www.smogon.com/tools/suspects/view/200">suspect thread</a>.</strong></div>
|j|☆teamflashterry
|j|☆omega toad17
|t:|1776053644
|gametype|singles
|player|p1|teamflashterry|266|1343
|player|p2|omega toad17|2|1371
|gen|9
|tier|[Gen 9] OU
|rated|
|rule|HP Percentage Mod: HP is shown in percentages
|rule|Endless Battle Clause: Forcing endless battles is banned
|rule|Species Clause: Limit one of each Pokémon
|rule|OHKO Clause: OHKO moves are banned
|rule|Evasion Items Clause: Evasion items are banned
|rule|Evasion Moves Clause: Evasion moves are banned
|rule|Evasion Abilities Clause: Evasion abilities are banned
|rule|Sleep Moves Clause: Sleep-inducing moves are banned
|clearpoke
|poke|p1|Azumarill, F|
|poke|p1|Slowking-Galar, F|
|poke|p1|Tyranitar, F|
|poke|p1|Dragapult, M|
|poke|p1|Kingambit, F|
|poke|p1|Raging Bolt|
|poke|p2|Heatran, M|
|poke|p2|Ogerpon-Wellspring, F|
|poke|p2|Slowking-Galar, M|
|poke|p2|Enamorus, F|
|poke|p2|Kingambit, M|
|poke|p2|Great Tusk|
|teampreview
|inactive|Battle timer is ON: inactive players will automatically lose when time's up. (requested by omega toad17)
|
|t:|1776053654
|teamsize|p1|6
|teamsize|p2|6
|start
|switch|p1a: Dragapult|Dragapult, M|100/100
|switch|p2a: Ogerpon|Ogerpon-Wellspring, F|100/100
|turn|1
|
|t:|1776053662
|switch|p2a: Heatran|Heatran, M|100/100
|move|p1a: Dragapult|Will-O-Wisp|p2a: Heatran
|-start|p2a: Heatran|ability: Flash Fire
|
|upkeep
|turn|2
|
|t:|1776053669
|move|p1a: Dragapult|Thunder Wave|p2a: Heatran
|-status|p2a: Heatran|par
|cant|p2a: Heatran|par
|
|upkeep
|turn|3
|
|t:|1776053683
|switch|p1a: Slowking|Slowking-Galar, F|100/100
|cant|p2a: Heatran|par
|
|upkeep
|turn|4
|
|t:|1776053689
|-end|p2a: Heatran|ability: Flash Fire|[silent]
|switch|p2a: Great Tusk|Great Tusk|100/100
|move|p1a: Slowking|Future Sight|p2a: Great Tusk
|-start|p1a: Slowking|move: Future Sight
|
|upkeep
|turn|5
|
|t:|1776053701
|move|p2a: Great Tusk|Earthquake|p1a: Slowking
|-supereffective|p1a: Slowking
|-damage|p1a: Slowking|0 fnt
|faint|p1a: Slowking
|
|upkeep
|
|t:|1776053714
|switch|p1a: Azumarill|Azumarill, F|100/100
|turn|6
|
|t:|1776053725
|-end|p2a: Great Tusk|Protosynthesis|[silent]
|switch|p2a: Ogerpon|Ogerpon-Wellspring, F|100/100
|move|p1a: Azumarill|Belly Drum|p1a: Azumarill
|-damage|p1a: Azumarill|51/100
|-setboost|p1a: Azumarill|atk|6|[from] move: Belly Drum
|
|-end|p2a: Ogerpon|move: Future Sight
|-damage|p2a: Ogerpon|52/100
|upkeep
|turn|7
|
|t:|1776053733
|switch|p1a: Dragapult|Dragapult, M|100/100
|move|p2a: Ogerpon|Horn Leech|p1a: Dragapult
|-resisted|p1a: Dragapult
|-damage|p1a: Dragapult|72/100
|-heal|p2a: Ogerpon|67/100|[from] drain|[of] p1a: Dragapult
|
|upkeep
|turn|8
|
|t:|1776053741
|switch|p2a: Heatran|Heatran, M|100/100 par
|move|p1a: Dragapult|Hex|p2a: Heatran
|-damage|p2a: Heatran|64/100 par
|
|-heal|p2a: Heatran|71/100 par|[from] item: Leftovers
|upkeep
|turn|9
|
|t:|1776053747
|move|p1a: Dragapult|Hex|p2a: Heatran
|-damage|p2a: Heatran|37/100 par
|move|p2a: Heatran|Flash Cannon|p1a: Dragapult
|-damage|p1a: Dragapult|18/100
|
|-heal|p2a: Heatran|44/100 par|[from] item: Leftovers
|upkeep
|turn|10
|
|t:|1776053754
|switch|p1a: Azumarill|Azumarill, F|51/100
|switch|p2a: Kingambit|Kingambit, M|100/100
|
|upkeep
|turn|11
|
|t:|1776053762
|move|p2a: Kingambit|Kowtow Cleave|p1a: Azumarill
|-resisted|p1a: Azumarill
|-damage|p1a: Azumarill|18/100
|-enditem|p1a: Azumarill|Sitrus Berry|[eat]
|-heal|p1a: Azumarill|43/100|[from] item: Sitrus Berry
|move|p1a: Azumarill|Play Rough|p2a: Kingambit
|-damage|p2a: Kingambit|58/100
|-unboost|p2a: Kingambit|atk|1
|-ability|p2a: Kingambit|Defiant|boost
|-boost|p2a: Kingambit|atk|2
|
|upkeep
|turn|12
|
|t:|1776053773
|switch|p1a: Dragapult|Dragapult, M|18/100
|move|p2a: Kingambit|Kowtow Cleave|p1a: Dragapult
|-supereffective|p1a: Dragapult
|-crit|p1a: Dragapult
|-damage|p1a: Dragapult|0 fnt
|faint|p1a: Dragapult
|
|upkeep
|
|t:|1776053779
|switch|p1a: Tyranitar|Tyranitar, F|100/100
|-weather|Sandstorm|[from] ability: Sand Stream|[of] p1a: Tyranitar
|turn|13
|
|t:|1776053782
|move|p1a: Tyranitar|Low Kick|p2a: Kingambit
|-supereffective|p2a: Kingambit
|-damage|p2a: Kingambit|0 fnt
|faint|p2a: Kingambit
|
|-weather|Sandstorm|[upkeep]
|upkeep
|
|t:|1776053785
|switch|p2a: Ogerpon|Ogerpon-Wellspring, F|67/100
|turn|14
|
|t:|1776053788
|move|p2a: Ogerpon|Ivy Cudgel|p1a: Tyranitar|[anim] Ivy Cudgel Water
|-supereffective|p1a: Tyranitar
|-damage|p1a: Tyranitar|0 fnt
|faint|p1a: Tyranitar
|
|-weather|Sandstorm|[upkeep]
|-damage|p2a: Ogerpon|61/100|[from] Sandstorm
|upkeep
|
|t:|1776053793
|switch|p1a: Raging Bolt|Raging Bolt|100/100
|-enditem|p1a: Raging Bolt|Booster Energy
|-activate|p1a: Raging Bolt|ability: Protosynthesis|[fromitem]
|-start|p1a: Raging Bolt|protosynthesisspa
|turn|15
|
|t:|1776053798
|switch|p2a: Enamorus|Enamorus, F|100/100
|move|p1a: Raging Bolt|Draco Meteor|p2a: Enamorus
|-immune|p2a: Enamorus
|
|-weather|Sandstorm|[upkeep]
|-damage|p2a: Enamorus|94/100|[from] Sandstorm
|-damage|p1a: Raging Bolt|94/100|[from] Sandstorm
|-heal|p2a: Enamorus|100/100|[from] item: Leftovers
|upkeep
|turn|16
|
|t:|1776053802
|move|p2a: Enamorus|Moonblast|p1a: Raging Bolt
|-supereffective|p1a: Raging Bolt
|-damage|p1a: Raging Bolt|0 fnt
|faint|p1a: Raging Bolt
|-end|p1a: Raging Bolt|Protosynthesis|[silent]
|
|-weather|Sandstorm|[upkeep]
|-damage|p2a: Enamorus|94/100|[from] Sandstorm
|-heal|p2a: Enamorus|100/100|[from] item: Leftovers
|upkeep
|
|t:|1776053805
|switch|p1a: Kingambit|Kingambit, F|100/100
|-activate|p1a: Kingambit|ability: Supreme Overlord
|-start|p1a: Kingambit|fallen4|[silent]
|-item|p1a: Kingambit|Air Balloon
|turn|17
|
|t:|1776053811
|-end|p1a: Kingambit|fallen4|[silent]
|switch|p1a: Azumarill|Azumarill, F|43/100
|move|p2a: Enamorus|Moonblast|p1a: Azumarill
|-damage|p1a: Azumarill|0 fnt
|faint|p1a: Azumarill
|
|-weather|none
|upkeep
|
|t:|1776053813
|switch|p1a: Kingambit|Kingambit, F|100/100
|-activate|p1a: Kingambit|ability: Supreme Overlord
|-start|p1a: Kingambit|fallen5|[silent]
|-item|p1a: Kingambit|Air Balloon
|turn|18
|
|t:|1776053815
|move|p2a: Enamorus|Moonblast|p1a: Kingambit
|-damage|p1a: Kingambit|47/100
|-enditem|p1a: Kingambit|Air Balloon
|move|p1a: Kingambit|Swords Dance|p1a: Kingambit
|-boost|p1a: Kingambit|atk|2
|
|upkeep
|turn|19
|
|t:|1776053821
|move|p1a: Kingambit|Sucker Punch|p2a: Enamorus
|-resisted|p2a: Enamorus
|-damage|p2a: Enamorus|7/100
|move|p2a: Enamorus|Moonblast|p1a: Kingambit
|-damage|p1a: Kingambit|0 fnt
|faint|p1a: Kingambit
|-end|p1a: Kingambit|fallen5|[silent]
|
|win|omega toad17
|raw|teamflashterry's rating: 1343 &rarr; <strong>1325</strong><br />(-18 for losing)
|raw|omega toad17's rating: 1371 &rarr; <strong>1389</strong><br />(+18 for winning)
|l|☆teamflashterry
|player|p1|
|l|☆omega toad17
|player|p2|
