|html|<div class="broadcast-blue"><strong>[Gen 9] OU is currently suspecting Tera Blast! For information on how to participate check out the <a href="https://www.smogon.com/tools/suspects/view/200">suspect thread</a>.</strong></div>
|j|☆kl2006
|j|☆Inkyyyy
|t:|1776229999
|gametype|singles
|player|p1|kl2006|266|1411
|player|p2|Inkyyyy|cress|1441
|gen|9
|tier|[Gen 9] OU
|rated|
|rule|HP Percentage Mod: HP is shown in percentages
|rule|Endless Battle Clause: Forcing endless battles is banned
|rule|Species Clause: Limit one of each Pokémon
|rule|OHKO Clause: OHKO moves are banned
|rule|Evasion Items Clause: Evasion items are banned
|rule|Evasion Moves Clause: Evasion moves are banned
|rule|Evasion Abilities Clause: Evasion abilities are banned
|rule|Sleep Moves Clause: Sleep-inducing moves are banned
|clearpoke
|poke|p1|Kingambit, M|
|poke|p1|Zapdos|
|poke|p1|Great Tusk|
|poke|p1|Alomomola, F|
|poke|p1|Slowking-Galar, M|
|poke|p1|Garganacl, F|
|poke|p2|Kingambit, F|
|poke|p2|Alomomola, F|
|poke|p2|Cinderace, F|
|poke|p2|Raging Bolt|
|poke|p2|Slowking-Galar, F|
|poke|p2|Ogerpon-Wellspring, F|
|teampreview
|
|t:|1776230015
|teamsize|p1|6
|teamsize|p2|6
|start
|switch|p1a: Garganacl|Garganacl, F|100/100
|switch|p2a: Ogerpon|Ogerpon-Wellspring, F|100/100
|turn|1
|
|t:|1776230035
|-terastallize|p1a: Garganacl|Dragon
|move|p2a: Ogerpon|Power Whip|p1a: Garganacl|[miss]
|-miss|p2a: Ogerpon|p1a: Garganacl
|move|p1a: Garganacl|Salt Cure|p2a: Ogerpon
|-damage|p2a: Ogerpon|82/100
|-start|p2a: Ogerpon|Salt Cure
|
|-damage|p2a: Ogerpon|57/100|[from] Salt Cure
|upkeep
|turn|2
|
|t:|1776230042
|move|p2a: Ogerpon|U-turn|p1a: Garganacl
|-damage|p1a: Garganacl|87/100
|
|t:|1776230044
|switch|p2a: Raging Bolt|Raging Bolt|100/100|[from] U-turn
|move|p1a: Garganacl|Salt Cure|p2a: Raging Bolt
|-damage|p2a: Raging Bolt|87/100
|-start|p2a: Raging Bolt|Salt Cure
|
|-heal|p1a: Garganacl|93/100|[from] item: Leftovers
|-damage|p2a: Raging Bolt|74/100|[from] Salt Cure
|upkeep
|turn|3
|
|t:|1776230049
|switch|p1a: Slowking|Slowking-Galar, M|100/100
|move|p2a: Raging Bolt|Draco Meteor|p1a: Slowking
|-damage|p1a: Slowking|34/100
|-unboost|p2a: Raging Bolt|spa|2
|
|-damage|p2a: Raging Bolt|62/100|[from] Salt Cure
|upkeep
|turn|4
|
|t:|1776230058
|-end|p2a: Raging Bolt|Protosynthesis|[silent]
|switch|p2a: Kingambit|Kingambit, F|100/100
|switch|p1a: Kingambit|Kingambit, M|100/100
|
|upkeep
|turn|5
|
|t:|1776230061
|-end|p1a: Kingambit|fallenundefined|[silent]
|switch|p1a: Great Tusk|Great Tusk|100/100
|move|p2a: Kingambit|Swords Dance|p2a: Kingambit
|-boost|p2a: Kingambit|atk|2
|
|upkeep
|turn|6
|
|t:|1776230064
|-terastallize|p2a: Kingambit|Flying
|move|p1a: Great Tusk|Headlong Rush|p2a: Kingambit
|-immune|p2a: Kingambit
|move|p2a: Kingambit|Swords Dance|p2a: Kingambit
|-boost|p2a: Kingambit|atk|2
|
|upkeep
|turn|7
|
|t:|1776230078
|move|p1a: Great Tusk|Ice Spinner|p2a: Kingambit
|-supereffective|p2a: Kingambit
|-damage|p2a: Kingambit|61/100
|move|p2a: Kingambit|Kowtow Cleave|p1a: Great Tusk
|-resisted|p1a: Great Tusk
|-crit|p1a: Great Tusk
|-damage|p1a: Great Tusk|32/100
|
|upkeep
|turn|8
|
|t:|1776230082
|-end|p1a: Great Tusk|Protosynthesis|[silent]
|switch|p1a: Zapdos|Zapdos|100/100
|move|p2a: Kingambit|Sucker Punch||[still]
|-fail|p2a: Kingambit
|
|upkeep
|turn|9
|
|t:|1776230087
|move|p2a: Kingambit|Sucker Punch|p1a: Zapdos
|-damage|p1a: Zapdos|14/100
|-status|p2a: Kingambit|par|[from] ability: Static|[of] p1a: Zapdos
|-enditem|p2a: Kingambit|Lum Berry|[eat]
|-curestatus|p2a: Kingambit|par|[msg]
|move|p1a: Zapdos|Discharge|p2a: Kingambit
|-supereffective|p2a: Kingambit
|-damage|p2a: Kingambit|0 fnt
|faint|p2a: Kingambit
|-end|p2a: Kingambit|fallenundefined|[silent]
|
|upkeep
|
|t:|1776230104
|switch|p2a: Ogerpon|Ogerpon-Wellspring, F|57/100
|turn|10
|
|t:|1776230107
|move|p2a: Ogerpon|U-turn|p1a: Zapdos
|-resisted|p1a: Zapdos
|-damage|p1a: Zapdos|4/100
|
|t:|1776230109
|switch|p2a: Alomomola|Alomomola, F|100/100|[from] U-turn
|move|p1a: Zapdos|Hurricane|p2a: Alomomola|[miss]
|-miss|p1a: Zapdos|p2a: Alomomola
|
|upkeep
|turn|11
|
|t:|1776230126
|switch|p2a: Slowking|Slowking-Galar, F|100/100
|move|p1a: Zapdos|Roost|p1a: Zapdos
|-heal|p1a: Zapdos|54/100
|-singleturn|p1a: Zapdos|move: Roost
|
|upkeep
|turn|12
|
|t:|1776230131
|move|p1a: Zapdos|U-turn|p2a: Slowking
|-damage|p2a: Slowking|87/100
|
|t:|1776230135
|switch|p1a: Garganacl|Garganacl, F, tera:Dragon|93/100|[from] U-turn
|move|p2a: Slowking|Future Sight|p1a: Garganacl
|-start|p2a: Slowking|move: Future Sight
|
|-heal|p1a: Garganacl|99/100|[from] item: Leftovers
|upkeep
|turn|13
|
|t:|1776230151
|switch|p2a: Alomomola|Alomomola, F|100/100
|move|p1a: Garganacl|Stealth Rock|p2a: Alomomola
|-sidestart|p2: Inkyyyy|move: Stealth Rock
|
|-heal|p1a: Garganacl|100/100|[from] item: Leftovers
|upkeep
|turn|14
|
|t:|1776230157
|move|p2a: Alomomola|Flip Turn|p1a: Garganacl
|-resisted|p1a: Garganacl
|-damage|p1a: Garganacl|96/100
|
|t:|1776230170
|switch|p2a: Raging Bolt|Raging Bolt|62/100|[from] Flip Turn
|-damage|p2a: Raging Bolt|50/100|[from] Stealth Rock
|move|p1a: Garganacl|Salt Cure|p2a: Raging Bolt
|-damage|p2a: Raging Bolt|38/100
|-start|p2a: Raging Bolt|Salt Cure
|
|-end|p1a: Garganacl|move: Future Sight
|-damage|p1a: Garganacl|54/100
|-heal|p1a: Garganacl|61/100|[from] item: Leftovers
|-damage|p2a: Raging Bolt|25/100|[from] Salt Cure
|upkeep
|turn|15
|
|t:|1776230178
|move|p1a: Garganacl|Protect|p1a: Garganacl
|-singleturn|p1a: Garganacl|Protect
|move|p2a: Raging Bolt|Draco Meteor|p1a: Garganacl
|-activate|p1a: Garganacl|move: Protect
|
|-heal|p1a: Garganacl|67/100|[from] item: Leftovers
|-damage|p2a: Raging Bolt|13/100|[from] Salt Cure
|upkeep
|turn|16
|
|t:|1776230183
|-end|p2a: Raging Bolt|Protosynthesis|[silent]
|switch|p2a: Alomomola|Alomomola, F|100/100
|-damage|p2a: Alomomola|88/100|[from] Stealth Rock
|switch|p1a: Kingambit|Kingambit, M|100/100
|
|upkeep
|turn|17
|
|t:|1776230188
|-end|p1a: Kingambit|fallenundefined|[silent]
|switch|p1a: Alomomola|Alomomola, F|100/100
|move|p2a: Alomomola|Flip Turn|p1a: Alomomola
|-resisted|p1a: Alomomola
|-damage|p1a: Alomomola|96/100
|
|t:|1776230192
|switch|p2a: Ogerpon|Ogerpon-Wellspring, F|57/100|[from] Flip Turn
|-damage|p2a: Ogerpon|44/100|[from] Stealth Rock
|
|upkeep
|turn|18
|
|t:|1776230200
|switch|p1a: Garganacl|Garganacl, F, tera:Dragon|67/100
|move|p2a: Ogerpon|Power Whip|p1a: Garganacl
|-resisted|p1a: Garganacl
|-damage|p1a: Garganacl|49/100
|
|-heal|p1a: Garganacl|55/100|[from] item: Leftovers
|upkeep
|turn|19
|
|t:|1776230207
|move|p2a: Ogerpon|U-turn|p1a: Garganacl
|-damage|p1a: Garganacl|42/100
|
|t:|1776230209
|switch|p2a: Slowking|Slowking-Galar, F|100/100|[from] U-turn
|move|p1a: Garganacl|Recover|p1a: Garganacl
|-heal|p1a: Garganacl|92/100
|
|-heal|p1a: Garganacl|99/100|[from] item: Leftovers
|upkeep
|turn|20
|
|t:|1776230224
|switch|p1a: Slowking|Slowking-Galar, M|67/100
|move|p2a: Slowking|Thunder Wave|p1a: Slowking
|-status|p1a: Slowking|par
|
|upkeep
|turn|21
|l|☆kl2006
|player|p1|
|inactive|Battle timer is ON: inactive players will automatically lose when time's up. (requested by Inkyyyy)
|inactive|kl2006 has 30 seconds to reconnect!
|j|☆kl2006
|inactive|kl2006 reconnected and has 120 seconds left.
|player|p1|kl2006|266|
|
|t:|1776230280
|move|p2a: Slowking|Future Sight|p1a: Slowking
|-start|p2a: Slowking|move: Future Sight
|-prepare|p1a: Slowking|Chilly Reception|[premajor]
|move|p1a: Slowking|Chilly Reception|p1a: Slowking
|-weather|Snowscape
|
|t:|1776230283
|switch|p1a: Kingambit|Kingambit, M|100/100|[from] Chilly Reception
|
|-weather|Snowscape|[upkeep]
|upkeep
|turn|22
|
|t:|1776230292
|switch|p2a: Alomomola|Alomomola, F|100/100
|-damage|p2a: Alomomola|88/100|[from] Stealth Rock
|move|p1a: Kingambit|Kowtow Cleave|p2a: Alomomola
|-damage|p2a: Alomomola|64/100
|-damage|p1a: Kingambit|84/100|[from] item: Rocky Helmet|[of] p2a: Alomomola
|
|-weather|Snowscape|[upkeep]
|-heal|p1a: Kingambit|90/100|[from] item: Leftovers
|upkeep
|turn|23
|
|t:|1776230301
|move|p1a: Kingambit|Swords Dance|p1a: Kingambit
|-boost|p1a: Kingambit|atk|2
|move|p2a: Alomomola|Wish|p2a: Alomomola
|
|-weather|Snowscape|[upkeep]
|-end|p1a: Kingambit|move: Future Sight
|-immune|p1a: Kingambit
|-heal|p1a: Kingambit|96/100|[from] item: Leftovers
|upkeep
|turn|24
|
|t:|1776230306
|move|p1a: Kingambit|Swords Dance|p1a: Kingambit
|-boost|p1a: Kingambit|atk|2
|move|p2a: Alomomola|Flip Turn|p1a: Kingambit
|-damage|p1a: Kingambit|85/100
|
|t:|1776230308
|switch|p2a: Raging Bolt|Raging Bolt|13/100|[from] Flip Turn
|-damage|p2a: Raging Bolt|1/100|[from] Stealth Rock
|
|-weather|Snowscape|[upkeep]
|-heal|p2a: Raging Bolt|69/100|[from] move: Wish|[wisher] Alomomola
|-heal|p1a: Kingambit|91/100|[from] item: Leftovers
|upkeep
|turn|25
|
|t:|1776230322
|move|p2a: Raging Bolt|Thunderclap|p1a: Kingambit
|-damage|p1a: Kingambit|33/100
|move|p1a: Kingambit|Kowtow Cleave|p2a: Raging Bolt
|-damage|p2a: Raging Bolt|0 fnt
|faint|p2a: Raging Bolt
|-end|p2a: Raging Bolt|Protosynthesis|[silent]
|
|-weather|none
|-heal|p1a: Kingambit|39/100|[from] item: Leftovers
|upkeep
|
|t:|1776230328
|switch|p2a: Alomomola|Alomomola, F|97/100
|-damage|p2a: Alomomola|85/100|[from] Stealth Rock
|turn|26
|
|t:|1776230333
|move|p1a: Kingambit|Kowtow Cleave|p2a: Alomomola
|-damage|p2a: Alomomola|12/100
|-damage|p1a: Kingambit|22/100|[from] item: Rocky Helmet|[of] p2a: Alomomola
|move|p2a: Alomomola|Wish|p2a: Alomomola
|
|-heal|p1a: Kingambit|28/100|[from] item: Leftovers
|upkeep
|turn|27
|
|t:|1776230340
|move|p1a: Kingambit|Kowtow Cleave|p2a: Alomomola
|-damage|p2a: Alomomola|0 fnt
|-damage|p1a: Kingambit|12/100|[from] item: Rocky Helmet|[of] p2a: Alomomola
|faint|p2a: Alomomola
|
|-heal|p1a: Kingambit|18/100|[from] item: Leftovers
|upkeep
|
|t:|1776230344
|switch|p2a: Cinderace|Cinderace, F|100/100
|turn|28
|
|t:|1776230348
|move|p2a: Cinderace|Court Change|p2a: Cinderace
|-start|p2a: Cinderace|typechange|Normal|[from] ability: Libero
|-swapsideconditions
|-activate|p2a: Cinderace|move: Court Change
|move|p1a: Kingambit|Kowtow Cleave|p2a: Cinderace
|-damage|p2a: Cinderace|0 fnt
|faint|p2a: Cinderace
|
|-heal|p1a: Kingambit|24/100|[from] item: Leftovers
|upkeep
|
|t:|1776230351
|switch|p2a: Slowking|Slowking-Galar, F|100/100
|turn|29
|
|t:|1776230353
|move|p1a: Kingambit|Kowtow Cleave|p2a: Slowking
|-supereffective|p2a: Slowking
|-damage|p2a: Slowking|0 fnt
|faint|p2a: Slowking
|
|-heal|p1a: Kingambit|30/100|[from] item: Leftovers
|upkeep
|
|t:|1776230354
|switch|p2a: Ogerpon|Ogerpon-Wellspring, F|44/100
|turn|30
|
|t:|1776230356
|move|p1a: Kingambit|Sucker Punch|p2a: Ogerpon
|-damage|p2a: Ogerpon|0 fnt
|faint|p2a: Ogerpon
|
|win|kl2006
|raw|kl2006's rating: 1411 &rarr; <strong>1433</strong><br />(+22 for winning)
|raw|Inkyyyy's rating: 1441 &rarr; <strong>1419</strong><br />(-22 for losing)
|l|☆Inkyyyy
|player|p2|
|l|☆kl2006
|player|p1|
|j|☆kl2006
|player|p1|kl2006|266|
