|html|<div class="broadcast-blue"><strong>[Gen 9] OU is currently suspecting Tera Blast! For information on how to participate check out the <a href="https://www.smogon.com/tools/suspects/view/200">suspect thread</a>.</strong></div>
|j|☆GAOZONG
|j|‽drywally
|t:|1776086768
|gametype|singles
|player|p1|GAOZONG|psychic-gen4|1305
|player|p2|drywally|burgh|1336
|gen|9
|tier|[Gen 9] OU
|rated|
|rule|HP Percentage Mod: HP is shown in percentages
|rule|Endless Battle Clause: Forcing endless battles is banned
|rule|Species Clause: Limit one of each Pokémon
|rule|OHKO Clause: OHKO moves are banned
|rule|Evasion Items Clause: Evasion items are banned
|rule|Evasion Moves Clause: Evasion moves are banned
|rule|Evasion Abilities Clause: Evasion abilities are banned
|rule|Sleep Moves Clause: Sleep-inducing moves are banned
|clearpoke
|poke|p1|Pelipper, F|
|poke|p1|Iron Treads|
|poke|p1|Raging Bolt|
|poke|p1|Ogerpon-Wellspring, F|
|poke|p1|Barraskewda, M|
|poke|p1|Corviknight, F|
|poke|p2|Registeel|
|poke|p2|Ogerpon, F|
|poke|p2|Weavile, M|
|poke|p2|Alomomola, M|
|poke|p2|Slowking-Galar, M|
|poke|p2|Moltres|
|teampreview
|j| ohko_smeargle
|
|t:|1776086783
|teamsize|p1|6
|teamsize|p2|6
|start
|switch|p1a: Iron Treads|Iron Treads|100/100
|switch|p2a: Slowking|Slowking-Galar, M|100/100
|-enditem|p1a: Iron Treads|Booster Energy
|-activate|p1a: Iron Treads|ability: Quark Drive|[fromitem]
|-start|p1a: Iron Treads|quarkdrivespe
|turn|1
|
|t:|1776086789
|switch|p2a: Moltres|Moltres|100/100
|move|p1a: Iron Treads|Knock Off|p2a: Moltres
|-damage|p2a: Moltres|83/100
|-enditem|p2a: Moltres|Heavy-Duty Boots|[from] move: Knock Off|[of] p1a: Iron Treads
|
|upkeep
|turn|2
|
|t:|1776086795
|-end|p1a: Iron Treads|Quark Drive|[silent]
|switch|p1a: Pelipper|Pelipper, F, shiny|100/100
|-weather|RainDance|[from] ability: Drizzle|[of] p1a: Pelipper
|move|p2a: Moltres|Flamethrower|p1a: Pelipper
|-resisted|p1a: Pelipper
|-damage|p1a: Pelipper|90/100
|
|-weather|RainDance|[upkeep]
|upkeep
|turn|3
|
|t:|1776086806
|switch|p2a: Alomomola|Alomomola, M|100/100
|move|p1a: Pelipper|U-turn|p2a: Alomomola
|-damage|p2a: Alomomola|96/100
|
|t:|1776086811
|switch|p1a: Iron Treads|Iron Treads|100/100|[from] U-turn
|
|-weather|RainDance|[upkeep]
|upkeep
|turn|4
|
|t:|1776086818
|move|p1a: Iron Treads|Stealth Rock|p2a: Alomomola
|-sidestart|p2: drywally|move: Stealth Rock
|move|p2a: Alomomola|Whirlpool|p1a: Iron Treads
|-supereffective|p1a: Iron Treads
|-damage|p1a: Iron Treads|83/100
|-activate|p1a: Iron Treads|move: Whirlpool|[of] p2a: Alomomola
|
|-weather|RainDance|[upkeep]
|-damage|p1a: Iron Treads|70/100|[from] move: Whirlpool|[partiallytrapped]
|upkeep
|turn|5
|
|t:|1776086824
|move|p2a: Alomomola|Protect|p2a: Alomomola
|-singleturn|p2a: Alomomola|Protect
|move|p1a: Iron Treads|Knock Off|p2a: Alomomola
|-activate|p2a: Alomomola|move: Protect
|
|-weather|RainDance|[upkeep]
|-damage|p1a: Iron Treads|58/100|[from] move: Whirlpool|[partiallytrapped]
|upkeep
|turn|6
|
|t:|1776086832
|move|p1a: Iron Treads|Knock Off|p2a: Alomomola
|-damage|p2a: Alomomola|84/100
|-enditem|p2a: Alomomola|Heavy-Duty Boots|[from] move: Knock Off|[of] p1a: Iron Treads
|move|p2a: Alomomola|Whirlpool|p1a: Iron Treads|[miss]
|-miss|p2a: Alomomola|p1a: Iron Treads
|
|-weather|RainDance|[upkeep]
|-damage|p1a: Iron Treads|45/100|[from] move: Whirlpool|[partiallytrapped]
|upkeep
|turn|7
|
|t:|1776086838
|move|p2a: Alomomola|Protect|p2a: Alomomola
|-singleturn|p2a: Alomomola|Protect
|move|p1a: Iron Treads|Earthquake|p2a: Alomomola
|-activate|p2a: Alomomola|move: Protect
|
|-weather|RainDance|[upkeep]
|-damage|p1a: Iron Treads|33/100|[from] move: Whirlpool|[partiallytrapped]
|upkeep
|turn|8
|
|t:|1776086843
|move|p1a: Iron Treads|Knock Off|p2a: Alomomola
|-crit|p2a: Alomomola
|-damage|p2a: Alomomola|70/100
|move|p2a: Alomomola|Whirlpool|p1a: Iron Treads
|-supereffective|p1a: Iron Treads
|-damage|p1a: Iron Treads|15/100
|
|-weather|RainDance|[upkeep]
|-end|p1a: Iron Treads|Whirlpool|[partiallytrapped]
|upkeep
|turn|9
|
|t:|1776086848
|-end|p1a: Iron Treads|Quark Drive|[silent]
|switch|p1a: Ogerpon|Ogerpon-Wellspring, F|100/100
|move|p2a: Alomomola|Flip Turn|p1a: Ogerpon
|-immune|p1a: Ogerpon|[from] ability: Water Absorb
|
|-weather|none
|upkeep
|turn|10
|
|t:|1776086865
|switch|p2a: Registeel|Registeel|100/100
|-damage|p2a: Registeel|94/100|[from] Stealth Rock
|move|p1a: Ogerpon|U-turn|p2a: Registeel
|-resisted|p2a: Registeel
|-damage|p2a: Registeel|85/100
|
|t:|1776086870
|switch|p1a: Barraskewda|Barraskewda, M|100/100|[from] U-turn
|
|-heal|p2a: Registeel|91/100|[from] item: Leftovers
|upkeep
|turn|11
|
|t:|1776086877
|move|p1a: Barraskewda|Flip Turn|p2a: Registeel
|-damage|p2a: Registeel|58/100
|
|t:|1776086879
|switch|p1a: Pelipper|Pelipper, F, shiny|90/100|[from] Flip Turn
|-weather|RainDance|[from] ability: Drizzle|[of] p1a: Pelipper
|move|p2a: Registeel|Thunder Wave|p1a: Pelipper
|-status|p1a: Pelipper|par
|
|-weather|RainDance|[upkeep]
|-heal|p2a: Registeel|64/100|[from] item: Leftovers
|upkeep
|turn|12
|
|t:|1776086901
|switch|p1a: Iron Treads|Iron Treads|15/100
|move|p2a: Registeel|Curse|p2a: Registeel
|-unboost|p2a: Registeel|spe|1
|-boost|p2a: Registeel|atk|1
|-boost|p2a: Registeel|def|1
|
|-weather|RainDance|[upkeep]
|-heal|p2a: Registeel|70/100|[from] item: Leftovers
|upkeep
|turn|13
|
|t:|1776086919
|-end|p1a: Iron Treads|Quark Drive|[silent]
|switch|p1a: Ogerpon|Ogerpon-Wellspring, F|100/100
|switch|p2a: Alomomola|Alomomola, M|100/100
|-damage|p2a: Alomomola|88/100|[from] Stealth Rock
|
|-weather|RainDance|[upkeep]
|upkeep
|turn|14
|
|t:|1776086926
|move|p1a: Ogerpon|Swords Dance|p1a: Ogerpon
|-boost|p1a: Ogerpon|atk|2
|move|p2a: Alomomola|Wish|p2a: Alomomola
|
|-weather|RainDance|[upkeep]
|upkeep
|turn|15
|
|t:|1776086940
|switch|p2a: Registeel|Registeel|70/100
|-damage|p2a: Registeel|64/100|[from] Stealth Rock
|move|p1a: Ogerpon|Ivy Cudgel|p2a: Registeel|[anim] Ivy Cudgel Water
|-damage|p2a: Registeel|0 fnt
|faint|p2a: Registeel
|
|-weather|RainDance|[upkeep]
|upkeep
|
|t:|1776086950
|switch|p2a: Weavile|Weavile, M|100/100
|-ability|p2a: Weavile|Pressure
|turn|16
|
|t:|1776086960
|-terastallize|p1a: Ogerpon|Water
|detailschange|p1a: Ogerpon|Ogerpon-Wellspring-Tera, F, tera:Water
|-ability|p1a: Ogerpon|Embody Aspect (Wellspring)|boost
|-boost|p1a: Ogerpon|spd|1
|move|p2a: Weavile|Triple Axel|p1a: Ogerpon
|-resisted|p1a: Ogerpon
|-damage|p1a: Ogerpon|94/100
|-resisted|p1a: Ogerpon
|-damage|p1a: Ogerpon|80/100
|-resisted|p1a: Ogerpon
|-damage|p1a: Ogerpon|60/100
|-hitcount|p1a: Ogerpon|3
|move|p1a: Ogerpon|U-turn|p2a: Weavile
|-supereffective|p2a: Weavile
|-damage|p2a: Weavile|0 fnt
|faint|p2a: Weavile
|
|t:|1776086967
|switch|p1a: Corviknight|Corviknight, F|100/100|[from] U-turn
|-ability|p1a: Corviknight|Pressure
|
|-weather|RainDance|[upkeep]
|upkeep
|
|t:|1776086969
|switch|p2a: Slowking|Slowking-Galar, M|100/100
|turn|17
|
|t:|1776086973
|move|p1a: Corviknight|Taunt|p2a: Slowking
|-start|p2a: Slowking|move: Taunt
|-prepare|p2a: Slowking|Chilly Reception|[premajor]
|cant|p2a: Slowking|move: Taunt|Chilly Reception
|
|-weather|RainDance|[upkeep]
|upkeep
|turn|18
|
|t:|1776086978
|move|p1a: Corviknight|U-turn|p2a: Slowking
|-damage|p2a: Slowking|85/100
|
|t:|1776086982
|switch|p1a: Iron Treads|Iron Treads|15/100|[from] U-turn
|move|p2a: Slowking|Future Sight|p1a: Iron Treads
|-start|p2a: Slowking|move: Future Sight
|
|-weather|none
|upkeep
|turn|19
|
|t:|1776086989
|switch|p2a: Ogerpon|Ogerpon, F|100/100
|move|p1a: Iron Treads|Knock Off|p2a: Ogerpon
|-damage|p2a: Ogerpon|67/100
|-enditem|p2a: Ogerpon|Heavy-Duty Boots|[from] move: Knock Off|[of] p1a: Iron Treads
|
|upkeep
|turn|20
|
|t:|1776086994
|-end|p1a: Iron Treads|Quark Drive|[silent]
|switch|p1a: Pelipper|Pelipper, F, shiny|90/100 par
|-weather|RainDance|[from] ability: Drizzle|[of] p1a: Pelipper
|move|p2a: Ogerpon|Knock Off|p1a: Pelipper
|-damage|p1a: Pelipper|57/100 par
|-enditem|p1a: Pelipper|Damp Rock|[from] move: Knock Off|[of] p2a: Ogerpon
|
|-weather|RainDance|[upkeep]
|-end|p1a: Pelipper|move: Future Sight
|-damage|p1a: Pelipper|4/100 par
|upkeep
|turn|21
|
|t:|1776087008
|switch|p1a: Iron Treads|Iron Treads|15/100
|move|p2a: Ogerpon|U-turn|p1a: Iron Treads
|-resisted|p1a: Iron Treads
|-damage|p1a: Iron Treads|6/100
|
|t:|1776087016
|switch|p2a: Alomomola|Alomomola, M|100/100|[from] U-turn
|-damage|p2a: Alomomola|88/100|[from] Stealth Rock
|
|-weather|RainDance|[upkeep]
|upkeep
|turn|22
|
|t:|1776087028
|-end|p1a: Iron Treads|Quark Drive|[silent]
|switch|p1a: Ogerpon|Ogerpon-Wellspring-Tera, F, tera:Water|60/100
|-ability|p1a: Ogerpon|Embody Aspect (Wellspring)|boost
|-boost|p1a: Ogerpon|spd|1
|move|p2a: Alomomola|Wish|p2a: Alomomola
|
|-weather|RainDance|[upkeep]
|upkeep
|turn|23
|
|t:|1776087036
|switch|p2a: Slowking|Slowking-Galar, M|100/100
|move|p1a: Ogerpon|U-turn|p2a: Slowking
|-damage|p2a: Slowking|70/100
|
|t:|1776087038
|switch|p1a: Iron Treads|Iron Treads|6/100|[from] U-turn
|
|-weather|RainDance|[upkeep]
|-heal|p2a: Slowking|100/100|[from] move: Wish|[wisher] Alomomola
|upkeep
|turn|24
|
|t:|1776087048
|move|p1a: Iron Treads|Knock Off|p2a: Slowking
|-supereffective|p2a: Slowking
|-damage|p2a: Slowking|53/100
|-enditem|p2a: Slowking|Heavy-Duty Boots|[from] move: Knock Off|[of] p1a: Iron Treads
|move|p2a: Slowking|Ice Beam|p1a: Iron Treads
|-damage|p1a: Iron Treads|0 fnt
|faint|p1a: Iron Treads
|-end|p1a: Iron Treads|Quark Drive|[silent]
|
|-weather|RainDance|[upkeep]
|upkeep
|l|☆GAOZONG
|player|p1|
|j|☆GAOZONG
|player|p1|GAOZONG|psychic-gen4|
|inactive|Battle timer is ON: inactive players will automatically lose when time's up. (requested by drywally)
|
|t:|1776087092
|switch|p1a: Ogerpon|Ogerpon-Wellspring-Tera, F, tera:Water|60/100
|-ability|p1a: Ogerpon|Embody Aspect (Wellspring)|boost
|-boost|p1a: Ogerpon|spd|1
|turn|25
|
|t:|1776087116
|-terastallize|p2a: Slowking|Water
|move|p1a: Ogerpon|Ivy Cudgel|p2a: Slowking|[anim] Ivy Cudgel Water
|-resisted|p2a: Slowking
|-damage|p2a: Slowking|0 fnt
|faint|p2a: Slowking
|
|-weather|RainDance|[upkeep]
|upkeep
|
|t:|1776087126
|switch|p2a: Alomomola|Alomomola, M|100/100
|-damage|p2a: Alomomola|88/100|[from] Stealth Rock
|turn|26
|
|t:|1776087134
|move|p1a: Ogerpon|Swords Dance|p1a: Ogerpon
|-boost|p1a: Ogerpon|atk|2
|move|p2a: Alomomola|Wish|p2a: Alomomola
|
|-weather|RainDance|[upkeep]
|upkeep
|turn|27
|
|t:|1776087140
|switch|p2a: Moltres|Moltres|83/100
|-damage|p2a: Moltres|33/100|[from] Stealth Rock
|move|p1a: Ogerpon|Ivy Cudgel|p2a: Moltres|[anim] Ivy Cudgel Water
|-supereffective|p2a: Moltres
|-damage|p2a: Moltres|0 fnt
|faint|p2a: Moltres
|
|-weather|none
|upkeep
|
|t:|1776087148
|switch|p2a: Ogerpon|Ogerpon, F|67/100
|-damage|p2a: Ogerpon|55/100|[from] Stealth Rock
|turn|28
|
|t:|1776087155
|switch|p1a: Pelipper|Pelipper, F, shiny|4/100 par
|-weather|RainDance|[from] ability: Drizzle|[of] p1a: Pelipper
|switch|p2a: Alomomola|Alomomola, M|100/100
|-damage|p2a: Alomomola|88/100|[from] Stealth Rock
|
|-weather|RainDance|[upkeep]
|upkeep
|turn|29
|
|t:|1776087162
|switch|p1a: Raging Bolt|Raging Bolt|100/100
|-enditem|p1a: Raging Bolt|Booster Energy
|-activate|p1a: Raging Bolt|ability: Protosynthesis|[fromitem]
|-start|p1a: Raging Bolt|protosynthesisspa
|move|p2a: Alomomola|Wish|p2a: Alomomola
|
|-weather|RainDance|[upkeep]
|upkeep
|turn|30
|
|t:|1776087173
|switch|p2a: Ogerpon|Ogerpon, F|55/100
|-damage|p2a: Ogerpon|42/100|[from] Stealth Rock
|move|p1a: Raging Bolt|Draco Meteor|p2a: Ogerpon
|-damage|p2a: Ogerpon|0 fnt
|-unboost|p1a: Raging Bolt|spa|2
|faint|p2a: Ogerpon
|
|-weather|RainDance|[upkeep]
|upkeep
|-message|drywally forfeited.
|
|win|GAOZONG
|raw|GAOZONG's rating: 1305 &rarr; <strong>1327</strong><br />(+22 for winning)
|raw|drywally's rating: 1336 &rarr; <strong>1314</strong><br />(-22 for losing)
|l|‽drywally
|player|p2|
|l| ohko_smeargle
|l|☆GAOZONG
|player|p1|
