|html|<div class="broadcast-blue"><strong>[Gen 9] OU is currently suspecting Tera Blast! For information on how to participate check out the <a href="https://www.smogon.com/tools/suspects/view/200">suspect thread</a>.</strong></div>
|j|☆JasperHatton
|j|☆Tibz64
|t:|1776070580
|gametype|singles
|player|p1|JasperHatton|palmer|1133
|player|p2|Tibz64|1|1122
|gen|9
|tier|[Gen 9] OU
|rated|
|rule|HP Percentage Mod: HP is shown in percentages
|rule|Endless Battle Clause: Forcing endless battles is banned
|rule|Species Clause: Limit one of each Pokémon
|rule|OHKO Clause: OHKO moves are banned
|rule|Evasion Items Clause: Evasion items are banned
|rule|Evasion Moves Clause: Evasion moves are banned
|rule|Evasion Abilities Clause: Evasion abilities are banned
|rule|Sleep Moves Clause: Sleep-inducing moves are banned
|clearpoke
|poke|p1|Houndoom, M|
|poke|p1|Lucario, M|
|poke|p1|Gardevoir, F|
|poke|p1|Garchomp, M|
|poke|p1|Leavanny, F|
|poke|p1|Gengar, F|
|poke|p2|Iron Treads|
|poke|p2|Gyarados, M|
|poke|p2|Cinderace, M|
|poke|p2|Kyurem|
|poke|p2|Iron Valiant|
|poke|p2|Dragapult, M|
|teampreview
|
|t:|1776070587
|teamsize|p1|6
|teamsize|p2|6
|start
|switch|p1a: Houndoom|Houndoom, M|100/100
|switch|p2a: Iron Treads|Iron Treads|100/100
|-enditem|p2a: Iron Treads|Booster Energy
|-activate|p2a: Iron Treads|ability: Quark Drive|[fromitem]
|-start|p2a: Iron Treads|quarkdrivespe
|turn|1
|c|☆Tibz64|good luck
|
|t:|1776070602
|-terastallize|p1a: Houndoom|Flying
|move|p2a: Iron Treads|Earthquake|p1a: Houndoom
|-immune|p1a: Houndoom
|move|p1a: Houndoom|Flamethrower|p2a: Iron Treads
|-supereffective|p2a: Iron Treads
|-damage|p2a: Iron Treads|0 fnt
|faint|p2a: Iron Treads
|-end|p2a: Iron Treads|Quark Drive|[silent]
|
|upkeep
|
|t:|1776070617
|switch|p2a: Cinderace|Cinderace, M, shiny|100/100
|turn|2
|
|t:|1776070630
|move|p2a: Cinderace|Pyro Ball|p1a: Houndoom
|-start|p1a: Houndoom|ability: Flash Fire
|move|p1a: Houndoom|Dark Pulse|p2a: Cinderace
|-damage|p2a: Cinderace|48/100
|
|upkeep
|turn|3
|
|t:|1776070637
|move|p2a: Cinderace|Sucker Punch|p1a: Houndoom
|-start|p2a: Cinderace|typechange|Dark|[from] ability: Libero
|-damage|p1a: Houndoom|35/100
|move|p1a: Houndoom|Dark Pulse|p2a: Cinderace
|-resisted|p2a: Cinderace
|-damage|p2a: Cinderace|20/100
|
|upkeep
|turn|4
|
|t:|1776070678
|move|p2a: Cinderace|Sucker Punch|p1a: Houndoom
|-damage|p1a: Houndoom|0 fnt
|faint|p1a: Houndoom
|
|upkeep
|
|t:|1776070684
|switch|p1a: Garchomp|Garchomp, M|100/100
|turn|5
|
|t:|1776070692
|switch|p2a: Dragapult|Dragapult, M, shiny|100/100
|move|p1a: Garchomp|Dragon Claw|p2a: Dragapult
|-supereffective|p2a: Dragapult
|-enditem|p2a: Dragapult|Focus Sash
|-damage|p2a: Dragapult|1/100
|
|upkeep
|turn|6
|
|t:|1776070700
|move|p2a: Dragapult|Dragon Darts|p1a: Garchomp
|-supereffective|p1a: Garchomp
|-damage|p1a: Garchomp|50/100
|-anim|p2a: Dragapult|Dragon Darts|p1a: Garchomp
|-supereffective|p1a: Garchomp
|-damage|p1a: Garchomp|0 fnt
|faint|p1a: Garchomp
|
|upkeep
|inactive|Battle timer is ON: inactive players will automatically lose when time's up. (requested by Tibz64)
|
|t:|1776070740
|switch|p1a: Lucario|Lucario, M|100/100
|turn|7
|
|t:|1776070755
|switch|p2a: Gyarados|Gyarados, M, shiny|100/100
|-ability|p2a: Gyarados|Intimidate|boost
|-fail|p1a: Lucario|unboost|Attack|[from] ability: Inner Focus|[of] p1a: Lucario
|move|p1a: Lucario|Flash Cannon|p2a: Gyarados
|-resisted|p2a: Gyarados
|-damage|p2a: Gyarados|75/100
|-damage|p1a: Lucario|91/100|[from] item: Life Orb
|
|-heal|p2a: Gyarados|81/100|[from] item: Leftovers
|upkeep
|turn|8
|
|t:|1776070774
|move|p1a: Lucario|Ice Punch|p2a: Gyarados
|-damage|p2a: Gyarados|55/100
|-damage|p1a: Lucario|81/100|[from] item: Life Orb
|move|p2a: Gyarados|Dragon Dance|p2a: Gyarados
|-boost|p2a: Gyarados|atk|1
|-boost|p2a: Gyarados|spe|1
|
|-heal|p2a: Gyarados|61/100|[from] item: Leftovers
|upkeep
|turn|9
|
|t:|1776070785
|move|p2a: Gyarados|Earthquake|p1a: Lucario
|-supereffective|p1a: Lucario
|-damage|p1a: Lucario|0 fnt
|faint|p1a: Lucario
|
|-heal|p2a: Gyarados|67/100|[from] item: Leftovers
|upkeep
|
|t:|1776070798
|switch|p1a: Gengar|Gengar, F|100/100
|turn|10
|
|t:|1776070805
|move|p2a: Gyarados|Earthquake|p1a: Gengar
|-supereffective|p1a: Gengar
|-enditem|p1a: Gengar|Focus Sash
|-damage|p1a: Gengar|1/100
|move|p1a: Gengar|Thunderbolt|p2a: Gyarados
|-supereffective|p2a: Gyarados
|-damage|p2a: Gyarados|0 fnt
|faint|p2a: Gyarados
|
|upkeep
|
|t:|1776070814
|switch|p2a: Dragapult|Dragapult, M, shiny|1/100
|turn|11
|
|t:|1776070831
|move|p2a: Dragapult|Dragon Darts|p1a: Gengar
|-damage|p1a: Gengar|0 fnt
|faint|p1a: Gengar
|
|upkeep
|
|t:|1776070832
|switch|p1a: Leavanny|Leavanny, F|100/100
|turn|12
|
|t:|1776070837
|move|p2a: Dragapult|Dragon Darts|p1a: Leavanny
|-damage|p1a: Leavanny|68/100
|-anim|p2a: Dragapult|Dragon Darts|p1a: Leavanny
|-damage|p1a: Leavanny|30/100
|move|p1a: Leavanny|Knock Off|p2a: Dragapult
|-supereffective|p2a: Dragapult
|-damage|p2a: Dragapult|0 fnt
|faint|p2a: Dragapult
|
|upkeep
|
|t:|1776070849
|switch|p2a: Iron Valiant|Iron Valiant|100/100
|-enditem|p2a: Iron Valiant|Booster Energy
|-activate|p2a: Iron Valiant|ability: Quark Drive|[fromitem]
|-start|p2a: Iron Valiant|quarkdrivespe
|turn|13
|
|t:|1776070878
|-terastallize|p2a: Iron Valiant|Steel
|move|p2a: Iron Valiant|Moonblast|p1a: Leavanny
|-damage|p1a: Leavanny|0 fnt
|faint|p1a: Leavanny
|
|upkeep
|
|t:|1776070882
|switch|p1a: Gardevoir|Gardevoir, F|100/100
|turn|14
|
|t:|1776070889
|move|p2a: Iron Valiant|Moonblast|p1a: Gardevoir
|-damage|p1a: Gardevoir|53/100
|move|p1a: Gardevoir|Aura Sphere|p2a: Iron Valiant
|-supereffective|p2a: Iron Valiant
|-damage|p2a: Iron Valiant|0 fnt
|faint|p2a: Iron Valiant
|-end|p2a: Iron Valiant|Quark Drive|[silent]
|-damage|p1a: Gardevoir|43/100|[from] item: Life Orb
|
|upkeep
|
|t:|1776070897
|switch|p2a: Kyurem|Kyurem, shiny|100/100
|-ability|p1a: Gardevoir|Pressure|Trace|[from] ability: Trace|[of] p2a: Kyurem
|-ability|p1a: Gardevoir|Pressure
|-ability|p2a: Kyurem|Pressure
|turn|15
|inactive|JasperHatton has 120 seconds left.
|
|t:|1776070941
|move|p2a: Kyurem|Ice Beam|p1a: Gardevoir
|-damage|p1a: Gardevoir|0 fnt
|faint|p1a: Gardevoir
|
|win|Tibz64
|raw|JasperHatton's rating: 1133 &rarr; <strong>1107</strong><br />(-26 for losing)
|raw|Tibz64's rating: 1122 &rarr; <strong>1148</strong><br />(+26 for winning)
|l|☆Tibz64
|player|p2|
|l|☆JasperHatton
|player|p1|
