|html|<div class="broadcast-blue"><strong>[Gen 9] OU is currently suspecting Volcarona! For information on how to participate check out the <a href="https://www.smogon.com/tools/suspects/view/208">suspect thread</a>.</strong></div>
|j|☆kivalaaa
|j|☆Apprentice Dogwood
|t:|1778506030
|gametype|singles
|player|p1|kivalaaa|erika|1105
|player|p2|Apprentice Dogwood|brock|1065
|gen|9
|tier|[Gen 9] OU
|rated|
|rule|HP Percentage Mod: HP is shown in percentages
|rule|Endless Battle Clause: Forcing endless battles is banned
|rule|Species Clause: Limit one of each Pokémon
|rule|OHKO Clause: OHKO moves are banned
|rule|Evasion Items Clause: Evasion items are banned
|rule|Evasion Moves Clause: Evasion moves are banned
|rule|Evasion Abilities Clause: Evasion abilities are banned
|rule|Sleep Moves Clause: Sleep-inducing moves are banned
|clearpoke
|poke|p1|Kingambit, M|
|poke|p1|Iron Valiant|
|poke|p1|Volcarona, F|
|poke|p1|Landorus-Therian, M|
|poke|p1|Ogerpon-Cornerstone, F|
|poke|p1|Porygon2|
|poke|p2|Infernape, M|
|poke|p2|Blaziken, M|
|poke|p2|Emboar, M|
|poke|p2|Charizard, F|
|poke|p2|Cinderace, M|
|poke|p2|Delphox, F|
|teampreview
|inactive|Battle timer is ON: inactive players will automatically lose when time's up. (requested by Apprentice Dogwood)
|
|t:|1778506047
|teamsize|p1|6
|teamsize|p2|6
|start
|switch|p1a: Porygon2|Porygon2|100/100
|switch|p2a: Emboar|Emboar, M|100/100
|-ability|p1a: Porygon2|Download|boost
|-boost|p1a: Porygon2|atk|1
|turn|1
|
|t:|1778506067
|move|p2a: Emboar|Sunny Day|p2a: Emboar
|-weather|SunnyDay
|move|p1a: Porygon2|Tri Attack|p2a: Emboar
|-damage|p2a: Emboar|54/100
|
|-weather|SunnyDay|[upkeep]
|upkeep
|turn|2
|
|t:|1778506072
|move|p2a: Emboar|Flare Blitz|p1a: Porygon2
|-damage|p1a: Porygon2|23/100
|-damage|p2a: Emboar|32/100|[from] Recoil
|move|p1a: Porygon2|Tri Attack|p2a: Emboar
|-damage|p2a: Emboar|0 fnt
|faint|p2a: Emboar
|
|-weather|SunnyDay|[upkeep]
|upkeep
|
|t:|1778506076
|switch|p2a: Blaziken|Blaziken, M|100/100
|turn|3
|
|t:|1778506082
|move|p2a: Blaziken|Close Combat|p1a: Porygon2
|-supereffective|p1a: Porygon2
|-damage|p1a: Porygon2|0 fnt
|-unboost|p2a: Blaziken|def|1
|-unboost|p2a: Blaziken|spd|1
|faint|p1a: Porygon2
|
|-weather|SunnyDay|[upkeep]
|-ability|p2a: Blaziken|Speed Boost|boost
|-boost|p2a: Blaziken|spe|1
|upkeep
|
|t:|1778506087
|switch|p1a: 萌萌哒|Landorus-Therian, M|100/100
|-ability|p1a: 萌萌哒|Intimidate|boost
|-unboost|p2a: Blaziken|atk|1
|turn|4
|
|t:|1778506092
|switch|p2a: Charizard|Charizard, F|100/100
|move|p1a: 萌萌哒|Earthquake|p2a: Charizard
|-immune|p2a: Charizard
|
|-weather|SunnyDay|[upkeep]
|-damage|p2a: Charizard|88/100|[from] ability: Solar Power|[of] p2a: Charizard
|upkeep
|turn|5
|
|t:|1778506099
|move|p2a: Charizard|Heat Wave|p1a: 萌萌哒
|-damage|p1a: 萌萌哒|0 fnt
|faint|p1a: 萌萌哒
|
|-weather|SunnyDay|[upkeep]
|-damage|p2a: Charizard|76/100|[from] ability: Solar Power|[of] p2a: Charizard
|upkeep
|
|t:|1778506105
|switch|p1a: 纯超模|Ogerpon-Cornerstone, F|100/100
|turn|6
|
|t:|1778506119
|switch|p2a: Blaziken|Blaziken, M|100/100
|move|p1a: 纯超模|Ivy Cudgel|p2a: Blaziken|[anim] Ivy Cudgel Rock
|-crit|p2a: Blaziken
|-damage|p2a: Blaziken|0 fnt
|faint|p2a: Blaziken
|
|-weather|SunnyDay|[upkeep]
|upkeep
|
|t:|1778506125
|switch|p2a: Cinderace|Cinderace, M|100/100
|turn|7
|
|t:|1778506138
|move|p2a: Cinderace|U-turn|p1a: 纯超模
|-start|p2a: Cinderace|typechange|Bug|[from] ability: Libero
|-supereffective|p1a: 纯超模
|-damage|p1a: 纯超模|8/100
|
|t:|1778506153
|switch|p2a: Delphox|Delphox, F|100/100|[from] U-turn
|move|p1a: 纯超模|Ivy Cudgel|p2a: Delphox|[anim] Ivy Cudgel Rock
|-supereffective|p2a: Delphox
|-damage|p2a: Delphox|0 fnt
|faint|p2a: Delphox
|
|-weather|SunnyDay|[upkeep]
|upkeep
|
|t:|1778506158
|switch|p2a: Cinderace|Cinderace, M|100/100
|turn|8
|
|t:|1778506165
|switch|p1a: 飞机北|Volcarona, F|100/100
|move|p2a: Cinderace|Pyro Ball|p1a: 飞机北
|-enditem|p1a: 飞机北|Focus Sash
|-damage|p1a: 飞机北|1/100
|
|-weather|none
|upkeep
|turn|9
|
|t:|1778506176
|move|p2a: Cinderace|U-turn|p1a: 飞机北
|-start|p2a: Cinderace|typechange|Bug|[from] ability: Libero
|-resisted|p1a: 飞机北
|-damage|p1a: 飞机北|0 fnt
|faint|p1a: 飞机北
|
|t:|1778506180
|switch|p2a: Infernape|Infernape, M|100/100|[from] U-turn
|
|upkeep
|
|t:|1778506193
|switch|p1a: 纯超模|Ogerpon-Cornerstone, F|8/100
|turn|10
|
|t:|1778506196
|move|p1a: 纯超模|Ivy Cudgel|p2a: Infernape|[anim] Ivy Cudgel Rock
|-crit|p2a: Infernape
|-damage|p2a: Infernape|0 fnt
|faint|p2a: Infernape
|
|upkeep
|
|t:|1778506200
|switch|p2a: Cinderace|Cinderace, M|100/100
|turn|11
|
|t:|1778506203
|switch|p1a: 这种人最精了|Iron Valiant|100/100
|-enditem|p1a: 这种人最精了|Booster Energy
|-activate|p1a: 这种人最精了|ability: Quark Drive|[fromitem]
|-start|p1a: 这种人最精了|quarkdrivespe
|move|p2a: Cinderace|U-turn|p1a: 这种人最精了
|-start|p2a: Cinderace|typechange|Bug|[from] ability: Libero
|-resisted|p1a: 这种人最精了
|-damage|p1a: 这种人最精了|90/100
|
|t:|1778506205
|switch|p2a: Charizard|Charizard, F|76/100|[from] U-turn
|
|upkeep
|turn|12
|
|t:|1778506214
|-terastallize|p2a: Charizard|Dragon
|move|p1a: 这种人最精了|Thunderbolt|p2a: Charizard
|-resisted|p2a: Charizard
|-damage|p2a: Charizard|55/100
|move|p2a: Charizard|Air Slash|p1a: 这种人最精了
|-supereffective|p1a: 这种人最精了
|-damage|p1a: 这种人最精了|0 fnt
|faint|p1a: 这种人最精了
|-end|p1a: 这种人最精了|Quark Drive|[silent]
|
|upkeep
|
|t:|1778506221
|switch|p1a: 纯超模|Ogerpon-Cornerstone, F|8/100
|turn|13
|
|t:|1778506230
|move|p1a: 纯超模|Ivy Cudgel|p2a: Charizard|[anim] Ivy Cudgel Rock
|-damage|p2a: Charizard|0 fnt
|faint|p2a: Charizard
|
|upkeep
|
|t:|1778506232
|switch|p2a: Cinderace|Cinderace, M|100/100
|turn|14
|
|t:|1778506248
|move|p2a: Cinderace|Pyro Ball|p1a: 纯超模
|-damage|p1a: 纯超模|0 fnt
|faint|p1a: 纯超模
|
|upkeep
|
|t:|1778506259
|switch|p1a: 大甲虫|Kingambit, M|100/100
|-activate|p1a: 大甲虫|ability: Supreme Overlord
|-start|p1a: 大甲虫|fallen5|[silent]
|turn|15
|
|t:|1778506265
|-terastallize|p1a: 大甲虫|Ghost
|move|p2a: Cinderace|Sucker Punch|p1a: 大甲虫
|-start|p2a: Cinderace|typechange|Dark|[from] ability: Libero
|-supereffective|p1a: 大甲虫
|-damage|p1a: 大甲虫|51/100
|move|p1a: 大甲虫|Sucker Punch||[still]
|-fail|p1a: 大甲虫
|
|-heal|p1a: 大甲虫|58/100|[from] item: Leftovers
|upkeep
|turn|16
|
|t:|1778506273
|move|p2a: Cinderace|Sucker Punch|p1a: 大甲虫
|-supereffective|p1a: 大甲虫
|-damage|p1a: 大甲虫|5/100
|move|p1a: 大甲虫|Low Kick|p2a: Cinderace
|-supereffective|p2a: Cinderace
|-damage|p2a: Cinderace|1/100
|
|-heal|p1a: 大甲虫|11/100|[from] item: Leftovers
|upkeep
|turn|17
|
|t:|1778506280
|move|p2a: Cinderace|Sucker Punch|p1a: 大甲虫
|-supereffective|p1a: 大甲虫
|-damage|p1a: 大甲虫|0 fnt
|faint|p1a: 大甲虫
|-end|p1a: 大甲虫|fallen5|[silent]
|
|win|Apprentice Dogwood
|raw|kivalaaa's rating: 1130 &rarr; <strong>1100</strong><br />(-30 for losing)
|raw|Apprentice Dogwood's rating: 1065 &rarr; <strong>1101</strong><br />(+36 for winning)
|l|☆kivalaaa
|player|p1|
|l|☆Apprentice Dogwood
|player|p2|
