|html|<div class="broadcast-blue"><strong>[Gen 9] OU is currently suspecting Tera Blast! For information on how to participate check out the <a href="https://www.smogon.com/tools/suspects/view/200">suspect thread</a>.</strong></div>
|j|☆Bladesman123
|j|☆spash27
|t:|1776225359
|gametype|singles
|player|p1|Bladesman123|2|1106
|player|p2|spash27|hoopster|1089
|gen|9
|tier|[Gen 9] OU
|rated|
|rule|HP Percentage Mod: HP is shown in percentages
|rule|Endless Battle Clause: Forcing endless battles is banned
|rule|Species Clause: Limit one of each Pokémon
|rule|OHKO Clause: OHKO moves are banned
|rule|Evasion Items Clause: Evasion items are banned
|rule|Evasion Moves Clause: Evasion moves are banned
|rule|Evasion Abilities Clause: Evasion abilities are banned
|rule|Sleep Moves Clause: Sleep-inducing moves are banned
|clearpoke
|poke|p1|Darkrai|
|poke|p1|Landorus-Therian, M|
|poke|p1|Zamazenta-*|
|poke|p1|Deoxys-Speed|
|poke|p1|Heatran, M|
|poke|p1|Kyurem|
|poke|p2|Ribombee, M|
|poke|p2|Bisharp, M|
|poke|p2|Quaquaval, F|
|poke|p2|Toxtricity, F|
|poke|p2|Ursaluna, F|
|poke|p2|Armarouge, M|
|teampreview
|
|t:|1776225370
|teamsize|p1|6
|teamsize|p2|6
|start
|switch|p1a: Kyurem|Kyurem, shiny|100/100
|switch|p2a: Ribombee|Ribombee, M, shiny|100/100
|-ability|p1a: Kyurem|Pressure
|turn|1
|
|t:|1776225382
|-terastallize|p1a: Kyurem|Steel
|move|p2a: Ribombee|Sticky Web|p1a: Kyurem
|-sidestart|p1: Bladesman123|move: Sticky Web
|move|p1a: Kyurem|Dragon Dance|p1a: Kyurem
|-boost|p1a: Kyurem|atk|1
|-boost|p1a: Kyurem|spe|1
|
|upkeep
|turn|2
|
|t:|1776225390
|move|p2a: Ribombee|Quiver Dance|p2a: Ribombee
|-boost|p2a: Ribombee|spa|1
|-boost|p2a: Ribombee|spd|1
|-boost|p2a: Ribombee|spe|1
|move|p1a: Kyurem|Dragon Dance|p1a: Kyurem
|-boost|p1a: Kyurem|atk|1
|-boost|p1a: Kyurem|spe|1
|
|upkeep
|turn|3
|
|t:|1776225399
|move|p2a: Ribombee|Quiver Dance|p2a: Ribombee
|-boost|p2a: Ribombee|spa|1
|-boost|p2a: Ribombee|spd|1
|-boost|p2a: Ribombee|spe|1
|move|p1a: Kyurem|Dragon Dance|p1a: Kyurem
|-boost|p1a: Kyurem|atk|1
|-boost|p1a: Kyurem|spe|1
|
|upkeep
|turn|4
|
|t:|1776225410
|move|p2a: Ribombee|Moonblast|p1a: Kyurem
|-resisted|p1a: Kyurem
|-damage|p1a: Kyurem|69/100
|move|p1a: Kyurem|Iron Head|p2a: Ribombee
|-supereffective|p2a: Ribombee
|-enditem|p2a: Ribombee|Focus Sash
|-damage|p2a: Ribombee|1/100
|
|upkeep
|turn|5
|
|t:|1776225419
|move|p2a: Ribombee|Moonblast|p1a: Kyurem
|-resisted|p1a: Kyurem
|-damage|p1a: Kyurem|35/100
|move|p1a: Kyurem|Iron Head|p2a: Ribombee
|-supereffective|p2a: Ribombee
|-damage|p2a: Ribombee|0 fnt
|faint|p2a: Ribombee
|
|upkeep
|
|t:|1776225435
|switch|p2a: Bisharp|Bisharp, M|100/100
|turn|6
|
|t:|1776225460
|move|p2a: Bisharp|Sucker Punch|p1a: Kyurem
|-damage|p1a: Kyurem|15/100
|move|p1a: Kyurem|Iron Head|p2a: Bisharp
|-resisted|p2a: Bisharp
|-damage|p2a: Bisharp|67/100
|
|upkeep
|turn|7
|
|t:|1776225468
|move|p1a: Kyurem|Iron Head|p2a: Bisharp
|-resisted|p2a: Bisharp
|-damage|p2a: Bisharp|32/100
|move|p2a: Bisharp|Throat Chop|p1a: Kyurem
|-damage|p1a: Kyurem|0 fnt
|faint|p1a: Kyurem
|
|upkeep
|
|t:|1776225476
|switch|p1a: Landorus|Landorus-Therian, M, shiny|100/100
|-ability|p1a: Landorus|Intimidate|boost
|-unboost|p2a: Bisharp|atk|1
|-ability|p2a: Bisharp|Defiant|boost
|-boost|p2a: Bisharp|atk|2
|turn|8
|
|t:|1776225495
|move|p1a: Landorus|U-turn|p2a: Bisharp
|-damage|p2a: Bisharp|8/100
|
|t:|1776225503
|switch|p1a: Zamazenta|Zamazenta, shiny|100/100|[from] U-turn
|-activate|p1a: Zamazenta|move: Sticky Web
|-unboost|p1a: Zamazenta|spe|1
|-ability|p1a: Zamazenta|Dauntless Shield|boost
|-boost|p1a: Zamazenta|def|1
|move|p2a: Bisharp|Throat Chop|p1a: Zamazenta
|-resisted|p1a: Zamazenta
|-damage|p1a: Zamazenta|81/100
|-start|p1a: Zamazenta|Throat Chop|[silent]
|
|upkeep
|turn|9
|
|t:|1776225514
|move|p1a: Zamazenta|Iron Head|p2a: Bisharp
|-resisted|p2a: Bisharp
|-damage|p2a: Bisharp|0 fnt
|faint|p2a: Bisharp
|
|-end|p1a: Zamazenta|Throat Chop|[silent]
|upkeep
|
|t:|1776225524
|switch|p2a: Armarouge|Armarouge, M, shiny|100/100
|turn|10
|
|t:|1776225530
|move|p1a: Zamazenta|Iron Head|p2a: Armarouge
|-resisted|p2a: Armarouge
|-damage|p2a: Armarouge|78/100
|-ability|p2a: Armarouge|Weak Armor|boost
|-unboost|p2a: Armarouge|def|1
|-boost|p2a: Armarouge|spe|2
|cant|p2a: Armarouge|flinch
|
|upkeep
|turn|11
|
|t:|1776225537
|move|p2a: Armarouge|Psychic|p1a: Zamazenta
|-supereffective|p1a: Zamazenta
|-damage|p1a: Zamazenta|0 fnt
|faint|p1a: Zamazenta
|
|upkeep
|
|t:|1776225557
|switch|p1a: Deoxys|Deoxys-Speed, shiny|100/100
|-activate|p1a: Deoxys|move: Sticky Web
|-unboost|p1a: Deoxys|spe|1
|-ability|p1a: Deoxys|Pressure
|turn|12
|
|t:|1776225572
|move|p2a: Armarouge|Calm Mind|p2a: Armarouge
|-boost|p2a: Armarouge|spa|1
|-boost|p2a: Armarouge|spd|1
|move|p1a: Deoxys|Stealth Rock|p2a: Armarouge
|-sidestart|p2: spash27|move: Stealth Rock
|
|upkeep
|turn|13
|
|t:|1776225586
|switch|p1a: Landorus|Landorus-Therian, M, shiny|100/100
|-ability|p1a: Landorus|Intimidate|boost
|-unboost|p2a: Armarouge|atk|1
|move|p2a: Armarouge|Armor Cannon|p1a: Landorus
|-damage|p1a: Landorus|0 fnt
|-unboost|p2a: Armarouge|def|1
|-unboost|p2a: Armarouge|spd|1
|faint|p1a: Landorus
|
|upkeep
|
|t:|1776225596
|switch|p1a: Deoxys|Deoxys-Speed, shiny|100/100
|-activate|p1a: Deoxys|move: Sticky Web
|-unboost|p1a: Deoxys|spe|1
|-ability|p1a: Deoxys|Pressure
|turn|14
|
|t:|1776225605
|move|p2a: Armarouge|Armor Cannon|p1a: Deoxys
|-damage|p1a: Deoxys|12/100
|-unboost|p2a: Armarouge|def|1
|-unboost|p2a: Armarouge|spd|1
|move|p1a: Deoxys|Trick|p2a: Armarouge
|-activate|p1a: Deoxys|move: Trick|[of] p2a: Armarouge
|-item|p2a: Armarouge|Choice Scarf|[from] move: Trick
|-item|p1a: Deoxys|Heavy-Duty Boots|[from] move: Trick
|
|upkeep
|turn|15
|
|t:|1776225630
|switch|p1a: Darkrai|Darkrai, shiny|100/100
|-activate|p1a: Darkrai|move: Sticky Web
|-unboost|p1a: Darkrai|spe|1
|move|p2a: Armarouge|Armor Cannon|p1a: Darkrai
|-enditem|p1a: Darkrai|Focus Sash
|-damage|p1a: Darkrai|1/100
|-unboost|p2a: Armarouge|def|1
|-unboost|p2a: Armarouge|spd|1
|
|upkeep
|turn|16
|
|t:|1776225641
|move|p2a: Armarouge|Armor Cannon|p1a: Darkrai
|-damage|p1a: Darkrai|0 fnt
|-unboost|p2a: Armarouge|def|1
|-unboost|p2a: Armarouge|spd|1
|faint|p1a: Darkrai
|
|upkeep
|
|t:|1776225648
|switch|p1a: Deoxys|Deoxys-Speed, shiny|12/100
|-ability|p1a: Deoxys|Pressure
|turn|17
|
|t:|1776225653
|move|p2a: Armarouge|Armor Cannon|p1a: Deoxys
|-damage|p1a: Deoxys|0 fnt
|-unboost|p2a: Armarouge|def|1
|-unboost|p2a: Armarouge|spd|1
|faint|p1a: Deoxys
|
|upkeep
|
|t:|1776225659
|switch|p1a: Heatran|Heatran, M, shiny|100/100
|-activate|p1a: Heatran|move: Sticky Web
|-unboost|p1a: Heatran|spe|1
|turn|18
|
|t:|1776225670
|move|p2a: Armarouge|Armor Cannon|p1a: Heatran
|-start|p1a: Heatran|ability: Flash Fire
|move|p1a: Heatran|Magma Storm|p2a: Armarouge
|-resisted|p2a: Armarouge
|-damage|p2a: Armarouge|0 fnt
|faint|p2a: Armarouge
|
|upkeep
|
|t:|1776225681
|switch|p2a: Ursaluna|Ursaluna, F|100/100
|-damage|p2a: Ursaluna|94/100|[from] Stealth Rock
|turn|19
|
|t:|1776225687
|move|p2a: Ursaluna|Earthquake|p1a: Heatran
|-supereffective|p1a: Heatran
|-damage|p1a: Heatran|0 fnt
|faint|p1a: Heatran
|
|win|spash27
|raw|Bladesman123's rating: 1106 &rarr; <strong>1080</strong><br />(-26 for losing)
|raw|spash27's rating: 1089 &rarr; <strong>1117</strong><br />(+28 for winning)
|c|☆Bladesman123|gg
|c|☆spash27|gg
