|html|<div class="broadcast-blue"><strong>[Gen 9] OU is currently suspecting Tera Blast! For information on how to participate check out the <a href="https://www.smogon.com/tools/suspects/view/200">suspect thread</a>.</strong></div>
|j|☆fautser
|j|☆Gabrik65
|t:|1776278143
|gametype|singles
|player|p1|fautser|kimonogirl|1058
|player|p2|Gabrik65|102|1106
|gen|9
|tier|[Gen 9] OU
|rated|
|rule|HP Percentage Mod: HP is shown in percentages
|rule|Endless Battle Clause: Forcing endless battles is banned
|rule|Species Clause: Limit one of each Pokémon
|rule|OHKO Clause: OHKO moves are banned
|rule|Evasion Items Clause: Evasion items are banned
|rule|Evasion Moves Clause: Evasion moves are banned
|rule|Evasion Abilities Clause: Evasion abilities are banned
|rule|Sleep Moves Clause: Sleep-inducing moves are banned
|clearpoke
|poke|p1|Zamazenta-*|
|poke|p1|Pecharunt|
|poke|p1|Great Tusk|
|poke|p1|Tornadus-Therian, M|
|poke|p1|Kyurem|
|poke|p1|Raging Bolt|
|poke|p2|Hatterene, F|
|poke|p2|Empoleon, F|
|poke|p2|Great Tusk|
|poke|p2|Meowscarada, F|
|poke|p2|Drifblim, M|
|poke|p2|Jolteon, M|
|teampreview
|
|t:|1776278154
|teamsize|p1|6
|teamsize|p2|6
|start
|switch|p1a: Great Tusk|Great Tusk|100/100
|switch|p2a: Jolteon|Jolteon, M|100/100
|-enditem|p1a: Great Tusk|Booster Energy
|-activate|p1a: Great Tusk|ability: Protosynthesis|[fromitem]
|-start|p1a: Great Tusk|protosynthesisatk
|turn|1
|
|t:|1776278168
|-terastallize|p2a: Jolteon|Ice
|move|p2a: Jolteon|Tera Blast|p1a: Great Tusk|[anim] Tera Blast Ice
|-supereffective|p1a: Great Tusk
|-damage|p1a: Great Tusk|0 fnt
|faint|p1a: Great Tusk
|-end|p1a: Great Tusk|Protosynthesis|[silent]
|
|upkeep
|
|t:|1776278182
|switch|p1a: Zamazenta|Zamazenta, shiny|100/100
|-ability|p1a: Zamazenta|Dauntless Shield|boost
|-boost|p1a: Zamazenta|def|1
|turn|2
|
|t:|1776278191
|switch|p2a: Blim Boi|Drifblim, M|100/100
|move|p1a: Zamazenta|Iron Defense|p1a: Zamazenta
|-boost|p1a: Zamazenta|def|2
|
|upkeep
|turn|3
|
|t:|1776278201
|move|p1a: Zamazenta|Crunch|p2a: Blim Boi
|-supereffective|p2a: Blim Boi
|-damage|p2a: Blim Boi|38/100
|move|p2a: Blim Boi|Strength Sap|p1a: Zamazenta
|-unboost|p1a: Zamazenta|atk|1
|-heal|p2a: Blim Boi|97/100
|
|upkeep
|turn|4
|
|t:|1776278208
|move|p2a: Blim Boi|Disable|p1a: Zamazenta
|-start|p1a: Zamazenta|Disable|Crunch
|move|p1a: Zamazenta|Roar|p2a: Blim Boi
|drag|p2a: Cat|Meowscarada, F|100/100
|
|upkeep
|turn|5
|
|t:|1776278220
|move|p2a: Cat|U-turn|p1a: Zamazenta
|-start|p2a: Cat|typechange|Bug|[from] ability: Protean
|-resisted|p1a: Zamazenta
|-damage|p1a: Zamazenta|96/100
|
|t:|1776278229
|switch|p2a: Blim Boi|Drifblim, M|97/100|[from] U-turn
|move|p1a: Zamazenta|Body Press|p2a: Blim Boi
|-immune|p2a: Blim Boi
|
|-heal|p1a: Zamazenta|100/100|[from] item: Leftovers
|upkeep
|turn|6
|
|t:|1776278242
|move|p2a: Blim Boi|Strength Sap|p1a: Zamazenta
|-unboost|p1a: Zamazenta|atk|1
|-heal|p2a: Blim Boi|100/100
|move|p1a: Zamazenta|Roar|p2a: Blim Boi
|drag|p2a: Hattrick|Hatterene, F|100/100
|
|upkeep
|turn|7
|
|t:|1776278253
|switch|p1a: Pecharunt|Pecharunt|100/100
|move|p2a: Hattrick|Nuzzle|p1a: Pecharunt
|-damage|p1a: Pecharunt|98/100
|-status|p1a: Pecharunt|par
|
|upkeep
|turn|8
|
|t:|1776278262
|switch|p2a: Penlgih|Empoleon, F|100/100
|move|p1a: Pecharunt|Malignant Chain|p2a: Penlgih
|-immune|p2a: Penlgih
|
|upkeep
|turn|9
|
|t:|1776278271
|switch|p2a: Great Tusk|Great Tusk|100/100
|move|p1a: Pecharunt|Parting Shot|p2a: Great Tusk
|-unboost|p2a: Great Tusk|atk|1
|-unboost|p2a: Great Tusk|spa|1
|
|t:|1776278277
|switch|p1a: Tornadus|Tornadus-Therian, M|100/100|[from] Parting Shot
|
|upkeep
|turn|10
|c|☆Gabrik65|wat
|
|t:|1776278284
|move|p1a: Tornadus|Bleakwind Storm|p2a: Great Tusk
|-supereffective|p2a: Great Tusk
|-damage|p2a: Great Tusk|0 fnt
|faint|p2a: Great Tusk
|-end|p2a: Great Tusk|Protosynthesis|[silent]
|
|upkeep
|
|t:|1776278289
|switch|p2a: Hattrick|Hatterene, F|100/100
|turn|11
|
|t:|1776278295
|move|p1a: Tornadus|Taunt|p2a: Hattrick
|move|p2a: Hattrick|Taunt|p1a: Tornadus|[from] ability: Magic Bounce
|-start|p1a: Tornadus|move: Taunt
|move|p2a: Hattrick|Trick Room|p2a: Hattrick
|-fieldstart|move: Trick Room|[of] p2a: Hattrick
|
|upkeep
|turn|12
|
|t:|1776278303
|move|p2a: Hattrick|Psyshock|p1a: Tornadus
|-damage|p1a: Tornadus|62/100
|move|p1a: Tornadus|U-turn|p2a: Hattrick
|-damage|p2a: Hattrick|89/100
|
|t:|1776278319
|switch|p1a: Raging Bolt|Raging Bolt|100/100|[from] U-turn
|-enditem|p1a: Raging Bolt|Booster Energy
|-activate|p1a: Raging Bolt|ability: Protosynthesis|[fromitem]
|-start|p1a: Raging Bolt|protosynthesisspa
|
|-heal|p2a: Hattrick|95/100|[from] item: Leftovers
|upkeep
|turn|13
|
|t:|1776278329
|move|p2a: Hattrick|Draining Kiss|p1a: Raging Bolt
|-supereffective|p1a: Raging Bolt
|-damage|p1a: Raging Bolt|68/100
|-heal|p2a: Hattrick|100/100|[from] drain|[of] p1a: Raging Bolt
|move|p1a: Raging Bolt|Calm Mind|p1a: Raging Bolt
|-boost|p1a: Raging Bolt|spa|1
|-boost|p1a: Raging Bolt|spd|1
|
|upkeep
|turn|14
|
|t:|1776278347
|-terastallize|p1a: Raging Bolt|Fairy
|move|p2a: Hattrick|Draining Kiss|p1a: Raging Bolt
|-damage|p1a: Raging Bolt|56/100
|move|p1a: Raging Bolt|Thunderbolt|p2a: Hattrick
|-damage|p2a: Hattrick|4/100
|
|-heal|p2a: Hattrick|10/100|[from] item: Leftovers
|upkeep
|turn|15
|
|t:|1776278357
|move|p1a: Raging Bolt|Thunderclap|p2a: Hattrick
|-damage|p2a: Hattrick|0 fnt
|faint|p2a: Hattrick
|
|-fieldend|move: Trick Room
|upkeep
|
|t:|1776278361
|switch|p2a: Jolteon|Jolteon, M, tera:Ice|100/100
|turn|16
|
|t:|1776278366
|move|p2a: Jolteon|Tera Blast|p1a: Raging Bolt|[anim] Tera Blast Ice
|-damage|p1a: Raging Bolt|36/100
|move|p1a: Raging Bolt|Draco Meteor|p2a: Jolteon
|-damage|p2a: Jolteon|0 fnt
|-unboost|p1a: Raging Bolt|spa|2
|faint|p2a: Jolteon
|
|upkeep
|
|t:|1776278373
|switch|p2a: Penlgih|Empoleon, F|100/100
|turn|17
|
|t:|1776278399
|-end|p1a: Raging Bolt|Protosynthesis|[silent]
|switch|p1a: Zamazenta|Zamazenta, shiny|100/100
|move|p2a: Penlgih|Flash Cannon|p1a: Zamazenta
|-damage|p1a: Zamazenta|72/100
|
|-heal|p1a: Zamazenta|78/100|[from] item: Leftovers
|upkeep
|turn|18
|
|t:|1776278408
|switch|p2a: Blim Boi|Drifblim, M|100/100
|move|p1a: Zamazenta|Iron Defense|p1a: Zamazenta
|-boost|p1a: Zamazenta|def|2
|
|-heal|p1a: Zamazenta|84/100|[from] item: Leftovers
|upkeep
|turn|19
|
|t:|1776278417
|move|p2a: Blim Boi|Strength Sap|p1a: Zamazenta
|-unboost|p1a: Zamazenta|atk|1
|move|p1a: Zamazenta|Roar|p2a: Blim Boi
|drag|p2a: Penlgih|Empoleon, F|100/100
|
|-heal|p1a: Zamazenta|90/100|[from] item: Leftovers
|upkeep
|turn|20
|
|t:|1776278425
|switch|p2a: Blim Boi|Drifblim, M|100/100
|move|p1a: Zamazenta|Body Press|p2a: Blim Boi
|-immune|p2a: Blim Boi
|
|-heal|p1a: Zamazenta|96/100|[from] item: Leftovers
|upkeep
|turn|21
|
|t:|1776278432
|move|p2a: Blim Boi|Disable|p1a: Zamazenta
|-start|p1a: Zamazenta|Disable|Body Press
|move|p1a: Zamazenta|Roar|p2a: Blim Boi
|drag|p2a: Penlgih|Empoleon, F|100/100
|
|-heal|p1a: Zamazenta|100/100|[from] item: Leftovers
|upkeep
|turn|22
|
|t:|1776278441
|switch|p1a: Pecharunt|Pecharunt|98/100 par
|move|p2a: Penlgih|Surf|p1a: Pecharunt
|-damage|p1a: Pecharunt|61/100 par
|
|upkeep
|turn|23
|
|t:|1776278452
|move|p2a: Penlgih|Surf|p1a: Pecharunt
|-damage|p1a: Pecharunt|25/100 par
|move|p1a: Pecharunt|Recover|p1a: Pecharunt
|-heal|p1a: Pecharunt|75/100 par
|
|upkeep
|turn|24
|
|t:|1776278461
|move|p2a: Penlgih|Surf|p1a: Pecharunt
|-damage|p1a: Pecharunt|36/100 par
|move|p1a: Pecharunt|Shadow Ball|p2a: Penlgih
|-damage|p2a: Penlgih|84/100
|
|upkeep
|turn|25
|
|t:|1776278479
|switch|p1a: Zamazenta|Zamazenta, shiny|100/100
|move|p2a: Penlgih|Flash Cannon|p1a: Zamazenta
|-damage|p1a: Zamazenta|69/100
|
|-heal|p1a: Zamazenta|75/100|[from] item: Leftovers
|upkeep
|turn|26
|
|t:|1776278488
|switch|p2a: Blim Boi|Drifblim, M|100/100
|move|p1a: Zamazenta|Roar|p2a: Blim Boi
|drag|p2a: Cat|Meowscarada, F|100/100
|
|-heal|p1a: Zamazenta|81/100|[from] item: Leftovers
|upkeep
|turn|27
|
|t:|1776278495
|move|p2a: Cat|U-turn|p1a: Zamazenta
|-start|p2a: Cat|typechange|Bug|[from] ability: Protean
|-resisted|p1a: Zamazenta
|-crit|p1a: Zamazenta
|-damage|p1a: Zamazenta|66/100
|
|t:|1776278501
|switch|p2a: Blim Boi|Drifblim, M|100/100|[from] U-turn
|move|p1a: Zamazenta|Body Press|p2a: Blim Boi
|-immune|p2a: Blim Boi
|
|-heal|p1a: Zamazenta|73/100|[from] item: Leftovers
|upkeep
|turn|28
|
|t:|1776278510
|switch|p1a: Pecharunt|Pecharunt|36/100 par
|move|p2a: Blim Boi|Disable||[still]
|-fail|p2a: Blim Boi
|
|upkeep
|turn|29
|
|t:|1776278520
|switch|p2a: Penlgih|Empoleon, F|84/100
|move|p1a: Pecharunt|Shadow Ball|p2a: Penlgih
|-damage|p2a: Penlgih|67/100
|
|upkeep
|turn|30
|c|☆Gabrik65|dont parting shot
|
|t:|1776278548
|switch|p1a: Kyurem|Kyurem|100/100
|-ability|p1a: Kyurem|Pressure
|move|p2a: Penlgih|Surf|p1a: Kyurem
|-resisted|p1a: Kyurem
|-damage|p1a: Kyurem|80/100
|
|upkeep
|turn|31
|
|t:|1776278564
|move|p1a: Kyurem|Icicle Spear|p2a: Penlgih
|-resisted|p2a: Penlgih
|-damage|p2a: Penlgih|64/100
|-resisted|p2a: Penlgih
|-damage|p2a: Penlgih|61/100
|-resisted|p2a: Penlgih
|-damage|p2a: Penlgih|58/100
|-resisted|p2a: Penlgih
|-damage|p2a: Penlgih|55/100
|-resisted|p2a: Penlgih
|-damage|p2a: Penlgih|51/100
|-hitcount|p2a: Penlgih|5
|move|p2a: Penlgih|Flash Cannon|p1a: Kyurem
|-supereffective|p1a: Kyurem
|-damage|p1a: Kyurem|3/100
|
|upkeep
|turn|32
|
|t:|1776278579
|switch|p1a: Tornadus|Tornadus-Therian, M|96/100
|move|p2a: Penlgih|Vacuum Wave|p1a: Tornadus
|-resisted|p1a: Tornadus
|-damage|p1a: Tornadus|89/100
|
|upkeep
|turn|33
|
|t:|1776278614
|move|p1a: Tornadus|Grass Knot|p2a: Penlgih
|-damage|p2a: Penlgih|38/100
|move|p2a: Penlgih|Ice Beam|p1a: Tornadus
|-supereffective|p1a: Tornadus
|-damage|p1a: Tornadus|25/100
|
|upkeep
|turn|34
|
|t:|1776278621
|switch|p2a: Cat|Meowscarada, F|100/100
|move|p1a: Tornadus|Grass Knot|p2a: Cat
|-resisted|p2a: Cat
|-damage|p2a: Cat|88/100
|
|upkeep
|turn|35
|
|t:|1776278634
|move|p2a: Cat|Knock Off|p1a: Tornadus
|-start|p2a: Cat|typechange|Dark|[from] ability: Protean
|-damage|p1a: Tornadus|0 fnt
|-enditem|p1a: Tornadus|Heavy-Duty Boots|[from] move: Knock Off|[of] p2a: Cat
|faint|p1a: Tornadus
|
|upkeep
|
|t:|1776278644
|switch|p1a: Raging Bolt|Raging Bolt, tera:Fairy|36/100
|turn|36
|
|t:|1776278656
|move|p2a: Cat|Flower Trick|p1a: Raging Bolt
|-crit|p1a: Raging Bolt
|-damage|p1a: Raging Bolt|11/100
|move|p1a: Raging Bolt|Draco Meteor|p2a: Cat
|-damage|p2a: Cat|0 fnt
|-unboost|p1a: Raging Bolt|spa|2
|faint|p2a: Cat
|
|upkeep
|
|t:|1776278668
|switch|p2a: Penlgih|Empoleon, F|38/100
|turn|37
|
|t:|1776278686
|-end|p1a: Raging Bolt|Protosynthesis|[silent]
|switch|p1a: Kyurem|Kyurem|3/100
|-ability|p1a: Kyurem|Pressure
|move|p2a: Penlgih|Flash Cannon|p1a: Kyurem
|-supereffective|p1a: Kyurem
|-damage|p1a: Kyurem|0 fnt
|faint|p1a: Kyurem
|
|upkeep
|
|t:|1776278694
|switch|p1a: Raging Bolt|Raging Bolt, tera:Fairy|11/100
|turn|38
|
|t:|1776278712
|move|p1a: Raging Bolt|Thunderclap|p2a: Penlgih
|-supereffective|p2a: Penlgih
|-damage|p2a: Penlgih|0 fnt
|faint|p2a: Penlgih
|
|upkeep
|
|t:|1776278714
|switch|p2a: Blim Boi|Drifblim, M|100/100
|turn|39
|
|t:|1776278724
|move|p2a: Blim Boi|Endure|p2a: Blim Boi
|-singleturn|p2a: Blim Boi|move: Endure
|move|p1a: Raging Bolt|Thunderclap||[still]
|-fail|p1a: Raging Bolt
|
|upkeep
|turn|40
|
|t:|1776278736
|move|p2a: Blim Boi|Endure||[still]
|-fail|p2a: Blim Boi
|move|p1a: Raging Bolt|Thunderclap||[still]
|-fail|p1a: Raging Bolt
|
|upkeep
|turn|41
|
|t:|1776278740
|move|p2a: Blim Boi|Endure|p2a: Blim Boi
|-singleturn|p2a: Blim Boi|move: Endure
|move|p1a: Raging Bolt|Thunderclap||[still]
|-fail|p1a: Raging Bolt
|
|upkeep
|turn|42
|
|t:|1776278745
|move|p2a: Blim Boi|Endure|p2a: Blim Boi
|-singleturn|p2a: Blim Boi|move: Endure
|move|p1a: Raging Bolt|Thunderbolt|p2a: Blim Boi
|-supereffective|p2a: Blim Boi
|-activate|p2a: Blim Boi|move: Endure
|-damage|p2a: Blim Boi|1/100
|-enditem|p2a: Blim Boi|Liechi Berry|[eat]
|-boost|p2a: Blim Boi|atk|1|[from] item: Liechi Berry
|
|upkeep
|turn|43
|
|t:|1776278753
|move|p1a: Raging Bolt|Thunderclap||[still]
|-fail|p1a: Raging Bolt
|move|p2a: Blim Boi|Disable|p1a: Raging Bolt
|-start|p1a: Raging Bolt|Disable|Thunderclap
|
|upkeep
|turn|44
|
|t:|1776278763
|-end|p1a: Raging Bolt|Protosynthesis|[silent]
|switch|p1a: Zamazenta|Zamazenta, shiny|73/100
|move|p2a: Blim Boi|Acrobatics|p1a: Zamazenta
|-supereffective|p1a: Zamazenta
|-damage|p1a: Zamazenta|0 fnt
|faint|p1a: Zamazenta
|
|upkeep
|
|t:|1776278770
|switch|p1a: Raging Bolt|Raging Bolt, tera:Fairy|11/100
|turn|45
|
|t:|1776278773
|move|p2a: Blim Boi|Endure|p2a: Blim Boi
|-singleturn|p2a: Blim Boi|move: Endure
|move|p1a: Raging Bolt|Thunderbolt|p2a: Blim Boi
|-supereffective|p2a: Blim Boi
|-activate|p2a: Blim Boi|move: Endure
|-damage|p2a: Blim Boi|1/100
|
|upkeep
|turn|46
|
|t:|1776278785
|move|p1a: Raging Bolt|Thunderclap||[still]
|-fail|p1a: Raging Bolt
|move|p2a: Blim Boi|Disable|p1a: Raging Bolt
|-start|p1a: Raging Bolt|Disable|Thunderclap
|
|upkeep
|turn|47
|
|t:|1776278791
|-end|p1a: Raging Bolt|Protosynthesis|[silent]
|switch|p1a: Pecharunt|Pecharunt|36/100 par
|move|p2a: Blim Boi|Acrobatics|p1a: Pecharunt
|-damage|p1a: Pecharunt|1/100 par
|
|upkeep
|turn|48
|
|t:|1776278799
|move|p2a: Blim Boi|Acrobatics|p1a: Pecharunt
|-damage|p1a: Pecharunt|0 fnt
|faint|p1a: Pecharunt
|
|upkeep
|
|t:|1776278804
|switch|p1a: Raging Bolt|Raging Bolt, tera:Fairy|11/100
|turn|49
|
|t:|1776278812
|move|p2a: Blim Boi|Endure|p2a: Blim Boi
|-singleturn|p2a: Blim Boi|move: Endure
|move|p1a: Raging Bolt|Thunderclap||[still]
|-fail|p1a: Raging Bolt
|
|upkeep
|turn|50
|
|t:|1776278820
|move|p2a: Blim Boi|Acrobatics|p1a: Raging Bolt
|-damage|p1a: Raging Bolt|0 fnt
|faint|p1a: Raging Bolt
|-end|p1a: Raging Bolt|Protosynthesis|[silent]
|
|win|Gabrik65
|raw|fautser's rating: 1058 &rarr; <strong>1042</strong><br />(-16 for losing)
|raw|Gabrik65's rating: 1106 &rarr; <strong>1128</strong><br />(+22 for winning)
|c|☆Gabrik65|gg wp
|c|☆Gabrik65|godam
|l|☆fautser
|player|p1|
