|html|<div class="broadcast-blue"><strong>[Gen 9] OU is currently suspecting Tera Blast! For information on how to participate check out the <a href="https://www.smogon.com/tools/suspects/view/200">suspect thread</a>.</strong></div>
|j|☆gen8arc
|j|☆Igoodnamename
|t:|1776084146
|gametype|singles
|player|p1|gen8arc|iono-masters|1597
|player|p2|Igoodnamename|170|1730
|gen|9
|tier|[Gen 9] OU
|rated|
|rule|HP Percentage Mod: HP is shown in percentages
|rule|Endless Battle Clause: Forcing endless battles is banned
|rule|Species Clause: Limit one of each Pokémon
|rule|OHKO Clause: OHKO moves are banned
|rule|Evasion Items Clause: Evasion items are banned
|rule|Evasion Moves Clause: Evasion moves are banned
|rule|Evasion Abilities Clause: Evasion abilities are banned
|rule|Sleep Moves Clause: Sleep-inducing moves are banned
|clearpoke
|poke|p1|Tinkaton, F|
|poke|p1|Ogerpon, F|
|poke|p1|Great Tusk|
|poke|p1|Pecharunt|
|poke|p1|Alomomola, M|
|poke|p1|Hydreigon, M|
|poke|p2|Pecharunt|
|poke|p2|Zapdos|
|poke|p2|Ting-Lu|
|poke|p2|Iron Valiant|
|poke|p2|Zarude|
|poke|p2|Fezandipiti, M|
|teampreview
|inactive|Battle timer is ON: inactive players will automatically lose when time's up. (requested by gen8arc)
|
|t:|1776084163
|teamsize|p1|6
|teamsize|p2|6
|start
|switch|p1a: Anonymous|Ogerpon, F|100/100
|switch|p2a: Zapdos|Zapdos|100/100
|turn|1
|
|t:|1776084169
|switch|p1a: Pisces|Alomomola, M, shiny|100/100
|move|p2a: Zapdos|Hurricane|p1a: Pisces|[miss]
|-miss|p2a: Zapdos|p1a: Pisces
|
|upkeep
|turn|2
|
|t:|1776084172
|move|p2a: Zapdos|U-turn|p1a: Pisces
|-damage|p1a: Pisces|91/100
|
|t:|1776084174
|switch|p2a: Zarude|Zarude|100/100|[from] U-turn
|move|p1a: Pisces|Flip Turn|p2a: Zarude
|-resisted|p2a: Zarude
|-damage|p2a: Zarude|93/100
|
|t:|1776084186
|switch|p1a: Anonymous|Ogerpon, F|100/100|[from] Flip Turn
|
|upkeep
|turn|3
|
|t:|1776084191
|switch|p2a: Zapdos|Zapdos|100/100
|move|p1a: Anonymous|Knock Off|p2a: Zapdos
|-crit|p2a: Zapdos
|-damage|p2a: Zapdos|47/100
|-enditem|p2a: Zapdos|Heavy-Duty Boots|[from] move: Knock Off|[of] p1a: Anonymous
|
|upkeep
|turn|4
|j| Foxi4
|
|t:|1776084197
|switch|p1a: Pisces|Alomomola, M, shiny|100/100
|move|p2a: Zapdos|Roost|p2a: Zapdos
|-heal|p2a: Zapdos|97/100
|-singleturn|p2a: Zapdos|move: Roost
|
|upkeep
|turn|5
|
|t:|1776084199
|move|p2a: Zapdos|U-turn|p1a: Pisces
|-damage|p1a: Pisces|91/100
|
|t:|1776084202
|switch|p2a: Zarude|Zarude|93/100|[from] U-turn
|move|p1a: Pisces|Flip Turn|p2a: Zarude
|-resisted|p2a: Zarude
|-damage|p2a: Zarude|86/100
|
|t:|1776084210
|switch|p1a: Smile.exe|Tinkaton, F, shiny|100/100|[from] Flip Turn
|-item|p1a: Smile.exe|Air Balloon
|
|upkeep
|turn|6
|inactive|Igoodnamename has 120 seconds left.
|l|☆Igoodnamename
|inactive|Igoodnamename disconnected and has a minute to reconnect!
|player|p2|
|j|☆Igoodnamename
|inactive|Igoodnamename reconnected and has 90 seconds left.
|player|p2|Igoodnamename|170|
|
|t:|1776084279
|move|p2a: Zarude|Swords Dance|p2a: Zarude
|-boost|p2a: Zarude|atk|2
|move|p1a: Smile.exe|Stealth Rock|p2a: Zarude
|-sidestart|p2: Igoodnamename|move: Stealth Rock
|
|upkeep
|turn|7
|inactive|Igoodnamename has 90 seconds left.
|
|t:|1776084287
|move|p2a: Zarude|Knock Off|p1a: Smile.exe
|-resisted|p1a: Smile.exe
|-damage|p1a: Smile.exe|31/100
|-enditem|p1a: Smile.exe|Air Balloon
|-enditem|p2a: Zarude|Heavy-Duty Boots|[silent]|[from] ability: Pickpocket|[of] p2a: Zarude
|-item|p1a: Smile.exe|Heavy-Duty Boots|[from] ability: Pickpocket|[of] p2a: Zarude
|move|p1a: Smile.exe|Encore|p2a: Zarude
|-start|p2a: Zarude|Encore
|
|upkeep
|turn|8
|
|t:|1776084302
|move|p2a: Zarude|Knock Off|p1a: Smile.exe
|-resisted|p1a: Smile.exe
|-damage|p1a: Smile.exe|0 fnt
|-enditem|p1a: Smile.exe|Heavy-Duty Boots|[from] move: Knock Off|[of] p2a: Zarude
|faint|p1a: Smile.exe
|
|upkeep
|
|t:|1776084306
|switch|p1a: Behemoth|Great Tusk, shiny|100/100
|turn|9
|
|t:|1776084312
|switch|p2a: Zapdos|Zapdos|97/100
|-damage|p2a: Zapdos|72/100|[from] Stealth Rock
|move|p1a: Behemoth|Ice Spinner|p2a: Zapdos
|-supereffective|p2a: Zapdos
|-damage|p2a: Zapdos|34/100
|
|upkeep
|turn|10
|
|t:|1776084318
|move|p1a: Behemoth|Ice Spinner|p2a: Zapdos
|-supereffective|p2a: Zapdos
|-damage|p2a: Zapdos|0 fnt
|faint|p2a: Zapdos
|
|upkeep
|l| Foxi4
|
|t:|1776084324
|switch|p2a: Iron Valiant|Iron Valiant|100/100
|-damage|p2a: Iron Valiant|94/100|[from] Stealth Rock
|turn|11
|inactive|Igoodnamename has 120 seconds left.
|
|t:|1776084333
|-end|p1a: Behemoth|Protosynthesis|[silent]
|switch|p1a: Pisces|Alomomola, M, shiny|100/100
|-terastallize|p2a: Iron Valiant|Fairy
|move|p2a: Iron Valiant|Moonblast|p1a: Pisces
|-damage|p1a: Pisces|56/100
|
|upkeep
|turn|12
|
|t:|1776084341
|move|p2a: Iron Valiant|Moonblast|p1a: Pisces
|-damage|p1a: Pisces|11/100
|move|p1a: Pisces|Flip Turn|p2a: Iron Valiant
|-crit|p2a: Iron Valiant
|-damage|p2a: Iron Valiant|62/100
|
|t:|1776084344
|switch|p1a: Anonymous|Ogerpon, F|100/100|[from] Flip Turn
|
|upkeep
|turn|13
|
|t:|1776084348
|-end|p2a: Iron Valiant|Quark Drive|[silent]
|switch|p2a: Pecharunt|Pecharunt|100/100
|-terastallize|p1a: Anonymous|Grass
|detailschange|p1a: Anonymous|Ogerpon-Teal-Tera, F, tera:Grass
|-ability|p1a: Anonymous|Embody Aspect (Teal)|boost
|-boost|p1a: Anonymous|spe|1
|move|p1a: Anonymous|Ivy Cudgel|p2a: Pecharunt
|-resisted|p2a: Pecharunt
|-damage|p2a: Pecharunt|79/100
|
|upkeep
|turn|14
|
|t:|1776084356
|switch|p1a: Pisces|Alomomola, M, shiny|44/100
|move|p2a: Pecharunt|Malignant Chain|p1a: Pisces
|-damage|p1a: Pisces|29/100
|
|upkeep
|turn|15
|
|t:|1776084361
|switch|p1a: Overseer|Pecharunt|100/100
|move|p2a: Pecharunt|Malignant Chain|p1a: Overseer
|-resisted|p1a: Overseer
|-damage|p1a: Overseer|93/100
|
|upkeep
|turn|16
|
|t:|1776084371
|move|p2a: Pecharunt|Shadow Ball|p1a: Overseer
|-supereffective|p1a: Overseer
|-damage|p1a: Overseer|49/100
|move|p1a: Overseer|Parting Shot|p2a: Pecharunt
|-unboost|p2a: Pecharunt|atk|1
|-unboost|p2a: Pecharunt|spa|1
|
|t:|1776084375
|switch|p1a: Pisces|Alomomola, M, shiny|63/100|[from] Parting Shot
|
|upkeep
|turn|17
|
|t:|1776084379
|move|p2a: Pecharunt|Parting Shot|p1a: Pisces
|-unboost|p1a: Pisces|atk|1
|-unboost|p1a: Pisces|spa|1
|
|t:|1776084380
|switch|p2a: Ting-Lu|Ting-Lu|100/100|[from] Parting Shot
|-damage|p2a: Ting-Lu|94/100|[from] Stealth Rock
|-ability|p2a: Ting-Lu|Vessel of Ruin
|move|p1a: Pisces|Flip Turn|p2a: Ting-Lu
|-supereffective|p2a: Ting-Lu
|-damage|p2a: Ting-Lu|81/100
|
|t:|1776084384
|switch|p1a: Anonymous|Ogerpon-Teal-Tera, F, tera:Grass|100/100|[from] Flip Turn
|-ability|p1a: Anonymous|Embody Aspect (Teal)|boost
|-boost|p1a: Anonymous|spe|1
|
|-heal|p2a: Ting-Lu|88/100|[from] item: Leftovers
|upkeep
|turn|18
|
|t:|1776084388
|move|p1a: Anonymous|U-turn|p2a: Ting-Lu
|-supereffective|p2a: Ting-Lu
|-damage|p2a: Ting-Lu|52/100
|
|t:|1776084391
|switch|p1a: Behemoth|Great Tusk, shiny|100/100|[from] U-turn
|move|p2a: Ting-Lu|Stealth Rock|p1a: Behemoth
|-sidestart|p1: gen8arc|move: Stealth Rock
|
|-heal|p2a: Ting-Lu|58/100|[from] item: Leftovers
|upkeep
|turn|19
|
|t:|1776084397
|switch|p2a: Zarude|Zarude|86/100
|-damage|p2a: Zarude|74/100|[from] Stealth Rock
|move|p1a: Behemoth|Headlong Rush|p2a: Zarude
|-resisted|p2a: Zarude
|-damage|p2a: Zarude|44/100
|-unboost|p1a: Behemoth|def|1
|-unboost|p1a: Behemoth|spd|1
|
|upkeep
|turn|20
|
|t:|1776084404
|-end|p1a: Behemoth|Protosynthesis|[silent]
|switch|p1a: Overseer|Pecharunt|49/100
|-damage|p1a: Overseer|36/100|[from] Stealth Rock
|move|p2a: Zarude|Power Whip|p1a: Overseer|[miss]
|-miss|p2a: Zarude|p1a: Overseer
|
|upkeep
|turn|21
|
|t:|1776084406
|move|p2a: Zarude|Knock Off|p1a: Overseer
|-supereffective|p1a: Overseer
|-damage|p1a: Overseer|0 fnt
|-damage|p2a: Zarude|28/100|[from] item: Rocky Helmet|[of] p1a: Overseer
|-enditem|p1a: Overseer|Rocky Helmet|[from] move: Knock Off|[of] p2a: Zarude
|faint|p1a: Overseer
|
|upkeep
|
|t:|1776084409
|switch|p1a: Anonymous|Ogerpon-Teal-Tera, F, tera:Grass|100/100
|-damage|p1a: Anonymous|88/100|[from] Stealth Rock
|-ability|p1a: Anonymous|Embody Aspect (Teal)|boost
|-boost|p1a: Anonymous|spe|1
|turn|22
|
|t:|1776084413
|switch|p2a: Pecharunt|Pecharunt|79/100
|move|p1a: Anonymous|U-turn|p2a: Pecharunt
|-resisted|p2a: Pecharunt
|-damage|p2a: Pecharunt|75/100
|
|t:|1776084417
|switch|p1a: Hybrid|Hydreigon, M, shiny|100/100|[from] U-turn
|-damage|p1a: Hybrid|88/100|[from] Stealth Rock
|
|upkeep
|turn|23
|
|t:|1776084422
|switch|p2a: Fezandipiti|Fezandipiti, M|100/100
|move|p1a: Hybrid|Draco Meteor|p2a: Fezandipiti
|-immune|p2a: Fezandipiti
|
|upkeep
|turn|24
|
|t:|1776084432
|switch|p1a: Pisces|Alomomola, M, shiny|96/100
|-damage|p1a: Pisces|83/100|[from] Stealth Rock
|move|p2a: Fezandipiti|Play Rough|p1a: Pisces
|-damage|p1a: Pisces|58/100
|
|upkeep
|turn|25
|
|t:|1776084434
|move|p2a: Fezandipiti|Beat Up|p1a: Pisces
|-damage|p1a: Pisces|56/100
|-damage|p1a: Pisces|53/100
|-damage|p1a: Pisces|49/100
|-damage|p1a: Pisces|46/100
|-damage|p1a: Pisces|43/100
|-hitcount|p1a: Pisces|5
|move|p1a: Pisces|Flip Turn|p2a: Fezandipiti
|-damage|p2a: Fezandipiti|83/100
|
|t:|1776084441
|switch|p1a: Anonymous|Ogerpon-Teal-Tera, F, tera:Grass|88/100|[from] Flip Turn
|-damage|p1a: Anonymous|76/100|[from] Stealth Rock
|-ability|p1a: Anonymous|Embody Aspect (Teal)|boost
|-boost|p1a: Anonymous|spe|1
|
|upkeep
|turn|26
|
|t:|1776084446
|switch|p2a: Pecharunt|Pecharunt|75/100
|move|p1a: Anonymous|Ivy Cudgel|p2a: Pecharunt
|-resisted|p2a: Pecharunt
|-damage|p2a: Pecharunt|54/100
|
|upkeep
|turn|27
|
|t:|1776084452
|switch|p1a: Pisces|Alomomola, M, shiny|76/100
|-damage|p1a: Pisces|64/100|[from] Stealth Rock
|move|p2a: Pecharunt|Recover|p2a: Pecharunt
|-heal|p2a: Pecharunt|100/100
|
|upkeep
|turn|28
|
|t:|1776084455
|move|p2a: Pecharunt|Malignant Chain|p1a: Pisces
|-damage|p1a: Pisces|49/100
|move|p1a: Pisces|Flip Turn|p2a: Pecharunt
|-damage|p2a: Pecharunt|93/100
|
|t:|1776084458
|switch|p1a: Hybrid|Hydreigon, M, shiny|88/100|[from] Flip Turn
|-damage|p1a: Hybrid|76/100|[from] Stealth Rock
|
|upkeep
|turn|29
|
|t:|1776084461
|switch|p2a: Ting-Lu|Ting-Lu|58/100
|-damage|p2a: Ting-Lu|52/100|[from] Stealth Rock
|-ability|p2a: Ting-Lu|Vessel of Ruin
|move|p1a: Hybrid|Flash Cannon|p2a: Ting-Lu
|-damage|p2a: Ting-Lu|36/100
|
|-heal|p2a: Ting-Lu|43/100|[from] item: Leftovers
|upkeep
|turn|30
|
|t:|1776084470
|switch|p1a: Behemoth|Great Tusk, shiny|100/100
|move|p2a: Ting-Lu|Ruination|p1a: Behemoth
|-damage|p1a: Behemoth|51/100
|
|-heal|p2a: Ting-Lu|49/100|[from] item: Leftovers
|upkeep
|turn|31
|
|t:|1776084475
|switch|p2a: Pecharunt|Pecharunt|93/100
|move|p1a: Behemoth|Rapid Spin|p2a: Pecharunt
|-immune|p2a: Pecharunt
|
|upkeep
|turn|32
|
|t:|1776084480
|switch|p2a: Zarude|Zarude|28/100
|-damage|p2a: Zarude|16/100|[from] Stealth Rock
|move|p1a: Behemoth|Headlong Rush|p2a: Zarude
|-resisted|p2a: Zarude
|-damage|p2a: Zarude|0 fnt
|-unboost|p1a: Behemoth|def|1
|-unboost|p1a: Behemoth|spd|1
|faint|p2a: Zarude
|
|upkeep
|
|t:|1776084483
|switch|p2a: Iron Valiant|Iron Valiant, tera:Fairy|62/100
|-damage|p2a: Iron Valiant|50/100|[from] Stealth Rock
|turn|33
|
|t:|1776084489
|-end|p1a: Behemoth|Protosynthesis|[silent]
|switch|p1a: Pisces|Alomomola, M, shiny|82/100
|-damage|p1a: Pisces|70/100|[from] Stealth Rock
|move|p2a: Iron Valiant|Moonblast|p1a: Pisces
|-damage|p1a: Pisces|28/100
|
|upkeep
|turn|34
|
|t:|1776084492
|move|p1a: Pisces|Aqua Jet|p2a: Iron Valiant
|-damage|p2a: Iron Valiant|36/100
|move|p2a: Iron Valiant|Moonblast|p1a: Pisces
|-crit|p1a: Pisces
|-damage|p1a: Pisces|0 fnt
|faint|p1a: Pisces
|
|upkeep
|
|t:|1776084494
|switch|p1a: Anonymous|Ogerpon-Teal-Tera, F, tera:Grass|76/100
|-damage|p1a: Anonymous|64/100|[from] Stealth Rock
|-ability|p1a: Anonymous|Embody Aspect (Teal)|boost
|-boost|p1a: Anonymous|spe|1
|turn|35
|
|t:|1776084501
|-end|p2a: Iron Valiant|Quark Drive|[silent]
|switch|p2a: Pecharunt|Pecharunt|93/100
|move|p1a: Anonymous|Ivy Cudgel|p2a: Pecharunt
|-resisted|p2a: Pecharunt
|-crit|p2a: Pecharunt
|-damage|p2a: Pecharunt|57/100
|
|upkeep
|turn|36
|
|t:|1776084505
|switch|p1a: Hybrid|Hydreigon, M, shiny|76/100
|-damage|p1a: Hybrid|64/100|[from] Stealth Rock
|move|p2a: Pecharunt|Malignant Chain|p1a: Hybrid
|-damage|p1a: Hybrid|29/100
|
|upkeep
|turn|37
|
|t:|1776084511
|switch|p1a: Behemoth|Great Tusk, shiny|51/100
|switch|p2a: Fezandipiti|Fezandipiti, M|83/100
|
|upkeep
|turn|38
|
|t:|1776084516
|move|p1a: Behemoth|Rapid Spin|p2a: Fezandipiti
|-damage|p2a: Fezandipiti|65/100
|-boost|p1a: Behemoth|spe|1
|-sideend|p1: gen8arc|Stealth Rock|[from] move: Rapid Spin|[of] p1a: Behemoth
|move|p2a: Fezandipiti|Play Rough|p1a: Behemoth|[miss]
|-miss|p2a: Fezandipiti|p1a: Behemoth
|
|upkeep
|turn|39
|
|t:|1776084522
|move|p1a: Behemoth|Headlong Rush|p2a: Fezandipiti
|-supereffective|p2a: Fezandipiti
|-damage|p2a: Fezandipiti|0 fnt
|-unboost|p1a: Behemoth|def|1
|-unboost|p1a: Behemoth|spd|1
|faint|p2a: Fezandipiti
|
|upkeep
|
|t:|1776084524
|switch|p2a: Pecharunt|Pecharunt|57/100
|turn|40
|j| amimec
|
|t:|1776084528
|move|p1a: Behemoth|Headlong Rush|p2a: Pecharunt
|-supereffective|p2a: Pecharunt
|-damage|p2a: Pecharunt|0 fnt
|-unboost|p1a: Behemoth|def|1
|-unboost|p1a: Behemoth|spd|1
|faint|p2a: Pecharunt
|
|upkeep
|
|t:|1776084532
|switch|p2a: Iron Valiant|Iron Valiant, tera:Fairy|36/100
|-damage|p2a: Iron Valiant|24/100|[from] Stealth Rock
|turn|41
|
|t:|1776084537
|move|p2a: Iron Valiant|Vacuum Wave|p1a: Behemoth
|-damage|p1a: Behemoth|0 fnt
|faint|p1a: Behemoth
|-end|p1a: Behemoth|Protosynthesis|[silent]
|
|upkeep
|
|t:|1776084540
|switch|p1a: Anonymous|Ogerpon-Teal-Tera, F, tera:Grass|64/100
|-ability|p1a: Anonymous|Embody Aspect (Teal)|boost
|-boost|p1a: Anonymous|spe|1
|turn|42
|
|t:|1776084543
|move|p2a: Iron Valiant|Vacuum Wave|p1a: Anonymous
|-damage|p1a: Anonymous|29/100
|move|p1a: Anonymous|Ivy Cudgel|p2a: Iron Valiant
|-damage|p2a: Iron Valiant|0 fnt
|faint|p2a: Iron Valiant
|-end|p2a: Iron Valiant|Quark Drive|[silent]
|
|upkeep
|
|t:|1776084545
|switch|p2a: Ting-Lu|Ting-Lu|49/100
|-damage|p2a: Ting-Lu|43/100|[from] Stealth Rock
|-ability|p2a: Ting-Lu|Vessel of Ruin
|turn|43
|
|t:|1776084546
|move|p1a: Anonymous|Ivy Cudgel|p2a: Ting-Lu
|-supereffective|p2a: Ting-Lu
|-damage|p2a: Ting-Lu|0 fnt
|faint|p2a: Ting-Lu
|
|win|gen8arc
|raw|gen8arc's rating: 1597 &rarr; <strong>1624</strong><br />(+27 for winning)
|raw|Igoodnamename's rating: 1730 &rarr; <strong>1703</strong><br />(-27 for losing)
|l|☆gen8arc
|player|p1|
|l|☆Igoodnamename
|player|p2|
|j|☆Igoodnamename
|player|p2|Igoodnamename|170|
|l|☆Igoodnamename
|player|p2|
