|html|<div class="broadcast-blue"><strong>[Gen 9] OU is currently suspecting Tera Blast! For information on how to participate check out the <a href="https://www.smogon.com/tools/suspects/view/200">suspect thread</a>.</strong></div>
|j|☆iplayonatoaster
|j|☆gen8arc
|t:|1776056560
|gametype|singles
|player|p1|iplayonatoaster|101|1477
|player|p2|gen8arc|iono-masters|1530
|gen|9
|tier|[Gen 9] OU
|rated|
|rule|HP Percentage Mod: HP is shown in percentages
|rule|Endless Battle Clause: Forcing endless battles is banned
|rule|Species Clause: Limit one of each Pokémon
|rule|OHKO Clause: OHKO moves are banned
|rule|Evasion Items Clause: Evasion items are banned
|rule|Evasion Moves Clause: Evasion moves are banned
|rule|Evasion Abilities Clause: Evasion abilities are banned
|rule|Sleep Moves Clause: Sleep-inducing moves are banned
|clearpoke
|poke|p1|Ursaluna, F|
|poke|p1|Rillaboom, F|
|poke|p1|Hatterene, F|
|poke|p1|Cinderace, F|
|poke|p1|Sinistcha|
|poke|p1|Fezandipiti, M|
|poke|p2|Tinkaton, F|
|poke|p2|Ogerpon, F|
|poke|p2|Great Tusk|
|poke|p2|Pecharunt|
|poke|p2|Alomomola, M|
|poke|p2|Hydreigon, M|
|teampreview
|inactive|Battle timer is ON: inactive players will automatically lose when time's up. (requested by gen8arc)
|j| ohko_smeargle
|
|t:|1776056566
|teamsize|p1|6
|teamsize|p2|6
|start
|switch|p1a: Cinderace|Cinderace, F|100/100
|switch|p2a: Anonymous|Ogerpon, F|100/100
|turn|1
|
|t:|1776056568
|switch|p2a: Overseer|Pecharunt|100/100
|move|p1a: Cinderace|U-turn|p2a: Overseer
|-start|p1a: Cinderace|typechange|Bug|[from] ability: Libero
|-resisted|p2a: Overseer
|-damage|p2a: Overseer|97/100
|-damage|p1a: Cinderace|84/100|[from] item: Rocky Helmet|[of] p2a: Overseer
|
|t:|1776056579
|switch|p1a: Rillaboom|Rillaboom, F|100/100|[from] U-turn
|-fieldstart|move: Grassy Terrain|[from] ability: Grassy Surge|[of] p1a: Rillaboom
|
|-heal|p2a: Overseer|100/100|[from] Grassy Terrain
|upkeep
|turn|2
|
|t:|1776056582
|switch|p1a: Fezandipiti|Fezandipiti, M|100/100
|move|p2a: Overseer|Parting Shot|p1a: Fezandipiti
|-unboost|p1a: Fezandipiti|atk|1
|-unboost|p1a: Fezandipiti|spa|1
|
|t:|1776056587
|switch|p2a: Smile.exe|Tinkaton, F, shiny|100/100|[from] Parting Shot
|-item|p2a: Smile.exe|Air Balloon
|
|upkeep
|turn|3
|
|t:|1776056591
|move|p2a: Smile.exe|Gigaton Hammer|p1a: Fezandipiti
|-supereffective|p1a: Fezandipiti
|-damage|p1a: Fezandipiti|0 fnt
|faint|p1a: Fezandipiti
|
|upkeep
|
|t:|1776056597
|switch|p1a: Ursaluna|Ursaluna, F|100/100
|turn|4
|
|t:|1776056605
|move|p2a: Smile.exe|Stealth Rock|p1a: Ursaluna
|-sidestart|p1: iplayonatoaster|move: Stealth Rock
|move|p1a: Ursaluna|Bulk Up|p1a: Ursaluna
|-boost|p1a: Ursaluna|atk|1
|-boost|p1a: Ursaluna|def|1
|
|upkeep
|turn|5
|
|t:|1776056609
|move|p2a: Smile.exe|Encore|p1a: Ursaluna
|-start|p1a: Ursaluna|Encore
|move|p1a: Ursaluna|Bulk Up|p1a: Ursaluna
|-boost|p1a: Ursaluna|atk|1
|-boost|p1a: Ursaluna|def|1
|
|upkeep
|turn|6
|
|t:|1776056613
|switch|p2a: Anonymous|Ogerpon, F|100/100
|move|p1a: Ursaluna|Bulk Up|p1a: Ursaluna
|-boost|p1a: Ursaluna|atk|1
|-boost|p1a: Ursaluna|def|1
|
|upkeep
|turn|7
|
|t:|1776056617
|move|p2a: Anonymous|U-turn|p1a: Ursaluna
|-damage|p1a: Ursaluna|90/100
|
|t:|1776056620
|switch|p2a: Smile.exe|Tinkaton, F, shiny|100/100|[from] U-turn
|-item|p2a: Smile.exe|Air Balloon
|move|p1a: Ursaluna|Bulk Up|p1a: Ursaluna
|-boost|p1a: Ursaluna|atk|1
|-boost|p1a: Ursaluna|def|1
|
|-heal|p1a: Ursaluna|96/100|[from] Grassy Terrain
|-heal|p1a: Ursaluna|100/100|[from] item: Leftovers
|-end|p1a: Ursaluna|Encore
|upkeep
|turn|8
|
|t:|1776056625
|switch|p1a: Cinderace|Cinderace, F|84/100
|move|p2a: Smile.exe|Encore||[still]
|-fail|p2a: Smile.exe
|
|-heal|p1a: Cinderace|90/100|[from] Grassy Terrain
|-fieldend|move: Grassy Terrain
|upkeep
|turn|9
|
|t:|1776056630
|switch|p2a: Overseer|Pecharunt|100/100
|move|p1a: Cinderace|Court Change|p1a: Cinderace
|-start|p1a: Cinderace|typechange|Normal|[from] ability: Libero
|-swapsideconditions
|-activate|p1a: Cinderace|move: Court Change
|
|upkeep
|turn|10
|
|t:|1776056640
|switch|p1a: Sinistcha|Sinistcha|100/100
|move|p2a: Overseer|Malignant Chain|p1a: Sinistcha
|-damage|p1a: Sinistcha|66/100
|-status|p1a: Sinistcha|tox
|-start|p1a: Sinistcha|confusion|[from] ability: Poison Puppeteer|[of] p2a: Overseer
|
|-damage|p1a: Sinistcha|60/100 tox|[from] psn
|upkeep
|turn|11
|
|t:|1776056644
|switch|p1a: Ursaluna|Ursaluna, F|100/100
|move|p2a: Overseer|Parting Shot|p1a: Ursaluna
|-unboost|p1a: Ursaluna|atk|1
|-unboost|p1a: Ursaluna|spa|1
|
|t:|1776056650
|switch|p2a: Anonymous|Ogerpon, F|100/100|[from] Parting Shot
|-damage|p2a: Anonymous|88/100|[from] Stealth Rock
|
|upkeep
|turn|12
|
|t:|1776056655
|switch|p1a: Sinistcha|Sinistcha|60/100 tox
|move|p2a: Anonymous|U-turn|p1a: Sinistcha
|-damage|p1a: Sinistcha|37/100 tox
|
|t:|1776056662
|switch|p2a: Hybrid|Hydreigon, M, shiny|100/100|[from] U-turn
|-damage|p2a: Hybrid|88/100|[from] Stealth Rock
|
|-damage|p1a: Sinistcha|31/100 tox|[from] psn
|upkeep
|turn|13
|
|t:|1776056667
|move|p2a: Hybrid|Dark Pulse|p1a: Sinistcha
|-supereffective|p1a: Sinistcha
|-damage|p1a: Sinistcha|0 fnt
|faint|p1a: Sinistcha
|
|upkeep
|
|t:|1776056671
|switch|p1a: Rillaboom|Rillaboom, F|100/100
|-fieldstart|move: Grassy Terrain|[from] ability: Grassy Surge|[of] p1a: Rillaboom
|turn|14
|
|t:|1776056675
|switch|p2a: Overseer|Pecharunt|100/100
|-damage|p2a: Overseer|88/100|[from] Stealth Rock
|move|p1a: Rillaboom|U-turn|p2a: Overseer
|-resisted|p2a: Overseer
|-damage|p2a: Overseer|85/100
|-damage|p1a: Rillaboom|84/100|[from] item: Rocky Helmet|[of] p2a: Overseer
|
|t:|1776056681
|switch|p1a: Ursaluna|Ursaluna, F|100/100|[from] U-turn
|
|-heal|p2a: Overseer|91/100|[from] Grassy Terrain
|upkeep
|turn|15
|
|t:|1776056684
|move|p2a: Overseer|Parting Shot|p1a: Ursaluna
|-unboost|p1a: Ursaluna|atk|1
|-unboost|p1a: Ursaluna|spa|1
|
|t:|1776056686
|switch|p2a: Smile.exe|Tinkaton, F, shiny|100/100|[from] Parting Shot
|-damage|p2a: Smile.exe|94/100|[from] Stealth Rock
|-item|p2a: Smile.exe|Air Balloon
|move|p1a: Ursaluna|Smack Down|p2a: Smile.exe
|-resisted|p2a: Smile.exe
|-damage|p2a: Smile.exe|88/100
|-enditem|p2a: Smile.exe|Air Balloon
|
|-heal|p2a: Smile.exe|94/100|[from] Grassy Terrain
|upkeep
|turn|16
|
|t:|1776056692
|switch|p1a: Cinderace|Cinderace, F|90/100
|move|p2a: Smile.exe|Encore||[still]
|-fail|p2a: Smile.exe
|
|-heal|p1a: Cinderace|96/100|[from] Grassy Terrain
|-heal|p2a: Smile.exe|99/100|[from] Grassy Terrain
|upkeep
|turn|17
|
|t:|1776056697
|switch|p2a: Overseer|Pecharunt|91/100
|-damage|p2a: Overseer|79/100|[from] Stealth Rock
|move|p1a: Cinderace|Pyro Ball|p2a: Overseer
|-damage|p2a: Overseer|53/100
|
|-heal|p1a: Cinderace|100/100|[from] Grassy Terrain
|-heal|p2a: Overseer|59/100|[from] Grassy Terrain
|upkeep
|turn|18
|
|t:|1776056707
|move|p1a: Cinderace|Sucker Punch||[still]
|-fail|p1a: Cinderace
|move|p2a: Overseer|Recover|p2a: Overseer
|-heal|p2a: Overseer|100/100
|
|upkeep
|turn|19
|
|t:|1776056711
|move|p1a: Cinderace|Pyro Ball|p2a: Overseer
|-damage|p2a: Overseer|73/100
|move|p2a: Overseer|Parting Shot|p1a: Cinderace
|-unboost|p1a: Cinderace|atk|1
|-unboost|p1a: Cinderace|spa|1
|
|t:|1776056714
|switch|p2a: Behemoth|Great Tusk, shiny|100/100|[from] Parting Shot
|
|upkeep
|turn|20
|
|t:|1776056719
|move|p1a: Cinderace|U-turn|p2a: Behemoth
|-start|p1a: Cinderace|typechange|Bug|[from] ability: Libero
|-resisted|p2a: Behemoth
|-damage|p2a: Behemoth|92/100
|
|t:|1776056721
|switch|p1a: Hatterene|Hatterene, F|100/100|[from] U-turn
|move|p2a: Behemoth|Rapid Spin|p1a: Hatterene
|-damage|p1a: Hatterene|87/100
|-boost|p2a: Behemoth|spe|1
|-sideend|p2: gen8arc|Stealth Rock|[from] move: Rapid Spin|[of] p2a: Behemoth
|
|-heal|p2a: Behemoth|98/100|[from] Grassy Terrain
|-heal|p1a: Hatterene|93/100|[from] Grassy Terrain
|-heal|p1a: Hatterene|99/100|[from] item: Leftovers
|upkeep
|turn|21
|
|t:|1776056727
|-end|p2a: Behemoth|Protosynthesis|[silent]
|switch|p2a: Smile.exe|Tinkaton, F, shiny|99/100
|move|p1a: Hatterene|Calm Mind|p1a: Hatterene
|-boost|p1a: Hatterene|spa|1
|-boost|p1a: Hatterene|spd|1
|
|-heal|p2a: Smile.exe|100/100|[from] Grassy Terrain
|-heal|p1a: Hatterene|100/100|[from] Grassy Terrain
|-fieldend|move: Grassy Terrain
|upkeep
|turn|22
|
|t:|1776056730
|switch|p1a: Cinderace|Cinderace, F|100/100
|move|p2a: Smile.exe|Gigaton Hammer|p1a: Cinderace
|-resisted|p1a: Cinderace
|-damage|p1a: Cinderace|57/100
|
|upkeep
|turn|23
|
|t:|1776056734
|switch|p2a: Overseer|Pecharunt|73/100
|move|p1a: Cinderace|U-turn|p2a: Overseer
|-start|p1a: Cinderace|typechange|Bug|[from] ability: Libero
|-resisted|p2a: Overseer
|-damage|p2a: Overseer|68/100
|-damage|p1a: Cinderace|40/100|[from] item: Rocky Helmet|[of] p2a: Overseer
|
|t:|1776056735
|switch|p1a: Ursaluna|Ursaluna, F|100/100|[from] U-turn
|
|upkeep
|turn|24
|
|t:|1776056738
|move|p2a: Overseer|Parting Shot|p1a: Ursaluna
|-unboost|p1a: Ursaluna|atk|1
|-unboost|p1a: Ursaluna|spa|1
|
|t:|1776056742
|switch|p2a: Behemoth|Great Tusk, shiny|98/100|[from] Parting Shot
|move|p1a: Ursaluna|Headlong Rush|p2a: Behemoth
|-damage|p2a: Behemoth|71/100
|-unboost|p1a: Ursaluna|def|1
|-unboost|p1a: Ursaluna|spd|1
|
|upkeep
|turn|25
|-message|iplayonatoaster forfeited.
|
|win|gen8arc
|raw|iplayonatoaster's rating: 1477 &rarr; <strong>1460</strong><br />(-17 for losing)
|raw|gen8arc's rating: 1530 &rarr; <strong>1547</strong><br />(+17 for winning)
|l|☆iplayonatoaster
|player|p1|
|l| ohko_smeargle
|l|☆gen8arc
|player|p2|
