|html|<div class="broadcast-blue"><strong>[Gen 9] OU is currently suspecting Tera Blast! For information on how to participate check out the <a href="https://www.smogon.com/tools/suspects/view/200">suspect thread</a>.</strong></div>
|j|☆sessenta e sete
|j|☆Versato
|t:|1776093508
|gametype|singles
|player|p1|sessenta e sete|smasher|1431
|player|p2|Versato|lucas|1407
|gen|9
|tier|[Gen 9] OU
|rated|
|rule|HP Percentage Mod: HP is shown in percentages
|rule|Endless Battle Clause: Forcing endless battles is banned
|rule|Species Clause: Limit one of each Pokémon
|rule|OHKO Clause: OHKO moves are banned
|rule|Evasion Items Clause: Evasion items are banned
|rule|Evasion Moves Clause: Evasion moves are banned
|rule|Evasion Abilities Clause: Evasion abilities are banned
|rule|Sleep Moves Clause: Sleep-inducing moves are banned
|clearpoke
|poke|p1|Alomomola, M|
|poke|p1|Slowking-Galar, F|
|poke|p1|Lokix, M|
|poke|p1|Kyurem|
|poke|p1|Great Tusk|
|poke|p1|Hatterene, F|
|poke|p2|Hoopa-Unbound|
|poke|p2|Landorus-Therian, M|
|poke|p2|Dragonite, M|
|poke|p2|Scizor, M|
|poke|p2|Weavile, F|
|poke|p2|Okidogi, M|
|teampreview
|inactive|Battle timer is ON: inactive players will automatically lose when time's up. (requested by Versato)
|
|t:|1776093539
|teamsize|p1|6
|teamsize|p2|6
|start
|switch|p1a: Lokix|Lokix, M|100/100
|switch|p2a: Weavile|Weavile, F|100/100
|-ability|p2a: Weavile|Pressure
|turn|1
|
|t:|1776093545
|switch|p2a: Okidogi|Okidogi, M|100/100
|move|p1a: Lokix|U-turn|p2a: Okidogi
|-resisted|p2a: Okidogi
|-damage|p2a: Okidogi|82/100
|
|t:|1776093550
|switch|p1a: Great Tusk|Great Tusk|100/100|[from] U-turn
|
|-heal|p2a: Okidogi|88/100|[from] item: Leftovers
|upkeep
|turn|2
|
|t:|1776093557
|switch|p2a: Landorus|Landorus-Therian, M|100/100
|-ability|p2a: Landorus|Intimidate|boost
|-unboost|p1a: Great Tusk|atk|1
|move|p1a: Great Tusk|Stealth Rock|p2a: Landorus
|-sidestart|p2: Versato|move: Stealth Rock
|
|upkeep
|turn|3
|
|t:|1776093565
|-end|p1a: Great Tusk|Protosynthesis|[silent]
|switch|p1a: Hatterene|Hatterene, F|100/100
|move|p2a: Landorus|Psychic|p1a: Hatterene
|-resisted|p1a: Hatterene
|-damage|p1a: Hatterene|84/100
|
|upkeep
|turn|4
|
|t:|1776093575
|move|p2a: Landorus|Sludge Bomb|p1a: Hatterene
|-supereffective|p1a: Hatterene
|-damage|p1a: Hatterene|28/100
|-status|p1a: Hatterene|psn
|move|p1a: Hatterene|Nuzzle|p2a: Landorus
|-immune|p2a: Landorus
|
|-damage|p1a: Hatterene|16/100 psn|[from] psn
|upkeep
|turn|5
|
|t:|1776093587
|switch|p1a: Slowking|Slowking-Galar, F|100/100
|move|p2a: Landorus|U-turn|p1a: Slowking
|-damage|p1a: Slowking|77/100
|
|t:|1776093593
|switch|p2a: Weavile|Weavile, F|100/100|[from] U-turn
|-damage|p2a: Weavile|76/100|[from] Stealth Rock
|-ability|p2a: Weavile|Pressure
|
|upkeep
|turn|6
|
|t:|1776093600
|switch|p1a: Hatterene|Hatterene, F|16/100 psn
|-terastallize|p2a: Weavile|Dark
|move|p2a: Weavile|Beat Up|p1a: Hatterene
|-damage|p1a: Hatterene|2/100 psn
|-damage|p1a: Hatterene|0 fnt
|faint|p1a: Hatterene
|-hitcount|p1: Hatterene|2
|
|upkeep
|
|t:|1776093608
|switch|p1a: Lokix|Lokix, M|100/100
|turn|7
|
|t:|1776093612
|switch|p2a: Landorus|Landorus-Therian, M|100/100
|-damage|p2a: Landorus|88/100|[from] Stealth Rock
|-ability|p2a: Landorus|Intimidate|boost
|-unboost|p1a: Lokix|atk|1
|move|p1a: Lokix|First Impression|p2a: Landorus
|-resisted|p2a: Landorus
|-crit|p2a: Landorus
|-damage|p2a: Landorus|0 fnt
|-damage|p1a: Lokix|84/100|[from] item: Rocky Helmet|[of] p2a: Landorus
|faint|p2a: Landorus
|
|upkeep
|
|t:|1776093622
|switch|p2a: Okidogi|Okidogi, M|88/100
|-damage|p2a: Okidogi|82/100|[from] Stealth Rock
|turn|8
|
|t:|1776093628
|switch|p1a: Alomomola|Alomomola, M|100/100
|move|p2a: Okidogi|Bulk Up|p2a: Okidogi
|-boost|p2a: Okidogi|atk|1
|-boost|p2a: Okidogi|def|1
|
|-heal|p2a: Okidogi|88/100|[from] item: Leftovers
|upkeep
|turn|9
|
|t:|1776093635
|move|p2a: Okidogi|Bulk Up|p2a: Okidogi
|-boost|p2a: Okidogi|atk|1
|-boost|p2a: Okidogi|def|1
|move|p1a: Alomomola|Scald|p2a: Okidogi
|-damage|p2a: Okidogi|76/100
|-status|p2a: Okidogi|brn
|
|-heal|p2a: Okidogi|82/100 brn|[from] item: Leftovers
|-damage|p2a: Okidogi|76/100 brn|[from] brn
|upkeep
|turn|10
|
|t:|1776093646
|move|p2a: Okidogi|Knock Off|p1a: Alomomola
|-damage|p1a: Alomomola|86/100
|-damage|p2a: Okidogi|59/100 brn|[from] item: Rocky Helmet|[of] p1a: Alomomola
|-enditem|p1a: Alomomola|Rocky Helmet|[from] move: Knock Off|[of] p2a: Okidogi
|move|p1a: Alomomola|Flip Turn|p2a: Okidogi
|-damage|p2a: Okidogi|53/100 brn
|
|t:|1776093661
|switch|p1a: Kyurem|Kyurem|100/100|[from] Flip Turn
|-ability|p1a: Kyurem|Pressure
|
|-heal|p2a: Okidogi|59/100 brn|[from] item: Leftovers
|-damage|p2a: Okidogi|53/100 brn|[from] brn
|upkeep
|turn|11
|
|t:|1776093670
|move|p1a: Kyurem|Earth Power|p2a: Okidogi
|-supereffective|p2a: Okidogi
|-damage|p2a: Okidogi|0 fnt
|faint|p2a: Okidogi
|
|upkeep
|
|t:|1776093682
|switch|p2a: Scizor|Scizor, M|100/100
|-damage|p2a: Scizor|88/100|[from] Stealth Rock
|turn|12
|
|t:|1776093691
|move|p1a: Kyurem|Earth Power|p2a: Scizor
|-damage|p2a: Scizor|30/100
|move|p2a: Scizor|Dual Wingbeat|p1a: Kyurem
|-damage|p1a: Kyurem|69/100
|-damage|p1a: Kyurem|37/100
|-hitcount|p1a: Kyurem|2
|
|upkeep
|turn|13
|
|t:|1776093699
|switch|p1a: Alomomola|Alomomola, M|100/100
|switch|p2a: Dragonite|Dragonite, M|100/100
|
|upkeep
|turn|14
|
|t:|1776093706
|move|p2a: Dragonite|Dragon Dance|p2a: Dragonite
|-boost|p2a: Dragonite|atk|1
|-boost|p2a: Dragonite|spe|1
|move|p1a: Alomomola|Scald|p2a: Dragonite
|-resisted|p2a: Dragonite
|-damage|p2a: Dragonite|97/100
|
|upkeep
|turn|15
|
|t:|1776093712
|move|p2a: Dragonite|Dragon Dance|p2a: Dragonite
|-boost|p2a: Dragonite|atk|1
|-boost|p2a: Dragonite|spe|1
|move|p1a: Alomomola|Scald|p2a: Dragonite
|-resisted|p2a: Dragonite
|-damage|p2a: Dragonite|90/100
|
|upkeep
|turn|16
|
|t:|1776093720
|move|p2a: Dragonite|Thunder Punch|p1a: Alomomola
|-supereffective|p1a: Alomomola
|-damage|p1a: Alomomola|39/100
|move|p1a: Alomomola|Scald|p2a: Dragonite
|-resisted|p2a: Dragonite
|-damage|p2a: Dragonite|83/100
|
|upkeep
|turn|17
|
|t:|1776093731
|switch|p1a: Great Tusk|Great Tusk|100/100
|move|p2a: Dragonite|Earthquake|p1a: Great Tusk
|-crit|p1a: Great Tusk
|-damage|p1a: Great Tusk|25/100
|
|upkeep
|turn|18
|
|t:|1776093748
|move|p2a: Dragonite|Earthquake|p1a: Great Tusk
|-damage|p1a: Great Tusk|0 fnt
|faint|p1a: Great Tusk
|-end|p1a: Great Tusk|Protosynthesis|[silent]
|
|upkeep
|
|t:|1776093751
|switch|p1a: Alomomola|Alomomola, M|72/100
|turn|19
|
|t:|1776093757
|move|p2a: Dragonite|Dragon Dance|p2a: Dragonite
|-boost|p2a: Dragonite|atk|1
|-boost|p2a: Dragonite|spe|1
|move|p1a: Alomomola|Scald|p2a: Dragonite
|-resisted|p2a: Dragonite
|-damage|p2a: Dragonite|75/100
|
|upkeep
|turn|20
|
|t:|1776093764
|-terastallize|p1a: Alomomola|Ghost
|move|p2a: Dragonite|Thunder Punch|p1a: Alomomola
|-damage|p1a: Alomomola|36/100
|move|p1a: Alomomola|Scald|p2a: Dragonite
|-resisted|p2a: Dragonite
|-damage|p2a: Dragonite|68/100
|
|upkeep
|turn|21
|
|t:|1776093773
|move|p2a: Dragonite|Earthquake|p1a: Alomomola
|-damage|p1a: Alomomola|0 fnt
|faint|p1a: Alomomola
|
|upkeep
|
|t:|1776093777
|switch|p1a: Lokix|Lokix, M|84/100
|turn|22
|
|t:|1776093780
|move|p2a: Dragonite|Extreme Speed|p1a: Lokix
|-damage|p1a: Lokix|0 fnt
|faint|p1a: Lokix
|
|upkeep
|-message|sessenta e sete forfeited.
|
|win|Versato
|raw|sessenta e sete's rating: 1431 &rarr; <strong>1410</strong><br />(-21 for losing)
|raw|Versato's rating: 1407 &rarr; <strong>1428</strong><br />(+21 for winning)
|l|☆sessenta e sete
|player|p1|
|l|☆Versato
|player|p2|
