|html|<div class="broadcast-blue"><strong>[Gen 9] OU is currently suspecting Tera Blast! For information on how to participate check out the <a href="https://www.smogon.com/tools/suspects/view/200">suspect thread</a>.</strong></div>
|j|☆Foolishcowboy1
|j|☆blueb0x
|t:|1776038158
|gametype|singles
|player|p1|Foolishcowboy1|1|1058
|player|p2|blueb0x|benga|1000
|gen|9
|tier|[Gen 9] OU
|rated|
|rule|HP Percentage Mod: HP is shown in percentages
|rule|Endless Battle Clause: Forcing endless battles is banned
|rule|Species Clause: Limit one of each Pokémon
|rule|OHKO Clause: OHKO moves are banned
|rule|Evasion Items Clause: Evasion items are banned
|rule|Evasion Moves Clause: Evasion moves are banned
|rule|Evasion Abilities Clause: Evasion abilities are banned
|rule|Sleep Moves Clause: Sleep-inducing moves are banned
|clearpoke
|poke|p1|Metagross|
|poke|p1|Blaziken, F|
|poke|p1|Kingdra, M|
|poke|p1|Iron Valiant|
|poke|p1|Hydreigon, M|
|poke|p1|Ceruledge, M|
|poke|p2|Corviknight, F|
|poke|p2|Tyranitar, M|
|poke|p2|Excadrill, F|
|poke|p2|Primarina, M|
|poke|p2|Gholdengo|
|poke|p2|Kingambit, M|
|teampreview
|
|t:|1776038168
|teamsize|p1|6
|teamsize|p2|6
|start
|switch|p1a: Kingdra|Kingdra, M, shiny|100/100
|switch|p2a: Corviknight|Corviknight, F, shiny|100/100
|turn|1
|
|t:|1776038179
|move|p1a: Kingdra|Scald|p2a: Corviknight
|-damage|p2a: Corviknight|64/100
|move|p2a: Corviknight|Bulk Up|p2a: Corviknight
|-boost|p2a: Corviknight|atk|1
|-boost|p2a: Corviknight|def|1
|
|-heal|p2a: Corviknight|70/100|[from] item: Leftovers
|upkeep
|turn|2
|
|t:|1776038189
|move|p1a: Kingdra|Scald|p2a: Corviknight
|-damage|p2a: Corviknight|37/100
|move|p2a: Corviknight|Tailwind|p2a: Corviknight
|-sidestart|p2: blueb0x|move: Tailwind
|
|-heal|p2a: Corviknight|44/100|[from] item: Leftovers
|upkeep
|turn|3
|
|t:|1776038198
|move|p2a: Corviknight|Brave Bird|p1a: Kingdra
|-damage|p1a: Kingdra|39/100
|-damage|p2a: Corviknight|29/100|[from] Recoil
|move|p1a: Kingdra|Scald|p2a: Corviknight
|-damage|p2a: Corviknight|0 fnt
|faint|p2a: Corviknight
|
|upkeep
|
|t:|1776038208
|switch|p2a: Primarina|Primarina, M, shiny|100/100
|turn|4
|
|t:|1776038213
|move|p2a: Primarina|Moonblast|p1a: Kingdra
|-supereffective|p1a: Kingdra
|-damage|p1a: Kingdra|0 fnt
|faint|p1a: Kingdra
|
|upkeep
|
|t:|1776038225
|switch|p1a: Metagross|Metagross, shiny|100/100
|turn|5
|
|t:|1776038236
|move|p2a: Primarina|Protect|p2a: Primarina
|-singleturn|p2a: Primarina|Protect
|move|p1a: Metagross|Meteor Mash|p2a: Primarina
|-activate|p2a: Primarina|move: Protect
|
|-sideend|p2: blueb0x|move: Tailwind
|upkeep
|turn|6
|
|t:|1776038251
|switch|p2a: Kingambit|Kingambit, M, shiny|100/100
|-activate|p2a: Kingambit|ability: Supreme Overlord
|-start|p2a: Kingambit|fallen1|[silent]
|move|p1a: Metagross|Meteor Mash|p2a: Kingambit
|-resisted|p2a: Kingambit
|-damage|p2a: Kingambit|81/100
|
|upkeep
|turn|7
|
|t:|1776038264
|-terastallize|p2a: Kingambit|Dark
|move|p2a: Kingambit|Sucker Punch|p1a: Metagross
|-supereffective|p1a: Metagross
|-damage|p1a: Metagross|0 fnt
|-damage|p2a: Kingambit|65/100|[from] item: Rocky Helmet|[of] p1a: Metagross
|faint|p1a: Metagross
|
|upkeep
|
|t:|1776038273
|switch|p1a: Iron Valiant|Iron Valiant|100/100
|-enditem|p1a: Iron Valiant|Booster Energy
|-activate|p1a: Iron Valiant|ability: Quark Drive|[fromitem]
|-start|p1a: Iron Valiant|quarkdrivespe
|turn|8
|
|t:|1776038288
|-end|p2a: Kingambit|fallen1|[silent]
|switch|p2a: Primarina|Primarina, M, shiny|100/100
|move|p1a: Iron Valiant|Close Combat|p2a: Primarina
|-resisted|p2a: Primarina
|-damage|p2a: Primarina|63/100
|-unboost|p1a: Iron Valiant|def|1
|-unboost|p1a: Iron Valiant|spd|1
|
|upkeep
|turn|9
|
|t:|1776038299
|-end|p1a: Iron Valiant|Quark Drive|[silent]
|switch|p1a: Ceruledge|Ceruledge, M|100/100
|move|p2a: Primarina|Moonblast|p1a: Ceruledge
|-resisted|p1a: Ceruledge
|-damage|p1a: Ceruledge|72/100
|
|upkeep
|turn|10
|
|t:|1776038307
|move|p1a: Ceruledge|Destiny Bond|p1a: Ceruledge
|-singlemove|p1a: Ceruledge|Destiny Bond
|move|p2a: Primarina|Hyper Voice|p1a: Ceruledge
|-supereffective|p1a: Ceruledge
|-damage|p1a: Ceruledge|0 fnt
|faint|p1a: Ceruledge
|-activate|p1a: Ceruledge|move: Destiny Bond
|faint|p2a: Primarina
|
|upkeep
|
|t:|1776038317
|switch|p1a: Blaziken|Blaziken, F, shiny|100/100
|switch|p2a: Excadrill|Excadrill, F|100/100
|-item|p1a: Blaziken|Air Balloon
|turn|11
|
|t:|1776038325
|move|p2a: Excadrill|Protect|p2a: Excadrill
|-singleturn|p2a: Excadrill|Protect
|move|p1a: Blaziken|Protect||[still]
|-fail|p1a: Blaziken
|
|-ability|p1a: Blaziken|Speed Boost|boost
|-boost|p1a: Blaziken|spe|1
|upkeep
|turn|12
|
|t:|1776038333
|move|p1a: Blaziken|Close Combat|p2a: Excadrill
|-supereffective|p2a: Excadrill
|-enditem|p2a: Excadrill|Focus Sash
|-damage|p2a: Excadrill|1/100
|-unboost|p1a: Blaziken|def|1
|-unboost|p1a: Blaziken|spd|1
|move|p2a: Excadrill|Poison Jab|p1a: Blaziken
|-damage|p1a: Blaziken|33/100
|-enditem|p1a: Blaziken|Air Balloon
|
|-ability|p1a: Blaziken|Speed Boost|boost
|-boost|p1a: Blaziken|spe|1
|upkeep
|turn|13
|
|t:|1776038345
|move|p2a: Excadrill|Protect|p2a: Excadrill
|-singleturn|p2a: Excadrill|Protect
|move|p1a: Blaziken|Close Combat|p2a: Excadrill
|-activate|p2a: Excadrill|move: Protect
|
|-ability|p1a: Blaziken|Speed Boost|boost
|-boost|p1a: Blaziken|spe|1
|upkeep
|turn|14
|
|t:|1776038354
|move|p1a: Blaziken|Close Combat|p2a: Excadrill
|-supereffective|p2a: Excadrill
|-damage|p2a: Excadrill|0 fnt
|-unboost|p1a: Blaziken|def|1
|-unboost|p1a: Blaziken|spd|1
|faint|p2a: Excadrill
|
|-ability|p1a: Blaziken|Speed Boost|boost
|-boost|p1a: Blaziken|spe|1
|upkeep
|
|t:|1776038362
|switch|p2a: Kingambit|Kingambit, M, shiny, tera:Dark|65/100
|-activate|p2a: Kingambit|ability: Supreme Overlord
|-start|p2a: Kingambit|fallen3|[silent]
|turn|15
|
|t:|1776038367
|move|p2a: Kingambit|Sucker Punch|p1a: Blaziken
|-resisted|p1a: Blaziken
|-crit|p1a: Blaziken
|-damage|p1a: Blaziken|0 fnt
|faint|p1a: Blaziken
|
|upkeep
|
|t:|1776038371
|switch|p1a: Iron Valiant|Iron Valiant|100/100
|turn|16
|
|t:|1776038376
|-end|p2a: Kingambit|fallen3|[silent]
|switch|p2a: Gholdengo|Gholdengo|100/100
|move|p1a: Iron Valiant|Close Combat|p2a: Gholdengo
|-immune|p2a: Gholdengo
|
|upkeep
|turn|17
|
|t:|1776038389
|move|p1a: Iron Valiant|Knock Off|p2a: Gholdengo
|-supereffective|p2a: Gholdengo
|-damage|p2a: Gholdengo|25/100
|-enditem|p2a: Gholdengo|Choice Specs|[from] move: Knock Off|[of] p1a: Iron Valiant
|move|p2a: Gholdengo|Make It Rain|p1a: Iron Valiant
|-supereffective|p1a: Iron Valiant
|-damage|p1a: Iron Valiant|0 fnt
|-unboost|p2a: Gholdengo|spa|1
|faint|p1a: Iron Valiant
|-end|p1a: Iron Valiant|Quark Drive|[silent]
|
|upkeep
|
|t:|1776038392
|switch|p1a: Hydreigon|Hydreigon, M|100/100
|turn|18
|
|t:|1776038401
|move|p1a: Hydreigon|Dark Pulse|p2a: Gholdengo
|-supereffective|p2a: Gholdengo
|-damage|p2a: Gholdengo|0 fnt
|faint|p2a: Gholdengo
|-damage|p1a: Hydreigon|91/100|[from] item: Life Orb
|
|upkeep
|
|t:|1776038407
|switch|p2a: Tyranitar|Tyranitar, M|100/100
|-weather|Sandstorm|[from] ability: Sand Stream|[of] p2a: Tyranitar
|turn|19
|
|t:|1776038415
|-terastallize|p1a: Hydreigon|Steel
|move|p1a: Hydreigon|Flash Cannon|p2a: Tyranitar
|-supereffective|p2a: Tyranitar
|-damage|p2a: Tyranitar|41/100
|-damage|p1a: Hydreigon|81/100|[from] item: Life Orb
|move|p2a: Tyranitar|Low Kick|p1a: Hydreigon
|-supereffective|p1a: Hydreigon
|-damage|p1a: Hydreigon|0 fnt
|faint|p1a: Hydreigon
|
|win|blueb0x
|raw|Foolishcowboy1's rating: 1058 &rarr; <strong>1036</strong><br />(-22 for losing)
|raw|blueb0x's rating: 1000 &rarr; <strong>1047</strong><br />(+47 for winning)
|l|☆Foolishcowboy1
|player|p1|
