|html|<div class="broadcast-blue"><strong>[Gen 9] OU is currently suspecting Tera Blast! For information on how to participate check out the <a href="https://www.smogon.com/tools/suspects/view/200">suspect thread</a>.</strong></div>
|j|☆Chrisnwobu
|j|☆tony4939312
|t:|1776219485
|gametype|singles
|player|p1|Chrisnwobu|skier|1396
|player|p2|tony4939312|170|1358
|gen|9
|tier|[Gen 9] OU
|rated|
|rule|HP Percentage Mod: HP is shown in percentages
|rule|Endless Battle Clause: Forcing endless battles is banned
|rule|Species Clause: Limit one of each Pokémon
|rule|OHKO Clause: OHKO moves are banned
|rule|Evasion Items Clause: Evasion items are banned
|rule|Evasion Moves Clause: Evasion moves are banned
|rule|Evasion Abilities Clause: Evasion abilities are banned
|rule|Sleep Moves Clause: Sleep-inducing moves are banned
|clearpoke
|poke|p1|Torkoal, M|
|poke|p1|Great Tusk|
|poke|p1|Walking Wake|
|poke|p1|Venusaur, M|
|poke|p1|Ceruledge, M|
|poke|p1|Hatterene, F|
|poke|p2|Slowking-Galar, F|
|poke|p2|Iron Valiant|
|poke|p2|Iron Treads|
|poke|p2|Alomomola, F|
|poke|p2|Dragapult, F|
|poke|p2|Meowscarada, M|
|teampreview
|inactive|Battle timer is ON: inactive players will automatically lose when time's up. (requested by Chrisnwobu)
|
|t:|1776219489
|teamsize|p1|6
|teamsize|p2|6
|start
|switch|p1a: Torkoal|Torkoal, M|100/100
|switch|p2a: Slowking|Slowking-Galar, F, shiny|100/100
|-weather|SunnyDay|[from] ability: Drought|[of] p1a: Torkoal
|turn|1
|
|t:|1776219494
|move|p1a: Torkoal|Stealth Rock|p2a: Slowking
|-sidestart|p2: tony4939312|move: Stealth Rock
|move|p2a: Slowking|Psychic Noise|p1a: Torkoal
|-damage|p1a: Torkoal|73/100
|-start|p1a: Torkoal|move: Heal Block
|
|-weather|SunnyDay|[upkeep]
|upkeep
|turn|2
|
|t:|1776219508
|switch|p1a: Hatterene|Hatterene, F|100/100
|-prepare|p2a: Slowking|Chilly Reception|[premajor]
|move|p2a: Slowking|Chilly Reception|p2a: Slowking
|-weather|Snowscape
|
|t:|1776219510
|switch|p2a: Iron Treads|Iron Treads, shiny|100/100|[from] Chilly Reception
|
|-weather|Snowscape|[upkeep]
|upkeep
|turn|3
|
|t:|1776219522
|move|p2a: Iron Treads|Rapid Spin|p1a: Hatterene
|-damage|p1a: Hatterene|90/100
|-boost|p2a: Iron Treads|spe|1
|-sideend|p2: tony4939312|Stealth Rock|[from] move: Rapid Spin|[of] p2a: Iron Treads
|-enditem|p1a: Hatterene|Eject Button
|
|t:|1776219525
|switch|p1a: Torkoal|Torkoal, M|73/100
|-weather|SunnyDay|[from] ability: Drought|[of] p1a: Torkoal
|
|-weather|SunnyDay|[upkeep]
|upkeep
|turn|4
|
|t:|1776219529
|move|p2a: Iron Treads|Earth Power|p1a: Torkoal
|-supereffective|p1a: Torkoal
|-damage|p1a: Torkoal|15/100
|move|p1a: Torkoal|Lava Plume|p2a: Iron Treads
|-supereffective|p2a: Iron Treads
|-damage|p2a: Iron Treads|0 fnt
|faint|p2a: Iron Treads
|-end|p2a: Iron Treads|Quark Drive|[silent]
|
|-weather|SunnyDay|[upkeep]
|upkeep
|
|t:|1776219532
|switch|p2a: Slowking|Slowking-Galar, F, shiny|100/100
|turn|5
|
|t:|1776219543
|move|p1a: Torkoal|Stealth Rock|p2a: Slowking
|-sidestart|p2: tony4939312|move: Stealth Rock
|move|p2a: Slowking|Psychic Noise|p1a: Torkoal
|-damage|p1a: Torkoal|0 fnt
|faint|p1a: Torkoal
|
|-weather|SunnyDay|[upkeep]
|upkeep
|
|t:|1776219552
|switch|p1a: Ceruledge|Ceruledge, M|100/100
|turn|6
|
|t:|1776219556
|-terastallize|p2a: Slowking|Water
|move|p1a: Ceruledge|Bitter Blade|p2a: Slowking
|-resisted|p2a: Slowking
|-damage|p2a: Slowking|66/100
|-prepare|p2a: Slowking|Chilly Reception|[premajor]
|move|p2a: Slowking|Chilly Reception|p2a: Slowking
|-weather|Snowscape
|
|t:|1776219562
|switch|p2a: Alomomola|Alomomola, F, shiny|100/100|[from] Chilly Reception
|-damage|p2a: Alomomola|88/100|[from] Stealth Rock
|
|-weather|Snowscape|[upkeep]
|upkeep
|turn|7
|
|t:|1776219571
|move|p1a: Ceruledge|Swords Dance|p1a: Ceruledge
|-boost|p1a: Ceruledge|atk|2
|move|p2a: Alomomola|Flip Turn|p1a: Ceruledge
|-supereffective|p1a: Ceruledge
|-damage|p1a: Ceruledge|53/100
|-ability|p1a: Ceruledge|Weak Armor|boost
|-unboost|p1a: Ceruledge|def|1
|-boost|p1a: Ceruledge|spe|2
|-enditem|p1a: Ceruledge|Weakness Policy
|-boost|p1a: Ceruledge|atk|2|[from] item: Weakness Policy
|-boost|p1a: Ceruledge|spa|2|[from] item: Weakness Policy
|
|t:|1776219585
|switch|p2a: Meowscarada|Meowscarada, M|100/100|[from] Flip Turn
|-damage|p2a: Meowscarada|88/100|[from] Stealth Rock
|
|-weather|Snowscape|[upkeep]
|upkeep
|turn|8
|
|t:|1776219591
|-terastallize|p1a: Ceruledge|Fire
|move|p1a: Ceruledge|Bitter Blade|p2a: Meowscarada
|-supereffective|p2a: Meowscarada
|-damage|p2a: Meowscarada|0 fnt
|-heal|p1a: Ceruledge|97/100|[from] drain|[of] p2a: Meowscarada
|faint|p2a: Meowscarada
|
|-weather|Snowscape|[upkeep]
|upkeep
|-message|tony4939312 forfeited.
|
|win|Chrisnwobu
|raw|Chrisnwobu's rating: 1396 &rarr; <strong>1414</strong><br />(+18 for winning)
|raw|tony4939312's rating: 1358 &rarr; <strong>1340</strong><br />(-18 for losing)
|l|☆tony4939312
|player|p2|
