|html|<div class="broadcast-blue"><strong>[Gen 9] OU is currently suspecting Tera Blast! For information on how to participate check out the <a href="https://www.smogon.com/tools/suspects/view/200">suspect thread</a>.</strong></div>
|j|☆Beef Lo Mein
|j|☆TheRegisAreCool
|t:|1776219446
|gametype|singles
|player|p1|Beef Lo Mein|benga|1215
|player|p2|TheRegisAreCool|fisherman-gen4|1187
|gen|9
|tier|[Gen 9] OU
|rated|
|rule|HP Percentage Mod: HP is shown in percentages
|rule|Endless Battle Clause: Forcing endless battles is banned
|rule|Species Clause: Limit one of each Pokémon
|rule|OHKO Clause: OHKO moves are banned
|rule|Evasion Items Clause: Evasion items are banned
|rule|Evasion Moves Clause: Evasion moves are banned
|rule|Evasion Abilities Clause: Evasion abilities are banned
|rule|Sleep Moves Clause: Sleep-inducing moves are banned
|clearpoke
|poke|p1|Toxapex, F|
|poke|p1|Gliscor, F|
|poke|p1|Alomomola, F|
|poke|p1|Blissey, F|
|poke|p1|Clodsire, F|
|poke|p1|Dondozo, F|
|poke|p2|Conkeldurr, M|
|poke|p2|Iron Moth|
|poke|p2|Glimmora, M|
|poke|p2|Kommo-o, F|
|poke|p2|Samurott-Hisui, F|
|poke|p2|Donphan, M|
|teampreview
|inactive|Battle timer is ON: inactive players will automatically lose when time's up. (requested by Beef Lo Mein)
|inactive|TheRegisAreCool also wants the timer to be on.
|j| HyperStallMIA 2
|j| t44 (the one)
|
|t:|1776219460
|teamsize|p1|6
|teamsize|p2|6
|start
|switch|p1a: Worth Trying.|Clodsire, F, shiny|100/100
|switch|p2a: Samurott|Samurott-Hisui, F|100/100
|turn|1
|
|t:|1776219466
|switch|p1a: Keep Trying.|Toxapex, F|100/100
|move|p2a: Samurott|Ceaseless Edge|p1a: Keep Trying.
|-damage|p1a: Keep Trying.|71/100
|-sidestart|p1: Beef Lo Mein|Spikes
|
|upkeep
|turn|2
|j| Shucklepilled
|
|t:|1776219477
|switch|p2a: Glimmora|Glimmora, M|100/100
|move|p1a: Keep Trying.|Toxic|p2a: Glimmora
|-immune|p2a: Glimmora
|
|upkeep
|turn|3
|
|t:|1776219484
|move|p2a: Glimmora|Earth Power|p1a: Keep Trying.
|-supereffective|p1a: Keep Trying.
|-damage|p1a: Keep Trying.|19/100
|move|p1a: Keep Trying.|Toxic Spikes|p2a: Glimmora
|-sidestart|p2: TheRegisAreCool|move: Toxic Spikes
|
|upkeep
|turn|4
|
|t:|1776219490
|switch|p1a: Still Trying?|Blissey, F, shiny|100/100
|move|p2a: Glimmora|Earth Power|p1a: Still Trying?
|-damage|p1a: Still Trying?|91/100
|
|upkeep
|turn|5
|
|t:|1776219495
|move|p2a: Glimmora|Mortal Spin|p1a: Still Trying?
|-damage|p1a: Still Trying?|84/100
|-status|p1a: Still Trying?|psn
|-sideend|p2: TheRegisAreCool|Toxic Spikes|[from] move: Mortal Spin|[of] p2a: Glimmora
|move|p1a: Still Trying?|Seismic Toss|p2a: Glimmora
|-damage|p2a: Glimmora|68/100
|-activate|p2a: Glimmora|ability: Toxic Debris
|-sidestart|p1: Beef Lo Mein|move: Toxic Spikes
|
|-damage|p1a: Still Trying?|72/100 psn|[from] psn
|upkeep
|turn|6
|
|t:|1776219503
|switch|p2a: Conkeldurr|Conkeldurr, M|100/100
|move|p1a: Still Trying?|Seismic Toss|p2a: Conkeldurr
|-damage|p2a: Conkeldurr|76/100
|
|-damage|p1a: Still Trying?|59/100 psn|[from] psn
|-status|p2a: Conkeldurr|brn|[from] item: Flame Orb
|upkeep
|turn|7
|
|t:|1776219514
|-curestatus|p1a: Still Trying?|psn|[from] ability: Natural Cure
|switch|p1a: Keep Trying.|Toxapex, F|52/100
|-sideend|p1: Beef Lo Mein|move: Toxic Spikes|[of] p1a: Keep Trying.
|move|p2a: Conkeldurr|Close Combat|p1a: Keep Trying.
|-resisted|p1a: Keep Trying.
|-damage|p1a: Keep Trying.|22/100
|-unboost|p2a: Conkeldurr|def|1
|-unboost|p2a: Conkeldurr|spd|1
|
|-damage|p2a: Conkeldurr|70/100 brn|[from] brn
|upkeep
|turn|8
|
|t:|1776219528
|switch|p2a: Glimmora|Glimmora, M|68/100
|switch|p1a: Let's Try.|Gliscor, F, shiny|100/100
|
|-status|p1a: Let's Try.|tox|[from] item: Toxic Orb
|upkeep
|turn|9
|
|t:|1776219534
|move|p2a: Glimmora|Power Gem|p1a: Let's Try.
|-damage|p1a: Let's Try.|54/100 tox
|move|p1a: Let's Try.|Knock Off|p2a: Glimmora
|-damage|p2a: Glimmora|41/100
|-activate|p2a: Glimmora|ability: Toxic Debris
|-sidestart|p1: Beef Lo Mein|move: Toxic Spikes
|-enditem|p2a: Glimmora|Focus Sash|[from] move: Knock Off|[of] p1a: Let's Try.
|
|-heal|p1a: Let's Try.|66/100 tox|[from] ability: Poison Heal
|upkeep
|turn|10
|
|t:|1776219539
|move|p1a: Let's Try.|Protect|p1a: Let's Try.
|-singleturn|p1a: Let's Try.|Protect
|move|p2a: Glimmora|Power Gem|p1a: Let's Try.
|-activate|p1a: Let's Try.|move: Protect
|
|-heal|p1a: Let's Try.|79/100 tox|[from] ability: Poison Heal
|upkeep
|turn|11
|
|t:|1776219542
|switch|p1a: Still Trying?|Blissey, F, shiny|59/100
|move|p2a: Glimmora|Power Gem|p1a: Still Trying?
|-damage|p1a: Still Trying?|47/100
|
|upkeep
|turn|12
|
|t:|1776219553
|switch|p2a: Samurott|Samurott-Hisui, F|100/100
|move|p1a: Still Trying?|Seismic Toss|p2a: Samurott
|-damage|p2a: Samurott|69/100
|
|upkeep
|turn|13
|
|t:|1776219561
|switch|p1a: Keep Trying.|Toxapex, F|56/100
|-sideend|p1: Beef Lo Mein|move: Toxic Spikes|[of] p1a: Keep Trying.
|move|p2a: Samurott|Ceaseless Edge|p1a: Keep Trying.|[miss]
|-miss|p2a: Samurott|p1a: Keep Trying.
|
|upkeep
|turn|14
|
|t:|1776219567
|move|p2a: Samurott|Ceaseless Edge|p1a: Keep Trying.
|-crit|p1a: Keep Trying.
|-damage|p1a: Keep Trying.|8/100
|-sidestart|p1: Beef Lo Mein|Spikes
|move|p1a: Keep Trying.|Toxic Spikes|p2a: Samurott
|-sidestart|p2: TheRegisAreCool|move: Toxic Spikes
|
|upkeep
|turn|15
|
|t:|1776219575
|switch|p1a: Try Harder.|Alomomola, F, shiny|100/100
|move|p2a: Samurott|Ceaseless Edge|p1a: Try Harder.
|-crit|p1a: Try Harder.
|-damage|p1a: Try Harder.|57/100
|-sidestart|p1: Beef Lo Mein|Spikes
|
|upkeep
|turn|16
|
|t:|1776219581
|move|p1a: Try Harder.|Protect|p1a: Try Harder.
|-singleturn|p1a: Try Harder.|Protect
|move|p2a: Samurott|Ceaseless Edge|p1a: Try Harder.
|-activate|p1a: Try Harder.|move: Protect
|
|upkeep
|turn|17
|c|☆Beef Lo Mein|!dt ceaseless edge
|c|☆Beef Lo Mein|/raw <ul class="utilichart"><li class="result"><span class="col movenamecol"><a href="https://dex.pokemonshowdown.com/moves/ceaselessedge">Ceaseless Edge</a></span> <span class="col typecol"><img src="//play.pokemonshowdown.com/sprites/types/Dark.png" alt="Dark" width="32" height="14"><img src="//play.pokemonshowdown.com/sprites/categories/Physical.png" alt="Physical" width="32" height="14"></span> <span class="col labelcol"><em>Power</em><br>65</span> <span class="col widelabelcol"><em>Accuracy</em><br>90%</span> <span class="col pplabelcol"><em>PP</em><br>24</span> <span class="col movedesccol">Sets a layer of Spikes on the opposing side.</span> </li><li style="clear:both"></li></ul>
|c|☆Beef Lo Mein|/raw <font size="1"><font color="#686868">Priority:</font> 0&nbsp;|&ThickSpace;<font color="#686868">Gen:</font> 9&nbsp;|&ThickSpace;&#10003; Boosted by Sheer Force&nbsp;|&ThickSpace;&#10003; Contact&nbsp;|&ThickSpace;&#10003; Slicing move&nbsp;|&ThickSpace;<font color="#686868">Z-Power:</font> 120&nbsp;|&ThickSpace;<font color="#686868">Target:</font> One Adjacent Pokémon</font>

|
|t:|1776219592
|move|p2a: Samurott|Sacred Sword|p1a: Try Harder.
|-damage|p1a: Try Harder.|27/100
|move|p1a: Try Harder.|Wish|p1a: Try Harder.
|
|upkeep
|turn|18
|
|t:|1776219605
|move|p1a: Try Harder.|Protect|p1a: Try Harder.
|-singleturn|p1a: Try Harder.|Protect
|move|p2a: Samurott|Ceaseless Edge|p1a: Try Harder.
|-activate|p1a: Try Harder.|move: Protect
|
|-heal|p1a: Try Harder.|77/100|[from] move: Wish|[wisher] Try Harder.
|upkeep
|turn|19
|
|t:|1776219607
|move|p2a: Samurott|Ceaseless Edge|p1a: Try Harder.
|-damage|p1a: Try Harder.|49/100
|move|p1a: Try Harder.|Wish|p1a: Try Harder.
|
|upkeep
|turn|20
|
|t:|1776219612
|move|p2a: Samurott|Sacred Sword|p1a: Try Harder.
|-damage|p1a: Try Harder.|20/100
|move|p1a: Try Harder.|Flip Turn|p2a: Samurott
|-resisted|p2a: Samurott
|-damage|p2a: Samurott|60/100
|l| Shucklepilled
|
|t:|1776219618
|switch|p1a: Keep Trying.|Toxapex, F|41/100|[from] Flip Turn
|
|-heal|p1a: Keep Trying.|100/100|[from] move: Wish|[wisher] Try Harder.
|upkeep
|turn|21
|
|t:|1776219622
|move|p2a: Samurott|Ceaseless Edge|p1a: Keep Trying.
|-damage|p1a: Keep Trying.|69/100
|move|p1a: Keep Trying.|Toxic|p2a: Samurott
|-status|p2a: Samurott|tox
|
|-damage|p2a: Samurott|54/100 tox|[from] psn
|upkeep
|turn|22
|
|t:|1776219627
|move|p2a: Samurott|Ceaseless Edge|p1a: Keep Trying.|[miss]
|-miss|p2a: Samurott|p1a: Keep Trying.
|move|p1a: Keep Trying.|Toxic Spikes|p2a: Samurott
|-sidestart|p2: TheRegisAreCool|move: Toxic Spikes
|
|-damage|p2a: Samurott|42/100 tox|[from] psn
|upkeep
|turn|23
|
|t:|1776219630
|switch|p1a: Worth Trying.|Clodsire, F, shiny|100/100
|move|p2a: Samurott|Ceaseless Edge|p1a: Worth Trying.|[miss]
|-miss|p2a: Samurott|p1a: Worth Trying.
|
|-damage|p2a: Samurott|23/100 tox|[from] psn
|upkeep
|turn|24
|
|t:|1776219636
|move|p2a: Samurott|Ceaseless Edge|p1a: Worth Trying.
|-damage|p1a: Worth Trying.|44/100
|move|p1a: Worth Trying.|Recover|p1a: Worth Trying.
|-heal|p1a: Worth Trying.|94/100
|
|-damage|p2a: Samurott|0 fnt|[from] psn
|faint|p2a: Samurott
|upkeep
|
|t:|1776219641
|switch|p2a: Glimmora|Glimmora, M|41/100
|-sideend|p2: TheRegisAreCool|move: Toxic Spikes|[of] p2a: Glimmora
|turn|25
|
|t:|1776219644
|move|p2a: Glimmora|Earth Power|p1a: Worth Trying.
|-supereffective|p1a: Worth Trying.
|-damage|p1a: Worth Trying.|63/100
|move|p1a: Worth Trying.|Bulldoze|p2a: Glimmora
|-supereffective|p2a: Glimmora
|-damage|p2a: Glimmora|0 fnt
|-activate|p2a: Glimmora|ability: Toxic Debris
|-sidestart|p1: Beef Lo Mein|move: Toxic Spikes
|faint|p2a: Glimmora
|
|upkeep
|
|t:|1776219651
|switch|p2a: Conkeldurr|Conkeldurr, M|70/100 brn
|turn|26
|c|☆Beef Lo Mein|that trade was not worth it
|
|t:|1776219659
|switch|p1a: You Tried.|Dondozo, F, shiny|100/100
|move|p2a: Conkeldurr|Facade|p1a: You Tried.
|-damage|p1a: You Tried.|62/100
|
|-damage|p2a: Conkeldurr|64/100 brn|[from] brn
|upkeep
|turn|27
|c|☆TheRegisAreCool|almost every pokemon on your team destroys my samurott anyways
|c|☆TheRegisAreCool|that's why I let it die
|c|☆Beef Lo Mein|i meant for glimm
|inactive|TheRegisAreCool has 120 seconds left.
|c|☆TheRegisAreCool|oh, yeah
|
|t:|1776219701
|move|p2a: Conkeldurr|Close Combat|p1a: You Tried.
|-damage|p1a: You Tried.|16/100
|-unboost|p2a: Conkeldurr|def|1
|-unboost|p2a: Conkeldurr|spd|1
|move|p1a: You Tried.|Rest|p1a: You Tried.
|-status|p1a: You Tried.|slp|[from] move: Rest
|-heal|p1a: You Tried.|100/100 slp|[silent]
|
|-damage|p2a: Conkeldurr|58/100 brn|[from] brn
|upkeep
|turn|28
|
|t:|1776219709
|move|p2a: Conkeldurr|Close Combat|p1a: You Tried.
|-damage|p1a: You Tried.|55/100 slp
|-unboost|p2a: Conkeldurr|def|1
|-unboost|p2a: Conkeldurr|spd|1
|cant|p1a: You Tried.|slp
|move|p1a: You Tried.|Sleep Talk|p1a: You Tried.
|move|p1a: You Tried.|Rest||[from] move: Sleep Talk|[still]
|-fail|p1a: You Tried.
|
|-damage|p2a: Conkeldurr|52/100 brn|[from] brn
|upkeep
|turn|29
|inactive|TheRegisAreCool has 120 seconds left.
|
|t:|1776219721
|switch|p1a: Let's Try.|Gliscor, F, shiny|79/100 tox
|move|p2a: Conkeldurr|Close Combat|p1a: Let's Try.
|-resisted|p1a: Let's Try.
|-damage|p1a: Let's Try.|47/100 tox
|-unboost|p2a: Conkeldurr|def|1
|-unboost|p2a: Conkeldurr|spd|1
|
|-heal|p1a: Let's Try.|59/100 tox|[from] ability: Poison Heal
|-damage|p2a: Conkeldurr|46/100 brn|[from] brn
|upkeep
|turn|30
|
|t:|1776219728
|move|p1a: Let's Try.|Spikes|p2a: Conkeldurr
|-sidestart|p2: TheRegisAreCool|Spikes
|move|p2a: Conkeldurr|Facade|p1a: Let's Try.
|-crit|p1a: Let's Try.
|-damage|p1a: Let's Try.|0 fnt
|faint|p1a: Let's Try.
|
|-damage|p2a: Conkeldurr|40/100 brn|[from] brn
|upkeep
|
|t:|1776219738
|switch|p1a: Keep Trying.|Toxapex, F|100/100
|-sideend|p1: Beef Lo Mein|move: Toxic Spikes|[of] p1a: Keep Trying.
|turn|31
|
|t:|1776219745
|move|p2a: Conkeldurr|Facade|p1a: Keep Trying.
|-damage|p1a: Keep Trying.|54/100
|move|p1a: Keep Trying.|Toxic Spikes|p2a: Conkeldurr
|-sidestart|p2: TheRegisAreCool|move: Toxic Spikes
|
|-damage|p2a: Conkeldurr|34/100 brn|[from] brn
|upkeep
|turn|32
|
|t:|1776219758
|switch|p2a: Iron Moth|Iron Moth|100/100
|-damage|p2a: Iron Moth|88/100|[from] Spikes
|-sideend|p2: TheRegisAreCool|move: Toxic Spikes|[of] p2a: Iron Moth
|-enditem|p2a: Iron Moth|Booster Energy
|-activate|p2a: Iron Moth|ability: Quark Drive|[fromitem]
|-start|p2a: Iron Moth|quarkdrivespe
|switch|p1a: Try Harder.|Alomomola, F, shiny|54/100
|
|upkeep
|turn|33
|
|t:|1776219766
|-terastallize|p2a: Iron Moth|Flying
|move|p2a: Iron Moth|Energy Ball|p1a: Try Harder.
|-supereffective|p1a: Try Harder.
|-damage|p1a: Try Harder.|3/100
|-unboost|p1a: Try Harder.|spd|1
|move|p1a: Try Harder.|Wish|p1a: Try Harder.
|
|upkeep
|turn|34
|
|t:|1776219788
|move|p1a: Try Harder.|Protect|p1a: Try Harder.
|-singleturn|p1a: Try Harder.|Protect
|move|p2a: Iron Moth|Fiery Dance|p1a: Try Harder.
|-activate|p1a: Try Harder.|move: Protect
|
|-heal|p1a: Try Harder.|53/100|[from] move: Wish|[wisher] Try Harder.
|upkeep
|turn|35
|inactive|Beef Lo Mein has 120 seconds left.
|
|t:|1776219826
|switch|p1a: Worth Trying.|Clodsire, F, shiny|63/100
|move|p2a: Iron Moth|Energy Ball|p1a: Worth Trying.
|-crit|p1a: Worth Trying.
|-damage|p1a: Worth Trying.|37/100
|
|upkeep
|turn|36
|
|t:|1776219835
|move|p2a: Iron Moth|Fiery Dance|p1a: Worth Trying.
|-damage|p1a: Worth Trying.|15/100
|move|p1a: Worth Trying.|Amnesia|p1a: Worth Trying.
|-boost|p1a: Worth Trying.|spd|2
|
|upkeep
|turn|37
|
|t:|1776219840
|move|p2a: Iron Moth|Fiery Dance|p1a: Worth Trying.
|-damage|p1a: Worth Trying.|4/100
|move|p1a: Worth Trying.|Recover|p1a: Worth Trying.
|-heal|p1a: Worth Trying.|54/100
|
|upkeep
|turn|38
|
|t:|1776219843
|move|p2a: Iron Moth|Fiery Dance|p1a: Worth Trying.
|-damage|p1a: Worth Trying.|43/100
|move|p1a: Worth Trying.|Toxic|p2a: Iron Moth
|-status|p2a: Iron Moth|tox
|
|-damage|p2a: Iron Moth|82/100 tox|[from] psn
|upkeep
|turn|39
|
|t:|1776219849
|-end|p2a: Iron Moth|Quark Drive|[silent]
|switch|p2a: Conkeldurr|Conkeldurr, M|34/100 brn
|-damage|p2a: Conkeldurr|22/100 brn|[from] Spikes
|move|p1a: Worth Trying.|Recover|p1a: Worth Trying.
|-heal|p1a: Worth Trying.|94/100
|
|-damage|p2a: Conkeldurr|16/100 brn|[from] brn
|upkeep
|turn|40
|
|t:|1776219855
|switch|p1a: Try Harder.|Alomomola, F, shiny|86/100
|move|p2a: Conkeldurr|Facade|p1a: Try Harder.
|-damage|p1a: Try Harder.|39/100
|
|-damage|p2a: Conkeldurr|10/100 brn|[from] brn
|upkeep
|turn|41
|
|t:|1776219861
|move|p1a: Try Harder.|Protect|p1a: Try Harder.
|-singleturn|p1a: Try Harder.|Protect
|move|p2a: Conkeldurr|Facade|p1a: Try Harder.
|-activate|p1a: Try Harder.|move: Protect
|
|-damage|p2a: Conkeldurr|4/100 brn|[from] brn
|upkeep
|turn|42
|
|t:|1776219868
|switch|p1a: Keep Trying.|Toxapex, F|87/100
|move|p2a: Conkeldurr|Facade|p1a: Keep Trying.
|-damage|p1a: Keep Trying.|38/100
|
|-damage|p2a: Conkeldurr|0 fnt|[from] brn
|faint|p2a: Conkeldurr
|upkeep
|
|t:|1776219873
|switch|p2a: Donphan|Donphan, M|100/100
|turn|43
|
|t:|1776219876
|move|p2a: Donphan|Earthquake|p1a: Keep Trying.
|-supereffective|p1a: Keep Trying.
|-damage|p1a: Keep Trying.|0 fnt
|faint|p1a: Keep Trying.
|
|upkeep
|
|t:|1776219879
|switch|p1a: Try Harder.|Alomomola, F, shiny|72/100
|turn|44
|
|t:|1776219885
|move|p2a: Donphan|Earthquake|p1a: Try Harder.
|-damage|p1a: Try Harder.|37/100
|move|p1a: Try Harder.|Wish|p1a: Try Harder.
|
|upkeep
|turn|45
|
|t:|1776219891
|move|p1a: Try Harder.|Protect|p1a: Try Harder.
|-singleturn|p1a: Try Harder.|Protect
|move|p2a: Donphan|Rapid Spin|p1a: Try Harder.
|-activate|p1a: Try Harder.|move: Protect
|
|-heal|p1a: Try Harder.|87/100|[from] move: Wish|[wisher] Try Harder.
|upkeep
|turn|46
|
|t:|1776219893
|move|p2a: Donphan|Rapid Spin|p1a: Try Harder.
|-damage|p1a: Try Harder.|75/100
|-boost|p2a: Donphan|spe|1
|-sideend|p2: TheRegisAreCool|Spikes|[from] move: Rapid Spin|[of] p2a: Donphan
|move|p1a: Try Harder.|Wish|p1a: Try Harder.
|
|upkeep
|turn|47
|
|t:|1776219897
|move|p2a: Donphan|Earthquake|p1a: Try Harder.
|-crit|p1a: Try Harder.
|-damage|p1a: Try Harder.|28/100
|move|p1a: Try Harder.|Scald|p2a: Donphan
|-supereffective|p2a: Donphan
|-damage|p2a: Donphan|67/100
|
|-heal|p1a: Try Harder.|78/100|[from] move: Wish|[wisher] Try Harder.
|upkeep
|turn|48
|
|t:|1776219900
|move|p2a: Donphan|Earthquake|p1a: Try Harder.
|-damage|p1a: Try Harder.|47/100
|move|p1a: Try Harder.|Wish|p1a: Try Harder.
|
|upkeep
|turn|49
|
|t:|1776219905
|switch|p2a: Kommo-o|Kommo-o, F|100/100
|move|p1a: Try Harder.|Scald|p2a: Kommo-o
|-resisted|p2a: Kommo-o
|-damage|p2a: Kommo-o|94/100
|
|-heal|p1a: Try Harder.|97/100|[from] move: Wish|[wisher] Try Harder.
|-heal|p2a: Kommo-o|99/100|[from] item: Leftovers
|upkeep
|turn|50
|
|t:|1776219911
|move|p2a: Kommo-o|Clangorous Soul|p2a: Kommo-o
|-boost|p2a: Kommo-o|atk|1
|-boost|p2a: Kommo-o|def|1
|-boost|p2a: Kommo-o|spa|1
|-boost|p2a: Kommo-o|spd|1
|-boost|p2a: Kommo-o|spe|1
|-damage|p2a: Kommo-o|67/100
|move|p1a: Try Harder.|Wish|p1a: Try Harder.
|
|-heal|p2a: Kommo-o|73/100|[from] item: Leftovers
|upkeep
|turn|51
|
|t:|1776219928
|move|p1a: Try Harder.|Protect|p1a: Try Harder.
|-singleturn|p1a: Try Harder.|Protect
|move|p2a: Kommo-o|Clangorous Soul|p2a: Kommo-o
|-boost|p2a: Kommo-o|atk|1
|-boost|p2a: Kommo-o|def|1
|-boost|p2a: Kommo-o|spa|1
|-boost|p2a: Kommo-o|spd|1
|-boost|p2a: Kommo-o|spe|1
|-damage|p2a: Kommo-o|40/100
|
|-heal|p1a: Try Harder.|100/100|[from] move: Wish|[wisher] Try Harder.
|-heal|p2a: Kommo-o|46/100|[from] item: Leftovers
|upkeep
|turn|52
|
|t:|1776219933
|move|p2a: Kommo-o|Clanging Scales|p1a: Try Harder.
|-damage|p1a: Try Harder.|10/100
|-unboost|p2a: Kommo-o|def|1
|move|p1a: Try Harder.|Flip Turn|p2a: Kommo-o
|-resisted|p2a: Kommo-o
|-damage|p2a: Kommo-o|42/100
|
|t:|1776219945
|switch|p1a: Still Trying?|Blissey, F, shiny|47/100|[from] Flip Turn
|
|-heal|p2a: Kommo-o|48/100|[from] item: Leftovers
|upkeep
|turn|53
|
|t:|1776219948
|move|p2a: Kommo-o|Aura Sphere|p1a: Still Trying?
|-supereffective|p1a: Still Trying?
|-damage|p1a: Still Trying?|3/100
|move|p1a: Still Trying?|Soft-Boiled|p1a: Still Trying?
|-heal|p1a: Still Trying?|53/100
|
|-heal|p2a: Kommo-o|53/100|[from] item: Leftovers
|upkeep
|turn|54
|
|t:|1776219954
|move|p2a: Kommo-o|Aura Sphere|p1a: Still Trying?
|-supereffective|p1a: Still Trying?
|-damage|p1a: Still Trying?|10/100
|move|p1a: Still Trying?|Soft-Boiled|p1a: Still Trying?
|-heal|p1a: Still Trying?|60/100
|
|-heal|p2a: Kommo-o|59/100|[from] item: Leftovers
|upkeep
|turn|55
|
|t:|1776219959
|move|p2a: Kommo-o|Aura Sphere|p1a: Still Trying?
|-supereffective|p1a: Still Trying?
|-damage|p1a: Still Trying?|9/100
|move|p1a: Still Trying?|Soft-Boiled|p1a: Still Trying?
|-heal|p1a: Still Trying?|59/100
|
|-heal|p2a: Kommo-o|65/100|[from] item: Leftovers
|upkeep
|turn|56
|
|t:|1776219966
|switch|p1a: Worth Trying.|Clodsire, F, shiny|94/100
|move|p2a: Kommo-o|Aura Sphere|p1a: Worth Trying.
|-resisted|p1a: Worth Trying.
|-damage|p1a: Worth Trying.|84/100
|
|-heal|p2a: Kommo-o|71/100|[from] item: Leftovers
|upkeep
|turn|57
|
|t:|1776219969
|move|p2a: Kommo-o|Clanging Scales|p1a: Worth Trying.
|-crit|p1a: Worth Trying.
|-damage|p1a: Worth Trying.|44/100
|-unboost|p2a: Kommo-o|def|1
|move|p1a: Worth Trying.|Toxic|p2a: Kommo-o
|-status|p2a: Kommo-o|tox
|
|-heal|p2a: Kommo-o|77/100 tox|[from] item: Leftovers
|-damage|p2a: Kommo-o|71/100 tox|[from] psn
|upkeep
|turn|58
|c|☆Beef Lo Mein|why didnt i just do that sooner
|
|t:|1776219976
|move|p2a: Kommo-o|Clanging Scales|p1a: Worth Trying.
|-damage|p1a: Worth Trying.|18/100
|-unboost|p2a: Kommo-o|def|1
|move|p1a: Worth Trying.|Recover|p1a: Worth Trying.
|-heal|p1a: Worth Trying.|68/100
|
|-heal|p2a: Kommo-o|77/100 tox|[from] item: Leftovers
|-damage|p2a: Kommo-o|65/100 tox|[from] psn
|upkeep
|turn|59
|c| HyperStallMIA 2|i was saying
|c|☆Beef Lo Mein|im used to my main wall being blissey
|
|t:|1776219994
|switch|p2a: Donphan|Donphan, M|67/100
|move|p1a: Worth Trying.|Amnesia|p1a: Worth Trying.
|-boost|p1a: Worth Trying.|spd|2
|
|upkeep
|turn|60
|c| HyperStallMIA 2|at least moth is poisoned
|c| HyperStallMIA 2|u see why u need clod
|
|t:|1776220011
|switch|p1a: You Tried.|Dondozo, F, shiny|55/100 slp
|move|p2a: Donphan|Earthquake|p1a: You Tried.
|-damage|p1a: You Tried.|29/100 slp
|
|upkeep
|turn|61
|
|t:|1776220022
|move|p2a: Donphan|Knock Off|p1a: You Tried.
|-damage|p1a: You Tried.|12/100 slp
|-enditem|p1a: You Tried.|Heavy-Duty Boots|[from] move: Knock Off|[of] p2a: Donphan
|cant|p1a: You Tried.|slp
|move|p1a: You Tried.|Sleep Talk|p1a: You Tried.
|move|p1a: You Tried.|Curse|p1a: You Tried.|[from] move: Sleep Talk
|-unboost|p1a: You Tried.|spe|1
|-boost|p1a: You Tried.|atk|1
|-boost|p1a: You Tried.|def|1
|
|upkeep
|turn|62
|c|☆Beef Lo Mein|i apologize for ever doubting you
|c| HyperStallMIA 2|nah u good lol
|
|t:|1776220042
|move|p2a: Donphan|Earthquake|p1a: You Tried.
|-damage|p1a: You Tried.|0 fnt
|faint|p1a: You Tried.
|
|upkeep
|c| HyperStallMIA 2|that conk went ham
|
|t:|1776220059
|switch|p1a: Try Harder.|Alomomola, F, shiny|44/100
|turn|63
|c| HyperStallMIA 2|conk and ursa
|c| HyperStallMIA 2|both stall breakers
|
|t:|1776220088
|switch|p2a: Kommo-o|Kommo-o, F|65/100 tox
|move|p1a: Try Harder.|Wish|p1a: Try Harder.
|
|-heal|p2a: Kommo-o|71/100 tox|[from] item: Leftovers
|-damage|p2a: Kommo-o|65/100 tox|[from] psn
|upkeep
|turn|64
|
|t:|1776220094
|move|p2a: Kommo-o|Clanging Scales|p1a: Try Harder.
|-crit|p1a: Try Harder.
|-damage|p1a: Try Harder.|0 fnt
|faint|p1a: Try Harder.
|-unboost|p2a: Kommo-o|def|1
|
|-heal|p2a: Kommo-o|71/100 tox|[from] item: Leftovers
|-damage|p2a: Kommo-o|59/100 tox|[from] psn
|upkeep
|
|t:|1776220096
|switch|p1a: Worth Trying.|Clodsire, F, shiny|68/100
|turn|65
|c|☆TheRegisAreCool|lucky crit
|
|t:|1776220106
|move|p2a: Kommo-o|Clanging Scales|p1a: Worth Trying.
|-damage|p1a: Worth Trying.|42/100
|-unboost|p2a: Kommo-o|def|1
|move|p1a: Worth Trying.|Toxic|p2a: Kommo-o
|-fail|p2a: Kommo-o|tox
|
|-heal|p2a: Kommo-o|65/100 tox|[from] item: Leftovers
|-damage|p2a: Kommo-o|48/100 tox|[from] psn
|upkeep
|turn|66
|c| HyperStallMIA 2|why didnt u protect
|
|t:|1776220112
|move|p2a: Kommo-o|Clanging Scales|p1a: Worth Trying.
|-damage|p1a: Worth Trying.|11/100
|-unboost|p2a: Kommo-o|def|1
|move|p1a: Worth Trying.|Recover|p1a: Worth Trying.
|-heal|p1a: Worth Trying.|61/100
|
|-heal|p2a: Kommo-o|53/100 tox|[from] item: Leftovers
|-damage|p2a: Kommo-o|30/100 tox|[from] psn
|upkeep
|turn|67
|c|☆Beef Lo Mein|got greedy
|
|t:|1776220119
|move|p2a: Kommo-o|Clanging Scales|p1a: Worth Trying.
|-damage|p1a: Worth Trying.|35/100
|-unboost|p2a: Kommo-o|def|1
|move|p1a: Worth Trying.|Toxic|p2a: Kommo-o
|-fail|p2a: Kommo-o|tox
|
|-heal|p2a: Kommo-o|36/100 tox|[from] item: Leftovers
|-damage|p2a: Kommo-o|6/100 tox|[from] psn
|upkeep
|turn|68
|
|t:|1776220125
|move|p2a: Kommo-o|Clanging Scales|p1a: Worth Trying.
|-damage|p1a: Worth Trying.|8/100
|-unboost|p2a: Kommo-o|def|1
|move|p1a: Worth Trying.|Recover|p1a: Worth Trying.
|-heal|p1a: Worth Trying.|58/100
|
|-heal|p2a: Kommo-o|12/100 tox|[from] item: Leftovers
|-damage|p2a: Kommo-o|0 fnt|[from] psn
|faint|p2a: Kommo-o
|upkeep
|
|t:|1776220132
|switch|p2a: Donphan|Donphan, M|67/100
|turn|69
|
|t:|1776220135
|move|p2a: Donphan|Earthquake|p1a: Worth Trying.
|-supereffective|p1a: Worth Trying.
|-damage|p1a: Worth Trying.|0 fnt
|faint|p1a: Worth Trying.
|
|upkeep
|
|t:|1776220138
|switch|p1a: Still Trying?|Blissey, F, shiny|59/100
|turn|70
|c| HyperStallMIA 2|u choked this
|c|☆Beef Lo Mein|i did
|c| HyperStallMIA 2|all good tho
|
|t:|1776220152
|-terastallize|p1a: Still Trying?|Dark
|move|p2a: Donphan|Earthquake|p1a: Still Trying?
|-damage|p1a: Still Trying?|6/100
|move|p1a: Still Trying?|Seismic Toss|p2a: Donphan
|-damage|p2a: Donphan|36/100
|
|upkeep
|turn|71
|
|t:|1776220158
|move|p2a: Donphan|Earthquake|p1a: Still Trying?
|-crit|p1a: Still Trying?
|-damage|p1a: Still Trying?|0 fnt
|faint|p1a: Still Trying?
|
|win|TheRegisAreCool
|raw|Beef Lo Mein's rating: 1215 &rarr; <strong>1188</strong><br />(-27 for losing)
|raw|TheRegisAreCool's rating: 1187 &rarr; <strong>1214</strong><br />(+27 for winning)
