|html|<div class="broadcast-blue"><strong>[Gen 9] OU is currently suspecting Tera Blast! For information on how to participate check out the <a href="https://www.smogon.com/tools/suspects/view/200">suspect thread</a>.</strong></div>
|j|☆Trashstains
|j|☆Mr Sandwich 667
|t:|1776075995
|gametype|singles
|player|p1|Trashstains|1|1239
|player|p2|Mr Sandwich 667|hiker-gen4|1266
|gen|9
|tier|[Gen 9] OU
|rated|
|rule|HP Percentage Mod: HP is shown in percentages
|rule|Endless Battle Clause: Forcing endless battles is banned
|rule|Species Clause: Limit one of each Pokémon
|rule|OHKO Clause: OHKO moves are banned
|rule|Evasion Items Clause: Evasion items are banned
|rule|Evasion Moves Clause: Evasion moves are banned
|rule|Evasion Abilities Clause: Evasion abilities are banned
|rule|Sleep Moves Clause: Sleep-inducing moves are banned
|clearpoke
|poke|p1|Dragapult, M|
|poke|p1|Slowking-Galar, M|
|poke|p1|Gliscor, F|
|poke|p1|Garganacl, F|
|poke|p1|Skarmory, F|
|poke|p1|Kingambit, F|
|poke|p2|Hatterene, F|
|poke|p2|Pelipper, F|
|poke|p2|Hariyama, M|
|poke|p2|Cresselia, F|
|poke|p2|Ursaluna, F|
|poke|p2|Porygon2|
|teampreview
|inactive|Battle timer is ON: inactive players will automatically lose when time's up. (requested by Mr Sandwich 667)
|
|t:|1776076010
|teamsize|p1|6
|teamsize|p2|6
|start
|switch|p1a: Slowking|Slowking-Galar, M|100/100
|switch|p2a: Hatterene|Hatterene, F|100/100
|turn|1
|
|t:|1776076017
|move|p1a: Slowking|Sludge Bomb|p2a: Hatterene
|-supereffective|p2a: Hatterene
|-damage|p2a: Hatterene|24/100
|-status|p2a: Hatterene|psn
|move|p2a: Hatterene|Trick Room|p2a: Hatterene
|-fieldstart|move: Trick Room|[of] p2a: Hatterene
|
|-damage|p2a: Hatterene|12/100 psn|[from] psn
|upkeep
|turn|2
|
|t:|1776076026
|move|p2a: Hatterene|Healing Wish|p2a: Hatterene
|faint|p2a: Hatterene
|move|p1a: Slowking|Sludge Bomb|p2: Hatterene|[notarget]
|-fail|p1a: Slowking
|
|upkeep
|
|t:|1776076036
|switch|p2a: Hariyama|Hariyama, M|100/100
|turn|3
|
|t:|1776076041
|move|p1a: Slowking|Sludge Bomb|p2a: Hariyama
|-damage|p2a: Hariyama|70/100
|-status|p2a: Hariyama|psn
|move|p2a: Hariyama|Belly Drum|p2a: Hariyama
|-damage|p2a: Hariyama|20/100 psn
|-setboost|p2a: Hariyama|atk|6|[from] move: Belly Drum
|-enditem|p2a: Hariyama|Sitrus Berry|[eat]
|-heal|p2a: Hariyama|44/100 psn|[from] item: Sitrus Berry
|
|-damage|p2a: Hariyama|32/100 psn|[from] psn
|upkeep
|turn|4
|
|t:|1776076059
|switch|p1a: Dragapult|Dragapult, M|100/100
|move|p2a: Hariyama|Knock Off|p1a: Dragapult
|-supereffective|p1a: Dragapult
|-damage|p1a: Dragapult|0 fnt
|-enditem|p1a: Dragapult|Heavy-Duty Boots|[from] move: Knock Off|[of] p2a: Hariyama
|faint|p1a: Dragapult
|
|-damage|p2a: Hariyama|20/100 psn|[from] psn
|upkeep
|
|t:|1776076071
|switch|p1a: Kingambit|Kingambit, F|100/100
|-activate|p1a: Kingambit|ability: Supreme Overlord
|-start|p1a: Kingambit|fallen1|[silent]
|turn|5
|
|t:|1776076087
|move|p1a: Kingambit|Sucker Punch|p2a: Hariyama
|-resisted|p2a: Hariyama
|-damage|p2a: Hariyama|0 fnt
|faint|p2a: Hariyama
|
|-fieldend|move: Trick Room
|upkeep
|
|t:|1776076105
|switch|p2a: Pelipper|Pelipper, F|100/100
|-weather|RainDance|[from] ability: Drizzle|[of] p2a: Pelipper
|turn|6
|
|t:|1776076116
|-end|p1a: Kingambit|fallen1|[silent]
|switch|p1a: Skarmory|Skarmory, F|100/100
|-terastallize|p2a: Pelipper|Water
|move|p2a: Pelipper|Weather Ball|p1a: Skarmory
|-ability|p1a: Skarmory|Sturdy
|-damage|p1a: Skarmory|1/100
|
|-weather|RainDance|[upkeep]
|upkeep
|turn|7
|
|t:|1776076128
|switch|p1a: Slowking|Slowking-Galar, M|100/100
|move|p2a: Pelipper|Weather Ball|p1a: Slowking
|-damage|p1a: Slowking|25/100
|
|-weather|RainDance|[upkeep]
|upkeep
|turn|8
|
|t:|1776076138
|move|p2a: Pelipper|Weather Ball|p1a: Slowking
|-damage|p1a: Slowking|0 fnt
|faint|p1a: Slowking
|
|-weather|RainDance|[upkeep]
|upkeep
|
|t:|1776076145
|switch|p1a: Garganacl|Garganacl, F|100/100
|turn|9
|
|t:|1776076151
|-terastallize|p1a: Garganacl|Water
|move|p2a: Pelipper|Weather Ball|p1a: Garganacl
|-resisted|p1a: Garganacl
|-crit|p1a: Garganacl
|-damage|p1a: Garganacl|31/100
|move|p1a: Garganacl|Salt Cure|p2a: Pelipper
|-damage|p2a: Pelipper|85/100
|-start|p2a: Pelipper|Salt Cure
|
|-weather|RainDance|[upkeep]
|-heal|p1a: Garganacl|37/100|[from] item: Leftovers
|-damage|p2a: Pelipper|60/100|[from] Salt Cure
|upkeep
|turn|10
|inactive|Mr Sandwich 667 has 120 seconds left.
|
|t:|1776076183
|move|p1a: Garganacl|Protect|p1a: Garganacl
|-singleturn|p1a: Garganacl|Protect
|move|p2a: Pelipper|Weather Ball|p1a: Garganacl
|-activate|p1a: Garganacl|move: Protect
|
|-weather|none
|-heal|p1a: Garganacl|44/100|[from] item: Leftovers
|-damage|p2a: Pelipper|35/100|[from] Salt Cure
|upkeep
|turn|11
|
|t:|1776076194
|switch|p2a: Cresselia|Cresselia, F|100/100
|move|p1a: Garganacl|Stealth Rock|p2a: Cresselia
|-sidestart|p2: Mr Sandwich 667|move: Stealth Rock
|
|-heal|p1a: Garganacl|50/100|[from] item: Leftovers
|upkeep
|turn|12
|inactive|Mr Sandwich 667 has 120 seconds left.
|
|t:|1776076214
|switch|p2a: Pelipper|Pelipper, F, tera:Water|35/100
|-heal|p2a: Pelipper|100/100|[from] move: Healing Wish
|-damage|p2a: Pelipper|88/100|[from] Stealth Rock
|-weather|RainDance|[from] ability: Drizzle|[of] p2a: Pelipper
|move|p1a: Garganacl|Recover|p1a: Garganacl
|-heal|p1a: Garganacl|99/100
|
|-weather|RainDance|[upkeep]
|-heal|p1a: Garganacl|100/100|[from] item: Leftovers
|upkeep
|turn|13
|inactive|Mr Sandwich 667 has 120 seconds left.
|
|t:|1776076233
|move|p2a: Pelipper|Hurricane|p1a: Garganacl
|-damage|p1a: Garganacl|48/100
|move|p1a: Garganacl|Salt Cure|p2a: Pelipper
|-damage|p2a: Pelipper|72/100
|-start|p2a: Pelipper|Salt Cure
|
|-weather|RainDance|[upkeep]
|-heal|p1a: Garganacl|55/100|[from] item: Leftovers
|-damage|p2a: Pelipper|47/100|[from] Salt Cure
|upkeep
|turn|14
|
|t:|1776076248
|switch|p2a: Ursaluna|Ursaluna, F|100/100
|-damage|p2a: Ursaluna|94/100|[from] Stealth Rock
|move|p1a: Garganacl|Protect||[still]
|-fail|p1a: Garganacl
|
|-weather|RainDance|[upkeep]
|-heal|p1a: Garganacl|61/100|[from] item: Leftovers
|-status|p2a: Ursaluna|brn|[from] item: Flame Orb
|upkeep
|turn|15
|inactive|Mr Sandwich 667 has 120 seconds left.
|
|t:|1776076265
|move|p1a: Garganacl|Recover|p1a: Garganacl
|-heal|p1a: Garganacl|100/100
|move|p2a: Ursaluna|Facade|p1a: Garganacl
|-crit|p1a: Garganacl
|-damage|p1a: Garganacl|0 fnt
|faint|p1a: Garganacl
|
|-weather|RainDance|[upkeep]
|-damage|p2a: Ursaluna|88/100 brn|[from] brn
|upkeep
|
|t:|1776076279
|switch|p1a: Gliscor|Gliscor, F|100/100
|turn|16
|inactive|Mr Sandwich 667 has 120 seconds left.
|
|t:|1776076288
|move|p1a: Gliscor|Protect|p1a: Gliscor
|-singleturn|p1a: Gliscor|Protect
|move|p2a: Ursaluna|Facade|p1a: Gliscor
|-activate|p1a: Gliscor|move: Protect
|
|-weather|none
|-damage|p2a: Ursaluna|82/100 brn|[from] brn
|-status|p1a: Gliscor|tox|[from] item: Toxic Orb
|upkeep
|turn|17
|
|t:|1776076308
|move|p1a: Gliscor|Facade|p2a: Ursaluna
|-damage|p2a: Ursaluna|61/100 brn
|move|p2a: Ursaluna|Facade|p1a: Gliscor
|-damage|p1a: Gliscor|23/100 tox
|
|-heal|p1a: Gliscor|35/100 tox|[from] ability: Poison Heal
|-damage|p2a: Ursaluna|55/100 brn|[from] brn
|upkeep
|turn|18
|
|t:|1776076319
|move|p1a: Gliscor|Protect|p1a: Gliscor
|-singleturn|p1a: Gliscor|Protect
|move|p2a: Ursaluna|Swords Dance|p2a: Ursaluna
|-boost|p2a: Ursaluna|atk|2
|
|-heal|p1a: Gliscor|48/100 tox|[from] ability: Poison Heal
|-damage|p2a: Ursaluna|49/100 brn|[from] brn
|upkeep
|turn|19
|
|t:|1776076328
|move|p1a: Gliscor|Facade|p2a: Ursaluna
|-damage|p2a: Ursaluna|27/100 brn
|move|p2a: Ursaluna|Facade|p1a: Gliscor
|-damage|p1a: Gliscor|0 fnt
|faint|p1a: Gliscor
|
|-damage|p2a: Ursaluna|21/100 brn|[from] brn
|upkeep
|
|t:|1776076339
|switch|p1a: Skarmory|Skarmory, F|1/100
|turn|20
|
|t:|1776076345
|move|p1a: Skarmory|Body Press|p2a: Ursaluna
|-supereffective|p2a: Ursaluna
|-damage|p2a: Ursaluna|0 fnt
|faint|p2a: Ursaluna
|
|upkeep
|
|t:|1776076357
|switch|p2a: Cresselia|Cresselia, F|100/100
|-damage|p2a: Cresselia|88/100|[from] Stealth Rock
|turn|21
|
|t:|1776076365
|move|p1a: Skarmory|Roost|p1a: Skarmory
|-heal|p1a: Skarmory|51/100
|-singleturn|p1a: Skarmory|move: Roost
|move|p2a: Cresselia|Trick Room|p2a: Cresselia
|-fieldstart|move: Trick Room|[of] p2a: Cresselia
|
|upkeep
|turn|22
|
|t:|1776076379
|move|p2a: Cresselia|Lunar Dance|p2a: Cresselia
|faint|p2a: Cresselia
|move|p1a: Skarmory|Roost|p1a: Skarmory
|-heal|p1a: Skarmory|100/100
|-singleturn|p1a: Skarmory|move: Roost
|
|upkeep
|
|t:|1776076386
|switch|p2a: Pelipper|Pelipper, F, tera:Water|47/100
|-heal|p2a: Pelipper|100/100|[from] move: Lunar Dance
|-damage|p2a: Pelipper|88/100|[from] Stealth Rock
|-weather|RainDance|[from] ability: Drizzle|[of] p2a: Pelipper
|turn|23
|
|t:|1776076393
|move|p2a: Pelipper|Weather Ball|p1a: Skarmory
|-ability|p1a: Skarmory|Sturdy
|-damage|p1a: Skarmory|1/100
|move|p1a: Skarmory|Body Press|p2a: Pelipper
|-damage|p2a: Pelipper|57/100
|
|-weather|RainDance|[upkeep]
|upkeep
|turn|24
|inactive|Trashstains has 120 seconds left.
|
|t:|1776076446
|move|p2a: Pelipper|Weather Ball|p1a: Skarmory
|-damage|p1a: Skarmory|0 fnt
|faint|p1a: Skarmory
|
|-weather|RainDance|[upkeep]
|upkeep
|
|t:|1776076454
|switch|p1a: Kingambit|Kingambit, F|100/100
|-activate|p1a: Kingambit|ability: Supreme Overlord
|-start|p1a: Kingambit|fallen5|[silent]
|turn|25
|
|t:|1776076464
|move|p1a: Kingambit|Sucker Punch|p2a: Pelipper
|-damage|p2a: Pelipper|0 fnt
|faint|p2a: Pelipper
|
|-weather|RainDance|[upkeep]
|-fieldend|move: Trick Room
|upkeep
|
|t:|1776076468
|switch|p2a: Porygon2|Porygon2|100/100
|-damage|p2a: Porygon2|88/100|[from] Stealth Rock
|-ability|p2a: Porygon2|Download|boost
|-boost|p2a: Porygon2|spa|1
|turn|26
|
|t:|1776076476
|move|p1a: Kingambit|Kowtow Cleave|p2a: Porygon2
|-damage|p2a: Porygon2|40/100
|move|p2a: Porygon2|Thunder|p1a: Kingambit
|-damage|p1a: Kingambit|45/100
|
|-weather|RainDance|[upkeep]
|upkeep
|turn|27
|inactive|Trashstains has 120 seconds left.
|
|t:|1776076485
|move|p1a: Kingambit|Kowtow Cleave|p2a: Porygon2
|-damage|p2a: Porygon2|0 fnt
|faint|p2a: Porygon2
|
|win|Trashstains
|raw|Trashstains's rating: 1239 &rarr; <strong>1266</strong><br />(+27 for winning)
|raw|Mr Sandwich 667's rating: 1266 &rarr; <strong>1239</strong><br />(-27 for losing)
|l|☆Mr Sandwich 667
|player|p2|
|l|☆Trashstains
|player|p1|
