|html|<div class="broadcast-blue"><strong>[Gen 9] OU is currently suspecting Tera Blast! For information on how to participate check out the <a href="https://www.smogon.com/tools/suspects/view/200">suspect thread</a>.</strong></div>
|j|☆2905shadow
|j|☆Red1330
|t:|1776047059
|gametype|singles
|player|p1|2905shadow|170|1108
|player|p2|Red1330|2|1092
|gen|9
|tier|[Gen 9] OU
|rated|
|rule|HP Percentage Mod: HP is shown in percentages
|rule|Endless Battle Clause: Forcing endless battles is banned
|rule|Species Clause: Limit one of each Pokémon
|rule|OHKO Clause: OHKO moves are banned
|rule|Evasion Items Clause: Evasion items are banned
|rule|Evasion Moves Clause: Evasion moves are banned
|rule|Evasion Abilities Clause: Evasion abilities are banned
|rule|Sleep Moves Clause: Sleep-inducing moves are banned
|clearpoke
|poke|p1|Milotic, M|
|poke|p1|Registeel|
|poke|p1|Meowscarada, M|
|poke|p1|Hariyama, M|
|poke|p1|Dodrio, M|
|poke|p1|Skuntank, M|
|poke|p2|Iron Valiant|
|poke|p2|Walking Wake|
|poke|p2|Iron Treads|
|poke|p2|Cinderace, M|
|poke|p2|Garchomp, M|
|poke|p2|Dragonite, F|
|teampreview
|inactive|Battle timer is ON: inactive players will automatically lose when time's up. (requested by 2905shadow)
|
|t:|1776047095
|teamsize|p1|6
|teamsize|p2|6
|start
|switch|p1a: Hariyama|Hariyama, M|100/100
|switch|p2a: Iron Valiant|Iron Valiant|100/100
|turn|1
|
|t:|1776047102
|switch|p1a: Registeel|Registeel|100/100
|move|p2a: Iron Valiant|Moonblast|p1a: Registeel
|-resisted|p1a: Registeel
|-damage|p1a: Registeel|84/100
|
|-heal|p1a: Registeel|90/100|[from] item: Leftovers
|upkeep
|turn|2
|
|t:|1776047125
|-end|p2a: Iron Valiant|Quark Drive|[silent]
|switch|p2a: Cinderace|Cinderace, M|100/100
|move|p1a: Registeel|Stealth Rock|p2a: Cinderace
|-sidestart|p2: Red1330|move: Stealth Rock
|
|-heal|p1a: Registeel|96/100|[from] item: Leftovers
|upkeep
|turn|3
|
|t:|1776047144
|switch|p1a: Milotic|Milotic, M|100/100
|move|p2a: Cinderace|Low Kick|p1a: Milotic
|-start|p2a: Cinderace|typechange|Fighting|[from] ability: Libero
|-damage|p1a: Milotic|59/100
|
|-status|p1a: Milotic|brn|[from] item: Flame Orb
|upkeep
|turn|4
|
|t:|1776047157
|move|p2a: Cinderace|Low Kick|p1a: Milotic
|-damage|p1a: Milotic|31/100 brn
|move|p1a: Milotic|Scald|p2a: Cinderace
|-damage|p2a: Cinderace|52/100
|
|-damage|p1a: Milotic|25/100 brn|[from] brn
|upkeep
|turn|5
|
|t:|1776047170
|move|p2a: Cinderace|Low Kick|p1a: Milotic
|-damage|p1a: Milotic|0 fnt
|faint|p1a: Milotic
|
|upkeep
|
|t:|1776047176
|switch|p1a: Dodrio|Dodrio, M, shiny|100/100
|turn|6
|
|t:|1776047186
|move|p2a: Cinderace|U-turn|p1a: Dodrio
|-resisted|p1a: Dodrio
|-damage|p1a: Dodrio|81/100
|
|t:|1776047193
|switch|p2a: Iron Treads|Iron Treads|100/100|[from] U-turn
|-damage|p2a: Iron Treads|98/100|[from] Stealth Rock
|move|p1a: Dodrio|Drill Peck|p2a: Iron Treads
|-resisted|p2a: Iron Treads
|-damage|p2a: Iron Treads|84/100
|
|upkeep
|turn|7
|
|t:|1776047199
|switch|p1a: Meowscarada|Meowscarada, M, shiny|100/100
|move|p2a: Iron Treads|Rapid Spin|p1a: Meowscarada
|-damage|p1a: Meowscarada|74/100
|-boost|p2a: Iron Treads|spe|1
|-sideend|p2: Red1330|Stealth Rock|[from] move: Rapid Spin|[of] p2a: Iron Treads
|
|upkeep
|turn|8
|
|t:|1776047209
|move|p1a: Meowscarada|Nasty Plot|p1a: Meowscarada
|-start|p1a: Meowscarada|typechange|Dark|[from] ability: Protean
|-boost|p1a: Meowscarada|spa|2
|move|p2a: Iron Treads|Knock Off|p1a: Meowscarada
|-resisted|p1a: Meowscarada
|-damage|p1a: Meowscarada|50/100
|-enditem|p1a: Meowscarada|Life Orb|[from] move: Knock Off|[of] p2a: Iron Treads
|
|upkeep
|turn|9
|
|t:|1776047219
|move|p1a: Meowscarada|Energy Ball|p2a: Iron Treads
|-damage|p2a: Iron Treads|46/100
|move|p2a: Iron Treads|Rapid Spin|p1a: Meowscarada
|-damage|p1a: Meowscarada|21/100
|-boost|p2a: Iron Treads|spe|1
|
|upkeep
|turn|10
|
|t:|1776047225
|move|p2a: Iron Treads|Iron Head|p1a: Meowscarada
|-damage|p1a: Meowscarada|0 fnt
|faint|p1a: Meowscarada
|
|upkeep
|
|t:|1776047229
|switch|p1a: Hariyama|Hariyama, M|100/100
|turn|11
|
|t:|1776047237
|move|p2a: Iron Treads|Knock Off|p1a: Hariyama
|-resisted|p1a: Hariyama
|-damage|p1a: Hariyama|83/100
|-enditem|p1a: Hariyama|Sitrus Berry|[from] move: Knock Off|[of] p2a: Iron Treads
|move|p1a: Hariyama|Belly Drum|p1a: Hariyama
|-damage|p1a: Hariyama|33/100
|-setboost|p1a: Hariyama|atk|6|[from] move: Belly Drum
|
|upkeep
|turn|12
|
|t:|1776047246
|move|p2a: Iron Treads|Earthquake|p1a: Hariyama
|-damage|p1a: Hariyama|0 fnt
|faint|p1a: Hariyama
|
|upkeep
|-message|2905shadow forfeited.
|
|win|Red1330
|raw|2905shadow's rating: 1108 &rarr; <strong>1082</strong><br />(-26 for losing)
|raw|Red1330's rating: 1092 &rarr; <strong>1119</strong><br />(+27 for winning)
|l|☆2905shadow
|player|p1|
|l|☆Red1330
|player|p2|
