|html|<div class="broadcast-blue"><strong>[Gen 9] OU is currently suspecting Tera Blast! For information on how to participate check out the <a href="https://www.smogon.com/tools/suspects/view/200">suspect thread</a>.</strong></div>
|j|☆Nahlokin
|j|☆Ryan Cowtinho
|t:|1776103587
|gametype|singles
|player|p1|Nahlokin|hilbert|1510
|player|p2|Ryan Cowtinho|170|1530
|gen|9
|tier|[Gen 9] OU
|rated|
|rule|HP Percentage Mod: HP is shown in percentages
|rule|Endless Battle Clause: Forcing endless battles is banned
|rule|Species Clause: Limit one of each Pokémon
|rule|OHKO Clause: OHKO moves are banned
|rule|Evasion Items Clause: Evasion items are banned
|rule|Evasion Moves Clause: Evasion moves are banned
|rule|Evasion Abilities Clause: Evasion abilities are banned
|rule|Sleep Moves Clause: Sleep-inducing moves are banned
|clearpoke
|poke|p1|Trevenant, F|
|poke|p1|Torkoal, F|
|poke|p1|Walking Wake|
|poke|p1|Great Tusk|
|poke|p1|Heatran, F|
|poke|p1|Clefable, F|
|poke|p2|Tyranitar, F|
|poke|p2|Excadrill, F|
|poke|p2|Ogerpon-Wellspring, F|
|poke|p2|Pecharunt|
|poke|p2|Skarmory, M|
|poke|p2|Zamazenta-*|
|teampreview
|inactive|Battle timer is ON: inactive players will automatically lose when time's up. (requested by Nahlokin)
|inactive|Ryan Cowtinho has 120 seconds left.
|
|t:|1776103623
|teamsize|p1|6
|teamsize|p2|6
|start
|switch|p1a: END KALI YUGA|Torkoal, F|100/100
|switch|p2a: Tyranitar|Tyranitar, F|100/100
|-weather|Sandstorm|[from] ability: Sand Stream|[of] p2a: Tyranitar
|-weather|SunnyDay|[from] ability: Drought|[of] p1a: END KALI YUGA
|turn|1
|
|t:|1776103633
|switch|p1a: MINERAL AWARENESS|Great Tusk|100/100
|-activate|p1a: MINERAL AWARENESS|ability: Protosynthesis
|-start|p1a: MINERAL AWARENESS|protosynthesisatk
|move|p2a: Tyranitar|Stealth Rock|p1a: MINERAL AWARENESS
|-sidestart|p1: Nahlokin|move: Stealth Rock
|
|-weather|SunnyDay|[upkeep]
|upkeep
|turn|2
|
|t:|1776103640
|switch|p2a: Pecharunt|Pecharunt|100/100
|move|p1a: MINERAL AWARENESS|Knock Off|p2a: Pecharunt
|-supereffective|p2a: Pecharunt
|-damage|p2a: Pecharunt|47/100
|-enditem|p2a: Pecharunt|Heavy-Duty Boots|[from] move: Knock Off|[of] p1a: MINERAL AWARENESS
|
|-weather|SunnyDay|[upkeep]
|upkeep
|turn|3
|
|t:|1776103648
|-terastallize|p2a: Pecharunt|Ghost
|move|p2a: Pecharunt|Recover|p2a: Pecharunt
|-heal|p2a: Pecharunt|97/100
|move|p1a: MINERAL AWARENESS|Headlong Rush|p2a: Pecharunt
|-damage|p2a: Pecharunt|52/100
|-unboost|p1a: MINERAL AWARENESS|def|1
|-unboost|p1a: MINERAL AWARENESS|spd|1
|
|-weather|SunnyDay|[upkeep]
|upkeep
|turn|4
|
|t:|1776103656
|-end|p1a: MINERAL AWARENESS|Protosynthesis|[silent]
|switch|p1a: I'LL MISS|Heatran, F|100/100
|-damage|p1a: I'LL MISS|88/100|[from] Stealth Rock
|move|p2a: Pecharunt|Shadow Ball|p1a: I'LL MISS
|-damage|p1a: I'LL MISS|66/100
|
|-weather|SunnyDay|[upkeep]
|-heal|p1a: I'LL MISS|72/100|[from] item: Leftovers
|upkeep
|turn|5
|
|t:|1776103667
|move|p2a: Pecharunt|Parting Shot|p1a: I'LL MISS
|-unboost|p1a: I'LL MISS|atk|1
|-unboost|p1a: I'LL MISS|spa|1
|
|t:|1776103672
|switch|p2a: Tyranitar|Tyranitar, F|100/100|[from] Parting Shot
|-weather|Sandstorm|[from] ability: Sand Stream|[of] p2a: Tyranitar
|move|p1a: I'LL MISS|Magma Storm|p2a: Tyranitar
|-resisted|p2a: Tyranitar
|-damage|p2a: Tyranitar|95/100
|-activate|p2a: Tyranitar|move: Magma Storm|[of] p1a: I'LL MISS
|
|-weather|Sandstorm|[upkeep]
|-heal|p1a: I'LL MISS|78/100|[from] item: Leftovers
|-damage|p2a: Tyranitar|82/100|[from] move: Magma Storm|[partiallytrapped]
|upkeep
|turn|6
|
|t:|1776103683
|switch|p1a: MINERAL AWARENESS|Great Tusk|100/100
|move|p2a: Tyranitar|Knock Off|p1a: MINERAL AWARENESS
|-resisted|p1a: MINERAL AWARENESS
|-damage|p1a: MINERAL AWARENESS|85/100
|-enditem|p1a: MINERAL AWARENESS|Heavy-Duty Boots|[from] move: Knock Off|[of] p2a: Tyranitar
|
|-weather|Sandstorm|[upkeep]
|-end|p2a: Tyranitar|Magma Storm|[partiallytrapped]|[silent]
|upkeep
|turn|7
|
|t:|1776103690
|switch|p2a: Pecharunt|Pecharunt, tera:Ghost|52/100
|move|p1a: MINERAL AWARENESS|Headlong Rush|p2a: Pecharunt
|-damage|p2a: Pecharunt|17/100
|-unboost|p1a: MINERAL AWARENESS|def|1
|-unboost|p1a: MINERAL AWARENESS|spd|1
|
|-weather|Sandstorm|[upkeep]
|-damage|p2a: Pecharunt|10/100|[from] Sandstorm
|upkeep
|turn|8
|
|t:|1776103700
|move|p2a: Pecharunt|Recover|p2a: Pecharunt
|-heal|p2a: Pecharunt|60/100
|move|p1a: MINERAL AWARENESS|Headlong Rush|p2a: Pecharunt
|-damage|p2a: Pecharunt|25/100
|-unboost|p1a: MINERAL AWARENESS|def|1
|-unboost|p1a: MINERAL AWARENESS|spd|1
|
|-weather|Sandstorm|[upkeep]
|-damage|p2a: Pecharunt|19/100|[from] Sandstorm
|upkeep
|turn|9
|
|t:|1776103709
|-end|p1a: MINERAL AWARENESS|Protosynthesis|[silent]
|switch|p1a: I'LL MISS|Heatran, F|78/100
|-damage|p1a: I'LL MISS|66/100|[from] Stealth Rock
|move|p2a: Pecharunt|Shadow Ball|p1a: I'LL MISS
|-damage|p1a: I'LL MISS|44/100
|
|-weather|Sandstorm|[upkeep]
|-damage|p2a: Pecharunt|13/100|[from] Sandstorm
|-heal|p1a: I'LL MISS|50/100|[from] item: Leftovers
|upkeep
|turn|10
|
|t:|1776103718
|move|p2a: Pecharunt|Parting Shot|p1a: I'LL MISS
|-unboost|p1a: I'LL MISS|atk|1
|-unboost|p1a: I'LL MISS|spa|1
|
|t:|1776103721
|switch|p2a: Tyranitar|Tyranitar, F|82/100|[from] Parting Shot
|move|p1a: I'LL MISS|Stealth Rock|p2a: Tyranitar
|-sidestart|p2: Ryan Cowtinho|move: Stealth Rock
|
|-weather|Sandstorm|[upkeep]
|-heal|p1a: I'LL MISS|56/100|[from] item: Leftovers
|upkeep
|turn|11
|
|t:|1776103728
|switch|p1a: MINERAL AWARENESS|Great Tusk|85/100
|-damage|p1a: MINERAL AWARENESS|82/100|[from] Stealth Rock
|move|p2a: Tyranitar|Ice Beam|p1a: MINERAL AWARENESS
|-supereffective|p1a: MINERAL AWARENESS
|-damage|p1a: MINERAL AWARENESS|17/100
|
|-weather|Sandstorm|[upkeep]
|upkeep
|turn|12
|
|t:|1776103735
|switch|p2a: Pecharunt|Pecharunt, tera:Ghost|13/100
|-damage|p2a: Pecharunt|1/100|[from] Stealth Rock
|move|p1a: MINERAL AWARENESS|Rapid Spin|p2a: Pecharunt
|-immune|p2a: Pecharunt
|
|-weather|none
|upkeep
|turn|13
|
|t:|1776103746
|-end|p1a: MINERAL AWARENESS|Protosynthesis|[silent]
|switch|p1a: I'LL MISS|Heatran, F|56/100
|-damage|p1a: I'LL MISS|44/100|[from] Stealth Rock
|move|p2a: Pecharunt|Recover|p2a: Pecharunt
|-heal|p2a: Pecharunt|51/100
|
|-heal|p1a: I'LL MISS|50/100|[from] item: Leftovers
|upkeep
|turn|14
|
|t:|1776103754
|move|p2a: Pecharunt|Parting Shot|p1a: I'LL MISS
|-unboost|p1a: I'LL MISS|atk|1
|-unboost|p1a: I'LL MISS|spa|1
|
|t:|1776103759
|switch|p2a: Tyranitar|Tyranitar, F|82/100|[from] Parting Shot
|-damage|p2a: Tyranitar|70/100|[from] Stealth Rock
|-weather|Sandstorm|[from] ability: Sand Stream|[of] p2a: Tyranitar
|move|p1a: I'LL MISS|Magma Storm|p2a: Tyranitar
|-resisted|p2a: Tyranitar
|-damage|p2a: Tyranitar|64/100
|-activate|p2a: Tyranitar|move: Magma Storm|[of] p1a: I'LL MISS
|
|-weather|Sandstorm|[upkeep]
|-heal|p1a: I'LL MISS|56/100|[from] item: Leftovers
|-damage|p2a: Tyranitar|51/100|[from] move: Magma Storm|[partiallytrapped]
|upkeep
|turn|15
|
|t:|1776103771
|move|p1a: I'LL MISS|Earth Power|p2a: Tyranitar
|-supereffective|p2a: Tyranitar
|-damage|p2a: Tyranitar|36/100
|move|p2a: Tyranitar|Knock Off|p1a: I'LL MISS
|-damage|p1a: I'LL MISS|18/100
|-enditem|p1a: I'LL MISS|Leftovers|[from] move: Knock Off|[of] p2a: Tyranitar
|
|-weather|Sandstorm|[upkeep]
|-damage|p2a: Tyranitar|24/100|[from] move: Magma Storm|[partiallytrapped]
|upkeep
|turn|16
|
|t:|1776103780
|move|p1a: I'LL MISS|Earth Power|p2a: Tyranitar
|-supereffective|p2a: Tyranitar
|-damage|p2a: Tyranitar|10/100
|move|p2a: Tyranitar|Knock Off|p1a: I'LL MISS
|-damage|p1a: I'LL MISS|0 fnt
|faint|p1a: I'LL MISS
|
|-weather|Sandstorm|[upkeep]
|-end|p2a: Tyranitar|Magma Storm|[partiallytrapped]|[silent]
|upkeep
|
|t:|1776103790
|switch|p1a: MINERAL AWARENESS|Great Tusk|17/100
|-damage|p1a: MINERAL AWARENESS|14/100|[from] Stealth Rock
|turn|17
|
|t:|1776103794
|switch|p2a: Pecharunt|Pecharunt, tera:Ghost|51/100
|-damage|p2a: Pecharunt|39/100|[from] Stealth Rock
|move|p1a: MINERAL AWARENESS|Headlong Rush|p2a: Pecharunt
|-damage|p2a: Pecharunt|1/100
|-unboost|p1a: MINERAL AWARENESS|def|1
|-unboost|p1a: MINERAL AWARENESS|spd|1
|
|-weather|Sandstorm|[upkeep]
|-damage|p2a: Pecharunt|0 fnt|[from] Sandstorm
|faint|p2a: Pecharunt
|upkeep
|
|t:|1776103796
|switch|p2a: Excadrill|Excadrill, F|100/100
|-damage|p2a: Excadrill|97/100|[from] Stealth Rock
|-item|p2a: Excadrill|Air Balloon
|turn|18
|
|t:|1776103808
|-end|p1a: MINERAL AWARENESS|Protosynthesis|[silent]
|switch|p1a: END KALI YUGA|Torkoal, F|100/100
|-damage|p1a: END KALI YUGA|75/100|[from] Stealth Rock
|-weather|SunnyDay|[from] ability: Drought|[of] p1a: END KALI YUGA
|move|p2a: Excadrill|Rapid Spin|p1a: END KALI YUGA
|-damage|p1a: END KALI YUGA|64/100
|-boost|p2a: Excadrill|spe|1
|-sideend|p2: Ryan Cowtinho|Stealth Rock|[from] move: Rapid Spin|[of] p2a: Excadrill
|
|-weather|SunnyDay|[upkeep]
|upkeep
|turn|19
|
|t:|1776103817
|move|p2a: Excadrill|Earthquake|p1a: END KALI YUGA
|-supereffective|p1a: END KALI YUGA
|-damage|p1a: END KALI YUGA|0 fnt
|faint|p1a: END KALI YUGA
|
|-weather|SunnyDay|[upkeep]
|upkeep
|
|t:|1776103822
|switch|p1a: MATHEMATICAL CHEST|Walking Wake|100/100
|-damage|p1a: MATHEMATICAL CHEST|88/100|[from] Stealth Rock
|-activate|p1a: MATHEMATICAL CHEST|ability: Protosynthesis
|-start|p1a: MATHEMATICAL CHEST|protosynthesisspe
|turn|20
|
|t:|1776103827
|switch|p2a: Tyranitar|Tyranitar, F|10/100
|-weather|Sandstorm|[from] ability: Sand Stream|[of] p2a: Tyranitar
|-end|p1a: MATHEMATICAL CHEST|Protosynthesis
|move|p1a: MATHEMATICAL CHEST|Flamethrower|p2a: Tyranitar
|-resisted|p2a: Tyranitar
|-damage|p2a: Tyranitar|2/100
|
|-weather|Sandstorm|[upkeep]
|-damage|p1a: MATHEMATICAL CHEST|82/100|[from] Sandstorm
|upkeep
|turn|21
|
|t:|1776103836
|move|p1a: MATHEMATICAL CHEST|Flamethrower|p2a: Tyranitar
|-resisted|p2a: Tyranitar
|-damage|p2a: Tyranitar|0 fnt
|faint|p2a: Tyranitar
|
|-weather|Sandstorm|[upkeep]
|-damage|p1a: MATHEMATICAL CHEST|76/100|[from] Sandstorm
|upkeep
|
|t:|1776103838
|switch|p2a: Ogerpon|Ogerpon-Wellspring, F|100/100
|turn|22
|
|t:|1776103844
|move|p1a: MATHEMATICAL CHEST|Flamethrower|p2a: Ogerpon
|-damage|p2a: Ogerpon|48/100
|move|p2a: Ogerpon|Power Whip|p1a: MATHEMATICAL CHEST
|-damage|p1a: MATHEMATICAL CHEST|0 fnt
|faint|p1a: MATHEMATICAL CHEST
|-end|p1a: MATHEMATICAL CHEST|Protosynthesis|[silent]
|
|-weather|Sandstorm|[upkeep]
|-damage|p2a: Ogerpon|42/100|[from] Sandstorm
|upkeep
|
|t:|1776103853
|switch|p1a: ANNUNAKI PROJECT|Clefable, F|100/100
|-damage|p1a: ANNUNAKI PROJECT|88/100|[from] Stealth Rock
|turn|23
|
|t:|1776103862
|switch|p2a: Excadrill|Excadrill, F|97/100
|-item|p2a: Excadrill|Air Balloon
|move|p1a: ANNUNAKI PROJECT|Moonblast|p2a: Excadrill
|-resisted|p2a: Excadrill
|-damage|p2a: Excadrill|78/100
|-unboost|p2a: Excadrill|spa|1
|-enditem|p2a: Excadrill|Air Balloon
|
|-weather|Sandstorm|[upkeep]
|-damage|p1a: ANNUNAKI PROJECT|82/100|[from] Sandstorm
|-heal|p1a: ANNUNAKI PROJECT|88/100|[from] item: Leftovers
|upkeep
|turn|24
|
|t:|1776103873
|move|p2a: Excadrill|Swords Dance|p2a: Excadrill
|-boost|p2a: Excadrill|atk|2
|move|p1a: ANNUNAKI PROJECT|Healing Wish|p1a: ANNUNAKI PROJECT
|faint|p1a: ANNUNAKI PROJECT
|
|-weather|Sandstorm|[upkeep]
|upkeep
|
|t:|1776103879
|switch|p1a: MINERAL AWARENESS|Great Tusk|14/100
|-heal|p1a: MINERAL AWARENESS|100/100|[from] move: Healing Wish
|-damage|p1a: MINERAL AWARENESS|98/100|[from] Stealth Rock
|turn|25
|
|t:|1776103884
|move|p2a: Excadrill|Earthquake|p1a: MINERAL AWARENESS
|-damage|p1a: MINERAL AWARENESS|12/100
|move|p1a: MINERAL AWARENESS|Headlong Rush|p2a: Excadrill
|-supereffective|p2a: Excadrill
|-damage|p2a: Excadrill|0 fnt
|-unboost|p1a: MINERAL AWARENESS|def|1
|-unboost|p1a: MINERAL AWARENESS|spd|1
|faint|p2a: Excadrill
|
|-weather|Sandstorm|[upkeep]
|upkeep
|
|t:|1776103890
|switch|p2a: Ogerpon|Ogerpon-Wellspring, F|42/100
|turn|26
|
|t:|1776103895
|move|p2a: Ogerpon|Ivy Cudgel|p1a: MINERAL AWARENESS|[anim] Ivy Cudgel Water
|-supereffective|p1a: MINERAL AWARENESS
|-damage|p1a: MINERAL AWARENESS|0 fnt
|faint|p1a: MINERAL AWARENESS
|-end|p1a: MINERAL AWARENESS|Protosynthesis|[silent]
|
|-weather|Sandstorm|[upkeep]
|-damage|p2a: Ogerpon|36/100|[from] Sandstorm
|upkeep
|
|t:|1776103901
|switch|p1a: GOLEMS NOT READY|Trevenant, F|100/100
|-damage|p1a: GOLEMS NOT READY|88/100|[from] Stealth Rock
|turn|27
|
|t:|1776103905
|move|p2a: Ogerpon|Knock Off|p1a: GOLEMS NOT READY
|-supereffective|p1a: GOLEMS NOT READY
|-damage|p1a: GOLEMS NOT READY|0 fnt
|-enditem|p1a: GOLEMS NOT READY|Sitrus Berry|[from] move: Knock Off|[of] p2a: Ogerpon
|faint|p1a: GOLEMS NOT READY
|
|win|Ryan Cowtinho
|raw|Nahlokin's rating: 1510 &rarr; <strong>1491</strong><br />(-19 for losing)
|raw|Ryan Cowtinho's rating: 1530 &rarr; <strong>1549</strong><br />(+19 for winning)
|l|☆Nahlokin
|player|p1|
|l|☆Ryan Cowtinho
|player|p2|
