|html|<div class="broadcast-blue"><strong>[Gen 9] OU is currently suspecting Volcarona! For information on how to participate check out the <a href="https://www.smogon.com/tools/suspects/view/208">suspect thread</a>.</strong></div>
|j|☆subbasser
|j|‽BlabberSaur
|t:|1778517501
|gametype|singles
|player|p1|subbasser|2|1160
|player|p2|BlabberSaur|wallace|1228
|gen|9
|tier|[Gen 9] OU
|rated|
|rule|HP Percentage Mod: HP is shown in percentages
|rule|Endless Battle Clause: Forcing endless battles is banned
|rule|Species Clause: Limit one of each Pokémon
|rule|OHKO Clause: OHKO moves are banned
|rule|Evasion Items Clause: Evasion items are banned
|rule|Evasion Moves Clause: Evasion moves are banned
|rule|Evasion Abilities Clause: Evasion abilities are banned
|rule|Sleep Moves Clause: Sleep-inducing moves are banned
|clearpoke
|poke|p1|Toedscruel, M|
|poke|p1|Registeel|
|poke|p1|Rhyperior, M|
|poke|p1|Magnezone|
|poke|p1|Kingambit, F|
|poke|p1|Phantump, F|
|poke|p2|Torkoal, F|
|poke|p2|Great Tusk|
|poke|p2|Dragapult, M|
|poke|p2|Walking Wake|
|poke|p2|Venusaur, F|
|poke|p2|Darkrai|
|teampreview
|inactive|Battle timer is ON: inactive players will automatically lose when time's up. (requested by BlabberSaur)
|inactive|subbasser has 120 seconds left.
|
|t:|1778517561
|teamsize|p1|6
|teamsize|p2|6
|start
|switch|p1a: Trickster|Phantump, F, shiny|100/100
|switch|p2a: Dragapult|Dragapult, M|100/100
|turn|1
|
|t:|1778517565
|move|p2a: Dragapult|Shadow Ball|p1a: Trickster
|-supereffective|p1a: Trickster
|-damage|p1a: Trickster|25/100
|-damage|p2a: Dragapult|91/100|[from] item: Life Orb
|move|p1a: Trickster|Will-O-Wisp|p2a: Dragapult
|-status|p2a: Dragapult|brn
|
|-damage|p2a: Dragapult|85/100 brn|[from] brn
|upkeep
|turn|2
|
|t:|1778517570
|switch|p1a: Sontaran|Kingambit, F|100/100
|move|p2a: Dragapult|Shadow Ball|p1a: Sontaran
|-resisted|p1a: Sontaran
|-damage|p1a: Sontaran|73/100
|-damage|p2a: Dragapult|75/100 brn|[from] item: Life Orb
|
|-damage|p2a: Dragapult|69/100 brn|[from] brn
|upkeep
|turn|3
|inactive|subbasser has 120 seconds left.
|inactive|subbasser has 90 seconds left.
|inactive|subbasser has 60 seconds left.
|
|t:|1778517667
|switch|p2a: Torkoal|Torkoal, F|100/100
|-weather|SunnyDay|[from] ability: Drought|[of] p2a: Torkoal
|move|p1a: Sontaran|Kowtow Cleave|p2a: Torkoal
|-damage|p2a: Torkoal|65/100
|
|-weather|SunnyDay|[upkeep]
|upkeep
|turn|4
|
|t:|1778517672
|-end|p1a: Sontaran|fallenundefined|[silent]
|switch|p1a: Judoon|Rhyperior, M|100/100
|move|p2a: Torkoal|Will-O-Wisp|p1a: Judoon
|-status|p1a: Judoon|brn
|
|-weather|SunnyDay|[upkeep]
|-damage|p1a: Judoon|94/100 brn|[from] brn
|upkeep
|turn|5
|
|t:|1778517678
|switch|p2a: Venusaur|Venusaur, F|100/100
|move|p1a: Judoon|Stealth Rock|p2a: Venusaur
|-sidestart|p2: BlabberSaur|move: Stealth Rock
|
|-weather|SunnyDay|[upkeep]
|-heal|p1a: Judoon|100/100 brn|[from] item: Leftovers
|-damage|p1a: Judoon|94/100 brn|[from] brn
|upkeep
|turn|6
|inactive|subbasser has 60 seconds left.
|
|t:|1778517721
|move|p2a: Venusaur|Growth|p2a: Venusaur
|-boost|p2a: Venusaur|atk|2
|-boost|p2a: Venusaur|spa|2
|move|p1a: Judoon|Dragon Tail|p2a: Venusaur
|-damage|p2a: Venusaur|87/100
|drag|p2a: Torkoal|Torkoal, F|65/100
|-damage|p2a: Torkoal|40/100|[from] Stealth Rock
|
|-weather|SunnyDay|[upkeep]
|-heal|p1a: Judoon|100/100 brn|[from] item: Leftovers
|-damage|p1a: Judoon|94/100 brn|[from] brn
|upkeep
|turn|7
|
|t:|1778517728
|move|p1a: Judoon|Earthquake|p2a: Torkoal
|-supereffective|p2a: Torkoal
|-damage|p2a: Torkoal|5/100
|move|p2a: Torkoal|Rapid Spin|p1a: Judoon
|-resisted|p1a: Judoon
|-damage|p1a: Judoon|91/100 brn
|-boost|p2a: Torkoal|spe|1
|-sideend|p2: BlabberSaur|Stealth Rock|[from] move: Rapid Spin|[of] p2a: Torkoal
|
|-weather|SunnyDay|[upkeep]
|-heal|p1a: Judoon|97/100 brn|[from] item: Leftovers
|-damage|p1a: Judoon|91/100 brn|[from] brn
|upkeep
|turn|8
|inactive|subbasser has 60 seconds left.
|
|t:|1778517740
|move|p1a: Judoon|Earthquake|p2a: Torkoal
|-supereffective|p2a: Torkoal
|-damage|p2a: Torkoal|0 fnt
|faint|p2a: Torkoal
|
|-weather|SunnyDay|[upkeep]
|-heal|p1a: Judoon|97/100 brn|[from] item: Leftovers
|-damage|p1a: Judoon|91/100 brn|[from] brn
|upkeep
|
|t:|1778517743
|switch|p2a: Walking Wake|Walking Wake|100/100
|-activate|p2a: Walking Wake|ability: Protosynthesis
|-start|p2a: Walking Wake|protosynthesisspa
|turn|9
|inactive|subbasser has 60 seconds left.
|
|t:|1778517764
|move|p2a: Walking Wake|Hydro Steam|p1a: Judoon
|-supereffective|p1a: Judoon
|-damage|p1a: Judoon|0 fnt
|faint|p1a: Judoon
|
|-weather|SunnyDay|[upkeep]
|upkeep
|
|t:|1778517770
|switch|p1a: Dalek|Magnezone, shiny|100/100
|turn|10
|
|t:|1778517773
|-terastallize|p1a: Dalek|Electric
|move|p2a: Walking Wake|Hydro Steam|p1a: Dalek
|-damage|p1a: Dalek|39/100
|move|p1a: Dalek|Discharge|p2a: Walking Wake
|-damage|p2a: Walking Wake|30/100
|-status|p2a: Walking Wake|par
|
|-weather|none
|-end|p2a: Walking Wake|Protosynthesis
|upkeep
|turn|11
|
|t:|1778517780
|move|p2a: Walking Wake|Hydro Steam|p1a: Dalek
|-damage|p1a: Dalek|6/100
|move|p1a: Dalek|Discharge|p2a: Walking Wake
|-crit|p2a: Walking Wake
|-damage|p2a: Walking Wake|0 fnt
|faint|p2a: Walking Wake
|-end|p2a: Walking Wake|Protosynthesis|[silent]
|
|upkeep
|
|t:|1778517787
|switch|p2a: Great Tusk|Great Tusk|100/100
|turn|12
|
|t:|1778517808
|switch|p1a: Trickster|Phantump, F, shiny|25/100
|move|p2a: Great Tusk|Rapid Spin|p1a: Trickster
|-immune|p1a: Trickster
|
|upkeep
|turn|13
|
|t:|1778517813
|move|p2a: Great Tusk|Ice Spinner|p1a: Trickster
|-supereffective|p1a: Trickster
|-damage|p1a: Trickster|0 fnt
|faint|p1a: Trickster
|
|upkeep
|
|t:|1778517817
|switch|p1a: Ood|Toedscruel, M|100/100
|turn|14
|
|t:|1778517824
|-end|p2a: Great Tusk|Protosynthesis|[silent]
|switch|p2a: Venusaur|Venusaur, F|87/100
|move|p1a: Ood|Rapid Spin|p2a: Venusaur
|-damage|p2a: Venusaur|78/100
|-boost|p1a: Ood|spe|1
|
|-heal|p2a: Venusaur|84/100|[from] item: Leftovers
|upkeep
|turn|15
|inactive|subbasser has 90 seconds left.
|inactive|subbasser has 60 seconds left.
|
|t:|1778517894
|move|p1a: Ood|Earth Power|p2a: Venusaur
|-damage|p2a: Venusaur|46/100
|move|p2a: Venusaur|Giga Drain|p1a: Ood
|-damage|p1a: Ood|80/100
|-heal|p2a: Venusaur|56/100|[from] drain|[of] p1a: Ood
|
|-heal|p2a: Venusaur|62/100|[from] item: Leftovers
|upkeep
|turn|16
|
|t:|1778517903
|move|p1a: Ood|Earth Power|p2a: Venusaur
|-damage|p2a: Venusaur|25/100
|move|p2a: Venusaur|Giga Drain|p1a: Ood
|-damage|p1a: Ood|62/100
|-heal|p2a: Venusaur|34/100|[from] drain|[of] p1a: Ood
|
|-heal|p2a: Venusaur|40/100|[from] item: Leftovers
|upkeep
|turn|17
|inactive|subbasser has 30 seconds left.
|
|t:|1778517932
|move|p1a: Ood|Earth Power|p2a: Venusaur
|-damage|p2a: Venusaur|3/100
|move|p2a: Venusaur|Sludge Bomb|p1a: Ood
|-damage|p1a: Ood|41/100
|-status|p1a: Ood|psn
|
|-heal|p2a: Venusaur|9/100|[from] item: Leftovers
|-damage|p1a: Ood|29/100 psn|[from] psn
|upkeep
|turn|18
|
|t:|1778517945
|move|p1a: Ood|Earth Power|p2a: Venusaur
|-damage|p2a: Venusaur|0 fnt
|faint|p2a: Venusaur
|
|-damage|p1a: Ood|16/100 psn|[from] psn
|upkeep
|
|t:|1778517952
|switch|p2a: Dragapult|Dragapult, M|69/100 brn
|turn|19
|
|t:|1778517962
|move|p2a: Dragapult|Flamethrower|p1a: Ood
|-supereffective|p1a: Ood
|-damage|p1a: Ood|0 fnt
|faint|p1a: Ood
|-damage|p2a: Dragapult|59/100 brn|[from] item: Life Orb
|
|-damage|p2a: Dragapult|53/100 brn|[from] brn
|upkeep
|
|t:|1778517965
|switch|p1a: Sontaran|Kingambit, F|73/100
|-activate|p1a: Sontaran|ability: Supreme Overlord
|-start|p1a: Sontaran|fallen3|[silent]
|turn|20
|
|t:|1778517969
|switch|p2a: Great Tusk|Great Tusk|100/100
|move|p1a: Sontaran|Sucker Punch||[still]
|-fail|p1a: Sontaran
|
|upkeep
|turn|21
|inactive|subbasser has 60 seconds left.
|
|t:|1778518004
|move|p2a: Great Tusk|Close Combat|p1a: Sontaran
|-supereffective|p1a: Sontaran
|-damage|p1a: Sontaran|0 fnt
|-unboost|p2a: Great Tusk|def|1
|-unboost|p2a: Great Tusk|spd|1
|faint|p1a: Sontaran
|-end|p1a: Sontaran|fallen3|[silent]
|
|upkeep
|
|t:|1778518006
|switch|p1a: Cyberman|Registeel|100/100
|turn|22
|-message|subbasser forfeited.
|
|win|BlabberSaur
|raw|subbasser's rating: 1160 &rarr; <strong>1140</strong><br />(-20 for losing)
|raw|BlabberSaur's rating: 1228 &rarr; <strong>1248</strong><br />(+20 for winning)
|l|☆subbasser
|player|p1|
|l|‽BlabberSaur
|player|p2|
