|html|<div class="broadcast-blue"><strong>[Gen 9] OU is currently suspecting Tera Blast! For information on how to participate check out the <a href="https://www.smogon.com/tools/suspects/view/200">suspect thread</a>.</strong></div>
|j|☆team10thPlanet
|j|☆a jellyfish
|t:|1776217240
|gametype|singles
|player|p1|team10thPlanet|veteran|1720
|player|p2|a jellyfish|bianca|1725
|gen|9
|tier|[Gen 9] OU
|rated|
|rule|HP Percentage Mod: HP is shown in percentages
|rule|Endless Battle Clause: Forcing endless battles is banned
|rule|Species Clause: Limit one of each Pokémon
|rule|OHKO Clause: OHKO moves are banned
|rule|Evasion Items Clause: Evasion items are banned
|rule|Evasion Moves Clause: Evasion moves are banned
|rule|Evasion Abilities Clause: Evasion abilities are banned
|rule|Sleep Moves Clause: Sleep-inducing moves are banned
|clearpoke
|poke|p1|Zamazenta-*|
|poke|p1|Dragonite, M|
|poke|p1|Hoopa-Unbound|
|poke|p1|Araquanid, M|
|poke|p1|Iron Treads|
|poke|p1|Raikou|
|poke|p2|Iron Valiant|
|poke|p2|Ogerpon, F|
|poke|p2|Gholdengo|
|poke|p2|Great Tusk|
|poke|p2|Moltres|
|poke|p2|Zamazenta-*|
|teampreview
|inactive|Battle timer is ON: inactive players will automatically lose when time's up. (requested by a jellyfish)
|
|t:|1776217253
|teamsize|p1|6
|teamsize|p2|6
|start
|switch|p1a: Diego ⚡️|Raikou|100/100
|switch|p2a: Ogerpon|Ogerpon, F|100/100
|turn|1
|j| Artillerx
|
|t:|1776217261
|-terastallize|p1a: Diego ⚡️|Flying
|move|p1a: Diego ⚡️|Tera Blast|p2a: Ogerpon|[anim] Tera Blast Flying
|-supereffective|p2a: Ogerpon
|-damage|p2a: Ogerpon|0 fnt
|faint|p2a: Ogerpon
|
|upkeep
|
|t:|1776217275
|switch|p2a: Gholdengo|Gholdengo|100/100
|turn|2
|l| Artillerx
|
|t:|1776217292
|switch|p1a: Johnny Tsunami 🌊|Araquanid, M|100/100
|move|p2a: Gholdengo|Make It Rain|p1a: Johnny Tsunami 🌊
|-resisted|p1a: Johnny Tsunami 🌊
|-damage|p1a: Johnny Tsunami 🌊|76/100
|-unboost|p2a: Gholdengo|spa|1
|
|upkeep
|turn|3
|
|t:|1776217301
|move|p2a: Gholdengo|Nasty Plot|p2a: Gholdengo
|-boost|p2a: Gholdengo|spa|2
|move|p1a: Johnny Tsunami 🌊|Surf|p2a: Gholdengo
|-damage|p2a: Gholdengo|43/100
|
|-heal|p2a: Gholdengo|49/100|[from] item: Leftovers
|upkeep
|turn|4
|
|t:|1776217315
|move|p2a: Gholdengo|Recover|p2a: Gholdengo
|-heal|p2a: Gholdengo|99/100
|move|p1a: Johnny Tsunami 🌊|Surf|p2a: Gholdengo
|-damage|p2a: Gholdengo|50/100
|
|-heal|p2a: Gholdengo|56/100|[from] item: Leftovers
|upkeep
|turn|5
|j| atarialex
|
|t:|1776217325
|move|p2a: Gholdengo|Shadow Ball|p1a: Johnny Tsunami 🌊
|-damage|p1a: Johnny Tsunami 🌊|30/100
|move|p1a: Johnny Tsunami 🌊|Sticky Web|p2a: Gholdengo
|-sidestart|p2: a jellyfish|move: Sticky Web
|
|-heal|p2a: Gholdengo|62/100|[from] item: Leftovers
|upkeep
|turn|6
|j| Shucklepilled
|
|t:|1776217333
|move|p1a: Johnny Tsunami 🌊|Endure|p1a: Johnny Tsunami 🌊
|-singleturn|p1a: Johnny Tsunami 🌊|move: Endure
|move|p2a: Gholdengo|Shadow Ball|p1a: Johnny Tsunami 🌊
|-activate|p1a: Johnny Tsunami 🌊|move: Endure
|-damage|p1a: Johnny Tsunami 🌊|1/100
|
|-heal|p2a: Gholdengo|68/100|[from] item: Leftovers
|upkeep
|turn|7
|j| electronno
|j| HyperStallMIA
|-enditem|p1a: Johnny Tsunami 🌊|Custap Berry|[eat]
|-activate|p1a: Johnny Tsunami 🌊|item: Custap Berry|[consumed]
|
|t:|1776217345
|move|p1a: Johnny Tsunami 🌊|Surf|p2a: Gholdengo
|-damage|p2a: Gholdengo|19/100
|move|p2a: Gholdengo|Recover|p2a: Gholdengo
|-heal|p2a: Gholdengo|69/100
|
|-heal|p2a: Gholdengo|75/100|[from] item: Leftovers
|upkeep
|turn|8
|
|t:|1776217355
|move|p2a: Gholdengo|Shadow Ball|p1a: Johnny Tsunami 🌊
|-damage|p1a: Johnny Tsunami 🌊|0 fnt
|faint|p1a: Johnny Tsunami 🌊
|
|-heal|p2a: Gholdengo|81/100|[from] item: Leftovers
|upkeep
|j| kanaete onegai
|inactive|team10thPlanet has 120 seconds left.
|
|t:|1776217396
|switch|p1a: Hoopa|Hoopa-Unbound|100/100
|turn|9
|j| SUBMACHINEGOTH
|
|t:|1776217407
|switch|p2a: Iron Valiant|Iron Valiant|100/100
|-activate|p2a: Iron Valiant|move: Sticky Web
|-unboost|p2a: Iron Valiant|spe|1
|-enditem|p2a: Iron Valiant|Booster Energy
|-activate|p2a: Iron Valiant|ability: Quark Drive|[fromitem]
|-start|p2a: Iron Valiant|quarkdriveatk
|move|p1a: Hoopa|Dark Pulse|p2a: Iron Valiant
|-resisted|p2a: Iron Valiant
|-damage|p2a: Iron Valiant|76/100
|
|upkeep
|turn|10
|inactive|team10thPlanet has 120 seconds left.
|
|t:|1776217427
|switch|p1a: Iron Treads|Iron Treads|100/100
|-enditem|p1a: Iron Treads|Booster Energy
|-activate|p1a: Iron Treads|ability: Quark Drive|[fromitem]
|-start|p1a: Iron Treads|quarkdrivespe
|move|p2a: Iron Valiant|Close Combat|p1a: Iron Treads
|-supereffective|p1a: Iron Treads
|-crit|p1a: Iron Treads
|-damage|p1a: Iron Treads|0 fnt
|-unboost|p2a: Iron Valiant|def|1
|-unboost|p2a: Iron Valiant|spd|1
|faint|p1a: Iron Treads
|-end|p1a: Iron Treads|Quark Drive|[silent]
|
|upkeep
|
|t:|1776217440
|switch|p1a: Diego ⚡️|Raikou, tera:Flying|100/100
|turn|11
|
|t:|1776217459
|-end|p2a: Iron Valiant|Quark Drive|[silent]
|switch|p2a: Gholdengo|Gholdengo|81/100
|-activate|p2a: Gholdengo|move: Sticky Web
|-unboost|p2a: Gholdengo|spe|1
|move|p1a: Diego ⚡️|Scald|p2a: Gholdengo
|-crit|p2a: Gholdengo
|-damage|p2a: Gholdengo|24/100
|
|-heal|p2a: Gholdengo|30/100|[from] item: Leftovers
|upkeep
|turn|12
|inactive|team10thPlanet has 120 seconds left.
|j| sack800
|inactive|a jellyfish has 120 seconds left.
|
|t:|1776217495
|switch|p2a: Iron Valiant|Iron Valiant|76/100
|-activate|p2a: Iron Valiant|move: Sticky Web
|-unboost|p2a: Iron Valiant|spe|1
|move|p1a: Diego ⚡️|Scald|p2a: Iron Valiant
|-damage|p2a: Iron Valiant|6/100
|
|upkeep
|turn|13
|inactive|team10thPlanet has 120 seconds left.
|
|t:|1776217504
|move|p1a: Diego ⚡️|Scald|p2a: Iron Valiant
|-crit|p2a: Iron Valiant
|-damage|p2a: Iron Valiant|0 fnt
|faint|p2a: Iron Valiant
|-end|p2a: Iron Valiant|Quark Drive|[silent]
|
|upkeep
|inactive|a jellyfish has 120 seconds left.
|
|t:|1776217511
|switch|p2a: Moltres|Moltres, shiny|100/100
|turn|14
|inactive|team10thPlanet has 120 seconds left.
|c| SUBMACHINEGOTH|i forgot how ugly is shiny moltres
|
|t:|1776217546
|-terastallize|p2a: Moltres|Fairy
|move|p1a: Diego ⚡️|Scald|p2a: Moltres
|-damage|p2a: Moltres|62/100
|move|p2a: Moltres|Flamethrower|p1a: Diego ⚡️
|-damage|p1a: Diego ⚡️|59/100
|
|upkeep
|turn|15
|
|t:|1776217555
|move|p1a: Diego ⚡️|Scald|p2a: Moltres
|-damage|p2a: Moltres|24/100
|move|p2a: Moltres|Roost|p2a: Moltres
|-heal|p2a: Moltres|74/100
|
|upkeep
|turn|16
|
|t:|1776217562
|move|p1a: Diego ⚡️|Scald|p2a: Moltres
|-damage|p2a: Moltres|39/100
|move|p2a: Moltres|Roost|p2a: Moltres
|-heal|p2a: Moltres|89/100
|
|upkeep
|turn|17
|inactive|team10thPlanet has 120 seconds left.
|l| sack800
|
|t:|1776217587
|move|p1a: Diego ⚡️|Scald|p2a: Moltres
|-damage|p2a: Moltres|56/100
|move|p2a: Moltres|Roost|p2a: Moltres
|-heal|p2a: Moltres|100/100
|
|upkeep
|turn|18
|inactive|team10thPlanet has 90 seconds left.
|
|t:|1776217618
|move|p1a: Diego ⚡️|Scald|p2a: Moltres
|-damage|p2a: Moltres|68/100
|move|p2a: Moltres|U-turn|p1a: Diego ⚡️
|-resisted|p1a: Diego ⚡️
|-damage|p1a: Diego ⚡️|49/100
|
|t:|1776217620
|switch|p2a: Zamazenta|Zamazenta|100/100|[from] U-turn
|-ability|p2a: Zamazenta|Dauntless Shield|boost
|-boost|p2a: Zamazenta|def|1
|
|upkeep
|turn|19
|
|t:|1776217630
|move|p2a: Zamazenta|Iron Defense|p2a: Zamazenta
|-boost|p2a: Zamazenta|def|2
|move|p1a: Diego ⚡️|Scald|p2a: Zamazenta
|-damage|p2a: Zamazenta|73/100
|
|upkeep
|turn|20
|
|t:|1776217637
|move|p2a: Zamazenta|Body Press|p1a: Diego ⚡️
|-resisted|p1a: Diego ⚡️
|-damage|p1a: Diego ⚡️|0 fnt
|faint|p1a: Diego ⚡️
|
|upkeep
|
|t:|1776217645
|switch|p1a: Hoopa|Hoopa-Unbound|100/100
|turn|21
|
|t:|1776217648
|move|p1a: Hoopa|Psychic|p2a: Zamazenta
|-supereffective|p2a: Zamazenta
|-damage|p2a: Zamazenta|0 fnt
|faint|p2a: Zamazenta
|
|upkeep
|
|t:|1776217652
|switch|p2a: Gholdengo|Gholdengo|30/100
|-activate|p2a: Gholdengo|move: Sticky Web
|-unboost|p2a: Gholdengo|spe|1
|turn|22
|inactive|team10thPlanet has 120 seconds left.
|c| kanaete onegai|damn it is funny looking
|inactive|team10thPlanet has 90 seconds left.
|
|t:|1776217691
|switch|p1a: Fat Boy|Dragonite, M, shiny|100/100
|move|p2a: Gholdengo|Recover|p2a: Gholdengo
|-heal|p2a: Gholdengo|80/100
|
|-heal|p2a: Gholdengo|86/100|[from] item: Leftovers
|upkeep
|turn|23
|inactive|team10thPlanet has 90 seconds left.
|
|t:|1776217701
|switch|p2a: Great Tusk|Great Tusk|100/100
|move|p1a: Fat Boy|Earthquake|p2a: Great Tusk
|-damage|p2a: Great Tusk|59/100
|
|upkeep
|turn|24
|
|t:|1776217707
|move|p2a: Great Tusk|Rapid Spin|p1a: Fat Boy
|-damage|p1a: Fat Boy|92/100
|-boost|p2a: Great Tusk|spe|1
|-sideend|p2: a jellyfish|Sticky Web|[from] move: Rapid Spin|[of] p2a: Great Tusk
|move|p1a: Fat Boy|Earthquake|p2a: Great Tusk
|-crit|p2a: Great Tusk
|-damage|p2a: Great Tusk|0 fnt
|faint|p2a: Great Tusk
|-end|p2a: Great Tusk|Protosynthesis|[silent]
|
|upkeep
|
|t:|1776217711
|switch|p2a: Moltres|Moltres, shiny, tera:Fairy|68/100
|turn|25
|
|t:|1776217727
|move|p2a: Moltres|Roost|p2a: Moltres
|-heal|p2a: Moltres|100/100
|move|p1a: Fat Boy|Earthquake|p2a: Moltres
|-damage|p2a: Moltres|54/100
|
|upkeep
|turn|26
|-message|a jellyfish forfeited.
|
|win|team10thPlanet
|raw|team10thPlanet's rating: 1720 &rarr; <strong>1740</strong><br />(+20 for winning)
|raw|a jellyfish's rating: 1725 &rarr; <strong>1705</strong><br />(-20 for losing)
|l|☆a jellyfish
|player|p2|
|l| HyperStallMIA
|l|☆team10thPlanet
|player|p1|
|l| Shucklepilled
|l| atarialex
|l| SUBMACHINEGOTH
|j|☆team10thPlanet
|player|p1|team10thPlanet|veteran|
