|html|<div class="broadcast-blue"><strong>[Gen 9] OU is currently suspecting Tera Blast! For information on how to participate check out the <a href="https://www.smogon.com/tools/suspects/view/200">suspect thread</a>.</strong></div>
|j|‽Give Me Your Coil
|j|☆Snomss
|t:|1776183587
|gametype|singles
|player|p1|Give Me Your Coil|ryme|1180
|player|p2|Snomss|candice|1205
|gen|9
|tier|[Gen 9] OU
|rated|
|rule|HP Percentage Mod: HP is shown in percentages
|rule|Endless Battle Clause: Forcing endless battles is banned
|rule|Species Clause: Limit one of each Pokémon
|rule|OHKO Clause: OHKO moves are banned
|rule|Evasion Items Clause: Evasion items are banned
|rule|Evasion Moves Clause: Evasion moves are banned
|rule|Evasion Abilities Clause: Evasion abilities are banned
|rule|Sleep Moves Clause: Sleep-inducing moves are banned
|clearpoke
|poke|p1|Glimmora, F|
|poke|p1|Cresselia, F|
|poke|p1|Dragonite, M|
|poke|p1|Kingambit, M|
|poke|p1|Zamazenta-*|
|poke|p1|Primarina, F|
|poke|p2|Enamorus, F|
|poke|p2|Iron Treads|
|poke|p2|Ceruledge, M|
|poke|p2|Darkrai|
|poke|p2|Zapdos|
|poke|p2|Pelipper, M|
|teampreview
|inactive|Battle timer is ON: inactive players will automatically lose when time's up. (requested by Snomss)
|
|t:|1776183600
|teamsize|p1|6
|teamsize|p2|6
|start
|switch|p1a: Glimmora|Glimmora, F|100/100
|switch|p2a: Pelipper|Pelipper, M|100/100
|-weather|RainDance|[from] ability: Drizzle|[of] p2a: Pelipper
|turn|1
|
|t:|1776183606
|move|p1a: Glimmora|Power Gem|p2a: Pelipper
|-supereffective|p2a: Pelipper
|-damage|p2a: Pelipper|9/100
|move|p2a: Pelipper|Liquidation|p1a: Glimmora
|-supereffective|p1a: Glimmora
|-damage|p1a: Glimmora|4/100
|-activate|p1a: Glimmora|ability: Toxic Debris
|-sidestart|p2: Snomss|move: Toxic Spikes
|-enditem|p1a: Glimmora|Red Card|[of] p2a: Pelipper
|drag|p2a: Iron Treads|Iron Treads|100/100
|-item|p2a: Iron Treads|Air Balloon
|
|-weather|RainDance|[upkeep]
|upkeep
|turn|2
|
|t:|1776183621
|switch|p1a: Cresselia|Cresselia, F|100/100
|move|p2a: Iron Treads|Rapid Spin|p1a: Cresselia
|-damage|p1a: Cresselia|93/100
|-boost|p2a: Iron Treads|spe|1
|-sideend|p2: Snomss|Toxic Spikes|[from] move: Rapid Spin|[of] p2a: Iron Treads
|-enditem|p1a: Cresselia|Eject Button
|
|t:|1776183627
|switch|p1a: Zamazenta|Zamazenta|100/100
|-ability|p1a: Zamazenta|Dauntless Shield|boost
|-boost|p1a: Zamazenta|def|1
|
|-weather|RainDance|[upkeep]
|upkeep
|turn|3
|
|t:|1776183642
|-end|p2a: Iron Treads|Quark Drive|[silent]
|switch|p2a: Pelipper|Pelipper, M|9/100
|move|p1a: Zamazenta|Stone Edge|p2a: Pelipper
|-supereffective|p2a: Pelipper
|-damage|p2a: Pelipper|0 fnt
|faint|p2a: Pelipper
|
|-weather|RainDance|[upkeep]
|upkeep
|
|t:|1776183652
|switch|p2a: Ceruledge|Ceruledge, M|100/100
|turn|4
|
|t:|1776183658
|move|p1a: Zamazenta|Crunch|p2a: Ceruledge
|-supereffective|p2a: Ceruledge
|-crit|p2a: Ceruledge
|-damage|p2a: Ceruledge|1/100
|-ability|p2a: Ceruledge|Weak Armor|boost
|-unboost|p2a: Ceruledge|def|1
|-boost|p2a: Ceruledge|spe|2
|move|p2a: Ceruledge|Swords Dance|p2a: Ceruledge
|-boost|p2a: Ceruledge|atk|2
|
|-weather|RainDance|[upkeep]
|upkeep
|turn|5
|
|t:|1776183667
|move|p2a: Ceruledge|Poltergeist|p1a: Zamazenta
|-activate|p1a: Zamazenta|move: Poltergeist|Heavy-Duty Boots
|-damage|p1a: Zamazenta|30/100
|move|p1a: Zamazenta|Crunch|p2a: Ceruledge
|-supereffective|p2a: Ceruledge
|-damage|p2a: Ceruledge|0 fnt
|faint|p2a: Ceruledge
|
|-weather|none
|upkeep
|
|t:|1776183671
|switch|p2a: Enamorus|Enamorus, F|100/100
|turn|6
|
|t:|1776183673
|switch|p1a: Glimmora|Glimmora, F|4/100
|-terastallize|p2a: Enamorus|Stellar
|move|p2a: Enamorus|Tera Blast|p1a: Glimmora|[anim] Tera Blast Stellar
|-damage|p1a: Glimmora|0 fnt
|-boost|p2a: Enamorus|atk|1
|-boost|p2a: Enamorus|spa|1
|faint|p1a: Glimmora
|
|upkeep
|
|t:|1776183680
|switch|p1a: Cresselia|Cresselia, F|93/100
|turn|7
|
|t:|1776183682
|move|p2a: Enamorus|Tera Blast|p1a: Cresselia|[anim] Tera Blast Stellar
|-damage|p1a: Cresselia|55/100
|-boost|p2a: Enamorus|atk|1
|-boost|p2a: Enamorus|spa|1
|move|p1a: Cresselia|Thunder Wave|p2a: Enamorus
|-status|p2a: Enamorus|par
|
|upkeep
|turn|8
|
|t:|1776183698
|move|p2a: Enamorus|Tera Blast|p1a: Cresselia|[anim] Tera Blast Stellar
|-damage|p1a: Cresselia|10/100
|-boost|p2a: Enamorus|atk|1
|-boost|p2a: Enamorus|spa|1
|move|p1a: Cresselia|Lunar Dance|p1a: Cresselia
|faint|p1a: Cresselia
|
|upkeep
|
|t:|1776183707
|switch|p1a: Dragonite|Dragonite, M|100/100
|turn|9
|
|t:|1776183714
|move|p1a: Dragonite|Dragon Dance|p1a: Dragonite
|-boost|p1a: Dragonite|atk|1
|-boost|p1a: Dragonite|spe|1
|move|p2a: Enamorus|Tera Blast|p1a: Dragonite|[anim] Tera Blast Stellar
|-damage|p1a: Dragonite|55/100
|-boost|p2a: Enamorus|atk|1
|-boost|p2a: Enamorus|spa|1
|
|upkeep
|turn|10
|
|t:|1776183720
|move|p1a: Dragonite|Ice Spinner|p2a: Enamorus
|-supereffective|p2a: Enamorus
|-damage|p2a: Enamorus|0 fnt
|faint|p2a: Enamorus
|
|upkeep
|
|t:|1776183727
|switch|p2a: Zapdos|Zapdos|100/100
|turn|11
|
|t:|1776183730
|move|p1a: Dragonite|Ice Spinner|p2a: Zapdos
|-supereffective|p2a: Zapdos
|-damage|p2a: Zapdos|28/100
|move|p2a: Zapdos|Hurricane|p1a: Dragonite
|-damage|p1a: Dragonite|3/100
|
|upkeep
|turn|12
|
|t:|1776183738
|move|p1a: Dragonite|Ice Spinner|p2a: Zapdos
|-supereffective|p2a: Zapdos
|-damage|p2a: Zapdos|0 fnt
|faint|p2a: Zapdos
|
|upkeep
|
|t:|1776183742
|switch|p2a: Iron Treads|Iron Treads|100/100
|-item|p2a: Iron Treads|Air Balloon
|turn|13
|
|t:|1776183745
|move|p1a: Dragonite|Ice Spinner|p2a: Iron Treads
|-damage|p2a: Iron Treads|58/100
|-enditem|p2a: Iron Treads|Air Balloon
|move|p2a: Iron Treads|Rapid Spin|p1a: Dragonite
|-damage|p1a: Dragonite|0 fnt
|-boost|p2a: Iron Treads|spe|1
|faint|p1a: Dragonite
|
|upkeep
|
|t:|1776183748
|switch|p1a: Zamazenta|Zamazenta|30/100
|-heal|p1a: Zamazenta|100/100|[from] move: Lunar Dance
|turn|14
|-message|Snomss forfeited.
|
|win|Give Me Your Coil
|raw|Give Me Your Coil's rating: 1180 &rarr; <strong>1207</strong><br />(+27 for winning)
|raw|Snomss's rating: 1205 &rarr; <strong>1178</strong><br />(-27 for losing)
