|html|<div class="broadcast-blue"><strong>[Gen 9] OU is currently suspecting Tera Blast! For information on how to participate check out the <a href="https://www.smogon.com/tools/suspects/view/200">suspect thread</a>.</strong></div>
|j|☆hevin kart collab
|j|☆TheRegisAreCool
|t:|1776176580
|gametype|singles
|player|p1|hevin kart collab|furisodegirl-black|1253
|player|p2|TheRegisAreCool|fisherman-gen4|1218
|gen|9
|tier|[Gen 9] OU
|rated|
|rule|HP Percentage Mod: HP is shown in percentages
|rule|Endless Battle Clause: Forcing endless battles is banned
|rule|Species Clause: Limit one of each Pokémon
|rule|OHKO Clause: OHKO moves are banned
|rule|Evasion Items Clause: Evasion items are banned
|rule|Evasion Moves Clause: Evasion moves are banned
|rule|Evasion Abilities Clause: Evasion abilities are banned
|rule|Sleep Moves Clause: Sleep-inducing moves are banned
|clearpoke
|poke|p1|Great Tusk|
|poke|p1|Slowking-Galar, F|
|poke|p1|Corviknight, M|
|poke|p1|Iron Valiant|
|poke|p1|Dondozo, F|
|poke|p1|Dragapult, F|
|poke|p2|Conkeldurr, M|
|poke|p2|Iron Moth|
|poke|p2|Glimmora, F|
|poke|p2|Kommo-o, M|
|poke|p2|Samurott-Hisui, F|
|poke|p2|Donphan, F|
|teampreview
|inactive|Battle timer is ON: inactive players will automatically lose when time's up. (requested by hevin kart collab)
|
|t:|1776176611
|teamsize|p1|6
|teamsize|p2|6
|start
|switch|p1a: Iron Valiant|Iron Valiant|100/100
|switch|p2a: Samurott|Samurott-Hisui, F|100/100
|turn|1
|
|t:|1776176616
|move|p1a: Iron Valiant|Spirit Break|p2a: Samurott
|-supereffective|p2a: Samurott
|-damage|p2a: Samurott|0 fnt
|faint|p2a: Samurott
|
|upkeep
|
|t:|1776176623
|switch|p2a: Glimmora|Glimmora, F|100/100
|turn|2
|
|t:|1776176628
|-end|p1a: Iron Valiant|Quark Drive|[silent]
|switch|p1a: Corviknight|Corviknight, M|100/100
|-ability|p1a: Corviknight|Pressure
|move|p2a: Glimmora|Sludge Bomb|p1a: Corviknight
|-immune|p1a: Corviknight
|
|upkeep
|turn|3
|
|t:|1776176633
|-terastallize|p2a: Glimmora|Rock
|move|p2a: Glimmora|Power Gem|p1a: Corviknight
|-damage|p1a: Corviknight|50/100
|move|p1a: Corviknight|U-turn|p2a: Glimmora
|-damage|p2a: Glimmora|83/100
|-activate|p2a: Glimmora|ability: Toxic Debris
|-sidestart|p1: hevin kart collab|move: Toxic Spikes
|
|t:|1776176642
|switch|p1a: Slowking|Slowking-Galar, F|100/100|[from] U-turn
|-sideend|p1: hevin kart collab|move: Toxic Spikes|[of] p1a: Slowking
|
|upkeep
|turn|4
|
|t:|1776176647
|move|p2a: Glimmora|Earth Power|p1a: Slowking
|-supereffective|p1a: Slowking
|-damage|p1a: Slowking|66/100
|move|p1a: Slowking|Sludge Bomb|p2a: Glimmora
|-resisted|p2a: Glimmora
|-damage|p2a: Glimmora|61/100
|
|upkeep
|turn|5
|
|t:|1776176653
|switch|p1a: Corviknight|Corviknight, M|50/100
|-ability|p1a: Corviknight|Pressure
|move|p2a: Glimmora|Earth Power|p1a: Corviknight
|-immune|p1a: Corviknight
|
|upkeep
|turn|6
|
|t:|1776176658
|switch|p1a: Great Tusk|Great Tusk|100/100
|move|p2a: Glimmora|Power Gem|p1a: Great Tusk
|-resisted|p1a: Great Tusk
|-damage|p1a: Great Tusk|86/100
|
|upkeep
|turn|7
|
|t:|1776176665
|switch|p2a: Donphan|Donphan, F|100/100
|move|p1a: Great Tusk|Headlong Rush|p2a: Donphan
|-damage|p2a: Donphan|45/100
|-unboost|p1a: Great Tusk|def|1
|-unboost|p1a: Great Tusk|spd|1
|
|upkeep
|turn|8
|
|t:|1776176669
|move|p2a: Donphan|Ice Shard|p1a: Great Tusk
|-supereffective|p1a: Great Tusk
|-damage|p1a: Great Tusk|55/100
|move|p1a: Great Tusk|Headlong Rush|p2a: Donphan
|-damage|p2a: Donphan|0 fnt
|-unboost|p1a: Great Tusk|def|1
|-unboost|p1a: Great Tusk|spd|1
|faint|p2a: Donphan
|
|upkeep
|
|t:|1776176675
|switch|p2a: Iron Moth|Iron Moth|100/100
|-enditem|p2a: Iron Moth|Booster Energy
|-activate|p2a: Iron Moth|ability: Quark Drive|[fromitem]
|-start|p2a: Iron Moth|quarkdrivespe
|turn|9
|
|t:|1776176697
|-end|p1a: Great Tusk|Protosynthesis|[silent]
|switch|p1a: Slowking|Slowking-Galar, F|99/100
|move|p2a: Iron Moth|Energy Ball|p1a: Slowking
|-resisted|p1a: Slowking
|-damage|p1a: Slowking|90/100
|
|upkeep
|turn|10
|
|t:|1776176720
|move|p2a: Iron Moth|Fiery Dance|p1a: Slowking
|-damage|p1a: Slowking|68/100
|-boost|p2a: Iron Moth|spa|1
|move|p1a: Slowking|Thunder Wave|p2a: Iron Moth
|-status|p2a: Iron Moth|par
|
|upkeep
|turn|11
|
|t:|1776176737
|move|p2a: Iron Moth|Fiery Dance|p1a: Slowking
|-damage|p1a: Slowking|31/100
|-enditem|p1a: Slowking|Sitrus Berry|[eat]
|-heal|p1a: Slowking|56/100|[from] item: Sitrus Berry
|move|p1a: Slowking|Future Sight|p2a: Iron Moth
|-start|p1a: Slowking|move: Future Sight
|
|upkeep
|turn|12
|
|t:|1776176743
|switch|p1a: Dondozo|Dondozo, F|100/100
|move|p2a: Iron Moth|Fiery Dance|p1a: Dondozo
|-resisted|p1a: Dondozo
|-damage|p1a: Dondozo|89/100
|
|-heal|p1a: Dondozo|95/100|[from] item: Leftovers
|upkeep
|turn|13
|
|t:|1776176747
|switch|p1a: Slowking|Slowking-Galar, F|90/100
|move|p2a: Iron Moth|Energy Ball|p1a: Slowking
|-resisted|p1a: Slowking
|-damage|p1a: Slowking|77/100
|
|-end|p2a: Iron Moth|move: Future Sight
|-supereffective|p2a: Iron Moth
|-crit|p2a: Iron Moth
|-damage|p2a: Iron Moth|0 fnt
|faint|p2a: Iron Moth
|-end|p2a: Iron Moth|Quark Drive|[silent]
|upkeep
|
|t:|1776176755
|switch|p2a: Glimmora|Glimmora, F, tera:Rock|61/100
|turn|14
|
|t:|1776176760
|move|p2a: Glimmora|Earth Power|p1a: Slowking
|-supereffective|p1a: Slowking
|-damage|p1a: Slowking|38/100
|move|p1a: Slowking|Future Sight|p2a: Glimmora
|-start|p1a: Slowking|move: Future Sight
|
|upkeep
|turn|15
|
|t:|1776176767
|switch|p1a: Great Tusk|Great Tusk|55/100
|move|p2a: Glimmora|Power Gem|p1a: Great Tusk
|-resisted|p1a: Great Tusk
|-damage|p1a: Great Tusk|41/100
|
|upkeep
|turn|16
|
|t:|1776176774
|move|p1a: Great Tusk|Headlong Rush|p2a: Glimmora
|-supereffective|p2a: Glimmora
|-damage|p2a: Glimmora|0 fnt
|-unboost|p1a: Great Tusk|def|1
|-unboost|p1a: Great Tusk|spd|1
|-activate|p2a: Glimmora|ability: Toxic Debris
|-sidestart|p1: hevin kart collab|move: Toxic Spikes
|faint|p2a: Glimmora
|
|-hint|Future Sight did not hit because the target is fainted.
|upkeep
|
|t:|1776176785
|switch|p2a: Kommo-o|Kommo-o, M|100/100
|turn|17
|
|t:|1776176787
|-end|p1a: Great Tusk|Protosynthesis|[silent]
|switch|p1a: Slowking|Slowking-Galar, F|71/100
|-sideend|p1: hevin kart collab|move: Toxic Spikes|[of] p1a: Slowking
|move|p2a: Kommo-o|Clangorous Soul|p2a: Kommo-o
|-boost|p2a: Kommo-o|atk|1
|-boost|p2a: Kommo-o|def|1
|-boost|p2a: Kommo-o|spa|1
|-boost|p2a: Kommo-o|spd|1
|-boost|p2a: Kommo-o|spe|1
|-damage|p2a: Kommo-o|68/100
|
|-heal|p2a: Kommo-o|74/100|[from] item: Leftovers
|upkeep
|turn|18
|
|t:|1776176796
|move|p2a: Kommo-o|Clanging Scales|p1a: Slowking
|-damage|p1a: Slowking|25/100
|-unboost|p2a: Kommo-o|def|1
|move|p1a: Slowking|Future Sight|p2a: Kommo-o
|-start|p1a: Slowking|move: Future Sight
|
|-heal|p2a: Kommo-o|80/100|[from] item: Leftovers
|upkeep
|turn|19
|
|t:|1776176803
|switch|p1a: Dondozo|Dondozo, F|95/100
|move|p2a: Kommo-o|Boomburst|p1a: Dondozo
|-damage|p1a: Dondozo|65/100
|
|-heal|p2a: Kommo-o|86/100|[from] item: Leftovers
|-heal|p1a: Dondozo|71/100|[from] item: Leftovers
|upkeep
|turn|20
|
|t:|1776176816
|move|p2a: Kommo-o|Clanging Scales|p1a: Dondozo
|-damage|p1a: Dondozo|35/100
|-unboost|p2a: Kommo-o|def|1
|move|p1a: Dondozo|Liquidation|p2a: Kommo-o
|-resisted|p2a: Kommo-o
|-damage|p2a: Kommo-o|73/100
|
|-end|p2a: Kommo-o|move: Future Sight
|-supereffective|p2a: Kommo-o
|-damage|p2a: Kommo-o|12/100
|-heal|p2a: Kommo-o|18/100|[from] item: Leftovers
|-heal|p1a: Dondozo|41/100|[from] item: Leftovers
|upkeep
|turn|21
|
|t:|1776176824
|move|p2a: Kommo-o|Clanging Scales|p1a: Dondozo
|-damage|p1a: Dondozo|6/100
|-unboost|p2a: Kommo-o|def|1
|move|p1a: Dondozo|Liquidation|p2a: Kommo-o
|-resisted|p2a: Kommo-o
|-damage|p2a: Kommo-o|5/100
|-unboost|p2a: Kommo-o|def|1
|
|-heal|p2a: Kommo-o|11/100|[from] item: Leftovers
|-heal|p1a: Dondozo|12/100|[from] item: Leftovers
|upkeep
|turn|22
|
|t:|1776176831
|switch|p1a: Corviknight|Corviknight, M|50/100
|-ability|p1a: Corviknight|Pressure
|move|p2a: Kommo-o|Clanging Scales|p1a: Corviknight
|-resisted|p1a: Corviknight
|-damage|p1a: Corviknight|9/100
|-unboost|p2a: Kommo-o|def|1
|
|-heal|p2a: Kommo-o|17/100|[from] item: Leftovers
|upkeep
|turn|23
|
|t:|1776176841
|move|p2a: Kommo-o|Aura Sphere|p1a: Corviknight
|-damage|p1a: Corviknight|0 fnt
|faint|p1a: Corviknight
|
|-heal|p2a: Kommo-o|23/100|[from] item: Leftovers
|upkeep
|
|t:|1776176845
|switch|p1a: Dragapult|Dragapult, F|100/100
|turn|24
|
|t:|1776176849
|move|p1a: Dragapult|Quick Attack|p2a: Kommo-o
|-damage|p2a: Kommo-o|0 fnt
|faint|p2a: Kommo-o
|
|upkeep
|
|t:|1776176851
|switch|p2a: Conkeldurr|Conkeldurr, M|100/100
|turn|25
|
|t:|1776176859
|switch|p1a: Dondozo|Dondozo, F|12/100
|move|p2a: Conkeldurr|Knock Off|p1a: Dondozo
|-damage|p1a: Dondozo|0 fnt
|-enditem|p1a: Dondozo|Leftovers|[from] move: Knock Off|[of] p2a: Conkeldurr
|faint|p1a: Dondozo
|
|-status|p2a: Conkeldurr|brn|[from] item: Flame Orb
|upkeep
|
|t:|1776176863
|switch|p1a: Iron Valiant|Iron Valiant|100/100
|turn|26
|
|t:|1776176866
|move|p1a: Iron Valiant|Spirit Break|p2a: Conkeldurr
|-supereffective|p2a: Conkeldurr
|-damage|p2a: Conkeldurr|0 fnt
|faint|p2a: Conkeldurr
|
|win|hevin kart collab
|raw|hevin kart collab's rating: 1253 &rarr; <strong>1275</strong><br />(+22 for winning)
|raw|TheRegisAreCool's rating: 1218 &rarr; <strong>1196</strong><br />(-22 for losing)
