|html|<div class="broadcast-blue"><strong>[Gen 9] OU is currently suspecting Tera Blast! For information on how to participate check out the <a href="https://www.smogon.com/tools/suspects/view/200">suspect thread</a>.</strong></div>
|j|☆Silent1ine
|j|☆Brozac2
|t:|1776036865
|gametype|singles
|player|p1|Silent1ine|pryce|1548
|player|p2|Brozac2|pokemonbreederf-gen4|1515
|gen|9
|tier|[Gen 9] OU
|rated|
|rule|HP Percentage Mod: HP is shown in percentages
|rule|Endless Battle Clause: Forcing endless battles is banned
|rule|Species Clause: Limit one of each Pokémon
|rule|OHKO Clause: OHKO moves are banned
|rule|Evasion Items Clause: Evasion items are banned
|rule|Evasion Moves Clause: Evasion moves are banned
|rule|Evasion Abilities Clause: Evasion abilities are banned
|rule|Sleep Moves Clause: Sleep-inducing moves are banned
|clearpoke
|poke|p1|Dragapult, M|
|poke|p1|Zamazenta-*|
|poke|p1|Iron Crown|
|poke|p1|Clefable, F|
|poke|p1|Alomomola, F|
|poke|p1|Ting-Lu|
|poke|p2|Zapdos|
|poke|p2|Great Tusk|
|poke|p2|Kyurem|
|poke|p2|Slowking-Galar, F|
|poke|p2|Gholdengo|
|poke|p2|Zamazenta-*|
|teampreview
|inactive|Battle timer is ON: inactive players will automatically lose when time's up. (requested by Brozac2)
|
|t:|1776036876
|teamsize|p1|6
|teamsize|p2|6
|start
|switch|p1a: LockSmith|Iron Crown|100/100
|switch|p2a: Zapdos|Zapdos|100/100
|turn|1
|
|t:|1776036880
|move|p2a: Zapdos|Heat Wave|p1a: LockSmith
|-supereffective|p1a: LockSmith
|-damage|p1a: LockSmith|59/100
|move|p1a: LockSmith|Future Sight|p2a: Zapdos
|-start|p1a: LockSmith|move: Future Sight
|
|upkeep
|turn|2
|
|t:|1776036888
|-end|p1a: LockSmith|Quark Drive|[silent]
|switch|p1a: Open Faith|Ting-Lu|100/100
|-ability|p1a: Open Faith|Vessel of Ruin
|move|p2a: Zapdos|Volt Switch|p1a: Open Faith
|-immune|p1a: Open Faith
|
|upkeep
|turn|3
|
|t:|1776036898
|switch|p2a: Gholdengo|Gholdengo|100/100
|-item|p2a: Gholdengo|Air Balloon
|move|p1a: Open Faith|Ruination|p2a: Gholdengo
|-damage|p2a: Gholdengo|50/100
|-enditem|p2a: Gholdengo|Air Balloon
|
|-end|p2a: Gholdengo|move: Future Sight
|-resisted|p2a: Gholdengo
|-damage|p2a: Gholdengo|28/100
|upkeep
|turn|4
|
|t:|1776036903
|move|p2a: Gholdengo|Recover|p2a: Gholdengo
|-heal|p2a: Gholdengo|78/100
|move|p1a: Open Faith|Earthquake|p2a: Gholdengo
|-supereffective|p2a: Gholdengo
|-damage|p2a: Gholdengo|26/100
|
|upkeep
|turn|5
|
|t:|1776036911
|switch|p2a: Zamazenta|Zamazenta|100/100
|-ability|p2a: Zamazenta|Dauntless Shield|boost
|-boost|p2a: Zamazenta|def|1
|move|p1a: Open Faith|Ruination|p2a: Zamazenta|[miss]
|-miss|p1a: Open Faith|p2a: Zamazenta
|
|upkeep
|turn|6
|
|t:|1776036915
|switch|p1a: Yue Yu|Alomomola, F|100/100
|move|p2a: Zamazenta|Close Combat|p1a: Yue Yu
|-damage|p1a: Yue Yu|66/100
|-unboost|p2a: Zamazenta|def|1
|-unboost|p2a: Zamazenta|spd|1
|-damage|p2a: Zamazenta|84/100|[from] item: Rocky Helmet|[of] p1a: Yue Yu
|
|upkeep
|turn|7
|
|t:|1776036919
|switch|p2a: Zapdos|Zapdos|100/100
|move|p1a: Yue Yu|Flip Turn|p2a: Zapdos
|-damage|p2a: Zapdos|81/100
|
|t:|1776036927
|switch|p1a: CUBE|Dragapult, M|100/100|[from] Flip Turn
|
|upkeep
|turn|8
|
|t:|1776036930
|switch|p2a: Gholdengo|Gholdengo|26/100
|move|p1a: CUBE|Substitute|p1a: CUBE
|-start|p1a: CUBE|Substitute
|-damage|p1a: CUBE|76/100
|
|-heal|p1a: CUBE|82/100|[from] item: Leftovers
|upkeep
|turn|9
|
|t:|1776036934
|move|p1a: CUBE|Dragon Dance|p1a: CUBE
|-boost|p1a: CUBE|atk|1
|-boost|p1a: CUBE|spe|1
|move|p2a: Gholdengo|Shadow Ball|p1a: CUBE
|-supereffective|p1a: CUBE
|-end|p1a: CUBE|Substitute
|
|-heal|p1a: CUBE|88/100|[from] item: Leftovers
|upkeep
|turn|10
|
|t:|1776036938
|move|p1a: CUBE|Dragon Darts|p2a: Gholdengo
|-resisted|p2a: Gholdengo
|-damage|p2a: Gholdengo|12/100
|-anim|p1a: CUBE|Dragon Darts|p2a: Gholdengo
|-resisted|p2a: Gholdengo
|-damage|p2a: Gholdengo|0 fnt
|faint|p2a: Gholdengo
|
|-heal|p1a: CUBE|94/100|[from] item: Leftovers
|upkeep
|
|t:|1776036940
|switch|p2a: Great Tusk|Great Tusk|100/100
|turn|11
|
|t:|1776036945
|move|p1a: CUBE|Dragon Dance|p1a: CUBE
|-boost|p1a: CUBE|atk|1
|-boost|p1a: CUBE|spe|1
|move|p2a: Great Tusk|Ice Spinner|p1a: CUBE
|-supereffective|p1a: CUBE
|-damage|p1a: CUBE|15/100
|
|-heal|p1a: CUBE|21/100|[from] item: Leftovers
|upkeep
|turn|12
|
|t:|1776036950
|move|p1a: CUBE|Dragon Darts|p2a: Great Tusk
|-damage|p2a: Great Tusk|60/100
|-anim|p1a: CUBE|Dragon Darts|p2a: Great Tusk
|-damage|p2a: Great Tusk|20/100
|move|p2a: Great Tusk|Ice Spinner|p1a: CUBE
|-supereffective|p1a: CUBE
|-damage|p1a: CUBE|0 fnt
|faint|p1a: CUBE
|
|upkeep
|
|t:|1776036955
|switch|p1a: LockSmith|Iron Crown|59/100
|turn|13
|
|t:|1776036959
|-end|p2a: Great Tusk|Protosynthesis|[silent]
|switch|p2a: Slowking|Slowking-Galar, F|100/100
|move|p1a: LockSmith|Tachyon Cutter|p2a: Slowking
|-damage|p2a: Slowking|86/100
|-damage|p2a: Slowking|70/100
|-hitcount|p2a: Slowking|2
|
|-heal|p2a: Slowking|76/100|[from] item: Black Sludge
|upkeep
|turn|14
|
|t:|1776036964
|move|p1a: LockSmith|Future Sight|p2a: Slowking
|-start|p1a: LockSmith|move: Future Sight
|move|p2a: Slowking|Future Sight|p1a: LockSmith
|-start|p2a: Slowking|move: Future Sight
|
|-heal|p2a: Slowking|82/100|[from] item: Black Sludge
|upkeep
|turn|15
|
|t:|1776036968
|move|p1a: LockSmith|Tachyon Cutter|p2a: Slowking
|-damage|p2a: Slowking|68/100
|-damage|p2a: Slowking|54/100
|-hitcount|p2a: Slowking|2
|-prepare|p2a: Slowking|Chilly Reception|[premajor]
|move|p2a: Slowking|Chilly Reception|p2a: Slowking
|-weather|Snowscape
|
|t:|1776036971
|switch|p2a: Zapdos|Zapdos|81/100|[from] Chilly Reception
|
|-weather|Snowscape|[upkeep]
|upkeep
|turn|16
|
|t:|1776036977
|-end|p1a: LockSmith|Quark Drive|[silent]
|switch|p1a: Open Faith|Ting-Lu|100/100
|-ability|p1a: Open Faith|Vessel of Ruin
|move|p2a: Zapdos|Hurricane|p1a: Open Faith
|-damage|p1a: Open Faith|76/100
|
|-weather|Snowscape|[upkeep]
|-end|p2a: Zapdos|move: Future Sight
|-damage|p2a: Zapdos|30/100
|-end|p1a: Open Faith|move: Future Sight
|-immune|p1a: Open Faith
|-heal|p1a: Open Faith|83/100|[from] item: Leftovers
|upkeep
|turn|17
|
|t:|1776036984
|move|p2a: Zapdos|Hurricane|p1a: Open Faith
|-damage|p1a: Open Faith|60/100
|move|p1a: Open Faith|Earthquake|p2a: Zapdos
|-immune|p2a: Zapdos
|
|-weather|Snowscape|[upkeep]
|-heal|p1a: Open Faith|66/100|[from] item: Leftovers
|upkeep
|turn|18
|
|t:|1776036989
|switch|p2a: Great Tusk|Great Tusk|20/100
|move|p1a: Open Faith|Earthquake|p2a: Great Tusk
|-damage|p2a: Great Tusk|0 fnt
|faint|p2a: Great Tusk
|-end|p2a: Great Tusk|Protosynthesis|[silent]
|
|-weather|Snowscape|[upkeep]
|-heal|p1a: Open Faith|73/100|[from] item: Leftovers
|upkeep
|
|t:|1776036992
|switch|p2a: Kyurem|Kyurem|100/100
|-ability|p2a: Kyurem|Pressure
|turn|19
|
|t:|1776036994
|move|p2a: Kyurem|Dragon Dance|p2a: Kyurem
|-boost|p2a: Kyurem|atk|1
|-boost|p2a: Kyurem|spe|1
|move|p1a: Open Faith|Whirlwind|p2a: Kyurem
|drag|p2a: Slowking|Slowking-Galar, F|87/100
|
|-weather|none
|-heal|p1a: Open Faith|79/100|[from] item: Leftovers
|-heal|p2a: Slowking|93/100|[from] item: Black Sludge
|upkeep
|turn|20
|
|t:|1776037000
|switch|p2a: Zamazenta|Zamazenta|84/100
|move|p1a: Open Faith|Spikes|p2a: Zamazenta
|-sidestart|p2: Brozac2|Spikes
|
|-heal|p1a: Open Faith|85/100|[from] item: Leftovers
|upkeep
|turn|21
|
|t:|1776037003
|switch|p2a: Zapdos|Zapdos|30/100
|switch|p1a: Yue Yu|Alomomola, F|99/100
|
|upkeep
|turn|22
|-message|Brozac2 forfeited.
|
|win|Silent1ine
|raw|Silent1ine's rating: 1548 &rarr; <strong>1566</strong><br />(+18 for winning)
|raw|Brozac2's rating: 1515 &rarr; <strong>1497</strong><br />(-18 for losing)
|l|☆Brozac2
|player|p2|
