|html|<div class="broadcast-blue"><strong>[Gen 9] OU is currently suspecting Tera Blast! For information on how to participate check out the <a href="https://www.smogon.com/tools/suspects/view/200">suspect thread</a>.</strong></div>
|j|☆Humerus_Skelepun
|j|‽abdoubkh
|t:|1776231057
|gametype|singles
|player|p1|Humerus_Skelepun|101|1525
|player|p2|abdoubkh|benga|1427
|gen|9
|tier|[Gen 9] OU
|rated|
|rule|HP Percentage Mod: HP is shown in percentages
|rule|Endless Battle Clause: Forcing endless battles is banned
|rule|Species Clause: Limit one of each Pokémon
|rule|OHKO Clause: OHKO moves are banned
|rule|Evasion Items Clause: Evasion items are banned
|rule|Evasion Moves Clause: Evasion moves are banned
|rule|Evasion Abilities Clause: Evasion abilities are banned
|rule|Sleep Moves Clause: Sleep-inducing moves are banned
|clearpoke
|poke|p1|Meowscarada, F|
|poke|p1|Zapdos|
|poke|p1|Great Tusk|
|poke|p1|Samurott-Hisui, M|
|poke|p1|Landorus-Therian, M|
|poke|p1|Gholdengo|
|poke|p2|Tyranitar, F|
|poke|p2|Gliscor, F|
|poke|p2|Zamazenta-*|
|poke|p2|Kingambit, F|
|poke|p2|Clefable, M|
|poke|p2|Cinderace, M|
|teampreview
|inactive|Battle timer is ON: inactive players will automatically lose when time's up. (requested by Humerus_Skelepun)
|
|t:|1776231064
|teamsize|p1|6
|teamsize|p2|6
|start
|switch|p1a: Meowscarada|Meowscarada, F|100/100
|switch|p2a: Gliscor|Gliscor, F|100/100
|turn|1
|
|t:|1776231068
|move|p1a: Meowscarada|Triple Axel|p2a: Gliscor
|-start|p1a: Meowscarada|typechange|Ice|[from] ability: Protean
|-supereffective|p2a: Gliscor
|-damage|p2a: Gliscor|66/100
|-hitcount|p2a: Gliscor|1
|move|p2a: Gliscor|Toxic|p1a: Meowscarada
|-status|p1a: Meowscarada|tox
|
|-damage|p1a: Meowscarada|94/100 tox|[from] psn
|-status|p2a: Gliscor|tox|[from] item: Toxic Orb
|upkeep
|turn|2
|
|t:|1776231085
|switch|p2a: Cinderace|Cinderace, M|100/100
|move|p1a: Meowscarada|Triple Axel|p2a: Cinderace
|-resisted|p2a: Cinderace
|-damage|p2a: Cinderace|94/100
|-resisted|p2a: Cinderace
|-damage|p2a: Cinderace|80/100
|-resisted|p2a: Cinderace
|-damage|p2a: Cinderace|60/100
|-hitcount|p2a: Cinderace|3
|
|-damage|p1a: Meowscarada|82/100 tox|[from] psn
|upkeep
|turn|3
|
|t:|1776231091
|switch|p1a: Landorus|Landorus-Therian, M|100/100
|-ability|p1a: Landorus|Intimidate|boost
|-unboost|p2a: Cinderace|atk|1
|move|p2a: Cinderace|Pyro Ball|p1a: Landorus
|-damage|p1a: Landorus|64/100
|
|upkeep
|turn|4
|
|t:|1776231097
|move|p2a: Cinderace|U-turn|p1a: Landorus
|-start|p2a: Cinderace|typechange|Bug|[from] ability: Libero
|-resisted|p1a: Landorus
|-damage|p1a: Landorus|54/100
|-damage|p2a: Cinderace|43/100|[from] item: Rocky Helmet|[of] p1a: Landorus
|
|t:|1776231101
|switch|p2a: Gliscor|Gliscor, F|66/100 tox|[from] U-turn
|move|p1a: Landorus|Stealth Rock|p2a: Gliscor
|-sidestart|p2: abdoubkh|move: Stealth Rock
|
|-heal|p2a: Gliscor|79/100 tox|[from] ability: Poison Heal
|upkeep
|turn|5
|
|t:|1776231105
|move|p1a: Landorus|Taunt|p2a: Gliscor
|-start|p2a: Gliscor|move: Taunt
|cant|p2a: Gliscor|move: Taunt|Toxic
|
|-heal|p2a: Gliscor|91/100 tox|[from] ability: Poison Heal
|upkeep
|turn|6
|
|t:|1776231109
|move|p1a: Landorus|U-turn|p2a: Gliscor
|-resisted|p2a: Gliscor
|-damage|p2a: Gliscor|83/100 tox
|
|t:|1776231121
|switch|p1a: Meowscarada|Meowscarada, F|82/100 tox|[from] U-turn
|move|p2a: Gliscor|Knock Off|p1a: Meowscarada
|-resisted|p1a: Meowscarada
|-damage|p1a: Meowscarada|65/100 tox
|-enditem|p1a: Meowscarada|Heavy-Duty Boots|[from] move: Knock Off|[of] p2a: Gliscor
|
|-damage|p1a: Meowscarada|59/100 tox|[from] psn
|-heal|p2a: Gliscor|96/100 tox|[from] ability: Poison Heal
|upkeep
|turn|7
|
|t:|1776231136
|switch|p2a: Tyranitar|Tyranitar, F|100/100
|-damage|p2a: Tyranitar|88/100|[from] Stealth Rock
|-weather|Sandstorm|[from] ability: Sand Stream|[of] p2a: Tyranitar
|move|p1a: Meowscarada|Knock Off|p2a: Tyranitar
|-start|p1a: Meowscarada|typechange|Dark|[from] ability: Protean
|-resisted|p2a: Tyranitar
|-crit|p2a: Tyranitar
|-damage|p2a: Tyranitar|63/100
|-enditem|p2a: Tyranitar|Smooth Rock|[from] move: Knock Off|[of] p1a: Meowscarada
|
|-weather|Sandstorm|[upkeep]
|-damage|p1a: Meowscarada|52/100 tox|[from] Sandstorm
|-damage|p1a: Meowscarada|40/100 tox|[from] psn
|upkeep
|turn|8
|
|t:|1776231140
|move|p1a: Meowscarada|Low Kick|p2a: Tyranitar
|-supereffective|p2a: Tyranitar
|-damage|p2a: Tyranitar|0 fnt
|faint|p2a: Tyranitar
|
|-weather|Sandstorm|[upkeep]
|-damage|p1a: Meowscarada|34/100 tox|[from] Sandstorm
|-damage|p1a: Meowscarada|16/100 tox|[from] psn
|upkeep
|
|t:|1776231145
|switch|p2a: Gliscor|Gliscor, F|96/100 tox
|-damage|p2a: Gliscor|83/100 tox|[from] Stealth Rock
|turn|9
|
|t:|1776231149
|move|p2a: Gliscor|Protect|p2a: Gliscor
|-singleturn|p2a: Gliscor|Protect
|move|p1a: Meowscarada|Triple Axel|p2a: Gliscor
|-activate|p2a: Gliscor|move: Protect
|
|-weather|Sandstorm|[upkeep]
|-damage|p1a: Meowscarada|9/100 tox|[from] Sandstorm
|-damage|p1a: Meowscarada|0 fnt|[from] psn
|faint|p1a: Meowscarada
|-heal|p2a: Gliscor|96/100 tox|[from] ability: Poison Heal
|upkeep
|
|t:|1776231152
|switch|p1a: Samurott|Samurott-Hisui, M|100/100
|turn|10
|
|t:|1776231157
|move|p1a: Samurott|Razor Shell|p2a: Gliscor
|-supereffective|p2a: Gliscor
|-damage|p2a: Gliscor|12/100 tox
|-unboost|p2a: Gliscor|def|1
|move|p2a: Gliscor|Toxic|p1a: Samurott
|-status|p1a: Samurott|tox
|
|-weather|Sandstorm|[upkeep]
|-damage|p1a: Samurott|94/100 tox|[from] Sandstorm
|-damage|p1a: Samurott|88/100 tox|[from] psn
|-heal|p2a: Gliscor|25/100 tox|[from] ability: Poison Heal
|upkeep
|turn|11
|
|t:|1776231163
|move|p2a: Gliscor|Protect|p2a: Gliscor
|-singleturn|p2a: Gliscor|Protect
|move|p1a: Samurott|Razor Shell|p2a: Gliscor
|-activate|p2a: Gliscor|move: Protect
|
|-weather|Sandstorm|[upkeep]
|-damage|p1a: Samurott|82/100 tox|[from] Sandstorm
|-damage|p1a: Samurott|69/100 tox|[from] psn
|-heal|p2a: Gliscor|37/100 tox|[from] ability: Poison Heal
|upkeep
|turn|12
|
|t:|1776231165
|switch|p2a: Zamazenta|Zamazenta|100/100
|-damage|p2a: Zamazenta|94/100|[from] Stealth Rock
|-ability|p2a: Zamazenta|Dauntless Shield|boost
|-boost|p2a: Zamazenta|def|1
|move|p1a: Samurott|Razor Shell|p2a: Zamazenta
|-damage|p2a: Zamazenta|64/100
|-unboost|p2a: Zamazenta|def|1
|
|-weather|Sandstorm|[upkeep]
|-damage|p1a: Samurott|63/100 tox|[from] Sandstorm
|-damage|p2a: Zamazenta|58/100|[from] Sandstorm
|-heal|p2a: Zamazenta|64/100|[from] item: Leftovers
|-damage|p1a: Samurott|44/100 tox|[from] psn
|upkeep
|turn|13
|
|t:|1776231169
|switch|p1a: Landorus|Landorus-Therian, M|54/100
|-ability|p1a: Landorus|Intimidate|boost
|-unboost|p2a: Zamazenta|atk|1
|move|p2a: Zamazenta|Body Press|p1a: Landorus
|-resisted|p1a: Landorus
|-damage|p1a: Landorus|36/100
|-damage|p2a: Zamazenta|48/100|[from] item: Rocky Helmet|[of] p1a: Landorus
|
|-weather|Sandstorm|[upkeep]
|-damage|p2a: Zamazenta|42/100|[from] Sandstorm
|-heal|p2a: Zamazenta|48/100|[from] item: Leftovers
|upkeep
|turn|14
|
|t:|1776231176
|switch|p2a: Clefable|Clefable, M|100/100
|move|p1a: Landorus|U-turn|p2a: Clefable
|-resisted|p2a: Clefable
|-damage|p2a: Clefable|92/100
|
|t:|1776231180
|switch|p1a: Samurott|Samurott-Hisui, M|44/100 tox|[from] U-turn
|
|-weather|none
|-heal|p2a: Clefable|98/100|[from] item: Leftovers
|-damage|p1a: Samurott|38/100 tox|[from] psn
|upkeep
|turn|15
|
|t:|1776231188
|move|p1a: Samurott|Knock Off|p2a: Clefable
|-resisted|p2a: Clefable
|-damage|p2a: Clefable|81/100
|-enditem|p2a: Clefable|Leftovers|[from] move: Knock Off|[of] p1a: Samurott
|move|p2a: Clefable|Moonblast|p1a: Samurott
|-supereffective|p1a: Samurott
|-damage|p1a: Samurott|0 fnt
|faint|p1a: Samurott
|
|upkeep
|
|t:|1776231190
|switch|p1a: Gholdengo|Gholdengo|100/100
|-item|p1a: Gholdengo|Air Balloon
|turn|16
|
|t:|1776231194
|switch|p2a: Zamazenta|Zamazenta|48/100
|-damage|p2a: Zamazenta|42/100|[from] Stealth Rock
|move|p1a: Gholdengo|Focus Blast|p2a: Zamazenta
|-damage|p2a: Zamazenta|4/100
|
|-heal|p2a: Zamazenta|10/100|[from] item: Leftovers
|upkeep
|turn|17
|
|t:|1776231196
|switch|p1a: Landorus|Landorus-Therian, M|36/100
|-ability|p1a: Landorus|Intimidate|boost
|-unboost|p2a: Zamazenta|atk|1
|move|p2a: Zamazenta|Crunch|p1a: Landorus
|-damage|p1a: Landorus|18/100
|-damage|p2a: Zamazenta|0 fnt|[from] item: Rocky Helmet|[of] p1a: Landorus
|faint|p2a: Zamazenta
|
|upkeep
|
|t:|1776231201
|switch|p2a: Cinderace|Cinderace, M|43/100
|turn|18
|
|t:|1776231207
|move|p2a: Cinderace|Pyro Ball|p1a: Landorus
|-damage|p1a: Landorus|0 fnt
|faint|p1a: Landorus
|
|upkeep
|
|t:|1776231213
|switch|p1a: Great Tusk|Great Tusk|100/100
|turn|19
|
|t:|1776231223
|move|p2a: Cinderace|Court Change|p2a: Cinderace
|-start|p2a: Cinderace|typechange|Normal|[from] ability: Libero
|-swapsideconditions
|-activate|p2a: Cinderace|move: Court Change
|move|p1a: Great Tusk|Headlong Rush|p2a: Cinderace
|-damage|p2a: Cinderace|0 fnt
|-unboost|p1a: Great Tusk|def|1
|-unboost|p1a: Great Tusk|spd|1
|faint|p2a: Cinderace
|
|upkeep
|
|t:|1776231230
|switch|p2a: Clefable|Clefable, M|81/100
|turn|20
|
|t:|1776231237
|-end|p1a: Great Tusk|Protosynthesis|[silent]
|switch|p1a: Zapdos|Zapdos|100/100
|move|p2a: Clefable|Calm Mind|p2a: Clefable
|-boost|p2a: Clefable|spa|1
|-boost|p2a: Clefable|spd|1
|
|upkeep
|turn|21
|
|t:|1776231242
|move|p1a: Zapdos|Hurricane|p2a: Clefable
|-damage|p2a: Clefable|45/100
|move|p2a: Clefable|Moonblast|p1a: Zapdos
|-damage|p1a: Zapdos|43/100
|-unboost|p1a: Zapdos|spa|1
|
|upkeep
|turn|22
|
|t:|1776231245
|move|p1a: Zapdos|Volt Switch|p2a: Clefable
|-damage|p2a: Clefable|31/100
|
|t:|1776231246
|switch|p1a: Gholdengo|Gholdengo|100/100|[from] Volt Switch
|-damage|p1a: Gholdengo|94/100|[from] Stealth Rock
|-item|p1a: Gholdengo|Air Balloon
|move|p2a: Clefable|Moonlight|p2a: Clefable
|-heal|p2a: Clefable|81/100
|
|upkeep
|turn|23
|
|t:|1776231254
|switch|p2a: Kingambit|Kingambit, F|100/100
|-activate|p2a: Kingambit|ability: Supreme Overlord
|-start|p2a: Kingambit|fallen3|[silent]
|move|p1a: Gholdengo|Make It Rain|p2a: Kingambit
|-resisted|p2a: Kingambit
|-damage|p2a: Kingambit|61/100
|-unboost|p1a: Gholdengo|spa|1
|
|upkeep
|turn|24
|
|t:|1776231262
|switch|p1a: Zapdos|Zapdos|43/100
|move|p2a: Kingambit|Low Kick|p1a: Zapdos
|-resisted|p1a: Zapdos
|-damage|p1a: Zapdos|17/100
|-status|p2a: Kingambit|par|[from] ability: Static|[of] p1a: Zapdos
|-enditem|p2a: Kingambit|Lum Berry|[eat]
|-curestatus|p2a: Kingambit|par|[msg]
|
|upkeep
|turn|25
|
|t:|1776231266
|move|p2a: Kingambit|Sucker Punch||[still]
|-fail|p2a: Kingambit
|move|p1a: Zapdos|Roost|p1a: Zapdos
|-heal|p1a: Zapdos|67/100
|-singleturn|p1a: Zapdos|move: Roost
|
|upkeep
|turn|26
|
|t:|1776231271
|-end|p2a: Kingambit|fallen3|[silent]
|switch|p2a: Gliscor|Gliscor, F|37/100 tox
|move|p1a: Zapdos|Heat Wave|p2a: Gliscor
|-crit|p2a: Gliscor
|-damage|p2a: Gliscor|0 fnt
|faint|p2a: Gliscor
|
|upkeep
|
|t:|1776231273
|switch|p2a: Clefable|Clefable, M|81/100
|turn|27
|
|t:|1776231276
|move|p1a: Zapdos|Volt Switch|p2a: Clefable
|-damage|p2a: Clefable|44/100
|
|t:|1776231277
|switch|p1a: Gholdengo|Gholdengo|94/100|[from] Volt Switch
|-damage|p1a: Gholdengo|88/100|[from] Stealth Rock
|-item|p1a: Gholdengo|Air Balloon
|move|p2a: Clefable|Moonblast|p1a: Gholdengo
|-resisted|p1a: Gholdengo
|-damage|p1a: Gholdengo|71/100
|-enditem|p1a: Gholdengo|Air Balloon
|
|upkeep
|turn|28
|
|t:|1776231283
|-terastallize|p2a: Clefable|Water
|move|p1a: Gholdengo|Make It Rain|p2a: Clefable
|-resisted|p2a: Clefable
|-damage|p2a: Clefable|15/100
|-unboost|p1a: Gholdengo|spa|1
|move|p2a: Clefable|Moonlight|p2a: Clefable
|-heal|p2a: Clefable|65/100
|
|upkeep
|turn|29
|
|t:|1776231287
|move|p1a: Gholdengo|Nasty Plot|p1a: Gholdengo
|-boost|p1a: Gholdengo|spa|2
|move|p2a: Clefable|Moonlight|p2a: Clefable
|-heal|p2a: Clefable|100/100
|
|upkeep
|turn|30
|
|t:|1776231290
|move|p1a: Gholdengo|Focus Blast|p2a: Clefable
|-damage|p2a: Clefable|42/100
|move|p2a: Clefable|Calm Mind|p2a: Clefable
|-boost|p2a: Clefable|spa|1
|-boost|p2a: Clefable|spd|1
|
|upkeep
|turn|31
|
|t:|1776231293
|move|p1a: Gholdengo|Nasty Plot|p1a: Gholdengo
|-boost|p1a: Gholdengo|spa|2
|move|p2a: Clefable|Moonlight|p2a: Clefable
|-heal|p2a: Clefable|92/100
|
|upkeep
|turn|32
|
|t:|1776231295
|move|p1a: Gholdengo|Focus Blast|p2a: Clefable
|-damage|p2a: Clefable|24/100
|move|p2a: Clefable|Calm Mind|p2a: Clefable
|-boost|p2a: Clefable|spa|1
|-boost|p2a: Clefable|spd|1
|
|upkeep
|turn|33
|
|t:|1776231298
|move|p1a: Gholdengo|Focus Blast|p2a: Clefable
|-damage|p2a: Clefable|0 fnt
|faint|p2a: Clefable
|
|upkeep
|
|t:|1776231300
|switch|p2a: Kingambit|Kingambit, F|61/100
|-activate|p2a: Kingambit|ability: Supreme Overlord
|-start|p2a: Kingambit|fallen5|[silent]
|turn|34
|
|t:|1776231302
|-terastallize|p1a: Gholdengo|Fairy
|move|p2a: Kingambit|Sucker Punch|p1a: Gholdengo
|-resisted|p1a: Gholdengo
|-damage|p1a: Gholdengo|36/100
|move|p1a: Gholdengo|Focus Blast|p2a: Kingambit
|-supereffective|p2a: Kingambit
|-damage|p2a: Kingambit|0 fnt
|faint|p2a: Kingambit
|-end|p2a: Kingambit|fallen5|[silent]
|
|win|Humerus_Skelepun
|raw|Humerus_Skelepun's rating: 1525 &rarr; <strong>1540</strong><br />(+15 for winning)
|raw|abdoubkh's rating: 1427 &rarr; <strong>1412</strong><br />(-15 for losing)
