|j|☆encore21768768
|j|☆Abyssal Bot
|t:|1776335759
|gametype|singles
|player|p1|encore21768768|265|
|player|p2|Abyssal Bot|supernerd|
|teamsize|p1|6
|teamsize|p2|6
|gen|9
|tier|[Gen 9] OU
|rule|Species Clause: Limit one of each Pokémon
|rule|OHKO Clause: OHKO moves are banned
|rule|Evasion Items Clause: Evasion items are banned
|rule|Evasion Moves Clause: Evasion moves are banned
|rule|Endless Battle Clause: Forcing endless battles is banned
|rule|HP Percentage Mod: HP is shown in percentages
|rule|Sleep Moves Clause: Sleep-inducing moves are banned
|clearpoke
|poke|p1|Metagross|
|poke|p1|Camerupt, F|
|poke|p1|Torkoal, F|
|poke|p1|Hitmontop, M|
|poke|p1|Raging Bolt|
|poke|p1|Hatterene, F|
|poke|p2|Dragapult, F|
|poke|p2|Primarina, F|
|poke|p2|Iron Crown|
|poke|p2|Samurott-Hisui, M|
|poke|p2|Kingambit, F|
|poke|p2|Landorus-Therian, M|
|teampreview
|c|☆Abyssal Bot|**WARNING**: Expect much hax.
|inactive|Battle timer is ON: inactive players will automatically lose when time's up. (requested by Abyssal Bot)
|j|*Turbo Bottttt
|
|t:|1776335766
|start
|switch|p1a: Torkoal|Torkoal, F|100/100
|switch|p2a: Dragapult|Dragapult, F, shiny|100/100
|-weather|Sunny Day|[from] ability: Drought|[of] p1a: Torkoal
|turn|1
|
|t:|1776335772
|move|p2a: Dragapult|Dragon Darts|p1a: Torkoal
|-damage|p1a: Torkoal|80/100
|-anim|p2a: Dragapult|Dragon Darts|p1a: Torkoal
|-damage|p1a: Torkoal|58/100
|move|p1a: Torkoal|Will-O-Wisp|p2a: Dragapult
|-status|p2a: Dragapult|brn
|
|-weather|Sunny Day|[upkeep]
|-damage|p2a: Dragapult|95/100 brn|[from] brn|[of] p1a: Torkoal
|upkeep
|turn|2
|
|t:|1776335779
|switch|p1a: Hatterene|Hatterene, F|100/100
|move|p2a: Dragapult|Dragon Darts|p1a: Hatterene
|-immune|p1a: Hatterene
|
|-weather|Sunny Day|[upkeep]
|-damage|p2a: Dragapult|89/100 brn|[from] brn|[of] p1: Torkoal
|upkeep
|turn|3
|
|t:|1776335781
|switch|p2a: Iron Crown|Iron Crown|100/100
|move|p1a: Hatterene|Trick Room|p1a: Hatterene
|-fieldstart|move: Trick Room|[of] p1a: Hatterene
|
|-weather|Sunny Day|[upkeep]
|upkeep
|turn|4
|
|t:|1776335785
|switch|p1a: Camerupt|Camerupt, F|100/100
|move|p2a: Iron Crown|Tachyon Cutter|p1a: Camerupt
|-resisted|p1a: Camerupt
|-damage|p1a: Camerupt|86/100
|-resisted|p1a: Camerupt
|-damage|p1a: Camerupt|71/100
|-hitcount|p1a: Camerupt|2
|
|-weather|Sunny Day|[upkeep]
|upkeep
|turn|5
|
|t:|1776335788
|move|p1a: Camerupt|Fire Blast|p2a: Iron Crown
|-supereffective|p2a: Iron Crown
|-damage|p2a: Iron Crown|0
|faint|p2a: Iron Crown
|-end|p2a: Iron Crown|Quark Drive|[silent]
|-damage|p1a: Camerupt|61/100|[from] item: Life Orb
|
|-weather|Sunny Day|[upkeep]
|upkeep
|
|t:|1776335788
|switch|p2a: Landorus|Landorus-Therian, M|100/100
|-ability|p2a: Landorus|Intimidate|boost
|-unboost|p1a: Camerupt|atk|1
|turn|6
|
|t:|1776335793
|move|p1a: Camerupt|Fire Blast|p2a: Landorus
|-damage|p2a: Landorus|0
|faint|p2a: Landorus
|-damage|p1a: Camerupt|51/100|[from] item: Life Orb
|
|-weather|Sunny Day|[upkeep]
|upkeep
|
|t:|1776335793
|switch|p2a: Samurott|Samurott-Hisui, M|100/100
|turn|7
|
|t:|1776335800
|move|p1a: Camerupt|Solar Beam||[still]
|-prepare|p1a: Camerupt|Solar Beam
|-anim|p1a: Camerupt|Solar Beam|p2a: Samurott
|-supereffective|p2a: Samurott
|-damage|p2a: Samurott|0
|faint|p2a: Samurott
|-damage|p1a: Camerupt|41/100|[from] item: Life Orb
|
|-weather|Sunny Day|[upkeep]
|-fieldend|move: Trick Room
|upkeep
|
|t:|1776335800
|switch|p2a: Primarina|Primarina, F|100/100
|turn|8
|
|t:|1776335817
|move|p2a: Primarina|Surf|p1a: Camerupt
|-supereffective|p1a: Camerupt
|-damage|p1a: Camerupt|0
|faint|p1a: Camerupt
|
|-weather|none
|upkeep
|
|t:|1776335819
|switch|p1a: Metagross|Metagross|100/100
|turn|9
|
|t:|1776335823
|switch|p2a: Kingambit|Kingambit, F|100/100
|-activate|p2a: Kingambit|ability: Supreme Overlord
|-start|p2a: Kingambit|fallen3|[silent]
|move|p1a: Metagross|Thunder Punch|p2a: Kingambit
|-damage|p2a: Kingambit|70/100
|
|-heal|p2a: Kingambit|76/100|[from] item: Leftovers
|upkeep
|turn|10
|
|t:|1776335826
|switch|p1a: Hitmontop|Hitmontop, M|100/100
|-ability|p1a: Hitmontop|Intimidate|boost
|-unboost|p2a: Kingambit|atk|1
|move|p2a: Kingambit|Kowtow Cleave|p1a: Hitmontop
|-resisted|p1a: Hitmontop
|-crit|p1a: Hitmontop
|-damage|p1a: Hitmontop|61/100
|
|-heal|p2a: Kingambit|82/100|[from] item: Leftovers
|upkeep
|turn|11
|c|☆Abyssal Bot|LOL Die!
|
|t:|1776335829
|move|p1a: Hitmontop|High Jump Kick|p2a: Kingambit|[miss]
|-miss|p1a: Hitmontop|p2a: Kingambit
|-damage|p1a: Hitmontop|11/100|[from] highjumpkick
|move|p2a: Kingambit|Iron Head|p1a: Hitmontop
|-damage|p1a: Hitmontop|0
|faint|p1a: Hitmontop
|
|-heal|p2a: Kingambit|88/100|[from] item: Leftovers
|upkeep
|c|☆Abyssal Bot|I had warned you about hax!! HAHAHA
|
|t:|1776335833
|switch|p1a: Torkoal|Torkoal, F|58/100
|-weather|Sunny Day|[from] ability: Drought|[of] p1a: Torkoal
|turn|12
|
|t:|1776335834
|move|p2a: Kingambit|Sucker Punch|p1a: Torkoal
|-damage|p1a: Torkoal|37/100
|move|p1a: Torkoal|Body Press|p2a: Kingambit
|-supereffective|p2a: Kingambit
|-damage|p2a: Kingambit|0
|faint|p2a: Kingambit
|-end|p2a: Kingambit|fallen3|[silent]
|
|-weather|Sunny Day|[upkeep]
|upkeep
|
|t:|1776335834
|switch|p2a: Primarina|Primarina, F|100/100
|turn|13
|
|t:|1776335837
|move|p2a: Primarina|Surf|p1a: Torkoal
|-supereffective|p1a: Torkoal
|-damage|p1a: Torkoal|0
|faint|p1a: Torkoal
|
|-weather|Sunny Day|[upkeep]
|upkeep
|
|t:|1776335841
|switch|p1a: Raging Bolt|Raging Bolt|100/100
|-activate|p1a: Raging Bolt|ability: Protosynthesis
|-start|p1a: Raging Bolt|protosynthesisspa
|turn|14
|
|t:|1776335844
|move|p2a: Primarina|Moonblast|p1a: Raging Bolt
|-supereffective|p1a: Raging Bolt
|-damage|p1a: Raging Bolt|27/100
|move|p1a: Raging Bolt|Thunderbolt|p2a: Primarina
|-supereffective|p2a: Primarina
|-damage|p2a: Primarina|0
|faint|p2a: Primarina
|-damage|p1a: Raging Bolt|17/100|[from] item: Life Orb
|
|-weather|Sunny Day|[upkeep]
|upkeep
|
|t:|1776335844
|switch|p2a: Dragapult|Dragapult, F, shiny|89/100 brn
|turn|15
|
|t:|1776335847
|move|p2a: Dragapult|U-turn|p1a: Raging Bolt
|-damage|p1a: Raging Bolt|8/100
|move|p1a: Raging Bolt|Dragon Pulse|p2a: Dragapult
|-supereffective|p2a: Dragapult
|-damage|p2a: Dragapult|0 brn
|faint|p2a: Dragapult
|-damage|p1a: Raging Bolt|0|[from] item: Life Orb
|faint|p1a: Raging Bolt
|-end|p1a: Raging Bolt|Protosynthesis|[silent]
|
|win|encore21768768
|c|☆Abyssal Bot|Well Played.
|l|☆Abyssal Bot
|player|p2|
|l|*Turbo Bottttt
