|html|<div class="broadcast-blue"><strong>[Gen 9] OU is currently suspecting Tera Blast! For information on how to participate check out the <a href="https://www.smogon.com/tools/suspects/view/200">suspect thread</a>.</strong></div>
|j|☆curt_cc
|j|☆CashTheNinja
|t:|1776229261
|gametype|singles
|player|p1|curt_cc|fisherman-gen4|1078
|player|p2|CashTheNinja|101|1000
|gen|9
|tier|[Gen 9] OU
|rated|
|rule|HP Percentage Mod: HP is shown in percentages
|rule|Endless Battle Clause: Forcing endless battles is banned
|rule|Species Clause: Limit one of each Pokémon
|rule|OHKO Clause: OHKO moves are banned
|rule|Evasion Items Clause: Evasion items are banned
|rule|Evasion Moves Clause: Evasion moves are banned
|rule|Evasion Abilities Clause: Evasion abilities are banned
|rule|Sleep Moves Clause: Sleep-inducing moves are banned
|clearpoke
|poke|p1|Conkeldurr, M|
|poke|p1|Rillaboom, M|
|poke|p1|Dragapult, F|
|poke|p1|Lycanroc-Dusk, F|
|poke|p1|Primarina, F|
|poke|p1|Corviknight, F|
|poke|p2|Greninja-*, M|
|poke|p2|Sceptile, M|
|poke|p2|Garchomp, F|
|poke|p2|Metagross|
|poke|p2|Goodra, M|
|poke|p2|Primarina, M|
|teampreview
|
|t:|1776229271
|teamsize|p1|6
|teamsize|p2|6
|start
|switch|p1a: Rillaboom|Rillaboom, M|100/100
|switch|p2a: Metagross|Metagross, shiny|100/100
|-fieldstart|move: Grassy Terrain|[from] ability: Grassy Surge|[of] p1a: Rillaboom
|turn|1
|
|t:|1776229280
|move|p1a: Rillaboom|Knock Off|p2a: Metagross
|-supereffective|p2a: Metagross
|-damage|p2a: Metagross|26/100
|-enditem|p2a: Metagross|Clear Amulet|[from] move: Knock Off|[of] p1a: Rillaboom
|move|p2a: Metagross|Ice Punch|p1a: Rillaboom
|-supereffective|p1a: Rillaboom
|-damage|p1a: Rillaboom|53/100
|-status|p1a: Rillaboom|frz
|
|-heal|p1a: Rillaboom|59/100 frz|[from] Grassy Terrain
|-heal|p2a: Metagross|32/100|[from] Grassy Terrain
|upkeep
|turn|2
|
|t:|1776229291
|cant|p1a: Rillaboom|frz
|move|p2a: Metagross|Ice Punch|p1a: Rillaboom
|-supereffective|p1a: Rillaboom
|-damage|p1a: Rillaboom|10/100 frz
|
|-heal|p1a: Rillaboom|16/100 frz|[from] Grassy Terrain
|-heal|p2a: Metagross|38/100|[from] Grassy Terrain
|upkeep
|turn|3
|
|t:|1776229300
|move|p2a: Metagross|Bullet Punch|p1a: Rillaboom
|-damage|p1a: Rillaboom|0 fnt
|faint|p1a: Rillaboom
|
|-heal|p2a: Metagross|44/100|[from] Grassy Terrain
|upkeep
|
|t:|1776229309
|switch|p1a: Dragapult|Dragapult, F|100/100
|turn|4
|
|t:|1776229314
|move|p1a: Dragapult|Sucker Punch|p2a: Metagross
|-supereffective|p2a: Metagross
|-damage|p2a: Metagross|11/100
|move|p2a: Metagross|Bullet Punch|p1a: Dragapult
|-crit|p1a: Dragapult
|-damage|p1a: Dragapult|52/100
|
|-heal|p1a: Dragapult|58/100|[from] Grassy Terrain
|-heal|p2a: Metagross|18/100|[from] Grassy Terrain
|upkeep
|turn|5
|
|t:|1776229327
|move|p1a: Dragapult|Sucker Punch|p2a: Metagross
|-supereffective|p2a: Metagross
|-damage|p2a: Metagross|0 fnt
|faint|p2a: Metagross
|
|-heal|p1a: Dragapult|64/100|[from] Grassy Terrain
|-fieldend|move: Grassy Terrain
|upkeep
|
|t:|1776229335
|switch|p2a: Garchomp|Garchomp, F|100/100
|turn|6
|
|t:|1776229341
|-terastallize|p1a: Dragapult|Dragon
|move|p1a: Dragapult|Dragon Darts|p2a: Garchomp
|-supereffective|p2a: Garchomp
|-damage|p2a: Garchomp|57/100
|-anim|p1a: Dragapult|Dragon Darts|p2a: Garchomp
|-supereffective|p2a: Garchomp
|-damage|p2a: Garchomp|19/100
|move|p2a: Garchomp|Fire Blast|p1a: Dragapult
|-resisted|p1a: Dragapult
|-damage|p1a: Dragapult|50/100
|
|upkeep
|turn|7
|
|t:|1776229352
|move|p1a: Dragapult|Dragon Darts|p2a: Garchomp
|-supereffective|p2a: Garchomp
|-damage|p2a: Garchomp|0 fnt
|faint|p2a: Garchomp
|
|upkeep
|
|t:|1776229359
|switch|p2a: Sceptile|Sceptile, M|100/100
|turn|8
|
|t:|1776229365
|switch|p1a: Corviknight|Corviknight, F|100/100
|move|p2a: Sceptile|Acrobatics|p1a: Corviknight
|-resisted|p1a: Corviknight
|-damage|p1a: Corviknight|96/100
|
|-heal|p1a: Corviknight|100/100|[from] item: Leftovers
|upkeep
|turn|9
|
|t:|1776229375
|move|p2a: Sceptile|Drain Punch|p1a: Corviknight
|-damage|p1a: Corviknight|88/100
|move|p1a: Corviknight|Curse|p1a: Corviknight
|-unboost|p1a: Corviknight|spe|1
|-boost|p1a: Corviknight|atk|1
|-boost|p1a: Corviknight|def|1
|
|-heal|p1a: Corviknight|94/100|[from] item: Leftovers
|upkeep
|turn|10
|
|t:|1776229384
|move|p2a: Sceptile|Leaf Blade|p1a: Corviknight
|-resisted|p1a: Corviknight
|-damage|p1a: Corviknight|90/100
|move|p1a: Corviknight|Curse|p1a: Corviknight
|-unboost|p1a: Corviknight|spe|1
|-boost|p1a: Corviknight|atk|1
|-boost|p1a: Corviknight|def|1
|
|-heal|p1a: Corviknight|96/100|[from] item: Leftovers
|upkeep
|turn|11
|
|t:|1776229396
|move|p2a: Sceptile|Swords Dance|p2a: Sceptile
|-boost|p2a: Sceptile|atk|2
|move|p1a: Corviknight|Brave Bird|p2a: Sceptile
|-supereffective|p2a: Sceptile
|-enditem|p2a: Sceptile|Focus Sash
|-damage|p2a: Sceptile|1/100
|-damage|p1a: Corviknight|69/100|[from] Recoil
|
|-heal|p1a: Corviknight|75/100|[from] item: Leftovers
|upkeep
|turn|12
|
|t:|1776229411
|move|p2a: Sceptile|Leaf Blade|p1a: Corviknight
|-resisted|p1a: Corviknight
|-damage|p1a: Corviknight|70/100
|move|p1a: Corviknight|Body Press|p2a: Sceptile
|-damage|p2a: Sceptile|0 fnt
|faint|p2a: Sceptile
|
|-heal|p1a: Corviknight|76/100|[from] item: Leftovers
|upkeep
|
|t:|1776229426
|switch|p2a: Goodra|Goodra, M|100/100
|turn|13
|
|t:|1776229438
|move|p2a: Goodra|Fire Blast|p1a: Corviknight
|-supereffective|p1a: Corviknight
|-damage|p1a: Corviknight|15/100
|move|p1a: Corviknight|Curse|p1a: Corviknight
|-unboost|p1a: Corviknight|spe|1
|-boost|p1a: Corviknight|atk|1
|-boost|p1a: Corviknight|def|1
|
|-heal|p1a: Corviknight|21/100|[from] item: Leftovers
|upkeep
|turn|14
|
|t:|1776229451
|switch|p1a: Primarina|Primarina, F|100/100
|move|p2a: Goodra|Fire Blast|p1a: Primarina
|-resisted|p1a: Primarina
|-damage|p1a: Primarina|83/100
|
|upkeep
|turn|15
|
|t:|1776229460
|move|p2a: Goodra|Sludge Bomb|p1a: Primarina
|-supereffective|p1a: Primarina
|-damage|p1a: Primarina|17/100
|move|p1a: Primarina|Draining Kiss|p2a: Goodra
|-supereffective|p2a: Goodra
|-damage|p2a: Goodra|75/100
|-heal|p1a: Primarina|42/100|[from] drain|[of] p2a: Goodra
|
|upkeep
|turn|16
|
|t:|1776229472
|switch|p1a: Corviknight|Corviknight, F|21/100
|move|p2a: Goodra|Sludge Bomb|p1a: Corviknight
|-immune|p1a: Corviknight
|
|-heal|p1a: Corviknight|28/100|[from] item: Leftovers
|upkeep
|turn|17
|
|t:|1776229482
|move|p2a: Goodra|Fire Blast|p1a: Corviknight
|-supereffective|p1a: Corviknight
|-damage|p1a: Corviknight|0 fnt
|faint|p1a: Corviknight
|
|upkeep
|
|t:|1776229485
|switch|p1a: Dragapult|Dragapult, F, tera:Dragon|50/100
|turn|18
|
|t:|1776229490
|move|p1a: Dragapult|Dragon Darts|p2a: Goodra
|-supereffective|p2a: Goodra
|-damage|p2a: Goodra|0 fnt
|faint|p2a: Goodra
|
|upkeep
|
|t:|1776229495
|switch|p2a: Primarina|Primarina, M|100/100
|turn|19
|
|t:|1776229501
|move|p1a: Dragapult|Dragon Dance|p1a: Dragapult
|-boost|p1a: Dragapult|atk|1
|-boost|p1a: Dragapult|spe|1
|move|p2a: Primarina|Moonblast|p1a: Dragapult
|-supereffective|p1a: Dragapult
|-damage|p1a: Dragapult|0 fnt
|faint|p1a: Dragapult
|
|upkeep
|
|t:|1776229514
|switch|p1a: Lycanroc|Lycanroc-Dusk, F|100/100
|turn|20
|
|t:|1776229526
|move|p1a: Lycanroc|Play Rough|p2a: Primarina
|-damage|p2a: Primarina|24/100
|move|p2a: Primarina|Psychic Noise|p1a: Lycanroc
|-supereffective|p1a: Lycanroc
|-damage|p1a: Lycanroc|0 fnt
|faint|p1a: Lycanroc
|
|upkeep
|
|t:|1776229533
|switch|p1a: Primarina|Primarina, F|42/100
|turn|21
|
|t:|1776229540
|move|p2a: Primarina|Moonblast|p1a: Primarina
|-damage|p1a: Primarina|0 fnt
|faint|p1a: Primarina
|
|upkeep
|
|t:|1776229542
|switch|p1a: Conkeldurr|Conkeldurr, M|100/100
|turn|22
|
|t:|1776229548
|move|p2a: Primarina|Psychic Noise|p1a: Conkeldurr
|-crit|p1a: Conkeldurr
|-damage|p1a: Conkeldurr|28/100
|-start|p1a: Conkeldurr|move: Heal Block
|move|p1a: Conkeldurr|Facade|p2a: Primarina
|-damage|p2a: Primarina|0 fnt
|faint|p2a: Primarina
|
|-status|p1a: Conkeldurr|brn|[from] item: Flame Orb
|upkeep
|
|t:|1776229560
|switch|p2a: Greninja|Greninja, M|100/100
|turn|23
|
|t:|1776229568
|move|p2a: Greninja|Water Shuriken|p1a: Conkeldurr
|-damage|p1a: Conkeldurr|16/100 brn
|-damage|p1a: Conkeldurr|6/100 brn
|-damage|p1a: Conkeldurr|0 fnt
|faint|p1a: Conkeldurr
|-hitcount|p1: Conkeldurr|3
|-damage|p2a: Greninja|91/100|[from] item: Life Orb
|
|win|CashTheNinja
|raw|curt_cc's rating: 1078 &rarr; <strong>1052</strong><br />(-26 for losing)
|raw|CashTheNinja's rating: 1000 &rarr; <strong>1049</strong><br />(+49 for winning)
|l|☆curt_cc
|player|p1|
