|html|<div class="broadcast-blue"><strong>[Gen 9] OU is currently suspecting Tera Blast! For information on how to participate check out the <a href="https://www.smogon.com/tools/suspects/view/200">suspect thread</a>.</strong></div>
|j|☆GOAT69BEASTY
|j|☆Stefke
|t:|1776107712
|gametype|singles
|player|p1|GOAT69BEASTY|riley|
|player|p2|Stefke|ingo|
|gen|9
|tier|[Gen 9] OU
|rule|HP Percentage Mod: HP is shown in percentages
|rule|Endless Battle Clause: Forcing endless battles is banned
|rule|Species Clause: Limit one of each Pokémon
|rule|OHKO Clause: OHKO moves are banned
|rule|Evasion Items Clause: Evasion items are banned
|rule|Evasion Moves Clause: Evasion moves are banned
|rule|Evasion Abilities Clause: Evasion abilities are banned
|rule|Sleep Moves Clause: Sleep-inducing moves are banned
|clearpoke
|poke|p1|Cinderace, F|
|poke|p1|Raging Bolt|
|poke|p1|Meowscarada, F|
|poke|p1|Salamence, M|
|poke|p1|Manaphy|
|poke|p1|Lycanroc-Dusk, F|
|poke|p2|Landorus-Therian, M|
|poke|p2|Heatran, F|
|poke|p2|Tornadus-Therian, M|
|poke|p2|Azumarill, F|
|poke|p2|Dragapult, M|
|poke|p2|Iron Hands|
|teampreview
|j| MalekithLovesLay
|j| gogurtisimo
|
|t:|1776107762
|teamsize|p1|6
|teamsize|p2|6
|start
|switch|p1a: Lycanroc|Lycanroc-Dusk, F|100/100
|switch|p2a: Tornadus|Tornadus-Therian, M|100/100
|turn|1
|
|t:|1776107782
|move|p2a: Tornadus|U-turn|p1a: Lycanroc
|-damage|p1a: Lycanroc|77/100
|
|t:|1776107792
|switch|p2a: Iron Hands|Iron Hands|100/100|[from] U-turn
|move|p1a: Lycanroc|Stone Edge|p2a: Iron Hands
|-resisted|p2a: Iron Hands
|-damage|p2a: Iron Hands|80/100
|
|upkeep
|turn|2
|l| MalekithLovesLay
|j| TRGEN_Malekith
|c| gogurtisimo|NOT THE USER CHANGE
|
|t:|1776107814
|switch|p1a: Salamence|Salamence, M|100/100
|move|p2a: Iron Hands|Drain Punch|p1a: Salamence
|-resisted|p1a: Salamence
|-damage|p1a: Salamence|74/100
|-heal|p2a: Iron Hands|88/100|[from] drain|[of] p1a: Salamence
|
|upkeep
|turn|3
|c| TRGEN_Malekith|LIVE ON CAMERA
|
|t:|1776107836
|move|p1a: Salamence|Dragon Dance|p1a: Salamence
|-boost|p1a: Salamence|atk|1
|-boost|p1a: Salamence|spe|1
|move|p2a: Iron Hands|Ice Punch|p1a: Salamence
|-supereffective|p1a: Salamence
|-damage|p1a: Salamence|0 fnt
|faint|p1a: Salamence
|
|upkeep
|c| TRGEN_Malekith|fell for the ''im gonna switch out im insecure''
|c| TRGEN_Malekith|#MuchToLearn
|c| gogurtisimo|🐘💥╾━╤デ╦︻ඞා
|
|t:|1776107898
|switch|p1a: Cinderace|Cinderace, F, shiny|100/100
|turn|4
|
|t:|1776107925
|-terastallize|p2a: Iron Hands|Water
|move|p1a: Cinderace|Pyro Ball|p2a: Iron Hands
|-resisted|p2a: Iron Hands
|-damage|p2a: Iron Hands|69/100
|move|p2a: Iron Hands|Drain Punch|p1a: Cinderace
|-damage|p1a: Cinderace|33/100
|-heal|p2a: Iron Hands|89/100|[from] drain|[of] p1a: Cinderace
|
|upkeep
|turn|5
|
|t:|1776107937
|move|p1a: Cinderace|U-turn|p2a: Iron Hands
|-start|p1a: Cinderace|typechange|Bug|[from] ability: Libero
|-damage|p2a: Iron Hands|67/100
|
|t:|1776107941
|switch|p1a: Raging Bolt|Raging Bolt|100/100|[from] U-turn
|-enditem|p1a: Raging Bolt|Booster Energy
|-activate|p1a: Raging Bolt|ability: Protosynthesis|[fromitem]
|-start|p1a: Raging Bolt|protosynthesisspa
|move|p2a: Iron Hands|Drain Punch|p1a: Raging Bolt
|-damage|p1a: Raging Bolt|58/100
|-heal|p2a: Iron Hands|84/100|[from] drain|[of] p1a: Raging Bolt
|
|upkeep
|turn|6
|c| TRGEN_Malekith|yo addy u chilling bruh
|
|t:|1776107963
|move|p1a: Raging Bolt|Thunderbolt|p2a: Iron Hands
|-supereffective|p2a: Iron Hands
|-damage|p2a: Iron Hands|0 fnt
|faint|p2a: Iron Hands
|-end|p2a: Iron Hands|Quark Drive|[silent]
|
|upkeep
|c| TRGEN_Malekith|WHY WOULD WE STAAAY
|
|t:|1776107971
|switch|p2a: Azumarill|Azumarill, F|100/100
|turn|7
|c| TRGEN_Malekith|AAAAHHHHHH
|
|t:|1776108003
|-terastallize|p1a: Raging Bolt|Fairy
|move|p1a: Raging Bolt|Calm Mind|p1a: Raging Bolt
|-boost|p1a: Raging Bolt|spa|1
|-boost|p1a: Raging Bolt|spd|1
|move|p2a: Azumarill|Play Rough|p1a: Raging Bolt
|-damage|p1a: Raging Bolt|5/100
|-unboost|p1a: Raging Bolt|atk|1
|
|upkeep
|turn|8
|c| TRGEN_Malekith|OOOF
|
|t:|1776108016
|move|p1a: Raging Bolt|Thunderclap|p2a: Azumarill
|-supereffective|p2a: Azumarill
|-damage|p2a: Azumarill|0 fnt
|faint|p2a: Azumarill
|
|upkeep
|c| TRGEN_Malekith|prio
|c| TRGEN_Malekith|prio vs prio goes to speed
|
|t:|1776108032
|switch|p2a: Dragapult|Dragapult, M|100/100
|turn|9
|
|t:|1776108044
|move|p1a: Raging Bolt|Thunderclap|p2a: Dragapult
|-resisted|p2a: Dragapult
|-damage|p2a: Dragapult|43/100
|move|p2a: Dragapult|Shadow Ball|p1a: Raging Bolt
|-damage|p1a: Raging Bolt|0 fnt
|faint|p1a: Raging Bolt
|-end|p1a: Raging Bolt|Protosynthesis|[silent]
|
|upkeep
|c| TRGEN_Malekith|im so happy he didnt press draco meteor
|c| TRGEN_Malekith|holy fuck
|c| TRGEN_Malekith|I woulda needed to kill illumi
|
|t:|1776108069
|switch|p1a: Manaphy|Manaphy, shiny|100/100
|turn|10
|
|t:|1776108084
|switch|p2a: Landorus|Landorus-Therian, M|100/100
|-ability|p2a: Landorus|Intimidate|boost
|-unboost|p1a: Manaphy|atk|1
|move|p1a: Manaphy|Light Screen|p1a: Manaphy
|-sidestart|p1: GOAT69BEASTY|move: Light Screen
|
|upkeep
|turn|11
|
|t:|1776108105
|move|p1a: Manaphy|Reflect|p1a: Manaphy
|-sidestart|p1: GOAT69BEASTY|Reflect
|move|p2a: Landorus|Stone Edge|p1a: Manaphy
|-damage|p1a: Manaphy|84/100
|
|upkeep
|turn|12
|
|t:|1776108129
|move|p1a: Manaphy|Tail Glow|p1a: Manaphy
|-boost|p1a: Manaphy|spa|3
|move|p2a: Landorus|Earthquake|p1a: Manaphy
|-damage|p1a: Manaphy|61/100
|
|upkeep
|turn|13
|
|t:|1776108138
|move|p1a: Manaphy|Tail Glow|p1a: Manaphy
|-boost|p1a: Manaphy|spa|3
|move|p2a: Landorus|U-turn|p1a: Manaphy
|-damage|p1a: Manaphy|50/100
|c| TRGEN_Malekith|p sure he has infiltrator on that draga lmfao
|c| gogurtisimo|🐘💥╾━╤デ╦︻ඞා
|c| gogurtisimo|this is what happened to iron hands
|
|t:|1776108163
|switch|p2a: Tornadus|Tornadus-Therian, M|100/100|[from] U-turn
|
|upkeep
|turn|14
|
|t:|1776108169
|move|p2a: Tornadus|Taunt|p1a: Manaphy
|-start|p1a: Manaphy|move: Taunt
|move|p1a: Manaphy|Surf|p2a: Tornadus
|-damage|p2a: Tornadus|0 fnt
|faint|p2a: Tornadus
|
|upkeep
|
|t:|1776108178
|switch|p2a: Heatran|Heatran, F|100/100
|turn|15
|
|t:|1776108185
|move|p2a: Heatran|Protect|p2a: Heatran
|-singleturn|p2a: Heatran|Protect
|move|p1a: Manaphy|Surf|p2a: Heatran
|-activate|p2a: Heatran|move: Protect
|
|upkeep
|turn|16
|
|t:|1776108192
|move|p1a: Manaphy|Surf|p2a: Heatran
|-supereffective|p2a: Heatran
|-damage|p2a: Heatran|0 fnt
|faint|p2a: Heatran
|
|-end|p1a: Manaphy|move: Taunt
|upkeep
|
|t:|1776108199
|switch|p2a: Dragapult|Dragapult, M|43/100
|turn|17
|
|t:|1776108207
|move|p2a: Dragapult|Draco Meteor|p1a: Manaphy
|-damage|p1a: Manaphy|0 fnt
|-unboost|p2a: Dragapult|spa|2
|faint|p1a: Manaphy
|
|-sideend|p1: GOAT69BEASTY|move: Light Screen
|upkeep
|
|t:|1776108215
|switch|p1a: Cinderace|Cinderace, F, shiny|33/100
|turn|18
|
|t:|1776108218
|move|p1a: Cinderace|Sucker Punch|p2a: Dragapult
|-start|p1a: Cinderace|typechange|Dark|[from] ability: Libero
|-supereffective|p2a: Dragapult
|-damage|p2a: Dragapult|0 fnt
|faint|p2a: Dragapult
|
|-sideend|p1: GOAT69BEASTY|Reflect
|upkeep
|c| TRGEN_Malekith|yeah cuz infiltrator ignores screens
|l| gogurtisimo
|c| TRGEN_Malekith|THE MIND GAMES
|c| TRGEN_Malekith|THAT SSO EVIL
|c| TRGEN_Malekith|THATS EO EVIL
|j| gogurtisimo
|
|t:|1776108227
|switch|p2a: Landorus|Landorus-Therian, M|100/100
|-ability|p2a: Landorus|Intimidate|boost
|-unboost|p1a: Cinderace|atk|1
|turn|19
|c| TRGEN_Malekith|SO EVIL
|c| TRGEN_Malekith|''he might be back in''
|c| TRGEN_Malekith|AS HE PRESSES SUCKER PUNCH
|c| TRGEN_Malekith|I CAN HEAR HIM SMILING BRO
|c| gogurtisimo|sucker punch cures all problems
|
|t:|1776108242
|move|p1a: Cinderace|U-turn|p2a: Landorus
|-resisted|p2a: Landorus
|-damage|p2a: Landorus|96/100
|-damage|p1a: Cinderace|16/100|[from] item: Rocky Helmet|[of] p2a: Landorus
|
|t:|1776108263
|switch|p1a: Meowscarada|Meowscarada, F, shiny|100/100|[from] U-turn
|move|p2a: Landorus|Earthquake|p1a: Meowscarada
|-resisted|p1a: Meowscarada
|-damage|p1a: Meowscarada|63/100
|
|upkeep
|turn|20
|
|t:|1776108287
|move|p1a: Meowscarada|Triple Axel|p2a: Landorus
|-start|p1a: Meowscarada|typechange|Ice|[from] ability: Protean
|-supereffective|p2a: Landorus
|-damage|p2a: Landorus|66/100
|-damage|p1a: Meowscarada|47/100|[from] item: Rocky Helmet|[of] p2a: Landorus
|-supereffective|p2a: Landorus
|-damage|p2a: Landorus|13/100
|-damage|p1a: Meowscarada|31/100|[from] item: Rocky Helmet|[of] p2a: Landorus
|-supereffective|p2a: Landorus
|-damage|p2a: Landorus|0 fnt
|-damage|p1a: Meowscarada|14/100|[from] item: Rocky Helmet|[of] p2a: Landorus
|faint|p2a: Landorus
|-hitcount|p2: Landorus|3
|
|win|GOAT69BEASTY
|c| TRGEN_Malekith|GGS
|l|☆Stefke
|player|p2|
