|html|<div class="broadcast-blue"><strong>[Gen 9] OU is currently suspecting Tera Blast! For information on how to participate check out the <a href="https://www.smogon.com/tools/suspects/view/200">suspect thread</a>.</strong></div>
|j|☆dark rivial
|j|☆Sudhanshu4364
|t:|1776090331
|gametype|singles
|player|p1|dark rivial|101|1367
|player|p2|Sudhanshu4364|steven|1358
|gen|9
|tier|[Gen 9] OU
|rated|
|rule|HP Percentage Mod: HP is shown in percentages
|rule|Endless Battle Clause: Forcing endless battles is banned
|rule|Species Clause: Limit one of each Pokémon
|rule|OHKO Clause: OHKO moves are banned
|rule|Evasion Items Clause: Evasion items are banned
|rule|Evasion Moves Clause: Evasion moves are banned
|rule|Evasion Abilities Clause: Evasion abilities are banned
|rule|Sleep Moves Clause: Sleep-inducing moves are banned
|clearpoke
|poke|p1|Ribombee, M|
|poke|p1|Iron Treads|
|poke|p1|Grimmsnarl, M|
|poke|p1|Enamorus, F|
|poke|p1|Zapdos|
|poke|p1|Darkrai|
|poke|p2|Pelipper, F|
|poke|p2|Raging Bolt|
|poke|p2|Overqwil, F|
|poke|p2|Barraskewda, M|
|poke|p2|Iron Treads|
|poke|p2|Kingambit, M|
|teampreview
|inactive|Battle timer is ON: inactive players will automatically lose when time's up. (requested by Sudhanshu4364)
|
|t:|1776090362
|teamsize|p1|6
|teamsize|p2|6
|start
|switch|p1a: Grimmsnarl|Grimmsnarl, M|100/100
|switch|p2a: Pelipper|Pelipper, F|100/100
|-weather|RainDance|[from] ability: Drizzle|[of] p2a: Pelipper
|turn|1
|
|t:|1776090379
|move|p1a: Grimmsnarl|Parting Shot|p2a: Pelipper
|-unboost|p2a: Pelipper|atk|1
|-unboost|p2a: Pelipper|spa|1
|
|t:|1776090386
|switch|p1a: Iron Treads|Iron Treads|100/100|[from] Parting Shot
|move|p2a: Pelipper|U-turn|p1a: Iron Treads
|-resisted|p1a: Iron Treads
|-damage|p1a: Iron Treads|97/100
|inactive|Sudhanshu4364 has 120 seconds left.
|
|t:|1776090411
|switch|p2a: Barraskewda|Barraskewda, M|100/100|[from] U-turn
|
|-weather|RainDance|[upkeep]
|-heal|p1a: Iron Treads|100/100|[from] item: Leftovers
|upkeep
|turn|2
|
|t:|1776090432
|-terastallize|p2a: Barraskewda|Water
|move|p2a: Barraskewda|Liquidation|p1a: Iron Treads
|-supereffective|p1a: Iron Treads
|-damage|p1a: Iron Treads|0 fnt
|faint|p1a: Iron Treads
|-end|p1a: Iron Treads|Quark Drive|[silent]
|
|-weather|RainDance|[upkeep]
|upkeep
|inactive|dark rivial has 120 seconds left.
|
|t:|1776090454
|switch|p1a: Grimmsnarl|Grimmsnarl, M|100/100
|turn|3
|
|t:|1776090468
|move|p1a: Grimmsnarl|Parting Shot|p2a: Barraskewda
|-unboost|p2a: Barraskewda|atk|1
|-unboost|p2a: Barraskewda|spa|1
|
|t:|1776090477
|switch|p1a: Zapdos|Zapdos|100/100|[from] Parting Shot
|move|p2a: Barraskewda|Liquidation|p1a: Zapdos
|-damage|p1a: Zapdos|0 fnt
|faint|p1a: Zapdos
|
|-weather|RainDance|[upkeep]
|upkeep
|
|t:|1776090485
|switch|p1a: Ribombee|Ribombee, M|100/100
|turn|4
|
|t:|1776090490
|move|p2a: Barraskewda|Liquidation|p1a: Ribombee
|-enditem|p1a: Ribombee|Focus Sash
|-damage|p1a: Ribombee|1/100
|move|p1a: Ribombee|Stun Spore|p2a: Barraskewda
|-status|p2a: Barraskewda|par
|
|-weather|RainDance|[upkeep]
|upkeep
|turn|5
|
|t:|1776090501
|move|p1a: Ribombee|Draining Kiss|p2a: Barraskewda
|-damage|p2a: Barraskewda|50/100 par
|-heal|p1a: Ribombee|39/100|[from] drain|[of] p2a: Barraskewda
|move|p2a: Barraskewda|Liquidation|p1a: Ribombee
|-damage|p1a: Ribombee|0 fnt
|faint|p1a: Ribombee
|
|-weather|RainDance|[upkeep]
|upkeep
|
|t:|1776090510
|switch|p1a: Enamorus|Enamorus, F|100/100
|turn|6
|
|t:|1776090521
|-terastallize|p1a: Enamorus|Stellar
|move|p2a: Barraskewda|Liquidation|p1a: Enamorus
|-damage|p1a: Enamorus|0 fnt
|faint|p1a: Enamorus
|
|-weather|RainDance|[upkeep]
|upkeep
|
|t:|1776090529
|switch|p1a: Darkrai|Darkrai|100/100
|turn|7
|
|t:|1776090535
|switch|p1a: Grimmsnarl|Grimmsnarl, M|100/100
|cant|p2a: Barraskewda|par
|
|-weather|RainDance|[upkeep]
|upkeep
|turn|8
|
|t:|1776090545
|move|p1a: Grimmsnarl|Bulk Up|p1a: Grimmsnarl
|-boost|p1a: Grimmsnarl|atk|1
|-boost|p1a: Grimmsnarl|def|1
|move|p2a: Barraskewda|Liquidation|p1a: Grimmsnarl
|-damage|p1a: Grimmsnarl|20/100
|
|-weather|none
|-heal|p1a: Grimmsnarl|26/100|[from] item: Leftovers
|upkeep
|turn|9
|
|t:|1776090553
|cant|p2a: Barraskewda|par
|move|p1a: Grimmsnarl|Drain Punch|p2a: Barraskewda
|-damage|p2a: Barraskewda|0 fnt
|-heal|p1a: Grimmsnarl|43/100|[from] drain|[of] p2a: Barraskewda
|faint|p2a: Barraskewda
|
|-heal|p1a: Grimmsnarl|49/100|[from] item: Leftovers
|upkeep
|
|t:|1776090559
|switch|p2a: Pelipper|Pelipper, F|100/100
|-weather|RainDance|[from] ability: Drizzle|[of] p2a: Pelipper
|turn|10
|
|t:|1776090567
|move|p1a: Grimmsnarl|Spirit Break|p2a: Pelipper
|-damage|p2a: Pelipper|53/100
|-unboost|p2a: Pelipper|spa|1
|move|p2a: Pelipper|U-turn|p1a: Grimmsnarl
|-damage|p1a: Grimmsnarl|42/100
|
|t:|1776090588
|switch|p2a: Overqwil|Overqwil, F|100/100|[from] U-turn
|
|-weather|RainDance|[upkeep]
|-heal|p1a: Grimmsnarl|48/100|[from] item: Leftovers
|upkeep
|turn|11
|
|t:|1776090602
|move|p2a: Overqwil|Gunk Shot|p1a: Grimmsnarl|[miss]
|-miss|p2a: Overqwil|p1a: Grimmsnarl
|move|p1a: Grimmsnarl|Drain Punch|p2a: Overqwil
|-damage|p2a: Overqwil|51/100
|-heal|p1a: Grimmsnarl|68/100|[from] drain|[of] p2a: Overqwil
|
|-weather|RainDance|[upkeep]
|-heal|p1a: Grimmsnarl|74/100|[from] item: Leftovers
|upkeep
|turn|12
|
|t:|1776090630
|move|p2a: Overqwil|Gunk Shot|p1a: Grimmsnarl
|-supereffective|p1a: Grimmsnarl
|-damage|p1a: Grimmsnarl|0 fnt
|faint|p1a: Grimmsnarl
|-damage|p2a: Overqwil|41/100|[from] item: Life Orb
|
|-weather|RainDance|[upkeep]
|upkeep
|
|t:|1776090636
|switch|p1a: Darkrai|Darkrai|100/100
|turn|13
|
|t:|1776090644
|move|p2a: Overqwil|Gunk Shot|p1a: Darkrai
|-damage|p1a: Darkrai|0 fnt
|faint|p1a: Darkrai
|-damage|p2a: Overqwil|32/100|[from] item: Life Orb
|
|win|Sudhanshu4364
|raw|dark rivial's rating: 1367 &rarr; <strong>1346</strong><br />(-21 for losing)
|raw|Sudhanshu4364's rating: 1358 &rarr; <strong>1379</strong><br />(+21 for winning)
|l|☆dark rivial
|player|p1|
