|html|<div class="broadcast-blue"><strong>[Gen 9] OU is currently suspecting Tera Blast! For information on how to participate check out the <a href="https://www.smogon.com/tools/suspects/view/200">suspect thread</a>.</strong></div>
|j|☆greedman456
|j|☆takeyouout
|t:|1776093966
|gametype|singles
|player|p1|greedman456|brock|1642
|player|p2|takeyouout|richboy|1633
|gen|9
|tier|[Gen 9] OU
|rated|
|rule|HP Percentage Mod: HP is shown in percentages
|rule|Endless Battle Clause: Forcing endless battles is banned
|rule|Species Clause: Limit one of each Pokémon
|rule|OHKO Clause: OHKO moves are banned
|rule|Evasion Items Clause: Evasion items are banned
|rule|Evasion Moves Clause: Evasion moves are banned
|rule|Evasion Abilities Clause: Evasion abilities are banned
|rule|Sleep Moves Clause: Sleep-inducing moves are banned
|clearpoke
|poke|p1|Pelipper, M|
|poke|p1|Slowking-Galar, F|
|poke|p1|Ogerpon-Wellspring, F|
|poke|p1|Iron Treads|
|poke|p1|Alomomola, F|
|poke|p1|Basculegion-F, F|
|poke|p2|Alomomola, F|
|poke|p2|Primarina, F|
|poke|p2|Amoonguss, M|
|poke|p2|Tornadus-Therian, M|
|poke|p2|Cinderace, F|
|poke|p2|Hoopa-Unbound|
|teampreview
|j| Monkey D MinMin
|inactive|Battle timer is ON: inactive players will automatically lose when time's up. (requested by greedman456)
|l| Monkey D MinMin
|j| Monkey D MinMin
|inactive|greedman456 has 120 seconds left.
|inactive|takeyouout has 120 seconds left.
|
|t:|1776094012
|teamsize|p1|6
|teamsize|p2|6
|start
|switch|p1a: Pelipper|Pelipper, M|100/100
|switch|p2a: 77|Tornadus-Therian, M|100/100
|-weather|RainDance|[from] ability: Drizzle|[of] p1a: Pelipper
|turn|1
|
|t:|1776094024
|move|p2a: 77|Nasty Plot|p2a: 77
|-boost|p2a: 77|spa|2
|move|p1a: Pelipper|U-turn|p2a: 77
|-resisted|p2a: 77
|-damage|p2a: 77|95/100
|
|t:|1776094033
|switch|p1a: Ogerpon|Ogerpon-Wellspring, F|100/100|[from] U-turn
|
|-weather|RainDance|[upkeep]
|upkeep
|turn|2
|
|t:|1776094037
|-terastallize|p1a: Ogerpon|Water
|detailschange|p1a: Ogerpon|Ogerpon-Wellspring-Tera, F, tera:Water
|-ability|p1a: Ogerpon|Embody Aspect (Wellspring)|boost
|-boost|p1a: Ogerpon|spd|1
|move|p2a: 77|Bleakwind Storm|p1a: Ogerpon
|-damage|p1a: Ogerpon|19/100
|-unboost|p1a: Ogerpon|spe|1
|-damage|p2a: 77|85/100|[from] item: Life Orb
|move|p1a: Ogerpon|Ivy Cudgel|p2a: 77|[anim] Ivy Cudgel Water
|-damage|p2a: 77|0 fnt
|faint|p2a: 77
|
|-weather|RainDance|[upkeep]
|upkeep
|
|t:|1776094044
|switch|p2a: 99|Cinderace, F|100/100
|turn|3
|
|t:|1776094051
|switch|p1a: Alomomola|Alomomola, F|100/100
|move|p2a: 99|U-turn|p1a: Alomomola
|-start|p2a: 99|typechange|Bug|[from] ability: Libero
|-damage|p1a: Alomomola|82/100
|-enditem|p1a: Alomomola|Eject Button
|
|t:|1776094064
|switch|p1a: Basculegion|Basculegion-F, F|100/100
|
|-weather|RainDance|[upkeep]
|upkeep
|turn|4
|
|t:|1776094071
|switch|p2a: 66|Amoonguss, M|100/100
|move|p1a: Basculegion|Flip Turn|p2a: 66
|-resisted|p2a: 66
|-damage|p2a: 66|91/100
|-damage|p1a: Basculegion|84/100|[from] item: Rocky Helmet|[of] p2a: 66
|inactive|greedman456 has 120 seconds left.
|
|t:|1776094105
|switch|p1a: Slowking|Slowking-Galar, F|100/100|[from] Flip Turn
|
|-weather|RainDance|[upkeep]
|upkeep
|turn|5
|
|t:|1776094116
|move|p1a: Slowking|Sludge Bomb|p2a: 66
|-damage|p2a: 66|59/100
|move|p2a: 66|Foul Play|p1a: Slowking
|-supereffective|p1a: Slowking
|-damage|p1a: Slowking|72/100
|
|-weather|RainDance|[upkeep]
|upkeep
|turn|6
|
|t:|1776094122
|move|p1a: Slowking|Psychic|p2a: 66
|-supereffective|p2a: 66
|-crit|p2a: 66
|-damage|p2a: 66|0 fnt
|faint|p2a: 66
|
|-weather|RainDance|[upkeep]
|upkeep
|
|t:|1776094126
|switch|p2a: Starscream|Hoopa-Unbound|100/100
|turn|7
|
|t:|1776094129
|switch|p1a: Iron Treads|Iron Treads|100/100
|move|p2a: Starscream|Knock Off|p1a: Iron Treads
|-damage|p1a: Iron Treads|57/100
|-enditem|p1a: Iron Treads|Assault Vest|[from] move: Knock Off|[of] p2a: Starscream
|
|-weather|RainDance|[upkeep]
|upkeep
|turn|8
|
|t:|1776094139
|switch|p2a: PinkCannon|Alomomola, F, shiny|100/100
|move|p1a: Iron Treads|Earthquake|p2a: PinkCannon
|-damage|p2a: PinkCannon|80/100
|
|-weather|none
|upkeep
|turn|9
|
|t:|1776094146
|-end|p1a: Iron Treads|Quark Drive|[silent]
|switch|p1a: Alomomola|Alomomola, F|100/100
|move|p2a: PinkCannon|Flip Turn|p1a: Alomomola
|-resisted|p1a: Alomomola
|-damage|p1a: Alomomola|95/100
|
|t:|1776094149
|switch|p2a: Starscream|Hoopa-Unbound|100/100|[from] Flip Turn
|
|upkeep
|turn|10
|
|t:|1776094153
|move|p2a: Starscream|Knock Off|p1a: Alomomola
|-damage|p1a: Alomomola|75/100
|move|p1a: Alomomola|Wish|p1a: Alomomola
|
|upkeep
|turn|11
|
|t:|1776094158
|move|p2a: Starscream|Thunderbolt|p1a: Alomomola
|-supereffective|p1a: Alomomola
|-damage|p1a: Alomomola|13/100
|move|p1a: Alomomola|Flip Turn|p2a: Starscream
|-damage|p2a: Starscream|77/100
|
|t:|1776094164
|switch|p1a: Ogerpon|Ogerpon-Wellspring-Tera, F, tera:Water|19/100|[from] Flip Turn
|-ability|p1a: Ogerpon|Embody Aspect (Wellspring)|boost
|-boost|p1a: Ogerpon|spd|1
|
|-heal|p1a: Ogerpon|85/100|[from] move: Wish|[wisher] Alomomola
|upkeep
|turn|12
|
|t:|1776094170
|switch|p2a: PinkCannon|Alomomola, F, shiny|100/100
|move|p1a: Ogerpon|Ivy Cudgel|p2a: PinkCannon|[anim] Ivy Cudgel Water
|-resisted|p2a: PinkCannon
|-damage|p2a: PinkCannon|80/100
|
|upkeep
|turn|13
|
|t:|1776094175
|move|p1a: Ogerpon|Trailblaze|p2a: PinkCannon
|-supereffective|p2a: PinkCannon
|-damage|p2a: PinkCannon|51/100
|-boost|p1a: Ogerpon|spe|1
|-damage|p1a: Ogerpon|68/100|[from] item: Rocky Helmet|[of] p2a: PinkCannon
|move|p2a: PinkCannon|Flip Turn|p1a: Ogerpon
|-resisted|p1a: Ogerpon
|-damage|p1a: Ogerpon|58/100
|
|t:|1776094189
|switch|p2a: Barnaby|Primarina, F|100/100|[from] Flip Turn
|
|upkeep
|turn|14
|l| Monkey D MinMin
|
|t:|1776094194
|move|p1a: Ogerpon|Horn Leech|p2a: Barnaby
|-supereffective|p2a: Barnaby
|-damage|p2a: Barnaby|0 fnt
|-heal|p1a: Ogerpon|100/100|[from] drain|[of] p2a: Barnaby
|faint|p2a: Barnaby
|
|upkeep
|-message|takeyouout forfeited.
|
|win|greedman456
|raw|greedman456's rating: 1642 &rarr; <strong>1661</strong><br />(+19 for winning)
|raw|takeyouout's rating: 1633 &rarr; <strong>1614</strong><br />(-19 for losing)
|l|☆takeyouout
|player|p2|
|l|☆greedman456
|player|p1|
