|html|<div class="broadcast-blue"><strong>[Gen 9] OU is currently suspecting Tera Blast! For information on how to participate check out the <a href="https://www.smogon.com/tools/suspects/view/200">suspect thread</a>.</strong></div>
|j|☆t44 (the one)
|j|☆Sweeco
|t:|1776127247
|gametype|singles
|player|p1|t44 (the one)|rosa-pokestar|1512
|player|p2|Sweeco|sabrina-frlg|1473
|gen|9
|tier|[Gen 9] OU
|rated|
|rule|HP Percentage Mod: HP is shown in percentages
|rule|Endless Battle Clause: Forcing endless battles is banned
|rule|Species Clause: Limit one of each Pokémon
|rule|OHKO Clause: OHKO moves are banned
|rule|Evasion Items Clause: Evasion items are banned
|rule|Evasion Moves Clause: Evasion moves are banned
|rule|Evasion Abilities Clause: Evasion abilities are banned
|rule|Sleep Moves Clause: Sleep-inducing moves are banned
|clearpoke
|poke|p1|Ogerpon, F|
|poke|p1|Cinderace, M|
|poke|p1|Iron Valiant|
|poke|p1|Latios, M|
|poke|p1|Corviknight, F|
|poke|p1|Ting-Lu|
|poke|p2|Landorus-Therian, M|
|poke|p2|Slowking-Galar, M|
|poke|p2|Raging Bolt|
|poke|p2|Dragapult, M|
|poke|p2|Hatterene, F|
|poke|p2|Lokix, F|
|teampreview
|inactive|Battle timer is ON: inactive players will automatically lose when time's up. (requested by t44 (the one))
|
|t:|1776127274
|teamsize|p1|6
|teamsize|p2|6
|start
|switch|p1a: Ogerpon|Ogerpon, F|100/100
|switch|p2a: Landorus|Landorus-Therian, M|100/100
|-ability|p2a: Landorus|Intimidate|boost
|-unboost|p1a: Ogerpon|atk|1
|-ability|p1a: Ogerpon|Defiant|boost
|-boost|p1a: Ogerpon|atk|2
|turn|1
|
|t:|1776127283
|move|p1a: Ogerpon|Ivy Cudgel|p2a: Landorus
|-damage|p2a: Landorus|0 fnt
|faint|p2a: Landorus
|
|upkeep
|
|t:|1776127286
|switch|p2a: Lokix|Lokix, F|100/100
|turn|2
|
|t:|1776127290
|switch|p1a: Corviknight|Corviknight, F|100/100
|-ability|p1a: Corviknight|Pressure
|move|p2a: Lokix|First Impression|p1a: Corviknight
|-resisted|p1a: Corviknight
|-damage|p1a: Corviknight|80/100
|-damage|p2a: Lokix|84/100|[from] item: Rocky Helmet|[of] p1a: Corviknight
|
|upkeep
|turn|3
|
|t:|1776127298
|switch|p2a: Raging Bolt|Raging Bolt|100/100
|move|p1a: Corviknight|U-turn|p2a: Raging Bolt
|-damage|p2a: Raging Bolt|88/100
|
|t:|1776127302
|switch|p1a: Ting-Lu|Ting-Lu|100/100|[from] U-turn
|-ability|p1a: Ting-Lu|Vessel of Ruin
|
|upkeep
|turn|4
|
|t:|1776127309
|-end|p2a: Raging Bolt|Protosynthesis|[silent]
|switch|p2a: Hatterene|Hatterene, F|100/100
|move|p1a: Ting-Lu|Earthquake|p2a: Hatterene
|-damage|p2a: Hatterene|67/100
|
|-heal|p2a: Hatterene|73/100|[from] item: Leftovers
|upkeep
|turn|5
|
|t:|1776127319
|move|p1a: Ting-Lu|Earthquake|p2a: Hatterene
|-damage|p2a: Hatterene|42/100
|move|p2a: Hatterene|Draining Kiss|p1a: Ting-Lu
|-supereffective|p1a: Ting-Lu
|-damage|p1a: Ting-Lu|81/100
|-heal|p2a: Hatterene|66/100|[from] drain|[of] p1a: Ting-Lu
|
|-heal|p1a: Ting-Lu|88/100|[from] item: Leftovers
|-heal|p2a: Hatterene|72/100|[from] item: Leftovers
|upkeep
|turn|6
|
|t:|1776127327
|switch|p1a: Corviknight|Corviknight, F|80/100
|-ability|p1a: Corviknight|Pressure
|move|p2a: Hatterene|Calm Mind|p2a: Hatterene
|-boost|p2a: Hatterene|spa|1
|-boost|p2a: Hatterene|spd|1
|
|-heal|p2a: Hatterene|78/100|[from] item: Leftovers
|upkeep
|turn|7
|
|t:|1776127334
|move|p1a: Corviknight|U-turn|p2a: Hatterene
|-damage|p2a: Hatterene|66/100
|
|t:|1776127339
|switch|p1a: Ogerpon|Ogerpon, F|100/100|[from] U-turn
|move|p2a: Hatterene|Calm Mind|p2a: Hatterene
|-boost|p2a: Hatterene|spa|1
|-boost|p2a: Hatterene|spd|1
|
|-heal|p2a: Hatterene|72/100|[from] item: Leftovers
|upkeep
|turn|8
|
|t:|1776127344
|-terastallize|p1a: Ogerpon|Grass
|detailschange|p1a: Ogerpon|Ogerpon-Teal-Tera, F, tera:Grass
|-ability|p1a: Ogerpon|Embody Aspect (Teal)|boost
|-boost|p1a: Ogerpon|spe|1
|move|p1a: Ogerpon|Ivy Cudgel|p2a: Hatterene
|-damage|p2a: Hatterene|0 fnt
|faint|p2a: Hatterene
|
|upkeep
|
|t:|1776127351
|switch|p2a: Lokix|Lokix, F|84/100
|turn|9
|
|t:|1776127354
|switch|p1a: Corviknight|Corviknight, F|80/100
|-ability|p1a: Corviknight|Pressure
|move|p2a: Lokix|First Impression|p1a: Corviknight
|-resisted|p1a: Corviknight
|-damage|p1a: Corviknight|60/100
|-damage|p2a: Lokix|67/100|[from] item: Rocky Helmet|[of] p1a: Corviknight
|
|upkeep
|turn|10
|
|t:|1776127364
|switch|p2a: Slowking|Slowking-Galar, M|100/100
|move|p1a: Corviknight|U-turn|p2a: Slowking
|-damage|p2a: Slowking|86/100
|
|t:|1776127372
|switch|p1a: Ogerpon|Ogerpon-Teal-Tera, F, tera:Grass|100/100|[from] U-turn
|-ability|p1a: Ogerpon|Embody Aspect (Teal)|boost
|-boost|p1a: Ogerpon|spe|1
|
|upkeep
|turn|11
|
|t:|1776127376
|move|p1a: Ogerpon|Knock Off|p2a: Slowking
|-supereffective|p2a: Slowking
|-damage|p2a: Slowking|0 fnt
|-enditem|p2a: Slowking|Heavy-Duty Boots|[from] move: Knock Off|[of] p1a: Ogerpon
|faint|p2a: Slowking
|
|upkeep
|
|t:|1776127386
|switch|p2a: Raging Bolt|Raging Bolt|88/100
|turn|12
|
|t:|1776127390
|switch|p1a: Ting-Lu|Ting-Lu|88/100
|-ability|p1a: Ting-Lu|Vessel of Ruin
|move|p2a: Raging Bolt|Dragon Pulse|p1a: Ting-Lu
|-damage|p1a: Ting-Lu|66/100
|
|-heal|p1a: Ting-Lu|72/100|[from] item: Leftovers
|upkeep
|turn|13
|
|t:|1776127398
|-end|p2a: Raging Bolt|Protosynthesis|[silent]
|switch|p2a: Lokix|Lokix, F|67/100
|move|p1a: Ting-Lu|Ruination|p2a: Lokix
|-damage|p2a: Lokix|34/100
|
|-heal|p1a: Ting-Lu|79/100|[from] item: Leftovers
|upkeep
|turn|14
|
|t:|1776127402
|switch|p1a: Cinderace|Cinderace, M|100/100
|move|p2a: Lokix|Knock Off|p1a: Cinderace
|-damage|p1a: Cinderace|12/100
|-enditem|p1a: Cinderace|Heavy-Duty Boots|[from] move: Knock Off|[of] p2a: Lokix
|
|upkeep
|turn|15
|
|t:|1776127407
|switch|p2a: Dragapult|Dragapult, M|100/100
|move|p1a: Cinderace|Will-O-Wisp|p2a: Dragapult
|-status|p2a: Dragapult|brn
|
|-damage|p2a: Dragapult|95/100 brn|[from] brn
|upkeep
|turn|16
|
|t:|1776127413
|move|p2a: Dragapult|Hex|p1a: Cinderace
|-damage|p1a: Cinderace|0 fnt
|faint|p1a: Cinderace
|
|-damage|p2a: Dragapult|89/100 brn|[from] brn
|upkeep
|
|t:|1776127422
|switch|p1a: Latios|Latios, M|100/100
|turn|17
|
|t:|1776127425
|move|p1a: Latios|Luster Purge|p2a: Dragapult
|-damage|p2a: Dragapult|19/100 brn
|move|p2a: Dragapult|Draco Meteor|p1a: Latios
|-supereffective|p1a: Latios
|-damage|p1a: Latios|0 fnt
|-unboost|p2a: Dragapult|spa|2
|faint|p1a: Latios
|
|-damage|p2a: Dragapult|13/100 brn|[from] brn
|upkeep
|
|t:|1776127428
|switch|p1a: Ogerpon|Ogerpon-Teal-Tera, F, tera:Grass|100/100
|-ability|p1a: Ogerpon|Embody Aspect (Teal)|boost
|-boost|p1a: Ogerpon|spe|1
|turn|18
|
|t:|1776127430
|move|p1a: Ogerpon|U-turn|p2a: Dragapult
|-resisted|p2a: Dragapult
|-damage|p2a: Dragapult|0 fnt
|faint|p2a: Dragapult
|
|t:|1776127432
|switch|p1a: Ting-Lu|Ting-Lu|79/100|[from] U-turn
|-ability|p1a: Ting-Lu|Vessel of Ruin
|
|-heal|p1a: Ting-Lu|85/100|[from] item: Leftovers
|upkeep
|
|t:|1776127434
|switch|p2a: Lokix|Lokix, F|34/100
|turn|19
|
|t:|1776127437
|switch|p1a: Corviknight|Corviknight, F|60/100
|-ability|p1a: Corviknight|Pressure
|move|p2a: Lokix|Knock Off|p1a: Corviknight
|-damage|p1a: Corviknight|21/100
|-damage|p2a: Lokix|17/100|[from] item: Rocky Helmet|[of] p1a: Corviknight
|-enditem|p1a: Corviknight|Rocky Helmet|[from] move: Knock Off|[of] p2a: Lokix
|
|upkeep
|turn|20
|
|t:|1776127443
|switch|p2a: Raging Bolt|Raging Bolt|88/100
|move|p1a: Corviknight|Roost|p1a: Corviknight
|-heal|p1a: Corviknight|71/100
|-singleturn|p1a: Corviknight|move: Roost
|
|upkeep
|turn|21
|
|t:|1776127449
|switch|p1a: Ting-Lu|Ting-Lu|85/100
|-ability|p1a: Ting-Lu|Vessel of Ruin
|move|p2a: Raging Bolt|Dragon Pulse|p1a: Ting-Lu
|-damage|p1a: Ting-Lu|63/100
|
|-heal|p1a: Ting-Lu|69/100|[from] item: Leftovers
|upkeep
|turn|22
|
|t:|1776127454
|move|p2a: Raging Bolt|Dragon Pulse|p1a: Ting-Lu
|-damage|p1a: Ting-Lu|49/100
|move|p1a: Ting-Lu|Earthquake|p2a: Raging Bolt
|-supereffective|p2a: Raging Bolt
|-damage|p2a: Raging Bolt|14/100
|
|-heal|p1a: Ting-Lu|55/100|[from] item: Leftovers
|upkeep
|turn|23
|-message|Sweeco forfeited.
|
|win|t44 (the one)
|raw|t44 (the one)'s rating: 1512 &rarr; <strong>1530</strong><br />(+18 for winning)
|raw|Sweeco's rating: 1473 &rarr; <strong>1455</strong><br />(-18 for losing)
|l|☆Sweeco
|player|p2|
