|html|<div class="broadcast-blue"><strong>[Gen 9] OU is currently suspecting Tera Blast! For information on how to participate check out the <a href="https://www.smogon.com/tools/suspects/view/200">suspect thread</a>.</strong></div>
|j|☆t7pu
|j|☆roncg
|t:|1776057117
|gametype|singles
|player|p1|t7pu|1|1240
|player|p2|roncg|101|1120
|gen|9
|tier|[Gen 9] OU
|rated|
|rule|HP Percentage Mod: HP is shown in percentages
|rule|Endless Battle Clause: Forcing endless battles is banned
|rule|Species Clause: Limit one of each Pokémon
|rule|OHKO Clause: OHKO moves are banned
|rule|Evasion Items Clause: Evasion items are banned
|rule|Evasion Moves Clause: Evasion moves are banned
|rule|Evasion Abilities Clause: Evasion abilities are banned
|rule|Sleep Moves Clause: Sleep-inducing moves are banned
|clearpoke
|poke|p1|Ninetales-Alola, F|
|poke|p1|Kyurem|
|poke|p1|Rillaboom, F|
|poke|p1|Manaphy|
|poke|p1|Iron Moth|
|poke|p1|Great Tusk|
|poke|p2|Armarouge, F|
|poke|p2|Dragapult, F|
|poke|p2|Toxapex, M|
|poke|p2|Enamorus, F|
|poke|p2|Falinks|
|poke|p2|Maushold-Four|
|teampreview
|
|t:|1776057125
|teamsize|p1|6
|teamsize|p2|6
|start
|switch|p1a: Rillaboom|Rillaboom, F|100/100
|switch|p2a: Toxapex|Toxapex, M, shiny|100/100
|-fieldstart|move: Grassy Terrain|[from] ability: Grassy Surge|[of] p1a: Rillaboom
|turn|1
|
|t:|1776057136
|move|p1a: Rillaboom|Knock Off|p2a: Toxapex
|-damage|p2a: Toxapex|71/100
|-enditem|p2a: Toxapex|Leftovers|[from] move: Knock Off|[of] p1a: Rillaboom
|move|p2a: Toxapex|Toxic Spikes|p1a: Rillaboom
|-sidestart|p1: t7pu|move: Toxic Spikes
|
|-heal|p2a: Toxapex|77/100|[from] Grassy Terrain
|upkeep
|turn|2
|
|t:|1776057147
|switch|p1a: Iron Moth|Iron Moth|100/100
|-sideend|p1: t7pu|move: Toxic Spikes|[of] p1a: Iron Moth
|-enditem|p1a: Iron Moth|Booster Energy
|-activate|p1a: Iron Moth|ability: Quark Drive|[fromitem]
|-start|p1a: Iron Moth|quarkdrivespe
|move|p2a: Toxapex|Baneful Bunker||[still]
|-fail|p2a: Toxapex
|
|-heal|p2a: Toxapex|83/100|[from] Grassy Terrain
|upkeep
|turn|3
|
|t:|1776057166
|-end|p1a: Iron Moth|Quark Drive|[silent]
|switch|p1a: Great Tusk|Great Tusk|100/100
|move|p2a: Toxapex|Toxic Spikes|p1a: Great Tusk
|-sidestart|p1: t7pu|move: Toxic Spikes
|
|-heal|p2a: Toxapex|89/100|[from] Grassy Terrain
|upkeep
|turn|4
|inactive|Battle timer is ON: inactive players will automatically lose when time's up. (requested by t7pu)
|
|t:|1776057188
|switch|p2a: Falinks|Falinks|100/100
|move|p1a: Great Tusk|Stealth Rock|p2a: Falinks
|-sidestart|p2: roncg|move: Stealth Rock
|
|upkeep
|turn|5
|
|t:|1776057208
|move|p1a: Great Tusk|Rapid Spin|p2a: Falinks
|-damage|p2a: Falinks|82/100
|-boost|p1a: Great Tusk|spe|1
|-sideend|p1: t7pu|Toxic Spikes|[from] move: Rapid Spin|[of] p1a: Great Tusk
|move|p2a: Falinks|No Retreat|p2a: Falinks
|-boost|p2a: Falinks|atk|1
|-boost|p2a: Falinks|def|1
|-boost|p2a: Falinks|spa|1
|-boost|p2a: Falinks|spd|1
|-boost|p2a: Falinks|spe|1
|-start|p2a: Falinks|move: No Retreat
|
|-heal|p2a: Falinks|88/100|[from] Grassy Terrain
|upkeep
|turn|6
|inactive|t7pu has 120 seconds left.
|
|t:|1776057232
|move|p1a: Great Tusk|Ice Spinner|p2a: Falinks
|-damage|p2a: Falinks|67/100
|-fieldend|move: Grassy Terrain
|move|p2a: Falinks|Close Combat|p1a: Great Tusk
|-damage|p1a: Great Tusk|38/100
|-unboost|p2a: Falinks|def|1
|-unboost|p2a: Falinks|spd|1
|-damage|p2a: Falinks|51/100|[from] item: Rocky Helmet|[of] p1a: Great Tusk
|-damage|p2a: Falinks|41/100|[from] item: Life Orb
|
|upkeep
|turn|7
|inactive|t7pu has 120 seconds left.
|
|t:|1776057244
|move|p1a: Great Tusk|Headlong Rush|p2a: Falinks
|-damage|p2a: Falinks|0 fnt
|-unboost|p1a: Great Tusk|def|1
|-unboost|p1a: Great Tusk|spd|1
|faint|p2a: Falinks
|
|upkeep
|inactive|roncg has 120 seconds left.
|
|t:|1776057264
|switch|p2a: Dragapult|Dragapult, F, shiny|100/100
|-damage|p2a: Dragapult|88/100|[from] Stealth Rock
|turn|8
|inactive|roncg has 120 seconds left.
|
|t:|1776057277
|move|p1a: Great Tusk|Ice Spinner|p2a: Dragapult
|-supereffective|p2a: Dragapult
|-damage|p2a: Dragapult|24/100
|move|p2a: Dragapult|Dragon Dance|p2a: Dragapult
|-boost|p2a: Dragapult|atk|1
|-boost|p2a: Dragapult|spe|1
|
|upkeep
|turn|9
|inactive|roncg has 120 seconds left.
|
|t:|1776057288
|-end|p1a: Great Tusk|Protosynthesis|[silent]
|switch|p1a: Ninetales|Ninetales-Alola, F|100/100
|-weather|Snowscape|[from] ability: Snow Warning|[of] p1a: Ninetales
|-terastallize|p2a: Dragapult|Steel
|move|p2a: Dragapult|Dragon Darts|p1a: Ninetales
|-immune|p1a: Ninetales
|
|-weather|Snowscape|[upkeep]
|upkeep
|turn|10
|inactive|roncg has 120 seconds left.
|
|t:|1776057301
|move|p2a: Dragapult|U-turn|p1a: Ninetales
|-resisted|p1a: Ninetales
|-damage|p1a: Ninetales|82/100
|-damage|p2a: Dragapult|15/100|[from] item: Life Orb
|inactive|roncg has 120 seconds left.
|
|t:|1776057310
|switch|p2a: Armarouge|Armarouge, F|100/100|[from] U-turn
|-damage|p2a: Armarouge|76/100|[from] Stealth Rock
|move|p1a: Ninetales|Aurora Veil|p1a: Ninetales
|-sidestart|p1: t7pu|move: Aurora Veil
|
|-weather|Snowscape|[upkeep]
|upkeep
|turn|11
|inactive|roncg has 120 seconds left.
|inactive|t7pu has 120 seconds left.
|
|t:|1776057339
|switch|p1a: Iron Moth|Iron Moth|100/100
|move|p2a: Armarouge|Armor Cannon|p1a: Iron Moth
|-resisted|p1a: Iron Moth
|-damage|p1a: Iron Moth|82/100
|-unboost|p2a: Armarouge|def|1
|-unboost|p2a: Armarouge|spd|1
|-damage|p2a: Armarouge|66/100|[from] item: Life Orb
|
|-weather|Snowscape|[upkeep]
|upkeep
|turn|12
|-message|roncg forfeited.
|
|win|t7pu
|raw|t7pu's rating: 1240 &rarr; <strong>1257</strong><br />(+17 for winning)
|raw|roncg's rating: 1120 &rarr; <strong>1103</strong><br />(-17 for losing)
|l|☆roncg
|player|p2|
|l|☆t7pu
|player|p1|
