|html|<div class="broadcast-blue"><strong>[Gen 9] OU is currently suspecting Tera Blast! For information on how to participate check out the <a href="https://www.smogon.com/tools/suspects/view/200">suspect thread</a>.</strong></div>
|j|☆Efrain.9
|j|☆MSceptilemyfav
|t:|1776050657
|gametype|singles
|player|p1|Efrain.9|hilbert-wonderlauncher|1488
|player|p2|MSceptilemyfav|2|1461
|gen|9
|tier|[Gen 9] OU
|rated|
|rule|HP Percentage Mod: HP is shown in percentages
|rule|Endless Battle Clause: Forcing endless battles is banned
|rule|Species Clause: Limit one of each Pokémon
|rule|OHKO Clause: OHKO moves are banned
|rule|Evasion Items Clause: Evasion items are banned
|rule|Evasion Moves Clause: Evasion moves are banned
|rule|Evasion Abilities Clause: Evasion abilities are banned
|rule|Sleep Moves Clause: Sleep-inducing moves are banned
|clearpoke
|poke|p1|Pelipper, F|
|poke|p1|Kingambit, F|
|poke|p1|Weezing-Galar, F|
|poke|p1|Great Tusk|
|poke|p1|Raging Bolt|
|poke|p1|Ogerpon-Wellspring, F|
|poke|p2|Great Tusk|
|poke|p2|Grimmsnarl, M|
|poke|p2|Braviary-Hisui, M|
|poke|p2|Cinderace, M|
|poke|p2|Iron Valiant|
|poke|p2|Ceruledge, M|
|teampreview
|inactive|Battle timer is ON: inactive players will automatically lose when time's up. (requested by MSceptilemyfav)
|
|t:|1776050674
|teamsize|p1|6
|teamsize|p2|6
|start
|switch|p1a: Pelipper|Pelipper, F|100/100
|switch|p2a: Braviary|Braviary-Hisui, M|100/100
|-weather|RainDance|[from] ability: Drizzle|[of] p1a: Pelipper
|turn|1
|
|t:|1776050680
|move|p2a: Braviary|Air Slash|p1a: Pelipper
|-damage|p1a: Pelipper|48/100
|cant|p1a: Pelipper|flinch
|
|-weather|RainDance|[upkeep]
|upkeep
|turn|2
|
|t:|1776050685
|switch|p1a: Raging Bolt|Raging Bolt|100/100
|move|p2a: Braviary|Air Slash|p1a: Raging Bolt
|-resisted|p1a: Raging Bolt
|-damage|p1a: Raging Bolt|71/100
|
|-weather|RainDance|[upkeep]
|upkeep
|turn|3
|
|t:|1776050694
|switch|p2a: Grimmsnarl|Grimmsnarl, M, shiny|100/100
|move|p1a: Raging Bolt|Weather Ball|p2a: Grimmsnarl
|-damage|p2a: Grimmsnarl|44/100
|
|-weather|RainDance|[upkeep]
|upkeep
|turn|4
|
|t:|1776050701
|move|p2a: Grimmsnarl|Light Screen|p2a: Grimmsnarl
|-sidestart|p2: MSceptilemyfav|move: Light Screen
|move|p1a: Raging Bolt|Thunderbolt|p2a: Grimmsnarl
|-damage|p2a: Grimmsnarl|20/100
|
|-weather|RainDance|[upkeep]
|upkeep
|turn|5
|
|t:|1776050708
|move|p1a: Raging Bolt|Weather Ball|p2a: Grimmsnarl
|-damage|p2a: Grimmsnarl|0 fnt
|faint|p2a: Grimmsnarl
|
|-weather|RainDance|[upkeep]
|upkeep
|
|t:|1776050716
|switch|p2a: Braviary|Braviary-Hisui, M|100/100
|turn|6
|
|t:|1776050720
|move|p2a: Braviary|Calm Mind|p2a: Braviary
|-boost|p2a: Braviary|spa|1
|-boost|p2a: Braviary|spd|1
|move|p1a: Raging Bolt|Thunderbolt|p2a: Braviary
|-supereffective|p2a: Braviary
|-damage|p2a: Braviary|61/100
|
|-weather|RainDance|[upkeep]
|-heal|p2a: Braviary|67/100|[from] item: Leftovers
|upkeep
|turn|7
|
|t:|1776050736
|-end|p1a: Raging Bolt|Protosynthesis|[silent]
|switch|p1a: Kingambit|Kingambit, F|100/100
|move|p2a: Braviary|Air Slash|p1a: Kingambit
|-resisted|p1a: Kingambit
|-damage|p1a: Kingambit|42/100
|
|-weather|RainDance|[upkeep]
|-heal|p2a: Braviary|73/100|[from] item: Leftovers
|upkeep
|turn|8
|
|t:|1776050743
|move|p2a: Braviary|Vacuum Wave|p1a: Kingambit
|-supereffective|p1a: Kingambit
|-damage|p1a: Kingambit|0 fnt
|faint|p1a: Kingambit
|
|-weather|none
|-heal|p2a: Braviary|79/100|[from] item: Leftovers
|upkeep
|
|t:|1776050752
|switch|p1a: Pelipper|Pelipper, F|48/100
|-weather|RainDance|[from] ability: Drizzle|[of] p1a: Pelipper
|turn|9
|
|t:|1776050757
|move|p2a: Braviary|Air Slash|p1a: Pelipper
|-damage|p1a: Pelipper|0 fnt
|faint|p1a: Pelipper
|
|-weather|RainDance|[upkeep]
|-heal|p2a: Braviary|85/100|[from] item: Leftovers
|upkeep
|
|t:|1776050763
|switch|p1a: Ogerpon|Ogerpon-Wellspring, F|100/100
|turn|10
|
|t:|1776050774
|move|p1a: Ogerpon|Ivy Cudgel|p2a: Braviary|[anim] Ivy Cudgel Water
|-damage|p2a: Braviary|0 fnt
|faint|p2a: Braviary
|
|-weather|RainDance|[upkeep]
|upkeep
|inactive|MSceptilemyfav has 120 seconds left.
|
|t:|1776050805
|switch|p2a: Iron Valiant|Iron Valiant|100/100
|-enditem|p2a: Iron Valiant|Booster Energy
|-activate|p2a: Iron Valiant|ability: Quark Drive|[fromitem]
|-start|p2a: Iron Valiant|quarkdrivespe
|turn|11
|
|t:|1776050811
|switch|p1a: Weezing|Weezing-Galar, F|100/100
|move|p2a: Iron Valiant|Destiny Bond|p2a: Iron Valiant
|-singlemove|p2a: Iron Valiant|Destiny Bond
|
|-weather|RainDance|[upkeep]
|-sideend|p2: MSceptilemyfav|move: Light Screen
|upkeep
|turn|12
|
|t:|1776050822
|-end|p2a: Iron Valiant|Quark Drive|[silent]
|switch|p2a: Cinderace|Cinderace, M|100/100
|move|p1a: Weezing|Strange Steam|p2a: Cinderace
|-resisted|p2a: Cinderace
|-damage|p2a: Cinderace|81/100
|
|-weather|RainDance|[upkeep]
|upkeep
|turn|13
|
|t:|1776050830
|move|p2a: Cinderace|Pyro Ball|p1a: Weezing
|-damage|p1a: Weezing|81/100
|move|p1a: Weezing|Sludge Bomb|p2a: Cinderace
|-damage|p2a: Cinderace|42/100
|
|-weather|RainDance|[upkeep]
|-heal|p1a: Weezing|87/100|[from] item: Leftovers
|upkeep
|turn|14
|
|t:|1776050837
|move|p2a: Cinderace|Pyro Ball|p1a: Weezing|[miss]
|-miss|p2a: Cinderace|p1a: Weezing
|move|p1a: Weezing|Sludge Bomb|p2a: Cinderace
|-damage|p2a: Cinderace|0 fnt
|faint|p2a: Cinderace
|
|-weather|RainDance|[upkeep]
|-heal|p1a: Weezing|93/100|[from] item: Leftovers
|upkeep
|
|t:|1776050844
|switch|p2a: Great Tusk|Great Tusk|100/100
|-enditem|p2a: Great Tusk|Booster Energy
|-activate|p2a: Great Tusk|ability: Protosynthesis|[fromitem]
|-start|p2a: Great Tusk|protosynthesisspe
|turn|15
|
|t:|1776050849
|-end|p2a: Great Tusk|Protosynthesis|[silent]
|switch|p2a: Ceruledge|Ceruledge, M|100/100
|move|p1a: Weezing|Strange Steam|p2a: Ceruledge
|-resisted|p2a: Ceruledge
|-damage|p2a: Ceruledge|83/100
|-start|p2a: Ceruledge|confusion
|
|-weather|RainDance|[upkeep]
|-heal|p1a: Weezing|99/100|[from] item: Leftovers
|upkeep
|turn|16
|
|t:|1776050859
|switch|p2a: Great Tusk|Great Tusk|100/100
|move|p1a: Weezing|Sludge Bomb|p2a: Great Tusk
|-resisted|p2a: Great Tusk
|-damage|p2a: Great Tusk|81/100
|
|-weather|none
|-heal|p1a: Weezing|100/100|[from] item: Leftovers
|upkeep
|turn|17
|
|t:|1776050867
|move|p2a: Great Tusk|Ice Spinner|p1a: Weezing
|-damage|p1a: Weezing|86/100
|move|p1a: Weezing|Strange Steam|p2a: Great Tusk
|-supereffective|p2a: Great Tusk
|-damage|p2a: Great Tusk|0 fnt
|faint|p2a: Great Tusk
|-end|p2a: Great Tusk|Protosynthesis|[silent]
|
|-heal|p1a: Weezing|92/100|[from] item: Leftovers
|upkeep
|
|t:|1776050872
|switch|p2a: Ceruledge|Ceruledge, M|83/100
|turn|18
|
|t:|1776050883
|move|p2a: Ceruledge|Swords Dance|p2a: Ceruledge
|-boost|p2a: Ceruledge|atk|2
|move|p1a: Weezing|Sludge Bomb|p2a: Ceruledge
|-resisted|p2a: Ceruledge
|-damage|p2a: Ceruledge|67/100
|
|-heal|p1a: Weezing|98/100|[from] item: Leftovers
|upkeep
|turn|19
|
|t:|1776050902
|switch|p1a: Great Tusk|Great Tusk|100/100
|move|p2a: Ceruledge|Bitter Blade|p1a: Great Tusk
|-damage|p1a: Great Tusk|27/100
|-heal|p2a: Ceruledge|100/100|[from] drain|[of] p1a: Great Tusk
|
|upkeep
|turn|20
|
|t:|1776050910
|move|p1a: Great Tusk|Headlong Rush|p2a: Ceruledge
|-supereffective|p2a: Ceruledge
|-crit|p2a: Ceruledge
|-enditem|p2a: Ceruledge|Focus Sash
|-damage|p2a: Ceruledge|1/100
|-unboost|p1a: Great Tusk|def|1
|-unboost|p1a: Great Tusk|spd|1
|-ability|p2a: Ceruledge|Weak Armor|boost
|-unboost|p2a: Ceruledge|def|1
|-boost|p2a: Ceruledge|spe|2
|move|p2a: Ceruledge|Swords Dance|p2a: Ceruledge
|-boost|p2a: Ceruledge|atk|2
|
|upkeep
|turn|21
|
|t:|1776050923
|move|p2a: Ceruledge|Bitter Blade|p1a: Great Tusk
|-damage|p1a: Great Tusk|0 fnt
|-heal|p2a: Ceruledge|18/100|[from] drain|[of] p1a: Great Tusk
|faint|p1a: Great Tusk
|-end|p1a: Great Tusk|Protosynthesis|[silent]
|
|upkeep
|
|t:|1776050929
|switch|p1a: Raging Bolt|Raging Bolt|71/100
|turn|22
|
|t:|1776050940
|-terastallize|p2a: Ceruledge|Ghost
|move|p2a: Ceruledge|Shadow Sneak|p1a: Raging Bolt
|-damage|p1a: Raging Bolt|0 fnt
|faint|p1a: Raging Bolt
|-end|p1a: Raging Bolt|Protosynthesis|[silent]
|
|upkeep
|
|t:|1776050946
|switch|p1a: Weezing|Weezing-Galar, F|98/100
|turn|23
|
|t:|1776050955
|move|p2a: Ceruledge|Bitter Blade|p1a: Weezing
|-damage|p1a: Weezing|0 fnt
|-heal|p2a: Ceruledge|74/100|[from] drain|[of] p1a: Weezing
|faint|p1a: Weezing
|
|upkeep
|
|t:|1776050960
|switch|p1a: Ogerpon|Ogerpon-Wellspring, F|100/100
|turn|24
|
|t:|1776050966
|-terastallize|p1a: Ogerpon|Water
|detailschange|p1a: Ogerpon|Ogerpon-Wellspring-Tera, F, tera:Water
|-ability|p1a: Ogerpon|Embody Aspect (Wellspring)|boost
|-boost|p1a: Ogerpon|spd|1
|move|p2a: Ceruledge|Shadow Sneak|p1a: Ogerpon
|-damage|p1a: Ogerpon|0 fnt
|faint|p1a: Ogerpon
|detailschange|p1: Ogerpon|Ogerpon-Wellspring, F|[silent]
|
|win|MSceptilemyfav
|raw|Efrain.9's rating: 1488 &rarr; <strong>1466</strong><br />(-22 for losing)
|raw|MSceptilemyfav's rating: 1461 &rarr; <strong>1483</strong><br />(+22 for winning)
|l|☆Efrain.9
|player|p1|
|l|☆MSceptilemyfav
|player|p2|
