|html|<div class="broadcast-blue"><strong>[Gen 9] OU is currently suspecting Tera Blast! For information on how to participate check out the <a href="https://www.smogon.com/tools/suspects/view/200">suspect thread</a>.</strong></div>
|j|☆vafafaf
|j|☆thebambi1234
|t:|1776032252
|gametype|singles
|player|p1|vafafaf|170|1618
|player|p2|thebambi1234|blackbelt-gen4dp|1684
|gen|9
|tier|[Gen 9] OU
|rated|
|rule|HP Percentage Mod: HP is shown in percentages
|rule|Endless Battle Clause: Forcing endless battles is banned
|rule|Species Clause: Limit one of each Pokémon
|rule|OHKO Clause: OHKO moves are banned
|rule|Evasion Items Clause: Evasion items are banned
|rule|Evasion Moves Clause: Evasion moves are banned
|rule|Evasion Abilities Clause: Evasion abilities are banned
|rule|Sleep Moves Clause: Sleep-inducing moves are banned
|clearpoke
|poke|p1|Tyranitar, M|
|poke|p1|Excadrill, M|
|poke|p1|Deoxys-Speed|
|poke|p1|Indeedee, M|
|poke|p1|Ogerpon-Cornerstone, F|
|poke|p1|Moltres|
|poke|p2|Gliscor, F|
|poke|p2|Clefable, F|
|poke|p2|Dondozo, M|
|poke|p2|Corviknight, F|
|poke|p2|Blissey, F|
|poke|p2|Glimmora, F|
|teampreview
|inactive|Battle timer is ON: inactive players will automatically lose when time's up. (requested by thebambi1234)
|inactive|vafafaf has 120 seconds left.
|
|t:|1776032293
|teamsize|p1|6
|teamsize|p2|6
|start
|switch|p1a: Indeedee|Indeedee, M|100/100
|switch|p2a: Corviknight|Corviknight, F|100/100
|-fieldstart|move: Psychic Terrain|[from] ability: Psychic Surge|[of] p1a: Indeedee
|-ability|p2a: Corviknight|Pressure
|turn|1
|
|t:|1776032320
|switch|p1a: Moltres|Moltres|100/100
|move|p2a: Corviknight|U-turn|p1a: Moltres
|-resisted|p1a: Moltres
|-damage|p1a: Moltres|98/100
|-status|p2a: Corviknight|brn|[from] ability: Flame Body|[of] p1a: Moltres
|
|t:|1776032331
|switch|p2a: Blissey|Blissey, F|100/100|[from] U-turn
|
|upkeep
|turn|2
|
|t:|1776032339
|move|p1a: Moltres|U-turn|p2a: Blissey
|-damage|p2a: Blissey|69/100
|
|t:|1776032355
|switch|p1a: Excadrill|Excadrill, M|100/100|[from] U-turn
|move|p2a: Blissey|Heal Bell|p2a: Blissey
|-activate|p2a: Blissey|move: Heal Bell
|-curestatus|p2: Corviknight|brn|[msg]
|
|-heal|p2a: Blissey|75/100|[from] item: Leftovers
|upkeep
|turn|3
|
|t:|1776032364
|switch|p1a: Ogerpon|Ogerpon-Cornerstone, F|100/100
|switch|p2a: Corviknight|Corviknight, F|100/100
|-ability|p2a: Corviknight|Pressure
|
|upkeep
|turn|4
|
|t:|1776032371
|switch|p1a: Moltres|Moltres|98/100
|move|p2a: Corviknight|Body Press|p1a: Moltres
|-resisted|p1a: Moltres
|-damage|p1a: Moltres|88/100
|
|upkeep
|turn|5
|
|t:|1776032379
|switch|p2a: Gliscor|Gliscor, F|100/100
|move|p1a: Moltres|U-turn|p2a: Gliscor
|-resisted|p2a: Gliscor
|-damage|p2a: Gliscor|96/100
|inactive|vafafaf has 120 seconds left.
|inactive|vafafaf has 90 seconds left.
|
|t:|1776032445
|switch|p1a: Ogerpon|Ogerpon-Cornerstone, F|100/100|[from] U-turn
|
|-status|p2a: Gliscor|tox|[from] item: Toxic Orb
|upkeep
|turn|6
|
|t:|1776032451
|move|p2a: Gliscor|Protect|p2a: Gliscor
|-singleturn|p2a: Gliscor|Protect
|move|p1a: Ogerpon|Swords Dance|p1a: Ogerpon
|-boost|p1a: Ogerpon|atk|2
|
|-heal|p2a: Gliscor|100/100 tox|[from] ability: Poison Heal
|upkeep
|turn|7
|inactive|vafafaf has 90 seconds left.
|
|t:|1776032460
|switch|p2a: Dondozo|Dondozo, M|100/100
|move|p1a: Ogerpon|Ivy Cudgel|p2a: Dondozo|[anim] Ivy Cudgel Rock
|-crit|p2a: Dondozo
|-damage|p2a: Dondozo|59/100
|
|-heal|p2a: Dondozo|66/100|[from] item: Leftovers
|upkeep
|turn|8
|
|t:|1776032470
|-terastallize|p2a: Dondozo|Dragon
|move|p1a: Ogerpon|Horn Leech|p2a: Dondozo
|-resisted|p2a: Dondozo
|-damage|p2a: Dondozo|55/100
|move|p2a: Dondozo|Rest|p2a: Dondozo
|-status|p2a: Dondozo|slp|[from] move: Rest
|-heal|p2a: Dondozo|100/100 slp|[silent]
|
|-fieldend|move: Psychic Terrain
|upkeep
|turn|9
|inactive|vafafaf has 90 seconds left.
|
|t:|1776032501
|switch|p1a: Indeedee|Indeedee, M|100/100
|-fieldstart|move: Psychic Terrain|[from] ability: Psychic Surge|[of] p1a: Indeedee
|cant|p2a: Dondozo|slp
|move|p2a: Dondozo|Sleep Talk|p2a: Dondozo
|move|p2a: Dondozo|Curse|p2a: Dondozo|[from] move: Sleep Talk
|-unboost|p2a: Dondozo|spe|1
|-boost|p2a: Dondozo|atk|1
|-boost|p2a: Dondozo|def|1
|
|upkeep
|turn|10
|inactive|vafafaf has 60 seconds left.
|
|t:|1776032526
|switch|p1a: Ogerpon|Ogerpon-Cornerstone, F|100/100
|switch|p2a: Blissey|Blissey, F|75/100
|
|-heal|p2a: Blissey|81/100|[from] item: Leftovers
|upkeep
|turn|11
|inactive|vafafaf has 60 seconds left.
|j| samurajen
|inactive|vafafaf has 30 seconds left.
|
|t:|1776032578
|switch|p1a: Deoxys|Deoxys-Speed|100/100
|-ability|p1a: Deoxys|Pressure
|switch|p2a: Dondozo|Dondozo, M, tera:Dragon|100/100 slp
|
|upkeep
|turn|12
|inactive|vafafaf has 30 seconds left.
|inactive|vafafaf has 20 seconds left.
|inactive|vafafaf has 15 seconds left.
|
|t:|1776032601
|switch|p2a: Clefable|Clefable, F|100/100
|move|p1a: Deoxys|Nasty Plot|p1a: Deoxys
|-boost|p1a: Deoxys|spa|2
|
|upkeep
|turn|13
|inactive|vafafaf has 25 seconds left this turn.
|
|t:|1776032605
|move|p1a: Deoxys|Expanding Force|p2a: Clefable
|-damage|p2a: Clefable|38/100
|-damage|p1a: Deoxys|91/100|[from] item: Life Orb
|move|p2a: Clefable|Trick|p1a: Deoxys
|-activate|p2a: Clefable|move: Trick|[of] p1a: Deoxys
|-item|p1a: Deoxys|Choice Scarf|[from] move: Trick
|-item|p2a: Clefable|Life Orb|[from] move: Trick
|
|upkeep
|turn|14
|inactive|vafafaf has 30 seconds left.
|inactive|thebambi1234 has 120 seconds left.
|inactive|thebambi1234 has 90 seconds left.
|
|t:|1776032675
|switch|p2a: Corviknight|Corviknight, F|100/100
|-ability|p2a: Corviknight|Pressure
|move|p1a: Deoxys|Expanding Force|p2a: Corviknight
|-resisted|p2a: Corviknight
|-damage|p2a: Corviknight|26/100
|
|-heal|p2a: Corviknight|32/100|[from] item: Leftovers
|upkeep
|turn|15
|inactive|vafafaf has 30 seconds left.
|
|t:|1776032682
|move|p1a: Deoxys|Expanding Force|p2a: Corviknight
|-resisted|p2a: Corviknight
|-damage|p2a: Corviknight|0 fnt
|faint|p2a: Corviknight
|
|upkeep
|
|t:|1776032686
|switch|p2a: Blissey|Blissey, F|81/100
|turn|16
|
|t:|1776032690
|move|p1a: Deoxys|Expanding Force|p2a: Blissey
|-damage|p2a: Blissey|39/100
|move|p2a: Blissey|Soft-Boiled|p2a: Blissey
|-heal|p2a: Blissey|89/100
|
|-heal|p2a: Blissey|95/100|[from] item: Leftovers
|-fieldend|move: Psychic Terrain
|upkeep
|turn|17
|
|t:|1776032697
|switch|p1a: Tyranitar|Tyranitar, M|100/100
|-weather|Sandstorm|[from] ability: Sand Stream|[of] p1a: Tyranitar
|move|p2a: Blissey|Seismic Toss|p1a: Tyranitar
|-damage|p1a: Tyranitar|76/100
|
|-weather|Sandstorm|[upkeep]
|-damage|p2a: Blissey|89/100|[from] Sandstorm
|-heal|p2a: Blissey|95/100|[from] item: Leftovers
|upkeep
|turn|18
|inactive|thebambi1234 has 120 seconds left.
|
|t:|1776032704
|switch|p2a: Gliscor|Gliscor, F|100/100 tox
|move|p1a: Tyranitar|Stealth Rock|p2a: Gliscor
|-sidestart|p2: thebambi1234|move: Stealth Rock
|
|-weather|Sandstorm|[upkeep]
|upkeep
|turn|19
|inactive|vafafaf has 60 seconds left.
|
|t:|1776032712
|move|p2a: Gliscor|Toxic|p1a: Tyranitar
|-status|p1a: Tyranitar|tox
|move|p1a: Tyranitar|Ice Punch|p2a: Gliscor
|-supereffective|p2a: Gliscor
|-damage|p2a: Gliscor|43/100 tox
|
|-weather|Sandstorm|[upkeep]
|-heal|p2a: Gliscor|55/100 tox|[from] ability: Poison Heal
|-damage|p1a: Tyranitar|70/100 tox|[from] psn
|upkeep
|turn|20
|inactive|vafafaf has 60 seconds left.
|
|t:|1776032725
|switch|p1a: Ogerpon|Ogerpon-Cornerstone, F|100/100
|move|p2a: Gliscor|Protect||[still]
|-fail|p2a: Gliscor
|
|-weather|Sandstorm|[upkeep]
|-heal|p2a: Gliscor|68/100 tox|[from] ability: Poison Heal
|upkeep
|turn|21
|inactive|vafafaf has 60 seconds left.
|
|t:|1776032737
|switch|p1a: Indeedee|Indeedee, M|100/100
|-fieldstart|move: Psychic Terrain|[from] ability: Psychic Surge|[of] p1a: Indeedee
|move|p2a: Gliscor|Toxic|p1a: Indeedee
|-status|p1a: Indeedee|tox
|
|-weather|Sandstorm|[upkeep]
|-damage|p1a: Indeedee|94/100 tox|[from] Sandstorm
|-damage|p1a: Indeedee|88/100 tox|[from] psn
|-heal|p2a: Gliscor|80/100 tox|[from] ability: Poison Heal
|upkeep
|turn|22
|inactive|vafafaf has 60 seconds left.
|
|t:|1776032757
|switch|p1a: Tyranitar|Tyranitar, M|70/100 tox
|move|p2a: Gliscor|Knock Off|p1a: Tyranitar
|-resisted|p1a: Tyranitar
|-damage|p1a: Tyranitar|62/100 tox
|-enditem|p1a: Tyranitar|Smooth Rock|[from] move: Knock Off|[of] p2a: Gliscor
|
|-weather|Sandstorm|[upkeep]
|-heal|p2a: Gliscor|93/100 tox|[from] ability: Poison Heal
|-damage|p1a: Tyranitar|55/100 tox|[from] psn
|upkeep
|turn|23
|inactive|vafafaf has 60 seconds left.
|
|t:|1776032765
|move|p2a: Gliscor|Protect|p2a: Gliscor
|-singleturn|p2a: Gliscor|Protect
|move|p1a: Tyranitar|Taunt|p2a: Gliscor
|-activate|p2a: Gliscor|move: Protect
|
|-weather|Sandstorm|[upkeep]
|-heal|p2a: Gliscor|100/100 tox|[from] ability: Poison Heal
|-damage|p1a: Tyranitar|43/100 tox|[from] psn
|upkeep
|turn|24
|
|t:|1776032770
|move|p2a: Gliscor|Earthquake|p1a: Tyranitar
|-supereffective|p1a: Tyranitar
|-damage|p1a: Tyranitar|0 fnt
|faint|p1a: Tyranitar
|
|-weather|none
|upkeep
|
|t:|1776032778
|switch|p1a: Deoxys|Deoxys-Speed|91/100
|-ability|p1a: Deoxys|Pressure
|turn|25
|
|t:|1776032787
|move|p2a: Gliscor|Protect|p2a: Gliscor
|-singleturn|p2a: Gliscor|Protect
|move|p1a: Deoxys|Expanding Force|p2a: Gliscor
|-activate|p2a: Gliscor|move: Protect
|
|upkeep
|turn|26
|
|t:|1776032790
|switch|p1a: Ogerpon|Ogerpon-Cornerstone, F|100/100
|switch|p2a: Blissey|Blissey, F|95/100
|-damage|p2a: Blissey|82/100|[from] Stealth Rock
|
|-heal|p2a: Blissey|88/100|[from] item: Leftovers
|upkeep
|turn|27
|
|t:|1776032802
|switch|p2a: Dondozo|Dondozo, M, tera:Dragon|100/100 slp
|-damage|p2a: Dondozo|88/100 slp|[from] Stealth Rock
|move|p1a: Ogerpon|Ivy Cudgel|p2a: Dondozo|[anim] Ivy Cudgel Rock
|-damage|p2a: Dondozo|62/100 slp
|
|-heal|p2a: Dondozo|68/100 slp|[from] item: Leftovers
|upkeep
|turn|28
|
|t:|1776032812
|switch|p1a: Deoxys|Deoxys-Speed|91/100
|-ability|p1a: Deoxys|Pressure
|cant|p2a: Dondozo|slp
|move|p2a: Dondozo|Sleep Talk|p2a: Dondozo
|move|p2a: Dondozo|Curse|p2a: Dondozo|[from] move: Sleep Talk
|-unboost|p2a: Dondozo|spe|1
|-boost|p2a: Dondozo|atk|1
|-boost|p2a: Dondozo|def|1
|
|-heal|p2a: Dondozo|74/100 slp|[from] item: Leftovers
|-fieldend|move: Psychic Terrain
|upkeep
|turn|29
|inactive|vafafaf has 90 seconds left.
|
|t:|1776032838
|switch|p2a: Gliscor|Gliscor, F|100/100 tox
|-damage|p2a: Gliscor|88/100 tox|[from] Stealth Rock
|move|p1a: Deoxys|Expanding Force|p2a: Gliscor
|-damage|p2a: Gliscor|45/100 tox
|
|-heal|p2a: Gliscor|57/100 tox|[from] ability: Poison Heal
|upkeep
|turn|30
|inactive|vafafaf has 60 seconds left.
|
|t:|1776032873
|move|p1a: Deoxys|Expanding Force|p2a: Gliscor
|-damage|p2a: Gliscor|15/100 tox
|move|p2a: Gliscor|Earthquake|p1a: Deoxys
|-damage|p1a: Deoxys|38/100
|
|-heal|p2a: Gliscor|27/100 tox|[from] ability: Poison Heal
|upkeep
|turn|31
|inactive|vafafaf has 30 seconds left.
|
|t:|1776032903
|switch|p1a: Indeedee|Indeedee, M|88/100 tox
|-fieldstart|move: Psychic Terrain|[from] ability: Psychic Surge|[of] p1a: Indeedee
|move|p2a: Gliscor|Protect||[still]
|-fail|p2a: Gliscor
|
|-damage|p1a: Indeedee|82/100 tox|[from] psn
|-heal|p2a: Gliscor|39/100 tox|[from] ability: Poison Heal
|upkeep
|turn|32
|inactive|vafafaf has 30 seconds left.
|
|t:|1776032916
|move|p2a: Gliscor|Protect|p2a: Gliscor
|-singleturn|p2a: Gliscor|Protect
|move|p1a: Indeedee|Expanding Force|p2a: Gliscor
|-activate|p2a: Gliscor|move: Protect
|
|-damage|p1a: Indeedee|70/100 tox|[from] psn
|-heal|p2a: Gliscor|52/100 tox|[from] ability: Poison Heal
|upkeep
|turn|33
|inactive|vafafaf has 30 seconds left.
|
|t:|1776032934
|switch|p1a: Ogerpon|Ogerpon-Cornerstone, F|100/100
|switch|p2a: Blissey|Blissey, F|88/100
|-damage|p2a: Blissey|76/100|[from] Stealth Rock
|
|-heal|p2a: Blissey|82/100|[from] item: Leftovers
|upkeep
|turn|34
|inactive|vafafaf has 30 seconds left.
|
|t:|1776032941
|switch|p2a: Dondozo|Dondozo, M, tera:Dragon|74/100 slp
|-damage|p2a: Dondozo|61/100 slp|[from] Stealth Rock
|-terastallize|p1a: Ogerpon|Rock
|detailschange|p1a: Ogerpon|Ogerpon-Cornerstone-Tera, F, tera:Rock
|-ability|p1a: Ogerpon|Embody Aspect (Cornerstone)|boost
|-boost|p1a: Ogerpon|def|1
|move|p1a: Ogerpon|Ivy Cudgel|p2a: Dondozo|[anim] Ivy Cudgel Rock
|-damage|p2a: Dondozo|27/100 slp
|
|-heal|p2a: Dondozo|33/100 slp|[from] item: Leftovers
|upkeep
|turn|35
|inactive|vafafaf has 30 seconds left.
|
|t:|1776032956
|move|p1a: Ogerpon|Ivy Cudgel|p2a: Dondozo|[anim] Ivy Cudgel Rock
|-damage|p2a: Dondozo|0 fnt
|faint|p2a: Dondozo
|
|upkeep
|
|t:|1776032960
|switch|p2a: Glimmora|Glimmora, F|100/100
|-damage|p2a: Glimmora|88/100|[from] Stealth Rock
|turn|36
|inactive|vafafaf has 30 seconds left.
|c|☆vafafaf|!stats glimmor
'glimmor' has no exact match. Approximate match:
|c|☆vafafaf|/raw <div class="message"><ul class="utilichart"><li class="result"><span class="col numcol">OU</span> <span class="col iconcol"><psicon pokemon="glimmora"/></span> <span class="col pokemonnamecol" style="white-space:nowrap"><a href="https://dex.pokemonshowdown.com/pokemon/glimmora" target="_blank">Glimmora</a></span> <span class="col typecol"><img src="https://play.pokemonshowdown.com/sprites/types/Rock.png" alt="Rock" height="14" width="32"><img src="https://play.pokemonshowdown.com/sprites/types/Poison.png" alt="Poison" height="14" width="32"></span> <span style="float:left;min-height:26px"><span class="col abilitycol">Toxic Debris</span><span class="col abilitycol"><em>Corrosion</em></span></span><span style="float:left;min-height:26px"><span class="col statcol"><em>HP</em><br />83</span> <span class="col statcol"><em>Atk</em><br />55</span> <span class="col statcol"><em>Def</em><br />90</span> <span class="col statcol"><em>SpA</em><br />130</span> <span class="col statcol"><em>SpD</em><br />81</span> <span class="col statcol"><em>Spe</em><br />86</span> <span class="col bstcol"><em>BST<br />525</em></span> </span></li><li style="clear:both"></li></ul></div>

|inactive|vafafaf has 20 seconds left.
|
|t:|1776032988
|switch|p1a: Deoxys|Deoxys-Speed|38/100
|-ability|p1a: Deoxys|Pressure
|move|p2a: Glimmora|Toxic|p1a: Deoxys
|-status|p1a: Deoxys|tox
|
|-heal|p2a: Glimmora|94/100|[from] item: Leftovers
|-damage|p1a: Deoxys|32/100 tox|[from] psn
|upkeep
|turn|37
|inactive|vafafaf has 30 seconds left this turn.
|
|t:|1776032995
|move|p2a: Glimmora|Spiky Shield|p2a: Glimmora
|-singleturn|p2a: Glimmora|move: Protect
|move|p1a: Deoxys|Expanding Force|p2a: Glimmora
|-activate|p2a: Glimmora|move: Protect
|
|-heal|p2a: Glimmora|100/100|[from] item: Leftovers
|-damage|p1a: Deoxys|20/100 tox|[from] psn
|upkeep
|turn|38
|inactive|vafafaf has 30 seconds left.
|
|t:|1776033009
|move|p1a: Deoxys|Expanding Force|p2a: Glimmora
|-supereffective|p2a: Glimmora
|-damage|p2a: Glimmora|0 fnt
|faint|p2a: Glimmora
|
|-damage|p1a: Deoxys|1/100 tox|[from] psn
|-fieldend|move: Psychic Terrain
|upkeep
|-message|thebambi1234 forfeited.
|
|win|vafafaf
|raw|vafafaf's rating: 1618 &rarr; <strong>1642</strong><br />(+24 for winning)
|raw|thebambi1234's rating: 1684 &rarr; <strong>1660</strong><br />(-24 for losing)
|l|☆thebambi1234
|player|p2|
|l|☆vafafaf
|player|p1|
