|html|<div class="broadcast-blue"><strong>[Gen 9] OU is currently suspecting Tera Blast! For information on how to participate check out the <a href="https://www.smogon.com/tools/suspects/view/200">suspect thread</a>.</strong></div>
|j|☆darkmaskedman
|j|☆alttesting124n
|t:|1776085785
|gametype|singles
|player|p1|darkmaskedman|flannery|1386
|player|p2|alttesting124n|266|1472
|gen|9
|tier|[Gen 9] OU
|rated|
|rule|HP Percentage Mod: HP is shown in percentages
|rule|Endless Battle Clause: Forcing endless battles is banned
|rule|Species Clause: Limit one of each Pokémon
|rule|OHKO Clause: OHKO moves are banned
|rule|Evasion Items Clause: Evasion items are banned
|rule|Evasion Moves Clause: Evasion moves are banned
|rule|Evasion Abilities Clause: Evasion abilities are banned
|rule|Sleep Moves Clause: Sleep-inducing moves are banned
|clearpoke
|poke|p1|Ogerpon, F|
|poke|p1|Alomomola, M|
|poke|p1|Ting-Lu|
|poke|p1|Gholdengo|
|poke|p1|Darkrai|
|poke|p1|Lucario, F|
|poke|p2|Rillaboom, F|
|poke|p2|Zapdos|
|poke|p2|Dragapult, M|
|poke|p2|Heatran, F|
|poke|p2|Great Tusk|
|poke|p2|Weezing-Galar, F|
|teampreview
|inactive|Battle timer is ON: inactive players will automatically lose when time's up. (requested by alttesting124n)
|inactive|darkmaskedman also wants the timer to be on.
|
|t:|1776085792
|teamsize|p1|6
|teamsize|p2|6
|start
|switch|p1a: Ting-Lu|Ting-Lu|100/100
|switch|p2a: Dragapult|Dragapult, M|100/100
|-ability|p1a: Ting-Lu|Vessel of Ruin
|turn|1
|
|t:|1776085795
|move|p2a: Dragapult|U-turn|p1a: Ting-Lu
|-supereffective|p1a: Ting-Lu
|-damage|p1a: Ting-Lu|87/100
|-damage|p2a: Dragapult|84/100|[from] item: Rocky Helmet|[of] p1a: Ting-Lu
|
|t:|1776085798
|switch|p2a: Rillaboom|Rillaboom, F, shiny|100/100|[from] U-turn
|-fieldstart|move: Grassy Terrain|[from] ability: Grassy Surge|[of] p2a: Rillaboom
|move|p1a: Ting-Lu|Stealth Rock|p2a: Rillaboom
|-sidestart|p2: alttesting124n|move: Stealth Rock
|
|-heal|p1a: Ting-Lu|93/100|[from] Grassy Terrain
|upkeep
|turn|2
|
|t:|1776085806
|move|p2a: Rillaboom|Knock Off|p1a: Ting-Lu
|-resisted|p1a: Ting-Lu
|-damage|p1a: Ting-Lu|83/100
|-damage|p2a: Rillaboom|84/100|[from] item: Rocky Helmet|[of] p1a: Ting-Lu
|-enditem|p1a: Ting-Lu|Rocky Helmet|[from] move: Knock Off|[of] p2a: Rillaboom
|move|p1a: Ting-Lu|Spikes|p2a: Rillaboom
|-sidestart|p2: alttesting124n|Spikes
|
|-heal|p2a: Rillaboom|90/100|[from] Grassy Terrain
|-heal|p1a: Ting-Lu|89/100|[from] Grassy Terrain
|upkeep
|turn|3
|
|t:|1776085810
|switch|p2a: Weezing|Weezing-Galar, F, shiny|100/100
|-ability|p2a: Weezing|Neutralizing Gas
|-damage|p2a: Weezing|88/100|[from] Stealth Rock
|-damage|p2a: Weezing|76/100|[from] Spikes
|move|p1a: Ting-Lu|Spikes|p2a: Weezing
|-sidestart|p2: alttesting124n|Spikes
|
|-heal|p2a: Weezing|82/100|[from] Grassy Terrain
|-heal|p2a: Weezing|88/100|[from] item: Leftovers
|-heal|p1a: Ting-Lu|95/100|[from] Grassy Terrain
|upkeep
|turn|4
|
|t:|1776085819
|move|p2a: Weezing|Will-O-Wisp|p1a: Ting-Lu
|-status|p1a: Ting-Lu|brn
|move|p1a: Ting-Lu|Earthquake|p2a: Weezing
|-supereffective|p2a: Weezing
|-damage|p2a: Weezing|76/100
|
|-heal|p2a: Weezing|82/100|[from] Grassy Terrain
|-heal|p2a: Weezing|88/100|[from] item: Leftovers
|-heal|p1a: Ting-Lu|100/100 brn|[from] Grassy Terrain
|-damage|p1a: Ting-Lu|94/100 brn|[from] brn
|upkeep
|turn|5
|
|t:|1776085828
|switch|p1a: Darkrai|Darkrai, shiny|100/100
|move|p2a: Weezing|Defog|p1a: Darkrai
|-unboost|p1a: Darkrai|evasion|1
|-sideend|p2: alttesting124n|Spikes|[from] move: Defog|[of] p2a: Weezing
|-sideend|p2: alttesting124n|Stealth Rock|[from] move: Defog|[of] p2a: Weezing
|-fieldend|move: Grassy Terrain
|
|-heal|p2a: Weezing|94/100|[from] item: Leftovers
|upkeep
|turn|6
|
|t:|1776085832
|move|p1a: Darkrai|Psychic|p2a: Weezing
|-supereffective|p2a: Weezing
|-damage|p2a: Weezing|0 fnt
|faint|p2a: Weezing
|-end|p2a: Weezing|ability: Neutralizing Gas
|
|upkeep
|
|t:|1776085842
|switch|p2a: Rillaboom|Rillaboom, F, shiny|90/100
|-fieldstart|move: Grassy Terrain|[from] ability: Grassy Surge|[of] p2a: Rillaboom
|turn|7
|
|t:|1776085845
|switch|p1a: Ting-Lu|Ting-Lu|94/100 brn
|-ability|p1a: Ting-Lu|Vessel of Ruin
|move|p2a: Rillaboom|U-turn|p1a: Ting-Lu
|-supereffective|p1a: Ting-Lu
|-crit|p1a: Ting-Lu
|-damage|p1a: Ting-Lu|46/100 brn
|
|t:|1776085854
|switch|p2a: Dragapult|Dragapult, M|84/100|[from] U-turn
|
|-heal|p2a: Dragapult|90/100|[from] Grassy Terrain
|-heal|p1a: Ting-Lu|52/100 brn|[from] Grassy Terrain
|-damage|p1a: Ting-Lu|46/100 brn|[from] brn
|upkeep
|turn|8
|
|t:|1776085858
|move|p2a: Dragapult|Draco Meteor|p1a: Ting-Lu
|-damage|p1a: Ting-Lu|0 fnt
|-unboost|p2a: Dragapult|spa|2
|faint|p1a: Ting-Lu
|
|-heal|p2a: Dragapult|96/100|[from] Grassy Terrain
|upkeep
|
|t:|1776085872
|switch|p1a: Darkrai|Darkrai, shiny|100/100
|turn|9
|
|t:|1776085875
|switch|p2a: Heatran|Heatran, F|100/100
|move|p1a: Darkrai|Dark Pulse|p2a: Heatran
|-damage|p2a: Heatran|76/100
|
|-heal|p2a: Heatran|82/100|[from] Grassy Terrain
|-heal|p2a: Heatran|88/100|[from] item: Leftovers
|upkeep
|turn|10
|
|t:|1776085880
|switch|p1a: Alomomola|Alomomola, M, shiny|100/100
|move|p2a: Heatran|Magma Storm|p1a: Alomomola
|-resisted|p1a: Alomomola
|-damage|p1a: Alomomola|73/100
|-activate|p1a: Alomomola|move: Magma Storm|[of] p2a: Heatran
|
|-heal|p2a: Heatran|94/100|[from] Grassy Terrain
|-heal|p2a: Heatran|100/100|[from] item: Leftovers
|-heal|p1a: Alomomola|79/100|[from] Grassy Terrain
|-damage|p1a: Alomomola|67/100|[from] move: Magma Storm|[partiallytrapped]
|upkeep
|turn|11
|
|t:|1776085883
|move|p2a: Heatran|Stealth Rock|p1a: Alomomola
|-sidestart|p1: darkmaskedman|move: Stealth Rock
|move|p1a: Alomomola|Flip Turn|p2a: Heatran
|-supereffective|p2a: Heatran
|-damage|p2a: Heatran|74/100
|
|t:|1776085885
|switch|p1a: Lucario|Lucario, F, shiny|100/100|[from] Flip Turn
|-damage|p1a: Lucario|98/100|[from] Stealth Rock
|
|-heal|p1a: Lucario|100/100|[from] Grassy Terrain
|-heal|p2a: Heatran|80/100|[from] Grassy Terrain
|-heal|p2a: Heatran|86/100|[from] item: Leftovers
|-fieldend|move: Grassy Terrain
|upkeep
|turn|12
|
|t:|1776085888
|switch|p2a: Zapdos|Zapdos|100/100
|move|p1a: Lucario|Earthquake|p2a: Zapdos
|-immune|p2a: Zapdos
|
|upkeep
|turn|13
|
|t:|1776085893
|switch|p1a: Ogerpon|Ogerpon, F|100/100
|move|p2a: Zapdos|Thunder Wave|p1a: Ogerpon|[miss]
|-miss|p2a: Zapdos|p1a: Ogerpon
|
|upkeep
|turn|14
|
|t:|1776085897
|move|p1a: Ogerpon|U-turn|p2a: Zapdos
|-resisted|p2a: Zapdos
|-damage|p2a: Zapdos|93/100
|
|t:|1776085903
|switch|p1a: Gholdengo|Gholdengo|100/100|[from] U-turn
|-damage|p1a: Gholdengo|94/100|[from] Stealth Rock
|-item|p1a: Gholdengo|Air Balloon
|move|p2a: Zapdos|Hurricane|p1a: Gholdengo|[miss]
|-miss|p2a: Zapdos|p1a: Gholdengo
|
|upkeep
|turn|15
|
|t:|1776085912
|move|p2a: Zapdos|Volt Switch|p1a: Gholdengo
|-damage|p1a: Gholdengo|63/100
|-enditem|p1a: Gholdengo|Air Balloon
|
|t:|1776085915
|switch|p2a: Heatran|Heatran, F|86/100|[from] Volt Switch
|move|p1a: Gholdengo|Nasty Plot|p1a: Gholdengo
|-boost|p1a: Gholdengo|spa|2
|
|-heal|p2a: Heatran|93/100|[from] item: Leftovers
|upkeep
|turn|16
|
|t:|1776085920
|move|p1a: Gholdengo|Shadow Ball|p2a: Heatran
|-damage|p2a: Heatran|35/100
|move|p2a: Heatran|Magma Storm|p1a: Gholdengo
|-supereffective|p1a: Gholdengo
|-damage|p1a: Gholdengo|0 fnt
|faint|p1a: Gholdengo
|
|-heal|p2a: Heatran|41/100|[from] item: Leftovers
|upkeep
|
|t:|1776085928
|switch|p1a: Lucario|Lucario, F, shiny|100/100
|-damage|p1a: Lucario|98/100|[from] Stealth Rock
|turn|17
|
|t:|1776085933
|move|p1a: Lucario|Close Combat|p2a: Heatran
|-supereffective|p2a: Heatran
|-damage|p2a: Heatran|0 fnt
|-unboost|p1a: Lucario|def|1
|-unboost|p1a: Lucario|spd|1
|faint|p2a: Heatran
|
|upkeep
|
|t:|1776085937
|switch|p2a: Dragapult|Dragapult, M|96/100
|turn|18
|
|t:|1776085942
|switch|p1a: Alomomola|Alomomola, M, shiny|99/100
|move|p2a: Dragapult|Draco Meteor|p1a: Alomomola
|-damage|p1a: Alomomola|0 fnt
|-unboost|p2a: Dragapult|spa|2
|faint|p1a: Alomomola
|
|upkeep
|
|t:|1776085947
|switch|p1a: Darkrai|Darkrai, shiny|100/100
|-damage|p1a: Darkrai|88/100|[from] Stealth Rock
|turn|19
|
|t:|1776085951
|move|p1a: Darkrai|Ice Beam|p2a: Dragapult
|-supereffective|p2a: Dragapult
|-damage|p2a: Dragapult|2/100
|move|p2a: Dragapult|Draco Meteor|p1a: Darkrai
|-damage|p1a: Darkrai|31/100
|-unboost|p2a: Dragapult|spa|2
|
|upkeep
|turn|20
|
|t:|1776085954
|move|p1a: Darkrai|Ice Beam|p2a: Dragapult
|-supereffective|p2a: Dragapult
|-damage|p2a: Dragapult|0 fnt
|faint|p2a: Dragapult
|
|upkeep
|
|t:|1776085963
|switch|p2a: Great Tusk|Great Tusk, shiny|100/100
|-enditem|p2a: Great Tusk|Booster Energy
|-activate|p2a: Great Tusk|ability: Protosynthesis|[fromitem]
|-start|p2a: Great Tusk|protosynthesisspe
|turn|21
|
|t:|1776085965
|-terastallize|p2a: Great Tusk|Ice
|move|p1a: Darkrai|Ice Beam|p2a: Great Tusk
|-resisted|p2a: Great Tusk
|-damage|p2a: Great Tusk|80/100
|move|p2a: Great Tusk|Rapid Spin|p1a: Darkrai
|-damage|p1a: Darkrai|11/100
|-boost|p2a: Great Tusk|spe|1
|
|upkeep
|turn|22
|
|t:|1776085969
|move|p2a: Great Tusk|Bulk Up|p2a: Great Tusk
|-boost|p2a: Great Tusk|atk|1
|-boost|p2a: Great Tusk|def|1
|move|p1a: Darkrai|Ice Beam|p2a: Great Tusk
|-resisted|p2a: Great Tusk
|-damage|p2a: Great Tusk|60/100
|
|upkeep
|turn|23
|
|t:|1776085972
|move|p2a: Great Tusk|Rapid Spin|p1a: Darkrai
|-damage|p1a: Darkrai|0 fnt
|-boost|p2a: Great Tusk|spe|1
|faint|p1a: Darkrai
|
|upkeep
|
|t:|1776085974
|switch|p1a: Ogerpon|Ogerpon, F|100/100
|turn|24
|
|t:|1776085979
|-terastallize|p1a: Ogerpon|Grass
|detailschange|p1a: Ogerpon|Ogerpon-Teal-Tera, F, tera:Grass
|-ability|p1a: Ogerpon|Embody Aspect (Teal)|boost
|-boost|p1a: Ogerpon|spe|1
|move|p2a: Great Tusk|Ice Spinner|p1a: Ogerpon
|-supereffective|p1a: Ogerpon
|-damage|p1a: Ogerpon|0 fnt
|faint|p1a: Ogerpon
|detailschange|p1: Ogerpon|Ogerpon, F|[silent]
|
|upkeep
|
|t:|1776085984
|switch|p1a: Lucario|Lucario, F, shiny|98/100
|-damage|p1a: Lucario|95/100|[from] Stealth Rock
|turn|25
|-message|darkmaskedman forfeited.
|
|win|alttesting124n
|raw|darkmaskedman's rating: 1386 &rarr; <strong>1371</strong><br />(-15 for losing)
|raw|alttesting124n's rating: 1472 &rarr; <strong>1487</strong><br />(+15 for winning)
|l|☆darkmaskedman
|player|p1|
|c|☆alttesting124n|why didnt you tera lucar
|l|☆alttesting124n
|player|p2|
