|html|<div class="broadcast-blue"><strong>[Gen 9] OU is currently suspecting Tera Blast! For information on how to participate check out the <a href="https://www.smogon.com/tools/suspects/view/200">suspect thread</a>.</strong></div>
|j|☆goodgoodcush
|j|☆alalei
|t:|1776054511
|gametype|singles
|player|p1|goodgoodcush|101|1356
|player|p2|alalei|102|1356
|gen|9
|tier|[Gen 9] OU
|rated|
|rule|HP Percentage Mod: HP is shown in percentages
|rule|Endless Battle Clause: Forcing endless battles is banned
|rule|Species Clause: Limit one of each Pokémon
|rule|OHKO Clause: OHKO moves are banned
|rule|Evasion Items Clause: Evasion items are banned
|rule|Evasion Moves Clause: Evasion moves are banned
|rule|Evasion Abilities Clause: Evasion abilities are banned
|rule|Sleep Moves Clause: Sleep-inducing moves are banned
|clearpoke
|poke|p1|Dragonite, M|
|poke|p1|Latias, F|
|poke|p1|Maushold-Four|
|poke|p1|Grimmsnarl, M|
|poke|p1|Manaphy|
|poke|p1|Kingambit, F|
|poke|p2|Rillaboom, M|
|poke|p2|Alomomola, M|
|poke|p2|Raging Bolt|
|poke|p2|Iron Treads|
|poke|p2|Slowking-Galar, M|
|poke|p2|Ogerpon-Wellspring, F|
|teampreview
|inactive|Battle timer is ON: inactive players will automatically lose when time's up. (requested by goodgoodcush)
|
|t:|1776054527
|teamsize|p1|6
|teamsize|p2|6
|start
|switch|p1a: Grimmsnarl|Grimmsnarl, M|100/100
|switch|p2a: Rillaboom|Rillaboom, M|100/100
|-fieldstart|move: Grassy Terrain|[from] ability: Grassy Surge|[of] p2a: Rillaboom
|turn|1
|
|t:|1776054537
|move|p1a: Grimmsnarl|Reflect|p1a: Grimmsnarl
|-sidestart|p1: goodgoodcush|Reflect
|move|p2a: Rillaboom|U-turn|p1a: Grimmsnarl
|-damage|p1a: Grimmsnarl|75/100
|
|t:|1776054542
|switch|p2a: Iron Treads|Iron Treads|100/100|[from] U-turn
|
|-heal|p1a: Grimmsnarl|81/100|[from] Grassy Terrain
|upkeep
|turn|2
|
|t:|1776054555
|move|p1a: Grimmsnarl|Light Screen|p1a: Grimmsnarl
|-sidestart|p1: goodgoodcush|move: Light Screen
|move|p2a: Iron Treads|Iron Head|p1a: Grimmsnarl
|-supereffective|p1a: Grimmsnarl
|-damage|p1a: Grimmsnarl|32/100
|
|-heal|p1a: Grimmsnarl|39/100|[from] Grassy Terrain
|upkeep
|turn|3
|
|t:|1776054563
|move|p1a: Grimmsnarl|Parting Shot|p2a: Iron Treads
|-unboost|p2a: Iron Treads|atk|1
|-unboost|p2a: Iron Treads|spa|1
|
|t:|1776054566
|switch|p1a: Latias|Latias, F|100/100|[from] Parting Shot
|move|p2a: Iron Treads|Volt Switch|p1a: Latias
|-resisted|p1a: Latias
|-damage|p1a: Latias|99/100
|
|t:|1776054574
|-end|p2a: Iron Treads|Quark Drive|[silent]
|switch|p2a: Slowking|Slowking-Galar, M|100/100|[from] Volt Switch
|
|upkeep
|turn|4
|
|t:|1776054578
|move|p1a: Latias|Agility|p1a: Latias
|-boost|p1a: Latias|spe|2
|move|p2a: Slowking|Future Sight|p1a: Latias
|-start|p2a: Slowking|move: Future Sight
|
|upkeep
|turn|5
|
|t:|1776054583
|move|p1a: Latias|Calm Mind|p1a: Latias
|-boost|p1a: Latias|spa|1
|-boost|p1a: Latias|spd|1
|move|p2a: Slowking|Thunder Wave|p1a: Latias
|-status|p1a: Latias|par
|
|-fieldend|move: Grassy Terrain
|upkeep
|turn|6
|
|t:|1776054589
|move|p1a: Latias|Agility|p1a: Latias
|-boost|p1a: Latias|spe|2
|-prepare|p2a: Slowking|Chilly Reception|[premajor]
|move|p2a: Slowking|Chilly Reception|p2a: Slowking
|-weather|Snowscape
|
|t:|1776054592
|switch|p2a: Rillaboom|Rillaboom, M|100/100|[from] Chilly Reception
|-fieldstart|move: Grassy Terrain|[from] ability: Grassy Surge|[of] p2a: Rillaboom
|
|-weather|Snowscape|[upkeep]
|-end|p1a: Latias|move: Future Sight
|-resisted|p1a: Latias
|-damage|p1a: Latias|93/100 par
|upkeep
|turn|7
|
|t:|1776054595
|cant|p1a: Latias|par
|move|p2a: Rillaboom|U-turn|p1a: Latias
|-supereffective|p1a: Latias
|-damage|p1a: Latias|56/100 par
|-enditem|p1a: Latias|Weakness Policy
|-boost|p1a: Latias|atk|2|[from] item: Weakness Policy
|-boost|p1a: Latias|spa|2|[from] item: Weakness Policy
|
|t:|1776054606
|switch|p2a: Iron Treads|Iron Treads|100/100|[from] U-turn
|
|-weather|Snowscape|[upkeep]
|upkeep
|turn|8
|
|t:|1776054610
|move|p1a: Latias|Stored Power|p2a: Iron Treads
|-resisted|p2a: Iron Treads
|-damage|p2a: Iron Treads|0 fnt
|faint|p2a: Iron Treads
|-end|p2a: Iron Treads|Quark Drive|[silent]
|
|-weather|Snowscape|[upkeep]
|-sideend|p1: goodgoodcush|Reflect
|upkeep
|
|t:|1776054617
|switch|p2a: Raging Bolt|Raging Bolt|100/100
|turn|9
|
|t:|1776054621
|move|p1a: Latias|Stored Power|p2a: Raging Bolt
|-damage|p2a: Raging Bolt|0 fnt
|faint|p2a: Raging Bolt
|-end|p2a: Raging Bolt|Protosynthesis|[silent]
|
|-weather|Snowscape|[upkeep]
|-sideend|p1: goodgoodcush|move: Light Screen
|upkeep
|
|t:|1776054626
|switch|p2a: Slowking|Slowking-Galar, M|100/100
|turn|10
|
|t:|1776054629
|move|p1a: Latias|Stored Power|p2a: Slowking
|-damage|p2a: Slowking|0 fnt
|faint|p2a: Slowking
|
|-weather|none
|-fieldend|move: Grassy Terrain
|upkeep
|
|t:|1776054632
|switch|p2a: Rillaboom|Rillaboom, M|100/100
|-fieldstart|move: Grassy Terrain|[from] ability: Grassy Surge|[of] p2a: Rillaboom
|turn|11
|
|t:|1776054640
|move|p2a: Rillaboom|Grassy Glide|p1a: Latias
|-resisted|p1a: Latias
|-crit|p1a: Latias
|-damage|p1a: Latias|9/100 par
|cant|p1a: Latias|par
|
|upkeep
|turn|12
|
|t:|1776054645
|move|p2a: Rillaboom|Grassy Glide|p1a: Latias
|-resisted|p1a: Latias
|-damage|p1a: Latias|0 fnt
|faint|p1a: Latias
|
|upkeep
|
|t:|1776054648
|switch|p1a: Dragonite|Dragonite, M|100/100
|turn|13
|
|t:|1776054652
|switch|p2a: Alomomola|Alomomola, M|100/100
|move|p1a: Dragonite|Dragon Dance|p1a: Dragonite
|-boost|p1a: Dragonite|atk|1
|-boost|p1a: Dragonite|spe|1
|
|upkeep
|turn|14
|
|t:|1776054657
|move|p1a: Dragonite|Dragon Dance|p1a: Dragonite
|-boost|p1a: Dragonite|atk|1
|-boost|p1a: Dragonite|spe|1
|move|p2a: Alomomola|Scald|p1a: Dragonite
|-resisted|p1a: Dragonite
|-damage|p1a: Dragonite|97/100
|
|upkeep
|turn|15
|
|t:|1776054664
|move|p1a: Dragonite|Dragon Dance|p1a: Dragonite
|-boost|p1a: Dragonite|atk|1
|-boost|p1a: Dragonite|spe|1
|move|p2a: Alomomola|Scald|p1a: Dragonite
|-resisted|p1a: Dragonite
|-damage|p1a: Dragonite|89/100
|
|-fieldend|move: Grassy Terrain
|upkeep
|turn|16
|
|t:|1776054673
|move|p1a: Dragonite|Dragon Dance|p1a: Dragonite
|-boost|p1a: Dragonite|atk|1
|-boost|p1a: Dragonite|spe|1
|move|p2a: Alomomola|Scald|p1a: Dragonite
|-resisted|p1a: Dragonite
|-damage|p1a: Dragonite|81/100
|
|upkeep
|turn|17
|-message|alalei forfeited.
|
|win|goodgoodcush
|raw|goodgoodcush's rating: 1356 &rarr; <strong>1376</strong><br />(+20 for winning)
|raw|alalei's rating: 1356 &rarr; <strong>1336</strong><br />(-20 for losing)
|l|☆alalei
|player|p2|
|l|☆goodgoodcush
|player|p1|
