|html|<div class="broadcast-blue"><strong>[Gen 9] OU is currently suspecting Tera Blast! For information on how to participate check out the <a href="https://www.smogon.com/tools/suspects/view/200">suspect thread</a>.</strong></div>
|j|☆treeshhhh
|j|☆Mgreutman
|t:|1776043929
|gametype|singles
|player|p1|treeshhhh|170|1419
|player|p2|Mgreutman|1|1438
|gen|9
|tier|[Gen 9] OU
|rated|
|rule|HP Percentage Mod: HP is shown in percentages
|rule|Endless Battle Clause: Forcing endless battles is banned
|rule|Species Clause: Limit one of each Pokémon
|rule|OHKO Clause: OHKO moves are banned
|rule|Evasion Items Clause: Evasion items are banned
|rule|Evasion Moves Clause: Evasion moves are banned
|rule|Evasion Abilities Clause: Evasion abilities are banned
|rule|Sleep Moves Clause: Sleep-inducing moves are banned
|clearpoke
|poke|p1|Slowking-Galar, F|
|poke|p1|Tornadus-Therian, M|
|poke|p1|Cinderace, M|
|poke|p1|Lokix, F|
|poke|p1|Hydrapple, M|
|poke|p1|Great Tusk|
|poke|p2|Samurott-Hisui, M|
|poke|p2|Zapdos|
|poke|p2|Iron Treads|
|poke|p2|Ceruledge, M|
|poke|p2|Gholdengo|
|poke|p2|Kingambit, M|
|teampreview
|
|t:|1776043940
|teamsize|p1|6
|teamsize|p2|6
|start
|switch|p1a: Lokix|Lokix, F|100/100
|switch|p2a: Samurott|Samurott-Hisui, M|100/100
|turn|1
|
|t:|1776043948
|move|p1a: Lokix|U-turn|p2a: Samurott
|-supereffective|p2a: Samurott
|-damage|p2a: Samurott|0 fnt
|faint|p2a: Samurott
|inactive|Battle timer is ON: inactive players will automatically lose when time's up. (requested by treeshhhh)
|
|t:|1776043968
|switch|p1a: Tornadus|Tornadus-Therian, M|100/100|[from] U-turn
|
|upkeep
|
|t:|1776043972
|switch|p2a: Zapdos|Zapdos|100/100
|turn|2
|
|t:|1776043978
|switch|p1a: Slowking|Slowking-Galar, F|100/100
|move|p2a: Zapdos|Thunder Wave|p1a: Slowking|[miss]
|-miss|p2a: Zapdos|p1a: Slowking
|
|upkeep
|turn|3
|
|t:|1776043985
|move|p2a: Zapdos|Volt Switch|p1a: Slowking
|-damage|p1a: Slowking|78/100
|
|t:|1776043990
|switch|p2a: Ceruledge|Ceruledge, M|100/100|[from] Volt Switch
|-prepare|p1a: Slowking|Chilly Reception|[premajor]
|move|p1a: Slowking|Chilly Reception|p1a: Slowking
|-weather|Snowscape
|
|t:|1776043999
|switch|p1a: Great Tusk|Great Tusk|100/100|[from] Chilly Reception
|
|-weather|Snowscape|[upkeep]
|upkeep
|turn|4
|
|t:|1776044009
|-terastallize|p2a: Ceruledge|Fairy
|move|p1a: Great Tusk|Earthquake|p2a: Ceruledge
|-damage|p2a: Ceruledge|46/100
|-ability|p2a: Ceruledge|Weak Armor|boost
|-unboost|p2a: Ceruledge|def|1
|-boost|p2a: Ceruledge|spe|2
|move|p2a: Ceruledge|Poltergeist|p1a: Great Tusk
|-activate|p1a: Great Tusk|move: Poltergeist|Rocky Helmet
|-damage|p1a: Great Tusk|62/100
|
|-weather|Snowscape|[upkeep]
|upkeep
|turn|5
|
|t:|1776044022
|move|p2a: Ceruledge|Bitter Blade|p1a: Great Tusk
|-damage|p1a: Great Tusk|29/100
|-heal|p2a: Ceruledge|67/100|[from] drain|[of] p1a: Great Tusk
|-damage|p2a: Ceruledge|50/100|[from] item: Rocky Helmet|[of] p1a: Great Tusk
|move|p1a: Great Tusk|Earthquake|p2a: Ceruledge
|-damage|p2a: Ceruledge|0 fnt
|faint|p2a: Ceruledge
|
|-weather|Snowscape|[upkeep]
|upkeep
|
|t:|1776044033
|switch|p2a: Zapdos|Zapdos|100/100
|turn|6
|
|t:|1776044040
|-end|p1a: Great Tusk|Protosynthesis|[silent]
|switch|p1a: Slowking|Slowking-Galar, F|100/100
|move|p2a: Zapdos|Hurricane|p1a: Slowking
|-damage|p1a: Slowking|65/100
|
|-weather|Snowscape|[upkeep]
|upkeep
|turn|7
|
|t:|1776044048
|move|p2a: Zapdos|Volt Switch|p1a: Slowking
|-damage|p1a: Slowking|44/100
|
|t:|1776044052
|switch|p2a: Iron Treads|Iron Treads|100/100|[from] Volt Switch
|-prepare|p1a: Slowking|Chilly Reception|[premajor]
|move|p1a: Slowking|Chilly Reception|p1a: Slowking
|
|t:|1776044067
|switch|p1a: Cinderace|Cinderace, M|100/100|[from] Chilly Reception
|
|-weather|none
|upkeep
|turn|8
|
|t:|1776044077
|-end|p2a: Iron Treads|Quark Drive|[silent]
|switch|p2a: Zapdos|Zapdos|100/100
|move|p1a: Cinderace|Pyro Ball|p2a: Zapdos
|-damage|p2a: Zapdos|63/100
|
|upkeep
|turn|9
|
|t:|1776044084
|switch|p1a: Slowking|Slowking-Galar, F|77/100
|move|p2a: Zapdos|Thunder Wave|p1a: Slowking
|-status|p1a: Slowking|par
|
|upkeep
|turn|10
|
|t:|1776044090
|move|p2a: Zapdos|Roost|p2a: Zapdos
|-heal|p2a: Zapdos|100/100
|-singleturn|p2a: Zapdos|move: Roost
|-prepare|p1a: Slowking|Chilly Reception|[premajor]
|move|p1a: Slowking|Chilly Reception|p1a: Slowking
|-weather|Snowscape
|
|t:|1776044112
|switch|p1a: Great Tusk|Great Tusk|29/100|[from] Chilly Reception
|
|-weather|Snowscape|[upkeep]
|upkeep
|turn|11
|
|t:|1776044121
|move|p1a: Great Tusk|Stealth Rock|p2a: Zapdos
|-sidestart|p2: Mgreutman|move: Stealth Rock
|move|p2a: Zapdos|Hurricane|p1a: Great Tusk
|-supereffective|p1a: Great Tusk
|-damage|p1a: Great Tusk|0 fnt
|faint|p1a: Great Tusk
|-end|p1a: Great Tusk|Protosynthesis|[silent]
|
|-weather|Snowscape|[upkeep]
|upkeep
|
|t:|1776044142
|switch|p1a: Tornadus|Tornadus-Therian, M|100/100
|turn|12
|
|t:|1776044145
|move|p1a: Tornadus|Knock Off|p2a: Zapdos
|-damage|p2a: Zapdos|86/100
|-enditem|p2a: Zapdos|Heavy-Duty Boots|[from] move: Knock Off|[of] p1a: Tornadus
|move|p2a: Zapdos|Volt Switch|p1a: Tornadus
|-supereffective|p1a: Tornadus
|-damage|p1a: Tornadus|67/100
|
|t:|1776044154
|switch|p2a: Gholdengo|Gholdengo|100/100|[from] Volt Switch
|-damage|p2a: Gholdengo|94/100|[from] Stealth Rock
|-item|p2a: Gholdengo|Air Balloon
|
|-weather|Snowscape|[upkeep]
|upkeep
|turn|13
|
|t:|1776044162
|move|p1a: Tornadus|Heat Wave|p2a: Gholdengo
|-supereffective|p2a: Gholdengo
|-damage|p2a: Gholdengo|51/100
|-enditem|p2a: Gholdengo|Air Balloon
|move|p2a: Gholdengo|Thunder Wave|p1a: Tornadus
|-status|p1a: Tornadus|par
|
|-weather|Snowscape|[upkeep]
|upkeep
|turn|14
|
|t:|1776044173
|move|p2a: Gholdengo|Recover|p2a: Gholdengo
|-heal|p2a: Gholdengo|100/100
|move|p1a: Tornadus|U-turn|p2a: Gholdengo
|-resisted|p2a: Gholdengo
|-damage|p2a: Gholdengo|98/100
|
|t:|1776044181
|switch|p1a: Hydrapple|Hydrapple, M|100/100|[from] U-turn
|
|-weather|none
|upkeep
|turn|15
|
|t:|1776044187
|move|p2a: Gholdengo|Thunder Wave|p1a: Hydrapple
|-status|p1a: Hydrapple|par
|cant|p1a: Hydrapple|par
|
|upkeep
|turn|16
|
|t:|1776044195
|move|p2a: Gholdengo|Hex|p1a: Hydrapple
|-damage|p1a: Hydrapple|44/100 par
|move|p1a: Hydrapple|Nasty Plot|p1a: Hydrapple
|-boost|p1a: Hydrapple|spa|2
|
|upkeep
|turn|17
|
|t:|1776044202
|move|p2a: Gholdengo|Hex|p1a: Hydrapple
|-damage|p1a: Hydrapple|0 fnt
|faint|p1a: Hydrapple
|
|upkeep
|
|t:|1776044208
|switch|p1a: Lokix|Lokix, F|100/100
|turn|18
|
|t:|1776044211
|-terastallize|p1a: Lokix|Bug
|move|p1a: Lokix|U-turn|p2a: Gholdengo
|-resisted|p2a: Gholdengo
|-damage|p2a: Gholdengo|74/100
|
|t:|1776044216
|switch|p1a: Slowking|Slowking-Galar, F|100/100 par|[from] U-turn
|move|p2a: Gholdengo|Thunder Wave|p1a: Slowking
|-fail|p1a: Slowking|par
|
|upkeep
|turn|19
|
|t:|1776044223
|switch|p1a: Tornadus|Tornadus-Therian, M|99/100 par
|move|p2a: Gholdengo|Hex|p1a: Tornadus
|-damage|p1a: Tornadus|70/100 par
|
|upkeep
|turn|20
|
|t:|1776044230
|move|p2a: Gholdengo|Hex|p1a: Tornadus
|-damage|p1a: Tornadus|38/100 par
|move|p1a: Tornadus|U-turn|p2a: Gholdengo
|-resisted|p2a: Gholdengo
|-damage|p2a: Gholdengo|72/100
|
|t:|1776044237
|switch|p1a: Lokix|Lokix, F, tera:Bug|100/100|[from] U-turn
|
|upkeep
|turn|21
|
|t:|1776044243
|move|p1a: Lokix|U-turn|p2a: Gholdengo
|-resisted|p2a: Gholdengo
|-damage|p2a: Gholdengo|48/100
|
|t:|1776044247
|switch|p1a: Tornadus|Tornadus-Therian, M|71/100 par|[from] U-turn
|move|p2a: Gholdengo|Recover|p2a: Gholdengo
|-heal|p2a: Gholdengo|98/100
|
|upkeep
|turn|22
|
|t:|1776044254
|move|p2a: Gholdengo|Hex|p1a: Tornadus
|-damage|p1a: Tornadus|43/100 par
|move|p1a: Tornadus|U-turn|p2a: Gholdengo
|-resisted|p2a: Gholdengo
|-damage|p2a: Gholdengo|96/100
|
|t:|1776044258
|switch|p1a: Lokix|Lokix, F, tera:Bug|100/100|[from] U-turn
|
|upkeep
|turn|23
|
|t:|1776044265
|move|p1a: Lokix|U-turn|p2a: Gholdengo
|-resisted|p2a: Gholdengo
|-damage|p2a: Gholdengo|72/100
|
|t:|1776044268
|switch|p1a: Cinderace|Cinderace, M|100/100|[from] U-turn
|move|p2a: Gholdengo|Hex|p1a: Cinderace
|-damage|p1a: Cinderace|64/100
|
|upkeep
|turn|24
|
|t:|1776044276
|switch|p2a: Zapdos|Zapdos|86/100
|-damage|p2a: Zapdos|61/100|[from] Stealth Rock
|move|p1a: Cinderace|Pyro Ball|p2a: Zapdos|[miss]
|-miss|p1a: Cinderace|p2a: Zapdos
|
|upkeep
|turn|25
|
|t:|1776044283
|move|p1a: Cinderace|Pyro Ball|p2a: Zapdos
|-damage|p2a: Zapdos|24/100
|move|p2a: Zapdos|Roost|p2a: Zapdos
|-heal|p2a: Zapdos|74/100
|-singleturn|p2a: Zapdos|move: Roost
|
|upkeep
|turn|26
|
|t:|1776044291
|move|p1a: Cinderace|Pyro Ball|p2a: Zapdos
|-damage|p2a: Zapdos|38/100
|move|p2a: Zapdos|Thunder Wave|p1a: Cinderace
|-status|p1a: Cinderace|par
|
|upkeep
|turn|27
|
|t:|1776044298
|move|p2a: Zapdos|Roost|p2a: Zapdos
|-heal|p2a: Zapdos|88/100
|-singleturn|p2a: Zapdos|move: Roost
|move|p1a: Cinderace|Pyro Ball|p2a: Zapdos
|-damage|p2a: Zapdos|56/100
|
|upkeep
|turn|28
|
|t:|1776044305
|switch|p1a: Tornadus|Tornadus-Therian, M|76/100 par
|move|p2a: Zapdos|Hurricane|p1a: Tornadus|[miss]
|-miss|p2a: Zapdos|p1a: Tornadus
|
|upkeep
|turn|29
|
|t:|1776044330
|move|p2a: Zapdos|Roost|p2a: Zapdos
|-heal|p2a: Zapdos|100/100
|-singleturn|p2a: Zapdos|move: Roost
|move|p1a: Tornadus|U-turn|p2a: Zapdos
|-damage|p2a: Zapdos|91/100
|l|☆Mgreutman
|inactive|Mgreutman disconnected and has a minute to reconnect!
|player|p2|
|
|t:|1776044332
|switch|p1a: Slowking|Slowking-Galar, F|100/100 par|[from] U-turn
|
|upkeep
|turn|30
|j|☆Mgreutman
|inactive|Mgreutman reconnected and has 140 seconds left.
|player|p2|Mgreutman|1|
|
|t:|1776044347
|move|p2a: Zapdos|Volt Switch|p1a: Slowking
|-damage|p1a: Slowking|78/100 par
|
|t:|1776044351
|switch|p2a: Gholdengo|Gholdengo|72/100|[from] Volt Switch
|-damage|p2a: Gholdengo|66/100|[from] Stealth Rock
|move|p1a: Slowking|Toxic|p2a: Gholdengo
|-immune|p2a: Gholdengo|[from] ability: Good as Gold
|
|upkeep
|turn|31
|
|t:|1776044360
|switch|p1a: Tornadus|Tornadus-Therian, M|100/100 par
|move|p2a: Gholdengo|Hex|p1a: Tornadus
|-damage|p1a: Tornadus|72/100 par
|
|upkeep
|turn|32
|
|t:|1776044370
|switch|p1a: Slowking|Slowking-Galar, F|100/100 par
|move|p2a: Gholdengo|Hex|p1a: Slowking
|-supereffective|p1a: Slowking
|-damage|p1a: Slowking|7/100 par
|
|upkeep
|turn|33
|
|t:|1776044376
|switch|p1a: Tornadus|Tornadus-Therian, M|100/100 par
|move|p2a: Gholdengo|Hex|p1a: Tornadus
|-damage|p1a: Tornadus|70/100 par
|
|upkeep
|turn|34
|
|t:|1776044383
|move|p2a: Gholdengo|Hex|p1a: Tornadus
|-damage|p1a: Tornadus|37/100 par
|move|p1a: Tornadus|U-turn|p2a: Gholdengo
|-resisted|p2a: Gholdengo
|-damage|p2a: Gholdengo|64/100
|
|t:|1776044386
|switch|p1a: Lokix|Lokix, F, tera:Bug|100/100|[from] U-turn
|
|upkeep
|turn|35
|
|t:|1776044393
|move|p1a: Lokix|Knock Off|p2a: Gholdengo
|-supereffective|p2a: Gholdengo
|-damage|p2a: Gholdengo|0 fnt
|faint|p2a: Gholdengo
|
|upkeep
|
|t:|1776044398
|switch|p2a: Zapdos|Zapdos|91/100
|-damage|p2a: Zapdos|66/100|[from] Stealth Rock
|turn|36
|
|t:|1776044412
|switch|p1a: Slowking|Slowking-Galar, F|40/100 par
|move|p2a: Zapdos|Thunder Wave|p1a: Slowking|[miss]
|-miss|p2a: Zapdos|p1a: Slowking
|
|upkeep
|turn|37
|
|t:|1776044419
|move|p2a: Zapdos|Volt Switch|p1a: Slowking
|-damage|p1a: Slowking|17/100 par
|
|t:|1776044422
|switch|p2a: Iron Treads|Iron Treads|100/100|[from] Volt Switch
|-damage|p2a: Iron Treads|97/100|[from] Stealth Rock
|-prepare|p1a: Slowking|Chilly Reception|[premajor]
|cant|p1a: Slowking|par
|
|-heal|p2a: Iron Treads|100/100|[from] item: Leftovers
|upkeep
|turn|38
|
|t:|1776044432
|switch|p1a: Tornadus|Tornadus-Therian, M|71/100 par
|move|p2a: Iron Treads|Stealth Rock|p1a: Tornadus
|-sidestart|p1: treeshhhh|move: Stealth Rock
|
|upkeep
|turn|39
|
|t:|1776044440
|move|p2a: Iron Treads|Rapid Spin|p1a: Tornadus
|-damage|p1a: Tornadus|52/100 par
|-boost|p2a: Iron Treads|spe|1
|-sideend|p2: Mgreutman|Stealth Rock|[from] move: Rapid Spin|[of] p2a: Iron Treads
|move|p1a: Tornadus|Heat Wave|p2a: Iron Treads
|-supereffective|p2a: Iron Treads
|-damage|p2a: Iron Treads|39/100
|
|-heal|p2a: Iron Treads|45/100|[from] item: Leftovers
|upkeep
|turn|40
|
|t:|1776044450
|move|p2a: Iron Treads|Knock Off|p1a: Tornadus
|-damage|p1a: Tornadus|19/100 par
|-enditem|p1a: Tornadus|Assault Vest|[from] move: Knock Off|[of] p2a: Iron Treads
|move|p1a: Tornadus|Heat Wave|p2a: Iron Treads
|-supereffective|p2a: Iron Treads
|-damage|p2a: Iron Treads|0 fnt
|faint|p2a: Iron Treads
|-end|p2a: Iron Treads|Quark Drive|[silent]
|
|upkeep
|
|t:|1776044459
|switch|p2a: Zapdos|Zapdos|66/100
|turn|41
|
|t:|1776044462
|move|p2a: Zapdos|Volt Switch|p1a: Tornadus
|-supereffective|p1a: Tornadus
|-damage|p1a: Tornadus|0 fnt
|faint|p1a: Tornadus
|
|t:|1776044467
|switch|p2a: Kingambit|Kingambit, M|100/100|[from] Volt Switch
|-activate|p2a: Kingambit|ability: Supreme Overlord
|-start|p2a: Kingambit|fallen4|[silent]
|
|upkeep
|
|t:|1776044470
|switch|p1a: Cinderace|Cinderace, M|64/100 par
|turn|42
|
|t:|1776044478
|move|p2a: Kingambit|Sucker Punch|p1a: Cinderace
|-damage|p1a: Cinderace|5/100 par
|move|p1a: Cinderace|Pyro Ball|p2a: Kingambit
|-supereffective|p2a: Kingambit
|-damage|p2a: Kingambit|0 fnt
|faint|p2a: Kingambit
|-end|p2a: Kingambit|fallen4|[silent]
|
|upkeep
|
|t:|1776044480
|switch|p2a: Zapdos|Zapdos|66/100
|turn|43
|
|t:|1776044485
|move|p2a: Zapdos|Roost|p2a: Zapdos
|-heal|p2a: Zapdos|100/100
|-singleturn|p2a: Zapdos|move: Roost
|move|p1a: Cinderace|Pyro Ball|p2a: Zapdos
|-damage|p2a: Zapdos|53/100
|
|upkeep
|turn|44
|
|t:|1776044496
|move|p2a: Zapdos|Volt Switch|p1a: Cinderace
|-damage|p1a: Cinderace|0 fnt
|faint|p1a: Cinderace
|
|upkeep
|
|t:|1776044498
|switch|p1a: Slowking|Slowking-Galar, F|50/100 par
|-damage|p1a: Slowking|37/100 par|[from] Stealth Rock
|turn|45
|
|t:|1776044505
|move|p2a: Zapdos|Roost|p2a: Zapdos
|-heal|p2a: Zapdos|100/100
|-singleturn|p2a: Zapdos|move: Roost
|move|p1a: Slowking|Toxic|p2a: Zapdos
|-status|p2a: Zapdos|tox
|
|-damage|p2a: Zapdos|94/100 tox|[from] psn
|upkeep
|turn|46
|
|t:|1776044517
|move|p2a: Zapdos|Hurricane|p1a: Slowking
|-damage|p1a: Slowking|3/100 par
|-prepare|p1a: Slowking|Chilly Reception|[premajor]
|cant|p1a: Slowking|par
|
|-damage|p2a: Zapdos|82/100 tox|[from] psn
|upkeep
|turn|47
|
|t:|1776044525
|move|p2a: Zapdos|Volt Switch|p1a: Slowking
|-damage|p1a: Slowking|0 fnt
|faint|p1a: Slowking
|
|-damage|p2a: Zapdos|64/100 tox|[from] psn
|upkeep
|
|t:|1776044528
|switch|p1a: Lokix|Lokix, F, tera:Bug|100/100
|-damage|p1a: Lokix|76/100|[from] Stealth Rock
|turn|48
|
|t:|1776044537
|move|p1a: Lokix|First Impression|p2a: Zapdos
|-resisted|p2a: Zapdos
|-damage|p2a: Zapdos|5/100 tox
|move|p2a: Zapdos|Hurricane|p1a: Lokix|[miss]
|-miss|p2a: Zapdos|p1a: Lokix
|
|-damage|p2a: Zapdos|0 fnt|[from] psn
|faint|p2a: Zapdos
|
|win|treeshhhh
|raw|treeshhhh's rating: 1419 &rarr; <strong>1440</strong><br />(+21 for winning)
|raw|Mgreutman's rating: 1438 &rarr; <strong>1417</strong><br />(-21 for losing)
