|html|<div class="broadcast-blue"><strong>[Gen 9] OU is currently suspecting Tera Blast! For information on how to participate check out the <a href="https://www.smogon.com/tools/suspects/view/200">suspect thread</a>.</strong></div>
|j|☆Khvaradona
|j|‽goyboy911
|t:|1776078909
|gametype|singles
|player|p1|Khvaradona|102|1183
|player|p2|goyboy911|steven|1134
|gen|9
|tier|[Gen 9] OU
|rated|
|rule|HP Percentage Mod: HP is shown in percentages
|rule|Endless Battle Clause: Forcing endless battles is banned
|rule|Species Clause: Limit one of each Pokémon
|rule|OHKO Clause: OHKO moves are banned
|rule|Evasion Items Clause: Evasion items are banned
|rule|Evasion Moves Clause: Evasion moves are banned
|rule|Evasion Abilities Clause: Evasion abilities are banned
|rule|Sleep Moves Clause: Sleep-inducing moves are banned
|clearpoke
|poke|p1|Hatterene, F|
|poke|p1|Iron Hands|
|poke|p1|Slowking-Galar, M|
|poke|p1|Ursaluna, M|
|poke|p1|Dragonite, F|
|poke|p1|Porygon2|
|poke|p2|Blaziken, M|
|poke|p2|Azumarill, M|
|poke|p2|Gardevoir, F|
|poke|p2|Eelektross, M|
|poke|p2|Lucario, M|
|poke|p2|Krookodile, F|
|teampreview
|inactive|Battle timer is ON: inactive players will automatically lose when time's up. (requested by goyboy911)
|j| ohko_smeargle
|
|t:|1776078916
|teamsize|p1|6
|teamsize|p2|6
|start
|switch|p1a: Hatterene|Hatterene, F, shiny|100/100
|switch|p2a: Krookodile|Krookodile, F|100/100
|turn|1
|
|t:|1776078924
|move|p2a: Krookodile|Knock Off|p1a: Hatterene
|-damage|p1a: Hatterene|48/100
|-enditem|p1a: Hatterene|Life Orb|[from] move: Knock Off|[of] p2a: Krookodile
|move|p1a: Hatterene|Trick Room|p1a: Hatterene
|-fieldstart|move: Trick Room|[of] p1a: Hatterene
|
|upkeep
|turn|2
|
|t:|1776078933
|switch|p2a: Lucario|Lucario, M|100/100
|move|p1a: Hatterene|Dazzling Gleam|p2a: Lucario
|-damage|p2a: Lucario|34/100
|
|upkeep
|turn|3
|
|t:|1776078940
|move|p1a: Hatterene|Dazzling Gleam|p2a: Lucario
|-damage|p2a: Lucario|0 fnt
|faint|p2a: Lucario
|
|upkeep
|
|t:|1776078947
|switch|p2a: Eelektross|Eelektross, M|100/100
|turn|4
|
|t:|1776078954
|move|p1a: Hatterene|Psyshock|p2a: Eelektross
|-damage|p2a: Eelektross|60/100
|move|p2a: Eelektross|Thunder Punch|p1a: Hatterene
|-damage|p1a: Hatterene|10/100
|
|upkeep
|turn|5
|
|t:|1776078968
|move|p1a: Hatterene|Dazzling Gleam|p2a: Eelektross
|-damage|p2a: Eelektross|10/100
|move|p2a: Eelektross|Drain Punch|p1a: Hatterene
|-resisted|p1a: Hatterene
|-damage|p1a: Hatterene|2/100
|-heal|p2a: Eelektross|14/100|[from] drain|[of] p1a: Hatterene
|
|-fieldend|move: Trick Room
|upkeep
|turn|6
|
|t:|1776078981
|move|p2a: Eelektross|Drain Punch|p1a: Hatterene
|-resisted|p1a: Hatterene
|-damage|p1a: Hatterene|0 fnt
|-heal|p2a: Eelektross|15/100|[from] drain|[of] p1a: Hatterene
|faint|p1a: Hatterene
|
|upkeep
|
|t:|1776078986
|switch|p1a: Dragonite|Dragonite, F|100/100
|turn|7
|
|t:|1776078995
|move|p1a: Dragonite|Extreme Speed|p2a: Eelektross
|-crit|p2a: Eelektross
|-damage|p2a: Eelektross|0 fnt
|faint|p2a: Eelektross
|
|upkeep
|
|t:|1776079005
|switch|p2a: Azumarill|Azumarill, M|100/100
|turn|8
|
|t:|1776079013
|switch|p1a: Slowking|Slowking-Galar, M, shiny|100/100
|move|p2a: Azumarill|Ice Spinner|p1a: Slowking
|-damage|p1a: Slowking|66/100
|
|upkeep
|turn|9
|
|t:|1776079024
|-terastallize|p2a: Azumarill|Steel
|move|p2a: Azumarill|Waterfall|p1a: Slowking
|-damage|p1a: Slowking|9/100
|cant|p1a: Slowking|flinch
|
|upkeep
|turn|10
|-activate|p2a: Azumarill|item: Quick Claw
|
|t:|1776079033
|switch|p1a: Porygon2|Porygon2|100/100
|move|p2a: Azumarill|Waterfall|p1a: Porygon2
|-damage|p1a: Porygon2|65/100
|
|upkeep
|turn|11
|l|☆Khvaradona
|inactive|Khvaradona disconnected and has a minute to reconnect!
|player|p1|
|j|☆Khvaradona
|inactive|Khvaradona reconnected and has 125 seconds left.
|player|p1|Khvaradona|102|
|inactive|Khvaradona has 120 seconds left.
|l|☆Khvaradona
|inactive|Khvaradona disconnected and has a minute to reconnect!
|player|p1|
|j|☆Khvaradona
|inactive|Khvaradona reconnected and has 100 seconds left.
|player|p1|Khvaradona|102|
|
|t:|1776079085
|switch|p2a: Krookodile|Krookodile, F|100/100
|move|p1a: Porygon2|Recover|p1a: Porygon2
|-heal|p1a: Porygon2|100/100
|
|upkeep
|turn|12
|
|t:|1776079091
|move|p2a: Krookodile|Knock Off|p1a: Porygon2
|-damage|p1a: Porygon2|68/100
|-enditem|p1a: Porygon2|Eviolite|[from] move: Knock Off|[of] p2a: Krookodile
|move|p1a: Porygon2|Ice Beam|p2a: Krookodile
|-supereffective|p2a: Krookodile
|-damage|p2a: Krookodile|1/100
|
|upkeep
|turn|13
|
|t:|1776079101
|switch|p1a: Dragonite|Dragonite, F|100/100
|move|p2a: Krookodile|Earthquake|p1a: Dragonite
|-immune|p1a: Dragonite
|
|upkeep
|turn|14
|-activate|p2a: Krookodile|item: Quick Claw
|
|t:|1776079108
|move|p1a: Dragonite|Extreme Speed|p2a: Krookodile
|-damage|p2a: Krookodile|0 fnt
|faint|p2a: Krookodile
|
|upkeep
|
|t:|1776079113
|switch|p2a: Blaziken|Blaziken, M, shiny|100/100
|turn|15
|inactive|Khvaradona has 120 seconds left.
|
|t:|1776079123
|switch|p1a: Slowking|Slowking-Galar, M, shiny|42/100
|move|p2a: Blaziken|Swords Dance|p2a: Blaziken
|-boost|p2a: Blaziken|atk|2
|
|-ability|p2a: Blaziken|Speed Boost|boost
|-boost|p2a: Blaziken|spe|1
|upkeep
|turn|16
|inactive|Khvaradona has 120 seconds left.
|
|t:|1776079133
|move|p2a: Blaziken|Fire Punch|p1a: Slowking
|-crit|p1a: Slowking
|-damage|p1a: Slowking|0 fnt
|faint|p1a: Slowking
|
|-ability|p2a: Blaziken|Speed Boost|boost
|-boost|p2a: Blaziken|spe|1
|upkeep
|inactive|Khvaradona has 120 seconds left.
|
|t:|1776079140
|switch|p1a: Ursaluna|Ursaluna, M|100/100
|turn|17
|
|t:|1776079147
|move|p2a: Blaziken|Close Combat|p1a: Ursaluna
|-supereffective|p1a: Ursaluna
|-damage|p1a: Ursaluna|0 fnt
|-unboost|p2a: Blaziken|def|1
|-unboost|p2a: Blaziken|spd|1
|faint|p1a: Ursaluna
|
|-ability|p2a: Blaziken|Speed Boost|boost
|-boost|p2a: Blaziken|spe|1
|upkeep
|
|t:|1776079155
|switch|p1a: Porygon2|Porygon2|68/100
|turn|18
|
|t:|1776079164
|-terastallize|p1a: Porygon2|Ghost
|move|p2a: Blaziken|Close Combat|p1a: Porygon2
|-immune|p1a: Porygon2
|move|p1a: Porygon2|Tera Blast|p2a: Blaziken|[anim] Tera Blast Ghost
|-enditem|p2a: Blaziken|Focus Sash
|-damage|p2a: Blaziken|1/100
|
|-ability|p2a: Blaziken|Speed Boost|boost
|-boost|p2a: Blaziken|spe|1
|upkeep
|turn|19
|l|☆Khvaradona
|inactive|Khvaradona disconnected and has a minute to reconnect!
|player|p1|
|j|☆Khvaradona
|inactive|Khvaradona reconnected and has 125 seconds left.
|player|p1|Khvaradona|102|
|
|t:|1776079188
|switch|p1a: Dragonite|Dragonite, F|100/100
|move|p2a: Blaziken|Fire Punch|p1a: Dragonite
|-resisted|p1a: Dragonite
|-damage|p1a: Dragonite|55/100
|
|-ability|p2a: Blaziken|Speed Boost|boost
|-boost|p2a: Blaziken|spe|1
|upkeep
|turn|20
|
|t:|1776079197
|move|p1a: Dragonite|Extreme Speed|p2a: Blaziken
|-damage|p2a: Blaziken|0 fnt
|faint|p2a: Blaziken
|
|upkeep
|
|t:|1776079200
|switch|p2a: Gardevoir|Gardevoir, F|100/100
|turn|21
|
|t:|1776079208
|move|p1a: Dragonite|Extreme Speed|p2a: Gardevoir
|-damage|p2a: Gardevoir|21/100
|move|p2a: Gardevoir|Moonblast|p1a: Dragonite
|-supereffective|p1a: Dragonite
|-damage|p1a: Dragonite|0 fnt
|faint|p1a: Dragonite
|
|upkeep
|
|t:|1776079214
|switch|p1a: Porygon2|Porygon2, tera:Ghost|68/100
|turn|22
|
|t:|1776079222
|move|p2a: Gardevoir|Moonblast|p1a: Porygon2
|-damage|p1a: Porygon2|24/100
|move|p1a: Porygon2|Tera Blast|p2a: Gardevoir|[anim] Tera Blast Ghost
|-supereffective|p2a: Gardevoir
|-damage|p2a: Gardevoir|0 fnt
|faint|p2a: Gardevoir
|
|upkeep
|
|t:|1776079225
|switch|p2a: Azumarill|Azumarill, M, tera:Steel|100/100
|turn|23
|
|t:|1776079233
|move|p2a: Azumarill|Aqua Jet|p1a: Porygon2
|-damage|p1a: Porygon2|0 fnt
|faint|p1a: Porygon2
|
|upkeep
|
|t:|1776079236
|switch|p1a: Iron Hands|Iron Hands|100/100
|turn|24
|
|t:|1776079241
|move|p2a: Azumarill|Play Rough|p1a: Iron Hands
|-supereffective|p1a: Iron Hands
|-damage|p1a: Iron Hands|24/100
|move|p1a: Iron Hands|Drain Punch|p2a: Azumarill
|-supereffective|p2a: Azumarill
|-damage|p2a: Azumarill|20/100
|-heal|p1a: Iron Hands|53/100|[from] drain|[of] p2a: Azumarill
|
|upkeep
|turn|25
|
|t:|1776079252
|move|p2a: Azumarill|Play Rough|p1a: Iron Hands
|-supereffective|p1a: Iron Hands
|-damage|p1a: Iron Hands|0 fnt
|faint|p1a: Iron Hands
|-end|p1a: Iron Hands|Quark Drive|[silent]
|
|win|goyboy911
|raw|Khvaradona's rating: 1183 &rarr; <strong>1154</strong><br />(-29 for losing)
|raw|goyboy911's rating: 1134 &rarr; <strong>1163</strong><br />(+29 for winning)
|l| ohko_smeargle
|l|☆Khvaradona
|player|p1|
|l|‽goyboy911
|player|p2|
