|html|<div class="broadcast-blue"><strong>[Gen 9] OU is currently suspecting Tera Blast! For information on how to participate check out the <a href="https://www.smogon.com/tools/suspects/view/200">suspect thread</a>.</strong></div>
|j|☆krookodile fangirl
|j|☆kakabre
|t:|1776043695
|gametype|singles
|player|p1|krookodile fangirl|roughneck|1323
|player|p2|kakabre|170|1366
|gen|9
|tier|[Gen 9] OU
|rated|
|rule|HP Percentage Mod: HP is shown in percentages
|rule|Endless Battle Clause: Forcing endless battles is banned
|rule|Species Clause: Limit one of each Pokémon
|rule|OHKO Clause: OHKO moves are banned
|rule|Evasion Items Clause: Evasion items are banned
|rule|Evasion Moves Clause: Evasion moves are banned
|rule|Evasion Abilities Clause: Evasion abilities are banned
|rule|Sleep Moves Clause: Sleep-inducing moves are banned
|clearpoke
|poke|p1|Krookodile, M|
|poke|p1|Typhlosion-Hisui, M|
|poke|p1|Deoxys-Speed|
|poke|p1|Iron Hands|
|poke|p1|Ogerpon-Wellspring, F|
|poke|p1|Corviknight, F|
|poke|p2|Raging Bolt|
|poke|p2|Dragonite, F|
|poke|p2|Rillaboom, F|
|poke|p2|Great Tusk|
|poke|p2|Gholdengo|
|poke|p2|Samurott-Hisui, M|
|teampreview
|inactive|Battle timer is ON: inactive players will automatically lose when time's up. (requested by krookodile fangirl)
|
|t:|1776043710
|teamsize|p1|6
|teamsize|p2|6
|start
|switch|p1a: Majora|Ogerpon-Wellspring, F|100/100
|switch|p2a: neal the seal|Samurott-Hisui, M|100/100
|turn|1
|
|t:|1776043731
|move|p1a: Majora|U-turn|p2a: neal the seal
|-supereffective|p2a: neal the seal
|-damage|p2a: neal the seal|46/100
|
|t:|1776043733
|switch|p1a: Adam Smasher|Iron Hands|100/100|[from] U-turn
|move|p2a: neal the seal|Ceaseless Edge|p1a: Adam Smasher
|-resisted|p1a: Adam Smasher
|-damage|p1a: Adam Smasher|87/100
|-sidestart|p1: krookodile fangirl|Spikes
|
|upkeep
|turn|2
|
|t:|1776043738
|move|p2a: neal the seal|Flip Turn|p1a: Adam Smasher
|-damage|p1a: Adam Smasher|71/100
|
|t:|1776043748
|switch|p2a: deano|Great Tusk|100/100|[from] Flip Turn
|move|p1a: Adam Smasher|Drain Punch|p2a: deano
|-damage|p2a: deano|78/100
|-heal|p1a: Adam Smasher|82/100|[from] drain|[of] p2a: deano
|
|-heal|p2a: deano|84/100|[from] item: Leftovers
|upkeep
|turn|3
|
|t:|1776043753
|move|p2a: deano|Stealth Rock|p1a: Adam Smasher
|-sidestart|p1: krookodile fangirl|move: Stealth Rock
|move|p1a: Adam Smasher|Ice Punch|p2a: deano
|-supereffective|p2a: deano
|-damage|p2a: deano|53/100
|
|-heal|p2a: deano|59/100|[from] item: Leftovers
|upkeep
|turn|4
|
|t:|1776043757
|-end|p1a: Adam Smasher|Quark Drive|[silent]
|switch|p1a: Meta Slave|Corviknight, F|100/100
|-damage|p1a: Meta Slave|88/100|[from] Stealth Rock
|move|p2a: deano|Headlong Rush|p1a: Meta Slave
|-immune|p1a: Meta Slave
|
|-heal|p2a: deano|65/100|[from] item: Leftovers
|upkeep
|turn|5
|
|t:|1776043761
|-end|p2a: deano|Protosynthesis|[silent]
|switch|p2a: tall deano|Raging Bolt|100/100
|move|p1a: Meta Slave|U-turn|p2a: tall deano
|-damage|p2a: tall deano|82/100
|
|t:|1776043765
|switch|p1a: Invader Zim|Deoxys-Speed, shiny|100/100|[from] U-turn
|-damage|p1a: Invader Zim|88/100|[from] Spikes
|-damage|p1a: Invader Zim|76/100|[from] Stealth Rock
|-ability|p1a: Invader Zim|Pressure
|
|upkeep
|turn|6
|
|t:|1776043782
|-terastallize|p1a: Invader Zim|Stellar
|move|p1a: Invader Zim|Ice Beam|p2a: tall deano
|-supereffective|p2a: tall deano
|-damage|p2a: tall deano|0 fnt
|faint|p2a: tall deano
|-end|p2a: tall deano|Protosynthesis|[silent]
|-damage|p1a: Invader Zim|66/100|[from] item: Life Orb
|
|upkeep
|
|t:|1776043796
|switch|p2a: a guy|Rillaboom, F|100/100
|-fieldstart|move: Grassy Terrain|[from] ability: Grassy Surge|[of] p2a: a guy
|turn|7
|
|t:|1776043800
|switch|p1a: Meta Slave|Corviknight, F|88/100
|-damage|p1a: Meta Slave|76/100|[from] Stealth Rock
|move|p2a: a guy|Grassy Glide|p1a: Meta Slave
|-resisted|p1a: Meta Slave
|-damage|p1a: Meta Slave|66/100
|-damage|p2a: a guy|84/100|[from] item: Rocky Helmet|[of] p1a: Meta Slave
|-damage|p2a: a guy|74/100|[from] item: Life Orb
|
|-heal|p2a: a guy|80/100|[from] Grassy Terrain
|upkeep
|turn|8
|
|t:|1776043824
|move|p2a: a guy|Knock Off|p1a: Meta Slave
|-damage|p1a: Meta Slave|31/100
|-damage|p2a: a guy|64/100|[from] item: Rocky Helmet|[of] p1a: Meta Slave
|-enditem|p1a: Meta Slave|Rocky Helmet|[from] move: Knock Off|[of] p2a: a guy
|-damage|p2a: a guy|54/100|[from] item: Life Orb
|move|p1a: Meta Slave|Defog|p2a: a guy
|-unboost|p2a: a guy|evasion|1
|-sideend|p1: krookodile fangirl|Spikes|[from] move: Defog|[of] p1a: Meta Slave
|-sideend|p1: krookodile fangirl|Stealth Rock|[from] move: Defog|[of] p1a: Meta Slave
|-fieldend|move: Grassy Terrain
|
|upkeep
|turn|9
|
|t:|1776043843
|move|p2a: a guy|Wood Hammer|p1a: Meta Slave
|-resisted|p1a: Meta Slave
|-damage|p1a: Meta Slave|14/100
|-damage|p2a: a guy|47/100|[from] Recoil
|-damage|p2a: a guy|37/100|[from] item: Life Orb
|move|p1a: Meta Slave|Roost|p1a: Meta Slave
|-heal|p1a: Meta Slave|64/100
|-singleturn|p1a: Meta Slave|move: Roost
|
|upkeep
|turn|10
|
|t:|1776043857
|switch|p2a: neal the seal|Samurott-Hisui, M|46/100
|move|p1a: Meta Slave|U-turn|p2a: neal the seal
|-supereffective|p2a: neal the seal
|-damage|p2a: neal the seal|8/100
|
|t:|1776043866
|switch|p1a: THE ALLEGATIONS|Typhlosion-Hisui, M|100/100|[from] U-turn
|-item|p2a: neal the seal|Assault Vest|[from] ability: Frisk|[of] p1a: THE ALLEGATIONS
|
|upkeep
|turn|11
|
|t:|1776043873
|move|p2a: neal the seal|Sucker Punch|p1a: THE ALLEGATIONS
|-supereffective|p1a: THE ALLEGATIONS
|-damage|p1a: THE ALLEGATIONS|13/100
|move|p1a: THE ALLEGATIONS|Eruption|p2a: neal the seal
|-resisted|p2a: neal the seal
|-damage|p2a: neal the seal|4/100
|
|upkeep
|turn|12
|
|t:|1776043886
|switch|p1a: Tiramisu|Krookodile, M, shiny|100/100
|move|p2a: neal the seal|Sucker Punch||[still]
|-fail|p2a: neal the seal
|
|upkeep
|turn|13
|
|t:|1776043892
|move|p1a: Tiramisu|Scale Shot|p2a: neal the seal
|-damage|p2a: neal the seal|0 fnt
|faint|p2a: neal the seal
|-ability|p1a: Tiramisu|Moxie|boost
|-boost|p1a: Tiramisu|atk|1
|-hitcount|p2: neal the seal|1
|-unboost|p1a: Tiramisu|def|1
|-boost|p1a: Tiramisu|spe|1
|
|upkeep
|
|t:|1776043905
|switch|p2a: craig|Dragonite, F|100/100
|turn|14
|
|t:|1776043909
|-terastallize|p2a: craig|Normal
|move|p2a: craig|Extreme Speed|p1a: Tiramisu
|-damage|p1a: Tiramisu|0 fnt
|faint|p1a: Tiramisu
|
|upkeep
|
|t:|1776043916
|switch|p1a: Meta Slave|Corviknight, F|64/100
|turn|15
|
|t:|1776043940
|switch|p2a: deano|Great Tusk|65/100
|move|p1a: Meta Slave|U-turn|p2a: deano
|-resisted|p2a: deano
|-damage|p2a: deano|61/100
|
|t:|1776043942
|switch|p1a: THE ALLEGATIONS|Typhlosion-Hisui, M|13/100|[from] U-turn
|-item|p2a: deano|Leftovers|[from] ability: Frisk|[of] p1a: THE ALLEGATIONS
|
|-heal|p2a: deano|67/100|[from] item: Leftovers
|upkeep
|turn|16
|
|t:|1776043955
|move|p1a: THE ALLEGATIONS|Flamethrower|p2a: deano
|-damage|p2a: deano|5/100
|move|p2a: deano|Stealth Rock|p1a: THE ALLEGATIONS
|-sidestart|p1: krookodile fangirl|move: Stealth Rock
|
|-heal|p2a: deano|11/100|[from] item: Leftovers
|upkeep
|turn|17
|
|t:|1776043959
|move|p1a: THE ALLEGATIONS|Flamethrower|p2a: deano
|-damage|p2a: deano|0 fnt
|faint|p2a: deano
|-end|p2a: deano|Protosynthesis|[silent]
|
|upkeep
|
|t:|1776043962
|switch|p2a: craig|Dragonite, F, tera:Normal|100/100
|turn|18
|
|t:|1776043971
|move|p1a: THE ALLEGATIONS|Flamethrower|p2a: craig
|-damage|p2a: craig|78/100
|move|p2a: craig|Earthquake|p1a: THE ALLEGATIONS
|-supereffective|p1a: THE ALLEGATIONS
|-damage|p1a: THE ALLEGATIONS|0 fnt
|faint|p1a: THE ALLEGATIONS
|
|upkeep
|
|t:|1776043974
|switch|p1a: Invader Zim|Deoxys-Speed, shiny, tera:Stellar|66/100
|-damage|p1a: Invader Zim|54/100|[from] Stealth Rock
|-ability|p1a: Invader Zim|Pressure
|turn|19
|
|t:|1776043984
|switch|p2a: noodles|Gholdengo|100/100
|move|p1a: Invader Zim|Psycho Boost|p2a: noodles
|-resisted|p2a: noodles
|-damage|p2a: noodles|29/100
|-unboost|p1a: Invader Zim|spa|2
|-damage|p1a: Invader Zim|44/100|[from] item: Life Orb
|
|upkeep
|turn|20
|inactive|kakabre has 120 seconds left.
|
|t:|1776044035
|switch|p2a: craig|Dragonite, F, tera:Normal|78/100
|move|p1a: Invader Zim|Psycho Boost|p2a: craig
|-damage|p2a: craig|34/100
|-unboost|p1a: Invader Zim|spa|2
|-damage|p1a: Invader Zim|34/100|[from] item: Life Orb
|
|upkeep
|turn|21
|
|t:|1776044061
|switch|p1a: Meta Slave|Corviknight, F|64/100
|-damage|p1a: Meta Slave|51/100|[from] Stealth Rock
|move|p2a: craig|Outrage|p1a: Meta Slave
|-resisted|p1a: Meta Slave
|-damage|p1a: Meta Slave|10/100
|
|upkeep
|turn|22
|
|t:|1776044067
|move|p2a: craig|Outrage|p1a: Meta Slave|[from] lockedmove
|-resisted|p1a: Meta Slave
|-damage|p1a: Meta Slave|0 fnt
|faint|p1a: Meta Slave
|
|upkeep
|
|t:|1776044085
|switch|p1a: Majora|Ogerpon-Wellspring, F|100/100
|-damage|p1a: Majora|88/100|[from] Stealth Rock
|turn|23
|
|t:|1776044089
|move|p1a: Majora|Ivy Cudgel|p2a: craig|[anim] Ivy Cudgel Water
|-damage|p2a: craig|0 fnt
|faint|p2a: craig
|
|upkeep
|
|t:|1776044093
|switch|p2a: a guy|Rillaboom, F|37/100
|-fieldstart|move: Grassy Terrain|[from] ability: Grassy Surge|[of] p2a: a guy
|turn|24
|inactive|krookodile fangirl has 120 seconds left.
|
|t:|1776044130
|move|p2a: a guy|Grassy Glide|p1a: Majora
|-damage|p1a: Majora|27/100
|-damage|p2a: a guy|27/100|[from] item: Life Orb
|move|p1a: Majora|U-turn|p2a: a guy
|-supereffective|p2a: a guy
|-damage|p2a: a guy|0 fnt
|faint|p2a: a guy
|
|t:|1776044134
|switch|p1a: Adam Smasher|Iron Hands|82/100|[from] U-turn
|-damage|p1a: Adam Smasher|76/100|[from] Stealth Rock
|
|-heal|p1a: Adam Smasher|82/100|[from] Grassy Terrain
|upkeep
|inactive|kakabre has 120 seconds left.
|
|t:|1776044160
|switch|p2a: noodles|Gholdengo|29/100
|turn|25
|
|t:|1776044164
|move|p2a: noodles|Shadow Ball|p1a: Adam Smasher
|-damage|p1a: Adam Smasher|59/100
|move|p1a: Adam Smasher|Supercell Slam|p2a: noodles
|-damage|p2a: noodles|0 fnt
|faint|p2a: noodles
|
|win|krookodile fangirl
|raw|krookodile fangirl's rating: 1323 &rarr; <strong>1345</strong><br />(+22 for winning)
|raw|kakabre's rating: 1366 &rarr; <strong>1344</strong><br />(-22 for losing)
|l|☆krookodile fangirl
|player|p1|
|l|☆kakabre
|player|p2|
