|html|<div class="broadcast-blue"><strong>[Gen 9] OU is currently suspecting Tera Blast! For information on how to participate check out the <a href="https://www.smogon.com/tools/suspects/view/200">suspect thread</a>.</strong></div>
|j|☆tomg97
|j|☆brickforbrains
|t:|1776204985
|gametype|singles
|player|p1|tomg97|bruno|1511
|player|p2|brickforbrains|clerk|1540
|gen|9
|tier|[Gen 9] OU
|rated|
|rule|HP Percentage Mod: HP is shown in percentages
|rule|Endless Battle Clause: Forcing endless battles is banned
|rule|Species Clause: Limit one of each Pokémon
|rule|OHKO Clause: OHKO moves are banned
|rule|Evasion Items Clause: Evasion items are banned
|rule|Evasion Moves Clause: Evasion moves are banned
|rule|Evasion Abilities Clause: Evasion abilities are banned
|rule|Sleep Moves Clause: Sleep-inducing moves are banned
|clearpoke
|poke|p1|Toxtricity, M|
|poke|p1|Gholdengo|
|poke|p1|Samurott-Hisui, M|
|poke|p1|Smeargle, F|
|poke|p1|Zamazenta-*|
|poke|p1|Deoxys-Speed|
|poke|p2|Slither Wing|
|poke|p2|Hydreigon, F|
|poke|p2|Iron Crown|
|poke|p2|Dragapult, F|
|poke|p2|Heatran, M|
|poke|p2|Weezing-Galar, M|
|teampreview
|inactive|Battle timer is ON: inactive players will automatically lose when time's up. (requested by brickforbrains)
|inactive|tomg97 has 120 seconds left.
|
|t:|1776205036
|teamsize|p1|6
|teamsize|p2|6
|start
|switch|p1a: Samurott|Samurott-Hisui, M|100/100
|switch|p2a: Iron Crown|Iron Crown|100/100
|turn|1
|
|t:|1776205060
|-end|p2a: Iron Crown|Quark Drive|[silent]
|switch|p2a: Slither Wing|Slither Wing, shiny|100/100
|move|p1a: Samurott|Ceaseless Edge|p2a: Slither Wing
|-resisted|p2a: Slither Wing
|-damage|p2a: Slither Wing|81/100
|-sidestart|p2: brickforbrains|Spikes
|
|upkeep
|turn|2
|
|t:|1776205075
|move|p1a: Samurott|Ceaseless Edge|p2a: Slither Wing
|-resisted|p2a: Slither Wing
|-damage|p2a: Slither Wing|64/100
|-sidestart|p2: brickforbrains|Spikes
|move|p2a: Slither Wing|U-turn|p1a: Samurott
|-supereffective|p1a: Samurott
|-damage|p1a: Samurott|14/100
|
|t:|1776205079
|-end|p2a: Slither Wing|Protosynthesis|[silent]
|switch|p2a: Weezing|Weezing-Galar, M|100/100|[from] U-turn
|
|upkeep
|turn|3
|
|t:|1776205102
|switch|p1a: Toxtricity|Toxtricity, M|100/100
|move|p2a: Weezing|Toxic Spikes|p1a: Toxtricity
|-sidestart|p1: tomg97|move: Toxic Spikes
|
|upkeep
|turn|4
|
|t:|1776205109
|switch|p2a: Heatran|Heatran, M|100/100
|-damage|p2a: Heatran|84/100|[from] Spikes
|move|p1a: Toxtricity|Taunt|p2a: Heatran
|-start|p2a: Heatran|move: Taunt
|
|-heal|p2a: Heatran|90/100|[from] item: Leftovers
|upkeep
|turn|5
|
|t:|1776205124
|move|p1a: Toxtricity|Boomburst|p2a: Heatran
|-resisted|p2a: Heatran
|-crit|p2a: Heatran
|-damage|p2a: Heatran|62/100
|-enditem|p1a: Toxtricity|Throat Spray
|-boost|p1a: Toxtricity|spa|1|[from] item: Throat Spray
|move|p2a: Heatran|Earth Power|p1a: Toxtricity
|-supereffective|p1a: Toxtricity
|-damage|p1a: Toxtricity|0 fnt
|faint|p1a: Toxtricity
|
|-heal|p2a: Heatran|68/100|[from] item: Leftovers
|upkeep
|inactive|tomg97 has 120 seconds left.
|
|t:|1776205139
|switch|p1a: Gholdengo|Gholdengo|100/100
|turn|6
|
|t:|1776205142
|move|p1a: Gholdengo|Trick|p2a: Heatran
|-activate|p1a: Gholdengo|move: Trick|[of] p2a: Heatran
|-item|p2a: Heatran|Choice Scarf|[from] move: Trick
|-item|p1a: Gholdengo|Leftovers|[from] move: Trick
|move|p2a: Heatran|Magma Storm|p1a: Gholdengo|[miss]
|-miss|p2a: Heatran|p1a: Gholdengo
|
|-end|p2a: Heatran|move: Taunt
|upkeep
|turn|7
|
|t:|1776205159
|move|p1a: Gholdengo|Shadow Ball|p2a: Heatran
|-damage|p2a: Heatran|43/100
|move|p2a: Heatran|Magma Storm|p1a: Gholdengo|[miss]
|-miss|p2a: Heatran|p1a: Gholdengo
|
|upkeep
|turn|8
|
|t:|1776205165
|move|p1a: Gholdengo|Memento|p2a: Heatran
|-unboost|p2a: Heatran|atk|2
|-unboost|p2a: Heatran|spa|2
|faint|p1a: Gholdengo
|move|p2a: Heatran|Magma Storm|p1: Gholdengo|[notarget]
|-fail|p2a: Heatran
|
|upkeep
|
|t:|1776205178
|switch|p1a: Deoxys|Deoxys-Speed|100/100
|-status|p1a: Deoxys|psn
|-ability|p1a: Deoxys|Pressure
|turn|9
|
|t:|1776205184
|move|p1a: Deoxys|Light Screen|p1a: Deoxys
|-sidestart|p1: tomg97|move: Light Screen
|move|p2a: Heatran|Magma Storm|p1a: Deoxys
|-damage|p1a: Deoxys|87/100 psn
|-activate|p1a: Deoxys|move: Magma Storm|[of] p2a: Heatran
|
|-damage|p1a: Deoxys|74/100 psn|[from] psn
|-damage|p1a: Deoxys|62/100 psn|[from] move: Magma Storm|[partiallytrapped]
|upkeep
|turn|10
|
|t:|1776205188
|move|p1a: Deoxys|Reflect|p1a: Deoxys
|-sidestart|p1: tomg97|Reflect
|move|p2a: Heatran|Magma Storm|p1a: Deoxys
|-damage|p1a: Deoxys|49/100 psn
|
|-damage|p1a: Deoxys|37/100 psn|[from] psn
|-damage|p1a: Deoxys|25/100 psn|[from] move: Magma Storm|[partiallytrapped]
|upkeep
|turn|11
|
|t:|1776205195
|move|p1a: Deoxys|Taunt|p2a: Heatran
|-start|p2a: Heatran|move: Taunt
|move|p2a: Heatran|Magma Storm|p1a: Deoxys
|-damage|p1a: Deoxys|11/100 psn
|
|-damage|p1a: Deoxys|0 fnt|[from] psn
|faint|p1a: Deoxys
|upkeep
|
|t:|1776205222
|switch|p1a: Smeargle|Smeargle, F|100/100
|-status|p1a: Smeargle|psn
|turn|12
|
|t:|1776205230
|-activate|p2a: Heatran|move: Struggle
|move|p2a: Heatran|Struggle|p1a: Smeargle
|-damage|p1a: Smeargle|95/100 psn
|-damage|p2a: Heatran|18/100|[from] recoil
|move|p1a: Smeargle|Jaw Lock|p2a: Heatran
|-damage|p2a: Heatran|8/100
|-activate|p1a: Smeargle|trapped
|-activate|p2a: Heatran|trapped
|
|-damage|p1a: Smeargle|83/100 psn|[from] psn
|upkeep
|turn|13
|
|t:|1776205238
|-activate|p2a: Heatran|move: Struggle
|move|p2a: Heatran|Struggle|p1a: Smeargle
|-damage|p1a: Smeargle|78/100 psn
|-damage|p2a: Heatran|0 fnt|[from] recoil
|faint|p2a: Heatran
|move|p1a: Smeargle|No Retreat|p1a: Smeargle
|-boost|p1a: Smeargle|atk|1
|-boost|p1a: Smeargle|def|1
|-boost|p1a: Smeargle|spa|1
|-boost|p1a: Smeargle|spd|1
|-boost|p1a: Smeargle|spe|1
|-start|p1a: Smeargle|move: No Retreat
|
|-damage|p1a: Smeargle|66/100 psn|[from] psn
|upkeep
|
|t:|1776205246
|switch|p2a: Weezing|Weezing-Galar, M|100/100
|turn|14
|
|t:|1776205254
|move|p1a: Smeargle|Jaw Lock|p2a: Weezing
|-resisted|p2a: Weezing
|-damage|p2a: Weezing|95/100
|-activate|p1a: Smeargle|trapped
|-activate|p2a: Weezing|trapped
|-damage|p1a: Smeargle|49/100 psn|[from] item: Rocky Helmet|[of] p2a: Weezing
|move|p2a: Weezing|Defog|p1a: Smeargle
|-unboost|p1a: Smeargle|evasion|1
|-sideend|p1: tomg97|Reflect
|-sideend|p1: tomg97|move: Light Screen
|-sideend|p1: tomg97|Toxic Spikes|[from] move: Defog|[of] p2a: Weezing
|-sideend|p2: brickforbrains|Spikes|[from] move: Defog|[of] p2a: Weezing
|
|-damage|p1a: Smeargle|37/100 psn|[from] psn
|upkeep
|turn|15
|
|t:|1776205265
|move|p1a: Smeargle|No Retreat||[still]
|-fail|p1a: Smeargle
|move|p2a: Weezing|Strange Steam|p1a: Smeargle
|-damage|p1a: Smeargle|0 fnt
|faint|p1a: Smeargle
|
|upkeep
|-message|tomg97 forfeited.
|
|win|brickforbrains
|raw|tomg97's rating: 1511 &rarr; <strong>1493</strong><br />(-18 for losing)
|raw|brickforbrains's rating: 1540 &rarr; <strong>1558</strong><br />(+18 for winning)
|l|☆tomg97
|player|p1|
