|html|<div class="broadcast-blue"><strong>[Gen 9] OU is currently suspecting Tera Blast! For information on how to participate check out the <a href="https://www.smogon.com/tools/suspects/view/200">suspect thread</a>.</strong></div>
|j|☆Fusionboltspeed
|j|☆shushue
|t:|1776054802
|gametype|singles
|player|p1|Fusionboltspeed|1|1116
|player|p2|shushue|102|1098
|gen|9
|tier|[Gen 9] OU
|rated|
|rule|HP Percentage Mod: HP is shown in percentages
|rule|Endless Battle Clause: Forcing endless battles is banned
|rule|Species Clause: Limit one of each Pokémon
|rule|OHKO Clause: OHKO moves are banned
|rule|Evasion Items Clause: Evasion items are banned
|rule|Evasion Moves Clause: Evasion moves are banned
|rule|Evasion Abilities Clause: Evasion abilities are banned
|rule|Sleep Moves Clause: Sleep-inducing moves are banned
|clearpoke
|poke|p1|Alomomola, F|
|poke|p1|Thundurus-Therian, M|
|poke|p1|Meowscarada, F|
|poke|p1|Pecharunt|
|poke|p1|Glimmora, M|
|poke|p1|Noivern, M|
|poke|p2|Tornadus-Therian, M|
|poke|p2|Iron Moth|
|poke|p2|Dragonite, F|
|poke|p2|Heatran, M|
|poke|p2|Clefable, M|
|poke|p2|Cinderace, M|
|teampreview
|
|t:|1776054813
|teamsize|p1|6
|teamsize|p2|6
|start
|switch|p1a: Thundurus|Thundurus-Therian, M|100/100
|switch|p2a: Heatran|Heatran, M|100/100
|-item|p2a: Heatran|Air Balloon
|turn|1
|c|☆shushue|gl hf
|c|☆Fusionboltspeed|You too
|
|t:|1776054823
|move|p1a: Thundurus|Focus Blast|p2a: Heatran
|-supereffective|p2a: Heatran
|-damage|p2a: Heatran|0 fnt
|-enditem|p2a: Heatran|Air Balloon
|faint|p2a: Heatran
|-damage|p1a: Thundurus|91/100|[from] item: Life Orb
|
|upkeep
|inactive|Battle timer is ON: inactive players will automatically lose when time's up. (requested by Fusionboltspeed)
|
|t:|1776054850
|switch|p2a: Clefable|Clefable, M|100/100
|turn|2
|
|t:|1776054856
|move|p1a: Thundurus|Sludge Wave|p2a: Clefable
|-supereffective|p2a: Clefable
|-damage|p2a: Clefable|30/100
|-damage|p1a: Thundurus|81/100|[from] item: Life Orb
|move|p2a: Clefable|Calm Mind|p2a: Clefable
|-boost|p2a: Clefable|spa|1
|-boost|p2a: Clefable|spd|1
|
|-heal|p2a: Clefable|36/100|[from] item: Leftovers
|upkeep
|turn|3
|
|t:|1776054862
|move|p1a: Thundurus|Sludge Wave|p2a: Clefable
|-supereffective|p2a: Clefable
|-damage|p2a: Clefable|0 fnt
|faint|p2a: Clefable
|-damage|p1a: Thundurus|71/100|[from] item: Life Orb
|
|upkeep
|
|t:|1776054865
|switch|p2a: Iron Moth|Iron Moth|100/100
|-enditem|p2a: Iron Moth|Booster Energy
|-activate|p2a: Iron Moth|ability: Quark Drive|[fromitem]
|-start|p2a: Iron Moth|quarkdrivespa
|turn|4
|
|t:|1776054876
|switch|p1a: Alomomola|Alomomola, F|100/100
|move|p2a: Iron Moth|Fiery Dance|p1a: Alomomola
|-resisted|p1a: Alomomola
|-damage|p1a: Alomomola|65/100
|-boost|p2a: Iron Moth|spa|1
|
|-heal|p1a: Alomomola|72/100|[from] item: Leftovers
|upkeep
|turn|5
|
|t:|1776054884
|move|p2a: Iron Moth|Energy Ball|p1a: Alomomola
|-supereffective|p1a: Alomomola
|-damage|p1a: Alomomola|0 fnt
|faint|p1a: Alomomola
|
|upkeep
|
|t:|1776054894
|switch|p1a: Glimmora|Glimmora, M|100/100
|turn|6
|
|t:|1776054909
|move|p2a: Iron Moth|Discharge|p1a: Glimmora
|-damage|p1a: Glimmora|20/100
|-status|p1a: Glimmora|par
|move|p1a: Glimmora|Power Gem|p2a: Iron Moth
|-supereffective|p2a: Iron Moth
|-crit|p2a: Iron Moth
|-damage|p2a: Iron Moth|0 fnt
|faint|p2a: Iron Moth
|-end|p2a: Iron Moth|Quark Drive|[silent]
|
|upkeep
|
|t:|1776054919
|switch|p2a: Dragonite|Dragonite, F|100/100
|turn|7
|
|t:|1776054922
|move|p2a: Dragonite|Dragon Dance|p2a: Dragonite
|-boost|p2a: Dragonite|atk|1
|-boost|p2a: Dragonite|spe|1
|move|p1a: Glimmora|Stealth Rock|p2a: Dragonite
|-sidestart|p2: shushue|move: Stealth Rock
|
|upkeep
|turn|8
|
|t:|1776054926
|cant|p1a: Glimmora|par
|move|p2a: Dragonite|Dragon Dance|p2a: Dragonite
|-boost|p2a: Dragonite|atk|1
|-boost|p2a: Dragonite|spe|1
|
|upkeep
|turn|9
|
|t:|1776054931
|move|p2a: Dragonite|Dragon Dance|p2a: Dragonite
|-boost|p2a: Dragonite|atk|1
|-boost|p2a: Dragonite|spe|1
|move|p1a: Glimmora|Power Gem|p2a: Dragonite
|-supereffective|p2a: Dragonite
|-damage|p2a: Dragonite|54/100
|
|upkeep
|turn|10
|
|t:|1776054938
|cant|p1a: Glimmora|par
|move|p2a: Dragonite|Dragon Claw|p1a: Glimmora
|-damage|p1a: Glimmora|0 fnt
|-activate|p1a: Glimmora|ability: Toxic Debris
|-sidestart|p2: shushue|move: Toxic Spikes
|faint|p1a: Glimmora
|
|upkeep
|
|t:|1776054949
|switch|p1a: Pecharunt|Pecharunt|100/100
|turn|11
|
|t:|1776054962
|-terastallize|p2a: Dragonite|Dragon
|move|p2a: Dragonite|Dragon Claw|p1a: Pecharunt
|-damage|p1a: Pecharunt|17/100
|move|p1a: Pecharunt|Shadow Ball|p2a: Dragonite
|-damage|p2a: Dragonite|27/100
|
|upkeep
|turn|12
|
|t:|1776054970
|move|p2a: Dragonite|Dragon Claw|p1a: Pecharunt
|-damage|p1a: Pecharunt|0 fnt
|faint|p1a: Pecharunt
|
|upkeep
|
|t:|1776054973
|switch|p1a: Meowscarada|Meowscarada, F|100/100
|turn|13
|
|t:|1776054978
|move|p2a: Dragonite|Dragon Claw|p1a: Meowscarada
|-enditem|p1a: Meowscarada|Focus Sash
|-damage|p1a: Meowscarada|1/100
|move|p1a: Meowscarada|Knock Off|p2a: Dragonite
|-start|p1a: Meowscarada|typechange|Dark|[from] ability: Protean
|-damage|p2a: Dragonite|0 fnt
|-enditem|p2a: Dragonite|Heavy-Duty Boots|[from] move: Knock Off|[of] p1a: Meowscarada
|faint|p2a: Dragonite
|
|upkeep
|c|☆Fusionboltspeed|Why am i so dum
|inactive|shushue has 120 seconds left.
|c|☆Fusionboltspeed|I forgot meowscarada had focus sash
|c|☆shushue|if it makes you feel any better for the last several matches in a row I've been planning on out having an actual ice move on my team and have kept forgetting
|inactive|shushue has 90 seconds left.
|
|t:|1776055040
|switch|p2a: Tornadus|Tornadus-Therian, M|100/100
|-damage|p2a: Tornadus|76/100|[from] Stealth Rock
|turn|14
|
|t:|1776055047
|move|p1a: Meowscarada|Triple Axel|p2a: Tornadus
|-supereffective|p2a: Tornadus
|-damage|p2a: Tornadus|61/100
|-supereffective|p2a: Tornadus
|-damage|p2a: Tornadus|31/100
|-supereffective|p2a: Tornadus
|-damage|p2a: Tornadus|0 fnt
|faint|p2a: Tornadus
|-hitcount|p2: Tornadus|3
|
|upkeep
|
|t:|1776055053
|switch|p2a: Cinderace|Cinderace, M|100/100
|-damage|p2a: Cinderace|76/100|[from] Stealth Rock
|-status|p2a: Cinderace|psn
|turn|15
|
|t:|1776055060
|move|p1a: Meowscarada|Knock Off|p2a: Cinderace
|-damage|p2a: Cinderace|9/100 psn
|-enditem|p2a: Cinderace|Life Orb|[from] move: Knock Off|[of] p1a: Meowscarada
|move|p2a: Cinderace|Trailblaze|p1a: Meowscarada
|-start|p2a: Cinderace|typechange|Grass|[from] ability: Libero
|-damage|p1a: Meowscarada|0 fnt
|-boost|p2a: Cinderace|spe|1
|faint|p1a: Meowscarada
|
|-damage|p2a: Cinderace|0 fnt|[from] psn
|faint|p2a: Cinderace
|
|win|Fusionboltspeed
|raw|Fusionboltspeed's rating: 1116 &rarr; <strong>1140</strong><br />(+24 for winning)
|raw|shushue's rating: 1098 &rarr; <strong>1075</strong><br />(-23 for losing)
|c|☆shushue|shit
|c|☆shushue|gg
|c|☆Fusionboltspeed|Ggs
|l|☆shushue
|player|p2|
|l|☆Fusionboltspeed
|player|p1|
