|html|<div class="broadcast-blue"><strong>[Gen 9] OU is currently suspecting Tera Blast! For information on how to participate check out the <a href="https://www.smogon.com/tools/suspects/view/200">suspect thread</a>.</strong></div>
|j|☆javi.gdurdy
|j|☆Vk_XR
|t:|1776055164
|gametype|singles
|player|p1|javi.gdurdy|n|1082
|player|p2|Vk_XR|266|1122
|gen|9
|tier|[Gen 9] OU
|rated|
|rule|HP Percentage Mod: HP is shown in percentages
|rule|Endless Battle Clause: Forcing endless battles is banned
|rule|Species Clause: Limit one of each Pokémon
|rule|OHKO Clause: OHKO moves are banned
|rule|Evasion Items Clause: Evasion items are banned
|rule|Evasion Moves Clause: Evasion moves are banned
|rule|Evasion Abilities Clause: Evasion abilities are banned
|rule|Sleep Moves Clause: Sleep-inducing moves are banned
|clearpoke
|poke|p1|Gliscor, M|
|poke|p1|Toxtricity, F|
|poke|p1|Tinkaton, F|
|poke|p1|Dragapult, F|
|poke|p1|Great Tusk|
|poke|p1|Milotic, F|
|poke|p2|Eiscue, F|
|poke|p2|Blaziken, M|
|poke|p2|Revavroom, F|
|poke|p2|Garganacl, M|
|poke|p2|Quaquaval, F|
|poke|p2|Clefable, F|
|teampreview
|
|t:|1776055180
|teamsize|p1|6
|teamsize|p2|6
|start
|switch|p1a: Gliscor|Gliscor, M|100/100
|switch|p2a: Garganacl|Garganacl, M|100/100
|turn|1
|
|t:|1776055189
|move|p1a: Gliscor|Protect|p1a: Gliscor
|-singleturn|p1a: Gliscor|Protect
|move|p2a: Garganacl|Iron Defense|p2a: Garganacl
|-boost|p2a: Garganacl|def|2
|
|-status|p1a: Gliscor|tox|[from] item: Toxic Orb
|upkeep
|turn|2
|
|t:|1776055202
|switch|p1a: Dragapult|Dragapult, F|100/100
|move|p2a: Garganacl|Salt Cure|p1a: Dragapult
|-damage|p1a: Dragapult|83/100
|-start|p1a: Dragapult|Salt Cure
|
|-damage|p1a: Dragapult|71/100|[from] Salt Cure
|upkeep
|turn|3
|
|t:|1776055215
|move|p1a: Dragapult|Draco Meteor|p2a: Garganacl
|-damage|p2a: Garganacl|32/100
|-unboost|p1a: Dragapult|spa|2
|move|p2a: Garganacl|Stealth Rock|p1a: Dragapult
|-sidestart|p1: javi.gdurdy|move: Stealth Rock
|
|-damage|p1a: Dragapult|59/100|[from] Salt Cure
|upkeep
|turn|4
|
|t:|1776055227
|move|p1a: Dragapult|Draco Meteor|p2a: Garganacl
|-damage|p2a: Garganacl|0 fnt
|-unboost|p1a: Dragapult|spa|2
|faint|p2a: Garganacl
|
|-damage|p1a: Dragapult|46/100|[from] Salt Cure
|upkeep
|
|t:|1776055237
|switch|p2a: Blaziken|Blaziken, M|100/100
|turn|5
|
|t:|1776055242
|move|p1a: Dragapult|Draco Meteor|p2a: Blaziken
|-damage|p2a: Blaziken|58/100
|-unboost|p1a: Dragapult|spa|2
|move|p2a: Blaziken|Swords Dance|p2a: Blaziken
|-boost|p2a: Blaziken|atk|2
|
|-damage|p1a: Dragapult|34/100|[from] Salt Cure
|-ability|p2a: Blaziken|Speed Boost|boost
|-boost|p2a: Blaziken|spe|1
|upkeep
|turn|6
|
|t:|1776055256
|move|p1a: Dragapult|Draco Meteor|p2a: Blaziken
|-crit|p2a: Blaziken
|-damage|p2a: Blaziken|0 fnt
|faint|p2a: Blaziken
|
|-damage|p1a: Dragapult|22/100|[from] Salt Cure
|upkeep
|
|t:|1776055264
|switch|p2a: Eiscue|Eiscue, F|100/100
|turn|7
|
|t:|1776055277
|switch|p1a: Tinkaton|Tinkaton, F|100/100
|-damage|p1a: Tinkaton|94/100|[from] Stealth Rock
|-ability|p1a: Tinkaton|Mold Breaker
|move|p2a: Eiscue|Belly Drum|p2a: Eiscue
|-damage|p2a: Eiscue|51/100
|-setboost|p2a: Eiscue|atk|6|[from] move: Belly Drum
|
|-heal|p1a: Tinkaton|100/100|[from] item: Leftovers
|upkeep
|turn|8
|
|t:|1776055292
|-terastallize|p2a: Eiscue|Ground
|move|p1a: Tinkaton|Gigaton Hammer|p2a: Eiscue
|-damage|p2a: Eiscue|1/100
|-enditem|p2a: Eiscue|Sitrus Berry|[eat]
|-heal|p2a: Eiscue|26/100|[from] item: Sitrus Berry
|move|p2a: Eiscue|Tera Blast|p1a: Tinkaton|[anim] Tera Blast Ground
|-supereffective|p1a: Tinkaton
|-crit|p1a: Tinkaton
|-damage|p1a: Tinkaton|0 fnt
|faint|p1a: Tinkaton
|
|upkeep
|
|t:|1776055314
|switch|p1a: Toxtricity|Toxtricity, F|100/100
|-damage|p1a: Toxtricity|88/100|[from] Stealth Rock
|turn|9
|
|t:|1776055323
|move|p1a: Toxtricity|Boomburst|p2a: Eiscue
|-damage|p2a: Eiscue|0 fnt
|faint|p2a: Eiscue
|
|upkeep
|
|t:|1776055329
|switch|p2a: Revavroom|Revavroom, F|100/100
|-item|p2a: Revavroom|Air Balloon
|turn|10
|
|t:|1776055342
|switch|p1a: Dragapult|Dragapult, F|22/100
|-damage|p1a: Dragapult|9/100|[from] Stealth Rock
|move|p2a: Revavroom|Shift Gear|p2a: Revavroom
|-boost|p2a: Revavroom|spe|2
|-boost|p2a: Revavroom|atk|1
|
|upkeep
|turn|11
|
|t:|1776055358
|move|p2a: Revavroom|Iron Head|p1a: Dragapult
|-damage|p1a: Dragapult|0 fnt
|faint|p1a: Dragapult
|
|upkeep
|
|t:|1776055369
|switch|p1a: Gliscor|Gliscor, M|100/100 tox
|-damage|p1a: Gliscor|88/100 tox|[from] Stealth Rock
|turn|12
|
|t:|1776055379
|move|p2a: Revavroom|Shift Gear|p2a: Revavroom
|-boost|p2a: Revavroom|spe|2
|-boost|p2a: Revavroom|atk|1
|move|p1a: Gliscor|Knock Off|p2a: Revavroom
|-damage|p2a: Revavroom|72/100
|-enditem|p2a: Revavroom|Air Balloon
|
|-heal|p1a: Gliscor|100/100 tox|[from] ability: Poison Heal
|upkeep
|turn|13
|
|t:|1776055397
|switch|p1a: Great Tusk|Great Tusk|100/100
|-damage|p1a: Great Tusk|98/100|[from] Stealth Rock
|-enditem|p1a: Great Tusk|Booster Energy
|-activate|p1a: Great Tusk|ability: Protosynthesis|[fromitem]
|-start|p1a: Great Tusk|protosynthesisdef
|move|p2a: Revavroom|Iron Head|p1a: Great Tusk
|-damage|p1a: Great Tusk|61/100
|
|upkeep
|turn|14
|
|t:|1776055411
|move|p2a: Revavroom|Poison Jab|p1a: Great Tusk
|-resisted|p1a: Great Tusk
|-damage|p1a: Great Tusk|42/100
|move|p1a: Great Tusk|Earthquake|p2a: Revavroom
|-supereffective|p2a: Revavroom
|-damage|p2a: Revavroom|0 fnt
|faint|p2a: Revavroom
|
|upkeep
|
|t:|1776055419
|switch|p2a: Quaquaval|Quaquaval, F|100/100
|turn|15
|
|t:|1776055429
|-end|p1a: Great Tusk|Protosynthesis|[silent]
|switch|p1a: Toxtricity|Toxtricity, F|88/100
|-damage|p1a: Toxtricity|76/100|[from] Stealth Rock
|move|p2a: Quaquaval|Aqua Step|p1a: Toxtricity
|-damage|p1a: Toxtricity|0 fnt
|-boost|p2a: Quaquaval|spe|1
|faint|p1a: Toxtricity
|-ability|p2a: Quaquaval|Moxie|boost
|-boost|p2a: Quaquaval|atk|1
|-damage|p2a: Quaquaval|91/100|[from] item: Life Orb
|
|upkeep
|
|t:|1776055441
|switch|p1a: Gliscor|Gliscor, M|100/100 tox
|-damage|p1a: Gliscor|88/100 tox|[from] Stealth Rock
|turn|16
|
|t:|1776055450
|-terastallize|p1a: Gliscor|Water
|move|p2a: Quaquaval|Swords Dance|p2a: Quaquaval
|-boost|p2a: Quaquaval|atk|2
|move|p1a: Gliscor|Toxic|p2a: Quaquaval
|-status|p2a: Quaquaval|tox
|
|-damage|p2a: Quaquaval|84/100 tox|[from] psn
|-heal|p1a: Gliscor|100/100 tox|[from] ability: Poison Heal
|upkeep
|turn|17
|
|t:|1776055463
|move|p1a: Gliscor|Protect|p1a: Gliscor
|-singleturn|p1a: Gliscor|Protect
|move|p2a: Quaquaval|Swords Dance|p2a: Quaquaval
|-boost|p2a: Quaquaval|atk|2
|
|-damage|p2a: Quaquaval|72/100 tox|[from] psn
|upkeep
|turn|18
|
|t:|1776055474
|move|p2a: Quaquaval|Close Combat|p1a: Gliscor
|-damage|p1a: Gliscor|0 fnt
|-unboost|p2a: Quaquaval|def|1
|-unboost|p2a: Quaquaval|spd|1
|faint|p1a: Gliscor
|-ability|p2a: Quaquaval|Moxie|boost
|-boost|p2a: Quaquaval|atk|1
|-damage|p2a: Quaquaval|62/100 tox|[from] item: Life Orb
|
|-damage|p2a: Quaquaval|44/100 tox|[from] psn
|upkeep
|
|t:|1776055485
|switch|p1a: Milotic|Milotic, F|100/100
|-damage|p1a: Milotic|88/100|[from] Stealth Rock
|turn|19
|
|t:|1776055495
|move|p2a: Quaquaval|Close Combat|p1a: Milotic
|-damage|p1a: Milotic|0 fnt
|-unboost|p2a: Quaquaval|def|1
|-unboost|p2a: Quaquaval|spd|1
|faint|p1a: Milotic
|-damage|p2a: Quaquaval|34/100 tox|[from] item: Life Orb
|
|-damage|p2a: Quaquaval|10/100 tox|[from] psn
|upkeep
|
|t:|1776055504
|switch|p1a: Great Tusk|Great Tusk|42/100
|-damage|p1a: Great Tusk|39/100|[from] Stealth Rock
|turn|20
|
|t:|1776055513
|move|p2a: Quaquaval|Aqua Step|p1a: Great Tusk
|-supereffective|p1a: Great Tusk
|-damage|p1a: Great Tusk|0 fnt
|-boost|p2a: Quaquaval|spe|1
|faint|p1a: Great Tusk
|-end|p1a: Great Tusk|Protosynthesis|[silent]
|-damage|p2a: Quaquaval|0 fnt|[from] item: Life Orb
|faint|p2a: Quaquaval
|
|win|Vk_XR
|raw|javi.gdurdy's rating: 1082 &rarr; <strong>1062</strong><br />(-20 for losing)
|raw|Vk_XR's rating: 1122 &rarr; <strong>1144</strong><br />(+22 for winning)
|l|☆Vk_XR
|player|p2|
