|html|<div class="broadcast-blue"><strong>[Gen 9] OU is currently suspecting Volcarona! For information on how to participate check out the <a href="https://www.smogon.com/tools/suspects/view/208">suspect thread</a>.</strong></div>
|j|☆SnappsterBaccBacc
|j|☆Ismarth
|t:|1778507005
|gametype|singles
|player|p1|SnappsterBaccBacc|veteran|1207
|player|p2|Ismarth|clair|1226
|gen|9
|tier|[Gen 9] OU
|rated|
|rule|HP Percentage Mod: HP is shown in percentages
|rule|Endless Battle Clause: Forcing endless battles is banned
|rule|Species Clause: Limit one of each Pokémon
|rule|OHKO Clause: OHKO moves are banned
|rule|Evasion Items Clause: Evasion items are banned
|rule|Evasion Moves Clause: Evasion moves are banned
|rule|Evasion Abilities Clause: Evasion abilities are banned
|rule|Sleep Moves Clause: Sleep-inducing moves are banned
|clearpoke
|poke|p1|Ogerpon, F|
|poke|p1|Darkrai|
|poke|p1|Garchomp, M|
|poke|p1|Corviknight, F|
|poke|p1|Clodsire, F|
|poke|p1|Alomomola, M|
|poke|p2|Ursaluna, M|
|poke|p2|Hatterene, F|
|poke|p2|Porygon2|
|poke|p2|Indeedee-F, F|
|poke|p2|Weezing-Galar, M|
|poke|p2|Cresselia, F|
|teampreview
|
|t:|1778507030
|teamsize|p1|6
|teamsize|p2|6
|start
|switch|p1a: Mokkey|Ogerpon, F|100/100
|switch|p2a: Porygon2|Porygon2|100/100
|-ability|p2a: Porygon2|Download|boost
|-boost|p2a: Porygon2|atk|1
|turn|1
|
|t:|1778507044
|switch|p1a: Mamola|Alomomola, M|100/100
|move|p2a: Porygon2|Ice Beam|p1a: Mamola
|-resisted|p1a: Mamola
|-damage|p1a: Mamola|95/100
|
|upkeep
|turn|2
|
|t:|1778507058
|move|p2a: Porygon2|Thunderbolt|p1a: Mamola
|-supereffective|p1a: Mamola
|-damage|p1a: Mamola|72/100
|move|p1a: Mamola|Scald|p2a: Porygon2
|-damage|p2a: Porygon2|94/100
|
|upkeep
|turn|3
|
|t:|1778507065
|move|p1a: Mamola|Mirror Coat||[still]
|-fail|p1a: Mamola
|move|p2a: Porygon2|Trick Room|p2a: Porygon2
|-fieldstart|move: Trick Room|[of] p2a: Porygon2
|
|upkeep
|turn|4
|
|t:|1778507074
|switch|p2a: Ursaluna|Ursaluna, M|100/100
|move|p1a: Mamola|Mirror Coat||[still]
|-fail|p1a: Mamola
|
|-status|p2a: Ursaluna|brn|[from] item: Flame Orb
|upkeep
|turn|5
|
|t:|1778507084
|move|p1a: Mamola|Flip Turn|p2a: Ursaluna
|-supereffective|p2a: Ursaluna
|-damage|p2a: Ursaluna|78/100 brn
|
|t:|1778507100
|switch|p1a: Garchomp|Garchomp, M|100/100|[from] Flip Turn
|move|p2a: Ursaluna|Facade|p1a: Garchomp
|-damage|p1a: Garchomp|16/100
|-damage|p2a: Ursaluna|66/100 brn|[from] ability: Rough Skin|[of] p1a: Garchomp
|-damage|p2a: Ursaluna|49/100 brn|[from] item: Rocky Helmet|[of] p1a: Garchomp
|
|-damage|p2a: Ursaluna|43/100 brn|[from] brn
|upkeep
|turn|6
|
|t:|1778507118
|-terastallize|p1a: Garchomp|Ghost
|move|p2a: Ursaluna|Close Combat|p1a: Garchomp
|-immune|p1a: Garchomp
|move|p1a: Garchomp|Earthquake|p2a: Ursaluna
|-damage|p2a: Ursaluna|10/100 brn
|
|-damage|p2a: Ursaluna|4/100 brn|[from] brn
|upkeep
|turn|7
|
|t:|1778507141
|switch|p2a: Weezing|Weezing-Galar, M|100/100
|-ability|p2a: Weezing|Neutralizing Gas
|-item|p2a: Weezing|Air Balloon
|switch|p1a: Corviknight|Corviknight, F|100/100
|
|-fieldend|move: Trick Room
|upkeep
|turn|8
|
|t:|1778507165
|move|p1a: Corviknight|U-turn|p2a: Weezing
|-resisted|p2a: Weezing
|-damage|p2a: Weezing|97/100
|-enditem|p2a: Weezing|Air Balloon
|
|t:|1778507169
|switch|p1a: Clodsire|Clodsire, F|100/100|[from] U-turn
|move|p2a: Weezing|Will-O-Wisp|p1a: Clodsire
|-status|p1a: Clodsire|brn
|
|-damage|p1a: Clodsire|94/100 brn|[from] brn
|upkeep
|turn|9
|
|t:|1778507182
|-end|p2a: Weezing|ability: Neutralizing Gas
|switch|p2a: Indeedee|Indeedee-F, F|100/100
|-fieldstart|move: Psychic Terrain|[from] ability: Psychic Surge|[of] p2a: Indeedee
|move|p1a: Clodsire|Spikes|p2a: Indeedee
|-sidestart|p2: Ismarth|Spikes
|
|-damage|p1a: Clodsire|88/100 brn|[from] brn
|upkeep
|turn|10
|
|t:|1778507193
|switch|p1a: Darkrai|Darkrai|100/100
|move|p2a: Indeedee|Trick Room|p2a: Indeedee
|-fieldstart|move: Trick Room|[of] p2a: Indeedee
|
|upkeep
|turn|11
|
|t:|1778507203
|move|p2a: Indeedee|Healing Wish|p2a: Indeedee
|faint|p2a: Indeedee
|move|p1a: Darkrai|Dark Pulse|p2: Indeedee|[notarget]
|-fail|p1a: Darkrai
|
|upkeep
|
|t:|1778507207
|switch|p2a: Ursaluna|Ursaluna, M|4/100 brn
|-heal|p2a: Ursaluna|100/100|[from] move: Healing Wish
|-damage|p2a: Ursaluna|88/100|[from] Spikes
|turn|12
|
|t:|1778507218
|switch|p1a: Corviknight|Corviknight, F|100/100
|-ability|p1a: Corviknight|Pressure
|move|p2a: Ursaluna|Close Combat|p1a: Corviknight
|-damage|p1a: Corviknight|69/100
|-unboost|p2a: Ursaluna|def|1
|-unboost|p2a: Ursaluna|spd|1
|
|-heal|p1a: Corviknight|75/100|[from] item: Leftovers
|-status|p2a: Ursaluna|brn|[from] item: Flame Orb
|upkeep
|turn|13
|
|t:|1778507229
|move|p2a: Ursaluna|Close Combat|p1a: Corviknight
|-damage|p1a: Corviknight|30/100
|-unboost|p2a: Ursaluna|def|1
|-unboost|p2a: Ursaluna|spd|1
|move|p1a: Corviknight|Roost|p1a: Corviknight
|-heal|p1a: Corviknight|80/100
|-singleturn|p1a: Corviknight|move: Roost
|
|-heal|p1a: Corviknight|86/100|[from] item: Leftovers
|-damage|p2a: Ursaluna|82/100 brn|[from] brn
|upkeep
|turn|14
|
|t:|1778507243
|switch|p2a: Hatterene|Hatterene, F|100/100
|-damage|p2a: Hatterene|88/100|[from] Spikes
|move|p1a: Corviknight|Roost|p1a: Corviknight
|-heal|p1a: Corviknight|100/100
|-singleturn|p1a: Corviknight|move: Roost
|
|-fieldend|move: Trick Room
|upkeep
|turn|15
|
|t:|1778507256
|move|p1a: Corviknight|U-turn|p2a: Hatterene
|-damage|p2a: Hatterene|72/100
|-enditem|p2a: Hatterene|Red Card|[of] p1a: Corviknight
|drag|p1a: Garchomp|Garchomp, M, tera:Ghost|16/100
|move|p2a: Hatterene|Trick Room|p2a: Hatterene
|-fieldstart|move: Trick Room|[of] p2a: Hatterene
|
|upkeep
|turn|16
|
|t:|1778507265
|switch|p1a: Mamola|Alomomola, M|100/100
|move|p2a: Hatterene|Calm Mind|p2a: Hatterene
|-boost|p2a: Hatterene|spa|1
|-boost|p2a: Hatterene|spd|1
|
|-fieldend|move: Psychic Terrain
|upkeep
|turn|17
|
|t:|1778507277
|move|p2a: Hatterene|Calm Mind|p2a: Hatterene
|-boost|p2a: Hatterene|spa|1
|-boost|p2a: Hatterene|spd|1
|move|p1a: Mamola|Mirror Coat||[still]
|-fail|p1a: Mamola
|
|upkeep
|turn|18
|
|t:|1778507286
|move|p2a: Hatterene|Psychic Noise|p1a: Mamola
|-damage|p1a: Mamola|54/100
|-start|p1a: Mamola|move: Heal Block
|move|p1a: Mamola|Flip Turn|p2a: Hatterene
|-damage|p2a: Hatterene|54/100
|
|t:|1778507294
|switch|p1a: Clodsire|Clodsire, F|88/100 brn|[from] Flip Turn
|
|-damage|p1a: Clodsire|82/100 brn|[from] brn
|upkeep
|turn|19
|
|t:|1778507306
|move|p1a: Clodsire|Toxic|p2a: Hatterene
|move|p2a: Hatterene|Toxic||[from] ability: Magic Bounce|[still]
|-fail|p2a: Hatterene
|move|p2a: Hatterene|Draining Kiss|p1a: Clodsire
|-resisted|p1a: Clodsire
|-crit|p1a: Clodsire
|-damage|p1a: Clodsire|68/100 brn
|-heal|p2a: Hatterene|68/100|[from] drain|[of] p1a: Clodsire
|
|-damage|p1a: Clodsire|62/100 brn|[from] brn
|-fieldend|move: Trick Room
|upkeep
|turn|20
|
|t:|1778507322
|switch|p1a: Mamola|Alomomola, M|88/100
|move|p2a: Hatterene|Trick Room|p2a: Hatterene
|-fieldstart|move: Trick Room|[of] p2a: Hatterene
|
|upkeep
|turn|21
|
|t:|1778507329
|move|p2a: Hatterene|Calm Mind|p2a: Hatterene
|-boost|p2a: Hatterene|spa|1
|-boost|p2a: Hatterene|spd|1
|move|p1a: Mamola|Scald|p2a: Hatterene
|-damage|p2a: Hatterene|62/100
|
|upkeep
|turn|22
|-message|SnappsterBaccBacc forfeited.
|
|win|Ismarth
|raw|SnappsterBaccBacc's rating: 1207 &rarr; <strong>1183</strong><br />(-24 for losing)
|raw|Ismarth's rating: 1226 &rarr; <strong>1250</strong><br />(+24 for winning)
|l|☆Ismarth
|player|p2|
|l|☆SnappsterBaccBacc
|player|p1|
