|html|<div class="broadcast-blue"><strong>[Gen 9] OU is currently suspecting Volcarona! For information on how to participate check out the <a href="https://www.smogon.com/tools/suspects/view/208">suspect thread</a>.</strong></div>
|j|☆big strokuh
|j|☆that is a sled
|t:|1778506360
|gametype|singles
|player|p1|big strokuh|scientist|1441
|player|p2|that is a sled|scientist-gen4|1473
|gen|9
|tier|[Gen 9] OU
|rated|
|rule|HP Percentage Mod: HP is shown in percentages
|rule|Endless Battle Clause: Forcing endless battles is banned
|rule|Species Clause: Limit one of each Pokémon
|rule|OHKO Clause: OHKO moves are banned
|rule|Evasion Items Clause: Evasion items are banned
|rule|Evasion Moves Clause: Evasion moves are banned
|rule|Evasion Abilities Clause: Evasion abilities are banned
|rule|Sleep Moves Clause: Sleep-inducing moves are banned
|clearpoke
|poke|p1|Gholdengo|
|poke|p1|Landorus-Therian, M|
|poke|p1|Samurott-Hisui, F|
|poke|p1|Kingambit, F|
|poke|p1|Iron Valiant|
|poke|p1|Dragonite, F|
|poke|p2|Cinderace, M|
|poke|p2|Hatterene, F|
|poke|p2|Torkoal, M|
|poke|p2|Ursaluna, M|
|poke|p2|Slowking, F|
|poke|p2|Cresselia, F|
|teampreview
|inactive|Battle timer is ON: inactive players will automatically lose when time's up. (requested by big strokuh)
|inactive|that is a sled also wants the timer to be on.
|
|t:|1778506376
|teamsize|p1|6
|teamsize|p2|6
|start
|switch|p1a: Samurott|Samurott-Hisui, F|100/100
|switch|p2a: Celery|Cinderace, M|100/100
|turn|1
|
|t:|1778506380
|move|p2a: Celery|U-turn|p1a: Samurott
|-start|p2a: Celery|typechange|Bug|[from] ability: Libero
|-supereffective|p1a: Samurott
|-damage|p1a: Samurott|6/100
|
|t:|1778506393
|switch|p2a: Dave|Slowking, F|100/100|[from] U-turn
|move|p1a: Samurott|Aqua Cutter|p2a: Dave
|-resisted|p2a: Dave
|-damage|p2a: Dave|85/100
|
|upkeep
|turn|2
|
|t:|1778506395
|move|p1a: Samurott|Ceaseless Edge|p2a: Dave
|-supereffective|p2a: Dave
|-damage|p2a: Dave|27/100
|-sidestart|p2: that is a sled|Spikes
|move|p2a: Dave|Scald|p1a: Samurott
|-resisted|p1a: Samurott
|-damage|p1a: Samurott|0 fnt
|faint|p1a: Samurott
|
|upkeep
|
|t:|1778506401
|switch|p1a: Gholdengo|Gholdengo|100/100
|turn|3
|
|t:|1778506411
|switch|p2a: Luma|Cresselia, F|100/100
|move|p1a: Gholdengo|Trick|p2a: Luma
|-activate|p1a: Gholdengo|move: Trick|[of] p2a: Luma
|-item|p2a: Luma|Choice Scarf|[from] move: Trick
|-item|p1a: Gholdengo|Mental Herb|[from] move: Trick
|
|upkeep
|turn|4
|
|t:|1778506424
|switch|p1a: Kingambit|Kingambit, F|100/100
|-activate|p1a: Kingambit|ability: Supreme Overlord
|-start|p1a: Kingambit|fallen1|[silent]
|move|p2a: Luma|Trick Room|p2a: Luma
|-fieldstart|move: Trick Room|[of] p2a: Luma
|
|upkeep
|turn|5
|
|t:|1778506428
|switch|p2a: the bear.|Ursaluna, M|100/100
|-damage|p2a: the bear.|88/100|[from] Spikes
|move|p1a: Kingambit|Swords Dance|p1a: Kingambit
|-boost|p1a: Kingambit|atk|2
|
|-status|p2a: the bear.|brn|[from] item: Flame Orb
|upkeep
|turn|6
|
|t:|1778506433
|move|p1a: Kingambit|Sucker Punch|p2a: the bear.
|-damage|p2a: the bear.|26/100 brn
|move|p2a: the bear.|Headlong Rush|p1a: Kingambit
|-supereffective|p1a: Kingambit
|-damage|p1a: Kingambit|0 fnt
|-unboost|p2a: the bear.|def|1
|-unboost|p2a: the bear.|spd|1
|faint|p1a: Kingambit
|-end|p1a: Kingambit|fallen1|[silent]
|
|-damage|p2a: the bear.|20/100 brn|[from] brn
|upkeep
|
|t:|1778506437
|switch|p1a: Dragonite|Dragonite, F|100/100
|turn|7
|
|t:|1778506443
|switch|p2a: Luma|Cresselia, F|100/100
|move|p1a: Dragonite|Dragon Dance|p1a: Dragonite
|-boost|p1a: Dragonite|atk|1
|-boost|p1a: Dragonite|spe|1
|
|upkeep
|turn|8
|
|t:|1778506446
|move|p2a: Luma|Ice Beam|p1a: Dragonite
|-supereffective|p1a: Dragonite
|-damage|p1a: Dragonite|63/100
|move|p1a: Dragonite|Dragon Dance|p1a: Dragonite
|-boost|p1a: Dragonite|atk|1
|-boost|p1a: Dragonite|spe|1
|
|-fieldend|move: Trick Room
|upkeep
|turn|9
|
|t:|1778506452
|-terastallize|p1a: Dragonite|Normal
|move|p1a: Dragonite|Dragon Dance|p1a: Dragonite
|-boost|p1a: Dragonite|atk|1
|-boost|p1a: Dragonite|spe|1
|move|p2a: Luma|Ice Beam|p1a: Dragonite
|-damage|p1a: Dragonite|44/100
|
|upkeep
|turn|10
|
|t:|1778506456
|move|p1a: Dragonite|Dragon Dance|p1a: Dragonite
|-boost|p1a: Dragonite|atk|1
|-boost|p1a: Dragonite|spe|1
|move|p2a: Luma|Ice Beam|p1a: Dragonite
|-damage|p1a: Dragonite|28/100
|
|upkeep
|turn|11
|
|t:|1778506458
|move|p1a: Dragonite|Extreme Speed|p2a: Luma
|-damage|p2a: Luma|29/100
|move|p2a: Luma|Ice Beam|p1a: Dragonite
|-damage|p1a: Dragonite|10/100
|
|upkeep
|turn|12
|
|t:|1778506462
|move|p1a: Dragonite|Extreme Speed|p2a: Luma
|-damage|p2a: Luma|0 fnt
|faint|p2a: Luma
|
|upkeep
|
|t:|1778506468
|switch|p2a: Dave|Slowking, F|60/100
|-damage|p2a: Dave|47/100|[from] Spikes
|turn|13
|
|t:|1778506471
|switch|p2a: the bear.|Ursaluna, M|20/100 brn
|-damage|p2a: the bear.|8/100 brn|[from] Spikes
|move|p1a: Dragonite|Extreme Speed|p2a: the bear.
|-damage|p2a: the bear.|0 fnt
|faint|p2a: the bear.
|
|upkeep
|
|t:|1778506482
|switch|p2a: Drag Queen|Hatterene, F|100/100
|-damage|p2a: Drag Queen|88/100|[from] Spikes
|turn|14
|
|t:|1778506484
|move|p1a: Dragonite|Extreme Speed|p2a: Drag Queen
|-damage|p2a: Drag Queen|0 fnt
|faint|p2a: Drag Queen
|
|upkeep
|
|t:|1778506487
|switch|p2a: Celery|Cinderace, M|100/100
|turn|15
|
|t:|1778506488
|move|p1a: Dragonite|Extreme Speed|p2a: Celery
|-damage|p2a: Celery|0 fnt
|faint|p2a: Celery
|
|upkeep
|
|t:|1778506490
|switch|p2a: Dave|Slowking, F|81/100
|-damage|p2a: Dave|68/100|[from] Spikes
|turn|16
|
|t:|1778506492
|move|p1a: Dragonite|Extreme Speed|p2a: Dave
|-damage|p2a: Dave|0 fnt
|faint|p2a: Dave
|
|upkeep
|
|t:|1778506493
|switch|p2a: Greg|Torkoal, M|100/100
|-damage|p2a: Greg|88/100|[from] Spikes
|-weather|SunnyDay|[from] ability: Drought|[of] p2a: Greg
|turn|17
|
|t:|1778506494
|move|p1a: Dragonite|Earthquake|p2a: Greg
|-supereffective|p2a: Greg
|-damage|p2a: Greg|0 fnt
|faint|p2a: Greg
|
|win|big strokuh
|raw|big strokuh's rating: 1441 &rarr; <strong>1463</strong><br />(+22 for winning)
|raw|that is a sled's rating: 1473 &rarr; <strong>1451</strong><br />(-22 for losing)
|l|☆that is a sled
|player|p2|
|l|☆big strokuh
|player|p1|
