|html|<div class="broadcast-blue"><strong>[Gen 9] OU is currently suspecting Tera Blast! For information on how to participate check out the <a href="https://www.smogon.com/tools/suspects/view/200">suspect thread</a>.</strong></div>
|j|‽crimdawgx2
|j|☆Luceo
|t:|1776037747
|gametype|singles
|player|p1|crimdawgx2|101|1428
|player|p2|Luceo|cynthia-masters4|1394
|gen|9
|tier|[Gen 9] OU
|rated|
|rule|HP Percentage Mod: HP is shown in percentages
|rule|Endless Battle Clause: Forcing endless battles is banned
|rule|Species Clause: Limit one of each Pokémon
|rule|OHKO Clause: OHKO moves are banned
|rule|Evasion Items Clause: Evasion items are banned
|rule|Evasion Moves Clause: Evasion moves are banned
|rule|Evasion Abilities Clause: Evasion abilities are banned
|rule|Sleep Moves Clause: Sleep-inducing moves are banned
|clearpoke
|poke|p1|Raging Bolt|
|poke|p1|Ribombee, F|
|poke|p1|Gholdengo|
|poke|p1|Great Tusk|
|poke|p1|Ogerpon-Cornerstone, F|
|poke|p1|Ceruledge, F|
|poke|p2|Iron Moth|
|poke|p2|Enamorus, F|
|poke|p2|Samurott-Hisui, F|
|poke|p2|Dragonite, M|
|poke|p2|Great Tusk|
|poke|p2|Iron Valiant|
|teampreview
|inactive|Battle timer is ON: inactive players will automatically lose when time's up. (requested by Luceo)
|
|t:|1776037756
|teamsize|p1|6
|teamsize|p2|6
|start
|switch|p1a: Ribombee|Ribombee, F, shiny|100/100
|switch|p2a: Samurott|Samurott-Hisui, F|100/100
|turn|1
|
|t:|1776037777
|move|p1a: Ribombee|Stun Spore|p2a: Samurott
|-status|p2a: Samurott|par
|cant|p2a: Samurott|par
|
|upkeep
|turn|2
|
|t:|1776037783
|move|p1a: Ribombee|Moonblast|p2a: Samurott
|-supereffective|p2a: Samurott
|-enditem|p2a: Samurott|Focus Sash
|-damage|p2a: Samurott|1/100 par
|move|p2a: Samurott|Ceaseless Edge|p1a: Ribombee
|-resisted|p1a: Ribombee
|-damage|p1a: Ribombee|53/100
|-sidestart|p1: crimdawgx2|Spikes
|
|upkeep
|turn|3
|
|t:|1776037787
|move|p1a: Ribombee|Sticky Web|p2a: Samurott
|-sidestart|p2: Luceo|move: Sticky Web
|cant|p2a: Samurott|par
|
|upkeep
|turn|4
|
|t:|1776037790
|move|p2a: Samurott|Sucker Punch|p1a: Ribombee
|-resisted|p1a: Ribombee
|-damage|p1a: Ribombee|17/100
|move|p1a: Ribombee|Moonblast|p2a: Samurott
|-supereffective|p2a: Samurott
|-damage|p2a: Samurott|0 fnt
|faint|p2a: Samurott
|
|upkeep
|
|t:|1776037802
|switch|p2a: Great Tusk|Great Tusk|100/100
|-activate|p2a: Great Tusk|move: Sticky Web
|-unboost|p2a: Great Tusk|spe|1
|-enditem|p2a: Great Tusk|Booster Energy
|-activate|p2a: Great Tusk|ability: Protosynthesis|[fromitem]
|-start|p2a: Great Tusk|protosynthesisatk
|turn|5
|
|t:|1776037823
|switch|p1a: Gholdengo|Gholdengo, shiny|100/100
|-item|p1a: Gholdengo|Air Balloon
|-terastallize|p2a: Great Tusk|Steel
|move|p2a: Great Tusk|Stealth Rock|p1a: Gholdengo
|-sidestart|p1: crimdawgx2|move: Stealth Rock
|
|upkeep
|turn|6
|
|t:|1776037832
|-end|p2a: Great Tusk|Protosynthesis|[silent]
|switch|p2a: Dragonite|Dragonite, M|100/100
|move|p1a: Gholdengo|Shadow Ball|p2a: Dragonite
|-crit|p2a: Dragonite
|-damage|p2a: Dragonite|63/100
|
|-heal|p2a: Dragonite|70/100|[from] item: Leftovers
|upkeep
|turn|7
|
|t:|1776037838
|move|p2a: Dragonite|Substitute|p2a: Dragonite
|-start|p2a: Dragonite|Substitute
|-damage|p2a: Dragonite|45/100
|move|p1a: Gholdengo|Dazzling Gleam|p2a: Dragonite
|-supereffective|p2a: Dragonite
|-end|p2a: Dragonite|Substitute
|
|-heal|p2a: Dragonite|51/100|[from] item: Leftovers
|upkeep
|turn|8
|
|t:|1776037845
|switch|p2a: Iron Moth|Iron Moth|100/100
|-activate|p2a: Iron Moth|move: Sticky Web
|-unboost|p2a: Iron Moth|spe|1
|-enditem|p2a: Iron Moth|Booster Energy
|-activate|p2a: Iron Moth|ability: Quark Drive|[fromitem]
|-start|p2a: Iron Moth|quarkdrivespa
|move|p1a: Gholdengo|Dazzling Gleam|p2a: Iron Moth
|-resisted|p2a: Iron Moth
|-damage|p2a: Iron Moth|93/100
|
|upkeep
|turn|9
|
|t:|1776037864
|move|p1a: Gholdengo|Psyshock|p2a: Iron Moth
|-supereffective|p2a: Iron Moth
|-damage|p2a: Iron Moth|4/100
|move|p2a: Iron Moth|Fiery Dance|p1a: Gholdengo
|-supereffective|p1a: Gholdengo
|-damage|p1a: Gholdengo|0 fnt
|-enditem|p1a: Gholdengo|Air Balloon
|faint|p1a: Gholdengo
|
|upkeep
|inactive|crimdawgx2 has 120 seconds left.
|
|t:|1776037891
|switch|p1a: Great Tusk|Great Tusk, shiny|100/100
|-damage|p1a: Great Tusk|88/100|[from] Spikes
|-damage|p1a: Great Tusk|85/100|[from] Stealth Rock
|-enditem|p1a: Great Tusk|Booster Energy
|-activate|p1a: Great Tusk|ability: Protosynthesis|[fromitem]
|-start|p1a: Great Tusk|protosynthesisatk
|turn|10
|inactive|crimdawgx2 has 120 seconds left.
|
|t:|1776037897
|move|p1a: Great Tusk|Rapid Spin|p2a: Iron Moth
|-damage|p2a: Iron Moth|0 fnt
|-boost|p1a: Great Tusk|spe|1
|-sideend|p1: crimdawgx2|Spikes|[from] move: Rapid Spin|[of] p1a: Great Tusk
|-sideend|p1: crimdawgx2|Stealth Rock|[from] move: Rapid Spin|[of] p1a: Great Tusk
|faint|p2a: Iron Moth
|-end|p2a: Iron Moth|Quark Drive|[silent]
|
|upkeep
|
|t:|1776037902
|switch|p2a: Great Tusk|Great Tusk, tera:Steel|100/100
|-activate|p2a: Great Tusk|move: Sticky Web
|-unboost|p2a: Great Tusk|spe|1
|turn|11
|inactive|crimdawgx2 has 120 seconds left.
|
|t:|1776037920
|-end|p2a: Great Tusk|Protosynthesis|[silent]
|switch|p2a: Enamorus|Enamorus, F|100/100
|-terastallize|p1a: Great Tusk|Fighting
|move|p1a: Great Tusk|Close Combat|p2a: Enamorus
|-resisted|p2a: Enamorus
|-damage|p2a: Enamorus|56/100
|-unboost|p1a: Great Tusk|def|1
|-unboost|p1a: Great Tusk|spd|1
|
|upkeep
|turn|12
|
|t:|1776037925
|move|p2a: Enamorus|Endure|p2a: Enamorus
|-singleturn|p2a: Enamorus|move: Endure
|move|p1a: Great Tusk|Ice Spinner|p2a: Enamorus
|-supereffective|p2a: Enamorus
|-activate|p2a: Enamorus|move: Endure
|-damage|p2a: Enamorus|1/100
|
|upkeep
|turn|13
|-enditem|p2a: Enamorus|Custap Berry|[eat]
|-activate|p2a: Enamorus|item: Custap Berry|[consumed]
|
|t:|1776037936
|move|p2a: Enamorus|Play Rough|p1a: Great Tusk|[miss]
|-miss|p2a: Enamorus|p1a: Great Tusk
|move|p1a: Great Tusk|Ice Spinner|p2a: Enamorus
|-supereffective|p2a: Enamorus
|-damage|p2a: Enamorus|0 fnt
|faint|p2a: Enamorus
|
|upkeep
|-message|Luceo forfeited.
|
|win|crimdawgx2
|raw|crimdawgx2's rating: 1428 &rarr; <strong>1446</strong><br />(+18 for winning)
|raw|Luceo's rating: 1394 &rarr; <strong>1376</strong><br />(-18 for losing)
|l|☆Luceo
|player|p2|
