|html|<div class="broadcast-blue"><strong>[Gen 9] OU is currently suspecting Tera Blast! For information on how to participate check out the <a href="https://www.smogon.com/tools/suspects/view/200">suspect thread</a>.</strong></div>
|j|☆keeja
|j|☆HTF-Kraken
|t:|1776053580
|gametype|singles
|player|p1|keeja|2|1078
|player|p2|HTF-Kraken|2|1073
|gen|9
|tier|[Gen 9] OU
|rated|
|rule|HP Percentage Mod: HP is shown in percentages
|rule|Endless Battle Clause: Forcing endless battles is banned
|rule|Species Clause: Limit one of each Pokémon
|rule|OHKO Clause: OHKO moves are banned
|rule|Evasion Items Clause: Evasion items are banned
|rule|Evasion Moves Clause: Evasion moves are banned
|rule|Evasion Abilities Clause: Evasion abilities are banned
|rule|Sleep Moves Clause: Sleep-inducing moves are banned
|clearpoke
|poke|p1|Blissey, F|
|poke|p1|Gliscor, F|
|poke|p1|Corviknight, M|
|poke|p1|Toxapex, M|
|poke|p1|Clodsire, F|
|poke|p1|Ting-Lu|
|poke|p2|Dragapult, M|
|poke|p2|Glastrier|
|poke|p2|Tinkaton, F|
|poke|p2|Ting-Lu|
|poke|p2|Iron Hands|
|poke|p2|Moltres|
|teampreview
|inactive|Battle timer is ON: inactive players will automatically lose when time's up. (requested by keeja)
|
|t:|1776053592
|teamsize|p1|6
|teamsize|p2|6
|start
|switch|p1a: The Darkside|Gliscor, F|100/100
|switch|p2a: Glastrier|Glastrier|100/100
|turn|1
|inactive|HTF-Kraken has 120 seconds left.
|
|t:|1776053635
|move|p1a: The Darkside|Toxic|p2a: Glastrier
|-status|p2a: Glastrier|tox
|move|p2a: Glastrier|Swords Dance|p2a: Glastrier
|-boost|p2a: Glastrier|atk|2
|
|-damage|p2a: Glastrier|94/100 tox|[from] psn
|-status|p1a: The Darkside|tox|[from] item: Toxic Orb
|upkeep
|turn|2
|inactive|keeja has 120 seconds left.
|
|t:|1776053667
|switch|p1a: Toxapex|Toxapex, M|100/100
|move|p2a: Glastrier|Icicle Crash|p1a: Toxapex
|-resisted|p1a: Toxapex
|-damage|p1a: Toxapex|57/100
|
|-damage|p2a: Glastrier|82/100 tox|[from] psn
|upkeep
|turn|3
|inactive|HTF-Kraken has 120 seconds left.
|inactive|keeja has 120 seconds left.
|inactive|HTF-Kraken has 90 seconds left.
|
|t:|1776053712
|move|p2a: Glastrier|High Horsepower|p1a: Toxapex
|-supereffective|p1a: Toxapex
|-damage|p1a: Toxapex|0 fnt
|faint|p1a: Toxapex
|-ability|p2a: Glastrier|Chilling Neigh|boost
|-boost|p2a: Glastrier|atk|1
|
|-damage|p2a: Glastrier|64/100 tox|[from] psn
|upkeep
|inactive|keeja has 120 seconds left.
|
|t:|1776053731
|switch|p1a: Corviknight|Corviknight, M|100/100
|-ability|p1a: Corviknight|Pressure
|turn|4
|inactive|HTF-Kraken has 90 seconds left.
|
|t:|1776053746
|move|p1a: Corviknight|Body Press|p2a: Glastrier
|-supereffective|p2a: Glastrier
|-damage|p2a: Glastrier|27/100 tox
|move|p2a: Glastrier|Icicle Crash|p1a: Corviknight
|-damage|p1a: Corviknight|22/100
|
|-damage|p2a: Glastrier|2/100 tox|[from] psn
|upkeep
|turn|5
|
|t:|1776053757
|move|p1a: Corviknight|Roost|p1a: Corviknight
|-heal|p1a: Corviknight|72/100
|-singleturn|p1a: Corviknight|move: Roost
|move|p2a: Glastrier|Icicle Crash|p1a: Corviknight
|-resisted|p1a: Corviknight
|-damage|p1a: Corviknight|30/100
|
|-damage|p2a: Glastrier|0 fnt|[from] psn
|faint|p2a: Glastrier
|upkeep
|
|t:|1776053767
|switch|p2a: Moltres|Moltres|100/100
|turn|6
|inactive|keeja has 120 seconds left.
|
|t:|1776053782
|switch|p1a: Piper|Blissey, F|100/100
|move|p2a: Moltres|Will-O-Wisp|p1a: Piper
|-status|p1a: Piper|brn
|
|-damage|p1a: Piper|94/100 brn|[from] brn
|upkeep
|turn|7
|inactive|keeja has 120 seconds left.
|
|t:|1776053798
|move|p2a: Moltres|U-turn|p1a: Piper
|-damage|p1a: Piper|79/100 brn
|
|t:|1776053800
|switch|p2a: Ting-Lu|Ting-Lu|100/100|[from] U-turn
|-ability|p2a: Ting-Lu|Vessel of Ruin
|move|p1a: Piper|Stealth Rock|p2a: Ting-Lu
|-sidestart|p2: HTF-Kraken|move: Stealth Rock
|
|-damage|p1a: Piper|73/100 brn|[from] brn
|upkeep
|turn|8
|
|t:|1776053806
|-curestatus|p1a: Piper|brn|[from] ability: Natural Cure
|switch|p1a: The Darkside|Gliscor, F|100/100 tox
|move|p2a: Ting-Lu|Ruination|p1a: The Darkside
|-damage|p1a: The Darkside|50/100 tox
|
|-heal|p1a: The Darkside|63/100 tox|[from] ability: Poison Heal
|upkeep
|turn|9
|inactive|HTF-Kraken has 120 seconds left.
|
|t:|1776053813
|move|p1a: The Darkside|Toxic|p2a: Ting-Lu
|-status|p2a: Ting-Lu|tox
|move|p2a: Ting-Lu|Ruination|p1a: The Darkside
|-damage|p1a: The Darkside|32/100 tox
|
|-heal|p1a: The Darkside|44/100 tox|[from] ability: Poison Heal
|-damage|p2a: Ting-Lu|94/100 tox|[from] psn
|upkeep
|turn|10
|
|t:|1776053819
|move|p1a: The Darkside|Knock Off|p2a: Ting-Lu
|-resisted|p2a: Ting-Lu
|-damage|p2a: Ting-Lu|89/100 tox
|-enditem|p2a: Ting-Lu|Leftovers|[from] move: Knock Off|[of] p1a: The Darkside
|move|p2a: Ting-Lu|Spikes|p1a: The Darkside
|-sidestart|p1: keeja|Spikes
|
|-heal|p1a: The Darkside|57/100 tox|[from] ability: Poison Heal
|-damage|p2a: Ting-Lu|76/100 tox|[from] psn
|upkeep
|turn|11
|
|t:|1776053825
|move|p1a: The Darkside|Earthquake|p2a: Ting-Lu
|-damage|p2a: Ting-Lu|57/100 tox
|move|p2a: Ting-Lu|Spikes|p1a: The Darkside
|-sidestart|p1: keeja|Spikes
|
|-heal|p1a: The Darkside|69/100 tox|[from] ability: Poison Heal
|-damage|p2a: Ting-Lu|38/100 tox|[from] psn
|upkeep
|turn|12
|
|t:|1776053834
|switch|p1a: Corviknight|Corviknight, M|30/100
|-ability|p1a: Corviknight|Pressure
|move|p2a: Ting-Lu|Spikes|p1a: Corviknight
|-sidestart|p1: keeja|Spikes
|
|-damage|p2a: Ting-Lu|13/100 tox|[from] psn
|upkeep
|turn|13
|
|t:|1776053841
|switch|p2a: Moltres|Moltres|100/100
|move|p1a: Corviknight|Roost|p1a: Corviknight
|-heal|p1a: Corviknight|80/100
|-singleturn|p1a: Corviknight|move: Roost
|
|upkeep
|turn|14
|
|t:|1776053853
|switch|p1a: Piper|Blissey, F|73/100
|move|p2a: Moltres|U-turn|p1a: Piper
|-damage|p1a: Piper|57/100
|l|☆HTF-Kraken
|inactive|HTF-Kraken disconnected and has a minute to reconnect!
|player|p2|
|j|☆HTF-Kraken
|inactive|HTF-Kraken reconnected and has 130 seconds left.
|player|p2|HTF-Kraken|2|
|
|t:|1776053882
|switch|p2a: Ting-Lu|Ting-Lu|13/100 tox|[from] U-turn
|-damage|p2a: Ting-Lu|7/100 tox|[from] Stealth Rock
|-ability|p2a: Ting-Lu|Vessel of Ruin
|
|-damage|p2a: Ting-Lu|1/100 tox|[from] psn
|upkeep
|turn|15
|
|t:|1776053889
|move|p1a: Piper|Soft-Boiled|p1a: Piper
|-heal|p1a: Piper|100/100
|move|p2a: Ting-Lu|Whirlwind|p1a: Piper
|drag|p1a: Corviknight|Corviknight, M|80/100
|-ability|p1a: Corviknight|Pressure
|
|-damage|p2a: Ting-Lu|0 fnt|[from] psn
|faint|p2a: Ting-Lu
|upkeep
|
|t:|1776053894
|switch|p2a: Moltres|Moltres|100/100
|turn|16
|
|t:|1776053903
|move|p2a: Moltres|Will-O-Wisp|p1a: Corviknight
|-status|p1a: Corviknight|brn
|move|p1a: Corviknight|U-turn|p2a: Moltres
|-resisted|p2a: Moltres
|-damage|p2a: Moltres|99/100
|
|t:|1776053911
|switch|p1a: Piper|Blissey, F|100/100|[from] U-turn
|
|upkeep
|turn|17
|
|t:|1776053925
|move|p2a: Moltres|Will-O-Wisp|p1a: Piper
|-status|p1a: Piper|brn
|move|p1a: Piper|Thunder Wave|p2a: Moltres
|-status|p2a: Moltres|par
|
|-damage|p1a: Piper|94/100 brn|[from] brn
|upkeep
|turn|18
|
|t:|1776053945
|move|p1a: Piper|Seismic Toss|p2a: Moltres
|-damage|p2a: Moltres|73/100 par
|move|p2a: Moltres|U-turn|p1a: Piper
|-damage|p1a: Piper|79/100 brn
|
|t:|1776053948
|switch|p2a: Dragapult|Dragapult, M|100/100|[from] U-turn
|
|-damage|p1a: Piper|73/100 brn|[from] brn
|upkeep
|turn|19
|-message|HTF-Kraken forfeited.
|
|win|keeja
|raw|keeja's rating: 1078 &rarr; <strong>1107</strong><br />(+29 for winning)
|raw|HTF-Kraken's rating: 1088 &rarr; <strong>1064</strong><br />(-24 for losing)
|l|☆HTF-Kraken
|player|p2|
|l|☆keeja
|player|p1|
