|html|<div class="broadcast-blue"><strong>[Gen 9] OU is currently suspecting Tera Blast! For information on how to participate check out the <a href="https://www.smogon.com/tools/suspects/view/200">suspect thread</a>.</strong></div>
|j|☆sharkerthantheteal
|j|☆Kwazy Kupcakes
|t:|1776213790
|gametype|singles
|player|p1|sharkerthantheteal|cynthia-gen4|1174
|player|p2|Kwazy Kupcakes|266|1280
|gen|9
|tier|[Gen 9] OU
|rated|
|rule|HP Percentage Mod: HP is shown in percentages
|rule|Endless Battle Clause: Forcing endless battles is banned
|rule|Species Clause: Limit one of each Pokémon
|rule|OHKO Clause: OHKO moves are banned
|rule|Evasion Items Clause: Evasion items are banned
|rule|Evasion Moves Clause: Evasion moves are banned
|rule|Evasion Abilities Clause: Evasion abilities are banned
|rule|Sleep Moves Clause: Sleep-inducing moves are banned
|clearpoke
|poke|p1|Hatterene, F|
|poke|p1|Diancie|
|poke|p1|Ursaluna, F|
|poke|p1|Iron Hands|
|poke|p1|Azumarill, M|
|poke|p1|Armarouge, M|
|poke|p2|Maushold|
|poke|p2|Ogerpon, F|
|poke|p2|Dragapult, M|
|poke|p2|Kingambit, F|
|poke|p2|Slowking-Galar, F|
|poke|p2|Great Tusk|
|teampreview
|inactive|Battle timer is ON: inactive players will automatically lose when time's up. (requested by Kwazy Kupcakes)
|
|t:|1776213804
|teamsize|p1|6
|teamsize|p2|6
|start
|switch|p1a: Hatterene|Hatterene, F|100/100
|switch|p2a: Maushold|Maushold|100/100
|turn|1
|j| GruesomeLovelies
|
|t:|1776213823
|move|p2a: Maushold|Population Bomb|p1a: Hatterene
|-damage|p1a: Hatterene|88/100
|-damage|p1a: Hatterene|76/100
|-damage|p1a: Hatterene|64/100
|-damage|p1a: Hatterene|51/100
|-damage|p1a: Hatterene|38/100
|-damage|p1a: Hatterene|24/100
|-damage|p1a: Hatterene|12/100
|-damage|p1a: Hatterene|0 fnt
|faint|p1a: Hatterene
|-hitcount|p1: Hatterene|8
|
|upkeep
|
|t:|1776213839
|switch|p1a: Azumarill|Azumarill, M|100/100
|turn|2
|
|t:|1776213843
|move|p1a: Azumarill|Aqua Jet|p2a: Maushold
|-crit|p2a: Maushold
|-damage|p2a: Maushold|31/100
|move|p2a: Maushold|Population Bomb|p1a: Azumarill
|-damage|p1a: Azumarill|90/100
|-damage|p1a: Azumarill|79/100
|-damage|p1a: Azumarill|69/100
|-damage|p1a: Azumarill|57/100
|-damage|p1a: Azumarill|45/100
|-damage|p1a: Azumarill|35/100
|-damage|p1a: Azumarill|23/100
|-damage|p1a: Azumarill|13/100
|-crit|p1a: Azumarill
|-damage|p1a: Azumarill|0 fnt
|faint|p1a: Azumarill
|-hitcount|p1: Azumarill|9
|
|upkeep
|
|t:|1776213859
|switch|p1a: Iron Hands|Iron Hands|100/100
|turn|3
|
|t:|1776213864
|move|p1a: Iron Hands|Fake Out|p2a: Maushold
|-damage|p2a: Maushold|6/100
|cant|p2a: Maushold|flinch
|
|upkeep
|turn|4
|
|t:|1776213869
|-end|p1a: Iron Hands|Quark Drive|[silent]
|switch|p1a: Diancie|Diancie|100/100
|move|p2a: Maushold|Population Bomb|p1a: Diancie
|-resisted|p1a: Diancie
|-damage|p1a: Diancie|96/100
|-resisted|p1a: Diancie
|-damage|p1a: Diancie|92/100
|-resisted|p1a: Diancie
|-damage|p1a: Diancie|88/100
|-resisted|p1a: Diancie
|-damage|p1a: Diancie|84/100
|-resisted|p1a: Diancie
|-damage|p1a: Diancie|80/100
|-resisted|p1a: Diancie
|-damage|p1a: Diancie|75/100
|-resisted|p1a: Diancie
|-damage|p1a: Diancie|71/100
|-resisted|p1a: Diancie
|-damage|p1a: Diancie|67/100
|-resisted|p1a: Diancie
|-damage|p1a: Diancie|62/100
|-resisted|p1a: Diancie
|-damage|p1a: Diancie|58/100
|-hitcount|p1a: Diancie|10
|
|upkeep
|turn|5
|
|t:|1776213888
|move|p2a: Maushold|Population Bomb|p1a: Diancie
|-resisted|p1a: Diancie
|-damage|p1a: Diancie|54/100
|-resisted|p1a: Diancie
|-damage|p1a: Diancie|49/100
|-resisted|p1a: Diancie
|-damage|p1a: Diancie|45/100
|-resisted|p1a: Diancie
|-damage|p1a: Diancie|40/100
|-resisted|p1a: Diancie
|-damage|p1a: Diancie|36/100
|-resisted|p1a: Diancie
|-damage|p1a: Diancie|32/100
|-resisted|p1a: Diancie
|-damage|p1a: Diancie|28/100
|-hitcount|p1a: Diancie|7
|move|p1a: Diancie|Trick Room|p1a: Diancie
|-fieldstart|move: Trick Room|[of] p1a: Diancie
|
|upkeep
|turn|6
|
|t:|1776213902
|move|p1a: Diancie|Diamond Storm|p2a: Maushold
|-damage|p2a: Maushold|0 fnt
|faint|p2a: Maushold
|
|upkeep
|
|t:|1776213909
|switch|p2a: Kingambit|Kingambit, F|100/100
|-activate|p2a: Kingambit|ability: Supreme Overlord
|-start|p2a: Kingambit|fallen1|[silent]
|turn|7
|
|t:|1776213914
|move|p1a: Diancie|Body Press|p2a: Kingambit
|-supereffective|p2a: Kingambit
|-damage|p2a: Kingambit|7/100
|move|p2a: Kingambit|Iron Head|p1a: Diancie
|-supereffective|p1a: Diancie
|-damage|p1a: Diancie|0 fnt
|faint|p1a: Diancie
|-damage|p2a: Kingambit|0 fnt|[from] item: Life Orb
|faint|p2a: Kingambit
|-end|p2a: Kingambit|fallen1|[silent]
|
|upkeep
|
|t:|1776213932
|switch|p1a: Armarouge|Armarouge, M|100/100
|switch|p2a: Slowking|Slowking-Galar, F|100/100
|turn|8
|
|t:|1776213943
|-prepare|p2a: Slowking|Chilly Reception|[premajor]
|move|p2a: Slowking|Chilly Reception|p2a: Slowking
|-weather|Snowscape
|
|t:|1776213948
|switch|p2a: Dragapult|Dragapult, M|100/100|[from] Chilly Reception
|move|p1a: Armarouge|Armor Cannon|p2a: Dragapult
|-resisted|p2a: Dragapult
|-damage|p2a: Dragapult|59/100
|-unboost|p1a: Armarouge|def|1
|-unboost|p1a: Armarouge|spd|1
|
|-weather|Snowscape|[upkeep]
|upkeep
|turn|9
|
|t:|1776213957
|switch|p1a: Ursaluna|Ursaluna, F|100/100
|switch|p2a: Slowking|Slowking-Galar, F|100/100
|
|-weather|Snowscape|[upkeep]
|-fieldend|move: Trick Room
|-status|p1a: Ursaluna|brn|[from] item: Flame Orb
|upkeep
|turn|10
|
|t:|1776213965
|move|p1a: Ursaluna|Earthquake|p2a: Slowking
|-supereffective|p2a: Slowking
|-damage|p2a: Slowking|0 fnt
|faint|p2a: Slowking
|
|-weather|Snowscape|[upkeep]
|-damage|p1a: Ursaluna|94/100 brn|[from] brn
|upkeep
|
|t:|1776213970
|switch|p2a: Ogerpon|Ogerpon, F|100/100
|turn|11
|
|t:|1776213976
|-terastallize|p2a: Ogerpon|Grass
|detailschange|p2a: Ogerpon|Ogerpon-Teal-Tera, F, tera:Grass
|-ability|p2a: Ogerpon|Embody Aspect (Teal)|boost
|-boost|p2a: Ogerpon|spe|1
|move|p2a: Ogerpon|Ivy Cudgel|p1a: Ursaluna
|-supereffective|p1a: Ursaluna
|-damage|p1a: Ursaluna|20/100 brn
|move|p1a: Ursaluna|Facade|p2a: Ogerpon
|-damage|p2a: Ogerpon|0 fnt
|faint|p2a: Ogerpon
|detailschange|p2: Ogerpon|Ogerpon, F|[silent]
|
|-weather|Snowscape|[upkeep]
|-damage|p1a: Ursaluna|14/100 brn|[from] brn
|upkeep
|
|t:|1776213990
|switch|p2a: Dragapult|Dragapult, M|59/100
|turn|12
|
|t:|1776213995
|move|p1a: Ursaluna|Protect|p1a: Ursaluna
|-singleturn|p1a: Ursaluna|Protect
|move|p2a: Dragapult|Draco Meteor|p1a: Ursaluna
|-activate|p1a: Ursaluna|move: Protect
|
|-weather|none
|-damage|p1a: Ursaluna|8/100 brn|[from] brn
|upkeep
|turn|13
|
|t:|1776214003
|move|p2a: Dragapult|Draco Meteor|p1a: Ursaluna
|-damage|p1a: Ursaluna|0 fnt
|-unboost|p2a: Dragapult|spa|2
|faint|p1a: Ursaluna
|-enditem|p2a: Dragapult|Eject Pack
|
|t:|1776214008
|switch|p2a: Great Tusk|Great Tusk|100/100
|
|upkeep
|
|t:|1776214012
|switch|p1a: Armarouge|Armarouge, M|100/100
|turn|14
|
|t:|1776214019
|move|p2a: Great Tusk|Knock Off|p1a: Armarouge
|-supereffective|p1a: Armarouge
|-damage|p1a: Armarouge|37/100
|-enditem|p1a: Armarouge|Weakness Policy
|-boost|p1a: Armarouge|atk|2|[from] item: Weakness Policy
|-boost|p1a: Armarouge|spa|2|[from] item: Weakness Policy
|move|p1a: Armarouge|Trick Room|p1a: Armarouge
|-fieldstart|move: Trick Room|[of] p1a: Armarouge
|
|upkeep
|turn|15
|inactive|sharkerthantheteal has 120 seconds left.
|
|t:|1776214052
|-terastallize|p1a: Armarouge|Psychic
|move|p1a: Armarouge|Expanding Force|p2a: Great Tusk
|-supereffective|p2a: Great Tusk
|-crit|p2a: Great Tusk
|-damage|p2a: Great Tusk|0 fnt
|faint|p2a: Great Tusk
|-end|p2a: Great Tusk|Protosynthesis|[silent]
|
|upkeep
|
|t:|1776214058
|switch|p2a: Dragapult|Dragapult, M|59/100
|turn|16
|inactive|sharkerthantheteal has 120 seconds left.
|
|t:|1776214079
|move|p1a: Armarouge|Expanding Force|p2a: Dragapult
|-damage|p2a: Dragapult|0 fnt
|faint|p2a: Dragapult
|
|win|sharkerthantheteal
|raw|sharkerthantheteal's rating: 1174 &rarr; <strong>1206</strong><br />(+32 for winning)
|raw|Kwazy Kupcakes's rating: 1280 &rarr; <strong>1248</strong><br />(-32 for losing)
|c|☆sharkerthantheteal|gg
