|html|<div class="broadcast-blue"><strong>[Gen 9] OU is currently suspecting Tera Blast! For information on how to participate check out the <a href="https://www.smogon.com/tools/suspects/view/200">suspect thread</a>.</strong></div>
|j|☆SQUARESTEROIDS
|j|☆shushue
|t:|1776056017
|gametype|singles
|player|p1|SQUARESTEROIDS|170|1109
|player|p2|shushue|102|1089
|gen|9
|tier|[Gen 9] OU
|rated|
|rule|HP Percentage Mod: HP is shown in percentages
|rule|Endless Battle Clause: Forcing endless battles is banned
|rule|Species Clause: Limit one of each Pokémon
|rule|OHKO Clause: OHKO moves are banned
|rule|Evasion Items Clause: Evasion items are banned
|rule|Evasion Moves Clause: Evasion moves are banned
|rule|Evasion Abilities Clause: Evasion abilities are banned
|rule|Sleep Moves Clause: Sleep-inducing moves are banned
|clearpoke
|poke|p1|Ogerpon-Wellspring, F|
|poke|p1|Corviknight, M|
|poke|p1|Gholdengo|
|poke|p1|Great Tusk|
|poke|p1|Grimmsnarl, M|
|poke|p1|Iron Valiant|
|poke|p2|Thundurus, M|
|poke|p2|Iron Moth|
|poke|p2|Dragonite, M|
|poke|p2|Heatran, F|
|poke|p2|Clefable, M|
|poke|p2|Cinderace, M|
|teampreview
|
|t:|1776056023
|teamsize|p1|6
|teamsize|p2|6
|start
|switch|p1a: Grimmsnarl|Grimmsnarl, M|100/100
|switch|p2a: Thundurus|Thundurus, M|100/100
|turn|1
|
|t:|1776056028
|move|p2a: Thundurus|Nasty Plot|p2a: Thundurus
|-boost|p2a: Thundurus|spa|2
|move|p1a: Grimmsnarl|Light Screen|p1a: Grimmsnarl
|-sidestart|p1: SQUARESTEROIDS|move: Light Screen
|
|upkeep
|turn|2
|c|☆shushue|gl hf
|
|t:|1776056034
|move|p2a: Thundurus|Electric Terrain|p2a: Thundurus
|-fieldstart|move: Electric Terrain
|move|p1a: Grimmsnarl|Reflect|p1a: Grimmsnarl
|-sidestart|p1: SQUARESTEROIDS|Reflect
|
|upkeep
|turn|3
|
|t:|1776056038
|move|p2a: Thundurus|Nasty Plot|p2a: Thundurus
|-boost|p2a: Thundurus|spa|2
|move|p1a: Grimmsnarl|Parting Shot|p2a: Thundurus
|-unboost|p2a: Thundurus|atk|1
|-unboost|p2a: Thundurus|spa|1
|
|t:|1776056046
|switch|p1a: Great Tusk|Great Tusk|100/100|[from] Parting Shot
|
|upkeep
|turn|4
|
|t:|1776056055
|move|p2a: Thundurus|Focus Blast|p1a: Great Tusk|[miss]
|-miss|p2a: Thundurus|p1a: Great Tusk
|move|p1a: Great Tusk|Ice Spinner|p2a: Thundurus
|-supereffective|p2a: Thundurus
|-damage|p2a: Thundurus|31/100
|-fieldend|move: Electric Terrain
|
|-heal|p2a: Thundurus|37/100|[from] item: Leftovers
|upkeep
|turn|5
|
|t:|1776056063
|move|p2a: Thundurus|Electric Terrain|p2a: Thundurus
|-fieldstart|move: Electric Terrain
|move|p1a: Great Tusk|Ice Spinner|p2a: Thundurus
|-supereffective|p2a: Thundurus
|-damage|p2a: Thundurus|0 fnt
|-fieldend|move: Electric Terrain
|faint|p2a: Thundurus
|
|upkeep
|
|t:|1776056083
|switch|p2a: Clefable|Clefable, M|100/100
|turn|6
|
|t:|1776056089
|move|p1a: Great Tusk|Knock Off|p2a: Clefable
|-resisted|p2a: Clefable
|-damage|p2a: Clefable|85/100
|-enditem|p2a: Clefable|Leftovers|[from] move: Knock Off|[of] p1a: Great Tusk
|move|p2a: Clefable|Moonblast|p1a: Great Tusk
|-supereffective|p1a: Great Tusk
|-damage|p1a: Great Tusk|60/100
|
|-heal|p1a: Great Tusk|67/100|[from] item: Leftovers
|upkeep
|turn|7
|
|t:|1776056101
|move|p1a: Great Tusk|Headlong Rush|p2a: Clefable
|-damage|p2a: Clefable|26/100
|-unboost|p1a: Great Tusk|def|1
|-unboost|p1a: Great Tusk|spd|1
|move|p2a: Clefable|Wish|p2a: Clefable
|
|-heal|p1a: Great Tusk|73/100|[from] item: Leftovers
|upkeep
|turn|8
|
|t:|1776056111
|move|p1a: Great Tusk|Headlong Rush|p2a: Clefable
|-damage|p2a: Clefable|0 fnt
|-unboost|p1a: Great Tusk|def|1
|-unboost|p1a: Great Tusk|spd|1
|faint|p2a: Clefable
|
|-heal|p1a: Great Tusk|79/100|[from] item: Leftovers
|-sideend|p1: SQUARESTEROIDS|move: Light Screen
|upkeep
|
|t:|1776056117
|switch|p2a: Dragonite|Dragonite, M|100/100
|turn|9
|
|t:|1776056125
|move|p2a: Dragonite|Dragon Dance|p2a: Dragonite
|-boost|p2a: Dragonite|atk|1
|-boost|p2a: Dragonite|spe|1
|move|p1a: Great Tusk|Ice Spinner|p2a: Dragonite
|-supereffective|p2a: Dragonite
|-damage|p2a: Dragonite|38/100
|
|-heal|p1a: Great Tusk|85/100|[from] item: Leftovers
|-sideend|p1: SQUARESTEROIDS|Reflect
|upkeep
|turn|10
|
|t:|1776056134
|move|p2a: Dragonite|Dragon Claw|p1a: Great Tusk
|-damage|p1a: Great Tusk|1/100
|move|p1a: Great Tusk|Ice Spinner|p2a: Dragonite
|-supereffective|p2a: Dragonite
|-damage|p2a: Dragonite|0 fnt
|faint|p2a: Dragonite
|
|-heal|p1a: Great Tusk|7/100|[from] item: Leftovers
|upkeep
|
|t:|1776056151
|switch|p2a: Iron Moth|Iron Moth|100/100
|turn|11
|
|t:|1776056154
|move|p2a: Iron Moth|Fiery Dance|p1a: Great Tusk
|-damage|p1a: Great Tusk|0 fnt
|faint|p1a: Great Tusk
|-end|p1a: Great Tusk|Protosynthesis|[silent]
|-damage|p2a: Iron Moth|91/100|[from] item: Life Orb
|
|upkeep
|
|t:|1776056162
|switch|p1a: Ogerpon|Ogerpon-Wellspring, F|100/100
|turn|12
|
|t:|1776056174
|-terastallize|p2a: Iron Moth|Flying
|-terastallize|p1a: Ogerpon|Water
|detailschange|p1a: Ogerpon|Ogerpon-Wellspring-Tera, F, tera:Water
|-ability|p1a: Ogerpon|Embody Aspect (Wellspring)|boost
|-boost|p1a: Ogerpon|spd|1
|move|p1a: Ogerpon|Ivy Cudgel|p2a: Iron Moth|[anim] Ivy Cudgel Water
|-damage|p2a: Iron Moth|0 fnt
|faint|p2a: Iron Moth
|-end|p2a: Iron Moth|Quark Drive|[silent]
|
|upkeep
|
|t:|1776056185
|switch|p2a: Cinderace|Cinderace, M|100/100
|turn|13
|
|t:|1776056188
|move|p1a: Ogerpon|Ivy Cudgel|p2a: Cinderace|[anim] Ivy Cudgel Water
|-supereffective|p2a: Cinderace
|-damage|p2a: Cinderace|0 fnt
|faint|p2a: Cinderace
|
|upkeep
|
|t:|1776056193
|switch|p2a: Heatran|Heatran, F|100/100
|-item|p2a: Heatran|Air Balloon
|turn|14
|
|t:|1776056196
|move|p1a: Ogerpon|Ivy Cudgel|p2a: Heatran|[anim] Ivy Cudgel Water
|-supereffective|p2a: Heatran
|-damage|p2a: Heatran|0 fnt
|-enditem|p2a: Heatran|Air Balloon
|faint|p2a: Heatran
|
|win|SQUARESTEROIDS
|raw|SQUARESTEROIDS's rating: 1109 &rarr; <strong>1133</strong><br />(+24 for winning)
|raw|shushue's rating: 1089 &rarr; <strong>1067</strong><br />(-22 for losing)
|c|☆shushue|gg
|l|☆shushue
|player|p2|
|l|☆SQUARESTEROIDS
|player|p1|
