|html|<div class="broadcast-blue"><strong>[Gen 9] OU is currently suspecting Tera Blast! For information on how to participate check out the <a href="https://www.smogon.com/tools/suspects/view/200">suspect thread</a>.</strong></div>
|j|☆Stupiditygenerator
|j|☆whatisherm3l0n
|t:|1776061521
|gametype|singles
|player|p1|Stupiditygenerator|102|1214
|player|p2|whatisherm3l0n|acetrainer-gen4dp|1286
|gen|9
|tier|[Gen 9] OU
|rated|
|rule|HP Percentage Mod: HP is shown in percentages
|rule|Endless Battle Clause: Forcing endless battles is banned
|rule|Species Clause: Limit one of each Pokémon
|rule|OHKO Clause: OHKO moves are banned
|rule|Evasion Items Clause: Evasion items are banned
|rule|Evasion Moves Clause: Evasion moves are banned
|rule|Evasion Abilities Clause: Evasion abilities are banned
|rule|Sleep Moves Clause: Sleep-inducing moves are banned
|clearpoke
|poke|p1|Deoxys-Speed|
|poke|p1|Greninja-*, M|
|poke|p1|Kingambit, M|
|poke|p1|Meowscarada, F|
|poke|p1|Blastoise, M|
|poke|p1|Blissey, F|
|poke|p2|Pelipper, M|
|poke|p2|Manaphy|
|poke|p2|Bruxish, F|
|poke|p2|Overqwil, F|
|poke|p2|Iron Treads|
|poke|p2|Raging Bolt|
|teampreview
|inactive|Battle timer is ON: inactive players will automatically lose when time's up. (requested by Stupiditygenerator)
|
|t:|1776061529
|teamsize|p1|6
|teamsize|p2|6
|start
|switch|p1a: Deoxys|Deoxys-Speed|100/100
|switch|p2a: Iron Treads|Iron Treads, shiny|100/100
|-ability|p1a: Deoxys|Pressure
|-enditem|p2a: Iron Treads|Booster Energy
|-activate|p2a: Iron Treads|ability: Quark Drive|[fromitem]
|-start|p2a: Iron Treads|quarkdrivespe
|turn|1
|
|t:|1776061539
|move|p2a: Iron Treads|Knock Off|p1a: Deoxys
|-supereffective|p1a: Deoxys
|-damage|p1a: Deoxys|41/100
|-enditem|p1a: Deoxys|Red Card|[from] move: Knock Off|[of] p2a: Iron Treads
|move|p1a: Deoxys|Taunt|p2a: Iron Treads
|-start|p2a: Iron Treads|move: Taunt
|
|upkeep
|turn|2
|
|t:|1776061547
|move|p2a: Iron Treads|Knock Off|p1a: Deoxys
|-supereffective|p1a: Deoxys
|-damage|p1a: Deoxys|1/100
|move|p1a: Deoxys|Stealth Rock|p2a: Iron Treads
|-sidestart|p2: whatisherm3l0n|move: Stealth Rock
|
|upkeep
|turn|3
|
|t:|1776061560
|move|p2a: Iron Treads|Rapid Spin|p1a: Deoxys
|-damage|p1a: Deoxys|0 fnt
|-boost|p2a: Iron Treads|spe|1
|-sideend|p2: whatisherm3l0n|Stealth Rock|[from] move: Rapid Spin|[of] p2a: Iron Treads
|faint|p1a: Deoxys
|
|upkeep
|
|t:|1776061566
|switch|p1a: Blastoise|Blastoise, M|100/100
|turn|4
|
|t:|1776061573
|move|p1a: Blastoise|Fake Out|p2a: Iron Treads
|-resisted|p2a: Iron Treads
|-damage|p2a: Iron Treads|98/100
|cant|p2a: Iron Treads|flinch
|
|-end|p2a: Iron Treads|move: Taunt
|upkeep
|turn|5
|
|t:|1776061582
|move|p1a: Blastoise|Aqua Jet|p2a: Iron Treads
|-supereffective|p2a: Iron Treads
|-damage|p2a: Iron Treads|80/100
|move|p2a: Iron Treads|Stealth Rock|p1a: Blastoise
|-sidestart|p1: Stupiditygenerator|move: Stealth Rock
|
|upkeep
|turn|6
|
|t:|1776061588
|move|p2a: Iron Treads|Knock Off|p1a: Blastoise
|-damage|p1a: Blastoise|81/100
|-enditem|p1a: Blastoise|Heavy-Duty Boots|[from] move: Knock Off|[of] p2a: Iron Treads
|move|p1a: Blastoise|Rapid Spin|p2a: Iron Treads
|-resisted|p2a: Iron Treads
|-crit|p2a: Iron Treads
|-damage|p2a: Iron Treads|74/100
|-boost|p1a: Blastoise|spe|1
|-sideend|p1: Stupiditygenerator|Stealth Rock|[from] move: Rapid Spin|[of] p1a: Blastoise
|
|upkeep
|turn|7
|
|t:|1776061603
|-end|p2a: Iron Treads|Quark Drive|[silent]
|switch|p2a: Raging Bolt|Raging Bolt|100/100
|-enditem|p2a: Raging Bolt|Booster Energy
|-activate|p2a: Raging Bolt|ability: Protosynthesis|[fromitem]
|-start|p2a: Raging Bolt|protosynthesisspa
|move|p1a: Blastoise|Aqua Jet|p2a: Raging Bolt
|-resisted|p2a: Raging Bolt
|-damage|p2a: Raging Bolt|96/100
|
|upkeep
|turn|8
|
|t:|1776061613
|switch|p1a: Blissey|Blissey, F|100/100
|move|p2a: Raging Bolt|Thunderbolt|p1a: Blissey
|-damage|p1a: Blissey|73/100
|
|-heal|p1a: Blissey|79/100|[from] item: Leftovers
|upkeep
|turn|9
|
|t:|1776061626
|-terastallize|p2a: Raging Bolt|Fairy
|move|p2a: Raging Bolt|Thunderbolt|p1a: Blissey
|-damage|p1a: Blissey|53/100
|-status|p1a: Blissey|par
|move|p1a: Blissey|Seismic Toss|p2a: Raging Bolt
|-damage|p2a: Raging Bolt|72/100
|
|-heal|p1a: Blissey|59/100 par|[from] item: Leftovers
|upkeep
|turn|10
|
|t:|1776061636
|move|p2a: Raging Bolt|Thunderbolt|p1a: Blissey
|-crit|p1a: Blissey
|-damage|p1a: Blissey|23/100 par
|move|p1a: Blissey|Thunder Wave|p2a: Raging Bolt
|-status|p2a: Raging Bolt|par
|
|-heal|p1a: Blissey|29/100 par|[from] item: Leftovers
|upkeep
|turn|11
|
|t:|1776061644
|move|p2a: Raging Bolt|Thunderbolt|p1a: Blissey
|-damage|p1a: Blissey|3/100 par
|cant|p1a: Blissey|par
|
|-heal|p1a: Blissey|9/100 par|[from] item: Leftovers
|upkeep
|turn|12
|
|t:|1776061652
|move|p2a: Raging Bolt|Thunderbolt|p1a: Blissey
|-damage|p1a: Blissey|0 fnt
|faint|p1a: Blissey
|
|upkeep
|c|☆whatisherm3l0n|phew
|
|t:|1776061657
|switch|p1a: Meowscarada|Meowscarada, F|100/100
|turn|13
|
|t:|1776061664
|move|p1a: Meowscarada|Flower Trick|p2a: Raging Bolt
|-start|p1a: Meowscarada|typechange|Grass|[from] ability: Protean
|-crit|p2a: Raging Bolt
|-damage|p2a: Raging Bolt|7/100 par
|move|p2a: Raging Bolt|Dragon Pulse|p1a: Meowscarada
|-damage|p1a: Meowscarada|0 fnt
|faint|p1a: Meowscarada
|
|upkeep
|
|t:|1776061672
|switch|p1a: Le froog|Greninja, M|100/100
|turn|14
|
|t:|1776061676
|move|p1a: Le froog|Water Shuriken|p2a: Raging Bolt
|-damage|p2a: Raging Bolt|1/100 par
|-damage|p2a: Raging Bolt|0 fnt
|faint|p2a: Raging Bolt
|-end|p2a: Raging Bolt|Protosynthesis|[silent]
|-ability|p1a: Le froog|Battle Bond|boost
|-boost|p1a: Le froog|atk|1
|-boost|p1a: Le froog|spa|1
|-boost|p1a: Le froog|spe|1
|-activate|p1a: Le froog|ability: Battle Bond
|-hitcount|p2: Raging Bolt|2
|
|upkeep
|
|t:|1776061689
|switch|p2a: Manaphy|Manaphy, shiny|100/100
|turn|15
|
|t:|1776061695
|move|p1a: Le froog|Dark Pulse|p2a: Manaphy
|-damage|p2a: Manaphy|47/100
|move|p2a: Manaphy|Energy Ball|p1a: Le froog
|-supereffective|p1a: Le froog
|-damage|p1a: Le froog|8/100
|
|upkeep
|turn|16
|
|t:|1776061703
|switch|p2a: Bruxish|Bruxish, F, shiny|100/100
|move|p1a: Le froog|Dark Pulse|p2a: Bruxish
|-supereffective|p2a: Bruxish
|-damage|p2a: Bruxish|0 fnt
|faint|p2a: Bruxish
|
|upkeep
|
|t:|1776061710
|switch|p2a: Dr. Pelipper|Pelipper, M, shiny|100/100
|-weather|RainDance|[from] ability: Drizzle|[of] p2a: Dr. Pelipper
|turn|17
|
|t:|1776061732
|move|p1a: Le froog|Dark Pulse|p2a: Dr. Pelipper
|-damage|p2a: Dr. Pelipper|24/100
|cant|p2a: Dr. Pelipper|flinch
|
|-weather|RainDance|[upkeep]
|upkeep
|turn|18
|
|t:|1776061741
|switch|p2a: Overqwil|Overqwil, F, shiny|100/100
|move|p1a: Le froog|Water Shuriken|p2a: Overqwil
|-crit|p2a: Overqwil
|-damage|p2a: Overqwil|67/100
|-damage|p2a: Overqwil|44/100
|-damage|p2a: Overqwil|21/100
|-damage|p2a: Overqwil|0 fnt
|faint|p2a: Overqwil
|-hitcount|p2: Overqwil|4
|
|-weather|RainDance|[upkeep]
|upkeep
|c|☆whatisherm3l0n|wow
|
|t:|1776061755
|switch|p2a: Iron Treads|Iron Treads, shiny|74/100
|turn|19
|
|t:|1776061760
|move|p1a: Le froog|Water Shuriken|p2a: Iron Treads
|-supereffective|p2a: Iron Treads
|-damage|p2a: Iron Treads|43/100
|-supereffective|p2a: Iron Treads
|-damage|p2a: Iron Treads|11/100
|-supereffective|p2a: Iron Treads
|-damage|p2a: Iron Treads|0 fnt
|faint|p2a: Iron Treads
|-end|p2a: Iron Treads|Quark Drive|[silent]
|-hitcount|p2: Iron Treads|3
|
|-weather|RainDance|[upkeep]
|upkeep
|
|t:|1776061768
|switch|p2a: Dr. Pelipper|Pelipper, M, shiny|24/100
|turn|20
|
|t:|1776061775
|move|p1a: Le froog|Water Shuriken|p2a: Dr. Pelipper
|-resisted|p2a: Dr. Pelipper
|-damage|p2a: Dr. Pelipper|13/100
|-resisted|p2a: Dr. Pelipper
|-damage|p2a: Dr. Pelipper|3/100
|-resisted|p2a: Dr. Pelipper
|-damage|p2a: Dr. Pelipper|0 fnt
|faint|p2a: Dr. Pelipper
|-hitcount|p2: Dr. Pelipper|3
|
|-weather|RainDance|[upkeep]
|upkeep
|
|t:|1776061783
|switch|p2a: Manaphy|Manaphy, shiny|47/100
|turn|21
|-message|whatisherm3l0n forfeited.
|
|win|Stupiditygenerator
|raw|Stupiditygenerator's rating: 1214 &rarr; <strong>1244</strong><br />(+30 for winning)
|raw|whatisherm3l0n's rating: 1286 &rarr; <strong>1256</strong><br />(-30 for losing)
|l|☆Stupiditygenerator
|player|p1|
|l|☆whatisherm3l0n
|player|p2|
