|html|<div class="broadcast-blue"><strong>[Gen 9] OU is currently suspecting Tera Blast! For information on how to participate check out the <a href="https://www.smogon.com/tools/suspects/view/200">suspect thread</a>.</strong></div>
|j|☆CilenTreeco
|j|☆Chinatownz
|t:|1776067660
|gametype|singles
|player|p1|CilenTreeco|2|1172
|player|p2|Chinatownz|169|1172
|gen|9
|tier|[Gen 9] OU
|rated|
|rule|HP Percentage Mod: HP is shown in percentages
|rule|Endless Battle Clause: Forcing endless battles is banned
|rule|Species Clause: Limit one of each Pokémon
|rule|OHKO Clause: OHKO moves are banned
|rule|Evasion Items Clause: Evasion items are banned
|rule|Evasion Moves Clause: Evasion moves are banned
|rule|Evasion Abilities Clause: Evasion abilities are banned
|rule|Sleep Moves Clause: Sleep-inducing moves are banned
|clearpoke
|poke|p1|Quaquaval, M|
|poke|p1|Sinistcha-Masterpiece|
|poke|p1|Armarouge, F|
|poke|p1|Goodra-Hisui, M|
|poke|p1|Enamorus, F|
|poke|p1|Persian, M|
|poke|p2|Poliwrath, F|
|poke|p2|Pelipper, M|
|poke|p2|Mienshao, F|
|poke|p2|Blissey, F|
|poke|p2|Shaymin|
|poke|p2|Tsareena, F|
|teampreview
|inactive|Battle timer is ON: inactive players will automatically lose when time's up. (requested by Chinatownz)
|
|t:|1776067669
|teamsize|p1|6
|teamsize|p2|6
|start
|switch|p1a: Armarouge|Armarouge, F, shiny|100/100
|switch|p2a: Mienshao|Mienshao, F|100/100
|turn|1
|
|t:|1776067678
|move|p2a: Mienshao|Fake Out|p1a: Armarouge
|-damage|p1a: Armarouge|80/100
|-ability|p1a: Armarouge|Weak Armor|boost
|-unboost|p1a: Armarouge|def|1
|-boost|p1a: Armarouge|spe|2
|-damage|p2a: Mienshao|91/100|[from] item: Life Orb
|cant|p1a: Armarouge|flinch
|
|upkeep
|turn|2
|
|t:|1776067688
|switch|p2a: Blissey|Blissey, F|100/100
|move|p1a: Armarouge|Armor Cannon|p2a: Blissey
|-damage|p2a: Blissey|82/100
|-unboost|p1a: Armarouge|def|1
|-unboost|p1a: Armarouge|spd|1
|
|-heal|p2a: Blissey|89/100|[from] item: Leftovers
|upkeep
|turn|3
|
|t:|1776067696
|switch|p1a: Persian|Persian, M, shiny|100/100
|move|p2a: Blissey|Stealth Rock|p1a: Persian
|-sidestart|p1: CilenTreeco|move: Stealth Rock
|
|-heal|p2a: Blissey|95/100|[from] item: Leftovers
|upkeep
|turn|4
|
|t:|1776067700
|switch|p2a: Pelipper|Pelipper, M|100/100
|-weather|RainDance|[from] ability: Drizzle|[of] p2a: Pelipper
|move|p1a: Persian|Switcheroo|p2a: Pelipper
|-activate|p1a: Persian|move: Trick|[of] p2a: Pelipper
|-item|p2a: Pelipper|Choice Scarf|[from] move: Switcheroo
|-item|p1a: Persian|Damp Rock|[from] move: Switcheroo
|
|-weather|RainDance|[upkeep]
|upkeep
|turn|5
|
|t:|1776067704
|move|p1a: Persian|Taunt|p2a: Pelipper
|-start|p2a: Pelipper|move: Taunt
|move|p2a: Pelipper|U-turn|p1a: Persian
|-damage|p1a: Persian|90/100
|
|t:|1776067707
|switch|p2a: Poliwrath|Poliwrath, F|100/100|[from] U-turn
|
|-weather|RainDance|[upkeep]
|upkeep
|turn|6
|
|t:|1776067710
|move|p2a: Poliwrath|Belly Drum|p2a: Poliwrath
|-damage|p2a: Poliwrath|50/100
|-setboost|p2a: Poliwrath|atk|6|[from] move: Belly Drum
|-enditem|p2a: Poliwrath|Sitrus Berry|[eat]
|-heal|p2a: Poliwrath|75/100|[from] item: Sitrus Berry
|move|p1a: Persian|Thunder Wave|p2a: Poliwrath
|-status|p2a: Poliwrath|par
|
|-weather|RainDance|[upkeep]
|upkeep
|turn|7
|
|t:|1776067715
|move|p1a: Persian|U-turn|p2a: Poliwrath
|-resisted|p2a: Poliwrath
|-damage|p2a: Poliwrath|69/100 par
|
|t:|1776067719
|switch|p1a: Sinistcha|Sinistcha-Masterpiece, shiny|100/100|[from] U-turn
|-damage|p1a: Sinistcha|88/100|[from] Stealth Rock
|cant|p2a: Poliwrath|par
|
|-weather|RainDance|[upkeep]
|upkeep
|turn|8
|
|t:|1776067726
|move|p2a: Poliwrath|Ice Punch|p1a: Sinistcha
|-supereffective|p1a: Sinistcha
|-damage|p1a: Sinistcha|0 fnt
|faint|p1a: Sinistcha
|
|-weather|RainDance|[upkeep]
|upkeep
|
|t:|1776067736
|switch|p1a: Quaquaval|Quaquaval, M, shiny|100/100
|-damage|p1a: Quaquaval|94/100|[from] Stealth Rock
|turn|9
|
|t:|1776067743
|-terastallize|p1a: Quaquaval|Poison
|move|p1a: Quaquaval|Close Combat|p2a: Poliwrath
|-damage|p2a: Poliwrath|1/100 par
|-unboost|p1a: Quaquaval|def|1
|-unboost|p1a: Quaquaval|spd|1
|move|p2a: Poliwrath|Drain Punch|p1a: Quaquaval
|-resisted|p1a: Quaquaval
|-damage|p1a: Quaquaval|0 fnt
|-heal|p2a: Poliwrath|46/100 par|[from] drain|[of] p1a: Quaquaval
|faint|p1a: Quaquaval
|
|-weather|RainDance|[upkeep]
|upkeep
|
|t:|1776067750
|switch|p1a: Enamorus|Enamorus, F|100/100
|-damage|p1a: Enamorus|76/100|[from] Stealth Rock
|turn|10
|
|t:|1776067756
|move|p1a: Enamorus|Superpower|p2a: Poliwrath
|-damage|p2a: Poliwrath|4/100 par
|-boost|p1a: Enamorus|atk|1
|-boost|p1a: Enamorus|def|1
|cant|p2a: Poliwrath|par
|
|-weather|RainDance|[upkeep]
|upkeep
|turn|11
|
|t:|1776067759
|move|p1a: Enamorus|Superpower|p2a: Poliwrath
|-damage|p2a: Poliwrath|0 fnt
|-boost|p1a: Enamorus|atk|1
|-boost|p1a: Enamorus|def|1
|faint|p2a: Poliwrath
|
|-weather|none
|upkeep
|
|t:|1776067771
|switch|p2a: Shaymin|Shaymin|100/100
|turn|12
|
|t:|1776067780
|switch|p1a: Goodra|Goodra-Hisui, M, shiny|100/100
|-damage|p1a: Goodra|94/100|[from] Stealth Rock
|move|p2a: Shaymin|Seed Flare|p1a: Goodra
|-ability|p1a: Goodra|Sap Sipper|boost
|-boost|p1a: Goodra|atk|1
|
|upkeep
|turn|13
|
|t:|1776067786
|switch|p2a: Mienshao|Mienshao, F|100/100
|move|p1a: Goodra|Knock Off|p2a: Mienshao
|-resisted|p2a: Mienshao
|-damage|p2a: Mienshao|64/100
|-enditem|p2a: Mienshao|Life Orb|[from] move: Knock Off|[of] p1a: Goodra
|
|upkeep
|turn|14
|
|t:|1776067790
|switch|p1a: Armarouge|Armarouge, F, shiny|80/100
|-damage|p1a: Armarouge|55/100|[from] Stealth Rock
|move|p2a: Mienshao|Fake Out|p1a: Armarouge
|-damage|p1a: Armarouge|39/100
|-ability|p1a: Armarouge|Weak Armor|boost
|-unboost|p1a: Armarouge|def|1
|-boost|p1a: Armarouge|spe|2
|
|upkeep
|turn|15
|
|t:|1776067794
|switch|p2a: Blissey|Blissey, F|95/100
|move|p1a: Armarouge|Armor Cannon|p2a: Blissey
|-damage|p2a: Blissey|75/100
|-unboost|p1a: Armarouge|def|1
|-unboost|p1a: Armarouge|spd|1
|
|-heal|p2a: Blissey|81/100|[from] item: Leftovers
|upkeep
|turn|16
|
|t:|1776067798
|move|p1a: Armarouge|Destiny Bond|p1a: Armarouge
|-singlemove|p1a: Armarouge|Destiny Bond
|move|p2a: Blissey|Thunder Wave|p1a: Armarouge
|-status|p1a: Armarouge|par
|
|-heal|p2a: Blissey|87/100|[from] item: Leftovers
|upkeep
|turn|17
|
|t:|1776067807
|move|p1a: Armarouge|Meteor Beam||[still]
|-prepare|p1a: Armarouge|Meteor Beam
|-boost|p1a: Armarouge|spa|1
|-enditem|p1a: Armarouge|Power Herb
|-anim|p1a: Armarouge|Meteor Beam|p2a: Blissey
|-damage|p2a: Blissey|70/100
|move|p2a: Blissey|Thunder Wave|p1a: Armarouge|[miss]
|-miss|p2a: Blissey|p1a: Armarouge
|
|-heal|p2a: Blissey|76/100|[from] item: Leftovers
|upkeep
|turn|18
|
|t:|1776067810
|move|p1a: Armarouge|Destiny Bond|p1a: Armarouge
|-singlemove|p1a: Armarouge|Destiny Bond
|move|p2a: Blissey|Seismic Toss|p1a: Armarouge
|-damage|p1a: Armarouge|7/100 par
|-ability|p1a: Armarouge|Weak Armor|boost
|-unboost|p1a: Armarouge|def|1
|-boost|p1a: Armarouge|spe|2
|
|-heal|p2a: Blissey|82/100|[from] item: Leftovers
|upkeep
|turn|19
|
|t:|1776067814
|cant|p1a: Armarouge|par
|move|p2a: Blissey|Seismic Toss|p1a: Armarouge
|-damage|p1a: Armarouge|0 fnt
|faint|p1a: Armarouge
|
|-heal|p2a: Blissey|88/100|[from] item: Leftovers
|upkeep
|
|t:|1776067826
|switch|p1a: Enamorus|Enamorus, F|76/100
|-damage|p1a: Enamorus|51/100|[from] Stealth Rock
|turn|20
|
|t:|1776067831
|move|p1a: Enamorus|Superpower|p2a: Blissey
|-supereffective|p2a: Blissey
|-damage|p2a: Blissey|0 fnt
|-boost|p1a: Enamorus|atk|1
|-boost|p1a: Enamorus|def|1
|faint|p2a: Blissey
|
|upkeep
|
|t:|1776067840
|switch|p2a: Shaymin|Shaymin|100/100
|turn|21
|
|t:|1776067847
|switch|p1a: Goodra|Goodra-Hisui, M, shiny|94/100
|-damage|p1a: Goodra|88/100|[from] Stealth Rock
|switch|p2a: Pelipper|Pelipper, M|100/100
|-weather|RainDance|[from] ability: Drizzle|[of] p2a: Pelipper
|
|-weather|RainDance|[upkeep]
|upkeep
|turn|22
|
|t:|1776067854
|move|p2a: Pelipper|Ice Beam|p1a: Goodra
|-damage|p1a: Goodra|81/100
|move|p1a: Goodra|Dragon Tail|p2a: Pelipper
|-crit|p2a: Pelipper
|-damage|p2a: Pelipper|74/100
|drag|p2a: Shaymin|Shaymin|100/100
|
|-weather|RainDance|[upkeep]
|upkeep
|turn|23
|
|t:|1776067858
|move|p2a: Shaymin|Earth Power|p1a: Goodra
|-supereffective|p1a: Goodra
|-damage|p1a: Goodra|60/100
|move|p1a: Goodra|Breaking Swipe|p2a: Shaymin
|-damage|p2a: Shaymin|79/100
|-unboost|p2a: Shaymin|atk|1
|
|-weather|RainDance|[upkeep]
|upkeep
|turn|24
|
|t:|1776067866
|move|p2a: Shaymin|Earth Power|p1a: Goodra
|-supereffective|p1a: Goodra
|-damage|p1a: Goodra|40/100
|move|p1a: Goodra|Knock Off|p2a: Shaymin
|-damage|p2a: Shaymin|57/100
|-enditem|p2a: Shaymin|Choice Scarf|[from] move: Knock Off|[of] p1a: Goodra
|
|-weather|RainDance|[upkeep]
|upkeep
|turn|25
|
|t:|1776067874
|move|p2a: Shaymin|Earth Power|p1a: Goodra
|-supereffective|p1a: Goodra
|-damage|p1a: Goodra|20/100
|move|p1a: Goodra|Dragon Tail|p2a: Shaymin
|-damage|p2a: Shaymin|36/100
|drag|p2a: Mienshao|Mienshao, F|97/100
|
|-weather|none
|upkeep
|turn|26
|
|t:|1776067880
|switch|p1a: Enamorus|Enamorus, F|51/100
|-damage|p1a: Enamorus|26/100|[from] Stealth Rock
|move|p2a: Mienshao|Fake Out|p1a: Enamorus
|-damage|p1a: Enamorus|6/100
|
|upkeep
|turn|27
|
|t:|1776067887
|switch|p2a: Pelipper|Pelipper, M|74/100
|-weather|RainDance|[from] ability: Drizzle|[of] p2a: Pelipper
|move|p1a: Enamorus|Play Rough|p2a: Pelipper
|-damage|p2a: Pelipper|39/100
|
|-weather|RainDance|[upkeep]
|upkeep
|turn|28
|
|t:|1776067897
|move|p1a: Enamorus|Play Rough|p2a: Pelipper
|-damage|p2a: Pelipper|5/100
|move|p2a: Pelipper|Roost|p2a: Pelipper
|-heal|p2a: Pelipper|56/100
|-singleturn|p2a: Pelipper|move: Roost
|
|-weather|RainDance|[upkeep]
|upkeep
|turn|29
|
|t:|1776067906
|move|p1a: Enamorus|Play Rough|p2a: Pelipper
|-damage|p2a: Pelipper|24/100
|move|p2a: Pelipper|Roost|p2a: Pelipper
|-heal|p2a: Pelipper|74/100
|-singleturn|p2a: Pelipper|move: Roost
|
|-weather|RainDance|[upkeep]
|upkeep
|turn|30
|
|t:|1776067915
|move|p1a: Enamorus|Play Rough|p2a: Pelipper|[miss]
|-miss|p1a: Enamorus|p2a: Pelipper
|move|p2a: Pelipper|Roost|p2a: Pelipper
|-heal|p2a: Pelipper|100/100
|-singleturn|p2a: Pelipper|move: Roost
|
|-weather|RainDance|[upkeep]
|upkeep
|turn|31
|
|t:|1776067919
|switch|p2a: Tsareena|Tsareena, F|100/100
|move|p1a: Enamorus|Play Rough|p2a: Tsareena
|-crit|p2a: Tsareena
|-damage|p2a: Tsareena|33/100
|
|-weather|none
|upkeep
|turn|32
|
|t:|1776067938
|move|p1a: Enamorus|Play Rough|p2a: Tsareena
|-damage|p2a: Tsareena|0 fnt
|faint|p2a: Tsareena
|
|upkeep
|
|t:|1776067947
|switch|p2a: Mienshao|Mienshao, F|100/100
|turn|33
|
|t:|1776067962
|move|p2a: Mienshao|Fake Out|p1a: Enamorus
|-damage|p1a: Enamorus|0 fnt
|faint|p1a: Enamorus
|
|upkeep
|
|t:|1776067965
|switch|p1a: Persian|Persian, M, shiny|90/100
|-damage|p1a: Persian|78/100|[from] Stealth Rock
|turn|34
|
|t:|1776067972
|move|p2a: Mienshao|Close Combat|p1a: Persian
|-supereffective|p1a: Persian
|-damage|p1a: Persian|0 fnt
|-unboost|p2a: Mienshao|def|1
|-unboost|p2a: Mienshao|spd|1
|faint|p1a: Persian
|
|upkeep
|-message|CilenTreeco forfeited.
|
|win|Chinatownz
|raw|CilenTreeco's rating: 1172 &rarr; <strong>1147</strong><br />(-25 for losing)
|raw|Chinatownz's rating: 1172 &rarr; <strong>1197</strong><br />(+25 for winning)
|l|☆CilenTreeco
|player|p1|
|l|☆Chinatownz
|player|p2|
