|html|<div class="broadcast-blue"><strong>[Gen 9] OU is currently suspecting Tera Blast! For information on how to participate check out the <a href="https://www.smogon.com/tools/suspects/view/200">suspect thread</a>.</strong></div>
|j|☆puripuriwhy
|j|☆timotarkka
|t:|1776071240
|gametype|singles
|player|p1|puripuriwhy|twins-gen4dp|1305
|player|p2|timotarkka|169|1323
|gen|9
|tier|[Gen 9] OU
|rated|
|rule|HP Percentage Mod: HP is shown in percentages
|rule|Endless Battle Clause: Forcing endless battles is banned
|rule|Species Clause: Limit one of each Pokémon
|rule|OHKO Clause: OHKO moves are banned
|rule|Evasion Items Clause: Evasion items are banned
|rule|Evasion Moves Clause: Evasion moves are banned
|rule|Evasion Abilities Clause: Evasion abilities are banned
|rule|Sleep Moves Clause: Sleep-inducing moves are banned
|clearpoke
|poke|p1|Cloyster, M|
|poke|p1|Ninetales-Alola, M|
|poke|p1|Cinccino, F|
|poke|p1|Dodrio, M|
|poke|p1|Sylveon, M|
|poke|p1|Ogerpon-Wellspring, F|
|poke|p2|Kyurem|
|poke|p2|Cinderace, M|
|poke|p2|Tornadus-Therian, M|
|poke|p2|Hatterene, F|
|poke|p2|Great Tusk|
|poke|p2|Kingambit, F|
|teampreview
|inactive|Battle timer is ON: inactive players will automatically lose when time's up. (requested by timotarkka)
|inactive|puripuriwhy also wants the timer to be on.
|
|t:|1776071244
|teamsize|p1|6
|teamsize|p2|6
|start
|switch|p1a: Ga|Ninetales-Alola, M|100/100
|switch|p2a: Kyurem|Kyurem|100/100
|-weather|Snowscape|[from] ability: Snow Warning|[of] p1a: Ga
|-ability|p2a: Kyurem|Pressure
|turn|1
|
|t:|1776071249
|switch|p2a: Cinderace|Cinderace, M|100/100
|move|p1a: Ga|Aurora Veil|p1a: Ga
|-sidestart|p1: puripuriwhy|move: Aurora Veil
|
|-weather|Snowscape|[upkeep]
|upkeep
|turn|2
|
|t:|1776071254
|switch|p1a: Po|Dodrio, M|100/100
|move|p2a: Cinderace|Pyro Ball|p1a: Po
|-damage|p1a: Po|48/100
|
|-weather|Snowscape|[upkeep]
|upkeep
|turn|3
|
|t:|1776071259
|move|p2a: Cinderace|Pyro Ball|p1a: Po
|-damage|p1a: Po|0 fnt
|faint|p1a: Po
|
|-weather|Snowscape|[upkeep]
|upkeep
|
|t:|1776071264
|switch|p1a: Bi|Cloyster, M|100/100
|turn|4
|
|t:|1776071267
|move|p2a: Cinderace|Will-O-Wisp|p1a: Bi
|-status|p1a: Bi|brn
|move|p1a: Bi|Shell Smash|p1a: Bi
|-unboost|p1a: Bi|def|1
|-unboost|p1a: Bi|spd|1
|-boost|p1a: Bi|atk|2
|-boost|p1a: Bi|spa|2
|-boost|p1a: Bi|spe|2
|-enditem|p1a: Bi|White Herb
|-clearnegativeboost|p1a: Bi|[silent]
|
|-weather|Snowscape|[upkeep]
|-damage|p1a: Bi|94/100 brn|[from] brn
|upkeep
|turn|5
|
|t:|1776071281
|switch|p2a: Kyurem|Kyurem|100/100
|-ability|p2a: Kyurem|Pressure
|move|p1a: Bi|Waterfall|p2a: Kyurem
|-resisted|p2a: Kyurem
|-damage|p2a: Kyurem|89/100
|
|-weather|none
|-damage|p1a: Bi|88/100 brn|[from] brn
|upkeep
|turn|6
|
|t:|1776071286
|move|p1a: Bi|Icicle Spear|p2a: Kyurem
|-damage|p2a: Kyurem|79/100
|-damage|p2a: Kyurem|67/100
|-damage|p2a: Kyurem|55/100
|-damage|p2a: Kyurem|44/100
|-damage|p2a: Kyurem|33/100
|-hitcount|p2a: Kyurem|5
|move|p2a: Kyurem|Freeze-Dry|p1a: Bi
|-damage|p1a: Bi|13/100 brn
|
|-damage|p1a: Bi|6/100 brn|[from] brn
|upkeep
|turn|7
|
|t:|1776071303
|move|p1a: Bi|Rock Blast|p2a: Kyurem
|-supereffective|p2a: Kyurem
|-damage|p2a: Kyurem|18/100
|-supereffective|p2a: Kyurem
|-damage|p2a: Kyurem|4/100
|-supereffective|p2a: Kyurem
|-damage|p2a: Kyurem|0 fnt
|faint|p2a: Kyurem
|-hitcount|p2: Kyurem|3
|
|-damage|p1a: Bi|0 fnt|[from] brn
|faint|p1a: Bi
|upkeep
|
|t:|1776071308
|switch|p2a: Cinderace|Cinderace, M|100/100
|switch|p1a: Tr|Sylveon, M, shiny|100/100
|turn|8
|
|t:|1776071311
|move|p2a: Cinderace|Gunk Shot|p1a: Tr
|-start|p2a: Cinderace|typechange|Poison|[from] ability: Libero
|-supereffective|p1a: Tr
|-damage|p1a: Tr|34/100
|move|p1a: Tr|Hyper Beam|p2a: Cinderace
|-resisted|p2a: Cinderace
|-damage|p2a: Cinderace|10/100
|-mustrecharge|p1a: Tr
|
|-sideend|p1: puripuriwhy|move: Aurora Veil
|upkeep
|turn|9
|
|t:|1776071321
|move|p2a: Cinderace|Gunk Shot|p1a: Tr|[miss]
|-miss|p2a: Cinderace|p1a: Tr
|cant|p1a: Tr|recharge
|
|upkeep
|turn|10
|
|t:|1776071323
|move|p2a: Cinderace|Gunk Shot|p1a: Tr
|-supereffective|p1a: Tr
|-damage|p1a: Tr|0 fnt
|faint|p1a: Tr
|
|upkeep
|
|t:|1776071325
|switch|p1a: Ga|Ninetales-Alola, M|100/100
|-weather|Snowscape|[from] ability: Snow Warning|[of] p1a: Ga
|turn|11
|
|t:|1776071336
|move|p2a: Cinderace|Gunk Shot|p1a: Ga
|-supereffective|p1a: Ga
|-damage|p1a: Ga|0 fnt
|faint|p1a: Ga
|
|-weather|Snowscape|[upkeep]
|upkeep
|
|t:|1776071339
|switch|p1a: Pa|Cinccino, F|100/100
|turn|12
|
|t:|1776071344
|switch|p2a: Great Tusk|Great Tusk|100/100
|-terastallize|p1a: Pa|Ghost
|move|p1a: Pa|Tidy Up|p1a: Pa
|-boost|p1a: Pa|atk|1
|-boost|p1a: Pa|spe|1
|
|-weather|Snowscape|[upkeep]
|upkeep
|turn|13
|
|t:|1776071353
|move|p1a: Pa|Tidy Up|p1a: Pa
|-boost|p1a: Pa|atk|1
|-boost|p1a: Pa|spe|1
|move|p2a: Great Tusk|Headlong Rush|p1a: Pa
|-damage|p1a: Pa|0 fnt
|-unboost|p2a: Great Tusk|def|1
|-unboost|p2a: Great Tusk|spd|1
|faint|p1a: Pa
|
|-weather|Snowscape|[upkeep]
|upkeep
|
|t:|1776071357
|switch|p1a: Le|Ogerpon-Wellspring, F|100/100
|turn|14
|
|t:|1776071359
|move|p1a: Le|Swords Dance|p1a: Le
|-boost|p1a: Le|atk|2
|move|p2a: Great Tusk|Ice Spinner|p1a: Le
|-damage|p1a: Le|68/100
|
|-weather|Snowscape|[upkeep]
|upkeep
|turn|15
|
|t:|1776071361
|move|p1a: Le|Horn Leech|p2a: Great Tusk
|-supereffective|p2a: Great Tusk
|-damage|p2a: Great Tusk|0 fnt
|-heal|p1a: Le|100/100|[from] drain|[of] p2a: Great Tusk
|-damage|p1a: Le|84/100|[from] item: Rocky Helmet|[of] p2a: Great Tusk
|faint|p2a: Great Tusk
|-end|p2a: Great Tusk|Protosynthesis|[silent]
|
|-weather|none
|upkeep
|
|t:|1776071364
|switch|p2a: Cinderace|Cinderace, M|10/100
|turn|16
|
|t:|1776071370
|move|p2a: Cinderace|Gunk Shot|p1a: Le
|-start|p2a: Cinderace|typechange|Poison|[from] ability: Libero
|-supereffective|p1a: Le
|-damage|p1a: Le|0 fnt
|faint|p1a: Le
|
|win|timotarkka
|raw|puripuriwhy's rating: 1305 &rarr; <strong>1286</strong><br />(-19 for losing)
|raw|timotarkka's rating: 1323 &rarr; <strong>1342</strong><br />(+19 for winning)
|l|☆puripuriwhy
|player|p1|
|l|☆timotarkka
|player|p2|
