|html|<div class="broadcast-blue"><strong>[Gen 9] OU is currently suspecting Tera Blast! For information on how to participate check out the <a href="https://www.smogon.com/tools/suspects/view/200">suspect thread</a>.</strong></div>
|j|☆kopv18
|j|☆Princessjosie1001!
|t:|1776186867
|gametype|singles
|player|p1|kopv18|bugcatcher-gen4dp|1525
|player|p2|Princessjosie1001!|nurse|1543
|gen|9
|tier|[Gen 9] OU
|rated|
|rule|HP Percentage Mod: HP is shown in percentages
|rule|Endless Battle Clause: Forcing endless battles is banned
|rule|Species Clause: Limit one of each Pokémon
|rule|OHKO Clause: OHKO moves are banned
|rule|Evasion Items Clause: Evasion items are banned
|rule|Evasion Moves Clause: Evasion moves are banned
|rule|Evasion Abilities Clause: Evasion abilities are banned
|rule|Sleep Moves Clause: Sleep-inducing moves are banned
|clearpoke
|poke|p1|Tyranitar, M|
|poke|p1|Kingambit, F|
|poke|p1|Excadrill, F|
|poke|p1|Chimecho, M|
|poke|p1|Cinderace, M|
|poke|p1|Hydrapple, F|
|poke|p2|Polteageist|
|poke|p2|Cloyster, F|
|poke|p2|Salazzle, F|
|poke|p2|Espeon, F|
|poke|p2|Alcremie, F|
|poke|p2|Dragonite, F|
|teampreview
|j| ohko_smeargle
|
|t:|1776186903
|teamsize|p1|6
|teamsize|p2|6
|start
|switch|p1a: Cinderace|Cinderace, M|100/100
|switch|p2a: Alcremie|Alcremie, F|100/100
|turn|1
|
|t:|1776186908
|switch|p2a: No hazard allowed|Espeon, F|100/100
|move|p1a: Cinderace|Pyro Ball|p2a: No hazard allowed
|-damage|p2a: No hazard allowed|0 fnt
|faint|p2a: No hazard allowed
|
|upkeep
|
|t:|1776186921
|switch|p2a: Salazzle|Salazzle, F|100/100
|turn|2
|
|t:|1776186925
|move|p1a: Cinderace|U-turn|p2a: Salazzle
|-start|p1a: Cinderace|typechange|Bug|[from] ability: Libero
|-resisted|p2a: Salazzle
|-damage|p2a: Salazzle|84/100
|
|t:|1776186928
|switch|p1a: Tyranitar|Tyranitar, M|100/100|[from] U-turn
|-weather|Sandstorm|[from] ability: Sand Stream|[of] p1a: Tyranitar
|move|p2a: Salazzle|Sludge Wave|p1a: Tyranitar
|-resisted|p1a: Tyranitar
|-damage|p1a: Tyranitar|84/100
|
|-weather|Sandstorm|[upkeep]
|-damage|p2a: Salazzle|77/100|[from] Sandstorm
|upkeep
|turn|3
|
|t:|1776186938
|move|p2a: Salazzle|Toxic|p1a: Tyranitar
|-status|p1a: Tyranitar|tox
|move|p1a: Tyranitar|Stone Edge|p2a: Salazzle|[miss]
|-miss|p1a: Tyranitar|p2a: Salazzle
|
|-weather|Sandstorm|[upkeep]
|-damage|p2a: Salazzle|71/100|[from] Sandstorm
|-damage|p1a: Tyranitar|78/100 tox|[from] psn
|upkeep
|turn|4
|
|t:|1776186946
|move|p2a: Salazzle|Flamethrower|p1a: Tyranitar
|-resisted|p1a: Tyranitar
|-damage|p1a: Tyranitar|64/100 tox
|move|p1a: Tyranitar|Stone Edge|p2a: Salazzle
|-supereffective|p2a: Salazzle
|-crit|p2a: Salazzle
|-damage|p2a: Salazzle|0 fnt
|faint|p2a: Salazzle
|
|-weather|Sandstorm|[upkeep]
|-damage|p1a: Tyranitar|51/100 tox|[from] psn
|upkeep
|j| dlc gaming lol
|c| dlc gaming lol|Chimecho???
|
|t:|1776186967
|switch|p2a: Alcremie|Alcremie, F|100/100
|turn|5
|
|t:|1776186972
|move|p1a: Tyranitar|Stone Edge|p2a: Alcremie|[miss]
|-miss|p1a: Tyranitar|p2a: Alcremie
|move|p2a: Alcremie|Acid Armor|p2a: Alcremie
|-boost|p2a: Alcremie|def|2
|
|-weather|Sandstorm|[upkeep]
|-damage|p2a: Alcremie|95/100|[from] Sandstorm
|-damage|p1a: Tyranitar|33/100 tox|[from] psn
|upkeep
|turn|6
|
|t:|1776186982
|switch|p1a: Excadrill|Excadrill, F|100/100
|move|p2a: Alcremie|Calm Mind|p2a: Alcremie
|-boost|p2a: Alcremie|spa|1
|-boost|p2a: Alcremie|spd|1
|
|-weather|none
|upkeep
|turn|7
|l| dlc gaming lol
|
|t:|1776186992
|-terastallize|p2a: Alcremie|Steel
|move|p1a: Excadrill|Swords Dance|p1a: Excadrill
|-boost|p1a: Excadrill|atk|2
|move|p2a: Alcremie|Acid Armor|p2a: Alcremie
|-boost|p2a: Alcremie|def|2
|
|upkeep
|turn|8
|
|t:|1776187000
|switch|p2a: Dragonite|Dragonite, F|100/100
|move|p1a: Excadrill|Swords Dance|p1a: Excadrill
|-boost|p1a: Excadrill|atk|2
|
|upkeep
|turn|9
|
|t:|1776187009
|-terastallize|p1a: Excadrill|Ghost
|move|p1a: Excadrill|Rapid Spin|p2a: Dragonite
|-damage|p2a: Dragonite|68/100
|-boost|p1a: Excadrill|spe|1
|move|p2a: Dragonite|Earthquake|p1a: Excadrill
|-crit|p1a: Excadrill
|-damage|p1a: Excadrill|22/100
|
|-heal|p1a: Excadrill|28/100|[from] item: Leftovers
|upkeep
|turn|10
|
|t:|1776187019
|move|p1a: Excadrill|Iron Head|p2a: Dragonite
|-damage|p2a: Dragonite|0 fnt
|faint|p2a: Dragonite
|
|-heal|p1a: Excadrill|35/100|[from] item: Leftovers
|upkeep
|
|t:|1776187024
|switch|p2a: Cloyster|Cloyster, F|100/100
|turn|11
|
|t:|1776187028
|move|p1a: Excadrill|Iron Head|p2a: Cloyster
|-enditem|p2a: Cloyster|Focus Sash
|-damage|p2a: Cloyster|1/100
|move|p2a: Cloyster|Shell Smash|p2a: Cloyster
|-unboost|p2a: Cloyster|def|1
|-unboost|p2a: Cloyster|spd|1
|-boost|p2a: Cloyster|atk|2
|-boost|p2a: Cloyster|spa|2
|-boost|p2a: Cloyster|spe|2
|
|-heal|p1a: Excadrill|41/100|[from] item: Leftovers
|upkeep
|turn|12
|
|t:|1776187040
|switch|p1a: Tyranitar|Tyranitar, M|33/100 tox
|-weather|Sandstorm|[from] ability: Sand Stream|[of] p1a: Tyranitar
|move|p2a: Cloyster|Icicle Spear|p1a: Tyranitar
|-damage|p1a: Tyranitar|10/100 tox
|-damage|p1a: Tyranitar|0 fnt
|faint|p1a: Tyranitar
|-hitcount|p1: Tyranitar|2
|
|-weather|Sandstorm|[upkeep]
|-damage|p2a: Cloyster|0 fnt|[from] Sandstorm
|faint|p2a: Cloyster
|upkeep
|
|t:|1776187055
|switch|p2a: Polteageist|Polteageist|100/100
|switch|p1a: Cinderace|Cinderace, M|100/100
|turn|13
|
|t:|1776187062
|move|p1a: Cinderace|Pyro Ball|p2a: Polteageist
|-enditem|p2a: Polteageist|Focus Sash
|-damage|p2a: Polteageist|1/100
|-ability|p2a: Polteageist|Weak Armor|boost
|-unboost|p2a: Polteageist|def|1
|-boost|p2a: Polteageist|spe|2
|move|p2a: Polteageist|Shadow Ball|p1a: Cinderace
|-damage|p1a: Cinderace|28/100
|
|-weather|Sandstorm|[upkeep]
|-damage|p2a: Polteageist|0 fnt|[from] Sandstorm
|-damage|p1a: Cinderace|22/100|[from] Sandstorm
|faint|p2a: Polteageist
|upkeep
|
|t:|1776187074
|switch|p2a: Alcremie|Alcremie, F, tera:Steel|95/100
|turn|14
|
|t:|1776187077
|move|p1a: Cinderace|High Jump Kick|p2a: Alcremie
|-start|p1a: Cinderace|typechange|Fighting|[from] ability: Libero
|-supereffective|p2a: Alcremie
|-damage|p2a: Alcremie|0 fnt
|faint|p2a: Alcremie
|
|win|kopv18
|raw|kopv18's rating: 1525 &rarr; <strong>1546</strong><br />(+21 for winning)
|raw|Princessjosie1001!'s rating: 1543 &rarr; <strong>1522</strong><br />(-21 for losing)
|l| ohko_smeargle
|l|☆Princessjosie1001!
|player|p2|
