|html|<div class="broadcast-blue"><strong>[Gen 9] OU is currently suspecting Tera Blast! For information on how to participate check out the <a href="https://www.smogon.com/tools/suspects/view/200">suspect thread</a>.</strong></div>
|j|☆Fgiu
|j|☆Riddledend
|t:|1776056661
|gametype|singles
|player|p1|Fgiu|266|1000
|player|p2|Riddledend|1|1000
|gen|9
|tier|[Gen 9] OU
|rated|
|rule|HP Percentage Mod: HP is shown in percentages
|rule|Endless Battle Clause: Forcing endless battles is banned
|rule|Species Clause: Limit one of each Pokémon
|rule|OHKO Clause: OHKO moves are banned
|rule|Evasion Items Clause: Evasion items are banned
|rule|Evasion Moves Clause: Evasion moves are banned
|rule|Evasion Abilities Clause: Evasion abilities are banned
|rule|Sleep Moves Clause: Sleep-inducing moves are banned
|clearpoke
|poke|p1|Blastoise, F|
|poke|p1|Pelipper, M|
|poke|p1|Quaquaval, M|
|poke|p1|Samurott-Hisui, M|
|poke|p1|Ting-Lu|
|poke|p1|Zapdos|
|poke|p2|Dragonite, F|
|poke|p2|Greninja-*, F|
|poke|p2|Gholdengo|
|poke|p2|Amoonguss, M|
|poke|p2|Great Tusk|
|poke|p2|Dragapult, F|
|teampreview
|
|t:|1776056674
|teamsize|p1|6
|teamsize|p2|6
|start
|switch|p1a: Ting-Lu|Ting-Lu|100/100
|switch|p2a: Greninja|Greninja, F|100/100
|-ability|p1a: Ting-Lu|Vessel of Ruin
|turn|1
|
|t:|1776056691
|-terastallize|p1a: Ting-Lu|Fairy
|move|p2a: Greninja|U-turn|p1a: Ting-Lu
|-start|p2a: Greninja|typechange|Bug|[from] ability: Protean
|-resisted|p1a: Ting-Lu
|-damage|p1a: Ting-Lu|93/100
|-damage|p2a: Greninja|91/100|[from] item: Life Orb
|
|t:|1776056713
|switch|p2a: Amoonguss|Amoonguss, M|100/100|[from] U-turn
|move|p1a: Ting-Lu|Body Press|p2a: Amoonguss
|-resisted|p2a: Amoonguss
|-damage|p2a: Amoonguss|92/100
|
|-heal|p1a: Ting-Lu|99/100|[from] item: Leftovers
|-heal|p2a: Amoonguss|98/100|[from] item: Black Sludge
|upkeep
|turn|2
|
|t:|1776056729
|move|p1a: Ting-Lu|Stealth Rock|p2a: Amoonguss
|-sidestart|p2: Riddledend|move: Stealth Rock
|move|p2a: Amoonguss|Sludge Bomb|p1a: Ting-Lu
|-supereffective|p1a: Ting-Lu
|-damage|p1a: Ting-Lu|71/100
|
|-heal|p1a: Ting-Lu|77/100|[from] item: Leftovers
|-heal|p2a: Amoonguss|100/100|[from] item: Black Sludge
|upkeep
|turn|3
|inactive|Battle timer is ON: inactive players will automatically lose when time's up. (requested by Fgiu)
|
|t:|1776056741
|move|p1a: Ting-Lu|Protect|p1a: Ting-Lu
|-singleturn|p1a: Ting-Lu|Protect
|move|p2a: Amoonguss|Sludge Bomb|p1a: Ting-Lu
|-activate|p1a: Ting-Lu|move: Protect
|
|-heal|p1a: Ting-Lu|83/100|[from] item: Leftovers
|upkeep
|turn|4
|
|t:|1776056758
|switch|p1a: Pelipper|Pelipper, M|100/100
|-weather|RainDance|[from] ability: Drizzle|[of] p1a: Pelipper
|move|p2a: Amoonguss|Clear Smog|p1a: Pelipper
|-damage|p1a: Pelipper|80/100
|-clearboost|p1a: Pelipper
|
|-weather|RainDance|[upkeep]
|upkeep
|turn|5
|
|t:|1776056777
|switch|p2a: Great Tusk|Great Tusk|100/100
|-damage|p2a: Great Tusk|98/100|[from] Stealth Rock
|move|p1a: Pelipper|Hurricane|p2a: Great Tusk
|-supereffective|p2a: Great Tusk
|-damage|p2a: Great Tusk|0 fnt
|faint|p2a: Great Tusk
|-end|p2a: Great Tusk|Protosynthesis|[silent]
|
|-weather|RainDance|[upkeep]
|upkeep
|
|t:|1776056794
|switch|p2a: Greninja|Greninja, F|91/100
|-damage|p2a: Greninja|78/100|[from] Stealth Rock
|turn|6
|
|t:|1776056807
|move|p2a: Greninja|Ice Beam|p1a: Pelipper
|-start|p2a: Greninja|typechange|Ice|[from] ability: Protean
|-damage|p1a: Pelipper|18/100
|-damage|p2a: Greninja|69/100|[from] item: Life Orb
|move|p1a: Pelipper|Hurricane|p2a: Greninja
|-crit|p2a: Greninja
|-damage|p2a: Greninja|0 fnt
|faint|p2a: Greninja
|
|-weather|RainDance|[upkeep]
|upkeep
|
|t:|1776056820
|switch|p2a: Dragapult|Dragapult, F|100/100
|-damage|p2a: Dragapult|88/100|[from] Stealth Rock
|turn|7
|
|t:|1776056835
|move|p2a: Dragapult|Shadow Ball|p1a: Pelipper
|-damage|p1a: Pelipper|0 fnt
|faint|p1a: Pelipper
|
|-weather|RainDance|[upkeep]
|upkeep
|
|t:|1776056847
|switch|p1a: Samurott|Samurott-Hisui, M|100/100
|turn|8
|inactive|Riddledend has 120 seconds left.
|
|t:|1776056871
|move|p2a: Dragapult|Shadow Ball|p1a: Samurott
|-resisted|p1a: Samurott
|-damage|p1a: Samurott|81/100
|move|p1a: Samurott|Ceaseless Edge|p2a: Dragapult
|-supereffective|p2a: Dragapult
|-damage|p2a: Dragapult|0 fnt
|-sidestart|p2: Riddledend|Spikes
|faint|p2a: Dragapult
|
|-weather|RainDance|[upkeep]
|upkeep
|inactive|Riddledend has 120 seconds left.
|
|t:|1776056882
|switch|p2a: Gholdengo|Gholdengo|100/100
|-damage|p2a: Gholdengo|94/100|[from] Stealth Rock
|-damage|p2a: Gholdengo|82/100|[from] Spikes
|turn|9
|inactive|Riddledend has 120 seconds left.
|
|t:|1776056891
|move|p2a: Gholdengo|Focus Blast|p1a: Samurott|[miss]
|-miss|p2a: Gholdengo|p1a: Samurott
|move|p1a: Samurott|Ceaseless Edge|p2a: Gholdengo
|-supereffective|p2a: Gholdengo
|-damage|p2a: Gholdengo|0 fnt
|-sidestart|p2: Riddledend|Spikes
|faint|p2a: Gholdengo
|
|-weather|RainDance|[upkeep]
|upkeep
|inactive|Riddledend has 120 seconds left.
|
|t:|1776056902
|switch|p2a: Amoonguss|Amoonguss, M|100/100
|-damage|p2a: Amoonguss|88/100|[from] Stealth Rock
|-damage|p2a: Amoonguss|71/100|[from] Spikes
|turn|10
|inactive|Riddledend has 120 seconds left.
|
|t:|1776056913
|-terastallize|p2a: Amoonguss|Water
|move|p1a: Samurott|Ceaseless Edge|p2a: Amoonguss
|-damage|p2a: Amoonguss|34/100
|-sidestart|p2: Riddledend|Spikes
|move|p2a: Amoonguss|Giga Drain|p1a: Samurott
|-supereffective|p1a: Samurott
|-damage|p1a: Samurott|47/100
|-heal|p2a: Amoonguss|49/100|[from] drain|[of] p1a: Samurott
|
|-weather|RainDance|[upkeep]
|-damage|p2a: Amoonguss|36/100|[from] item: Black Sludge
|upkeep
|turn|11
|inactive|Riddledend has 120 seconds left.
|
|t:|1776056927
|move|p1a: Samurott|Ceaseless Edge|p2a: Amoonguss
|-damage|p2a: Amoonguss|2/100
|move|p2a: Amoonguss|Giga Drain|p1a: Samurott
|-supereffective|p1a: Samurott
|-damage|p1a: Samurott|9/100
|-heal|p2a: Amoonguss|18/100|[from] drain|[of] p1a: Samurott
|
|-weather|none
|-damage|p2a: Amoonguss|6/100|[from] item: Black Sludge
|upkeep
|turn|12
|inactive|Riddledend has 120 seconds left.
|
|t:|1776056941
|move|p1a: Samurott|Ceaseless Edge|p2a: Amoonguss
|-damage|p2a: Amoonguss|0 fnt
|faint|p2a: Amoonguss
|
|upkeep
|
|t:|1776056946
|switch|p2a: Dragonite|Dragonite, F|100/100
|turn|13
|inactive|Riddledend has 120 seconds left.
|
|t:|1776056953
|move|p1a: Samurott|Sucker Punch||[still]
|-fail|p1a: Samurott
|move|p2a: Dragonite|Dragon Dance|p2a: Dragonite
|-boost|p2a: Dragonite|atk|1
|-boost|p2a: Dragonite|spe|1
|
|upkeep
|turn|14
|
|t:|1776056960
|move|p2a: Dragonite|Extreme Speed|p1a: Samurott
|-damage|p1a: Samurott|0 fnt
|faint|p1a: Samurott
|
|upkeep
|
|t:|1776056972
|switch|p1a: Blastoise|Blastoise, F|100/100
|turn|15
|
|t:|1776056979
|move|p2a: Dragonite|Earthquake|p1a: Blastoise
|-damage|p1a: Blastoise|39/100
|move|p1a: Blastoise|Shell Smash|p1a: Blastoise
|-unboost|p1a: Blastoise|def|1
|-unboost|p1a: Blastoise|spd|1
|-boost|p1a: Blastoise|atk|2
|-boost|p1a: Blastoise|spa|2
|-boost|p1a: Blastoise|spe|2
|-enditem|p1a: Blastoise|White Herb
|-clearnegativeboost|p1a: Blastoise|[silent]
|
|upkeep
|turn|16
|
|t:|1776056990
|move|p2a: Dragonite|Extreme Speed|p1a: Blastoise
|-damage|p1a: Blastoise|0 fnt
|faint|p1a: Blastoise
|
|upkeep
|inactive|Fgiu has 120 seconds left.
|
|t:|1776057019
|switch|p1a: Zapdos|Zapdos|100/100
|turn|17
|
|t:|1776057026
|move|p2a: Dragonite|Extreme Speed|p1a: Zapdos
|-damage|p1a: Zapdos|46/100
|move|p1a: Zapdos|Hurricane|p2a: Dragonite
|-damage|p2a: Dragonite|56/100
|-start|p2a: Dragonite|confusion
|-damage|p1a: Zapdos|36/100|[from] item: Life Orb
|
|upkeep
|turn|18
|
|t:|1776057035
|-activate|p2a: Dragonite|confusion
|move|p2a: Dragonite|Extreme Speed|p1a: Zapdos
|-damage|p1a: Zapdos|0 fnt
|faint|p1a: Zapdos
|
|upkeep
|
|t:|1776057042
|switch|p1a: Quaquaval|Quaquaval, M|100/100
|turn|19
|
|t:|1776057055
|-end|p2a: Dragonite|confusion
|move|p2a: Dragonite|Earthquake|p1a: Quaquaval
|-damage|p1a: Quaquaval|23/100
|move|p1a: Quaquaval|Aqua Step|p2a: Dragonite
|-resisted|p2a: Dragonite
|-damage|p2a: Dragonite|18/100
|-boost|p1a: Quaquaval|spe|1
|
|upkeep
|turn|20
|
|t:|1776057065
|move|p2a: Dragonite|Extreme Speed|p1a: Quaquaval
|-damage|p1a: Quaquaval|0 fnt
|faint|p1a: Quaquaval
|
|upkeep
|
|t:|1776057067
|switch|p1a: Ting-Lu|Ting-Lu, tera:Fairy|83/100
|-ability|p1a: Ting-Lu|Vessel of Ruin
|turn|21
|
|t:|1776057080
|move|p2a: Dragonite|Earthquake|p1a: Ting-Lu
|-damage|p1a: Ting-Lu|51/100
|move|p1a: Ting-Lu|Body Press|p2a: Dragonite
|-resisted|p2a: Dragonite
|-damage|p2a: Dragonite|4/100
|
|-heal|p1a: Ting-Lu|58/100|[from] item: Leftovers
|upkeep
|turn|22
|
|t:|1776057097
|move|p2a: Dragonite|Fire Punch|p1a: Ting-Lu
|-damage|p1a: Ting-Lu|37/100
|move|p1a: Ting-Lu|Body Press|p2a: Dragonite
|-resisted|p2a: Dragonite
|-damage|p2a: Dragonite|0 fnt
|faint|p2a: Dragonite
|
|win|Fgiu
|raw|Fgiu's rating: 1000 &rarr; <strong>1040</strong><br />(+40 for winning)
|raw|Riddledend's rating: 1000 &rarr; <strong>1000</strong><br />(+0 for losing)
