|html|<div class="broadcast-blue"><strong>[Gen 9] OU is currently suspecting Tera Blast! For information on how to participate check out the <a href="https://www.smogon.com/tools/suspects/view/200">suspect thread</a>.</strong></div>
|j|☆Billythekid95
|j|‽crimdawgx2
|t:|1776161053
|gametype|singles
|player|p1|Billythekid95|266|1420
|player|p2|crimdawgx2|102|1424
|gen|9
|tier|[Gen 9] OU
|rated|
|rule|HP Percentage Mod: HP is shown in percentages
|rule|Endless Battle Clause: Forcing endless battles is banned
|rule|Species Clause: Limit one of each Pokémon
|rule|OHKO Clause: OHKO moves are banned
|rule|Evasion Items Clause: Evasion items are banned
|rule|Evasion Moves Clause: Evasion moves are banned
|rule|Evasion Abilities Clause: Evasion abilities are banned
|rule|Sleep Moves Clause: Sleep-inducing moves are banned
|clearpoke
|poke|p1|Walking Wake|
|poke|p1|Ribombee, F|
|poke|p1|Gholdengo|
|poke|p1|Torkoal, M|
|poke|p1|Ogerpon, F|
|poke|p1|Great Tusk|
|poke|p2|Raging Bolt|
|poke|p2|Ribombee, M|
|poke|p2|Gholdengo|
|poke|p2|Great Tusk|
|poke|p2|Ogerpon-Cornerstone, F|
|poke|p2|Ceruledge, F|
|teampreview
|
|t:|1776161098
|teamsize|p1|6
|teamsize|p2|6
|start
|switch|p1a: Ribombee|Ribombee, F|100/100
|switch|p2a: Ribombee|Ribombee, M, shiny|100/100
|turn|1
|
|t:|1776161104
|move|p1a: Ribombee|Stun Spore|p2a: Ribombee
|-status|p2a: Ribombee|par
|move|p2a: Ribombee|Stun Spore|p1a: Ribombee
|-status|p1a: Ribombee|par
|
|upkeep
|turn|2
|inactive|Battle timer is ON: inactive players will automatically lose when time's up. (requested by Billythekid95)
|
|t:|1776161110
|cant|p2a: Ribombee|par
|cant|p1a: Ribombee|par
|
|upkeep
|turn|3
|
|t:|1776161115
|move|p1a: Ribombee|Sticky Web|p2a: Ribombee
|-sidestart|p2: crimdawgx2|move: Sticky Web
|move|p2a: Ribombee|Sticky Web|p1a: Ribombee
|-sidestart|p1: Billythekid95|move: Sticky Web
|
|upkeep
|turn|4
|
|t:|1776161119
|cant|p2a: Ribombee|par
|move|p1a: Ribombee|Moonblast|p2a: Ribombee
|-damage|p2a: Ribombee|29/100 par
|
|upkeep
|turn|5
|
|t:|1776161124
|move|p2a: Ribombee|Moonblast|p1a: Ribombee
|-damage|p1a: Ribombee|27/100 par
|move|p1a: Ribombee|Moonblast|p2a: Ribombee
|-damage|p2a: Ribombee|0 fnt
|faint|p2a: Ribombee
|
|upkeep
|
|t:|1776161152
|switch|p2a: Gholdengo|Gholdengo, shiny|100/100
|-item|p2a: Gholdengo|Air Balloon
|turn|6
|inactive|crimdawgx2 has 120 seconds left.
|
|t:|1776161179
|move|p2a: Gholdengo|Nasty Plot|p2a: Gholdengo
|-boost|p2a: Gholdengo|spa|2
|move|p1a: Ribombee|Moonblast|p2a: Gholdengo
|-resisted|p2a: Gholdengo
|-damage|p2a: Gholdengo|79/100
|-enditem|p2a: Gholdengo|Air Balloon
|
|upkeep
|turn|7
|inactive|crimdawgx2 has 120 seconds left.
|
|t:|1776161189
|move|p2a: Gholdengo|Shadow Ball|p1a: Ribombee
|-damage|p1a: Ribombee|0 fnt
|faint|p1a: Ribombee
|
|upkeep
|
|t:|1776161205
|switch|p1a: Ogerpon|Ogerpon, F|100/100
|turn|8
|inactive|crimdawgx2 has 120 seconds left.
|
|t:|1776161221
|move|p1a: Ogerpon|Knock Off|p2a: Gholdengo
|-supereffective|p2a: Gholdengo
|-damage|p2a: Gholdengo|37/100
|move|p2a: Gholdengo|Shadow Ball|p1a: Ogerpon
|-damage|p1a: Ogerpon|0 fnt
|faint|p1a: Ogerpon
|
|upkeep
|
|t:|1776161229
|switch|p1a: Torkoal|Torkoal, M|100/100
|-activate|p1a: Torkoal|move: Sticky Web
|-unboost|p1a: Torkoal|spe|1
|-weather|SunnyDay|[from] ability: Drought|[of] p1a: Torkoal
|turn|9
|inactive|crimdawgx2 has 120 seconds left.
|
|t:|1776161239
|move|p2a: Gholdengo|Shadow Ball|p1a: Torkoal
|-damage|p1a: Torkoal|19/100
|-unboost|p1a: Torkoal|spd|1
|move|p1a: Torkoal|Stealth Rock|p2a: Gholdengo
|-sidestart|p2: crimdawgx2|move: Stealth Rock
|
|-weather|SunnyDay|[upkeep]
|upkeep
|turn|10
|inactive|crimdawgx2 has 120 seconds left.
|
|t:|1776161273
|move|p2a: Gholdengo|Shadow Ball|p1a: Torkoal
|-damage|p1a: Torkoal|0 fnt
|faint|p1a: Torkoal
|
|-weather|SunnyDay|[upkeep]
|upkeep
|
|t:|1776161277
|switch|p1a: Great Tusk|Great Tusk|100/100
|-activate|p1a: Great Tusk|move: Sticky Web
|-unboost|p1a: Great Tusk|spe|1
|-activate|p1a: Great Tusk|ability: Protosynthesis
|-start|p1a: Great Tusk|protosynthesisatk
|turn|11
|
|t:|1776161287
|move|p2a: Gholdengo|Shadow Ball|p1a: Great Tusk
|-damage|p1a: Great Tusk|53/100
|-unboost|p1a: Great Tusk|spd|1
|move|p1a: Great Tusk|Earthquake|p2a: Gholdengo
|-supereffective|p2a: Gholdengo
|-damage|p2a: Gholdengo|0 fnt
|faint|p2a: Gholdengo
|
|-weather|SunnyDay|[upkeep]
|upkeep
|inactive|crimdawgx2 has 90 seconds left.
|
|t:|1776161332
|switch|p2a: Raging Bolt|Raging Bolt|100/100
|-activate|p2a: Raging Bolt|move: Sticky Web
|-unboost|p2a: Raging Bolt|spe|1
|-damage|p2a: Raging Bolt|88/100|[from] Stealth Rock
|-activate|p2a: Raging Bolt|ability: Protosynthesis
|-start|p2a: Raging Bolt|protosynthesisspa
|turn|12
|
|t:|1776161344
|-terastallize|p2a: Raging Bolt|Ghost
|move|p2a: Raging Bolt|Calm Mind|p2a: Raging Bolt
|-boost|p2a: Raging Bolt|spa|1
|-boost|p2a: Raging Bolt|spd|1
|move|p1a: Great Tusk|Rapid Spin|p2a: Raging Bolt
|-immune|p2a: Raging Bolt
|
|-weather|SunnyDay|[upkeep]
|upkeep
|turn|13
|
|t:|1776161351
|move|p2a: Raging Bolt|Dragon Pulse|p1a: Great Tusk
|-damage|p1a: Great Tusk|0 fnt
|faint|p1a: Great Tusk
|-end|p1a: Great Tusk|Protosynthesis|[silent]
|
|-weather|SunnyDay|[upkeep]
|upkeep
|
|t:|1776161356
|switch|p1a: Gholdengo|Gholdengo|100/100
|-activate|p1a: Gholdengo|move: Sticky Web
|-unboost|p1a: Gholdengo|spe|1
|turn|14
|
|t:|1776161364
|move|p1a: Gholdengo|Trick|p2a: Raging Bolt
|-activate|p1a: Gholdengo|move: Trick|[of] p2a: Raging Bolt
|-item|p2a: Raging Bolt|Choice Scarf|[from] move: Trick
|-item|p1a: Gholdengo|Booster Energy|[from] move: Trick
|move|p2a: Raging Bolt|Thunderbolt|p1a: Gholdengo
|-damage|p1a: Gholdengo|0 fnt
|faint|p1a: Gholdengo
|
|-weather|SunnyDay|[upkeep]
|upkeep
|
|t:|1776161371
|switch|p1a: Walking Wake|Walking Wake|100/100
|-activate|p1a: Walking Wake|move: Sticky Web
|-unboost|p1a: Walking Wake|spe|1
|-activate|p1a: Walking Wake|ability: Protosynthesis
|-start|p1a: Walking Wake|protosynthesisspa
|turn|15
|
|t:|1776161379
|move|p2a: Raging Bolt|Thunderbolt|p1a: Walking Wake
|-damage|p1a: Walking Wake|0 fnt
|faint|p1a: Walking Wake
|-end|p1a: Walking Wake|Protosynthesis|[silent]
|
|win|crimdawgx2
|raw|Billythekid95's rating: 1420 &rarr; <strong>1400</strong><br />(-20 for losing)
|raw|crimdawgx2's rating: 1424 &rarr; <strong>1444</strong><br />(+20 for winning)
|l|☆Billythekid95
|player|p1|
