|j|☆encore21768768
|j|☆Abyssal Bot
|t:|1776160782
|gametype|singles
|player|p1|encore21768768|265|
|player|p2|Abyssal Bot|supernerd|
|teamsize|p1|6
|teamsize|p2|6
|gen|9
|tier|[Gen 9] OU
|rule|Species Clause: Limit one of each Pokémon
|rule|OHKO Clause: OHKO moves are banned
|rule|Evasion Items Clause: Evasion items are banned
|rule|Evasion Moves Clause: Evasion moves are banned
|rule|Endless Battle Clause: Forcing endless battles is banned
|rule|HP Percentage Mod: HP is shown in percentages
|rule|Sleep Moves Clause: Sleep-inducing moves are banned
|clearpoke
|poke|p1|Metagross|
|poke|p1|Camerupt, F|
|poke|p1|Torkoal, F|
|poke|p1|Hitmontop, M|
|poke|p1|Raging Bolt|
|poke|p1|Hatterene, F|
|poke|p2|Darkrai|
|poke|p2|Kingambit, F|
|poke|p2|Roaring Moon|
|poke|p2|Zamazenta-*|
|poke|p2|Glimmora, F|
|poke|p2|Enamorus, F|
|teampreview
|c|☆Abyssal Bot|**WARNING**: Expect much hax.
|inactive|Battle timer is ON: inactive players will automatically lose when time's up. (requested by Abyssal Bot)
|j|*Turbo Bottttt
|
|t:|1776160791
|start
|switch|p1a: Torkoal|Torkoal, F|100/100
|switch|p2a: Enamorus|Enamorus, F|100/100
|-weather|Sunny Day|[from] ability: Drought|[of] p1a: Torkoal
|turn|1
|
|t:|1776160801
|switch|p1a: Hitmontop|Hitmontop, M|100/100
|-ability|p1a: Hitmontop|Intimidate|boost
|-boost|p2a: Enamorus|atk|1
|move|p2a: Enamorus|Earth Power|p1a: Hitmontop
|-damage|p1a: Hitmontop|65/100
|
|-weather|Sunny Day|[upkeep]
|upkeep
|turn|2
|
|t:|1776160807
|move|p2a: Enamorus|Earth Power|p1a: Hitmontop
|-damage|p1a: Hitmontop|32/100
|move|p1a: Hitmontop|Ice Spinner|p2a: Enamorus
|-supereffective|p2a: Enamorus
|-damage|p2a: Enamorus|45/100
|
|-weather|Sunny Day|[upkeep]
|upkeep
|turn|3
|
|t:|1776160811
|move|p2a: Enamorus|Earth Power|p1a: Hitmontop
|-damage|p1a: Hitmontop|0
|faint|p1a: Hitmontop
|
|-weather|Sunny Day|[upkeep]
|upkeep
|
|t:|1776160821
|switch|p1a: Raging Bolt|Raging Bolt|100/100
|-activate|p1a: Raging Bolt|ability: Protosynthesis
|-start|p1a: Raging Bolt|protosynthesisspa
|turn|4
|
|t:|1776160822
|move|p1a: Raging Bolt|Thunderclap|p2a: Enamorus
|-supereffective|p2a: Enamorus
|-damage|p2a: Enamorus|0
|faint|p2a: Enamorus
|-damage|p1a: Raging Bolt|91/100|[from] item: Life Orb
|
|-weather|Sunny Day|[upkeep]
|upkeep
|
|t:|1776160822
|switch|p2a: Kingambit|Kingambit, F|100/100
|-item|p2a: Kingambit|Air Balloon
|-activate|p2a: Kingambit|ability: Supreme Overlord
|-start|p2a: Kingambit|fallen1|[silent]
|turn|5
|
|t:|1776160825
|move|p1a: Raging Bolt|Weather Ball|p2a: Kingambit
|-supereffective|p2a: Kingambit
|-damage|p2a: Kingambit|0
|-enditem|p2a: Kingambit|Air Balloon
|faint|p2a: Kingambit
|-end|p2a: Kingambit|fallen1|[silent]
|-damage|p1a: Raging Bolt|81/100|[from] item: Life Orb
|
|-weather|Sunny Day|[upkeep]
|upkeep
|
|t:|1776160825
|switch|p2a: Glimmora|Glimmora, F|100/100
|turn|6
|
|t:|1776160836
|move|p2a: Glimmora|Power Gem|p1a: Raging Bolt
|-damage|p1a: Raging Bolt|45/100
|move|p1a: Raging Bolt|Dragon Pulse|p2a: Glimmora
|-damage|p2a: Glimmora|19/100
|-enditem|p2a: Glimmora|Red Card|[of] p1a: Raging Bolt
|-end|p1a: Raging Bolt|Protosynthesis|[silent]
|drag|p1a: Camerupt|Camerupt, F|100/100
|
|-weather|Sunny Day|[upkeep]
|upkeep
|turn|7
|
|t:|1776160850
|move|p2a: Glimmora|Stealth Rock|p1a: Camerupt
|-sidestart|p1: encore21768768|move: Stealth Rock
|move|p1a: Camerupt|Fire Blast|p2a: Glimmora
|-resisted|p2a: Glimmora
|-damage|p2a: Glimmora|0
|faint|p2a: Glimmora
|-damage|p1a: Camerupt|91/100|[from] item: Life Orb
|
|-weather|Sunny Day|[upkeep]
|upkeep
|
|t:|1776160850
|switch|p2a: Roaring Moon|Roaring Moon|100/100
|-activate|p2a: Roaring Moon|ability: Protosynthesis
|-start|p2a: Roaring Moon|protosynthesisatk
|turn|8
|
|t:|1776160861
|move|p2a: Roaring Moon|Knock Off|p1a: Camerupt
|-damage|p1a: Camerupt|0
|-enditem|p1a: Camerupt|Life Orb|[from] move: Knock Off|[of] p2a: Roaring Moon
|faint|p1a: Camerupt
|
|-weather|none
|-end|p2a: Roaring Moon|Protosynthesis
|upkeep
|-enditem|p2a: Roaring Moon|Booster Energy
|-activate|p2a: Roaring Moon|ability: Protosynthesis|[fromitem]
|-start|p2a: Roaring Moon|protosynthesisatk
|
|t:|1776160865
|switch|p1a: Hatterene|Hatterene, F|100/100
|turn|9
|
|t:|1776160867
|move|p2a: Roaring Moon|Knock Off|p1a: Hatterene
|-damage|p1a: Hatterene|21/100
|-enditem|p1a: Hatterene|Heavy-Duty Boots|[from] move: Knock Off|[of] p2a: Roaring Moon
|move|p1a: Hatterene|Trick Room|p1a: Hatterene
|-fieldstart|move: Trick Room|[of] p1a: Hatterene
|
|upkeep
|turn|10
|
|t:|1776160869
|move|p1a: Hatterene|Draining Kiss|p2a: Roaring Moon
|-supereffective|p2a: Roaring Moon
|-damage|p2a: Roaring Moon|0
|-heal|p1a: Hatterene|100/100|[from] drain|[of] p2a: Roaring Moon
|faint|p2a: Roaring Moon
|-end|p2a: Roaring Moon|Protosynthesis|[silent]
|
|upkeep
|
|t:|1776160869
|switch|p2a: Darkrai|Darkrai|100/100
|turn|11
|
|t:|1776160874
|move|p1a: Hatterene|Calm Mind|p1a: Hatterene
|-boost|p1a: Hatterene|spa|1
|-boost|p1a: Hatterene|spd|1
|move|p2a: Darkrai|Sludge Bomb|p1a: Hatterene
|-supereffective|p1a: Hatterene
|-damage|p1a: Hatterene|48/100
|-status|p1a: Hatterene|psn
|
|-damage|p1a: Hatterene|36/100 psn|[from] psn|[of] p2a: Darkrai
|upkeep
|turn|12
|
|t:|1776160876
|move|p1a: Hatterene|Draining Kiss|p2a: Darkrai
|-supereffective|p2a: Darkrai
|-damage|p2a: Darkrai|0
|-heal|p1a: Hatterene|100/100 psn|[from] drain|[of] p2a: Darkrai
|faint|p2a: Darkrai
|
|-damage|p1a: Hatterene|88/100 psn|[from] psn|[of] p2: Darkrai
|upkeep
|
|t:|1776160876
|switch|p2a: Zamazenta|Zamazenta|100/100
|-ability|p2a: Zamazenta|Dauntless Shield|boost
|-boost|p2a: Zamazenta|def|1
|turn|13
|
|t:|1776160878
|move|p1a: Hatterene|Psychic Noise|p2a: Zamazenta
|-supereffective|p2a: Zamazenta
|-damage|p2a: Zamazenta|0
|faint|p2a: Zamazenta
|
|win|encore21768768
|c|☆Abyssal Bot|Oh, I lost. Good Game.
|l|☆Abyssal Bot
|player|p2|
|l|*Turbo Bottttt
