|html|<div class="broadcast-blue"><strong>[Gen 9] OU is currently suspecting Tera Blast! For information on how to participate check out the <a href="https://www.smogon.com/tools/suspects/view/200">suspect thread</a>.</strong></div>
|j|☆Erdrett
|j|☆ARMAAN3660
|t:|1776102037
|gametype|singles
|player|p1|Erdrett|266|1083
|player|p2|ARMAAN3660|1|1133
|gen|9
|tier|[Gen 9] OU
|rated|
|rule|HP Percentage Mod: HP is shown in percentages
|rule|Endless Battle Clause: Forcing endless battles is banned
|rule|Species Clause: Limit one of each Pokémon
|rule|OHKO Clause: OHKO moves are banned
|rule|Evasion Items Clause: Evasion items are banned
|rule|Evasion Moves Clause: Evasion moves are banned
|rule|Evasion Abilities Clause: Evasion abilities are banned
|rule|Sleep Moves Clause: Sleep-inducing moves are banned
|clearpoke
|poke|p1|Ceruledge, M|
|poke|p1|Grimmsnarl, M|
|poke|p1|Quaquaval, M|
|poke|p1|Raging Bolt|
|poke|p1|Landorus-Therian, M|
|poke|p1|Pelipper, M|
|poke|p2|Dragapult, M|
|poke|p2|Kingambit, F|
|poke|p2|Heatran, F|
|poke|p2|Rillaboom, M|
|poke|p2|Zapdos|
|poke|p2|Glimmora, F|
|teampreview
|inactive|Battle timer is ON: inactive players will automatically lose when time's up. (requested by Erdrett)
|
|t:|1776102050
|teamsize|p1|6
|teamsize|p2|6
|start
|switch|p1a: Grimmsnarl|Grimmsnarl, M, shiny|100/100
|switch|p2a: Rillaboom|Rillaboom, M|100/100
|-fieldstart|move: Grassy Terrain|[from] ability: Grassy Surge|[of] p2a: Rillaboom
|turn|1
|
|t:|1776102058
|move|p1a: Grimmsnarl|Trick|p2a: Rillaboom
|-activate|p1a: Grimmsnarl|move: Trick|[of] p2a: Rillaboom
|-item|p2a: Rillaboom|Choice Specs|[from] move: Trick
|-item|p1a: Grimmsnarl|Meadow Plate|[from] move: Trick
|move|p2a: Rillaboom|Wood Hammer|p1a: Grimmsnarl
|-damage|p1a: Grimmsnarl|12/100
|-damage|p2a: Rillaboom|70/100|[from] Recoil
|
|-heal|p2a: Rillaboom|76/100|[from] Grassy Terrain
|-heal|p1a: Grimmsnarl|18/100|[from] Grassy Terrain
|upkeep
|turn|2
|
|t:|1776102075
|switch|p1a: Landorus|Landorus-Therian, M|100/100
|-ability|p1a: Landorus|Intimidate|boost
|-unboost|p2a: Rillaboom|atk|1
|move|p2a: Rillaboom|Wood Hammer|p1a: Landorus
|-damage|p1a: Landorus|50/100
|-damage|p2a: Rillaboom|59/100|[from] Recoil
|
|-heal|p1a: Landorus|56/100|[from] item: Leftovers
|-heal|p2a: Rillaboom|66/100|[from] Grassy Terrain
|upkeep
|turn|3
|
|t:|1776102099
|switch|p2a: Zapdos|Zapdos|100/100
|move|p1a: Landorus|Stealth Rock|p2a: Zapdos
|-sidestart|p2: ARMAAN3660|move: Stealth Rock
|
|-heal|p1a: Landorus|62/100|[from] item: Leftovers
|upkeep
|turn|4
|
|t:|1776102110
|move|p1a: Landorus|Rock Slide|p2a: Zapdos
|-supereffective|p2a: Zapdos
|-crit|p2a: Zapdos
|-damage|p2a: Zapdos|10/100
|move|p2a: Zapdos|Heat Wave|p1a: Landorus
|-damage|p1a: Landorus|22/100
|
|-heal|p1a: Landorus|28/100|[from] item: Leftovers
|upkeep
|turn|5
|inactive|ARMAAN3660 has 120 seconds left.
|
|t:|1776102127
|switch|p2a: Rillaboom|Rillaboom, M|66/100
|-damage|p2a: Rillaboom|53/100|[from] Stealth Rock
|move|p1a: Landorus|Rock Slide|p2a: Rillaboom
|-damage|p2a: Rillaboom|21/100
|
|-heal|p1a: Landorus|34/100|[from] item: Leftovers
|-heal|p2a: Rillaboom|27/100|[from] Grassy Terrain
|-fieldend|move: Grassy Terrain
|upkeep
|turn|6
|
|t:|1776102138
|move|p1a: Landorus|Earthquake|p2a: Rillaboom
|-resisted|p2a: Rillaboom
|-damage|p2a: Rillaboom|0 fnt
|faint|p2a: Rillaboom
|
|-heal|p1a: Landorus|40/100|[from] item: Leftovers
|upkeep
|
|t:|1776102144
|switch|p2a: Dragapult|Dragapult, M|100/100
|-damage|p2a: Dragapult|88/100|[from] Stealth Rock
|turn|7
|inactive|ARMAAN3660 has 120 seconds left.
|
|t:|1776102162
|switch|p1a: Grimmsnarl|Grimmsnarl, M, shiny|18/100
|move|p2a: Dragapult|Hex|p1a: Grimmsnarl
|-resisted|p1a: Grimmsnarl
|-damage|p1a: Grimmsnarl|5/100
|
|upkeep
|turn|8
|
|t:|1776102170
|move|p1a: Grimmsnarl|Thunder Wave|p2a: Dragapult
|-status|p2a: Dragapult|par
|cant|p2a: Dragapult|par
|
|upkeep
|turn|9
|
|t:|1776102181
|switch|p2a: Glimmora|Glimmora, F|100/100
|-damage|p2a: Glimmora|88/100|[from] Stealth Rock
|move|p1a: Grimmsnarl|Spirit Break|p2a: Glimmora
|-resisted|p2a: Glimmora
|-damage|p2a: Glimmora|70/100
|-unboost|p2a: Glimmora|spa|1
|-damage|p1a: Grimmsnarl|0 fnt|[from] item: Rocky Helmet|[of] p2a: Glimmora
|-activate|p2a: Glimmora|ability: Toxic Debris
|-sidestart|p1: Erdrett|move: Toxic Spikes
|faint|p1a: Grimmsnarl
|
|upkeep
|
|t:|1776102193
|switch|p1a: Landorus|Landorus-Therian, M|40/100
|-ability|p1a: Landorus|Intimidate|boost
|-unboost|p2a: Glimmora|atk|1
|turn|10
|
|t:|1776102204
|-terastallize|p2a: Glimmora|Flying
|move|p1a: Landorus|Hammer Arm|p2a: Glimmora
|-resisted|p2a: Glimmora
|-damage|p2a: Glimmora|51/100
|-unboost|p1a: Landorus|spe|1
|-damage|p1a: Landorus|24/100|[from] item: Rocky Helmet|[of] p2a: Glimmora
|-activate|p2a: Glimmora|ability: Toxic Debris
|-sidestart|p1: Erdrett|move: Toxic Spikes
|move|p2a: Glimmora|Mortal Spin|p1a: Landorus
|-resisted|p1a: Landorus
|-damage|p1a: Landorus|22/100
|-status|p1a: Landorus|psn
|-sideend|p2: ARMAAN3660|Stealth Rock|[from] move: Mortal Spin|[of] p2a: Glimmora
|
|-heal|p1a: Landorus|28/100 psn|[from] item: Leftovers
|-damage|p1a: Landorus|15/100 psn|[from] psn
|upkeep
|turn|11
|inactive|ARMAAN3660 has 120 seconds left.
|
|t:|1776102232
|switch|p2a: Kingambit|Kingambit, F|100/100
|-activate|p2a: Kingambit|ability: Supreme Overlord
|-start|p2a: Kingambit|fallen1|[silent]
|move|p1a: Landorus|Rock Slide|p2a: Kingambit
|-resisted|p2a: Kingambit
|-damage|p2a: Kingambit|89/100
|
|-heal|p1a: Landorus|21/100 psn|[from] item: Leftovers
|-damage|p1a: Landorus|9/100 psn|[from] psn
|upkeep
|turn|12
|inactive|ARMAAN3660 has 120 seconds left.
|inactive|Erdrett has 120 seconds left.
|
|t:|1776102262
|-end|p2a: Kingambit|fallen1|[silent]
|switch|p2a: Zapdos|Zapdos|10/100
|move|p1a: Landorus|Earthquake|p2a: Zapdos
|-immune|p2a: Zapdos
|
|-heal|p1a: Landorus|15/100 psn|[from] item: Leftovers
|-damage|p1a: Landorus|3/100 psn|[from] psn
|upkeep
|turn|13
|inactive|Erdrett has 120 seconds left.
|inactive|ARMAAN3660 has 120 seconds left.
|
|t:|1776102279
|move|p2a: Zapdos|Roost|p2a: Zapdos
|-heal|p2a: Zapdos|60/100
|-singleturn|p2a: Zapdos|move: Roost
|move|p1a: Landorus|Rock Slide|p2a: Zapdos|[miss]
|-miss|p1a: Landorus|p2a: Zapdos
|
|-heal|p1a: Landorus|9/100 psn|[from] item: Leftovers
|-damage|p1a: Landorus|0 fnt|[from] psn
|faint|p1a: Landorus
|upkeep
|inactive|Erdrett has 120 seconds left.
|
|t:|1776102300
|switch|p1a: Pelipper|Pelipper, M, shiny|100/100
|-weather|RainDance|[from] ability: Drizzle|[of] p1a: Pelipper
|turn|14
|
|t:|1776102307
|switch|p1a: Ceruledge|Ceruledge, M, shiny|100/100
|-status|p1a: Ceruledge|tox
|move|p2a: Zapdos|Thunderbolt|p1a: Ceruledge
|-damage|p1a: Ceruledge|50/100 tox
|
|-weather|RainDance|[upkeep]
|-damage|p1a: Ceruledge|44/100 tox|[from] psn
|upkeep
|turn|15
|
|t:|1776102320
|move|p1a: Ceruledge|Bitter Blade|p2a: Zapdos
|-damage|p2a: Zapdos|26/100
|-heal|p1a: Ceruledge|62/100 tox|[from] drain|[of] p2a: Zapdos
|-damage|p1a: Ceruledge|45/100 tox|[from] item: Rocky Helmet|[of] p2a: Zapdos
|-damage|p1a: Ceruledge|35/100 tox|[from] item: Life Orb
|move|p2a: Zapdos|Hurricane|p1a: Ceruledge
|-damage|p1a: Ceruledge|0 fnt
|faint|p1a: Ceruledge
|
|-weather|RainDance|[upkeep]
|upkeep
|
|t:|1776102330
|switch|p1a: Raging Bolt|Raging Bolt|100/100
|-status|p1a: Raging Bolt|tox
|-enditem|p1a: Raging Bolt|Booster Energy
|-activate|p1a: Raging Bolt|ability: Protosynthesis|[fromitem]
|-start|p1a: Raging Bolt|protosynthesisspa
|turn|16
|
|t:|1776102337
|move|p2a: Zapdos|Roost|p2a: Zapdos
|-heal|p2a: Zapdos|77/100
|-singleturn|p2a: Zapdos|move: Roost
|move|p1a: Raging Bolt|Thunder|p2a: Zapdos
|-resisted|p2a: Zapdos
|-damage|p2a: Zapdos|38/100
|
|-weather|RainDance|[upkeep]
|-damage|p1a: Raging Bolt|94/100 tox|[from] psn
|upkeep
|turn|17
|inactive|Erdrett has 120 seconds left.
|
|t:|1776102347
|move|p2a: Zapdos|Roost|p2a: Zapdos
|-heal|p2a: Zapdos|88/100
|-singleturn|p2a: Zapdos|move: Roost
|move|p1a: Raging Bolt|Draco Meteor|p2a: Zapdos
|-damage|p2a: Zapdos|0 fnt
|-unboost|p1a: Raging Bolt|spa|2
|faint|p2a: Zapdos
|
|-weather|RainDance|[upkeep]
|-damage|p1a: Raging Bolt|82/100 tox|[from] psn
|upkeep
|
|t:|1776102365
|switch|p2a: Heatran|Heatran, F|100/100
|turn|18
|
|t:|1776102379
|-end|p1a: Raging Bolt|Protosynthesis|[silent]
|switch|p1a: Pelipper|Pelipper, M, shiny|100/100
|switch|p2a: Glimmora|Glimmora, F, tera:Flying|51/100
|
|-weather|RainDance|[upkeep]
|upkeep
|turn|19
|
|t:|1776102391
|move|p1a: Pelipper|Ice Beam|p2a: Glimmora
|-supereffective|p2a: Glimmora
|-damage|p2a: Glimmora|0 fnt
|faint|p2a: Glimmora
|
|-weather|RainDance|[upkeep]
|upkeep
|
|t:|1776102398
|switch|p2a: Dragapult|Dragapult, M|88/100 par
|turn|20
|
|t:|1776102403
|switch|p1a: Raging Bolt|Raging Bolt|82/100 tox
|move|p2a: Dragapult|Dragon Darts|p1a: Raging Bolt
|-supereffective|p1a: Raging Bolt
|-damage|p1a: Raging Bolt|36/100 tox
|-anim|p2a: Dragapult|Dragon Darts|p1a: Raging Bolt
|-supereffective|p1a: Raging Bolt
|-damage|p1a: Raging Bolt|0 fnt
|faint|p1a: Raging Bolt
|-end|p1a: Raging Bolt|Protosynthesis|[silent]
|
|-weather|RainDance|[upkeep]
|upkeep
|
|t:|1776102413
|switch|p1a: Pelipper|Pelipper, M, shiny|100/100
|turn|21
|
|t:|1776102422
|move|p1a: Pelipper|Ice Beam|p2a: Dragapult
|-supereffective|p2a: Dragapult
|-damage|p2a: Dragapult|26/100 par
|move|p2a: Dragapult|Dragon Darts|p1a: Pelipper
|-damage|p1a: Pelipper|68/100
|-anim|p2a: Dragapult|Dragon Darts|p1a: Pelipper
|-damage|p1a: Pelipper|33/100
|
|-weather|none
|upkeep
|turn|22
|
|t:|1776102434
|switch|p2a: Heatran|Heatran, F|100/100
|move|p1a: Pelipper|Ice Beam|p2a: Heatran
|-resisted|p2a: Heatran
|-damage|p2a: Heatran|95/100
|-status|p2a: Heatran|frz
|
|upkeep
|turn|23
|
|t:|1776102447
|switch|p1a: Quaquaval|Quaquaval, M|100/100
|-status|p1a: Quaquaval|tox
|cant|p2a: Heatran|frz
|
|-damage|p1a: Quaquaval|94/100 tox|[from] psn
|upkeep
|turn|24
|
|t:|1776102464
|switch|p1a: Pelipper|Pelipper, M, shiny|33/100
|-weather|RainDance|[from] ability: Drizzle|[of] p1a: Pelipper
|cant|p2a: Heatran|frz
|
|-weather|RainDance|[upkeep]
|upkeep
|turn|25
|
|t:|1776102471
|move|p1a: Pelipper|Hydro Pump|p2a: Heatran
|-supereffective|p2a: Heatran
|-damage|p2a: Heatran|0 fnt
|faint|p2a: Heatran
|
|-weather|RainDance|[upkeep]
|upkeep
|
|t:|1776102479
|switch|p2a: Kingambit|Kingambit, F|89/100
|-activate|p2a: Kingambit|ability: Supreme Overlord
|-start|p2a: Kingambit|fallen4|[silent]
|turn|26
|
|t:|1776102485
|move|p1a: Pelipper|Hydro Pump|p2a: Kingambit|[miss]
|-miss|p1a: Pelipper|p2a: Kingambit
|move|p2a: Kingambit|Kowtow Cleave|p1a: Pelipper
|-damage|p1a: Pelipper|0 fnt
|faint|p1a: Pelipper
|
|-weather|RainDance|[upkeep]
|upkeep
|
|t:|1776102492
|switch|p1a: Quaquaval|Quaquaval, M|94/100 tox
|turn|27
|
|t:|1776102497
|move|p2a: Kingambit|Sucker Punch|p1a: Quaquaval
|-resisted|p1a: Quaquaval
|-damage|p1a: Quaquaval|64/100 tox
|move|p1a: Quaquaval|Aqua Step|p2a: Kingambit
|-crit|p2a: Kingambit
|-damage|p2a: Kingambit|18/100
|-boost|p1a: Quaquaval|spe|1
|
|-weather|RainDance|[upkeep]
|-damage|p1a: Quaquaval|58/100 tox|[from] psn
|upkeep
|turn|28
|
|t:|1776102510
|move|p2a: Kingambit|Sucker Punch|p1a: Quaquaval
|-resisted|p1a: Quaquaval
|-damage|p1a: Quaquaval|28/100 tox
|move|p1a: Quaquaval|Aqua Step|p2a: Kingambit
|-damage|p2a: Kingambit|0 fnt
|-boost|p1a: Quaquaval|spe|1
|faint|p2a: Kingambit
|-end|p2a: Kingambit|fallen4|[silent]
|-ability|p1a: Quaquaval|Moxie|boost
|-boost|p1a: Quaquaval|atk|1
|
|-weather|RainDance|[upkeep]
|-damage|p1a: Quaquaval|16/100 tox|[from] psn
|upkeep
|
|t:|1776102521
|switch|p2a: Dragapult|Dragapult, M|26/100 par
|turn|29
|
|t:|1776102527
|move|p1a: Quaquaval|Aqua Step|p2a: Dragapult
|-resisted|p2a: Dragapult
|-damage|p2a: Dragapult|0 fnt
|-boost|p1a: Quaquaval|spe|1
|faint|p2a: Dragapult
|
|win|Erdrett
|raw|Erdrett's rating: 1083 &rarr; <strong>1114</strong><br />(+31 for winning)
|raw|ARMAAN3660's rating: 1133 &rarr; <strong>1104</strong><br />(-29 for losing)
|c|☆Erdrett|gg
|l|☆Erdrett
|player|p1|
