|html|<div class="broadcast-blue"><strong>[Gen 9] OU is currently suspecting Tera Blast! For information on how to participate check out the <a href="https://www.smogon.com/tools/suspects/view/200">suspect thread</a>.</strong></div>
|j|☆reddplayer07
|j|☆let me sweeeeeeeep
|t:|1776053777
|gametype|singles
|player|p1|reddplayer07|ash-kalos|1071
|player|p2|let me sweeeeeeeep|lance|1080
|gen|9
|tier|[Gen 9] OU
|rated|
|rule|HP Percentage Mod: HP is shown in percentages
|rule|Endless Battle Clause: Forcing endless battles is banned
|rule|Species Clause: Limit one of each Pokémon
|rule|OHKO Clause: OHKO moves are banned
|rule|Evasion Items Clause: Evasion items are banned
|rule|Evasion Moves Clause: Evasion moves are banned
|rule|Evasion Abilities Clause: Evasion abilities are banned
|rule|Sleep Moves Clause: Sleep-inducing moves are banned
|clearpoke
|poke|p1|Raging Bolt|
|poke|p1|Ogerpon-Wellspring, F|
|poke|p1|Landorus-Therian, M|
|poke|p1|Ceruledge, M|
|poke|p1|Kingambit, M|
|poke|p1|Great Tusk|
|poke|p2|Suicune|
|poke|p2|Dragonite, F|
|poke|p2|Cinderace, F|
|poke|p2|Zamazenta-*|
|poke|p2|Latias, F|
|poke|p2|Dragapult, M|
|teampreview
|inactive|Battle timer is ON: inactive players will automatically lose when time's up. (requested by let me sweeeeeeeep)
|
|t:|1776053798
|teamsize|p1|6
|teamsize|p2|6
|start
|switch|p1a: Landorus|Landorus-Therian, M|100/100
|switch|p2a: Latias|Latias, F|100/100
|-ability|p1a: Landorus|Intimidate|boost
|-unboost|p2a: Latias|atk|1
|turn|1
|
|t:|1776053806
|move|p2a: Latias|Agility|p2a: Latias
|-boost|p2a: Latias|spe|2
|move|p1a: Landorus|Stealth Rock|p2a: Latias
|-sidestart|p2: let me sweeeeeeeep|move: Stealth Rock
|
|upkeep
|turn|2
|
|t:|1776053809
|move|p2a: Latias|Calm Mind|p2a: Latias
|-boost|p2a: Latias|spa|1
|-boost|p2a: Latias|spd|1
|move|p1a: Landorus|Stone Edge|p2a: Latias
|-damage|p2a: Latias|50/100
|
|upkeep
|turn|3
|
|t:|1776053816
|move|p2a: Latias|Stored Power|p1a: Landorus
|-damage|p1a: Landorus|9/100
|move|p1a: Landorus|Outrage|p2a: Latias
|-supereffective|p2a: Latias
|-damage|p2a: Latias|0 fnt
|faint|p2a: Latias
|
|upkeep
|
|t:|1776053822
|switch|p2a: Cinderace|Cinderace, F|100/100
|-damage|p2a: Cinderace|76/100|[from] Stealth Rock
|turn|4
|
|t:|1776053827
|move|p2a: Cinderace|Court Change|p2a: Cinderace
|-start|p2a: Cinderace|typechange|Normal|[from] ability: Libero
|-swapsideconditions
|-activate|p2a: Cinderace|move: Court Change
|move|p1a: Landorus|Outrage|p2a: Cinderace|[from] lockedmove
|-damage|p2a: Cinderace|6/100
|
|upkeep
|turn|5
|
|t:|1776053833
|move|p2a: Cinderace|Pyro Ball|p1a: Landorus
|-damage|p1a: Landorus|0 fnt
|faint|p1a: Landorus
|
|upkeep
|
|t:|1776053853
|switch|p1a: Ceruledge|Ceruledge, M|100/100
|turn|6
|
|t:|1776053862
|move|p2a: Cinderace|U-turn|p1a: Ceruledge
|-resisted|p1a: Ceruledge
|-damage|p1a: Ceruledge|93/100
|
|t:|1776053867
|switch|p2a: Zamazenta|Zamazenta|100/100|[from] U-turn
|-ability|p2a: Zamazenta|Dauntless Shield|boost
|-boost|p2a: Zamazenta|def|1
|move|p1a: Ceruledge|Bitter Blade|p2a: Zamazenta
|-damage|p2a: Zamazenta|78/100
|-heal|p1a: Ceruledge|100/100|[from] drain|[of] p2a: Zamazenta
|
|-heal|p2a: Zamazenta|84/100|[from] item: Leftovers
|upkeep
|turn|7
|
|t:|1776053878
|move|p2a: Zamazenta|Iron Defense|p2a: Zamazenta
|-boost|p2a: Zamazenta|def|2
|move|p1a: Ceruledge|Swords Dance|p1a: Ceruledge
|-boost|p1a: Ceruledge|atk|2
|
|-heal|p2a: Zamazenta|90/100|[from] item: Leftovers
|upkeep
|turn|8
|
|t:|1776053881
|move|p2a: Zamazenta|Iron Defense|p2a: Zamazenta
|-boost|p2a: Zamazenta|def|2
|move|p1a: Ceruledge|Psycho Cut|p2a: Zamazenta
|-supereffective|p2a: Zamazenta
|-damage|p2a: Zamazenta|68/100
|
|-heal|p2a: Zamazenta|74/100|[from] item: Leftovers
|upkeep
|turn|9
|
|t:|1776053887
|move|p2a: Zamazenta|Crunch|p1a: Ceruledge
|-supereffective|p1a: Ceruledge
|-damage|p1a: Ceruledge|41/100
|-unboost|p1a: Ceruledge|def|1
|move|p1a: Ceruledge|Psycho Cut|p2a: Zamazenta
|-supereffective|p2a: Zamazenta
|-damage|p2a: Zamazenta|53/100
|
|-heal|p2a: Zamazenta|59/100|[from] item: Leftovers
|upkeep
|turn|10
|
|t:|1776053892
|move|p2a: Zamazenta|Crunch|p1a: Ceruledge
|-supereffective|p1a: Ceruledge
|-damage|p1a: Ceruledge|0 fnt
|faint|p1a: Ceruledge
|
|-heal|p2a: Zamazenta|65/100|[from] item: Leftovers
|upkeep
|
|t:|1776053895
|switch|p1a: Raging Bolt|Raging Bolt|100/100
|-damage|p1a: Raging Bolt|88/100|[from] Stealth Rock
|-enditem|p1a: Raging Bolt|Booster Energy
|-activate|p1a: Raging Bolt|ability: Protosynthesis|[fromitem]
|-start|p1a: Raging Bolt|protosynthesisspa
|turn|11
|
|t:|1776053901
|move|p2a: Zamazenta|Body Press|p1a: Raging Bolt
|-damage|p1a: Raging Bolt|0 fnt
|faint|p1a: Raging Bolt
|-end|p1a: Raging Bolt|Protosynthesis|[silent]
|
|-heal|p2a: Zamazenta|71/100|[from] item: Leftovers
|upkeep
|
|t:|1776053914
|switch|p1a: Great Tusk|Great Tusk|100/100
|-damage|p1a: Great Tusk|98/100|[from] Stealth Rock
|-enditem|p1a: Great Tusk|Booster Energy
|-activate|p1a: Great Tusk|ability: Protosynthesis|[fromitem]
|-start|p1a: Great Tusk|protosynthesisatk
|turn|12
|
|t:|1776053920
|move|p2a: Zamazenta|Substitute|p2a: Zamazenta
|-start|p2a: Zamazenta|Substitute
|-damage|p2a: Zamazenta|46/100
|move|p1a: Great Tusk|Headlong Rush|p2a: Zamazenta
|-activate|p2a: Zamazenta|move: Substitute|[damage]
|-unboost|p1a: Great Tusk|def|1
|-unboost|p1a: Great Tusk|spd|1
|
|-heal|p2a: Zamazenta|53/100|[from] item: Leftovers
|upkeep
|turn|13
|l|☆reddplayer07
|inactive|reddplayer07 disconnected and has a minute to reconnect!
|player|p1|
|inactive|reddplayer07 has 30 seconds to reconnect!
|inactive|reddplayer07 has 20 seconds to reconnect!
|inactive|reddplayer07 has 15 seconds to reconnect!
|inactive|reddplayer07 has 10 seconds to reconnect!
|inactive|reddplayer07 has 5 seconds to reconnect!
|-message|reddplayer07 lost due to inactivity.
|
|win|let me sweeeeeeeep
|raw|reddplayer07's rating: 1071 &rarr; <strong>1051</strong><br />(-20 for losing)
|raw|let me sweeeeeeeep's rating: 1080 &rarr; <strong>1107</strong><br />(+27 for winning)
|l|☆let me sweeeeeeeep
|player|p2|
