|html|<div class="broadcast-blue"><strong>[Gen 9] OU is currently suspecting Tera Blast! For information on how to participate check out the <a href="https://www.smogon.com/tools/suspects/view/200">suspect thread</a>.</strong></div>
|j|☆tazz
|j|☆KrenKrombo
|t:|1776224760
|gametype|singles
|player|p1|tazz|#scl4machines2|1361
|player|p2|KrenKrombo|winona|1346
|gen|9
|tier|[Gen 9] OU
|rated|
|rule|HP Percentage Mod: HP is shown in percentages
|rule|Endless Battle Clause: Forcing endless battles is banned
|rule|Species Clause: Limit one of each Pokémon
|rule|OHKO Clause: OHKO moves are banned
|rule|Evasion Items Clause: Evasion items are banned
|rule|Evasion Moves Clause: Evasion moves are banned
|rule|Evasion Abilities Clause: Evasion abilities are banned
|rule|Sleep Moves Clause: Sleep-inducing moves are banned
|clearpoke
|poke|p1|Garganacl, M|
|poke|p1|Gliscor, M|
|poke|p1|Clefable, M|
|poke|p1|Zamazenta-*|
|poke|p1|Gholdengo|
|poke|p1|Samurott-Hisui, M|
|poke|p2|Muk, F|
|poke|p2|Dragapult, M|
|poke|p2|Iron Valiant|
|poke|p2|Rillaboom, F|
|poke|p2|Great Tusk|
|poke|p2|Hatterene, F|
|teampreview
|
|t:|1776224776
|teamsize|p1|6
|teamsize|p2|6
|start
|switch|p1a: Gliscor|Gliscor, M|100/100
|switch|p2a: Rillaboom|Rillaboom, F|100/100
|-fieldstart|move: Grassy Terrain|[from] ability: Grassy Surge|[of] p2a: Rillaboom
|turn|1
|
|t:|1776224779
|move|p1a: Gliscor|Protect|p1a: Gliscor
|-singleturn|p1a: Gliscor|Protect
|move|p2a: Rillaboom|Knock Off|p1a: Gliscor
|-activate|p1a: Gliscor|move: Protect
|
|-status|p1a: Gliscor|tox|[from] item: Toxic Orb
|upkeep
|turn|2
|
|t:|1776224787
|move|p1a: Gliscor|Toxic|p2a: Rillaboom
|-status|p2a: Rillaboom|tox
|move|p2a: Rillaboom|U-turn|p1a: Gliscor
|-resisted|p1a: Gliscor
|-damage|p1a: Gliscor|92/100 tox
|
|t:|1776224809
|switch|p2a: Lil Oozi|Muk, F|100/100|[from] U-turn
|
|-heal|p1a: Gliscor|100/100 tox|[from] ability: Poison Heal
|upkeep
|turn|3
|
|t:|1776224823
|move|p1a: Gliscor|U-turn|p2a: Lil Oozi
|-resisted|p2a: Lil Oozi
|-damage|p2a: Lil Oozi|94/100
|
|t:|1776224824
|switch|p1a: Garganacl|Garganacl, M|100/100|[from] U-turn
|move|p2a: Lil Oozi|Knock Off|p1a: Garganacl
|-damage|p1a: Garganacl|86/100
|-enditem|p1a: Garganacl|Heavy-Duty Boots|[from] move: Knock Off|[of] p2a: Lil Oozi
|
|-heal|p2a: Lil Oozi|100/100|[from] Grassy Terrain
|-heal|p1a: Garganacl|92/100|[from] Grassy Terrain
|upkeep
|turn|4
|
|t:|1776224833
|move|p2a: Lil Oozi|Drain Punch|p1a: Garganacl
|-supereffective|p1a: Garganacl
|-damage|p1a: Garganacl|70/100
|move|p1a: Garganacl|Salt Cure|p2a: Lil Oozi
|-damage|p2a: Lil Oozi|90/100
|-start|p2a: Lil Oozi|Salt Cure
|
|-heal|p2a: Lil Oozi|96/100|[from] Grassy Terrain
|-heal|p2a: Lil Oozi|100/100|[from] item: Leftovers
|-heal|p1a: Garganacl|76/100|[from] Grassy Terrain
|-damage|p2a: Lil Oozi|88/100|[from] Salt Cure
|upkeep
|turn|5
|
|t:|1776224838
|move|p2a: Lil Oozi|Drain Punch|p1a: Garganacl
|-supereffective|p1a: Garganacl
|-crit|p1a: Garganacl
|-damage|p1a: Garganacl|42/100
|-heal|p2a: Lil Oozi|100/100|[from] drain|[of] p1a: Garganacl
|move|p1a: Garganacl|Iron Defense|p1a: Garganacl
|-boost|p1a: Garganacl|def|2
|
|-heal|p1a: Garganacl|49/100|[from] Grassy Terrain
|-damage|p2a: Lil Oozi|88/100|[from] Salt Cure
|-fieldend|move: Grassy Terrain
|upkeep
|turn|6
|
|t:|1776224848
|switch|p2a: Hatterene|Hatterene, F|100/100
|move|p1a: Garganacl|Recover|p1a: Garganacl
|-heal|p1a: Garganacl|99/100
|
|upkeep
|turn|7
|
|t:|1776224862
|move|p2a: Hatterene|Psychic Noise|p1a: Garganacl
|-damage|p1a: Garganacl|75/100
|-start|p1a: Garganacl|move: Heal Block
|move|p1a: Garganacl|Salt Cure|p2a: Hatterene
|-damage|p2a: Hatterene|88/100
|-start|p2a: Hatterene|Salt Cure
|-enditem|p2a: Hatterene|Eject Button
|
|t:|1776224875
|switch|p2a: Rillaboom|Rillaboom, F|100/100 tox
|-fieldstart|move: Grassy Terrain|[from] ability: Grassy Surge|[of] p2a: Rillaboom
|
|-damage|p2a: Rillaboom|94/100 tox|[from] psn
|upkeep
|turn|8
|
|t:|1776224882
|switch|p1a: Gliscor|Gliscor, M|100/100 tox
|move|p2a: Rillaboom|Wood Hammer|p1a: Gliscor
|-crit|p1a: Gliscor
|-damage|p1a: Gliscor|15/100 tox
|-damage|p2a: Rillaboom|70/100 tox|[from] Recoil
|
|-heal|p2a: Rillaboom|76/100 tox|[from] Grassy Terrain
|-heal|p1a: Gliscor|27/100 tox|[from] ability: Poison Heal
|-damage|p2a: Rillaboom|63/100 tox|[from] psn
|upkeep
|turn|9
|
|t:|1776224890
|switch|p2a: Lil Oozi|Muk, F|88/100
|move|p1a: Gliscor|U-turn|p2a: Lil Oozi
|-resisted|p2a: Lil Oozi
|-damage|p2a: Lil Oozi|83/100
|
|t:|1776224894
|switch|p1a: Garganacl|Garganacl, M|75/100|[from] U-turn
|
|-heal|p2a: Lil Oozi|89/100|[from] Grassy Terrain
|-heal|p2a: Lil Oozi|95/100|[from] item: Leftovers
|-heal|p1a: Garganacl|82/100|[from] Grassy Terrain
|upkeep
|turn|10
|
|t:|1776224905
|switch|p2a: Great Tusk|Great Tusk|100/100
|move|p1a: Garganacl|Salt Cure|p2a: Great Tusk
|-resisted|p2a: Great Tusk
|-damage|p2a: Great Tusk|98/100
|-start|p2a: Great Tusk|Salt Cure
|
|-heal|p2a: Great Tusk|100/100|[from] Grassy Terrain
|-heal|p1a: Garganacl|88/100|[from] Grassy Terrain
|-damage|p2a: Great Tusk|88/100|[from] Salt Cure
|upkeep
|turn|11
|
|t:|1776224915
|switch|p1a: Clefable|Clefable, M|100/100
|move|p2a: Great Tusk|Bulk Up|p2a: Great Tusk
|-boost|p2a: Great Tusk|atk|1
|-boost|p2a: Great Tusk|def|1
|
|-heal|p2a: Great Tusk|94/100|[from] Grassy Terrain
|-damage|p2a: Great Tusk|82/100|[from] Salt Cure
|-fieldend|move: Grassy Terrain
|upkeep
|turn|12
|
|t:|1776224924
|-end|p2a: Great Tusk|Protosynthesis|[silent]
|switch|p2a: Lil Oozi|Muk, F|95/100
|move|p1a: Clefable|Moonblast|p2a: Lil Oozi
|-resisted|p2a: Lil Oozi
|-damage|p2a: Lil Oozi|83/100
|
|-heal|p2a: Lil Oozi|89/100|[from] item: Leftovers
|upkeep
|turn|13
|
|t:|1776224929
|switch|p1a: Garganacl|Garganacl, M|88/100
|switch|p2a: Hatterene|Hatterene, F|88/100
|
|upkeep
|turn|14
|
|t:|1776224934
|switch|p1a: Gholdengo|Gholdengo|100/100
|move|p2a: Hatterene|Psychic Noise|p1a: Gholdengo
|-resisted|p1a: Gholdengo
|-damage|p1a: Gholdengo|84/100
|-start|p1a: Gholdengo|move: Heal Block
|
|upkeep
|turn|15
|
|t:|1776224941
|switch|p2a: Lil Oozi|Muk, F|89/100
|move|p1a: Gholdengo|Shadow Ball|p2a: Lil Oozi
|-damage|p2a: Lil Oozi|61/100
|-unboost|p2a: Lil Oozi|spd|1
|
|-heal|p2a: Lil Oozi|67/100|[from] item: Leftovers
|-end|p1a: Gholdengo|move: Heal Block
|upkeep
|turn|16
|
|t:|1776224949
|switch|p1a: Garganacl|Garganacl, M|88/100
|move|p2a: Lil Oozi|Knock Off|p1a: Garganacl
|-damage|p1a: Garganacl|78/100
|
|-heal|p2a: Lil Oozi|73/100|[from] item: Leftovers
|upkeep
|turn|17
|
|t:|1776224957
|switch|p2a: Great Tusk|Great Tusk|82/100
|move|p1a: Garganacl|Salt Cure|p2a: Great Tusk
|-resisted|p2a: Great Tusk
|-crit|p2a: Great Tusk
|-damage|p2a: Great Tusk|78/100
|-start|p2a: Great Tusk|Salt Cure
|
|-damage|p2a: Great Tusk|66/100|[from] Salt Cure
|upkeep
|turn|18
|
|t:|1776224964
|switch|p1a: Clefable|Clefable, M|100/100
|move|p2a: Great Tusk|Headlong Rush|p1a: Clefable
|-damage|p1a: Clefable|51/100
|-unboost|p2a: Great Tusk|def|1
|-unboost|p2a: Great Tusk|spd|1
|-damage|p2a: Great Tusk|50/100|[from] item: Rocky Helmet|[of] p1a: Clefable
|
|-damage|p2a: Great Tusk|37/100|[from] Salt Cure
|upkeep
|turn|19
|
|t:|1776224971
|-end|p2a: Great Tusk|Protosynthesis|[silent]
|switch|p2a: Hatterene|Hatterene, F|88/100
|move|p1a: Clefable|Moonlight|p1a: Clefable
|-heal|p1a: Clefable|100/100
|
|upkeep
|turn|20
|
|t:|1776224976
|switch|p1a: Gholdengo|Gholdengo|84/100
|move|p2a: Hatterene|Nuzzle|p1a: Gholdengo
|-damage|p1a: Gholdengo|81/100
|-status|p1a: Gholdengo|par
|
|upkeep
|turn|21
|
|t:|1776224986
|switch|p2a: Lil Oozi|Muk, F|73/100
|cant|p1a: Gholdengo|par
|
|-heal|p2a: Lil Oozi|79/100|[from] item: Leftovers
|upkeep
|turn|22
|
|t:|1776224990
|switch|p2a: Rillaboom|Rillaboom, F|63/100 tox
|-fieldstart|move: Grassy Terrain|[from] ability: Grassy Surge|[of] p2a: Rillaboom
|switch|p1a: Gliscor|Gliscor, M|27/100 tox
|
|-heal|p2a: Rillaboom|70/100 tox|[from] Grassy Terrain
|-heal|p1a: Gliscor|40/100 tox|[from] ability: Poison Heal
|-damage|p2a: Rillaboom|63/100 tox|[from] psn
|upkeep
|turn|23
|
|t:|1776224999
|move|p1a: Gliscor|Protect|p1a: Gliscor
|-singleturn|p1a: Gliscor|Protect
|move|p2a: Rillaboom|U-turn|p1a: Gliscor
|-activate|p1a: Gliscor|move: Protect
|
|-heal|p2a: Rillaboom|70/100 tox|[from] Grassy Terrain
|-heal|p1a: Gliscor|52/100 tox|[from] ability: Poison Heal
|-damage|p2a: Rillaboom|57/100 tox|[from] psn
|upkeep
|turn|24
|
|t:|1776225034
|switch|p1a: Zamazenta|Zamazenta|100/100
|-ability|p1a: Zamazenta|Dauntless Shield|boost
|-boost|p1a: Zamazenta|def|1
|move|p2a: Rillaboom|U-turn|p1a: Zamazenta
|-resisted|p1a: Zamazenta
|-damage|p1a: Zamazenta|92/100
|inactive|Battle timer is ON: inactive players will automatically lose when time's up. (requested by tazz)
|
|t:|1776225117
|switch|p2a: Iron Valiant|Iron Valiant|100/100|[from] U-turn
|-enditem|p2a: Iron Valiant|Booster Energy
|-activate|p2a: Iron Valiant|ability: Quark Drive|[fromitem]
|-start|p2a: Iron Valiant|quarkdrivespe
|
|-heal|p1a: Zamazenta|99/100|[from] Grassy Terrain
|upkeep
|turn|25
|
|t:|1776225148
|-terastallize|p1a: Zamazenta|Fire
|move|p2a: Iron Valiant|Swords Dance|p2a: Iron Valiant
|-boost|p2a: Iron Valiant|atk|2
|move|p1a: Zamazenta|Heavy Slam|p2a: Iron Valiant
|-supereffective|p2a: Iron Valiant
|-damage|p2a: Iron Valiant|0 fnt
|faint|p2a: Iron Valiant
|-end|p2a: Iron Valiant|Quark Drive|[silent]
|
|-heal|p1a: Zamazenta|100/100|[from] Grassy Terrain
|upkeep
|inactive|KrenKrombo has 120 seconds left.
|
|t:|1776225175
|switch|p2a: Hatterene|Hatterene, F|88/100
|turn|26
|
|t:|1776225178
|switch|p1a: Gholdengo|Gholdengo|81/100 par
|move|p2a: Hatterene|Nuzzle|p1a: Gholdengo
|-damage|p1a: Gholdengo|78/100 par
|
|-heal|p1a: Gholdengo|84/100 par|[from] Grassy Terrain
|-heal|p2a: Hatterene|94/100|[from] Grassy Terrain
|-fieldend|move: Grassy Terrain
|upkeep
|turn|27
|inactive|KrenKrombo has 120 seconds left.
|
|t:|1776225185
|cant|p1a: Gholdengo|par
|move|p2a: Hatterene|Healing Wish|p2a: Hatterene
|faint|p2a: Hatterene
|
|upkeep
|
|t:|1776225187
|switch|p2a: Rillaboom|Rillaboom, F|57/100 tox
|-heal|p2a: Rillaboom|100/100|[from] move: Healing Wish
|-fieldstart|move: Grassy Terrain|[from] ability: Grassy Surge|[of] p2a: Rillaboom
|turn|28
|
|t:|1776225203
|switch|p1a: Gliscor|Gliscor, M|52/100 tox
|move|p2a: Rillaboom|Wood Hammer|p1a: Gliscor
|-damage|p1a: Gliscor|0 fnt
|faint|p1a: Gliscor
|-damage|p2a: Rillaboom|86/100|[from] Recoil
|
|-heal|p2a: Rillaboom|92/100|[from] Grassy Terrain
|upkeep
|
|t:|1776225211
|switch|p1a: Zamazenta|Zamazenta, tera:Fire|100/100
|turn|29
|
|t:|1776225216
|switch|p2a: Lil Oozi|Muk, F|79/100
|move|p1a: Zamazenta|Close Combat|p2a: Lil Oozi
|-resisted|p2a: Lil Oozi
|-damage|p2a: Lil Oozi|56/100
|-unboost|p1a: Zamazenta|def|1
|-unboost|p1a: Zamazenta|spd|1
|
|-heal|p2a: Lil Oozi|62/100|[from] Grassy Terrain
|-heal|p2a: Lil Oozi|68/100|[from] item: Leftovers
|upkeep
|turn|30
|
|t:|1776225228
|switch|p1a: Samurott|Samurott-Hisui, M|100/100
|move|p2a: Lil Oozi|Drain Punch|p1a: Samurott
|-supereffective|p1a: Samurott
|-damage|p1a: Samurott|61/100
|-heal|p2a: Lil Oozi|87/100|[from] drain|[of] p1a: Samurott
|
|-heal|p1a: Samurott|67/100|[from] Grassy Terrain
|-heal|p2a: Lil Oozi|93/100|[from] Grassy Terrain
|-heal|p2a: Lil Oozi|99/100|[from] item: Leftovers
|upkeep
|turn|31
|
|t:|1776225238
|move|p1a: Samurott|Ceaseless Edge|p2a: Lil Oozi
|-damage|p2a: Lil Oozi|68/100
|-sidestart|p2: KrenKrombo|Spikes
|move|p2a: Lil Oozi|Drain Punch|p1a: Samurott
|-supereffective|p1a: Samurott
|-damage|p1a: Samurott|25/100
|-heal|p2a: Lil Oozi|88/100|[from] drain|[of] p1a: Samurott
|
|-heal|p1a: Samurott|31/100|[from] Grassy Terrain
|-heal|p2a: Lil Oozi|94/100|[from] Grassy Terrain
|-heal|p2a: Lil Oozi|99/100|[from] item: Leftovers
|upkeep
|turn|32
|
|t:|1776225245
|switch|p1a: Garganacl|Garganacl, M|78/100
|move|p2a: Lil Oozi|Drain Punch|p1a: Garganacl
|-supereffective|p1a: Garganacl
|-damage|p1a: Garganacl|54/100
|-heal|p2a: Lil Oozi|100/100|[from] drain|[of] p1a: Garganacl
|
|-heal|p1a: Garganacl|60/100|[from] Grassy Terrain
|-fieldend|move: Grassy Terrain
|upkeep
|turn|33
|
|t:|1776225269
|switch|p2a: Rillaboom|Rillaboom, F|92/100
|-damage|p2a: Rillaboom|79/100|[from] Spikes
|-fieldstart|move: Grassy Terrain|[from] ability: Grassy Surge|[of] p2a: Rillaboom
|move|p1a: Garganacl|Recover|p1a: Garganacl
|-heal|p1a: Garganacl|100/100
|
|-heal|p2a: Rillaboom|86/100|[from] Grassy Terrain
|upkeep
|turn|34
|
|t:|1776225274
|switch|p1a: Zamazenta|Zamazenta, tera:Fire|100/100
|move|p2a: Rillaboom|Wood Hammer|p1a: Zamazenta
|-resisted|p1a: Zamazenta
|-damage|p1a: Zamazenta|64/100
|-damage|p2a: Rillaboom|76/100|[from] Recoil
|
|-heal|p1a: Zamazenta|70/100|[from] Grassy Terrain
|-heal|p2a: Rillaboom|82/100|[from] Grassy Terrain
|upkeep
|turn|35
|
|t:|1776225284
|switch|p2a: Lil Oozi|Muk, F|100/100
|-damage|p2a: Lil Oozi|88/100|[from] Spikes
|move|p1a: Zamazenta|Close Combat|p2a: Lil Oozi
|-resisted|p2a: Lil Oozi
|-damage|p2a: Lil Oozi|67/100
|-unboost|p1a: Zamazenta|def|1
|-unboost|p1a: Zamazenta|spd|1
|
|-heal|p1a: Zamazenta|76/100|[from] Grassy Terrain
|-heal|p2a: Lil Oozi|73/100|[from] Grassy Terrain
|-heal|p2a: Lil Oozi|79/100|[from] item: Leftovers
|upkeep
|turn|36
|
|t:|1776225295
|switch|p1a: Garganacl|Garganacl, M|100/100
|switch|p2a: Great Tusk|Great Tusk|37/100
|
|-heal|p2a: Great Tusk|43/100|[from] Grassy Terrain
|upkeep
|turn|37
|
|t:|1776225305
|switch|p1a: Clefable|Clefable, M|100/100
|move|p2a: Great Tusk|Headlong Rush|p1a: Clefable
|-damage|p1a: Clefable|52/100
|-unboost|p2a: Great Tusk|def|1
|-unboost|p2a: Great Tusk|spd|1
|-damage|p2a: Great Tusk|27/100|[from] item: Rocky Helmet|[of] p1a: Clefable
|
|-heal|p2a: Great Tusk|33/100|[from] Grassy Terrain
|-heal|p1a: Clefable|58/100|[from] Grassy Terrain
|-fieldend|move: Grassy Terrain
|upkeep
|turn|38
|inactive|KrenKrombo has 120 seconds left.
|
|t:|1776225335
|move|p2a: Great Tusk|Rapid Spin|p1a: Clefable
|-damage|p1a: Clefable|45/100
|-boost|p2a: Great Tusk|spe|1
|-damage|p2a: Great Tusk|17/100|[from] item: Rocky Helmet|[of] p1a: Clefable
|-sideend|p2: KrenKrombo|Spikes|[from] move: Rapid Spin|[of] p2a: Great Tusk
|move|p1a: Clefable|Moonlight|p1a: Clefable
|-heal|p1a: Clefable|95/100
|
|upkeep
|turn|39
|
|t:|1776225346
|-end|p2a: Great Tusk|Protosynthesis|[silent]
|switch|p2a: Lil Oozi|Muk, F|79/100
|move|p1a: Clefable|Stealth Rock|p2a: Lil Oozi
|-sidestart|p2: KrenKrombo|move: Stealth Rock
|
|-heal|p2a: Lil Oozi|85/100|[from] item: Leftovers
|upkeep
|turn|40
|
|t:|1776225355
|switch|p1a: Garganacl|Garganacl, M|100/100
|move|p2a: Lil Oozi|Knock Off|p1a: Garganacl
|-damage|p1a: Garganacl|90/100
|
|-heal|p2a: Lil Oozi|92/100|[from] item: Leftovers
|upkeep
|turn|41
|
|t:|1776225365
|switch|p2a: Rillaboom|Rillaboom, F|82/100
|-damage|p2a: Rillaboom|70/100|[from] Stealth Rock
|-fieldstart|move: Grassy Terrain|[from] ability: Grassy Surge|[of] p2a: Rillaboom
|move|p1a: Garganacl|Salt Cure|p2a: Rillaboom
|-damage|p2a: Rillaboom|57/100
|-start|p2a: Rillaboom|Salt Cure
|
|-heal|p2a: Rillaboom|63/100|[from] Grassy Terrain
|-heal|p1a: Garganacl|96/100|[from] Grassy Terrain
|-damage|p2a: Rillaboom|51/100|[from] Salt Cure
|upkeep
|turn|42
|
|t:|1776225376
|switch|p1a: Zamazenta|Zamazenta, tera:Fire|76/100
|move|p2a: Rillaboom|U-turn|p1a: Zamazenta
|-resisted|p1a: Zamazenta
|-damage|p1a: Zamazenta|66/100
|
|t:|1776225393
|switch|p2a: Dragapult|Dragapult, M|100/100|[from] U-turn
|-damage|p2a: Dragapult|88/100|[from] Stealth Rock
|
|-heal|p2a: Dragapult|94/100|[from] Grassy Terrain
|-heal|p1a: Zamazenta|72/100|[from] Grassy Terrain
|upkeep
|turn|43
|
|t:|1776225407
|switch|p1a: Clefable|Clefable, M|95/100
|-terastallize|p2a: Dragapult|Ghost
|move|p2a: Dragapult|Shadow Ball|p1a: Clefable
|-damage|p1a: Clefable|28/100
|-unboost|p1a: Clefable|spd|1
|
|-heal|p2a: Dragapult|99/100|[from] Grassy Terrain
|-heal|p1a: Clefable|35/100|[from] Grassy Terrain
|upkeep
|turn|44
|
|t:|1776225419
|move|p2a: Dragapult|Shadow Ball|p1a: Clefable
|-damage|p1a: Clefable|0 fnt
|faint|p1a: Clefable
|
|-heal|p2a: Dragapult|100/100|[from] Grassy Terrain
|upkeep
|
|t:|1776225424
|switch|p1a: Garganacl|Garganacl, M|96/100
|turn|45
|inactive|KrenKrombo has 120 seconds left.
|
|t:|1776225470
|switch|p2a: Great Tusk|Great Tusk|17/100
|move|p1a: Garganacl|Salt Cure|p2a: Great Tusk
|-resisted|p2a: Great Tusk
|-damage|p2a: Great Tusk|14/100
|-start|p2a: Great Tusk|Salt Cure
|
|-heal|p2a: Great Tusk|20/100|[from] Grassy Terrain
|-heal|p1a: Garganacl|100/100|[from] Grassy Terrain
|-damage|p2a: Great Tusk|8/100|[from] Salt Cure
|-fieldend|move: Grassy Terrain
|upkeep
|turn|46
|inactive|tazz has 120 seconds left.
|inactive|KrenKrombo has 90 seconds left.
|
|t:|1776225514
|switch|p1a: Samurott|Samurott-Hisui, M|31/100
|move|p2a: Great Tusk|Rapid Spin|p1a: Samurott
|-damage|p1a: Samurott|13/100
|-boost|p2a: Great Tusk|spe|1
|-sideend|p2: KrenKrombo|Stealth Rock|[from] move: Rapid Spin|[of] p2a: Great Tusk
|
|-damage|p2a: Great Tusk|0 fnt|[from] Salt Cure
|faint|p2a: Great Tusk
|-end|p2a: Great Tusk|Protosynthesis|[silent]
|upkeep
|
|t:|1776225519
|switch|p2a: Rillaboom|Rillaboom, F|51/100
|-fieldstart|move: Grassy Terrain|[from] ability: Grassy Surge|[of] p2a: Rillaboom
|turn|47
|inactive|tazz has 120 seconds left.
|
|t:|1776225528
|move|p2a: Rillaboom|Grassy Glide|p1a: Samurott
|-supereffective|p1a: Samurott
|-damage|p1a: Samurott|0 fnt
|faint|p1a: Samurott
|
|-heal|p2a: Rillaboom|57/100|[from] Grassy Terrain
|upkeep
|
|t:|1776225530
|switch|p1a: Garganacl|Garganacl, M|100/100
|turn|48
|
|t:|1776225534
|switch|p1a: Gholdengo|Gholdengo|84/100 par
|move|p2a: Rillaboom|Wood Hammer|p1a: Gholdengo
|-resisted|p1a: Gholdengo
|-damage|p1a: Gholdengo|51/100 par
|-damage|p2a: Rillaboom|47/100|[from] Recoil
|
|-heal|p2a: Rillaboom|53/100|[from] Grassy Terrain
|-heal|p1a: Gholdengo|57/100 par|[from] Grassy Terrain
|upkeep
|turn|49
|inactive|KrenKrombo has 120 seconds left.
|
|t:|1776225566
|switch|p2a: Lil Oozi|Muk, F|92/100
|move|p1a: Gholdengo|Shadow Ball|p2a: Lil Oozi
|-damage|p2a: Lil Oozi|63/100
|
|-heal|p2a: Lil Oozi|69/100|[from] Grassy Terrain
|-heal|p2a: Lil Oozi|75/100|[from] item: Leftovers
|-heal|p1a: Gholdengo|63/100 par|[from] Grassy Terrain
|upkeep
|turn|50
|
|t:|1776225575
|switch|p1a: Garganacl|Garganacl, M|100/100
|move|p2a: Lil Oozi|Knock Off|p1a: Garganacl
|-damage|p1a: Garganacl|91/100
|
|-heal|p2a: Lil Oozi|81/100|[from] Grassy Terrain
|-heal|p2a: Lil Oozi|87/100|[from] item: Leftovers
|-heal|p1a: Garganacl|97/100|[from] Grassy Terrain
|upkeep
|turn|51
|
|t:|1776225589
|switch|p2a: Dragapult|Dragapult, M, tera:Ghost|100/100
|move|p1a: Garganacl|Iron Defense|p1a: Garganacl
|-boost|p1a: Garganacl|def|2
|
|-heal|p1a: Garganacl|100/100|[from] Grassy Terrain
|-fieldend|move: Grassy Terrain
|upkeep
|turn|52
|
|t:|1776225595
|move|p2a: Dragapult|Draco Meteor|p1a: Garganacl
|-damage|p1a: Garganacl|43/100
|-unboost|p2a: Dragapult|spa|2
|move|p1a: Garganacl|Salt Cure|p2a: Dragapult
|-damage|p2a: Dragapult|80/100
|-start|p2a: Dragapult|Salt Cure
|
|-damage|p2a: Dragapult|68/100|[from] Salt Cure
|upkeep
|turn|53
|
|t:|1776225599
|switch|p2a: Rillaboom|Rillaboom, F|53/100
|-fieldstart|move: Grassy Terrain|[from] ability: Grassy Surge|[of] p2a: Rillaboom
|move|p1a: Garganacl|Recover|p1a: Garganacl
|-heal|p1a: Garganacl|93/100
|
|-heal|p2a: Rillaboom|59/100|[from] Grassy Terrain
|-heal|p1a: Garganacl|99/100|[from] Grassy Terrain
|upkeep
|turn|54
|
|t:|1776225609
|move|p2a: Rillaboom|Wood Hammer|p1a: Garganacl
|-supereffective|p1a: Garganacl
|-damage|p1a: Garganacl|45/100
|-damage|p2a: Rillaboom|42/100|[from] Recoil
|move|p1a: Garganacl|Iron Defense|p1a: Garganacl
|-boost|p1a: Garganacl|def|2
|
|-heal|p2a: Rillaboom|48/100|[from] Grassy Terrain
|-heal|p1a: Garganacl|52/100|[from] Grassy Terrain
|upkeep
|turn|55
|
|t:|1776225624
|move|p2a: Rillaboom|Wood Hammer|p1a: Garganacl
|-supereffective|p1a: Garganacl
|-damage|p1a: Garganacl|13/100
|-damage|p2a: Rillaboom|35/100|[from] Recoil
|move|p1a: Garganacl|Iron Defense|p1a: Garganacl
|-boost|p1a: Garganacl|def|2
|
|-heal|p2a: Rillaboom|41/100|[from] Grassy Terrain
|-heal|p1a: Garganacl|19/100|[from] Grassy Terrain
|upkeep
|turn|56
|
|t:|1776225627
|move|p2a: Rillaboom|Wood Hammer|p1a: Garganacl
|-supereffective|p1a: Garganacl
|-damage|p1a: Garganacl|0 fnt
|faint|p1a: Garganacl
|-damage|p2a: Rillaboom|35/100|[from] Recoil
|
|-heal|p2a: Rillaboom|41/100|[from] Grassy Terrain
|upkeep
|-message|tazz forfeited.
|
|win|KrenKrombo
|raw|tazz's rating: 1361 &rarr; <strong>1340</strong><br />(-21 for losing)
|raw|KrenKrombo's rating: 1346 &rarr; <strong>1367</strong><br />(+21 for winning)
|l|☆tazz
|player|p1|
