|j|☆encore21768768
|j|☆Abyssal Bot
|t:|1776264182
|gametype|singles
|player|p1|encore21768768|265|
|player|p2|Abyssal Bot|supernerd|
|teamsize|p1|6
|teamsize|p2|6
|gen|9
|tier|[Gen 9] OU
|rule|Species Clause: Limit one of each Pokémon
|rule|OHKO Clause: OHKO moves are banned
|rule|Evasion Items Clause: Evasion items are banned
|rule|Evasion Moves Clause: Evasion moves are banned
|rule|Endless Battle Clause: Forcing endless battles is banned
|rule|HP Percentage Mod: HP is shown in percentages
|rule|Sleep Moves Clause: Sleep-inducing moves are banned
|clearpoke
|poke|p1|Metagross|
|poke|p1|Camerupt, F|
|poke|p1|Torkoal, F|
|poke|p1|Hitmontop, M|
|poke|p1|Raging Bolt|
|poke|p1|Hatterene, F|
|poke|p2|Iron Moth|
|poke|p2|Kingambit, M|
|poke|p2|Iron Valiant|
|poke|p2|Rillaboom, M|
|poke|p2|Ogerpon-Cornerstone, F|
|poke|p2|Raging Bolt|
|teampreview
|c|☆Abyssal Bot|**WARNING**: Expect much hax.
|inactive|Battle timer is ON: inactive players will automatically lose when time's up. (requested by Abyssal Bot)
|j|*Turbo Bottttt
|
|t:|1776264185
|start
|switch|p1a: Raging Bolt|Raging Bolt|100/100
|switch|p2a: Symbolism|Iron Moth, shiny|100/100
|-enditem|p2a: Symbolism|Booster Energy
|-activate|p2a: Symbolism|ability: Quark Drive|[fromitem]
|-start|p2a: Symbolism|quarkdrivespe
|turn|1
|
|t:|1776264187
|-end|p2a: Symbolism|Quark Drive|[silent]
|switch|p2a: Calamity|Iron Valiant, shiny|100/100
|-enditem|p2a: Calamity|Booster Energy
|-activate|p2a: Calamity|ability: Quark Drive|[fromitem]
|-start|p2a: Calamity|quarkdrivespe
|move|p1a: Raging Bolt|Dragon Pulse|p2a: Calamity
|-immune|p2a: Calamity
|
|upkeep
|turn|2
|
|t:|1776264192
|move|p2a: Calamity|Moonblast|p1a: Raging Bolt
|-supereffective|p1a: Raging Bolt
|-damage|p1a: Raging Bolt|26/100
|move|p1a: Raging Bolt|Thunderbolt|p2a: Calamity
|-crit|p2a: Calamity
|-damage|p2a: Calamity|0
|faint|p2a: Calamity
|-end|p2a: Calamity|Quark Drive|[silent]
|-damage|p1a: Raging Bolt|17/100|[from] item: Life Orb
|
|upkeep
|c|☆Abyssal Bot|I should be the one who gets hax ;-;
|
|t:|1776264192
|switch|p2a: Kong|Rillaboom, M, shiny|100/100
|-fieldstart|move: Grassy Terrain|[from] ability: Grassy Surge|[of] p2a: Kong
|turn|3
|
|t:|1776264196
|-end|p1a: Raging Bolt|Protosynthesis|[silent]
|switch|p1a: Torkoal|Torkoal, F|100/100
|-weather|Sunny Day|[from] ability: Drought|[of] p1a: Torkoal
|move|p2a: Kong|Knock Off|p1a: Torkoal
|-damage|p1a: Torkoal|69/100
|-enditem|p1a: Torkoal|Heat Rock|[from] move: Knock Off|[of] p2a: Kong
|
|-weather|Sunny Day|[upkeep]
|-heal|p1a: Torkoal|75/100|[from] Grassy Terrain
|upkeep
|turn|4
|
|t:|1776264199
|move|p2a: Kong|Knock Off|p1a: Torkoal
|-damage|p1a: Torkoal|56/100
|move|p1a: Torkoal|Will-O-Wisp|p2a: Kong
|-status|p2a: Kong|brn
|
|-weather|Sunny Day|[upkeep]
|-heal|p1a: Torkoal|62/100|[from] Grassy Terrain
|-damage|p2a: Kong|94/100 brn|[from] brn|[of] p1a: Torkoal
|upkeep
|turn|5
|
|t:|1776264203
|switch|p2a: Byakko|Raging Bolt|100/100
|-activate|p2a: Byakko|ability: Protosynthesis
|-start|p2a: Byakko|protosynthesisspa
|switch|p1a: Hitmontop|Hitmontop, M|100/100
|-ability|p1a: Hitmontop|Intimidate|boost
|-unboost|p2a: Byakko|atk|1
|
|-weather|Sunny Day|[upkeep]
|upkeep
|turn|6
|
|t:|1776264208
|move|p2a: Byakko|Calm Mind|p2a: Byakko
|-boost|p2a: Byakko|spa|1
|-boost|p2a: Byakko|spd|1
|move|p1a: Hitmontop|High Jump Kick|p2a: Byakko
|-damage|p2a: Byakko|61/100
|
|-weather|Sunny Day|[upkeep]
|-heal|p2a: Byakko|67/100|[from] Grassy Terrain
|upkeep
|turn|7
|
|t:|1776264210
|move|p2a: Byakko|Thunderclap|p1a: Hitmontop
|-damage|p1a: Hitmontop|23/100
|move|p1a: Hitmontop|Ice Spinner|p2a: Byakko
|-supereffective|p2a: Byakko
|-damage|p2a: Byakko|34/100
|-fieldend|move: Grassy Terrain
|
|-weather|Sunny Day|[upkeep]
|upkeep
|turn|8
|
|t:|1776264214
|move|p2a: Byakko|Tera Blast|p1a: Hitmontop
|-damage|p1a: Hitmontop|0
|faint|p1a: Hitmontop
|
|-weather|Sunny Day|[upkeep]
|upkeep
|
|t:|1776264227
|switch|p1a: Hatterene|Hatterene, F|100/100
|turn|9
|
|t:|1776264229
|move|p2a: Byakko|Thunderclap||[still]
|-fail|p2a: Byakko
|move|p1a: Hatterene|Trick Room|p1a: Hatterene
|-fieldstart|move: Trick Room|[of] p1a: Hatterene
|
|-weather|Sunny Day|[upkeep]
|upkeep
|turn|10
|
|t:|1776264234
|move|p2a: Byakko|Thunderclap|p1a: Hatterene
|-damage|p1a: Hatterene|15/100
|move|p1a: Hatterene|Draining Kiss|p2a: Byakko
|-supereffective|p2a: Byakko
|-damage|p2a: Byakko|0
|-heal|p1a: Hatterene|46/100|[from] drain|[of] p2a: Byakko
|faint|p2a: Byakko
|-end|p2a: Byakko|Protosynthesis|[silent]
|
|-weather|none
|upkeep
|
|t:|1776264234
|switch|p2a: Overgod|Kingambit, M, shiny|100/100
|-activate|p2a: Overgod|ability: Supreme Overlord
|-start|p2a: Overgod|fallen2|[silent]
|turn|11
|
|t:|1776264238
|switch|p1a: Torkoal|Torkoal, F|62/100
|-weather|Sunny Day|[from] ability: Drought|[of] p1a: Torkoal
|move|p2a: Overgod|Iron Head|p1a: Torkoal
|-resisted|p1a: Torkoal
|-damage|p1a: Torkoal|48/100
|
|-weather|Sunny Day|[upkeep]
|upkeep
|turn|12
|
|t:|1776264240
|move|p1a: Torkoal|Body Press|p2a: Overgod
|-supereffective|p2a: Overgod
|-damage|p2a: Overgod|0
|faint|p2a: Overgod
|-end|p2a: Overgod|fallen2|[silent]
|
|-weather|Sunny Day|[upkeep]
|upkeep
|
|t:|1776264240
|switch|p2a: Symbolism|Iron Moth, shiny|100/100
|turn|13
|
|t:|1776264243
|move|p1a: Torkoal|Body Press|p2a: Symbolism
|-resisted|p2a: Symbolism
|-damage|p2a: Symbolism|79/100
|move|p2a: Symbolism|Fiery Dance|p1a: Torkoal
|-resisted|p1a: Torkoal
|-damage|p1a: Torkoal|7/100
|
|-weather|Sunny Day|[upkeep]
|-fieldend|move: Trick Room
|upkeep
|turn|14
|
|t:|1776264247
|move|p2a: Symbolism|Psychic|p1a: Torkoal
|-damage|p1a: Torkoal|0
|faint|p1a: Torkoal
|
|-weather|Sunny Day|[upkeep]
|upkeep
|
|t:|1776264259
|switch|p1a: Camerupt|Camerupt, F|100/100
|turn|15
|
|t:|1776264274
|-end|p2a: Symbolism|Quark Drive|[silent]
|switch|p2a: Spirit Monger|Ogerpon-Cornerstone, F|100/100
|move|p1a: Camerupt|Earthquake|p2a: Spirit Monger
|-damage|p2a: Spirit Monger|46/100
|-damage|p1a: Camerupt|91/100|[from] item: Life Orb
|
|-weather|none
|upkeep
|turn|16
|
|t:|1776264280
|switch|p1a: Metagross|Metagross|100/100
|move|p2a: Spirit Monger|Power Whip|p1a: Metagross
|-resisted|p1a: Metagross
|-damage|p1a: Metagross|74/100
|
|upkeep
|turn|17
|
|t:|1776264283
|move|p2a: Spirit Monger|Spikes|p1a: Metagross
|-sidestart|p1: encore21768768|Spikes
|move|p1a: Metagross|Psychic Fangs|p2a: Spirit Monger
|-damage|p2a: Spirit Monger|0
|faint|p2a: Spirit Monger
|
|upkeep
|
|t:|1776264283
|switch|p2a: Kong|Rillaboom, M, shiny|94/100 brn
|-fieldstart|move: Grassy Terrain|[from] ability: Grassy Surge|[of] p2a: Kong
|turn|18
|
|t:|1776264285
|move|p2a: Kong|Knock Off|p1a: Metagross
|-supereffective|p1a: Metagross
|-damage|p1a: Metagross|36/100
|-enditem|p1a: Metagross|Choice Band|[from] move: Knock Off|[of] p2a: Kong
|move|p1a: Metagross|Psychic Fangs|p2a: Kong
|-damage|p2a: Kong|44/100 brn
|
|-heal|p2a: Kong|50/100 brn|[from] Grassy Terrain
|-heal|p1a: Metagross|42/100|[from] Grassy Terrain
|-damage|p2a: Kong|44/100 brn|[from] brn|[of] p1: Torkoal
|upkeep
|turn|19
|
|t:|1776264287
|move|p2a: Kong|Knock Off|p1a: Metagross
|-supereffective|p1a: Metagross
|-damage|p1a: Metagross|13/100
|move|p1a: Metagross|Psychic Fangs|p2a: Kong
|-damage|p2a: Kong|0 brn
|faint|p2a: Kong
|
|-heal|p1a: Metagross|19/100|[from] Grassy Terrain
|upkeep
|
|t:|1776264287
|switch|p2a: Symbolism|Iron Moth, shiny|79/100
|turn|20
|
|t:|1776264293
|move|p2a: Symbolism|Fiery Dance|p1a: Metagross
|-supereffective|p1a: Metagross
|-damage|p1a: Metagross|0
|faint|p1a: Metagross
|
|-heal|p2a: Symbolism|85/100|[from] Grassy Terrain
|upkeep
|
|t:|1776264294
|switch|p1a: Camerupt|Camerupt, F|91/100
|-damage|p1a: Camerupt|78/100|[from] Spikes|[of] p2: Spirit Monger
|turn|21
|
|t:|1776264295
|move|p2a: Symbolism|Fiery Dance|p1a: Camerupt
|-resisted|p1a: Camerupt
|-damage|p1a: Camerupt|54/100
|-boost|p2a: Symbolism|spa|1
|move|p1a: Camerupt|Earthquake|p2a: Symbolism
|-supereffective|p2a: Symbolism
|-crit|p2a: Symbolism
|-damage|p2a: Symbolism|0
|faint|p2a: Symbolism
|-end|p2a: Symbolism|Quark Drive|[silent]
|-damage|p1a: Camerupt|44/100|[from] item: Life Orb
|
|win|encore21768768
|c|☆Abyssal Bot|Oh crap, that crit...
|c|☆Abyssal Bot|Oh, I lost. Good Game.
|l|☆Abyssal Bot
|player|p2|
|l|*Turbo Bottttt
