|html|<div class="broadcast-blue"><strong>[Gen 9] OU is currently suspecting Tera Blast! For information on how to participate check out the <a href="https://www.smogon.com/tools/suspects/view/200">suspect thread</a>.</strong></div>
|j|☆capitolg
|j|‽crumbcrumbcrumb
|t:|1776056784
|gametype|singles
|player|p1|capitolg|bellelba|1094
|player|p2|crumbcrumbcrumb|clown|1160
|gen|9
|tier|[Gen 9] OU
|rated|
|rule|HP Percentage Mod: HP is shown in percentages
|rule|Endless Battle Clause: Forcing endless battles is banned
|rule|Species Clause: Limit one of each Pokémon
|rule|OHKO Clause: OHKO moves are banned
|rule|Evasion Items Clause: Evasion items are banned
|rule|Evasion Moves Clause: Evasion moves are banned
|rule|Evasion Abilities Clause: Evasion abilities are banned
|rule|Sleep Moves Clause: Sleep-inducing moves are banned
|clearpoke
|poke|p1|Ribombee, F|
|poke|p1|Cinderace, F|
|poke|p1|Thundurus, M|
|poke|p1|Chandelure, F|
|poke|p1|Malamar, M|
|poke|p1|Empoleon, F|
|poke|p2|Slowking-Galar, F|
|poke|p2|Kyurem|
|poke|p2|Great Tusk|
|poke|p2|Samurott-Hisui, M|
|poke|p2|Landorus-Therian, M|
|poke|p2|Dragapult, F|
|teampreview
|
|t:|1776056788
|teamsize|p1|6
|teamsize|p2|6
|start
|switch|p1a: Ribombee|Ribombee, F|100/100
|switch|p2a: Landorus|Landorus-Therian, M|100/100
|-ability|p2a: Landorus|Intimidate|boost
|-unboost|p1a: Ribombee|atk|1
|turn|1
|
|t:|1776056806
|move|p1a: Ribombee|Sticky Web|p2a: Landorus
|-sidestart|p2: crumbcrumbcrumb|move: Sticky Web
|move|p2a: Landorus|Taunt|p1a: Ribombee
|-start|p1a: Ribombee|move: Taunt
|
|upkeep
|turn|2
|
|t:|1776056813
|move|p1a: Ribombee|Moonblast|p2a: Landorus
|-damage|p2a: Landorus|48/100
|move|p2a: Landorus|Stealth Rock|p1a: Ribombee
|-sidestart|p1: capitolg|move: Stealth Rock
|
|upkeep
|turn|3
|
|t:|1776056835
|move|p1a: Ribombee|Moonblast|p2a: Landorus
|-damage|p2a: Landorus|0 fnt
|faint|p2a: Landorus
|
|upkeep
|
|t:|1776056849
|switch|p2a: Slowking|Slowking-Galar, F|100/100
|turn|4
|
|t:|1776056854
|switch|p1a: Cinderace|Cinderace, F, shiny|100/100
|move|p2a: Slowking|Sludge Bomb|p1a: Cinderace
|-damage|p1a: Cinderace|48/100
|
|upkeep
|turn|5
|
|t:|1776056866
|move|p1a: Cinderace|Court Change|p1a: Cinderace
|-start|p1a: Cinderace|typechange|Normal|[from] ability: Libero
|-swapsideconditions
|-activate|p1a: Cinderace|move: Court Change
|move|p2a: Slowking|Toxic|p1a: Cinderace
|-status|p1a: Cinderace|tox
|
|-damage|p1a: Cinderace|42/100 tox|[from] psn
|upkeep
|turn|6
|
|t:|1776056892
|move|p1a: Cinderace|Taunt|p2a: Slowking
|-start|p2a: Slowking|move: Taunt
|move|p2a: Slowking|Future Sight|p1a: Cinderace
|-start|p2a: Slowking|move: Future Sight
|
|-damage|p1a: Cinderace|30/100 tox|[from] psn
|upkeep
|turn|7
|
|t:|1776056901
|move|p1a: Cinderace|Pyro Ball|p2a: Slowking
|-damage|p2a: Slowking|54/100
|move|p2a: Slowking|Sludge Bomb|p1a: Cinderace
|-damage|p1a: Cinderace|0 fnt
|faint|p1a: Cinderace
|
|upkeep
|
|t:|1776056903
|switch|p1a: Malamar|Malamar, M|100/100
|-activate|p1a: Malamar|move: Sticky Web
|-boost|p1a: Malamar|spe|1
|turn|8
|
|t:|1776056914
|move|p1a: Malamar|Throat Chop|p2a: Slowking
|-supereffective|p2a: Slowking
|-damage|p2a: Slowking|0 fnt
|faint|p2a: Slowking
|
|-end|p1a: Malamar|move: Future Sight
|-immune|p1a: Malamar
|upkeep
|
|t:|1776056920
|switch|p2a: Dragapult|Dragapult, F|100/100
|-damage|p2a: Dragapult|88/100|[from] Stealth Rock
|turn|9
|
|t:|1776056927
|switch|p1a: Ribombee|Ribombee, F|100/100
|-activate|p1a: Ribombee|move: Sticky Web
|-unboost|p1a: Ribombee|spe|1
|move|p2a: Dragapult|Draco Meteor|p1a: Ribombee
|-immune|p1a: Ribombee
|
|upkeep
|turn|10
|
|t:|1776056935
|switch|p2a: Samurott|Samurott-Hisui, M|100/100
|-damage|p2a: Samurott|88/100|[from] Stealth Rock
|move|p1a: Ribombee|Stun Spore|p2a: Samurott|[miss]
|-miss|p1a: Ribombee|p2a: Samurott
|
|upkeep
|turn|11
|
|t:|1776056946
|move|p1a: Ribombee|Sticky Web|p2a: Samurott
|-sidestart|p2: crumbcrumbcrumb|move: Sticky Web
|move|p2a: Samurott|Ceaseless Edge|p1a: Ribombee
|-resisted|p1a: Ribombee
|-damage|p1a: Ribombee|61/100
|-sidestart|p1: capitolg|Spikes
|
|upkeep
|turn|12
|
|t:|1776056969
|-terastallize|p2a: Samurott|Poison
|move|p1a: Ribombee|Moonblast|p2a: Samurott
|-resisted|p2a: Samurott
|-damage|p2a: Samurott|75/100
|move|p2a: Samurott|Razor Shell|p1a: Ribombee
|-damage|p1a: Ribombee|0 fnt
|faint|p1a: Ribombee
|
|upkeep
|
|t:|1776056974
|switch|p1a: Thundurus|Thundurus, M|100/100
|turn|13
|
|t:|1776056993
|-terastallize|p1a: Thundurus|Ground
|move|p1a: Thundurus|U-turn|p2a: Samurott
|-resisted|p2a: Samurott
|-damage|p2a: Samurott|65/100
|
|t:|1776056996
|switch|p1a: Empoleon|Empoleon, F|100/100|[from] U-turn
|-activate|p1a: Empoleon|move: Sticky Web
|-unboost|p1a: Empoleon|spe|1
|-ability|p1a: Empoleon|Competitive|boost
|-boost|p1a: Empoleon|spa|2
|-damage|p1a: Empoleon|88/100|[from] Spikes
|move|p2a: Samurott|Ceaseless Edge|p1a: Empoleon
|-damage|p1a: Empoleon|53/100
|-sidestart|p1: capitolg|Spikes
|
|upkeep
|turn|14
|
|t:|1776057013
|move|p2a: Samurott|Ceaseless Edge|p1a: Empoleon
|-damage|p1a: Empoleon|20/100
|-sidestart|p1: capitolg|Spikes
|move|p1a: Empoleon|Surf|p2a: Samurott
|-damage|p2a: Samurott|11/100
|
|upkeep
|turn|15
|
|t:|1776057019
|move|p1a: Empoleon|Vacuum Wave|p2a: Samurott
|-resisted|p2a: Samurott
|-damage|p2a: Samurott|3/100
|move|p2a: Samurott|Ceaseless Edge|p1a: Empoleon
|-damage|p1a: Empoleon|0 fnt
|faint|p1a: Empoleon
|
|upkeep
|
|t:|1776057022
|switch|p1a: Malamar|Malamar, M|100/100
|-activate|p1a: Malamar|move: Sticky Web
|-boost|p1a: Malamar|spe|1
|-damage|p1a: Malamar|76/100|[from] Spikes
|turn|16
|
|t:|1776057031
|move|p2a: Samurott|Aqua Jet|p1a: Malamar
|-damage|p1a: Malamar|54/100
|move|p1a: Malamar|Superpower|p2a: Samurott
|-resisted|p2a: Samurott
|-damage|p2a: Samurott|0 fnt
|-boost|p1a: Malamar|atk|1
|-boost|p1a: Malamar|def|1
|faint|p2a: Samurott
|
|upkeep
|
|t:|1776057044
|switch|p2a: Dragapult|Dragapult, F|88/100
|-damage|p2a: Dragapult|76/100|[from] Stealth Rock
|-activate|p2a: Dragapult|move: Sticky Web
|-fail|p2a: Dragapult|unboost|[from] ability: Clear Body|[of] p2a: Dragapult
|turn|17
|
|t:|1776057057
|move|p2a: Dragapult|Draco Meteor|p1a: Malamar
|-damage|p1a: Malamar|0 fnt
|-unboost|p2a: Dragapult|spa|2
|faint|p1a: Malamar
|
|upkeep
|
|t:|1776057065
|switch|p1a: Thundurus|Thundurus, M, tera:Ground|100/100
|-activate|p1a: Thundurus|move: Sticky Web
|-unboost|p1a: Thundurus|spe|1
|-ability|p1a: Thundurus|Defiant|boost
|-boost|p1a: Thundurus|atk|2
|-damage|p1a: Thundurus|76/100|[from] Spikes
|-enditem|p1a: Thundurus|White Herb
|-clearnegativeboost|p1a: Thundurus|[silent]
|turn|18
|
|t:|1776057074
|move|p2a: Dragapult|Draco Meteor|p1a: Thundurus
|-damage|p1a: Thundurus|30/100
|-unboost|p2a: Dragapult|spa|2
|move|p1a: Thundurus|Tera Blast|p2a: Dragapult|[anim] Tera Blast Ground
|-damage|p2a: Dragapult|0 fnt
|faint|p2a: Dragapult
|
|upkeep
|
|t:|1776057086
|switch|p2a: Great Tusk|Great Tusk|100/100
|-damage|p2a: Great Tusk|98/100|[from] Stealth Rock
|-activate|p2a: Great Tusk|move: Sticky Web
|-unboost|p2a: Great Tusk|spe|1
|turn|19
|
|t:|1776057097
|move|p1a: Thundurus|Acrobatics|p2a: Great Tusk
|-supereffective|p2a: Great Tusk
|-damage|p2a: Great Tusk|0 fnt
|faint|p2a: Great Tusk
|-end|p2a: Great Tusk|Protosynthesis|[silent]
|
|upkeep
|
|t:|1776057101
|switch|p2a: Kyurem|Kyurem|100/100
|-damage|p2a: Kyurem|76/100|[from] Stealth Rock
|-activate|p2a: Kyurem|move: Sticky Web
|-unboost|p2a: Kyurem|spe|1
|-ability|p2a: Kyurem|Pressure
|turn|20
|
|t:|1776057120
|move|p1a: Thundurus|Tera Blast|p2a: Kyurem|[anim] Tera Blast Ground
|-damage|p2a: Kyurem|18/100
|move|p2a: Kyurem|Earth Power|p1a: Thundurus
|-damage|p1a: Thundurus|0 fnt
|faint|p1a: Thundurus
|
|upkeep
|
|t:|1776057125
|switch|p1a: Chandelure|Chandelure, F|100/100
|-item|p1a: Chandelure|Air Balloon
|turn|21
|-message|crumbcrumbcrumb forfeited.
|
|win|capitolg
|raw|capitolg's rating: 1094 &rarr; <strong>1125</strong><br />(+31 for winning)
|raw|crumbcrumbcrumb's rating: 1160 &rarr; <strong>1130</strong><br />(-30 for losing)
|l|‽crumbcrumbcrumb
|player|p2|
