|html|<div class="broadcast-blue"><strong>[Gen 9] OU is currently suspecting Tera Blast! For information on how to participate check out the <a href="https://www.smogon.com/tools/suspects/view/200">suspect thread</a>.</strong></div>
|j|☆ledealerderamoloss
|j|☆magistermilitum420
|t:|1776126632
|gametype|singles
|player|p1|ledealerderamoloss|lance-gen2|1298
|player|p2|magistermilitum420|blue|1266
|gen|9
|tier|[Gen 9] OU
|rated|
|rule|HP Percentage Mod: HP is shown in percentages
|rule|Endless Battle Clause: Forcing endless battles is banned
|rule|Species Clause: Limit one of each Pokémon
|rule|OHKO Clause: OHKO moves are banned
|rule|Evasion Items Clause: Evasion items are banned
|rule|Evasion Moves Clause: Evasion moves are banned
|rule|Evasion Abilities Clause: Evasion abilities are banned
|rule|Sleep Moves Clause: Sleep-inducing moves are banned
|clearpoke
|poke|p1|Excadrill, F|
|poke|p1|Tyranitar, F|
|poke|p1|Gliscor, M|
|poke|p1|Sinistcha|
|poke|p1|Scizor, M|
|poke|p1|Tornadus-Therian, M|
|poke|p2|Meowscarada, M|
|poke|p2|Great Tusk|
|poke|p2|Alomomola, F|
|poke|p2|Slowking-Galar, M|
|poke|p2|Dragonite, M|
|poke|p2|Heatran, M|
|teampreview
|j| ohko_smeargle
|inactive|Battle timer is ON: inactive players will automatically lose when time's up. (requested by ledealerderamoloss)
|
|t:|1776126662
|teamsize|p1|6
|teamsize|p2|6
|start
|switch|p1a: Scizor|Scizor, M, shiny|100/100
|switch|p2a: Mahad|Meowscarada, M, shiny|100/100
|turn|1
|
|t:|1776126673
|move|p2a: Mahad|U-turn|p1a: Scizor
|-start|p2a: Mahad|typechange|Bug|[from] ability: Protean
|-resisted|p1a: Scizor
|-damage|p1a: Scizor|82/100
|
|t:|1776126686
|switch|p2a: Vulcanus|Heatran, M, shiny|100/100|[from] U-turn
|move|p1a: Scizor|U-turn|p2a: Vulcanus
|-resisted|p2a: Vulcanus
|-damage|p2a: Vulcanus|85/100
|
|t:|1776126692
|switch|p1a: Excadrill|Excadrill, F|100/100|[from] U-turn
|
|upkeep
|turn|2
|
|t:|1776126710
|switch|p2a: Barca|Great Tusk|100/100
|move|p1a: Excadrill|Earthquake|p2a: Barca
|-damage|p2a: Barca|62/100
|
|upkeep
|turn|3
|
|t:|1776126723
|switch|p1a: Tornadus|Tornadus-Therian, M|100/100
|move|p2a: Barca|Stealth Rock|p1a: Tornadus
|-sidestart|p1: ledealerderamoloss|move: Stealth Rock
|
|upkeep
|turn|4
|
|t:|1776126731
|-end|p2a: Barca|Protosynthesis|[silent]
|switch|p2a: Mithridates|Slowking-Galar, M|100/100
|move|p1a: Tornadus|Knock Off|p2a: Mithridates
|-supereffective|p2a: Mithridates
|-crit|p2a: Mithridates
|-damage|p2a: Mithridates|35/100
|-enditem|p2a: Mithridates|Assault Vest|[from] move: Knock Off|[of] p1a: Tornadus
|
|upkeep
|turn|5
|inactive|magistermilitum420 has 120 seconds left.
|
|t:|1776126762
|move|p1a: Tornadus|Knock Off|p2a: Mithridates
|-supereffective|p2a: Mithridates
|-damage|p2a: Mithridates|7/100
|move|p2a: Mithridates|Future Sight|p1a: Tornadus
|-start|p2a: Mithridates|move: Future Sight
|
|upkeep
|turn|6
|
|t:|1776126771
|switch|p2a: Charybdis|Alomomola, F, shiny|100/100
|move|p1a: Tornadus|Knock Off|p2a: Charybdis
|-damage|p2a: Charybdis|89/100
|-enditem|p2a: Charybdis|Heavy-Duty Boots|[from] move: Knock Off|[of] p1a: Tornadus
|
|upkeep
|turn|7
|
|t:|1776126786
|move|p1a: Tornadus|Bleakwind Storm|p2a: Charybdis
|-damage|p2a: Charybdis|42/100
|move|p2a: Charybdis|Scald|p1a: Tornadus
|-damage|p1a: Tornadus|86/100
|
|-end|p1a: Tornadus|move: Future Sight
|-damage|p1a: Tornadus|23/100
|upkeep
|turn|8
|
|t:|1776126798
|move|p2a: Charybdis|Protect|p2a: Charybdis
|-singleturn|p2a: Charybdis|Protect
|move|p1a: Tornadus|U-turn|p2a: Charybdis
|-activate|p2a: Charybdis|move: Protect
|
|upkeep
|turn|9
|inactive|magistermilitum420 has 120 seconds left.
|
|t:|1776126827
|move|p1a: Tornadus|Bleakwind Storm|p2a: Charybdis
|-damage|p2a: Charybdis|0 fnt
|faint|p2a: Charybdis
|
|upkeep
|
|t:|1776126850
|switch|p2a: Mahad|Meowscarada, M, shiny|100/100
|turn|10
|
|t:|1776126861
|switch|p1a: Scizor|Scizor, M, shiny|82/100
|-damage|p1a: Scizor|70/100|[from] Stealth Rock
|move|p2a: Mahad|Knock Off|p1a: Scizor
|-start|p2a: Mahad|typechange|Dark|[from] ability: Protean
|-damage|p1a: Scizor|17/100
|-enditem|p1a: Scizor|Choice Band|[from] move: Knock Off|[of] p2a: Mahad
|
|upkeep
|turn|11
|inactive|magistermilitum420 has 90 seconds left.
|
|t:|1776126886
|move|p1a: Scizor|Bullet Punch|p2a: Mahad
|-damage|p2a: Mahad|46/100
|move|p2a: Mahad|Knock Off|p1a: Scizor
|-damage|p1a: Scizor|0 fnt
|faint|p1a: Scizor
|
|upkeep
|
|t:|1776126896
|switch|p1a: Gliscor|Gliscor, M, shiny|100/100
|-damage|p1a: Gliscor|88/100|[from] Stealth Rock
|turn|12
|inactive|magistermilitum420 has 90 seconds left.
|
|t:|1776126941
|switch|p2a: Vulcanus|Heatran, M, shiny|85/100
|move|p1a: Gliscor|Protect||[still]
|-fail|p1a: Gliscor
|
|-status|p1a: Gliscor|tox|[from] item: Toxic Orb
|upkeep
|turn|13
|inactive|magistermilitum420 has 60 seconds left.
|
|t:|1776126963
|-terastallize|p2a: Vulcanus|Grass
|move|p2a: Vulcanus|Overheat|p1a: Gliscor
|-damage|p1a: Gliscor|0 fnt
|-unboost|p2a: Vulcanus|spa|2
|faint|p1a: Gliscor
|
|upkeep
|
|t:|1776126973
|switch|p1a: Tornadus|Tornadus-Therian, M|56/100
|turn|14
|
|t:|1776126982
|switch|p2a: Mithridates|Slowking-Galar, M|40/100
|move|p1a: Tornadus|U-turn|p2a: Mithridates
|-damage|p2a: Mithridates|24/100
|
|t:|1776126985
|switch|p1a: Excadrill|Excadrill, F|100/100|[from] U-turn
|-damage|p1a: Excadrill|97/100|[from] Stealth Rock
|
|-heal|p1a: Excadrill|100/100|[from] item: Leftovers
|upkeep
|turn|15
|
|t:|1776127002
|switch|p2a: Ladon|Dragonite, M, shiny|100/100
|move|p1a: Excadrill|Rapid Spin|p2a: Ladon
|-damage|p2a: Ladon|91/100
|-boost|p1a: Excadrill|spe|1
|-sideend|p1: ledealerderamoloss|Stealth Rock|[from] move: Rapid Spin|[of] p1a: Excadrill
|
|upkeep
|turn|16
|inactive|magistermilitum420 has 60 seconds left.
|
|t:|1776127019
|move|p1a: Excadrill|Rock Slide|p2a: Ladon
|-supereffective|p2a: Ladon
|-damage|p2a: Ladon|31/100
|move|p2a: Ladon|Earthquake|p1a: Excadrill
|-supereffective|p1a: Excadrill
|-damage|p1a: Excadrill|4/100
|
|-heal|p1a: Excadrill|10/100|[from] item: Leftovers
|upkeep
|turn|17
|inactive|magistermilitum420 has 60 seconds left.
|
|t:|1776127030
|move|p2a: Ladon|Extreme Speed|p1a: Excadrill
|-resisted|p1a: Excadrill
|-damage|p1a: Excadrill|0 fnt
|faint|p1a: Excadrill
|
|upkeep
|
|t:|1776127037
|switch|p1a: Tyranitar|Tyranitar, F|100/100
|-weather|Sandstorm|[from] ability: Sand Stream|[of] p1a: Tyranitar
|turn|18
|inactive|magistermilitum420 has 60 seconds left.
|
|t:|1776127058
|move|p2a: Ladon|Earthquake|p1a: Tyranitar
|-supereffective|p1a: Tyranitar
|-damage|p1a: Tyranitar|47/100
|move|p1a: Tyranitar|Stealth Rock|p2a: Ladon
|-sidestart|p2: magistermilitum420|move: Stealth Rock
|
|-weather|Sandstorm|[upkeep]
|-damage|p2a: Ladon|25/100|[from] Sandstorm
|upkeep
|turn|19
|inactive|magistermilitum420 has 60 seconds left.
|
|t:|1776127072
|switch|p1a: Sinistcha|Sinistcha|100/100
|move|p2a: Ladon|Dragon Dance|p2a: Ladon
|-boost|p2a: Ladon|atk|1
|-boost|p2a: Ladon|spe|1
|
|-weather|Sandstorm|[upkeep]
|-damage|p2a: Ladon|19/100|[from] Sandstorm
|-damage|p1a: Sinistcha|94/100|[from] Sandstorm
|upkeep
|turn|20
|inactive|magistermilitum420 has 60 seconds left.
|
|t:|1776127082
|move|p2a: Ladon|Fire Punch|p1a: Sinistcha
|-supereffective|p1a: Sinistcha
|-damage|p1a: Sinistcha|67/100
|-status|p1a: Sinistcha|brn
|move|p1a: Sinistcha|Strength Sap|p2a: Ladon
|-unboost|p2a: Ladon|atk|1
|-heal|p1a: Sinistcha|100/100 brn
|
|-weather|Sandstorm|[upkeep]
|-damage|p2a: Ladon|13/100|[from] Sandstorm
|-damage|p1a: Sinistcha|94/100 brn|[from] Sandstorm
|-damage|p1a: Sinistcha|92/100 brn|[from] brn
|upkeep
|turn|21
|inactive|magistermilitum420 has 60 seconds left.
|
|t:|1776127099
|move|p2a: Ladon|Fire Punch|p1a: Sinistcha
|-supereffective|p1a: Sinistcha
|-damage|p1a: Sinistcha|75/100 brn
|move|p1a: Sinistcha|Matcha Gotcha|p2a: Ladon
|-resisted|p2a: Ladon
|-damage|p2a: Ladon|4/100
|-heal|p1a: Sinistcha|79/100 brn|[from] drain|[of] p2a: Ladon
|
|-weather|Sandstorm|[upkeep]
|-damage|p2a: Ladon|0 fnt|[from] Sandstorm
|-damage|p1a: Sinistcha|73/100 brn|[from] Sandstorm
|faint|p2a: Ladon
|-damage|p1a: Sinistcha|70/100 brn|[from] brn
|upkeep
|
|t:|1776127124
|switch|p2a: Barca|Great Tusk|62/100
|turn|22
|
|t:|1776127139
|move|p2a: Barca|Knock Off|p1a: Sinistcha
|-supereffective|p1a: Sinistcha
|-damage|p1a: Sinistcha|25/100 brn
|-enditem|p1a: Sinistcha|Heavy-Duty Boots|[from] move: Knock Off|[of] p2a: Barca
|move|p1a: Sinistcha|Matcha Gotcha|p2a: Barca
|-supereffective|p2a: Barca
|-damage|p2a: Barca|0 fnt
|-heal|p1a: Sinistcha|58/100 brn|[from] drain|[of] p2a: Barca
|faint|p2a: Barca
|-end|p2a: Barca|Protosynthesis|[silent]
|
|-weather|Sandstorm|[upkeep]
|-damage|p1a: Sinistcha|52/100 brn|[from] Sandstorm
|-damage|p1a: Sinistcha|49/100 brn|[from] brn
|upkeep
|inactive|magistermilitum420 has 30 seconds left.
|
|t:|1776127153
|switch|p2a: Vulcanus|Heatran, M, shiny, tera:Grass|85/100
|-damage|p2a: Vulcanus|72/100|[from] Stealth Rock
|turn|23
|inactive|magistermilitum420 has 30 seconds left.
|inactive|magistermilitum420 has 20 seconds left.
|
|t:|1776127177
|move|p2a: Vulcanus|Overheat|p1a: Sinistcha
|-supereffective|p1a: Sinistcha
|-damage|p1a: Sinistcha|0 fnt
|-unboost|p2a: Vulcanus|spa|2
|faint|p1a: Sinistcha
|
|-weather|Sandstorm|[upkeep]
|-damage|p2a: Vulcanus|66/100|[from] Sandstorm
|upkeep
|
|t:|1776127184
|switch|p1a: Tornadus|Tornadus-Therian, M|89/100
|turn|24
|inactive|magistermilitum420 has 30 seconds left.
|
|t:|1776127189
|switch|p2a: Mithridates|Slowking-Galar, M|57/100
|-damage|p2a: Mithridates|45/100|[from] Stealth Rock
|move|p1a: Tornadus|U-turn|p2a: Mithridates
|-damage|p2a: Mithridates|30/100
|
|t:|1776127193
|switch|p1a: Tyranitar|Tyranitar, F|47/100|[from] U-turn
|
|-weather|Sandstorm|[upkeep]
|-damage|p2a: Mithridates|24/100|[from] Sandstorm
|upkeep
|turn|25
|
|t:|1776127201
|move|p1a: Tyranitar|Knock Off|p2a: Mithridates
|-supereffective|p2a: Mithridates
|-damage|p2a: Mithridates|0 fnt
|faint|p2a: Mithridates
|
|-weather|none
|upkeep
|
|t:|1776127206
|switch|p2a: Vulcanus|Heatran, M, shiny, tera:Grass|66/100
|-damage|p2a: Vulcanus|54/100|[from] Stealth Rock
|turn|26
|inactive|magistermilitum420 has 30 seconds left.
|inactive|magistermilitum420 has 20 seconds left.
|
|t:|1776127239
|move|p2a: Vulcanus|Flash Cannon|p1a: Tyranitar
|-supereffective|p1a: Tyranitar
|-damage|p1a: Tyranitar|0 fnt
|faint|p1a: Tyranitar
|
|upkeep
|
|t:|1776127260
|switch|p1a: Tornadus|Tornadus-Therian, M|100/100
|turn|27
|
|t:|1776127264
|move|p1a: Tornadus|Bleakwind Storm|p2a: Vulcanus|[miss]
|-miss|p1a: Tornadus|p2a: Vulcanus
|move|p2a: Vulcanus|Flash Cannon|p1a: Tornadus
|-damage|p1a: Tornadus|33/100
|
|upkeep
|turn|28
|
|t:|1776127272
|move|p1a: Tornadus|Bleakwind Storm|p2a: Vulcanus
|-supereffective|p2a: Vulcanus
|-damage|p2a: Vulcanus|0 fnt
|faint|p2a: Vulcanus
|
|upkeep
|
|t:|1776127276
|switch|p2a: Mahad|Meowscarada, M, shiny|46/100
|-damage|p2a: Mahad|34/100|[from] Stealth Rock
|turn|29
|inactive|magistermilitum420 has 30 seconds left.
|
|t:|1776127302
|-terastallize|p1a: Tornadus|Steel
|move|p2a: Mahad|Knock Off|p1a: Tornadus
|-start|p2a: Mahad|typechange|Dark|[from] ability: Protean
|-crit|p1a: Tornadus
|-damage|p1a: Tornadus|0 fnt
|-enditem|p1a: Tornadus|Heavy-Duty Boots|[from] move: Knock Off|[of] p2a: Mahad
|faint|p1a: Tornadus
|
|win|magistermilitum420
|raw|ledealerderamoloss's rating: 1298 &rarr; <strong>1271</strong><br />(-27 for losing)
|raw|magistermilitum420's rating: 1266 &rarr; <strong>1293</strong><br />(+27 for winning)
|l| ohko_smeargle
