|html|<div class="broadcast-blue"><strong>[Gen 9] OU is currently suspecting Tera Blast! For information on how to participate check out the <a href="https://www.smogon.com/tools/suspects/view/200">suspect thread</a>.</strong></div>
|j|☆bluesniperforever
|j|☆lebronismygoatzs
|t:|1776351291
|gametype|singles
|player|p1|bluesniperforever|acetrainercouple|
|player|p2|lebronismygoatzs|crasherwake|
|gen|9
|tier|[Gen 9] OU
|rule|HP Percentage Mod: HP is shown in percentages
|rule|Endless Battle Clause: Forcing endless battles is banned
|rule|Species Clause: Limit one of each Pokémon
|rule|OHKO Clause: OHKO moves are banned
|rule|Evasion Items Clause: Evasion items are banned
|rule|Evasion Moves Clause: Evasion moves are banned
|rule|Evasion Abilities Clause: Evasion abilities are banned
|rule|Sleep Moves Clause: Sleep-inducing moves are banned
|clearpoke
|poke|p1|Kingambit, M|
|poke|p1|Deoxys-Speed|
|poke|p1|Great Tusk|
|poke|p1|Dragonite, F|
|poke|p1|Iron Moth|
|poke|p1|Ceruledge, F|
|poke|p2|Ogerpon-Wellspring, F|
|poke|p2|Samurott-Hisui, M|
|poke|p2|Clefable, M|
|poke|p2|Gliscor, F|
|poke|p2|Gholdengo|
|poke|p2|Zamazenta-*|
|teampreview
|inactive|Battle timer is ON: inactive players will automatically lose when time's up. (requested by bluesniperforever)
|inactive|lebronismygoatzs also wants the timer to be on.
|
|t:|1776351300
|teamsize|p1|6
|teamsize|p2|6
|start
|switch|p1a: Iron Volcarona|Iron Moth|100/100
|switch|p2a: Clefable|Clefable, M|100/100
|-enditem|p1a: Iron Volcarona|Booster Energy
|-activate|p1a: Iron Volcarona|ability: Quark Drive|[fromitem]
|-start|p1a: Iron Volcarona|quarkdrivespe
|turn|1
|inactive|bluesniperforever has 270 seconds left.
|inactive|lebronismygoatzs has 270 seconds left.
|
|t:|1776351358
|switch|p2a: Gliscor|Gliscor, F|100/100
|move|p1a: Iron Volcarona|Fiery Dance|p2a: Gliscor
|-damage|p2a: Gliscor|58/100
|
|-status|p2a: Gliscor|tox|[from] item: Toxic Orb
|upkeep
|turn|2
|inactive|bluesniperforever has 240 seconds left.
|
|t:|1776351375
|-end|p1a: Iron Volcarona|Quark Drive|[silent]
|switch|p1a: Yoshi|Dragonite, F, shiny|100/100
|move|p2a: Gliscor|Earthquake|p1a: Yoshi
|-immune|p1a: Yoshi
|
|-heal|p2a: Gliscor|71/100 tox|[from] ability: Poison Heal
|upkeep
|turn|3
|inactive|bluesniperforever has 240 seconds left.
|
|t:|1776351388
|move|p2a: Gliscor|Protect|p2a: Gliscor
|-singleturn|p2a: Gliscor|Protect
|move|p1a: Yoshi|Ice Spinner|p2a: Gliscor
|-activate|p2a: Gliscor|move: Protect
|
|-heal|p2a: Gliscor|83/100 tox|[from] ability: Poison Heal
|upkeep
|turn|4
|inactive|bluesniperforever has 240 seconds left.
|inactive|lebronismygoatzs has 240 seconds left.
|
|t:|1776351419
|switch|p2a: Clefable|Clefable, M|100/100
|switch|p1a: Iron Volcarona|Iron Moth|100/100
|
|upkeep
|turn|5
|inactive|lebronismygoatzs has 240 seconds left.
|
|t:|1776351426
|switch|p2a: Gliscor|Gliscor, F|83/100 tox
|move|p1a: Iron Volcarona|Fiery Dance|p2a: Gliscor
|-damage|p2a: Gliscor|45/100 tox
|
|-heal|p2a: Gliscor|57/100 tox|[from] ability: Poison Heal
|upkeep
|turn|6
|
|t:|1776351434
|-end|p1a: Iron Volcarona|Quark Drive|[silent]
|switch|p1a: Yoshi|Dragonite, F, shiny|100/100
|move|p2a: Gliscor|Earthquake|p1a: Yoshi
|-immune|p1a: Yoshi
|
|-heal|p2a: Gliscor|70/100 tox|[from] ability: Poison Heal
|upkeep
|turn|7
|
|t:|1776351438
|move|p2a: Gliscor|Protect|p2a: Gliscor
|-singleturn|p2a: Gliscor|Protect
|move|p1a: Yoshi|Ice Spinner|p2a: Gliscor
|-activate|p2a: Gliscor|move: Protect
|
|-heal|p2a: Gliscor|82/100 tox|[from] ability: Poison Heal
|upkeep
|turn|8
|
|t:|1776351445
|switch|p2a: Clefable|Clefable, M|100/100
|switch|p1a: Iron Volcarona|Iron Moth|100/100
|
|upkeep
|turn|9
|inactive|lebronismygoatzs has 270 seconds left.
|
|t:|1776351456
|switch|p2a: Gliscor|Gliscor, F|82/100 tox
|move|p1a: Iron Volcarona|Toxic Spikes|p2a: Gliscor
|-sidestart|p2: lebronismygoatzs|move: Toxic Spikes
|
|-heal|p2a: Gliscor|95/100 tox|[from] ability: Poison Heal
|upkeep
|turn|10
|
|t:|1776351463
|-end|p1a: Iron Volcarona|Quark Drive|[silent]
|switch|p1a: Yoshi|Dragonite, F, shiny|100/100
|move|p2a: Gliscor|Swords Dance|p2a: Gliscor
|-boost|p2a: Gliscor|atk|2
|
|-heal|p2a: Gliscor|100/100 tox|[from] ability: Poison Heal
|upkeep
|turn|11
|inactive|lebronismygoatzs has 270 seconds left.
|
|t:|1776351486
|-terastallize|p2a: Gliscor|Normal
|move|p2a: Gliscor|Facade|p1a: Yoshi
|-damage|p1a: Yoshi|50/100
|move|p1a: Yoshi|Outrage|p2a: Gliscor
|-damage|p2a: Gliscor|20/100 tox
|
|-heal|p2a: Gliscor|32/100 tox|[from] ability: Poison Heal
|upkeep
|turn|12
|
|t:|1776351495
|move|p2a: Gliscor|Protect|p2a: Gliscor
|-singleturn|p2a: Gliscor|Protect
|move|p1a: Yoshi|Outrage|p2a: Gliscor|[from] lockedmove
|-activate|p2a: Gliscor|move: Protect
|-start|p1a: Yoshi|confusion|[fatigue]
|
|-heal|p2a: Gliscor|45/100 tox|[from] ability: Poison Heal
|upkeep
|turn|13
|
|t:|1776351507
|move|p2a: Gliscor|Earthquake|p1a: Yoshi
|-immune|p1a: Yoshi
|-activate|p1a: Yoshi|confusion
|-damage|p1a: Yoshi|32/100|[from] confusion
|
|-heal|p2a: Gliscor|57/100 tox|[from] ability: Poison Heal
|upkeep
|turn|14
|
|t:|1776351515
|move|p2a: Gliscor|Protect|p2a: Gliscor
|-singleturn|p2a: Gliscor|Protect
|-activate|p1a: Yoshi|confusion
|move|p1a: Yoshi|Outrage|p2a: Gliscor
|-activate|p2a: Gliscor|move: Protect
|
|-heal|p2a: Gliscor|70/100 tox|[from] ability: Poison Heal
|upkeep
|turn|15
|
|t:|1776351521
|switch|p1a: Zelda|Ceruledge, F|100/100
|move|p2a: Gliscor|Facade|p1a: Zelda
|-immune|p1a: Zelda
|
|-heal|p2a: Gliscor|82/100 tox|[from] ability: Poison Heal
|upkeep
|turn|16
|
|t:|1776351528
|move|p1a: Zelda|Swords Dance|p1a: Zelda
|-boost|p1a: Zelda|atk|2
|move|p2a: Gliscor|Earthquake|p1a: Zelda
|-supereffective|p1a: Zelda
|-enditem|p1a: Zelda|Focus Sash
|-damage|p1a: Zelda|1/100
|-ability|p1a: Zelda|Weak Armor|boost
|-unboost|p1a: Zelda|def|1
|-boost|p1a: Zelda|spe|2
|
|-heal|p2a: Gliscor|95/100 tox|[from] ability: Poison Heal
|upkeep
|turn|17
|
|t:|1776351537
|move|p1a: Zelda|Close Combat|p2a: Gliscor
|-supereffective|p2a: Gliscor
|-damage|p2a: Gliscor|0 fnt
|-unboost|p1a: Zelda|def|1
|-unboost|p1a: Zelda|spd|1
|faint|p2a: Gliscor
|
|upkeep
|
|t:|1776351541
|switch|p2a: Samurott|Samurott-Hisui, M|100/100
|-status|p2a: Samurott|psn
|turn|18
|
|t:|1776351549
|move|p2a: Samurott|Sucker Punch||[still]
|-fail|p2a: Samurott
|move|p1a: Zelda|Swords Dance|p1a: Zelda
|-boost|p1a: Zelda|atk|2
|
|-damage|p2a: Samurott|88/100 psn|[from] psn
|upkeep
|turn|19
|
|t:|1776351554
|move|p2a: Samurott|Sucker Punch||[still]
|-fail|p2a: Samurott
|move|p1a: Zelda|Swords Dance|p1a: Zelda
|-boost|p1a: Zelda|atk|2
|
|-damage|p2a: Samurott|76/100 psn|[from] psn
|upkeep
|turn|20
|
|t:|1776351559
|move|p2a: Samurott|Sucker Punch||[still]
|-fail|p2a: Samurott
|move|p1a: Zelda|Swords Dance|p1a: Zelda
|-boost|p1a: Zelda|atk|0
|
|-damage|p2a: Samurott|63/100 psn|[from] psn
|upkeep
|turn|21
|
|t:|1776351564
|move|p1a: Zelda|Bitter Blade|p2a: Samurott
|-resisted|p2a: Samurott
|-damage|p2a: Samurott|0 fnt
|-heal|p1a: Zelda|36/100|[from] drain|[of] p2a: Samurott
|faint|p2a: Samurott
|
|upkeep
|
|t:|1776351576
|switch|p2a: Zamazenta|Zamazenta|100/100
|-status|p2a: Zamazenta|psn
|-ability|p2a: Zamazenta|Dauntless Shield|boost
|-boost|p2a: Zamazenta|def|1
|turn|22
|
|t:|1776351584
|move|p1a: Zelda|Poltergeist|p2a: Zamazenta
|-activate|p2a: Zamazenta|move: Poltergeist|Leftovers
|-damage|p2a: Zamazenta|0 fnt
|faint|p2a: Zamazenta
|
|upkeep
|
|t:|1776351592
|switch|p2a: Clefable|Clefable, M|100/100
|-status|p2a: Clefable|psn
|turn|23
|c|☆lebronismygoatzs|bruh
|
|t:|1776351598
|move|p1a: Zelda|Bitter Blade|p2a: Clefable
|-crit|p2a: Clefable
|-damage|p2a: Clefable|0 fnt
|-heal|p1a: Zelda|100/100|[from] drain|[of] p2a: Clefable
|-damage|p1a: Zelda|84/100|[from] item: Rocky Helmet|[of] p2a: Clefable
|faint|p2a: Clefable
|
|upkeep
|
|t:|1776351602
|switch|p2a: Gholdengo|Gholdengo|100/100
|-item|p2a: Gholdengo|Air Balloon
|turn|24
|
|t:|1776351607
|move|p1a: Zelda|Bitter Blade|p2a: Gholdengo
|-supereffective|p2a: Gholdengo
|-damage|p2a: Gholdengo|0 fnt
|-heal|p1a: Zelda|100/100|[from] drain|[of] p2a: Gholdengo
|-enditem|p2a: Gholdengo|Air Balloon
|faint|p2a: Gholdengo
|
|upkeep
|
|t:|1776351609
|switch|p2a: Ogerpon|Ogerpon-Wellspring, F|100/100
|-status|p2a: Ogerpon|psn
|turn|25
|
|t:|1776351613
|move|p1a: Zelda|Bitter Blade|p2a: Ogerpon
|-crit|p2a: Ogerpon
|-damage|p2a: Ogerpon|0 fnt
|faint|p2a: Ogerpon
|
|win|bluesniperforever
