|html|<div class="broadcast-blue"><strong>[Gen 9] OU is currently suspecting Tera Blast! For information on how to participate check out the <a href="https://www.smogon.com/tools/suspects/view/200">suspect thread</a>.</strong></div>
|j|☆juli<33
|j|☆newbytho
|t:|1776268561
|gametype|singles
|player|p1|juli<33|miku-ghost|1495
|player|p2|newbytho|265|1499
|gen|9
|tier|[Gen 9] OU
|rated|
|rule|HP Percentage Mod: HP is shown in percentages
|rule|Endless Battle Clause: Forcing endless battles is banned
|rule|Species Clause: Limit one of each Pokémon
|rule|OHKO Clause: OHKO moves are banned
|rule|Evasion Items Clause: Evasion items are banned
|rule|Evasion Moves Clause: Evasion moves are banned
|rule|Evasion Abilities Clause: Evasion abilities are banned
|rule|Sleep Moves Clause: Sleep-inducing moves are banned
|clearpoke
|poke|p1|Tinkaton, F|
|poke|p1|Ogerpon, F|
|poke|p1|Great Tusk|
|poke|p1|Pecharunt|
|poke|p1|Alomomola, M|
|poke|p1|Hydreigon, M|
|poke|p2|Pecharunt|
|poke|p2|Zapdos|
|poke|p2|Ting-Lu|
|poke|p2|Great Tusk|
|poke|p2|Slowking-Galar, M|
|poke|p2|Kingambit, M|
|teampreview
|inactive|Battle timer is ON: inactive players will automatically lose when time's up. (requested by juli<33)
|
|t:|1776268586
|teamsize|p1|6
|teamsize|p2|6
|start
|switch|p1a: Anonymous|Ogerpon, F|100/100
|switch|p2a: Ting-Lu|Ting-Lu|100/100
|-ability|p2a: Ting-Lu|Vessel of Ruin
|turn|1
|
|t:|1776268591
|switch|p2a: Zapdos|Zapdos|100/100
|move|p1a: Anonymous|Ivy Cudgel|p2a: Zapdos
|-resisted|p2a: Zapdos
|-damage|p2a: Zapdos|76/100
|
|upkeep
|turn|2
|
|t:|1776268597
|switch|p1a: Pisces|Alomomola, M, shiny|100/100
|move|p2a: Zapdos|Volt Switch|p1a: Pisces
|-supereffective|p1a: Pisces
|-damage|p1a: Pisces|73/100
|
|t:|1776268601
|switch|p2a: Ting-Lu|Ting-Lu|100/100|[from] Volt Switch
|-ability|p2a: Ting-Lu|Vessel of Ruin
|
|upkeep
|turn|3
|
|t:|1776268604
|move|p2a: Ting-Lu|Stealth Rock|p1a: Pisces
|-sidestart|p1: juli<33|move: Stealth Rock
|move|p1a: Pisces|Flip Turn|p2a: Ting-Lu
|-supereffective|p2a: Ting-Lu
|-damage|p2a: Ting-Lu|83/100
|
|t:|1776268606
|switch|p1a: Behemoth|Great Tusk, shiny|100/100|[from] Flip Turn
|
|-heal|p2a: Ting-Lu|89/100|[from] item: Leftovers
|upkeep
|turn|4
|
|t:|1776268612
|move|p1a: Behemoth|Close Combat|p2a: Ting-Lu
|-supereffective|p2a: Ting-Lu
|-damage|p2a: Ting-Lu|25/100
|-unboost|p1a: Behemoth|def|1
|-unboost|p1a: Behemoth|spd|1
|move|p2a: Ting-Lu|Ruination|p1a: Behemoth
|-damage|p1a: Behemoth|51/100
|
|-heal|p2a: Ting-Lu|31/100|[from] item: Leftovers
|upkeep
|turn|5
|
|t:|1776268630
|switch|p2a: Pecharunt|Pecharunt|100/100
|move|p1a: Behemoth|Headlong Rush|p2a: Pecharunt
|-supereffective|p2a: Pecharunt
|-damage|p2a: Pecharunt|40/100
|-unboost|p1a: Behemoth|def|1
|-unboost|p1a: Behemoth|spd|1
|
|upkeep
|turn|6
|
|t:|1776268635
|-terastallize|p2a: Pecharunt|Ghost
|move|p1a: Behemoth|Headlong Rush|p2a: Pecharunt
|-damage|p2a: Pecharunt|8/100
|-unboost|p1a: Behemoth|def|1
|-unboost|p1a: Behemoth|spd|1
|move|p2a: Pecharunt|Recover|p2a: Pecharunt
|-heal|p2a: Pecharunt|59/100
|
|upkeep
|turn|7
|
|t:|1776268642
|-end|p1a: Behemoth|Protosynthesis|[silent]
|switch|p1a: Hybrid|Hydreigon, M, shiny|100/100
|-damage|p1a: Hybrid|88/100|[from] Stealth Rock
|move|p2a: Pecharunt|Recover|p2a: Pecharunt
|-heal|p2a: Pecharunt|100/100
|
|upkeep
|turn|8
|
|t:|1776268647
|switch|p2a: Slowking|Slowking-Galar, M|100/100
|move|p1a: Hybrid|Draco Meteor|p2a: Slowking
|-damage|p2a: Slowking|51/100
|-unboost|p1a: Hybrid|spa|2
|
|upkeep
|turn|9
|
|t:|1776268657
|switch|p1a: Smile.exe|Tinkaton, F, shiny|100/100
|-damage|p1a: Smile.exe|94/100|[from] Stealth Rock
|-item|p1a: Smile.exe|Air Balloon
|move|p2a: Slowking|Flamethrower|p1a: Smile.exe
|-supereffective|p1a: Smile.exe
|-damage|p1a: Smile.exe|37/100
|-enditem|p1a: Smile.exe|Air Balloon
|
|upkeep
|turn|10
|
|t:|1776268668
|switch|p2a: Ting-Lu|Ting-Lu|31/100
|-ability|p2a: Ting-Lu|Vessel of Ruin
|move|p1a: Smile.exe|Gigaton Hammer|p2a: Ting-Lu
|-damage|p2a: Ting-Lu|0 fnt
|faint|p2a: Ting-Lu
|
|upkeep
|
|t:|1776268678
|switch|p2a: Great Tusk|Great Tusk|100/100
|turn|11
|
|t:|1776268690
|switch|p1a: Overseer|Pecharunt|100/100
|-damage|p1a: Overseer|88/100|[from] Stealth Rock
|move|p2a: Great Tusk|Close Combat|p1a: Overseer
|-immune|p1a: Overseer
|
|upkeep
|turn|12
|inactive|juli<33 has 120 seconds left.
|
|t:|1776268732
|-end|p2a: Great Tusk|Protosynthesis|[silent]
|switch|p2a: Slowking|Slowking-Galar, M|84/100
|-terastallize|p1a: Overseer|Ghost
|move|p1a: Overseer|Parting Shot|p2a: Slowking
|-unboost|p2a: Slowking|atk|1
|-unboost|p2a: Slowking|spa|1
|
|t:|1776268736
|switch|p1a: Behemoth|Great Tusk, shiny|51/100|[from] Parting Shot
|
|upkeep
|turn|13
|
|t:|1776268742
|-end|p1a: Behemoth|Protosynthesis|[silent]
|switch|p1a: Hybrid|Hydreigon, M, shiny|88/100
|-damage|p1a: Hybrid|76/100|[from] Stealth Rock
|switch|p2a: Pecharunt|Pecharunt, tera:Ghost|100/100
|
|upkeep
|turn|14
|
|t:|1776268747
|switch|p2a: Kingambit|Kingambit, M|100/100
|-activate|p2a: Kingambit|ability: Supreme Overlord
|-start|p2a: Kingambit|fallen1|[silent]
|move|p1a: Hybrid|Dark Pulse|p2a: Kingambit
|-resisted|p2a: Kingambit
|-damage|p2a: Kingambit|74/100
|
|-heal|p2a: Kingambit|80/100|[from] item: Leftovers
|upkeep
|turn|15
|
|t:|1776268756
|switch|p1a: Pisces|Alomomola, M, shiny|100/100
|-damage|p1a: Pisces|88/100|[from] Stealth Rock
|move|p2a: Kingambit|Iron Head|p1a: Pisces
|-resisted|p1a: Pisces
|-damage|p1a: Pisces|67/100
|
|-heal|p2a: Kingambit|86/100|[from] item: Leftovers
|upkeep
|turn|16
|
|t:|1776268770
|move|p2a: Kingambit|Kowtow Cleave|p1a: Pisces
|-damage|p1a: Pisces|26/100
|move|p1a: Pisces|Flip Turn|p2a: Kingambit
|-damage|p2a: Kingambit|75/100
|
|t:|1776268774
|switch|p1a: Behemoth|Great Tusk, shiny|51/100|[from] Flip Turn
|
|-heal|p2a: Kingambit|81/100|[from] item: Leftovers
|upkeep
|turn|17
|
|t:|1776268783
|-end|p1a: Behemoth|Protosynthesis|[silent]
|switch|p1a: Hybrid|Hydreigon, M, shiny|76/100
|-damage|p1a: Hybrid|64/100|[from] Stealth Rock
|-end|p2a: Kingambit|fallen1|[silent]
|switch|p2a: Pecharunt|Pecharunt, tera:Ghost|100/100
|
|upkeep
|turn|18
|
|t:|1776268787
|switch|p2a: Slowking|Slowking-Galar, M|100/100
|move|p1a: Hybrid|Dark Pulse|p2a: Slowking
|-supereffective|p2a: Slowking
|-crit|p2a: Slowking
|-damage|p2a: Slowking|7/100
|
|upkeep
|turn|19
|
|t:|1776268800
|switch|p1a: Behemoth|Great Tusk, shiny|51/100
|switch|p2a: Kingambit|Kingambit, M|81/100
|-activate|p2a: Kingambit|ability: Supreme Overlord
|-start|p2a: Kingambit|fallen1|[silent]
|
|-heal|p2a: Kingambit|87/100|[from] item: Leftovers
|upkeep
|turn|20
|
|t:|1776268803
|-end|p1a: Behemoth|Protosynthesis|[silent]
|switch|p1a: Hybrid|Hydreigon, M, shiny|64/100
|-damage|p1a: Hybrid|51/100|[from] Stealth Rock
|-end|p2a: Kingambit|fallen1|[silent]
|switch|p2a: Pecharunt|Pecharunt, tera:Ghost|100/100
|
|upkeep
|turn|21
|
|t:|1776268810
|switch|p2a: Kingambit|Kingambit, M|87/100
|-activate|p2a: Kingambit|ability: Supreme Overlord
|-start|p2a: Kingambit|fallen1|[silent]
|move|p1a: Hybrid|Earth Power|p2a: Kingambit
|-supereffective|p2a: Kingambit
|-damage|p2a: Kingambit|0 fnt
|faint|p2a: Kingambit
|-end|p2a: Kingambit|fallen1|[silent]
|
|upkeep
|
|t:|1776268822
|switch|p2a: Zapdos|Zapdos|76/100
|turn|22
|
|t:|1776268833
|switch|p1a: Smile.exe|Tinkaton, F, shiny|37/100
|-damage|p1a: Smile.exe|31/100|[from] Stealth Rock
|move|p2a: Zapdos|Hurricane|p1a: Smile.exe|[miss]
|-miss|p2a: Zapdos|p1a: Smile.exe
|
|upkeep
|turn|23
|
|t:|1776268840
|move|p1a: Smile.exe|Ice Hammer|p2a: Zapdos
|-supereffective|p2a: Zapdos
|-damage|p2a: Zapdos|44/100
|-unboost|p1a: Smile.exe|spe|1
|move|p2a: Zapdos|Heat Wave|p1a: Smile.exe
|-supereffective|p1a: Smile.exe
|-damage|p1a: Smile.exe|0 fnt
|faint|p1a: Smile.exe
|
|upkeep
|
|t:|1776268843
|switch|p1a: Hybrid|Hydreigon, M, shiny|51/100
|-damage|p1a: Hybrid|39/100|[from] Stealth Rock
|turn|24
|
|t:|1776268850
|switch|p2a: Slowking|Slowking-Galar, M|40/100
|move|p1a: Hybrid|Dark Pulse|p2a: Slowking
|-supereffective|p2a: Slowking
|-damage|p2a: Slowking|0 fnt
|faint|p2a: Slowking
|
|upkeep
|
|t:|1776268858
|switch|p2a: Great Tusk|Great Tusk|100/100
|turn|25
|
|t:|1776268864
|switch|p1a: Overseer|Pecharunt, tera:Ghost|88/100
|-damage|p1a: Overseer|76/100|[from] Stealth Rock
|move|p2a: Great Tusk|Knock Off|p1a: Overseer
|-supereffective|p1a: Overseer
|-damage|p1a: Overseer|50/100
|-damage|p2a: Great Tusk|84/100|[from] item: Rocky Helmet|[of] p1a: Overseer
|-enditem|p1a: Overseer|Rocky Helmet|[from] move: Knock Off|[of] p2a: Great Tusk
|
|-heal|p2a: Great Tusk|90/100|[from] item: Leftovers
|upkeep
|turn|26
|
|t:|1776268876
|-end|p2a: Great Tusk|Protosynthesis|[silent]
|switch|p2a: Pecharunt|Pecharunt, tera:Ghost|100/100
|move|p1a: Overseer|Recover|p1a: Overseer
|-heal|p1a: Overseer|100/100
|
|upkeep
|turn|27
|
|t:|1776268879
|switch|p1a: Pisces|Alomomola, M, shiny|59/100
|-damage|p1a: Pisces|47/100|[from] Stealth Rock
|move|p2a: Pecharunt|Malignant Chain|p1a: Pisces
|-damage|p1a: Pisces|32/100
|
|upkeep
|turn|28
|
|t:|1776268887
|move|p2a: Pecharunt|Malignant Chain|p1a: Pisces
|-damage|p1a: Pisces|17/100
|-status|p1a: Pisces|tox
|-start|p1a: Pisces|confusion|[from] ability: Poison Puppeteer|[of] p2a: Pecharunt
|-activate|p1a: Pisces|confusion
|-damage|p1a: Pisces|11/100 tox|[from] confusion
|
|-damage|p1a: Pisces|5/100 tox|[from] psn
|upkeep
|turn|29
|
|t:|1776268902
|move|p2a: Pecharunt|Malignant Chain|p1a: Pisces
|-damage|p1a: Pisces|0 fnt
|faint|p1a: Pisces
|
|upkeep
|
|t:|1776268904
|switch|p1a: Hybrid|Hydreigon, M, shiny|39/100
|-damage|p1a: Hybrid|27/100|[from] Stealth Rock
|turn|30
|
|t:|1776268915
|switch|p2a: Zapdos|Zapdos|44/100
|move|p1a: Hybrid|Dark Pulse|p2a: Zapdos
|-damage|p2a: Zapdos|0 fnt
|faint|p2a: Zapdos
|
|upkeep
|
|t:|1776268917
|switch|p2a: Great Tusk|Great Tusk|90/100
|turn|31
|
|t:|1776268921
|switch|p1a: Overseer|Pecharunt, tera:Ghost|100/100
|-damage|p1a: Overseer|88/100|[from] Stealth Rock
|-end|p2a: Great Tusk|Protosynthesis|[silent]
|switch|p2a: Pecharunt|Pecharunt, tera:Ghost|100/100
|
|upkeep
|turn|32
|
|t:|1776268932
|switch|p1a: Behemoth|Great Tusk, shiny|51/100
|move|p2a: Pecharunt|Malignant Chain|p1a: Behemoth
|-resisted|p1a: Behemoth
|-damage|p1a: Behemoth|27/100
|-status|p1a: Behemoth|tox
|-start|p1a: Behemoth|confusion|[from] ability: Poison Puppeteer|[of] p2a: Pecharunt
|
|-damage|p1a: Behemoth|21/100 tox|[from] psn
|upkeep
|turn|33
|
|t:|1776268947
|switch|p2a: Great Tusk|Great Tusk|90/100
|-activate|p1a: Behemoth|confusion
|move|p1a: Behemoth|Ice Spinner|p2a: Great Tusk
|-supereffective|p2a: Great Tusk
|-damage|p2a: Great Tusk|61/100
|
|-heal|p2a: Great Tusk|67/100|[from] item: Leftovers
|-damage|p1a: Behemoth|9/100 tox|[from] psn
|upkeep
|turn|34
|
|t:|1776268951
|-end|p1a: Behemoth|Protosynthesis|[silent]
|switch|p1a: Overseer|Pecharunt, tera:Ghost|88/100
|-damage|p1a: Overseer|76/100|[from] Stealth Rock
|move|p2a: Great Tusk|Rapid Spin|p1a: Overseer
|-immune|p1a: Overseer
|
|-heal|p2a: Great Tusk|73/100|[from] item: Leftovers
|upkeep
|turn|35
|
|t:|1776268956
|move|p2a: Great Tusk|Earthquake|p1a: Overseer
|-damage|p1a: Overseer|54/100
|move|p1a: Overseer|Parting Shot|p2a: Great Tusk
|-unboost|p2a: Great Tusk|atk|1
|-unboost|p2a: Great Tusk|spa|1
|
|t:|1776268960
|switch|p1a: Anonymous|Ogerpon, F|100/100|[from] Parting Shot
|-damage|p1a: Anonymous|88/100|[from] Stealth Rock
|
|-heal|p2a: Great Tusk|79/100|[from] item: Leftovers
|upkeep
|turn|36
|
|t:|1776268964
|-end|p2a: Great Tusk|Protosynthesis|[silent]
|switch|p2a: Pecharunt|Pecharunt, tera:Ghost|100/100
|move|p1a: Anonymous|U-turn|p2a: Pecharunt
|-resisted|p2a: Pecharunt
|-damage|p2a: Pecharunt|92/100
|
|t:|1776268967
|switch|p1a: Hybrid|Hydreigon, M, shiny|27/100|[from] U-turn
|-damage|p1a: Hybrid|14/100|[from] Stealth Rock
|
|upkeep
|turn|37
|
|t:|1776268979
|move|p1a: Hybrid|Dark Pulse|p2a: Pecharunt
|-supereffective|p2a: Pecharunt
|-damage|p2a: Pecharunt|0 fnt
|faint|p2a: Pecharunt
|
|upkeep
|
|t:|1776268982
|switch|p2a: Great Tusk|Great Tusk|79/100
|turn|38
|
|t:|1776268989
|move|p1a: Hybrid|Dark Pulse|p2a: Great Tusk
|-resisted|p2a: Great Tusk
|-damage|p2a: Great Tusk|41/100
|move|p2a: Great Tusk|Knock Off|p1a: Hybrid
|-resisted|p1a: Hybrid
|-damage|p1a: Hybrid|0 fnt
|-enditem|p1a: Hybrid|Choice Specs|[from] move: Knock Off|[of] p2a: Great Tusk
|faint|p1a: Hybrid
|
|-heal|p2a: Great Tusk|48/100|[from] item: Leftovers
|upkeep
|
|t:|1776268994
|switch|p1a: Anonymous|Ogerpon, F|88/100
|-damage|p1a: Anonymous|76/100|[from] Stealth Rock
|turn|39
|
|t:|1776268997
|move|p1a: Anonymous|Ivy Cudgel|p2a: Great Tusk
|-supereffective|p2a: Great Tusk
|-damage|p2a: Great Tusk|0 fnt
|faint|p2a: Great Tusk
|-end|p2a: Great Tusk|Protosynthesis|[silent]
|
|win|juli<33
|raw|juli&lt;33's rating: 1495 &rarr; <strong>1515</strong><br />(+20 for winning)
|raw|newbytho's rating: 1499 &rarr; <strong>1479</strong><br />(-20 for losing)
|l|☆newbytho
|player|p2|
|l|☆juli<33
|player|p1|
|j|☆juli<33
|player|p1|juli<33|miku-ghost|
