|html|<div class="broadcast-blue"><strong>[Gen 9] OU is currently suspecting Tera Blast! For information on how to participate check out the <a href="https://www.smogon.com/tools/suspects/view/200">suspect thread</a>.</strong></div>
|j|☆tea stain
|j|☆vzn.exe
|t:|1776093145
|gametype|singles
|player|p1|tea stain|oak-gen1rb|1507
|player|p2|vzn.exe|lusamine-nihilego|1489
|gen|9
|tier|[Gen 9] OU
|rated|
|rule|HP Percentage Mod: HP is shown in percentages
|rule|Endless Battle Clause: Forcing endless battles is banned
|rule|Species Clause: Limit one of each Pokémon
|rule|OHKO Clause: OHKO moves are banned
|rule|Evasion Items Clause: Evasion items are banned
|rule|Evasion Moves Clause: Evasion moves are banned
|rule|Evasion Abilities Clause: Evasion abilities are banned
|rule|Sleep Moves Clause: Sleep-inducing moves are banned
|clearpoke
|poke|p1|Samurott-Hisui, F|
|poke|p1|Zapdos|
|poke|p1|Iron Treads|
|poke|p1|Ceruledge, M|
|poke|p1|Gholdengo|
|poke|p1|Kingambit, M|
|poke|p2|Garganacl, M|
|poke|p2|Darkrai|
|poke|p2|Great Tusk|
|poke|p2|Hatterene, F|
|poke|p2|Tornadus-Therian, M|
|poke|p2|Dragonite, M|
|teampreview
|
|t:|1776093164
|teamsize|p1|6
|teamsize|p2|6
|start
|switch|p1a: Ochuwatttt|Samurott-Hisui, F, shiny|100/100
|switch|p2a: Darkrai|Darkrai|100/100
|turn|1
|inactive|Battle timer is ON: inactive players will automatically lose when time's up. (requested by vzn.exe)
|
|t:|1776093180
|move|p2a: Darkrai|Focus Blast|p1a: Ochuwatttt
|-supereffective|p1a: Ochuwatttt
|-damage|p1a: Ochuwatttt|12/100
|move|p1a: Ochuwatttt|Razor Shell|p2a: Darkrai
|-damage|p2a: Darkrai|34/100
|-unboost|p2a: Darkrai|def|1
|
|upkeep
|turn|2
|inactive|tea stain has 120 seconds left.
|
|t:|1776093216
|move|p1a: Ochuwatttt|Sucker Punch|p2a: Darkrai
|-resisted|p2a: Darkrai
|-damage|p2a: Darkrai|2/100
|move|p2a: Darkrai|Focus Blast|p1a: Ochuwatttt
|-supereffective|p1a: Ochuwatttt
|-damage|p1a: Ochuwatttt|0 fnt
|faint|p1a: Ochuwatttt
|
|upkeep
|inactive|tea stain has 120 seconds left.
|
|t:|1776093222
|switch|p1a: wolfgng|Ceruledge, M, shiny|100/100
|turn|3
|
|t:|1776093239
|switch|p2a: Garganacl|Garganacl, M|100/100
|switch|p1a: why|Kingambit, M, shiny|100/100
|-activate|p1a: why|ability: Supreme Overlord
|-start|p1a: why|fallen1|[silent]
|
|upkeep
|turn|4
|
|t:|1776093256
|switch|p2a: Great Tusk|Great Tusk|100/100
|-enditem|p2a: Great Tusk|Booster Energy
|-activate|p2a: Great Tusk|ability: Protosynthesis|[fromitem]
|-start|p2a: Great Tusk|protosynthesisatk
|move|p1a: why|Iron Head|p2a: Great Tusk
|-damage|p2a: Great Tusk|64/100
|
|upkeep
|turn|5
|
|t:|1776093274
|-end|p1a: why|fallen1|[silent]
|switch|p1a: Donald|Zapdos|100/100
|move|p2a: Great Tusk|Ice Spinner|p1a: Donald
|-supereffective|p1a: Donald
|-damage|p1a: Donald|44/100
|
|upkeep
|turn|6
|inactive|vzn.exe has 120 seconds left.
|
|t:|1776093293
|move|p2a: Great Tusk|Ice Spinner|p1a: Donald
|-supereffective|p1a: Donald
|-damage|p1a: Donald|0 fnt
|-status|p2a: Great Tusk|par|[from] ability: Static|[of] p1a: Donald
|faint|p1a: Donald
|
|upkeep
|
|t:|1776093304
|switch|p1a: hello|Gholdengo|100/100
|-item|p1a: hello|Air Balloon
|turn|7
|inactive|vzn.exe has 120 seconds left.
|
|t:|1776093321
|-end|p2a: Great Tusk|Protosynthesis|[silent]
|switch|p2a: Tornadus|Tornadus-Therian, M, shiny|100/100
|move|p1a: hello|Hex|p2a: Tornadus
|-damage|p2a: Tornadus|82/100
|
|upkeep
|turn|8
|inactive|vzn.exe has 120 seconds left.
|
|t:|1776093345
|move|p2a: Tornadus|U-turn|p1a: hello
|-resisted|p1a: hello
|-damage|p1a: hello|98/100
|-enditem|p1a: hello|Air Balloon
|
|t:|1776093362
|switch|p2a: Garganacl|Garganacl, M|100/100|[from] U-turn
|move|p1a: hello|Thunder Wave|p2a: Garganacl
|-immune|p2a: Garganacl|[from] ability: Purifying Salt
|
|upkeep
|turn|9
|
|t:|1776093379
|move|p1a: hello|Focus Blast|p2a: Garganacl|[miss]
|-miss|p1a: hello|p2a: Garganacl
|move|p2a: Garganacl|Salt Cure|p1a: hello
|-resisted|p1a: hello
|-damage|p1a: hello|93/100
|-start|p1a: hello|Salt Cure
|
|-damage|p1a: hello|68/100|[from] Salt Cure
|upkeep
|turn|10
|
|t:|1776093388
|switch|p1a: why|Kingambit, M, shiny|100/100
|-activate|p1a: why|ability: Supreme Overlord
|-start|p1a: why|fallen2|[silent]
|move|p2a: Garganacl|Salt Cure|p1a: why
|-resisted|p1a: why
|-damage|p1a: why|94/100
|-start|p1a: why|Salt Cure
|
|-heal|p1a: why|100/100|[from] item: Leftovers
|-damage|p1a: why|76/100|[from] Salt Cure
|upkeep
|turn|11
|
|t:|1776093406
|switch|p2a: Dragonite|Dragonite, M|100/100
|-terastallize|p1a: why|Fighting
|move|p1a: why|Low Kick|p2a: Dragonite
|-resisted|p2a: Dragonite
|-damage|p2a: Dragonite|82/100
|
|-heal|p1a: why|82/100|[from] item: Leftovers
|-damage|p1a: why|69/100|[from] Salt Cure
|upkeep
|turn|12
|
|t:|1776093424
|move|p2a: Dragonite|Roost|p2a: Dragonite
|-heal|p2a: Dragonite|100/100
|-singleturn|p2a: Dragonite|move: Roost
|move|p1a: why|Iron Head|p2a: Dragonite
|-damage|p2a: Dragonite|74/100
|
|-heal|p1a: why|76/100|[from] item: Leftovers
|-damage|p1a: why|63/100|[from] Salt Cure
|upkeep
|turn|13
|inactive|vzn.exe has 90 seconds left.
|inactive|tea stain has 120 seconds left.
|
|t:|1776093457
|move|p2a: Dragonite|Roost|p2a: Dragonite
|-heal|p2a: Dragonite|100/100
|-singleturn|p2a: Dragonite|move: Roost
|move|p1a: why|Iron Head|p2a: Dragonite
|-damage|p2a: Dragonite|77/100
|
|-heal|p1a: why|69/100|[from] item: Leftovers
|-damage|p1a: why|57/100|[from] Salt Cure
|upkeep
|turn|14
|inactive|vzn.exe has 90 seconds left.
|
|t:|1776093475
|-end|p1a: why|fallen2|[silent]
|switch|p1a: hello|Gholdengo|68/100
|move|p2a: Dragonite|Roost|p2a: Dragonite
|-heal|p2a: Dragonite|100/100
|-singleturn|p2a: Dragonite|move: Roost
|
|upkeep
|turn|15
|inactive|vzn.exe has 90 seconds left.
|
|t:|1776093484
|move|p2a: Dragonite|Earthquake|p1a: hello
|-supereffective|p1a: hello
|-damage|p1a: hello|9/100
|move|p1a: hello|Thunder Wave|p2a: Dragonite
|-status|p2a: Dragonite|par
|
|upkeep
|turn|16
|
|t:|1776093494
|move|p1a: hello|Recover|p1a: hello
|-heal|p1a: hello|59/100
|move|p2a: Dragonite|Earthquake|p1a: hello
|-supereffective|p1a: hello
|-damage|p1a: hello|8/100
|
|upkeep
|turn|17
|
|t:|1776093503
|move|p1a: hello|Hex|p2a: Dragonite
|-damage|p2a: Dragonite|72/100 par
|move|p2a: Dragonite|Earthquake|p1a: hello
|-supereffective|p1a: hello
|-damage|p1a: hello|0 fnt
|faint|p1a: hello
|
|upkeep
|
|t:|1776093508
|switch|p1a: wolfgng|Ceruledge, M, shiny|100/100
|turn|18
|
|t:|1776093524
|move|p1a: wolfgng|Swords Dance|p1a: wolfgng
|-boost|p1a: wolfgng|atk|2
|cant|p2a: Dragonite|par
|
|upkeep
|turn|19
|
|t:|1776093541
|move|p1a: wolfgng|Poltergeist|p2a: Dragonite|[miss]
|-miss|p1a: wolfgng|p2a: Dragonite
|cant|p2a: Dragonite|par
|
|upkeep
|turn|20
|inactive|vzn.exe has 90 seconds left.
|inactive|tea stain has 120 seconds left.
|
|t:|1776093599
|move|p1a: wolfgng|Poltergeist|p2a: Dragonite
|-activate|p2a: Dragonite|move: Poltergeist|Silk Scarf
|-damage|p2a: Dragonite|0 fnt
|faint|p2a: Dragonite
|
|upkeep
|inactive|vzn.exe has 90 seconds left.
|
|t:|1776093616
|switch|p2a: Garganacl|Garganacl, M|100/100
|turn|21
|
|t:|1776093633
|switch|p1a: O'connor|Iron Treads|100/100
|move|p2a: Garganacl|Salt Cure|p1a: O'connor
|-resisted|p1a: O'connor
|-damage|p1a: O'connor|97/100
|-start|p1a: O'connor|Salt Cure
|
|-heal|p1a: O'connor|100/100|[from] item: Leftovers
|-damage|p1a: O'connor|76/100|[from] Salt Cure
|upkeep
|turn|22
|
|t:|1776093651
|move|p1a: O'connor|Stealth Rock|p2a: Garganacl
|-sidestart|p2: vzn.exe|move: Stealth Rock
|move|p2a: Garganacl|Salt Cure|p1a: O'connor
|-resisted|p1a: O'connor
|-damage|p1a: O'connor|72/100
|
|-heal|p1a: O'connor|79/100|[from] item: Leftovers
|-damage|p1a: O'connor|54/100|[from] Salt Cure
|upkeep
|turn|23
|
|t:|1776093668
|move|p1a: O'connor|Earthquake|p2a: Garganacl
|-supereffective|p2a: Garganacl
|-damage|p2a: Garganacl|38/100
|move|p2a: Garganacl|Salt Cure|p1a: O'connor
|-resisted|p1a: O'connor
|-damage|p1a: O'connor|50/100
|
|-heal|p1a: O'connor|57/100|[from] item: Leftovers
|-heal|p2a: Garganacl|44/100|[from] item: Leftovers
|-damage|p1a: O'connor|32/100|[from] Salt Cure
|upkeep
|turn|24
|inactive|tea stain has 120 seconds left.
|inactive|vzn.exe has 60 seconds left.
|
|t:|1776093688
|-end|p1a: O'connor|Quark Drive|[silent]
|switch|p1a: why|Kingambit, M, shiny, tera:Fighting|57/100
|-activate|p1a: why|ability: Supreme Overlord
|-start|p1a: why|fallen3|[silent]
|switch|p2a: Tornadus|Tornadus-Therian, M, shiny|100/100
|-damage|p2a: Tornadus|76/100|[from] Stealth Rock
|
|-heal|p1a: why|63/100|[from] item: Leftovers
|upkeep
|turn|25
|inactive|vzn.exe has 60 seconds left.
|
|t:|1776093704
|-end|p1a: why|fallen3|[silent]
|switch|p1a: O'connor|Iron Treads|32/100
|move|p2a: Tornadus|Bleakwind Storm|p1a: O'connor
|-resisted|p1a: O'connor
|-damage|p1a: O'connor|7/100
|
|-heal|p1a: O'connor|14/100|[from] item: Leftovers
|upkeep
|turn|26
|inactive|tea stain has 120 seconds left.
|inactive|vzn.exe has 60 seconds left.
|
|t:|1776093722
|move|p2a: Tornadus|Knock Off|p1a: O'connor
|-damage|p1a: O'connor|0 fnt
|-enditem|p1a: O'connor|Leftovers|[from] move: Knock Off|[of] p2a: Tornadus
|faint|p1a: O'connor
|-end|p1a: O'connor|Quark Drive|[silent]
|
|upkeep
|
|t:|1776093724
|switch|p1a: wolfgng|Ceruledge, M, shiny|100/100
|turn|27
|inactive|vzn.exe has 60 seconds left.
|
|t:|1776093741
|move|p2a: Tornadus|Bleakwind Storm|p1a: wolfgng
|-damage|p1a: wolfgng|62/100
|move|p1a: wolfgng|Poltergeist|p2a: Tornadus
|-activate|p2a: Tornadus|move: Poltergeist|Assault Vest
|-damage|p2a: Tornadus|10/100
|
|upkeep
|turn|28
|
|t:|1776093760
|move|p2a: Tornadus|U-turn|p1a: wolfgng
|-resisted|p1a: wolfgng
|-damage|p1a: wolfgng|58/100
|-ability|p1a: wolfgng|Weak Armor|boost
|-unboost|p1a: wolfgng|def|1
|-boost|p1a: wolfgng|spe|2
|
|t:|1776093769
|switch|p2a: Garganacl|Garganacl, M|44/100|[from] U-turn
|-damage|p2a: Garganacl|31/100|[from] Stealth Rock
|move|p1a: wolfgng|Swords Dance|p1a: wolfgng
|-boost|p1a: wolfgng|atk|2
|
|-heal|p2a: Garganacl|38/100|[from] item: Leftovers
|upkeep
|turn|29
|
|t:|1776093778
|move|p1a: wolfgng|Poltergeist|p2a: Garganacl
|-activate|p2a: Garganacl|move: Poltergeist|Leftovers
|-damage|p2a: Garganacl|0 fnt
|faint|p2a: Garganacl
|
|upkeep
|
|t:|1776093788
|switch|p2a: Hatterene|Hatterene, F|100/100
|-damage|p2a: Hatterene|88/100|[from] Stealth Rock
|turn|30
|
|t:|1776093798
|switch|p2a: Great Tusk|Great Tusk|64/100 par
|-damage|p2a: Great Tusk|61/100 par|[from] Stealth Rock
|move|p1a: wolfgng|Bitter Blade|p2a: Great Tusk
|-damage|p2a: Great Tusk|0 fnt
|-heal|p1a: wolfgng|90/100|[from] drain|[of] p2a: Great Tusk
|faint|p2a: Great Tusk
|-end|p2a: Great Tusk|Protosynthesis|[silent]
|
|upkeep
|
|t:|1776093807
|switch|p2a: Hatterene|Hatterene, F|88/100
|-damage|p2a: Hatterene|76/100|[from] Stealth Rock
|turn|31
|inactive|vzn.exe has 60 seconds left.
|
|t:|1776093817
|move|p1a: wolfgng|Bitter Blade|p2a: Hatterene
|-damage|p2a: Hatterene|0 fnt
|-heal|p1a: wolfgng|100/100|[from] drain|[of] p2a: Hatterene
|-damage|p1a: wolfgng|84/100|[from] item: Rocky Helmet|[of] p2a: Hatterene
|faint|p2a: Hatterene
|
|upkeep
|inactive|vzn.exe has 60 seconds left.
|
|t:|1776093824
|switch|p2a: Tornadus|Tornadus-Therian, M, shiny|43/100
|-damage|p2a: Tornadus|18/100|[from] Stealth Rock
|turn|32
|c|☆tea stain|gg
|
|t:|1776093830
|switch|p2a: Darkrai|Darkrai|2/100
|-damage|p2a: Darkrai|0 fnt|[from] Stealth Rock
|faint|p2a: Darkrai
|move|p1a: wolfgng|Shadow Sneak|p2: Darkrai|[notarget]
|-fail|p1a: wolfgng
|
|upkeep
|
|t:|1776093834
|switch|p2a: Tornadus|Tornadus-Therian, M, shiny|52/100
|-damage|p2a: Tornadus|27/100|[from] Stealth Rock
|turn|33
|
|t:|1776093837
|move|p1a: wolfgng|Shadow Sneak|p2a: Tornadus
|-damage|p2a: Tornadus|0 fnt
|faint|p2a: Tornadus
|
|win|tea stain
|raw|tea stain's rating: 1507 &rarr; <strong>1526</strong><br />(+19 for winning)
|raw|vzn.exe's rating: 1489 &rarr; <strong>1470</strong><br />(-19 for losing)
