|html|<div class="broadcast-blue"><strong>[Gen 9] OU is currently suspecting Tera Blast! For information on how to participate check out the <a href="https://www.smogon.com/tools/suspects/view/200">suspect thread</a>.</strong></div>
|j|☆Chaincrush
|j|☆JSD10
|t:|1776035755
|gametype|singles
|player|p1|Chaincrush|101|1325
|player|p2|JSD10|265|1389
|gen|9
|tier|[Gen 9] OU
|rated|
|rule|HP Percentage Mod: HP is shown in percentages
|rule|Endless Battle Clause: Forcing endless battles is banned
|rule|Species Clause: Limit one of each Pokémon
|rule|OHKO Clause: OHKO moves are banned
|rule|Evasion Items Clause: Evasion items are banned
|rule|Evasion Moves Clause: Evasion moves are banned
|rule|Evasion Abilities Clause: Evasion abilities are banned
|rule|Sleep Moves Clause: Sleep-inducing moves are banned
|clearpoke
|poke|p1|Rillaboom, M|
|poke|p1|Hawlucha, M|
|poke|p1|Virizion|
|poke|p1|Slowking-Galar, F|
|poke|p1|Kyurem|
|poke|p1|Salamence, M|
|poke|p2|Moltres-Galar|
|poke|p2|Gholdengo|
|poke|p2|Samurott-Hisui, F|
|poke|p2|Smeargle, M|
|poke|p2|Zamazenta-*|
|poke|p2|Deoxys-Speed|
|teampreview
|inactive|Battle timer is ON: inactive players will automatically lose when time's up. (requested by Chaincrush)
|c|☆JSD10|glhf
|
|t:|1776035760
|teamsize|p1|6
|teamsize|p2|6
|start
|switch|p1a: Rillaboom|Rillaboom, M|100/100
|switch|p2a: Samurott|Samurott-Hisui, F, shiny|100/100
|-fieldstart|move: Grassy Terrain|[from] ability: Grassy Surge|[of] p1a: Rillaboom
|turn|1
|
|t:|1776035770
|move|p2a: Samurott|Ceaseless Edge|p1a: Rillaboom
|-damage|p1a: Rillaboom|58/100
|-sidestart|p1: Chaincrush|Spikes
|move|p1a: Rillaboom|Wood Hammer|p2a: Samurott
|-supereffective|p2a: Samurott
|-enditem|p2a: Samurott|Focus Sash
|-damage|p2a: Samurott|1/100
|-damage|p1a: Rillaboom|31/100|[from] Recoil
|
|-heal|p2a: Samurott|7/100|[from] Grassy Terrain
|-heal|p1a: Rillaboom|37/100|[from] Grassy Terrain
|upkeep
|turn|2
|
|t:|1776035786
|switch|p1a: Virizion|Virizion|100/100
|-damage|p1a: Virizion|88/100|[from] Spikes
|-enditem|p1a: Virizion|Grassy Seed
|-boost|p1a: Virizion|def|1|[from] item: Grassy Seed
|move|p2a: Samurott|Knock Off|p1a: Virizion
|-resisted|p1a: Virizion
|-damage|p1a: Virizion|77/100
|-ability|p1a: Virizion|Justified|boost
|-boost|p1a: Virizion|atk|1
|
|-heal|p2a: Samurott|13/100|[from] Grassy Terrain
|-heal|p1a: Virizion|83/100|[from] Grassy Terrain
|upkeep
|turn|3
|
|t:|1776035796
|move|p2a: Samurott|Encore||[still]
|-fail|p2a: Samurott
|move|p1a: Virizion|Swords Dance|p1a: Virizion
|-boost|p1a: Virizion|atk|2
|
|-heal|p2a: Samurott|20/100|[from] Grassy Terrain
|-heal|p1a: Virizion|90/100|[from] Grassy Terrain
|upkeep
|turn|4
|
|t:|1776035802
|move|p1a: Virizion|Grassy Glide|p2a: Samurott
|-supereffective|p2a: Samurott
|-damage|p2a: Samurott|0 fnt
|faint|p2a: Samurott
|
|-heal|p1a: Virizion|96/100|[from] Grassy Terrain
|upkeep
|
|t:|1776035814
|switch|p2a: Zamazenta|Zamazenta, shiny|100/100
|-ability|p2a: Zamazenta|Dauntless Shield|boost
|-boost|p2a: Zamazenta|def|1
|turn|5
|
|t:|1776035823
|move|p1a: Virizion|Sacred Sword|p2a: Zamazenta
|-damage|p2a: Zamazenta|25/100
|move|p2a: Zamazenta|Roar|p1a: Virizion
|drag|p1a: Rillaboom|Rillaboom, M|37/100
|-damage|p1a: Rillaboom|24/100|[from] Spikes
|
|-heal|p2a: Zamazenta|32/100|[from] Grassy Terrain
|-heal|p2a: Zamazenta|38/100|[from] item: Leftovers
|-heal|p1a: Rillaboom|30/100|[from] Grassy Terrain
|-fieldend|move: Grassy Terrain
|upkeep
|turn|6
|
|t:|1776035833
|switch|p1a: Salamence|Salamence, M|100/100
|move|p2a: Zamazenta|Body Press|p1a: Salamence
|-resisted|p1a: Salamence
|-damage|p1a: Salamence|66/100
|
|-heal|p2a: Zamazenta|44/100|[from] item: Leftovers
|-heal|p1a: Salamence|72/100|[from] item: Leftovers
|upkeep
|turn|7
|
|t:|1776035842
|move|p2a: Zamazenta|Body Press|p1a: Salamence
|-resisted|p1a: Salamence
|-damage|p1a: Salamence|39/100
|move|p1a: Salamence|Dragon Dance|p1a: Salamence
|-boost|p1a: Salamence|atk|1
|-boost|p1a: Salamence|spe|1
|
|-heal|p1a: Salamence|45/100|[from] item: Leftovers
|-heal|p2a: Zamazenta|50/100|[from] item: Leftovers
|upkeep
|turn|8
|
|t:|1776035854
|move|p1a: Salamence|Outrage|p2a: Zamazenta
|-damage|p2a: Zamazenta|5/100
|move|p2a: Zamazenta|Roar|p1a: Salamence
|drag|p1a: Hawlucha|Hawlucha, M|100/100
|
|-heal|p2a: Zamazenta|11/100|[from] item: Leftovers
|upkeep
|turn|9
|
|t:|1776035863
|move|p2a: Zamazenta|Heavy Slam|p1a: Hawlucha
|-damage|p1a: Hawlucha|53/100
|move|p1a: Hawlucha|Acrobatics|p2a: Zamazenta
|-supereffective|p2a: Zamazenta
|-damage|p2a: Zamazenta|0 fnt
|faint|p2a: Zamazenta
|
|upkeep
|
|t:|1776035891
|switch|p2a: Deoxys|Deoxys-Speed, shiny|100/100
|-ability|p2a: Deoxys|Pressure
|turn|10
|
|t:|1776035901
|switch|p1a: Rillaboom|Rillaboom, M|30/100
|-damage|p1a: Rillaboom|18/100|[from] Spikes
|-fieldstart|move: Grassy Terrain|[from] ability: Grassy Surge|[of] p1a: Rillaboom
|move|p2a: Deoxys|Psycho Boost|p1a: Rillaboom
|-damage|p1a: Rillaboom|0 fnt
|-unboost|p2a: Deoxys|spa|2
|faint|p1a: Rillaboom
|
|upkeep
|
|t:|1776035916
|switch|p1a: Hawlucha|Hawlucha, M|53/100
|-enditem|p1a: Hawlucha|Grassy Seed
|-boost|p1a: Hawlucha|def|1|[from] item: Grassy Seed
|turn|11
|
|t:|1776035945
|move|p1a: Hawlucha|Acrobatics|p2a: Deoxys
|-damage|p2a: Deoxys|42/100
|move|p2a: Deoxys|Psycho Boost|p1a: Hawlucha
|-supereffective|p1a: Hawlucha
|-damage|p1a: Hawlucha|0 fnt
|-unboost|p2a: Deoxys|spa|2
|faint|p1a: Hawlucha
|
|-heal|p2a: Deoxys|48/100|[from] Grassy Terrain
|upkeep
|
|t:|1776035952
|switch|p1a: Salamence|Salamence, M|45/100
|turn|12
|
|t:|1776035956
|move|p2a: Deoxys|Taunt|p1a: Salamence
|-start|p1a: Salamence|move: Taunt
|cant|p1a: Salamence|move: Taunt|Dragon Dance
|
|-heal|p2a: Deoxys|54/100|[from] Grassy Terrain
|-heal|p1a: Salamence|51/100|[from] item: Leftovers
|upkeep
|turn|13
|
|t:|1776035967
|move|p2a: Deoxys|Reflect|p2a: Deoxys
|-sidestart|p2: JSD10|Reflect
|move|p1a: Salamence|Outrage|p2a: Deoxys
|-damage|p2a: Deoxys|13/100
|
|-heal|p2a: Deoxys|19/100|[from] Grassy Terrain
|-heal|p1a: Salamence|57/100|[from] item: Leftovers
|upkeep
|turn|14
|
|t:|1776035975
|move|p2a: Deoxys|Light Screen|p2a: Deoxys
|-sidestart|p2: JSD10|move: Light Screen
|move|p1a: Salamence|Outrage|p2a: Deoxys|[from] lockedmove
|-damage|p2a: Deoxys|0 fnt
|faint|p2a: Deoxys
|-ability|p1a: Salamence|Moxie|boost
|-boost|p1a: Salamence|atk|1
|-start|p1a: Salamence|confusion|[fatigue]
|
|-heal|p1a: Salamence|63/100|[from] item: Leftovers
|-end|p1a: Salamence|move: Taunt
|-fieldend|move: Grassy Terrain
|upkeep
|
|t:|1776035984
|switch|p2a: Gholdengo|Gholdengo, shiny|100/100
|turn|15
|
|t:|1776035994
|move|p2a: Gholdengo|Trick|p1a: Salamence
|-activate|p2a: Gholdengo|move: Trick|[of] p1a: Salamence
|-item|p1a: Salamence|Choice Scarf|[from] move: Trick
|-item|p2a: Gholdengo|Leftovers|[from] move: Trick
|-activate|p1a: Salamence|confusion
|move|p1a: Salamence|Substitute|p1a: Salamence
|-start|p1a: Salamence|Substitute
|-damage|p1a: Salamence|38/100
|
|upkeep
|turn|16
|
|t:|1776036011
|switch|p1a: Slowking|Slowking-Galar, F|100/100
|move|p2a: Gholdengo|Shadow Ball|p1a: Slowking
|-supereffective|p1a: Slowking
|-damage|p1a: Slowking|48/100
|
|upkeep
|turn|17
|
|t:|1776036016
|switch|p1a: Salamence|Salamence, M|38/100
|move|p2a: Gholdengo|Shadow Ball|p1a: Salamence
|-damage|p1a: Salamence|0 fnt
|faint|p1a: Salamence
|
|upkeep
|
|t:|1776036021
|switch|p1a: Kyurem|Kyurem|100/100
|-damage|p1a: Kyurem|88/100|[from] Spikes
|-ability|p1a: Kyurem|Pressure
|turn|18
|
|t:|1776036029
|switch|p1a: Slowking|Slowking-Galar, F|81/100
|move|p2a: Gholdengo|Make It Rain|p1a: Slowking
|-damage|p1a: Slowking|46/100
|-unboost|p2a: Gholdengo|spa|1
|
|upkeep
|turn|19
|
|t:|1776036034
|switch|p2a: Moltres|Moltres-Galar, shiny|100/100
|-prepare|p1a: Slowking|Chilly Reception|[premajor]
|move|p1a: Slowking|Chilly Reception|p1a: Slowking
|-weather|Snowscape
|
|t:|1776036042
|switch|p1a: Virizion|Virizion|96/100|[from] Chilly Reception
|-damage|p1a: Virizion|83/100|[from] Spikes
|
|-weather|Snowscape|[upkeep]
|upkeep
|turn|20
|
|t:|1776036057
|-terastallize|p2a: Moltres|Ghost
|move|p2a: Moltres|Agility|p2a: Moltres
|-boost|p2a: Moltres|spe|2
|move|p1a: Virizion|Swords Dance|p1a: Virizion
|-boost|p1a: Virizion|atk|2
|
|-weather|Snowscape|[upkeep]
|-sideend|p2: JSD10|Reflect
|upkeep
|turn|21
|
|t:|1776036069
|move|p2a: Moltres|Hurricane|p1a: Virizion
|-supereffective|p1a: Virizion
|-damage|p1a: Virizion|0 fnt
|faint|p1a: Virizion
|
|-weather|Snowscape|[upkeep]
|-sideend|p2: JSD10|move: Light Screen
|upkeep
|
|t:|1776036079
|switch|p1a: Kyurem|Kyurem|88/100
|-damage|p1a: Kyurem|75/100|[from] Spikes
|-ability|p1a: Kyurem|Pressure
|turn|22
|inactive|JSD10 has 120 seconds left.
|
|t:|1776036117
|-terastallize|p1a: Kyurem|Ice
|move|p2a: Moltres|Fiery Wrath|p1a: Kyurem
|-damage|p1a: Kyurem|33/100
|move|p1a: Kyurem|Blizzard|p2a: Moltres
|-damage|p2a: Moltres|0 fnt
|faint|p2a: Moltres
|
|-weather|Snowscape|[upkeep]
|upkeep
|
|t:|1776036133
|switch|p2a: Smeargle|Smeargle, M, shiny|100/100
|turn|23
|
|t:|1776036138
|move|p1a: Kyurem|Blizzard|p2a: Smeargle
|-damage|p2a: Smeargle|0 fnt
|faint|p2a: Smeargle
|
|-weather|none
|upkeep
|
|t:|1776036140
|switch|p2a: Gholdengo|Gholdengo, shiny|100/100
|turn|24
|
|t:|1776036144
|switch|p1a: Slowking|Slowking-Galar, F|79/100
|move|p2a: Gholdengo|Shadow Ball|p1a: Slowking
|-supereffective|p1a: Slowking
|-damage|p1a: Slowking|33/100
|-unboost|p1a: Slowking|spd|1
|
|upkeep
|turn|25
|c|☆JSD10|ggs
|
|t:|1776036150
|move|p2a: Gholdengo|Shadow Ball|p1a: Slowking
|-supereffective|p1a: Slowking
|-damage|p1a: Slowking|0 fnt
|faint|p1a: Slowking
|
|upkeep
|
|t:|1776036152
|switch|p1a: Kyurem|Kyurem, tera:Ice|33/100
|-damage|p1a: Kyurem|20/100|[from] Spikes
|-ability|p1a: Kyurem|Pressure
|turn|26
|
|t:|1776036159
|move|p1a: Kyurem|Earth Power|p2a: Gholdengo
|-supereffective|p2a: Gholdengo
|-damage|p2a: Gholdengo|0 fnt
|faint|p2a: Gholdengo
|
|win|Chaincrush
|raw|Chaincrush's rating: 1325 &rarr; <strong>1349</strong><br />(+24 for winning)
|raw|JSD10's rating: 1389 &rarr; <strong>1365</strong><br />(-24 for losing)
|l|☆JSD10
|player|p2|
|c|☆Chaincrush|gg
|l|☆Chaincrush
|player|p1|
