|html|<div class="broadcast-blue"><strong>[Gen 9] OU is currently suspecting Tera Blast! For information on how to participate check out the <a href="https://www.smogon.com/tools/suspects/view/200">suspect thread</a>.</strong></div>
|j|☆Rascior4
|j|☆yoyoyo6162
|t:|1776239242
|gametype|singles
|player|p1|Rascior4|rood|1078
|player|p2|yoyoyo6162|102|1045
|gen|9
|tier|[Gen 9] OU
|rated|
|rule|HP Percentage Mod: HP is shown in percentages
|rule|Endless Battle Clause: Forcing endless battles is banned
|rule|Species Clause: Limit one of each Pokémon
|rule|OHKO Clause: OHKO moves are banned
|rule|Evasion Items Clause: Evasion items are banned
|rule|Evasion Moves Clause: Evasion moves are banned
|rule|Evasion Abilities Clause: Evasion abilities are banned
|rule|Sleep Moves Clause: Sleep-inducing moves are banned
|clearpoke
|poke|p1|Dragonite, F|
|poke|p1|Gholdengo|
|poke|p1|Gliscor, M|
|poke|p1|Hatterene, F|
|poke|p1|Dondozo, M|
|poke|p1|Alomomola, F|
|poke|p2|Gliscor, M|
|poke|p2|Quaquaval, F|
|poke|p2|Slowking-Galar, M|
|poke|p2|Arcanine-Hisui, F|
|poke|p2|Kingambit, M|
|poke|p2|Quagsire, M|
|teampreview
|inactive|Battle timer is ON: inactive players will automatically lose when time's up. (requested by yoyoyo6162)
|
|t:|1776239249
|teamsize|p1|6
|teamsize|p2|6
|start
|switch|p1a: Gholdengo|Gholdengo|100/100
|switch|p2a: Quagsire|Quagsire, M|100/100
|-item|p1a: Gholdengo|Air Balloon
|turn|1
|
|t:|1776239259
|move|p1a: Gholdengo|Nasty Plot|p1a: Gholdengo
|-boost|p1a: Gholdengo|spa|2
|move|p2a: Quagsire|Stealth Rock|p1a: Gholdengo
|-sidestart|p1: Rascior4|move: Stealth Rock
|
|upkeep
|turn|2
|
|t:|1776239265
|move|p1a: Gholdengo|Nasty Plot|p1a: Gholdengo
|-boost|p1a: Gholdengo|spa|2
|move|p2a: Quagsire|Spikes|p1a: Gholdengo
|-sidestart|p1: Rascior4|Spikes
|
|upkeep
|turn|3
|
|t:|1776239275
|move|p1a: Gholdengo|Shadow Ball|p2a: Quagsire
|-damage|p2a: Quagsire|0 fnt
|faint|p2a: Quagsire
|
|upkeep
|
|t:|1776239287
|switch|p2a: Arcanine|Arcanine-Hisui, F, shiny|100/100
|turn|4
|
|t:|1776239294
|-terastallize|p1a: Gholdengo|Fairy
|move|p1a: Gholdengo|Shadow Ball|p2a: Arcanine
|-enditem|p2a: Arcanine|Focus Sash
|-damage|p2a: Arcanine|1/100
|move|p2a: Arcanine|Flare Blitz|p1a: Gholdengo
|-damage|p1a: Gholdengo|33/100
|-enditem|p1a: Gholdengo|Air Balloon
|
|upkeep
|turn|5
|
|t:|1776239306
|move|p2a: Arcanine|Extreme Speed|p1a: Gholdengo
|-damage|p1a: Gholdengo|0 fnt
|faint|p1a: Gholdengo
|
|upkeep
|
|t:|1776239312
|switch|p1a: Dragonite|Dragonite, F|100/100
|turn|6
|
|t:|1776239330
|move|p2a: Arcanine|Head Smash|p1a: Dragonite
|-supereffective|p1a: Dragonite
|-damage|p1a: Dragonite|21/100
|move|p1a: Dragonite|Dragon Dance|p1a: Dragonite
|-boost|p1a: Dragonite|atk|1
|-boost|p1a: Dragonite|spe|1
|
|upkeep
|turn|7
|
|t:|1776239337
|move|p1a: Dragonite|Extreme Speed|p2a: Arcanine
|-resisted|p2a: Arcanine
|-damage|p2a: Arcanine|0 fnt
|faint|p2a: Arcanine
|
|upkeep
|
|t:|1776239346
|switch|p2a: Slowking|Slowking-Galar, M, shiny|100/100
|turn|8
|
|t:|1776239352
|move|p1a: Dragonite|Extreme Speed|p2a: Slowking
|-damage|p2a: Slowking|60/100
|move|p2a: Slowking|Toxic Spikes|p1a: Dragonite
|-sidestart|p1: Rascior4|move: Toxic Spikes
|
|-heal|p2a: Slowking|66/100|[from] item: Black Sludge
|upkeep
|turn|9
|
|t:|1776239361
|move|p1a: Dragonite|Outrage|p2a: Slowking
|-damage|p2a: Slowking|0 fnt
|faint|p2a: Slowking
|
|upkeep
|
|t:|1776239366
|switch|p2a: Kingambit|Kingambit, M, shiny|100/100
|-activate|p2a: Kingambit|ability: Supreme Overlord
|-start|p2a: Kingambit|fallen3|[silent]
|turn|10
|
|t:|1776239375
|-terastallize|p2a: Kingambit|Fairy
|move|p1a: Dragonite|Outrage|p2a: Kingambit|[from] lockedmove
|-immune|p2a: Kingambit
|move|p2a: Kingambit|Kowtow Cleave|p1a: Dragonite
|-damage|p1a: Dragonite|0 fnt
|faint|p1a: Dragonite
|
|upkeep
|
|t:|1776239382
|switch|p1a: Dondozo|Dondozo, M|100/100
|-damage|p1a: Dondozo|88/100|[from] Stealth Rock
|-damage|p1a: Dondozo|75/100|[from] Spikes
|-status|p1a: Dondozo|psn
|turn|11
|
|t:|1776239392
|-end|p2a: Kingambit|fallen3|[silent]
|switch|p2a: Quaquaval|Quaquaval, F, shiny|100/100
|move|p1a: Dondozo|Rest|p1a: Dondozo
|-status|p1a: Dondozo|slp|[from] move: Rest
|-heal|p1a: Dondozo|100/100 slp|[silent]
|
|upkeep
|turn|12
|
|t:|1776239399
|move|p2a: Quaquaval|Swords Dance|p2a: Quaquaval
|-boost|p2a: Quaquaval|atk|2
|cant|p1a: Dondozo|slp
|move|p1a: Dondozo|Sleep Talk|p1a: Dondozo
|move|p1a: Dondozo|Body Press|p2a: Quaquaval|[from] move: Sleep Talk
|-damage|p2a: Quaquaval|65/100
|
|-heal|p2a: Quaquaval|71/100|[from] item: Leftovers
|upkeep
|turn|13
|
|t:|1776239411
|move|p2a: Quaquaval|Swords Dance|p2a: Quaquaval
|-boost|p2a: Quaquaval|atk|2
|cant|p1a: Dondozo|slp
|move|p1a: Dondozo|Sleep Talk|p1a: Dondozo
|move|p1a: Dondozo|Rest||[from] move: Sleep Talk|[still]
|-fail|p1a: Dondozo
|
|-heal|p2a: Quaquaval|77/100|[from] item: Leftovers
|upkeep
|turn|14
|l|☆Rascior4
|inactive|Rascior4 disconnected and has a minute to reconnect!
|player|p1|
|j|☆Rascior4
|inactive|Rascior4 reconnected and has 110 seconds left.
|player|p1|Rascior4|rood|
|
|t:|1776239456
|move|p2a: Quaquaval|Liquidation|p1a: Dondozo
|-resisted|p1a: Dondozo
|-damage|p1a: Dondozo|91/100 slp
|-curestatus|p1a: Dondozo|slp|[msg]
|move|p1a: Dondozo|Sleep Talk||[still]
|-fail|p1a: Dondozo
|
|-heal|p2a: Quaquaval|83/100|[from] item: Leftovers
|-heal|p1a: Dondozo|97/100|[from] item: Leftovers
|upkeep
|turn|15
|l|☆yoyoyo6162
|inactive|yoyoyo6162 disconnected and has a minute to reconnect!
|player|p2|
|l|☆Rascior4
|inactive|Rascior4 disconnected and has a minute to reconnect!
|player|p1|
|inactive|yoyoyo6162 has 30 seconds to reconnect!
|inactive|yoyoyo6162 has 20 seconds to reconnect!
|inactive|yoyoyo6162 has 15 seconds to reconnect!
|inactive|yoyoyo6162 has 10 seconds to reconnect!
|inactive|yoyoyo6162 has 5 seconds to reconnect!
|-message|yoyoyo6162 lost due to inactivity.
|
|win|Rascior4
|raw|Rascior4's rating: 1078 &rarr; <strong>1104</strong><br />(+26 for winning)
|raw|yoyoyo6162's rating: 1045 &rarr; <strong>1030</strong><br />(-15 for losing)
|j|☆Rascior4
|player|p1|Rascior4|rood|
