|html|<div class="broadcast-blue"><strong>[Gen 9] OU is currently suspecting Tera Blast! For information on how to participate check out the <a href="https://www.smogon.com/tools/suspects/view/200">suspect thread</a>.</strong></div>
|j|☆JangarRifin
|j|☆Skiddris
|t:|1776031747
|gametype|singles
|player|p1|JangarRifin|2|1506
|player|p2|Skiddris|artist|1500
|gen|9
|tier|[Gen 9] OU
|rated|
|rule|HP Percentage Mod: HP is shown in percentages
|rule|Endless Battle Clause: Forcing endless battles is banned
|rule|Species Clause: Limit one of each Pokémon
|rule|OHKO Clause: OHKO moves are banned
|rule|Evasion Items Clause: Evasion items are banned
|rule|Evasion Moves Clause: Evasion moves are banned
|rule|Evasion Abilities Clause: Evasion abilities are banned
|rule|Sleep Moves Clause: Sleep-inducing moves are banned
|clearpoke
|poke|p1|Zamazenta-*|
|poke|p1|Garchomp, F|
|poke|p1|Slowking-Galar, F|
|poke|p1|Kyurem|
|poke|p1|Iron Moth|
|poke|p1|Great Tusk|
|poke|p2|Ribombee, M|
|poke|p2|Cinderace, M|
|poke|p2|Serperior, M|
|poke|p2|Mimikyu, M|
|poke|p2|Dragapult, M|
|poke|p2|Bisharp, F|
|teampreview
|inactive|Battle timer is ON: inactive players will automatically lose when time's up. (requested by Skiddris)
|
|t:|1776031773
|teamsize|p1|6
|teamsize|p2|6
|start
|switch|p1a: Slowking|Slowking-Galar, F|100/100
|switch|p2a: Sticky goes Brrr|Ribombee, M, shiny|100/100
|turn|1
|
|t:|1776031779
|move|p2a: Sticky goes Brrr|Sticky Web|p1a: Slowking
|-sidestart|p1: JangarRifin|move: Sticky Web
|move|p1a: Slowking|Sludge Bomb|p2a: Sticky goes Brrr
|-supereffective|p2a: Sticky goes Brrr
|-enditem|p2a: Sticky goes Brrr|Focus Sash
|-damage|p2a: Sticky goes Brrr|1/100
|
|upkeep
|turn|2
|
|t:|1776031786
|switch|p2a: why no kingambit?|Bisharp, F|100/100
|move|p1a: Slowking|Toxic Spikes|p2a: why no kingambit?
|-sidestart|p2: Skiddris|move: Toxic Spikes
|
|upkeep
|turn|3
|
|t:|1776031796
|switch|p1a: Great Tusk|Great Tusk|100/100
|-activate|p1a: Great Tusk|move: Sticky Web
|-unboost|p1a: Great Tusk|spe|1
|move|p2a: why no kingambit?|Low Kick|p1a: Great Tusk
|-damage|p1a: Great Tusk|80/100
|-damage|p2a: why no kingambit?|84/100|[from] item: Rocky Helmet|[of] p1a: Great Tusk
|
|upkeep
|turn|4
|
|t:|1776031810
|switch|p2a: B-2 Spirit|Dragapult, M|100/100
|-status|p2a: B-2 Spirit|psn
|move|p1a: Great Tusk|Stealth Rock|p2a: B-2 Spirit
|-sidestart|p2: Skiddris|move: Stealth Rock
|
|-damage|p2a: B-2 Spirit|88/100 psn|[from] psn
|upkeep
|turn|5
|
|t:|1776031815
|move|p2a: B-2 Spirit|Hydro Pump|p1a: Great Tusk
|-supereffective|p1a: Great Tusk
|-damage|p1a: Great Tusk|0 fnt
|faint|p1a: Great Tusk
|-end|p1a: Great Tusk|Protosynthesis|[silent]
|-damage|p2a: B-2 Spirit|78/100 psn|[from] item: Life Orb
|
|-damage|p2a: B-2 Spirit|66/100 psn|[from] psn
|upkeep
|
|t:|1776031829
|switch|p1a: Kyurem|Kyurem|100/100
|-activate|p1a: Kyurem|move: Sticky Web
|-unboost|p1a: Kyurem|spe|1
|-ability|p1a: Kyurem|Pressure
|turn|6
|
|t:|1776031843
|switch|p2a: Sticky goes Brrr|Ribombee, M, shiny|1/100
|-status|p2a: Sticky goes Brrr|psn
|-damage|p2a: Sticky goes Brrr|0 fnt|[from] Stealth Rock
|faint|p2a: Sticky goes Brrr
|move|p1a: Kyurem|Freeze-Dry|p2: Sticky goes Brrr|[notarget]
|-fail|p1a: Kyurem
|
|upkeep
|
|t:|1776031851
|switch|p2a: VendVoiture|Cinderace, M|100/100
|turn|7
|
|t:|1776031856
|move|p2a: VendVoiture|Court Change|p2a: VendVoiture
|-swapsideconditions
|-activate|p2a: VendVoiture|move: Court Change
|move|p1a: Kyurem|Earth Power|p2a: VendVoiture
|-supereffective|p2a: VendVoiture
|-damage|p2a: VendVoiture|15/100
|
|upkeep
|turn|8
|
|t:|1776031867
|move|p2a: VendVoiture|U-turn|p1a: Kyurem
|-damage|p1a: Kyurem|80/100
|
|t:|1776031876
|switch|p2a: Hmmm so cozy|Serperior, M|100/100|[from] U-turn
|-activate|p2a: Hmmm so cozy|move: Sticky Web
|-boost|p2a: Hmmm so cozy|spe|1
|move|p1a: Kyurem|Freeze-Dry|p2a: Hmmm so cozy
|-supereffective|p2a: Hmmm so cozy
|-damage|p2a: Hmmm so cozy|13/100
|
|-heal|p2a: Hmmm so cozy|19/100|[from] item: Leftovers
|upkeep
|turn|9
|
|t:|1776031892
|switch|p2a: Introvert boy|Mimikyu, M|100/100
|-activate|p2a: Introvert boy|move: Sticky Web
|-unboost|p2a: Introvert boy|spe|1
|move|p1a: Kyurem|Freeze-Dry|p2a: Introvert boy
|-activate|p2a: Introvert boy|ability: Disguise
|-damage|p2a: Introvert boy|100/100
|detailschange|p2a: Introvert boy|Mimikyu-Busted, M
|-damage|p2a: Introvert boy|88/100|[from] pokemon: Mimikyu-Busted
|-enditem|p2a: Introvert boy|Red Card|[of] p1a: Kyurem
|drag|p1a: Garchomp|Garchomp, F|100/100
|-status|p1a: Garchomp|psn
|-damage|p1a: Garchomp|94/100 psn|[from] Stealth Rock
|
|-damage|p1a: Garchomp|82/100 psn|[from] psn
|upkeep
|turn|10
|
|t:|1776031908
|switch|p1a: Iron Moth|Iron Moth|100/100
|-sideend|p1: JangarRifin|move: Toxic Spikes|[of] p1a: Iron Moth
|-damage|p1a: Iron Moth|76/100|[from] Stealth Rock
|move|p2a: Introvert boy|Play Rough|p1a: Iron Moth
|-resisted|p1a: Iron Moth
|-damage|p1a: Iron Moth|60/100
|
|upkeep
|turn|11
|
|t:|1776031918
|switch|p2a: B-2 Spirit|Dragapult, M|66/100 psn
|-activate|p2a: B-2 Spirit|move: Sticky Web
|-fail|p2a: B-2 Spirit|unboost|[from] ability: Clear Body|[of] p2a: B-2 Spirit
|move|p1a: Iron Moth|Discharge|p2a: B-2 Spirit
|-resisted|p2a: B-2 Spirit
|-damage|p2a: B-2 Spirit|32/100 psn
|
|-damage|p2a: B-2 Spirit|20/100 psn|[from] psn
|upkeep
|turn|12
|
|t:|1776031929
|-end|p1a: Iron Moth|Quark Drive|[silent]
|switch|p1a: Slowking|Slowking-Galar, F|100/100
|move|p2a: B-2 Spirit|Hydro Pump|p1a: Slowking
|-damage|p1a: Slowking|77/100
|-damage|p2a: B-2 Spirit|10/100 psn|[from] item: Life Orb
|
|-damage|p2a: B-2 Spirit|0 fnt|[from] psn
|faint|p2a: B-2 Spirit
|upkeep
|
|t:|1776031933
|switch|p2a: why no kingambit?|Bisharp, F|84/100
|-activate|p2a: why no kingambit?|move: Sticky Web
|-unboost|p2a: why no kingambit?|spe|1
|-ability|p2a: why no kingambit?|Defiant|boost
|-boost|p2a: why no kingambit?|atk|2
|turn|13
|inactive|JangarRifin has 120 seconds left.
|
|t:|1776031965
|move|p2a: why no kingambit?|Low Kick|p1a: Slowking
|-resisted|p1a: Slowking
|-damage|p1a: Slowking|61/100
|-prepare|p1a: Slowking|Chilly Reception|[premajor]
|move|p1a: Slowking|Chilly Reception|p1a: Slowking
|-weather|Snowscape
|
|t:|1776031968
|switch|p1a: Zamazenta|Zamazenta|100/100|[from] Chilly Reception
|-damage|p1a: Zamazenta|94/100|[from] Stealth Rock
|-ability|p1a: Zamazenta|Dauntless Shield|boost
|-boost|p1a: Zamazenta|def|1
|
|-weather|Snowscape|[upkeep]
|upkeep
|turn|14
|
|t:|1776031981
|switch|p2a: Introvert boy|Mimikyu-Busted, M|88/100
|-activate|p2a: Introvert boy|move: Sticky Web
|-unboost|p2a: Introvert boy|spe|1
|move|p1a: Zamazenta|Close Combat|p2a: Introvert boy
|-immune|p2a: Introvert boy
|
|-weather|Snowscape|[upkeep]
|upkeep
|turn|15
|
|t:|1776031984
|move|p1a: Zamazenta|Crunch|p2a: Introvert boy
|-damage|p2a: Introvert boy|22/100
|-damage|p1a: Zamazenta|84/100|[from] item: Life Orb
|move|p2a: Introvert boy|Will-O-Wisp|p1a: Zamazenta|[miss]
|-miss|p2a: Introvert boy|p1a: Zamazenta
|
|-weather|Snowscape|[upkeep]
|upkeep
|turn|16
|
|t:|1776031989
|move|p1a: Zamazenta|Crunch|p2a: Introvert boy
|-damage|p2a: Introvert boy|0 fnt
|faint|p2a: Introvert boy
|-damage|p1a: Zamazenta|75/100|[from] item: Life Orb
|
|-weather|Snowscape|[upkeep]
|upkeep
|
|t:|1776031999
|switch|p2a: Hmmm so cozy|Serperior, M|19/100
|-activate|p2a: Hmmm so cozy|move: Sticky Web
|-boost|p2a: Hmmm so cozy|spe|1
|turn|17
|
|t:|1776032003
|switch|p1a: Slowking|Slowking-Galar, F|95/100
|move|p2a: Hmmm so cozy|Leaf Storm|p1a: Slowking
|-resisted|p1a: Slowking
|-damage|p1a: Slowking|81/100
|-boost|p2a: Hmmm so cozy|spa|2
|
|-weather|none
|-heal|p2a: Hmmm so cozy|26/100|[from] item: Leftovers
|upkeep
|turn|18
|
|t:|1776032012
|switch|p2a: why no kingambit?|Bisharp, F|84/100
|-activate|p2a: why no kingambit?|move: Sticky Web
|-unboost|p2a: why no kingambit?|spe|1
|-ability|p2a: why no kingambit?|Defiant|boost
|-boost|p2a: why no kingambit?|atk|2
|move|p1a: Slowking|Sludge Bomb|p2a: why no kingambit?
|-immune|p2a: why no kingambit?
|
|upkeep
|turn|19
|
|t:|1776032016
|move|p2a: why no kingambit?|Throat Chop|p1a: Slowking
|-supereffective|p1a: Slowking
|-damage|p1a: Slowking|0 fnt
|faint|p1a: Slowking
|
|upkeep
|
|t:|1776032022
|switch|p1a: Kyurem|Kyurem|80/100
|-damage|p1a: Kyurem|55/100|[from] Stealth Rock
|-ability|p1a: Kyurem|Pressure
|turn|20
|
|t:|1776032028
|move|p2a: why no kingambit?|Sucker Punch|p1a: Kyurem
|-damage|p1a: Kyurem|0 fnt
|faint|p1a: Kyurem
|
|upkeep
|
|t:|1776032032
|switch|p1a: Garchomp|Garchomp, F|82/100 psn
|-damage|p1a: Garchomp|76/100 psn|[from] Stealth Rock
|turn|21
|
|t:|1776032038
|move|p2a: why no kingambit?|Sucker Punch|p1a: Garchomp
|-damage|p1a: Garchomp|0 fnt
|-damage|p2a: why no kingambit?|72/100|[from] ability: Rough Skin|[of] p1a: Garchomp
|faint|p1a: Garchomp
|
|upkeep
|
|t:|1776032043
|switch|p1a: Zamazenta|Zamazenta|75/100
|-damage|p1a: Zamazenta|68/100|[from] Stealth Rock
|turn|22
|
|t:|1776032049
|switch|p2a: VendVoiture|Cinderace, M|15/100
|move|p1a: Zamazenta|Close Combat|p2a: VendVoiture
|-damage|p2a: VendVoiture|0 fnt
|-unboost|p1a: Zamazenta|def|1
|-unboost|p1a: Zamazenta|spd|1
|faint|p2a: VendVoiture
|-damage|p1a: Zamazenta|59/100|[from] item: Life Orb
|
|upkeep
|
|t:|1776032052
|switch|p2a: Hmmm so cozy|Serperior, M|26/100
|-activate|p2a: Hmmm so cozy|move: Sticky Web
|-boost|p2a: Hmmm so cozy|spe|1
|turn|23
|
|t:|1776032058
|switch|p1a: Iron Moth|Iron Moth|60/100
|-damage|p1a: Iron Moth|35/100|[from] Stealth Rock
|move|p2a: Hmmm so cozy|Leaf Storm|p1a: Iron Moth
|-resisted|p1a: Iron Moth
|-damage|p1a: Iron Moth|24/100
|-boost|p2a: Hmmm so cozy|spa|2
|
|-heal|p2a: Hmmm so cozy|32/100|[from] item: Leftovers
|upkeep
|turn|24
|
|t:|1776032074
|move|p2a: Hmmm so cozy|Dragon Pulse|p1a: Iron Moth
|-damage|p1a: Iron Moth|0 fnt
|faint|p1a: Iron Moth
|-end|p1a: Iron Moth|Quark Drive|[silent]
|
|-heal|p2a: Hmmm so cozy|38/100|[from] item: Leftovers
|upkeep
|
|t:|1776032077
|switch|p1a: Zamazenta|Zamazenta|59/100
|-damage|p1a: Zamazenta|52/100|[from] Stealth Rock
|turn|25
|
|t:|1776032081
|-terastallize|p1a: Zamazenta|Fire
|move|p2a: Hmmm so cozy|Leaf Storm|p1a: Zamazenta
|-resisted|p1a: Zamazenta
|-damage|p1a: Zamazenta|9/100
|-boost|p2a: Hmmm so cozy|spa|2
|move|p1a: Zamazenta|Ice Fang|p2a: Hmmm so cozy
|-supereffective|p2a: Hmmm so cozy
|-damage|p2a: Hmmm so cozy|0 fnt
|faint|p2a: Hmmm so cozy
|-damage|p1a: Zamazenta|0 fnt|[from] item: Life Orb
|faint|p1a: Zamazenta
|
|win|Skiddris
|raw|JangarRifin's rating: 1506 &rarr; <strong>1486</strong><br />(-20 for losing)
|raw|Skiddris's rating: 1500 &rarr; <strong>1520</strong><br />(+20 for winning)
|l|☆JangarRifin
|player|p1|
|l|☆Skiddris
|player|p2|
