|html|<div class="broadcast-blue"><strong>[Gen 9] OU is currently suspecting Tera Blast! For information on how to participate check out the <a href="https://www.smogon.com/tools/suspects/view/200">suspect thread</a>.</strong></div>
|j|☆Ramune River
|j|☆AmygdalanResponse
|t:|1776053285
|gametype|singles
|player|p1|Ramune River|169|1472
|player|p2|AmygdalanResponse|marshal|1521
|gen|9
|tier|[Gen 9] OU
|rated|
|rule|HP Percentage Mod: HP is shown in percentages
|rule|Endless Battle Clause: Forcing endless battles is banned
|rule|Species Clause: Limit one of each Pokémon
|rule|OHKO Clause: OHKO moves are banned
|rule|Evasion Items Clause: Evasion items are banned
|rule|Evasion Moves Clause: Evasion moves are banned
|rule|Evasion Abilities Clause: Evasion abilities are banned
|rule|Sleep Moves Clause: Sleep-inducing moves are banned
|clearpoke
|poke|p1|Dragonite, F|
|poke|p1|Ting-Lu|
|poke|p1|Samurott-Hisui, F|
|poke|p1|Gholdengo|
|poke|p1|Deoxys-Speed|
|poke|p1|Iron Treads|
|poke|p2|Indeedee, M|
|poke|p2|Iron Boulder|
|poke|p2|Deoxys-Speed|
|poke|p2|Iron Valiant|
|poke|p2|Glimmora, F|
|poke|p2|Dragapult, M|
|teampreview
|j| ohko_smeargle
|c|☆AmygdalanResponse|gl hf
|c|☆Ramune River|gl hf
|inactive|Battle timer is ON: inactive players will automatically lose when time's up. (requested by Ramune River)
|
|t:|1776053310
|teamsize|p1|6
|teamsize|p2|6
|start
|switch|p1a: Deoxys|Deoxys-Speed|100/100
|switch|p2a: Glimmora|Glimmora, F|100/100
|-ability|p1a: Deoxys|Pressure
|turn|1
|
|t:|1776053318
|move|p1a: Deoxys|Taunt|p2a: Glimmora
|-start|p2a: Glimmora|move: Taunt
|move|p2a: Glimmora|Sludge Wave|p1a: Deoxys
|-damage|p1a: Deoxys|25/100
|
|upkeep
|turn|2
|
|t:|1776053341
|move|p1a: Deoxys|Psycho Boost|p2a: Glimmora|[miss]
|-miss|p1a: Deoxys|p2a: Glimmora
|move|p2a: Glimmora|Earth Power|p1a: Deoxys
|-damage|p1a: Deoxys|0 fnt
|faint|p1a: Deoxys
|
|upkeep
|
|t:|1776053345
|switch|p1a: Samurott|Samurott-Hisui, F|100/100
|turn|3
|
|t:|1776053370
|move|p2a: Glimmora|Sludge Wave|p1a: Samurott
|-damage|p1a: Samurott|30/100
|move|p1a: Samurott|Encore|p2a: Glimmora
|-start|p2a: Glimmora|Encore
|
|-end|p2a: Glimmora|move: Taunt
|upkeep
|turn|4
|
|t:|1776053384
|switch|p2a: Dragapult|Dragapult, M|100/100
|switch|p1a: Gholdengo|Gholdengo|100/100
|-item|p1a: Gholdengo|Air Balloon
|
|upkeep
|turn|5
|
|t:|1776053388
|move|p2a: Dragapult|U-turn|p1a: Gholdengo
|-resisted|p1a: Gholdengo
|-damage|p1a: Gholdengo|92/100
|-enditem|p1a: Gholdengo|Air Balloon
|
|t:|1776053391
|switch|p2a: Glimmora|Glimmora, F|100/100|[from] U-turn
|move|p1a: Gholdengo|Shadow Ball|p2a: Glimmora
|-damage|p2a: Glimmora|40/100
|-unboost|p2a: Glimmora|spd|1
|
|upkeep
|turn|6
|
|t:|1776053397
|switch|p1a: Dragonite|Dragonite, F|100/100
|move|p2a: Glimmora|Earth Power|p1a: Dragonite
|-immune|p1a: Dragonite
|
|upkeep
|turn|7
|
|t:|1776053403
|switch|p1a: Gholdengo|Gholdengo|92/100
|move|p2a: Glimmora|Power Gem|p1a: Gholdengo
|-resisted|p1a: Gholdengo
|-damage|p1a: Gholdengo|67/100
|
|upkeep
|turn|8
|
|t:|1776053408
|switch|p1a: Dragonite|Dragonite, F|100/100
|move|p2a: Glimmora|Stealth Rock|p1a: Dragonite
|-sidestart|p1: Ramune River|move: Stealth Rock
|
|upkeep
|turn|9
|
|t:|1776053414
|switch|p1a: Gholdengo|Gholdengo|67/100
|-damage|p1a: Gholdengo|60/100|[from] Stealth Rock
|move|p2a: Glimmora|Power Gem|p1a: Gholdengo
|-resisted|p1a: Gholdengo
|-damage|p1a: Gholdengo|37/100
|
|upkeep
|turn|10
|
|t:|1776053420
|move|p2a: Glimmora|Earth Power|p1a: Gholdengo
|-supereffective|p1a: Gholdengo
|-damage|p1a: Gholdengo|0 fnt
|faint|p1a: Gholdengo
|
|upkeep
|
|t:|1776053426
|switch|p1a: Iron Treads|Iron Treads|100/100
|-damage|p1a: Iron Treads|97/100|[from] Stealth Rock
|turn|11
|
|t:|1776053436
|move|p1a: Iron Treads|Earthquake|p2a: Glimmora
|-supereffective|p2a: Glimmora
|-damage|p2a: Glimmora|0 fnt
|-activate|p2a: Glimmora|ability: Toxic Debris
|-sidestart|p1: Ramune River|move: Toxic Spikes
|faint|p2a: Glimmora
|
|-heal|p1a: Iron Treads|100/100|[from] item: Leftovers
|upkeep
|
|t:|1776053446
|switch|p2a: Indeedee|Indeedee, M|100/100
|-fieldstart|move: Psychic Terrain|[from] ability: Psychic Surge|[of] p2a: Indeedee
|turn|12
|
|t:|1776053453
|switch|p2a: Dragapult|Dragapult, M|100/100
|move|p1a: Iron Treads|Rapid Spin|p2a: Dragapult
|-immune|p2a: Dragapult
|
|upkeep
|turn|13
|
|t:|1776053470
|move|p2a: Dragapult|Dragon Darts|p1a: Iron Treads
|-resisted|p1a: Iron Treads
|-damage|p1a: Iron Treads|83/100
|-anim|p2a: Dragapult|Dragon Darts|p1a: Iron Treads
|-resisted|p1a: Iron Treads
|-damage|p1a: Iron Treads|66/100
|move|p1a: Iron Treads|Knock Off|p2a: Dragapult
|-supereffective|p2a: Dragapult
|-damage|p2a: Dragapult|12/100
|-enditem|p2a: Dragapult|Choice Band|[from] move: Knock Off|[of] p1a: Iron Treads
|
|-heal|p1a: Iron Treads|72/100|[from] item: Leftovers
|upkeep
|turn|14
|
|t:|1776053482
|move|p2a: Dragapult|Dragon Darts|p1a: Iron Treads
|-resisted|p1a: Iron Treads
|-damage|p1a: Iron Treads|62/100
|-anim|p2a: Dragapult|Dragon Darts|p1a: Iron Treads
|-resisted|p1a: Iron Treads
|-damage|p1a: Iron Treads|51/100
|move|p1a: Iron Treads|Knock Off|p2a: Dragapult
|-supereffective|p2a: Dragapult
|-damage|p2a: Dragapult|0 fnt
|faint|p2a: Dragapult
|
|-heal|p1a: Iron Treads|57/100|[from] item: Leftovers
|upkeep
|
|t:|1776053483
|switch|p2a: Iron Boulder|Iron Boulder|100/100
|-enditem|p2a: Iron Boulder|Booster Energy
|-activate|p2a: Iron Boulder|ability: Quark Drive|[fromitem]
|-start|p2a: Iron Boulder|quarkdrivespe
|turn|15
|
|t:|1776053496
|move|p2a: Iron Boulder|Earthquake|p1a: Iron Treads
|-supereffective|p1a: Iron Treads
|-damage|p1a: Iron Treads|0 fnt
|faint|p1a: Iron Treads
|-end|p1a: Iron Treads|Quark Drive|[silent]
|
|upkeep
|
|t:|1776053500
|switch|p1a: Ting-Lu|Ting-Lu|100/100
|-damage|p1a: Ting-Lu|94/100|[from] Stealth Rock
|-status|p1a: Ting-Lu|psn
|-ability|p1a: Ting-Lu|Vessel of Ruin
|turn|16
|
|t:|1776053505
|-terastallize|p2a: Iron Boulder|Ground
|move|p2a: Iron Boulder|Swords Dance|p2a: Iron Boulder
|-boost|p2a: Iron Boulder|atk|2
|move|p1a: Ting-Lu|Whirlwind|p2a: Iron Boulder
|-end|p2a: Iron Boulder|Quark Drive|[silent]
|drag|p2a: Iron Valiant|Iron Valiant|100/100
|-enditem|p2a: Iron Valiant|Booster Energy
|-activate|p2a: Iron Valiant|ability: Quark Drive|[fromitem]
|-start|p2a: Iron Valiant|quarkdrivespe
|
|-heal|p1a: Ting-Lu|100/100 psn|[from] item: Leftovers
|-damage|p1a: Ting-Lu|88/100 psn|[from] psn
|upkeep
|turn|17
|
|t:|1776053510
|move|p2a: Iron Valiant|Moonblast|p1a: Ting-Lu
|-supereffective|p1a: Ting-Lu
|-damage|p1a: Ting-Lu|29/100 psn
|move|p1a: Ting-Lu|Stealth Rock|p2a: Iron Valiant
|-sidestart|p2: AmygdalanResponse|move: Stealth Rock
|
|-heal|p1a: Ting-Lu|36/100 psn|[from] item: Leftovers
|-damage|p1a: Ting-Lu|23/100 psn|[from] psn
|upkeep
|turn|18
|
|t:|1776053515
|move|p2a: Iron Valiant|Encore|p1a: Ting-Lu
|-start|p1a: Ting-Lu|Encore
|move|p1a: Ting-Lu|Stealth Rock||[still]
|-fail|p1a: Ting-Lu
|
|-heal|p1a: Ting-Lu|29/100 psn|[from] item: Leftovers
|-damage|p1a: Ting-Lu|17/100 psn|[from] psn
|upkeep
|turn|19
|
|t:|1776053518
|switch|p1a: Samurott|Samurott-Hisui, F|30/100
|move|p2a: Iron Valiant|Calm Mind|p2a: Iron Valiant
|-boost|p2a: Iron Valiant|spa|1
|-boost|p2a: Iron Valiant|spd|1
|
|-fieldend|move: Psychic Terrain
|upkeep
|turn|20
|
|t:|1776053522
|move|p2a: Iron Valiant|Moonblast|p1a: Samurott
|-supereffective|p1a: Samurott
|-damage|p1a: Samurott|0 fnt
|faint|p1a: Samurott
|
|upkeep
|inactive|Ramune River has 120 seconds left.
|
|t:|1776053560
|switch|p1a: Ting-Lu|Ting-Lu|17/100 psn
|-damage|p1a: Ting-Lu|11/100 psn|[from] Stealth Rock
|-ability|p1a: Ting-Lu|Vessel of Ruin
|turn|21
|
|t:|1776053572
|move|p2a: Iron Valiant|Moonblast|p1a: Ting-Lu
|-supereffective|p1a: Ting-Lu
|-damage|p1a: Ting-Lu|0 fnt
|faint|p1a: Ting-Lu
|
|upkeep
|
|t:|1776053576
|switch|p1a: Dragonite|Dragonite, F|100/100
|turn|22
|
|t:|1776053581
|-terastallize|p1a: Dragonite|Flying
|move|p2a: Iron Valiant|Moonblast|p1a: Dragonite
|-damage|p1a: Dragonite|61/100
|-unboost|p1a: Dragonite|spa|1
|move|p1a: Dragonite|Dragon Dance|p1a: Dragonite
|-boost|p1a: Dragonite|atk|1
|-boost|p1a: Dragonite|spe|1
|
|upkeep
|turn|23
|
|t:|1776053588
|move|p2a: Iron Valiant|Encore|p1a: Dragonite
|-start|p1a: Dragonite|Encore
|move|p1a: Dragonite|Dragon Dance|p1a: Dragonite
|-boost|p1a: Dragonite|atk|1
|-boost|p1a: Dragonite|spe|1
|
|upkeep
|turn|24
|
|t:|1776053592
|move|p1a: Dragonite|Dragon Dance|p1a: Dragonite
|-boost|p1a: Dragonite|atk|1
|-boost|p1a: Dragonite|spe|1
|move|p2a: Iron Valiant|Moonblast|p1a: Dragonite
|-damage|p1a: Dragonite|0 fnt
|faint|p1a: Dragonite
|
|win|AmygdalanResponse
|raw|Ramune River's rating: 1472 &rarr; <strong>1455</strong><br />(-17 for losing)
|raw|AmygdalanResponse's rating: 1521 &rarr; <strong>1538</strong><br />(+17 for winning)
|l| ohko_smeargle
|l|☆Ramune River
|player|p1|
|l|☆AmygdalanResponse
|player|p2|
