|html|<div class="broadcast-blue"><strong>[Gen 9] OU is currently suspecting Tera Blast! For information on how to participate check out the <a href="https://www.smogon.com/tools/suspects/view/200">suspect thread</a>.</strong></div>
|j|☆Darklight914
|j|‽Daycloud 2
|t:|1776105976
|gametype|singles
|player|p1|Darklight914|169|1167
|player|p2|Daycloud 2|265|1188
|gen|9
|tier|[Gen 9] OU
|rated|
|rule|HP Percentage Mod: HP is shown in percentages
|rule|Endless Battle Clause: Forcing endless battles is banned
|rule|Species Clause: Limit one of each Pokémon
|rule|OHKO Clause: OHKO moves are banned
|rule|Evasion Items Clause: Evasion items are banned
|rule|Evasion Moves Clause: Evasion moves are banned
|rule|Evasion Abilities Clause: Evasion abilities are banned
|rule|Sleep Moves Clause: Sleep-inducing moves are banned
|clearpoke
|poke|p1|Entei|
|poke|p1|Dipplin, F|
|poke|p1|Articuno-Galar|
|poke|p1|Toedscruel, F|
|poke|p1|Garganacl, M|
|poke|p1|Rotom-Fan|
|poke|p2|Ribombee, M|
|poke|p2|Glimmora, M|
|poke|p2|Heatran, F|
|poke|p2|Darkrai|
|poke|p2|Dragapult, M|
|poke|p2|Kommo-o, M|
|teampreview
|c|☆Darklight914|glhf
|
|t:|1776105986
|teamsize|p1|6
|teamsize|p2|6
|start
|switch|p1a: Articuno|Articuno-Galar|100/100
|switch|p2a: Ribombee|Ribombee, M|100/100
|turn|1
|
|t:|1776105995
|move|p2a: Ribombee|Sticky Web|p1a: Articuno
|-sidestart|p1: Darklight914|move: Sticky Web
|move|p1a: Articuno|Freezing Glare|p2a: Ribombee
|-damage|p2a: Ribombee|20/100
|
|upkeep
|turn|2
|
|t:|1776106005
|move|p2a: Ribombee|Bug Buzz|p1a: Articuno
|-damage|p1a: Articuno|62/100
|move|p1a: Articuno|Freezing Glare|p2a: Ribombee
|-damage|p2a: Ribombee|0 fnt
|faint|p2a: Ribombee
|
|upkeep
|
|t:|1776106015
|switch|p2a: Glimmora|Glimmora, M|100/100
|turn|3
|
|t:|1776106019
|move|p1a: Articuno|Freezing Glare|p2a: Glimmora
|-supereffective|p2a: Glimmora
|-enditem|p2a: Glimmora|Focus Sash
|-damage|p2a: Glimmora|1/100
|move|p2a: Glimmora|Mortal Spin|p1a: Articuno
|-damage|p1a: Articuno|53/100
|-status|p1a: Articuno|psn
|
|-damage|p1a: Articuno|41/100 psn|[from] psn
|upkeep
|turn|4
|
|t:|1776106035
|switch|p2a: Darkrai|Darkrai|100/100
|move|p1a: Articuno|Recover|p1a: Articuno
|-heal|p1a: Articuno|91/100 psn
|
|-damage|p1a: Articuno|79/100 psn|[from] psn
|upkeep
|turn|5
|
|t:|1776106051
|move|p2a: Darkrai|Ice Beam|p1a: Articuno
|-supereffective|p1a: Articuno
|-damage|p1a: Articuno|15/100 psn
|move|p1a: Articuno|U-turn|p2a: Darkrai
|-supereffective|p2a: Darkrai
|-damage|p2a: Darkrai|68/100
|
|t:|1776106073
|switch|p1a: Dipplin|Dipplin, F|100/100|[from] U-turn
|-activate|p1a: Dipplin|move: Sticky Web
|-unboost|p1a: Dipplin|spe|1
|
|upkeep
|turn|6
|
|t:|1776106086
|-terastallize|p1a: Dipplin|Fairy
|move|p2a: Darkrai|Ice Beam|p1a: Dipplin
|-damage|p1a: Dipplin|83/100
|-status|p1a: Dipplin|frz
|cant|p1a: Dipplin|frz
|
|upkeep
|turn|7
|
|t:|1776106094
|switch|p2a: Glimmora|Glimmora, M|1/100
|cant|p1a: Dipplin|frz
|
|upkeep
|turn|8
|
|t:|1776106104
|switch|p1a: Rotom|Rotom-Fan|100/100
|move|p2a: Glimmora|Stealth Rock|p1a: Rotom
|-sidestart|p1: Darklight914|move: Stealth Rock
|
|upkeep
|turn|9
|
|t:|1776106113
|move|p1a: Rotom|Volt Switch|p2a: Glimmora
|-damage|p2a: Glimmora|0 fnt
|faint|p2a: Glimmora
|
|t:|1776106127
|switch|p1a: Dipplin|Dipplin, F, tera:Fairy|83/100 frz|[from] Volt Switch
|-activate|p1a: Dipplin|move: Sticky Web
|-unboost|p1a: Dipplin|spe|1
|-damage|p1a: Dipplin|71/100 frz|[from] Stealth Rock
|
|upkeep
|
|t:|1776106135
|switch|p2a: Darkrai|Darkrai|68/100
|turn|10
|
|t:|1776106140
|move|p2a: Darkrai|Sludge Bomb|p1a: Dipplin
|-supereffective|p1a: Dipplin
|-damage|p1a: Dipplin|35/100 frz
|cant|p1a: Dipplin|frz
|
|upkeep
|turn|11
|
|t:|1776106145
|move|p2a: Darkrai|Sludge Bomb|p1a: Dipplin
|-supereffective|p1a: Dipplin
|-damage|p1a: Dipplin|3/100 frz
|cant|p1a: Dipplin|frz
|
|upkeep
|turn|12
|
|t:|1776106155
|move|p2a: Darkrai|Sludge Bomb|p1a: Dipplin
|-supereffective|p1a: Dipplin
|-damage|p1a: Dipplin|0 fnt
|faint|p1a: Dipplin
|
|upkeep
|
|t:|1776106161
|switch|p1a: Garganacl|Garganacl, M|100/100
|-activate|p1a: Garganacl|move: Sticky Web
|-unboost|p1a: Garganacl|spe|1
|-damage|p1a: Garganacl|88/100|[from] Stealth Rock
|turn|13
|
|t:|1776106169
|switch|p2a: Heatran|Heatran, F|100/100
|move|p1a: Garganacl|Stealth Rock|p2a: Heatran
|-sidestart|p2: Daycloud 2|move: Stealth Rock
|
|upkeep
|turn|14
|
|t:|1776106178
|move|p2a: Heatran|Flash Cannon|p1a: Garganacl
|-supereffective|p1a: Garganacl
|-damage|p1a: Garganacl|19/100
|move|p1a: Garganacl|Body Press|p2a: Heatran
|-supereffective|p2a: Heatran
|-damage|p2a: Heatran|40/100
|
|upkeep
|turn|15
|
|t:|1776106185
|move|p2a: Heatran|Flash Cannon|p1a: Garganacl
|-supereffective|p1a: Garganacl
|-damage|p1a: Garganacl|0 fnt
|faint|p1a: Garganacl
|
|upkeep
|
|t:|1776106190
|switch|p1a: Toedscruel|Toedscruel, F|100/100
|-activate|p1a: Toedscruel|move: Sticky Web
|-unboost|p1a: Toedscruel|spe|1
|-damage|p1a: Toedscruel|95/100|[from] Stealth Rock
|turn|16
|
|t:|1776106196
|move|p1a: Toedscruel|Rapid Spin|p2a: Heatran
|-resisted|p2a: Heatran
|-damage|p2a: Heatran|37/100
|-boost|p1a: Toedscruel|spe|1
|-sideend|p1: Darklight914|Stealth Rock|[from] move: Rapid Spin|[of] p1a: Toedscruel
|-sideend|p1: Darklight914|Sticky Web|[from] move: Rapid Spin|[of] p1a: Toedscruel
|move|p2a: Heatran|Flamethrower|p1a: Toedscruel
|-supereffective|p1a: Toedscruel
|-damage|p1a: Toedscruel|41/100
|-status|p1a: Toedscruel|brn
|
|-damage|p1a: Toedscruel|35/100 brn|[from] brn
|upkeep
|turn|17
|
|t:|1776106207
|move|p1a: Toedscruel|Earth Power|p2a: Heatran
|-supereffective|p2a: Heatran
|-damage|p2a: Heatran|0 fnt
|faint|p2a: Heatran
|
|-damage|p1a: Toedscruel|29/100 brn|[from] brn
|upkeep
|
|t:|1776106211
|switch|p2a: Kommo-o|Kommo-o, M|100/100
|-damage|p2a: Kommo-o|94/100|[from] Stealth Rock
|turn|18
|
|t:|1776106220
|move|p1a: Toedscruel|Earth Power|p2a: Kommo-o
|-damage|p2a: Kommo-o|68/100
|move|p2a: Kommo-o|Dragon Dance|p2a: Kommo-o
|-boost|p2a: Kommo-o|atk|1
|-boost|p2a: Kommo-o|spe|1
|
|-damage|p1a: Toedscruel|23/100 brn|[from] brn
|upkeep
|turn|19
|
|t:|1776106228
|switch|p1a: Rotom|Rotom-Fan|100/100
|move|p2a: Kommo-o|Dragon Dance|p2a: Kommo-o
|-boost|p2a: Kommo-o|atk|1
|-boost|p2a: Kommo-o|spe|1
|
|upkeep
|turn|20
|
|t:|1776106236
|move|p2a: Kommo-o|Scale Shot|p1a: Rotom
|-damage|p1a: Rotom|69/100
|-damage|p1a: Rotom|35/100
|-damage|p1a: Rotom|3/100
|-damage|p1a: Rotom|0 fnt
|faint|p1a: Rotom
|-hitcount|p1: Rotom|4
|-unboost|p2a: Kommo-o|def|1
|-boost|p2a: Kommo-o|spe|1
|
|upkeep
|
|t:|1776106243
|switch|p1a: Entei|Entei|100/100
|-ability|p1a: Entei|Pressure
|turn|21
|
|t:|1776106249
|move|p2a: Kommo-o|Scale Shot|p1a: Entei
|-damage|p1a: Entei|75/100
|-damage|p1a: Entei|48/100
|-damage|p1a: Entei|22/100
|-damage|p1a: Entei|0 fnt
|faint|p1a: Entei
|-hitcount|p1: Entei|4
|-unboost|p2a: Kommo-o|def|1
|-boost|p2a: Kommo-o|spe|1
|
|upkeep
|-message|Darklight914 forfeited.
|
|win|Daycloud 2
|raw|Darklight914's rating: 1167 &rarr; <strong>1144</strong><br />(-23 for losing)
|raw|Daycloud 2's rating: 1188 &rarr; <strong>1211</strong><br />(+23 for winning)
|l|☆Darklight914
|player|p1|
|l|‽Daycloud 2
|player|p2|
