|html|<div class="broadcast-blue"><strong>[Gen 9] OU is currently suspecting Tera Blast! For information on how to participate check out the <a href="https://www.smogon.com/tools/suspects/view/200">suspect thread</a>.</strong></div>
|j|☆schoolwifisucks22
|j|☆KRX Manakitu
|t:|1776086687
|gametype|singles
|player|p1|schoolwifisucks22|swimmerf|1263
|player|p2|KRX Manakitu|liko|1215
|gen|9
|tier|[Gen 9] OU
|rated|
|rule|HP Percentage Mod: HP is shown in percentages
|rule|Endless Battle Clause: Forcing endless battles is banned
|rule|Species Clause: Limit one of each Pokémon
|rule|OHKO Clause: OHKO moves are banned
|rule|Evasion Items Clause: Evasion items are banned
|rule|Evasion Moves Clause: Evasion moves are banned
|rule|Evasion Abilities Clause: Evasion abilities are banned
|rule|Sleep Moves Clause: Sleep-inducing moves are banned
|clearpoke
|poke|p1|Lumineon, F|
|poke|p1|Toxicroak, M|
|poke|p1|Garchomp, F|
|poke|p1|Pelipper, M|
|poke|p1|Iron Treads|
|poke|p1|Overqwil, M|
|poke|p2|Tinkaton, F|
|poke|p2|Great Tusk|
|poke|p2|Garganacl, F|
|poke|p2|Keldeo-Resolute|
|poke|p2|Zapdos|
|poke|p2|Dragapult, M|
|teampreview
|inactive|Battle timer is ON: inactive players will automatically lose when time's up. (requested by schoolwifisucks22)
|inactive|KRX Manakitu also wants the timer to be on.
|
|t:|1776086717
|teamsize|p1|6
|teamsize|p2|6
|start
|switch|p1a: Iron Treads|Iron Treads|100/100
|switch|p2a: Tinkaton|Tinkaton, F|100/100
|-ability|p2a: Tinkaton|Mold Breaker
|-item|p2a: Tinkaton|Air Balloon
|-enditem|p1a: Iron Treads|Booster Energy
|-activate|p1a: Iron Treads|ability: Quark Drive|[fromitem]
|-start|p1a: Iron Treads|quarkdrivespe
|turn|1
|
|t:|1776086727
|move|p1a: Iron Treads|Stealth Rock|p2a: Tinkaton
|-sidestart|p2: KRX Manakitu|move: Stealth Rock
|move|p2a: Tinkaton|Encore|p1a: Iron Treads
|-start|p1a: Iron Treads|Encore
|
|upkeep
|turn|2
|
|t:|1776086733
|-end|p1a: Iron Treads|Quark Drive|[silent]
|switch|p1a: Toxicroak|Toxicroak, M|100/100
|move|p2a: Tinkaton|Stealth Rock|p1a: Toxicroak
|-sidestart|p1: schoolwifisucks22|move: Stealth Rock
|
|upkeep
|turn|3
|
|t:|1776086752
|move|p2a: Tinkaton|Thunder Wave|p1a: Toxicroak
|-status|p1a: Toxicroak|par
|cant|p1a: Toxicroak|par
|
|upkeep
|turn|4
|
|t:|1776086762
|switch|p2a: Dragapult|Dragapult, M|100/100
|move|p1a: Toxicroak|Encore||[still]
|-fail|p1a: Toxicroak
|
|upkeep
|turn|5
|
|t:|1776086768
|move|p2a: Dragapult|Hex|p1a: Toxicroak
|-damage|p1a: Toxicroak|25/100 par
|move|p1a: Toxicroak|Knock Off|p2a: Dragapult
|-supereffective|p2a: Dragapult
|-damage|p2a: Dragapult|42/100
|-enditem|p2a: Dragapult|Heavy-Duty Boots|[from] move: Knock Off|[of] p1a: Toxicroak
|
|upkeep
|turn|6
|
|t:|1776086775
|switch|p1a: Iron Treads|Iron Treads|100/100
|-damage|p1a: Iron Treads|97/100|[from] Stealth Rock
|move|p2a: Dragapult|Hex|p1a: Iron Treads
|-damage|p1a: Iron Treads|60/100
|
|upkeep
|turn|7
|
|t:|1776086782
|move|p2a: Dragapult|Will-O-Wisp|p1a: Iron Treads
|-status|p1a: Iron Treads|brn
|move|p1a: Iron Treads|Earth Power|p2a: Dragapult
|-damage|p2a: Dragapult|0 fnt
|faint|p2a: Dragapult
|
|-damage|p1a: Iron Treads|54/100 brn|[from] brn
|upkeep
|
|t:|1776086790
|switch|p2a: Keldeo|Keldeo-Resolute|100/100
|-damage|p2a: Keldeo|94/100|[from] Stealth Rock
|turn|8
|
|t:|1776086795
|move|p2a: Keldeo|Secret Sword|p1a: Iron Treads
|-supereffective|p1a: Iron Treads
|-damage|p1a: Iron Treads|0 fnt
|faint|p1a: Iron Treads
|-end|p1a: Iron Treads|Quark Drive|[silent]
|
|upkeep
|
|t:|1776086799
|switch|p1a: Pelipper|Pelipper, M|100/100
|-damage|p1a: Pelipper|76/100|[from] Stealth Rock
|-weather|RainDance|[from] ability: Drizzle|[of] p1a: Pelipper
|turn|9
|
|t:|1776086806
|switch|p2a: Zapdos|Zapdos|100/100
|move|p1a: Pelipper|Surf|p2a: Zapdos
|-damage|p2a: Zapdos|57/100
|
|-weather|RainDance|[upkeep]
|upkeep
|turn|10
|
|t:|1776086813
|switch|p1a: Garchomp|Garchomp, F|100/100
|-damage|p1a: Garchomp|94/100|[from] Stealth Rock
|move|p2a: Zapdos|Hurricane|p1a: Garchomp
|-damage|p1a: Garchomp|48/100
|-start|p1a: Garchomp|confusion
|
|-weather|RainDance|[upkeep]
|upkeep
|turn|11
|
|t:|1776086820
|-activate|p1a: Garchomp|confusion
|move|p1a: Garchomp|Liquidation|p2a: Zapdos
|-damage|p2a: Zapdos|25/100
|move|p2a: Zapdos|Hurricane|p1a: Garchomp
|-damage|p1a: Garchomp|0 fnt
|faint|p1a: Garchomp
|
|-weather|RainDance|[upkeep]
|upkeep
|
|t:|1776086828
|switch|p1a: Overqwil|Overqwil, M|100/100
|-damage|p1a: Overqwil|88/100|[from] Stealth Rock
|turn|12
|
|t:|1776086839
|move|p1a: Overqwil|Throat Chop|p2a: Zapdos
|-damage|p2a: Zapdos|0 fnt
|faint|p2a: Zapdos
|-damage|p1a: Overqwil|78/100|[from] item: Life Orb
|
|-weather|RainDance|[upkeep]
|upkeep
|
|t:|1776086850
|switch|p2a: Garganacl|Garganacl, F|100/100
|-damage|p2a: Garganacl|88/100|[from] Stealth Rock
|turn|13
|
|t:|1776086858
|switch|p1a: Toxicroak|Toxicroak, M|25/100 par
|-damage|p1a: Toxicroak|19/100 par|[from] Stealth Rock
|-terastallize|p2a: Garganacl|Water
|move|p2a: Garganacl|Salt Cure|p1a: Toxicroak
|-resisted|p1a: Toxicroak
|-damage|p1a: Toxicroak|13/100 par
|-start|p1a: Toxicroak|Salt Cure
|
|-weather|RainDance|[upkeep]
|-heal|p1a: Toxicroak|25/100 par|[from] ability: Dry Skin
|-heal|p2a: Garganacl|94/100|[from] item: Leftovers
|-damage|p1a: Toxicroak|13/100 par|[from] Salt Cure
|upkeep
|turn|14
|
|t:|1776086874
|move|p1a: Toxicroak|Knock Off|p2a: Garganacl
|-crit|p2a: Garganacl
|-damage|p2a: Garganacl|72/100
|-enditem|p2a: Garganacl|Leftovers|[from] move: Knock Off|[of] p1a: Toxicroak
|move|p2a: Garganacl|Curse|p2a: Garganacl
|-unboost|p2a: Garganacl|spe|1
|-boost|p2a: Garganacl|atk|1
|-boost|p2a: Garganacl|def|1
|
|-weather|RainDance|[upkeep]
|-heal|p1a: Toxicroak|25/100 par|[from] ability: Dry Skin
|-damage|p1a: Toxicroak|13/100 par|[from] Salt Cure
|upkeep
|turn|15
|
|t:|1776086886
|move|p1a: Toxicroak|Encore|p2a: Garganacl
|-start|p2a: Garganacl|Encore
|move|p2a: Garganacl|Curse|p2a: Garganacl
|-unboost|p2a: Garganacl|spe|1
|-boost|p2a: Garganacl|atk|1
|-boost|p2a: Garganacl|def|1
|
|-weather|RainDance|[upkeep]
|-heal|p1a: Toxicroak|25/100 par|[from] ability: Dry Skin
|-damage|p1a: Toxicroak|13/100 par|[from] Salt Cure
|upkeep
|turn|16
|
|t:|1776086893
|move|p1a: Toxicroak|Knock Off|p2a: Garganacl
|-damage|p2a: Garganacl|67/100
|move|p2a: Garganacl|Curse|p2a: Garganacl
|-unboost|p2a: Garganacl|spe|1
|-boost|p2a: Garganacl|atk|1
|-boost|p2a: Garganacl|def|1
|
|-weather|none
|-damage|p1a: Toxicroak|0 fnt|[from] Salt Cure
|faint|p1a: Toxicroak
|upkeep
|
|t:|1776086896
|switch|p1a: Pelipper|Pelipper, M|76/100
|-damage|p1a: Pelipper|51/100|[from] Stealth Rock
|-weather|RainDance|[from] ability: Drizzle|[of] p1a: Pelipper
|turn|17
|
|t:|1776086903
|move|p1a: Pelipper|Hurricane|p2a: Garganacl
|-damage|p2a: Garganacl|44/100
|-start|p2a: Garganacl|confusion
|-activate|p2a: Garganacl|confusion
|move|p2a: Garganacl|Curse|p2a: Garganacl
|-unboost|p2a: Garganacl|spe|1
|-boost|p2a: Garganacl|atk|1
|-boost|p2a: Garganacl|def|1
|
|-weather|RainDance|[upkeep]
|-end|p2a: Garganacl|Encore
|upkeep
|turn|18
|inactive|schoolwifisucks22 has 120 seconds left.
|l|☆schoolwifisucks22
|inactive|schoolwifisucks22 disconnected and has a minute to reconnect!
|player|p1|
|j|☆schoolwifisucks22
|inactive|schoolwifisucks22 reconnected and has 120 seconds left.
|player|p1|schoolwifisucks22|swimmerf|
|
|t:|1776086939
|move|p1a: Pelipper|Hurricane|p2a: Garganacl
|-damage|p2a: Garganacl|19/100
|-activate|p2a: Garganacl|confusion
|-damage|p2a: Garganacl|13/100|[from] confusion
|
|-weather|RainDance|[upkeep]
|upkeep
|turn|19
|
|t:|1776086945
|move|p1a: Pelipper|Hurricane|p2a: Garganacl
|-damage|p2a: Garganacl|0 fnt
|faint|p2a: Garganacl
|
|-weather|RainDance|[upkeep]
|upkeep
|
|t:|1776086954
|switch|p2a: Great Tusk|Great Tusk|100/100
|turn|20
|
|t:|1776086959
|move|p2a: Great Tusk|Rapid Spin|p1a: Pelipper
|-crit|p1a: Pelipper
|-damage|p1a: Pelipper|32/100
|-boost|p2a: Great Tusk|spe|1
|-sideend|p2: KRX Manakitu|Stealth Rock|[from] move: Rapid Spin|[of] p2a: Great Tusk
|move|p1a: Pelipper|Hurricane|p2a: Great Tusk
|-supereffective|p2a: Great Tusk
|-damage|p2a: Great Tusk|0 fnt
|faint|p2a: Great Tusk
|-end|p2a: Great Tusk|Protosynthesis|[silent]
|
|-weather|RainDance|[upkeep]
|upkeep
|
|t:|1776086966
|switch|p2a: Keldeo|Keldeo-Resolute|94/100
|turn|21
|
|t:|1776086973
|move|p2a: Keldeo|Surf|p1a: Pelipper
|-resisted|p1a: Pelipper
|-damage|p1a: Pelipper|0 fnt
|faint|p1a: Pelipper
|
|-weather|RainDance|[upkeep]
|upkeep
|
|t:|1776086977
|switch|p1a: Lumineon|Lumineon, F, shiny|100/100
|-damage|p1a: Lumineon|88/100|[from] Stealth Rock
|turn|22
|
|t:|1776086981
|move|p1a: Lumineon|Alluring Voice|p2a: Keldeo
|-supereffective|p2a: Keldeo
|-damage|p2a: Keldeo|50/100
|-enditem|p1a: Lumineon|Throat Spray
|-boost|p1a: Lumineon|spa|1|[from] item: Throat Spray
|move|p2a: Keldeo|Surf|p1a: Lumineon
|-resisted|p1a: Lumineon
|-damage|p1a: Lumineon|19/100
|
|-weather|RainDance|[upkeep]
|upkeep
|turn|23
|
|t:|1776086989
|switch|p2a: Tinkaton|Tinkaton, F|100/100
|-ability|p2a: Tinkaton|Mold Breaker
|-item|p2a: Tinkaton|Air Balloon
|move|p1a: Lumineon|Alluring Voice|p2a: Tinkaton
|-resisted|p2a: Tinkaton
|-damage|p2a: Tinkaton|87/100
|-enditem|p2a: Tinkaton|Air Balloon
|
|-weather|RainDance|[upkeep]
|upkeep
|turn|24
|
|t:|1776086998
|move|p1a: Lumineon|Hydro Pump|p2a: Tinkaton
|-damage|p2a: Tinkaton|0 fnt
|faint|p2a: Tinkaton
|
|-weather|none
|upkeep
|
|t:|1776087000
|switch|p2a: Keldeo|Keldeo-Resolute|50/100
|turn|25
|
|t:|1776087003
|move|p2a: Keldeo|Surf|p1a: Lumineon
|-resisted|p1a: Lumineon
|-damage|p1a: Lumineon|0 fnt
|faint|p1a: Lumineon
|
|upkeep
|
|t:|1776087006
|switch|p1a: Overqwil|Overqwil, M|78/100
|-damage|p1a: Overqwil|66/100|[from] Stealth Rock
|turn|26
|
|t:|1776087009
|move|p2a: Keldeo|Surf|p1a: Overqwil
|-damage|p1a: Overqwil|0 fnt
|faint|p1a: Overqwil
|
|win|KRX Manakitu
|raw|schoolwifisucks22's rating: 1263 &rarr; <strong>1235</strong><br />(-28 for losing)
|raw|KRX Manakitu's rating: 1215 &rarr; <strong>1243</strong><br />(+28 for winning)
|l|☆schoolwifisucks22
|player|p1|
