|html|<div class="broadcast-blue"><strong>[Gen 9] OU is currently suspecting Tera Blast! For information on how to participate check out the <a href="https://www.smogon.com/tools/suspects/view/200">suspect thread</a>.</strong></div>
|j|☆vafafaf
|j|☆jujutush
|t:|1776104305
|gametype|singles
|player|p1|vafafaf|102|1697
|player|p2|jujutush|1|1789
|gen|9
|tier|[Gen 9] OU
|rated|
|rule|HP Percentage Mod: HP is shown in percentages
|rule|Endless Battle Clause: Forcing endless battles is banned
|rule|Species Clause: Limit one of each Pokémon
|rule|OHKO Clause: OHKO moves are banned
|rule|Evasion Items Clause: Evasion items are banned
|rule|Evasion Moves Clause: Evasion moves are banned
|rule|Evasion Abilities Clause: Evasion abilities are banned
|rule|Sleep Moves Clause: Sleep-inducing moves are banned
|clearpoke
|poke|p1|Tyranitar, F|
|poke|p1|Excadrill, F|
|poke|p1|Deoxys-Speed|
|poke|p1|Indeedee, M|
|poke|p1|Ogerpon-Cornerstone, F|
|poke|p1|Moltres|
|poke|p2|Hatterene, F|
|poke|p2|Pelipper, M|
|poke|p2|Hariyama, M|
|poke|p2|Cresselia, F|
|poke|p2|Ursaluna, F|
|poke|p2|Porygon2|
|teampreview
|j| ohko_smeargle
|inactive|Battle timer is ON: inactive players will automatically lose when time's up. (requested by jujutush)
|inactive|vafafaf has 120 seconds left.
|inactive|vafafaf has 90 seconds left.
|inactive|vafafaf has 60 seconds left.
|inactive|vafafaf has 30 seconds left.
|inactive|vafafaf has 20 seconds left.
|
|t:|1776104463
|teamsize|p1|6
|teamsize|p2|6
|start
|switch|p1a: Excadrill|Excadrill, F|100/100
|switch|p2a: Sydney Sipme|Hatterene, F|100/100
|turn|1
|
|t:|1776104473
|move|p1a: Excadrill|Iron Head|p2a: Sydney Sipme
|-supereffective|p2a: Sydney Sipme
|-enditem|p2a: Sydney Sipme|Focus Sash
|-damage|p2a: Sydney Sipme|1/100
|-damage|p1a: Excadrill|91/100|[from] item: Life Orb
|move|p2a: Sydney Sipme|Trick Room|p2a: Sydney Sipme
|-fieldstart|move: Trick Room|[of] p2a: Sydney Sipme
|
|upkeep
|turn|2
|inactive|vafafaf has 90 seconds left.
|
|t:|1776104484
|switch|p1a: Moltres|Moltres|100/100
|move|p2a: Sydney Sipme|Healing Wish|p2a: Sydney Sipme
|faint|p2a: Sydney Sipme
|
|upkeep
|
|t:|1776104495
|switch|p2a: Late Hibernation|Ursaluna, F|100/100
|turn|3
|
|t:|1776104502
|move|p2a: Late Hibernation|Swords Dance|p2a: Late Hibernation
|-boost|p2a: Late Hibernation|atk|2
|move|p1a: Moltres|Flamethrower|p2a: Late Hibernation
|-damage|p2a: Late Hibernation|69/100
|
|-status|p2a: Late Hibernation|brn|[from] item: Flame Orb
|upkeep
|turn|4
|inactive|vafafaf has 90 seconds left.
|inactive|vafafaf has 60 seconds left.
|j| gfitzy
|
|t:|1776104580
|switch|p1a: Tyranitar|Tyranitar, F|100/100
|-weather|Sandstorm|[from] ability: Sand Stream|[of] p1a: Tyranitar
|move|p2a: Late Hibernation|Facade|p1a: Tyranitar
|-resisted|p1a: Tyranitar
|-damage|p1a: Tyranitar|11/100
|
|-weather|Sandstorm|[upkeep]
|-damage|p2a: Late Hibernation|63/100 brn|[from] brn
|upkeep
|turn|5
|inactive|vafafaf has 30 seconds left.
|inactive|vafafaf has 20 seconds left.
|inactive|vafafaf has 15 seconds left.
|
|t:|1776104611
|move|p2a: Late Hibernation|Facade|p1a: Tyranitar
|-resisted|p1a: Tyranitar
|-damage|p1a: Tyranitar|0 fnt
|faint|p1a: Tyranitar
|
|-weather|Sandstorm|[upkeep]
|-damage|p2a: Late Hibernation|57/100 brn|[from] brn
|-fieldend|move: Trick Room
|upkeep
|inactive|vafafaf has 20 seconds left this turn.
|inactive|vafafaf has 15 seconds left.
|inactive|vafafaf has 10 seconds left.
|
|t:|1776104626
|switch|p1a: Indeedee|Indeedee, M|100/100
|-fieldstart|move: Psychic Terrain|[from] ability: Psychic Surge|[of] p1a: Indeedee
|turn|6
|inactive|vafafaf has 20 seconds left this turn.
|
|t:|1776104630
|switch|p2a: Better Call Stall|Cresselia, F|100/100
|move|p1a: Indeedee|Expanding Force|p2a: Better Call Stall
|-resisted|p2a: Better Call Stall
|-damage|p2a: Better Call Stall|79/100
|
|-weather|Sandstorm|[upkeep]
|-damage|p1a: Indeedee|94/100|[from] Sandstorm
|-damage|p2a: Better Call Stall|73/100|[from] Sandstorm
|upkeep
|turn|7
|inactive|vafafaf has 30 seconds left this turn.
|inactive|vafafaf has 20 seconds left.
|
|t:|1776104644
|switch|p1a: Ogerpon|Ogerpon-Cornerstone, F|100/100
|move|p2a: Better Call Stall|Trick Room|p2a: Better Call Stall
|-fieldstart|move: Trick Room|[of] p2a: Better Call Stall
|
|-weather|Sandstorm|[upkeep]
|-damage|p2a: Better Call Stall|67/100|[from] Sandstorm
|upkeep
|turn|8
|inactive|vafafaf has 30 seconds left this turn.
|
|t:|1776104648
|move|p2a: Better Call Stall|Psychic|p1a: Ogerpon
|-damage|p1a: Ogerpon|82/100
|-unboost|p1a: Ogerpon|spd|1
|move|p1a: Ogerpon|Swords Dance|p1a: Ogerpon
|-boost|p1a: Ogerpon|atk|2
|
|-weather|Sandstorm|[upkeep]
|-damage|p2a: Better Call Stall|61/100|[from] Sandstorm
|upkeep
|turn|9
|j| Metallic Symphony
|
|t:|1776104656
|switch|p2a: Late Hibernation|Ursaluna, F|57/100 brn
|-heal|p2a: Late Hibernation|100/100|[from] move: Healing Wish
|move|p1a: Ogerpon|Horn Leech|p2a: Late Hibernation
|-supereffective|p2a: Late Hibernation
|-damage|p2a: Late Hibernation|0 fnt
|-heal|p1a: Ogerpon|100/100|[from] drain|[of] p2a: Late Hibernation
|faint|p2a: Late Hibernation
|
|-weather|Sandstorm|[upkeep]
|upkeep
|
|t:|1776104668
|switch|p2a: Lindsay Throwhandz|Hariyama, M|100/100
|turn|10
|
|t:|1776104674
|switch|p1a: Moltres|Moltres|100/100
|move|p2a: Lindsay Throwhandz|Drain Punch|p1a: Moltres
|-resisted|p1a: Moltres
|-damage|p1a: Moltres|86/100
|-status|p2a: Lindsay Throwhandz|brn|[from] ability: Flame Body|[of] p1a: Moltres
|
|-weather|Sandstorm|[upkeep]
|-damage|p2a: Lindsay Throwhandz|94/100 brn|[from] Sandstorm
|-damage|p1a: Moltres|80/100|[from] Sandstorm
|-damage|p2a: Lindsay Throwhandz|88/100 brn|[from] brn
|upkeep
|turn|11
|
|t:|1776104687
|switch|p2a: JD Dance|Pelipper, M|100/100
|-weather|RainDance|[from] ability: Drizzle|[of] p2a: JD Dance
|move|p1a: Moltres|U-turn|p2a: JD Dance
|-resisted|p2a: JD Dance
|-damage|p2a: JD Dance|93/100
|
|t:|1776104692
|switch|p1a: Ogerpon|Ogerpon-Cornerstone, F|100/100|[from] U-turn
|
|-weather|RainDance|[upkeep]
|-fieldend|move: Trick Room
|upkeep
|turn|12
|
|t:|1776104701
|switch|p2a: Duck Duck Goobs|Porygon2|100/100
|-ability|p2a: Duck Duck Goobs|Download|boost
|-boost|p2a: Duck Duck Goobs|atk|1
|move|p1a: Ogerpon|Ivy Cudgel|p2a: Duck Duck Goobs|[anim] Ivy Cudgel Rock
|-crit|p2a: Duck Duck Goobs
|-damage|p2a: Duck Duck Goobs|44/100
|
|-weather|RainDance|[upkeep]
|upkeep
|turn|13
|
|t:|1776104715
|-terastallize|p1a: Ogerpon|Rock
|detailschange|p1a: Ogerpon|Ogerpon-Cornerstone-Tera, F, tera:Rock
|-ability|p1a: Ogerpon|Embody Aspect (Cornerstone)|boost
|-boost|p1a: Ogerpon|def|1
|move|p1a: Ogerpon|Ivy Cudgel|p2a: Duck Duck Goobs|[anim] Ivy Cudgel Rock
|-crit|p2a: Duck Duck Goobs
|-damage|p2a: Duck Duck Goobs|0 fnt
|faint|p2a: Duck Duck Goobs
|
|-weather|RainDance|[upkeep]
|-fieldend|move: Psychic Terrain
|upkeep
|
|t:|1776104723
|switch|p2a: Better Call Stall|Cresselia, F|61/100
|turn|14
|inactive|vafafaf has 60 seconds left.
|
|t:|1776104736
|move|p1a: Ogerpon|Ivy Cudgel|p2a: Better Call Stall|[anim] Ivy Cudgel Rock
|-damage|p2a: Better Call Stall|21/100
|move|p2a: Better Call Stall|Trick Room|p2a: Better Call Stall
|-fieldstart|move: Trick Room|[of] p2a: Better Call Stall
|
|-weather|RainDance|[upkeep]
|upkeep
|turn|15
|
|t:|1776104745
|move|p2a: Better Call Stall|Lunar Dance|p2a: Better Call Stall
|faint|p2a: Better Call Stall
|move|p1a: Ogerpon|Ivy Cudgel|p2: Better Call Stall|[notarget]
|-fail|p1a: Ogerpon
|
|-weather|none
|upkeep
|
|t:|1776104750
|switch|p2a: JD Dance|Pelipper, M|93/100
|-heal|p2a: JD Dance|100/100|[from] move: Lunar Dance
|-weather|RainDance|[from] ability: Drizzle|[of] p2a: JD Dance
|turn|16
|
|t:|1776104758
|move|p2a: JD Dance|Weather Ball|p1a: Ogerpon
|-supereffective|p1a: Ogerpon
|-damage|p1a: Ogerpon|0 fnt
|faint|p1a: Ogerpon
|detailschange|p1: Ogerpon|Ogerpon-Cornerstone, F|[silent]
|
|-weather|RainDance|[upkeep]
|upkeep
|inactive|vafafaf has 60 seconds left.
|
|t:|1776104789
|switch|p1a: Indeedee|Indeedee, M|94/100
|-fieldstart|move: Psychic Terrain|[from] ability: Psychic Surge|[of] p1a: Indeedee
|turn|17
|
|t:|1776104807
|switch|p1a: Moltres|Moltres|80/100
|move|p2a: JD Dance|Weather Ball|p1a: Moltres
|-supereffective|p1a: Moltres
|-damage|p1a: Moltres|0 fnt
|faint|p1a: Moltres
|
|-weather|RainDance|[upkeep]
|upkeep
|
|t:|1776104815
|switch|p1a: Excadrill|Excadrill, F|91/100
|turn|18
|
|t:|1776104819
|move|p2a: JD Dance|Weather Ball|p1a: Excadrill
|-supereffective|p1a: Excadrill
|-damage|p1a: Excadrill|0 fnt
|faint|p1a: Excadrill
|
|-weather|RainDance|[upkeep]
|-fieldend|move: Trick Room
|upkeep
|inactive|vafafaf has 30 seconds left.
|c|☆vafafaf|!stats pelliper
'pelliper' has no exact match. Approximate match:
|c|☆vafafaf|/raw <div class="message"><ul class="utilichart"><li class="result"><span class="col numcol">UUBL</span> <span class="col iconcol"><psicon pokemon="pelipper"/></span> <span class="col pokemonnamecol" style="white-space:nowrap"><a href="https://dex.pokemonshowdown.com/pokemon/pelipper" target="_blank">Pelipper</a></span> <span class="col typecol"><img src="https://play.pokemonshowdown.com/sprites/types/Water.png" alt="Water" height="14" width="32"><img src="https://play.pokemonshowdown.com/sprites/types/Flying.png" alt="Flying" height="14" width="32"></span> <span style="float:left;min-height:26px"><span class="col twoabilitycol">Keen Eye<br />Drizzle</span><span class="col abilitycol"><em>Rain Dish</em></span></span><span style="float:left;min-height:26px"><span class="col statcol"><em>HP</em><br />60</span> <span class="col statcol"><em>Atk</em><br />50</span> <span class="col statcol"><em>Def</em><br />100</span> <span class="col statcol"><em>SpA</em><br />95</span> <span class="col statcol"><em>SpD</em><br />70</span> <span class="col statcol"><em>Spe</em><br />65</span> <span class="col bstcol"><em>BST<br />440</em></span> </span></li><li style="clear:both"></li></ul></div>

|inactive|vafafaf has 20 seconds left.
|
|t:|1776104859
|switch|p1a: Deoxys|Deoxys-Speed|100/100
|-ability|p1a: Deoxys|Pressure
|turn|19
|inactive|vafafaf has 30 seconds left this turn.
|
|t:|1776104865
|move|p1a: Deoxys|Expanding Force|p2a: JD Dance
|-damage|p2a: JD Dance|0 fnt
|faint|p2a: JD Dance
|-damage|p1a: Deoxys|91/100|[from] item: Life Orb
|
|-weather|RainDance|[upkeep]
|upkeep
|
|t:|1776104869
|switch|p2a: Lindsay Throwhandz|Hariyama, M|88/100 brn
|turn|20
|
|t:|1776104875
|-terastallize|p2a: Lindsay Throwhandz|Steel
|move|p1a: Deoxys|Expanding Force|p2a: Lindsay Throwhandz
|-resisted|p2a: Lindsay Throwhandz
|-damage|p2a: Lindsay Throwhandz|43/100 brn
|-enditem|p2a: Lindsay Throwhandz|Sitrus Berry|[eat]
|-heal|p2a: Lindsay Throwhandz|68/100 brn|[from] item: Sitrus Berry
|-damage|p1a: Deoxys|81/100|[from] item: Life Orb
|move|p2a: Lindsay Throwhandz|Knock Off|p1a: Deoxys
|-supereffective|p1a: Deoxys
|-damage|p1a: Deoxys|0 fnt
|-enditem|p1a: Deoxys|Life Orb|[from] move: Knock Off|[of] p2a: Lindsay Throwhandz
|faint|p1a: Deoxys
|
|-weather|none
|-damage|p2a: Lindsay Throwhandz|62/100 brn|[from] brn
|upkeep
|
|t:|1776104887
|switch|p1a: Indeedee|Indeedee, M|94/100
|turn|21
|
|t:|1776104895
|move|p1a: Indeedee|Expanding Force|p2a: Lindsay Throwhandz
|-resisted|p2a: Lindsay Throwhandz
|-damage|p2a: Lindsay Throwhandz|24/100 brn
|move|p2a: Lindsay Throwhandz|Knock Off|p1a: Indeedee
|-supereffective|p1a: Indeedee
|-damage|p1a: Indeedee|0 fnt
|-enditem|p1a: Indeedee|Terrain Extender|[from] move: Knock Off|[of] p2a: Lindsay Throwhandz
|faint|p1a: Indeedee
|
|win|jujutush
|raw|vafafaf's rating: 1697 &rarr; <strong>1682</strong><br />(-15 for losing)
|raw|jujutush's rating: 1789 &rarr; <strong>1804</strong><br />(+15 for winning)
|l| ohko_smeargle
|l|☆vafafaf
|player|p1|
|l|☆jujutush
|player|p2|
|l| gfitzy
|l| Metallic Symphony
