|html|<div class="broadcast-blue"><strong>[Gen 9] OU is currently suspecting Tera Blast! For information on how to participate check out the <a href="https://www.smogon.com/tools/suspects/view/200">suspect thread</a>.</strong></div>
|j|☆kingjot
|j|☆jyusaan雨傘
|t:|1776198961
|gametype|singles
|player|p1|kingjot|caitlin|
|player|p2|jyusaan雨傘|emma|
|gen|9
|tier|[Gen 9] OU
|rule|HP Percentage Mod: HP is shown in percentages
|rule|Endless Battle Clause: Forcing endless battles is banned
|rule|Species Clause: Limit one of each Pokémon
|rule|OHKO Clause: OHKO moves are banned
|rule|Evasion Items Clause: Evasion items are banned
|rule|Evasion Moves Clause: Evasion moves are banned
|rule|Evasion Abilities Clause: Evasion abilities are banned
|rule|Sleep Moves Clause: Sleep-inducing moves are banned
|clearpoke
|poke|p1|Alomomola, F|
|poke|p1|Slowking-Galar, F|
|poke|p1|Kingambit, F|
|poke|p1|Great Tusk|
|poke|p1|Cinderace, F|
|poke|p1|Thundurus-Therian, M|
|poke|p2|Dragapult, F|
|poke|p2|Moltres|
|poke|p2|Ogerpon-Wellspring, F|
|poke|p2|Corviknight, F|
|poke|p2|Ting-Lu|
|poke|p2|Slowking-Galar, F|
|teampreview
|c|☆jyusaan雨傘|hf
|c|☆kingjot|hf
|
|t:|1776199016
|teamsize|p1|6
|teamsize|p2|6
|start
|switch|p1a: Slowking|Slowking-Galar, F|100/100
|switch|p2a: Ogerpon|Ogerpon-Wellspring, F|100/100
|turn|1
|
|t:|1776199028
|switch|p1a: Alomomola|Alomomola, F|100/100
|move|p2a: Ogerpon|Knock Off|p1a: Alomomola
|-damage|p1a: Alomomola|77/100
|-enditem|p1a: Alomomola|Red Card|[from] move: Knock Off|[of] p2a: Ogerpon
|
|upkeep
|turn|2
|
|t:|1776199041
|switch|p1a: Cinderace|Cinderace, F|100/100
|move|p2a: Ogerpon|Power Whip|p1a: Cinderace
|-resisted|p1a: Cinderace
|-damage|p1a: Cinderace|54/100
|
|upkeep
|turn|3
|
|t:|1776199082
|switch|p2a: Moltres|Moltres|100/100
|move|p1a: Cinderace|Will-O-Wisp|p2a: Moltres
|-immune|p2a: Moltres
|
|upkeep
|turn|4
|
|t:|1776199086
|move|p1a: Cinderace|U-turn|p2a: Moltres
|-start|p1a: Cinderace|typechange|Bug|[from] ability: Libero
|-resisted|p2a: Moltres
|-damage|p2a: Moltres|95/100
|
|t:|1776199090
|switch|p1a: Slowking|Slowking-Galar, F|100/100|[from] U-turn
|move|p2a: Moltres|U-turn|p1a: Slowking
|-damage|p1a: Slowking|86/100
|
|t:|1776199126
|switch|p2a: Ogerpon|Ogerpon-Wellspring, F|100/100|[from] U-turn
|
|upkeep
|turn|5
|
|t:|1776199131
|move|p2a: Ogerpon|Ivy Cudgel|p1a: Slowking|[anim] Ivy Cudgel Water
|-damage|p1a: Slowking|24/100
|move|p1a: Slowking|Sludge Bomb|p2a: Ogerpon
|-supereffective|p2a: Ogerpon
|-damage|p2a: Ogerpon|28/100
|
|upkeep
|turn|6
|
|t:|1776199146
|switch|p1a: Kingambit|Kingambit, F|100/100
|move|p2a: Ogerpon|Ivy Cudgel|p1a: Kingambit|[anim] Ivy Cudgel Water
|-damage|p1a: Kingambit|61/100
|
|-heal|p1a: Kingambit|67/100|[from] item: Leftovers
|upkeep
|turn|7
|
|t:|1776199154
|switch|p2a: Corviknight|Corviknight, F|100/100
|-ability|p2a: Corviknight|Pressure
|move|p1a: Kingambit|Kowtow Cleave|p2a: Corviknight
|-damage|p2a: Corviknight|71/100
|-damage|p1a: Kingambit|50/100|[from] item: Rocky Helmet|[of] p2a: Corviknight
|
|-heal|p1a: Kingambit|57/100|[from] item: Leftovers
|upkeep
|turn|8
|
|t:|1776199166
|-end|p1a: Kingambit|fallenundefined|[silent]
|switch|p1a: Thundurus|Thundurus-Therian, M|100/100
|switch|p2a: Ogerpon|Ogerpon-Wellspring, F|28/100
|
|upkeep
|turn|9
|
|t:|1776199179
|switch|p2a: Ting-Lu|Ting-Lu|100/100
|-ability|p2a: Ting-Lu|Vessel of Ruin
|move|p1a: Thundurus|Volt Switch|p2a: Ting-Lu
|-immune|p2a: Ting-Lu
|
|upkeep
|turn|10
|
|t:|1776199188
|switch|p1a: Alomomola|Alomomola, F|100/100
|move|p2a: Ting-Lu|Ruination|p1a: Alomomola
|-damage|p1a: Alomomola|51/100
|
|upkeep
|turn|11
|
|t:|1776199198
|move|p2a: Ting-Lu|Stealth Rock|p1a: Alomomola
|-sidestart|p1: kingjot|move: Stealth Rock
|move|p1a: Alomomola|Acrobatics|p2a: Ting-Lu
|-damage|p2a: Ting-Lu|91/100
|
|-heal|p2a: Ting-Lu|97/100|[from] item: Leftovers
|upkeep
|turn|12
|
|t:|1776199205
|switch|p2a: Ogerpon|Ogerpon-Wellspring, F|28/100
|move|p1a: Alomomola|Wish|p1a: Alomomola
|
|upkeep
|turn|13
|
|t:|1776199232
|switch|p1a: Kingambit|Kingambit, F|57/100
|-damage|p1a: Kingambit|50/100|[from] Stealth Rock
|move|p2a: Ogerpon|Spikes|p1a: Kingambit
|-sidestart|p1: kingjot|Spikes
|
|-heal|p1a: Kingambit|100/100|[from] move: Wish|[wisher] Alomomola
|upkeep
|turn|14
|
|t:|1776199243
|switch|p2a: Moltres|Moltres|95/100
|move|p1a: Kingambit|Swords Dance|p1a: Kingambit
|-boost|p1a: Kingambit|atk|2
|
|upkeep
|turn|15
|
|t:|1776199262
|-end|p1a: Kingambit|fallenundefined|[silent]
|switch|p1a: Cinderace|Cinderace, F|54/100
|move|p2a: Moltres|Will-O-Wisp|p1a: Cinderace
|-immune|p1a: Cinderace
|
|upkeep
|turn|16
|inactive|Battle timer is ON: inactive players will automatically lose when time's up. (requested by kingjot)
|
|t:|1776199322
|move|p1a: Cinderace|Court Change|p1a: Cinderace
|-start|p1a: Cinderace|typechange|Normal|[from] ability: Libero
|-swapsideconditions
|-activate|p1a: Cinderace|move: Court Change
|move|p2a: Moltres|Flamethrower|p1a: Cinderace
|-damage|p1a: Cinderace|4/100
|
|upkeep
|turn|17
|
|t:|1776199390
|move|p1a: Cinderace|U-turn|p2a: Moltres
|-resisted|p2a: Moltres
|-damage|p2a: Moltres|91/100
|-status|p1a: Cinderace|brn|[from] ability: Flame Body|[of] p2a: Moltres
|l|☆jyusaan雨傘
|inactive|jyusaan雨傘 disconnected and has 300 seconds to reconnect!
|player|p2|
|inactive|kingjot has 270 seconds left.
|
|t:|1776199428
|switch|p1a: Slowking|Slowking-Galar, F|57/100|[from] U-turn
|move|p2a: Moltres|U-turn|p1a: Slowking
|-damage|p1a: Slowking|42/100
|inactive|jyusaan雨傘 has 270 seconds to reconnect!
|inactive|jyusaan雨傘 has 240 seconds to reconnect!
|inactive|jyusaan雨傘 has 210 seconds to reconnect!
|inactive|jyusaan雨傘 has 180 seconds to reconnect!
|j|☆jyusaan雨傘
|inactive|jyusaan雨傘 reconnected and has 300 seconds left.
|player|p2|jyusaan雨傘|emma|
|c|☆jyusaan雨傘|test
|c|☆jyusaan雨傘|this working?
|c|☆kingjot|yes
|c|☆jyusaan雨傘|did you not get disconnected from server
|inactive|jyusaan雨傘 has 270 seconds left.
|c|☆kingjot|no
|c|☆jyusaan雨傘|hm
|l|☆kingjot
|inactive|kingjot disconnected and has 300 seconds to reconnect!
|player|p1|
|inactive|jyusaan雨傘 has 240 seconds left.
|
|t:|1776199630
|switch|p2a: Corviknight|Corviknight, F|71/100|[from] U-turn
|-damage|p2a: Corviknight|59/100|[from] Stealth Rock
|-ability|p2a: Corviknight|Pressure
|
|upkeep
|turn|18
|j|☆kingjot
|inactive|kingjot reconnected and has 285 seconds left.
|player|p1|kingjot|caitlin|
|inactive|kingjot has 270 seconds left.
|c|☆kingjot|ok nvm
|
|t:|1776199665
|move|p2a: Corviknight|Defog|p1a: Slowking
|-unboost|p1a: Slowking|evasion|1
|-sideend|p2: jyusaan雨傘|Spikes|[from] move: Defog|[of] p2a: Corviknight
|-sideend|p2: jyusaan雨傘|Stealth Rock|[from] move: Defog|[of] p2a: Corviknight
|-prepare|p1a: Slowking|Chilly Reception|[premajor]
|move|p1a: Slowking|Chilly Reception|p1a: Slowking
|-weather|Snowscape
|
|t:|1776199668
|switch|p1a: Thundurus|Thundurus-Therian, M|100/100|[from] Chilly Reception
|
|-weather|Snowscape|[upkeep]
|upkeep
|turn|19
|c|☆jyusaan雨傘|u all good now?
|
|t:|1776199681
|switch|p2a: Slowking|Slowking-Galar, F|100/100
|move|p1a: Thundurus|Grass Knot|p2a: Slowking
|-resisted|p2a: Slowking
|-damage|p2a: Slowking|88/100
|
|-weather|Snowscape|[upkeep]
|upkeep
|turn|20
|
|t:|1776199693
|switch|p1a: Kingambit|Kingambit, F|100/100
|-prepare|p2a: Slowking|Chilly Reception|[premajor]
|move|p2a: Slowking|Chilly Reception|p2a: Slowking
|c|☆kingjot|yeah
|
|t:|1776199700
|switch|p2a: Moltres|Moltres|91/100|[from] Chilly Reception
|
|-weather|Snowscape|[upkeep]
|upkeep
|turn|21
|
|t:|1776199710
|-end|p1a: Kingambit|fallenundefined|[silent]
|switch|p1a: Cinderace|Cinderace, F|4/100 brn
|move|p2a: Moltres|Will-O-Wisp|p1a: Cinderace
|-fail|p1a: Cinderace|brn
|
|-weather|Snowscape|[upkeep]
|-damage|p1a: Cinderace|0 fnt|[from] brn
|faint|p1a: Cinderace
|upkeep
|
|t:|1776199716
|switch|p1a: Thundurus|Thundurus-Therian, M|100/100
|turn|22
|
|t:|1776199721
|switch|p2a: Slowking|Slowking-Galar, F|100/100
|move|p1a: Thundurus|Knock Off|p2a: Slowking
|-supereffective|p2a: Slowking
|-crit|p2a: Slowking
|-damage|p2a: Slowking|40/100
|-enditem|p2a: Slowking|Heavy-Duty Boots|[from] move: Knock Off|[of] p1a: Thundurus
|
|-weather|none
|upkeep
|turn|23
|
|t:|1776199734
|move|p1a: Thundurus|Knock Off|p2a: Slowking
|-supereffective|p2a: Slowking
|-damage|p2a: Slowking|12/100
|-prepare|p2a: Slowking|Chilly Reception|[premajor]
|move|p2a: Slowking|Chilly Reception|p2a: Slowking
|-weather|Snowscape
|inactive|jyusaan雨傘 has 270 seconds left.
|
|t:|1776199756
|switch|p2a: Dragapult|Dragapult, F|100/100|[from] Chilly Reception
|
|-weather|Snowscape|[upkeep]
|upkeep
|turn|24
|
|t:|1776199761
|move|p2a: Dragapult|Dragon Darts|p1a: Thundurus
|-damage|p1a: Thundurus|41/100
|-anim|p2a: Dragapult|Dragon Darts|p1a: Thundurus
|-damage|p1a: Thundurus|0 fnt
|faint|p1a: Thundurus
|
|-weather|Snowscape|[upkeep]
|upkeep
|
|t:|1776199766
|switch|p1a: Kingambit|Kingambit, F|100/100
|-activate|p1a: Kingambit|ability: Supreme Overlord
|-start|p1a: Kingambit|fallen2|[silent]
|turn|25
|
|t:|1776199776
|switch|p2a: Moltres|Moltres|91/100
|move|p1a: Kingambit|Swords Dance|p1a: Kingambit
|-boost|p1a: Kingambit|atk|2
|
|-weather|Snowscape|[upkeep]
|upkeep
|turn|26
|
|t:|1776199784
|move|p2a: Moltres|Will-O-Wisp|p1a: Kingambit|[miss]
|-miss|p2a: Moltres|p1a: Kingambit
|move|p1a: Kingambit|Kowtow Cleave|p2a: Moltres
|-damage|p2a: Moltres|4/100
|-status|p1a: Kingambit|brn|[from] ability: Flame Body|[of] p2a: Moltres
|
|-weather|Snowscape|[upkeep]
|-damage|p1a: Kingambit|94/100 brn|[from] brn
|upkeep
|turn|27
|
|t:|1776199787
|move|p1a: Kingambit|Sucker Punch||[still]
|-fail|p1a: Kingambit
|move|p2a: Moltres|Roost|p2a: Moltres
|-heal|p2a: Moltres|55/100
|-singleturn|p2a: Moltres|move: Roost
|
|-weather|none
|-heal|p1a: Kingambit|100/100 brn|[from] item: Leftovers
|-damage|p1a: Kingambit|94/100 brn|[from] brn
|upkeep
|turn|28
|
|t:|1776199793
|move|p2a: Moltres|Flamethrower|p1a: Kingambit
|-supereffective|p1a: Kingambit
|-damage|p1a: Kingambit|22/100 brn
|move|p1a: Kingambit|Kowtow Cleave|p2a: Moltres
|-damage|p2a: Moltres|11/100
|
|-heal|p1a: Kingambit|28/100 brn|[from] item: Leftovers
|-damage|p1a: Kingambit|22/100 brn|[from] brn
|upkeep
|turn|29
|
|t:|1776199796
|move|p2a: Moltres|Roost|p2a: Moltres
|-heal|p2a: Moltres|61/100
|-singleturn|p2a: Moltres|move: Roost
|move|p1a: Kingambit|Swords Dance|p1a: Kingambit
|-boost|p1a: Kingambit|atk|2
|
|-heal|p1a: Kingambit|28/100 brn|[from] item: Leftovers
|-damage|p1a: Kingambit|22/100 brn|[from] brn
|upkeep
|turn|30
|
|t:|1776199804
|move|p1a: Kingambit|Sucker Punch|p2a: Moltres
|-damage|p2a: Moltres|12/100
|move|p2a: Moltres|Flamethrower|p1a: Kingambit
|-supereffective|p1a: Kingambit
|-damage|p1a: Kingambit|0 fnt
|faint|p1a: Kingambit
|-end|p1a: Kingambit|fallen2|[silent]
|
|upkeep
|c|☆kingjot|Um ggs ig
|c|☆jyusaan雨傘|do you have the other two replays saved?
|-message|kingjot forfeited.
|
|win|jyusaan雨傘
|l|☆kingjot
|player|p1|
|c|☆jyusaan雨傘|ggs
|j|☆kingjot
|player|p1|kingjot|caitlin|
|l|☆kingjot
|player|p1|
