|html|<div class="broadcast-blue"><strong>[Gen 9] OU is currently suspecting Tera Blast! For information on how to participate check out the <a href="https://www.smogon.com/tools/suspects/view/200">suspect thread</a>.</strong></div>
|j|☆ScrappyDoodles
|j|☆sjeieifj
|t:|1776313726
|gametype|singles
|player|p1|ScrappyDoodles|roxie|1000
|player|p2|sjeieifj|102|1000
|gen|9
|tier|[Gen 9] OU
|rated|
|rule|HP Percentage Mod: HP is shown in percentages
|rule|Endless Battle Clause: Forcing endless battles is banned
|rule|Species Clause: Limit one of each Pokémon
|rule|OHKO Clause: OHKO moves are banned
|rule|Evasion Items Clause: Evasion items are banned
|rule|Evasion Moves Clause: Evasion moves are banned
|rule|Evasion Abilities Clause: Evasion abilities are banned
|rule|Sleep Moves Clause: Sleep-inducing moves are banned
|clearpoke
|poke|p1|Great Tusk|
|poke|p1|Walking Wake|
|poke|p1|Kingambit, M|
|poke|p1|Venusaur, M|
|poke|p1|Ninetales, F|
|poke|p1|Raging Bolt|
|poke|p2|Moltres|
|poke|p2|Zamazenta-*|
|poke|p2|Darkrai|
|poke|p2|Hydrapple, M|
|poke|p2|Ting-Lu|
|poke|p2|Tinkaton, F|
|teampreview
|
|t:|1776313744
|teamsize|p1|6
|teamsize|p2|6
|start
|switch|p1a: Girlie|Ninetales, F|100/100
|switch|p2a: Ting-Lu|Ting-Lu|100/100
|-weather|SunnyDay|[from] ability: Drought|[of] p1a: Girlie
|-ability|p2a: Ting-Lu|Vessel of Ruin
|turn|1
|
|t:|1776313755
|switch|p1a: Sahur|Raging Bolt|100/100
|-item|p1a: Sahur|Air Balloon
|-activate|p1a: Sahur|ability: Protosynthesis
|-start|p1a: Sahur|protosynthesisspa
|move|p2a: Ting-Lu|Spikes|p1a: Sahur
|-sidestart|p1: ScrappyDoodles|Spikes
|
|-weather|SunnyDay|[upkeep]
|upkeep
|turn|2
|l|☆sjeieifj
|player|p2|
|j|☆sjeieifj
|player|p2|sjeieifj|102|
|
|t:|1776313808
|-end|p1a: Sahur|Protosynthesis|[silent]
|switch|p1a: BigBoy|Great Tusk|100/100
|-damage|p1a: BigBoy|88/100|[from] Spikes
|-activate|p1a: BigBoy|ability: Protosynthesis
|-start|p1a: BigBoy|protosynthesisatk
|move|p2a: Ting-Lu|Ruination|p1a: BigBoy
|-damage|p1a: BigBoy|44/100
|
|-weather|SunnyDay|[upkeep]
|upkeep
|turn|3
|
|t:|1776313820
|switch|p2a: Moltres|Moltres|100/100
|move|p1a: BigBoy|Rapid Spin|p2a: Moltres
|-damage|p2a: Moltres|86/100
|-boost|p1a: BigBoy|spe|1
|-status|p1a: BigBoy|brn|[from] ability: Flame Body|[of] p2a: Moltres
|-sideend|p1: ScrappyDoodles|Spikes|[from] move: Rapid Spin|[of] p1a: BigBoy
|
|-weather|SunnyDay|[upkeep]
|-damage|p1a: BigBoy|38/100 brn|[from] brn
|upkeep
|turn|4
|inactive|Battle timer is ON: inactive players will automatically lose when time's up. (requested by sjeieifj)
|
|t:|1776313850
|move|p1a: BigBoy|Ice Spinner|p2a: Moltres
|-damage|p2a: Moltres|74/100
|move|p2a: Moltres|U-turn|p1a: BigBoy
|-resisted|p1a: BigBoy
|-damage|p1a: BigBoy|34/100 brn
|inactive|sjeieifj has 120 seconds left.
|
|t:|1776313881
|switch|p2a: Tinkaton|Tinkaton, F|100/100|[from] U-turn
|-ability|p2a: Tinkaton|Mold Breaker
|-item|p2a: Tinkaton|Air Balloon
|
|-weather|SunnyDay|[upkeep]
|-damage|p1a: BigBoy|28/100 brn|[from] brn
|upkeep
|turn|5
|
|t:|1776313892
|switch|p2a: Moltres|Moltres|74/100
|move|p1a: BigBoy|Close Combat|p2a: Moltres
|-resisted|p2a: Moltres
|-damage|p2a: Moltres|60/100
|-unboost|p1a: BigBoy|def|1
|-unboost|p1a: BigBoy|spd|1
|
|-weather|SunnyDay|[upkeep]
|-damage|p1a: BigBoy|21/100 brn|[from] brn
|upkeep
|turn|6
|
|t:|1776313903
|move|p1a: BigBoy|Rapid Spin|p2a: Moltres
|-damage|p2a: Moltres|52/100
|-boost|p1a: BigBoy|spe|1
|move|p2a: Moltres|Roost|p2a: Moltres
|-heal|p2a: Moltres|100/100
|-singleturn|p2a: Moltres|move: Roost
|
|-weather|SunnyDay|[upkeep]
|-damage|p1a: BigBoy|15/100 brn|[from] brn
|upkeep
|turn|7
|
|t:|1776313919
|move|p1a: BigBoy|Rapid Spin|p2a: Moltres
|-damage|p2a: Moltres|92/100
|-boost|p1a: BigBoy|spe|1
|move|p2a: Moltres|Flamethrower|p1a: BigBoy
|-damage|p1a: BigBoy|0 fnt
|faint|p1a: BigBoy
|-end|p1a: BigBoy|Protosynthesis|[silent]
|
|-weather|SunnyDay|[upkeep]
|upkeep
|
|t:|1776313937
|switch|p1a: Walker|Walking Wake|100/100
|-activate|p1a: Walker|ability: Protosynthesis
|-start|p1a: Walker|protosynthesisspe
|turn|8
|inactive|sjeieifj has 120 seconds left.
|
|t:|1776313988
|switch|p2a: Hydrapple|Hydrapple, M|100/100
|move|p1a: Walker|Hydro Steam|p2a: Hydrapple
|-resisted|p2a: Hydrapple
|-damage|p2a: Hydrapple|85/100
|
|-weather|none
|-end|p1a: Walker|Protosynthesis
|upkeep
|turn|9
|inactive|sjeieifj has 90 seconds left.
|
|t:|1776314011
|-end|p1a: Walker|Protosynthesis|[silent]
|switch|p1a: Girlie|Ninetales, F|100/100
|-weather|SunnyDay|[from] ability: Drought|[of] p1a: Girlie
|move|p2a: Hydrapple|Earth Power|p1a: Girlie
|-supereffective|p1a: Girlie
|-damage|p1a: Girlie|52/100
|
|-weather|SunnyDay|[upkeep]
|upkeep
|turn|10
|
|t:|1776314024
|switch|p2a: Ting-Lu|Ting-Lu|100/100
|-ability|p2a: Ting-Lu|Vessel of Ruin
|move|p1a: Girlie|Encore||[still]
|-fail|p1a: Girlie
|
|-weather|SunnyDay|[upkeep]
|upkeep
|turn|11
|
|t:|1776314039
|move|p1a: Girlie|Will-O-Wisp|p2a: Ting-Lu
|-status|p2a: Ting-Lu|brn
|move|p2a: Ting-Lu|Spikes|p1a: Girlie
|-sidestart|p1: ScrappyDoodles|Spikes
|
|-weather|SunnyDay|[upkeep]
|-damage|p2a: Ting-Lu|94/100 brn|[from] brn
|upkeep
|turn|12
|inactive|ScrappyDoodles has 120 seconds left.
|
|t:|1776314079
|switch|p1a: Sahur|Raging Bolt|100/100
|-item|p1a: Sahur|Air Balloon
|-activate|p1a: Sahur|ability: Protosynthesis
|-start|p1a: Sahur|protosynthesisspa
|move|p2a: Ting-Lu|Spikes|p1a: Sahur
|-sidestart|p1: ScrappyDoodles|Spikes
|
|-weather|SunnyDay|[upkeep]
|-heal|p2a: Ting-Lu|100/100 brn|[from] item: Leftovers
|-damage|p2a: Ting-Lu|94/100 brn|[from] brn
|upkeep
|turn|13
|inactive|ScrappyDoodles has 90 seconds left.
|
|t:|1776314101
|move|p1a: Sahur|Dragon Pulse|p2a: Ting-Lu
|-damage|p2a: Ting-Lu|69/100 brn
|move|p2a: Ting-Lu|Ruination|p1a: Sahur
|-damage|p1a: Sahur|50/100
|-enditem|p1a: Sahur|Air Balloon
|
|-weather|SunnyDay|[upkeep]
|-heal|p2a: Ting-Lu|75/100 brn|[from] item: Leftovers
|-damage|p2a: Ting-Lu|69/100 brn|[from] brn
|upkeep
|turn|14
|inactive|sjeieifj has 120 seconds left.
|inactive|ScrappyDoodles has 90 seconds left.
|
|t:|1776314124
|-terastallize|p1a: Sahur|Fairy
|move|p1a: Sahur|Dragon Pulse|p2a: Ting-Lu
|-damage|p2a: Ting-Lu|42/100 brn
|move|p2a: Ting-Lu|Ruination|p1a: Sahur
|-damage|p1a: Sahur|25/100
|
|-weather|SunnyDay|[upkeep]
|-heal|p2a: Ting-Lu|48/100 brn|[from] item: Leftovers
|-damage|p2a: Ting-Lu|42/100 brn|[from] brn
|upkeep
|turn|15
|
|t:|1776314150
|move|p1a: Sahur|Dragon Pulse|p2a: Ting-Lu
|-damage|p2a: Ting-Lu|12/100 brn
|move|p2a: Ting-Lu|Spikes|p1a: Sahur
|-sidestart|p1: ScrappyDoodles|Spikes
|
|-weather|SunnyDay|[upkeep]
|-heal|p2a: Ting-Lu|19/100 brn|[from] item: Leftovers
|-damage|p2a: Ting-Lu|12/100 brn|[from] brn
|upkeep
|turn|16
|
|t:|1776314164
|move|p1a: Sahur|Calm Mind|p1a: Sahur
|-boost|p1a: Sahur|spa|1
|-boost|p1a: Sahur|spd|1
|move|p2a: Ting-Lu|Earthquake|p1a: Sahur
|-damage|p1a: Sahur|7/100
|
|-weather|none
|-end|p1a: Sahur|Protosynthesis
|-heal|p2a: Ting-Lu|19/100 brn|[from] item: Leftovers
|-damage|p2a: Ting-Lu|12/100 brn|[from] brn
|upkeep
|turn|17
|
|t:|1776314181
|switch|p2a: Tinkaton|Tinkaton, F|100/100
|-ability|p2a: Tinkaton|Mold Breaker
|-item|p2a: Tinkaton|Air Balloon
|move|p1a: Sahur|Dragon Pulse|p2a: Tinkaton
|-immune|p2a: Tinkaton
|
|upkeep
|turn|18
|inactive|ScrappyDoodles has 90 seconds left.
|inactive|sjeieifj has 90 seconds left.
|
|t:|1776314201
|move|p1a: Sahur|Thunderclap||[still]
|-fail|p1a: Sahur
|move|p2a: Tinkaton|Stealth Rock|p1a: Sahur
|-sidestart|p1: ScrappyDoodles|move: Stealth Rock
|
|upkeep
|turn|19
|inactive|ScrappyDoodles has 90 seconds left.
|inactive|sjeieifj has 90 seconds left.
|
|t:|1776314220
|move|p1a: Sahur|Thunderclap|p2a: Tinkaton
|-damage|p2a: Tinkaton|42/100
|-enditem|p2a: Tinkaton|Air Balloon
|move|p2a: Tinkaton|Gigaton Hammer|p1a: Sahur
|-supereffective|p1a: Sahur
|-damage|p1a: Sahur|0 fnt
|faint|p1a: Sahur
|-end|p1a: Sahur|Protosynthesis|[silent]
|
|upkeep
|
|t:|1776314231
|switch|p1a: Girlie|Ninetales, F|52/100
|-damage|p1a: Girlie|27/100|[from] Spikes
|-damage|p1a: Girlie|2/100|[from] Stealth Rock
|-weather|SunnyDay|[from] ability: Drought|[of] p1a: Girlie
|turn|20
|inactive|sjeieifj has 90 seconds left.
|
|t:|1776314245
|switch|p2a: Ting-Lu|Ting-Lu|12/100 brn
|-ability|p2a: Ting-Lu|Vessel of Ruin
|move|p1a: Girlie|Weather Ball|p2a: Ting-Lu
|-damage|p2a: Ting-Lu|0 fnt
|faint|p2a: Ting-Lu
|
|-weather|SunnyDay|[upkeep]
|upkeep
|inactive|sjeieifj has 90 seconds left.
|
|t:|1776314256
|switch|p2a: Darkrai|Darkrai, shiny|100/100
|turn|21
|inactive|ScrappyDoodles has 90 seconds left.
|inactive|sjeieifj has 90 seconds left.
|
|t:|1776314273
|move|p2a: Darkrai|Knock Off|p1a: Girlie
|-damage|p1a: Girlie|0 fnt
|-enditem|p1a: Girlie|Heat Rock|[from] move: Knock Off|[of] p2a: Darkrai
|faint|p1a: Girlie
|
|-weather|SunnyDay|[upkeep]
|upkeep
|inactive|ScrappyDoodles has 90 seconds left.
|
|t:|1776314280
|switch|p1a: Friend :)|Venusaur, M|100/100
|-damage|p1a: Friend :)|76/100|[from] Spikes
|-damage|p1a: Friend :)|63/100|[from] Stealth Rock
|turn|22
|inactive|sjeieifj has 90 seconds left.
|inactive|ScrappyDoodles has 90 seconds left.
|
|t:|1776314292
|switch|p2a: Moltres|Moltres|92/100
|move|p1a: Friend :)|Weather Ball|p2a: Moltres
|-resisted|p2a: Moltres
|-damage|p2a: Moltres|65/100
|-damage|p1a: Friend :)|53/100|[from] item: Life Orb
|
|-weather|SunnyDay|[upkeep]
|upkeep
|turn|23
|inactive|sjeieifj has 90 seconds left.
|inactive|ScrappyDoodles has 90 seconds left.
|
|t:|1776314304
|move|p1a: Friend :)|Sludge Bomb|p2a: Moltres
|-damage|p2a: Moltres|13/100
|-damage|p1a: Friend :)|43/100|[from] item: Life Orb
|move|p2a: Moltres|Roost|p2a: Moltres
|-heal|p2a: Moltres|63/100
|-singleturn|p2a: Moltres|move: Roost
|
|-weather|SunnyDay|[upkeep]
|upkeep
|turn|24
|inactive|ScrappyDoodles has 90 seconds left.
|
|t:|1776314314
|move|p1a: Friend :)|Giga Drain|p2a: Moltres
|-resisted|p2a: Moltres
|-damage|p2a: Moltres|52/100
|-heal|p1a: Friend :)|50/100|[from] drain|[of] p2a: Moltres
|-damage|p1a: Friend :)|40/100|[from] item: Life Orb
|move|p2a: Moltres|Roost|p2a: Moltres
|-heal|p2a: Moltres|100/100
|-singleturn|p2a: Moltres|move: Roost
|
|-weather|SunnyDay|[upkeep]
|upkeep
|turn|25
|
|t:|1776314329
|move|p1a: Friend :)|Sludge Bomb|p2a: Moltres
|-damage|p2a: Moltres|52/100
|-damage|p1a: Friend :)|30/100|[from] item: Life Orb
|move|p2a: Moltres|Flamethrower|p1a: Friend :)
|-supereffective|p1a: Friend :)
|-damage|p1a: Friend :)|0 fnt
|faint|p1a: Friend :)
|
|-weather|SunnyDay|[upkeep]
|upkeep
|
|t:|1776314339
|switch|p1a: Walker|Walking Wake|100/100
|-damage|p1a: Walker|76/100|[from] Spikes
|-damage|p1a: Walker|63/100|[from] Stealth Rock
|-activate|p1a: Walker|ability: Protosynthesis
|-start|p1a: Walker|protosynthesisspe
|turn|26
|
|t:|1776314348
|switch|p2a: Darkrai|Darkrai, shiny|100/100
|move|p1a: Walker|Hydro Steam|p2a: Darkrai
|-damage|p2a: Darkrai|12/100
|
|-weather|SunnyDay|[upkeep]
|upkeep
|turn|27
|
|t:|1776314359
|switch|p2a: Hydrapple|Hydrapple, M|100/100
|move|p1a: Walker|Hydro Steam|p2a: Hydrapple
|-resisted|p2a: Hydrapple
|-damage|p2a: Hydrapple|85/100
|
|-weather|none
|-end|p1a: Walker|Protosynthesis
|upkeep
|turn|28
|
|t:|1776314367
|move|p1a: Walker|Draco Meteor|p2a: Hydrapple
|-supereffective|p2a: Hydrapple
|-damage|p2a: Hydrapple|0 fnt
|-unboost|p1a: Walker|spa|2
|faint|p2a: Hydrapple
|
|upkeep
|
|t:|1776314396
|switch|p2a: Zamazenta|Zamazenta|100/100
|-ability|p2a: Zamazenta|Dauntless Shield|boost
|-boost|p2a: Zamazenta|def|1
|turn|29
|
|t:|1776314407
|move|p2a: Zamazenta|Close Combat|p1a: Walker
|-damage|p1a: Walker|0 fnt
|-unboost|p2a: Zamazenta|def|1
|-unboost|p2a: Zamazenta|spd|1
|faint|p1a: Walker
|-end|p1a: Walker|Protosynthesis|[silent]
|
|upkeep
|
|t:|1776314416
|switch|p1a: Emperor|Kingambit, M|100/100
|-damage|p1a: Emperor|94/100|[from] Stealth Rock
|-activate|p1a: Emperor|ability: Supreme Overlord
|-start|p1a: Emperor|fallen5|[silent]
|-item|p1a: Emperor|Air Balloon
|turn|30
|
|t:|1776314434
|move|p2a: Zamazenta|Close Combat|p1a: Emperor
|-supereffective|p1a: Emperor
|-damage|p1a: Emperor|0 fnt
|-unboost|p2a: Zamazenta|def|1
|-unboost|p2a: Zamazenta|spd|1
|-enditem|p1a: Emperor|Air Balloon
|faint|p1a: Emperor
|-end|p1a: Emperor|fallen5|[silent]
|
|win|sjeieifj
|raw|ScrappyDoodles's rating: 1000 &rarr; <strong>1000</strong><br />(+0 for losing)
|raw|sjeieifj's rating: 1000 &rarr; <strong>1040</strong><br />(+40 for winning)
