|html|<div class="broadcast-blue"><strong>[Gen 9] OU is currently suspecting Tera Blast! For information on how to participate check out the <a href="https://www.smogon.com/tools/suspects/view/200">suspect thread</a>.</strong></div>
|j|☆EdgeLordK
|j|☆EddusEatzAlot
|t:|1776054094
|gametype|singles
|player|p1|EdgeLordK|hilbert|1554
|player|p2|EddusEatzAlot|steven|1615
|gen|9
|tier|[Gen 9] OU
|rated|
|rule|HP Percentage Mod: HP is shown in percentages
|rule|Endless Battle Clause: Forcing endless battles is banned
|rule|Species Clause: Limit one of each Pokémon
|rule|OHKO Clause: OHKO moves are banned
|rule|Evasion Items Clause: Evasion items are banned
|rule|Evasion Moves Clause: Evasion moves are banned
|rule|Evasion Abilities Clause: Evasion abilities are banned
|rule|Sleep Moves Clause: Sleep-inducing moves are banned
|clearpoke
|poke|p1|Great Tusk|
|poke|p1|Sinistcha-Masterpiece|
|poke|p1|Iron Moth|
|poke|p1|Quaquaval, F|
|poke|p1|Kingambit, F|
|poke|p1|Raging Bolt|
|poke|p2|Tyranitar, M|
|poke|p2|Iron Crown|
|poke|p2|Dragapult, F|
|poke|p2|Great Tusk|
|poke|p2|Alomomola, M|
|poke|p2|Zapdos|
|teampreview
|inactive|Battle timer is ON: inactive players will automatically lose when time's up. (requested by EdgeLordK)
|inactive|EdgeLordK has 120 seconds left.
|
|t:|1776054136
|teamsize|p1|6
|teamsize|p2|6
|start
|switch|p1a: Great Tusk|Great Tusk|100/100
|switch|p2a: Zapdos|Zapdos|100/100
|turn|1
|
|t:|1776054142
|-end|p1a: Great Tusk|Protosynthesis|[silent]
|switch|p1a: Raging Bolt|Raging Bolt|100/100
|move|p2a: Zapdos|Hurricane|p1a: Raging Bolt
|-resisted|p1a: Raging Bolt
|-damage|p1a: Raging Bolt|78/100
|-start|p1a: Raging Bolt|confusion
|
|-heal|p1a: Raging Bolt|85/100|[from] item: Leftovers
|upkeep
|turn|2
|
|t:|1776054151
|move|p2a: Zapdos|Volt Switch|p1a: Raging Bolt
|-resisted|p1a: Raging Bolt
|-damage|p1a: Raging Bolt|78/100
|
|t:|1776054153
|switch|p2a: Tyranitar|Tyranitar, M|100/100|[from] Volt Switch
|-weather|Sandstorm|[from] ability: Sand Stream|[of] p2a: Tyranitar
|-activate|p1a: Raging Bolt|confusion
|-damage|p1a: Raging Bolt|73/100|[from] confusion
|
|-weather|Sandstorm|[upkeep]
|-damage|p1a: Raging Bolt|67/100|[from] Sandstorm
|-heal|p1a: Raging Bolt|73/100|[from] item: Leftovers
|upkeep
|turn|3
|
|t:|1776054165
|-end|p1a: Raging Bolt|Protosynthesis|[silent]
|switch|p1a: Great Tusk|Great Tusk|100/100
|move|p2a: Tyranitar|Stealth Rock|p1a: Great Tusk
|-sidestart|p1: EdgeLordK|move: Stealth Rock
|
|-weather|Sandstorm|[upkeep]
|upkeep
|turn|4
|
|t:|1776054174
|switch|p2a: Dragapult|Dragapult, F|100/100
|move|p1a: Great Tusk|Ice Spinner|p2a: Dragapult
|-supereffective|p2a: Dragapult
|-damage|p2a: Dragapult|24/100
|
|-weather|Sandstorm|[upkeep]
|-damage|p2a: Dragapult|18/100|[from] Sandstorm
|upkeep
|turn|5
|
|t:|1776054183
|-end|p1a: Great Tusk|Protosynthesis|[silent]
|switch|p1a: Kingambit|Kingambit, F|100/100
|-damage|p1a: Kingambit|94/100|[from] Stealth Rock
|move|p2a: Dragapult|U-turn|p1a: Kingambit
|-damage|p1a: Kingambit|81/100
|
|t:|1776054189
|switch|p2a: Great Tusk|Great Tusk|100/100|[from] U-turn
|
|-weather|Sandstorm|[upkeep]
|-heal|p1a: Kingambit|88/100|[from] item: Leftovers
|upkeep
|turn|6
|
|t:|1776054215
|move|p2a: Great Tusk|Knock Off|p1a: Kingambit
|-resisted|p1a: Kingambit
|-damage|p1a: Kingambit|76/100
|-enditem|p1a: Kingambit|Leftovers|[from] move: Knock Off|[of] p2a: Great Tusk
|move|p1a: Kingambit|Iron Head|p2a: Great Tusk
|-damage|p2a: Great Tusk|68/100
|
|-weather|none
|upkeep
|turn|7
|
|t:|1776054222
|move|p2a: Great Tusk|Headlong Rush|p1a: Kingambit
|-supereffective|p1a: Kingambit
|-damage|p1a: Kingambit|0 fnt
|-unboost|p2a: Great Tusk|def|1
|-unboost|p2a: Great Tusk|spd|1
|faint|p1a: Kingambit
|-end|p1a: Kingambit|fallenundefined|[silent]
|
|upkeep
|inactive|EdgeLordK has 120 seconds left.
|
|t:|1776054258
|switch|p1a: Great Tusk|Great Tusk|100/100
|-damage|p1a: Great Tusk|98/100|[from] Stealth Rock
|turn|8
|
|t:|1776054266
|-end|p2a: Great Tusk|Protosynthesis|[silent]
|switch|p2a: Dragapult|Dragapult, F|18/100
|move|p1a: Great Tusk|Stealth Rock|p2a: Dragapult
|-sidestart|p2: EddusEatzAlot|move: Stealth Rock
|
|-heal|p1a: Great Tusk|100/100|[from] item: Leftovers
|upkeep
|turn|9
|
|t:|1776054289
|-end|p1a: Great Tusk|Protosynthesis|[silent]
|switch|p1a: Sinistcha|Sinistcha-Masterpiece|100/100
|-damage|p1a: Sinistcha|88/100|[from] Stealth Rock
|move|p2a: Dragapult|Hex|p1a: Sinistcha
|-supereffective|p1a: Sinistcha
|-damage|p1a: Sinistcha|26/100
|
|-heal|p1a: Sinistcha|32/100|[from] item: Leftovers
|upkeep
|turn|10
|
|t:|1776054298
|move|p2a: Dragapult|Hex|p1a: Sinistcha
|-supereffective|p1a: Sinistcha
|-damage|p1a: Sinistcha|0 fnt
|faint|p1a: Sinistcha
|
|upkeep
|inactive|EdgeLordK has 90 seconds left.
|
|t:|1776054319
|switch|p1a: Quaquaval|Quaquaval, F|100/100
|-damage|p1a: Quaquaval|94/100|[from] Stealth Rock
|turn|11
|
|t:|1776054322
|move|p1a: Quaquaval|Aqua Jet|p2a: Dragapult
|-resisted|p2a: Dragapult
|-damage|p2a: Dragapult|3/100
|move|p2a: Dragapult|Will-O-Wisp|p1a: Quaquaval|[miss]
|-miss|p2a: Dragapult|p1a: Quaquaval
|
|upkeep
|turn|12
|
|t:|1776054328
|switch|p2a: Alomomola|Alomomola, M|100/100
|move|p1a: Quaquaval|Aqua Jet|p2a: Alomomola
|-resisted|p2a: Alomomola
|-damage|p2a: Alomomola|95/100
|
|upkeep
|turn|13
|
|t:|1776054337
|move|p1a: Quaquaval|Knock Off|p2a: Alomomola
|-damage|p2a: Alomomola|77/100
|-enditem|p2a: Alomomola|Heavy-Duty Boots|[from] move: Knock Off|[of] p1a: Quaquaval
|move|p2a: Alomomola|Tickle|p1a: Quaquaval
|-unboost|p1a: Quaquaval|atk|1
|-unboost|p1a: Quaquaval|def|1
|
|upkeep
|turn|14
|
|t:|1776054349
|switch|p1a: Raging Bolt|Raging Bolt|73/100
|-damage|p1a: Raging Bolt|61/100|[from] Stealth Rock
|move|p2a: Alomomola|Wish|p2a: Alomomola
|
|-heal|p1a: Raging Bolt|67/100|[from] item: Leftovers
|upkeep
|turn|15
|
|t:|1776054358
|switch|p2a: Tyranitar|Tyranitar, M|100/100
|-weather|Sandstorm|[from] ability: Sand Stream|[of] p2a: Tyranitar
|move|p1a: Raging Bolt|Dragon Pulse|p2a: Tyranitar
|-damage|p2a: Tyranitar|71/100
|
|-weather|Sandstorm|[upkeep]
|-damage|p1a: Raging Bolt|61/100|[from] Sandstorm
|-heal|p2a: Tyranitar|100/100|[from] move: Wish|[wisher] Alomomola
|-heal|p1a: Raging Bolt|67/100|[from] item: Leftovers
|upkeep
|turn|16
|inactive|EdgeLordK has 120 seconds left.
|
|t:|1776054372
|-end|p1a: Raging Bolt|Protosynthesis|[silent]
|switch|p1a: Great Tusk|Great Tusk|100/100
|-damage|p1a: Great Tusk|98/100|[from] Stealth Rock
|move|p2a: Tyranitar|Knock Off|p1a: Great Tusk
|-resisted|p1a: Great Tusk
|-damage|p1a: Great Tusk|79/100
|-enditem|p1a: Great Tusk|Leftovers|[from] move: Knock Off|[of] p2a: Tyranitar
|
|-weather|Sandstorm|[upkeep]
|upkeep
|turn|17
|inactive|EdgeLordK has 120 seconds left.
|
|t:|1776054380
|switch|p2a: Alomomola|Alomomola, M|100/100
|-damage|p2a: Alomomola|88/100|[from] Stealth Rock
|move|p1a: Great Tusk|Rapid Spin|p2a: Alomomola
|-damage|p2a: Alomomola|79/100
|-boost|p1a: Great Tusk|spe|1
|-sideend|p1: EdgeLordK|Stealth Rock|[from] move: Rapid Spin|[of] p1a: Great Tusk
|
|-weather|Sandstorm|[upkeep]
|-damage|p2a: Alomomola|72/100|[from] Sandstorm
|upkeep
|turn|18
|inactive|EdgeLordK has 120 seconds left.
|
|t:|1776054397
|-end|p1a: Great Tusk|Protosynthesis|[silent]
|switch|p1a: Raging Bolt|Raging Bolt|67/100
|move|p2a: Alomomola|Wish|p2a: Alomomola
|
|-weather|Sandstorm|[upkeep]
|-damage|p1a: Raging Bolt|61/100|[from] Sandstorm
|-damage|p2a: Alomomola|66/100|[from] Sandstorm
|-heal|p1a: Raging Bolt|67/100|[from] item: Leftovers
|upkeep
|turn|19
|inactive|EdgeLordK has 120 seconds left.
|
|t:|1776054409
|switch|p2a: Tyranitar|Tyranitar, M|100/100
|move|p1a: Raging Bolt|Dragon Pulse|p2a: Tyranitar
|-damage|p2a: Tyranitar|72/100
|
|-weather|none
|-heal|p2a: Tyranitar|100/100|[from] move: Wish|[wisher] Alomomola
|-heal|p1a: Raging Bolt|73/100|[from] item: Leftovers
|upkeep
|turn|20
|inactive|EdgeLordK has 120 seconds left.
|
|t:|1776054421
|-end|p1a: Raging Bolt|Protosynthesis|[silent]
|switch|p1a: Great Tusk|Great Tusk|79/100
|move|p2a: Tyranitar|Knock Off|p1a: Great Tusk
|-resisted|p1a: Great Tusk
|-damage|p1a: Great Tusk|65/100
|
|upkeep
|turn|21
|inactive|EdgeLordK has 120 seconds left.
|
|t:|1776054430
|switch|p2a: Alomomola|Alomomola, M|99/100
|-damage|p2a: Alomomola|87/100|[from] Stealth Rock
|move|p1a: Great Tusk|Earthquake|p2a: Alomomola
|-damage|p2a: Alomomola|61/100
|
|upkeep
|turn|22
|inactive|EdgeLordK has 120 seconds left.
|inactive|EdgeLordK has 90 seconds left.
|inactive|EdgeLordK has 60 seconds left.
|
|t:|1776054514
|move|p1a: Great Tusk|Earthquake|p2a: Alomomola
|-damage|p2a: Alomomola|36/100
|move|p2a: Alomomola|Flip Turn|p1a: Great Tusk
|-supereffective|p1a: Great Tusk
|-damage|p1a: Great Tusk|41/100
|
|t:|1776054523
|switch|p2a: Iron Crown|Iron Crown|100/100|[from] Flip Turn
|-damage|p2a: Iron Crown|94/100|[from] Stealth Rock
|
|upkeep
|turn|23
|inactive|EdgeLordK has 60 seconds left.
|
|t:|1776054542
|-end|p1a: Great Tusk|Protosynthesis|[silent]
|switch|p1a: Raging Bolt|Raging Bolt|73/100
|move|p2a: Iron Crown|Psychic Noise|p1a: Raging Bolt
|-damage|p1a: Raging Bolt|26/100
|-start|p1a: Raging Bolt|move: Heal Block
|
|upkeep
|turn|24
|
|t:|1776054550
|move|p1a: Raging Bolt|Thunderclap|p2a: Iron Crown
|-damage|p2a: Iron Crown|51/100
|move|p2a: Iron Crown|Psychic Noise|p1a: Raging Bolt
|-damage|p1a: Raging Bolt|0 fnt
|faint|p1a: Raging Bolt
|-end|p1a: Raging Bolt|Protosynthesis|[silent]
|
|upkeep
|
|t:|1776054575
|switch|p1a: Iron Moth|Iron Moth|100/100
|-enditem|p1a: Iron Moth|Booster Energy
|-activate|p1a: Iron Moth|ability: Quark Drive|[fromitem]
|-start|p1a: Iron Moth|quarkdrivespa
|turn|25
|
|t:|1776054586
|-end|p2a: Iron Crown|Quark Drive|[silent]
|switch|p2a: Great Tusk|Great Tusk|68/100
|-terastallize|p1a: Iron Moth|Flying
|move|p1a: Iron Moth|Fiery Dance|p2a: Great Tusk
|-damage|p2a: Great Tusk|0 fnt
|-boost|p1a: Iron Moth|spa|1
|faint|p2a: Great Tusk
|-end|p2a: Great Tusk|Protosynthesis|[silent]
|
|upkeep
|j| samurajen
|
|t:|1776054594
|switch|p2a: Tyranitar|Tyranitar, M|100/100
|-weather|Sandstorm|[from] ability: Sand Stream|[of] p2a: Tyranitar
|turn|26
|inactive|EdgeLordK has 30 seconds left.
|
|t:|1776054620
|-end|p1a: Iron Moth|Quark Drive|[silent]
|switch|p1a: Great Tusk|Great Tusk|41/100
|move|p2a: Tyranitar|Knock Off|p1a: Great Tusk
|-resisted|p1a: Great Tusk
|-damage|p1a: Great Tusk|27/100
|
|-weather|Sandstorm|[upkeep]
|upkeep
|turn|27
|
|t:|1776054629
|switch|p2a: Alomomola|Alomomola, M|70/100
|-damage|p2a: Alomomola|57/100|[from] Stealth Rock
|move|p1a: Great Tusk|Ice Spinner|p2a: Alomomola
|-resisted|p2a: Alomomola
|-damage|p2a: Alomomola|50/100
|
|-weather|Sandstorm|[upkeep]
|-damage|p2a: Alomomola|44/100|[from] Sandstorm
|upkeep
|turn|28
|
|t:|1776054637
|move|p1a: Great Tusk|Earthquake|p2a: Alomomola
|-damage|p2a: Alomomola|16/100
|move|p2a: Alomomola|Flip Turn|p1a: Great Tusk
|-supereffective|p1a: Great Tusk
|-damage|p1a: Great Tusk|3/100
|
|t:|1776054655
|switch|p2a: Zapdos|Zapdos|100/100|[from] Flip Turn
|
|-weather|Sandstorm|[upkeep]
|-damage|p2a: Zapdos|94/100|[from] Sandstorm
|upkeep
|turn|29
|
|t:|1776054666
|switch|p2a: Alomomola|Alomomola, M|49/100
|-damage|p2a: Alomomola|37/100|[from] Stealth Rock
|move|p1a: Great Tusk|Ice Spinner|p2a: Alomomola
|-resisted|p2a: Alomomola
|-damage|p2a: Alomomola|30/100
|
|-weather|Sandstorm|[upkeep]
|-damage|p2a: Alomomola|24/100|[from] Sandstorm
|upkeep
|turn|30
|
|t:|1776054687
|switch|p2a: Zapdos|Zapdos|94/100
|move|p1a: Great Tusk|Earthquake|p2a: Zapdos
|-immune|p2a: Zapdos
|
|-weather|none
|upkeep
|turn|31
|j| ohko_smeargle
|
|t:|1776054697
|switch|p2a: Alomomola|Alomomola, M|57/100
|-damage|p2a: Alomomola|45/100|[from] Stealth Rock
|move|p1a: Great Tusk|Rapid Spin|p2a: Alomomola
|-damage|p2a: Alomomola|36/100
|-boost|p1a: Great Tusk|spe|1
|
|upkeep
|turn|32
|
|t:|1776054703
|move|p1a: Great Tusk|Earthquake|p2a: Alomomola
|-damage|p2a: Alomomola|8/100
|move|p2a: Alomomola|Flip Turn|p1a: Great Tusk
|-supereffective|p1a: Great Tusk
|-damage|p1a: Great Tusk|0 fnt
|faint|p1a: Great Tusk
|-end|p1a: Great Tusk|Protosynthesis|[silent]
|
|t:|1776054708
|switch|p2a: Zapdos|Zapdos|94/100|[from] Flip Turn
|
|upkeep
|
|t:|1776054713
|switch|p1a: Iron Moth|Iron Moth, tera:Flying|100/100
|turn|33
|
|t:|1776054718
|move|p1a: Iron Moth|Fiery Dance|p2a: Zapdos
|-damage|p2a: Zapdos|52/100
|-boost|p1a: Iron Moth|spa|1
|move|p2a: Zapdos|Volt Switch|p1a: Iron Moth
|-supereffective|p1a: Iron Moth
|-damage|p1a: Iron Moth|37/100
|c|☆EddusEatzAlot|why tera flying and booster Spatk
|
|t:|1776054733
|switch|p2a: Dragapult|Dragapult, F|3/100|[from] Volt Switch
|
|upkeep
|turn|34
|
|t:|1776054753
|move|p2a: Dragapult|Dragon Darts|p1a: Iron Moth
|-damage|p1a: Iron Moth|0 fnt
|faint|p1a: Iron Moth
|-end|p1a: Iron Moth|Quark Drive|[silent]
|
|upkeep
|
|t:|1776054757
|switch|p1a: Quaquaval|Quaquaval, F|94/100
|turn|35
|
|t:|1776054763
|switch|p2a: Zapdos|Zapdos|52/100
|move|p1a: Quaquaval|Aqua Jet|p2a: Zapdos
|-damage|p2a: Zapdos|35/100
|-status|p1a: Quaquaval|par|[from] ability: Static|[of] p2a: Zapdos
|
|upkeep
|turn|36
|
|t:|1776054771
|cant|p1a: Quaquaval|par
|move|p2a: Zapdos|Roost|p2a: Zapdos
|-heal|p2a: Zapdos|86/100
|-singleturn|p2a: Zapdos|move: Roost
|
|upkeep
|turn|37
|inactive|EdgeLordK has 90 seconds left.
|
|t:|1776054777
|cant|p1a: Quaquaval|par
|move|p2a: Zapdos|Volt Switch|p1a: Quaquaval
|-supereffective|p1a: Quaquaval
|-damage|p1a: Quaquaval|38/100 par
|
|t:|1776054782
|switch|p2a: Alomomola|Alomomola, M|42/100|[from] Volt Switch
|-damage|p2a: Alomomola|29/100|[from] Stealth Rock
|
|upkeep
|turn|38
|
|t:|1776054790
|move|p2a: Alomomola|Tickle|p1a: Quaquaval
|-unboost|p1a: Quaquaval|atk|1
|-unboost|p1a: Quaquaval|def|1
|cant|p1a: Quaquaval|par
|
|upkeep
|turn|39
|
|t:|1776054795
|move|p2a: Alomomola|Tickle|p1a: Quaquaval
|-unboost|p1a: Quaquaval|atk|1
|-unboost|p1a: Quaquaval|def|1
|move|p1a: Quaquaval|Aqua Step|p2a: Alomomola
|-resisted|p2a: Alomomola
|-damage|p2a: Alomomola|24/100
|-boost|p1a: Quaquaval|spe|1
|
|upkeep
|turn|40
|
|t:|1776054803
|move|p1a: Quaquaval|Aqua Step|p2a: Alomomola
|-resisted|p2a: Alomomola
|-damage|p2a: Alomomola|19/100
|-boost|p1a: Quaquaval|spe|1
|move|p2a: Alomomola|Wish|p2a: Alomomola
|
|upkeep
|turn|41
|
|t:|1776054809
|move|p2a: Alomomola|Protect|p2a: Alomomola
|-singleturn|p2a: Alomomola|Protect
|move|p1a: Quaquaval|Aqua Step|p2a: Alomomola
|-activate|p2a: Alomomola|move: Protect
|
|-heal|p2a: Alomomola|69/100|[from] move: Wish|[wisher] Alomomola
|upkeep
|turn|42
|inactive|EdgeLordK has 120 seconds left.
|
|t:|1776054816
|cant|p1a: Quaquaval|par
|move|p2a: Alomomola|Tickle|p1a: Quaquaval
|-unboost|p1a: Quaquaval|atk|1
|-unboost|p1a: Quaquaval|def|1
|
|upkeep
|turn|43
|
|t:|1776054820
|cant|p1a: Quaquaval|par
|move|p2a: Alomomola|Tickle|p1a: Quaquaval
|-unboost|p1a: Quaquaval|atk|1
|-unboost|p1a: Quaquaval|def|1
|
|upkeep
|turn|44
|
|t:|1776054826
|move|p1a: Quaquaval|Aqua Step|p2a: Alomomola
|-resisted|p2a: Alomomola
|-damage|p2a: Alomomola|66/100
|-boost|p1a: Quaquaval|spe|1
|move|p2a: Alomomola|Tickle|p1a: Quaquaval
|-unboost|p1a: Quaquaval|atk|1
|-unboost|p1a: Quaquaval|def|1
|
|upkeep
|turn|45
|
|t:|1776054834
|move|p1a: Quaquaval|Close Combat|p2a: Alomomola
|-damage|p2a: Alomomola|56/100
|-unboost|p1a: Quaquaval|def|1
|-unboost|p1a: Quaquaval|spd|1
|move|p2a: Alomomola|Tickle|p1a: Quaquaval
|-unboost|p1a: Quaquaval|atk|1
|-unboost|p1a: Quaquaval|def|0
|
|upkeep
|turn|46
|
|t:|1776054841
|move|p1a: Quaquaval|Close Combat|p2a: Alomomola
|-damage|p2a: Alomomola|48/100
|-unboost|p1a: Quaquaval|spd|1
|move|p2a: Alomomola|Wish|p2a: Alomomola
|
|upkeep
|turn|47
|
|t:|1776054847
|move|p1a: Quaquaval|Close Combat|p2a: Alomomola
|-damage|p2a: Alomomola|40/100
|-unboost|p1a: Quaquaval|spd|1
|move|p2a: Alomomola|Tickle|p1a: Quaquaval
|-unboost|p1a: Quaquaval|atk|0
|-unboost|p1a: Quaquaval|def|0
|
|-heal|p2a: Alomomola|90/100|[from] move: Wish|[wisher] Alomomola
|upkeep
|turn|48
|
|t:|1776054855
|cant|p1a: Quaquaval|par
|move|p2a: Alomomola|Flip Turn|p1a: Quaquaval
|-resisted|p1a: Quaquaval
|-damage|p1a: Quaquaval|0 fnt
|faint|p1a: Quaquaval
|
|win|EddusEatzAlot
|raw|EdgeLordK's rating: 1554 &rarr; <strong>1537</strong><br />(-17 for losing)
|raw|EddusEatzAlot's rating: 1615 &rarr; <strong>1632</strong><br />(+17 for winning)
|l| ohko_smeargle
|c|☆EddusEatzAlot|gg wp
|l|☆EddusEatzAlot
|player|p2|
