|html|<div class="broadcast-blue"><strong>[Gen 9] OU is currently suspecting Tera Blast! For information on how to participate check out the <a href="https://www.smogon.com/tools/suspects/view/200">suspect thread</a>.</strong></div>
|j|‽unauthorized user
|j|☆SteampunkFurret
|t:|1776056599
|gametype|singles
|player|p1|unauthorized user|102|1122
|player|p2|SteampunkFurret|lass-gen4dp|1121
|gen|9
|tier|[Gen 9] OU
|rated|
|rule|HP Percentage Mod: HP is shown in percentages
|rule|Endless Battle Clause: Forcing endless battles is banned
|rule|Species Clause: Limit one of each Pokémon
|rule|OHKO Clause: OHKO moves are banned
|rule|Evasion Items Clause: Evasion items are banned
|rule|Evasion Moves Clause: Evasion moves are banned
|rule|Evasion Abilities Clause: Evasion abilities are banned
|rule|Sleep Moves Clause: Sleep-inducing moves are banned
|clearpoke
|poke|p1|Meowscarada, M|
|poke|p1|Pecharunt|
|poke|p1|Enamorus, F|
|poke|p1|Iron Treads|
|poke|p1|Skarmory, F|
|poke|p1|Slowking, M|
|poke|p2|Skarmory, M|
|poke|p2|Slowking, F|
|poke|p2|Metagross|
|poke|p2|Weezing-Galar, F|
|poke|p2|Tornadus-Therian, M|
|poke|p2|Hoopa-Unbound|
|teampreview
|
|t:|1776056612
|teamsize|p1|6
|teamsize|p2|6
|start
|switch|p1a: Skarmory|Skarmory, F|100/100
|switch|p2a: Hoopa|Hoopa-Unbound|100/100
|turn|1
|
|t:|1776056629
|switch|p1a: Iron Treads|Iron Treads|100/100
|move|p2a: Hoopa|Trick|p1a: Iron Treads
|-activate|p2a: Hoopa|move: Trick|[of] p1a: Iron Treads
|-item|p1a: Iron Treads|Choice Band|[from] move: Trick
|-item|p2a: Hoopa|Leftovers|[from] move: Trick
|
|upkeep
|turn|2
|
|t:|1776056648
|move|p2a: Hoopa|Drain Punch|p1a: Iron Treads
|-supereffective|p1a: Iron Treads
|-damage|p1a: Iron Treads|58/100
|move|p1a: Iron Treads|Knock Off|p2a: Hoopa
|-damage|p2a: Hoopa|37/100
|-enditem|p2a: Hoopa|Leftovers|[from] move: Knock Off|[of] p1a: Iron Treads
|
|upkeep
|turn|3
|
|t:|1776056662
|-end|p1a: Iron Treads|Quark Drive|[silent]
|switch|p1a: Pecharunt|Pecharunt|100/100
|move|p2a: Hoopa|Drain Punch|p1a: Pecharunt
|-immune|p1a: Pecharunt
|
|upkeep
|turn|4
|
|t:|1776056673
|move|p2a: Hoopa|Hyperspace Fury|p1a: Pecharunt
|-supereffective|p1a: Pecharunt
|-damage|p1a: Pecharunt|46/100
|-unboost|p2a: Hoopa|def|1
|-item|p2a: Hoopa|Rocky Helmet|[from] ability: Magician|[of] p1a: Pecharunt
|move|p1a: Pecharunt|Parting Shot|p2a: Hoopa
|-unboost|p2a: Hoopa|atk|1
|-unboost|p2a: Hoopa|spa|1
|
|t:|1776056695
|switch|p1a: Enamorus|Enamorus, F|100/100|[from] Parting Shot
|
|upkeep
|turn|5
|
|t:|1776056704
|switch|p2a: Metagross|Metagross|100/100
|move|p1a: Enamorus|Mystical Fire|p2a: Metagross
|-supereffective|p2a: Metagross
|-damage|p2a: Metagross|42/100
|
|-heal|p2a: Metagross|48/100|[from] item: Leftovers
|upkeep
|turn|6
|
|t:|1776056713
|move|p2a: Metagross|Protect|p2a: Metagross
|-singleturn|p2a: Metagross|Protect
|move|p1a: Enamorus|Mystical Fire|p2a: Metagross
|-activate|p2a: Metagross|move: Protect
|
|-heal|p2a: Metagross|54/100|[from] item: Leftovers
|upkeep
|turn|7
|
|t:|1776056720
|switch|p2a: Slowking|Slowking, F|100/100
|move|p1a: Enamorus|Mystical Fire|p2a: Slowking
|-resisted|p2a: Slowking
|-damage|p2a: Slowking|92/100
|-unboost|p2a: Slowking|spa|1
|
|upkeep
|turn|8
|
|t:|1776056729
|switch|p1a: Slowking|Slowking, M|100/100
|move|p2a: Slowking|Thunder Wave|p1a: Slowking
|-status|p1a: Slowking|par
|
|upkeep
|turn|9
|
|t:|1776056747
|move|p2a: Slowking|Future Sight|p1a: Slowking
|-start|p2a: Slowking|move: Future Sight
|move|p1a: Slowking|Future Sight|p2a: Slowking
|-start|p1a: Slowking|move: Future Sight
|
|upkeep
|turn|10
|
|t:|1776056759
|switch|p1a: Meowscarada|Meowscarada, M|100/100
|-prepare|p2a: Slowking|Chilly Reception|[premajor]
|move|p2a: Slowking|Chilly Reception|p2a: Slowking
|-weather|Snowscape
|
|t:|1776056775
|switch|p2a: Skarmory|Skarmory, M|100/100|[from] Chilly Reception
|
|-weather|Snowscape|[upkeep]
|upkeep
|turn|11
|
|t:|1776056795
|move|p1a: Meowscarada|Knock Off|p2a: Skarmory
|-start|p1a: Meowscarada|typechange|Dark|[from] ability: Protean
|-damage|p2a: Skarmory|45/100
|-damage|p1a: Meowscarada|84/100|[from] item: Rocky Helmet|[of] p2a: Skarmory
|-enditem|p2a: Skarmory|Rocky Helmet|[from] move: Knock Off|[of] p1a: Meowscarada
|move|p2a: Skarmory|Body Press|p1a: Meowscarada
|-supereffective|p1a: Meowscarada
|-damage|p1a: Meowscarada|11/100
|
|-weather|Snowscape|[upkeep]
|-end|p1a: Meowscarada|move: Future Sight
|-immune|p1a: Meowscarada
|-end|p2a: Skarmory|move: Future Sight
|-resisted|p2a: Skarmory
|-damage|p2a: Skarmory|25/100
|upkeep
|turn|12
|
|t:|1776056809
|move|p1a: Meowscarada|Knock Off|p2a: Skarmory
|-damage|p2a: Skarmory|0 fnt
|faint|p2a: Skarmory
|
|-weather|Snowscape|[upkeep]
|upkeep
|
|t:|1776056820
|switch|p2a: Weezing|Weezing-Galar, F|100/100
|-ability|p2a: Weezing|Neutralizing Gas
|turn|13
|
|t:|1776056828
|switch|p1a: Iron Treads|Iron Treads|58/100
|move|p2a: Weezing|Sludge Bomb|p1a: Iron Treads
|-immune|p1a: Iron Treads
|
|-weather|Snowscape|[upkeep]
|upkeep
|turn|14
|
|t:|1776056851
|move|p1a: Iron Treads|Stealth Rock|p2a: Weezing
|-sidestart|p2: SteampunkFurret|move: Stealth Rock
|move|p2a: Weezing|Will-O-Wisp|p1a: Iron Treads
|-status|p1a: Iron Treads|brn
|
|-weather|none
|-damage|p1a: Iron Treads|52/100 brn|[from] brn
|upkeep
|turn|15
|
|t:|1776056864
|-end|p1a: Iron Treads|Quark Drive|[silent]
|switch|p1a: Skarmory|Skarmory, F|100/100
|move|p2a: Weezing|Sludge Bomb|p1a: Skarmory
|-immune|p1a: Skarmory
|
|upkeep
|turn|16
|
|t:|1776056875
|move|p1a: Skarmory|Iron Defense|p1a: Skarmory
|-boost|p1a: Skarmory|def|2
|move|p2a: Weezing|Will-O-Wisp|p1a: Skarmory
|-status|p1a: Skarmory|brn
|
|-damage|p1a: Skarmory|94/100 brn|[from] brn
|upkeep
|turn|17
|
|t:|1776056888
|move|p1a: Skarmory|Iron Defense|p1a: Skarmory
|-boost|p1a: Skarmory|def|2
|move|p2a: Weezing|Defog|p1a: Skarmory
|-unboost|p1a: Skarmory|evasion|1
|-sideend|p2: SteampunkFurret|Stealth Rock|[from] move: Defog|[of] p2a: Weezing
|
|-damage|p1a: Skarmory|88/100 brn|[from] brn
|upkeep
|turn|18
|
|t:|1776056909
|-end|p2a: Weezing|ability: Neutralizing Gas
|switch|p2a: Tornadus|Tornadus-Therian, M|100/100
|move|p1a: Skarmory|Iron Defense|p1a: Skarmory
|-boost|p1a: Skarmory|def|2
|
|-damage|p1a: Skarmory|82/100 brn|[from] brn
|upkeep
|turn|19
|
|t:|1776056917
|move|p2a: Tornadus|Heat Wave|p1a: Skarmory
|-supereffective|p1a: Skarmory
|-damage|p1a: Skarmory|12/100 brn
|move|p1a: Skarmory|Body Press|p2a: Tornadus
|-resisted|p2a: Tornadus
|-damage|p2a: Tornadus|68/100
|
|-damage|p1a: Skarmory|6/100 brn|[from] brn
|upkeep
|turn|20
|
|t:|1776056928
|switch|p1a: Slowking|Slowking, M|100/100 par
|move|p2a: Tornadus|Heat Wave|p1a: Slowking
|-resisted|p1a: Slowking
|-damage|p1a: Slowking|95/100 par
|
|upkeep
|turn|21
|
|t:|1776056937
|move|p2a: Tornadus|Bleakwind Storm|p1a: Slowking
|-damage|p1a: Slowking|79/100 par
|move|p1a: Slowking|Future Sight|p2a: Tornadus
|-start|p1a: Slowking|move: Future Sight
|
|upkeep
|turn|22
|c|☆SteampunkFurret|oops
|
|t:|1776056956
|move|p2a: Tornadus|Nasty Plot|p2a: Tornadus
|-boost|p2a: Tornadus|spa|2
|move|p1a: Slowking|Scald|p2a: Tornadus
|-damage|p2a: Tornadus|36/100
|
|upkeep
|turn|23
|
|t:|1776056989
|move|p2a: Tornadus|Dark Pulse|p1a: Slowking
|-supereffective|p1a: Slowking
|-damage|p1a: Slowking|40/100 par
|cant|p1a: Slowking|par
|
|-end|p2a: Tornadus|move: Future Sight
|-damage|p2a: Tornadus|0 fnt
|faint|p2a: Tornadus
|upkeep
|
|t:|1776056999
|switch|p2a: Hoopa|Hoopa-Unbound|37/100
|turn|24
|
|t:|1776057011
|switch|p1a: Skarmory|Skarmory, F|6/100 brn
|move|p2a: Hoopa|Hyperspace Fury|p1a: Skarmory
|-damage|p1a: Skarmory|0 fnt
|-unboost|p2a: Hoopa|def|1
|faint|p1a: Skarmory
|
|upkeep
|
|t:|1776057054
|switch|p1a: Meowscarada|Meowscarada, M|11/100
|turn|25
|
|t:|1776057064
|switch|p2a: Weezing|Weezing-Galar, F|100/100
|-ability|p2a: Weezing|Neutralizing Gas
|move|p1a: Meowscarada|Flower Trick|p2a: Weezing
|-resisted|p2a: Weezing
|-crit|p2a: Weezing
|-damage|p2a: Weezing|76/100
|
|upkeep
|turn|26
|
|t:|1776057077
|switch|p1a: Iron Treads|Iron Treads|52/100 brn
|move|p2a: Weezing|Sludge Bomb|p1a: Iron Treads
|-immune|p1a: Iron Treads
|
|-damage|p1a: Iron Treads|46/100 brn|[from] brn
|upkeep
|turn|27
|
|t:|1776057103
|move|p1a: Iron Treads|Earthquake|p2a: Weezing
|-supereffective|p2a: Weezing
|-damage|p2a: Weezing|37/100
|move|p2a: Weezing|Will-O-Wisp|p1a: Iron Treads
|-fail|p1a: Iron Treads|brn
|
|-damage|p1a: Iron Treads|40/100 brn|[from] brn
|upkeep
|turn|28
|-message|SteampunkFurret forfeited.
|
|win|unauthorized user
|raw|unauthorized user's rating: 1122 &rarr; <strong>1147</strong><br />(+25 for winning)
|raw|SteampunkFurret's rating: 1121 &rarr; <strong>1096</strong><br />(-25 for losing)
|l|☆SteampunkFurret
|player|p2|
|l|‽unauthorized user
|player|p1|
|j|☆SteampunkFurret
|player|p2|SteampunkFurret|lass-gen4dp|
