|html|<div class="broadcast-blue"><strong>[Gen 9] OU is currently suspecting Tera Blast! For information on how to participate check out the <a href="https://www.smogon.com/tools/suspects/view/200">suspect thread</a>.</strong></div>
|j|☆Wen-juckt's?
|j|☆AKGD
|t:|1776034045
|gametype|singles
|player|p1|Wen-juckt's?|2|1458
|player|p2|AKGD|hilbert|1422
|gen|9
|tier|[Gen 9] OU
|rated|
|rule|HP Percentage Mod: HP is shown in percentages
|rule|Endless Battle Clause: Forcing endless battles is banned
|rule|Species Clause: Limit one of each Pokémon
|rule|OHKO Clause: OHKO moves are banned
|rule|Evasion Items Clause: Evasion items are banned
|rule|Evasion Moves Clause: Evasion moves are banned
|rule|Evasion Abilities Clause: Evasion abilities are banned
|rule|Sleep Moves Clause: Sleep-inducing moves are banned
|clearpoke
|poke|p1|Ogerpon-Wellspring, F|
|poke|p1|Gholdengo|
|poke|p1|Ninetales-Alola, M|
|poke|p1|Rillaboom, F|
|poke|p1|Great Tusk|
|poke|p1|Iron Moth|
|poke|p2|Dragapult, M|
|poke|p2|Raging Bolt|
|poke|p2|Iron Moth|
|poke|p2|Great Tusk|
|poke|p2|Ogerpon-Wellspring, F|
|poke|p2|Landorus-Therian, M|
|teampreview
|inactive|Battle timer is ON: inactive players will automatically lose when time's up. (requested by AKGD)
|
|t:|1776034064
|teamsize|p1|6
|teamsize|p2|6
|start
|switch|p1a: Ninetales|Ninetales-Alola, M|100/100
|switch|p2a: Landorus|Landorus-Therian, M|100/100
|-weather|Snowscape|[from] ability: Snow Warning|[of] p1a: Ninetales
|-ability|p2a: Landorus|Intimidate|boost
|-unboost|p1a: Ninetales|atk|1
|turn|1
|
|t:|1776034084
|move|p1a: Ninetales|Freeze-Dry|p2a: Landorus
|-supereffective|p2a: Landorus
|-damage|p2a: Landorus|0 fnt
|faint|p2a: Landorus
|
|-weather|Snowscape|[upkeep]
|upkeep
|
|t:|1776034094
|switch|p2a: Ogerpon|Ogerpon-Wellspring, F|100/100
|turn|2
|
|t:|1776034111
|move|p2a: Ogerpon|Ivy Cudgel|p1a: Ninetales|[anim] Ivy Cudgel Water
|-damage|p1a: Ninetales|48/100
|move|p1a: Ninetales|Aurora Veil|p1a: Ninetales
|-sidestart|p1: Wen-juckt's?|move: Aurora Veil
|
|-weather|Snowscape|[upkeep]
|upkeep
|turn|3
|
|t:|1776034128
|switch|p1a: Rillaboom|Rillaboom, F|100/100
|-fieldstart|move: Grassy Terrain|[from] ability: Grassy Surge|[of] p1a: Rillaboom
|move|p2a: Ogerpon|Ivy Cudgel|p1a: Rillaboom|[anim] Ivy Cudgel Water
|-resisted|p1a: Rillaboom
|-damage|p1a: Rillaboom|86/100
|
|-weather|Snowscape|[upkeep]
|-heal|p1a: Rillaboom|92/100|[from] Grassy Terrain
|upkeep
|turn|4
|
|t:|1776034147
|move|p2a: Ogerpon|Play Rough|p1a: Rillaboom
|-damage|p1a: Rillaboom|74/100
|move|p1a: Rillaboom|Swords Dance|p1a: Rillaboom
|-boost|p1a: Rillaboom|atk|2
|
|-weather|Snowscape|[upkeep]
|-heal|p1a: Rillaboom|80/100|[from] Grassy Terrain
|upkeep
|turn|5
|
|t:|1776034159
|switch|p2a: Iron Moth|Iron Moth|100/100
|-enditem|p2a: Iron Moth|Booster Energy
|-activate|p2a: Iron Moth|ability: Quark Drive|[fromitem]
|-start|p2a: Iron Moth|quarkdrivespa
|move|p1a: Rillaboom|Grassy Glide|p2a: Iron Moth
|-resisted|p2a: Iron Moth
|-damage|p2a: Iron Moth|68/100
|
|-weather|none
|-heal|p2a: Iron Moth|74/100|[from] Grassy Terrain
|-heal|p1a: Rillaboom|86/100|[from] Grassy Terrain
|upkeep
|turn|6
|inactive|AKGD has 120 seconds left.
|
|t:|1776034191
|move|p2a: Iron Moth|Fiery Dance|p1a: Rillaboom
|-supereffective|p1a: Rillaboom
|-damage|p1a: Rillaboom|15/100
|move|p1a: Rillaboom|Knock Off|p2a: Iron Moth
|-crit|p2a: Iron Moth
|-damage|p2a: Iron Moth|0 fnt
|faint|p2a: Iron Moth
|-end|p2a: Iron Moth|Quark Drive|[silent]
|
|-heal|p1a: Rillaboom|21/100|[from] Grassy Terrain
|upkeep
|
|t:|1776034214
|switch|p2a: Dragjet|Dragapult, M|100/100
|turn|7
|inactive|AKGD has 90 seconds left.
|
|t:|1776034231
|move|p1a: Rillaboom|Grassy Glide|p2a: Dragjet
|-resisted|p2a: Dragjet
|-damage|p2a: Dragjet|44/100
|move|p2a: Dragjet|Dragon Darts|p1a: Rillaboom
|-damage|p1a: Rillaboom|0 fnt
|faint|p1a: Rillaboom
|
|-heal|p2a: Dragjet|50/100|[from] Grassy Terrain
|upkeep
|inactive|Wen-juckt's? has 120 seconds left.
|
|t:|1776034268
|switch|p1a: Great Tusk|Great Tusk|100/100
|-enditem|p1a: Great Tusk|Booster Energy
|-activate|p1a: Great Tusk|ability: Protosynthesis|[fromitem]
|-start|p1a: Great Tusk|protosynthesisspe
|turn|8
|
|t:|1776034279
|switch|p2a: Ogerpon|Ogerpon-Wellspring, F|100/100
|move|p1a: Great Tusk|Headlong Rush|p2a: Ogerpon
|-resisted|p2a: Ogerpon
|-damage|p2a: Ogerpon|68/100
|-unboost|p1a: Great Tusk|def|1
|-unboost|p1a: Great Tusk|spd|1
|
|-heal|p2a: Ogerpon|74/100|[from] Grassy Terrain
|upkeep
|turn|9
|inactive|Wen-juckt's? has 90 seconds left.
|
|t:|1776034317
|-end|p1a: Great Tusk|Protosynthesis|[silent]
|switch|p1a: Iron Moth|Iron Moth|100/100
|-enditem|p1a: Iron Moth|Booster Energy
|-activate|p1a: Iron Moth|ability: Quark Drive|[fromitem]
|-start|p1a: Iron Moth|quarkdrivespe
|move|p2a: Ogerpon|Ivy Cudgel|p1a: Iron Moth|[anim] Ivy Cudgel Water
|-supereffective|p1a: Iron Moth
|-crit|p1a: Iron Moth
|-damage|p1a: Iron Moth|0 fnt
|faint|p1a: Iron Moth
|-end|p1a: Iron Moth|Quark Drive|[silent]
|
|-heal|p2a: Ogerpon|80/100|[from] Grassy Terrain
|-sideend|p1: Wen-juckt's?|move: Aurora Veil
|upkeep
|
|t:|1776034329
|switch|p1a: Ogerpon|Ogerpon-Wellspring, F|100/100
|turn|10
|
|t:|1776034345
|move|p2a: Ogerpon|Horn Leech|p1a: Ogerpon
|-damage|p1a: Ogerpon|23/100
|-heal|p2a: Ogerpon|100/100|[from] drain|[of] p1a: Ogerpon
|move|p1a: Ogerpon|Horn Leech|p2a: Ogerpon
|-damage|p2a: Ogerpon|17/100
|-heal|p1a: Ogerpon|65/100|[from] drain|[of] p2a: Ogerpon
|
|-heal|p2a: Ogerpon|23/100|[from] Grassy Terrain
|-heal|p1a: Ogerpon|71/100|[from] Grassy Terrain
|-fieldend|move: Grassy Terrain
|upkeep
|turn|11
|
|t:|1776034363
|switch|p2a: Raging Bolt|Raging Bolt|100/100
|-enditem|p2a: Raging Bolt|Booster Energy
|-activate|p2a: Raging Bolt|ability: Protosynthesis|[fromitem]
|-start|p2a: Raging Bolt|protosynthesisspa
|move|p1a: Ogerpon|Horn Leech|p2a: Raging Bolt
|-resisted|p2a: Raging Bolt
|-damage|p2a: Raging Bolt|78/100
|-heal|p1a: Ogerpon|86/100|[from] drain|[of] p2a: Raging Bolt
|
|upkeep
|turn|12
|
|t:|1776034377
|switch|p1a: Gholdengo|Gholdengo|100/100
|move|p2a: Raging Bolt|Thunderbolt|p1a: Gholdengo
|-damage|p1a: Gholdengo|20/100
|
|upkeep
|turn|13
|
|t:|1776034386
|move|p1a: Gholdengo|Recover|p1a: Gholdengo
|-heal|p1a: Gholdengo|70/100
|move|p2a: Raging Bolt|Thunderbolt|p1a: Gholdengo
|-damage|p1a: Gholdengo|0 fnt
|faint|p1a: Gholdengo
|
|upkeep
|
|t:|1776034390
|switch|p1a: Ninetales|Ninetales-Alola, M|48/100
|-weather|Snowscape|[from] ability: Snow Warning|[of] p1a: Ninetales
|turn|14
|inactive|AKGD has 120 seconds left.
|
|t:|1776034406
|move|p1a: Ninetales|Aurora Veil|p1a: Ninetales
|-sidestart|p1: Wen-juckt's?|move: Aurora Veil
|move|p2a: Raging Bolt|Thunderbolt|p1a: Ninetales
|-damage|p1a: Ninetales|14/100
|
|-weather|Snowscape|[upkeep]
|upkeep
|turn|15
|
|t:|1776034424
|move|p2a: Raging Bolt|Thunderclap|p1a: Ninetales
|-damage|p1a: Ninetales|0 fnt
|faint|p1a: Ninetales
|
|-weather|Snowscape|[upkeep]
|upkeep
|
|t:|1776034429
|switch|p1a: Ogerpon|Ogerpon-Wellspring, F|86/100
|turn|16
|
|t:|1776034447
|move|p1a: Ogerpon|Horn Leech|p2a: Raging Bolt
|-resisted|p2a: Raging Bolt
|-damage|p2a: Raging Bolt|55/100
|-heal|p1a: Ogerpon|100/100|[from] drain|[of] p2a: Raging Bolt
|move|p2a: Raging Bolt|Thunderbolt|p1a: Ogerpon
|-damage|p1a: Ogerpon|62/100
|
|-weather|Snowscape|[upkeep]
|upkeep
|turn|17
|
|t:|1776034460
|-terastallize|p2a: Raging Bolt|Flying
|move|p1a: Ogerpon|Swords Dance|p1a: Ogerpon
|-boost|p1a: Ogerpon|atk|2
|move|p2a: Raging Bolt|Tera Blast|p1a: Ogerpon|[anim] Tera Blast Flying
|-supereffective|p1a: Ogerpon
|-damage|p1a: Ogerpon|0 fnt
|faint|p1a: Ogerpon
|
|-weather|Snowscape|[upkeep]
|upkeep
|-message|Wen-juckt's? forfeited.
|
|win|AKGD
|raw|Wen-juckt&apos;s?'s rating: 1458 &rarr; <strong>1436</strong><br />(-22 for losing)
|raw|AKGD's rating: 1422 &rarr; <strong>1444</strong><br />(+22 for winning)
|l|☆Wen-juckt's?
|player|p1|
|c|☆AKGD|Gg
