|html|<div class="broadcast-blue"><strong>[Gen 9] OU is currently suspecting Tera Blast! For information on how to participate check out the <a href="https://www.smogon.com/tools/suspects/view/200">suspect thread</a>.</strong></div>
|j|☆Scepy11
|j|☆zimbabwe2137
|t:|1776077083
|gametype|singles
|player|p1|Scepy11|102|1058
|player|p2|zimbabwe2137|101|1030
|gen|9
|tier|[Gen 9] OU
|rated|
|rule|HP Percentage Mod: HP is shown in percentages
|rule|Endless Battle Clause: Forcing endless battles is banned
|rule|Species Clause: Limit one of each Pokémon
|rule|OHKO Clause: OHKO moves are banned
|rule|Evasion Items Clause: Evasion items are banned
|rule|Evasion Moves Clause: Evasion moves are banned
|rule|Evasion Abilities Clause: Evasion abilities are banned
|rule|Sleep Moves Clause: Sleep-inducing moves are banned
|clearpoke
|poke|p1|Serperior, M|
|poke|p1|Gliscor, M|
|poke|p1|Scizor, F|
|poke|p1|Ceruledge, M|
|poke|p1|Klefki, F|
|poke|p1|Pawmot, M|
|poke|p2|Alomomola, F|
|poke|p2|Kingambit, F|
|poke|p2|Great Tusk|
|poke|p2|Ogerpon-Wellspring, F|
|poke|p2|Gholdengo|
|poke|p2|Primarina, M|
|teampreview
|inactive|Battle timer is ON: inactive players will automatically lose when time's up. (requested by Scepy11)
|
|t:|1776077101
|teamsize|p1|6
|teamsize|p2|6
|start
|switch|p1a: Klefki|Klefki, F, shiny|100/100
|switch|p2a: Great Tusk|Great Tusk|100/100
|turn|1
|
|t:|1776077113
|move|p1a: Klefki|Spikes|p2a: Great Tusk
|-sidestart|p2: zimbabwe2137|Spikes
|move|p2a: Great Tusk|Stealth Rock|p1a: Klefki
|-sidestart|p1: Scepy11|move: Stealth Rock
|
|upkeep
|turn|2
|
|t:|1776077118
|move|p1a: Klefki|Spikes|p2a: Great Tusk
|-sidestart|p2: zimbabwe2137|Spikes
|move|p2a: Great Tusk|Rapid Spin|p1a: Klefki
|-resisted|p1a: Klefki
|-damage|p1a: Klefki|90/100
|-boost|p2a: Great Tusk|spe|1
|-sideend|p2: zimbabwe2137|Spikes|[from] move: Rapid Spin|[of] p2a: Great Tusk
|
|upkeep
|turn|3
|
|t:|1776077129
|move|p2a: Great Tusk|Headlong Rush|p1a: Klefki
|-supereffective|p1a: Klefki
|-damage|p1a: Klefki|0 fnt
|-unboost|p2a: Great Tusk|def|1
|-unboost|p2a: Great Tusk|spd|1
|faint|p1a: Klefki
|
|upkeep
|
|t:|1776077145
|switch|p1a: Pawmot|Pawmot, M, shiny|100/100
|-damage|p1a: Pawmot|94/100|[from] Stealth Rock
|turn|4
|
|t:|1776077153
|move|p2a: Great Tusk|Headlong Rush|p1a: Pawmot
|-supereffective|p1a: Pawmot
|-damage|p1a: Pawmot|0 fnt
|-unboost|p2a: Great Tusk|def|1
|-unboost|p2a: Great Tusk|spd|1
|faint|p1a: Pawmot
|
|upkeep
|
|t:|1776077161
|switch|p1a: Scizor|Scizor, F, shiny|100/100
|-damage|p1a: Scizor|88/100|[from] Stealth Rock
|turn|5
|
|t:|1776077174
|-end|p2a: Great Tusk|Protosynthesis|[silent]
|switch|p2a: Alomomola|Alomomola, F|100/100
|move|p1a: Scizor|Bullet Punch|p2a: Alomomola
|-resisted|p2a: Alomomola
|-damage|p2a: Alomomola|81/100
|
|upkeep
|turn|6
|
|t:|1776077185
|switch|p1a: Serperior|Serperior, M, shiny|100/100
|-damage|p1a: Serperior|88/100|[from] Stealth Rock
|move|p2a: Alomomola|Flip Turn|p1a: Serperior
|-resisted|p1a: Serperior
|-damage|p1a: Serperior|80/100
|
|t:|1776077200
|switch|p2a: Kingambit|Kingambit, F|100/100|[from] Flip Turn
|-item|p2a: Kingambit|Air Balloon
|
|upkeep
|turn|7
|
|t:|1776077208
|switch|p1a: Gliscor|Gliscor, M, shiny|100/100
|-damage|p1a: Gliscor|88/100|[from] Stealth Rock
|move|p2a: Kingambit|Swords Dance|p2a: Kingambit
|-boost|p2a: Kingambit|atk|2
|
|-status|p1a: Gliscor|tox|[from] item: Toxic Orb
|upkeep
|turn|8
|
|t:|1776077221
|-terastallize|p2a: Kingambit|Flying
|move|p1a: Gliscor|Stealth Rock|p2a: Kingambit
|-sidestart|p2: zimbabwe2137|move: Stealth Rock
|move|p2a: Kingambit|Kowtow Cleave|p1a: Gliscor
|-damage|p1a: Gliscor|0 fnt
|faint|p1a: Gliscor
|
|upkeep
|
|t:|1776077233
|switch|p1a: Ceruledge|Ceruledge, M|100/100
|-damage|p1a: Ceruledge|76/100|[from] Stealth Rock
|turn|9
|
|t:|1776077239
|-terastallize|p1a: Ceruledge|Fire
|move|p2a: Kingambit|Sucker Punch|p1a: Ceruledge
|-damage|p1a: Ceruledge|0 fnt
|faint|p1a: Ceruledge
|
|upkeep
|
|t:|1776077246
|switch|p1a: Serperior|Serperior, M, shiny|80/100
|-damage|p1a: Serperior|67/100|[from] Stealth Rock
|turn|10
|
|t:|1776077253
|move|p1a: Serperior|Scale Shot|p2a: Kingambit|[miss]
|-miss|p1a: Serperior|p2a: Kingambit
|move|p2a: Kingambit|Kowtow Cleave|p1a: Serperior
|-damage|p1a: Serperior|0 fnt
|faint|p1a: Serperior
|
|upkeep
|
|t:|1776077261
|switch|p1a: Scizor|Scizor, F, shiny|88/100
|-damage|p1a: Scizor|76/100|[from] Stealth Rock
|turn|11
|
|t:|1776077267
|move|p1a: Scizor|Bullet Punch|p2a: Kingambit
|-damage|p2a: Kingambit|64/100
|-enditem|p2a: Kingambit|Air Balloon
|move|p2a: Kingambit|Kowtow Cleave|p1a: Scizor
|-damage|p1a: Scizor|0 fnt
|faint|p1a: Scizor
|
|win|zimbabwe2137
|raw|Scepy11's rating: 1058 &rarr; <strong>1038</strong><br />(-20 for losing)
|raw|zimbabwe2137's rating: 1030 &rarr; <strong>1068</strong><br />(+38 for winning)
|l|☆Scepy11
|player|p1|
