|html|<div class="broadcast-blue"><strong>[Gen 9] OU is currently suspecting Tera Blast! For information on how to participate check out the <a href="https://www.smogon.com/tools/suspects/view/200">suspect thread</a>.</strong></div>
|j|☆yutuoube
|j|☆brysn2pluto
|t:|1776053638
|gametype|singles
|player|p1|yutuoube|2|1140
|player|p2|brysn2pluto|102|1190
|gen|9
|tier|[Gen 9] OU
|rated|
|rule|HP Percentage Mod: HP is shown in percentages
|rule|Endless Battle Clause: Forcing endless battles is banned
|rule|Species Clause: Limit one of each Pokémon
|rule|OHKO Clause: OHKO moves are banned
|rule|Evasion Items Clause: Evasion items are banned
|rule|Evasion Moves Clause: Evasion moves are banned
|rule|Evasion Abilities Clause: Evasion abilities are banned
|rule|Sleep Moves Clause: Sleep-inducing moves are banned
|clearpoke
|poke|p1|Gliscor, M|
|poke|p1|Blissey, F|
|poke|p1|Slowbro-Galar, M|
|poke|p1|Zapdos|
|poke|p1|Heatran, F|
|poke|p1|Clefable, M|
|poke|p2|Sceptile, F|
|poke|p2|Great Tusk|
|poke|p2|Samurott-Hisui, M|
|poke|p2|Primarina, F|
|poke|p2|Dragonite, M|
|poke|p2|Gholdengo|
|teampreview
|
|t:|1776053654
|teamsize|p1|6
|teamsize|p2|6
|start
|switch|p1a: Zapdos|Zapdos|100/100
|switch|p2a: Samurott|Samurott-Hisui, M|100/100
|turn|1
|
|t:|1776053664
|switch|p2a: Great Tusk|Great Tusk|100/100
|move|p1a: Zapdos|Volt Switch|p2a: Great Tusk
|-immune|p2a: Great Tusk
|
|upkeep
|turn|2
|
|t:|1776053672
|move|p1a: Zapdos|Hurricane|p2a: Great Tusk|[miss]
|-miss|p1a: Zapdos|p2a: Great Tusk
|move|p2a: Great Tusk|Play Rough|p1a: Zapdos
|-damage|p1a: Zapdos|54/100
|-damage|p2a: Great Tusk|91/100|[from] item: Life Orb
|
|upkeep
|turn|3
|
|t:|1776053685
|-end|p2a: Great Tusk|Protosynthesis|[silent]
|switch|p2a: Gholdengo|Gholdengo|100/100
|-item|p2a: Gholdengo|Air Balloon
|move|p1a: Zapdos|Roost|p1a: Zapdos
|-heal|p1a: Zapdos|100/100
|-singleturn|p1a: Zapdos|move: Roost
|
|upkeep
|turn|4
|
|t:|1776053691
|switch|p1a: Blissey|Blissey, F|100/100
|move|p2a: Gholdengo|Nasty Plot|p2a: Gholdengo
|-boost|p2a: Gholdengo|spa|2
|
|upkeep
|turn|5
|inactive|Battle timer is ON: inactive players will automatically lose when time's up. (requested by yutuoube)
|
|t:|1776053696
|move|p2a: Gholdengo|Flash Cannon|p1a: Blissey
|-damage|p1a: Blissey|81/100
|-unboost|p1a: Blissey|spd|1
|move|p1a: Blissey|Flamethrower|p2a: Gholdengo
|-supereffective|p2a: Gholdengo
|-damage|p2a: Gholdengo|41/100
|-enditem|p2a: Gholdengo|Air Balloon
|
|upkeep
|turn|6
|
|t:|1776053708
|switch|p2a: Samurott|Samurott-Hisui, M|100/100
|move|p1a: Blissey|Flamethrower|p2a: Samurott
|-resisted|p2a: Samurott
|-damage|p2a: Samurott|84/100
|
|upkeep
|turn|7
|
|t:|1776053713
|switch|p1a: Zapdos|Zapdos|100/100
|move|p2a: Samurott|Ceaseless Edge|p1a: Zapdos
|-damage|p1a: Zapdos|46/100
|-sidestart|p1: yutuoube|Spikes
|
|upkeep
|turn|8
|
|t:|1776053720
|move|p2a: Samurott|Ceaseless Edge|p1a: Zapdos
|-damage|p1a: Zapdos|0 fnt
|-status|p2a: Samurott|par|[from] ability: Static|[of] p1a: Zapdos
|-sidestart|p1: yutuoube|Spikes
|faint|p1a: Zapdos
|
|upkeep
|
|t:|1776053733
|switch|p1a: Clefable|Clefable, M|100/100
|-damage|p1a: Clefable|84/100|[from] Spikes
|turn|9
|
|t:|1776053753
|switch|p2a: Primarina|Primarina, F|100/100
|move|p1a: Clefable|Cosmic Power|p1a: Clefable
|-boost|p1a: Clefable|def|1
|-boost|p1a: Clefable|spd|1
|
|-heal|p1a: Clefable|90/100|[from] item: Leftovers
|upkeep
|turn|10
|
|t:|1776053763
|move|p1a: Clefable|Cosmic Power|p1a: Clefable
|-boost|p1a: Clefable|def|1
|-boost|p1a: Clefable|spd|1
|move|p2a: Primarina|Alluring Voice|p1a: Clefable
|-damage|p1a: Clefable|70/100
|-start|p1a: Clefable|confusion
|
|-heal|p1a: Clefable|76/100|[from] item: Leftovers
|upkeep
|turn|11
|
|t:|1776053769
|move|p2a: Primarina|Alluring Voice|p1a: Clefable
|-damage|p1a: Clefable|55/100
|-activate|p1a: Clefable|confusion
|-damage|p1a: Clefable|53/100|[from] confusion
|
|-heal|p1a: Clefable|59/100|[from] item: Leftovers
|upkeep
|turn|12
|l|☆brysn2pluto
|inactive|brysn2pluto disconnected and has a minute to reconnect!
|player|p2|
|inactive|brysn2pluto has 30 seconds to reconnect!
|j|☆brysn2pluto
|inactive|brysn2pluto reconnected and has 110 seconds left.
|player|p2|brysn2pluto|102|
|
|t:|1776053817
|switch|p2a: Samurott|Samurott-Hisui, M|84/100 par
|-end|p1a: Clefable|confusion
|move|p1a: Clefable|Charge Beam|p2a: Samurott
|-supereffective|p2a: Samurott
|-damage|p2a: Samurott|50/100 par
|-boost|p1a: Clefable|spa|1
|
|-heal|p1a: Clefable|65/100|[from] item: Leftovers
|upkeep
|turn|13
|
|t:|1776053825
|move|p2a: Samurott|Aqua Cutter|p1a: Clefable
|-damage|p1a: Clefable|48/100
|move|p1a: Clefable|Charge Beam|p2a: Samurott
|-supereffective|p2a: Samurott
|-damage|p2a: Samurott|1/100 par
|
|-heal|p1a: Clefable|54/100|[from] item: Leftovers
|upkeep
|turn|14
|
|t:|1776053830
|move|p2a: Samurott|Aqua Cutter|p1a: Clefable
|-damage|p1a: Clefable|35/100
|move|p1a: Clefable|Cosmic Power|p1a: Clefable
|-boost|p1a: Clefable|def|1
|-boost|p1a: Clefable|spd|1
|
|-heal|p1a: Clefable|41/100|[from] item: Leftovers
|upkeep
|turn|15
|inactive|brysn2pluto has 120 seconds left.
|
|t:|1776053846
|move|p2a: Samurott|Aqua Cutter|p1a: Clefable
|-damage|p1a: Clefable|27/100
|move|p1a: Clefable|Charge Beam|p2a: Samurott
|-supereffective|p2a: Samurott
|-damage|p2a: Samurott|0 fnt
|-boost|p1a: Clefable|spa|1
|faint|p2a: Samurott
|
|-heal|p1a: Clefable|33/100|[from] item: Leftovers
|upkeep
|
|t:|1776053856
|switch|p2a: Gholdengo|Gholdengo|41/100
|turn|16
|
|t:|1776053862
|move|p2a: Gholdengo|Flash Cannon|p1a: Clefable
|-supereffective|p1a: Clefable
|-damage|p1a: Clefable|0 fnt
|faint|p1a: Clefable
|
|upkeep
|
|t:|1776053869
|switch|p1a: Blissey|Blissey, F|81/100
|-damage|p1a: Blissey|65/100|[from] Spikes
|turn|17
|inactive|brysn2pluto has 120 seconds left.
|
|t:|1776053896
|switch|p2a: Sceptile|Sceptile, F|100/100
|move|p1a: Blissey|Ice Beam|p2a: Sceptile
|-supereffective|p2a: Sceptile
|-damage|p2a: Sceptile|39/100
|
|upkeep
|turn|18
|
|t:|1776053903
|switch|p1a: Heatran|Heatran, F|100/100
|-damage|p1a: Heatran|84/100|[from] Spikes
|move|p2a: Sceptile|Endeavor|p1a: Heatran
|-damage|p1a: Heatran|34/100
|
|upkeep
|turn|19
|
|t:|1776053911
|move|p1a: Heatran|Magma Storm|p2a: Sceptile
|-supereffective|p2a: Sceptile
|-crit|p2a: Sceptile
|-damage|p2a: Sceptile|0 fnt
|faint|p2a: Sceptile
|
|upkeep
|
|t:|1776053917
|switch|p2a: Primarina|Primarina, F|100/100
|turn|20
|
|t:|1776053927
|move|p1a: Heatran|Magma Storm|p2a: Primarina
|-resisted|p2a: Primarina
|-damage|p2a: Primarina|86/100
|-activate|p2a: Primarina|move: Magma Storm|[of] p1a: Heatran
|move|p2a: Primarina|Alluring Voice|p1a: Heatran
|-supereffective|p1a: Heatran
|-damage|p1a: Heatran|0 fnt
|faint|p1a: Heatran
|
|-end|p2a: Primarina|Magma Storm|[partiallytrapped]|[silent]
|upkeep
|
|t:|1776053936
|switch|p1a: Slowbro|Slowbro-Galar, M|100/100
|-damage|p1a: Slowbro|84/100|[from] Spikes
|turn|21
|
|t:|1776053952
|-terastallize|p2a: Primarina|Water
|move|p2a: Primarina|Ice Beam|p1a: Slowbro
|-damage|p1a: Slowbro|43/100
|move|p1a: Slowbro|Nasty Plot|p1a: Slowbro
|-boost|p1a: Slowbro|spa|2
|
|-heal|p1a: Slowbro|49/100|[from] item: Leftovers
|upkeep
|turn|22
|-activate|p1a: Slowbro|ability: Quick Draw
|
|t:|1776053961
|move|p1a: Slowbro|Psychic|p2a: Primarina
|-damage|p2a: Primarina|43/100
|move|p2a: Primarina|Ice Beam|p1a: Slowbro
|-damage|p1a: Slowbro|7/100
|
|-heal|p1a: Slowbro|13/100|[from] item: Leftovers
|upkeep
|turn|23
|-activate|p1a: Slowbro|ability: Quick Draw
|
|t:|1776053970
|move|p1a: Slowbro|Psychic|p2a: Primarina
|-damage|p2a: Primarina|0 fnt
|faint|p2a: Primarina
|
|-heal|p1a: Slowbro|19/100|[from] item: Leftovers
|upkeep
|
|t:|1776053975
|switch|p2a: Dragonite|Dragonite, M|100/100
|turn|24
|
|t:|1776053978
|move|p2a: Dragonite|Extreme Speed|p1a: Slowbro
|-damage|p1a: Slowbro|0 fnt
|faint|p1a: Slowbro
|
|upkeep
|
|t:|1776053982
|switch|p1a: Gliscor|Gliscor, M|100/100
|turn|25
|
|t:|1776053995
|move|p1a: Gliscor|Swords Dance|p1a: Gliscor
|-boost|p1a: Gliscor|atk|2
|move|p2a: Dragonite|Dragon Claw|p1a: Gliscor
|-damage|p1a: Gliscor|67/100
|
|-status|p1a: Gliscor|tox|[from] item: Toxic Orb
|upkeep
|turn|26
|
|t:|1776054008
|move|p2a: Dragonite|Extreme Speed|p1a: Gliscor
|-damage|p1a: Gliscor|42/100 tox
|move|p1a: Gliscor|Facade|p2a: Dragonite
|-damage|p2a: Dragonite|75/100
|
|-heal|p1a: Gliscor|55/100 tox|[from] ability: Poison Heal
|upkeep
|turn|27
|
|t:|1776054012
|move|p1a: Gliscor|Facade|p2a: Dragonite
|-damage|p2a: Dragonite|19/100
|-enditem|p2a: Dragonite|Sitrus Berry|[eat]
|-heal|p2a: Dragonite|44/100|[from] item: Sitrus Berry
|move|p2a: Dragonite|Dragon Claw|p1a: Gliscor
|-damage|p1a: Gliscor|16/100 tox
|
|-heal|p1a: Gliscor|28/100 tox|[from] ability: Poison Heal
|upkeep
|turn|28
|
|t:|1776054015
|move|p2a: Dragonite|Extreme Speed|p1a: Gliscor
|-damage|p1a: Gliscor|2/100 tox
|move|p1a: Gliscor|Facade|p2a: Dragonite
|-damage|p2a: Dragonite|0 fnt
|faint|p2a: Dragonite
|
|-heal|p1a: Gliscor|14/100 tox|[from] ability: Poison Heal
|upkeep
|
|t:|1776054019
|switch|p2a: Gholdengo|Gholdengo|41/100
|turn|29
|
|t:|1776054023
|move|p2a: Gholdengo|Shadow Ball|p1a: Gliscor
|-damage|p1a: Gliscor|0 fnt
|faint|p1a: Gliscor
|
|upkeep
|
|t:|1776054026
|switch|p1a: Blissey|Blissey, F|65/100
|-damage|p1a: Blissey|48/100|[from] Spikes
|turn|30
|
|t:|1776054036
|move|p2a: Gholdengo|Flash Cannon|p1a: Blissey
|-damage|p1a: Blissey|37/100
|-unboost|p1a: Blissey|spd|1
|move|p1a: Blissey|Flamethrower|p2a: Gholdengo
|-supereffective|p2a: Gholdengo
|-damage|p2a: Gholdengo|0 fnt
|faint|p2a: Gholdengo
|
|upkeep
|
|t:|1776054039
|switch|p2a: Great Tusk|Great Tusk|91/100
|turn|31
|
|t:|1776054041
|move|p2a: Great Tusk|Close Combat|p1a: Blissey
|-supereffective|p1a: Blissey
|-damage|p1a: Blissey|0 fnt
|-unboost|p2a: Great Tusk|def|1
|-unboost|p2a: Great Tusk|spd|1
|faint|p1a: Blissey
|-damage|p2a: Great Tusk|81/100|[from] item: Life Orb
|
|win|brysn2pluto
|raw|yutuoube's rating: 1140 &rarr; <strong>1119</strong><br />(-21 for losing)
|raw|brysn2pluto's rating: 1190 &rarr; <strong>1211</strong><br />(+21 for winning)
|l|☆yutuoube
|player|p1|
|l|☆brysn2pluto
|player|p2|
