|html|<div class="broadcast-blue"><strong>[Gen 9] OU is currently suspecting Tera Blast! For information on how to participate check out the <a href="https://www.smogon.com/tools/suspects/view/200">suspect thread</a>.</strong></div>
|j|☆steverogers87
|j|☆w4v3pri5m
|t:|1776100315
|gametype|singles
|player|p1|steverogers87|2|1244
|player|p2|w4v3pri5m|101|1265
|gen|9
|tier|[Gen 9] OU
|rated|
|rule|HP Percentage Mod: HP is shown in percentages
|rule|Endless Battle Clause: Forcing endless battles is banned
|rule|Species Clause: Limit one of each Pokémon
|rule|OHKO Clause: OHKO moves are banned
|rule|Evasion Items Clause: Evasion items are banned
|rule|Evasion Moves Clause: Evasion moves are banned
|rule|Evasion Abilities Clause: Evasion abilities are banned
|rule|Sleep Moves Clause: Sleep-inducing moves are banned
|clearpoke
|poke|p1|Zoroark-Hisui, M|
|poke|p1|Lucario, M|
|poke|p1|Goodra, F|
|poke|p1|Swampert, M|
|poke|p1|Weezing-Galar, M|
|poke|p1|Muk-Alola, F|
|poke|p2|Darkrai|
|poke|p2|Ribombee, M|
|poke|p2|Toxtricity, M|
|poke|p2|Quaquaval, F|
|poke|p2|Lilligant-Hisui, F|
|poke|p2|Moltres|
|teampreview
|
|t:|1776100342
|teamsize|p1|6
|teamsize|p2|6
|start
|switch|p1a: Roz|Muk-Alola, F|100/100
|switch|p2a: Bee's Knees|Ribombee, M, shiny|100/100
|turn|1
|
|t:|1776100350
|move|p2a: Bee's Knees|Sticky Web|p1a: Roz
|-sidestart|p1: steverogers87|move: Sticky Web
|move|p1a: Roz|Poison Jab|p2a: Bee's Knees
|-supereffective|p2a: Bee's Knees
|-enditem|p2a: Bee's Knees|Focus Sash
|-damage|p2a: Bee's Knees|1/100
|
|upkeep
|turn|2
|
|t:|1776100358
|move|p2a: Bee's Knees|Moonblast|p1a: Roz
|-damage|p1a: Roz|58/100
|-unboost|p1a: Roz|spa|1
|move|p1a: Roz|Knock Off|p2a: Bee's Knees
|-resisted|p2a: Bee's Knees
|-damage|p2a: Bee's Knees|0 fnt
|faint|p2a: Bee's Knees
|
|-heal|p1a: Roz|65/100|[from] item: Leftovers
|upkeep
|
|t:|1776100371
|switch|p2a: Edgy|Darkrai|100/100
|turn|3
|
|t:|1776100377
|move|p2a: Edgy|Focus Blast|p1a: Roz
|-damage|p1a: Roz|25/100
|move|p1a: Roz|Drain Punch|p2a: Edgy
|-supereffective|p2a: Edgy
|-damage|p2a: Edgy|30/100
|-heal|p1a: Roz|54/100|[from] drain|[of] p2a: Edgy
|
|-heal|p1a: Roz|60/100|[from] item: Leftovers
|upkeep
|turn|4
|
|t:|1776100387
|switch|p2a: Tixen|Toxtricity, M|100/100
|move|p1a: Roz|Drain Punch|p2a: Tixen
|-resisted|p2a: Tixen
|-damage|p2a: Tixen|81/100
|-heal|p1a: Roz|68/100|[from] drain|[of] p2a: Tixen
|
|-heal|p1a: Roz|74/100|[from] item: Leftovers
|upkeep
|turn|5
|
|t:|1776100398
|move|p2a: Tixen|Boomburst|p1a: Roz
|-damage|p1a: Roz|18/100
|-enditem|p2a: Tixen|Throat Spray
|-boost|p2a: Tixen|spa|1|[from] item: Throat Spray
|move|p1a: Roz|Knock Off|p2a: Tixen
|-damage|p2a: Tixen|26/100
|
|-heal|p1a: Roz|24/100|[from] item: Leftovers
|upkeep
|turn|6
|
|t:|1776100414
|switch|p1a: Dread Pirate|Lucario, M, shiny|100/100
|-activate|p1a: Dread Pirate|move: Sticky Web
|-unboost|p1a: Dread Pirate|spe|1
|move|p2a: Tixen|Boomburst|p1a: Dread Pirate
|-immune|p1a: Dread Pirate
|
|upkeep
|turn|7
|
|t:|1776100425
|switch|p1a: Bruni|Swampert, M, shiny|100/100
|-activate|p1a: Bruni|move: Sticky Web
|-unboost|p1a: Bruni|spe|1
|move|p2a: Tixen|Shift Gear|p2a: Tixen
|-boost|p2a: Tixen|spe|2
|-boost|p2a: Tixen|atk|1
|
|upkeep
|turn|8
|
|t:|1776100434
|move|p2a: Tixen|Boomburst|p1a: Bruni
|-damage|p1a: Bruni|31/100
|move|p1a: Bruni|Earthquake|p2a: Tixen
|-supereffective|p2a: Tixen
|-damage|p2a: Tixen|0 fnt
|faint|p2a: Tixen
|
|upkeep
|
|t:|1776100440
|switch|p2a: Clogworx|Lilligant-Hisui, F, shiny|100/100
|turn|9
|
|t:|1776100444
|switch|p1a: Sisu|Goodra, F|100/100
|-activate|p1a: Sisu|move: Sticky Web
|-unboost|p1a: Sisu|spe|1
|move|p2a: Clogworx|Victory Dance|p2a: Clogworx
|-boost|p2a: Clogworx|atk|1
|-boost|p2a: Clogworx|def|1
|-boost|p2a: Clogworx|spe|1
|
|upkeep
|turn|10
|
|t:|1776100455
|move|p2a: Clogworx|Victory Dance|p2a: Clogworx
|-boost|p2a: Clogworx|atk|1
|-boost|p2a: Clogworx|def|1
|-boost|p2a: Clogworx|spe|1
|move|p1a: Sisu|Ice Beam|p2a: Clogworx
|-supereffective|p2a: Clogworx
|-enditem|p2a: Clogworx|Focus Sash
|-damage|p2a: Clogworx|1/100
|
|upkeep
|turn|11
|
|t:|1776100465
|switch|p1a: Dread Pirate|Lucario, M, shiny|100/100
|-activate|p1a: Dread Pirate|move: Sticky Web
|-unboost|p1a: Dread Pirate|spe|1
|move|p2a: Clogworx|Ice Spinner|p1a: Dread Pirate
|-resisted|p1a: Dread Pirate
|-damage|p1a: Dread Pirate|61/100
|
|upkeep
|turn|12
|
|t:|1776100482
|switch|p1a: Bruni|Swampert, M, shiny|31/100
|-activate|p1a: Bruni|move: Sticky Web
|-unboost|p1a: Bruni|spe|1
|move|p2a: Clogworx|Close Combat|p1a: Bruni
|-damage|p1a: Bruni|0 fnt
|-unboost|p2a: Clogworx|def|1
|-unboost|p2a: Clogworx|spd|1
|-damage|p2a: Clogworx|0 fnt|[from] item: Rocky Helmet|[of] p1a: Bruni
|faint|p1a: Bruni
|faint|p2a: Clogworx
|
|upkeep
|
|t:|1776100506
|switch|p2a: Hop Scotch|Quaquaval, F|100/100
|switch|p1a: Sisu|Goodra, F|100/100
|-activate|p1a: Sisu|move: Sticky Web
|-unboost|p1a: Sisu|spe|1
|turn|13
|
|t:|1776100512
|move|p2a: Hop Scotch|Triple Axel|p1a: Sisu
|-supereffective|p1a: Sisu
|-damage|p1a: Sisu|84/100
|-supereffective|p1a: Sisu
|-damage|p1a: Sisu|54/100
|-supereffective|p1a: Sisu
|-damage|p1a: Sisu|7/100
|-hitcount|p1a: Sisu|3
|move|p1a: Sisu|Thunderbolt|p2a: Hop Scotch
|-supereffective|p2a: Hop Scotch
|-damage|p2a: Hop Scotch|44/100
|
|upkeep
|turn|14
|
|t:|1776100535
|move|p2a: Hop Scotch|Aqua Step|p1a: Sisu
|-resisted|p1a: Sisu
|-damage|p1a: Sisu|0 fnt
|-boost|p2a: Hop Scotch|spe|1
|faint|p1a: Sisu
|-ability|p2a: Hop Scotch|Moxie|boost
|-boost|p2a: Hop Scotch|atk|1
|
|upkeep
|
|t:|1776100543
|switch|p1a: StatlrWaldorf|Weezing-Galar, M|100/100
|turn|15
|
|t:|1776100548
|-terastallize|p2a: Hop Scotch|Fire
|move|p2a: Hop Scotch|Aqua Step|p1a: StatlrWaldorf
|-damage|p1a: StatlrWaldorf|32/100
|-boost|p2a: Hop Scotch|spe|1
|move|p1a: StatlrWaldorf|Strange Steam|p2a: Hop Scotch
|-resisted|p2a: Hop Scotch
|-damage|p2a: Hop Scotch|29/100
|
|-heal|p1a: StatlrWaldorf|38/100|[from] item: Black Sludge
|upkeep
|turn|16
|
|t:|1776100560
|move|p2a: Hop Scotch|Aqua Step|p1a: StatlrWaldorf
|-damage|p1a: StatlrWaldorf|0 fnt
|-boost|p2a: Hop Scotch|spe|1
|faint|p1a: StatlrWaldorf
|-ability|p2a: Hop Scotch|Moxie|boost
|-boost|p2a: Hop Scotch|atk|1
|
|upkeep
|-message|steverogers87 forfeited.
|
|win|w4v3pri5m
|raw|steverogers87's rating: 1244 &rarr; <strong>1221</strong><br />(-23 for losing)
|raw|w4v3pri5m's rating: 1265 &rarr; <strong>1288</strong><br />(+23 for winning)
|l|☆steverogers87
|player|p1|
|l|☆w4v3pri5m
|player|p2|
