|html|<div class="broadcast-blue"><strong>[Gen 9] OU is currently suspecting Tera Blast! For information on how to participate check out the <a href="https://www.smogon.com/tools/suspects/view/200">suspect thread</a>.</strong></div>
|j|☆rashyd
|j|☆untilting1877
|t:|1776038820
|gametype|singles
|player|p1|rashyd|volkner|1478
|player|p2|untilting1877|2|1515
|gen|9
|tier|[Gen 9] OU
|rated|
|rule|HP Percentage Mod: HP is shown in percentages
|rule|Endless Battle Clause: Forcing endless battles is banned
|rule|Species Clause: Limit one of each Pokémon
|rule|OHKO Clause: OHKO moves are banned
|rule|Evasion Items Clause: Evasion items are banned
|rule|Evasion Moves Clause: Evasion moves are banned
|rule|Evasion Abilities Clause: Evasion abilities are banned
|rule|Sleep Moves Clause: Sleep-inducing moves are banned
|clearpoke
|poke|p1|Tyranitar, F|
|poke|p1|Hippowdon, F|
|poke|p1|Corviknight, F|
|poke|p1|Gastrodon, F|
|poke|p1|Sandy Shocks|
|poke|p1|Excadrill, F|
|poke|p2|Tornadus-Therian, M|
|poke|p2|Tinkaton, F|
|poke|p2|Slowking-Galar, F|
|poke|p2|Sinistcha|
|poke|p2|Weavile, M|
|poke|p2|Volcanion|
|teampreview
|j| ohko_smeargle
|inactive|Battle timer is ON: inactive players will automatically lose when time's up. (requested by rashyd)
|
|t:|1776038836
|teamsize|p1|6
|teamsize|p2|6
|start
|switch|p1a: Hippowdon|Hippowdon, F|100/100
|switch|p2a: Tinkaton|Tinkaton, F|100/100
|-item|p2a: Tinkaton|Air Balloon
|-weather|Sandstorm|[from] ability: Sand Stream|[of] p1a: Hippowdon
|turn|1
|
|t:|1776038845
|move|p2a: Tinkaton|Stealth Rock|p1a: Hippowdon
|-sidestart|p1: rashyd|move: Stealth Rock
|move|p1a: Hippowdon|Ice Fang|p2a: Tinkaton
|-resisted|p2a: Tinkaton
|-damage|p2a: Tinkaton|91/100
|-enditem|p2a: Tinkaton|Air Balloon
|-enditem|p1a: Hippowdon|Leftovers|[silent]|[from] ability: Pickpocket|[of] p1a: Hippowdon
|-item|p2a: Tinkaton|Leftovers|[from] ability: Pickpocket|[of] p1a: Hippowdon
|
|-weather|Sandstorm|[upkeep]
|-heal|p2a: Tinkaton|97/100|[from] item: Leftovers
|upkeep
|turn|2
|j| darkrat18
|
|t:|1776038857
|switch|p2a: Sinistcha|Sinistcha|100/100
|move|p1a: Hippowdon|Earthquake|p2a: Sinistcha
|-resisted|p2a: Sinistcha
|-damage|p2a: Sinistcha|88/100
|
|-weather|Sandstorm|[upkeep]
|-damage|p2a: Sinistcha|82/100|[from] Sandstorm
|upkeep
|turn|3
|
|t:|1776038869
|move|p2a: Sinistcha|Matcha Gotcha|p1a: Hippowdon
|-supereffective|p1a: Hippowdon
|-damage|p1a: Hippowdon|30/100
|-heal|p2a: Sinistcha|100/100|[from] drain|[of] p1a: Hippowdon
|move|p1a: Hippowdon|Ice Fang|p2a: Sinistcha
|-supereffective|p2a: Sinistcha
|-damage|p2a: Sinistcha|78/100
|
|-weather|Sandstorm|[upkeep]
|-damage|p2a: Sinistcha|72/100|[from] Sandstorm
|upkeep
|turn|4
|
|t:|1776038881
|switch|p1a: Corviknight|Corviknight, F|100/100
|-damage|p1a: Corviknight|88/100|[from] Stealth Rock
|move|p2a: Sinistcha|Matcha Gotcha|p1a: Corviknight
|-resisted|p1a: Corviknight
|-damage|p1a: Corviknight|80/100
|-heal|p2a: Sinistcha|76/100|[from] drain|[of] p1a: Corviknight
|
|-weather|Sandstorm|[upkeep]
|-damage|p2a: Sinistcha|70/100|[from] Sandstorm
|-heal|p1a: Corviknight|86/100|[from] item: Leftovers
|upkeep
|turn|5
|
|t:|1776038896
|-terastallize|p1a: Corviknight|Flying
|move|p2a: Sinistcha|Strength Sap|p1a: Corviknight
|-ability|p1a: Corviknight|Mirror Armor
|-unboost|p2a: Sinistcha|atk|1
|-heal|p2a: Sinistcha|100/100
|move|p1a: Corviknight|Brave Bird|p2a: Sinistcha
|-supereffective|p2a: Sinistcha
|-damage|p2a: Sinistcha|18/100
|-damage|p1a: Corviknight|60/100|[from] Recoil
|
|-weather|none
|-heal|p1a: Corviknight|66/100|[from] item: Leftovers
|upkeep
|turn|6
|
|t:|1776038924
|switch|p2a: Tinkaton|Tinkaton, F|97/100
|move|p1a: Corviknight|Defog|p2a: Tinkaton
|-unboost|p2a: Tinkaton|evasion|1
|-sideend|p1: rashyd|Stealth Rock|[from] move: Defog|[of] p1a: Corviknight
|
|-heal|p2a: Tinkaton|100/100|[from] item: Leftovers
|-heal|p1a: Corviknight|72/100|[from] item: Leftovers
|upkeep
|turn|7
|
|t:|1776038935
|switch|p1a: Hippowdon|Hippowdon, F|30/100
|-weather|Sandstorm|[from] ability: Sand Stream|[of] p1a: Hippowdon
|move|p2a: Tinkaton|Stealth Rock|p1a: Hippowdon
|-sidestart|p1: rashyd|move: Stealth Rock
|
|-weather|Sandstorm|[upkeep]
|upkeep
|turn|8
|
|t:|1776038946
|switch|p2a: Tornadus|Tornadus-Therian, M|100/100
|move|p1a: Hippowdon|Slack Off|p1a: Hippowdon
|-heal|p1a: Hippowdon|80/100
|
|-weather|Sandstorm|[upkeep]
|-damage|p2a: Tornadus|94/100|[from] Sandstorm
|upkeep
|turn|9
|
|t:|1776038958
|switch|p2a: Volcanion|Volcanion|100/100
|switch|p1a: Tyranitar|Tyranitar, F|100/100
|-damage|p1a: Tyranitar|88/100|[from] Stealth Rock
|
|-weather|Sandstorm|[upkeep]
|-damage|p2a: Volcanion|94/100|[from] Sandstorm
|upkeep
|turn|10
|
|t:|1776038968
|switch|p2a: Tinkaton|Tinkaton, F|100/100
|move|p1a: Tyranitar|Stone Edge|p2a: Tinkaton
|-resisted|p2a: Tinkaton
|-damage|p2a: Tinkaton|53/100
|
|-weather|Sandstorm|[upkeep]
|-heal|p2a: Tinkaton|59/100|[from] item: Leftovers
|upkeep
|turn|11
|
|t:|1776038980
|switch|p1a: Gastrodon|Gastrodon, F|100/100
|-damage|p1a: Gastrodon|94/100|[from] Stealth Rock
|move|p2a: Tinkaton|Gigaton Hammer|p1a: Gastrodon
|-resisted|p1a: Gastrodon
|-damage|p1a: Gastrodon|70/100
|
|-weather|none
|-heal|p2a: Tinkaton|65/100|[from] item: Leftovers
|-heal|p1a: Gastrodon|76/100|[from] item: Leftovers
|upkeep
|turn|12
|
|t:|1776038991
|switch|p2a: Slowking|Slowking-Galar, F|100/100
|move|p1a: Gastrodon|Stealth Rock|p2a: Slowking
|-sidestart|p2: untilting1877|move: Stealth Rock
|
|-heal|p1a: Gastrodon|82/100|[from] item: Leftovers
|upkeep
|turn|13
|
|t:|1776038998
|move|p1a: Gastrodon|Surf|p2a: Slowking
|-damage|p2a: Slowking|82/100
|-prepare|p2a: Slowking|Chilly Reception|[premajor]
|move|p2a: Slowking|Chilly Reception|p2a: Slowking
|-weather|Snowscape
|
|t:|1776039000
|switch|p2a: Sinistcha|Sinistcha|18/100|[from] Chilly Reception
|
|-weather|Snowscape|[upkeep]
|-heal|p1a: Gastrodon|88/100|[from] item: Leftovers
|upkeep
|turn|14
|
|t:|1776039013
|move|p2a: Sinistcha|Matcha Gotcha|p1a: Gastrodon
|-supereffective|p1a: Gastrodon
|-damage|p1a: Gastrodon|9/100
|-heal|p2a: Sinistcha|67/100|[from] drain|[of] p1a: Gastrodon
|move|p1a: Gastrodon|Sludge Wave|p2a: Sinistcha
|-damage|p2a: Sinistcha|41/100
|
|-weather|Snowscape|[upkeep]
|-heal|p1a: Gastrodon|15/100|[from] item: Leftovers
|upkeep
|turn|15
|
|t:|1776039025
|switch|p1a: Tyranitar|Tyranitar, F|88/100
|-damage|p1a: Tyranitar|76/100|[from] Stealth Rock
|-weather|Sandstorm|[from] ability: Sand Stream|[of] p1a: Tyranitar
|move|p2a: Sinistcha|Matcha Gotcha|p1a: Tyranitar
|-supereffective|p1a: Tyranitar
|-damage|p1a: Tyranitar|46/100
|-heal|p2a: Sinistcha|57/100|[from] drain|[of] p1a: Tyranitar
|
|-weather|Sandstorm|[upkeep]
|-damage|p2a: Sinistcha|51/100|[from] Sandstorm
|upkeep
|turn|16
|
|t:|1776039038
|switch|p2a: Tinkaton|Tinkaton, F|65/100
|-damage|p2a: Tinkaton|59/100|[from] Stealth Rock
|move|p1a: Tyranitar|Knock Off|p2a: Tinkaton
|-resisted|p2a: Tinkaton
|-damage|p2a: Tinkaton|14/100
|-enditem|p2a: Tinkaton|Leftovers|[from] move: Knock Off|[of] p1a: Tyranitar
|-enditem|p1a: Tyranitar|Choice Band|[silent]|[from] ability: Pickpocket|[of] p1a: Tyranitar
|-item|p2a: Tinkaton|Choice Band|[from] ability: Pickpocket|[of] p1a: Tyranitar
|
|-weather|Sandstorm|[upkeep]
|upkeep
|turn|17
|
|t:|1776039049
|move|p2a: Tinkaton|Gigaton Hammer|p1a: Tyranitar
|-supereffective|p1a: Tyranitar
|-damage|p1a: Tyranitar|0 fnt
|faint|p1a: Tyranitar
|
|-weather|Sandstorm|[upkeep]
|upkeep
|
|t:|1776039067
|switch|p1a: Hippowdon|Hippowdon, F|80/100
|-damage|p1a: Hippowdon|74/100|[from] Stealth Rock
|turn|18
|
|t:|1776039080
|-activate|p2a: Tinkaton|move: Struggle
|move|p2a: Tinkaton|Struggle|p1a: Hippowdon
|-damage|p1a: Hippowdon|66/100
|-damage|p2a: Tinkaton|0 fnt|[from] recoil
|faint|p2a: Tinkaton
|move|p1a: Hippowdon|Earthquake|p2: Tinkaton|[notarget]
|-fail|p1a: Hippowdon
|
|-weather|Sandstorm|[upkeep]
|upkeep
|
|t:|1776039092
|switch|p2a: Volcanion|Volcanion|94/100
|turn|19
|
|t:|1776039100
|switch|p1a: Gastrodon|Gastrodon, F|15/100
|-damage|p1a: Gastrodon|9/100|[from] Stealth Rock
|move|p2a: Volcanion|Steam Eruption|p1a: Gastrodon
|-ability|p1a: Gastrodon|Storm Drain|boost
|-boost|p1a: Gastrodon|spa|1
|
|-weather|none
|-heal|p1a: Gastrodon|15/100|[from] item: Leftovers
|upkeep
|turn|20
|
|t:|1776039110
|move|p2a: Volcanion|Flamethrower|p1a: Gastrodon
|-resisted|p1a: Gastrodon
|-damage|p1a: Gastrodon|2/100
|move|p1a: Gastrodon|Recover|p1a: Gastrodon
|-heal|p1a: Gastrodon|52/100
|
|-heal|p1a: Gastrodon|58/100|[from] item: Leftovers
|upkeep
|turn|21
|
|t:|1776039119
|switch|p2a: Slowking|Slowking-Galar, F|100/100
|move|p1a: Gastrodon|Recover|p1a: Gastrodon
|-heal|p1a: Gastrodon|100/100
|
|upkeep
|turn|22
|
|t:|1776039126
|move|p1a: Gastrodon|Surf|p2a: Slowking
|-damage|p2a: Slowking|77/100
|-prepare|p2a: Slowking|Chilly Reception|[premajor]
|move|p2a: Slowking|Chilly Reception|p2a: Slowking
|-weather|Snowscape
|
|t:|1776039128
|switch|p2a: Sinistcha|Sinistcha|51/100|[from] Chilly Reception
|
|-weather|Snowscape|[upkeep]
|upkeep
|turn|23
|
|t:|1776039137
|move|p2a: Sinistcha|Matcha Gotcha|p1a: Gastrodon
|-supereffective|p1a: Gastrodon
|-damage|p1a: Gastrodon|10/100
|-heal|p2a: Sinistcha|100/100|[from] drain|[of] p1a: Gastrodon
|move|p1a: Gastrodon|Sludge Wave|p2a: Sinistcha
|-damage|p2a: Sinistcha|64/100
|
|-weather|Snowscape|[upkeep]
|-heal|p1a: Gastrodon|16/100|[from] item: Leftovers
|upkeep
|turn|24
|
|t:|1776039149
|switch|p1a: Corviknight|Corviknight, F, tera:Flying|72/100
|-damage|p1a: Corviknight|48/100|[from] Stealth Rock
|move|p2a: Sinistcha|Matcha Gotcha|p1a: Corviknight
|-resisted|p1a: Corviknight
|-damage|p1a: Corviknight|31/100
|-heal|p2a: Sinistcha|73/100|[from] drain|[of] p1a: Corviknight
|-status|p1a: Corviknight|brn
|
|-weather|Snowscape|[upkeep]
|-heal|p1a: Corviknight|37/100 brn|[from] item: Leftovers
|-damage|p1a: Corviknight|31/100 brn|[from] brn
|upkeep
|turn|25
|
|t:|1776039167
|move|p2a: Sinistcha|Strength Sap|p1a: Corviknight
|-ability|p1a: Corviknight|Mirror Armor
|-unboost|p2a: Sinistcha|atk|1
|-heal|p2a: Sinistcha|100/100
|move|p1a: Corviknight|Roost|p1a: Corviknight
|-heal|p1a: Corviknight|81/100 brn
|-hint|If a Terastallized Pokemon uses Roost, it remains Flying-type.
|
|-weather|Snowscape|[upkeep]
|-heal|p1a: Corviknight|87/100 brn|[from] item: Leftovers
|-damage|p1a: Corviknight|81/100 brn|[from] brn
|upkeep
|turn|26
|
|t:|1776039180
|switch|p2a: Volcanion|Volcanion|94/100
|move|p1a: Corviknight|Brave Bird|p2a: Volcanion
|-damage|p2a: Volcanion|77/100
|-damage|p1a: Corviknight|75/100 brn|[from] Recoil
|
|-weather|none
|-heal|p1a: Corviknight|81/100 brn|[from] item: Leftovers
|-damage|p1a: Corviknight|75/100 brn|[from] brn
|upkeep
|turn|27
|
|t:|1776039192
|move|p2a: Volcanion|Flamethrower|p1a: Corviknight
|-damage|p1a: Corviknight|29/100 brn
|move|p1a: Corviknight|Brave Bird|p2a: Volcanion
|-damage|p2a: Volcanion|59/100
|-damage|p1a: Corviknight|23/100 brn|[from] Recoil
|
|-heal|p1a: Corviknight|29/100 brn|[from] item: Leftovers
|-damage|p1a: Corviknight|23/100 brn|[from] brn
|upkeep
|turn|28
|
|t:|1776039203
|move|p2a: Volcanion|Flamethrower|p1a: Corviknight
|-damage|p1a: Corviknight|0 fnt
|faint|p1a: Corviknight
|
|upkeep
|
|t:|1776039212
|switch|p1a: Excadrill|Excadrill, F|100/100
|-damage|p1a: Excadrill|97/100|[from] Stealth Rock
|turn|29
|
|t:|1776039219
|switch|p2a: Sinistcha|Sinistcha|100/100
|move|p1a: Excadrill|Poison Jab|p2a: Sinistcha
|-damage|p2a: Sinistcha|67/100
|
|upkeep
|turn|30
|
|t:|1776039231
|switch|p1a: Gastrodon|Gastrodon, F|16/100
|-damage|p1a: Gastrodon|10/100|[from] Stealth Rock
|move|p2a: Sinistcha|Strength Sap|p1a: Gastrodon
|-unboost|p1a: Gastrodon|atk|1
|-heal|p2a: Sinistcha|100/100
|
|-heal|p1a: Gastrodon|16/100|[from] item: Leftovers
|upkeep
|turn|31
|
|t:|1776039244
|move|p2a: Sinistcha|Shadow Ball|p1a: Gastrodon
|-damage|p1a: Gastrodon|0 fnt
|faint|p1a: Gastrodon
|
|upkeep
|
|t:|1776039254
|switch|p1a: Excadrill|Excadrill, F|97/100
|-damage|p1a: Excadrill|94/100|[from] Stealth Rock
|turn|32
|
|t:|1776039269
|move|p1a: Excadrill|Shadow Claw|p2a: Sinistcha
|-supereffective|p2a: Sinistcha
|-damage|p2a: Sinistcha|43/100
|move|p2a: Sinistcha|Strength Sap|p1a: Excadrill
|-unboost|p1a: Excadrill|atk|1
|-heal|p2a: Sinistcha|100/100
|
|upkeep
|turn|33
|
|t:|1776039278
|switch|p1a: Hippowdon|Hippowdon, F|66/100
|-damage|p1a: Hippowdon|60/100|[from] Stealth Rock
|-weather|Sandstorm|[from] ability: Sand Stream|[of] p1a: Hippowdon
|move|p2a: Sinistcha|Matcha Gotcha|p1a: Hippowdon
|-supereffective|p1a: Hippowdon
|-damage|p1a: Hippowdon|0 fnt
|faint|p1a: Hippowdon
|
|-weather|Sandstorm|[upkeep]
|-damage|p2a: Sinistcha|94/100|[from] Sandstorm
|upkeep
|
|t:|1776039296
|switch|p1a: Sandy Shocks|Sandy Shocks|100/100
|-damage|p1a: Sandy Shocks|94/100|[from] Stealth Rock
|-enditem|p1a: Sandy Shocks|Booster Energy
|-activate|p1a: Sandy Shocks|ability: Protosynthesis|[fromitem]
|-start|p1a: Sandy Shocks|protosynthesisspe
|turn|34
|
|t:|1776039307
|switch|p2a: Slowking|Slowking-Galar, F|100/100
|move|p1a: Sandy Shocks|Thunder Wave|p2a: Slowking
|-status|p2a: Slowking|par
|
|-weather|Sandstorm|[upkeep]
|-damage|p2a: Slowking|94/100 par|[from] Sandstorm
|upkeep
|turn|35
|
|t:|1776039317
|move|p1a: Sandy Shocks|Earth Power|p2a: Slowking
|-supereffective|p2a: Slowking
|-damage|p2a: Slowking|44/100 par
|-prepare|p2a: Slowking|Chilly Reception|[premajor]
|move|p2a: Slowking|Chilly Reception|p2a: Slowking
|-weather|Snowscape
|
|t:|1776039320
|switch|p2a: Tornadus|Tornadus-Therian, M|100/100|[from] Chilly Reception
|-damage|p2a: Tornadus|76/100|[from] Stealth Rock
|
|-weather|Snowscape|[upkeep]
|upkeep
|turn|36
|
|t:|1776039329
|-terastallize|p2a: Tornadus|Ground
|move|p1a: Sandy Shocks|Thunderbolt|p2a: Tornadus
|-immune|p2a: Tornadus
|move|p2a: Tornadus|Tera Blast|p1a: Sandy Shocks|[anim] Tera Blast Ground
|-supereffective|p1a: Sandy Shocks
|-damage|p1a: Sandy Shocks|0 fnt
|faint|p1a: Sandy Shocks
|-end|p1a: Sandy Shocks|Protosynthesis|[silent]
|-damage|p2a: Tornadus|66/100|[from] item: Life Orb
|
|-weather|Snowscape|[upkeep]
|upkeep
|
|t:|1776039341
|switch|p1a: Excadrill|Excadrill, F|94/100
|-damage|p1a: Excadrill|91/100|[from] Stealth Rock
|turn|37
|
|t:|1776039355
|move|p2a: Tornadus|Tera Blast|p1a: Excadrill|[anim] Tera Blast Ground
|-supereffective|p1a: Excadrill
|-crit|p1a: Excadrill
|-damage|p1a: Excadrill|0 fnt
|faint|p1a: Excadrill
|-damage|p2a: Tornadus|56/100|[from] item: Life Orb
|
|win|untilting1877
|raw|rashyd's rating: 1478 &rarr; <strong>1460</strong><br />(-18 for losing)
|raw|untilting1877's rating: 1515 &rarr; <strong>1533</strong><br />(+18 for winning)
|l| ohko_smeargle
|l|☆untilting1877
|player|p2|
|l| darkrat18
|l|☆rashyd
|player|p1|
