|html|<div class="broadcast-blue"><strong>[Gen 9] OU is currently suspecting Tera Blast! For information on how to participate check out the <a href="https://www.smogon.com/tools/suspects/view/200">suspect thread</a>.</strong></div>
|j|☆kxmmbn
|j|☆KING丶3266926956今余
|t:|1776304649
|gametype|singles
|player|p1|kxmmbn|266|1306
|player|p2|KING丶3266926956今余|dawn|1358
|gen|9
|tier|[Gen 9] OU
|rated|
|rule|HP Percentage Mod: HP is shown in percentages
|rule|Endless Battle Clause: Forcing endless battles is banned
|rule|Species Clause: Limit one of each Pokémon
|rule|OHKO Clause: OHKO moves are banned
|rule|Evasion Items Clause: Evasion items are banned
|rule|Evasion Moves Clause: Evasion moves are banned
|rule|Evasion Abilities Clause: Evasion abilities are banned
|rule|Sleep Moves Clause: Sleep-inducing moves are banned
|clearpoke
|poke|p1|Ceruledge, F|
|poke|p1|Corviknight, F|
|poke|p1|Clodsire, F|
|poke|p1|Iron Valiant|
|poke|p1|Darkrai|
|poke|p1|Walking Wake|
|poke|p2|Luxray, M|
|poke|p2|Noctowl, F|
|poke|p2|Alomomola, F|
|poke|p2|Meowstic, M|
|poke|p2|Incineroar, M|
|poke|p2|Meowscarada, M|
|teampreview
|inactive|Battle timer is ON: inactive players will automatically lose when time's up. (requested by KING丶3266926956今余)
|inactive|kxmmbn has 120 seconds left.
|
|t:|1776304695
|teamsize|p1|6
|teamsize|p2|6
|start
|switch|p1a: Iron Valiant|Iron Valiant|100/100
|switch|p2a: Incineroar|Incineroar, M|100/100
|-ability|p2a: Incineroar|Intimidate|boost
|-unboost|p1a: Iron Valiant|atk|1
|turn|1
|
|t:|1776304705
|switch|p2a: Alomomola|Alomomola, F|100/100
|move|p1a: Iron Valiant|Close Combat|p2a: Alomomola
|-damage|p2a: Alomomola|60/100
|-unboost|p1a: Iron Valiant|def|1
|-unboost|p1a: Iron Valiant|spd|1
|-damage|p1a: Iron Valiant|91/100|[from] item: Life Orb
|
|upkeep
|turn|2
|
|t:|1776304716
|-end|p1a: Iron Valiant|Quark Drive|[silent]
|switch|p1a: Clodsire|Clodsire, F|100/100
|move|p2a: Alomomola|Flip Turn|p1a: Clodsire
|-immune|p1a: Clodsire|[from] ability: Water Absorb
|
|upkeep
|turn|3
|
|t:|1776304724
|switch|p2a: Incineroar|Incineroar, M|100/100
|-ability|p2a: Incineroar|Intimidate|boost
|-unboost|p1a: Clodsire|atk|1
|move|p1a: Clodsire|Toxic|p2a: Incineroar
|-status|p2a: Incineroar|tox
|
|-damage|p2a: Incineroar|94/100 tox|[from] psn
|upkeep
|turn|4
|
|t:|1776304732
|switch|p1a: Walking Wake|Walking Wake|100/100
|-enditem|p1a: Walking Wake|Booster Energy
|-activate|p1a: Walking Wake|ability: Protosynthesis|[fromitem]
|-start|p1a: Walking Wake|protosynthesisspa
|move|p2a: Incineroar|Will-O-Wisp|p1a: Walking Wake
|-status|p1a: Walking Wake|brn
|
|-damage|p2a: Incineroar|82/100 tox|[from] psn
|-damage|p1a: Walking Wake|94/100 brn|[from] brn
|upkeep
|turn|5
|
|t:|1776304746
|switch|p2a: Alomomola|Alomomola, F|94/100
|move|p1a: Walking Wake|Hydro Steam|p2a: Alomomola
|-resisted|p2a: Alomomola
|-damage|p2a: Alomomola|75/100
|
|-damage|p1a: Walking Wake|88/100 brn|[from] brn
|upkeep
|turn|6
|
|t:|1776304759
|move|p1a: Walking Wake|Draco Meteor|p2a: Alomomola|[miss]
|-miss|p1a: Walking Wake|p2a: Alomomola
|move|p2a: Alomomola|Flip Turn|p1a: Walking Wake
|-resisted|p1a: Walking Wake
|-damage|p1a: Walking Wake|84/100 brn
|
|t:|1776304766
|switch|p2a: Meowscarada|Meowscarada, M|100/100|[from] Flip Turn
|
|-damage|p1a: Walking Wake|78/100 brn|[from] brn
|upkeep
|turn|7
|
|t:|1776304773
|move|p2a: Meowscarada|U-turn|p1a: Walking Wake
|-start|p2a: Meowscarada|typechange|Bug|[from] ability: Protean
|-damage|p1a: Walking Wake|23/100 brn
|
|t:|1776304778
|switch|p2a: Alomomola|Alomomola, F|100/100|[from] U-turn
|move|p1a: Walking Wake|Flamethrower|p2a: Alomomola
|-resisted|p2a: Alomomola
|-damage|p2a: Alomomola|85/100
|
|-damage|p1a: Walking Wake|17/100 brn|[from] brn
|upkeep
|turn|8
|
|t:|1776304788
|move|p1a: Walking Wake|Flip Turn|p2a: Alomomola
|-resisted|p2a: Alomomola
|-damage|p2a: Alomomola|82/100
|
|t:|1776304792
|-end|p1a: Walking Wake|Protosynthesis|[silent]
|switch|p1a: Clodsire|Clodsire, F|100/100|[from] Flip Turn
|move|p2a: Alomomola|Flip Turn|p1a: Clodsire
|-immune|p1a: Clodsire|[from] ability: Water Absorb
|
|upkeep
|turn|9
|
|t:|1776304796
|switch|p2a: Incineroar|Incineroar, M|82/100 tox
|-ability|p2a: Incineroar|Intimidate|boost
|-unboost|p1a: Clodsire|atk|1
|move|p1a: Clodsire|Toxic|p2a: Incineroar
|-fail|p2a: Incineroar|tox
|
|-damage|p2a: Incineroar|76/100 tox|[from] psn
|upkeep
|turn|10
|inactive|kxmmbn has 120 seconds left.
|
|t:|1776304830
|switch|p1a: Walking Wake|Walking Wake|17/100 brn
|move|p2a: Incineroar|Parting Shot|p1a: Walking Wake
|-unboost|p1a: Walking Wake|atk|1
|-unboost|p1a: Walking Wake|spa|1
|
|t:|1776304836
|switch|p2a: Meowscarada|Meowscarada, M|100/100|[from] Parting Shot
|
|-damage|p1a: Walking Wake|11/100 brn|[from] brn
|upkeep
|turn|11
|inactive|kxmmbn has 120 seconds left.
|
|t:|1776304865
|move|p2a: Meowscarada|U-turn|p1a: Walking Wake
|-start|p2a: Meowscarada|typechange|Bug|[from] ability: Protean
|-damage|p1a: Walking Wake|0 fnt
|faint|p1a: Walking Wake
|-end|p1a: Walking Wake|Protosynthesis|[silent]
|
|t:|1776304877
|switch|p2a: Alomomola|Alomomola, F|100/100|[from] U-turn
|
|upkeep
|
|t:|1776304886
|switch|p1a: Clodsire|Clodsire, F|100/100
|turn|12
|
|t:|1776304891
|switch|p2a: Incineroar|Incineroar, M|76/100 tox
|-ability|p2a: Incineroar|Intimidate|boost
|-unboost|p1a: Clodsire|atk|1
|move|p1a: Clodsire|Earthquake|p2a: Incineroar
|-supereffective|p2a: Incineroar
|-damage|p2a: Incineroar|45/100 tox
|
|-damage|p2a: Incineroar|39/100 tox|[from] psn
|upkeep
|turn|13
|
|t:|1776304899
|move|p2a: Incineroar|Parting Shot|p1a: Clodsire
|-unboost|p1a: Clodsire|atk|1
|-unboost|p1a: Clodsire|spa|1
|
|t:|1776304903
|switch|p2a: Alomomola|Alomomola, F|100/100|[from] Parting Shot
|move|p1a: Clodsire|Earthquake|p2a: Alomomola
|-damage|p2a: Alomomola|90/100
|
|upkeep
|turn|14
|
|t:|1776304927
|move|p1a: Clodsire|Toxic|p2a: Alomomola
|-status|p2a: Alomomola|tox
|move|p2a: Alomomola|Wish|p2a: Alomomola
|
|-damage|p2a: Alomomola|84/100 tox|[from] psn
|upkeep
|turn|15
|
|t:|1776304935
|switch|p2a: Incineroar|Incineroar, M|39/100 tox
|-ability|p2a: Incineroar|Intimidate|boost
|-unboost|p1a: Clodsire|atk|1
|move|p1a: Clodsire|Earthquake|p2a: Incineroar
|-supereffective|p2a: Incineroar
|-damage|p2a: Incineroar|22/100 tox
|
|-heal|p2a: Incineroar|90/100 tox|[from] move: Wish|[wisher] Alomomola
|-damage|p2a: Incineroar|83/100 tox|[from] psn
|upkeep
|turn|16
|
|t:|1776304952
|move|p2a: Incineroar|Will-O-Wisp|p1a: Clodsire|[miss]
|-miss|p2a: Incineroar|p1a: Clodsire
|move|p1a: Clodsire|Toxic|p2a: Incineroar
|-fail|p2a: Incineroar|tox
|
|-damage|p2a: Incineroar|71/100 tox|[from] psn
|upkeep
|turn|17
|
|t:|1776304957
|switch|p1a: Ceruledge|Ceruledge, F|100/100
|move|p2a: Incineroar|Will-O-Wisp|p1a: Ceruledge|[miss]
|-miss|p2a: Incineroar|p1a: Ceruledge
|
|-damage|p2a: Incineroar|53/100 tox|[from] psn
|upkeep
|turn|18
|inactive|kxmmbn has 120 seconds left.
|
|t:|1776305001
|switch|p2a: Alomomola|Alomomola, F|100/100 tox
|move|p1a: Ceruledge|Poltergeist|p2a: Alomomola
|-activate|p2a: Alomomola|move: Poltergeist|Lagging Tail
|-damage|p2a: Alomomola|39/100 tox
|-damage|p1a: Ceruledge|91/100|[from] item: Life Orb
|
|-damage|p2a: Alomomola|33/100 tox|[from] psn
|upkeep
|turn|19
|
|t:|1776305014
|switch|p2a: Noctowl|Noctowl, F|100/100
|move|p1a: Ceruledge|Poltergeist|p2a: Noctowl
|-immune|p2a: Noctowl
|
|upkeep
|turn|20
|inactive|kxmmbn has 120 seconds left.
|
|t:|1776305046
|switch|p2a: Incineroar|Incineroar, M|53/100 tox
|-ability|p2a: Incineroar|Intimidate|boost
|-unboost|p1a: Ceruledge|atk|1
|move|p1a: Ceruledge|Swords Dance|p1a: Ceruledge
|-boost|p1a: Ceruledge|atk|2
|
|-damage|p2a: Incineroar|47/100 tox|[from] psn
|upkeep
|turn|21
|
|t:|1776305063
|switch|p2a: Noctowl|Noctowl, F|100/100
|move|p1a: Ceruledge|Poltergeist|p2a: Noctowl
|-immune|p2a: Noctowl
|
|upkeep
|turn|22
|
|t:|1776305070
|move|p2a: Noctowl|Hurricane|p1a: Ceruledge
|-damage|p1a: Ceruledge|41/100
|-start|p1a: Ceruledge|confusion
|-activate|p1a: Ceruledge|confusion
|move|p1a: Ceruledge|Swords Dance|p1a: Ceruledge
|-boost|p1a: Ceruledge|atk|2
|
|upkeep
|turn|23
|
|t:|1776305078
|move|p2a: Noctowl|Hurricane|p1a: Ceruledge
|-damage|p1a: Ceruledge|0 fnt
|faint|p1a: Ceruledge
|
|upkeep
|inactive|kxmmbn has 120 seconds left.
|
|t:|1776305106
|switch|p1a: Darkrai|Darkrai|100/100
|turn|24
|
|t:|1776305115
|move|p1a: Darkrai|Ice Beam|p2a: Noctowl
|-supereffective|p2a: Noctowl
|-damage|p2a: Noctowl|28/100
|move|p2a: Noctowl|Hyper Voice|p1a: Darkrai
|-damage|p1a: Darkrai|47/100
|
|upkeep
|turn|25
|
|t:|1776305124
|move|p1a: Darkrai|Dark Pulse|p2a: Noctowl
|-damage|p2a: Noctowl|0 fnt
|faint|p2a: Noctowl
|
|upkeep
|
|t:|1776305136
|switch|p2a: Alomomola|Alomomola, F|66/100 tox
|turn|26
|inactive|kxmmbn has 120 seconds left.
|
|t:|1776305160
|switch|p1a: Clodsire|Clodsire, F|100/100
|move|p2a: Alomomola|Flip Turn|p1a: Clodsire
|-immune|p1a: Clodsire|[from] ability: Water Absorb
|
|-damage|p2a: Alomomola|60/100 tox|[from] psn
|upkeep
|turn|27
|
|t:|1776305174
|switch|p1a: Iron Valiant|Iron Valiant|91/100
|move|p2a: Alomomola|Wish|p2a: Alomomola
|
|-damage|p2a: Alomomola|48/100 tox|[from] psn
|upkeep
|turn|28
|
|t:|1776305188
|switch|p2a: Luxray|Luxray, M|100/100
|move|p1a: Iron Valiant|Close Combat|p2a: Luxray
|-damage|p2a: Luxray|0 fnt
|-unboost|p1a: Iron Valiant|def|1
|-unboost|p1a: Iron Valiant|spd|1
|faint|p2a: Luxray
|-damage|p1a: Iron Valiant|81/100|[from] item: Life Orb
|
|upkeep
|
|t:|1776305194
|switch|p2a: Meowscarada|Meowscarada, M|100/100
|turn|29
|
|t:|1776305202
|-end|p1a: Iron Valiant|Quark Drive|[silent]
|switch|p1a: Corviknight|Corviknight, F|100/100
|move|p2a: Meowscarada|Triple Axel|p1a: Corviknight
|-start|p2a: Meowscarada|typechange|Ice|[from] ability: Protean
|-damage|p1a: Corviknight|92/100
|-damage|p2a: Meowscarada|84/100|[from] item: Rocky Helmet|[of] p1a: Corviknight
|-damage|p1a: Corviknight|75/100
|-damage|p2a: Meowscarada|67/100|[from] item: Rocky Helmet|[of] p1a: Corviknight
|-hitcount|p1a: Corviknight|2
|
|upkeep
|turn|30
|
|t:|1776305216
|switch|p2a: Alomomola|Alomomola, F|81/100 tox
|move|p1a: Corviknight|U-turn|p2a: Alomomola
|-damage|p2a: Alomomola|69/100 tox
|
|t:|1776305230
|switch|p1a: Iron Valiant|Iron Valiant|81/100|[from] U-turn
|
|-damage|p2a: Alomomola|63/100 tox|[from] psn
|upkeep
|turn|31
|
|t:|1776305239
|move|p1a: Iron Valiant|Close Combat|p2a: Alomomola
|-damage|p2a: Alomomola|2/100 tox
|-unboost|p1a: Iron Valiant|def|1
|-unboost|p1a: Iron Valiant|spd|1
|-damage|p1a: Iron Valiant|71/100|[from] item: Life Orb
|move|p2a: Alomomola|Flip Turn|p1a: Iron Valiant
|-damage|p1a: Iron Valiant|38/100
|
|t:|1776305243
|switch|p2a: Meowscarada|Meowscarada, M|67/100|[from] Flip Turn
|
|upkeep
|turn|32
|
|t:|1776305246
|switch|p2a: Meowstic|Meowstic, M|100/100
|-end|p1a: Iron Valiant|Quark Drive|[silent]
|switch|p1a: Corviknight|Corviknight, F|75/100
|
|upkeep
|turn|33
|
|t:|1776305250
|move|p2a: Meowstic|Trick|p1a: Corviknight
|-activate|p2a: Meowstic|move: Trick|[of] p1a: Corviknight
|-item|p1a: Corviknight|Choice Specs|[from] move: Trick
|-item|p2a: Meowstic|Rocky Helmet|[from] move: Trick
|move|p1a: Corviknight|U-turn|p2a: Meowstic
|-supereffective|p2a: Meowstic
|-damage|p2a: Meowstic|62/100
|-damage|p1a: Corviknight|58/100|[from] item: Rocky Helmet|[of] p2a: Meowstic
|
|t:|1776305261
|switch|p1a: Darkrai|Darkrai|47/100|[from] U-turn
|
|upkeep
|turn|34
|
|t:|1776305267
|move|p2a: Meowstic|Light Screen|p2a: Meowstic
|-sidestart|p2: KING丶3266926956今余|move: Light Screen
|move|p1a: Darkrai|Dark Pulse|p2a: Meowstic
|-supereffective|p2a: Meowstic
|-damage|p2a: Meowstic|19/100
|
|upkeep
|turn|35
|
|t:|1776305271
|move|p1a: Darkrai|Dark Pulse|p2a: Meowstic
|-supereffective|p2a: Meowstic
|-damage|p2a: Meowstic|0 fnt
|faint|p2a: Meowstic
|
|upkeep
|
|t:|1776305277
|switch|p2a: Meowscarada|Meowscarada, M|67/100
|turn|36
|
|t:|1776305283
|move|p1a: Darkrai|Ice Beam|p2a: Meowscarada
|-supereffective|p2a: Meowscarada
|-damage|p2a: Meowscarada|19/100
|move|p2a: Meowscarada|Flower Trick|p1a: Darkrai
|-start|p2a: Meowscarada|typechange|Grass|[from] ability: Protean
|-crit|p1a: Darkrai
|-damage|p1a: Darkrai|0 fnt
|faint|p1a: Darkrai
|
|upkeep
|
|t:|1776305288
|switch|p1a: Corviknight|Corviknight, F|58/100
|turn|37
|
|t:|1776305293
|switch|p2a: Incineroar|Incineroar, M|47/100 tox
|-ability|p2a: Incineroar|Intimidate|boost
|-ability|p1a: Corviknight|Mirror Armor
|-unboost|p2a: Incineroar|atk|1
|move|p1a: Corviknight|U-turn|p2a: Incineroar
|-crit|p2a: Incineroar
|-damage|p2a: Incineroar|32/100 tox
|
|t:|1776305299
|switch|p1a: Iron Valiant|Iron Valiant|38/100|[from] U-turn
|
|-damage|p2a: Incineroar|26/100 tox|[from] psn
|upkeep
|turn|38
|
|t:|1776305303
|move|p1a: Iron Valiant|Close Combat|p2a: Incineroar
|-supereffective|p2a: Incineroar
|-damage|p2a: Incineroar|0 fnt
|-unboost|p1a: Iron Valiant|def|1
|-unboost|p1a: Iron Valiant|spd|1
|faint|p2a: Incineroar
|-damage|p1a: Iron Valiant|29/100|[from] item: Life Orb
|
|-sideend|p2: KING丶3266926956今余|move: Light Screen
|upkeep
|
|t:|1776305306
|switch|p2a: Meowscarada|Meowscarada, M|19/100
|turn|39
|
|t:|1776305315
|-end|p1a: Iron Valiant|Quark Drive|[silent]
|switch|p1a: Corviknight|Corviknight, F|58/100
|move|p2a: Meowscarada|Triple Axel|p1a: Corviknight
|-start|p2a: Meowscarada|typechange|Ice|[from] ability: Protean
|-damage|p1a: Corviknight|51/100
|-damage|p1a: Corviknight|33/100
|-damage|p1a: Corviknight|8/100
|-hitcount|p1a: Corviknight|3
|
|upkeep
|turn|40
|
|t:|1776305326
|move|p2a: Meowscarada|Triple Axel|p1a: Corviknight
|-damage|p1a: Corviknight|0 fnt
|faint|p1a: Corviknight
|-hitcount|p1: Corviknight|1
|
|upkeep
|
|t:|1776305331
|switch|p1a: Clodsire|Clodsire, F|100/100
|turn|41
|
|t:|1776305337
|switch|p2a: Alomomola|Alomomola, F|35/100 tox
|move|p1a: Clodsire|Earthquake|p2a: Alomomola
|-damage|p2a: Alomomola|13/100 tox
|
|-damage|p2a: Alomomola|7/100 tox|[from] psn
|upkeep
|turn|42
|
|t:|1776305342
|move|p1a: Clodsire|Earthquake|p2a: Alomomola
|-damage|p2a: Alomomola|0 fnt
|faint|p2a: Alomomola
|
|upkeep
|
|t:|1776305344
|switch|p2a: Meowscarada|Meowscarada, M|19/100
|turn|43
|
|t:|1776305351
|move|p2a: Meowscarada|Triple Axel|p1a: Clodsire
|-start|p2a: Meowscarada|typechange|Ice|[from] ability: Protean
|-supereffective|p1a: Clodsire
|-damage|p1a: Clodsire|69/100
|-supereffective|p1a: Clodsire
|-crit|p1a: Clodsire
|-damage|p1a: Clodsire|0 fnt
|faint|p1a: Clodsire
|-hitcount|p1: Clodsire|2
|
|upkeep
|
|t:|1776305354
|switch|p1a: Iron Valiant|Iron Valiant|29/100
|turn|44
|
|t:|1776305363
|-terastallize|p1a: Iron Valiant|Poison
|move|p2a: Meowscarada|Triple Axel|p1a: Iron Valiant
|-damage|p1a: Iron Valiant|11/100
|-damage|p1a: Iron Valiant|0 fnt
|faint|p1a: Iron Valiant
|-end|p1a: Iron Valiant|Quark Drive|[silent]
|-hitcount|p1: Iron Valiant|2
|
|win|KING丶3266926956今余
|raw|kxmmbn's rating: 1306 &rarr; <strong>1289</strong><br />(-17 for losing)
|raw|KING丶3266926956今余's rating: 1358 &rarr; <strong>1375</strong><br />(+17 for winning)
|l|☆kxmmbn
|player|p1|
