|html|<div class="broadcast-blue"><strong>[Gen 9] OU is currently suspecting Tera Blast! For information on how to participate check out the <a href="https://www.smogon.com/tools/suspects/view/200">suspect thread</a>.</strong></div>
|j|☆BIG_CHUD837396
|j|☆miaca
|t:|1776039926
|gametype|singles
|player|p1|BIG_CHUD837396|hiker|1071
|player|p2|miaca|266|1087
|gen|9
|tier|[Gen 9] OU
|rated|
|rule|HP Percentage Mod: HP is shown in percentages
|rule|Endless Battle Clause: Forcing endless battles is banned
|rule|Species Clause: Limit one of each Pokémon
|rule|OHKO Clause: OHKO moves are banned
|rule|Evasion Items Clause: Evasion items are banned
|rule|Evasion Moves Clause: Evasion moves are banned
|rule|Evasion Abilities Clause: Evasion abilities are banned
|rule|Sleep Moves Clause: Sleep-inducing moves are banned
|clearpoke
|poke|p1|Infernape, M|
|poke|p1|Great Tusk|
|poke|p1|Dragapult, F|
|poke|p1|Banette, M|
|poke|p1|Toxtricity-Low-Key, F|
|poke|p1|Overqwil, M|
|poke|p2|Thundurus-Therian, M|
|poke|p2|Incineroar, M|
|poke|p2|Pecharunt|
|poke|p2|Regice|
|poke|p2|Metagross|
|poke|p2|Walking Wake|
|teampreview
|inactive|Battle timer is ON: inactive players will automatically lose when time's up. (requested by miaca)
|
|t:|1776039941
|teamsize|p1|6
|teamsize|p2|6
|start
|switch|p1a: Toxtricity|Toxtricity-Low-Key, F, shiny|100/100
|switch|p2a: Regice|Regice|100/100
|turn|1
|
|t:|1776039960
|move|p1a: Toxtricity|Discharge|p2a: Regice
|-damage|p2a: Regice|90/100
|move|p2a: Regice|Ice Beam|p1a: Toxtricity
|-damage|p1a: Toxtricity|47/100
|-status|p1a: Toxtricity|frz
|
|upkeep
|turn|2
|
|t:|1776039978
|switch|p1a: Infernape|Infernape, M, shiny|100/100
|move|p2a: Regice|Ice Beam|p1a: Infernape
|-resisted|p1a: Infernape
|-damage|p1a: Infernape|67/100
|-status|p1a: Infernape|frz
|
|upkeep
|turn|3
|
|t:|1776039989
|cant|p1a: Infernape|frz
|move|p2a: Regice|Thunderbolt|p1a: Infernape
|-damage|p1a: Infernape|19/100 frz
|
|upkeep
|turn|4
|
|t:|1776039997
|cant|p1a: Infernape|frz
|move|p2a: Regice|Thunderbolt|p1a: Infernape
|-damage|p1a: Infernape|0 fnt
|faint|p1a: Infernape
|
|upkeep
|
|t:|1776040005
|switch|p1a: Great Tusk|Great Tusk, shiny|100/100
|turn|5
|
|t:|1776040010
|move|p1a: Great Tusk|Close Combat|p2a: Regice
|-supereffective|p2a: Regice
|-damage|p2a: Regice|0 fnt
|-unboost|p1a: Great Tusk|def|1
|-unboost|p1a: Great Tusk|spd|1
|faint|p2a: Regice
|
|upkeep
|
|t:|1776040026
|switch|p2a: Thundurus|Thundurus-Therian, M|100/100
|turn|6
|
|t:|1776040037
|move|p2a: Thundurus|Psychic|p1a: Great Tusk
|-supereffective|p1a: Great Tusk
|-damage|p1a: Great Tusk|0 fnt
|faint|p1a: Great Tusk
|-end|p1a: Great Tusk|Protosynthesis|[silent]
|
|upkeep
|
|t:|1776040050
|switch|p1a: Banette|Banette, M, shiny|100/100
|turn|7
|
|t:|1776040059
|-terastallize|p2a: Thundurus|Electric
|move|p2a: Thundurus|Discharge|p1a: Banette
|-damage|p1a: Banette|6/100
|-status|p1a: Banette|par
|-start|p2a: Thundurus|Disable|Discharge|[from] ability: Cursed Body|[of] p1a: Banette
|move|p1a: Banette|Dark Pulse|p2a: Thundurus
|-damage|p2a: Thundurus|80/100
|
|upkeep
|turn|8
|
|t:|1776040071
|move|p2a: Thundurus|Psychic|p1a: Banette
|-crit|p1a: Banette
|-damage|p1a: Banette|0 fnt
|faint|p1a: Banette
|
|upkeep
|
|t:|1776040083
|switch|p1a: Dragapult|Dragapult, F, shiny|100/100
|turn|9
|
|t:|1776040092
|move|p2a: Thundurus|Flash Cannon|p1a: Dragapult
|-damage|p1a: Dragapult|62/100
|move|p1a: Dragapult|Dragon Tail|p2a: Thundurus
|-damage|p2a: Thundurus|28/100
|-damage|p1a: Dragapult|53/100|[from] item: Life Orb
|drag|p2a: Incineroar|Incineroar, M|100/100
|-ability|p2a: Incineroar|Intimidate|boost
|-fail|p1a: Dragapult|unboost|[from] ability: Clear Body|[of] p1a: Dragapult
|
|upkeep
|turn|10
|
|t:|1776040104
|move|p1a: Dragapult|U-turn|p2a: Incineroar
|-damage|p2a: Incineroar|77/100
|-damage|p1a: Dragapult|43/100|[from] item: Life Orb
|
|t:|1776040109
|switch|p1a: Overqwil|Overqwil, M, shiny|100/100|[from] U-turn
|move|p2a: Incineroar|Knock Off|p1a: Overqwil
|-resisted|p1a: Overqwil
|-damage|p1a: Overqwil|81/100
|-damage|p2a: Incineroar|61/100|[from] item: Rocky Helmet|[of] p1a: Overqwil
|-status|p2a: Incineroar|psn|[from] ability: Poison Point|[of] p1a: Overqwil
|-enditem|p1a: Overqwil|Rocky Helmet|[from] move: Knock Off|[of] p2a: Incineroar
|
|-damage|p2a: Incineroar|48/100 psn|[from] psn
|upkeep
|turn|11
|
|t:|1776040125
|move|p1a: Overqwil|Substitute|p1a: Overqwil
|-start|p1a: Overqwil|Substitute
|-damage|p1a: Overqwil|56/100
|move|p2a: Incineroar|Flare Blitz|p1a: Overqwil
|-end|p1a: Overqwil|Substitute
|-damage|p2a: Incineroar|41/100 psn|[from] Recoil|[of] p1a: Overqwil
|
|-damage|p2a: Incineroar|29/100 psn|[from] psn
|upkeep
|turn|12
|
|t:|1776040136
|move|p1a: Overqwil|Substitute|p1a: Overqwil
|-start|p1a: Overqwil|Substitute
|-damage|p1a: Overqwil|32/100
|move|p2a: Incineroar|Flare Blitz|p1a: Overqwil
|-end|p1a: Overqwil|Substitute
|-damage|p2a: Incineroar|21/100 psn|[from] Recoil|[of] p1a: Overqwil
|
|-damage|p2a: Incineroar|9/100 psn|[from] psn
|upkeep
|turn|13
|
|t:|1776040148
|move|p1a: Overqwil|Substitute|p1a: Overqwil
|-start|p1a: Overqwil|Substitute
|-damage|p1a: Overqwil|7/100
|move|p2a: Incineroar|Flare Blitz|p1a: Overqwil
|-end|p1a: Overqwil|Substitute
|-damage|p2a: Incineroar|2/100 psn|[from] Recoil|[of] p1a: Overqwil
|
|-damage|p2a: Incineroar|0 fnt|[from] psn
|faint|p2a: Incineroar
|upkeep
|
|t:|1776040160
|switch|p2a: Walking Wake|Walking Wake|100/100
|turn|14
|
|t:|1776040168
|move|p2a: Walking Wake|Hydro Steam|p1a: Overqwil
|-damage|p1a: Overqwil|0 fnt
|faint|p1a: Overqwil
|-damage|p2a: Walking Wake|91/100|[from] item: Life Orb
|
|upkeep
|
|t:|1776040187
|switch|p1a: Dragapult|Dragapult, F, shiny|43/100
|turn|15
|
|t:|1776040196
|-terastallize|p1a: Dragapult|Normal
|move|p2a: Walking Wake|Dragon Pulse|p1a: Dragapult
|-damage|p1a: Dragapult|0 fnt
|faint|p1a: Dragapult
|-damage|p2a: Walking Wake|81/100|[from] item: Life Orb
|
|upkeep
|
|t:|1776040204
|switch|p1a: Toxtricity|Toxtricity-Low-Key, F, shiny|47/100 frz
|turn|16
|
|t:|1776040212
|move|p2a: Walking Wake|Dragon Pulse|p1a: Toxtricity
|-damage|p1a: Toxtricity|0 fnt
|faint|p1a: Toxtricity
|-damage|p2a: Walking Wake|71/100|[from] item: Life Orb
|
|win|miaca
|raw|BIG_CHUD837396's rating: 1071 &rarr; <strong>1051</strong><br />(-20 for losing)
|raw|miaca's rating: 1087 &rarr; <strong>1113</strong><br />(+26 for winning)
|l|☆miaca
|player|p2|
