|html|<div class="broadcast-blue"><strong>[Gen 9] OU is currently suspecting Tera Blast! For information on how to participate check out the <a href="https://www.smogon.com/tools/suspects/view/200">suspect thread</a>.</strong></div>
|j|☆rockdrigox666
|j|☆dyebberwacky
|t:|1776055820
|gametype|singles
|player|p1|rockdrigox666|265|1112
|player|p2|dyebberwacky|hiker-gen4|1141
|gen|9
|tier|[Gen 9] OU
|rated|
|rule|HP Percentage Mod: HP is shown in percentages
|rule|Endless Battle Clause: Forcing endless battles is banned
|rule|Species Clause: Limit one of each Pokémon
|rule|OHKO Clause: OHKO moves are banned
|rule|Evasion Items Clause: Evasion items are banned
|rule|Evasion Moves Clause: Evasion moves are banned
|rule|Evasion Abilities Clause: Evasion abilities are banned
|rule|Sleep Moves Clause: Sleep-inducing moves are banned
|clearpoke
|poke|p1|Garchomp, M|
|poke|p1|Darkrai|
|poke|p1|Cinderace, F|
|poke|p1|Venusaur, M|
|poke|p1|Masquerain, M|
|poke|p1|Weavile, F|
|poke|p2|Dragonite, M|
|poke|p2|Sinistcha|
|poke|p2|Zapdos-Galar|
|poke|p2|Ting-Lu|
|poke|p2|Landorus-Therian, M|
|poke|p2|Orthworm, F|
|teampreview
|inactive|Battle timer is ON: inactive players will automatically lose when time's up. (requested by rockdrigox666)
|inactive|dyebberwacky also wants the timer to be on.
|
|t:|1776055823
|teamsize|p1|6
|teamsize|p2|6
|start
|switch|p1a: Masquerain|Masquerain, M|100/100
|switch|p2a: Pacificst|Ting-Lu|100/100
|-ability|p1a: Masquerain|Intimidate|boost
|-unboost|p2a: Pacificst|atk|1
|-ability|p2a: Pacificst|Vessel of Ruin
|turn|1
|
|t:|1776055830
|move|p1a: Masquerain|Sticky Web|p2a: Pacificst
|-sidestart|p2: dyebberwacky|move: Sticky Web
|move|p2a: Pacificst|Stealth Rock|p1a: Masquerain
|-sidestart|p1: rockdrigox666|move: Stealth Rock
|
|upkeep
|turn|2
|
|t:|1776055836
|move|p1a: Masquerain|Bug Buzz|p2a: Pacificst
|-supereffective|p2a: Pacificst
|-damage|p2a: Pacificst|64/100
|move|p2a: Pacificst|Whirlwind|p1a: Masquerain
|drag|p1a: Weavile|Weavile, F|100/100
|-damage|p1a: Weavile|76/100|[from] Stealth Rock
|-ability|p1a: Weavile|Pressure
|
|-heal|p2a: Pacificst|71/100|[from] item: Leftovers
|upkeep
|turn|3
|
|t:|1776055844
|move|p1a: Weavile|Taunt|p2a: Pacificst
|-start|p2a: Pacificst|move: Taunt
|move|p2a: Pacificst|Earthquake|p1a: Weavile
|-damage|p1a: Weavile|33/100
|
|-heal|p2a: Pacificst|77/100|[from] item: Leftovers
|upkeep
|turn|4
|
|t:|1776055848
|move|p1a: Weavile|Ice Spinner|p2a: Pacificst
|-supereffective|p2a: Pacificst
|-damage|p2a: Pacificst|27/100
|-damage|p1a: Weavile|23/100|[from] item: Life Orb
|move|p2a: Pacificst|Earthquake|p1a: Weavile
|-crit|p1a: Weavile
|-damage|p1a: Weavile|0 fnt
|faint|p1a: Weavile
|
|-heal|p2a: Pacificst|33/100|[from] item: Leftovers
|upkeep
|
|t:|1776055856
|switch|p1a: Garchomp|Garchomp, M|100/100
|-damage|p1a: Garchomp|94/100|[from] Stealth Rock
|turn|5
|
|t:|1776055860
|move|p1a: Garchomp|Stealth Rock|p2a: Pacificst
|-sidestart|p2: dyebberwacky|move: Stealth Rock
|move|p2a: Pacificst|Ruination|p1a: Garchomp
|-damage|p1a: Garchomp|47/100
|
|-heal|p2a: Pacificst|39/100|[from] item: Leftovers
|-end|p2a: Pacificst|move: Taunt
|upkeep
|turn|6
|
|t:|1776055869
|move|p1a: Garchomp|Dragon Tail|p2a: Pacificst
|-damage|p2a: Pacificst|28/100
|drag|p2a: Forest Gunk|Zapdos-Galar|100/100
|-damage|p2a: Forest Gunk|88/100|[from] Stealth Rock
|
|upkeep
|turn|7
|
|t:|1776055878
|move|p1a: Garchomp|Body Slam|p2a: Forest Gunk
|-crit|p2a: Forest Gunk
|-damage|p2a: Forest Gunk|59/100
|move|p2a: Forest Gunk|Brave Bird|p1a: Garchomp
|-damage|p1a: Garchomp|14/100
|-damage|p2a: Forest Gunk|46/100|[from] ability: Rough Skin|[of] p1a: Garchomp
|-damage|p2a: Forest Gunk|29/100|[from] item: Rocky Helmet|[of] p1a: Garchomp
|-damage|p2a: Forest Gunk|17/100|[from] Recoil
|
|upkeep
|turn|8
|
|t:|1776055886
|move|p1a: Garchomp|Body Slam|p2a: Forest Gunk
|-damage|p2a: Forest Gunk|0 fnt
|faint|p2a: Forest Gunk
|
|upkeep
|
|t:|1776055891
|switch|p2a: We all hate gim|Landorus-Therian, M|100/100
|-damage|p2a: We all hate gim|88/100|[from] Stealth Rock
|-ability|p2a: We all hate gim|Intimidate|boost
|-unboost|p1a: Garchomp|atk|1
|turn|9
|
|t:|1776055902
|move|p1a: Garchomp|Body Slam|p2a: We all hate gim
|-damage|p2a: We all hate gim|79/100
|-status|p2a: We all hate gim|par
|move|p2a: We all hate gim|Stone Edge|p1a: Garchomp|[miss]
|-miss|p2a: We all hate gim|p1a: Garchomp
|
|upkeep
|turn|10
|
|t:|1776055909
|move|p2a: We all hate gim|Earthquake|p1a: Garchomp
|-damage|p1a: Garchomp|0 fnt
|faint|p1a: Garchomp
|
|upkeep
|
|t:|1776055914
|switch|p1a: Masquerain|Masquerain, M|100/100
|-ability|p1a: Masquerain|Intimidate|boost
|-unboost|p2a: We all hate gim|atk|1
|turn|11
|
|t:|1776055919
|-terastallize|p1a: Masquerain|Ground
|move|p1a: Masquerain|Quiver Dance|p1a: Masquerain
|-boost|p1a: Masquerain|spa|1
|-boost|p1a: Masquerain|spd|1
|-boost|p1a: Masquerain|spe|1
|move|p2a: We all hate gim|Stone Edge|p1a: Masquerain|[miss]
|-miss|p2a: We all hate gim|p1a: Masquerain
|
|upkeep
|turn|12
|
|t:|1776055926
|move|p1a: Masquerain|Quiver Dance|p1a: Masquerain
|-boost|p1a: Masquerain|spa|1
|-boost|p1a: Masquerain|spd|1
|-boost|p1a: Masquerain|spe|1
|cant|p2a: We all hate gim|par
|
|upkeep
|turn|13
|
|t:|1776055932
|move|p1a: Masquerain|Hurricane|p2a: We all hate gim|[miss]
|-miss|p1a: Masquerain|p2a: We all hate gim
|move|p2a: We all hate gim|U-turn|p1a: Masquerain
|-damage|p1a: Masquerain|75/100
|
|t:|1776055937
|switch|p2a: Dragooning|Dragonite, M|100/100|[from] U-turn
|
|upkeep
|turn|14
|
|t:|1776055942
|move|p1a: Masquerain|Hurricane|p2a: Dragooning
|-damage|p2a: Dragooning|47/100
|move|p2a: Dragooning|Dragon Dance|p2a: Dragooning
|-boost|p2a: Dragooning|atk|1
|-boost|p2a: Dragooning|spe|1
|
|upkeep
|turn|15
|
|t:|1776055947
|-terastallize|p2a: Dragooning|Normal
|move|p2a: Dragooning|Extreme Speed|p1a: Masquerain
|-damage|p1a: Masquerain|0 fnt
|faint|p1a: Masquerain
|
|upkeep
|
|t:|1776055953
|switch|p1a: Venusaur|Venusaur, M|100/100
|-damage|p1a: Venusaur|88/100|[from] Stealth Rock
|turn|16
|
|t:|1776055960
|move|p2a: Dragooning|Ice Spinner|p1a: Venusaur
|-supereffective|p1a: Venusaur
|-damage|p1a: Venusaur|0 fnt
|faint|p1a: Venusaur
|
|upkeep
|
|t:|1776055964
|switch|p1a: Cinderace|Cinderace, F|100/100
|turn|17
|
|t:|1776055968
|move|p2a: Dragooning|Earthquake|p1a: Cinderace
|-supereffective|p1a: Cinderace
|-damage|p1a: Cinderace|0 fnt
|faint|p1a: Cinderace
|
|upkeep
|
|t:|1776055971
|switch|p1a: Darkrai|Darkrai|100/100
|-damage|p1a: Darkrai|88/100|[from] Stealth Rock
|turn|18
|
|t:|1776055977
|move|p2a: Dragooning|Extreme Speed|p1a: Darkrai
|-damage|p1a: Darkrai|0 fnt
|faint|p1a: Darkrai
|
|win|dyebberwacky
|raw|rockdrigox666's rating: 1112 &rarr; <strong>1089</strong><br />(-23 for losing)
|raw|dyebberwacky's rating: 1141 &rarr; <strong>1164</strong><br />(+23 for winning)
|l|☆dyebberwacky
|player|p2|
|l|☆rockdrigox666
|player|p1|
