|html|<div class="broadcast-blue"><strong>[Gen 9] OU is currently suspecting Tera Blast! For information on how to participate check out the <a href="https://www.smogon.com/tools/suspects/view/200">suspect thread</a>.</strong></div>
|j|☆owdof
|j|☆green_lewis
|t:|1776065623
|gametype|singles
|player|p1|owdof|kris-gen2|1218
|player|p2|green_lewis|ethan|1277
|gen|9
|tier|[Gen 9] OU
|rated|
|rule|HP Percentage Mod: HP is shown in percentages
|rule|Endless Battle Clause: Forcing endless battles is banned
|rule|Species Clause: Limit one of each Pokémon
|rule|OHKO Clause: OHKO moves are banned
|rule|Evasion Items Clause: Evasion items are banned
|rule|Evasion Moves Clause: Evasion moves are banned
|rule|Evasion Abilities Clause: Evasion abilities are banned
|rule|Sleep Moves Clause: Sleep-inducing moves are banned
|clearpoke
|poke|p1|Iron Valiant|
|poke|p1|Darkrai|
|poke|p1|Gengar, M|
|poke|p1|Zarude|
|poke|p1|Noivern, F|
|poke|p1|Necrozma|
|poke|p2|Scyther, M|
|poke|p2|Great Tusk|
|poke|p2|Dragapult, M|
|poke|p2|Alomomola, M|
|poke|p2|Hydrapple, M|
|poke|p2|Slowking-Galar, M|
|teampreview
|inactive|Battle timer is ON: inactive players will automatically lose when time's up. (requested by green_lewis)
|inactive|owdof also wants the timer to be on.
|
|t:|1776065627
|teamsize|p1|6
|teamsize|p2|6
|start
|switch|p1a: Gengar|Gengar, M|100/100
|switch|p2a: Dragapult|Dragapult, M|100/100
|turn|1
|
|t:|1776065633
|switch|p1a: Zarude|Zarude|100/100
|move|p2a: Dragapult|Shadow Ball|p1a: Zarude
|-resisted|p1a: Zarude
|-damage|p1a: Zarude|77/100
|
|upkeep
|turn|2
|
|t:|1776065643
|switch|p2a: Scyther|Scyther, M|100/100
|move|p1a: Zarude|Knock Off|p2a: Scyther
|-damage|p2a: Scyther|59/100
|-enditem|p2a: Scyther|Eviolite|[from] move: Knock Off|[of] p1a: Zarude
|
|upkeep
|turn|3
|
|t:|1776065651
|move|p1a: Zarude|Knock Off|p2a: Scyther
|-damage|p2a: Scyther|20/100
|move|p2a: Scyther|Swords Dance|p2a: Scyther
|-boost|p2a: Scyther|atk|2
|
|upkeep
|turn|4
|
|t:|1776065655
|move|p2a: Scyther|Dual Wingbeat|p1a: Zarude
|-supereffective|p1a: Zarude
|-damage|p1a: Zarude|0 fnt
|faint|p1a: Zarude
|-hitcount|p1: Zarude|1
|
|upkeep
|
|t:|1776065665
|switch|p1a: Noivern|Noivern, F|100/100
|turn|5
|
|t:|1776065668
|move|p2a: Scyther|Quick Attack|p1a: Noivern
|-damage|p1a: Noivern|53/100
|move|p1a: Noivern|Boomburst|p2a: Scyther
|-damage|p2a: Scyther|0 fnt
|faint|p2a: Scyther
|
|upkeep
|
|t:|1776065680
|switch|p2a: Slowking|Slowking-Galar, M|100/100
|turn|6
|
|t:|1776065690
|switch|p1a: Gengar|Gengar, M|100/100
|move|p2a: Slowking|Future Sight|p1a: Gengar
|-start|p2a: Slowking|move: Future Sight
|
|upkeep
|turn|7
|
|t:|1776065701
|move|p1a: Gengar|Encore|p2a: Slowking
|-start|p2a: Slowking|Encore
|move|p2a: Slowking|Future Sight||[still]
|-fail|p2a: Slowking
|
|upkeep
|turn|8
|
|t:|1776065713
|switch|p1a: Darkrai|Darkrai|100/100
|move|p2a: Slowking|Future Sight||[still]
|-fail|p2a: Slowking
|
|-end|p1a: Darkrai|move: Future Sight
|-immune|p1a: Darkrai
|upkeep
|turn|9
|
|t:|1776065721
|switch|p2a: Great Tusk|Great Tusk|100/100
|-enditem|p2a: Great Tusk|Booster Energy
|-activate|p2a: Great Tusk|ability: Protosynthesis|[fromitem]
|-start|p2a: Great Tusk|protosynthesisspe
|move|p1a: Darkrai|Nasty Plot|p1a: Darkrai
|-boost|p1a: Darkrai|spa|2
|
|upkeep
|turn|10
|
|t:|1776065728
|move|p1a: Darkrai|Protect|p1a: Darkrai
|-singleturn|p1a: Darkrai|Protect
|move|p2a: Great Tusk|Headlong Rush|p1a: Darkrai
|-activate|p1a: Darkrai|move: Protect
|
|upkeep
|turn|11
|
|t:|1776065735
|move|p2a: Great Tusk|Headlong Rush|p1a: Darkrai
|-damage|p1a: Darkrai|27/100
|-unboost|p2a: Great Tusk|def|1
|-unboost|p2a: Great Tusk|spd|1
|move|p1a: Darkrai|Disable|p2a: Great Tusk
|-start|p2a: Great Tusk|Disable|Headlong Rush
|
|upkeep
|turn|12
|
|t:|1776065742
|switch|p1a: Gengar|Gengar, M|100/100
|move|p2a: Great Tusk|Ice Spinner|p1a: Gengar
|-damage|p1a: Gengar|66/100
|
|-heal|p1a: Gengar|72/100|[from] item: Leftovers
|upkeep
|turn|13
|
|t:|1776065747
|move|p2a: Great Tusk|Knock Off|p1a: Gengar
|-supereffective|p1a: Gengar
|-crit|p1a: Gengar
|-damage|p1a: Gengar|0 fnt
|-enditem|p1a: Gengar|Leftovers|[from] move: Knock Off|[of] p2a: Great Tusk
|faint|p1a: Gengar
|
|upkeep
|
|t:|1776065757
|switch|p1a: Iron Valiant|Iron Valiant|100/100
|-enditem|p1a: Iron Valiant|Booster Energy
|-activate|p1a: Iron Valiant|ability: Quark Drive|[fromitem]
|-start|p1a: Iron Valiant|quarkdrivespe
|turn|14
|
|t:|1776065764
|-end|p2a: Great Tusk|Protosynthesis|[silent]
|switch|p2a: Slowking|Slowking-Galar, M|100/100
|move|p1a: Iron Valiant|Calm Mind|p1a: Iron Valiant
|-boost|p1a: Iron Valiant|spa|1
|-boost|p1a: Iron Valiant|spd|1
|
|upkeep
|turn|15
|
|t:|1776065769
|move|p1a: Iron Valiant|Thunder Wave|p2a: Slowking
|-status|p2a: Slowking|par
|move|p2a: Slowking|Sludge Bomb|p1a: Iron Valiant
|-supereffective|p1a: Iron Valiant
|-damage|p1a: Iron Valiant|22/100
|
|upkeep
|turn|16
|
|t:|1776065777
|move|p1a: Iron Valiant|Moonblast|p2a: Slowking
|-resisted|p2a: Slowking
|-damage|p2a: Slowking|82/100 par
|move|p2a: Slowking|Sludge Bomb|p1a: Iron Valiant
|-supereffective|p1a: Iron Valiant
|-damage|p1a: Iron Valiant|0 fnt
|faint|p1a: Iron Valiant
|-end|p1a: Iron Valiant|Quark Drive|[silent]
|
|upkeep
|
|t:|1776065783
|switch|p1a: Darkrai|Darkrai|27/100
|turn|17
|
|t:|1776065786
|move|p1a: Darkrai|Dark Pulse|p2a: Slowking
|-supereffective|p2a: Slowking
|-damage|p2a: Slowking|18/100 par
|-damage|p1a: Darkrai|17/100|[from] item: Life Orb
|move|p2a: Slowking|Sludge Bomb|p1a: Darkrai
|-damage|p1a: Darkrai|0 fnt
|faint|p1a: Darkrai
|
|upkeep
|
|t:|1776065789
|switch|p1a: Necrozma|Necrozma|100/100
|turn|18
|
|t:|1776065796
|switch|p2a: Dragapult|Dragapult, M|100/100
|move|p1a: Necrozma|Dragon Dance|p1a: Necrozma
|-boost|p1a: Necrozma|atk|1
|-boost|p1a: Necrozma|spe|1
|
|upkeep
|turn|19
|
|t:|1776065801
|move|p1a: Necrozma|Dragon Dance|p1a: Necrozma
|-boost|p1a: Necrozma|atk|1
|-boost|p1a: Necrozma|spe|1
|move|p2a: Dragapult|Shadow Ball|p1a: Necrozma
|-supereffective|p1a: Necrozma
|-damage|p1a: Necrozma|10/100
|-enditem|p1a: Necrozma|Weakness Policy
|-boost|p1a: Necrozma|atk|2|[from] item: Weakness Policy
|-boost|p1a: Necrozma|spa|2|[from] item: Weakness Policy
|
|upkeep
|turn|20
|
|t:|1776065815
|move|p1a: Necrozma|Knock Off|p2a: Dragapult
|-supereffective|p2a: Dragapult
|-damage|p2a: Dragapult|0 fnt
|-enditem|p2a: Dragapult|Choice Specs|[from] move: Knock Off|[of] p1a: Necrozma
|faint|p2a: Dragapult
|
|upkeep
|
|t:|1776065820
|switch|p2a: Great Tusk|Great Tusk|100/100
|turn|21
|
|t:|1776065825
|-terastallize|p2a: Great Tusk|Dark
|move|p1a: Necrozma|Earthquake|p2a: Great Tusk
|-damage|p2a: Great Tusk|50/100
|move|p2a: Great Tusk|Rapid Spin|p1a: Necrozma
|-damage|p1a: Necrozma|0 fnt
|-boost|p2a: Great Tusk|spe|1
|faint|p1a: Necrozma
|
|upkeep
|-message|owdof forfeited.
|
|win|green_lewis
|raw|owdof's rating: 1218 &rarr; <strong>1197</strong><br />(-21 for losing)
|raw|green_lewis's rating: 1277 &rarr; <strong>1298</strong><br />(+21 for winning)
|l|☆owdof
|player|p1|
