|html|<div class="broadcast-blue"><strong>[Gen 9] OU is currently suspecting Tera Blast! For information on how to participate check out the <a href="https://www.smogon.com/tools/suspects/view/200">suspect thread</a>.</strong></div>
|j|☆ilnhae
|j|☆buzzerproof
|t:|1776031769
|gametype|singles
|player|p1|ilnhae|battlegirl-gen4|1250
|player|p2|buzzerproof|swimmerf-gen4|1198
|gen|9
|tier|[Gen 9] OU
|rated|
|rule|HP Percentage Mod: HP is shown in percentages
|rule|Endless Battle Clause: Forcing endless battles is banned
|rule|Species Clause: Limit one of each Pokémon
|rule|OHKO Clause: OHKO moves are banned
|rule|Evasion Items Clause: Evasion items are banned
|rule|Evasion Moves Clause: Evasion moves are banned
|rule|Evasion Abilities Clause: Evasion abilities are banned
|rule|Sleep Moves Clause: Sleep-inducing moves are banned
|clearpoke
|poke|p1|Iron Valiant|
|poke|p1|Staraptor, F|
|poke|p1|Great Tusk|
|poke|p1|Glimmora, M|
|poke|p1|Dragapult, F|
|poke|p1|Gholdengo|
|poke|p2|Tyranitar, M|
|poke|p2|Hydrapple, F|
|poke|p2|Enamorus, F|
|poke|p2|Garganacl, M|
|poke|p2|Excadrill, M|
|poke|p2|Alomomola, M|
|teampreview
|inactive|Battle timer is ON: inactive players will automatically lose when time's up. (requested by ilnhae)
|
|t:|1776031790
|teamsize|p1|6
|teamsize|p2|6
|start
|switch|p1a: Mammouth|Great Tusk|100/100
|switch|p2a: Alomomola|Alomomola, M|100/100
|turn|1
|
|t:|1776031808
|-end|p1a: Mammouth|Protosynthesis|[silent]
|switch|p1a: PhantoRyu|Dragapult, F|100/100
|move|p2a: Alomomola|Flip Turn|p1a: PhantoRyu
|-resisted|p1a: PhantoRyu
|-damage|p1a: PhantoRyu|89/100
|
|t:|1776031813
|switch|p2a: Enamorus|Enamorus, F|100/100|[from] Flip Turn
|
|upkeep
|turn|2
|
|t:|1776031825
|switch|p1a: Like a J|Gholdengo|100/100
|move|p2a: Enamorus|Moonblast|p1a: Like a J
|-resisted|p1a: Like a J
|-damage|p1a: Like a J|76/100
|-unboost|p1a: Like a J|spa|1
|
|-heal|p1a: Like a J|82/100|[from] item: Leftovers
|upkeep
|turn|3
|
|t:|1776031835
|switch|p2a: Alomomola|Alomomola, M|100/100
|move|p1a: Like a J|Make It Rain|p2a: Alomomola
|-resisted|p2a: Alomomola
|-crit|p2a: Alomomola
|-damage|p2a: Alomomola|71/100
|-unboost|p1a: Like a J|spa|1
|
|-heal|p1a: Like a J|88/100|[from] item: Leftovers
|upkeep
|turn|4
|
|t:|1776031848
|move|p1a: Like a J|Nasty Plot|p1a: Like a J
|-boost|p1a: Like a J|spa|2
|move|p2a: Alomomola|Flip Turn|p1a: Like a J
|-crit|p1a: Like a J
|-damage|p1a: Like a J|64/100
|
|t:|1776031856
|switch|p2a: Excadrill|Excadrill, M|100/100|[from] Flip Turn
|
|-heal|p1a: Like a J|70/100|[from] item: Leftovers
|upkeep
|turn|5
|
|t:|1776031864
|switch|p1a: The Normal Bird|Staraptor, F, shiny|100/100
|move|p2a: Excadrill|Rock Slide|p1a: The Normal Bird
|-supereffective|p1a: The Normal Bird
|-damage|p1a: The Normal Bird|14/100
|
|upkeep
|turn|6
|
|t:|1776031882
|switch|p2a: Hydrapple|Hydrapple, F|100/100
|move|p1a: The Normal Bird|Close Combat|p2a: Hydrapple
|-damage|p2a: Hydrapple|79/100
|-unboost|p1a: The Normal Bird|def|1
|-unboost|p1a: The Normal Bird|spd|1
|-damage|p1a: The Normal Bird|0 fnt|[from] item: Rocky Helmet|[of] p2a: Hydrapple
|faint|p1a: The Normal Bird
|
|upkeep
|
|t:|1776031892
|switch|p1a: Grimm Aura|Glimmora, M|100/100
|turn|7
|
|t:|1776031898
|switch|p2a: Alomomola|Alomomola, M|100/100
|move|p1a: Grimm Aura|Earth Power|p2a: Alomomola
|-damage|p2a: Alomomola|86/100
|
|upkeep
|turn|8
|
|t:|1776031910
|move|p1a: Grimm Aura|Stealth Rock|p2a: Alomomola
|-sidestart|p2: buzzerproof|move: Stealth Rock
|move|p2a: Alomomola|Scald|p1a: Grimm Aura
|-supereffective|p1a: Grimm Aura
|-damage|p1a: Grimm Aura|68/100
|
|upkeep
|turn|9
|
|t:|1776031917
|switch|p1a: PhantoRyu|Dragapult, F|89/100
|move|p2a: Alomomola|Scald|p1a: PhantoRyu
|-resisted|p1a: PhantoRyu
|-damage|p1a: PhantoRyu|80/100
|
|upkeep
|turn|10
|
|t:|1776031930
|move|p1a: PhantoRyu|Shadow Ball|p2a: Alomomola
|-damage|p2a: Alomomola|60/100
|-damage|p1a: PhantoRyu|70/100|[from] item: Life Orb
|move|p2a: Alomomola|Flip Turn|p1a: PhantoRyu
|-resisted|p1a: PhantoRyu
|-damage|p1a: PhantoRyu|59/100
|
|t:|1776031939
|switch|p2a: Enamorus|Enamorus, F|100/100|[from] Flip Turn
|-damage|p2a: Enamorus|76/100|[from] Stealth Rock
|
|upkeep
|turn|11
|
|t:|1776031957
|move|p2a: Enamorus|Earth Power|p1a: PhantoRyu
|-damage|p1a: PhantoRyu|7/100
|move|p1a: PhantoRyu|Shadow Ball|p2a: Enamorus
|-damage|p2a: Enamorus|13/100
|-damage|p1a: PhantoRyu|0 fnt|[from] item: Life Orb
|faint|p1a: PhantoRyu
|
|upkeep
|inactive|ilnhae has 120 seconds left.
|
|t:|1776031984
|switch|p1a: Metal Guts|Iron Valiant|100/100
|-enditem|p1a: Metal Guts|Booster Energy
|-activate|p1a: Metal Guts|ability: Quark Drive|[fromitem]
|-start|p1a: Metal Guts|quarkdrivespe
|turn|12
|
|t:|1776031991
|switch|p2a: Alomomola|Alomomola, M|93/100
|-damage|p2a: Alomomola|81/100|[from] Stealth Rock
|move|p1a: Metal Guts|Swords Dance|p1a: Metal Guts
|-boost|p1a: Metal Guts|atk|2
|
|upkeep
|turn|13
|
|t:|1776032009
|-terastallize|p1a: Metal Guts|Fairy
|move|p1a: Metal Guts|Spirit Break|p2a: Alomomola
|-damage|p2a: Alomomola|16/100
|-unboost|p2a: Alomomola|spa|1
|move|p2a: Alomomola|Scald|p1a: Metal Guts
|-damage|p1a: Metal Guts|84/100
|-status|p1a: Metal Guts|brn
|
|-damage|p1a: Metal Guts|77/100 brn|[from] brn
|upkeep
|turn|14
|
|t:|1776032024
|switch|p2a: Garganacl|Garganacl, M|100/100
|-damage|p2a: Garganacl|88/100|[from] Stealth Rock
|move|p1a: Metal Guts|Swords Dance|p1a: Metal Guts
|-boost|p1a: Metal Guts|atk|2
|
|-heal|p2a: Garganacl|94/100|[from] item: Leftovers
|-damage|p1a: Metal Guts|71/100 brn|[from] brn
|upkeep
|turn|15
|
|t:|1776032037
|move|p2a: Garganacl|Protect|p2a: Garganacl
|-singleturn|p2a: Garganacl|Protect
|move|p1a: Metal Guts|Knock Off|p2a: Garganacl
|-activate|p2a: Garganacl|move: Protect
|
|-heal|p2a: Garganacl|100/100|[from] item: Leftovers
|-damage|p1a: Metal Guts|65/100 brn|[from] brn
|upkeep
|turn|16
|
|t:|1776032052
|switch|p2a: Hydrapple|Hydrapple, F|100/100
|-damage|p2a: Hydrapple|88/100|[from] Stealth Rock
|move|p1a: Metal Guts|Knock Off|p2a: Hydrapple
|-damage|p2a: Hydrapple|60/100
|-damage|p1a: Metal Guts|48/100 brn|[from] item: Rocky Helmet|[of] p2a: Hydrapple
|-enditem|p2a: Hydrapple|Rocky Helmet|[from] move: Knock Off|[of] p1a: Metal Guts
|
|-damage|p1a: Metal Guts|42/100 brn|[from] brn
|upkeep
|turn|17
|inactive|buzzerproof has 120 seconds left.
|
|t:|1776032073
|switch|p2a: Alomomola|Alomomola, M|49/100
|-damage|p2a: Alomomola|36/100|[from] Stealth Rock
|move|p1a: Metal Guts|Spirit Break|p2a: Alomomola
|-damage|p2a: Alomomola|0 fnt
|faint|p2a: Alomomola
|
|-damage|p1a: Metal Guts|36/100 brn|[from] brn
|upkeep
|inactive|buzzerproof has 120 seconds left.
|
|t:|1776032094
|switch|p2a: Tyranitar|Tyranitar, M|100/100
|-damage|p2a: Tyranitar|88/100|[from] Stealth Rock
|-weather|Sandstorm|[from] ability: Sand Stream|[of] p2a: Tyranitar
|turn|18
|
|t:|1776032101
|switch|p2a: Hydrapple|Hydrapple, F|94/100
|-damage|p2a: Hydrapple|81/100|[from] Stealth Rock
|move|p1a: Metal Guts|Close Combat|p2a: Hydrapple
|-crit|p2a: Hydrapple
|-damage|p2a: Hydrapple|4/100
|-unboost|p1a: Metal Guts|def|1
|-unboost|p1a: Metal Guts|spd|1
|
|-weather|Sandstorm|[upkeep]
|-damage|p1a: Metal Guts|30/100 brn|[from] Sandstorm
|-damage|p2a: Hydrapple|0 fnt|[from] Sandstorm
|faint|p2a: Hydrapple
|-damage|p1a: Metal Guts|24/100 brn|[from] brn
|upkeep
|
|t:|1776032114
|switch|p2a: Excadrill|Excadrill, M|100/100
|-damage|p2a: Excadrill|97/100|[from] Stealth Rock
|turn|19
|
|t:|1776032125
|move|p2a: Excadrill|Rapid Spin|p1a: Metal Guts
|-damage|p1a: Metal Guts|0 fnt
|-boost|p2a: Excadrill|spe|1
|-sideend|p2: buzzerproof|Stealth Rock|[from] move: Rapid Spin|[of] p2a: Excadrill
|faint|p1a: Metal Guts
|-end|p1a: Metal Guts|Quark Drive|[silent]
|
|-weather|Sandstorm|[upkeep]
|-heal|p2a: Excadrill|100/100|[from] item: Leftovers
|upkeep
|
|t:|1776032131
|switch|p1a: Mammouth|Great Tusk|100/100
|turn|20
|inactive|buzzerproof has 120 seconds left.
|
|t:|1776032139
|switch|p2a: Enamorus|Enamorus, F|13/100
|move|p1a: Mammouth|Rapid Spin|p2a: Enamorus
|-damage|p2a: Enamorus|0 fnt
|-boost|p1a: Mammouth|spe|1
|faint|p2a: Enamorus
|
|-weather|Sandstorm|[upkeep]
|upkeep
|inactive|buzzerproof has 120 seconds left.
|-message|buzzerproof forfeited.
|
|win|ilnhae
|raw|ilnhae's rating: 1250 &rarr; <strong>1271</strong><br />(+21 for winning)
|raw|buzzerproof's rating: 1198 &rarr; <strong>1177</strong><br />(-21 for losing)
|l|☆buzzerproof
|player|p2|
|l|☆ilnhae
|player|p1|
