|html|<div class="broadcast-blue"><strong>[Gen 9] OU is currently suspecting Tera Blast! For information on how to participate check out the <a href="https://www.smogon.com/tools/suspects/view/200">suspect thread</a>.</strong></div>
|j|☆snurke
|j|☆avocadoseller
|t:|1776089348
|gametype|singles
|player|p1|snurke|sisandbro|1581
|player|p2|avocadoseller|102|1508
|gen|9
|tier|[Gen 9] OU
|rated|
|rule|HP Percentage Mod: HP is shown in percentages
|rule|Endless Battle Clause: Forcing endless battles is banned
|rule|Species Clause: Limit one of each Pokémon
|rule|OHKO Clause: OHKO moves are banned
|rule|Evasion Items Clause: Evasion items are banned
|rule|Evasion Moves Clause: Evasion moves are banned
|rule|Evasion Abilities Clause: Evasion abilities are banned
|rule|Sleep Moves Clause: Sleep-inducing moves are banned
|clearpoke
|poke|p1|Mew|
|poke|p1|Iron Treads|
|poke|p1|Zamazenta-*|
|poke|p1|Ceruledge, F|
|poke|p1|Ninetales-Alola, F|
|poke|p1|Gliscor, F|
|poke|p2|Dragonite, M|
|poke|p2|Great Tusk|
|poke|p2|Samurott-Hisui, M|
|poke|p2|Gholdengo|
|poke|p2|Pecharunt|
|poke|p2|Darkrai|
|teampreview
|inactive|Battle timer is ON: inactive players will automatically lose when time's up. (requested by avocadoseller)
|
|t:|1776089388
|teamsize|p1|6
|teamsize|p2|6
|start
|switch|p1a: Mew|Mew, shiny|100/100
|switch|p2a: Gholdengo|Gholdengo, shiny|100/100
|turn|1
|
|t:|1776089403
|switch|p2a: Samurott|Samurott-Hisui, M, shiny|100/100
|-terastallize|p1a: Mew|Steel
|move|p1a: Mew|Knock Off|p2a: Samurott
|-resisted|p2a: Samurott
|-damage|p2a: Samurott|89/100
|-enditem|p2a: Samurott|Assault Vest|[from] move: Knock Off|[of] p1a: Mew
|
|upkeep
|turn|2
|
|t:|1776089411
|move|p1a: Mew|Stealth Rock|p2a: Samurott
|-sidestart|p2: avocadoseller|move: Stealth Rock
|move|p2a: Samurott|Ceaseless Edge|p1a: Mew
|-crit|p1a: Mew
|-damage|p1a: Mew|59/100
|-sidestart|p1: snurke|Spikes
|
|-heal|p1a: Mew|65/100|[from] item: Leftovers
|upkeep
|turn|3
|
|t:|1776089419
|move|p1a: Mew|Imprison|p1a: Mew
|-start|p1a: Mew|move: Imprison
|move|p2a: Samurott|Ceaseless Edge|p1a: Mew
|-damage|p1a: Mew|33/100
|-sidestart|p1: snurke|Spikes
|
|-heal|p1a: Mew|39/100|[from] item: Leftovers
|upkeep
|turn|4
|
|t:|1776089439
|switch|p2a: Pecharunt|Pecharunt|100/100
|-damage|p2a: Pecharunt|88/100|[from] Stealth Rock
|move|p1a: Mew|Transform|p2a: Pecharunt
|-transform|p1a: Mew|p2a: Pecharunt
|
|-heal|p1a: Mew|46/100|[from] item: Leftovers
|upkeep
|turn|5
|
|t:|1776089455
|switch|p2a: Samurott|Samurott-Hisui, M, shiny|89/100
|-damage|p2a: Samurott|77/100|[from] Stealth Rock
|move|p1a: Mew|Recover|p1a: Mew
|-heal|p1a: Mew|96/100
|
|-heal|p1a: Mew|100/100|[from] item: Leftovers
|upkeep
|turn|6
|
|t:|1776089465
|move|p1a: Mew|Toxic|p2a: Samurott
|-status|p2a: Samurott|tox
|move|p2a: Samurott|Sacred Sword|p1a: Mew
|-supereffective|p1a: Mew
|-damage|p1a: Mew|70/100
|
|-heal|p1a: Mew|76/100|[from] item: Leftovers
|-damage|p2a: Samurott|70/100 tox|[from] psn
|upkeep
|turn|7
|
|t:|1776089486
|switch|p2a: Gholdengo|Gholdengo, shiny|100/100
|-damage|p2a: Gholdengo|94/100|[from] Stealth Rock
|move|p1a: Mew|Parting Shot|p2a: Gholdengo
|-immune|p2a: Gholdengo|[from] ability: Good as Gold
|
|-heal|p1a: Mew|83/100|[from] item: Leftovers
|upkeep
|turn|8
|inactive|avocadoseller has 120 seconds left.
|
|t:|1776089518
|switch|p2a: Samurott|Samurott-Hisui, M, shiny|70/100 tox
|-damage|p2a: Samurott|58/100 tox|[from] Stealth Rock
|move|p1a: Mew|Shadow Ball|p2a: Samurott
|-resisted|p2a: Samurott
|-damage|p2a: Samurott|48/100 tox
|
|-heal|p1a: Mew|89/100|[from] item: Leftovers
|-damage|p2a: Samurott|42/100 tox|[from] psn
|upkeep
|turn|9
|
|t:|1776089534
|move|p1a: Mew|Parting Shot|p2a: Samurott
|-unboost|p2a: Samurott|atk|1
|-unboost|p2a: Samurott|spa|1
|
|t:|1776089537
|switch|p1a: Iron Treads|Iron Treads, shiny|100/100|[from] Parting Shot
|-damage|p1a: Iron Treads|84/100|[from] Spikes
|move|p2a: Samurott|Ceaseless Edge|p1a: Iron Treads
|-damage|p1a: Iron Treads|64/100
|-sidestart|p1: snurke|Spikes
|
|-heal|p1a: Iron Treads|70/100|[from] item: Leftovers
|-damage|p2a: Samurott|30/100 tox|[from] psn
|upkeep
|turn|10
|inactive|avocadoseller has 90 seconds left.
|
|t:|1776089566
|switch|p2a: Great Tusk|Great Tusk, shiny|100/100
|move|p1a: Iron Treads|Rapid Spin|p2a: Great Tusk
|-damage|p2a: Great Tusk|89/100
|-boost|p1a: Iron Treads|spe|1
|-sideend|p1: snurke|Spikes|[from] move: Rapid Spin|[of] p1a: Iron Treads
|
|-heal|p1a: Iron Treads|77/100|[from] item: Leftovers
|upkeep
|turn|11
|
|t:|1776089589
|-end|p1a: Iron Treads|Quark Drive|[silent]
|switch|p1a: Ninetales|Ninetales-Alola, F, shiny|100/100
|-weather|Snowscape|[from] ability: Snow Warning|[of] p1a: Ninetales
|move|p2a: Great Tusk|Stealth Rock|p1a: Ninetales
|-sidestart|p1: snurke|move: Stealth Rock
|
|-weather|Snowscape|[upkeep]
|upkeep
|turn|12
|
|t:|1776089599
|-end|p2a: Great Tusk|Protosynthesis|[silent]
|switch|p2a: Samurott|Samurott-Hisui, M, shiny|30/100 tox
|-damage|p2a: Samurott|17/100 tox|[from] Stealth Rock
|move|p1a: Ninetales|Aurora Veil|p1a: Ninetales
|-sidestart|p1: snurke|move: Aurora Veil
|
|-weather|Snowscape|[upkeep]
|-damage|p2a: Samurott|11/100 tox|[from] psn
|upkeep
|turn|13
|inactive|avocadoseller has 90 seconds left.
|
|t:|1776089620
|move|p1a: Ninetales|Moonblast|p2a: Samurott
|-supereffective|p2a: Samurott
|-damage|p2a: Samurott|0 fnt
|faint|p2a: Samurott
|
|-weather|Snowscape|[upkeep]
|upkeep
|inactive|avocadoseller has 90 seconds left.
|
|t:|1776089636
|switch|p2a: Gholdengo|Gholdengo, shiny|94/100
|-damage|p2a: Gholdengo|88/100|[from] Stealth Rock
|turn|14
|
|t:|1776089665
|switch|p1a: Iron Treads|Iron Treads, shiny|77/100
|-damage|p1a: Iron Treads|73/100|[from] Stealth Rock
|move|p2a: Gholdengo|Make It Rain|p1a: Iron Treads
|-resisted|p1a: Iron Treads
|-damage|p1a: Iron Treads|51/100
|-unboost|p2a: Gholdengo|spa|1
|
|-weather|Snowscape|[upkeep]
|-heal|p1a: Iron Treads|57/100|[from] item: Leftovers
|upkeep
|turn|15
|inactive|avocadoseller has 60 seconds left.
|
|t:|1776089688
|switch|p2a: Great Tusk|Great Tusk, shiny|89/100
|move|p1a: Iron Treads|Earthquake|p2a: Great Tusk
|-damage|p2a: Great Tusk|54/100
|
|-weather|none
|-heal|p1a: Iron Treads|63/100|[from] item: Leftovers
|upkeep
|turn|16
|inactive|avocadoseller has 60 seconds left.
|
|t:|1776089702
|move|p1a: Iron Treads|Rapid Spin|p2a: Great Tusk
|-damage|p2a: Great Tusk|43/100
|-boost|p1a: Iron Treads|spe|1
|-sideend|p1: snurke|Stealth Rock|[from] move: Rapid Spin|[of] p1a: Iron Treads
|move|p2a: Great Tusk|Headlong Rush|p1a: Iron Treads
|-supereffective|p1a: Iron Treads
|-damage|p1a: Iron Treads|9/100
|-unboost|p2a: Great Tusk|def|1
|-unboost|p2a: Great Tusk|spd|1
|
|-heal|p1a: Iron Treads|15/100|[from] item: Leftovers
|upkeep
|turn|17
|inactive|avocadoseller has 60 seconds left.
|
|t:|1776089738
|move|p1a: Iron Treads|Earthquake|p2a: Great Tusk
|-damage|p2a: Great Tusk|0 fnt
|faint|p2a: Great Tusk
|-end|p2a: Great Tusk|Protosynthesis|[silent]
|
|-heal|p1a: Iron Treads|21/100|[from] item: Leftovers
|upkeep
|
|t:|1776089742
|switch|p2a: Dragonite|Dragonite, M, shiny|100/100
|turn|18
|
|t:|1776089745
|move|p1a: Iron Treads|Ice Spinner|p2a: Dragonite
|-supereffective|p2a: Dragonite
|-damage|p2a: Dragonite|54/100
|move|p2a: Dragonite|Dragon Dance|p2a: Dragonite
|-boost|p2a: Dragonite|atk|1
|-boost|p2a: Dragonite|spe|1
|
|-heal|p1a: Iron Treads|28/100|[from] item: Leftovers
|upkeep
|turn|19
|
|t:|1776089754
|-terastallize|p2a: Dragonite|Normal
|move|p1a: Iron Treads|Ice Spinner|p2a: Dragonite
|-damage|p2a: Dragonite|29/100
|move|p2a: Dragonite|Roost|p2a: Dragonite
|-heal|p2a: Dragonite|79/100
|
|-heal|p1a: Iron Treads|34/100|[from] item: Leftovers
|-sideend|p1: snurke|move: Aurora Veil
|upkeep
|turn|20
|inactive|avocadoseller has 60 seconds left.
|
|t:|1776089780
|-end|p1a: Iron Treads|Quark Drive|[silent]
|switch|p1a: Zamazenta|Zamazenta, shiny|100/100
|-ability|p1a: Zamazenta|Dauntless Shield|boost
|-boost|p1a: Zamazenta|def|1
|move|p2a: Dragonite|Roost|p2a: Dragonite
|-heal|p2a: Dragonite|100/100
|
|upkeep
|turn|21
|
|t:|1776089786
|switch|p2a: Pecharunt|Pecharunt|88/100
|-damage|p2a: Pecharunt|76/100|[from] Stealth Rock
|move|p1a: Zamazenta|Iron Defense|p1a: Zamazenta
|-boost|p1a: Zamazenta|def|2
|
|upkeep
|turn|22
|
|t:|1776089793
|switch|p1a: Iron Treads|Iron Treads, shiny|34/100
|move|p2a: Pecharunt|Toxic|p1a: Iron Treads
|-immune|p1a: Iron Treads
|
|-heal|p1a: Iron Treads|40/100|[from] item: Leftovers
|upkeep
|turn|23
|inactive|snurke has 120 seconds left.
|
|t:|1776089853
|move|p1a: Iron Treads|Earthquake|p2a: Pecharunt
|-supereffective|p2a: Pecharunt
|-damage|p2a: Pecharunt|30/100
|move|p2a: Pecharunt|Shadow Ball|p1a: Iron Treads
|-damage|p1a: Iron Treads|2/100
|
|-heal|p1a: Iron Treads|9/100|[from] item: Leftovers
|upkeep
|turn|24
|inactive|avocadoseller has 90 seconds left.
|
|t:|1776089875
|move|p1a: Iron Treads|Earthquake|p2a: Pecharunt
|-supereffective|p2a: Pecharunt
|-damage|p2a: Pecharunt|0 fnt
|faint|p2a: Pecharunt
|
|-heal|p1a: Iron Treads|15/100|[from] item: Leftovers
|upkeep
|
|t:|1776089880
|switch|p2a: Dragonite|Dragonite, M, shiny, tera:Normal|100/100
|turn|25
|
|t:|1776089886
|-end|p1a: Iron Treads|Quark Drive|[silent]
|switch|p1a: Ninetales|Ninetales-Alola, F, shiny|100/100
|-weather|Snowscape|[from] ability: Snow Warning|[of] p1a: Ninetales
|move|p2a: Dragonite|Dragon Dance|p2a: Dragonite
|-boost|p2a: Dragonite|atk|1
|-boost|p2a: Dragonite|spe|1
|
|-weather|Snowscape|[upkeep]
|upkeep
|turn|26
|
|t:|1776089891
|move|p1a: Ninetales|Encore|p2a: Dragonite
|-start|p2a: Dragonite|Encore
|move|p2a: Dragonite|Dragon Dance|p2a: Dragonite
|-boost|p2a: Dragonite|atk|1
|-boost|p2a: Dragonite|spe|1
|
|-weather|Snowscape|[upkeep]
|upkeep
|turn|27
|inactive|snurke has 120 seconds left.
|
|t:|1776089911
|switch|p2a: Gholdengo|Gholdengo, shiny|88/100
|-damage|p2a: Gholdengo|82/100|[from] Stealth Rock
|switch|p1a: Zamazenta|Zamazenta, shiny|100/100
|
|-weather|Snowscape|[upkeep]
|upkeep
|turn|28
|inactive|avocadoseller has 90 seconds left.
|
|t:|1776089932
|switch|p1a: Mew|Mew, shiny, tera:Steel|89/100
|move|p2a: Gholdengo|Make It Rain|p1a: Mew
|-resisted|p1a: Mew
|-damage|p1a: Mew|61/100
|-unboost|p2a: Gholdengo|spa|1
|
|-weather|Snowscape|[upkeep]
|-heal|p1a: Mew|67/100|[from] item: Leftovers
|upkeep
|turn|29
|inactive|snurke has 120 seconds left.
|
|t:|1776089945
|switch|p2a: Dragonite|Dragonite, M, shiny, tera:Normal|100/100
|move|p1a: Mew|Imprison|p1a: Mew
|-start|p1a: Mew|move: Imprison
|
|-weather|none
|-heal|p1a: Mew|73/100|[from] item: Leftovers
|upkeep
|turn|30
|inactive|snurke has 120 seconds left.
|inactive|avocadoseller has 90 seconds left.
|inactive|avocadoseller has 60 seconds left.
|
|t:|1776090000
|move|p1a: Mew|Transform|p2a: Dragonite
|-transform|p1a: Mew|p2a: Dragonite
|cant|p2a: Dragonite|move: Imprison|Earthquake
|
|-heal|p1a: Mew|79/100|[from] item: Leftovers
|upkeep
|turn|31
|inactive|avocadoseller has 60 seconds left.
|
|t:|1776090007
|switch|p2a: Gholdengo|Gholdengo, shiny|82/100
|-damage|p2a: Gholdengo|76/100|[from] Stealth Rock
|move|p1a: Mew|Dragon Dance|p1a: Mew
|-boost|p1a: Mew|atk|1
|-boost|p1a: Mew|spe|1
|
|-heal|p1a: Mew|85/100|[from] item: Leftovers
|upkeep
|turn|32
|
|t:|1776090017
|move|p2a: Gholdengo|Trick|p1a: Mew
|-activate|p2a: Gholdengo|move: Trick|[of] p1a: Mew
|-item|p1a: Mew|Choice Scarf|[from] move: Trick
|-item|p2a: Gholdengo|Leftovers|[from] move: Trick
|move|p1a: Mew|Roost|p1a: Mew
|-heal|p1a: Mew|100/100
|
|-heal|p2a: Gholdengo|82/100|[from] item: Leftovers
|upkeep
|turn|33
|inactive|avocadoseller has 60 seconds left.
|
|t:|1776090035
|switch|p1a: Gliscor|Gliscor, F, shiny|100/100
|move|p2a: Gholdengo|Shadow Ball|p1a: Gliscor
|-crit|p1a: Gliscor
|-damage|p1a: Gliscor|27/100
|
|-heal|p2a: Gholdengo|88/100|[from] item: Leftovers
|-status|p1a: Gliscor|tox|[from] item: Toxic Orb
|upkeep
|turn|34
|inactive|snurke has 90 seconds left.
|
|t:|1776090070
|move|p2a: Gholdengo|Shadow Ball|p1a: Gliscor
|-damage|p1a: Gliscor|0 fnt
|faint|p1a: Gliscor
|
|-heal|p2a: Gholdengo|94/100|[from] item: Leftovers
|upkeep
|
|t:|1776090076
|switch|p1a: Iron Treads|Iron Treads, shiny|15/100
|turn|35
|inactive|avocadoseller has 60 seconds left.
|
|t:|1776090098
|move|p1a: Iron Treads|Earthquake|p2a: Gholdengo
|-supereffective|p2a: Gholdengo
|-damage|p2a: Gholdengo|0 fnt
|faint|p2a: Gholdengo
|
|-heal|p1a: Iron Treads|21/100|[from] item: Leftovers
|upkeep
|inactive|avocadoseller has 60 seconds left.
|
|t:|1776090112
|switch|p2a: Dragonite|Dragonite, M, shiny, tera:Normal|100/100
|turn|36
|inactive|snurke has 90 seconds left.
|
|t:|1776090138
|-end|p1a: Iron Treads|Quark Drive|[silent]
|switch|p1a: Ninetales|Ninetales-Alola, F, shiny|100/100
|-weather|Snowscape|[from] ability: Snow Warning|[of] p1a: Ninetales
|move|p2a: Dragonite|Dragon Dance|p2a: Dragonite
|-boost|p2a: Dragonite|atk|1
|-boost|p2a: Dragonite|spe|1
|
|-weather|Snowscape|[upkeep]
|upkeep
|turn|37
|
|t:|1776090145
|move|p2a: Dragonite|Extreme Speed|p1a: Ninetales
|-damage|p1a: Ninetales|44/100
|move|p1a: Ninetales|Encore|p2a: Dragonite
|-start|p2a: Dragonite|Encore
|
|-weather|Snowscape|[upkeep]
|upkeep
|turn|38
|
|t:|1776090152
|move|p2a: Dragonite|Extreme Speed|p1a: Ninetales
|-damage|p1a: Ninetales|0 fnt
|faint|p1a: Ninetales
|
|-weather|Snowscape|[upkeep]
|upkeep
|
|t:|1776090157
|switch|p1a: Mew|Mew, shiny, tera:Steel|100/100
|turn|39
|
|t:|1776090163
|switch|p2a: Darkrai|Darkrai, shiny|100/100
|-damage|p2a: Darkrai|88/100|[from] Stealth Rock
|move|p1a: Mew|Transform|p2a: Darkrai
|-transform|p1a: Mew|p2a: Darkrai
|
|-weather|Snowscape|[upkeep]
|upkeep
|turn|40
|inactive|avocadoseller has 90 seconds left.
|
|t:|1776090173
|switch|p2a: Dragonite|Dragonite, M, shiny, tera:Normal|100/100
|move|p1a: Mew|Dark Pulse|p2a: Dragonite
|-damage|p2a: Dragonite|82/100
|
|-weather|none
|upkeep
|turn|41
|inactive|avocadoseller has 90 seconds left.
|
|t:|1776090181
|move|p1a: Mew|Dark Pulse|p2a: Dragonite
|-damage|p2a: Dragonite|45/100
|move|p2a: Dragonite|Dragon Dance|p2a: Dragonite
|-boost|p2a: Dragonite|atk|1
|-boost|p2a: Dragonite|spe|1
|
|upkeep
|turn|42
|
|t:|1776090187
|move|p1a: Mew|Dark Pulse|p2a: Dragonite
|-damage|p2a: Dragonite|10/100
|move|p2a: Dragonite|Roost|p2a: Dragonite
|-heal|p2a: Dragonite|60/100
|
|upkeep
|turn|43
|
|t:|1776090193
|move|p1a: Mew|Dark Pulse|p2a: Dragonite
|-damage|p2a: Dragonite|28/100
|move|p2a: Dragonite|Roost|p2a: Dragonite
|-heal|p2a: Dragonite|78/100
|
|upkeep
|turn|44
|
|t:|1776090200
|move|p1a: Mew|Dark Pulse|p2a: Dragonite
|-damage|p2a: Dragonite|42/100
|move|p2a: Dragonite|Roost|p2a: Dragonite
|-heal|p2a: Dragonite|92/100
|
|upkeep
|turn|45
|
|t:|1776090207
|switch|p1a: Zamazenta|Zamazenta, shiny|100/100
|move|p2a: Dragonite|Dragon Dance|p2a: Dragonite
|-boost|p2a: Dragonite|atk|1
|-boost|p2a: Dragonite|spe|1
|
|upkeep
|turn|46
|
|t:|1776090213
|move|p2a: Dragonite|Roost|p2a: Dragonite
|-heal|p2a: Dragonite|100/100
|move|p1a: Zamazenta|Iron Defense|p1a: Zamazenta
|-boost|p1a: Zamazenta|def|2
|
|upkeep
|turn|47
|
|t:|1776090222
|move|p2a: Dragonite|Extreme Speed|p1a: Zamazenta
|-damage|p1a: Zamazenta|67/100
|move|p1a: Zamazenta|Iron Defense|p1a: Zamazenta
|-boost|p1a: Zamazenta|def|2
|
|-heal|p1a: Zamazenta|73/100|[from] item: Leftovers
|upkeep
|turn|48
|
|t:|1776090227
|move|p2a: Dragonite|Extreme Speed|p1a: Zamazenta
|-damage|p1a: Zamazenta|50/100
|move|p1a: Zamazenta|Body Press|p2a: Dragonite
|-supereffective|p2a: Dragonite
|-damage|p2a: Dragonite|0 fnt
|faint|p2a: Dragonite
|
|-heal|p1a: Zamazenta|56/100|[from] item: Leftovers
|upkeep
|
|t:|1776090233
|switch|p2a: Darkrai|Darkrai, shiny|88/100
|-damage|p2a: Darkrai|76/100|[from] Stealth Rock
|turn|49
|
|t:|1776090236
|move|p1a: Zamazenta|Body Press|p2a: Darkrai
|-supereffective|p2a: Darkrai
|-damage|p2a: Darkrai|0 fnt
|faint|p2a: Darkrai
|
|win|snurke
|raw|snurke's rating: 1581 &rarr; <strong>1597</strong><br />(+16 for winning)
|raw|avocadoseller's rating: 1508 &rarr; <strong>1492</strong><br />(-16 for losing)
|l|☆avocadoseller
|player|p2|
