|html|<div class="broadcast-blue"><strong>[Gen 9] OU is currently suspecting Tera Blast! For information on how to participate check out the <a href="https://www.smogon.com/tools/suspects/view/200">suspect thread</a>.</strong></div>
|j|☆Hitsugaya9211
|j|☆Titanos_Mosura
|t:|1776095421
|gametype|singles
|player|p1|Hitsugaya9211|170|1084
|player|p2|Titanos_Mosura|bellelba|1049
|gen|9
|tier|[Gen 9] OU
|rated|
|rule|HP Percentage Mod: HP is shown in percentages
|rule|Endless Battle Clause: Forcing endless battles is banned
|rule|Species Clause: Limit one of each Pokémon
|rule|OHKO Clause: OHKO moves are banned
|rule|Evasion Items Clause: Evasion items are banned
|rule|Evasion Moves Clause: Evasion moves are banned
|rule|Evasion Abilities Clause: Evasion abilities are banned
|rule|Sleep Moves Clause: Sleep-inducing moves are banned
|clearpoke
|poke|p1|Kingambit, F|
|poke|p1|Great Tusk|
|poke|p1|Iron Valiant|
|poke|p1|Slowking-Galar, M|
|poke|p1|Meowscarada, F|
|poke|p1|Serperior, F|
|poke|p2|Landorus-Therian, M|
|poke|p2|Weavile, M|
|poke|p2|Arcanine-Hisui, M|
|poke|p2|Iron Crown|
|poke|p2|Hydreigon, M|
|poke|p2|Maushold-Four|
|teampreview
|inactive|Battle timer is ON: inactive players will automatically lose when time's up. (requested by Hitsugaya9211)
|
|t:|1776095430
|teamsize|p1|6
|teamsize|p2|6
|start
|switch|p1a: Slowking|Slowking-Galar, M, shiny|100/100
|switch|p2a: Maushold|Maushold-Four|100/100
|turn|1
|
|t:|1776095440
|switch|p1a: Great Tusk|Great Tusk, shiny|100/100
|move|p2a: Maushold|Population Bomb|p1a: Great Tusk
|-damage|p1a: Great Tusk|92/100
|-damage|p2a: Maushold|84/100|[from] item: Rocky Helmet|[of] p1a: Great Tusk
|-damage|p1a: Great Tusk|84/100
|-damage|p2a: Maushold|67/100|[from] item: Rocky Helmet|[of] p1a: Great Tusk
|-damage|p1a: Great Tusk|77/100
|-damage|p2a: Maushold|50/100|[from] item: Rocky Helmet|[of] p1a: Great Tusk
|-damage|p1a: Great Tusk|68/100
|-damage|p2a: Maushold|34/100|[from] item: Rocky Helmet|[of] p1a: Great Tusk
|-damage|p1a: Great Tusk|61/100
|-damage|p2a: Maushold|17/100|[from] item: Rocky Helmet|[of] p1a: Great Tusk
|-damage|p1a: Great Tusk|53/100
|-damage|p2a: Maushold|0 fnt|[from] item: Rocky Helmet|[of] p1a: Great Tusk
|faint|p2a: Maushold
|-hitcount|p1a: Great Tusk|6
|
|upkeep
|
|t:|1776095461
|switch|p2a: Weavile|Weavile, M|100/100
|-ability|p2a: Weavile|Pressure
|turn|2
|
|t:|1776095474
|move|p2a: Weavile|Triple Axel|p1a: Great Tusk
|-supereffective|p1a: Great Tusk
|-damage|p1a: Great Tusk|32/100
|-damage|p2a: Weavile|84/100|[from] item: Rocky Helmet|[of] p1a: Great Tusk
|-supereffective|p1a: Great Tusk
|-damage|p1a: Great Tusk|0 fnt
|-damage|p2a: Weavile|67/100|[from] item: Rocky Helmet|[of] p1a: Great Tusk
|faint|p1a: Great Tusk
|-end|p1a: Great Tusk|Protosynthesis|[silent]
|-hitcount|p1: Great Tusk|2
|-damage|p2a: Weavile|57/100|[from] item: Life Orb
|
|upkeep
|
|t:|1776095492
|switch|p1a: Iron Valiant|Iron Valiant|100/100
|-enditem|p1a: Iron Valiant|Booster Energy
|-activate|p1a: Iron Valiant|ability: Quark Drive|[fromitem]
|-start|p1a: Iron Valiant|quarkdrivespe
|turn|3
|
|t:|1776095503
|switch|p2a: Iron Crown|Iron Crown|100/100
|-enditem|p2a: Iron Crown|Booster Energy
|-activate|p2a: Iron Crown|ability: Quark Drive|[fromitem]
|-start|p2a: Iron Crown|quarkdrivespa
|move|p1a: Iron Valiant|Aura Sphere|p2a: Iron Crown
|-damage|p2a: Iron Crown|69/100
|
|upkeep
|turn|4
|
|t:|1776095532
|-end|p1a: Iron Valiant|Quark Drive|[silent]
|switch|p1a: Meowscarada|Meowscarada, F, shiny|100/100
|move|p2a: Iron Crown|Tachyon Cutter|p1a: Meowscarada
|-damage|p1a: Meowscarada|52/100
|-crit|p1a: Meowscarada
|-damage|p1a: Meowscarada|0 fnt
|faint|p1a: Meowscarada
|-hitcount|p1: Meowscarada|2
|
|upkeep
|inactive|Hitsugaya9211 has 120 seconds left.
|
|t:|1776095558
|switch|p1a: Serperior|Serperior, F|100/100
|turn|5
|
|t:|1776095573
|move|p1a: Serperior|Glare|p2a: Iron Crown
|-status|p2a: Iron Crown|par
|cant|p2a: Iron Crown|par
|
|upkeep
|turn|6
|inactive|Hitsugaya9211 has 120 seconds left.
|
|t:|1776095583
|move|p1a: Serperior|Leaf Storm|p2a: Iron Crown
|-resisted|p2a: Iron Crown
|-damage|p2a: Iron Crown|48/100 par
|-unboost|p1a: Serperior|spa|2
|cant|p2a: Iron Crown|par
|
|upkeep
|turn|7
|inactive|Hitsugaya9211 has 120 seconds left.
|
|t:|1776095594
|move|p2a: Iron Crown|Calm Mind|p2a: Iron Crown
|-boost|p2a: Iron Crown|spa|1
|-boost|p2a: Iron Crown|spd|1
|move|p1a: Serperior|Dragon Tail|p2a: Iron Crown|[miss]
|-miss|p1a: Serperior|p2a: Iron Crown
|
|upkeep
|turn|8
|
|t:|1776095601
|switch|p1a: Iron Valiant|Iron Valiant|100/100
|move|p2a: Iron Crown|Tachyon Cutter|p1a: Iron Valiant
|-supereffective|p1a: Iron Valiant
|-damage|p1a: Iron Valiant|0 fnt
|faint|p1a: Iron Valiant
|-end|p1a: Iron Valiant|Quark Drive|[silent]
|-hitcount|p1: Iron Valiant|1
|
|upkeep
|
|t:|1776095609
|switch|p1a: Serperior|Serperior, F|100/100
|turn|9
|
|t:|1776095615
|move|p1a: Serperior|Leaf Storm|p2a: Iron Crown
|-resisted|p2a: Iron Crown
|-damage|p2a: Iron Crown|33/100 par
|-unboost|p1a: Serperior|spa|2
|move|p2a: Iron Crown|Tachyon Cutter|p1a: Serperior
|-damage|p1a: Serperior|39/100
|-damage|p1a: Serperior|0 fnt
|faint|p1a: Serperior
|-hitcount|p1: Serperior|2
|
|upkeep
|
|t:|1776095625
|switch|p1a: Slowking|Slowking-Galar, M, shiny|100/100
|turn|10
|
|t:|1776095630
|move|p2a: Iron Crown|Tachyon Cutter|p1a: Slowking
|-damage|p1a: Slowking|65/100
|-damage|p1a: Slowking|29/100
|-hitcount|p1a: Slowking|2
|move|p1a: Slowking|Future Sight|p2a: Iron Crown
|-start|p1a: Slowking|move: Future Sight
|
|-heal|p1a: Slowking|36/100|[from] item: Leftovers
|upkeep
|turn|11
|
|t:|1776095640
|cant|p2a: Iron Crown|par
|-prepare|p1a: Slowking|Chilly Reception|[premajor]
|move|p1a: Slowking|Chilly Reception|p1a: Slowking
|-weather|Snowscape
|
|t:|1776095645
|switch|p1a: Kingambit|Kingambit, F, shiny|100/100|[from] Chilly Reception
|-activate|p1a: Kingambit|ability: Supreme Overlord
|-start|p1a: Kingambit|fallen4|[silent]
|
|-weather|Snowscape|[upkeep]
|upkeep
|turn|12
|
|t:|1776095653
|-terastallize|p1a: Kingambit|Dark
|move|p1a: Kingambit|Swords Dance|p1a: Kingambit
|-boost|p1a: Kingambit|atk|2
|cant|p2a: Iron Crown|par
|
|-weather|Snowscape|[upkeep]
|-end|p2a: Iron Crown|move: Future Sight
|-resisted|p2a: Iron Crown
|-damage|p2a: Iron Crown|27/100 par
|upkeep
|turn|13
|
|t:|1776095668
|move|p1a: Kingambit|Brick Break|p2a: Iron Crown
|-damage|p2a: Iron Crown|0 fnt
|faint|p2a: Iron Crown
|-end|p2a: Iron Crown|Quark Drive|[silent]
|
|-weather|Snowscape|[upkeep]
|upkeep
|
|t:|1776095680
|switch|p2a: Arcanine|Arcanine-Hisui, M|100/100
|turn|14
|
|t:|1776095700
|move|p2a: Arcanine|Will-O-Wisp|p1a: Kingambit
|-status|p1a: Kingambit|brn
|move|p1a: Kingambit|Brick Break|p2a: Arcanine
|-supereffective|p2a: Arcanine
|-damage|p2a: Arcanine|16/100
|
|-weather|Snowscape|[upkeep]
|-damage|p1a: Kingambit|94/100 brn|[from] brn
|upkeep
|turn|15
|
|t:|1776095714
|move|p1a: Kingambit|Sucker Punch|p2a: Arcanine
|-damage|p2a: Arcanine|0 fnt
|faint|p2a: Arcanine
|
|-weather|none
|-damage|p1a: Kingambit|88/100 brn|[from] brn
|upkeep
|
|t:|1776095723
|switch|p2a: Landorus|Landorus-Therian, M|100/100
|-ability|p2a: Landorus|Intimidate|boost
|-unboost|p1a: Kingambit|atk|1
|turn|16
|
|t:|1776095743
|move|p2a: Landorus|U-turn|p1a: Kingambit
|-supereffective|p1a: Kingambit
|-damage|p1a: Kingambit|52/100 brn
|inactive|Titanos_Mosura has 120 seconds left.
|
|t:|1776095766
|switch|p2a: Hydreigon|Hydreigon, M|100/100|[from] U-turn
|move|p1a: Kingambit|Iron Head|p2a: Hydreigon
|-damage|p2a: Hydreigon|55/100
|
|-damage|p1a: Kingambit|46/100 brn|[from] brn
|upkeep
|turn|17
|
|t:|1776095787
|move|p2a: Hydreigon|Draco Meteor|p1a: Kingambit
|-damage|p1a: Kingambit|0 fnt
|-unboost|p2a: Hydreigon|spa|2
|faint|p1a: Kingambit
|-end|p1a: Kingambit|fallen4|[silent]
|
|upkeep
|
|t:|1776095792
|switch|p1a: Slowking|Slowking-Galar, M, shiny|69/100
|turn|18
|
|t:|1776095804
|move|p2a: Hydreigon|Nasty Plot|p2a: Hydreigon
|-boost|p2a: Hydreigon|spa|2
|move|p1a: Slowking|Sludge Bomb|p2a: Hydreigon
|-damage|p2a: Hydreigon|18/100
|
|-heal|p1a: Slowking|75/100|[from] item: Leftovers
|upkeep
|turn|19
|
|t:|1776095814
|move|p2a: Hydreigon|Dark Pulse|p1a: Slowking
|-supereffective|p1a: Slowking
|-damage|p1a: Slowking|0 fnt
|faint|p1a: Slowking
|
|win|Titanos_Mosura
|raw|Hitsugaya9211's rating: 1084 &rarr; <strong>1059</strong><br />(-25 for losing)
|raw|Titanos_Mosura's rating: 1049 &rarr; <strong>1085</strong><br />(+36 for winning)
|l|☆Hitsugaya9211
|player|p1|
