|html|<div class="broadcast-blue"><strong>[Gen 9] OU is currently suspecting Tera Blast! For information on how to participate check out the <a href="https://www.smogon.com/tools/suspects/view/200">suspect thread</a>.</strong></div>
|j|☆magikarp soup
|j|☆mansonabuluting
|t:|1776072498
|gametype|singles
|player|p1|magikarp soup|medium|1773
|player|p2|mansonabuluting|bellelba|1682
|gen|9
|tier|[Gen 9] OU
|rated|
|rule|HP Percentage Mod: HP is shown in percentages
|rule|Endless Battle Clause: Forcing endless battles is banned
|rule|Species Clause: Limit one of each Pokémon
|rule|OHKO Clause: OHKO moves are banned
|rule|Evasion Items Clause: Evasion items are banned
|rule|Evasion Moves Clause: Evasion moves are banned
|rule|Evasion Abilities Clause: Evasion abilities are banned
|rule|Sleep Moves Clause: Sleep-inducing moves are banned
|clearpoke
|poke|p1|Torkoal, M|
|poke|p1|Charizard, M|
|poke|p1|Venusaur, M|
|poke|p1|Slither Wing|
|poke|p1|Great Tusk|
|poke|p1|Alomomola, F|
|poke|p2|Rillaboom, F|
|poke|p2|Hawlucha, F|
|poke|p2|Great Tusk|
|poke|p2|Volcanion|
|poke|p2|Goodra-Hisui, F|
|poke|p2|Thundurus-Therian, M|
|teampreview
|c|☆magikarp soup|glhf
|j| Foxi4
|c|☆mansonabuluting|u2
|
|t:|1776072563
|teamsize|p1|6
|teamsize|p2|6
|start
|switch|p1a: Torkoal|Torkoal, M|100/100
|switch|p2a: Volcanion|Volcanion|100/100
|-weather|SunnyDay|[from] ability: Drought|[of] p1a: Torkoal
|turn|1
|j| timid nidoking
|
|t:|1776072570
|switch|p1a: Slither Wing|Slither Wing|100/100
|-activate|p1a: Slither Wing|ability: Protosynthesis
|-start|p1a: Slither Wing|protosynthesisspd
|move|p2a: Volcanion|Overheat|p1a: Slither Wing
|-supereffective|p1a: Slither Wing
|-damage|p1a: Slither Wing|0 fnt
|-unboost|p2a: Volcanion|spa|2
|faint|p1a: Slither Wing
|-end|p1a: Slither Wing|Protosynthesis|[silent]
|
|-weather|SunnyDay|[upkeep]
|upkeep
|inactive|Battle timer is ON: inactive players will automatically lose when time's up. (requested by mansonabuluting)
|c|☆magikarp soup|good call
|c| timid nidoking|gah damn
|
|t:|1776072589
|switch|p1a: Venusaur|Venusaur, M|100/100
|turn|2
|c|☆mansonabuluting|always the play
|
|t:|1776072596
|-terastallize|p1a: Venusaur|Fire
|move|p1a: Venusaur|Growth|p1a: Venusaur
|-boost|p1a: Venusaur|atk|2
|-boost|p1a: Venusaur|spa|2
|move|p2a: Volcanion|Overheat|p1a: Venusaur
|-resisted|p1a: Venusaur
|-damage|p1a: Venusaur|50/100
|-unboost|p2a: Volcanion|spa|2
|
|-weather|SunnyDay|[upkeep]
|upkeep
|turn|3
|
|t:|1776072613
|switch|p2a: Thundurus|Thundurus-Therian, M|100/100
|move|p1a: Venusaur|Giga Drain|p2a: Thundurus
|-resisted|p2a: Thundurus
|-crit|p2a: Thundurus
|-damage|p2a: Thundurus|17/100
|-heal|p1a: Venusaur|92/100|[from] drain|[of] p2a: Thundurus
|-damage|p1a: Venusaur|82/100|[from] item: Life Orb
|
|-weather|SunnyDay|[upkeep]
|upkeep
|turn|4
|
|t:|1776072620
|move|p1a: Venusaur|Giga Drain|p2a: Thundurus
|-resisted|p2a: Thundurus
|-damage|p2a: Thundurus|0 fnt
|-heal|p1a: Venusaur|90/100|[from] drain|[of] p2a: Thundurus
|faint|p2a: Thundurus
|-damage|p1a: Venusaur|80/100|[from] item: Life Orb
|
|-weather|SunnyDay|[upkeep]
|upkeep
|
|t:|1776072624
|switch|p2a: Goodra|Goodra-Hisui, F|100/100
|turn|5
|
|t:|1776072632
|move|p1a: Venusaur|Weather Ball|p2a: Goodra
|-damage|p2a: Goodra|21/100
|-damage|p1a: Venusaur|70/100|[from] item: Life Orb
|move|p2a: Goodra|Draco Meteor|p1a: Venusaur
|-damage|p1a: Venusaur|0 fnt
|-unboost|p2a: Goodra|spa|2
|faint|p1a: Venusaur
|
|-weather|SunnyDay|[upkeep]
|upkeep
|
|t:|1776072640
|switch|p1a: Charizard|Charizard, M|100/100
|turn|6
|
|t:|1776072646
|switch|p2a: Volcanion|Volcanion|100/100
|move|p1a: Charizard|Air Slash|p2a: Volcanion
|-damage|p2a: Volcanion|26/100
|
|-weather|SunnyDay|[upkeep]
|-damage|p1a: Charizard|88/100|[from] ability: Solar Power|[of] p1a: Charizard
|upkeep
|turn|7
|
|t:|1776072652
|move|p1a: Charizard|Air Slash|p2a: Volcanion
|-damage|p2a: Volcanion|0 fnt
|faint|p2a: Volcanion
|
|-weather|SunnyDay|[upkeep]
|-damage|p1a: Charizard|76/100|[from] ability: Solar Power|[of] p1a: Charizard
|upkeep
|
|t:|1776072661
|switch|p2a: Rillaboom|Rillaboom, F|100/100
|-fieldstart|move: Grassy Terrain|[from] ability: Grassy Surge|[of] p2a: Rillaboom
|turn|8
|
|t:|1776072672
|switch|p2a: Goodra|Goodra-Hisui, F|21/100
|move|p1a: Charizard|Air Slash|p2a: Goodra
|-resisted|p2a: Goodra
|-damage|p2a: Goodra|3/100
|
|-weather|none
|-heal|p2a: Goodra|9/100|[from] Grassy Terrain
|upkeep
|turn|9
|
|t:|1776072676
|move|p1a: Charizard|Air Slash|p2a: Goodra
|-resisted|p2a: Goodra
|-damage|p2a: Goodra|0 fnt
|faint|p2a: Goodra
|
|upkeep
|
|t:|1776072680
|switch|p2a: Hawlucha|Hawlucha, F|100/100
|-enditem|p2a: Hawlucha|Grassy Seed
|-boost|p2a: Hawlucha|def|1|[from] item: Grassy Seed
|turn|10
|
|t:|1776072686
|move|p2a: Hawlucha|Acrobatics|p1a: Charizard
|-damage|p1a: Charizard|11/100
|move|p1a: Charizard|Air Slash|p2a: Hawlucha
|-supereffective|p2a: Hawlucha
|-damage|p2a: Hawlucha|0 fnt
|faint|p2a: Hawlucha
|
|upkeep
|
|t:|1776072694
|switch|p2a: Rillaboom|Rillaboom, F|100/100
|turn|11
|
|t:|1776072700
|switch|p1a: Torkoal|Torkoal, M|100/100
|-weather|SunnyDay|[from] ability: Drought|[of] p1a: Torkoal
|move|p2a: Rillaboom|Grassy Glide|p1a: Torkoal
|-resisted|p1a: Torkoal
|-damage|p1a: Torkoal|80/100
|
|-weather|SunnyDay|[upkeep]
|-heal|p1a: Torkoal|86/100|[from] Grassy Terrain
|upkeep
|turn|12
|
|t:|1776072705
|switch|p2a: Great Tusk|Great Tusk|100/100
|-activate|p2a: Great Tusk|ability: Protosynthesis
|-start|p2a: Great Tusk|protosynthesisdef
|move|p1a: Torkoal|Will-O-Wisp|p2a: Great Tusk
|-status|p2a: Great Tusk|brn
|
|-weather|SunnyDay|[upkeep]
|-heal|p1a: Torkoal|92/100|[from] Grassy Terrain
|-damage|p2a: Great Tusk|94/100 brn|[from] brn
|-fieldend|move: Grassy Terrain
|upkeep
|turn|13
|
|t:|1776072711
|move|p2a: Great Tusk|Stealth Rock|p1a: Torkoal
|-sidestart|p1: magikarp soup|move: Stealth Rock
|move|p1a: Torkoal|Stealth Rock|p2a: Great Tusk
|-sidestart|p2: mansonabuluting|move: Stealth Rock
|
|-weather|SunnyDay|[upkeep]
|-damage|p2a: Great Tusk|88/100 brn|[from] brn
|upkeep
|turn|14
|
|t:|1776072716
|move|p2a: Great Tusk|Headlong Rush|p1a: Torkoal
|-supereffective|p1a: Torkoal
|-damage|p1a: Torkoal|51/100
|-unboost|p2a: Great Tusk|def|1
|-unboost|p2a: Great Tusk|spd|1
|move|p1a: Torkoal|Rapid Spin|p2a: Great Tusk
|-damage|p2a: Great Tusk|83/100 brn
|-boost|p1a: Torkoal|spe|1
|-damage|p1a: Torkoal|34/100|[from] item: Rocky Helmet|[of] p2a: Great Tusk
|-sideend|p1: magikarp soup|Stealth Rock|[from] move: Rapid Spin|[of] p1a: Torkoal
|
|-weather|SunnyDay|[upkeep]
|-damage|p2a: Great Tusk|76/100 brn|[from] brn
|upkeep
|turn|15
|
|t:|1776072722
|move|p2a: Great Tusk|Stealth Rock|p1a: Torkoal
|-sidestart|p1: magikarp soup|move: Stealth Rock
|move|p1a: Torkoal|Overheat|p2a: Great Tusk
|-damage|p2a: Great Tusk|0 fnt
|-unboost|p1a: Torkoal|spa|2
|faint|p2a: Great Tusk
|-end|p2a: Great Tusk|Protosynthesis|[silent]
|
|-weather|SunnyDay|[upkeep]
|upkeep
|
|t:|1776072725
|switch|p2a: Rillaboom|Rillaboom, F|100/100
|-damage|p2a: Rillaboom|88/100|[from] Stealth Rock
|-fieldstart|move: Grassy Terrain|[from] ability: Grassy Surge|[of] p2a: Rillaboom
|turn|16
|
|t:|1776072733
|-terastallize|p2a: Rillaboom|Grass
|move|p2a: Rillaboom|Wood Hammer|p1a: Torkoal
|-resisted|p1a: Torkoal
|-damage|p1a: Torkoal|0 fnt
|faint|p1a: Torkoal
|-damage|p2a: Rillaboom|79/100|[from] Recoil
|
|-weather|SunnyDay|[upkeep]
|-heal|p2a: Rillaboom|85/100|[from] Grassy Terrain
|upkeep
|
|t:|1776072740
|switch|p1a: Great Tusk|Great Tusk|100/100
|-damage|p1a: Great Tusk|98/100|[from] Stealth Rock
|-activate|p1a: Great Tusk|ability: Protosynthesis
|-start|p1a: Great Tusk|protosynthesisatk
|turn|17
|
|t:|1776072746
|move|p1a: Great Tusk|Temper Flare|p2a: Rillaboom
|-supereffective|p2a: Rillaboom
|-damage|p2a: Rillaboom|0 fnt
|faint|p2a: Rillaboom
|-damage|p1a: Great Tusk|88/100|[from] item: Life Orb
|
|win|magikarp soup
|raw|magikarp soup's rating: 1773 &rarr; <strong>1788</strong><br />(+15 for winning)
|raw|mansonabuluting's rating: 1682 &rarr; <strong>1667</strong><br />(-15 for losing)
|c|☆magikarp soup|gg
|l|☆mansonabuluting
|player|p2|
|l| Foxi4
|l| timid nidoking
