|html|<div class="broadcast-blue"><strong>[Gen 9] OU is currently suspecting Tera Blast! For information on how to participate check out the <a href="https://www.smogon.com/tools/suspects/view/200">suspect thread</a>.</strong></div>
|j|☆dyebberwacky
|j|☆t7pu
|t:|1776056299
|gametype|singles
|player|p1|dyebberwacky|hiker-gen4|1185
|player|p2|t7pu|1|1266
|gen|9
|tier|[Gen 9] OU
|rated|
|rule|HP Percentage Mod: HP is shown in percentages
|rule|Endless Battle Clause: Forcing endless battles is banned
|rule|Species Clause: Limit one of each Pokémon
|rule|OHKO Clause: OHKO moves are banned
|rule|Evasion Items Clause: Evasion items are banned
|rule|Evasion Moves Clause: Evasion moves are banned
|rule|Evasion Abilities Clause: Evasion abilities are banned
|rule|Sleep Moves Clause: Sleep-inducing moves are banned
|clearpoke
|poke|p1|Dragonite, M|
|poke|p1|Sinistcha|
|poke|p1|Zapdos-Galar|
|poke|p1|Ting-Lu|
|poke|p1|Landorus-Therian, M|
|poke|p1|Orthworm, F|
|poke|p2|Ninetales-Alola, M|
|poke|p2|Kyurem|
|poke|p2|Rillaboom, F|
|poke|p2|Manaphy|
|poke|p2|Iron Moth|
|poke|p2|Great Tusk|
|teampreview
|inactive|Battle timer is ON: inactive players will automatically lose when time's up. (requested by dyebberwacky)
|
|t:|1776056324
|teamsize|p1|6
|teamsize|p2|6
|start
|switch|p1a: Pacificst|Ting-Lu|100/100
|switch|p2a: Great Tusk|Great Tusk|100/100
|-ability|p1a: Pacificst|Vessel of Ruin
|turn|1
|
|t:|1776056335
|move|p2a: Great Tusk|Stealth Rock|p1a: Pacificst
|-sidestart|p1: dyebberwacky|move: Stealth Rock
|move|p1a: Pacificst|Stealth Rock|p2a: Great Tusk
|-sidestart|p2: t7pu|move: Stealth Rock
|
|upkeep
|turn|2
|
|t:|1776056340
|move|p2a: Great Tusk|Rapid Spin|p1a: Pacificst
|-damage|p1a: Pacificst|93/100
|-boost|p2a: Great Tusk|spe|1
|-sideend|p2: t7pu|Stealth Rock|[from] move: Rapid Spin|[of] p2a: Great Tusk
|move|p1a: Pacificst|Whirlwind|p2a: Great Tusk
|-end|p2a: Great Tusk|Protosynthesis|[silent]
|drag|p2a: Manaphy|Manaphy|100/100
|
|-heal|p1a: Pacificst|99/100|[from] item: Leftovers
|upkeep
|turn|3
|
|t:|1776056351
|move|p2a: Manaphy|Scald|p1a: Pacificst
|-supereffective|p1a: Pacificst
|-damage|p1a: Pacificst|73/100
|move|p1a: Pacificst|Stealth Rock|p2a: Manaphy
|-sidestart|p2: t7pu|move: Stealth Rock
|
|-heal|p1a: Pacificst|79/100|[from] item: Leftovers
|upkeep
|turn|4
|
|t:|1776056358
|move|p2a: Manaphy|Scald|p1a: Pacificst
|-supereffective|p1a: Pacificst
|-damage|p1a: Pacificst|53/100
|move|p1a: Pacificst|Ruination|p2a: Manaphy
|-damage|p2a: Manaphy|50/100
|-enditem|p2a: Manaphy|Sitrus Berry|[eat]
|-heal|p2a: Manaphy|75/100|[from] item: Sitrus Berry
|
|-heal|p1a: Pacificst|59/100|[from] item: Leftovers
|upkeep
|turn|5
|
|t:|1776056373
|move|p2a: Manaphy|Scald|p1a: Pacificst
|-supereffective|p1a: Pacificst
|-damage|p1a: Pacificst|34/100
|-status|p1a: Pacificst|brn
|move|p1a: Pacificst|Whirlwind|p2a: Manaphy
|drag|p2a: Iron Moth|Iron Moth|100/100
|-damage|p2a: Iron Moth|76/100|[from] Stealth Rock
|-enditem|p2a: Iron Moth|Booster Energy
|-activate|p2a: Iron Moth|ability: Quark Drive|[fromitem]
|-start|p2a: Iron Moth|quarkdrivespe
|
|-heal|p1a: Pacificst|40/100 brn|[from] item: Leftovers
|-damage|p1a: Pacificst|34/100 brn|[from] brn
|upkeep
|turn|6
|
|t:|1776056385
|move|p2a: Iron Moth|Substitute|p2a: Iron Moth
|-start|p2a: Iron Moth|Substitute
|-damage|p2a: Iron Moth|51/100
|move|p1a: Pacificst|Earthquake|p2a: Iron Moth
|-supereffective|p2a: Iron Moth
|-end|p2a: Iron Moth|Substitute
|
|-heal|p1a: Pacificst|40/100 brn|[from] item: Leftovers
|-damage|p1a: Pacificst|34/100 brn|[from] brn
|upkeep
|turn|7
|
|t:|1776056390
|move|p2a: Iron Moth|Dazzling Gleam|p1a: Pacificst
|-supereffective|p1a: Pacificst
|-damage|p1a: Pacificst|8/100 brn
|move|p1a: Pacificst|Earthquake|p2a: Iron Moth
|-supereffective|p2a: Iron Moth
|-damage|p2a: Iron Moth|0 fnt
|faint|p2a: Iron Moth
|-end|p2a: Iron Moth|Quark Drive|[silent]
|
|-heal|p1a: Pacificst|14/100 brn|[from] item: Leftovers
|-damage|p1a: Pacificst|8/100 brn|[from] brn
|upkeep
|
|t:|1776056401
|switch|p2a: Great Tusk|Great Tusk|100/100
|-damage|p2a: Great Tusk|98/100|[from] Stealth Rock
|turn|8
|
|t:|1776056406
|move|p2a: Great Tusk|Rapid Spin|p1a: Pacificst
|-damage|p1a: Pacificst|1/100 brn
|-boost|p2a: Great Tusk|spe|1
|-sideend|p2: t7pu|Stealth Rock|[from] move: Rapid Spin|[of] p2a: Great Tusk
|move|p1a: Pacificst|Ruination|p2a: Great Tusk
|-damage|p2a: Great Tusk|49/100
|
|-heal|p1a: Pacificst|7/100 brn|[from] item: Leftovers
|-damage|p1a: Pacificst|1/100 brn|[from] brn
|upkeep
|turn|9
|
|t:|1776056417
|move|p2a: Great Tusk|Rapid Spin|p1a: Pacificst
|-damage|p1a: Pacificst|0 fnt
|-boost|p2a: Great Tusk|spe|1
|faint|p1a: Pacificst
|
|upkeep
|
|t:|1776056421
|switch|p1a: Green Pot ;)|Sinistcha|100/100
|-damage|p1a: Green Pot ;)|88/100|[from] Stealth Rock
|turn|10
|
|t:|1776056429
|-end|p2a: Great Tusk|Protosynthesis|[silent]
|switch|p2a: Rillaboom|Rillaboom, F|100/100
|-fieldstart|move: Grassy Terrain|[from] ability: Grassy Surge|[of] p2a: Rillaboom
|move|p1a: Green Pot ;)|Shadow Ball|p2a: Rillaboom
|-damage|p2a: Rillaboom|63/100
|
|-heal|p2a: Rillaboom|69/100|[from] Grassy Terrain
|-heal|p1a: Green Pot ;)|94/100|[from] Grassy Terrain
|-heal|p1a: Green Pot ;)|99/100|[from] item: Leftovers
|upkeep
|turn|11
|
|t:|1776056439
|move|p2a: Rillaboom|Knock Off|p1a: Green Pot ;)
|-supereffective|p1a: Green Pot ;)
|-damage|p1a: Green Pot ;)|35/100
|-enditem|p1a: Green Pot ;)|Leftovers|[from] move: Knock Off|[of] p2a: Rillaboom
|move|p1a: Green Pot ;)|Shadow Ball|p2a: Rillaboom
|-damage|p2a: Rillaboom|30/100
|
|-heal|p2a: Rillaboom|36/100|[from] Grassy Terrain
|-heal|p1a: Green Pot ;)|41/100|[from] Grassy Terrain
|upkeep
|turn|12
|
|t:|1776056450
|switch|p1a: Forest Gunk|Zapdos-Galar|100/100
|-damage|p1a: Forest Gunk|88/100|[from] Stealth Rock
|move|p2a: Rillaboom|Knock Off|p1a: Forest Gunk
|-resisted|p1a: Forest Gunk
|-damage|p1a: Forest Gunk|71/100
|-enditem|p1a: Forest Gunk|Assault Vest|[from] move: Knock Off|[of] p2a: Rillaboom
|
|-heal|p2a: Rillaboom|42/100|[from] Grassy Terrain
|upkeep
|turn|13
|
|t:|1776056462
|switch|p2a: Ninetales|Ninetales-Alola, M|100/100
|-weather|Snowscape|[from] ability: Snow Warning|[of] p2a: Ninetales
|move|p1a: Forest Gunk|Brave Bird|p2a: Ninetales
|-damage|p2a: Ninetales|59/100
|-damage|p1a: Forest Gunk|58/100|[from] Recoil
|
|-weather|Snowscape|[upkeep]
|-heal|p2a: Ninetales|65/100|[from] Grassy Terrain
|upkeep
|turn|14
|
|t:|1776056479
|move|p2a: Ninetales|Moonblast|p1a: Forest Gunk
|-supereffective|p1a: Forest Gunk
|-damage|p1a: Forest Gunk|20/100
|move|p1a: Forest Gunk|Close Combat|p2a: Ninetales
|-damage|p2a: Ninetales|24/100
|-unboost|p1a: Forest Gunk|def|1
|-unboost|p1a: Forest Gunk|spd|1
|
|-weather|Snowscape|[upkeep]
|-heal|p2a: Ninetales|30/100|[from] Grassy Terrain
|upkeep
|turn|15
|
|t:|1776056487
|move|p2a: Ninetales|Moonblast|p1a: Forest Gunk
|-supereffective|p1a: Forest Gunk
|-damage|p1a: Forest Gunk|0 fnt
|faint|p1a: Forest Gunk
|
|-weather|Snowscape|[upkeep]
|-heal|p2a: Ninetales|36/100|[from] Grassy Terrain
|upkeep
|
|t:|1776056490
|switch|p1a: Vibrating|Orthworm, F|100/100
|-damage|p1a: Vibrating|94/100|[from] Stealth Rock
|-item|p1a: Vibrating|Air Balloon
|turn|16
|
|t:|1776056496
|move|p2a: Ninetales|Aurora Veil|p2a: Ninetales
|-sidestart|p2: t7pu|move: Aurora Veil
|move|p1a: Vibrating|Heavy Slam|p2a: Ninetales
|-supereffective|p2a: Ninetales
|-damage|p2a: Ninetales|0 fnt
|faint|p2a: Ninetales
|
|-weather|Snowscape|[upkeep]
|upkeep
|
|t:|1776056502
|switch|p2a: Kyurem|Kyurem|100/100
|-ability|p2a: Kyurem|Pressure
|turn|17
|
|t:|1776056507
|move|p2a: Kyurem|Dragon Dance|p2a: Kyurem
|-boost|p2a: Kyurem|atk|1
|-boost|p2a: Kyurem|spe|1
|move|p1a: Vibrating|Heavy Slam|p2a: Kyurem
|-supereffective|p2a: Kyurem
|-damage|p2a: Kyurem|93/100
|
|-weather|none
|-heal|p2a: Kyurem|99/100|[from] Grassy Terrain
|-fieldend|move: Grassy Terrain
|upkeep
|turn|18
|
|t:|1776056527
|move|p2a: Kyurem|Dragon Dance|p2a: Kyurem
|-boost|p2a: Kyurem|atk|1
|-boost|p2a: Kyurem|spe|1
|move|p1a: Vibrating|Body Press|p2a: Kyurem
|-supereffective|p2a: Kyurem
|-damage|p2a: Kyurem|73/100
|
|upkeep
|turn|19
|
|t:|1776056534
|move|p2a: Kyurem|Dragon Dance|p2a: Kyurem
|-boost|p2a: Kyurem|atk|1
|-boost|p2a: Kyurem|spe|1
|move|p1a: Vibrating|Body Press|p2a: Kyurem
|-supereffective|p2a: Kyurem
|-damage|p2a: Kyurem|43/100
|
|upkeep
|turn|20
|
|t:|1776056546
|-terastallize|p2a: Kyurem|Fire
|move|p2a: Kyurem|Tera Blast|p1a: Vibrating|[anim] Tera Blast Fire
|-supereffective|p1a: Vibrating
|-damage|p1a: Vibrating|0 fnt
|-enditem|p1a: Vibrating|Air Balloon
|faint|p1a: Vibrating
|
|upkeep
|
|t:|1776056552
|switch|p1a: We all hate gim|Landorus-Therian, M|100/100
|-damage|p1a: We all hate gim|88/100|[from] Stealth Rock
|-ability|p1a: We all hate gim|Intimidate|boost
|-unboost|p2a: Kyurem|atk|1
|turn|21
|
|t:|1776056559
|move|p2a: Kyurem|Icicle Spear|p1a: We all hate gim
|-supereffective|p1a: We all hate gim
|-damage|p1a: We all hate gim|5/100
|-supereffective|p1a: We all hate gim
|-damage|p1a: We all hate gim|0 fnt
|faint|p1a: We all hate gim
|-hitcount|p1: We all hate gim|2
|
|upkeep
|
|t:|1776056563
|switch|p1a: Dragooning|Dragonite, M|100/100
|turn|22
|
|t:|1776056566
|-terastallize|p1a: Dragooning|Normal
|move|p1a: Dragooning|Extreme Speed|p2a: Kyurem
|-damage|p2a: Kyurem|21/100
|move|p2a: Kyurem|Icicle Spear|p1a: Dragooning
|-damage|p1a: Dragooning|83/100
|-damage|p1a: Dragooning|53/100
|-damage|p1a: Dragooning|22/100
|-damage|p1a: Dragooning|0 fnt
|faint|p1a: Dragooning
|-hitcount|p1: Dragooning|4
|
|upkeep
|
|t:|1776056571
|switch|p1a: Green Pot ;)|Sinistcha|41/100
|-damage|p1a: Green Pot ;)|29/100|[from] Stealth Rock
|turn|23
|
|t:|1776056578
|move|p2a: Kyurem|Icicle Spear|p1a: Green Pot ;)
|-supereffective|p1a: Green Pot ;)
|-damage|p1a: Green Pot ;)|0 fnt
|faint|p1a: Green Pot ;)
|-hitcount|p1: Green Pot ;)|1
|
|win|t7pu
|raw|dyebberwacky's rating: 1185 &rarr; <strong>1166</strong><br />(-19 for losing)
|raw|t7pu's rating: 1266 &rarr; <strong>1285</strong><br />(+19 for winning)
