|html|<div class="broadcast-blue"><strong>[Gen 9] OU is currently suspecting Volcarona! For information on how to participate check out the <a href="https://www.smogon.com/tools/suspects/view/208">suspect thread</a>.</strong></div>
|j|☆goon with spoon
|j|☆jkreyes1
|t:|1778510555
|gametype|singles
|player|p1|goon with spoon|palmer|1480
|player|p2|jkreyes1|volkner|1487
|gen|9
|tier|[Gen 9] OU
|rated|
|rule|HP Percentage Mod: HP is shown in percentages
|rule|Endless Battle Clause: Forcing endless battles is banned
|rule|Species Clause: Limit one of each Pokémon
|rule|OHKO Clause: OHKO moves are banned
|rule|Evasion Items Clause: Evasion items are banned
|rule|Evasion Moves Clause: Evasion moves are banned
|rule|Evasion Abilities Clause: Evasion abilities are banned
|rule|Sleep Moves Clause: Sleep-inducing moves are banned
|clearpoke
|poke|p1|Kingambit, M|
|poke|p1|Primarina, M|
|poke|p1|Corviknight, M|
|poke|p1|Great Tusk|
|poke|p1|Dragapult, F|
|poke|p1|Heatran, F|
|poke|p2|Gastrodon-East, M|
|poke|p2|Hippowdon, F|
|poke|p2|Landorus-Therian, M|
|poke|p2|Tyranitar, M|
|poke|p2|Zapdos|
|poke|p2|Excadrill, M|
|teampreview
|inactive|Battle timer is ON: inactive players will automatically lose when time's up. (requested by jkreyes1)
|
|t:|1778510576
|teamsize|p1|6
|teamsize|p2|6
|start
|switch|p1a: Primarina|Primarina, M|100/100
|switch|p2a: Landorus|Landorus-Therian, M, shiny|100/100
|-ability|p2a: Landorus|Intimidate|boost
|-unboost|p1a: Primarina|atk|1
|turn|1
|
|t:|1778510587
|move|p2a: Landorus|U-turn|p1a: Primarina
|-resisted|p1a: Primarina
|-damage|p1a: Primarina|80/100
|
|t:|1778510591
|switch|p2a: Gastrodon|Gastrodon-East, M, shiny|100/100|[from] U-turn
|move|p1a: Primarina|Moonblast|p2a: Gastrodon
|-damage|p2a: Gastrodon|56/100
|
|-heal|p2a: Gastrodon|62/100|[from] item: Leftovers
|upkeep
|turn|2
|inactive|goon with spoon has 120 seconds left.
|
|t:|1778510635
|move|p1a: Primarina|Psychic Noise|p2a: Gastrodon
|-damage|p2a: Gastrodon|41/100
|-start|p2a: Gastrodon|move: Heal Block
|cant|p2a: Gastrodon|move: Heal Block|Recover
|
|upkeep
|turn|3
|
|t:|1778510644
|switch|p2a: Zapdos|Zapdos, shiny|100/100
|move|p1a: Primarina|Moonblast|p2a: Zapdos
|-damage|p2a: Zapdos|51/100
|
|-heal|p2a: Zapdos|57/100|[from] item: Leftovers
|upkeep
|turn|4
|inactive|goon with spoon has 120 seconds left.
|
|t:|1778510657
|move|p2a: Zapdos|Hurricane|p1a: Primarina|[miss]
|-miss|p2a: Zapdos|p1a: Primarina
|move|p1a: Primarina|Flip Turn|p2a: Zapdos
|-damage|p2a: Zapdos|47/100
|
|t:|1778510678
|switch|p1a: Dragapult|Dragapult, F|100/100|[from] Flip Turn
|
|-heal|p2a: Zapdos|53/100|[from] item: Leftovers
|upkeep
|turn|5
|
|t:|1778510688
|switch|p2a: Tyranitar|Tyranitar, M, shiny|100/100
|-weather|Sandstorm|[from] ability: Sand Stream|[of] p2a: Tyranitar
|move|p1a: Dragapult|U-turn|p2a: Tyranitar
|-supereffective|p2a: Tyranitar
|-damage|p2a: Tyranitar|77/100
|
|t:|1778510694
|switch|p1a: Great Tusk|Great Tusk|100/100|[from] U-turn
|
|-weather|Sandstorm|[upkeep]
|upkeep
|turn|6
|
|t:|1778510701
|switch|p2a: Hippowdon|Hippowdon, F, shiny|100/100
|move|p1a: Great Tusk|Knock Off|p2a: Hippowdon
|-damage|p2a: Hippowdon|84/100
|-damage|p1a: Great Tusk|84/100|[from] item: Rocky Helmet|[of] p2a: Hippowdon
|-enditem|p2a: Hippowdon|Rocky Helmet|[from] move: Knock Off|[of] p1a: Great Tusk
|
|-weather|Sandstorm|[upkeep]
|upkeep
|turn|7
|
|t:|1778510709
|move|p1a: Great Tusk|Stealth Rock|p2a: Hippowdon
|-sidestart|p2: jkreyes1|move: Stealth Rock
|move|p2a: Hippowdon|Stealth Rock|p1a: Great Tusk
|-sidestart|p1: goon with spoon|move: Stealth Rock
|
|-weather|Sandstorm|[upkeep]
|upkeep
|turn|8
|inactive|goon with spoon has 120 seconds left.
|
|t:|1778510730
|-end|p1a: Great Tusk|Protosynthesis|[silent]
|switch|p1a: Corviknight|Corviknight, M|100/100
|-damage|p1a: Corviknight|88/100|[from] Stealth Rock
|-ability|p1a: Corviknight|Pressure
|move|p2a: Hippowdon|Earthquake|p1a: Corviknight
|-immune|p1a: Corviknight
|
|-weather|Sandstorm|[upkeep]
|upkeep
|turn|9
|
|t:|1778510742
|switch|p2a: Zapdos|Zapdos, shiny|53/100
|-damage|p2a: Zapdos|28/100|[from] Stealth Rock
|move|p1a: Corviknight|Body Press|p2a: Zapdos
|-resisted|p2a: Zapdos
|-damage|p2a: Zapdos|15/100
|
|-weather|Sandstorm|[upkeep]
|-damage|p2a: Zapdos|9/100|[from] Sandstorm
|-heal|p2a: Zapdos|15/100|[from] item: Leftovers
|upkeep
|turn|10
|
|t:|1778510750
|move|p2a: Zapdos|Roost|p2a: Zapdos
|-heal|p2a: Zapdos|65/100
|-singleturn|p2a: Zapdos|move: Roost
|move|p1a: Corviknight|U-turn|p2a: Zapdos
|-damage|p2a: Zapdos|50/100
|
|t:|1778510757
|switch|p1a: Dragapult|Dragapult, F|100/100|[from] U-turn
|-damage|p1a: Dragapult|88/100|[from] Stealth Rock
|
|-weather|Sandstorm|[upkeep]
|-damage|p1a: Dragapult|82/100|[from] Sandstorm
|-damage|p2a: Zapdos|44/100|[from] Sandstorm
|-heal|p2a: Zapdos|50/100|[from] item: Leftovers
|upkeep
|turn|11
|
|t:|1778510762
|move|p1a: Dragapult|Shadow Ball|p2a: Zapdos
|-damage|p2a: Zapdos|0 fnt
|faint|p2a: Zapdos
|
|-weather|Sandstorm|[upkeep]
|-damage|p1a: Dragapult|76/100|[from] Sandstorm
|upkeep
|
|t:|1778510765
|switch|p2a: Excadrill|Excadrill, M, shiny|100/100
|-damage|p2a: Excadrill|97/100|[from] Stealth Rock
|turn|12
|inactive|goon with spoon has 120 seconds left.
|
|t:|1778510778
|switch|p1a: Corviknight|Corviknight, M|88/100
|-damage|p1a: Corviknight|76/100|[from] Stealth Rock
|-ability|p1a: Corviknight|Pressure
|move|p2a: Excadrill|Swords Dance|p2a: Excadrill
|-boost|p2a: Excadrill|atk|2
|
|-weather|none
|upkeep
|turn|13
|
|t:|1778510787
|-terastallize|p2a: Excadrill|Flying
|move|p2a: Excadrill|Swords Dance|p2a: Excadrill
|-boost|p2a: Excadrill|atk|2
|move|p1a: Corviknight|Body Press|p2a: Excadrill
|-resisted|p2a: Excadrill
|-damage|p2a: Excadrill|77/100
|
|upkeep
|turn|14
|
|t:|1778510795
|move|p2a: Excadrill|Iron Head|p1a: Corviknight
|-resisted|p1a: Corviknight
|-damage|p1a: Corviknight|25/100
|-damage|p2a: Excadrill|61/100|[from] item: Rocky Helmet|[of] p1a: Corviknight
|-damage|p2a: Excadrill|51/100|[from] item: Life Orb
|move|p1a: Corviknight|Defog|p2a: Excadrill
|-unboost|p2a: Excadrill|evasion|1
|-sideend|p2: jkreyes1|Stealth Rock|[from] move: Defog|[of] p1a: Corviknight
|-sideend|p1: goon with spoon|Stealth Rock|[from] move: Defog|[of] p1a: Corviknight
|
|upkeep
|turn|15
|
|t:|1778510800
|move|p2a: Excadrill|Iron Head|p1a: Corviknight
|-resisted|p1a: Corviknight
|-damage|p1a: Corviknight|0 fnt
|-damage|p2a: Excadrill|34/100|[from] item: Rocky Helmet|[of] p1a: Corviknight
|faint|p1a: Corviknight
|-damage|p2a: Excadrill|24/100|[from] item: Life Orb
|
|upkeep
|
|t:|1778510806
|switch|p1a: Dragapult|Dragapult, F|76/100
|turn|16
|
|t:|1778510815
|switch|p2a: Tyranitar|Tyranitar, M, shiny|77/100
|-weather|Sandstorm|[from] ability: Sand Stream|[of] p2a: Tyranitar
|move|p1a: Dragapult|Shadow Ball|p2a: Tyranitar
|-resisted|p2a: Tyranitar
|-damage|p2a: Tyranitar|62/100
|
|-weather|Sandstorm|[upkeep]
|-damage|p1a: Dragapult|70/100|[from] Sandstorm
|upkeep
|turn|17
|
|t:|1778510828
|switch|p1a: Great Tusk|Great Tusk|84/100
|move|p2a: Tyranitar|Knock Off|p1a: Great Tusk
|-resisted|p1a: Great Tusk
|-damage|p1a: Great Tusk|68/100
|-enditem|p1a: Great Tusk|Heavy-Duty Boots|[from] move: Knock Off|[of] p2a: Tyranitar
|
|-weather|Sandstorm|[upkeep]
|upkeep
|turn|18
|
|t:|1778510841
|switch|p2a: Hippowdon|Hippowdon, F, shiny|84/100
|move|p1a: Great Tusk|Headlong Rush|p2a: Hippowdon
|-damage|p2a: Hippowdon|54/100
|-unboost|p1a: Great Tusk|def|1
|-unboost|p1a: Great Tusk|spd|1
|
|-weather|Sandstorm|[upkeep]
|upkeep
|turn|19
|
|t:|1778510862
|-end|p1a: Great Tusk|Protosynthesis|[silent]
|switch|p1a: Primarina|Primarina, M|80/100
|move|p2a: Hippowdon|Stealth Rock|p1a: Primarina
|-sidestart|p1: goon with spoon|move: Stealth Rock
|
|-weather|Sandstorm|[upkeep]
|-damage|p1a: Primarina|74/100|[from] Sandstorm
|upkeep
|turn|20
|
|t:|1778510871
|switch|p2a: Gastrodon|Gastrodon-East, M, shiny|41/100
|move|p1a: Primarina|Moonblast|p2a: Gastrodon
|-damage|p2a: Gastrodon|0 fnt
|faint|p2a: Gastrodon
|
|-weather|Sandstorm|[upkeep]
|-damage|p1a: Primarina|67/100|[from] Sandstorm
|upkeep
|
|t:|1778510876
|switch|p2a: Excadrill|Excadrill, M, shiny, tera:Flying|24/100
|turn|21
|
|t:|1778510892
|move|p2a: Excadrill|Iron Head|p1a: Primarina
|-damage|p1a: Primarina|0 fnt
|faint|p1a: Primarina
|-damage|p2a: Excadrill|14/100|[from] item: Life Orb
|
|-weather|Sandstorm|[upkeep]
|upkeep
|inactive|goon with spoon has 120 seconds left.
|
|t:|1778510926
|switch|p1a: Great Tusk|Great Tusk|68/100
|-damage|p1a: Great Tusk|65/100|[from] Stealth Rock
|turn|22
|
|t:|1778510930
|move|p2a: Excadrill|Earthquake|p1a: Great Tusk
|-damage|p1a: Great Tusk|12/100
|-damage|p2a: Excadrill|4/100|[from] item: Life Orb
|move|p1a: Great Tusk|Rapid Spin|p2a: Excadrill
|-damage|p2a: Excadrill|0 fnt
|-boost|p1a: Great Tusk|spe|1
|-sideend|p1: goon with spoon|Stealth Rock|[from] move: Rapid Spin|[of] p1a: Great Tusk
|faint|p2a: Excadrill
|
|-weather|Sandstorm|[upkeep]
|upkeep
|
|t:|1778510944
|switch|p2a: Landorus|Landorus-Therian, M, shiny|100/100
|-ability|p2a: Landorus|Intimidate|boost
|-unboost|p1a: Great Tusk|atk|1
|turn|23
|
|t:|1778510952
|move|p1a: Great Tusk|Stealth Rock|p2a: Landorus
|-sidestart|p2: jkreyes1|move: Stealth Rock
|move|p2a: Landorus|Earthquake|p1a: Great Tusk
|-damage|p1a: Great Tusk|0 fnt
|faint|p1a: Great Tusk
|-end|p1a: Great Tusk|Protosynthesis|[silent]
|
|-weather|none
|upkeep
|
|t:|1778510961
|switch|p1a: Dragapult|Dragapult, F|70/100
|turn|24
|
|t:|1778510968
|switch|p2a: Tyranitar|Tyranitar, M, shiny|62/100
|-damage|p2a: Tyranitar|49/100|[from] Stealth Rock
|-weather|Sandstorm|[from] ability: Sand Stream|[of] p2a: Tyranitar
|move|p1a: Dragapult|Shadow Ball|p2a: Tyranitar
|-resisted|p2a: Tyranitar
|-crit|p2a: Tyranitar
|-damage|p2a: Tyranitar|27/100
|
|-weather|Sandstorm|[upkeep]
|-damage|p1a: Dragapult|64/100|[from] Sandstorm
|upkeep
|turn|25
|
|t:|1778510985
|switch|p1a: Heatran|Heatran, F|100/100
|move|p2a: Tyranitar|Knock Off|p1a: Heatran
|-damage|p1a: Heatran|57/100
|-enditem|p1a: Heatran|Leftovers|[from] move: Knock Off|[of] p2a: Tyranitar
|
|-weather|Sandstorm|[upkeep]
|upkeep
|turn|26
|
|t:|1778510994
|move|p1a: Heatran|Earth Power|p2a: Tyranitar
|-supereffective|p2a: Tyranitar
|-damage|p2a: Tyranitar|0 fnt
|faint|p2a: Tyranitar
|
|-weather|Sandstorm|[upkeep]
|upkeep
|
|t:|1778510997
|switch|p2a: Landorus|Landorus-Therian, M, shiny|100/100
|-damage|p2a: Landorus|88/100|[from] Stealth Rock
|-ability|p2a: Landorus|Intimidate|boost
|-unboost|p1a: Heatran|atk|1
|turn|27
|
|t:|1778511005
|move|p2a: Landorus|Earthquake|p1a: Heatran
|-supereffective|p1a: Heatran
|-damage|p1a: Heatran|0 fnt
|faint|p1a: Heatran
|
|-weather|Sandstorm|[upkeep]
|upkeep
|
|t:|1778511017
|switch|p1a: Dragapult|Dragapult, F|64/100
|turn|28
|
|t:|1778511020
|move|p1a: Dragapult|Draco Meteor|p2a: Landorus
|-damage|p2a: Landorus|0 fnt
|-unboost|p1a: Dragapult|spa|2
|faint|p2a: Landorus
|
|-weather|Sandstorm|[upkeep]
|-damage|p1a: Dragapult|58/100|[from] Sandstorm
|upkeep
|
|t:|1778511023
|switch|p2a: Hippowdon|Hippowdon, F, shiny|54/100
|-damage|p2a: Hippowdon|47/100|[from] Stealth Rock
|turn|29
|-message|jkreyes1 forfeited.
|
|win|goon with spoon
|raw|goon with spoon's rating: 1480 &rarr; <strong>1500</strong><br />(+20 for winning)
|raw|jkreyes1's rating: 1487 &rarr; <strong>1467</strong><br />(-20 for losing)
|l|☆jkreyes1
|player|p2|
|l|☆goon with spoon
|player|p1|
