|html|<div class="broadcast-blue"><strong>[Gen 9] OU is currently suspecting Tera Blast! For information on how to participate check out the <a href="https://www.smogon.com/tools/suspects/view/200">suspect thread</a>.</strong></div>
|j|☆Isabelldra
|j|☆QuandaleReturns
|t:|1776073759
|gametype|singles
|player|p1|Isabelldra|gardenia|1358
|player|p2|QuandaleReturns|swimmer|1323
|gen|9
|tier|[Gen 9] OU
|rated|
|rule|HP Percentage Mod: HP is shown in percentages
|rule|Endless Battle Clause: Forcing endless battles is banned
|rule|Species Clause: Limit one of each Pokémon
|rule|OHKO Clause: OHKO moves are banned
|rule|Evasion Items Clause: Evasion items are banned
|rule|Evasion Moves Clause: Evasion moves are banned
|rule|Evasion Abilities Clause: Evasion abilities are banned
|rule|Sleep Moves Clause: Sleep-inducing moves are banned
|clearpoke
|poke|p1|Klefki, M|
|poke|p1|Gholdengo|
|poke|p1|Kingambit, M|
|poke|p1|Dragapult, F|
|poke|p1|Dragonite, F|
|poke|p1|Azelf|
|poke|p2|Gallade, M|
|poke|p2|Kyurem|
|poke|p2|Lokix, F|
|poke|p2|Alomomola, M|
|poke|p2|Tornadus-Therian, M|
|poke|p2|Iron Treads|
|teampreview
|inactive|Battle timer is ON: inactive players will automatically lose when time's up. (requested by QuandaleReturns)
|j| ohko_smeargle
|
|t:|1776073770
|teamsize|p1|6
|teamsize|p2|6
|start
|switch|p1a: Klefki|Klefki, M|100/100
|switch|p2a: Iron Treads|Iron Treads|100/100
|turn|1
|
|t:|1776073776
|move|p1a: Klefki|Reflect|p1a: Klefki
|-sidestart|p1: Isabelldra|Reflect
|move|p2a: Iron Treads|Earthquake|p1a: Klefki
|-supereffective|p1a: Klefki
|-damage|p1a: Klefki|64/100
|
|upkeep
|turn|2
|
|t:|1776073784
|move|p1a: Klefki|Magic Room|p1a: Klefki
|-fieldstart|move: Magic Room|[of] p1a: Klefki
|move|p2a: Iron Treads|Earthquake|p1a: Klefki
|-supereffective|p1a: Klefki
|-damage|p1a: Klefki|28/100
|
|upkeep
|turn|3
|
|t:|1776073790
|switch|p1a: Dragonite|Dragonite, F|100/100
|move|p2a: Iron Treads|Earthquake|p1a: Dragonite
|-immune|p1a: Dragonite
|
|upkeep
|turn|4
|
|t:|1776073804
|move|p2a: Iron Treads|Knock Off|p1a: Dragonite
|-damage|p1a: Dragonite|93/100
|-enditem|p1a: Dragonite|Choice Band|[from] move: Knock Off|[of] p2a: Iron Treads
|move|p1a: Dragonite|Dragon Dance|p1a: Dragonite
|-boost|p1a: Dragonite|atk|1
|-boost|p1a: Dragonite|spe|1
|
|upkeep
|turn|5
|
|t:|1776073821
|-end|p2a: Iron Treads|Quark Drive|[silent]
|switch|p2a: Tornadus|Tornadus-Therian, M|100/100
|move|p1a: Dragonite|Fire Punch|p2a: Tornadus
|-damage|p2a: Tornadus|53/100
|-status|p2a: Tornadus|brn
|
|-damage|p2a: Tornadus|47/100 brn|[from] brn
|upkeep
|turn|6
|
|t:|1776073834
|move|p1a: Dragonite|Extreme Speed|p2a: Tornadus
|-damage|p2a: Tornadus|0 fnt
|faint|p2a: Tornadus
|
|-fieldend|move: Magic Room|[of] p1: Klefki
|upkeep
|
|t:|1776073838
|switch|p2a: Kyurem|Kyurem|100/100
|-ability|p2a: Kyurem|Pressure
|turn|7
|
|t:|1776073852
|switch|p1a: Klefki|Klefki, M|28/100
|move|p2a: Kyurem|Ice Beam|p1a: Klefki
|-resisted|p1a: Klefki
|-damage|p1a: Klefki|0 fnt
|faint|p1a: Klefki
|
|upkeep
|
|t:|1776073857
|switch|p1a: Azelf|Azelf|100/100
|turn|8
|
|t:|1776073861
|switch|p2a: Alomomola|Alomomola, M|100/100
|move|p1a: Azelf|Light Screen|p1a: Azelf
|-sidestart|p1: Isabelldra|move: Light Screen
|
|-sideend|p1: Isabelldra|Reflect
|upkeep
|turn|9
|
|t:|1776073870
|move|p1a: Azelf|Magic Room|p1a: Azelf
|-fieldstart|move: Magic Room|[of] p1a: Azelf
|move|p2a: Alomomola|Flip Turn|p1a: Azelf
|-damage|p1a: Azelf|80/100
|
|t:|1776073876
|switch|p2a: Gallade|Gallade, M|100/100|[from] Flip Turn
|
|upkeep
|turn|10
|
|t:|1776073880
|move|p1a: Azelf|Reflect|p1a: Azelf
|-sidestart|p1: Isabelldra|Reflect
|move|p2a: Gallade|Agility|p2a: Gallade
|-boost|p2a: Gallade|spe|2
|
|upkeep
|turn|11
|
|t:|1776073885
|move|p2a: Gallade|Night Slash|p1a: Azelf
|-supereffective|p1a: Azelf
|-damage|p1a: Azelf|31/100
|move|p1a: Azelf|Stealth Rock|p2a: Gallade
|-sidestart|p2: QuandaleReturns|move: Stealth Rock
|
|upkeep
|turn|12
|
|t:|1776073902
|move|p2a: Gallade|Night Slash|p1a: Azelf
|-supereffective|p1a: Azelf
|-damage|p1a: Azelf|0 fnt
|faint|p1a: Azelf
|
|upkeep
|inactive|Isabelldra has 120 seconds left.
|
|t:|1776073922
|switch|p1a: Dragapult|Dragapult, F|100/100
|turn|13
|
|t:|1776073929
|move|p2a: Gallade|Night Slash|p1a: Dragapult
|-supereffective|p1a: Dragapult
|-damage|p1a: Dragapult|46/100
|move|p1a: Dragapult|Dragon Dance|p1a: Dragapult
|-boost|p1a: Dragapult|atk|1
|-boost|p1a: Dragapult|spe|1
|
|-fieldend|move: Magic Room|[of] p1: Azelf
|upkeep
|turn|14
|
|t:|1776073941
|move|p1a: Dragapult|Phantom Force||[still]
|-prepare|p1a: Dragapult|Phantom Force
|move|p2a: Gallade|Night Slash|p1a: Dragapult|[miss]
|-miss|p2a: Gallade|p1a: Dragapult
|
|-sideend|p1: Isabelldra|Reflect
|upkeep
|turn|15
|
|t:|1776073949
|-terastallize|p2a: Gallade|Dark
|move|p1a: Dragapult|Phantom Force|p2a: Gallade|[from] lockedmove
|-resisted|p2a: Gallade
|-damage|p2a: Gallade|13/100
|move|p2a: Gallade|Night Slash|p1a: Dragapult
|-supereffective|p1a: Dragapult
|-damage|p1a: Dragapult|0 fnt
|faint|p1a: Dragapult
|-damage|p2a: Gallade|3/100|[from] item: Life Orb
|
|-sideend|p1: Isabelldra|move: Light Screen
|upkeep
|
|t:|1776073961
|switch|p1a: Dragonite|Dragonite, F|93/100
|turn|16
|
|t:|1776073964
|move|p1a: Dragonite|Extreme Speed|p2a: Gallade
|-damage|p2a: Gallade|0 fnt
|faint|p2a: Gallade
|
|upkeep
|
|t:|1776073967
|switch|p2a: Kyurem|Kyurem|100/100
|-damage|p2a: Kyurem|76/100|[from] Stealth Rock
|-ability|p2a: Kyurem|Pressure
|turn|17
|
|t:|1776073979
|move|p2a: Kyurem|Ice Beam|p1a: Dragonite
|-supereffective|p1a: Dragonite
|-damage|p1a: Dragonite|0 fnt
|faint|p1a: Dragonite
|
|upkeep
|
|t:|1776073984
|switch|p1a: Gholdengo|Gholdengo|100/100
|turn|18
|
|t:|1776073991
|switch|p2a: Alomomola|Alomomola, M|100/100
|-damage|p2a: Alomomola|88/100|[from] Stealth Rock
|move|p1a: Gholdengo|Trick|p2a: Alomomola
|-activate|p1a: Gholdengo|move: Trick|[of] p2a: Alomomola
|-item|p2a: Alomomola|Choice Scarf|[from] move: Trick
|-item|p1a: Gholdengo|Assault Vest|[from] move: Trick
|
|upkeep
|turn|19
|
|t:|1776074004
|move|p1a: Gholdengo|Shadow Ball|p2a: Alomomola
|-damage|p2a: Alomomola|59/100
|move|p2a: Alomomola|Flip Turn|p1a: Gholdengo
|-damage|p1a: Gholdengo|82/100
|
|t:|1776074007
|switch|p2a: Iron Treads|Iron Treads|100/100|[from] Flip Turn
|-damage|p2a: Iron Treads|97/100|[from] Stealth Rock
|
|-heal|p2a: Iron Treads|100/100|[from] item: Leftovers
|upkeep
|turn|20
|
|t:|1776074012
|move|p2a: Iron Treads|Knock Off|p1a: Gholdengo
|-supereffective|p1a: Gholdengo
|-damage|p1a: Gholdengo|17/100
|-enditem|p1a: Gholdengo|Assault Vest|[from] move: Knock Off|[of] p2a: Iron Treads
|move|p1a: Gholdengo|Shadow Ball|p2a: Iron Treads
|-damage|p2a: Iron Treads|39/100
|
|-heal|p2a: Iron Treads|45/100|[from] item: Leftovers
|upkeep
|turn|21
|
|t:|1776074020
|move|p2a: Iron Treads|Knock Off|p1a: Gholdengo
|-supereffective|p1a: Gholdengo
|-damage|p1a: Gholdengo|0 fnt
|faint|p1a: Gholdengo
|
|-heal|p2a: Iron Treads|51/100|[from] item: Leftovers
|upkeep
|
|t:|1776074025
|switch|p1a: Kingambit|Kingambit, M|100/100
|-activate|p1a: Kingambit|ability: Supreme Overlord
|-start|p1a: Kingambit|fallen5|[silent]
|turn|22
|
|t:|1776074040
|-terastallize|p1a: Kingambit|Dark
|move|p2a: Iron Treads|Earthquake|p1a: Kingambit
|-damage|p1a: Kingambit|58/100
|move|p1a: Kingambit|Kowtow Cleave|p2a: Iron Treads
|-damage|p2a: Iron Treads|0 fnt
|faint|p2a: Iron Treads
|-end|p2a: Iron Treads|Quark Drive|[silent]
|
|upkeep
|
|t:|1776074045
|switch|p2a: Lokix|Lokix, F|100/100
|-damage|p2a: Lokix|76/100|[from] Stealth Rock
|turn|23
|c|☆QuandaleReturns|gg
|
|t:|1776074048
|move|p2a: Lokix|First Impression|p1a: Kingambit
|-supereffective|p1a: Kingambit
|-damage|p1a: Kingambit|0 fnt
|faint|p1a: Kingambit
|-end|p1a: Kingambit|fallen5|[silent]
|
|win|QuandaleReturns
|raw|Isabelldra's rating: 1358 &rarr; <strong>1336</strong><br />(-22 for losing)
|raw|QuandaleReturns's rating: 1323 &rarr; <strong>1345</strong><br />(+22 for winning)
|l|☆Isabelldra
|player|p1|
|l| ohko_smeargle
|c|☆QuandaleReturns|cool team idea
|l|☆QuandaleReturns
|player|p2|
