|html|<div class="broadcast-blue"><strong>[Gen 9] OU is currently suspecting Tera Blast! For information on how to participate check out the <a href="https://www.smogon.com/tools/suspects/view/200">suspect thread</a>.</strong></div>
|j|☆PinguButGood
|j|☆Kiddo993
|t:|1776268460
|gametype|singles
|player|p1|PinguButGood|falkner|1359
|player|p2|Kiddo993|gambler|1351
|gen|9
|tier|[Gen 9] OU
|rated|
|rule|HP Percentage Mod: HP is shown in percentages
|rule|Endless Battle Clause: Forcing endless battles is banned
|rule|Species Clause: Limit one of each Pokémon
|rule|OHKO Clause: OHKO moves are banned
|rule|Evasion Items Clause: Evasion items are banned
|rule|Evasion Moves Clause: Evasion moves are banned
|rule|Evasion Abilities Clause: Evasion abilities are banned
|rule|Sleep Moves Clause: Sleep-inducing moves are banned
|clearpoke
|poke|p1|Zamazenta-*|
|poke|p1|Kingambit, M|
|poke|p1|Samurott-Hisui, F|
|poke|p1|Landorus-Therian, M|
|poke|p1|Iron Valiant|
|poke|p1|Iron Moth|
|poke|p2|Gliscor, M|
|poke|p2|Dragapult, M|
|poke|p2|Iron Moth|
|poke|p2|Greninja-*, F|
|poke|p2|Iron Valiant|
|poke|p2|Kingambit, M|
|teampreview
|inactive|Battle timer is ON: inactive players will automatically lose when time's up. (requested by PinguButGood)
|
|t:|1776268464
|teamsize|p1|6
|teamsize|p2|6
|start
|switch|p1a: Samurott|Samurott-Hisui, F|100/100
|switch|p2a: Louis|Gliscor, M|100/100
|turn|1
|
|t:|1776268470
|move|p1a: Samurott|Ceaseless Edge|p2a: Louis
|-damage|p2a: Louis|70/100
|-sidestart|p2: Kiddo993|Spikes
|move|p2a: Louis|Toxic|p1a: Samurott
|-status|p1a: Samurott|tox
|
|-damage|p1a: Samurott|94/100 tox|[from] psn
|-status|p2a: Louis|tox|[from] item: Toxic Orb
|upkeep
|turn|2
|
|t:|1776268479
|move|p1a: Samurott|Swords Dance|p1a: Samurott
|-boost|p1a: Samurott|atk|2
|move|p2a: Louis|Stealth Rock|p1a: Samurott
|-sidestart|p1: PinguButGood|move: Stealth Rock
|
|-damage|p1a: Samurott|82/100 tox|[from] psn
|-heal|p2a: Louis|82/100 tox|[from] ability: Poison Heal
|upkeep
|turn|3
|
|t:|1776268487
|move|p2a: Louis|Protect|p2a: Louis
|-singleturn|p2a: Louis|Protect
|move|p1a: Samurott|Razor Shell|p2a: Louis
|-activate|p2a: Louis|move: Protect
|
|-damage|p1a: Samurott|63/100 tox|[from] psn
|-heal|p2a: Louis|95/100 tox|[from] ability: Poison Heal
|upkeep
|turn|4
|
|t:|1776268497
|-terastallize|p2a: Louis|Water
|move|p1a: Samurott|Razor Shell|p2a: Louis
|-resisted|p2a: Louis
|-damage|p2a: Louis|60/100 tox
|move|p2a: Louis|Earthquake|p1a: Samurott
|-damage|p1a: Samurott|20/100 tox
|
|-damage|p1a: Samurott|0 fnt|[from] psn
|faint|p1a: Samurott
|-heal|p2a: Louis|73/100 tox|[from] ability: Poison Heal
|upkeep
|
|t:|1776268521
|switch|p1a: Iron Valiant|Iron Valiant|100/100
|-damage|p1a: Iron Valiant|94/100|[from] Stealth Rock
|-enditem|p1a: Iron Valiant|Booster Energy
|-activate|p1a: Iron Valiant|ability: Quark Drive|[fromitem]
|-start|p1a: Iron Valiant|quarkdrivespe
|turn|5
|
|t:|1776268529
|move|p2a: Louis|Protect|p2a: Louis
|-singleturn|p2a: Louis|Protect
|move|p1a: Iron Valiant|Thunderbolt|p2a: Louis
|-activate|p2a: Louis|move: Protect
|
|-heal|p2a: Louis|85/100 tox|[from] ability: Poison Heal
|upkeep
|turn|6
|
|t:|1776268536
|-terastallize|p1a: Iron Valiant|Electric
|move|p1a: Iron Valiant|Thunderbolt|p2a: Louis
|-supereffective|p2a: Louis
|-damage|p2a: Louis|0 fnt
|faint|p2a: Louis
|
|upkeep
|
|t:|1776268548
|switch|p2a: Trabuccodonosor|Dragapult, M|100/100
|-damage|p2a: Trabuccodonosor|88/100|[from] Spikes
|turn|7
|
|t:|1776268552
|move|p1a: Iron Valiant|Moonblast|p2a: Trabuccodonosor
|-supereffective|p2a: Trabuccodonosor
|-damage|p2a: Trabuccodonosor|0 fnt
|faint|p2a: Trabuccodonosor
|
|upkeep
|
|t:|1776268561
|switch|p2a: ReginaDiSaba|Iron Moth|100/100
|-damage|p2a: ReginaDiSaba|88/100|[from] Spikes
|-enditem|p2a: ReginaDiSaba|Booster Energy
|-activate|p2a: ReginaDiSaba|ability: Quark Drive|[fromitem]
|-start|p2a: ReginaDiSaba|quarkdrivespa
|turn|8
|
|t:|1776268574
|move|p1a: Iron Valiant|Psyshock|p2a: ReginaDiSaba
|-supereffective|p2a: ReginaDiSaba
|-damage|p2a: ReginaDiSaba|0 fnt
|faint|p2a: ReginaDiSaba
|-end|p2a: ReginaDiSaba|Quark Drive|[silent]
|
|upkeep
|
|t:|1776268580
|switch|p2a: MechaLancillotto|Iron Valiant|100/100
|-damage|p2a: MechaLancillotto|88/100|[from] Spikes
|-enditem|p2a: MechaLancillotto|Booster Energy
|-activate|p2a: MechaLancillotto|ability: Quark Drive|[fromitem]
|-start|p2a: MechaLancillotto|quarkdrivespe
|turn|9
|
|t:|1776268586
|move|p2a: MechaLancillotto|Moonblast|p1a: Iron Valiant
|-damage|p1a: Iron Valiant|18/100
|move|p1a: Iron Valiant|Moonblast|p2a: MechaLancillotto
|-supereffective|p2a: MechaLancillotto
|-damage|p2a: MechaLancillotto|0 fnt
|faint|p2a: MechaLancillotto
|-end|p2a: MechaLancillotto|Quark Drive|[silent]
|
|upkeep
|
|t:|1776268594
|switch|p2a: Mugekkou|Greninja, F, shiny|100/100
|-damage|p2a: Mugekkou|88/100|[from] Spikes
|turn|10
|
|t:|1776268602
|move|p1a: Iron Valiant|Moonblast|p2a: Mugekkou
|-supereffective|p2a: Mugekkou
|-damage|p2a: Mugekkou|0 fnt
|faint|p2a: Mugekkou
|
|upkeep
|
|t:|1776268606
|switch|p2a: Hijikata|Kingambit, M|100/100
|-damage|p2a: Hijikata|88/100|[from] Spikes
|-activate|p2a: Hijikata|ability: Supreme Overlord
|-start|p2a: Hijikata|fallen5|[silent]
|turn|11
|
|t:|1776268613
|move|p1a: Iron Valiant|Thunderbolt|p2a: Hijikata
|-damage|p2a: Hijikata|43/100
|move|p2a: Hijikata|Swords Dance|p2a: Hijikata
|-boost|p2a: Hijikata|atk|2
|
|upkeep
|turn|12
|
|t:|1776268619
|move|p2a: Hijikata|Sucker Punch|p1a: Iron Valiant
|-damage|p1a: Iron Valiant|0 fnt
|faint|p1a: Iron Valiant
|-end|p1a: Iron Valiant|Quark Drive|[silent]
|
|upkeep
|
|t:|1776268630
|switch|p1a: Landorus|Landorus-Therian, M|100/100
|-damage|p1a: Landorus|88/100|[from] Stealth Rock
|-ability|p1a: Landorus|Intimidate|boost
|-unboost|p2a: Hijikata|atk|1
|turn|13
|
|t:|1776268649
|move|p2a: Hijikata|Sucker Punch||[still]
|-fail|p2a: Hijikata
|move|p1a: Landorus|Stealth Rock|p2a: Hijikata
|-sidestart|p2: Kiddo993|move: Stealth Rock
|
|upkeep
|turn|14
|
|t:|1776268654
|move|p2a: Hijikata|Sucker Punch||[still]
|-fail|p2a: Hijikata
|move|p1a: Landorus|Taunt|p2a: Hijikata
|-start|p2a: Hijikata|move: Taunt
|
|upkeep
|turn|15
|
|t:|1776268661
|move|p1a: Landorus|Stealth Rock||[still]
|-fail|p1a: Landorus
|move|p2a: Hijikata|Kowtow Cleave|p1a: Landorus
|-damage|p1a: Landorus|0 fnt
|-damage|p2a: Hijikata|26/100|[from] item: Rocky Helmet|[of] p1a: Landorus
|faint|p1a: Landorus
|
|upkeep
|
|t:|1776268676
|switch|p1a: Zamazenta|Zamazenta|100/100
|-damage|p1a: Zamazenta|94/100|[from] Stealth Rock
|-ability|p1a: Zamazenta|Dauntless Shield|boost
|-boost|p1a: Zamazenta|def|1
|turn|16
|
|t:|1776268682
|move|p2a: Hijikata|Sucker Punch|p1a: Zamazenta
|-resisted|p1a: Zamazenta
|-damage|p1a: Zamazenta|65/100
|move|p1a: Zamazenta|Body Press|p2a: Hijikata
|-supereffective|p2a: Hijikata
|-damage|p2a: Hijikata|0 fnt
|faint|p2a: Hijikata
|-end|p2a: Hijikata|fallen5|[silent]
|
|win|PinguButGood
|raw|PinguButGood's rating: 1359 &rarr; <strong>1379</strong><br />(+20 for winning)
|raw|Kiddo993's rating: 1351 &rarr; <strong>1331</strong><br />(-20 for losing)
|l|☆Kiddo993
|player|p2|
