|html|<div class="broadcast-blue"><strong>[Gen 9] OU is currently suspecting Tera Blast! For information on how to participate check out the <a href="https://www.smogon.com/tools/suspects/view/200">suspect thread</a>.</strong></div>
|j|☆LuckOmen
|j|☆CrimsonFaquarl
|t:|1776082827
|gametype|singles
|player|p1|LuckOmen|265|1120
|player|p2|CrimsonFaquarl|169|1140
|gen|9
|tier|[Gen 9] OU
|rated|
|rule|HP Percentage Mod: HP is shown in percentages
|rule|Endless Battle Clause: Forcing endless battles is banned
|rule|Species Clause: Limit one of each Pokémon
|rule|OHKO Clause: OHKO moves are banned
|rule|Evasion Items Clause: Evasion items are banned
|rule|Evasion Moves Clause: Evasion moves are banned
|rule|Evasion Abilities Clause: Evasion abilities are banned
|rule|Sleep Moves Clause: Sleep-inducing moves are banned
|clearpoke
|poke|p1|Ribombee, M|
|poke|p1|Gholdengo|
|poke|p1|Iron Valiant|
|poke|p1|Ogerpon-Wellspring, F|
|poke|p1|Manaphy|
|poke|p1|Great Tusk|
|poke|p2|Gliscor, F|
|poke|p2|Hatterene, F|
|poke|p2|Kingambit, F|
|poke|p2|Raging Bolt|
|poke|p2|Ogerpon-Wellspring, F|
|poke|p2|Blaziken, F|
|teampreview
|
|t:|1776082837
|teamsize|p1|6
|teamsize|p2|6
|start
|switch|p1a: Gholdengo|Gholdengo|100/100
|switch|p2a: Kingambit|Kingambit, F|100/100
|-item|p1a: Gholdengo|Air Balloon
|turn|1
|
|t:|1776082845
|move|p1a: Gholdengo|Focus Blast|p2a: Kingambit
|-supereffective|p2a: Kingambit
|-enditem|p2a: Kingambit|Focus Sash
|-damage|p2a: Kingambit|1/100
|move|p2a: Kingambit|Stealth Rock|p1a: Gholdengo
|-sidestart|p1: LuckOmen|move: Stealth Rock
|
|upkeep
|turn|2
|
|t:|1776082854
|-end|p2a: Kingambit|fallenundefined|[silent]
|switch|p2a: Blaziken|Blaziken, F|100/100
|move|p1a: Gholdengo|Shadow Ball|p2a: Blaziken
|-damage|p2a: Blaziken|48/100
|
|-heal|p2a: Blaziken|54/100|[from] item: Leftovers
|upkeep
|turn|3
|
|t:|1776082875
|switch|p1a: Ogerpon|Ogerpon-Wellspring, F|100/100
|-damage|p1a: Ogerpon|88/100|[from] Stealth Rock
|move|p2a: Blaziken|Flame Charge|p1a: Ogerpon
|-damage|p1a: Ogerpon|61/100
|-boost|p2a: Blaziken|spe|1
|
|-heal|p2a: Blaziken|60/100|[from] item: Leftovers
|-ability|p2a: Blaziken|Speed Boost|boost
|-boost|p2a: Blaziken|spe|1
|upkeep
|turn|4
|
|t:|1776082887
|move|p2a: Blaziken|Flame Charge|p1a: Ogerpon
|-damage|p1a: Ogerpon|30/100
|-boost|p2a: Blaziken|spe|1
|move|p1a: Ogerpon|Ivy Cudgel|p2a: Blaziken|[anim] Ivy Cudgel Water
|-supereffective|p2a: Blaziken
|-damage|p2a: Blaziken|0 fnt
|faint|p2a: Blaziken
|
|upkeep
|
|t:|1776082896
|switch|p2a: Raging Bolt|Raging Bolt|100/100
|-enditem|p2a: Raging Bolt|Booster Energy
|-activate|p2a: Raging Bolt|ability: Protosynthesis|[fromitem]
|-start|p2a: Raging Bolt|protosynthesisspa
|turn|5
|
|t:|1776082909
|switch|p1a: Ribombee|Ribombee, M, shiny|100/100
|-damage|p1a: Ribombee|76/100|[from] Stealth Rock
|-terastallize|p2a: Raging Bolt|Electric
|move|p2a: Raging Bolt|Electro Ball|p1a: Ribombee
|-damage|p1a: Ribombee|9/100
|
|upkeep
|turn|6
|
|t:|1776082931
|move|p1a: Ribombee|Light Screen|p1a: Ribombee
|-sidestart|p1: LuckOmen|move: Light Screen
|move|p2a: Raging Bolt|Heavy Slam|p1a: Ribombee
|-supereffective|p1a: Ribombee
|-damage|p1a: Ribombee|0 fnt
|faint|p1a: Ribombee
|
|upkeep
|
|t:|1776082937
|switch|p1a: Great Tusk|Great Tusk|100/100
|-damage|p1a: Great Tusk|98/100|[from] Stealth Rock
|turn|7
|
|t:|1776082945
|-end|p2a: Raging Bolt|Protosynthesis|[silent]
|switch|p2a: Ogerpon|Ogerpon-Wellspring, F|100/100
|move|p1a: Great Tusk|Rapid Spin|p2a: Ogerpon
|-damage|p2a: Ogerpon|78/100
|-boost|p1a: Great Tusk|spe|1
|-sideend|p1: LuckOmen|Stealth Rock|[from] move: Rapid Spin|[of] p1a: Great Tusk
|
|upkeep
|turn|8
|
|t:|1776082960
|-end|p1a: Great Tusk|Protosynthesis|[silent]
|switch|p1a: Ogerpon|Ogerpon-Wellspring, F|30/100
|move|p2a: Ogerpon|Leech Seed|p1a: Ogerpon
|-immune|p1a: Ogerpon
|
|upkeep
|turn|9
|
|t:|1776082981
|switch|p1a: Manaphy|Manaphy|100/100
|switch|p2a: Hatterene|Hatterene, F|100/100
|
|upkeep
|turn|10
|
|t:|1776082998
|move|p1a: Manaphy|Tail Glow|p1a: Manaphy
|-boost|p1a: Manaphy|spa|3
|move|p2a: Hatterene|Giga Drain|p1a: Manaphy
|-supereffective|p1a: Manaphy
|-damage|p1a: Manaphy|65/100
|-damage|p2a: Hatterene|91/100|[from] item: Life Orb
|
|-sideend|p1: LuckOmen|move: Light Screen
|upkeep
|turn|11
|
|t:|1776083013
|move|p1a: Manaphy|Scald|p2a: Hatterene
|-damage|p2a: Hatterene|6/100
|move|p2a: Hatterene|Future Sight|p1a: Manaphy
|-start|p2a: Hatterene|move: Future Sight
|
|upkeep
|turn|12
|
|t:|1776083019
|move|p1a: Manaphy|Scald|p2a: Hatterene
|-damage|p2a: Hatterene|0 fnt
|faint|p2a: Hatterene
|
|upkeep
|
|t:|1776083032
|switch|p2a: Raging Bolt|Raging Bolt, tera:Electric|100/100
|turn|13
|
|t:|1776083042
|switch|p1a: Ogerpon|Ogerpon-Wellspring, F|30/100
|move|p2a: Raging Bolt|Electro Ball|p1a: Ogerpon
|-damage|p1a: Ogerpon|0 fnt
|faint|p1a: Ogerpon
|
|-hint|Future Sight did not hit because the target is fainted.
|upkeep
|
|t:|1776083050
|switch|p1a: Great Tusk|Great Tusk|98/100
|turn|14
|
|t:|1776083057
|-end|p2a: Raging Bolt|Protosynthesis|[silent]
|switch|p2a: Gliscor|Gliscor, F|100/100
|move|p1a: Great Tusk|Earthquake|p2a: Gliscor
|-immune|p2a: Gliscor
|
|upkeep
|turn|15
|
|t:|1776083070
|-end|p1a: Great Tusk|Protosynthesis|[silent]
|switch|p1a: Manaphy|Manaphy|65/100
|move|p2a: Gliscor|Crabhammer|p1a: Manaphy
|-resisted|p1a: Manaphy
|-damage|p1a: Manaphy|46/100
|-damage|p2a: Gliscor|91/100|[from] item: Life Orb
|
|upkeep
|turn|16
|
|t:|1776083080
|move|p2a: Gliscor|Gunk Shot|p1a: Manaphy
|-damage|p1a: Manaphy|7/100
|-damage|p2a: Gliscor|81/100|[from] item: Life Orb
|move|p1a: Manaphy|Ice Beam|p2a: Gliscor
|-supereffective|p2a: Gliscor
|-damage|p2a: Gliscor|0 fnt
|faint|p2a: Gliscor
|
|upkeep
|
|t:|1776083089
|switch|p2a: Raging Bolt|Raging Bolt, tera:Electric|100/100
|turn|17
|
|t:|1776083096
|move|p1a: Manaphy|Ice Beam|p2a: Raging Bolt
|-damage|p2a: Raging Bolt|74/100
|move|p2a: Raging Bolt|Electro Ball|p1a: Manaphy
|-supereffective|p1a: Manaphy
|-crit|p1a: Manaphy
|-damage|p1a: Manaphy|0 fnt
|faint|p1a: Manaphy
|
|upkeep
|
|t:|1776083103
|switch|p1a: Great Tusk|Great Tusk|98/100
|turn|18
|
|t:|1776083117
|-end|p2a: Raging Bolt|Protosynthesis|[silent]
|switch|p2a: Ogerpon|Ogerpon-Wellspring, F|78/100
|move|p1a: Great Tusk|Earthquake|p2a: Ogerpon
|-resisted|p2a: Ogerpon
|-damage|p2a: Ogerpon|43/100
|
|upkeep
|turn|19
|
|t:|1776083124
|move|p2a: Ogerpon|Grassy Terrain|p2a: Ogerpon
|-fieldstart|move: Grassy Terrain
|move|p1a: Great Tusk|Close Combat|p2a: Ogerpon
|-damage|p2a: Ogerpon|0 fnt
|-unboost|p1a: Great Tusk|def|1
|-unboost|p1a: Great Tusk|spd|1
|faint|p2a: Ogerpon
|
|-heal|p1a: Great Tusk|100/100|[from] Grassy Terrain
|upkeep
|
|t:|1776083134
|switch|p2a: Raging Bolt|Raging Bolt, tera:Electric|74/100
|turn|20
|
|t:|1776083141
|move|p2a: Raging Bolt|Dragon Hammer|p1a: Great Tusk
|-damage|p1a: Great Tusk|79/100
|move|p1a: Great Tusk|Close Combat|p2a: Raging Bolt
|-damage|p2a: Raging Bolt|6/100
|-unboost|p1a: Great Tusk|def|1
|-unboost|p1a: Great Tusk|spd|1
|
|-heal|p2a: Raging Bolt|12/100|[from] Grassy Terrain
|-heal|p1a: Great Tusk|85/100|[from] Grassy Terrain
|upkeep
|turn|21
|
|t:|1776083152
|move|p2a: Raging Bolt|Heavy Slam|p1a: Great Tusk
|-damage|p1a: Great Tusk|76/100
|move|p1a: Great Tusk|Rapid Spin|p2a: Raging Bolt
|-damage|p2a: Raging Bolt|0 fnt
|-boost|p1a: Great Tusk|spe|1
|faint|p2a: Raging Bolt
|-end|p2a: Raging Bolt|Protosynthesis|[silent]
|
|-heal|p1a: Great Tusk|82/100|[from] Grassy Terrain
|upkeep
|
|t:|1776083162
|switch|p2a: Kingambit|Kingambit, F|1/100
|-activate|p2a: Kingambit|ability: Supreme Overlord
|-start|p2a: Kingambit|fallen5|[silent]
|turn|22
|
|t:|1776083180
|-end|p1a: Great Tusk|Protosynthesis|[silent]
|switch|p1a: Iron Valiant|Iron Valiant|100/100
|-enditem|p1a: Iron Valiant|Booster Energy
|-activate|p1a: Iron Valiant|ability: Quark Drive|[fromitem]
|-start|p1a: Iron Valiant|quarkdrivespe
|move|p2a: Kingambit|Steel Beam|p1a: Iron Valiant
|-supereffective|p1a: Iron Valiant
|-damage|p1a: Iron Valiant|0 fnt
|-damage|p2a: Kingambit|0 fnt|[from] steelbeam
|faint|p2a: Kingambit
|-end|p2a: Kingambit|fallen5|[silent]
|faint|p1a: Iron Valiant
|-end|p1a: Iron Valiant|Quark Drive|[silent]
|
|win|LuckOmen
|raw|LuckOmen's rating: 1120 &rarr; <strong>1146</strong><br />(+26 for winning)
|raw|CrimsonFaquarl's rating: 1140 &rarr; <strong>1114</strong><br />(-26 for losing)
|l|☆CrimsonFaquarl
|player|p2|
