|html|<div class="broadcast-blue"><strong>[Gen 9] OU is currently suspecting Volcarona! For information on how to participate check out the <a href="https://www.smogon.com/tools/suspects/view/208">suspect thread</a>.</strong></div>
|j|☆phap'a
|j|☆halohexed
|t:|1778515755
|gametype|singles
|player|p1|phap'a|dawn|1112
|player|p2|halohexed|miku-ghost|1128
|gen|9
|tier|[Gen 9] OU
|rated|
|rule|HP Percentage Mod: HP is shown in percentages
|rule|Endless Battle Clause: Forcing endless battles is banned
|rule|Species Clause: Limit one of each Pokémon
|rule|OHKO Clause: OHKO moves are banned
|rule|Evasion Items Clause: Evasion items are banned
|rule|Evasion Moves Clause: Evasion moves are banned
|rule|Evasion Abilities Clause: Evasion abilities are banned
|rule|Sleep Moves Clause: Sleep-inducing moves are banned
|clearpoke
|poke|p1|Lycanroc, M|
|poke|p1|Great Tusk|
|poke|p1|Ceruledge, F|
|poke|p1|Tyranitar, F|
|poke|p1|Lokix, F|
|poke|p1|Zapdos|
|poke|p2|Cinderace, F|
|poke|p2|Gliscor, F|
|poke|p2|Dragonite, F|
|poke|p2|Gholdengo|
|poke|p2|Toxapex, M|
|poke|p2|Kingambit, F|
|teampreview
|c|☆phap'a|GLHF
|inactive|Battle timer is ON: inactive players will automatically lose when time's up. (requested by phap'a)
|
|t:|1778515780
|teamsize|p1|6
|teamsize|p2|6
|start
|switch|p1a: Tyranitar|Tyranitar, F|100/100
|switch|p2a: Gliscor|Gliscor, F, shiny|100/100
|-weather|Sandstorm|[from] ability: Sand Stream|[of] p1a: Tyranitar
|turn|1
|
|t:|1778515790
|move|p2a: Gliscor|Protect|p2a: Gliscor
|-singleturn|p2a: Gliscor|Protect
|move|p1a: Tyranitar|Knock Off|p2a: Gliscor
|-activate|p2a: Gliscor|move: Protect
|
|-weather|Sandstorm|[upkeep]
|-status|p2a: Gliscor|tox|[from] item: Toxic Orb
|upkeep
|turn|2
|
|t:|1778515801
|move|p2a: Gliscor|Earthquake|p1a: Tyranitar
|-supereffective|p1a: Tyranitar
|-damage|p1a: Tyranitar|45/100
|move|p1a: Tyranitar|Knock Off|p2a: Gliscor
|-damage|p2a: Gliscor|65/100 tox
|-enditem|p2a: Gliscor|Toxic Orb|[from] move: Knock Off|[of] p1a: Tyranitar
|
|-weather|Sandstorm|[upkeep]
|-heal|p2a: Gliscor|77/100 tox|[from] ability: Poison Heal
|upkeep
|turn|3
|c|☆halohexed|u2
|
|t:|1778515829
|switch|p1a: Great Tusk|Great Tusk|100/100
|-enditem|p1a: Great Tusk|Booster Energy
|-activate|p1a: Great Tusk|ability: Protosynthesis|[fromitem]
|-start|p1a: Great Tusk|protosynthesisatk
|move|p2a: Gliscor|Knock Off|p1a: Great Tusk
|-resisted|p1a: Great Tusk
|-damage|p1a: Great Tusk|96/100
|
|-weather|Sandstorm|[upkeep]
|-heal|p2a: Gliscor|90/100 tox|[from] ability: Poison Heal
|upkeep
|turn|4
|inactive|phap'a has 120 seconds left.
|c|☆phap'a|wow, no stall?
|c|☆phap'a|W
|
|t:|1778515851
|move|p2a: Gliscor|Protect|p2a: Gliscor
|-singleturn|p2a: Gliscor|Protect
|move|p1a: Great Tusk|Ice Spinner|p2a: Gliscor
|-activate|p2a: Gliscor|move: Protect
|
|-weather|Sandstorm|[upkeep]
|-heal|p2a: Gliscor|100/100 tox|[from] ability: Poison Heal
|upkeep
|turn|5
|
|t:|1778515862
|switch|p2a: Toxapex|Toxapex, M, shiny|100/100
|move|p1a: Great Tusk|Ice Spinner|p2a: Toxapex
|-resisted|p2a: Toxapex
|-damage|p2a: Toxapex|89/100
|
|-weather|Sandstorm|[upkeep]
|-damage|p2a: Toxapex|82/100|[from] Sandstorm
|-heal|p2a: Toxapex|89/100|[from] item: Black Sludge
|upkeep
|turn|6
|
|t:|1778515870
|move|p2a: Toxapex|Baneful Bunker|p2a: Toxapex
|-singleturn|p2a: Toxapex|move: Protect
|move|p1a: Great Tusk|Headlong Rush|p2a: Toxapex
|-activate|p2a: Toxapex|move: Protect
|-status|p1a: Great Tusk|psn
|
|-weather|Sandstorm|[upkeep]
|-damage|p2a: Toxapex|82/100|[from] Sandstorm
|-heal|p2a: Toxapex|89/100|[from] item: Black Sludge
|-damage|p1a: Great Tusk|83/100 psn|[from] psn
|upkeep
|turn|7
|
|t:|1778515880
|switch|p2a: Gliscor|Gliscor, F, shiny|100/100 tox
|move|p1a: Great Tusk|Headlong Rush|p2a: Gliscor
|-immune|p2a: Gliscor
|
|-weather|Sandstorm|[upkeep]
|-damage|p1a: Great Tusk|71/100 psn|[from] psn
|upkeep
|turn|8
|c|☆phap'a|ok, i take it back
|c|☆phap'a|i am about to get stall diffed
|inactive|phap'a has 120 seconds left.
|c|☆phap'a|no worries, watching a pokemon sun and moon episode too
|
|t:|1778515918
|move|p1a: Great Tusk|Ice Spinner|p2a: Gliscor
|-supereffective|p2a: Gliscor
|-damage|p2a: Gliscor|0 fnt
|faint|p2a: Gliscor
|
|-weather|none
|-damage|p1a: Great Tusk|58/100 psn|[from] psn
|upkeep
|inactive|halohexed has 120 seconds left.
|
|t:|1778515943
|switch|p2a: Cinderace|Cinderace, F, shiny|100/100
|turn|9
|c|☆halohexed|What ep
|c|☆halohexed|Loved that series lowk
|c|☆phap'a|26 of sun and moon ultra legends
|inactive|phap'a has 90 seconds left.
|c|☆halohexed|Which one is that again?
|c|☆phap'a|just a few episodes, Guzma showed his ugly ahh
|c|☆halohexed|ToT, chill on the goat Guzma
|c|☆phap'a|oh, the one where ash and gang are on a temu ninja place
|inactive|phap'a has 60 seconds left.
|c|☆phap'a|that is the episode
|c|☆halohexed|ooooo
|
|t:|1778516011
|-end|p1a: Great Tusk|Protosynthesis|[silent]
|switch|p1a: Tyranitar|Tyranitar, F|45/100
|-weather|Sandstorm|[from] ability: Sand Stream|[of] p1a: Tyranitar
|move|p2a: Cinderace|Pyro Ball|p1a: Tyranitar
|-resisted|p1a: Tyranitar
|-damage|p1a: Tyranitar|24/100
|
|-weather|Sandstorm|[upkeep]
|-damage|p2a: Cinderace|94/100|[from] Sandstorm
|upkeep
|turn|10
|c|☆halohexed|Have fun with the eps twin
|inactive|phap'a has 60 seconds left.
|c|☆phap'a|thanks
|inactive|halohexed has 120 seconds left.
|
|t:|1778516026
|move|p2a: Cinderace|U-turn|p1a: Tyranitar
|-start|p2a: Cinderace|typechange|Bug|[from] ability: Libero
|-supereffective|p1a: Tyranitar
|-damage|p1a: Tyranitar|0 fnt
|faint|p1a: Tyranitar
|inactive|halohexed has 120 seconds left.
|
|t:|1778516033
|switch|p2a: Gholdengo|Gholdengo|100/100|[from] U-turn
|
|-weather|Sandstorm|[upkeep]
|upkeep
|
|t:|1778516041
|switch|p1a: Great Tusk|Great Tusk|58/100 psn
|turn|11
|
|t:|1778516051
|-terastallize|p2a: Gholdengo|Flying
|move|p1a: Great Tusk|Headlong Rush|p2a: Gholdengo
|-immune|p2a: Gholdengo
|move|p2a: Gholdengo|Hex|p1a: Great Tusk
|-damage|p1a: Great Tusk|0 fnt
|faint|p1a: Great Tusk
|-end|p1a: Great Tusk|Protosynthesis|[silent]
|
|-weather|Sandstorm|[upkeep]
|-damage|p2a: Gholdengo|94/100|[from] Sandstorm
|-heal|p2a: Gholdengo|100/100|[from] item: Leftovers
|upkeep
|c|☆phap'a|Ash done got scammed by a fake gym badge
|inactive|phap'a has 60 seconds left.
|
|t:|1778516062
|switch|p1a: Lycanroc|Lycanroc, M|100/100
|turn|12
|
|t:|1778516068
|switch|p2a: Toxapex|Toxapex, M, shiny|100/100
|move|p1a: Lycanroc|Rock Blast|p2a: Toxapex
|-damage|p2a: Toxapex|89/100
|-damage|p2a: Toxapex|78/100
|-damage|p2a: Toxapex|67/100
|-damage|p2a: Toxapex|56/100
|-damage|p2a: Toxapex|45/100
|-hitcount|p2a: Toxapex|5
|-damage|p1a: Lycanroc|91/100|[from] item: Life Orb
|
|-weather|Sandstorm|[upkeep]
|-damage|p2a: Toxapex|39/100|[from] Sandstorm
|-heal|p2a: Toxapex|45/100|[from] item: Black Sludge
|upkeep
|turn|13
|inactive|phap'a has 60 seconds left.
|c|☆halohexed|Tragic
|
|t:|1778516091
|-terastallize|p1a: Lycanroc|Electric
|move|p1a: Lycanroc|Rock Blast|p2a: Toxapex|[miss]
|-miss|p1a: Lycanroc|p2a: Toxapex
|move|p2a: Toxapex|Liquidation|p1a: Lycanroc
|-damage|p1a: Lycanroc|60/100
|
|-weather|Sandstorm|[upkeep]
|-damage|p2a: Toxapex|39/100|[from] Sandstorm
|-heal|p2a: Toxapex|45/100|[from] item: Black Sludge
|upkeep
|turn|14
|
|t:|1778516103
|move|p1a: Lycanroc|Rock Blast|p2a: Toxapex
|-damage|p2a: Toxapex|35/100
|-crit|p2a: Toxapex
|-damage|p2a: Toxapex|19/100
|-damage|p2a: Toxapex|9/100
|-damage|p2a: Toxapex|0 fnt
|faint|p2a: Toxapex
|-hitcount|p2: Toxapex|4
|-damage|p1a: Lycanroc|50/100|[from] item: Life Orb
|
|-weather|Sandstorm|[upkeep]
|upkeep
|inactive|halohexed has 120 seconds left.
|
|t:|1778516126
|switch|p2a: Dragonite|Dragonite, F, shiny|100/100
|turn|15
|
|t:|1778516130
|move|p1a: Lycanroc|Rock Blast|p2a: Dragonite
|-supereffective|p2a: Dragonite
|-damage|p2a: Dragonite|83/100
|-supereffective|p2a: Dragonite
|-damage|p2a: Dragonite|44/100
|-supereffective|p2a: Dragonite
|-damage|p2a: Dragonite|7/100
|-hitcount|p2a: Dragonite|3
|-damage|p1a: Lycanroc|40/100|[from] item: Life Orb
|move|p2a: Dragonite|Dragon Dance|p2a: Dragonite
|-boost|p2a: Dragonite|atk|1
|-boost|p2a: Dragonite|spe|1
|
|-weather|Sandstorm|[upkeep]
|-damage|p2a: Dragonite|0 fnt|[from] Sandstorm
|faint|p2a: Dragonite
|upkeep
|
|t:|1778516141
|switch|p2a: Cinderace|Cinderace, F, shiny|94/100
|turn|16
|inactive|phap'a has 90 seconds left.
|
|t:|1778516149
|move|p1a: Lycanroc|Rock Blast|p2a: Cinderace
|-supereffective|p2a: Cinderace
|-damage|p2a: Cinderace|51/100
|-supereffective|p2a: Cinderace
|-damage|p2a: Cinderace|11/100
|-supereffective|p2a: Cinderace
|-damage|p2a: Cinderace|0 fnt
|faint|p2a: Cinderace
|-hitcount|p2: Cinderace|3
|-damage|p1a: Lycanroc|30/100|[from] item: Life Orb
|
|-weather|none
|upkeep
|c|☆halohexed|Damn this is some insane tech
|c|☆halohexed|Taking notes
|
|t:|1778516167
|switch|p2a: Gholdengo|Gholdengo, tera:Flying|100/100
|turn|17
|inactive|phap'a has 90 seconds left.
|c|☆phap'a|Midday Lycanrooc with jolly nature and max speed EVS, in sandstorm....
|c|☆phap'a|OUTSPEEDS BOOSTED REGIELEKI!
|
|t:|1778516198
|move|p1a: Lycanroc|Rock Blast|p2a: Gholdengo
|-supereffective|p2a: Gholdengo
|-damage|p2a: Gholdengo|72/100
|-supereffective|p2a: Gholdengo
|-damage|p2a: Gholdengo|42/100
|-hitcount|p2a: Gholdengo|2
|-damage|p1a: Lycanroc|20/100|[from] item: Life Orb
|move|p2a: Gholdengo|Hex|p1a: Lycanroc
|-damage|p1a: Lycanroc|0 fnt
|faint|p1a: Lycanroc
|
|-heal|p2a: Gholdengo|48/100|[from] item: Leftovers
|upkeep
|
|t:|1778516209
|switch|p1a: Zapdos|Zapdos, shiny|100/100
|turn|18
|c|☆halohexed|Good lord ToT
|
|t:|1778516218
|move|p1a: Zapdos|Heat Wave|p2a: Gholdengo
|-damage|p2a: Gholdengo|25/100
|move|p2a: Gholdengo|Make It Rain|p1a: Zapdos
|-resisted|p1a: Zapdos
|-damage|p1a: Zapdos|72/100
|-unboost|p2a: Gholdengo|spa|1
|
|-heal|p2a: Gholdengo|31/100|[from] item: Leftovers
|upkeep
|turn|19
|
|t:|1778516227
|move|p1a: Zapdos|Heat Wave|p2a: Gholdengo
|-damage|p2a: Gholdengo|8/100
|move|p2a: Gholdengo|Recover|p2a: Gholdengo
|-heal|p2a: Gholdengo|58/100
|
|-heal|p2a: Gholdengo|64/100|[from] item: Leftovers
|upkeep
|turn|20
|inactive|phap'a has 90 seconds left.
|
|t:|1778516233
|move|p1a: Zapdos|Thunderbolt|p2a: Gholdengo
|-supereffective|p2a: Gholdengo
|-damage|p2a: Gholdengo|0 fnt
|faint|p2a: Gholdengo
|
|upkeep
|
|t:|1778516235
|switch|p2a: Kingambit|Kingambit, F, shiny|100/100
|-activate|p2a: Kingambit|ability: Supreme Overlord
|-start|p2a: Kingambit|fallen5|[silent]
|turn|21
|inactive|phap'a has 90 seconds left.
|c|☆phap'a|moment of truth
|
|t:|1778516256
|move|p2a: Kingambit|Sucker Punch|p1a: Zapdos
|-damage|p1a: Zapdos|3/100
|move|p1a: Zapdos|Heat Wave|p2a: Kingambit|[miss]
|-miss|p1a: Zapdos|p2a: Kingambit
|
|upkeep
|turn|22
|inactive|phap'a has 90 seconds left.
|c|☆phap'a|ToT
|
|t:|1778516270
|move|p2a: Kingambit|Sucker Punch|p1a: Zapdos
|-damage|p1a: Zapdos|0 fnt
|-status|p2a: Kingambit|par|[from] ability: Static|[of] p1a: Zapdos
|faint|p1a: Zapdos
|
|upkeep
|
|t:|1778516274
|switch|p1a: Ceruledge|Ceruledge, F|100/100
|turn|23
|c|☆phap'a|Save me, Paralysis
|inactive|phap'a has 90 seconds left.
|c|☆phap'a|this is Fallen: 5 Kingambit I'm up against
|inactive|halohexed has 120 seconds left.
|
|t:|1778516311
|move|p2a: Kingambit|Sucker Punch|p1a: Ceruledge
|-supereffective|p1a: Ceruledge
|-crit|p1a: Ceruledge
|-damage|p1a: Ceruledge|0 fnt
|faint|p1a: Ceruledge
|
|upkeep
|
|t:|1778516317
|switch|p1a: Lokix|Lokix, F|100/100
|turn|24
|c|☆phap'a|GG
|
|t:|1778516324
|move|p1a: Lokix|Brick Break|p2a: Kingambit
|-supereffective|p2a: Kingambit
|-damage|p2a: Kingambit|1/100 par
|-damage|p1a: Lokix|91/100|[from] item: Life Orb
|move|p2a: Kingambit|Iron Head|p1a: Lokix
|-damage|p1a: Lokix|0 fnt
|faint|p1a: Lokix
|
|win|halohexed
|raw|phap&apos;a's rating: 1112 &rarr; <strong>1088</strong><br />(-24 for losing)
|raw|halohexed's rating: 1128 &rarr; <strong>1152</strong><br />(+24 for winning)
|c|☆phap'a|1 point
|c|☆halohexed|Had to do a lil ritual for the goat to clutch up
|c|☆phap'a|That is KING ambit alright
|c|☆halohexed|THATS THE KING TWINNNNNNNNNNNN
|c|☆phap'a|I am just glad to show off Lycanroc power tho
|c|☆phap'a|GGWP
|c|☆phap'a|take care
|c|☆halohexed|U2, hopefully see ya around
|l|☆phap'a
|player|p1|
|l|☆halohexed
|player|p2|
|j|☆halohexed
|player|p2|halohexed|miku-ghost|
