|html|<div class="broadcast-blue"><strong>[Gen 9] OU is currently suspecting Tera Blast! For information on how to participate check out the <a href="https://www.smogon.com/tools/suspects/view/200">suspect thread</a>.</strong></div>
|j|☆jaykayla47
|j|☆Garlicmanalt
|t:|1776054494
|gametype|singles
|player|p1|jaykayla47|juggler|1083
|player|p2|Garlicmanalt|roxie|1164
|gen|9
|tier|[Gen 9] OU
|rated|
|rule|HP Percentage Mod: HP is shown in percentages
|rule|Endless Battle Clause: Forcing endless battles is banned
|rule|Species Clause: Limit one of each Pokémon
|rule|OHKO Clause: OHKO moves are banned
|rule|Evasion Items Clause: Evasion items are banned
|rule|Evasion Moves Clause: Evasion moves are banned
|rule|Evasion Abilities Clause: Evasion abilities are banned
|rule|Sleep Moves Clause: Sleep-inducing moves are banned
|clearpoke
|poke|p1|Gengar, M|
|poke|p1|Staraptor, M|
|poke|p1|Samurott-Hisui, M|
|poke|p1|Tentacruel, F|
|poke|p1|Chandelure, F|
|poke|p1|Scizor, F|
|poke|p2|Darkrai|
|poke|p2|Indeedee-F, F|
|poke|p2|Hawlucha, F|
|poke|p2|Iron Treads|
|poke|p2|Alomomola, M|
|poke|p2|Armarouge, F|
|teampreview
|j| ohko_smeargle
|
|t:|1776054511
|teamsize|p1|6
|teamsize|p2|6
|start
|switch|p1a: Tentacruel|Tentacruel, F|100/100
|switch|p2a: Alomomola|Alomomola, M|100/100
|turn|1
|
|t:|1776054523
|move|p1a: Tentacruel|Toxic Spikes|p2a: Alomomola
|-sidestart|p2: Garlicmanalt|move: Toxic Spikes
|move|p2a: Alomomola|Wish|p2a: Alomomola
|
|upkeep
|turn|2
|
|t:|1776054531
|move|p1a: Tentacruel|Knock Off|p2a: Alomomola
|-damage|p2a: Alomomola|91/100
|-damage|p1a: Tentacruel|84/100|[from] item: Rocky Helmet|[of] p2a: Alomomola
|-enditem|p2a: Alomomola|Rocky Helmet|[from] move: Knock Off|[of] p1a: Tentacruel
|move|p2a: Alomomola|Flip Turn|p1a: Tentacruel
|-resisted|p1a: Tentacruel
|-damage|p1a: Tentacruel|74/100
|
|t:|1776054547
|switch|p2a: Iron Treads|Iron Treads|100/100|[from] Flip Turn
|-enditem|p2a: Iron Treads|Booster Energy
|-activate|p2a: Iron Treads|ability: Quark Drive|[fromitem]
|-start|p2a: Iron Treads|quarkdrivespe
|
|-heal|p1a: Tentacruel|80/100|[from] item: Black Sludge
|upkeep
|turn|3
|
|t:|1776054556
|-terastallize|p1a: Tentacruel|Water
|move|p2a: Iron Treads|Earthquake|p1a: Tentacruel
|-damage|p1a: Tentacruel|28/100
|move|p1a: Tentacruel|Surf|p2a: Iron Treads
|-supereffective|p2a: Iron Treads
|-damage|p2a: Iron Treads|10/100
|
|-damage|p1a: Tentacruel|15/100|[from] item: Black Sludge
|upkeep
|turn|4
|
|t:|1776054576
|move|p2a: Iron Treads|Earthquake|p1a: Tentacruel
|-damage|p1a: Tentacruel|0 fnt
|faint|p1a: Tentacruel
|
|upkeep
|
|t:|1776054582
|switch|p1a: Scizor|Scizor, F|100/100
|turn|5
|
|t:|1776054590
|-end|p2a: Iron Treads|Quark Drive|[silent]
|switch|p2a: Indeedee|Indeedee-F, F|100/100
|-status|p2a: Indeedee|psn
|-fieldstart|move: Psychic Terrain|[from] ability: Psychic Surge|[of] p2a: Indeedee
|move|p1a: Scizor|Bullet Punch|p2a: Indeedee
|-activate|p2a: Indeedee|move: Psychic Terrain
|
|-damage|p2a: Indeedee|88/100 psn|[from] psn
|upkeep
|turn|6
|
|t:|1776054613
|switch|p1a: Samurott|Samurott-Hisui, M, shiny|100/100
|move|p2a: Indeedee|Reflect|p2a: Indeedee
|-sidestart|p2: Garlicmanalt|Reflect
|
|-damage|p2a: Indeedee|76/100 psn|[from] psn
|upkeep
|turn|7
|
|t:|1776054645
|move|p1a: Samurott|Ceaseless Edge|p2a: Indeedee
|-supereffective|p2a: Indeedee
|-damage|p2a: Indeedee|16/100 psn
|-sidestart|p2: Garlicmanalt|Spikes
|move|p2a: Indeedee|Light Screen|p2a: Indeedee
|-sidestart|p2: Garlicmanalt|move: Light Screen
|
|-damage|p2a: Indeedee|3/100 psn|[from] psn
|upkeep
|turn|8
|
|t:|1776054653
|move|p1a: Samurott|Ceaseless Edge|p2a: Indeedee
|-supereffective|p2a: Indeedee
|-damage|p2a: Indeedee|0 fnt
|-sidestart|p2: Garlicmanalt|Spikes
|faint|p2a: Indeedee
|
|upkeep
|
|t:|1776054670
|switch|p2a: Iron Treads|Iron Treads|10/100
|-damage|p2a: Iron Treads|0 fnt|[from] Spikes
|faint|p2a: Iron Treads
|-end|p2a: Iron Treads|Quark Drive|[silent]
|
|t:|1776054674
|switch|p2a: Armarouge|Armarouge, F, shiny|100/100
|-status|p2a: Armarouge|psn
|-damage|p2a: Armarouge|84/100 psn|[from] Spikes
|turn|9
|inactive|Battle timer is ON: inactive players will automatically lose when time's up. (requested by Garlicmanalt)
|
|t:|1776054682
|move|p2a: Armarouge|Endure|p2a: Armarouge
|-singleturn|p2a: Armarouge|move: Endure
|move|p1a: Samurott|Razor Shell|p2a: Armarouge
|-supereffective|p2a: Armarouge
|-damage|p2a: Armarouge|25/100 psn
|-unboost|p2a: Armarouge|def|1
|-ability|p2a: Armarouge|Weak Armor|boost
|-unboost|p2a: Armarouge|def|1
|-boost|p2a: Armarouge|spe|2
|-enditem|p2a: Armarouge|Weakness Policy
|-boost|p2a: Armarouge|atk|2|[from] item: Weakness Policy
|-boost|p2a: Armarouge|spa|2|[from] item: Weakness Policy
|
|-damage|p2a: Armarouge|13/100 psn|[from] psn
|upkeep
|turn|10
|
|t:|1776054704
|move|p2a: Armarouge|Energy Ball|p1a: Samurott
|-supereffective|p1a: Samurott
|-enditem|p1a: Samurott|Focus Sash
|-damage|p1a: Samurott|1/100
|move|p1a: Samurott|Ceaseless Edge|p2a: Armarouge
|-supereffective|p2a: Armarouge
|-damage|p2a: Armarouge|0 fnt
|-sidestart|p2: Garlicmanalt|Spikes
|faint|p2a: Armarouge
|
|-sideend|p2: Garlicmanalt|Reflect
|upkeep
|
|t:|1776054714
|switch|p2a: Hawlucha|Hawlucha, F|100/100
|-enditem|p2a: Hawlucha|Psychic Seed
|-boost|p2a: Hawlucha|spd|1|[from] item: Psychic Seed
|turn|11
|
|t:|1776054728
|move|p2a: Hawlucha|Swords Dance|p2a: Hawlucha
|-boost|p2a: Hawlucha|atk|2
|move|p1a: Samurott|Hydro Cannon|p2a: Hawlucha
|-damage|p2a: Hawlucha|80/100
|-mustrecharge|p1a: Samurott
|
|-sideend|p2: Garlicmanalt|move: Light Screen
|upkeep
|turn|12
|
|t:|1776054737
|move|p2a: Hawlucha|Acrobatics|p1a: Samurott
|-damage|p1a: Samurott|0 fnt
|faint|p1a: Samurott
|
|-fieldend|move: Psychic Terrain
|upkeep
|
|t:|1776054750
|switch|p1a: Chandelure|Chandelure, F|100/100
|turn|13
|
|t:|1776054760
|move|p2a: Hawlucha|Throat Chop|p1a: Chandelure
|-supereffective|p1a: Chandelure
|-damage|p1a: Chandelure|0 fnt
|faint|p1a: Chandelure
|
|upkeep
|
|t:|1776054765
|switch|p1a: Staraptor|Staraptor, M|100/100
|turn|14
|
|t:|1776054771
|move|p2a: Hawlucha|Acrobatics|p1a: Staraptor
|-damage|p1a: Staraptor|0 fnt
|faint|p1a: Staraptor
|
|upkeep
|
|t:|1776054779
|switch|p1a: Gengar|Gengar, M|100/100
|turn|15
|
|t:|1776054789
|move|p2a: Hawlucha|Acrobatics|p1a: Gengar
|-enditem|p1a: Gengar|Focus Sash
|-damage|p1a: Gengar|1/100
|-start|p2a: Hawlucha|Disable|Acrobatics|[from] ability: Cursed Body|[of] p1a: Gengar
|move|p1a: Gengar|Shadow Ball|p2a: Hawlucha
|-damage|p2a: Hawlucha|38/100
|
|upkeep
|turn|16
|
|t:|1776054802
|move|p2a: Hawlucha|Throat Chop|p1a: Gengar
|-supereffective|p1a: Gengar
|-damage|p1a: Gengar|0 fnt
|faint|p1a: Gengar
|
|upkeep
|
|t:|1776054806
|switch|p1a: Scizor|Scizor, F|100/100
|turn|17
|
|t:|1776054812
|move|p1a: Scizor|Bullet Punch|p2a: Hawlucha
|-damage|p2a: Hawlucha|0 fnt
|faint|p2a: Hawlucha
|
|upkeep
|
|t:|1776054823
|switch|p2a: Alomomola|Alomomola, M|100/100
|-status|p2a: Alomomola|psn
|-damage|p2a: Alomomola|76/100 psn|[from] Spikes
|turn|18
|
|t:|1776054829
|move|p1a: Scizor|Bullet Punch|p2a: Alomomola
|-resisted|p2a: Alomomola
|-damage|p2a: Alomomola|60/100 psn
|move|p2a: Alomomola|Scald|p1a: Scizor
|-damage|p1a: Scizor|85/100
|
|-damage|p2a: Alomomola|47/100 psn|[from] psn
|upkeep
|turn|19
|
|t:|1776054840
|move|p1a: Scizor|Bullet Punch|p2a: Alomomola
|-resisted|p2a: Alomomola
|-damage|p2a: Alomomola|34/100 psn
|move|p2a: Alomomola|Scald|p1a: Scizor
|-damage|p1a: Scizor|68/100
|
|-damage|p2a: Alomomola|21/100 psn|[from] psn
|upkeep
|turn|20
|
|t:|1776054848
|move|p1a: Scizor|Bullet Punch|p2a: Alomomola
|-resisted|p2a: Alomomola
|-damage|p2a: Alomomola|7/100 psn
|move|p2a: Alomomola|Wish|p2a: Alomomola
|
|-damage|p2a: Alomomola|0 fnt|[from] psn
|faint|p2a: Alomomola
|upkeep
|
|t:|1776054855
|switch|p2a: Darkrai|Darkrai|100/100
|-status|p2a: Darkrai|psn
|-damage|p2a: Darkrai|76/100 psn|[from] Spikes
|turn|21
|
|t:|1776054861
|move|p1a: Scizor|Bullet Punch|p2a: Darkrai
|-crit|p2a: Darkrai
|-damage|p2a: Darkrai|0 fnt
|faint|p2a: Darkrai
|
|win|jaykayla47
|raw|jaykayla47's rating: 1083 &rarr; <strong>1117</strong><br />(+34 for winning)
|raw|Garlicmanalt's rating: 1164 &rarr; <strong>1133</strong><br />(-31 for losing)
|l| ohko_smeargle
|l|☆Garlicmanalt
|player|p2|
|l|☆jaykayla47
|player|p1|
