|html|<div class="broadcast-blue"><strong>[Gen 9] OU is currently suspecting Tera Blast! For information on how to participate check out the <a href="https://www.smogon.com/tools/suspects/view/200">suspect thread</a>.</strong></div>
|j|☆tssokevin
|j|☆azura1705
|t:|1776033477
|gametype|singles
|player|p1|tssokevin|cyrus|1069
|player|p2|azura1705|swimmer-gen4|1092
|gen|9
|tier|[Gen 9] OU
|rated|
|rule|HP Percentage Mod: HP is shown in percentages
|rule|Endless Battle Clause: Forcing endless battles is banned
|rule|Species Clause: Limit one of each Pokémon
|rule|OHKO Clause: OHKO moves are banned
|rule|Evasion Items Clause: Evasion items are banned
|rule|Evasion Moves Clause: Evasion moves are banned
|rule|Evasion Abilities Clause: Evasion abilities are banned
|rule|Sleep Moves Clause: Sleep-inducing moves are banned
|clearpoke
|poke|p1|Meowscarada, F|
|poke|p1|Primarina, F|
|poke|p1|Gardevoir, F|
|poke|p1|Jolteon, F|
|poke|p1|Delphox, F|
|poke|p1|Lucario, F|
|poke|p2|Sunflora, M|
|poke|p2|Thundurus, M|
|poke|p2|Hatterene, F|
|poke|p2|Walking Wake|
|poke|p2|Slither Wing|
|poke|p2|Glimmora, F|
|teampreview
|inactive|Battle timer is ON: inactive players will automatically lose when time's up. (requested by azura1705)
|
|t:|1776033485
|teamsize|p1|6
|teamsize|p2|6
|start
|switch|p1a: Jolteon|Jolteon, F|100/100
|switch|p2a: Glimmora|Glimmora, F|100/100
|-item|p1a: Jolteon|Air Balloon
|turn|1
|
|t:|1776033494
|move|p1a: Jolteon|Thunder Wave|p2a: Glimmora
|-status|p2a: Glimmora|par
|cant|p2a: Glimmora|par
|
|upkeep
|turn|2
|
|t:|1776033500
|move|p1a: Jolteon|Alluring Voice|p2a: Glimmora
|-resisted|p2a: Glimmora
|-damage|p2a: Glimmora|85/100 par
|cant|p2a: Glimmora|par
|
|upkeep
|turn|3
|
|t:|1776033508
|move|p1a: Jolteon|Discharge|p2a: Glimmora
|-damage|p2a: Glimmora|42/100 par
|cant|p2a: Glimmora|par
|
|upkeep
|turn|4
|
|t:|1776033514
|move|p1a: Jolteon|Discharge|p2a: Glimmora
|-damage|p2a: Glimmora|0 fnt
|faint|p2a: Glimmora
|
|upkeep
|c|☆azura1705|cant i play?
|
|t:|1776033528
|switch|p2a: Thundurus|Thundurus, M|100/100
|turn|5
|
|t:|1776033543
|switch|p1a: Gardevoir|Gardevoir, F|100/100
|move|p2a: Thundurus|Sunny Day|p2a: Thundurus
|-weather|SunnyDay
|
|-weather|SunnyDay|[upkeep]
|upkeep
|turn|6
|
|t:|1776033550
|move|p2a: Thundurus|Volt Switch|p1a: Gardevoir
|-damage|p1a: Gardevoir|60/100
|
|t:|1776033553
|switch|p2a: Hatterene|Hatterene, F|100/100|[from] Volt Switch
|move|p1a: Gardevoir|Future Sight|p2a: Hatterene
|-start|p1a: Gardevoir|move: Future Sight
|
|-weather|SunnyDay|[upkeep]
|upkeep
|turn|7
|
|t:|1776033561
|move|p1a: Gardevoir|Psyshock|p2a: Hatterene
|-resisted|p2a: Hatterene
|-damage|p2a: Hatterene|73/100
|-damage|p1a: Gardevoir|51/100|[from] item: Life Orb
|move|p2a: Hatterene|Trick Room|p2a: Hatterene
|-fieldstart|move: Trick Room|[of] p2a: Hatterene
|-enditem|p2a: Hatterene|Room Service
|-unboost|p2a: Hatterene|spe|1|[from] item: Room Service
|
|-weather|SunnyDay|[upkeep]
|upkeep
|turn|8
|
|t:|1776033578
|switch|p1a: Primarina|Primarina, F|100/100
|move|p2a: Hatterene|Draining Kiss|p1a: Primarina
|-crit|p1a: Primarina
|-damage|p1a: Primarina|71/100
|-heal|p2a: Hatterene|99/100|[from] drain|[of] p1a: Primarina
|
|-weather|SunnyDay|[upkeep]
|-end|p2a: Hatterene|move: Future Sight
|-resisted|p2a: Hatterene
|-damage|p2a: Hatterene|71/100
|-heal|p1a: Primarina|77/100|[from] item: Leftovers
|upkeep
|turn|9
|
|t:|1776033590
|switch|p2a: Thundurus|Thundurus, M|100/100
|move|p1a: Primarina|Draining Kiss|p2a: Thundurus
|-damage|p2a: Thundurus|61/100
|-heal|p1a: Primarina|100/100|[from] drain|[of] p2a: Thundurus
|
|-weather|SunnyDay|[upkeep]
|upkeep
|turn|10
|
|t:|1776033601
|move|p1a: Primarina|Moonblast|p2a: Thundurus
|-damage|p2a: Thundurus|0 fnt
|faint|p2a: Thundurus
|
|-weather|SunnyDay|[upkeep]
|upkeep
|
|t:|1776033607
|switch|p2a: Sunflora|Sunflora, M|100/100
|turn|11
|
|t:|1776033614
|move|p2a: Sunflora|Solar Beam||[still]
|-prepare|p2a: Sunflora|Solar Beam
|-anim|p2a: Sunflora|Solar Beam|p1a: Primarina
|-supereffective|p1a: Primarina
|-damage|p1a: Primarina|0 fnt
|faint|p1a: Primarina
|
|-weather|SunnyDay|[upkeep]
|-damage|p2a: Sunflora|88/100|[from] ability: Solar Power|[of] p2a: Sunflora
|-fieldend|move: Trick Room
|upkeep
|
|t:|1776033623
|switch|p1a: Delphox|Delphox, F|100/100
|turn|12
|
|t:|1776033631
|-terastallize|p2a: Sunflora|Ground
|move|p1a: Delphox|Flamethrower|p2a: Sunflora
|-damage|p2a: Sunflora|15/100
|-status|p2a: Sunflora|brn
|move|p2a: Sunflora|Earth Power|p1a: Delphox
|-supereffective|p1a: Delphox
|-damage|p1a: Delphox|0 fnt
|faint|p1a: Delphox
|
|-weather|none
|-damage|p2a: Sunflora|9/100 brn|[from] brn
|upkeep
|
|t:|1776033645
|switch|p1a: Meowscarada|Meowscarada, F|100/100
|turn|13
|
|t:|1776033650
|move|p1a: Meowscarada|Sucker Punch|p2a: Sunflora
|-start|p1a: Meowscarada|typechange|Dark|[from] ability: Protean
|-crit|p2a: Sunflora
|-damage|p2a: Sunflora|0 fnt
|faint|p2a: Sunflora
|
|upkeep
|
|t:|1776033660
|switch|p2a: Hatterene|Hatterene, F|71/100
|turn|14
|
|t:|1776033667
|-terastallize|p1a: Meowscarada|Grass
|move|p1a: Meowscarada|Knock Off|p2a: Hatterene
|-damage|p2a: Hatterene|42/100
|move|p2a: Hatterene|Draining Kiss|p1a: Meowscarada
|-damage|p1a: Meowscarada|68/100
|-heal|p2a: Hatterene|65/100|[from] drain|[of] p1a: Meowscarada
|
|upkeep
|turn|15
|
|t:|1776033683
|move|p1a: Meowscarada|Flower Trick|p2a: Hatterene
|-crit|p2a: Hatterene
|-damage|p2a: Hatterene|12/100
|move|p2a: Hatterene|Trick Room|p2a: Hatterene
|-fieldstart|move: Trick Room|[of] p2a: Hatterene
|
|upkeep
|turn|16
|
|t:|1776033690
|move|p1a: Meowscarada|Sucker Punch|p2a: Hatterene
|-damage|p2a: Hatterene|0 fnt
|faint|p2a: Hatterene
|
|upkeep
|
|t:|1776033692
|switch|p2a: Slither Wing|Slither Wing|100/100
|turn|17
|
|t:|1776033698
|move|p2a: Slither Wing|First Impression|p1a: Meowscarada
|-supereffective|p1a: Meowscarada
|-damage|p1a: Meowscarada|0 fnt
|faint|p1a: Meowscarada
|
|upkeep
|
|t:|1776033704
|switch|p1a: Gardevoir|Gardevoir, F|51/100
|turn|18
|
|t:|1776033713
|move|p2a: Slither Wing|U-turn|p1a: Gardevoir
|-damage|p1a: Gardevoir|0 fnt
|faint|p1a: Gardevoir
|
|t:|1776033715
|-end|p2a: Slither Wing|Protosynthesis|[silent]
|switch|p2a: Walking Wake|Walking Wake|100/100|[from] U-turn
|
|upkeep
|
|t:|1776033721
|switch|p1a: Jolteon|Jolteon, F|100/100
|-item|p1a: Jolteon|Air Balloon
|turn|19
|
|t:|1776033741
|move|p2a: Walking Wake|Draco Meteor|p1a: Jolteon
|-damage|p1a: Jolteon|0 fnt
|-unboost|p2a: Walking Wake|spa|2
|-enditem|p1a: Jolteon|Air Balloon
|faint|p1a: Jolteon
|
|-fieldend|move: Trick Room
|upkeep
|
|t:|1776033749
|switch|p1a: Lucario|Lucario, F|100/100
|-item|p1a: Lucario|Air Balloon
|turn|20
|
|t:|1776033755
|move|p2a: Walking Wake|Draco Meteor|p1a: Lucario
|-resisted|p1a: Lucario
|-damage|p1a: Lucario|66/100
|-unboost|p2a: Walking Wake|spa|2
|-enditem|p1a: Lucario|Air Balloon
|move|p1a: Lucario|Close Combat|p2a: Walking Wake
|-damage|p2a: Walking Wake|36/100
|-unboost|p1a: Lucario|def|1
|-unboost|p1a: Lucario|spd|1
|
|upkeep
|turn|21
|
|t:|1776033766
|move|p2a: Walking Wake|Draco Meteor|p1a: Lucario
|-resisted|p1a: Lucario
|-damage|p1a: Lucario|31/100
|-unboost|p2a: Walking Wake|spa|2
|move|p1a: Lucario|Bulk Up|p1a: Lucario
|-boost|p1a: Lucario|atk|1
|-boost|p1a: Lucario|def|1
|
|upkeep
|turn|22
|
|t:|1776033779
|move|p2a: Walking Wake|Draco Meteor|p1a: Lucario
|-resisted|p1a: Lucario
|-damage|p1a: Lucario|5/100
|move|p1a: Lucario|Earthquake|p2a: Walking Wake
|-damage|p2a: Walking Wake|0 fnt
|faint|p2a: Walking Wake
|-end|p2a: Walking Wake|Protosynthesis|[silent]
|
|upkeep
|
|t:|1776033781
|switch|p2a: Slither Wing|Slither Wing|100/100
|turn|23
|
|t:|1776033790
|move|p1a: Lucario|Close Combat|p2a: Slither Wing
|-resisted|p2a: Slither Wing
|-damage|p2a: Slither Wing|46/100
|-unboost|p1a: Lucario|def|1
|-unboost|p1a: Lucario|spd|1
|move|p2a: Slither Wing|Close Combat|p1a: Lucario
|-supereffective|p1a: Lucario
|-damage|p1a: Lucario|0 fnt
|-unboost|p2a: Slither Wing|def|1
|-unboost|p2a: Slither Wing|spd|1
|faint|p1a: Lucario
|-enditem|p2a: Slither Wing|White Herb
|-clearnegativeboost|p2a: Slither Wing|[silent]
|
|win|azura1705
|raw|tssokevin's rating: 1069 &rarr; <strong>1050</strong><br />(-19 for losing)
|raw|azura1705's rating: 1092 &rarr; <strong>1116</strong><br />(+24 for winning)
|l|☆tssokevin
|player|p1|
|l|☆azura1705
|player|p2|
