|html|<div class="broadcast-blue"><strong>[Gen 9] OU is currently suspecting Tera Blast! For information on how to participate check out the <a href="https://www.smogon.com/tools/suspects/view/200">suspect thread</a>.</strong></div>
|j|☆ridleyfr
|j|☆terrastaliize
|t:|1776107409
|gametype|singles
|player|p1|ridleyfr|dawn|1629
|player|p2|terrastaliize|parasollady-gen4|1725
|gen|9
|tier|[Gen 9] OU
|rated|
|rule|HP Percentage Mod: HP is shown in percentages
|rule|Endless Battle Clause: Forcing endless battles is banned
|rule|Species Clause: Limit one of each Pokémon
|rule|OHKO Clause: OHKO moves are banned
|rule|Evasion Items Clause: Evasion items are banned
|rule|Evasion Moves Clause: Evasion moves are banned
|rule|Evasion Abilities Clause: Evasion abilities are banned
|rule|Sleep Moves Clause: Sleep-inducing moves are banned
|clearpoke
|poke|p1|Gliscor, F|
|poke|p1|Heatran, F|
|poke|p1|Sinistcha|
|poke|p1|Corviknight, M|
|poke|p1|Tentacruel, M|
|poke|p1|Darkrai|
|poke|p2|Deoxys-Speed|
|poke|p2|Glimmora, F|
|poke|p2|Zamazenta-*|
|poke|p2|Ceruledge, F|
|poke|p2|Ogerpon-Wellspring, F|
|poke|p2|Blastoise, F|
|teampreview
|inactive|Battle timer is ON: inactive players will automatically lose when time's up. (requested by ridleyfr)
|
|t:|1776107424
|teamsize|p1|6
|teamsize|p2|6
|start
|switch|p1a: Hephaepstein|Heatran, F|100/100
|switch|p2a: Glimmora|Glimmora, F|100/100
|turn|1
|
|t:|1776107428
|switch|p1a: Gliskibidi|Gliscor, F|100/100
|move|p2a: Glimmora|Earth Power|p1a: Gliskibidi
|-immune|p1a: Gliskibidi
|
|-status|p1a: Gliskibidi|tox|[from] item: Toxic Orb
|upkeep
|turn|2
|
|t:|1776107434
|switch|p2a: Blastoise|Blastoise, F|100/100
|move|p1a: Gliskibidi|Earthquake|p2a: Blastoise
|-damage|p2a: Blastoise|60/100
|
|upkeep
|turn|3
|
|t:|1776107440
|switch|p1a: The Squiddler|Tentacruel, M, shiny|100/100
|move|p2a: Blastoise|Shell Smash|p2a: Blastoise
|-unboost|p2a: Blastoise|def|1
|-unboost|p2a: Blastoise|spd|1
|-boost|p2a: Blastoise|atk|2
|-boost|p2a: Blastoise|spa|2
|-boost|p2a: Blastoise|spe|2
|-enditem|p2a: Blastoise|White Herb
|-clearnegativeboost|p2a: Blastoise|[silent]
|
|upkeep
|turn|4
|
|t:|1776107442
|move|p2a: Blastoise|Earthquake|p1a: The Squiddler
|-supereffective|p1a: The Squiddler
|-damage|p1a: The Squiddler|0 fnt
|faint|p1a: The Squiddler
|
|upkeep
|
|t:|1776107452
|switch|p1a: Charlie Kirsch|Sinistcha|100/100
|turn|5
|
|t:|1776107458
|switch|p2a: Glimmora|Glimmora, F|100/100
|move|p1a: Charlie Kirsch|Matcha Gotcha|p2a: Glimmora
|-damage|p2a: Glimmora|55/100
|
|upkeep
|turn|6
|
|t:|1776107464
|switch|p1a: Gliskibidi|Gliscor, F|100/100 tox
|move|p2a: Glimmora|Meteor Beam||[still]
|-prepare|p2a: Glimmora|Meteor Beam
|-boost|p2a: Glimmora|spa|1
|-enditem|p2a: Glimmora|Power Herb
|-anim|p2a: Glimmora|Meteor Beam|p1a: Gliskibidi
|-damage|p1a: Gliskibidi|14/100 tox
|
|-heal|p1a: Gliskibidi|27/100 tox|[from] ability: Poison Heal
|upkeep
|turn|7
|
|t:|1776107472
|move|p1a: Gliskibidi|Protect|p1a: Gliskibidi
|-singleturn|p1a: Gliskibidi|Protect
|move|p2a: Glimmora|Stealth Rock|p1a: Gliskibidi
|-sidestart|p1: ridleyfr|move: Stealth Rock
|
|-heal|p1a: Gliskibidi|39/100 tox|[from] ability: Poison Heal
|upkeep
|turn|8
|j| 9qf2l
|l| 9qf2l
|
|t:|1776107481
|switch|p2a: Ogerpon|Ogerpon-Wellspring, F|100/100
|move|p1a: Gliskibidi|Earthquake|p2a: Ogerpon
|-resisted|p2a: Ogerpon
|-damage|p2a: Ogerpon|79/100
|
|-heal|p1a: Gliskibidi|52/100 tox|[from] ability: Poison Heal
|upkeep
|turn|9
|
|t:|1776107493
|switch|p2a: Ceruledge|Ceruledge, F|100/100
|switch|p1a: MEGA KNIGHT|Corviknight, M|100/100
|-damage|p1a: MEGA KNIGHT|88/100|[from] Stealth Rock
|-ability|p1a: MEGA KNIGHT|Pressure
|
|upkeep
|turn|10
|
|t:|1776107500
|move|p2a: Ceruledge|Swords Dance|p2a: Ceruledge
|-boost|p2a: Ceruledge|atk|2
|move|p1a: MEGA KNIGHT|U-turn|p2a: Ceruledge
|-resisted|p2a: Ceruledge
|-damage|p2a: Ceruledge|96/100
|-ability|p2a: Ceruledge|Weak Armor|boost
|-unboost|p2a: Ceruledge|def|1
|-boost|p2a: Ceruledge|spe|2
|
|t:|1776107506
|switch|p1a: DreamNotFound|Darkrai|100/100|[from] U-turn
|-damage|p1a: DreamNotFound|88/100|[from] Stealth Rock
|
|upkeep
|turn|11
|
|t:|1776107524
|switch|p2a: Glimmora|Glimmora, F|55/100
|move|p1a: DreamNotFound|Sucker Punch||[still]
|-fail|p1a: DreamNotFound
|
|upkeep
|turn|12
|
|t:|1776107530
|move|p1a: DreamNotFound|Dark Pulse|p2a: Glimmora
|-damage|p2a: Glimmora|0 fnt
|faint|p2a: Glimmora
|
|upkeep
|
|t:|1776107537
|switch|p2a: Deoxys|Deoxys-Speed|100/100
|-ability|p2a: Deoxys|Pressure
|turn|13
|
|t:|1776107541
|switch|p1a: Hephaepstein|Heatran, F|100/100
|-damage|p1a: Hephaepstein|88/100|[from] Stealth Rock
|move|p2a: Deoxys|Light Screen|p2a: Deoxys
|-sidestart|p2: terrastaliize|move: Light Screen
|
|-heal|p1a: Hephaepstein|94/100|[from] item: Leftovers
|upkeep
|turn|14
|
|t:|1776107544
|move|p2a: Deoxys|Taunt|p1a: Hephaepstein
|-start|p1a: Hephaepstein|move: Taunt
|cant|p1a: Hephaepstein|move: Taunt|Stealth Rock
|
|-heal|p1a: Hephaepstein|100/100|[from] item: Leftovers
|upkeep
|turn|15
|
|t:|1776107548
|move|p2a: Deoxys|Reflect|p2a: Deoxys
|-sidestart|p2: terrastaliize|Reflect
|move|p1a: Hephaepstein|Magma Storm|p2a: Deoxys
|-damage|p2a: Deoxys|75/100
|-activate|p2a: Deoxys|move: Magma Storm|[of] p1a: Hephaepstein
|
|-damage|p2a: Deoxys|63/100|[from] move: Magma Storm|[partiallytrapped]
|upkeep
|turn|16
|
|t:|1776107556
|move|p2a: Deoxys|Light Screen||[still]
|-fail|p2a: Deoxys
|move|p1a: Hephaepstein|Earth Power|p2a: Deoxys
|-damage|p2a: Deoxys|47/100
|
|-damage|p2a: Deoxys|35/100|[from] move: Magma Storm|[partiallytrapped]
|-end|p1a: Hephaepstein|move: Taunt
|upkeep
|turn|17
|
|t:|1776107559
|move|p2a: Deoxys|Taunt|p1a: Hephaepstein
|-start|p1a: Hephaepstein|move: Taunt
|move|p1a: Hephaepstein|Earth Power|p2a: Deoxys
|-damage|p2a: Deoxys|20/100
|
|-damage|p2a: Deoxys|8/100|[from] move: Magma Storm|[partiallytrapped]
|upkeep
|turn|18
|
|t:|1776107567
|move|p2a: Deoxys|Psycho Boost|p1a: Hephaepstein
|-resisted|p1a: Hephaepstein
|-damage|p1a: Hephaepstein|84/100
|-unboost|p2a: Deoxys|spa|2
|move|p1a: Hephaepstein|Earth Power|p2a: Deoxys
|-damage|p2a: Deoxys|0 fnt
|faint|p2a: Deoxys
|
|-heal|p1a: Hephaepstein|90/100|[from] item: Leftovers
|upkeep
|
|t:|1776107572
|switch|p2a: Ceruledge|Ceruledge, F|96/100
|turn|19
|
|t:|1776107576
|move|p2a: Ceruledge|Swords Dance|p2a: Ceruledge
|-boost|p2a: Ceruledge|atk|2
|move|p1a: Hephaepstein|Earth Power|p2a: Ceruledge
|-supereffective|p2a: Ceruledge
|-damage|p2a: Ceruledge|68/100
|
|-heal|p1a: Hephaepstein|97/100|[from] item: Leftovers
|-end|p1a: Hephaepstein|move: Taunt
|upkeep
|turn|20
|
|t:|1776107581
|move|p2a: Ceruledge|Poltergeist|p1a: Hephaepstein|[miss]
|-miss|p2a: Ceruledge|p1a: Hephaepstein
|move|p1a: Hephaepstein|Earth Power|p2a: Ceruledge
|-supereffective|p2a: Ceruledge
|-damage|p2a: Ceruledge|43/100
|
|-heal|p1a: Hephaepstein|100/100|[from] item: Leftovers
|-sideend|p2: terrastaliize|move: Light Screen
|upkeep
|turn|21
|
|t:|1776107588
|move|p2a: Ceruledge|Poltergeist|p1a: Hephaepstein
|-activate|p1a: Hephaepstein|move: Poltergeist|Leftovers
|-damage|p1a: Hephaepstein|0 fnt
|faint|p1a: Hephaepstein
|-damage|p2a: Ceruledge|33/100|[from] item: Life Orb
|
|upkeep
|
|t:|1776107592
|switch|p1a: DreamNotFound|Darkrai|88/100
|-damage|p1a: DreamNotFound|76/100|[from] Stealth Rock
|turn|22
|
|t:|1776107596
|move|p2a: Ceruledge|Shadow Sneak|p1a: DreamNotFound
|-resisted|p1a: DreamNotFound
|-damage|p1a: DreamNotFound|37/100
|-damage|p2a: Ceruledge|23/100|[from] item: Life Orb
|move|p1a: DreamNotFound|Dark Pulse|p2a: Ceruledge
|-supereffective|p2a: Ceruledge
|-damage|p2a: Ceruledge|0 fnt
|faint|p2a: Ceruledge
|
|-sideend|p2: terrastaliize|Reflect
|upkeep
|
|t:|1776107607
|switch|p2a: Blastoise|Blastoise, F|60/100
|turn|23
|
|t:|1776107613
|switch|p1a: Charlie Kirsch|Sinistcha|100/100
|move|p2a: Blastoise|Hydro Pump|p1a: Charlie Kirsch
|-resisted|p1a: Charlie Kirsch
|-damage|p1a: Charlie Kirsch|71/100
|
|upkeep
|turn|24
|
|t:|1776107623
|move|p2a: Blastoise|Shell Smash|p2a: Blastoise
|-unboost|p2a: Blastoise|def|1
|-unboost|p2a: Blastoise|spd|1
|-boost|p2a: Blastoise|atk|2
|-boost|p2a: Blastoise|spa|2
|-boost|p2a: Blastoise|spe|2
|move|p1a: Charlie Kirsch|Matcha Gotcha|p2a: Blastoise
|-supereffective|p2a: Blastoise
|-damage|p2a: Blastoise|0 fnt
|-heal|p1a: Charlie Kirsch|97/100|[from] drain|[of] p2a: Blastoise
|faint|p2a: Blastoise
|
|upkeep
|
|t:|1776107627
|switch|p2a: Ogerpon|Ogerpon-Wellspring, F|79/100
|turn|25
|
|t:|1776107653
|move|p2a: Ogerpon|Swords Dance|p2a: Ogerpon
|-boost|p2a: Ogerpon|atk|2
|move|p1a: Charlie Kirsch|Matcha Gotcha|p2a: Ogerpon|[miss]
|-miss|p1a: Charlie Kirsch|p2a: Ogerpon
|
|upkeep
|turn|26
|
|t:|1776107658
|move|p2a: Ogerpon|Swords Dance|p2a: Ogerpon
|-boost|p2a: Ogerpon|atk|2
|move|p1a: Charlie Kirsch|Matcha Gotcha|p2a: Ogerpon
|-damage|p2a: Ogerpon|41/100
|-heal|p1a: Charlie Kirsch|100/100|[from] drain|[of] p2a: Ogerpon
|
|upkeep
|turn|27
|
|t:|1776107666
|move|p2a: Ogerpon|Horn Leech|p1a: Charlie Kirsch
|-resisted|p1a: Charlie Kirsch
|-damage|p1a: Charlie Kirsch|51/100
|-heal|p2a: Ogerpon|70/100|[from] drain|[of] p1a: Charlie Kirsch
|move|p1a: Charlie Kirsch|Shadow Ball|p2a: Ogerpon
|-damage|p2a: Ogerpon|33/100
|-unboost|p2a: Ogerpon|spd|1
|
|upkeep
|turn|28
|
|t:|1776107671
|move|p2a: Ogerpon|Horn Leech|p1a: Charlie Kirsch
|-resisted|p1a: Charlie Kirsch
|-damage|p1a: Charlie Kirsch|0 fnt
|-heal|p2a: Ogerpon|63/100|[from] drain|[of] p1a: Charlie Kirsch
|faint|p1a: Charlie Kirsch
|
|upkeep
|
|t:|1776107680
|switch|p1a: DreamNotFound|Darkrai|37/100
|-damage|p1a: DreamNotFound|24/100|[from] Stealth Rock
|turn|29
|
|t:|1776107692
|-terastallize|p1a: DreamNotFound|Dark
|-terastallize|p2a: Ogerpon|Water
|detailschange|p2a: Ogerpon|Ogerpon-Wellspring-Tera, F, tera:Water
|-ability|p2a: Ogerpon|Embody Aspect (Wellspring)|boost
|-boost|p2a: Ogerpon|spd|1
|move|p1a: DreamNotFound|Dark Pulse|p2a: Ogerpon
|-damage|p2a: Ogerpon|0 fnt
|faint|p2a: Ogerpon
|detailschange|p2: Ogerpon|Ogerpon-Wellspring, F|[silent]
|
|upkeep
|
|t:|1776107698
|switch|p2a: Zamazenta|Zamazenta|100/100
|-ability|p2a: Zamazenta|Dauntless Shield|boost
|-boost|p2a: Zamazenta|def|1
|turn|30
|
|t:|1776107702
|switch|p1a: MEGA KNIGHT|Corviknight, M|88/100
|-damage|p1a: MEGA KNIGHT|76/100|[from] Stealth Rock
|-ability|p1a: MEGA KNIGHT|Pressure
|move|p2a: Zamazenta|Iron Defense|p2a: Zamazenta
|-boost|p2a: Zamazenta|def|2
|
|upkeep
|turn|31
|
|t:|1776107707
|move|p2a: Zamazenta|Iron Defense|p2a: Zamazenta
|-boost|p2a: Zamazenta|def|2
|move|p1a: MEGA KNIGHT|Iron Defense|p1a: MEGA KNIGHT
|-boost|p1a: MEGA KNIGHT|def|2
|
|upkeep
|turn|32
|
|t:|1776107709
|move|p1a: MEGA KNIGHT|Iron Defense|p1a: MEGA KNIGHT
|-boost|p1a: MEGA KNIGHT|def|2
|move|p2a: Zamazenta|Roar|p1a: MEGA KNIGHT
|drag|p1a: Gliskibidi|Gliscor, F|52/100 tox
|-damage|p1a: Gliskibidi|39/100 tox|[from] Stealth Rock
|
|-heal|p1a: Gliskibidi|52/100 tox|[from] ability: Poison Heal
|upkeep
|turn|33
|
|t:|1776107717
|move|p2a: Zamazenta|Body Press|p1a: Gliskibidi
|-resisted|p1a: Gliskibidi
|-damage|p1a: Gliskibidi|0 fnt
|faint|p1a: Gliskibidi
|
|upkeep
|
|t:|1776107720
|switch|p1a: DreamNotFound|Darkrai, tera:Dark|24/100
|-damage|p1a: DreamNotFound|12/100|[from] Stealth Rock
|turn|34
|
|t:|1776107724
|move|p2a: Zamazenta|Body Press|p1a: DreamNotFound
|-supereffective|p1a: DreamNotFound
|-crit|p1a: DreamNotFound
|-damage|p1a: DreamNotFound|0 fnt
|faint|p1a: DreamNotFound
|
|upkeep
|
|t:|1776107725
|switch|p1a: MEGA KNIGHT|Corviknight, M|76/100
|-damage|p1a: MEGA KNIGHT|64/100|[from] Stealth Rock
|-ability|p1a: MEGA KNIGHT|Pressure
|turn|35
|
|t:|1776107728
|move|p2a: Zamazenta|Body Press|p1a: MEGA KNIGHT
|-damage|p1a: MEGA KNIGHT|0 fnt
|-damage|p2a: Zamazenta|84/100|[from] item: Rocky Helmet|[of] p1a: MEGA KNIGHT
|faint|p1a: MEGA KNIGHT
|
|win|terrastaliize
|raw|ridleyfr's rating: 1629 &rarr; <strong>1614</strong><br />(-15 for losing)
|raw|terrastaliize's rating: 1725 &rarr; <strong>1740</strong><br />(+15 for winning)
|c|☆terrastaliize|gg
|c|☆ridleyfr|gg
|l|☆ridleyfr
|player|p1|
|l|☆terrastaliize
|player|p2|
