|html|<div class="broadcast-blue"><strong>[Gen 9] OU is currently suspecting Tera Blast! For information on how to participate check out the <a href="https://www.smogon.com/tools/suspects/view/200">suspect thread</a>.</strong></div>
|j|☆mosswasgone
|j|☆Sohai0721
|t:|1776063394
|gametype|singles
|player|p1|mosswasgone|iris|1172
|player|p2|Sohai0721|265|1166
|gen|9
|tier|[Gen 9] OU
|rated|
|rule|HP Percentage Mod: HP is shown in percentages
|rule|Endless Battle Clause: Forcing endless battles is banned
|rule|Species Clause: Limit one of each Pokémon
|rule|OHKO Clause: OHKO moves are banned
|rule|Evasion Items Clause: Evasion items are banned
|rule|Evasion Moves Clause: Evasion moves are banned
|rule|Evasion Abilities Clause: Evasion abilities are banned
|rule|Sleep Moves Clause: Sleep-inducing moves are banned
|clearpoke
|poke|p1|Crawdaunt, F|
|poke|p1|Garchomp, F|
|poke|p1|Hydreigon, F|
|poke|p1|Tornadus-Therian, M|
|poke|p1|Deoxys-Speed|
|poke|p1|Ceruledge, M|
|poke|p2|Garganacl, M|
|poke|p2|Landorus-Therian, M|
|poke|p2|Clefable, M|
|poke|p2|Corviknight, M|
|poke|p2|Ditto|
|poke|p2|Conkeldurr, M|
|teampreview
|inactive|Battle timer is ON: inactive players will automatically lose when time's up. (requested by mosswasgone)
|
|t:|1776063401
|teamsize|p1|6
|teamsize|p2|6
|start
|switch|p1a: Garchomp|Garchomp, F|100/100
|switch|p2a: Garganacl|Garganacl, M|100/100
|turn|1
|
|t:|1776063410
|move|p1a: Garchomp|Stealth Rock|p2a: Garganacl
|-sidestart|p2: Sohai0721|move: Stealth Rock
|move|p2a: Garganacl|Salt Cure|p1a: Garchomp
|-resisted|p1a: Garchomp
|-damage|p1a: Garchomp|96/100
|-start|p1a: Garchomp|Salt Cure
|
|-damage|p1a: Garchomp|84/100|[from] Salt Cure
|upkeep
|turn|2
|
|t:|1776063417
|move|p1a: Garchomp|Spikes|p2a: Garganacl
|-sidestart|p2: Sohai0721|Spikes
|move|p2a: Garganacl|Stealth Rock|p1a: Garchomp
|-sidestart|p1: mosswasgone|move: Stealth Rock
|
|-damage|p1a: Garchomp|72/100|[from] Salt Cure
|upkeep
|turn|3
|
|t:|1776063423
|switch|p2a: Corviknight|Corviknight, M|100/100
|move|p1a: Garchomp|Earthquake|p2a: Corviknight
|-immune|p2a: Corviknight
|
|-damage|p1a: Garchomp|59/100|[from] Salt Cure
|upkeep
|turn|4
|
|t:|1776063432
|move|p1a: Garchomp|Stealth Rock||[still]
|-fail|p1a: Garchomp
|move|p2a: Corviknight|Defog|p1a: Garchomp
|-unboost|p1a: Garchomp|evasion|1
|-sideend|p1: mosswasgone|Stealth Rock|[from] move: Defog|[of] p2a: Corviknight
|-sideend|p2: Sohai0721|Spikes|[from] move: Defog|[of] p2a: Corviknight
|-sideend|p2: Sohai0721|Stealth Rock|[from] move: Defog|[of] p2a: Corviknight
|
|-damage|p1a: Garchomp|47/100|[from] Salt Cure
|upkeep
|turn|5
|
|t:|1776063441
|move|p1a: Garchomp|Stealth Rock|p2a: Corviknight
|-sidestart|p2: Sohai0721|move: Stealth Rock
|move|p2a: Corviknight|Brave Bird|p1a: Garchomp
|-damage|p1a: Garchomp|25/100
|-damage|p2a: Corviknight|88/100|[from] ability: Rough Skin|[of] p1a: Garchomp
|-damage|p2a: Corviknight|72/100|[from] item: Rocky Helmet|[of] p1a: Garchomp
|-damage|p2a: Corviknight|64/100|[from] Recoil
|
|-damage|p1a: Garchomp|12/100|[from] Salt Cure
|upkeep
|turn|6
|
|t:|1776063453
|switch|p1a: Crawdaunt|Crawdaunt, F|100/100
|move|p2a: Corviknight|Defog|p1a: Crawdaunt
|-unboost|p1a: Crawdaunt|evasion|1
|-sideend|p2: Sohai0721|Stealth Rock|[from] move: Defog|[of] p2a: Corviknight
|
|upkeep
|turn|7
|
|t:|1776063461
|move|p1a: Crawdaunt|Crabhammer|p2a: Corviknight
|-crit|p2a: Corviknight
|-damage|p2a: Corviknight|0 fnt
|faint|p2a: Corviknight
|
|upkeep
|
|t:|1776063469
|switch|p2a: Landorus|Landorus-Therian, M|100/100
|-ability|p2a: Landorus|Intimidate|boost
|-unboost|p1a: Crawdaunt|atk|1
|turn|8
|
|t:|1776063474
|switch|p1a: Garchomp|Garchomp, F|12/100
|move|p2a: Landorus|U-turn|p1a: Garchomp
|-damage|p1a: Garchomp|0 fnt
|-damage|p2a: Landorus|88/100|[from] ability: Rough Skin|[of] p1a: Garchomp
|-damage|p2a: Landorus|71/100|[from] item: Rocky Helmet|[of] p1a: Garchomp
|faint|p1a: Garchomp
|
|t:|1776063483
|switch|p2a: Clefable|Clefable, M|100/100|[from] U-turn
|
|upkeep
|
|t:|1776063495
|switch|p1a: Deoxys|Deoxys-Speed|100/100
|-ability|p1a: Deoxys|Pressure
|turn|9
|
|t:|1776063501
|move|p1a: Deoxys|Taunt|p2a: Clefable
|-start|p2a: Clefable|move: Taunt
|cant|p2a: Clefable|move: Taunt|Wish
|
|upkeep
|turn|10
|
|t:|1776063507
|move|p1a: Deoxys|Light Screen|p1a: Deoxys
|-sidestart|p1: mosswasgone|move: Light Screen
|move|p2a: Clefable|Moonblast|p1a: Deoxys
|-damage|p1a: Deoxys|81/100
|
|upkeep
|turn|11
|
|t:|1776063516
|switch|p2a: Garganacl|Garganacl, M|100/100
|move|p1a: Deoxys|Reflect|p1a: Deoxys
|-sidestart|p1: mosswasgone|Reflect
|
|upkeep
|turn|12
|
|t:|1776063523
|switch|p1a: Crawdaunt|Crawdaunt, F|100/100
|move|p2a: Garganacl|Stealth Rock|p1a: Crawdaunt
|-sidestart|p1: mosswasgone|move: Stealth Rock
|
|upkeep
|turn|13
|
|t:|1776063529
|move|p1a: Crawdaunt|Crabhammer|p2a: Garganacl
|-supereffective|p2a: Garganacl
|-damage|p2a: Garganacl|0 fnt
|faint|p2a: Garganacl
|
|upkeep
|
|t:|1776063537
|switch|p2a: Conkeldurr|Conkeldurr, M|100/100
|turn|14
|
|t:|1776063551
|move|p1a: Crawdaunt|Crabhammer|p2a: Conkeldurr
|-damage|p2a: Conkeldurr|0 fnt
|faint|p2a: Conkeldurr
|
|upkeep
|
|t:|1776063556
|switch|p2a: Landorus|Landorus-Therian, M|71/100
|-ability|p2a: Landorus|Intimidate|boost
|-unboost|p1a: Crawdaunt|atk|1
|turn|15
|
|t:|1776063560
|move|p2a: Landorus|Earthquake|p1a: Crawdaunt
|-crit|p1a: Crawdaunt
|-damage|p1a: Crawdaunt|0 fnt
|faint|p1a: Crawdaunt
|
|upkeep
|
|t:|1776063572
|switch|p1a: Tornadus|Tornadus-Therian, M|100/100
|turn|16
|
|t:|1776063578
|switch|p2a: Clefable|Clefable, M|100/100
|move|p1a: Tornadus|Bleakwind Storm|p2a: Clefable
|-damage|p2a: Clefable|73/100
|
|-heal|p2a: Clefable|79/100|[from] item: Leftovers
|upkeep
|turn|17
|
|t:|1776063585
|move|p1a: Tornadus|Knock Off|p2a: Clefable
|-resisted|p2a: Clefable
|-damage|p2a: Clefable|68/100
|-enditem|p2a: Clefable|Leftovers|[from] move: Knock Off|[of] p1a: Tornadus
|move|p2a: Clefable|Wish|p2a: Clefable
|
|-sideend|p1: mosswasgone|move: Light Screen
|upkeep
|turn|18
|
|t:|1776063590
|move|p1a: Tornadus|U-turn|p2a: Clefable
|-resisted|p2a: Clefable
|-damage|p2a: Clefable|61/100
|
|t:|1776063593
|switch|p1a: Ceruledge|Ceruledge, M|100/100|[from] U-turn
|-damage|p1a: Ceruledge|76/100|[from] Stealth Rock
|move|p2a: Clefable|Moonblast|p1a: Ceruledge
|-resisted|p1a: Ceruledge
|-damage|p1a: Ceruledge|57/100
|
|-heal|p2a: Clefable|100/100|[from] move: Wish|[wisher] Clefable
|-sideend|p1: mosswasgone|Reflect
|upkeep
|turn|19
|
|t:|1776063606
|move|p1a: Ceruledge|Swords Dance|p1a: Ceruledge
|-boost|p1a: Ceruledge|atk|2
|move|p2a: Clefable|Wish|p2a: Clefable
|
|upkeep
|turn|20
|
|t:|1776063611
|switch|p2a: Landorus|Landorus-Therian, M|71/100
|-ability|p2a: Landorus|Intimidate|boost
|-unboost|p1a: Ceruledge|atk|1
|move|p1a: Ceruledge|Bitter Blade|p2a: Landorus
|-damage|p2a: Landorus|0 fnt
|-heal|p1a: Ceruledge|96/100|[from] drain|[of] p2a: Landorus
|faint|p2a: Landorus
|-damage|p1a: Ceruledge|86/100|[from] item: Life Orb
|
|upkeep
|
|t:|1776063622
|switch|p2a: Ditto|Ditto|100/100
|-transform|p2a: Ditto|p1a: Ceruledge|[from] ability: Imposter
|turn|21
|
|t:|1776063634
|move|p1a: Ceruledge|Shadow Sneak|p2a: Ditto
|-supereffective|p2a: Ditto
|-damage|p2a: Ditto|0 fnt
|faint|p2a: Ditto
|-damage|p1a: Ceruledge|76/100|[from] item: Life Orb
|
|upkeep
|
|t:|1776063639
|switch|p2a: Clefable|Clefable, M|100/100
|turn|22
|
|t:|1776063642
|move|p1a: Ceruledge|Bitter Blade|p2a: Clefable
|-damage|p2a: Clefable|10/100
|-heal|p1a: Ceruledge|100/100|[from] drain|[of] p2a: Clefable
|-damage|p1a: Ceruledge|91/100|[from] item: Life Orb
|move|p2a: Clefable|Moonblast|p1a: Ceruledge
|-resisted|p1a: Ceruledge
|-damage|p1a: Ceruledge|72/100
|
|upkeep
|turn|23
|-message|Sohai0721 forfeited.
|
|win|mosswasgone
|raw|mosswasgone's rating: 1172 &rarr; <strong>1197</strong><br />(+25 for winning)
|raw|Sohai0721's rating: 1166 &rarr; <strong>1141</strong><br />(-25 for losing)
|l|☆Sohai0721
|player|p2|
|l|☆mosswasgone
|player|p1|
