|html|<div class="broadcast-blue"><strong>[Gen 9] OU is currently suspecting Volcarona! For information on how to participate check out the <a href="https://www.smogon.com/tools/suspects/view/208">suspect thread</a>.</strong></div>
|j|☆yunubetter
|j|☆youriboyka
|t:|1778516160
|gametype|singles
|player|p1|yunubetter|liza|1310
|player|p2|youriboyka|alder|1418
|gen|9
|tier|[Gen 9] OU
|rated|
|rule|HP Percentage Mod: HP is shown in percentages
|rule|Endless Battle Clause: Forcing endless battles is banned
|rule|Species Clause: Limit one of each Pokémon
|rule|OHKO Clause: OHKO moves are banned
|rule|Evasion Items Clause: Evasion items are banned
|rule|Evasion Moves Clause: Evasion moves are banned
|rule|Evasion Abilities Clause: Evasion abilities are banned
|rule|Sleep Moves Clause: Sleep-inducing moves are banned
|clearpoke
|poke|p1|Zapdos|
|poke|p1|Kyurem|
|poke|p1|Revavroom, M|
|poke|p1|Great Tusk|
|poke|p1|Zamazenta-*|
|poke|p1|Volcarona, M|
|poke|p2|Iron Moth|
|poke|p2|Kingambit, M|
|poke|p2|Dragonite, M|
|poke|p2|Ogerpon-Cornerstone, F|
|poke|p2|Iron Valiant|
|poke|p2|Raging Bolt|
|teampreview
|c|☆youriboyka|hf
|inactive|Battle timer is ON: inactive players will automatically lose when time's up. (requested by youriboyka)
|
|t:|1778516170
|teamsize|p1|6
|teamsize|p2|6
|start
|switch|p1a: Kyurem|Kyurem, shiny|100/100
|switch|p2a: Iron Moth|Iron Moth|100/100
|-ability|p1a: Kyurem|Pressure
|-enditem|p2a: Iron Moth|Booster Energy
|-activate|p2a: Iron Moth|ability: Quark Drive|[fromitem]
|-start|p2a: Iron Moth|quarkdrivespe
|turn|1
|
|t:|1778516174
|move|p2a: Iron Moth|Substitute|p2a: Iron Moth
|-start|p2a: Iron Moth|Substitute
|-damage|p2a: Iron Moth|76/100
|move|p1a: Kyurem|Earth Power|p2a: Iron Moth
|-supereffective|p2a: Iron Moth
|-end|p2a: Iron Moth|Substitute
|
|upkeep
|turn|2
|
|t:|1778516177
|move|p2a: Iron Moth|Fire Blast|p1a: Kyurem|[miss]
|-miss|p2a: Iron Moth|p1a: Kyurem
|move|p1a: Kyurem|Earth Power|p2a: Iron Moth
|-supereffective|p2a: Iron Moth
|-damage|p2a: Iron Moth|0 fnt
|faint|p2a: Iron Moth
|-end|p2a: Iron Moth|Quark Drive|[silent]
|
|upkeep
|
|t:|1778516178
|switch|p2a: Ogerpon|Ogerpon-Cornerstone, F|100/100
|turn|3
|
|t:|1778516186
|switch|p1a: Revavroom|Revavroom, M|100/100
|-item|p1a: Revavroom|Air Balloon
|move|p2a: Ogerpon|Ivy Cudgel|p1a: Revavroom|[anim] Ivy Cudgel Rock
|-resisted|p1a: Revavroom
|-crit|p1a: Revavroom
|-damage|p1a: Revavroom|49/100
|-enditem|p1a: Revavroom|Air Balloon
|
|upkeep
|turn|4
|
|t:|1778516193
|move|p2a: Ogerpon|Low Kick|p1a: Revavroom
|-crit|p1a: Revavroom
|-damage|p1a: Revavroom|0 fnt
|faint|p1a: Revavroom
|
|upkeep
|
|t:|1778516201
|switch|p1a: Zazamenta|Zamazenta, shiny|100/100
|-ability|p1a: Zazamenta|Dauntless Shield|boost
|-boost|p1a: Zazamenta|def|1
|turn|5
|
|t:|1778516207
|switch|p2a: Iron Valiant|Iron Valiant|100/100
|-enditem|p2a: Iron Valiant|Booster Energy
|-activate|p2a: Iron Valiant|ability: Quark Drive|[fromitem]
|-start|p2a: Iron Valiant|quarkdrivespe
|move|p1a: Zazamenta|Body Press|p2a: Iron Valiant
|-resisted|p2a: Iron Valiant
|-damage|p2a: Iron Valiant|68/100
|
|upkeep
|turn|6
|
|t:|1778516217
|switch|p1a: Volcarona|Volcarona, M|100/100
|move|p2a: Iron Valiant|Moonblast|p1a: Volcarona
|-resisted|p1a: Volcarona
|-damage|p1a: Volcarona|76/100
|-unboost|p1a: Volcarona|spa|1
|
|upkeep
|turn|7
|
|t:|1778516220
|move|p2a: Iron Valiant|Calm Mind|p2a: Iron Valiant
|-boost|p2a: Iron Valiant|spa|1
|-boost|p2a: Iron Valiant|spd|1
|move|p1a: Volcarona|Quiver Dance|p1a: Volcarona
|-boost|p1a: Volcarona|spa|1
|-boost|p1a: Volcarona|spd|1
|-boost|p1a: Volcarona|spe|1
|
|upkeep
|turn|8
|
|t:|1778516224
|move|p2a: Iron Valiant|Encore|p1a: Volcarona
|-start|p1a: Volcarona|Encore
|move|p1a: Volcarona|Quiver Dance|p1a: Volcarona
|-boost|p1a: Volcarona|spa|1
|-boost|p1a: Volcarona|spd|1
|-boost|p1a: Volcarona|spe|1
|
|upkeep
|turn|9
|
|t:|1778516227
|-end|p2a: Iron Valiant|Quark Drive|[silent]
|switch|p2a: Ogerpon|Ogerpon-Cornerstone, F|100/100
|move|p1a: Volcarona|Quiver Dance|p1a: Volcarona
|-boost|p1a: Volcarona|spa|1
|-boost|p1a: Volcarona|spd|1
|-boost|p1a: Volcarona|spe|1
|
|upkeep
|turn|10
|
|t:|1778516233
|switch|p1a: Zazamenta|Zamazenta, shiny|100/100
|move|p2a: Ogerpon|Ivy Cudgel|p1a: Zazamenta|[anim] Ivy Cudgel Rock
|-resisted|p1a: Zazamenta
|-damage|p1a: Zazamenta|81/100
|
|-heal|p1a: Zazamenta|87/100|[from] item: Leftovers
|upkeep
|turn|11
|
|t:|1778516236
|switch|p2a: Iron Valiant|Iron Valiant|68/100
|move|p1a: Zazamenta|Body Press|p2a: Iron Valiant
|-resisted|p2a: Iron Valiant
|-damage|p2a: Iron Valiant|46/100
|
|-heal|p1a: Zazamenta|93/100|[from] item: Leftovers
|upkeep
|turn|12
|
|t:|1778516247
|switch|p1a: Zapdos|Zapdos, shiny|100/100
|move|p2a: Iron Valiant|Moonblast|p1a: Zapdos
|-damage|p1a: Zapdos|67/100
|
|upkeep
|turn|13
|
|t:|1778516249
|move|p2a: Iron Valiant|Moonblast|p1a: Zapdos
|-crit|p1a: Zapdos
|-damage|p1a: Zapdos|10/100
|-unboost|p1a: Zapdos|spa|1
|move|p1a: Zapdos|Thunder Wave|p2a: Iron Valiant
|-status|p2a: Iron Valiant|par
|
|upkeep
|turn|14
|
|t:|1778516251
|move|p1a: Zapdos|Roost|p1a: Zapdos
|-heal|p1a: Zapdos|60/100
|-singleturn|p1a: Zapdos|move: Roost
|move|p2a: Iron Valiant|Moonblast|p1a: Zapdos
|-damage|p1a: Zapdos|26/100
|-unboost|p1a: Zapdos|spa|1
|
|upkeep
|turn|15
|
|t:|1778516254
|move|p1a: Zapdos|Roost|p1a: Zapdos
|-heal|p1a: Zapdos|77/100
|-singleturn|p1a: Zapdos|move: Roost
|move|p2a: Iron Valiant|Moonblast|p1a: Zapdos
|-damage|p1a: Zapdos|44/100
|-unboost|p1a: Zapdos|spa|1
|
|upkeep
|turn|16
|
|t:|1778516256
|move|p1a: Zapdos|Roost|p1a: Zapdos
|-heal|p1a: Zapdos|95/100
|-singleturn|p1a: Zapdos|move: Roost
|move|p2a: Iron Valiant|Moonblast|p1a: Zapdos
|-damage|p1a: Zapdos|58/100
|-unboost|p1a: Zapdos|spa|1
|
|upkeep
|turn|17
|
|t:|1778516258
|move|p1a: Zapdos|Roost|p1a: Zapdos
|-heal|p1a: Zapdos|100/100
|-singleturn|p1a: Zapdos|move: Roost
|move|p2a: Iron Valiant|Moonblast|p1a: Zapdos
|-damage|p1a: Zapdos|67/100
|
|upkeep
|turn|18
|
|t:|1778516261
|move|p1a: Zapdos|Roost|p1a: Zapdos
|-heal|p1a: Zapdos|100/100
|-singleturn|p1a: Zapdos|move: Roost
|move|p2a: Iron Valiant|Moonblast|p1a: Zapdos
|-damage|p1a: Zapdos|63/100
|
|upkeep
|turn|19
|
|t:|1778516264
|move|p1a: Zapdos|Volt Switch|p2a: Iron Valiant
|-damage|p2a: Iron Valiant|28/100 par
|
|t:|1778516269
|switch|p1a: Volcarona|Volcarona, M|76/100|[from] Volt Switch
|cant|p2a: Iron Valiant|par
|
|upkeep
|turn|20
|
|t:|1778516282
|-end|p2a: Iron Valiant|Quark Drive|[silent]
|switch|p2a: Dragonite|Dragonite, M|100/100
|move|p1a: Volcarona|Fiery Dance|p2a: Dragonite
|-resisted|p2a: Dragonite
|-damage|p2a: Dragonite|91/100
|-boost|p1a: Volcarona|spa|1
|
|upkeep
|turn|21
|
|t:|1778516291
|switch|p1a: Zapdos|Zapdos, shiny|63/100
|move|p2a: Dragonite|Dragon Dance|p2a: Dragonite
|-boost|p2a: Dragonite|atk|1
|-boost|p2a: Dragonite|spe|1
|
|upkeep
|turn|22
|
|t:|1778516294
|move|p2a: Dragonite|Ice Spinner|p1a: Zapdos
|-supereffective|p1a: Zapdos
|-damage|p1a: Zapdos|0 fnt
|faint|p1a: Zapdos
|
|upkeep
|
|t:|1778516296
|switch|p1a: Kyurem|Kyurem, shiny|100/100
|-ability|p1a: Kyurem|Pressure
|turn|23
|
|t:|1778516297
|-terastallize|p2a: Dragonite|Normal
|move|p2a: Dragonite|Extreme Speed|p1a: Kyurem
|-damage|p1a: Kyurem|38/100
|move|p1a: Kyurem|Freeze-Dry|p2a: Dragonite
|-damage|p2a: Dragonite|55/100
|-status|p2a: Dragonite|frz
|
|upkeep
|turn|24
|
|t:|1778516301
|cant|p2a: Dragonite|frz
|move|p1a: Kyurem|Freeze-Dry|p2a: Dragonite
|-damage|p2a: Dragonite|14/100 frz
|
|upkeep
|turn|25
|
|t:|1778516304
|cant|p2a: Dragonite|frz
|move|p1a: Kyurem|Freeze-Dry|p2a: Dragonite
|-damage|p2a: Dragonite|0 fnt
|faint|p2a: Dragonite
|
|upkeep
|
|t:|1778516304
|switch|p2a: Ogerpon|Ogerpon-Cornerstone, F|100/100
|turn|26
|
|t:|1778516312
|switch|p1a: Zazamenta|Zamazenta, shiny|93/100
|move|p2a: Ogerpon|Low Kick|p1a: Zazamenta
|-damage|p1a: Zazamenta|61/100
|
|-heal|p1a: Zazamenta|67/100|[from] item: Leftovers
|upkeep
|turn|27
|
|t:|1778516317
|switch|p2a: Raging Bolt|Raging Bolt|100/100
|-enditem|p2a: Raging Bolt|Booster Energy
|-activate|p2a: Raging Bolt|ability: Protosynthesis|[fromitem]
|-start|p2a: Raging Bolt|protosynthesisspa
|move|p1a: Zazamenta|Body Press|p2a: Raging Bolt
|-damage|p2a: Raging Bolt|71/100
|
|-heal|p1a: Zazamenta|73/100|[from] item: Leftovers
|upkeep
|turn|28
|
|t:|1778516325
|switch|p1a: Great Tusk|Great Tusk, shiny|100/100
|move|p2a: Raging Bolt|Dragon Pulse|p1a: Great Tusk
|-damage|p1a: Great Tusk|38/100
|
|upkeep
|turn|29
|
|t:|1778516328
|move|p1a: Great Tusk|Earthquake|p2a: Raging Bolt
|-supereffective|p2a: Raging Bolt
|-crit|p2a: Raging Bolt
|-damage|p2a: Raging Bolt|0 fnt
|faint|p2a: Raging Bolt
|-end|p2a: Raging Bolt|Protosynthesis|[silent]
|
|upkeep
|
|t:|1778516329
|switch|p2a: Ogerpon|Ogerpon-Cornerstone, F|100/100
|turn|30
|
|t:|1778516333
|move|p2a: Ogerpon|Power Whip|p1a: Great Tusk
|-supereffective|p1a: Great Tusk
|-damage|p1a: Great Tusk|0 fnt
|faint|p1a: Great Tusk
|-end|p1a: Great Tusk|Protosynthesis|[silent]
|
|upkeep
|
|t:|1778516337
|switch|p1a: Zazamenta|Zamazenta, shiny|73/100
|turn|31
|
|t:|1778516341
|move|p1a: Zazamenta|Body Press|p2a: Ogerpon
|-supereffective|p2a: Ogerpon
|-damage|p2a: Ogerpon|17/100
|move|p2a: Ogerpon|Power Whip|p1a: Zazamenta
|-damage|p1a: Zazamenta|19/100
|
|-heal|p1a: Zazamenta|25/100|[from] item: Leftovers
|upkeep
|turn|32
|
|t:|1778516344
|switch|p2a: Iron Valiant|Iron Valiant|28/100 par
|move|p1a: Zazamenta|Body Press|p2a: Iron Valiant
|-resisted|p2a: Iron Valiant
|-damage|p2a: Iron Valiant|6/100 par
|
|-heal|p1a: Zazamenta|31/100|[from] item: Leftovers
|upkeep
|turn|33
|
|t:|1778516346
|move|p1a: Zazamenta|Body Press|p2a: Iron Valiant
|-resisted|p2a: Iron Valiant
|-damage|p2a: Iron Valiant|0 fnt
|faint|p2a: Iron Valiant
|-end|p2a: Iron Valiant|Quark Drive|[silent]
|
|-heal|p1a: Zazamenta|37/100|[from] item: Leftovers
|upkeep
|
|t:|1778516346
|switch|p2a: Ogerpon|Ogerpon-Cornerstone, F|17/100
|turn|34
|
|t:|1778516352
|move|p1a: Zazamenta|Body Press|p2a: Ogerpon
|-supereffective|p2a: Ogerpon
|-damage|p2a: Ogerpon|0 fnt
|faint|p2a: Ogerpon
|
|-heal|p1a: Zazamenta|43/100|[from] item: Leftovers
|upkeep
|
|t:|1778516352
|switch|p2a: Kingambit|Kingambit, M|100/100
|-activate|p2a: Kingambit|ability: Supreme Overlord
|-start|p2a: Kingambit|fallen5|[silent]
|turn|35
|
|t:|1778516355
|move|p2a: Kingambit|Sucker Punch|p1a: Zazamenta
|-resisted|p1a: Zazamenta
|-damage|p1a: Zazamenta|18/100
|move|p1a: Zazamenta|Body Press|p2a: Kingambit
|-supereffective|p2a: Kingambit
|-damage|p2a: Kingambit|0 fnt
|faint|p2a: Kingambit
|-end|p2a: Kingambit|fallen5|[silent]
|
|win|yunubetter
|raw|yunubetter's rating: 1334 &rarr; <strong>1359</strong><br />(+25 for winning)
|raw|youriboyka's rating: 1418 &rarr; <strong>1393</strong><br />(-25 for losing)
|c|☆youriboyka|gg
|c|☆yunubetter|gg
|l|☆yunubetter
|player|p1|
|l|☆youriboyka
|player|p2|
