|html|<div class="broadcast-blue"><strong>[Gen 9] OU is currently suspecting Tera Blast! For information on how to participate check out the <a href="https://www.smogon.com/tools/suspects/view/200">suspect thread</a>.</strong></div>
|j|☆snurke
|j|☆Zuifeng
|t:|1776069782
|gametype|singles
|player|p1|snurke|sisandbro|1600
|player|p2|Zuifeng|li|1732
|gen|9
|tier|[Gen 9] OU
|rated|
|rule|HP Percentage Mod: HP is shown in percentages
|rule|Endless Battle Clause: Forcing endless battles is banned
|rule|Species Clause: Limit one of each Pokémon
|rule|OHKO Clause: OHKO moves are banned
|rule|Evasion Items Clause: Evasion items are banned
|rule|Evasion Moves Clause: Evasion moves are banned
|rule|Evasion Abilities Clause: Evasion abilities are banned
|rule|Sleep Moves Clause: Sleep-inducing moves are banned
|clearpoke
|poke|p1|Mew|
|poke|p1|Great Tusk|
|poke|p1|Kingambit, F|
|poke|p1|Ceruledge, F|
|poke|p1|Slowking, F|
|poke|p1|Gliscor, F|
|poke|p2|Gholdengo|
|poke|p2|Hatterene, F|
|poke|p2|Samurott-Hisui, M|
|poke|p2|Great Tusk|
|poke|p2|Tornadus-Therian, M|
|poke|p2|Dragonite, F|
|teampreview
|inactive|Battle timer is ON: inactive players will automatically lose when time's up. (requested by Zuifeng)
|inactive|snurke has 120 seconds left.
|inactive|Zuifeng has 120 seconds left.
|
|t:|1776069819
|teamsize|p1|6
|teamsize|p2|6
|start
|switch|p1a: Mew|Mew, shiny|100/100
|switch|p2a: Samurott|Samurott-Hisui, M|100/100
|turn|1
|
|t:|1776069826
|move|p1a: Mew|Transform|p2a: Samurott
|-transform|p1a: Mew|p2a: Samurott
|move|p2a: Samurott|Ceaseless Edge|p1a: Mew
|-resisted|p1a: Mew
|-damage|p1a: Mew|72/100
|-sidestart|p1: snurke|Spikes
|
|-heal|p1a: Mew|78/100|[from] item: Leftovers
|upkeep
|turn|2
|
|t:|1776069838
|move|p2a: Samurott|Ceaseless Edge|p1a: Mew
|-resisted|p1a: Mew
|-damage|p1a: Mew|49/100
|-sidestart|p1: snurke|Spikes
|move|p1a: Mew|Ceaseless Edge|p2a: Samurott
|-resisted|p2a: Samurott
|-damage|p2a: Samurott|69/100
|-sidestart|p2: Zuifeng|Spikes
|
|-heal|p1a: Mew|55/100|[from] item: Leftovers
|upkeep
|turn|3
|
|t:|1776069854
|move|p2a: Samurott|Ceaseless Edge|p1a: Mew
|-resisted|p1a: Mew
|-damage|p1a: Mew|23/100
|-sidestart|p1: snurke|Spikes
|move|p1a: Mew|Ceaseless Edge|p2a: Samurott
|-resisted|p2a: Samurott
|-damage|p2a: Samurott|38/100
|-sidestart|p2: Zuifeng|Spikes
|
|-heal|p1a: Mew|29/100|[from] item: Leftovers
|upkeep
|turn|4
|
|t:|1776069867
|switch|p1a: Great Tusk|Great Tusk|100/100
|-damage|p1a: Great Tusk|76/100|[from] Spikes
|move|p2a: Samurott|Razor Shell|p1a: Great Tusk
|-supereffective|p1a: Great Tusk
|-damage|p1a: Great Tusk|11/100
|-unboost|p1a: Great Tusk|def|1
|-damage|p2a: Samurott|21/100|[from] item: Rocky Helmet|[of] p1a: Great Tusk
|
|upkeep
|turn|5
|
|t:|1776069879
|move|p2a: Samurott|Sucker Punch|p1a: Great Tusk
|-resisted|p1a: Great Tusk
|-damage|p1a: Great Tusk|0 fnt
|-damage|p2a: Samurott|5/100|[from] item: Rocky Helmet|[of] p1a: Great Tusk
|faint|p1a: Great Tusk
|-end|p1a: Great Tusk|Protosynthesis|[silent]
|
|upkeep
|
|t:|1776069894
|switch|p1a: Gliscor|Gliscor, F, shiny|100/100
|turn|6
|
|t:|1776069902
|switch|p2a: Great Tusk|Great Tusk|100/100
|move|p1a: Gliscor|Knock Off|p2a: Great Tusk
|-resisted|p2a: Great Tusk
|-damage|p2a: Great Tusk|92/100
|-enditem|p2a: Great Tusk|Heavy-Duty Boots|[from] move: Knock Off|[of] p1a: Gliscor
|
|-status|p1a: Gliscor|tox|[from] item: Toxic Orb
|upkeep
|turn|7
|
|t:|1776069911
|-terastallize|p1a: Gliscor|Normal
|move|p2a: Great Tusk|Stealth Rock|p1a: Gliscor
|-sidestart|p1: snurke|move: Stealth Rock
|move|p1a: Gliscor|Agility|p1a: Gliscor
|-boost|p1a: Gliscor|spe|2
|
|upkeep
|turn|8
|
|t:|1776069919
|move|p1a: Gliscor|Swords Dance|p1a: Gliscor
|-boost|p1a: Gliscor|atk|2
|move|p2a: Great Tusk|Rapid Spin|p1a: Gliscor
|-damage|p1a: Gliscor|85/100 tox
|-boost|p2a: Great Tusk|spe|1
|-sideend|p2: Zuifeng|Spikes|[from] move: Rapid Spin|[of] p2a: Great Tusk
|
|-heal|p1a: Gliscor|98/100 tox|[from] ability: Poison Heal
|upkeep
|turn|9
|
|t:|1776069929
|move|p1a: Gliscor|Swords Dance|p1a: Gliscor
|-boost|p1a: Gliscor|atk|2
|move|p2a: Great Tusk|Headlong Rush|p1a: Gliscor
|-damage|p1a: Gliscor|44/100 tox
|-unboost|p2a: Great Tusk|def|1
|-unboost|p2a: Great Tusk|spd|1
|
|-heal|p1a: Gliscor|56/100 tox|[from] ability: Poison Heal
|upkeep
|turn|10
|
|t:|1776069939
|-end|p2a: Great Tusk|Protosynthesis|[silent]
|switch|p2a: Samurott|Samurott-Hisui, M|5/100
|move|p1a: Gliscor|Facade|p2a: Samurott
|-damage|p2a: Samurott|0 fnt
|faint|p2a: Samurott
|
|-heal|p1a: Gliscor|69/100 tox|[from] ability: Poison Heal
|upkeep
|
|t:|1776069945
|switch|p2a: Hatterene|Hatterene, F|100/100
|turn|11
|
|t:|1776069951
|move|p1a: Gliscor|Facade|p2a: Hatterene
|-damage|p2a: Hatterene|0 fnt
|-damage|p1a: Gliscor|52/100 tox|[from] item: Rocky Helmet|[of] p2a: Hatterene
|faint|p2a: Hatterene
|
|-heal|p1a: Gliscor|65/100 tox|[from] ability: Poison Heal
|upkeep
|
|t:|1776069978
|switch|p2a: Dragonite|Dragonite, F|100/100
|turn|12
|
|t:|1776069987
|-terastallize|p2a: Dragonite|Flying
|move|p1a: Gliscor|Facade|p2a: Dragonite
|-damage|p2a: Dragonite|22/100
|move|p2a: Dragonite|Tera Blast|p1a: Gliscor|[anim] Tera Blast Flying
|-damage|p1a: Gliscor|16/100 tox
|
|-heal|p2a: Dragonite|28/100|[from] item: Leftovers
|-heal|p1a: Gliscor|28/100 tox|[from] ability: Poison Heal
|upkeep
|turn|13
|-message|Zuifeng forfeited.
|
|win|snurke
|raw|snurke's rating: 1600 &rarr; <strong>1627</strong><br />(+27 for winning)
|raw|Zuifeng's rating: 1732 &rarr; <strong>1705</strong><br />(-27 for losing)
|l|☆Zuifeng
|player|p2|
