|html|<div class="broadcast-blue"><strong>[Gen 9] OU is currently suspecting Tera Blast! For information on how to participate check out the <a href="https://www.smogon.com/tools/suspects/view/200">suspect thread</a>.</strong></div>
|j|☆ToxicChad67
|j|☆NotreDamedelaMer
|t:|1776086933
|gametype|singles
|player|p1|ToxicChad67|swimmerf-gen4|1412
|player|p2|NotreDamedelaMer|veteranf|1360
|gen|9
|tier|[Gen 9] OU
|rated|
|rule|HP Percentage Mod: HP is shown in percentages
|rule|Endless Battle Clause: Forcing endless battles is banned
|rule|Species Clause: Limit one of each Pokémon
|rule|OHKO Clause: OHKO moves are banned
|rule|Evasion Items Clause: Evasion items are banned
|rule|Evasion Moves Clause: Evasion moves are banned
|rule|Evasion Abilities Clause: Evasion abilities are banned
|rule|Sleep Moves Clause: Sleep-inducing moves are banned
|clearpoke
|poke|p1|Gengar, M|
|poke|p1|Glimmora, F|
|poke|p1|Overqwil, M|
|poke|p1|Gliscor, F|
|poke|p1|Gholdengo|
|poke|p1|Muk, M|
|poke|p2|Zamazenta-*|
|poke|p2|Ninetales-Alola, M|
|poke|p2|Hoopa-Unbound|
|poke|p2|Great Tusk|
|poke|p2|Samurott-Hisui, M|
|poke|p2|Hatterene, F|
|teampreview
|inactive|Battle timer is ON: inactive players will automatically lose when time's up. (requested by NotreDamedelaMer)
|
|t:|1776086946
|teamsize|p1|6
|teamsize|p2|6
|start
|switch|p1a: Glimmora|Glimmora, F|100/100
|switch|p2a: Samurott|Samurott-Hisui, M|100/100
|turn|1
|
|t:|1776086964
|move|p1a: Glimmora|Stealth Rock|p2a: Samurott
|-sidestart|p2: NotreDamedelaMer|move: Stealth Rock
|move|p2a: Samurott|Encore|p1a: Glimmora
|-start|p1a: Glimmora|Encore
|
|upkeep
|turn|2
|
|t:|1776086976
|switch|p1a: Muk|Muk, M|100/100
|move|p2a: Samurott|Ceaseless Edge|p1a: Muk
|-damage|p1a: Muk|55/100
|-sidestart|p1: ToxicChad67|Spikes
|
|upkeep
|turn|3
|
|t:|1776086984
|move|p2a: Samurott|Knock Off|p1a: Muk
|-damage|p1a: Muk|11/100
|-enditem|p1a: Muk|Assault Vest|[from] move: Knock Off|[of] p2a: Samurott
|move|p1a: Muk|Gunk Shot|p2a: Samurott
|-damage|p2a: Samurott|27/100
|
|upkeep
|turn|4
|
|t:|1776087000
|move|p1a: Muk|Shadow Sneak|p2a: Samurott
|-resisted|p2a: Samurott
|-crit|p2a: Samurott
|-damage|p2a: Samurott|14/100
|-status|p2a: Samurott|psn|[from] ability: Poison Touch|[of] p1a: Muk
|move|p2a: Samurott|Ceaseless Edge|p1a: Muk
|-damage|p1a: Muk|0 fnt
|-sidestart|p1: ToxicChad67|Spikes
|faint|p1a: Muk
|
|-damage|p2a: Samurott|2/100 psn|[from] psn
|upkeep
|
|t:|1776087010
|switch|p1a: Glimmora|Glimmora, F|100/100
|-damage|p1a: Glimmora|84/100|[from] Spikes
|turn|5
|
|t:|1776087014
|move|p1a: Glimmora|Mortal Spin|p2a: Samurott
|-damage|p2a: Samurott|0 fnt
|-sideend|p1: ToxicChad67|Spikes|[from] move: Mortal Spin|[of] p1a: Glimmora
|faint|p2a: Samurott
|
|upkeep
|
|t:|1776087023
|switch|p2a: Great Tusk|Great Tusk|100/100
|turn|6
|
|t:|1776087028
|move|p2a: Great Tusk|Stealth Rock|p1a: Glimmora
|-sidestart|p1: ToxicChad67|move: Stealth Rock
|move|p1a: Glimmora|Mortal Spin|p2a: Great Tusk
|-resisted|p2a: Great Tusk
|-damage|p2a: Great Tusk|99/100
|-status|p2a: Great Tusk|psn
|-sideend|p1: ToxicChad67|Stealth Rock|[from] move: Mortal Spin|[of] p1a: Glimmora
|
|-damage|p2a: Great Tusk|86/100 psn|[from] psn
|upkeep
|turn|7
|
|t:|1776087036
|switch|p1a: Gliscor|Gliscor, F|100/100
|move|p2a: Great Tusk|Ice Spinner|p1a: Gliscor
|-supereffective|p1a: Gliscor
|-damage|p1a: Gliscor|26/100
|
|-damage|p2a: Great Tusk|74/100 psn|[from] psn
|-status|p1a: Gliscor|tox|[from] item: Toxic Orb
|upkeep
|turn|8
|
|t:|1776087045
|switch|p1a: Glimmora|Glimmora, F|84/100
|move|p2a: Great Tusk|Stealth Rock|p1a: Glimmora
|-sidestart|p1: ToxicChad67|move: Stealth Rock
|
|-damage|p2a: Great Tusk|62/100 psn|[from] psn
|upkeep
|turn|9
|
|t:|1776087067
|switch|p1a: Gholdengo|Gholdengo|100/100
|-damage|p1a: Gholdengo|94/100|[from] Stealth Rock
|-item|p1a: Gholdengo|Air Balloon
|move|p2a: Great Tusk|Rapid Spin|p1a: Gholdengo
|-immune|p1a: Gholdengo
|
|-damage|p2a: Great Tusk|49/100 psn|[from] psn
|upkeep
|turn|10
|
|t:|1776087071
|move|p2a: Great Tusk|Ice Spinner|p1a: Gholdengo
|-resisted|p1a: Gholdengo
|-damage|p1a: Gholdengo|78/100
|-enditem|p1a: Gholdengo|Air Balloon
|move|p1a: Gholdengo|Shadow Ball|p2a: Great Tusk
|-damage|p2a: Great Tusk|0 fnt
|faint|p2a: Great Tusk
|-end|p2a: Great Tusk|Protosynthesis|[silent]
|
|upkeep
|
|t:|1776087078
|switch|p2a: Ninetales|Ninetales-Alola, M|100/100
|-damage|p2a: Ninetales|76/100|[from] Stealth Rock
|-weather|Snowscape|[from] ability: Snow Warning|[of] p2a: Ninetales
|turn|11
|
|t:|1776087097
|switch|p1a: Glimmora|Glimmora, F|84/100
|-damage|p1a: Glimmora|72/100|[from] Stealth Rock
|move|p2a: Ninetales|Aurora Veil|p2a: Ninetales
|-sidestart|p2: NotreDamedelaMer|move: Aurora Veil
|
|-weather|Snowscape|[upkeep]
|upkeep
|turn|12
|
|t:|1776087103
|move|p2a: Ninetales|Freeze-Dry|p1a: Glimmora
|-damage|p1a: Glimmora|45/100
|move|p1a: Glimmora|Mortal Spin|p2a: Ninetales
|-supereffective|p2a: Ninetales
|-damage|p2a: Ninetales|71/100
|-status|p2a: Ninetales|psn
|-sideend|p1: ToxicChad67|Stealth Rock|[from] move: Mortal Spin|[of] p1a: Glimmora
|
|-weather|Snowscape|[upkeep]
|-damage|p2a: Ninetales|59/100 psn|[from] psn
|upkeep
|turn|13
|
|t:|1776087123
|switch|p2a: Gargantua|Hoopa-Unbound|100/100
|-damage|p2a: Gargantua|88/100|[from] Stealth Rock
|move|p1a: Glimmora|Power Gem|p2a: Gargantua
|-damage|p2a: Gargantua|70/100
|
|-weather|Snowscape|[upkeep]
|upkeep
|turn|14
|
|t:|1776087134
|move|p1a: Glimmora|Mortal Spin|p2a: Gargantua
|-damage|p2a: Gargantua|66/100
|-status|p2a: Gargantua|psn
|move|p2a: Gargantua|Nasty Plot|p2a: Gargantua
|-boost|p2a: Gargantua|spa|2
|
|-weather|Snowscape|[upkeep]
|-damage|p2a: Gargantua|54/100 psn|[from] psn
|upkeep
|turn|15
|
|t:|1776087143
|move|p1a: Glimmora|Earth Power|p2a: Gargantua
|-damage|p2a: Gargantua|41/100 psn
|move|p2a: Gargantua|Focus Blast|p1a: Glimmora
|-damage|p1a: Glimmora|0 fnt
|faint|p1a: Glimmora
|
|-weather|none
|-damage|p2a: Gargantua|28/100 psn|[from] psn
|upkeep
|
|t:|1776087151
|switch|p1a: Gliscor|Gliscor, F|26/100 tox
|turn|16
|
|t:|1776087154
|move|p2a: Gargantua|Focus Blast|p1a: Gliscor
|-resisted|p1a: Gliscor
|-damage|p1a: Gliscor|0 fnt
|faint|p1a: Gliscor
|
|-damage|p2a: Gargantua|16/100 psn|[from] psn
|upkeep
|
|t:|1776087162
|switch|p1a: Gengar|Gengar, M|100/100
|turn|17
|
|t:|1776087167
|move|p1a: Gengar|Hex|p2a: Gargantua
|-damage|p2a: Gargantua|0 fnt
|faint|p2a: Gargantua
|
|upkeep
|
|t:|1776087175
|switch|p2a: Hatterene|Hatterene, F|100/100
|-damage|p2a: Hatterene|88/100|[from] Stealth Rock
|turn|18
|
|t:|1776087179
|-terastallize|p2a: Hatterene|Water
|move|p1a: Gengar|Sludge Bomb|p2a: Hatterene
|-damage|p2a: Hatterene|67/100
|-status|p2a: Hatterene|psn
|move|p2a: Hatterene|Psyshock|p1a: Gengar
|-supereffective|p1a: Gengar
|-damage|p1a: Gengar|0 fnt
|faint|p1a: Gengar
|
|-heal|p2a: Hatterene|73/100 psn|[from] item: Leftovers
|-damage|p2a: Hatterene|61/100 psn|[from] psn
|-sideend|p2: NotreDamedelaMer|move: Aurora Veil
|upkeep
|
|t:|1776087183
|switch|p1a: Overqwil|Overqwil, M|100/100
|-ability|p1a: Overqwil|Intimidate|boost
|-unboost|p2a: Hatterene|atk|1
|turn|19
|
|t:|1776087190
|move|p1a: Overqwil|Swords Dance|p1a: Overqwil
|-boost|p1a: Overqwil|atk|2
|move|p2a: Hatterene|Draining Kiss|p1a: Overqwil
|-damage|p1a: Overqwil|68/100
|-heal|p2a: Hatterene|85/100 psn|[from] drain|[of] p1a: Overqwil
|
|-heal|p1a: Overqwil|74/100|[from] item: Black Sludge
|-heal|p2a: Hatterene|91/100 psn|[from] item: Leftovers
|-damage|p2a: Hatterene|79/100 psn|[from] psn
|upkeep
|turn|20
|
|t:|1776087199
|move|p1a: Overqwil|Barb Barrage|p2a: Hatterene
|-damage|p2a: Hatterene|0 fnt
|faint|p2a: Hatterene
|
|-heal|p1a: Overqwil|80/100|[from] item: Black Sludge
|upkeep
|
|t:|1776087202
|switch|p2a: Zamazenta|Zamazenta|100/100
|-damage|p2a: Zamazenta|94/100|[from] Stealth Rock
|-ability|p2a: Zamazenta|Dauntless Shield|boost
|-boost|p2a: Zamazenta|def|1
|turn|21
|
|t:|1776087204
|move|p2a: Zamazenta|Iron Defense|p2a: Zamazenta
|-boost|p2a: Zamazenta|def|2
|move|p1a: Overqwil|Barb Barrage|p2a: Zamazenta
|-damage|p2a: Zamazenta|77/100
|
|-heal|p2a: Zamazenta|84/100|[from] item: Leftovers
|-heal|p1a: Overqwil|86/100|[from] item: Black Sludge
|upkeep
|turn|22
|
|t:|1776087206
|move|p2a: Zamazenta|Iron Defense|p2a: Zamazenta
|-boost|p2a: Zamazenta|def|2
|move|p1a: Overqwil|Barb Barrage|p2a: Zamazenta
|-damage|p2a: Zamazenta|72/100
|
|-heal|p2a: Zamazenta|78/100|[from] item: Leftovers
|-heal|p1a: Overqwil|92/100|[from] item: Black Sludge
|upkeep
|turn|23
|
|t:|1776087208
|move|p2a: Zamazenta|Body Press|p1a: Overqwil
|-damage|p1a: Overqwil|0 fnt
|faint|p1a: Overqwil
|
|-heal|p2a: Zamazenta|84/100|[from] item: Leftovers
|upkeep
|
|t:|1776087210
|switch|p1a: Gholdengo|Gholdengo|78/100
|turn|24
|
|t:|1776087217
|move|p2a: Zamazenta|Crunch|p1a: Gholdengo
|-supereffective|p1a: Gholdengo
|-damage|p1a: Gholdengo|28/100
|move|p1a: Gholdengo|Recover|p1a: Gholdengo
|-heal|p1a: Gholdengo|78/100
|
|-heal|p2a: Zamazenta|90/100|[from] item: Leftovers
|upkeep
|turn|25
|
|t:|1776087222
|move|p2a: Zamazenta|Crunch|p1a: Gholdengo
|-supereffective|p1a: Gholdengo
|-crit|p1a: Gholdengo
|-damage|p1a: Gholdengo|5/100
|move|p1a: Gholdengo|Recover|p1a: Gholdengo
|-heal|p1a: Gholdengo|55/100
|
|-heal|p2a: Zamazenta|96/100|[from] item: Leftovers
|upkeep
|turn|26
|
|t:|1776087226
|move|p2a: Zamazenta|Crunch|p1a: Gholdengo
|-supereffective|p1a: Gholdengo
|-damage|p1a: Gholdengo|10/100
|move|p1a: Gholdengo|Make It Rain|p2a: Zamazenta
|-damage|p2a: Zamazenta|37/100
|-unboost|p1a: Gholdengo|spa|1
|
|-heal|p2a: Zamazenta|43/100|[from] item: Leftovers
|upkeep
|turn|27
|
|t:|1776087229
|move|p2a: Zamazenta|Crunch|p1a: Gholdengo
|-supereffective|p1a: Gholdengo
|-damage|p1a: Gholdengo|0 fnt
|faint|p1a: Gholdengo
|
|win|NotreDamedelaMer
|raw|ToxicChad67's rating: 1412 &rarr; <strong>1389</strong><br />(-23 for losing)
|raw|NotreDamedelaMer's rating: 1360 &rarr; <strong>1383</strong><br />(+23 for winning)
|l|☆ToxicChad67
|player|p1|
|l|☆NotreDamedelaMer
|player|p2|
