|html|<div class="broadcast-blue"><strong>[Gen 9] OU is currently suspecting Tera Blast! For information on how to participate check out the <a href="https://www.smogon.com/tools/suspects/view/200">suspect thread</a>.</strong></div>
|j|☆cecestar
|j|☆Kantola
|t:|1776256164
|gametype|singles
|player|p1|cecestar|cynthia-gen4|
|player|p2|Kantola|266|
|gen|9
|tier|[Gen 9] OU
|rule|HP Percentage Mod: HP is shown in percentages
|rule|Endless Battle Clause: Forcing endless battles is banned
|rule|Species Clause: Limit one of each Pokémon
|rule|OHKO Clause: OHKO moves are banned
|rule|Evasion Items Clause: Evasion items are banned
|rule|Evasion Moves Clause: Evasion moves are banned
|rule|Evasion Abilities Clause: Evasion abilities are banned
|rule|Sleep Moves Clause: Sleep-inducing moves are banned
|clearpoke
|poke|p1|Samurott-Hisui, F|
|poke|p1|Garchomp, F|
|poke|p1|Iron Moth|
|poke|p1|Clodsire, F|
|poke|p1|Ceruledge, F|
|poke|p1|Skarmory, F|
|poke|p2|Pelipper, F|
|poke|p2|Kingdra, F|
|poke|p2|Great Tusk|
|poke|p2|Amoonguss, M|
|poke|p2|Zapdos|
|poke|p2|Basculegion, M|
|teampreview
|
|t:|1776256232
|teamsize|p1|6
|teamsize|p2|6
|start
|switch|p1a: Aria|Garchomp, F|100/100
|switch|p2a: Pelipper|Pelipper, F, shiny|100/100
|-weather|RainDance|[from] ability: Drizzle|[of] p2a: Pelipper
|turn|1
|
|t:|1776256245
|move|p1a: Aria|Swords Dance|p1a: Aria
|-boost|p1a: Aria|atk|2
|move|p2a: Pelipper|U-turn|p1a: Aria
|-damage|p1a: Aria|92/100
|-damage|p2a: Pelipper|88/100|[from] ability: Rough Skin|[of] p1a: Aria
|
|t:|1776256247
|switch|p2a: Kingdra|Kingdra, F|100/100|[from] U-turn
|
|-weather|RainDance|[upkeep]
|upkeep
|turn|2
|
|t:|1776256257
|-terastallize|p2a: Kingdra|Water
|-terastallize|p1a: Aria|Fire
|move|p2a: Kingdra|Weather Ball|p1a: Aria
|-supereffective|p1a: Aria
|-damage|p1a: Aria|0 fnt
|faint|p1a: Aria
|
|-weather|RainDance|[upkeep]
|upkeep
|c|☆cecestar|lmao
|c|☆cecestar|luulin et oisit hitannu draco meteor
|
|t:|1776256285
|switch|p1a: Lila|Samurott-Hisui, F|100/100
|turn|3
|
|t:|1776256337
|switch|p2a: Amoonguss|Amoonguss, M|100/100
|move|p1a: Lila|Sucker Punch||[still]
|-fail|p1a: Lila
|
|-weather|RainDance|[upkeep]
|upkeep
|turn|4
|
|t:|1776256381
|move|p1a: Lila|Ceaseless Edge|p2a: Amoonguss
|-damage|p2a: Amoonguss|71/100
|-damage|p1a: Lila|84/100|[from] item: Rocky Helmet|[of] p2a: Amoonguss
|-sidestart|p2: Kantola|Spikes
|move|p2a: Amoonguss|Stun Spore|p1a: Lila
|-status|p1a: Lila|par
|
|-weather|RainDance|[upkeep]
|upkeep
|turn|5
|
|t:|1776256392
|cant|p1a: Lila|par
|move|p2a: Amoonguss|Giga Drain|p1a: Lila
|-supereffective|p1a: Lila
|-damage|p1a: Lila|51/100 par
|-heal|p2a: Amoonguss|86/100|[from] drain|[of] p1a: Lila
|
|-weather|RainDance|[upkeep]
|upkeep
|turn|6
|
|t:|1776256395
|move|p1a: Lila|Ceaseless Edge|p2a: Amoonguss
|-damage|p2a: Amoonguss|57/100
|-damage|p1a: Lila|34/100 par|[from] item: Rocky Helmet|[of] p2a: Amoonguss
|-sidestart|p2: Kantola|Spikes
|move|p2a: Amoonguss|Giga Drain|p1a: Lila
|-supereffective|p1a: Lila
|-damage|p1a: Lila|4/100 par
|-heal|p2a: Amoonguss|70/100|[from] drain|[of] p1a: Lila
|
|-weather|RainDance|[upkeep]
|upkeep
|turn|7
|
|t:|1776256398
|move|p1a: Lila|Ceaseless Edge|p2a: Amoonguss
|-damage|p2a: Amoonguss|42/100
|-damage|p1a: Lila|0 fnt|[from] item: Rocky Helmet|[of] p2a: Amoonguss
|faint|p1a: Lila
|move|p2a: Amoonguss|Giga Drain|p1: Lila|[notarget]
|-fail|p2a: Amoonguss
|
|-weather|RainDance|[upkeep]
|upkeep
|
|t:|1776256413
|switch|p1a: Luna|Ceruledge, F|100/100
|turn|8
|
|t:|1776256424
|move|p1a: Luna|Swords Dance|p1a: Luna
|-boost|p1a: Luna|atk|2
|move|p2a: Amoonguss|Stun Spore|p1a: Luna|[miss]
|-miss|p2a: Amoonguss|p1a: Luna
|
|-weather|none
|upkeep
|turn|9
|
|t:|1776256441
|move|p1a: Luna|Bitter Blade|p2a: Amoonguss
|-supereffective|p2a: Amoonguss
|-damage|p2a: Amoonguss|0 fnt
|-damage|p1a: Luna|84/100|[from] item: Rocky Helmet|[of] p2a: Amoonguss
|faint|p2a: Amoonguss
|-damage|p1a: Luna|74/100|[from] item: Life Orb
|
|upkeep
|
|t:|1776256444
|switch|p2a: Pelipper|Pelipper, F, shiny|88/100
|-weather|RainDance|[from] ability: Drizzle|[of] p2a: Pelipper
|turn|10
|
|t:|1776256453
|move|p1a: Luna|Bitter Blade|p2a: Pelipper
|-resisted|p2a: Pelipper
|-crit|p2a: Pelipper
|-damage|p2a: Pelipper|49/100
|-heal|p1a: Luna|96/100|[from] drain|[of] p2a: Pelipper
|-damage|p1a: Luna|86/100|[from] item: Life Orb
|move|p2a: Pelipper|Chilling Water|p1a: Luna
|-supereffective|p1a: Luna
|-damage|p1a: Luna|31/100
|-unboost|p1a: Luna|atk|1
|
|-weather|RainDance|[upkeep]
|upkeep
|turn|11
|
|t:|1776256467
|move|p1a: Luna|Shadow Sneak|p2a: Pelipper
|-damage|p2a: Pelipper|14/100
|-damage|p1a: Luna|21/100|[from] item: Life Orb
|move|p2a: Pelipper|Roost|p2a: Pelipper
|-heal|p2a: Pelipper|65/100
|-singleturn|p2a: Pelipper|move: Roost
|
|-weather|RainDance|[upkeep]
|upkeep
|turn|12
|
|t:|1776256475
|move|p1a: Luna|Shadow Sneak|p2a: Pelipper
|-damage|p2a: Pelipper|31/100
|-damage|p1a: Luna|11/100|[from] item: Life Orb
|move|p2a: Pelipper|Roost|p2a: Pelipper
|-heal|p2a: Pelipper|81/100
|-singleturn|p2a: Pelipper|move: Roost
|
|-weather|RainDance|[upkeep]
|upkeep
|turn|13
|
|t:|1776256480
|move|p1a: Luna|Swords Dance|p1a: Luna
|-boost|p1a: Luna|atk|2
|move|p2a: Pelipper|Roost|p2a: Pelipper
|-heal|p2a: Pelipper|100/100
|-singleturn|p2a: Pelipper|move: Roost
|
|-weather|RainDance|[upkeep]
|upkeep
|turn|14
|
|t:|1776256485
|move|p1a: Luna|Bitter Blade|p2a: Pelipper
|-resisted|p2a: Pelipper
|-damage|p2a: Pelipper|71/100
|-heal|p1a: Luna|28/100|[from] drain|[of] p2a: Pelipper
|-damage|p1a: Luna|18/100|[from] item: Life Orb
|move|p2a: Pelipper|Hurricane|p1a: Luna
|-damage|p1a: Luna|0 fnt
|faint|p1a: Luna
|
|-weather|RainDance|[upkeep]
|upkeep
|
|t:|1776256494
|switch|p1a: Atlas|Iron Moth|100/100
|-enditem|p1a: Atlas|Booster Energy
|-activate|p1a: Atlas|ability: Quark Drive|[fromitem]
|-start|p1a: Atlas|quarkdrivespe
|turn|15
|
|t:|1776256504
|move|p1a: Atlas|Sludge Wave|p2a: Pelipper
|-damage|p2a: Pelipper|3/100
|move|p2a: Pelipper|Hurricane|p1a: Atlas
|-damage|p1a: Atlas|62/100
|
|-weather|RainDance|[upkeep]
|upkeep
|turn|16
|
|t:|1776256528
|move|p1a: Atlas|Fiery Dance|p2a: Pelipper
|-resisted|p2a: Pelipper
|-damage|p2a: Pelipper|0 fnt
|faint|p2a: Pelipper
|
|-weather|RainDance|[upkeep]
|upkeep
|
|t:|1776256539
|switch|p2a: Kingdra|Kingdra, F, tera:Water|100/100
|-damage|p2a: Kingdra|84/100|[from] Spikes
|turn|17
|
|t:|1776256552
|move|p2a: Kingdra|Weather Ball|p1a: Atlas
|-supereffective|p1a: Atlas
|-damage|p1a: Atlas|0 fnt
|faint|p1a: Atlas
|-end|p1a: Atlas|Quark Drive|[silent]
|
|-weather|none
|upkeep
|
|t:|1776256559
|switch|p1a: Lillie|Skarmory, F|100/100
|turn|18
|
|t:|1776256574
|switch|p2a: Zapdos|Zapdos|100/100
|move|p1a: Lillie|Stealth Rock|p2a: Zapdos
|-sidestart|p2: Kantola|move: Stealth Rock
|
|upkeep
|turn|19
|
|t:|1776256602
|move|p2a: Zapdos|Hurricane|p1a: Lillie
|-resisted|p1a: Lillie
|-damage|p1a: Lillie|66/100
|move|p1a: Lillie|Whirlwind|p2a: Zapdos
|drag|p2a: Basculegion|Basculegion, M|100/100
|-damage|p2a: Basculegion|84/100|[from] Spikes
|-damage|p2a: Basculegion|72/100|[from] Stealth Rock
|
|upkeep
|turn|20
|
|t:|1776256612
|move|p2a: Basculegion|Wave Crash|p1a: Lillie
|-damage|p1a: Lillie|0 fnt
|-damage|p2a: Basculegion|55/100|[from] item: Rocky Helmet|[of] p1a: Lillie
|faint|p1a: Lillie
|-damage|p2a: Basculegion|38/100|[from] Recoil
|
|upkeep
|
|t:|1776256615
|switch|p1a: Bertha|Clodsire, F, shiny|100/100
|turn|21
|
|t:|1776256619
|move|p2a: Basculegion|Wave Crash|p1a: Bertha
|-supereffective|p1a: Bertha
|-damage|p1a: Bertha|0 fnt
|-status|p2a: Basculegion|psn|[from] ability: Poison Point|[of] p1a: Bertha
|faint|p1a: Bertha
|-damage|p2a: Basculegion|0 fnt|[from] Recoil
|faint|p2a: Basculegion
|
|win|Kantola
