|html|<div class="broadcast-blue"><strong>[Gen 9] OU is currently suspecting Tera Blast! For information on how to participate check out the <a href="https://www.smogon.com/tools/suspects/view/200">suspect thread</a>.</strong></div>
|j|☆Ziggytear
|j|☆CrownedAegislash
|t:|1776130649
|gametype|singles
|player|p1|Ziggytear|1|1120
|player|p2|CrownedAegislash|colress|1119
|gen|9
|tier|[Gen 9] OU
|rated|
|rule|HP Percentage Mod: HP is shown in percentages
|rule|Endless Battle Clause: Forcing endless battles is banned
|rule|Species Clause: Limit one of each Pokémon
|rule|OHKO Clause: OHKO moves are banned
|rule|Evasion Items Clause: Evasion items are banned
|rule|Evasion Moves Clause: Evasion moves are banned
|rule|Evasion Abilities Clause: Evasion abilities are banned
|rule|Sleep Moves Clause: Sleep-inducing moves are banned
|clearpoke
|poke|p1|Espeon, M|
|poke|p1|Greninja-*, M|
|poke|p1|Raging Bolt|
|poke|p1|Serperior, F|
|poke|p1|Moltres|
|poke|p1|Zapdos-Galar|
|poke|p2|Polteageist|
|poke|p2|Dragapult, M|
|poke|p2|Gholdengo|
|poke|p2|Blaziken, M|
|poke|p2|Kingambit, M|
|poke|p2|Raging Bolt|
|teampreview
|inactive|Battle timer is ON: inactive players will automatically lose when time's up. (requested by CrownedAegislash)
|
|t:|1776130656
|teamsize|p1|6
|teamsize|p2|6
|start
|switch|p1a: Espeon|Espeon, M|100/100
|switch|p2a: Gliscor Killer|Polteageist|100/100
|turn|1
|
|t:|1776130683
|move|p1a: Espeon|Future Sight|p2a: Gliscor Killer
|-start|p1a: Espeon|move: Future Sight
|move|p2a: Gliscor Killer|Shell Smash|p2a: Gliscor Killer
|-unboost|p2a: Gliscor Killer|def|1
|-unboost|p2a: Gliscor Killer|spd|1
|-boost|p2a: Gliscor Killer|atk|2
|-boost|p2a: Gliscor Killer|spa|2
|-boost|p2a: Gliscor Killer|spe|2
|
|upkeep
|turn|2
|
|t:|1776130691
|move|p2a: Gliscor Killer|Shadow Ball|p1a: Espeon
|-supereffective|p1a: Espeon
|-enditem|p1a: Espeon|Focus Sash
|-damage|p1a: Espeon|1/100
|move|p1a: Espeon|Draining Kiss|p2a: Gliscor Killer
|-damage|p2a: Gliscor Killer|70/100
|-heal|p1a: Espeon|23/100|[from] drain|[of] p2a: Gliscor Killer
|
|upkeep
|turn|3
|
|t:|1776130712
|-terastallize|p2a: Gliscor Killer|Fighting
|move|p2a: Gliscor Killer|Tera Blast|p1a: Espeon|[anim] Tera Blast Fighting
|-resisted|p1a: Espeon
|-damage|p1a: Espeon|0 fnt
|faint|p1a: Espeon
|
|-end|p2a: Gliscor Killer|move: Future Sight
|-supereffective|p2a: Gliscor Killer
|-damage|p2a: Gliscor Killer|0 fnt
|faint|p2a: Gliscor Killer
|upkeep
|inactive|CrownedAegislash has 120 seconds left.
|
|t:|1776130724
|switch|p1a: Greninja|Greninja, M|100/100
|switch|p2a: Blaziken|Blaziken, M|100/100
|turn|4
|
|t:|1776130744
|move|p2a: Blaziken|Protect|p2a: Blaziken
|-singleturn|p2a: Blaziken|Protect
|move|p1a: Greninja|Extrasensory|p2a: Blaziken
|-activate|p2a: Blaziken|move: Protect
|
|-ability|p2a: Blaziken|Speed Boost|boost
|-boost|p2a: Blaziken|spe|1
|upkeep
|turn|5
|
|t:|1776130752
|move|p2a: Blaziken|Close Combat|p1a: Greninja
|-supereffective|p1a: Greninja
|-damage|p1a: Greninja|0 fnt
|-unboost|p2a: Blaziken|def|1
|-unboost|p2a: Blaziken|spd|1
|faint|p1a: Greninja
|-damage|p2a: Blaziken|91/100|[from] item: Life Orb
|
|-ability|p2a: Blaziken|Speed Boost|boost
|-boost|p2a: Blaziken|spe|1
|upkeep
|
|t:|1776130760
|switch|p1a: Serperior|Serperior, F|100/100
|turn|6
|
|t:|1776130766
|-terastallize|p1a: Serperior|Fire
|move|p2a: Blaziken|Protect|p2a: Blaziken
|-singleturn|p2a: Blaziken|Protect
|move|p1a: Serperior|Glare|p2a: Blaziken
|-activate|p2a: Blaziken|move: Protect
|
|-ability|p2a: Blaziken|Speed Boost|boost
|-boost|p2a: Blaziken|spe|1
|upkeep
|turn|7
|
|t:|1776130777
|move|p2a: Blaziken|Stone Edge|p1a: Serperior
|-supereffective|p1a: Serperior
|-damage|p1a: Serperior|0 fnt
|faint|p1a: Serperior
|-damage|p2a: Blaziken|81/100|[from] item: Life Orb
|
|-ability|p2a: Blaziken|Speed Boost|boost
|-boost|p2a: Blaziken|spe|1
|upkeep
|
|t:|1776130783
|switch|p1a: Raging Bolt|Raging Bolt|100/100
|-enditem|p1a: Raging Bolt|Booster Energy
|-activate|p1a: Raging Bolt|ability: Protosynthesis|[fromitem]
|-start|p1a: Raging Bolt|protosynthesisspe
|turn|8
|c|☆CrownedAegislash|!Weakness Raging Bolt
|c| CrownedAegislash|/raw <div class="infobox">Raging Bolt (ignoring abilities):<br /><span class="message-effect-weak">Weaknesses</span>: Dragon, Fairy, Ground, Ice<br /><span class="message-effect-resist">Resistances</span>: <b>Electric</b>, Fire, Flying, Grass, Steel, Water<br /><span class="message-effect-immune">Immunities</span>: Paralysis</div>
|
|t:|1776130799
|move|p2a: Blaziken|Protect|p2a: Blaziken
|-singleturn|p2a: Blaziken|Protect
|move|p1a: Raging Bolt|Thunderclap||[still]
|-fail|p1a: Raging Bolt
|
|-ability|p2a: Blaziken|Speed Boost|boost
|-boost|p2a: Blaziken|spe|1
|upkeep
|turn|9
|
|t:|1776130808
|move|p1a: Raging Bolt|Thunderclap|p2a: Blaziken
|-damage|p2a: Blaziken|20/100
|move|p2a: Blaziken|Close Combat|p1a: Raging Bolt
|-damage|p1a: Raging Bolt|40/100
|-unboost|p2a: Blaziken|def|1
|-unboost|p2a: Blaziken|spd|1
|-damage|p2a: Blaziken|10/100|[from] item: Life Orb
|
|-ability|p2a: Blaziken|Speed Boost|boost
|-boost|p2a: Blaziken|spe|1
|upkeep
|turn|10
|
|t:|1776130819
|move|p2a: Blaziken|Protect|p2a: Blaziken
|-singleturn|p2a: Blaziken|Protect
|move|p1a: Raging Bolt|Thunderclap||[still]
|-fail|p1a: Raging Bolt
|
|upkeep
|turn|11
|
|t:|1776130825
|move|p1a: Raging Bolt|Thunderclap|p2a: Blaziken
|-damage|p2a: Blaziken|0 fnt
|faint|p2a: Blaziken
|
|upkeep
|
|t:|1776130830
|switch|p2a: String Cheese|Gholdengo|100/100
|turn|12
|inactive|Ziggytear has 120 seconds left.
|
|t:|1776130865
|move|p1a: Raging Bolt|Thunderclap||[still]
|-fail|p1a: Raging Bolt
|move|p2a: String Cheese|Trick|p1a: Raging Bolt
|-activate|p2a: String Cheese|move: Trick|[of] p1a: Raging Bolt
|-item|p1a: Raging Bolt|Choice Scarf|[from] move: Trick
|-enditem|p2a: String Cheese|Choice Scarf|[silent]|[from] move: Trick
|
|upkeep
|turn|13
|l|☆Ziggytear
|inactive|Ziggytear disconnected and has a minute to reconnect!
|player|p1|
|j|☆Ziggytear
|inactive|Ziggytear reconnected.
|player|p1|Ziggytear|1|
|
|t:|1776130894
|move|p1a: Raging Bolt|Dragon Pulse|p2a: String Cheese
|-resisted|p2a: String Cheese
|-damage|p2a: String Cheese|81/100
|move|p2a: String Cheese|Make It Rain|p1a: Raging Bolt
|-resisted|p1a: Raging Bolt
|-damage|p1a: Raging Bolt|12/100
|-unboost|p2a: String Cheese|spa|1
|
|upkeep
|turn|14
|
|t:|1776130907
|switch|p2a: En Pasant|Kingambit, M|100/100
|-activate|p2a: En Pasant|ability: Supreme Overlord
|-start|p2a: En Pasant|fallen2|[silent]
|move|p1a: Raging Bolt|Dragon Pulse|p2a: En Pasant
|-resisted|p2a: En Pasant
|-damage|p2a: En Pasant|80/100
|
|-heal|p2a: En Pasant|86/100|[from] item: Leftovers
|upkeep
|turn|15
|
|t:|1776130916
|move|p1a: Raging Bolt|Dragon Pulse|p2a: En Pasant
|-resisted|p2a: En Pasant
|-damage|p2a: En Pasant|66/100
|move|p2a: En Pasant|Swords Dance|p2a: En Pasant
|-boost|p2a: En Pasant|atk|2
|
|-heal|p2a: En Pasant|73/100|[from] item: Leftovers
|upkeep
|turn|16
|
|t:|1776130942
|move|p1a: Raging Bolt|Dragon Pulse|p2a: En Pasant
|-resisted|p2a: En Pasant
|-damage|p2a: En Pasant|54/100
|move|p2a: En Pasant|Swords Dance|p2a: En Pasant
|-boost|p2a: En Pasant|atk|2
|
|-heal|p2a: En Pasant|60/100|[from] item: Leftovers
|upkeep
|turn|17
|
|t:|1776130951
|move|p1a: Raging Bolt|Dragon Pulse|p2a: En Pasant
|-resisted|p2a: En Pasant
|-damage|p2a: En Pasant|42/100
|move|p2a: En Pasant|Swords Dance|p2a: En Pasant
|-boost|p2a: En Pasant|atk|2
|
|-heal|p2a: En Pasant|48/100|[from] item: Leftovers
|upkeep
|turn|18
|inactive|Ziggytear has 120 seconds left.
|l|☆Ziggytear
|inactive|Ziggytear disconnected and has a minute to reconnect!
|player|p1|
|c|☆CrownedAegislash|Why'd you leave?
|c|☆CrownedAegislash|;-;
|inactive|Ziggytear has 30 seconds to reconnect!
|c|☆CrownedAegislash|Hello?
|inactive|Ziggytear has 20 seconds to reconnect!
|inactive|Ziggytear has 15 seconds to reconnect!
|c|☆CrownedAegislash|Good game
|inactive|Ziggytear has 10 seconds to reconnect!
|inactive|Ziggytear has 5 seconds to reconnect!
|-message|Ziggytear lost due to inactivity.
|
|win|CrownedAegislash
|raw|Ziggytear's rating: 1091 &rarr; <strong>1069</strong><br />(-22 for losing)
|raw|CrownedAegislash's rating: 1119 &rarr; <strong>1142</strong><br />(+23 for winning)
