|html|<div class="broadcast-blue"><strong>[Gen 9] OU is currently suspecting Tera Blast! For information on how to participate check out the <a href="https://www.smogon.com/tools/suspects/view/200">suspect thread</a>.</strong></div>
|j|☆nerdy_head
|j|☆diggory delvet
|t:|1776114410
|gametype|singles
|player|p1|nerdy_head|swimmer-gen4|1533
|player|p2|diggory delvet|1|1540
|gen|9
|tier|[Gen 9] OU
|rated|
|rule|HP Percentage Mod: HP is shown in percentages
|rule|Endless Battle Clause: Forcing endless battles is banned
|rule|Species Clause: Limit one of each Pokémon
|rule|OHKO Clause: OHKO moves are banned
|rule|Evasion Items Clause: Evasion items are banned
|rule|Evasion Moves Clause: Evasion moves are banned
|rule|Evasion Abilities Clause: Evasion abilities are banned
|rule|Sleep Moves Clause: Sleep-inducing moves are banned
|clearpoke
|poke|p1|Araquanid, F|
|poke|p1|Gholdengo|
|poke|p1|Hoopa-Unbound|
|poke|p1|Enamorus, F|
|poke|p1|Iron Boulder|
|poke|p1|Iron Valiant|
|poke|p2|Armarouge, F|
|poke|p2|Dragonite, M|
|poke|p2|Cinderace, F|
|poke|p2|Ceruledge, M|
|poke|p2|Kyurem|
|poke|p2|Quaquaval, M|
|teampreview
|
|t:|1776114436
|teamsize|p1|6
|teamsize|p2|6
|start
|switch|p1a: Araquanid|Araquanid, F, shiny|100/100
|switch|p2a: Armarouge|Armarouge, F|100/100
|turn|1
|
|t:|1776114442
|move|p2a: Armarouge|Meteor Beam||[still]
|-prepare|p2a: Armarouge|Meteor Beam
|-boost|p2a: Armarouge|spa|1
|-enditem|p2a: Armarouge|Power Herb
|-anim|p2a: Armarouge|Meteor Beam|p1a: Araquanid
|-supereffective|p1a: Araquanid
|-damage|p1a: Araquanid|0 fnt
|faint|p1a: Araquanid
|
|upkeep
|
|t:|1776114467
|switch|p1a: Hoopa|Hoopa-Unbound|100/100
|turn|2
|
|t:|1776114475
|move|p1a: Hoopa|Knock Off|p2a: Armarouge
|-supereffective|p2a: Armarouge
|-damage|p2a: Armarouge|0 fnt
|faint|p2a: Armarouge
|
|upkeep
|
|t:|1776114484
|switch|p2a: Cinderace|Cinderace, F|100/100
|turn|3
|inactive|Battle timer is ON: inactive players will automatically lose when time's up. (requested by diggory delvet)
|
|t:|1776114527
|switch|p1a: Enamorus|Enamorus, F|100/100
|move|p2a: Cinderace|U-turn|p1a: Enamorus
|-start|p2a: Cinderace|typechange|Bug|[from] ability: Libero
|-resisted|p1a: Enamorus
|-damage|p1a: Enamorus|89/100
|
|t:|1776114531
|switch|p2a: Ceruledge|Ceruledge, M|100/100|[from] U-turn
|
|upkeep
|turn|4
|
|t:|1776114543
|move|p1a: Enamorus|Healing Wish|p1a: Enamorus
|faint|p1a: Enamorus
|move|p2a: Ceruledge|Poltergeist|p1: Enamorus|[notarget]
|-fail|p2a: Ceruledge
|
|upkeep
|
|t:|1776114556
|switch|p1a: Iron Valiant|Iron Valiant|100/100
|-enditem|p1a: Iron Valiant|Booster Energy
|-activate|p1a: Iron Valiant|ability: Quark Drive|[fromitem]
|-start|p1a: Iron Valiant|quarkdriveatk
|turn|5
|inactive|nerdy_head has 120 seconds left.
|
|t:|1776114593
|switch|p2a: Kyurem|Kyurem|100/100
|-ability|p2a: Kyurem|Pressure
|move|p1a: Iron Valiant|Knock Off|p2a: Kyurem
|-damage|p2a: Kyurem|56/100
|-enditem|p2a: Kyurem|Loaded Dice|[from] move: Knock Off|[of] p1a: Iron Valiant
|
|upkeep
|turn|6
|
|t:|1776114610
|move|p1a: Iron Valiant|Close Combat|p2a: Kyurem
|-supereffective|p2a: Kyurem
|-damage|p2a: Kyurem|0 fnt
|-unboost|p1a: Iron Valiant|def|1
|-unboost|p1a: Iron Valiant|spd|1
|faint|p2a: Kyurem
|
|upkeep
|
|t:|1776114620
|switch|p2a: Dragonite|Dragonite, M|100/100
|turn|7
|
|t:|1776114631
|move|p1a: Iron Valiant|Ice Punch|p2a: Dragonite
|-supereffective|p2a: Dragonite
|-damage|p2a: Dragonite|19/100
|-enditem|p2a: Dragonite|Weakness Policy
|-boost|p2a: Dragonite|atk|2|[from] item: Weakness Policy
|-boost|p2a: Dragonite|spa|2|[from] item: Weakness Policy
|move|p2a: Dragonite|Dragon Dance|p2a: Dragonite
|-boost|p2a: Dragonite|atk|1
|-boost|p2a: Dragonite|spe|1
|
|upkeep
|turn|8
|
|t:|1776114648
|move|p2a: Dragonite|Extreme Speed|p1a: Iron Valiant
|-damage|p1a: Iron Valiant|0 fnt
|faint|p1a: Iron Valiant
|-end|p1a: Iron Valiant|Quark Drive|[silent]
|
|upkeep
|
|t:|1776114666
|switch|p1a: Iron Boulder|Iron Boulder|100/100
|-enditem|p1a: Iron Boulder|Booster Energy
|-activate|p1a: Iron Boulder|ability: Quark Drive|[fromitem]
|-start|p1a: Iron Boulder|quarkdrivespe
|turn|9
|
|t:|1776114694
|move|p2a: Dragonite|Extreme Speed|p1a: Iron Boulder
|-resisted|p1a: Iron Boulder
|-damage|p1a: Iron Boulder|48/100
|move|p1a: Iron Boulder|Mighty Cleave|p2a: Dragonite
|-supereffective|p2a: Dragonite
|-damage|p2a: Dragonite|0 fnt
|faint|p2a: Dragonite
|
|upkeep
|
|t:|1776114700
|switch|p2a: Quaquaval|Quaquaval, M|100/100
|turn|10
|
|t:|1776114708
|move|p1a: Iron Boulder|Zen Headbutt|p2a: Quaquaval
|-supereffective|p2a: Quaquaval
|-damage|p2a: Quaquaval|3/100
|cant|p2a: Quaquaval|flinch
|
|upkeep
|turn|11
|
|t:|1776114719
|move|p1a: Iron Boulder|Mighty Cleave|p2a: Quaquaval
|-resisted|p2a: Quaquaval
|-damage|p2a: Quaquaval|0 fnt
|faint|p2a: Quaquaval
|
|upkeep
|
|t:|1776114722
|switch|p2a: Ceruledge|Ceruledge, M|100/100
|turn|12
|inactive|nerdy_head has 120 seconds left.
|inactive|nerdy_head has 90 seconds left.
|
|t:|1776114760
|-end|p1a: Iron Boulder|Quark Drive|[silent]
|switch|p1a: Hoopa|Hoopa-Unbound|100/100
|move|p2a: Ceruledge|Close Combat|p1a: Hoopa
|-damage|p1a: Hoopa|26/100
|-unboost|p2a: Ceruledge|def|1
|-unboost|p2a: Ceruledge|spd|1
|
|upkeep
|turn|13
|inactive|nerdy_head has 90 seconds left.
|
|t:|1776114772
|move|p2a: Ceruledge|Bitter Blade|p1a: Hoopa
|-damage|p1a: Hoopa|0 fnt
|faint|p1a: Hoopa
|
|upkeep
|inactive|nerdy_head has 90 seconds left.
|
|t:|1776114778
|switch|p1a: Gholdengo|Gholdengo|100/100
|-item|p1a: Gholdengo|Air Balloon
|turn|14
|inactive|nerdy_head has 90 seconds left.
|
|t:|1776114799
|-terastallize|p1a: Gholdengo|Water
|move|p2a: Ceruledge|Bitter Blade|p1a: Gholdengo
|-resisted|p1a: Gholdengo
|-damage|p1a: Gholdengo|75/100
|-enditem|p1a: Gholdengo|Air Balloon
|move|p1a: Gholdengo|Shadow Ball|p2a: Ceruledge
|-supereffective|p2a: Ceruledge
|-enditem|p2a: Ceruledge|Focus Sash
|-damage|p2a: Ceruledge|1/100
|
|upkeep
|turn|15
|
|t:|1776114817
|-terastallize|p2a: Ceruledge|Fighting
|move|p2a: Ceruledge|Close Combat|p1a: Gholdengo
|-damage|p1a: Gholdengo|7/100
|-unboost|p2a: Ceruledge|def|1
|-unboost|p2a: Ceruledge|spd|1
|move|p1a: Gholdengo|Tera Blast|p2a: Ceruledge|[anim] Tera Blast Water
|-damage|p2a: Ceruledge|0 fnt
|faint|p2a: Ceruledge
|
|upkeep
|
|t:|1776114821
|switch|p2a: Cinderace|Cinderace, F|100/100
|turn|16
|
|t:|1776114837
|move|p2a: Cinderace|High Jump Kick|p1a: Gholdengo
|-start|p2a: Cinderace|typechange|Fighting|[from] ability: Libero
|-damage|p1a: Gholdengo|0 fnt
|faint|p1a: Gholdengo
|
|upkeep
|
|t:|1776114843
|switch|p1a: Iron Boulder|Iron Boulder|48/100
|-heal|p1a: Iron Boulder|100/100|[from] move: Healing Wish
|turn|17
|
|t:|1776114862
|move|p1a: Iron Boulder|Zen Headbutt|p2a: Cinderace
|-supereffective|p2a: Cinderace
|-damage|p2a: Cinderace|0 fnt
|faint|p2a: Cinderace
|
|win|nerdy_head
|raw|nerdy_head's rating: 1533 &rarr; <strong>1555</strong><br />(+22 for winning)
|raw|diggory delvet's rating: 1561 &rarr; <strong>1539</strong><br />(-22 for losing)
|l|☆diggory delvet
|player|p2|
