|html|<div class="broadcast-blue"><strong>[Gen 9] OU is currently suspecting Tera Blast! For information on how to participate check out the <a href="https://www.smogon.com/tools/suspects/view/200">suspect thread</a>.</strong></div>
|j|☆NoomVoom
|j|☆Princessjosie1001!
|t:|1776118095
|gametype|singles
|player|p1|NoomVoom|bugcatcher-gen4dp|1569
|player|p2|Princessjosie1001!|nurse|1529
|gen|9
|tier|[Gen 9] OU
|rated|
|rule|HP Percentage Mod: HP is shown in percentages
|rule|Endless Battle Clause: Forcing endless battles is banned
|rule|Species Clause: Limit one of each Pokémon
|rule|OHKO Clause: OHKO moves are banned
|rule|Evasion Items Clause: Evasion items are banned
|rule|Evasion Moves Clause: Evasion moves are banned
|rule|Evasion Abilities Clause: Evasion abilities are banned
|rule|Sleep Moves Clause: Sleep-inducing moves are banned
|clearpoke
|poke|p1|Gholdengo|
|poke|p1|Samurott-Hisui, M|
|poke|p1|Rillaboom, M|
|poke|p1|Deoxys-Speed|
|poke|p1|Dragapult, M|
|poke|p1|Iron Moth|
|poke|p2|Polteageist|
|poke|p2|Cloyster, M|
|poke|p2|Salazzle, F|
|poke|p2|Espeon, M|
|poke|p2|Jirachi|
|poke|p2|Dragonite, M|
|teampreview
|inactive|Battle timer is ON: inactive players will automatically lose when time's up. (requested by NoomVoom)
|
|t:|1776118115
|teamsize|p1|6
|teamsize|p2|6
|start
|switch|p1a: Samurott|Samurott-Hisui, M|100/100
|switch|p2a: Jirachi|Jirachi|100/100
|turn|1
|
|t:|1776118121
|move|p2a: Jirachi|Iron Head|p1a: Samurott
|-resisted|p1a: Samurott
|-damage|p1a: Samurott|76/100
|move|p1a: Samurott|Ceaseless Edge|p2a: Jirachi
|-supereffective|p2a: Jirachi
|-damage|p2a: Jirachi|9/100
|-sidestart|p2: Princessjosie1001!|Spikes
|
|upkeep
|turn|2
|
|t:|1776118128
|move|p2a: Jirachi|Iron Head|p1a: Samurott
|-resisted|p1a: Samurott
|-damage|p1a: Samurott|51/100
|cant|p1a: Samurott|flinch
|
|upkeep
|turn|3
|
|t:|1776118133
|move|p1a: Samurott|Sucker Punch|p2a: Jirachi
|-supereffective|p2a: Jirachi
|-damage|p2a: Jirachi|0 fnt
|faint|p2a: Jirachi
|
|upkeep
|
|t:|1776118139
|switch|p2a: Cloyster|Cloyster, M|100/100
|-damage|p2a: Cloyster|88/100|[from] Spikes
|turn|4
|
|t:|1776118149
|move|p1a: Samurott|Ceaseless Edge|p2a: Cloyster
|-damage|p2a: Cloyster|48/100
|-sidestart|p2: Princessjosie1001!|Spikes
|move|p2a: Cloyster|Shell Smash|p2a: Cloyster
|-unboost|p2a: Cloyster|def|1
|-unboost|p2a: Cloyster|spd|1
|-boost|p2a: Cloyster|atk|2
|-boost|p2a: Cloyster|spa|2
|-boost|p2a: Cloyster|spe|2
|
|upkeep
|turn|5
|
|t:|1776118169
|move|p1a: Samurott|Sucker Punch||[still]
|-fail|p1a: Samurott
|move|p2a: Cloyster|Shell Smash|p2a: Cloyster
|-unboost|p2a: Cloyster|def|1
|-unboost|p2a: Cloyster|spd|1
|-boost|p2a: Cloyster|atk|2
|-boost|p2a: Cloyster|spa|2
|-boost|p2a: Cloyster|spe|2
|
|upkeep
|turn|6
|
|t:|1776118177
|move|p1a: Samurott|Sucker Punch||[still]
|-fail|p1a: Samurott
|move|p2a: Cloyster|Shell Smash|p2a: Cloyster
|-unboost|p2a: Cloyster|def|1
|-unboost|p2a: Cloyster|spd|1
|-boost|p2a: Cloyster|atk|2
|-boost|p2a: Cloyster|spa|2
|-boost|p2a: Cloyster|spe|2
|
|upkeep
|turn|7
|
|t:|1776118185
|move|p2a: Cloyster|Ice Shard|p1a: Samurott
|-resisted|p1a: Samurott
|-damage|p1a: Samurott|5/100
|move|p1a: Samurott|Sucker Punch||[still]
|-fail|p1a: Samurott
|
|upkeep
|turn|8
|
|t:|1776118195
|move|p2a: Cloyster|Ice Shard|p1a: Samurott
|-resisted|p1a: Samurott
|-damage|p1a: Samurott|0 fnt
|faint|p1a: Samurott
|
|upkeep
|
|t:|1776118203
|switch|p1a: Rillaboom|Rillaboom, M|100/100
|-fieldstart|move: Grassy Terrain|[from] ability: Grassy Surge|[of] p1a: Rillaboom
|turn|9
|
|t:|1776118209
|-terastallize|p2a: Cloyster|Ice
|-terastallize|p1a: Rillaboom|Water
|move|p2a: Cloyster|Ice Shard|p1a: Rillaboom
|-resisted|p1a: Rillaboom
|-damage|p1a: Rillaboom|54/100
|move|p1a: Rillaboom|Grassy Glide|p2a: Cloyster
|-damage|p2a: Cloyster|0 fnt
|faint|p2a: Cloyster
|
|-heal|p1a: Rillaboom|60/100|[from] Grassy Terrain
|upkeep
|
|t:|1776118220
|switch|p2a: No hazard allowed|Espeon, M|100/100
|-damage|p2a: No hazard allowed|84/100|[from] Spikes
|turn|10
|
|t:|1776118234
|move|p2a: No hazard allowed|Trick|p1a: Rillaboom
|-activate|p2a: No hazard allowed|move: Trick|[of] p1a: Rillaboom
|-item|p1a: Rillaboom|Choice Scarf|[from] move: Trick
|-item|p2a: No hazard allowed|Rocky Helmet|[from] move: Trick
|move|p1a: Rillaboom|Wood Hammer|p2a: No hazard allowed
|-damage|p2a: No hazard allowed|0 fnt
|-damage|p1a: Rillaboom|44/100|[from] item: Rocky Helmet|[of] p2a: No hazard allowed
|faint|p2a: No hazard allowed
|-damage|p1a: Rillaboom|25/100|[from] Recoil
|
|-heal|p1a: Rillaboom|31/100|[from] Grassy Terrain
|upkeep
|
|t:|1776118246
|switch|p2a: Polteageist|Polteageist|100/100
|-damage|p2a: Polteageist|84/100|[from] Spikes
|turn|11
|
|t:|1776118250
|move|p1a: Rillaboom|Wood Hammer|p2a: Polteageist
|-damage|p2a: Polteageist|0 fnt
|faint|p2a: Polteageist
|-damage|p1a: Rillaboom|14/100|[from] Recoil
|
|-heal|p1a: Rillaboom|20/100|[from] Grassy Terrain
|upkeep
|
|t:|1776118257
|switch|p2a: Dragonite|Dragonite, M|100/100
|turn|12
|
|t:|1776118261
|move|p1a: Rillaboom|Wood Hammer|p2a: Dragonite
|-resisted|p2a: Dragonite
|-damage|p2a: Dragonite|89/100
|-damage|p1a: Rillaboom|17/100|[from] Recoil
|move|p2a: Dragonite|Dragon Dance|p2a: Dragonite
|-boost|p2a: Dragonite|atk|1
|-boost|p2a: Dragonite|spe|1
|
|-heal|p1a: Rillaboom|23/100|[from] Grassy Terrain
|upkeep
|turn|13
|
|t:|1776118273
|switch|p1a: Deoxys|Deoxys-Speed|100/100
|-ability|p1a: Deoxys|Pressure
|move|p2a: Dragonite|Dragon Dance|p2a: Dragonite
|-boost|p2a: Dragonite|atk|1
|-boost|p2a: Dragonite|spe|1
|
|-fieldend|move: Grassy Terrain
|upkeep
|turn|14
|
|t:|1776118280
|move|p2a: Dragonite|Dragon Claw|p1a: Deoxys
|-damage|p1a: Deoxys|0 fnt
|-damage|p2a: Dragonite|72/100|[from] item: Rocky Helmet|[of] p1a: Deoxys
|faint|p1a: Deoxys
|
|upkeep
|
|t:|1776118291
|switch|p1a: Gholdengo|Gholdengo|100/100
|-item|p1a: Gholdengo|Air Balloon
|turn|15
|
|t:|1776118297
|move|p2a: Dragonite|Dragon Claw|p1a: Gholdengo
|-resisted|p1a: Gholdengo
|-damage|p1a: Gholdengo|55/100
|-enditem|p1a: Gholdengo|Air Balloon
|move|p1a: Gholdengo|Make It Rain|p2a: Dragonite
|-damage|p2a: Dragonite|3/100
|-unboost|p1a: Gholdengo|spa|1
|
|upkeep
|turn|16
|
|t:|1776118306
|move|p2a: Dragonite|Earthquake|p1a: Gholdengo
|-supereffective|p1a: Gholdengo
|-damage|p1a: Gholdengo|0 fnt
|faint|p1a: Gholdengo
|
|upkeep
|
|t:|1776118313
|switch|p1a: Rillaboom|Rillaboom, M, tera:Water|23/100
|-fieldstart|move: Grassy Terrain|[from] ability: Grassy Surge|[of] p1a: Rillaboom
|turn|17
|
|t:|1776118317
|move|p2a: Dragonite|Extreme Speed|p1a: Rillaboom
|-damage|p1a: Rillaboom|0 fnt
|faint|p1a: Rillaboom
|
|upkeep
|
|t:|1776118322
|switch|p1a: Iron Moth|Iron Moth|100/100
|-enditem|p1a: Iron Moth|Booster Energy
|-activate|p1a: Iron Moth|ability: Quark Drive|[fromitem]
|-start|p1a: Iron Moth|quarkdrivespa
|turn|18
|
|t:|1776118329
|move|p2a: Dragonite|Earthquake|p1a: Iron Moth
|-supereffective|p1a: Iron Moth
|-damage|p1a: Iron Moth|0 fnt
|faint|p1a: Iron Moth
|-end|p1a: Iron Moth|Quark Drive|[silent]
|
|upkeep
|-message|NoomVoom forfeited.
|
|win|Princessjosie1001!
|raw|NoomVoom's rating: 1569 &rarr; <strong>1547</strong><br />(-22 for losing)
|raw|Princessjosie1001!'s rating: 1529 &rarr; <strong>1551</strong><br />(+22 for winning)
|l|☆NoomVoom
|player|p1|
|l|☆Princessjosie1001!
|player|p2|
