|html|<div class="broadcast-blue"><strong>[Gen 9] OU is currently suspecting Tera Blast! For information on how to participate check out the <a href="https://www.smogon.com/tools/suspects/view/200">suspect thread</a>.</strong></div>
|j|☆FEFE200000008
|j|☆asasdfdasfdsaf
|t:|1776053851
|gametype|singles
|player|p1|FEFE200000008|265|1170
|player|p2|asasdfdasfdsaf|101|1221
|gen|9
|tier|[Gen 9] OU
|rated|
|rule|HP Percentage Mod: HP is shown in percentages
|rule|Endless Battle Clause: Forcing endless battles is banned
|rule|Species Clause: Limit one of each Pokémon
|rule|OHKO Clause: OHKO moves are banned
|rule|Evasion Items Clause: Evasion items are banned
|rule|Evasion Moves Clause: Evasion moves are banned
|rule|Evasion Abilities Clause: Evasion abilities are banned
|rule|Sleep Moves Clause: Sleep-inducing moves are banned
|clearpoke
|poke|p1|Quaquaval, M|
|poke|p1|Grimmsnarl, M|
|poke|p1|Raging Bolt|
|poke|p1|Corviknight, M|
|poke|p1|Mimikyu, F|
|poke|p1|Pecharunt|
|poke|p2|Ribombee, F|
|poke|p2|Cinderace, F|
|poke|p2|Serperior, F|
|poke|p2|Milotic, F|
|poke|p2|Kingambit, F|
|poke|p2|Gothitelle, F|
|teampreview
|inactive|Battle timer is ON: inactive players will automatically lose when time's up. (requested by asasdfdasfdsaf)
|
|t:|1776053866
|teamsize|p1|6
|teamsize|p2|6
|start
|switch|p1a: Quaquaval|Quaquaval, M|100/100
|switch|p2a: Ribombee|Ribombee, F|100/100
|turn|1
|
|t:|1776053877
|move|p2a: Ribombee|Stun Spore|p1a: Quaquaval
|-status|p1a: Quaquaval|par
|cant|p1a: Quaquaval|par
|
|upkeep
|turn|2
|
|t:|1776053883
|move|p2a: Ribombee|Sticky Web|p1a: Quaquaval
|-sidestart|p1: FEFE200000008|move: Sticky Web
|move|p1a: Quaquaval|Aqua Step|p2a: Ribombee
|-damage|p2a: Ribombee|29/100
|-boost|p1a: Quaquaval|spe|1
|
|upkeep
|turn|3
|
|t:|1776053890
|move|p2a: Ribombee|Moonblast|p1a: Quaquaval
|-supereffective|p1a: Quaquaval
|-damage|p1a: Quaquaval|32/100 par
|cant|p1a: Quaquaval|par
|
|upkeep
|turn|4
|
|t:|1776053896
|move|p2a: Ribombee|Moonblast|p1a: Quaquaval
|-supereffective|p1a: Quaquaval
|-damage|p1a: Quaquaval|0 fnt
|faint|p1a: Quaquaval
|
|upkeep
|
|t:|1776053901
|switch|p1a: Corviknight|Corviknight, M|100/100
|-ability|p1a: Corviknight|Pressure
|turn|5
|
|t:|1776053913
|switch|p2a: Milotic|Milotic, F|100/100
|move|p1a: Corviknight|Defog|p2a: Milotic
|-unboost|p2a: Milotic|evasion|1
|-ability|p2a: Milotic|Competitive|boost
|-boost|p2a: Milotic|spa|2
|-sideend|p1: FEFE200000008|Sticky Web|[from] move: Defog|[of] p1a: Corviknight
|
|upkeep
|turn|6
|
|t:|1776053921
|move|p1a: Corviknight|U-turn|p2a: Milotic
|-damage|p2a: Milotic|86/100
|
|t:|1776053924
|switch|p1a: Grimmsnarl|Grimmsnarl, M|100/100|[from] U-turn
|move|p2a: Milotic|Ice Beam|p1a: Grimmsnarl
|-damage|p1a: Grimmsnarl|30/100
|-status|p1a: Grimmsnarl|frz
|-damage|p2a: Milotic|77/100|[from] item: Life Orb
|
|upkeep
|turn|7
|
|t:|1776053938
|cant|p1a: Grimmsnarl|frz
|move|p2a: Milotic|Draining Kiss|p1a: Grimmsnarl
|-supereffective|p1a: Grimmsnarl
|-damage|p1a: Grimmsnarl|0 fnt
|-heal|p2a: Milotic|99/100|[from] drain|[of] p1a: Grimmsnarl
|faint|p1a: Grimmsnarl
|-damage|p2a: Milotic|90/100|[from] item: Life Orb
|
|upkeep
|
|t:|1776053947
|switch|p1a: Raging Bolt|Raging Bolt|100/100
|-enditem|p1a: Raging Bolt|Booster Energy
|-activate|p1a: Raging Bolt|ability: Protosynthesis|[fromitem]
|-start|p1a: Raging Bolt|protosynthesisspa
|turn|8
|
|t:|1776053961
|-terastallize|p1a: Raging Bolt|Fairy
|-terastallize|p2a: Milotic|Fairy
|move|p1a: Raging Bolt|Calm Mind|p1a: Raging Bolt
|-boost|p1a: Raging Bolt|spa|1
|-boost|p1a: Raging Bolt|spd|1
|move|p2a: Milotic|Draining Kiss|p1a: Raging Bolt
|-damage|p1a: Raging Bolt|54/100
|-heal|p2a: Milotic|100/100|[from] drain|[of] p1a: Raging Bolt
|-damage|p2a: Milotic|91/100|[from] item: Life Orb
|
|upkeep
|turn|9
|
|t:|1776053973
|move|p1a: Raging Bolt|Thunderbolt|p2a: Milotic
|-damage|p2a: Milotic|19/100
|move|p2a: Milotic|Surf|p1a: Raging Bolt
|-damage|p1a: Raging Bolt|0 fnt
|faint|p1a: Raging Bolt
|-end|p1a: Raging Bolt|Protosynthesis|[silent]
|-damage|p2a: Milotic|9/100|[from] item: Life Orb
|
|upkeep
|
|t:|1776053994
|switch|p1a: Mimikyu|Mimikyu, F|100/100
|turn|10
|
|t:|1776054012
|switch|p2a: Kingambit|Kingambit, F|100/100
|move|p1a: Mimikyu|Shadow Claw|p2a: Kingambit
|-resisted|p2a: Kingambit
|-damage|p2a: Kingambit|87/100
|-damage|p1a: Mimikyu|91/100|[from] item: Life Orb
|
|upkeep
|turn|11
|
|t:|1776054026
|switch|p2a: Milotic|Milotic, F, tera:Fairy|9/100
|move|p1a: Mimikyu|Play Rough|p2a: Milotic
|-damage|p2a: Milotic|0 fnt
|faint|p2a: Milotic
|-damage|p1a: Mimikyu|81/100|[from] item: Life Orb
|
|upkeep
|
|t:|1776054043
|switch|p2a: Kingambit|Kingambit, F|87/100
|turn|12
|
|t:|1776054047
|move|p1a: Mimikyu|Play Rough|p2a: Kingambit
|-damage|p2a: Kingambit|52/100
|-unboost|p2a: Kingambit|atk|1
|-ability|p2a: Kingambit|Defiant|boost
|-boost|p2a: Kingambit|atk|2
|-damage|p1a: Mimikyu|71/100|[from] item: Life Orb
|move|p2a: Kingambit|Kowtow Cleave|p1a: Mimikyu
|-activate|p1a: Mimikyu|ability: Disguise
|-damage|p1a: Mimikyu|71/100
|detailschange|p1a: Mimikyu|Mimikyu-Busted, F
|-damage|p1a: Mimikyu|58/100|[from] pokemon: Mimikyu-Busted
|
|upkeep
|turn|13
|
|t:|1776054060
|move|p2a: Kingambit|Sucker Punch||[still]
|-fail|p2a: Kingambit
|move|p1a: Mimikyu|Swords Dance|p1a: Mimikyu
|-boost|p1a: Mimikyu|atk|2
|
|upkeep
|turn|14
|
|t:|1776054070
|move|p1a: Mimikyu|Shadow Sneak|p2a: Kingambit
|-resisted|p2a: Kingambit
|-damage|p2a: Kingambit|36/100
|-damage|p1a: Mimikyu|49/100|[from] item: Life Orb
|move|p2a: Kingambit|Kowtow Cleave|p1a: Mimikyu
|-damage|p1a: Mimikyu|0 fnt
|faint|p1a: Mimikyu
|
|upkeep
|-message|FEFE200000008 forfeited.
|
|win|asasdfdasfdsaf
|raw|FEFE200000008's rating: 1170 &rarr; <strong>1149</strong><br />(-21 for losing)
|raw|asasdfdasfdsaf's rating: 1221 &rarr; <strong>1242</strong><br />(+21 for winning)
|l|☆FEFE200000008
|player|p1|
|j|☆FEFE200000008
|player|p1|FEFE200000008|265|
|l|☆asasdfdasfdsaf
|player|p2|
|l|☆FEFE200000008
|player|p1|
