|html|<div class="broadcast-blue"><strong>[Gen 9] OU is currently suspecting Tera Blast! For information on how to participate check out the <a href="https://www.smogon.com/tools/suspects/view/200">suspect thread</a>.</strong></div>
|j|☆enigma96
|j|☆krookodile fangirl
|t:|1776035226
|gametype|singles
|player|p1|enigma96|jogger|1176
|player|p2|krookodile fangirl|roughneck|1193
|gen|9
|tier|[Gen 9] OU
|rated|
|rule|HP Percentage Mod: HP is shown in percentages
|rule|Endless Battle Clause: Forcing endless battles is banned
|rule|Species Clause: Limit one of each Pokémon
|rule|OHKO Clause: OHKO moves are banned
|rule|Evasion Items Clause: Evasion items are banned
|rule|Evasion Moves Clause: Evasion moves are banned
|rule|Evasion Abilities Clause: Evasion abilities are banned
|rule|Sleep Moves Clause: Sleep-inducing moves are banned
|clearpoke
|poke|p1|Incineroar, M|
|poke|p1|Meowscarada, M|
|poke|p1|Luxray, M|
|poke|p1|Espeon, M|
|poke|p1|Pyroar, M|
|poke|p1|Persian-Alola, M|
|poke|p2|Krookodile, M|
|poke|p2|Typhlosion-Hisui, M|
|poke|p2|Deoxys-Speed|
|poke|p2|Iron Hands|
|poke|p2|Ogerpon-Wellspring, F|
|poke|p2|Corviknight, F|
|teampreview
|
|t:|1776035229
|teamsize|p1|6
|teamsize|p2|6
|start
|switch|p1a: Meowscarada|Meowscarada, M, shiny|100/100
|switch|p2a: THE ALLEGATIONS|Typhlosion-Hisui, M|100/100
|-item|p1a: Meowscarada|Choice Scarf|[from] ability: Frisk|[of] p2a: THE ALLEGATIONS
|turn|1
|inactive|Battle timer is ON: inactive players will automatically lose when time's up. (requested by krookodile fangirl)
|inactive|enigma96 also wants the timer to be on.
|
|t:|1776035237
|-terastallize|p2a: THE ALLEGATIONS|Fairy
|move|p1a: Meowscarada|Knock Off|p2a: THE ALLEGATIONS
|-start|p1a: Meowscarada|typechange|Dark|[from] ability: Protean
|-resisted|p2a: THE ALLEGATIONS
|-damage|p2a: THE ALLEGATIONS|67/100
|-enditem|p2a: THE ALLEGATIONS|Choice Scarf|[from] move: Knock Off|[of] p1a: Meowscarada
|move|p2a: THE ALLEGATIONS|Tera Blast|p1a: Meowscarada|[anim] Tera Blast Fairy
|-supereffective|p1a: Meowscarada
|-damage|p1a: Meowscarada|0 fnt
|faint|p1a: Meowscarada
|
|upkeep
|
|t:|1776035256
|switch|p1a: Incineroar|Incineroar, M, shiny|100/100
|-ability|p1a: Incineroar|Intimidate|boost
|-unboost|p2a: THE ALLEGATIONS|atk|1
|turn|2
|
|t:|1776035262
|switch|p2a: Meta Slave|Corviknight, F|100/100
|move|p1a: Incineroar|Flame Charge|p2a: Meta Slave
|-supereffective|p2a: Meta Slave
|-damage|p2a: Meta Slave|62/100
|-boost|p1a: Incineroar|spe|1
|-damage|p1a: Incineroar|84/100|[from] item: Rocky Helmet|[of] p2a: Meta Slave
|
|upkeep
|turn|3
|
|t:|1776035271
|switch|p2a: Adam Smasher|Iron Hands|100/100
|move|p1a: Incineroar|Bulk Up|p1a: Incineroar
|-boost|p1a: Incineroar|atk|1
|-boost|p1a: Incineroar|def|1
|
|upkeep
|turn|4
|
|t:|1776035278
|move|p1a: Incineroar|Bulk Up|p1a: Incineroar
|-boost|p1a: Incineroar|atk|1
|-boost|p1a: Incineroar|def|1
|move|p2a: Adam Smasher|Drain Punch|p1a: Incineroar
|-supereffective|p1a: Incineroar
|-damage|p1a: Incineroar|28/100
|
|upkeep
|turn|5
|
|t:|1776035286
|-terastallize|p1a: Incineroar|Flying
|move|p1a: Incineroar|Drain Punch|p2a: Adam Smasher
|-damage|p2a: Adam Smasher|66/100
|-heal|p1a: Incineroar|51/100|[from] drain|[of] p2a: Adam Smasher
|move|p2a: Adam Smasher|Drain Punch|p1a: Incineroar
|-resisted|p1a: Incineroar
|-damage|p1a: Incineroar|37/100
|-heal|p2a: Adam Smasher|72/100|[from] drain|[of] p1a: Incineroar
|
|upkeep
|turn|6
|
|t:|1776035298
|move|p1a: Incineroar|Drain Punch|p2a: Adam Smasher
|-damage|p2a: Adam Smasher|39/100
|-heal|p1a: Incineroar|59/100|[from] drain|[of] p2a: Adam Smasher
|move|p2a: Adam Smasher|Supercell Slam|p1a: Incineroar
|-supereffective|p1a: Incineroar
|-damage|p1a: Incineroar|0 fnt
|faint|p1a: Incineroar
|
|upkeep
|
|t:|1776035309
|switch|p1a: Espeon|Espeon, M|100/100
|turn|7
|
|t:|1776035312
|move|p1a: Espeon|Alluring Voice|p2a: Adam Smasher
|-supereffective|p2a: Adam Smasher
|-damage|p2a: Adam Smasher|0 fnt
|faint|p2a: Adam Smasher
|-end|p2a: Adam Smasher|Quark Drive|[silent]
|
|upkeep
|
|t:|1776035315
|switch|p2a: THE ALLEGATIONS|Typhlosion-Hisui, M, tera:Fairy|67/100
|-item|p1a: Espeon|Choice Specs|[from] ability: Frisk|[of] p2a: THE ALLEGATIONS
|turn|8
|
|t:|1776035323
|switch|p1a: Pyroar|Pyroar, M|100/100
|-ability|p1a: Pyroar|Unnerve
|move|p2a: THE ALLEGATIONS|Shadow Ball|p1a: Pyroar
|-immune|p1a: Pyroar
|
|upkeep
|turn|9
|
|t:|1776035334
|switch|p2a: Majora|Ogerpon-Wellspring, F|100/100
|move|p1a: Pyroar|Flamethrower|p2a: Majora
|-crit|p2a: Majora
|-damage|p2a: Majora|24/100
|
|upkeep
|turn|10
|
|t:|1776035340
|switch|p1a: Persian|Persian-Alola, M, shiny|100/100
|move|p2a: Majora|Ivy Cudgel|p1a: Persian|[anim] Ivy Cudgel Water
|-damage|p1a: Persian|44/100
|
|upkeep
|turn|11
|
|t:|1776035354
|move|p1a: Persian|Power Gem|p2a: Majora
|-damage|p2a: Majora|2/100
|move|p2a: Majora|U-turn|p1a: Persian
|-supereffective|p1a: Persian
|-damage|p1a: Persian|0 fnt
|-damage|p2a: Majora|0 fnt|[from] item: Rocky Helmet|[of] p1a: Persian
|faint|p1a: Persian
|faint|p2a: Majora
|
|upkeep
|
|t:|1776035384
|switch|p1a: Luxray|Luxray, M|100/100
|switch|p2a: Tiramisu|Krookodile, M, shiny|100/100
|turn|12
|
|t:|1776035397
|move|p2a: Tiramisu|Knock Off|p1a: Luxray
|-damage|p1a: Luxray|43/100
|-enditem|p1a: Luxray|Flame Orb|[from] move: Knock Off|[of] p2a: Tiramisu
|move|p1a: Luxray|Trailblaze|p2a: Tiramisu
|-supereffective|p2a: Tiramisu
|-damage|p2a: Tiramisu|64/100
|-boost|p1a: Luxray|spe|1
|
|upkeep
|turn|13
|
|t:|1776035408
|switch|p2a: Invader Zim|Deoxys-Speed, shiny|100/100
|-ability|p2a: Invader Zim|Pressure
|move|p1a: Luxray|Trailblaze|p2a: Invader Zim
|-damage|p2a: Invader Zim|77/100
|-boost|p1a: Luxray|spe|1
|
|upkeep
|turn|14
|
|t:|1776035418
|move|p1a: Luxray|Spark|p2a: Invader Zim
|-damage|p2a: Invader Zim|29/100
|move|p2a: Invader Zim|Psycho Boost|p1a: Luxray
|-damage|p1a: Luxray|0 fnt
|-unboost|p2a: Invader Zim|spa|2
|faint|p1a: Luxray
|-damage|p2a: Invader Zim|19/100|[from] item: Life Orb
|
|upkeep
|
|t:|1776035428
|switch|p1a: Pyroar|Pyroar, M|100/100
|-ability|p1a: Pyroar|Unnerve
|turn|15
|
|t:|1776035433
|move|p2a: Invader Zim|Psycho Boost|p1a: Pyroar
|-damage|p1a: Pyroar|57/100
|-unboost|p2a: Invader Zim|spa|2
|-damage|p2a: Invader Zim|9/100|[from] item: Life Orb
|move|p1a: Pyroar|Hyper Voice|p2a: Invader Zim
|-damage|p2a: Invader Zim|0 fnt
|faint|p2a: Invader Zim
|
|upkeep
|
|t:|1776035439
|switch|p2a: Tiramisu|Krookodile, M, shiny|64/100
|turn|16
|
|t:|1776035453
|move|p1a: Pyroar|Flamethrower|p2a: Tiramisu
|-damage|p2a: Tiramisu|13/100
|move|p2a: Tiramisu|Scale Shot|p1a: Pyroar
|-damage|p1a: Pyroar|47/100
|-crit|p1a: Pyroar
|-damage|p1a: Pyroar|30/100
|-damage|p1a: Pyroar|19/100
|-damage|p1a: Pyroar|8/100
|-damage|p1a: Pyroar|0 fnt
|faint|p1a: Pyroar
|-ability|p2a: Tiramisu|Moxie|boost
|-boost|p2a: Tiramisu|atk|1
|-hitcount|p1: Pyroar|5
|-unboost|p2a: Tiramisu|def|1
|-boost|p2a: Tiramisu|spe|1
|
|upkeep
|
|t:|1776035469
|switch|p1a: Espeon|Espeon, M|100/100
|turn|17
|
|t:|1776035474
|move|p2a: Tiramisu|Knock Off|p1a: Espeon
|-supereffective|p1a: Espeon
|-damage|p1a: Espeon|0 fnt
|-enditem|p1a: Espeon|Choice Specs|[from] move: Knock Off|[of] p2a: Tiramisu
|faint|p1a: Espeon
|
|win|krookodile fangirl
|raw|enigma96's rating: 1176 &rarr; <strong>1152</strong><br />(-24 for losing)
|raw|krookodile fangirl's rating: 1193 &rarr; <strong>1217</strong><br />(+24 for winning)
|l|☆enigma96
|player|p1|
