|html|<div class="broadcast-blue"><strong>[Gen 9] OU is currently suspecting Tera Blast! For information on how to participate check out the <a href="https://www.smogon.com/tools/suspects/view/200">suspect thread</a>.</strong></div>
|j|☆supersayajeans
|j|☆QINGWU
|t:|1776083426
|gametype|singles
|player|p1|supersayajeans|kimonogirl|1362
|player|p2|QINGWU|psychic|1363
|gen|9
|tier|[Gen 9] OU
|rated|
|rule|HP Percentage Mod: HP is shown in percentages
|rule|Endless Battle Clause: Forcing endless battles is banned
|rule|Species Clause: Limit one of each Pokémon
|rule|OHKO Clause: OHKO moves are banned
|rule|Evasion Items Clause: Evasion items are banned
|rule|Evasion Moves Clause: Evasion moves are banned
|rule|Evasion Abilities Clause: Evasion abilities are banned
|rule|Sleep Moves Clause: Sleep-inducing moves are banned
|clearpoke
|poke|p1|Suicune|
|poke|p1|Zapdos|
|poke|p1|Great Tusk|
|poke|p1|Scizor, M|
|poke|p1|Hydrapple, F|
|poke|p1|Tyranitar, M|
|poke|p2|Kingambit, F|
|poke|p2|Gholdengo|
|poke|p2|Ogerpon-Wellspring, F|
|poke|p2|Slowking-Galar, M|
|poke|p2|Iron Valiant|
|poke|p2|Araquanid, M|
|teampreview
|
|t:|1776083435
|teamsize|p1|6
|teamsize|p2|6
|start
|switch|p1a: Zapdos|Zapdos|100/100
|switch|p2a: Araquanid|Araquanid, M|100/100
|turn|1
|
|t:|1776083444
|move|p1a: Zapdos|Volt Switch|p2a: Araquanid
|-supereffective|p2a: Araquanid
|-damage|p2a: Araquanid|56/100
|
|t:|1776083454
|switch|p1a: Suicune|Suicune|100/100|[from] Volt Switch
|-ability|p1a: Suicune|Pressure
|move|p2a: Araquanid|Mirror Coat|p1a: Suicune
|-damage|p1a: Suicune|25/100
|
|-heal|p1a: Suicune|31/100|[from] item: Leftovers
|upkeep
|turn|2
|
|t:|1776083465
|move|p1a: Suicune|Calm Mind|p1a: Suicune
|-boost|p1a: Suicune|spa|1
|-boost|p1a: Suicune|spd|1
|move|p2a: Araquanid|Liquidation|p1a: Suicune
|-resisted|p1a: Suicune
|-crit|p1a: Suicune
|-damage|p1a: Suicune|7/100
|
|-heal|p1a: Suicune|13/100|[from] item: Leftovers
|upkeep
|turn|3
|
|t:|1776083480
|move|p1a: Suicune|Extrasensory|p2a: Araquanid
|-damage|p2a: Araquanid|38/100
|move|p2a: Araquanid|Sticky Web|p1a: Suicune
|-sidestart|p1: supersayajeans|move: Sticky Web
|
|-heal|p1a: Suicune|20/100|[from] item: Leftovers
|upkeep
|turn|4
|
|t:|1776083508
|move|p1a: Suicune|Extrasensory|p2a: Araquanid
|-damage|p2a: Araquanid|21/100
|move|p2a: Araquanid|Liquidation|p1a: Suicune
|-resisted|p1a: Suicune
|-damage|p1a: Suicune|2/100
|
|-heal|p1a: Suicune|8/100|[from] item: Leftovers
|upkeep
|turn|5
|-enditem|p2a: Araquanid|Custap Berry|[eat]
|-activate|p2a: Araquanid|item: Custap Berry|[consumed]
|
|t:|1776083517
|move|p2a: Araquanid|Liquidation|p1a: Suicune
|-resisted|p1a: Suicune
|-damage|p1a: Suicune|0 fnt
|faint|p1a: Suicune
|
|upkeep
|
|t:|1776083526
|switch|p1a: Zapdos|Zapdos|100/100
|turn|6
|
|t:|1776083540
|move|p1a: Zapdos|Volt Switch|p2a: Araquanid
|-supereffective|p2a: Araquanid
|-damage|p2a: Araquanid|0 fnt
|faint|p2a: Araquanid
|l|☆supersayajeans
|player|p1|
|j|☆supersayajeans
|player|p1|supersayajeans|kimonogirl|
|
|t:|1776083579
|switch|p1a: Scizor|Scizor, M|100/100|[from] Volt Switch
|-activate|p1a: Scizor|move: Sticky Web
|-unboost|p1a: Scizor|spe|1
|
|upkeep
|
|t:|1776083595
|switch|p2a: Ogerpon|Ogerpon-Wellspring, F|100/100
|turn|7
|
|t:|1776083600
|move|p2a: Ogerpon|Horn Leech|p1a: Scizor
|-resisted|p1a: Scizor
|-damage|p1a: Scizor|89/100
|move|p1a: Scizor|U-turn|p2a: Ogerpon
|-supereffective|p2a: Ogerpon
|-damage|p2a: Ogerpon|0 fnt
|faint|p2a: Ogerpon
|
|t:|1776083608
|switch|p1a: Zapdos|Zapdos|100/100|[from] U-turn
|
|upkeep
|
|t:|1776083616
|switch|p2a: Iron Valiant|Iron Valiant|100/100
|-enditem|p2a: Iron Valiant|Booster Energy
|-activate|p2a: Iron Valiant|ability: Quark Drive|[fromitem]
|-start|p2a: Iron Valiant|quarkdrivespe
|turn|8
|
|t:|1776083624
|move|p2a: Iron Valiant|Calm Mind|p2a: Iron Valiant
|-boost|p2a: Iron Valiant|spa|1
|-boost|p2a: Iron Valiant|spd|1
|move|p1a: Zapdos|Volt Switch|p2a: Iron Valiant
|-damage|p2a: Iron Valiant|50/100
|
|t:|1776083626
|switch|p1a: Scizor|Scizor, M|89/100|[from] Volt Switch
|-activate|p1a: Scizor|move: Sticky Web
|-unboost|p1a: Scizor|spe|1
|
|upkeep
|turn|9
|
|t:|1776083632
|-terastallize|p2a: Iron Valiant|Steel
|move|p1a: Scizor|Bullet Punch|p2a: Iron Valiant
|-resisted|p2a: Iron Valiant
|-damage|p2a: Iron Valiant|16/100
|move|p2a: Iron Valiant|Aura Sphere|p1a: Scizor
|-damage|p1a: Scizor|15/100
|
|upkeep
|turn|10
|
|t:|1776083640
|move|p1a: Scizor|Bullet Punch|p2a: Iron Valiant
|-resisted|p2a: Iron Valiant
|-damage|p2a: Iron Valiant|0 fnt
|faint|p2a: Iron Valiant
|-end|p2a: Iron Valiant|Quark Drive|[silent]
|
|upkeep
|
|t:|1776083643
|switch|p2a: Kingambit|Kingambit, F|100/100
|-activate|p2a: Kingambit|ability: Supreme Overlord
|-start|p2a: Kingambit|fallen3|[silent]
|-item|p2a: Kingambit|Air Balloon
|turn|11
|
|t:|1776083653
|move|p1a: Scizor|Bullet Punch|p2a: Kingambit
|-resisted|p2a: Kingambit
|-damage|p2a: Kingambit|83/100
|-enditem|p2a: Kingambit|Air Balloon
|move|p2a: Kingambit|Swords Dance|p2a: Kingambit
|-boost|p2a: Kingambit|atk|2
|
|upkeep
|turn|12
|
|t:|1776083664
|switch|p1a: Hydrapple|Hydrapple, F|100/100
|-activate|p1a: Hydrapple|move: Sticky Web
|-unboost|p1a: Hydrapple|spe|1
|move|p2a: Kingambit|Swords Dance|p2a: Kingambit
|-boost|p2a: Kingambit|atk|2
|
|upkeep
|turn|13
|
|t:|1776083674
|move|p2a: Kingambit|Sucker Punch|p1a: Hydrapple
|-damage|p1a: Hydrapple|7/100
|-damage|p2a: Kingambit|67/100|[from] item: Rocky Helmet|[of] p1a: Hydrapple
|move|p1a: Hydrapple|Body Press|p2a: Kingambit
|-supereffective|p2a: Kingambit
|-damage|p2a: Kingambit|0 fnt
|faint|p2a: Kingambit
|-end|p2a: Kingambit|fallen3|[silent]
|
|upkeep
|
|t:|1776083681
|switch|p2a: Gholdengo|Gholdengo|100/100
|-item|p2a: Gholdengo|Air Balloon
|turn|14
|
|t:|1776083714
|move|p2a: Gholdengo|Nasty Plot|p2a: Gholdengo
|-boost|p2a: Gholdengo|spa|2
|move|p1a: Hydrapple|Leaf Storm|p2a: Gholdengo
|-resisted|p2a: Gholdengo
|-damage|p2a: Gholdengo|72/100
|-unboost|p1a: Hydrapple|spa|2
|-enditem|p2a: Gholdengo|Air Balloon
|
|upkeep
|turn|15
|
|t:|1776083729
|switch|p1a: Zapdos|Zapdos|100/100
|move|p2a: Gholdengo|Nasty Plot|p2a: Gholdengo
|-boost|p2a: Gholdengo|spa|2
|
|upkeep
|turn|16
|
|t:|1776083737
|move|p2a: Gholdengo|Shadow Ball|p1a: Zapdos
|-damage|p1a: Zapdos|0 fnt
|faint|p1a: Zapdos
|
|upkeep
|
|t:|1776083740
|switch|p1a: Tyranitar|Tyranitar, M|100/100
|-activate|p1a: Tyranitar|move: Sticky Web
|-unboost|p1a: Tyranitar|spe|1
|-weather|Sandstorm|[from] ability: Sand Stream|[of] p1a: Tyranitar
|turn|17
|
|t:|1776083745
|-terastallize|p1a: Tyranitar|Ghost
|move|p2a: Gholdengo|Make It Rain|p1a: Tyranitar
|-damage|p1a: Tyranitar|7/100
|-unboost|p2a: Gholdengo|spa|1
|move|p1a: Tyranitar|Knock Off|p2a: Gholdengo
|-supereffective|p2a: Gholdengo
|-damage|p2a: Gholdengo|0 fnt
|faint|p2a: Gholdengo
|
|-weather|Sandstorm|[upkeep]
|-damage|p1a: Tyranitar|1/100|[from] Sandstorm
|upkeep
|
|t:|1776083753
|switch|p2a: Slowking|Slowking-Galar, M|100/100
|turn|18
|-message|QINGWU forfeited.
|
|win|supersayajeans
|raw|supersayajeans's rating: 1362 &rarr; <strong>1382</strong><br />(+20 for winning)
|raw|QINGWU's rating: 1363 &rarr; <strong>1343</strong><br />(-20 for losing)
