|html|<div class="broadcast-blue"><strong>[Gen 9] OU is currently suspecting Tera Blast! For information on how to participate check out the <a href="https://www.smogon.com/tools/suspects/view/200">suspect thread</a>.</strong></div>
|j|☆zhaojindawang朝瑾
|j|☆arturohdez
|t:|1776060915
|gametype|singles
|player|p1|zhaojindawang朝瑾|caitlin|1625
|player|p2|arturohdez|lucas|1608
|gen|9
|tier|[Gen 9] OU
|rated|
|rule|HP Percentage Mod: HP is shown in percentages
|rule|Endless Battle Clause: Forcing endless battles is banned
|rule|Species Clause: Limit one of each Pokémon
|rule|OHKO Clause: OHKO moves are banned
|rule|Evasion Items Clause: Evasion items are banned
|rule|Evasion Moves Clause: Evasion moves are banned
|rule|Evasion Abilities Clause: Evasion abilities are banned
|rule|Sleep Moves Clause: Sleep-inducing moves are banned
|clearpoke
|poke|p1|Hatterene, F|
|poke|p1|Weezing-Galar, F|
|poke|p1|Dondozo, M|
|poke|p1|Gliscor, F|
|poke|p1|Clodsire, F|
|poke|p1|Volcanion|
|poke|p2|Garganacl, M|
|poke|p2|Great Tusk|
|poke|p2|Dragapult, M|
|poke|p2|Zapdos|
|poke|p2|Samurott-Hisui, M|
|poke|p2|Iron Crown|
|teampreview
|inactive|Battle timer is ON: inactive players will automatically lose when time's up. (requested by zhaojindawang朝瑾)
|
|t:|1776060936
|teamsize|p1|6
|teamsize|p2|6
|start
|switch|p1a: 飞天大蝙蝠|Gliscor, F|100/100
|switch|p2a: Samurott|Samurott-Hisui, M, shiny|100/100
|turn|1
|
|t:|1776060942
|move|p1a: 飞天大蝙蝠|Protect|p1a: 飞天大蝙蝠
|-singleturn|p1a: 飞天大蝙蝠|Protect
|move|p2a: Samurott|Knock Off|p1a: 飞天大蝙蝠
|-activate|p1a: 飞天大蝙蝠|move: Protect
|
|-status|p1a: 飞天大蝙蝠|tox|[from] item: Toxic Orb
|upkeep
|turn|2
|
|t:|1776060955
|switch|p1a: Weezing|Weezing-Galar, F|100/100
|-ability|p1a: Weezing|Neutralizing Gas
|move|p2a: Samurott|Razor Shell|p1a: Weezing
|-damage|p1a: Weezing|81/100
|-unboost|p1a: Weezing|def|1
|-damage|p2a: Samurott|84/100|[from] item: Rocky Helmet|[of] p1a: Weezing
|
|upkeep
|turn|3
|
|t:|1776060969
|switch|p2a: Zapdos|Zapdos, shiny|100/100
|-end|p1a: Weezing|ability: Neutralizing Gas
|switch|p1a: 帽子姐姐强无敌|Hatterene, F, shiny|100/100
|
|upkeep
|turn|4
|
|t:|1776060977
|switch|p1a: 飞天大蝙蝠|Gliscor, F|100/100 tox
|move|p2a: Zapdos|Volt Switch|p1a: 飞天大蝙蝠
|-immune|p1a: 飞天大蝙蝠
|
|upkeep
|turn|5
|
|t:|1776060985
|move|p2a: Zapdos|Hurricane|p1a: 飞天大蝙蝠
|-damage|p1a: 飞天大蝙蝠|65/100 tox
|-start|p1a: 飞天大蝙蝠|confusion
|-activate|p1a: 飞天大蝙蝠|confusion
|move|p1a: 飞天大蝙蝠|Knock Off|p2a: Zapdos
|-damage|p2a: Zapdos|84/100
|-enditem|p2a: Zapdos|Heavy-Duty Boots|[from] move: Knock Off|[of] p1a: 飞天大蝙蝠
|
|-heal|p1a: 飞天大蝙蝠|77/100 tox|[from] ability: Poison Heal
|upkeep
|turn|6
|
|t:|1776060996
|-end|p1a: 飞天大蝙蝠|confusion
|move|p1a: 飞天大蝙蝠|Protect|p1a: 飞天大蝙蝠
|-singleturn|p1a: 飞天大蝙蝠|Protect
|move|p2a: Zapdos|Hurricane|p1a: 飞天大蝙蝠
|-activate|p1a: 飞天大蝙蝠|move: Protect
|
|-heal|p1a: 飞天大蝙蝠|89/100 tox|[from] ability: Poison Heal
|upkeep
|turn|7
|
|t:|1776061002
|move|p2a: Zapdos|Hurricane|p1a: 飞天大蝙蝠
|-damage|p1a: 飞天大蝙蝠|53/100 tox
|-start|p1a: 飞天大蝙蝠|confusion
|-activate|p1a: 飞天大蝙蝠|confusion
|move|p1a: 飞天大蝙蝠|Toxic|p2a: Zapdos
|-status|p2a: Zapdos|tox
|
|-damage|p2a: Zapdos|78/100 tox|[from] psn
|-heal|p1a: 飞天大蝙蝠|65/100 tox|[from] ability: Poison Heal
|upkeep
|turn|8
|
|t:|1776061011
|switch|p2a: Garganacl|Garganacl, M, shiny|100/100
|-end|p1a: 飞天大蝙蝠|confusion
|move|p1a: 飞天大蝙蝠|Protect||[still]
|-fail|p1a: 飞天大蝙蝠
|
|-heal|p1a: 飞天大蝙蝠|78/100 tox|[from] ability: Poison Heal
|upkeep
|turn|9
|
|t:|1776061018
|switch|p1a: 帽子姐姐强无敌|Hatterene, F, shiny|100/100
|move|p2a: Garganacl|Salt Cure|p1a: 帽子姐姐强无敌
|-damage|p1a: 帽子姐姐强无敌|89/100
|-start|p1a: 帽子姐姐强无敌|Salt Cure
|
|-damage|p1a: 帽子姐姐强无敌|77/100|[from] Salt Cure
|upkeep
|turn|10
|
|t:|1776061025
|move|p2a: Garganacl|Salt Cure|p1a: 帽子姐姐强无敌
|-damage|p1a: 帽子姐姐强无敌|66/100
|move|p1a: 帽子姐姐强无敌|Draining Kiss|p2a: Garganacl
|-damage|p2a: Garganacl|86/100
|-heal|p1a: 帽子姐姐强无敌|80/100|[from] drain|[of] p2a: Garganacl
|
|-heal|p2a: Garganacl|92/100|[from] item: Leftovers
|-damage|p1a: 帽子姐姐强无敌|68/100|[from] Salt Cure
|upkeep
|turn|11
|
|t:|1776061039
|switch|p1a: Weezing|Weezing-Galar, F|81/100
|-ability|p1a: Weezing|Neutralizing Gas
|move|p2a: Garganacl|Salt Cure|p1a: Weezing
|-damage|p1a: Weezing|72/100
|-start|p1a: Weezing|Salt Cure
|
|-heal|p2a: Garganacl|98/100|[from] item: Leftovers
|-damage|p1a: Weezing|60/100|[from] Salt Cure
|upkeep
|turn|12
|
|t:|1776061047
|move|p1a: Weezing|Toxic|p2a: Garganacl
|-status|p2a: Garganacl|tox
|move|p2a: Garganacl|Stealth Rock|p1a: Weezing
|-sidestart|p1: zhaojindawang朝瑾|move: Stealth Rock
|
|-heal|p2a: Garganacl|100/100 tox|[from] item: Leftovers
|-damage|p2a: Garganacl|94/100 tox|[from] psn
|-damage|p1a: Weezing|48/100|[from] Salt Cure
|upkeep
|turn|13
|
|t:|1776061052
|move|p1a: Weezing|Defog|p2a: Garganacl
|-unboost|p2a: Garganacl|evasion|1
|-sideend|p1: zhaojindawang朝瑾|Stealth Rock|[from] move: Defog|[of] p1a: Weezing
|move|p2a: Garganacl|Salt Cure|p1a: Weezing
|-damage|p1a: Weezing|39/100
|
|-heal|p2a: Garganacl|100/100 tox|[from] item: Leftovers
|-damage|p2a: Garganacl|88/100 tox|[from] psn
|-damage|p1a: Weezing|26/100|[from] Salt Cure
|upkeep
|turn|14
|
|t:|1776061057
|move|p1a: Weezing|Pain Split|p2a: Garganacl
|-sethp|p2a: Garganacl|55/100 tox|[from] move: Pain Split|[silent]
|-sethp|p1a: Weezing|66/100|[from] move: Pain Split
|move|p2a: Garganacl|Salt Cure|p1a: Weezing
|-damage|p1a: Weezing|58/100
|
|-heal|p2a: Garganacl|61/100 tox|[from] item: Leftovers
|-damage|p2a: Garganacl|43/100 tox|[from] psn
|-damage|p1a: Weezing|46/100|[from] Salt Cure
|upkeep
|turn|15
|
|t:|1776061065
|-end|p1a: Weezing|ability: Neutralizing Gas
|switch|p1a: 帽子姐姐强无敌|Hatterene, F, shiny|68/100
|move|p2a: Garganacl|Salt Cure|p1a: 帽子姐姐强无敌
|-damage|p1a: 帽子姐姐强无敌|56/100
|-start|p1a: 帽子姐姐强无敌|Salt Cure
|
|-heal|p2a: Garganacl|49/100 tox|[from] item: Leftovers
|-damage|p2a: Garganacl|24/100 tox|[from] psn
|-damage|p1a: 帽子姐姐强无敌|44/100|[from] Salt Cure
|upkeep
|turn|16
|
|t:|1776061074
|switch|p2a: Samurott|Samurott-Hisui, M, shiny|84/100
|move|p1a: 帽子姐姐强无敌|Draining Kiss|p2a: Samurott
|-supereffective|p2a: Samurott
|-damage|p2a: Samurott|51/100
|-heal|p1a: 帽子姐姐强无敌|74/100|[from] drain|[of] p2a: Samurott
|
|-damage|p1a: 帽子姐姐强无敌|62/100|[from] Salt Cure
|upkeep
|turn|17
|
|t:|1776061084
|move|p2a: Samurott|Razor Shell|p1a: 帽子姐姐强无敌
|-damage|p1a: 帽子姐姐强无敌|25/100
|-unboost|p1a: 帽子姐姐强无敌|def|1
|-damage|p2a: Samurott|34/100|[from] item: Rocky Helmet|[of] p1a: 帽子姐姐强无敌
|move|p1a: 帽子姐姐强无敌|Draining Kiss|p2a: Samurott
|-supereffective|p2a: Samurott
|-damage|p2a: Samurott|0 fnt
|-heal|p1a: 帽子姐姐强无敌|55/100|[from] drain|[of] p2a: Samurott
|faint|p2a: Samurott
|
|-damage|p1a: 帽子姐姐强无敌|43/100|[from] Salt Cure
|upkeep
|
|t:|1776061097
|switch|p2a: Iron Crown|Iron Crown|100/100
|turn|18
|
|t:|1776061102
|move|p2a: Iron Crown|Psyshock|p1a: 帽子姐姐强无敌
|-resisted|p1a: 帽子姐姐强无敌
|-damage|p1a: 帽子姐姐强无敌|20/100
|move|p1a: 帽子姐姐强无敌|Mystical Fire|p2a: Iron Crown
|-supereffective|p2a: Iron Crown
|-damage|p2a: Iron Crown|70/100
|-unboost|p2a: Iron Crown|spa|1
|
|-damage|p1a: 帽子姐姐强无敌|8/100|[from] Salt Cure
|upkeep
|turn|19
|
|t:|1776061110
|move|p2a: Iron Crown|Volt Switch|p1a: 帽子姐姐强无敌
|-damage|p1a: 帽子姐姐强无敌|0 fnt
|faint|p1a: 帽子姐姐强无敌
|
|t:|1776061116
|-end|p2a: Iron Crown|Quark Drive|[silent]
|switch|p2a: Great Tusk|Great Tusk|100/100|[from] Volt Switch
|
|upkeep
|
|t:|1776061123
|switch|p1a: 九转吞天鲶|Dondozo, M, shiny|100/100
|turn|20
|
|t:|1776061130
|-end|p2a: Great Tusk|Protosynthesis|[silent]
|switch|p2a: Iron Crown|Iron Crown|70/100
|move|p1a: 九转吞天鲶|Liquidation|p2a: Iron Crown
|-damage|p2a: Iron Crown|38/100
|
|upkeep
|turn|21
|
|t:|1776061138
|switch|p1a: 飞天大蝙蝠|Gliscor, F|78/100 tox
|move|p2a: Iron Crown|Tachyon Cutter|p1a: 飞天大蝙蝠
|-damage|p1a: 飞天大蝙蝠|56/100 tox
|-damage|p1a: 飞天大蝙蝠|36/100 tox
|-hitcount|p1a: 飞天大蝙蝠|2
|
|-heal|p1a: 飞天大蝙蝠|49/100 tox|[from] ability: Poison Heal
|upkeep
|turn|22
|
|t:|1776061151
|-end|p2a: Iron Crown|Quark Drive|[silent]
|switch|p2a: Zapdos|Zapdos, shiny|78/100 tox
|move|p1a: 飞天大蝙蝠|Protect||[still]
|-fail|p1a: 飞天大蝙蝠
|
|-damage|p2a: Zapdos|72/100 tox|[from] psn
|-heal|p1a: 飞天大蝙蝠|61/100 tox|[from] ability: Poison Heal
|upkeep
|turn|23
|
|t:|1776061156
|move|p1a: 飞天大蝙蝠|Protect|p1a: 飞天大蝙蝠
|-singleturn|p1a: 飞天大蝙蝠|Protect
|move|p2a: Zapdos|Hurricane|p1a: 飞天大蝙蝠
|-activate|p1a: 飞天大蝙蝠|move: Protect
|
|-damage|p2a: Zapdos|60/100 tox|[from] psn
|-heal|p1a: 飞天大蝙蝠|74/100 tox|[from] ability: Poison Heal
|upkeep
|turn|24
|
|t:|1776061167
|switch|p1a: 黑太岁|Clodsire, F, shiny|100/100
|move|p2a: Zapdos|Hurricane|p1a: 黑太岁|[miss]
|-miss|p2a: Zapdos|p1a: 黑太岁
|
|-damage|p2a: Zapdos|42/100 tox|[from] psn
|upkeep
|turn|25
|
|t:|1776061175
|switch|p2a: Garganacl|Garganacl, M, shiny|24/100 tox
|move|p1a: 黑太岁|Earthquake|p2a: Garganacl
|-supereffective|p2a: Garganacl
|-damage|p2a: Garganacl|0 fnt
|faint|p2a: Garganacl
|
|upkeep
|
|t:|1776061179
|switch|p2a: Great Tusk|Great Tusk|100/100
|turn|26
|
|t:|1776061187
|-end|p2a: Great Tusk|Protosynthesis|[silent]
|switch|p2a: Dragapult|Dragapult, M, shiny|100/100
|switch|p1a: 九转吞天鲶|Dondozo, M, shiny|100/100
|
|upkeep
|turn|27
|
|t:|1776061195
|move|p2a: Dragapult|Hex|p1a: 九转吞天鲶
|-damage|p1a: 九转吞天鲶|74/100
|move|p1a: 九转吞天鲶|Liquidation|p2a: Dragapult
|-resisted|p2a: Dragapult
|-crit|p2a: Dragapult
|-damage|p2a: Dragapult|71/100
|
|-heal|p1a: 九转吞天鲶|80/100|[from] item: Leftovers
|upkeep
|turn|28
|
|t:|1776061204
|switch|p1a: 黑太岁|Clodsire, F, shiny|100/100
|move|p2a: Dragapult|Will-O-Wisp|p1a: 黑太岁
|-status|p1a: 黑太岁|brn
|
|-damage|p1a: 黑太岁|94/100 brn|[from] brn
|upkeep
|turn|29
|
|t:|1776061210
|switch|p2a: Iron Crown|Iron Crown|38/100
|move|p1a: 黑太岁|Stealth Rock|p2a: Iron Crown
|-sidestart|p2: arturohdez|move: Stealth Rock
|
|-heal|p1a: 黑太岁|100/100 brn|[from] item: Leftovers
|-damage|p1a: 黑太岁|94/100 brn|[from] brn
|upkeep
|turn|30
|
|t:|1776061217
|switch|p1a: Volcanion|Volcanion|100/100
|move|p2a: Iron Crown|Psyshock|p1a: Volcanion
|-damage|p1a: Volcanion|62/100
|
|upkeep
|turn|31
|
|t:|1776061224
|move|p1a: Volcanion|Flamethrower|p2a: Iron Crown
|-supereffective|p2a: Iron Crown
|-damage|p2a: Iron Crown|0 fnt
|faint|p2a: Iron Crown
|-end|p2a: Iron Crown|Quark Drive|[silent]
|
|upkeep
|
|t:|1776061228
|switch|p2a: Great Tusk|Great Tusk|100/100
|turn|32
|
|t:|1776061233
|switch|p1a: 九转吞天鲶|Dondozo, M, shiny|80/100
|move|p2a: Great Tusk|Headlong Rush|p1a: 九转吞天鲶
|-damage|p1a: 九转吞天鲶|52/100
|-unboost|p2a: Great Tusk|def|1
|-unboost|p2a: Great Tusk|spd|1
|
|-heal|p1a: 九转吞天鲶|58/100|[from] item: Leftovers
|upkeep
|turn|33
|
|t:|1776061239
|move|p2a: Great Tusk|Rapid Spin|p1a: 九转吞天鲶
|-crit|p1a: 九转吞天鲶
|-damage|p1a: 九转吞天鲶|46/100
|-boost|p2a: Great Tusk|spe|1
|-sideend|p2: arturohdez|Stealth Rock|[from] move: Rapid Spin|[of] p2a: Great Tusk
|move|p1a: 九转吞天鲶|Liquidation|p2a: Great Tusk
|-supereffective|p2a: Great Tusk
|-damage|p2a: Great Tusk|57/100
|
|-heal|p1a: 九转吞天鲶|52/100|[from] item: Leftovers
|upkeep
|turn|34
|
|t:|1776061249
|-end|p2a: Great Tusk|Protosynthesis|[silent]
|switch|p2a: Zapdos|Zapdos, shiny|42/100 tox
|move|p1a: 九转吞天鲶|Rest|p1a: 九转吞天鲶
|-status|p1a: 九转吞天鲶|slp|[from] move: Rest
|-heal|p1a: 九转吞天鲶|100/100 slp|[silent]
|
|-damage|p2a: Zapdos|36/100 tox|[from] psn
|upkeep
|turn|35
|
|t:|1776061255
|switch|p2a: Great Tusk|Great Tusk|57/100
|switch|p1a: 黑太岁|Clodsire, F, shiny|94/100 brn
|
|-heal|p1a: 黑太岁|100/100 brn|[from] item: Leftovers
|-damage|p1a: 黑太岁|94/100 brn|[from] brn
|upkeep
|turn|36
|
|t:|1776061262
|-end|p2a: Great Tusk|Protosynthesis|[silent]
|switch|p2a: Dragapult|Dragapult, M, shiny|71/100
|switch|p1a: 九转吞天鲶|Dondozo, M, shiny|100/100 slp
|
|upkeep
|turn|37
|
|t:|1776061275
|switch|p1a: 黑太岁|Clodsire, F, shiny|94/100 brn
|move|p2a: Dragapult|Hex|p1a: 黑太岁
|-damage|p1a: 黑太岁|66/100 brn
|
|-heal|p1a: 黑太岁|72/100 brn|[from] item: Leftovers
|-damage|p1a: 黑太岁|66/100 brn|[from] brn
|upkeep
|turn|38
|
|t:|1776061282
|move|p2a: Dragapult|U-turn|p1a: 黑太岁
|-resisted|p1a: 黑太岁
|-damage|p1a: 黑太岁|57/100 brn
|
|t:|1776061285
|switch|p2a: Great Tusk|Great Tusk|57/100|[from] U-turn
|move|p1a: 黑太岁|Stealth Rock|p2a: Great Tusk
|-sidestart|p2: arturohdez|move: Stealth Rock
|
|-heal|p1a: 黑太岁|63/100 brn|[from] item: Leftovers
|-damage|p1a: 黑太岁|57/100 brn|[from] brn
|upkeep
|turn|39
|
|t:|1776061290
|-end|p2a: Great Tusk|Protosynthesis|[silent]
|switch|p2a: Dragapult|Dragapult, M, shiny|71/100
|switch|p1a: 九转吞天鲶|Dondozo, M, shiny|100/100 slp
|
|upkeep
|turn|40
|
|t:|1776061297
|switch|p1a: Weezing|Weezing-Galar, F|46/100
|-ability|p1a: Weezing|Neutralizing Gas
|move|p2a: Dragapult|Hex|p1a: Weezing
|-damage|p1a: Weezing|7/100
|
|upkeep
|turn|41
|
|t:|1776061303
|move|p2a: Dragapult|Hex|p1a: Weezing
|-damage|p1a: Weezing|0 fnt
|faint|p1a: Weezing
|-end|p1a: Weezing|ability: Neutralizing Gas
|
|upkeep
|
|t:|1776061306
|switch|p1a: 飞天大蝙蝠|Gliscor, F|74/100 tox
|turn|42
|
|t:|1776061316
|-terastallize|p2a: Dragapult|Ghost
|move|p2a: Dragapult|Hex|p1a: 飞天大蝙蝠
|-damage|p1a: 飞天大蝙蝠|10/100 tox
|move|p1a: 飞天大蝙蝠|Toxic|p2a: Dragapult
|-status|p2a: Dragapult|tox
|
|-damage|p2a: Dragapult|65/100 tox|[from] psn
|-heal|p1a: 飞天大蝙蝠|22/100 tox|[from] ability: Poison Heal
|upkeep
|turn|43
|
|t:|1776061329
|move|p1a: 飞天大蝙蝠|Protect|p1a: 飞天大蝙蝠
|-singleturn|p1a: 飞天大蝙蝠|Protect
|move|p2a: Dragapult|Hex|p1a: 飞天大蝙蝠
|-activate|p1a: 飞天大蝙蝠|move: Protect
|
|-damage|p2a: Dragapult|53/100 tox|[from] psn
|-heal|p1a: 飞天大蝙蝠|35/100 tox|[from] ability: Poison Heal
|upkeep
|turn|44
|
|t:|1776061349
|switch|p1a: 九转吞天鲶|Dondozo, M, shiny|100/100 slp
|move|p2a: Dragapult|Hex|p1a: 九转吞天鲶
|-damage|p1a: 九转吞天鲶|32/100 slp
|
|-heal|p1a: 九转吞天鲶|38/100 slp|[from] item: Leftovers
|-damage|p2a: Dragapult|35/100 tox|[from] psn
|upkeep
|turn|45
|
|t:|1776061362
|switch|p1a: 黑太岁|Clodsire, F, shiny|57/100 brn
|move|p2a: Dragapult|Hex|p1a: 黑太岁
|-damage|p1a: 黑太岁|14/100 brn
|
|-heal|p1a: 黑太岁|20/100 brn|[from] item: Leftovers
|-damage|p2a: Dragapult|11/100 tox|[from] psn
|-damage|p1a: 黑太岁|14/100 brn|[from] brn
|upkeep
|turn|46
|
|t:|1776061370
|switch|p2a: Great Tusk|Great Tusk|57/100
|move|p1a: 黑太岁|Recover|p1a: 黑太岁
|-heal|p1a: 黑太岁|64/100 brn
|
|-heal|p1a: 黑太岁|70/100 brn|[from] item: Leftovers
|-damage|p1a: 黑太岁|64/100 brn|[from] brn
|upkeep
|turn|47
|
|t:|1776061378
|switch|p1a: 九转吞天鲶|Dondozo, M, shiny|38/100 slp
|move|p2a: Great Tusk|Rapid Spin|p1a: 九转吞天鲶
|-damage|p1a: 九转吞天鲶|30/100 slp
|-boost|p2a: Great Tusk|spe|1
|-sideend|p2: arturohdez|Stealth Rock|[from] move: Rapid Spin|[of] p2a: Great Tusk
|
|-heal|p1a: 九转吞天鲶|36/100 slp|[from] item: Leftovers
|upkeep
|turn|48
|
|t:|1776061385
|move|p2a: Great Tusk|Close Combat|p1a: 九转吞天鲶
|-damage|p1a: 九转吞天鲶|8/100 slp
|-unboost|p2a: Great Tusk|def|1
|-unboost|p2a: Great Tusk|spd|1
|cant|p1a: 九转吞天鲶|slp
|move|p1a: 九转吞天鲶|Sleep Talk|p1a: 九转吞天鲶
|move|p1a: 九转吞天鲶|Rest||[from] move: Sleep Talk|[still]
|-fail|p1a: 九转吞天鲶
|
|-heal|p1a: 九转吞天鲶|14/100 slp|[from] item: Leftovers
|upkeep
|turn|49
|
|t:|1776061399
|move|p2a: Great Tusk|Close Combat|p1a: 九转吞天鲶
|-damage|p1a: 九转吞天鲶|0 fnt
|-unboost|p2a: Great Tusk|def|1
|-unboost|p2a: Great Tusk|spd|1
|faint|p1a: 九转吞天鲶
|
|upkeep
|
|t:|1776061402
|switch|p1a: Volcanion|Volcanion|62/100
|turn|50
|
|t:|1776061409
|-end|p2a: Great Tusk|Protosynthesis|[silent]
|switch|p2a: Zapdos|Zapdos, shiny|36/100 tox
|move|p1a: Volcanion|Steam Eruption|p2a: Zapdos
|-damage|p2a: Zapdos|0 fnt
|faint|p2a: Zapdos
|
|upkeep
|
|t:|1776061414
|switch|p2a: Great Tusk|Great Tusk|57/100
|turn|51
|
|t:|1776061419
|move|p1a: Volcanion|Steam Eruption|p2a: Great Tusk
|-supereffective|p2a: Great Tusk
|-damage|p2a: Great Tusk|0 fnt
|faint|p2a: Great Tusk
|-end|p2a: Great Tusk|Protosynthesis|[silent]
|
|upkeep
|
|t:|1776061425
|switch|p2a: Dragapult|Dragapult, M, shiny, tera:Ghost|11/100 tox
|turn|52
|
|t:|1776061427
|move|p2a: Dragapult|Hex|p1a: Volcanion
|-damage|p1a: Volcanion|17/100
|move|p1a: Volcanion|Steam Eruption|p2a: Dragapult
|-damage|p2a: Dragapult|0 fnt
|faint|p2a: Dragapult
|
|win|zhaojindawang朝瑾
|raw|zhaojindawang朝瑾's rating: 1625 &rarr; <strong>1644</strong><br />(+19 for winning)
|raw|arturohdez's rating: 1608 &rarr; <strong>1589</strong><br />(-19 for losing)
|l|☆zhaojindawang朝瑾
|player|p1|
|l|☆arturohdez
|player|p2|
