|html|<div class="broadcast-blue"><strong>[Gen 9] OU is currently suspecting Tera Blast! For information on how to participate check out the <a href="https://www.smogon.com/tools/suspects/view/200">suspect thread</a>.</strong></div>
|j|☆HIAFH
|j|☆V0ldy
|t:|1776127852
|gametype|singles
|player|p1|HIAFH|ingo|1695
|player|p2|V0ldy|102|1723
|gen|9
|tier|[Gen 9] OU
|rated|
|rule|HP Percentage Mod: HP is shown in percentages
|rule|Endless Battle Clause: Forcing endless battles is banned
|rule|Species Clause: Limit one of each Pokémon
|rule|OHKO Clause: OHKO moves are banned
|rule|Evasion Items Clause: Evasion items are banned
|rule|Evasion Moves Clause: Evasion moves are banned
|rule|Evasion Abilities Clause: Evasion abilities are banned
|rule|Sleep Moves Clause: Sleep-inducing moves are banned
|clearpoke
|poke|p1|Excadrill, M|
|poke|p1|Tyranitar, M|
|poke|p1|Hydrapple, F|
|poke|p1|Alomomola, F|
|poke|p1|Hatterene, F|
|poke|p1|Zapdos|
|poke|p2|Indeedee, M|
|poke|p2|Hawlucha, F|
|poke|p2|Gallade, M|
|poke|p2|Armarouge, F|
|poke|p2|Polteageist-Antique|
|poke|p2|Excadrill, F|
|teampreview
|inactive|Battle timer is ON: inactive players will automatically lose when time's up. (requested by HIAFH)
|
|t:|1776127863
|teamsize|p1|6
|teamsize|p2|6
|start
|switch|p1a: Tyranitar|Tyranitar, M|100/100
|switch|p2a: Excadrill|Excadrill, F|100/100
|-ability|p2a: Excadrill|Mold Breaker
|-weather|Sandstorm|[from] ability: Sand Stream|[of] p1a: Tyranitar
|turn|1
|
|t:|1776127872
|switch|p1a: Alomomola|Alomomola, F|100/100
|move|p2a: Excadrill|Earthquake|p1a: Alomomola
|-damage|p1a: Alomomola|71/100
|
|-weather|Sandstorm|[upkeep]
|-damage|p1a: Alomomola|64/100|[from] Sandstorm
|upkeep
|turn|2
|
|t:|1776127881
|move|p2a: Excadrill|Stealth Rock|p1a: Alomomola
|-sidestart|p1: HIAFH|move: Stealth Rock
|move|p1a: Alomomola|Flip Turn|p2a: Excadrill
|-supereffective|p2a: Excadrill
|-damage|p2a: Excadrill|51/100
|
|t:|1776127891
|switch|p1a: Excadrill|Excadrill, M|100/100|[from] Flip Turn
|-damage|p1a: Excadrill|97/100|[from] Stealth Rock
|
|-weather|Sandstorm|[upkeep]
|upkeep
|turn|3
|
|t:|1776127898
|switch|p2a: Hawlucha|Hawlucha, F|100/100
|move|p1a: Excadrill|Earthquake|p2a: Hawlucha
|-immune|p2a: Hawlucha
|
|-weather|Sandstorm|[upkeep]
|-damage|p2a: Hawlucha|94/100|[from] Sandstorm
|upkeep
|turn|4
|
|t:|1776127907
|switch|p1a: Alomomola|Alomomola, F|98/100
|switch|p2a: Indeedee|Indeedee, M|100/100
|-fieldstart|move: Psychic Terrain|[from] ability: Psychic Surge|[of] p2a: Indeedee
|
|-weather|Sandstorm|[upkeep]
|-damage|p2a: Indeedee|94/100|[from] Sandstorm
|-damage|p1a: Alomomola|92/100|[from] Sandstorm
|upkeep
|turn|5
|
|t:|1776127917
|switch|p1a: Hatterene|Hatterene, F|100/100
|-damage|p1a: Hatterene|88/100|[from] Stealth Rock
|move|p2a: Indeedee|Expanding Force|p1a: Hatterene
|-resisted|p1a: Hatterene
|-damage|p1a: Hatterene|65/100
|
|-weather|none
|upkeep
|turn|6
|
|t:|1776127926
|switch|p2a: Gallade|Gallade, M|100/100
|move|p1a: Hatterene|Mystical Fire|p2a: Gallade
|-damage|p2a: Gallade|74/100
|-unboost|p2a: Gallade|spa|1
|
|upkeep
|turn|7
|
|t:|1776127933
|move|p2a: Gallade|Psycho Cut|p1a: Hatterene
|-resisted|p1a: Hatterene
|-crit|p1a: Hatterene
|-damage|p1a: Hatterene|12/100
|move|p1a: Hatterene|Psyshock|p2a: Gallade
|-damage|p2a: Gallade|0 fnt
|faint|p2a: Gallade
|
|upkeep
|
|t:|1776127941
|switch|p2a: Polteageist|Polteageist-Antique|100/100
|turn|8
|
|t:|1776127944
|move|p2a: Polteageist|Shadow Ball|p1a: Hatterene
|-supereffective|p1a: Hatterene
|-damage|p1a: Hatterene|0 fnt
|faint|p1a: Hatterene
|
|upkeep
|
|t:|1776127950
|switch|p1a: Tyranitar|Tyranitar, M|100/100
|-damage|p1a: Tyranitar|88/100|[from] Stealth Rock
|-weather|Sandstorm|[from] ability: Sand Stream|[of] p1a: Tyranitar
|turn|9
|
|t:|1776127965
|switch|p2a: Excadrill|Excadrill, F|51/100
|-ability|p2a: Excadrill|Mold Breaker
|move|p1a: Tyranitar|Knock Off|p2a: Excadrill
|-damage|p2a: Excadrill|0 fnt
|-enditem|p2a: Excadrill|Focus Sash|[from] move: Knock Off|[of] p1a: Tyranitar
|faint|p2a: Excadrill
|
|-weather|Sandstorm|[upkeep]
|upkeep
|
|t:|1776127977
|switch|p2a: Hawlucha|Hawlucha, F|94/100
|-enditem|p2a: Hawlucha|Psychic Seed
|-boost|p2a: Hawlucha|spd|1|[from] item: Psychic Seed
|turn|10
|
|t:|1776127985
|switch|p1a: Zapdos|Zapdos|100/100
|-damage|p1a: Zapdos|76/100|[from] Stealth Rock
|-ability|p1a: Zapdos|Pressure
|move|p2a: Hawlucha|Swords Dance|p2a: Hawlucha
|-boost|p2a: Hawlucha|atk|2
|
|-weather|Sandstorm|[upkeep]
|-damage|p2a: Hawlucha|88/100|[from] Sandstorm
|-damage|p1a: Zapdos|69/100|[from] Sandstorm
|upkeep
|turn|11
|
|t:|1776127997
|move|p2a: Hawlucha|Acrobatics|p1a: Zapdos
|-resisted|p1a: Zapdos
|-damage|p1a: Zapdos|15/100
|move|p1a: Zapdos|Hurricane|p2a: Hawlucha
|-supereffective|p2a: Hawlucha
|-damage|p2a: Hawlucha|0 fnt
|faint|p2a: Hawlucha
|
|-weather|Sandstorm|[upkeep]
|-damage|p1a: Zapdos|9/100|[from] Sandstorm
|-fieldend|move: Psychic Terrain
|upkeep
|
|t:|1776128009
|switch|p2a: Indeedee|Indeedee, M|94/100
|-fieldstart|move: Psychic Terrain|[from] ability: Psychic Surge|[of] p2a: Indeedee
|turn|12
|
|t:|1776128013
|move|p1a: Zapdos|Hurricane|p2a: Indeedee
|-damage|p2a: Indeedee|0 fnt
|faint|p2a: Indeedee
|
|-weather|Sandstorm|[upkeep]
|-damage|p1a: Zapdos|3/100|[from] Sandstorm
|upkeep
|
|t:|1776128019
|switch|p2a: Polteageist|Polteageist-Antique|100/100
|turn|13
|
|t:|1776128022
|move|p1a: Zapdos|Hurricane|p2a: Polteageist
|-damage|p2a: Polteageist|9/100
|move|p2a: Polteageist|Shell Smash|p2a: Polteageist
|-unboost|p2a: Polteageist|def|1
|-unboost|p2a: Polteageist|spd|1
|-boost|p2a: Polteageist|atk|2
|-boost|p2a: Polteageist|spa|2
|-boost|p2a: Polteageist|spe|2
|
|-weather|none
|upkeep
|turn|14
|
|t:|1776128031
|move|p2a: Polteageist|Shadow Ball|p1a: Zapdos
|-damage|p1a: Zapdos|0 fnt
|faint|p1a: Zapdos
|
|upkeep
|
|t:|1776128037
|switch|p1a: Tyranitar|Tyranitar, M|88/100
|-damage|p1a: Tyranitar|76/100|[from] Stealth Rock
|-weather|Sandstorm|[from] ability: Sand Stream|[of] p1a: Tyranitar
|turn|15
|
|t:|1776128043
|switch|p1a: Hydrapple|Hydrapple, F|100/100
|move|p2a: Polteageist|Shadow Ball|p1a: Hydrapple
|-damage|p1a: Hydrapple|5/100
|
|-weather|Sandstorm|[upkeep]
|-damage|p2a: Polteageist|2/100|[from] Sandstorm
|-damage|p1a: Hydrapple|0 fnt|[from] Sandstorm
|faint|p1a: Hydrapple
|upkeep
|
|t:|1776128057
|switch|p1a: Excadrill|Excadrill, M|97/100
|-damage|p1a: Excadrill|94/100|[from] Stealth Rock
|turn|16
|
|t:|1776128063
|move|p1a: Excadrill|Earthquake|p2a: Polteageist
|-damage|p2a: Polteageist|0 fnt
|faint|p2a: Polteageist
|
|-weather|Sandstorm|[upkeep]
|upkeep
|
|t:|1776128066
|switch|p2a: Armarouge|Armarouge, F|100/100
|turn|17
|
|t:|1776128071
|switch|p1a: Alomomola|Alomomola, F|100/100
|move|p2a: Armarouge|Armor Cannon|p1a: Alomomola
|-resisted|p1a: Alomomola
|-damage|p1a: Alomomola|63/100
|-unboost|p2a: Armarouge|def|1
|-unboost|p2a: Armarouge|spd|1
|
|-weather|Sandstorm|[upkeep]
|-damage|p2a: Armarouge|94/100|[from] Sandstorm
|-damage|p1a: Alomomola|57/100|[from] Sandstorm
|upkeep
|turn|18
|
|t:|1776128081
|move|p2a: Armarouge|Energy Ball|p1a: Alomomola
|-supereffective|p1a: Alomomola
|-damage|p1a: Alomomola|0 fnt
|faint|p1a: Alomomola
|
|-weather|Sandstorm|[upkeep]
|-damage|p2a: Armarouge|88/100|[from] Sandstorm
|upkeep
|
|t:|1776128089
|switch|p1a: Excadrill|Excadrill, M|94/100
|-damage|p1a: Excadrill|91/100|[from] Stealth Rock
|turn|19
|j| tbs22
|
|t:|1776128103
|-terastallize|p2a: Armarouge|Grass
|move|p1a: Excadrill|Earthquake|p2a: Armarouge
|-resisted|p2a: Armarouge
|-damage|p2a: Armarouge|17/100
|-ability|p2a: Armarouge|Weak Armor|boost
|-unboost|p2a: Armarouge|def|1
|-boost|p2a: Armarouge|spe|2
|move|p2a: Armarouge|Armor Cannon|p1a: Excadrill
|-supereffective|p1a: Excadrill
|-damage|p1a: Excadrill|0 fnt
|-unboost|p2a: Armarouge|def|1
|-unboost|p2a: Armarouge|spd|1
|faint|p1a: Excadrill
|
|-weather|none
|-fieldend|move: Psychic Terrain
|upkeep
|
|t:|1776128119
|switch|p1a: Tyranitar|Tyranitar, M|76/100
|-damage|p1a: Tyranitar|64/100|[from] Stealth Rock
|-weather|Sandstorm|[from] ability: Sand Stream|[of] p1a: Tyranitar
|turn|20
|inactive|HIAFH has 120 seconds left.
|
|t:|1776128144
|move|p2a: Armarouge|Energy Ball|p1a: Tyranitar
|-supereffective|p1a: Tyranitar
|-damage|p1a: Tyranitar|1/100
|move|p1a: Tyranitar|Knock Off|p2a: Armarouge
|-damage|p2a: Armarouge|0 fnt
|-enditem|p2a: Armarouge|Weakness Policy|[from] move: Knock Off|[of] p1a: Tyranitar
|faint|p2a: Armarouge
|
|win|HIAFH
|raw|HIAFH's rating: 1695 &rarr; <strong>1717</strong><br />(+22 for winning)
|raw|V0ldy's rating: 1723 &rarr; <strong>1701</strong><br />(-22 for losing)
|c|☆HIAFH|gg
|l|☆V0ldy
|player|p2|
|l| tbs22
