|html|<div class="broadcast-blue"><strong>[Gen 9] OU is currently suspecting Tera Blast! For information on how to participate check out the <a href="https://www.smogon.com/tools/suspects/view/200">suspect thread</a>.</strong></div>
|j|☆iZayrox
|j|☆RicketyDuck
|t:|1776111095
|gametype|singles
|player|p1|iZayrox|101|1148
|player|p2|RicketyDuck|n|1139
|gen|9
|tier|[Gen 9] OU
|rated|
|rule|HP Percentage Mod: HP is shown in percentages
|rule|Endless Battle Clause: Forcing endless battles is banned
|rule|Species Clause: Limit one of each Pokémon
|rule|OHKO Clause: OHKO moves are banned
|rule|Evasion Items Clause: Evasion items are banned
|rule|Evasion Moves Clause: Evasion moves are banned
|rule|Evasion Abilities Clause: Evasion abilities are banned
|rule|Sleep Moves Clause: Sleep-inducing moves are banned
|clearpoke
|poke|p1|Tropius, F|
|poke|p1|Ceruledge, F|
|poke|p1|Indeedee, M|
|poke|p1|Gliscor, F|
|poke|p1|Kingambit, M|
|poke|p1|Clefable, M|
|poke|p2|Galvantula, M|
|poke|p2|Gholdengo|
|poke|p2|Manaphy|
|poke|p2|Zamazenta-*|
|poke|p2|Politoed, M|
|poke|p2|Corviknight, F|
|teampreview
|inactive|Battle timer is ON: inactive players will automatically lose when time's up. (requested by RicketyDuck)
|
|t:|1776111102
|teamsize|p1|6
|teamsize|p2|6
|start
|switch|p1a: Ceruledge|Ceruledge, F|100/100
|switch|p2a: Galvantula|Galvantula, M|100/100
|turn|1
|
|t:|1776111114
|move|p1a: Ceruledge|Swords Dance|p1a: Ceruledge
|-boost|p1a: Ceruledge|atk|2
|move|p2a: Galvantula|Sticky Web|p1a: Ceruledge
|-sidestart|p1: iZayrox|move: Sticky Web
|
|upkeep
|turn|2
|
|t:|1776111123
|move|p1a: Ceruledge|Bitter Blade|p2a: Galvantula
|-supereffective|p2a: Galvantula
|-enditem|p2a: Galvantula|Focus Sash
|-damage|p2a: Galvantula|1/100
|move|p2a: Galvantula|Thunder|p1a: Ceruledge
|-damage|p1a: Ceruledge|60/100
|-status|p1a: Ceruledge|par
|
|upkeep
|turn|3
|
|t:|1776111135
|move|p2a: Galvantula|Thunder|p1a: Ceruledge
|-damage|p1a: Ceruledge|16/100 par
|move|p1a: Ceruledge|Bitter Blade|p2a: Galvantula
|-supereffective|p2a: Galvantula
|-damage|p2a: Galvantula|0 fnt
|-heal|p1a: Ceruledge|16/100 par|[from] drain|[of] p2a: Galvantula
|faint|p2a: Galvantula
|
|upkeep
|
|t:|1776111151
|switch|p2a: Manaphy|Manaphy, shiny|100/100
|turn|4
|
|t:|1776111157
|move|p2a: Manaphy|Aqua Ring|p2a: Manaphy
|-start|p2a: Manaphy|Aqua Ring
|move|p1a: Ceruledge|Close Combat|p2a: Manaphy
|-damage|p2a: Manaphy|37/100
|-unboost|p1a: Ceruledge|def|1
|-unboost|p1a: Ceruledge|spd|1
|
|-heal|p2a: Manaphy|43/100|[from] item: Leftovers
|-heal|p2a: Manaphy|50/100|[from] Aqua Ring
|upkeep
|turn|5
|
|t:|1776111172
|move|p2a: Manaphy|Scald|p1a: Ceruledge
|-supereffective|p1a: Ceruledge
|-damage|p1a: Ceruledge|0 fnt
|faint|p1a: Ceruledge
|
|-heal|p2a: Manaphy|56/100|[from] item: Leftovers
|-heal|p2a: Manaphy|62/100|[from] Aqua Ring
|upkeep
|
|t:|1776111182
|switch|p1a: Tropius|Tropius, F|100/100
|turn|6
|
|t:|1776111196
|switch|p2a: Corviknight|Corviknight, F|100/100
|move|p1a: Tropius|Leech Seed|p2a: Corviknight
|-start|p2a: Corviknight|move: Leech Seed
|
|-damage|p2a: Corviknight|88/100|[from] Leech Seed|[of] p1a: Tropius
|upkeep
|turn|7
|
|t:|1776111207
|move|p2a: Corviknight|Bulk Up|p2a: Corviknight
|-boost|p2a: Corviknight|atk|1
|-boost|p2a: Corviknight|def|1
|move|p1a: Tropius|Substitute|p1a: Tropius
|-start|p1a: Tropius|Substitute
|-damage|p1a: Tropius|75/100
|
|-heal|p2a: Corviknight|94/100|[from] item: Leftovers
|-damage|p2a: Corviknight|82/100|[from] Leech Seed|[of] p1a: Tropius
|-heal|p1a: Tropius|88/100|[silent]
|upkeep
|turn|8
|
|t:|1776111217
|move|p2a: Corviknight|Bulk Up|p2a: Corviknight
|-boost|p2a: Corviknight|atk|1
|-boost|p2a: Corviknight|def|1
|move|p1a: Tropius|Air Slash|p2a: Corviknight
|-resisted|p2a: Corviknight
|-damage|p2a: Corviknight|74/100
|
|-heal|p2a: Corviknight|80/100|[from] item: Leftovers
|-damage|p2a: Corviknight|67/100|[from] Leech Seed|[of] p1a: Tropius
|-heal|p1a: Tropius|100/100|[silent]
|upkeep
|turn|9
|
|t:|1776111230
|move|p2a: Corviknight|Bulk Up|p2a: Corviknight
|-boost|p2a: Corviknight|atk|1
|-boost|p2a: Corviknight|def|1
|move|p1a: Tropius|Air Slash|p2a: Corviknight
|-resisted|p2a: Corviknight
|-damage|p2a: Corviknight|59/100
|
|-heal|p2a: Corviknight|65/100|[from] item: Leftovers
|-damage|p2a: Corviknight|53/100|[from] Leech Seed|[of] p1a: Tropius
|upkeep
|turn|10
|
|t:|1776111241
|move|p2a: Corviknight|Roost|p2a: Corviknight
|-heal|p2a: Corviknight|100/100
|-singleturn|p2a: Corviknight|move: Roost
|move|p1a: Tropius|Air Slash|p2a: Corviknight
|-resisted|p2a: Corviknight
|-damage|p2a: Corviknight|92/100
|
|-heal|p2a: Corviknight|98/100|[from] item: Leftovers
|-damage|p2a: Corviknight|86/100|[from] Leech Seed|[of] p1a: Tropius
|upkeep
|turn|11
|
|t:|1776111252
|move|p2a: Corviknight|Agility|p2a: Corviknight
|-boost|p2a: Corviknight|spe|2
|move|p1a: Tropius|Air Slash|p2a: Corviknight
|-resisted|p2a: Corviknight
|-damage|p2a: Corviknight|78/100
|
|-heal|p2a: Corviknight|84/100|[from] item: Leftovers
|-damage|p2a: Corviknight|72/100|[from] Leech Seed|[of] p1a: Tropius
|upkeep
|turn|12
|
|t:|1776111263
|move|p2a: Corviknight|Power Trip|p1a: Tropius
|-end|p1a: Tropius|Substitute
|move|p1a: Tropius|Air Slash|p2a: Corviknight
|-resisted|p2a: Corviknight
|-damage|p2a: Corviknight|63/100
|
|-heal|p2a: Corviknight|70/100|[from] item: Leftovers
|-damage|p2a: Corviknight|57/100|[from] Leech Seed|[of] p1a: Tropius
|upkeep
|turn|13
|
|t:|1776111275
|move|p2a: Corviknight|Power Trip|p1a: Tropius
|-damage|p1a: Tropius|24/100
|-enditem|p1a: Tropius|Sitrus Berry|[eat]
|-heal|p1a: Tropius|49/100|[from] item: Sitrus Berry
|move|p1a: Tropius|Substitute|p1a: Tropius
|-start|p1a: Tropius|Substitute
|-damage|p1a: Tropius|24/100
|
|-heal|p2a: Corviknight|63/100|[from] item: Leftovers
|-damage|p2a: Corviknight|51/100|[from] Leech Seed|[of] p1a: Tropius
|-heal|p1a: Tropius|36/100|[silent]
|upkeep
|turn|14
|
|t:|1776111287
|move|p1a: Tropius|Protect|p1a: Tropius
|-singleturn|p1a: Tropius|Protect
|move|p2a: Corviknight|Roost|p2a: Corviknight
|-heal|p2a: Corviknight|100/100
|-singleturn|p2a: Corviknight|move: Roost
|
|-damage|p2a: Corviknight|88/100|[from] Leech Seed|[of] p1a: Tropius
|-heal|p1a: Tropius|49/100|[silent]
|-item|p1a: Tropius|Sitrus Berry|[from] ability: Harvest
|upkeep
|-enditem|p1a: Tropius|Sitrus Berry|[eat]
|-heal|p1a: Tropius|74/100|[from] item: Sitrus Berry
|turn|15
|
|t:|1776111302
|move|p2a: Corviknight|Bulk Up|p2a: Corviknight
|-boost|p2a: Corviknight|atk|1
|-boost|p2a: Corviknight|def|1
|move|p1a: Tropius|Air Slash|p2a: Corviknight
|-resisted|p2a: Corviknight
|-damage|p2a: Corviknight|79/100
|
|-heal|p2a: Corviknight|86/100|[from] item: Leftovers
|-damage|p2a: Corviknight|73/100|[from] Leech Seed|[of] p1a: Tropius
|-heal|p1a: Tropius|86/100|[silent]
|upkeep
|turn|16
|
|t:|1776111314
|move|p2a: Corviknight|Bulk Up|p2a: Corviknight
|-boost|p2a: Corviknight|atk|1
|-boost|p2a: Corviknight|def|1
|move|p1a: Tropius|Air Slash|p2a: Corviknight
|-resisted|p2a: Corviknight
|-damage|p2a: Corviknight|65/100
|
|-heal|p2a: Corviknight|71/100|[from] item: Leftovers
|-damage|p2a: Corviknight|59/100|[from] Leech Seed|[of] p1a: Tropius
|-heal|p1a: Tropius|99/100|[silent]
|upkeep
|turn|17
|
|t:|1776111326
|move|p1a: Tropius|Protect|p1a: Tropius
|-singleturn|p1a: Tropius|Protect
|move|p2a: Corviknight|Bulk Up|p2a: Corviknight
|-boost|p2a: Corviknight|atk|1
|-boost|p2a: Corviknight|def|1
|
|-heal|p2a: Corviknight|65/100|[from] item: Leftovers
|-damage|p2a: Corviknight|52/100|[from] Leech Seed|[of] p1a: Tropius
|-heal|p1a: Tropius|100/100|[silent]
|upkeep
|turn|18
|
|t:|1776111336
|move|p1a: Tropius|Protect||[still]
|-fail|p1a: Tropius
|move|p2a: Corviknight|Roost|p2a: Corviknight
|-heal|p2a: Corviknight|100/100
|-singleturn|p2a: Corviknight|move: Roost
|
|-damage|p2a: Corviknight|88/100|[from] Leech Seed|[of] p1a: Tropius
|upkeep
|turn|19
|
|t:|1776111346
|move|p1a: Tropius|Protect|p1a: Tropius
|-singleturn|p1a: Tropius|Protect
|move|p2a: Corviknight|Agility|p2a: Corviknight
|-boost|p2a: Corviknight|spe|2
|
|-heal|p2a: Corviknight|94/100|[from] item: Leftovers
|-damage|p2a: Corviknight|82/100|[from] Leech Seed|[of] p1a: Tropius
|-item|p1a: Tropius|Sitrus Berry|[from] ability: Harvest
|upkeep
|turn|20
|
|t:|1776111357
|move|p2a: Corviknight|Power Trip|p1a: Tropius
|-end|p1a: Tropius|Substitute
|move|p1a: Tropius|Air Slash|p2a: Corviknight
|-resisted|p2a: Corviknight
|-damage|p2a: Corviknight|74/100
|
|-heal|p2a: Corviknight|80/100|[from] item: Leftovers
|-damage|p2a: Corviknight|67/100|[from] Leech Seed|[of] p1a: Tropius
|upkeep
|turn|21
|
|t:|1776111370
|move|p1a: Tropius|Protect|p1a: Tropius
|-singleturn|p1a: Tropius|Protect
|move|p2a: Corviknight|Power Trip|p1a: Tropius
|-activate|p1a: Tropius|move: Protect
|
|-heal|p2a: Corviknight|74/100|[from] item: Leftovers
|-damage|p2a: Corviknight|61/100|[from] Leech Seed|[of] p1a: Tropius
|upkeep
|turn|22
|
|t:|1776111381
|move|p2a: Corviknight|Power Trip|p1a: Tropius
|-damage|p1a: Tropius|0 fnt
|faint|p1a: Tropius
|
|-heal|p2a: Corviknight|67/100|[from] item: Leftovers
|upkeep
|
|t:|1776111402
|switch|p1a: Indeedee|Indeedee, M|100/100
|-activate|p1a: Indeedee|move: Sticky Web
|-unboost|p1a: Indeedee|spe|1
|-fieldstart|move: Psychic Terrain|[from] ability: Psychic Surge|[of] p1a: Indeedee
|turn|23
|
|t:|1776111410
|-terastallize|p1a: Indeedee|Psychic
|move|p2a: Corviknight|Power Trip|p1a: Indeedee
|-supereffective|p1a: Indeedee
|-damage|p1a: Indeedee|0 fnt
|faint|p1a: Indeedee
|
|-heal|p2a: Corviknight|74/100|[from] item: Leftovers
|upkeep
|
|t:|1776111421
|switch|p1a: Clefable|Clefable, M|100/100
|-activate|p1a: Clefable|move: Sticky Web
|-unboost|p1a: Clefable|spe|1
|turn|24
|
|t:|1776111432
|move|p2a: Corviknight|Power Trip|p1a: Clefable
|-resisted|p1a: Clefable
|-damage|p1a: Clefable|59/100
|move|p1a: Clefable|Fire Blast|p2a: Corviknight|[miss]
|-miss|p1a: Clefable|p2a: Corviknight
|
|-heal|p2a: Corviknight|80/100|[from] item: Leftovers
|-heal|p1a: Clefable|65/100|[from] item: Leftovers
|-damage|p2a: Corviknight|67/100|[from] Leech Seed|[of] p1a: Clefable
|-heal|p1a: Clefable|78/100|[silent]
|upkeep
|turn|25
|
|t:|1776111444
|move|p2a: Corviknight|Power Trip|p1a: Clefable
|-resisted|p1a: Clefable
|-damage|p1a: Clefable|42/100
|move|p1a: Clefable|Fire Blast|p2a: Corviknight
|-supereffective|p2a: Corviknight
|-damage|p2a: Corviknight|19/100
|
|-heal|p2a: Corviknight|26/100|[from] item: Leftovers
|-heal|p1a: Clefable|48/100|[from] item: Leftovers
|-damage|p2a: Corviknight|13/100|[from] Leech Seed|[of] p1a: Clefable
|-heal|p1a: Clefable|61/100|[silent]
|upkeep
|turn|26
|
|t:|1776111457
|move|p2a: Corviknight|Power Trip|p1a: Clefable
|-resisted|p1a: Clefable
|-damage|p1a: Clefable|19/100
|move|p1a: Clefable|Fire Blast|p2a: Corviknight
|-supereffective|p2a: Corviknight
|-damage|p2a: Corviknight|0 fnt
|faint|p2a: Corviknight
|
|-heal|p1a: Clefable|25/100|[from] item: Leftovers
|upkeep
|
|t:|1776111478
|switch|p2a: Gholdengo|Gholdengo|100/100
|-item|p2a: Gholdengo|Air Balloon
|turn|27
|
|t:|1776111488
|move|p2a: Gholdengo|Make It Rain|p1a: Clefable
|-supereffective|p1a: Clefable
|-damage|p1a: Clefable|0 fnt
|-unboost|p2a: Gholdengo|spa|1
|faint|p1a: Clefable
|
|-fieldend|move: Psychic Terrain
|upkeep
|
|t:|1776111498
|switch|p1a: Kingambit|Kingambit, M|100/100
|-activate|p1a: Kingambit|move: Sticky Web
|-unboost|p1a: Kingambit|spe|1
|-activate|p1a: Kingambit|ability: Supreme Overlord
|-start|p1a: Kingambit|fallen4|[silent]
|turn|28
|
|t:|1776111512
|switch|p2a: Zamazenta|Zamazenta, shiny|100/100
|-ability|p2a: Zamazenta|Dauntless Shield|boost
|-boost|p2a: Zamazenta|def|1
|move|p1a: Kingambit|Swords Dance|p1a: Kingambit
|-boost|p1a: Kingambit|atk|2
|
|upkeep
|turn|29
|
|t:|1776111520
|move|p2a: Zamazenta|Iron Defense|p2a: Zamazenta
|-boost|p2a: Zamazenta|def|2
|move|p1a: Kingambit|Zen Headbutt|p2a: Zamazenta
|-supereffective|p2a: Zamazenta
|-damage|p2a: Zamazenta|50/100
|
|-heal|p2a: Zamazenta|56/100|[from] item: Leftovers
|upkeep
|turn|30
|
|t:|1776111529
|move|p2a: Zamazenta|Body Press|p1a: Kingambit
|-supereffective|p1a: Kingambit
|-damage|p1a: Kingambit|0 fnt
|faint|p1a: Kingambit
|-end|p1a: Kingambit|fallen4|[silent]
|
|-heal|p2a: Zamazenta|62/100|[from] item: Leftovers
|upkeep
|-message|iZayrox forfeited.
|
|win|RicketyDuck
|raw|iZayrox's rating: 1148 &rarr; <strong>1122</strong><br />(-26 for losing)
|raw|RicketyDuck's rating: 1139 &rarr; <strong>1165</strong><br />(+26 for winning)
|l|☆iZayrox
|player|p1|
|l|☆RicketyDuck
|player|p2|
