|html|<div class="broadcast-blue"><strong>[Gen 9] OU is currently suspecting Tera Blast! For information on how to participate check out the <a href="https://www.smogon.com/tools/suspects/view/200">suspect thread</a>.</strong></div>
|j|☆trenko
|j|☆browoo42
|t:|1776042785
|gametype|singles
|player|p1|trenko|pokekid|1562
|player|p2|browoo42|265|1609
|gen|9
|tier|[Gen 9] OU
|rated|
|rule|HP Percentage Mod: HP is shown in percentages
|rule|Endless Battle Clause: Forcing endless battles is banned
|rule|Species Clause: Limit one of each Pokémon
|rule|OHKO Clause: OHKO moves are banned
|rule|Evasion Items Clause: Evasion items are banned
|rule|Evasion Moves Clause: Evasion moves are banned
|rule|Evasion Abilities Clause: Evasion abilities are banned
|rule|Sleep Moves Clause: Sleep-inducing moves are banned
|clearpoke
|poke|p1|Kyurem|
|poke|p1|Corviknight, F|
|poke|p1|Ting-Lu|
|poke|p1|Dondozo, M|
|poke|p1|Slowking-Galar, M|
|poke|p1|Cinderace, M|
|poke|p2|Jirachi|
|poke|p2|Dragonite, M|
|poke|p2|Crawdaunt, M|
|poke|p2|Mew|
|poke|p2|Corviknight, M|
|poke|p2|Dragapult, F|
|teampreview
|j| ohko_smeargle
|inactive|Battle timer is ON: inactive players will automatically lose when time's up. (requested by browoo42)
|
|t:|1776042824
|teamsize|p1|6
|teamsize|p2|6
|start
|switch|p1a: Cinderace|Cinderace, M|100/100
|switch|p2a: Crawdaunt|Crawdaunt, M|100/100
|turn|1
|
|t:|1776042839
|move|p2a: Crawdaunt|Aqua Jet|p1a: Cinderace
|-supereffective|p1a: Cinderace
|-damage|p1a: Cinderace|27/100
|move|p1a: Cinderace|U-turn|p2a: Crawdaunt
|-supereffective|p2a: Crawdaunt
|-crit|p2a: Crawdaunt
|-damage|p2a: Crawdaunt|26/100
|
|t:|1776042843
|switch|p1a: Corviknight|Corviknight, F|100/100|[from] U-turn
|-ability|p1a: Corviknight|Pressure
|
|upkeep
|turn|2
|c|☆browoo42|Keep that crit in mind
|c|☆browoo42|As per usual sigh
|
|t:|1776042859
|switch|p2a: Corviknight|Corviknight, M|100/100
|move|p1a: Corviknight|U-turn|p2a: Corviknight
|-resisted|p2a: Corviknight
|-damage|p2a: Corviknight|98/100
|-damage|p1a: Corviknight|84/100|[from] item: Rocky Helmet|[of] p2a: Corviknight
|
|t:|1776042865
|switch|p1a: Cinderace|Cinderace, M|27/100|[from] U-turn
|
|upkeep
|turn|3
|
|t:|1776042872
|switch|p2a: Dragapult|Dragapult, F|100/100
|move|p1a: Cinderace|Pyro Ball|p2a: Dragapult
|-resisted|p2a: Dragapult
|-damage|p2a: Dragapult|50/100
|
|upkeep
|turn|4
|
|t:|1776042882
|switch|p1a: Ting-Lu|Ting-Lu|100/100
|-ability|p1a: Ting-Lu|Vessel of Ruin
|move|p2a: Dragapult|U-turn|p1a: Ting-Lu
|-supereffective|p1a: Ting-Lu
|-damage|p1a: Ting-Lu|82/100
|
|t:|1776042889
|switch|p2a: Crawdaunt|Crawdaunt, M|26/100|[from] U-turn
|
|-heal|p1a: Ting-Lu|88/100|[from] item: Leftovers
|upkeep
|turn|5
|
|t:|1776042895
|switch|p1a: Dondozo|Dondozo, M|100/100
|move|p2a: Crawdaunt|Swords Dance|p2a: Crawdaunt
|-boost|p2a: Crawdaunt|atk|2
|
|upkeep
|turn|6
|
|t:|1776042902
|switch|p2a: Corviknight|Corviknight, M|98/100
|move|p1a: Dondozo|Body Press|p2a: Corviknight
|-damage|p2a: Corviknight|85/100
|-damage|p1a: Dondozo|84/100|[from] item: Rocky Helmet|[of] p2a: Corviknight
|
|-heal|p1a: Dondozo|90/100|[from] item: Leftovers
|upkeep
|turn|7
|
|t:|1776042911
|switch|p1a: Corviknight|Corviknight, F|84/100
|-ability|p1a: Corviknight|Pressure
|move|p2a: Corviknight|U-turn|p1a: Corviknight
|-resisted|p1a: Corviknight
|-damage|p1a: Corviknight|82/100
|-damage|p2a: Corviknight|68/100|[from] item: Rocky Helmet|[of] p1a: Corviknight
|
|t:|1776042918
|switch|p2a: Mew|Mew|100/100|[from] U-turn
|
|upkeep
|turn|8
|
|t:|1776042922
|move|p2a: Mew|Volt Switch|p1a: Corviknight
|-supereffective|p1a: Corviknight
|-damage|p1a: Corviknight|32/100
|-damage|p2a: Mew|91/100|[from] item: Life Orb
|
|t:|1776042930
|switch|p2a: Dragapult|Dragapult, F|50/100|[from] Volt Switch
|move|p1a: Corviknight|U-turn|p2a: Dragapult
|-resisted|p2a: Dragapult
|-damage|p2a: Dragapult|40/100
|
|t:|1776042945
|switch|p1a: Ting-Lu|Ting-Lu|88/100|[from] U-turn
|-ability|p1a: Ting-Lu|Vessel of Ruin
|
|-heal|p1a: Ting-Lu|95/100|[from] item: Leftovers
|upkeep
|turn|9
|
|t:|1776042953
|move|p2a: Dragapult|U-turn|p1a: Ting-Lu
|-supereffective|p1a: Ting-Lu
|-damage|p1a: Ting-Lu|76/100
|
|t:|1776042955
|switch|p2a: Crawdaunt|Crawdaunt, M|26/100|[from] U-turn
|move|p1a: Ting-Lu|Ruination|p2a: Crawdaunt
|-damage|p2a: Crawdaunt|13/100
|
|-heal|p1a: Ting-Lu|82/100|[from] item: Leftovers
|upkeep
|turn|10
|
|t:|1776042968
|switch|p2a: Mew|Mew|91/100
|switch|p1a: Corviknight|Corviknight, F|32/100
|-ability|p1a: Corviknight|Pressure
|
|upkeep
|turn|11
|
|t:|1776042975
|switch|p1a: Ting-Lu|Ting-Lu|82/100
|-ability|p1a: Ting-Lu|Vessel of Ruin
|move|p2a: Mew|Volt Switch|p1a: Ting-Lu
|-immune|p1a: Ting-Lu
|
|-heal|p1a: Ting-Lu|88/100|[from] item: Leftovers
|upkeep
|turn|12
|
|t:|1776042986
|switch|p2a: Crawdaunt|Crawdaunt, M|13/100
|move|p1a: Ting-Lu|Earthquake|p2a: Crawdaunt
|-damage|p2a: Crawdaunt|0 fnt
|faint|p2a: Crawdaunt
|
|-heal|p1a: Ting-Lu|95/100|[from] item: Leftovers
|upkeep
|
|t:|1776042999
|switch|p2a: Corviknight|Corviknight, M|68/100
|turn|13
|
|t:|1776043004
|move|p2a: Corviknight|Body Press|p1a: Ting-Lu
|-supereffective|p1a: Ting-Lu
|-damage|p1a: Ting-Lu|66/100
|move|p1a: Ting-Lu|Earthquake|p2a: Corviknight
|-immune|p2a: Corviknight
|
|-heal|p1a: Ting-Lu|72/100|[from] item: Leftovers
|upkeep
|turn|14
|
|t:|1776043011
|move|p2a: Corviknight|U-turn|p1a: Ting-Lu
|-supereffective|p1a: Ting-Lu
|-damage|p1a: Ting-Lu|56/100
|
|t:|1776043015
|switch|p2a: Dragonite|Dragonite, M|100/100|[from] U-turn
|move|p1a: Ting-Lu|Ruination|p2a: Dragonite
|-damage|p2a: Dragonite|51/100
|
|-heal|p1a: Ting-Lu|62/100|[from] item: Leftovers
|upkeep
|turn|15
|
|t:|1776043027
|switch|p1a: Corviknight|Corviknight, F|32/100
|-ability|p1a: Corviknight|Pressure
|move|p2a: Dragonite|Earthquake|p1a: Corviknight
|-immune|p1a: Corviknight
|
|upkeep
|turn|16
|
|t:|1776043036
|switch|p2a: Mew|Mew|91/100
|switch|p1a: Dondozo|Dondozo, M|90/100
|
|-heal|p1a: Dondozo|96/100|[from] item: Leftovers
|upkeep
|turn|17
|
|t:|1776043044
|switch|p1a: Ting-Lu|Ting-Lu|62/100
|-ability|p1a: Ting-Lu|Vessel of Ruin
|move|p2a: Mew|Volt Switch|p1a: Ting-Lu
|-immune|p1a: Ting-Lu
|
|-heal|p1a: Ting-Lu|68/100|[from] item: Leftovers
|upkeep
|turn|18
|
|t:|1776043053
|move|p2a: Mew|Ice Beam|p1a: Ting-Lu
|-supereffective|p1a: Ting-Lu
|-damage|p1a: Ting-Lu|42/100
|-damage|p2a: Mew|81/100|[from] item: Life Orb
|move|p1a: Ting-Lu|Ruination|p2a: Mew
|-damage|p2a: Mew|41/100
|
|-heal|p1a: Ting-Lu|49/100|[from] item: Leftovers
|upkeep
|turn|19
|
|t:|1776043066
|switch|p2a: Dragonite|Dragonite, M|51/100
|move|p1a: Ting-Lu|Ruination|p2a: Dragonite
|-damage|p2a: Dragonite|26/100
|
|-heal|p1a: Ting-Lu|55/100|[from] item: Leftovers
|upkeep
|turn|20
|
|t:|1776043077
|switch|p1a: Corviknight|Corviknight, F|32/100
|-ability|p1a: Corviknight|Pressure
|move|p2a: Dragonite|Fire Punch|p1a: Corviknight
|-supereffective|p1a: Corviknight
|-damage|p1a: Corviknight|0 fnt
|-damage|p2a: Dragonite|9/100|[from] item: Rocky Helmet|[of] p1a: Corviknight
|faint|p1a: Corviknight
|
|upkeep
|
|t:|1776043083
|switch|p1a: Kyurem|Kyurem|100/100
|-ability|p1a: Kyurem|Pressure
|turn|21
|
|t:|1776043090
|switch|p2a: Jirachi|Jirachi|100/100
|move|p1a: Kyurem|Freeze-Dry|p2a: Jirachi
|-resisted|p2a: Jirachi
|-damage|p2a: Jirachi|81/100
|
|upkeep
|turn|22
|
|t:|1776043098
|-terastallize|p1a: Kyurem|Ground
|move|p2a: Jirachi|Iron Head|p1a: Kyurem
|-damage|p1a: Kyurem|67/100
|cant|p1a: Kyurem|flinch
|
|-heal|p1a: Kyurem|73/100|[from] item: Leftovers
|upkeep
|turn|23
|
|t:|1776043106
|move|p1a: Kyurem|Protect|p1a: Kyurem
|-singleturn|p1a: Kyurem|Protect
|move|p2a: Jirachi|Iron Head|p1a: Kyurem
|-activate|p1a: Kyurem|move: Protect
|
|-heal|p1a: Kyurem|79/100|[from] item: Leftovers
|upkeep
|turn|24
|
|t:|1776043123
|move|p2a: Jirachi|Iron Head|p1a: Kyurem
|-damage|p1a: Kyurem|47/100
|cant|p1a: Kyurem|flinch
|
|-heal|p1a: Kyurem|53/100|[from] item: Leftovers
|upkeep
|turn|25
|
|t:|1776043131
|move|p1a: Kyurem|Protect|p1a: Kyurem
|-singleturn|p1a: Kyurem|Protect
|move|p2a: Jirachi|Iron Head|p1a: Kyurem
|-activate|p1a: Kyurem|move: Protect
|
|-heal|p1a: Kyurem|60/100|[from] item: Leftovers
|upkeep
|turn|26
|
|t:|1776043138
|move|p2a: Jirachi|Iron Head|p1a: Kyurem
|-damage|p1a: Kyurem|29/100
|cant|p1a: Kyurem|flinch
|
|-heal|p1a: Kyurem|35/100|[from] item: Leftovers
|upkeep
|turn|27
|
|t:|1776043146
|move|p1a: Kyurem|Protect|p1a: Kyurem
|-singleturn|p1a: Kyurem|Protect
|move|p2a: Jirachi|Iron Head|p1a: Kyurem
|-activate|p1a: Kyurem|move: Protect
|
|-heal|p1a: Kyurem|42/100|[from] item: Leftovers
|upkeep
|turn|28
|
|t:|1776043157
|switch|p2a: Dragonite|Dragonite, M|9/100
|switch|p1a: Cinderace|Cinderace, M|27/100
|
|upkeep
|turn|29
|
|t:|1776043164
|switch|p1a: Slowking|Slowking-Galar, M|100/100
|move|p2a: Dragonite|Extreme Speed|p1a: Slowking
|-damage|p1a: Slowking|65/100
|
|upkeep
|turn|30
|
|t:|1776043173
|switch|p2a: Corviknight|Corviknight, M|68/100
|-prepare|p1a: Slowking|Chilly Reception|[premajor]
|move|p1a: Slowking|Chilly Reception|p1a: Slowking
|-weather|Snowscape
|
|t:|1776043175
|switch|p1a: Cinderace|Cinderace, M|27/100|[from] Chilly Reception
|
|-weather|Snowscape|[upkeep]
|upkeep
|turn|31
|
|t:|1776043190
|switch|p2a: Mew|Mew|41/100
|move|p1a: Cinderace|Pyro Ball|p2a: Mew
|-damage|p2a: Mew|0 fnt
|faint|p2a: Mew
|
|-weather|Snowscape|[upkeep]
|upkeep
|
|t:|1776043203
|switch|p2a: Dragonite|Dragonite, M|9/100
|turn|32
|
|t:|1776043218
|switch|p1a: Dondozo|Dondozo, M|96/100
|-terastallize|p2a: Dragonite|Normal
|move|p2a: Dragonite|Extreme Speed|p1a: Dondozo
|-damage|p1a: Dondozo|56/100
|
|-weather|Snowscape|[upkeep]
|-heal|p1a: Dondozo|63/100|[from] item: Leftovers
|upkeep
|turn|33
|
|t:|1776043229
|switch|p2a: Jirachi|Jirachi|81/100
|move|p1a: Dondozo|Waterfall|p2a: Jirachi
|-damage|p2a: Jirachi|56/100
|
|-weather|Snowscape|[upkeep]
|-heal|p1a: Dondozo|69/100|[from] item: Leftovers
|upkeep
|turn|34
|
|t:|1776043237
|move|p2a: Jirachi|Ice Punch|p1a: Dondozo
|-resisted|p1a: Dondozo
|-damage|p1a: Dondozo|62/100
|move|p1a: Dondozo|Curse|p1a: Dondozo
|-unboost|p1a: Dondozo|spe|1
|-boost|p1a: Dondozo|atk|1
|-boost|p1a: Dondozo|def|1
|
|-weather|none
|-heal|p1a: Dondozo|68/100|[from] item: Leftovers
|upkeep
|turn|35
|c|☆browoo42|Misclick
|c|☆browoo42|Rip me
|
|t:|1776043247
|switch|p2a: Corviknight|Corviknight, M|68/100
|move|p1a: Dondozo|Waterfall|p2a: Corviknight
|-damage|p2a: Corviknight|46/100
|-damage|p1a: Dondozo|52/100|[from] item: Rocky Helmet|[of] p2a: Corviknight
|
|-heal|p1a: Dondozo|58/100|[from] item: Leftovers
|upkeep
|turn|36
|
|t:|1776043256
|move|p2a: Corviknight|U-turn|p1a: Dondozo
|-damage|p1a: Dondozo|52/100
|
|t:|1776043259
|switch|p2a: Jirachi|Jirachi|56/100|[from] U-turn
|move|p1a: Dondozo|Waterfall|p2a: Jirachi
|-damage|p2a: Jirachi|11/100
|
|-heal|p1a: Dondozo|58/100|[from] item: Leftovers
|upkeep
|turn|37
|
|t:|1776043268
|move|p2a: Jirachi|Trick|p1a: Dondozo
|-activate|p2a: Jirachi|move: Trick|[of] p1a: Dondozo
|-item|p1a: Dondozo|Choice Scarf|[from] move: Trick
|-item|p2a: Jirachi|Leftovers|[from] move: Trick
|move|p1a: Dondozo|Waterfall|p2a: Jirachi
|-damage|p2a: Jirachi|0 fnt
|faint|p2a: Jirachi
|
|upkeep
|c|☆browoo42|That would've been when you used curse too
|c|☆browoo42|Rip rip rip rip rip
|c|☆browoo42|God I suck
|c|☆trenko|you flinched me 3 times in a row sybau
|
|t:|1776043288
|switch|p2a: Corviknight|Corviknight, M|46/100
|turn|38
|
|t:|1776043293
|switch|p1a: Cinderace|Cinderace, M|27/100
|move|p2a: Corviknight|Roost|p2a: Corviknight
|-heal|p2a: Corviknight|96/100
|-singleturn|p2a: Corviknight|move: Roost
|
|upkeep
|turn|39
|
|t:|1776043301
|move|p1a: Cinderace|Pyro Ball|p2a: Corviknight
|-supereffective|p2a: Corviknight
|-damage|p2a: Corviknight|14/100
|move|p2a: Corviknight|Body Press|p1a: Cinderace
|-damage|p1a: Cinderace|0 fnt
|faint|p1a: Cinderace
|
|upkeep
|
|t:|1776043309
|switch|p1a: Kyurem|Kyurem, tera:Ground|42/100
|-ability|p1a: Kyurem|Pressure
|turn|40
|inactive|browoo42 has 120 seconds left.
|
|t:|1776043340
|move|p1a: Kyurem|Freeze-Dry|p2a: Corviknight
|-damage|p2a: Corviknight|0 fnt
|faint|p2a: Corviknight
|
|-heal|p1a: Kyurem|48/100|[from] item: Leftovers
|upkeep
|inactive|browoo42 has 120 seconds left.
|
|t:|1776043346
|switch|p2a: Dragonite|Dragonite, M, tera:Normal|9/100
|turn|41
|
|t:|1776043349
|move|p1a: Kyurem|Protect|p1a: Kyurem
|-singleturn|p1a: Kyurem|Protect
|move|p2a: Dragonite|Extreme Speed|p1a: Kyurem
|-activate|p1a: Kyurem|move: Protect
|
|-heal|p1a: Kyurem|54/100|[from] item: Leftovers
|upkeep
|turn|42
|inactive|trenko has 120 seconds left.
|
|t:|1776043392
|switch|p1a: Dondozo|Dondozo, M|58/100
|move|p2a: Dragonite|Extreme Speed|p1a: Dondozo
|-damage|p1a: Dondozo|14/100
|
|upkeep
|turn|43
|
|t:|1776043399
|move|p2a: Dragonite|Extreme Speed|p1a: Dondozo
|-crit|p1a: Dondozo
|-damage|p1a: Dondozo|0 fnt
|faint|p1a: Dondozo
|
|upkeep
|
|t:|1776043402
|switch|p1a: Slowking|Slowking-Galar, M|98/100
|turn|44
|
|t:|1776043406
|switch|p2a: Dragapult|Dragapult, F|40/100
|move|p1a: Slowking|Ice Beam|p2a: Dragapult
|-supereffective|p2a: Dragapult
|-damage|p2a: Dragapult|0 fnt
|faint|p2a: Dragapult
|
|upkeep
|c|☆trenko|goofy
|c|☆browoo42|Gg
|c|☆browoo42|Yeah I'm dumb
|c|☆trenko|yeah you are
|inactive|browoo42 has 120 seconds left.
|c|☆browoo42|You say goofy cause you're a pile of shit annoying ass uneducated human being
|n|‽browoo42|browoo42
|c|~|/log browoo42 was locked from talking by Artemis. (☆browoo42: You say goofy cause you're a pile of shit annoying ass uneducated human being)
|c|~|/raw <small>This action was done automatically. Want to learn more about the AI? <a href="https://www.smogon.com/forums/threads/3570628/#post-9056769">Visit the information thread</a>.</small>
|c|☆trenko|LMAO?
|
|t:|1776043455
|switch|p2a: Dragonite|Dragonite, M, tera:Normal|9/100
|turn|45
|inactive|trenko has 120 seconds left.
|
|t:|1776043486
|move|p2a: Dragonite|Outrage|p1a: Slowking
|-damage|p1a: Slowking|23/100
|move|p1a: Slowking|Ice Beam|p2a: Dragonite
|-damage|p2a: Dragonite|0 fnt
|faint|p2a: Dragonite
|
|win|trenko
