|html|<div class="broadcast-blue"><strong>[Gen 9] OU is currently suspecting Tera Blast! For information on how to participate check out the <a href="https://www.smogon.com/tools/suspects/view/200">suspect thread</a>.</strong></div>
|j|☆redcted
|j|☆l4v
|t:|1776075963
|gametype|singles
|player|p1|redcted|265|1345
|player|p2|l4v|supernerd|1397
|gen|9
|tier|[Gen 9] OU
|rated|
|rule|HP Percentage Mod: HP is shown in percentages
|rule|Endless Battle Clause: Forcing endless battles is banned
|rule|Species Clause: Limit one of each Pokémon
|rule|OHKO Clause: OHKO moves are banned
|rule|Evasion Items Clause: Evasion items are banned
|rule|Evasion Moves Clause: Evasion moves are banned
|rule|Evasion Abilities Clause: Evasion abilities are banned
|rule|Sleep Moves Clause: Sleep-inducing moves are banned
|clearpoke
|poke|p1|Garchomp, F|
|poke|p1|Glimmora, F|
|poke|p1|Gholdengo|
|poke|p1|Meowscarada, M|
|poke|p1|Iron Valiant|
|poke|p1|Raging Bolt|
|poke|p2|Rillaboom, M|
|poke|p2|Serperior, F|
|poke|p2|Heatran, M|
|poke|p2|Gholdengo|
|poke|p2|Zamazenta-*|
|poke|p2|Great Tusk|
|teampreview
|inactive|Battle timer is ON: inactive players will automatically lose when time's up. (requested by l4v)
|
|t:|1776075979
|teamsize|p1|6
|teamsize|p2|6
|start
|switch|p1a: Glimmora|Glimmora, F|100/100
|switch|p2a: Heatran|Heatran, M|100/100
|-item|p2a: Heatran|Air Balloon
|turn|1
|
|t:|1776075991
|move|p1a: Glimmora|Meteor Beam||[still]
|-prepare|p1a: Glimmora|Meteor Beam
|-boost|p1a: Glimmora|spa|1
|-enditem|p1a: Glimmora|Power Herb
|-anim|p1a: Glimmora|Meteor Beam|p2a: Heatran
|-damage|p2a: Heatran|40/100
|-enditem|p2a: Heatran|Air Balloon
|move|p2a: Heatran|Magma Storm|p1a: Glimmora
|-resisted|p1a: Glimmora
|-damage|p1a: Glimmora|70/100
|-activate|p1a: Glimmora|move: Magma Storm|[of] p2a: Heatran
|
|-damage|p1a: Glimmora|58/100|[from] move: Magma Storm|[partiallytrapped]
|upkeep
|turn|2
|
|t:|1776075999
|move|p1a: Glimmora|Earth Power|p2a: Heatran
|-supereffective|p2a: Heatran
|-damage|p2a: Heatran|0 fnt
|faint|p2a: Heatran
|
|-end|p1a: Glimmora|Magma Storm|[partiallytrapped]|[silent]
|upkeep
|
|t:|1776076010
|switch|p2a: Serperior|Serperior, F|100/100
|turn|3
|
|t:|1776076017
|move|p2a: Serperior|Leaf Storm|p1a: Glimmora
|-damage|p1a: Glimmora|0 fnt
|-boost|p2a: Serperior|spa|2
|faint|p1a: Glimmora
|
|upkeep
|
|t:|1776076021
|switch|p1a: Meowscarada|Meowscarada, M|100/100
|turn|4
|
|t:|1776076025
|switch|p2a: Zamazenta|Zamazenta|100/100
|-ability|p2a: Zamazenta|Dauntless Shield|boost
|-boost|p2a: Zamazenta|def|1
|move|p1a: Meowscarada|Triple Axel|p2a: Zamazenta
|-start|p1a: Meowscarada|typechange|Ice|[from] ability: Protean
|-damage|p2a: Zamazenta|94/100
|-crit|p2a: Zamazenta
|-damage|p2a: Zamazenta|66/100
|-damage|p2a: Zamazenta|47/100
|-hitcount|p2a: Zamazenta|3
|
|upkeep
|turn|5
|
|t:|1776076036
|switch|p1a: Gholdengo|Gholdengo|100/100
|-item|p1a: Gholdengo|Air Balloon
|move|p2a: Zamazenta|Crunch|p1a: Gholdengo
|-supereffective|p1a: Gholdengo
|-damage|p1a: Gholdengo|15/100
|-enditem|p1a: Gholdengo|Air Balloon
|-damage|p2a: Zamazenta|37/100|[from] item: Life Orb
|
|upkeep
|turn|6
|
|t:|1776076046
|switch|p1a: Iron Valiant|Iron Valiant|100/100
|-enditem|p1a: Iron Valiant|Booster Energy
|-activate|p1a: Iron Valiant|ability: Quark Drive|[fromitem]
|-start|p1a: Iron Valiant|quarkdrivespe
|move|p2a: Zamazenta|Crunch|p1a: Iron Valiant
|-resisted|p1a: Iron Valiant
|-damage|p1a: Iron Valiant|87/100
|-damage|p2a: Zamazenta|28/100|[from] item: Life Orb
|
|upkeep
|turn|7
|
|t:|1776076052
|switch|p2a: Rillaboom|Rillaboom, M|100/100
|-fieldstart|move: Grassy Terrain|[from] ability: Grassy Surge|[of] p2a: Rillaboom
|move|p1a: Iron Valiant|Knock Off|p2a: Rillaboom
|-crit|p2a: Rillaboom
|-damage|p2a: Rillaboom|60/100
|-enditem|p2a: Rillaboom|Life Orb|[from] move: Knock Off|[of] p1a: Iron Valiant
|
|-heal|p1a: Iron Valiant|94/100|[from] Grassy Terrain
|-heal|p2a: Rillaboom|66/100|[from] Grassy Terrain
|upkeep
|turn|8
|inactive|redcted has 120 seconds left.
|
|t:|1776076089
|-end|p1a: Iron Valiant|Quark Drive|[silent]
|switch|p1a: Gholdengo|Gholdengo|15/100
|move|p2a: Rillaboom|Grassy Glide|p1a: Gholdengo
|-resisted|p1a: Gholdengo
|-damage|p1a: Gholdengo|0 fnt
|faint|p1a: Gholdengo
|
|-heal|p2a: Rillaboom|72/100|[from] Grassy Terrain
|upkeep
|
|t:|1776076097
|switch|p1a: Meowscarada|Meowscarada, M|100/100
|turn|9
|
|t:|1776076104
|move|p2a: Rillaboom|Grassy Glide|p1a: Meowscarada
|-resisted|p1a: Meowscarada
|-damage|p1a: Meowscarada|71/100
|move|p1a: Meowscarada|Triple Axel|p2a: Rillaboom
|-start|p1a: Meowscarada|typechange|Ice|[from] ability: Protean
|-supereffective|p2a: Rillaboom
|-damage|p2a: Rillaboom|52/100
|-supereffective|p2a: Rillaboom
|-damage|p2a: Rillaboom|10/100
|-supereffective|p2a: Rillaboom
|-damage|p2a: Rillaboom|0 fnt
|faint|p2a: Rillaboom
|-hitcount|p2: Rillaboom|3
|
|-heal|p1a: Meowscarada|78/100|[from] Grassy Terrain
|upkeep
|
|t:|1776076110
|switch|p2a: Serperior|Serperior, F|100/100
|turn|10
|
|t:|1776076113
|-terastallize|p2a: Serperior|Grass
|move|p2a: Serperior|Leaf Storm|p1a: Meowscarada
|-damage|p1a: Meowscarada|0 fnt
|-boost|p2a: Serperior|spa|2
|faint|p1a: Meowscarada
|
|upkeep
|
|t:|1776076118
|switch|p1a: Raging Bolt|Raging Bolt|100/100
|turn|11
|
|t:|1776076121
|move|p2a: Serperior|Leaf Storm|p1a: Raging Bolt|[miss]
|-miss|p2a: Serperior|p1a: Raging Bolt
|move|p1a: Raging Bolt|Dragon Pulse|p2a: Serperior
|-damage|p2a: Serperior|36/100
|
|-heal|p2a: Serperior|42/100|[from] Grassy Terrain
|-fieldend|move: Grassy Terrain
|upkeep
|turn|12
|
|t:|1776076123
|move|p2a: Serperior|Leaf Storm|p1a: Raging Bolt
|-resisted|p1a: Raging Bolt
|-damage|p1a: Raging Bolt|31/100
|-boost|p2a: Serperior|spa|2
|move|p1a: Raging Bolt|Dragon Pulse|p2a: Serperior
|-damage|p2a: Serperior|0 fnt
|faint|p2a: Serperior
|
|upkeep
|
|t:|1776076131
|switch|p2a: Zamazenta|Zamazenta|28/100
|turn|13
|
|t:|1776076147
|move|p2a: Zamazenta|Ice Fang|p1a: Raging Bolt
|-supereffective|p1a: Raging Bolt
|-damage|p1a: Raging Bolt|0 fnt
|faint|p1a: Raging Bolt
|-end|p1a: Raging Bolt|Protosynthesis|[silent]
|-damage|p2a: Zamazenta|18/100|[from] item: Life Orb
|
|upkeep
|
|t:|1776076151
|switch|p1a: Iron Valiant|Iron Valiant|94/100
|turn|14
|
|t:|1776076162
|-terastallize|p1a: Iron Valiant|Steel
|move|p2a: Zamazenta|Psychic Fangs|p1a: Iron Valiant
|-resisted|p1a: Iron Valiant
|-damage|p1a: Iron Valiant|69/100
|-damage|p2a: Zamazenta|8/100|[from] item: Life Orb
|move|p1a: Iron Valiant|Moonblast|p2a: Zamazenta
|-supereffective|p2a: Zamazenta
|-damage|p2a: Zamazenta|0 fnt
|faint|p2a: Zamazenta
|
|upkeep
|
|t:|1776076169
|switch|p2a: Gholdengo|Gholdengo|100/100
|turn|15
|
|t:|1776076173
|move|p1a: Iron Valiant|Knock Off|p2a: Gholdengo
|-supereffective|p2a: Gholdengo
|-damage|p2a: Gholdengo|46/100
|-enditem|p2a: Gholdengo|Grassy Seed|[from] move: Knock Off|[of] p1a: Iron Valiant
|move|p2a: Gholdengo|Focus Blast|p1a: Iron Valiant|[miss]
|-miss|p2a: Gholdengo|p1a: Iron Valiant
|
|upkeep
|turn|16
|
|t:|1776076182
|-end|p1a: Iron Valiant|Quark Drive|[silent]
|switch|p1a: Garchomp|Garchomp, F, shiny|100/100
|move|p2a: Gholdengo|Recover|p2a: Gholdengo
|-heal|p2a: Gholdengo|96/100
|
|upkeep
|turn|17
|
|t:|1776076189
|switch|p2a: Great Tusk|Great Tusk|100/100
|-enditem|p2a: Great Tusk|Booster Energy
|-activate|p2a: Great Tusk|ability: Protosynthesis|[fromitem]
|-start|p2a: Great Tusk|protosynthesisspe
|move|p1a: Garchomp|Swords Dance|p1a: Garchomp
|-boost|p1a: Garchomp|atk|2
|
|upkeep
|turn|18
|
|t:|1776076196
|move|p2a: Great Tusk|Ice Spinner|p1a: Garchomp
|-supereffective|p1a: Garchomp
|-damage|p1a: Garchomp|1/100
|-damage|p2a: Great Tusk|88/100|[from] ability: Rough Skin|[of] p1a: Garchomp
|move|p1a: Garchomp|Scale Shot|p2a: Great Tusk
|-damage|p2a: Great Tusk|73/100
|-damage|p2a: Great Tusk|57/100
|-crit|p2a: Great Tusk
|-damage|p2a: Great Tusk|33/100
|-damage|p2a: Great Tusk|16/100
|-damage|p2a: Great Tusk|0 fnt
|faint|p2a: Great Tusk
|-end|p2a: Great Tusk|Protosynthesis|[silent]
|-hitcount|p2: Great Tusk|5
|-unboost|p1a: Garchomp|def|1
|-boost|p1a: Garchomp|spe|1
|
|upkeep
|c|☆redcted|goatchomp
|-message|l4v forfeited.
|
|win|redcted
|raw|redcted's rating: 1345 &rarr; <strong>1368</strong><br />(+23 for winning)
|raw|l4v's rating: 1397 &rarr; <strong>1374</strong><br />(-23 for losing)
|l|☆l4v
|player|p2|
