|html|<div class="broadcast-blue"><strong>[Gen 9] OU is currently suspecting Tera Blast! For information on how to participate check out the <a href="https://www.smogon.com/tools/suspects/view/200">suspect thread</a>.</strong></div>
|j|☆NeonCanTrain
|j|☆AuggoFroggo
|t:|1776275248
|gametype|singles
|player|p1|NeonCanTrain|unknown|1054
|player|p2|AuggoFroggo|101|1000
|gen|9
|tier|[Gen 9] OU
|rated|
|rule|HP Percentage Mod: HP is shown in percentages
|rule|Endless Battle Clause: Forcing endless battles is banned
|rule|Species Clause: Limit one of each Pokémon
|rule|OHKO Clause: OHKO moves are banned
|rule|Evasion Items Clause: Evasion items are banned
|rule|Evasion Moves Clause: Evasion moves are banned
|rule|Evasion Abilities Clause: Evasion abilities are banned
|rule|Sleep Moves Clause: Sleep-inducing moves are banned
|clearpoke
|poke|p1|Ceruledge, M|
|poke|p1|Kyurem|
|poke|p1|Iron Valiant|
|poke|p1|Rillaboom, M|
|poke|p1|Gholdengo|
|poke|p1|Primarina, F|
|poke|p2|Hatterene, F|
|poke|p2|Garchomp, M|
|poke|p2|Keldeo|
|poke|p2|Ceruledge, F|
|poke|p2|Luxray, M|
|poke|p2|Scizor, F|
|teampreview
|
|t:|1776275262
|teamsize|p1|6
|teamsize|p2|6
|start
|switch|p1a: Aurelius|Gholdengo, shiny|100/100
|switch|p2a: Garchomp|Garchomp, M|100/100
|-item|p1a: Aurelius|Air Balloon
|turn|1
|
|t:|1776275274
|move|p1a: Aurelius|Nasty Plot|p1a: Aurelius
|-boost|p1a: Aurelius|spa|2
|move|p2a: Garchomp|Earthquake|p1a: Aurelius
|-immune|p1a: Aurelius
|
|upkeep
|turn|2
|
|t:|1776275293
|switch|p2a: Luxray|Luxray, M|100/100
|move|p1a: Aurelius|Nasty Plot|p1a: Aurelius
|-boost|p1a: Aurelius|spa|2
|
|upkeep
|turn|3
|
|t:|1776275309
|move|p1a: Aurelius|Make It Rain|p2a: Luxray
|-resisted|p2a: Luxray
|-damage|p2a: Luxray|0 fnt
|-unboost|p1a: Aurelius|spa|1
|faint|p2a: Luxray
|
|upkeep
|
|t:|1776275314
|switch|p2a: Ceruledge|Ceruledge, F|100/100
|turn|4
|
|t:|1776275322
|move|p1a: Aurelius|Shadow Ball|p2a: Ceruledge
|-supereffective|p2a: Ceruledge
|-damage|p2a: Ceruledge|0 fnt
|faint|p2a: Ceruledge
|
|upkeep
|
|t:|1776275325
|switch|p2a: Keldeo|Keldeo|100/100
|turn|5
|
|t:|1776275342
|move|p1a: Aurelius|Make It Rain|p2a: Keldeo
|-resisted|p2a: Keldeo
|-damage|p2a: Keldeo|7/100
|-unboost|p1a: Aurelius|spa|1
|move|p2a: Keldeo|Liquidation|p1a: Aurelius
|-damage|p1a: Aurelius|62/100
|-enditem|p1a: Aurelius|Air Balloon
|
|upkeep
|turn|6
|
|t:|1776275348
|move|p1a: Aurelius|Shadow Ball|p2a: Keldeo
|-damage|p2a: Keldeo|0 fnt
|faint|p2a: Keldeo
|
|upkeep
|
|t:|1776275355
|switch|p2a: Scizor|Scizor, F|100/100
|turn|7
|
|t:|1776275365
|move|p1a: Aurelius|Recover|p1a: Aurelius
|-heal|p1a: Aurelius|100/100
|move|p2a: Scizor|U-turn|p1a: Aurelius
|-resisted|p1a: Aurelius
|-damage|p1a: Aurelius|91/100
|
|t:|1776275379
|switch|p2a: Hatterene|Hatterene, F|100/100|[from] U-turn
|
|upkeep
|turn|8
|
|t:|1776275385
|move|p1a: Aurelius|Shadow Ball|p2a: Hatterene
|-supereffective|p2a: Hatterene
|-damage|p2a: Hatterene|0 fnt
|faint|p2a: Hatterene
|
|upkeep
|
|t:|1776275389
|switch|p2a: Scizor|Scizor, F|100/100
|turn|9
|
|t:|1776275397
|move|p1a: Aurelius|Nasty Plot|p1a: Aurelius
|-boost|p1a: Aurelius|spa|2
|move|p2a: Scizor|U-turn|p1a: Aurelius
|-resisted|p1a: Aurelius
|-damage|p1a: Aurelius|82/100
|
|t:|1776275400
|switch|p2a: Garchomp|Garchomp, M|100/100|[from] U-turn
|
|upkeep
|turn|10
|
|t:|1776275407
|move|p1a: Aurelius|Make It Rain|p2a: Garchomp
|-damage|p2a: Garchomp|0 fnt
|-unboost|p1a: Aurelius|spa|1
|faint|p2a: Garchomp
|
|upkeep
|c|☆AuggoFroggo|ggs lol
|
|t:|1776275413
|switch|p2a: Scizor|Scizor, F|100/100
|turn|11
|
|t:|1776275424
|move|p1a: Aurelius|Shadow Ball|p2a: Scizor
|-damage|p2a: Scizor|0 fnt
|faint|p2a: Scizor
|
|win|NeonCanTrain
|raw|NeonCanTrain's rating: 1054 &rarr; <strong>1081</strong><br />(+27 for winning)
|raw|AuggoFroggo's rating: 1000 &rarr; <strong>1000</strong><br />(+0 for losing)
|l|☆AuggoFroggo
|player|p2|
