|html|<div class="broadcast-blue"><strong>[Gen 9] OU is currently suspecting Tera Blast! For information on how to participate check out the <a href="https://www.smogon.com/tools/suspects/view/200">suspect thread</a>.</strong></div>
|j|☆Zuifeng
|j|☆okbomber
|t:|1776056097
|gametype|singles
|player|p1|Zuifeng|li|1687
|player|p2|okbomber|1|1595
|gen|9
|tier|[Gen 9] OU
|rated|
|rule|HP Percentage Mod: HP is shown in percentages
|rule|Endless Battle Clause: Forcing endless battles is banned
|rule|Species Clause: Limit one of each Pokémon
|rule|OHKO Clause: OHKO moves are banned
|rule|Evasion Items Clause: Evasion items are banned
|rule|Evasion Moves Clause: Evasion moves are banned
|rule|Evasion Abilities Clause: Evasion abilities are banned
|rule|Sleep Moves Clause: Sleep-inducing moves are banned
|clearpoke
|poke|p1|Gholdengo|
|poke|p1|Tornadus-Therian, M|
|poke|p1|Hatterene, F|
|poke|p1|Samurott-Hisui, M|
|poke|p1|Dragapult, M|
|poke|p1|Great Tusk|
|poke|p2|Samurott-Hisui, M|
|poke|p2|Zapdos|
|poke|p2|Iron Treads|
|poke|p2|Ceruledge, M|
|poke|p2|Gholdengo|
|poke|p2|Kingambit, M|
|teampreview
|inactive|Battle timer is ON: inactive players will automatically lose when time's up. (requested by Zuifeng)
|
|t:|1776056109
|teamsize|p1|6
|teamsize|p2|6
|start
|switch|p1a: Dragapult|Dragapult, M|100/100
|switch|p2a: Zapdos|Zapdos|100/100
|turn|1
|
|t:|1776056126
|move|p1a: Dragapult|Dragon Darts|p2a: Zapdos
|-damage|p2a: Zapdos|75/100
|-anim|p1a: Dragapult|Dragon Darts|p2a: Zapdos
|-damage|p2a: Zapdos|50/100
|move|p2a: Zapdos|Volt Switch|p1a: Dragapult
|-resisted|p1a: Dragapult
|-crit|p1a: Dragapult
|-damage|p1a: Dragapult|71/100
|
|t:|1776056129
|switch|p2a: Samurott|Samurott-Hisui, M|100/100|[from] Volt Switch
|
|upkeep
|turn|2
|
|t:|1776056139
|switch|p1a: Great Tusk|Great Tusk|100/100
|move|p2a: Samurott|Ceaseless Edge|p1a: Great Tusk
|-resisted|p1a: Great Tusk
|-damage|p1a: Great Tusk|84/100
|-sidestart|p1: Zuifeng|Spikes
|
|upkeep
|turn|3
|
|t:|1776056148
|move|p1a: Great Tusk|Ice Spinner|p2a: Samurott
|-resisted|p2a: Samurott
|-damage|p2a: Samurott|85/100
|move|p2a: Samurott|Razor Shell|p1a: Great Tusk|[miss]
|-miss|p2a: Samurott|p1a: Great Tusk
|
|upkeep
|turn|4
|
|t:|1776056163
|switch|p2a: Gholdengo|Gholdengo|100/100
|-item|p2a: Gholdengo|Air Balloon
|move|p1a: Great Tusk|Stealth Rock|p2a: Gholdengo
|-sidestart|p2: okbomber|move: Stealth Rock
|
|upkeep
|turn|5
|
|t:|1776056168
|-end|p1a: Great Tusk|Protosynthesis|[silent]
|switch|p1a: Tornadus|Tornadus-Therian, M|100/100
|move|p2a: Gholdengo|Focus Blast|p1a: Tornadus
|-resisted|p1a: Tornadus
|-damage|p1a: Tornadus|89/100
|-unboost|p1a: Tornadus|spd|1
|
|upkeep
|turn|6
|
|t:|1776056176
|switch|p2a: Samurott|Samurott-Hisui, M|85/100
|-damage|p2a: Samurott|73/100|[from] Stealth Rock
|move|p1a: Tornadus|U-turn|p2a: Samurott
|-supereffective|p2a: Samurott
|-damage|p2a: Samurott|41/100
|
|t:|1776056183
|switch|p1a: Great Tusk|Great Tusk|84/100|[from] U-turn
|
|upkeep
|turn|7
|
|t:|1776056188
|move|p1a: Great Tusk|Headlong Rush|p2a: Samurott
|-damage|p2a: Samurott|0 fnt
|-unboost|p1a: Great Tusk|def|1
|-unboost|p1a: Great Tusk|spd|1
|faint|p2a: Samurott
|
|upkeep
|
|t:|1776056202
|switch|p2a: Gholdengo|Gholdengo|100/100
|-damage|p2a: Gholdengo|94/100|[from] Stealth Rock
|-item|p2a: Gholdengo|Air Balloon
|turn|8
|
|t:|1776056209
|-end|p1a: Great Tusk|Protosynthesis|[silent]
|switch|p1a: Tornadus|Tornadus-Therian, M|100/100
|move|p2a: Gholdengo|Thunder Wave|p1a: Tornadus|[miss]
|-miss|p2a: Gholdengo|p1a: Tornadus
|
|upkeep
|turn|9
|
|t:|1776056219
|switch|p2a: Zapdos|Zapdos|50/100
|move|p1a: Tornadus|U-turn|p2a: Zapdos
|-resisted|p2a: Zapdos
|-damage|p2a: Zapdos|44/100
|
|t:|1776056239
|switch|p1a: Gholdengo|Gholdengo|100/100|[from] U-turn
|-damage|p1a: Gholdengo|88/100|[from] Spikes
|
|upkeep
|turn|10
|
|t:|1776056243
|move|p1a: Gholdengo|Shadow Ball|p2a: Zapdos
|-damage|p2a: Zapdos|4/100
|-unboost|p2a: Zapdos|spd|1
|move|p2a: Zapdos|Roost|p2a: Zapdos
|-heal|p2a: Zapdos|54/100
|-singleturn|p2a: Zapdos|move: Roost
|
|upkeep
|turn|11
|
|t:|1776056249
|switch|p1a: Great Tusk|Great Tusk|84/100
|switch|p2a: Kingambit|Kingambit, M|100/100
|-damage|p2a: Kingambit|94/100|[from] Stealth Rock
|-activate|p2a: Kingambit|ability: Supreme Overlord
|-start|p2a: Kingambit|fallen1|[silent]
|
|-heal|p2a: Kingambit|100/100|[from] item: Leftovers
|upkeep
|turn|12
|
|t:|1776056267
|-end|p2a: Kingambit|fallen1|[silent]
|switch|p2a: Gholdengo|Gholdengo|94/100
|-damage|p2a: Gholdengo|88/100|[from] Stealth Rock
|-item|p2a: Gholdengo|Air Balloon
|move|p1a: Great Tusk|Ice Spinner|p2a: Gholdengo
|-resisted|p2a: Gholdengo
|-damage|p2a: Gholdengo|79/100
|-enditem|p2a: Gholdengo|Air Balloon
|
|upkeep
|turn|13
|
|t:|1776056279
|move|p1a: Great Tusk|Headlong Rush|p2a: Gholdengo
|-supereffective|p2a: Gholdengo
|-damage|p2a: Gholdengo|0 fnt
|-unboost|p1a: Great Tusk|def|1
|-unboost|p1a: Great Tusk|spd|1
|faint|p2a: Gholdengo
|
|upkeep
|
|t:|1776056286
|switch|p2a: Iron Treads|Iron Treads|100/100
|-damage|p2a: Iron Treads|97/100|[from] Stealth Rock
|turn|14
|
|t:|1776056291
|move|p2a: Iron Treads|Rapid Spin|p1a: Great Tusk
|-damage|p1a: Great Tusk|67/100
|-boost|p2a: Iron Treads|spe|1
|-sideend|p2: okbomber|Stealth Rock|[from] move: Rapid Spin|[of] p2a: Iron Treads
|move|p1a: Great Tusk|Rapid Spin|p2a: Iron Treads
|-resisted|p2a: Iron Treads
|-damage|p2a: Iron Treads|89/100
|-boost|p1a: Great Tusk|spe|1
|-sideend|p1: Zuifeng|Spikes|[from] move: Rapid Spin|[of] p1a: Great Tusk
|
|-heal|p2a: Iron Treads|96/100|[from] item: Leftovers
|upkeep
|turn|15
|
|t:|1776056298
|-end|p1a: Great Tusk|Protosynthesis|[silent]
|switch|p1a: Tornadus|Tornadus-Therian, M|100/100
|move|p2a: Iron Treads|Earthquake|p1a: Tornadus
|-immune|p1a: Tornadus
|
|-heal|p2a: Iron Treads|100/100|[from] item: Leftovers
|upkeep
|turn|16
|
|t:|1776056307
|move|p2a: Iron Treads|Knock Off|p1a: Tornadus
|-damage|p1a: Tornadus|69/100
|-enditem|p1a: Tornadus|Assault Vest|[from] move: Knock Off|[of] p2a: Iron Treads
|move|p1a: Tornadus|Heat Wave|p2a: Iron Treads
|-supereffective|p2a: Iron Treads
|-damage|p2a: Iron Treads|33/100
|
|-heal|p2a: Iron Treads|39/100|[from] item: Leftovers
|upkeep
|turn|17
|
|t:|1776056315
|move|p2a: Iron Treads|Stealth Rock|p1a: Tornadus
|-sidestart|p1: Zuifeng|move: Stealth Rock
|move|p1a: Tornadus|Heat Wave|p2a: Iron Treads
|-supereffective|p2a: Iron Treads
|-damage|p2a: Iron Treads|0 fnt
|faint|p2a: Iron Treads
|-end|p2a: Iron Treads|Quark Drive|[silent]
|
|upkeep
|
|t:|1776056325
|switch|p2a: Zapdos|Zapdos|54/100
|turn|18
|
|t:|1776056331
|move|p1a: Tornadus|Knock Off|p2a: Zapdos
|-damage|p2a: Zapdos|40/100
|-enditem|p2a: Zapdos|Heavy-Duty Boots|[from] move: Knock Off|[of] p1a: Tornadus
|move|p2a: Zapdos|Hurricane|p1a: Tornadus
|-damage|p1a: Tornadus|22/100
|
|upkeep
|turn|19
|
|t:|1776056335
|move|p1a: Tornadus|Bleakwind Storm|p2a: Zapdos|[miss]
|-miss|p1a: Tornadus|p2a: Zapdos
|move|p2a: Zapdos|Roost|p2a: Zapdos
|-heal|p2a: Zapdos|90/100
|-singleturn|p2a: Zapdos|move: Roost
|
|upkeep
|turn|20
|
|t:|1776056337
|move|p1a: Tornadus|Heat Wave|p2a: Zapdos
|-damage|p2a: Zapdos|68/100
|move|p2a: Zapdos|Volt Switch|p1a: Tornadus
|-supereffective|p1a: Tornadus
|-damage|p1a: Tornadus|0 fnt
|faint|p1a: Tornadus
|
|t:|1776056340
|switch|p2a: Ceruledge|Ceruledge, M|100/100|[from] Volt Switch
|
|upkeep
|
|t:|1776056351
|switch|p1a: Dragapult|Dragapult, M|71/100
|-damage|p1a: Dragapult|59/100|[from] Stealth Rock
|turn|21
|
|t:|1776056355
|move|p2a: Ceruledge|Shadow Sneak|p1a: Dragapult
|-supereffective|p1a: Dragapult
|-crit|p1a: Dragapult
|-damage|p1a: Dragapult|0 fnt
|faint|p1a: Dragapult
|
|upkeep
|
|t:|1776056361
|switch|p1a: Gholdengo|Gholdengo|88/100
|-damage|p1a: Gholdengo|82/100|[from] Stealth Rock
|turn|22
|
|t:|1776056368
|move|p1a: Gholdengo|Shadow Ball|p2a: Ceruledge
|-supereffective|p2a: Ceruledge
|-damage|p2a: Ceruledge|16/100
|move|p2a: Ceruledge|Bitter Blade|p1a: Gholdengo
|-supereffective|p1a: Gholdengo
|-damage|p1a: Gholdengo|0 fnt
|-heal|p2a: Ceruledge|53/100|[from] drain|[of] p1a: Gholdengo
|faint|p1a: Gholdengo
|
|upkeep
|
|t:|1776056374
|switch|p1a: Great Tusk|Great Tusk|67/100
|turn|23
|
|t:|1776056390
|switch|p2a: Zapdos|Zapdos|68/100
|move|p1a: Great Tusk|Headlong Rush|p2a: Zapdos
|-immune|p2a: Zapdos
|
|upkeep
|turn|24
|
|t:|1776056396
|-end|p1a: Great Tusk|Protosynthesis|[silent]
|switch|p1a: Hatterene|Hatterene, F|100/100
|-damage|p1a: Hatterene|88/100|[from] Stealth Rock
|move|p2a: Zapdos|Hurricane|p1a: Hatterene|[miss]
|-miss|p2a: Zapdos|p1a: Hatterene
|
|upkeep
|turn|25
|
|t:|1776056401
|move|p2a: Zapdos|Volt Switch|p1a: Hatterene
|-damage|p1a: Hatterene|59/100
|
|t:|1776056403
|switch|p2a: Kingambit|Kingambit, M|100/100|[from] Volt Switch
|-activate|p2a: Kingambit|ability: Supreme Overlord
|-start|p2a: Kingambit|fallen3|[silent]
|move|p1a: Hatterene|Psychic Noise|p2a: Kingambit
|-immune|p2a: Kingambit
|
|upkeep
|turn|26
|
|t:|1776056412
|move|p2a: Kingambit|Iron Head|p1a: Hatterene
|-supereffective|p1a: Hatterene
|-crit|p1a: Hatterene
|-damage|p1a: Hatterene|0 fnt
|faint|p1a: Hatterene
|
|upkeep
|
|t:|1776056415
|switch|p1a: Samurott|Samurott-Hisui, M|100/100
|-damage|p1a: Samurott|88/100|[from] Stealth Rock
|turn|27
|
|t:|1776056423
|-end|p2a: Kingambit|fallen3|[silent]
|switch|p2a: Zapdos|Zapdos|68/100
|move|p1a: Samurott|Razor Shell|p2a: Zapdos
|-damage|p2a: Zapdos|29/100
|-unboost|p2a: Zapdos|def|1
|
|upkeep
|turn|28
|
|t:|1776056438
|switch|p2a: Ceruledge|Ceruledge, M|53/100
|move|p1a: Samurott|Ceaseless Edge|p2a: Ceruledge
|-supereffective|p2a: Ceruledge
|-damage|p2a: Ceruledge|0 fnt
|-sidestart|p2: okbomber|Spikes
|faint|p2a: Ceruledge
|
|upkeep
|
|t:|1776056441
|switch|p2a: Kingambit|Kingambit, M|100/100
|-damage|p2a: Kingambit|88/100|[from] Spikes
|-activate|p2a: Kingambit|ability: Supreme Overlord
|-start|p2a: Kingambit|fallen4|[silent]
|turn|29
|
|t:|1776056452
|move|p1a: Samurott|Razor Shell|p2a: Kingambit
|-damage|p2a: Kingambit|40/100
|move|p2a: Kingambit|Low Kick|p1a: Samurott
|-supereffective|p1a: Samurott
|-damage|p1a: Samurott|0 fnt
|faint|p1a: Samurott
|
|-heal|p2a: Kingambit|46/100|[from] item: Leftovers
|upkeep
|
|t:|1776056458
|switch|p1a: Great Tusk|Great Tusk|67/100
|turn|30
|
|t:|1776056464
|-terastallize|p2a: Kingambit|Fighting
|move|p1a: Great Tusk|Headlong Rush|p2a: Kingambit
|-damage|p2a: Kingambit|0 fnt
|-unboost|p1a: Great Tusk|def|1
|-unboost|p1a: Great Tusk|spd|1
|faint|p2a: Kingambit
|-end|p2a: Kingambit|fallen4|[silent]
|
|upkeep
|
|t:|1776056469
|switch|p2a: Zapdos|Zapdos|29/100
|turn|31
|
|t:|1776056471
|move|p1a: Great Tusk|Ice Spinner|p2a: Zapdos
|-supereffective|p2a: Zapdos
|-damage|p2a: Zapdos|0 fnt
|faint|p2a: Zapdos
|
|win|Zuifeng
|raw|Zuifeng's rating: 1687 &rarr; <strong>1702</strong><br />(+15 for winning)
|raw|okbomber's rating: 1595 &rarr; <strong>1580</strong><br />(-15 for losing)
|l|☆okbomber
|player|p2|
|l|☆Zuifeng
|player|p1|
