|html|<div class="broadcast-blue"><strong>[Gen 9] OU is currently suspecting Tera Blast! For information on how to participate check out the <a href="https://www.smogon.com/tools/suspects/view/200">suspect thread</a>.</strong></div>
|j|☆typhoon9
|j|☆xZick
|t:|1776138343
|gametype|singles
|player|p1|typhoon9|169|1420
|player|p2|xZick|miku-water|1379
|gen|9
|tier|[Gen 9] OU
|rated|
|rule|HP Percentage Mod: HP is shown in percentages
|rule|Endless Battle Clause: Forcing endless battles is banned
|rule|Species Clause: Limit one of each Pokémon
|rule|OHKO Clause: OHKO moves are banned
|rule|Evasion Items Clause: Evasion items are banned
|rule|Evasion Moves Clause: Evasion moves are banned
|rule|Evasion Abilities Clause: Evasion abilities are banned
|rule|Sleep Moves Clause: Sleep-inducing moves are banned
|clearpoke
|poke|p1|Hatterene, F|
|poke|p1|Ursaluna, M|
|poke|p1|Porygon2|
|poke|p1|Cresselia, F|
|poke|p1|Iron Hands|
|poke|p1|Volcanion|
|poke|p2|Blaziken, M|
|poke|p2|Kingambit, M|
|poke|p2|Glimmora, M|
|poke|p2|Gliscor, M|
|poke|p2|Primarina, F|
|poke|p2|Dragonite, M|
|teampreview
|inactive|Battle timer is ON: inactive players will automatically lose when time's up. (requested by xZick)
|
|t:|1776138350
|teamsize|p1|6
|teamsize|p2|6
|start
|switch|p1a: Brand|Hatterene, F, shiny|100/100
|switch|p2a: Primarina|Primarina, F, shiny|100/100
|turn|1
|
|t:|1776138356
|move|p2a: Primarina|Moonblast|p1a: Brand
|-damage|p1a: Brand|42/100
|move|p1a: Brand|Trick Room|p1a: Brand
|-fieldstart|move: Trick Room|[of] p1a: Brand
|
|upkeep
|turn|2
|
|t:|1776138362
|move|p1a: Brand|Healing Wish|p1a: Brand
|faint|p1a: Brand
|move|p2a: Primarina|Moonblast|p1: Brand|[notarget]
|-fail|p2a: Primarina
|
|upkeep
|
|t:|1776138366
|switch|p1a: Mann|Ursaluna, M|100/100
|turn|3
|
|t:|1776138370
|-terastallize|p1a: Mann|Normal
|move|p1a: Mann|Swords Dance|p1a: Mann
|-boost|p1a: Mann|atk|2
|move|p2a: Primarina|Surf|p1a: Mann
|-damage|p1a: Mann|58/100
|
|-status|p1a: Mann|brn|[from] item: Flame Orb
|upkeep
|turn|4
|
|t:|1776138384
|switch|p2a: Gliscor|Gliscor, M, shiny|100/100
|move|p1a: Mann|Facade|p2a: Gliscor
|-damage|p2a: Gliscor|0 fnt
|faint|p2a: Gliscor
|
|-damage|p1a: Mann|52/100 brn|[from] brn
|upkeep
|
|t:|1776138391
|switch|p2a: Blaziken|Blaziken, M, shiny|100/100
|turn|5
|
|t:|1776138397
|switch|p1a: Miller|Cresselia, F, shiny|100/100
|move|p2a: Blaziken|Protect||[still]
|-fail|p2a: Blaziken
|
|-fieldend|move: Trick Room
|-ability|p2a: Blaziken|Speed Boost|boost
|-boost|p2a: Blaziken|spe|1
|upkeep
|turn|6
|
|t:|1776138401
|move|p2a: Blaziken|Flare Blitz|p1a: Miller
|-damage|p1a: Miller|61/100
|-damage|p2a: Blaziken|82/100|[from] Recoil
|-damage|p2a: Blaziken|72/100|[from] item: Life Orb
|move|p1a: Miller|Trick Room|p1a: Miller
|-fieldstart|move: Trick Room|[of] p1a: Miller
|
|-ability|p2a: Blaziken|Speed Boost|boost
|-boost|p2a: Blaziken|spe|1
|upkeep
|turn|7
|
|t:|1776138412
|switch|p2a: Glimmora|Glimmora, M, shiny|100/100
|move|p1a: Miller|Psychic|p2a: Glimmora
|-supereffective|p2a: Glimmora
|-damage|p2a: Glimmora|34/100
|
|upkeep
|turn|8
|
|t:|1776138418
|move|p1a: Miller|Psychic|p2a: Glimmora
|-supereffective|p2a: Glimmora
|-damage|p2a: Glimmora|0 fnt
|faint|p2a: Glimmora
|
|upkeep
|
|t:|1776138420
|switch|p2a: Primarina|Primarina, F, shiny|100/100
|turn|9
|
|t:|1776138429
|switch|p1a: Mann|Ursaluna, M, tera:Normal|52/100 brn
|-heal|p1a: Mann|100/100|[from] move: Healing Wish
|move|p2a: Primarina|Psychic Noise|p1a: Mann
|-damage|p1a: Mann|73/100
|-start|p1a: Mann|move: Heal Block
|
|-status|p1a: Mann|brn|[from] item: Flame Orb
|upkeep
|turn|10
|
|t:|1776138435
|move|p1a: Mann|Facade|p2a: Primarina
|-damage|p2a: Primarina|0 fnt
|faint|p2a: Primarina
|
|-damage|p1a: Mann|67/100 brn|[from] brn
|-end|p1a: Mann|move: Heal Block
|-fieldend|move: Trick Room
|upkeep
|
|t:|1776138442
|switch|p2a: Blaziken|Blaziken, M, shiny|72/100
|turn|11
|
|t:|1776138447
|switch|p1a: Miller|Cresselia, F, shiny|61/100
|move|p2a: Blaziken|Close Combat|p1a: Miller
|-resisted|p1a: Miller
|-damage|p1a: Miller|42/100
|-unboost|p2a: Blaziken|def|1
|-unboost|p2a: Blaziken|spd|1
|-damage|p2a: Blaziken|62/100|[from] item: Life Orb
|
|-ability|p2a: Blaziken|Speed Boost|boost
|-boost|p2a: Blaziken|spe|1
|upkeep
|turn|12
|
|t:|1776138454
|move|p2a: Blaziken|Flare Blitz|p1a: Miller
|-damage|p1a: Miller|0 fnt
|faint|p1a: Miller
|-damage|p2a: Blaziken|42/100|[from] Recoil
|-damage|p2a: Blaziken|32/100|[from] item: Life Orb
|
|-ability|p2a: Blaziken|Speed Boost|boost
|-boost|p2a: Blaziken|spe|1
|upkeep
|
|t:|1776138465
|switch|p1a: CASE|Iron Hands|100/100
|-enditem|p1a: CASE|Booster Energy
|-activate|p1a: CASE|ability: Quark Drive|[fromitem]
|-start|p1a: CASE|quarkdriveatk
|turn|13
|
|t:|1776138472
|switch|p2a: Dragonite|Dragonite, M|100/100
|move|p1a: CASE|Drain Punch|p2a: Dragonite
|-resisted|p2a: Dragonite
|-damage|p2a: Dragonite|85/100
|
|upkeep
|turn|14
|
|t:|1776138478
|move|p2a: Dragonite|Earthquake|p1a: CASE
|-supereffective|p1a: CASE
|-damage|p1a: CASE|51/100
|move|p1a: CASE|Ice Punch|p2a: Dragonite
|-supereffective|p2a: Dragonite
|-damage|p2a: Dragonite|0 fnt
|faint|p2a: Dragonite
|
|upkeep
|
|t:|1776138484
|switch|p2a: Blaziken|Blaziken, M, shiny|32/100
|turn|15
|
|t:|1776138487
|move|p2a: Blaziken|Flare Blitz|p1a: CASE
|-damage|p1a: CASE|0 fnt
|faint|p1a: CASE
|-end|p1a: CASE|Quark Drive|[silent]
|-damage|p2a: Blaziken|3/100|[from] Recoil
|-damage|p2a: Blaziken|0 fnt|[from] item: Life Orb
|faint|p2a: Blaziken
|
|upkeep
|
|t:|1776138496
|switch|p2a: Kingambit|Kingambit, M, shiny|100/100
|switch|p1a: Mann|Ursaluna, M, tera:Normal|67/100 brn
|-activate|p2a: Kingambit|ability: Supreme Overlord
|-start|p2a: Kingambit|fallen5|[silent]
|-item|p2a: Kingambit|Air Balloon
|turn|16
|
|t:|1776138504
|-terastallize|p2a: Kingambit|Ghost
|move|p2a: Kingambit|Swords Dance|p2a: Kingambit
|-boost|p2a: Kingambit|atk|2
|move|p1a: Mann|Facade|p2a: Kingambit
|-immune|p2a: Kingambit
|
|-damage|p1a: Mann|61/100 brn|[from] brn
|upkeep
|turn|17
|
|t:|1776138513
|move|p1a: Mann|Fire Punch|p2a: Kingambit
|-damage|p2a: Kingambit|65/100
|-enditem|p2a: Kingambit|Air Balloon
|move|p2a: Kingambit|Kowtow Cleave|p1a: Mann
|-damage|p1a: Mann|0 fnt
|faint|p1a: Mann
|
|upkeep
|
|t:|1776138525
|switch|p1a: Saturn|Volcanion|100/100
|turn|18
|
|t:|1776138530
|move|p2a: Kingambit|Kowtow Cleave|p1a: Saturn
|-damage|p1a: Saturn|0 fnt
|faint|p1a: Saturn
|
|upkeep
|
|t:|1776138533
|switch|p1a: TARS|Porygon2|100/100
|-ability|p1a: TARS|Download|boost
|-boost|p1a: TARS|spa|1
|turn|19
|
|t:|1776138538
|move|p2a: Kingambit|Kowtow Cleave|p1a: TARS
|-crit|p1a: TARS
|-damage|p1a: TARS|0 fnt
|faint|p1a: TARS
|
|win|xZick
|raw|typhoon9's rating: 1420 &rarr; <strong>1398</strong><br />(-22 for losing)
|raw|xZick's rating: 1379 &rarr; <strong>1401</strong><br />(+22 for winning)
|c|☆typhoon9|gg
|c|☆xZick|Gg
