|html|<div class="broadcast-blue"><strong>[Gen 9] OU is currently suspecting Tera Blast! For information on how to participate check out the <a href="https://www.smogon.com/tools/suspects/view/200">suspect thread</a>.</strong></div>
|j|☆eternalllooser
|j|☆xtanhy
|t:|1776324904
|gametype|singles
|player|p1|eternalllooser|102|1091
|player|p2|xtanhy|169|1094
|gen|9
|tier|[Gen 9] OU
|rated|
|rule|HP Percentage Mod: HP is shown in percentages
|rule|Endless Battle Clause: Forcing endless battles is banned
|rule|Species Clause: Limit one of each Pokémon
|rule|OHKO Clause: OHKO moves are banned
|rule|Evasion Items Clause: Evasion items are banned
|rule|Evasion Moves Clause: Evasion moves are banned
|rule|Evasion Abilities Clause: Evasion abilities are banned
|rule|Sleep Moves Clause: Sleep-inducing moves are banned
|clearpoke
|poke|p1|Lokix, F|
|poke|p1|Iron Crown|
|poke|p1|Gliscor, M|
|poke|p1|Garganacl, F|
|poke|p1|Pecharunt|
|poke|p1|Cinderace, M|
|poke|p2|Slowking-Galar, F|
|poke|p2|Landorus-Therian, M|
|poke|p2|Kyurem|
|poke|p2|Iron Valiant|
|poke|p2|Cinderace, F|
|poke|p2|Kingambit, F|
|teampreview
|inactive|Battle timer is ON: inactive players will automatically lose when time's up. (requested by eternalllooser)
|inactive|xtanhy also wants the timer to be on.
|
|t:|1776324916
|teamsize|p1|6
|teamsize|p2|6
|start
|switch|p1a: Lokix|Lokix, F|100/100
|switch|p2a: Landorus|Landorus-Therian, M|100/100
|-ability|p2a: Landorus|Intimidate|boost
|-unboost|p1a: Lokix|atk|1
|turn|1
|
|t:|1776324926
|move|p2a: Landorus|Stealth Rock|p1a: Lokix
|-sidestart|p1: eternalllooser|move: Stealth Rock
|move|p1a: Lokix|U-turn|p2a: Landorus
|-resisted|p2a: Landorus
|-damage|p2a: Landorus|74/100
|-damage|p1a: Lokix|84/100|[from] item: Rocky Helmet|[of] p2a: Landorus
|
|t:|1776324934
|switch|p1a: Cinderace|Cinderace, M|100/100|[from] U-turn
|
|upkeep
|turn|2
|
|t:|1776324961
|move|p1a: Cinderace|Court Change|p1a: Cinderace
|-start|p1a: Cinderace|typechange|Normal|[from] ability: Libero
|-swapsideconditions
|-activate|p1a: Cinderace|move: Court Change
|move|p2a: Landorus|U-turn|p1a: Cinderace
|-damage|p1a: Cinderace|70/100
|inactive|xtanhy has 120 seconds left.
|
|t:|1776324982
|switch|p2a: Iron Valiant|Iron Valiant|100/100|[from] U-turn
|-damage|p2a: Iron Valiant|94/100|[from] Stealth Rock
|-enditem|p2a: Iron Valiant|Booster Energy
|-activate|p2a: Iron Valiant|ability: Quark Drive|[fromitem]
|-start|p2a: Iron Valiant|quarkdrivespe
|
|upkeep
|turn|3
|
|t:|1776324992
|move|p2a: Iron Valiant|Moonblast|p1a: Cinderace
|-damage|p1a: Cinderace|0 fnt
|faint|p1a: Cinderace
|
|upkeep
|
|t:|1776324998
|switch|p1a: Pecharunt|Pecharunt|100/100
|turn|4
|inactive|xtanhy has 120 seconds left.
|
|t:|1776325016
|-end|p2a: Iron Valiant|Quark Drive|[silent]
|switch|p2a: Slowking|Slowking-Galar, F|100/100
|move|p1a: Pecharunt|Malignant Chain|p2a: Slowking
|-resisted|p2a: Slowking
|-crit|p2a: Slowking
|-damage|p2a: Slowking|86/100
|
|upkeep
|turn|5
|
|t:|1776325026
|move|p1a: Pecharunt|Parting Shot|p2a: Slowking
|-unboost|p2a: Slowking|atk|1
|-unboost|p2a: Slowking|spa|1
|
|t:|1776325030
|switch|p1a: Iron Crown|Iron Crown|100/100|[from] Parting Shot
|move|p2a: Slowking|Future Sight|p1a: Iron Crown
|-start|p2a: Slowking|move: Future Sight
|
|upkeep
|turn|6
|inactive|xtanhy has 120 seconds left.
|
|t:|1776325037
|move|p1a: Iron Crown|Psyshock|p2a: Slowking
|-damage|p2a: Slowking|27/100
|-prepare|p2a: Slowking|Chilly Reception|[premajor]
|move|p2a: Slowking|Chilly Reception|p2a: Slowking
|-weather|Snowscape
|inactive|xtanhy has 120 seconds left.
|
|t:|1776325047
|switch|p2a: Cinderace|Cinderace, F|100/100|[from] Chilly Reception
|
|-weather|Snowscape|[upkeep]
|upkeep
|turn|7
|inactive|xtanhy has 120 seconds left.
|
|t:|1776325061
|-end|p1a: Iron Crown|Quark Drive|[silent]
|switch|p1a: Garganacl|Garganacl, F|100/100
|move|p2a: Cinderace|Pyro Ball|p1a: Garganacl
|-resisted|p1a: Garganacl
|-damage|p1a: Garganacl|82/100
|
|-weather|Snowscape|[upkeep]
|-end|p1a: Garganacl|move: Future Sight
|-damage|p1a: Garganacl|52/100
|-heal|p1a: Garganacl|58/100|[from] item: Leftovers
|upkeep
|turn|8
|inactive|xtanhy has 120 seconds left.
|
|t:|1776325075
|move|p2a: Cinderace|Court Change|p2a: Cinderace
|-start|p2a: Cinderace|typechange|Normal|[from] ability: Libero
|-swapsideconditions
|-activate|p2a: Cinderace|move: Court Change
|move|p1a: Garganacl|Salt Cure|p2a: Cinderace
|-damage|p2a: Cinderace|82/100
|-start|p2a: Cinderace|Salt Cure
|
|-weather|Snowscape|[upkeep]
|-heal|p1a: Garganacl|64/100|[from] item: Leftovers
|-damage|p2a: Cinderace|70/100|[from] Salt Cure
|upkeep
|turn|9
|inactive|xtanhy has 120 seconds left.
|
|t:|1776325086
|move|p2a: Cinderace|U-turn|p1a: Garganacl
|-damage|p1a: Garganacl|50/100
|inactive|xtanhy has 120 seconds left.
|
|t:|1776325095
|switch|p2a: Landorus|Landorus-Therian, M|74/100|[from] U-turn
|-ability|p2a: Landorus|Intimidate|boost
|-unboost|p1a: Garganacl|atk|1
|move|p1a: Garganacl|Stealth Rock|p2a: Landorus
|-sidestart|p2: xtanhy|move: Stealth Rock
|
|-weather|Snowscape|[upkeep]
|-heal|p1a: Garganacl|56/100|[from] item: Leftovers
|upkeep
|turn|10
|inactive|xtanhy has 120 seconds left.
|
|t:|1776325112
|move|p2a: Landorus|Taunt|p1a: Garganacl
|-start|p1a: Garganacl|move: Taunt
|cant|p1a: Garganacl|move: Taunt|Recover
|
|-weather|none
|-heal|p1a: Garganacl|62/100|[from] item: Leftovers
|upkeep
|turn|11
|inactive|xtanhy has 120 seconds left.
|
|t:|1776325121
|switch|p1a: Gliscor|Gliscor, M|100/100
|-damage|p1a: Gliscor|88/100|[from] Stealth Rock
|move|p2a: Landorus|Earthquake|p1a: Gliscor
|-immune|p1a: Gliscor
|
|-status|p1a: Gliscor|tox|[from] item: Toxic Orb
|upkeep
|turn|12
|inactive|xtanhy has 120 seconds left.
|
|t:|1776325132
|move|p1a: Gliscor|Swords Dance|p1a: Gliscor
|-boost|p1a: Gliscor|atk|2
|move|p2a: Landorus|Taunt|p1a: Gliscor
|-start|p1a: Gliscor|move: Taunt
|
|-heal|p1a: Gliscor|100/100 tox|[from] ability: Poison Heal
|upkeep
|turn|13
|inactive|xtanhy has 120 seconds left.
|
|t:|1776325148
|-terastallize|p1a: Gliscor|Normal
|move|p1a: Gliscor|Facade|p2a: Landorus
|-damage|p2a: Landorus|0 fnt
|-damage|p1a: Gliscor|84/100 tox|[from] item: Rocky Helmet|[of] p2a: Landorus
|faint|p2a: Landorus
|
|-heal|p1a: Gliscor|96/100 tox|[from] ability: Poison Heal
|upkeep
|
|t:|1776325161
|switch|p2a: Iron Valiant|Iron Valiant|94/100
|-damage|p2a: Iron Valiant|88/100|[from] Stealth Rock
|turn|14
|
|t:|1776325167
|move|p2a: Iron Valiant|Close Combat|p1a: Gliscor
|-supereffective|p1a: Gliscor
|-damage|p1a: Gliscor|11/100 tox
|-unboost|p2a: Iron Valiant|def|1
|-unboost|p2a: Iron Valiant|spd|1
|move|p1a: Gliscor|Facade|p2a: Iron Valiant
|-damage|p2a: Iron Valiant|0 fnt
|faint|p2a: Iron Valiant
|-end|p2a: Iron Valiant|Quark Drive|[silent]
|
|-heal|p1a: Gliscor|24/100 tox|[from] ability: Poison Heal
|upkeep
|
|t:|1776325184
|switch|p2a: Cinderace|Cinderace, F|70/100
|turn|15
|
|t:|1776325203
|switch|p1a: Garganacl|Garganacl, F|62/100
|-damage|p1a: Garganacl|50/100|[from] Stealth Rock
|move|p2a: Cinderace|U-turn|p1a: Garganacl
|-start|p2a: Cinderace|typechange|Bug|[from] ability: Libero
|-damage|p1a: Garganacl|28/100
|
|t:|1776325213
|switch|p2a: Slowking|Slowking-Galar, F|60/100|[from] U-turn
|
|-heal|p1a: Garganacl|34/100|[from] item: Leftovers
|upkeep
|turn|16
|
|t:|1776325224
|move|p1a: Garganacl|Recover|p1a: Garganacl
|-heal|p1a: Garganacl|84/100
|move|p2a: Slowking|Future Sight|p1a: Garganacl
|-start|p2a: Slowking|move: Future Sight
|
|-heal|p1a: Garganacl|91/100|[from] item: Leftovers
|upkeep
|turn|17
|
|t:|1776325233
|move|p1a: Garganacl|Salt Cure|p2a: Slowking
|-damage|p2a: Slowking|46/100
|-start|p2a: Slowking|Salt Cure
|-prepare|p2a: Slowking|Chilly Reception|[premajor]
|move|p2a: Slowking|Chilly Reception|p2a: Slowking
|-weather|Snowscape
|
|t:|1776325239
|switch|p2a: Kyurem|Kyurem|100/100|[from] Chilly Reception
|-damage|p2a: Kyurem|76/100|[from] Stealth Rock
|-ability|p2a: Kyurem|Pressure
|
|-weather|Snowscape|[upkeep]
|-heal|p1a: Garganacl|97/100|[from] item: Leftovers
|upkeep
|turn|18
|
|t:|1776325251
|move|p2a: Kyurem|Earth Power|p1a: Garganacl
|-supereffective|p1a: Garganacl
|-damage|p1a: Garganacl|35/100
|move|p1a: Garganacl|Salt Cure|p2a: Kyurem
|-supereffective|p2a: Kyurem
|-damage|p2a: Kyurem|59/100
|-start|p2a: Kyurem|Salt Cure
|
|-weather|Snowscape|[upkeep]
|-end|p1a: Garganacl|move: Future Sight
|-damage|p1a: Garganacl|5/100
|-heal|p1a: Garganacl|12/100|[from] item: Leftovers
|-damage|p2a: Kyurem|47/100|[from] Salt Cure
|upkeep
|turn|19
|
|t:|1776325264
|move|p1a: Garganacl|Protect|p1a: Garganacl
|-singleturn|p1a: Garganacl|Protect
|move|p2a: Kyurem|Earth Power|p1a: Garganacl
|-activate|p1a: Garganacl|move: Protect
|
|-weather|Snowscape|[upkeep]
|-heal|p1a: Garganacl|18/100|[from] item: Leftovers
|-damage|p2a: Kyurem|34/100|[from] Salt Cure
|upkeep
|turn|20
|
|t:|1776325274
|switch|p1a: Gliscor|Gliscor, M, tera:Normal|24/100 tox
|-damage|p1a: Gliscor|11/100 tox|[from] Stealth Rock
|move|p2a: Kyurem|Earth Power|p1a: Gliscor
|-damage|p1a: Gliscor|0 fnt
|faint|p1a: Gliscor
|
|-weather|Snowscape|[upkeep]
|-damage|p2a: Kyurem|22/100|[from] Salt Cure
|upkeep
|
|t:|1776325286
|switch|p1a: Garganacl|Garganacl, F|18/100
|-damage|p1a: Garganacl|5/100|[from] Stealth Rock
|turn|21
|inactive|xtanhy has 120 seconds left.
|
|t:|1776325298
|switch|p2a: Cinderace|Cinderace, F|70/100
|move|p1a: Garganacl|Protect||[still]
|-fail|p1a: Garganacl
|
|-weather|none
|-heal|p1a: Garganacl|12/100|[from] item: Leftovers
|upkeep
|turn|22
|inactive|xtanhy has 120 seconds left.
|
|t:|1776325307
|switch|p1a: Pecharunt|Pecharunt|100/100
|move|p2a: Cinderace|U-turn|p1a: Pecharunt
|-start|p2a: Cinderace|typechange|Bug|[from] ability: Libero
|-resisted|p1a: Pecharunt
|-damage|p1a: Pecharunt|97/100
|inactive|xtanhy has 120 seconds left.
|
|t:|1776325319
|switch|p2a: Kingambit|Kingambit, F|100/100|[from] U-turn
|-damage|p2a: Kingambit|94/100|[from] Stealth Rock
|-activate|p2a: Kingambit|ability: Supreme Overlord
|-start|p2a: Kingambit|fallen2|[silent]
|
|-heal|p2a: Kingambit|100/100|[from] item: Leftovers
|upkeep
|turn|23
|inactive|xtanhy has 120 seconds left.
|
|t:|1776325330
|move|p1a: Pecharunt|Parting Shot|p2a: Kingambit
|-unboost|p2a: Kingambit|atk|1
|-unboost|p2a: Kingambit|spa|1
|
|t:|1776325334
|switch|p1a: Lokix|Lokix, F|84/100|[from] Parting Shot
|-damage|p1a: Lokix|59/100|[from] Stealth Rock
|move|p2a: Kingambit|Kowtow Cleave|p1a: Lokix
|-resisted|p1a: Lokix
|-damage|p1a: Lokix|29/100
|
|upkeep
|turn|24
|inactive|xtanhy has 120 seconds left.
|
|t:|1776325352
|-end|p2a: Kingambit|fallen2|[silent]
|switch|p2a: Slowking|Slowking-Galar, F|79/100
|move|p1a: Lokix|First Impression|p2a: Slowking
|-damage|p2a: Slowking|27/100
|
|upkeep
|turn|25
|inactive|xtanhy has 120 seconds left.
|
|t:|1776325363
|move|p1a: Lokix|Knock Off|p2a: Slowking
|-supereffective|p2a: Slowking
|-damage|p2a: Slowking|0 fnt
|-enditem|p2a: Slowking|Heavy-Duty Boots|[from] move: Knock Off|[of] p1a: Lokix
|faint|p2a: Slowking
|
|upkeep
|inactive|xtanhy has 120 seconds left.
|
|t:|1776325374
|switch|p2a: Kyurem|Kyurem|22/100
|-damage|p2a: Kyurem|0 fnt|[from] Stealth Rock
|faint|p2a: Kyurem
|
|t:|1776325379
|switch|p2a: Cinderace|Cinderace, F|70/100
|turn|26
|
|t:|1776325387
|move|p1a: Lokix|Sucker Punch|p2a: Cinderace
|-damage|p2a: Cinderace|18/100
|move|p2a: Cinderace|Pyro Ball|p1a: Lokix|[miss]
|-miss|p2a: Cinderace|p1a: Lokix
|
|upkeep
|turn|27
|
|t:|1776325395
|move|p1a: Lokix|Sucker Punch||[still]
|-fail|p1a: Lokix
|move|p2a: Cinderace|Will-O-Wisp|p1a: Lokix
|-status|p1a: Lokix|brn
|
|-damage|p1a: Lokix|23/100 brn|[from] brn
|upkeep
|turn|28
|
|t:|1776325407
|move|p1a: Lokix|Sucker Punch|p2a: Cinderace
|-damage|p2a: Cinderace|0 fnt
|faint|p2a: Cinderace
|
|-damage|p1a: Lokix|17/100 brn|[from] brn
|upkeep
|
|t:|1776325414
|switch|p2a: Kingambit|Kingambit, F|100/100
|-damage|p2a: Kingambit|94/100|[from] Stealth Rock
|-activate|p2a: Kingambit|ability: Supreme Overlord
|-start|p2a: Kingambit|fallen5|[silent]
|turn|29
|
|t:|1776325421
|move|p1a: Lokix|Knock Off|p2a: Kingambit
|-resisted|p2a: Kingambit
|-damage|p2a: Kingambit|78/100
|-enditem|p2a: Kingambit|Leftovers|[from] move: Knock Off|[of] p1a: Lokix
|move|p2a: Kingambit|Swords Dance|p2a: Kingambit
|-boost|p2a: Kingambit|atk|2
|
|-damage|p1a: Lokix|11/100 brn|[from] brn
|upkeep
|turn|30
|
|t:|1776325436
|move|p2a: Kingambit|Sucker Punch|p1a: Lokix
|-resisted|p1a: Lokix
|-damage|p1a: Lokix|0 fnt
|faint|p1a: Lokix
|
|upkeep
|
|t:|1776325450
|switch|p1a: Pecharunt|Pecharunt|97/100
|turn|31
|
|t:|1776325454
|move|p1a: Pecharunt|Foul Play|p2a: Kingambit
|-resisted|p2a: Kingambit
|-damage|p2a: Kingambit|51/100
|move|p2a: Kingambit|Kowtow Cleave|p1a: Pecharunt
|-supereffective|p1a: Pecharunt
|-damage|p1a: Pecharunt|0 fnt
|faint|p1a: Pecharunt
|
|upkeep
|
|t:|1776325464
|switch|p1a: Garganacl|Garganacl, F|12/100
|-damage|p1a: Garganacl|0 fnt|[from] Stealth Rock
|faint|p1a: Garganacl
|
|t:|1776325468
|switch|p1a: Iron Crown|Iron Crown|100/100
|-damage|p1a: Iron Crown|94/100|[from] Stealth Rock
|turn|32
|
|t:|1776325474
|move|p2a: Kingambit|Sucker Punch|p1a: Iron Crown
|-supereffective|p1a: Iron Crown
|-damage|p1a: Iron Crown|0 fnt
|faint|p1a: Iron Crown
|-end|p1a: Iron Crown|Quark Drive|[silent]
|
|win|xtanhy
|raw|eternalllooser's rating: 1091 &rarr; <strong>1068</strong><br />(-23 for losing)
|raw|xtanhy's rating: 1094 &rarr; <strong>1120</strong><br />(+26 for winning)
|l|☆eternalllooser
|player|p1|
