|html|<div class="broadcast-blue"><strong>[Gen 9] OU is currently suspecting Tera Blast! For information on how to participate check out the <a href="https://www.smogon.com/tools/suspects/view/200">suspect thread</a>.</strong></div>
|j|☆EleaRosea
|j|☆NeoNaruto✈️_✈️
|t:|1776112377
|gametype|singles
|player|p1|EleaRosea|harmony|1666
|player|p2|NeoNaruto✈️_✈️|medium|1647
|gen|9
|tier|[Gen 9] OU
|rated|
|rule|HP Percentage Mod: HP is shown in percentages
|rule|Endless Battle Clause: Forcing endless battles is banned
|rule|Species Clause: Limit one of each Pokémon
|rule|OHKO Clause: OHKO moves are banned
|rule|Evasion Items Clause: Evasion items are banned
|rule|Evasion Moves Clause: Evasion moves are banned
|rule|Evasion Abilities Clause: Evasion abilities are banned
|rule|Sleep Moves Clause: Sleep-inducing moves are banned
|clearpoke
|poke|p1|Great Tusk|
|poke|p1|Heatran, F|
|poke|p1|Weavile, F|
|poke|p1|Primarina, F|
|poke|p1|Ogerpon, F|
|poke|p1|Pecharunt|
|poke|p2|Tyranitar, F|
|poke|p2|Iron Moth|
|poke|p2|Staraptor, M|
|poke|p2|Garchomp, M|
|poke|p2|Torkoal, M|
|poke|p2|Dragonite, M|
|teampreview
|inactive|Battle timer is ON: inactive players will automatically lose when time's up. (requested by NeoNaruto✈️_✈️)
|inactive|EleaRosea also wants the timer to be on.
|
|t:|1776112405
|teamsize|p1|6
|teamsize|p2|6
|start
|switch|p1a: Behemoth|Great Tusk, shiny|100/100
|switch|p2a: BLITZ SOME OPPS|Garchomp, M|100/100
|turn|1
|
|t:|1776112412
|move|p1a: Behemoth|Ice Spinner|p2a: BLITZ SOME OPPS
|-supereffective|p2a: BLITZ SOME OPPS
|-damage|p2a: BLITZ SOME OPPS|29/100
|-damage|p1a: Behemoth|88/100|[from] ability: Rough Skin|[of] p2a: BLITZ SOME OPPS
|-damage|p1a: Behemoth|72/100|[from] item: Rocky Helmet|[of] p2a: BLITZ SOME OPPS
|move|p2a: BLITZ SOME OPPS|Breaking Swipe|p1a: Behemoth
|-damage|p1a: Behemoth|51/100
|-unboost|p1a: Behemoth|atk|1
|
|upkeep
|turn|2
|
|t:|1776112422
|-terastallize|p2a: BLITZ SOME OPPS|Ghost
|move|p1a: Behemoth|Headlong Rush|p2a: BLITZ SOME OPPS
|-damage|p2a: BLITZ SOME OPPS|2/100
|-unboost|p1a: Behemoth|def|1
|-unboost|p1a: Behemoth|spd|1
|-damage|p1a: Behemoth|38/100|[from] ability: Rough Skin|[of] p2a: BLITZ SOME OPPS
|-damage|p1a: Behemoth|22/100|[from] item: Rocky Helmet|[of] p2a: BLITZ SOME OPPS
|move|p2a: BLITZ SOME OPPS|Stealth Rock|p1a: Behemoth
|-sidestart|p1: EleaRosea|move: Stealth Rock
|
|upkeep
|turn|3
|
|t:|1776112440
|move|p1a: Behemoth|Ice Spinner|p2a: BLITZ SOME OPPS
|-damage|p2a: BLITZ SOME OPPS|0 fnt
|-damage|p1a: Behemoth|9/100|[from] ability: Rough Skin|[of] p2a: BLITZ SOME OPPS
|-damage|p1a: Behemoth|0 fnt|[from] item: Rocky Helmet|[of] p2a: BLITZ SOME OPPS
|faint|p2a: BLITZ SOME OPPS
|faint|p1a: Behemoth
|-end|p1a: Behemoth|Protosynthesis|[silent]
|
|upkeep
|
|t:|1776112450
|switch|p1a: Chaos|Heatran, F, shiny|100/100
|switch|p2a: DA LAST REX(3005)|Tyranitar, F|100/100
|-damage|p1a: Chaos|88/100|[from] Stealth Rock
|-item|p1a: Chaos|Air Balloon
|-weather|Sandstorm|[from] ability: Sand Stream|[of] p2a: DA LAST REX(3005)
|turn|4
|
|t:|1776112468
|switch|p1a: Overseer|Pecharunt|100/100
|-damage|p1a: Overseer|88/100|[from] Stealth Rock
|move|p2a: DA LAST REX(3005)|Knock Off|p1a: Overseer
|-supereffective|p1a: Overseer
|-damage|p1a: Overseer|50/100
|-damage|p2a: DA LAST REX(3005)|84/100|[from] item: Rocky Helmet|[of] p1a: Overseer
|-enditem|p1a: Overseer|Rocky Helmet|[from] move: Knock Off|[of] p2a: DA LAST REX(3005)
|
|-weather|Sandstorm|[upkeep]
|-damage|p1a: Overseer|44/100|[from] Sandstorm
|upkeep
|turn|5
|
|t:|1776112480
|switch|p2a: VODECi IV|Iron Moth|100/100
|move|p1a: Overseer|Recover|p1a: Overseer
|-heal|p1a: Overseer|94/100
|
|-weather|Sandstorm|[upkeep]
|-damage|p2a: VODECi IV|95/100|[from] Sandstorm
|-damage|p1a: Overseer|88/100|[from] Sandstorm
|upkeep
|turn|6
|
|t:|1776112503
|switch|p1a: Chaos|Heatran, F, shiny|88/100
|-damage|p1a: Chaos|76/100|[from] Stealth Rock
|-item|p1a: Chaos|Air Balloon
|move|p2a: VODECi IV|Psychic|p1a: Chaos
|-resisted|p1a: Chaos
|-damage|p1a: Chaos|50/100
|-enditem|p1a: Chaos|Air Balloon
|
|-weather|Sandstorm|[upkeep]
|-damage|p2a: VODECi IV|89/100|[from] Sandstorm
|upkeep
|turn|7
|
|t:|1776112506
|-end|p2a: VODECi IV|Quark Drive|[silent]
|switch|p2a: DA LAST REX(3005)|Tyranitar, F|84/100
|move|p1a: Chaos|Stealth Rock|p2a: DA LAST REX(3005)
|-sidestart|p2: NeoNaruto✈️_✈️|move: Stealth Rock
|
|-weather|Sandstorm|[upkeep]
|upkeep
|turn|8
|
|t:|1776112521
|move|p1a: Chaos|Earth Power|p2a: DA LAST REX(3005)
|-supereffective|p2a: DA LAST REX(3005)
|-damage|p2a: DA LAST REX(3005)|68/100
|move|p2a: DA LAST REX(3005)|Earthquake|p1a: Chaos
|-supereffective|p1a: Chaos
|-damage|p1a: Chaos|0 fnt
|faint|p1a: Chaos
|
|-weather|none
|upkeep
|
|t:|1776112526
|switch|p1a: Anonymous|Ogerpon, F|100/100
|-damage|p1a: Anonymous|88/100|[from] Stealth Rock
|turn|9
|
|t:|1776112540
|move|p1a: Anonymous|U-turn|p2a: DA LAST REX(3005)
|-supereffective|p2a: DA LAST REX(3005)
|-damage|p2a: DA LAST REX(3005)|12/100
|
|t:|1776112541
|switch|p1a: Overseer|Pecharunt|88/100|[from] U-turn
|-damage|p1a: Overseer|75/100|[from] Stealth Rock
|move|p2a: DA LAST REX(3005)|Knock Off|p1a: Overseer
|-supereffective|p1a: Overseer
|-damage|p1a: Overseer|47/100
|
|upkeep
|turn|10
|
|t:|1776112566
|switch|p2a: VODECi IV|Iron Moth|89/100
|-damage|p2a: VODECi IV|64/100|[from] Stealth Rock
|move|p1a: Overseer|Recover|p1a: Overseer
|-heal|p1a: Overseer|97/100
|
|upkeep
|turn|11
|
|t:|1776112570
|move|p2a: VODECi IV|Overheat|p1a: Overseer
|-damage|p1a: Overseer|0 fnt
|-unboost|p2a: VODECi IV|spa|2
|faint|p1a: Overseer
|
|upkeep
|
|t:|1776112583
|switch|p1a: Celestine|Primarina, F, shiny|100/100
|-damage|p1a: Celestine|88/100|[from] Stealth Rock
|turn|12
|
|t:|1776112597
|-end|p2a: VODECi IV|Quark Drive|[silent]
|switch|p2a: DA LAST REX(3005)|Tyranitar, F|12/100
|-damage|p2a: DA LAST REX(3005)|0 fnt|[from] Stealth Rock
|faint|p2a: DA LAST REX(3005)
|move|p1a: Celestine|Moonblast|p2: DA LAST REX(3005)|[notarget]
|-fail|p1a: Celestine
|
|upkeep
|
|t:|1776112602
|switch|p2a: BIRD JESUS|Staraptor, M, shiny|100/100
|-damage|p2a: BIRD JESUS|75/100|[from] Stealth Rock
|turn|13
|
|t:|1776112611
|switch|p1a: Bandit|Weavile, F, shiny|100/100
|-damage|p1a: Bandit|76/100|[from] Stealth Rock
|-ability|p1a: Bandit|Pressure
|move|p2a: BIRD JESUS|Brave Bird|p1a: Bandit
|-damage|p1a: Bandit|0 fnt
|faint|p1a: Bandit
|-damage|p2a: BIRD JESUS|53/100|[from] Recoil
|
|upkeep
|
|t:|1776112617
|switch|p1a: Anonymous|Ogerpon, F|88/100
|-damage|p1a: Anonymous|76/100|[from] Stealth Rock
|turn|14
|inactive|NeoNaruto✈️_✈️ has 120 seconds left.
|
|t:|1776112652
|switch|p2a: VODECi IV|Iron Moth|64/100
|-damage|p2a: VODECi IV|39/100|[from] Stealth Rock
|move|p1a: Anonymous|Rock Tomb|p2a: VODECi IV
|-supereffective|p2a: VODECi IV
|-damage|p2a: VODECi IV|0 fnt
|faint|p2a: VODECi IV
|-end|p2a: VODECi IV|Quark Drive|[silent]
|
|upkeep
|
|t:|1776112653
|switch|p2a: OVO CHUBBS|Torkoal, M|100/100
|-weather|SunnyDay|[from] ability: Drought|[of] p2a: OVO CHUBBS
|turn|15
|
|t:|1776112656
|switch|p1a: Celestine|Primarina, F, shiny|88/100
|-damage|p1a: Celestine|76/100|[from] Stealth Rock
|move|p2a: OVO CHUBBS|Lava Plume|p1a: Celestine
|-resisted|p1a: Celestine
|-damage|p1a: Celestine|65/100
|
|-weather|SunnyDay|[upkeep]
|upkeep
|turn|16
|
|t:|1776112687
|switch|p2a: BIRD JESUS|Staraptor, M, shiny|53/100
|-damage|p2a: BIRD JESUS|28/100|[from] Stealth Rock
|move|p1a: Celestine|Whirlpool|p2a: BIRD JESUS
|-damage|p2a: BIRD JESUS|13/100
|-activate|p2a: BIRD JESUS|move: Whirlpool|[of] p1a: Celestine
|
|-weather|SunnyDay|[upkeep]
|-damage|p2a: BIRD JESUS|0 fnt|[from] move: Whirlpool|[partiallytrapped]
|faint|p2a: BIRD JESUS
|upkeep
|
|t:|1776112694
|switch|p2a: FAT CHARIZARD|Dragonite, M, shiny|100/100
|turn|17
|
|t:|1776112699
|move|p2a: FAT CHARIZARD|Earthquake|p1a: Celestine
|-damage|p1a: Celestine|19/100
|move|p1a: Celestine|Moonblast|p2a: FAT CHARIZARD
|-supereffective|p2a: FAT CHARIZARD
|-damage|p2a: FAT CHARIZARD|49/100
|
|-weather|SunnyDay|[upkeep]
|upkeep
|turn|18
|
|t:|1776112705
|move|p2a: FAT CHARIZARD|Earthquake|p1a: Celestine
|-damage|p1a: Celestine|0 fnt
|faint|p1a: Celestine
|
|-weather|SunnyDay|[upkeep]
|upkeep
|
|t:|1776112707
|switch|p1a: Anonymous|Ogerpon, F|76/100
|-damage|p1a: Anonymous|64/100|[from] Stealth Rock
|turn|19
|
|t:|1776112713
|move|p1a: Anonymous|Rock Tomb|p2a: FAT CHARIZARD|[miss]
|-miss|p1a: Anonymous|p2a: FAT CHARIZARD
|move|p2a: FAT CHARIZARD|Fire Punch|p1a: Anonymous
|-supereffective|p1a: Anonymous
|-damage|p1a: Anonymous|0 fnt
|faint|p1a: Anonymous
|
|win|NeoNaruto✈️_✈️
|raw|EleaRosea's rating: 1666 &rarr; <strong>1644</strong><br />(-22 for losing)
|raw|NeoNaruto✈️_✈️'s rating: 1632 &rarr; <strong>1654</strong><br />(+22 for winning)
|l|☆EleaRosea
|player|p1|
|l|☆NeoNaruto✈️_✈️
|player|p2|
