|html|<div class="broadcast-blue"><strong>[Gen 9] OU is currently suspecting Tera Blast! For information on how to participate check out the <a href="https://www.smogon.com/tools/suspects/view/200">suspect thread</a>.</strong></div>
|j|☆nicboi27
|j|☆hypervortex7
|t:|1776085367
|gametype|singles
|player|p1|nicboi27|hilbert-wonderlauncher|1670
|player|p2|hypervortex7|gentleman-gen4dp|1827
|gen|9
|tier|[Gen 9] OU
|rated|
|rule|HP Percentage Mod: HP is shown in percentages
|rule|Endless Battle Clause: Forcing endless battles is banned
|rule|Species Clause: Limit one of each Pokémon
|rule|OHKO Clause: OHKO moves are banned
|rule|Evasion Items Clause: Evasion items are banned
|rule|Evasion Moves Clause: Evasion moves are banned
|rule|Evasion Abilities Clause: Evasion abilities are banned
|rule|Sleep Moves Clause: Sleep-inducing moves are banned
|clearpoke
|poke|p1|Kingambit, F|
|poke|p1|Cinderace, F|
|poke|p1|Landorus-Therian, M|
|poke|p1|Iron Valiant|
|poke|p1|Kyurem|
|poke|p1|Slowking-Galar, M|
|poke|p2|Corviknight, M|
|poke|p2|Dragonite, M|
|poke|p2|Scizor, M|
|poke|p2|Iron Moth|
|poke|p2|Greninja-*, M|
|poke|p2|Zamazenta-*|
|teampreview
|
|t:|1776085382
|teamsize|p1|6
|teamsize|p2|6
|start
|switch|p1a: Mr. Freeze|Kyurem, shiny|100/100
|switch|p2a: Greninja|Greninja, M|100/100
|-ability|p1a: Mr. Freeze|Pressure
|turn|1
|
|t:|1776085387
|move|p2a: Greninja|Dark Pulse|p1a: Mr. Freeze
|-damage|p1a: Mr. Freeze|64/100
|move|p1a: Mr. Freeze|Body Press|p2a: Greninja
|-supereffective|p2a: Greninja
|-damage|p2a: Greninja|45/100
|
|-heal|p1a: Mr. Freeze|70/100|[from] item: Leftovers
|upkeep
|turn|2
|
|t:|1776085393
|move|p2a: Greninja|Dark Pulse|p1a: Mr. Freeze
|-damage|p1a: Mr. Freeze|36/100
|move|p1a: Mr. Freeze|Freeze-Dry|p2a: Greninja
|-supereffective|p2a: Greninja
|-damage|p2a: Greninja|0 fnt
|faint|p2a: Greninja
|
|-heal|p1a: Mr. Freeze|42/100|[from] item: Leftovers
|upkeep
|
|t:|1776085395
|switch|p2a: Scizor|Scizor, M|100/100
|turn|3
|
|t:|1776085398
|switch|p1a: Homelandor|Landorus-Therian, M, shiny|100/100
|-ability|p1a: Homelandor|Intimidate|boost
|-unboost|p2a: Scizor|atk|1
|move|p2a: Scizor|Swords Dance|p2a: Scizor
|-boost|p2a: Scizor|atk|2
|
|upkeep
|turn|4
|
|t:|1776085402
|move|p1a: Homelandor|Earthquake|p2a: Scizor
|-damage|p2a: Scizor|53/100
|move|p2a: Scizor|Swords Dance|p2a: Scizor
|-boost|p2a: Scizor|atk|2
|
|upkeep
|turn|5
|
|t:|1776085412
|-terastallize|p1a: Homelandor|Water
|move|p2a: Scizor|Bullet Punch|p1a: Homelandor
|-resisted|p1a: Homelandor
|-damage|p1a: Homelandor|58/100
|-damage|p2a: Scizor|37/100|[from] item: Rocky Helmet|[of] p1a: Homelandor
|-damage|p2a: Scizor|27/100|[from] item: Life Orb
|move|p1a: Homelandor|Earthquake|p2a: Scizor
|-damage|p2a: Scizor|0 fnt
|faint|p2a: Scizor
|
|upkeep
|
|t:|1776085419
|switch|p2a: Iron Moth|Iron Moth|100/100
|-enditem|p2a: Iron Moth|Booster Energy
|-activate|p2a: Iron Moth|ability: Quark Drive|[fromitem]
|-start|p2a: Iron Moth|quarkdrivespa
|turn|6
|
|t:|1776085426
|move|p2a: Iron Moth|Fiery Dance|p1a: Homelandor
|-resisted|p1a: Homelandor
|-damage|p1a: Homelandor|29/100
|move|p1a: Homelandor|Earthquake|p2a: Iron Moth
|-supereffective|p2a: Iron Moth
|-damage|p2a: Iron Moth|0 fnt
|faint|p2a: Iron Moth
|-end|p2a: Iron Moth|Quark Drive|[silent]
|
|upkeep
|
|t:|1776085429
|switch|p2a: Zamazenta|Zamazenta|100/100
|-ability|p2a: Zamazenta|Dauntless Shield|boost
|-boost|p2a: Zamazenta|def|1
|turn|7
|
|t:|1776085437
|move|p2a: Zamazenta|Iron Defense|p2a: Zamazenta
|-boost|p2a: Zamazenta|def|2
|move|p1a: Homelandor|U-turn|p2a: Zamazenta
|-resisted|p2a: Zamazenta
|-damage|p2a: Zamazenta|97/100
|
|t:|1776085441
|switch|p1a: Chillionaire|Slowking-Galar, M, shiny|100/100|[from] U-turn
|
|-heal|p2a: Zamazenta|100/100|[from] item: Leftovers
|upkeep
|turn|8
|
|t:|1776085444
|move|p2a: Zamazenta|Substitute|p2a: Zamazenta
|-start|p2a: Zamazenta|Substitute
|-damage|p2a: Zamazenta|75/100
|move|p1a: Chillionaire|Thunder Wave||[still]
|-fail|p1a: Chillionaire
|
|-heal|p2a: Zamazenta|82/100|[from] item: Leftovers
|upkeep
|turn|9
|
|t:|1776085449
|move|p2a: Zamazenta|Crunch|p1a: Chillionaire
|-supereffective|p1a: Chillionaire
|-damage|p1a: Chillionaire|59/100
|move|p1a: Chillionaire|Psychic Noise|p2a: Zamazenta
|-supereffective|p2a: Zamazenta
|-damage|p2a: Zamazenta|30/100
|-start|p2a: Zamazenta|move: Heal Block
|
|upkeep
|turn|10
|
|t:|1776085454
|move|p2a: Zamazenta|Crunch|p1a: Chillionaire
|-supereffective|p1a: Chillionaire
|-damage|p1a: Chillionaire|17/100
|-unboost|p1a: Chillionaire|def|1
|move|p1a: Chillionaire|Sludge Bomb|p2a: Zamazenta
|-end|p2a: Zamazenta|Substitute
|
|-end|p2a: Zamazenta|move: Heal Block
|upkeep
|turn|11
|
|t:|1776085457
|switch|p1a: Homelandor|Landorus-Therian, M, shiny, tera:Water|29/100
|-ability|p1a: Homelandor|Intimidate|boost
|-unboost|p2a: Zamazenta|atk|1
|move|p2a: Zamazenta|Body Press|p1a: Homelandor
|-damage|p1a: Homelandor|0 fnt
|-damage|p2a: Zamazenta|13/100|[from] item: Rocky Helmet|[of] p1a: Homelandor
|faint|p1a: Homelandor
|
|-heal|p2a: Zamazenta|19/100|[from] item: Leftovers
|upkeep
|
|t:|1776085467
|switch|p1a: WALL-Y|Iron Valiant|100/100
|-enditem|p1a: WALL-Y|Booster Energy
|-activate|p1a: WALL-Y|ability: Quark Drive|[fromitem]
|-start|p1a: WALL-Y|quarkdrivespe
|turn|12
|
|t:|1776085470
|move|p1a: WALL-Y|Shadow Ball|p2a: Zamazenta
|-damage|p2a: Zamazenta|0 fnt
|faint|p2a: Zamazenta
|
|upkeep
|
|t:|1776085471
|switch|p2a: Dragonite|Dragonite, M|100/100
|turn|13
|
|t:|1776085476
|move|p1a: WALL-Y|Moonblast|p2a: Dragonite
|-supereffective|p2a: Dragonite
|-damage|p2a: Dragonite|50/100
|move|p2a: Dragonite|Earthquake|p1a: WALL-Y
|-damage|p1a: WALL-Y|53/100
|
|upkeep
|turn|14
|
|t:|1776085481
|move|p2a: Dragonite|Extreme Speed|p1a: WALL-Y
|-damage|p1a: WALL-Y|11/100
|move|p1a: WALL-Y|Moonblast|p2a: Dragonite
|-supereffective|p2a: Dragonite
|-damage|p2a: Dragonite|0 fnt
|faint|p2a: Dragonite
|
|upkeep
|
|t:|1776085483
|switch|p2a: Corviknight|Corviknight, M|100/100
|turn|15
|
|t:|1776085486
|move|p1a: WALL-Y|Shadow Ball|p2a: Corviknight
|-damage|p2a: Corviknight|80/100
|-ability|p2a: Corviknight|Mirror Armor
|-unboost|p1a: WALL-Y|spd|1
|move|p2a: Corviknight|Agility|p2a: Corviknight
|-boost|p2a: Corviknight|spe|2
|
|-heal|p2a: Corviknight|86/100|[from] item: Leftovers
|upkeep
|turn|16
|
|t:|1776085495
|-end|p1a: WALL-Y|Quark Drive|[silent]
|switch|p1a: Chillionaire|Slowking-Galar, M, shiny|50/100
|move|p2a: Corviknight|Bulk Up|p2a: Corviknight
|-boost|p2a: Corviknight|atk|1
|-boost|p2a: Corviknight|def|1
|
|-heal|p2a: Corviknight|92/100|[from] item: Leftovers
|upkeep
|turn|17
|
|t:|1776085499
|move|p2a: Corviknight|Power Trip|p1a: Chillionaire
|-supereffective|p1a: Chillionaire
|-damage|p1a: Chillionaire|0 fnt
|faint|p1a: Chillionaire
|
|-heal|p2a: Corviknight|98/100|[from] item: Leftovers
|upkeep
|
|t:|1776085504
|switch|p1a: Kristine|Cinderace, F, shiny|100/100
|turn|18
|
|t:|1776085510
|-terastallize|p2a: Corviknight|Fairy
|move|p2a: Corviknight|Bulk Up|p2a: Corviknight
|-boost|p2a: Corviknight|atk|1
|-boost|p2a: Corviknight|def|1
|move|p1a: Kristine|Will-O-Wisp|p2a: Corviknight
|-status|p2a: Corviknight|brn
|
|-heal|p2a: Corviknight|100/100 brn|[from] item: Leftovers
|-damage|p2a: Corviknight|94/100 brn|[from] brn
|upkeep
|turn|19
|
|t:|1776085515
|move|p2a: Corviknight|Bulk Up|p2a: Corviknight
|-boost|p2a: Corviknight|atk|1
|-boost|p2a: Corviknight|def|1
|move|p1a: Kristine|Pyro Ball|p2a: Corviknight|[miss]
|-miss|p1a: Kristine|p2a: Corviknight
|
|-heal|p2a: Corviknight|100/100 brn|[from] item: Leftovers
|-damage|p2a: Corviknight|94/100 brn|[from] brn
|upkeep
|turn|20
|
|t:|1776085523
|move|p2a: Corviknight|Bulk Up|p2a: Corviknight
|-boost|p2a: Corviknight|atk|1
|-boost|p2a: Corviknight|def|1
|move|p1a: Kristine|Pyro Ball|p2a: Corviknight
|-damage|p2a: Corviknight|82/100 brn
|
|-heal|p2a: Corviknight|88/100 brn|[from] item: Leftovers
|-damage|p2a: Corviknight|82/100 brn|[from] brn
|upkeep
|turn|21
|
|t:|1776085527
|move|p2a: Corviknight|Bulk Up|p2a: Corviknight
|-boost|p2a: Corviknight|atk|1
|-boost|p2a: Corviknight|def|1
|move|p1a: Kristine|Pyro Ball|p2a: Corviknight
|-damage|p2a: Corviknight|70/100 brn
|
|-heal|p2a: Corviknight|76/100 brn|[from] item: Leftovers
|-damage|p2a: Corviknight|70/100 brn|[from] brn
|upkeep
|turn|22
|
|t:|1776085529
|move|p2a: Corviknight|Bulk Up|p2a: Corviknight
|-boost|p2a: Corviknight|atk|1
|-boost|p2a: Corviknight|def|1
|move|p1a: Kristine|Pyro Ball|p2a: Corviknight
|-damage|p2a: Corviknight|60/100 brn
|
|-heal|p2a: Corviknight|67/100 brn|[from] item: Leftovers
|-damage|p2a: Corviknight|60/100 brn|[from] brn
|upkeep
|turn|23
|
|t:|1776085531
|move|p2a: Corviknight|Roost|p2a: Corviknight
|-heal|p2a: Corviknight|100/100 brn
|move|p1a: Kristine|Pyro Ball|p2a: Corviknight|[miss]
|-miss|p1a: Kristine|p2a: Corviknight
|
|-damage|p2a: Corviknight|94/100 brn|[from] brn
|upkeep
|turn|24
|
|t:|1776085536
|switch|p1a: Mr. Freeze|Kyurem, shiny|42/100
|-ability|p1a: Mr. Freeze|Pressure
|move|p2a: Corviknight|Agility|p2a: Corviknight
|-boost|p2a: Corviknight|spe|2
|
|-heal|p2a: Corviknight|100/100 brn|[from] item: Leftovers
|-heal|p1a: Mr. Freeze|48/100|[from] item: Leftovers
|-damage|p2a: Corviknight|94/100 brn|[from] brn
|upkeep
|turn|25
|
|t:|1776085539
|move|p2a: Corviknight|Power Trip|p1a: Mr. Freeze
|-damage|p1a: Mr. Freeze|0 fnt
|faint|p1a: Mr. Freeze
|
|-heal|p2a: Corviknight|100/100 brn|[from] item: Leftovers
|-damage|p2a: Corviknight|94/100 brn|[from] brn
|upkeep
|
|t:|1776085541
|switch|p1a: Daenerys|Kingambit, F|100/100
|-activate|p1a: Daenerys|ability: Supreme Overlord
|-start|p1a: Daenerys|fallen3|[silent]
|turn|26
|
|t:|1776085543
|move|p2a: Corviknight|Power Trip|p1a: Daenerys
|-resisted|p1a: Daenerys
|-crit|p1a: Daenerys
|-damage|p1a: Daenerys|15/100
|move|p1a: Daenerys|Iron Head|p2a: Corviknight
|-supereffective|p2a: Corviknight
|-damage|p2a: Corviknight|70/100 brn
|
|-heal|p2a: Corviknight|76/100 brn|[from] item: Leftovers
|-heal|p1a: Daenerys|21/100|[from] item: Leftovers
|-damage|p2a: Corviknight|70/100 brn|[from] brn
|upkeep
|turn|27
|
|t:|1776085549
|move|p2a: Corviknight|Power Trip|p1a: Daenerys
|-resisted|p1a: Daenerys
|-damage|p1a: Daenerys|0 fnt
|faint|p1a: Daenerys
|-end|p1a: Daenerys|fallen3|[silent]
|
|-heal|p2a: Corviknight|76/100 brn|[from] item: Leftovers
|-damage|p2a: Corviknight|70/100 brn|[from] brn
|upkeep
|-message|nicboi27 forfeited.
|
|win|hypervortex7
|raw|nicboi27's rating: 1670 &rarr; <strong>1658</strong><br />(-12 for losing)
|raw|hypervortex7's rating: 1827 &rarr; <strong>1839</strong><br />(+12 for winning)
|l|☆nicboi27
|player|p1|
|l|☆hypervortex7
|player|p2|
