|html|<div class="broadcast-blue"><strong>[Gen 9] OU is currently suspecting Volcarona! For information on how to participate check out the <a href="https://www.smogon.com/tools/suspects/view/208">suspect thread</a>.</strong></div>
|j|☆NhoqueYT
|j|☆pagenot.foundd
|t:|1778517673
|gametype|singles
|player|p1|NhoqueYT|boarder|1087
|player|p2|pagenot.foundd|170|1080
|gen|9
|tier|[Gen 9] OU
|rated|
|rule|HP Percentage Mod: HP is shown in percentages
|rule|Endless Battle Clause: Forcing endless battles is banned
|rule|Species Clause: Limit one of each Pokémon
|rule|OHKO Clause: OHKO moves are banned
|rule|Evasion Items Clause: Evasion items are banned
|rule|Evasion Moves Clause: Evasion moves are banned
|rule|Evasion Abilities Clause: Evasion abilities are banned
|rule|Sleep Moves Clause: Sleep-inducing moves are banned
|clearpoke
|poke|p1|Charizard, M|
|poke|p1|Garchomp, M|
|poke|p1|Greninja-*, M|
|poke|p1|Ribombee, M|
|poke|p1|Metagross|
|poke|p1|Gengar, M|
|poke|p2|Rhyperior, F|
|poke|p2|Copperajah, F|
|poke|p2|Mandibuzz, F|
|poke|p2|Crawdaunt, F|
|poke|p2|Sawsbuck-Autumn, F|
|poke|p2|Persian, F|
|teampreview
|inactive|Battle timer is ON: inactive players will automatically lose when time's up. (requested by NhoqueYT)
|
|t:|1778517685
|teamsize|p1|6
|teamsize|p2|6
|start
|switch|p1a: Ribombee|Ribombee, M, shiny|100/100
|switch|p2a: Rhyperior|Rhyperior, F|100/100
|turn|1
|
|t:|1778517696
|move|p1a: Ribombee|Sticky Web|p2a: Rhyperior
|-sidestart|p2: pagenot.foundd|move: Sticky Web
|move|p2a: Rhyperior|Swords Dance|p2a: Rhyperior
|-boost|p2a: Rhyperior|atk|2
|
|upkeep
|turn|2
|
|t:|1778517703
|switch|p1a: Greninja|Greninja, M|100/100
|move|p2a: Rhyperior|Megahorn|p1a: Greninja
|-supereffective|p1a: Greninja
|-damage|p1a: Greninja|0 fnt
|faint|p1a: Greninja
|
|upkeep
|
|t:|1778517713
|switch|p1a: Gengar|Gengar, M|100/100
|turn|3
|
|t:|1778517719
|move|p1a: Gengar|Focus Blast|p2a: Rhyperior|[miss]
|-miss|p1a: Gengar|p2a: Rhyperior
|move|p2a: Rhyperior|Megahorn|p1a: Gengar
|-resisted|p1a: Gengar
|-damage|p1a: Gengar|59/100
|
|upkeep
|turn|4
|
|t:|1778517726
|move|p1a: Gengar|Focus Blast|p2a: Rhyperior
|-supereffective|p2a: Rhyperior
|-damage|p2a: Rhyperior|18/100
|-unboost|p2a: Rhyperior|spd|1
|move|p2a: Rhyperior|Earthquake|p1a: Gengar
|-supereffective|p1a: Gengar
|-damage|p1a: Gengar|0 fnt
|faint|p1a: Gengar
|
|-heal|p2a: Rhyperior|24/100|[from] item: Leftovers
|upkeep
|
|t:|1778517738
|switch|p1a: Ribombee|Ribombee, M, shiny|100/100
|turn|5
|
|t:|1778517745
|move|p1a: Ribombee|Moonblast|p2a: Rhyperior
|-damage|p2a: Rhyperior|0 fnt
|faint|p2a: Rhyperior
|
|upkeep
|
|t:|1778517755
|switch|p2a: Mandibuzz|Mandibuzz, F|100/100
|turn|6
|
|t:|1778517765
|move|p1a: Ribombee|Moonblast|p2a: Mandibuzz
|-supereffective|p2a: Mandibuzz
|-damage|p2a: Mandibuzz|35/100
|-unboost|p2a: Mandibuzz|spa|1
|move|p2a: Mandibuzz|Tailwind|p2a: Mandibuzz
|-sidestart|p2: pagenot.foundd|move: Tailwind
|
|upkeep
|turn|7
|
|t:|1778517775
|move|p2a: Mandibuzz|Toxic|p1a: Ribombee
|-status|p1a: Ribombee|tox
|move|p1a: Ribombee|Moonblast|p2a: Mandibuzz
|-supereffective|p2a: Mandibuzz
|-damage|p2a: Mandibuzz|0 fnt
|faint|p2a: Mandibuzz
|
|-damage|p1a: Ribombee|94/100 tox|[from] psn
|upkeep
|
|t:|1778517796
|switch|p2a: Crawdaunt|Crawdaunt, F|100/100
|-activate|p2a: Crawdaunt|move: Sticky Web
|-unboost|p2a: Crawdaunt|spe|1
|turn|8
|
|t:|1778517820
|move|p1a: Ribombee|Quiver Dance|p1a: Ribombee
|-boost|p1a: Ribombee|spa|1
|-boost|p1a: Ribombee|spd|1
|-boost|p1a: Ribombee|spe|1
|move|p2a: Crawdaunt|Swords Dance|p2a: Crawdaunt
|-boost|p2a: Crawdaunt|atk|2
|
|-damage|p1a: Ribombee|82/100 tox|[from] psn
|upkeep
|turn|9
|
|t:|1778517842
|move|p1a: Ribombee|Moonblast|p2a: Crawdaunt
|-supereffective|p2a: Crawdaunt
|-damage|p2a: Crawdaunt|0 fnt
|faint|p2a: Crawdaunt
|
|-damage|p1a: Ribombee|64/100 tox|[from] psn
|-sideend|p2: pagenot.foundd|move: Tailwind
|upkeep
|inactive|pagenot.foundd has 120 seconds left.
|
|t:|1778517853
|switch|p2a: Copperajah|Copperajah, F, shiny|100/100
|-activate|p2a: Copperajah|move: Sticky Web
|-unboost|p2a: Copperajah|spe|1
|turn|10
|inactive|pagenot.foundd has 120 seconds left.
|
|t:|1778517871
|move|p2a: Copperajah|Protect|p2a: Copperajah
|-singleturn|p2a: Copperajah|Protect
|move|p1a: Ribombee|Stun Spore|p2a: Copperajah
|-activate|p2a: Copperajah|move: Protect
|
|-damage|p1a: Ribombee|39/100 tox|[from] psn
|upkeep
|turn|11
|inactive|pagenot.foundd has 120 seconds left.
|
|t:|1778517889
|switch|p2a: Persian|Persian, F|100/100
|-activate|p2a: Persian|move: Sticky Web
|-unboost|p2a: Persian|spe|1
|move|p1a: Ribombee|Moonblast|p2a: Persian
|-damage|p2a: Persian|0 fnt
|faint|p2a: Persian
|
|-damage|p1a: Ribombee|9/100 tox|[from] psn
|upkeep
|
|t:|1778517899
|switch|p2a: Copperajah|Copperajah, F, shiny|100/100
|-activate|p2a: Copperajah|move: Sticky Web
|-unboost|p2a: Copperajah|spe|1
|turn|12
|
|t:|1778517906
|switch|p1a: Charizard|Charizard, M, shiny|100/100
|move|p2a: Copperajah|Protect||[still]
|-fail|p2a: Copperajah
|
|upkeep
|turn|13
|inactive|pagenot.foundd has 120 seconds left.
|
|t:|1778517915
|move|p1a: Charizard|Focus Blast|p2a: Copperajah
|-supereffective|p2a: Copperajah
|-damage|p2a: Copperajah|24/100
|move|p2a: Copperajah|Body Slam|p1a: Charizard
|-damage|p1a: Charizard|40/100
|
|-heal|p2a: Copperajah|30/100|[from] item: Leftovers
|upkeep
|turn|14
|
|t:|1778517924
|move|p2a: Copperajah|Protect|p2a: Copperajah
|-singleturn|p2a: Copperajah|Protect
|move|p1a: Charizard|Flamethrower|p2a: Copperajah
|-activate|p2a: Copperajah|move: Protect
|
|-heal|p2a: Copperajah|36/100|[from] item: Leftovers
|upkeep
|turn|15
|
|t:|1778517935
|move|p1a: Charizard|Flamethrower|p2a: Copperajah
|-supereffective|p2a: Copperajah
|-damage|p2a: Copperajah|0 fnt
|faint|p2a: Copperajah
|
|upkeep
|
|t:|1778517940
|switch|p2a: Sawsbuck|Sawsbuck-Autumn, F|100/100
|-activate|p2a: Sawsbuck|move: Sticky Web
|-unboost|p2a: Sawsbuck|spe|1
|turn|16
|c|☆NhoqueYT|GG
|inactive|pagenot.foundd has 120 seconds left.
|
|t:|1778517961
|move|p1a: Charizard|Focus Blast|p2a: Sawsbuck|[miss]
|-miss|p1a: Charizard|p2a: Sawsbuck
|move|p2a: Sawsbuck|Double-Edge|p1a: Charizard
|-damage|p1a: Charizard|0 fnt
|faint|p1a: Charizard
|-damage|p2a: Sawsbuck|88/100|[from] Recoil
|
|upkeep
|
|t:|1778517963
|switch|p1a: Garchomp|Garchomp, M|100/100
|turn|17
|inactive|pagenot.foundd has 120 seconds left.
|
|t:|1778517979
|-terastallize|p2a: Sawsbuck|Normal
|move|p1a: Garchomp|Swords Dance|p1a: Garchomp
|-boost|p1a: Garchomp|atk|2
|move|p2a: Sawsbuck|Double-Edge|p1a: Garchomp
|-damage|p1a: Garchomp|31/100
|-damage|p2a: Sawsbuck|75/100|[from] ability: Rough Skin|[of] p1a: Garchomp
|-damage|p2a: Sawsbuck|48/100|[from] Recoil
|
|upkeep
|turn|18
|
|t:|1778517988
|move|p1a: Garchomp|Scale Shot|p2a: Sawsbuck|[miss]
|-miss|p1a: Garchomp|p2a: Sawsbuck
|move|p2a: Sawsbuck|Double-Edge|p1a: Garchomp
|-damage|p1a: Garchomp|0 fnt
|-damage|p2a: Sawsbuck|36/100|[from] ability: Rough Skin|[of] p1a: Garchomp
|faint|p1a: Garchomp
|-damage|p2a: Sawsbuck|24/100|[from] Recoil
|
|upkeep
|
|t:|1778517991
|switch|p1a: Metagross|Metagross, shiny|100/100
|turn|19
|
|t:|1778518000
|-terastallize|p1a: Metagross|Steel
|move|p1a: Metagross|Earthquake|p2a: Sawsbuck
|-damage|p2a: Sawsbuck|0 fnt
|faint|p2a: Sawsbuck
|
|win|NhoqueYT
|raw|NhoqueYT's rating: 1087 &rarr; <strong>1113</strong><br />(+26 for winning)
|raw|pagenot.foundd's rating: 1080 &rarr; <strong>1058</strong><br />(-22 for losing)
|l|☆pagenot.foundd
|player|p2|
|c|☆NhoqueYT|GG
|l|☆NhoqueYT
|player|p1|
