|html|<div class="broadcast-blue"><strong>[Gen 9] OU is currently suspecting Tera Blast! For information on how to participate check out the <a href="https://www.smogon.com/tools/suspects/view/200">suspect thread</a>.</strong></div>
|j|☆GauMongTo
|j|☆pepinoloko
|t:|1776085721
|gametype|singles
|player|p1|GauMongTo|2|1766
|player|p2|pepinoloko|byron|1716
|gen|9
|tier|[Gen 9] OU
|rated|
|rule|HP Percentage Mod: HP is shown in percentages
|rule|Endless Battle Clause: Forcing endless battles is banned
|rule|Species Clause: Limit one of each Pokémon
|rule|OHKO Clause: OHKO moves are banned
|rule|Evasion Items Clause: Evasion items are banned
|rule|Evasion Moves Clause: Evasion moves are banned
|rule|Evasion Abilities Clause: Evasion abilities are banned
|rule|Sleep Moves Clause: Sleep-inducing moves are banned
|clearpoke
|poke|p1|Dragonite, M|
|poke|p1|Hatterene, F|
|poke|p1|Weavile, F|
|poke|p1|Ogerpon-Wellspring, F|
|poke|p1|Kingambit, M|
|poke|p1|Great Tusk|
|poke|p2|Salazzle, F|
|poke|p2|Zoroark-Hisui, F|
|poke|p2|Iron Treads|
|poke|p2|Lokix, M|
|poke|p2|Primarina, M|
|poke|p2|Hydrapple, F|
|teampreview
|j| ohko_smeargle
|
|t:|1776085751
|teamsize|p1|6
|teamsize|p2|6
|start
|switch|p1a: Hello .RAW-Z|Weavile, F|100/100
|switch|p2a: Repent|Lokix, M|100/100
|turn|1
|inactive|Battle timer is ON: inactive players will automatically lose when time's up. (requested by pepinoloko)
|
|t:|1776085763
|switch|p1a: Vent de l'est|Hatterene, F|100/100
|move|p2a: Repent|Leech Life|p1a: Vent de l'est
|-damage|p1a: Vent de l'est|56/100
|-damage|p2a: Repent|84/100|[from] item: Rocky Helmet|[of] p1a: Vent de l'est
|-damage|p2a: Repent|74/100|[from] item: Life Orb
|
|upkeep
|turn|2
|
|t:|1776085770
|switch|p2a: Jesus is the way|Iron Treads|100/100
|move|p1a: Vent de l'est|Draining Kiss|p2a: Jesus is the way
|-resisted|p2a: Jesus is the way
|-damage|p2a: Jesus is the way|88/100
|-heal|p1a: Vent de l'est|67/100|[from] drain|[of] p2a: Jesus is the way
|
|-heal|p2a: Jesus is the way|94/100|[from] item: Leftovers
|upkeep
|turn|3
|
|t:|1776085773
|switch|p1a: Z-machine|Great Tusk|100/100
|move|p2a: Jesus is the way|Earthquake|p1a: Z-machine
|-damage|p1a: Z-machine|68/100
|
|-heal|p2a: Jesus is the way|99/100|[from] item: Leftovers
|upkeep
|turn|4
|
|t:|1776085781
|-end|p2a: Jesus is the way|Quark Drive|[silent]
|switch|p2a: He loves you|Hydrapple, F|100/100
|move|p1a: Z-machine|Headlong Rush|p2a: He loves you
|-resisted|p2a: He loves you
|-damage|p2a: He loves you|83/100
|-unboost|p1a: Z-machine|def|1
|-unboost|p1a: Z-machine|spd|1
|-damage|p1a: Z-machine|51/100|[from] item: Rocky Helmet|[of] p2a: He loves you
|
|upkeep
|turn|5
|
|t:|1776085790
|move|p1a: Z-machine|Ice Spinner|p2a: He loves you
|-supereffective|p2a: He loves you
|-damage|p2a: He loves you|17/100
|-damage|p1a: Z-machine|35/100|[from] item: Rocky Helmet|[of] p2a: He loves you
|move|p2a: He loves you|Giga Drain|p1a: Z-machine
|-supereffective|p1a: Z-machine
|-damage|p1a: Z-machine|0 fnt
|-heal|p2a: He loves you|32/100|[from] drain|[of] p1a: Z-machine
|faint|p1a: Z-machine
|-end|p1a: Z-machine|Protosynthesis|[silent]
|
|upkeep
|
|t:|1776085793
|switch|p1a: Hello .RAW-Z|Weavile, F|100/100
|turn|6
|
|t:|1776085802
|switch|p1a: Maladresse|Ogerpon-Wellspring, F|100/100
|move|p2a: He loves you|Giga Drain|p1a: Maladresse
|-damage|p1a: Maladresse|66/100
|-heal|p2a: He loves you|45/100|[from] drain|[of] p1a: Maladresse
|
|upkeep
|turn|7
|
|t:|1776085806
|move|p1a: Maladresse|Swords Dance|p1a: Maladresse
|-boost|p1a: Maladresse|atk|2
|move|p2a: He loves you|Giga Drain|p1a: Maladresse
|-damage|p1a: Maladresse|29/100
|-heal|p2a: He loves you|58/100|[from] drain|[of] p1a: Maladresse
|
|upkeep
|turn|8
|
|t:|1776085810
|move|p1a: Maladresse|Play Rough|p2a: He loves you
|-supereffective|p2a: He loves you
|-damage|p2a: He loves you|0 fnt
|-damage|p1a: Maladresse|13/100|[from] item: Rocky Helmet|[of] p2a: He loves you
|faint|p2a: He loves you
|
|upkeep
|
|t:|1776085814
|switch|p2a: Forgive|Salazzle, F|100/100
|turn|9
|
|t:|1776085820
|switch|p1a: Swish|Dragonite, M|100/100
|move|p2a: Forgive|Hyper Voice|p1a: Swish
|-damage|p1a: Swish|66/100
|
|-heal|p1a: Swish|73/100|[from] item: Leftovers
|upkeep
|turn|10
|
|t:|1776085828
|move|p2a: Forgive|Hyper Voice|p1a: Swish
|-damage|p1a: Swish|0 fnt
|faint|p1a: Swish
|
|upkeep
|
|t:|1776085831
|switch|p1a: PrinceDeSangMêlé|Kingambit, M|100/100
|-activate|p1a: PrinceDeSangMêlé|ability: Supreme Overlord
|-start|p1a: PrinceDeSangMêlé|fallen2|[silent]
|turn|11
|
|t:|1776085835
|switch|p2a: Forgive|Salazzle, F|100/100
|move|p1a: PrinceDeSangMêlé|Kowtow Cleave|p2a: Forgive
|-damage|p2a: Forgive|13/100
|
|-heal|p2a: Forgive|20/100|[from] item: Leftovers
|upkeep
|turn|12
|
|t:|1776085840
|move|p2a: Forgive|Toxic|p1a: PrinceDeSangMêlé
|-status|p1a: PrinceDeSangMêlé|tox
|move|p1a: PrinceDeSangMêlé|Kowtow Cleave|p2a: Forgive
|-damage|p2a: Forgive|0 fnt
|faint|p2a: Forgive
|
|-damage|p1a: PrinceDeSangMêlé|94/100 tox|[from] psn
|upkeep
|
|t:|1776085847
|switch|p2a: Jesus is the way|Iron Treads|99/100
|turn|13
|
|t:|1776085849
|move|p2a: Jesus is the way|Stealth Rock|p1a: PrinceDeSangMêlé
|-sidestart|p1: GauMongTo|move: Stealth Rock
|move|p1a: PrinceDeSangMêlé|Kowtow Cleave|p2a: Jesus is the way
|-damage|p2a: Jesus is the way|48/100
|
|-heal|p2a: Jesus is the way|54/100|[from] item: Leftovers
|-damage|p1a: PrinceDeSangMêlé|82/100 tox|[from] psn
|upkeep
|turn|14
|
|t:|1776085856
|move|p2a: Jesus is the way|Earthquake|p1a: PrinceDeSangMêlé
|-supereffective|p1a: PrinceDeSangMêlé
|-damage|p1a: PrinceDeSangMêlé|13/100 tox
|move|p1a: PrinceDeSangMêlé|Kowtow Cleave|p2a: Jesus is the way
|-damage|p2a: Jesus is the way|5/100
|
|-heal|p2a: Jesus is the way|11/100|[from] item: Leftovers
|-damage|p1a: PrinceDeSangMêlé|0 fnt|[from] psn
|faint|p1a: PrinceDeSangMêlé
|-end|p1a: PrinceDeSangMêlé|fallen2|[silent]
|upkeep
|
|t:|1776085863
|switch|p1a: Hello .RAW-Z|Weavile, F|100/100
|-damage|p1a: Hello .RAW-Z|76/100|[from] Stealth Rock
|turn|15
|
|t:|1776085868
|move|p1a: Hello .RAW-Z|Icicle Crash|p2a: Jesus is the way
|-damage|p2a: Jesus is the way|0 fnt
|faint|p2a: Jesus is the way
|-end|p2a: Jesus is the way|Quark Drive|[silent]
|
|upkeep
|
|t:|1776085872
|switch|p2a: Repent|Lokix, M|74/100
|turn|16
|
|t:|1776085876
|-terastallize|p1a: Hello .RAW-Z|Ghost
|move|p2a: Repent|First Impression|p1a: Hello .RAW-Z
|-resisted|p1a: Hello .RAW-Z
|-damage|p1a: Hello .RAW-Z|0 fnt
|faint|p1a: Hello .RAW-Z
|-damage|p2a: Repent|64/100|[from] item: Life Orb
|
|upkeep
|-message|GauMongTo forfeited.
|
|win|pepinoloko
|raw|GauMongTo's rating: 1766 &rarr; <strong>1743</strong><br />(-23 for losing)
|raw|pepinoloko's rating: 1716 &rarr; <strong>1739</strong><br />(+23 for winning)
|l|☆GauMongTo
|player|p1|
|l| ohko_smeargle
|l|☆pepinoloko
|player|p2|
