|html|<div class="broadcast-blue"><strong>[Gen 9] OU is currently suspecting Tera Blast! For information on how to participate check out the <a href="https://www.smogon.com/tools/suspects/view/200">suspect thread</a>.</strong></div>
|j|☆t7pu
|j|☆ttcr
|t:|1776057902
|gametype|singles
|player|p1|t7pu|1|1257
|player|p2|ttcr|elesa|1187
|gen|9
|tier|[Gen 9] OU
|rated|
|rule|HP Percentage Mod: HP is shown in percentages
|rule|Endless Battle Clause: Forcing endless battles is banned
|rule|Species Clause: Limit one of each Pokémon
|rule|OHKO Clause: OHKO moves are banned
|rule|Evasion Items Clause: Evasion items are banned
|rule|Evasion Moves Clause: Evasion moves are banned
|rule|Evasion Abilities Clause: Evasion abilities are banned
|rule|Sleep Moves Clause: Sleep-inducing moves are banned
|clearpoke
|poke|p1|Ninetales-Alola, F|
|poke|p1|Kyurem|
|poke|p1|Rillaboom, F|
|poke|p1|Manaphy|
|poke|p1|Iron Moth|
|poke|p1|Great Tusk|
|poke|p2|Torkoal, M|
|poke|p2|Raging Bolt|
|poke|p2|Slither Wing|
|poke|p2|Venusaur, F|
|poke|p2|Walking Wake|
|poke|p2|Ting-Lu|
|teampreview
|inactive|Battle timer is ON: inactive players will automatically lose when time's up. (requested by ttcr)
|
|t:|1776057906
|teamsize|p1|6
|teamsize|p2|6
|start
|switch|p1a: Great Tusk|Great Tusk|100/100
|switch|p2a: Torkoal|Torkoal, M|100/100
|-weather|SunnyDay|[from] ability: Drought|[of] p2a: Torkoal
|-activate|p1a: Great Tusk|ability: Protosynthesis
|-start|p1a: Great Tusk|protosynthesisspe
|turn|1
|
|t:|1776057916
|switch|p2a: Ting-Lu|Ting-Lu|100/100
|-ability|p2a: Ting-Lu|Vessel of Ruin
|move|p1a: Great Tusk|Headlong Rush|p2a: Ting-Lu
|-damage|p2a: Ting-Lu|72/100
|-unboost|p1a: Great Tusk|def|1
|-unboost|p1a: Great Tusk|spd|1
|
|-weather|SunnyDay|[upkeep]
|-heal|p2a: Ting-Lu|79/100|[from] item: Leftovers
|upkeep
|turn|2
|
|t:|1776057926
|move|p1a: Great Tusk|Stealth Rock|p2a: Ting-Lu
|-sidestart|p2: ttcr|move: Stealth Rock
|move|p2a: Ting-Lu|Ruination|p1a: Great Tusk
|-damage|p1a: Great Tusk|50/100
|
|-weather|SunnyDay|[upkeep]
|-heal|p2a: Ting-Lu|85/100|[from] item: Leftovers
|upkeep
|turn|3
|
|t:|1776057934
|move|p1a: Great Tusk|Ice Spinner|p2a: Ting-Lu
|-supereffective|p2a: Ting-Lu
|-damage|p2a: Ting-Lu|58/100
|move|p2a: Ting-Lu|Earthquake|p1a: Great Tusk
|-damage|p1a: Great Tusk|15/100
|
|-weather|SunnyDay|[upkeep]
|-heal|p2a: Ting-Lu|64/100|[from] item: Leftovers
|upkeep
|turn|4
|
|t:|1776057949
|-end|p1a: Great Tusk|Protosynthesis|[silent]
|switch|p1a: Manaphy|Manaphy|100/100
|move|p2a: Ting-Lu|Earthquake|p1a: Manaphy
|-damage|p1a: Manaphy|77/100
|
|-weather|SunnyDay|[upkeep]
|-heal|p2a: Ting-Lu|70/100|[from] item: Leftovers
|upkeep
|turn|5
|
|t:|1776057958
|switch|p2a: Venusaur|Venusaur, F|100/100
|-damage|p2a: Venusaur|88/100|[from] Stealth Rock
|move|p1a: Manaphy|Scald|p2a: Venusaur
|-resisted|p2a: Venusaur
|-damage|p2a: Venusaur|81/100
|
|-weather|SunnyDay|[upkeep]
|upkeep
|turn|6
|
|t:|1776057971
|switch|p1a: Rillaboom|Rillaboom, F|100/100
|-fieldstart|move: Grassy Terrain|[from] ability: Grassy Surge|[of] p1a: Rillaboom
|move|p2a: Venusaur|Giga Drain|p1a: Rillaboom
|-resisted|p1a: Rillaboom
|-damage|p1a: Rillaboom|67/100
|-heal|p2a: Venusaur|100/100|[from] drain|[of] p1a: Rillaboom
|-damage|p2a: Venusaur|91/100|[from] item: Life Orb
|
|-weather|SunnyDay|[upkeep]
|-heal|p2a: Venusaur|97/100|[from] Grassy Terrain
|-heal|p1a: Rillaboom|73/100|[from] Grassy Terrain
|upkeep
|turn|7
|
|t:|1776057982
|switch|p1a: Iron Moth|Iron Moth|100/100
|-enditem|p1a: Iron Moth|Booster Energy
|-activate|p1a: Iron Moth|ability: Quark Drive|[fromitem]
|-start|p1a: Iron Moth|quarkdrivespe
|move|p2a: Venusaur|Sludge Bomb|p1a: Iron Moth
|-resisted|p1a: Iron Moth
|-damage|p1a: Iron Moth|73/100
|-damage|p2a: Venusaur|87/100|[from] item: Life Orb
|
|-weather|SunnyDay|[upkeep]
|-heal|p2a: Venusaur|93/100|[from] Grassy Terrain
|-heal|p1a: Iron Moth|79/100|[from] Grassy Terrain
|upkeep
|turn|8
|
|t:|1776057996
|switch|p2a: Ting-Lu|Ting-Lu|70/100
|-damage|p2a: Ting-Lu|64/100|[from] Stealth Rock
|-ability|p2a: Ting-Lu|Vessel of Ruin
|move|p1a: Iron Moth|Fiery Dance|p2a: Ting-Lu
|-damage|p2a: Ting-Lu|37/100
|
|-weather|none
|-heal|p1a: Iron Moth|85/100|[from] Grassy Terrain
|-heal|p2a: Ting-Lu|43/100|[from] Grassy Terrain
|-heal|p2a: Ting-Lu|49/100|[from] item: Leftovers
|upkeep
|turn|9
|
|t:|1776058012
|-terastallize|p1a: Iron Moth|Fairy
|move|p1a: Iron Moth|Dazzling Gleam|p2a: Ting-Lu
|-supereffective|p2a: Ting-Lu
|-damage|p2a: Ting-Lu|16/100
|move|p2a: Ting-Lu|Earthquake|p1a: Iron Moth
|-damage|p1a: Iron Moth|60/100
|
|-heal|p1a: Iron Moth|66/100|[from] Grassy Terrain
|-heal|p2a: Ting-Lu|22/100|[from] Grassy Terrain
|-heal|p2a: Ting-Lu|29/100|[from] item: Leftovers
|upkeep
|turn|10
|
|t:|1776058023
|move|p1a: Iron Moth|Dazzling Gleam|p2a: Ting-Lu
|-supereffective|p2a: Ting-Lu
|-damage|p2a: Ting-Lu|0 fnt
|faint|p2a: Ting-Lu
|
|-heal|p1a: Iron Moth|72/100|[from] Grassy Terrain
|upkeep
|
|t:|1776058037
|switch|p2a: Torkoal|Torkoal, M|100/100
|-damage|p2a: Torkoal|75/100|[from] Stealth Rock
|-weather|SunnyDay|[from] ability: Drought|[of] p2a: Torkoal
|turn|11
|
|t:|1776058052
|switch|p2a: Venusaur|Venusaur, F|93/100
|-damage|p2a: Venusaur|80/100|[from] Stealth Rock
|move|p1a: Iron Moth|Substitute|p1a: Iron Moth
|-start|p1a: Iron Moth|Substitute
|-damage|p1a: Iron Moth|47/100
|
|-weather|SunnyDay|[upkeep]
|-heal|p2a: Venusaur|86/100|[from] Grassy Terrain
|-heal|p1a: Iron Moth|53/100|[from] Grassy Terrain
|upkeep
|turn|12
|
|t:|1776058061
|-terastallize|p2a: Venusaur|Water
|move|p2a: Venusaur|Sludge Bomb|p1a: Iron Moth
|-supereffective|p1a: Iron Moth
|-end|p1a: Iron Moth|Substitute
|-damage|p2a: Venusaur|76/100|[from] item: Life Orb
|move|p1a: Iron Moth|Fiery Dance|p2a: Venusaur
|-resisted|p2a: Venusaur
|-damage|p2a: Venusaur|42/100
|-boost|p1a: Iron Moth|spa|1
|
|-weather|SunnyDay|[upkeep]
|-heal|p2a: Venusaur|48/100|[from] Grassy Terrain
|-heal|p1a: Iron Moth|59/100|[from] Grassy Terrain
|upkeep
|turn|13
|
|t:|1776058089
|-end|p1a: Iron Moth|Quark Drive|[silent]
|switch|p1a: Manaphy|Manaphy|77/100
|move|p2a: Venusaur|Sludge Bomb|p1a: Manaphy
|-damage|p1a: Manaphy|37/100
|-status|p1a: Manaphy|psn
|-enditem|p1a: Manaphy|Sitrus Berry|[eat]
|-heal|p1a: Manaphy|62/100 psn|[from] item: Sitrus Berry
|-damage|p2a: Venusaur|38/100|[from] item: Life Orb
|
|-weather|SunnyDay|[upkeep]
|-heal|p2a: Venusaur|44/100|[from] Grassy Terrain
|-heal|p1a: Manaphy|68/100 psn|[from] Grassy Terrain
|-damage|p1a: Manaphy|55/100 psn|[from] psn
|-fieldend|move: Grassy Terrain
|upkeep
|turn|14
|
|t:|1776058101
|switch|p1a: Ninetales|Ninetales-Alola, F|100/100
|-weather|Snowscape|[from] ability: Snow Warning|[of] p1a: Ninetales
|move|p2a: Venusaur|Giga Drain|p1a: Ninetales
|-crit|p1a: Ninetales
|-damage|p1a: Ninetales|37/100
|-heal|p2a: Venusaur|81/100|[from] drain|[of] p1a: Ninetales
|-damage|p2a: Venusaur|71/100|[from] item: Life Orb
|
|-weather|Snowscape|[upkeep]
|upkeep
|turn|15
|
|t:|1776058111
|move|p1a: Ninetales|Freeze-Dry|p2a: Venusaur
|-supereffective|p2a: Venusaur
|-damage|p2a: Venusaur|29/100
|move|p2a: Venusaur|Giga Drain|p1a: Ninetales
|-damage|p1a: Ninetales|0 fnt
|-heal|p2a: Venusaur|50/100|[from] drain|[of] p1a: Ninetales
|faint|p1a: Ninetales
|-damage|p2a: Venusaur|40/100|[from] item: Life Orb
|
|-weather|Snowscape|[upkeep]
|upkeep
|
|t:|1776058117
|switch|p1a: Kyurem|Kyurem|100/100
|-ability|p1a: Kyurem|Pressure
|turn|16
|
|t:|1776058123
|switch|p2a: Slither Wing|Slither Wing|100/100
|-damage|p2a: Slither Wing|88/100|[from] Stealth Rock
|move|p1a: Kyurem|Dragon Dance|p1a: Kyurem
|-boost|p1a: Kyurem|atk|1
|-boost|p1a: Kyurem|spe|1
|
|-weather|Snowscape|[upkeep]
|upkeep
|turn|17
|inactive|t7pu has 120 seconds left.
|
|t:|1776058153
|move|p1a: Kyurem|Icicle Spear|p2a: Slither Wing
|-damage|p2a: Slither Wing|61/100
|-damage|p2a: Slither Wing|32/100
|-damage|p2a: Slither Wing|2/100
|-damage|p2a: Slither Wing|0 fnt
|faint|p2a: Slither Wing
|-end|p2a: Slither Wing|Protosynthesis|[silent]
|-hitcount|p2: Slither Wing|4
|
|-weather|Snowscape|[upkeep]
|upkeep
|
|t:|1776058162
|switch|p2a: Torkoal|Torkoal, M|75/100
|-damage|p2a: Torkoal|50/100|[from] Stealth Rock
|-weather|SunnyDay|[from] ability: Drought|[of] p2a: Torkoal
|turn|18
|
|t:|1776058167
|move|p1a: Kyurem|Scale Shot|p2a: Torkoal
|-damage|p2a: Torkoal|36/100
|-damage|p2a: Torkoal|22/100
|-damage|p2a: Torkoal|8/100
|-damage|p2a: Torkoal|0 fnt
|faint|p2a: Torkoal
|-hitcount|p2: Torkoal|4
|-unboost|p1a: Kyurem|def|1
|-boost|p1a: Kyurem|spe|1
|
|-weather|SunnyDay|[upkeep]
|upkeep
|
|t:|1776058180
|switch|p2a: Venusaur|Venusaur, F, tera:Water|40/100
|-damage|p2a: Venusaur|28/100|[from] Stealth Rock
|turn|19
|
|t:|1776058186
|move|p1a: Kyurem|Scale Shot|p2a: Venusaur
|-damage|p2a: Venusaur|0 fnt
|faint|p2a: Venusaur
|-hitcount|p2: Venusaur|1
|-unboost|p1a: Kyurem|def|1
|-boost|p1a: Kyurem|spe|1
|
|-weather|SunnyDay|[upkeep]
|upkeep
|-message|ttcr forfeited.
|
|win|t7pu
|raw|t7pu's rating: 1285 &rarr; <strong>1303</strong><br />(+18 for winning)
|raw|ttcr's rating: 1187 &rarr; <strong>1169</strong><br />(-18 for losing)
|l|☆ttcr
|player|p2|
