|j|☆RUMYMOME
|j|☆Ruler_Class
|inactive|Battle timer is ON: inactive players will automatically lose when time's up.
|t:|1776096243
|gametype|singles
|player|p1|RUMYMOME|marshal|
|player|p2|Ruler_Class|lenora|
|gen|9
|tier|[Gen 9] OU
|rated|Tournament battle
|rule|HP Percentage Mod: HP is shown in percentages
|rule|Endless Battle Clause: Forcing endless battles is banned
|rule|Species Clause: Limit one of each Pokémon
|rule|OHKO Clause: OHKO moves are banned
|rule|Evasion Items Clause: Evasion items are banned
|rule|Evasion Moves Clause: Evasion moves are banned
|rule|Evasion Abilities Clause: Evasion abilities are banned
|rule|Sleep Moves Clause: Sleep-inducing moves are banned
|rule|Blitz: Super-fast timer
|rule|Inverse Mod: Weaknesses become resistances, while resistances and immunities become weaknesses.
|raw|<div class="infobox"><details class="readmore" open><summary><strong>2 custom rules:</strong></summary> Blitz, Inverse Mod</details></div>
|clearpoke
|poke|p1|Walking Wake|
|poke|p1|Torkoal, M|
|poke|p1|Great Tusk|
|poke|p1|Torterra, M|
|poke|p1|Hatterene, F|
|poke|p1|Kingambit, M|
|poke|p2|Garchomp, F|
|poke|p2|Walking Wake|
|poke|p2|Ursaluna, M|
|poke|p2|Glimmora, F|
|poke|p2|Ogerpon-Wellspring, F|
|poke|p2|Meowscarada, F|
|teampreview
|j|*Lady Monita 
|inactive|RUMYMOME has 30 seconds left.
|
|t:|1776096256
|teamsize|p1|6
|teamsize|p2|6
|start
|switch|p1a: Torterra|Torterra, M|100/100
|switch|p2a: Glimmora|Glimmora, F|100/100
|turn|1
|inactive|RUMYMOME has 10 seconds left.
|j| sanemiSamxy
|inactive|RUMYMOME has 5 seconds left.
|
|t:|1776096268
|switch|p1a: Hatterene|Hatterene, F|100/100
|move|p2a: Glimmora|Stealth Rock|p1a: Hatterene
|move|p1a: Hatterene|Stealth Rock|p2a: Glimmora|[from] ability: Magic Bounce
|-sidestart|p2: Ruler_Class|move: Stealth Rock
|
|upkeep
|turn|2
|inactive|RUMYMOME has 10 seconds left this turn.
|
|t:|1776096273
|move|p2a: Glimmora|Sludge Bomb|p1a: Hatterene
|-resisted|p1a: Hatterene
|-damage|p1a: Hatterene|73/100
|move|p1a: Hatterene|Trick Room|p1a: Hatterene
|-fieldstart|move: Trick Room|[of] p1a: Hatterene
|
|upkeep
|turn|3
|inactive|Ruler_Class has 10 seconds left.
|
|t:|1776096279
|move|p1a: Hatterene|Misty Explosion|p2a: Glimmora
|-supereffective|p2a: Glimmora
|-damage|p2a: Glimmora|0 fnt
|faint|p1a: Hatterene
|faint|p2a: Glimmora
|
|upkeep
|
|t:|1776096284
|switch|p1a: Torkoal|Torkoal, M|100/100
|switch|p2a: Garchomp|Garchomp, F|100/100
|-weather|SunnyDay|[from] ability: Drought|[of] p1a: Torkoal
|-damage|p2a: Garchomp|76/100|[from] Stealth Rock
|turn|4
|inactive|Ruler_Class has 10 seconds left.
|
|t:|1776096292
|move|p1a: Torkoal|Eruption|p2a: Garchomp
|-supereffective|p2a: Garchomp
|-damage|p2a: Garchomp|0 fnt
|faint|p2a: Garchomp
|
|-weather|SunnyDay|[upkeep]
|upkeep
|inactive|Ruler_Class has 10 seconds left.
|
|t:|1776096297
|switch|p2a: Meowscarada|Meowscarada, F|100/100
|-damage|p2a: Meowscarada|88/100|[from] Stealth Rock
|turn|5
|inactive|RUMYMOME has 10 seconds left.
|inactive|Ruler_Class has 10 seconds left.
|
|t:|1776096304
|-terastallize|p2a: Meowscarada|Grass
|move|p1a: Torkoal|Solar Beam||[still]
|-prepare|p1a: Torkoal|Solar Beam
|-anim|p1a: Torkoal|Solar Beam|p2a: Meowscarada
|-supereffective|p2a: Meowscarada
|-damage|p2a: Meowscarada|0 fnt
|faint|p2a: Meowscarada
|
|-weather|SunnyDay|[upkeep]
|upkeep
|
|t:|1776096308
|switch|p2a: Walking Wake|Walking Wake|100/100
|-damage|p2a: Walking Wake|88/100|[from] Stealth Rock
|-activate|p2a: Walking Wake|ability: Protosynthesis
|-start|p2a: Walking Wake|protosynthesisspa
|turn|6
|inactive|RUMYMOME has 10 seconds left.
|
|t:|1776096314
|move|p1a: Torkoal|Eruption|p2a: Walking Wake
|-supereffective|p2a: Walking Wake
|-damage|p2a: Walking Wake|0 fnt
|faint|p2a: Walking Wake
|-end|p2a: Walking Wake|Protosynthesis|[silent]
|
|-weather|SunnyDay|[upkeep]
|-fieldend|move: Trick Room
|upkeep
|
|t:|1776096317
|switch|p2a: Ursaluna|Ursaluna, M|100/100
|-damage|p2a: Ursaluna|76/100|[from] Stealth Rock
|turn|7
|inactive|RUMYMOME has 10 seconds left.
|
|t:|1776096327
|move|p2a: Ursaluna|Ice Punch|p1a: Torkoal
|-supereffective|p1a: Torkoal
|-damage|p1a: Torkoal|57/100
|move|p1a: Torkoal|Fire Blast|p2a: Ursaluna
|-damage|p2a: Ursaluna|8/100
|
|-weather|SunnyDay|[upkeep]
|upkeep
|turn|8
|inactive|RUMYMOME has 10 seconds left.
|inactive|Ruler_Class has 10 seconds left.
|
|t:|1776096334
|switch|p1a: Great Tusk|Great Tusk|100/100
|-activate|p1a: Great Tusk|ability: Protosynthesis
|-start|p1a: Great Tusk|protosynthesisatk
|move|p2a: Ursaluna|Gunk Shot|p1a: Great Tusk
|-supereffective|p1a: Great Tusk
|-damage|p1a: Great Tusk|31/100
|
|-weather|SunnyDay|[upkeep]
|upkeep
|turn|9
|
|t:|1776096338
|move|p1a: Great Tusk|Rapid Spin|p2a: Ursaluna
|-damage|p2a: Ursaluna|0 fnt
|-boost|p1a: Great Tusk|spe|1
|faint|p2a: Ursaluna
|
|-weather|SunnyDay|[upkeep]
|upkeep
|
|t:|1776096341
|switch|p2a: Ogerpon|Ogerpon-Wellspring, F|100/100
|-damage|p2a: Ogerpon|88/100|[from] Stealth Rock
|turn|10
|j| Vortex-invisible
|inactive|RUMYMOME has 10 seconds left.
|
|t:|1776096347
|move|p2a: Ogerpon|Spiky Shield|p2a: Ogerpon
|-singleturn|p2a: Ogerpon|move: Protect
|move|p1a: Great Tusk|Headlong Rush|p2a: Ogerpon
|-activate|p2a: Ogerpon|move: Protect
|-damage|p1a: Great Tusk|19/100|[from] Spiky Shield|[of] p2a: Ogerpon
|
|-weather|SunnyDay|[upkeep]
|upkeep
|turn|11
|
|t:|1776096351
|move|p1a: Great Tusk|Headlong Rush|p2a: Ogerpon
|-supereffective|p2a: Ogerpon
|-damage|p2a: Ogerpon|0 fnt
|-unboost|p1a: Great Tusk|def|1
|-unboost|p1a: Great Tusk|spd|1
|faint|p2a: Ogerpon
|
|win|RUMYMOME
|n|☆RUMYMOME|rumymome
|n|☆Ruler_Class|rulerclass
|n|*Lady Monita |ladymonita
|n| sanemiSamxy|sanemisamxy
|n| Vortex-invisible|vortexinvisible
