|html|<div class="broadcast-blue"><strong>[Gen 9] OU is currently suspecting Tera Blast! For information on how to participate check out the <a href="https://www.smogon.com/tools/suspects/view/200">suspect thread</a>.</strong></div>
|j|☆FireWaterPlant
|j|☆cafecr
|t:|1776254165
|gametype|singles
|player|p1|FireWaterPlant|lucas-gen4pt|1443
|player|p2|cafecr|2|1423
|gen|9
|tier|[Gen 9] OU
|rated|
|rule|HP Percentage Mod: HP is shown in percentages
|rule|Endless Battle Clause: Forcing endless battles is banned
|rule|Species Clause: Limit one of each Pokémon
|rule|OHKO Clause: OHKO moves are banned
|rule|Evasion Items Clause: Evasion items are banned
|rule|Evasion Moves Clause: Evasion moves are banned
|rule|Evasion Abilities Clause: Evasion abilities are banned
|rule|Sleep Moves Clause: Sleep-inducing moves are banned
|clearpoke
|poke|p1|Kyurem|
|poke|p1|Cinderace, F|
|poke|p1|Iron Valiant|
|poke|p1|Kingambit, F|
|poke|p1|Zapdos|
|poke|p1|Landorus-Therian, M|
|poke|p2|Torkoal, F|
|poke|p2|Venusaur, F|
|poke|p2|Walking Wake|
|poke|p2|Hatterene, F|
|poke|p2|Great Tusk|
|poke|p2|Ceruledge, M|
|teampreview
|inactive|Battle timer is ON: inactive players will automatically lose when time's up. (requested by cafecr)
|
|t:|1776254178
|teamsize|p1|6
|teamsize|p2|6
|start
|switch|p1a: Landorus|Landorus-Therian, M|100/100
|switch|p2a: Torkoal|Torkoal, F|100/100
|-ability|p1a: Landorus|Intimidate|boost
|-unboost|p2a: Torkoal|atk|1
|-weather|SunnyDay|[from] ability: Drought|[of] p2a: Torkoal
|turn|1
|
|t:|1776254184
|switch|p2a: Hatterene|Hatterene, F, shiny|100/100
|move|p1a: Landorus|Earthquake|p2a: Hatterene
|-crit|p2a: Hatterene
|-damage|p2a: Hatterene|9/100
|-enditem|p2a: Hatterene|Eject Button
|
|t:|1776254195
|switch|p2a: Walking Wake|Walking Wake|100/100
|-activate|p2a: Walking Wake|ability: Protosynthesis
|-start|p2a: Walking Wake|protosynthesisspa
|
|-weather|SunnyDay|[upkeep]
|upkeep
|turn|2
|
|t:|1776254221
|switch|p1a: Kyurem|Kyurem|100/100
|-ability|p1a: Kyurem|Pressure
|move|p2a: Walking Wake|Flamethrower|p1a: Kyurem
|-damage|p1a: Kyurem|9/100
|
|-weather|SunnyDay|[upkeep]
|upkeep
|turn|3
|inactive|FireWaterPlant has 120 seconds left.
|
|t:|1776254256
|switch|p1a: Cinderace|Cinderace, F|100/100
|move|p2a: Walking Wake|Flamethrower|p1a: Cinderace
|-resisted|p1a: Cinderace
|-damage|p1a: Cinderace|32/100
|
|-weather|SunnyDay|[upkeep]
|upkeep
|turn|4
|
|t:|1776254266
|-end|p2a: Walking Wake|Protosynthesis|[silent]
|switch|p2a: Torkoal|Torkoal, F|100/100
|move|p1a: Cinderace|Pyro Ball|p2a: Torkoal
|-resisted|p2a: Torkoal
|-damage|p2a: Torkoal|65/100
|
|-weather|SunnyDay|[upkeep]
|upkeep
|turn|5
|
|t:|1776254278
|move|p1a: Cinderace|Gunk Shot|p2a: Torkoal
|-start|p1a: Cinderace|typechange|Poison|[from] ability: Libero
|-damage|p2a: Torkoal|16/100
|-status|p2a: Torkoal|psn
|move|p2a: Torkoal|Stealth Rock|p1a: Cinderace
|-sidestart|p1: FireWaterPlant|move: Stealth Rock
|
|-weather|SunnyDay|[upkeep]
|-damage|p2a: Torkoal|4/100 psn|[from] psn
|upkeep
|turn|6
|
|t:|1776254287
|switch|p2a: Ceruledge|Ceruledge, M|100/100
|move|p1a: Cinderace|Court Change|p1a: Cinderace
|-swapsideconditions
|-activate|p1a: Cinderace|move: Court Change
|
|-weather|SunnyDay|[upkeep]
|upkeep
|turn|7
|
|t:|1776254304
|switch|p1a: Zapdos|Zapdos|100/100
|move|p2a: Ceruledge|Swords Dance|p2a: Ceruledge
|-boost|p2a: Ceruledge|atk|2
|
|-weather|SunnyDay|[upkeep]
|upkeep
|turn|8
|
|t:|1776254319
|move|p2a: Ceruledge|Bitter Blade|p1a: Zapdos
|-damage|p1a: Zapdos|0 fnt
|faint|p1a: Zapdos
|
|-weather|none
|upkeep
|inactive|FireWaterPlant has 90 seconds left.
|
|t:|1776254354
|switch|p1a: Landorus|Landorus-Therian, M|100/100
|-ability|p1a: Landorus|Intimidate|boost
|-unboost|p2a: Ceruledge|atk|1
|turn|9
|
|t:|1776254370
|move|p1a: Landorus|Earthquake|p2a: Ceruledge
|-supereffective|p2a: Ceruledge
|-enditem|p2a: Ceruledge|Focus Sash
|-damage|p2a: Ceruledge|1/100
|-ability|p2a: Ceruledge|Weak Armor|boost
|-unboost|p2a: Ceruledge|def|1
|-boost|p2a: Ceruledge|spe|2
|move|p2a: Ceruledge|Bitter Blade|p1a: Landorus
|-damage|p1a: Landorus|15/100
|-heal|p2a: Ceruledge|48/100|[from] drain|[of] p1a: Landorus
|
|upkeep
|turn|10
|
|t:|1776254384
|move|p2a: Ceruledge|Bitter Blade|p1a: Landorus
|-damage|p1a: Landorus|0 fnt
|-heal|p2a: Ceruledge|56/100|[from] drain|[of] p1a: Landorus
|faint|p1a: Landorus
|
|upkeep
|
|t:|1776254387
|switch|p1a: Kingambit|Kingambit, F|100/100
|-activate|p1a: Kingambit|ability: Supreme Overlord
|-start|p1a: Kingambit|fallen2|[silent]
|turn|11
|inactive|FireWaterPlant has 90 seconds left.
|
|t:|1776254406
|move|p1a: Kingambit|Sucker Punch|p2a: Ceruledge
|-supereffective|p2a: Ceruledge
|-damage|p2a: Ceruledge|0 fnt
|faint|p2a: Ceruledge
|
|upkeep
|
|t:|1776254408
|switch|p2a: Don|Great Tusk, shiny|100/100
|turn|12
|inactive|FireWaterPlant has 90 seconds left.
|inactive|FireWaterPlant has 60 seconds left.
|
|t:|1776254453
|-terastallize|p1a: Kingambit|Ghost
|move|p2a: Don|Rapid Spin|p1a: Kingambit
|-immune|p1a: Kingambit
|move|p1a: Kingambit|Iron Head|p2a: Don
|-damage|p2a: Don|59/100
|
|upkeep
|turn|13
|inactive|FireWaterPlant has 60 seconds left.
|
|t:|1776254463
|move|p2a: Don|Headlong Rush|p1a: Kingambit
|-damage|p1a: Kingambit|57/100
|-unboost|p2a: Don|def|1
|-unboost|p2a: Don|spd|1
|move|p1a: Kingambit|Iron Head|p2a: Don
|-damage|p2a: Don|0 fnt
|faint|p2a: Don
|-end|p2a: Don|Protosynthesis|[silent]
|
|-heal|p1a: Kingambit|63/100|[from] item: Leftovers
|upkeep
|
|t:|1776254469
|switch|p2a: Walking Wake|Walking Wake|100/100
|-damage|p2a: Walking Wake|88/100|[from] Stealth Rock
|turn|14
|inactive|FireWaterPlant has 60 seconds left.
|
|t:|1776254496
|-end|p1a: Kingambit|fallen2|[silent]
|switch|p1a: Kyurem|Kyurem|9/100
|-ability|p1a: Kyurem|Pressure
|-terastallize|p2a: Walking Wake|Water
|move|p2a: Walking Wake|Hydro Steam|p1a: Kyurem
|-resisted|p1a: Kyurem
|-damage|p1a: Kyurem|0 fnt
|faint|p1a: Kyurem
|
|upkeep
|c|☆cafecr|huge tera btw
|inactive|FireWaterPlant has 30 seconds left.
|
|t:|1776254522
|switch|p1a: Iron Valiant|Iron Valiant|100/100
|-enditem|p1a: Iron Valiant|Booster Energy
|-activate|p1a: Iron Valiant|ability: Quark Drive|[fromitem]
|-start|p1a: Iron Valiant|quarkdrivespe
|turn|15
|inactive|FireWaterPlant has 30 seconds left.
|
|t:|1776254536
|move|p1a: Iron Valiant|Moonblast|p2a: Walking Wake
|-damage|p2a: Walking Wake|38/100
|move|p2a: Walking Wake|Hydro Steam|p1a: Iron Valiant
|-damage|p1a: Iron Valiant|0 fnt
|faint|p1a: Iron Valiant
|-end|p1a: Iron Valiant|Quark Drive|[silent]
|
|upkeep
|
|t:|1776254541
|switch|p1a: Cinderace|Cinderace, F|32/100
|turn|16
|
|t:|1776254543
|move|p1a: Cinderace|Gunk Shot|p2a: Walking Wake
|-start|p1a: Cinderace|typechange|Poison|[from] ability: Libero
|-damage|p2a: Walking Wake|0 fnt
|faint|p2a: Walking Wake
|-end|p2a: Walking Wake|Protosynthesis|[silent]
|
|upkeep
|
|t:|1776254548
|switch|p2a: Torkoal|Torkoal, F|4/100 psn
|-damage|p2a: Torkoal|0 fnt|[from] Stealth Rock
|faint|p2a: Torkoal
|
|t:|1776254550
|switch|p2a: Hatterene|Hatterene, F, shiny|9/100
|-damage|p2a: Hatterene|0 fnt|[from] Stealth Rock
|faint|p2a: Hatterene
|
|t:|1776254552
|switch|p2a: Venusaur|Venusaur, F|100/100
|-damage|p2a: Venusaur|88/100|[from] Stealth Rock
|turn|17
|inactive|FireWaterPlant has 60 seconds left.
|
|t:|1776254566
|move|p1a: Cinderace|Pyro Ball|p2a: Venusaur
|-supereffective|p2a: Venusaur
|-damage|p2a: Venusaur|0 fnt
|faint|p2a: Venusaur
|
|win|FireWaterPlant
|raw|FireWaterPlant's rating: 1443 &rarr; <strong>1462</strong><br />(+19 for winning)
|raw|cafecr's rating: 1423 &rarr; <strong>1404</strong><br />(-19 for losing)
|l|☆cafecr
|player|p2|
