|html|<div class="broadcast-blue"><strong>[Gen 9] OU is currently suspecting Tera Blast! For information on how to participate check out the <a href="https://www.smogon.com/tools/suspects/view/200">suspect thread</a>.</strong></div>
|j|☆Grace Ashgreninja
|j|☆Auburn Hills
|t:|1776032188
|gametype|singles
|player|p1|Grace Ashgreninja|#draftliga5|1740
|player|p2|Auburn Hills|alder|1782
|gen|9
|tier|[Gen 9] OU
|rated|
|rule|HP Percentage Mod: HP is shown in percentages
|rule|Endless Battle Clause: Forcing endless battles is banned
|rule|Species Clause: Limit one of each Pokémon
|rule|OHKO Clause: OHKO moves are banned
|rule|Evasion Items Clause: Evasion items are banned
|rule|Evasion Moves Clause: Evasion moves are banned
|rule|Evasion Abilities Clause: Evasion abilities are banned
|rule|Sleep Moves Clause: Sleep-inducing moves are banned
|clearpoke
|poke|p1|Tyranitar, F|
|poke|p1|Gholdengo|
|poke|p1|Sandy Shocks|
|poke|p1|Tornadus-Therian, M|
|poke|p1|Zamazenta-*|
|poke|p1|Alomomola, M|
|poke|p2|Iron Moth|
|poke|p2|Umbreon, M|
|poke|p2|Garchomp, F|
|poke|p2|Glimmora, F|
|poke|p2|Gholdengo|
|poke|p2|Dragonite, M|
|teampreview
|
|t:|1776032224
|teamsize|p1|6
|teamsize|p2|6
|start
|switch|p1a: Tornadus|Tornadus-Therian, M|100/100
|switch|p2a: Julia Jacklin|Glimmora, F|100/100
|turn|1
|
|t:|1776032229
|move|p1a: Tornadus|Bleakwind Storm|p2a: Julia Jacklin
|-resisted|p2a: Julia Jacklin
|-damage|p2a: Julia Jacklin|71/100
|-unboost|p2a: Julia Jacklin|spe|1
|move|p2a: Julia Jacklin|Stealth Rock|p1a: Tornadus
|-sidestart|p1: Grace Ashgreninja|move: Stealth Rock
|
|upkeep
|turn|2
|
|t:|1776032235
|switch|p1a: Sandy Shocks|Sandy Shocks|100/100
|move|p2a: Julia Jacklin|Mortal Spin|p1a: Sandy Shocks
|-resisted|p1a: Sandy Shocks
|-damage|p1a: Sandy Shocks|97/100
|-status|p1a: Sandy Shocks|psn
|
|-damage|p1a: Sandy Shocks|85/100 psn|[from] psn
|upkeep
|turn|3
|
|t:|1776032248
|move|p1a: Sandy Shocks|Spikes|p2a: Julia Jacklin
|-sidestart|p2: Auburn Hills|Spikes
|move|p2a: Julia Jacklin|Earth Power|p1a: Sandy Shocks
|-supereffective|p1a: Sandy Shocks
|-damage|p1a: Sandy Shocks|1/100 psn
|-unboost|p1a: Sandy Shocks|spd|1
|
|-damage|p1a: Sandy Shocks|0 fnt|[from] psn
|faint|p1a: Sandy Shocks
|-end|p1a: Sandy Shocks|Protosynthesis|[silent]
|upkeep
|j| volbeatluvr
|
|t:|1776032258
|switch|p1a: Gholdengo|Gholdengo|100/100
|-damage|p1a: Gholdengo|94/100|[from] Stealth Rock
|-item|p1a: Gholdengo|Air Balloon
|turn|4
|
|t:|1776032280
|switch|p2a: Alvvays|Umbreon, M|100/100
|-damage|p2a: Alvvays|88/100|[from] Spikes
|move|p1a: Gholdengo|Make It Rain|p2a: Alvvays
|-damage|p2a: Alvvays|62/100
|-unboost|p1a: Gholdengo|spa|1
|
|-heal|p2a: Alvvays|68/100|[from] item: Leftovers
|upkeep
|turn|5
|
|t:|1776032289
|switch|p1a: Tyranitar|Tyranitar, F|100/100
|-weather|Sandstorm|[from] ability: Sand Stream|[of] p1a: Tyranitar
|move|p2a: Alvvays|Foul Play|p1a: Tyranitar
|-resisted|p1a: Tyranitar
|-damage|p1a: Tyranitar|86/100
|
|-weather|Sandstorm|[upkeep]
|-damage|p2a: Alvvays|62/100|[from] Sandstorm
|-heal|p2a: Alvvays|68/100|[from] item: Leftovers
|upkeep
|turn|6
|
|t:|1776032299
|move|p1a: Tyranitar|Knock Off|p2a: Alvvays
|-resisted|p2a: Alvvays
|-damage|p2a: Alvvays|54/100
|-enditem|p2a: Alvvays|Leftovers|[from] move: Knock Off|[of] p1a: Tyranitar
|move|p2a: Alvvays|Thunder Wave|p1a: Tyranitar
|-status|p1a: Tyranitar|par
|
|-weather|Sandstorm|[upkeep]
|-damage|p2a: Alvvays|48/100|[from] Sandstorm
|upkeep
|turn|7
|
|t:|1776032302
|move|p2a: Alvvays|Wish|p2a: Alvvays
|move|p1a: Tyranitar|Stealth Rock|p2a: Alvvays
|-sidestart|p2: Auburn Hills|move: Stealth Rock
|
|-weather|Sandstorm|[upkeep]
|-damage|p2a: Alvvays|42/100|[from] Sandstorm
|upkeep
|turn|8
|
|t:|1776032305
|move|p2a: Alvvays|Foul Play|p1a: Tyranitar
|-resisted|p1a: Tyranitar
|-damage|p1a: Tyranitar|72/100 par
|move|p1a: Tyranitar|Roar|p2a: Alvvays
|drag|p2a: Carly Rae|Iron Moth|100/100
|-damage|p2a: Carly Rae|88/100|[from] Spikes
|-damage|p2a: Carly Rae|63/100|[from] Stealth Rock
|-enditem|p2a: Carly Rae|Booster Energy
|-activate|p2a: Carly Rae|ability: Quark Drive|[fromitem]
|-start|p2a: Carly Rae|quarkdrivespe
|
|-weather|Sandstorm|[upkeep]
|-damage|p2a: Carly Rae|57/100|[from] Sandstorm
|-heal|p2a: Carly Rae|100/100|[from] move: Wish|[wisher] Alvvays
|upkeep
|turn|9
|
|t:|1776032309
|-end|p2a: Carly Rae|Quark Drive|[silent]
|switch|p2a: Elucid|Dragonite, M|100/100
|move|p1a: Tyranitar|Roar|p2a: Elucid
|drag|p2a: Smino|Gholdengo|100/100
|-damage|p2a: Smino|88/100|[from] Spikes
|-damage|p2a: Smino|82/100|[from] Stealth Rock
|
|-weather|none
|upkeep
|turn|10
|
|t:|1776032315
|switch|p1a: Alomomola|Alomomola, M|100/100
|move|p2a: Smino|Trick|p1a: Alomomola
|-activate|p2a: Smino|move: Trick|[of] p1a: Alomomola
|-item|p1a: Alomomola|Choice Scarf|[from] move: Trick
|-item|p2a: Smino|Heavy-Duty Boots|[from] move: Trick
|
|upkeep
|turn|11
|
|t:|1776032319
|move|p2a: Smino|Shadow Ball|p1a: Alomomola
|-damage|p1a: Alomomola|60/100
|move|p1a: Alomomola|Flip Turn|p2a: Smino
|-damage|p2a: Smino|65/100
|
|t:|1776032324
|switch|p1a: Tornadus|Tornadus-Therian, M|100/100|[from] Flip Turn
|
|upkeep
|turn|12
|l| volbeatluvr
|
|t:|1776032336
|switch|p2a: Alvvays|Umbreon, M|42/100
|-damage|p2a: Alvvays|29/100|[from] Spikes
|-damage|p2a: Alvvays|17/100|[from] Stealth Rock
|move|p1a: Tornadus|Knock Off|p2a: Alvvays
|-resisted|p2a: Alvvays
|-damage|p2a: Alvvays|11/100
|
|upkeep
|turn|13
|
|t:|1776032341
|move|p1a: Tornadus|Heat Wave|p2a: Alvvays
|-damage|p2a: Alvvays|0 fnt
|faint|p2a: Alvvays
|
|upkeep
|
|t:|1776032344
|switch|p2a: Elucid|Dragonite, M|100/100
|turn|14
|
|t:|1776032358
|move|p1a: Tornadus|U-turn|p2a: Elucid
|-resisted|p2a: Elucid
|-damage|p2a: Elucid|96/100
|
|t:|1776032360
|switch|p1a: Zamazenta|Zamazenta|100/100|[from] U-turn
|-damage|p1a: Zamazenta|94/100|[from] Stealth Rock
|-ability|p1a: Zamazenta|Dauntless Shield|boost
|-boost|p1a: Zamazenta|def|1
|move|p2a: Elucid|Dragon Dance|p2a: Elucid
|-boost|p2a: Elucid|atk|1
|-boost|p2a: Elucid|spe|1
|
|-heal|p1a: Zamazenta|100/100|[from] item: Leftovers
|upkeep
|turn|15
|
|t:|1776032370
|switch|p2a: Julia Jacklin|Glimmora, F|71/100
|-damage|p2a: Julia Jacklin|59/100|[from] Spikes
|-damage|p2a: Julia Jacklin|46/100|[from] Stealth Rock
|move|p1a: Zamazenta|Roar|p2a: Julia Jacklin
|drag|p2a: Elucid|Dragonite, M|96/100
|
|upkeep
|turn|16
|
|t:|1776032377
|move|p2a: Elucid|Extreme Speed|p1a: Zamazenta
|-damage|p1a: Zamazenta|84/100
|move|p1a: Zamazenta|Iron Defense|p1a: Zamazenta
|-boost|p1a: Zamazenta|def|2
|
|-heal|p1a: Zamazenta|90/100|[from] item: Leftovers
|upkeep
|turn|17
|
|t:|1776032413
|switch|p2a: Smino|Gholdengo|65/100
|move|p1a: Zamazenta|Iron Defense|p1a: Zamazenta
|-boost|p1a: Zamazenta|def|2
|
|-heal|p1a: Zamazenta|96/100|[from] item: Leftovers
|upkeep
|turn|18
|
|t:|1776032417
|move|p1a: Zamazenta|Crunch|p2a: Smino
|-supereffective|p2a: Smino
|-damage|p2a: Smino|20/100
|move|p2a: Smino|Make It Rain|p1a: Zamazenta
|-damage|p1a: Zamazenta|33/100
|-unboost|p2a: Smino|spa|1
|
|-heal|p1a: Zamazenta|39/100|[from] item: Leftovers
|upkeep
|turn|19
|
|t:|1776032421
|move|p1a: Zamazenta|Crunch|p2a: Smino
|-supereffective|p2a: Smino
|-damage|p2a: Smino|0 fnt
|faint|p2a: Smino
|
|-heal|p1a: Zamazenta|45/100|[from] item: Leftovers
|upkeep
|
|t:|1776032423
|switch|p2a: Carly Rae|Iron Moth|100/100
|-damage|p2a: Carly Rae|88/100|[from] Spikes
|-damage|p2a: Carly Rae|63/100|[from] Stealth Rock
|turn|20
|
|t:|1776032430
|-terastallize|p2a: Carly Rae|Fairy
|move|p1a: Zamazenta|Body Press|p2a: Carly Rae
|-resisted|p2a: Carly Rae
|-damage|p2a: Carly Rae|0 fnt
|faint|p2a: Carly Rae
|-end|p2a: Carly Rae|Quark Drive|[silent]
|
|-heal|p1a: Zamazenta|51/100|[from] item: Leftovers
|upkeep
|-message|Auburn Hills forfeited.
|
|win|Grace Ashgreninja
|raw|Grace Ashgreninja's rating: 1740 &rarr; <strong>1761</strong><br />(+21 for winning)
|raw|Auburn Hills's rating: 1757 &rarr; <strong>1736</strong><br />(-21 for losing)
|l|☆Auburn Hills
|player|p2|
|l|☆Grace Ashgreninja
|player|p1|
