|html|<div class="broadcast-blue"><strong>[Gen 9] OU is currently suspecting Tera Blast! For information on how to participate check out the <a href="https://www.smogon.com/tools/suspects/view/200">suspect thread</a>.</strong></div>
|j|☆jewking
|j|☆cazter64
|t:|1776031848
|gametype|singles
|player|p1|jewking|102|1362
|player|p2|cazter64|hilbert-wonderlauncher|1260
|gen|9
|tier|[Gen 9] OU
|rated|
|rule|HP Percentage Mod: HP is shown in percentages
|rule|Endless Battle Clause: Forcing endless battles is banned
|rule|Species Clause: Limit one of each Pokémon
|rule|OHKO Clause: OHKO moves are banned
|rule|Evasion Items Clause: Evasion items are banned
|rule|Evasion Moves Clause: Evasion moves are banned
|rule|Evasion Abilities Clause: Evasion abilities are banned
|rule|Sleep Moves Clause: Sleep-inducing moves are banned
|clearpoke
|poke|p1|Pelipper, F|
|poke|p1|Golduck, F|
|poke|p1|Zamazenta-*|
|poke|p1|Floatzel, M|
|poke|p1|Raging Bolt|
|poke|p1|Iron Treads|
|poke|p2|Dragonite, M|
|poke|p2|Great Tusk|
|poke|p2|Gholdengo|
|poke|p2|Iron Valiant|
|poke|p2|Kingambit, F|
|poke|p2|Rotom-Wash|
|teampreview
|
|t:|1776031856
|teamsize|p1|6
|teamsize|p2|6
|start
|switch|p1a: Pelipper|Pelipper, F|100/100
|switch|p2a: Great Tusk|Great Tusk|100/100
|-weather|RainDance|[from] ability: Drizzle|[of] p1a: Pelipper
|-enditem|p2a: Great Tusk|Booster Energy
|-activate|p2a: Great Tusk|ability: Protosynthesis|[fromitem]
|-start|p2a: Great Tusk|protosynthesisatk
|turn|1
|
|t:|1776031867
|move|p2a: Great Tusk|Stealth Rock|p1a: Pelipper
|-sidestart|p1: jewking|move: Stealth Rock
|move|p1a: Pelipper|Surf|p2a: Great Tusk
|-supereffective|p2a: Great Tusk
|-damage|p2a: Great Tusk|0 fnt
|faint|p2a: Great Tusk
|-end|p2a: Great Tusk|Protosynthesis|[silent]
|
|-weather|RainDance|[upkeep]
|upkeep
|
|t:|1776031873
|switch|p2a: Iron Valiant|Iron Valiant|100/100
|-enditem|p2a: Iron Valiant|Booster Energy
|-activate|p2a: Iron Valiant|ability: Quark Drive|[fromitem]
|-start|p2a: Iron Valiant|quarkdrivespe
|turn|2
|l|☆jewking
|player|p1|
|inactive|Battle timer is ON: inactive players will automatically lose when time's up. (requested by cazter64)
|j|☆jewking
|inactive|jewking reconnected and has 130 seconds left.
|player|p1|jewking|102|
|
|t:|1776031950
|switch|p1a: Iron Treads|Iron Treads|100/100
|-damage|p1a: Iron Treads|97/100|[from] Stealth Rock
|-enditem|p1a: Iron Treads|Booster Energy
|-activate|p1a: Iron Treads|ability: Quark Drive|[fromitem]
|-start|p1a: Iron Treads|quarkdrivespe
|move|p2a: Iron Valiant|Thunderbolt|p1a: Iron Treads
|-immune|p1a: Iron Treads
|
|-weather|RainDance|[upkeep]
|upkeep
|turn|3
|
|t:|1776031975
|-end|p2a: Iron Valiant|Quark Drive|[silent]
|switch|p2a: Rotom|Rotom-Wash|100/100
|move|p1a: Iron Treads|Rapid Spin|p2a: Rotom
|-damage|p2a: Rotom|91/100
|-boost|p1a: Iron Treads|spe|1
|-sideend|p1: jewking|Stealth Rock|[from] move: Rapid Spin|[of] p1a: Iron Treads
|
|-weather|RainDance|[upkeep]
|-heal|p2a: Rotom|98/100|[from] item: Leftovers
|upkeep
|turn|4
|
|t:|1776031985
|move|p1a: Iron Treads|Stealth Rock|p2a: Rotom
|-sidestart|p2: cazter64|move: Stealth Rock
|move|p2a: Rotom|Will-O-Wisp|p1a: Iron Treads
|-status|p1a: Iron Treads|brn
|
|-weather|RainDance|[upkeep]
|-heal|p2a: Rotom|100/100|[from] item: Leftovers
|-damage|p1a: Iron Treads|91/100 brn|[from] brn
|upkeep
|turn|5
|
|t:|1776031995
|move|p1a: Iron Treads|Volt Switch|p2a: Rotom
|-damage|p2a: Rotom|82/100
|
|t:|1776031999
|-end|p1a: Iron Treads|Quark Drive|[silent]
|switch|p1a: Raging Bolt|Raging Bolt|100/100|[from] Volt Switch
|move|p2a: Rotom|Hydro Pump|p1a: Raging Bolt
|-resisted|p1a: Raging Bolt
|-crit|p1a: Raging Bolt
|-damage|p1a: Raging Bolt|61/100
|
|-weather|RainDance|[upkeep]
|-heal|p2a: Rotom|88/100|[from] item: Leftovers
|upkeep
|turn|6
|
|t:|1776032010
|move|p2a: Rotom|Volt Switch|p1a: Raging Bolt
|-resisted|p1a: Raging Bolt
|-damage|p1a: Raging Bolt|56/100
|
|t:|1776032018
|switch|p2a: Kingambit|Kingambit, F|100/100|[from] Volt Switch
|-damage|p2a: Kingambit|94/100|[from] Stealth Rock
|-activate|p2a: Kingambit|ability: Supreme Overlord
|-start|p2a: Kingambit|fallen1|[silent]
|move|p1a: Raging Bolt|Thunderbolt|p2a: Kingambit
|-damage|p2a: Kingambit|21/100
|-damage|p1a: Raging Bolt|46/100|[from] item: Life Orb
|
|-weather|RainDance|[upkeep]
|-heal|p2a: Kingambit|27/100|[from] item: Leftovers
|upkeep
|turn|7
|
|t:|1776032030
|move|p2a: Kingambit|Sucker Punch|p1a: Raging Bolt
|-damage|p1a: Raging Bolt|8/100
|move|p1a: Raging Bolt|Weather Ball|p2a: Kingambit
|-damage|p2a: Kingambit|0 fnt
|faint|p2a: Kingambit
|-end|p2a: Kingambit|fallen1|[silent]
|-damage|p1a: Raging Bolt|0 fnt|[from] item: Life Orb
|faint|p1a: Raging Bolt
|-end|p1a: Raging Bolt|Protosynthesis|[silent]
|
|-weather|RainDance|[upkeep]
|upkeep
|
|t:|1776032042
|switch|p2a: Rotom|Rotom-Wash|88/100
|switch|p1a: Floatzel|Floatzel, M|100/100
|-damage|p2a: Rotom|76/100|[from] Stealth Rock
|turn|8
|
|t:|1776032049
|-terastallize|p1a: Floatzel|Water
|move|p1a: Floatzel|Wave Crash|p2a: Rotom
|-resisted|p2a: Rotom
|-damage|p2a: Rotom|6/100
|-damage|p1a: Floatzel|78/100|[from] Recoil
|move|p2a: Rotom|Will-O-Wisp|p1a: Floatzel
|-status|p1a: Floatzel|brn
|
|-weather|none
|-heal|p2a: Rotom|12/100|[from] item: Leftovers
|-damage|p1a: Floatzel|72/100 brn|[from] brn
|upkeep
|turn|9
|
|t:|1776032062
|move|p1a: Floatzel|Wave Crash|p2a: Rotom
|-resisted|p2a: Rotom
|-damage|p2a: Rotom|0 fnt
|faint|p2a: Rotom
|-damage|p1a: Floatzel|68/100 brn|[from] Recoil
|
|-damage|p1a: Floatzel|62/100 brn|[from] brn
|upkeep
|
|t:|1776032067
|switch|p2a: Dragonite|Dragonite, M|100/100
|turn|10
|
|t:|1776032078
|switch|p1a: Pelipper|Pelipper, F|100/100
|-weather|RainDance|[from] ability: Drizzle|[of] p1a: Pelipper
|move|p2a: Dragonite|Dragon Dance|p2a: Dragonite
|-boost|p2a: Dragonite|atk|1
|-boost|p2a: Dragonite|spe|1
|
|-weather|RainDance|[upkeep]
|upkeep
|turn|11
|
|t:|1776032088
|move|p2a: Dragonite|Dragon Dance|p2a: Dragonite
|-boost|p2a: Dragonite|atk|1
|-boost|p2a: Dragonite|spe|1
|move|p1a: Pelipper|Hurricane|p2a: Dragonite
|-damage|p2a: Dragonite|82/100
|
|-weather|RainDance|[upkeep]
|upkeep
|turn|12
|
|t:|1776032095
|move|p2a: Dragonite|Dragon Dance|p2a: Dragonite
|-boost|p2a: Dragonite|atk|1
|-boost|p2a: Dragonite|spe|1
|move|p1a: Pelipper|Hurricane|p2a: Dragonite
|-damage|p2a: Dragonite|44/100
|
|-weather|RainDance|[upkeep]
|upkeep
|turn|13
|inactive|cazter64 has 120 seconds left.
|
|t:|1776032133
|switch|p1a: Floatzel|Floatzel, M, tera:Water|62/100 brn
|-terastallize|p2a: Dragonite|Dragon
|move|p2a: Dragonite|Outrage|p1a: Floatzel
|-crit|p1a: Floatzel
|-damage|p1a: Floatzel|0 fnt
|faint|p1a: Floatzel
|
|-weather|RainDance|[upkeep]
|upkeep
|
|t:|1776032145
|switch|p1a: Zamazenta|Zamazenta|100/100
|-ability|p1a: Zamazenta|Dauntless Shield|boost
|-boost|p1a: Zamazenta|def|1
|turn|14
|
|t:|1776032155
|move|p2a: Dragonite|Outrage|p1a: Zamazenta|[from] lockedmove
|-damage|p1a: Zamazenta|0 fnt
|faint|p1a: Zamazenta
|-start|p2a: Dragonite|confusion|[fatigue]
|
|-weather|RainDance|[upkeep]
|upkeep
|
|t:|1776032162
|switch|p1a: Golduck|Golduck, F|100/100
|turn|15
|
|t:|1776032184
|-activate|p2a: Dragonite|confusion
|move|p2a: Dragonite|Earthquake|p1a: Golduck
|-damage|p1a: Golduck|0 fnt
|faint|p1a: Golduck
|
|-weather|RainDance|[upkeep]
|upkeep
|
|t:|1776032190
|switch|p1a: Pelipper|Pelipper, F|100/100
|turn|16
|
|t:|1776032194
|-end|p2a: Dragonite|confusion
|move|p2a: Dragonite|Outrage|p1a: Pelipper
|-damage|p1a: Pelipper|0 fnt
|faint|p1a: Pelipper
|
|-weather|RainDance|[upkeep]
|upkeep
|
|t:|1776032200
|switch|p1a: Iron Treads|Iron Treads|91/100 brn
|turn|17
|
|t:|1776032204
|move|p2a: Dragonite|Outrage|p1a: Iron Treads|[from] lockedmove
|-resisted|p1a: Iron Treads
|-damage|p1a: Iron Treads|0 fnt
|faint|p1a: Iron Treads
|-end|p1a: Iron Treads|Quark Drive|[silent]
|
|win|cazter64
|raw|jewking's rating: 1362 &rarr; <strong>1336</strong><br />(-26 for losing)
|raw|cazter64's rating: 1260 &rarr; <strong>1292</strong><br />(+32 for winning)
|l|☆jewking
|player|p1|
|l|☆cazter64
|player|p2|
