|html|<div class="broadcast-blue"><strong>[Gen 9] OU is currently suspecting Tera Blast! For information on how to participate check out the <a href="https://www.smogon.com/tools/suspects/view/200">suspect thread</a>.</strong></div>
|j|☆ayerbe
|j|☆Thederpa1
|t:|1776097159
|gametype|singles
|player|p1|ayerbe|blackbelt-gen4dp|1370
|player|p2|Thederpa1|swimmer-gen4dp|1391
|gen|9
|tier|[Gen 9] OU
|rated|
|rule|HP Percentage Mod: HP is shown in percentages
|rule|Endless Battle Clause: Forcing endless battles is banned
|rule|Species Clause: Limit one of each Pokémon
|rule|OHKO Clause: OHKO moves are banned
|rule|Evasion Items Clause: Evasion items are banned
|rule|Evasion Moves Clause: Evasion moves are banned
|rule|Evasion Abilities Clause: Evasion abilities are banned
|rule|Sleep Moves Clause: Sleep-inducing moves are banned
|clearpoke
|poke|p1|Great Tusk|
|poke|p1|Scizor, M|
|poke|p1|Garganacl, M|
|poke|p1|Ting-Lu|
|poke|p1|Raging Bolt|
|poke|p1|Gholdengo|
|poke|p2|Kyurem|
|poke|p2|Muk-Alola, F|
|poke|p2|Ogerpon-Wellspring, F|
|poke|p2|Hoopa-Unbound|
|poke|p2|Landorus-Therian, M|
|poke|p2|Tentacruel, M|
|teampreview
|inactive|Battle timer is ON: inactive players will automatically lose when time's up. (requested by ayerbe)
|
|t:|1776097171
|teamsize|p1|6
|teamsize|p2|6
|start
|switch|p1a: Wal-Lu|Ting-Lu|100/100
|switch|p2a: Muk|Muk-Alola, F|100/100
|-ability|p1a: Wal-Lu|Vessel of Ruin
|turn|1
|
|t:|1776097177
|switch|p2a: Landorus|Landorus-Therian, M|100/100
|-ability|p2a: Landorus|Intimidate|boost
|-unboost|p1a: Wal-Lu|atk|1
|move|p1a: Wal-Lu|Stealth Rock|p2a: Landorus
|-sidestart|p2: Thederpa1|move: Stealth Rock
|
|upkeep
|turn|2
|
|t:|1776097182
|move|p2a: Landorus|Stealth Rock|p1a: Wal-Lu
|-sidestart|p1: ayerbe|move: Stealth Rock
|move|p1a: Wal-Lu|Spikes|p2a: Landorus
|-sidestart|p2: Thederpa1|Spikes
|
|upkeep
|turn|3
|
|t:|1776097185
|switch|p1a: Landorus-Tusk|Great Tusk|100/100
|move|p2a: Landorus|Taunt|p1a: Landorus-Tusk
|-start|p1a: Landorus-Tusk|move: Taunt
|
|upkeep
|turn|4
|
|t:|1776097188
|move|p1a: Landorus-Tusk|Rapid Spin|p2a: Landorus
|-damage|p2a: Landorus|90/100
|-boost|p1a: Landorus-Tusk|spe|1
|-damage|p1a: Landorus-Tusk|84/100|[from] item: Rocky Helmet|[of] p2a: Landorus
|-sideend|p1: ayerbe|Stealth Rock|[from] move: Rapid Spin|[of] p1a: Landorus-Tusk
|move|p2a: Landorus|Earth Power|p1a: Landorus-Tusk
|-damage|p1a: Landorus-Tusk|41/100
|
|upkeep
|turn|5
|
|t:|1776097200
|-terastallize|p2a: Landorus|Ghost
|move|p1a: Landorus-Tusk|Ice Spinner|p2a: Landorus
|-damage|p2a: Landorus|73/100
|-damage|p1a: Landorus-Tusk|24/100|[from] item: Rocky Helmet|[of] p2a: Landorus
|move|p2a: Landorus|Earth Power|p1a: Landorus-Tusk
|-damage|p1a: Landorus-Tusk|0 fnt
|faint|p1a: Landorus-Tusk
|-end|p1a: Landorus-Tusk|Protosynthesis|[silent]
|
|upkeep
|
|t:|1776097204
|switch|p1a: Gholdengo|Gholdengo|100/100
|turn|6
|
|t:|1776097208
|switch|p2a: Muk|Muk-Alola, F|100/100
|-damage|p2a: Muk|88/100|[from] Stealth Rock
|-damage|p2a: Muk|76/100|[from] Spikes
|move|p1a: Gholdengo|Shadow Ball|p2a: Muk
|-resisted|p2a: Muk
|-damage|p2a: Muk|61/100
|
|-heal|p2a: Muk|67/100|[from] item: Leftovers
|upkeep
|turn|7
|
|t:|1776097215
|switch|p1a: Wal-Lu|Ting-Lu|100/100
|-ability|p1a: Wal-Lu|Vessel of Ruin
|move|p2a: Muk|Knock Off|p1a: Wal-Lu
|-resisted|p1a: Wal-Lu
|-damage|p1a: Wal-Lu|91/100
|-enditem|p1a: Wal-Lu|Leftovers|[from] move: Knock Off|[of] p2a: Muk
|
|-heal|p2a: Muk|73/100|[from] item: Leftovers
|upkeep
|turn|8
|
|t:|1776097221
|switch|p2a: Landorus|Landorus-Therian, M, tera:Ghost|73/100
|-damage|p2a: Landorus|61/100|[from] Stealth Rock
|-damage|p2a: Landorus|49/100|[from] Spikes
|-ability|p2a: Landorus|Intimidate|boost
|-unboost|p1a: Wal-Lu|atk|1
|move|p1a: Wal-Lu|Spikes|p2a: Landorus
|-sidestart|p2: Thederpa1|Spikes
|
|upkeep
|turn|9
|
|t:|1776097226
|move|p2a: Landorus|U-turn|p1a: Wal-Lu
|-supereffective|p1a: Wal-Lu
|-damage|p1a: Wal-Lu|70/100
|
|t:|1776097229
|switch|p2a: Tentacruel|Tentacruel, M|100/100|[from] U-turn
|move|p1a: Wal-Lu|Spikes|p2a: Tentacruel
|-sidestart|p2: Thederpa1|Spikes
|
|upkeep
|turn|10
|
|t:|1776097233
|switch|p1a: Gholdengo|Gholdengo|100/100
|move|p2a: Tentacruel|Surf|p1a: Gholdengo
|-damage|p1a: Gholdengo|59/100
|
|upkeep
|turn|11
|
|t:|1776097237
|move|p1a: Gholdengo|Thunderbolt|p2a: Tentacruel
|-supereffective|p2a: Tentacruel
|-damage|p2a: Tentacruel|39/100
|move|p2a: Tentacruel|Surf|p1a: Gholdengo
|-damage|p1a: Gholdengo|16/100
|
|upkeep
|turn|12
|j| ohko_smeargle
|
|t:|1776097245
|switch|p2a: Kyurem|Kyurem|100/100
|-ability|p2a: Kyurem|Pressure
|move|p1a: Gholdengo|Thunderbolt|p2a: Kyurem
|-resisted|p2a: Kyurem
|-damage|p2a: Kyurem|85/100
|-status|p2a: Kyurem|par
|
|upkeep
|turn|13
|
|t:|1776097257
|switch|p1a: Reaper|Scizor, M|100/100
|move|p2a: Kyurem|Substitute|p2a: Kyurem
|-start|p2a: Kyurem|Substitute
|-damage|p2a: Kyurem|60/100 par
|
|upkeep
|turn|14
|
|t:|1776097261
|move|p1a: Reaper|Dual Wingbeat|p2a: Kyurem
|-activate|p2a: Kyurem|move: Substitute|[damage]
|-end|p2a: Kyurem|Substitute
|-hitcount|p2a: Kyurem|2
|move|p2a: Kyurem|Earth Power|p1a: Reaper
|-damage|p1a: Reaper|58/100
|
|upkeep
|turn|15
|
|t:|1776097277
|move|p1a: Reaper|Dual Wingbeat|p2a: Kyurem
|-crit|p2a: Kyurem
|-damage|p2a: Kyurem|29/100 par
|-damage|p2a: Kyurem|9/100 par
|-hitcount|p2a: Kyurem|2
|move|p2a: Kyurem|Earth Power|p1a: Reaper
|-damage|p1a: Reaper|14/100
|
|upkeep
|turn|16
|
|t:|1776097284
|move|p1a: Reaper|Dual Wingbeat|p2a: Kyurem
|-damage|p2a: Kyurem|0 fnt
|faint|p2a: Kyurem
|-hitcount|p2: Kyurem|1
|
|upkeep
|
|t:|1776097286
|switch|p2a: Tentacruel|Tentacruel, M|39/100
|turn|17
|
|t:|1776097291
|switch|p1a: Gholdengo|Gholdengo|16/100
|move|p2a: Tentacruel|Surf|p1a: Gholdengo
|-damage|p1a: Gholdengo|0 fnt
|faint|p1a: Gholdengo
|
|upkeep
|
|t:|1776097294
|switch|p1a: Raging Quit|Garganacl, M|100/100
|turn|18
|
|t:|1776097299
|-terastallize|p1a: Raging Quit|Ghost
|move|p2a: Tentacruel|Rapid Spin|p1a: Raging Quit
|-immune|p1a: Raging Quit
|move|p1a: Raging Quit|Salt Cure|p2a: Tentacruel
|-damage|p2a: Tentacruel|16/100
|-start|p2a: Tentacruel|Salt Cure
|
|-damage|p2a: Tentacruel|0 fnt|[from] Salt Cure
|faint|p2a: Tentacruel
|upkeep
|
|t:|1776097303
|switch|p2a: Hoopa|Hoopa-Unbound|100/100
|-damage|p2a: Hoopa|88/100|[from] Stealth Rock
|-damage|p2a: Hoopa|63/100|[from] Spikes
|turn|19
|
|t:|1776097309
|switch|p1a: Great Neck|Raging Bolt|100/100
|move|p2a: Hoopa|Dark Pulse|p1a: Great Neck
|-damage|p1a: Great Neck|75/100
|
|upkeep
|turn|20
|
|t:|1776097318
|move|p2a: Hoopa|Psychic Noise|p1a: Great Neck
|-damage|p1a: Great Neck|50/100
|-start|p1a: Great Neck|move: Heal Block
|move|p1a: Great Neck|Volt Switch|p2a: Hoopa
|-damage|p2a: Hoopa|24/100
|-enditem|p2a: Hoopa|Red Card|[of] p1a: Great Neck
|-end|p1a: Great Neck|Protosynthesis|[silent]
|drag|p1a: Wal-Lu|Ting-Lu|70/100
|-ability|p1a: Wal-Lu|Vessel of Ruin
|
|upkeep
|turn|21
|
|t:|1776097336
|move|p2a: Hoopa|Dark Pulse|p1a: Wal-Lu
|-resisted|p1a: Wal-Lu
|-damage|p1a: Wal-Lu|60/100
|move|p1a: Wal-Lu|Whirlwind|p2a: Hoopa
|drag|p2a: Landorus|Landorus-Therian, M, tera:Ghost|49/100
|-damage|p2a: Landorus|36/100|[from] Stealth Rock
|-damage|p2a: Landorus|11/100|[from] Spikes
|-ability|p2a: Landorus|Intimidate|boost
|-unboost|p1a: Wal-Lu|atk|1
|
|upkeep
|turn|22
|
|t:|1776097341
|move|p2a: Landorus|Stealth Rock|p1a: Wal-Lu
|-sidestart|p1: ayerbe|move: Stealth Rock
|move|p1a: Wal-Lu|Whirlwind|p2a: Landorus
|drag|p2a: Hoopa|Hoopa-Unbound|24/100
|-damage|p2a: Hoopa|12/100|[from] Stealth Rock
|-damage|p2a: Hoopa|0 fnt|[from] Spikes
|faint|p2a: Hoopa
|
|upkeep
|
|t:|1776097347
|switch|p2a: Ogerpon|Ogerpon-Wellspring, F|100/100
|-damage|p2a: Ogerpon|88/100|[from] Stealth Rock
|-damage|p2a: Ogerpon|63/100|[from] Spikes
|turn|23
|
|t:|1776097353
|move|p2a: Ogerpon|Horn Leech|p1a: Wal-Lu
|-supereffective|p1a: Wal-Lu
|-damage|p1a: Wal-Lu|10/100
|-heal|p2a: Ogerpon|100/100|[from] drain|[of] p1a: Wal-Lu
|move|p1a: Wal-Lu|Whirlwind|p2a: Ogerpon
|drag|p2a: Landorus|Landorus-Therian, M, tera:Ghost|11/100
|-damage|p2a: Landorus|0 fnt|[from] Stealth Rock
|faint|p2a: Landorus
|
|upkeep
|
|t:|1776097363
|switch|p2a: Ogerpon|Ogerpon-Wellspring, F|100/100
|-damage|p2a: Ogerpon|88/100|[from] Stealth Rock
|-damage|p2a: Ogerpon|63/100|[from] Spikes
|turn|24
|
|t:|1776097368
|switch|p1a: Reaper|Scizor, M|14/100
|-damage|p1a: Reaper|2/100|[from] Stealth Rock
|move|p2a: Ogerpon|Horn Leech|p1a: Reaper
|-resisted|p1a: Reaper
|-damage|p1a: Reaper|0 fnt
|-heal|p2a: Ogerpon|64/100|[from] drain|[of] p1a: Reaper
|faint|p1a: Reaper
|
|upkeep
|
|t:|1776097370
|switch|p1a: Raging Quit|Garganacl, M, tera:Ghost|100/100
|-damage|p1a: Raging Quit|88/100|[from] Stealth Rock
|turn|25
|
|t:|1776097377
|move|p2a: Ogerpon|Ivy Cudgel|p1a: Raging Quit|[anim] Ivy Cudgel Water
|-crit|p1a: Raging Quit
|-damage|p1a: Raging Quit|42/100
|move|p1a: Raging Quit|Salt Cure|p2a: Ogerpon
|-damage|p2a: Ogerpon|46/100
|-start|p2a: Ogerpon|Salt Cure
|
|-heal|p1a: Raging Quit|48/100|[from] item: Leftovers
|-damage|p2a: Ogerpon|21/100|[from] Salt Cure
|upkeep
|turn|26
|
|t:|1776097383
|switch|p2a: Muk|Muk-Alola, F|73/100
|-damage|p2a: Muk|60/100|[from] Stealth Rock
|-damage|p2a: Muk|36/100|[from] Spikes
|move|p1a: Raging Quit|Recover|p1a: Raging Quit
|-heal|p1a: Raging Quit|98/100
|
|-heal|p2a: Muk|42/100|[from] item: Leftovers
|-heal|p1a: Raging Quit|100/100|[from] item: Leftovers
|upkeep
|turn|27
|
|t:|1776097388
|switch|p1a: Wal-Lu|Ting-Lu|10/100
|-damage|p1a: Wal-Lu|4/100|[from] Stealth Rock
|-ability|p1a: Wal-Lu|Vessel of Ruin
|move|p2a: Muk|Knock Off|p1a: Wal-Lu
|-resisted|p1a: Wal-Lu
|-damage|p1a: Wal-Lu|0 fnt
|faint|p1a: Wal-Lu
|
|-heal|p2a: Muk|48/100|[from] item: Leftovers
|upkeep
|
|t:|1776097390
|switch|p1a: Great Neck|Raging Bolt|50/100
|-damage|p1a: Great Neck|38/100|[from] Stealth Rock
|turn|28
|
|t:|1776097393
|move|p1a: Great Neck|Dragon Pulse|p2a: Muk
|-damage|p2a: Muk|10/100
|move|p2a: Muk|Rest|p2a: Muk
|-status|p2a: Muk|slp|[from] move: Rest
|-heal|p2a: Muk|100/100 slp|[silent]
|
|upkeep
|turn|29
|
|t:|1776097398
|move|p1a: Great Neck|Dragon Pulse|p2a: Muk
|-damage|p2a: Muk|62/100 slp
|cant|p2a: Muk|slp
|move|p2a: Muk|Sleep Talk|p2a: Muk
|move|p2a: Muk|Rest||[from] move: Sleep Talk|[still]
|-fail|p2a: Muk
|
|-heal|p2a: Muk|68/100 slp|[from] item: Leftovers
|upkeep
|turn|30
|
|t:|1776097406
|move|p1a: Great Neck|Dragon Pulse|p2a: Muk
|-damage|p2a: Muk|32/100 slp
|cant|p2a: Muk|slp
|move|p2a: Muk|Sleep Talk|p2a: Muk
|move|p2a: Muk|Rest||[from] move: Sleep Talk|[still]
|-fail|p2a: Muk
|
|-heal|p2a: Muk|38/100 slp|[from] item: Leftovers
|upkeep
|turn|31
|
|t:|1776097414
|move|p1a: Great Neck|Dragon Pulse|p2a: Muk
|-damage|p2a: Muk|4/100 slp
|-curestatus|p2a: Muk|slp|[msg]
|move|p2a: Muk|Rest|p2a: Muk
|-status|p2a: Muk|slp|[from] move: Rest
|-heal|p2a: Muk|100/100 slp|[silent]
|
|upkeep
|turn|32
|
|t:|1776097420
|move|p1a: Great Neck|Dragon Pulse|p2a: Muk
|-damage|p2a: Muk|62/100 slp
|cant|p2a: Muk|slp
|move|p2a: Muk|Sleep Talk|p2a: Muk
|move|p2a: Muk|Poison Jab|p1a: Great Neck|[from] move: Sleep Talk
|-damage|p1a: Great Neck|12/100
|-status|p1a: Great Neck|psn
|
|-heal|p2a: Muk|68/100 slp|[from] item: Leftovers
|-damage|p1a: Great Neck|0 fnt|[from] psn
|faint|p1a: Great Neck
|-end|p1a: Great Neck|Protosynthesis|[silent]
|upkeep
|
|t:|1776097423
|switch|p1a: Raging Quit|Garganacl, M, tera:Ghost|100/100
|-damage|p1a: Raging Quit|88/100|[from] Stealth Rock
|turn|33
|
|t:|1776097432
|cant|p2a: Muk|slp
|move|p2a: Muk|Sleep Talk|p2a: Muk
|move|p2a: Muk|Poison Jab|p1a: Raging Quit|[from] move: Sleep Talk
|-resisted|p1a: Raging Quit
|-damage|p1a: Raging Quit|81/100
|move|p1a: Raging Quit|Block|p2a: Muk
|-activate|p2a: Muk|trapped
|
|-heal|p2a: Muk|74/100 slp|[from] item: Leftovers
|-heal|p1a: Raging Quit|87/100|[from] item: Leftovers
|upkeep
|turn|34
|
|t:|1776097447
|-curestatus|p2a: Muk|slp|[msg]
|move|p2a: Muk|Knock Off|p1a: Raging Quit
|-supereffective|p1a: Raging Quit
|-damage|p1a: Raging Quit|54/100
|-enditem|p1a: Raging Quit|Leftovers|[from] move: Knock Off|[of] p2a: Muk
|move|p1a: Raging Quit|Salt Cure|p2a: Muk
|-damage|p2a: Muk|61/100
|-start|p2a: Muk|Salt Cure
|
|-heal|p2a: Muk|67/100|[from] item: Leftovers
|-damage|p2a: Muk|55/100|[from] Salt Cure
|upkeep
|turn|35
|
|t:|1776097455
|move|p2a: Muk|Knock Off|p1a: Raging Quit
|-supereffective|p1a: Raging Quit
|-damage|p1a: Raging Quit|30/100
|move|p1a: Raging Quit|Recover|p1a: Raging Quit
|-heal|p1a: Raging Quit|80/100
|
|-heal|p2a: Muk|61/100|[from] item: Leftovers
|-damage|p2a: Muk|48/100|[from] Salt Cure
|upkeep
|turn|36
|
|t:|1776097462
|move|p2a: Muk|Knock Off|p1a: Raging Quit
|-supereffective|p1a: Raging Quit
|-damage|p1a: Raging Quit|54/100
|move|p1a: Raging Quit|Salt Cure|p2a: Muk
|-damage|p2a: Muk|36/100
|
|-heal|p2a: Muk|42/100|[from] item: Leftovers
|-damage|p2a: Muk|30/100|[from] Salt Cure
|upkeep
|turn|37
|
|t:|1776097468
|move|p2a: Muk|Rest|p2a: Muk
|-status|p2a: Muk|slp|[from] move: Rest
|-heal|p2a: Muk|100/100 slp|[silent]
|move|p1a: Raging Quit|Recover|p1a: Raging Quit
|-heal|p1a: Raging Quit|100/100
|
|-damage|p2a: Muk|88/100 slp|[from] Salt Cure
|upkeep
|turn|38
|
|t:|1776097474
|cant|p2a: Muk|slp
|move|p2a: Muk|Sleep Talk|p2a: Muk
|move|p2a: Muk|Poison Jab|p1a: Raging Quit|[from] move: Sleep Talk
|-resisted|p1a: Raging Quit
|-damage|p1a: Raging Quit|94/100
|move|p1a: Raging Quit|Curse|p2a: Muk
|-start|p2a: Muk|Curse|[of] p1a: Raging Quit
|-damage|p1a: Raging Quit|44/100
|
|-heal|p2a: Muk|94/100 slp|[from] item: Leftovers
|-damage|p2a: Muk|69/100 slp|[from] Curse
|-damage|p2a: Muk|57/100 slp|[from] Salt Cure
|upkeep
|turn|39
|
|t:|1776097485
|cant|p2a: Muk|slp
|move|p2a: Muk|Sleep Talk|p2a: Muk
|move|p2a: Muk|Poison Jab|p1a: Raging Quit|[from] move: Sleep Talk
|-resisted|p1a: Raging Quit
|-damage|p1a: Raging Quit|37/100
|move|p1a: Raging Quit|Recover|p1a: Raging Quit
|-heal|p1a: Raging Quit|87/100
|
|-heal|p2a: Muk|63/100 slp|[from] item: Leftovers
|-damage|p2a: Muk|38/100 slp|[from] Curse
|-damage|p2a: Muk|26/100 slp|[from] Salt Cure
|upkeep
|turn|40
|
|t:|1776097496
|-curestatus|p2a: Muk|slp|[msg]
|move|p2a: Muk|Rest|p2a: Muk
|-status|p2a: Muk|slp|[from] move: Rest
|-heal|p2a: Muk|100/100 slp|[silent]
|move|p1a: Raging Quit|Salt Cure|p2a: Muk
|-damage|p2a: Muk|89/100 slp
|
|-heal|p2a: Muk|95/100 slp|[from] item: Leftovers
|-damage|p2a: Muk|71/100 slp|[from] Curse
|-damage|p2a: Muk|58/100 slp|[from] Salt Cure
|upkeep
|turn|41
|
|t:|1776097500
|cant|p2a: Muk|slp
|move|p2a: Muk|Sleep Talk|p2a: Muk
|move|p2a: Muk|Poison Jab|p1a: Raging Quit|[from] move: Sleep Talk
|-resisted|p1a: Raging Quit
|-damage|p1a: Raging Quit|80/100
|move|p1a: Raging Quit|Salt Cure|p2a: Muk
|-damage|p2a: Muk|46/100 slp
|
|-heal|p2a: Muk|52/100 slp|[from] item: Leftovers
|-damage|p2a: Muk|27/100 slp|[from] Curse
|-damage|p2a: Muk|15/100 slp|[from] Salt Cure
|upkeep
|turn|42
|
|t:|1776097506
|cant|p2a: Muk|slp
|move|p2a: Muk|Sleep Talk|p2a: Muk
|move|p2a: Muk|Poison Jab|p1a: Raging Quit|[from] move: Sleep Talk
|-resisted|p1a: Raging Quit
|-damage|p1a: Raging Quit|73/100
|move|p1a: Raging Quit|Recover|p1a: Raging Quit
|-heal|p1a: Raging Quit|100/100
|
|-heal|p2a: Muk|21/100 slp|[from] item: Leftovers
|-damage|p2a: Muk|0 fnt|[from] Curse
|faint|p2a: Muk
|upkeep
|
|t:|1776097509
|switch|p2a: Ogerpon|Ogerpon-Wellspring, F|21/100
|-damage|p2a: Ogerpon|9/100|[from] Stealth Rock
|-damage|p2a: Ogerpon|0 fnt|[from] Spikes
|faint|p2a: Ogerpon
|
|win|ayerbe
|raw|ayerbe's rating: 1370 &rarr; <strong>1391</strong><br />(+21 for winning)
|raw|Thederpa1's rating: 1391 &rarr; <strong>1370</strong><br />(-21 for losing)
|l| ohko_smeargle
|l|☆Thederpa1
|player|p2|
|l|☆ayerbe
|player|p1|
