|html|<div class="broadcast-blue"><strong>[Gen 9] OU is currently suspecting Tera Blast! For information on how to participate check out the <a href="https://www.smogon.com/tools/suspects/view/200">suspect thread</a>.</strong></div>
|j|☆GrottiUF27
|j|☆magistermilitum420
|t:|1776189164
|gametype|singles
|player|p1|GrottiUF27|volkner|1315
|player|p2|magistermilitum420|blue|1326
|gen|9
|tier|[Gen 9] OU
|rated|
|rule|HP Percentage Mod: HP is shown in percentages
|rule|Endless Battle Clause: Forcing endless battles is banned
|rule|Species Clause: Limit one of each Pokémon
|rule|OHKO Clause: OHKO moves are banned
|rule|Evasion Items Clause: Evasion items are banned
|rule|Evasion Moves Clause: Evasion moves are banned
|rule|Evasion Abilities Clause: Evasion abilities are banned
|rule|Sleep Moves Clause: Sleep-inducing moves are banned
|clearpoke
|poke|p1|Iron Moth|
|poke|p1|Samurott-Hisui, M|
|poke|p1|Gliscor, F|
|poke|p1|Pecharunt|
|poke|p1|Raging Bolt|
|poke|p1|Iron Treads|
|poke|p2|Meowscarada, F|
|poke|p2|Great Tusk|
|poke|p2|Alomomola, F|
|poke|p2|Slowking-Galar, F|
|poke|p2|Iron Valiant|
|poke|p2|Heatran, M|
|teampreview
|j| ohko_smeargle
|
|t:|1776189172
|teamsize|p1|6
|teamsize|p2|6
|start
|switch|p1a: Yokai|Samurott-Hisui, M, shiny|100/100
|switch|p2a: Mahad|Meowscarada, F, shiny|100/100
|turn|1
|
|t:|1776189183
|switch|p1a: Dont Tread on Me|Iron Treads|100/100
|-enditem|p1a: Dont Tread on Me|Booster Energy
|-activate|p1a: Dont Tread on Me|ability: Quark Drive|[fromitem]
|-start|p1a: Dont Tread on Me|quarkdriveatk
|move|p2a: Mahad|U-turn|p1a: Dont Tread on Me
|-start|p2a: Mahad|typechange|Bug|[from] ability: Protean
|-resisted|p1a: Dont Tread on Me
|-damage|p1a: Dont Tread on Me|85/100
|
|t:|1776189198
|switch|p2a: Charybdis|Alomomola, F, shiny|100/100|[from] U-turn
|
|upkeep
|turn|2
|
|t:|1776189206
|move|p1a: Dont Tread on Me|Earthquake|p2a: Charybdis
|-damage|p2a: Charybdis|65/100
|move|p2a: Charybdis|Flip Turn|p1a: Dont Tread on Me
|-supereffective|p1a: Dont Tread on Me
|-damage|p1a: Dont Tread on Me|58/100
|
|t:|1776189213
|switch|p2a: Mahad|Meowscarada, F, shiny|100/100|[from] Flip Turn
|
|upkeep
|turn|3
|
|t:|1776189220
|move|p2a: Mahad|U-turn|p1a: Dont Tread on Me
|-start|p2a: Mahad|typechange|Bug|[from] ability: Protean
|-resisted|p1a: Dont Tread on Me
|-damage|p1a: Dont Tread on Me|42/100
|
|t:|1776189228
|switch|p2a: Barca|Great Tusk|100/100|[from] U-turn
|move|p1a: Dont Tread on Me|Ice Spinner|p2a: Barca
|-supereffective|p2a: Barca
|-damage|p2a: Barca|66/100
|
|-heal|p2a: Barca|72/100|[from] item: Leftovers
|upkeep
|turn|4
|
|t:|1776189238
|-end|p1a: Dont Tread on Me|Quark Drive|[silent]
|switch|p1a: Toxic Merchant|Gliscor, F, shiny|100/100
|move|p2a: Barca|Stealth Rock|p1a: Toxic Merchant
|-sidestart|p1: GrottiUF27|move: Stealth Rock
|
|-heal|p2a: Barca|78/100|[from] item: Leftovers
|-status|p1a: Toxic Merchant|tox|[from] item: Toxic Orb
|upkeep
|turn|5
|
|t:|1776189257
|move|p1a: Toxic Merchant|Ice Fang|p2a: Barca
|-supereffective|p2a: Barca
|-damage|p2a: Barca|62/100
|move|p2a: Barca|Rapid Spin|p1a: Toxic Merchant
|-damage|p1a: Toxic Merchant|87/100 tox
|-boost|p2a: Barca|spe|1
|
|-heal|p2a: Barca|68/100|[from] item: Leftovers
|-heal|p1a: Toxic Merchant|99/100 tox|[from] ability: Poison Heal
|upkeep
|turn|6
|l|☆GrottiUF27
|player|p1|
|inactive|Battle timer is ON: inactive players will automatically lose when time's up. (requested by magistermilitum420)
|inactive|GrottiUF27 has 30 seconds to reconnect!
|inactive|GrottiUF27 has 20 seconds to reconnect!
|inactive|GrottiUF27 has 15 seconds to reconnect!
|inactive|GrottiUF27 has 10 seconds to reconnect!
|inactive|GrottiUF27 has 5 seconds to reconnect!
|-message|GrottiUF27 lost due to inactivity.
|
|win|magistermilitum420
|raw|GrottiUF27's rating: 1315 &rarr; <strong>1296</strong><br />(-19 for losing)
|raw|magistermilitum420's rating: 1326 &rarr; <strong>1345</strong><br />(+19 for winning)
|l| ohko_smeargle
