|html|<div class="broadcast-blue"><strong>[Gen 9] OU is currently suspecting Tera Blast! For information on how to participate check out the <a href="https://www.smogon.com/tools/suspects/view/200">suspect thread</a>.</strong></div>
|j|☆aislinn4eva247
|j|☆instanticetea
|t:|1776099242
|gametype|singles
|player|p1|aislinn4eva247|scientist-gen4dp|1489
|player|p2|instanticetea|169|1467
|gen|9
|tier|[Gen 9] OU
|rated|
|rule|HP Percentage Mod: HP is shown in percentages
|rule|Endless Battle Clause: Forcing endless battles is banned
|rule|Species Clause: Limit one of each Pokémon
|rule|OHKO Clause: OHKO moves are banned
|rule|Evasion Items Clause: Evasion items are banned
|rule|Evasion Moves Clause: Evasion moves are banned
|rule|Evasion Abilities Clause: Evasion abilities are banned
|rule|Sleep Moves Clause: Sleep-inducing moves are banned
|clearpoke
|poke|p1|Rillaboom, F|
|poke|p1|Dragapult, F|
|poke|p1|Samurott-Hisui, F|
|poke|p1|Noivern, F|
|poke|p1|Darkrai|
|poke|p1|Kingambit, F|
|poke|p2|Rillaboom, M|
|poke|p2|Tyranitar, F|
|poke|p2|Iron Valiant|
|poke|p2|Great Tusk|
|poke|p2|Corviknight, M|
|poke|p2|Ribombee, M|
|teampreview
|
|t:|1776099253
|teamsize|p1|6
|teamsize|p2|6
|start
|switch|p1a: Noivern|Noivern, F|100/100
|switch|p2a: Rillaboom|Rillaboom, M|100/100
|-fieldstart|move: Grassy Terrain|[from] ability: Grassy Surge|[of] p2a: Rillaboom
|turn|1
|
|t:|1776099257
|move|p1a: Noivern|Air Slash|p2a: Rillaboom
|-supereffective|p2a: Rillaboom
|-damage|p2a: Rillaboom|53/100
|cant|p2a: Rillaboom|flinch
|
|-heal|p2a: Rillaboom|59/100|[from] Grassy Terrain
|upkeep
|turn|2
|
|t:|1776099260
|move|p1a: Noivern|Air Slash|p2a: Rillaboom
|-supereffective|p2a: Rillaboom
|-damage|p2a: Rillaboom|13/100
|move|p2a: Rillaboom|Knock Off|p1a: Noivern
|-damage|p1a: Noivern|54/100
|-enditem|p1a: Noivern|Heavy-Duty Boots|[from] move: Knock Off|[of] p2a: Rillaboom
|
|-heal|p2a: Rillaboom|19/100|[from] Grassy Terrain
|upkeep
|turn|3
|
|t:|1776099265
|move|p1a: Noivern|Flamethrower|p2a: Rillaboom
|-supereffective|p2a: Rillaboom
|-damage|p2a: Rillaboom|0 fnt
|faint|p2a: Rillaboom
|
|upkeep
|
|t:|1776099270
|switch|p2a: Ribombee|Ribombee, M|100/100
|-enditem|p2a: Ribombee|Grassy Seed
|-boost|p2a: Ribombee|def|1|[from] item: Grassy Seed
|turn|4
|
|t:|1776099273
|-terastallize|p2a: Ribombee|Ground
|move|p1a: Noivern|Air Slash|p2a: Ribombee
|-damage|p2a: Ribombee|55/100
|move|p2a: Ribombee|Quiver Dance|p2a: Ribombee
|-boost|p2a: Ribombee|spa|1
|-boost|p2a: Ribombee|spd|1
|-boost|p2a: Ribombee|spe|1
|
|-heal|p2a: Ribombee|61/100|[from] Grassy Terrain
|upkeep
|turn|5
|
|t:|1776099284
|move|p2a: Ribombee|Quiver Dance|p2a: Ribombee
|-boost|p2a: Ribombee|spa|1
|-boost|p2a: Ribombee|spd|1
|-boost|p2a: Ribombee|spe|1
|move|p1a: Noivern|Dragon Pulse|p2a: Ribombee
|-damage|p2a: Ribombee|36/100
|
|-heal|p2a: Ribombee|42/100|[from] Grassy Terrain
|-fieldend|move: Grassy Terrain
|upkeep
|turn|6
|
|t:|1776099289
|move|p2a: Ribombee|Draining Kiss|p1a: Noivern
|-supereffective|p1a: Noivern
|-damage|p1a: Noivern|0 fnt
|-heal|p2a: Ribombee|81/100|[from] drain|[of] p1a: Noivern
|faint|p1a: Noivern
|
|upkeep
|
|t:|1776099294
|switch|p1a: Samurott|Samurott-Hisui, F|100/100
|turn|7
|
|t:|1776099299
|move|p2a: Ribombee|Charm|p1a: Samurott
|-unboost|p1a: Samurott|atk|2
|move|p1a: Samurott|Razor Shell|p2a: Ribombee
|-supereffective|p2a: Ribombee
|-damage|p2a: Ribombee|45/100
|
|upkeep
|turn|8
|
|t:|1776099308
|switch|p1a: Dragapult|Dragapult, F|100/100
|move|p2a: Ribombee|Draining Kiss|p1a: Dragapult
|-supereffective|p1a: Dragapult
|-damage|p1a: Dragapult|17/100
|-heal|p2a: Ribombee|100/100|[from] drain|[of] p1a: Dragapult
|
|upkeep
|turn|9
|
|t:|1776099313
|move|p2a: Ribombee|Draining Kiss|p1a: Dragapult
|-supereffective|p1a: Dragapult
|-damage|p1a: Dragapult|0 fnt
|faint|p1a: Dragapult
|
|upkeep
|
|t:|1776099315
|switch|p1a: Samurott|Samurott-Hisui, F|100/100
|turn|10
|
|t:|1776099318
|move|p2a: Ribombee|Draining Kiss|p1a: Samurott
|-supereffective|p1a: Samurott
|-enditem|p1a: Samurott|Focus Sash
|-damage|p1a: Samurott|1/100
|move|p1a: Samurott|Razor Shell|p2a: Ribombee
|-supereffective|p2a: Ribombee
|-damage|p2a: Ribombee|26/100
|
|upkeep
|turn|11
|
|t:|1776099327
|move|p1a: Samurott|Sucker Punch||[still]
|-fail|p1a: Samurott
|move|p2a: Ribombee|Charm|p1a: Samurott
|-unboost|p1a: Samurott|atk|2
|
|upkeep
|turn|12
|
|t:|1776099330
|move|p1a: Samurott|Sucker Punch|p2a: Ribombee
|-damage|p2a: Ribombee|16/100
|move|p2a: Ribombee|Draining Kiss|p1a: Samurott
|-supereffective|p1a: Samurott
|-damage|p1a: Samurott|0 fnt
|-heal|p2a: Ribombee|16/100|[from] drain|[of] p1a: Samurott
|faint|p1a: Samurott
|
|upkeep
|
|t:|1776099334
|switch|p1a: Darkrai|Darkrai|100/100
|turn|13
|
|t:|1776099338
|move|p2a: Ribombee|Draining Kiss|p1a: Darkrai
|-supereffective|p1a: Darkrai
|-damage|p1a: Darkrai|10/100
|-heal|p2a: Ribombee|75/100|[from] drain|[of] p1a: Darkrai
|move|p1a: Darkrai|Dark Pulse|p2a: Ribombee
|-damage|p2a: Ribombee|27/100
|
|upkeep
|turn|14
|
|t:|1776099344
|move|p2a: Ribombee|Draining Kiss|p1a: Darkrai
|-supereffective|p1a: Darkrai
|-crit|p1a: Darkrai
|-damage|p1a: Darkrai|0 fnt
|-heal|p2a: Ribombee|33/100|[from] drain|[of] p1a: Darkrai
|faint|p1a: Darkrai
|
|upkeep
|
|t:|1776099346
|switch|p1a: Rillaboom|Rillaboom, F|100/100
|-fieldstart|move: Grassy Terrain|[from] ability: Grassy Surge|[of] p1a: Rillaboom
|turn|15
|
|t:|1776099350
|move|p1a: Rillaboom|Grassy Glide|p2a: Ribombee
|-supereffective|p2a: Ribombee
|-damage|p2a: Ribombee|0 fnt
|faint|p2a: Ribombee
|
|upkeep
|
|t:|1776099359
|switch|p2a: Corviknight|Corviknight, M|100/100
|-ability|p2a: Corviknight|Pressure
|turn|16
|
|t:|1776099361
|move|p1a: Rillaboom|U-turn|p2a: Corviknight
|-resisted|p2a: Corviknight
|-damage|p2a: Corviknight|96/100
|
|t:|1776099363
|switch|p1a: Kingambit|Kingambit, F|100/100|[from] U-turn
|-activate|p1a: Kingambit|ability: Supreme Overlord
|-start|p1a: Kingambit|fallen4|[silent]
|move|p2a: Corviknight|Bulk Up|p2a: Corviknight
|-boost|p2a: Corviknight|atk|1
|-boost|p2a: Corviknight|def|1
|
|-heal|p2a: Corviknight|100/100|[from] item: Leftovers
|upkeep
|turn|17
|
|t:|1776099367
|-terastallize|p1a: Kingambit|Fire
|move|p2a: Corviknight|Bulk Up|p2a: Corviknight
|-boost|p2a: Corviknight|atk|1
|-boost|p2a: Corviknight|def|1
|move|p1a: Kingambit|Swords Dance|p1a: Kingambit
|-boost|p1a: Kingambit|atk|2
|
|upkeep
|turn|18
|
|t:|1776099373
|move|p2a: Corviknight|Bulk Up|p2a: Corviknight
|-boost|p2a: Corviknight|atk|1
|-boost|p2a: Corviknight|def|1
|move|p1a: Kingambit|Swords Dance|p1a: Kingambit
|-boost|p1a: Kingambit|atk|2
|
|upkeep
|turn|19
|
|t:|1776099378
|move|p2a: Corviknight|Brave Bird|p1a: Kingambit
|-damage|p1a: Kingambit|26/100
|-damage|p2a: Corviknight|77/100|[from] Recoil
|move|p1a: Kingambit|Swords Dance|p1a: Kingambit
|-boost|p1a: Kingambit|atk|2
|
|-heal|p2a: Corviknight|84/100|[from] item: Leftovers
|-heal|p1a: Kingambit|32/100|[from] Grassy Terrain
|-heal|p1a: Kingambit|38/100|[from] item: Leftovers
|upkeep
|turn|20
|
|t:|1776099385
|move|p1a: Kingambit|Sucker Punch|p2a: Corviknight
|-crit|p2a: Corviknight
|-damage|p2a: Corviknight|0 fnt
|faint|p2a: Corviknight
|
|-heal|p1a: Kingambit|44/100|[from] Grassy Terrain
|-heal|p1a: Kingambit|50/100|[from] item: Leftovers
|upkeep
|inactive|Battle timer is ON: inactive players will automatically lose when time's up. (requested by aislinn4eva247)
|
|t:|1776099399
|switch|p2a: Iron Valiant|Iron Valiant|100/100
|-enditem|p2a: Iron Valiant|Booster Energy
|-activate|p2a: Iron Valiant|ability: Quark Drive|[fromitem]
|-start|p2a: Iron Valiant|quarkdrivespe
|turn|21
|
|t:|1776099402
|move|p1a: Kingambit|Sucker Punch|p2a: Iron Valiant
|-resisted|p2a: Iron Valiant
|-damage|p2a: Iron Valiant|20/100
|move|p2a: Iron Valiant|Close Combat|p1a: Kingambit
|-damage|p1a: Kingambit|9/100
|-unboost|p2a: Iron Valiant|def|1
|-unboost|p2a: Iron Valiant|spd|1
|
|-heal|p2a: Iron Valiant|26/100|[from] Grassy Terrain
|-heal|p1a: Kingambit|15/100|[from] Grassy Terrain
|-heal|p1a: Kingambit|21/100|[from] item: Leftovers
|upkeep
|turn|22
|
|t:|1776099413
|move|p1a: Kingambit|Sucker Punch|p2a: Iron Valiant
|-resisted|p2a: Iron Valiant
|-damage|p2a: Iron Valiant|0 fnt
|faint|p2a: Iron Valiant
|-end|p2a: Iron Valiant|Quark Drive|[silent]
|
|-heal|p1a: Kingambit|27/100|[from] Grassy Terrain
|-heal|p1a: Kingambit|33/100|[from] item: Leftovers
|-fieldend|move: Grassy Terrain
|upkeep
|
|t:|1776099415
|switch|p2a: Tyranitar|Tyranitar, F|100/100
|-weather|Sandstorm|[from] ability: Sand Stream|[of] p2a: Tyranitar
|turn|23
|
|t:|1776099422
|move|p1a: Kingambit|Iron Head|p2a: Tyranitar
|-supereffective|p2a: Tyranitar
|-damage|p2a: Tyranitar|0 fnt
|faint|p2a: Tyranitar
|
|-weather|Sandstorm|[upkeep]
|-damage|p1a: Kingambit|27/100|[from] Sandstorm
|-heal|p1a: Kingambit|33/100|[from] item: Leftovers
|upkeep
|
|t:|1776099425
|switch|p2a: Great Tusk|Great Tusk|100/100
|-enditem|p2a: Great Tusk|Booster Energy
|-activate|p2a: Great Tusk|ability: Protosynthesis|[fromitem]
|-start|p2a: Great Tusk|protosynthesisatk
|turn|24
|
|t:|1776099434
|move|p1a: Kingambit|Sucker Punch|p2a: Great Tusk
|-resisted|p2a: Great Tusk
|-damage|p2a: Great Tusk|10/100
|move|p2a: Great Tusk|Close Combat|p1a: Kingambit
|-damage|p1a: Kingambit|0 fnt
|-unboost|p2a: Great Tusk|def|1
|-unboost|p2a: Great Tusk|spd|1
|faint|p1a: Kingambit
|-end|p1a: Kingambit|fallen4|[silent]
|
|-weather|Sandstorm|[upkeep]
|upkeep
|
|t:|1776099437
|switch|p1a: Rillaboom|Rillaboom, F|100/100
|-fieldstart|move: Grassy Terrain|[from] ability: Grassy Surge|[of] p1a: Rillaboom
|turn|25
|
|t:|1776099441
|move|p1a: Rillaboom|Grassy Glide|p2a: Great Tusk
|-supereffective|p2a: Great Tusk
|-damage|p2a: Great Tusk|0 fnt
|faint|p2a: Great Tusk
|-end|p2a: Great Tusk|Protosynthesis|[silent]
|
|win|aislinn4eva247
|raw|aislinn4eva247's rating: 1489 &rarr; <strong>1508</strong><br />(+19 for winning)
|raw|instanticetea's rating: 1467 &rarr; <strong>1448</strong><br />(-19 for losing)
|l|☆instanticetea
|player|p2|
|l|☆aislinn4eva247
|player|p1|
