|html|<div class="broadcast-blue"><strong>[Gen 9] OU is currently suspecting Tera Blast! For information on how to participate check out the <a href="https://www.smogon.com/tools/suspects/view/200">suspect thread</a>.</strong></div>
|j|☆blooaxolotl
|j|☆LiamUtp
|t:|1776351834
|gametype|singles
|player|p1|blooaxolotl|gambler|
|player|p2|LiamUtp|lucas|
|gen|9
|tier|[Gen 9] OU
|rule|HP Percentage Mod: HP is shown in percentages
|rule|Endless Battle Clause: Forcing endless battles is banned
|rule|Species Clause: Limit one of each Pokémon
|rule|OHKO Clause: OHKO moves are banned
|rule|Evasion Items Clause: Evasion items are banned
|rule|Evasion Moves Clause: Evasion moves are banned
|rule|Evasion Abilities Clause: Evasion abilities are banned
|rule|Sleep Moves Clause: Sleep-inducing moves are banned
|clearpoke
|poke|p1|Clefable, F|
|poke|p1|Primarina, M|
|poke|p1|Tinkaton, F|
|poke|p1|Gardevoir, F|
|poke|p1|Ribombee, F|
|poke|p1|Iron Valiant|
|poke|p2|Moltres-Galar|
|poke|p2|Greninja-*, M|
|poke|p2|Houndoom, F|
|poke|p2|Weavile, F|
|poke|p2|Zarude|
|poke|p2|Lokix, M|
|teampreview
|
|t:|1776351842
|teamsize|p1|6
|teamsize|p2|6
|start
|switch|p1a: Iron Valiant|Iron Valiant|100/100
|switch|p2a: Lokix|Lokix, M|100/100
|-enditem|p1a: Iron Valiant|Booster Energy
|-activate|p1a: Iron Valiant|ability: Quark Drive|[fromitem]
|-start|p1a: Iron Valiant|quarkdrivespe
|turn|1
|
|t:|1776351851
|move|p2a: Lokix|First Impression|p1a: Iron Valiant
|-resisted|p1a: Iron Valiant
|-damage|p1a: Iron Valiant|77/100
|move|p1a: Iron Valiant|Moonblast|p2a: Lokix
|-supereffective|p2a: Lokix
|-enditem|p2a: Lokix|Focus Sash
|-damage|p2a: Lokix|1/100
|
|upkeep
|turn|2
|
|t:|1776351862
|move|p2a: Lokix|Sucker Punch|p1a: Iron Valiant
|-resisted|p1a: Iron Valiant
|-damage|p1a: Iron Valiant|57/100
|move|p1a: Iron Valiant|Knock Off|p2a: Lokix
|-resisted|p2a: Lokix
|-damage|p2a: Lokix|0 fnt
|faint|p2a: Lokix
|
|upkeep
|
|t:|1776351871
|switch|p2a: Moltres|Moltres-Galar|100/100
|turn|3
|
|t:|1776351878
|-terastallize|p2a: Moltres|Psychic
|move|p1a: Iron Valiant|Moonblast|p2a: Moltres
|-damage|p2a: Moltres|64/100
|-unboost|p2a: Moltres|spa|1
|move|p2a: Moltres|Tera Blast|p1a: Iron Valiant|[anim] Tera Blast Psychic
|-supereffective|p1a: Iron Valiant
|-crit|p1a: Iron Valiant
|-damage|p1a: Iron Valiant|0 fnt
|faint|p1a: Iron Valiant
|-end|p1a: Iron Valiant|Quark Drive|[silent]
|
|upkeep
|
|t:|1776351886
|switch|p1a: Gardevoir|Gardevoir, F|100/100
|-ability|p1a: Gardevoir|Berserk|Trace|[from] ability: Trace|[of] p2a: Moltres
|turn|4
|
|t:|1776351893
|move|p1a: Gardevoir|Trick|p2a: Moltres
|-activate|p1a: Gardevoir|move: Trick|[of] p2a: Moltres
|-item|p2a: Moltres|Choice Scarf|[from] move: Trick
|-item|p1a: Gardevoir|Focus Sash|[from] move: Trick
|move|p2a: Moltres|Air Slash|p1a: Gardevoir
|-damage|p1a: Gardevoir|75/100
|
|upkeep
|turn|5
|
|t:|1776351905
|move|p2a: Moltres|Air Slash|p1a: Gardevoir
|-damage|p1a: Gardevoir|49/100
|-ability|p1a: Gardevoir|Berserk|boost
|-boost|p1a: Gardevoir|spa|1
|move|p1a: Gardevoir|Moonblast|p2a: Moltres
|-damage|p2a: Moltres|0 fnt
|faint|p2a: Moltres
|
|upkeep
|
|t:|1776351915
|switch|p2a: Greninja|Greninja, M|100/100
|turn|6
|
|t:|1776351919
|-terastallize|p1a: Gardevoir|Psychic
|move|p2a: Greninja|Sludge Wave|p1a: Gardevoir
|-start|p2a: Greninja|typechange|Poison|[from] ability: Protean
|-damage|p1a: Gardevoir|6/100
|move|p1a: Gardevoir|Moonblast|p2a: Greninja
|-resisted|p2a: Greninja
|-damage|p2a: Greninja|47/100
|
|upkeep
|turn|7
|
|t:|1776351929
|move|p2a: Greninja|Water Shuriken|p1a: Gardevoir
|-crit|p1a: Gardevoir
|-damage|p1a: Gardevoir|0 fnt
|faint|p1a: Gardevoir
|-hitcount|p1: Gardevoir|1
|
|upkeep
|
|t:|1776351932
|switch|p1a: Tinkaton|Tinkaton, F|100/100
|-ability|p1a: Tinkaton|Mold Breaker
|turn|8
|
|t:|1776351937
|move|p2a: Greninja|U-turn|p1a: Tinkaton
|-resisted|p1a: Tinkaton
|-damage|p1a: Tinkaton|96/100
|
|t:|1776351940
|switch|p2a: Zarude|Zarude|100/100|[from] U-turn
|move|p1a: Tinkaton|Gigaton Hammer|p2a: Zarude
|-damage|p2a: Zarude|48/100
|
|upkeep
|turn|9
|
|t:|1776351950
|move|p2a: Zarude|Acrobatics|p1a: Tinkaton
|-resisted|p1a: Tinkaton
|-damage|p1a: Tinkaton|72/100
|move|p1a: Tinkaton|Thunder Wave|p2a: Zarude
|-status|p2a: Zarude|par
|
|upkeep
|turn|10
|
|t:|1776351957
|move|p1a: Tinkaton|Gigaton Hammer|p2a: Zarude
|-damage|p2a: Zarude|0 fnt
|faint|p2a: Zarude
|
|upkeep
|
|t:|1776351965
|switch|p2a: Weavile|Weavile, F|100/100
|-ability|p2a: Weavile|Pressure
|turn|11
|
|t:|1776351971
|move|p2a: Weavile|Brick Break|p1a: Tinkaton
|-crit|p1a: Tinkaton
|-damage|p1a: Tinkaton|23/100
|move|p1a: Tinkaton|Thunder Wave|p2a: Weavile
|-status|p2a: Weavile|par
|
|upkeep
|turn|12
|
|t:|1776351978
|move|p1a: Tinkaton|Gigaton Hammer|p2a: Weavile
|-supereffective|p2a: Weavile
|-damage|p2a: Weavile|0 fnt
|faint|p2a: Weavile
|
|upkeep
|
|t:|1776351983
|switch|p2a: Houndoom|Houndoom, F|100/100
|-ability|p2a: Houndoom|Unnerve
|turn|13
|
|t:|1776351989
|switch|p1a: Primarina|Primarina, M|100/100
|move|p2a: Houndoom|Facade|p1a: Primarina
|-damage|p1a: Primarina|78/100
|
|upkeep
|turn|14
|
|t:|1776351998
|move|p2a: Houndoom|Facade|p1a: Primarina
|-damage|p1a: Primarina|56/100
|move|p1a: Primarina|Encore|p2a: Houndoom
|-start|p2a: Houndoom|Encore
|
|upkeep
|turn|15
|
|t:|1776352004
|move|p2a: Houndoom|Facade|p1a: Primarina
|-damage|p1a: Primarina|35/100
|move|p1a: Primarina|Hyper Voice|p2a: Houndoom
|-supereffective|p2a: Houndoom
|-crit|p2a: Houndoom
|-enditem|p2a: Houndoom|Focus Sash
|-damage|p2a: Houndoom|1/100
|-enditem|p1a: Primarina|Throat Spray
|-boost|p1a: Primarina|spa|1|[from] item: Throat Spray
|
|upkeep
|turn|16
|
|t:|1776352013
|move|p2a: Houndoom|Facade|p1a: Primarina
|-damage|p1a: Primarina|11/100
|move|p1a: Primarina|Psychic Noise|p2a: Houndoom
|-supereffective|p2a: Houndoom
|-damage|p2a: Houndoom|0 fnt
|faint|p2a: Houndoom
|
|upkeep
|
|t:|1776352025
|switch|p2a: Greninja|Greninja, M|47/100
|turn|17
|
|t:|1776352036
|move|p2a: Greninja|Water Shuriken|p1a: Primarina
|-start|p2a: Greninja|typechange|Water|[from] ability: Protean
|-resisted|p1a: Primarina
|-crit|p1a: Primarina
|-damage|p1a: Primarina|7/100
|-resisted|p1a: Primarina
|-damage|p1a: Primarina|4/100
|-resisted|p1a: Primarina
|-damage|p1a: Primarina|1/100
|-hitcount|p1a: Primarina|3
|move|p1a: Primarina|Moonblast|p2a: Greninja
|-damage|p2a: Greninja|0 fnt
|faint|p2a: Greninja
|
|win|blooaxolotl
|l|☆LiamUtp
|player|p2|
