|html|<div class="broadcast-blue"><strong>[Gen 9] OU is currently suspecting Tera Blast! For information on how to participate check out the <a href="https://www.smogon.com/tools/suspects/view/200">suspect thread</a>.</strong></div>
|j|☆Its NaCl
|j|☆eros maniac
|t:|1776093731
|gametype|singles
|player|p1|Its NaCl|flannery|1484
|player|p2|eros maniac|hilbert-wonderlauncher|1599
|gen|9
|tier|[Gen 9] OU
|rated|
|rule|HP Percentage Mod: HP is shown in percentages
|rule|Endless Battle Clause: Forcing endless battles is banned
|rule|Species Clause: Limit one of each Pokémon
|rule|OHKO Clause: OHKO moves are banned
|rule|Evasion Items Clause: Evasion items are banned
|rule|Evasion Moves Clause: Evasion moves are banned
|rule|Evasion Abilities Clause: Evasion abilities are banned
|rule|Sleep Moves Clause: Sleep-inducing moves are banned
|clearpoke
|poke|p1|Kommo-o, M|
|poke|p1|Iron Crown|
|poke|p1|Moltres|
|poke|p1|Ting-Lu|
|poke|p1|Iron Treads|
|poke|p1|Iron Valiant|
|poke|p2|Frosmoth, F|
|poke|p2|Maushold-Four|
|poke|p2|Okidogi, M|
|poke|p2|Sinistcha|
|poke|p2|Alomomola, F|
|poke|p2|Weezing-Galar, M|
|teampreview
|inactive|Battle timer is ON: inactive players will automatically lose when time's up. (requested by eros maniac)
|inactive|Its NaCl also wants the timer to be on.
|
|t:|1776093752
|teamsize|p1|6
|teamsize|p2|6
|start
|switch|p1a: Iron Treads|Iron Treads|100/100
|switch|p2a: Frosmoth|Frosmoth, F, shiny|100/100
|-enditem|p1a: Iron Treads|Booster Energy
|-activate|p1a: Iron Treads|ability: Quark Drive|[fromitem]
|-start|p1a: Iron Treads|quarkdrivespe
|turn|1
|
|t:|1776093761
|switch|p2a: Alomomola|Alomomola, F, shiny|100/100
|move|p1a: Iron Treads|Stealth Rock|p2a: Alomomola
|-sidestart|p2: eros maniac|move: Stealth Rock
|
|upkeep
|turn|2
|
|t:|1776093766
|move|p1a: Iron Treads|Knock Off|p2a: Alomomola
|-damage|p2a: Alomomola|87/100
|-damage|p1a: Iron Treads|84/100|[from] item: Rocky Helmet|[of] p2a: Alomomola
|-enditem|p2a: Alomomola|Rocky Helmet|[from] move: Knock Off|[of] p1a: Iron Treads
|move|p2a: Alomomola|Flip Turn|p1a: Iron Treads
|-supereffective|p1a: Iron Treads
|-damage|p1a: Iron Treads|60/100
|
|t:|1776093772
|switch|p2a: Sinistcha|Sinistcha, shiny|100/100|[from] Flip Turn
|-damage|p2a: Sinistcha|88/100|[from] Stealth Rock
|
|upkeep
|turn|3
|
|t:|1776093777
|move|p1a: Iron Treads|Knock Off|p2a: Sinistcha
|-supereffective|p2a: Sinistcha
|-enditem|p2a: Sinistcha|Colbur Berry|[eat]
|-enditem|p2a: Sinistcha|Colbur Berry|[weaken]
|-damage|p2a: Sinistcha|71/100
|move|p2a: Sinistcha|Shadow Ball|p1a: Iron Treads
|-damage|p1a: Iron Treads|16/100
|
|upkeep
|turn|4
|
|t:|1776093786
|-end|p1a: Iron Treads|Quark Drive|[silent]
|switch|p1a: Kommo-o|Kommo-o, M|100/100
|move|p2a: Sinistcha|Strength Sap|p1a: Kommo-o
|-unboost|p1a: Kommo-o|atk|1
|-heal|p2a: Sinistcha|100/100
|
|upkeep
|turn|5
|
|t:|1776093795
|switch|p2a: Maushold|Maushold-Four|100/100
|-damage|p2a: Maushold|88/100|[from] Stealth Rock
|move|p1a: Kommo-o|Substitute|p1a: Kommo-o
|-start|p1a: Kommo-o|Substitute
|-damage|p1a: Kommo-o|76/100
|
|-heal|p1a: Kommo-o|82/100|[from] item: Leftovers
|upkeep
|turn|6
|
|t:|1776093798
|move|p2a: Maushold|Encore|p1a: Kommo-o
|-start|p1a: Kommo-o|Encore
|move|p1a: Kommo-o|Substitute|p1a: Kommo-o
|-fail|p1a: Kommo-o|move: Substitute
|
|-heal|p1a: Kommo-o|88/100|[from] item: Leftovers
|upkeep
|turn|7
|
|t:|1776093807
|switch|p1a: Moltres|Moltres|100/100
|move|p2a: Maushold|Tidy Up|p2a: Maushold
|-sideend|p2: eros maniac|Stealth Rock
|-activate|p2a: Maushold|move: Tidy Up
|-boost|p2a: Maushold|atk|1
|-boost|p2a: Maushold|spe|1
|
|upkeep
|turn|8
|
|t:|1776093813
|switch|p2a: Alomomola|Alomomola, F, shiny|100/100
|move|p1a: Moltres|Roar|p2a: Alomomola
|drag|p2a: Okidogi|Okidogi, M|100/100
|
|upkeep
|turn|9
|
|t:|1776093817
|switch|p2a: Alomomola|Alomomola, F, shiny|100/100
|move|p1a: Moltres|U-turn|p2a: Alomomola
|-damage|p2a: Alomomola|91/100
|
|t:|1776093824
|switch|p1a: Kommo-o|Kommo-o, M|88/100|[from] U-turn
|
|-heal|p1a: Kommo-o|94/100|[from] item: Leftovers
|upkeep
|turn|10
|
|t:|1776093833
|move|p1a: Kommo-o|Clangorous Soul|p1a: Kommo-o
|-boost|p1a: Kommo-o|atk|1
|-boost|p1a: Kommo-o|def|1
|-boost|p1a: Kommo-o|spa|1
|-boost|p1a: Kommo-o|spd|1
|-boost|p1a: Kommo-o|spe|1
|-damage|p1a: Kommo-o|62/100
|move|p2a: Alomomola|Flip Turn|p1a: Kommo-o
|-resisted|p1a: Kommo-o
|-damage|p1a: Kommo-o|58/100
|
|t:|1776093857
|switch|p2a: Okidogi|Okidogi, M|100/100|[from] Flip Turn
|
|-heal|p1a: Kommo-o|64/100|[from] item: Leftovers
|upkeep
|turn|11
|
|t:|1776093877
|-terastallize|p1a: Kommo-o|Ghost
|move|p1a: Kommo-o|Shadow Claw|p2a: Okidogi
|-damage|p2a: Okidogi|60/100
|move|p2a: Okidogi|Drain Punch|p1a: Kommo-o
|-immune|p1a: Kommo-o
|
|-heal|p1a: Kommo-o|70/100|[from] item: Leftovers
|upkeep
|turn|12
|
|t:|1776093885
|switch|p2a: Weezing|Weezing-Galar, M|100/100
|-ability|p2a: Weezing|Neutralizing Gas
|move|p1a: Kommo-o|Shadow Claw|p2a: Weezing
|-damage|p2a: Weezing|64/100
|
|-heal|p1a: Kommo-o|76/100|[from] item: Leftovers
|upkeep
|turn|13
|
|t:|1776093895
|move|p1a: Kommo-o|Substitute|p1a: Kommo-o
|-start|p1a: Kommo-o|Substitute
|-damage|p1a: Kommo-o|51/100
|move|p2a: Weezing|Strange Steam|p1a: Kommo-o
|-activate|p1a: Kommo-o|move: Substitute|[damage]
|
|-heal|p1a: Kommo-o|58/100|[from] item: Leftovers
|upkeep
|turn|14
|
|t:|1776093908
|move|p1a: Kommo-o|Clangorous Soul|p1a: Kommo-o
|-boost|p1a: Kommo-o|atk|1
|-boost|p1a: Kommo-o|def|1
|-boost|p1a: Kommo-o|spa|1
|-boost|p1a: Kommo-o|spd|1
|-boost|p1a: Kommo-o|spe|1
|-damage|p1a: Kommo-o|25/100
|move|p2a: Weezing|Strange Steam|p1a: Kommo-o
|-end|p1a: Kommo-o|Substitute
|
|-heal|p1a: Kommo-o|31/100|[from] item: Leftovers
|upkeep
|turn|15
|
|t:|1776093914
|move|p1a: Kommo-o|Shadow Claw|p2a: Weezing
|-damage|p2a: Weezing|15/100
|move|p2a: Weezing|Strange Steam|p1a: Kommo-o
|-damage|p1a: Kommo-o|18/100
|
|-heal|p1a: Kommo-o|24/100|[from] item: Leftovers
|upkeep
|turn|16
|
|t:|1776093921
|move|p1a: Kommo-o|Shadow Claw|p2a: Weezing
|-damage|p2a: Weezing|0 fnt
|faint|p2a: Weezing
|-end|p2a: Weezing|ability: Neutralizing Gas
|
|-heal|p1a: Kommo-o|30/100|[from] item: Leftovers
|upkeep
|
|t:|1776093923
|switch|p2a: Sinistcha|Sinistcha, shiny|100/100
|turn|17
|
|t:|1776093927
|-terastallize|p2a: Sinistcha|Poison
|move|p1a: Kommo-o|Shadow Claw|p2a: Sinistcha
|-crit|p2a: Sinistcha
|-damage|p2a: Sinistcha|24/100
|move|p2a: Sinistcha|Shadow Ball|p1a: Kommo-o
|-supereffective|p1a: Kommo-o
|-damage|p1a: Kommo-o|0 fnt
|faint|p1a: Kommo-o
|
|upkeep
|
|t:|1776093946
|switch|p1a: Iron Crown|Iron Crown|100/100
|turn|18
|
|t:|1776093960
|switch|p2a: Alomomola|Alomomola, F, shiny|100/100
|move|p1a: Iron Crown|Psyshock|p2a: Alomomola
|-damage|p2a: Alomomola|63/100
|
|upkeep
|turn|19
|
|t:|1776093974
|-end|p1a: Iron Crown|Quark Drive|[silent]
|switch|p1a: Iron Treads|Iron Treads|16/100
|move|p2a: Alomomola|Mirror Coat||[still]
|-fail|p2a: Alomomola
|
|upkeep
|turn|20
|
|t:|1776093985
|move|p1a: Iron Treads|Earthquake|p2a: Alomomola
|-damage|p2a: Alomomola|43/100
|move|p2a: Alomomola|Wish|p2a: Alomomola
|
|upkeep
|turn|21
|
|t:|1776093989
|move|p1a: Iron Treads|Stealth Rock|p2a: Alomomola
|-sidestart|p2: eros maniac|move: Stealth Rock
|move|p2a: Alomomola|Flip Turn|p1a: Iron Treads
|-supereffective|p1a: Iron Treads
|-damage|p1a: Iron Treads|0 fnt
|faint|p1a: Iron Treads
|-end|p1a: Iron Treads|Quark Drive|[silent]
|
|t:|1776093993
|switch|p2a: Sinistcha|Sinistcha, shiny, tera:Poison|24/100|[from] Flip Turn
|-damage|p2a: Sinistcha|11/100|[from] Stealth Rock
|
|-heal|p2a: Sinistcha|89/100|[from] move: Wish|[wisher] Alomomola
|upkeep
|
|t:|1776094000
|switch|p1a: Iron Crown|Iron Crown|100/100
|turn|22
|
|t:|1776094010
|switch|p2a: Okidogi|Okidogi, M|60/100
|-damage|p2a: Okidogi|54/100|[from] Stealth Rock
|move|p1a: Iron Crown|Tachyon Cutter|p2a: Okidogi
|-damage|p2a: Okidogi|16/100
|-damage|p2a: Okidogi|0 fnt
|faint|p2a: Okidogi
|-hitcount|p2: Okidogi|2
|
|upkeep
|
|t:|1776094015
|switch|p2a: Alomomola|Alomomola, F, shiny|76/100
|-damage|p2a: Alomomola|64/100|[from] Stealth Rock
|turn|23
|
|t:|1776094024
|-end|p1a: Iron Crown|Quark Drive|[silent]
|switch|p1a: Ting-Lu|Ting-Lu|100/100
|-ability|p1a: Ting-Lu|Vessel of Ruin
|move|p2a: Alomomola|Flip Turn|p1a: Ting-Lu
|-supereffective|p1a: Ting-Lu
|-damage|p1a: Ting-Lu|81/100
|inactive|eros maniac has 120 seconds left.
|
|t:|1776094082
|switch|p2a: Maushold|Maushold-Four|88/100|[from] Flip Turn
|-damage|p2a: Maushold|76/100|[from] Stealth Rock
|
|-heal|p1a: Ting-Lu|87/100|[from] item: Leftovers
|upkeep
|turn|24
|
|t:|1776094090
|switch|p1a: Moltres|Moltres|100/100
|move|p2a: Maushold|Tidy Up|p2a: Maushold
|-sideend|p2: eros maniac|Stealth Rock
|-activate|p2a: Maushold|move: Tidy Up
|-boost|p2a: Maushold|atk|1
|-boost|p2a: Maushold|spe|1
|
|upkeep
|turn|25
|
|t:|1776094099
|move|p2a: Maushold|Population Bomb|p1a: Moltres
|-damage|p1a: Moltres|90/100
|-damage|p1a: Moltres|80/100
|-status|p2a: Maushold|brn|[from] ability: Flame Body|[of] p1a: Moltres
|-damage|p1a: Moltres|74/100
|-damage|p1a: Moltres|68/100
|-damage|p1a: Moltres|62/100
|-damage|p1a: Moltres|57/100
|-damage|p1a: Moltres|51/100
|-damage|p1a: Moltres|45/100
|-damage|p1a: Moltres|39/100
|-damage|p1a: Moltres|34/100
|-hitcount|p1a: Moltres|10
|move|p1a: Moltres|Roar|p2a: Maushold
|drag|p2a: Alomomola|Alomomola, F, shiny|97/100
|
|upkeep
|turn|26
|
|t:|1776094114
|move|p1a: Moltres|Roost|p1a: Moltres
|-heal|p1a: Moltres|84/100
|-singleturn|p1a: Moltres|move: Roost
|move|p2a: Alomomola|Flip Turn|p1a: Moltres
|-supereffective|p1a: Moltres
|-damage|p1a: Moltres|59/100
|
|t:|1776094119
|switch|p2a: Sinistcha|Sinistcha, shiny, tera:Poison|89/100|[from] Flip Turn
|
|upkeep
|turn|27
|
|t:|1776094127
|move|p1a: Moltres|U-turn|p2a: Sinistcha
|-resisted|p2a: Sinistcha
|-damage|p2a: Sinistcha|83/100
|
|t:|1776094130
|switch|p1a: Ting-Lu|Ting-Lu|87/100|[from] U-turn
|-ability|p1a: Ting-Lu|Vessel of Ruin
|move|p2a: Sinistcha|Shadow Ball|p1a: Ting-Lu
|-resisted|p1a: Ting-Lu
|-damage|p1a: Ting-Lu|79/100
|-unboost|p1a: Ting-Lu|spd|1
|
|-heal|p1a: Ting-Lu|86/100|[from] item: Leftovers
|upkeep
|turn|28
|
|t:|1776094139
|move|p2a: Sinistcha|Calm Mind|p2a: Sinistcha
|-boost|p2a: Sinistcha|spa|1
|-boost|p2a: Sinistcha|spd|1
|move|p1a: Ting-Lu|Earthquake|p2a: Sinistcha
|-supereffective|p2a: Sinistcha
|-damage|p2a: Sinistcha|28/100
|
|-heal|p1a: Ting-Lu|92/100|[from] item: Leftovers
|upkeep
|turn|29
|
|t:|1776094151
|move|p2a: Sinistcha|Strength Sap|p1a: Ting-Lu
|-unboost|p1a: Ting-Lu|atk|1
|-heal|p2a: Sinistcha|100/100
|move|p1a: Ting-Lu|Whirlwind|p2a: Sinistcha
|drag|p2a: Frosmoth|Frosmoth, F, shiny|100/100
|
|-heal|p1a: Ting-Lu|98/100|[from] item: Leftovers
|upkeep
|turn|30
|
|t:|1776094158
|move|p2a: Frosmoth|Quiver Dance|p2a: Frosmoth
|-boost|p2a: Frosmoth|spa|1
|-boost|p2a: Frosmoth|spd|1
|-boost|p2a: Frosmoth|spe|1
|move|p1a: Ting-Lu|Spikes|p2a: Frosmoth
|-sidestart|p2: eros maniac|Spikes
|
|-heal|p1a: Ting-Lu|100/100|[from] item: Leftovers
|upkeep
|turn|31
|
|t:|1776094162
|move|p2a: Frosmoth|Ice Beam|p1a: Ting-Lu
|-supereffective|p1a: Ting-Lu
|-damage|p1a: Ting-Lu|20/100
|move|p1a: Ting-Lu|Whirlwind|p2a: Frosmoth
|drag|p2a: Maushold|Maushold-Four|76/100 brn
|-damage|p2a: Maushold|63/100 brn|[from] Spikes
|
|-heal|p1a: Ting-Lu|26/100|[from] item: Leftovers
|-damage|p2a: Maushold|57/100 brn|[from] brn
|upkeep
|turn|32
|
|t:|1776094173
|move|p2a: Maushold|Tidy Up|p2a: Maushold
|-sideend|p2: eros maniac|Spikes
|-activate|p2a: Maushold|move: Tidy Up
|-boost|p2a: Maushold|atk|1
|-boost|p2a: Maushold|spe|1
|move|p1a: Ting-Lu|Earthquake|p2a: Maushold
|-damage|p2a: Maushold|21/100 brn
|
|-heal|p1a: Ting-Lu|32/100|[from] item: Leftovers
|-damage|p2a: Maushold|15/100 brn|[from] brn
|upkeep
|turn|33
|
|t:|1776094180
|switch|p1a: Moltres|Moltres|59/100
|move|p2a: Maushold|Population Bomb|p1a: Moltres
|-crit|p1a: Moltres
|-damage|p1a: Moltres|50/100
|-damage|p1a: Moltres|44/100
|-damage|p1a: Moltres|39/100
|-damage|p1a: Moltres|33/100
|-damage|p1a: Moltres|28/100
|-damage|p1a: Moltres|22/100
|-damage|p1a: Moltres|16/100
|-damage|p1a: Moltres|10/100
|-damage|p1a: Moltres|4/100
|-damage|p1a: Moltres|0 fnt
|faint|p1a: Moltres
|-hitcount|p1: Moltres|10
|
|-damage|p2a: Maushold|8/100 brn|[from] brn
|upkeep
|
|t:|1776094188
|switch|p1a: Iron Crown|Iron Crown|100/100
|turn|34
|
|t:|1776094198
|move|p2a: Maushold|Population Bomb|p1a: Iron Crown
|-resisted|p1a: Iron Crown
|-damage|p1a: Iron Crown|96/100
|-resisted|p1a: Iron Crown
|-damage|p1a: Iron Crown|91/100
|-resisted|p1a: Iron Crown
|-damage|p1a: Iron Crown|87/100
|-resisted|p1a: Iron Crown
|-damage|p1a: Iron Crown|83/100
|-resisted|p1a: Iron Crown
|-damage|p1a: Iron Crown|79/100
|-resisted|p1a: Iron Crown
|-damage|p1a: Iron Crown|74/100
|-resisted|p1a: Iron Crown
|-damage|p1a: Iron Crown|70/100
|-resisted|p1a: Iron Crown
|-damage|p1a: Iron Crown|66/100
|-hitcount|p1a: Iron Crown|8
|move|p1a: Iron Crown|Volt Switch|p2a: Maushold
|-damage|p2a: Maushold|0 fnt
|faint|p2a: Maushold
|
|t:|1776094201
|-end|p1a: Iron Crown|Quark Drive|[silent]
|switch|p1a: Ting-Lu|Ting-Lu|32/100|[from] Volt Switch
|-ability|p1a: Ting-Lu|Vessel of Ruin
|
|-heal|p1a: Ting-Lu|39/100|[from] item: Leftovers
|upkeep
|
|t:|1776094205
|switch|p2a: Frosmoth|Frosmoth, F, shiny|100/100
|turn|35
|
|t:|1776094212
|move|p2a: Frosmoth|Ice Beam|p1a: Ting-Lu
|-supereffective|p1a: Ting-Lu
|-crit|p1a: Ting-Lu
|-damage|p1a: Ting-Lu|0 fnt
|faint|p1a: Ting-Lu
|
|upkeep
|
|t:|1776094215
|switch|p1a: Iron Valiant|Iron Valiant|100/100
|-enditem|p1a: Iron Valiant|Booster Energy
|-activate|p1a: Iron Valiant|ability: Quark Drive|[fromitem]
|-start|p1a: Iron Valiant|quarkdrivespe
|turn|36
|
|t:|1776094226
|move|p1a: Iron Valiant|Calm Mind|p1a: Iron Valiant
|-boost|p1a: Iron Valiant|spa|1
|-boost|p1a: Iron Valiant|spd|1
|move|p2a: Frosmoth|Ice Beam|p1a: Iron Valiant
|-damage|p1a: Iron Valiant|45/100
|
|upkeep
|turn|37
|
|t:|1776094233
|move|p1a: Iron Valiant|Moonblast|p2a: Frosmoth
|-damage|p2a: Frosmoth|69/100
|move|p2a: Frosmoth|Ice Beam|p1a: Iron Valiant
|-damage|p1a: Iron Valiant|0 fnt
|faint|p1a: Iron Valiant
|-end|p1a: Iron Valiant|Quark Drive|[silent]
|
|-heal|p2a: Frosmoth|75/100|[from] item: Leftovers
|upkeep
|
|t:|1776094238
|switch|p1a: Iron Crown|Iron Crown|66/100
|turn|38
|
|t:|1776094244
|move|p1a: Iron Crown|Tachyon Cutter|p2a: Frosmoth
|-supereffective|p2a: Frosmoth
|-damage|p2a: Frosmoth|43/100
|-supereffective|p2a: Frosmoth
|-damage|p2a: Frosmoth|7/100
|-hitcount|p2a: Frosmoth|2
|move|p2a: Frosmoth|Ice Beam|p1a: Iron Crown
|-resisted|p1a: Iron Crown
|-crit|p1a: Iron Crown
|-damage|p1a: Iron Crown|32/100
|
|-heal|p2a: Frosmoth|13/100|[from] item: Leftovers
|upkeep
|turn|39
|
|t:|1776094248
|move|p1a: Iron Crown|Tachyon Cutter|p2a: Frosmoth
|-supereffective|p2a: Frosmoth
|-damage|p2a: Frosmoth|0 fnt
|faint|p2a: Frosmoth
|-hitcount|p2: Frosmoth|1
|
|upkeep
|
|t:|1776094253
|switch|p2a: Alomomola|Alomomola, F, shiny|100/100
|turn|40
|
|t:|1776094255
|move|p1a: Iron Crown|Tachyon Cutter|p2a: Alomomola
|-resisted|p2a: Alomomola
|-damage|p2a: Alomomola|83/100
|-resisted|p2a: Alomomola
|-damage|p2a: Alomomola|66/100
|-hitcount|p2a: Alomomola|2
|move|p2a: Alomomola|Mirror Coat|p1a: Iron Crown
|-damage|p1a: Iron Crown|0 fnt
|faint|p1a: Iron Crown
|-end|p1a: Iron Crown|Quark Drive|[silent]
|
|win|eros maniac
|raw|Its NaCl's rating: 1484 &rarr; <strong>1469</strong><br />(-15 for losing)
|raw|eros maniac's rating: 1576 &rarr; <strong>1591</strong><br />(+15 for winning)
|l|☆Its NaCl
|player|p1|
|l|☆eros maniac
|player|p2|
