|html|<div class="broadcast-blue"><strong>[Gen 9] OU is currently suspecting Tera Blast! For information on how to participate check out the <a href="https://www.smogon.com/tools/suspects/view/200">suspect thread</a>.</strong></div>
|j|☆pecharunthater8816
|j|☆capitolg
|t:|1776225840
|gametype|singles
|player|p1|pecharunthater8816|101|1100
|player|p2|capitolg|bellelba|1059
|gen|9
|tier|[Gen 9] OU
|rated|
|rule|HP Percentage Mod: HP is shown in percentages
|rule|Endless Battle Clause: Forcing endless battles is banned
|rule|Species Clause: Limit one of each Pokémon
|rule|OHKO Clause: OHKO moves are banned
|rule|Evasion Items Clause: Evasion items are banned
|rule|Evasion Moves Clause: Evasion moves are banned
|rule|Evasion Abilities Clause: Evasion abilities are banned
|rule|Sleep Moves Clause: Sleep-inducing moves are banned
|clearpoke
|poke|p1|Cinderace, F|
|poke|p1|Vaporeon, M|
|poke|p1|Lucario, F|
|poke|p1|Zamazenta-*|
|poke|p1|Ceruledge, M|
|poke|p1|Darkrai|
|poke|p2|Spidops, F|
|poke|p2|Cinderace, F|
|poke|p2|Passimian, M|
|poke|p2|Chandelure, F|
|poke|p2|Serperior, M|
|poke|p2|Empoleon, F|
|teampreview
|
|t:|1776225850
|teamsize|p1|6
|teamsize|p2|6
|start
|switch|p1a: Cinderace|Cinderace, F|100/100
|switch|p2a: Spidops|Spidops, F|100/100
|turn|1
|
|t:|1776225856
|move|p1a: Cinderace|Pyro Ball|p2a: Spidops
|-supereffective|p2a: Spidops
|-damage|p2a: Spidops|13/100
|move|p2a: Spidops|Sticky Web|p1a: Cinderace
|-sidestart|p1: pecharunthater8816|move: Sticky Web
|
|upkeep
|turn|2
|
|t:|1776225863
|move|p2a: Spidops|Silk Trap|p2a: Spidops
|-singleturn|p2a: Spidops|Protect
|move|p1a: Cinderace|Sucker Punch||[still]
|-fail|p1a: Cinderace
|
|upkeep
|turn|3
|
|t:|1776225869
|move|p1a: Cinderace|Sucker Punch|p2a: Spidops
|-damage|p2a: Spidops|0 fnt
|faint|p2a: Spidops
|
|upkeep
|
|t:|1776225871
|switch|p2a: Cinderace|Cinderace, F, shiny|100/100
|turn|4
|
|t:|1776225875
|move|p1a: Cinderace|Court Change|p1a: Cinderace
|-swapsideconditions
|-activate|p1a: Cinderace|move: Court Change
|move|p2a: Cinderace|Will-O-Wisp|p1a: Cinderace
|-immune|p1a: Cinderace
|
|upkeep
|turn|5
|
|t:|1776225881
|move|p1a: Cinderace|U-turn|p2a: Cinderace
|-resisted|p2a: Cinderace
|-damage|p2a: Cinderace|85/100
|
|t:|1776225886
|switch|p1a: Ceruledge|Ceruledge, M|100/100|[from] U-turn
|move|p2a: Cinderace|Pyro Ball|p1a: Ceruledge
|-resisted|p1a: Ceruledge
|-damage|p1a: Ceruledge|56/100
|-ability|p1a: Ceruledge|Weak Armor|boost
|-unboost|p1a: Ceruledge|def|1
|-boost|p1a: Ceruledge|spe|2
|
|upkeep
|turn|6
|
|t:|1776225895
|move|p1a: Ceruledge|Swords Dance|p1a: Ceruledge
|-boost|p1a: Ceruledge|atk|2
|move|p2a: Cinderace|Pyro Ball|p1a: Ceruledge
|-resisted|p1a: Ceruledge
|-damage|p1a: Ceruledge|0 fnt
|faint|p1a: Ceruledge
|
|upkeep
|
|t:|1776225904
|switch|p1a: Darkrai|Darkrai|100/100
|turn|7
|
|t:|1776225908
|move|p1a: Darkrai|Dark Pulse|p2a: Cinderace
|-damage|p2a: Cinderace|0 fnt
|faint|p2a: Cinderace
|
|upkeep
|
|t:|1776225913
|switch|p2a: Serperior|Serperior, M|100/100
|-activate|p2a: Serperior|move: Sticky Web
|-boost|p2a: Serperior|spe|1
|turn|8
|
|t:|1776225924
|-terastallize|p1a: Darkrai|Dark
|move|p2a: Serperior|Leaf Storm|p1a: Darkrai
|-damage|p1a: Darkrai|40/100
|-boost|p2a: Serperior|spa|2
|move|p1a: Darkrai|Dark Pulse|p2a: Serperior
|-damage|p2a: Serperior|28/100
|
|upkeep
|turn|9
|
|t:|1776225935
|switch|p1a: Cinderace|Cinderace, F|100/100
|move|p2a: Serperior|Leaf Storm|p1a: Cinderace|[miss]
|-miss|p2a: Serperior|p1a: Cinderace
|
|upkeep
|turn|10
|
|t:|1776225941
|-terastallize|p2a: Serperior|Ground
|move|p2a: Serperior|Tera Blast|p1a: Cinderace|[anim] Tera Blast Ground
|-supereffective|p1a: Cinderace
|-damage|p1a: Cinderace|0 fnt
|faint|p1a: Cinderace
|
|upkeep
|
|t:|1776225947
|switch|p1a: Lucario|Lucario, F|100/100
|turn|11
|
|t:|1776225951
|move|p1a: Lucario|Extreme Speed|p2a: Serperior
|-damage|p2a: Serperior|0 fnt
|faint|p2a: Serperior
|-damage|p1a: Lucario|91/100|[from] item: Life Orb
|
|upkeep
|
|t:|1776225960
|switch|p2a: Passimian|Passimian, M|100/100
|-activate|p2a: Passimian|move: Sticky Web
|-unboost|p2a: Passimian|spe|1
|-ability|p2a: Passimian|Defiant|boost
|-boost|p2a: Passimian|atk|2
|-enditem|p2a: Passimian|White Herb
|-clearnegativeboost|p2a: Passimian|[silent]
|turn|12
|
|t:|1776225969
|move|p1a: Lucario|Close Combat|p2a: Passimian
|-damage|p2a: Passimian|27/100
|-unboost|p1a: Lucario|def|1
|-unboost|p1a: Lucario|spd|1
|-damage|p1a: Lucario|81/100|[from] item: Life Orb
|move|p2a: Passimian|Trailblaze|p1a: Lucario
|-resisted|p1a: Lucario
|-damage|p1a: Lucario|41/100
|-boost|p2a: Passimian|spe|1
|
|upkeep
|turn|13
|
|t:|1776225980
|move|p1a: Lucario|Bullet Punch|p2a: Passimian
|-crit|p2a: Passimian
|-damage|p2a: Passimian|0 fnt
|faint|p2a: Passimian
|-damage|p1a: Lucario|31/100|[from] item: Life Orb
|
|upkeep
|
|t:|1776225983
|switch|p2a: Chandelure|Chandelure, F|100/100
|-item|p2a: Chandelure|Air Balloon
|turn|14
|
|t:|1776225989
|move|p1a: Lucario|Bullet Punch|p2a: Chandelure
|-resisted|p2a: Chandelure
|-damage|p2a: Chandelure|83/100
|-status|p1a: Lucario|brn|[from] ability: Flame Body|[of] p2a: Chandelure
|-enditem|p2a: Chandelure|Air Balloon
|-damage|p1a: Lucario|21/100 brn|[from] item: Life Orb
|move|p2a: Chandelure|Flamethrower|p1a: Lucario
|-supereffective|p1a: Lucario
|-damage|p1a: Lucario|0 fnt
|faint|p1a: Lucario
|
|upkeep
|
|t:|1776226000
|switch|p1a: Darkrai|Darkrai, tera:Dark|40/100
|turn|15
|
|t:|1776226003
|move|p1a: Darkrai|Dark Pulse|p2a: Chandelure
|-supereffective|p2a: Chandelure
|-damage|p2a: Chandelure|0 fnt
|faint|p2a: Chandelure
|
|upkeep
|
|t:|1776226005
|switch|p2a: Empoleon|Empoleon, F|100/100
|-activate|p2a: Empoleon|move: Sticky Web
|-unboost|p2a: Empoleon|spe|1
|-ability|p2a: Empoleon|Competitive|boost
|-boost|p2a: Empoleon|spa|2
|turn|16
|
|t:|1776226014
|move|p2a: Empoleon|Vacuum Wave|p1a: Darkrai
|-supereffective|p1a: Darkrai
|-damage|p1a: Darkrai|0 fnt
|faint|p1a: Darkrai
|
|upkeep
|
|t:|1776226020
|switch|p1a: Zamazenta|Zamazenta|100/100
|-ability|p1a: Zamazenta|Dauntless Shield|boost
|-boost|p1a: Zamazenta|def|1
|turn|17
|
|t:|1776226025
|move|p1a: Zamazenta|Body Press|p2a: Empoleon
|-supereffective|p2a: Empoleon
|-damage|p2a: Empoleon|0 fnt
|faint|p2a: Empoleon
|
|win|pecharunthater8816
|raw|pecharunthater8816's rating: 1100 &rarr; <strong>1122</strong><br />(+22 for winning)
|raw|capitolg's rating: 1059 &rarr; <strong>1042</strong><br />(-17 for losing)
