|html|<div class="broadcast-blue"><strong>[Gen 9] OU is currently suspecting Tera Blast! For information on how to participate check out the <a href="https://www.smogon.com/tools/suspects/view/200">suspect thread</a>.</strong></div>
|j|☆Snurke
|j|☆420tarico
|t:|1776315182
|gametype|singles
|player|p1|Snurke|sisandbro|1549
|player|p2|420tarico|bellelba|1579
|gen|9
|tier|[Gen 9] OU
|rated|
|rule|HP Percentage Mod: HP is shown in percentages
|rule|Endless Battle Clause: Forcing endless battles is banned
|rule|Species Clause: Limit one of each Pokémon
|rule|OHKO Clause: OHKO moves are banned
|rule|Evasion Items Clause: Evasion items are banned
|rule|Evasion Moves Clause: Evasion moves are banned
|rule|Evasion Abilities Clause: Evasion abilities are banned
|rule|Sleep Moves Clause: Sleep-inducing moves are banned
|clearpoke
|poke|p1|Mew|
|poke|p1|Great Tusk|
|poke|p1|Hatterene, F|
|poke|p1|Gholdengo|
|poke|p1|Gyarados, M|
|poke|p1|Umbreon, M|
|poke|p2|Iron Moth|
|poke|p2|Gliscor, M|
|poke|p2|Hatterene, F|
|poke|p2|Ogerpon-Wellspring, F|
|poke|p2|Raging Bolt|
|poke|p2|Zamazenta-*|
|teampreview
|
|t:|1776315208
|teamsize|p1|6
|teamsize|p2|6
|start
|switch|p1a: Umbreon|Umbreon, M, shiny|100/100
|switch|p2a: Zamazenta|Zamazenta|100/100
|-ability|p2a: Zamazenta|Dauntless Shield|boost
|-boost|p2a: Zamazenta|def|1
|turn|1
|inactive|Battle timer is ON: inactive players will automatically lose when time's up. (requested by Snurke)
|
|t:|1776315219
|switch|p1a: Gyarados|Gyarados, M, shiny|100/100
|-ability|p1a: Gyarados|Intimidate|boost
|-unboost|p2a: Zamazenta|atk|1
|move|p2a: Zamazenta|Reflect|p2a: Zamazenta
|-sidestart|p2: 420tarico|Reflect
|
|upkeep
|turn|2
|
|t:|1776315227
|move|p2a: Zamazenta|Light Screen|p2a: Zamazenta
|-sidestart|p2: 420tarico|move: Light Screen
|move|p1a: Gyarados|Thunder Wave|p2a: Zamazenta
|-status|p2a: Zamazenta|par
|
|upkeep
|turn|3
|
|t:|1776315249
|switch|p2a: Raging Bolt|Raging Bolt|100/100
|-enditem|p2a: Raging Bolt|Booster Energy
|-activate|p2a: Raging Bolt|ability: Protosynthesis|[fromitem]
|-start|p2a: Raging Bolt|protosynthesisspa
|switch|p1a: Mew|Mew, shiny|100/100
|
|upkeep
|turn|4
|
|t:|1776315264
|move|p1a: Mew|Imprison|p1a: Mew
|-start|p1a: Mew|move: Imprison
|move|p2a: Raging Bolt|Thunderbolt|p1a: Mew
|-damage|p1a: Mew|45/100
|
|-heal|p1a: Mew|51/100|[from] item: Leftovers
|upkeep
|turn|5
|
|t:|1776315271
|move|p1a: Mew|Transform|p2a: Raging Bolt
|-transform|p1a: Mew|p2a: Raging Bolt
|cant|p2a: Raging Bolt|move: Imprison|Calm Mind
|
|-heal|p1a: Mew|58/100|[from] item: Leftovers
|upkeep
|turn|6
|
|t:|1776315274
|-activate|p2a: Raging Bolt|move: Struggle
|move|p2a: Raging Bolt|Struggle|p1a: Mew
|-damage|p1a: Mew|50/100
|-damage|p2a: Raging Bolt|75/100|[from] recoil
|move|p1a: Mew|Calm Mind|p1a: Mew
|-boost|p1a: Mew|spa|1
|-boost|p1a: Mew|spd|1
|
|-heal|p1a: Mew|56/100|[from] item: Leftovers
|upkeep
|turn|7
|
|t:|1776315285
|-activate|p2a: Raging Bolt|move: Struggle
|move|p2a: Raging Bolt|Struggle|p1a: Mew
|-damage|p1a: Mew|50/100
|-damage|p2a: Raging Bolt|50/100|[from] recoil
|move|p1a: Mew|Calm Mind|p1a: Mew
|-boost|p1a: Mew|spa|1
|-boost|p1a: Mew|spd|1
|
|-heal|p1a: Mew|56/100|[from] item: Leftovers
|upkeep
|turn|8
|
|t:|1776315294
|-activate|p2a: Raging Bolt|move: Struggle
|move|p2a: Raging Bolt|Struggle|p1a: Mew
|-damage|p1a: Mew|49/100
|-damage|p2a: Raging Bolt|25/100|[from] recoil
|move|p1a: Mew|Calm Mind|p1a: Mew
|-boost|p1a: Mew|spa|1
|-boost|p1a: Mew|spd|1
|
|-heal|p1a: Mew|55/100|[from] item: Leftovers
|-sideend|p2: 420tarico|Reflect
|upkeep
|turn|9
|
|t:|1776315306
|move|p1a: Mew|Calm Mind|p1a: Mew
|-boost|p1a: Mew|spa|1
|-boost|p1a: Mew|spd|1
|-activate|p2a: Raging Bolt|move: Struggle
|move|p2a: Raging Bolt|Struggle|p1a: Mew
|-damage|p1a: Mew|49/100
|-damage|p2a: Raging Bolt|0 fnt|[from] recoil
|faint|p2a: Raging Bolt
|-end|p2a: Raging Bolt|Protosynthesis|[silent]
|
|-heal|p1a: Mew|55/100|[from] item: Leftovers
|-sideend|p2: 420tarico|move: Light Screen
|upkeep
|
|t:|1776315311
|switch|p2a: Gliscor|Gliscor, M|100/100
|turn|10
|
|t:|1776315320
|-end|p1a: Mew|Protosynthesis|[silent]
|switch|p1a: Gyarados|Gyarados, M, shiny|100/100
|-ability|p1a: Gyarados|Intimidate|boost
|-unboost|p2a: Gliscor|atk|1
|move|p2a: Gliscor|Earthquake|p1a: Gyarados
|-immune|p1a: Gyarados
|
|-status|p2a: Gliscor|tox|[from] item: Toxic Orb
|upkeep
|turn|11
|
|t:|1776315340
|switch|p2a: Zamazenta|Zamazenta|100/100 par
|move|p1a: Gyarados|Dragon Tail|p2a: Zamazenta|[miss]
|-miss|p1a: Gyarados|p2a: Zamazenta
|
|upkeep
|turn|12
|
|t:|1776315351
|switch|p1a: Mew|Mew, shiny|55/100
|move|p2a: Zamazenta|Reflect|p2a: Zamazenta
|-sidestart|p2: 420tarico|Reflect
|
|-heal|p1a: Mew|61/100|[from] item: Leftovers
|upkeep
|turn|13
|
|t:|1776315359
|move|p1a: Mew|Stealth Rock|p2a: Zamazenta
|-sidestart|p2: 420tarico|move: Stealth Rock
|move|p2a: Zamazenta|Light Screen|p2a: Zamazenta
|-sidestart|p2: 420tarico|move: Light Screen
|
|-heal|p1a: Mew|68/100|[from] item: Leftovers
|upkeep
|turn|14
|
|t:|1776315368
|switch|p2a: Gliscor|Gliscor, M|100/100 tox
|-damage|p2a: Gliscor|88/100 tox|[from] Stealth Rock
|move|p1a: Mew|Imprison|p1a: Mew
|-start|p1a: Mew|move: Imprison
|
|-heal|p1a: Mew|74/100|[from] item: Leftovers
|-heal|p2a: Gliscor|100/100 tox|[from] ability: Poison Heal
|upkeep
|turn|15
|
|t:|1776315374
|switch|p2a: Ogerpon|Ogerpon-Wellspring, F|100/100
|-damage|p2a: Ogerpon|88/100|[from] Stealth Rock
|move|p1a: Mew|Transform|p2a: Ogerpon
|-transform|p1a: Mew|p2a: Ogerpon
|
|-heal|p1a: Mew|80/100|[from] item: Leftovers
|upkeep
|turn|16
|
|t:|1776315384
|-activate|p2a: Ogerpon|move: Struggle
|move|p2a: Ogerpon|Struggle|p1a: Mew
|-damage|p1a: Mew|58/100
|-damage|p2a: Ogerpon|63/100|[from] recoil
|move|p1a: Mew|Trailblaze|p2a: Ogerpon
|-damage|p2a: Ogerpon|45/100
|-boost|p1a: Mew|spe|1
|
|-heal|p1a: Mew|64/100|[from] item: Leftovers
|upkeep
|turn|17
|
|t:|1776315400
|move|p1a: Mew|Swords Dance|p1a: Mew
|-boost|p1a: Mew|atk|2
|-activate|p2a: Ogerpon|move: Struggle
|move|p2a: Ogerpon|Struggle|p1a: Mew
|-damage|p1a: Mew|45/100
|-damage|p2a: Ogerpon|20/100|[from] recoil
|
|-heal|p1a: Mew|51/100|[from] item: Leftovers
|upkeep
|turn|18
|
|t:|1776315407
|move|p1a: Mew|Swords Dance|p1a: Mew
|-boost|p1a: Mew|atk|2
|-activate|p2a: Ogerpon|move: Struggle
|move|p2a: Ogerpon|Struggle|p1a: Mew
|-damage|p1a: Mew|30/100
|-damage|p2a: Ogerpon|0 fnt|[from] recoil
|faint|p2a: Ogerpon
|
|-heal|p1a: Mew|37/100|[from] item: Leftovers
|upkeep
|
|t:|1776315413
|switch|p2a: Hatterene|Hatterene, F|100/100
|-damage|p2a: Hatterene|88/100|[from] Stealth Rock
|turn|19
|
|t:|1776315421
|-terastallize|p2a: Hatterene|Water
|move|p1a: Mew|Ivy Cudgel|p2a: Hatterene|[anim] Ivy Cudgel Water
|-resisted|p2a: Hatterene
|-damage|p2a: Hatterene|57/100
|move|p2a: Hatterene|Calm Mind|p2a: Hatterene
|-boost|p2a: Hatterene|spa|1
|-boost|p2a: Hatterene|spd|1
|
|-heal|p1a: Mew|43/100|[from] item: Leftovers
|-heal|p2a: Hatterene|63/100|[from] item: Leftovers
|-sideend|p2: 420tarico|Reflect
|upkeep
|turn|20
|
|t:|1776315429
|move|p1a: Mew|Trailblaze|p2a: Hatterene
|-supereffective|p2a: Hatterene
|-damage|p2a: Hatterene|0 fnt
|-boost|p1a: Mew|spe|1
|faint|p2a: Hatterene
|
|-heal|p1a: Mew|49/100|[from] item: Leftovers
|-sideend|p2: 420tarico|move: Light Screen
|upkeep
|-message|420tarico forfeited.
|
|win|Snurke
|raw|Snurke's rating: 1549 &rarr; <strong>1571</strong><br />(+22 for winning)
|raw|420tarico's rating: 1579 &rarr; <strong>1557</strong><br />(-22 for losing)
|l|☆420tarico
|player|p2|
