|html|<div class="broadcast-blue"><strong>[Gen 9] OU is currently suspecting Tera Blast! For information on how to participate check out the <a href="https://www.smogon.com/tools/suspects/view/200">suspect thread</a>.</strong></div>
|j|☆Hinachui
|j|☆me destroy you 15
|t:|1776318300
|gametype|singles
|player|p1|Hinachui|169|1056
|player|p2|me destroy you 15|flint|1007
|gen|9
|tier|[Gen 9] OU
|rated|
|rule|HP Percentage Mod: HP is shown in percentages
|rule|Endless Battle Clause: Forcing endless battles is banned
|rule|Species Clause: Limit one of each Pokémon
|rule|OHKO Clause: OHKO moves are banned
|rule|Evasion Items Clause: Evasion items are banned
|rule|Evasion Moves Clause: Evasion moves are banned
|rule|Evasion Abilities Clause: Evasion abilities are banned
|rule|Sleep Moves Clause: Sleep-inducing moves are banned
|clearpoke
|poke|p1|Gholdengo|
|poke|p1|Darkrai|
|poke|p1|Clefable, F|
|poke|p1|Ting-Lu|
|poke|p1|Dragonite, F|
|poke|p1|Pecharunt|
|poke|p2|Blastoise, M|
|poke|p2|Charizard, M|
|poke|p2|Vileplume, F|
|poke|p2|Forretress, M|
|poke|p2|Gengar, F|
|poke|p2|Electivire, M|
|teampreview
|inactive|Battle timer is ON: inactive players will automatically lose when time's up. (requested by me destroy you 15)
|
|t:|1776318316
|teamsize|p1|6
|teamsize|p2|6
|start
|switch|p1a: Ting-Lu|Ting-Lu|100/100
|switch|p2a: Vileplume|Vileplume, F|100/100
|-ability|p1a: Ting-Lu|Vessel of Ruin
|turn|1
|
|t:|1776318323
|move|p1a: Ting-Lu|Spikes|p2a: Vileplume
|-sidestart|p2: me destroy you 15|Spikes
|move|p2a: Vileplume|Toxic|p1a: Ting-Lu
|-status|p1a: Ting-Lu|tox
|
|-damage|p1a: Ting-Lu|94/100 tox|[from] psn
|upkeep
|turn|2
|
|t:|1776318331
|move|p1a: Ting-Lu|Spikes|p2a: Vileplume
|-sidestart|p2: me destroy you 15|Spikes
|move|p2a: Vileplume|Leech Seed|p1a: Ting-Lu
|-start|p1a: Ting-Lu|move: Leech Seed
|
|-damage|p1a: Ting-Lu|82/100 tox|[from] Leech Seed|[of] p2a: Vileplume
|-damage|p1a: Ting-Lu|69/100 tox|[from] psn
|upkeep
|turn|3
|
|t:|1776318338
|move|p1a: Ting-Lu|Spikes|p2a: Vileplume
|-sidestart|p2: me destroy you 15|Spikes
|move|p2a: Vileplume|Giga Drain|p1a: Ting-Lu
|-supereffective|p1a: Ting-Lu
|-crit|p1a: Ting-Lu
|-damage|p1a: Ting-Lu|33/100 tox
|-enditem|p1a: Ting-Lu|Red Card|[of] p2a: Vileplume
|drag|p2a: Blastoise|Blastoise, M|100/100
|-damage|p2a: Blastoise|76/100|[from] Spikes
|
|-damage|p1a: Ting-Lu|20/100 tox|[from] Leech Seed|[of] p2a: Blastoise
|-heal|p2a: Blastoise|94/100|[silent]
|-damage|p1a: Ting-Lu|2/100 tox|[from] psn
|upkeep
|turn|4
|
|t:|1776318354
|switch|p2a: Charizard|Charizard, M|100/100
|move|p1a: Ting-Lu|Stealth Rock|p2a: Charizard
|-sidestart|p2: me destroy you 15|move: Stealth Rock
|
|-damage|p1a: Ting-Lu|0 fnt|[from] Leech Seed|[of] p2a: Charizard
|faint|p1a: Ting-Lu
|upkeep
|
|t:|1776318362
|switch|p1a: Jew|Gholdengo|100/100
|turn|5
|
|t:|1776318373
|switch|p1a: Clefable|Clefable, F|100/100
|move|p2a: Charizard|Fire Blast|p1a: Clefable
|-damage|p1a: Clefable|55/100
|
|upkeep
|turn|6
|n|!me destroy you 15|medestroyyou15
|-activate|p2a: Charizard|item: Quick Claw
|
|t:|1776318400
|switch|p1a: Dragonite|Dragonite, F|100/100
|move|p2a: Charizard|Fire Blast|p1a: Dragonite
|-resisted|p1a: Dragonite
|-damage|p1a: Dragonite|87/100
|
|upkeep
|turn|7
|
|t:|1776318413
|move|p1a: Dragonite|Extreme Speed|p2a: Charizard
|-damage|p2a: Charizard|58/100
|move|p2a: Charizard|Dragon Pulse|p1a: Dragonite
|-supereffective|p1a: Dragonite
|-damage|p1a: Dragonite|30/100
|
|upkeep
|turn|8
|-activate|p2a: Charizard|item: Quick Claw
|
|t:|1776318423
|-terastallize|p1a: Dragonite|Normal
|move|p2a: Charizard|Fire Blast|p1a: Dragonite
|-damage|p1a: Dragonite|0 fnt
|faint|p1a: Dragonite
|
|upkeep
|
|t:|1776318429
|switch|p1a: Darkrai|Darkrai|100/100
|turn|9
|-activate|p2a: Charizard|item: Quick Claw
|
|t:|1776318435
|move|p2a: Charizard|Focus Blast|p1a: Darkrai
|-supereffective|p1a: Darkrai
|-damage|p1a: Darkrai|0 fnt
|faint|p1a: Darkrai
|
|upkeep
|
|t:|1776318441
|switch|p1a: Pecharunt|Pecharunt|100/100
|turn|10
|
|t:|1776318444
|move|p2a: Charizard|Fire Blast|p1a: Pecharunt
|-damage|p1a: Pecharunt|50/100
|move|p1a: Pecharunt|Nasty Plot|p1a: Pecharunt
|-boost|p1a: Pecharunt|spa|2
|
|upkeep
|turn|11
|
|t:|1776318454
|move|p2a: Charizard|Fire Blast|p1a: Pecharunt
|-damage|p1a: Pecharunt|3/100
|move|p1a: Pecharunt|Recover|p1a: Pecharunt
|-heal|p1a: Pecharunt|53/100
|
|upkeep
|turn|12
|-activate|p2a: Charizard|item: Quick Claw
|
|t:|1776318460
|move|p2a: Charizard|Fire Blast|p1a: Pecharunt
|-damage|p1a: Pecharunt|3/100
|move|p1a: Pecharunt|Recover|p1a: Pecharunt
|-heal|p1a: Pecharunt|53/100
|
|upkeep
|turn|13
|
|t:|1776318469
|move|p2a: Charizard|Fire Blast|p1a: Pecharunt
|-damage|p1a: Pecharunt|1/100
|move|p1a: Pecharunt|Recover|p1a: Pecharunt
|-heal|p1a: Pecharunt|51/100
|
|upkeep
|turn|14
|
|t:|1776318476
|move|p2a: Charizard|Fire Blast|p1a: Pecharunt
|-damage|p1a: Pecharunt|0 fnt
|faint|p1a: Pecharunt
|
|upkeep
|
|t:|1776318481
|switch|p1a: Jew|Gholdengo|100/100
|turn|15
|
|t:|1776318487
|move|p1a: Jew|Shadow Ball|p2a: Charizard
|-damage|p2a: Charizard|1/100
|move|p2a: Charizard|Air Slash|p1a: Jew
|-resisted|p1a: Jew
|-damage|p1a: Jew|80/100
|
|upkeep
|turn|16
|
|t:|1776318509
|move|p1a: Jew|Shadow Ball|p2a: Charizard
|-damage|p2a: Charizard|0 fnt
|faint|p2a: Charizard
|
|upkeep
|
|t:|1776318517
|switch|p2a: Electivire|Electivire, M|100/100
|-damage|p2a: Electivire|75/100|[from] Spikes
|-damage|p2a: Electivire|63/100|[from] Stealth Rock
|turn|17
|
|t:|1776318523
|move|p1a: Jew|Shadow Ball|p2a: Electivire
|-damage|p2a: Electivire|8/100
|move|p2a: Electivire|Fire Punch|p1a: Jew
|-supereffective|p1a: Jew
|-damage|p1a: Jew|0 fnt
|faint|p1a: Jew
|-damage|p2a: Electivire|0 fnt|[from] item: Life Orb
|faint|p2a: Electivire
|
|upkeep
|
|t:|1776318533
|switch|p2a: Forretress|Forretress, M|100/100
|switch|p1a: Clefable|Clefable, F|55/100
|-damage|p2a: Forretress|76/100|[from] Spikes
|-damage|p2a: Forretress|63/100|[from] Stealth Rock
|turn|18
|
|t:|1776318542
|move|p1a: Clefable|Moonlight|p1a: Clefable
|-heal|p1a: Clefable|100/100
|move|p2a: Forretress|Rapid Spin|p1a: Clefable
|-damage|p1a: Clefable|89/100
|-boost|p2a: Forretress|spe|1
|-sideend|p2: me destroy you 15|Spikes|[from] move: Rapid Spin|[of] p2a: Forretress
|-sideend|p2: me destroy you 15|Stealth Rock|[from] move: Rapid Spin|[of] p2a: Forretress
|
|-heal|p2a: Forretress|69/100|[from] item: Leftovers
|upkeep
|turn|19
|inactive|me destroy you 15 has 120 seconds left.
|
|t:|1776318599
|switch|p2a: Vileplume|Vileplume, F|100/100
|move|p1a: Clefable|Flamethrower|p2a: Vileplume
|-supereffective|p2a: Vileplume
|-damage|p2a: Vileplume|41/100
|
|-heal|p2a: Vileplume|47/100|[from] item: Leftovers
|upkeep
|turn|20
|inactive|me destroy you 15 has 90 seconds left.
|
|t:|1776318634
|move|p1a: Clefable|Flamethrower|p2a: Vileplume
|-supereffective|p2a: Vileplume
|-damage|p2a: Vileplume|0 fnt
|faint|p2a: Vileplume
|
|upkeep
|
|t:|1776318640
|switch|p2a: Gengar|Gengar, F|100/100
|turn|21
|
|t:|1776318658
|move|p2a: Gengar|Sludge Bomb|p1a: Clefable
|-supereffective|p1a: Clefable
|-damage|p1a: Clefable|0 fnt
|faint|p1a: Clefable
|
|win|me destroy you 15
