|html|<div class="broadcast-blue"><strong>[Gen 9] OU is currently suspecting Volcarona! For information on how to participate check out the <a href="https://www.smogon.com/tools/suspects/view/208">suspect thread</a>.</strong></div>
|badge|p2|bronze|gen9ou|100-9
|uhtml|medal-msg|<div class="broadcast-blue">Curious what those medals under the avatar are? PS now has Ladder Seasons! For more information, check out the <a href="https://www.smogon.com/forums/threads/3740067/">thread on Smogon.</a></div>
|j|☆FP.//06
|j|☆Auburn Hills
|t:|1778503072
|gametype|singles
|player|p1|FP.//06|lucas|1635
|player|p2|Auburn Hills|alder|1836
|gen|9
|tier|[Gen 9] OU
|rated|
|rule|HP Percentage Mod: HP is shown in percentages
|rule|Endless Battle Clause: Forcing endless battles is banned
|rule|Species Clause: Limit one of each Pokémon
|rule|OHKO Clause: OHKO moves are banned
|rule|Evasion Items Clause: Evasion items are banned
|rule|Evasion Moves Clause: Evasion moves are banned
|rule|Evasion Abilities Clause: Evasion abilities are banned
|rule|Sleep Moves Clause: Sleep-inducing moves are banned
|clearpoke
|poke|p1|Glimmora, F|
|poke|p1|Hatterene, F|
|poke|p1|Volcarona, F|
|poke|p1|Zamazenta-*|
|poke|p1|Dragonite, F|
|poke|p1|Kingambit, F|
|poke|p2|Iron Moth|
|poke|p2|Umbreon, M|
|poke|p2|Garchomp, F|
|poke|p2|Glimmora, F|
|poke|p2|Gholdengo|
|poke|p2|Dragonite, M|
|teampreview
|inactive|Battle timer is ON: inactive players will automatically lose when time's up. (requested by FP.//06)
|
|t:|1778503079
|teamsize|p1|6
|teamsize|p2|6
|start
|switch|p1a: Zamazenta|Zamazenta|100/100
|switch|p2a: Julia Jacklin|Glimmora, F|100/100
|-ability|p1a: Zamazenta|Dauntless Shield|boost
|-boost|p1a: Zamazenta|def|1
|turn|1
|
|t:|1778503082
|move|p1a: Zamazenta|Close Combat|p2a: Julia Jacklin
|-damage|p2a: Julia Jacklin|17/100
|-unboost|p1a: Zamazenta|def|1
|-unboost|p1a: Zamazenta|spd|1
|-activate|p2a: Julia Jacklin|ability: Toxic Debris
|-sidestart|p1: FP.//06|move: Toxic Spikes
|move|p2a: Julia Jacklin|Mortal Spin|p1a: Zamazenta
|-damage|p1a: Zamazenta|95/100
|-status|p1a: Zamazenta|psn
|
|-damage|p1a: Zamazenta|83/100 psn|[from] psn
|upkeep
|turn|2
|
|t:|1778503086
|switch|p2a: Smino|Gholdengo|100/100
|move|p1a: Zamazenta|Light Screen|p1a: Zamazenta
|-sidestart|p1: FP.//06|move: Light Screen
|
|-damage|p1a: Zamazenta|70/100 psn|[from] psn
|upkeep
|turn|3
|
|t:|1778503091
|move|p2a: Smino|Make It Rain|p1a: Zamazenta
|-damage|p1a: Zamazenta|25/100 psn
|-unboost|p2a: Smino|spa|1
|move|p1a: Zamazenta|Reflect|p1a: Zamazenta
|-sidestart|p1: FP.//06|Reflect
|
|-damage|p1a: Zamazenta|13/100 psn|[from] psn
|upkeep
|turn|4
|
|t:|1778503096
|switch|p2a: Alvvays|Umbreon, M|100/100
|switch|p1a: Glimmora|Glimmora, F|100/100
|-sideend|p1: FP.//06|move: Toxic Spikes|[of] p1a: Glimmora
|
|upkeep
|turn|5
|
|t:|1778503100
|move|p1a: Glimmora|Stealth Rock|p2a: Alvvays
|-sidestart|p2: Auburn Hills|move: Stealth Rock
|move|p2a: Alvvays|Thunder Wave|p1a: Glimmora
|-status|p1a: Glimmora|par
|
|upkeep
|turn|6
|
|t:|1778503105
|switch|p2a: Smino|Gholdengo|100/100
|-damage|p2a: Smino|94/100|[from] Stealth Rock
|cant|p1a: Glimmora|par
|
|upkeep
|turn|7
|
|t:|1778503111
|move|p2a: Smino|Make It Rain|p1a: Glimmora
|-supereffective|p1a: Glimmora
|-damage|p1a: Glimmora|15/100 par
|-unboost|p2a: Smino|spa|1
|cant|p1a: Glimmora|par
|
|upkeep
|turn|8
|
|t:|1778503119
|switch|p2a: Julia Jacklin|Glimmora, F|17/100
|-damage|p2a: Julia Jacklin|5/100|[from] Stealth Rock
|switch|p1a: Volcarona|Volcarona, F|100/100
|
|upkeep
|turn|9
|
|t:|1778503124
|move|p2a: Julia Jacklin|Mortal Spin|p1a: Volcarona
|-damage|p1a: Volcarona|97/100
|-sideend|p2: Auburn Hills|Stealth Rock|[from] move: Mortal Spin|[of] p2a: Julia Jacklin
|move|p1a: Volcarona|Quiver Dance|p1a: Volcarona
|-boost|p1a: Volcarona|spa|1
|-boost|p1a: Volcarona|spd|1
|-boost|p1a: Volcarona|spe|1
|
|-sideend|p1: FP.//06|move: Light Screen
|upkeep
|turn|10
|
|t:|1778503132
|move|p1a: Volcarona|Fiery Dance|p2a: Julia Jacklin
|-resisted|p2a: Julia Jacklin
|-damage|p2a: Julia Jacklin|0 fnt
|-boost|p1a: Volcarona|spa|1
|faint|p2a: Julia Jacklin
|
|-sideend|p1: FP.//06|Reflect
|upkeep
|
|t:|1778503135
|switch|p2a: Rat Tally|Garchomp, F|100/100
|turn|11
|
|t:|1778503143
|-terastallize|p1a: Volcarona|Grass
|move|p1a: Volcarona|Quiver Dance|p1a: Volcarona
|-boost|p1a: Volcarona|spa|1
|-boost|p1a: Volcarona|spd|1
|-boost|p1a: Volcarona|spe|1
|move|p2a: Rat Tally|Scale Shot|p1a: Volcarona
|-damage|p1a: Volcarona|76/100
|-damage|p1a: Volcarona|58/100
|-damage|p1a: Volcarona|40/100
|-damage|p1a: Volcarona|21/100
|-damage|p1a: Volcarona|2/100
|-hitcount|p1a: Volcarona|5
|-unboost|p2a: Rat Tally|def|1
|-boost|p2a: Rat Tally|spe|1
|
|upkeep
|turn|12
|
|t:|1778503147
|move|p1a: Volcarona|Giga Drain|p2a: Rat Tally
|-damage|p2a: Rat Tally|0 fnt
|-heal|p1a: Volcarona|57/100|[from] drain|[of] p2a: Rat Tally
|faint|p2a: Rat Tally
|
|upkeep
|
|t:|1778503149
|switch|p2a: Elucid|Dragonite, M|100/100
|turn|13
|
|t:|1778503155
|move|p1a: Volcarona|Fiery Dance|p2a: Elucid
|-resisted|p2a: Elucid
|-damage|p2a: Elucid|68/100
|-boost|p1a: Volcarona|spa|1
|move|p2a: Elucid|Ice Spinner|p1a: Volcarona
|-supereffective|p1a: Volcarona
|-damage|p1a: Volcarona|0 fnt
|faint|p1a: Volcarona
|
|upkeep
|
|t:|1778503159
|switch|p1a: Glimmora|Glimmora, F|15/100 par
|turn|14
|
|t:|1778503162
|move|p2a: Elucid|Earthquake|p1a: Glimmora
|-supereffective|p1a: Glimmora
|-damage|p1a: Glimmora|0 fnt
|-activate|p1a: Glimmora|ability: Toxic Debris
|-sidestart|p2: Auburn Hills|move: Toxic Spikes
|faint|p1a: Glimmora
|
|upkeep
|
|t:|1778503166
|switch|p1a: Hatterene|Hatterene, F|100/100
|turn|15
|
|t:|1778503171
|switch|p2a: Smino|Gholdengo|94/100
|switch|p1a: Dragonite|Dragonite, F|100/100
|
|upkeep
|turn|16
|
|t:|1778503176
|move|p2a: Smino|Trick|p1a: Dragonite
|-activate|p2a: Smino|move: Trick|[of] p1a: Dragonite
|-item|p1a: Dragonite|Choice Scarf|[from] move: Trick
|-item|p2a: Smino|Leftovers|[from] move: Trick
|move|p1a: Dragonite|Dragon Dance|p1a: Dragonite
|-boost|p1a: Dragonite|atk|1
|-boost|p1a: Dragonite|spe|1
|
|-heal|p2a: Smino|100/100|[from] item: Leftovers
|upkeep
|turn|17
|
|t:|1778503180
|switch|p1a: Zamazenta|Zamazenta|13/100 psn
|switch|p2a: Carly Rae|Iron Moth|100/100
|-sideend|p2: Auburn Hills|move: Toxic Spikes|[of] p2a: Carly Rae
|-enditem|p2a: Carly Rae|Booster Energy
|-activate|p2a: Carly Rae|ability: Quark Drive|[fromitem]
|-start|p2a: Carly Rae|quarkdrivespe
|
|-damage|p1a: Zamazenta|0 fnt|[from] psn
|faint|p1a: Zamazenta
|upkeep
|
|t:|1778503184
|switch|p1a: Dragonite|Dragonite, F|100/100
|turn|18
|
|t:|1778503187
|-end|p2a: Carly Rae|Quark Drive|[silent]
|switch|p2a: Alvvays|Umbreon, M|100/100
|move|p1a: Dragonite|Earthquake|p2a: Alvvays
|-crit|p2a: Alvvays
|-damage|p2a: Alvvays|58/100
|
|-heal|p2a: Alvvays|64/100|[from] item: Leftovers
|upkeep
|turn|19
|
|t:|1778503191
|switch|p1a: Hatterene|Hatterene, F|100/100
|move|p2a: Alvvays|Foul Play|p1a: Hatterene
|-damage|p1a: Hatterene|80/100
|-enditem|p1a: Hatterene|Kee Berry|[eat]
|-boost|p1a: Hatterene|def|1|[from] item: Kee Berry
|
|-heal|p2a: Alvvays|70/100|[from] item: Leftovers
|upkeep
|turn|20
|
|t:|1778503196
|move|p2a: Alvvays|Protect|p2a: Alvvays
|-singleturn|p2a: Alvvays|Protect
|move|p1a: Hatterene|Calm Mind|p1a: Hatterene
|-boost|p1a: Hatterene|spa|1
|-boost|p1a: Hatterene|spd|1
|
|-heal|p2a: Alvvays|76/100|[from] item: Leftovers
|upkeep
|turn|21
|
|t:|1778503198
|switch|p2a: Smino|Gholdengo|100/100
|move|p1a: Hatterene|Calm Mind|p1a: Hatterene
|-boost|p1a: Hatterene|spa|1
|-boost|p1a: Hatterene|spd|1
|
|upkeep
|turn|22
|
|t:|1778503202
|move|p2a: Smino|Make It Rain|p1a: Hatterene
|-supereffective|p1a: Hatterene
|-damage|p1a: Hatterene|13/100
|-unboost|p2a: Smino|spa|1
|move|p1a: Hatterene|Stored Power|p2a: Smino
|-resisted|p2a: Smino
|-damage|p2a: Smino|43/100
|
|-heal|p2a: Smino|49/100|[from] item: Leftovers
|upkeep
|turn|23
|
|t:|1778503210
|move|p2a: Smino|Make It Rain|p1a: Hatterene
|-supereffective|p1a: Hatterene
|-damage|p1a: Hatterene|0 fnt
|-unboost|p2a: Smino|spa|1
|faint|p1a: Hatterene
|
|-heal|p2a: Smino|55/100|[from] item: Leftovers
|upkeep
|
|t:|1778503211
|switch|p1a: Dragonite|Dragonite, F|100/100
|turn|24
|
|t:|1778503216
|switch|p1a: Kingambit|Kingambit, F|100/100
|-activate|p1a: Kingambit|ability: Supreme Overlord
|-start|p1a: Kingambit|fallen4|[silent]
|-item|p1a: Kingambit|Air Balloon
|switch|p2a: Elucid|Dragonite, M|68/100
|
|upkeep
|turn|25
|
|t:|1778503220
|move|p2a: Elucid|Extreme Speed|p1a: Kingambit
|-resisted|p1a: Kingambit
|-damage|p1a: Kingambit|87/100
|-enditem|p1a: Kingambit|Air Balloon
|move|p1a: Kingambit|Iron Head|p2a: Elucid
|-damage|p2a: Elucid|0 fnt
|faint|p2a: Elucid
|
|upkeep
|
|t:|1778503224
|switch|p2a: Carly Rae|Iron Moth|100/100
|turn|26
|
|t:|1778503234
|-end|p1a: Kingambit|fallen4|[silent]
|switch|p1a: Dragonite|Dragonite, F|100/100
|-terastallize|p2a: Carly Rae|Fairy
|move|p2a: Carly Rae|Fiery Dance|p1a: Dragonite
|-resisted|p1a: Dragonite
|-damage|p1a: Dragonite|89/100
|-boost|p2a: Carly Rae|spa|1
|
|upkeep
|turn|27
|
|t:|1778503238
|move|p1a: Dragonite|Earthquake|p2a: Carly Rae
|-damage|p2a: Carly Rae|49/100
|move|p2a: Carly Rae|Dazzling Gleam|p1a: Dragonite
|-supereffective|p1a: Dragonite
|-damage|p1a: Dragonite|0 fnt
|faint|p1a: Dragonite
|
|upkeep
|
|t:|1778503240
|switch|p1a: Kingambit|Kingambit, F|87/100
|-activate|p1a: Kingambit|ability: Supreme Overlord
|-start|p1a: Kingambit|fallen5|[silent]
|turn|28
|
|t:|1778503244
|move|p2a: Carly Rae|Fiery Dance|p1a: Kingambit
|-supereffective|p1a: Kingambit
|-damage|p1a: Kingambit|0 fnt
|faint|p1a: Kingambit
|-end|p1a: Kingambit|fallen5|[silent]
|
|win|Auburn Hills
|raw|FP.&#x2f;&#x2f;06's rating: 1635 &rarr; <strong>1625</strong><br />(-10 for losing)
|raw|Auburn Hills's rating: 1836 &rarr; <strong>1846</strong><br />(+10 for winning)
|l|☆FP.//06
|player|p1|
|l|☆Auburn Hills
|player|p2|
