|html|<div class="broadcast-blue"><strong>[Gen 9] OU is currently suspecting Volcarona! For information on how to participate check out the <a href="https://www.smogon.com/tools/suspects/view/208">suspect thread</a>.</strong></div>
|j|☆Reagan22222
|j|☆Nerbitplayz
|t:|1778508737
|gametype|singles
|player|p1|Reagan22222|101|1098
|player|p2|Nerbitplayz|170|1087
|gen|9
|tier|[Gen 9] OU
|rated|
|rule|HP Percentage Mod: HP is shown in percentages
|rule|Endless Battle Clause: Forcing endless battles is banned
|rule|Species Clause: Limit one of each Pokémon
|rule|OHKO Clause: OHKO moves are banned
|rule|Evasion Items Clause: Evasion items are banned
|rule|Evasion Moves Clause: Evasion moves are banned
|rule|Evasion Abilities Clause: Evasion abilities are banned
|rule|Sleep Moves Clause: Sleep-inducing moves are banned
|clearpoke
|poke|p1|Garganacl, M|
|poke|p1|Deoxys-Speed|
|poke|p1|Tornadus-Therian, M|
|poke|p1|Incineroar, F|
|poke|p1|Ogerpon-Wellspring, F|
|poke|p1|Scizor, M|
|poke|p2|Kommo-o, F|
|poke|p2|Iron Crown|
|poke|p2|Donphan, F|
|poke|p2|Moltres|
|poke|p2|Darkrai|
|poke|p2|Rillaboom, F|
|teampreview
|inactive|Battle timer is ON: inactive players will automatically lose when time's up. (requested by Reagan22222)
|
|t:|1778508774
|teamsize|p1|6
|teamsize|p2|6
|start
|switch|p1a: Ogerpon|Ogerpon-Wellspring, F|100/100
|switch|p2a: Iron Crown|Iron Crown|100/100
|turn|1
|inactive|Nerbitplayz has 120 seconds left.
|c|☆Reagan22222|Just play your turn bro
|
|t:|1778508819
|-end|p2a: Iron Crown|Quark Drive|[silent]
|switch|p2a: Kommo-o|Kommo-o, F|100/100
|move|p1a: Ogerpon|Ivy Cudgel|p2a: Kommo-o|[anim] Ivy Cudgel Water
|-resisted|p2a: Kommo-o
|-crit|p2a: Kommo-o
|-damage|p2a: Kommo-o|54/100
|
|upkeep
|turn|2
|
|t:|1778508825
|move|p1a: Ogerpon|Play Rough|p2a: Kommo-o
|-supereffective|p2a: Kommo-o
|-damage|p2a: Kommo-o|0 fnt
|faint|p2a: Kommo-o
|
|upkeep
|inactive|Nerbitplayz has 120 seconds left.
|
|t:|1778508831
|switch|p2a: Rillaboom|Rillaboom, F|100/100
|-fieldstart|move: Grassy Terrain|[from] ability: Grassy Surge|[of] p2a: Rillaboom
|-enditem|p2a: Rillaboom|Grassy Seed
|-boost|p2a: Rillaboom|def|1|[from] item: Grassy Seed
|turn|3
|
|t:|1778508839
|switch|p1a: Incineroar|Incineroar, F|100/100
|-ability|p1a: Incineroar|Intimidate|boost
|-unboost|p2a: Rillaboom|atk|1
|move|p2a: Rillaboom|U-turn|p1a: Incineroar
|-damage|p1a: Incineroar|84/100
|
|t:|1778508845
|switch|p2a: Donphan|Donphan, F|100/100|[from] U-turn
|
|-heal|p1a: Incineroar|90/100|[from] Grassy Terrain
|-heal|p1a: Incineroar|96/100|[from] item: Leftovers
|upkeep
|turn|4
|
|t:|1778508849
|move|p1a: Incineroar|Will-O-Wisp|p2a: Donphan
|-status|p2a: Donphan|brn
|move|p2a: Donphan|Stealth Rock|p1a: Incineroar
|-sidestart|p1: Reagan22222|move: Stealth Rock
|
|-heal|p1a: Incineroar|100/100|[from] Grassy Terrain
|-damage|p2a: Donphan|94/100 brn|[from] brn
|upkeep
|turn|5
|
|t:|1778508860
|move|p1a: Incineroar|Darkest Lariat|p2a: Donphan
|-damage|p2a: Donphan|77/100 brn
|move|p2a: Donphan|Earthquake|p1a: Incineroar
|-supereffective|p1a: Incineroar
|-crit|p1a: Incineroar
|-damage|p1a: Incineroar|71/100
|
|-heal|p1a: Incineroar|77/100|[from] Grassy Terrain
|-heal|p1a: Incineroar|83/100|[from] item: Leftovers
|-heal|p2a: Donphan|83/100 brn|[from] Grassy Terrain
|-damage|p2a: Donphan|77/100 brn|[from] brn
|upkeep
|turn|6
|
|t:|1778508869
|switch|p2a: Darkrai|Darkrai|100/100
|move|p1a: Incineroar|Parting Shot|p2a: Darkrai
|-unboost|p2a: Darkrai|atk|1
|-unboost|p2a: Darkrai|spa|1
|
|t:|1778508880
|switch|p1a: Deoxys|Deoxys-Speed|100/100|[from] Parting Shot
|-damage|p1a: Deoxys|88/100|[from] Stealth Rock
|-ability|p1a: Deoxys|Pressure
|
|-heal|p1a: Deoxys|94/100|[from] Grassy Terrain
|upkeep
|turn|7
|
|t:|1778508888
|move|p1a: Deoxys|Brick Break|p2a: Darkrai
|-supereffective|p2a: Darkrai
|-damage|p2a: Darkrai|59/100
|move|p2a: Darkrai|Dark Pulse|p1a: Deoxys
|-supereffective|p1a: Deoxys
|-damage|p1a: Deoxys|0 fnt
|faint|p1a: Deoxys
|
|-heal|p2a: Darkrai|65/100|[from] Grassy Terrain
|-fieldend|move: Grassy Terrain
|upkeep
|
|t:|1778508902
|switch|p1a: Tornadus|Tornadus-Therian, M|100/100
|turn|8
|
|t:|1778508911
|switch|p2a: Iron Crown|Iron Crown|100/100
|move|p1a: Tornadus|Bleakwind Storm|p2a: Iron Crown
|-resisted|p2a: Iron Crown
|-damage|p2a: Iron Crown|85/100
|
|upkeep
|turn|9
|
|t:|1778508918
|move|p1a: Tornadus|Knock Off|p2a: Iron Crown
|-supereffective|p2a: Iron Crown
|-damage|p2a: Iron Crown|40/100
|-enditem|p2a: Iron Crown|Assault Vest|[from] move: Knock Off|[of] p1a: Tornadus
|move|p2a: Iron Crown|Volt Switch|p1a: Tornadus
|-supereffective|p1a: Tornadus
|-damage|p1a: Tornadus|44/100
|
|t:|1778508926
|-end|p2a: Iron Crown|Quark Drive|[silent]
|switch|p2a: Darkrai|Darkrai|65/100|[from] Volt Switch
|
|upkeep
|turn|10
|
|t:|1778508931
|move|p2a: Darkrai|Dark Pulse|p1a: Tornadus
|-damage|p1a: Tornadus|0 fnt
|faint|p1a: Tornadus
|
|upkeep
|
|t:|1778508937
|switch|p1a: Scizor|Scizor, M|100/100
|-damage|p1a: Scizor|88/100|[from] Stealth Rock
|turn|11
|
|t:|1778508942
|switch|p2a: Moltres|Moltres|100/100
|move|p1a: Scizor|Defog|p2a: Moltres
|-unboost|p2a: Moltres|evasion|1
|-sideend|p1: Reagan22222|Stealth Rock|[from] move: Defog|[of] p1a: Scizor
|
|-heal|p1a: Scizor|94/100|[from] item: Leftovers
|upkeep
|turn|12
|
|t:|1778508950
|switch|p1a: Ogerpon|Ogerpon-Wellspring, F|100/100
|move|p2a: Moltres|Flamethrower|p1a: Ogerpon
|-damage|p1a: Ogerpon|53/100
|
|upkeep
|turn|13
|
|t:|1778508960
|switch|p2a: Rillaboom|Rillaboom, F|100/100
|-fieldstart|move: Grassy Terrain|[from] ability: Grassy Surge|[of] p2a: Rillaboom
|-terastallize|p1a: Ogerpon|Water
|detailschange|p1a: Ogerpon|Ogerpon-Wellspring-Tera, F, tera:Water
|-ability|p1a: Ogerpon|Embody Aspect (Wellspring)|boost
|-boost|p1a: Ogerpon|spd|1
|move|p1a: Ogerpon|Ivy Cudgel|p2a: Rillaboom|[anim] Ivy Cudgel Water
|-resisted|p2a: Rillaboom
|-damage|p2a: Rillaboom|53/100
|
|-heal|p1a: Ogerpon|59/100|[from] Grassy Terrain
|-heal|p2a: Rillaboom|59/100|[from] Grassy Terrain
|upkeep
|turn|14
|
|t:|1778508967
|switch|p1a: Incineroar|Incineroar, F|83/100
|-ability|p1a: Incineroar|Intimidate|boost
|-unboost|p2a: Rillaboom|atk|1
|move|p2a: Rillaboom|Grassy Glide|p1a: Incineroar
|-resisted|p1a: Incineroar
|-damage|p1a: Incineroar|72/100
|
|-heal|p2a: Rillaboom|66/100|[from] Grassy Terrain
|-heal|p1a: Incineroar|78/100|[from] Grassy Terrain
|-heal|p1a: Incineroar|84/100|[from] item: Leftovers
|upkeep
|turn|15
|
|t:|1778508978
|move|p1a: Incineroar|Fake Out|p2a: Rillaboom
|-damage|p2a: Rillaboom|53/100
|cant|p2a: Rillaboom|flinch
|
|-heal|p2a: Rillaboom|59/100|[from] Grassy Terrain
|-heal|p1a: Incineroar|90/100|[from] Grassy Terrain
|-heal|p1a: Incineroar|96/100|[from] item: Leftovers
|upkeep
|turn|16
|
|t:|1778508982
|move|p2a: Rillaboom|U-turn|p1a: Incineroar
|-damage|p1a: Incineroar|81/100
|
|t:|1778508985
|switch|p2a: Moltres|Moltres|100/100|[from] U-turn
|move|p1a: Incineroar|Will-O-Wisp|p2a: Moltres
|-immune|p2a: Moltres
|
|-heal|p1a: Incineroar|87/100|[from] Grassy Terrain
|-heal|p1a: Incineroar|93/100|[from] item: Leftovers
|upkeep
|turn|17
|
|t:|1778508992
|move|p1a: Incineroar|Parting Shot|p2a: Moltres
|-unboost|p2a: Moltres|atk|1
|-unboost|p2a: Moltres|spa|1
|
|t:|1778508998
|switch|p1a: Ogerpon|Ogerpon-Wellspring-Tera, F, tera:Water|59/100|[from] Parting Shot
|-ability|p1a: Ogerpon|Embody Aspect (Wellspring)|boost
|-boost|p1a: Ogerpon|spd|1
|move|p2a: Moltres|Flamethrower|p1a: Ogerpon
|-resisted|p1a: Ogerpon
|-damage|p1a: Ogerpon|50/100
|
|-heal|p1a: Ogerpon|56/100|[from] Grassy Terrain
|-fieldend|move: Grassy Terrain
|upkeep
|turn|18
|
|t:|1778509009
|switch|p2a: Rillaboom|Rillaboom, F|59/100
|-fieldstart|move: Grassy Terrain|[from] ability: Grassy Surge|[of] p2a: Rillaboom
|move|p1a: Ogerpon|U-turn|p2a: Rillaboom
|-supereffective|p2a: Rillaboom
|-damage|p2a: Rillaboom|0 fnt
|faint|p2a: Rillaboom
|
|t:|1778509017
|switch|p1a: Garganacl|Garganacl, M|100/100|[from] U-turn
|
|upkeep
|
|t:|1778509027
|switch|p2a: Iron Crown|Iron Crown|40/100
|turn|19
|
|t:|1778509032
|move|p2a: Iron Crown|Tachyon Cutter|p1a: Garganacl
|-supereffective|p1a: Garganacl
|-damage|p1a: Garganacl|54/100
|-supereffective|p1a: Garganacl
|-damage|p1a: Garganacl|11/100
|-hitcount|p1a: Garganacl|2
|move|p1a: Garganacl|Salt Cure|p2a: Iron Crown
|-resisted|p2a: Iron Crown
|-damage|p2a: Iron Crown|32/100
|-start|p2a: Iron Crown|Salt Cure
|
|-heal|p2a: Iron Crown|39/100|[from] Grassy Terrain
|-heal|p1a: Garganacl|17/100|[from] Grassy Terrain
|-heal|p1a: Garganacl|23/100|[from] item: Leftovers
|-damage|p2a: Iron Crown|14/100|[from] Salt Cure
|upkeep
|turn|20
|
|t:|1778509037
|move|p1a: Garganacl|Protect|p1a: Garganacl
|-singleturn|p1a: Garganacl|Protect
|move|p2a: Iron Crown|Volt Switch|p1a: Garganacl
|-activate|p1a: Garganacl|move: Protect
|
|-heal|p2a: Iron Crown|20/100|[from] Grassy Terrain
|-heal|p1a: Garganacl|29/100|[from] Grassy Terrain
|-heal|p1a: Garganacl|36/100|[from] item: Leftovers
|-damage|p2a: Iron Crown|0 fnt|[from] Salt Cure
|faint|p2a: Iron Crown
|-end|p2a: Iron Crown|Quark Drive|[silent]
|upkeep
|
|t:|1778509041
|switch|p2a: Darkrai|Darkrai|65/100
|turn|21
|
|t:|1778509046
|move|p2a: Darkrai|Focus Blast|p1a: Garganacl
|-supereffective|p1a: Garganacl
|-damage|p1a: Garganacl|0 fnt
|faint|p1a: Garganacl
|
|-heal|p2a: Darkrai|71/100|[from] Grassy Terrain
|upkeep
|
|t:|1778509053
|switch|p1a: Ogerpon|Ogerpon-Wellspring-Tera, F, tera:Water|56/100
|-ability|p1a: Ogerpon|Embody Aspect (Wellspring)|boost
|-boost|p1a: Ogerpon|spd|1
|turn|22
|
|t:|1778509058
|switch|p2a: Donphan|Donphan, F|77/100 brn
|move|p1a: Ogerpon|Ivy Cudgel|p2a: Donphan|[anim] Ivy Cudgel Water
|-supereffective|p2a: Donphan
|-damage|p2a: Donphan|0 fnt
|faint|p2a: Donphan
|
|-heal|p1a: Ogerpon|62/100|[from] Grassy Terrain
|-fieldend|move: Grassy Terrain
|upkeep
|
|t:|1778509062
|switch|p2a: Darkrai|Darkrai|71/100
|turn|23
|
|t:|1778509069
|move|p2a: Darkrai|Dark Pulse|p1a: Ogerpon
|-damage|p1a: Ogerpon|13/100
|cant|p1a: Ogerpon|flinch
|
|upkeep
|turn|24
|
|t:|1778509074
|move|p2a: Darkrai|Dark Pulse|p1a: Ogerpon
|-damage|p1a: Ogerpon|0 fnt
|faint|p1a: Ogerpon
|detailschange|p1: Ogerpon|Ogerpon-Wellspring, F|[silent]
|
|upkeep
|
|t:|1778509078
|switch|p1a: Incineroar|Incineroar, F|93/100
|-ability|p1a: Incineroar|Intimidate|boost
|-unboost|p2a: Darkrai|atk|1
|turn|25
|
|t:|1778509083
|switch|p2a: Moltres|Moltres|100/100
|move|p1a: Incineroar|Fake Out|p2a: Moltres
|-damage|p2a: Moltres|90/100
|
|-heal|p1a: Incineroar|99/100|[from] item: Leftovers
|upkeep
|turn|26
|
|t:|1778509092
|move|p1a: Incineroar|Parting Shot|p2a: Moltres
|-unboost|p2a: Moltres|atk|1
|-unboost|p2a: Moltres|spa|1
|
|t:|1778509095
|switch|p1a: Scizor|Scizor, M|94/100|[from] Parting Shot
|move|p2a: Moltres|Flamethrower|p1a: Scizor
|-supereffective|p1a: Scizor
|-damage|p1a: Scizor|0 fnt
|faint|p1a: Scizor
|
|upkeep
|
|t:|1778509101
|switch|p1a: Incineroar|Incineroar, F|99/100
|-ability|p1a: Incineroar|Intimidate|boost
|-unboost|p2a: Moltres|atk|1
|turn|27
|c|☆Nerbitplayz|trash ass bitch
|
|t:|1778509106
|move|p1a: Incineroar|Fake Out|p2a: Moltres
|-damage|p2a: Moltres|80/100
|cant|p2a: Moltres|flinch
|
|-heal|p1a: Incineroar|100/100|[from] item: Leftovers
|upkeep
|turn|28
|
|t:|1778509109
|move|p1a: Incineroar|Darkest Lariat|p2a: Moltres
|-damage|p2a: Moltres|49/100
|move|p2a: Moltres|Roost|p2a: Moltres
|-heal|p2a: Moltres|99/100
|-singleturn|p2a: Moltres|move: Roost
|
|upkeep
|turn|29
|
|t:|1778509113
|move|p1a: Incineroar|Parting Shot|p2a: Moltres
|-unboost|p2a: Moltres|atk|1
|-unboost|p2a: Moltres|spa|1
|move|p2a: Moltres|Flamethrower|p1a: Incineroar
|-resisted|p1a: Incineroar
|-damage|p1a: Incineroar|92/100
|
|-heal|p1a: Incineroar|98/100|[from] item: Leftovers
|upkeep
|turn|30
|
|t:|1778509119
|move|p1a: Incineroar|Parting Shot|p2a: Moltres
|-unboost|p2a: Moltres|atk|1
|-unboost|p2a: Moltres|spa|1
|move|p2a: Moltres|U-turn|p1a: Incineroar
|-damage|p1a: Incineroar|93/100
|
|t:|1778509122
|switch|p2a: Darkrai|Darkrai|71/100|[from] U-turn
|
|-heal|p1a: Incineroar|99/100|[from] item: Leftovers
|upkeep
|turn|31
|
|t:|1778509125
|move|p2a: Darkrai|Focus Blast|p1a: Incineroar
|-supereffective|p1a: Incineroar
|-damage|p1a: Incineroar|0 fnt
|faint|p1a: Incineroar
|
|win|Nerbitplayz
