|html|<div class="broadcast-blue"><strong>[Gen 9] OU is currently suspecting Tera Blast! For information on how to participate check out the <a href="https://www.smogon.com/tools/suspects/view/200">suspect thread</a>.</strong></div>
|j|☆cam2030
|j|☆AJOH1030
|t:|1776038635
|gametype|singles
|player|p1|cam2030|bruno|
|player|p2|AJOH1030|265|
|gen|9
|tier|[Gen 9] OU
|rule|HP Percentage Mod: HP is shown in percentages
|rule|Endless Battle Clause: Forcing endless battles is banned
|rule|Species Clause: Limit one of each Pokémon
|rule|OHKO Clause: OHKO moves are banned
|rule|Evasion Items Clause: Evasion items are banned
|rule|Evasion Moves Clause: Evasion moves are banned
|rule|Evasion Abilities Clause: Evasion abilities are banned
|rule|Sleep Moves Clause: Sleep-inducing moves are banned
|clearpoke
|poke|p1|Metagross|
|poke|p1|Garganacl, M|
|poke|p1|Dragonite, F|
|poke|p1|Heatran, F|
|poke|p1|Toxapex, F|
|poke|p1|Clefable, F|
|poke|p2|Heatran, M|
|poke|p2|Rillaboom, M|
|poke|p2|Dragonite, M|
|poke|p2|Slowbro, M|
|poke|p2|Excadrill, M|
|poke|p2|Dragapult, M|
|teampreview
|
|t:|1776038697
|teamsize|p1|6
|teamsize|p2|6
|start
|switch|p1a: Toxic Spikes|Toxapex, F|100/100
|switch|p2a: Rillaboom|Rillaboom, M, shiny|100/100
|-fieldstart|move: Grassy Terrain|[from] ability: Grassy Surge|[of] p2a: Rillaboom
|turn|1
|
|t:|1776038705
|move|p2a: Rillaboom|Wood Hammer|p1a: Toxic Spikes
|-damage|p1a: Toxic Spikes|14/100
|-damage|p2a: Rillaboom|75/100|[from] Recoil
|move|p1a: Toxic Spikes|Toxic|p2a: Rillaboom
|-status|p2a: Rillaboom|tox
|
|-heal|p2a: Rillaboom|81/100 tox|[from] Grassy Terrain
|-heal|p1a: Toxic Spikes|20/100|[from] Grassy Terrain
|-damage|p2a: Rillaboom|75/100 tox|[from] psn
|upkeep
|turn|2
|
|t:|1776038718
|switch|p1a: Pink eye|Heatran, F, shiny|100/100
|move|p2a: Rillaboom|Wood Hammer|p1a: Pink eye
|-resisted|p1a: Pink eye
|-damage|p1a: Pink eye|71/100
|-damage|p2a: Rillaboom|64/100 tox|[from] Recoil
|
|-heal|p2a: Rillaboom|71/100 tox|[from] Grassy Terrain
|-heal|p1a: Pink eye|78/100|[from] Grassy Terrain
|-heal|p1a: Pink eye|84/100|[from] item: Leftovers
|-damage|p2a: Rillaboom|58/100 tox|[from] psn
|upkeep
|turn|3
|
|t:|1776038733
|switch|p2a: Excadrill|Excadrill, M, shiny|100/100
|-ability|p2a: Excadrill|Mold Breaker
|-item|p2a: Excadrill|Air Balloon
|move|p1a: Pink eye|Magma Storm|p2a: Excadrill|[miss]
|-miss|p1a: Pink eye|p2a: Excadrill
|
|-heal|p1a: Pink eye|90/100|[from] Grassy Terrain
|-heal|p1a: Pink eye|96/100|[from] item: Leftovers
|upkeep
|turn|4
|
|t:|1776038745
|switch|p1a: Murda Man|Dragonite, F, shiny|100/100
|move|p2a: Excadrill|Earthquake|p1a: Murda Man
|-immune|p1a: Murda Man
|
|upkeep
|turn|5
|
|t:|1776038757
|switch|p2a: Slowbro|Slowbro, M, shiny|100/100
|move|p1a: Murda Man|Flamethrower|p2a: Slowbro
|-resisted|p2a: Slowbro
|-damage|p2a: Slowbro|87/100
|
|-heal|p2a: Slowbro|93/100|[from] Grassy Terrain
|-fieldend|move: Grassy Terrain
|upkeep
|turn|6
|
|t:|1776038774
|switch|p1a: Annoying TeleTubby|Clefable, F|100/100
|move|p2a: Slowbro|Future Sight|p1a: Annoying TeleTubby
|-start|p2a: Slowbro|move: Future Sight
|
|upkeep
|turn|7
|
|t:|1776038788
|move|p1a: Annoying TeleTubby|Moonblast|p2a: Slowbro
|-damage|p2a: Slowbro|58/100
|-unboost|p2a: Slowbro|spa|1
|move|p2a: Slowbro|Scald|p1a: Annoying TeleTubby
|-damage|p1a: Annoying TeleTubby|84/100
|-status|p1a: Annoying TeleTubby|brn
|
|-heal|p1a: Annoying TeleTubby|90/100 brn|[from] item: Leftovers
|upkeep
|turn|8
|
|t:|1776038833
|switch|p1a: Toxic Spikes|Toxapex, F|53/100
|move|p2a: Slowbro|Slack Off|p2a: Slowbro
|-heal|p2a: Slowbro|100/100
|
|-end|p1a: Toxic Spikes|move: Future Sight
|-supereffective|p1a: Toxic Spikes
|-damage|p1a: Toxic Spikes|10/100
|upkeep
|turn|9
|
|t:|1776038850
|move|p1a: Toxic Spikes|Toxic|p2a: Slowbro
|-status|p2a: Slowbro|tox
|move|p2a: Slowbro|Future Sight|p1a: Toxic Spikes
|-start|p2a: Slowbro|move: Future Sight
|
|-damage|p2a: Slowbro|94/100 tox|[from] psn
|upkeep
|turn|10
|
|t:|1776038860
|move|p1a: Toxic Spikes|Recover|p1a: Toxic Spikes
|-heal|p1a: Toxic Spikes|60/100
|move|p2a: Slowbro|Ice Beam|p1a: Toxic Spikes
|-resisted|p1a: Toxic Spikes
|-damage|p1a: Toxic Spikes|55/100
|
|-damage|p2a: Slowbro|82/100 tox|[from] psn
|upkeep
|turn|11
|
|t:|1776038868
|switch|p2a: Rillaboom|Rillaboom, M, shiny|58/100 tox
|-fieldstart|move: Grassy Terrain|[from] ability: Grassy Surge|[of] p2a: Rillaboom
|move|p1a: Toxic Spikes|Recover|p1a: Toxic Spikes
|-heal|p1a: Toxic Spikes|100/100
|
|-end|p1a: Toxic Spikes|move: Future Sight
|-supereffective|p1a: Toxic Spikes
|-damage|p1a: Toxic Spikes|39/100
|-heal|p2a: Rillaboom|64/100 tox|[from] Grassy Terrain
|-heal|p1a: Toxic Spikes|45/100|[from] Grassy Terrain
|-damage|p2a: Rillaboom|58/100 tox|[from] psn
|upkeep
|turn|12
|
|t:|1776038887
|switch|p1a: Pink eye|Heatran, F, shiny|96/100
|move|p2a: Rillaboom|Wood Hammer|p1a: Pink eye
|-resisted|p1a: Pink eye
|-damage|p1a: Pink eye|68/100
|-damage|p2a: Rillaboom|48/100 tox|[from] Recoil
|
|-heal|p2a: Rillaboom|54/100 tox|[from] Grassy Terrain
|-heal|p1a: Pink eye|74/100|[from] Grassy Terrain
|-heal|p1a: Pink eye|80/100|[from] item: Leftovers
|-damage|p2a: Rillaboom|42/100 tox|[from] psn
|upkeep
|turn|13
|
|t:|1776038900
|switch|p2a: Dragonite|Dragonite, M, shiny|100/100
|move|p1a: Pink eye|Magma Storm|p2a: Dragonite
|-resisted|p2a: Dragonite
|-damage|p2a: Dragonite|89/100
|-activate|p2a: Dragonite|move: Magma Storm|[of] p1a: Pink eye
|
|-heal|p1a: Pink eye|87/100|[from] Grassy Terrain
|-heal|p1a: Pink eye|93/100|[from] item: Leftovers
|-damage|p2a: Dragonite|76/100|[from] move: Magma Storm|[partiallytrapped]
|upkeep
|turn|14
|
|t:|1776038912
|switch|p1a: Annoying TeleTubby|Clefable, F|90/100 brn
|move|p2a: Dragonite|Earthquake|p1a: Annoying TeleTubby
|-damage|p1a: Annoying TeleTubby|76/100 brn
|
|-heal|p1a: Annoying TeleTubby|82/100 brn|[from] Grassy Terrain
|-heal|p1a: Annoying TeleTubby|88/100 brn|[from] item: Leftovers
|-end|p2a: Dragonite|Magma Storm|[partiallytrapped]|[silent]
|upkeep
|turn|15
|
|t:|1776038933
|switch|p2a: Excadrill|Excadrill, M, shiny|100/100
|-ability|p2a: Excadrill|Mold Breaker
|-item|p2a: Excadrill|Air Balloon
|move|p1a: Annoying TeleTubby|Calm Mind|p1a: Annoying TeleTubby
|-boost|p1a: Annoying TeleTubby|spa|1
|-boost|p1a: Annoying TeleTubby|spd|1
|
|-heal|p1a: Annoying TeleTubby|94/100 brn|[from] Grassy Terrain
|-heal|p1a: Annoying TeleTubby|99/100 brn|[from] item: Leftovers
|-fieldend|move: Grassy Terrain
|upkeep
|turn|16
|
|t:|1776038945
|switch|p1a: Toxic Spikes|Toxapex, F|78/100
|move|p2a: Excadrill|Iron Head|p1a: Toxic Spikes
|-resisted|p1a: Toxic Spikes
|-damage|p1a: Toxic Spikes|65/100
|
|upkeep
|turn|17
|
|t:|1776038953
|move|p2a: Excadrill|Swords Dance|p2a: Excadrill
|-boost|p2a: Excadrill|atk|2
|move|p1a: Toxic Spikes|Surf|p2a: Excadrill
|-supereffective|p2a: Excadrill
|-damage|p2a: Excadrill|49/100
|-enditem|p2a: Excadrill|Air Balloon
|
|upkeep
|turn|18
|
|t:|1776038960
|move|p2a: Excadrill|Earthquake|p1a: Toxic Spikes
|-supereffective|p1a: Toxic Spikes
|-damage|p1a: Toxic Spikes|0 fnt
|faint|p1a: Toxic Spikes
|
|upkeep
|
|t:|1776038965
|switch|p1a: Murda Man|Dragonite, F, shiny|100/100
|turn|19
|
|t:|1776038969
|move|p2a: Excadrill|Iron Head|p1a: Murda Man
|-damage|p1a: Murda Man|18/100
|cant|p1a: Murda Man|flinch
|
|upkeep
|turn|20
|
|t:|1776038976
|move|p2a: Excadrill|Iron Head|p1a: Murda Man
|-damage|p1a: Murda Man|0 fnt
|faint|p1a: Murda Man
|
|upkeep
|
|t:|1776038981
|switch|p1a: Pink eye|Heatran, F, shiny|93/100
|turn|21
|
|t:|1776038994
|switch|p1a: Annoying TeleTubby|Clefable, F|99/100 brn
|move|p2a: Excadrill|Earthquake|p1a: Annoying TeleTubby
|-damage|p1a: Annoying TeleTubby|15/100 brn
|
|-heal|p1a: Annoying TeleTubby|21/100 brn|[from] item: Leftovers
|upkeep
|turn|22
|
|t:|1776039009
|move|p1a: Annoying TeleTubby|Protect|p1a: Annoying TeleTubby
|-singleturn|p1a: Annoying TeleTubby|Protect
|move|p2a: Excadrill|Iron Head|p1a: Annoying TeleTubby
|-activate|p1a: Annoying TeleTubby|move: Protect
|
|-heal|p1a: Annoying TeleTubby|27/100 brn|[from] item: Leftovers
|upkeep
|turn|23
|
|t:|1776039016
|move|p2a: Excadrill|Iron Head|p1a: Annoying TeleTubby
|-supereffective|p1a: Annoying TeleTubby
|-damage|p1a: Annoying TeleTubby|0 fnt
|faint|p1a: Annoying TeleTubby
|
|upkeep
|
|t:|1776039024
|switch|p1a: X-man|Metagross, shiny|100/100
|turn|24
|
|t:|1776039080
|switch|p1a: Rock Lee|Garganacl, M|100/100
|move|p2a: Excadrill|Earthquake|p1a: Rock Lee
|-supereffective|p1a: Rock Lee
|-damage|p1a: Rock Lee|0 fnt
|faint|p1a: Rock Lee
|
|upkeep
|
|t:|1776039085
|switch|p1a: Pink eye|Heatran, F, shiny|93/100
|turn|25
|
|t:|1776039089
|-terastallize|p1a: Pink eye|Grass
|move|p2a: Excadrill|Earthquake|p1a: Pink eye
|-resisted|p1a: Pink eye
|-damage|p1a: Pink eye|44/100
|move|p1a: Pink eye|Earth Power|p2a: Excadrill
|-supereffective|p2a: Excadrill
|-damage|p2a: Excadrill|0 fnt
|faint|p2a: Excadrill
|
|-heal|p1a: Pink eye|50/100|[from] item: Leftovers
|upkeep
|
|t:|1776039099
|switch|p2a: Heatran|Heatran, M, shiny|100/100
|turn|26
|
|t:|1776039111
|move|p1a: Pink eye|Protect|p1a: Pink eye
|-singleturn|p1a: Pink eye|Protect
|move|p2a: Heatran|Magma Storm|p1a: Pink eye
|-activate|p1a: Pink eye|move: Protect
|
|-heal|p1a: Pink eye|57/100|[from] item: Leftovers
|upkeep
|turn|27
|
|t:|1776039118
|move|p1a: Pink eye|Earth Power|p2a: Heatran
|-supereffective|p2a: Heatran
|-damage|p2a: Heatran|36/100
|move|p2a: Heatran|Magma Storm|p1a: Pink eye
|-start|p1a: Pink eye|ability: Flash Fire
|
|-heal|p1a: Pink eye|63/100|[from] item: Leftovers
|-heal|p2a: Heatran|42/100|[from] item: Leftovers
|upkeep
|turn|28
|
|t:|1776039130
|move|p2a: Heatran|Stealth Rock|p1a: Pink eye
|-sidestart|p1: cam2030|move: Stealth Rock
|move|p1a: Pink eye|Earth Power|p2a: Heatran
|-supereffective|p2a: Heatran
|-damage|p2a: Heatran|0 fnt
|faint|p2a: Heatran
|
|-heal|p1a: Pink eye|69/100|[from] item: Leftovers
|upkeep
|
|t:|1776039139
|switch|p2a: Dragonite|Dragonite, M, shiny|76/100
|turn|29
|
|t:|1776039148
|move|p2a: Dragonite|Extreme Speed|p1a: Pink eye
|-damage|p1a: Pink eye|46/100
|move|p1a: Pink eye|Taunt|p2a: Dragonite
|-start|p2a: Dragonite|move: Taunt
|
|-heal|p1a: Pink eye|52/100|[from] item: Leftovers
|upkeep
|turn|30
|
|t:|1776039160
|-end|p1a: Pink eye|ability: Flash Fire|[silent]
|switch|p1a: X-man|Metagross, shiny|100/100
|-damage|p1a: X-man|95/100|[from] Stealth Rock
|move|p2a: Dragonite|Earthquake|p1a: X-man
|-supereffective|p1a: X-man
|-damage|p1a: X-man|32/100
|
|upkeep
|turn|31
|
|t:|1776039173
|move|p2a: Dragonite|Fire Punch|p1a: X-man
|-supereffective|p1a: X-man
|-damage|p1a: X-man|0 fnt
|faint|p1a: X-man
|
|upkeep
|
|t:|1776039176
|switch|p1a: Pink eye|Heatran, F, shiny, tera:Grass|52/100
|-damage|p1a: Pink eye|40/100|[from] Stealth Rock
|turn|32
|
|t:|1776039181
|move|p2a: Dragonite|Extreme Speed|p1a: Pink eye
|-damage|p1a: Pink eye|13/100
|move|p1a: Pink eye|Magma Storm|p2a: Dragonite
|-resisted|p2a: Dragonite
|-damage|p2a: Dragonite|52/100
|-activate|p2a: Dragonite|move: Magma Storm|[of] p1a: Pink eye
|
|-heal|p1a: Pink eye|20/100|[from] item: Leftovers
|-damage|p2a: Dragonite|40/100|[from] move: Magma Storm|[partiallytrapped]
|-end|p2a: Dragonite|move: Taunt
|upkeep
|turn|33
|
|t:|1776039192
|move|p1a: Pink eye|Protect|p1a: Pink eye
|-singleturn|p1a: Pink eye|Protect
|move|p2a: Dragonite|Extreme Speed|p1a: Pink eye
|-activate|p1a: Pink eye|move: Protect
|
|-heal|p1a: Pink eye|26/100|[from] item: Leftovers
|-damage|p2a: Dragonite|27/100|[from] move: Magma Storm|[partiallytrapped]
|upkeep
|turn|34
|
|t:|1776039199
|move|p2a: Dragonite|Extreme Speed|p1a: Pink eye
|-damage|p1a: Pink eye|3/100
|move|p1a: Pink eye|Magma Storm|p2a: Dragonite
|-resisted|p2a: Dragonite
|-damage|p2a: Dragonite|5/100
|
|-heal|p1a: Pink eye|9/100|[from] item: Leftovers
|-damage|p2a: Dragonite|0 fnt|[from] move: Magma Storm|[partiallytrapped]
|faint|p2a: Dragonite
|upkeep
|
|t:|1776039209
|switch|p2a: Rillaboom|Rillaboom, M, shiny|42/100 tox
|-fieldstart|move: Grassy Terrain|[from] ability: Grassy Surge|[of] p2a: Rillaboom
|turn|35
|
|t:|1776039216
|move|p1a: Pink eye|Protect|p1a: Pink eye
|-singleturn|p1a: Pink eye|Protect
|move|p2a: Rillaboom|Grassy Glide|p1a: Pink eye
|-activate|p1a: Pink eye|move: Protect
|
|-heal|p2a: Rillaboom|48/100 tox|[from] Grassy Terrain
|-heal|p1a: Pink eye|15/100|[from] Grassy Terrain
|-heal|p1a: Pink eye|22/100|[from] item: Leftovers
|-damage|p2a: Rillaboom|42/100 tox|[from] psn
|upkeep
|turn|36
|
|t:|1776039229
|move|p2a: Rillaboom|Grassy Glide|p1a: Pink eye
|-resisted|p1a: Pink eye
|-damage|p1a: Pink eye|0 fnt
|faint|p1a: Pink eye
|
|win|AJOH1030
|l|☆cam2030
|player|p1|
