|html|<div class="broadcast-blue"><strong>[Gen 9] OU is currently suspecting Tera Blast! For information on how to participate check out the <a href="https://www.smogon.com/tools/suspects/view/200">suspect thread</a>.</strong></div>
|j|☆cataclyst03
|j|☆maxezzz
|t:|1776205093
|gametype|singles
|player|p1|cataclyst03|hilbert|1429
|player|p2|maxezzz|waitress|1468
|gen|9
|tier|[Gen 9] OU
|rated|
|rule|HP Percentage Mod: HP is shown in percentages
|rule|Endless Battle Clause: Forcing endless battles is banned
|rule|Species Clause: Limit one of each Pokémon
|rule|OHKO Clause: OHKO moves are banned
|rule|Evasion Items Clause: Evasion items are banned
|rule|Evasion Moves Clause: Evasion moves are banned
|rule|Evasion Abilities Clause: Evasion abilities are banned
|rule|Sleep Moves Clause: Sleep-inducing moves are banned
|clearpoke
|poke|p1|Rillaboom, M|
|poke|p1|Gholdengo|
|poke|p1|Great Tusk|
|poke|p1|Ogerpon-Wellspring, F|
|poke|p1|Pecharunt|
|poke|p1|Cinderace, M|
|poke|p2|Hydreigon, F|
|poke|p2|Ogerpon, F|
|poke|p2|Tinkaton, F|
|poke|p2|Great Tusk|
|poke|p2|Alomomola, F|
|poke|p2|Pecharunt|
|teampreview
|inactive|Battle timer is ON: inactive players will automatically lose when time's up. (requested by cataclyst03)
|inactive|maxezzz has 120 seconds left.
|
|t:|1776205129
|teamsize|p1|6
|teamsize|p2|6
|start
|switch|p1a: Cinderace|Cinderace, M|100/100
|switch|p2a: Alomomola|Alomomola, F, shiny|100/100
|turn|1
|
|t:|1776205144
|switch|p2a: Pecharunt|Pecharunt|100/100
|move|p1a: Cinderace|U-turn|p2a: Pecharunt
|-start|p1a: Cinderace|typechange|Bug|[from] ability: Libero
|-resisted|p2a: Pecharunt
|-damage|p2a: Pecharunt|94/100
|
|t:|1776205151
|switch|p1a: Great Tusk|Great Tusk|100/100|[from] U-turn
|
|upkeep
|turn|2
|
|t:|1776205156
|move|p1a: Great Tusk|Stealth Rock|p2a: Pecharunt
|-sidestart|p2: maxezzz|move: Stealth Rock
|move|p2a: Pecharunt|Toxic|p1a: Great Tusk
|-status|p1a: Great Tusk|tox
|-start|p1a: Great Tusk|confusion|[from] ability: Poison Puppeteer|[of] p2a: Pecharunt
|
|-damage|p1a: Great Tusk|94/100 tox|[from] psn
|upkeep
|turn|3
|
|t:|1776205164
|switch|p2a: Hydreigon|Hydreigon, F, shiny|100/100
|-damage|p2a: Hydreigon|88/100|[from] Stealth Rock
|-activate|p1a: Great Tusk|confusion
|move|p1a: Great Tusk|Headlong Rush|p2a: Hydreigon
|-immune|p2a: Hydreigon|[from] ability: Levitate
|
|-damage|p1a: Great Tusk|82/100 tox|[from] psn
|upkeep
|turn|4
|
|t:|1776205175
|-end|p1a: Great Tusk|Protosynthesis|[silent]
|switch|p1a: Rillaboom|Rillaboom, M|100/100
|-fieldstart|move: Grassy Terrain|[from] ability: Grassy Surge|[of] p1a: Rillaboom
|move|p2a: Hydreigon|Draco Meteor|p1a: Rillaboom
|-damage|p1a: Rillaboom|30/100
|-unboost|p2a: Hydreigon|spa|2
|
|-heal|p1a: Rillaboom|36/100|[from] Grassy Terrain
|upkeep
|turn|5
|inactive|cataclyst03 has 120 seconds left.
|
|t:|1776205207
|switch|p2a: Pecharunt|Pecharunt|94/100
|move|p1a: Rillaboom|U-turn|p2a: Pecharunt
|-resisted|p2a: Pecharunt
|-damage|p2a: Pecharunt|91/100
|inactive|cataclyst03 has 120 seconds left.
|
|t:|1776205222
|switch|p1a: Cinderace|Cinderace, M|100/100|[from] U-turn
|
|-heal|p2a: Pecharunt|97/100|[from] Grassy Terrain
|upkeep
|turn|6
|inactive|cataclyst03 has 120 seconds left.
|
|t:|1776205233
|move|p1a: Cinderace|Pyro Ball|p2a: Pecharunt
|-damage|p2a: Pecharunt|55/100
|move|p2a: Pecharunt|Foul Play|p1a: Cinderace
|-damage|p1a: Cinderace|55/100
|
|-heal|p1a: Cinderace|61/100|[from] Grassy Terrain
|-heal|p2a: Pecharunt|61/100|[from] Grassy Terrain
|upkeep
|turn|7
|
|t:|1776205239
|switch|p1a: Rillaboom|Rillaboom, M|36/100
|move|p2a: Pecharunt|Recover|p2a: Pecharunt
|-heal|p2a: Pecharunt|100/100
|
|-heal|p1a: Rillaboom|42/100|[from] Grassy Terrain
|upkeep
|turn|8
|
|t:|1776205253
|switch|p2a: Tinkaton|Tinkaton, F|100/100
|-damage|p2a: Tinkaton|94/100|[from] Stealth Rock
|-ability|p2a: Tinkaton|Mold Breaker
|-item|p2a: Tinkaton|Air Balloon
|move|p1a: Rillaboom|Knock Off|p2a: Tinkaton
|-resisted|p2a: Tinkaton
|-damage|p2a: Tinkaton|69/100
|-enditem|p2a: Tinkaton|Air Balloon
|
|-heal|p2a: Tinkaton|75/100|[from] Grassy Terrain
|-heal|p1a: Rillaboom|48/100|[from] Grassy Terrain
|-fieldend|move: Grassy Terrain
|upkeep
|turn|9
|inactive|cataclyst03 has 120 seconds left.
|
|t:|1776205275
|switch|p1a: Pecharunt|Pecharunt|100/100
|-item|p1a: Pecharunt|Air Balloon
|move|p2a: Tinkaton|Gigaton Hammer|p1a: Pecharunt
|-damage|p1a: Pecharunt|73/100
|-enditem|p1a: Pecharunt|Air Balloon
|
|upkeep
|turn|10
|inactive|cataclyst03 has 120 seconds left.
|
|t:|1776205287
|move|p2a: Tinkaton|Thunder Wave|p1a: Pecharunt
|-status|p1a: Pecharunt|par
|move|p1a: Pecharunt|Hex|p2a: Tinkaton
|-damage|p2a: Tinkaton|54/100
|
|upkeep
|turn|11
|
|t:|1776205294
|move|p2a: Tinkaton|Stealth Rock|p1a: Pecharunt
|-sidestart|p1: cataclyst03|move: Stealth Rock
|move|p1a: Pecharunt|Parting Shot|p2a: Tinkaton
|-unboost|p2a: Tinkaton|atk|1
|-unboost|p2a: Tinkaton|spa|1
|
|t:|1776205298
|switch|p1a: Great Tusk|Great Tusk|82/100 tox|[from] Parting Shot
|
|-damage|p1a: Great Tusk|76/100 tox|[from] psn
|upkeep
|turn|12
|inactive|maxezzz has 120 seconds left.
|
|t:|1776205334
|switch|p2a: Alomomola|Alomomola, F, shiny|100/100
|-damage|p2a: Alomomola|88/100|[from] Stealth Rock
|move|p1a: Great Tusk|Rapid Spin|p2a: Alomomola
|-damage|p2a: Alomomola|77/100
|-boost|p1a: Great Tusk|spe|1
|-sideend|p1: cataclyst03|Stealth Rock|[from] move: Rapid Spin|[of] p1a: Great Tusk
|
|-damage|p1a: Great Tusk|63/100 tox|[from] psn
|upkeep
|turn|13
|inactive|maxezzz has 120 seconds left.
|
|t:|1776205346
|-end|p1a: Great Tusk|Protosynthesis|[silent]
|switch|p1a: Rillaboom|Rillaboom, M|48/100
|-fieldstart|move: Grassy Terrain|[from] ability: Grassy Surge|[of] p1a: Rillaboom
|move|p2a: Alomomola|Play Rough|p1a: Rillaboom
|-damage|p1a: Rillaboom|32/100
|
|-heal|p1a: Rillaboom|38/100|[from] Grassy Terrain
|-heal|p2a: Alomomola|83/100|[from] Grassy Terrain
|upkeep
|turn|14
|inactive|maxezzz has 120 seconds left.
|
|t:|1776205376
|switch|p2a: Pecharunt|Pecharunt|100/100
|move|p1a: Rillaboom|Knock Off|p2a: Pecharunt
|-supereffective|p2a: Pecharunt
|-damage|p2a: Pecharunt|68/100
|-enditem|p2a: Pecharunt|Heavy-Duty Boots|[from] move: Knock Off|[of] p1a: Rillaboom
|
|-heal|p2a: Pecharunt|74/100|[from] Grassy Terrain
|-heal|p1a: Rillaboom|45/100|[from] Grassy Terrain
|upkeep
|turn|15
|
|t:|1776205391
|switch|p2a: Tinkaton|Tinkaton, F|54/100
|-damage|p2a: Tinkaton|47/100|[from] Stealth Rock
|-ability|p2a: Tinkaton|Mold Breaker
|switch|p1a: Pecharunt|Pecharunt|73/100 par
|
|-heal|p2a: Tinkaton|54/100|[from] Grassy Terrain
|-heal|p1a: Pecharunt|79/100 par|[from] Grassy Terrain
|upkeep
|turn|16
|
|t:|1776205405
|move|p2a: Tinkaton|Stealth Rock|p1a: Pecharunt
|-sidestart|p1: cataclyst03|move: Stealth Rock
|cant|p1a: Pecharunt|par
|
|-heal|p2a: Tinkaton|60/100|[from] Grassy Terrain
|-heal|p1a: Pecharunt|85/100 par|[from] Grassy Terrain
|upkeep
|turn|17
|
|t:|1776205420
|switch|p2a: Ogerpon|Ogerpon, F|100/100
|-damage|p2a: Ogerpon|88/100|[from] Stealth Rock
|move|p1a: Pecharunt|Parting Shot|p2a: Ogerpon
|-unboost|p2a: Ogerpon|atk|1
|-ability|p2a: Ogerpon|Defiant|boost
|-boost|p2a: Ogerpon|atk|2
|-unboost|p2a: Ogerpon|spa|1
|-ability|p2a: Ogerpon|Defiant|boost
|-boost|p2a: Ogerpon|atk|2
|
|t:|1776205431
|switch|p1a: Cinderace|Cinderace, M|61/100|[from] Parting Shot
|-damage|p1a: Cinderace|36/100|[from] Stealth Rock
|
|-heal|p1a: Cinderace|42/100|[from] Grassy Terrain
|-heal|p2a: Ogerpon|94/100|[from] Grassy Terrain
|-fieldend|move: Grassy Terrain
|upkeep
|turn|18
|
|t:|1776205439
|-terastallize|p2a: Ogerpon|Grass
|detailschange|p2a: Ogerpon|Ogerpon-Teal-Tera, F, tera:Grass
|-ability|p2a: Ogerpon|Embody Aspect (Teal)|boost
|-boost|p2a: Ogerpon|spe|1
|move|p2a: Ogerpon|Ivy Cudgel|p1a: Cinderace
|-resisted|p1a: Cinderace
|-damage|p1a: Cinderace|0 fnt
|faint|p1a: Cinderace
|
|upkeep
|
|t:|1776205447
|switch|p1a: Pecharunt|Pecharunt|85/100 par
|-damage|p1a: Pecharunt|73/100 par|[from] Stealth Rock
|turn|19
|
|t:|1776205451
|move|p2a: Ogerpon|Ivy Cudgel|p1a: Pecharunt
|-resisted|p1a: Pecharunt
|-damage|p1a: Pecharunt|19/100 par
|move|p1a: Pecharunt|Malignant Chain|p2a: Ogerpon
|-supereffective|p2a: Ogerpon
|-damage|p2a: Ogerpon|26/100
|
|upkeep
|turn|20
|
|t:|1776205459
|move|p2a: Ogerpon|Ivy Cudgel|p1a: Pecharunt
|-resisted|p1a: Pecharunt
|-crit|p1a: Pecharunt
|-damage|p1a: Pecharunt|0 fnt
|faint|p1a: Pecharunt
|
|upkeep
|
|t:|1776205462
|switch|p1a: Rillaboom|Rillaboom, M|45/100
|-damage|p1a: Rillaboom|32/100|[from] Stealth Rock
|-fieldstart|move: Grassy Terrain|[from] ability: Grassy Surge|[of] p1a: Rillaboom
|turn|21
|
|t:|1776205466
|move|p1a: Rillaboom|Grassy Glide|p2a: Ogerpon
|-resisted|p2a: Ogerpon
|-damage|p2a: Ogerpon|1/100
|move|p2a: Ogerpon|Ivy Cudgel|p1a: Rillaboom
|-resisted|p1a: Rillaboom
|-crit|p1a: Rillaboom
|-damage|p1a: Rillaboom|0 fnt
|faint|p1a: Rillaboom
|
|-heal|p2a: Ogerpon|7/100|[from] Grassy Terrain
|upkeep
|
|t:|1776205470
|switch|p1a: Gholdengo|Gholdengo|100/100
|-damage|p1a: Gholdengo|94/100|[from] Stealth Rock
|-enditem|p1a: Gholdengo|Grassy Seed
|-boost|p1a: Gholdengo|def|1|[from] item: Grassy Seed
|turn|22
|
|t:|1776205475
|move|p2a: Ogerpon|Ivy Cudgel|p1a: Gholdengo
|-resisted|p1a: Gholdengo
|-damage|p1a: Gholdengo|18/100
|move|p1a: Gholdengo|Shadow Ball|p2a: Ogerpon
|-damage|p2a: Ogerpon|0 fnt
|faint|p2a: Ogerpon
|detailschange|p2: Ogerpon|Ogerpon, F|[silent]
|
|-heal|p1a: Gholdengo|24/100|[from] Grassy Terrain
|upkeep
|inactive|maxezzz has 120 seconds left.
|
|t:|1776205510
|switch|p2a: Hydreigon|Hydreigon, F, shiny|88/100
|-damage|p2a: Hydreigon|76/100|[from] Stealth Rock
|turn|23
|
|t:|1776205520
|-terastallize|p1a: Gholdengo|Fairy
|move|p2a: Hydreigon|Dark Pulse|p1a: Gholdengo
|-resisted|p1a: Gholdengo
|-damage|p1a: Gholdengo|0 fnt
|faint|p1a: Gholdengo
|
|upkeep
|
|t:|1776205525
|switch|p1a: Ogerpon|Ogerpon-Wellspring, F|100/100
|-damage|p1a: Ogerpon|88/100|[from] Stealth Rock
|turn|24
|
|t:|1776205530
|move|p1a: Ogerpon|U-turn|p2a: Hydreigon
|-supereffective|p2a: Hydreigon
|-damage|p2a: Hydreigon|14/100
|
|t:|1776205532
|switch|p1a: Great Tusk|Great Tusk|63/100 tox|[from] U-turn
|move|p2a: Hydreigon|Dark Pulse|p1a: Great Tusk
|-resisted|p1a: Great Tusk
|-damage|p1a: Great Tusk|21/100 tox
|
|-heal|p1a: Great Tusk|27/100 tox|[from] Grassy Terrain
|-damage|p1a: Great Tusk|21/100 tox|[from] psn
|upkeep
|turn|25
|
|t:|1776205535
|move|p2a: Hydreigon|Dark Pulse|p1a: Great Tusk
|-resisted|p1a: Great Tusk
|-damage|p1a: Great Tusk|0 fnt
|faint|p1a: Great Tusk
|-end|p1a: Great Tusk|Protosynthesis|[silent]
|
|-fieldend|move: Grassy Terrain
|upkeep
|
|t:|1776205537
|switch|p1a: Ogerpon|Ogerpon-Wellspring, F|88/100
|-damage|p1a: Ogerpon|76/100|[from] Stealth Rock
|turn|26
|
|t:|1776205541
|move|p1a: Ogerpon|U-turn|p2a: Hydreigon
|-supereffective|p2a: Hydreigon
|-damage|p2a: Hydreigon|0 fnt
|faint|p2a: Hydreigon
|
|upkeep
|
|t:|1776205545
|switch|p2a: Pecharunt|Pecharunt|74/100
|-damage|p2a: Pecharunt|62/100|[from] Stealth Rock
|turn|27
|
|t:|1776205551
|move|p1a: Ogerpon|Ivy Cudgel|p2a: Pecharunt|[anim] Ivy Cudgel Water
|-damage|p2a: Pecharunt|37/100
|move|p2a: Pecharunt|Toxic|p1a: Ogerpon
|-status|p1a: Ogerpon|tox
|-start|p1a: Ogerpon|confusion|[from] ability: Poison Puppeteer|[of] p2a: Pecharunt
|
|-damage|p1a: Ogerpon|70/100 tox|[from] psn
|upkeep
|turn|28
|
|t:|1776205556
|-activate|p1a: Ogerpon|confusion
|move|p1a: Ogerpon|Ivy Cudgel|p2a: Pecharunt|[anim] Ivy Cudgel Water
|-damage|p2a: Pecharunt|7/100
|move|p2a: Pecharunt|Recover|p2a: Pecharunt
|-heal|p2a: Pecharunt|57/100
|
|-damage|p1a: Ogerpon|58/100 tox|[from] psn
|upkeep
|turn|29
|-message|cataclyst03 forfeited.
|
|win|maxezzz
|raw|cataclyst03's rating: 1429 &rarr; <strong>1411</strong><br />(-18 for losing)
|raw|maxezzz's rating: 1468 &rarr; <strong>1486</strong><br />(+18 for winning)
|l|☆cataclyst03
|player|p1|
