|html|<div class="broadcast-blue"><strong>[Gen 9] OU is currently suspecting Tera Blast! For information on how to participate check out the <a href="https://www.smogon.com/tools/suspects/view/200">suspect thread</a>.</strong></div>
|j|☆Burner81828
|j|☆Stimbaland
|t:|1776212195
|gametype|singles
|player|p1|Burner81828|ethan|1062
|player|p2|Stimbaland|riley|1096
|gen|9
|tier|[Gen 9] OU
|rated|
|rule|HP Percentage Mod: HP is shown in percentages
|rule|Endless Battle Clause: Forcing endless battles is banned
|rule|Species Clause: Limit one of each Pokémon
|rule|OHKO Clause: OHKO moves are banned
|rule|Evasion Items Clause: Evasion items are banned
|rule|Evasion Moves Clause: Evasion moves are banned
|rule|Evasion Abilities Clause: Evasion abilities are banned
|rule|Sleep Moves Clause: Sleep-inducing moves are banned
|clearpoke
|poke|p1|Dragapult, F|
|poke|p1|Hoopa-Unbound|
|poke|p1|Great Tusk|
|poke|p1|Heatran, F|
|poke|p1|Zapdos|
|poke|p1|Toxapex, F|
|poke|p2|Mimikyu, M|
|poke|p2|Froslass, F|
|poke|p2|Weavile, F|
|poke|p2|Maushold|
|poke|p2|Crawdaunt, M|
|poke|p2|Snorlax, M|
|teampreview
|inactive|Battle timer is ON: inactive players will automatically lose when time's up. (requested by Burner81828)
|j| ohko_smeargle
|
|t:|1776212206
|teamsize|p1|6
|teamsize|p2|6
|start
|switch|p1a: Hoopa|Hoopa-Unbound|100/100
|switch|p2a: Konan|Froslass, F, shiny|100/100
|turn|1
|
|t:|1776212212
|move|p1a: Hoopa|Dark Pulse|p2a: Konan
|-supereffective|p2a: Konan
|-enditem|p2a: Konan|Focus Sash
|-damage|p2a: Konan|1/100
|move|p2a: Konan|Spikes|p1a: Hoopa
|-sidestart|p1: Burner81828|Spikes
|
|upkeep
|turn|2
|
|t:|1776212218
|move|p1a: Hoopa|Dark Pulse|p2a: Konan
|-supereffective|p2a: Konan
|-damage|p2a: Konan|0 fnt
|faint|p2a: Konan
|
|upkeep
|
|t:|1776212223
|switch|p2a: Choji|Snorlax, M|100/100
|turn|3
|
|t:|1776212237
|switch|p1a: Great Tusk|Great Tusk|100/100
|-damage|p1a: Great Tusk|88/100|[from] Spikes
|move|p2a: Choji|Curse|p2a: Choji
|-unboost|p2a: Choji|spe|1
|-boost|p2a: Choji|atk|1
|-boost|p2a: Choji|def|1
|
|-heal|p1a: Great Tusk|94/100|[from] item: Leftovers
|upkeep
|turn|4
|
|t:|1776212250
|move|p1a: Great Tusk|Stealth Rock|p2a: Choji
|-sidestart|p2: Stimbaland|move: Stealth Rock
|move|p2a: Choji|Curse|p2a: Choji
|-unboost|p2a: Choji|spe|1
|-boost|p2a: Choji|atk|1
|-boost|p2a: Choji|def|1
|
|-heal|p1a: Great Tusk|100/100|[from] item: Leftovers
|upkeep
|turn|5
|
|t:|1776212257
|move|p1a: Great Tusk|Headlong Rush|p2a: Choji
|-damage|p2a: Choji|83/100
|-unboost|p1a: Great Tusk|def|1
|-unboost|p1a: Great Tusk|spd|1
|move|p2a: Choji|Curse|p2a: Choji
|-unboost|p2a: Choji|spe|1
|-boost|p2a: Choji|atk|1
|-boost|p2a: Choji|def|1
|
|upkeep
|turn|6
|
|t:|1776212265
|-end|p1a: Great Tusk|Protosynthesis|[silent]
|switch|p1a: Heatran|Heatran, F|100/100
|-damage|p1a: Heatran|88/100|[from] Spikes
|move|p2a: Choji|Curse|p2a: Choji
|-unboost|p2a: Choji|spe|1
|-boost|p2a: Choji|atk|1
|-boost|p2a: Choji|def|1
|
|-heal|p1a: Heatran|94/100|[from] item: Leftovers
|upkeep
|turn|7
|
|t:|1776212276
|move|p1a: Heatran|Will-O-Wisp|p2a: Choji
|-status|p2a: Choji|brn
|move|p2a: Choji|Curse|p2a: Choji
|-unboost|p2a: Choji|spe|1
|-boost|p2a: Choji|atk|1
|-boost|p2a: Choji|def|1
|
|-heal|p1a: Heatran|100/100|[from] item: Leftovers
|-damage|p2a: Choji|77/100 brn|[from] brn
|upkeep
|turn|8
|
|t:|1776212289
|move|p1a: Heatran|Magma Storm|p2a: Choji
|-damage|p2a: Choji|49/100 brn
|-activate|p2a: Choji|move: Magma Storm|[of] p1a: Heatran
|move|p2a: Choji|Curse|p2a: Choji
|-unboost|p2a: Choji|spe|1
|-boost|p2a: Choji|atk|1
|-boost|p2a: Choji|def|1
|
|-damage|p2a: Choji|43/100 brn|[from] brn
|-damage|p2a: Choji|31/100 brn|[from] move: Magma Storm|[partiallytrapped]
|upkeep
|turn|9
|
|t:|1776212299
|move|p1a: Heatran|Taunt|p2a: Choji
|-start|p2a: Choji|move: Taunt
|cant|p2a: Choji|move: Taunt|Rest
|
|-damage|p2a: Choji|25/100 brn|[from] brn
|-damage|p2a: Choji|12/100 brn|[from] move: Magma Storm|[partiallytrapped]
|upkeep
|turn|10
|c|☆Stimbaland|nice one
|
|t:|1776212311
|move|p1a: Heatran|Earth Power|p2a: Choji
|-damage|p2a: Choji|0 fnt
|faint|p2a: Choji
|
|upkeep
|
|t:|1776212317
|switch|p2a: Crawdaunt|Crawdaunt, M|100/100
|-damage|p2a: Crawdaunt|88/100|[from] Stealth Rock
|turn|11
|
|t:|1776212328
|switch|p1a: Zapdos|Zapdos|100/100
|move|p2a: Crawdaunt|Crabhammer|p1a: Zapdos
|-damage|p1a: Zapdos|0 fnt
|faint|p1a: Zapdos
|-damage|p2a: Crawdaunt|78/100|[from] item: Life Orb
|
|upkeep
|
|t:|1776212332
|switch|p1a: Toxapex|Toxapex, F|100/100
|-damage|p1a: Toxapex|88/100|[from] Spikes
|turn|12
|
|t:|1776212340
|move|p2a: Crawdaunt|Swords Dance|p2a: Crawdaunt
|-boost|p2a: Crawdaunt|atk|2
|move|p1a: Toxapex|Toxic|p2a: Crawdaunt
|-status|p2a: Crawdaunt|tox
|
|-damage|p2a: Crawdaunt|72/100 tox|[from] psn
|upkeep
|turn|13
|
|t:|1776212346
|move|p2a: Crawdaunt|Crabhammer|p1a: Toxapex
|-resisted|p1a: Toxapex
|-crit|p1a: Toxapex
|-damage|p1a: Toxapex|7/100
|-damage|p2a: Crawdaunt|55/100 tox|[from] item: Rocky Helmet|[of] p1a: Toxapex
|-damage|p2a: Crawdaunt|45/100 tox|[from] item: Life Orb
|move|p1a: Toxapex|Haze|p1a: Toxapex
|-clearallboost
|
|-damage|p2a: Crawdaunt|33/100 tox|[from] psn
|upkeep
|turn|14
|
|t:|1776212358
|move|p2a: Crawdaunt|Knock Off|p1a: Toxapex
|-damage|p1a: Toxapex|0 fnt
|-damage|p2a: Crawdaunt|17/100 tox|[from] item: Rocky Helmet|[of] p1a: Toxapex
|-enditem|p1a: Toxapex|Rocky Helmet|[from] move: Knock Off|[of] p2a: Crawdaunt
|faint|p1a: Toxapex
|-damage|p2a: Crawdaunt|7/100 tox|[from] item: Life Orb
|
|-damage|p2a: Crawdaunt|0 fnt|[from] psn
|faint|p2a: Crawdaunt
|upkeep
|
|t:|1776212369
|switch|p2a: D'RATZ|Maushold|100/100
|switch|p1a: Hoopa|Hoopa-Unbound|100/100
|-damage|p1a: Hoopa|88/100|[from] Spikes
|-damage|p2a: D'RATZ|88/100|[from] Stealth Rock
|turn|15
|
|t:|1776212382
|move|p1a: Hoopa|Thunder Wave|p2a: D'RATZ
|-status|p2a: D'RATZ|par
|move|p2a: D'RATZ|Tidy Up|p2a: D'RATZ
|-sideend|p2: Stimbaland|Stealth Rock
|-sideend|p1: Burner81828|Spikes
|-activate|p2a: D'RATZ|move: Tidy Up
|-boost|p2a: D'RATZ|atk|1
|-boost|p2a: D'RATZ|spe|1
|
|upkeep
|turn|16
|
|t:|1776212391
|switch|p1a: Dragapult|Dragapult, F|100/100
|move|p2a: D'RATZ|Thunder Wave|p1a: Dragapult
|-status|p1a: Dragapult|par
|
|upkeep
|turn|17
|
|t:|1776212397
|move|p2a: D'RATZ|Crunch|p1a: Dragapult
|-supereffective|p1a: Dragapult
|-damage|p1a: Dragapult|13/100 par
|-unboost|p1a: Dragapult|def|1
|cant|p1a: Dragapult|par
|
|-heal|p1a: Dragapult|19/100 par|[from] item: Leftovers
|upkeep
|turn|18
|
|t:|1776212404
|move|p2a: D'RATZ|Crunch|p1a: Dragapult
|-supereffective|p1a: Dragapult
|-damage|p1a: Dragapult|0 fnt
|faint|p1a: Dragapult
|
|upkeep
|
|t:|1776212410
|switch|p1a: Heatran|Heatran, F|100/100
|turn|19
|
|t:|1776212417
|move|p2a: D'RATZ|Population Bomb|p1a: Heatran
|-resisted|p1a: Heatran
|-damage|p1a: Heatran|92/100
|-resisted|p1a: Heatran
|-damage|p1a: Heatran|85/100
|-resisted|p1a: Heatran
|-damage|p1a: Heatran|78/100
|-resisted|p1a: Heatran
|-damage|p1a: Heatran|70/100
|-resisted|p1a: Heatran
|-damage|p1a: Heatran|63/100
|-resisted|p1a: Heatran
|-damage|p1a: Heatran|55/100
|-resisted|p1a: Heatran
|-damage|p1a: Heatran|47/100
|-resisted|p1a: Heatran
|-damage|p1a: Heatran|40/100
|-hitcount|p1a: Heatran|8
|move|p1a: Heatran|Magma Storm|p2a: D'RATZ
|-damage|p2a: D'RATZ|25/100 par
|-activate|p2a: D'RATZ|move: Magma Storm|[of] p1a: Heatran
|
|-heal|p1a: Heatran|46/100|[from] item: Leftovers
|-damage|p2a: D'RATZ|13/100 par|[from] move: Magma Storm|[partiallytrapped]
|upkeep
|turn|20
|
|t:|1776212437
|cant|p2a: D'RATZ|par
|move|p1a: Heatran|Taunt|p2a: D'RATZ
|-start|p2a: D'RATZ|move: Taunt
|
|-heal|p1a: Heatran|52/100|[from] item: Leftovers
|-damage|p2a: D'RATZ|0 fnt|[from] move: Magma Storm|[partiallytrapped]
|faint|p2a: D'RATZ
|upkeep
|
|t:|1776212445
|switch|p2a: Muichiro|Weavile, F|100/100
|-ability|p2a: Muichiro|Pressure
|turn|21
|
|t:|1776212463
|move|p2a: Muichiro|Swords Dance|p2a: Muichiro
|-boost|p2a: Muichiro|atk|2
|move|p1a: Heatran|Will-O-Wisp|p2a: Muichiro
|-status|p2a: Muichiro|brn
|
|-heal|p1a: Heatran|59/100|[from] item: Leftovers
|-damage|p2a: Muichiro|94/100 brn|[from] brn
|upkeep
|turn|22
|
|t:|1776212472
|move|p2a: Muichiro|Swords Dance|p2a: Muichiro
|-boost|p2a: Muichiro|atk|2
|move|p1a: Heatran|Magma Storm|p2a: Muichiro|[miss]
|-miss|p1a: Heatran|p2a: Muichiro
|
|-heal|p1a: Heatran|65/100|[from] item: Leftovers
|-damage|p2a: Muichiro|88/100 brn|[from] brn
|upkeep
|turn|23
|
|t:|1776212480
|move|p2a: Muichiro|Swords Dance|p2a: Muichiro
|-boost|p2a: Muichiro|atk|2
|move|p1a: Heatran|Magma Storm|p2a: Muichiro
|-supereffective|p2a: Muichiro
|-damage|p2a: Muichiro|0 fnt
|faint|p2a: Muichiro
|
|-heal|p1a: Heatran|71/100|[from] item: Leftovers
|upkeep
|
|t:|1776212488
|switch|p2a: Tobi|Mimikyu, M|100/100
|turn|24
|
|t:|1776212495
|move|p2a: Tobi|Substitute|p2a: Tobi
|-start|p2a: Tobi|Substitute
|-damage|p2a: Tobi|75/100
|move|p1a: Heatran|Will-O-Wisp|p2a: Tobi|[miss]
|-miss|p1a: Heatran|p2a: Tobi
|
|-heal|p1a: Heatran|77/100|[from] item: Leftovers
|upkeep
|turn|25
|
|t:|1776212501
|move|p2a: Tobi|Swords Dance|p2a: Tobi
|-boost|p2a: Tobi|atk|2
|move|p1a: Heatran|Taunt|p2a: Tobi
|-start|p2a: Tobi|move: Taunt
|
|-heal|p1a: Heatran|84/100|[from] item: Leftovers
|upkeep
|turn|26
|
|t:|1776212510
|move|p2a: Tobi|Shadow Sneak|p1a: Heatran
|-damage|p1a: Heatran|59/100
|move|p1a: Heatran|Earth Power|p2a: Tobi
|-crit|p2a: Tobi
|-end|p2a: Tobi|Substitute
|
|-heal|p1a: Heatran|65/100|[from] item: Leftovers
|upkeep
|turn|27
|
|t:|1776212522
|move|p2a: Tobi|Play Rough|p1a: Heatran
|-resisted|p1a: Heatran
|-damage|p1a: Heatran|50/100
|move|p1a: Heatran|Magma Storm|p2a: Tobi
|-activate|p2a: Tobi|ability: Disguise
|-damage|p2a: Tobi|75/100
|-activate|p2a: Tobi|move: Magma Storm|[of] p1a: Heatran
|detailschange|p2a: Tobi|Mimikyu-Busted, M
|-damage|p2a: Tobi|63/100|[from] pokemon: Mimikyu-Busted
|
|-heal|p1a: Heatran|56/100|[from] item: Leftovers
|-damage|p2a: Tobi|51/100|[from] move: Magma Storm|[partiallytrapped]
|upkeep
|turn|28
|
|t:|1776212537
|move|p2a: Tobi|Shadow Sneak|p1a: Heatran
|-damage|p1a: Heatran|31/100
|move|p1a: Heatran|Earth Power|p2a: Tobi
|-damage|p2a: Tobi|18/100
|
|-heal|p1a: Heatran|37/100|[from] item: Leftovers
|-damage|p2a: Tobi|5/100|[from] move: Magma Storm|[partiallytrapped]
|-end|p2a: Tobi|move: Taunt
|upkeep
|turn|29
|
|t:|1776212548
|move|p2a: Tobi|Shadow Sneak|p1a: Heatran
|-damage|p1a: Heatran|10/100
|move|p1a: Heatran|Earth Power|p2a: Tobi
|-damage|p2a: Tobi|0 fnt
|faint|p2a: Tobi
|
|win|Burner81828
|raw|Burner81828's rating: 1062 &rarr; <strong>1096</strong><br />(+34 for winning)
|raw|Stimbaland's rating: 1096 &rarr; <strong>1069</strong><br />(-27 for losing)
|c|☆Stimbaland|gg
|l| ohko_smeargle
