|html|<div class="broadcast-blue"><strong>[Gen 9] OU is currently suspecting Tera Blast! For information on how to participate check out the <a href="https://www.smogon.com/tools/suspects/view/200">suspect thread</a>.</strong></div>
|j|☆prada5
|j|☆vafafaf
|t:|1776101671
|gametype|singles
|player|p1|prada5|1|1623
|player|p2|vafafaf|102|1624
|gen|9
|tier|[Gen 9] OU
|rated|
|rule|HP Percentage Mod: HP is shown in percentages
|rule|Endless Battle Clause: Forcing endless battles is banned
|rule|Species Clause: Limit one of each Pokémon
|rule|OHKO Clause: OHKO moves are banned
|rule|Evasion Items Clause: Evasion items are banned
|rule|Evasion Moves Clause: Evasion moves are banned
|rule|Evasion Abilities Clause: Evasion abilities are banned
|rule|Sleep Moves Clause: Sleep-inducing moves are banned
|clearpoke
|poke|p1|Weavile, F|
|poke|p1|Volcanion|
|poke|p1|Great Tusk|
|poke|p1|Hatterene, F|
|poke|p1|Gholdengo|
|poke|p1|Dragonite, F|
|poke|p2|Tyranitar, F|
|poke|p2|Excadrill, F|
|poke|p2|Deoxys-Speed|
|poke|p2|Indeedee, M|
|poke|p2|Ogerpon-Cornerstone, F|
|poke|p2|Moltres|
|teampreview
|inactive|Battle timer is ON: inactive players will automatically lose when time's up. (requested by prada5)
|
|t:|1776101718
|teamsize|p1|6
|teamsize|p2|6
|start
|switch|p1a: Great Tusk|Great Tusk|100/100
|switch|p2a: Tyranitar|Tyranitar, F|100/100
|-weather|Sandstorm|[from] ability: Sand Stream|[of] p2a: Tyranitar
|turn|1
|
|t:|1776101728
|switch|p2a: Moltres|Moltres|100/100
|move|p1a: Great Tusk|Close Combat|p2a: Moltres
|-resisted|p2a: Moltres
|-damage|p2a: Moltres|80/100
|-unboost|p1a: Great Tusk|def|1
|-unboost|p1a: Great Tusk|spd|1
|
|-weather|Sandstorm|[upkeep]
|-damage|p2a: Moltres|74/100|[from] Sandstorm
|upkeep
|turn|2
|
|t:|1776101738
|-end|p1a: Great Tusk|Protosynthesis|[silent]
|switch|p1a: Volcanion|Volcanion|100/100
|move|p2a: Moltres|U-turn|p1a: Volcanion
|-resisted|p1a: Volcanion
|-damage|p1a: Volcanion|94/100
|
|t:|1776101747
|switch|p2a: Excadrill|Excadrill, F|100/100|[from] U-turn
|
|-weather|Sandstorm|[upkeep]
|-damage|p1a: Volcanion|88/100|[from] Sandstorm
|upkeep
|turn|3
|c|☆vafafaf|!stats volcanion
|c|☆vafafaf|/raw <div class="message"><ul class="utilichart"><li class="result"><span class="col numcol">RUBL</span> <span class="col iconcol"><psicon pokemon="volcanion"/></span> <span class="col pokemonnamecol" style="white-space:nowrap"><a href="https://dex.pokemonshowdown.com/pokemon/volcanion" target="_blank">Volcanion</a></span> <span class="col typecol"><img src="https://play.pokemonshowdown.com/sprites/types/Fire.png" alt="Fire" height="14" width="32"><img src="https://play.pokemonshowdown.com/sprites/types/Water.png" alt="Water" height="14" width="32"></span> <span style="float:left;min-height:26px"><span class="col abilitycol">Water Absorb</span><span class="col abilitycol"></span></span><span style="float:left;min-height:26px"><span class="col statcol"><em>HP</em><br />80</span> <span class="col statcol"><em>Atk</em><br />110</span> <span class="col statcol"><em>Def</em><br />120</span> <span class="col statcol"><em>SpA</em><br />130</span> <span class="col statcol"><em>SpD</em><br />90</span> <span class="col statcol"><em>Spe</em><br />70</span> <span class="col bstcol"><em>BST<br />600</em></span> </span></li><li style="clear:both"></li></ul></div>

|inactive|vafafaf has 120 seconds left.
|
|t:|1776101780
|move|p2a: Excadrill|High Horsepower|p1a: Volcanion
|-supereffective|p1a: Volcanion
|-crit|p1a: Volcanion
|-enditem|p1a: Volcanion|Shuca Berry|[eat]
|-enditem|p1a: Volcanion|Shuca Berry|[weaken]
|-damage|p1a: Volcanion|0 fnt
|faint|p1a: Volcanion
|-damage|p2a: Excadrill|91/100|[from] item: Life Orb
|
|-weather|Sandstorm|[upkeep]
|upkeep
|inactive|prada5 has 120 seconds left.
|
|t:|1776101817
|switch|p1a: Great Tusk|Great Tusk|100/100
|turn|4
|
|t:|1776101822
|switch|p2a: Moltres|Moltres|74/100
|-end|p1a: Great Tusk|Protosynthesis|[silent]
|switch|p1a: Weavile|Weavile, F|100/100
|
|-weather|Sandstorm|[upkeep]
|-damage|p1a: Weavile|94/100|[from] Sandstorm
|-damage|p2a: Moltres|68/100|[from] Sandstorm
|upkeep
|turn|5
|
|t:|1776101831
|move|p1a: Weavile|Knock Off|p2a: Moltres
|-damage|p2a: Moltres|18/100
|-enditem|p2a: Moltres|Heavy-Duty Boots|[from] move: Knock Off|[of] p1a: Weavile
|move|p2a: Moltres|Flamethrower|p1a: Weavile
|-supereffective|p1a: Weavile
|-damage|p1a: Weavile|0 fnt
|faint|p1a: Weavile
|
|-weather|Sandstorm|[upkeep]
|-damage|p2a: Moltres|11/100|[from] Sandstorm
|upkeep
|
|t:|1776101835
|switch|p1a: Gholdengo|Gholdengo|100/100
|turn|6
|
|t:|1776101857
|switch|p2a: Indeedee|Indeedee, M|100/100
|-fieldstart|move: Psychic Terrain|[from] ability: Psychic Surge|[of] p2a: Indeedee
|move|p1a: Gholdengo|Make It Rain|p2a: Indeedee
|-damage|p2a: Indeedee|14/100
|-unboost|p1a: Gholdengo|spa|1
|
|-weather|Sandstorm|[upkeep]
|-damage|p2a: Indeedee|8/100|[from] Sandstorm
|upkeep
|turn|7
|inactive|vafafaf has 120 seconds left.
|
|t:|1776101886
|switch|p2a: Excadrill|Excadrill, F|91/100
|move|p1a: Gholdengo|Make It Rain|p2a: Excadrill
|-resisted|p2a: Excadrill
|-damage|p2a: Excadrill|62/100
|-unboost|p1a: Gholdengo|spa|1
|
|-weather|Sandstorm|[upkeep]
|upkeep
|turn|8
|inactive|vafafaf has 120 seconds left.
|
|t:|1776101910
|switch|p1a: Dragonite|Dragonite, F|100/100
|move|p2a: Excadrill|Swords Dance|p2a: Excadrill
|-boost|p2a: Excadrill|atk|2
|
|-weather|none
|upkeep
|turn|9
|
|t:|1776101920
|-terastallize|p2a: Excadrill|Ice
|move|p1a: Dragonite|Dragon Dance|p1a: Dragonite
|-boost|p1a: Dragonite|atk|1
|-boost|p1a: Dragonite|spe|1
|move|p2a: Excadrill|Tera Blast|p1a: Dragonite|[anim] Tera Blast Ice
|-supereffective|p1a: Dragonite
|-damage|p1a: Dragonite|0 fnt
|faint|p1a: Dragonite
|-damage|p2a: Excadrill|52/100|[from] item: Life Orb
|
|upkeep
|
|t:|1776101923
|switch|p1a: Great Tusk|Great Tusk|100/100
|turn|10
|inactive|vafafaf has 120 seconds left.
|
|t:|1776101948
|move|p1a: Great Tusk|Close Combat|p2a: Excadrill
|-supereffective|p2a: Excadrill
|-damage|p2a: Excadrill|0 fnt
|-unboost|p1a: Great Tusk|def|1
|-unboost|p1a: Great Tusk|spd|1
|faint|p2a: Excadrill
|
|upkeep
|
|t:|1776101957
|switch|p2a: Deoxys|Deoxys-Speed|100/100
|-ability|p2a: Deoxys|Pressure
|turn|11
|
|t:|1776101960
|-end|p1a: Great Tusk|Protosynthesis|[silent]
|switch|p1a: Hatterene|Hatterene, F|100/100
|move|p2a: Deoxys|Expanding Force|p1a: Hatterene
|-resisted|p1a: Hatterene
|-damage|p1a: Hatterene|50/100
|-damage|p2a: Deoxys|91/100|[from] item: Life Orb
|
|upkeep
|turn|12
|inactive|vafafaf has 120 seconds left.
|inactive|vafafaf has 90 seconds left.
|
|t:|1776102003
|switch|p2a: Tyranitar|Tyranitar, F|100/100
|-weather|Sandstorm|[from] ability: Sand Stream|[of] p2a: Tyranitar
|move|p1a: Hatterene|Nuzzle|p2a: Tyranitar
|-damage|p2a: Tyranitar|98/100
|-status|p2a: Tyranitar|par
|
|-weather|Sandstorm|[upkeep]
|-damage|p1a: Hatterene|44/100|[from] Sandstorm
|upkeep
|turn|13
|inactive|vafafaf has 90 seconds left.
|
|t:|1776102024
|switch|p2a: Ogerpon|Ogerpon-Cornerstone, F|100/100
|move|p1a: Hatterene|Draining Kiss|p2a: Ogerpon
|-damage|p2a: Ogerpon|82/100
|-heal|p1a: Hatterene|58/100|[from] drain|[of] p2a: Ogerpon
|
|-weather|Sandstorm|[upkeep]
|-damage|p1a: Hatterene|52/100|[from] Sandstorm
|-fieldend|move: Psychic Terrain
|upkeep
|turn|14
|
|t:|1776102031
|switch|p1a: Gholdengo|Gholdengo|100/100
|move|p2a: Ogerpon|Ivy Cudgel|p1a: Gholdengo|[anim] Ivy Cudgel Rock
|-resisted|p1a: Gholdengo
|-damage|p1a: Gholdengo|65/100
|
|-weather|Sandstorm|[upkeep]
|upkeep
|turn|15
|
|t:|1776102053
|switch|p2a: Tyranitar|Tyranitar, F|98/100 par
|move|p1a: Gholdengo|Make It Rain|p2a: Tyranitar
|-supereffective|p2a: Tyranitar
|-damage|p2a: Tyranitar|36/100 par
|-unboost|p1a: Gholdengo|spa|1
|
|-weather|Sandstorm|[upkeep]
|upkeep
|turn|16
|
|t:|1776102062
|move|p1a: Gholdengo|Make It Rain|p2a: Tyranitar
|-supereffective|p2a: Tyranitar
|-damage|p2a: Tyranitar|0 fnt
|-unboost|p1a: Gholdengo|spa|1
|faint|p2a: Tyranitar
|
|-weather|Sandstorm|[upkeep]
|upkeep
|
|t:|1776102074
|switch|p2a: Indeedee|Indeedee, M|8/100
|-fieldstart|move: Psychic Terrain|[from] ability: Psychic Surge|[of] p2a: Indeedee
|turn|17
|inactive|vafafaf has 60 seconds left.
|
|t:|1776102095
|move|p1a: Gholdengo|Make It Rain|p2a: Indeedee
|-damage|p2a: Indeedee|0 fnt
|-unboost|p1a: Gholdengo|spa|1
|faint|p2a: Indeedee
|
|-weather|Sandstorm|[upkeep]
|upkeep
|inactive|vafafaf has 60 seconds left.
|
|t:|1776102102
|switch|p2a: Deoxys|Deoxys-Speed|91/100
|-ability|p2a: Deoxys|Pressure
|turn|18
|
|t:|1776102110
|switch|p1a: Hatterene|Hatterene, F|52/100
|move|p2a: Deoxys|Nasty Plot|p2a: Deoxys
|-boost|p2a: Deoxys|spa|2
|
|-weather|Sandstorm|[upkeep]
|-damage|p2a: Deoxys|84/100|[from] Sandstorm
|-damage|p1a: Hatterene|46/100|[from] Sandstorm
|upkeep
|turn|19
|inactive|vafafaf has 60 seconds left.
|
|t:|1776102135
|move|p2a: Deoxys|Expanding Force|p1a: Hatterene
|-resisted|p1a: Hatterene
|-damage|p1a: Hatterene|0 fnt
|faint|p1a: Hatterene
|-damage|p2a: Deoxys|74/100|[from] item: Life Orb
|
|-weather|none
|upkeep
|
|t:|1776102138
|switch|p1a: Gholdengo|Gholdengo|65/100
|turn|20
|
|t:|1776102148
|-terastallize|p1a: Gholdengo|Steel
|move|p2a: Deoxys|Expanding Force|p1a: Gholdengo
|-resisted|p1a: Gholdengo
|-damage|p1a: Gholdengo|0 fnt
|faint|p1a: Gholdengo
|-damage|p2a: Deoxys|65/100|[from] item: Life Orb
|
|upkeep
|-message|prada5 forfeited.
|
|win|vafafaf
|raw|prada5's rating: 1623 &rarr; <strong>1603</strong><br />(-20 for losing)
|raw|vafafaf's rating: 1624 &rarr; <strong>1644</strong><br />(+20 for winning)
|l|☆prada5
|player|p1|
|l|☆vafafaf
|player|p2|
