|html|<div class="broadcast-blue"><strong>[Gen 9] OU is currently suspecting Tera Blast! For information on how to participate check out the <a href="https://www.smogon.com/tools/suspects/view/200">suspect thread</a>.</strong></div>
|j|☆excelio21
|j|☆Red_Hood2889
|t:|1776090987
|gametype|singles
|player|p1|excelio21|riley|1351
|player|p2|Red_Hood2889|gambler|1370
|gen|9
|tier|[Gen 9] OU
|rated|
|rule|HP Percentage Mod: HP is shown in percentages
|rule|Endless Battle Clause: Forcing endless battles is banned
|rule|Species Clause: Limit one of each Pokémon
|rule|OHKO Clause: OHKO moves are banned
|rule|Evasion Items Clause: Evasion items are banned
|rule|Evasion Moves Clause: Evasion moves are banned
|rule|Evasion Abilities Clause: Evasion abilities are banned
|rule|Sleep Moves Clause: Sleep-inducing moves are banned
|clearpoke
|poke|p1|Ogerpon-Wellspring, F|
|poke|p1|Pelipper, F|
|poke|p1|Klefki, F|
|poke|p1|Grimmsnarl, M|
|poke|p1|Walking Wake|
|poke|p1|Floatzel, F|
|poke|p2|Latias, F|
|poke|p2|Grimmsnarl, M|
|poke|p2|Iron Treads|
|poke|p2|Ceruledge, M|
|poke|p2|Ogerpon-Wellspring, F|
|poke|p2|Kommo-o, M|
|teampreview
|inactive|Battle timer is ON: inactive players will automatically lose when time's up. (requested by Red_Hood2889)
|
|t:|1776091005
|teamsize|p1|6
|teamsize|p2|6
|start
|switch|p1a: Klefki|Klefki, F|100/100
|switch|p2a: Grimmsnarl|Grimmsnarl, M, shiny|100/100
|turn|1
|
|t:|1776091016
|move|p2a: Grimmsnarl|Taunt|p1a: Klefki
|-start|p1a: Klefki|move: Taunt
|move|p1a: Klefki|Dazzling Gleam|p2a: Grimmsnarl
|-supereffective|p2a: Grimmsnarl
|-damage|p2a: Grimmsnarl|10/100
|
|upkeep
|turn|2
|
|t:|1776091024
|move|p2a: Grimmsnarl|Light Screen|p2a: Grimmsnarl
|-sidestart|p2: Red_Hood2889|move: Light Screen
|move|p1a: Klefki|Dazzling Gleam|p2a: Grimmsnarl
|-supereffective|p2a: Grimmsnarl
|-damage|p2a: Grimmsnarl|0 fnt
|faint|p2a: Grimmsnarl
|
|upkeep
|
|t:|1776091026
|switch|p2a: Latias|Latias, F|100/100
|turn|3
|
|t:|1776091039
|switch|p1a: Grimmsnarl|Grimmsnarl, M|100/100
|move|p2a: Latias|Agility|p2a: Latias
|-boost|p2a: Latias|spe|2
|
|upkeep
|turn|4
|
|t:|1776091042
|move|p1a: Grimmsnarl|Trick|p2a: Latias
|-activate|p1a: Grimmsnarl|move: Trick|[of] p2a: Latias
|-item|p2a: Latias|Choice Band|[from] move: Trick
|-item|p1a: Grimmsnarl|Weakness Policy|[from] move: Trick
|move|p2a: Latias|Calm Mind|p2a: Latias
|-boost|p2a: Latias|spa|1
|-boost|p2a: Latias|spd|1
|
|upkeep
|turn|5
|
|t:|1776091062
|switch|p2a: Iron Treads|Iron Treads|100/100
|-enditem|p2a: Iron Treads|Booster Energy
|-activate|p2a: Iron Treads|ability: Quark Drive|[fromitem]
|-start|p2a: Iron Treads|quarkdrivespe
|switch|p1a: Pelipper|Pelipper, F|100/100
|-weather|RainDance|[from] ability: Drizzle|[of] p1a: Pelipper
|
|-weather|RainDance|[upkeep]
|upkeep
|turn|6
|
|t:|1776091082
|move|p2a: Iron Treads|Stealth Rock|p1a: Pelipper
|-sidestart|p1: excelio21|move: Stealth Rock
|move|p1a: Pelipper|U-turn|p2a: Iron Treads
|-resisted|p2a: Iron Treads
|-damage|p2a: Iron Treads|96/100
|
|t:|1776091096
|switch|p1a: Klefki|Klefki, F|100/100|[from] U-turn
|-damage|p1a: Klefki|95/100|[from] Stealth Rock
|
|-weather|RainDance|[upkeep]
|upkeep
|turn|7
|
|t:|1776091100
|move|p1a: Klefki|Switcheroo|p2a: Iron Treads
|-activate|p1a: Klefki|move: Trick|[of] p2a: Iron Treads
|-item|p2a: Iron Treads|Choice Specs|[from] move: Switcheroo
|-enditem|p1a: Klefki|Choice Specs|[silent]|[from] move: Switcheroo
|move|p2a: Iron Treads|Iron Head|p1a: Klefki
|-damage|p1a: Klefki|72/100
|
|-weather|RainDance|[upkeep]
|upkeep
|turn|8
|
|t:|1776091114
|-end|p2a: Iron Treads|Quark Drive|[silent]
|switch|p2a: Ogerpon|Ogerpon-Wellspring, F|100/100
|move|p1a: Klefki|Reflect|p1a: Klefki
|-sidestart|p1: excelio21|Reflect
|
|-weather|RainDance|[upkeep]
|upkeep
|turn|9
|
|t:|1776091120
|move|p1a: Klefki|Thunder Wave|p2a: Ogerpon
|-status|p2a: Ogerpon|par
|move|p2a: Ogerpon|Trailblaze|p1a: Klefki
|-resisted|p1a: Klefki
|-crit|p1a: Klefki
|-damage|p1a: Klefki|52/100
|-boost|p2a: Ogerpon|spe|1
|
|-weather|RainDance|[upkeep]
|-sideend|p2: Red_Hood2889|move: Light Screen
|upkeep
|turn|10
|
|t:|1776091129
|move|p2a: Ogerpon|Trailblaze|p1a: Klefki
|-resisted|p1a: Klefki
|-damage|p1a: Klefki|46/100
|-boost|p2a: Ogerpon|spe|1
|move|p1a: Klefki|Dazzling Gleam|p2a: Ogerpon
|-damage|p2a: Ogerpon|71/100 par
|
|-weather|RainDance|[upkeep]
|upkeep
|turn|11
|
|t:|1776091137
|-terastallize|p2a: Ogerpon|Water
|detailschange|p2a: Ogerpon|Ogerpon-Wellspring-Tera, F, tera:Water
|-ability|p2a: Ogerpon|Embody Aspect (Wellspring)|boost
|-boost|p2a: Ogerpon|spd|1
|move|p2a: Ogerpon|Swords Dance|p2a: Ogerpon
|-boost|p2a: Ogerpon|atk|2
|move|p1a: Klefki|Dazzling Gleam|p2a: Ogerpon
|-damage|p2a: Ogerpon|54/100 par
|
|-weather|RainDance|[upkeep]
|upkeep
|turn|12
|
|t:|1776091150
|cant|p2a: Ogerpon|par
|move|p1a: Klefki|Dazzling Gleam|p2a: Ogerpon
|-damage|p2a: Ogerpon|37/100 par
|
|-weather|none
|-sideend|p1: excelio21|Reflect
|upkeep
|turn|13
|
|t:|1776091158
|move|p1a: Klefki|Reflect|p1a: Klefki
|-sidestart|p1: excelio21|Reflect
|cant|p2a: Ogerpon|par
|
|upkeep
|turn|14
|
|t:|1776091163
|move|p2a: Ogerpon|Trailblaze|p1a: Klefki
|-resisted|p1a: Klefki
|-damage|p1a: Klefki|35/100
|-boost|p2a: Ogerpon|spe|1
|move|p1a: Klefki|Dazzling Gleam|p2a: Ogerpon
|-damage|p2a: Ogerpon|17/100 par
|
|upkeep
|turn|15
|
|t:|1776091171
|cant|p2a: Ogerpon|par
|move|p1a: Klefki|Dazzling Gleam|p2a: Ogerpon
|-damage|p2a: Ogerpon|0 fnt
|faint|p2a: Ogerpon
|detailschange|p2: Ogerpon|Ogerpon-Wellspring, F|[silent]
|
|upkeep
|
|t:|1776091177
|switch|p2a: Ceruledge|Ceruledge, M, shiny|100/100
|turn|16
|
|t:|1776091181
|move|p1a: Klefki|Thunder Wave|p2a: Ceruledge
|-status|p2a: Ceruledge|par
|move|p2a: Ceruledge|Bitter Blade|p1a: Klefki
|-supereffective|p1a: Klefki
|-damage|p1a: Klefki|0 fnt
|faint|p1a: Klefki
|-damage|p2a: Ceruledge|91/100 par|[from] item: Life Orb
|
|upkeep
|
|t:|1776091188
|switch|p1a: Pelipper|Pelipper, F|100/100
|-damage|p1a: Pelipper|76/100|[from] Stealth Rock
|-weather|RainDance|[from] ability: Drizzle|[of] p1a: Pelipper
|turn|17
|
|t:|1776091193
|move|p1a: Pelipper|Hurricane|p2a: Ceruledge
|-damage|p2a: Ceruledge|36/100 par
|move|p2a: Ceruledge|Poltergeist|p1a: Pelipper
|-activate|p1a: Pelipper|move: Poltergeist|Damp Rock
|-crit|p1a: Pelipper
|-damage|p1a: Pelipper|0 fnt
|faint|p1a: Pelipper
|-damage|p2a: Ceruledge|26/100 par|[from] item: Life Orb
|
|-weather|RainDance|[upkeep]
|-sideend|p1: excelio21|Reflect
|upkeep
|
|t:|1776091200
|switch|p1a: Floatzel|Floatzel, F|100/100
|-damage|p1a: Floatzel|88/100|[from] Stealth Rock
|turn|18
|
|t:|1776091202
|move|p1a: Floatzel|Wave Crash|p2a: Ceruledge
|-supereffective|p2a: Ceruledge
|-damage|p2a: Ceruledge|0 fnt
|faint|p2a: Ceruledge
|-damage|p1a: Floatzel|80/100|[from] Recoil
|-damage|p1a: Floatzel|70/100|[from] item: Life Orb
|
|-weather|RainDance|[upkeep]
|upkeep
|
|t:|1776091208
|switch|p2a: Kommo-o|Kommo-o, M|100/100
|turn|19
|
|t:|1776091221
|move|p1a: Floatzel|Ice Spinner|p2a: Kommo-o
|-supereffective|p2a: Kommo-o
|-damage|p2a: Kommo-o|31/100
|-damage|p1a: Floatzel|60/100|[from] item: Life Orb
|move|p2a: Kommo-o|Clangorous Soul||[still]
|-fail|p2a: Kommo-o
|
|-weather|RainDance|[upkeep]
|upkeep
|turn|20
|
|t:|1776091227
|move|p1a: Floatzel|Ice Spinner|p2a: Kommo-o
|-supereffective|p2a: Kommo-o
|-crit|p2a: Kommo-o
|-damage|p2a: Kommo-o|0 fnt
|faint|p2a: Kommo-o
|-damage|p1a: Floatzel|50/100|[from] item: Life Orb
|
|-weather|RainDance|[upkeep]
|upkeep
|
|t:|1776091230
|switch|p2a: Iron Treads|Iron Treads|96/100
|turn|21
|
|t:|1776091238
|move|p1a: Floatzel|Wave Crash|p2a: Iron Treads
|-supereffective|p2a: Iron Treads
|-damage|p2a: Iron Treads|0 fnt
|faint|p2a: Iron Treads
|-end|p2a: Iron Treads|Quark Drive|[silent]
|-damage|p1a: Floatzel|17/100|[from] Recoil
|-damage|p1a: Floatzel|7/100|[from] item: Life Orb
|
|-weather|RainDance|[upkeep]
|upkeep
|
|t:|1776091240
|switch|p2a: Latias|Latias, F|100/100
|turn|22
|
|t:|1776091251
|move|p1a: Floatzel|Crunch|p2a: Latias
|-supereffective|p2a: Latias
|-damage|p2a: Latias|30/100
|-damage|p1a: Floatzel|0 fnt|[from] item: Life Orb
|faint|p1a: Floatzel
|move|p2a: Latias|Draining Kiss|p1: Floatzel|[notarget]
|-fail|p2a: Latias
|
|-weather|RainDance|[upkeep]
|upkeep
|
|t:|1776091261
|switch|p1a: Grimmsnarl|Grimmsnarl, M|100/100
|-damage|p1a: Grimmsnarl|88/100|[from] Stealth Rock
|turn|23
|
|t:|1776091265
|move|p1a: Grimmsnarl|Sucker Punch|p2a: Latias
|-supereffective|p2a: Latias
|-damage|p2a: Latias|0 fnt
|faint|p2a: Latias
|
|win|excelio21
|raw|excelio21's rating: 1351 &rarr; <strong>1372</strong><br />(+21 for winning)
|raw|Red_Hood2889's rating: 1370 &rarr; <strong>1349</strong><br />(-21 for losing)
|l|☆excelio21
|player|p1|
|l|☆Red_Hood2889
|player|p2|
