|html|<div class="broadcast-blue"><strong>[Gen 9] OU is currently suspecting Tera Blast! For information on how to participate check out the <a href="https://www.smogon.com/tools/suspects/view/200">suspect thread</a>.</strong></div>
|j|☆volcamel
|j|☆hoang tu
|t:|1776047562
|gametype|singles
|player|p1|volcamel|lady|1167
|player|p2|hoang tu|red|1141
|gen|9
|tier|[Gen 9] OU
|rated|
|rule|HP Percentage Mod: HP is shown in percentages
|rule|Endless Battle Clause: Forcing endless battles is banned
|rule|Species Clause: Limit one of each Pokémon
|rule|OHKO Clause: OHKO moves are banned
|rule|Evasion Items Clause: Evasion items are banned
|rule|Evasion Moves Clause: Evasion moves are banned
|rule|Evasion Abilities Clause: Evasion abilities are banned
|rule|Sleep Moves Clause: Sleep-inducing moves are banned
|clearpoke
|poke|p1|Glimmora, F|
|poke|p1|Dudunsparce-*, M|
|poke|p1|Slither Wing|
|poke|p1|Bombirdier, M|
|poke|p1|Skeledirge, M|
|poke|p1|Pawmot, M|
|poke|p2|Landorus-Therian, M|
|poke|p2|Rotom-Wash|
|poke|p2|Corviknight, F|
|poke|p2|Dragonite, M|
|poke|p2|Gengar, F|
|poke|p2|Clefable, F|
|teampreview
|
|t:|1776047567
|teamsize|p1|6
|teamsize|p2|6
|start
|switch|p1a: Flower|Glimmora, F|100/100
|switch|p2a: Landorus|Landorus-Therian, M|100/100
|-ability|p2a: Landorus|Intimidate|boost
|-unboost|p1a: Flower|atk|1
|turn|1
|
|t:|1776047575
|move|p2a: Landorus|Stealth Rock|p1a: Flower
|-sidestart|p1: volcamel|move: Stealth Rock
|move|p1a: Flower|Meteor Beam||[still]
|-prepare|p1a: Flower|Meteor Beam
|-boost|p1a: Flower|spa|1
|-enditem|p1a: Flower|Power Herb
|-anim|p1a: Flower|Meteor Beam|p2a: Landorus
|-damage|p2a: Landorus|0 fnt
|faint|p2a: Landorus
|
|upkeep
|
|t:|1776047616
|switch|p2a: Rotom|Rotom-Wash|100/100
|turn|2
|
|t:|1776047621
|move|p1a: Flower|Mortal Spin|p2a: Rotom
|-damage|p2a: Rotom|96/100
|-status|p2a: Rotom|psn
|-sideend|p1: volcamel|Stealth Rock|[from] move: Mortal Spin|[of] p1a: Flower
|move|p2a: Rotom|Hydro Pump|p1a: Flower|[miss]
|-miss|p2a: Rotom|p1a: Flower
|
|-heal|p2a: Rotom|100/100 psn|[from] item: Leftovers
|-damage|p2a: Rotom|88/100 psn|[from] psn
|upkeep
|turn|3
|
|t:|1776047634
|move|p1a: Flower|Spikes|p2a: Rotom
|-sidestart|p2: hoang tu|Spikes
|move|p2a: Rotom|Hydro Pump|p1a: Flower
|-supereffective|p1a: Flower
|-damage|p1a: Flower|0 fnt
|faint|p1a: Flower
|
|-heal|p2a: Rotom|94/100 psn|[from] item: Leftovers
|-damage|p2a: Rotom|82/100 psn|[from] psn
|upkeep
|
|t:|1776047646
|switch|p1a: Mof|Slither Wing|100/100
|-enditem|p1a: Mof|Booster Energy
|-activate|p1a: Mof|ability: Protosynthesis|[fromitem]
|-start|p1a: Mof|protosynthesisatk
|turn|4
|
|t:|1776047654
|move|p1a: Mof|First Impression|p2a: Rotom
|-damage|p2a: Rotom|17/100 psn
|move|p2a: Rotom|Will-O-Wisp|p1a: Mof
|-status|p1a: Mof|brn
|
|-heal|p2a: Rotom|23/100 psn|[from] item: Leftovers
|-damage|p2a: Rotom|10/100 psn|[from] psn
|-damage|p1a: Mof|94/100 brn|[from] brn
|upkeep
|turn|5
|
|t:|1776047668
|move|p1a: Mof|Leech Life|p2a: Rotom
|-damage|p2a: Rotom|0 fnt
|-heal|p1a: Mof|99/100 brn|[from] drain|[of] p2a: Rotom
|faint|p2a: Rotom
|
|-damage|p1a: Mof|93/100 brn|[from] brn
|upkeep
|
|t:|1776047672
|switch|p2a: Corviknight|Corviknight, F|100/100
|-ability|p2a: Corviknight|Unnerve
|turn|6
|
|t:|1776047679
|move|p1a: Mof|First Impression||[still]
|-hint|First Impression only works on your first turn out.
|-fail|p1a: Mof
|move|p2a: Corviknight|Brave Bird|p1a: Mof
|-supereffective|p1a: Mof
|-damage|p1a: Mof|0 fnt
|faint|p1a: Mof
|-end|p1a: Mof|Protosynthesis|[silent]
|-damage|p2a: Corviknight|77/100|[from] Recoil
|
|upkeep
|
|t:|1776047687
|switch|p1a: Ghost|Skeledirge, M|100/100
|turn|7
|
|t:|1776047698
|-terastallize|p2a: Corviknight|Flying
|move|p2a: Corviknight|Brave Bird|p1a: Ghost
|-damage|p1a: Ghost|47/100
|-damage|p2a: Corviknight|58/100|[from] Recoil
|move|p1a: Ghost|Torch Song|p2a: Corviknight
|-damage|p2a: Corviknight|22/100
|-boost|p1a: Ghost|spa|1
|
|-heal|p1a: Ghost|53/100|[from] item: Leftovers
|upkeep
|turn|8
|
|t:|1776047714
|switch|p1a: Boss Baby|Bombirdier, M|100/100
|move|p2a: Corviknight|Brave Bird|p1a: Boss Baby
|-damage|p1a: Boss Baby|11/100
|-damage|p2a: Corviknight|1/100|[from] Recoil
|
|upkeep
|turn|9
|
|t:|1776047725
|switch|p2a: Clefable|Clefable, F|100/100
|-damage|p2a: Clefable|88/100|[from] Spikes
|move|p1a: Boss Baby|Icy Wind|p2a: Clefable
|-damage|p2a: Clefable|82/100
|-unboost|p2a: Clefable|spe|1
|
|-heal|p2a: Clefable|88/100|[from] item: Leftovers
|upkeep
|turn|10
|
|t:|1776047735
|move|p1a: Boss Baby|Knock Off|p2a: Clefable
|-resisted|p2a: Clefable
|-damage|p2a: Clefable|64/100
|-enditem|p2a: Clefable|Leftovers|[from] move: Knock Off|[of] p1a: Boss Baby
|move|p2a: Clefable|Wish|p2a: Clefable
|
|upkeep
|turn|11
|
|t:|1776047746
|switch|p1a: Ghost|Skeledirge, M|53/100
|move|p2a: Clefable|Moonblast|p1a: Ghost
|-resisted|p1a: Ghost
|-damage|p1a: Ghost|36/100
|
|-heal|p2a: Clefable|100/100|[from] move: Wish|[wisher] Clefable
|-heal|p1a: Ghost|42/100|[from] item: Leftovers
|upkeep
|turn|12
|l|☆hoang tu
|player|p2|
|j|☆hoang tu
|player|p2|hoang tu|red|
|
|t:|1776047767
|move|p1a: Ghost|Slack Off|p1a: Ghost
|-heal|p1a: Ghost|92/100
|move|p2a: Clefable|Thunder Wave|p1a: Ghost|[miss]
|-miss|p2a: Clefable|p1a: Ghost
|
|-heal|p1a: Ghost|98/100|[from] item: Leftovers
|upkeep
|turn|13
|
|t:|1776047774
|move|p1a: Ghost|Torch Song|p2a: Clefable
|-damage|p2a: Clefable|72/100
|-boost|p1a: Ghost|spa|1
|move|p2a: Clefable|Thunder Wave|p1a: Ghost
|-status|p1a: Ghost|par
|
|-heal|p1a: Ghost|100/100 par|[from] item: Leftovers
|upkeep
|turn|14
|
|t:|1776047783
|move|p2a: Clefable|Moonblast|p1a: Ghost
|-resisted|p1a: Ghost
|-damage|p1a: Ghost|85/100 par
|move|p1a: Ghost|Torch Song|p2a: Clefable
|-damage|p2a: Clefable|46/100
|-boost|p1a: Ghost|spa|1
|
|-heal|p1a: Ghost|91/100 par|[from] item: Leftovers
|upkeep
|turn|15
|
|t:|1776047792
|move|p2a: Clefable|Wish|p2a: Clefable
|move|p1a: Ghost|Torch Song|p2a: Clefable
|-damage|p2a: Clefable|18/100
|-boost|p1a: Ghost|spa|1
|
|-heal|p1a: Ghost|97/100 par|[from] item: Leftovers
|upkeep
|turn|16
|
|t:|1776047800
|move|p2a: Clefable|Moonblast|p1a: Ghost
|-resisted|p1a: Ghost
|-damage|p1a: Ghost|81/100 par
|-unboost|p1a: Ghost|spa|1
|move|p1a: Ghost|Torch Song|p2a: Clefable
|-damage|p2a: Clefable|0 fnt
|-boost|p1a: Ghost|spa|1
|faint|p2a: Clefable
|
|-heal|p1a: Ghost|87/100 par|[from] item: Leftovers
|upkeep
|
|t:|1776047808
|switch|p2a: Corviknight|Corviknight, F, tera:Flying|1/100
|-ability|p2a: Corviknight|Unnerve
|turn|17
|
|t:|1776047816
|move|p2a: Corviknight|Brave Bird|p1a: Ghost
|-damage|p1a: Ghost|35/100 par
|-damage|p2a: Corviknight|0 fnt|[from] Recoil
|faint|p2a: Corviknight
|move|p1a: Ghost|Slack Off|p1a: Ghost
|-heal|p1a: Ghost|85/100 par
|
|-heal|p1a: Ghost|91/100 par|[from] item: Leftovers
|upkeep
|
|t:|1776047824
|switch|p2a: Dragonite|Dragonite, M|100/100
|turn|18
|
|t:|1776047830
|move|p2a: Dragonite|Earthquake|p1a: Ghost
|-supereffective|p1a: Ghost
|-damage|p1a: Ghost|26/100 par
|move|p1a: Ghost|Torch Song|p2a: Dragonite
|-resisted|p2a: Dragonite
|-damage|p2a: Dragonite|73/100
|-boost|p1a: Ghost|spa|1
|
|-heal|p1a: Ghost|32/100 par|[from] item: Leftovers
|upkeep
|turn|19
|
|t:|1776047841
|switch|p1a: Boss Baby|Bombirdier, M|11/100
|move|p2a: Dragonite|Earthquake|p1a: Boss Baby
|-immune|p1a: Boss Baby
|
|upkeep
|turn|20
|
|t:|1776047846
|move|p2a: Dragonite|Extreme Speed|p1a: Boss Baby
|-damage|p1a: Boss Baby|0 fnt
|faint|p1a: Boss Baby
|
|upkeep
|
|t:|1776047852
|switch|p1a: Mittens|Pawmot, M|100/100
|turn|21
|
|t:|1776047864
|move|p1a: Mittens|Ice Punch|p2a: Dragonite
|-supereffective|p2a: Dragonite
|-damage|p2a: Dragonite|0 fnt
|faint|p2a: Dragonite
|
|upkeep
|
|t:|1776047867
|switch|p2a: Gengar|Gengar, F|100/100
|-damage|p2a: Gengar|88/100|[from] Spikes
|turn|22
|
|t:|1776047877
|move|p2a: Gengar|Sludge Bomb|p1a: Mittens
|-crit|p1a: Mittens
|-damage|p1a: Mittens|0 fnt
|faint|p1a: Mittens
|
|-heal|p2a: Gengar|94/100|[from] item: Black Sludge
|upkeep
|
|t:|1776047883
|switch|p1a: Evil Cucumber|Dudunsparce, M|100/100
|turn|23
|
|t:|1776047890
|move|p2a: Gengar|Nasty Plot|p2a: Gengar
|-boost|p2a: Gengar|spa|2
|move|p1a: Evil Cucumber|Calm Mind|p1a: Evil Cucumber
|-boost|p1a: Evil Cucumber|spa|1
|-boost|p1a: Evil Cucumber|spd|1
|
|-heal|p2a: Gengar|100/100|[from] item: Black Sludge
|upkeep
|turn|24
|l|☆hoang tu
|player|p2|
|j|☆hoang tu
|player|p2|hoang tu|red|
|
|t:|1776047923
|move|p2a: Gengar|Sludge Bomb|p1a: Evil Cucumber
|-damage|p1a: Evil Cucumber|45/100
|move|p1a: Evil Cucumber|Calm Mind|p1a: Evil Cucumber
|-boost|p1a: Evil Cucumber|spa|1
|-boost|p1a: Evil Cucumber|spd|1
|
|-heal|p1a: Evil Cucumber|51/100|[from] item: Leftovers
|upkeep
|turn|25
|
|t:|1776047930
|move|p2a: Gengar|Sludge Bomb|p1a: Evil Cucumber
|-damage|p1a: Evil Cucumber|10/100
|-status|p1a: Evil Cucumber|psn
|move|p1a: Evil Cucumber|Roost|p1a: Evil Cucumber
|-heal|p1a: Evil Cucumber|60/100 psn
|-singleturn|p1a: Evil Cucumber|move: Roost
|
|-heal|p1a: Evil Cucumber|66/100 psn|[from] item: Leftovers
|-damage|p1a: Evil Cucumber|53/100 psn|[from] psn
|upkeep
|turn|26
|
|t:|1776047939
|move|p2a: Gengar|Sludge Bomb|p1a: Evil Cucumber
|-damage|p1a: Evil Cucumber|5/100 psn
|move|p1a: Evil Cucumber|Roost|p1a: Evil Cucumber
|-heal|p1a: Evil Cucumber|55/100 psn
|-singleturn|p1a: Evil Cucumber|move: Roost
|
|-heal|p1a: Evil Cucumber|61/100 psn|[from] item: Leftovers
|-damage|p1a: Evil Cucumber|49/100 psn|[from] psn
|upkeep
|turn|27
|
|t:|1776047948
|move|p2a: Gengar|Sludge Bomb|p1a: Evil Cucumber
|-damage|p1a: Evil Cucumber|2/100 psn
|move|p1a: Evil Cucumber|Roost|p1a: Evil Cucumber
|-heal|p1a: Evil Cucumber|52/100 psn
|-singleturn|p1a: Evil Cucumber|move: Roost
|
|-heal|p1a: Evil Cucumber|58/100 psn|[from] item: Leftovers
|-damage|p1a: Evil Cucumber|46/100 psn|[from] psn
|upkeep
|turn|28
|
|t:|1776047958
|move|p2a: Gengar|Sludge Bomb|p1a: Evil Cucumber
|-damage|p1a: Evil Cucumber|0 fnt
|faint|p1a: Evil Cucumber
|
|upkeep
|
|t:|1776047962
|switch|p1a: Ghost|Skeledirge, M|32/100 par
|turn|29
|
|t:|1776047968
|-terastallize|p1a: Ghost|Water
|move|p2a: Gengar|Shadow Ball|p1a: Ghost
|-damage|p1a: Ghost|0 fnt
|faint|p1a: Ghost
|
|win|hoang tu
|raw|volcamel's rating: 1167 &rarr; <strong>1140</strong><br />(-27 for losing)
|raw|hoang tu's rating: 1141 &rarr; <strong>1168</strong><br />(+27 for winning)
|l|☆volcamel
|player|p1|
|l|☆hoang tu
|player|p2|
