|html|<div class="broadcast-blue"><strong>[Gen 9] OU is currently suspecting Tera Blast! For information on how to participate check out the <a href="https://www.smogon.com/tools/suspects/view/200">suspect thread</a>.</strong></div>
|j|‽rank 1 greninja
|j|☆monkeyooooo
|t:|1776302623
|gametype|singles
|player|p1|rank 1 greninja|170|1404
|player|p2|monkeyooooo|2|1514
|gen|9
|tier|[Gen 9] OU
|rated|
|rule|HP Percentage Mod: HP is shown in percentages
|rule|Endless Battle Clause: Forcing endless battles is banned
|rule|Species Clause: Limit one of each Pokémon
|rule|OHKO Clause: OHKO moves are banned
|rule|Evasion Items Clause: Evasion items are banned
|rule|Evasion Moves Clause: Evasion moves are banned
|rule|Evasion Abilities Clause: Evasion abilities are banned
|rule|Sleep Moves Clause: Sleep-inducing moves are banned
|clearpoke
|poke|p1|Pelipper, M|
|poke|p1|Tornadus-Therian, M|
|poke|p1|Barraskewda, F|
|poke|p1|Iron Treads|
|poke|p1|Iron Crown|
|poke|p1|Drifblim, M|
|poke|p2|Amoonguss, M|
|poke|p2|Hoopa-Unbound|
|poke|p2|Cinderace, M|
|poke|p2|Azumarill, F|
|poke|p2|Bellibolt, M|
|poke|p2|Sylveon, F|
|teampreview
|inactive|Battle timer is ON: inactive players will automatically lose when time's up. (requested by rank 1 greninja)
|
|t:|1776302634
|teamsize|p1|6
|teamsize|p2|6
|start
|switch|p1a: Pelipper|Pelipper, M|100/100
|switch|p2a: Bellibolt|Bellibolt, M|100/100
|-weather|RainDance|[from] ability: Drizzle|[of] p1a: Pelipper
|turn|1
|
|t:|1776302647
|-terastallize|p2a: Bellibolt|Water
|move|p1a: Pelipper|U-turn|p2a: Bellibolt
|-damage|p2a: Bellibolt|90/100
|-start|p2a: Bellibolt|Charge|U-turn|[from] ability: Electromorphosis
|
|t:|1776302650
|switch|p1a: Iron Treads|Iron Treads|100/100|[from] U-turn
|move|p2a: Bellibolt|Chilling Water|p1a: Iron Treads
|-supereffective|p1a: Iron Treads
|-damage|p1a: Iron Treads|60/100
|-unboost|p1a: Iron Treads|atk|1
|
|-weather|RainDance|[upkeep]
|upkeep
|turn|2
|
|t:|1776302656
|move|p1a: Iron Treads|Volt Switch|p2a: Bellibolt
|-supereffective|p2a: Bellibolt
|-damage|p2a: Bellibolt|79/100
|-start|p2a: Bellibolt|Charge|Volt Switch|[from] ability: Electromorphosis
|
|t:|1776302661
|-end|p1a: Iron Treads|Quark Drive|[silent]
|switch|p1a: Iron Crown|Iron Crown|100/100|[from] Volt Switch
|move|p2a: Bellibolt|Chilling Water|p1a: Iron Crown
|-damage|p1a: Iron Crown|72/100
|-unboost|p1a: Iron Crown|atk|1
|
|-weather|RainDance|[upkeep]
|upkeep
|turn|3
|
|t:|1776302664
|move|p1a: Iron Crown|Volt Switch|p2a: Bellibolt
|-supereffective|p2a: Bellibolt
|-damage|p2a: Bellibolt|54/100
|-start|p2a: Bellibolt|Charge|Volt Switch|[from] ability: Electromorphosis
|
|t:|1776302666
|-end|p1a: Iron Crown|Quark Drive|[silent]
|switch|p1a: Iron Treads|Iron Treads|60/100|[from] Volt Switch
|move|p2a: Bellibolt|Parabolic Charge|p1a: Iron Treads
|-immune|p1a: Iron Treads
|-end|p2a: Bellibolt|Charge|[silent]
|
|-weather|RainDance|[upkeep]
|upkeep
|turn|4
|
|t:|1776302672
|switch|p2a: Amoonguss|Amoonguss, M|100/100
|move|p1a: Iron Treads|Volt Switch|p2a: Amoonguss
|-resisted|p2a: Amoonguss
|-damage|p2a: Amoonguss|95/100
|
|t:|1776302675
|-end|p1a: Iron Treads|Quark Drive|[silent]
|switch|p1a: Tornadus|Tornadus-Therian, M|100/100|[from] Volt Switch
|
|-weather|RainDance|[upkeep]
|upkeep
|turn|5
|
|t:|1776302680
|switch|p2a: Bellibolt|Bellibolt, M, tera:Water|54/100
|move|p1a: Tornadus|Nasty Plot|p1a: Tornadus
|-boost|p1a: Tornadus|spa|2
|
|-weather|RainDance|[upkeep]
|upkeep
|turn|6
|
|t:|1776302688
|move|p1a: Tornadus|Hurricane|p2a: Bellibolt
|-damage|p2a: Bellibolt|0 fnt
|faint|p2a: Bellibolt
|-damage|p1a: Tornadus|91/100|[from] item: Life Orb
|
|-weather|RainDance|[upkeep]
|upkeep
|inactive|monkeyooooo has 120 seconds left.
|
|t:|1776302734
|switch|p2a: Cinderace|Cinderace, M|100/100
|turn|7
|
|t:|1776302748
|move|p1a: Tornadus|Weather Ball|p2a: Cinderace
|-supereffective|p2a: Cinderace
|-damage|p2a: Cinderace|0 fnt
|faint|p2a: Cinderace
|-damage|p1a: Tornadus|81/100|[from] item: Life Orb
|
|-weather|RainDance|[upkeep]
|upkeep
|inactive|monkeyooooo has 120 seconds left.
|inactive|monkeyooooo has 90 seconds left.
|-message|monkeyooooo forfeited.
|
|win|rank 1 greninja
|raw|rank 1 greninja's rating: 1404 &rarr; <strong>1430</strong><br />(+26 for winning)
|raw|monkeyooooo's rating: 1514 &rarr; <strong>1488</strong><br />(-26 for losing)
|l|☆monkeyooooo
|player|p2|
