|html|<div class="broadcast-blue"><strong>[Gen 9] OU is currently suspecting Tera Blast! For information on how to participate check out the <a href="https://www.smogon.com/tools/suspects/view/200">suspect thread</a>.</strong></div>
|j|☆Dead_dondozo_123
|j|☆sharkerthantheteal
|t:|1776037610
|gametype|singles
|player|p1|Dead_dondozo_123|bellepa|1251
|player|p2|sharkerthantheteal|cynthia-gen4|1234
|gen|9
|tier|[Gen 9] OU
|rated|
|rule|HP Percentage Mod: HP is shown in percentages
|rule|Endless Battle Clause: Forcing endless battles is banned
|rule|Species Clause: Limit one of each Pokémon
|rule|OHKO Clause: OHKO moves are banned
|rule|Evasion Items Clause: Evasion items are banned
|rule|Evasion Moves Clause: Evasion moves are banned
|rule|Evasion Abilities Clause: Evasion abilities are banned
|rule|Sleep Moves Clause: Sleep-inducing moves are banned
|clearpoke
|poke|p1|Quaquaval, F|
|poke|p1|Enamorus, F|
|poke|p1|Gholdengo|
|poke|p1|Glimmora, M|
|poke|p1|Gliscor, M|
|poke|p1|Zapdos|
|poke|p2|Gholdengo|
|poke|p2|Darkrai|
|poke|p2|Clefable, F|
|poke|p2|Ting-Lu|
|poke|p2|Dragonite, F|
|poke|p2|Pecharunt|
|teampreview
|
|t:|1776037620
|teamsize|p1|6
|teamsize|p2|6
|start
|switch|p1a: Glimmora|Glimmora, M|100/100
|switch|p2a: Ting-Lu|Ting-Lu|100/100
|-ability|p2a: Ting-Lu|Vessel of Ruin
|turn|1
|
|t:|1776037629
|move|p1a: Glimmora|Mortal Spin|p2a: Ting-Lu
|-resisted|p2a: Ting-Lu
|-damage|p2a: Ting-Lu|99/100
|-status|p2a: Ting-Lu|psn
|-enditem|p2a: Ting-Lu|Red Card|[of] p1a: Glimmora
|drag|p1a: Quaquaval|Quaquaval, F|100/100
|move|p2a: Ting-Lu|Whirlwind|p1a: Quaquaval
|drag|p1a: Gliscor|Gliscor, M|100/100
|
|-damage|p2a: Ting-Lu|86/100 psn|[from] psn
|-status|p1a: Gliscor|tox|[from] item: Toxic Orb
|upkeep
|turn|2
|
|t:|1776037640
|move|p1a: Gliscor|Spikes|p2a: Ting-Lu
|-sidestart|p2: sharkerthantheteal|Spikes
|move|p2a: Ting-Lu|Ruination|p1a: Gliscor
|-damage|p1a: Gliscor|50/100 tox
|
|-heal|p1a: Gliscor|63/100 tox|[from] ability: Poison Heal
|-damage|p2a: Ting-Lu|74/100 psn|[from] psn
|upkeep
|turn|3
|
|t:|1776037649
|move|p1a: Gliscor|Protect|p1a: Gliscor
|-singleturn|p1a: Gliscor|Protect
|move|p2a: Ting-Lu|Whirlwind|p1a: Gliscor
|drag|p1a: Gholdengo|Gholdengo|100/100
|
|-damage|p2a: Ting-Lu|62/100 psn|[from] psn
|upkeep
|turn|4
|
|t:|1776037659
|move|p1a: Gholdengo|Focus Blast|p2a: Ting-Lu
|-supereffective|p2a: Ting-Lu
|-damage|p2a: Ting-Lu|20/100 psn
|move|p2a: Ting-Lu|Stealth Rock|p1a: Gholdengo
|-sidestart|p1: Dead_dondozo_123|move: Stealth Rock
|
|-damage|p2a: Ting-Lu|8/100 psn|[from] psn
|upkeep
|turn|5
|
|t:|1776037676
|switch|p1a: Glimmora|Glimmora, M|100/100
|-damage|p1a: Glimmora|88/100|[from] Stealth Rock
|move|p2a: Ting-Lu|Spikes|p1a: Glimmora
|-sidestart|p1: Dead_dondozo_123|Spikes
|
|-damage|p2a: Ting-Lu|0 fnt|[from] psn
|faint|p2a: Ting-Lu
|upkeep
|
|t:|1776037684
|switch|p2a: Pecharunt|Pecharunt|100/100
|turn|6
|
|t:|1776037689
|move|p2a: Pecharunt|Shadow Ball|p1a: Glimmora
|-damage|p1a: Glimmora|57/100
|move|p1a: Glimmora|Stealth Rock|p2a: Pecharunt
|-sidestart|p2: sharkerthantheteal|move: Stealth Rock
|
|upkeep
|turn|7
|
|t:|1776037702
|move|p2a: Pecharunt|Nasty Plot|p2a: Pecharunt
|-boost|p2a: Pecharunt|spa|2
|move|p1a: Glimmora|Earth Power|p2a: Pecharunt
|-supereffective|p2a: Pecharunt
|-damage|p2a: Pecharunt|34/100
|
|upkeep
|turn|8
|
|t:|1776037713
|-terastallize|p2a: Pecharunt|Ghost
|move|p2a: Pecharunt|Shadow Ball|p1a: Glimmora
|-damage|p1a: Glimmora|0 fnt
|faint|p1a: Glimmora
|
|upkeep
|
|t:|1776037727
|switch|p1a: Gholdengo|Gholdengo|100/100
|-damage|p1a: Gholdengo|94/100|[from] Stealth Rock
|-damage|p1a: Gholdengo|82/100|[from] Spikes
|turn|9
|
|t:|1776037734
|move|p1a: Gholdengo|Shadow Ball|p2a: Pecharunt
|-supereffective|p2a: Pecharunt
|-damage|p2a: Pecharunt|0 fnt
|faint|p2a: Pecharunt
|
|upkeep
|
|t:|1776037743
|switch|p2a: Darkrai|Darkrai|100/100
|turn|10
|
|t:|1776037747
|switch|p1a: Enamorus|Enamorus, F|100/100
|-damage|p1a: Enamorus|76/100|[from] Stealth Rock
|move|p2a: Darkrai|Ice Beam|p1a: Enamorus
|-supereffective|p1a: Enamorus
|-damage|p1a: Enamorus|0 fnt
|faint|p1a: Enamorus
|
|upkeep
|
|t:|1776037757
|switch|p1a: Quaquaval|Quaquaval, F|100/100
|-damage|p1a: Quaquaval|94/100|[from] Stealth Rock
|-damage|p1a: Quaquaval|82/100|[from] Spikes
|turn|11
|
|t:|1776037765
|switch|p2a: Clefable|Clefable, F|100/100
|-terastallize|p1a: Quaquaval|Fighting
|move|p1a: Quaquaval|Swords Dance|p1a: Quaquaval
|-boost|p1a: Quaquaval|atk|2
|
|upkeep
|turn|12
|
|t:|1776037772
|move|p1a: Quaquaval|Aqua Step|p2a: Clefable
|-damage|p2a: Clefable|0 fnt
|-boost|p1a: Quaquaval|spe|1
|faint|p2a: Clefable
|-ability|p1a: Quaquaval|Moxie|boost
|-boost|p1a: Quaquaval|atk|1
|-damage|p1a: Quaquaval|72/100|[from] item: Life Orb
|
|upkeep
|
|t:|1776037784
|switch|p2a: Dragonite|Dragonite, F|100/100
|turn|13
|
|t:|1776037788
|move|p1a: Quaquaval|Knock Off|p2a: Dragonite
|-damage|p2a: Dragonite|47/100
|-enditem|p2a: Dragonite|Heavy-Duty Boots|[from] move: Knock Off|[of] p1a: Quaquaval
|-damage|p1a: Quaquaval|62/100|[from] item: Life Orb
|move|p2a: Dragonite|Earthquake|p1a: Quaquaval
|-damage|p1a: Quaquaval|9/100
|
|upkeep
|turn|14
|
|t:|1776037799
|move|p2a: Dragonite|Extreme Speed|p1a: Quaquaval
|-damage|p1a: Quaquaval|0 fnt
|faint|p1a: Quaquaval
|
|upkeep
|
|t:|1776037804
|switch|p1a: Zapdos|Zapdos|100/100
|turn|15
|
|t:|1776037808
|move|p2a: Dragonite|Roost|p2a: Dragonite
|-heal|p2a: Dragonite|97/100
|-singleturn|p2a: Dragonite|move: Roost
|move|p1a: Zapdos|Thunder Wave|p2a: Dragonite
|-status|p2a: Dragonite|par
|
|upkeep
|turn|16
|
|t:|1776037818
|move|p1a: Zapdos|Volt Switch|p2a: Dragonite
|-damage|p2a: Dragonite|66/100 par
|
|t:|1776037822
|switch|p1a: Gliscor|Gliscor, M|63/100 tox|[from] Volt Switch
|-damage|p1a: Gliscor|50/100 tox|[from] Stealth Rock
|move|p2a: Dragonite|Roost|p2a: Dragonite
|-heal|p2a: Dragonite|100/100 par
|-singleturn|p2a: Dragonite|move: Roost
|
|-heal|p1a: Gliscor|63/100 tox|[from] ability: Poison Heal
|upkeep
|turn|17
|
|t:|1776037831
|move|p1a: Gliscor|Protect|p1a: Gliscor
|-singleturn|p1a: Gliscor|Protect
|cant|p2a: Dragonite|par
|
|-heal|p1a: Gliscor|75/100 tox|[from] ability: Poison Heal
|upkeep
|turn|18
|
|t:|1776037841
|move|p1a: Gliscor|Spikes|p2a: Dragonite
|-sidestart|p2: sharkerthantheteal|Spikes
|cant|p2a: Dragonite|par
|
|-heal|p1a: Gliscor|88/100 tox|[from] ability: Poison Heal
|upkeep
|turn|19
|
|t:|1776037847
|move|p1a: Gliscor|Spikes|p2a: Dragonite
|-sidestart|p2: sharkerthantheteal|Spikes
|move|p2a: Dragonite|Dragon Dance|p2a: Dragonite
|-boost|p2a: Dragonite|atk|1
|-boost|p2a: Dragonite|spe|1
|
|-heal|p1a: Gliscor|100/100 tox|[from] ability: Poison Heal
|upkeep
|turn|20
|
|t:|1776037859
|switch|p1a: Gholdengo|Gholdengo|82/100
|-damage|p1a: Gholdengo|76/100|[from] Stealth Rock
|-damage|p1a: Gholdengo|64/100|[from] Spikes
|move|p2a: Dragonite|Dragon Dance|p2a: Dragonite
|-boost|p2a: Dragonite|atk|1
|-boost|p2a: Dragonite|spe|1
|
|upkeep
|turn|21
|
|t:|1776037869
|move|p1a: Gholdengo|Trick|p2a: Dragonite
|-activate|p1a: Gholdengo|move: Trick|[of] p2a: Dragonite
|-item|p2a: Dragonite|Choice Scarf|[from] move: Trick
|-enditem|p1a: Gholdengo|Choice Scarf|[silent]|[from] move: Trick
|cant|p2a: Dragonite|par
|
|upkeep
|turn|22
|
|t:|1776037895
|cant|p2a: Dragonite|par
|move|p1a: Gholdengo|Shadow Ball|p2a: Dragonite
|-damage|p2a: Dragonite|80/100 par
|
|upkeep
|turn|23
|
|t:|1776037903
|move|p2a: Dragonite|Earthquake|p1a: Gholdengo
|-supereffective|p1a: Gholdengo
|-damage|p1a: Gholdengo|0 fnt
|faint|p1a: Gholdengo
|
|upkeep
|
|t:|1776037908
|switch|p1a: Zapdos|Zapdos|100/100
|turn|24
|
|t:|1776037916
|switch|p2a: Gholdengo|Gholdengo|100/100
|-damage|p2a: Gholdengo|76/100|[from] Spikes
|-damage|p2a: Gholdengo|70/100|[from] Stealth Rock
|move|p1a: Zapdos|Hurricane|p2a: Gholdengo|[miss]
|-miss|p1a: Zapdos|p2a: Gholdengo
|
|upkeep
|turn|25
|
|t:|1776037924
|switch|p2a: Dragonite|Dragonite, F|80/100 par
|-damage|p2a: Dragonite|55/100 par|[from] Stealth Rock
|move|p1a: Zapdos|Thunder Wave|p2a: Dragonite
|-fail|p2a: Dragonite|par
|
|upkeep
|turn|26
|
|t:|1776037934
|cant|p2a: Dragonite|par
|move|p1a: Zapdos|Thunder Wave|p2a: Dragonite
|-fail|p2a: Dragonite|par
|
|upkeep
|turn|27
|
|t:|1776037939
|move|p2a: Dragonite|Extreme Speed|p1a: Zapdos
|-damage|p1a: Zapdos|80/100
|move|p1a: Zapdos|Hurricane|p2a: Dragonite
|-damage|p2a: Dragonite|7/100 par
|-start|p2a: Dragonite|confusion
|
|upkeep
|turn|28
|
|t:|1776037949
|-activate|p2a: Dragonite|confusion
|-damage|p2a: Dragonite|0 fnt|[from] confusion
|faint|p2a: Dragonite
|move|p1a: Zapdos|Roost|p1a: Zapdos
|-heal|p1a: Zapdos|100/100
|-singleturn|p1a: Zapdos|move: Roost
|
|upkeep
|
|t:|1776037957
|switch|p2a: Gholdengo|Gholdengo|70/100
|-damage|p2a: Gholdengo|45/100|[from] Spikes
|-damage|p2a: Gholdengo|39/100|[from] Stealth Rock
|turn|29
|
|t:|1776037964
|move|p2a: Gholdengo|Trick|p1a: Zapdos
|-activate|p2a: Gholdengo|move: Trick|[of] p1a: Zapdos
|-item|p1a: Zapdos|Choice Scarf|[from] move: Trick
|-item|p2a: Gholdengo|Heavy-Duty Boots|[from] move: Trick
|move|p1a: Zapdos|Thunder Wave|p2a: Gholdengo
|-immune|p2a: Gholdengo|[from] ability: Good as Gold
|
|upkeep
|turn|30
|
|t:|1776037973
|switch|p1a: Gliscor|Gliscor, M|100/100 tox
|-damage|p1a: Gliscor|88/100 tox|[from] Stealth Rock
|move|p2a: Gholdengo|Shadow Ball|p1a: Gliscor
|-damage|p1a: Gliscor|50/100 tox
|
|-heal|p1a: Gliscor|62/100 tox|[from] ability: Poison Heal
|upkeep
|turn|31
|
|t:|1776037983
|move|p1a: Gliscor|Protect|p1a: Gliscor
|-singleturn|p1a: Gliscor|Protect
|move|p2a: Gholdengo|Make It Rain|p1a: Gliscor
|-activate|p1a: Gliscor|move: Protect
|
|-heal|p1a: Gliscor|75/100 tox|[from] ability: Poison Heal
|upkeep
|turn|32
|
|t:|1776037991
|move|p2a: Gholdengo|Shadow Ball|p1a: Gliscor
|-damage|p1a: Gliscor|40/100 tox
|move|p1a: Gliscor|Earthquake|p2a: Gholdengo
|-supereffective|p2a: Gholdengo
|-crit|p2a: Gholdengo
|-damage|p2a: Gholdengo|0 fnt
|faint|p2a: Gholdengo
|
|-heal|p1a: Gliscor|53/100 tox|[from] ability: Poison Heal
|upkeep
|
|t:|1776038000
|switch|p2a: Darkrai|Darkrai|100/100
|turn|33
|
|t:|1776038004
|move|p1a: Gliscor|Protect|p1a: Gliscor
|-singleturn|p1a: Gliscor|Protect
|move|p2a: Darkrai|Ice Beam|p1a: Gliscor
|-activate|p1a: Gliscor|move: Protect
|
|-heal|p1a: Gliscor|65/100 tox|[from] ability: Poison Heal
|upkeep
|turn|34
|
|t:|1776038012
|switch|p1a: Zapdos|Zapdos|100/100
|-damage|p1a: Zapdos|76/100|[from] Stealth Rock
|move|p2a: Darkrai|Ice Beam|p1a: Zapdos
|-supereffective|p1a: Zapdos
|-damage|p1a: Zapdos|13/100
|
|upkeep
|turn|35
|
|t:|1776038020
|move|p2a: Darkrai|Ice Beam|p1a: Zapdos
|-supereffective|p1a: Zapdos
|-damage|p1a: Zapdos|0 fnt
|faint|p1a: Zapdos
|
|upkeep
|
|t:|1776038022
|switch|p1a: Gliscor|Gliscor, M|65/100 tox
|-damage|p1a: Gliscor|53/100 tox|[from] Stealth Rock
|turn|36
|
|t:|1776038027
|move|p2a: Darkrai|Ice Beam|p1a: Gliscor
|-supereffective|p1a: Gliscor
|-damage|p1a: Gliscor|0 fnt
|faint|p1a: Gliscor
|
|win|sharkerthantheteal
|raw|Dead_dondozo_123's rating: 1251 &rarr; <strong>1225</strong><br />(-26 for losing)
|raw|sharkerthantheteal's rating: 1234 &rarr; <strong>1260</strong><br />(+26 for winning)
|l|☆Dead_dondozo_123
|player|p1|
|c|☆sharkerthantheteal|gg
