|html|<div class="broadcast-blue"><strong>[Gen 9] OU is currently suspecting Tera Blast! For information on how to participate check out the <a href="https://www.smogon.com/tools/suspects/view/200">suspect thread</a>.</strong></div>
|j|☆Blood1617
|j|☆maxezzz
|t:|1776141502
|gametype|singles
|player|p1|Blood1617|2|1332
|player|p2|maxezzz|waitress|1435
|gen|9
|tier|[Gen 9] OU
|rated|
|rule|HP Percentage Mod: HP is shown in percentages
|rule|Endless Battle Clause: Forcing endless battles is banned
|rule|Species Clause: Limit one of each Pokémon
|rule|OHKO Clause: OHKO moves are banned
|rule|Evasion Items Clause: Evasion items are banned
|rule|Evasion Moves Clause: Evasion moves are banned
|rule|Evasion Abilities Clause: Evasion abilities are banned
|rule|Sleep Moves Clause: Sleep-inducing moves are banned
|clearpoke
|poke|p1|Torkoal, M|
|poke|p1|Raging Bolt|
|poke|p1|Rillaboom, M|
|poke|p1|Walking Wake|
|poke|p1|Ninetales, F|
|poke|p1|Excadrill, M|
|poke|p2|Gholdengo|
|poke|p2|Lokix, F|
|poke|p2|Gliscor, M|
|poke|p2|Iron Treads|
|poke|p2|Raging Bolt|
|poke|p2|Alomomola, F|
|teampreview
|inactive|Battle timer is ON: inactive players will automatically lose when time's up. (requested by maxezzz)
|inactive|Blood1617 has 120 seconds left.
|
|t:|1776141537
|teamsize|p1|6
|teamsize|p2|6
|start
|switch|p1a: Ninetales|Ninetales, F|100/100
|switch|p2a: Lokix|Lokix, F|100/100
|-weather|SunnyDay|[from] ability: Drought|[of] p1a: Ninetales
|turn|1
|inactive|maxezzz has 120 seconds left.
|inactive|maxezzz has 90 seconds left.
|
|t:|1776141603
|switch|p2a: Alomomola|Alomomola, F|100/100
|move|p1a: Ninetales|Flamethrower|p2a: Alomomola
|-resisted|p2a: Alomomola
|-damage|p2a: Alomomola|85/100
|
|-weather|SunnyDay|[upkeep]
|upkeep
|turn|2
|inactive|maxezzz has 90 seconds left.
|
|t:|1776141609
|move|p1a: Ninetales|Nasty Plot|p1a: Ninetales
|-boost|p1a: Ninetales|spa|2
|move|p2a: Alomomola|Flip Turn|p1a: Ninetales
|-supereffective|p1a: Ninetales
|-damage|p1a: Ninetales|77/100
|inactive|maxezzz has 90 seconds left.
|
|t:|1776141635
|switch|p2a: Lokix|Lokix, F|100/100|[from] Flip Turn
|
|-weather|SunnyDay|[upkeep]
|upkeep
|turn|3
|
|t:|1776141639
|-terastallize|p2a: Lokix|Bug
|move|p2a: Lokix|First Impression|p1a: Ninetales
|-resisted|p1a: Ninetales
|-damage|p1a: Ninetales|0 fnt
|faint|p1a: Ninetales
|
|-weather|SunnyDay|[upkeep]
|upkeep
|
|t:|1776141642
|switch|p1a: Torkoal|Torkoal, M|100/100
|turn|4
|inactive|maxezzz has 90 seconds left.
|
|t:|1776141648
|switch|p2a: Alomomola|Alomomola, F|100/100
|move|p1a: Torkoal|Weather Ball|p2a: Alomomola
|-resisted|p2a: Alomomola
|-damage|p2a: Alomomola|86/100
|
|-weather|SunnyDay|[upkeep]
|upkeep
|turn|5
|inactive|maxezzz has 90 seconds left.
|
|t:|1776141661
|switch|p1a: Rillaboom|Rillaboom, M|100/100
|-fieldstart|move: Grassy Terrain|[from] ability: Grassy Surge|[of] p1a: Rillaboom
|move|p2a: Alomomola|Flip Turn|p1a: Rillaboom
|-resisted|p1a: Rillaboom
|-damage|p1a: Rillaboom|97/100
|
|t:|1776141664
|switch|p2a: Lokix|Lokix, F, tera:Bug|100/100|[from] Flip Turn
|
|-weather|none
|-heal|p1a: Rillaboom|100/100|[from] Grassy Terrain
|upkeep
|turn|6
|
|t:|1776141668
|switch|p1a: Torkoal|Torkoal, M|100/100
|-weather|SunnyDay|[from] ability: Drought|[of] p1a: Torkoal
|move|p2a: Lokix|U-turn|p1a: Torkoal
|-resisted|p1a: Torkoal
|-damage|p1a: Torkoal|60/100
|inactive|maxezzz has 90 seconds left.
|
|t:|1776141692
|switch|p2a: Long neck|Raging Bolt|100/100|[from] U-turn
|-activate|p2a: Long neck|ability: Protosynthesis
|-start|p2a: Long neck|protosynthesisspa
|
|-weather|SunnyDay|[upkeep]
|-heal|p1a: Torkoal|66/100|[from] Grassy Terrain
|upkeep
|turn|7
|
|t:|1776141698
|move|p2a: Long neck|Dragon Pulse|p1a: Torkoal
|-damage|p1a: Torkoal|2/100
|move|p1a: Torkoal|Stealth Rock|p2a: Long neck
|-sidestart|p2: maxezzz|move: Stealth Rock
|
|-weather|SunnyDay|[upkeep]
|-heal|p1a: Torkoal|8/100|[from] Grassy Terrain
|upkeep
|turn|8
|
|t:|1776141703
|switch|p1a: Excadrill|Excadrill, M|100/100
|move|p2a: Long neck|Dragon Pulse|p1a: Excadrill
|-resisted|p1a: Excadrill
|-damage|p1a: Excadrill|59/100
|
|-weather|SunnyDay|[upkeep]
|-heal|p1a: Excadrill|65/100|[from] Grassy Terrain
|upkeep
|turn|9
|
|t:|1776141721
|move|p1a: Excadrill|Rock Slide|p2a: Long neck
|-damage|p2a: Long neck|80/100
|move|p2a: Long neck|Dragon Pulse|p1a: Excadrill
|-resisted|p1a: Excadrill
|-damage|p1a: Excadrill|24/100
|
|-weather|SunnyDay|[upkeep]
|-heal|p1a: Excadrill|30/100|[from] Grassy Terrain
|-heal|p2a: Long neck|86/100|[from] Grassy Terrain
|upkeep
|turn|10
|
|t:|1776141734
|-end|p2a: Long neck|Protosynthesis|[silent]
|switch|p2a: Alomomola|Alomomola, F|100/100
|-damage|p2a: Alomomola|88/100|[from] Stealth Rock
|move|p1a: Excadrill|Rock Slide|p2a: Alomomola
|-crit|p2a: Alomomola
|-damage|p2a: Alomomola|60/100
|
|-weather|SunnyDay|[upkeep]
|-heal|p1a: Excadrill|37/100|[from] Grassy Terrain
|-heal|p2a: Alomomola|66/100|[from] Grassy Terrain
|upkeep
|turn|11
|
|t:|1776141739
|switch|p1a: Walking Wake|Walking Wake|100/100
|-activate|p1a: Walking Wake|ability: Protosynthesis
|-start|p1a: Walking Wake|protosynthesisspa
|move|p2a: Alomomola|Flip Turn|p1a: Walking Wake
|-resisted|p1a: Walking Wake
|-damage|p1a: Walking Wake|98/100
|inactive|maxezzz has 90 seconds left.
|inactive|maxezzz has 60 seconds left.
|
|t:|1776141802
|switch|p2a: Long neck|Raging Bolt|86/100|[from] Flip Turn
|-damage|p2a: Long neck|73/100|[from] Stealth Rock
|-activate|p2a: Long neck|ability: Protosynthesis
|-start|p2a: Long neck|protosynthesisspa
|
|-weather|SunnyDay|[upkeep]
|-heal|p1a: Walking Wake|100/100|[from] Grassy Terrain
|-heal|p2a: Long neck|80/100|[from] Grassy Terrain
|upkeep
|turn|12
|
|t:|1776141817
|move|p2a: Long neck|Thunderclap|p1a: Walking Wake
|-damage|p1a: Walking Wake|32/100
|move|p1a: Walking Wake|Dragon Pulse|p2a: Long neck
|-supereffective|p2a: Long neck
|-damage|p2a: Long neck|0 fnt
|faint|p2a: Long neck
|-end|p2a: Long neck|Protosynthesis|[silent]
|
|-weather|SunnyDay|[upkeep]
|-heal|p1a: Walking Wake|39/100|[from] Grassy Terrain
|-fieldend|move: Grassy Terrain
|upkeep
|inactive|maxezzz has 60 seconds left.
|inactive|maxezzz has 30 seconds left.
|
|t:|1776141859
|switch|p2a: Iron Treads|Iron Treads|100/100
|turn|13
|
|t:|1776141863
|move|p1a: Walking Wake|Hydro Steam|p2a: Iron Treads
|-supereffective|p2a: Iron Treads
|-damage|p2a: Iron Treads|0 fnt
|faint|p2a: Iron Treads
|-end|p2a: Iron Treads|Quark Drive|[silent]
|
|-weather|none
|-end|p1a: Walking Wake|Protosynthesis
|upkeep
|inactive|maxezzz has 30 seconds left.
|inactive|maxezzz has 20 seconds left.
|inactive|maxezzz has 15 seconds left.
|inactive|maxezzz has 10 seconds left.
|
|t:|1776141899
|switch|p2a: Alomomola|Alomomola, F|99/100
|-damage|p2a: Alomomola|87/100|[from] Stealth Rock
|turn|14
|inactive|maxezzz has 20 seconds left this turn.
|
|t:|1776141903
|move|p1a: Walking Wake|Snarl|p2a: Alomomola
|-damage|p2a: Alomomola|76/100
|-unboost|p2a: Alomomola|spa|1
|-enditem|p1a: Walking Wake|Throat Spray
|-boost|p1a: Walking Wake|spa|1|[from] item: Throat Spray
|move|p2a: Alomomola|Flip Turn|p1a: Walking Wake
|-resisted|p1a: Walking Wake
|-damage|p1a: Walking Wake|34/100
|inactive|maxezzz has 25 seconds left this turn.
|inactive|maxezzz has 20 seconds left.
|inactive|maxezzz has 15 seconds left.
|inactive|maxezzz has 10 seconds left.
|
|t:|1776141920
|switch|p2a: Gholdengo|Gholdengo|100/100|[from] Flip Turn
|-damage|p2a: Gholdengo|94/100|[from] Stealth Rock
|
|upkeep
|turn|15
|inactive|maxezzz has 20 seconds left this turn.
|
|t:|1776141923
|move|p2a: Gholdengo|Shadow Ball|p1a: Walking Wake
|-damage|p1a: Walking Wake|0 fnt
|faint|p1a: Walking Wake
|-end|p1a: Walking Wake|Protosynthesis|[silent]
|
|upkeep
|
|t:|1776141928
|switch|p1a: Rillaboom|Rillaboom, M|100/100
|-fieldstart|move: Grassy Terrain|[from] ability: Grassy Surge|[of] p1a: Rillaboom
|turn|16
|inactive|maxezzz has 30 seconds left.
|inactive|maxezzz has 20 seconds left.
|
|t:|1776141946
|switch|p2a: Gliscor|Gliscor, M|100/100
|-damage|p2a: Gliscor|88/100|[from] Stealth Rock
|move|p1a: Rillaboom|Knock Off|p2a: Gliscor
|-damage|p2a: Gliscor|66/100
|-enditem|p2a: Gliscor|Toxic Orb|[from] move: Knock Off|[of] p1a: Rillaboom
|
|upkeep
|turn|17
|inactive|maxezzz has 30 seconds left this turn.
|
|t:|1776141955
|switch|p1a: Excadrill|Excadrill, M|37/100
|move|p2a: Gliscor|Toxic|p1a: Excadrill
|-immune|p1a: Excadrill
|
|-heal|p1a: Excadrill|43/100|[from] Grassy Terrain
|upkeep
|turn|18
|inactive|maxezzz has 30 seconds left.
|
|t:|1776141964
|move|p1a: Excadrill|Rapid Spin|p2a: Gliscor
|-damage|p2a: Gliscor|54/100
|-boost|p1a: Excadrill|spe|1
|move|p2a: Gliscor|Spikes|p1a: Excadrill
|-sidestart|p1: Blood1617|Spikes
|
|-heal|p1a: Excadrill|49/100|[from] Grassy Terrain
|upkeep
|turn|19
|inactive|maxezzz has 30 seconds left.
|
|t:|1776141976
|move|p1a: Excadrill|Rapid Spin|p2a: Gliscor
|-damage|p2a: Gliscor|43/100
|-boost|p1a: Excadrill|spe|1
|-sideend|p1: Blood1617|Spikes|[from] move: Rapid Spin|[of] p1a: Excadrill
|move|p2a: Gliscor|Knock Off|p1a: Excadrill
|-damage|p1a: Excadrill|17/100
|-enditem|p1a: Excadrill|Focus Sash|[from] move: Knock Off|[of] p2a: Gliscor
|
|-heal|p1a: Excadrill|23/100|[from] Grassy Terrain
|upkeep
|turn|20
|
|t:|1776141980
|move|p1a: Excadrill|Rock Slide|p2a: Gliscor
|-damage|p2a: Gliscor|28/100
|move|p2a: Gliscor|Spikes|p1a: Excadrill
|-sidestart|p1: Blood1617|Spikes
|
|-heal|p1a: Excadrill|29/100|[from] Grassy Terrain
|upkeep
|turn|21
|
|t:|1776141994
|switch|p2a: Alomomola|Alomomola, F|100/100
|-damage|p2a: Alomomola|88/100|[from] Stealth Rock
|move|p1a: Excadrill|Rapid Spin|p2a: Alomomola
|-damage|p2a: Alomomola|76/100
|-boost|p1a: Excadrill|spe|1
|-sideend|p1: Blood1617|Spikes|[from] move: Rapid Spin|[of] p1a: Excadrill
|
|-heal|p1a: Excadrill|35/100|[from] Grassy Terrain
|-heal|p2a: Alomomola|82/100|[from] Grassy Terrain
|upkeep
|turn|22
|
|t:|1776142004
|switch|p1a: Raging Bolt|Raging Bolt|100/100
|move|p2a: Alomomola|Flip Turn|p1a: Raging Bolt
|-resisted|p1a: Raging Bolt
|-damage|p1a: Raging Bolt|94/100
|inactive|maxezzz has 30 seconds left.
|
|t:|1776142032
|switch|p2a: Gliscor|Gliscor, M|28/100|[from] Flip Turn
|-damage|p2a: Gliscor|15/100|[from] Stealth Rock
|
|-heal|p1a: Raging Bolt|100/100|[from] Grassy Terrain
|upkeep
|turn|23
|inactive|maxezzz has 30 seconds left.
|
|t:|1776142037
|move|p2a: Gliscor|Knock Off|p1a: Raging Bolt
|-damage|p1a: Raging Bolt|83/100
|-enditem|p1a: Raging Bolt|Leftovers|[from] move: Knock Off|[of] p2a: Gliscor
|move|p1a: Raging Bolt|Weather Ball|p2a: Gliscor
|-damage|p2a: Gliscor|0 fnt
|faint|p2a: Gliscor
|
|-heal|p1a: Raging Bolt|89/100|[from] Grassy Terrain
|-fieldend|move: Grassy Terrain
|upkeep
|inactive|maxezzz has 30 seconds left.
|inactive|maxezzz has 20 seconds left.
|inactive|maxezzz has 15 seconds left.
|
|t:|1776142061
|switch|p2a: Gholdengo|Gholdengo|94/100
|-damage|p2a: Gholdengo|88/100|[from] Stealth Rock
|turn|24
|inactive|maxezzz has 25 seconds left this turn.
|l|☆Blood1617
|inactive|Blood1617 disconnected and has a minute to reconnect!
|player|p1|
|j|☆Blood1617
|inactive|Blood1617 reconnected and has 120 seconds left.
|player|p1|Blood1617|2|
|
|t:|1776142099
|-end|p1a: Raging Bolt|Protosynthesis|[silent]
|switch|p1a: Torkoal|Torkoal, M|8/100
|-weather|SunnyDay|[from] ability: Drought|[of] p1a: Torkoal
|move|p2a: Gholdengo|Trick|p1a: Torkoal
|-activate|p2a: Gholdengo|move: Trick|[of] p1a: Torkoal
|-item|p1a: Torkoal|Choice Scarf|[from] move: Trick
|-item|p2a: Gholdengo|Heat Rock|[from] move: Trick
|
|-weather|SunnyDay|[upkeep]
|upkeep
|turn|25
|inactive|Blood1617 has 120 seconds left.
|inactive|maxezzz has 30 seconds left.
|
|t:|1776142109
|move|p2a: Gholdengo|Shadow Ball|p1a: Torkoal
|-damage|p1a: Torkoal|0 fnt
|faint|p1a: Torkoal
|
|-weather|SunnyDay|[upkeep]
|upkeep
|j| ohko_smeargle
|
|t:|1776142114
|switch|p1a: Rillaboom|Rillaboom, M|100/100
|-fieldstart|move: Grassy Terrain|[from] ability: Grassy Surge|[of] p1a: Rillaboom
|turn|26
|
|t:|1776142122
|move|p1a: Rillaboom|Knock Off|p2a: Gholdengo
|-supereffective|p2a: Gholdengo
|-damage|p2a: Gholdengo|15/100
|-enditem|p2a: Gholdengo|Heat Rock|[from] move: Knock Off|[of] p1a: Rillaboom
|move|p2a: Gholdengo|Recover|p2a: Gholdengo
|-heal|p2a: Gholdengo|65/100
|
|-weather|SunnyDay|[upkeep]
|-heal|p2a: Gholdengo|71/100|[from] Grassy Terrain
|upkeep
|turn|27
|
|t:|1776142127
|move|p1a: Rillaboom|U-turn|p2a: Gholdengo
|-resisted|p2a: Gholdengo
|-damage|p2a: Gholdengo|65/100
|
|t:|1776142129
|switch|p1a: Raging Bolt|Raging Bolt|89/100|[from] U-turn
|-activate|p1a: Raging Bolt|ability: Protosynthesis
|-start|p1a: Raging Bolt|protosynthesisspa
|move|p2a: Gholdengo|Shadow Ball|p1a: Raging Bolt
|-damage|p1a: Raging Bolt|52/100
|-unboost|p1a: Raging Bolt|spd|1
|
|-weather|SunnyDay|[upkeep]
|-heal|p2a: Gholdengo|71/100|[from] Grassy Terrain
|-heal|p1a: Raging Bolt|58/100|[from] Grassy Terrain
|upkeep
|turn|28
|
|t:|1776142142
|move|p2a: Gholdengo|Make It Rain|p1a: Raging Bolt
|-resisted|p1a: Raging Bolt
|-damage|p1a: Raging Bolt|15/100
|-unboost|p2a: Gholdengo|spa|1
|move|p1a: Raging Bolt|Weather Ball|p2a: Gholdengo
|-supereffective|p2a: Gholdengo
|-damage|p2a: Gholdengo|0 fnt
|faint|p2a: Gholdengo
|
|-weather|SunnyDay|[upkeep]
|-heal|p1a: Raging Bolt|21/100|[from] Grassy Terrain
|upkeep
|inactive|maxezzz has 30 seconds left.
|
|t:|1776142168
|switch|p2a: Alomomola|Alomomola, F|100/100
|-damage|p2a: Alomomola|88/100|[from] Stealth Rock
|turn|29
|
|t:|1776142177
|move|p1a: Raging Bolt|Solar Beam||[still]
|-prepare|p1a: Raging Bolt|Solar Beam
|-anim|p1a: Raging Bolt|Solar Beam|p2a: Alomomola
|-supereffective|p2a: Alomomola
|-damage|p2a: Alomomola|3/100
|move|p2a: Alomomola|Flip Turn|p1a: Raging Bolt
|-resisted|p1a: Raging Bolt
|-damage|p1a: Raging Bolt|18/100
|inactive|maxezzz has 30 seconds left.
|
|t:|1776142189
|switch|p2a: Lokix|Lokix, F, tera:Bug|100/100|[from] Flip Turn
|-damage|p2a: Lokix|76/100|[from] Stealth Rock
|
|-weather|SunnyDay|[upkeep]
|-heal|p2a: Lokix|82/100|[from] Grassy Terrain
|-heal|p1a: Raging Bolt|24/100|[from] Grassy Terrain
|upkeep
|turn|30
|
|t:|1776142193
|-end|p1a: Raging Bolt|Protosynthesis|[silent]
|switch|p1a: Excadrill|Excadrill, M|35/100
|move|p2a: Lokix|First Impression|p1a: Excadrill
|-resisted|p1a: Excadrill
|-damage|p1a: Excadrill|0 fnt
|faint|p1a: Excadrill
|
|-weather|SunnyDay|[upkeep]
|-heal|p2a: Lokix|88/100|[from] Grassy Terrain
|upkeep
|
|t:|1776142198
|switch|p1a: Raging Bolt|Raging Bolt|24/100
|-activate|p1a: Raging Bolt|ability: Protosynthesis
|-start|p1a: Raging Bolt|protosynthesisspa
|turn|31
|
|t:|1776142206
|switch|p2a: Alomomola|Alomomola, F|36/100
|-damage|p2a: Alomomola|23/100|[from] Stealth Rock
|move|p1a: Raging Bolt|Thunderclap||[still]
|-fail|p1a: Raging Bolt
|
|-weather|none
|-end|p1a: Raging Bolt|Protosynthesis
|-heal|p1a: Raging Bolt|31/100|[from] Grassy Terrain
|-heal|p2a: Alomomola|30/100|[from] Grassy Terrain
|upkeep
|turn|32
|
|t:|1776142219
|move|p1a: Raging Bolt|Draco Meteor|p2a: Alomomola|[miss]
|-miss|p1a: Raging Bolt|p2a: Alomomola
|move|p2a: Alomomola|Body Slam|p1a: Raging Bolt
|-damage|p1a: Raging Bolt|18/100
|
|-heal|p1a: Raging Bolt|24/100|[from] Grassy Terrain
|-heal|p2a: Alomomola|36/100|[from] Grassy Terrain
|upkeep
|turn|33
|
|t:|1776142240
|move|p1a: Raging Bolt|Thunderclap|p2a: Alomomola
|-supereffective|p2a: Alomomola
|-damage|p2a: Alomomola|0 fnt
|faint|p2a: Alomomola
|
|-heal|p1a: Raging Bolt|30/100|[from] Grassy Terrain
|-fieldend|move: Grassy Terrain
|upkeep
|
|t:|1776142247
|switch|p2a: Lokix|Lokix, F, tera:Bug|88/100
|-damage|p2a: Lokix|63/100|[from] Stealth Rock
|turn|34
|inactive|maxezzz has 30 seconds left.
|inactive|maxezzz has 20 seconds left.
|inactive|maxezzz has 15 seconds left.
|inactive|maxezzz has 10 seconds left.
|inactive|maxezzz has 5 seconds left.
|
|t:|1776142294
|-end|p1a: Raging Bolt|Protosynthesis|[silent]
|switch|p1a: Rillaboom|Rillaboom, M|100/100
|-fieldstart|move: Grassy Terrain|[from] ability: Grassy Surge|[of] p1a: Rillaboom
|move|p2a: Lokix|Leech Life|p1a: Rillaboom
|-supereffective|p1a: Rillaboom
|-damage|p1a: Rillaboom|0 fnt
|-heal|p2a: Lokix|100/100|[from] drain|[of] p1a: Rillaboom
|faint|p1a: Rillaboom
|
|upkeep
|
|t:|1776142297
|switch|p1a: Raging Bolt|Raging Bolt|30/100
|turn|35
|inactive|maxezzz has 20 seconds left this turn.
|
|t:|1776142305
|move|p1a: Raging Bolt|Thunderclap|p2a: Lokix
|-damage|p2a: Lokix|27/100
|move|p2a: Lokix|Leech Life|p1a: Raging Bolt
|-damage|p1a: Raging Bolt|0 fnt
|-heal|p2a: Lokix|51/100|[from] drain|[of] p1a: Raging Bolt
|faint|p1a: Raging Bolt
|-end|p1a: Raging Bolt|Protosynthesis|[silent]
|
|win|maxezzz
|raw|Blood1617's rating: 1332 &rarr; <strong>1318</strong><br />(-14 for losing)
|raw|maxezzz's rating: 1435 &rarr; <strong>1449</strong><br />(+14 for winning)
|l| ohko_smeargle
|l|☆Blood1617
|player|p1|
|c|☆maxezzz|Ggs
