|html|<div class="broadcast-blue"><strong>[Gen 9] OU is currently suspecting Tera Blast! For information on how to participate check out the <a href="https://www.smogon.com/tools/suspects/view/200">suspect thread</a>.</strong></div>
|j|☆Blastoise_Choice
|j|☆jujutush
|t:|1776094085
|gametype|singles
|player|p1|Blastoise_Choice|benga|1678
|player|p2|jujutush|1|1695
|gen|9
|tier|[Gen 9] OU
|rated|
|rule|HP Percentage Mod: HP is shown in percentages
|rule|Endless Battle Clause: Forcing endless battles is banned
|rule|Species Clause: Limit one of each Pokémon
|rule|OHKO Clause: OHKO moves are banned
|rule|Evasion Items Clause: Evasion items are banned
|rule|Evasion Moves Clause: Evasion moves are banned
|rule|Evasion Abilities Clause: Evasion abilities are banned
|rule|Sleep Moves Clause: Sleep-inducing moves are banned
|clearpoke
|poke|p1|Garganacl, F|
|poke|p1|Darkrai|
|poke|p1|Great Tusk|
|poke|p1|Hatterene, F|
|poke|p1|Tornadus-Therian, M|
|poke|p1|Dragonite, M|
|poke|p2|Hatterene, F|
|poke|p2|Pelipper, M|
|poke|p2|Hariyama, F|
|poke|p2|Cresselia, F|
|poke|p2|Ursaluna, F|
|poke|p2|Porygon2|
|teampreview
|c|☆Blastoise_Choice|hf
|inactive|Battle timer is ON: inactive players will automatically lose when time's up. (requested by Blastoise_Choice)
|c|☆jujutush|hf
|
|t:|1776094112
|teamsize|p1|6
|teamsize|p2|6
|start
|switch|p1a: Darkrai|Darkrai|100/100
|switch|p2a: Sydney Sipme|Hatterene, F|100/100
|turn|1
|
|t:|1776094118
|move|p1a: Darkrai|Focus Blast|p2a: Sydney Sipme
|-resisted|p2a: Sydney Sipme
|-damage|p2a: Sydney Sipme|83/100
|move|p2a: Sydney Sipme|Trick Room|p2a: Sydney Sipme
|-fieldstart|move: Trick Room|[of] p2a: Sydney Sipme
|
|upkeep
|turn|2
|j| Metallic Symphony
|
|t:|1776094127
|switch|p1a: Tornadus|Tornadus-Therian, M, shiny|100/100
|move|p2a: Sydney Sipme|Healing Wish|p2a: Sydney Sipme
|faint|p2a: Sydney Sipme
|
|upkeep
|
|t:|1776094131
|switch|p2a: Late Hibernation|Ursaluna, F|100/100
|turn|3
|
|t:|1776094137
|move|p2a: Late Hibernation|Swords Dance|p2a: Late Hibernation
|-boost|p2a: Late Hibernation|atk|2
|move|p1a: Tornadus|Knock Off|p2a: Late Hibernation
|-damage|p2a: Late Hibernation|87/100
|-enditem|p2a: Late Hibernation|Flame Orb|[from] move: Knock Off|[of] p1a: Tornadus
|
|upkeep
|turn|4
|
|t:|1776094145
|switch|p1a: Garganacl|Garganacl, F|100/100
|move|p2a: Late Hibernation|Facade|p1a: Garganacl
|-resisted|p1a: Garganacl
|-damage|p1a: Garganacl|70/100
|
|-heal|p1a: Garganacl|76/100|[from] item: Leftovers
|upkeep
|turn|5
|
|t:|1776094155
|move|p2a: Late Hibernation|Facade|p1a: Garganacl
|-resisted|p1a: Garganacl
|-damage|p1a: Garganacl|49/100
|move|p1a: Garganacl|Salt Cure|p2a: Late Hibernation
|-resisted|p2a: Late Hibernation
|-crit|p2a: Late Hibernation
|-damage|p2a: Late Hibernation|80/100
|-start|p2a: Late Hibernation|Salt Cure
|
|-heal|p1a: Garganacl|55/100|[from] item: Leftovers
|-damage|p2a: Late Hibernation|67/100|[from] Salt Cure
|-fieldend|move: Trick Room
|upkeep
|turn|6
|j| gfitzy
|
|t:|1776094162
|move|p1a: Garganacl|Recover|p1a: Garganacl
|-heal|p1a: Garganacl|100/100
|move|p2a: Late Hibernation|Facade|p1a: Garganacl
|-resisted|p1a: Garganacl
|-damage|p1a: Garganacl|72/100
|
|-heal|p1a: Garganacl|78/100|[from] item: Leftovers
|-damage|p2a: Late Hibernation|55/100|[from] Salt Cure
|upkeep
|turn|7
|j| gym locker smells
|j| Monkey D MinMin
|
|t:|1776094169
|switch|p1a: Dragonite|Dragonite, M|100/100
|move|p2a: Late Hibernation|Headlong Rush|p1a: Dragonite
|-immune|p1a: Dragonite
|
|-damage|p2a: Late Hibernation|43/100|[from] Salt Cure
|upkeep
|turn|8
|
|t:|1776094173
|-terastallize|p1a: Dragonite|Normal
|move|p1a: Dragonite|Dragon Dance|p1a: Dragonite
|-boost|p1a: Dragonite|atk|1
|-boost|p1a: Dragonite|spe|1
|move|p2a: Late Hibernation|Facade|p1a: Dragonite
|-damage|p1a: Dragonite|58/100
|
|-damage|p2a: Late Hibernation|31/100|[from] Salt Cure
|upkeep
|turn|9
|l| gfitzy
|
|t:|1776094190
|move|p1a: Dragonite|Earthquake|p2a: Late Hibernation
|-damage|p2a: Late Hibernation|0 fnt
|faint|p2a: Late Hibernation
|
|upkeep
|inactive|jujutush has 120 seconds left.
|inactive|jujutush has 90 seconds left.
|inactive|jujutush has 60 seconds left.
|
|t:|1776094289
|switch|p2a: Lindsay Throwhandz|Hariyama, F|100/100
|turn|10
|c|☆Blastoise_Choice|Is he icing
|c|☆Blastoise_Choice|shit
|c|☆Blastoise_Choice|calld it
|
|t:|1776094295
|move|p1a: Dragonite|Roost|p1a: Dragonite
|-heal|p1a: Dragonite|100/100
|move|p2a: Lindsay Throwhandz|Drain Punch|p1a: Dragonite
|-supereffective|p1a: Dragonite
|-damage|p1a: Dragonite|61/100
|
|upkeep
|turn|11
|inactive|jujutush has 60 seconds left.
|
|t:|1776094311
|move|p1a: Dragonite|Roost|p1a: Dragonite
|-heal|p1a: Dragonite|100/100
|move|p2a: Lindsay Throwhandz|Drain Punch|p1a: Dragonite
|-supereffective|p1a: Dragonite
|-damage|p1a: Dragonite|60/100
|
|upkeep
|turn|12
|
|t:|1776094317
|move|p1a: Dragonite|Roost|p1a: Dragonite
|-heal|p1a: Dragonite|100/100
|move|p2a: Lindsay Throwhandz|Drain Punch|p1a: Dragonite
|-supereffective|p1a: Dragonite
|-damage|p1a: Dragonite|63/100
|
|upkeep
|turn|13
|
|t:|1776094324
|move|p1a: Dragonite|Roost|p1a: Dragonite
|-heal|p1a: Dragonite|100/100
|move|p2a: Lindsay Throwhandz|Drain Punch|p1a: Dragonite
|-supereffective|p1a: Dragonite
|-damage|p1a: Dragonite|59/100
|
|upkeep
|turn|14
|j| nonchalantbufalant
|
|t:|1776094331
|move|p1a: Dragonite|Extreme Speed|p2a: Lindsay Throwhandz
|-damage|p2a: Lindsay Throwhandz|17/100
|-enditem|p2a: Lindsay Throwhandz|Sitrus Berry|[eat]
|-heal|p2a: Lindsay Throwhandz|42/100|[from] item: Sitrus Berry
|move|p2a: Lindsay Throwhandz|Drain Punch|p1a: Dragonite
|-supereffective|p1a: Dragonite
|-damage|p1a: Dragonite|0 fnt
|-heal|p2a: Lindsay Throwhandz|67/100|[from] drain|[of] p1a: Dragonite
|faint|p1a: Dragonite
|
|upkeep
|
|t:|1776094338
|switch|p1a: Darkrai|Darkrai|100/100
|turn|15
|c|☆Blastoise_Choice|I used to ice a lot because people sometimes quit
|
|t:|1776094345
|move|p1a: Darkrai|Psychic|p2a: Lindsay Throwhandz
|-supereffective|p2a: Lindsay Throwhandz
|-damage|p2a: Lindsay Throwhandz|0 fnt
|faint|p2a: Lindsay Throwhandz
|
|upkeep
|
|t:|1776094352
|switch|p2a: Better Call Stall|Cresselia, F|100/100
|turn|16
|
|t:|1776094358
|switch|p1a: Garganacl|Garganacl, F|78/100
|move|p2a: Better Call Stall|Trick Room|p2a: Better Call Stall
|-fieldstart|move: Trick Room|[of] p2a: Better Call Stall
|
|-heal|p1a: Garganacl|85/100|[from] item: Leftovers
|upkeep
|turn|17
|c| Metallic Symphony|what's icing?
|c| nonchalantbufalant|Iron hands looking more organic than usual today
|
|t:|1776094369
|switch|p2a: Duck Duck Goobs|Porygon2|100/100
|-ability|p2a: Duck Duck Goobs|Download|boost
|-boost|p2a: Duck Duck Goobs|spa|1
|move|p1a: Garganacl|Salt Cure|p2a: Duck Duck Goobs
|-damage|p2a: Duck Duck Goobs|91/100
|-start|p2a: Duck Duck Goobs|Salt Cure
|
|-heal|p1a: Garganacl|91/100|[from] item: Leftovers
|-damage|p2a: Duck Duck Goobs|79/100|[from] Salt Cure
|upkeep
|turn|18
|
|t:|1776094377
|switch|p2a: JD Dance|Pelipper, M|100/100
|-weather|RainDance|[from] ability: Drizzle|[of] p2a: JD Dance
|move|p1a: Garganacl|Protect||[still]
|-fail|p1a: Garganacl
|
|-weather|RainDance|[upkeep]
|-heal|p1a: Garganacl|97/100|[from] item: Leftovers
|upkeep
|turn|19
|c|☆Blastoise_Choice|So you act like you quit all the way to 5 seconds
|c| Metallic Symphony|oh lol
|c|☆Blastoise_Choice|then pick a moove and hope they walked away
|
|t:|1776094399
|move|p1a: Garganacl|Salt Cure|p2a: JD Dance
|-supereffective|p2a: JD Dance
|-damage|p2a: JD Dance|73/100
|-start|p2a: JD Dance|Salt Cure
|move|p2a: JD Dance|Weather Ball|p1a: Garganacl
|-supereffective|p1a: Garganacl
|-damage|p1a: Garganacl|0 fnt
|faint|p1a: Garganacl
|
|-weather|RainDance|[upkeep]
|-damage|p2a: JD Dance|48/100|[from] Salt Cure
|upkeep
|
|t:|1776094408
|switch|p1a: Tornadus|Tornadus-Therian, M, shiny|100/100
|turn|20
|j| wistwind
|c|☆jujutush|im at work
|c|☆jujutush|so tryna multitask lol
|
|t:|1776094425
|move|p2a: JD Dance|Weather Ball|p1a: Tornadus
|-damage|p1a: Tornadus|36/100
|move|p1a: Tornadus|Knock Off|p2a: JD Dance
|-damage|p2a: JD Dance|27/100
|-enditem|p2a: JD Dance|Choice Specs|[from] move: Knock Off|[of] p1a: Tornadus
|
|-weather|RainDance|[upkeep]
|-damage|p2a: JD Dance|2/100|[from] Salt Cure
|-fieldend|move: Trick Room
|upkeep
|turn|21
|c| gym locker smells|thats what icers say
|
|t:|1776094431
|switch|p2a: Better Call Stall|Cresselia, F|100/100
|move|p1a: Tornadus|U-turn|p2a: Better Call Stall
|-supereffective|p2a: Better Call Stall
|-damage|p2a: Better Call Stall|83/100
|
|t:|1776094438
|switch|p1a: Darkrai|Darkrai|100/100|[from] U-turn
|
|-weather|RainDance|[upkeep]
|upkeep
|turn|22
|
|t:|1776094447
|-terastallize|p2a: Better Call Stall|Fairy
|move|p1a: Darkrai|Dark Pulse|p2a: Better Call Stall
|-resisted|p2a: Better Call Stall
|-damage|p2a: Better Call Stall|62/100
|move|p2a: Better Call Stall|Trick Room|p2a: Better Call Stall
|-fieldstart|move: Trick Room|[of] p2a: Better Call Stall
|
|-weather|none
|upkeep
|turn|23
|inactive|jujutush has 120 seconds left.
|
|t:|1776094455
|move|p2a: Better Call Stall|Moonblast|p1a: Darkrai
|-supereffective|p1a: Darkrai
|-damage|p1a: Darkrai|29/100
|-unboost|p1a: Darkrai|spa|1
|move|p1a: Darkrai|Dark Pulse|p2a: Better Call Stall
|-resisted|p2a: Better Call Stall
|-damage|p2a: Better Call Stall|47/100
|
|upkeep
|turn|24
|
|t:|1776094462
|move|p2a: Better Call Stall|Lunar Dance|p2a: Better Call Stall
|faint|p2a: Better Call Stall
|move|p1a: Darkrai|Dark Pulse|p2: Better Call Stall|[notarget]
|-fail|p1a: Darkrai
|
|upkeep
|
|t:|1776094464
|switch|p2a: JD Dance|Pelipper, M|2/100
|-heal|p2a: JD Dance|100/100|[from] move: Healing Wish
|-heal|p2a: JD Dance|100/100|[from] move: Lunar Dance
|-weather|RainDance|[from] ability: Drizzle|[of] p2a: JD Dance
|turn|25
|
|t:|1776094473
|move|p2a: JD Dance|Hydro Pump|p1a: Darkrai
|-damage|p1a: Darkrai|0 fnt
|faint|p1a: Darkrai
|
|-weather|RainDance|[upkeep]
|upkeep
|
|t:|1776094479
|switch|p1a: Tornadus|Tornadus-Therian, M, shiny|69/100
|turn|26
|
|t:|1776094496
|move|p2a: JD Dance|Hurricane|p1a: Tornadus
|-damage|p1a: Tornadus|38/100
|-start|p1a: Tornadus|confusion
|-activate|p1a: Tornadus|confusion
|move|p1a: Tornadus|Bleakwind Storm|p2a: JD Dance
|-damage|p2a: JD Dance|49/100
|
|-weather|RainDance|[upkeep]
|-fieldend|move: Trick Room
|upkeep
|turn|27
|
|t:|1776094504
|-activate|p1a: Tornadus|confusion
|move|p1a: Tornadus|Bleakwind Storm|p2a: JD Dance
|-damage|p2a: JD Dance|0 fnt
|faint|p2a: JD Dance
|
|-weather|RainDance|[upkeep]
|upkeep
|
|t:|1776094507
|switch|p2a: Duck Duck Goobs|Porygon2|79/100
|-ability|p2a: Duck Duck Goobs|Download|boost
|-boost|p2a: Duck Duck Goobs|atk|1
|turn|28
|
|t:|1776094513
|-activate|p1a: Tornadus|confusion
|-damage|p1a: Tornadus|27/100|[from] confusion
|move|p2a: Duck Duck Goobs|Trick Room|p2a: Duck Duck Goobs
|-fieldstart|move: Trick Room|[of] p2a: Duck Duck Goobs
|
|-weather|RainDance|[upkeep]
|upkeep
|turn|29
|
|t:|1776094519
|switch|p1a: Hatterene|Hatterene, F|100/100
|move|p2a: Duck Duck Goobs|Thunder|p1a: Hatterene
|-damage|p1a: Hatterene|61/100
|
|-weather|none
|upkeep
|turn|30
|
|t:|1776094526
|switch|p1a: Great Tusk|Great Tusk|100/100
|-enditem|p1a: Great Tusk|Booster Energy
|-activate|p1a: Great Tusk|ability: Protosynthesis|[fromitem]
|-start|p1a: Great Tusk|protosynthesisatk
|move|p2a: Duck Duck Goobs|Thunder|p1a: Great Tusk
|-immune|p1a: Great Tusk
|
|upkeep
|turn|31
|
|t:|1776094532
|move|p2a: Duck Duck Goobs|Ice Beam|p1a: Great Tusk
|-supereffective|p1a: Great Tusk
|-damage|p1a: Great Tusk|8/100
|move|p1a: Great Tusk|Close Combat|p2a: Duck Duck Goobs
|-supereffective|p2a: Duck Duck Goobs
|-damage|p2a: Duck Duck Goobs|0 fnt
|-unboost|p1a: Great Tusk|def|1
|-unboost|p1a: Great Tusk|spd|1
|faint|p2a: Duck Duck Goobs
|
|win|Blastoise_Choice
|raw|Blastoise_Choice's rating: 1678 &rarr; <strong>1699</strong><br />(+21 for winning)
|raw|jujutush's rating: 1695 &rarr; <strong>1674</strong><br />(-21 for losing)
|c|☆Blastoise_Choice|gg
|l|☆jujutush
|player|p2|
|l| nonchalantbufalant
|l| Metallic Symphony
|l|☆Blastoise_Choice
|player|p1|
|l| Monkey D MinMin
|l| wistwind
