|html|<div class="broadcast-blue"><strong>[Gen 9] OU is currently suspecting Tera Blast! For information on how to participate check out the <a href="https://www.smogon.com/tools/suspects/view/200">suspect thread</a>.</strong></div>
|j|☆luciuslemon
|j|☆aierfadeng
|t:|1776070030
|gametype|singles
|player|p1|luciuslemon|hugh|1183
|player|p2|aierfadeng|swimmerf|1233
|gen|9
|tier|[Gen 9] OU
|rated|
|rule|HP Percentage Mod: HP is shown in percentages
|rule|Endless Battle Clause: Forcing endless battles is banned
|rule|Species Clause: Limit one of each Pokémon
|rule|OHKO Clause: OHKO moves are banned
|rule|Evasion Items Clause: Evasion items are banned
|rule|Evasion Moves Clause: Evasion moves are banned
|rule|Evasion Abilities Clause: Evasion abilities are banned
|rule|Sleep Moves Clause: Sleep-inducing moves are banned
|clearpoke
|poke|p1|Alomomola, M|
|poke|p1|Corviknight, M|
|poke|p1|Slowking-Galar, F|
|poke|p1|Lokix, F|
|poke|p1|Munkidori, M|
|poke|p1|Garganacl, F|
|poke|p2|Glimmora, F|
|poke|p2|Alomomola, F|
|poke|p2|Meowscarada, F|
|poke|p2|Corviknight, F|
|poke|p2|Great Tusk|
|poke|p2|Dragonite, F|
|teampreview
|
|t:|1776070040
|teamsize|p1|6
|teamsize|p2|6
|start
|switch|p1a: Slowking|Slowking-Galar, F|100/100
|switch|p2a: Meowscarada|Meowscarada, F, shiny|100/100
|turn|1
|
|t:|1776070056
|switch|p1a: Alomomola|Alomomola, M|100/100
|move|p2a: Meowscarada|Knock Off|p1a: Alomomola
|-start|p2a: Meowscarada|typechange|Dark|[from] ability: Protean
|-damage|p1a: Alomomola|65/100
|-damage|p2a: Meowscarada|84/100|[from] item: Rocky Helmet|[of] p1a: Alomomola
|-enditem|p1a: Alomomola|Rocky Helmet|[from] move: Knock Off|[of] p2a: Meowscarada
|
|upkeep
|turn|2
|
|t:|1776070069
|switch|p2a: Corviknight|Corviknight, F, shiny|100/100
|move|p1a: Alomomola|Wish|p1a: Alomomola
|
|upkeep
|turn|3
|
|t:|1776070074
|move|p1a: Alomomola|Scald|p2a: Corviknight
|-damage|p2a: Corviknight|90/100
|move|p2a: Corviknight|U-turn|p1a: Alomomola
|-damage|p1a: Alomomola|57/100
|
|t:|1776070082
|switch|p2a: Glimmora|Glimmora, F, shiny|100/100|[from] U-turn
|
|-heal|p1a: Alomomola|100/100|[from] move: Wish|[wisher] Alomomola
|upkeep
|turn|4
|
|t:|1776070088
|move|p2a: Glimmora|Mortal Spin|p1a: Alomomola
|-damage|p1a: Alomomola|98/100
|-status|p1a: Alomomola|psn
|move|p1a: Alomomola|Scald|p2a: Glimmora
|-supereffective|p2a: Glimmora
|-damage|p2a: Glimmora|62/100
|
|-damage|p1a: Alomomola|85/100 psn|[from] psn
|upkeep
|turn|5
|
|t:|1776070099
|switch|p2a: Alomomola|Alomomola, F, shiny|100/100
|move|p1a: Alomomola|Wish|p1a: Alomomola
|
|-damage|p1a: Alomomola|73/100 psn|[from] psn
|upkeep
|turn|6
|
|t:|1776070106
|move|p1a: Alomomola|Flip Turn|p2a: Alomomola
|-resisted|p2a: Alomomola
|-damage|p2a: Alomomola|97/100
|-damage|p1a: Alomomola|56/100 psn|[from] item: Rocky Helmet|[of] p2a: Alomomola
|
|t:|1776070112
|switch|p1a: Munkidori|Munkidori, M|100/100|[from] Flip Turn
|move|p2a: Alomomola|Wish|p2a: Alomomola
|
|upkeep
|turn|7
|
|t:|1776070118
|move|p1a: Munkidori|Fake Out|p2a: Alomomola
|-damage|p2a: Alomomola|92/100
|-damage|p1a: Munkidori|84/100|[from] item: Rocky Helmet|[of] p2a: Alomomola
|-status|p2a: Alomomola|tox|[from] ability: Toxic Chain|[of] p1a: Munkidori
|cant|p2a: Alomomola|flinch
|
|-heal|p2a: Alomomola|100/100 tox|[from] move: Wish|[wisher] Alomomola
|-damage|p2a: Alomomola|94/100 tox|[from] psn
|upkeep
|turn|8
|
|t:|1776070130
|move|p1a: Munkidori|Psychic Noise|p2a: Alomomola
|-damage|p2a: Alomomola|48/100 tox
|-start|p2a: Alomomola|move: Heal Block
|cant|p2a: Alomomola|move: Heal Block|Wish
|
|-damage|p2a: Alomomola|35/100 tox|[from] psn
|upkeep
|turn|9
|
|t:|1776070141
|switch|p2a: Meowscarada|Meowscarada, F, shiny|84/100
|move|p1a: Munkidori|U-turn|p2a: Meowscarada
|-supereffective|p2a: Meowscarada
|-damage|p2a: Meowscarada|2/100
|
|t:|1776070148
|switch|p1a: Lokix|Lokix, F|100/100|[from] U-turn
|
|upkeep
|turn|10
|
|t:|1776070158
|switch|p2a: Corviknight|Corviknight, F, shiny|90/100
|move|p1a: Lokix|First Impression|p2a: Corviknight
|-resisted|p2a: Corviknight
|-damage|p2a: Corviknight|66/100
|
|-heal|p2a: Corviknight|72/100|[from] item: Leftovers
|upkeep
|turn|11
|
|t:|1776070168
|switch|p1a: Alomomola|Alomomola, M|89/100 psn
|move|p2a: Corviknight|U-turn|p1a: Alomomola
|-damage|p1a: Alomomola|81/100 psn
|
|t:|1776070173
|switch|p2a: Dragonite|Dragonite, F|100/100|[from] U-turn
|
|-damage|p1a: Alomomola|69/100 psn|[from] psn
|upkeep
|turn|12
|
|t:|1776070180
|move|p2a: Dragonite|Draco Meteor|p1a: Alomomola|[miss]
|-miss|p2a: Dragonite|p1a: Alomomola
|move|p1a: Alomomola|Flip Turn|p2a: Dragonite
|-resisted|p2a: Dragonite
|-damage|p2a: Dragonite|97/100
|
|t:|1776070186
|switch|p1a: Munkidori|Munkidori, M|84/100|[from] Flip Turn
|
|upkeep
|turn|13
|
|t:|1776070192
|switch|p2a: Glimmora|Glimmora, F, shiny|62/100
|move|p1a: Munkidori|Fake Out|p2a: Glimmora
|-resisted|p2a: Glimmora
|-damage|p2a: Glimmora|57/100
|-activate|p2a: Glimmora|ability: Toxic Debris
|-sidestart|p1: luciuslemon|move: Toxic Spikes
|
|upkeep
|turn|14
|
|t:|1776070202
|switch|p2a: Alomomola|Alomomola, F, shiny|68/100 tox
|move|p1a: Munkidori|Psychic Noise|p2a: Alomomola
|-crit|p2a: Alomomola
|-damage|p2a: Alomomola|0 fnt
|faint|p2a: Alomomola
|
|upkeep
|
|t:|1776070209
|switch|p2a: Dragonite|Dragonite, F|97/100
|turn|15
|
|t:|1776070217
|-terastallize|p2a: Dragonite|Normal
|move|p1a: Munkidori|U-turn|p2a: Dragonite
|-damage|p2a: Dragonite|81/100
|
|t:|1776070222
|switch|p1a: Alomomola|Alomomola, M|100/100 psn|[from] U-turn
|move|p2a: Dragonite|Draco Meteor|p1a: Alomomola|[miss]
|-miss|p2a: Dragonite|p1a: Alomomola
|
|-damage|p1a: Alomomola|88/100 psn|[from] psn
|upkeep
|turn|16
|-message|aierfadeng forfeited.
|
|win|luciuslemon
|raw|luciuslemon's rating: 1183 &rarr; <strong>1212</strong><br />(+29 for winning)
|raw|aierfadeng's rating: 1233 &rarr; <strong>1204</strong><br />(-29 for losing)
|l|☆aierfadeng
|player|p2|
|l|☆luciuslemon
|player|p1|
