|html|<div class="broadcast-blue"><strong>[Gen 9] OU is currently suspecting Tera Blast! For information on how to participate check out the <a href="https://www.smogon.com/tools/suspects/view/200">suspect thread</a>.</strong></div>
|j|☆JangarRifin
|j|☆tbw114514
|t:|1776164230
|gametype|singles
|player|p1|JangarRifin|1|1465
|player|p2|tbw114514|170|1488
|gen|9
|tier|[Gen 9] OU
|rated|
|rule|HP Percentage Mod: HP is shown in percentages
|rule|Endless Battle Clause: Forcing endless battles is banned
|rule|Species Clause: Limit one of each Pokémon
|rule|OHKO Clause: OHKO moves are banned
|rule|Evasion Items Clause: Evasion items are banned
|rule|Evasion Moves Clause: Evasion moves are banned
|rule|Evasion Abilities Clause: Evasion abilities are banned
|rule|Sleep Moves Clause: Sleep-inducing moves are banned
|clearpoke
|poke|p1|Zamazenta-*|
|poke|p1|Dragapult, F|
|poke|p1|Lokix, F|
|poke|p1|Kyurem|
|poke|p1|Iron Moth|
|poke|p1|Great Tusk|
|poke|p2|Tyranitar, F|
|poke|p2|Heatran, F|
|poke|p2|Excadrill, M|
|poke|p2|Vileplume, F|
|poke|p2|Moltres|
|poke|p2|Iron Valiant|
|teampreview
|j| ohko_smeargle
|inactive|Battle timer is ON: inactive players will automatically lose when time's up. (requested by tbw114514)
|
|t:|1776164248
|teamsize|p1|6
|teamsize|p2|6
|start
|switch|p1a: Zamazenta|Zamazenta|100/100
|switch|p2a: 机娘老婆|Iron Valiant|100/100
|-ability|p1a: Zamazenta|Dauntless Shield|boost
|-boost|p1a: Zamazenta|def|1
|turn|1
|
|t:|1776164257
|switch|p1a: Iron Moth|Iron Moth|100/100
|-end|p2a: 机娘老婆|Quark Drive|[silent]
|switch|p2a: 大烧鸡罢|Moltres|100/100
|
|upkeep
|turn|2
|
|t:|1776164264
|switch|p2a: 肛炎巨受|Heatran, F|100/100
|move|p1a: Iron Moth|Discharge|p2a: 肛炎巨受
|-damage|p2a: 肛炎巨受|71/100
|
|-heal|p2a: 肛炎巨受|78/100|[from] item: Leftovers
|upkeep
|turn|3
|
|t:|1776164272
|-end|p1a: Iron Moth|Quark Drive|[silent]
|switch|p1a: Kyurem|Kyurem|100/100
|-ability|p1a: Kyurem|Pressure
|move|p2a: 肛炎巨受|Earth Power|p1a: Kyurem
|-damage|p1a: Kyurem|85/100
|
|-heal|p2a: 肛炎巨受|84/100|[from] item: Leftovers
|upkeep
|turn|4
|
|t:|1776164279
|switch|p2a: 大烧鸡罢|Moltres|100/100
|move|p1a: Kyurem|Freeze-Dry|p2a: 大烧鸡罢
|-damage|p2a: 大烧鸡罢|67/100
|
|upkeep
|turn|5
|
|t:|1776164285
|switch|p2a: 听话，让我看看|Tyranitar, F|100/100
|-weather|Sandstorm|[from] ability: Sand Stream|[of] p2a: 听话，让我看看
|move|p1a: Kyurem|Freeze-Dry|p2a: 听话，让我看看
|-damage|p2a: 听话，让我看看|77/100
|
|-weather|Sandstorm|[upkeep]
|-damage|p1a: Kyurem|79/100|[from] Sandstorm
|upkeep
|turn|6
|
|t:|1776164295
|switch|p1a: Great Tusk|Great Tusk|100/100
|move|p2a: 听话，让我看看|Ice Beam|p1a: Great Tusk
|-supereffective|p1a: Great Tusk
|-damage|p1a: Great Tusk|0 fnt
|faint|p1a: Great Tusk
|-end|p1a: Great Tusk|Protosynthesis|[silent]
|
|-weather|Sandstorm|[upkeep]
|upkeep
|
|t:|1776164300
|switch|p1a: Lokix|Lokix, F|100/100
|turn|7
|
|t:|1776164305
|switch|p1a: Zamazenta|Zamazenta|100/100
|switch|p2a: 大烧鸡罢|Moltres|67/100
|
|-weather|Sandstorm|[upkeep]
|-damage|p1a: Zamazenta|94/100|[from] Sandstorm
|-damage|p2a: 大烧鸡罢|61/100|[from] Sandstorm
|upkeep
|turn|8
|
|t:|1776164311
|switch|p2a: 机娘老婆|Iron Valiant|100/100
|move|p1a: Zamazenta|Stone Edge|p2a: 机娘老婆|[miss]
|-miss|p1a: Zamazenta|p2a: 机娘老婆
|
|-weather|Sandstorm|[upkeep]
|-damage|p1a: Zamazenta|88/100|[from] Sandstorm
|-damage|p2a: 机娘老婆|94/100|[from] Sandstorm
|upkeep
|turn|9
|
|t:|1776164323
|switch|p1a: Iron Moth|Iron Moth|100/100
|move|p2a: 机娘老婆|Knock Off|p1a: Iron Moth
|-damage|p1a: Iron Moth|20/100
|-enditem|p1a: Iron Moth|Choice Specs|[from] move: Knock Off|[of] p2a: 机娘老婆
|
|-weather|none
|upkeep
|turn|10
|
|t:|1776164332
|move|p2a: 机娘老婆|Knock Off|p1a: Iron Moth
|-damage|p1a: Iron Moth|0 fnt
|faint|p1a: Iron Moth
|-end|p1a: Iron Moth|Quark Drive|[silent]
|
|upkeep
|
|t:|1776164338
|switch|p1a: Zamazenta|Zamazenta|88/100
|turn|11
|
|t:|1776164343
|-end|p2a: 机娘老婆|Quark Drive|[silent]
|switch|p2a: 外翻玫瑰|Vileplume, F|100/100
|move|p1a: Zamazenta|Ice Fang|p2a: 外翻玫瑰
|-supereffective|p2a: 外翻玫瑰
|-damage|p2a: 外翻玫瑰|53/100
|-damage|p1a: Zamazenta|78/100|[from] item: Life Orb
|
|upkeep
|turn|12
|
|t:|1776164356
|switch|p1a: Kyurem|Kyurem|79/100
|-ability|p1a: Kyurem|Pressure
|move|p2a: 外翻玫瑰|Strength Sap|p1a: Kyurem
|-unboost|p1a: Kyurem|atk|1
|-heal|p2a: 外翻玫瑰|100/100
|
|upkeep
|turn|13
|
|t:|1776164362
|switch|p2a: 听话，让我看看|Tyranitar, F|77/100
|-weather|Sandstorm|[from] ability: Sand Stream|[of] p2a: 听话，让我看看
|move|p1a: Kyurem|Freeze-Dry|p2a: 听话，让我看看
|-damage|p2a: 听话，让我看看|54/100
|
|-weather|Sandstorm|[upkeep]
|-damage|p1a: Kyurem|73/100|[from] Sandstorm
|upkeep
|turn|14
|
|t:|1776164371
|move|p1a: Kyurem|Earth Power|p2a: 听话，让我看看
|-supereffective|p2a: 听话，让我看看
|-damage|p2a: 听话，让我看看|15/100
|move|p2a: 听话，让我看看|Power Gem|p1a: Kyurem
|-supereffective|p1a: Kyurem
|-damage|p1a: Kyurem|6/100
|
|-weather|Sandstorm|[upkeep]
|-damage|p1a: Kyurem|0 fnt|[from] Sandstorm
|faint|p1a: Kyurem
|upkeep
|
|t:|1776164377
|switch|p1a: Lokix|Lokix, F|100/100
|turn|15
|
|t:|1776164381
|switch|p2a: 大烧鸡罢|Moltres|61/100
|move|p1a: Lokix|U-turn|p2a: 大烧鸡罢
|-resisted|p2a: 大烧鸡罢
|-damage|p2a: 大烧鸡罢|44/100
|
|t:|1776164387
|switch|p1a: Dragapult|Dragapult, F|100/100|[from] U-turn
|
|-weather|Sandstorm|[upkeep]
|-damage|p1a: Dragapult|95/100|[from] Sandstorm
|-damage|p2a: 大烧鸡罢|38/100|[from] Sandstorm
|upkeep
|turn|16
|
|t:|1776164392
|move|p1a: Dragapult|Substitute|p1a: Dragapult
|-start|p1a: Dragapult|Substitute
|-damage|p1a: Dragapult|70/100
|move|p2a: 大烧鸡罢|Roost|p2a: 大烧鸡罢
|-heal|p2a: 大烧鸡罢|88/100
|-singleturn|p2a: 大烧鸡罢|move: Roost
|
|-weather|Sandstorm|[upkeep]
|-damage|p1a: Dragapult|64/100|[from] Sandstorm
|-damage|p2a: 大烧鸡罢|81/100|[from] Sandstorm
|upkeep
|turn|17
|
|t:|1776164396
|move|p1a: Dragapult|Dragon Dance|p1a: Dragapult
|-boost|p1a: Dragapult|atk|1
|-boost|p1a: Dragapult|spe|1
|move|p2a: 大烧鸡罢|Brave Bird|p1a: Dragapult
|-end|p1a: Dragapult|Substitute
|-damage|p2a: 大烧鸡罢|75/100|[from] Recoil|[of] p1a: Dragapult
|
|-weather|none
|upkeep
|turn|18
|
|t:|1776164401
|move|p1a: Dragapult|Dragon Darts|p2a: 大烧鸡罢
|-damage|p2a: 大烧鸡罢|49/100
|-anim|p1a: Dragapult|Dragon Darts|p2a: 大烧鸡罢
|-damage|p2a: 大烧鸡罢|21/100
|move|p2a: 大烧鸡罢|Brave Bird|p1a: Dragapult
|-damage|p1a: Dragapult|6/100
|-damage|p2a: 大烧鸡罢|6/100|[from] Recoil
|
|upkeep
|turn|19
|
|t:|1776164409
|move|p1a: Dragapult|U-turn|p2a: 大烧鸡罢
|-resisted|p2a: 大烧鸡罢
|-damage|p2a: 大烧鸡罢|0 fnt
|-status|p1a: Dragapult|brn|[from] ability: Flame Body|[of] p2a: 大烧鸡罢
|faint|p2a: 大烧鸡罢
|
|t:|1776164415
|switch|p1a: Lokix|Lokix, F|100/100|[from] U-turn
|
|upkeep
|
|t:|1776164421
|switch|p2a: 外翻玫瑰|Vileplume, F|100/100
|turn|20
|
|t:|1776164425
|-terastallize|p1a: Lokix|Bug
|move|p1a: Lokix|First Impression|p2a: 外翻玫瑰
|-damage|p2a: 外翻玫瑰|29/100
|move|p2a: 外翻玫瑰|Toxic|p1a: Lokix
|-status|p1a: Lokix|tox
|
|-damage|p1a: Lokix|94/100 tox|[from] psn
|upkeep
|turn|21
|
|t:|1776164433
|switch|p1a: Dragapult|Dragapult, F|6/100 brn
|move|p2a: 外翻玫瑰|Strength Sap|p1a: Dragapult
|-fail|p1a: Dragapult|unboost|[from] ability: Clear Body|[of] p1a: Dragapult
|-heal|p2a: 外翻玫瑰|100/100
|
|-damage|p1a: Dragapult|0 fnt|[from] brn
|faint|p1a: Dragapult
|upkeep
|
|t:|1776164439
|switch|p1a: Zamazenta|Zamazenta|78/100
|turn|22
|
|t:|1776164442
|move|p1a: Zamazenta|Ice Fang|p2a: 外翻玫瑰
|-supereffective|p2a: 外翻玫瑰
|-damage|p2a: 外翻玫瑰|54/100
|-status|p2a: 外翻玫瑰|frz
|-damage|p1a: Zamazenta|68/100|[from] item: Life Orb
|cant|p2a: 外翻玫瑰|frz
|
|upkeep
|turn|23
|
|t:|1776164450
|move|p1a: Zamazenta|Ice Fang|p2a: 外翻玫瑰
|-supereffective|p2a: 外翻玫瑰
|-damage|p2a: 外翻玫瑰|5/100 frz
|-damage|p1a: Zamazenta|59/100|[from] item: Life Orb
|cant|p2a: 外翻玫瑰|frz
|
|upkeep
|turn|24
|
|t:|1776164455
|move|p1a: Zamazenta|Crunch|p2a: 外翻玫瑰
|-damage|p2a: 外翻玫瑰|0 fnt
|-status|p1a: Zamazenta|slp|[from] ability: Effect Spore|[of] p2a: 外翻玫瑰
|faint|p2a: 外翻玫瑰
|-damage|p1a: Zamazenta|49/100 slp|[from] item: Life Orb
|
|upkeep
|
|t:|1776164460
|switch|p2a: 机娘老婆|Iron Valiant|94/100
|turn|25
|
|t:|1776164465
|cant|p1a: Zamazenta|slp
|move|p2a: 机娘老婆|Spirit Break|p1a: Zamazenta
|-supereffective|p1a: Zamazenta
|-damage|p1a: Zamazenta|0 fnt
|faint|p1a: Zamazenta
|
|upkeep
|
|t:|1776164468
|switch|p1a: Lokix|Lokix, F, tera:Bug|94/100 tox
|turn|26
|
|t:|1776164482
|move|p2a: 机娘老婆|Spirit Break|p1a: Lokix
|-damage|p1a: Lokix|11/100 tox
|-unboost|p1a: Lokix|spa|1
|move|p1a: Lokix|U-turn|p2a: 机娘老婆
|-resisted|p2a: 机娘老婆
|-damage|p2a: 机娘老婆|54/100
|
|-damage|p1a: Lokix|5/100 tox|[from] psn
|upkeep
|turn|27
|
|t:|1776164489
|move|p2a: 机娘老婆|Spirit Break|p1a: Lokix
|-crit|p1a: Lokix
|-damage|p1a: Lokix|0 fnt
|faint|p1a: Lokix
|
|win|tbw114514
|raw|JangarRifin's rating: 1465 &rarr; <strong>1446</strong><br />(-19 for losing)
|raw|tbw114514's rating: 1488 &rarr; <strong>1507</strong><br />(+19 for winning)
|l| ohko_smeargle
|l|☆JangarRifin
|player|p1|
