|html|<div class="broadcast-blue"><strong>[Gen 9] OU is currently suspecting Volcarona! For information on how to participate check out the <a href="https://www.smogon.com/tools/suspects/view/208">suspect thread</a>.</strong></div>
|j|☆alchrex
|j|☆without order
|t:|1778510464
|gametype|singles
|player|p1|alchrex|hilbert|1488
|player|p2|without order|erika|1395
|gen|9
|tier|[Gen 9] OU
|rated|
|rule|HP Percentage Mod: HP is shown in percentages
|rule|Endless Battle Clause: Forcing endless battles is banned
|rule|Species Clause: Limit one of each Pokémon
|rule|OHKO Clause: OHKO moves are banned
|rule|Evasion Items Clause: Evasion items are banned
|rule|Evasion Moves Clause: Evasion moves are banned
|rule|Evasion Abilities Clause: Evasion abilities are banned
|rule|Sleep Moves Clause: Sleep-inducing moves are banned
|clearpoke
|poke|p1|Ogerpon-Wellspring, F|
|poke|p1|Zapdos|
|poke|p1|Gholdengo|
|poke|p1|Raging Bolt|
|poke|p1|Gliscor, M|
|poke|p1|Great Tusk|
|poke|p2|Ninetales, F|
|poke|p2|Cresselia, F|
|poke|p2|Raging Bolt|
|poke|p2|Great Tusk|
|poke|p2|Walking Wake|
|poke|p2|Zarude|
|teampreview
|inactive|Battle timer is ON: inactive players will automatically lose when time's up. (requested by without order)
|
|t:|1778510481
|teamsize|p1|6
|teamsize|p2|6
|start
|switch|p1a: Raging Bolt|Raging Bolt|100/100
|switch|p2a: Amaterasu|Ninetales, F|100/100
|-weather|SunnyDay|[from] ability: Drought|[of] p2a: Amaterasu
|-activate|p1a: Raging Bolt|ability: Protosynthesis
|-start|p1a: Raging Bolt|protosynthesisspa
|turn|1
|
|t:|1778510490
|move|p2a: Amaterasu|Will-O-Wisp|p1a: Raging Bolt
|-status|p1a: Raging Bolt|brn
|move|p1a: Raging Bolt|Draco Meteor|p2a: Amaterasu
|-damage|p2a: Amaterasu|9/100
|-unboost|p1a: Raging Bolt|spa|2
|
|-weather|SunnyDay|[upkeep]
|-damage|p1a: Raging Bolt|94/100 brn|[from] brn
|upkeep
|turn|2
|
|t:|1778510498
|switch|p2a: Kaguya-hime|Cresselia, F|100/100
|move|p1a: Raging Bolt|Draco Meteor|p2a: Kaguya-hime
|-damage|p2a: Kaguya-hime|67/100
|-unboost|p1a: Raging Bolt|spa|2
|-enditem|p2a: Kaguya-hime|Eject Button
|
|t:|1778510504
|switch|p2a: Walking Wake|Walking Wake|100/100
|-activate|p2a: Walking Wake|ability: Protosynthesis
|-start|p2a: Walking Wake|protosynthesisspa
|
|-weather|SunnyDay|[upkeep]
|-damage|p1a: Raging Bolt|88/100 brn|[from] brn
|upkeep
|turn|3
|
|t:|1778510522
|-end|p1a: Raging Bolt|Protosynthesis|[silent]
|switch|p1a: Ogerpon|Ogerpon-Wellspring, F|100/100
|move|p2a: Walking Wake|Draco Meteor|p1a: Ogerpon
|-damage|p1a: Ogerpon|0 fnt
|-unboost|p2a: Walking Wake|spa|2
|faint|p1a: Ogerpon
|
|-weather|SunnyDay|[upkeep]
|upkeep
|
|t:|1778510525
|switch|p1a: Raging Bolt|Raging Bolt|88/100 brn
|-activate|p1a: Raging Bolt|ability: Protosynthesis
|-start|p1a: Raging Bolt|protosynthesisspa
|turn|4
|
|t:|1778510551
|-terastallize|p1a: Raging Bolt|Fairy
|move|p2a: Walking Wake|Draco Meteor|p1a: Raging Bolt
|-immune|p1a: Raging Bolt
|move|p1a: Raging Bolt|Draco Meteor|p2a: Walking Wake
|-supereffective|p2a: Walking Wake
|-damage|p2a: Walking Wake|0 fnt
|-unboost|p1a: Raging Bolt|spa|2
|faint|p2a: Walking Wake
|-end|p2a: Walking Wake|Protosynthesis|[silent]
|
|-weather|SunnyDay|[upkeep]
|-damage|p1a: Raging Bolt|82/100 brn|[from] brn
|upkeep
|
|t:|1778510572
|switch|p2a: Great Tusk|Great Tusk|100/100
|-activate|p2a: Great Tusk|ability: Protosynthesis
|-start|p2a: Great Tusk|protosynthesisspe
|turn|5
|
|t:|1778510580
|-end|p1a: Raging Bolt|Protosynthesis|[silent]
|switch|p1a: Zapdos|Zapdos|100/100
|move|p2a: Great Tusk|Stealth Rock|p1a: Zapdos
|-sidestart|p1: alchrex|move: Stealth Rock
|
|-weather|SunnyDay|[upkeep]
|upkeep
|turn|6
|
|t:|1778510587
|move|p2a: Great Tusk|Head Smash|p1a: Zapdos
|-supereffective|p1a: Zapdos
|-damage|p1a: Zapdos|36/100
|-damage|p2a: Great Tusk|71/100|[from] Recoil
|move|p1a: Zapdos|Hurricane|p2a: Great Tusk
|-supereffective|p2a: Great Tusk
|-damage|p2a: Great Tusk|0 fnt
|faint|p2a: Great Tusk
|-end|p2a: Great Tusk|Protosynthesis|[silent]
|
|-weather|SunnyDay|[upkeep]
|upkeep
|
|t:|1778510592
|switch|p2a: Raging Bolt|Raging Bolt|100/100
|-activate|p2a: Raging Bolt|ability: Protosynthesis
|-start|p2a: Raging Bolt|protosynthesisspa
|turn|7
|
|t:|1778510602
|move|p2a: Raging Bolt|Thunderclap||[still]
|-fail|p2a: Raging Bolt
|move|p1a: Zapdos|Roost|p1a: Zapdos
|-heal|p1a: Zapdos|86/100
|-singleturn|p1a: Zapdos|move: Roost
|
|-weather|SunnyDay|[upkeep]
|upkeep
|turn|8
|
|t:|1778510612
|move|p2a: Raging Bolt|Dragon Pulse|p1a: Zapdos
|-damage|p1a: Zapdos|0 fnt
|faint|p1a: Zapdos
|-damage|p2a: Raging Bolt|91/100|[from] item: Life Orb
|
|-weather|none
|-end|p2a: Raging Bolt|Protosynthesis
|upkeep
|
|t:|1778510620
|switch|p1a: Gliscor|Gliscor, M|100/100
|-damage|p1a: Gliscor|88/100|[from] Stealth Rock
|turn|9
|
|t:|1778510633
|-end|p2a: Raging Bolt|Protosynthesis|[silent]
|switch|p2a: Kaguya-hime|Cresselia, F|67/100
|move|p1a: Gliscor|Earthquake|p2a: Kaguya-hime
|-immune|p2a: Kaguya-hime|[from] ability: Levitate
|
|-status|p1a: Gliscor|tox|[from] item: Toxic Orb
|upkeep
|turn|10
|
|t:|1778510646
|move|p1a: Gliscor|Toxic|p2a: Kaguya-hime
|-status|p2a: Kaguya-hime|tox
|move|p2a: Kaguya-hime|Ice Beam|p1a: Gliscor
|-supereffective|p1a: Gliscor
|-damage|p1a: Gliscor|33/100 tox
|
|-heal|p1a: Gliscor|46/100 tox|[from] ability: Poison Heal
|-damage|p2a: Kaguya-hime|61/100 tox|[from] psn
|upkeep
|turn|11
|
|t:|1778510652
|switch|p2a: Amaterasu|Ninetales, F|9/100
|-weather|SunnyDay|[from] ability: Drought|[of] p2a: Amaterasu
|move|p1a: Gliscor|Protect||[still]
|-fail|p1a: Gliscor
|
|-weather|SunnyDay|[upkeep]
|-heal|p1a: Gliscor|58/100 tox|[from] ability: Poison Heal
|upkeep
|turn|12
|
|t:|1778510660
|switch|p2a: Kaguya-hime|Cresselia, F|61/100 tox
|move|p1a: Gliscor|Protect||[still]
|-fail|p1a: Gliscor
|
|-weather|SunnyDay|[upkeep]
|-heal|p1a: Gliscor|71/100 tox|[from] ability: Poison Heal
|-damage|p2a: Kaguya-hime|55/100 tox|[from] psn
|upkeep
|turn|13
|
|t:|1778510668
|move|p1a: Gliscor|Protect|p1a: Gliscor
|-singleturn|p1a: Gliscor|Protect
|move|p2a: Kaguya-hime|Ice Beam|p1a: Gliscor
|-activate|p1a: Gliscor|move: Protect
|
|-weather|SunnyDay|[upkeep]
|-heal|p1a: Gliscor|83/100 tox|[from] ability: Poison Heal
|-damage|p2a: Kaguya-hime|43/100 tox|[from] psn
|upkeep
|turn|14
|
|t:|1778510673
|switch|p1a: Gholdengo|Gholdengo|100/100
|-damage|p1a: Gholdengo|94/100|[from] Stealth Rock
|move|p2a: Kaguya-hime|Moonlight|p2a: Kaguya-hime
|-heal|p2a: Kaguya-hime|100/100 tox
|
|-weather|SunnyDay|[upkeep]
|-heal|p1a: Gholdengo|100/100|[from] item: Leftovers
|-damage|p2a: Kaguya-hime|82/100 tox|[from] psn
|upkeep
|turn|15
|
|t:|1778510681
|switch|p2a: Zarude|Zarude|100/100
|move|p1a: Gholdengo|Thunder Wave|p2a: Zarude
|-immune|p2a: Zarude|[from] ability: Leaf Guard
|
|-weather|SunnyDay|[upkeep]
|upkeep
|turn|16
|
|t:|1778510702
|switch|p1a: Raging Bolt|Raging Bolt, tera:Fairy|82/100 brn
|-activate|p1a: Raging Bolt|ability: Protosynthesis
|-start|p1a: Raging Bolt|protosynthesisspa
|move|p2a: Zarude|Knock Off|p1a: Raging Bolt
|-resisted|p1a: Raging Bolt
|-damage|p1a: Raging Bolt|61/100 brn
|-enditem|p1a: Raging Bolt|Heavy-Duty Boots|[from] move: Knock Off|[of] p2a: Zarude
|
|-weather|SunnyDay|[upkeep]
|-damage|p1a: Raging Bolt|55/100 brn|[from] brn
|upkeep
|turn|17
|
|t:|1778510714
|move|p2a: Zarude|Power Whip|p1a: Raging Bolt
|-damage|p1a: Raging Bolt|0 fnt
|faint|p1a: Raging Bolt
|-end|p1a: Raging Bolt|Protosynthesis|[silent]
|
|-weather|SunnyDay|[upkeep]
|upkeep
|
|t:|1778510720
|switch|p1a: Gliscor|Gliscor, M|83/100 tox
|-damage|p1a: Gliscor|71/100 tox|[from] Stealth Rock
|turn|18
|
|t:|1778510730
|move|p2a: Zarude|Swords Dance|p2a: Zarude
|-boost|p2a: Zarude|atk|2
|move|p1a: Gliscor|Spikes|p2a: Zarude
|-sidestart|p2: without order|Spikes
|
|-weather|none
|-heal|p1a: Gliscor|83/100 tox|[from] ability: Poison Heal
|upkeep
|turn|19
|
|t:|1778510759
|move|p2a: Zarude|Power Whip|p1a: Gliscor
|-damage|p1a: Gliscor|0 fnt
|faint|p1a: Gliscor
|
|upkeep
|
|t:|1778510767
|switch|p1a: Great Tusk|Great Tusk|100/100
|-damage|p1a: Great Tusk|98/100|[from] Stealth Rock
|turn|20
|c|☆without order|zarude finally doin something
|
|t:|1778510775
|move|p2a: Zarude|Power Whip|p1a: Great Tusk
|-supereffective|p1a: Great Tusk
|-damage|p1a: Great Tusk|0 fnt
|-damage|p2a: Zarude|84/100|[from] item: Rocky Helmet|[of] p1a: Great Tusk
|faint|p1a: Great Tusk
|-end|p1a: Great Tusk|Protosynthesis|[silent]
|
|-heal|p2a: Zarude|90/100|[from] item: Leftovers
|upkeep
|-message|alchrex forfeited.
|
|win|without order
|raw|alchrex's rating: 1488 &rarr; <strong>1463</strong><br />(-25 for losing)
|raw|without order's rating: 1395 &rarr; <strong>1420</strong><br />(+25 for winning)
|l|☆alchrex
|player|p1|
|c|☆without order|gg
|l|☆without order
|player|p2|
