|html|<div class="broadcast-blue"><strong>[Gen 9] OU is currently suspecting Tera Blast! For information on how to participate check out the <a href="https://www.smogon.com/tools/suspects/view/200">suspect thread</a>.</strong></div>
|j|☆tri644
|j|☆Fzzy1
|t:|1776078221
|gametype|singles
|player|p1|tri644|schoolkidf-gen4|1196
|player|p2|Fzzy1|pokemaniac|1197
|gen|9
|tier|[Gen 9] OU
|rated|
|rule|HP Percentage Mod: HP is shown in percentages
|rule|Endless Battle Clause: Forcing endless battles is banned
|rule|Species Clause: Limit one of each Pokémon
|rule|OHKO Clause: OHKO moves are banned
|rule|Evasion Items Clause: Evasion items are banned
|rule|Evasion Moves Clause: Evasion moves are banned
|rule|Evasion Abilities Clause: Evasion abilities are banned
|rule|Sleep Moves Clause: Sleep-inducing moves are banned
|clearpoke
|poke|p1|Weavile, F|
|poke|p1|Ninetales-Alola, F|
|poke|p1|Kleavor, M|
|poke|p1|Sandy Shocks|
|poke|p1|Slowbro-Galar, M|
|poke|p1|Zoroark-Hisui, F|
|poke|p2|Crawdaunt, M|
|poke|p2|Slowking-Galar, M|
|poke|p2|Ursaluna, M|
|poke|p2|Hydrapple, M|
|poke|p2|Corviknight, M|
|poke|p2|Cinderace, M|
|teampreview
|
|t:|1776078235
|teamsize|p1|6
|teamsize|p2|6
|start
|switch|p1a: Nagatora|Weavile, F|100/100
|switch|p2a: Corviknight|Corviknight, M|100/100
|turn|1
|
|t:|1776078259
|move|p1a: Nagatora|Taunt|p2a: Corviknight
|-start|p2a: Corviknight|move: Taunt
|move|p2a: Corviknight|Heavy Slam|p1a: Nagatora
|-supereffective|p1a: Nagatora
|-damage|p1a: Nagatora|25/100
|
|upkeep
|turn|2
|
|t:|1776078266
|move|p1a: Nagatora|Beat Up|p2a: Corviknight
|-damage|p2a: Corviknight|94/100
|-damage|p2a: Corviknight|90/100
|-damage|p2a: Corviknight|86/100
|-damage|p2a: Corviknight|80/100
|-damage|p2a: Corviknight|75/100
|-damage|p2a: Corviknight|70/100
|-hitcount|p2a: Corviknight|6
|move|p2a: Corviknight|Body Press|p1a: Nagatora
|-supereffective|p1a: Nagatora
|-damage|p1a: Nagatora|0 fnt
|faint|p1a: Nagatora
|
|upkeep
|
|t:|1776078276
|switch|p1a: American School|Slowbro-Galar, M, shiny|100/100
|turn|3
|
|t:|1776078292
|switch|p2a: Cinderace|Cinderace, M, shiny|100/100
|move|p1a: American School|Flamethrower|p2a: Cinderace
|-resisted|p2a: Cinderace
|-damage|p2a: Cinderace|85/100
|
|upkeep
|turn|4
|-activate|p1a: American School|ability: Quick Draw
|
|t:|1776078306
|-terastallize|p1a: American School|Ground
|move|p1a: American School|Earthquake|p2a: Cinderace
|-supereffective|p2a: Cinderace
|-damage|p2a: Cinderace|0 fnt
|faint|p2a: Cinderace
|
|upkeep
|
|t:|1776078315
|switch|p2a: Hydrapple|Hydrapple, M|100/100
|turn|5
|
|t:|1776078318
|move|p2a: Hydrapple|Giga Drain|p1a: American School
|-supereffective|p1a: American School
|-damage|p1a: American School|43/100
|move|p1a: American School|Ice Beam|p2a: Hydrapple
|-supereffective|p2a: Hydrapple
|-damage|p2a: Hydrapple|46/100
|
|upkeep
|turn|6
|-activate|p1a: American School|ability: Quick Draw
|
|t:|1776078323
|move|p1a: American School|Ice Beam|p2a: Hydrapple
|-supereffective|p2a: Hydrapple
|-damage|p2a: Hydrapple|0 fnt
|faint|p2a: Hydrapple
|
|upkeep
|
|t:|1776078330
|switch|p2a: Crawdaunt|Crawdaunt, M|100/100
|turn|7
|
|t:|1776078336
|move|p2a: Crawdaunt|Crabhammer|p1a: American School
|-supereffective|p1a: American School
|-damage|p1a: American School|0 fnt
|faint|p1a: American School
|-damage|p2a: Crawdaunt|90/100|[from] item: Life Orb
|
|upkeep
|
|t:|1776078341
|switch|p1a: Sia|Ninetales-Alola, F|100/100
|-weather|Snowscape|[from] ability: Snow Warning|[of] p1a: Sia
|turn|8
|
|t:|1776078344
|switch|p2a: Slowking|Slowking-Galar, M, shiny|100/100
|move|p1a: Sia|Aurora Veil|p1a: Sia
|-sidestart|p1: tri644|move: Aurora Veil
|
|-weather|Snowscape|[upkeep]
|upkeep
|turn|9
|
|t:|1776078383
|switch|p1a: Wacky|Kleavor, M|100/100
|move|p2a: Slowking|Trick Room|p2a: Slowking
|-fieldstart|move: Trick Room|[of] p2a: Slowking
|
|-weather|Snowscape|[upkeep]
|upkeep
|turn|10
|
|t:|1776078392
|-prepare|p2a: Slowking|Chilly Reception|[premajor]
|move|p2a: Slowking|Chilly Reception|p2a: Slowking
|
|t:|1776078402
|switch|p2a: Ursaluna|Ursaluna, M|100/100|[from] Chilly Reception
|move|p1a: Wacky|Stone Axe|p2a: Ursaluna|[miss]
|-miss|p1a: Wacky|p2a: Ursaluna
|
|-weather|Snowscape|[upkeep]
|-status|p2a: Ursaluna|brn|[from] item: Flame Orb
|upkeep
|turn|11
|-message|tri644 forfeited.
|
|win|Fzzy1
|raw|tri644's rating: 1196 &rarr; <strong>1171</strong><br />(-25 for losing)
|raw|Fzzy1's rating: 1197 &rarr; <strong>1222</strong><br />(+25 for winning)
|l|☆tri644
|player|p1|
|l|☆Fzzy1
|player|p2|
