|html|<div class="broadcast-blue"><strong>[Gen 9] OU is currently suspecting Tera Blast! For information on how to participate check out the <a href="https://www.smogon.com/tools/suspects/view/200">suspect thread</a>.</strong></div>
|j|☆ufayy
|j|☆Silence sound
|t:|1776074209
|gametype|singles
|player|p1|ufayy|1|1152
|player|p2|Silence sound|clair|1178
|gen|9
|tier|[Gen 9] OU
|rated|
|rule|HP Percentage Mod: HP is shown in percentages
|rule|Endless Battle Clause: Forcing endless battles is banned
|rule|Species Clause: Limit one of each Pokémon
|rule|OHKO Clause: OHKO moves are banned
|rule|Evasion Items Clause: Evasion items are banned
|rule|Evasion Moves Clause: Evasion moves are banned
|rule|Evasion Abilities Clause: Evasion abilities are banned
|rule|Sleep Moves Clause: Sleep-inducing moves are banned
|clearpoke
|poke|p1|Brute Bonnet|
|poke|p1|Ceruledge, F|
|poke|p1|Gliscor, F|
|poke|p1|Hatterene, F|
|poke|p1|Rotom-Wash|
|poke|p1|Slither Wing|
|poke|p2|Kyurem|
|poke|p2|Cinderace, M|
|poke|p2|Tornadus-Therian, M|
|poke|p2|Hatterene, F|
|poke|p2|Great Tusk|
|poke|p2|Kingambit, F|
|teampreview
|
|t:|1776074228
|teamsize|p1|6
|teamsize|p2|6
|start
|switch|p1a: Hatterene|Hatterene, F|100/100
|switch|p2a: Cinderace|Cinderace, M|100/100
|turn|1
|
|t:|1776074236
|move|p2a: Cinderace|Gunk Shot|p1a: Hatterene
|-start|p2a: Cinderace|typechange|Poison|[from] ability: Libero
|-supereffective|p1a: Hatterene
|-damage|p1a: Hatterene|0 fnt
|faint|p1a: Hatterene
|
|upkeep
|inactive|Battle timer is ON: inactive players will automatically lose when time's up. (requested by Silence sound)
|
|t:|1776074276
|switch|p1a: Gliscor|Gliscor, F|100/100
|turn|2
|
|t:|1776074282
|move|p2a: Cinderace|Will-O-Wisp|p1a: Gliscor|[miss]
|-miss|p2a: Cinderace|p1a: Gliscor
|move|p1a: Gliscor|Swords Dance|p1a: Gliscor
|-boost|p1a: Gliscor|atk|2
|
|-status|p1a: Gliscor|tox|[from] item: Toxic Orb
|upkeep
|turn|3
|
|t:|1776074301
|switch|p2a: Great Tusk|Great Tusk|100/100
|move|p1a: Gliscor|Swords Dance|p1a: Gliscor
|-boost|p1a: Gliscor|atk|2
|
|upkeep
|turn|4
|
|t:|1776074311
|move|p2a: Great Tusk|Ice Spinner|p1a: Gliscor
|-supereffective|p1a: Gliscor
|-damage|p1a: Gliscor|28/100 tox
|move|p1a: Gliscor|Dual Wingbeat|p2a: Great Tusk
|-supereffective|p2a: Great Tusk
|-damage|p2a: Great Tusk|37/100
|-damage|p1a: Gliscor|11/100 tox|[from] item: Rocky Helmet|[of] p2a: Great Tusk
|-supereffective|p2a: Great Tusk
|-damage|p2a: Great Tusk|0 fnt
|-damage|p1a: Gliscor|0 fnt|[from] item: Rocky Helmet|[of] p2a: Great Tusk
|faint|p2a: Great Tusk
|-end|p2a: Great Tusk|Protosynthesis|[silent]
|faint|p1a: Gliscor
|-hitcount|p2: Great Tusk|2
|
|upkeep
|
|t:|1776074333
|switch|p2a: Kyurem|Kyurem, shiny|100/100
|switch|p1a: Slither Wing|Slither Wing|100/100
|-ability|p2a: Kyurem|Pressure
|-enditem|p1a: Slither Wing|Booster Energy
|-activate|p1a: Slither Wing|ability: Protosynthesis|[fromitem]
|-start|p1a: Slither Wing|protosynthesisatk
|turn|5
|inactive|Silence sound has 120 seconds left.
|
|t:|1776074352
|-terastallize|p2a: Kyurem|Fairy
|move|p2a: Kyurem|Draco Meteor|p1a: Slither Wing
|-damage|p1a: Slither Wing|0 fnt
|-unboost|p2a: Kyurem|spa|2
|faint|p1a: Slither Wing
|-end|p1a: Slither Wing|Protosynthesis|[silent]
|
|upkeep
|inactive|ufayy has 120 seconds left.
|
|t:|1776074374
|switch|p1a: Rotom|Rotom-Wash|100/100
|turn|6
|
|t:|1776074378
|switch|p2a: Tornadus|Tornadus-Therian, M|100/100
|move|p1a: Rotom|Hydro Pump|p2a: Tornadus
|-damage|p2a: Tornadus|67/100
|
|upkeep
|turn|7
|
|t:|1776074385
|move|p2a: Tornadus|Knock Off|p1a: Rotom
|-damage|p1a: Rotom|74/100
|-enditem|p1a: Rotom|Leftovers|[from] move: Knock Off|[of] p2a: Tornadus
|move|p1a: Rotom|Thunderbolt|p2a: Tornadus
|-supereffective|p2a: Tornadus
|-damage|p2a: Tornadus|13/100
|
|upkeep
|turn|8
|
|t:|1776074394
|switch|p2a: Hatterene|Hatterene, F|100/100
|move|p1a: Rotom|Thunderbolt|p2a: Hatterene
|-damage|p2a: Hatterene|56/100
|
|-heal|p2a: Hatterene|62/100|[from] item: Leftovers
|upkeep
|turn|9
|
|t:|1776074402
|move|p1a: Rotom|Volt Switch|p2a: Hatterene
|-damage|p2a: Hatterene|25/100
|
|t:|1776074405
|switch|p1a: Ceruledge|Ceruledge, F|100/100|[from] Volt Switch
|move|p2a: Hatterene|Draining Kiss|p1a: Ceruledge
|-resisted|p1a: Ceruledge
|-damage|p1a: Ceruledge|89/100
|-heal|p2a: Hatterene|33/100|[from] drain|[of] p1a: Ceruledge
|
|-heal|p2a: Hatterene|39/100|[from] item: Leftovers
|upkeep
|turn|10
|
|t:|1776074419
|move|p1a: Ceruledge|Shadow Sneak|p2a: Hatterene
|-supereffective|p2a: Hatterene
|-damage|p2a: Hatterene|0 fnt
|faint|p2a: Hatterene
|-damage|p1a: Ceruledge|79/100|[from] item: Life Orb
|
|upkeep
|
|t:|1776074438
|switch|p2a: Kingambit|Kingambit, F|100/100
|-activate|p2a: Kingambit|ability: Supreme Overlord
|-start|p2a: Kingambit|fallen2|[silent]
|turn|11
|
|t:|1776074444
|move|p1a: Ceruledge|Bitter Blade|p2a: Kingambit
|-supereffective|p2a: Kingambit
|-damage|p2a: Kingambit|7/100
|-heal|p1a: Ceruledge|100/100|[from] drain|[of] p2a: Kingambit
|-damage|p1a: Ceruledge|91/100|[from] item: Life Orb
|move|p2a: Kingambit|Kowtow Cleave|p1a: Ceruledge
|-supereffective|p1a: Ceruledge
|-damage|p1a: Ceruledge|0 fnt
|faint|p1a: Ceruledge
|
|-heal|p2a: Kingambit|13/100|[from] item: Leftovers
|upkeep
|
|t:|1776074450
|switch|p1a: Rotom|Rotom-Wash|74/100
|turn|12
|
|t:|1776074454
|move|p2a: Kingambit|Sucker Punch|p1a: Rotom
|-damage|p1a: Rotom|6/100
|move|p1a: Rotom|Thunderbolt|p2a: Kingambit
|-damage|p2a: Kingambit|0 fnt
|faint|p2a: Kingambit
|-end|p2a: Kingambit|fallen2|[silent]
|
|upkeep
|
|t:|1776074458
|switch|p2a: Tornadus|Tornadus-Therian, M|46/100
|turn|13
|
|t:|1776074462
|move|p2a: Tornadus|U-turn|p1a: Rotom
|-damage|p1a: Rotom|0 fnt
|faint|p1a: Rotom
|
|t:|1776074465
|switch|p2a: Kyurem|Kyurem, shiny, tera:Fairy|100/100|[from] U-turn
|-ability|p2a: Kyurem|Pressure
|
|upkeep
|
|t:|1776074471
|switch|p1a: Brute Bonnet|Brute Bonnet|100/100
|-enditem|p1a: Brute Bonnet|Booster Energy
|-activate|p1a: Brute Bonnet|ability: Protosynthesis|[fromitem]
|-start|p1a: Brute Bonnet|protosynthesisatk
|turn|14
|
|t:|1776074481
|-terastallize|p1a: Brute Bonnet|Grass
|move|p2a: Kyurem|Ice Beam|p1a: Brute Bonnet
|-supereffective|p1a: Brute Bonnet
|-damage|p1a: Brute Bonnet|0 fnt
|faint|p1a: Brute Bonnet
|-end|p1a: Brute Bonnet|Protosynthesis|[silent]
|
|win|Silence sound
|raw|ufayy's rating: 1152 &rarr; <strong>1129</strong><br />(-23 for losing)
|raw|Silence sound's rating: 1178 &rarr; <strong>1201</strong><br />(+23 for winning)
|c|☆Silence sound|gg
|c|☆ufayy|reported
|l|☆ufayy
|player|p1|
