|html|<div class="broadcast-blue"><strong>[Gen 9] OU is currently suspecting Tera Blast! For information on how to participate check out the <a href="https://www.smogon.com/tools/suspects/view/200">suspect thread</a>.</strong></div>
|j|☆Luceo
|j|☆no ratings
|t:|1776032777
|gametype|singles
|player|p1|Luceo|cynthia-masters4|1521
|player|p2|no ratings|policeman-gen4|1571
|gen|9
|tier|[Gen 9] OU
|rated|
|rule|HP Percentage Mod: HP is shown in percentages
|rule|Endless Battle Clause: Forcing endless battles is banned
|rule|Species Clause: Limit one of each Pokémon
|rule|OHKO Clause: OHKO moves are banned
|rule|Evasion Items Clause: Evasion items are banned
|rule|Evasion Moves Clause: Evasion moves are banned
|rule|Evasion Abilities Clause: Evasion abilities are banned
|rule|Sleep Moves Clause: Sleep-inducing moves are banned
|clearpoke
|poke|p1|Iron Moth|
|poke|p1|Enamorus, F|
|poke|p1|Samurott-Hisui, F|
|poke|p1|Scizor, F|
|poke|p1|Dragonite, M|
|poke|p1|Ceruledge, M|
|poke|p2|Palossand, F|
|poke|p2|Kyurem|
|poke|p2|Slowking-Galar, M|
|poke|p2|Tornadus-Therian, M|
|poke|p2|Mandibuzz, F|
|poke|p2|Cinderace, M|
|teampreview
|inactive|Battle timer is ON: inactive players will automatically lose when time's up. (requested by Luceo)
|j| ohko_smeargle
|
|t:|1776032804
|teamsize|p1|6
|teamsize|p2|6
|start
|switch|p1a: Samurott|Samurott-Hisui, F|100/100
|switch|p2a: Cinderace|Cinderace, M|100/100
|turn|1
|
|t:|1776032809
|move|p2a: Cinderace|U-turn|p1a: Samurott
|-supereffective|p1a: Samurott
|-damage|p1a: Samurott|56/100
|
|t:|1776032814
|switch|p2a: Mandibuzz|Mandibuzz, F|100/100|[from] U-turn
|move|p1a: Samurott|Razor Shell|p2a: Mandibuzz
|-damage|p2a: Mandibuzz|68/100
|-unboost|p2a: Mandibuzz|def|1
|
|upkeep
|turn|2
|
|t:|1776032826
|move|p1a: Samurott|Ceaseless Edge|p2a: Mandibuzz
|-resisted|p2a: Mandibuzz
|-damage|p2a: Mandibuzz|48/100
|-sidestart|p2: no ratings|Spikes
|move|p2a: Mandibuzz|U-turn|p1a: Samurott
|-supereffective|p1a: Samurott
|-crit|p1a: Samurott
|-damage|p1a: Samurott|20/100
|
|t:|1776032830
|switch|p2a: Tornadus|Tornadus-Therian, M|100/100|[from] U-turn
|
|upkeep
|turn|3
|
|t:|1776032834
|move|p1a: Samurott|Sucker Punch|p2a: Tornadus
|-damage|p2a: Tornadus|52/100
|move|p2a: Tornadus|Bleakwind Storm|p1a: Samurott
|-damage|p1a: Samurott|0 fnt
|faint|p1a: Samurott
|-damage|p2a: Tornadus|43/100|[from] item: Life Orb
|
|upkeep
|
|t:|1776032844
|switch|p1a: Iron Moth|Iron Moth|100/100
|-enditem|p1a: Iron Moth|Booster Energy
|-activate|p1a: Iron Moth|ability: Quark Drive|[fromitem]
|-start|p1a: Iron Moth|quarkdrivespe
|turn|4
|
|t:|1776032859
|switch|p2a: Slowking|Slowking-Galar, M|100/100
|move|p1a: Iron Moth|Fiery Dance|p2a: Slowking
|-damage|p2a: Slowking|77/100
|-boost|p1a: Iron Moth|spa|1
|
|upkeep
|turn|5
|
|t:|1776032865
|move|p1a: Iron Moth|Substitute|p1a: Iron Moth
|-start|p1a: Iron Moth|Substitute
|-damage|p1a: Iron Moth|76/100
|move|p2a: Slowking|Future Sight|p1a: Iron Moth
|-start|p2a: Slowking|move: Future Sight
|
|upkeep
|turn|6
|
|t:|1776032869
|move|p1a: Iron Moth|Fiery Dance|p2a: Slowking
|-damage|p2a: Slowking|41/100
|-boost|p1a: Iron Moth|spa|1
|move|p2a: Slowking|Sludge Bomb|p1a: Iron Moth
|-resisted|p1a: Iron Moth
|-activate|p1a: Iron Moth|move: Substitute|[damage]
|
|upkeep
|turn|7
|
|t:|1776032880
|move|p1a: Iron Moth|Fiery Dance|p2a: Slowking
|-damage|p2a: Slowking|0 fnt
|faint|p2a: Slowking
|
|-end|p1a: Iron Moth|move: Future Sight
|-supereffective|p1a: Iron Moth
|-end|p1a: Iron Moth|Substitute
|upkeep
|
|t:|1776032885
|switch|p2a: Kyurem|Kyurem|100/100
|-damage|p2a: Kyurem|88/100|[from] Spikes
|-ability|p2a: Kyurem|Pressure
|turn|8
|
|t:|1776032892
|move|p2a: Kyurem|Protect|p2a: Kyurem
|-singleturn|p2a: Kyurem|Protect
|move|p1a: Iron Moth|Dazzling Gleam|p2a: Kyurem
|-activate|p2a: Kyurem|move: Protect
|
|-heal|p2a: Kyurem|94/100|[from] item: Leftovers
|upkeep
|turn|9
|
|t:|1776032914
|-terastallize|p2a: Kyurem|Ground
|move|p1a: Iron Moth|Substitute|p1a: Iron Moth
|-start|p1a: Iron Moth|Substitute
|-damage|p1a: Iron Moth|51/100
|move|p2a: Kyurem|Earth Power|p1a: Iron Moth
|-supereffective|p1a: Iron Moth
|-end|p1a: Iron Moth|Substitute
|
|-heal|p2a: Kyurem|100/100|[from] item: Leftovers
|upkeep
|turn|10
|
|t:|1776032932
|move|p1a: Iron Moth|Fiery Dance|p2a: Kyurem
|-damage|p2a: Kyurem|29/100
|move|p2a: Kyurem|Earth Power|p1a: Iron Moth
|-supereffective|p1a: Iron Moth
|-damage|p1a: Iron Moth|0 fnt
|faint|p1a: Iron Moth
|-end|p1a: Iron Moth|Quark Drive|[silent]
|
|-heal|p2a: Kyurem|35/100|[from] item: Leftovers
|upkeep
|
|t:|1776032948
|switch|p1a: Enamorus|Enamorus, F|100/100
|turn|11
|
|t:|1776032961
|move|p2a: Kyurem|Protect|p2a: Kyurem
|-singleturn|p2a: Kyurem|Protect
|move|p1a: Enamorus|Superpower|p2a: Kyurem
|-activate|p2a: Kyurem|move: Protect
|
|-heal|p2a: Kyurem|42/100|[from] item: Leftovers
|upkeep
|turn|12
|inactive|Luceo has 120 seconds left.
|
|t:|1776032979
|switch|p2a: Palossand|Palossand, F|100/100
|move|p1a: Enamorus|Superpower|p2a: Palossand
|-immune|p2a: Palossand
|
|upkeep
|turn|13
|
|t:|1776032986
|move|p1a: Enamorus|Taunt|p2a: Palossand
|-start|p2a: Palossand|move: Taunt
|cant|p2a: Palossand|move: Taunt|Stealth Rock
|
|upkeep
|turn|14
|
|t:|1776033001
|move|p1a: Enamorus|Play Rough|p2a: Palossand
|-damage|p2a: Palossand|74/100
|move|p2a: Palossand|Shadow Ball|p1a: Enamorus
|-damage|p1a: Enamorus|60/100
|
|upkeep
|turn|15
|
|t:|1776033008
|switch|p1a: Scizor|Scizor, F|100/100
|move|p2a: Palossand|Shadow Ball|p1a: Scizor
|-damage|p1a: Scizor|68/100
|-unboost|p1a: Scizor|spd|1
|
|-end|p2a: Palossand|move: Taunt
|upkeep
|turn|16
|
|t:|1776033019
|move|p1a: Scizor|Swords Dance|p1a: Scizor
|-boost|p1a: Scizor|atk|2
|move|p2a: Palossand|Shore Up|p2a: Palossand
|-heal|p2a: Palossand|100/100
|
|upkeep
|turn|17
|
|t:|1776033022
|move|p1a: Scizor|Knock Off|p2a: Palossand
|-supereffective|p2a: Palossand
|-damage|p2a: Palossand|2/100
|-enditem|p2a: Palossand|Heavy-Duty Boots|[from] move: Knock Off|[of] p1a: Scizor
|move|p2a: Palossand|Scorching Sands|p1a: Scizor
|-damage|p1a: Scizor|23/100
|-enditem|p1a: Scizor|Sitrus Berry|[eat]
|-heal|p1a: Scizor|48/100|[from] item: Sitrus Berry
|
|upkeep
|turn|18
|
|t:|1776033036
|move|p1a: Scizor|Knock Off|p2a: Palossand
|-supereffective|p2a: Palossand
|-damage|p2a: Palossand|0 fnt
|faint|p2a: Palossand
|
|upkeep
|
|t:|1776033044
|switch|p2a: Cinderace|Cinderace, M|100/100
|turn|19
|
|t:|1776033052
|switch|p1a: DIDDIBOP|Ceruledge, M, shiny|100/100
|move|p2a: Cinderace|Pyro Ball|p1a: DIDDIBOP
|-resisted|p1a: DIDDIBOP
|-damage|p1a: DIDDIBOP|72/100
|-ability|p1a: DIDDIBOP|Weak Armor|boost
|-unboost|p1a: DIDDIBOP|def|1
|-boost|p1a: DIDDIBOP|spe|2
|
|upkeep
|turn|20
|
|t:|1776033079
|move|p1a: DIDDIBOP|Poltergeist|p2a: Cinderace
|-activate|p2a: Cinderace|move: Poltergeist|Heavy-Duty Boots
|-damage|p2a: Cinderace|31/100
|move|p2a: Cinderace|Pyro Ball|p1a: DIDDIBOP
|-resisted|p1a: DIDDIBOP
|-damage|p1a: DIDDIBOP|3/100
|-ability|p1a: DIDDIBOP|Weak Armor|boost
|-unboost|p1a: DIDDIBOP|def|1
|-boost|p1a: DIDDIBOP|spe|2
|
|upkeep
|turn|21
|inactive|Luceo has 120 seconds left.
|inactive|no ratings has 120 seconds left.
|
|t:|1776033124
|move|p1a: DIDDIBOP|Shadow Sneak|p2a: Cinderace
|-damage|p2a: Cinderace|5/100
|move|p2a: Cinderace|Pyro Ball|p1a: DIDDIBOP
|-resisted|p1a: DIDDIBOP
|-damage|p1a: DIDDIBOP|0 fnt
|faint|p1a: DIDDIBOP
|
|upkeep
|
|t:|1776033131
|switch|p1a: Scizor|Scizor, F|48/100
|turn|22
|
|t:|1776033138
|move|p1a: Scizor|Bullet Punch|p2a: Cinderace
|-resisted|p2a: Cinderace
|-damage|p2a: Cinderace|0 fnt
|faint|p2a: Cinderace
|
|upkeep
|
|t:|1776033139
|switch|p2a: Mandibuzz|Mandibuzz, F|48/100
|turn|23
|inactive|Luceo has 120 seconds left.
|
|t:|1776033157
|switch|p1a: Enamorus|Enamorus, F|60/100
|move|p2a: Mandibuzz|Roost|p2a: Mandibuzz
|-heal|p2a: Mandibuzz|98/100
|-singleturn|p2a: Mandibuzz|move: Roost
|
|upkeep
|turn|24
|inactive|Luceo has 120 seconds left.
|
|t:|1776033173
|move|p1a: Enamorus|Superpower|p2a: Mandibuzz
|-damage|p2a: Mandibuzz|76/100
|-boost|p1a: Enamorus|atk|1
|-boost|p1a: Enamorus|def|1
|move|p2a: Mandibuzz|U-turn|p1a: Enamorus
|-resisted|p1a: Enamorus
|-damage|p1a: Enamorus|57/100
|
|t:|1776033176
|switch|p2a: Tornadus|Tornadus-Therian, M|76/100|[from] U-turn
|
|upkeep
|turn|25
|
|t:|1776033181
|move|p1a: Enamorus|Endure|p1a: Enamorus
|-singleturn|p1a: Enamorus|move: Endure
|move|p2a: Tornadus|Heat Wave|p1a: Enamorus
|-activate|p1a: Enamorus|move: Endure
|-damage|p1a: Enamorus|1/100
|-enditem|p1a: Enamorus|Salac Berry|[eat]
|-unboost|p1a: Enamorus|spe|1|[from] item: Salac Berry
|-damage|p2a: Tornadus|66/100|[from] item: Life Orb
|
|upkeep
|turn|26
|
|t:|1776033188
|move|p2a: Tornadus|Grass Knot|p1a: Enamorus
|-resisted|p1a: Enamorus
|-damage|p1a: Enamorus|0 fnt
|faint|p1a: Enamorus
|-damage|p2a: Tornadus|56/100|[from] item: Life Orb
|
|upkeep
|
|t:|1776033201
|switch|p1a: Dragonite|Dragonite, M|100/100
|turn|27
|
|t:|1776033217
|move|p2a: Tornadus|Bleakwind Storm|p1a: Dragonite
|-damage|p1a: Dragonite|70/100
|-unboost|p1a: Dragonite|spe|1
|-damage|p2a: Tornadus|47/100|[from] item: Life Orb
|move|p1a: Dragonite|Dragon Dance|p1a: Dragonite
|-boost|p1a: Dragonite|atk|1
|-boost|p1a: Dragonite|spe|1
|
|-heal|p1a: Dragonite|76/100|[from] item: Leftovers
|upkeep
|turn|28
|
|t:|1776033225
|move|p2a: Tornadus|Bleakwind Storm|p1a: Dragonite
|-damage|p1a: Dragonite|13/100
|-damage|p2a: Tornadus|37/100|[from] item: Life Orb
|move|p1a: Dragonite|Dragon Dance|p1a: Dragonite
|-boost|p1a: Dragonite|atk|1
|-boost|p1a: Dragonite|spe|1
|
|-heal|p1a: Dragonite|19/100|[from] item: Leftovers
|upkeep
|turn|29
|
|t:|1776033231
|-terastallize|p1a: Dragonite|Flying
|move|p1a: Dragonite|Tera Blast|p2a: Tornadus|[anim] Tera Blast Flying
|-damage|p2a: Tornadus|0 fnt
|faint|p2a: Tornadus
|
|-heal|p1a: Dragonite|25/100|[from] item: Leftovers
|upkeep
|
|t:|1776033233
|switch|p2a: Mandibuzz|Mandibuzz, F|76/100
|turn|30
|
|t:|1776033245
|move|p1a: Dragonite|Tera Blast|p2a: Mandibuzz|[anim] Tera Blast Flying
|-damage|p2a: Mandibuzz|7/100
|move|p2a: Mandibuzz|Foul Play|p1a: Dragonite
|-damage|p1a: Dragonite|0 fnt
|faint|p1a: Dragonite
|
|upkeep
|
|t:|1776033246
|switch|p1a: Scizor|Scizor, F|48/100
|turn|31
|
|t:|1776033251
|move|p1a: Scizor|Bullet Punch|p2a: Mandibuzz
|-damage|p2a: Mandibuzz|0 fnt
|faint|p2a: Mandibuzz
|
|upkeep
|
|t:|1776033252
|switch|p2a: Kyurem|Kyurem, tera:Ground|42/100
|-damage|p2a: Kyurem|29/100|[from] Spikes
|-ability|p2a: Kyurem|Pressure
|turn|32
|
|t:|1776033274
|move|p2a: Kyurem|Earth Power|p1a: Scizor
|-damage|p1a: Scizor|0 fnt
|faint|p1a: Scizor
|
|win|no ratings
|raw|Luceo's rating: 1521 &rarr; <strong>1504</strong><br />(-17 for losing)
|raw|no ratings's rating: 1571 &rarr; <strong>1588</strong><br />(+17 for winning)
|l| ohko_smeargle
|l|☆Luceo
|player|p1|
|l|☆no ratings
|player|p2|
