|html|<div class="broadcast-blue"><strong>[Gen 9] OU is currently suspecting Tera Blast! For information on how to participate check out the <a href="https://www.smogon.com/tools/suspects/view/200">suspect thread</a>.</strong></div>
|j|☆pombo69
|j|☆Hike Mawk
|t:|1776352557
|gametype|singles
|player|p1|pombo69|101|1154
|player|p2|Hike Mawk|riley|1102
|gen|9
|tier|[Gen 9] OU
|rated|
|rule|HP Percentage Mod: HP is shown in percentages
|rule|Endless Battle Clause: Forcing endless battles is banned
|rule|Species Clause: Limit one of each Pokémon
|rule|OHKO Clause: OHKO moves are banned
|rule|Evasion Items Clause: Evasion items are banned
|rule|Evasion Moves Clause: Evasion moves are banned
|rule|Evasion Abilities Clause: Evasion abilities are banned
|rule|Sleep Moves Clause: Sleep-inducing moves are banned
|clearpoke
|poke|p1|Sceptile, M|
|poke|p1|Incineroar, F|
|poke|p1|Froslass, F|
|poke|p1|Garchomp, F|
|poke|p1|Gholdengo|
|poke|p1|Toxapex, F|
|poke|p2|Gliscor, M|
|poke|p2|Clefable, F|
|poke|p2|Corviknight, M|
|poke|p2|Blissey, F|
|poke|p2|Forretress, F|
|poke|p2|Garganacl, F|
|teampreview
|
|t:|1776352565
|teamsize|p1|6
|teamsize|p2|6
|start
|switch|p1a: Froslass|Froslass, F|100/100
|switch|p2a: Rocki|Garganacl, F, shiny|100/100
|turn|1
|
|t:|1776352571
|move|p1a: Froslass|Taunt|p2a: Rocki
|-start|p2a: Rocki|move: Taunt
|move|p2a: Rocki|Salt Cure|p1a: Froslass
|-supereffective|p1a: Froslass
|-damage|p1a: Froslass|42/100
|-start|p1a: Froslass|Salt Cure
|-start|p2a: Rocki|Disable|Salt Cure|[from] ability: Cursed Body|[of] p1a: Froslass
|
|-damage|p1a: Froslass|30/100|[from] Salt Cure
|upkeep
|turn|2
|
|t:|1776352584
|switch|p2a: Zira|Blissey, F|100/100
|move|p1a: Froslass|Destiny Bond|p1a: Froslass
|-singlemove|p1a: Froslass|Destiny Bond
|
|-damage|p1a: Froslass|17/100|[from] Salt Cure
|upkeep
|turn|3
|
|t:|1776352592
|move|p1a: Froslass|Taunt|p2a: Zira
|-start|p2a: Zira|move: Taunt
|cant|p2a: Zira|move: Taunt|Calm Mind
|
|-damage|p1a: Froslass|5/100|[from] Salt Cure
|upkeep
|turn|4
|
|t:|1776352621
|switch|p1a: Garchomp|Garchomp, F|100/100
|move|p2a: Zira|Thunderbolt|p1a: Garchomp
|-immune|p1a: Garchomp
|
|upkeep
|turn|5
|inactive|Battle timer is ON: inactive players will automatically lose when time's up. (requested by pombo69)
|
|t:|1776352637
|switch|p2a: Azulor|Gliscor, M, shiny|100/100
|move|p1a: Garchomp|Stealth Rock|p2a: Azulor
|-sidestart|p2: Hike Mawk|move: Stealth Rock
|
|-status|p2a: Azulor|tox|[from] item: Toxic Orb
|upkeep
|turn|6
|
|t:|1776352644
|move|p2a: Azulor|Fling|p1a: Garchomp
|-damage|p1a: Garchomp|95/100
|-status|p1a: Garchomp|tox
|-enditem|p2a: Azulor|Toxic Orb|[from] move: Fling
|move|p1a: Garchomp|Dragon Tail|p2a: Azulor
|-damage|p2a: Azulor|75/100 tox
|drag|p2a: Zira|Blissey, F|100/100
|-damage|p2a: Zira|88/100|[from] Stealth Rock
|
|-damage|p1a: Garchomp|88/100 tox|[from] psn
|upkeep
|turn|7
|
|t:|1776352657
|switch|p2a: Cleffairable|Clefable, F, shiny|100/100
|move|p1a: Garchomp|Fire Fang|p2a: Cleffairable
|-damage|p2a: Cleffairable|82/100
|
|-damage|p1a: Garchomp|76/100 tox|[from] psn
|upkeep
|turn|8
|
|t:|1776352665
|switch|p1a: Toxapex|Toxapex, F|100/100
|move|p2a: Cleffairable|Moonblast|p1a: Toxapex
|-resisted|p1a: Toxapex
|-damage|p1a: Toxapex|83/100
|
|-heal|p1a: Toxapex|89/100|[from] item: Black Sludge
|upkeep
|turn|9
|
|t:|1776352672
|switch|p2a: Azulor|Gliscor, M, shiny|75/100 tox
|-damage|p2a: Azulor|63/100 tox|[from] Stealth Rock
|move|p1a: Toxapex|Toxic|p2a: Azulor
|-fail|p2a: Azulor|tox
|
|-heal|p1a: Toxapex|95/100|[from] item: Black Sludge
|-heal|p2a: Azulor|75/100 tox|[from] ability: Poison Heal
|upkeep
|turn|10
|
|t:|1776352676
|move|p2a: Azulor|Earthquake|p1a: Toxapex
|-supereffective|p1a: Toxapex
|-damage|p1a: Toxapex|38/100
|move|p1a: Toxapex|Surf|p2a: Azulor
|-supereffective|p2a: Azulor
|-damage|p2a: Azulor|30/100 tox
|
|-heal|p1a: Toxapex|44/100|[from] item: Black Sludge
|-heal|p2a: Azulor|43/100 tox|[from] ability: Poison Heal
|upkeep
|turn|11
|
|t:|1776352689
|switch|p1a: Sceptile|Sceptile, M|100/100
|move|p2a: Azulor|Earthquake|p1a: Sceptile
|-resisted|p1a: Sceptile
|-damage|p1a: Sceptile|63/100
|
|-heal|p2a: Azulor|55/100 tox|[from] ability: Poison Heal
|upkeep
|turn|12
|
|t:|1776352695
|switch|p2a: Goldenuke|Forretress, F, shiny|100/100
|-terastallize|p1a: Sceptile|Ice
|move|p1a: Sceptile|Tera Blast|p2a: Goldenuke|[anim] Tera Blast Ice
|-resisted|p2a: Goldenuke
|-damage|p2a: Goldenuke|66/100
|-damage|p1a: Sceptile|53/100|[from] item: Life Orb
|
|upkeep
|turn|13
|
|t:|1776352702
|switch|p1a: Incineroar|Incineroar, F|100/100
|-ability|p1a: Incineroar|Intimidate|boost
|-unboost|p2a: Goldenuke|atk|1
|move|p2a: Goldenuke|Body Press|p1a: Incineroar
|-supereffective|p1a: Incineroar
|-crit|p1a: Incineroar
|-damage|p1a: Incineroar|27/100
|
|upkeep
|turn|14
|
|t:|1776352720
|move|p1a: Incineroar|Fake Out|p2a: Goldenuke
|-resisted|p2a: Goldenuke
|-damage|p2a: Goldenuke|63/100
|cant|p2a: Goldenuke|flinch
|
|upkeep
|turn|15
|
|t:|1776352724
|move|p1a: Incineroar|Flare Blitz|p2a: Goldenuke
|-supereffective|p2a: Goldenuke
|-damage|p2a: Goldenuke|0 fnt
|faint|p2a: Goldenuke
|-damage|p1a: Incineroar|9/100|[from] Recoil
|
|upkeep
|
|t:|1776352730
|switch|p2a: Rookidon|Corviknight, M|100/100
|-damage|p2a: Rookidon|88/100|[from] Stealth Rock
|turn|16
|
|t:|1776352734
|move|p2a: Rookidon|Agility|p2a: Rookidon
|-boost|p2a: Rookidon|spe|2
|move|p1a: Incineroar|Flare Blitz|p2a: Rookidon
|-supereffective|p2a: Rookidon
|-damage|p2a: Rookidon|13/100
|-enditem|p2a: Rookidon|Weakness Policy
|-boost|p2a: Rookidon|atk|2|[from] item: Weakness Policy
|-boost|p2a: Rookidon|spa|2|[from] item: Weakness Policy
|-damage|p1a: Incineroar|0 fnt|[from] Recoil
|faint|p1a: Incineroar
|
|upkeep
|
|t:|1776352750
|switch|p1a: Gholdengo|Gholdengo|100/100
|turn|17
|
|t:|1776352754
|move|p2a: Rookidon|Power Trip|p1a: Gholdengo
|-supereffective|p1a: Gholdengo
|-damage|p1a: Gholdengo|0 fnt
|faint|p1a: Gholdengo
|
|upkeep
|
|t:|1776352778
|switch|p1a: Sceptile|Sceptile, M, tera:Ice|53/100
|turn|18
|
|t:|1776352780
|move|p1a: Sceptile|Tera Blast|p2a: Rookidon|[anim] Tera Blast Ice
|-damage|p2a: Rookidon|0 fnt
|faint|p2a: Rookidon
|-damage|p1a: Sceptile|43/100|[from] item: Life Orb
|
|upkeep
|
|t:|1776352793
|switch|p2a: Rocki|Garganacl, F, shiny|100/100
|-damage|p2a: Rocki|88/100|[from] Stealth Rock
|turn|19
|
|t:|1776352797
|-terastallize|p2a: Rocki|Grass
|move|p1a: Sceptile|Giga Drain|p2a: Rocki
|-resisted|p2a: Rocki
|-damage|p2a: Rocki|67/100
|-heal|p1a: Sceptile|58/100|[from] drain|[of] p2a: Rocki
|-damage|p1a: Sceptile|48/100|[from] item: Life Orb
|move|p2a: Rocki|Salt Cure|p1a: Sceptile
|-supereffective|p1a: Sceptile
|-damage|p1a: Sceptile|0 fnt
|faint|p1a: Sceptile
|
|upkeep
|
|t:|1776352809
|switch|p1a: Froslass|Froslass, F|5/100
|turn|20
|
|t:|1776352834
|switch|p2a: Zira|Blissey, F|88/100
|-damage|p2a: Zira|76/100|[from] Stealth Rock
|move|p1a: Froslass|Destiny Bond|p1a: Froslass
|-singlemove|p1a: Froslass|Destiny Bond
|
|upkeep
|turn|21
|
|t:|1776352839
|move|p1a: Froslass|Destiny Bond||[still]
|-fail|p1a: Froslass
|move|p2a: Zira|Ice Beam|p1a: Froslass
|-resisted|p1a: Froslass
|-damage|p1a: Froslass|0 fnt
|faint|p1a: Froslass
|
|upkeep
|
|t:|1776352848
|switch|p1a: Toxapex|Toxapex, F|77/100
|turn|22
|
|t:|1776352856
|switch|p2a: Rocki|Garganacl, F, shiny, tera:Grass|67/100
|-damage|p2a: Rocki|55/100|[from] Stealth Rock
|move|p1a: Toxapex|Surf|p2a: Rocki
|-resisted|p2a: Rocki
|-damage|p2a: Rocki|47/100
|-enditem|p2a: Rocki|Sitrus Berry|[eat]
|-heal|p2a: Rocki|72/100|[from] item: Sitrus Berry
|
|-heal|p1a: Toxapex|84/100|[from] item: Black Sludge
|upkeep
|turn|23
|
|t:|1776352862
|move|p1a: Toxapex|Toxic|p2a: Rocki
|-immune|p2a: Rocki|[from] ability: Purifying Salt
|move|p2a: Rocki|Salt Cure|p1a: Toxapex
|-damage|p1a: Toxapex|73/100
|-start|p1a: Toxapex|Salt Cure
|
|-heal|p1a: Toxapex|79/100|[from] item: Black Sludge
|-damage|p1a: Toxapex|54/100|[from] Salt Cure
|upkeep
|turn|24
|
|t:|1776352868
|move|p1a: Toxapex|Surf|p2a: Rocki
|-resisted|p2a: Rocki
|-damage|p2a: Rocki|63/100
|move|p2a: Rocki|Salt Cure|p1a: Toxapex
|-damage|p1a: Toxapex|43/100
|
|-heal|p1a: Toxapex|49/100|[from] item: Black Sludge
|-damage|p1a: Toxapex|24/100|[from] Salt Cure
|upkeep
|turn|25
|
|t:|1776352872
|switch|p1a: Garchomp|Garchomp, F|76/100 tox
|move|p2a: Rocki|Recover|p2a: Rocki
|-heal|p2a: Rocki|100/100
|
|-damage|p1a: Garchomp|70/100 tox|[from] psn
|upkeep
|turn|26
|
|t:|1776352877
|move|p1a: Garchomp|Fire Fang|p2a: Rocki
|-supereffective|p2a: Rocki
|-damage|p2a: Rocki|75/100
|move|p2a: Rocki|Salt Cure|p1a: Garchomp
|-resisted|p1a: Garchomp
|-damage|p1a: Garchomp|64/100 tox
|-start|p1a: Garchomp|Salt Cure
|
|-damage|p1a: Garchomp|52/100 tox|[from] psn
|-damage|p1a: Garchomp|39/100 tox|[from] Salt Cure
|upkeep
|turn|27
|
|t:|1776352887
|move|p1a: Garchomp|Fire Fang|p2a: Rocki
|-supereffective|p2a: Rocki
|-damage|p2a: Rocki|50/100
|move|p2a: Rocki|Stealth Rock|p1a: Garchomp
|-sidestart|p1: pombo69|move: Stealth Rock
|
|-damage|p1a: Garchomp|21/100 tox|[from] psn
|-damage|p1a: Garchomp|8/100 tox|[from] Salt Cure
|upkeep
|turn|28
|-message|pombo69 forfeited.
|
|win|Hike Mawk
|raw|pombo69's rating: 1154 &rarr; <strong>1125</strong><br />(-29 for losing)
|raw|Hike Mawk's rating: 1102 &rarr; <strong>1131</strong><br />(+29 for winning)
|l|☆pombo69
|player|p1|
