|html|<div class="broadcast-blue"><strong>[Gen 9] OU is currently suspecting Tera Blast! For information on how to participate check out the <a href="https://www.smogon.com/tools/suspects/view/200">suspect thread</a>.</strong></div>
|j|☆Mi Bombo
|j|☆Etihadmf
|t:|1776065150
|gametype|singles
|player|p1|Mi Bombo|rancher|1178
|player|p2|Etihadmf|170|1146
|gen|9
|tier|[Gen 9] OU
|rated|
|rule|HP Percentage Mod: HP is shown in percentages
|rule|Endless Battle Clause: Forcing endless battles is banned
|rule|Species Clause: Limit one of each Pokémon
|rule|OHKO Clause: OHKO moves are banned
|rule|Evasion Items Clause: Evasion items are banned
|rule|Evasion Moves Clause: Evasion moves are banned
|rule|Evasion Abilities Clause: Evasion abilities are banned
|rule|Sleep Moves Clause: Sleep-inducing moves are banned
|clearpoke
|poke|p1|Great Tusk|
|poke|p1|Darkrai|
|poke|p1|Iron Moth|
|poke|p1|Pecharunt|
|poke|p1|Quaquaval, M|
|poke|p1|Farigiraf, M|
|poke|p2|Gengar, M|
|poke|p2|Krookodile, M|
|poke|p2|Enamorus-Therian, F|
|poke|p2|Raichu-Alola, F|
|poke|p2|Cinderace, F|
|poke|p2|Volcanion|
|teampreview
|inactive|Battle timer is ON: inactive players will automatically lose when time's up. (requested by Etihadmf)
|
|t:|1776065173
|teamsize|p1|6
|teamsize|p2|6
|start
|switch|p1a: Elephant|Great Tusk|100/100
|switch|p2a: Raichu|Raichu-Alola, F|100/100
|turn|1
|
|t:|1776065180
|move|p2a: Raichu|Psychic Noise|p1a: Elephant
|-supereffective|p1a: Elephant
|-damage|p1a: Elephant|12/100
|-start|p1a: Elephant|move: Heal Block
|move|p1a: Elephant|Stealth Rock|p2a: Raichu
|-sidestart|p2: Etihadmf|move: Stealth Rock
|
|upkeep
|turn|2
|
|t:|1776065201
|-end|p1a: Elephant|Protosynthesis|[silent]
|switch|p1a: Darkrai|Darkrai|100/100
|move|p2a: Raichu|Nasty Plot|p2a: Raichu
|-boost|p2a: Raichu|spa|2
|
|upkeep
|turn|3
|
|t:|1776065210
|move|p2a: Raichu|Volt Switch|p1a: Darkrai
|-crit|p1a: Darkrai
|-damage|p1a: Darkrai|0 fnt
|faint|p1a: Darkrai
|
|t:|1776065213
|switch|p2a: Cinderace|Cinderace, F|100/100|[from] Volt Switch
|
|upkeep
|c|☆Mi Bombo|wow
|
|t:|1776065218
|switch|p1a: Quaquaval|Quaquaval, M|100/100
|turn|4
|
|t:|1776065225
|move|p2a: Cinderace|U-turn|p1a: Quaquaval
|-start|p2a: Cinderace|typechange|Bug|[from] ability: Libero
|-resisted|p1a: Quaquaval
|-damage|p1a: Quaquaval|76/100
|
|t:|1776065227
|switch|p2a: Volcanion|Volcanion|100/100|[from] U-turn
|-damage|p2a: Volcanion|76/100|[from] Stealth Rock
|move|p1a: Quaquaval|Aqua Step|p2a: Volcanion
|-heal|p2a: Volcanion|100/100|[from] ability: Water Absorb|[of] p1a: Quaquaval
|
|upkeep
|turn|5
|
|t:|1776065240
|move|p1a: Quaquaval|Acrobatics|p2a: Volcanion
|-damage|p2a: Volcanion|86/100
|move|p2a: Volcanion|Fire Spin|p1a: Quaquaval
|-resisted|p1a: Quaquaval
|-damage|p1a: Quaquaval|65/100
|-activate|p1a: Quaquaval|move: Fire Spin|[of] p2a: Volcanion
|
|-damage|p1a: Quaquaval|53/100|[from] move: Fire Spin|[partiallytrapped]
|upkeep
|turn|6
|
|t:|1776065254
|move|p1a: Quaquaval|Close Combat|p2a: Volcanion
|-damage|p2a: Volcanion|41/100
|-unboost|p1a: Quaquaval|def|1
|-unboost|p1a: Quaquaval|spd|1
|move|p2a: Volcanion|Steam Eruption|p1a: Quaquaval
|-resisted|p1a: Quaquaval
|-damage|p1a: Quaquaval|0 fnt
|faint|p1a: Quaquaval
|
|upkeep
|
|t:|1776065264
|switch|p1a: Pecharunt|Pecharunt|100/100
|turn|7
|
|t:|1776065268
|-terastallize|p2a: Volcanion|Poison
|move|p1a: Pecharunt|Malignant Chain|p2a: Volcanion
|-resisted|p2a: Volcanion
|-damage|p2a: Volcanion|30/100
|move|p2a: Volcanion|Scorching Sands|p1a: Pecharunt
|-supereffective|p1a: Pecharunt
|-damage|p1a: Pecharunt|58/100
|
|-heal|p1a: Pecharunt|65/100|[from] item: Leftovers
|upkeep
|turn|8
|
|t:|1776065277
|move|p1a: Pecharunt|Shadow Ball|p2a: Volcanion
|-damage|p2a: Volcanion|12/100
|move|p2a: Volcanion|Steam Eruption|p1a: Pecharunt
|-damage|p1a: Pecharunt|18/100
|-status|p1a: Pecharunt|brn
|
|-heal|p1a: Pecharunt|24/100 brn|[from] item: Leftovers
|-damage|p1a: Pecharunt|18/100 brn|[from] brn
|upkeep
|turn|9
|
|t:|1776065286
|move|p1a: Pecharunt|Shadow Ball|p2a: Volcanion
|-damage|p2a: Volcanion|0 fnt
|faint|p2a: Volcanion
|
|-heal|p1a: Pecharunt|24/100 brn|[from] item: Leftovers
|-damage|p1a: Pecharunt|18/100 brn|[from] brn
|upkeep
|
|t:|1776065288
|switch|p2a: Cinderace|Cinderace, F|100/100
|turn|10
|
|t:|1776065297
|move|p2a: Cinderace|Pyro Ball|p1a: Pecharunt
|-damage|p1a: Pecharunt|0 fnt
|faint|p1a: Pecharunt
|
|upkeep
|
|t:|1776065308
|switch|p1a: Iron Moth|Iron Moth|100/100
|-enditem|p1a: Iron Moth|Booster Energy
|-activate|p1a: Iron Moth|ability: Quark Drive|[fromitem]
|-start|p1a: Iron Moth|quarkdrivespa
|turn|11
|
|t:|1776065314
|move|p1a: Iron Moth|Dazzling Gleam|p2a: Cinderace
|-resisted|p2a: Cinderace
|-damage|p2a: Cinderace|73/100
|move|p2a: Cinderace|Court Change|p2a: Cinderace
|-start|p2a: Cinderace|typechange|Normal|[from] ability: Libero
|-swapsideconditions
|-activate|p2a: Cinderace|move: Court Change
|
|upkeep
|turn|12
|
|t:|1776065323
|move|p1a: Iron Moth|Fiery Dance|p2a: Cinderace
|-damage|p2a: Cinderace|0 fnt
|faint|p2a: Cinderace
|
|upkeep
|
|t:|1776065326
|switch|p2a: Krookodile|Krookodile, M|100/100
|turn|13
|
|t:|1776065330
|-terastallize|p1a: Iron Moth|Fairy
|move|p2a: Krookodile|Earthquake|p1a: Iron Moth
|-damage|p1a: Iron Moth|2/100
|move|p1a: Iron Moth|Dazzling Gleam|p2a: Krookodile
|-supereffective|p2a: Krookodile
|-damage|p2a: Krookodile|0 fnt
|faint|p2a: Krookodile
|
|upkeep
|
|t:|1776065337
|switch|p2a: Raichu|Raichu-Alola, F|100/100
|turn|14
|
|t:|1776065348
|move|p1a: Iron Moth|Fiery Dance|p2a: Raichu
|-damage|p2a: Raichu|10/100
|-boost|p1a: Iron Moth|spa|1
|move|p2a: Raichu|Nasty Plot|p2a: Raichu
|-boost|p2a: Raichu|spa|2
|
|upkeep
|turn|15
|
|t:|1776065356
|move|p1a: Iron Moth|Fiery Dance|p2a: Raichu
|-damage|p2a: Raichu|0 fnt
|-boost|p1a: Iron Moth|spa|1
|faint|p2a: Raichu
|
|upkeep
|
|t:|1776065366
|switch|p2a: Enamorus|Enamorus-Therian, F|100/100
|turn|16
|
|t:|1776065372
|move|p1a: Iron Moth|Discharge|p2a: Enamorus
|-supereffective|p2a: Enamorus
|-damage|p2a: Enamorus|0 fnt
|faint|p2a: Enamorus
|
|upkeep
|
|t:|1776065374
|switch|p2a: Gengar|Gengar, M|100/100
|turn|17
|
|t:|1776065379
|move|p1a: Iron Moth|Dazzling Gleam|p2a: Gengar
|-resisted|p2a: Gengar
|-damage|p2a: Gengar|2/100
|move|p2a: Gengar|Hex|p1a: Iron Moth
|-damage|p1a: Iron Moth|0 fnt
|faint|p1a: Iron Moth
|-end|p1a: Iron Moth|Quark Drive|[silent]
|
|upkeep
|c|☆Etihadmf|Dang
|c|☆Etihadmf|that speed got me
|
|t:|1776065385
|switch|p1a: Farigiraf|Farigiraf, M|100/100
|-damage|p1a: Farigiraf|88/100|[from] Stealth Rock
|turn|18
|
|t:|1776065391
|move|p2a: Gengar|Thunder Wave|p1a: Farigiraf
|-status|p1a: Farigiraf|par
|move|p1a: Farigiraf|Thief|p2a: Gengar
|-supereffective|p2a: Gengar
|-damage|p2a: Gengar|0 fnt
|-start|p1a: Farigiraf|Disable|Thief|[from] ability: Cursed Body|[of] p2a: Gengar
|faint|p2a: Gengar
|
|win|Mi Bombo
|raw|Mi Bombo's rating: 1178 &rarr; <strong>1201</strong><br />(+23 for winning)
|raw|Etihadmf's rating: 1146 &rarr; <strong>1123</strong><br />(-23 for losing)
|l|☆Etihadmf
|player|p2|
|c|☆Mi Bombo|gg
|l|☆Mi Bombo
|player|p1|
