|html|<div class="broadcast-blue"><strong>[Gen 9] OU is currently suspecting Tera Blast! For information on how to participate check out the <a href="https://www.smogon.com/tools/suspects/view/200">suspect thread</a>.</strong></div>
|j|☆Aroma Nobody
|j|☆maikiss15
|t:|1776116577
|gametype|singles
|player|p1|Aroma Nobody|ingo|1112
|player|p2|maikiss15|169|1079
|gen|9
|tier|[Gen 9] OU
|rated|
|rule|HP Percentage Mod: HP is shown in percentages
|rule|Endless Battle Clause: Forcing endless battles is banned
|rule|Species Clause: Limit one of each Pokémon
|rule|OHKO Clause: OHKO moves are banned
|rule|Evasion Items Clause: Evasion items are banned
|rule|Evasion Moves Clause: Evasion moves are banned
|rule|Evasion Abilities Clause: Evasion abilities are banned
|rule|Sleep Moves Clause: Sleep-inducing moves are banned
|clearpoke
|poke|p1|Crocalor, M|
|poke|p1|Quaxwell, M|
|poke|p1|Floragato, M|
|poke|p1|Haunter, M|
|poke|p1|Magneton|
|poke|p1|Krokorok, F|
|poke|p2|Glimmora, F|
|poke|p2|Dragonite, F|
|poke|p2|Gholdengo|
|poke|p2|Weavile, M|
|poke|p2|Kingambit, F|
|poke|p2|Rotom-Wash|
|teampreview
|inactive|Battle timer is ON: inactive players will automatically lose when time's up. (requested by maikiss15)
|c|☆Aroma Nobody|glhf
|
|t:|1776116590
|teamsize|p1|6
|teamsize|p2|6
|start
|switch|p1a: Floragato|Floragato, M|100/100
|switch|p2a: Glimmora|Glimmora, F|100/100
|turn|1
|
|t:|1776116598
|move|p1a: Floragato|U-turn|p2a: Glimmora
|-start|p1a: Floragato|typechange|Bug|[from] ability: Protean
|-resisted|p2a: Glimmora
|-damage|p2a: Glimmora|88/100
|-activate|p2a: Glimmora|ability: Toxic Debris
|-sidestart|p1: Aroma Nobody|move: Toxic Spikes
|
|t:|1776116602
|switch|p1a: Krokorok|Krokorok, F|100/100|[from] U-turn
|-status|p1a: Krokorok|psn
|-ability|p1a: Krokorok|Intimidate|boost
|-unboost|p2a: Glimmora|atk|1
|move|p2a: Glimmora|Stealth Rock|p1a: Krokorok
|-sidestart|p1: Aroma Nobody|move: Stealth Rock
|
|-damage|p1a: Krokorok|88/100 psn|[from] psn
|upkeep
|turn|2
|
|t:|1776116612
|move|p2a: Glimmora|Spikes|p1a: Krokorok
|-sidestart|p1: Aroma Nobody|Spikes
|move|p1a: Krokorok|Stealth Rock|p2a: Glimmora
|-sidestart|p2: maikiss15|move: Stealth Rock
|
|-damage|p1a: Krokorok|76/100 psn|[from] psn
|upkeep
|turn|3
|
|t:|1776116617
|move|p2a: Glimmora|Mortal Spin|p1a: Krokorok
|-resisted|p1a: Krokorok
|-damage|p1a: Krokorok|73/100 psn
|-sideend|p2: maikiss15|Stealth Rock|[from] move: Mortal Spin|[of] p2a: Glimmora
|move|p1a: Krokorok|Earthquake|p2a: Glimmora
|-supereffective|p2a: Glimmora
|-damage|p2a: Glimmora|0 fnt
|-activate|p2a: Glimmora|ability: Toxic Debris
|-sidestart|p1: Aroma Nobody|move: Toxic Spikes
|faint|p2a: Glimmora
|
|-damage|p1a: Krokorok|60/100 psn|[from] psn
|upkeep
|
|t:|1776116629
|switch|p2a: Rotom|Rotom-Wash|100/100
|turn|4
|
|t:|1776116635
|switch|p1a: Quaxwell|Quaxwell, M|100/100
|-status|p1a: Quaxwell|tox
|-damage|p1a: Quaxwell|88/100 tox|[from] Stealth Rock
|-damage|p1a: Quaxwell|75/100 tox|[from] Spikes
|move|p2a: Rotom|Hydro Pump|p1a: Quaxwell
|-resisted|p1a: Quaxwell
|-damage|p1a: Quaxwell|55/100 tox
|
|-damage|p1a: Quaxwell|49/100 tox|[from] psn
|upkeep
|turn|5
|
|t:|1776116649
|move|p2a: Rotom|Volt Switch|p1a: Quaxwell
|-supereffective|p1a: Quaxwell
|-damage|p1a: Quaxwell|0 fnt
|faint|p1a: Quaxwell
|
|t:|1776116659
|switch|p2a: Dragonite|Dragonite, F|100/100|[from] Volt Switch
|
|upkeep
|
|t:|1776116666
|switch|p1a: Magneton|Magneton|100/100
|-damage|p1a: Magneton|94/100|[from] Stealth Rock
|-damage|p1a: Magneton|82/100|[from] Spikes
|turn|6
|
|t:|1776116678
|move|p1a: Magneton|Volt Switch|p2a: Dragonite
|-damage|p2a: Dragonite|72/100
|
|t:|1776116683
|switch|p1a: Floragato|Floragato, M|100/100|[from] Volt Switch
|-status|p1a: Floragato|tox
|-damage|p1a: Floragato|88/100 tox|[from] Stealth Rock
|-damage|p1a: Floragato|76/100 tox|[from] Spikes
|move|p2a: Dragonite|Earthquake|p1a: Floragato
|-resisted|p1a: Floragato
|-damage|p1a: Floragato|40/100 tox
|
|-damage|p1a: Floragato|34/100 tox|[from] psn
|upkeep
|turn|7
|
|t:|1776116693
|move|p1a: Floragato|Play Rough|p2a: Dragonite
|-start|p1a: Floragato|typechange|Fairy|[from] ability: Protean
|-supereffective|p2a: Dragonite
|-damage|p2a: Dragonite|0 fnt
|faint|p2a: Dragonite
|
|-damage|p1a: Floragato|22/100 tox|[from] psn
|upkeep
|
|t:|1776116705
|switch|p2a: Gholdengo|Gholdengo|100/100
|-item|p2a: Gholdengo|Air Balloon
|turn|8
|
|t:|1776116718
|move|p1a: Floragato|Play Rough|p2a: Gholdengo
|-resisted|p2a: Gholdengo
|-damage|p2a: Gholdengo|80/100
|-enditem|p2a: Gholdengo|Air Balloon
|move|p2a: Gholdengo|Shadow Ball|p1a: Floragato
|-damage|p1a: Floragato|0 fnt
|faint|p1a: Floragato
|
|upkeep
|
|t:|1776116727
|switch|p1a: Magneton|Magneton|82/100
|-damage|p1a: Magneton|76/100|[from] Stealth Rock
|-damage|p1a: Magneton|63/100|[from] Spikes
|turn|9
|
|t:|1776116737
|move|p2a: Gholdengo|Nasty Plot|p2a: Gholdengo
|-boost|p2a: Gholdengo|spa|2
|move|p1a: Magneton|Thunderbolt|p2a: Gholdengo
|-damage|p2a: Gholdengo|0 fnt
|faint|p2a: Gholdengo
|
|upkeep
|
|t:|1776116752
|switch|p2a: Weavile|Weavile, M|100/100
|-ability|p2a: Weavile|Pressure
|turn|10
|
|t:|1776116758
|move|p2a: Weavile|Low Kick|p1a: Magneton
|-supereffective|p1a: Magneton
|-damage|p1a: Magneton|0 fnt
|faint|p1a: Magneton
|
|upkeep
|
|t:|1776116763
|switch|p1a: Haunter|Haunter, M|100/100
|-damage|p1a: Haunter|88/100|[from] Stealth Rock
|turn|11
|
|t:|1776116772
|switch|p2a: Kingambit|Kingambit, F|100/100
|-activate|p2a: Kingambit|ability: Supreme Overlord
|-start|p2a: Kingambit|fallen3|[silent]
|move|p1a: Haunter|Sludge Bomb|p2a: Kingambit
|-immune|p2a: Kingambit
|
|upkeep
|turn|12
|
|t:|1776116782
|switch|p1a: Krokorok|Krokorok, F|60/100 psn
|-damage|p1a: Krokorok|54/100 psn|[from] Stealth Rock
|-damage|p1a: Krokorok|42/100 psn|[from] Spikes
|-ability|p1a: Krokorok|Intimidate|boost
|-unboost|p2a: Kingambit|atk|1
|move|p2a: Kingambit|Swords Dance|p2a: Kingambit
|-boost|p2a: Kingambit|atk|2
|
|-damage|p1a: Krokorok|30/100 psn|[from] psn
|upkeep
|turn|13
|
|t:|1776116796
|-end|p2a: Kingambit|fallen3|[silent]
|switch|p2a: Rotom|Rotom-Wash|100/100
|move|p1a: Krokorok|Earthquake|p2a: Rotom
|-immune|p2a: Rotom|[from] ability: Levitate
|
|-damage|p1a: Krokorok|17/100 psn|[from] psn
|upkeep
|turn|14
|
|t:|1776116809
|move|p1a: Krokorok|Stealth Rock|p2a: Rotom
|-sidestart|p2: maikiss15|move: Stealth Rock
|move|p2a: Rotom|Hydro Pump|p1a: Krokorok|[miss]
|-miss|p2a: Rotom|p1a: Krokorok
|
|-damage|p1a: Krokorok|5/100 psn|[from] psn
|upkeep
|turn|15
|
|t:|1776116820
|move|p1a: Krokorok|Knock Off|p2a: Rotom
|-damage|p2a: Rotom|72/100
|-enditem|p2a: Rotom|Leftovers|[from] move: Knock Off|[of] p1a: Krokorok
|move|p2a: Rotom|Hydro Pump|p1a: Krokorok|[miss]
|-miss|p2a: Rotom|p1a: Krokorok
|
|-damage|p1a: Krokorok|0 fnt|[from] psn
|faint|p1a: Krokorok
|upkeep
|
|t:|1776116825
|switch|p1a: Haunter|Haunter, M|88/100
|-damage|p1a: Haunter|76/100|[from] Stealth Rock
|turn|16
|inactive|maikiss15 has 120 seconds left.
|
|t:|1776116873
|-terastallize|p1a: Haunter|Ghost
|move|p1a: Haunter|Shadow Ball|p2a: Rotom
|-damage|p2a: Rotom|19/100
|move|p2a: Rotom|Hydro Pump|p1a: Haunter
|-damage|p1a: Haunter|0 fnt
|faint|p1a: Haunter
|
|upkeep
|
|t:|1776116880
|switch|p1a: Crocalor|Crocalor, M|100/100
|-status|p1a: Crocalor|tox
|-damage|p1a: Crocalor|76/100 tox|[from] Stealth Rock
|-damage|p1a: Crocalor|63/100 tox|[from] Spikes
|turn|17
|c|☆Aroma Nobody|gg
|
|t:|1776116889
|move|p2a: Rotom|Pain Split|p1a: Crocalor
|-sethp|p1a: Crocalor|39/100 tox|[from] move: Pain Split|[silent]
|-sethp|p2a: Rotom|47/100|[from] move: Pain Split
|move|p1a: Crocalor|Seed Bomb|p2a: Rotom
|-supereffective|p2a: Rotom
|-damage|p2a: Rotom|28/100
|
|-damage|p1a: Crocalor|33/100 tox|[from] psn
|upkeep
|turn|18
|inactive|maikiss15 has 120 seconds left.
|
|t:|1776116906
|move|p2a: Rotom|Hydro Pump|p1a: Crocalor
|-supereffective|p1a: Crocalor
|-damage|p1a: Crocalor|0 fnt
|faint|p1a: Crocalor
|
|win|maikiss15
|raw|Aroma Nobody's rating: 1112 &rarr; <strong>1085</strong><br />(-27 for losing)
|raw|maikiss15's rating: 1079 &rarr; <strong>1110</strong><br />(+31 for winning)
|l|☆Aroma Nobody
|player|p1|
|l|☆maikiss15
|player|p2|
