|html|<div class="broadcast-blue"><strong>[Gen 9] OU is currently suspecting Tera Blast! For information on how to participate check out the <a href="https://www.smogon.com/tools/suspects/view/200">suspect thread</a>.</strong></div>
|j|☆bobbybobby123
|j|☆Blastoise_Choice
|t:|1776131539
|gametype|singles
|player|p1|bobbybobby123|266|1517
|player|p2|Blastoise_Choice|101|1499
|gen|9
|tier|[Gen 9] OU
|rated|
|rule|HP Percentage Mod: HP is shown in percentages
|rule|Endless Battle Clause: Forcing endless battles is banned
|rule|Species Clause: Limit one of each Pokémon
|rule|OHKO Clause: OHKO moves are banned
|rule|Evasion Items Clause: Evasion items are banned
|rule|Evasion Moves Clause: Evasion moves are banned
|rule|Evasion Abilities Clause: Evasion abilities are banned
|rule|Sleep Moves Clause: Sleep-inducing moves are banned
|clearpoke
|poke|p1|Great Tusk|
|poke|p1|Rillaboom, M|
|poke|p1|Slowking-Galar, M|
|poke|p1|Frosmoth, M|
|poke|p1|Deoxys-Speed|
|poke|p1|Kyurem|
|poke|p2|Garganacl, F|
|poke|p2|Darkrai|
|poke|p2|Great Tusk|
|poke|p2|Hatterene, F|
|poke|p2|Tornadus-Therian, M|
|poke|p2|Dragonite, M|
|teampreview
|c|☆Blastoise_Choice|hf
|inactive|Battle timer is ON: inactive players will automatically lose when time's up. (requested by Blastoise_Choice)
|
|t:|1776131555
|teamsize|p1|6
|teamsize|p2|6
|start
|switch|p1a: Deoxys|Deoxys-Speed|100/100
|switch|p2a: Darkrai|Darkrai|100/100
|-ability|p1a: Deoxys|Pressure
|turn|1
|inactive|bobbybobby123 has 120 seconds left.
|
|t:|1776131591
|move|p1a: Deoxys|Light Screen|p1a: Deoxys
|-sidestart|p1: bobbybobby123|move: Light Screen
|move|p2a: Darkrai|Dark Pulse|p1a: Deoxys
|-supereffective|p1a: Deoxys
|-crit|p1a: Deoxys
|-damage|p1a: Deoxys|0 fnt
|faint|p1a: Deoxys
|
|upkeep
|
|t:|1776131602
|switch|p1a: Rillaboom|Rillaboom, M, shiny|100/100
|-fieldstart|move: Grassy Terrain|[from] ability: Grassy Surge|[of] p1a: Rillaboom
|turn|2
|
|t:|1776131608
|switch|p1a: Slowking|Slowking-Galar, M, shiny|100/100
|move|p2a: Darkrai|Dark Pulse|p1a: Slowking
|-supereffective|p1a: Slowking
|-damage|p1a: Slowking|51/100
|
|-heal|p1a: Slowking|57/100|[from] Grassy Terrain
|upkeep
|turn|3
|
|t:|1776131616
|move|p2a: Darkrai|Dark Pulse|p1a: Slowking
|-supereffective|p1a: Slowking
|-damage|p1a: Slowking|11/100
|-prepare|p1a: Slowking|Chilly Reception|[premajor]
|move|p1a: Slowking|Chilly Reception|p1a: Slowking
|-weather|Snowscape
|inactive|bobbybobby123 has 120 seconds left.
|
|t:|1776131634
|switch|p1a: Frosmoth|Frosmoth, M, shiny|100/100|[from] Chilly Reception
|-enditem|p1a: Frosmoth|Grassy Seed
|-boost|p1a: Frosmoth|def|1|[from] item: Grassy Seed
|
|-weather|Snowscape|[upkeep]
|upkeep
|turn|4
|
|t:|1776131640
|switch|p2a: Garganacl|Garganacl, F|100/100
|move|p1a: Frosmoth|Substitute|p1a: Frosmoth
|-start|p1a: Frosmoth|Substitute
|-damage|p1a: Frosmoth|75/100
|
|-weather|Snowscape|[upkeep]
|-heal|p1a: Frosmoth|82/100|[from] Grassy Terrain
|upkeep
|turn|5
|
|t:|1776131648
|-terastallize|p1a: Frosmoth|Electric
|move|p1a: Frosmoth|Quiver Dance|p1a: Frosmoth
|-boost|p1a: Frosmoth|spa|1
|-boost|p1a: Frosmoth|spd|1
|-boost|p1a: Frosmoth|spe|1
|move|p2a: Garganacl|Salt Cure|p1a: Frosmoth
|-activate|p1a: Frosmoth|move: Substitute|[damage]
|
|-weather|Snowscape|[upkeep]
|-heal|p1a: Frosmoth|88/100|[from] Grassy Terrain
|upkeep
|turn|6
|
|t:|1776131656
|move|p1a: Frosmoth|Quiver Dance|p1a: Frosmoth
|-boost|p1a: Frosmoth|spa|1
|-boost|p1a: Frosmoth|spd|1
|-boost|p1a: Frosmoth|spe|1
|move|p2a: Garganacl|Salt Cure|p1a: Frosmoth
|-activate|p1a: Frosmoth|move: Substitute|[damage]
|
|-weather|Snowscape|[upkeep]
|-heal|p1a: Frosmoth|94/100|[from] Grassy Terrain
|upkeep
|turn|7
|
|t:|1776131666
|move|p1a: Frosmoth|Quiver Dance|p1a: Frosmoth
|-boost|p1a: Frosmoth|spa|1
|-boost|p1a: Frosmoth|spd|1
|-boost|p1a: Frosmoth|spe|1
|move|p2a: Garganacl|Stealth Rock|p1a: Frosmoth
|-sidestart|p1: bobbybobby123|move: Stealth Rock
|
|-weather|Snowscape|[upkeep]
|-heal|p1a: Frosmoth|99/100|[from] Grassy Terrain
|upkeep
|turn|8
|
|t:|1776131686
|move|p1a: Frosmoth|Quiver Dance|p1a: Frosmoth
|-boost|p1a: Frosmoth|spa|1
|-boost|p1a: Frosmoth|spd|1
|-boost|p1a: Frosmoth|spe|1
|move|p2a: Garganacl|Salt Cure|p1a: Frosmoth
|-end|p1a: Frosmoth|Substitute
|
|-weather|Snowscape|[upkeep]
|-heal|p1a: Frosmoth|100/100|[from] Grassy Terrain
|-sideend|p1: bobbybobby123|move: Light Screen
|upkeep
|turn|9
|
|t:|1776131698
|move|p1a: Frosmoth|Substitute|p1a: Frosmoth
|-start|p1a: Frosmoth|Substitute
|-damage|p1a: Frosmoth|75/100
|move|p2a: Garganacl|Salt Cure|p1a: Frosmoth
|-activate|p1a: Frosmoth|move: Substitute|[damage]
|
|-weather|Snowscape|[upkeep]
|-heal|p1a: Frosmoth|82/100|[from] Grassy Terrain
|-fieldend|move: Grassy Terrain
|upkeep
|turn|10
|
|t:|1776131708
|move|p1a: Frosmoth|Ice Beam|p2a: Garganacl
|-damage|p2a: Garganacl|20/100
|move|p2a: Garganacl|Salt Cure|p1a: Frosmoth
|-crit|p1a: Frosmoth
|-end|p1a: Frosmoth|Substitute
|
|-weather|none
|-heal|p2a: Garganacl|26/100|[from] item: Leftovers
|upkeep
|turn|11
|
|t:|1776131714
|move|p1a: Frosmoth|Substitute|p1a: Frosmoth
|-start|p1a: Frosmoth|Substitute
|-damage|p1a: Frosmoth|57/100
|move|p2a: Garganacl|Salt Cure|p1a: Frosmoth
|-activate|p1a: Frosmoth|move: Substitute|[damage]
|
|-heal|p2a: Garganacl|32/100|[from] item: Leftovers
|upkeep
|turn|12
|
|t:|1776131718
|move|p2a: Garganacl|Protect|p2a: Garganacl
|-singleturn|p2a: Garganacl|Protect
|move|p1a: Frosmoth|Ice Beam|p2a: Garganacl
|-activate|p2a: Garganacl|move: Protect
|
|-heal|p2a: Garganacl|39/100|[from] item: Leftovers
|upkeep
|turn|13
|
|t:|1776131722
|move|p2a: Garganacl|Protect|p2a: Garganacl
|-singleturn|p2a: Garganacl|Protect
|move|p1a: Frosmoth|Ice Beam|p2a: Garganacl
|-activate|p2a: Garganacl|move: Protect
|
|-heal|p2a: Garganacl|45/100|[from] item: Leftovers
|upkeep
|turn|14
|
|t:|1776131725
|move|p1a: Frosmoth|Ice Beam|p2a: Garganacl
|-damage|p2a: Garganacl|0 fnt
|faint|p2a: Garganacl
|
|upkeep
|
|t:|1776131729
|switch|p2a: Dragonite|Dragonite, M|100/100
|turn|15
|
|t:|1776131732
|-terastallize|p2a: Dragonite|Normal
|move|p2a: Dragonite|Extreme Speed|p1a: Frosmoth
|-end|p1a: Frosmoth|Substitute
|move|p1a: Frosmoth|Ice Beam|p2a: Dragonite
|-damage|p2a: Dragonite|47/100
|
|upkeep
|turn|16
|
|t:|1776131737
|move|p2a: Dragonite|Extreme Speed|p1a: Frosmoth
|-damage|p1a: Frosmoth|19/100
|move|p1a: Frosmoth|Ice Beam|p2a: Dragonite
|-damage|p2a: Dragonite|0 fnt
|faint|p2a: Dragonite
|
|upkeep
|
|t:|1776131740
|switch|p2a: Tornadus|Tornadus-Therian, M, shiny|100/100
|turn|17
|
|t:|1776131752
|switch|p2a: Hatterene|Hatterene, F|100/100
|move|p1a: Frosmoth|Ice Beam|p2a: Hatterene
|-damage|p2a: Hatterene|0 fnt
|faint|p2a: Hatterene
|
|upkeep
|
|t:|1776131755
|switch|p2a: Darkrai|Darkrai|100/100
|turn|18
|
|t:|1776131759
|switch|p2a: Great Tusk|Great Tusk|100/100
|-enditem|p2a: Great Tusk|Booster Energy
|-activate|p2a: Great Tusk|ability: Protosynthesis|[fromitem]
|-start|p2a: Great Tusk|protosynthesisatk
|move|p1a: Frosmoth|Ice Beam|p2a: Great Tusk
|-supereffective|p2a: Great Tusk
|-damage|p2a: Great Tusk|0 fnt
|faint|p2a: Great Tusk
|-end|p2a: Great Tusk|Protosynthesis|[silent]
|
|upkeep
|
|t:|1776131762
|switch|p2a: Darkrai|Darkrai|100/100
|turn|19
|
|t:|1776131765
|move|p1a: Frosmoth|Ice Beam|p2a: Darkrai
|-damage|p2a: Darkrai|0 fnt
|faint|p2a: Darkrai
|
|upkeep
|
|t:|1776131769
|switch|p2a: Tornadus|Tornadus-Therian, M, shiny|100/100
|turn|20
|
|t:|1776131771
|move|p1a: Frosmoth|Ice Beam|p2a: Tornadus
|-supereffective|p2a: Tornadus
|-damage|p2a: Tornadus|0 fnt
|faint|p2a: Tornadus
|
|win|bobbybobby123
|raw|bobbybobby123's rating: 1517 &rarr; <strong>1536</strong><br />(+19 for winning)
|raw|Blastoise_Choice's rating: 1499 &rarr; <strong>1480</strong><br />(-19 for losing)
|c|☆Blastoise_Choice|gg
