|html|<div class="broadcast-blue"><strong>[Gen 9] OU is currently suspecting Tera Blast! For information on how to participate check out the <a href="https://www.smogon.com/tools/suspects/view/200">suspect thread</a>.</strong></div>
|j|☆MucusLover49
|j|☆Jostar67
|t:|1776102271
|gametype|singles
|player|p1|MucusLover49|drayden|1114
|player|p2|Jostar67|102|1106
|gen|9
|tier|[Gen 9] OU
|rated|
|rule|HP Percentage Mod: HP is shown in percentages
|rule|Endless Battle Clause: Forcing endless battles is banned
|rule|Species Clause: Limit one of each Pokémon
|rule|OHKO Clause: OHKO moves are banned
|rule|Evasion Items Clause: Evasion items are banned
|rule|Evasion Moves Clause: Evasion moves are banned
|rule|Evasion Abilities Clause: Evasion abilities are banned
|rule|Sleep Moves Clause: Sleep-inducing moves are banned
|clearpoke
|poke|p1|Conkeldurr, F|
|poke|p1|Seviper, F|
|poke|p1|Vivillon-Sun, F|
|poke|p1|Swalot, F|
|poke|p1|Clefable, F|
|poke|p1|Milotic, F|
|poke|p2|Rotom-Mow|
|poke|p2|Kyurem|
|poke|p2|Corviknight, M|
|poke|p2|Toxapex, M|
|poke|p2|Ting-Lu|
|poke|p2|Arcanine-Hisui, F|
|teampreview
|inactive|Battle timer is ON: inactive players will automatically lose when time's up. (requested by MucusLover49)
|
|t:|1776102292
|teamsize|p1|6
|teamsize|p2|6
|start
|switch|p1a: Vivillon|Vivillon-Sun, F|100/100
|switch|p2a: Kyurem|Kyurem|100/100
|-ability|p2a: Kyurem|Pressure
|turn|1
|
|t:|1776102303
|-terastallize|p2a: Kyurem|Ice
|move|p2a: Kyurem|Freeze-Dry|p1a: Vivillon
|-supereffective|p1a: Vivillon
|-enditem|p1a: Vivillon|Focus Sash
|-damage|p1a: Vivillon|1/100
|move|p1a: Vivillon|Quiver Dance|p1a: Vivillon
|-boost|p1a: Vivillon|spa|1
|-boost|p1a: Vivillon|spd|1
|-boost|p1a: Vivillon|spe|1
|
|upkeep
|turn|2
|
|t:|1776102312
|move|p2a: Kyurem|Freeze-Dry|p1a: Vivillon
|-supereffective|p1a: Vivillon
|-damage|p1a: Vivillon|0 fnt
|faint|p1a: Vivillon
|
|upkeep
|
|t:|1776102319
|switch|p1a: Conkeldurr|Conkeldurr, F|100/100
|turn|3
|
|t:|1776102324
|switch|p2a: Toxapex|Toxapex, M|100/100
|move|p1a: Conkeldurr|Bulk Up|p1a: Conkeldurr
|-boost|p1a: Conkeldurr|atk|1
|-boost|p1a: Conkeldurr|def|1
|
|upkeep
|turn|4
|
|t:|1776102330
|move|p1a: Conkeldurr|Dynamic Punch|p2a: Toxapex|[miss]
|-miss|p1a: Conkeldurr|p2a: Toxapex
|-enditem|p1a: Conkeldurr|Blunder Policy
|-boost|p1a: Conkeldurr|spe|2
|move|p2a: Toxapex|Haze|p2a: Toxapex
|-clearallboost
|
|upkeep
|turn|5
|
|t:|1776102336
|move|p1a: Conkeldurr|Stomping Tantrum|p2a: Toxapex
|-supereffective|p2a: Toxapex
|-damage|p2a: Toxapex|29/100
|-damage|p1a: Conkeldurr|84/100|[from] item: Rocky Helmet|[of] p2a: Toxapex
|move|p2a: Toxapex|Toxic|p1a: Conkeldurr
|-status|p1a: Conkeldurr|tox
|
|-damage|p1a: Conkeldurr|78/100 tox|[from] psn
|upkeep
|turn|6
|
|t:|1776102346
|switch|p2a: Rotom|Rotom-Mow|100/100
|move|p1a: Conkeldurr|Dynamic Punch|p2a: Rotom
|-damage|p2a: Rotom|7/100
|-start|p2a: Rotom|confusion
|
|-damage|p1a: Conkeldurr|65/100 tox|[from] psn
|upkeep
|turn|7
|
|t:|1776102353
|switch|p2a: Corviknight|Corviknight, M|100/100
|-ability|p2a: Corviknight|Pressure
|move|p1a: Conkeldurr|Drain Punch|p2a: Corviknight
|-damage|p2a: Corviknight|70/100
|-heal|p1a: Conkeldurr|82/100 tox|[from] drain|[of] p2a: Corviknight
|
|-damage|p1a: Conkeldurr|64/100 tox|[from] psn
|upkeep
|turn|8
|
|t:|1776102361
|move|p1a: Conkeldurr|Bulk Up|p1a: Conkeldurr
|-boost|p1a: Conkeldurr|atk|1
|-boost|p1a: Conkeldurr|def|1
|move|p2a: Corviknight|Roost|p2a: Corviknight
|-heal|p2a: Corviknight|100/100
|-singleturn|p2a: Corviknight|move: Roost
|
|-damage|p1a: Conkeldurr|39/100 tox|[from] psn
|upkeep
|turn|9
|
|t:|1776102367
|switch|p2a: Toxapex|Toxapex, M|62/100
|move|p1a: Conkeldurr|Dynamic Punch|p2a: Toxapex
|-resisted|p2a: Toxapex
|-damage|p2a: Toxapex|32/100
|-start|p2a: Toxapex|confusion
|-damage|p1a: Conkeldurr|22/100 tox|[from] item: Rocky Helmet|[of] p2a: Toxapex
|
|-damage|p1a: Conkeldurr|0 fnt|[from] psn
|faint|p1a: Conkeldurr
|upkeep
|
|t:|1776102384
|switch|p1a: Seviper|Seviper, F|100/100
|turn|10
|
|t:|1776102390
|switch|p2a: Corviknight|Corviknight, M|100/100
|-ability|p2a: Corviknight|Pressure
|move|p1a: Seviper|Coil|p1a: Seviper
|-boost|p1a: Seviper|atk|1
|-boost|p1a: Seviper|def|1
|-boost|p1a: Seviper|accuracy|1
|
|upkeep
|turn|11
|
|t:|1776102400
|switch|p1a: Milotic|Milotic, F|100/100
|move|p2a: Corviknight|U-turn|p1a: Milotic
|-damage|p1a: Milotic|90/100
|
|t:|1776102405
|switch|p2a: Rotom|Rotom-Mow|7/100|[from] U-turn
|
|-status|p1a: Milotic|brn|[from] item: Flame Orb
|upkeep
|turn|12
|
|t:|1776102413
|move|p2a: Rotom|Leaf Storm|p1a: Milotic
|-supereffective|p1a: Milotic
|-damage|p1a: Milotic|0 fnt
|-unboost|p2a: Rotom|spa|2
|faint|p1a: Milotic
|
|upkeep
|
|t:|1776102419
|switch|p1a: Clefable|Clefable, F|100/100
|turn|13
|
|t:|1776102428
|switch|p2a: Arcanine|Arcanine-Hisui, F|100/100
|move|p1a: Clefable|Meteor Mash|p2a: Arcanine|[miss]
|-miss|p1a: Clefable|p2a: Arcanine
|
|upkeep
|turn|14
|
|t:|1776102436
|move|p2a: Arcanine|Head Smash|p1a: Clefable|[miss]
|-miss|p2a: Arcanine|p1a: Clefable
|move|p1a: Clefable|Meteor Mash|p2a: Arcanine
|-damage|p2a: Arcanine|59/100
|
|upkeep
|turn|15
|
|t:|1776102441
|move|p2a: Arcanine|Head Smash|p1a: Clefable
|-damage|p1a: Clefable|0 fnt
|faint|p1a: Clefable
|
|upkeep
|
|t:|1776102445
|switch|p1a: Swalot|Swalot, F|100/100
|turn|16
|
|t:|1776102450
|move|p2a: Arcanine|Head Smash|p1a: Swalot|[miss]
|-miss|p2a: Arcanine|p1a: Swalot
|move|p1a: Swalot|Stuff Cheeks|p1a: Swalot
|-boost|p1a: Swalot|def|2
|-enditem|p1a: Swalot|Starf Berry|[eat]
|-boost|p1a: Swalot|spd|2|[from] item: Starf Berry
|
|upkeep
|turn|17
|
|t:|1776102464
|move|p2a: Arcanine|Head Smash|p1a: Swalot
|-damage|p1a: Swalot|51/100
|move|p1a: Swalot|Body Press|p2a: Arcanine
|-supereffective|p2a: Arcanine
|-damage|p2a: Arcanine|0 fnt
|faint|p2a: Arcanine
|
|upkeep
|
|t:|1776102468
|switch|p2a: Ting-Lu|Ting-Lu|100/100
|-ability|p2a: Ting-Lu|Vessel of Ruin
|turn|18
|
|t:|1776102472
|move|p1a: Swalot|Body Press|p2a: Ting-Lu
|-supereffective|p2a: Ting-Lu
|-damage|p2a: Ting-Lu|55/100
|move|p2a: Ting-Lu|Whirlwind|p1a: Swalot
|drag|p1a: Seviper|Seviper, F|100/100
|
|-heal|p2a: Ting-Lu|61/100|[from] item: Leftovers
|upkeep
|turn|19
|
|t:|1776102482
|move|p1a: Seviper|Earthquake|p2a: Ting-Lu
|-damage|p2a: Ting-Lu|44/100
|move|p2a: Ting-Lu|Earthquake|p1a: Seviper
|-supereffective|p1a: Seviper
|-damage|p1a: Seviper|0 fnt
|faint|p1a: Seviper
|
|-heal|p2a: Ting-Lu|50/100|[from] item: Leftovers
|upkeep
|
|t:|1776102487
|switch|p1a: Swalot|Swalot, F|51/100
|turn|20
|
|t:|1776102492
|switch|p2a: Rotom|Rotom-Mow|7/100
|move|p1a: Swalot|Body Press|p2a: Rotom
|-damage|p2a: Rotom|0 fnt
|faint|p2a: Rotom
|
|upkeep
|
|t:|1776102501
|switch|p2a: Kyurem|Kyurem, tera:Ice|100/100
|-ability|p2a: Kyurem|Pressure
|turn|21
|
|t:|1776102507
|move|p2a: Kyurem|Earth Power|p1a: Swalot
|-supereffective|p1a: Swalot
|-damage|p1a: Swalot|0 fnt
|faint|p1a: Swalot
|
|win|Jostar67
|raw|MucusLover49's rating: 1114 &rarr; <strong>1088</strong><br />(-26 for losing)
|raw|Jostar67's rating: 1106 &rarr; <strong>1132</strong><br />(+26 for winning)
|l|☆MucusLover49
|player|p1|
|l|☆Jostar67
|player|p2|
