|html|<div class="broadcast-blue"><strong>[Gen 9] OU is currently suspecting Tera Blast! For information on how to participate check out the <a href="https://www.smogon.com/tools/suspects/view/200">suspect thread</a>.</strong></div>
|j|☆Entropy Loss
|j|☆thomazigor89
|t:|1776079469
|gametype|singles
|player|p1|Entropy Loss|170|1061
|player|p2|thomazigor89|jogger|1050
|gen|9
|tier|[Gen 9] OU
|rated|
|rule|HP Percentage Mod: HP is shown in percentages
|rule|Endless Battle Clause: Forcing endless battles is banned
|rule|Species Clause: Limit one of each Pokémon
|rule|OHKO Clause: OHKO moves are banned
|rule|Evasion Items Clause: Evasion items are banned
|rule|Evasion Moves Clause: Evasion moves are banned
|rule|Evasion Abilities Clause: Evasion abilities are banned
|rule|Sleep Moves Clause: Sleep-inducing moves are banned
|clearpoke
|poke|p1|Pelipper, M|
|poke|p1|Greninja-*, M|
|poke|p1|Basculegion, M|
|poke|p1|Zapdos|
|poke|p1|Sandy Shocks|
|poke|p1|Scizor, M|
|poke|p2|Typhlosion, F|
|poke|p2|Lanturn, M|
|poke|p2|Skarmory, F|
|poke|p2|Heracross, F|
|poke|p2|Gligar, M|
|poke|p2|Tyranitar, F|
|teampreview
|j| ohko_smeargle
|
|t:|1776079477
|teamsize|p1|6
|teamsize|p2|6
|start
|switch|p1a: Pelipper|Pelipper, M|100/100
|switch|p2a: Skarmory|Skarmory, F, shiny|100/100
|-weather|RainDance|[from] ability: Drizzle|[of] p1a: Pelipper
|turn|1
|
|t:|1776079488
|switch|p1a: Zapdos|Zapdos|100/100
|move|p2a: Skarmory|Spikes|p1a: Zapdos
|-sidestart|p1: Entropy Loss|Spikes
|
|-weather|RainDance|[upkeep]
|upkeep
|turn|2
|
|t:|1776079497
|switch|p2a: Lanturn|Lanturn, M|100/100
|move|p1a: Zapdos|Thunder|p2a: Lanturn
|-immune|p2a: Lanturn|[from] ability: Volt Absorb
|
|-weather|RainDance|[upkeep]
|upkeep
|turn|3
|
|t:|1776079507
|move|p1a: Zapdos|U-turn|p2a: Lanturn
|-damage|p2a: Lanturn|86/100
|
|t:|1776079514
|switch|p1a: Sandy Shocks|Sandy Shocks|100/100|[from] U-turn
|-damage|p1a: Sandy Shocks|88/100|[from] Spikes
|-enditem|p1a: Sandy Shocks|Booster Energy
|-activate|p1a: Sandy Shocks|ability: Protosynthesis|[fromitem]
|-start|p1a: Sandy Shocks|protosynthesisspe
|move|p2a: Lanturn|Scald|p1a: Sandy Shocks
|-supereffective|p1a: Sandy Shocks
|-damage|p1a: Sandy Shocks|0 fnt
|faint|p1a: Sandy Shocks
|-end|p1a: Sandy Shocks|Protosynthesis|[silent]
|
|-weather|RainDance|[upkeep]
|-heal|p2a: Lanturn|92/100|[from] item: Leftovers
|upkeep
|
|t:|1776079532
|switch|p1a: Basculegion|Basculegion, M|100/100
|-damage|p1a: Basculegion|88/100|[from] Spikes
|turn|4
|
|t:|1776079542
|-terastallize|p1a: Basculegion|Water
|move|p1a: Basculegion|Wave Crash|p2a: Lanturn
|-resisted|p2a: Lanturn
|-damage|p2a: Lanturn|0 fnt
|faint|p2a: Lanturn
|-damage|p1a: Basculegion|52/100|[from] Recoil
|
|-weather|RainDance|[upkeep]
|upkeep
|
|t:|1776079560
|switch|p2a: Skarmory|Skarmory, F, shiny|100/100
|turn|5
|
|t:|1776079572
|move|p1a: Basculegion|Wave Crash|p2a: Skarmory
|-damage|p2a: Skarmory|0 fnt
|-damage|p1a: Basculegion|35/100|[from] item: Rocky Helmet|[of] p2a: Skarmory
|faint|p2a: Skarmory
|-damage|p1a: Basculegion|7/100|[from] Recoil
|
|-weather|RainDance|[upkeep]
|upkeep
|
|t:|1776079587
|switch|p2a: Tyranitar|Tyranitar, F|100/100
|-weather|Sandstorm|[from] ability: Sand Stream|[of] p2a: Tyranitar
|turn|6
|
|t:|1776079597
|switch|p2a: Gligar|Gligar, M, shiny|100/100
|move|p1a: Basculegion|Wave Crash|p2a: Gligar
|-supereffective|p2a: Gligar
|-damage|p2a: Gligar|0 fnt
|faint|p2a: Gligar
|-damage|p1a: Basculegion|0 fnt|[from] Recoil
|faint|p1a: Basculegion
|
|-weather|Sandstorm|[upkeep]
|upkeep
|
|t:|1776079615
|switch|p1a: Pelipper|Pelipper, M|100/100
|switch|p2a: Heracross|Heracross, F|100/100
|-weather|RainDance|[from] ability: Drizzle|[of] p1a: Pelipper
|turn|7
|
|t:|1776079628
|move|p2a: Heracross|Rock Slide|p1a: Pelipper
|-supereffective|p1a: Pelipper
|-damage|p1a: Pelipper|32/100
|-damage|p2a: Heracross|91/100|[from] item: Life Orb
|cant|p1a: Pelipper|flinch
|
|-weather|RainDance|[upkeep]
|upkeep
|turn|8
|
|t:|1776079640
|move|p2a: Heracross|Rock Slide|p1a: Pelipper|[miss]
|-miss|p2a: Heracross|p1a: Pelipper
|move|p1a: Pelipper|Ice Beam|p2a: Heracross
|-damage|p2a: Heracross|55/100
|
|-weather|RainDance|[upkeep]
|upkeep
|turn|9
|
|t:|1776079650
|switch|p1a: Scizor|Scizor, M|100/100
|-damage|p1a: Scizor|88/100|[from] Spikes
|move|p2a: Heracross|Rock Slide|p1a: Scizor
|-damage|p1a: Scizor|53/100
|-damage|p2a: Heracross|45/100|[from] item: Life Orb
|
|-weather|RainDance|[upkeep]
|upkeep
|turn|10
|
|t:|1776079662
|move|p1a: Scizor|Bullet Punch|p2a: Heracross
|-damage|p2a: Heracross|0 fnt
|faint|p2a: Heracross
|
|-weather|RainDance|[upkeep]
|upkeep
|
|t:|1776079669
|switch|p2a: Typhlosion|Typhlosion, F|100/100
|turn|11
|
|t:|1776079679
|move|p2a: Typhlosion|Sunny Day|p2a: Typhlosion
|-weather|SunnyDay
|move|p1a: Scizor|Thief|p2a: Typhlosion
|-damage|p2a: Typhlosion|48/100
|
|-weather|SunnyDay|[upkeep]
|upkeep
|turn|12
|
|t:|1776079689
|switch|p1a: Pelipper|Pelipper, M|32/100
|-weather|RainDance|[from] ability: Drizzle|[of] p1a: Pelipper
|move|p2a: Typhlosion|Sunny Day|p2a: Typhlosion
|-weather|SunnyDay
|
|-weather|SunnyDay|[upkeep]
|upkeep
|turn|13
|
|t:|1776079699
|move|p2a: Typhlosion|Solar Beam||[still]
|-prepare|p2a: Typhlosion|Solar Beam
|-anim|p2a: Typhlosion|Solar Beam|p1a: Pelipper
|-damage|p1a: Pelipper|0 fnt
|faint|p1a: Pelipper
|
|-weather|SunnyDay|[upkeep]
|upkeep
|
|t:|1776079710
|switch|p1a: Zapdos|Zapdos|100/100
|turn|14
|
|t:|1776079715
|move|p2a: Typhlosion|Heat Wave|p1a: Zapdos
|-damage|p1a: Zapdos|32/100
|move|p1a: Zapdos|Thunder|p2a: Typhlosion
|-damage|p2a: Typhlosion|0 fnt
|faint|p2a: Typhlosion
|
|-weather|SunnyDay|[upkeep]
|upkeep
|
|t:|1776079724
|switch|p2a: Tyranitar|Tyranitar, F|100/100
|-weather|Sandstorm|[from] ability: Sand Stream|[of] p2a: Tyranitar
|turn|15
|
|t:|1776079731
|move|p1a: Zapdos|Thunder|p2a: Tyranitar
|-damage|p2a: Tyranitar|70/100
|-status|p2a: Tyranitar|par
|move|p2a: Tyranitar|Dragon Dance|p2a: Tyranitar
|-boost|p2a: Tyranitar|atk|1
|-boost|p2a: Tyranitar|spe|1
|
|-weather|Sandstorm|[upkeep]
|-damage|p1a: Zapdos|26/100|[from] Sandstorm
|upkeep
|turn|16
|
|t:|1776079743
|move|p1a: Zapdos|Thunder|p2a: Tyranitar
|-damage|p2a: Tyranitar|39/100 par
|move|p2a: Tyranitar|Dragon Dance|p2a: Tyranitar
|-boost|p2a: Tyranitar|atk|1
|-boost|p2a: Tyranitar|spe|1
|
|-weather|Sandstorm|[upkeep]
|-damage|p1a: Zapdos|20/100|[from] Sandstorm
|upkeep
|turn|17
|
|t:|1776079754
|move|p1a: Zapdos|Thunder|p2a: Tyranitar
|-damage|p2a: Tyranitar|7/100 par
|move|p2a: Tyranitar|Ice Punch|p1a: Zapdos
|-supereffective|p1a: Zapdos
|-damage|p1a: Zapdos|0 fnt
|faint|p1a: Zapdos
|
|-weather|Sandstorm|[upkeep]
|upkeep
|
|t:|1776079764
|switch|p1a: Greninja|Greninja, M|100/100
|-damage|p1a: Greninja|88/100|[from] Spikes
|turn|18
|
|t:|1776079770
|move|p1a: Greninja|Water Shuriken|p2a: Tyranitar
|-supereffective|p2a: Tyranitar
|-damage|p2a: Tyranitar|0 fnt
|faint|p2a: Tyranitar
|-hitcount|p2: Tyranitar|1
|-damage|p1a: Greninja|78/100|[from] item: Life Orb
|
|win|Entropy Loss
|raw|Entropy Loss's rating: 1061 &rarr; <strong>1091</strong><br />(+30 for winning)
|raw|thomazigor89's rating: 1050 &rarr; <strong>1033</strong><br />(-17 for losing)
|l| ohko_smeargle
|l|☆thomazigor89
|player|p2|
|l|☆Entropy Loss
|player|p1|
