|html|<div class="broadcast-blue"><strong>[Gen 9] OU is currently suspecting Tera Blast! For information on how to participate check out the <a href="https://www.smogon.com/tools/suspects/view/200">suspect thread</a>.</strong></div>
|j|☆amimec
|j|☆OP Earthquakes
|t:|1776162744
|gametype|singles
|player|p1|amimec|eusine|1701
|player|p2|OP Earthquakes|giovanni-masters|1659
|gen|9
|tier|[Gen 9] OU
|rated|
|rule|HP Percentage Mod: HP is shown in percentages
|rule|Endless Battle Clause: Forcing endless battles is banned
|rule|Species Clause: Limit one of each Pokémon
|rule|OHKO Clause: OHKO moves are banned
|rule|Evasion Items Clause: Evasion items are banned
|rule|Evasion Moves Clause: Evasion moves are banned
|rule|Evasion Abilities Clause: Evasion abilities are banned
|rule|Sleep Moves Clause: Sleep-inducing moves are banned
|clearpoke
|poke|p1|Deoxys-Speed|
|poke|p1|Dragonite, F|
|poke|p1|Glimmora, M|
|poke|p1|Iron Valiant|
|poke|p1|Great Tusk|
|poke|p1|Kingambit, M|
|poke|p2|Excadrill, M|
|poke|p2|Tyranitar, M|
|poke|p2|Kyurem|
|poke|p2|Hawlucha, M|
|poke|p2|Pawmot, F|
|poke|p2|Grimmsnarl, M|
|teampreview
|inactive|Battle timer is ON: inactive players will automatically lose when time's up. (requested by OP Earthquakes)
|
|t:|1776162759
|teamsize|p1|6
|teamsize|p2|6
|start
|switch|p1a: Kingambit|Kingambit, M|100/100
|switch|p2a: Grimmsnarl|Grimmsnarl, M|100/100
|turn|1
|
|t:|1776162767
|-terastallize|p2a: Grimmsnarl|Fighting
|move|p2a: Grimmsnarl|Drain Punch|p1a: Kingambit
|-supereffective|p1a: Kingambit
|-damage|p1a: Kingambit|0 fnt
|faint|p1a: Kingambit
|-end|p1a: Kingambit|fallenundefined|[silent]
|
|upkeep
|
|t:|1776162779
|switch|p1a: Deoxys|Deoxys-Speed|100/100
|-ability|p1a: Deoxys|Pressure
|turn|2
|
|t:|1776162788
|switch|p2a: The sandstorm|Tyranitar, M, shiny|100/100
|-weather|Sandstorm|[from] ability: Sand Stream|[of] p2a: The sandstorm
|move|p1a: Deoxys|Reflect|p1a: Deoxys
|-sidestart|p1: amimec|Reflect
|
|-weather|Sandstorm|[upkeep]
|-damage|p1a: Deoxys|95/100|[from] Sandstorm
|upkeep
|turn|3
|
|t:|1776162794
|switch|p2a: OP|Excadrill, M|100/100
|move|p1a: Deoxys|Taunt|p2a: OP
|-start|p2a: OP|move: Taunt
|
|-weather|Sandstorm|[upkeep]
|-damage|p1a: Deoxys|89/100|[from] Sandstorm
|upkeep
|turn|4
|
|t:|1776162798
|move|p2a: OP|Iron Head|p1a: Deoxys
|-damage|p1a: Deoxys|42/100
|cant|p1a: Deoxys|flinch
|
|-weather|Sandstorm|[upkeep]
|-damage|p1a: Deoxys|36/100|[from] Sandstorm
|upkeep
|turn|5
|
|t:|1776162801
|move|p2a: OP|Iron Head|p1a: Deoxys
|-damage|p1a: Deoxys|0 fnt
|faint|p1a: Deoxys
|
|-weather|Sandstorm|[upkeep]
|-end|p2a: OP|move: Taunt
|upkeep
|
|t:|1776162804
|switch|p1a: Great Tusk|Great Tusk|100/100
|-enditem|p1a: Great Tusk|Booster Energy
|-activate|p1a: Great Tusk|ability: Protosynthesis|[fromitem]
|-start|p1a: Great Tusk|protosynthesisspe
|turn|6
|
|t:|1776162811
|switch|p2a: Itachi|Hawlucha, M, shiny|100/100
|-ability|p2a: Itachi|Mold Breaker
|move|p1a: Great Tusk|Bulk Up|p1a: Great Tusk
|-boost|p1a: Great Tusk|atk|1
|-boost|p1a: Great Tusk|def|1
|
|-weather|Sandstorm|[upkeep]
|-damage|p2a: Itachi|94/100|[from] Sandstorm
|upkeep
|turn|7
|
|t:|1776162822
|move|p1a: Great Tusk|Head Smash|p2a: Itachi
|-damage|p2a: Itachi|0 fnt
|faint|p2a: Itachi
|-damage|p1a: Great Tusk|68/100|[from] Recoil
|
|-weather|Sandstorm|[upkeep]
|upkeep
|
|t:|1776162829
|switch|p2a: Grimmsnarl|Grimmsnarl, M, tera:Fighting|100/100
|turn|8
|
|t:|1776162832
|move|p2a: Grimmsnarl|Reflect|p2a: Grimmsnarl
|-sidestart|p2: OP Earthquakes|Reflect
|move|p1a: Great Tusk|Bulk Up|p1a: Great Tusk
|-boost|p1a: Great Tusk|atk|1
|-boost|p1a: Great Tusk|def|1
|
|-weather|Sandstorm|[upkeep]
|-damage|p2a: Grimmsnarl|94/100|[from] Sandstorm
|upkeep
|turn|9
|
|t:|1776162838
|switch|p2a: Frieza|Kyurem, shiny|100/100
|-ability|p2a: Frieza|Pressure
|move|p1a: Great Tusk|Rapid Spin|p2a: Frieza
|-damage|p2a: Frieza|88/100
|-boost|p1a: Great Tusk|spe|1
|
|-weather|none
|-sideend|p1: amimec|Reflect
|upkeep
|turn|10
|
|t:|1776162843
|move|p1a: Great Tusk|Head Smash|p2a: Frieza
|-supereffective|p2a: Frieza
|-damage|p2a: Frieza|9/100
|-damage|p1a: Great Tusk|31/100|[from] Recoil
|move|p2a: Frieza|Freeze-Dry|p1a: Great Tusk
|-supereffective|p1a: Great Tusk
|-damage|p1a: Great Tusk|0 fnt
|faint|p1a: Great Tusk
|-end|p1a: Great Tusk|Protosynthesis|[silent]
|
|upkeep
|
|t:|1776162850
|switch|p1a: Iron Valiant|Iron Valiant|100/100
|-enditem|p1a: Iron Valiant|Booster Energy
|-activate|p1a: Iron Valiant|ability: Quark Drive|[fromitem]
|-start|p1a: Iron Valiant|quarkdrivespe
|turn|11
|
|t:|1776162859
|move|p1a: Iron Valiant|Moonblast|p2a: Frieza
|-supereffective|p2a: Frieza
|-damage|p2a: Frieza|0 fnt
|faint|p2a: Frieza
|
|upkeep
|
|t:|1776162867
|switch|p2a: The sandstorm|Tyranitar, M, shiny|100/100
|-weather|Sandstorm|[from] ability: Sand Stream|[of] p2a: The sandstorm
|turn|12
|
|t:|1776162882
|move|p1a: Iron Valiant|Moonblast|p2a: The sandstorm
|-supereffective|p2a: The sandstorm
|-damage|p2a: The sandstorm|35/100
|move|p2a: The sandstorm|Stealth Rock|p1a: Iron Valiant
|-sidestart|p1: amimec|move: Stealth Rock
|
|-weather|Sandstorm|[upkeep]
|-damage|p1a: Iron Valiant|94/100|[from] Sandstorm
|upkeep
|turn|13
|
|t:|1776162893
|switch|p2a: OP|Excadrill, M|100/100
|move|p1a: Iron Valiant|Moonblast|p2a: OP
|-resisted|p2a: OP
|-damage|p2a: OP|71/100
|
|-weather|Sandstorm|[upkeep]
|-damage|p1a: Iron Valiant|88/100|[from] Sandstorm
|upkeep
|turn|14
|
|t:|1776162897
|move|p2a: OP|Iron Head|p1a: Iron Valiant
|-supereffective|p1a: Iron Valiant
|-crit|p1a: Iron Valiant
|-damage|p1a: Iron Valiant|0 fnt
|faint|p1a: Iron Valiant
|-end|p1a: Iron Valiant|Quark Drive|[silent]
|
|-weather|Sandstorm|[upkeep]
|upkeep
|
|t:|1776162901
|switch|p1a: Dragonite|Dragonite, F|100/100
|-damage|p1a: Dragonite|76/100|[from] Stealth Rock
|turn|15
|
|t:|1776162903
|move|p2a: OP|Iron Head|p1a: Dragonite
|-damage|p1a: Dragonite|5/100
|cant|p1a: Dragonite|flinch
|
|-weather|Sandstorm|[upkeep]
|-damage|p1a: Dragonite|0 fnt|[from] Sandstorm
|faint|p1a: Dragonite
|-sideend|p2: OP Earthquakes|Reflect
|upkeep
|-message|amimec forfeited.
|
|win|OP Earthquakes
|raw|amimec's rating: 1701 &rarr; <strong>1679</strong><br />(-22 for losing)
|raw|OP Earthquakes's rating: 1659 &rarr; <strong>1681</strong><br />(+22 for winning)
|l|☆amimec
|player|p1|
