|html|<div class="broadcast-blue"><strong>[Gen 9] OU is currently suspecting Tera Blast! For information on how to participate check out the <a href="https://www.smogon.com/tools/suspects/view/200">suspect thread</a>.</strong></div>
|j|☆godspeedbenny
|j|☆HAZ696
|t:|1776131954
|gametype|singles
|player|p1|godspeedbenny|clown|
|player|p2|HAZ696|swimmerf-gen4|
|gen|9
|tier|[Gen 9] OU
|rule|HP Percentage Mod: HP is shown in percentages
|rule|Endless Battle Clause: Forcing endless battles is banned
|rule|Species Clause: Limit one of each Pokémon
|rule|OHKO Clause: OHKO moves are banned
|rule|Evasion Items Clause: Evasion items are banned
|rule|Evasion Moves Clause: Evasion moves are banned
|rule|Evasion Abilities Clause: Evasion abilities are banned
|rule|Sleep Moves Clause: Sleep-inducing moves are banned
|clearpoke
|poke|p1|Kommo-o, M|
|poke|p1|Ogerpon-Wellspring, F|
|poke|p1|Deoxys-Speed|
|poke|p1|Ceruledge, F|
|poke|p1|Garchomp, F|
|poke|p1|Registeel|
|poke|p2|Delphox, F|
|poke|p2|Salazzle, F|
|poke|p2|Vaporeon, F|
|poke|p2|Virizion|
|poke|p2|Meowscarada, F|
|poke|p2|Gardevoir, F|
|teampreview
|j| Damolegend01
|j| Makoshark99
|
|t:|1776131969
|teamsize|p1|6
|teamsize|p2|6
|start
|switch|p1a: RIP Turbo|Deoxys-Speed|100/100
|switch|p2a: Hot Furry|Meowscarada, F, shiny|100/100
|-ability|p1a: RIP Turbo|Pressure
|turn|1
|
|t:|1776131978
|move|p2a: Hot Furry|Knock Off|p1a: RIP Turbo
|-start|p2a: Hot Furry|typechange|Dark|[from] ability: Protean
|-supereffective|p1a: RIP Turbo
|-enditem|p1a: RIP Turbo|Focus Sash
|-damage|p1a: RIP Turbo|1/100
|move|p1a: RIP Turbo|Stealth Rock|p2a: Hot Furry
|-sidestart|p2: HAZ696|move: Stealth Rock
|
|upkeep
|turn|2
|
|t:|1776131989
|move|p1a: RIP Turbo|Extreme Speed|p2a: Hot Furry
|-damage|p2a: Hot Furry|73/100
|move|p2a: Hot Furry|Knock Off|p1a: RIP Turbo
|-supereffective|p1a: RIP Turbo
|-damage|p1a: RIP Turbo|0 fnt
|faint|p1a: RIP Turbo
|
|upkeep
|
|t:|1776132001
|switch|p1a: Netanyahu|Kommo-o, M|100/100
|turn|3
|
|t:|1776132015
|switch|p2a: Goth Baddie|Salazzle, F, shiny|100/100
|-damage|p2a: Goth Baddie|76/100|[from] Stealth Rock
|move|p1a: Netanyahu|Swords Dance|p1a: Netanyahu
|-boost|p1a: Netanyahu|atk|2
|
|upkeep
|turn|4
|
|t:|1776132036
|move|p2a: Goth Baddie|Dragon Pulse|p1a: Netanyahu
|-supereffective|p1a: Netanyahu
|-damage|p1a: Netanyahu|52/100
|move|p1a: Netanyahu|Earthquake|p2a: Goth Baddie
|-supereffective|p2a: Goth Baddie
|-damage|p2a: Goth Baddie|0 fnt
|faint|p2a: Goth Baddie
|
|upkeep
|
|t:|1776132043
|switch|p2a: Pocket Poreon|Vaporeon, F, shiny|100/100
|-damage|p2a: Pocket Poreon|88/100|[from] Stealth Rock
|turn|5
|
|t:|1776132058
|move|p1a: Netanyahu|Close Combat|p2a: Pocket Poreon
|-damage|p2a: Pocket Poreon|0 fnt
|-unboost|p1a: Netanyahu|def|1
|-unboost|p1a: Netanyahu|spd|1
|faint|p2a: Pocket Poreon
|
|upkeep
|
|t:|1776132069
|switch|p2a: 10/10 Redhead|Delphox, F|100/100
|-damage|p2a: 10/10 Redhead|76/100|[from] Stealth Rock
|turn|6
|
|t:|1776132075
|-terastallize|p2a: 10/10 Redhead|Fairy
|move|p2a: 10/10 Redhead|Psychic|p1a: Netanyahu
|-supereffective|p1a: Netanyahu
|-damage|p1a: Netanyahu|0 fnt
|faint|p1a: Netanyahu
|
|upkeep
|
|t:|1776132122
|switch|p1a: ASU Frat Leader|Garchomp, F|100/100
|turn|7
|
|t:|1776132133
|switch|p2a: Uma musume|Virizion|100/100
|-damage|p2a: Uma musume|94/100|[from] Stealth Rock
|move|p1a: ASU Frat Leader|Earthquake|p2a: Uma musume
|-resisted|p2a: Uma musume
|-damage|p2a: Uma musume|51/100
|-damage|p1a: ASU Frat Leader|91/100|[from] item: Life Orb
|
|upkeep
|turn|8
|
|t:|1776132180
|switch|p1a: Pizza Movie Smart|Ceruledge, F|100/100
|move|p2a: Uma musume|Sacred Sword|p1a: Pizza Movie Smart
|-immune|p1a: Pizza Movie Smart
|
|upkeep
|turn|9
|
|t:|1776132199
|switch|p2a: 10/10 Redhead|Delphox, F, tera:Fairy|76/100
|-damage|p2a: 10/10 Redhead|63/100|[from] Stealth Rock
|move|p1a: Pizza Movie Smart|Swords Dance|p1a: Pizza Movie Smart
|-boost|p1a: Pizza Movie Smart|atk|2
|
|upkeep
|turn|10
|
|t:|1776132210
|move|p1a: Pizza Movie Smart|Shadow Sneak|p2a: 10/10 Redhead
|-damage|p2a: 10/10 Redhead|6/100
|-enditem|p2a: 10/10 Redhead|Red Card|[of] p1a: Pizza Movie Smart
|drag|p1a: Cumblast|Ogerpon-Wellspring, F|100/100
|move|p2a: 10/10 Redhead|Substitute|p2a: 10/10 Redhead
|-fail|p2a: 10/10 Redhead|move: Substitute|[weak]
|
|upkeep
|turn|11
|
|t:|1776132221
|switch|p2a: Uma musume|Virizion|51/100
|-damage|p2a: Uma musume|45/100|[from] Stealth Rock
|move|p1a: Cumblast|Horn Leech|p2a: Uma musume
|-resisted|p2a: Uma musume
|-damage|p2a: Uma musume|18/100
|
|upkeep
|turn|12
|
|t:|1776132230
|switch|p1a: Pizza Movie Smart|Ceruledge, F|100/100
|move|p2a: Uma musume|X-Scissor|p1a: Pizza Movie Smart
|-resisted|p1a: Pizza Movie Smart
|-damage|p1a: Pizza Movie Smart|92/100
|-ability|p1a: Pizza Movie Smart|Weak Armor|boost
|-unboost|p1a: Pizza Movie Smart|def|1
|-boost|p1a: Pizza Movie Smart|spe|2
|
|-heal|p1a: Pizza Movie Smart|98/100|[from] item: Leftovers
|upkeep
|turn|13
|
|t:|1776132243
|switch|p2a: Wife Material|Gardevoir, F|100/100
|-damage|p2a: Wife Material|88/100|[from] Stealth Rock
|-ability|p2a: Wife Material|Weak Armor|Trace|[from] ability: Trace|[of] p1a: Pizza Movie Smart
|move|p1a: Pizza Movie Smart|Psycho Cut|p2a: Wife Material
|-resisted|p2a: Wife Material
|-damage|p2a: Wife Material|69/100
|-ability|p2a: Wife Material|Weak Armor|boost
|-unboost|p2a: Wife Material|def|1
|-boost|p2a: Wife Material|spe|2
|
|-heal|p1a: Pizza Movie Smart|100/100|[from] item: Leftovers
|upkeep
|turn|14
|
|t:|1776132261
|move|p1a: Pizza Movie Smart|Shadow Sneak|p2a: Wife Material
|-supereffective|p2a: Wife Material
|-damage|p2a: Wife Material|0 fnt
|faint|p2a: Wife Material
|
|upkeep
|
|t:|1776132267
|switch|p2a: Hot Furry|Meowscarada, F, shiny|73/100
|-damage|p2a: Hot Furry|61/100|[from] Stealth Rock
|turn|15
|
|t:|1776132275
|move|p1a: Pizza Movie Smart|Bitter Blade|p2a: Hot Furry
|-supereffective|p2a: Hot Furry
|-damage|p2a: Hot Furry|0 fnt
|faint|p2a: Hot Furry
|
|upkeep
|
|t:|1776132280
|switch|p2a: Uma musume|Virizion|18/100
|-damage|p2a: Uma musume|12/100|[from] Stealth Rock
|turn|16
|
|t:|1776132287
|move|p1a: Pizza Movie Smart|Bitter Blade|p2a: Uma musume
|-supereffective|p2a: Uma musume
|-damage|p2a: Uma musume|0 fnt
|faint|p2a: Uma musume
|
|upkeep
|c|☆HAZ696|360 no scope
|
|t:|1776132298
|switch|p2a: 10/10 Redhead|Delphox, F, tera:Fairy|6/100
|-damage|p2a: 10/10 Redhead|0 fnt|[from] Stealth Rock
|faint|p2a: 10/10 Redhead
|
|win|godspeedbenny
|l| Damolegend01
|l|☆HAZ696
|player|p2|
|l| Makoshark99
