|html|<div class="broadcast-blue"><strong>[Gen 9] OU is currently suspecting Tera Blast! For information on how to participate check out the <a href="https://www.smogon.com/tools/suspects/view/200">suspect thread</a>.</strong></div>
|j|☆venator
|j|☆NoClipTzy
|t:|1776067148
|gametype|singles
|player|p1|venator|acetrainer-gen4dp|1109
|player|p2|NoClipTzy|1|1059
|gen|9
|tier|[Gen 9] OU
|rated|
|rule|HP Percentage Mod: HP is shown in percentages
|rule|Endless Battle Clause: Forcing endless battles is banned
|rule|Species Clause: Limit one of each Pokémon
|rule|OHKO Clause: OHKO moves are banned
|rule|Evasion Items Clause: Evasion items are banned
|rule|Evasion Moves Clause: Evasion moves are banned
|rule|Evasion Abilities Clause: Evasion abilities are banned
|rule|Sleep Moves Clause: Sleep-inducing moves are banned
|clearpoke
|poke|p1|Magmortar, M|
|poke|p1|Azumarill, F|
|poke|p1|Vileplume, F|
|poke|p1|Clefable, F|
|poke|p1|Mightyena, F|
|poke|p1|Metagross|
|poke|p2|Glimmora, M|
|poke|p2|Dragapult, F|
|poke|p2|Kingambit, F|
|poke|p2|Great Tusk|
|poke|p2|Iron Valiant|
|poke|p2|Cinderace, F|
|teampreview
|
|t:|1776067153
|teamsize|p1|6
|teamsize|p2|6
|start
|switch|p1a: Metagross|Metagross|100/100
|switch|p2a: Glimmora|Glimmora, M|100/100
|turn|1
|
|t:|1776067160
|move|p2a: Glimmora|Stealth Rock|p1a: Metagross
|-sidestart|p1: venator|move: Stealth Rock
|move|p1a: Metagross|Earthquake|p2a: Glimmora
|-supereffective|p2a: Glimmora
|-enditem|p2a: Glimmora|Focus Sash
|-damage|p2a: Glimmora|1/100
|-activate|p2a: Glimmora|ability: Toxic Debris
|-sidestart|p1: venator|move: Toxic Spikes
|
|upkeep
|turn|2
|
|t:|1776067174
|move|p1a: Metagross|Bullet Punch|p2a: Glimmora
|-supereffective|p2a: Glimmora
|-damage|p2a: Glimmora|0 fnt
|-activate|p2a: Glimmora|ability: Toxic Debris
|-sidestart|p1: venator|move: Toxic Spikes
|faint|p2a: Glimmora
|
|upkeep
|
|t:|1776067185
|switch|p2a: Great Tusk|Great Tusk|100/100
|turn|3
|
|t:|1776067192
|-terastallize|p1a: Metagross|Water
|move|p2a: Great Tusk|Knock Off|p1a: Metagross
|-damage|p1a: Metagross|80/100
|-enditem|p1a: Metagross|Leftovers|[from] move: Knock Off|[of] p2a: Great Tusk
|move|p1a: Metagross|Psychic Fangs|p2a: Great Tusk
|-supereffective|p2a: Great Tusk
|-damage|p2a: Great Tusk|52/100
|
|-heal|p2a: Great Tusk|58/100|[from] item: Leftovers
|upkeep
|turn|4
|
|t:|1776067214
|-end|p2a: Great Tusk|Protosynthesis|[silent]
|switch|p2a: Kingambit|Kingambit, F|100/100
|-activate|p2a: Kingambit|ability: Supreme Overlord
|-start|p2a: Kingambit|fallen1|[silent]
|move|p1a: Metagross|Psychic Fangs|p2a: Kingambit
|-immune|p2a: Kingambit
|
|upkeep
|turn|5
|
|t:|1776067222
|move|p1a: Metagross|Earthquake|p2a: Kingambit
|-supereffective|p2a: Kingambit
|-damage|p2a: Kingambit|41/100
|move|p2a: Kingambit|Kowtow Cleave|p1a: Metagross
|-damage|p1a: Metagross|31/100
|
|upkeep
|turn|6
|
|t:|1776067229
|move|p2a: Kingambit|Sucker Punch|p1a: Metagross
|-damage|p1a: Metagross|0 fnt
|faint|p1a: Metagross
|
|upkeep
|
|t:|1776067234
|switch|p1a: Vileplume|Vileplume, F|100/100
|-damage|p1a: Vileplume|88/100|[from] Stealth Rock
|-sideend|p1: venator|move: Toxic Spikes|[of] p1a: Vileplume
|turn|7
|
|t:|1776067242
|-end|p2a: Kingambit|fallen1|[silent]
|switch|p2a: Cinderace|Cinderace, F|100/100
|move|p1a: Vileplume|Strength Sap|p2a: Cinderace
|-unboost|p2a: Cinderace|atk|1
|-heal|p1a: Vileplume|100/100
|
|upkeep
|turn|8
|
|t:|1776067251
|switch|p1a: Magmortar|Magmortar, M|100/100
|-damage|p1a: Magmortar|76/100|[from] Stealth Rock
|move|p2a: Cinderace|Pyro Ball|p1a: Magmortar|[miss]
|-miss|p2a: Cinderace|p1a: Magmortar
|
|upkeep
|turn|9
|
|t:|1776067258
|move|p2a: Cinderace|U-turn|p1a: Magmortar
|-start|p2a: Cinderace|typechange|Bug|[from] ability: Libero
|-resisted|p1a: Magmortar
|-damage|p1a: Magmortar|58/100
|-damage|p2a: Cinderace|84/100|[from] item: Rocky Helmet|[of] p1a: Magmortar
|-status|p2a: Cinderace|brn|[from] ability: Flame Body|[of] p1a: Magmortar
|
|t:|1776067268
|switch|p2a: Great Tusk|Great Tusk|58/100|[from] U-turn
|move|p1a: Magmortar|Thunderbolt|p2a: Great Tusk
|-immune|p2a: Great Tusk
|
|-heal|p2a: Great Tusk|64/100|[from] item: Leftovers
|upkeep
|turn|10
|
|t:|1776067278
|move|p1a: Magmortar|Endure|p1a: Magmortar
|-singleturn|p1a: Magmortar|move: Endure
|move|p2a: Great Tusk|Earthquake|p1a: Magmortar
|-supereffective|p1a: Magmortar
|-activate|p1a: Magmortar|move: Endure
|-damage|p1a: Magmortar|1/100
|
|-heal|p2a: Great Tusk|70/100|[from] item: Leftovers
|upkeep
|turn|11
|
|t:|1776067295
|move|p1a: Magmortar|Lava Plume|p2a: Great Tusk
|-damage|p2a: Great Tusk|14/100
|move|p2a: Great Tusk|Earthquake|p1a: Magmortar
|-supereffective|p1a: Magmortar
|-damage|p1a: Magmortar|0 fnt
|faint|p1a: Magmortar
|
|-heal|p2a: Great Tusk|20/100|[from] item: Leftovers
|upkeep
|
|t:|1776067305
|switch|p1a: Azumarill|Azumarill, F|100/100
|-damage|p1a: Azumarill|88/100|[from] Stealth Rock
|turn|12
|
|t:|1776067314
|-end|p2a: Great Tusk|Protosynthesis|[silent]
|switch|p2a: Dragapult|Dragapult, F|100/100
|move|p1a: Azumarill|Aqua Jet|p2a: Dragapult
|-resisted|p2a: Dragapult
|-damage|p2a: Dragapult|75/100
|
|upkeep
|turn|13
|
|t:|1776067324
|switch|p1a: Mightyena|Mightyena, F|100/100
|-damage|p1a: Mightyena|88/100|[from] Stealth Rock
|-ability|p1a: Mightyena|Intimidate|boost
|-unboost|p2a: Dragapult|atk|1
|move|p2a: Dragapult|Shadow Ball|p1a: Mightyena
|-resisted|p1a: Mightyena
|-damage|p1a: Mightyena|60/100
|
|upkeep
|turn|14
|
|t:|1776067344
|switch|p2a: Cinderace|Cinderace, F|84/100 brn
|move|p1a: Mightyena|Sucker Punch||[still]
|-fail|p1a: Mightyena
|
|-damage|p2a: Cinderace|78/100 brn|[from] brn
|upkeep
|turn|15
|
|t:|1776067355
|move|p2a: Cinderace|High Jump Kick|p1a: Mightyena
|-start|p2a: Cinderace|typechange|Fighting|[from] ability: Libero
|-supereffective|p1a: Mightyena
|-damage|p1a: Mightyena|0 fnt
|faint|p1a: Mightyena
|
|-damage|p2a: Cinderace|72/100 brn|[from] brn
|upkeep
|
|t:|1776067365
|switch|p1a: Clefable|Clefable, F|100/100
|turn|16
|
|t:|1776067374
|move|p2a: Cinderace|U-turn|p1a: Clefable
|-resisted|p1a: Clefable
|-damage|p1a: Clefable|95/100
|
|t:|1776067379
|switch|p2a: Iron Valiant|Iron Valiant|100/100|[from] U-turn
|-enditem|p2a: Iron Valiant|Booster Energy
|-activate|p2a: Iron Valiant|ability: Quark Drive|[fromitem]
|-start|p2a: Iron Valiant|quarkdrivespe
|move|p1a: Clefable|Calm Mind|p1a: Clefable
|-boost|p1a: Clefable|spa|1
|-boost|p1a: Clefable|spd|1
|
|upkeep
|turn|17
|
|t:|1776067388
|move|p2a: Iron Valiant|Moonblast|p1a: Clefable
|-damage|p1a: Clefable|65/100
|-unboost|p1a: Clefable|spa|1
|move|p1a: Clefable|Fire Blast|p2a: Iron Valiant
|-damage|p2a: Iron Valiant|39/100
|
|upkeep
|turn|18
|
|t:|1776067408
|move|p2a: Iron Valiant|Psyshock|p1a: Clefable
|-damage|p1a: Clefable|38/100
|move|p1a: Clefable|Fire Blast|p2a: Iron Valiant
|-damage|p2a: Iron Valiant|0 fnt
|faint|p2a: Iron Valiant
|-end|p2a: Iron Valiant|Quark Drive|[silent]
|
|upkeep
|
|t:|1776067416
|switch|p2a: Kingambit|Kingambit, F|41/100
|-activate|p2a: Kingambit|ability: Supreme Overlord
|-start|p2a: Kingambit|fallen2|[silent]
|turn|19
|
|t:|1776067423
|-terastallize|p2a: Kingambit|Dark
|move|p2a: Kingambit|Sucker Punch|p1a: Clefable
|-resisted|p1a: Clefable
|-damage|p1a: Clefable|0 fnt
|faint|p1a: Clefable
|
|upkeep
|
|t:|1776067431
|switch|p1a: Azumarill|Azumarill, F|88/100
|-damage|p1a: Azumarill|76/100|[from] Stealth Rock
|turn|20
|
|t:|1776067440
|move|p1a: Azumarill|Play Rough|p2a: Kingambit
|-supereffective|p2a: Kingambit
|-crit|p2a: Kingambit
|-damage|p2a: Kingambit|0 fnt
|faint|p2a: Kingambit
|-end|p2a: Kingambit|fallen2|[silent]
|
|upkeep
|
|t:|1776067450
|switch|p2a: Dragapult|Dragapult, F|75/100
|turn|21
|
|t:|1776067455
|move|p2a: Dragapult|Shadow Ball|p1a: Azumarill
|-damage|p1a: Azumarill|21/100
|move|p1a: Azumarill|Play Rough|p2a: Dragapult
|-supereffective|p2a: Dragapult
|-damage|p2a: Dragapult|0 fnt
|faint|p2a: Dragapult
|
|upkeep
|
|t:|1776067464
|switch|p2a: Cinderace|Cinderace, F|72/100 brn
|turn|22
|
|t:|1776067474
|move|p2a: Cinderace|U-turn|p1a: Azumarill
|-start|p2a: Cinderace|typechange|Bug|[from] ability: Libero
|-resisted|p1a: Azumarill
|-damage|p1a: Azumarill|12/100
|
|t:|1776067480
|switch|p2a: Great Tusk|Great Tusk|20/100|[from] U-turn
|move|p1a: Azumarill|Play Rough|p2a: Great Tusk
|-supereffective|p2a: Great Tusk
|-damage|p2a: Great Tusk|0 fnt
|faint|p2a: Great Tusk
|-end|p2a: Great Tusk|Protosynthesis|[silent]
|
|upkeep
|
|t:|1776067487
|switch|p2a: Cinderace|Cinderace, F|72/100 brn
|turn|23
|
|t:|1776067491
|move|p2a: Cinderace|High Jump Kick|p1a: Azumarill
|-start|p2a: Cinderace|typechange|Fighting|[from] ability: Libero
|-resisted|p1a: Azumarill
|-damage|p1a: Azumarill|0 fnt
|faint|p1a: Azumarill
|
|-damage|p2a: Cinderace|66/100 brn|[from] brn
|upkeep
|
|t:|1776067499
|switch|p1a: Vileplume|Vileplume, F|100/100
|-damage|p1a: Vileplume|88/100|[from] Stealth Rock
|turn|24
|
|t:|1776067505
|move|p2a: Cinderace|Pyro Ball|p1a: Vileplume
|-supereffective|p1a: Vileplume
|-damage|p1a: Vileplume|44/100
|move|p1a: Vileplume|Sludge Bomb|p2a: Cinderace
|-damage|p2a: Cinderace|21/100 brn
|
|-damage|p2a: Cinderace|15/100 brn|[from] brn
|upkeep
|turn|25
|
|t:|1776067516
|move|p2a: Cinderace|Pyro Ball|p1a: Vileplume
|-supereffective|p1a: Vileplume
|-damage|p1a: Vileplume|4/100
|move|p1a: Vileplume|Strength Sap|p2a: Cinderace
|-unboost|p2a: Cinderace|atk|1
|-heal|p1a: Vileplume|98/100
|
|-damage|p2a: Cinderace|9/100 brn|[from] brn
|upkeep
|turn|26
|
|t:|1776067526
|move|p2a: Cinderace|Pyro Ball|p1a: Vileplume|[miss]
|-miss|p2a: Cinderace|p1a: Vileplume
|move|p1a: Vileplume|Strength Sap|p2a: Cinderace
|-unboost|p2a: Cinderace|atk|1
|-heal|p1a: Vileplume|100/100
|
|-damage|p2a: Cinderace|3/100 brn|[from] brn
|upkeep
|turn|27
|
|t:|1776067538
|move|p2a: Cinderace|Pyro Ball|p1a: Vileplume
|-supereffective|p1a: Vileplume
|-damage|p1a: Vileplume|80/100
|move|p1a: Vileplume|Sludge Bomb|p2a: Cinderace
|-damage|p2a: Cinderace|0 fnt
|faint|p2a: Cinderace
|
|win|venator
|raw|venator's rating: 1109 &rarr; <strong>1130</strong><br />(+21 for winning)
|raw|NoClipTzy's rating: 1059 &rarr; <strong>1043</strong><br />(-16 for losing)
|l|☆venator
|player|p1|
|l|☆NoClipTzy
|player|p2|
