|j|☆ZekromIsHeat
|j|☆chulbule
|inactive|Battle timer is ON: inactive players will automatically lose when time's up.
|t:|1776340330
|gametype|singles
|player|p1|ZekromIsHeat|266|
|player|p2|chulbule|266|
|gen|9
|tier|[Gen 9] OU
|rated|Tournament battle
|rule|HP Percentage Mod: HP is shown in percentages
|rule|Endless Battle Clause: Forcing endless battles is banned
|rule|Species Clause: Limit one of each Pokémon
|rule|OHKO Clause: OHKO moves are banned
|rule|Evasion Items Clause: Evasion items are banned
|rule|Evasion Moves Clause: Evasion moves are banned
|rule|Evasion Abilities Clause: Evasion abilities are banned
|rule|Sleep Moves Clause: Sleep-inducing moves are banned
|raw|<div class="infobox"><details class="readmore"><summary><strong>15 custom rules:</strong></summary> -burmy, -caterpie, -combee, -kricketot, -magikarp, -scatterbug, -sunkern, -tynamo, -typenull, -weedle, -wurmple, -cosmog, -blipbug, -snom, -wynaut</details></div>
|clearpoke
|poke|p1|Solosis, F|
|poke|p1|Noivern, M|
|poke|p1|Sinistcha|
|poke|p1|Phantump, M|
|poke|p2|Bonsly, M|
|poke|p2|Dunsparce, F|
|poke|p2|Sawsbuck, M|
|poke|p2|Espeon, M|
|teampreview
|inactive|ZekromIsHeat also wants the timer to be on.
|j|*Lady Monita 
|
|t:|1776340339
|teamsize|p1|4
|teamsize|p2|4
|start
|switch|p1a: Solosis|Solosis, F|100/100
|switch|p2a: Bonsly|Bonsly, M|100/100
|turn|1
|j| Vortex-invisible
|
|t:|1776340348
|move|p1a: Solosis|Acid Armor|p1a: Solosis
|-boost|p1a: Solosis|def|2
|move|p2a: Bonsly|Stealth Rock|p1a: Solosis
|-sidestart|p1: ZekromIsHeat|move: Stealth Rock
|
|upkeep
|turn|2
|
|t:|1776340366
|move|p1a: Solosis|Acid Armor|p1a: Solosis
|-boost|p1a: Solosis|def|2
|move|p2a: Bonsly|Trailblaze|p1a: Solosis
|-damage|p1a: Solosis|96/100
|-boost|p2a: Bonsly|spe|1
|
|upkeep
|turn|3
|
|t:|1776340379
|move|p2a: Bonsly|Foul Play|p1a: Solosis
|-supereffective|p1a: Solosis
|-damage|p1a: Solosis|92/100
|move|p1a: Solosis|Calm Mind|p1a: Solosis
|-boost|p1a: Solosis|spa|1
|-boost|p1a: Solosis|spd|1
|
|upkeep
|turn|4
|c|☆chulbule|Oh
|
|t:|1776340408
|switch|p2a: Dunsparce|Dunsparce, F|100/100
|move|p1a: Solosis|Calm Mind|p1a: Solosis
|-boost|p1a: Solosis|spa|1
|-boost|p1a: Solosis|spd|1
|
|upkeep
|turn|5
|c|☆chulbule|it’s that strat
|c|☆chulbule|well im to late
|
|t:|1776340426
|move|p2a: Dunsparce|Ancient Power|p1a: Solosis
|-damage|p1a: Solosis|85/100
|move|p1a: Solosis|Acid Armor|p1a: Solosis
|-boost|p1a: Solosis|def|2
|
|upkeep
|turn|6
|
|t:|1776340431
|move|p2a: Dunsparce|Ancient Power|p1a: Solosis
|-damage|p1a: Solosis|77/100
|move|p1a: Solosis|Calm Mind|p1a: Solosis
|-boost|p1a: Solosis|spa|1
|-boost|p1a: Solosis|spd|1
|
|upkeep
|turn|7
|l| Vortex-invisible
|inactive|ZekromIsHeat has 120 seconds left.
|
|t:|1776340488
|move|p2a: Dunsparce|Calm Mind|p2a: Dunsparce
|-boost|p2a: Dunsparce|spa|1
|-boost|p2a: Dunsparce|spd|1
|move|p1a: Solosis|Calm Mind|p1a: Solosis
|-boost|p1a: Solosis|spa|1
|-boost|p1a: Solosis|spd|1
|
|upkeep
|turn|8
|
|t:|1776340495
|move|p2a: Dunsparce|Calm Mind|p2a: Dunsparce
|-boost|p2a: Dunsparce|spa|1
|-boost|p2a: Dunsparce|spd|1
|move|p1a: Solosis|Calm Mind|p1a: Solosis
|-boost|p1a: Solosis|spa|1
|-boost|p1a: Solosis|spd|1
|
|upkeep
|turn|9
|
|t:|1776340501
|move|p2a: Dunsparce|Calm Mind|p2a: Dunsparce
|-boost|p2a: Dunsparce|spa|1
|-boost|p2a: Dunsparce|spd|1
|move|p1a: Solosis|Calm Mind|p1a: Solosis
|-boost|p1a: Solosis|spa|1
|-boost|p1a: Solosis|spd|1
|
|upkeep
|turn|10
|
|t:|1776340508
|move|p2a: Dunsparce|Calm Mind|p2a: Dunsparce
|-boost|p2a: Dunsparce|spa|1
|-boost|p2a: Dunsparce|spd|1
|move|p1a: Solosis|Stored Power|p2a: Dunsparce
|-damage|p2a: Dunsparce|0 fnt
|faint|p2a: Dunsparce
|
|upkeep
|-message|chulbule forfeited.
|
|win|ZekromIsHeat
|n|☆ZekromIsHeat|zekromisheat
|n|☆chulbule|chulbule
|n|*Lady Monita |ladymonita
