|html|<div class="broadcast-blue"><strong>[Gen 9] OU is currently suspecting Volcarona! For information on how to participate check out the <a href="https://www.smogon.com/tools/suspects/view/208">suspect thread</a>.</strong></div>
|j|☆xxSjoerd
|j|☆x_Anabolic_x
|t:|1778507701
|gametype|singles
|player|p1|xxSjoerd|170|1229
|player|p2|x_Anabolic_x|ltsurge|1245
|gen|9
|tier|[Gen 9] OU
|rated|
|rule|HP Percentage Mod: HP is shown in percentages
|rule|Endless Battle Clause: Forcing endless battles is banned
|rule|Species Clause: Limit one of each Pokémon
|rule|OHKO Clause: OHKO moves are banned
|rule|Evasion Items Clause: Evasion items are banned
|rule|Evasion Moves Clause: Evasion moves are banned
|rule|Evasion Abilities Clause: Evasion abilities are banned
|rule|Sleep Moves Clause: Sleep-inducing moves are banned
|clearpoke
|poke|p1|Hoopa-Unbound|
|poke|p1|Ceruledge, M|
|poke|p1|Corviknight, F|
|poke|p1|Iron Valiant|
|poke|p1|Ribombee, M|
|poke|p1|Clodsire, M|
|poke|p2|Empoleon, F|
|poke|p2|Drifblim, M|
|poke|p2|Garchomp, F|
|poke|p2|Yanmega, M|
|poke|p2|Shaymin|
|poke|p2|Infernape, M|
|teampreview
|
|t:|1778507715
|teamsize|p1|6
|teamsize|p2|6
|start
|switch|p1a: Ribombee|Ribombee, M|100/100
|switch|p2a: Drifblim|Drifblim, M|100/100
|turn|1
|
|t:|1778507731
|move|p1a: Ribombee|Sticky Web|p2a: Drifblim
|-sidestart|p2: x_Anabolic_x|move: Sticky Web
|move|p2a: Drifblim|Will-O-Wisp|p1a: Ribombee
|-status|p1a: Ribombee|brn
|
|-damage|p1a: Ribombee|94/100 brn|[from] brn
|upkeep
|turn|2
|
|t:|1778507745
|move|p1a: Ribombee|Stun Spore|p2a: Drifblim
|-status|p2a: Drifblim|par
|move|p2a: Drifblim|Knock Off|p1a: Ribombee
|-resisted|p1a: Ribombee
|-damage|p1a: Ribombee|73/100 brn
|-enditem|p1a: Ribombee|Focus Sash|[from] move: Knock Off|[of] p2a: Drifblim
|
|-damage|p1a: Ribombee|67/100 brn|[from] brn
|upkeep
|turn|3
|
|t:|1778507760
|switch|p1a: Hoopa|Hoopa-Unbound|100/100
|move|p2a: Drifblim|Defog|p1a: Hoopa
|-unboost|p1a: Hoopa|evasion|1
|-sideend|p2: x_Anabolic_x|Sticky Web|[from] move: Defog|[of] p2a: Drifblim
|
|upkeep
|turn|4
|
|t:|1778507768
|move|p1a: Hoopa|Knock Off|p2a: Drifblim
|-supereffective|p2a: Drifblim
|-damage|p2a: Drifblim|0 fnt
|-enditem|p2a: Drifblim|Sitrus Berry|[from] move: Knock Off|[of] p1a: Hoopa
|faint|p2a: Drifblim
|
|upkeep
|
|t:|1778507778
|switch|p2a: Yanmega|Yanmega, M|100/100
|turn|5
|
|t:|1778507814
|switch|p1a: Clodsire|Clodsire, M|100/100
|move|p2a: Yanmega|Bug Buzz|p1a: Clodsire
|-resisted|p1a: Clodsire
|-damage|p1a: Clodsire|89/100
|-enditem|p2a: Yanmega|Throat Spray
|-boost|p2a: Yanmega|spa|1|[from] item: Throat Spray
|
|-ability|p2a: Yanmega|Speed Boost|boost
|-boost|p2a: Yanmega|spe|1
|upkeep
|turn|6
|
|t:|1778507824
|move|p2a: Yanmega|Air Slash|p1a: Clodsire
|-damage|p1a: Clodsire|69/100
|move|p1a: Clodsire|Stealth Rock|p2a: Yanmega
|-sidestart|p2: x_Anabolic_x|move: Stealth Rock
|
|-ability|p2a: Yanmega|Speed Boost|boost
|-boost|p2a: Yanmega|spe|1
|upkeep
|turn|7
|
|t:|1778507832
|move|p2a: Yanmega|Air Slash|p1a: Clodsire
|-damage|p1a: Clodsire|48/100
|cant|p1a: Clodsire|flinch
|
|-ability|p2a: Yanmega|Speed Boost|boost
|-boost|p2a: Yanmega|spe|1
|upkeep
|turn|8
|
|t:|1778507840
|move|p2a: Yanmega|Air Slash|p1a: Clodsire
|-damage|p1a: Clodsire|29/100
|move|p1a: Clodsire|Recover|p1a: Clodsire
|-heal|p1a: Clodsire|79/100
|
|-ability|p2a: Yanmega|Speed Boost|boost
|-boost|p2a: Yanmega|spe|1
|upkeep
|turn|9
|
|t:|1778507849
|switch|p2a: Empoleon|Empoleon, F, shiny|100/100
|-damage|p2a: Empoleon|94/100|[from] Stealth Rock
|move|p1a: Clodsire|Toxic|p2a: Empoleon
|-immune|p2a: Empoleon
|
|upkeep
|turn|10
|
|t:|1778507856
|switch|p1a: Corviknight|Corviknight, F|100/100
|-ability|p1a: Corviknight|Pressure
|move|p2a: Empoleon|Agility|p2a: Empoleon
|-boost|p2a: Empoleon|spe|2
|
|upkeep
|turn|11
|
|t:|1778507870
|move|p2a: Empoleon|Surf|p1a: Corviknight
|-damage|p1a: Corviknight|66/100
|move|p1a: Corviknight|U-turn|p2a: Empoleon
|-resisted|p2a: Empoleon
|-damage|p2a: Empoleon|88/100
|
|t:|1778507875
|switch|p1a: Hoopa|Hoopa-Unbound|100/100|[from] U-turn
|
|upkeep
|turn|12
|
|t:|1778507883
|move|p2a: Empoleon|Surf|p1a: Hoopa
|-damage|p1a: Hoopa|69/100
|move|p1a: Hoopa|Drain Punch|p2a: Empoleon
|-supereffective|p2a: Empoleon
|-damage|p2a: Empoleon|12/100
|-heal|p1a: Hoopa|100/100|[from] drain|[of] p2a: Empoleon
|-enditem|p2a: Empoleon|Weakness Policy
|-boost|p2a: Empoleon|atk|2|[from] item: Weakness Policy
|-boost|p2a: Empoleon|spa|2|[from] item: Weakness Policy
|
|upkeep
|turn|13
|inactive|Battle timer is ON: inactive players will automatically lose when time's up. (requested by xxSjoerd)
|
|t:|1778507895
|move|p2a: Empoleon|Surf|p1a: Hoopa
|-damage|p1a: Hoopa|37/100
|move|p1a: Hoopa|Drain Punch|p2a: Empoleon
|-supereffective|p2a: Empoleon
|-damage|p2a: Empoleon|0 fnt
|-heal|p1a: Hoopa|43/100|[from] drain|[of] p2a: Empoleon
|faint|p2a: Empoleon
|
|upkeep
|
|t:|1778507907
|switch|p2a: Garchomp|Garchomp, F|100/100
|-damage|p2a: Garchomp|94/100|[from] Stealth Rock
|turn|14
|
|t:|1778507923
|switch|p1a: Ribombee|Ribombee, M|67/100 brn
|move|p2a: Garchomp|Earthquake|p1a: Ribombee
|-resisted|p1a: Ribombee
|-damage|p1a: Ribombee|25/100 brn
|
|-damage|p1a: Ribombee|19/100 brn|[from] brn
|upkeep
|turn|15
|
|t:|1778507938
|-terastallize|p2a: Garchomp|Steel
|move|p1a: Ribombee|Sticky Web|p2a: Garchomp
|-sidestart|p2: x_Anabolic_x|move: Sticky Web
|move|p2a: Garchomp|Swords Dance|p2a: Garchomp
|-boost|p2a: Garchomp|atk|2
|
|-damage|p1a: Ribombee|12/100 brn|[from] brn
|upkeep
|turn|16
|
|t:|1778507949
|move|p1a: Ribombee|Stun Spore|p2a: Garchomp
|-status|p2a: Garchomp|par
|move|p2a: Garchomp|Iron Head|p1a: Ribombee
|-supereffective|p1a: Ribombee
|-damage|p1a: Ribombee|0 fnt
|faint|p1a: Ribombee
|
|upkeep
|
|t:|1778507967
|switch|p1a: Hoopa|Hoopa-Unbound|43/100
|turn|17
|
|t:|1778507973
|move|p1a: Hoopa|Drain Punch|p2a: Garchomp
|-supereffective|p2a: Garchomp
|-damage|p2a: Garchomp|17/100 par
|-heal|p1a: Hoopa|96/100|[from] drain|[of] p2a: Garchomp
|-damage|p1a: Hoopa|84/100|[from] ability: Rough Skin|[of] p2a: Garchomp
|move|p2a: Garchomp|Scale Shot|p1a: Hoopa
|-damage|p1a: Hoopa|46/100
|-damage|p1a: Hoopa|6/100
|-damage|p1a: Hoopa|0 fnt
|faint|p1a: Hoopa
|-hitcount|p1: Hoopa|3
|-unboost|p2a: Garchomp|def|1
|-boost|p2a: Garchomp|spe|1
|
|upkeep
|
|t:|1778507990
|switch|p1a: Iron Valiant|Iron Valiant|100/100
|-enditem|p1a: Iron Valiant|Booster Energy
|-activate|p1a: Iron Valiant|ability: Quark Drive|[fromitem]
|-start|p1a: Iron Valiant|quarkdrivespa
|turn|18
|
|t:|1778507996
|move|p1a: Iron Valiant|Shadow Ball|p2a: Garchomp
|-damage|p2a: Garchomp|0 fnt
|faint|p2a: Garchomp
|
|upkeep
|
|t:|1778508014
|switch|p2a: Shaymin|Shaymin|100/100
|-damage|p2a: Shaymin|88/100|[from] Stealth Rock
|-activate|p2a: Shaymin|move: Sticky Web
|-unboost|p2a: Shaymin|spe|1
|turn|19
|
|t:|1778508032
|move|p1a: Iron Valiant|Moonblast|p2a: Shaymin
|-damage|p2a: Shaymin|25/100
|move|p2a: Shaymin|Seed Flare|p1a: Iron Valiant
|-damage|p1a: Iron Valiant|12/100
|-unboost|p1a: Iron Valiant|spd|2
|
|-heal|p2a: Shaymin|31/100|[from] item: Leftovers
|upkeep
|turn|20
|
|t:|1778508043
|move|p1a: Iron Valiant|Moonblast|p2a: Shaymin
|-damage|p2a: Shaymin|0 fnt
|faint|p2a: Shaymin
|
|upkeep
|
|t:|1778508047
|switch|p2a: Infernape|Infernape, M|100/100
|turn|21
|
|t:|1778508064
|-end|p1a: Iron Valiant|Quark Drive|[silent]
|switch|p1a: Clodsire|Clodsire, M|79/100
|move|p2a: Infernape|Knock Off|p1a: Clodsire
|-damage|p1a: Clodsire|45/100
|-enditem|p1a: Clodsire|Heavy-Duty Boots|[from] move: Knock Off|[of] p2a: Infernape
|
|upkeep
|turn|22
|
|t:|1778508072
|move|p2a: Infernape|Earthquake|p1a: Clodsire
|-supereffective|p1a: Clodsire
|-damage|p1a: Clodsire|0 fnt
|faint|p1a: Clodsire
|
|upkeep
|
|t:|1778508074
|switch|p1a: Corviknight|Corviknight, F|66/100
|-ability|p1a: Corviknight|Pressure
|turn|23
|
|t:|1778508080
|move|p2a: Infernape|Raging Fury|p1a: Corviknight
|-supereffective|p1a: Corviknight
|-damage|p1a: Corviknight|7/100
|move|p1a: Corviknight|Brave Bird|p2a: Infernape
|-supereffective|p2a: Infernape
|-damage|p2a: Infernape|0 fnt
|faint|p2a: Infernape
|-damage|p1a: Corviknight|0 fnt|[from] Recoil
|faint|p1a: Corviknight
|
|upkeep
|
|t:|1778508090
|switch|p2a: Yanmega|Yanmega, M|100/100
|switch|p1a: Ceruledge|Ceruledge, M|100/100
|-damage|p2a: Yanmega|50/100|[from] Stealth Rock
|turn|24
|
|t:|1778508096
|move|p2a: Yanmega|Protect|p2a: Yanmega
|-singleturn|p2a: Yanmega|Protect
|move|p1a: Ceruledge|Bitter Blade|p2a: Yanmega
|-activate|p2a: Yanmega|move: Protect
|
|-ability|p2a: Yanmega|Speed Boost|boost
|-boost|p2a: Yanmega|spe|1
|upkeep
|turn|25
|
|t:|1778508104
|move|p2a: Yanmega|Air Slash|p1a: Ceruledge
|-damage|p1a: Ceruledge|51/100
|move|p1a: Ceruledge|Bitter Blade|p2a: Yanmega
|-supereffective|p2a: Yanmega
|-damage|p2a: Yanmega|0 fnt
|-heal|p1a: Ceruledge|83/100|[from] drain|[of] p2a: Yanmega
|faint|p2a: Yanmega
|-damage|p1a: Ceruledge|73/100|[from] item: Life Orb
|
|win|xxSjoerd
|raw|xxSjoerd's rating: 1229 &rarr; <strong>1255</strong><br />(+26 for winning)
|raw|x_Anabolic_x's rating: 1245 &rarr; <strong>1219</strong><br />(-26 for losing)
|l|☆x_Anabolic_x
|player|p2|
|l|☆xxSjoerd
|player|p1|
