|html|<div class="broadcast-blue"><strong>[Gen 9] OU is currently suspecting Tera Blast! For information on how to participate check out the <a href="https://www.smogon.com/tools/suspects/view/200">suspect thread</a>.</strong></div>
|j|☆Keycard45
|j|☆injeramerchant
|t:|1776074066
|gametype|singles
|player|p1|Keycard45|266|1075
|player|p2|injeramerchant|bea|1131
|gen|9
|tier|[Gen 9] OU
|rated|
|rule|HP Percentage Mod: HP is shown in percentages
|rule|Endless Battle Clause: Forcing endless battles is banned
|rule|Species Clause: Limit one of each Pokémon
|rule|OHKO Clause: OHKO moves are banned
|rule|Evasion Items Clause: Evasion items are banned
|rule|Evasion Moves Clause: Evasion moves are banned
|rule|Evasion Abilities Clause: Evasion abilities are banned
|rule|Sleep Moves Clause: Sleep-inducing moves are banned
|clearpoke
|poke|p1|Corviknight, F|
|poke|p1|Tyranitar, M|
|poke|p1|Excadrill, F|
|poke|p1|Cinderace, F|
|poke|p1|Lilligant-Hisui, F|
|poke|p1|Torkoal, F|
|poke|p2|Cinderace, F|
|poke|p2|Garchomp, M|
|poke|p2|Iron Hands|
|poke|p2|Primarina, F|
|poke|p2|Grimmsnarl, M|
|poke|p2|Meowstic, M|
|teampreview
|inactive|Battle timer is ON: inactive players will automatically lose when time's up. (requested by Keycard45)
|
|t:|1776074073
|teamsize|p1|6
|teamsize|p2|6
|start
|switch|p1a: Gurney|Tyranitar, M, shiny|100/100
|switch|p2a: stalin|Meowstic, M, shiny|100/100
|-weather|Sandstorm|[from] ability: Sand Stream|[of] p1a: Gurney
|turn|1
|
|t:|1776074085
|move|p2a: stalin|Reflect|p2a: stalin
|-sidestart|p2: injeramerchant|Reflect
|move|p1a: Gurney|Knock Off|p2a: stalin
|-supereffective|p2a: stalin
|-damage|p2a: stalin|29/100
|-enditem|p2a: stalin|Light Clay|[from] move: Knock Off|[of] p1a: Gurney
|
|-weather|Sandstorm|[upkeep]
|-damage|p2a: stalin|23/100|[from] Sandstorm
|upkeep
|turn|2
|c|☆injeramerchant|gghf
|c|☆injeramerchant|stalin save me
|
|t:|1776074099
|move|p2a: stalin|Thunder Wave|p1a: Gurney
|-hint|Since gen 7, Dark is immune to Prankster moves.
|-immune|p1a: Gurney
|move|p1a: Gurney|Stealth Rock|p2a: stalin
|-sidestart|p2: injeramerchant|move: Stealth Rock
|
|-weather|Sandstorm|[upkeep]
|-damage|p2a: stalin|17/100|[from] Sandstorm
|upkeep
|turn|3
|
|t:|1776074107
|move|p2a: stalin|Light Screen|p2a: stalin
|-sidestart|p2: injeramerchant|move: Light Screen
|move|p1a: Gurney|Knock Off|p2a: stalin
|-supereffective|p2a: stalin
|-damage|p2a: stalin|0 fnt
|faint|p2a: stalin
|
|-weather|Sandstorm|[upkeep]
|upkeep
|
|t:|1776074122
|switch|p2a: hirohito|Grimmsnarl, M, shiny|100/100
|-damage|p2a: hirohito|88/100|[from] Stealth Rock
|-item|p1a: Gurney|Focus Sash|[from] ability: Frisk|[of] p2a: hirohito
|turn|4
|c|☆Keycard45|Glhf
|
|t:|1776074138
|move|p2a: hirohito|Fake Out|p1a: Gurney
|-resisted|p1a: Gurney
|-damage|p1a: Gurney|95/100
|cant|p1a: Gurney|flinch
|
|-weather|Sandstorm|[upkeep]
|-damage|p2a: hirohito|82/100|[from] Sandstorm
|upkeep
|turn|5
|
|t:|1776074146
|move|p1a: Gurney|Earthquake|p2a: hirohito
|-crit|p2a: hirohito
|-damage|p2a: hirohito|5/100
|-enditem|p2a: hirohito|Aguav Berry|[eat]
|-heal|p2a: hirohito|38/100|[from] item: Aguav Berry
|move|p2a: hirohito|Drain Punch|p1a: Gurney
|-supereffective|p1a: Gurney
|-damage|p1a: Gurney|5/100
|-heal|p2a: hirohito|90/100|[from] drain|[of] p1a: Gurney
|
|-weather|none
|upkeep
|turn|6
|c|☆injeramerchant|hirohitooooo
|
|t:|1776074161
|switch|p1a: Melange|Torkoal, F|100/100
|-weather|SunnyDay|[from] ability: Drought|[of] p1a: Melange
|-item|p1a: Melange|Air Balloon
|move|p2a: hirohito|Drain Punch|p1a: Melange
|-damage|p1a: Melange|81/100
|-heal|p2a: hirohito|99/100|[from] drain|[of] p1a: Melange
|-enditem|p1a: Melange|Air Balloon
|
|-weather|SunnyDay|[upkeep]
|upkeep
|turn|7
|
|t:|1776074175
|switch|p2a: idi amin|Garchomp, M, shiny|100/100
|-damage|p2a: idi amin|94/100|[from] Stealth Rock
|move|p1a: Melange|Will-O-Wisp|p2a: idi amin
|-status|p2a: idi amin|brn
|
|-weather|SunnyDay|[upkeep]
|-heal|p2a: idi amin|100/100 brn|[from] item: Leftovers
|-damage|p2a: idi amin|94/100 brn|[from] brn
|-sideend|p2: injeramerchant|move: Light Screen
|upkeep
|turn|8
|c|☆injeramerchant|i'm not having fun anymore
|
|t:|1776074207
|move|p2a: idi amin|Earthquake|p1a: Melange
|-supereffective|p1a: Melange
|-damage|p1a: Melange|39/100
|move|p1a: Melange|Solar Beam||[still]
|-prepare|p1a: Melange|Solar Beam
|-anim|p1a: Melange|Solar Beam|p2a: idi amin
|-damage|p2a: idi amin|67/100 brn
|
|-weather|SunnyDay|[upkeep]
|-heal|p2a: idi amin|73/100 brn|[from] item: Leftovers
|-damage|p2a: idi amin|67/100 brn|[from] brn
|-sideend|p2: injeramerchant|Reflect
|upkeep
|turn|9
|inactive|Keycard45 has 120 seconds left.
|
|t:|1776074235
|move|p2a: idi amin|Earthquake|p1a: Melange
|-supereffective|p1a: Melange
|-damage|p1a: Melange|0 fnt
|faint|p1a: Melange
|
|-weather|SunnyDay|[upkeep]
|-heal|p2a: idi amin|73/100 brn|[from] item: Leftovers
|-damage|p2a: idi amin|67/100 brn|[from] brn
|upkeep
|
|t:|1776074244
|switch|p1a: Jessica|Lilligant-Hisui, F|100/100
|turn|10
|
|t:|1776074252
|move|p1a: Jessica|Victory Dance|p1a: Jessica
|-boost|p1a: Jessica|atk|1
|-boost|p1a: Jessica|def|1
|-boost|p1a: Jessica|spe|1
|move|p2a: idi amin|Dragon Claw|p1a: Jessica
|-damage|p1a: Jessica|77/100
|
|-weather|none
|-heal|p2a: idi amin|73/100 brn|[from] item: Leftovers
|-damage|p2a: idi amin|67/100 brn|[from] brn
|upkeep
|turn|11
|
|t:|1776074262
|move|p1a: Jessica|Ice Spinner|p2a: idi amin
|-supereffective|p2a: idi amin
|-damage|p2a: idi amin|0 fnt
|-damage|p1a: Jessica|65/100|[from] ability: Rough Skin|[of] p2a: idi amin
|faint|p2a: idi amin
|-damage|p1a: Jessica|55/100|[from] item: Life Orb
|
|upkeep
|
|t:|1776074274
|switch|p2a: hirohito|Grimmsnarl, M, shiny|99/100
|-damage|p2a: hirohito|87/100|[from] Stealth Rock
|-item|p1a: Jessica|Life Orb|[from] ability: Frisk|[of] p2a: hirohito
|turn|12
|
|t:|1776074281
|move|p2a: hirohito|Fake Out|p1a: Jessica
|-damage|p1a: Jessica|41/100
|cant|p1a: Jessica|flinch
|
|upkeep
|turn|13
|
|t:|1776074287
|move|p1a: Jessica|Leaf Blade|p2a: hirohito
|-damage|p2a: hirohito|0 fnt
|faint|p2a: hirohito
|-damage|p1a: Jessica|31/100|[from] item: Life Orb
|
|upkeep
|
|t:|1776074295
|switch|p2a: pol pot|Cinderace, F, shiny|100/100
|-damage|p2a: pol pot|76/100|[from] Stealth Rock
|turn|14
|
|t:|1776074303
|move|p1a: Jessica|Close Combat|p2a: pol pot
|-damage|p2a: pol pot|0 fnt
|-unboost|p1a: Jessica|def|1
|-unboost|p1a: Jessica|spd|1
|faint|p2a: pol pot
|-damage|p1a: Jessica|21/100|[from] item: Life Orb
|
|upkeep
|
|t:|1776074311
|switch|p2a: metalyahu|Iron Hands, shiny|100/100
|-damage|p2a: metalyahu|94/100|[from] Stealth Rock
|-enditem|p2a: metalyahu|Booster Energy
|-activate|p2a: metalyahu|ability: Quark Drive|[fromitem]
|-start|p2a: metalyahu|quarkdriveatk
|turn|15
|
|t:|1776074318
|move|p2a: metalyahu|Fake Out|p1a: Jessica
|-damage|p1a: Jessica|0 fnt
|faint|p1a: Jessica
|
|upkeep
|
|t:|1776074327
|switch|p1a: Gurney|Tyranitar, M, shiny|5/100
|-weather|Sandstorm|[from] ability: Sand Stream|[of] p1a: Gurney
|turn|16
|
|t:|1776074335
|move|p1a: Gurney|Earthquake|p2a: metalyahu
|-supereffective|p2a: metalyahu
|-damage|p2a: metalyahu|47/100
|move|p2a: metalyahu|Drain Punch|p1a: Gurney
|-supereffective|p1a: Gurney
|-damage|p1a: Gurney|0 fnt
|-heal|p2a: metalyahu|49/100|[from] drain|[of] p1a: Gurney
|faint|p1a: Gurney
|
|-weather|Sandstorm|[upkeep]
|-damage|p2a: metalyahu|43/100|[from] Sandstorm
|upkeep
|
|t:|1776074346
|switch|p1a: Duncan|Excadrill, F|100/100
|turn|17
|
|t:|1776074350
|-terastallize|p2a: metalyahu|Fighting
|move|p1a: Duncan|Earthquake|p2a: metalyahu
|-crit|p2a: metalyahu
|-damage|p2a: metalyahu|0 fnt
|faint|p2a: metalyahu
|-end|p2a: metalyahu|Quark Drive|[silent]
|-damage|p1a: Duncan|91/100|[from] item: Life Orb
|
|-weather|Sandstorm|[upkeep]
|upkeep
|
|t:|1776074357
|switch|p2a: bin laden|Primarina, F|100/100
|-damage|p2a: bin laden|88/100|[from] Stealth Rock
|turn|18
|c|☆Keycard45|Gg
|
|t:|1776074371
|-terastallize|p1a: Duncan|Steel
|move|p1a: Duncan|Iron Head|p2a: bin laden
|-damage|p2a: bin laden|0 fnt
|faint|p2a: bin laden
|-damage|p1a: Duncan|81/100|[from] item: Life Orb
|
|win|Keycard45
|raw|Keycard45's rating: 1075 &rarr; <strong>1108</strong><br />(+33 for winning)
|raw|injeramerchant's rating: 1131 &rarr; <strong>1102</strong><br />(-29 for losing)
|l|☆injeramerchant
|player|p2|
|l|☆Keycard45
|player|p1|
