|html|<div class="broadcast-blue"><strong>[Gen 9] OU is currently suspecting Volcarona! For information on how to participate check out the <a href="https://www.smogon.com/tools/suspects/view/208">suspect thread</a>.</strong></div>
|j|☆modern_synqixx
|j|‽anomalia682
|t:|1778508437
|gametype|singles
|player|p1|modern_synqixx|serena-masters3|1313
|player|p2|anomalia682|sage|1317
|gen|9
|tier|[Gen 9] OU
|rated|
|rule|HP Percentage Mod: HP is shown in percentages
|rule|Endless Battle Clause: Forcing endless battles is banned
|rule|Species Clause: Limit one of each Pokémon
|rule|OHKO Clause: OHKO moves are banned
|rule|Evasion Items Clause: Evasion items are banned
|rule|Evasion Moves Clause: Evasion moves are banned
|rule|Evasion Abilities Clause: Evasion abilities are banned
|rule|Sleep Moves Clause: Sleep-inducing moves are banned
|clearpoke
|poke|p1|Volcarona, M|
|poke|p1|Samurott-Hisui, F|
|poke|p1|Hydrapple, M|
|poke|p1|Landorus-Therian, M|
|poke|p1|Great Tusk|
|poke|p1|Gholdengo|
|poke|p2|Cinccino, F|
|poke|p2|Ninetales-Alola, F|
|poke|p2|Zamazenta-*|
|poke|p2|Toxtricity, M|
|poke|p2|Iron Treads|
|poke|p2|Scyther, M|
|teampreview
|inactive|Battle timer is ON: inactive players will automatically lose when time's up. (requested by modern_synqixx)
|
|t:|1778508461
|teamsize|p1|6
|teamsize|p2|6
|start
|switch|p1a: Landorus|Landorus-Therian, M|100/100
|switch|p2a: Scyther|Scyther, M|100/100
|-ability|p1a: Landorus|Intimidate|boost
|-unboost|p2a: Scyther|atk|1
|turn|1
|inactive|modern_synqixx has 120 seconds left.
|
|t:|1778508513
|move|p1a: Landorus|Stone Edge|p2a: Scyther
|-supereffective|p2a: Scyther
|-damage|p2a: Scyther|0 fnt
|faint|p2a: Scyther
|
|upkeep
|inactive|anomalia682 has 120 seconds left.
|
|t:|1778508533
|switch|p2a: Cinccino|Cinccino, F|100/100
|turn|2
|
|t:|1778508537
|switch|p1a: Samurott|Samurott-Hisui, F|100/100
|move|p2a: Cinccino|Tidy Up|p2a: Cinccino
|-boost|p2a: Cinccino|atk|1
|-boost|p2a: Cinccino|spe|1
|
|upkeep
|turn|3
|inactive|modern_synqixx has 120 seconds left.
|
|t:|1778508544
|move|p2a: Cinccino|Bullet Seed|p1a: Samurott
|-supereffective|p1a: Samurott
|-damage|p1a: Samurott|67/100
|-supereffective|p1a: Samurott
|-damage|p1a: Samurott|33/100
|-supereffective|p1a: Samurott
|-damage|p1a: Samurott|0 fnt
|faint|p1a: Samurott
|-hitcount|p1: Samurott|3
|
|upkeep
|
|t:|1778508548
|switch|p1a: Gholdengo|Gholdengo|100/100
|turn|4
|inactive|anomalia682 has 120 seconds left.
|
|t:|1778508570
|switch|p2a: Iron Treads|Iron Treads|100/100
|-enditem|p2a: Iron Treads|Booster Energy
|-activate|p2a: Iron Treads|ability: Quark Drive|[fromitem]
|-start|p2a: Iron Treads|quarkdrivespe
|move|p1a: Gholdengo|Make It Rain|p2a: Iron Treads
|-resisted|p2a: Iron Treads
|-damage|p2a: Iron Treads|45/100
|-unboost|p1a: Gholdengo|spa|1
|
|upkeep
|turn|5
|inactive|anomalia682 has 120 seconds left.
|
|t:|1778508583
|switch|p1a: Landorus|Landorus-Therian, M|100/100
|-ability|p1a: Landorus|Intimidate|boost
|-unboost|p2a: Iron Treads|atk|1
|move|p2a: Iron Treads|Ice Spinner|p1a: Landorus
|-supereffective|p1a: Landorus
|-damage|p1a: Landorus|23/100
|
|upkeep
|turn|6
|inactive|anomalia682 has 120 seconds left.
|
|t:|1778508596
|move|p2a: Iron Treads|Iron Head|p1a: Landorus
|-damage|p1a: Landorus|0 fnt
|faint|p1a: Landorus
|
|upkeep
|
|t:|1778508613
|switch|p1a: Hydrapple|Hydrapple, M|100/100
|turn|7
|
|t:|1778508620
|move|p2a: Iron Treads|Earthquake|p1a: Hydrapple
|-resisted|p1a: Hydrapple
|-damage|p1a: Hydrapple|92/100
|move|p1a: Hydrapple|Earth Power|p2a: Iron Treads
|-supereffective|p2a: Iron Treads
|-damage|p2a: Iron Treads|0 fnt
|faint|p2a: Iron Treads
|-end|p2a: Iron Treads|Quark Drive|[silent]
|
|upkeep
|
|t:|1778508624
|switch|p2a: Ninetales|Ninetales-Alola, F, shiny|100/100
|-weather|Snowscape|[from] ability: Snow Warning|[of] p2a: Ninetales
|turn|8
|inactive|modern_synqixx has 120 seconds left.
|inactive|modern_synqixx has 90 seconds left.
|
|t:|1778508692
|switch|p1a: Gholdengo|Gholdengo|100/100
|move|p2a: Ninetales|Blizzard|p1a: Gholdengo
|-resisted|p1a: Gholdengo
|-damage|p1a: Gholdengo|77/100
|
|-weather|Snowscape|[upkeep]
|upkeep
|turn|9
|inactive|modern_synqixx has 90 seconds left.
|inactive|anomalia682 has 120 seconds left.
|inactive|modern_synqixx has 60 seconds left.
|inactive|modern_synqixx has 30 seconds left.
|inactive|modern_synqixx has 20 seconds left.
|inactive|modern_synqixx has 15 seconds left.
|inactive|modern_synqixx has 10 seconds left.
|
|t:|1778508778
|switch|p2a: Zamazenta|Zamazenta|100/100
|-ability|p2a: Zamazenta|Dauntless Shield|boost
|-boost|p2a: Zamazenta|def|1
|move|p1a: Gholdengo|Make It Rain|p2a: Zamazenta
|-damage|p2a: Zamazenta|33/100
|-unboost|p1a: Gholdengo|spa|1
|
|-weather|Snowscape|[upkeep]
|-heal|p2a: Zamazenta|39/100|[from] item: Leftovers
|upkeep
|turn|10
|inactive|modern_synqixx has 20 seconds left this turn.
|inactive|modern_synqixx has 15 seconds left.
|
|t:|1778508794
|switch|p2a: Ninetales|Ninetales-Alola, F, shiny|100/100
|switch|p1a: Hydrapple|Hydrapple, M|100/100
|
|-weather|Snowscape|[upkeep]
|upkeep
|turn|11
|inactive|modern_synqixx has 25 seconds left this turn.
|inactive|modern_synqixx has 20 seconds left.
|
|t:|1778508809
|switch|p1a: Gholdengo|Gholdengo|77/100
|move|p2a: Ninetales|Aurora Veil|p2a: Ninetales
|-sidestart|p2: anomalia682|move: Aurora Veil
|
|-weather|Snowscape|[upkeep]
|upkeep
|turn|12
|inactive|modern_synqixx has 30 seconds left this turn.
|
|t:|1778508827
|-terastallize|p2a: Ninetales|Fairy
|move|p2a: Ninetales|Moonblast|p1a: Gholdengo
|-resisted|p1a: Gholdengo
|-damage|p1a: Gholdengo|53/100
|move|p1a: Gholdengo|Shadow Ball|p2a: Ninetales
|-damage|p2a: Ninetales|76/100
|
|-weather|none
|upkeep
|turn|13
|
|t:|1778508833
|move|p2a: Ninetales|Moonblast|p1a: Gholdengo
|-resisted|p1a: Gholdengo
|-damage|p1a: Gholdengo|26/100
|move|p1a: Gholdengo|Recover|p1a: Gholdengo
|-heal|p1a: Gholdengo|76/100
|
|upkeep
|turn|14
|
|t:|1778508838
|move|p2a: Ninetales|Moonblast|p1a: Gholdengo
|-resisted|p1a: Gholdengo
|-damage|p1a: Gholdengo|49/100
|move|p1a: Gholdengo|Nasty Plot|p1a: Gholdengo
|-boost|p1a: Gholdengo|spa|2
|
|upkeep
|turn|15
|
|t:|1778508841
|move|p2a: Ninetales|Moonblast|p1a: Gholdengo
|-resisted|p1a: Gholdengo
|-damage|p1a: Gholdengo|23/100
|-unboost|p1a: Gholdengo|spa|1
|move|p1a: Gholdengo|Recover|p1a: Gholdengo
|-heal|p1a: Gholdengo|73/100
|
|upkeep
|turn|16
|
|t:|1778508845
|move|p2a: Ninetales|Moonblast|p1a: Gholdengo
|-resisted|p1a: Gholdengo
|-damage|p1a: Gholdengo|49/100
|move|p1a: Gholdengo|Nasty Plot|p1a: Gholdengo
|-boost|p1a: Gholdengo|spa|2
|
|upkeep
|turn|17
|
|t:|1778508855
|move|p2a: Ninetales|Moonblast|p1a: Gholdengo
|-resisted|p1a: Gholdengo
|-damage|p1a: Gholdengo|24/100
|-unboost|p1a: Gholdengo|spa|1
|move|p1a: Gholdengo|Recover|p1a: Gholdengo
|-heal|p1a: Gholdengo|74/100
|
|upkeep
|turn|18
|
|t:|1778508859
|move|p2a: Ninetales|Moonblast|p1a: Gholdengo
|-resisted|p1a: Gholdengo
|-damage|p1a: Gholdengo|48/100
|move|p1a: Gholdengo|Make It Rain|p2a: Ninetales
|-supereffective|p2a: Ninetales
|-damage|p2a: Ninetales|0 fnt
|-unboost|p1a: Gholdengo|spa|1
|faint|p2a: Ninetales
|
|-sideend|p2: anomalia682|move: Aurora Veil
|upkeep
|
|t:|1778508875
|switch|p2a: Cinccino|Cinccino, F|100/100
|turn|19
|c|☆modern_synqixx|thanks for helping me stall out that veil
|
|t:|1778508881
|move|p2a: Cinccino|Bullet Seed|p1a: Gholdengo
|-resisted|p1a: Gholdengo
|-damage|p1a: Gholdengo|43/100
|-resisted|p1a: Gholdengo
|-damage|p1a: Gholdengo|38/100
|-resisted|p1a: Gholdengo
|-damage|p1a: Gholdengo|32/100
|-resisted|p1a: Gholdengo
|-damage|p1a: Gholdengo|27/100
|-resisted|p1a: Gholdengo
|-damage|p1a: Gholdengo|22/100
|-hitcount|p1a: Gholdengo|5
|move|p1a: Gholdengo|Make It Rain|p2a: Cinccino
|-damage|p2a: Cinccino|0 fnt
|-unboost|p1a: Gholdengo|spa|1
|faint|p2a: Cinccino
|
|upkeep
|
|t:|1778508888
|switch|p2a: Zamazenta|Zamazenta|39/100
|turn|20
|
|t:|1778508891
|move|p2a: Zamazenta|Iron Head|p1a: Gholdengo
|-resisted|p1a: Gholdengo
|-damage|p1a: Gholdengo|12/100
|move|p1a: Gholdengo|Make It Rain|p2a: Zamazenta
|-damage|p2a: Zamazenta|0 fnt
|-unboost|p1a: Gholdengo|spa|1
|faint|p2a: Zamazenta
|
|upkeep
|
|t:|1778508897
|switch|p2a: Toxtricity|Toxtricity, M|100/100
|turn|21
|
|t:|1778508903
|move|p1a: Gholdengo|Shadow Ball|p2a: Toxtricity
|-damage|p2a: Toxtricity|60/100
|-unboost|p2a: Toxtricity|spd|1
|move|p2a: Toxtricity|Overdrive|p1a: Gholdengo
|-damage|p1a: Gholdengo|0 fnt
|faint|p1a: Gholdengo
|-enditem|p2a: Toxtricity|Throat Spray
|-boost|p2a: Toxtricity|spa|1|[from] item: Throat Spray
|
|upkeep
|
|t:|1778508912
|switch|p1a: Hydrapple|Hydrapple, M|100/100
|turn|22
|
|t:|1778508916
|-terastallize|p1a: Hydrapple|Steel
|move|p2a: Toxtricity|Shift Gear|p2a: Toxtricity
|-boost|p2a: Toxtricity|spe|2
|-boost|p2a: Toxtricity|atk|1
|move|p1a: Hydrapple|Earth Power|p2a: Toxtricity
|-supereffective|p2a: Toxtricity
|-damage|p2a: Toxtricity|0 fnt
|faint|p2a: Toxtricity
|
|win|modern_synqixx
|raw|modern_synqixx's rating: 1313 &rarr; <strong>1333</strong><br />(+20 for winning)
|raw|anomalia682's rating: 1317 &rarr; <strong>1297</strong><br />(-20 for losing)
|l|‽anomalia682
|player|p2|
|l|☆modern_synqixx
|player|p1|
