|html|<div class="broadcast-blue"><strong>[Gen 9] OU is currently suspecting Tera Blast! For information on how to participate check out the <a href="https://www.smogon.com/tools/suspects/view/200">suspect thread</a>.</strong></div>
|j|☆Shattersong
|j|☆ChanceUser
|t:|1776105420
|gametype|singles
|player|p1|Shattersong|wattson|1424
|player|p2|ChanceUser|170|1390
|gen|9
|tier|[Gen 9] OU
|rated|
|rule|HP Percentage Mod: HP is shown in percentages
|rule|Endless Battle Clause: Forcing endless battles is banned
|rule|Species Clause: Limit one of each Pokémon
|rule|OHKO Clause: OHKO moves are banned
|rule|Evasion Items Clause: Evasion items are banned
|rule|Evasion Moves Clause: Evasion moves are banned
|rule|Evasion Abilities Clause: Evasion abilities are banned
|rule|Sleep Moves Clause: Sleep-inducing moves are banned
|clearpoke
|poke|p1|Ninetales, F|
|poke|p1|Venusaur, F|
|poke|p1|Glimmora, F|
|poke|p1|Raging Bolt|
|poke|p1|Kingambit, F|
|poke|p1|Quaquaval, M|
|poke|p2|Ting-Lu|
|poke|p2|Dragapult, M|
|poke|p2|Kyurem|
|poke|p2|Iron Valiant|
|poke|p2|Slowking-Galar, M|
|poke|p2|Corviknight, M|
|teampreview
|inactive|Battle timer is ON: inactive players will automatically lose when time's up. (requested by ChanceUser)
|
|t:|1776105437
|teamsize|p1|6
|teamsize|p2|6
|start
|switch|p1a: Jewel|Glimmora, F, shiny|100/100
|switch|p2a: Kyurem|Kyurem|100/100
|-ability|p2a: Kyurem|Pressure
|turn|1
|
|t:|1776105445
|move|p2a: Kyurem|Earth Power|p1a: Jewel
|-supereffective|p1a: Jewel
|-damage|p1a: Jewel|0 fnt
|faint|p1a: Jewel
|
|upkeep
|
|t:|1776105451
|switch|p1a: Jade|Ninetales, F, shiny|100/100
|-weather|SunnyDay|[from] ability: Drought|[of] p1a: Jade
|turn|2
|
|t:|1776105455
|move|p2a: Kyurem|Earth Power|p1a: Jade
|-supereffective|p1a: Jade
|-damage|p1a: Jade|22/100
|move|p1a: Jade|Weather Ball|p2a: Kyurem
|-damage|p2a: Kyurem|50/100
|
|-weather|SunnyDay|[upkeep]
|upkeep
|turn|3
|
|t:|1776105464
|move|p2a: Kyurem|Earth Power|p1a: Jade
|-supereffective|p1a: Jade
|-damage|p1a: Jade|0 fnt
|faint|p1a: Jade
|
|-weather|SunnyDay|[upkeep]
|upkeep
|
|t:|1776105470
|switch|p1a: Fleur|Venusaur, F, shiny|100/100
|turn|4
|
|t:|1776105476
|switch|p2a: Corviknight|Corviknight, M|100/100
|-ability|p2a: Corviknight|Pressure
|move|p1a: Fleur|Growth|p1a: Fleur
|-boost|p1a: Fleur|atk|2
|-boost|p1a: Fleur|spa|2
|
|-weather|SunnyDay|[upkeep]
|upkeep
|turn|5
|
|t:|1776105487
|move|p1a: Fleur|Weather Ball|p2a: Corviknight
|-supereffective|p2a: Corviknight
|-damage|p2a: Corviknight|0 fnt
|faint|p2a: Corviknight
|-damage|p1a: Fleur|91/100|[from] item: Life Orb
|
|-weather|SunnyDay|[upkeep]
|upkeep
|
|t:|1776105491
|switch|p2a: Slowking|Slowking-Galar, M|100/100
|turn|6
|
|t:|1776105498
|-terastallize|p2a: Slowking|Water
|move|p1a: Fleur|Weather Ball|p2a: Slowking
|-resisted|p2a: Slowking
|-damage|p2a: Slowking|59/100
|-damage|p1a: Fleur|81/100|[from] item: Life Orb
|-prepare|p2a: Slowking|Chilly Reception|[premajor]
|move|p2a: Slowking|Chilly Reception|p2a: Slowking
|-weather|Snowscape
|
|t:|1776105504
|switch|p2a: Kyurem|Kyurem|50/100|[from] Chilly Reception
|-ability|p2a: Kyurem|Pressure
|
|-weather|Snowscape|[upkeep]
|upkeep
|turn|7
|
|t:|1776105518
|move|p2a: Kyurem|Freeze-Dry|p1a: Fleur
|-supereffective|p1a: Fleur
|-damage|p1a: Fleur|2/100
|move|p1a: Fleur|Weather Ball|p2a: Kyurem
|-damage|p2a: Kyurem|0 fnt
|faint|p2a: Kyurem
|-damage|p1a: Fleur|0 fnt|[from] item: Life Orb
|faint|p1a: Fleur
|
|-weather|Snowscape|[upkeep]
|upkeep
|
|t:|1776105529
|switch|p2a: Dragapult|Dragapult, M|100/100
|switch|p1a: Seadall|Quaquaval, M|100/100
|turn|8
|
|t:|1776105534
|move|p2a: Dragapult|Will-O-Wisp|p1a: Seadall
|-status|p1a: Seadall|brn
|move|p1a: Seadall|Aqua Step|p2a: Dragapult
|-resisted|p2a: Dragapult
|-damage|p2a: Dragapult|87/100
|-boost|p1a: Seadall|spe|1
|
|-weather|Snowscape|[upkeep]
|-damage|p1a: Seadall|94/100 brn|[from] brn
|upkeep
|turn|9
|
|t:|1776105546
|move|p1a: Seadall|Triple Axel|p2a: Dragapult
|-supereffective|p2a: Dragapult
|-damage|p2a: Dragapult|78/100
|-supereffective|p2a: Dragapult
|-damage|p2a: Dragapult|61/100
|-supereffective|p2a: Dragapult
|-damage|p2a: Dragapult|36/100
|-hitcount|p2a: Dragapult|3
|move|p2a: Dragapult|Hex|p1a: Seadall
|-damage|p1a: Seadall|55/100 brn
|
|-weather|Snowscape|[upkeep]
|-damage|p1a: Seadall|49/100 brn|[from] brn
|upkeep
|turn|10
|
|t:|1776105558
|switch|p2a: Slowking|Slowking-Galar, M, tera:Water|93/100
|move|p1a: Seadall|Knock Off|p2a: Slowking
|-damage|p2a: Slowking|78/100
|-enditem|p2a: Slowking|Heavy-Duty Boots|[from] move: Knock Off|[of] p1a: Seadall
|
|-weather|none
|-damage|p1a: Seadall|43/100 brn|[from] brn
|upkeep
|turn|11
|
|t:|1776105567
|switch|p1a: Raging Bolt|Raging Bolt|100/100
|-prepare|p2a: Slowking|Chilly Reception|[premajor]
|move|p2a: Slowking|Chilly Reception|p2a: Slowking
|-weather|Snowscape
|
|t:|1776105569
|switch|p2a: Ting-Lu|Ting-Lu|100/100|[from] Chilly Reception
|-ability|p2a: Ting-Lu|Vessel of Ruin
|
|-weather|Snowscape|[upkeep]
|upkeep
|turn|12
|
|t:|1776105579
|-terastallize|p1a: Raging Bolt|Flying
|move|p1a: Raging Bolt|Calm Mind|p1a: Raging Bolt
|-boost|p1a: Raging Bolt|spa|1
|-boost|p1a: Raging Bolt|spd|1
|move|p2a: Ting-Lu|Earthquake|p1a: Raging Bolt
|-immune|p1a: Raging Bolt
|
|-weather|Snowscape|[upkeep]
|upkeep
|turn|13
|
|t:|1776105588
|move|p1a: Raging Bolt|Calm Mind|p1a: Raging Bolt
|-boost|p1a: Raging Bolt|spa|1
|-boost|p1a: Raging Bolt|spd|1
|move|p2a: Ting-Lu|Ruination|p1a: Raging Bolt
|-damage|p1a: Raging Bolt|50/100
|
|-weather|Snowscape|[upkeep]
|-heal|p1a: Raging Bolt|57/100|[from] item: Leftovers
|upkeep
|turn|14
|
|t:|1776105597
|move|p1a: Raging Bolt|Dragon Pulse|p2a: Ting-Lu
|-damage|p2a: Ting-Lu|44/100
|move|p2a: Ting-Lu|Memento|p1a: Raging Bolt
|-unboost|p1a: Raging Bolt|atk|2
|-unboost|p1a: Raging Bolt|spa|2
|faint|p2a: Ting-Lu
|
|-weather|Snowscape|[upkeep]
|-heal|p1a: Raging Bolt|63/100|[from] item: Leftovers
|upkeep
|
|t:|1776105602
|switch|p2a: Dragapult|Dragapult, M|36/100
|turn|15
|
|t:|1776105610
|move|p2a: Dragapult|Dragon Darts|p1a: Raging Bolt
|-damage|p1a: Raging Bolt|43/100
|-anim|p2a: Dragapult|Dragon Darts|p1a: Raging Bolt
|-damage|p1a: Raging Bolt|22/100
|move|p1a: Raging Bolt|Dragon Pulse|p2a: Dragapult
|-supereffective|p2a: Dragapult
|-damage|p2a: Dragapult|0 fnt
|faint|p2a: Dragapult
|
|-weather|none
|-heal|p1a: Raging Bolt|28/100|[from] item: Leftovers
|upkeep
|
|t:|1776105617
|switch|p2a: Iron Valiant|Iron Valiant|100/100
|-enditem|p2a: Iron Valiant|Booster Energy
|-activate|p2a: Iron Valiant|ability: Quark Drive|[fromitem]
|-start|p2a: Iron Valiant|quarkdrivespe
|turn|16
|
|t:|1776105626
|move|p1a: Raging Bolt|Thunderclap|p2a: Iron Valiant
|-damage|p2a: Iron Valiant|15/100
|move|p2a: Iron Valiant|Thunderbolt|p1a: Raging Bolt
|-supereffective|p1a: Raging Bolt
|-damage|p1a: Raging Bolt|5/100
|
|-heal|p1a: Raging Bolt|11/100|[from] item: Leftovers
|upkeep
|turn|17
|
|t:|1776105634
|move|p2a: Iron Valiant|Calm Mind|p2a: Iron Valiant
|-boost|p2a: Iron Valiant|spa|1
|-boost|p2a: Iron Valiant|spd|1
|move|p1a: Raging Bolt|Discharge|p2a: Iron Valiant
|-damage|p2a: Iron Valiant|0 fnt
|faint|p2a: Iron Valiant
|-end|p2a: Iron Valiant|Quark Drive|[silent]
|
|-heal|p1a: Raging Bolt|17/100|[from] item: Leftovers
|upkeep
|
|t:|1776105635
|switch|p2a: Slowking|Slowking-Galar, M, tera:Water|100/100
|turn|18
|
|t:|1776105646
|move|p1a: Raging Bolt|Discharge|p2a: Slowking
|-supereffective|p2a: Slowking
|-damage|p2a: Slowking|26/100
|-status|p2a: Slowking|par
|cant|p2a: Slowking|par
|
|-heal|p1a: Raging Bolt|23/100|[from] item: Leftovers
|upkeep
|turn|19
|-message|ChanceUser forfeited.
|
|win|Shattersong
|raw|Shattersong's rating: 1424 &rarr; <strong>1442</strong><br />(+18 for winning)
|raw|ChanceUser's rating: 1390 &rarr; <strong>1372</strong><br />(-18 for losing)
|l|☆ChanceUser
|player|p2|
