|html|<div class="broadcast-blue"><strong>[Gen 9] OU is currently suspecting Tera Blast! For information on how to participate check out the <a href="https://www.smogon.com/tools/suspects/view/200">suspect thread</a>.</strong></div>
|j|☆beentheredonepat
|j|☆GGS_Chuddius
|t:|1776059797
|gametype|singles
|player|p1|beentheredonepat|spark-casual|1235
|player|p2|GGS_Chuddius|1|1386
|gen|9
|tier|[Gen 9] OU
|rated|
|rule|HP Percentage Mod: HP is shown in percentages
|rule|Endless Battle Clause: Forcing endless battles is banned
|rule|Species Clause: Limit one of each Pokémon
|rule|OHKO Clause: OHKO moves are banned
|rule|Evasion Items Clause: Evasion items are banned
|rule|Evasion Moves Clause: Evasion moves are banned
|rule|Evasion Abilities Clause: Evasion abilities are banned
|rule|Sleep Moves Clause: Sleep-inducing moves are banned
|clearpoke
|poke|p1|Typhlosion, M|
|poke|p1|Ninetales, F|
|poke|p1|Torkoal, F|
|poke|p1|Shiftry, M|
|poke|p1|Excadrill, F|
|poke|p1|Blissey, F|
|poke|p2|Dondozo, M|
|poke|p2|Blissey, F|
|poke|p2|Corviknight, M|
|poke|p2|Gliscor, M|
|poke|p2|Toxapex, F|
|poke|p2|Weezing-Galar, F|
|teampreview
|inactive|Battle timer is ON: inactive players will automatically lose when time's up. (requested by beentheredonepat)
|
|t:|1776059824
|teamsize|p1|6
|teamsize|p2|6
|start
|switch|p1a: Torkoal|Torkoal, F|100/100
|switch|p2a: Blissey|Blissey, F|100/100
|-weather|SunnyDay|[from] ability: Drought|[of] p1a: Torkoal
|turn|1
|
|t:|1776059836
|move|p2a: Blissey|Stealth Rock|p1a: Torkoal
|-sidestart|p1: beentheredonepat|move: Stealth Rock
|move|p1a: Torkoal|Stealth Rock|p2a: Blissey
|-sidestart|p2: GGS_Chuddius|move: Stealth Rock
|
|-weather|SunnyDay|[upkeep]
|upkeep
|turn|2
|
|t:|1776059843
|move|p2a: Blissey|Seismic Toss|p1a: Torkoal
|-damage|p1a: Torkoal|71/100
|move|p1a: Torkoal|Rapid Spin|p2a: Blissey
|-damage|p2a: Blissey|90/100
|-boost|p1a: Torkoal|spe|1
|-sideend|p1: beentheredonepat|Stealth Rock|[from] move: Rapid Spin|[of] p1a: Torkoal
|
|-weather|SunnyDay|[upkeep]
|-heal|p2a: Blissey|96/100|[from] item: Leftovers
|upkeep
|turn|3
|
|t:|1776059852
|move|p2a: Blissey|Seismic Toss|p1a: Torkoal
|-damage|p1a: Torkoal|42/100
|move|p1a: Torkoal|Flare Blitz|p2a: Blissey
|-damage|p2a: Blissey|33/100
|-damage|p1a: Torkoal|3/100|[from] Recoil
|
|-weather|SunnyDay|[upkeep]
|-heal|p2a: Blissey|40/100|[from] item: Leftovers
|upkeep
|turn|4
|
|t:|1776059863
|move|p2a: Blissey|Seismic Toss|p1a: Torkoal
|-damage|p1a: Torkoal|0 fnt
|faint|p1a: Torkoal
|
|-weather|SunnyDay|[upkeep]
|-heal|p2a: Blissey|46/100|[from] item: Leftovers
|upkeep
|
|t:|1776059865
|switch|p1a: Excadrill|Excadrill, F|100/100
|-item|p1a: Excadrill|Air Balloon
|turn|5
|
|t:|1776059876
|switch|p2a: Dondozo|Dondozo, M|100/100
|-damage|p2a: Dondozo|88/100|[from] Stealth Rock
|move|p1a: Excadrill|Iron Head|p2a: Dondozo
|-resisted|p2a: Dondozo
|-damage|p2a: Dondozo|79/100
|
|-weather|SunnyDay|[upkeep]
|-heal|p2a: Dondozo|85/100|[from] item: Leftovers
|upkeep
|turn|6
|
|t:|1776059887
|switch|p1a: Shiftry|Shiftry, M|100/100
|move|p2a: Dondozo|Body Press|p1a: Shiftry
|-supereffective|p1a: Shiftry
|-damage|p1a: Shiftry|15/100
|
|-weather|SunnyDay|[upkeep]
|-heal|p2a: Dondozo|92/100|[from] item: Leftovers
|upkeep
|turn|7
|
|t:|1776059903
|switch|p2a: Corviknight|Corviknight, M|100/100
|-damage|p2a: Corviknight|88/100|[from] Stealth Rock
|-ability|p2a: Corviknight|Pressure
|move|p1a: Shiftry|Leaf Blade|p2a: Corviknight
|-resisted|p2a: Corviknight
|-damage|p2a: Corviknight|82/100
|
|-weather|SunnyDay|[upkeep]
|-heal|p2a: Corviknight|88/100|[from] item: Leftovers
|upkeep
|turn|8
|
|t:|1776059918
|move|p1a: Shiftry|Knock Off|p2a: Corviknight
|-damage|p2a: Corviknight|60/100
|-enditem|p2a: Corviknight|Leftovers|[from] move: Knock Off|[of] p1a: Shiftry
|move|p2a: Corviknight|Body Press|p1a: Shiftry
|-supereffective|p1a: Shiftry
|-damage|p1a: Shiftry|0 fnt
|faint|p1a: Shiftry
|
|-weather|none
|upkeep
|
|t:|1776059922
|switch|p1a: Ninetales|Ninetales, F|100/100
|-weather|SunnyDay|[from] ability: Drought|[of] p1a: Ninetales
|turn|9
|
|t:|1776059933
|switch|p2a: Blissey|Blissey, F|46/100
|-damage|p2a: Blissey|33/100|[from] Stealth Rock
|move|p1a: Ninetales|Overheat|p2a: Blissey|[miss]
|-miss|p1a: Ninetales|p2a: Blissey
|
|-weather|SunnyDay|[upkeep]
|-heal|p2a: Blissey|40/100|[from] item: Leftovers
|upkeep
|turn|10
|
|t:|1776059943
|switch|p1a: Excadrill|Excadrill, F|100/100
|-item|p1a: Excadrill|Air Balloon
|move|p2a: Blissey|Soft-Boiled|p2a: Blissey
|-heal|p2a: Blissey|90/100
|
|-weather|SunnyDay|[upkeep]
|-heal|p2a: Blissey|96/100|[from] item: Leftovers
|upkeep
|turn|11
|
|t:|1776059954
|switch|p1a: Ninetales|Ninetales, F|100/100
|switch|p2a: Dondozo|Dondozo, M|92/100
|-damage|p2a: Dondozo|79/100|[from] Stealth Rock
|
|-weather|SunnyDay|[upkeep]
|-heal|p2a: Dondozo|85/100|[from] item: Leftovers
|upkeep
|turn|12
|
|t:|1776059978
|switch|p2a: Toxapex|Toxapex, F|100/100
|-damage|p2a: Toxapex|88/100|[from] Stealth Rock
|move|p1a: Ninetales|Will-O-Wisp|p2a: Toxapex
|-status|p2a: Toxapex|brn
|
|-weather|SunnyDay|[upkeep]
|-heal|p2a: Toxapex|94/100 brn|[from] item: Leftovers
|-damage|p2a: Toxapex|88/100 brn|[from] brn
|upkeep
|turn|13
|
|t:|1776059990
|switch|p1a: Blissey|Blissey, F|100/100
|move|p2a: Toxapex|Toxic|p1a: Blissey
|-status|p1a: Blissey|tox
|
|-weather|none
|-heal|p2a: Toxapex|94/100 brn|[from] item: Leftovers
|-damage|p1a: Blissey|94/100 tox|[from] psn
|-damage|p2a: Toxapex|88/100 brn|[from] brn
|upkeep
|turn|14
|
|t:|1776060004
|move|p2a: Toxapex|Poison Jab|p1a: Blissey
|-damage|p1a: Blissey|78/100 tox
|move|p1a: Blissey|Trick|p2a: Toxapex
|-activate|p1a: Blissey|move: Trick|[of] p2a: Toxapex
|-item|p2a: Toxapex|Lagging Tail|[from] move: Trick
|-item|p1a: Blissey|Leftovers|[from] move: Trick
|
|-heal|p1a: Blissey|85/100 tox|[from] item: Leftovers
|-damage|p1a: Blissey|72/100 tox|[from] psn
|-damage|p2a: Toxapex|82/100 brn|[from] brn
|upkeep
|turn|15
|inactive|GGS_Chuddius has 120 seconds left.
|
|t:|1776060030
|-curestatus|p1a: Blissey|tox|[from] ability: Natural Cure
|switch|p1a: Ninetales|Ninetales, F|100/100
|-weather|SunnyDay|[from] ability: Drought|[of] p1a: Ninetales
|move|p2a: Toxapex|Poison Jab|p1a: Ninetales
|-damage|p1a: Ninetales|89/100
|
|-weather|SunnyDay|[upkeep]
|-damage|p2a: Toxapex|75/100 brn|[from] brn
|upkeep
|turn|16
|inactive|GGS_Chuddius has 120 seconds left.
|
|t:|1776060040
|move|p1a: Ninetales|Encore|p2a: Toxapex
|-start|p2a: Toxapex|Encore
|move|p2a: Toxapex|Poison Jab|p1a: Ninetales
|-damage|p1a: Ninetales|78/100
|-status|p1a: Ninetales|psn
|
|-weather|SunnyDay|[upkeep]
|-damage|p1a: Ninetales|66/100 psn|[from] psn
|-damage|p2a: Toxapex|69/100 brn|[from] brn
|upkeep
|turn|17
|
|t:|1776060049
|switch|p1a: Excadrill|Excadrill, F|100/100
|-item|p1a: Excadrill|Air Balloon
|move|p2a: Toxapex|Poison Jab|p1a: Excadrill
|-immune|p1a: Excadrill
|
|-weather|SunnyDay|[upkeep]
|-damage|p2a: Toxapex|63/100 brn|[from] brn
|upkeep
|turn|18
|
|t:|1776060063
|switch|p1a: Ninetales|Ninetales, F|66/100 psn
|switch|p2a: Corviknight|Corviknight, M|60/100
|-damage|p2a: Corviknight|47/100|[from] Stealth Rock
|-ability|p2a: Corviknight|Pressure
|
|-weather|SunnyDay|[upkeep]
|-damage|p1a: Ninetales|53/100 psn|[from] psn
|upkeep
|turn|19
|
|t:|1776060075
|switch|p2a: Toxapex|Toxapex, F|96/100 brn
|-damage|p2a: Toxapex|84/100 brn|[from] Stealth Rock
|move|p1a: Ninetales|Overheat|p2a: Toxapex
|-resisted|p2a: Toxapex
|-damage|p2a: Toxapex|65/100 brn
|-unboost|p1a: Ninetales|spa|2
|-enditem|p1a: Ninetales|Eject Pack
|
|t:|1776060077
|switch|p1a: Excadrill|Excadrill, F|100/100
|-item|p1a: Excadrill|Air Balloon
|
|-weather|none
|-damage|p2a: Toxapex|59/100 brn|[from] brn
|upkeep
|turn|20
|inactive|GGS_Chuddius has 120 seconds left.
|
|t:|1776060105
|switch|p1a: Ninetales|Ninetales, F|53/100 psn
|-weather|SunnyDay|[from] ability: Drought|[of] p1a: Ninetales
|switch|p2a: Dondozo|Dondozo, M|85/100
|-damage|p2a: Dondozo|73/100|[from] Stealth Rock
|
|-weather|SunnyDay|[upkeep]
|-heal|p2a: Dondozo|79/100|[from] item: Leftovers
|-damage|p1a: Ninetales|41/100 psn|[from] psn
|upkeep
|turn|21
|inactive|GGS_Chuddius has 120 seconds left.
|
|t:|1776060119
|move|p1a: Ninetales|Will-O-Wisp|p2a: Dondozo
|-status|p2a: Dondozo|brn
|move|p2a: Dondozo|Body Press|p1a: Ninetales
|-damage|p1a: Ninetales|24/100 psn
|
|-weather|SunnyDay|[upkeep]
|-heal|p2a: Dondozo|85/100 brn|[from] item: Leftovers
|-damage|p1a: Ninetales|12/100 psn|[from] psn
|-damage|p2a: Dondozo|79/100 brn|[from] brn
|upkeep
|turn|22
|inactive|GGS_Chuddius has 120 seconds left.
|
|t:|1776060129
|switch|p1a: Typhlosion|Typhlosion, M|100/100
|move|p2a: Dondozo|Body Press|p1a: Typhlosion
|-damage|p1a: Typhlosion|82/100
|
|-weather|SunnyDay|[upkeep]
|-heal|p2a: Dondozo|85/100 brn|[from] item: Leftovers
|-damage|p2a: Dondozo|79/100 brn|[from] brn
|upkeep
|turn|23
|inactive|GGS_Chuddius has 120 seconds left.
|
|t:|1776060142
|switch|p2a: Toxapex|Toxapex, F|92/100 brn
|-damage|p2a: Toxapex|80/100 brn|[from] Stealth Rock
|move|p1a: Typhlosion|Solar Beam||[still]
|-prepare|p1a: Typhlosion|Solar Beam
|-anim|p1a: Typhlosion|Solar Beam|p2a: Toxapex
|-damage|p2a: Toxapex|54/100 brn
|
|-weather|SunnyDay|[upkeep]
|-damage|p2a: Toxapex|48/100 brn|[from] brn
|upkeep
|turn|24
|inactive|GGS_Chuddius has 120 seconds left.
|
|t:|1776060153
|move|p1a: Typhlosion|Solar Beam||[still]
|-prepare|p1a: Typhlosion|Solar Beam
|-anim|p1a: Typhlosion|Solar Beam|p2a: Toxapex
|-damage|p2a: Toxapex|24/100 brn
|move|p2a: Toxapex|Recover|p2a: Toxapex
|-heal|p2a: Toxapex|74/100 brn
|
|-weather|none
|-damage|p2a: Toxapex|67/100 brn|[from] brn
|upkeep
|turn|25
|inactive|GGS_Chuddius has 120 seconds left.
|
|t:|1776060166
|switch|p1a: Excadrill|Excadrill, F|100/100
|-item|p1a: Excadrill|Air Balloon
|move|p2a: Toxapex|Toxic|p1a: Excadrill
|-immune|p1a: Excadrill
|
|-damage|p2a: Toxapex|61/100 brn|[from] brn
|upkeep
|turn|26
|inactive|GGS_Chuddius has 120 seconds left.
|
|t:|1776060175
|switch|p2a: Dondozo|Dondozo, M|79/100 brn
|-damage|p2a: Dondozo|67/100 brn|[from] Stealth Rock
|move|p1a: Excadrill|Swords Dance|p1a: Excadrill
|-boost|p1a: Excadrill|atk|2
|
|-heal|p2a: Dondozo|73/100 brn|[from] item: Leftovers
|-damage|p2a: Dondozo|67/100 brn|[from] brn
|upkeep
|turn|27
|inactive|GGS_Chuddius has 120 seconds left.
|
|t:|1776060186
|move|p1a: Excadrill|Earthquake|p2a: Dondozo
|-damage|p2a: Dondozo|45/100 brn
|move|p2a: Dondozo|Rest|p2a: Dondozo
|-status|p2a: Dondozo|slp|[from] move: Rest
|-heal|p2a: Dondozo|100/100 slp|[silent]
|
|upkeep
|turn|28
|
|t:|1776060194
|switch|p1a: Ninetales|Ninetales, F|12/100 psn
|-weather|SunnyDay|[from] ability: Drought|[of] p1a: Ninetales
|cant|p2a: Dondozo|slp
|move|p2a: Dondozo|Sleep Talk|p2a: Dondozo
|move|p2a: Dondozo|Rest||[from] move: Sleep Talk|[still]
|-fail|p2a: Dondozo
|
|-weather|SunnyDay|[upkeep]
|-damage|p1a: Ninetales|0 fnt|[from] psn
|faint|p1a: Ninetales
|upkeep
|
|t:|1776060199
|switch|p1a: Blissey|Blissey, F|72/100
|turn|29
|
|t:|1776060208
|move|p1a: Blissey|Seismic Toss|p2a: Dondozo
|-damage|p2a: Dondozo|81/100 slp
|cant|p2a: Dondozo|slp
|move|p2a: Dondozo|Sleep Talk|p2a: Dondozo
|move|p2a: Dondozo|Avalanche|p1a: Blissey|[from] move: Sleep Talk
|-damage|p1a: Blissey|19/100
|
|-weather|SunnyDay|[upkeep]
|-heal|p1a: Blissey|25/100|[from] item: Leftovers
|-heal|p2a: Dondozo|87/100 slp|[from] item: Leftovers
|upkeep
|turn|30
|
|t:|1776060219
|switch|p1a: Typhlosion|Typhlosion, M|82/100
|-curestatus|p2a: Dondozo|slp|[msg]
|move|p2a: Dondozo|Sleep Talk||[still]
|-fail|p2a: Dondozo
|
|-weather|SunnyDay|[upkeep]
|-heal|p2a: Dondozo|93/100|[from] item: Leftovers
|upkeep
|turn|31
|
|t:|1776060228
|switch|p2a: Toxapex|Toxapex, F|94/100 brn
|-damage|p2a: Toxapex|82/100 brn|[from] Stealth Rock
|move|p1a: Typhlosion|Solar Beam||[still]
|-prepare|p1a: Typhlosion|Solar Beam
|-anim|p1a: Typhlosion|Solar Beam|p2a: Toxapex
|-damage|p2a: Toxapex|54/100 brn
|
|-weather|SunnyDay|[upkeep]
|-damage|p2a: Toxapex|48/100 brn|[from] brn
|upkeep
|turn|32
|
|t:|1776060239
|switch|p1a: Blissey|Blissey, F|25/100
|move|p2a: Toxapex|Recover|p2a: Toxapex
|-heal|p2a: Toxapex|98/100 brn
|
|-weather|none
|-heal|p1a: Blissey|31/100|[from] item: Leftovers
|-damage|p2a: Toxapex|92/100 brn|[from] brn
|upkeep
|turn|33
|
|t:|1776060252
|move|p1a: Blissey|Soft-Boiled|p1a: Blissey
|-heal|p1a: Blissey|81/100
|move|p2a: Toxapex|Toxic|p1a: Blissey
|-status|p1a: Blissey|tox
|
|-heal|p1a: Blissey|87/100 tox|[from] item: Leftovers
|-damage|p1a: Blissey|81/100 tox|[from] psn
|-damage|p2a: Toxapex|85/100 brn|[from] brn
|upkeep
|turn|34
|
|t:|1776060261
|-curestatus|p1a: Blissey|tox|[from] ability: Natural Cure
|switch|p1a: Excadrill|Excadrill, F|100/100
|-item|p1a: Excadrill|Air Balloon
|move|p2a: Toxapex|Poison Jab|p1a: Excadrill
|-immune|p1a: Excadrill
|
|-damage|p2a: Toxapex|79/100 brn|[from] brn
|upkeep
|turn|35
|
|t:|1776060274
|switch|p2a: Dondozo|Dondozo, M|93/100
|-damage|p2a: Dondozo|81/100|[from] Stealth Rock
|move|p1a: Excadrill|Swords Dance|p1a: Excadrill
|-boost|p1a: Excadrill|atk|2
|
|-heal|p2a: Dondozo|87/100|[from] item: Leftovers
|upkeep
|turn|36
|
|t:|1776060282
|-terastallize|p1a: Excadrill|Ground
|move|p1a: Excadrill|Swords Dance|p1a: Excadrill
|-boost|p1a: Excadrill|atk|2
|move|p2a: Dondozo|Body Press|p1a: Excadrill
|-damage|p1a: Excadrill|59/100
|-enditem|p1a: Excadrill|Air Balloon
|
|-heal|p2a: Dondozo|93/100|[from] item: Leftovers
|upkeep
|turn|37
|
|t:|1776060293
|move|p1a: Excadrill|Earthquake|p2a: Dondozo
|-damage|p2a: Dondozo|60/100
|move|p2a: Dondozo|Avalanche|p1a: Excadrill
|-supereffective|p1a: Excadrill
|-damage|p1a: Excadrill|0 fnt
|faint|p1a: Excadrill
|
|-heal|p2a: Dondozo|66/100|[from] item: Leftovers
|upkeep
|-message|beentheredonepat forfeited.
|
|win|GGS_Chuddius
|raw|beentheredonepat's rating: 1235 &rarr; <strong>1220</strong><br />(-15 for losing)
|raw|GGS_Chuddius's rating: 1386 &rarr; <strong>1398</strong><br />(+12 for winning)
|l|☆beentheredonepat
|player|p1|
|l|☆GGS_Chuddius
|player|p2|
