|html|<div class="broadcast-blue"><strong>[Gen 9] OU is currently suspecting Tera Blast! For information on how to participate check out the <a href="https://www.smogon.com/tools/suspects/view/200">suspect thread</a>.</strong></div>
|j|☆Taynzo
|j|‽Kingbegic
|t:|1776054138
|gametype|singles
|player|p1|Taynzo|102|1228
|player|p2|Kingbegic|170|1267
|gen|9
|tier|[Gen 9] OU
|rated|
|rule|HP Percentage Mod: HP is shown in percentages
|rule|Endless Battle Clause: Forcing endless battles is banned
|rule|Species Clause: Limit one of each Pokémon
|rule|OHKO Clause: OHKO moves are banned
|rule|Evasion Items Clause: Evasion items are banned
|rule|Evasion Moves Clause: Evasion moves are banned
|rule|Evasion Abilities Clause: Evasion abilities are banned
|rule|Sleep Moves Clause: Sleep-inducing moves are banned
|clearpoke
|poke|p1|Garchomp, F|
|poke|p1|Dragonite, M|
|poke|p1|Hydreigon, F|
|poke|p1|Goodra-Hisui, M|
|poke|p1|Salamence, M|
|poke|p1|Cyclizar, M|
|poke|p2|Ting-Lu|
|poke|p2|Gholdengo|
|poke|p2|Kingambit, F|
|poke|p2|Great Tusk|
|poke|p2|Ogerpon-Wellspring, F|
|poke|p2|Dragonite, M|
|teampreview
|inactive|Battle timer is ON: inactive players will automatically lose when time's up. (requested by Kingbegic)
|
|t:|1776054162
|teamsize|p1|6
|teamsize|p2|6
|start
|switch|p1a: Cyclizar|Cyclizar, M|100/100
|switch|p2a: Ting-Lu|Ting-Lu|100/100
|-ability|p2a: Ting-Lu|Vessel of Ruin
|turn|1
|
|t:|1776054168
|move|p1a: Cyclizar|Knock Off|p2a: Ting-Lu
|-resisted|p2a: Ting-Lu
|-damage|p2a: Ting-Lu|95/100
|-enditem|p2a: Ting-Lu|Red Card|[from] move: Knock Off|[of] p1a: Cyclizar
|move|p2a: Ting-Lu|Stealth Rock|p1a: Cyclizar
|-sidestart|p1: Taynzo|move: Stealth Rock
|
|upkeep
|turn|2
|
|t:|1776054177
|move|p1a: Cyclizar|Rapid Spin|p2a: Ting-Lu
|-damage|p2a: Ting-Lu|85/100
|-boost|p1a: Cyclizar|spe|1
|-sideend|p1: Taynzo|Stealth Rock|[from] move: Rapid Spin|[of] p1a: Cyclizar
|move|p2a: Ting-Lu|Spikes|p1a: Cyclizar
|-sidestart|p1: Taynzo|Spikes
|
|upkeep
|turn|3
|
|t:|1776054184
|-terastallize|p2a: Ting-Lu|Ghost
|move|p1a: Cyclizar|Rapid Spin|p2a: Ting-Lu
|-immune|p2a: Ting-Lu
|move|p2a: Ting-Lu|Stealth Rock|p1a: Cyclizar
|-sidestart|p1: Taynzo|move: Stealth Rock
|
|upkeep
|turn|4
|
|t:|1776054191
|move|p1a: Cyclizar|U-turn|p2a: Ting-Lu
|-resisted|p2a: Ting-Lu
|-damage|p2a: Ting-Lu|80/100
|
|t:|1776054201
|switch|p1a: Hydreigon|Hydreigon, F|100/100|[from] U-turn
|-damage|p1a: Hydreigon|88/100|[from] Stealth Rock
|move|p2a: Ting-Lu|Spikes|p1a: Hydreigon
|-sidestart|p1: Taynzo|Spikes
|
|upkeep
|turn|5
|
|t:|1776054209
|move|p1a: Hydreigon|Dark Pulse|p2a: Ting-Lu
|-supereffective|p2a: Ting-Lu
|-damage|p2a: Ting-Lu|16/100
|-damage|p1a: Hydreigon|78/100|[from] item: Life Orb
|move|p2a: Ting-Lu|Whirlwind|p1a: Hydreigon
|drag|p1a: Dragonite|Dragonite, M|100/100
|-damage|p1a: Dragonite|76/100|[from] Stealth Rock
|
|upkeep
|turn|6
|
|t:|1776054220
|move|p1a: Dragonite|Ice Spinner|p2a: Ting-Lu
|-damage|p2a: Ting-Lu|0 fnt
|faint|p2a: Ting-Lu
|
|upkeep
|
|t:|1776054226
|switch|p2a: Great Tusk|Great Tusk|100/100
|-enditem|p2a: Great Tusk|Booster Energy
|-activate|p2a: Great Tusk|ability: Protosynthesis|[fromitem]
|-start|p2a: Great Tusk|protosynthesisspe
|turn|7
|
|t:|1776054231
|switch|p1a: Cyclizar|Cyclizar, M|100/100
|-damage|p1a: Cyclizar|84/100|[from] Spikes
|-damage|p1a: Cyclizar|71/100|[from] Stealth Rock
|move|p2a: Great Tusk|Bulk Up|p2a: Great Tusk
|-boost|p2a: Great Tusk|atk|1
|-boost|p2a: Great Tusk|def|1
|
|upkeep
|turn|8
|
|t:|1776054239
|move|p2a: Great Tusk|Ice Spinner|p1a: Cyclizar
|-supereffective|p1a: Cyclizar
|-damage|p1a: Cyclizar|0 fnt
|faint|p1a: Cyclizar
|
|upkeep
|
|t:|1776054256
|switch|p1a: Dragonite|Dragonite, M|76/100
|-damage|p1a: Dragonite|51/100|[from] Stealth Rock
|turn|9
|
|t:|1776054262
|move|p2a: Great Tusk|Ice Spinner|p1a: Dragonite
|-supereffective|p1a: Dragonite
|-damage|p1a: Dragonite|0 fnt
|faint|p1a: Dragonite
|
|upkeep
|
|t:|1776054270
|switch|p1a: Salamence|Salamence, M|100/100
|-damage|p1a: Salamence|76/100|[from] Stealth Rock
|-ability|p1a: Salamence|Intimidate|boost
|-unboost|p2a: Great Tusk|atk|1
|turn|10
|
|t:|1776054277
|move|p2a: Great Tusk|Ice Spinner|p1a: Salamence
|-supereffective|p1a: Salamence
|-damage|p1a: Salamence|0 fnt
|faint|p1a: Salamence
|
|upkeep
|
|t:|1776054279
|switch|p1a: Garchomp|Garchomp, F|100/100
|-damage|p1a: Garchomp|84/100|[from] Spikes
|-damage|p1a: Garchomp|78/100|[from] Stealth Rock
|turn|11
|
|t:|1776054283
|-terastallize|p1a: Garchomp|Fire
|move|p2a: Great Tusk|Ice Spinner|p1a: Garchomp
|-resisted|p1a: Garchomp
|-crit|p1a: Garchomp
|-damage|p1a: Garchomp|59/100
|-damage|p2a: Great Tusk|88/100|[from] ability: Rough Skin|[of] p1a: Garchomp
|move|p1a: Garchomp|Scale Shot|p2a: Great Tusk
|-damage|p2a: Great Tusk|81/100
|-damage|p2a: Great Tusk|75/100
|-damage|p2a: Great Tusk|68/100
|-damage|p2a: Great Tusk|62/100
|-damage|p2a: Great Tusk|56/100
|-hitcount|p2a: Great Tusk|5
|-unboost|p1a: Garchomp|def|1
|-boost|p1a: Garchomp|spe|1
|
|upkeep
|turn|12
|
|t:|1776054299
|move|p1a: Garchomp|Earthquake|p2a: Great Tusk
|-damage|p2a: Great Tusk|32/100
|move|p2a: Great Tusk|Headlong Rush|p1a: Garchomp
|-supereffective|p1a: Garchomp
|-damage|p1a: Garchomp|0 fnt
|-unboost|p2a: Great Tusk|def|1
|-unboost|p2a: Great Tusk|spd|1
|-damage|p2a: Great Tusk|20/100|[from] ability: Rough Skin|[of] p1a: Garchomp
|faint|p1a: Garchomp
|
|upkeep
|
|t:|1776054307
|switch|p1a: Hydreigon|Hydreigon, F|78/100
|-damage|p1a: Hydreigon|66/100|[from] Stealth Rock
|turn|13
|
|t:|1776054311
|move|p2a: Great Tusk|Ice Spinner|p1a: Hydreigon
|-supereffective|p1a: Hydreigon
|-damage|p1a: Hydreigon|9/100
|move|p1a: Hydreigon|Draco Meteor|p2a: Great Tusk
|-damage|p2a: Great Tusk|0 fnt
|-unboost|p1a: Hydreigon|spa|2
|faint|p2a: Great Tusk
|-end|p2a: Great Tusk|Protosynthesis|[silent]
|-damage|p1a: Hydreigon|0 fnt|[from] item: Life Orb
|faint|p1a: Hydreigon
|
|upkeep
|-message|Taynzo forfeited.
|
|win|Kingbegic
|raw|Taynzo's rating: 1228 &rarr; <strong>1206</strong><br />(-22 for losing)
|raw|Kingbegic's rating: 1267 &rarr; <strong>1289</strong><br />(+22 for winning)
|l|☆Taynzo
|player|p1|
|l|‽Kingbegic
|player|p2|
