|html|<div class="broadcast-blue"><strong>[Gen 9] OU is currently suspecting Volcarona! For information on how to participate check out the <a href="https://www.smogon.com/tools/suspects/view/208">suspect thread</a>.</strong></div>
|j|☆Hero Bomb
|j|☆Jona64962
|t:|1778517280
|gametype|singles
|player|p1|Hero Bomb|ltsurge|1191
|player|p2|Jona64962|unknown|1263
|gen|9
|tier|[Gen 9] OU
|rated|
|rule|HP Percentage Mod: HP is shown in percentages
|rule|Endless Battle Clause: Forcing endless battles is banned
|rule|Species Clause: Limit one of each Pokémon
|rule|OHKO Clause: OHKO moves are banned
|rule|Evasion Items Clause: Evasion items are banned
|rule|Evasion Moves Clause: Evasion moves are banned
|rule|Evasion Abilities Clause: Evasion abilities are banned
|rule|Sleep Moves Clause: Sleep-inducing moves are banned
|clearpoke
|poke|p1|Lycanroc-Dusk, M|
|poke|p1|Gholdengo|
|poke|p1|Meowscarada, M|
|poke|p1|Kingambit, M|
|poke|p1|Enamorus, F|
|poke|p1|Great Tusk|
|poke|p2|Regigigas|
|poke|p2|Gholdengo|
|poke|p2|Kommo-o, F|
|poke|p2|Wo-Chien|
|poke|p2|Gliscor, M|
|poke|p2|Kingambit, M|
|teampreview
|inactive|Battle timer is ON: inactive players will automatically lose when time's up. (requested by Hero Bomb)
|inactive|Jona64962 also wants the timer to be on.
|
|t:|1778517291
|teamsize|p1|6
|teamsize|p2|6
|start
|switch|p1a: Lycanroc|Lycanroc-Dusk, M|100/100
|switch|p2a: Wo-Chien|Wo-Chien|100/100
|-ability|p2a: Wo-Chien|Tablets of Ruin
|turn|1
|
|t:|1778517304
|move|p1a: Lycanroc|Close Combat|p2a: Wo-Chien
|-supereffective|p2a: Wo-Chien
|-damage|p2a: Wo-Chien|15/100
|-unboost|p1a: Lycanroc|def|1
|-unboost|p1a: Lycanroc|spd|1
|-damage|p1a: Lycanroc|91/100|[from] item: Life Orb
|move|p2a: Wo-Chien|Leech Seed|p1a: Lycanroc
|-start|p1a: Lycanroc|move: Leech Seed
|
|-damage|p1a: Lycanroc|78/100|[from] Leech Seed|[of] p2a: Wo-Chien
|-heal|p2a: Wo-Chien|25/100|[silent]
|upkeep
|turn|2
|
|t:|1778517313
|move|p2a: Wo-Chien|Protect|p2a: Wo-Chien
|-singleturn|p2a: Wo-Chien|Protect
|move|p1a: Lycanroc|Close Combat|p2a: Wo-Chien
|-activate|p2a: Wo-Chien|move: Protect
|
|-damage|p1a: Lycanroc|66/100|[from] Leech Seed|[of] p2a: Wo-Chien
|-heal|p2a: Wo-Chien|34/100|[silent]
|upkeep
|turn|3
|
|t:|1778517326
|switch|p1a: Enamorus|Enamorus, F|100/100
|switch|p2a: Gholdengo|Gholdengo|100/100
|-item|p2a: Gholdengo|Air Balloon
|
|upkeep
|turn|4
|
|t:|1778517345
|-terastallize|p1a: Enamorus|Ground
|move|p1a: Enamorus|Calm Mind|p1a: Enamorus
|-boost|p1a: Enamorus|spa|1
|-boost|p1a: Enamorus|spd|1
|move|p2a: Gholdengo|Make It Rain|p1a: Enamorus
|-damage|p1a: Enamorus|37/100
|-unboost|p2a: Gholdengo|spa|1
|
|upkeep
|turn|5
|
|t:|1778517358
|move|p1a: Enamorus|Calm Mind|p1a: Enamorus
|-boost|p1a: Enamorus|spa|1
|-boost|p1a: Enamorus|spd|1
|move|p2a: Gholdengo|Make It Rain|p1a: Enamorus
|-damage|p1a: Enamorus|5/100
|-unboost|p2a: Gholdengo|spa|1
|
|upkeep
|turn|6
|
|t:|1778517366
|move|p1a: Enamorus|Mystical Fire|p2a: Gholdengo
|-supereffective|p2a: Gholdengo
|-damage|p2a: Gholdengo|3/100
|-unboost|p2a: Gholdengo|spa|1
|-enditem|p2a: Gholdengo|Air Balloon
|move|p2a: Gholdengo|Make It Rain|p1a: Enamorus
|-damage|p1a: Enamorus|0 fnt
|-unboost|p2a: Gholdengo|spa|1
|faint|p1a: Enamorus
|
|upkeep
|
|t:|1778517375
|switch|p1a: Kingambit|Kingambit, M|100/100
|-activate|p1a: Kingambit|ability: Supreme Overlord
|-start|p1a: Kingambit|fallen1|[silent]
|turn|7
|
|t:|1778517383
|switch|p2a: Kommo-o|Kommo-o, F|100/100
|move|p1a: Kingambit|Swords Dance|p1a: Kingambit
|-boost|p1a: Kingambit|atk|2
|
|upkeep
|turn|8
|
|t:|1778517393
|move|p1a: Kingambit|Swords Dance|p1a: Kingambit
|-boost|p1a: Kingambit|atk|2
|move|p2a: Kommo-o|Aura Sphere|p1a: Kingambit
|-supereffective|p1a: Kingambit
|-damage|p1a: Kingambit|0 fnt
|faint|p1a: Kingambit
|-end|p1a: Kingambit|fallen1|[silent]
|
|upkeep
|
|t:|1778517399
|switch|p1a: Meowscarada|Meowscarada, M|100/100
|turn|9
|
|t:|1778517407
|move|p1a: Meowscarada|Taunt|p2a: Kommo-o
|-start|p2a: Kommo-o|move: Taunt
|move|p2a: Kommo-o|Aura Sphere|p1a: Meowscarada
|-supereffective|p1a: Meowscarada
|-enditem|p1a: Meowscarada|Focus Sash
|-damage|p1a: Meowscarada|1/100
|
|upkeep
|turn|10
|
|t:|1778517418
|move|p1a: Meowscarada|Flower Trick|p2a: Kommo-o
|-resisted|p2a: Kommo-o
|-crit|p2a: Kommo-o
|-damage|p2a: Kommo-o|72/100
|move|p2a: Kommo-o|Iron Head|p1a: Meowscarada
|-damage|p1a: Meowscarada|0 fnt
|faint|p1a: Meowscarada
|
|-heal|p2a: Kommo-o|78/100|[from] item: Leftovers
|upkeep
|
|t:|1778517425
|switch|p1a: Great Tusk|Great Tusk|100/100
|turn|11
|
|t:|1778517443
|switch|p2a: Gliscor|Gliscor, M|100/100
|move|p1a: Great Tusk|Stealth Rock|p2a: Gliscor
|-sidestart|p2: Jona64962|move: Stealth Rock
|
|-status|p2a: Gliscor|tox|[from] item: Toxic Orb
|upkeep
|turn|12
|
|t:|1778517450
|move|p2a: Gliscor|Crabhammer|p1a: Great Tusk
|-supereffective|p1a: Great Tusk
|-damage|p1a: Great Tusk|63/100
|move|p1a: Great Tusk|Ice Spinner|p2a: Gliscor
|-supereffective|p2a: Gliscor
|-damage|p2a: Gliscor|7/100 tox
|
|-heal|p1a: Great Tusk|69/100|[from] item: Leftovers
|-heal|p2a: Gliscor|19/100 tox|[from] ability: Poison Heal
|upkeep
|turn|13
|
|t:|1778517460
|move|p2a: Gliscor|Protect|p2a: Gliscor
|-singleturn|p2a: Gliscor|Protect
|move|p1a: Great Tusk|Ice Spinner|p2a: Gliscor
|-activate|p2a: Gliscor|move: Protect
|
|-heal|p1a: Great Tusk|76/100|[from] item: Leftovers
|-heal|p2a: Gliscor|32/100 tox|[from] ability: Poison Heal
|upkeep
|turn|14
|
|t:|1778517472
|move|p2a: Gliscor|Stealth Rock|p1a: Great Tusk
|-sidestart|p1: Hero Bomb|move: Stealth Rock
|move|p1a: Great Tusk|Ice Spinner|p2a: Gliscor
|-supereffective|p2a: Gliscor
|-damage|p2a: Gliscor|0 fnt
|faint|p2a: Gliscor
|
|-heal|p1a: Great Tusk|82/100|[from] item: Leftovers
|upkeep
|
|t:|1778517495
|switch|p2a: Regigigas|Regigigas|100/100
|-damage|p2a: Regigigas|88/100|[from] Stealth Rock
|-start|p2a: Regigigas|ability: Slow Start
|turn|15
|
|t:|1778517512
|-end|p1a: Great Tusk|Protosynthesis|[silent]
|switch|p1a: Lycanroc|Lycanroc-Dusk, M|66/100
|-damage|p1a: Lycanroc|53/100|[from] Stealth Rock
|move|p2a: Regigigas|Protect||[still]
|-fail|p2a: Regigigas
|
|-heal|p2a: Regigigas|94/100|[from] item: Leftovers
|upkeep
|turn|16
|
|t:|1778517521
|move|p1a: Lycanroc|Close Combat|p2a: Regigigas
|-supereffective|p2a: Regigigas
|-damage|p2a: Regigigas|0 fnt
|-unboost|p1a: Lycanroc|def|1
|-unboost|p1a: Lycanroc|spd|1
|faint|p2a: Regigigas
|-end|p2a: Regigigas|Slow Start|[silent]
|-damage|p1a: Lycanroc|43/100|[from] item: Life Orb
|
|upkeep
|
|t:|1778517530
|switch|p2a: Kommo-o|Kommo-o, F|78/100
|-damage|p2a: Kommo-o|72/100|[from] Stealth Rock
|turn|17
|
|t:|1778517535
|move|p1a: Lycanroc|Psychic Fangs|p2a: Kommo-o
|-supereffective|p2a: Kommo-o
|-damage|p2a: Kommo-o|0 fnt
|faint|p2a: Kommo-o
|-damage|p1a: Lycanroc|33/100|[from] item: Life Orb
|
|upkeep
|-message|Jona64962 forfeited.
|
|win|Hero Bomb
|raw|Hero Bomb's rating: 1191 &rarr; <strong>1221</strong><br />(+30 for winning)
|raw|Jona64962's rating: 1263 &rarr; <strong>1233</strong><br />(-30 for losing)
|l|☆Jona64962
|player|p2|
