|html|<div class="broadcast-blue"><strong>[Gen 9] OU is currently suspecting Tera Blast! For information on how to participate check out the <a href="https://www.smogon.com/tools/suspects/view/200">suspect thread</a>.</strong></div>
|j|‽arvinoboy
|j|☆RememberedDrax
|t:|1776176274
|gametype|singles
|player|p1|arvinoboy|101|1045
|player|p2|RememberedDrax|102|1000
|gen|9
|tier|[Gen 9] OU
|rated|
|rule|HP Percentage Mod: HP is shown in percentages
|rule|Endless Battle Clause: Forcing endless battles is banned
|rule|Species Clause: Limit one of each Pokémon
|rule|OHKO Clause: OHKO moves are banned
|rule|Evasion Items Clause: Evasion items are banned
|rule|Evasion Moves Clause: Evasion moves are banned
|rule|Evasion Abilities Clause: Evasion abilities are banned
|rule|Sleep Moves Clause: Sleep-inducing moves are banned
|clearpoke
|poke|p1|Rotom-Wash|
|poke|p1|Heatran, F|
|poke|p1|Rillaboom, M|
|poke|p1|Dragapult, F|
|poke|p1|Toxapex, F|
|poke|p1|Great Tusk|
|poke|p2|Great Tusk|
|poke|p2|Kingambit, M|
|poke|p2|Dragapult, M|
|poke|p2|Corviknight, M|
|poke|p2|Iron Valiant|
|poke|p2|Rotom-Wash|
|teampreview
|
|t:|1776176282
|teamsize|p1|6
|teamsize|p2|6
|start
|switch|p1a: Rillaboom|Rillaboom, M|100/100
|switch|p2a: Colossus|Great Tusk, shiny|100/100
|turn|1
|
|t:|1776176300
|-terastallize|p1a: Rillaboom|Grass
|move|p1a: Rillaboom|Wood Hammer|p2a: Colossus
|-supereffective|p2a: Colossus
|-damage|p2a: Colossus|4/100
|-damage|p1a: Rillaboom|63/100|[from] Recoil
|move|p2a: Colossus|Stealth Rock|p1a: Rillaboom
|-sidestart|p1: arvinoboy|move: Stealth Rock
|
|-heal|p2a: Colossus|10/100|[from] item: Leftovers
|upkeep
|turn|2
|
|t:|1776176314
|move|p1a: Rillaboom|Wood Hammer|p2a: Colossus
|-supereffective|p2a: Colossus
|-damage|p2a: Colossus|0 fnt
|faint|p2a: Colossus
|-end|p2a: Colossus|Protosynthesis|[silent]
|-damage|p1a: Rillaboom|59/100|[from] Recoil
|
|upkeep
|
|t:|1776176325
|switch|p2a: VoidDrake|Dragapult, M, shiny|100/100
|turn|3
|
|t:|1776176346
|switch|p1a: Dragapult|Dragapult, F|100/100
|-damage|p1a: Dragapult|88/100|[from] Stealth Rock
|move|p2a: VoidDrake|Flamethrower|p1a: Dragapult
|-resisted|p1a: Dragapult
|-damage|p1a: Dragapult|72/100
|
|upkeep
|turn|4
|
|t:|1776176366
|switch|p2a: AetherBlade|Iron Valiant, shiny|100/100
|-enditem|p2a: AetherBlade|Booster Energy
|-activate|p2a: AetherBlade|ability: Quark Drive|[fromitem]
|-start|p2a: AetherBlade|quarkdrivespe
|move|p1a: Dragapult|Draco Meteor|p2a: AetherBlade
|-immune|p2a: AetherBlade
|
|upkeep
|turn|5
|
|t:|1776176398
|switch|p1a: Toxapex|Toxapex, F|100/100
|-damage|p1a: Toxapex|88/100|[from] Stealth Rock
|move|p2a: AetherBlade|Moonblast|p1a: Toxapex
|-resisted|p1a: Toxapex
|-crit|p1a: Toxapex
|-damage|p1a: Toxapex|55/100
|
|-heal|p1a: Toxapex|61/100|[from] item: Black Sludge
|upkeep
|turn|6
|
|t:|1776176413
|move|p2a: AetherBlade|Thunderbolt|p1a: Toxapex
|-supereffective|p1a: Toxapex
|-damage|p1a: Toxapex|10/100
|move|p1a: Toxapex|Toxic Spikes|p2a: AetherBlade
|-sidestart|p2: RememberedDrax|move: Toxic Spikes
|
|-heal|p1a: Toxapex|16/100|[from] item: Black Sludge
|upkeep
|turn|7
|
|t:|1776176425
|switch|p1a: Heatran|Heatran, F|100/100
|-damage|p1a: Heatran|88/100|[from] Stealth Rock
|move|p2a: AetherBlade|Thunderbolt|p1a: Heatran
|-damage|p1a: Heatran|62/100
|
|-heal|p1a: Heatran|69/100|[from] item: Leftovers
|upkeep
|turn|8
|
|t:|1776176439
|-end|p2a: AetherBlade|Quark Drive|[silent]
|switch|p2a: TempestCore|Rotom-Wash, shiny|100/100
|move|p1a: Heatran|Earth Power|p2a: TempestCore
|-immune|p2a: TempestCore|[from] ability: Levitate
|
|-heal|p1a: Heatran|75/100|[from] item: Leftovers
|upkeep
|turn|9
|
|t:|1776176456
|move|p2a: TempestCore|Hydro Pump|p1a: Heatran
|-supereffective|p1a: Heatran
|-damage|p1a: Heatran|5/100
|move|p1a: Heatran|Earth Power|p2a: TempestCore
|-immune|p2a: TempestCore|[from] ability: Levitate
|
|-heal|p1a: Heatran|11/100|[from] item: Leftovers
|upkeep
|turn|10
|
|t:|1776176483
|switch|p1a: Rillaboom|Rillaboom, M, tera:Grass|59/100
|-damage|p1a: Rillaboom|46/100|[from] Stealth Rock
|move|p2a: TempestCore|Volt Switch|p1a: Rillaboom
|-resisted|p1a: Rillaboom
|-damage|p1a: Rillaboom|32/100
|
|t:|1776176495
|switch|p2a: VoidDrake|Dragapult, M, shiny|100/100|[from] Volt Switch
|-status|p2a: VoidDrake|psn
|
|-damage|p2a: VoidDrake|88/100 psn|[from] psn
|upkeep
|turn|11
|
|t:|1776176504
|move|p2a: VoidDrake|Flamethrower|p1a: Rillaboom
|-supereffective|p1a: Rillaboom
|-damage|p1a: Rillaboom|0 fnt
|faint|p1a: Rillaboom
|
|-damage|p2a: VoidDrake|76/100 psn|[from] psn
|upkeep
|
|t:|1776176518
|switch|p1a: Dragapult|Dragapult, F|72/100
|-damage|p1a: Dragapult|59/100|[from] Stealth Rock
|turn|12
|
|t:|1776176525
|-terastallize|p2a: VoidDrake|Ghost
|move|p2a: VoidDrake|Flamethrower|p1a: Dragapult
|-resisted|p1a: Dragapult
|-damage|p1a: Dragapult|43/100
|move|p1a: Dragapult|Draco Meteor|p2a: VoidDrake
|-damage|p2a: VoidDrake|0 fnt
|-unboost|p1a: Dragapult|spa|2
|faint|p2a: VoidDrake
|
|upkeep
|
|t:|1776176540
|switch|p2a: AetherBlade|Iron Valiant, shiny|100/100
|-status|p2a: AetherBlade|psn
|turn|13
|
|t:|1776176566
|switch|p1a: Great Tusk|Great Tusk|100/100
|-damage|p1a: Great Tusk|97/100|[from] Stealth Rock
|move|p2a: AetherBlade|Psyshock|p1a: Great Tusk
|-supereffective|p1a: Great Tusk
|-damage|p1a: Great Tusk|64/100
|
|-heal|p1a: Great Tusk|71/100|[from] item: Leftovers
|-damage|p2a: AetherBlade|88/100 psn|[from] psn
|upkeep
|turn|14
|
|t:|1776176584
|-end|p2a: AetherBlade|Quark Drive|[silent]
|switch|p2a: TempestCore|Rotom-Wash, shiny|100/100
|move|p1a: Great Tusk|Close Combat|p2a: TempestCore
|-damage|p2a: TempestCore|56/100
|-unboost|p1a: Great Tusk|def|1
|-unboost|p1a: Great Tusk|spd|1
|
|-heal|p1a: Great Tusk|77/100|[from] item: Leftovers
|upkeep
|turn|15
|
|t:|1776176601
|move|p2a: TempestCore|Hydro Pump|p1a: Great Tusk
|-supereffective|p1a: Great Tusk
|-damage|p1a: Great Tusk|0 fnt
|faint|p1a: Great Tusk
|-end|p1a: Great Tusk|Protosynthesis|[silent]
|
|upkeep
|
|t:|1776176608
|switch|p1a: Rotom|Rotom-Wash|100/100
|-damage|p1a: Rotom|88/100|[from] Stealth Rock
|turn|16
|
|t:|1776176614
|move|p1a: Rotom|Volt Switch|p2a: TempestCore
|-damage|p2a: TempestCore|30/100
|inactive|Battle timer is ON: inactive players will automatically lose when time's up. (requested by arvinoboy)
|inactive|arvinoboy has 120 seconds left.
|
|t:|1776176673
|switch|p1a: Dragapult|Dragapult, F|43/100|[from] Volt Switch
|-damage|p1a: Dragapult|30/100|[from] Stealth Rock
|move|p2a: TempestCore|Volt Switch|p1a: Dragapult
|-resisted|p1a: Dragapult
|-damage|p1a: Dragapult|17/100
|
|t:|1776176683
|switch|p2a: Overlord|Kingambit, M, shiny|100/100|[from] Volt Switch
|-activate|p2a: Overlord|ability: Supreme Overlord
|-start|p2a: Overlord|fallen2|[silent]
|
|upkeep
|turn|17
|
|t:|1776176708
|move|p2a: Overlord|Sucker Punch|p1a: Dragapult
|-supereffective|p1a: Dragapult
|-damage|p1a: Dragapult|0 fnt
|faint|p1a: Dragapult
|
|upkeep
|inactive|arvinoboy has 120 seconds left.
|
|t:|1776176719
|switch|p1a: Rotom|Rotom-Wash|88/100
|-damage|p1a: Rotom|75/100|[from] Stealth Rock
|turn|18
|inactive|arvinoboy has 120 seconds left.
|
|t:|1776176729
|move|p1a: Rotom|Will-O-Wisp|p2a: Overlord
|-status|p2a: Overlord|brn
|move|p2a: Overlord|Swords Dance|p2a: Overlord
|-boost|p2a: Overlord|atk|2
|
|-heal|p1a: Rotom|82/100|[from] item: Leftovers
|-damage|p2a: Overlord|94/100 brn|[from] brn
|upkeep
|turn|19
|
|t:|1776176741
|move|p1a: Rotom|Volt Switch|p2a: Overlord
|-damage|p2a: Overlord|67/100 brn
|
|t:|1776176748
|switch|p1a: Toxapex|Toxapex, F|16/100|[from] Volt Switch
|-damage|p1a: Toxapex|4/100|[from] Stealth Rock
|move|p2a: Overlord|Iron Head|p1a: Toxapex
|-resisted|p1a: Toxapex
|-damage|p1a: Toxapex|0 fnt
|faint|p1a: Toxapex
|
|-damage|p2a: Overlord|61/100 brn|[from] brn
|upkeep
|
|t:|1776176758
|switch|p1a: Rotom|Rotom-Wash|82/100
|-damage|p1a: Rotom|69/100|[from] Stealth Rock
|turn|20
|
|t:|1776176764
|move|p1a: Rotom|Volt Switch|p2a: Overlord
|-damage|p2a: Overlord|34/100 brn
|
|t:|1776176768
|switch|p1a: Heatran|Heatran, F|11/100|[from] Volt Switch
|-damage|p1a: Heatran|0 fnt|[from] Stealth Rock
|faint|p1a: Heatran
|move|p2a: Overlord|Iron Head|p1: Heatran|[notarget]
|-fail|p2a: Overlord
|
|-damage|p2a: Overlord|28/100 brn|[from] brn
|upkeep
|
|t:|1776176776
|switch|p1a: Rotom|Rotom-Wash|69/100
|-damage|p1a: Rotom|57/100|[from] Stealth Rock
|turn|21
|
|t:|1776176785
|move|p1a: Rotom|Volt Switch|p2a: Overlord
|-damage|p2a: Overlord|3/100 brn
|move|p2a: Overlord|Iron Head|p1a: Rotom
|-resisted|p1a: Rotom
|-damage|p1a: Rotom|41/100
|
|-heal|p1a: Rotom|47/100|[from] item: Leftovers
|-damage|p2a: Overlord|0 fnt|[from] brn
|faint|p2a: Overlord
|-end|p2a: Overlord|fallen2|[silent]
|upkeep
|
|t:|1776176798
|switch|p2a: IronWarden|Corviknight, M, shiny|100/100
|-ability|p2a: IronWarden|Pressure
|turn|22
|
|t:|1776176819
|move|p1a: Rotom|Volt Switch|p2a: IronWarden
|-supereffective|p2a: IronWarden
|-damage|p2a: IronWarden|58/100
|move|p2a: IronWarden|U-turn|p1a: Rotom
|-damage|p1a: Rotom|31/100
|
|t:|1776176829
|switch|p2a: TempestCore|Rotom-Wash, shiny|30/100|[from] U-turn
|
|-heal|p1a: Rotom|37/100|[from] item: Leftovers
|upkeep
|turn|23
|inactive|RememberedDrax has 120 seconds left.
|l|☆RememberedDrax
|inactive|RememberedDrax disconnected and has a minute to reconnect!
|player|p2|
|inactive|RememberedDrax has 30 seconds to reconnect!
|inactive|RememberedDrax has 20 seconds to reconnect!
|inactive|RememberedDrax has 15 seconds to reconnect!
|inactive|RememberedDrax has 10 seconds to reconnect!
|inactive|RememberedDrax has 5 seconds to reconnect!
|-message|RememberedDrax lost due to inactivity.
|
|win|arvinoboy
|raw|arvinoboy's rating: 1045 &rarr; <strong>1074</strong><br />(+29 for winning)
|raw|RememberedDrax's rating: 1000 &rarr; <strong>1000</strong><br />(+0 for losing)
|l|‽arvinoboy
|player|p1|
