|html|<div class="broadcast-blue"><strong>[Gen 9] OU is currently suspecting Tera Blast! For information on how to participate check out the <a href="https://www.smogon.com/tools/suspects/view/200">suspect thread</a>.</strong></div>
|j|☆KiddKurisu
|j|☆ydm14
|t:|1776081975
|gametype|singles
|player|p1|KiddKurisu|cynthia-gen4|1313
|player|p2|ydm14|101|1321
|gen|9
|tier|[Gen 9] OU
|rated|
|rule|HP Percentage Mod: HP is shown in percentages
|rule|Endless Battle Clause: Forcing endless battles is banned
|rule|Species Clause: Limit one of each Pokémon
|rule|OHKO Clause: OHKO moves are banned
|rule|Evasion Items Clause: Evasion items are banned
|rule|Evasion Moves Clause: Evasion moves are banned
|rule|Evasion Abilities Clause: Evasion abilities are banned
|rule|Sleep Moves Clause: Sleep-inducing moves are banned
|clearpoke
|poke|p1|Dragonite, F|
|poke|p1|Gholdengo|
|poke|p1|Zamazenta-*|
|poke|p1|Iron Valiant|
|poke|p1|Kyurem|
|poke|p1|Glimmora, M|
|poke|p2|Alomomola, F|
|poke|p2|Grafaiai, M|
|poke|p2|Iron Moth|
|poke|p2|Great Tusk|
|poke|p2|Ogerpon-Wellspring, F|
|poke|p2|Heatran, M|
|teampreview
|inactive|Battle timer is ON: inactive players will automatically lose when time's up. (requested by ydm14)
|
|t:|1776081997
|teamsize|p1|6
|teamsize|p2|6
|start
|switch|p1a: Glimmora|Glimmora, M|100/100
|switch|p2a: Ogerpon|Ogerpon-Wellspring, F|100/100
|turn|1
|
|t:|1776082003
|move|p2a: Ogerpon|Swords Dance|p2a: Ogerpon
|-boost|p2a: Ogerpon|atk|2
|move|p1a: Glimmora|Mortal Spin|p2a: Ogerpon
|-supereffective|p2a: Ogerpon
|-damage|p2a: Ogerpon|86/100
|-status|p2a: Ogerpon|psn
|
|-damage|p2a: Ogerpon|74/100 psn|[from] psn
|upkeep
|turn|2
|
|t:|1776082009
|switch|p1a: Dragonite|Dragonite, F, shiny|100/100
|move|p2a: Ogerpon|Encore||[still]
|-fail|p2a: Ogerpon
|
|-damage|p2a: Ogerpon|61/100 psn|[from] psn
|upkeep
|turn|3
|
|t:|1776082016
|switch|p2a: Alomomola|Alomomola, F|100/100
|move|p1a: Dragonite|Extreme Speed|p2a: Alomomola
|-damage|p2a: Alomomola|83/100
|-damage|p1a: Dragonite|84/100|[from] item: Rocky Helmet|[of] p2a: Alomomola
|
|upkeep
|turn|4
|
|t:|1776082028
|switch|p1a: Gholdengo|Gholdengo|100/100
|-item|p1a: Gholdengo|Air Balloon
|move|p2a: Alomomola|Flip Turn|p1a: Gholdengo
|-damage|p1a: Gholdengo|82/100
|-enditem|p1a: Gholdengo|Air Balloon
|
|t:|1776082037
|switch|p2a: Great Tusk|Great Tusk|100/100|[from] Flip Turn
|
|upkeep
|turn|5
|
|t:|1776082055
|switch|p1a: Dragonite|Dragonite, F, shiny|84/100
|move|p2a: Great Tusk|Headlong Rush|p1a: Dragonite
|-immune|p1a: Dragonite
|
|upkeep
|turn|6
|
|t:|1776082064
|switch|p1a: Iron Valiant|Iron Valiant|100/100
|-enditem|p1a: Iron Valiant|Booster Energy
|-activate|p1a: Iron Valiant|ability: Quark Drive|[fromitem]
|-start|p1a: Iron Valiant|quarkdrivespe
|move|p2a: Great Tusk|Rapid Spin|p1a: Iron Valiant
|-damage|p1a: Iron Valiant|79/100
|-boost|p2a: Great Tusk|spe|1
|
|upkeep
|turn|7
|
|t:|1776082071
|-end|p2a: Great Tusk|Protosynthesis|[silent]
|switch|p2a: Heatran|Heatran, M|100/100
|move|p1a: Iron Valiant|Moonblast|p2a: Heatran
|-resisted|p2a: Heatran
|-damage|p2a: Heatran|94/100
|-unboost|p2a: Heatran|spa|1
|
|-heal|p2a: Heatran|99/100|[from] item: Leftovers
|upkeep
|turn|8
|
|t:|1776082091
|switch|p2a: Alomomola|Alomomola, F|100/100
|move|p1a: Iron Valiant|Close Combat|p2a: Alomomola
|-damage|p2a: Alomomola|73/100
|-unboost|p1a: Iron Valiant|def|1
|-unboost|p1a: Iron Valiant|spd|1
|-damage|p1a: Iron Valiant|62/100|[from] item: Rocky Helmet|[of] p2a: Alomomola
|
|upkeep
|turn|9
|
|t:|1776082097
|move|p1a: Iron Valiant|Knock Off|p2a: Alomomola
|-damage|p2a: Alomomola|58/100
|-damage|p1a: Iron Valiant|46/100|[from] item: Rocky Helmet|[of] p2a: Alomomola
|-enditem|p2a: Alomomola|Rocky Helmet|[from] move: Knock Off|[of] p1a: Iron Valiant
|move|p2a: Alomomola|Flip Turn|p1a: Iron Valiant
|-damage|p1a: Iron Valiant|15/100
|
|t:|1776082104
|switch|p2a: Grafaiai|Grafaiai, M|100/100|[from] Flip Turn
|-item|p2a: Grafaiai|Air Balloon
|
|upkeep
|turn|10
|
|t:|1776082110
|-end|p1a: Iron Valiant|Quark Drive|[silent]
|switch|p1a: Gholdengo|Gholdengo|82/100
|move|p2a: Grafaiai|Copycat|p2a: Grafaiai
|move|p2a: Grafaiai|Flip Turn|p1a: Gholdengo|[from] move: Copycat
|-damage|p1a: Gholdengo|67/100
|
|t:|1776082123
|switch|p2a: Great Tusk|Great Tusk|100/100|[from] Flip Turn
|
|upkeep
|turn|11
|
|t:|1776082128
|switch|p1a: Kyurem|Kyurem|100/100
|-ability|p1a: Kyurem|Pressure
|move|p2a: Great Tusk|Headlong Rush|p1a: Kyurem
|-crit|p1a: Kyurem
|-damage|p1a: Kyurem|14/100
|-unboost|p2a: Great Tusk|def|1
|-unboost|p2a: Great Tusk|spd|1
|
|upkeep
|turn|12
|
|t:|1776082137
|-end|p2a: Great Tusk|Protosynthesis|[silent]
|switch|p2a: Grafaiai|Grafaiai, M|100/100
|-item|p2a: Grafaiai|Air Balloon
|move|p1a: Kyurem|Icicle Spear|p2a: Grafaiai
|-damage|p2a: Grafaiai|88/100
|-enditem|p2a: Grafaiai|Air Balloon
|-damage|p2a: Grafaiai|74/100
|-damage|p2a: Grafaiai|61/100
|-damage|p2a: Grafaiai|48/100
|-damage|p2a: Grafaiai|34/100
|-hitcount|p2a: Grafaiai|5
|
|upkeep
|turn|13
|
|t:|1776082148
|switch|p1a: Gholdengo|Gholdengo|67/100
|move|p2a: Grafaiai|Copycat|p2a: Grafaiai
|move|p2a: Grafaiai|Icicle Spear|p1a: Gholdengo|[from] move: Copycat
|-resisted|p1a: Gholdengo
|-crit|p1a: Gholdengo
|-damage|p1a: Gholdengo|63/100
|-resisted|p1a: Gholdengo
|-damage|p1a: Gholdengo|59/100
|-hitcount|p1a: Gholdengo|2
|
|upkeep
|turn|14
|
|t:|1776082155
|switch|p2a: Heatran|Heatran, M|99/100
|move|p1a: Gholdengo|Make It Rain|p2a: Heatran
|-resisted|p2a: Heatran
|-damage|p2a: Heatran|90/100
|-unboost|p1a: Gholdengo|spa|1
|
|-heal|p2a: Heatran|96/100|[from] item: Leftovers
|upkeep
|turn|15
|
|t:|1776082161
|move|p1a: Gholdengo|Focus Blast|p2a: Heatran
|-supereffective|p2a: Heatran
|-damage|p2a: Heatran|59/100
|move|p2a: Heatran|Stealth Rock|p1a: Gholdengo
|-sidestart|p1: KiddKurisu|move: Stealth Rock
|
|-heal|p2a: Heatran|65/100|[from] item: Leftovers
|upkeep
|turn|16
|
|t:|1776082168
|switch|p1a: Dragonite|Dragonite, F, shiny|84/100
|move|p2a: Heatran|Magma Storm|p1a: Dragonite
|-resisted|p1a: Dragonite
|-damage|p1a: Dragonite|60/100
|-activate|p1a: Dragonite|move: Magma Storm|[of] p2a: Heatran
|
|-heal|p2a: Heatran|71/100|[from] item: Leftovers
|-damage|p1a: Dragonite|48/100|[from] move: Magma Storm|[partiallytrapped]
|upkeep
|turn|17
|
|t:|1776082176
|move|p2a: Heatran|Protect|p2a: Heatran
|-singleturn|p2a: Heatran|Protect
|move|p1a: Dragonite|Earthquake|p2a: Heatran
|-activate|p2a: Heatran|move: Protect
|
|-heal|p2a: Heatran|78/100|[from] item: Leftovers
|-damage|p1a: Dragonite|35/100|[from] move: Magma Storm|[partiallytrapped]
|upkeep
|turn|18
|
|t:|1776082184
|switch|p2a: Alomomola|Alomomola, F|92/100
|move|p1a: Dragonite|Earthquake|p2a: Alomomola
|-damage|p2a: Alomomola|70/100
|
|-end|p1a: Dragonite|Magma Storm|[partiallytrapped]|[silent]
|upkeep
|turn|19
|
|t:|1776082188
|move|p1a: Dragonite|Dragon Dance|p1a: Dragonite
|-boost|p1a: Dragonite|atk|1
|-boost|p1a: Dragonite|spe|1
|move|p2a: Alomomola|Flip Turn|p1a: Dragonite
|-resisted|p1a: Dragonite
|-damage|p1a: Dragonite|27/100
|
|t:|1776082201
|switch|p2a: Great Tusk|Great Tusk|100/100|[from] Flip Turn
|
|upkeep
|turn|20
|
|t:|1776082207
|-end|p2a: Great Tusk|Protosynthesis|[silent]
|switch|p2a: Alomomola|Alomomola, F|100/100
|move|p1a: Dragonite|Ice Spinner|p2a: Alomomola
|-resisted|p2a: Alomomola
|-damage|p2a: Alomomola|88/100
|
|upkeep
|turn|21
|
|t:|1776082210
|move|p1a: Dragonite|Earthquake|p2a: Alomomola
|-damage|p2a: Alomomola|56/100
|move|p2a: Alomomola|Flip Turn|p1a: Dragonite
|-resisted|p1a: Dragonite
|-damage|p1a: Dragonite|18/100
|
|t:|1776082227
|switch|p2a: Grafaiai|Grafaiai, M|34/100|[from] Flip Turn
|
|upkeep
|turn|22
|
|t:|1776082231
|switch|p2a: Alomomola|Alomomola, F|89/100
|move|p1a: Dragonite|Earthquake|p2a: Alomomola
|-damage|p2a: Alomomola|57/100
|
|upkeep
|turn|23
|
|t:|1776082235
|move|p1a: Dragonite|Earthquake|p2a: Alomomola
|-damage|p2a: Alomomola|24/100
|move|p2a: Alomomola|Flip Turn|p1a: Dragonite
|-resisted|p1a: Dragonite
|-damage|p1a: Dragonite|8/100
|
|t:|1776082244
|switch|p2a: Grafaiai|Grafaiai, M|34/100|[from] Flip Turn
|
|upkeep
|turn|24
|
|t:|1776082248
|move|p2a: Grafaiai|Copycat|p2a: Grafaiai
|move|p2a: Grafaiai|Flip Turn|p1a: Dragonite|[from] move: Copycat
|-resisted|p1a: Dragonite
|-damage|p1a: Dragonite|0 fnt
|faint|p1a: Dragonite
|
|t:|1776082267
|switch|p2a: Ogerpon|Ogerpon-Wellspring, F|61/100 psn|[from] Flip Turn
|
|-damage|p2a: Ogerpon|49/100 psn|[from] psn
|upkeep
|
|t:|1776082273
|switch|p1a: Iron Valiant|Iron Valiant|15/100
|-damage|p1a: Iron Valiant|9/100|[from] Stealth Rock
|turn|25
|
|t:|1776082284
|switch|p2a: Alomomola|Alomomola, F|57/100
|move|p1a: Iron Valiant|Close Combat|p2a: Alomomola
|-damage|p2a: Alomomola|28/100
|-unboost|p1a: Iron Valiant|def|1
|-unboost|p1a: Iron Valiant|spd|1
|
|upkeep
|turn|26
|
|t:|1776082297
|switch|p2a: Iron Moth|Iron Moth|100/100
|-enditem|p2a: Iron Moth|Booster Energy
|-activate|p2a: Iron Moth|ability: Quark Drive|[fromitem]
|-start|p2a: Iron Moth|quarkdrivespe
|move|p1a: Iron Valiant|Moonblast|p2a: Iron Moth
|-resisted|p2a: Iron Moth
|-damage|p2a: Iron Moth|90/100
|
|upkeep
|turn|27
|
|t:|1776082308
|move|p2a: Iron Moth|Fiery Dance|p1a: Iron Valiant
|-crit|p1a: Iron Valiant
|-damage|p1a: Iron Valiant|0 fnt
|-boost|p2a: Iron Moth|spa|1
|faint|p1a: Iron Valiant
|-end|p1a: Iron Valiant|Quark Drive|[silent]
|
|upkeep
|
|t:|1776082312
|switch|p1a: Zamazenta|Zamazenta|100/100
|-damage|p1a: Zamazenta|94/100|[from] Stealth Rock
|-ability|p1a: Zamazenta|Dauntless Shield|boost
|-boost|p1a: Zamazenta|def|1
|turn|28
|
|t:|1776082322
|-terastallize|p2a: Iron Moth|Ground
|move|p2a: Iron Moth|Fiery Dance|p1a: Zamazenta
|-damage|p1a: Zamazenta|41/100
|-boost|p2a: Iron Moth|spa|1
|move|p1a: Zamazenta|Stone Edge|p2a: Iron Moth
|-resisted|p2a: Iron Moth
|-damage|p2a: Iron Moth|56/100
|-damage|p1a: Zamazenta|32/100|[from] item: Life Orb
|
|upkeep
|turn|29
|
|t:|1776082327
|move|p2a: Iron Moth|Fiery Dance|p1a: Zamazenta
|-damage|p1a: Zamazenta|0 fnt
|faint|p1a: Zamazenta
|
|upkeep
|-message|KiddKurisu forfeited.
|
|win|ydm14
|raw|KiddKurisu's rating: 1313 &rarr; <strong>1293</strong><br />(-20 for losing)
|raw|ydm14's rating: 1321 &rarr; <strong>1341</strong><br />(+20 for winning)
|l|☆KiddKurisu
|player|p1|
|l|☆ydm14
|player|p2|
