|html|<div class="broadcast-blue"><strong>[Gen 9] OU is currently suspecting Tera Blast! For information on how to participate check out the <a href="https://www.smogon.com/tools/suspects/view/200">suspect thread</a>.</strong></div>
|j|☆ZayWOnder
|j|☆pumkinthecot4
|t:|1776101331
|gametype|singles
|player|p1|ZayWOnder|170|1141
|player|p2|pumkinthecot4|elesa|1137
|gen|9
|tier|[Gen 9] OU
|rated|
|rule|HP Percentage Mod: HP is shown in percentages
|rule|Endless Battle Clause: Forcing endless battles is banned
|rule|Species Clause: Limit one of each Pokémon
|rule|OHKO Clause: OHKO moves are banned
|rule|Evasion Items Clause: Evasion items are banned
|rule|Evasion Moves Clause: Evasion moves are banned
|rule|Evasion Abilities Clause: Evasion abilities are banned
|rule|Sleep Moves Clause: Sleep-inducing moves are banned
|clearpoke
|poke|p1|Gengar, F|
|poke|p1|Ursaluna, M|
|poke|p1|Ceruledge, M|
|poke|p1|Staraptor, F|
|poke|p1|Kingambit, M|
|poke|p1|Samurott-Hisui, M|
|poke|p2|Dudunsparce-*, M|
|poke|p2|Altaria, M|
|poke|p2|Tornadus, M|
|poke|p2|Inteleon, M|
|poke|p2|Basculegion, M|
|poke|p2|Klefki, M|
|teampreview
|
|t:|1776101345
|teamsize|p1|6
|teamsize|p2|6
|start
|switch|p1a: Gengar|Gengar, F|100/100
|switch|p2a: Altaria|Altaria, M|100/100
|-ability|p2a: Altaria|Cloud Nine
|turn|1
|
|t:|1776101355
|move|p2a: Altaria|Perish Song|p2a: Altaria
|-start|p1a: Gengar|perish3|[silent]
|-start|p2a: Altaria|perish3|[silent]
|-fieldactivate|move: Perish Song
|move|p1a: Gengar|Nasty Plot|p1a: Gengar
|-boost|p1a: Gengar|spa|2
|
|-start|p2a: Altaria|perish3
|-start|p1a: Gengar|perish3
|upkeep
|turn|2
|
|t:|1776101361
|switch|p2a: Klefki|Klefki, M|100/100
|move|p1a: Gengar|Nasty Plot|p1a: Gengar
|-boost|p1a: Gengar|spa|2
|
|-start|p1a: Gengar|perish2
|upkeep
|turn|3
|
|t:|1776101369
|move|p2a: Klefki|Protect|p2a: Klefki
|-singleturn|p2a: Klefki|Protect
|move|p1a: Gengar|Shadow Ball|p2a: Klefki
|-activate|p2a: Klefki|move: Protect
|
|-start|p1a: Gengar|perish1
|upkeep
|turn|4
|
|t:|1776101374
|move|p2a: Klefki|Rain Dance|p2a: Klefki
|-weather|RainDance
|move|p1a: Gengar|Shadow Ball|p2a: Klefki
|-damage|p2a: Klefki|0 fnt
|faint|p2a: Klefki
|
|-weather|RainDance|[upkeep]
|-start|p1a: Gengar|perish0
|upkeep
|faint|p1a: Gengar
|
|t:|1776101387
|switch|p1a: Samurott|Samurott-Hisui, M|100/100
|switch|p2a: Basculegion|Basculegion, M|100/100
|turn|5
|
|t:|1776101391
|move|p2a: Basculegion|Flip Turn|p1a: Samurott
|-resisted|p1a: Samurott
|-damage|p1a: Samurott|62/100
|
|t:|1776101395
|switch|p2a: Tornadus|Tornadus, M|100/100|[from] Flip Turn
|move|p1a: Samurott|Throat Chop|p2a: Tornadus
|-damage|p2a: Tornadus|25/100
|-start|p2a: Tornadus|Throat Chop|[silent]
|-damage|p1a: Samurott|53/100|[from] item: Life Orb
|
|-weather|RainDance|[upkeep]
|upkeep
|turn|6
|
|t:|1776101403
|move|p2a: Tornadus|Bleakwind Storm|p1a: Samurott
|-damage|p1a: Samurott|0 fnt
|faint|p1a: Samurott
|
|-weather|RainDance|[upkeep]
|-end|p2a: Tornadus|Throat Chop|[silent]
|upkeep
|
|t:|1776101416
|switch|p1a: Staraptor|Staraptor, F|100/100
|turn|7
|
|t:|1776101422
|move|p2a: Tornadus|Tailwind|p2a: Tornadus
|-sidestart|p2: pumkinthecot4|move: Tailwind
|move|p1a: Staraptor|Brave Bird|p2a: Tornadus
|-damage|p2a: Tornadus|0 fnt
|faint|p2a: Tornadus
|-damage|p1a: Staraptor|93/100|[from] Recoil
|
|-weather|RainDance|[upkeep]
|upkeep
|
|t:|1776101438
|switch|p2a: Inteleon|Inteleon, M|100/100
|turn|8
|
|t:|1776101442
|move|p2a: Inteleon|Snipe Shot|p1a: Staraptor
|-crit|p1a: Staraptor
|-damage|p1a: Staraptor|0 fnt
|faint|p1a: Staraptor
|
|-weather|RainDance|[upkeep]
|upkeep
|
|t:|1776101452
|switch|p1a: Kingambit|Kingambit, M, shiny|100/100
|-activate|p1a: Kingambit|ability: Supreme Overlord
|-start|p1a: Kingambit|fallen3|[silent]
|turn|9
|
|t:|1776101457
|move|p1a: Kingambit|Sucker Punch|p2a: Inteleon
|-damage|p2a: Inteleon|0 fnt
|faint|p2a: Inteleon
|
|-weather|RainDance|[upkeep]
|upkeep
|
|t:|1776101460
|switch|p2a: Dudunsparce|Dudunsparce, M|100/100
|turn|10
|
|t:|1776101469
|-terastallize|p2a: Dudunsparce|Electric
|move|p2a: Dudunsparce|Coil|p2a: Dudunsparce
|-boost|p2a: Dudunsparce|atk|1
|-boost|p2a: Dudunsparce|def|1
|-boost|p2a: Dudunsparce|accuracy|1
|move|p1a: Kingambit|Kowtow Cleave|p2a: Dudunsparce
|-damage|p2a: Dudunsparce|68/100
|-ability|p2a: Dudunsparce|Rattled|boost
|-boost|p2a: Dudunsparce|spe|1
|
|-weather|RainDance|[upkeep]
|-heal|p2a: Dudunsparce|74/100|[from] item: Leftovers
|-sideend|p2: pumkinthecot4|move: Tailwind
|upkeep
|turn|11
|
|t:|1776101483
|move|p2a: Dudunsparce|Coil|p2a: Dudunsparce
|-boost|p2a: Dudunsparce|atk|1
|-boost|p2a: Dudunsparce|def|1
|-boost|p2a: Dudunsparce|accuracy|1
|move|p1a: Kingambit|Kowtow Cleave|p2a: Dudunsparce
|-damage|p2a: Dudunsparce|49/100
|-ability|p2a: Dudunsparce|Rattled|boost
|-boost|p2a: Dudunsparce|spe|1
|
|-weather|none
|-heal|p2a: Dudunsparce|55/100|[from] item: Leftovers
|upkeep
|turn|12
|
|t:|1776101489
|move|p2a: Dudunsparce|Roost|p2a: Dudunsparce
|-heal|p2a: Dudunsparce|100/100
|move|p1a: Kingambit|Kowtow Cleave|p2a: Dudunsparce
|-damage|p2a: Dudunsparce|75/100
|-ability|p2a: Dudunsparce|Rattled|boost
|-boost|p2a: Dudunsparce|spe|1
|
|-heal|p2a: Dudunsparce|82/100|[from] item: Leftovers
|upkeep
|turn|13
|
|t:|1776101495
|move|p2a: Dudunsparce|Coil|p2a: Dudunsparce
|-boost|p2a: Dudunsparce|atk|1
|-boost|p2a: Dudunsparce|def|1
|-boost|p2a: Dudunsparce|accuracy|1
|move|p1a: Kingambit|Kowtow Cleave|p2a: Dudunsparce
|-crit|p2a: Dudunsparce
|-damage|p2a: Dudunsparce|10/100
|-ability|p2a: Dudunsparce|Rattled|boost
|-boost|p2a: Dudunsparce|spe|1
|
|-heal|p2a: Dudunsparce|16/100|[from] item: Leftovers
|upkeep
|turn|14
|
|t:|1776101507
|move|p2a: Dudunsparce|Roost|p2a: Dudunsparce
|-heal|p2a: Dudunsparce|66/100
|move|p1a: Kingambit|Kowtow Cleave|p2a: Dudunsparce
|-damage|p2a: Dudunsparce|46/100
|-ability|p2a: Dudunsparce|Rattled|boost
|-boost|p2a: Dudunsparce|spe|1
|
|-heal|p2a: Dudunsparce|52/100|[from] item: Leftovers
|upkeep
|turn|15
|
|t:|1776101514
|move|p2a: Dudunsparce|Roost|p2a: Dudunsparce
|-heal|p2a: Dudunsparce|100/100
|move|p1a: Kingambit|Kowtow Cleave|p2a: Dudunsparce
|-damage|p2a: Dudunsparce|81/100
|-ability|p2a: Dudunsparce|Rattled|boost
|-boost|p2a: Dudunsparce|spe|1
|
|-heal|p2a: Dudunsparce|88/100|[from] item: Leftovers
|upkeep
|turn|16
|-message|ZayWOnder forfeited.
|
|win|pumkinthecot4
|raw|ZayWOnder's rating: 1141 &rarr; <strong>1116</strong><br />(-25 for losing)
|raw|pumkinthecot4's rating: 1137 &rarr; <strong>1162</strong><br />(+25 for winning)
|l|☆ZayWOnder
|player|p1|
|l|☆pumkinthecot4
|player|p2|
