|html|<div class="broadcast-blue"><strong>[Gen 9] OU is currently suspecting Volcarona! For information on how to participate check out the <a href="https://www.smogon.com/tools/suspects/view/208">suspect thread</a>.</strong></div>
|j|☆kingteth1991
|j|☆KassGOD
|t:|1778516808
|gametype|singles
|player|p1|kingteth1991|265|1591
|player|p2|KassGOD|sage|1652
|gen|9
|tier|[Gen 9] OU
|rated|
|rule|HP Percentage Mod: HP is shown in percentages
|rule|Endless Battle Clause: Forcing endless battles is banned
|rule|Species Clause: Limit one of each Pokémon
|rule|OHKO Clause: OHKO moves are banned
|rule|Evasion Items Clause: Evasion items are banned
|rule|Evasion Moves Clause: Evasion moves are banned
|rule|Evasion Abilities Clause: Evasion abilities are banned
|rule|Sleep Moves Clause: Sleep-inducing moves are banned
|clearpoke
|poke|p1|Gliscor, F|
|poke|p1|Slowking-Galar, M|
|poke|p1|Cinderace, M|
|poke|p1|Alomomola, F|
|poke|p1|Salazzle, F|
|poke|p1|Glimmora, F|
|poke|p2|Cinderace, M|
|poke|p2|Great Tusk|
|poke|p2|Slowking-Galar, M|
|poke|p2|Corviknight, F|
|poke|p2|Raging Bolt|
|poke|p2|Meowscarada, M|
|teampreview
|inactive|Battle timer is ON: inactive players will automatically lose when time's up. (requested by KassGOD)
|
|t:|1778516823
|teamsize|p1|6
|teamsize|p2|6
|start
|switch|p1a: Gliscor|Gliscor, F|100/100
|switch|p2a: Meowscarada|Meowscarada, M|100/100
|turn|1
|
|t:|1778516827
|move|p1a: Gliscor|Protect|p1a: Gliscor
|-singleturn|p1a: Gliscor|Protect
|move|p2a: Meowscarada|Triple Axel|p1a: Gliscor
|-start|p2a: Meowscarada|typechange|Ice|[from] ability: Protean
|-activate|p1a: Gliscor|move: Protect
|
|-status|p1a: Gliscor|tox|[from] item: Toxic Orb
|upkeep
|turn|2
|
|t:|1778516836
|switch|p1a: Alomomola|Alomomola, F|100/100
|move|p2a: Meowscarada|Triple Axel|p1a: Alomomola|[miss]
|-miss|p2a: Meowscarada|p1a: Alomomola
|
|upkeep
|turn|3
|
|t:|1778516842
|switch|p2a: Slowking|Slowking-Galar, M|100/100
|move|p1a: Alomomola|Scald|p2a: Slowking
|-damage|p2a: Slowking|94/100
|
|upkeep
|turn|4
|
|t:|1778516851
|move|p1a: Alomomola|Flip Turn|p2a: Slowking
|-damage|p2a: Slowking|78/100
|
|t:|1778516854
|switch|p1a: Slowking|Slowking-Galar, M|100/100|[from] Flip Turn
|move|p2a: Slowking|Sludge Bomb|p1a: Slowking
|-resisted|p1a: Slowking
|-damage|p1a: Slowking|88/100
|
|upkeep
|turn|5
|
|t:|1778516860
|move|p2a: Slowking|Psyshock|p1a: Slowking
|-damage|p1a: Slowking|49/100
|move|p1a: Slowking|Psychic Noise|p2a: Slowking
|-damage|p2a: Slowking|60/100
|-start|p2a: Slowking|move: Heal Block
|
|upkeep
|turn|6
|
|t:|1778516876
|move|p2a: Slowking|Psyshock|p1a: Slowking
|-damage|p1a: Slowking|9/100
|move|p1a: Slowking|Future Sight|p2a: Slowking
|-start|p1a: Slowking|move: Future Sight
|
|-end|p2a: Slowking|move: Heal Block
|upkeep
|turn|7
|
|t:|1778516886
|switch|p1a: Gliscor|Gliscor, F|100/100 tox
|move|p2a: Slowking|Ice Beam|p1a: Gliscor
|-supereffective|p1a: Gliscor
|-damage|p1a: Gliscor|0 fnt
|faint|p1a: Gliscor
|
|upkeep
|
|t:|1778516892
|switch|p1a: Glimmora|Glimmora, F|100/100
|turn|8
|
|t:|1778516899
|move|p1a: Glimmora|Meteor Beam||[still]
|-prepare|p1a: Glimmora|Meteor Beam
|-boost|p1a: Glimmora|spa|1
|-enditem|p1a: Glimmora|Power Herb
|-anim|p1a: Glimmora|Meteor Beam|p2a: Slowking
|-damage|p2a: Slowking|16/100
|move|p2a: Slowking|Psyshock|p1a: Glimmora
|-supereffective|p1a: Glimmora
|-damage|p1a: Glimmora|5/100
|
|-end|p2a: Slowking|move: Future Sight
|-damage|p2a: Slowking|0 fnt
|faint|p2a: Slowking
|upkeep
|
|t:|1778516924
|switch|p2a: Cinderace|Cinderace, M|100/100
|turn|9
|
|t:|1778516934
|move|p2a: Cinderace|Pyro Ball|p1a: Glimmora
|-resisted|p1a: Glimmora
|-damage|p1a: Glimmora|0 fnt
|-activate|p1a: Glimmora|ability: Toxic Debris
|-sidestart|p2: KassGOD|move: Toxic Spikes
|faint|p1a: Glimmora
|
|upkeep
|
|t:|1778516939
|switch|p1a: Alomomola|Alomomola, F|100/100
|turn|10
|
|t:|1778516944
|move|p2a: Cinderace|U-turn|p1a: Alomomola
|-start|p2a: Cinderace|typechange|Bug|[from] ability: Libero
|-damage|p1a: Alomomola|79/100
|-damage|p2a: Cinderace|84/100|[from] item: Rocky Helmet|[of] p1a: Alomomola
|
|t:|1778516950
|switch|p2a: Great Tusk|Great Tusk|100/100|[from] U-turn
|-status|p2a: Great Tusk|psn
|move|p1a: Alomomola|Scald|p2a: Great Tusk
|-supereffective|p2a: Great Tusk
|-damage|p2a: Great Tusk|57/100 psn
|
|-damage|p2a: Great Tusk|45/100 psn|[from] psn
|upkeep
|turn|11
|
|t:|1778516961
|move|p1a: Alomomola|Protect|p1a: Alomomola
|-singleturn|p1a: Alomomola|Protect
|move|p2a: Great Tusk|Rapid Spin|p1a: Alomomola
|-activate|p1a: Alomomola|move: Protect
|
|-damage|p2a: Great Tusk|32/100 psn|[from] psn
|upkeep
|turn|12
|
|t:|1778516967
|move|p2a: Great Tusk|Rapid Spin|p1a: Alomomola
|-damage|p1a: Alomomola|69/100
|-boost|p2a: Great Tusk|spe|1
|-damage|p2a: Great Tusk|16/100 psn|[from] item: Rocky Helmet|[of] p1a: Alomomola
|-sideend|p2: KassGOD|Toxic Spikes|[from] move: Rapid Spin|[of] p2a: Great Tusk
|move|p1a: Alomomola|Scald|p2a: Great Tusk
|-supereffective|p2a: Great Tusk
|-damage|p2a: Great Tusk|0 fnt
|faint|p2a: Great Tusk
|-end|p2a: Great Tusk|Protosynthesis|[silent]
|
|upkeep
|
|t:|1778516977
|switch|p2a: Raging Bolt|Raging Bolt|100/100
|turn|13
|
|t:|1778516986
|-terastallize|p1a: Alomomola|Grass
|move|p2a: Raging Bolt|Draco Meteor|p1a: Alomomola
|-damage|p1a: Alomomola|0 fnt
|-unboost|p2a: Raging Bolt|spa|2
|faint|p1a: Alomomola
|
|upkeep
|
|t:|1778516992
|switch|p1a: Slowking|Slowking-Galar, M|42/100
|turn|14
|
|t:|1778517006
|-end|p2a: Raging Bolt|Protosynthesis|[silent]
|switch|p2a: Cinderace|Cinderace, M|84/100
|switch|p1a: Salazzle|Salazzle, F|100/100
|-item|p1a: Salazzle|Air Balloon
|
|upkeep
|turn|15
|
|t:|1778517013
|move|p1a: Salazzle|Toxic|p2a: Cinderace
|-status|p2a: Cinderace|tox
|move|p2a: Cinderace|Pyro Ball|p1a: Salazzle
|-resisted|p1a: Salazzle
|-damage|p1a: Salazzle|44/100
|-enditem|p1a: Salazzle|Air Balloon
|
|-damage|p2a: Cinderace|78/100 tox|[from] psn
|upkeep
|turn|16
|
|t:|1778517028
|switch|p1a: Cinderace|Cinderace, M|100/100
|move|p2a: Cinderace|Pyro Ball|p1a: Cinderace
|-resisted|p1a: Cinderace
|-damage|p1a: Cinderace|58/100
|
|-damage|p2a: Cinderace|66/100 tox|[from] psn
|upkeep
|turn|17
|
|t:|1778517036
|move|p1a: Cinderace|Pyro Ball|p2a: Cinderace
|-resisted|p2a: Cinderace
|-damage|p2a: Cinderace|27/100 tox
|move|p2a: Cinderace|Pyro Ball|p1a: Cinderace|[miss]
|-miss|p2a: Cinderace|p1a: Cinderace
|
|-damage|p2a: Cinderace|9/100 tox|[from] psn
|upkeep
|turn|18
|
|t:|1778517043
|move|p2a: Cinderace|Sucker Punch|p1a: Cinderace
|-start|p2a: Cinderace|typechange|Dark|[from] ability: Libero
|-damage|p1a: Cinderace|7/100
|move|p1a: Cinderace|Pyro Ball|p2a: Cinderace
|-damage|p2a: Cinderace|0 fnt
|faint|p2a: Cinderace
|
|upkeep
|
|t:|1778517052
|switch|p2a: Meowscarada|Meowscarada, M|100/100
|turn|19
|
|t:|1778517060
|move|p2a: Meowscarada|Knock Off|p1a: Cinderace
|-start|p2a: Meowscarada|typechange|Dark|[from] ability: Protean
|-damage|p1a: Cinderace|0 fnt
|-enditem|p1a: Cinderace|Heavy-Duty Boots|[from] move: Knock Off|[of] p2a: Meowscarada
|faint|p1a: Cinderace
|
|upkeep
|
|t:|1778517065
|switch|p1a: Salazzle|Salazzle, F|44/100
|turn|20
|
|t:|1778517069
|move|p2a: Meowscarada|Knock Off|p1a: Salazzle
|-damage|p1a: Salazzle|0 fnt
|faint|p1a: Salazzle
|
|upkeep
|-message|kingteth1991 forfeited.
|
|win|KassGOD
|raw|kingteth1991's rating: 1591 &rarr; <strong>1574</strong><br />(-17 for losing)
|raw|KassGOD's rating: 1652 &rarr; <strong>1669</strong><br />(+17 for winning)
|l|☆kingteth1991
|player|p1|
|j|☆kingteth1991
|player|p1|kingteth1991|265|
|l|☆kingteth1991
|player|p1|
|c|☆KassGOD|ggwp
