|html|<div class="broadcast-blue"><strong>[Gen 9] OU is currently suspecting Volcarona! For information on how to participate check out the <a href="https://www.smogon.com/tools/suspects/view/208">suspect thread</a>.</strong></div>
|j|☆newbiegurl
|j|☆eevee1995
|t:|1778517325
|gametype|singles
|player|p1|newbiegurl|pokekid|1060
|player|p2|eevee1995|maxie-gen6|1112
|gen|9
|tier|[Gen 9] OU
|rated|
|rule|HP Percentage Mod: HP is shown in percentages
|rule|Endless Battle Clause: Forcing endless battles is banned
|rule|Species Clause: Limit one of each Pokémon
|rule|OHKO Clause: OHKO moves are banned
|rule|Evasion Items Clause: Evasion items are banned
|rule|Evasion Moves Clause: Evasion moves are banned
|rule|Evasion Abilities Clause: Evasion abilities are banned
|rule|Sleep Moves Clause: Sleep-inducing moves are banned
|clearpoke
|poke|p1|Toxtricity, F|
|poke|p1|Maushold|
|poke|p1|Mimikyu, F|
|poke|p1|Serperior, F|
|poke|p1|Scrafty, F|
|poke|p1|Lycanroc-Midnight, F|
|poke|p2|Walking Wake|
|poke|p2|Torkoal, F|
|poke|p2|Scovillain, M|
|poke|p2|Garganacl, M|
|poke|p2|Great Tusk|
|poke|p2|Metagross|
|teampreview
|
|t:|1778517334
|teamsize|p1|6
|teamsize|p2|6
|start
|switch|p1a: Scrafty|Scrafty, F|100/100
|switch|p2a: TMNT|Torkoal, F, shiny|100/100
|-weather|SunnyDay|[from] ability: Drought|[of] p2a: TMNT
|turn|1
|
|t:|1778517345
|move|p1a: Scrafty|Close Combat|p2a: TMNT
|-damage|p2a: TMNT|53/100
|-unboost|p1a: Scrafty|def|1
|-unboost|p1a: Scrafty|spd|1
|move|p2a: TMNT|Stealth Rock|p1a: Scrafty
|-sidestart|p1: newbiegurl|move: Stealth Rock
|
|-weather|SunnyDay|[upkeep]
|upkeep
|turn|2
|inactive|Battle timer is ON: inactive players will automatically lose when time's up. (requested by eevee1995)
|
|t:|1778517372
|move|p1a: Scrafty|Swords Dance|p1a: Scrafty
|-boost|p1a: Scrafty|atk|2
|move|p2a: TMNT|Solar Beam||[still]
|-prepare|p2a: TMNT|Solar Beam
|-anim|p2a: TMNT|Solar Beam|p1a: Scrafty
|-damage|p1a: Scrafty|66/100
|
|-weather|SunnyDay|[upkeep]
|upkeep
|turn|3
|
|t:|1778517384
|move|p1a: Scrafty|Close Combat|p2a: TMNT
|-crit|p2a: TMNT
|-damage|p2a: TMNT|0 fnt
|-unboost|p1a: Scrafty|def|1
|-unboost|p1a: Scrafty|spd|1
|faint|p2a: TMNT
|-ability|p1a: Scrafty|Moxie|boost
|-boost|p1a: Scrafty|atk|1
|
|-weather|SunnyDay|[upkeep]
|upkeep
|
|t:|1778517387
|switch|p2a: Salt Mountain|Garganacl, M, shiny|100/100
|turn|4
|
|t:|1778517394
|-terastallize|p2a: Salt Mountain|Ghost
|move|p1a: Scrafty|Close Combat|p2a: Salt Mountain
|-immune|p2a: Salt Mountain
|move|p2a: Salt Mountain|Salt Cure|p1a: Scrafty
|-resisted|p1a: Scrafty
|-damage|p1a: Scrafty|53/100
|-start|p1a: Scrafty|Salt Cure
|
|-weather|SunnyDay|[upkeep]
|-damage|p1a: Scrafty|41/100|[from] Salt Cure
|upkeep
|turn|5
|
|t:|1778517410
|move|p2a: Salt Mountain|Protect|p2a: Salt Mountain
|-singleturn|p2a: Salt Mountain|Protect
|move|p1a: Scrafty|Dragon Pulse|p2a: Salt Mountain
|-activate|p2a: Salt Mountain|move: Protect
|
|-weather|SunnyDay|[upkeep]
|-damage|p1a: Scrafty|28/100|[from] Salt Cure
|upkeep
|turn|6
|
|t:|1778517419
|switch|p2a: Habanero|Scovillain, M|100/100
|move|p1a: Scrafty|Dragon Pulse|p2a: Habanero
|-crit|p2a: Habanero
|-damage|p2a: Habanero|83/100
|
|-weather|SunnyDay|[upkeep]
|-damage|p1a: Scrafty|16/100|[from] Salt Cure
|upkeep
|turn|7
|
|t:|1778517428
|move|p2a: Habanero|Giga Drain|p1a: Scrafty
|-crit|p1a: Scrafty
|-damage|p1a: Scrafty|0 fnt
|-heal|p2a: Habanero|92/100|[from] drain|[of] p1a: Scrafty
|faint|p1a: Scrafty
|
|-weather|SunnyDay|[upkeep]
|upkeep
|
|t:|1778517437
|switch|p1a: Maushold|Maushold, shiny|100/100
|-damage|p1a: Maushold|88/100|[from] Stealth Rock
|turn|8
|
|t:|1778517442
|move|p2a: Habanero|Overheat|p1a: Maushold|[miss]
|-miss|p2a: Habanero|p1a: Maushold
|move|p1a: Maushold|Tidy Up|p1a: Maushold
|-sideend|p1: newbiegurl|Stealth Rock
|-activate|p1a: Maushold|move: Tidy Up
|-boost|p1a: Maushold|atk|1
|-boost|p1a: Maushold|spe|1
|
|-weather|none
|upkeep
|turn|9
|
|t:|1778517453
|switch|p2a: Salt Mountain|Garganacl, M, shiny, tera:Ghost|100/100
|move|p1a: Maushold|Population Bomb|p2a: Salt Mountain
|-immune|p2a: Salt Mountain
|
|upkeep
|turn|10
|
|t:|1778517460
|move|p1a: Maushold|Beat Up|p2a: Salt Mountain
|-supereffective|p2a: Salt Mountain
|-damage|p2a: Salt Mountain|89/100
|-supereffective|p2a: Salt Mountain
|-damage|p2a: Salt Mountain|76/100
|-supereffective|p2a: Salt Mountain
|-damage|p2a: Salt Mountain|64/100
|-supereffective|p2a: Salt Mountain
|-damage|p2a: Salt Mountain|49/100
|-supereffective|p2a: Salt Mountain
|-damage|p2a: Salt Mountain|35/100
|-hitcount|p2a: Salt Mountain|5
|-damage|p1a: Maushold|78/100|[from] item: Life Orb
|move|p2a: Salt Mountain|Salt Cure|p1a: Maushold
|-damage|p1a: Maushold|54/100
|-start|p1a: Maushold|Salt Cure
|
|-heal|p2a: Salt Mountain|41/100|[from] item: Leftovers
|-damage|p1a: Maushold|42/100|[from] Salt Cure
|upkeep
|turn|11
|
|t:|1778517479
|move|p2a: Salt Mountain|Protect|p2a: Salt Mountain
|-singleturn|p2a: Salt Mountain|Protect
|move|p1a: Maushold|Beat Up|p2a: Salt Mountain
|-activate|p2a: Salt Mountain|move: Protect
|
|-heal|p2a: Salt Mountain|47/100|[from] item: Leftovers
|-damage|p1a: Maushold|30/100|[from] Salt Cure
|upkeep
|turn|12
|
|t:|1778517494
|switch|p2a: Edgy Donphan|Great Tusk|100/100
|move|p1a: Maushold|Beat Up|p2a: Edgy Donphan
|-resisted|p2a: Edgy Donphan
|-damage|p2a: Edgy Donphan|98/100
|-resisted|p2a: Edgy Donphan
|-damage|p2a: Edgy Donphan|95/100
|-resisted|p2a: Edgy Donphan
|-damage|p2a: Edgy Donphan|92/100
|-resisted|p2a: Edgy Donphan
|-damage|p2a: Edgy Donphan|89/100
|-resisted|p2a: Edgy Donphan
|-damage|p2a: Edgy Donphan|85/100
|-hitcount|p2a: Edgy Donphan|5
|-damage|p1a: Maushold|20/100|[from] item: Life Orb
|
|-heal|p2a: Edgy Donphan|91/100|[from] item: Leftovers
|-damage|p1a: Maushold|7/100|[from] Salt Cure
|upkeep
|turn|13
|
|t:|1778517514
|switch|p1a: Mimikyu|Mimikyu, F, shiny|100/100
|-end|p2a: Edgy Donphan|Protosynthesis|[silent]
|switch|p2a: Salt Mountain|Garganacl, M, shiny, tera:Ghost|47/100
|
|-heal|p2a: Salt Mountain|53/100|[from] item: Leftovers
|upkeep
|turn|14
|l|☆eevee1995
|inactive|eevee1995 disconnected and has a minute to reconnect!
|player|p2|
|c|☆newbiegurl|lol
|inactive|eevee1995 has 30 seconds to reconnect!
|inactive|eevee1995 has 20 seconds to reconnect!
|inactive|eevee1995 has 15 seconds to reconnect!
|inactive|eevee1995 has 10 seconds to reconnect!
|inactive|eevee1995 has 5 seconds to reconnect!
|-message|eevee1995 lost due to inactivity.
|
|win|newbiegurl
|raw|newbiegurl's rating: 1060 &rarr; <strong>1096</strong><br />(+36 for winning)
|raw|eevee1995's rating: 1112 &rarr; <strong>1083</strong><br />(-29 for losing)
|l|☆newbiegurl
|player|p1|
