|html|<div class="broadcast-blue"><strong>[Gen 9] OU is currently suspecting Tera Blast! For information on how to participate check out the <a href="https://www.smogon.com/tools/suspects/view/200">suspect thread</a>.</strong></div>
|j|☆no1 fun haver
|j|☆Miurez
|t:|1776104033
|gametype|singles
|player|p1|no1 fun haver|170|1475
|player|p2|Miurez|pokemonranger-gen4|1491
|gen|9
|tier|[Gen 9] OU
|rated|
|rule|HP Percentage Mod: HP is shown in percentages
|rule|Endless Battle Clause: Forcing endless battles is banned
|rule|Species Clause: Limit one of each Pokémon
|rule|OHKO Clause: OHKO moves are banned
|rule|Evasion Items Clause: Evasion items are banned
|rule|Evasion Moves Clause: Evasion moves are banned
|rule|Evasion Abilities Clause: Evasion abilities are banned
|rule|Sleep Moves Clause: Sleep-inducing moves are banned
|clearpoke
|poke|p1|Lokix, M|
|poke|p1|Alomomola, M|
|poke|p1|Pecharunt|
|poke|p1|Zapdos|
|poke|p1|Great Tusk|
|poke|p1|Kyurem|
|poke|p2|Primarina, F|
|poke|p2|Great Tusk|
|poke|p2|Ogerpon, F|
|poke|p2|Kingambit, M|
|poke|p2|Slowking-Galar, F|
|poke|p2|Enamorus, F|
|teampreview
|
|t:|1776104061
|teamsize|p1|6
|teamsize|p2|6
|start
|switch|p1a: Lokix|Lokix, M|100/100
|switch|p2a: Enamorus|Enamorus, F|100/100
|turn|1
|
|t:|1776104073
|switch|p1a: Alomomola|Alomomola, M|100/100
|move|p2a: Enamorus|Mystical Fire|p1a: Alomomola
|-resisted|p1a: Alomomola
|-damage|p1a: Alomomola|93/100
|-unboost|p1a: Alomomola|spa|1
|
|upkeep
|turn|2
|
|t:|1776104087
|switch|p2a: Primarina|Primarina, F|100/100
|move|p1a: Alomomola|Flip Turn|p2a: Primarina
|-resisted|p2a: Primarina
|-damage|p2a: Primarina|90/100
|
|t:|1776104094
|switch|p1a: Zapdos|Zapdos|100/100|[from] Flip Turn
|
|-heal|p2a: Primarina|96/100|[from] item: Leftovers
|upkeep
|turn|3
|
|t:|1776104099
|switch|p2a: Slowking|Slowking-Galar, F|100/100
|move|p1a: Zapdos|Hurricane|p2a: Slowking|[miss]
|-miss|p1a: Zapdos|p2a: Slowking
|
|upkeep
|turn|4
|
|t:|1776104127
|move|p1a: Zapdos|Volt Switch|p2a: Slowking
|-damage|p2a: Slowking|81/100
|
|t:|1776104130
|switch|p1a: Lokix|Lokix, M|100/100|[from] Volt Switch
|move|p2a: Slowking|Psychic Noise|p1a: Lokix
|-immune|p1a: Lokix
|
|upkeep
|turn|5
|
|t:|1776104139
|switch|p2a: Great Tusk|Great Tusk|100/100
|move|p1a: Lokix|Knock Off|p2a: Great Tusk
|-resisted|p2a: Great Tusk
|-damage|p2a: Great Tusk|53/100
|-damage|p1a: Lokix|84/100|[from] item: Rocky Helmet|[of] p2a: Great Tusk
|-enditem|p2a: Great Tusk|Rocky Helmet|[from] move: Knock Off|[of] p1a: Lokix
|
|upkeep
|turn|6
|
|t:|1776104151
|switch|p1a: Great Tusk|Great Tusk|100/100
|move|p2a: Great Tusk|Stealth Rock|p1a: Great Tusk
|-sidestart|p1: no1 fun haver|move: Stealth Rock
|
|upkeep
|turn|7
|
|t:|1776104158
|-end|p2a: Great Tusk|Protosynthesis|[silent]
|switch|p2a: Enamorus|Enamorus, F|100/100
|move|p1a: Great Tusk|Rapid Spin|p2a: Enamorus
|-damage|p2a: Enamorus|74/100
|-boost|p1a: Great Tusk|spe|1
|-sideend|p1: no1 fun haver|Stealth Rock|[from] move: Rapid Spin|[of] p1a: Great Tusk
|
|upkeep
|turn|8
|
|t:|1776104168
|-end|p1a: Great Tusk|Protosynthesis|[silent]
|switch|p1a: Alomomola|Alomomola, M|100/100
|move|p2a: Enamorus|Moonblast|p1a: Alomomola
|-damage|p1a: Alomomola|73/100
|
|upkeep
|turn|9
|
|t:|1776104196
|switch|p2a: Slowking|Slowking-Galar, F|100/100
|move|p1a: Alomomola|Flip Turn|p2a: Slowking
|-damage|p2a: Slowking|88/100
|
|t:|1776104210
|switch|p1a: Lokix|Lokix, M|84/100|[from] Flip Turn
|
|upkeep
|turn|10
|
|t:|1776104230
|-terastallize|p1a: Lokix|Bug
|move|p1a: Lokix|First Impression|p2a: Slowking
|-damage|p2a: Slowking|26/100
|move|p2a: Slowking|Flamethrower|p1a: Lokix
|-supereffective|p1a: Lokix
|-damage|p1a: Lokix|3/100
|
|upkeep
|turn|11
|
|t:|1776104240
|switch|p1a: Kyurem|Kyurem|100/100
|-ability|p1a: Kyurem|Pressure
|move|p2a: Slowking|Psychic Noise|p1a: Kyurem
|-crit|p1a: Kyurem
|-damage|p1a: Kyurem|63/100
|-start|p1a: Kyurem|move: Heal Block
|
|upkeep
|turn|12
|
|t:|1776104249
|switch|p2a: Primarina|Primarina, F|96/100
|move|p1a: Kyurem|Freeze-Dry|p2a: Primarina
|-supereffective|p2a: Primarina
|-damage|p2a: Primarina|24/100
|
|-heal|p2a: Primarina|30/100|[from] item: Leftovers
|-end|p1a: Kyurem|move: Heal Block
|upkeep
|turn|13
|
|t:|1776104257
|move|p1a: Kyurem|Freeze-Dry|p2a: Primarina
|-supereffective|p2a: Primarina
|-damage|p2a: Primarina|0 fnt
|faint|p2a: Primarina
|
|-heal|p1a: Kyurem|69/100|[from] item: Leftovers
|upkeep
|
|t:|1776104267
|switch|p2a: Enamorus|Enamorus, F|74/100
|turn|14
|
|t:|1776104271
|switch|p1a: Alomomola|Alomomola, M|100/100
|move|p2a: Enamorus|Moonblast|p1a: Alomomola
|-damage|p1a: Alomomola|72/100
|
|upkeep
|turn|15
|
|t:|1776104276
|move|p2a: Enamorus|Moonblast|p1a: Alomomola
|-damage|p1a: Alomomola|44/100
|move|p1a: Alomomola|Flip Turn|p2a: Enamorus
|-damage|p2a: Enamorus|49/100
|
|t:|1776104279
|switch|p1a: Lokix|Lokix, M, tera:Bug|3/100|[from] Flip Turn
|
|upkeep
|turn|16
|
|t:|1776104282
|switch|p2a: Great Tusk|Great Tusk|53/100
|move|p1a: Lokix|First Impression|p2a: Great Tusk
|-resisted|p2a: Great Tusk
|-damage|p2a: Great Tusk|0 fnt
|faint|p2a: Great Tusk
|-end|p2a: Great Tusk|Protosynthesis|[silent]
|
|upkeep
|
|t:|1776104300
|switch|p2a: Ogerpon|Ogerpon, F|100/100
|turn|17
|
|t:|1776104314
|switch|p1a: Pecharunt|Pecharunt|100/100
|move|p2a: Ogerpon|Rock Tomb|p1a: Pecharunt
|-damage|p1a: Pecharunt|86/100
|-unboost|p1a: Pecharunt|spe|1
|
|upkeep
|turn|18
|
|t:|1776104322
|switch|p2a: Kingambit|Kingambit, M|100/100
|-activate|p2a: Kingambit|ability: Supreme Overlord
|-start|p2a: Kingambit|fallen2|[silent]
|move|p1a: Pecharunt|Parting Shot|p2a: Kingambit
|-unboost|p2a: Kingambit|atk|1
|-unboost|p2a: Kingambit|spa|1
|
|t:|1776104331
|switch|p1a: Great Tusk|Great Tusk|100/100|[from] Parting Shot
|
|upkeep
|turn|19
|
|t:|1776104342
|-end|p2a: Kingambit|fallen2|[silent]
|switch|p2a: Enamorus|Enamorus, F|49/100
|move|p1a: Great Tusk|Stealth Rock|p2a: Enamorus
|-sidestart|p2: Miurez|move: Stealth Rock
|
|upkeep
|turn|20
|
|t:|1776104347
|-end|p1a: Great Tusk|Protosynthesis|[silent]
|switch|p1a: Alomomola|Alomomola, M|77/100
|move|p2a: Enamorus|Moonblast|p1a: Alomomola
|-damage|p1a: Alomomola|50/100
|-unboost|p1a: Alomomola|spa|1
|
|upkeep
|turn|21
|
|t:|1776104354
|move|p2a: Enamorus|Moonblast|p1a: Alomomola
|-damage|p1a: Alomomola|24/100
|move|p1a: Alomomola|Flip Turn|p2a: Enamorus
|-damage|p2a: Enamorus|22/100
|
|t:|1776104358
|switch|p1a: Lokix|Lokix, M, tera:Bug|3/100|[from] Flip Turn
|
|upkeep
|turn|22
|
|t:|1776104361
|move|p1a: Lokix|First Impression|p2a: Enamorus
|-resisted|p2a: Enamorus
|-damage|p2a: Enamorus|0 fnt
|faint|p2a: Enamorus
|
|upkeep
|
|t:|1776104372
|switch|p2a: Ogerpon|Ogerpon, F|100/100
|-damage|p2a: Ogerpon|88/100|[from] Stealth Rock
|turn|23
|
|t:|1776104378
|switch|p1a: Alomomola|Alomomola, M|57/100
|move|p2a: Ogerpon|U-turn|p1a: Alomomola
|-damage|p1a: Alomomola|30/100
|
|t:|1776104385
|switch|p2a: Kingambit|Kingambit, M|100/100|[from] U-turn
|-damage|p2a: Kingambit|94/100|[from] Stealth Rock
|-activate|p2a: Kingambit|ability: Supreme Overlord
|-start|p2a: Kingambit|fallen3|[silent]
|
|-heal|p2a: Kingambit|100/100|[from] item: Leftovers
|upkeep
|turn|24
|
|t:|1776104407
|move|p2a: Kingambit|Swords Dance|p2a: Kingambit
|-boost|p2a: Kingambit|atk|2
|move|p1a: Alomomola|Flip Turn|p2a: Kingambit
|-damage|p2a: Kingambit|88/100
|
|t:|1776104413
|switch|p1a: Great Tusk|Great Tusk|100/100|[from] Flip Turn
|
|-heal|p2a: Kingambit|94/100|[from] item: Leftovers
|upkeep
|turn|25
|
|t:|1776104424
|-terastallize|p2a: Kingambit|Ghost
|move|p1a: Great Tusk|Headlong Rush|p2a: Kingambit
|-damage|p2a: Kingambit|51/100
|-unboost|p1a: Great Tusk|def|1
|-unboost|p1a: Great Tusk|spd|1
|move|p2a: Kingambit|Iron Head|p1a: Great Tusk
|-damage|p1a: Great Tusk|0 fnt
|-damage|p2a: Kingambit|34/100|[from] item: Rocky Helmet|[of] p1a: Great Tusk
|faint|p1a: Great Tusk
|-end|p1a: Great Tusk|Protosynthesis|[silent]
|
|-heal|p2a: Kingambit|40/100|[from] item: Leftovers
|upkeep
|
|t:|1776104432
|switch|p1a: Lokix|Lokix, M, tera:Bug|3/100
|turn|26
|
|t:|1776104448
|-end|p2a: Kingambit|fallen3|[silent]
|switch|p2a: Slowking|Slowking-Galar, F|59/100
|-damage|p2a: Slowking|47/100|[from] Stealth Rock
|move|p1a: Lokix|First Impression|p2a: Slowking
|-damage|p2a: Slowking|0 fnt
|faint|p2a: Slowking
|
|upkeep
|
|t:|1776104455
|switch|p2a: Kingambit|Kingambit, M, tera:Ghost|40/100
|-damage|p2a: Kingambit|28/100|[from] Stealth Rock
|-activate|p2a: Kingambit|ability: Supreme Overlord
|-start|p2a: Kingambit|fallen4|[silent]
|turn|27
|
|t:|1776104461
|switch|p1a: Kyurem|Kyurem|69/100
|-ability|p1a: Kyurem|Pressure
|move|p2a: Kingambit|Kowtow Cleave|p1a: Kyurem
|-damage|p1a: Kyurem|1/100
|
|-heal|p1a: Kyurem|7/100|[from] item: Leftovers
|-heal|p2a: Kingambit|34/100|[from] item: Leftovers
|upkeep
|turn|28
|
|t:|1776104467
|move|p2a: Kingambit|Sucker Punch|p1a: Kyurem
|-damage|p1a: Kyurem|0 fnt
|faint|p1a: Kyurem
|
|-heal|p2a: Kingambit|40/100|[from] item: Leftovers
|upkeep
|
|t:|1776104470
|switch|p1a: Lokix|Lokix, M, tera:Bug|3/100
|turn|29
|
|t:|1776104479
|move|p1a: Lokix|First Impression|p2a: Kingambit
|-resisted|p2a: Kingambit
|-damage|p2a: Kingambit|0 fnt
|faint|p2a: Kingambit
|-end|p2a: Kingambit|fallen4|[silent]
|
|upkeep
|
|t:|1776104482
|switch|p2a: Ogerpon|Ogerpon, F|88/100
|-damage|p2a: Ogerpon|76/100|[from] Stealth Rock
|turn|30
|
|t:|1776104487
|switch|p1a: Alomomola|Alomomola, M|64/100
|move|p2a: Ogerpon|Knock Off|p1a: Alomomola
|-damage|p1a: Alomomola|26/100
|-enditem|p1a: Alomomola|Assault Vest|[from] move: Knock Off|[of] p2a: Ogerpon
|
|upkeep
|turn|31
|
|t:|1776104494
|move|p2a: Ogerpon|Knock Off|p1a: Alomomola
|-damage|p1a: Alomomola|3/100
|move|p1a: Alomomola|Mirror Coat||[still]
|-fail|p1a: Alomomola
|
|upkeep
|turn|32
|
|t:|1776104498
|move|p2a: Ogerpon|Knock Off|p1a: Alomomola
|-damage|p1a: Alomomola|0 fnt
|faint|p1a: Alomomola
|
|upkeep
|
|t:|1776104500
|switch|p1a: Lokix|Lokix, M, tera:Bug|3/100
|turn|33
|
|t:|1776104504
|move|p1a: Lokix|First Impression|p2a: Ogerpon
|-supereffective|p2a: Ogerpon
|-damage|p2a: Ogerpon|0 fnt
|faint|p2a: Ogerpon
|
|win|no1 fun haver
|raw|no1 fun haver's rating: 1475 &rarr; <strong>1496</strong><br />(+21 for winning)
|raw|Miurez's rating: 1491 &rarr; <strong>1470</strong><br />(-21 for losing)
|l|☆Miurez
|player|p2|
