|html|<div class="broadcast-blue"><strong>[Gen 9] OU is currently suspecting Tera Blast! For information on how to participate check out the <a href="https://www.smogon.com/tools/suspects/view/200">suspect thread</a>.</strong></div>
|j|☆eucalipto69!
|j|☆mo-ii-kai
|t:|1776051144
|gametype|singles
|player|p1|eucalipto69!|steven|1420
|player|p2|mo-ii-kai|janine|1427
|gen|9
|tier|[Gen 9] OU
|rated|
|rule|HP Percentage Mod: HP is shown in percentages
|rule|Endless Battle Clause: Forcing endless battles is banned
|rule|Species Clause: Limit one of each Pokémon
|rule|OHKO Clause: OHKO moves are banned
|rule|Evasion Items Clause: Evasion items are banned
|rule|Evasion Moves Clause: Evasion moves are banned
|rule|Evasion Abilities Clause: Evasion abilities are banned
|rule|Sleep Moves Clause: Sleep-inducing moves are banned
|clearpoke
|poke|p1|Haxorus, M|
|poke|p1|Grimmsnarl, M|
|poke|p1|Great Tusk|
|poke|p1|Zapdos|
|poke|p1|Kingambit, M|
|poke|p1|Typhlosion, M|
|poke|p2|Ninetales, F|
|poke|p2|Walking Wake|
|poke|p2|Typhlosion-Hisui, M|
|poke|p2|Great Tusk|
|poke|p2|Rillaboom, M|
|poke|p2|Raging Bolt|
|teampreview
|inactive|Battle timer is ON: inactive players will automatically lose when time's up. (requested by mo-ii-kai)
|
|t:|1776051176
|teamsize|p1|6
|teamsize|p2|6
|start
|switch|p1a: Typhlosion|Typhlosion, M|100/100
|switch|p2a: Ninetales|Ninetales, F|100/100
|-weather|SunnyDay|[from] ability: Drought|[of] p2a: Ninetales
|turn|1
|
|t:|1776051198
|switch|p2a: Raging Bolt|Raging Bolt|100/100
|-activate|p2a: Raging Bolt|ability: Protosynthesis
|-start|p2a: Raging Bolt|protosynthesisspa
|move|p1a: Typhlosion|Eruption|p2a: Raging Bolt
|-resisted|p2a: Raging Bolt
|-damage|p2a: Raging Bolt|66/100
|
|-weather|SunnyDay|[upkeep]
|upkeep
|turn|2
|
|t:|1776051204
|switch|p1a: Grimmsnarl|Grimmsnarl, M|100/100
|move|p2a: Raging Bolt|Volt Switch|p1a: Grimmsnarl
|-damage|p1a: Grimmsnarl|55/100
|
|t:|1776051212
|-end|p2a: Raging Bolt|Protosynthesis|[silent]
|switch|p2a: Rillaboom|Rillaboom, M|100/100|[from] Volt Switch
|-fieldstart|move: Grassy Terrain|[from] ability: Grassy Surge|[of] p2a: Rillaboom
|
|-weather|SunnyDay|[upkeep]
|-heal|p1a: Grimmsnarl|61/100|[from] Grassy Terrain
|upkeep
|turn|3
|
|t:|1776051215
|switch|p1a: Zapdos|Zapdos|100/100
|move|p2a: Rillaboom|Grassy Glide|p1a: Zapdos
|-resisted|p1a: Zapdos
|-damage|p1a: Zapdos|72/100
|
|-weather|SunnyDay|[upkeep]
|upkeep
|turn|4
|
|t:|1776051221
|switch|p2a: Raging Bolt|Raging Bolt|66/100
|-activate|p2a: Raging Bolt|ability: Protosynthesis
|-start|p2a: Raging Bolt|protosynthesisspa
|move|p1a: Zapdos|U-turn|p2a: Raging Bolt
|-damage|p2a: Raging Bolt|53/100
|
|t:|1776051224
|switch|p1a: Great Tusk|Great Tusk|100/100|[from] U-turn
|-activate|p1a: Great Tusk|ability: Protosynthesis
|-start|p1a: Great Tusk|protosynthesisatk
|
|-weather|SunnyDay|[upkeep]
|-heal|p2a: Raging Bolt|59/100|[from] Grassy Terrain
|upkeep
|turn|5
|
|t:|1776051237
|-end|p2a: Raging Bolt|Protosynthesis|[silent]
|switch|p2a: Rillaboom|Rillaboom, M|100/100
|move|p1a: Great Tusk|Headlong Rush|p2a: Rillaboom
|-resisted|p2a: Rillaboom
|-damage|p2a: Rillaboom|59/100
|-unboost|p1a: Great Tusk|def|1
|-unboost|p1a: Great Tusk|spd|1
|
|-weather|SunnyDay|[upkeep]
|-heal|p2a: Rillaboom|65/100|[from] Grassy Terrain
|upkeep
|turn|6
|
|t:|1776051240
|move|p1a: Great Tusk|Ice Spinner|p2a: Rillaboom
|-supereffective|p2a: Rillaboom
|-damage|p2a: Rillaboom|0 fnt
|-fieldend|move: Grassy Terrain
|faint|p2a: Rillaboom
|
|-weather|SunnyDay|[upkeep]
|upkeep
|
|t:|1776051245
|switch|p2a: Walking Wake|Walking Wake|100/100
|-activate|p2a: Walking Wake|ability: Protosynthesis
|-start|p2a: Walking Wake|protosynthesisspa
|turn|7
|
|t:|1776051250
|move|p2a: Walking Wake|Hydro Steam|p1a: Great Tusk
|-supereffective|p1a: Great Tusk
|-enditem|p1a: Great Tusk|Focus Sash
|-damage|p1a: Great Tusk|1/100
|move|p1a: Great Tusk|Headlong Rush|p2a: Walking Wake
|-damage|p2a: Walking Wake|19/100
|-unboost|p1a: Great Tusk|def|1
|-unboost|p1a: Great Tusk|spd|1
|
|-weather|SunnyDay|[upkeep]
|upkeep
|turn|8
|
|t:|1776051260
|move|p2a: Walking Wake|Hydro Steam|p1a: Great Tusk
|-supereffective|p1a: Great Tusk
|-damage|p1a: Great Tusk|0 fnt
|faint|p1a: Great Tusk
|-end|p1a: Great Tusk|Protosynthesis|[silent]
|
|-weather|none
|-end|p2a: Walking Wake|Protosynthesis
|upkeep
|
|t:|1776051267
|switch|p1a: Grimmsnarl|Grimmsnarl, M|61/100
|turn|9
|
|t:|1776051277
|-end|p2a: Walking Wake|Protosynthesis|[silent]
|switch|p2a: Ninetales|Ninetales, F|100/100
|-weather|SunnyDay|[from] ability: Drought|[of] p2a: Ninetales
|move|p1a: Grimmsnarl|Thunder Wave|p2a: Ninetales
|-status|p2a: Ninetales|par
|
|-weather|SunnyDay|[upkeep]
|upkeep
|turn|10
|
|t:|1776051281
|move|p1a: Grimmsnarl|Light Screen|p1a: Grimmsnarl
|-sidestart|p1: eucalipto69!|move: Light Screen
|move|p2a: Ninetales|Encore|p1a: Grimmsnarl
|-start|p1a: Grimmsnarl|Encore
|
|-weather|SunnyDay|[upkeep]
|upkeep
|turn|11
|
|t:|1776051287
|switch|p2a: Great Tusk|Great Tusk|100/100
|-activate|p2a: Great Tusk|ability: Protosynthesis
|-start|p2a: Great Tusk|protosynthesisspe
|switch|p1a: Typhlosion|Typhlosion, M|100/100
|
|-weather|SunnyDay|[upkeep]
|upkeep
|turn|12
|
|t:|1776051291
|move|p1a: Typhlosion|Eruption|p2a: Great Tusk
|-damage|p2a: Great Tusk|0 fnt
|faint|p2a: Great Tusk
|-end|p2a: Great Tusk|Protosynthesis|[silent]
|
|-weather|SunnyDay|[upkeep]
|upkeep
|
|t:|1776051307
|switch|p2a: Raging Bolt|Raging Bolt|59/100
|-activate|p2a: Raging Bolt|ability: Protosynthesis
|-start|p2a: Raging Bolt|protosynthesisspa
|turn|13
|
|t:|1776051311
|switch|p1a: Grimmsnarl|Grimmsnarl, M|61/100
|move|p2a: Raging Bolt|Volt Switch|p1a: Grimmsnarl
|-damage|p1a: Grimmsnarl|38/100
|
|t:|1776051318
|-end|p2a: Raging Bolt|Protosynthesis|[silent]
|switch|p2a: Walking Wake|Walking Wake|19/100|[from] Volt Switch
|-activate|p2a: Walking Wake|ability: Protosynthesis
|-start|p2a: Walking Wake|protosynthesisspa
|
|-weather|SunnyDay|[upkeep]
|upkeep
|turn|14
|
|t:|1776051322
|move|p1a: Grimmsnarl|Thunder Wave|p2a: Walking Wake|[miss]
|-miss|p1a: Grimmsnarl|p2a: Walking Wake
|move|p2a: Walking Wake|Hydro Steam|p1a: Grimmsnarl
|-crit|p1a: Grimmsnarl
|-damage|p1a: Grimmsnarl|0 fnt
|faint|p1a: Grimmsnarl
|
|-weather|SunnyDay|[upkeep]
|upkeep
|
|t:|1776051331
|switch|p1a: Kingambit|Kingambit, M, shiny|100/100
|turn|15
|
|t:|1776051335
|-end|p2a: Walking Wake|Protosynthesis|[silent]
|switch|p2a: Ninetales|Ninetales, F|100/100 par
|move|p1a: Kingambit|Kowtow Cleave|p2a: Ninetales
|-damage|p2a: Ninetales|42/100 par
|
|-weather|SunnyDay|[upkeep]
|upkeep
|turn|16
|
|t:|1776051341
|switch|p1a: Typhlosion|Typhlosion, M|100/100
|switch|p2a: Walking Wake|Walking Wake|19/100
|-activate|p2a: Walking Wake|ability: Protosynthesis
|-start|p2a: Walking Wake|protosynthesisspa
|
|-weather|none
|-end|p2a: Walking Wake|Protosynthesis
|upkeep
|turn|17
|
|t:|1776051346
|move|p1a: Typhlosion|Shadow Ball|p2a: Walking Wake
|-damage|p2a: Walking Wake|0 fnt
|faint|p2a: Walking Wake
|-end|p2a: Walking Wake|Protosynthesis|[silent]
|
|-sideend|p1: eucalipto69!|move: Light Screen
|upkeep
|
|t:|1776051349
|switch|p2a: Raging Bolt|Raging Bolt|59/100
|turn|18
|
|t:|1776051355
|switch|p1a: Zapdos|Zapdos|72/100
|move|p2a: Raging Bolt|Volt Switch|p1a: Zapdos
|-damage|p1a: Zapdos|33/100
|
|t:|1776051357
|-end|p2a: Raging Bolt|Protosynthesis|[silent]
|switch|p2a: Ninetales|Ninetales, F|42/100 par|[from] Volt Switch
|-weather|SunnyDay|[from] ability: Drought|[of] p2a: Ninetales
|
|-weather|SunnyDay|[upkeep]
|upkeep
|turn|19
|
|t:|1776051362
|switch|p2a: Raging Bolt|Raging Bolt|59/100
|-activate|p2a: Raging Bolt|ability: Protosynthesis
|-start|p2a: Raging Bolt|protosynthesisspa
|move|p1a: Zapdos|Discharge|p2a: Raging Bolt
|-resisted|p2a: Raging Bolt
|-damage|p2a: Raging Bolt|52/100
|
|-weather|SunnyDay|[upkeep]
|upkeep
|turn|20
|
|t:|1776051365
|move|p2a: Raging Bolt|Volt Switch|p1a: Zapdos
|-damage|p1a: Zapdos|0 fnt
|faint|p1a: Zapdos
|
|t:|1776051380
|-end|p2a: Raging Bolt|Protosynthesis|[silent]
|switch|p2a: Ninetales|Ninetales, F|42/100 par|[from] Volt Switch
|
|-weather|SunnyDay|[upkeep]
|upkeep
|
|t:|1776051399
|switch|p1a: Haxorus|Haxorus, M, shiny|100/100
|-ability|p1a: Haxorus|Mold Breaker
|turn|21
|
|t:|1776051411
|move|p1a: Haxorus|Scale Shot|p2a: Ninetales
|-damage|p2a: Ninetales|25/100 par
|-damage|p2a: Ninetales|7/100 par
|-damage|p2a: Ninetales|0 fnt
|faint|p2a: Ninetales
|-hitcount|p2: Ninetales|3
|-unboost|p1a: Haxorus|def|1
|-boost|p1a: Haxorus|spe|1
|
|-weather|SunnyDay|[upkeep]
|upkeep
|
|t:|1776051414
|switch|p2a: Raging Bolt|Raging Bolt|52/100
|-activate|p2a: Raging Bolt|ability: Protosynthesis
|-start|p2a: Raging Bolt|protosynthesisspa
|turn|22
|
|t:|1776051432
|-terastallize|p2a: Raging Bolt|Poison
|move|p1a: Haxorus|Scale Shot|p2a: Raging Bolt
|-damage|p2a: Raging Bolt|39/100
|-damage|p2a: Raging Bolt|25/100
|-damage|p2a: Raging Bolt|13/100
|-damage|p2a: Raging Bolt|0 fnt
|faint|p2a: Raging Bolt
|-end|p2a: Raging Bolt|Protosynthesis|[silent]
|-hitcount|p2: Raging Bolt|4
|-unboost|p1a: Haxorus|def|1
|-boost|p1a: Haxorus|spe|1
|
|-weather|SunnyDay|[upkeep]
|upkeep
|
|t:|1776051435
|switch|p2a: Typhlosion|Typhlosion-Hisui, M|100/100
|turn|23
|
|t:|1776051442
|move|p1a: Haxorus|Scale Shot|p2a: Typhlosion|[miss]
|-miss|p1a: Haxorus|p2a: Typhlosion
|move|p2a: Typhlosion|Eruption|p1a: Haxorus
|-resisted|p1a: Haxorus
|-damage|p1a: Haxorus|1/100
|
|-weather|SunnyDay|[upkeep]
|upkeep
|turn|24
|
|t:|1776051446
|move|p1a: Haxorus|Scale Shot|p2a: Typhlosion
|-damage|p2a: Typhlosion|80/100
|-damage|p2a: Typhlosion|59/100
|-damage|p2a: Typhlosion|37/100
|-damage|p2a: Typhlosion|16/100
|-damage|p2a: Typhlosion|0 fnt
|faint|p2a: Typhlosion
|-hitcount|p2: Typhlosion|5
|
|win|eucalipto69!
|raw|eucalipto69!'s rating: 1420 &rarr; <strong>1440</strong><br />(+20 for winning)
|raw|mo-ii-kai's rating: 1427 &rarr; <strong>1407</strong><br />(-20 for losing)
|c|☆mo-ii-kai|gg
|l|☆mo-ii-kai
|player|p2|
|c|☆eucalipto69!|Gg
|l|☆eucalipto69!
|player|p1|
