|j|☆encore21768768
|j|☆Abyssal Bot
|t:|1776093218
|gametype|singles
|player|p1|encore21768768|265|
|player|p2|Abyssal Bot|supernerd|
|teamsize|p1|6
|teamsize|p2|6
|gen|9
|tier|[Gen 9] OU
|rule|Species Clause: Limit one of each Pokémon
|rule|OHKO Clause: OHKO moves are banned
|rule|Evasion Items Clause: Evasion items are banned
|rule|Evasion Moves Clause: Evasion moves are banned
|rule|Endless Battle Clause: Forcing endless battles is banned
|rule|HP Percentage Mod: HP is shown in percentages
|rule|Sleep Moves Clause: Sleep-inducing moves are banned
|clearpoke
|poke|p1|Volcanion|
|poke|p1|Polteageist|
|poke|p1|Kingdra, M|
|poke|p1|Scrafty, F|
|poke|p1|Raging Bolt|
|poke|p1|Great Tusk|
|poke|p2|Iron Treads|
|poke|p2|Skeledirge, M|
|poke|p2|Ogerpon-Wellspring, F|
|poke|p2|Enamorus, F|
|poke|p2|Zamazenta-*|
|poke|p2|Roaring Moon|
|teampreview
|c|☆Abyssal Bot|Good Luck and Have Fun my Friend!
|inactive|Battle timer is ON: inactive players will automatically lose when time's up. (requested by Abyssal Bot)
|j|*Turbo Bottttt
|
|t:|1776093221
|start
|switch|p1a: Polteageist|Polteageist|100/100
|switch|p2a: Zamazenta|Zamazenta|100/100
|-ability|p2a: Zamazenta|Dauntless Shield|boost
|-boost|p2a: Zamazenta|def|1
|turn|1
|
|t:|1776093224
|switch|p2a: Roaring Moon|Roaring Moon|100/100
|-enditem|p2a: Roaring Moon|Booster Energy
|-activate|p2a: Roaring Moon|ability: Protosynthesis|[fromitem]
|-start|p2a: Roaring Moon|protosynthesisatk
|move|p1a: Polteageist|Shell Smash|p1a: Polteageist
|-unboost|p1a: Polteageist|def|1
|-unboost|p1a: Polteageist|spd|1
|-boost|p1a: Polteageist|atk|2
|-boost|p1a: Polteageist|spa|2
|-boost|p1a: Polteageist|spe|2
|
|upkeep
|turn|2
|
|t:|1776093234
|move|p1a: Polteageist|Shadow Ball|p2a: Roaring Moon
|-resisted|p2a: Roaring Moon
|-damage|p2a: Roaring Moon|66/100
|move|p2a: Roaring Moon|Knock Off|p1a: Polteageist
|-supereffective|p1a: Polteageist
|-damage|p1a: Polteageist|0
|-enditem|p1a: Polteageist|Heavy-Duty Boots|[from] move: Knock Off|[of] p2a: Roaring Moon
|faint|p1a: Polteageist
|
|upkeep
|
|t:|1776093244
|switch|p1a: Great Tusk|Great Tusk|100/100
|turn|3
|
|t:|1776093246
|move|p2a: Roaring Moon|Acrobatics|p1a: Great Tusk
|-supereffective|p1a: Great Tusk
|-damage|p1a: Great Tusk|24/100
|move|p1a: Great Tusk|Rapid Spin|p2a: Roaring Moon
|-damage|p2a: Roaring Moon|46/100
|-boost|p1a: Great Tusk|spe|1
|
|upkeep
|turn|4
|
|t:|1776093249
|move|p1a: Great Tusk|Ice Spinner|p2a: Roaring Moon
|-supereffective|p2a: Roaring Moon
|-damage|p2a: Roaring Moon|0
|faint|p2a: Roaring Moon
|-end|p2a: Roaring Moon|Protosynthesis|[silent]
|
|upkeep
|
|t:|1776093249
|switch|p2a: Enamorus|Enamorus, F|100/100
|turn|5
|
|t:|1776093251
|move|p1a: Great Tusk|Ice Spinner|p2a: Enamorus
|-supereffective|p2a: Enamorus
|-damage|p2a: Enamorus|20/100
|move|p2a: Enamorus|Earth Power|p1a: Great Tusk
|-damage|p1a: Great Tusk|0
|faint|p1a: Great Tusk
|-end|p1a: Great Tusk|Protosynthesis|[silent]
|
|upkeep
|inactive|encore21768768 has 270 seconds left.
|
|t:|1776093282
|switch|p1a: Raging Bolt|Raging Bolt|100/100
|turn|6
|
|t:|1776093285
|move|p1a: Raging Bolt|Thunderclap|p2a: Enamorus
|-supereffective|p2a: Enamorus
|-damage|p2a: Enamorus|0
|faint|p2a: Enamorus
|
|upkeep
|
|t:|1776093285
|switch|p2a: Iron Treads|Iron Treads|100/100
|-enditem|p2a: Iron Treads|Booster Energy
|-activate|p2a: Iron Treads|ability: Quark Drive|[fromitem]
|-start|p2a: Iron Treads|quarkdrivespe
|turn|7
|
|t:|1776093289
|-end|p1a: Raging Bolt|Protosynthesis|[silent]
|switch|p1a: Scrafty|Scrafty, F|100/100
|move|p2a: Iron Treads|Stealth Rock|p1a: Scrafty
|-sidestart|p1: encore21768768|move: Stealth Rock
|
|upkeep
|turn|8
|
|t:|1776093292
|move|p2a: Iron Treads|Steel Beam|p1a: Scrafty
|-damage|p1a: Scrafty|65/100
|-damage|p2a: Iron Treads|50/100|[from] steelbeam
|move|p1a: Scrafty|Rain Dance|p1a: Scrafty
|-weather|Rain Dance
|
|-weather|Rain Dance|[upkeep]
|upkeep
|turn|9
|
|t:|1776093296
|move|p2a: Iron Treads|Steel Beam|p1a: Scrafty
|-damage|p1a: Scrafty|33/100
|-damage|p2a: Iron Treads|0|[from] steelbeam
|faint|p2a: Iron Treads
|-end|p2a: Iron Treads|Quark Drive|[silent]
|move|p1a: Scrafty|Bulk Up|p1a: Scrafty
|-boost|p1a: Scrafty|atk|1
|-boost|p1a: Scrafty|def|1
|
|-weather|Rain Dance|[upkeep]
|upkeep
|
|t:|1776093296
|switch|p2a: Zamazenta|Zamazenta|100/100
|turn|10
|
|t:|1776093300
|move|p2a: Zamazenta|Body Press|p1a: Scrafty
|-supereffective|p1a: Scrafty
|-damage|p1a: Scrafty|0
|faint|p1a: Scrafty
|
|-weather|Rain Dance|[upkeep]
|upkeep
|
|t:|1776093309
|switch|p1a: Kingdra|Kingdra, M|100/100
|-damage|p1a: Kingdra|88/100|[from] Stealth Rock|[of] p2: Iron Treads
|turn|11
|
|t:|1776093313
|switch|p2a: Ogerpon|Ogerpon-Wellspring, F|100/100
|move|p1a: Kingdra|Scald|p2a: Ogerpon
|-immune|p2a: Ogerpon|[from] ability: Water Absorb
|
|-weather|Rain Dance|[upkeep]
|upkeep
|turn|12
|
|t:|1776093315
|move|p1a: Kingdra|Focus Energy|p1a: Kingdra
|-start|p1a: Kingdra|move: Focus Energy
|move|p2a: Ogerpon|Encore|p1a: Kingdra
|-start|p1a: Kingdra|Encore
|
|-weather|Rain Dance|[upkeep]
|upkeep
|turn|13
|
|t:|1776093319
|switch|p1a: Raging Bolt|Raging Bolt|100/100
|-damage|p1a: Raging Bolt|88/100|[from] Stealth Rock|[of] p2: Iron Treads
|move|p2a: Ogerpon|Power Whip|p1a: Raging Bolt|[miss]
|-miss|p2a: Ogerpon|p1a: Raging Bolt
|
|-weather|Rain Dance|[upkeep]
|upkeep
|turn|14
|c|☆Abyssal Bot|;-;
|
|t:|1776093321
|switch|p2a: Skeledirge|Skeledirge, M|100/100
|move|p1a: Raging Bolt|Thunder|p2a: Skeledirge
|-damage|p2a: Skeledirge|43/100
|
|-weather|Rain Dance|[upkeep]
|upkeep
|turn|15
|
|t:|1776093324
|move|p1a: Raging Bolt|Thunder|p2a: Skeledirge
|-damage|p2a: Skeledirge|0
|faint|p2a: Skeledirge
|
|-weather|none
|upkeep
|
|t:|1776093324
|switch|p2a: Ogerpon|Ogerpon-Wellspring, F|100/100
|turn|16
|
|t:|1776093327
|move|p2a: Ogerpon|Power Whip|p1a: Raging Bolt
|-resisted|p1a: Raging Bolt
|-damage|p1a: Raging Bolt|66/100
|move|p1a: Raging Bolt|Thunder|p2a: Ogerpon
|-damage|p2a: Ogerpon|15/100
|
|upkeep
|turn|17
|
|t:|1776093331
|move|p2a: Ogerpon|Ivy Cudgel|p1a: Raging Bolt|[anim] Ivy Cudgel Water
|-resisted|p1a: Raging Bolt
|-damage|p1a: Raging Bolt|49/100
|move|p1a: Raging Bolt|Thunder|p2a: Ogerpon
|-damage|p2a: Ogerpon|0
|faint|p2a: Ogerpon
|
|upkeep
|
|t:|1776093331
|switch|p2a: Zamazenta|Zamazenta|100/100
|turn|18
|
|t:|1776093334
|move|p2a: Zamazenta|Crunch|p1a: Raging Bolt
|-damage|p1a: Raging Bolt|35/100
|move|p1a: Raging Bolt|Thunder|p2a: Zamazenta
|-damage|p2a: Zamazenta|35/100
|-status|p2a: Zamazenta|par
|
|-heal|p2a: Zamazenta|41/100 par|[from] item: Leftovers
|upkeep
|turn|19
|
|t:|1776093338
|move|p2a: Zamazenta|Body Press|p1a: Raging Bolt
|-damage|p1a: Raging Bolt|14/100
|move|p1a: Raging Bolt|Thunder|p2a: Zamazenta|[miss]
|-miss|p1a: Raging Bolt|p2a: Zamazenta
|
|-heal|p2a: Zamazenta|47/100 par|[from] item: Leftovers
|upkeep
|turn|20
|c|☆Abyssal Bot|That thing needs an eye doctor
|
|t:|1776093342
|move|p2a: Zamazenta|Crunch|p1a: Raging Bolt
|-damage|p1a: Raging Bolt|2/100
|move|p1a: Raging Bolt|Thunder|p2a: Zamazenta
|-damage|p2a: Zamazenta|0 par
|faint|p2a: Zamazenta
|
|win|encore21768768
|c|☆Abyssal Bot|Oh, I lost. Good Game.
|l|☆Abyssal Bot
|player|p2|
|l|*Turbo Bottttt
