|html|<div class="broadcast-blue"><strong>[Gen 9] OU is currently suspecting Volcarona! For information on how to participate check out the <a href="https://www.smogon.com/tools/suspects/view/208">suspect thread</a>.</strong></div>
|j|☆biruleibe hahah
|j|☆ATOMIX467
|t:|1778510744
|gametype|singles
|player|p1|biruleibe hahah|zinnia|1306
|player|p2|ATOMIX467|riley|1305
|gen|9
|tier|[Gen 9] OU
|rated|
|rule|HP Percentage Mod: HP is shown in percentages
|rule|Endless Battle Clause: Forcing endless battles is banned
|rule|Species Clause: Limit one of each Pokémon
|rule|OHKO Clause: OHKO moves are banned
|rule|Evasion Items Clause: Evasion items are banned
|rule|Evasion Moves Clause: Evasion moves are banned
|rule|Evasion Abilities Clause: Evasion abilities are banned
|rule|Sleep Moves Clause: Sleep-inducing moves are banned
|clearpoke
|poke|p1|Landorus-Therian, M|
|poke|p1|Primarina, F|
|poke|p1|Kingambit, M|
|poke|p1|Weezing-Galar, F|
|poke|p1|Ceruledge, M|
|poke|p1|Dragapult, F|
|poke|p2|Trevenant, M|
|poke|p2|Torkoal, F|
|poke|p2|Walking Wake|
|poke|p2|Blaziken, M|
|poke|p2|Great Tusk|
|poke|p2|Ting-Lu|
|teampreview
|inactive|Battle timer is ON: inactive players will automatically lose when time's up. (requested by ATOMIX467)
|
|t:|1778510768
|teamsize|p1|6
|teamsize|p2|6
|start
|switch|p1a: Landorus|Landorus-Therian, M|100/100
|switch|p2a: Walking Wake|Walking Wake|100/100
|-ability|p1a: Landorus|Intimidate|boost
|-unboost|p2a: Walking Wake|atk|1
|turn|1
|
|t:|1778510778
|switch|p1a: Primarina|Primarina, F|100/100
|move|p2a: Walking Wake|Hydro Steam|p1a: Primarina
|-resisted|p1a: Primarina
|-damage|p1a: Primarina|82/100
|
|upkeep
|turn|2
|
|t:|1778510794
|-end|p2a: Walking Wake|Protosynthesis|[silent]
|switch|p2a: Torkoal|Torkoal, F|100/100
|-weather|SunnyDay|[from] ability: Drought|[of] p2a: Torkoal
|move|p1a: Primarina|Moonblast|p2a: Torkoal
|-resisted|p2a: Torkoal
|-damage|p2a: Torkoal|67/100
|
|-weather|SunnyDay|[upkeep]
|upkeep
|turn|3
|
|t:|1778510798
|switch|p2a: Trevenant|Trevenant, M, shiny|100/100
|move|p1a: Primarina|Surf|p2a: Trevenant
|-resisted|p2a: Trevenant
|-damage|p2a: Trevenant|87/100
|
|-weather|SunnyDay|[upkeep]
|upkeep
|turn|4
|
|t:|1778510803
|move|p1a: Primarina|Flip Turn|p2a: Trevenant
|-resisted|p2a: Trevenant
|-damage|p2a: Trevenant|83/100
|
|t:|1778510807
|switch|p1a: Landorus|Landorus-Therian, M|100/100|[from] Flip Turn
|-ability|p1a: Landorus|Intimidate|boost
|-unboost|p2a: Trevenant|atk|1
|move|p2a: Trevenant|Substitute|p2a: Trevenant
|-start|p2a: Trevenant|Substitute
|-damage|p2a: Trevenant|58/100
|
|-weather|SunnyDay|[upkeep]
|upkeep
|turn|5
|
|t:|1778510813
|move|p1a: Landorus|U-turn|p2a: Trevenant
|-end|p2a: Trevenant|Substitute
|
|t:|1778510819
|switch|p1a: Weezing|Weezing-Galar, F|100/100|[from] U-turn
|-ability|p1a: Weezing|Neutralizing Gas
|move|p2a: Trevenant|Curse|p1a: Weezing
|-start|p1a: Weezing|Curse|[of] p2a: Trevenant
|-damage|p2a: Trevenant|9/100
|-enditem|p2a: Trevenant|Sitrus Berry|[eat]
|-heal|p2a: Trevenant|33/100|[from] item: Sitrus Berry
|
|-weather|SunnyDay|[upkeep]
|-damage|p1a: Weezing|76/100|[from] Curse
|upkeep
|turn|6
|
|t:|1778510829
|move|p2a: Trevenant|Protect|p2a: Trevenant
|-singleturn|p2a: Trevenant|Protect
|move|p1a: Weezing|Sludge Bomb|p2a: Trevenant
|-activate|p2a: Trevenant|move: Protect
|
|-weather|SunnyDay|[upkeep]
|-damage|p1a: Weezing|51/100|[from] Curse
|upkeep
|turn|7
|
|t:|1778510855
|switch|p2a: Ting-Lu|Ting-Lu|100/100
|move|p1a: Weezing|Will-O-Wisp|p2a: Ting-Lu|[miss]
|-miss|p1a: Weezing|p2a: Ting-Lu
|
|-weather|SunnyDay|[upkeep]
|-damage|p1a: Weezing|26/100|[from] Curse
|upkeep
|turn|8
|
|t:|1778510862
|move|p1a: Weezing|Pain Split|p2a: Ting-Lu
|-sethp|p2a: Ting-Lu|59/100|[from] move: Pain Split|[silent]
|-sethp|p1a: Weezing|90/100|[from] move: Pain Split
|move|p2a: Ting-Lu|Spikes|p1a: Weezing
|-sidestart|p1: biruleibe hahah|Spikes
|
|-weather|SunnyDay|[upkeep]
|-heal|p2a: Ting-Lu|65/100|[from] item: Leftovers
|-damage|p1a: Weezing|65/100|[from] Curse
|upkeep
|turn|9
|
|t:|1778510869
|move|p1a: Weezing|Defog|p2a: Ting-Lu
|-unboost|p2a: Ting-Lu|evasion|1
|-sideend|p1: biruleibe hahah|Spikes|[from] move: Defog|[of] p1a: Weezing
|move|p2a: Ting-Lu|Spikes|p1a: Weezing
|-sidestart|p1: biruleibe hahah|Spikes
|
|-weather|none
|-heal|p2a: Ting-Lu|71/100|[from] item: Leftovers
|-damage|p1a: Weezing|40/100|[from] Curse
|upkeep
|turn|10
|
|t:|1778510875
|move|p1a: Weezing|Pain Split|p2a: Ting-Lu
|-sethp|p2a: Ting-Lu|49/100|[from] move: Pain Split|[silent]
|-sethp|p1a: Weezing|75/100|[from] move: Pain Split
|move|p2a: Ting-Lu|Spikes|p1a: Weezing
|-sidestart|p1: biruleibe hahah|Spikes
|
|-heal|p2a: Ting-Lu|55/100|[from] item: Leftovers
|-damage|p1a: Weezing|50/100|[from] Curse
|upkeep
|turn|11
|
|t:|1778510886
|-end|p1a: Weezing|ability: Neutralizing Gas
|-ability|p2a: Ting-Lu|Vessel of Ruin
|switch|p1a: Landorus|Landorus-Therian, M|100/100
|-ability|p1a: Landorus|Intimidate|boost
|-unboost|p2a: Ting-Lu|atk|1
|move|p2a: Ting-Lu|Spikes|p1a: Landorus
|-sidestart|p1: biruleibe hahah|Spikes
|
|-heal|p2a: Ting-Lu|61/100|[from] item: Leftovers
|upkeep
|turn|12
|
|t:|1778510894
|switch|p2a: Torkoal|Torkoal, F|67/100
|-weather|SunnyDay|[from] ability: Drought|[of] p2a: Torkoal
|move|p1a: Landorus|Taunt|p2a: Torkoal
|-start|p2a: Torkoal|move: Taunt
|
|-weather|SunnyDay|[upkeep]
|upkeep
|turn|13
|
|t:|1778510907
|switch|p2a: Walking Wake|Walking Wake|100/100
|-activate|p2a: Walking Wake|ability: Protosynthesis
|-start|p2a: Walking Wake|protosynthesisspe
|move|p1a: Landorus|Stealth Rock|p2a: Walking Wake
|-sidestart|p2: ATOMIX467|move: Stealth Rock
|
|-weather|SunnyDay|[upkeep]
|upkeep
|turn|14
|
|t:|1778510930
|switch|p1a: Primarina|Primarina, F|82/100
|-damage|p1a: Primarina|57/100|[from] Spikes
|-terastallize|p2a: Walking Wake|Water
|move|p2a: Walking Wake|Hydro Steam|p1a: Primarina
|-resisted|p1a: Primarina
|-damage|p1a: Primarina|17/100
|
|-weather|SunnyDay|[upkeep]
|upkeep
|turn|15
|
|t:|1778510939
|move|p2a: Walking Wake|Hydro Steam|p1a: Primarina
|-resisted|p1a: Primarina
|-damage|p1a: Primarina|0 fnt
|faint|p1a: Primarina
|
|-weather|SunnyDay|[upkeep]
|upkeep
|inactive|biruleibe hahah has 120 seconds left.
|
|t:|1778510970
|switch|p1a: Weezing|Weezing-Galar, F|50/100
|-ability|p1a: Weezing|Neutralizing Gas
|turn|16
|inactive|biruleibe hahah has 120 seconds left.
|
|t:|1778510975
|-terastallize|p1a: Weezing|Grass
|move|p2a: Walking Wake|Hydro Steam|p1a: Weezing
|-resisted|p1a: Weezing
|-damage|p1a: Weezing|0 fnt
|faint|p1a: Weezing
|-end|p1a: Weezing|ability: Neutralizing Gas
|
|-weather|SunnyDay|[upkeep]
|upkeep
|inactive|biruleibe hahah has 120 seconds left.
|-message|biruleibe hahah forfeited.
|
|win|ATOMIX467
|raw|biruleibe hahah's rating: 1306 &rarr; <strong>1286</strong><br />(-20 for losing)
|raw|ATOMIX467's rating: 1305 &rarr; <strong>1325</strong><br />(+20 for winning)
|l|☆biruleibe hahah
|player|p1|
|l|☆ATOMIX467
|player|p2|
