|html|<div class="broadcast-blue"><strong>[Gen 9] OU is currently suspecting Tera Blast! For information on how to participate check out the <a href="https://www.smogon.com/tools/suspects/view/200">suspect thread</a>.</strong></div>
|j|☆MZDC5
|j|☆GODKUD
|t:|1776040674
|gametype|singles
|player|p1|MZDC5|steven|1337
|player|p2|GODKUD|ghetsis-gen5bw|1366
|gen|9
|tier|[Gen 9] OU
|rated|
|rule|HP Percentage Mod: HP is shown in percentages
|rule|Endless Battle Clause: Forcing endless battles is banned
|rule|Species Clause: Limit one of each Pokémon
|rule|OHKO Clause: OHKO moves are banned
|rule|Evasion Items Clause: Evasion items are banned
|rule|Evasion Moves Clause: Evasion moves are banned
|rule|Evasion Abilities Clause: Evasion abilities are banned
|rule|Sleep Moves Clause: Sleep-inducing moves are banned
|clearpoke
|poke|p1|Ribombee, F|
|poke|p1|Hydreigon, F|
|poke|p1|Primarina, M|
|poke|p1|Great Tusk|
|poke|p1|Heatran, F|
|poke|p1|Gliscor, M|
|poke|p2|Feraligatr, M|
|poke|p2|Conkeldurr, F|
|poke|p2|Rampardos, M|
|poke|p2|Haxorus, F|
|poke|p2|Deoxys-Speed|
|poke|p2|Tornadus-Therian, M|
|teampreview
|inactive|Battle timer is ON: inactive players will automatically lose when time's up. (requested by MZDC5)
|
|t:|1776040680
|teamsize|p1|6
|teamsize|p2|6
|start
|switch|p1a: Ribombee|Ribombee, F, shiny|100/100
|switch|p2a: Deoxys|Deoxys-Speed|100/100
|-ability|p2a: Deoxys|Pressure
|turn|1
|
|t:|1776040695
|move|p2a: Deoxys|Taunt|p1a: Ribombee
|-start|p1a: Ribombee|move: Taunt
|move|p1a: Ribombee|Moonblast|p2a: Deoxys
|-damage|p2a: Deoxys|50/100
|-unboost|p2a: Deoxys|spa|1
|
|upkeep
|turn|2
|
|t:|1776040702
|move|p2a: Deoxys|Light Screen|p2a: Deoxys
|-sidestart|p2: GODKUD|move: Light Screen
|move|p1a: Ribombee|Moonblast|p2a: Deoxys
|-damage|p2a: Deoxys|25/100
|-unboost|p2a: Deoxys|spa|1
|
|upkeep
|turn|3
|
|t:|1776040710
|switch|p1a: Gliscor|Gliscor, M|100/100
|move|p2a: Deoxys|Reflect|p2a: Deoxys
|-sidestart|p2: GODKUD|Reflect
|
|-status|p1a: Gliscor|tox|[from] item: Toxic Orb
|upkeep
|turn|4
|
|t:|1776040714
|move|p2a: Deoxys|Taunt|p1a: Gliscor
|-start|p1a: Gliscor|move: Taunt
|move|p1a: Gliscor|Earthquake|p2a: Deoxys
|-damage|p2a: Deoxys|5/100
|
|upkeep
|turn|5
|
|t:|1776040720
|move|p2a: Deoxys|Stealth Rock|p1a: Gliscor
|-sidestart|p1: MZDC5|move: Stealth Rock
|move|p1a: Gliscor|Earthquake|p2a: Deoxys
|-damage|p2a: Deoxys|0 fnt
|faint|p2a: Deoxys
|
|upkeep
|
|t:|1776040724
|switch|p2a: Feraligatr|Feraligatr, M|100/100
|turn|6
|
|t:|1776040729
|switch|p1a: Primarina|Primarina, M|100/100
|-damage|p1a: Primarina|88/100|[from] Stealth Rock
|move|p2a: Feraligatr|Dragon Dance|p2a: Feraligatr
|-boost|p2a: Feraligatr|atk|1
|-boost|p2a: Feraligatr|spe|1
|
|-heal|p1a: Primarina|94/100|[from] item: Leftovers
|upkeep
|turn|7
|
|t:|1776040734
|move|p2a: Feraligatr|Liquidation|p1a: Primarina
|-resisted|p1a: Primarina
|-crit|p1a: Primarina
|-damage|p1a: Primarina|31/100
|move|p1a: Primarina|Moonblast|p2a: Feraligatr
|-damage|p2a: Feraligatr|74/100
|
|-heal|p1a: Primarina|37/100|[from] item: Leftovers
|upkeep
|turn|8
|
|t:|1776040740
|move|p2a: Feraligatr|Liquidation|p1a: Primarina
|-resisted|p1a: Primarina
|-damage|p1a: Primarina|0 fnt
|faint|p1a: Primarina
|
|upkeep
|
|t:|1776040745
|switch|p1a: Great Tusk|Great Tusk|100/100
|turn|9
|
|t:|1776040754
|-terastallize|p1a: Great Tusk|Water
|move|p2a: Feraligatr|Liquidation|p1a: Great Tusk
|-resisted|p1a: Great Tusk
|-damage|p1a: Great Tusk|69/100
|move|p1a: Great Tusk|Rapid Spin|p2a: Feraligatr
|-damage|p2a: Feraligatr|66/100
|-boost|p1a: Great Tusk|spe|1
|-sideend|p1: MZDC5|Stealth Rock|[from] move: Rapid Spin|[of] p1a: Great Tusk
|
|-sideend|p2: GODKUD|move: Light Screen
|upkeep
|turn|10
|
|t:|1776040769
|move|p1a: Great Tusk|Headlong Rush|p2a: Feraligatr
|-damage|p2a: Feraligatr|36/100
|-unboost|p1a: Great Tusk|def|1
|-unboost|p1a: Great Tusk|spd|1
|move|p2a: Feraligatr|Dragon Dance|p2a: Feraligatr
|-boost|p2a: Feraligatr|atk|1
|-boost|p2a: Feraligatr|spe|1
|
|-sideend|p2: GODKUD|Reflect
|upkeep
|turn|11
|
|t:|1776040778
|move|p2a: Feraligatr|Crunch|p1a: Great Tusk
|-damage|p1a: Great Tusk|0 fnt
|faint|p1a: Great Tusk
|-end|p1a: Great Tusk|Protosynthesis|[silent]
|
|upkeep
|
|t:|1776040781
|switch|p1a: Ribombee|Ribombee, F, shiny|100/100
|turn|12
|
|t:|1776040787
|move|p2a: Feraligatr|Liquidation|p1a: Ribombee
|-crit|p1a: Ribombee
|-enditem|p1a: Ribombee|Focus Sash
|-damage|p1a: Ribombee|1/100
|move|p1a: Ribombee|Moonblast|p2a: Feraligatr
|-damage|p2a: Feraligatr|0 fnt
|faint|p2a: Feraligatr
|
|upkeep
|
|t:|1776040795
|switch|p2a: Conkeldurr|Conkeldurr, F|100/100
|turn|13
|
|t:|1776040798
|switch|p1a: Gliscor|Gliscor, M|100/100 tox
|move|p2a: Conkeldurr|Mach Punch|p1a: Gliscor
|-resisted|p1a: Gliscor
|-damage|p1a: Gliscor|91/100 tox
|
|-heal|p1a: Gliscor|100/100 tox|[from] ability: Poison Heal
|-status|p2a: Conkeldurr|brn|[from] item: Flame Orb
|upkeep
|turn|14
|
|t:|1776040803
|move|p1a: Gliscor|Earthquake|p2a: Conkeldurr
|-damage|p2a: Conkeldurr|69/100 brn
|move|p2a: Conkeldurr|Facade|p1a: Gliscor
|-damage|p1a: Gliscor|37/100 tox
|
|-heal|p1a: Gliscor|50/100 tox|[from] ability: Poison Heal
|-damage|p2a: Conkeldurr|63/100 brn|[from] brn
|upkeep
|turn|15
|
|t:|1776040809
|move|p1a: Gliscor|Protect|p1a: Gliscor
|-singleturn|p1a: Gliscor|Protect
|move|p2a: Conkeldurr|Facade|p1a: Gliscor
|-activate|p1a: Gliscor|move: Protect
|
|-heal|p1a: Gliscor|62/100 tox|[from] ability: Poison Heal
|-damage|p2a: Conkeldurr|57/100 brn|[from] brn
|upkeep
|turn|16
|
|t:|1776040814
|switch|p1a: Heatran|Heatran, F|100/100
|move|p2a: Conkeldurr|Facade|p1a: Heatran
|-resisted|p1a: Heatran
|-damage|p1a: Heatran|63/100
|
|-heal|p1a: Heatran|69/100|[from] item: Leftovers
|-damage|p2a: Conkeldurr|51/100 brn|[from] brn
|upkeep
|turn|17
|
|t:|1776040818
|move|p1a: Heatran|Magma Storm|p2a: Conkeldurr
|-damage|p2a: Conkeldurr|0 fnt
|faint|p2a: Conkeldurr
|
|-heal|p1a: Heatran|75/100|[from] item: Leftovers
|upkeep
|
|t:|1776040823
|switch|p2a: Rampardos|Rampardos, M|100/100
|-ability|p2a: Rampardos|Mold Breaker
|turn|18
|
|t:|1776040828
|move|p2a: Rampardos|Earthquake|p1a: Heatran
|-supereffective|p1a: Heatran
|-damage|p1a: Heatran|0 fnt
|faint|p1a: Heatran
|
|upkeep
|
|t:|1776040831
|switch|p1a: Gliscor|Gliscor, M|62/100 tox
|turn|19
|
|t:|1776040838
|-terastallize|p2a: Rampardos|Grass
|move|p1a: Gliscor|Protect|p1a: Gliscor
|-singleturn|p1a: Gliscor|Protect
|move|p2a: Rampardos|Trailblaze|p1a: Gliscor
|-activate|p1a: Gliscor|move: Protect
|
|-heal|p1a: Gliscor|75/100 tox|[from] ability: Poison Heal
|upkeep
|turn|20
|
|t:|1776040846
|move|p2a: Rampardos|Swords Dance|p2a: Rampardos
|-boost|p2a: Rampardos|atk|2
|move|p1a: Gliscor|Facade|p2a: Rampardos
|-damage|p2a: Rampardos|55/100
|
|-heal|p1a: Gliscor|87/100 tox|[from] ability: Poison Heal
|upkeep
|turn|21
|
|t:|1776040854
|move|p2a: Rampardos|Trailblaze|p1a: Gliscor
|-damage|p1a: Gliscor|33/100 tox
|-boost|p2a: Rampardos|spe|1
|move|p1a: Gliscor|Toxic|p2a: Rampardos
|-status|p2a: Rampardos|tox
|
|-damage|p2a: Rampardos|49/100 tox|[from] psn
|-heal|p1a: Gliscor|46/100 tox|[from] ability: Poison Heal
|upkeep
|turn|22
|
|t:|1776040861
|move|p1a: Gliscor|Protect|p1a: Gliscor
|-singleturn|p1a: Gliscor|Protect
|move|p2a: Rampardos|Trailblaze|p1a: Gliscor
|-activate|p1a: Gliscor|move: Protect
|
|-damage|p2a: Rampardos|38/100 tox|[from] psn
|-heal|p1a: Gliscor|58/100 tox|[from] ability: Poison Heal
|upkeep
|turn|23
|
|t:|1776040871
|move|p2a: Rampardos|Rock Slide|p1a: Gliscor
|-damage|p1a: Gliscor|0 fnt
|faint|p1a: Gliscor
|
|-damage|p2a: Rampardos|20/100 tox|[from] psn
|upkeep
|-enditem|p2a: Rampardos|Salac Berry|[eat]
|-boost|p2a: Rampardos|spe|1|[from] item: Salac Berry
|
|t:|1776040874
|switch|p1a: Ribombee|Ribombee, F, shiny|1/100
|turn|24
|
|t:|1776040878
|move|p2a: Rampardos|Trailblaze|p1a: Ribombee
|-resisted|p1a: Ribombee
|-damage|p1a: Ribombee|0 fnt
|-boost|p2a: Rampardos|spe|1
|faint|p1a: Ribombee
|
|-damage|p2a: Rampardos|0 fnt|[from] psn
|faint|p2a: Rampardos
|upkeep
|
|t:|1776040883
|switch|p1a: Hydreigon|Hydreigon, F, shiny|100/100
|switch|p2a: Tornadus|Tornadus-Therian, M|100/100
|turn|25
|
|t:|1776040887
|move|p2a: Tornadus|Bleakwind Storm|p1a: Hydreigon
|-damage|p1a: Hydreigon|35/100
|-damage|p2a: Tornadus|91/100|[from] item: Life Orb
|move|p1a: Hydreigon|Dark Pulse|p2a: Tornadus
|-damage|p2a: Tornadus|17/100
|
|upkeep
|turn|26
|
|t:|1776040892
|move|p2a: Tornadus|Bleakwind Storm|p1a: Hydreigon
|-damage|p1a: Hydreigon|0 fnt
|faint|p1a: Hydreigon
|-damage|p2a: Tornadus|7/100|[from] item: Life Orb
|
|win|GODKUD
|raw|MZDC5's rating: 1337 &rarr; <strong>1319</strong><br />(-18 for losing)
|raw|GODKUD's rating: 1366 &rarr; <strong>1384</strong><br />(+18 for winning)
|l|☆MZDC5
|player|p1|
|l|☆GODKUD
|player|p2|
