|html|<div class="broadcast-blue"><strong>[Gen 9] OU is currently suspecting Tera Blast! For information on how to participate check out the <a href="https://www.smogon.com/tools/suspects/view/200">suspect thread</a>.</strong></div>
|j|☆thebestsuperstar
|j|☆Davetron3030
|t:|1776295085
|gametype|singles
|player|p1|thebestsuperstar|2|1450
|player|p2|Davetron3030|dancer|1475
|gen|9
|tier|[Gen 9] OU
|rated|
|rule|HP Percentage Mod: HP is shown in percentages
|rule|Endless Battle Clause: Forcing endless battles is banned
|rule|Species Clause: Limit one of each Pokémon
|rule|OHKO Clause: OHKO moves are banned
|rule|Evasion Items Clause: Evasion items are banned
|rule|Evasion Moves Clause: Evasion moves are banned
|rule|Evasion Abilities Clause: Evasion abilities are banned
|rule|Sleep Moves Clause: Sleep-inducing moves are banned
|clearpoke
|poke|p1|Dragapult, F|
|poke|p1|Ceruledge, F|
|poke|p1|Hoopa-Unbound|
|poke|p1|Pecharunt|
|poke|p1|Great Tusk|
|poke|p1|Moltres-Galar|
|poke|p2|Darkrai|
|poke|p2|Great Tusk|
|poke|p2|Heatran, F|
|poke|p2|Kyurem|
|poke|p2|Primarina, F|
|poke|p2|Zamazenta-*|
|teampreview
|inactive|Battle timer is ON: inactive players will automatically lose when time's up. (requested by thebestsuperstar)
|
|t:|1776295097
|teamsize|p1|6
|teamsize|p2|6
|start
|switch|p1a: Great Tusk|Great Tusk|100/100
|switch|p2a: Primarina|Primarina, F|100/100
|-enditem|p1a: Great Tusk|Booster Energy
|-activate|p1a: Great Tusk|ability: Protosynthesis|[fromitem]
|-start|p1a: Great Tusk|protosynthesisatk
|turn|1
|
|t:|1776295107
|-terastallize|p1a: Great Tusk|Steel
|move|p1a: Great Tusk|Headlong Rush|p2a: Primarina
|-damage|p2a: Primarina|1/100
|-unboost|p1a: Great Tusk|def|1
|-unboost|p1a: Great Tusk|spd|1
|move|p2a: Primarina|Surf|p1a: Great Tusk
|-damage|p1a: Great Tusk|0 fnt
|faint|p1a: Great Tusk
|-end|p1a: Great Tusk|Protosynthesis|[silent]
|
|upkeep
|c|☆thebestsuperstar|fuck
|
|t:|1776295125
|switch|p1a: Ceruledge|Ceruledge, F|100/100
|turn|2
|
|t:|1776295134
|move|p1a: Ceruledge|Shadow Sneak|p2a: Primarina
|-damage|p2a: Primarina|0 fnt
|faint|p2a: Primarina
|
|upkeep
|
|t:|1776295143
|switch|p2a: Great Tusk|Great Tusk|100/100
|turn|3
|
|t:|1776295148
|move|p1a: Ceruledge|Swords Dance|p1a: Ceruledge
|-boost|p1a: Ceruledge|atk|2
|move|p2a: Great Tusk|Knock Off|p1a: Ceruledge
|-supereffective|p1a: Ceruledge
|-damage|p1a: Ceruledge|20/100
|-ability|p1a: Ceruledge|Weak Armor|boost
|-unboost|p1a: Ceruledge|def|1
|-boost|p1a: Ceruledge|spe|2
|-enditem|p1a: Ceruledge|Focus Sash|[from] move: Knock Off|[of] p2a: Great Tusk
|
|upkeep
|turn|4
|
|t:|1776295161
|move|p1a: Ceruledge|Poltergeist|p2a: Great Tusk
|-activate|p2a: Great Tusk|move: Poltergeist|Heavy-Duty Boots
|-damage|p2a: Great Tusk|29/100
|move|p2a: Great Tusk|Headlong Rush|p1a: Ceruledge
|-supereffective|p1a: Ceruledge
|-damage|p1a: Ceruledge|0 fnt
|-unboost|p2a: Great Tusk|def|1
|-unboost|p2a: Great Tusk|spd|1
|faint|p1a: Ceruledge
|
|upkeep
|
|t:|1776295167
|switch|p1a: Moltres|Moltres-Galar|100/100
|turn|5
|
|t:|1776295174
|-end|p2a: Great Tusk|Protosynthesis|[silent]
|switch|p2a: Heatran|Heatran, F|100/100
|move|p1a: Moltres|Agility|p1a: Moltres
|-boost|p1a: Moltres|spe|2
|
|upkeep
|turn|6
|
|t:|1776295181
|move|p1a: Moltres|Nasty Plot|p1a: Moltres
|-boost|p1a: Moltres|spa|2
|move|p2a: Heatran|Lava Plume|p1a: Moltres
|-crit|p1a: Moltres
|-damage|p1a: Moltres|53/100
|
|upkeep
|turn|7
|
|t:|1776295192
|move|p1a: Moltres|Nasty Plot|p1a: Moltres
|-boost|p1a: Moltres|spa|2
|move|p2a: Heatran|Lava Plume|p1a: Moltres
|-damage|p1a: Moltres|25/100
|-ability|p1a: Moltres|Berserk|boost
|-boost|p1a: Moltres|spa|1
|
|upkeep
|turn|8
|c|☆thebestsuperstar|i hate crit
|
|t:|1776295200
|move|p1a: Moltres|Fiery Wrath|p2a: Heatran
|-damage|p2a: Heatran|12/100
|move|p2a: Heatran|Lava Plume|p1a: Moltres
|-damage|p1a: Moltres|0 fnt
|faint|p1a: Moltres
|
|-heal|p2a: Heatran|18/100|[from] item: Leftovers
|upkeep
|
|t:|1776295213
|switch|p1a: Dragapult|Dragapult, F|100/100
|turn|9
|
|t:|1776295217
|move|p1a: Dragapult|Dragon Darts|p2a: Heatran
|-resisted|p2a: Heatran
|-damage|p2a: Heatran|2/100
|-anim|p1a: Dragapult|Dragon Darts|p2a: Heatran
|-resisted|p2a: Heatran
|-damage|p2a: Heatran|0 fnt
|faint|p2a: Heatran
|
|upkeep
|
|t:|1776295224
|switch|p2a: Darkrai|Darkrai|100/100
|turn|10
|
|t:|1776295228
|move|p2a: Darkrai|Dark Pulse|p1a: Dragapult
|-supereffective|p1a: Dragapult
|-damage|p1a: Dragapult|0 fnt
|faint|p1a: Dragapult
|
|upkeep
|
|t:|1776295231
|switch|p1a: Hoopa|Hoopa-Unbound|100/100
|turn|11
|
|t:|1776295236
|switch|p2a: Kyurem|Kyurem|100/100
|-ability|p2a: Kyurem|Pressure
|move|p1a: Hoopa|Focus Blast|p2a: Kyurem
|-supereffective|p2a: Kyurem
|-damage|p2a: Kyurem|0 fnt
|faint|p2a: Kyurem
|
|upkeep
|
|t:|1776295247
|switch|p2a: Great Tusk|Great Tusk|29/100
|turn|12
|
|t:|1776295252
|move|p2a: Great Tusk|Headlong Rush|p1a: Hoopa
|-crit|p1a: Hoopa
|-damage|p1a: Hoopa|0 fnt
|-unboost|p2a: Great Tusk|def|1
|-unboost|p2a: Great Tusk|spd|1
|faint|p1a: Hoopa
|
|upkeep
|n|!thebestsuperstar|thebestsuperstar
|-message|thebestsuperstar forfeited.
|
|win|Davetron3030
