|html|<div class="broadcast-blue"><strong>[Gen 9] OU is currently suspecting Tera Blast! For information on how to participate check out the <a href="https://www.smogon.com/tools/suspects/view/200">suspect thread</a>.</strong></div>
|j|☆SeasideWandering
|j|☆viutil
|t:|1776088759
|gametype|singles
|player|p1|SeasideWandering|marnie-masters3|1406
|player|p2|viutil|266|1445
|gen|9
|tier|[Gen 9] OU
|rated|
|rule|HP Percentage Mod: HP is shown in percentages
|rule|Endless Battle Clause: Forcing endless battles is banned
|rule|Species Clause: Limit one of each Pokémon
|rule|OHKO Clause: OHKO moves are banned
|rule|Evasion Items Clause: Evasion items are banned
|rule|Evasion Moves Clause: Evasion moves are banned
|rule|Evasion Abilities Clause: Evasion abilities are banned
|rule|Sleep Moves Clause: Sleep-inducing moves are banned
|clearpoke
|poke|p1|Tyranitar, F|
|poke|p1|Rillaboom, M|
|poke|p1|Toedscruel, F|
|poke|p1|Ceruledge, M|
|poke|p1|Pecharunt|
|poke|p1|Kyurem|
|poke|p2|Landorus-Therian, M|
|poke|p2|Great Tusk|
|poke|p2|Dragapult, M|
|poke|p2|Primarina, F|
|poke|p2|Tyranitar, F|
|poke|p2|Zapdos|
|teampreview
|inactive|Battle timer is ON: inactive players will automatically lose when time's up. (requested by viutil)
|
|t:|1776088776
|teamsize|p1|6
|teamsize|p2|6
|start
|switch|p1a: Kyurem|Kyurem|100/100
|switch|p2a: Landorus|Landorus-Therian, M|100/100
|-ability|p2a: Landorus|Intimidate|boost
|-unboost|p1a: Kyurem|atk|1
|-ability|p1a: Kyurem|Pressure
|turn|1
|
|t:|1776088789
|switch|p2a: Tyranitar|Tyranitar, F|100/100
|-weather|Sandstorm|[from] ability: Sand Stream|[of] p2a: Tyranitar
|move|p1a: Kyurem|Ice Beam|p2a: Tyranitar
|-damage|p2a: Tyranitar|72/100
|
|-weather|Sandstorm|[upkeep]
|-damage|p1a: Kyurem|94/100|[from] Sandstorm
|upkeep
|turn|2
|inactive|SeasideWandering has 120 seconds left.
|
|t:|1776088820
|switch|p1a: Toedscruel|Toedscruel, F|100/100
|move|p2a: Tyranitar|Knock Off|p1a: Toedscruel
|-damage|p1a: Toedscruel|0 fnt
|-enditem|p1a: Toedscruel|Heavy-Duty Boots|[from] move: Knock Off|[of] p2a: Tyranitar
|faint|p1a: Toedscruel
|
|-weather|Sandstorm|[upkeep]
|upkeep
|inactive|SeasideWandering has 120 seconds left.
|
|t:|1776088830
|switch|p1a: Tyranitar|Tyranitar, F|100/100
|turn|3
|inactive|SeasideWandering has 120 seconds left.
|
|t:|1776088846
|switch|p2a: Great Tusk|Great Tusk|100/100
|move|p1a: Tyranitar|Low Kick|p2a: Great Tusk
|-damage|p2a: Great Tusk|52/100
|-damage|p1a: Tyranitar|84/100|[from] item: Rocky Helmet|[of] p2a: Great Tusk
|
|-weather|Sandstorm|[upkeep]
|upkeep
|turn|4
|inactive|SeasideWandering has 120 seconds left.
|
|t:|1776088865
|switch|p1a: Rillaboom|Rillaboom, M|100/100
|-fieldstart|move: Grassy Terrain|[from] ability: Grassy Surge|[of] p1a: Rillaboom
|move|p2a: Great Tusk|Knock Off|p1a: Rillaboom
|-damage|p1a: Rillaboom|63/100
|-enditem|p1a: Rillaboom|Life Orb|[from] move: Knock Off|[of] p2a: Great Tusk
|
|-weather|Sandstorm|[upkeep]
|-damage|p1a: Rillaboom|57/100|[from] Sandstorm
|-heal|p2a: Great Tusk|58/100|[from] Grassy Terrain
|-heal|p1a: Rillaboom|63/100|[from] Grassy Terrain
|upkeep
|turn|5
|
|t:|1776088881
|-end|p2a: Great Tusk|Protosynthesis|[silent]
|switch|p2a: Zapdos|Zapdos|100/100
|-ability|p2a: Zapdos|Pressure
|move|p1a: Rillaboom|Swords Dance|p1a: Rillaboom
|-boost|p1a: Rillaboom|atk|2
|
|-weather|none
|-heal|p1a: Rillaboom|69/100|[from] Grassy Terrain
|upkeep
|turn|6
|
|t:|1776088889
|move|p1a: Rillaboom|Knock Off|p2a: Zapdos
|-damage|p2a: Zapdos|39/100
|-enditem|p2a: Zapdos|Heavy-Duty Boots|[from] move: Knock Off|[of] p1a: Rillaboom
|move|p2a: Zapdos|Thunder Wave|p1a: Rillaboom
|-status|p1a: Rillaboom|par
|
|-heal|p1a: Rillaboom|75/100 par|[from] Grassy Terrain
|upkeep
|turn|7
|
|t:|1776088897
|move|p1a: Rillaboom|Grassy Glide|p2a: Zapdos
|-resisted|p2a: Zapdos
|-crit|p2a: Zapdos
|-damage|p2a: Zapdos|0 fnt
|faint|p2a: Zapdos
|
|-heal|p1a: Rillaboom|81/100 par|[from] Grassy Terrain
|upkeep
|
|t:|1776088905
|switch|p2a: Landorus|Landorus-Therian, M|100/100
|-ability|p2a: Landorus|Intimidate|boost
|-unboost|p1a: Rillaboom|atk|1
|turn|8
|
|t:|1776088910
|move|p1a: Rillaboom|Grassy Glide|p2a: Landorus
|-crit|p2a: Landorus
|-damage|p2a: Landorus|7/100
|-damage|p1a: Rillaboom|65/100 par|[from] item: Rocky Helmet|[of] p2a: Landorus
|move|p2a: Landorus|U-turn|p1a: Rillaboom
|-supereffective|p1a: Rillaboom
|-damage|p1a: Rillaboom|2/100 par
|
|t:|1776088928
|switch|p2a: Tyranitar|Tyranitar, F|72/100|[from] U-turn
|-weather|Sandstorm|[from] ability: Sand Stream|[of] p2a: Tyranitar
|
|-weather|Sandstorm|[upkeep]
|-damage|p1a: Rillaboom|0 fnt|[from] Sandstorm
|faint|p1a: Rillaboom
|-heal|p2a: Tyranitar|78/100|[from] Grassy Terrain
|-fieldend|move: Grassy Terrain
|upkeep
|
|t:|1776088940
|switch|p1a: Tyranitar|Tyranitar, F|84/100
|turn|9
|
|t:|1776088952
|switch|p2a: Landorus|Landorus-Therian, M|7/100
|-ability|p2a: Landorus|Intimidate|boost
|-unboost|p1a: Tyranitar|atk|1
|-terastallize|p1a: Tyranitar|Flying
|move|p1a: Tyranitar|Low Kick|p2a: Landorus
|-resisted|p2a: Landorus
|-damage|p2a: Landorus|0 fnt
|-damage|p1a: Tyranitar|68/100|[from] item: Rocky Helmet|[of] p2a: Landorus
|faint|p2a: Landorus
|
|-weather|Sandstorm|[upkeep]
|-damage|p1a: Tyranitar|61/100|[from] Sandstorm
|upkeep
|
|t:|1776088977
|switch|p2a: Dragapult|Dragapult, M|100/100
|turn|10
|inactive|SeasideWandering has 120 seconds left.
|
|t:|1776089003
|switch|p1a: Kyurem|Kyurem|94/100
|-ability|p1a: Kyurem|Pressure
|move|p2a: Dragapult|Draco Meteor|p1a: Kyurem
|-supereffective|p1a: Kyurem
|-damage|p1a: Kyurem|0 fnt
|-unboost|p2a: Dragapult|spa|2
|faint|p1a: Kyurem
|
|-weather|Sandstorm|[upkeep]
|-damage|p2a: Dragapult|95/100|[from] Sandstorm
|upkeep
|inactive|SeasideWandering has 120 seconds left.
|
|t:|1776089017
|switch|p1a: Pecharunt|Pecharunt|100/100
|turn|11
|inactive|SeasideWandering has 120 seconds left.
|
|t:|1776089027
|switch|p2a: Tyranitar|Tyranitar, F|78/100
|move|p1a: Pecharunt|Nasty Plot|p1a: Pecharunt
|-boost|p1a: Pecharunt|spa|2
|
|-weather|Sandstorm|[upkeep]
|-damage|p1a: Pecharunt|94/100|[from] Sandstorm
|upkeep
|turn|12
|
|t:|1776089037
|move|p1a: Pecharunt|Malignant Chain|p2a: Tyranitar
|-resisted|p2a: Tyranitar
|-damage|p2a: Tyranitar|60/100
|move|p2a: Tyranitar|Knock Off|p1a: Pecharunt
|-supereffective|p1a: Pecharunt
|-damage|p1a: Pecharunt|0 fnt
|-enditem|p1a: Pecharunt|Covert Cloak|[from] move: Knock Off|[of] p2a: Tyranitar
|faint|p1a: Pecharunt
|
|-weather|none
|upkeep
|
|t:|1776089046
|switch|p1a: Tyranitar|Tyranitar, F, tera:Flying|61/100
|-weather|Sandstorm|[from] ability: Sand Stream|[of] p1a: Tyranitar
|turn|13
|
|t:|1776089061
|move|p1a: Tyranitar|Ice Punch|p2a: Tyranitar
|-damage|p2a: Tyranitar|27/100
|move|p2a: Tyranitar|Knock Off|p1a: Tyranitar
|-damage|p1a: Tyranitar|0 fnt
|-enditem|p1a: Tyranitar|Choice Band|[from] move: Knock Off|[of] p2a: Tyranitar
|faint|p1a: Tyranitar
|
|-weather|Sandstorm|[upkeep]
|upkeep
|inactive|SeasideWandering has 120 seconds left.
|-message|SeasideWandering forfeited.
|
|win|viutil
|raw|SeasideWandering's rating: 1406 &rarr; <strong>1388</strong><br />(-18 for losing)
|raw|viutil's rating: 1445 &rarr; <strong>1463</strong><br />(+18 for winning)
|l|☆SeasideWandering
|player|p1|
|l|☆viutil
|player|p2|
