|html|<div class="broadcast-blue"><strong>[Gen 9] OU is currently suspecting Tera Blast! For information on how to participate check out the <a href="https://www.smogon.com/tools/suspects/view/200">suspect thread</a>.</strong></div>
|j|☆ZenikheiL
|j|☆tora41414
|t:|1776275215
|gametype|singles
|player|p1|ZenikheiL|harlequin|1044
|player|p2|tora41414|psychic|1061
|gen|9
|tier|[Gen 9] OU
|rated|
|rule|HP Percentage Mod: HP is shown in percentages
|rule|Endless Battle Clause: Forcing endless battles is banned
|rule|Species Clause: Limit one of each Pokémon
|rule|OHKO Clause: OHKO moves are banned
|rule|Evasion Items Clause: Evasion items are banned
|rule|Evasion Moves Clause: Evasion moves are banned
|rule|Evasion Abilities Clause: Evasion abilities are banned
|rule|Sleep Moves Clause: Sleep-inducing moves are banned
|clearpoke
|poke|p1|Zoroark-Hisui, F|
|poke|p1|Ceruledge, M|
|poke|p1|Gliscor, F|
|poke|p1|Zangoose, F|
|poke|p1|Slither Wing|
|poke|p1|Ogerpon, F|
|poke|p2|Bronzong|
|poke|p2|Hatterene, F|
|poke|p2|Gallade, M|
|poke|p2|Ceruledge, M|
|poke|p2|Meowstic, M|
|poke|p2|Indeedee, M|
|teampreview
|
|t:|1776275241
|teamsize|p1|6
|teamsize|p2|6
|start
|switch|p1a: Zangoose|Zangoose, F, shiny|100/100
|switch|p2a: Meowstic|Meowstic, M|100/100
|turn|1
|
|t:|1776275246
|move|p2a: Meowstic|Thunder Wave|p1a: Zangoose
|-status|p1a: Zangoose|par
|cant|p1a: Zangoose|par
|
|upkeep
|turn|2
|
|t:|1776275251
|move|p2a: Meowstic|Reflect|p2a: Meowstic
|-sidestart|p2: tora41414|Reflect
|move|p1a: Zangoose|Knock Off|p2a: Meowstic
|-supereffective|p2a: Meowstic
|-damage|p2a: Meowstic|61/100
|-enditem|p2a: Meowstic|Light Clay|[from] move: Knock Off|[of] p1a: Zangoose
|
|upkeep
|turn|3
|
|t:|1776275266
|move|p2a: Meowstic|Expanding Force|p1a: Zangoose
|-damage|p1a: Zangoose|37/100 par
|move|p1a: Zangoose|Swords Dance|p1a: Zangoose
|-boost|p1a: Zangoose|atk|2
|
|upkeep
|turn|4
|
|t:|1776275273
|move|p2a: Meowstic|Expanding Force|p1a: Zangoose
|-damage|p1a: Zangoose|0 fnt
|faint|p1a: Zangoose
|
|upkeep
|
|t:|1776275290
|switch|p1a: Ceruledge|Ceruledge, M|100/100
|turn|5
|
|t:|1776275296
|move|p2a: Meowstic|Thunder Wave|p1a: Ceruledge
|-status|p1a: Ceruledge|par
|move|p1a: Ceruledge|Nasty Plot|p1a: Ceruledge
|-boost|p1a: Ceruledge|spa|2
|
|upkeep
|turn|6
|
|t:|1776275306
|move|p2a: Meowstic|Light Screen|p2a: Meowstic
|-sidestart|p2: tora41414|move: Light Screen
|cant|p1a: Ceruledge|par
|
|upkeep
|turn|7
|
|t:|1776275310
|move|p2a: Meowstic|Expanding Force|p1a: Ceruledge
|-damage|p1a: Ceruledge|25/100 par
|replace|p1a: Zoroark|Zoroark-Hisui, F, shiny
|-end|p1a: Zoroark|Illusion
|cant|p1a: Zoroark|par
|
|upkeep
|turn|8
|
|t:|1776275315
|move|p2a: Meowstic|Expanding Force|p1a: Zoroark
|-damage|p1a: Zoroark|0 fnt
|faint|p1a: Zoroark
|
|upkeep
|
|t:|1776275321
|switch|p1a: Slither Wing|Slither Wing, shiny|100/100
|turn|9
|
|t:|1776275325
|move|p1a: Slither Wing|First Impression|p2a: Meowstic
|-supereffective|p2a: Meowstic
|-damage|p2a: Meowstic|6/100
|move|p2a: Meowstic|Thunder Wave|p1a: Slither Wing
|-status|p1a: Slither Wing|par
|
|-sideend|p2: tora41414|Reflect
|upkeep
|turn|10
|
|t:|1776275330
|move|p2a: Meowstic|Expanding Force|p1a: Slither Wing
|-supereffective|p1a: Slither Wing
|-damage|p1a: Slither Wing|25/100 par
|cant|p1a: Slither Wing|par
|
|-sideend|p2: tora41414|move: Light Screen
|upkeep
|turn|11
|
|t:|1776275333
|move|p2a: Meowstic|Reflect|p2a: Meowstic
|-sidestart|p2: tora41414|Reflect
|move|p1a: Slither Wing|U-turn|p2a: Meowstic
|-supereffective|p2a: Meowstic
|-damage|p2a: Meowstic|0 fnt
|faint|p2a: Meowstic
|
|t:|1776275341
|-end|p1a: Slither Wing|Protosynthesis|[silent]
|switch|p1a: Ceruledge|Ceruledge, M|100/100|[from] U-turn
|
|upkeep
|
|t:|1776275350
|switch|p2a: Indeedee|Indeedee, M|100/100
|-fieldstart|move: Psychic Terrain|[from] ability: Psychic Surge|[of] p2a: Indeedee
|turn|12
|
|t:|1776275359
|move|p2a: Indeedee|Expanding Force|p1a: Ceruledge
|-damage|p1a: Ceruledge|12/100
|move|p1a: Ceruledge|Swords Dance|p1a: Ceruledge
|-boost|p1a: Ceruledge|atk|2
|
|upkeep
|turn|13
|
|t:|1776275363
|move|p2a: Indeedee|Expanding Force|p1a: Ceruledge
|-damage|p1a: Ceruledge|0 fnt
|faint|p1a: Ceruledge
|
|upkeep
|
|t:|1776275366
|switch|p1a: Slither Wing|Slither Wing, shiny|25/100 par
|turn|14
|
|t:|1776275370
|move|p2a: Indeedee|Expanding Force|p1a: Slither Wing
|-supereffective|p1a: Slither Wing
|-damage|p1a: Slither Wing|0 fnt
|faint|p1a: Slither Wing
|-end|p1a: Slither Wing|Protosynthesis|[silent]
|
|upkeep
|
|t:|1776275372
|switch|p1a: Ogerpon|Ogerpon, F|100/100
|turn|15
|
|t:|1776275377
|-terastallize|p1a: Ogerpon|Grass
|detailschange|p1a: Ogerpon|Ogerpon-Teal-Tera, F, tera:Grass
|-ability|p1a: Ogerpon|Embody Aspect (Teal)|boost
|-boost|p1a: Ogerpon|spe|1
|move|p1a: Ogerpon|Ivy Cudgel|p2a: Indeedee
|-crit|p2a: Indeedee
|-damage|p2a: Indeedee|0 fnt
|faint|p2a: Indeedee
|
|-sideend|p2: tora41414|Reflect
|upkeep
|c|☆tora41414|!dt Ivy Cudgel
|c|☆tora41414|/raw <ul class="utilichart"><li class="result"><span class="col movenamecol"><a href="https://dex.pokemonshowdown.com/moves/ivycudgel">Ivy Cudgel</a></span> <span class="col typecol"><img src="//play.pokemonshowdown.com/sprites/types/Grass.png" alt="Grass" width="32" height="14"><img src="//play.pokemonshowdown.com/sprites/categories/Physical.png" alt="Physical" width="32" height="14"></span> <span class="col labelcol"><em>Power</em><br>100</span> <span class="col widelabelcol"><em>Accuracy</em><br>100%</span> <span class="col pplabelcol"><em>PP</em><br>16</span> <span class="col movedesccol">High critical hit ratio. Type depends on user's form.</span> </li><li style="clear:both"></li></ul>
|c|☆tora41414|/raw <font size="1"><font color="#686868">Priority:</font> 0&nbsp;|&ThickSpace;<font color="#686868">Gen:</font> 9&nbsp;|&ThickSpace;<font color="#686868">Z-Power:</font> 180&nbsp;|&ThickSpace;<font color="#686868">Target:</font> One Adjacent Pokémon</font>

|
|t:|1776275393
|switch|p2a: Ceruledge|Ceruledge, M|100/100
|turn|16
|
|t:|1776275408
|switch|p1a: Gliscor|Gliscor, F|100/100
|move|p2a: Ceruledge|Bitter Blade|p1a: Gliscor
|-damage|p1a: Gliscor|66/100
|
|-status|p1a: Gliscor|tox|[from] item: Toxic Orb
|upkeep
|turn|17
|
|t:|1776275415
|-terastallize|p2a: Ceruledge|Psychic
|move|p2a: Ceruledge|Bulk Up|p2a: Ceruledge
|-boost|p2a: Ceruledge|atk|1
|-boost|p2a: Ceruledge|def|1
|move|p1a: Gliscor|Swords Dance|p1a: Gliscor
|-boost|p1a: Gliscor|atk|2
|
|-heal|p1a: Gliscor|79/100 tox|[from] ability: Poison Heal
|upkeep
|turn|18
|
|t:|1776275424
|move|p2a: Ceruledge|Bulk Up|p2a: Ceruledge
|-boost|p2a: Ceruledge|atk|1
|-boost|p2a: Ceruledge|def|1
|move|p1a: Gliscor|Knock Off|p2a: Ceruledge
|-supereffective|p2a: Ceruledge
|-damage|p2a: Ceruledge|46/100
|-ability|p2a: Ceruledge|Weak Armor|boost
|-unboost|p2a: Ceruledge|def|1
|-boost|p2a: Ceruledge|spe|2
|-enditem|p2a: Ceruledge|Heavy-Duty Boots|[from] move: Knock Off|[of] p1a: Gliscor
|
|-heal|p1a: Gliscor|91/100 tox|[from] ability: Poison Heal
|upkeep
|turn|19
|
|t:|1776275431
|move|p2a: Ceruledge|Psycho Cut|p1a: Gliscor
|-damage|p1a: Gliscor|22/100 tox
|move|p1a: Gliscor|Knock Off|p2a: Ceruledge
|-supereffective|p2a: Ceruledge
|-damage|p2a: Ceruledge|0 fnt
|faint|p2a: Ceruledge
|
|-heal|p1a: Gliscor|35/100 tox|[from] ability: Poison Heal
|-fieldend|move: Psychic Terrain
|upkeep
|
|t:|1776275446
|switch|p2a: Hatterene|Hatterene, F|100/100
|turn|20
|
|t:|1776275459
|move|p1a: Gliscor|Knock Off|p2a: Hatterene
|-damage|p2a: Hatterene|50/100
|-enditem|p2a: Hatterene|Leftovers|[from] move: Knock Off|[of] p1a: Gliscor
|move|p2a: Hatterene|Psychic|p1a: Gliscor
|-damage|p1a: Gliscor|0 fnt
|faint|p1a: Gliscor
|
|upkeep
|
|t:|1776275461
|switch|p1a: Ogerpon|Ogerpon-Teal-Tera, F, tera:Grass|100/100
|-ability|p1a: Ogerpon|Embody Aspect (Teal)|boost
|-boost|p1a: Ogerpon|spe|1
|turn|21
|
|t:|1776275472
|move|p1a: Ogerpon|Ivy Cudgel|p2a: Hatterene
|-damage|p2a: Hatterene|0 fnt
|faint|p2a: Hatterene
|
|upkeep
|
|t:|1776275477
|switch|p2a: Gallade|Gallade, M|100/100
|turn|22
|
|t:|1776275492
|move|p1a: Ogerpon|Ivy Cudgel|p2a: Gallade
|-damage|p2a: Gallade|0 fnt
|faint|p2a: Gallade
|
|upkeep
|
|t:|1776275497
|switch|p2a: Bronzong|Bronzong|100/100
|turn|23
|
|t:|1776275503
|move|p1a: Ogerpon|Ivy Cudgel|p2a: Bronzong
|-resisted|p2a: Bronzong
|-crit|p2a: Bronzong
|-damage|p2a: Bronzong|39/100
|move|p2a: Bronzong|Iron Defense|p2a: Bronzong
|-boost|p2a: Bronzong|def|2
|
|-heal|p2a: Bronzong|45/100|[from] item: Leftovers
|upkeep
|turn|24
|
|t:|1776275505
|move|p1a: Ogerpon|Ivy Cudgel|p2a: Bronzong
|-resisted|p2a: Bronzong
|-crit|p2a: Bronzong
|-damage|p2a: Bronzong|0 fnt
|faint|p2a: Bronzong
|
|win|ZenikheiL
|raw|ZenikheiL's rating: 1044 &rarr; <strong>1079</strong><br />(+35 for winning)
|raw|tora41414's rating: 1061 &rarr; <strong>1041</strong><br />(-20 for losing)
|l|☆tora41414
|player|p2|
