|html|<div class="broadcast-blue"><strong>[Gen 9] OU is currently suspecting Volcarona! For information on how to participate check out the <a href="https://www.smogon.com/tools/suspects/view/208">suspect thread</a>.</strong></div>
|j|☆BaiVic
|j|☆JustMatMan
|t:|1778500749
|gametype|singles
|player|p1|BaiVic|2|1415
|player|p2|JustMatMan|cheren|1397
|gen|9
|tier|[Gen 9] OU
|rated|
|rule|HP Percentage Mod: HP is shown in percentages
|rule|Endless Battle Clause: Forcing endless battles is banned
|rule|Species Clause: Limit one of each Pokémon
|rule|OHKO Clause: OHKO moves are banned
|rule|Evasion Items Clause: Evasion items are banned
|rule|Evasion Moves Clause: Evasion moves are banned
|rule|Evasion Abilities Clause: Evasion abilities are banned
|rule|Sleep Moves Clause: Sleep-inducing moves are banned
|clearpoke
|poke|p1|Meowscarada, F|
|poke|p1|Keldeo|
|poke|p1|Zapdos|
|poke|p1|Great Tusk|
|poke|p1|Heatran, F|
|poke|p1|Slowking-Galar, M|
|poke|p2|Pelipper, F|
|poke|p2|Manaphy|
|poke|p2|Kingdra, M|
|poke|p2|Barraskewda, M|
|poke|p2|Gastrodon-East, F|
|poke|p2|Azumarill, M|
|teampreview
|
|t:|1778500765
|teamsize|p1|6
|teamsize|p2|6
|start
|switch|p1a: Zapdos|Zapdos|100/100
|switch|p2a: Pelipper|Pelipper, F|100/100
|-weather|RainDance|[from] ability: Drizzle|[of] p2a: Pelipper
|turn|1
|
|t:|1778500773
|switch|p2a: Gastrodon|Gastrodon-East, F|100/100
|move|p1a: Zapdos|Hurricane|p2a: Gastrodon
|-damage|p2a: Gastrodon|71/100
|
|-weather|RainDance|[upkeep]
|upkeep
|turn|2
|
|t:|1778500789
|move|p1a: Zapdos|U-turn|p2a: Gastrodon
|-damage|p2a: Gastrodon|57/100
|-damage|p1a: Zapdos|84/100|[from] item: Rocky Helmet|[of] p2a: Gastrodon
|
|t:|1778500801
|switch|p1a: Slowking|Slowking-Galar, M|100/100|[from] U-turn
|move|p2a: Gastrodon|Recover|p2a: Gastrodon
|-heal|p2a: Gastrodon|100/100
|
|-weather|RainDance|[upkeep]
|upkeep
|turn|3
|
|t:|1778500808
|move|p2a: Gastrodon|Earthquake|p1a: Slowking
|-supereffective|p1a: Slowking
|-damage|p1a: Slowking|40/100
|move|p1a: Slowking|Future Sight|p2a: Gastrodon
|-start|p1a: Slowking|move: Future Sight
|
|-weather|RainDance|[upkeep]
|upkeep
|turn|4
|
|t:|1778500833
|switch|p1a: Zapdos|Zapdos|84/100
|move|p2a: Gastrodon|Ice Beam|p1a: Zapdos
|-supereffective|p1a: Zapdos
|-damage|p1a: Zapdos|49/100
|
|-weather|RainDance|[upkeep]
|upkeep
|turn|5
|
|t:|1778500851
|move|p1a: Zapdos|Roost|p1a: Zapdos
|-heal|p1a: Zapdos|99/100
|-singleturn|p1a: Zapdos|move: Roost
|move|p2a: Gastrodon|Recover||[still]
|-fail|p2a: Gastrodon|heal
|
|-weather|RainDance|[upkeep]
|-end|p2a: Gastrodon|move: Future Sight
|-damage|p2a: Gastrodon|70/100
|upkeep
|turn|6
|
|t:|1778500863
|move|p1a: Zapdos|U-turn|p2a: Gastrodon
|-damage|p2a: Gastrodon|55/100
|-damage|p1a: Zapdos|82/100|[from] item: Rocky Helmet|[of] p2a: Gastrodon
|
|t:|1778500866
|switch|p1a: Meowscarada|Meowscarada, F|100/100|[from] U-turn
|move|p2a: Gastrodon|Ice Beam|p1a: Meowscarada
|-supereffective|p1a: Meowscarada
|-damage|p1a: Meowscarada|42/100
|
|-weather|RainDance|[upkeep]
|upkeep
|turn|7
|
|t:|1778500885
|switch|p2a: Kingdra|Kingdra, M|100/100
|move|p1a: Meowscarada|Flower Trick|p2a: Kingdra
|-start|p1a: Meowscarada|typechange|Grass|[from] ability: Protean
|-crit|p2a: Kingdra
|-damage|p2a: Kingdra|37/100
|
|-weather|RainDance|[upkeep]
|upkeep
|turn|8
|
|t:|1778500914
|switch|p1a: Slowking|Slowking-Galar, M|73/100
|move|p2a: Kingdra|Draco Meteor|p1a: Slowking
|-damage|p1a: Slowking|18/100
|-unboost|p2a: Kingdra|spa|2
|
|-weather|none
|upkeep
|turn|9
|
|t:|1778500924
|switch|p1a: Zapdos|Zapdos|82/100
|move|p2a: Kingdra|Draco Meteor|p1a: Zapdos
|-damage|p1a: Zapdos|38/100
|-unboost|p2a: Kingdra|spa|2
|
|upkeep
|turn|10
|
|t:|1778500931
|switch|p2a: Pelipper|Pelipper, F|100/100
|-weather|RainDance|[from] ability: Drizzle|[of] p2a: Pelipper
|move|p1a: Zapdos|Roost|p1a: Zapdos
|-heal|p1a: Zapdos|88/100
|-singleturn|p1a: Zapdos|move: Roost
|
|-weather|RainDance|[upkeep]
|upkeep
|turn|11
|
|t:|1778500945
|switch|p2a: Gastrodon|Gastrodon-East, F|55/100
|move|p1a: Zapdos|Hurricane|p2a: Gastrodon
|-damage|p2a: Gastrodon|26/100
|
|-weather|RainDance|[upkeep]
|upkeep
|turn|12
|
|t:|1778500952
|move|p1a: Zapdos|Hurricane|p2a: Gastrodon
|-damage|p2a: Gastrodon|0 fnt
|faint|p2a: Gastrodon
|
|-weather|RainDance|[upkeep]
|upkeep
|
|t:|1778500970
|switch|p2a: Kingdra|Kingdra, M|37/100
|turn|13
|
|t:|1778500979
|switch|p1a: Slowking|Slowking-Galar, M|51/100
|move|p2a: Kingdra|Surf|p1a: Slowking
|-damage|p1a: Slowking|0 fnt
|faint|p1a: Slowking
|
|-weather|RainDance|[upkeep]
|upkeep
|
|t:|1778500998
|switch|p1a: Heatran|Heatran, F|100/100
|turn|14
|
|t:|1778501011
|-terastallize|p1a: Heatran|Grass
|move|p2a: Kingdra|Surf|p1a: Heatran
|-resisted|p1a: Heatran
|-damage|p1a: Heatran|69/100
|move|p1a: Heatran|Stealth Rock|p2a: Kingdra
|-sidestart|p2: JustMatMan|move: Stealth Rock
|
|-weather|RainDance|[upkeep]
|-heal|p1a: Heatran|76/100|[from] item: Leftovers
|upkeep
|turn|15
|
|t:|1778501033
|switch|p2a: Azumarill|Azumarill, M|100/100
|-damage|p2a: Azumarill|88/100|[from] Stealth Rock
|move|p1a: Heatran|Earth Power|p2a: Azumarill
|-damage|p2a: Azumarill|55/100
|
|-weather|RainDance|[upkeep]
|-heal|p1a: Heatran|82/100|[from] item: Leftovers
|upkeep
|turn|16
|
|t:|1778501044
|switch|p1a: Zapdos|Zapdos|88/100
|move|p2a: Azumarill|Belly Drum|p2a: Azumarill
|-damage|p2a: Azumarill|5/100
|-setboost|p2a: Azumarill|atk|6|[from] move: Belly Drum
|-enditem|p2a: Azumarill|Sitrus Berry|[eat]
|-heal|p2a: Azumarill|30/100|[from] item: Sitrus Berry
|
|-weather|RainDance|[upkeep]
|upkeep
|turn|17
|
|t:|1778501053
|move|p2a: Azumarill|Aqua Jet|p1a: Zapdos
|-damage|p1a: Zapdos|0 fnt
|faint|p1a: Zapdos
|
|-weather|none
|upkeep
|
|t:|1778501064
|switch|p1a: Keldeo|Keldeo|100/100
|turn|18
|
|t:|1778501070
|move|p2a: Azumarill|Aqua Jet|p1a: Keldeo
|-resisted|p1a: Keldeo
|-damage|p1a: Keldeo|37/100
|move|p1a: Keldeo|Surf|p2a: Azumarill
|-resisted|p2a: Azumarill
|-damage|p2a: Azumarill|3/100
|
|-heal|p1a: Keldeo|44/100|[from] item: Leftovers
|upkeep
|turn|19
|
|t:|1778501079
|move|p2a: Azumarill|Aqua Jet|p1a: Keldeo
|-resisted|p1a: Keldeo
|-damage|p1a: Keldeo|0 fnt
|faint|p1a: Keldeo
|
|upkeep
|
|t:|1778501083
|switch|p1a: Heatran|Heatran, F, tera:Grass|82/100
|turn|20
|
|t:|1778501088
|move|p1a: Heatran|Earth Power|p2a: Azumarill
|-damage|p2a: Azumarill|0 fnt
|faint|p2a: Azumarill
|
|-heal|p1a: Heatran|88/100|[from] item: Leftovers
|upkeep
|
|t:|1778501094
|switch|p2a: Pelipper|Pelipper, F|100/100
|-damage|p2a: Pelipper|75/100|[from] Stealth Rock
|-weather|RainDance|[from] ability: Drizzle|[of] p2a: Pelipper
|turn|21
|
|t:|1778501110
|switch|p1a: Great Tusk|Great Tusk|100/100
|move|p2a: Pelipper|Hurricane|p1a: Great Tusk
|-supereffective|p1a: Great Tusk
|-damage|p1a: Great Tusk|0 fnt
|faint|p1a: Great Tusk
|-end|p1a: Great Tusk|Protosynthesis|[silent]
|
|-weather|RainDance|[upkeep]
|upkeep
|
|t:|1778501115
|switch|p1a: Meowscarada|Meowscarada, F|42/100
|turn|22
|
|t:|1778501124
|move|p1a: Meowscarada|Knock Off|p2a: Pelipper
|-start|p1a: Meowscarada|typechange|Dark|[from] ability: Protean
|-damage|p2a: Pelipper|33/100
|-enditem|p2a: Pelipper|Damp Rock|[from] move: Knock Off|[of] p1a: Meowscarada
|move|p2a: Pelipper|U-turn|p1a: Meowscarada
|-supereffective|p1a: Meowscarada
|-damage|p1a: Meowscarada|10/100
|
|t:|1778501134
|switch|p2a: Barraskewda|Barraskewda, M|100/100|[from] U-turn
|-damage|p2a: Barraskewda|88/100|[from] Stealth Rock
|
|-weather|RainDance|[upkeep]
|upkeep
|turn|23
|
|t:|1778501140
|switch|p1a: Heatran|Heatran, F, tera:Grass|88/100
|move|p2a: Barraskewda|Poison Jab|p1a: Heatran
|-supereffective|p1a: Heatran
|-damage|p1a: Heatran|19/100
|
|-weather|RainDance|[upkeep]
|-heal|p1a: Heatran|25/100|[from] item: Leftovers
|upkeep
|turn|24
|-message|BaiVic forfeited.
|
|win|JustMatMan
|raw|BaiVic's rating: 1415 &rarr; <strong>1394</strong><br />(-21 for losing)
|raw|JustMatMan's rating: 1397 &rarr; <strong>1418</strong><br />(+21 for winning)
|l|☆BaiVic
|player|p1|
