|html|<div class="broadcast-blue"><strong>[Gen 9] OU is currently suspecting Tera Blast! For information on how to participate check out the <a href="https://www.smogon.com/tools/suspects/view/200">suspect thread</a>.</strong></div>
|j|☆f4br0x
|j|‽Elekid95
|t:|1776297589
|gametype|singles
|player|p1|f4br0x|2|1336
|player|p2|Elekid95|rosa-masters|1344
|gen|9
|tier|[Gen 9] OU
|rated|
|rule|HP Percentage Mod: HP is shown in percentages
|rule|Endless Battle Clause: Forcing endless battles is banned
|rule|Species Clause: Limit one of each Pokémon
|rule|OHKO Clause: OHKO moves are banned
|rule|Evasion Items Clause: Evasion items are banned
|rule|Evasion Moves Clause: Evasion moves are banned
|rule|Evasion Abilities Clause: Evasion abilities are banned
|rule|Sleep Moves Clause: Sleep-inducing moves are banned
|clearpoke
|poke|p1|Meowscarada, M|
|poke|p1|Kingambit, M|
|poke|p1|Conkeldurr, M|
|poke|p1|Rotom-Heat|
|poke|p1|Toxapex, M|
|poke|p1|Gliscor, M|
|poke|p2|Thundurus-Therian, M|
|poke|p2|Meowscarada, F|
|poke|p2|Hatterene, F|
|poke|p2|Great Tusk|
|poke|p2|Toxapex, F|
|poke|p2|Slither Wing|
|teampreview
|inactive|Battle timer is ON: inactive players will automatically lose when time's up. (requested by Elekid95)
|
|t:|1776297595
|teamsize|p1|6
|teamsize|p2|6
|start
|switch|p1a: Gliscor|Gliscor, M, shiny|100/100
|switch|p2a: Great Tusk|Great Tusk, shiny|100/100
|turn|1
|
|t:|1776297603
|move|p1a: Gliscor|Protect|p1a: Gliscor
|-singleturn|p1a: Gliscor|Protect
|move|p2a: Great Tusk|Stealth Rock|p1a: Gliscor
|-sidestart|p1: f4br0x|move: Stealth Rock
|
|-status|p1a: Gliscor|tox|[from] item: Toxic Orb
|upkeep
|turn|2
|
|t:|1776297608
|move|p2a: Great Tusk|Rapid Spin|p1a: Gliscor
|-damage|p1a: Gliscor|91/100 tox
|-boost|p2a: Great Tusk|spe|1
|move|p1a: Gliscor|Toxic|p2a: Great Tusk
|-status|p2a: Great Tusk|tox
|
|-damage|p2a: Great Tusk|94/100 tox|[from] psn
|-heal|p1a: Gliscor|100/100 tox|[from] ability: Poison Heal
|upkeep
|turn|3
|
|t:|1776297613
|move|p2a: Great Tusk|Ice Spinner|p1a: Gliscor
|-supereffective|p1a: Gliscor
|-damage|p1a: Gliscor|45/100 tox
|move|p1a: Gliscor|Knock Off|p2a: Great Tusk
|-resisted|p2a: Great Tusk
|-damage|p2a: Great Tusk|88/100 tox
|-damage|p1a: Gliscor|28/100 tox|[from] item: Rocky Helmet|[of] p2a: Great Tusk
|-enditem|p2a: Great Tusk|Rocky Helmet|[from] move: Knock Off|[of] p1a: Gliscor
|
|-damage|p2a: Great Tusk|75/100 tox|[from] psn
|-heal|p1a: Gliscor|41/100 tox|[from] ability: Poison Heal
|upkeep
|turn|4
|
|t:|1776297618
|move|p1a: Gliscor|Protect|p1a: Gliscor
|-singleturn|p1a: Gliscor|Protect
|move|p2a: Great Tusk|Ice Spinner|p1a: Gliscor
|-activate|p1a: Gliscor|move: Protect
|
|-damage|p2a: Great Tusk|57/100 tox|[from] psn
|-heal|p1a: Gliscor|53/100 tox|[from] ability: Poison Heal
|upkeep
|turn|5
|
|t:|1776297621
|switch|p1a: Toxapex|Toxapex, M, shiny|100/100
|-damage|p1a: Toxapex|88/100|[from] Stealth Rock
|move|p2a: Great Tusk|Ice Spinner|p1a: Toxapex
|-resisted|p1a: Toxapex
|-damage|p1a: Toxapex|79/100
|
|-heal|p1a: Toxapex|85/100|[from] item: Black Sludge
|-damage|p2a: Great Tusk|32/100 tox|[from] psn
|upkeep
|turn|6
|
|t:|1776297625
|move|p1a: Toxapex|Baneful Bunker|p1a: Toxapex
|-singleturn|p1a: Toxapex|move: Protect
|move|p2a: Great Tusk|Headlong Rush|p1a: Toxapex
|-activate|p1a: Toxapex|move: Protect
|
|-heal|p1a: Toxapex|92/100|[from] item: Black Sludge
|-damage|p2a: Great Tusk|0 fnt|[from] psn
|faint|p2a: Great Tusk
|-end|p2a: Great Tusk|Protosynthesis|[silent]
|upkeep
|
|t:|1776297632
|switch|p2a: Thundurus|Thundurus-Therian, M|100/100
|turn|7
|
|t:|1776297644
|move|p2a: Thundurus|Knock Off|p1a: Toxapex
|-damage|p1a: Toxapex|75/100
|-enditem|p1a: Toxapex|Black Sludge|[from] move: Knock Off|[of] p2a: Thundurus
|move|p1a: Toxapex|Ice Beam|p2a: Thundurus
|-supereffective|p2a: Thundurus
|-damage|p2a: Thundurus|50/100
|
|upkeep
|turn|8
|
|t:|1776297649
|switch|p2a: Toxapex|Toxapex, F, shiny|100/100
|move|p1a: Toxapex|Baneful Bunker||[still]
|-fail|p1a: Toxapex
|
|upkeep
|turn|9
|
|t:|1776297655
|switch|p1a: Rotom|Rotom-Heat, shiny|100/100
|-damage|p1a: Rotom|76/100|[from] Stealth Rock
|move|p2a: Toxapex|Infestation|p1a: Rotom
|-resisted|p1a: Rotom
|-damage|p1a: Rotom|73/100
|-activate|p1a: Rotom|move: Infestation|[of] p2a: Toxapex
|
|-damage|p1a: Rotom|60/100|[from] move: Infestation|[partiallytrapped]
|-damage|p1a: Rotom|48/100|[from] item: Sticky Barb
|upkeep
|turn|10
|
|t:|1776297661
|move|p1a: Rotom|Thunderbolt|p2a: Toxapex
|-supereffective|p2a: Toxapex
|-damage|p2a: Toxapex|57/100
|-status|p2a: Toxapex|par
|move|p2a: Toxapex|Surf|p1a: Rotom
|-supereffective|p1a: Rotom
|-damage|p1a: Rotom|0 fnt
|faint|p1a: Rotom
|
|upkeep
|
|t:|1776297665
|switch|p1a: Conkeldurr|Conkeldurr, M, shiny|100/100
|-damage|p1a: Conkeldurr|94/100|[from] Stealth Rock
|turn|11
|
|t:|1776297673
|move|p1a: Conkeldurr|Ice Punch|p2a: Toxapex
|-resisted|p2a: Toxapex
|-damage|p2a: Toxapex|45/100 par
|move|p2a: Toxapex|Acid Spray|p1a: Conkeldurr
|-damage|p1a: Conkeldurr|80/100
|-unboost|p1a: Conkeldurr|spd|2
|
|-status|p1a: Conkeldurr|brn|[from] item: Flame Orb
|upkeep
|turn|12
|
|t:|1776297681
|move|p1a: Conkeldurr|Earthquake|p2a: Toxapex
|-supereffective|p2a: Toxapex
|-damage|p2a: Toxapex|0 fnt
|faint|p2a: Toxapex
|
|-damage|p1a: Conkeldurr|74/100 brn|[from] brn
|upkeep
|
|t:|1776297684
|switch|p2a: Thundurus|Thundurus-Therian, M|50/100
|turn|13
|
|t:|1776297689
|move|p2a: Thundurus|Volt Switch|p1a: Conkeldurr
|-damage|p1a: Conkeldurr|0 fnt
|faint|p1a: Conkeldurr
|
|t:|1776297696
|switch|p2a: Slither Wing|Slither Wing, shiny|100/100|[from] Volt Switch
|
|upkeep
|
|t:|1776297702
|switch|p1a: Meowscarada|Meowscarada, M, shiny|100/100
|-damage|p1a: Meowscarada|88/100|[from] Stealth Rock
|turn|14
|
|t:|1776297706
|move|p2a: Slither Wing|First Impression|p1a: Meowscarada
|-supereffective|p1a: Meowscarada
|-damage|p1a: Meowscarada|0 fnt
|faint|p1a: Meowscarada
|
|upkeep
|
|t:|1776297709
|switch|p1a: Gliscor|Gliscor, M, shiny|53/100 tox
|-damage|p1a: Gliscor|41/100 tox|[from] Stealth Rock
|turn|15
|
|t:|1776297714
|move|p1a: Gliscor|Protect|p1a: Gliscor
|-singleturn|p1a: Gliscor|Protect
|move|p2a: Slither Wing|U-turn|p1a: Gliscor
|-activate|p1a: Gliscor|move: Protect
|
|-heal|p1a: Gliscor|53/100 tox|[from] ability: Poison Heal
|upkeep
|turn|16
|
|t:|1776297718
|move|p2a: Slither Wing|U-turn|p1a: Gliscor
|-resisted|p1a: Gliscor
|-damage|p1a: Gliscor|41/100 tox
|
|t:|1776297721
|-end|p2a: Slither Wing|Protosynthesis|[silent]
|switch|p2a: Hatterene|Hatterene, F, shiny|100/100|[from] U-turn
|move|p1a: Gliscor|Toxic|p2a: Hatterene
|move|p2a: Hatterene|Toxic|p1a: Gliscor|[from] ability: Magic Bounce
|-fail|p1a: Gliscor|tox
|
|-heal|p1a: Gliscor|54/100 tox|[from] ability: Poison Heal
|upkeep
|turn|17
|
|t:|1776297726
|move|p1a: Gliscor|Knock Off|p2a: Hatterene
|-damage|p2a: Hatterene|84/100
|-enditem|p2a: Hatterene|Leftovers|[from] move: Knock Off|[of] p1a: Gliscor
|move|p2a: Hatterene|Calm Mind|p2a: Hatterene
|-boost|p2a: Hatterene|spa|1
|-boost|p2a: Hatterene|spd|1
|
|-heal|p1a: Gliscor|66/100 tox|[from] ability: Poison Heal
|upkeep
|turn|18
|
|t:|1776297729
|move|p1a: Gliscor|Earthquake|p2a: Hatterene
|-damage|p2a: Hatterene|58/100
|move|p2a: Hatterene|Calm Mind|p2a: Hatterene
|-boost|p2a: Hatterene|spa|1
|-boost|p2a: Hatterene|spd|1
|
|-heal|p1a: Gliscor|78/100 tox|[from] ability: Poison Heal
|upkeep
|turn|19
|
|t:|1776297733
|move|p1a: Gliscor|Earthquake|p2a: Hatterene
|-damage|p2a: Hatterene|32/100
|move|p2a: Hatterene|Draining Kiss|p1a: Gliscor
|-damage|p1a: Gliscor|28/100 tox
|-heal|p2a: Hatterene|74/100|[from] drain|[of] p1a: Gliscor
|
|-heal|p1a: Gliscor|41/100 tox|[from] ability: Poison Heal
|upkeep
|turn|20
|
|t:|1776297737
|move|p1a: Gliscor|Protect|p1a: Gliscor
|-singleturn|p1a: Gliscor|Protect
|move|p2a: Hatterene|Psychic Noise|p1a: Gliscor
|-activate|p1a: Gliscor|move: Protect
|
|-heal|p1a: Gliscor|53/100 tox|[from] ability: Poison Heal
|upkeep
|turn|21
|
|t:|1776297741
|switch|p1a: Toxapex|Toxapex, M, shiny|100/100
|-damage|p1a: Toxapex|88/100|[from] Stealth Rock
|move|p2a: Hatterene|Psychic Noise|p1a: Toxapex
|-supereffective|p1a: Toxapex
|-damage|p1a: Toxapex|0 fnt
|faint|p1a: Toxapex
|
|upkeep
|
|t:|1776297747
|switch|p1a: Kingambit|Kingambit, M, shiny|100/100
|-damage|p1a: Kingambit|94/100|[from] Stealth Rock
|-activate|p1a: Kingambit|ability: Supreme Overlord
|-start|p1a: Kingambit|fallen4|[silent]
|turn|22
|
|t:|1776297750
|move|p1a: Kingambit|Kowtow Cleave|p2a: Hatterene
|-damage|p2a: Hatterene|15/100
|move|p2a: Hatterene|Nuzzle|p1a: Kingambit
|-damage|p1a: Kingambit|91/100
|-status|p1a: Kingambit|par
|
|-heal|p1a: Kingambit|98/100 par|[from] item: Leftovers
|upkeep
|turn|23
|
|t:|1776297757
|move|p2a: Hatterene|Calm Mind|p2a: Hatterene
|-boost|p2a: Hatterene|spa|1
|-boost|p2a: Hatterene|spd|1
|cant|p1a: Kingambit|par
|
|-heal|p1a: Kingambit|100/100 par|[from] item: Leftovers
|upkeep
|turn|24
|
|t:|1776297760
|move|p2a: Hatterene|Draining Kiss|p1a: Kingambit
|-damage|p1a: Kingambit|43/100 par
|-heal|p2a: Hatterene|70/100|[from] drain|[of] p1a: Kingambit
|move|p1a: Kingambit|Kowtow Cleave|p2a: Hatterene
|-damage|p2a: Hatterene|15/100
|
|-heal|p1a: Kingambit|50/100 par|[from] item: Leftovers
|upkeep
|turn|25
|
|t:|1776297766
|move|p1a: Kingambit|Sucker Punch|p2a: Hatterene
|-damage|p2a: Hatterene|0 fnt
|faint|p2a: Hatterene
|
|-heal|p1a: Kingambit|56/100 par|[from] item: Leftovers
|upkeep
|
|t:|1776297773
|switch|p2a: Slither Wing|Slither Wing, shiny|100/100
|turn|26
|
|t:|1776297779
|-end|p1a: Kingambit|fallen4|[silent]
|switch|p1a: Gliscor|Gliscor, M, shiny|53/100 tox
|-damage|p1a: Gliscor|41/100 tox|[from] Stealth Rock
|move|p2a: Slither Wing|First Impression|p1a: Gliscor
|-resisted|p1a: Gliscor
|-damage|p1a: Gliscor|24/100 tox
|
|-heal|p1a: Gliscor|36/100 tox|[from] ability: Poison Heal
|upkeep
|turn|27
|
|t:|1776297784
|move|p1a: Gliscor|Protect|p1a: Gliscor
|-singleturn|p1a: Gliscor|Protect
|move|p2a: Slither Wing|U-turn|p1a: Gliscor
|-activate|p1a: Gliscor|move: Protect
|
|-heal|p1a: Gliscor|49/100 tox|[from] ability: Poison Heal
|upkeep
|turn|28
|
|t:|1776297786
|move|p2a: Slither Wing|U-turn|p1a: Gliscor
|-resisted|p1a: Gliscor
|-damage|p1a: Gliscor|35/100 tox
|
|t:|1776297789
|-end|p2a: Slither Wing|Protosynthesis|[silent]
|switch|p2a: Thundurus|Thundurus-Therian, M|50/100|[from] U-turn
|move|p1a: Gliscor|Toxic|p2a: Thundurus|[miss]
|-miss|p1a: Gliscor|p2a: Thundurus
|
|-heal|p1a: Gliscor|47/100 tox|[from] ability: Poison Heal
|upkeep
|turn|29
|
|t:|1776297801
|-terastallize|p2a: Thundurus|Flying
|move|p1a: Gliscor|Protect|p1a: Gliscor
|-singleturn|p1a: Gliscor|Protect
|move|p2a: Thundurus|Tera Blast|p1a: Gliscor|[anim] Tera Blast Flying
|-activate|p1a: Gliscor|move: Protect
|
|-heal|p1a: Gliscor|60/100 tox|[from] ability: Poison Heal
|upkeep
|turn|30
|
|t:|1776297810
|move|p2a: Thundurus|Tera Blast|p1a: Gliscor|[anim] Tera Blast Flying
|-damage|p1a: Gliscor|0 fnt
|faint|p1a: Gliscor
|
|upkeep
|
|t:|1776297813
|switch|p1a: Kingambit|Kingambit, M, shiny|56/100 par
|-damage|p1a: Kingambit|50/100 par|[from] Stealth Rock
|-activate|p1a: Kingambit|ability: Supreme Overlord
|-start|p1a: Kingambit|fallen5|[silent]
|turn|31
|
|t:|1776297816
|move|p1a: Kingambit|Sucker Punch|p2a: Thundurus
|-damage|p2a: Thundurus|0 fnt
|faint|p2a: Thundurus
|
|-heal|p1a: Kingambit|56/100 par|[from] item: Leftovers
|upkeep
|
|t:|1776297819
|switch|p2a: Meowscarada|Meowscarada, F, shiny|100/100
|turn|32
|
|t:|1776297827
|move|p2a: Meowscarada|Knock Off|p1a: Kingambit
|-start|p2a: Meowscarada|typechange|Dark|[from] ability: Protean
|-resisted|p1a: Kingambit
|-damage|p1a: Kingambit|41/100 par
|-enditem|p1a: Kingambit|Leftovers|[from] move: Knock Off|[of] p2a: Meowscarada
|move|p1a: Kingambit|Iron Head|p2a: Meowscarada
|-damage|p2a: Meowscarada|0 fnt
|faint|p2a: Meowscarada
|
|upkeep
|
|t:|1776297833
|switch|p2a: Slither Wing|Slither Wing, shiny|100/100
|turn|33
|
|t:|1776297836
|-terastallize|p1a: Kingambit|Ghost
|move|p2a: Slither Wing|First Impression|p1a: Kingambit
|-resisted|p1a: Kingambit
|-crit|p1a: Kingambit
|-damage|p1a: Kingambit|12/100 par
|move|p1a: Kingambit|Swords Dance|p1a: Kingambit
|-boost|p1a: Kingambit|atk|2
|
|upkeep
|turn|34
|
|t:|1776297850
|move|p2a: Slither Wing|Earthquake|p1a: Kingambit
|-damage|p1a: Kingambit|0 fnt
|faint|p1a: Kingambit
|-end|p1a: Kingambit|fallen5|[silent]
|
|win|Elekid95
|raw|f4br0x's rating: 1336 &rarr; <strong>1316</strong><br />(-20 for losing)
|raw|Elekid95's rating: 1344 &rarr; <strong>1364</strong><br />(+20 for winning)
|l|☆f4br0x
|player|p1|
