|html|<div class="broadcast-blue"><strong>[Gen 9] OU is currently suspecting Tera Blast! For information on how to participate check out the <a href="https://www.smogon.com/tools/suspects/view/200">suspect thread</a>.</strong></div>
|j|☆raichussuperfan
|j|☆jibreel69
|t:|1776125779
|gametype|singles
|player|p1|raichussuperfan|170|1598
|player|p2|jibreel69|266|1572
|gen|9
|tier|[Gen 9] OU
|rated|
|rule|HP Percentage Mod: HP is shown in percentages
|rule|Endless Battle Clause: Forcing endless battles is banned
|rule|Species Clause: Limit one of each Pokémon
|rule|OHKO Clause: OHKO moves are banned
|rule|Evasion Items Clause: Evasion items are banned
|rule|Evasion Moves Clause: Evasion moves are banned
|rule|Evasion Abilities Clause: Evasion abilities are banned
|rule|Sleep Moves Clause: Sleep-inducing moves are banned
|clearpoke
|poke|p1|Slowking-Galar, M|
|poke|p1|Tornadus-Therian, M|
|poke|p1|Cinderace, F|
|poke|p1|Lokix, F|
|poke|p1|Hydrapple, M|
|poke|p1|Great Tusk|
|poke|p2|Glimmora, F|
|poke|p2|Deoxys-Speed|
|poke|p2|Zamazenta-*|
|poke|p2|Moltres-Galar|
|poke|p2|Ceruledge, F|
|poke|p2|Manaphy|
|teampreview
|
|t:|1776125797
|teamsize|p1|6
|teamsize|p2|6
|start
|switch|p1a: Slowking|Slowking-Galar, M|100/100
|switch|p2a: Glimmora|Glimmora, F|100/100
|turn|1
|
|t:|1776125799
|move|p2a: Glimmora|Stealth Rock|p1a: Slowking
|-sidestart|p1: raichussuperfan|move: Stealth Rock
|move|p1a: Slowking|Psychic Noise|p2a: Glimmora
|-supereffective|p2a: Glimmora
|-damage|p2a: Glimmora|32/100
|-start|p2a: Glimmora|move: Heal Block
|
|upkeep
|turn|2
|
|t:|1776125807
|switch|p2a: Deoxys|Deoxys-Speed|100/100
|-ability|p2a: Deoxys|Pressure
|move|p1a: Slowking|Psychic Noise|p2a: Deoxys
|-resisted|p2a: Deoxys
|-damage|p2a: Deoxys|83/100
|-start|p2a: Deoxys|move: Heal Block
|
|upkeep
|turn|3
|
|t:|1776125817
|move|p2a: Deoxys|Light Screen|p2a: Deoxys
|-sidestart|p2: jibreel69|move: Light Screen
|-prepare|p1a: Slowking|Chilly Reception|[premajor]
|move|p1a: Slowking|Chilly Reception|p1a: Slowking
|-weather|Snowscape
|
|t:|1776125820
|switch|p1a: Cinderace|Cinderace, F|100/100|[from] Chilly Reception
|
|-weather|Snowscape|[upkeep]
|-end|p2a: Deoxys|move: Heal Block
|upkeep
|turn|4
|
|t:|1776125827
|move|p2a: Deoxys|Taunt|p1a: Cinderace
|-start|p1a: Cinderace|move: Taunt
|cant|p1a: Cinderace|move: Taunt|Court Change
|
|-weather|Snowscape|[upkeep]
|upkeep
|turn|5
|
|t:|1776125836
|move|p2a: Deoxys|Reflect|p2a: Deoxys
|-sidestart|p2: jibreel69|Reflect
|move|p1a: Cinderace|Pyro Ball|p2a: Deoxys
|-damage|p2a: Deoxys|51/100
|
|-weather|Snowscape|[upkeep]
|upkeep
|turn|6
|
|t:|1776125842
|switch|p1a: Slowking|Slowking-Galar, M|100/100
|-damage|p1a: Slowking|88/100|[from] Stealth Rock
|move|p2a: Deoxys|Teleport|p2a: Deoxys
|
|t:|1776125850
|switch|p2a: Ceruledge|Ceruledge, F|100/100|[from] Teleport
|
|-weather|Snowscape|[upkeep]
|upkeep
|turn|7
|
|t:|1776125858
|move|p2a: Ceruledge|Poltergeist|p1a: Slowking
|-activate|p1a: Slowking|move: Poltergeist|Colbur Berry
|-supereffective|p1a: Slowking
|-damage|p1a: Slowking|0 fnt
|faint|p1a: Slowking
|-damage|p2a: Ceruledge|91/100|[from] item: Life Orb
|
|-weather|none
|upkeep
|-message|raichussuperfan forfeited.
|
|win|jibreel69
|raw|raichussuperfan's rating: 1598 &rarr; <strong>1577</strong><br />(-21 for losing)
|raw|jibreel69's rating: 1572 &rarr; <strong>1593</strong><br />(+21 for winning)
|l|☆raichussuperfan
|player|p1|
