|html|<div class="broadcast-blue"><strong>[Gen 9] OU is currently suspecting Tera Blast! For information on how to participate check out the <a href="https://www.smogon.com/tools/suspects/view/200">suspect thread</a>.</strong></div>
|j|☆EddyduBourgPalette
|j|☆Theglob77
|t:|1776043124
|gametype|singles
|player|p1|EddyduBourgPalette|170|1266
|player|p2|Theglob77|266|1281
|gen|9
|tier|[Gen 9] OU
|rated|
|rule|HP Percentage Mod: HP is shown in percentages
|rule|Endless Battle Clause: Forcing endless battles is banned
|rule|Species Clause: Limit one of each Pokémon
|rule|OHKO Clause: OHKO moves are banned
|rule|Evasion Items Clause: Evasion items are banned
|rule|Evasion Moves Clause: Evasion moves are banned
|rule|Evasion Abilities Clause: Evasion abilities are banned
|rule|Sleep Moves Clause: Sleep-inducing moves are banned
|clearpoke
|poke|p1|Slowking-Galar, M|
|poke|p1|Ursaluna, F|
|poke|p1|Dragapult, F|
|poke|p1|Great Tusk|
|poke|p1|Amoonguss, M|
|poke|p1|Iron Valiant|
|poke|p2|Clefable, F|
|poke|p2|Gliscor, M|
|poke|p2|Tyranitar, M|
|poke|p2|Azelf|
|poke|p2|Zoroark-Hisui, F|
|poke|p2|Quaquaval, F|
|teampreview
|inactive|Battle timer is ON: inactive players will automatically lose when time's up. (requested by EddyduBourgPalette)
|
|t:|1776043141
|teamsize|p1|6
|teamsize|p2|6
|start
|switch|p1a: Great Tusk|Great Tusk|100/100
|switch|p2a: Azelf|Azelf|100/100
|turn|1
|
|t:|1776043151
|move|p2a: Azelf|Magic Room|p2a: Azelf
|-fieldstart|move: Magic Room|[of] p2a: Azelf
|move|p1a: Great Tusk|Stealth Rock|p2a: Azelf
|-sidestart|p2: Theglob77|move: Stealth Rock
|
|upkeep
|turn|2
|inactive|EddyduBourgPalette has 120 seconds left.
|
|t:|1776043184
|move|p2a: Azelf|Stealth Rock|p1a: Great Tusk
|-sidestart|p1: EddyduBourgPalette|move: Stealth Rock
|move|p1a: Great Tusk|Knock Off|p2a: Azelf
|-supereffective|p2a: Azelf
|-damage|p2a: Azelf|11/100
|-enditem|p2a: Azelf|Choice Scarf|[from] move: Knock Off|[of] p1a: Great Tusk
|
|upkeep
|turn|3
|
|t:|1776043193
|move|p2a: Azelf|Explosion|p1a: Great Tusk
|-damage|p1a: Great Tusk|62/100
|faint|p2a: Azelf
|move|p1a: Great Tusk|Rapid Spin|p2: Azelf|[notarget]
|-fail|p1a: Great Tusk
|
|upkeep
|
|t:|1776043205
|switch|p2a: Gliscor|Gliscor, M|100/100
|-damage|p2a: Gliscor|88/100|[from] Stealth Rock
|turn|4
|
|t:|1776043211
|move|p2a: Gliscor|Nasty Plot|p2a: Gliscor
|-boost|p2a: Gliscor|spa|2
|move|p1a: Great Tusk|Knock Off|p2a: Gliscor
|-supereffective|p2a: Gliscor
|-damage|p2a: Gliscor|0 fnt
|replace|p2a: Zoroark|Zoroark-Hisui, F
|-end|p2a: Zoroark|Illusion
|-enditem|p2a: Zoroark|Choice Specs|[from] move: Knock Off|[of] p1a: Great Tusk
|faint|p2a: Zoroark
|
|upkeep
|
|t:|1776043222
|switch|p2a: Quaquaval|Quaquaval, F|100/100
|-damage|p2a: Quaquaval|94/100|[from] Stealth Rock
|turn|5
|
|t:|1776043228
|-end|p1a: Great Tusk|Protosynthesis|[silent]
|switch|p1a: Amoonguss|Amoonguss, M|100/100
|-damage|p1a: Amoonguss|88/100|[from] Stealth Rock
|move|p2a: Quaquaval|Rapid Spin|p1a: Amoonguss
|-damage|p1a: Amoonguss|76/100
|-boost|p2a: Quaquaval|spe|1
|-sideend|p2: Theglob77|Stealth Rock|[from] move: Rapid Spin|[of] p2a: Quaquaval
|
|-fieldend|move: Magic Room|[of] p2: Azelf
|upkeep
|turn|6
|
|t:|1776043242
|switch|p2a: Gliscor|Gliscor, M|100/100
|move|p1a: Amoonguss|Stun Spore|p2a: Gliscor|[miss]
|-miss|p1a: Amoonguss|p2a: Gliscor
|
|-status|p2a: Gliscor|tox|[from] item: Toxic Orb
|upkeep
|turn|7
|
|t:|1776043251
|move|p2a: Gliscor|Agility|p2a: Gliscor
|-boost|p2a: Gliscor|spe|2
|move|p1a: Amoonguss|Giga Drain|p2a: Gliscor
|-damage|p2a: Gliscor|76/100 tox
|-heal|p1a: Amoonguss|84/100|[from] drain|[of] p2a: Gliscor
|
|-heal|p2a: Gliscor|88/100 tox|[from] ability: Poison Heal
|upkeep
|turn|8
|
|t:|1776043260
|move|p2a: Gliscor|Swords Dance|p2a: Gliscor
|-boost|p2a: Gliscor|atk|2
|move|p1a: Amoonguss|Giga Drain|p2a: Gliscor
|-damage|p2a: Gliscor|62/100 tox
|-heal|p1a: Amoonguss|93/100|[from] drain|[of] p2a: Gliscor
|
|-heal|p2a: Gliscor|75/100 tox|[from] ability: Poison Heal
|upkeep
|turn|9
|
|t:|1776043276
|move|p2a: Gliscor|Swords Dance|p2a: Gliscor
|-boost|p2a: Gliscor|atk|2
|move|p1a: Amoonguss|Clear Smog|p2a: Gliscor
|-resisted|p2a: Gliscor
|-damage|p2a: Gliscor|66/100 tox
|-clearboost|p2a: Gliscor
|
|-heal|p2a: Gliscor|78/100 tox|[from] ability: Poison Heal
|upkeep
|turn|10
|
|t:|1776043296
|switch|p1a: Dragapult|Dragapult, F|100/100
|-damage|p1a: Dragapult|88/100|[from] Stealth Rock
|move|p2a: Gliscor|Agility|p2a: Gliscor
|-boost|p2a: Gliscor|spe|2
|
|-heal|p2a: Gliscor|91/100 tox|[from] ability: Poison Heal
|upkeep
|turn|11
|
|t:|1776043306
|move|p2a: Gliscor|Swords Dance|p2a: Gliscor
|-boost|p2a: Gliscor|atk|2
|move|p1a: Dragapult|Shadow Ball|p2a: Gliscor
|-damage|p2a: Gliscor|37/100 tox
|-unboost|p2a: Gliscor|spd|1
|
|-heal|p2a: Gliscor|49/100 tox|[from] ability: Poison Heal
|upkeep
|turn|12
|
|t:|1776043315
|move|p2a: Gliscor|Earthquake|p1a: Dragapult
|-crit|p1a: Dragapult
|-damage|p1a: Dragapult|0 fnt
|faint|p1a: Dragapult
|
|-heal|p2a: Gliscor|62/100 tox|[from] ability: Poison Heal
|upkeep
|
|t:|1776043334
|switch|p1a: Amoonguss|Amoonguss, M|100/100
|-damage|p1a: Amoonguss|88/100|[from] Stealth Rock
|turn|13
|
|t:|1776043342
|-terastallize|p2a: Gliscor|Steel
|move|p2a: Gliscor|Dual Wingbeat|p1a: Amoonguss
|-supereffective|p1a: Amoonguss
|-damage|p1a: Amoonguss|50/100
|-damage|p2a: Gliscor|45/100 tox|[from] item: Rocky Helmet|[of] p1a: Amoonguss
|-supereffective|p1a: Amoonguss
|-damage|p1a: Amoonguss|12/100
|-damage|p2a: Gliscor|29/100 tox|[from] item: Rocky Helmet|[of] p1a: Amoonguss
|-hitcount|p1a: Amoonguss|2
|move|p1a: Amoonguss|Foul Play|p2a: Gliscor
|-damage|p2a: Gliscor|0 fnt
|faint|p2a: Gliscor
|
|upkeep
|c|☆EddyduBourgPalette|L
|c|☆Theglob77|big l
|
|t:|1776043369
|switch|p2a: Clefable|Clefable, F|100/100
|turn|14
|
|t:|1776043381
|switch|p1a: Slowking|Slowking-Galar, M|100/100
|-damage|p1a: Slowking|88/100|[from] Stealth Rock
|move|p2a: Clefable|Cosmic Power|p2a: Clefable
|-boost|p2a: Clefable|def|1
|-boost|p2a: Clefable|spd|1
|
|upkeep
|turn|15
|inactive|Theglob77 has 120 seconds left.
|
|t:|1776043410
|move|p2a: Clefable|Cosmic Power|p2a: Clefable
|-boost|p2a: Clefable|def|1
|-boost|p2a: Clefable|spd|1
|move|p1a: Slowking|Sludge Bomb|p2a: Clefable
|-supereffective|p2a: Clefable
|-damage|p2a: Clefable|72/100
|-status|p2a: Clefable|psn
|-enditem|p2a: Clefable|Weakness Policy
|-boost|p2a: Clefable|atk|2|[from] item: Weakness Policy
|-boost|p2a: Clefable|spa|2|[from] item: Weakness Policy
|
|-damage|p2a: Clefable|59/100 psn|[from] psn
|upkeep
|turn|16
|
|t:|1776043422
|move|p2a: Clefable|Stored Power|p1a: Slowking
|-damage|p1a: Slowking|57/100
|move|p1a: Slowking|Sludge Bomb|p2a: Clefable
|-supereffective|p2a: Clefable
|-damage|p2a: Clefable|31/100 psn
|
|-damage|p2a: Clefable|19/100 psn|[from] psn
|upkeep
|turn|17
|
|t:|1776043440
|move|p2a: Clefable|Stored Power|p1a: Slowking
|-damage|p1a: Slowking|28/100
|move|p1a: Slowking|Sludge Bomb|p2a: Clefable
|-supereffective|p2a: Clefable
|-damage|p2a: Clefable|0 fnt
|faint|p2a: Clefable
|
|upkeep
|
|t:|1776043450
|switch|p2a: Tyranitar|Tyranitar, M|100/100
|-weather|Sandstorm|[from] ability: Sand Stream|[of] p2a: Tyranitar
|turn|18
|
|t:|1776043455
|move|p2a: Tyranitar|Knock Off|p1a: Slowking
|-supereffective|p1a: Slowking
|-damage|p1a: Slowking|0 fnt
|-enditem|p1a: Slowking|Assault Vest|[from] move: Knock Off|[of] p2a: Tyranitar
|faint|p1a: Slowking
|
|-weather|Sandstorm|[upkeep]
|upkeep
|
|t:|1776043468
|switch|p1a: Ursaluna|Ursaluna, F|100/100
|-damage|p1a: Ursaluna|94/100|[from] Stealth Rock
|turn|19
|
|t:|1776043482
|move|p1a: Ursaluna|Protect|p1a: Ursaluna
|-singleturn|p1a: Ursaluna|Protect
|move|p2a: Tyranitar|Knock Off|p1a: Ursaluna
|-activate|p1a: Ursaluna|move: Protect
|
|-weather|Sandstorm|[upkeep]
|-status|p1a: Ursaluna|brn|[from] item: Flame Orb
|upkeep
|turn|20
|
|t:|1776043494
|move|p2a: Tyranitar|Knock Off|p1a: Ursaluna
|-damage|p1a: Ursaluna|41/100 brn
|-enditem|p1a: Ursaluna|Flame Orb|[from] move: Knock Off|[of] p2a: Tyranitar
|move|p1a: Ursaluna|Close Combat|p2a: Tyranitar
|-supereffective|p2a: Tyranitar
|-damage|p2a: Tyranitar|0 fnt
|-unboost|p1a: Ursaluna|def|1
|-unboost|p1a: Ursaluna|spd|1
|faint|p2a: Tyranitar
|
|-weather|Sandstorm|[upkeep]
|-damage|p1a: Ursaluna|35/100 brn|[from] brn
|upkeep
|
|t:|1776043506
|switch|p2a: Quaquaval|Quaquaval, F|94/100
|turn|21
|
|t:|1776043510
|move|p2a: Quaquaval|Aqua Step|p1a: Ursaluna
|-supereffective|p1a: Ursaluna
|-damage|p1a: Ursaluna|0 fnt
|-boost|p2a: Quaquaval|spe|1
|faint|p1a: Ursaluna
|-ability|p2a: Quaquaval|Moxie|boost
|-boost|p2a: Quaquaval|atk|1
|
|-weather|Sandstorm|[upkeep]
|-damage|p2a: Quaquaval|88/100|[from] Sandstorm
|upkeep
|
|t:|1776043523
|switch|p1a: Iron Valiant|Iron Valiant|100/100
|-damage|p1a: Iron Valiant|94/100|[from] Stealth Rock
|-enditem|p1a: Iron Valiant|Booster Energy
|-activate|p1a: Iron Valiant|ability: Quark Drive|[fromitem]
|-start|p1a: Iron Valiant|quarkdrivespe
|turn|22
|
|t:|1776043533
|move|p1a: Iron Valiant|Moonblast|p2a: Quaquaval
|-supereffective|p2a: Quaquaval
|-damage|p2a: Quaquaval|0 fnt
|faint|p2a: Quaquaval
|
|win|EddyduBourgPalette
|raw|EddyduBourgPalette's rating: 1266 &rarr; <strong>1292</strong><br />(+26 for winning)
|raw|Theglob77's rating: 1281 &rarr; <strong>1255</strong><br />(-26 for losing)
|l|☆Theglob77
|player|p2|
