|html|<div class="broadcast-blue"><strong>[Gen 9] OU is currently suspecting Tera Blast! For information on how to participate check out the <a href="https://www.smogon.com/tools/suspects/view/200">suspect thread</a>.</strong></div>
|j|☆jeejee
|j|☆demarcusio
|t:|1776106097
|gametype|singles
|player|p1|jeejee|101|1308
|player|p2|demarcusio|miku-fire|1326
|gen|9
|tier|[Gen 9] OU
|rated|
|rule|HP Percentage Mod: HP is shown in percentages
|rule|Endless Battle Clause: Forcing endless battles is banned
|rule|Species Clause: Limit one of each Pokémon
|rule|OHKO Clause: OHKO moves are banned
|rule|Evasion Items Clause: Evasion items are banned
|rule|Evasion Moves Clause: Evasion moves are banned
|rule|Evasion Abilities Clause: Evasion abilities are banned
|rule|Sleep Moves Clause: Sleep-inducing moves are banned
|clearpoke
|poke|p1|Clodsire, F|
|poke|p1|Tornadus-Therian, M|
|poke|p1|Komala, M|
|poke|p1|Dragapult, F|
|poke|p1|Iron Crown|
|poke|p1|Ogerpon, F|
|poke|p2|Primarina, F|
|poke|p2|Meowscarada, M|
|poke|p2|Great Tusk|
|poke|p2|Rillaboom, F|
|poke|p2|Hawlucha, M|
|poke|p2|Ogerpon-Wellspring, F|
|teampreview
|inactive|Battle timer is ON: inactive players will automatically lose when time's up. (requested by jeejee)
|
|t:|1776106108
|teamsize|p1|6
|teamsize|p2|6
|start
|switch|p1a: Ogerpon|Ogerpon, F|100/100
|switch|p2a: Donkey Kong|Rillaboom, F|100/100
|-fieldstart|move: Grassy Terrain|[from] ability: Grassy Surge|[of] p2a: Donkey Kong
|turn|1
|
|t:|1776106114
|move|p1a: Ogerpon|Knock Off|p2a: Donkey Kong
|-damage|p2a: Donkey Kong|77/100
|-enditem|p2a: Donkey Kong|Choice Band|[from] move: Knock Off|[of] p1a: Ogerpon
|move|p2a: Donkey Kong|U-turn|p1a: Ogerpon
|-supereffective|p1a: Ogerpon
|-damage|p1a: Ogerpon|58/100
|
|t:|1776106124
|switch|p2a: Hawlucha|Hawlucha, M, shiny|100/100|[from] U-turn
|-enditem|p2a: Hawlucha|Grassy Seed
|-boost|p2a: Hawlucha|def|1|[from] item: Grassy Seed
|
|-heal|p1a: Ogerpon|64/100|[from] Grassy Terrain
|-heal|p1a: Ogerpon|70/100|[from] item: Leftovers
|upkeep
|turn|2
|
|t:|1776106133
|move|p2a: Hawlucha|Encore|p1a: Ogerpon
|-start|p1a: Ogerpon|Encore
|move|p1a: Ogerpon|Knock Off|p2a: Hawlucha
|-resisted|p2a: Hawlucha
|-damage|p2a: Hawlucha|92/100
|
|-heal|p1a: Ogerpon|76/100|[from] Grassy Terrain
|-heal|p1a: Ogerpon|82/100|[from] item: Leftovers
|upkeep
|turn|3
|
|t:|1776106140
|switch|p1a: Clodsire|Clodsire, F|100/100
|move|p2a: Hawlucha|Swords Dance|p2a: Hawlucha
|-boost|p2a: Hawlucha|atk|2
|
|upkeep
|turn|4
|
|t:|1776106144
|move|p2a: Hawlucha|Acrobatics|p1a: Clodsire
|-damage|p1a: Clodsire|60/100
|-damage|p2a: Hawlucha|75/100|[from] item: Rocky Helmet|[of] p1a: Clodsire
|move|p1a: Clodsire|Haze|p1a: Clodsire
|-clearallboost
|
|-heal|p1a: Clodsire|66/100|[from] Grassy Terrain
|upkeep
|turn|5
|
|t:|1776106148
|move|p2a: Hawlucha|Encore|p1a: Clodsire
|-start|p1a: Clodsire|Encore
|move|p1a: Clodsire|Haze|p1a: Clodsire
|-clearallboost
|
|-heal|p1a: Clodsire|73/100|[from] Grassy Terrain
|-fieldend|move: Grassy Terrain
|upkeep
|turn|6
|
|t:|1776106155
|switch|p2a: Meowscarada|Meowscarada, M|100/100
|switch|p1a: Tornadus|Tornadus-Therian, M|100/100
|
|upkeep
|turn|7
|
|t:|1776106168
|move|p2a: Meowscarada|Triple Axel|p1a: Tornadus
|-start|p2a: Meowscarada|typechange|Ice|[from] ability: Protean
|-supereffective|p1a: Tornadus
|-damage|p1a: Tornadus|60/100
|-supereffective|p1a: Tornadus
|-damage|p1a: Tornadus|0 fnt
|faint|p1a: Tornadus
|-hitcount|p1: Tornadus|2
|
|upkeep
|
|t:|1776106177
|switch|p1a: Iron Crown|Iron Crown|100/100
|turn|8
|
|t:|1776106182
|switch|p2a: Donkey Kong|Rillaboom, F|77/100
|-fieldstart|move: Grassy Terrain|[from] ability: Grassy Surge|[of] p2a: Donkey Kong
|move|p1a: Iron Crown|Electric Terrain|p1a: Iron Crown
|-fieldstart|move: Electric Terrain
|-activate|p1a: Iron Crown|ability: Quark Drive
|-start|p1a: Iron Crown|quarkdrivespe
|-enditem|p1a: Iron Crown|Electric Seed
|-boost|p1a: Iron Crown|def|1|[from] item: Electric Seed
|
|upkeep
|turn|9
|
|t:|1776106202
|switch|p2a: Lirilì Larilà|Great Tusk|100/100
|-enditem|p2a: Lirilì Larilà|Booster Energy
|-activate|p2a: Lirilì Larilà|ability: Protosynthesis|[fromitem]
|-start|p2a: Lirilì Larilà|protosynthesisatk
|move|p1a: Iron Crown|Calm Mind|p1a: Iron Crown
|-boost|p1a: Iron Crown|spa|1
|-boost|p1a: Iron Crown|spd|1
|
|upkeep
|turn|10
|
|t:|1776106212
|-terastallize|p2a: Lirilì Larilà|Water
|move|p1a: Iron Crown|Tachyon Cutter|p2a: Lirilì Larilà
|-resisted|p2a: Lirilì Larilà
|-damage|p2a: Lirilì Larilà|76/100
|-resisted|p2a: Lirilì Larilà
|-damage|p2a: Lirilì Larilà|50/100
|-hitcount|p2a: Lirilì Larilà|2
|move|p2a: Lirilì Larilà|Headlong Rush|p1a: Iron Crown
|-supereffective|p1a: Iron Crown
|-damage|p1a: Iron Crown|0 fnt
|-unboost|p2a: Lirilì Larilà|def|1
|-unboost|p2a: Lirilì Larilà|spd|1
|faint|p1a: Iron Crown
|-end|p1a: Iron Crown|Quark Drive|[silent]
|
|upkeep
|
|t:|1776106226
|switch|p1a: Dragapult|Dragapult, F|100/100
|turn|11
|
|t:|1776106232
|move|p1a: Dragapult|Dragon Darts|p2a: Lirilì Larilà
|-damage|p2a: Lirilì Larilà|14/100
|-anim|p1a: Dragapult|Dragon Darts|p2a: Lirilì Larilà
|-damage|p2a: Lirilì Larilà|0 fnt
|faint|p2a: Lirilì Larilà
|-end|p2a: Lirilì Larilà|Protosynthesis|[silent]
|-damage|p1a: Dragapult|91/100|[from] item: Life Orb
|
|upkeep
|
|t:|1776106242
|switch|p2a: Ariel|Primarina, F|100/100
|turn|12
|
|t:|1776106250
|switch|p1a: Clodsire|Clodsire, F|73/100
|move|p2a: Ariel|Hyper Voice|p1a: Clodsire
|-supereffective|p1a: Clodsire
|-damage|p1a: Clodsire|4/100
|
|-fieldend|move: Electric Terrain
|upkeep
|turn|13
|
|t:|1776106257
|move|p2a: Ariel|Moonblast|p1a: Clodsire
|-resisted|p1a: Clodsire
|-damage|p1a: Clodsire|0 fnt
|faint|p1a: Clodsire
|
|upkeep
|
|t:|1776106260
|switch|p1a: Ogerpon|Ogerpon, F|82/100
|turn|14
|
|t:|1776106275
|move|p1a: Ogerpon|Spikes|p2a: Ariel
|-sidestart|p2: demarcusio|Spikes
|move|p2a: Ariel|Ice Beam|p1a: Ogerpon
|-supereffective|p1a: Ogerpon
|-damage|p1a: Ogerpon|26/100
|
|-heal|p1a: Ogerpon|32/100|[from] item: Leftovers
|upkeep
|turn|15
|
|t:|1776106283
|move|p1a: Ogerpon|Leech Seed|p2a: Ariel
|-start|p2a: Ariel|move: Leech Seed
|move|p2a: Ariel|Ice Beam|p1a: Ogerpon
|-supereffective|p1a: Ogerpon
|-damage|p1a: Ogerpon|0 fnt
|faint|p1a: Ogerpon
|
|upkeep
|
|t:|1776106290
|switch|p1a: Komala|Komala, M|100/100
|-ability|p1a: Komala|Comatose
|turn|16
|
|t:|1776106295
|move|p1a: Komala|Earthquake|p2a: Ariel
|-damage|p2a: Ariel|75/100
|move|p2a: Ariel|Moonblast|p1a: Komala
|-damage|p1a: Komala|62/100
|-unboost|p1a: Komala|spa|1
|
|-heal|p1a: Komala|68/100|[from] item: Leftovers
|-damage|p2a: Ariel|63/100|[from] Leech Seed|[of] p1a: Komala
|-heal|p1a: Komala|81/100|[silent]
|upkeep
|turn|17
|
|t:|1776106301
|move|p1a: Komala|Earthquake|p2a: Ariel
|-damage|p2a: Ariel|35/100
|move|p2a: Ariel|Moonblast|p1a: Komala
|-damage|p1a: Komala|41/100
|
|-heal|p1a: Komala|47/100|[from] item: Leftovers
|-damage|p2a: Ariel|23/100|[from] Leech Seed|[of] p1a: Komala
|-heal|p1a: Komala|61/100|[silent]
|upkeep
|turn|18
|
|t:|1776106304
|move|p1a: Komala|Earthquake|p2a: Ariel
|-damage|p2a: Ariel|0 fnt
|faint|p2a: Ariel
|
|-heal|p1a: Komala|67/100|[from] item: Leftovers
|upkeep
|
|t:|1776106311
|switch|p2a: Hawlucha|Hawlucha, M, shiny|75/100
|turn|19
|
|t:|1776106316
|move|p2a: Hawlucha|Close Combat|p1a: Komala
|-supereffective|p1a: Komala
|-damage|p1a: Komala|0 fnt
|-unboost|p2a: Hawlucha|def|1
|-unboost|p2a: Hawlucha|spd|1
|faint|p1a: Komala
|
|upkeep
|
|t:|1776106319
|switch|p1a: Dragapult|Dragapult, F|91/100
|turn|20
|
|t:|1776106327
|move|p1a: Dragapult|Dragon Darts|p2a: Hawlucha
|-damage|p2a: Hawlucha|0 fnt
|faint|p2a: Hawlucha
|-damage|p1a: Dragapult|81/100|[from] item: Life Orb
|
|upkeep
|
|t:|1776106332
|switch|p2a: Donkey Kong|Rillaboom, F|77/100
|-damage|p2a: Donkey Kong|65/100|[from] Spikes
|-fieldstart|move: Grassy Terrain|[from] ability: Grassy Surge|[of] p2a: Donkey Kong
|turn|21
|
|t:|1776106336
|move|p1a: Dragapult|Dragon Darts|p2a: Donkey Kong
|-damage|p2a: Donkey Kong|35/100
|-anim|p1a: Dragapult|Dragon Darts|p2a: Donkey Kong
|-damage|p2a: Donkey Kong|1/100
|-damage|p1a: Dragapult|71/100|[from] item: Life Orb
|move|p2a: Donkey Kong|Wood Hammer|p1a: Dragapult
|-resisted|p1a: Dragapult
|-damage|p1a: Dragapult|13/100
|-damage|p2a: Donkey Kong|0 fnt|[from] Recoil
|faint|p2a: Donkey Kong
|
|-heal|p1a: Dragapult|19/100|[from] Grassy Terrain
|upkeep
|
|t:|1776106341
|switch|p2a: Meowscarada|Meowscarada, M|100/100
|-damage|p2a: Meowscarada|88/100|[from] Spikes
|turn|22
|
|t:|1776106345
|move|p1a: Dragapult|Dragon Darts|p2a: Meowscarada
|-damage|p2a: Meowscarada|29/100
|-anim|p1a: Dragapult|Dragon Darts|p2a: Meowscarada
|-damage|p2a: Meowscarada|0 fnt
|faint|p2a: Meowscarada
|-damage|p1a: Dragapult|9/100|[from] item: Life Orb
|
|-heal|p1a: Dragapult|15/100|[from] Grassy Terrain
|upkeep
|
|t:|1776106356
|switch|p2a: Pon-Pon|Ogerpon-Wellspring, F|100/100
|-damage|p2a: Pon-Pon|88/100|[from] Spikes
|turn|23
|
|t:|1776106360
|move|p1a: Dragapult|Dragon Darts|p2a: Pon-Pon
|-damage|p2a: Pon-Pon|42/100
|-anim|p1a: Dragapult|Dragon Darts|p2a: Pon-Pon
|-damage|p2a: Pon-Pon|0 fnt
|faint|p2a: Pon-Pon
|-damage|p1a: Dragapult|5/100|[from] item: Life Orb
|
|win|jeejee
|raw|jeejee's rating: 1308 &rarr; <strong>1329</strong><br />(+21 for winning)
|raw|demarcusio's rating: 1326 &rarr; <strong>1305</strong><br />(-21 for losing)
|l|☆jeejee
|player|p1|
|l|☆demarcusio
|player|p2|
