|html|<div class="broadcast-blue"><strong>[Gen 9] OU is currently suspecting Tera Blast! For information on how to participate check out the <a href="https://www.smogon.com/tools/suspects/view/200">suspect thread</a>.</strong></div>
|j|☆noodles20000
|j|☆queloniobr
|t:|1776098969
|gametype|singles
|player|p1|noodles20000|pokekid|1142
|player|p2|queloniobr|hilbert|1145
|gen|9
|tier|[Gen 9] OU
|rated|
|rule|HP Percentage Mod: HP is shown in percentages
|rule|Endless Battle Clause: Forcing endless battles is banned
|rule|Species Clause: Limit one of each Pokémon
|rule|OHKO Clause: OHKO moves are banned
|rule|Evasion Items Clause: Evasion items are banned
|rule|Evasion Moves Clause: Evasion moves are banned
|rule|Evasion Abilities Clause: Evasion abilities are banned
|rule|Sleep Moves Clause: Sleep-inducing moves are banned
|clearpoke
|poke|p1|Clodsire, F|
|poke|p1|Dondozo, M|
|poke|p1|Gliscor, F|
|poke|p1|Corviknight, F|
|poke|p1|Toxapex, F|
|poke|p1|Blissey, F|
|poke|p2|Torkoal, M|
|poke|p2|Hatterene, F|
|poke|p2|Raging Bolt|
|poke|p2|Slither Wing|
|poke|p2|Venusaur, F|
|poke|p2|Walking Wake|
|teampreview
|inactive|Battle timer is ON: inactive players will automatically lose when time's up. (requested by noodles20000)
|c|☆queloniobr|Higuruma tirex gif*
|inactive|queloniobr has 120 seconds left.
|
|t:|1776099020
|teamsize|p1|6
|teamsize|p2|6
|start
|switch|p1a: Clodsire|Clodsire, F|100/100
|switch|p2a: Megaraptor|Walking Wake|100/100
|turn|1
|inactive|queloniobr has 120 seconds left.
|
|t:|1776099055
|-end|p2a: Megaraptor|Protosynthesis|[silent]
|switch|p2a: Hatterene|Hatterene, F|100/100
|-item|p2a: Hatterene|Air Balloon
|switch|p1a: Toxapex|Toxapex, F|100/100
|
|upkeep
|turn|2
|inactive|queloniobr has 120 seconds left.
|
|t:|1776099076
|switch|p2a: Quelonio|Torkoal, M|100/100
|-weather|SunnyDay|[from] ability: Drought|[of] p2a: Quelonio
|move|p1a: Toxapex|Surf|p2a: Quelonio
|-supereffective|p2a: Quelonio
|-damage|p2a: Quelonio|75/100
|
|-weather|SunnyDay|[upkeep]
|upkeep
|turn|3
|
|t:|1776099089
|move|p1a: Toxapex|Toxic|p2a: Quelonio
|-status|p2a: Quelonio|tox
|move|p2a: Quelonio|Stealth Rock|p1a: Toxapex
|-sidestart|p1: noodles20000|move: Stealth Rock
|
|-weather|SunnyDay|[upkeep]
|-damage|p2a: Quelonio|69/100 tox|[from] psn
|upkeep
|turn|4
|
|t:|1776099116
|switch|p2a: Venusaur|Venusaur, F|100/100
|move|p1a: Toxapex|Surf|p2a: Venusaur
|-resisted|p2a: Venusaur
|-damage|p2a: Venusaur|95/100
|
|-weather|SunnyDay|[upkeep]
|upkeep
|turn|5
|
|t:|1776099130
|switch|p1a: Dondozo|Dondozo, M|100/100
|move|p2a: Venusaur|Growth|p2a: Venusaur
|-boost|p2a: Venusaur|atk|2
|-boost|p2a: Venusaur|spa|2
|
|-weather|SunnyDay|[upkeep]
|upkeep
|turn|6
|
|t:|1776099139
|move|p2a: Venusaur|Giga Drain|p1a: Dondozo
|-supereffective|p1a: Dondozo
|-damage|p1a: Dondozo|12/100
|-heal|p2a: Venusaur|100/100|[from] drain|[of] p1a: Dondozo
|-damage|p2a: Venusaur|91/100|[from] item: Life Orb
|move|p1a: Dondozo|Avalanche|p2a: Venusaur
|-supereffective|p2a: Venusaur
|-damage|p2a: Venusaur|17/100
|
|-weather|SunnyDay|[upkeep]
|upkeep
|turn|7
|
|t:|1776099151
|move|p2a: Venusaur|Giga Drain|p1a: Dondozo
|-supereffective|p1a: Dondozo
|-damage|p1a: Dondozo|0 fnt
|-heal|p2a: Venusaur|27/100|[from] drain|[of] p1a: Dondozo
|faint|p1a: Dondozo
|-damage|p2a: Venusaur|17/100|[from] item: Life Orb
|
|-weather|SunnyDay|[upkeep]
|upkeep
|
|t:|1776099154
|switch|p1a: Gliscor|Gliscor, F|100/100
|-damage|p1a: Gliscor|88/100|[from] Stealth Rock
|turn|8
|
|t:|1776099165
|move|p1a: Gliscor|Protect|p1a: Gliscor
|-singleturn|p1a: Gliscor|Protect
|move|p2a: Venusaur|Growth|p2a: Venusaur
|-boost|p2a: Venusaur|atk|2
|-boost|p2a: Venusaur|spa|2
|
|-weather|SunnyDay|[upkeep]
|-status|p1a: Gliscor|tox|[from] item: Toxic Orb
|upkeep
|turn|9
|
|t:|1776099173
|switch|p1a: Corviknight|Corviknight, F|100/100
|-ability|p1a: Corviknight|Pressure
|move|p2a: Venusaur|Giga Drain|p1a: Corviknight
|-resisted|p1a: Corviknight
|-damage|p1a: Corviknight|71/100
|-heal|p2a: Venusaur|36/100|[from] drain|[of] p1a: Corviknight
|-damage|p2a: Venusaur|26/100|[from] item: Life Orb
|
|-weather|none
|upkeep
|turn|10
|inactive|queloniobr has 120 seconds left.
|
|t:|1776099187
|switch|p2a: Hatterene|Hatterene, F|100/100
|-item|p2a: Hatterene|Air Balloon
|move|p1a: Corviknight|Brave Bird|p2a: Hatterene
|-damage|p2a: Hatterene|75/100
|-enditem|p2a: Hatterene|Air Balloon
|-damage|p1a: Corviknight|65/100|[from] Recoil
|
|upkeep
|turn|11
|inactive|queloniobr has 120 seconds left.
|
|t:|1776099198
|switch|p2a: Quelonio|Torkoal, M|69/100 tox
|-weather|SunnyDay|[from] ability: Drought|[of] p2a: Quelonio
|move|p1a: Corviknight|Brave Bird|p2a: Quelonio
|-damage|p2a: Quelonio|40/100 tox
|-damage|p1a: Corviknight|57/100|[from] Recoil
|
|-weather|SunnyDay|[upkeep]
|-damage|p2a: Quelonio|33/100 tox|[from] psn
|upkeep
|turn|12
|inactive|queloniobr has 120 seconds left.
|
|t:|1776099219
|switch|p2a: Brontossaurus|Raging Bolt|100/100
|-activate|p2a: Brontossaurus|ability: Protosynthesis
|-start|p2a: Brontossaurus|protosynthesisspa
|move|p1a: Corviknight|Roost|p1a: Corviknight
|-heal|p1a: Corviknight|100/100
|-singleturn|p1a: Corviknight|move: Roost
|
|-weather|SunnyDay|[upkeep]
|upkeep
|turn|13
|
|t:|1776099239
|switch|p1a: Clodsire|Clodsire, F|100/100
|-damage|p1a: Clodsire|94/100|[from] Stealth Rock
|move|p2a: Brontossaurus|Solar Beam||[still]
|-prepare|p2a: Brontossaurus|Solar Beam
|-anim|p2a: Brontossaurus|Solar Beam|p1a: Clodsire
|-damage|p1a: Clodsire|55/100
|-damage|p2a: Brontossaurus|91/100|[from] item: Life Orb
|
|-weather|SunnyDay|[upkeep]
|-heal|p1a: Clodsire|61/100|[from] item: Leftovers
|upkeep
|turn|14
|
|t:|1776099253
|-end|p2a: Brontossaurus|Protosynthesis|[silent]
|switch|p2a: Hatterene|Hatterene, F|75/100
|move|p1a: Clodsire|Toxic|p2a: Hatterene
|move|p2a: Hatterene|Toxic|p1a: Clodsire|[from] ability: Magic Bounce
|-immune|p1a: Clodsire
|
|-weather|SunnyDay|[upkeep]
|-heal|p1a: Clodsire|68/100|[from] item: Leftovers
|upkeep
|turn|15
|
|t:|1776099266
|move|p1a: Clodsire|Stealth Rock|p2a: Hatterene
|move|p2a: Hatterene|Stealth Rock||[from] ability: Magic Bounce|[still]
|-fail|p2a: Hatterene
|move|p2a: Hatterene|Psychic Noise|p1a: Clodsire
|-supereffective|p1a: Clodsire
|-damage|p1a: Clodsire|31/100
|-start|p1a: Clodsire|move: Heal Block
|
|-weather|SunnyDay|[upkeep]
|upkeep
|turn|16
|
|t:|1776099279
|move|p1a: Clodsire|Earthquake|p2a: Hatterene
|-damage|p2a: Hatterene|53/100
|move|p2a: Hatterene|Psychic Noise|p1a: Clodsire
|-supereffective|p1a: Clodsire
|-damage|p1a: Clodsire|0 fnt
|faint|p1a: Clodsire
|
|-weather|SunnyDay|[upkeep]
|upkeep
|-message|noodles20000 forfeited.
|
|win|queloniobr
|raw|noodles20000's rating: 1142 &rarr; <strong>1117</strong><br />(-25 for losing)
|raw|queloniobr's rating: 1145 &rarr; <strong>1170</strong><br />(+25 for winning)
|l|☆noodles20000
|player|p1|
