|html|<div class="broadcast-blue"><strong>[Gen 9] OU is currently suspecting Tera Blast! For information on how to participate check out the <a href="https://www.smogon.com/tools/suspects/view/200">suspect thread</a>.</strong></div>
|j|☆AlphaDreams
|j|‽DarkIsSleepy
|t:|1776093394
|gametype|singles
|player|p1|AlphaDreams|caitlin|1363
|player|p2|DarkIsSleepy|ethan|1346
|gen|9
|tier|[Gen 9] OU
|rated|
|rule|HP Percentage Mod: HP is shown in percentages
|rule|Endless Battle Clause: Forcing endless battles is banned
|rule|Species Clause: Limit one of each Pokémon
|rule|OHKO Clause: OHKO moves are banned
|rule|Evasion Items Clause: Evasion items are banned
|rule|Evasion Moves Clause: Evasion moves are banned
|rule|Evasion Abilities Clause: Evasion abilities are banned
|rule|Sleep Moves Clause: Sleep-inducing moves are banned
|clearpoke
|poke|p1|Samurott-Hisui, M|
|poke|p1|Revavroom, M|
|poke|p1|Rotom-Wash|
|poke|p1|Raging Bolt|
|poke|p1|Great Tusk|
|poke|p1|Gholdengo|
|poke|p2|Tyranitar, M|
|poke|p2|Hydrapple, M|
|poke|p2|Enamorus, F|
|poke|p2|Garganacl, F|
|poke|p2|Excadrill, F|
|poke|p2|Alomomola, F|
|teampreview
|
|t:|1776093420
|teamsize|p1|6
|teamsize|p2|6
|start
|switch|p1a: Samurott|Samurott-Hisui, M|100/100
|switch|p2a: Garganacl|Garganacl, F|100/100
|turn|1
|
|t:|1776093439
|move|p1a: Samurott|Ceaseless Edge|p2a: Garganacl
|-damage|p2a: Garganacl|73/100
|-sidestart|p2: DarkIsSleepy|Spikes
|move|p2a: Garganacl|Iron Defense|p2a: Garganacl
|-boost|p2a: Garganacl|def|2
|
|-heal|p2a: Garganacl|80/100|[from] item: Leftovers
|upkeep
|turn|2
|
|t:|1776093447
|move|p1a: Samurott|Ceaseless Edge|p2a: Garganacl
|-damage|p2a: Garganacl|65/100
|-sidestart|p2: DarkIsSleepy|Spikes
|move|p2a: Garganacl|Body Press|p1a: Samurott
|-supereffective|p1a: Samurott
|-damage|p1a: Samurott|0 fnt
|faint|p1a: Samurott
|
|-heal|p2a: Garganacl|71/100|[from] item: Leftovers
|upkeep
|
|t:|1776093457
|switch|p1a: Gholdengo|Gholdengo|100/100
|-item|p1a: Gholdengo|Air Balloon
|turn|3
|
|t:|1776093465
|-terastallize|p1a: Gholdengo|Fairy
|move|p1a: Gholdengo|Nasty Plot|p1a: Gholdengo
|-boost|p1a: Gholdengo|spa|2
|move|p2a: Garganacl|Salt Cure|p1a: Gholdengo
|-damage|p1a: Gholdengo|91/100
|-start|p1a: Gholdengo|Salt Cure
|-enditem|p1a: Gholdengo|Air Balloon
|
|-heal|p2a: Garganacl|77/100|[from] item: Leftovers
|-damage|p1a: Gholdengo|79/100|[from] Salt Cure
|upkeep
|turn|4
|
|t:|1776093469
|move|p1a: Gholdengo|Make It Rain|p2a: Garganacl
|-supereffective|p2a: Garganacl
|-damage|p2a: Garganacl|0 fnt
|-unboost|p1a: Gholdengo|spa|1
|faint|p2a: Garganacl
|
|-damage|p1a: Gholdengo|66/100|[from] Salt Cure
|upkeep
|
|t:|1776093474
|switch|p2a: Enamorus|Enamorus, F|100/100
|turn|5
|
|t:|1776093506
|switch|p1a: Rotom|Rotom-Wash|100/100
|move|p2a: Enamorus|Earth Power|p1a: Rotom
|-immune|p1a: Rotom|[from] ability: Levitate
|
|upkeep
|turn|6
|
|t:|1776093515
|switch|p2a: Tyranitar|Tyranitar, M|100/100
|-damage|p2a: Tyranitar|84/100|[from] Spikes
|-weather|Sandstorm|[from] ability: Sand Stream|[of] p2a: Tyranitar
|move|p1a: Rotom|Will-O-Wisp|p2a: Tyranitar
|-status|p2a: Tyranitar|brn
|
|-weather|Sandstorm|[upkeep]
|-damage|p1a: Rotom|94/100|[from] Sandstorm
|-heal|p1a: Rotom|100/100|[from] item: Leftovers
|-damage|p2a: Tyranitar|78/100 brn|[from] brn
|upkeep
|turn|7
|
|t:|1776093519
|move|p2a: Tyranitar|Knock Off|p1a: Rotom
|-damage|p1a: Rotom|67/100
|-enditem|p1a: Rotom|Leftovers|[from] move: Knock Off|[of] p2a: Tyranitar
|move|p1a: Rotom|Volt Switch|p2a: Tyranitar
|-damage|p2a: Tyranitar|61/100 brn
|
|t:|1776093525
|switch|p1a: Revavroom|Revavroom, M, shiny|100/100|[from] Volt Switch
|-item|p1a: Revavroom|Air Balloon
|
|-weather|Sandstorm|[upkeep]
|-damage|p2a: Tyranitar|55/100 brn|[from] brn
|upkeep
|turn|8
|
|t:|1776093527
|move|p1a: Revavroom|Shift Gear|p1a: Revavroom
|-boost|p1a: Revavroom|spe|2
|-boost|p1a: Revavroom|atk|1
|move|p2a: Tyranitar|Knock Off|p1a: Revavroom
|-damage|p1a: Revavroom|44/100
|-enditem|p1a: Revavroom|Air Balloon
|
|-weather|Sandstorm|[upkeep]
|-damage|p2a: Tyranitar|49/100 brn|[from] brn
|upkeep
|turn|9
|
|t:|1776093532
|move|p1a: Revavroom|High Horsepower|p2a: Tyranitar
|-supereffective|p2a: Tyranitar
|-damage|p2a: Tyranitar|0 fnt
|faint|p2a: Tyranitar
|
|-weather|Sandstorm|[upkeep]
|upkeep
|
|t:|1776093539
|switch|p2a: Alomomola|Alomomola, F|100/100
|-damage|p2a: Alomomola|84/100|[from] Spikes
|turn|10
|
|t:|1776093544
|move|p1a: Revavroom|Gunk Shot|p2a: Alomomola|[miss]
|-miss|p1a: Revavroom|p2a: Alomomola
|move|p2a: Alomomola|Scald|p1a: Revavroom
|-damage|p1a: Revavroom|22/100
|-status|p1a: Revavroom|brn
|
|-weather|none
|-damage|p1a: Revavroom|16/100 brn|[from] brn
|upkeep
|turn|11
|
|t:|1776093550
|move|p1a: Revavroom|Gunk Shot|p2a: Alomomola
|-damage|p2a: Alomomola|52/100
|move|p2a: Alomomola|Flip Turn|p1a: Revavroom
|-damage|p1a: Revavroom|0 fnt
|faint|p1a: Revavroom
|
|t:|1776093556
|switch|p2a: Enamorus|Enamorus, F|100/100|[from] Flip Turn
|
|upkeep
|
|t:|1776093565
|switch|p1a: Gholdengo|Gholdengo, tera:Fairy|66/100
|turn|12
|
|t:|1776093577
|switch|p2a: Alomomola|Alomomola, F|85/100
|-damage|p2a: Alomomola|68/100|[from] Spikes
|move|p1a: Gholdengo|Make It Rain|p2a: Alomomola
|-resisted|p2a: Alomomola
|-damage|p2a: Alomomola|54/100
|-unboost|p1a: Gholdengo|spa|1
|
|upkeep
|turn|13
|
|t:|1776093585
|move|p1a: Gholdengo|Recover|p1a: Gholdengo
|-heal|p1a: Gholdengo|100/100
|move|p2a: Alomomola|Flip Turn|p1a: Gholdengo
|-damage|p1a: Gholdengo|88/100
|
|t:|1776093589
|switch|p2a: Excadrill|Excadrill, F|100/100|[from] Flip Turn
|-item|p2a: Excadrill|Air Balloon
|
|upkeep
|turn|14
|
|t:|1776093597
|switch|p1a: Rotom|Rotom-Wash|67/100
|move|p2a: Excadrill|Iron Head|p1a: Rotom
|-resisted|p1a: Rotom
|-damage|p1a: Rotom|59/100
|
|upkeep
|turn|15
|
|t:|1776093603
|switch|p2a: Alomomola|Alomomola, F|87/100
|-damage|p2a: Alomomola|71/100|[from] Spikes
|move|p1a: Rotom|Will-O-Wisp|p2a: Alomomola
|-status|p2a: Alomomola|brn
|
|-damage|p2a: Alomomola|65/100 brn|[from] brn
|upkeep
|turn|16
|
|t:|1776093610
|move|p1a: Rotom|Volt Switch|p2a: Alomomola
|-supereffective|p2a: Alomomola
|-damage|p2a: Alomomola|39/100 brn
|
|t:|1776093615
|switch|p1a: Gholdengo|Gholdengo, tera:Fairy|88/100|[from] Volt Switch
|move|p2a: Alomomola|Scald|p1a: Gholdengo
|-damage|p1a: Gholdengo|76/100
|
|-damage|p2a: Alomomola|33/100 brn|[from] brn
|upkeep
|turn|17
|
|t:|1776093620
|move|p1a: Gholdengo|Shadow Ball|p2a: Alomomola
|-damage|p2a: Alomomola|12/100 brn
|move|p2a: Alomomola|Flip Turn|p1a: Gholdengo
|-damage|p1a: Gholdengo|71/100
|
|t:|1776093623
|switch|p2a: Hydrapple|Hydrapple, M|100/100|[from] Flip Turn
|-damage|p2a: Hydrapple|84/100|[from] Spikes
|
|upkeep
|turn|18
|
|t:|1776093632
|move|p1a: Gholdengo|Nasty Plot|p1a: Gholdengo
|-boost|p1a: Gholdengo|spa|2
|move|p2a: Hydrapple|Nasty Plot|p2a: Hydrapple
|-boost|p2a: Hydrapple|spa|2
|
|upkeep
|turn|19
|
|t:|1776093635
|move|p1a: Gholdengo|Make It Rain|p2a: Hydrapple
|-damage|p2a: Hydrapple|0 fnt
|-unboost|p1a: Gholdengo|spa|1
|faint|p2a: Hydrapple
|
|upkeep
|
|t:|1776093640
|switch|p2a: Excadrill|Excadrill, F|100/100
|-item|p2a: Excadrill|Air Balloon
|turn|20
|
|t:|1776093644
|switch|p1a: Rotom|Rotom-Wash|59/100
|move|p2a: Excadrill|Swords Dance|p2a: Excadrill
|-boost|p2a: Excadrill|atk|2
|
|upkeep
|turn|21
|
|t:|1776093650
|move|p2a: Excadrill|Iron Head|p1a: Rotom
|-resisted|p1a: Rotom
|-damage|p1a: Rotom|43/100
|move|p1a: Rotom|Will-O-Wisp|p2a: Excadrill
|-status|p2a: Excadrill|brn
|
|-damage|p2a: Excadrill|94/100 brn|[from] brn
|upkeep
|turn|22
|
|t:|1776093655
|move|p2a: Excadrill|Swords Dance|p2a: Excadrill
|-boost|p2a: Excadrill|atk|2
|move|p1a: Rotom|Pain Split|p2a: Excadrill
|-sethp|p2a: Excadrill|65/100 brn|[from] move: Pain Split|[silent]
|-sethp|p1a: Rotom|77/100|[from] move: Pain Split
|
|-damage|p2a: Excadrill|59/100 brn|[from] brn
|upkeep
|turn|23
|
|t:|1776093658
|move|p2a: Excadrill|Swords Dance|p2a: Excadrill
|-boost|p2a: Excadrill|atk|2
|move|p1a: Rotom|Hydro Pump|p2a: Excadrill
|-supereffective|p2a: Excadrill
|-damage|p2a: Excadrill|0 fnt
|-enditem|p2a: Excadrill|Air Balloon
|faint|p2a: Excadrill
|
|upkeep
|-message|DarkIsSleepy forfeited.
|
|win|AlphaDreams
|raw|AlphaDreams's rating: 1363 &rarr; <strong>1382</strong><br />(+19 for winning)
|raw|DarkIsSleepy's rating: 1346 &rarr; <strong>1327</strong><br />(-19 for losing)
|l|‽DarkIsSleepy
|player|p2|
|l|☆AlphaDreams
|player|p1|
