|html|<div class="broadcast-blue"><strong>[Gen 9] OU is currently suspecting Tera Blast! For information on how to participate check out the <a href="https://www.smogon.com/tools/suspects/view/200">suspect thread</a>.</strong></div>
|j|☆dang21
|j|☆Paullam2k11
|t:|1776059280
|gametype|singles
|player|p1|dang21|hilbert-wonderlauncher|1211
|player|p2|Paullam2k11|waiter-gen4|1171
|gen|9
|tier|[Gen 9] OU
|rated|
|rule|HP Percentage Mod: HP is shown in percentages
|rule|Endless Battle Clause: Forcing endless battles is banned
|rule|Species Clause: Limit one of each Pokémon
|rule|OHKO Clause: OHKO moves are banned
|rule|Evasion Items Clause: Evasion items are banned
|rule|Evasion Moves Clause: Evasion moves are banned
|rule|Evasion Abilities Clause: Evasion abilities are banned
|rule|Sleep Moves Clause: Sleep-inducing moves are banned
|clearpoke
|poke|p1|Hoopa|
|poke|p1|Incineroar, M|
|poke|p1|Hydrapple, F|
|poke|p1|Moltres|
|poke|p1|Iron Hands|
|poke|p1|Grimmsnarl, M|
|poke|p2|Gliscor, F|
|poke|p2|Toxapex, F|
|poke|p2|Garganacl, M|
|poke|p2|Corviknight, F|
|poke|p2|Gholdengo|
|poke|p2|Skeledirge, M|
|teampreview
|
|t:|1776059303
|teamsize|p1|6
|teamsize|p2|6
|start
|switch|p1a: Iron Hands|Iron Hands|100/100
|switch|p2a: Skeledirge|Skeledirge, M|100/100
|turn|1
|
|t:|1776059316
|-end|p1a: Iron Hands|Quark Drive|[silent]
|switch|p1a: Incineroar|Incineroar, M|100/100
|-ability|p1a: Incineroar|Intimidate|boost
|-unboost|p2a: Skeledirge|atk|1
|move|p2a: Skeledirge|Will-O-Wisp|p1a: Incineroar
|-immune|p1a: Incineroar
|
|upkeep
|turn|2
|
|t:|1776059326
|switch|p2a: Toxapex|Toxapex, F|100/100
|move|p1a: Incineroar|Knock Off|p2a: Toxapex
|-damage|p2a: Toxapex|72/100
|-enditem|p2a: Toxapex|Black Sludge|[from] move: Knock Off|[of] p1a: Incineroar
|
|upkeep
|turn|3
|
|t:|1776059336
|move|p1a: Incineroar|U-turn|p2a: Toxapex
|-resisted|p2a: Toxapex
|-damage|p2a: Toxapex|65/100
|
|t:|1776059343
|switch|p1a: Hydrapple|Hydrapple, F|100/100|[from] U-turn
|move|p2a: Toxapex|Toxic|p1a: Hydrapple
|-status|p1a: Hydrapple|tox
|
|-damage|p1a: Hydrapple|94/100 tox|[from] psn
|upkeep
|turn|4
|
|t:|1776059361
|switch|p2a: Skeledirge|Skeledirge, M|100/100
|move|p1a: Hydrapple|Fickle Beam|p2a: Skeledirge
|-damage|p2a: Skeledirge|64/100
|
|-damage|p1a: Hydrapple|82/100 tox|[from] psn
|upkeep
|turn|5
|
|t:|1776059371
|move|p2a: Skeledirge|Hex|p1a: Hydrapple
|-damage|p1a: Hydrapple|33/100 tox
|move|p1a: Hydrapple|Earth Power|p2a: Skeledirge
|-supereffective|p2a: Skeledirge
|-damage|p2a: Skeledirge|16/100
|
|-damage|p1a: Hydrapple|14/100 tox|[from] psn
|upkeep
|turn|6
|
|t:|1776059380
|switch|p2a: Corviknight|Corviknight, F|100/100
|-ability|p2a: Corviknight|Pressure
|switch|p1a: Incineroar|Incineroar, M|100/100
|-ability|p1a: Incineroar|Intimidate|boost
|-unboost|p2a: Corviknight|atk|1
|
|upkeep
|turn|7
|
|t:|1776059392
|move|p2a: Corviknight|Body Press|p1a: Incineroar
|-supereffective|p1a: Incineroar
|-damage|p1a: Incineroar|51/100
|move|p1a: Incineroar|Knock Off|p2a: Corviknight
|-damage|p2a: Corviknight|70/100
|-enditem|p2a: Corviknight|Leftovers|[from] move: Knock Off|[of] p1a: Incineroar
|
|upkeep
|turn|8
|
|t:|1776059401
|switch|p1a: Hoopa|Hoopa|100/100
|move|p2a: Corviknight|Body Press|p1a: Hoopa
|-immune|p1a: Hoopa
|
|upkeep
|turn|9
|
|t:|1776059424
|switch|p2a: Gholdengo|Gholdengo|100/100
|-item|p2a: Gholdengo|Air Balloon
|move|p1a: Hoopa|Shadow Ball|p2a: Gholdengo
|-supereffective|p2a: Gholdengo
|-damage|p2a: Gholdengo|0 fnt
|-enditem|p2a: Gholdengo|Air Balloon
|faint|p2a: Gholdengo
|
|upkeep
|
|t:|1776059434
|switch|p2a: Garganacl|Garganacl, M|100/100
|turn|10
|
|t:|1776059449
|switch|p1a: Hydrapple|Hydrapple, F|47/100 tox
|-terastallize|p2a: Garganacl|Water
|move|p2a: Garganacl|Salt Cure|p1a: Hydrapple
|-damage|p1a: Hydrapple|40/100 tox
|-start|p1a: Hydrapple|Salt Cure
|
|-damage|p1a: Hydrapple|34/100 tox|[from] psn
|-damage|p1a: Hydrapple|21/100 tox|[from] Salt Cure
|upkeep
|turn|11
|
|t:|1776059461
|switch|p1a: Iron Hands|Iron Hands|100/100
|move|p2a: Garganacl|Protect||[still]
|-fail|p2a: Garganacl
|
|upkeep
|turn|12
|
|t:|1776059487
|move|p2a: Garganacl|Protect|p2a: Garganacl
|-singleturn|p2a: Garganacl|Protect
|move|p1a: Iron Hands|Thunder Punch|p2a: Garganacl
|-activate|p2a: Garganacl|move: Protect
|
|upkeep
|turn|13
|l|☆Paullam2k11
|player|p2|
|j|☆Paullam2k11
|player|p2|Paullam2k11|waiter-gen4|
|inactive|Battle timer is ON: inactive players will automatically lose when time's up. (requested by dang21)
|
|t:|1776059542
|-end|p1a: Iron Hands|Quark Drive|[silent]
|switch|p1a: Hydrapple|Hydrapple, F|54/100 tox
|move|p2a: Garganacl|Protect||[still]
|-fail|p2a: Garganacl
|
|-damage|p1a: Hydrapple|48/100 tox|[from] psn
|upkeep
|turn|14
|
|t:|1776059557
|switch|p1a: Grimmsnarl|Grimmsnarl, M, shiny|100/100
|switch|p2a: Gliscor|Gliscor, F, shiny|100/100
|
|-status|p2a: Gliscor|tox|[from] item: Toxic Orb
|upkeep
|turn|15
|
|t:|1776059565
|move|p1a: Grimmsnarl|Parting Shot|p2a: Gliscor
|-unboost|p2a: Gliscor|atk|1
|-unboost|p2a: Gliscor|spa|1
|
|t:|1776059570
|switch|p1a: Hydrapple|Hydrapple, F|81/100 tox|[from] Parting Shot
|move|p2a: Gliscor|Substitute|p2a: Gliscor
|-start|p2a: Gliscor|Substitute
|-damage|p2a: Gliscor|75/100 tox
|
|-heal|p2a: Gliscor|88/100 tox|[from] ability: Poison Heal
|-damage|p1a: Hydrapple|75/100 tox|[from] psn
|upkeep
|turn|16
|
|t:|1776059585
|move|p2a: Gliscor|Protect|p2a: Gliscor
|-singleturn|p2a: Gliscor|Protect
|move|p1a: Hydrapple|Fickle Beam|p2a: Gliscor
|-activate|p2a: Gliscor|move: Protect
|
|-heal|p2a: Gliscor|100/100 tox|[from] ability: Poison Heal
|-damage|p1a: Hydrapple|63/100 tox|[from] psn
|upkeep
|turn|17
|
|t:|1776059598
|move|p2a: Gliscor|Earthquake|p1a: Hydrapple
|-resisted|p1a: Hydrapple
|-damage|p1a: Hydrapple|57/100 tox
|move|p1a: Hydrapple|Fickle Beam|p2a: Gliscor
|-end|p2a: Gliscor|Substitute
|
|-damage|p1a: Hydrapple|38/100 tox|[from] psn
|upkeep
|turn|18
|
|t:|1776059617
|switch|p2a: Corviknight|Corviknight, F|70/100
|-ability|p2a: Corviknight|Pressure
|switch|p1a: Moltres|Moltres|100/100
|
|upkeep
|turn|19
|-message|Paullam2k11 forfeited.
|
|win|dang21
|raw|dang21's rating: 1211 &rarr; <strong>1233</strong><br />(+22 for winning)
|raw|Paullam2k11's rating: 1171 &rarr; <strong>1149</strong><br />(-22 for losing)
|l|☆Paullam2k11
|player|p2|
|l|☆dang21
|player|p1|
