|html|<div class="broadcast-blue"><strong>[Gen 9] OU is currently suspecting Volcarona! For information on how to participate check out the <a href="https://www.smogon.com/tools/suspects/view/208">suspect thread</a>.</strong></div>
|j|☆inframono
|j|☆Yespoleon
|t:|1778512723
|gametype|singles
|player|p1|inframono|battlegirl-gen4|1623
|player|p2|Yespoleon|brock|1655
|gen|9
|tier|[Gen 9] OU
|rated|
|rule|HP Percentage Mod: HP is shown in percentages
|rule|Endless Battle Clause: Forcing endless battles is banned
|rule|Species Clause: Limit one of each Pokémon
|rule|OHKO Clause: OHKO moves are banned
|rule|Evasion Items Clause: Evasion items are banned
|rule|Evasion Moves Clause: Evasion moves are banned
|rule|Evasion Abilities Clause: Evasion abilities are banned
|rule|Sleep Moves Clause: Sleep-inducing moves are banned
|clearpoke
|poke|p1|Gliscor, F|
|poke|p1|Clefable, M|
|poke|p1|Skarmory, F|
|poke|p1|Blissey, F|
|poke|p1|Skeledirge, M|
|poke|p1|Ogerpon, F|
|poke|p2|Dragonite, F|
|poke|p2|Samurott-Hisui, F|
|poke|p2|Gholdengo|
|poke|p2|Pecharunt|
|poke|p2|Walking Wake|
|poke|p2|Ting-Lu|
|teampreview
|inactive|Battle timer is ON: inactive players will automatically lose when time's up. (requested by Yespoleon)
|inactive|inframono also wants the timer to be on.
|j| Fat_Yogi
|
|t:|1778512734
|teamsize|p1|6
|teamsize|p2|6
|start
|switch|p1a: Gliscor|Gliscor, F|100/100
|switch|p2a: Walking Wake|Walking Wake|100/100
|turn|1
|
|t:|1778512738
|move|p1a: Gliscor|Protect|p1a: Gliscor
|-singleturn|p1a: Gliscor|Protect
|move|p2a: Walking Wake|Knock Off|p1a: Gliscor
|-activate|p1a: Gliscor|move: Protect
|
|-status|p1a: Gliscor|tox|[from] item: Toxic Orb
|upkeep
|turn|2
|
|t:|1778512758
|move|p2a: Walking Wake|Surf|p1a: Gliscor
|-supereffective|p1a: Gliscor
|-damage|p1a: Gliscor|0 fnt
|faint|p1a: Gliscor
|
|upkeep
|
|t:|1778512762
|switch|p1a: Blissey|Blissey, F|100/100
|turn|3
|
|t:|1778512765
|move|p2a: Walking Wake|Flip Turn|p1a: Blissey
|-damage|p1a: Blissey|84/100
|
|t:|1778512769
|-end|p2a: Walking Wake|Protosynthesis|[silent]
|switch|p2a: Ting-Lu|Ting-Lu|100/100|[from] Flip Turn
|-ability|p2a: Ting-Lu|Vessel of Ruin
|move|p1a: Blissey|Stealth Rock|p2a: Ting-Lu
|-sidestart|p2: Yespoleon|move: Stealth Rock
|
|upkeep
|turn|4
|
|t:|1778512774
|switch|p1a: Clefable|Clefable, M|100/100
|move|p2a: Ting-Lu|Stealth Rock|p1a: Clefable
|-sidestart|p1: inframono|move: Stealth Rock
|
|upkeep
|turn|5
|
|t:|1778512784
|switch|p2a: Gholdengo|Gholdengo|100/100
|-damage|p2a: Gholdengo|94/100|[from] Stealth Rock
|move|p1a: Clefable|Trick|p2a: Gholdengo
|-immune|p2a: Gholdengo|[from] ability: Good as Gold
|
|upkeep
|turn|6
|
|t:|1778512794
|switch|p1a: Ogerpon|Ogerpon, F|100/100
|move|p2a: Gholdengo|Trick|p1a: Ogerpon
|-activate|p2a: Gholdengo|move: Trick|[of] p1a: Ogerpon
|-item|p1a: Ogerpon|Choice Scarf|[from] move: Trick
|-item|p2a: Gholdengo|Heavy-Duty Boots|[from] move: Trick
|
|upkeep
|turn|7
|
|t:|1778512803
|move|p1a: Ogerpon|Knock Off|p2a: Gholdengo
|-supereffective|p2a: Gholdengo
|-damage|p2a: Gholdengo|20/100
|-enditem|p2a: Gholdengo|Heavy-Duty Boots|[from] move: Knock Off|[of] p1a: Ogerpon
|move|p2a: Gholdengo|Recover|p2a: Gholdengo
|-heal|p2a: Gholdengo|70/100
|
|upkeep
|turn|8
|
|t:|1778512813
|switch|p2a: Ting-Lu|Ting-Lu|100/100
|-damage|p2a: Ting-Lu|94/100|[from] Stealth Rock
|-ability|p2a: Ting-Lu|Vessel of Ruin
|move|p1a: Ogerpon|Knock Off|p2a: Ting-Lu
|-resisted|p2a: Ting-Lu
|-damage|p2a: Ting-Lu|85/100
|-enditem|p2a: Ting-Lu|Leftovers|[from] move: Knock Off|[of] p1a: Ogerpon
|
|upkeep
|turn|9
|
|t:|1778512818
|switch|p1a: Clefable|Clefable, M|100/100
|move|p2a: Ting-Lu|Ruination|p1a: Clefable
|-damage|p1a: Clefable|50/100
|
|upkeep
|turn|10
|
|t:|1778512824
|switch|p2a: Gholdengo|Gholdengo|70/100
|-damage|p2a: Gholdengo|64/100|[from] Stealth Rock
|move|p1a: Clefable|Moonblast|p2a: Gholdengo
|-resisted|p2a: Gholdengo
|-damage|p2a: Gholdengo|45/100
|
|upkeep
|turn|11
|
|t:|1778512829
|switch|p1a: Blissey|Blissey, F|84/100
|move|p2a: Gholdengo|Recover|p2a: Gholdengo
|-heal|p2a: Gholdengo|95/100
|
|upkeep
|turn|12
|
|t:|1778512836
|move|p2a: Gholdengo|Trick|p1a: Blissey
|-activate|p2a: Gholdengo|move: Trick|[of] p1a: Blissey
|-enditem|p1a: Blissey|Heavy-Duty Boots|[silent]|[from] move: Trick
|-item|p2a: Gholdengo|Heavy-Duty Boots|[from] move: Trick
|move|p1a: Blissey|Ice Beam|p2a: Gholdengo
|-resisted|p2a: Gholdengo
|-damage|p2a: Gholdengo|85/100
|
|upkeep
|turn|13
|
|t:|1778512844
|switch|p2a: Samurott|Samurott-Hisui, F|100/100
|-damage|p2a: Samurott|88/100|[from] Stealth Rock
|move|p1a: Blissey|Ice Beam|p2a: Samurott
|-resisted|p2a: Samurott
|-damage|p2a: Samurott|82/100
|
|upkeep
|turn|14
|j| Gardevoir to 1800s
|
|t:|1778512850
|switch|p1a: Ogerpon|Ogerpon, F|100/100
|-damage|p1a: Ogerpon|88/100|[from] Stealth Rock
|move|p2a: Samurott|Ceaseless Edge|p1a: Ogerpon
|-damage|p1a: Ogerpon|36/100
|-sidestart|p1: inframono|Spikes
|
|upkeep
|turn|15
|
|t:|1778512860
|switch|p2a: Dragonite|Dragonite, F|100/100
|move|p1a: Ogerpon|Ivy Cudgel|p2a: Dragonite
|-resisted|p2a: Dragonite
|-damage|p2a: Dragonite|95/100
|
|upkeep
|turn|16
|
|t:|1778512863
|switch|p1a: Skarmory|Skarmory, F|100/100
|-damage|p1a: Skarmory|88/100|[from] Stealth Rock
|move|p2a: Dragonite|Dragon Tail|p1a: Skarmory
|-resisted|p1a: Skarmory
|-damage|p1a: Skarmory|78/100
|drag|p1a: Skeledirge|Skeledirge, M, shiny|100/100
|
|upkeep
|turn|17
|
|t:|1778512871
|switch|p2a: Gholdengo|Gholdengo|85/100
|switch|p1a: Skarmory|Skarmory, F|78/100
|-damage|p1a: Skarmory|65/100|[from] Stealth Rock
|
|upkeep
|turn|18
|j| Ting-Lu1234
|
|t:|1778512876
|switch|p1a: Blissey|Blissey, F|84/100
|-damage|p1a: Blissey|72/100|[from] Stealth Rock
|-damage|p1a: Blissey|60/100|[from] Spikes
|move|p2a: Gholdengo|Shadow Ball|p1a: Blissey
|-immune|p1a: Blissey
|
|upkeep
|turn|19
|
|t:|1778512883
|switch|p2a: Samurott|Samurott-Hisui, F|82/100
|-damage|p2a: Samurott|70/100|[from] Stealth Rock
|move|p1a: Blissey|Soft-Boiled|p1a: Blissey
|-heal|p1a: Blissey|100/100
|
|upkeep
|turn|20
|
|t:|1778512888
|switch|p1a: Skarmory|Skarmory, F|65/100
|-damage|p1a: Skarmory|53/100|[from] Stealth Rock
|move|p2a: Samurott|Ceaseless Edge|p1a: Skarmory
|-crit|p1a: Skarmory
|-damage|p1a: Skarmory|18/100
|-sidestart|p1: inframono|Spikes
|
|upkeep
|turn|21
|
|t:|1778512893
|move|p2a: Samurott|Ceaseless Edge|p1a: Skarmory
|-crit|p1a: Skarmory
|-damage|p1a: Skarmory|0 fnt
|-sidestart|p1: inframono|Spikes
|faint|p1a: Skarmory
|
|upkeep
|
|t:|1778512895
|switch|p1a: Clefable|Clefable, M|50/100
|turn|22
|
|t:|1778512899
|move|p2a: Samurott|Flip Turn|p1a: Clefable
|-damage|p1a: Clefable|30/100
|
|t:|1778512904
|switch|p2a: Gholdengo|Gholdengo|85/100|[from] Flip Turn
|move|p1a: Clefable|Moonlight|p1a: Clefable
|-heal|p1a: Clefable|80/100
|
|upkeep
|turn|23
|
|t:|1778512913
|switch|p1a: Blissey|Blissey, F|100/100
|-damage|p1a: Blissey|88/100|[from] Stealth Rock
|-damage|p1a: Blissey|63/100|[from] Spikes
|move|p2a: Gholdengo|Make It Rain|p1a: Blissey
|-crit|p1a: Blissey
|-damage|p1a: Blissey|32/100
|-unboost|p2a: Gholdengo|spa|1
|
|upkeep
|turn|24
|
|t:|1778512925
|switch|p2a: Dragonite|Dragonite, F|95/100
|move|p1a: Blissey|Soft-Boiled|p1a: Blissey
|-heal|p1a: Blissey|82/100
|
|upkeep
|turn|25
|
|t:|1778512929
|move|p1a: Blissey|Ice Beam|p2a: Dragonite
|-supereffective|p2a: Dragonite
|-damage|p2a: Dragonite|36/100
|move|p2a: Dragonite|Dragon Tail|p1a: Blissey
|-damage|p1a: Blissey|45/100
|drag|p1a: Skeledirge|Skeledirge, M, shiny|100/100
|
|upkeep
|turn|26
|c| Gardevoir to 1800s|do your pokemon all have scope lens or something
|
|t:|1778512936
|move|p2a: Dragonite|Roost|p2a: Dragonite
|-heal|p2a: Dragonite|86/100
|-singleturn|p2a: Dragonite|move: Roost
|move|p1a: Skeledirge|Torch Song|p2a: Dragonite
|-resisted|p2a: Dragonite
|-damage|p2a: Dragonite|74/100
|-boost|p1a: Skeledirge|spa|1
|
|upkeep
|turn|27
|c|☆Yespoleon|yeah
|
|t:|1778512945
|move|p2a: Dragonite|Roost|p2a: Dragonite
|-heal|p2a: Dragonite|100/100
|-singleturn|p2a: Dragonite|move: Roost
|move|p1a: Skeledirge|Hex|p2a: Dragonite
|-crit|p2a: Dragonite
|-damage|p2a: Dragonite|74/100
|
|upkeep
|turn|28
|
|t:|1778512950
|switch|p2a: Ting-Lu|Ting-Lu|85/100
|-damage|p2a: Ting-Lu|79/100|[from] Stealth Rock
|-ability|p2a: Ting-Lu|Vessel of Ruin
|move|p1a: Skeledirge|Hex|p2a: Ting-Lu
|-resisted|p2a: Ting-Lu
|-damage|p2a: Ting-Lu|71/100
|
|upkeep
|turn|29
|
|t:|1778512955
|move|p1a: Skeledirge|Scorching Sands|p2a: Ting-Lu
|-damage|p2a: Ting-Lu|60/100
|move|p2a: Ting-Lu|Earthquake|p1a: Skeledirge
|-supereffective|p1a: Skeledirge
|-damage|p1a: Skeledirge|42/100
|
|upkeep
|turn|30
|
|t:|1778512964
|move|p1a: Skeledirge|Scorching Sands|p2a: Ting-Lu
|-damage|p2a: Ting-Lu|49/100
|-status|p2a: Ting-Lu|brn
|move|p2a: Ting-Lu|Earthquake|p1a: Skeledirge
|-supereffective|p1a: Skeledirge
|-damage|p1a: Skeledirge|12/100
|
|-damage|p2a: Ting-Lu|43/100 brn|[from] brn
|upkeep
|turn|31
|
|t:|1778512978
|move|p1a: Skeledirge|Slack Off|p1a: Skeledirge
|-heal|p1a: Skeledirge|63/100
|move|p2a: Ting-Lu|Earthquake|p1a: Skeledirge
|-supereffective|p1a: Skeledirge
|-crit|p1a: Skeledirge
|-damage|p1a: Skeledirge|19/100
|
|-damage|p2a: Ting-Lu|37/100 brn|[from] brn
|upkeep
|turn|32
|
|t:|1778512983
|move|p1a: Skeledirge|Slack Off|p1a: Skeledirge
|-heal|p1a: Skeledirge|70/100
|move|p2a: Ting-Lu|Earthquake|p1a: Skeledirge
|-supereffective|p1a: Skeledirge
|-damage|p1a: Skeledirge|40/100
|
|-damage|p2a: Ting-Lu|30/100 brn|[from] brn
|upkeep
|turn|33
|c|☆Yespoleon|scope lens ting lu
|
|t:|1778512993
|move|p1a: Skeledirge|Slack Off|p1a: Skeledirge
|-heal|p1a: Skeledirge|91/100
|move|p2a: Ting-Lu|Earthquake|p1a: Skeledirge
|-supereffective|p1a: Skeledirge
|-damage|p1a: Skeledirge|59/100
|
|-damage|p2a: Ting-Lu|24/100 brn|[from] brn
|upkeep
|turn|34
|
|t:|1778512997
|move|p1a: Skeledirge|Torch Song|p2a: Ting-Lu
|-damage|p2a: Ting-Lu|7/100 brn
|-boost|p1a: Skeledirge|spa|1
|move|p2a: Ting-Lu|Earthquake|p1a: Skeledirge
|-supereffective|p1a: Skeledirge
|-damage|p1a: Skeledirge|28/100
|
|-damage|p2a: Ting-Lu|1/100 brn|[from] brn
|upkeep
|turn|35
|
|t:|1778513005
|move|p1a: Skeledirge|Slack Off|p1a: Skeledirge
|-heal|p1a: Skeledirge|78/100
|move|p2a: Ting-Lu|Earthquake|p1a: Skeledirge
|-supereffective|p1a: Skeledirge
|-damage|p1a: Skeledirge|47/100
|
|-damage|p2a: Ting-Lu|0 fnt|[from] brn
|faint|p2a: Ting-Lu
|upkeep
|
|t:|1778513009
|switch|p2a: Walking Wake|Walking Wake|100/100
|turn|36
|
|t:|1778513015
|-terastallize|p1a: Skeledirge|Poison
|move|p2a: Walking Wake|Surf|p1a: Skeledirge
|-damage|p1a: Skeledirge|11/100
|move|p1a: Skeledirge|Slack Off|p1a: Skeledirge
|-heal|p1a: Skeledirge|61/100
|
|upkeep
|turn|37
|
|t:|1778513021
|move|p2a: Walking Wake|Knock Off|p1a: Skeledirge
|-damage|p1a: Skeledirge|48/100
|-enditem|p1a: Skeledirge|Heavy-Duty Boots|[from] move: Knock Off|[of] p2a: Walking Wake
|move|p1a: Skeledirge|Slack Off|p1a: Skeledirge
|-heal|p1a: Skeledirge|98/100
|
|upkeep
|turn|38
|
|t:|1778513036
|move|p2a: Walking Wake|Draco Meteor|p1a: Skeledirge|[miss]
|-miss|p2a: Walking Wake|p1a: Skeledirge
|move|p1a: Skeledirge|Hex|p2a: Walking Wake
|-damage|p2a: Walking Wake|42/100
|
|upkeep
|turn|39
|
|t:|1778513040
|move|p2a: Walking Wake|Flip Turn|p1a: Skeledirge
|-damage|p1a: Skeledirge|84/100
|
|t:|1778513054
|-end|p2a: Walking Wake|Protosynthesis|[silent]
|switch|p2a: Samurott|Samurott-Hisui, F|70/100|[from] Flip Turn
|-damage|p2a: Samurott|58/100|[from] Stealth Rock
|move|p1a: Skeledirge|Hex|p2a: Samurott
|-resisted|p2a: Samurott
|-damage|p2a: Samurott|43/100
|
|upkeep
|turn|40
|
|t:|1778513062
|move|p2a: Samurott|Ceaseless Edge|p1a: Skeledirge
|-crit|p1a: Skeledirge
|-damage|p1a: Skeledirge|35/100
|move|p1a: Skeledirge|Scorching Sands|p2a: Samurott
|-damage|p2a: Samurott|22/100
|
|upkeep
|turn|41
|
|t:|1778513066
|move|p2a: Samurott|Ceaseless Edge|p1a: Skeledirge
|-crit|p1a: Skeledirge
|-damage|p1a: Skeledirge|0 fnt
|faint|p1a: Skeledirge
|
|upkeep
|c|☆Yespoleon|scope lens av hrott
|-message|inframono forfeited.
|
|win|Yespoleon
|raw|inframono's rating: 1623 &rarr; <strong>1605</strong><br />(-18 for losing)
|raw|Yespoleon's rating: 1655 &rarr; <strong>1673</strong><br />(+18 for winning)
|l|☆inframono
|player|p1|
|l|☆Yespoleon
|player|p2|
|l| Gardevoir to 1800s
|l| Ting-Lu1234
|l| Fat_Yogi
