|html|<div class="broadcast-blue"><strong>[Gen 9] OU is currently suspecting Tera Blast! For information on how to participate check out the <a href="https://www.smogon.com/tools/suspects/view/200">suspect thread</a>.</strong></div>
|j|☆laucan
|j|☆The Quaggie Boys
|t:|1776132144
|gametype|singles
|player|p1|laucan|guitarist|1040
|player|p2|The Quaggie Boys|ingo|1000
|gen|9
|tier|[Gen 9] OU
|rated|
|rule|HP Percentage Mod: HP is shown in percentages
|rule|Endless Battle Clause: Forcing endless battles is banned
|rule|Species Clause: Limit one of each Pokémon
|rule|OHKO Clause: OHKO moves are banned
|rule|Evasion Items Clause: Evasion items are banned
|rule|Evasion Moves Clause: Evasion moves are banned
|rule|Evasion Abilities Clause: Evasion abilities are banned
|rule|Sleep Moves Clause: Sleep-inducing moves are banned
|clearpoke
|poke|p1|Great Tusk|
|poke|p1|Greninja-*, M|
|poke|p1|Ogerpon, F|
|poke|p1|Porygon2|
|poke|p1|Dragonite, F|
|poke|p1|Hatterene, F|
|poke|p2|Quagsire, F|
|poke|p2|Camerupt, M|
|poke|p2|Hatterene, F|
|poke|p2|Hoopa-Unbound|
|poke|p2|Diancie|
|poke|p2|Necrozma|
|teampreview
|inactive|Battle timer is ON: inactive players will automatically lose when time's up. (requested by The Quaggie Boys)
|inactive|laucan also wants the timer to be on.
|
|t:|1776132158
|teamsize|p1|6
|teamsize|p2|6
|start
|switch|p1a: Ogerpon|Ogerpon, F|100/100
|switch|p2a: Necrozma|Necrozma|100/100
|turn|1
|
|t:|1776132164
|move|p1a: Ogerpon|Swords Dance|p1a: Ogerpon
|-boost|p1a: Ogerpon|atk|2
|move|p2a: Necrozma|Trick Room|p2a: Necrozma
|-fieldstart|move: Trick Room|[of] p2a: Necrozma
|
|upkeep
|turn|2
|
|t:|1776132170
|move|p2a: Necrozma|Meteor Beam||[still]
|-prepare|p2a: Necrozma|Meteor Beam
|-boost|p2a: Necrozma|spa|1
|-enditem|p2a: Necrozma|Power Herb
|-anim|p2a: Necrozma|Meteor Beam|p1a: Ogerpon
|-damage|p1a: Ogerpon|17/100
|move|p1a: Ogerpon|Horn Leech|p2a: Necrozma
|-damage|p2a: Necrozma|14/100
|-heal|p1a: Ogerpon|75/100|[from] drain|[of] p2a: Necrozma
|-damage|p1a: Ogerpon|65/100|[from] item: Life Orb
|
|upkeep
|turn|3
|
|t:|1776132182
|switch|p1a: Porygon2|Porygon2|100/100
|move|p2a: Necrozma|Photon Geyser|p1a: Porygon2
|-damage|p1a: Porygon2|51/100
|
|upkeep
|turn|4
|
|t:|1776132190
|move|p1a: Porygon2|Tri Attack|p2a: Necrozma
|-damage|p2a: Necrozma|0 fnt
|faint|p2a: Necrozma
|
|upkeep
|
|t:|1776132195
|switch|p2a: Camerupt|Camerupt, M, shiny|100/100
|turn|5
|
|t:|1776132201
|switch|p1a: Hatterene|Hatterene, F|100/100
|move|p2a: Camerupt|Overheat|p1a: Hatterene
|-crit|p1a: Hatterene
|-damage|p1a: Hatterene|0 fnt
|-unboost|p2a: Camerupt|spa|2
|faint|p1a: Hatterene
|
|-fieldend|move: Trick Room
|upkeep
|
|t:|1776132209
|switch|p1a: Greninja|Greninja, M|100/100
|turn|6
|
|t:|1776132218
|switch|p2a: Hoopa|Hoopa-Unbound|100/100
|move|p1a: Greninja|Surf|p2a: Hoopa
|-damage|p2a: Hoopa|63/100
|
|upkeep
|turn|7
|
|t:|1776132228
|move|p1a: Greninja|Dark Pulse|p2a: Hoopa
|-damage|p2a: Hoopa|30/100
|move|p2a: Hoopa|Trick Room|p2a: Hoopa
|-fieldstart|move: Trick Room|[of] p2a: Hoopa
|
|upkeep
|turn|8
|
|t:|1776132241
|switch|p1a: Porygon2|Porygon2|51/100
|move|p2a: Hoopa|Drain Punch|p1a: Porygon2
|-supereffective|p1a: Porygon2
|-damage|p1a: Porygon2|1/100
|-heal|p2a: Hoopa|58/100|[from] drain|[of] p1a: Porygon2
|-damage|p2a: Hoopa|48/100|[from] item: Life Orb
|
|upkeep
|turn|9
|
|t:|1776132250
|move|p1a: Porygon2|Tri Attack|p2a: Hoopa
|-damage|p2a: Hoopa|9/100
|-status|p2a: Hoopa|brn
|move|p2a: Hoopa|Drain Punch|p1a: Porygon2
|-supereffective|p1a: Porygon2
|-damage|p1a: Porygon2|0 fnt
|-heal|p2a: Hoopa|10/100 brn|[from] drain|[of] p1a: Porygon2
|faint|p1a: Porygon2
|-damage|p2a: Hoopa|0 fnt|[from] item: Life Orb
|faint|p2a: Hoopa
|
|upkeep
|
|t:|1776132262
|switch|p1a: Dragonite|Dragonite, F|100/100
|switch|p2a: Camerupt|Camerupt, M, shiny|100/100
|turn|10
|
|t:|1776132267
|move|p2a: Camerupt|Will-O-Wisp|p1a: Dragonite
|-status|p1a: Dragonite|brn
|move|p1a: Dragonite|Earthquake|p2a: Camerupt
|-supereffective|p2a: Camerupt
|-damage|p2a: Camerupt|63/100
|
|-damage|p1a: Dragonite|94/100 brn|[from] brn
|upkeep
|turn|11
|
|t:|1776132276
|move|p2a: Camerupt|Overheat|p1a: Dragonite
|-resisted|p1a: Dragonite
|-damage|p1a: Dragonite|55/100 brn
|-unboost|p2a: Camerupt|spa|2
|move|p1a: Dragonite|Earthquake|p2a: Camerupt
|-supereffective|p2a: Camerupt
|-damage|p2a: Camerupt|24/100
|
|-damage|p1a: Dragonite|48/100 brn|[from] brn
|-fieldend|move: Trick Room
|upkeep
|turn|12
|
|t:|1776132291
|switch|p1a: Ogerpon|Ogerpon, F|65/100
|move|p2a: Camerupt|Flamethrower|p1a: Ogerpon
|-supereffective|p1a: Ogerpon
|-damage|p1a: Ogerpon|6/100
|
|upkeep
|turn|13
|
|t:|1776132297
|move|p1a: Ogerpon|Horn Leech|p2a: Camerupt
|-damage|p2a: Camerupt|0 fnt
|-heal|p1a: Ogerpon|20/100|[from] drain|[of] p2a: Camerupt
|faint|p2a: Camerupt
|-damage|p1a: Ogerpon|10/100|[from] item: Life Orb
|
|upkeep
|
|t:|1776132305
|switch|p2a: Hatterene|Hatterene, F|100/100
|turn|14
|
|t:|1776132317
|move|p1a: Ogerpon|Horn Leech|p2a: Hatterene
|-damage|p2a: Hatterene|48/100
|-heal|p1a: Ogerpon|38/100|[from] drain|[of] p2a: Hatterene
|-damage|p1a: Ogerpon|28/100|[from] item: Life Orb
|move|p2a: Hatterene|Trick Room|p2a: Hatterene
|-fieldstart|move: Trick Room|[of] p2a: Hatterene
|
|upkeep
|turn|15
|
|t:|1776132325
|switch|p1a: Dragonite|Dragonite, F|48/100 brn
|move|p2a: Hatterene|Draining Kiss|p1a: Dragonite
|-supereffective|p1a: Dragonite
|-damage|p1a: Dragonite|0 fnt
|-heal|p2a: Hatterene|84/100|[from] drain|[of] p1a: Dragonite
|faint|p1a: Dragonite
|-damage|p2a: Hatterene|74/100|[from] item: Life Orb
|
|upkeep
|
|t:|1776132329
|switch|p1a: Greninja|Greninja, M|100/100
|turn|16
|
|t:|1776132336
|switch|p1a: Great Tusk|Great Tusk|100/100
|move|p2a: Hatterene|Draining Kiss|p1a: Great Tusk
|-supereffective|p1a: Great Tusk
|-crit|p1a: Great Tusk
|-damage|p1a: Great Tusk|0 fnt
|-heal|p2a: Hatterene|100/100|[from] drain|[of] p1a: Great Tusk
|faint|p1a: Great Tusk
|-end|p1a: Great Tusk|Protosynthesis|[silent]
|-damage|p2a: Hatterene|91/100|[from] item: Life Orb
|
|upkeep
|
|t:|1776132339
|switch|p1a: Greninja|Greninja, M|100/100
|turn|17
|
|t:|1776132347
|-terastallize|p1a: Greninja|Poison
|move|p2a: Hatterene|Draining Kiss|p1a: Greninja
|-resisted|p1a: Greninja
|-damage|p1a: Greninja|72/100
|-heal|p2a: Hatterene|100/100|[from] drain|[of] p1a: Greninja
|-damage|p2a: Hatterene|91/100|[from] item: Life Orb
|move|p1a: Greninja|Sludge Wave|p2a: Hatterene
|-supereffective|p2a: Hatterene
|-damage|p2a: Hatterene|0 fnt
|faint|p2a: Hatterene
|-ability|p1a: Greninja|Battle Bond|boost
|-boost|p1a: Greninja|atk|1
|-boost|p1a: Greninja|spa|1
|-boost|p1a: Greninja|spe|1
|-activate|p1a: Greninja|ability: Battle Bond
|
|upkeep
|
|t:|1776132361
|switch|p2a: Quagsire|Quagsire, F, shiny|100/100
|turn|18
|
|t:|1776132368
|move|p2a: Quagsire|Earthquake|p1a: Greninja
|-supereffective|p1a: Greninja
|-damage|p1a: Greninja|0 fnt
|faint|p1a: Greninja
|
|-fieldend|move: Trick Room
|upkeep
|
|t:|1776132370
|switch|p1a: Ogerpon|Ogerpon, F|28/100
|turn|19
|
|t:|1776132375
|move|p1a: Ogerpon|Horn Leech|p2a: Quagsire
|-supereffective|p2a: Quagsire
|-damage|p2a: Quagsire|0 fnt
|-heal|p1a: Ogerpon|93/100|[from] drain|[of] p2a: Quagsire
|faint|p2a: Quagsire
|-damage|p1a: Ogerpon|83/100|[from] item: Life Orb
|
|upkeep
|
|t:|1776132382
|switch|p2a: Diancie|Diancie, shiny|100/100
|turn|20
|
|t:|1776132388
|-terastallize|p2a: Diancie|Grass
|move|p1a: Ogerpon|Ivy Cudgel|p2a: Diancie
|-resisted|p2a: Diancie
|-damage|p2a: Diancie|74/100
|-damage|p1a: Ogerpon|73/100|[from] item: Life Orb
|move|p2a: Diancie|Trick Room|p2a: Diancie
|-fieldstart|move: Trick Room|[of] p2a: Diancie
|
|upkeep
|turn|21
|
|t:|1776132397
|move|p2a: Diancie|Meteor Beam||[still]
|-prepare|p2a: Diancie|Meteor Beam
|-boost|p2a: Diancie|spa|1
|-enditem|p2a: Diancie|Power Herb
|-anim|p2a: Diancie|Meteor Beam|p1a: Ogerpon
|-damage|p1a: Ogerpon|0 fnt
|faint|p1a: Ogerpon
|
|win|The Quaggie Boys
|raw|laucan's rating: 1040 &rarr; <strong>1022</strong><br />(-18 for losing)
|raw|The Quaggie Boys's rating: 1000 &rarr; <strong>1045</strong><br />(+45 for winning)
