|html|<div class="broadcast-blue"><strong>[Gen 9] OU is currently suspecting Tera Blast! For information on how to participate check out the <a href="https://www.smogon.com/tools/suspects/view/200">suspect thread</a>.</strong></div>
|j|☆Silvist
|j|☆Dr. Drake6782
|t:|1776034233
|gametype|singles
|player|p1|Silvist|hilbert|1764
|player|p2|Dr. Drake6782|hilbert-masters|1663
|gen|9
|tier|[Gen 9] OU
|rated|
|rule|HP Percentage Mod: HP is shown in percentages
|rule|Endless Battle Clause: Forcing endless battles is banned
|rule|Species Clause: Limit one of each Pokémon
|rule|OHKO Clause: OHKO moves are banned
|rule|Evasion Items Clause: Evasion items are banned
|rule|Evasion Moves Clause: Evasion moves are banned
|rule|Evasion Abilities Clause: Evasion abilities are banned
|rule|Sleep Moves Clause: Sleep-inducing moves are banned
|clearpoke
|poke|p1|Araquanid, F|
|poke|p1|Dragonite, M|
|poke|p1|Kyurem|
|poke|p1|Raging Bolt|
|poke|p1|Gholdengo|
|poke|p1|Kingambit, M|
|poke|p2|Slowking-Galar, M|
|poke|p2|Ting-Lu|
|poke|p2|Hydrapple, M|
|poke|p2|Corviknight, M|
|poke|p2|Cinderace, M|
|poke|p2|Dondozo, M|
|teampreview
|inactive|Battle timer is ON: inactive players will automatically lose when time's up. (requested by Dr. Drake6782)
|inactive|Dr. Drake6782 has 120 seconds left.
|
|t:|1776034265
|teamsize|p1|6
|teamsize|p2|6
|start
|switch|p1a: Kyurem|Kyurem|100/100
|switch|p2a: Hydrapple|Hydrapple, M, shiny|100/100
|-ability|p1a: Kyurem|Pressure
|turn|1
|
|t:|1776034274
|switch|p2a: Slowking|Slowking-Galar, M, shiny|100/100
|move|p1a: Kyurem|Draco Meteor|p2a: Slowking
|-crit|p2a: Slowking
|-damage|p2a: Slowking|0 fnt
|-unboost|p1a: Kyurem|spa|2
|faint|p2a: Slowking
|
|upkeep
|
|t:|1776034279
|switch|p2a: Ting-Lu|Ting-Lu|100/100
|-ability|p2a: Ting-Lu|Vessel of Ruin
|turn|2
|
|t:|1776034285
|switch|p1a: Araquanid|Araquanid, F|100/100
|move|p2a: Ting-Lu|Payback|p1a: Araquanid
|-damage|p1a: Araquanid|82/100
|
|upkeep
|turn|3
|
|t:|1776034304
|switch|p2a: Hydrapple|Hydrapple, M, shiny|100/100
|move|p1a: Araquanid|Surf|p2a: Hydrapple
|-resisted|p2a: Hydrapple
|-damage|p2a: Hydrapple|88/100
|
|-heal|p2a: Hydrapple|94/100|[from] item: Leftovers
|upkeep
|turn|4
|j| Vicillo03
|inactive|Silvist has 120 seconds left.
|
|t:|1776034345
|switch|p1a: Gholdengo|Gholdengo|100/100
|-item|p1a: Gholdengo|Air Balloon
|move|p2a: Hydrapple|Nasty Plot|p2a: Hydrapple
|-boost|p2a: Hydrapple|spa|2
|
|-heal|p2a: Hydrapple|99/100|[from] item: Leftovers
|upkeep
|turn|5
|
|t:|1776034353
|move|p1a: Gholdengo|Nasty Plot|p1a: Gholdengo
|-boost|p1a: Gholdengo|spa|2
|move|p2a: Hydrapple|Giga Drain|p1a: Gholdengo
|-resisted|p1a: Gholdengo
|-damage|p1a: Gholdengo|60/100
|-heal|p2a: Hydrapple|100/100|[from] drain|[of] p1a: Gholdengo
|-enditem|p1a: Gholdengo|Air Balloon
|
|upkeep
|turn|6
|inactive|Silvist has 120 seconds left.
|
|t:|1776034361
|switch|p2a: Ting-Lu|Ting-Lu|100/100
|-ability|p2a: Ting-Lu|Vessel of Ruin
|move|p1a: Gholdengo|Make It Rain|p2a: Ting-Lu
|-damage|p2a: Ting-Lu|50/100
|-unboost|p1a: Gholdengo|spa|1
|
|-heal|p2a: Ting-Lu|56/100|[from] item: Leftovers
|upkeep
|turn|7
|inactive|Silvist has 120 seconds left.
|
|t:|1776034371
|switch|p1a: Kyurem|Kyurem|100/100
|-ability|p1a: Kyurem|Pressure
|move|p2a: Ting-Lu|Payback|p1a: Kyurem
|-damage|p1a: Kyurem|81/100
|
|-heal|p2a: Ting-Lu|62/100|[from] item: Leftovers
|upkeep
|turn|8
|
|t:|1776034382
|-terastallize|p2a: Ting-Lu|Poison
|move|p1a: Kyurem|Ice Beam|p2a: Ting-Lu
|-crit|p2a: Ting-Lu
|-damage|p2a: Ting-Lu|20/100
|move|p2a: Ting-Lu|Earthquake|p1a: Kyurem
|-damage|p1a: Kyurem|45/100
|
|-heal|p2a: Ting-Lu|26/100|[from] item: Leftovers
|upkeep
|turn|9
|
|t:|1776034391
|move|p1a: Kyurem|Ice Beam|p2a: Ting-Lu
|-damage|p2a: Ting-Lu|0 fnt
|faint|p2a: Ting-Lu
|
|upkeep
|
|t:|1776034393
|switch|p2a: Cinderace|Cinderace, M|100/100
|turn|10
|inactive|Silvist has 120 seconds left.
|l| Vicillo03
|inactive|Silvist has 90 seconds left.
|
|t:|1776034452
|switch|p1a: Araquanid|Araquanid, F|82/100
|move|p2a: Cinderace|Pyro Ball|p1a: Araquanid
|-damage|p1a: Araquanid|58/100
|
|upkeep
|turn|11
|
|t:|1776034459
|move|p2a: Cinderace|U-turn|p1a: Araquanid
|-damage|p1a: Araquanid|40/100
|
|t:|1776034460
|switch|p2a: Hydrapple|Hydrapple, M, shiny|100/100|[from] U-turn
|move|p1a: Araquanid|Endeavor|p2a: Hydrapple
|-damage|p2a: Hydrapple|33/100
|
|-heal|p2a: Hydrapple|39/100|[from] item: Leftovers
|upkeep
|turn|12
|
|t:|1776034468
|switch|p1a: Gholdengo|Gholdengo|60/100
|move|p2a: Hydrapple|Fickle Beam|p1a: Gholdengo|[anim] Fickle Beam All Out
|-activate|p2a: Hydrapple|move: Fickle Beam
|-resisted|p1a: Gholdengo
|-damage|p1a: Gholdengo|18/100
|
|-heal|p2a: Hydrapple|45/100|[from] item: Leftovers
|upkeep
|turn|13
|
|t:|1776034476
|switch|p2a: Cinderace|Cinderace, M|100/100
|move|p1a: Gholdengo|Shadow Ball|p2a: Cinderace
|-crit|p2a: Cinderace
|-damage|p2a: Cinderace|29/100
|-unboost|p2a: Cinderace|spd|1
|
|upkeep
|turn|14
|
|t:|1776034482
|move|p2a: Cinderace|Pyro Ball|p1a: Gholdengo
|-supereffective|p1a: Gholdengo
|-damage|p1a: Gholdengo|0 fnt
|faint|p1a: Gholdengo
|
|upkeep
|
|t:|1776034501
|switch|p1a: Raging Bolt|Raging Bolt|100/100
|-enditem|p1a: Raging Bolt|Booster Energy
|-activate|p1a: Raging Bolt|ability: Protosynthesis|[fromitem]
|-start|p1a: Raging Bolt|protosynthesisspa
|turn|15
|
|t:|1776034510
|move|p2a: Cinderace|Will-O-Wisp|p1a: Raging Bolt|[miss]
|-miss|p2a: Cinderace|p1a: Raging Bolt
|move|p1a: Raging Bolt|Thunderbolt|p2a: Cinderace
|-damage|p2a: Cinderace|0 fnt
|faint|p2a: Cinderace
|
|upkeep
|
|t:|1776034514
|switch|p2a: Hydrapple|Hydrapple, M, shiny|79/100
|turn|16
|
|t:|1776034517
|move|p1a: Raging Bolt|Dragon Pulse|p2a: Hydrapple
|-supereffective|p2a: Hydrapple
|-damage|p2a: Hydrapple|0 fnt
|faint|p2a: Hydrapple
|
|upkeep
|-message|Dr. Drake6782 forfeited.
|
|win|Silvist
|raw|Silvist's rating: 1764 &rarr; <strong>1778</strong><br />(+14 for winning)
|raw|Dr. Drake6782's rating: 1663 &rarr; <strong>1649</strong><br />(-14 for losing)
|l|☆Dr. Drake6782
|player|p2|
|l|☆Silvist
|player|p1|
