|html|<div class="broadcast-blue"><strong>[Gen 9] OU is currently suspecting Volcarona! For information on how to participate check out the <a href="https://www.smogon.com/tools/suspects/view/208">suspect thread</a>.</strong></div>
|j|☆Borrlock
|j|☆deadlifts23
|t:|1778496571
|gametype|singles
|player|p1|Borrlock|266|1417
|player|p2|deadlifts23|265|1472
|gen|9
|tier|[Gen 9] OU
|rated|
|rule|HP Percentage Mod: HP is shown in percentages
|rule|Endless Battle Clause: Forcing endless battles is banned
|rule|Species Clause: Limit one of each Pokémon
|rule|OHKO Clause: OHKO moves are banned
|rule|Evasion Items Clause: Evasion items are banned
|rule|Evasion Moves Clause: Evasion moves are banned
|rule|Evasion Abilities Clause: Evasion abilities are banned
|rule|Sleep Moves Clause: Sleep-inducing moves are banned
|clearpoke
|poke|p1|Walking Wake|
|poke|p1|Great Tusk|
|poke|p1|Ninetales, F|
|poke|p1|Cresselia, F|
|poke|p1|Zarude|
|poke|p1|Ceruledge, F|
|poke|p2|Landorus-Therian, M|
|poke|p2|Zapdos|
|poke|p2|Tyranitar, F|
|poke|p2|Darkrai|
|poke|p2|Cinderace, M|
|poke|p2|Volcanion|
|teampreview
|inactive|Battle timer is ON: inactive players will automatically lose when time's up. (requested by deadlifts23)
|inactive|Borrlock has 120 seconds left.
|
|t:|1778496608
|teamsize|p1|6
|teamsize|p2|6
|start
|switch|p1a: Ninetales|Ninetales, F|100/100
|switch|p2a: Volcanion|Volcanion|100/100
|-weather|SunnyDay|[from] ability: Drought|[of] p1a: Ninetales
|turn|1
|
|t:|1778496619
|switch|p1a: Cresselia|Cresselia, F|100/100
|move|p2a: Volcanion|Steam Eruption|p1a: Cresselia
|-damage|p1a: Cresselia|82/100
|-enditem|p1a: Cresselia|Eject Button
|inactive|Borrlock has 120 seconds left.
|
|t:|1778496648
|switch|p1a: Walking Wake|Walking Wake|100/100
|-activate|p1a: Walking Wake|ability: Protosynthesis
|-start|p1a: Walking Wake|protosynthesisspe
|
|-weather|SunnyDay|[upkeep]
|upkeep
|turn|2
|inactive|Borrlock has 120 seconds left.
|
|t:|1778496666
|-terastallize|p2a: Volcanion|Fairy
|move|p1a: Walking Wake|Draco Meteor|p2a: Volcanion
|-immune|p2a: Volcanion
|move|p2a: Volcanion|Earth Power|p1a: Walking Wake
|-damage|p1a: Walking Wake|63/100
|
|-weather|SunnyDay|[upkeep]
|upkeep
|turn|3
|inactive|Borrlock has 120 seconds left.
|
|t:|1778496684
|move|p1a: Walking Wake|Weather Ball|p2a: Volcanion
|-damage|p2a: Volcanion|60/100
|move|p2a: Volcanion|Earth Power|p1a: Walking Wake
|-crit|p1a: Walking Wake
|-damage|p1a: Walking Wake|0 fnt
|faint|p1a: Walking Wake
|-end|p1a: Walking Wake|Protosynthesis|[silent]
|
|-weather|SunnyDay|[upkeep]
|upkeep
|inactive|Borrlock has 90 seconds left.
|
|t:|1778496711
|switch|p1a: Cresselia|Cresselia, F|82/100
|turn|4
|inactive|Borrlock has 90 seconds left.
|
|t:|1778496721
|move|p1a: Cresselia|Psychic|p2a: Volcanion
|-damage|p2a: Volcanion|43/100
|move|p2a: Volcanion|Flamethrower|p1a: Cresselia
|-damage|p1a: Cresselia|36/100
|
|-weather|SunnyDay|[upkeep]
|upkeep
|turn|5
|
|t:|1778496730
|move|p1a: Cresselia|Moonlight|p1a: Cresselia
|-heal|p1a: Cresselia|100/100
|move|p2a: Volcanion|Flamethrower|p1a: Cresselia
|-damage|p1a: Cresselia|54/100
|
|-weather|SunnyDay|[upkeep]
|upkeep
|turn|6
|
|t:|1778496746
|move|p1a: Cresselia|Psychic|p2a: Volcanion
|-damage|p2a: Volcanion|27/100
|move|p2a: Volcanion|Flamethrower|p1a: Cresselia
|-damage|p1a: Cresselia|6/100
|
|-weather|SunnyDay|[upkeep]
|upkeep
|turn|7
|
|t:|1778496751
|move|p1a: Cresselia|Moonlight|p1a: Cresselia
|-heal|p1a: Cresselia|72/100
|move|p2a: Volcanion|Flamethrower|p1a: Cresselia
|-crit|p1a: Cresselia
|-damage|p1a: Cresselia|1/100
|
|-weather|SunnyDay|[upkeep]
|upkeep
|turn|8
|
|t:|1778496758
|move|p1a: Cresselia|Thunder Wave|p2a: Volcanion
|-status|p2a: Volcanion|par
|cant|p2a: Volcanion|par
|
|-weather|none
|upkeep
|turn|9
|
|t:|1778496765
|move|p1a: Cresselia|Moonlight|p1a: Cresselia
|-heal|p1a: Cresselia|51/100
|cant|p2a: Volcanion|par
|
|upkeep
|turn|10
|
|t:|1778496772
|move|p1a: Cresselia|Moonlight|p1a: Cresselia
|-heal|p1a: Cresselia|100/100
|move|p2a: Volcanion|Flamethrower|p1a: Cresselia
|-crit|p1a: Cresselia
|-damage|p1a: Cresselia|59/100
|
|upkeep
|turn|11
|
|t:|1778496781
|move|p1a: Cresselia|Psychic|p2a: Volcanion
|-damage|p2a: Volcanion|11/100 par
|move|p2a: Volcanion|Sludge Bomb|p1a: Cresselia
|-damage|p1a: Cresselia|38/100
|
|upkeep
|turn|12
|
|t:|1778496792
|move|p1a: Cresselia|Psychic|p2a: Volcanion
|-damage|p2a: Volcanion|0 fnt
|faint|p2a: Volcanion
|
|upkeep
|
|t:|1778496795
|switch|p2a: Tyranitar|Tyranitar, F|100/100
|-weather|Sandstorm|[from] ability: Sand Stream|[of] p2a: Tyranitar
|turn|13
|
|t:|1778496817
|move|p1a: Cresselia|Thunder Wave|p2a: Tyranitar
|-status|p2a: Tyranitar|par
|move|p2a: Tyranitar|Crunch|p1a: Cresselia
|-supereffective|p1a: Cresselia
|-damage|p1a: Cresselia|0 fnt
|faint|p1a: Cresselia
|
|-weather|Sandstorm|[upkeep]
|upkeep
|inactive|Borrlock has 120 seconds left.
|
|t:|1778496846
|switch|p1a: Great Tusk|Great Tusk|100/100
|turn|14
|
|t:|1778496863
|move|p1a: Great Tusk|Close Combat|p2a: Tyranitar
|-supereffective|p2a: Tyranitar
|-damage|p2a: Tyranitar|0 fnt
|-unboost|p1a: Great Tusk|def|1
|-unboost|p1a: Great Tusk|spd|1
|faint|p2a: Tyranitar
|
|-weather|Sandstorm|[upkeep]
|upkeep
|
|t:|1778496880
|switch|p2a: Darkrai|Darkrai|100/100
|turn|15
|inactive|Borrlock has 90 seconds left.
|
|t:|1778496925
|-terastallize|p1a: Great Tusk|Steel
|move|p2a: Darkrai|Ice Beam|p1a: Great Tusk
|-resisted|p1a: Great Tusk
|-damage|p1a: Great Tusk|75/100
|move|p1a: Great Tusk|Close Combat|p2a: Darkrai
|-supereffective|p2a: Darkrai
|-damage|p2a: Darkrai|0 fnt
|-unboost|p1a: Great Tusk|def|1
|-unboost|p1a: Great Tusk|spd|1
|faint|p2a: Darkrai
|
|-weather|Sandstorm|[upkeep]
|upkeep
|
|t:|1778496938
|switch|p2a: Landorus|Landorus-Therian, M|100/100
|-ability|p2a: Landorus|Intimidate|boost
|-unboost|p1a: Great Tusk|atk|1
|turn|16
|
|t:|1778496946
|-end|p1a: Great Tusk|Protosynthesis|[silent]
|switch|p1a: Ninetales|Ninetales, F|100/100
|-weather|SunnyDay|[from] ability: Drought|[of] p1a: Ninetales
|move|p2a: Landorus|Earthquake|p1a: Ninetales
|-supereffective|p1a: Ninetales
|-damage|p1a: Ninetales|0 fnt
|faint|p1a: Ninetales
|
|-weather|SunnyDay|[upkeep]
|upkeep
|
|t:|1778496963
|switch|p1a: Zarude|Zarude|100/100
|turn|17
|
|t:|1778496970
|move|p1a: Zarude|Swords Dance|p1a: Zarude
|-boost|p1a: Zarude|atk|2
|move|p2a: Landorus|U-turn|p1a: Zarude
|-supereffective|p1a: Zarude
|-damage|p1a: Zarude|21/100
|
|t:|1778496975
|switch|p2a: Cinderace|Cinderace, M|100/100|[from] U-turn
|
|-weather|SunnyDay|[upkeep]
|-heal|p1a: Zarude|28/100|[from] item: Leftovers
|upkeep
|turn|18
|inactive|Borrlock has 90 seconds left.
|
|t:|1778496983
|move|p2a: Cinderace|U-turn|p1a: Zarude
|-start|p2a: Cinderace|typechange|Bug|[from] ability: Libero
|-supereffective|p1a: Zarude
|-crit|p1a: Zarude
|-damage|p1a: Zarude|0 fnt
|faint|p1a: Zarude
|
|t:|1778496996
|switch|p2a: Landorus|Landorus-Therian, M|100/100|[from] U-turn
|
|-weather|SunnyDay|[upkeep]
|upkeep
|
|t:|1778497005
|switch|p1a: Ceruledge|Ceruledge, F|100/100
|turn|19
|inactive|Borrlock has 90 seconds left.
|
|t:|1778497023
|move|p1a: Ceruledge|Bitter Blade|p2a: Landorus
|-damage|p2a: Landorus|44/100
|-damage|p1a: Ceruledge|84/100|[from] item: Rocky Helmet|[of] p2a: Landorus
|move|p2a: Landorus|Earthquake|p1a: Ceruledge
|-supereffective|p1a: Ceruledge
|-damage|p1a: Ceruledge|0 fnt
|faint|p1a: Ceruledge
|
|-weather|SunnyDay|[upkeep]
|upkeep
|inactive|Borrlock has 90 seconds left.
|
|t:|1778497032
|switch|p1a: Great Tusk|Great Tusk, tera:Steel|75/100
|-activate|p1a: Great Tusk|ability: Protosynthesis
|-start|p1a: Great Tusk|protosynthesisatk
|turn|20
|
|t:|1778497046
|move|p1a: Great Tusk|Ice Spinner|p2a: Landorus
|-supereffective|p2a: Landorus
|-damage|p2a: Landorus|0 fnt
|-damage|p1a: Great Tusk|59/100|[from] item: Rocky Helmet|[of] p2a: Landorus
|faint|p2a: Landorus
|
|-weather|SunnyDay|[upkeep]
|upkeep
|
|t:|1778497049
|switch|p2a: Cinderace|Cinderace, M|100/100
|turn|21
|
|t:|1778497053
|move|p2a: Cinderace|Pyro Ball|p1a: Great Tusk
|-supereffective|p1a: Great Tusk
|-damage|p1a: Great Tusk|0 fnt
|faint|p1a: Great Tusk
|-end|p1a: Great Tusk|Protosynthesis|[silent]
|
|win|deadlifts23
|raw|Borrlock's rating: 1417 &rarr; <strong>1400</strong><br />(-17 for losing)
|raw|deadlifts23's rating: 1472 &rarr; <strong>1489</strong><br />(+17 for winning)
|l|☆Borrlock
|player|p1|
|l|☆deadlifts23
|player|p2|
