|html|<div class="broadcast-blue"><strong>[Gen 9] OU is currently suspecting Tera Blast! For information on how to participate check out the <a href="https://www.smogon.com/tools/suspects/view/200">suspect thread</a>.</strong></div>
|j|☆DJGuerra
|j|☆Princessjosie1001!
|t:|1776101063
|gametype|singles
|player|p1|DJGuerra|265|1550
|player|p2|Princessjosie1001!|nurse|1536
|gen|9
|tier|[Gen 9] OU
|rated|
|rule|HP Percentage Mod: HP is shown in percentages
|rule|Endless Battle Clause: Forcing endless battles is banned
|rule|Species Clause: Limit one of each Pokémon
|rule|OHKO Clause: OHKO moves are banned
|rule|Evasion Items Clause: Evasion items are banned
|rule|Evasion Moves Clause: Evasion moves are banned
|rule|Evasion Abilities Clause: Evasion abilities are banned
|rule|Sleep Moves Clause: Sleep-inducing moves are banned
|clearpoke
|poke|p1|Dragonite, F|
|poke|p1|Iron Valiant|
|poke|p1|Rotom-Wash|
|poke|p1|Heatran, M|
|poke|p1|Corviknight, F|
|poke|p1|Clodsire, M|
|poke|p2|Grimmsnarl, M|
|poke|p2|Cloyster, M|
|poke|p2|Salazzle, F|
|poke|p2|Espeon, M|
|poke|p2|Jirachi|
|poke|p2|Dragonite, F|
|teampreview
|
|t:|1776101073
|teamsize|p1|6
|teamsize|p2|6
|start
|switch|p1a: HG|Rotom-Wash|100/100
|switch|p2a: Jirachi|Jirachi|100/100
|turn|1
|
|t:|1776101080
|move|p2a: Jirachi|U-turn|p1a: HG
|-damage|p1a: HG|69/100
|
|t:|1776101083
|switch|p2a: No hazard allowed|Espeon, M|100/100|[from] U-turn
|move|p1a: HG|Trick|p2a: No hazard allowed
|-activate|p1a: HG|move: Trick|[of] p2a: No hazard allowed
|-item|p2a: No hazard allowed|Choice Scarf|[from] move: Trick
|-item|p1a: HG|Choice Scarf|[from] move: Trick
|
|upkeep
|turn|2
|
|t:|1776101091
|switch|p1a: Heatran's Rights|Heatran, M|100/100
|move|p2a: No hazard allowed|Psychic|p1a: Heatran's Rights
|-resisted|p1a: Heatran's Rights
|-damage|p1a: Heatran's Rights|82/100
|
|-heal|p1a: Heatran's Rights|88/100|[from] item: Leftovers
|upkeep
|turn|3
|
|t:|1776101101
|switch|p2a: Salazzle|Salazzle, F|100/100
|move|p1a: Heatran's Rights|Magma Storm|p2a: Salazzle|[miss]
|-miss|p1a: Heatran's Rights|p2a: Salazzle
|
|-heal|p1a: Heatran's Rights|94/100|[from] item: Leftovers
|upkeep
|turn|4
|
|t:|1776101111
|switch|p2a: No hazard allowed|Espeon, M|100/100
|move|p1a: Heatran's Rights|Earth Power|p2a: No hazard allowed
|-damage|p2a: No hazard allowed|60/100
|
|-heal|p1a: Heatran's Rights|100/100|[from] item: Leftovers
|upkeep
|turn|5
|
|t:|1776101120
|move|p2a: No hazard allowed|Trick|p1a: Heatran's Rights
|-activate|p2a: No hazard allowed|move: Trick|[of] p1a: Heatran's Rights
|-item|p1a: Heatran's Rights|Choice Scarf|[from] move: Trick
|-item|p2a: No hazard allowed|Leftovers|[from] move: Trick
|move|p1a: Heatran's Rights|Magma Storm|p2a: No hazard allowed|[miss]
|-miss|p1a: Heatran's Rights|p2a: No hazard allowed
|
|-heal|p2a: No hazard allowed|66/100|[from] item: Leftovers
|upkeep
|turn|6
|
|t:|1776101128
|move|p2a: No hazard allowed|Shadow Ball|p1a: Heatran's Rights
|-crit|p1a: Heatran's Rights
|-damage|p1a: Heatran's Rights|64/100
|-unboost|p1a: Heatran's Rights|spd|1
|move|p1a: Heatran's Rights|Magma Storm|p2a: No hazard allowed
|-damage|p2a: No hazard allowed|6/100
|-activate|p2a: No hazard allowed|move: Magma Storm|[of] p1a: Heatran's Rights
|
|-heal|p2a: No hazard allowed|12/100|[from] item: Leftovers
|-damage|p2a: No hazard allowed|0 fnt|[from] move: Magma Storm|[partiallytrapped]
|faint|p2a: No hazard allowed
|upkeep
|
|t:|1776101144
|switch|p2a: Dragonite|Dragonite, F|100/100
|turn|7
|
|t:|1776101149
|switch|p1a: Knightingale|Corviknight, F|100/100
|move|p2a: Dragonite|Dragon Dance|p2a: Dragonite
|-boost|p2a: Dragonite|atk|1
|-boost|p2a: Dragonite|spe|1
|
|upkeep
|turn|8
|
|t:|1776101160
|switch|p2a: Grimmsnarl|Grimmsnarl, M|100/100
|move|p1a: Knightingale|U-turn|p2a: Grimmsnarl
|-damage|p2a: Grimmsnarl|79/100
|
|t:|1776101166
|switch|p1a: Heatran's Rights|Heatran, M|64/100|[from] U-turn
|
|upkeep
|turn|9
|
|t:|1776101172
|switch|p2a: Salazzle|Salazzle, F|100/100
|move|p1a: Heatran's Rights|Magma Storm|p2a: Salazzle
|-resisted|p2a: Salazzle
|-damage|p2a: Salazzle|54/100
|-activate|p2a: Salazzle|move: Magma Storm|[of] p1a: Heatran's Rights
|
|-damage|p2a: Salazzle|42/100|[from] move: Magma Storm|[partiallytrapped]
|upkeep
|turn|10
|
|t:|1776101181
|move|p2a: Salazzle|Toxic|p1a: Heatran's Rights
|-status|p1a: Heatran's Rights|tox
|move|p1a: Heatran's Rights|Magma Storm|p2a: Salazzle
|-resisted|p2a: Salazzle
|-damage|p2a: Salazzle|0 fnt
|faint|p2a: Salazzle
|
|-damage|p1a: Heatran's Rights|58/100 tox|[from] psn
|upkeep
|
|t:|1776101190
|switch|p2a: Jirachi|Jirachi|100/100
|turn|11
|
|t:|1776101194
|move|p2a: Jirachi|Iron Head|p1a: Heatran's Rights
|-resisted|p1a: Heatran's Rights
|-damage|p1a: Heatran's Rights|50/100 tox
|cant|p1a: Heatran's Rights|flinch
|
|-damage|p1a: Heatran's Rights|38/100 tox|[from] psn
|upkeep
|turn|12
|
|t:|1776101202
|move|p2a: Jirachi|Iron Head|p1a: Heatran's Rights
|-resisted|p1a: Heatran's Rights
|-damage|p1a: Heatran's Rights|31/100 tox
|cant|p1a: Heatran's Rights|flinch
|
|-damage|p1a: Heatran's Rights|12/100 tox|[from] psn
|upkeep
|turn|13
|
|t:|1776101211
|move|p2a: Jirachi|Iron Head|p1a: Heatran's Rights
|-resisted|p1a: Heatran's Rights
|-damage|p1a: Heatran's Rights|4/100 tox
|cant|p1a: Heatran's Rights|flinch
|
|-damage|p1a: Heatran's Rights|0 fnt|[from] psn
|faint|p1a: Heatran's Rights
|upkeep
|
|t:|1776101220
|switch|p1a: HG|Rotom-Wash|69/100
|turn|14
|
|t:|1776101226
|move|p2a: Jirachi|Iron Head|p1a: HG
|-resisted|p1a: HG
|-damage|p1a: HG|56/100
|move|p1a: HG|Volt Switch|p2a: Jirachi
|-damage|p2a: Jirachi|63/100
|
|t:|1776101233
|switch|p1a: Knightingale|Corviknight, F|100/100|[from] Volt Switch
|
|upkeep
|turn|15
|
|t:|1776101237
|switch|p2a: Grimmsnarl|Grimmsnarl, M|79/100
|move|p1a: Knightingale|U-turn|p2a: Grimmsnarl
|-damage|p2a: Grimmsnarl|57/100
|
|t:|1776101246
|switch|p1a: HG|Rotom-Wash|56/100|[from] U-turn
|
|upkeep
|turn|16
|
|t:|1776101250
|move|p2a: Grimmsnarl|Fake Out|p1a: HG
|-damage|p1a: HG|36/100
|cant|p1a: HG|flinch
|
|upkeep
|turn|17
|
|t:|1776101256
|switch|p2a: Jirachi|Jirachi|63/100
|move|p1a: HG|Hydro Pump|p2a: Jirachi
|-damage|p2a: Jirachi|12/100
|
|upkeep
|turn|18
|
|t:|1776101263
|switch|p1a: Knightingale|Corviknight, F|100/100
|move|p2a: Jirachi|Body Slam|p1a: Knightingale
|-resisted|p1a: Knightingale
|-damage|p1a: Knightingale|93/100
|-damage|p2a: Jirachi|0 fnt|[from] item: Rocky Helmet|[of] p1a: Knightingale
|faint|p2a: Jirachi
|
|upkeep
|
|t:|1776101271
|switch|p2a: Grimmsnarl|Grimmsnarl, M|57/100
|turn|19
|
|t:|1776101274
|move|p2a: Grimmsnarl|Trick|p1a: Knightingale
|-activate|p2a: Grimmsnarl|move: Trick|[of] p1a: Knightingale
|-item|p1a: Knightingale|Choice Scarf|[from] move: Trick
|-item|p2a: Grimmsnarl|Rocky Helmet|[from] move: Trick
|move|p1a: Knightingale|Body Press|p2a: Grimmsnarl
|-damage|p2a: Grimmsnarl|16/100
|-damage|p1a: Knightingale|76/100|[from] item: Rocky Helmet|[of] p2a: Grimmsnarl
|
|upkeep
|turn|20
|
|t:|1776101283
|move|p2a: Grimmsnarl|Sucker Punch|p1a: Knightingale
|-damage|p1a: Knightingale|52/100
|move|p1a: Knightingale|Body Press|p2a: Grimmsnarl
|-damage|p2a: Grimmsnarl|0 fnt
|-damage|p1a: Knightingale|36/100|[from] item: Rocky Helmet|[of] p2a: Grimmsnarl
|faint|p2a: Grimmsnarl
|
|upkeep
|
|t:|1776101294
|switch|p2a: Dragonite|Dragonite, F|100/100
|turn|21
|
|t:|1776101298
|switch|p1a: HG|Rotom-Wash|36/100
|move|p2a: Dragonite|Dragon Dance|p2a: Dragonite
|-boost|p2a: Dragonite|atk|1
|-boost|p2a: Dragonite|spe|1
|
|upkeep
|turn|22
|
|t:|1776101304
|move|p2a: Dragonite|Extreme Speed|p1a: HG
|-damage|p1a: HG|0 fnt
|faint|p1a: HG
|
|upkeep
|
|t:|1776101310
|switch|p1a: Mailboy|Dragonite, F|100/100
|turn|23
|
|t:|1776101315
|-terastallize|p1a: Mailboy|Steel
|move|p2a: Dragonite|Dragon Claw|p1a: Mailboy
|-resisted|p1a: Mailboy
|-damage|p1a: Mailboy|82/100
|move|p1a: Mailboy|Scale Shot|p2a: Dragonite
|-supereffective|p2a: Dragonite
|-damage|p2a: Dragonite|85/100
|-enditem|p2a: Dragonite|Weakness Policy
|-boost|p2a: Dragonite|atk|2|[from] item: Weakness Policy
|-boost|p2a: Dragonite|spa|2|[from] item: Weakness Policy
|-supereffective|p2a: Dragonite
|-damage|p2a: Dragonite|52/100
|-supereffective|p2a: Dragonite
|-damage|p2a: Dragonite|20/100
|-supereffective|p2a: Dragonite
|-damage|p2a: Dragonite|0 fnt
|faint|p2a: Dragonite
|-hitcount|p2: Dragonite|4
|-unboost|p1a: Mailboy|def|1
|-boost|p1a: Mailboy|spe|1
|
|upkeep
|
|t:|1776101331
|switch|p2a: Cloyster|Cloyster, M|100/100
|turn|24
|
|t:|1776101339
|move|p1a: Mailboy|Scale Shot|p2a: Cloyster
|-damage|p2a: Cloyster|86/100
|-damage|p2a: Cloyster|74/100
|-damage|p2a: Cloyster|61/100
|-damage|p2a: Cloyster|47/100
|-damage|p2a: Cloyster|35/100
|-hitcount|p2a: Cloyster|5
|-unboost|p1a: Mailboy|def|1
|-boost|p1a: Mailboy|spe|1
|move|p2a: Cloyster|Shell Smash|p2a: Cloyster
|-unboost|p2a: Cloyster|def|1
|-unboost|p2a: Cloyster|spd|1
|-boost|p2a: Cloyster|atk|2
|-boost|p2a: Cloyster|spa|2
|-boost|p2a: Cloyster|spe|2
|
|upkeep
|turn|25
|
|t:|1776101356
|-terastallize|p2a: Cloyster|Ice
|move|p2a: Cloyster|Ice Shard|p1a: Mailboy
|-resisted|p1a: Mailboy
|-damage|p1a: Mailboy|28/100
|move|p1a: Mailboy|Iron Head|p2a: Cloyster
|-supereffective|p2a: Cloyster
|-damage|p2a: Cloyster|0 fnt
|faint|p2a: Cloyster
|
|win|DJGuerra
|raw|DJGuerra's rating: 1550 &rarr; <strong>1569</strong><br />(+19 for winning)
|raw|Princessjosie1001!'s rating: 1536 &rarr; <strong>1517</strong><br />(-19 for losing)
|l|☆Princessjosie1001!
|player|p2|
|l|☆DJGuerra
|player|p1|
