|html|<div class="broadcast-blue"><strong>[Gen 9] OU is currently suspecting Tera Blast! For information on how to participate check out the <a href="https://www.smogon.com/tools/suspects/view/200">suspect thread</a>.</strong></div>
|j|☆josephtpg
|j|☆Zuifeng
|t:|1776050326
|gametype|singles
|player|p1|josephtpg|unknown|1726
|player|p2|Zuifeng|li|1786
|gen|9
|tier|[Gen 9] OU
|rated|
|rule|HP Percentage Mod: HP is shown in percentages
|rule|Endless Battle Clause: Forcing endless battles is banned
|rule|Species Clause: Limit one of each Pokémon
|rule|OHKO Clause: OHKO moves are banned
|rule|Evasion Items Clause: Evasion items are banned
|rule|Evasion Moves Clause: Evasion moves are banned
|rule|Evasion Abilities Clause: Evasion abilities are banned
|rule|Sleep Moves Clause: Sleep-inducing moves are banned
|clearpoke
|poke|p1|Iron Valiant|
|poke|p1|Zamazenta-*|
|poke|p1|Kyurem|
|poke|p1|Pecharunt|
|poke|p1|Iron Treads|
|poke|p1|Moltres|
|poke|p2|Rillaboom, F|
|poke|p2|Ogerpon-Wellspring, F|
|poke|p2|Ting-Lu|
|poke|p2|Great Tusk|
|poke|p2|Hatterene, F|
|poke|p2|Iron Moth|
|teampreview
|inactive|Battle timer is ON: inactive players will automatically lose when time's up. (requested by Zuifeng)
|inactive|josephtpg also wants the timer to be on.
|inactive|josephtpg has 120 seconds left.
|inactive|Zuifeng has 120 seconds left.
|
|t:|1776050378
|teamsize|p1|6
|teamsize|p2|6
|start
|switch|p1a: Mr. Freeze|Kyurem|100/100
|switch|p2a: Ting-Lu|Ting-Lu|100/100
|-ability|p1a: Mr. Freeze|Pressure
|-ability|p2a: Ting-Lu|Vessel of Ruin
|turn|1
|
|t:|1776050386
|move|p1a: Mr. Freeze|Ice Beam|p2a: Ting-Lu
|-supereffective|p2a: Ting-Lu
|-damage|p2a: Ting-Lu|33/100
|-enditem|p2a: Ting-Lu|Red Card|[of] p1a: Mr. Freeze
|drag|p1a: FingerLickingGood|Moltres|100/100
|move|p2a: Ting-Lu|Stealth Rock|p1a: FingerLickingGood
|-sidestart|p1: josephtpg|move: Stealth Rock
|
|upkeep
|turn|2
|
|t:|1776050404
|move|p1a: FingerLickingGood|U-turn|p2a: Ting-Lu
|-supereffective|p2a: Ting-Lu
|-damage|p2a: Ting-Lu|18/100
|inactive|josephtpg has 120 seconds left.
|
|t:|1776050437
|switch|p1a: Mr. Freeze|Kyurem|100/100|[from] U-turn
|-damage|p1a: Mr. Freeze|76/100|[from] Stealth Rock
|-ability|p1a: Mr. Freeze|Pressure
|move|p2a: Ting-Lu|Spikes|p1a: Mr. Freeze
|-sidestart|p1: josephtpg|Spikes
|
|upkeep
|turn|3
|
|t:|1776050444
|move|p1a: Mr. Freeze|Freeze-Dry|p2a: Ting-Lu
|-supereffective|p2a: Ting-Lu
|-damage|p2a: Ting-Lu|0 fnt
|faint|p2a: Ting-Lu
|
|upkeep
|j| hindus curry
|inactive|Zuifeng has 120 seconds left.
|inactive|Zuifeng has 90 seconds left.
|
|t:|1776050504
|switch|p2a: Iron Moth|Iron Moth|100/100
|-enditem|p2a: Iron Moth|Booster Energy
|-activate|p2a: Iron Moth|ability: Quark Drive|[fromitem]
|-start|p2a: Iron Moth|quarkdrivespe
|turn|4
|
|t:|1776050509
|switch|p1a: FingerLickingGood|Moltres|100/100
|move|p2a: Iron Moth|Fiery Dance|p1a: FingerLickingGood
|-resisted|p1a: FingerLickingGood
|-damage|p1a: FingerLickingGood|86/100
|-boost|p2a: Iron Moth|spa|1
|
|upkeep
|turn|5
|
|t:|1776050519
|move|p2a: Iron Moth|Sludge Wave|p1a: FingerLickingGood
|-damage|p1a: FingerLickingGood|30/100
|move|p1a: FingerLickingGood|Roar|p2a: Iron Moth
|-end|p2a: Iron Moth|Quark Drive|[silent]
|drag|p2a: Hatterene|Hatterene, F|100/100
|
|upkeep
|turn|6
|
|t:|1776050533
|switch|p2a: Ogerpon|Ogerpon-Wellspring, F|100/100
|move|p1a: FingerLickingGood|Roost|p1a: FingerLickingGood
|-heal|p1a: FingerLickingGood|80/100
|-singleturn|p1a: FingerLickingGood|move: Roost
|
|upkeep
|turn|7
|
|t:|1776050544
|switch|p1a: Chain Of Memories|Pecharunt|100/100
|move|p2a: Ogerpon|Swords Dance|p2a: Ogerpon
|-boost|p2a: Ogerpon|atk|2
|
|upkeep
|turn|8
|
|t:|1776050560
|switch|p2a: Iron Moth|Iron Moth|100/100
|move|p1a: Chain Of Memories|Malignant Chain|p2a: Iron Moth
|-resisted|p2a: Iron Moth
|-damage|p2a: Iron Moth|85/100
|
|upkeep
|turn|9
|
|t:|1776050568
|switch|p1a: FingerLickingGood|Moltres|80/100
|move|p2a: Iron Moth|Fiery Dance|p1a: FingerLickingGood
|-resisted|p1a: FingerLickingGood
|-damage|p1a: FingerLickingGood|66/100
|
|upkeep
|turn|10
|
|t:|1776050574
|move|p2a: Iron Moth|Sludge Wave|p1a: FingerLickingGood
|-damage|p1a: FingerLickingGood|34/100
|-status|p1a: FingerLickingGood|psn
|move|p1a: FingerLickingGood|Roost|p1a: FingerLickingGood
|-heal|p1a: FingerLickingGood|84/100 psn
|-singleturn|p1a: FingerLickingGood|move: Roost
|
|-damage|p1a: FingerLickingGood|72/100 psn|[from] psn
|upkeep
|turn|11
|
|t:|1776050581
|move|p2a: Iron Moth|Fiery Dance|p1a: FingerLickingGood
|-resisted|p1a: FingerLickingGood
|-damage|p1a: FingerLickingGood|57/100 psn
|move|p1a: FingerLickingGood|U-turn|p2a: Iron Moth
|-resisted|p2a: Iron Moth
|-damage|p2a: Iron Moth|80/100
|
|t:|1776050595
|switch|p1a: TreadingOnThinIce|Iron Treads|100/100|[from] U-turn
|-damage|p1a: TreadingOnThinIce|98/100|[from] Stealth Rock
|-damage|p1a: TreadingOnThinIce|85/100|[from] Spikes
|
|-heal|p1a: TreadingOnThinIce|91/100|[from] item: Leftovers
|upkeep
|turn|12
|inactive|Zuifeng has 120 seconds left.
|
|t:|1776050606
|move|p2a: Iron Moth|Substitute|p2a: Iron Moth
|-start|p2a: Iron Moth|Substitute
|-damage|p2a: Iron Moth|55/100
|move|p1a: TreadingOnThinIce|Rapid Spin|p2a: Iron Moth
|-crit|p2a: Iron Moth
|-end|p2a: Iron Moth|Substitute
|-sideend|p1: josephtpg|Spikes|[from] move: Rapid Spin|[of] p1a: TreadingOnThinIce
|-sideend|p1: josephtpg|Stealth Rock|[from] move: Rapid Spin|[of] p1a: TreadingOnThinIce
|-boost|p1a: TreadingOnThinIce|spe|1
|
|-heal|p1a: TreadingOnThinIce|97/100|[from] item: Leftovers
|upkeep
|turn|13
|
|t:|1776050618
|-end|p2a: Iron Moth|Quark Drive|[silent]
|switch|p2a: Rillaboom|Rillaboom, F|100/100
|-fieldstart|move: Grassy Terrain|[from] ability: Grassy Surge|[of] p2a: Rillaboom
|move|p1a: TreadingOnThinIce|Stealth Rock|p2a: Rillaboom
|-sidestart|p2: Zuifeng|move: Stealth Rock
|
|-heal|p1a: TreadingOnThinIce|100/100|[from] Grassy Terrain
|upkeep
|turn|14
|inactive|Zuifeng has 120 seconds left.
|
|t:|1776050651
|-end|p1a: TreadingOnThinIce|Quark Drive|[silent]
|switch|p1a: FingerLickingGood|Moltres|57/100 psn
|switch|p2a: Great Tusk|Great Tusk|100/100
|-damage|p2a: Great Tusk|98/100|[from] Stealth Rock
|-enditem|p2a: Great Tusk|Booster Energy
|-activate|p2a: Great Tusk|ability: Protosynthesis|[fromitem]
|-start|p2a: Great Tusk|protosynthesisspe
|
|-heal|p2a: Great Tusk|100/100|[from] Grassy Terrain
|-damage|p1a: FingerLickingGood|45/100 psn|[from] psn
|upkeep
|turn|15
|
|t:|1776050655
|move|p2a: Great Tusk|Head Smash|p1a: FingerLickingGood|[miss]
|-miss|p2a: Great Tusk|p1a: FingerLickingGood
|move|p1a: FingerLickingGood|Roar|p2a: Great Tusk
|-end|p2a: Great Tusk|Protosynthesis|[silent]
|drag|p2a: Ogerpon|Ogerpon-Wellspring, F|100/100
|-damage|p2a: Ogerpon|88/100|[from] Stealth Rock
|
|-heal|p2a: Ogerpon|94/100|[from] Grassy Terrain
|-damage|p1a: FingerLickingGood|33/100 psn|[from] psn
|upkeep
|turn|16
|inactive|Zuifeng has 120 seconds left.
|
|t:|1776050660
|move|p2a: Ogerpon|Ivy Cudgel|p1a: FingerLickingGood|[anim] Ivy Cudgel Water
|-supereffective|p1a: FingerLickingGood
|-damage|p1a: FingerLickingGood|0 fnt
|faint|p1a: FingerLickingGood
|
|-heal|p2a: Ogerpon|99/100|[from] Grassy Terrain
|upkeep
|
|t:|1776050669
|switch|p1a: Mr. Freeze|Kyurem|76/100
|-ability|p1a: Mr. Freeze|Pressure
|turn|17
|
|t:|1776050677
|move|p2a: Ogerpon|Play Rough|p1a: Mr. Freeze
|-supereffective|p1a: Mr. Freeze
|-damage|p1a: Mr. Freeze|0 fnt
|faint|p1a: Mr. Freeze
|
|-heal|p2a: Ogerpon|100/100|[from] Grassy Terrain
|-fieldend|move: Grassy Terrain
|upkeep
|
|t:|1776050682
|switch|p1a: Chain Of Memories|Pecharunt|100/100
|turn|18
|
|t:|1776050700
|move|p2a: Ogerpon|Ivy Cudgel|p1a: Chain Of Memories|[anim] Ivy Cudgel Water
|-crit|p1a: Chain Of Memories
|-damage|p1a: Chain Of Memories|57/100
|move|p1a: Chain Of Memories|Malignant Chain|p2a: Ogerpon
|-supereffective|p2a: Ogerpon
|-damage|p2a: Ogerpon|29/100
|-status|p2a: Ogerpon|tox
|-start|p2a: Ogerpon|confusion|[from] ability: Poison Puppeteer|[of] p1a: Chain Of Memories
|
|-damage|p2a: Ogerpon|23/100 tox|[from] psn
|upkeep
|turn|19
|
|t:|1776050710
|switch|p2a: Rillaboom|Rillaboom, F|100/100
|-damage|p2a: Rillaboom|88/100|[from] Stealth Rock
|-fieldstart|move: Grassy Terrain|[from] ability: Grassy Surge|[of] p2a: Rillaboom
|move|p1a: Chain Of Memories|Recover|p1a: Chain Of Memories
|-heal|p1a: Chain Of Memories|100/100
|
|-heal|p2a: Rillaboom|94/100|[from] Grassy Terrain
|upkeep
|turn|20
|
|t:|1776050720
|switch|p2a: Ogerpon|Ogerpon-Wellspring, F|23/100 tox
|-damage|p2a: Ogerpon|10/100 tox|[from] Stealth Rock
|move|p1a: Chain Of Memories|Malignant Chain|p2a: Ogerpon
|-supereffective|p2a: Ogerpon
|-damage|p2a: Ogerpon|0 fnt
|faint|p2a: Ogerpon
|
|upkeep
|
|t:|1776050726
|switch|p2a: Hatterene|Hatterene, F|100/100
|-damage|p2a: Hatterene|88/100|[from] Stealth Rock
|-enditem|p2a: Hatterene|Grassy Seed
|-boost|p2a: Hatterene|def|1|[from] item: Grassy Seed
|turn|21
|
|t:|1776050731
|-terastallize|p2a: Hatterene|Steel
|move|p1a: Chain Of Memories|Malignant Chain|p2a: Hatterene
|-immune|p2a: Hatterene
|move|p2a: Hatterene|Calm Mind|p2a: Hatterene
|-boost|p2a: Hatterene|spa|1
|-boost|p2a: Hatterene|spd|1
|
|-heal|p2a: Hatterene|94/100|[from] Grassy Terrain
|upkeep
|turn|22
|
|t:|1776050746
|move|p1a: Chain Of Memories|Parting Shot|p2a: Hatterene
|move|p2a: Hatterene|Parting Shot|p1a: Chain Of Memories|[from] ability: Magic Bounce
|-unboost|p1a: Chain Of Memories|atk|1
|-unboost|p1a: Chain Of Memories|spa|1
|-message|Zuifeng forfeited.
|
|win|josephtpg
|raw|josephtpg's rating: 1726 &rarr; <strong>1749</strong><br />(+23 for winning)
|raw|Zuifeng's rating: 1786 &rarr; <strong>1763</strong><br />(-23 for losing)
|l|☆Zuifeng
|player|p2|
|l|☆josephtpg
|player|p1|
|j|☆josephtpg
|player|p1|josephtpg|unknown|
|l| hindus curry
