|html|<div class="broadcast-blue"><strong>[Gen 9] OU is currently suspecting Tera Blast! For information on how to participate check out the <a href="https://www.smogon.com/tools/suspects/view/200">suspect thread</a>.</strong></div>
|j|☆The ZU Wanderer
|j|☆xnl
|t:|1776047279
|gametype|singles
|player|p1|The ZU Wanderer|roughneck|1221
|player|p2|xnl|depotagent|1275
|gen|9
|tier|[Gen 9] OU
|rated|
|rule|HP Percentage Mod: HP is shown in percentages
|rule|Endless Battle Clause: Forcing endless battles is banned
|rule|Species Clause: Limit one of each Pokémon
|rule|OHKO Clause: OHKO moves are banned
|rule|Evasion Items Clause: Evasion items are banned
|rule|Evasion Moves Clause: Evasion moves are banned
|rule|Evasion Abilities Clause: Evasion abilities are banned
|rule|Sleep Moves Clause: Sleep-inducing moves are banned
|clearpoke
|poke|p1|Glaceon, F|
|poke|p1|Honchkrow, M|
|poke|p1|Virizion|
|poke|p1|Komala, F|
|poke|p1|Masquerain, M|
|poke|p1|Pachirisu, F|
|poke|p2|Slowbro-Galar, M|
|poke|p2|Moltres-Galar|
|poke|p2|Alomomola, F|
|poke|p2|Revavroom, F|
|poke|p2|Ogerpon-Cornerstone, F|
|poke|p2|Hydreigon, M|
|teampreview
|
|t:|1776047289
|teamsize|p1|6
|teamsize|p2|6
|start
|switch|p1a: Masquerain|Masquerain, M, shiny|100/100
|switch|p2a: Ogerpon|Ogerpon-Cornerstone, F|100/100
|-ability|p1a: Masquerain|Intimidate|boost
|-unboost|p2a: Ogerpon|atk|1
|turn|1
|
|t:|1776047302
|move|p1a: Masquerain|Bug Buzz|p2a: Ogerpon
|-supereffective|p2a: Ogerpon
|-damage|p2a: Ogerpon|16/100
|move|p2a: Ogerpon|Spikes|p1a: Masquerain
|-sidestart|p1: The ZU Wanderer|Spikes
|
|upkeep
|turn|2
|
|t:|1776047316
|switch|p2a: Moltres|Moltres-Galar|100/100
|move|p1a: Masquerain|Bug Buzz|p2a: Moltres
|-damage|p2a: Moltres|76/100
|
|upkeep
|turn|3
|inactive|Battle timer is ON: inactive players will automatically lose when time's up. (requested by The ZU Wanderer)
|
|t:|1776047324
|switch|p1a: Pachirisu|Pachirisu, F, shiny|100/100
|-damage|p1a: Pachirisu|88/100|[from] Spikes
|move|p2a: Moltres|Fiery Wrath|p1a: Pachirisu
|-damage|p1a: Pachirisu|63/100
|
|-heal|p1a: Pachirisu|69/100|[from] item: Leftovers
|upkeep
|turn|4
|
|t:|1776047335
|switch|p2a: Slowbro|Slowbro-Galar, M|100/100
|move|p1a: Pachirisu|Nuzzle|p2a: Slowbro
|-damage|p2a: Slowbro|97/100
|-status|p2a: Slowbro|par
|
|-heal|p1a: Pachirisu|75/100|[from] item: Leftovers
|upkeep
|turn|5
|-activate|p2a: Slowbro|ability: Quick Draw
|
|t:|1776047342
|switch|p1a: Komala|Komala, F, shiny|100/100
|-damage|p1a: Komala|88/100|[from] Spikes
|-ability|p1a: Komala|Comatose
|cant|p2a: Slowbro|par
|
|upkeep
|turn|6
|-activate|p2a: Slowbro|item: Quick Claw
|
|t:|1776047361
|cant|p2a: Slowbro|par
|move|p1a: Komala|Rapid Spin|p2a: Slowbro
|-damage|p2a: Slowbro|73/100 par
|-boost|p1a: Komala|spe|1
|-sideend|p1: The ZU Wanderer|Spikes|[from] move: Rapid Spin|[of] p1a: Komala
|
|upkeep
|turn|7
|
|t:|1776047368
|move|p1a: Komala|Knock Off|p2a: Slowbro
|-supereffective|p2a: Slowbro
|-damage|p2a: Slowbro|12/100 par
|-enditem|p2a: Slowbro|Quick Claw|[from] move: Knock Off|[of] p1a: Komala
|move|p2a: Slowbro|Shell Side Arm|p1a: Komala|[anim] Shell Side Arm Special
|-damage|p1a: Komala|57/100
|-hint|Special Shell Side Arm
|
|upkeep
|turn|8
|
|t:|1776047375
|move|p1a: Komala|Rapid Spin|p2a: Slowbro
|-damage|p2a: Slowbro|0 fnt
|-boost|p1a: Komala|spe|1
|faint|p2a: Slowbro
|
|upkeep
|
|t:|1776047378
|switch|p2a: Alomomola|Alomomola, F|100/100
|turn|9
|
|t:|1776047381
|move|p1a: Komala|Knock Off|p2a: Alomomola
|-damage|p2a: Alomomola|77/100
|-enditem|p2a: Alomomola|Heavy-Duty Boots|[from] move: Knock Off|[of] p1a: Komala
|move|p2a: Alomomola|Flip Turn|p1a: Komala
|-damage|p1a: Komala|31/100
|
|t:|1776047389
|switch|p2a: Moltres|Moltres-Galar|76/100|[from] Flip Turn
|
|upkeep
|turn|10
|
|t:|1776047404
|move|p1a: Komala|Knock Off|p2a: Moltres
|-resisted|p2a: Moltres
|-damage|p2a: Moltres|59/100
|-enditem|p2a: Moltres|Chesto Berry|[from] move: Knock Off|[of] p1a: Komala
|move|p2a: Moltres|Fiery Wrath|p1a: Komala
|-damage|p1a: Komala|9/100
|
|upkeep
|turn|11
|
|t:|1776047411
|move|p1a: Komala|Ice Spinner|p2a: Moltres
|-supereffective|p2a: Moltres
|-damage|p2a: Moltres|3/100
|-ability|p2a: Moltres|Berserk|boost
|-boost|p2a: Moltres|spa|1
|move|p2a: Moltres|Air Slash|p1a: Komala
|-damage|p1a: Komala|0 fnt
|faint|p1a: Komala
|
|upkeep
|
|t:|1776047418
|switch|p1a: Virizion|Virizion|100/100
|turn|12
|
|t:|1776047422
|move|p1a: Virizion|Vacuum Wave|p2a: Moltres
|-damage|p2a: Moltres|0 fnt
|faint|p2a: Moltres
|
|upkeep
|
|t:|1776047427
|switch|p2a: Hydreigon|Hydreigon, M|100/100
|turn|13
|
|t:|1776047451
|move|p2a: Hydreigon|Draco Meteor|p1a: Virizion
|-damage|p1a: Virizion|50/100
|-unboost|p2a: Hydreigon|spa|2
|move|p1a: Virizion|Calm Mind|p1a: Virizion
|-boost|p1a: Virizion|spa|1
|-boost|p1a: Virizion|spd|1
|
|upkeep
|turn|14
|
|t:|1776047462
|switch|p2a: Revavroom|Revavroom, F|100/100
|-item|p2a: Revavroom|Air Balloon
|-terastallize|p1a: Virizion|Electric
|move|p1a: Virizion|Tera Blast|p2a: Revavroom|[anim] Tera Blast Electric
|-damage|p2a: Revavroom|55/100
|-enditem|p2a: Revavroom|Air Balloon
|
|upkeep
|turn|15
|
|t:|1776047472
|move|p1a: Virizion|Tera Blast|p2a: Revavroom|[anim] Tera Blast Electric
|-damage|p2a: Revavroom|6/100
|move|p2a: Revavroom|Poison Jab|p1a: Virizion
|-damage|p1a: Virizion|20/100
|
|upkeep
|turn|16
|-message|xnl forfeited.
|
|win|The ZU Wanderer
|raw|The ZU Wanderer's rating: 1221 &rarr; <strong>1250</strong><br />(+29 for winning)
|raw|xnl's rating: 1275 &rarr; <strong>1246</strong><br />(-29 for losing)
|l|☆xnl
|player|p2|
