|html|<div class="broadcast-blue"><strong>[Gen 9] OU is currently suspecting Volcarona! For information on how to participate check out the <a href="https://www.smogon.com/tools/suspects/view/208">suspect thread</a>.</strong></div>
|j|☆Sashannarcy
|j|☆Gardevoir to 1800s
|t:|1778502949
|gametype|singles
|player|p1|Sashannarcy|unknownf|1609
|player|p2|Gardevoir to 1800s|giovanni|1593
|gen|9
|tier|[Gen 9] OU
|rated|
|rule|HP Percentage Mod: HP is shown in percentages
|rule|Endless Battle Clause: Forcing endless battles is banned
|rule|Species Clause: Limit one of each Pokémon
|rule|OHKO Clause: OHKO moves are banned
|rule|Evasion Items Clause: Evasion items are banned
|rule|Evasion Moves Clause: Evasion moves are banned
|rule|Evasion Abilities Clause: Evasion abilities are banned
|rule|Sleep Moves Clause: Sleep-inducing moves are banned
|clearpoke
|poke|p1|Pawmot, F|
|poke|p1|Cresselia, F|
|poke|p1|Kyurem|
|poke|p1|Dondozo, M|
|poke|p1|Talonflame, M|
|poke|p1|Clodsire, M|
|poke|p2|Gardevoir, F|
|poke|p2|Rillaboom, F|
|poke|p2|Hawlucha, F|
|poke|p2|Iron Moth|
|poke|p2|Landorus-Therian, M|
|poke|p2|Kingambit, F|
|teampreview
|inactive|Battle timer is ON: inactive players will automatically lose when time's up. (requested by Sashannarcy)
|
|t:|1778502981
|teamsize|p1|6
|teamsize|p2|6
|start
|switch|p1a: Cresselia|Cresselia, F|100/100
|switch|p2a: Landorus|Landorus-Therian, M|100/100
|-ability|p2a: Landorus|Intimidate|boost
|-unboost|p1a: Cresselia|atk|1
|turn|1
|j| Schlafparalyse
|
|t:|1778502992
|switch|p1a: Talonflame|Talonflame, M|100/100
|move|p2a: Landorus|U-turn|p1a: Talonflame
|-resisted|p1a: Talonflame
|-crit|p1a: Talonflame
|-damage|p1a: Talonflame|91/100
|-status|p2a: Landorus|brn|[from] ability: Flame Body|[of] p1a: Talonflame
|inactive|Gardevoir to 1800s has 120 seconds left.
|
|t:|1778503031
|switch|p2a: Dopamine Dorito|Iron Moth|100/100|[from] U-turn
|-enditem|p2a: Dopamine Dorito|Booster Energy
|-activate|p2a: Dopamine Dorito|ability: Quark Drive|[fromitem]
|-start|p2a: Dopamine Dorito|quarkdrivespe
|
|upkeep
|turn|2
|
|t:|1778503037
|-end|p2a: Dopamine Dorito|Quark Drive|[silent]
|switch|p2a: Landorus|Landorus-Therian, M|100/100 brn
|-ability|p2a: Landorus|Intimidate|boost
|-unboost|p1a: Talonflame|atk|1
|switch|p1a: Clodsire|Clodsire, M|100/100
|
|-damage|p2a: Landorus|94/100 brn|[from] brn
|upkeep
|turn|3
|
|t:|1778503044
|switch|p1a: Talonflame|Talonflame, M|91/100
|move|p2a: Landorus|Earth Power|p1a: Talonflame
|-immune|p1a: Talonflame
|
|-damage|p2a: Landorus|88/100 brn|[from] brn
|upkeep
|turn|4
|
|t:|1778503049
|move|p1a: Talonflame|Flamethrower|p2a: Landorus
|-damage|p2a: Landorus|61/100 brn
|move|p2a: Landorus|Stone Edge|p1a: Talonflame
|-supereffective|p1a: Talonflame
|-damage|p1a: Talonflame|12/100
|
|-damage|p2a: Landorus|55/100 brn|[from] brn
|upkeep
|turn|5
|j| purgesalazar
|
|t:|1778503058
|switch|p1a: Cresselia|Cresselia, F|100/100
|move|p2a: Landorus|Earth Power|p1a: Cresselia
|-immune|p1a: Cresselia|[from] ability: Levitate
|
|-damage|p2a: Landorus|49/100 brn|[from] brn
|upkeep
|turn|6
|
|t:|1778503064
|move|p2a: Landorus|U-turn|p1a: Cresselia
|-supereffective|p1a: Cresselia
|-damage|p1a: Cresselia|86/100
|
|t:|1778503068
|switch|p2a: Rillaboom|Rillaboom, F|100/100|[from] U-turn
|-fieldstart|move: Grassy Terrain|[from] ability: Grassy Surge|[of] p2a: Rillaboom
|move|p1a: Cresselia|Moonblast|p2a: Rillaboom
|-damage|p2a: Rillaboom|87/100
|
|-heal|p2a: Rillaboom|93/100|[from] Grassy Terrain
|upkeep
|turn|7
|
|t:|1778503087
|switch|p1a: Talonflame|Talonflame, M|12/100
|move|p2a: Rillaboom|Wood Hammer|p1a: Talonflame
|-resisted|p1a: Talonflame
|-damage|p1a: Talonflame|0 fnt
|faint|p1a: Talonflame
|-damage|p2a: Rillaboom|89/100|[from] Recoil
|
|-heal|p2a: Rillaboom|96/100|[from] Grassy Terrain
|upkeep
|
|t:|1778503095
|switch|p1a: Kyurem|Kyurem|100/100
|-ability|p1a: Kyurem|Pressure
|turn|8
|
|t:|1778503111
|move|p1a: Kyurem|Substitute|p1a: Kyurem
|-start|p1a: Kyurem|Substitute
|-damage|p1a: Kyurem|76/100
|move|p2a: Rillaboom|U-turn|p1a: Kyurem
|-activate|p1a: Kyurem|move: Substitute|[damage]
|inactive|Gardevoir to 1800s has 120 seconds left.
|
|t:|1778503148
|switch|p2a: Rhapsodie|Gardevoir, F, shiny|100/100|[from] U-turn
|-ability|p2a: Rhapsodie|Pressure|Trace|[from] ability: Trace|[of] p1a: Kyurem
|-ability|p2a: Rhapsodie|Pressure
|-enditem|p2a: Rhapsodie|Grassy Seed
|-boost|p2a: Rhapsodie|def|1|[from] item: Grassy Seed
|
|-heal|p1a: Kyurem|82/100|[from] Grassy Terrain
|-heal|p1a: Kyurem|88/100|[from] item: Leftovers
|upkeep
|turn|9
|
|t:|1778503160
|switch|p1a: Clodsire|Clodsire, M|100/100
|move|p2a: Rhapsodie|Calm Mind|p2a: Rhapsodie
|-boost|p2a: Rhapsodie|spa|1
|-boost|p2a: Rhapsodie|spd|1
|
|upkeep
|turn|10
|inactive|Gardevoir to 1800s has 120 seconds left.
|
|t:|1778503175
|switch|p2a: Landorus|Landorus-Therian, M|49/100 brn
|-ability|p2a: Landorus|Intimidate|boost
|-unboost|p1a: Clodsire|atk|1
|move|p1a: Clodsire|Toxic||[still]
|-fail|p1a: Clodsire
|
|-damage|p2a: Landorus|43/100 brn|[from] brn
|-fieldend|move: Grassy Terrain
|upkeep
|turn|11
|inactive|Gardevoir to 1800s has 120 seconds left.
|
|t:|1778503185
|switch|p1a: Pawmot|Pawmot, F|100/100
|move|p2a: Landorus|U-turn|p1a: Pawmot
|-resisted|p1a: Pawmot
|-damage|p1a: Pawmot|94/100
|inactive|Gardevoir to 1800s has 120 seconds left.
|
|t:|1778503201
|switch|p2a: Dopamine Dorito|Iron Moth|100/100|[from] U-turn
|
|upkeep
|turn|12
|
|t:|1778503217
|switch|p1a: Clodsire|Clodsire, M|100/100
|move|p2a: Dopamine Dorito|Dazzling Gleam|p1a: Clodsire
|-resisted|p1a: Clodsire
|-damage|p1a: Clodsire|94/100
|
|-heal|p1a: Clodsire|99/100|[from] item: Leftovers
|upkeep
|turn|13
|
|t:|1778503226
|-end|p2a: Dopamine Dorito|Quark Drive|[silent]
|switch|p2a: Landorus|Landorus-Therian, M|43/100 brn
|-ability|p2a: Landorus|Intimidate|boost
|-unboost|p1a: Clodsire|atk|1
|move|p1a: Clodsire|Toxic||[still]
|-fail|p1a: Clodsire
|
|-heal|p1a: Clodsire|100/100|[from] item: Leftovers
|-damage|p2a: Landorus|37/100 brn|[from] brn
|upkeep
|turn|14
|
|t:|1778503234
|switch|p1a: Cresselia|Cresselia, F|86/100
|move|p2a: Landorus|Earth Power|p1a: Cresselia
|-immune|p1a: Cresselia|[from] ability: Levitate
|
|-damage|p2a: Landorus|31/100 brn|[from] brn
|upkeep
|turn|15
|j| NewestAlt
|
|t:|1778503242
|move|p2a: Landorus|U-turn|p1a: Cresselia
|-supereffective|p1a: Cresselia
|-damage|p1a: Cresselia|70/100
|
|t:|1778503246
|switch|p2a: Kingambitch|Kingambit, F|100/100|[from] U-turn
|move|p1a: Cresselia|Moonblast|p2a: Kingambitch
|-damage|p2a: Kingambitch|82/100
|
|upkeep
|turn|16
|
|t:|1778503255
|switch|p1a: Dondozo|Dondozo, M|100/100
|move|p2a: Kingambitch|Kowtow Cleave|p1a: Dondozo
|-damage|p1a: Dondozo|72/100
|
|-heal|p1a: Dondozo|78/100|[from] item: Leftovers
|upkeep
|turn|17
|
|t:|1778503264
|-end|p2a: Kingambitch|fallenundefined|[silent]
|switch|p2a: Landorus|Landorus-Therian, M|31/100 brn
|-ability|p2a: Landorus|Intimidate|boost
|-unboost|p1a: Dondozo|atk|1
|move|p1a: Dondozo|Curse|p1a: Dondozo
|-unboost|p1a: Dondozo|spe|1
|-boost|p1a: Dondozo|atk|1
|-boost|p1a: Dondozo|def|1
|
|-heal|p1a: Dondozo|85/100|[from] item: Leftovers
|-damage|p2a: Landorus|25/100 brn|[from] brn
|upkeep
|turn|18
|
|t:|1778503270
|switch|p1a: Cresselia|Cresselia, F|70/100
|move|p2a: Landorus|Earth Power|p1a: Cresselia
|-immune|p1a: Cresselia|[from] ability: Levitate
|
|-damage|p2a: Landorus|19/100 brn|[from] brn
|upkeep
|turn|19
|
|t:|1778503275
|move|p2a: Landorus|U-turn|p1a: Cresselia
|-supereffective|p1a: Cresselia
|-crit|p1a: Cresselia
|-damage|p1a: Cresselia|47/100
|-enditem|p1a: Cresselia|Sitrus Berry|[eat]
|-heal|p1a: Cresselia|72/100|[from] item: Sitrus Berry
|
|t:|1778503290
|switch|p2a: Dopamine Dorito|Iron Moth|100/100|[from] U-turn
|move|p1a: Cresselia|Moonlight|p1a: Cresselia
|-heal|p1a: Cresselia|100/100
|
|upkeep
|turn|20
|
|t:|1778503297
|-end|p2a: Dopamine Dorito|Quark Drive|[silent]
|switch|p2a: Kingambitch|Kingambit, F|82/100
|move|p1a: Cresselia|Thunder Wave|p2a: Kingambitch
|-status|p2a: Kingambitch|par
|
|upkeep
|turn|21
|
|t:|1778503305
|switch|p1a: Dondozo|Dondozo, M|85/100
|cant|p2a: Kingambitch|par
|
|-heal|p1a: Dondozo|91/100|[from] item: Leftovers
|upkeep
|turn|22
|
|t:|1778503312
|-end|p2a: Kingambitch|fallenundefined|[silent]
|switch|p2a: Rillaboom|Rillaboom, F|96/100
|-fieldstart|move: Grassy Terrain|[from] ability: Grassy Surge|[of] p2a: Rillaboom
|move|p1a: Dondozo|Wave Crash|p2a: Rillaboom
|-resisted|p2a: Rillaboom
|-damage|p2a: Rillaboom|74/100
|-damage|p1a: Dondozo|85/100|[from] Recoil
|
|-heal|p2a: Rillaboom|80/100|[from] Grassy Terrain
|-heal|p1a: Dondozo|92/100|[from] Grassy Terrain
|-heal|p1a: Dondozo|98/100|[from] item: Leftovers
|upkeep
|turn|23
|
|t:|1778503328
|switch|p1a: Clodsire|Clodsire, M|100/100
|move|p2a: Rillaboom|Wood Hammer|p1a: Clodsire
|-damage|p1a: Clodsire|9/100
|-damage|p2a: Rillaboom|44/100|[from] Recoil
|
|-heal|p2a: Rillaboom|50/100|[from] Grassy Terrain
|-heal|p1a: Clodsire|15/100|[from] Grassy Terrain
|-heal|p1a: Clodsire|21/100|[from] item: Leftovers
|upkeep
|turn|24
|
|t:|1778503346
|move|p2a: Rillaboom|Wood Hammer|p1a: Clodsire
|-damage|p1a: Clodsire|0 fnt
|faint|p1a: Clodsire
|-damage|p2a: Rillaboom|41/100|[from] Recoil
|
|-heal|p2a: Rillaboom|47/100|[from] Grassy Terrain
|upkeep
|
|t:|1778503348
|switch|p1a: Pawmot|Pawmot, F|94/100
|turn|25
|
|t:|1778503352
|move|p1a: Pawmot|Revival Blessing|p1a: Pawmot
|-enditem|p1a: Pawmot|Leppa Berry|[eat]
|-activate|p1a: Pawmot|item: Leppa Berry|Revival Blessing|[consumed]
|
|t:|1778503356
|-heal|p1: Talonflame|50/100|[from] move: Revival Blessing
|move|p2a: Rillaboom|Wood Hammer|p1a: Pawmot
|-damage|p1a: Pawmot|0 fnt
|faint|p1a: Pawmot
|-damage|p2a: Rillaboom|20/100|[from] Recoil
|
|-heal|p2a: Rillaboom|26/100|[from] Grassy Terrain
|upkeep
|
|t:|1778503360
|switch|p1a: Talonflame|Talonflame, M|50/100
|turn|26
|
|t:|1778503368
|switch|p2a: Dopamine Dorito|Iron Moth|100/100
|move|p1a: Talonflame|Roost|p1a: Talonflame
|-heal|p1a: Talonflame|100/100
|-singleturn|p1a: Talonflame|move: Roost
|
|-fieldend|move: Grassy Terrain
|upkeep
|turn|27
|
|t:|1778503377
|switch|p1a: Cresselia|Cresselia, F|100/100
|move|p2a: Dopamine Dorito|Fiery Dance|p1a: Cresselia
|-damage|p1a: Cresselia|80/100
|-boost|p2a: Dopamine Dorito|spa|1
|
|upkeep
|turn|28
|
|t:|1778503393
|move|p2a: Dopamine Dorito|Substitute|p2a: Dopamine Dorito
|-start|p2a: Dopamine Dorito|Substitute
|-damage|p2a: Dopamine Dorito|76/100
|move|p1a: Cresselia|Thunder Wave||[still]
|-fail|p1a: Cresselia
|
|upkeep
|turn|29
|
|t:|1778503406
|switch|p1a: Dondozo|Dondozo, M|98/100
|move|p2a: Dopamine Dorito|Fiery Dance|p1a: Dondozo
|-resisted|p1a: Dondozo
|-damage|p1a: Dondozo|78/100
|
|-heal|p1a: Dondozo|84/100|[from] item: Leftovers
|upkeep
|turn|30
|
|t:|1778503414
|move|p1a: Dondozo|Protect|p1a: Dondozo
|-singleturn|p1a: Dondozo|Protect
|move|p2a: Dopamine Dorito|Sludge Wave|p1a: Dondozo
|-activate|p1a: Dondozo|move: Protect
|
|-heal|p1a: Dondozo|90/100|[from] item: Leftovers
|upkeep
|turn|31
|
|t:|1778503422
|move|p2a: Dopamine Dorito|Sludge Wave|p1a: Dondozo
|-damage|p1a: Dondozo|45/100
|-status|p1a: Dondozo|psn
|move|p1a: Dondozo|Wave Crash|p2a: Dopamine Dorito
|-supereffective|p2a: Dopamine Dorito
|-end|p2a: Dopamine Dorito|Substitute
|-damage|p1a: Dondozo|40/100 psn|[from] Recoil|[of] p2a: Dopamine Dorito
|
|-heal|p1a: Dondozo|46/100 psn|[from] item: Leftovers
|-damage|p1a: Dondozo|34/100 psn|[from] psn
|upkeep
|turn|32
|-message|Sashannarcy forfeited.
|
|win|Gardevoir to 1800s
|raw|Sashannarcy's rating: 1609 &rarr; <strong>1588</strong><br />(-21 for losing)
|raw|Gardevoir to 1800s's rating: 1593 &rarr; <strong>1614</strong><br />(+21 for winning)
|l|☆Sashannarcy
|player|p1|
|l|☆Gardevoir to 1800s
|player|p2|
|l| NewestAlt
