|html|<div class="broadcast-blue"><strong>[Gen 9] OU is currently suspecting Tera Blast! For information on how to participate check out the <a href="https://www.smogon.com/tools/suspects/view/200">suspect thread</a>.</strong></div>
|j|☆Njase
|j|☆3idk
|t:|1776161717
|gametype|singles
|player|p1|Njase|1|1585
|player|p2|3idk|cynthia-masters|1570
|gen|9
|tier|[Gen 9] OU
|rated|
|rule|HP Percentage Mod: HP is shown in percentages
|rule|Endless Battle Clause: Forcing endless battles is banned
|rule|Species Clause: Limit one of each Pokémon
|rule|OHKO Clause: OHKO moves are banned
|rule|Evasion Items Clause: Evasion items are banned
|rule|Evasion Moves Clause: Evasion moves are banned
|rule|Evasion Abilities Clause: Evasion abilities are banned
|rule|Sleep Moves Clause: Sleep-inducing moves are banned
|clearpoke
|poke|p1|Meowscarada, F|
|poke|p1|Gliscor, M|
|poke|p1|Slowking, F|
|poke|p1|Cinderace, M|
|poke|p1|Dragonite, M|
|poke|p1|Dragapult, F|
|poke|p2|Moltres-Galar|
|poke|p2|Gholdengo|
|poke|p2|Samurott-Hisui, F|
|poke|p2|Smeargle, F|
|poke|p2|Zamazenta-*|
|poke|p2|Deoxys-Speed|
|teampreview
|inactive|Battle timer is ON: inactive players will automatically lose when time's up. (requested by 3idk)
|
|t:|1776161731
|teamsize|p1|6
|teamsize|p2|6
|start
|switch|p1a: Dragapult|Dragapult, F|100/100
|switch|p2a: Samurott|Samurott-Hisui, F|100/100
|turn|1
|
|t:|1776161750
|move|p1a: Dragapult|Thunderbolt|p2a: Samurott
|-supereffective|p2a: Samurott
|-enditem|p2a: Samurott|Focus Sash
|-damage|p2a: Samurott|1/100
|move|p2a: Samurott|Knock Off|p1a: Dragapult
|-supereffective|p1a: Dragapult
|-damage|p1a: Dragapult|0 fnt
|-enditem|p1a: Dragapult|Choice Specs|[from] move: Knock Off|[of] p2a: Samurott
|faint|p1a: Dragapult
|
|upkeep
|
|t:|1776161756
|switch|p1a: Meowscarada|Meowscarada, F|100/100
|turn|2
|
|t:|1776161760
|move|p1a: Meowscarada|Flower Trick|p2a: Samurott
|-start|p1a: Meowscarada|typechange|Grass|[from] ability: Protean
|-supereffective|p2a: Samurott
|-crit|p2a: Samurott
|-damage|p2a: Samurott|0 fnt
|faint|p2a: Samurott
|
|upkeep
|
|t:|1776161768
|switch|p2a: Zamazenta|Zamazenta|100/100
|-ability|p2a: Zamazenta|Dauntless Shield|boost
|-boost|p2a: Zamazenta|def|1
|turn|3
|
|t:|1776161771
|move|p2a: Zamazenta|Iron Defense|p2a: Zamazenta
|-boost|p2a: Zamazenta|def|2
|move|p1a: Meowscarada|Flower Trick|p2a: Zamazenta
|-crit|p2a: Zamazenta
|-damage|p2a: Zamazenta|45/100
|
|-heal|p2a: Zamazenta|51/100|[from] item: Leftovers
|upkeep
|turn|4
|
|t:|1776161776
|move|p2a: Zamazenta|Body Press|p1a: Meowscarada
|-damage|p1a: Meowscarada|0 fnt
|faint|p1a: Meowscarada
|
|-heal|p2a: Zamazenta|57/100|[from] item: Leftovers
|upkeep
|
|t:|1776161781
|switch|p1a: Slowking|Slowking, F|100/100
|turn|5
|
|t:|1776161785
|move|p2a: Zamazenta|Body Press|p1a: Slowking
|-resisted|p1a: Slowking
|-damage|p1a: Slowking|65/100
|move|p1a: Slowking|Scald|p2a: Zamazenta
|-damage|p2a: Zamazenta|29/100
|
|-heal|p2a: Zamazenta|36/100|[from] item: Leftovers
|upkeep
|turn|6
|
|t:|1776161790
|move|p2a: Zamazenta|Body Press|p1a: Slowking
|-resisted|p1a: Slowking
|-damage|p1a: Slowking|32/100
|move|p1a: Slowking|Scald|p2a: Zamazenta
|-damage|p2a: Zamazenta|9/100
|
|-heal|p2a: Zamazenta|15/100|[from] item: Leftovers
|upkeep
|turn|7
|
|t:|1776161794
|switch|p1a: Gliscor|Gliscor, M|100/100
|move|p2a: Zamazenta|Body Press|p1a: Gliscor
|-resisted|p1a: Gliscor
|-damage|p1a: Gliscor|66/100
|
|-heal|p2a: Zamazenta|21/100|[from] item: Leftovers
|-status|p1a: Gliscor|tox|[from] item: Toxic Orb
|upkeep
|turn|8
|
|t:|1776161799
|move|p1a: Gliscor|Protect|p1a: Gliscor
|-singleturn|p1a: Gliscor|Protect
|move|p2a: Zamazenta|Roar|p1a: Gliscor
|drag|p1a: Cinderace|Cinderace, M|100/100
|
|-heal|p2a: Zamazenta|27/100|[from] item: Leftovers
|upkeep
|turn|9
|
|t:|1776161802
|move|p2a: Zamazenta|Body Press|p1a: Cinderace
|-damage|p1a: Cinderace|0 fnt
|faint|p1a: Cinderace
|
|-heal|p2a: Zamazenta|33/100|[from] item: Leftovers
|upkeep
|
|t:|1776161805
|switch|p1a: Slowking|Slowking, F|66/100
|turn|10
|
|t:|1776161808
|move|p2a: Zamazenta|Body Press|p1a: Slowking
|-resisted|p1a: Slowking
|-damage|p1a: Slowking|31/100
|move|p1a: Slowking|Scald|p2a: Zamazenta
|-damage|p2a: Zamazenta|8/100
|
|-heal|p2a: Zamazenta|15/100|[from] item: Leftovers
|upkeep
|turn|11
|
|t:|1776161817
|switch|p1a: Gliscor|Gliscor, M|66/100 tox
|move|p2a: Zamazenta|Body Press|p1a: Gliscor
|-resisted|p1a: Gliscor
|-damage|p1a: Gliscor|31/100 tox
|
|-heal|p2a: Zamazenta|21/100|[from] item: Leftovers
|-heal|p1a: Gliscor|43/100 tox|[from] ability: Poison Heal
|upkeep
|turn|12
|
|t:|1776161821
|move|p2a: Zamazenta|Body Press|p1a: Gliscor
|-resisted|p1a: Gliscor
|-damage|p1a: Gliscor|3/100 tox
|move|p1a: Gliscor|Stealth Rock|p2a: Zamazenta
|-sidestart|p2: 3idk|move: Stealth Rock
|
|-heal|p2a: Zamazenta|27/100|[from] item: Leftovers
|-heal|p1a: Gliscor|16/100 tox|[from] ability: Poison Heal
|upkeep
|turn|13
|
|t:|1776161825
|move|p1a: Gliscor|Knock Off|p2a: Zamazenta
|-resisted|p2a: Zamazenta
|-damage|p2a: Zamazenta|24/100
|-enditem|p2a: Zamazenta|Leftovers|[from] move: Knock Off|[of] p1a: Gliscor
|move|p2a: Zamazenta|Roar|p1a: Gliscor
|drag|p1a: Dragonite|Dragonite, M|100/100
|
|upkeep
|turn|14
|
|t:|1776161833
|switch|p1a: Gliscor|Gliscor, M|16/100 tox
|move|p2a: Zamazenta|Body Press|p1a: Gliscor
|-resisted|p1a: Gliscor
|-damage|p1a: Gliscor|0 fnt
|faint|p1a: Gliscor
|
|upkeep
|
|t:|1776161835
|switch|p1a: Slowking|Slowking, F|65/100
|turn|15
|
|t:|1776161838
|move|p2a: Zamazenta|Body Press|p1a: Slowking
|-resisted|p1a: Slowking
|-damage|p1a: Slowking|28/100
|move|p1a: Slowking|Future Sight|p2a: Zamazenta
|-start|p1a: Slowking|move: Future Sight
|
|upkeep
|turn|16
|
|t:|1776161843
|move|p2a: Zamazenta|Body Press|p1a: Slowking
|-resisted|p1a: Slowking
|-damage|p1a: Slowking|0 fnt
|faint|p1a: Slowking
|
|upkeep
|
|t:|1776161846
|switch|p1a: Dragonite|Dragonite, M|100/100
|turn|17
|
|t:|1776161849
|move|p2a: Zamazenta|Body Press|p1a: Dragonite
|-resisted|p1a: Dragonite
|-damage|p1a: Dragonite|73/100
|move|p1a: Dragonite|Dragon Dance|p1a: Dragonite
|-boost|p1a: Dragonite|atk|1
|-boost|p1a: Dragonite|spe|1
|
|-end|p2a: Zamazenta|move: Future Sight
|-supereffective|p2a: Zamazenta
|-damage|p2a: Zamazenta|0 fnt
|faint|p2a: Zamazenta
|upkeep
|
|t:|1776161852
|switch|p2a: Gholdengo|Gholdengo|100/100
|-damage|p2a: Gholdengo|94/100|[from] Stealth Rock
|turn|18
|
|t:|1776161855
|move|p2a: Gholdengo|Trick|p1a: Dragonite
|-activate|p2a: Gholdengo|move: Trick|[of] p1a: Dragonite
|-item|p1a: Dragonite|Choice Scarf|[from] move: Trick
|-item|p2a: Gholdengo|Heavy-Duty Boots|[from] move: Trick
|move|p1a: Dragonite|Dragon Dance|p1a: Dragonite
|-boost|p1a: Dragonite|atk|1
|-boost|p1a: Dragonite|spe|1
|
|upkeep
|turn|19
|-message|Njase forfeited.
|
|win|3idk
|raw|Njase's rating: 1585 &rarr; <strong>1564</strong><br />(-21 for losing)
|raw|3idk's rating: 1570 &rarr; <strong>1591</strong><br />(+21 for winning)
|l|☆Njase
|player|p1|
