|html|<div class="broadcast-blue"><strong>[Gen 9] OU is currently suspecting Volcarona! For information on how to participate check out the <a href="https://www.smogon.com/tools/suspects/view/208">suspect thread</a>.</strong></div>
|j|☆matys 333
|j|☆deusyancha
|t:|1778513491
|gametype|singles
|player|p1|matys 333|101|1339
|player|p2|deusyancha|bugcatcher-gen4dp|1384
|gen|9
|tier|[Gen 9] OU
|rated|
|rule|HP Percentage Mod: HP is shown in percentages
|rule|Endless Battle Clause: Forcing endless battles is banned
|rule|Species Clause: Limit one of each Pokémon
|rule|OHKO Clause: OHKO moves are banned
|rule|Evasion Items Clause: Evasion items are banned
|rule|Evasion Moves Clause: Evasion moves are banned
|rule|Evasion Abilities Clause: Evasion abilities are banned
|rule|Sleep Moves Clause: Sleep-inducing moves are banned
|clearpoke
|poke|p1|Glimmora, M|
|poke|p1|Kingambit, M|
|poke|p1|Darkrai|
|poke|p1|Zamazenta-*|
|poke|p1|Dragonite, M|
|poke|p1|Iron Valiant|
|poke|p2|Diancie|
|poke|p2|Volcanion|
|poke|p2|Ursaluna, M|
|poke|p2|Hatterene, F|
|poke|p2|Cresselia, F|
|poke|p2|Zamazenta-*|
|teampreview
|inactive|Battle timer is ON: inactive players will automatically lose when time's up. (requested by deusyancha)
|
|t:|1778513526
|teamsize|p1|6
|teamsize|p2|6
|start
|switch|p1a: Kingambit|Kingambit, M, shiny|100/100
|switch|p2a: Hatterene|Hatterene, F|100/100
|turn|1
|
|t:|1778513533
|move|p1a: Kingambit|Iron Head|p2a: Hatterene
|-supereffective|p2a: Hatterene
|-enditem|p2a: Hatterene|Focus Sash
|-damage|p2a: Hatterene|1/100
|move|p2a: Hatterene|Trick Room|p2a: Hatterene
|-fieldstart|move: Trick Room|[of] p2a: Hatterene
|
|upkeep
|turn|2
|
|t:|1778513543
|-terastallize|p1a: Kingambit|Dark
|move|p2a: Hatterene|Healing Wish|p2a: Hatterene
|faint|p2a: Hatterene
|move|p1a: Kingambit|Swords Dance|p1a: Kingambit
|-boost|p1a: Kingambit|atk|2
|
|upkeep
|
|t:|1778513568
|switch|p2a: Diancie|Diancie|100/100
|turn|3
|
|t:|1778513577
|move|p2a: Diancie|Meteor Beam||[still]
|-prepare|p2a: Diancie|Meteor Beam
|-boost|p2a: Diancie|spa|1
|-enditem|p2a: Diancie|Power Herb
|-anim|p2a: Diancie|Meteor Beam|p1a: Kingambit
|-damage|p1a: Kingambit|0 fnt
|faint|p1a: Kingambit
|-end|p1a: Kingambit|fallenundefined|[silent]
|
|upkeep
|
|t:|1778513586
|switch|p1a: Glimmora|Glimmora, M|100/100
|turn|4
|
|t:|1778513589
|move|p2a: Diancie|Earth Power|p1a: Glimmora
|-supereffective|p1a: Glimmora
|-enditem|p1a: Glimmora|Focus Sash
|-damage|p1a: Glimmora|1/100
|move|p1a: Glimmora|Stealth Rock|p2a: Diancie
|-sidestart|p2: deusyancha|move: Stealth Rock
|
|upkeep
|turn|5
|
|t:|1778513597
|move|p2a: Diancie|Moonblast|p1a: Glimmora
|-resisted|p1a: Glimmora
|-damage|p1a: Glimmora|0 fnt
|faint|p1a: Glimmora
|
|-fieldend|move: Trick Room
|upkeep
|
|t:|1778513615
|switch|p1a: Zamazenta|Zamazenta|100/100
|-ability|p1a: Zamazenta|Dauntless Shield|boost
|-boost|p1a: Zamazenta|def|1
|turn|6
|
|t:|1778513628
|move|p1a: Zamazenta|Roar|p2a: Diancie
|drag|p2a: Volcanion|Volcanion|100/100
|-damage|p2a: Volcanion|76/100|[from] Stealth Rock
|
|upkeep
|turn|7
|
|t:|1778513638
|move|p1a: Zamazenta|Body Press|p2a: Volcanion
|-damage|p2a: Volcanion|35/100
|move|p2a: Volcanion|Steam Eruption|p1a: Zamazenta
|-damage|p1a: Zamazenta|32/100
|-status|p1a: Zamazenta|brn
|
|-heal|p1a: Zamazenta|38/100 brn|[from] item: Leftovers
|-damage|p1a: Zamazenta|32/100 brn|[from] brn
|upkeep
|turn|8
|
|t:|1778513649
|move|p1a: Zamazenta|Body Press|p2a: Volcanion
|-damage|p2a: Volcanion|16/100
|move|p2a: Volcanion|Steam Eruption|p1a: Zamazenta|[miss]
|-miss|p2a: Volcanion|p1a: Zamazenta
|
|-heal|p1a: Zamazenta|38/100 brn|[from] item: Leftovers
|-damage|p1a: Zamazenta|32/100 brn|[from] brn
|upkeep
|turn|9
|
|t:|1778513659
|move|p1a: Zamazenta|Body Press|p2a: Volcanion
|-damage|p2a: Volcanion|0 fnt
|faint|p2a: Volcanion
|
|-heal|p1a: Zamazenta|38/100 brn|[from] item: Leftovers
|-damage|p1a: Zamazenta|32/100 brn|[from] brn
|upkeep
|
|t:|1778513667
|switch|p2a: Zamazenta|Zamazenta|100/100
|-damage|p2a: Zamazenta|94/100|[from] Stealth Rock
|-ability|p2a: Zamazenta|Dauntless Shield|boost
|-boost|p2a: Zamazenta|def|1
|turn|10
|
|t:|1778513677
|move|p1a: Zamazenta|Body Press|p2a: Zamazenta
|-damage|p2a: Zamazenta|81/100
|move|p2a: Zamazenta|Close Combat|p1a: Zamazenta
|-damage|p1a: Zamazenta|0 fnt
|-unboost|p2a: Zamazenta|def|1
|-unboost|p2a: Zamazenta|spd|1
|faint|p1a: Zamazenta
|-damage|p2a: Zamazenta|71/100|[from] item: Life Orb
|
|upkeep
|
|t:|1778513687
|switch|p1a: Iron Valiant|Iron Valiant|100/100
|-enditem|p1a: Iron Valiant|Booster Energy
|-activate|p1a: Iron Valiant|ability: Quark Drive|[fromitem]
|-start|p1a: Iron Valiant|quarkdrivespe
|turn|11
|
|t:|1778513696
|move|p1a: Iron Valiant|Moonblast|p2a: Zamazenta
|-supereffective|p2a: Zamazenta
|-damage|p2a: Zamazenta|0 fnt
|faint|p2a: Zamazenta
|
|upkeep
|
|t:|1778513701
|switch|p2a: Diancie|Diancie|100/100
|-damage|p2a: Diancie|88/100|[from] Stealth Rock
|turn|12
|
|t:|1778513711
|move|p1a: Iron Valiant|Moonblast|p2a: Diancie
|-damage|p2a: Diancie|52/100
|move|p2a: Diancie|Trick Room|p2a: Diancie
|-fieldstart|move: Trick Room|[of] p2a: Diancie
|
|upkeep
|turn|13
|
|t:|1778513717
|move|p2a: Diancie|Moonblast|p1a: Iron Valiant
|-supereffective|p1a: Iron Valiant
|-damage|p1a: Iron Valiant|0 fnt
|faint|p1a: Iron Valiant
|-end|p1a: Iron Valiant|Quark Drive|[silent]
|
|upkeep
|
|t:|1778513722
|switch|p1a: Darkrai|Darkrai|100/100
|turn|14
|
|t:|1778513738
|move|p2a: Diancie|Moonblast|p1a: Darkrai
|-supereffective|p1a: Darkrai
|-damage|p1a: Darkrai|0 fnt
|faint|p1a: Darkrai
|
|upkeep
|
|t:|1778513744
|switch|p1a: Dragonite|Dragonite, M|100/100
|turn|15
|
|t:|1778513753
|move|p2a: Diancie|Moonblast|p1a: Dragonite
|-supereffective|p1a: Dragonite
|-damage|p1a: Dragonite|53/100
|-unboost|p1a: Dragonite|spa|1
|move|p1a: Dragonite|Earthquake|p2a: Diancie
|-supereffective|p2a: Diancie
|-damage|p2a: Diancie|0 fnt
|faint|p2a: Diancie
|
|upkeep
|
|t:|1778513762
|switch|p2a: Cresselia|Cresselia, F|100/100
|-damage|p2a: Cresselia|88/100|[from] Stealth Rock
|turn|16
|
|t:|1778513766
|move|p1a: Dragonite|Extreme Speed|p2a: Cresselia
|-damage|p2a: Cresselia|67/100
|move|p2a: Cresselia|Reflect|p2a: Cresselia
|-sidestart|p2: deusyancha|Reflect
|
|-fieldend|move: Trick Room
|upkeep
|turn|17
|
|t:|1778513775
|move|p1a: Dragonite|Dragon Dance|p1a: Dragonite
|-boost|p1a: Dragonite|atk|1
|-boost|p1a: Dragonite|spe|1
|move|p2a: Cresselia|Trick Room|p2a: Cresselia
|-fieldstart|move: Trick Room|[of] p2a: Cresselia
|
|upkeep
|turn|18
|
|t:|1778513783
|move|p1a: Dragonite|Extreme Speed|p2a: Cresselia
|-damage|p2a: Cresselia|51/100
|move|p2a: Cresselia|Lunar Dance|p2a: Cresselia
|faint|p2a: Cresselia
|
|upkeep
|
|t:|1778513786
|switch|p2a: Ursaluna|Ursaluna, M|100/100
|-damage|p2a: Ursaluna|94/100|[from] Stealth Rock
|turn|19
|
|t:|1778513796
|move|p2a: Ursaluna|Facade|p1a: Dragonite
|-damage|p1a: Dragonite|7/100
|move|p1a: Dragonite|Ice Spinner|p2a: Ursaluna
|-supereffective|p2a: Ursaluna
|-damage|p2a: Ursaluna|60/100
|
|-status|p2a: Ursaluna|brn|[from] item: Flame Orb
|upkeep
|turn|20
|
|t:|1778513806
|-terastallize|p2a: Ursaluna|Normal
|move|p1a: Dragonite|Extreme Speed|p2a: Ursaluna
|-damage|p2a: Ursaluna|44/100 brn
|move|p2a: Ursaluna|Facade|p1a: Dragonite
|-damage|p1a: Dragonite|0 fnt
|faint|p1a: Dragonite
|
|win|deusyancha
|raw|matys 333's rating: 1339 &rarr; <strong>1322</strong><br />(-17 for losing)
|raw|deusyancha's rating: 1384 &rarr; <strong>1401</strong><br />(+17 for winning)
|l|☆matys 333
|player|p1|
|l|☆deusyancha
|player|p2|
|j|☆matys 333
|player|p1|matys 333|101|
