|html|<div class="broadcast-blue"><strong>[Gen 9] OU is currently suspecting Volcarona! For information on how to participate check out the <a href="https://www.smogon.com/tools/suspects/view/208">suspect thread</a>.</strong></div>
|j|☆orca233
|j|☆ShibaBiba
|t:|1778504314
|gametype|singles
|player|p1|orca233|bellepa|1091
|player|p2|ShibaBiba|lucas|1127
|gen|9
|tier|[Gen 9] OU
|rated|
|rule|HP Percentage Mod: HP is shown in percentages
|rule|Endless Battle Clause: Forcing endless battles is banned
|rule|Species Clause: Limit one of each Pokémon
|rule|OHKO Clause: OHKO moves are banned
|rule|Evasion Items Clause: Evasion items are banned
|rule|Evasion Moves Clause: Evasion moves are banned
|rule|Evasion Abilities Clause: Evasion abilities are banned
|rule|Sleep Moves Clause: Sleep-inducing moves are banned
|clearpoke
|poke|p1|Pelipper, F|
|poke|p1|Kingdra, M|
|poke|p1|Ludicolo, F|
|poke|p1|Zapdos|
|poke|p1|Scizor, F|
|poke|p1|Barraskewda, F|
|poke|p2|Coalossal, M|
|poke|p2|Cyclizar, M|
|poke|p2|Feraligatr, M|
|poke|p2|Rotom-Mow|
|poke|p2|Iron Treads|
|poke|p2|Diancie|
|teampreview
|
|t:|1778504323
|teamsize|p1|6
|teamsize|p2|6
|start
|switch|p1a: acid storm|Pelipper, F|100/100
|switch|p2a: Cannonbolt|Iron Treads, shiny|100/100
|-weather|RainDance|[from] ability: Drizzle|[of] p1a: acid storm
|-enditem|p2a: Cannonbolt|Booster Energy
|-activate|p2a: Cannonbolt|ability: Quark Drive|[fromitem]
|-start|p2a: Cannonbolt|quarkdrivespe
|turn|1
|
|t:|1778504341
|move|p2a: Cannonbolt|Stealth Rock|p1a: acid storm
|-sidestart|p1: orca233|move: Stealth Rock
|move|p1a: acid storm|Surf|p2a: Cannonbolt
|-supereffective|p2a: Cannonbolt
|-damage|p2a: Cannonbolt|0 fnt
|faint|p2a: Cannonbolt
|-end|p2a: Cannonbolt|Quark Drive|[silent]
|
|-weather|RainDance|[upkeep]
|upkeep
|
|t:|1778504365
|switch|p2a: Heatblast|Coalossal, M|100/100
|turn|2
|
|t:|1778504372
|-terastallize|p2a: Heatblast|Water
|move|p1a: acid storm|Surf|p2a: Heatblast
|-resisted|p2a: Heatblast
|-damage|p2a: Heatblast|86/100
|-ability|p2a: Heatblast|Steam Engine|boost
|-boost|p2a: Heatblast|spe|6
|move|p2a: Heatblast|Power Gem|p1a: acid storm
|-supereffective|p1a: acid storm
|-damage|p1a: acid storm|15/100
|
|-weather|RainDance|[upkeep]
|upkeep
|turn|3
|
|t:|1778504390
|move|p2a: Heatblast|Power Gem|p1a: acid storm
|-supereffective|p1a: acid storm
|-damage|p1a: acid storm|0 fnt
|faint|p1a: acid storm
|
|-weather|RainDance|[upkeep]
|upkeep
|inactive|Battle timer is ON: inactive players will automatically lose when time's up. (requested by ShibaBiba)
|
|t:|1778504397
|switch|p1a: thundercracker|Zapdos|100/100
|turn|4
|
|t:|1778504417
|-terastallize|p1a: thundercracker|Grass
|move|p2a: Heatblast|Power Gem|p1a: thundercracker
|-damage|p1a: thundercracker|62/100
|move|p1a: thundercracker|Thunder|p2a: Heatblast
|-supereffective|p2a: Heatblast
|-damage|p2a: Heatblast|2/100
|
|-weather|RainDance|[upkeep]
|upkeep
|turn|5
|
|t:|1778504427
|move|p2a: Heatblast|Flamethrower|p1a: thundercracker
|-supereffective|p1a: thundercracker
|-damage|p1a: thundercracker|25/100
|move|p1a: thundercracker|Volt Switch|p2a: Heatblast
|-supereffective|p2a: Heatblast
|-damage|p2a: Heatblast|0 fnt
|faint|p2a: Heatblast
|inactive|orca233 has 120 seconds left.
|
|t:|1778504443
|switch|p1a: Ludicolo|Ludicolo, F|100/100|[from] Volt Switch
|-damage|p1a: Ludicolo|88/100|[from] Stealth Rock
|
|-weather|RainDance|[upkeep]
|upkeep
|
|t:|1778504454
|switch|p2a: Upgrade|Rotom-Mow|100/100
|turn|6
|
|t:|1778504461
|move|p1a: Ludicolo|Ice Beam|p2a: Upgrade
|-supereffective|p2a: Upgrade
|-damage|p2a: Upgrade|13/100
|-damage|p1a: Ludicolo|78/100|[from] item: Life Orb
|move|p2a: Upgrade|Trick|p1a: Ludicolo
|-activate|p2a: Upgrade|move: Trick|[of] p1a: Ludicolo
|-item|p1a: Ludicolo|Choice Scarf|[from] move: Trick
|-item|p2a: Upgrade|Life Orb|[from] move: Trick
|
|-weather|RainDance|[upkeep]
|upkeep
|turn|7
|
|t:|1778504481
|move|p1a: Ludicolo|Giga Drain|p2a: Upgrade
|-resisted|p2a: Upgrade
|-damage|p2a: Upgrade|0 fnt
|-heal|p1a: Ludicolo|83/100|[from] drain|[of] p2a: Upgrade
|faint|p2a: Upgrade
|
|-weather|RainDance|[upkeep]
|upkeep
|
|t:|1778504488
|switch|p2a: XLR8|Cyclizar, M|100/100
|turn|8
|
|t:|1778504499
|switch|p1a: nova storm|Kingdra, M, shiny|100/100
|-damage|p1a: nova storm|88/100|[from] Stealth Rock
|move|p2a: XLR8|Knock Off|p1a: nova storm
|-damage|p1a: nova storm|42/100
|-enditem|p1a: nova storm|Life Orb|[from] move: Knock Off|[of] p2a: XLR8
|-damage|p2a: XLR8|91/100|[from] item: Life Orb
|
|-weather|none
|upkeep
|turn|9
|
|t:|1778504515
|move|p2a: XLR8|U-turn|p1a: nova storm
|-damage|p1a: nova storm|11/100
|-damage|p2a: XLR8|81/100|[from] item: Life Orb
|
|t:|1778504522
|switch|p2a: Ripjaws|Feraligatr, M, shiny|100/100|[from] U-turn
|move|p1a: nova storm|Dragon Pulse|p2a: Ripjaws
|-damage|p2a: Ripjaws|54/100
|
|upkeep
|turn|10
|
|t:|1778504532
|move|p1a: nova storm|Draco Meteor|p2a: Ripjaws
|-damage|p2a: Ripjaws|0 fnt
|-unboost|p1a: nova storm|spa|2
|faint|p2a: Ripjaws
|
|upkeep
|
|t:|1778504538
|switch|p2a: XLR8|Cyclizar, M|100/100
|turn|11
|
|t:|1778504541
|move|p2a: XLR8|U-turn|p1a: nova storm
|-damage|p1a: nova storm|0 fnt
|faint|p1a: nova storm
|-damage|p2a: XLR8|91/100|[from] item: Life Orb
|
|t:|1778504546
|switch|p2a: Diamond Head|Diancie|100/100|[from] U-turn
|
|upkeep
|
|t:|1778504552
|switch|p1a: Ludicolo|Ludicolo, F|83/100
|-damage|p1a: Ludicolo|71/100|[from] Stealth Rock
|turn|12
|
|t:|1778504563
|move|p1a: Ludicolo|Focus Blast|p2a: Diamond Head|[miss]
|-miss|p1a: Ludicolo|p2a: Diamond Head
|move|p2a: Diamond Head|Body Press|p1a: Ludicolo
|-damage|p1a: Ludicolo|19/100
|
|upkeep
|turn|13
|
|t:|1778504576
|switch|p1a: star scream|Scizor, F, shiny|100/100
|-damage|p1a: star scream|88/100|[from] Stealth Rock
|move|p2a: Diamond Head|Diamond Storm|p1a: star scream
|-damage|p1a: star scream|32/100
|
|upkeep
|turn|14
|
|t:|1778504584
|move|p1a: star scream|Bullet Punch|p2a: Diamond Head
|-supereffective|p2a: Diamond Head
|-damage|p2a: Diamond Head|1/100
|move|p2a: Diamond Head|Diamond Storm|p1a: star scream
|-damage|p1a: star scream|0 fnt
|-boost|p2a: Diamond Head|def|2
|faint|p1a: star scream
|
|upkeep
|
|t:|1778504594
|switch|p1a: Barraskewda|Barraskewda, F|100/100
|-damage|p1a: Barraskewda|88/100|[from] Stealth Rock
|turn|15
|
|t:|1778504611
|move|p1a: Barraskewda|Waterfall|p2a: Diamond Head
|-supereffective|p2a: Diamond Head
|-damage|p2a: Diamond Head|0 fnt
|faint|p2a: Diamond Head
|
|upkeep
|
|t:|1778504617
|switch|p2a: XLR8|Cyclizar, M|100/100
|turn|16
|
|t:|1778504623
|move|p1a: Barraskewda|Waterfall|p2a: XLR8
|-resisted|p2a: XLR8
|-damage|p2a: XLR8|62/100
|move|p2a: XLR8|Knock Off|p1a: Barraskewda
|-crit|p1a: Barraskewda
|-damage|p1a: Barraskewda|0 fnt
|-enditem|p1a: Barraskewda|Choice Scarf|[from] move: Knock Off|[of] p2a: XLR8
|faint|p1a: Barraskewda
|-damage|p2a: XLR8|52/100|[from] item: Life Orb
|
|upkeep
|
|t:|1778504633
|switch|p1a: Ludicolo|Ludicolo, F|19/100
|-damage|p1a: Ludicolo|6/100|[from] Stealth Rock
|turn|17
|
|t:|1778504641
|move|p2a: XLR8|Rapid Spin|p1a: Ludicolo
|-damage|p1a: Ludicolo|0 fnt
|-boost|p2a: XLR8|spe|1
|faint|p1a: Ludicolo
|-damage|p2a: XLR8|42/100|[from] item: Life Orb
|
|upkeep
|
|t:|1778504649
|switch|p1a: thundercracker|Zapdos, tera:Grass|25/100
|turn|18
|
|t:|1778504654
|move|p2a: XLR8|U-turn|p1a: thundercracker
|-supereffective|p1a: thundercracker
|-damage|p1a: thundercracker|0 fnt
|faint|p1a: thundercracker
|-damage|p2a: XLR8|32/100|[from] item: Life Orb
|
|win|ShibaBiba
|raw|orca233's rating: 1091 &rarr; <strong>1070</strong><br />(-21 for losing)
|raw|ShibaBiba's rating: 1127 &rarr; <strong>1149</strong><br />(+22 for winning)
|l|☆ShibaBiba
|player|p2|
|l|☆orca233
|player|p1|
