|html|<div class="broadcast-blue"><strong>[Gen 9] OU is currently suspecting Tera Blast! For information on how to participate check out the <a href="https://www.smogon.com/tools/suspects/view/200">suspect thread</a>.</strong></div>
|j|☆Dhoom Again
|j|☆ahjskahskjah
|t:|1776181612
|gametype|singles
|player|p1|Dhoom Again|argenta|1598
|player|p2|ahjskahskjah|gambler|1684
|gen|9
|tier|[Gen 9] OU
|rated|
|rule|HP Percentage Mod: HP is shown in percentages
|rule|Endless Battle Clause: Forcing endless battles is banned
|rule|Species Clause: Limit one of each Pokémon
|rule|OHKO Clause: OHKO moves are banned
|rule|Evasion Items Clause: Evasion items are banned
|rule|Evasion Moves Clause: Evasion moves are banned
|rule|Evasion Abilities Clause: Evasion abilities are banned
|rule|Sleep Moves Clause: Sleep-inducing moves are banned
|clearpoke
|poke|p1|Grimmsnarl, M|
|poke|p1|Gholdengo|
|poke|p1|Garchomp, M|
|poke|p1|Primarina, F|
|poke|p1|Ogerpon, F|
|poke|p1|Heatran, F|
|poke|p2|Manaphy|
|poke|p2|Raging Bolt|
|poke|p2|Great Tusk|
|poke|p2|Gliscor, M|
|poke|p2|Gholdengo|
|poke|p2|Kingambit, M|
|teampreview
|
|t:|1776181631
|teamsize|p1|6
|teamsize|p2|6
|start
|switch|p1a: PataPataPatapon|Ogerpon, F|100/100
|switch|p2a: Manaphy|Manaphy|100/100
|turn|1
|inactive|Battle timer is ON: inactive players will automatically lose when time's up. (requested by ahjskahskjah)
|
|t:|1776181638
|switch|p2a: Raging Bolt|Raging Bolt|100/100
|move|p1a: PataPataPatapon|Knock Off|p2a: Raging Bolt
|-damage|p2a: Raging Bolt|71/100
|-enditem|p2a: Raging Bolt|Heavy-Duty Boots|[from] move: Knock Off|[of] p1a: PataPataPatapon
|
|upkeep
|turn|2
|j| Monkey D MinMin
|
|t:|1776181661
|switch|p1a: MF Doom|Heatran, F|100/100
|move|p2a: Raging Bolt|Volt Switch|p1a: MF Doom
|-damage|p1a: MF Doom|75/100
|
|t:|1776181684
|-end|p2a: Raging Bolt|Protosynthesis|[silent]
|switch|p2a: Great Tusk|Great Tusk|100/100|[from] Volt Switch
|
|-heal|p1a: MF Doom|82/100|[from] item: Leftovers
|upkeep
|turn|3
|
|t:|1776181694
|switch|p1a: Ouch|Garchomp, M|100/100
|move|p2a: Great Tusk|Headlong Rush|p1a: Ouch
|-damage|p1a: Ouch|62/100
|-unboost|p2a: Great Tusk|def|1
|-unboost|p2a: Great Tusk|spd|1
|-damage|p2a: Great Tusk|88/100|[from] ability: Rough Skin|[of] p1a: Ouch
|-damage|p2a: Great Tusk|72/100|[from] item: Rocky Helmet|[of] p1a: Ouch
|
|upkeep
|turn|4
|
|t:|1776181698
|move|p2a: Great Tusk|Ice Spinner|p1a: Ouch
|-supereffective|p1a: Ouch
|-damage|p1a: Ouch|0 fnt
|-damage|p2a: Great Tusk|59/100|[from] ability: Rough Skin|[of] p1a: Ouch
|-damage|p2a: Great Tusk|43/100|[from] item: Rocky Helmet|[of] p1a: Ouch
|faint|p1a: Ouch
|
|upkeep
|
|t:|1776181705
|switch|p1a: PataPataPatapon|Ogerpon, F|100/100
|turn|5
|
|t:|1776181709
|-end|p2a: Great Tusk|Protosynthesis|[silent]
|switch|p2a: Raging Bolt|Raging Bolt|71/100
|move|p1a: PataPataPatapon|Swords Dance|p1a: PataPataPatapon
|-boost|p1a: PataPataPatapon|atk|2
|
|upkeep
|turn|6
|
|t:|1776181715
|move|p1a: PataPataPatapon|Ivy Cudgel|p2a: Raging Bolt
|-resisted|p2a: Raging Bolt
|-damage|p2a: Raging Bolt|22/100
|move|p2a: Raging Bolt|Dragon Pulse|p1a: PataPataPatapon
|-damage|p1a: PataPataPatapon|44/100
|
|upkeep
|turn|7
|
|t:|1776181725
|move|p2a: Raging Bolt|Thunderclap||[still]
|-fail|p2a: Raging Bolt
|move|p1a: PataPataPatapon|Encore|p2a: Raging Bolt
|-start|p2a: Raging Bolt|Encore
|
|upkeep
|turn|8
|
|t:|1776181730
|move|p2a: Raging Bolt|Thunderclap||[still]
|-fail|p2a: Raging Bolt
|move|p1a: PataPataPatapon|Swords Dance|p1a: PataPataPatapon
|-boost|p1a: PataPataPatapon|atk|2
|
|upkeep
|turn|9
|
|t:|1776181733
|move|p2a: Raging Bolt|Thunderclap||[still]
|-fail|p2a: Raging Bolt
|move|p1a: PataPataPatapon|Swords Dance|p1a: PataPataPatapon
|-boost|p1a: PataPataPatapon|atk|2
|
|upkeep
|turn|10
|
|t:|1776181737
|move|p2a: Raging Bolt|Thunderclap||[still]
|-fail|p2a: Raging Bolt
|move|p1a: PataPataPatapon|Swords Dance|p1a: PataPataPatapon
|-boost|p1a: PataPataPatapon|atk|0
|
|-end|p2a: Raging Bolt|Encore
|upkeep
|turn|11
|
|t:|1776181742
|move|p2a: Raging Bolt|Thunderclap||[still]
|-fail|p2a: Raging Bolt
|move|p1a: PataPataPatapon|Encore|p2a: Raging Bolt
|-start|p2a: Raging Bolt|Encore
|
|upkeep
|turn|12
|
|t:|1776181745
|-end|p2a: Raging Bolt|Protosynthesis|[silent]
|switch|p2a: Gholdengo|Gholdengo|100/100
|move|p1a: PataPataPatapon|Swords Dance|p1a: PataPataPatapon
|-boost|p1a: PataPataPatapon|atk|0
|
|upkeep
|turn|13
|
|t:|1776181752
|move|p2a: Gholdengo|Make It Rain|p1a: PataPataPatapon
|-damage|p1a: PataPataPatapon|0 fnt
|-unboost|p2a: Gholdengo|spa|1
|faint|p1a: PataPataPatapon
|
|upkeep
|
|t:|1776181757
|switch|p1a: Sound the Alarm|Primarina, F|100/100
|turn|14
|
|t:|1776181771
|switch|p2a: Kingambit|Kingambit, M|100/100
|move|p1a: Sound the Alarm|Substitute|p1a: Sound the Alarm
|-start|p1a: Sound the Alarm|Substitute
|-damage|p1a: Sound the Alarm|75/100
|
|-heal|p1a: Sound the Alarm|82/100|[from] item: Leftovers
|upkeep
|turn|15
|
|t:|1776181775
|move|p1a: Sound the Alarm|Calm Mind|p1a: Sound the Alarm
|-boost|p1a: Sound the Alarm|spa|1
|-boost|p1a: Sound the Alarm|spd|1
|move|p2a: Kingambit|Iron Head|p1a: Sound the Alarm
|-end|p1a: Sound the Alarm|Substitute
|
|-heal|p1a: Sound the Alarm|88/100|[from] item: Leftovers
|upkeep
|turn|16
|
|t:|1776181778
|move|p1a: Sound the Alarm|Draining Kiss|p2a: Kingambit
|-damage|p2a: Kingambit|68/100
|-heal|p1a: Sound the Alarm|100/100|[from] drain|[of] p2a: Kingambit
|move|p2a: Kingambit|Iron Head|p1a: Sound the Alarm
|-damage|p1a: Sound the Alarm|63/100
|
|-heal|p1a: Sound the Alarm|69/100|[from] item: Leftovers
|-heal|p2a: Kingambit|74/100|[from] item: Leftovers
|upkeep
|turn|17
|
|t:|1776181783
|move|p1a: Sound the Alarm|Draining Kiss|p2a: Kingambit
|-damage|p2a: Kingambit|42/100
|-heal|p1a: Sound the Alarm|95/100|[from] drain|[of] p2a: Kingambit
|move|p2a: Kingambit|Swords Dance|p2a: Kingambit
|-boost|p2a: Kingambit|atk|2
|
|-heal|p1a: Sound the Alarm|100/100|[from] item: Leftovers
|-heal|p2a: Kingambit|48/100|[from] item: Leftovers
|upkeep
|turn|18
|
|t:|1776181787
|move|p1a: Sound the Alarm|Draining Kiss|p2a: Kingambit
|-damage|p2a: Kingambit|18/100
|move|p2a: Kingambit|Iron Head|p1a: Sound the Alarm
|-damage|p1a: Sound the Alarm|17/100
|
|-heal|p1a: Sound the Alarm|23/100|[from] item: Leftovers
|-heal|p2a: Kingambit|24/100|[from] item: Leftovers
|upkeep
|turn|19
|
|t:|1776181790
|move|p2a: Kingambit|Sucker Punch|p1a: Sound the Alarm
|-resisted|p1a: Sound the Alarm
|-damage|p1a: Sound the Alarm|0 fnt
|faint|p1a: Sound the Alarm
|
|-heal|p2a: Kingambit|30/100|[from] item: Leftovers
|upkeep
|
|t:|1776181795
|switch|p1a: The Brother Grimm|Grimmsnarl, M|100/100
|turn|20
|
|t:|1776181798
|move|p1a: The Brother Grimm|Reflect|p1a: The Brother Grimm
|-sidestart|p1: Dhoom Again|Reflect
|move|p2a: Kingambit|Iron Head|p1a: The Brother Grimm
|-supereffective|p1a: The Brother Grimm
|-damage|p1a: The Brother Grimm|0 fnt
|faint|p1a: The Brother Grimm
|
|-heal|p2a: Kingambit|36/100|[from] item: Leftovers
|upkeep
|
|t:|1776181804
|switch|p1a: MF Doom|Heatran, F|82/100
|turn|21
|
|t:|1776181812
|-end|p2a: Kingambit|fallenundefined|[silent]
|switch|p2a: Manaphy|Manaphy|100/100
|move|p1a: MF Doom|Will-O-Wisp|p2a: Manaphy
|-status|p2a: Manaphy|brn
|
|-heal|p1a: MF Doom|88/100|[from] item: Leftovers
|-damage|p2a: Manaphy|94/100 brn|[from] brn
|upkeep
|turn|22
|
|t:|1776181819
|-terastallize|p1a: MF Doom|Grass
|move|p2a: Manaphy|Surf|p1a: MF Doom
|-resisted|p1a: MF Doom
|-damage|p1a: MF Doom|75/100
|move|p1a: MF Doom|Iron Defense|p1a: MF Doom
|-boost|p1a: MF Doom|def|2
|
|-heal|p2a: Manaphy|100/100 brn|[from] item: Leftovers
|-heal|p1a: MF Doom|82/100|[from] item: Leftovers
|-damage|p2a: Manaphy|94/100 brn|[from] brn
|upkeep
|turn|23
|
|t:|1776181824
|move|p2a: Manaphy|Tail Glow|p2a: Manaphy
|-boost|p2a: Manaphy|spa|3
|move|p1a: MF Doom|Iron Defense|p1a: MF Doom
|-boost|p1a: MF Doom|def|2
|
|-heal|p2a: Manaphy|100/100 brn|[from] item: Leftovers
|-heal|p1a: MF Doom|88/100|[from] item: Leftovers
|-damage|p2a: Manaphy|94/100 brn|[from] brn
|upkeep
|turn|24
|
|t:|1776181827
|move|p2a: Manaphy|Alluring Voice|p1a: MF Doom
|-damage|p1a: MF Doom|53/100
|move|p1a: MF Doom|Body Press|p2a: Manaphy
|-damage|p2a: Manaphy|36/100 brn
|
|-heal|p2a: Manaphy|42/100 brn|[from] item: Leftovers
|-heal|p1a: MF Doom|59/100|[from] item: Leftovers
|-damage|p2a: Manaphy|36/100 brn|[from] brn
|upkeep
|turn|25
|
|t:|1776181831
|move|p2a: Manaphy|Alluring Voice|p1a: MF Doom
|-damage|p1a: MF Doom|23/100
|move|p1a: MF Doom|Body Press|p2a: Manaphy
|-damage|p2a: Manaphy|0 fnt
|faint|p2a: Manaphy
|
|-heal|p1a: MF Doom|29/100|[from] item: Leftovers
|upkeep
|
|t:|1776181836
|switch|p2a: Gholdengo|Gholdengo|100/100
|turn|26
|
|t:|1776181845
|switch|p1a: Cielo|Gholdengo|100/100
|-terastallize|p2a: Gholdengo|Ghost
|move|p2a: Gholdengo|Shadow Ball|p1a: Cielo
|-supereffective|p1a: Cielo
|-damage|p1a: Cielo|0 fnt
|faint|p1a: Cielo
|
|upkeep
|-message|Dhoom Again forfeited.
|
|win|ahjskahskjah
|raw|Dhoom Again's rating: 1598 &rarr; <strong>1583</strong><br />(-15 for losing)
|raw|ahjskahskjah's rating: 1684 &rarr; <strong>1699</strong><br />(+15 for winning)
|l|☆Dhoom Again
|player|p1|
