|html|<div class="broadcast-blue"><strong>[Gen 9] OU is currently suspecting Tera Blast! For information on how to participate check out the <a href="https://www.smogon.com/tools/suspects/view/200">suspect thread</a>.</strong></div>
|j|☆Belike
|j|☆mo-ii-kai
|t:|1776053252
|gametype|singles
|player|p1|Belike|n|1455
|player|p2|mo-ii-kai|janine|1423
|gen|9
|tier|[Gen 9] OU
|rated|
|rule|HP Percentage Mod: HP is shown in percentages
|rule|Endless Battle Clause: Forcing endless battles is banned
|rule|Species Clause: Limit one of each Pokémon
|rule|OHKO Clause: OHKO moves are banned
|rule|Evasion Items Clause: Evasion items are banned
|rule|Evasion Moves Clause: Evasion moves are banned
|rule|Evasion Abilities Clause: Evasion abilities are banned
|rule|Sleep Moves Clause: Sleep-inducing moves are banned
|clearpoke
|poke|p1|Indeedee, M|
|poke|p1|Deoxys-Speed|
|poke|p1|Corviknight, F|
|poke|p1|Cinderace, M|
|poke|p1|Samurott-Hisui, M|
|poke|p1|Hatterene, F|
|poke|p2|Ninetales, M|
|poke|p2|Walking Wake|
|poke|p2|Typhlosion-Hisui, M|
|poke|p2|Great Tusk|
|poke|p2|Rillaboom, F|
|poke|p2|Raging Bolt|
|teampreview
|inactive|Battle timer is ON: inactive players will automatically lose when time's up. (requested by Belike)
|
|t:|1776053262
|teamsize|p1|6
|teamsize|p2|6
|start
|switch|p1a: Indeedee|Indeedee, M|100/100
|switch|p2a: Ninetales|Ninetales, M|100/100
|-fieldstart|move: Psychic Terrain|[from] ability: Psychic Surge|[of] p1a: Indeedee
|-weather|SunnyDay|[from] ability: Drought|[of] p2a: Ninetales
|turn|1
|
|t:|1776053280
|switch|p2a: Rillaboom|Rillaboom, F|100/100
|-fieldstart|move: Grassy Terrain|[from] ability: Grassy Surge|[of] p2a: Rillaboom
|move|p1a: Indeedee|Expanding Force|p2a: Rillaboom
|-damage|p2a: Rillaboom|51/100
|
|-weather|SunnyDay|[upkeep]
|-heal|p2a: Rillaboom|57/100|[from] Grassy Terrain
|upkeep
|turn|2
|
|t:|1776053287
|switch|p1a: Corviknight|Corviknight, F|100/100
|switch|p2a: Raging Bolt|Raging Bolt|100/100
|-activate|p2a: Raging Bolt|ability: Protosynthesis
|-start|p2a: Raging Bolt|protosynthesisspa
|
|-weather|SunnyDay|[upkeep]
|upkeep
|turn|3
|
|t:|1776053291
|switch|p1a: Indeedee|Indeedee, M|100/100
|-fieldstart|move: Psychic Terrain|[from] ability: Psychic Surge|[of] p1a: Indeedee
|move|p2a: Raging Bolt|Volt Switch|p1a: Indeedee
|-damage|p1a: Indeedee|26/100
|
|t:|1776053293
|-end|p2a: Raging Bolt|Protosynthesis|[silent]
|switch|p2a: Rillaboom|Rillaboom, F|57/100|[from] Volt Switch
|-fieldstart|move: Grassy Terrain|[from] ability: Grassy Surge|[of] p2a: Rillaboom
|
|-weather|SunnyDay|[upkeep]
|-heal|p1a: Indeedee|32/100|[from] Grassy Terrain
|-heal|p2a: Rillaboom|63/100|[from] Grassy Terrain
|upkeep
|turn|4
|
|t:|1776053307
|move|p1a: Indeedee|Trick|p2a: Rillaboom
|-activate|p1a: Indeedee|move: Trick|[of] p2a: Rillaboom
|-item|p2a: Rillaboom|Choice Scarf|[from] move: Trick
|-item|p1a: Indeedee|Choice Band|[from] move: Trick
|move|p2a: Rillaboom|U-turn|p1a: Indeedee
|-supereffective|p1a: Indeedee
|-damage|p1a: Indeedee|0 fnt
|faint|p1a: Indeedee
|
|t:|1776053319
|switch|p2a: Raging Bolt|Raging Bolt|100/100|[from] U-turn
|-activate|p2a: Raging Bolt|ability: Protosynthesis
|-start|p2a: Raging Bolt|protosynthesisspa
|
|-weather|SunnyDay|[upkeep]
|upkeep
|
|t:|1776053323
|switch|p1a: Deoxys|Deoxys-Speed|100/100
|-ability|p1a: Deoxys|Pressure
|turn|5
|
|t:|1776053326
|move|p1a: Deoxys|Psycho Boost|p2a: Raging Bolt
|-damage|p2a: Raging Bolt|60/100
|-unboost|p1a: Deoxys|spa|2
|-enditem|p1a: Deoxys|Eject Pack
|
|t:|1776053332
|switch|p1a: Hatterene|Hatterene, F|100/100
|move|p2a: Raging Bolt|Volt Switch|p1a: Hatterene
|-damage|p1a: Hatterene|47/100
|
|t:|1776053354
|-end|p2a: Raging Bolt|Protosynthesis|[silent]
|switch|p2a: Walking Wake|Walking Wake|100/100|[from] Volt Switch
|-activate|p2a: Walking Wake|ability: Protosynthesis
|-start|p2a: Walking Wake|protosynthesisspa
|
|-weather|SunnyDay|[upkeep]
|-heal|p1a: Hatterene|53/100|[from] Grassy Terrain
|-heal|p1a: Hatterene|59/100|[from] item: Leftovers
|upkeep
|turn|6
|inactive|Belike has 120 seconds left.
|
|t:|1776053388
|-terastallize|p2a: Walking Wake|Water
|-terastallize|p1a: Hatterene|Water
|move|p2a: Walking Wake|Hydro Steam|p1a: Hatterene
|-resisted|p1a: Hatterene
|-damage|p1a: Hatterene|0 fnt
|faint|p1a: Hatterene
|
|-weather|SunnyDay|[upkeep]
|upkeep
|inactive|Belike has 120 seconds left.
|l|☆Belike
|inactive|Belike disconnected and has a minute to reconnect!
|player|p1|
|inactive|Belike has 30 seconds to reconnect!
|inactive|Belike has 20 seconds to reconnect!
|inactive|Belike has 15 seconds to reconnect!
|inactive|Belike has 10 seconds to reconnect!
|inactive|Belike has 5 seconds to reconnect!
|-message|Belike lost due to inactivity.
|
|win|mo-ii-kai
|raw|Belike's rating: 1455 &rarr; <strong>1433</strong><br />(-22 for losing)
|raw|mo-ii-kai's rating: 1423 &rarr; <strong>1445</strong><br />(+22 for winning)
|l|☆mo-ii-kai
|player|p2|
