|html|<div class="broadcast-blue"><strong>[Gen 9] OU is currently suspecting Tera Blast! For information on how to participate check out the <a href="https://www.smogon.com/tools/suspects/view/200">suspect thread</a>.</strong></div>
|j|☆Cuacuavakanaka
|j|☆magistermilitum420
|t:|1776189756
|gametype|singles
|player|p1|Cuacuavakanaka|1|1305
|player|p2|magistermilitum420|blue|1324
|gen|9
|tier|[Gen 9] OU
|rated|
|rule|HP Percentage Mod: HP is shown in percentages
|rule|Endless Battle Clause: Forcing endless battles is banned
|rule|Species Clause: Limit one of each Pokémon
|rule|OHKO Clause: OHKO moves are banned
|rule|Evasion Items Clause: Evasion items are banned
|rule|Evasion Moves Clause: Evasion moves are banned
|rule|Evasion Abilities Clause: Evasion abilities are banned
|rule|Sleep Moves Clause: Sleep-inducing moves are banned
|clearpoke
|poke|p1|Gholdengo|
|poke|p1|Maushold-Four|
|poke|p1|Dondozo, F|
|poke|p1|Clodsire, M|
|poke|p1|Meowscarada, M|
|poke|p1|Rotom-Heat|
|poke|p2|Meowscarada, F|
|poke|p2|Great Tusk|
|poke|p2|Alomomola, M|
|poke|p2|Slowking-Galar, M|
|poke|p2|Iron Valiant|
|poke|p2|Heatran, M|
|teampreview
|
|t:|1776189760
|teamsize|p1|6
|teamsize|p2|6
|start
|switch|p1a: Rotom|Rotom-Heat, shiny|100/100
|switch|p2a: Mahad|Meowscarada, F, shiny|100/100
|turn|1
|inactive|Battle timer is ON: inactive players will automatically lose when time's up. (requested by Cuacuavakanaka)
|
|t:|1776189766
|move|p2a: Mahad|U-turn|p1a: Rotom
|-start|p2a: Mahad|typechange|Bug|[from] ability: Protean
|-resisted|p1a: Rotom
|-crit|p1a: Rotom
|-damage|p1a: Rotom|66/100
|
|t:|1776189772
|switch|p2a: Vulcanus|Heatran, M, shiny|100/100|[from] U-turn
|move|p1a: Rotom|Will-O-Wisp|p2a: Vulcanus
|-start|p2a: Vulcanus|ability: Flash Fire
|
|-heal|p1a: Rotom|72/100|[from] item: Leftovers
|upkeep
|turn|2
|
|t:|1776189782
|move|p1a: Rotom|Volt Switch|p2a: Vulcanus
|-damage|p2a: Vulcanus|70/100
|
|t:|1776189785
|switch|p1a: Dondozo|Dondozo, F|100/100|[from] Volt Switch
|move|p2a: Vulcanus|Overheat|p1a: Dondozo
|-resisted|p1a: Dondozo
|-damage|p1a: Dondozo|25/100
|-unboost|p2a: Vulcanus|spa|2
|
|-heal|p1a: Dondozo|31/100|[from] item: Leftovers
|upkeep
|turn|3
|
|t:|1776189795
|move|p2a: Vulcanus|Overheat|p1a: Dondozo
|-resisted|p1a: Dondozo
|-damage|p1a: Dondozo|0 fnt
|-unboost|p2a: Vulcanus|spa|2
|faint|p1a: Dondozo
|
|upkeep
|
|t:|1776189799
|switch|p1a: Maushold|Maushold-Four|100/100
|turn|4
|
|t:|1776189811
|-end|p2a: Vulcanus|ability: Flash Fire|[silent]
|switch|p2a: Charybdis|Alomomola, M, shiny|100/100
|move|p1a: Maushold|Tidy Up|p1a: Maushold
|-boost|p1a: Maushold|atk|1
|-boost|p1a: Maushold|spe|1
|
|upkeep
|turn|5
|
|t:|1776189821
|-terastallize|p1a: Maushold|Normal
|-terastallize|p2a: Charybdis|Ghost
|move|p1a: Maushold|Population Bomb|p2a: Charybdis
|-immune|p2a: Charybdis
|move|p2a: Charybdis|Scald|p1a: Maushold
|-damage|p1a: Maushold|82/100
|
|upkeep
|turn|6
|
|t:|1776189830
|move|p1a: Maushold|Tidy Up|p1a: Maushold
|-boost|p1a: Maushold|atk|1
|-boost|p1a: Maushold|spe|1
|move|p2a: Charybdis|Scald|p1a: Maushold
|-damage|p1a: Maushold|60/100
|-status|p1a: Maushold|brn
|
|-damage|p1a: Maushold|53/100 brn|[from] brn
|upkeep
|turn|7
|
|t:|1776189843
|move|p1a: Maushold|Bite|p2a: Charybdis
|-supereffective|p2a: Charybdis
|-damage|p2a: Charybdis|77/100
|-damage|p1a: Maushold|37/100 brn|[from] item: Rocky Helmet|[of] p2a: Charybdis
|cant|p2a: Charybdis|flinch
|
|-damage|p1a: Maushold|31/100 brn|[from] brn
|upkeep
|turn|8
|
|t:|1776189851
|move|p1a: Maushold|Bite|p2a: Charybdis
|-supereffective|p2a: Charybdis
|-damage|p2a: Charybdis|54/100
|-damage|p1a: Maushold|14/100 brn|[from] item: Rocky Helmet|[of] p2a: Charybdis
|move|p2a: Charybdis|Flip Turn|p1a: Maushold
|-damage|p1a: Maushold|0 fnt
|faint|p1a: Maushold
|
|t:|1776189867
|switch|p2a: Mahad|Meowscarada, F, shiny|100/100|[from] Flip Turn
|
|upkeep
|
|t:|1776189875
|switch|p1a: Rotom|Rotom-Heat, shiny|72/100
|turn|9
|
|t:|1776189884
|move|p2a: Mahad|U-turn|p1a: Rotom
|-start|p2a: Mahad|typechange|Bug|[from] ability: Protean
|-resisted|p1a: Rotom
|-damage|p1a: Rotom|48/100
|
|t:|1776189890
|switch|p2a: Vulcanus|Heatran, M, shiny|70/100|[from] U-turn
|move|p1a: Rotom|Volt Switch|p2a: Vulcanus
|-damage|p2a: Vulcanus|39/100
|
|t:|1776189895
|switch|p1a: Meowscarada|Meowscarada, M, shiny|100/100|[from] Volt Switch
|
|upkeep
|turn|10
|
|t:|1776189916
|move|p1a: Meowscarada|Knock Off|p2a: Vulcanus
|-start|p1a: Meowscarada|typechange|Dark|[from] ability: Protean
|-damage|p2a: Vulcanus|0 fnt
|-enditem|p2a: Vulcanus|Choice Specs|[from] move: Knock Off|[of] p1a: Meowscarada
|faint|p2a: Vulcanus
|
|upkeep
|
|t:|1776189923
|switch|p2a: Mahad|Meowscarada, F, shiny|100/100
|turn|11
|
|t:|1776189928
|switch|p1a: Gholdengo|Gholdengo|100/100
|move|p2a: Mahad|U-turn|p1a: Gholdengo
|-start|p2a: Mahad|typechange|Bug|[from] ability: Protean
|-resisted|p1a: Gholdengo
|-damage|p1a: Gholdengo|92/100
|
|t:|1776189944
|switch|p2a: Pallas|Iron Valiant, shiny|100/100|[from] U-turn
|-enditem|p2a: Pallas|Booster Energy
|-activate|p2a: Pallas|ability: Quark Drive|[fromitem]
|-start|p2a: Pallas|quarkdrivespe
|
|upkeep
|turn|12
|
|t:|1776189953
|move|p2a: Pallas|Knock Off|p1a: Gholdengo
|-supereffective|p1a: Gholdengo
|-damage|p1a: Gholdengo|22/100
|-enditem|p1a: Gholdengo|Focus Sash|[from] move: Knock Off|[of] p2a: Pallas
|move|p1a: Gholdengo|Shadow Ball|p2a: Pallas
|-damage|p2a: Pallas|13/100
|-unboost|p2a: Pallas|spd|1
|
|upkeep
|turn|13
|
|t:|1776189969
|move|p2a: Pallas|Knock Off|p1a: Gholdengo
|-supereffective|p1a: Gholdengo
|-damage|p1a: Gholdengo|0 fnt
|faint|p1a: Gholdengo
|
|upkeep
|
|t:|1776189972
|switch|p1a: Clodsire|Clodsire, M|100/100
|turn|14
|
|t:|1776189981
|-end|p2a: Pallas|Quark Drive|[silent]
|switch|p2a: Charybdis|Alomomola, M, shiny, tera:Ghost|87/100
|move|p1a: Clodsire|Earthquake|p2a: Charybdis
|-damage|p2a: Charybdis|74/100
|
|upkeep
|turn|15
|
|t:|1776189994
|move|p2a: Charybdis|Flip Turn|p1a: Clodsire
|-immune|p1a: Clodsire|[from] ability: Water Absorb
|move|p1a: Clodsire|Toxic|p2a: Charybdis
|-status|p2a: Charybdis|tox
|
|-damage|p2a: Charybdis|67/100 tox|[from] psn
|upkeep
|turn|16
|
|t:|1776190004
|switch|p2a: Mithridates|Slowking-Galar, M|100/100
|move|p1a: Clodsire|Stealth Rock|p2a: Mithridates
|-sidestart|p2: magistermilitum420|move: Stealth Rock
|
|upkeep
|turn|17
|
|t:|1776190015
|switch|p1a: Meowscarada|Meowscarada, M, shiny|100/100
|move|p2a: Mithridates|Psychic Noise|p1a: Meowscarada
|-immune|p1a: Meowscarada
|
|upkeep
|turn|18
|
|t:|1776190026
|switch|p2a: Barca|Great Tusk|100/100
|-damage|p2a: Barca|98/100|[from] Stealth Rock
|move|p1a: Meowscarada|Knock Off|p2a: Barca
|-start|p1a: Meowscarada|typechange|Dark|[from] ability: Protean
|-resisted|p2a: Barca
|-damage|p2a: Barca|83/100
|-enditem|p2a: Barca|Leftovers|[from] move: Knock Off|[of] p1a: Meowscarada
|
|upkeep
|turn|19
|
|t:|1776190043
|switch|p1a: Rotom|Rotom-Heat, shiny|48/100
|move|p2a: Barca|Rapid Spin|p1a: Rotom
|-damage|p1a: Rotom|28/100
|-boost|p2a: Barca|spe|1
|-sideend|p2: magistermilitum420|Stealth Rock|[from] move: Rapid Spin|[of] p2a: Barca
|
|-heal|p1a: Rotom|35/100|[from] item: Leftovers
|upkeep
|turn|20
|
|t:|1776190056
|-end|p2a: Barca|Protosynthesis|[silent]
|switch|p2a: Charybdis|Alomomola, M, shiny, tera:Ghost|100/100 tox
|move|p1a: Rotom|Will-O-Wisp||[still]
|-fail|p1a: Rotom
|
|-heal|p1a: Rotom|41/100|[from] item: Leftovers
|-damage|p2a: Charybdis|94/100 tox|[from] psn
|upkeep
|turn|21
|
|t:|1776190069
|switch|p1a: Clodsire|Clodsire, M|100/100
|switch|p2a: Barca|Great Tusk|83/100
|
|upkeep
|turn|22
|
|t:|1776190080
|switch|p1a: Rotom|Rotom-Heat, shiny|41/100
|move|p2a: Barca|Knock Off|p1a: Rotom
|-damage|p1a: Rotom|3/100
|-enditem|p1a: Rotom|Leftovers|[from] move: Knock Off|[of] p2a: Barca
|
|upkeep
|turn|23
|
|t:|1776190090
|-end|p2a: Barca|Protosynthesis|[silent]
|switch|p2a: Charybdis|Alomomola, M, shiny, tera:Ghost|100/100 tox
|move|p1a: Rotom|Overheat|p2a: Charybdis
|-damage|p2a: Charybdis|35/100 tox
|-unboost|p1a: Rotom|spa|2
|
|-damage|p2a: Charybdis|29/100 tox|[from] psn
|upkeep
|turn|24
|
|t:|1776190104
|switch|p2a: Mithridates|Slowking-Galar, M|100/100
|move|p1a: Rotom|Overheat|p2a: Mithridates|[miss]
|-miss|p1a: Rotom|p2a: Mithridates
|
|upkeep
|turn|25
|
|t:|1776190117
|move|p1a: Rotom|Will-O-Wisp|p2a: Mithridates
|-status|p2a: Mithridates|brn
|move|p2a: Mithridates|Sludge Bomb|p1a: Rotom
|-damage|p1a: Rotom|0 fnt
|faint|p1a: Rotom
|
|-damage|p2a: Mithridates|94/100 brn|[from] brn
|upkeep
|
|t:|1776190125
|switch|p1a: Meowscarada|Meowscarada, M, shiny|100/100
|turn|26
|
|t:|1776190139
|switch|p2a: Pallas|Iron Valiant, shiny|13/100
|move|p1a: Meowscarada|Knock Off|p2a: Pallas
|-start|p1a: Meowscarada|typechange|Dark|[from] ability: Protean
|-resisted|p2a: Pallas
|-damage|p2a: Pallas|0 fnt
|faint|p2a: Pallas
|-end|p2a: Pallas|Quark Drive|[silent]
|
|upkeep
|
|t:|1776190146
|switch|p2a: Mahad|Meowscarada, F, shiny|100/100
|turn|27
|
|t:|1776190156
|switch|p1a: Clodsire|Clodsire, M|100/100
|move|p2a: Mahad|Knock Off|p1a: Clodsire
|-start|p2a: Mahad|typechange|Dark|[from] ability: Protean
|-damage|p1a: Clodsire|52/100
|-enditem|p1a: Clodsire|Black Sludge|[from] move: Knock Off|[of] p2a: Mahad
|
|upkeep
|turn|28
|
|t:|1776190168
|switch|p2a: Mithridates|Slowking-Galar, M|100/100 brn
|move|p1a: Clodsire|Recover|p1a: Clodsire
|-heal|p1a: Clodsire|100/100
|
|-damage|p2a: Mithridates|94/100 brn|[from] brn
|upkeep
|turn|29
|
|t:|1776190181
|move|p2a: Mithridates|Sludge Bomb|p1a: Clodsire
|-resisted|p1a: Clodsire
|-damage|p1a: Clodsire|95/100
|move|p1a: Clodsire|Earthquake|p2a: Mithridates
|-supereffective|p2a: Mithridates
|-damage|p2a: Mithridates|35/100 brn
|
|-damage|p2a: Mithridates|28/100 brn|[from] brn
|upkeep
|turn|30
|
|t:|1776190192
|switch|p2a: Barca|Great Tusk|83/100
|move|p1a: Clodsire|Stealth Rock|p2a: Barca
|-sidestart|p2: magistermilitum420|move: Stealth Rock
|
|upkeep
|turn|31
|
|t:|1776190206
|move|p2a: Barca|Knock Off|p1a: Clodsire
|-damage|p1a: Clodsire|75/100
|move|p1a: Clodsire|Toxic|p2a: Barca
|-status|p2a: Barca|tox
|
|-damage|p2a: Barca|77/100 tox|[from] psn
|upkeep
|turn|32
|
|t:|1776190217
|switch|p1a: Meowscarada|Meowscarada, M, shiny|100/100
|move|p2a: Barca|Earthquake|p1a: Meowscarada
|-resisted|p1a: Meowscarada
|-damage|p1a: Meowscarada|68/100
|
|-damage|p2a: Barca|64/100 tox|[from] psn
|upkeep
|turn|33
|
|t:|1776190231
|-end|p2a: Barca|Protosynthesis|[silent]
|switch|p2a: Charybdis|Alomomola, M, shiny, tera:Ghost|62/100 tox
|-damage|p2a: Charybdis|50/100 tox|[from] Stealth Rock
|move|p1a: Meowscarada|Flower Trick|p2a: Charybdis
|-start|p1a: Meowscarada|typechange|Grass|[from] ability: Protean
|-crit|p2a: Charybdis
|-damage|p2a: Charybdis|13/100 tox
|
|-damage|p2a: Charybdis|7/100 tox|[from] psn
|upkeep
|turn|34
|
|t:|1776190248
|switch|p2a: Mahad|Meowscarada, F, shiny|100/100
|-damage|p2a: Mahad|88/100|[from] Stealth Rock
|move|p1a: Meowscarada|Flower Trick|p2a: Mahad
|-resisted|p2a: Mahad
|-crit|p2a: Mahad
|-damage|p2a: Mahad|29/100
|
|upkeep
|turn|35
|
|t:|1776190258
|switch|p1a: Clodsire|Clodsire, M|75/100
|move|p2a: Mahad|Triple Axel|p1a: Clodsire
|-start|p2a: Mahad|typechange|Ice|[from] ability: Protean
|-supereffective|p1a: Clodsire
|-damage|p1a: Clodsire|54/100
|-supereffective|p1a: Clodsire
|-damage|p1a: Clodsire|11/100
|-supereffective|p1a: Clodsire
|-damage|p1a: Clodsire|0 fnt
|faint|p1a: Clodsire
|-hitcount|p1: Clodsire|3
|
|upkeep
|
|t:|1776190261
|switch|p1a: Meowscarada|Meowscarada, M, shiny|68/100
|turn|36
|
|t:|1776190277
|switch|p2a: Charybdis|Alomomola, M, shiny, tera:Ghost|40/100 tox
|-damage|p2a: Charybdis|28/100 tox|[from] Stealth Rock
|move|p1a: Meowscarada|Flower Trick|p2a: Charybdis
|-start|p1a: Meowscarada|typechange|Grass|[from] ability: Protean
|-crit|p2a: Charybdis
|-damage|p2a: Charybdis|0 fnt
|faint|p2a: Charybdis
|
|upkeep
|
|t:|1776190288
|switch|p2a: Mithridates|Slowking-Galar, M|62/100 brn
|-damage|p2a: Mithridates|49/100 brn|[from] Stealth Rock
|turn|37
|
|t:|1776190292
|move|p1a: Meowscarada|Flower Trick|p2a: Mithridates
|-resisted|p2a: Mithridates
|-crit|p2a: Mithridates
|-damage|p2a: Mithridates|9/100 brn
|move|p2a: Mithridates|Sludge Bomb|p1a: Meowscarada
|-supereffective|p1a: Meowscarada
|-damage|p1a: Meowscarada|0 fnt
|faint|p1a: Meowscarada
|
|win|magistermilitum420
|raw|Cuacuavakanaka's rating: 1305 &rarr; <strong>1286</strong><br />(-19 for losing)
|raw|magistermilitum420's rating: 1324 &rarr; <strong>1343</strong><br />(+19 for winning)
|l|☆Cuacuavakanaka
|player|p1|
