|html|<div class="broadcast-blue"><strong>[Gen 9] OU is currently suspecting Tera Blast! For information on how to participate check out the <a href="https://www.smogon.com/tools/suspects/view/200">suspect thread</a>.</strong></div>
|j|☆raymesq456
|j|☆mrpenguinos
|t:|1776343104
|gametype|singles
|player|p1|raymesq456|lance|1113
|player|p2|mrpenguinos|norman|1097
|gen|9
|tier|[Gen 9] OU
|rated|
|rule|HP Percentage Mod: HP is shown in percentages
|rule|Endless Battle Clause: Forcing endless battles is banned
|rule|Species Clause: Limit one of each Pokémon
|rule|OHKO Clause: OHKO moves are banned
|rule|Evasion Items Clause: Evasion items are banned
|rule|Evasion Moves Clause: Evasion moves are banned
|rule|Evasion Abilities Clause: Evasion abilities are banned
|rule|Sleep Moves Clause: Sleep-inducing moves are banned
|clearpoke
|poke|p1|Maushold|
|poke|p1|Zamazenta-*|
|poke|p1|Mimikyu, F|
|poke|p1|Swampert, M|
|poke|p1|Barraskewda, F|
|poke|p1|Hatterene, F|
|poke|p2|Glimmora, M|
|poke|p2|Ninetales-Alola, M|
|poke|p2|Dragapult, M|
|poke|p2|Umbreon, F|
|poke|p2|Great Tusk|
|poke|p2|Raging Bolt|
|teampreview
|
|t:|1776343126
|teamsize|p1|6
|teamsize|p2|6
|start
|switch|p1a: Zamazenta|Zamazenta|100/100
|switch|p2a: Glimmora|Glimmora, M|100/100
|-ability|p1a: Zamazenta|Dauntless Shield|boost
|-boost|p1a: Zamazenta|def|1
|turn|1
|
|t:|1776343134
|-terastallize|p1a: Zamazenta|Fighting
|move|p1a: Zamazenta|Close Combat|p2a: Glimmora
|-damage|p2a: Glimmora|0 fnt
|-unboost|p1a: Zamazenta|def|1
|-unboost|p1a: Zamazenta|spd|1
|-activate|p2a: Glimmora|ability: Toxic Debris
|-sidestart|p1: raymesq456|move: Toxic Spikes
|faint|p2a: Glimmora
|
|upkeep
|
|t:|1776343150
|switch|p2a: Ninetales|Ninetales-Alola, M|100/100
|-weather|Snowscape|[from] ability: Snow Warning|[of] p2a: Ninetales
|turn|2
|
|t:|1776343162
|move|p2a: Ninetales|Aurora Veil|p2a: Ninetales
|-sidestart|p2: mrpenguinos|move: Aurora Veil
|move|p1a: Zamazenta|Close Combat|p2a: Ninetales
|-damage|p2a: Ninetales|62/100
|-unboost|p1a: Zamazenta|def|1
|-unboost|p1a: Zamazenta|spd|1
|
|-weather|Snowscape|[upkeep]
|upkeep
|turn|3
|
|t:|1776343174
|move|p2a: Ninetales|Moonblast|p1a: Zamazenta
|-supereffective|p1a: Zamazenta
|-damage|p1a: Zamazenta|46/100
|move|p1a: Zamazenta|Close Combat|p2a: Ninetales
|-damage|p2a: Ninetales|28/100
|-unboost|p1a: Zamazenta|def|1
|-unboost|p1a: Zamazenta|spd|1
|
|-weather|Snowscape|[upkeep]
|upkeep
|turn|4
|
|t:|1776343186
|move|p2a: Ninetales|Moonblast|p1a: Zamazenta
|-supereffective|p1a: Zamazenta
|-damage|p1a: Zamazenta|0 fnt
|faint|p1a: Zamazenta
|
|-weather|Snowscape|[upkeep]
|upkeep
|
|t:|1776343200
|switch|p1a: Barraskewda|Barraskewda, F|100/100
|-status|p1a: Barraskewda|psn
|turn|5
|
|t:|1776343207
|move|p1a: Barraskewda|Close Combat|p2a: Ninetales
|-damage|p2a: Ninetales|7/100
|-unboost|p1a: Barraskewda|def|1
|-unboost|p1a: Barraskewda|spd|1
|-damage|p1a: Barraskewda|91/100 psn|[from] item: Life Orb
|move|p2a: Ninetales|Freeze-Dry|p1a: Barraskewda
|-supereffective|p1a: Barraskewda
|-damage|p1a: Barraskewda|0 fnt
|faint|p1a: Barraskewda
|
|-weather|Snowscape|[upkeep]
|upkeep
|
|t:|1776343221
|switch|p1a: Mimikyu|Mimikyu, F|100/100
|-item|p1a: Mimikyu|Air Balloon
|turn|6
|
|t:|1776343240
|move|p2a: Ninetales|Aurora Veil||[still]
|-fail|p2a: Ninetales
|move|p1a: Mimikyu|Shadow Ball|p2a: Ninetales
|-damage|p2a: Ninetales|0 fnt
|faint|p2a: Ninetales
|
|-weather|Snowscape|[upkeep]
|-sideend|p2: mrpenguinos|move: Aurora Veil
|upkeep
|
|t:|1776343252
|switch|p2a: Umbreon|Umbreon, F|100/100
|turn|7
|
|t:|1776343260
|move|p1a: Mimikyu|Drain Punch|p2a: Umbreon
|-supereffective|p2a: Umbreon
|-damage|p2a: Umbreon|75/100
|move|p2a: Umbreon|Toxic|p1a: Mimikyu
|-status|p1a: Mimikyu|tox
|
|-weather|Snowscape|[upkeep]
|-heal|p2a: Umbreon|81/100|[from] item: Leftovers
|-damage|p1a: Mimikyu|94/100 tox|[from] psn
|upkeep
|turn|8
|
|t:|1776343271
|move|p1a: Mimikyu|Shadow Ball|p2a: Umbreon
|-resisted|p2a: Umbreon
|-damage|p2a: Umbreon|76/100
|move|p2a: Umbreon|Foul Play|p1a: Mimikyu
|-activate|p1a: Mimikyu|ability: Disguise
|-damage|p1a: Mimikyu|94/100 tox
|-enditem|p1a: Mimikyu|Air Balloon
|detailschange|p1a: Mimikyu|Mimikyu-Busted, F
|-damage|p1a: Mimikyu|82/100 tox|[from] pokemon: Mimikyu-Busted
|
|-weather|Snowscape|[upkeep]
|-heal|p2a: Umbreon|82/100|[from] item: Leftovers
|-damage|p1a: Mimikyu|70/100 tox|[from] psn
|upkeep
|turn|9
|
|t:|1776343289
|move|p1a: Mimikyu|Drain Punch|p2a: Umbreon
|-supereffective|p2a: Umbreon
|-damage|p2a: Umbreon|59/100
|-heal|p1a: Mimikyu|88/100 tox|[from] drain|[of] p2a: Umbreon
|move|p2a: Umbreon|Foul Play|p1a: Mimikyu
|-damage|p1a: Mimikyu|45/100 tox
|
|-weather|none
|-heal|p2a: Umbreon|65/100|[from] item: Leftovers
|-damage|p1a: Mimikyu|27/100 tox|[from] psn
|upkeep
|turn|10
|
|t:|1776343301
|move|p1a: Mimikyu|Drain Punch|p2a: Umbreon
|-supereffective|p2a: Umbreon
|-damage|p2a: Umbreon|42/100
|-heal|p1a: Mimikyu|44/100 tox|[from] drain|[of] p2a: Umbreon
|move|p2a: Umbreon|Foul Play|p1a: Mimikyu
|-damage|p1a: Mimikyu|0 fnt
|faint|p1a: Mimikyu
|
|-heal|p2a: Umbreon|48/100|[from] item: Leftovers
|upkeep
|
|t:|1776343315
|switch|p1a: Maushold|Maushold|100/100
|-status|p1a: Maushold|psn
|turn|11
|
|t:|1776343325
|move|p1a: Maushold|Population Bomb|p2a: Umbreon
|-damage|p2a: Umbreon|42/100
|-damage|p2a: Umbreon|36/100
|-damage|p2a: Umbreon|30/100
|-damage|p2a: Umbreon|24/100
|-crit|p2a: Umbreon
|-damage|p2a: Umbreon|14/100
|-damage|p2a: Umbreon|8/100
|-damage|p2a: Umbreon|2/100
|-damage|p2a: Umbreon|0 fnt
|faint|p2a: Umbreon
|-hitcount|p2: Umbreon|8
|
|-damage|p1a: Maushold|88/100 psn|[from] psn
|upkeep
|
|t:|1776343341
|switch|p2a: Great Tusk|Great Tusk|100/100
|turn|12
|
|t:|1776343346
|move|p2a: Great Tusk|Close Combat|p1a: Maushold
|-supereffective|p1a: Maushold
|-damage|p1a: Maushold|0 fnt
|-unboost|p2a: Great Tusk|def|1
|-unboost|p2a: Great Tusk|spd|1
|faint|p1a: Maushold
|
|upkeep
|
|t:|1776343354
|switch|p1a: Swampert|Swampert, M|100/100
|-status|p1a: Swampert|psn
|turn|13
|
|t:|1776343360
|move|p2a: Great Tusk|Ice Spinner|p1a: Swampert
|-damage|p1a: Swampert|76/100 psn
|move|p1a: Swampert|Liquidation|p2a: Great Tusk
|-supereffective|p2a: Great Tusk
|-damage|p2a: Great Tusk|9/100
|
|-heal|p1a: Swampert|82/100 psn|[from] item: Leftovers
|-damage|p1a: Swampert|70/100 psn|[from] psn
|upkeep
|turn|14
|
|t:|1776343371
|move|p2a: Great Tusk|Headlong Rush|p1a: Swampert
|-damage|p1a: Swampert|11/100 psn
|-unboost|p2a: Great Tusk|def|1
|-unboost|p2a: Great Tusk|spd|1
|move|p1a: Swampert|Liquidation|p2a: Great Tusk
|-supereffective|p2a: Great Tusk
|-damage|p2a: Great Tusk|0 fnt
|faint|p2a: Great Tusk
|-end|p2a: Great Tusk|Protosynthesis|[silent]
|
|-heal|p1a: Swampert|17/100 psn|[from] item: Leftovers
|-damage|p1a: Swampert|5/100 psn|[from] psn
|upkeep
|
|t:|1776343384
|switch|p2a: Raging Bolt|Raging Bolt|100/100
|-enditem|p2a: Raging Bolt|Booster Energy
|-activate|p2a: Raging Bolt|ability: Protosynthesis|[fromitem]
|-start|p2a: Raging Bolt|protosynthesisspa
|turn|15
|
|t:|1776343390
|move|p2a: Raging Bolt|Calm Mind|p2a: Raging Bolt
|-boost|p2a: Raging Bolt|spa|1
|-boost|p2a: Raging Bolt|spd|1
|move|p1a: Swampert|Earthquake|p2a: Raging Bolt
|-supereffective|p2a: Raging Bolt
|-crit|p2a: Raging Bolt
|-damage|p2a: Raging Bolt|0 fnt
|faint|p2a: Raging Bolt
|-end|p2a: Raging Bolt|Protosynthesis|[silent]
|
|-heal|p1a: Swampert|11/100 psn|[from] item: Leftovers
|-damage|p1a: Swampert|0 fnt|[from] psn
|faint|p1a: Swampert
|upkeep
|
|t:|1776343402
|switch|p2a: Dragapult|Dragapult, M|100/100
|switch|p1a: Hatterene|Hatterene, F|100/100
|-status|p1a: Hatterene|psn
|turn|16
|
|t:|1776343410
|move|p2a: Dragapult|Hex|p1a: Hatterene
|-supereffective|p1a: Hatterene
|-enditem|p1a: Hatterene|Focus Sash
|-damage|p1a: Hatterene|1/100 psn
|move|p1a: Hatterene|Dazzling Gleam|p2a: Dragapult
|-supereffective|p2a: Dragapult
|-damage|p2a: Dragapult|0 fnt
|faint|p2a: Dragapult
|
|win|raymesq456
|raw|raymesq456's rating: 1113 &rarr; <strong>1137</strong><br />(+24 for winning)
|raw|mrpenguinos's rating: 1097 &rarr; <strong>1074</strong><br />(-23 for losing)
