|html|<div class="broadcast-blue"><strong>[Gen 9] OU is currently suspecting Tera Blast! For information on how to participate check out the <a href="https://www.smogon.com/tools/suspects/view/200">suspect thread</a>.</strong></div>
|j|☆gooseemon3
|j|☆whoa now
|t:|1776084031
|gametype|singles
|player|p1|gooseemon3|clown|1199
|player|p2|whoa now|shadowtriad|1252
|gen|9
|tier|[Gen 9] OU
|rated|
|rule|HP Percentage Mod: HP is shown in percentages
|rule|Endless Battle Clause: Forcing endless battles is banned
|rule|Species Clause: Limit one of each Pokémon
|rule|OHKO Clause: OHKO moves are banned
|rule|Evasion Items Clause: Evasion items are banned
|rule|Evasion Moves Clause: Evasion moves are banned
|rule|Evasion Abilities Clause: Evasion abilities are banned
|rule|Sleep Moves Clause: Sleep-inducing moves are banned
|clearpoke
|poke|p1|Overqwil, M|
|poke|p1|Pelipper, M|
|poke|p1|Kleavor, F|
|poke|p1|Walking Wake|
|poke|p1|Iron Treads|
|poke|p1|Ludicolo, M|
|poke|p2|Dragapult, M|
|poke|p2|Ogerpon-Wellspring, F|
|poke|p2|Hatterene, F|
|poke|p2|Iron Valiant|
|poke|p2|Corviknight, F|
|poke|p2|Great Tusk|
|teampreview
|
|t:|1776084044
|teamsize|p1|6
|teamsize|p2|6
|start
|switch|p1a: Kleavor|Kleavor, F|100/100
|switch|p2a: Dragapult|Dragapult, M, shiny|100/100
|turn|1
|
|t:|1776084050
|move|p2a: Dragapult|U-turn|p1a: Kleavor
|-damage|p1a: Kleavor|58/100
|
|t:|1776084052
|switch|p2a: Corviknight|Corviknight, F|100/100|[from] U-turn
|-ability|p2a: Corviknight|Pressure
|move|p1a: Kleavor|Stone Axe|p2a: Corviknight
|-damage|p2a: Corviknight|56/100
|-damage|p1a: Kleavor|42/100|[from] item: Rocky Helmet|[of] p2a: Corviknight
|-sidestart|p2: whoa now|move: Stealth Rock
|
|upkeep
|turn|2
|
|t:|1776084060
|move|p1a: Kleavor|Stone Axe|p2a: Corviknight
|-damage|p2a: Corviknight|13/100
|-damage|p1a: Kleavor|25/100|[from] item: Rocky Helmet|[of] p2a: Corviknight
|move|p2a: Corviknight|Roost|p2a: Corviknight
|-heal|p2a: Corviknight|63/100
|-singleturn|p2a: Corviknight|move: Roost
|
|upkeep
|turn|3
|
|t:|1776084067
|move|p1a: Kleavor|Stone Axe|p2a: Corviknight
|-damage|p2a: Corviknight|22/100
|-damage|p1a: Kleavor|8/100|[from] item: Rocky Helmet|[of] p2a: Corviknight
|move|p2a: Corviknight|Roost|p2a: Corviknight
|-heal|p2a: Corviknight|72/100
|-singleturn|p2a: Corviknight|move: Roost
|
|upkeep
|turn|4
|
|t:|1776084077
|switch|p1a: Pelipper|Pelipper, M|100/100
|-weather|RainDance|[from] ability: Drizzle|[of] p1a: Pelipper
|move|p2a: Corviknight|Roost|p2a: Corviknight
|-heal|p2a: Corviknight|100/100
|-singleturn|p2a: Corviknight|move: Roost
|
|-weather|RainDance|[upkeep]
|upkeep
|turn|5
|
|t:|1776084083
|move|p2a: Corviknight|Defog|p1a: Pelipper
|-unboost|p1a: Pelipper|evasion|1
|-sideend|p2: whoa now|Stealth Rock|[from] move: Defog|[of] p2a: Corviknight
|move|p1a: Pelipper|Chilling Water|p2a: Corviknight
|-damage|p2a: Corviknight|78/100
|-unboost|p2a: Corviknight|atk|1
|
|-weather|RainDance|[upkeep]
|upkeep
|turn|6
|
|t:|1776084090
|switch|p2a: Ogerpon|Ogerpon-Wellspring, F|100/100
|move|p1a: Pelipper|U-turn|p2a: Ogerpon
|-supereffective|p2a: Ogerpon
|-damage|p2a: Ogerpon|78/100
|
|t:|1776084098
|switch|p1a: Overqwil|Overqwil, M|100/100|[from] U-turn
|
|-weather|RainDance|[upkeep]
|upkeep
|turn|7
|
|t:|1776084103
|switch|p2a: Corviknight|Corviknight, F|78/100
|-ability|p2a: Corviknight|Pressure
|move|p1a: Overqwil|Barb Barrage|p2a: Corviknight
|-immune|p2a: Corviknight
|
|-weather|RainDance|[upkeep]
|upkeep
|turn|8
|
|t:|1776084110
|move|p1a: Overqwil|Throat Chop|p2a: Corviknight
|-damage|p2a: Corviknight|46/100
|-start|p2a: Corviknight|Throat Chop|[silent]
|-damage|p1a: Overqwil|84/100|[from] item: Rocky Helmet|[of] p2a: Corviknight
|move|p2a: Corviknight|Iron Defense|p2a: Corviknight
|-boost|p2a: Corviknight|def|2
|
|-weather|RainDance|[upkeep]
|-heal|p1a: Overqwil|90/100|[from] item: Leftovers
|upkeep
|turn|9
|
|t:|1776084116
|move|p1a: Overqwil|Throat Chop|p2a: Corviknight
|-damage|p2a: Corviknight|28/100
|-damage|p1a: Overqwil|73/100|[from] item: Rocky Helmet|[of] p2a: Corviknight
|move|p2a: Corviknight|Roost|p2a: Corviknight
|-heal|p2a: Corviknight|78/100
|-singleturn|p2a: Corviknight|move: Roost
|
|-weather|RainDance|[upkeep]
|-heal|p1a: Overqwil|79/100|[from] item: Leftovers
|-end|p2a: Corviknight|Throat Chop|[silent]
|upkeep
|turn|10
|
|t:|1776084123
|switch|p1a: Walking Wake|Walking Wake|100/100
|-enditem|p1a: Walking Wake|Booster Energy
|-activate|p1a: Walking Wake|ability: Protosynthesis|[fromitem]
|-start|p1a: Walking Wake|protosynthesisspa
|move|p2a: Corviknight|Body Press|p1a: Walking Wake
|-damage|p1a: Walking Wake|59/100
|
|-weather|RainDance|[upkeep]
|upkeep
|turn|11
|
|t:|1776084132
|switch|p2a: Hatterene|Hatterene, F, shiny|100/100
|move|p1a: Walking Wake|Agility|p1a: Walking Wake
|-boost|p1a: Walking Wake|spe|2
|
|-weather|none
|upkeep
|turn|12
|
|t:|1776084138
|move|p1a: Walking Wake|Surf|p2a: Hatterene
|-damage|p2a: Hatterene|36/100
|move|p2a: Hatterene|Nuzzle|p1a: Walking Wake
|-damage|p1a: Walking Wake|55/100
|-status|p1a: Walking Wake|par
|
|upkeep
|turn|13
|
|t:|1776084145
|move|p1a: Walking Wake|Surf|p2a: Hatterene
|-damage|p2a: Hatterene|0 fnt
|faint|p2a: Hatterene
|
|upkeep
|
|t:|1776084148
|switch|p2a: Dragapult|Dragapult, M, shiny|100/100
|turn|14
|
|t:|1776084152
|move|p2a: Dragapult|Dragon Darts|p1a: Walking Wake
|-supereffective|p1a: Walking Wake
|-damage|p1a: Walking Wake|0 fnt
|faint|p1a: Walking Wake
|-end|p1a: Walking Wake|Protosynthesis|[silent]
|
|upkeep
|
|t:|1776084156
|switch|p1a: Pelipper|Pelipper, M|100/100
|-weather|RainDance|[from] ability: Drizzle|[of] p1a: Pelipper
|turn|15
|
|t:|1776084159
|move|p2a: Dragapult|Dragon Darts|p1a: Pelipper
|-damage|p1a: Pelipper|51/100
|-anim|p2a: Dragapult|Dragon Darts|p1a: Pelipper
|-damage|p1a: Pelipper|5/100
|move|p1a: Pelipper|Hurricane|p2a: Dragapult
|-damage|p2a: Dragapult|26/100
|
|-weather|RainDance|[upkeep]
|upkeep
|turn|16
|
|t:|1776084163
|move|p2a: Dragapult|Dragon Darts|p1a: Pelipper
|-damage|p1a: Pelipper|0 fnt
|faint|p1a: Pelipper
|
|-weather|RainDance|[upkeep]
|upkeep
|
|t:|1776084174
|switch|p1a: Ludicolo|Ludicolo, M|100/100
|turn|17
|
|t:|1776084178
|switch|p2a: Ogerpon|Ogerpon-Wellspring, F|78/100
|move|p1a: Ludicolo|Chilling Water|p2a: Ogerpon
|-heal|p2a: Ogerpon|100/100|[from] ability: Water Absorb|[of] p1a: Ludicolo
|
|-weather|RainDance|[upkeep]
|upkeep
|turn|18
|
|t:|1776084190
|move|p1a: Ludicolo|Energy Ball|p2a: Ogerpon
|-damage|p2a: Ogerpon|57/100
|move|p2a: Ogerpon|Knock Off|p1a: Ludicolo
|-damage|p1a: Ludicolo|42/100
|-enditem|p1a: Ludicolo|Leftovers|[from] move: Knock Off|[of] p2a: Ogerpon
|
|-weather|RainDance|[upkeep]
|upkeep
|turn|19
|
|t:|1776084196
|move|p1a: Ludicolo|Energy Ball|p2a: Ogerpon
|-damage|p2a: Ogerpon|7/100
|move|p2a: Ogerpon|U-turn|p1a: Ludicolo
|-supereffective|p1a: Ludicolo
|-damage|p1a: Ludicolo|0 fnt
|faint|p1a: Ludicolo
|
|t:|1776084200
|switch|p2a: Corviknight|Corviknight, F|78/100|[from] U-turn
|-ability|p2a: Corviknight|Pressure
|
|-weather|RainDance|[upkeep]
|upkeep
|
|t:|1776084204
|switch|p1a: Kleavor|Kleavor, F|8/100
|turn|20
|
|t:|1776084208
|move|p1a: Kleavor|Stone Axe|p2a: Corviknight
|-damage|p2a: Corviknight|38/100
|-damage|p1a: Kleavor|0 fnt|[from] item: Rocky Helmet|[of] p2a: Corviknight
|faint|p1a: Kleavor
|move|p2a: Corviknight|Iron Defense|p2a: Corviknight
|-boost|p2a: Corviknight|def|2
|
|-weather|RainDance|[upkeep]
|upkeep
|
|t:|1776084211
|switch|p1a: Iron Treads|Iron Treads|100/100
|-enditem|p1a: Iron Treads|Booster Energy
|-activate|p1a: Iron Treads|ability: Quark Drive|[fromitem]
|-start|p1a: Iron Treads|quarkdriveatk
|turn|21
|
|t:|1776084217
|move|p1a: Iron Treads|Ice Spinner|p2a: Corviknight
|-damage|p2a: Corviknight|22/100
|-damage|p1a: Iron Treads|84/100|[from] item: Rocky Helmet|[of] p2a: Corviknight
|move|p2a: Corviknight|Roost|p2a: Corviknight
|-heal|p2a: Corviknight|72/100
|-singleturn|p2a: Corviknight|move: Roost
|
|-weather|RainDance|[upkeep]
|upkeep
|turn|22
|
|t:|1776084222
|move|p1a: Iron Treads|Iron Head|p2a: Corviknight
|-resisted|p2a: Corviknight
|-damage|p2a: Corviknight|60/100
|-damage|p1a: Iron Treads|68/100|[from] item: Rocky Helmet|[of] p2a: Corviknight
|move|p2a: Corviknight|Iron Defense|p2a: Corviknight
|-boost|p2a: Corviknight|def|2
|
|-weather|none
|upkeep
|turn|23
|-message|gooseemon3 forfeited.
|
|win|whoa now
|raw|gooseemon3's rating: 1199 &rarr; <strong>1178</strong><br />(-21 for losing)
|raw|whoa now's rating: 1252 &rarr; <strong>1273</strong><br />(+21 for winning)
|l|☆gooseemon3
|player|p1|
|l|☆whoa now
|player|p2|
