|html|<div class="broadcast-blue"><strong>[Gen 9] OU is currently suspecting Tera Blast! For information on how to participate check out the <a href="https://www.smogon.com/tools/suspects/view/200">suspect thread</a>.</strong></div>
|j|☆desayd
|j|☆TrainerGly
|t:|1776116106
|gametype|singles
|player|p1|desayd|101|1229
|player|p2|TrainerGly|170|1233
|gen|9
|tier|[Gen 9] OU
|rated|
|rule|HP Percentage Mod: HP is shown in percentages
|rule|Endless Battle Clause: Forcing endless battles is banned
|rule|Species Clause: Limit one of each Pokémon
|rule|OHKO Clause: OHKO moves are banned
|rule|Evasion Items Clause: Evasion items are banned
|rule|Evasion Moves Clause: Evasion moves are banned
|rule|Evasion Abilities Clause: Evasion abilities are banned
|rule|Sleep Moves Clause: Sleep-inducing moves are banned
|clearpoke
|poke|p1|Ninetales, F|
|poke|p1|Blaziken, F|
|poke|p1|Walking Wake|
|poke|p1|Whimsicott, M|
|poke|p1|Great Tusk|
|poke|p1|Iron Moth|
|poke|p2|Typhlosion, M|
|poke|p2|Torkoal, M|
|poke|p2|Garchomp, M|
|poke|p2|Kingambit, M|
|poke|p2|Shiftry, F|
|poke|p2|Corviknight, F|
|teampreview
|
|t:|1776116118
|teamsize|p1|6
|teamsize|p2|6
|start
|switch|p1a: borutodad|Ninetales, F|100/100
|switch|p2a: Garchomp|Garchomp, M|100/100
|-weather|SunnyDay|[from] ability: Drought|[of] p1a: borutodad
|turn|1
|inactive|Battle timer is ON: inactive players will automatically lose when time's up. (requested by desayd)
|
|t:|1776116136
|switch|p1a: Dubya|Walking Wake|100/100
|-activate|p1a: Dubya|ability: Protosynthesis
|-start|p1a: Dubya|protosynthesisspe
|move|p2a: Garchomp|Scale Shot|p1a: Dubya
|-supereffective|p1a: Dubya
|-damage|p1a: Dubya|76/100
|-supereffective|p1a: Dubya
|-damage|p1a: Dubya|51/100
|-supereffective|p1a: Dubya
|-damage|p1a: Dubya|27/100
|-supereffective|p1a: Dubya
|-damage|p1a: Dubya|2/100
|-supereffective|p1a: Dubya
|-damage|p1a: Dubya|0 fnt
|faint|p1a: Dubya
|-end|p1a: Dubya|Protosynthesis|[silent]
|-hitcount|p1: Dubya|5
|-unboost|p2a: Garchomp|def|1
|-boost|p2a: Garchomp|spe|1
|
|-weather|SunnyDay|[upkeep]
|upkeep
|
|t:|1776116158
|switch|p1a: Address Me|Great Tusk|100/100
|-activate|p1a: Address Me|ability: Protosynthesis
|-start|p1a: Address Me|protosynthesisspe
|turn|2
|
|t:|1776116169
|-terastallize|p2a: Garchomp|Rock
|move|p2a: Garchomp|Swords Dance|p2a: Garchomp
|-boost|p2a: Garchomp|atk|2
|move|p1a: Address Me|Ice Spinner|p2a: Garchomp
|-damage|p2a: Garchomp|64/100
|-damage|p1a: Address Me|88/100|[from] ability: Rough Skin|[of] p2a: Garchomp
|
|-weather|SunnyDay|[upkeep]
|upkeep
|turn|3
|
|t:|1776116189
|-terastallize|p1a: Address Me|Steel
|move|p2a: Garchomp|Earthquake|p1a: Address Me
|-supereffective|p1a: Address Me
|-damage|p1a: Address Me|0 fnt
|faint|p1a: Address Me
|-end|p1a: Address Me|Protosynthesis|[silent]
|
|-weather|SunnyDay|[upkeep]
|upkeep
|
|t:|1776116200
|switch|p1a: Treevis Scott|Whimsicott, M|100/100
|turn|4
|
|t:|1776116206
|move|p1a: Treevis Scott|Giga Drain|p2a: Garchomp
|-supereffective|p2a: Garchomp
|-damage|p2a: Garchomp|0 fnt
|faint|p2a: Garchomp
|-damage|p1a: Treevis Scott|91/100|[from] item: Life Orb
|
|-weather|SunnyDay|[upkeep]
|upkeep
|
|t:|1776116226
|switch|p2a: Shiftry|Shiftry, F|100/100
|turn|5
|
|t:|1776116237
|move|p2a: Shiftry|Knock Off|p1a: Treevis Scott
|-resisted|p1a: Treevis Scott
|-damage|p1a: Treevis Scott|55/100
|-enditem|p1a: Treevis Scott|Life Orb|[from] move: Knock Off|[of] p2a: Shiftry
|-damage|p2a: Shiftry|91/100|[from] item: Life Orb
|move|p1a: Treevis Scott|Growth|p1a: Treevis Scott
|-boost|p1a: Treevis Scott|atk|2
|-boost|p1a: Treevis Scott|spa|2
|
|-weather|SunnyDay|[upkeep]
|upkeep
|turn|6
|
|t:|1776116253
|switch|p2a: Typhlosion|Typhlosion, M|100/100
|move|p1a: Treevis Scott|Moonblast|p2a: Typhlosion
|-resisted|p2a: Typhlosion
|-damage|p2a: Typhlosion|51/100
|
|-weather|SunnyDay|[upkeep]
|upkeep
|turn|7
|
|t:|1776116264
|move|p1a: Treevis Scott|Shadow Ball|p2a: Typhlosion
|-damage|p2a: Typhlosion|0 fnt
|faint|p2a: Typhlosion
|
|-weather|SunnyDay|[upkeep]
|upkeep
|
|t:|1776116271
|switch|p2a: Torkoal|Torkoal, M|100/100
|turn|8
|
|t:|1776116280
|move|p1a: Treevis Scott|Shadow Ball|p2a: Torkoal
|-damage|p2a: Torkoal|39/100
|move|p2a: Torkoal|Overheat|p1a: Treevis Scott
|-supereffective|p1a: Treevis Scott
|-damage|p1a: Treevis Scott|0 fnt
|-unboost|p2a: Torkoal|spa|2
|faint|p1a: Treevis Scott
|
|-weather|none
|upkeep
|
|t:|1776116284
|switch|p1a: borutodad|Ninetales, F|100/100
|-weather|SunnyDay|[from] ability: Drought|[of] p1a: borutodad
|turn|9
|
|t:|1776116296
|move|p1a: borutodad|Overheat|p2a: Torkoal
|-resisted|p2a: Torkoal
|-damage|p2a: Torkoal|0 fnt
|-unboost|p1a: borutodad|spa|2
|faint|p2a: Torkoal
|
|-weather|SunnyDay|[upkeep]
|upkeep
|
|t:|1776116302
|switch|p2a: Shiftry|Shiftry, F|91/100
|turn|10
|
|t:|1776116308
|move|p2a: Shiftry|Knock Off|p1a: borutodad
|-damage|p1a: borutodad|26/100
|-enditem|p1a: borutodad|Heat Rock|[from] move: Knock Off|[of] p2a: Shiftry
|-damage|p2a: Shiftry|81/100|[from] item: Life Orb
|move|p1a: borutodad|Overheat|p2a: Shiftry
|-supereffective|p2a: Shiftry
|-damage|p2a: Shiftry|0 fnt
|-unboost|p1a: borutodad|spa|2
|faint|p2a: Shiftry
|
|-weather|SunnyDay|[upkeep]
|upkeep
|
|t:|1776116317
|switch|p2a: Corviknight|Corviknight, F|100/100
|-ability|p2a: Corviknight|Pressure
|turn|11
|
|t:|1776116323
|switch|p1a: kenshiro|Blaziken, F|100/100
|move|p2a: Corviknight|Body Press|p1a: kenshiro
|-damage|p1a: kenshiro|59/100
|
|-weather|SunnyDay|[upkeep]
|-heal|p1a: kenshiro|65/100|[from] item: Leftovers
|upkeep
|turn|12
|
|t:|1776116331
|move|p1a: kenshiro|Swords Dance|p1a: kenshiro
|-boost|p1a: kenshiro|atk|2
|move|p2a: Corviknight|Body Press|p1a: kenshiro
|-damage|p1a: kenshiro|25/100
|
|-weather|SunnyDay|[upkeep]
|-heal|p1a: kenshiro|31/100|[from] item: Leftovers
|-ability|p1a: kenshiro|Speed Boost|boost
|-boost|p1a: kenshiro|spe|1
|upkeep
|turn|13
|
|t:|1776116342
|move|p1a: kenshiro|Flare Blitz|p2a: Corviknight
|-supereffective|p2a: Corviknight
|-damage|p2a: Corviknight|0 fnt
|faint|p2a: Corviknight
|-damage|p1a: kenshiro|0 fnt|[from] Recoil
|faint|p1a: kenshiro
|
|-weather|SunnyDay|[upkeep]
|upkeep
|
|t:|1776116351
|switch|p1a: borutodad|Ninetales, F|26/100
|switch|p2a: Kingambit|Kingambit, M|100/100
|-activate|p2a: Kingambit|ability: Supreme Overlord
|-start|p2a: Kingambit|fallen5|[silent]
|turn|14
|
|t:|1776116357
|move|p2a: Kingambit|Sucker Punch|p1a: borutodad
|-damage|p1a: borutodad|0 fnt
|faint|p1a: borutodad
|
|-weather|SunnyDay|[upkeep]
|upkeep
|
|t:|1776116360
|switch|p1a: Kokushibo|Iron Moth|100/100
|-enditem|p1a: Kokushibo|Booster Energy
|-activate|p1a: Kokushibo|ability: Quark Drive|[fromitem]
|-start|p1a: Kokushibo|quarkdrivespe
|turn|15
|
|t:|1776116365
|move|p2a: Kingambit|Sucker Punch|p1a: Kokushibo
|-damage|p1a: Kokushibo|19/100
|move|p1a: Kokushibo|Overheat|p2a: Kingambit
|-supereffective|p2a: Kingambit
|-enditem|p2a: Kingambit|Focus Sash
|-damage|p2a: Kingambit|1/100
|-unboost|p1a: Kokushibo|spa|2
|
|-weather|SunnyDay|[upkeep]
|upkeep
|turn|16
|
|t:|1776116374
|move|p2a: Kingambit|Sucker Punch|p1a: Kokushibo
|-damage|p1a: Kokushibo|0 fnt
|faint|p1a: Kokushibo
|-end|p1a: Kokushibo|Quark Drive|[silent]
|
|win|TrainerGly
|raw|desayd's rating: 1229 &rarr; <strong>1204</strong><br />(-25 for losing)
|raw|TrainerGly's rating: 1233 &rarr; <strong>1258</strong><br />(+25 for winning)
|l|☆desayd
|player|p1|
|l|☆TrainerGly
|player|p2|
