|html|<div class="broadcast-blue"><strong>[Gen 9] OU is currently suspecting Volcarona! For information on how to participate check out the <a href="https://www.smogon.com/tools/suspects/view/208">suspect thread</a>.</strong></div>
|j|☆SAGAT_99
|j|☆Sprakenheit
|t:|1778509747
|gametype|singles
|player|p1|SAGAT_99|roxanne|1387
|player|p2|Sprakenheit|marley|1370
|gen|9
|tier|[Gen 9] OU
|rated|
|rule|HP Percentage Mod: HP is shown in percentages
|rule|Endless Battle Clause: Forcing endless battles is banned
|rule|Species Clause: Limit one of each Pokémon
|rule|OHKO Clause: OHKO moves are banned
|rule|Evasion Items Clause: Evasion items are banned
|rule|Evasion Moves Clause: Evasion moves are banned
|rule|Evasion Abilities Clause: Evasion abilities are banned
|rule|Sleep Moves Clause: Sleep-inducing moves are banned
|clearpoke
|poke|p1|Volcarona, M|
|poke|p1|Rillaboom, F|
|poke|p1|Hatterene, F|
|poke|p1|Great Tusk|
|poke|p1|Ogerpon-Wellspring, F|
|poke|p1|Glimmora, F|
|poke|p2|Raging Bolt|
|poke|p2|Ogerpon, F|
|poke|p2|Primarina, M|
|poke|p2|Gholdengo|
|poke|p2|Landorus-Therian, M|
|poke|p2|Okidogi, M|
|teampreview
|inactive|Battle timer is ON: inactive players will automatically lose when time's up. (requested by SAGAT_99)
|
|t:|1778509760
|teamsize|p1|6
|teamsize|p2|6
|start
|switch|p1a: Glimmora|Glimmora, F|100/100
|switch|p2a: Landorus|Landorus-Therian, M|100/100
|-ability|p2a: Landorus|Intimidate|boost
|-unboost|p1a: Glimmora|atk|1
|turn|1
|inactive|SAGAT_99 has 120 seconds left.
|c|☆Sprakenheit|Testing a random team I conjured up
|c|☆Sprakenheit|Glhf
|
|t:|1778509803
|switch|p1a: Rillaboom|Rillaboom, F|100/100
|-fieldstart|move: Grassy Terrain|[from] ability: Grassy Surge|[of] p1a: Rillaboom
|move|p2a: Landorus|Earthquake|p1a: Rillaboom
|-resisted|p1a: Rillaboom
|-damage|p1a: Rillaboom|87/100
|
|-heal|p1a: Rillaboom|93/100|[from] Grassy Terrain
|upkeep
|turn|2
|
|t:|1778509812
|move|p2a: Landorus|U-turn|p1a: Rillaboom
|-supereffective|p1a: Rillaboom
|-damage|p1a: Rillaboom|40/100
|c|☆SAGAT_99|hf
|
|t:|1778509817
|switch|p2a: Okidogi|Okidogi, M|100/100|[from] U-turn
|move|p1a: Rillaboom|Knock Off|p2a: Okidogi
|-resisted|p2a: Okidogi
|-crit|p2a: Okidogi
|-damage|p2a: Okidogi|80/100
|-enditem|p2a: Okidogi|Leftovers|[from] move: Knock Off|[of] p1a: Rillaboom
|
|-heal|p2a: Okidogi|86/100|[from] Grassy Terrain
|-heal|p1a: Rillaboom|46/100|[from] Grassy Terrain
|upkeep
|turn|3
|inactive|SAGAT_99 has 120 seconds left.
|inactive|SAGAT_99 has 90 seconds left.
|inactive|SAGAT_99 has 60 seconds left.
|inactive|SAGAT_99 has 30 seconds left.
|inactive|SAGAT_99 has 20 seconds left.
|inactive|SAGAT_99 has 15 seconds left.
|inactive|SAGAT_99 has 10 seconds left.
|
|t:|1778509940
|switch|p1a: Glimmora|Glimmora, F|100/100
|move|p2a: Okidogi|Knock Off|p1a: Glimmora
|-damage|p1a: Glimmora|66/100
|-activate|p1a: Glimmora|ability: Toxic Debris
|-sidestart|p2: Sprakenheit|move: Toxic Spikes
|-enditem|p1a: Glimmora|Power Herb|[from] move: Knock Off|[of] p2a: Okidogi
|
|-heal|p1a: Glimmora|72/100|[from] Grassy Terrain
|-heal|p2a: Okidogi|92/100|[from] Grassy Terrain
|upkeep
|turn|4
|inactive|SAGAT_99 has 20 seconds left this turn.
|inactive|SAGAT_99 has 15 seconds left.
|inactive|Sprakenheit has 120 seconds left.
|
|t:|1778509969
|switch|p2a: Landorus|Landorus-Therian, M|100/100
|-ability|p2a: Landorus|Intimidate|boost
|-unboost|p1a: Glimmora|atk|1
|move|p1a: Glimmora|Stealth Rock|p2a: Landorus
|-sidestart|p2: Sprakenheit|move: Stealth Rock
|
|-heal|p1a: Glimmora|78/100|[from] Grassy Terrain
|upkeep
|turn|5
|inactive|SAGAT_99 has 25 seconds left this turn.
|inactive|SAGAT_99 has 20 seconds left.
|
|t:|1778509975
|move|p2a: Landorus|Earthquake|p1a: Glimmora
|-supereffective|p1a: Glimmora
|-damage|p1a: Glimmora|0 fnt
|-activate|p1a: Glimmora|ability: Toxic Debris
|-sidestart|p2: Sprakenheit|move: Toxic Spikes
|faint|p1a: Glimmora
|
|upkeep
|inactive|SAGAT_99 has 25 seconds left this turn.
|
|t:|1778509978
|switch|p1a: Ogerpon|Ogerpon-Wellspring, F|100/100
|turn|6
|
|t:|1778509983
|switch|p2a: Okidogi|Okidogi, M|92/100
|-sideend|p2: Sprakenheit|move: Toxic Spikes|[of] p2a: Okidogi
|-damage|p2a: Okidogi|86/100|[from] Stealth Rock
|move|p1a: Ogerpon|Ivy Cudgel|p2a: Okidogi|[anim] Ivy Cudgel Water
|-damage|p2a: Okidogi|35/100
|
|-heal|p2a: Okidogi|41/100|[from] Grassy Terrain
|upkeep
|turn|7
|
|t:|1778509997
|switch|p2a: Primarina|Primarina, M|100/100
|-damage|p2a: Primarina|88/100|[from] Stealth Rock
|move|p1a: Ogerpon|Ivy Cudgel|p2a: Primarina|[anim] Ivy Cudgel Water
|-resisted|p2a: Primarina
|-damage|p2a: Primarina|43/100
|
|-heal|p2a: Primarina|49/100|[from] Grassy Terrain
|upkeep
|turn|8
|
|t:|1778510011
|move|p1a: Ogerpon|Grassy Glide|p2a: Primarina
|-supereffective|p2a: Primarina
|-damage|p2a: Primarina|0 fnt
|faint|p2a: Primarina
|
|-fieldend|move: Grassy Terrain
|upkeep
|
|t:|1778510028
|switch|p2a: Raging Bolt|Raging Bolt|100/100
|-damage|p2a: Raging Bolt|88/100|[from] Stealth Rock
|turn|9
|inactive|SAGAT_99 has 60 seconds left.
|
|t:|1778510044
|switch|p1a: Great Tusk|Great Tusk|100/100
|-enditem|p1a: Great Tusk|Booster Energy
|-activate|p1a: Great Tusk|ability: Protosynthesis|[fromitem]
|-start|p1a: Great Tusk|protosynthesisspe
|move|p2a: Raging Bolt|Draco Meteor|p1a: Great Tusk|[miss]
|-miss|p2a: Raging Bolt|p1a: Great Tusk
|
|-heal|p2a: Raging Bolt|94/100|[from] item: Leftovers
|upkeep
|turn|10
|c|☆Sprakenheit|Oof
|
|t:|1778510069
|-end|p2a: Raging Bolt|Protosynthesis|[silent]
|switch|p2a: Gholdengo|Gholdengo|100/100
|-damage|p2a: Gholdengo|94/100|[from] Stealth Rock
|-item|p2a: Gholdengo|Air Balloon
|move|p1a: Great Tusk|Headlong Rush|p2a: Gholdengo
|-immune|p2a: Gholdengo
|
|upkeep
|turn|11
|inactive|SAGAT_99 has 60 seconds left.
|
|t:|1778510078
|-end|p1a: Great Tusk|Protosynthesis|[silent]
|switch|p1a: Hatterene|Hatterene, F|100/100
|move|p2a: Gholdengo|Shadow Ball|p1a: Hatterene
|-supereffective|p1a: Hatterene
|-damage|p1a: Hatterene|32/100
|
|upkeep
|turn|12
|
|t:|1778510084
|move|p2a: Gholdengo|Shadow Ball|p1a: Hatterene
|-supereffective|p1a: Hatterene
|-damage|p1a: Hatterene|0 fnt
|faint|p1a: Hatterene
|
|upkeep
|
|t:|1778510086
|switch|p1a: Rillaboom|Rillaboom, F|46/100
|-fieldstart|move: Grassy Terrain|[from] ability: Grassy Surge|[of] p1a: Rillaboom
|turn|13
|
|t:|1778510096
|move|p2a: Gholdengo|Make It Rain|p1a: Rillaboom
|-damage|p1a: Rillaboom|0 fnt
|-unboost|p2a: Gholdengo|spa|1
|faint|p1a: Rillaboom
|
|upkeep
|
|t:|1778510098
|switch|p1a: Volcarona|Volcarona, M|100/100
|-enditem|p1a: Volcarona|Grassy Seed
|-boost|p1a: Volcarona|def|1|[from] item: Grassy Seed
|turn|14
|
|t:|1778510102
|switch|p2a: Landorus|Landorus-Therian, M|100/100
|-damage|p2a: Landorus|88/100|[from] Stealth Rock
|-ability|p2a: Landorus|Intimidate|boost
|-unboost|p1a: Volcarona|atk|1
|move|p1a: Volcarona|Quiver Dance|p1a: Volcarona
|-boost|p1a: Volcarona|spa|1
|-boost|p1a: Volcarona|spd|1
|-boost|p1a: Volcarona|spe|1
|
|upkeep
|turn|15
|inactive|SAGAT_99 has 90 seconds left.
|
|t:|1778510114
|move|p1a: Volcarona|Quiver Dance|p1a: Volcarona
|-boost|p1a: Volcarona|spa|1
|-boost|p1a: Volcarona|spd|1
|-boost|p1a: Volcarona|spe|1
|move|p2a: Landorus|Stone Edge|p1a: Volcarona
|-supereffective|p1a: Volcarona
|-damage|p1a: Volcarona|0 fnt
|faint|p1a: Volcarona
|
|upkeep
|inactive|SAGAT_99 has 90 seconds left.
|
|t:|1778510121
|switch|p1a: Ogerpon|Ogerpon-Wellspring, F|100/100
|turn|16
|
|t:|1778510127
|switch|p2a: Okidogi|Okidogi, M|41/100
|-damage|p2a: Okidogi|35/100|[from] Stealth Rock
|move|p1a: Ogerpon|Ivy Cudgel|p2a: Okidogi|[anim] Ivy Cudgel Water
|-damage|p2a: Okidogi|0 fnt
|faint|p2a: Okidogi
|
|upkeep
|
|t:|1778510139
|switch|p2a: Raging Bolt|Raging Bolt|94/100
|-damage|p2a: Raging Bolt|82/100|[from] Stealth Rock
|turn|17
|
|t:|1778510148
|-terastallize|p1a: Ogerpon|Water
|detailschange|p1a: Ogerpon|Ogerpon-Wellspring-Tera, F, tera:Water
|-ability|p1a: Ogerpon|Embody Aspect (Wellspring)|boost
|-boost|p1a: Ogerpon|spd|1
|move|p1a: Ogerpon|Power Whip|p2a: Raging Bolt
|-resisted|p2a: Raging Bolt
|-damage|p2a: Raging Bolt|38/100
|move|p2a: Raging Bolt|Draco Meteor|p1a: Ogerpon
|-crit|p1a: Ogerpon
|-damage|p1a: Ogerpon|0 fnt
|-unboost|p2a: Raging Bolt|spa|2
|faint|p1a: Ogerpon
|detailschange|p1: Ogerpon|Ogerpon-Wellspring, F|[silent]
|
|-heal|p2a: Raging Bolt|45/100|[from] Grassy Terrain
|-heal|p2a: Raging Bolt|51/100|[from] item: Leftovers
|upkeep
|
|t:|1778510151
|switch|p1a: Great Tusk|Great Tusk|100/100
|turn|18
|
|t:|1778510163
|-end|p2a: Raging Bolt|Protosynthesis|[silent]
|switch|p2a: Landorus|Landorus-Therian, M|88/100
|-damage|p2a: Landorus|76/100|[from] Stealth Rock
|-ability|p2a: Landorus|Intimidate|boost
|-unboost|p1a: Great Tusk|atk|1
|move|p1a: Great Tusk|Bulk Up|p1a: Great Tusk
|-boost|p1a: Great Tusk|atk|1
|-boost|p1a: Great Tusk|def|1
|
|upkeep
|turn|19
|-message|SAGAT_99 forfeited.
|
|win|Sprakenheit
|raw|SAGAT_99's rating: 1387 &rarr; <strong>1366</strong><br />(-21 for losing)
|raw|Sprakenheit's rating: 1370 &rarr; <strong>1391</strong><br />(+21 for winning)
|l|☆SAGAT_99
|player|p1|
