|html|<div class="broadcast-blue"><strong>[Gen 9] OU is currently suspecting Tera Blast! For information on how to participate check out the <a href="https://www.smogon.com/tools/suspects/view/200">suspect thread</a>.</strong></div>
|j|☆Djjjfjfnekd
|j|☆shushue
|t:|1776041564
|gametype|singles
|player|p1|Djjjfjfnekd|266|1064
|player|p2|shushue|102|1126
|gen|9
|tier|[Gen 9] OU
|rated|
|rule|HP Percentage Mod: HP is shown in percentages
|rule|Endless Battle Clause: Forcing endless battles is banned
|rule|Species Clause: Limit one of each Pokémon
|rule|OHKO Clause: OHKO moves are banned
|rule|Evasion Items Clause: Evasion items are banned
|rule|Evasion Moves Clause: Evasion moves are banned
|rule|Evasion Abilities Clause: Evasion abilities are banned
|rule|Sleep Moves Clause: Sleep-inducing moves are banned
|clearpoke
|poke|p1|Eiscue, M|
|poke|p1|Abomasnow, M|
|poke|p1|Mandibuzz, F|
|poke|p1|Clodsire, M|
|poke|p1|Hydreigon, F|
|poke|p1|Whimsicott, F|
|poke|p2|Tornadus-Therian, M|
|poke|p2|Iron Moth|
|poke|p2|Dragonite, F|
|poke|p2|Heatran, F|
|poke|p2|Clefable, M|
|poke|p2|Cinderace, M|
|teampreview
|c|☆shushue|gl hf
|
|t:|1776041584
|teamsize|p1|6
|teamsize|p2|6
|start
|switch|p1a: Eiscue|Eiscue, M, shiny|100/100
|switch|p2a: Heatran|Heatran, F|100/100
|-item|p2a: Heatran|Air Balloon
|turn|1
|
|t:|1776041596
|move|p1a: Eiscue|Belly Drum|p1a: Eiscue
|-damage|p1a: Eiscue|51/100
|-setboost|p1a: Eiscue|atk|6|[from] move: Belly Drum
|move|p2a: Heatran|Stealth Rock|p1a: Eiscue
|-sidestart|p1: Djjjfjfnekd|move: Stealth Rock
|
|upkeep
|turn|2
|
|t:|1776041605
|-terastallize|p1a: Eiscue|Water
|move|p1a: Eiscue|Tera Blast|p2a: Heatran|[anim] Tera Blast Water
|-supereffective|p2a: Heatran
|-damage|p2a: Heatran|0 fnt
|-enditem|p2a: Heatran|Air Balloon
|faint|p2a: Heatran
|
|upkeep
|
|t:|1776041620
|switch|p2a: Cinderace|Cinderace, M|100/100
|turn|3
|
|t:|1776041625
|move|p2a: Cinderace|Trailblaze|p1a: Eiscue
|-start|p2a: Cinderace|typechange|Grass|[from] ability: Libero
|-activate|p1a: Eiscue|ability: Ice Face
|-damage|p1a: Eiscue|51/100
|-boost|p2a: Cinderace|spe|1
|detailschange|p1a: Eiscue|Eiscue-Noice, M, shiny, tera:Water
|-damage|p2a: Cinderace|91/100|[from] item: Life Orb
|move|p1a: Eiscue|Tera Blast|p2a: Cinderace|[anim] Tera Blast Water
|-resisted|p2a: Cinderace
|-damage|p2a: Cinderace|0 fnt
|faint|p2a: Cinderace
|
|upkeep
|inactive|Battle timer is ON: inactive players will automatically lose when time's up. (requested by Djjjfjfnekd)
|
|t:|1776041678
|switch|p2a: Iron Moth|Iron Moth|100/100
|-enditem|p2a: Iron Moth|Booster Energy
|-activate|p2a: Iron Moth|ability: Quark Drive|[fromitem]
|-start|p2a: Iron Moth|quarkdrivespa
|turn|4
|
|t:|1776041686
|move|p1a: Eiscue|Tera Blast|p2a: Iron Moth|[anim] Tera Blast Water
|-supereffective|p2a: Iron Moth
|-damage|p2a: Iron Moth|0 fnt
|faint|p2a: Iron Moth
|-end|p2a: Iron Moth|Quark Drive|[silent]
|
|upkeep
|
|t:|1776041693
|switch|p2a: Tornadus|Tornadus-Therian, M|100/100
|turn|5
|
|t:|1776041699
|move|p1a: Eiscue|Icicle Crash|p2a: Tornadus
|-supereffective|p2a: Tornadus
|-damage|p2a: Tornadus|0 fnt
|faint|p2a: Tornadus
|
|upkeep
|
|t:|1776041702
|switch|p2a: Dragonite|Dragonite, F|100/100
|turn|6
|
|t:|1776041707
|move|p1a: Eiscue|Icicle Crash|p2a: Dragonite
|-supereffective|p2a: Dragonite
|-damage|p2a: Dragonite|0 fnt
|faint|p2a: Dragonite
|
|upkeep
|
|t:|1776041710
|switch|p2a: Clefable|Clefable, M|100/100
|turn|7
|
|t:|1776041726
|move|p1a: Eiscue|Icicle Crash|p2a: Clefable
|-damage|p2a: Clefable|0 fnt
|faint|p2a: Clefable
|
|win|Djjjfjfnekd
|raw|Djjjfjfnekd's rating: 1064 &rarr; <strong>1100</strong><br />(+36 for winning)
|raw|shushue's rating: 1126 &rarr; <strong>1097</strong><br />(-29 for losing)
|l|☆shushue
|player|p2|
