|html|<div class="broadcast-blue"><strong>[Gen 9] OU is currently suspecting Tera Blast! For information on how to participate check out the <a href="https://www.smogon.com/tools/suspects/view/200">suspect thread</a>.</strong></div>
|j|☆kjojon
|j|☆beyondfatepanda
|t:|1776264733
|gametype|singles
|player|p1|kjojon|brock|1200
|player|p2|beyondfatepanda|cynthia|1157
|gen|9
|tier|[Gen 9] OU
|rated|
|rule|HP Percentage Mod: HP is shown in percentages
|rule|Endless Battle Clause: Forcing endless battles is banned
|rule|Species Clause: Limit one of each Pokémon
|rule|OHKO Clause: OHKO moves are banned
|rule|Evasion Items Clause: Evasion items are banned
|rule|Evasion Moves Clause: Evasion moves are banned
|rule|Evasion Abilities Clause: Evasion abilities are banned
|rule|Sleep Moves Clause: Sleep-inducing moves are banned
|clearpoke
|poke|p1|Weezing-Galar, F|
|poke|p1|Cinderace, F|
|poke|p1|Duraludon, M|
|poke|p1|Hitmontop, M|
|poke|p1|Necrozma|
|poke|p1|Porygon-Z|
|poke|p2|Cinderace, M|
|poke|p2|Garchomp, F|
|poke|p2|Milotic, F|
|poke|p2|Kingambit, M|
|poke|p2|Iron Valiant|
|poke|p2|Great Tusk|
|teampreview
|inactive|Battle timer is ON: inactive players will automatically lose when time's up. (requested by beyondfatepanda)
|
|t:|1776264746
|teamsize|p1|6
|teamsize|p2|6
|start
|switch|p1a: PoyPee|Porygon-Z, shiny|100/100
|switch|p2a: Great Tusk|Great Tusk|100/100
|turn|1
|
|t:|1776264752
|move|p2a: Great Tusk|Stealth Rock|p1a: PoyPee
|-sidestart|p1: kjojon|move: Stealth Rock
|move|p1a: PoyPee|Ice Beam|p2a: Great Tusk
|-supereffective|p2a: Great Tusk
|-damage|p2a: Great Tusk|15/100
|
|upkeep
|turn|2
|
|t:|1776264763
|move|p2a: Great Tusk|Headlong Rush|p1a: PoyPee
|-damage|p1a: PoyPee|27/100
|-unboost|p2a: Great Tusk|def|1
|-unboost|p2a: Great Tusk|spd|1
|move|p1a: PoyPee|Tri Attack|p2a: Great Tusk
|-damage|p2a: Great Tusk|0 fnt
|faint|p2a: Great Tusk
|-end|p2a: Great Tusk|Protosynthesis|[silent]
|
|upkeep
|
|t:|1776264775
|switch|p2a: Iron Valiant|Iron Valiant|100/100
|-enditem|p2a: Iron Valiant|Booster Energy
|-activate|p2a: Iron Valiant|ability: Quark Drive|[fromitem]
|-start|p2a: Iron Valiant|quarkdrivespe
|turn|3
|
|t:|1776264784
|move|p2a: Iron Valiant|Knock Off|p1a: PoyPee
|-damage|p1a: PoyPee|0 fnt
|-enditem|p1a: PoyPee|Salac Berry|[from] move: Knock Off|[of] p2a: Iron Valiant
|faint|p1a: PoyPee
|
|upkeep
|
|t:|1776264790
|switch|p1a: Garfiel|Hitmontop, M|100/100
|-damage|p1a: Garfiel|94/100|[from] Stealth Rock
|turn|4
|
|t:|1776264794
|move|p1a: Garfiel|Fake Out|p2a: Iron Valiant
|-damage|p2a: Iron Valiant|75/100
|cant|p2a: Iron Valiant|flinch
|
|upkeep
|turn|5
|
|t:|1776264799
|move|p2a: Iron Valiant|Moonblast|p1a: Garfiel
|-supereffective|p1a: Garfiel
|-damage|p1a: Garfiel|1/100
|move|p1a: Garfiel|Triple Axel|p2a: Iron Valiant
|-damage|p2a: Iron Valiant|62/100
|-damage|p2a: Iron Valiant|36/100
|-damage|p2a: Iron Valiant|0 fnt
|faint|p2a: Iron Valiant
|-end|p2a: Iron Valiant|Quark Drive|[silent]
|-hitcount|p2: Iron Valiant|3
|
|upkeep
|
|t:|1776264810
|switch|p2a: Garchomp|Garchomp, F, shiny|100/100
|turn|6
|
|t:|1776264814
|move|p2a: Garchomp|Swords Dance|p2a: Garchomp
|-boost|p2a: Garchomp|atk|2
|move|p1a: Garfiel|Triple Axel|p2a: Garchomp
|-supereffective|p2a: Garchomp
|-crit|p2a: Garchomp
|-damage|p2a: Garchomp|43/100
|-damage|p1a: Garfiel|0 fnt|[from] ability: Rough Skin|[of] p2a: Garchomp
|faint|p1a: Garfiel
|-hitcount|p2a: Garchomp|1
|
|upkeep
|
|t:|1776264836
|switch|p1a: Joao|Cinderace, F, shiny|100/100
|-damage|p1a: Joao|76/100|[from] Stealth Rock
|turn|7
|
|t:|1776264846
|-terastallize|p2a: Garchomp|Steel
|move|p1a: Joao|Court Change|p1a: Joao
|-start|p1a: Joao|typechange|Normal|[from] ability: Libero
|-swapsideconditions
|-activate|p1a: Joao|move: Court Change
|move|p2a: Garchomp|Scale Shot|p1a: Joao
|-damage|p1a: Joao|41/100
|-damage|p1a: Joao|2/100
|-damage|p1a: Joao|0 fnt
|faint|p1a: Joao
|-hitcount|p1: Joao|3
|-unboost|p2a: Garchomp|def|1
|-boost|p2a: Garchomp|spe|1
|
|upkeep
|
|t:|1776264867
|switch|p1a: R-Pyrite|Necrozma, shiny|100/100
|turn|8
|
|t:|1776264872
|move|p2a: Garchomp|Iron Head|p1a: R-Pyrite
|-damage|p1a: R-Pyrite|14/100
|cant|p1a: R-Pyrite|flinch
|
|upkeep
|turn|9
|
|t:|1776264878
|move|p2a: Garchomp|Iron Head|p1a: R-Pyrite
|-damage|p1a: R-Pyrite|0 fnt
|faint|p1a: R-Pyrite
|
|upkeep
|
|t:|1776264881
|switch|p1a: Babylon|Duraludon, M, shiny|100/100
|turn|10
|
|t:|1776264890
|move|p2a: Garchomp|Earthquake|p1a: Babylon
|-supereffective|p1a: Babylon
|-damage|p1a: Babylon|0 fnt
|faint|p1a: Babylon
|
|upkeep
|
|t:|1776264893
|switch|p1a: Weezing|Weezing-Galar, F|100/100
|-ability|p1a: Weezing|Neutralizing Gas
|turn|11
|
|t:|1776264899
|move|p2a: Garchomp|Iron Head|p1a: Weezing
|-supereffective|p1a: Weezing
|-damage|p1a: Weezing|0 fnt
|faint|p1a: Weezing
|-end|p1a: Weezing|ability: Neutralizing Gas
|
|win|beyondfatepanda
|raw|kjojon's rating: 1200 &rarr; <strong>1172</strong><br />(-28 for losing)
|raw|beyondfatepanda's rating: 1157 &rarr; <strong>1185</strong><br />(+28 for winning)
|c|☆kjojon|gg's
