|html|<div class="broadcast-blue"><strong>[Gen 9] OU is currently suspecting Tera Blast! For information on how to participate check out the <a href="https://www.smogon.com/tools/suspects/view/200">suspect thread</a>.</strong></div>
|j|☆glos lad
|j|☆dummydraedon
|t:|1776236722
|gametype|singles
|player|p1|glos lad|2|1500
|player|p2|dummydraedon|169|1489
|gen|9
|tier|[Gen 9] OU
|rated|
|rule|HP Percentage Mod: HP is shown in percentages
|rule|Endless Battle Clause: Forcing endless battles is banned
|rule|Species Clause: Limit one of each Pokémon
|rule|OHKO Clause: OHKO moves are banned
|rule|Evasion Items Clause: Evasion items are banned
|rule|Evasion Moves Clause: Evasion moves are banned
|rule|Evasion Abilities Clause: Evasion abilities are banned
|rule|Sleep Moves Clause: Sleep-inducing moves are banned
|clearpoke
|poke|p1|Iron Moth|
|poke|p1|Gliscor, M|
|poke|p1|Hatterene, F|
|poke|p1|Ogerpon-Wellspring, F|
|poke|p1|Raging Bolt|
|poke|p1|Zamazenta-*|
|poke|p2|Vaporeon, F|
|poke|p2|Tinkaton, F|
|poke|p2|Pelipper, M|
|poke|p2|Excadrill, M|
|poke|p2|Barraskewda, M|
|poke|p2|Zoroark-Hisui, M|
|teampreview
|
|t:|1776236742
|teamsize|p1|6
|teamsize|p2|6
|start
|switch|p1a: Zamazenta|Zamazenta|100/100
|switch|p2a: I smash vap|Tinkaton, F, shiny|100/100
|-ability|p1a: Zamazenta|Dauntless Shield|boost
|-boost|p1a: Zamazenta|def|1
|turn|1
|
|t:|1776236750
|move|p2a: I smash vap|Trick|p1a: Zamazenta
|-activate|p2a: I smash vap|move: Trick|[of] p1a: Zamazenta
|-item|p1a: Zamazenta|Choice Scarf|[from] move: Trick
|-item|p2a: I smash vap|Light Clay|[from] move: Trick
|move|p1a: Zamazenta|Reflect|p1a: Zamazenta
|-sidestart|p1: glos lad|Reflect
|
|upkeep
|turn|2
|
|t:|1776236757
|switch|p1a: Ogerpon|Ogerpon-Wellspring, F|100/100
|move|p2a: I smash vap|Will-O-Wisp|p1a: Ogerpon
|-status|p1a: Ogerpon|brn
|
|-damage|p1a: Ogerpon|95/100 brn|[from] brn
|upkeep
|turn|3
|
|t:|1776236768
|switch|p2a: bird in vap|Pelipper, M|100/100
|-weather|RainDance|[from] ability: Drizzle|[of] p2a: bird in vap
|move|p1a: Ogerpon|Ivy Cudgel|p2a: bird in vap|[anim] Ivy Cudgel Water
|-resisted|p2a: bird in vap
|-damage|p2a: bird in vap|68/100
|
|-weather|RainDance|[upkeep]
|-damage|p1a: Ogerpon|89/100 brn|[from] brn
|upkeep
|turn|4
|
|t:|1776236774
|move|p2a: bird in vap|Hurricane|p1a: Ogerpon
|-supereffective|p1a: Ogerpon
|-damage|p1a: Ogerpon|0 fnt
|faint|p1a: Ogerpon
|
|-weather|RainDance|[upkeep]
|upkeep
|
|t:|1776236778
|switch|p1a: Hatterene|Hatterene, F|100/100
|turn|5
|
|t:|1776236781
|switch|p2a: digging in vap|Excadrill, M, shiny|100/100
|-ability|p2a: digging in vap|Mold Breaker
|-item|p2a: digging in vap|Air Balloon
|move|p1a: Hatterene|Calm Mind|p1a: Hatterene
|-boost|p1a: Hatterene|spa|1
|-boost|p1a: Hatterene|spd|1
|
|-weather|RainDance|[upkeep]
|-sideend|p1: glos lad|Reflect
|upkeep
|turn|6
|
|t:|1776236787
|-terastallize|p1a: Hatterene|Water
|move|p2a: digging in vap|Swords Dance|p2a: digging in vap
|-boost|p2a: digging in vap|atk|2
|move|p1a: Hatterene|Calm Mind|p1a: Hatterene
|-boost|p1a: Hatterene|spa|1
|-boost|p1a: Hatterene|spd|1
|
|-weather|RainDance|[upkeep]
|upkeep
|turn|7
|
|t:|1776236792
|move|p2a: digging in vap|Earthquake|p1a: Hatterene
|-damage|p1a: Hatterene|16/100
|move|p1a: Hatterene|Draining Kiss|p2a: digging in vap
|-resisted|p2a: digging in vap
|-damage|p2a: digging in vap|71/100
|-heal|p1a: Hatterene|41/100|[from] drain|[of] p2a: digging in vap
|-enditem|p2a: digging in vap|Air Balloon
|
|-weather|none
|-heal|p1a: Hatterene|47/100|[from] item: Leftovers
|upkeep
|turn|8
|l|☆glos lad
|player|p1|
|inactive|Battle timer is ON: inactive players will automatically lose when time's up. (requested by dummydraedon)
|inactive|glos lad has 30 seconds to reconnect!
|inactive|glos lad has 20 seconds to reconnect!
|inactive|glos lad has 15 seconds to reconnect!
|inactive|glos lad has 10 seconds to reconnect!
|inactive|glos lad has 5 seconds to reconnect!
|-message|glos lad lost due to inactivity.
|
|win|dummydraedon
|raw|glos lad's rating: 1500 &rarr; <strong>1479</strong><br />(-21 for losing)
|raw|dummydraedon's rating: 1489 &rarr; <strong>1510</strong><br />(+21 for winning)
|l|☆dummydraedon
|player|p2|
|j|☆dummydraedon
|player|p2|dummydraedon|169|
