|html|<div class="broadcast-blue"><strong>[Gen 9] OU is currently suspecting Tera Blast! For information on how to participate check out the <a href="https://www.smogon.com/tools/suspects/view/200">suspect thread</a>.</strong></div>
|j|☆mastermar22
|j|☆Colin Prime
|t:|1776090881
|gametype|singles
|player|p1|mastermar22|volkner|1481
|player|p2|Colin Prime|iris-gen5bw2|1527
|gen|9
|tier|[Gen 9] OU
|rated|
|rule|HP Percentage Mod: HP is shown in percentages
|rule|Endless Battle Clause: Forcing endless battles is banned
|rule|Species Clause: Limit one of each Pokémon
|rule|OHKO Clause: OHKO moves are banned
|rule|Evasion Items Clause: Evasion items are banned
|rule|Evasion Moves Clause: Evasion moves are banned
|rule|Evasion Abilities Clause: Evasion abilities are banned
|rule|Sleep Moves Clause: Sleep-inducing moves are banned
|clearpoke
|poke|p1|Dragonite, F|
|poke|p1|Samurott-Hisui, M|
|poke|p1|Clefable, F|
|poke|p1|Gliscor, F|
|poke|p1|Gholdengo|
|poke|p1|Zamazenta-*|
|poke|p2|Raging Bolt|
|poke|p2|Raichu-Alola, F|
|poke|p2|Pincurchin, F|
|poke|p2|Iron Boulder|
|poke|p2|Hatterene, F|
|poke|p2|Kyurem|
|teampreview
|inactive|Battle timer is ON: inactive players will automatically lose when time's up. (requested by mastermar22)
|
|t:|1776090908
|teamsize|p1|6
|teamsize|p2|6
|start
|switch|p1a: Gliscor|Gliscor, F|100/100
|switch|p2a: Kyurem|Kyurem|100/100
|-ability|p2a: Kyurem|Pressure
|turn|1
|
|t:|1776090917
|move|p1a: Gliscor|Protect|p1a: Gliscor
|-singleturn|p1a: Gliscor|Protect
|move|p2a: Kyurem|Ice Beam|p1a: Gliscor
|-activate|p1a: Gliscor|move: Protect
|
|-status|p1a: Gliscor|tox|[from] item: Toxic Orb
|upkeep
|turn|2
|
|t:|1776090929
|switch|p1a: Gholdengo|Gholdengo|100/100
|move|p2a: Kyurem|Freeze-Dry|p1a: Gholdengo
|-resisted|p1a: Gholdengo
|-damage|p1a: Gholdengo|80/100
|
|upkeep
|turn|3
|
|t:|1776090937
|switch|p2a: Pincurchin|Pincurchin, F|100/100
|-fieldstart|move: Electric Terrain|[from] ability: Electric Surge|[of] p2a: Pincurchin
|move|p1a: Gholdengo|Make It Rain|p2a: Pincurchin
|-resisted|p2a: Pincurchin
|-damage|p2a: Pincurchin|60/100
|-unboost|p1a: Gholdengo|spa|1
|
|upkeep
|turn|4
|
|t:|1776090944
|switch|p1a: Gliscor|Gliscor, F|100/100 tox
|switch|p2a: Hatterene|Hatterene, F|100/100
|
|upkeep
|turn|5
|
|t:|1776090952
|move|p1a: Gliscor|Knock Off|p2a: Hatterene
|-damage|p2a: Hatterene|81/100
|-enditem|p2a: Hatterene|Eject Button|[from] move: Knock Off|[of] p1a: Gliscor
|move|p2a: Hatterene|Psychic|p1a: Gliscor
|-damage|p1a: Gliscor|63/100 tox
|
|-heal|p1a: Gliscor|75/100 tox|[from] ability: Poison Heal
|upkeep
|turn|6
|
|t:|1776090970
|move|p1a: Gliscor|Swords Dance|p1a: Gliscor
|-boost|p1a: Gliscor|atk|2
|move|p2a: Hatterene|Dazzling Gleam|p1a: Gliscor
|-damage|p1a: Gliscor|44/100 tox
|
|-heal|p1a: Gliscor|56/100 tox|[from] ability: Poison Heal
|upkeep
|turn|7
|
|t:|1776090977
|move|p1a: Gliscor|Facade|p2a: Hatterene
|-damage|p2a: Hatterene|21/100
|move|p2a: Hatterene|Psychic|p1a: Gliscor
|-damage|p1a: Gliscor|22/100 tox
|
|-heal|p1a: Gliscor|34/100 tox|[from] ability: Poison Heal
|upkeep
|turn|8
|
|t:|1776090985
|move|p1a: Gliscor|Facade|p2a: Hatterene
|-damage|p2a: Hatterene|0 fnt
|faint|p2a: Hatterene
|
|-heal|p1a: Gliscor|47/100 tox|[from] ability: Poison Heal
|upkeep
|
|t:|1776090992
|switch|p2a: Iron Boulder|Iron Boulder|100/100
|-activate|p2a: Iron Boulder|ability: Quark Drive
|-start|p2a: Iron Boulder|quarkdriveatk
|turn|9
|
|t:|1776090998
|move|p2a: Iron Boulder|Mighty Cleave|p1a: Gliscor
|-damage|p1a: Gliscor|0 fnt
|faint|p1a: Gliscor
|
|upkeep
|
|t:|1776091004
|switch|p1a: Clefable|Clefable, F|100/100
|turn|10
|
|t:|1776091007
|-terastallize|p2a: Iron Boulder|Rock
|move|p2a: Iron Boulder|Mighty Cleave|p1a: Clefable
|-damage|p1a: Clefable|0 fnt
|-damage|p2a: Iron Boulder|84/100|[from] item: Rocky Helmet|[of] p1a: Clefable
|faint|p1a: Clefable
|
|-fieldend|move: Electric Terrain
|-end|p2a: Iron Boulder|Quark Drive
|upkeep
|
|t:|1776091014
|switch|p1a: Samurott|Samurott-Hisui, M|100/100
|turn|11
|
|t:|1776091024
|-end|p2a: Iron Boulder|Quark Drive|[silent]
|switch|p2a: Pincurchin|Pincurchin, F|60/100
|-fieldstart|move: Electric Terrain|[from] ability: Electric Surge|[of] p2a: Pincurchin
|move|p1a: Samurott|Razor Shell|p2a: Pincurchin
|-damage|p2a: Pincurchin|19/100
|-unboost|p2a: Pincurchin|def|1
|
|upkeep
|turn|12
|
|t:|1776091029
|move|p1a: Samurott|Ceaseless Edge|p2a: Pincurchin|[miss]
|-miss|p1a: Samurott|p2a: Pincurchin
|move|p2a: Pincurchin|Discharge|p1a: Samurott
|-supereffective|p1a: Samurott
|-damage|p1a: Samurott|46/100
|
|upkeep
|turn|13
|
|t:|1776091033
|move|p1a: Samurott|Ceaseless Edge|p2a: Pincurchin
|-damage|p2a: Pincurchin|0 fnt
|-sidestart|p2: Colin Prime|Spikes
|faint|p2a: Pincurchin
|
|upkeep
|
|t:|1776091044
|switch|p2a: Raging Bolt|Raging Bolt|100/100
|-damage|p2a: Raging Bolt|88/100|[from] Spikes
|turn|14
|
|t:|1776091050
|move|p2a: Raging Bolt|Thunderclap|p1a: Samurott
|-supereffective|p1a: Samurott
|-damage|p1a: Samurott|0 fnt
|faint|p1a: Samurott
|-damage|p2a: Raging Bolt|78/100|[from] item: Life Orb
|
|upkeep
|
|t:|1776091054
|switch|p1a: Gholdengo|Gholdengo|80/100
|turn|15
|
|t:|1776091058
|move|p1a: Gholdengo|Trick|p2a: Raging Bolt
|-activate|p1a: Gholdengo|move: Trick|[of] p2a: Raging Bolt
|-item|p2a: Raging Bolt|Choice Scarf|[from] move: Trick
|-item|p1a: Gholdengo|Life Orb|[from] move: Trick
|move|p2a: Raging Bolt|Rising Voltage|p1a: Gholdengo
|-hint|Rising Voltage's BP doubled on grounded target.
|-damage|p1a: Gholdengo|0 fnt
|faint|p1a: Gholdengo
|
|upkeep
|
|t:|1776091069
|switch|p1a: Dragonite|Dragonite, F|100/100
|turn|16
|
|t:|1776091076
|move|p2a: Raging Bolt|Rising Voltage|p1a: Dragonite
|-damage|p1a: Dragonite|73/100
|move|p1a: Dragonite|Dragon Dance|p1a: Dragonite
|-boost|p1a: Dragonite|atk|1
|-boost|p1a: Dragonite|spe|1
|
|upkeep
|turn|17
|
|t:|1776091087
|move|p2a: Raging Bolt|Rising Voltage|p1a: Dragonite
|-damage|p1a: Dragonite|21/100
|move|p1a: Dragonite|Earthquake|p2a: Raging Bolt
|-supereffective|p2a: Raging Bolt
|-crit|p2a: Raging Bolt
|-damage|p2a: Raging Bolt|0 fnt
|faint|p2a: Raging Bolt
|-end|p2a: Raging Bolt|Protosynthesis|[silent]
|
|upkeep
|
|t:|1776091109
|switch|p2a: Raichu|Raichu-Alola, F|100/100
|-damage|p2a: Raichu|88/100|[from] Spikes
|turn|18
|
|t:|1776091114
|-terastallize|p1a: Dragonite|Normal
|move|p1a: Dragonite|Extreme Speed|p2a: Raichu
|-damage|p2a: Raichu|0 fnt
|faint|p2a: Raichu
|
|-fieldend|move: Electric Terrain
|upkeep
|
|t:|1776091123
|switch|p2a: Kyurem|Kyurem|100/100
|-ability|p2a: Kyurem|Pressure
|turn|19
|
|t:|1776091146
|move|p1a: Dragonite|Extreme Speed|p2a: Kyurem
|-damage|p2a: Kyurem|33/100
|move|p2a: Kyurem|Ice Beam|p1a: Dragonite
|-damage|p1a: Dragonite|0 fnt
|faint|p1a: Dragonite
|
|upkeep
|
|t:|1776091150
|switch|p1a: Zamazenta|Zamazenta|100/100
|-ability|p1a: Zamazenta|Dauntless Shield|boost
|-boost|p1a: Zamazenta|def|1
|turn|20
|
|t:|1776091157
|move|p1a: Zamazenta|Body Press|p2a: Kyurem
|-supereffective|p2a: Kyurem
|-damage|p2a: Kyurem|0 fnt
|faint|p2a: Kyurem
|
|upkeep
|
|t:|1776091159
|switch|p2a: Iron Boulder|Iron Boulder, tera:Rock|84/100
|-damage|p2a: Iron Boulder|72/100|[from] Spikes
|turn|21
|
|t:|1776091161
|move|p1a: Zamazenta|Body Press|p2a: Iron Boulder
|-supereffective|p2a: Iron Boulder
|-damage|p2a: Iron Boulder|0 fnt
|faint|p2a: Iron Boulder
|-end|p2a: Iron Boulder|Quark Drive|[silent]
|
|win|mastermar22
|raw|mastermar22's rating: 1481 &rarr; <strong>1504</strong><br />(+23 for winning)
|raw|Colin Prime's rating: 1527 &rarr; <strong>1504</strong><br />(-23 for losing)
|c|☆Colin Prime|gg
|c|☆mastermar22|Gg
|l|☆mastermar22
|player|p1|
