|html|<div class="broadcast-blue"><strong>[Gen 9] OU is currently suspecting Tera Blast! For information on how to participate check out the <a href="https://www.smogon.com/tools/suspects/view/200">suspect thread</a>.</strong></div>
|j|☆2905shadow
|j|☆Dripakuma
|t:|1776194652
|gametype|singles
|player|p1|2905shadow|102|1100
|player|p2|Dripakuma|cynthia|1131
|gen|9
|tier|[Gen 9] OU
|rated|
|rule|HP Percentage Mod: HP is shown in percentages
|rule|Endless Battle Clause: Forcing endless battles is banned
|rule|Species Clause: Limit one of each Pokémon
|rule|OHKO Clause: OHKO moves are banned
|rule|Evasion Items Clause: Evasion items are banned
|rule|Evasion Moves Clause: Evasion moves are banned
|rule|Evasion Abilities Clause: Evasion abilities are banned
|rule|Sleep Moves Clause: Sleep-inducing moves are banned
|clearpoke
|poke|p1|Torkoal, M|
|poke|p1|Delphox, M|
|poke|p1|Lilligant-Hisui, F|
|poke|p1|Klefki, M|
|poke|p1|Mesprit|
|poke|p1|Jumpluff, F|
|poke|p2|Glimmora, M|
|poke|p2|Noivern, M|
|poke|p2|Corviknight, M|
|poke|p2|Iron Moth|
|poke|p2|Great Tusk|
|poke|p2|Kingambit, M|
|teampreview
|inactive|Battle timer is ON: inactive players will automatically lose when time's up. (requested by 2905shadow)
|
|t:|1776194678
|teamsize|p1|6
|teamsize|p2|6
|start
|switch|p1a: Mesprit|Mesprit|100/100
|switch|p2a: Glimmora|Glimmora, M, shiny|100/100
|turn|1
|
|t:|1776194685
|move|p2a: Glimmora|Mortal Spin|p1a: Mesprit
|-damage|p1a: Mesprit|94/100
|-status|p1a: Mesprit|psn
|move|p1a: Mesprit|Psychic|p2a: Glimmora
|-supereffective|p2a: Glimmora
|-damage|p2a: Glimmora|19/100
|
|-heal|p1a: Mesprit|100/100 psn|[from] item: Leftovers
|-damage|p1a: Mesprit|88/100 psn|[from] psn
|upkeep
|turn|2
|
|t:|1776194702
|move|p2a: Glimmora|Stealth Rock|p1a: Mesprit
|-sidestart|p1: 2905shadow|move: Stealth Rock
|move|p1a: Mesprit|Stealth Rock|p2a: Glimmora
|-sidestart|p2: Dripakuma|move: Stealth Rock
|
|-heal|p1a: Mesprit|94/100 psn|[from] item: Leftovers
|-damage|p1a: Mesprit|82/100 psn|[from] psn
|upkeep
|turn|3
|
|t:|1776194709
|move|p2a: Glimmora|Mortal Spin|p1a: Mesprit
|-damage|p1a: Mesprit|77/100 psn
|-sideend|p2: Dripakuma|Stealth Rock|[from] move: Mortal Spin|[of] p2a: Glimmora
|move|p1a: Mesprit|Psychic|p2a: Glimmora
|-supereffective|p2a: Glimmora
|-damage|p2a: Glimmora|0 fnt
|faint|p2a: Glimmora
|
|-heal|p1a: Mesprit|83/100 psn|[from] item: Leftovers
|-damage|p1a: Mesprit|70/100 psn|[from] psn
|upkeep
|
|t:|1776194720
|switch|p2a: Iron Moth|Iron Moth, shiny|100/100
|turn|4
|
|t:|1776194726
|move|p2a: Iron Moth|Overheat|p1a: Mesprit
|-damage|p1a: Mesprit|8/100 psn
|-unboost|p2a: Iron Moth|spa|2
|-damage|p2a: Iron Moth|91/100|[from] item: Life Orb
|move|p1a: Mesprit|Stealth Rock|p2a: Iron Moth
|-sidestart|p2: Dripakuma|move: Stealth Rock
|
|-heal|p1a: Mesprit|14/100 psn|[from] item: Leftovers
|-damage|p1a: Mesprit|2/100 psn|[from] psn
|upkeep
|turn|5
|
|t:|1776194734
|-end|p2a: Iron Moth|Quark Drive|[silent]
|switch|p2a: Great Tusk|Great Tusk, shiny|100/100
|move|p1a: Mesprit|Healing Wish|p1a: Mesprit
|faint|p1a: Mesprit
|
|upkeep
|
|t:|1776194747
|switch|p1a: Klefki|Klefki, M|100/100
|-damage|p1a: Klefki|95/100|[from] Stealth Rock
|turn|6
|
|t:|1776194757
|move|p2a: Great Tusk|Rapid Spin|p1a: Klefki
|-resisted|p1a: Klefki
|-damage|p1a: Klefki|84/100
|-boost|p2a: Great Tusk|spe|1
|-sideend|p2: Dripakuma|Stealth Rock|[from] move: Rapid Spin|[of] p2a: Great Tusk
|move|p1a: Klefki|Dazzling Gleam|p2a: Great Tusk
|-supereffective|p2a: Great Tusk
|-damage|p2a: Great Tusk|36/100
|
|upkeep
|turn|7
|
|t:|1776194772
|switch|p1a: Jumpluff|Jumpluff, F|100/100
|-damage|p1a: Jumpluff|76/100|[from] Stealth Rock
|move|p2a: Great Tusk|Headlong Rush|p1a: Jumpluff
|-immune|p1a: Jumpluff
|
|upkeep
|turn|8
|
|t:|1776194783
|move|p2a: Great Tusk|Ice Spinner|p1a: Jumpluff
|-supereffective|p1a: Jumpluff
|-damage|p1a: Jumpluff|0 fnt
|faint|p1a: Jumpluff
|
|upkeep
|
|t:|1776194789
|switch|p1a: Lilligant|Lilligant-Hisui, F|100/100
|-damage|p1a: Lilligant|94/100|[from] Stealth Rock
|turn|9
|
|t:|1776194799
|move|p2a: Great Tusk|Ice Spinner|p1a: Lilligant
|-supereffective|p1a: Lilligant
|-damage|p1a: Lilligant|14/100
|move|p1a: Lilligant|Close Combat|p2a: Great Tusk
|-damage|p2a: Great Tusk|0 fnt
|-unboost|p1a: Lilligant|def|1
|-unboost|p1a: Lilligant|spd|1
|faint|p2a: Great Tusk
|-end|p2a: Great Tusk|Protosynthesis|[silent]
|-damage|p1a: Lilligant|4/100|[from] item: Life Orb
|
|upkeep
|
|t:|1776194810
|switch|p2a: Iron Moth|Iron Moth, shiny|91/100
|turn|10
|
|t:|1776194817
|move|p2a: Iron Moth|Fiery Dance|p1a: Lilligant
|-supereffective|p1a: Lilligant
|-damage|p1a: Lilligant|0 fnt
|-boost|p2a: Iron Moth|spa|1
|faint|p1a: Lilligant
|-damage|p2a: Iron Moth|81/100|[from] item: Life Orb
|
|upkeep
|
|t:|1776194820
|switch|p1a: Torkoal|Torkoal, M, shiny|100/100
|-damage|p1a: Torkoal|75/100|[from] Stealth Rock
|-weather|SunnyDay|[from] ability: Drought|[of] p1a: Torkoal
|turn|11
|
|t:|1776194829
|move|p2a: Iron Moth|Sludge Wave|p1a: Torkoal
|-crit|p1a: Torkoal
|-damage|p1a: Torkoal|0 fnt
|faint|p1a: Torkoal
|-damage|p2a: Iron Moth|71/100|[from] item: Life Orb
|
|-weather|SunnyDay|[upkeep]
|upkeep
|
|t:|1776194836
|switch|p1a: Delphox|Delphox, M|100/100
|-damage|p1a: Delphox|76/100|[from] Stealth Rock
|turn|12
|
|t:|1776194842
|move|p2a: Iron Moth|Sludge Wave|p1a: Delphox
|-damage|p1a: Delphox|0 fnt
|faint|p1a: Delphox
|-damage|p2a: Iron Moth|61/100|[from] item: Life Orb
|
|-weather|SunnyDay|[upkeep]
|upkeep
|-message|2905shadow forfeited.
|
|win|Dripakuma
|raw|2905shadow's rating: 1100 &rarr; <strong>1077</strong><br />(-23 for losing)
|raw|Dripakuma's rating: 1131 &rarr; <strong>1154</strong><br />(+23 for winning)
|l|☆2905shadow
|player|p1|
