|html|<div class="broadcast-blue"><strong>[Gen 9] OU is currently suspecting Volcarona! For information on how to participate check out the <a href="https://www.smogon.com/tools/suspects/view/208">suspect thread</a>.</strong></div>
|j|☆Fermintxo07
|j|‽BlabberSaur
|t:|1778516786
|gametype|singles
|player|p1|Fermintxo07|266|1169
|player|p2|BlabberSaur|wallace|1204
|gen|9
|tier|[Gen 9] OU
|rated|
|rule|HP Percentage Mod: HP is shown in percentages
|rule|Endless Battle Clause: Forcing endless battles is banned
|rule|Species Clause: Limit one of each Pokémon
|rule|OHKO Clause: OHKO moves are banned
|rule|Evasion Items Clause: Evasion items are banned
|rule|Evasion Moves Clause: Evasion moves are banned
|rule|Evasion Abilities Clause: Evasion abilities are banned
|rule|Sleep Moves Clause: Sleep-inducing moves are banned
|clearpoke
|poke|p1|Zoroark, M|
|poke|p1|Empoleon, F|
|poke|p1|Conkeldurr, F|
|poke|p1|Galvantula, F|
|poke|p1|Orthworm, M|
|poke|p1|Blaziken, F|
|poke|p2|Blaziken, M|
|poke|p2|Dragapult, F|
|poke|p2|Torkoal, F|
|poke|p2|Walking Wake|
|poke|p2|Venusaur, M|
|poke|p2|Darkrai|
|teampreview
|inactive|Battle timer is ON: inactive players will automatically lose when time's up. (requested by BlabberSaur)
|inactive|Fermintxo07 has 120 seconds left.
|
|t:|1778516840
|teamsize|p1|6
|teamsize|p2|6
|start
|switch|p1a: Galvantula|Galvantula, F|100/100
|switch|p2a: Dragapult|Dragapult, F|100/100
|turn|1
|
|t:|1778516848
|move|p1a: Galvantula|Volt Switch|p2a: Dragapult
|-resisted|p2a: Dragapult
|-damage|p2a: Dragapult|81/100
|
|t:|1778516853
|switch|p1a: Empoleon|Empoleon, F|100/100|[from] Volt Switch
|move|p2a: Dragapult|Flamethrower|p1a: Empoleon
|-damage|p1a: Empoleon|62/100
|-damage|p2a: Dragapult|71/100|[from] item: Life Orb
|
|upkeep
|turn|2
|
|t:|1778516863
|move|p2a: Dragapult|U-turn|p1a: Empoleon
|-resisted|p1a: Empoleon
|-damage|p1a: Empoleon|48/100
|-damage|p2a: Dragapult|61/100|[from] item: Life Orb
|
|t:|1778516867
|switch|p2a: Torkoal|Torkoal, F|100/100|[from] U-turn
|-weather|SunnyDay|[from] ability: Drought|[of] p2a: Torkoal
|move|p1a: Empoleon|Agility|p1a: Empoleon
|-boost|p1a: Empoleon|spe|2
|
|-weather|SunnyDay|[upkeep]
|upkeep
|turn|3
|
|t:|1778516875
|move|p1a: Empoleon|Surf|p2a: Torkoal
|-supereffective|p2a: Torkoal
|-damage|p2a: Torkoal|42/100
|move|p2a: Torkoal|Stealth Rock|p1a: Empoleon
|-sidestart|p1: Fermintxo07|move: Stealth Rock
|
|-weather|SunnyDay|[upkeep]
|upkeep
|turn|4
|
|t:|1778516882
|switch|p2a: Venusaur|Venusaur, M|100/100
|move|p1a: Empoleon|Surf|p2a: Venusaur
|-resisted|p2a: Venusaur
|-damage|p2a: Venusaur|89/100
|
|-weather|SunnyDay|[upkeep]
|-heal|p2a: Venusaur|95/100|[from] item: Leftovers
|upkeep
|turn|5
|
|t:|1778516889
|move|p1a: Empoleon|Ice Beam|p2a: Venusaur
|-supereffective|p2a: Venusaur
|-damage|p2a: Venusaur|32/100
|move|p2a: Venusaur|Growth|p2a: Venusaur
|-boost|p2a: Venusaur|atk|2
|-boost|p2a: Venusaur|spa|2
|
|-weather|SunnyDay|[upkeep]
|-heal|p2a: Venusaur|38/100|[from] item: Leftovers
|upkeep
|turn|6
|
|t:|1778516898
|move|p1a: Empoleon|Ice Beam|p2a: Venusaur
|-supereffective|p2a: Venusaur
|-damage|p2a: Venusaur|0 fnt
|faint|p2a: Venusaur
|
|-weather|SunnyDay|[upkeep]
|upkeep
|
|t:|1778516909
|switch|p2a: Walking Wake|Walking Wake|100/100
|-activate|p2a: Walking Wake|ability: Protosynthesis
|-start|p2a: Walking Wake|protosynthesisspa
|turn|7
|
|t:|1778516935
|move|p1a: Empoleon|Ice Beam|p2a: Walking Wake
|-damage|p2a: Walking Wake|65/100
|move|p2a: Walking Wake|Flamethrower|p1a: Empoleon
|-damage|p1a: Empoleon|0 fnt
|faint|p1a: Empoleon
|
|-weather|SunnyDay|[upkeep]
|upkeep
|inactive|Fermintxo07 has 120 seconds left.
|
|t:|1778516947
|switch|p1a: Galvantula|Galvantula, F|100/100
|-damage|p1a: Galvantula|76/100|[from] Stealth Rock
|turn|8
|
|t:|1778516953
|move|p1a: Galvantula|Thunder|p2a: Walking Wake
|-damage|p2a: Walking Wake|12/100
|move|p2a: Walking Wake|Flamethrower|p1a: Galvantula
|-supereffective|p1a: Galvantula
|-crit|p1a: Galvantula
|-damage|p1a: Galvantula|0 fnt
|faint|p1a: Galvantula
|
|-weather|SunnyDay|[upkeep]
|upkeep
|
|t:|1778516961
|switch|p1a: Blaziken|Blaziken, F|100/100
|-damage|p1a: Blaziken|88/100|[from] Stealth Rock
|turn|9
|
|t:|1778516963
|move|p1a: Blaziken|Protect|p1a: Blaziken
|-singleturn|p1a: Blaziken|Protect
|move|p2a: Walking Wake|Flamethrower|p1a: Blaziken
|-activate|p1a: Blaziken|move: Protect
|
|-weather|none
|-end|p2a: Walking Wake|Protosynthesis
|-ability|p1a: Blaziken|Speed Boost|boost
|-boost|p1a: Blaziken|spe|1
|upkeep
|turn|10
|
|t:|1778516979
|-end|p2a: Walking Wake|Protosynthesis|[silent]
|switch|p2a: Torkoal|Torkoal, F|42/100
|-weather|SunnyDay|[from] ability: Drought|[of] p2a: Torkoal
|move|p1a: Blaziken|Close Combat|p2a: Torkoal
|-crit|p2a: Torkoal
|-damage|p2a: Torkoal|0 fnt
|-unboost|p1a: Blaziken|def|1
|-unboost|p1a: Blaziken|spd|1
|faint|p2a: Torkoal
|
|-weather|SunnyDay|[upkeep]
|-ability|p1a: Blaziken|Speed Boost|boost
|-boost|p1a: Blaziken|spe|1
|upkeep
|
|t:|1778516985
|switch|p2a: Dragapult|Dragapult, F|61/100
|turn|11
|
|t:|1778516996
|move|p1a: Blaziken|Overheat|p2a: Dragapult
|-resisted|p2a: Dragapult
|-damage|p2a: Dragapult|13/100
|-unboost|p1a: Blaziken|spa|2
|move|p2a: Dragapult|Shadow Ball|p1a: Blaziken
|-damage|p1a: Blaziken|0 fnt
|faint|p1a: Blaziken
|-damage|p2a: Dragapult|3/100|[from] item: Life Orb
|
|-weather|SunnyDay|[upkeep]
|upkeep
|
|t:|1778517005
|switch|p1a: Conkeldurr|Conkeldurr, F|100/100
|-damage|p1a: Conkeldurr|88/100|[from] Stealth Rock
|turn|12
|
|t:|1778517017
|-terastallize|p1a: Conkeldurr|Fairy
|move|p2a: Dragapult|Draco Meteor|p1a: Conkeldurr
|-immune|p1a: Conkeldurr
|move|p1a: Conkeldurr|Dark Pulse|p2a: Dragapult
|-supereffective|p2a: Dragapult
|-damage|p2a: Dragapult|0 fnt
|faint|p2a: Dragapult
|-damage|p1a: Conkeldurr|78/100|[from] item: Life Orb
|
|-weather|SunnyDay|[upkeep]
|upkeep
|
|t:|1778517020
|switch|p2a: Blaziken|Blaziken, M|100/100
|turn|13
|
|t:|1778517025
|move|p2a: Blaziken|Protect|p2a: Blaziken
|-singleturn|p2a: Blaziken|Protect
|move|p1a: Conkeldurr|Psychic|p2a: Blaziken
|-activate|p2a: Blaziken|move: Protect
|
|-weather|SunnyDay|[upkeep]
|-ability|p2a: Blaziken|Speed Boost|boost
|-boost|p2a: Blaziken|spe|1
|upkeep
|turn|14
|
|t:|1778517030
|move|p2a: Blaziken|Flare Blitz|p1a: Conkeldurr
|-crit|p1a: Conkeldurr
|-damage|p1a: Conkeldurr|0 fnt
|replace|p1a: Zoroark|Zoroark, M
|-end|p1a: Zoroark|Illusion
|faint|p1a: Zoroark
|-damage|p2a: Blaziken|78/100|[from] Recoil
|-damage|p2a: Blaziken|68/100|[from] item: Life Orb
|
|-weather|SunnyDay|[upkeep]
|-ability|p2a: Blaziken|Speed Boost|boost
|-boost|p2a: Blaziken|spe|1
|upkeep
|
|t:|1778517034
|switch|p1a: Conkeldurr|Conkeldurr, F|100/100
|-damage|p1a: Conkeldurr|94/100|[from] Stealth Rock
|turn|15
|
|t:|1778517042
|move|p2a: Blaziken|Flare Blitz|p1a: Conkeldurr
|-damage|p1a: Conkeldurr|0 fnt
|faint|p1a: Conkeldurr
|-damage|p2a: Blaziken|26/100|[from] Recoil
|-damage|p2a: Blaziken|16/100|[from] item: Life Orb
|
|-weather|SunnyDay|[upkeep]
|-ability|p2a: Blaziken|Speed Boost|boost
|-boost|p2a: Blaziken|spe|1
|upkeep
|
|t:|1778517046
|switch|p1a: Orthworm|Orthworm, M|100/100
|-damage|p1a: Orthworm|94/100|[from] Stealth Rock
|turn|16
|
|t:|1778517049
|move|p2a: Blaziken|Flare Blitz|p1a: Orthworm
|-supereffective|p1a: Orthworm
|-damage|p1a: Orthworm|0 fnt
|-damage|p2a: Blaziken|0 fnt|[from] item: Rocky Helmet|[of] p1a: Orthworm
|faint|p1a: Orthworm
|faint|p2a: Blaziken
|
|win|BlabberSaur
|raw|Fermintxo07's rating: 1169 &rarr; <strong>1147</strong><br />(-22 for losing)
|raw|BlabberSaur's rating: 1204 &rarr; <strong>1226</strong><br />(+22 for winning)
|l|‽BlabberSaur
|player|p2|
|l|☆Fermintxo07
|player|p1|
