|html|<div class="broadcast-blue"><strong>[Gen 9] OU is currently suspecting Tera Blast! For information on how to participate check out the <a href="https://www.smogon.com/tools/suspects/view/200">suspect thread</a>.</strong></div>
|j|☆sisterfister03
|j|☆magistermilitum420
|t:|1776195143
|gametype|singles
|player|p1|sisterfister03|2|1324
|player|p2|magistermilitum420|blue|1351
|gen|9
|tier|[Gen 9] OU
|rated|
|rule|HP Percentage Mod: HP is shown in percentages
|rule|Endless Battle Clause: Forcing endless battles is banned
|rule|Species Clause: Limit one of each Pokémon
|rule|OHKO Clause: OHKO moves are banned
|rule|Evasion Items Clause: Evasion items are banned
|rule|Evasion Moves Clause: Evasion moves are banned
|rule|Evasion Abilities Clause: Evasion abilities are banned
|rule|Sleep Moves Clause: Sleep-inducing moves are banned
|clearpoke
|poke|p1|Skeledirge, M|
|poke|p1|Glimmora, M|
|poke|p1|Quaquaval, M|
|poke|p1|Galvantula, F|
|poke|p1|Great Tusk|
|poke|p1|Alcremie, F|
|poke|p2|Meowscarada, M|
|poke|p2|Great Tusk|
|poke|p2|Alomomola, M|
|poke|p2|Slowking-Galar, F|
|poke|p2|Iron Valiant|
|poke|p2|Heatran, F|
|teampreview
|j| ohko_smeargle
|
|t:|1776195150
|teamsize|p1|6
|teamsize|p2|6
|start
|switch|p1a: Galvantula|Galvantula, F|100/100
|switch|p2a: Mahad|Meowscarada, M, shiny|100/100
|turn|1
|inactive|Battle timer is ON: inactive players will automatically lose when time's up. (requested by sisterfister03)
|
|t:|1776195158
|move|p2a: Mahad|U-turn|p1a: Galvantula
|-start|p2a: Mahad|typechange|Bug|[from] ability: Protean
|-damage|p1a: Galvantula|46/100
|
|t:|1776195163
|switch|p2a: Barca|Great Tusk|100/100|[from] U-turn
|move|p1a: Galvantula|Sticky Web|p2a: Barca
|-sidestart|p2: magistermilitum420|move: Sticky Web
|
|upkeep
|turn|2
|
|t:|1776195169
|move|p1a: Galvantula|Giga Drain|p2a: Barca
|-supereffective|p2a: Barca
|-damage|p2a: Barca|40/100
|-heal|p1a: Galvantula|92/100|[from] drain|[of] p2a: Barca
|move|p2a: Barca|Rapid Spin|p1a: Galvantula
|-damage|p1a: Galvantula|67/100
|-boost|p2a: Barca|spe|1
|-sideend|p2: magistermilitum420|Sticky Web|[from] move: Rapid Spin|[of] p2a: Barca
|
|-heal|p2a: Barca|46/100|[from] item: Leftovers
|upkeep
|turn|3
|
|t:|1776195184
|-terastallize|p2a: Barca|Steel
|move|p1a: Galvantula|Giga Drain|p2a: Barca
|-resisted|p2a: Barca
|-crit|p2a: Barca
|-damage|p2a: Barca|27/100
|-heal|p1a: Galvantula|82/100|[from] drain|[of] p2a: Barca
|move|p2a: Barca|Knock Off|p1a: Galvantula
|-damage|p1a: Galvantula|28/100
|-enditem|p1a: Galvantula|Focus Sash|[from] move: Knock Off|[of] p2a: Barca
|
|-heal|p2a: Barca|33/100|[from] item: Leftovers
|upkeep
|turn|4
|
|t:|1776195196
|move|p1a: Galvantula|Thunder|p2a: Barca
|-damage|p2a: Barca|0 fnt
|faint|p2a: Barca
|-end|p2a: Barca|Protosynthesis|[silent]
|
|upkeep
|
|t:|1776195203
|switch|p2a: Mithridates|Slowking-Galar, F|100/100
|turn|5
|
|t:|1776195209
|move|p1a: Galvantula|Sticky Web|p2a: Mithridates
|-sidestart|p2: magistermilitum420|move: Sticky Web
|move|p2a: Mithridates|Sludge Bomb|p1a: Galvantula
|-damage|p1a: Galvantula|0 fnt
|faint|p1a: Galvantula
|
|upkeep
|
|t:|1776195231
|switch|p1a: Alcremie|Alcremie, F|100/100
|turn|6
|
|t:|1776195237
|-terastallize|p1a: Alcremie|Poison
|move|p1a: Alcremie|Calm Mind|p1a: Alcremie
|-boost|p1a: Alcremie|spa|1
|-boost|p1a: Alcremie|spd|1
|move|p2a: Mithridates|Sludge Bomb|p1a: Alcremie
|-resisted|p1a: Alcremie
|-damage|p1a: Alcremie|91/100
|
|-heal|p1a: Alcremie|97/100|[from] item: Leftovers
|upkeep
|turn|7
|
|t:|1776195245
|move|p1a: Alcremie|Calm Mind|p1a: Alcremie
|-boost|p1a: Alcremie|spa|1
|-boost|p1a: Alcremie|spd|1
|move|p2a: Mithridates|Psychic Noise|p1a: Alcremie
|-supereffective|p1a: Alcremie
|-damage|p1a: Alcremie|75/100
|-block|p1a: Alcremie|ability: Aroma Veil|[of] p1a: Alcremie
|
|-heal|p1a: Alcremie|81/100|[from] item: Leftovers
|upkeep
|turn|8
|
|t:|1776195259
|switch|p2a: Vulcanus|Heatran, F, shiny|100/100
|-activate|p2a: Vulcanus|move: Sticky Web
|-unboost|p2a: Vulcanus|spe|1
|move|p1a: Alcremie|Acid Armor|p1a: Alcremie
|-boost|p1a: Alcremie|def|2
|
|-heal|p1a: Alcremie|87/100|[from] item: Leftovers
|upkeep
|turn|9
|
|t:|1776195267
|move|p2a: Vulcanus|Earth Power|p1a: Alcremie
|-supereffective|p1a: Alcremie
|-damage|p1a: Alcremie|58/100
|move|p1a: Alcremie|Calm Mind|p1a: Alcremie
|-boost|p1a: Alcremie|spa|1
|-boost|p1a: Alcremie|spd|1
|
|-heal|p1a: Alcremie|64/100|[from] item: Leftovers
|upkeep
|turn|10
|
|t:|1776195274
|move|p2a: Vulcanus|Earth Power|p1a: Alcremie
|-supereffective|p1a: Alcremie
|-crit|p1a: Alcremie
|-damage|p1a: Alcremie|0 fnt
|faint|p1a: Alcremie
|
|upkeep
|
|t:|1776195280
|switch|p1a: Quaquaval|Quaquaval, M|100/100
|turn|11
|
|t:|1776195284
|switch|p2a: Charybdis|Alomomola, M, shiny|100/100
|-activate|p2a: Charybdis|move: Sticky Web
|-unboost|p2a: Charybdis|spe|1
|move|p1a: Quaquaval|Aqua Step|p2a: Charybdis
|-resisted|p2a: Charybdis
|-damage|p2a: Charybdis|90/100
|-boost|p1a: Quaquaval|spe|1
|-damage|p1a: Quaquaval|84/100|[from] item: Rocky Helmet|[of] p2a: Charybdis
|
|upkeep
|turn|12
|
|t:|1776195296
|move|p1a: Quaquaval|Close Combat|p2a: Charybdis
|-damage|p2a: Charybdis|58/100
|-unboost|p1a: Quaquaval|def|1
|-unboost|p1a: Quaquaval|spd|1
|-damage|p1a: Quaquaval|68/100|[from] item: Rocky Helmet|[of] p2a: Charybdis
|move|p2a: Charybdis|Scald|p1a: Quaquaval
|-resisted|p1a: Quaquaval
|-damage|p1a: Quaquaval|58/100
|
|upkeep
|turn|13
|
|t:|1776195304
|move|p1a: Quaquaval|Close Combat|p2a: Charybdis
|-damage|p2a: Charybdis|30/100
|-unboost|p1a: Quaquaval|def|1
|-unboost|p1a: Quaquaval|spd|1
|-damage|p1a: Quaquaval|42/100|[from] item: Rocky Helmet|[of] p2a: Charybdis
|move|p2a: Charybdis|Wish|p2a: Charybdis
|
|upkeep
|turn|14
|
|t:|1776195313
|move|p2a: Charybdis|Protect|p2a: Charybdis
|-singleturn|p2a: Charybdis|Protect
|move|p1a: Quaquaval|Close Combat|p2a: Charybdis
|-activate|p2a: Charybdis|move: Protect
|
|-heal|p2a: Charybdis|80/100|[from] move: Wish|[wisher] Charybdis
|upkeep
|turn|15
|
|t:|1776195320
|move|p1a: Quaquaval|Close Combat|p2a: Charybdis
|-damage|p2a: Charybdis|47/100
|-unboost|p1a: Quaquaval|def|1
|-unboost|p1a: Quaquaval|spd|1
|-damage|p1a: Quaquaval|26/100|[from] item: Rocky Helmet|[of] p2a: Charybdis
|move|p2a: Charybdis|Wish|p2a: Charybdis
|
|upkeep
|turn|16
|
|t:|1776195331
|switch|p1a: Glimmora|Glimmora, M|100/100
|move|p2a: Charybdis|Scald|p1a: Glimmora
|-supereffective|p1a: Glimmora
|-damage|p1a: Glimmora|63/100
|
|-heal|p2a: Charybdis|97/100|[from] move: Wish|[wisher] Charybdis
|upkeep
|turn|17
|
|t:|1776195345
|switch|p2a: Mithridates|Slowking-Galar, F|100/100
|-activate|p2a: Mithridates|move: Sticky Web
|-unboost|p2a: Mithridates|spe|1
|move|p1a: Glimmora|Meteor Beam||[still]
|-prepare|p1a: Glimmora|Meteor Beam
|-boost|p1a: Glimmora|spa|1
|-enditem|p1a: Glimmora|Power Herb
|-anim|p1a: Glimmora|Meteor Beam|p2a: Mithridates
|-damage|p2a: Mithridates|50/100
|
|upkeep
|turn|18
|
|t:|1776195360
|move|p1a: Glimmora|Meteor Beam||[still]
|-prepare|p1a: Glimmora|Meteor Beam
|-boost|p1a: Glimmora|spa|1
|move|p2a: Mithridates|Psychic Noise|p1a: Glimmora
|-supereffective|p1a: Glimmora
|-damage|p1a: Glimmora|0 fnt
|faint|p1a: Glimmora
|
|upkeep
|
|t:|1776195367
|switch|p1a: Skeledirge|Skeledirge, M|100/100
|turn|19
|
|t:|1776195374
|switch|p2a: Vulcanus|Heatran, F, shiny|100/100
|-activate|p2a: Vulcanus|move: Sticky Web
|-unboost|p2a: Vulcanus|spe|1
|move|p1a: Skeledirge|Torch Song|p2a: Vulcanus
|-start|p2a: Vulcanus|ability: Flash Fire
|
|upkeep
|turn|20
|
|t:|1776195385
|move|p1a: Skeledirge|Shadow Ball|p2a: Vulcanus
|-damage|p2a: Vulcanus|64/100
|move|p2a: Vulcanus|Overheat|p1a: Skeledirge
|-resisted|p1a: Skeledirge
|-damage|p1a: Skeledirge|42/100
|-unboost|p2a: Vulcanus|spa|2
|
|upkeep
|turn|21
|
|t:|1776195405
|-end|p2a: Vulcanus|ability: Flash Fire|[silent]
|switch|p2a: Mithridates|Slowking-Galar, F|83/100
|-activate|p2a: Mithridates|move: Sticky Web
|-unboost|p2a: Mithridates|spe|1
|move|p1a: Skeledirge|Torch Song|p2a: Mithridates
|-damage|p2a: Mithridates|64/100
|-boost|p1a: Skeledirge|spa|1
|
|upkeep
|turn|22
|
|t:|1776195416
|move|p1a: Skeledirge|Shadow Ball|p2a: Mithridates
|-supereffective|p2a: Mithridates
|-damage|p2a: Mithridates|9/100
|move|p2a: Mithridates|Surf|p1a: Skeledirge
|-supereffective|p1a: Skeledirge
|-damage|p1a: Skeledirge|0 fnt
|faint|p1a: Skeledirge
|
|upkeep
|
|t:|1776195422
|switch|p1a: Great Tusk|Great Tusk|100/100
|-enditem|p1a: Great Tusk|Booster Energy
|-activate|p1a: Great Tusk|ability: Protosynthesis|[fromitem]
|-start|p1a: Great Tusk|protosynthesisatk
|turn|23
|
|t:|1776195436
|switch|p2a: Charybdis|Alomomola, M, shiny|100/100
|-activate|p2a: Charybdis|move: Sticky Web
|-unboost|p2a: Charybdis|spe|1
|move|p1a: Great Tusk|Rapid Spin|p2a: Charybdis
|-damage|p2a: Charybdis|89/100
|-boost|p1a: Great Tusk|spe|1
|-damage|p1a: Great Tusk|84/100|[from] item: Rocky Helmet|[of] p2a: Charybdis
|
|upkeep
|turn|24
|
|t:|1776195444
|move|p1a: Great Tusk|Supercell Slam|p2a: Charybdis
|-supereffective|p2a: Charybdis
|-damage|p2a: Charybdis|44/100
|-damage|p1a: Great Tusk|68/100|[from] item: Rocky Helmet|[of] p2a: Charybdis
|move|p2a: Charybdis|Scald|p1a: Great Tusk
|-supereffective|p1a: Great Tusk
|-damage|p1a: Great Tusk|28/100
|-status|p1a: Great Tusk|brn
|
|-damage|p1a: Great Tusk|22/100 brn|[from] brn
|upkeep
|turn|25
|
|t:|1776195455
|move|p1a: Great Tusk|Supercell Slam|p2a: Charybdis
|-supereffective|p2a: Charybdis
|-damage|p2a: Charybdis|19/100
|-damage|p1a: Great Tusk|6/100 brn|[from] item: Rocky Helmet|[of] p2a: Charybdis
|move|p2a: Charybdis|Wish|p2a: Charybdis
|
|-damage|p1a: Great Tusk|0 fnt|[from] brn
|faint|p1a: Great Tusk
|-end|p1a: Great Tusk|Protosynthesis|[silent]
|upkeep
|
|t:|1776195460
|switch|p1a: Quaquaval|Quaquaval, M|26/100
|turn|26
|
|t:|1776195465
|move|p2a: Charybdis|Protect|p2a: Charybdis
|-singleturn|p2a: Charybdis|Protect
|move|p1a: Quaquaval|Close Combat|p2a: Charybdis
|-activate|p2a: Charybdis|move: Protect
|
|-heal|p2a: Charybdis|69/100|[from] move: Wish|[wisher] Charybdis
|upkeep
|turn|27
|-message|sisterfister03 forfeited.
|
|win|magistermilitum420
|raw|sisterfister03's rating: 1324 &rarr; <strong>1306</strong><br />(-18 for losing)
|raw|magistermilitum420's rating: 1351 &rarr; <strong>1369</strong><br />(+18 for winning)
|l|☆sisterfister03
|player|p1|
|l| ohko_smeargle
