|html|<div class="broadcast-blue"><strong>[Gen 9] OU is currently suspecting Volcarona! For information on how to participate check out the <a href="https://www.smogon.com/tools/suspects/view/208">suspect thread</a>.</strong></div>
|j|☆NeptuneInShowdown
|j|☆jan jakkusu
|t:|1778507795
|gametype|singles
|player|p1|NeptuneInShowdown|policeman-gen4|1237
|player|p2|jan jakkusu|102|1273
|gen|9
|tier|[Gen 9] OU
|rated|
|rule|HP Percentage Mod: HP is shown in percentages
|rule|Endless Battle Clause: Forcing endless battles is banned
|rule|Species Clause: Limit one of each Pokémon
|rule|OHKO Clause: OHKO moves are banned
|rule|Evasion Items Clause: Evasion items are banned
|rule|Evasion Moves Clause: Evasion moves are banned
|rule|Evasion Abilities Clause: Evasion abilities are banned
|rule|Sleep Moves Clause: Sleep-inducing moves are banned
|clearpoke
|poke|p1|Hatterene, F|
|poke|p1|Gallade, M|
|poke|p1|Porygon2|
|poke|p1|Ursaluna, M|
|poke|p1|Torkoal, M|
|poke|p1|Exeggutor-Alola, F|
|poke|p2|Heatran, M|
|poke|p2|Ogerpon-Wellspring, F|
|poke|p2|Great Tusk|
|poke|p2|Garganacl, F|
|poke|p2|Rillaboom, F|
|poke|p2|Tyranitar, M|
|teampreview
|inactive|Battle timer is ON: inactive players will automatically lose when time's up. (requested by NeptuneInShowdown)
|
|t:|1778507811
|teamsize|p1|6
|teamsize|p2|6
|start
|switch|p1a: Duck|Porygon2, shiny|100/100
|switch|p2a: Garganacl|Garganacl, F|100/100
|-ability|p1a: Duck|Purifying Salt|Trace|[from] ability: Trace|[of] p2a: Garganacl
|turn|1
|
|t:|1778507814
|move|p2a: Garganacl|Curse|p2a: Garganacl
|-unboost|p2a: Garganacl|spe|1
|-boost|p2a: Garganacl|atk|1
|-boost|p2a: Garganacl|def|1
|move|p1a: Duck|Trick Room|p1a: Duck
|-fieldstart|move: Trick Room|[of] p1a: Duck
|
|upkeep
|turn|2
|
|t:|1778507819
|move|p2a: Garganacl|Curse|p2a: Garganacl
|-unboost|p2a: Garganacl|spe|1
|-boost|p2a: Garganacl|atk|1
|-boost|p2a: Garganacl|def|1
|move|p1a: Duck|Discharge|p2a: Garganacl
|-damage|p2a: Garganacl|83/100
|
|-heal|p2a: Garganacl|89/100|[from] item: Leftovers
|upkeep
|turn|3
|
|t:|1778507825
|move|p2a: Garganacl|Curse|p2a: Garganacl
|-unboost|p2a: Garganacl|spe|1
|-boost|p2a: Garganacl|atk|1
|-boost|p2a: Garganacl|def|1
|move|p1a: Duck|Discharge|p2a: Garganacl
|-damage|p2a: Garganacl|73/100
|
|-heal|p2a: Garganacl|79/100|[from] item: Leftovers
|upkeep
|turn|4
|
|t:|1778507843
|switch|p1a: Egg|Exeggutor-Alola, F|100/100
|-item|p2a: Garganacl|Leftovers|[from] ability: Frisk|[of] p1a: Egg
|move|p2a: Garganacl|Curse|p2a: Garganacl
|-unboost|p2a: Garganacl|spe|1
|-boost|p2a: Garganacl|atk|1
|-boost|p2a: Garganacl|def|1
|
|-heal|p2a: Garganacl|86/100|[from] item: Leftovers
|upkeep
|turn|5
|
|t:|1778507855
|move|p2a: Garganacl|Salt Cure|p1a: Egg
|-damage|p1a: Egg|63/100
|-start|p1a: Egg|Salt Cure
|move|p1a: Egg|Giga Drain|p2a: Garganacl
|-supereffective|p2a: Garganacl
|-damage|p2a: Garganacl|34/100
|-heal|p1a: Egg|90/100|[from] drain|[of] p2a: Garganacl
|
|-heal|p2a: Garganacl|40/100|[from] item: Leftovers
|-heal|p1a: Egg|96/100|[from] item: Leftovers
|-damage|p1a: Egg|83/100|[from] Salt Cure
|-fieldend|move: Trick Room
|upkeep
|turn|6
|
|t:|1778507868
|-terastallize|p2a: Garganacl|Poison
|move|p2a: Garganacl|Recover|p2a: Garganacl
|-heal|p2a: Garganacl|90/100
|move|p1a: Egg|Trick Room|p1a: Egg
|-fieldstart|move: Trick Room|[of] p1a: Egg
|
|-heal|p2a: Garganacl|96/100|[from] item: Leftovers
|-heal|p1a: Egg|89/100|[from] item: Leftovers
|-damage|p1a: Egg|77/100|[from] Salt Cure
|upkeep
|turn|7
|
|t:|1778507881
|move|p2a: Garganacl|Curse|p2a: Garganacl
|-unboost|p2a: Garganacl|spe|1
|-boost|p2a: Garganacl|atk|1
|-boost|p2a: Garganacl|def|1
|move|p1a: Egg|Calm Mind|p1a: Egg
|-boost|p1a: Egg|spa|1
|-boost|p1a: Egg|spd|1
|
|-heal|p2a: Garganacl|100/100|[from] item: Leftovers
|-heal|p1a: Egg|83/100|[from] item: Leftovers
|-damage|p1a: Egg|71/100|[from] Salt Cure
|upkeep
|turn|8
|
|t:|1778507889
|move|p2a: Garganacl|Salt Cure|p1a: Egg
|-damage|p1a: Egg|22/100
|move|p1a: Egg|Calm Mind|p1a: Egg
|-boost|p1a: Egg|spa|1
|-boost|p1a: Egg|spd|1
|
|-heal|p1a: Egg|28/100|[from] item: Leftovers
|-damage|p1a: Egg|16/100|[from] Salt Cure
|upkeep
|turn|9
|
|t:|1778507894
|move|p2a: Garganacl|Salt Cure|p1a: Egg
|-damage|p1a: Egg|0 fnt
|faint|p1a: Egg
|
|upkeep
|
|t:|1778507906
|switch|p1a: Torkoal|Torkoal, M|100/100
|-weather|SunnyDay|[from] ability: Drought|[of] p1a: Torkoal
|turn|10
|
|t:|1778507918
|move|p2a: Garganacl|Salt Cure|p1a: Torkoal
|-supereffective|p1a: Torkoal
|-damage|p1a: Torkoal|27/100
|-start|p1a: Torkoal|Salt Cure
|move|p1a: Torkoal|Earth Power|p2a: Garganacl
|-supereffective|p2a: Garganacl
|-damage|p2a: Garganacl|50/100
|
|-weather|SunnyDay|[upkeep]
|-heal|p2a: Garganacl|56/100|[from] item: Leftovers
|-damage|p1a: Torkoal|14/100|[from] Salt Cure
|-fieldend|move: Trick Room
|upkeep
|turn|11
|
|t:|1778507930
|move|p1a: Torkoal|Earth Power|p2a: Garganacl
|-supereffective|p2a: Garganacl
|-damage|p2a: Garganacl|6/100
|move|p2a: Garganacl|Recover|p2a: Garganacl
|-heal|p2a: Garganacl|56/100
|
|-weather|SunnyDay|[upkeep]
|-heal|p2a: Garganacl|62/100|[from] item: Leftovers
|-damage|p1a: Torkoal|2/100|[from] Salt Cure
|upkeep
|turn|12
|
|t:|1778507938
|move|p1a: Torkoal|Earth Power|p2a: Garganacl
|-supereffective|p2a: Garganacl
|-damage|p2a: Garganacl|11/100
|-unboost|p2a: Garganacl|spd|1
|move|p2a: Garganacl|Recover|p2a: Garganacl
|-heal|p2a: Garganacl|61/100
|
|-weather|SunnyDay|[upkeep]
|-heal|p2a: Garganacl|68/100|[from] item: Leftovers
|-damage|p1a: Torkoal|0 fnt|[from] Salt Cure
|faint|p1a: Torkoal
|upkeep
|
|t:|1778507950
|switch|p1a: Hatterene|Hatterene, F|100/100
|turn|13
|
|t:|1778507959
|move|p1a: Hatterene|Expanding Force|p2a: Garganacl
|-supereffective|p2a: Garganacl
|-damage|p2a: Garganacl|0 fnt
|faint|p2a: Garganacl
|
|-weather|SunnyDay|[upkeep]
|upkeep
|
|t:|1778507965
|switch|p2a: Rillaboom|Rillaboom, F|100/100
|-fieldstart|move: Grassy Terrain|[from] ability: Grassy Surge|[of] p2a: Rillaboom
|turn|14
|
|t:|1778507970
|move|p2a: Rillaboom|Wood Hammer|p1a: Hatterene
|-damage|p1a: Hatterene|0 fnt
|faint|p1a: Hatterene
|-damage|p2a: Rillaboom|71/100|[from] Recoil
|
|-weather|none
|-heal|p2a: Rillaboom|77/100|[from] Grassy Terrain
|upkeep
|
|t:|1778507978
|switch|p1a: Duck|Porygon2, shiny|100/100
|-ability|p1a: Duck|Grassy Surge|Trace|[from] ability: Trace|[of] p2a: Rillaboom
|turn|15
|
|t:|1778507990
|switch|p2a: Heatran|Heatran, M|100/100
|move|p1a: Duck|Trick Room|p1a: Duck
|-fieldstart|move: Trick Room|[of] p1a: Duck
|
|upkeep
|turn|16
|
|t:|1778507995
|move|p1a: Duck|Discharge|p2a: Heatran
|-damage|p2a: Heatran|82/100
|move|p2a: Heatran|Magma Storm|p1a: Duck|[miss]
|-miss|p2a: Heatran|p1a: Duck
|
|-heal|p2a: Heatran|88/100|[from] Grassy Terrain
|-heal|p2a: Heatran|94/100|[from] item: Leftovers
|upkeep
|turn|17
|
|t:|1778507998
|move|p1a: Duck|Discharge|p2a: Heatran
|-damage|p2a: Heatran|73/100
|move|p2a: Heatran|Magma Storm|p1a: Duck
|-damage|p1a: Duck|52/100
|-activate|p1a: Duck|move: Magma Storm|[of] p2a: Heatran
|
|-heal|p1a: Duck|58/100|[from] Grassy Terrain
|-heal|p2a: Heatran|79/100|[from] Grassy Terrain
|-heal|p2a: Heatran|85/100|[from] item: Leftovers
|-damage|p1a: Duck|46/100|[from] move: Magma Storm|[partiallytrapped]
|upkeep
|turn|18
|
|t:|1778508013
|move|p1a: Duck|Discharge|p2a: Heatran
|-damage|p2a: Heatran|67/100
|move|p2a: Heatran|Earth Power|p1a: Duck
|-damage|p1a: Duck|20/100
|
|-heal|p1a: Duck|26/100|[from] Grassy Terrain
|-heal|p2a: Heatran|73/100|[from] Grassy Terrain
|-heal|p2a: Heatran|79/100|[from] item: Leftovers
|-damage|p1a: Duck|14/100|[from] move: Magma Storm|[partiallytrapped]
|-fieldend|move: Grassy Terrain
|upkeep
|turn|19
|
|t:|1778508016
|move|p1a: Duck|Discharge|p2a: Heatran
|-damage|p2a: Heatran|61/100
|-status|p2a: Heatran|par
|move|p2a: Heatran|Taunt|p1a: Duck
|-start|p1a: Duck|move: Taunt
|
|-heal|p2a: Heatran|67/100 par|[from] item: Leftovers
|-damage|p1a: Duck|1/100|[from] move: Magma Storm|[partiallytrapped]
|-fieldend|move: Trick Room
|upkeep
|turn|20
|
|t:|1778508026
|move|p2a: Heatran|Protect|p2a: Heatran
|-singleturn|p2a: Heatran|Protect
|move|p1a: Duck|Discharge|p2a: Heatran
|-activate|p2a: Heatran|move: Protect
|
|-heal|p2a: Heatran|73/100 par|[from] item: Leftovers
|-damage|p1a: Duck|0 fnt|[from] move: Magma Storm|[partiallytrapped]
|faint|p1a: Duck
|upkeep
|
|t:|1778508030
|switch|p1a: Gallade|Gallade, M|100/100
|turn|21
|
|t:|1778508048
|move|p2a: Heatran|Magma Storm|p1a: Gallade
|-damage|p1a: Gallade|60/100
|-activate|p1a: Gallade|move: Magma Storm|[of] p2a: Heatran
|move|p1a: Gallade|Trick Room|p1a: Gallade
|-fieldstart|move: Trick Room|[of] p1a: Gallade
|
|-heal|p2a: Heatran|79/100 par|[from] item: Leftovers
|-heal|p1a: Gallade|66/100|[from] item: Leftovers
|-damage|p1a: Gallade|54/100|[from] move: Magma Storm|[partiallytrapped]
|upkeep
|turn|22
|
|t:|1778508062
|move|p2a: Heatran|Earth Power|p1a: Gallade
|-damage|p1a: Gallade|29/100
|move|p1a: Gallade|Sacred Sword|p2a: Heatran
|-supereffective|p2a: Heatran
|-damage|p2a: Heatran|0 fnt
|faint|p2a: Heatran
|
|-heal|p1a: Gallade|35/100|[from] item: Leftovers
|-end|p1a: Gallade|Magma Storm|[partiallytrapped]|[silent]
|upkeep
|
|t:|1778508073
|switch|p2a: Rillaboom|Rillaboom, F|77/100
|-fieldstart|move: Grassy Terrain|[from] ability: Grassy Surge|[of] p2a: Rillaboom
|turn|23
|
|t:|1778508080
|move|p2a: Rillaboom|Grassy Glide|p1a: Gallade
|-damage|p1a: Gallade|0 fnt
|faint|p1a: Gallade
|
|-heal|p2a: Rillaboom|83/100|[from] Grassy Terrain
|upkeep
|
|t:|1778508083
|switch|p1a: thebear|Ursaluna, M|100/100
|turn|24
|
|t:|1778508095
|switch|p2a: Great Tusk|Great Tusk|100/100
|-terastallize|p1a: thebear|Ghost
|move|p1a: thebear|Ice Punch|p2a: Great Tusk
|-supereffective|p2a: Great Tusk
|-damage|p2a: Great Tusk|66/100
|
|-heal|p2a: Great Tusk|72/100|[from] Grassy Terrain
|-heal|p2a: Great Tusk|78/100|[from] item: Leftovers
|-status|p1a: thebear|brn|[from] item: Flame Orb
|upkeep
|turn|25
|
|t:|1778508115
|move|p1a: thebear|Facade|p2a: Great Tusk
|-damage|p2a: Great Tusk|7/100
|move|p2a: Great Tusk|Headlong Rush|p1a: thebear
|-damage|p1a: thebear|66/100 brn
|-unboost|p2a: Great Tusk|def|1
|-unboost|p2a: Great Tusk|spd|1
|
|-heal|p1a: thebear|72/100 brn|[from] Grassy Terrain
|-heal|p2a: Great Tusk|13/100|[from] Grassy Terrain
|-heal|p2a: Great Tusk|19/100|[from] item: Leftovers
|-damage|p1a: thebear|66/100 brn|[from] brn
|-fieldend|move: Trick Room
|upkeep
|turn|26
|
|t:|1778508125
|move|p2a: Great Tusk|Headlong Rush|p1a: thebear
|-damage|p1a: thebear|31/100 brn
|-unboost|p2a: Great Tusk|def|1
|-unboost|p2a: Great Tusk|spd|1
|move|p1a: thebear|Facade|p2a: Great Tusk
|-damage|p2a: Great Tusk|0 fnt
|faint|p2a: Great Tusk
|-end|p2a: Great Tusk|Protosynthesis|[silent]
|
|-heal|p1a: thebear|37/100 brn|[from] Grassy Terrain
|-damage|p1a: thebear|31/100 brn|[from] brn
|upkeep
|
|t:|1778508132
|switch|p2a: Ogerpon|Ogerpon-Wellspring, F|100/100
|turn|27
|
|t:|1778508137
|move|p2a: Ogerpon|Knock Off|p1a: thebear
|-supereffective|p1a: thebear
|-damage|p1a: thebear|0 fnt
|-enditem|p1a: thebear|Flame Orb|[from] move: Knock Off|[of] p2a: Ogerpon
|faint|p1a: thebear
|
|win|jan jakkusu
|raw|NeptuneInShowdown's rating: 1237 &rarr; <strong>1215</strong><br />(-22 for losing)
|raw|jan jakkusu's rating: 1273 &rarr; <strong>1295</strong><br />(+22 for winning)
|l|☆NeptuneInShowdown
|player|p1|
|l|☆jan jakkusu
|player|p2|
