|html|<div class="broadcast-blue"><strong>[Gen 9] OU is currently suspecting Tera Blast! For information on how to participate check out the <a href="https://www.smogon.com/tools/suspects/view/200">suspect thread</a>.</strong></div>
|j|☆Chaincrush
|j|☆Elvvion
|t:|1776113361
|gametype|singles
|player|p1|Chaincrush|2|1350
|player|p2|Elvvion|gardenia-masters|1307
|gen|9
|tier|[Gen 9] OU
|rated|
|rule|HP Percentage Mod: HP is shown in percentages
|rule|Endless Battle Clause: Forcing endless battles is banned
|rule|Species Clause: Limit one of each Pokémon
|rule|OHKO Clause: OHKO moves are banned
|rule|Evasion Items Clause: Evasion items are banned
|rule|Evasion Moves Clause: Evasion moves are banned
|rule|Evasion Abilities Clause: Evasion abilities are banned
|rule|Sleep Moves Clause: Sleep-inducing moves are banned
|clearpoke
|poke|p1|Rillaboom, F|
|poke|p1|Hawlucha, F|
|poke|p1|Virizion|
|poke|p1|Slowking-Galar, M|
|poke|p1|Kyurem|
|poke|p1|Zamazenta-*|
|poke|p2|Moltres-Galar|
|poke|p2|Primarina, F|
|poke|p2|Raging Bolt|
|poke|p2|Pecharunt|
|poke|p2|Serperior, F|
|poke|p2|Ceruledge, F|
|teampreview
|j| ohko_smeargle
|inactive|Battle timer is ON: inactive players will automatically lose when time's up. (requested by Chaincrush)
|
|t:|1776113385
|teamsize|p1|6
|teamsize|p2|6
|start
|switch|p1a: Rillaboom|Rillaboom, F|100/100
|switch|p2a: Pecharunt|Pecharunt|100/100
|-fieldstart|move: Grassy Terrain|[from] ability: Grassy Surge|[of] p1a: Rillaboom
|turn|1
|inactive|Chaincrush has 120 seconds left.
|
|t:|1776113429
|switch|p1a: Slowking|Slowking-Galar, M|100/100
|move|p2a: Pecharunt|Nasty Plot|p2a: Pecharunt
|-boost|p2a: Pecharunt|spa|2
|
|upkeep
|turn|2
|
|t:|1776113436
|move|p2a: Pecharunt|Shadow Ball|p1a: Slowking
|-supereffective|p1a: Slowking
|-damage|p1a: Slowking|18/100
|-prepare|p1a: Slowking|Chilly Reception|[premajor]
|move|p1a: Slowking|Chilly Reception|p1a: Slowking
|-weather|Snowscape
|
|t:|1776113439
|switch|p1a: Kyurem|Kyurem|100/100|[from] Chilly Reception
|-ability|p1a: Kyurem|Pressure
|
|-weather|Snowscape|[upkeep]
|upkeep
|turn|3
|inactive|Chaincrush has 120 seconds left.
|inactive|Chaincrush has 90 seconds left.
|
|t:|1776113485
|move|p1a: Kyurem|Draco Meteor|p2a: Pecharunt
|-damage|p2a: Pecharunt|0 fnt
|-unboost|p1a: Kyurem|spa|2
|faint|p2a: Pecharunt
|
|-weather|Snowscape|[upkeep]
|upkeep
|
|t:|1776113495
|switch|p2a: Primarina|Primarina, F|100/100
|turn|4
|
|t:|1776113500
|switch|p1a: Rillaboom|Rillaboom, F|100/100
|move|p2a: Primarina|Moonblast|p1a: Rillaboom
|-damage|p1a: Rillaboom|37/100
|
|-weather|Snowscape|[upkeep]
|-heal|p1a: Rillaboom|43/100|[from] Grassy Terrain
|upkeep
|turn|5
|
|t:|1776113514
|switch|p2a: Serperior|Serperior, F|100/100
|move|p1a: Rillaboom|Wood Hammer|p2a: Serperior
|-resisted|p2a: Serperior
|-damage|p2a: Serperior|24/100
|-damage|p1a: Rillaboom|24/100|[from] Recoil
|
|-weather|Snowscape|[upkeep]
|-heal|p2a: Serperior|30/100|[from] Grassy Terrain
|-heal|p2a: Serperior|37/100|[from] item: Leftovers
|-heal|p1a: Rillaboom|30/100|[from] Grassy Terrain
|-fieldend|move: Grassy Terrain
|upkeep
|turn|6
|
|t:|1776113530
|switch|p1a: Zamazenta|Zamazenta|100/100
|-ability|p1a: Zamazenta|Dauntless Shield|boost
|-boost|p1a: Zamazenta|def|1
|move|p2a: Serperior|Glare|p1a: Zamazenta
|-status|p1a: Zamazenta|par
|
|-weather|none
|-heal|p2a: Serperior|43/100|[from] item: Leftovers
|upkeep
|turn|7
|
|t:|1776113544
|move|p2a: Serperior|Leaf Storm|p1a: Zamazenta
|-damage|p1a: Zamazenta|70/100 par
|-boost|p2a: Serperior|spa|2
|move|p1a: Zamazenta|Crunch|p2a: Serperior
|-damage|p2a: Serperior|9/100
|
|-heal|p2a: Serperior|15/100|[from] item: Leftovers
|upkeep
|turn|8
|
|t:|1776113556
|move|p2a: Serperior|Leaf Storm|p1a: Zamazenta
|-damage|p1a: Zamazenta|14/100 par
|-boost|p2a: Serperior|spa|2
|move|p1a: Zamazenta|Crunch|p2a: Serperior
|-damage|p2a: Serperior|0 fnt
|faint|p2a: Serperior
|
|upkeep
|
|t:|1776113569
|switch|p2a: Raging Bolt|Raging Bolt|100/100
|-enditem|p2a: Raging Bolt|Booster Energy
|-activate|p2a: Raging Bolt|ability: Protosynthesis|[fromitem]
|-start|p2a: Raging Bolt|protosynthesisspa
|turn|9
|inactive|Chaincrush has 120 seconds left.
|
|t:|1776113590
|move|p1a: Zamazenta|Close Combat|p2a: Raging Bolt
|-damage|p2a: Raging Bolt|53/100
|-unboost|p1a: Zamazenta|def|1
|-unboost|p1a: Zamazenta|spd|1
|move|p2a: Raging Bolt|Calm Mind|p2a: Raging Bolt
|-boost|p2a: Raging Bolt|spa|1
|-boost|p2a: Raging Bolt|spd|1
|
|upkeep
|turn|10
|
|t:|1776113599
|move|p2a: Raging Bolt|Thunderclap|p1a: Zamazenta
|-damage|p1a: Zamazenta|0 fnt
|faint|p1a: Zamazenta
|
|upkeep
|
|t:|1776113603
|switch|p1a: Kyurem|Kyurem|100/100
|-ability|p1a: Kyurem|Pressure
|turn|11
|inactive|Chaincrush has 120 seconds left.
|
|t:|1776113610
|move|p2a: Raging Bolt|Thunderclap|p1a: Kyurem
|-resisted|p1a: Kyurem
|-damage|p1a: Kyurem|60/100
|move|p1a: Kyurem|Earth Power|p2a: Raging Bolt
|-supereffective|p2a: Raging Bolt
|-crit|p2a: Raging Bolt
|-damage|p2a: Raging Bolt|0 fnt
|faint|p2a: Raging Bolt
|-end|p2a: Raging Bolt|Protosynthesis|[silent]
|
|upkeep
|
|t:|1776113618
|switch|p2a: Primarina|Primarina, F|100/100
|turn|12
|
|t:|1776113624
|switch|p1a: Slowking|Slowking-Galar, M|51/100
|move|p2a: Primarina|Moonblast|p1a: Slowking
|-resisted|p1a: Slowking
|-damage|p1a: Slowking|34/100
|-unboost|p1a: Slowking|spa|1
|
|upkeep
|turn|13
|
|t:|1776113632
|move|p2a: Primarina|Sparkling Aria|p1a: Slowking
|-damage|p1a: Slowking|5/100
|-enditem|p2a: Primarina|Throat Spray
|-boost|p2a: Primarina|spa|1|[from] item: Throat Spray
|move|p1a: Slowking|Toxic|p2a: Primarina
|-status|p2a: Primarina|tox
|
|-damage|p2a: Primarina|94/100 tox|[from] psn
|upkeep
|turn|14
|
|t:|1776113643
|move|p2a: Primarina|Sparkling Aria|p1a: Slowking
|-damage|p1a: Slowking|0 fnt
|faint|p1a: Slowking
|
|-damage|p2a: Primarina|82/100 tox|[from] psn
|upkeep
|
|t:|1776113645
|switch|p1a: Rillaboom|Rillaboom, F|30/100
|-fieldstart|move: Grassy Terrain|[from] ability: Grassy Surge|[of] p1a: Rillaboom
|turn|15
|
|t:|1776113656
|switch|p2a: Ceruledge|Ceruledge, F|100/100
|move|p1a: Rillaboom|Wood Hammer|p2a: Ceruledge
|-resisted|p2a: Ceruledge
|-damage|p2a: Ceruledge|3/100
|-ability|p2a: Ceruledge|Weak Armor|boost
|-unboost|p2a: Ceruledge|def|1
|-boost|p2a: Ceruledge|spe|2
|-damage|p1a: Rillaboom|5/100|[from] Recoil
|
|-heal|p2a: Ceruledge|9/100|[from] Grassy Terrain
|-heal|p1a: Rillaboom|11/100|[from] Grassy Terrain
|upkeep
|turn|16
|
|t:|1776113681
|move|p2a: Ceruledge|Shadow Sneak|p1a: Rillaboom
|-damage|p1a: Rillaboom|0 fnt
|faint|p1a: Rillaboom
|
|-heal|p2a: Ceruledge|15/100|[from] Grassy Terrain
|upkeep
|
|t:|1776113689
|switch|p1a: Virizion|Virizion|100/100
|-enditem|p1a: Virizion|Grassy Seed
|-boost|p1a: Virizion|def|1|[from] item: Grassy Seed
|turn|17
|
|t:|1776113695
|move|p1a: Virizion|Grassy Glide|p2a: Ceruledge
|-resisted|p2a: Ceruledge
|-damage|p2a: Ceruledge|0 fnt
|faint|p2a: Ceruledge
|
|upkeep
|
|t:|1776113700
|switch|p2a: Moltres|Moltres-Galar|100/100
|turn|18
|
|t:|1776113713
|-terastallize|p1a: Virizion|Rock
|move|p2a: Moltres|Hurricane|p1a: Virizion
|-resisted|p1a: Virizion
|-damage|p1a: Virizion|81/100
|move|p1a: Virizion|Stone Edge|p2a: Moltres
|-supereffective|p2a: Moltres
|-damage|p2a: Moltres|0 fnt
|faint|p2a: Moltres
|
|-heal|p1a: Virizion|87/100|[from] Grassy Terrain
|upkeep
|
|t:|1776113725
|switch|p2a: Primarina|Primarina, F|82/100 tox
|turn|19
|
|t:|1776113729
|move|p1a: Virizion|Grassy Glide|p2a: Primarina
|-supereffective|p2a: Primarina
|-damage|p2a: Primarina|6/100 tox
|move|p2a: Primarina|Sparkling Aria|p1a: Virizion
|-supereffective|p1a: Virizion
|-damage|p1a: Virizion|0 fnt
|faint|p1a: Virizion
|
|-heal|p2a: Primarina|12/100 tox|[from] Grassy Terrain
|-damage|p2a: Primarina|6/100 tox|[from] psn
|-fieldend|move: Grassy Terrain
|upkeep
|
|t:|1776113736
|switch|p1a: Hawlucha|Hawlucha, F|100/100
|turn|20
|
|t:|1776113746
|move|p1a: Hawlucha|Acrobatics|p2a: Primarina
|-damage|p2a: Primarina|0 fnt
|faint|p2a: Primarina
|
|win|Chaincrush
|raw|Chaincrush's rating: 1350 &rarr; <strong>1368</strong><br />(+18 for winning)
|raw|Elvvion's rating: 1307 &rarr; <strong>1289</strong><br />(-18 for losing)
|l| ohko_smeargle
|l|☆Elvvion
|player|p2|
