|html|<div class="broadcast-blue"><strong>[Gen 9] OU is currently suspecting Tera Blast! For information on how to participate check out the <a href="https://www.smogon.com/tools/suspects/view/200">suspect thread</a>.</strong></div>
|j|☆atr0c1ty3xh1b1t10n
|j|☆cherishjfk
|t:|1776241677
|gametype|singles
|player|p1|atr0c1ty3xh1b1t10n|pokemonbreeder-gen4|1099
|player|p2|cherishjfk|sabrina|1107
|gen|9
|tier|[Gen 9] OU
|rated|
|rule|HP Percentage Mod: HP is shown in percentages
|rule|Endless Battle Clause: Forcing endless battles is banned
|rule|Species Clause: Limit one of each Pokémon
|rule|OHKO Clause: OHKO moves are banned
|rule|Evasion Items Clause: Evasion items are banned
|rule|Evasion Moves Clause: Evasion moves are banned
|rule|Evasion Abilities Clause: Evasion abilities are banned
|rule|Sleep Moves Clause: Sleep-inducing moves are banned
|clearpoke
|poke|p1|Glaceon, M|
|poke|p1|Slowking, F|
|poke|p1|Great Tusk|
|poke|p1|Cinderace, F|
|poke|p1|Corviknight, F|
|poke|p1|Garchomp, M|
|poke|p2|Landorus-Therian, M|
|poke|p2|Samurott-Hisui, F|
|poke|p2|Pecharunt|
|poke|p2|Corviknight, M|
|poke|p2|Zamazenta-*|
|poke|p2|Hatterene, F|
|teampreview
|inactive|Battle timer is ON: inactive players will automatically lose when time's up. (requested by cherishjfk)
|
|t:|1776241681
|teamsize|p1|6
|teamsize|p2|6
|start
|switch|p1a: Corviknight|Corviknight, F|100/100
|switch|p2a: Dua Lipa|Samurott-Hisui, F, shiny|100/100
|-ability|p1a: Corviknight|Pressure
|turn|1
|
|t:|1776241690
|move|p2a: Dua Lipa|Ceaseless Edge|p1a: Corviknight
|-damage|p1a: Corviknight|79/100
|-damage|p2a: Dua Lipa|84/100|[from] item: Rocky Helmet|[of] p1a: Corviknight
|-sidestart|p1: atr0c1ty3xh1b1t10n|Spikes
|move|p1a: Corviknight|Body Press|p2a: Dua Lipa
|-supereffective|p2a: Dua Lipa
|-damage|p2a: Dua Lipa|16/100
|
|upkeep
|turn|2
|
|t:|1776241698
|switch|p2a: Danny Brown|Pecharunt|100/100
|move|p1a: Corviknight|U-turn|p2a: Danny Brown
|-resisted|p2a: Danny Brown
|-damage|p2a: Danny Brown|99/100
|
|t:|1776241703
|switch|p1a: Slowking|Slowking, F|100/100|[from] U-turn
|-damage|p1a: Slowking|88/100|[from] Spikes
|
|-heal|p1a: Slowking|94/100|[from] item: Leftovers
|upkeep
|turn|3
|
|t:|1776241718
|switch|p2a: Dua Lipa|Samurott-Hisui, F, shiny|16/100
|-prepare|p1a: Slowking|Chilly Reception|[premajor]
|move|p1a: Slowking|Chilly Reception|p1a: Slowking
|-weather|Snowscape
|
|t:|1776241729
|switch|p1a: Garchomp|Garchomp, M|100/100|[from] Chilly Reception
|-damage|p1a: Garchomp|88/100|[from] Spikes
|
|-weather|Snowscape|[upkeep]
|upkeep
|turn|4
|
|t:|1776241735
|move|p2a: Dua Lipa|Ceaseless Edge|p1a: Garchomp
|-damage|p1a: Garchomp|64/100
|-damage|p2a: Dua Lipa|4/100|[from] ability: Rough Skin|[of] p1a: Garchomp
|-damage|p2a: Dua Lipa|0 fnt|[from] item: Rocky Helmet|[of] p1a: Garchomp
|faint|p2a: Dua Lipa
|move|p1a: Garchomp|Stealth Rock|p2: Dua Lipa
|-sidestart|p2: cherishjfk|move: Stealth Rock
|
|-weather|Snowscape|[upkeep]
|upkeep
|
|t:|1776241743
|switch|p2a: Kendrick Lamar|Hatterene, F|100/100
|-damage|p2a: Kendrick Lamar|88/100|[from] Stealth Rock
|turn|5
|
|t:|1776241751
|move|p1a: Garchomp|Earthquake|p2a: Kendrick Lamar
|-damage|p2a: Kendrick Lamar|41/100
|move|p2a: Kendrick Lamar|Draining Kiss|p1a: Garchomp
|-supereffective|p1a: Garchomp
|-damage|p1a: Garchomp|18/100
|-heal|p2a: Kendrick Lamar|86/100|[from] drain|[of] p1a: Garchomp
|-damage|p2a: Kendrick Lamar|74/100|[from] ability: Rough Skin|[of] p1a: Garchomp
|-damage|p2a: Kendrick Lamar|57/100|[from] item: Rocky Helmet|[of] p1a: Garchomp
|
|-weather|Snowscape|[upkeep]
|upkeep
|turn|6
|
|t:|1776241761
|move|p1a: Garchomp|Earthquake|p2a: Kendrick Lamar
|-damage|p2a: Kendrick Lamar|10/100
|move|p2a: Kendrick Lamar|Draining Kiss|p1a: Garchomp
|-supereffective|p1a: Garchomp
|-damage|p1a: Garchomp|0 fnt
|-heal|p2a: Kendrick Lamar|27/100|[from] drain|[of] p1a: Garchomp
|-damage|p2a: Kendrick Lamar|15/100|[from] ability: Rough Skin|[of] p1a: Garchomp
|-damage|p2a: Kendrick Lamar|0 fnt|[from] item: Rocky Helmet|[of] p1a: Garchomp
|faint|p1a: Garchomp
|faint|p2a: Kendrick Lamar
|
|-weather|Snowscape|[upkeep]
|upkeep
|
|t:|1776241772
|switch|p1a: Great Tusk|Great Tusk|100/100
|switch|p2a: Magdalena Bay|Corviknight, M, shiny|100/100
|-damage|p1a: Great Tusk|88/100|[from] Spikes
|-damage|p2a: Magdalena Bay|88/100|[from] Stealth Rock
|turn|7
|
|t:|1776241781
|move|p1a: Great Tusk|Rapid Spin|p2a: Magdalena Bay
|-resisted|p2a: Magdalena Bay
|-damage|p2a: Magdalena Bay|84/100
|-boost|p1a: Great Tusk|spe|1
|-damage|p1a: Great Tusk|71/100|[from] item: Rocky Helmet|[of] p2a: Magdalena Bay
|-sideend|p1: atr0c1ty3xh1b1t10n|Spikes|[from] move: Rapid Spin|[of] p1a: Great Tusk
|move|p2a: Magdalena Bay|Brave Bird|p1a: Great Tusk
|-supereffective|p1a: Great Tusk
|-damage|p1a: Great Tusk|27/100
|-damage|p2a: Magdalena Bay|67/100|[from] item: Rocky Helmet|[of] p1a: Great Tusk
|-damage|p2a: Magdalena Bay|52/100|[from] Recoil
|
|-weather|none
|upkeep
|turn|8
|
|t:|1776241794
|-end|p1a: Great Tusk|Protosynthesis|[silent]
|switch|p1a: Slowking|Slowking, F|100/100
|move|p2a: Magdalena Bay|Defog|p1a: Slowking
|-unboost|p1a: Slowking|evasion|1
|-sideend|p2: cherishjfk|Stealth Rock|[from] move: Defog|[of] p2a: Magdalena Bay
|
|upkeep
|turn|9
|
|t:|1776241802
|move|p2a: Magdalena Bay|Roost|p2a: Magdalena Bay
|-heal|p2a: Magdalena Bay|100/100
|-singleturn|p2a: Magdalena Bay|move: Roost
|-prepare|p1a: Slowking|Chilly Reception|[premajor]
|move|p1a: Slowking|Chilly Reception|p1a: Slowking
|-weather|Snowscape
|
|t:|1776241805
|switch|p1a: Glaceon|Glaceon, M|100/100|[from] Chilly Reception
|
|-weather|Snowscape|[upkeep]
|upkeep
|turn|10
|c|☆atr0c1ty3xh1b1t10n|glaceon 6-0s ur team buddy
|c|☆atr0c1ty3xh1b1t10n|blnt
|
|t:|1776241817
|move|p1a: Glaceon|Blizzard|p2a: Magdalena Bay
|-damage|p2a: Magdalena Bay|4/100
|move|p2a: Magdalena Bay|Iron Head|p1a: Glaceon
|-supereffective|p1a: Glaceon
|-damage|p1a: Glaceon|65/100
|
|-weather|Snowscape|[upkeep]
|-heal|p1a: Glaceon|71/100|[from] ability: Ice Body
|upkeep
|turn|11
|
|t:|1776241834
|move|p1a: Glaceon|Blizzard|p2a: Magdalena Bay
|-damage|p2a: Magdalena Bay|0 fnt
|faint|p2a: Magdalena Bay
|
|-weather|Snowscape|[upkeep]
|-heal|p1a: Glaceon|77/100|[from] ability: Ice Body
|upkeep
|
|t:|1776241841
|switch|p2a: Danny Brown|Pecharunt|99/100
|turn|12
|
|t:|1776241844
|-terastallize|p1a: Glaceon|Ice
|move|p2a: Danny Brown|Malignant Chain|p1a: Glaceon
|-damage|p1a: Glaceon|39/100
|move|p1a: Glaceon|Blizzard|p2a: Danny Brown
|-damage|p2a: Danny Brown|0 fnt
|faint|p2a: Danny Brown
|
|-weather|Snowscape|[upkeep]
|-heal|p1a: Glaceon|45/100|[from] ability: Ice Body
|upkeep
|
|t:|1776241854
|switch|p2a: Addison Rae|Zamazenta|100/100
|-ability|p2a: Addison Rae|Dauntless Shield|boost
|-boost|p2a: Addison Rae|def|1
|turn|13
|
|t:|1776241865
|switch|p1a: Corviknight|Corviknight, F|79/100
|-ability|p1a: Corviknight|Pressure
|move|p2a: Addison Rae|Body Press|p1a: Corviknight
|-damage|p1a: Corviknight|43/100
|-damage|p2a: Addison Rae|84/100|[from] item: Rocky Helmet|[of] p1a: Corviknight
|
|-weather|none
|-heal|p2a: Addison Rae|90/100|[from] item: Leftovers
|upkeep
|turn|14
|
|t:|1776241876
|move|p1a: Corviknight|Roost|p1a: Corviknight
|-heal|p1a: Corviknight|93/100
|-singleturn|p1a: Corviknight|move: Roost
|move|p2a: Addison Rae|Roar|p1a: Corviknight
|drag|p1a: Slowking|Slowking, F|100/100
|
|-heal|p2a: Addison Rae|96/100|[from] item: Leftovers
|upkeep
|turn|15
|
|t:|1776241885
|move|p2a: Addison Rae|Crunch|p1a: Slowking
|-supereffective|p1a: Slowking
|-damage|p1a: Slowking|58/100
|-unboost|p1a: Slowking|def|1
|move|p1a: Slowking|Trick Room|p1a: Slowking
|-fieldstart|move: Trick Room|[of] p1a: Slowking
|
|-heal|p1a: Slowking|64/100|[from] item: Leftovers
|-heal|p2a: Addison Rae|100/100|[from] item: Leftovers
|upkeep
|turn|16
|
|t:|1776241896
|switch|p1a: Cinderace|Cinderace, F|100/100
|move|p2a: Addison Rae|Iron Defense|p2a: Addison Rae
|-boost|p2a: Addison Rae|def|2
|
|upkeep
|turn|17
|
|t:|1776241902
|switch|p2a: Carly Rae Jepsen|Landorus-Therian, M|100/100
|-ability|p2a: Carly Rae Jepsen|Intimidate|boost
|-unboost|p1a: Cinderace|atk|1
|move|p1a: Cinderace|Will-O-Wisp|p2a: Carly Rae Jepsen
|-status|p2a: Carly Rae Jepsen|brn
|
|-damage|p2a: Carly Rae Jepsen|94/100 brn|[from] brn
|upkeep
|turn|18
|
|t:|1776241913
|switch|p1a: Great Tusk|Great Tusk|27/100
|move|p2a: Carly Rae Jepsen|Stealth Rock|p1a: Great Tusk
|-sidestart|p1: atr0c1ty3xh1b1t10n|move: Stealth Rock
|
|-damage|p2a: Carly Rae Jepsen|88/100 brn|[from] brn
|upkeep
|turn|19
|
|t:|1776241919
|move|p1a: Great Tusk|Rapid Spin|p2a: Carly Rae Jepsen
|-damage|p2a: Carly Rae Jepsen|74/100 brn
|-boost|p1a: Great Tusk|spe|1
|-damage|p1a: Great Tusk|11/100|[from] item: Rocky Helmet|[of] p2a: Carly Rae Jepsen
|-sideend|p1: atr0c1ty3xh1b1t10n|Stealth Rock|[from] move: Rapid Spin|[of] p1a: Great Tusk
|move|p2a: Carly Rae Jepsen|Earthquake|p1a: Great Tusk
|-damage|p1a: Great Tusk|0 fnt
|faint|p1a: Great Tusk
|-end|p1a: Great Tusk|Protosynthesis|[silent]
|
|-damage|p2a: Carly Rae Jepsen|68/100 brn|[from] brn
|-fieldend|move: Trick Room
|upkeep
|
|t:|1776241925
|switch|p1a: Slowking|Slowking, F|98/100
|turn|20
|
|t:|1776241931
|move|p2a: Carly Rae Jepsen|U-turn|p1a: Slowking
|-supereffective|p1a: Slowking
|-damage|p1a: Slowking|75/100
|
|t:|1776241935
|switch|p2a: Addison Rae|Zamazenta|100/100|[from] U-turn
|move|p1a: Slowking|Trick Room|p1a: Slowking
|-fieldstart|move: Trick Room|[of] p1a: Slowking
|
|-heal|p1a: Slowking|81/100|[from] item: Leftovers
|upkeep
|turn|21
|
|t:|1776241941
|switch|p2a: Carly Rae Jepsen|Landorus-Therian, M|68/100 brn
|-ability|p2a: Carly Rae Jepsen|Intimidate|boost
|-unboost|p1a: Slowking|atk|1
|move|p1a: Slowking|Surf|p2a: Carly Rae Jepsen
|-supereffective|p2a: Carly Rae Jepsen
|-damage|p2a: Carly Rae Jepsen|6/100 brn
|
|-heal|p1a: Slowking|87/100|[from] item: Leftovers
|-damage|p2a: Carly Rae Jepsen|0 fnt|[from] brn
|faint|p2a: Carly Rae Jepsen
|upkeep
|
|t:|1776241953
|switch|p2a: Addison Rae|Zamazenta|100/100
|turn|22
|
|t:|1776241957
|move|p1a: Slowking|Surf|p2a: Addison Rae
|-damage|p2a: Addison Rae|71/100
|move|p2a: Addison Rae|Iron Defense|p2a: Addison Rae
|-boost|p2a: Addison Rae|def|2
|
|-heal|p1a: Slowking|93/100|[from] item: Leftovers
|-heal|p2a: Addison Rae|78/100|[from] item: Leftovers
|upkeep
|turn|23
|
|t:|1776241964
|switch|p1a: Cinderace|Cinderace, F|100/100
|move|p2a: Addison Rae|Roar|p1a: Cinderace
|drag|p1a: Glaceon|Glaceon, M, tera:Ice|45/100
|
|-heal|p2a: Addison Rae|84/100|[from] item: Leftovers
|upkeep
|turn|24
|
|t:|1776241973
|move|p1a: Glaceon|Ice Beam|p2a: Addison Rae
|-damage|p2a: Addison Rae|0 fnt
|faint|p2a: Addison Rae
|
|win|atr0c1ty3xh1b1t10n
|raw|atr0c1ty3xh1b1t10n's rating: 1099 &rarr; <strong>1125</strong><br />(+26 for winning)
|raw|cherishjfk's rating: 1107 &rarr; <strong>1081</strong><br />(-26 for losing)
