|html|<div class="broadcast-blue"><strong>[Gen 9] OU is currently suspecting Tera Blast! For information on how to participate check out the <a href="https://www.smogon.com/tools/suspects/view/200">suspect thread</a>.</strong></div>
|j|☆bouguzma
|j|☆Mystycfox0
|t:|1776050314
|gametype|singles
|player|p1|bouguzma|colress|
|player|p2|Mystycfox0|lucian|
|gen|9
|tier|[Gen 9] OU
|rule|HP Percentage Mod: HP is shown in percentages
|rule|Endless Battle Clause: Forcing endless battles is banned
|rule|Species Clause: Limit one of each Pokémon
|rule|OHKO Clause: OHKO moves are banned
|rule|Evasion Items Clause: Evasion items are banned
|rule|Evasion Moves Clause: Evasion moves are banned
|rule|Evasion Abilities Clause: Evasion abilities are banned
|rule|Sleep Moves Clause: Sleep-inducing moves are banned
|clearpoke
|poke|p1|Enamorus, F|
|poke|p1|Dragonite, M|
|poke|p1|Glimmora, M|
|poke|p1|Samurott-Hisui, M|
|poke|p1|Heatran, M|
|poke|p1|Great Tusk|
|poke|p2|Rillaboom, F|
|poke|p2|Weezing-Galar, M|
|poke|p2|Rotom-Wash|
|poke|p2|Darkrai|
|poke|p2|Armarouge, M|
|poke|p2|Dragonite, M|
|teampreview
|
|t:|1776050340
|teamsize|p1|6
|teamsize|p2|6
|start
|switch|p1a: Glimmora|Glimmora, M, shiny|100/100
|switch|p2a: Dragonite|Dragonite, M|100/100
|turn|1
|
|t:|1776050353
|move|p1a: Glimmora|Stealth Rock|p2a: Dragonite
|-sidestart|p2: Mystycfox0|move: Stealth Rock
|move|p2a: Dragonite|Dragon Dance|p2a: Dragonite
|-boost|p2a: Dragonite|atk|1
|-boost|p2a: Dragonite|spe|1
|
|upkeep
|turn|2
|j| How hh
|
|t:|1776050366
|move|p1a: Glimmora|Spiky Shield|p1a: Glimmora
|-singleturn|p1a: Glimmora|move: Protect
|move|p2a: Dragonite|Draco Meteor|p1a: Glimmora
|-activate|p1a: Glimmora|move: Protect
|
|upkeep
|turn|3
|
|t:|1776050377
|move|p1a: Glimmora|Mortal Spin|p2a: Dragonite
|-damage|p2a: Dragonite|98/100
|-status|p2a: Dragonite|psn
|move|p2a: Dragonite|Draco Meteor|p1a: Glimmora
|-damage|p1a: Glimmora|27/100
|-unboost|p2a: Dragonite|spa|2
|
|-heal|p2a: Dragonite|100/100 psn|[from] item: Leftovers
|-damage|p2a: Dragonite|88/100 psn|[from] psn
|upkeep
|turn|4
|
|t:|1776050390
|move|p1a: Glimmora|Power Gem|p2a: Dragonite
|-supereffective|p2a: Dragonite
|-damage|p2a: Dragonite|23/100 psn
|move|p2a: Dragonite|Draco Meteor|p1a: Glimmora
|-damage|p1a: Glimmora|0 fnt
|-unboost|p2a: Dragonite|spa|2
|faint|p1a: Glimmora
|
|-heal|p2a: Dragonite|29/100 psn|[from] item: Leftovers
|-damage|p2a: Dragonite|17/100 psn|[from] psn
|upkeep
|
|t:|1776050407
|switch|p1a: Samurott|Samurott-Hisui, M|100/100
|turn|5
|
|t:|1776050412
|move|p1a: Samurott|Ceaseless Edge|p2a: Dragonite
|-damage|p2a: Dragonite|0 fnt
|-sidestart|p2: Mystycfox0|Spikes
|faint|p2a: Dragonite
|
|upkeep
|
|t:|1776050425
|switch|p2a: Rotom|Rotom-Wash|100/100
|-damage|p2a: Rotom|88/100|[from] Stealth Rock
|turn|6
|
|t:|1776050448
|switch|p1a: Heatran|Heatran, M, shiny|100/100
|-item|p1a: Heatran|Air Balloon
|move|p2a: Rotom|Hydro Pump|p1a: Heatran
|-supereffective|p1a: Heatran
|-damage|p1a: Heatran|37/100
|-enditem|p1a: Heatran|Air Balloon
|
|-heal|p2a: Rotom|94/100|[from] item: Leftovers
|upkeep
|turn|7
|
|t:|1776050461
|move|p2a: Rotom|Hydro Pump|p1a: Heatran
|-supereffective|p1a: Heatran
|-crit|p1a: Heatran
|-damage|p1a: Heatran|0 fnt
|faint|p1a: Heatran
|
|-heal|p2a: Rotom|100/100|[from] item: Leftovers
|upkeep
|
|t:|1776050477
|switch|p1a: Great Tusk|Great Tusk|100/100
|-enditem|p1a: Great Tusk|Booster Energy
|-activate|p1a: Great Tusk|ability: Protosynthesis|[fromitem]
|-start|p1a: Great Tusk|protosynthesisatk
|turn|8
|
|t:|1776050500
|-end|p1a: Great Tusk|Protosynthesis|[silent]
|switch|p1a: Enamorus|Enamorus, F, shiny|100/100
|move|p2a: Rotom|Protect||[still]
|-fail|p2a: Rotom
|
|upkeep
|turn|9
|
|t:|1776050512
|move|p1a: Enamorus|Superpower|p2a: Rotom
|-damage|p2a: Rotom|67/100
|-boost|p1a: Enamorus|atk|1
|-boost|p1a: Enamorus|def|1
|move|p2a: Rotom|Thunderbolt|p1a: Enamorus
|-supereffective|p1a: Enamorus
|-damage|p1a: Enamorus|0 fnt
|faint|p1a: Enamorus
|
|-heal|p2a: Rotom|74/100|[from] item: Leftovers
|upkeep
|
|t:|1776050527
|switch|p1a: Samurott|Samurott-Hisui, M|100/100
|turn|10
|
|t:|1776050545
|move|p1a: Samurott|Ceaseless Edge|p2a: Rotom
|-damage|p2a: Rotom|7/100
|-sidestart|p2: Mystycfox0|Spikes
|move|p2a: Rotom|Pain Split|p1a: Samurott
|-sethp|p1a: Samurott|53/100|[from] move: Pain Split|[silent]
|-sethp|p2a: Rotom|70/100|[from] move: Pain Split
|
|-heal|p2a: Rotom|76/100|[from] item: Leftovers
|upkeep
|turn|11
|
|t:|1776050556
|move|p1a: Samurott|Ceaseless Edge|p2a: Rotom
|-damage|p2a: Rotom|1/100
|-sidestart|p2: Mystycfox0|Spikes
|move|p2a: Rotom|Pain Split|p1a: Samurott
|-sethp|p1a: Samurott|27/100|[from] move: Pain Split|[silent]
|-sethp|p2a: Rotom|36/100|[from] move: Pain Split
|
|-heal|p2a: Rotom|42/100|[from] item: Leftovers
|upkeep
|turn|12
|
|t:|1776050568
|move|p2a: Rotom|Protect|p2a: Rotom
|-singleturn|p2a: Rotom|Protect
|move|p1a: Samurott|Ceaseless Edge|p2a: Rotom
|-activate|p2a: Rotom|move: Protect
|
|-heal|p2a: Rotom|48/100|[from] item: Leftovers
|upkeep
|turn|13
|
|t:|1776050623
|switch|p2a: Darkrai|Darkrai|100/100
|-damage|p2a: Darkrai|88/100|[from] Stealth Rock
|-damage|p2a: Darkrai|63/100|[from] Spikes
|move|p1a: Samurott|Ceaseless Edge|p2a: Darkrai
|-resisted|p2a: Darkrai
|-damage|p2a: Darkrai|22/100
|
|-heal|p2a: Darkrai|28/100|[from] item: Leftovers
|upkeep
|turn|14
|
|t:|1776050645
|switch|p1a: Great Tusk|Great Tusk|100/100
|-terastallize|p2a: Darkrai|Fairy
|move|p2a: Darkrai|Focus Blast|p1a: Great Tusk
|-damage|p1a: Great Tusk|44/100
|
|-heal|p2a: Darkrai|34/100|[from] item: Leftovers
|upkeep
|turn|15
|
|t:|1776050659
|move|p2a: Darkrai|Focus Blast|p1a: Great Tusk|[miss]
|-miss|p2a: Darkrai|p1a: Great Tusk
|move|p1a: Great Tusk|High Horsepower|p2a: Darkrai
|-damage|p2a: Darkrai|0 fnt
|faint|p2a: Darkrai
|
|upkeep
|
|t:|1776050668
|switch|p2a: Rotom|Rotom-Wash|48/100
|-damage|p2a: Rotom|36/100|[from] Stealth Rock
|turn|16
|
|t:|1776050680
|move|p1a: Great Tusk|Body Press|p2a: Rotom
|-damage|p2a: Rotom|0 fnt
|faint|p2a: Rotom
|
|upkeep
|
|t:|1776050686
|switch|p2a: Rillaboom|Rillaboom, F|100/100
|-damage|p2a: Rillaboom|88/100|[from] Stealth Rock
|-damage|p2a: Rillaboom|63/100|[from] Spikes
|-fieldstart|move: Grassy Terrain|[from] ability: Grassy Surge|[of] p2a: Rillaboom
|turn|17
|
|t:|1776050703
|move|p1a: Great Tusk|Knock Off|p2a: Rillaboom
|-damage|p2a: Rillaboom|31/100
|-enditem|p2a: Rillaboom|Assault Vest|[from] move: Knock Off|[of] p1a: Great Tusk
|move|p2a: Rillaboom|Drain Punch|p1a: Great Tusk
|-damage|p1a: Great Tusk|27/100
|-heal|p2a: Rillaboom|41/100|[from] drain|[of] p1a: Great Tusk
|
|-heal|p1a: Great Tusk|33/100|[from] Grassy Terrain
|-heal|p2a: Rillaboom|47/100|[from] Grassy Terrain
|upkeep
|turn|18
|
|t:|1776050717
|move|p2a: Rillaboom|Grassy Glide|p1a: Great Tusk
|-supereffective|p1a: Great Tusk
|-damage|p1a: Great Tusk|0 fnt
|faint|p1a: Great Tusk
|-end|p1a: Great Tusk|Protosynthesis|[silent]
|
|-heal|p2a: Rillaboom|53/100|[from] Grassy Terrain
|upkeep
|
|t:|1776050729
|switch|p1a: Samurott|Samurott-Hisui, M|27/100
|turn|19
|
|t:|1776050734
|move|p1a: Samurott|Sucker Punch|p2a: Rillaboom
|-damage|p2a: Rillaboom|5/100
|move|p2a: Rillaboom|Grassy Glide|p1a: Samurott
|-supereffective|p1a: Samurott
|-damage|p1a: Samurott|0 fnt
|faint|p1a: Samurott
|
|-heal|p2a: Rillaboom|11/100|[from] Grassy Terrain
|upkeep
|
|t:|1776050744
|switch|p1a: Dragonite|Dragonite, M|100/100
|turn|20
|
|t:|1776050749
|-terastallize|p1a: Dragonite|Normal
|move|p1a: Dragonite|Extreme Speed|p2a: Rillaboom
|-damage|p2a: Rillaboom|0 fnt
|faint|p2a: Rillaboom
|
|upkeep
|
|t:|1776050758
|switch|p2a: Armarouge|Armarouge, M|100/100
|-damage|p2a: Armarouge|75/100|[from] Stealth Rock
|-damage|p2a: Armarouge|50/100|[from] Spikes
|turn|21
|
|t:|1776050774
|move|p2a: Armarouge|Protect|p2a: Armarouge
|-singleturn|p2a: Armarouge|Protect
|move|p1a: Dragonite|Extreme Speed|p2a: Armarouge
|-activate|p2a: Armarouge|move: Protect
|
|-heal|p2a: Armarouge|57/100|[from] Grassy Terrain
|-heal|p2a: Armarouge|63/100|[from] item: Leftovers
|-fieldend|move: Grassy Terrain
|upkeep
|turn|22
|
|t:|1776050785
|move|p1a: Dragonite|Extreme Speed|p2a: Armarouge
|-damage|p2a: Armarouge|25/100
|-ability|p2a: Armarouge|Weak Armor|boost
|-unboost|p2a: Armarouge|def|1
|-boost|p2a: Armarouge|spe|2
|move|p2a: Armarouge|Aura Sphere|p1a: Dragonite
|-supereffective|p1a: Dragonite
|-damage|p1a: Dragonite|70/100
|
|-heal|p2a: Armarouge|31/100|[from] item: Leftovers
|-heal|p1a: Dragonite|76/100|[from] item: Leftovers
|upkeep
|turn|23
|
|t:|1776050799
|move|p2a: Armarouge|Protect|p2a: Armarouge
|-singleturn|p2a: Armarouge|Protect
|move|p1a: Dragonite|Dragon Dance|p1a: Dragonite
|-boost|p1a: Dragonite|atk|1
|-boost|p1a: Dragonite|spe|1
|
|-heal|p1a: Dragonite|83/100|[from] item: Leftovers
|-heal|p2a: Armarouge|37/100|[from] item: Leftovers
|upkeep
|turn|24
|
|t:|1776050809
|move|p1a: Dragonite|Extreme Speed|p2a: Armarouge
|-damage|p2a: Armarouge|0 fnt
|faint|p2a: Armarouge
|
|-heal|p1a: Dragonite|89/100|[from] item: Leftovers
|upkeep
|
|t:|1776050816
|switch|p2a: Weezing|Weezing-Galar, M|100/100
|-damage|p2a: Weezing|88/100|[from] Stealth Rock
|turn|25
|
|t:|1776050826
|move|p1a: Dragonite|Dragon Dance|p1a: Dragonite
|-boost|p1a: Dragonite|atk|1
|-boost|p1a: Dragonite|spe|1
|move|p2a: Weezing|Strange Steam|p1a: Dragonite
|-damage|p1a: Dragonite|53/100
|
|-heal|p1a: Dragonite|59/100|[from] item: Leftovers
|upkeep
|turn|26
|
|t:|1776050837
|move|p1a: Dragonite|Extreme Speed|p2a: Weezing
|-damage|p2a: Weezing|0 fnt
|-damage|p1a: Dragonite|42/100|[from] item: Rocky Helmet|[of] p2a: Weezing
|faint|p2a: Weezing
|
|win|bouguzma
|l|☆Mystycfox0
|player|p2|
|l|☆bouguzma
|player|p1|
|l| How hh
|j|☆bouguzma
|player|p1|bouguzma|colress|
