|html|<div class="broadcast-blue"><strong>[Gen 9] OU is currently suspecting Tera Blast! For information on how to participate check out the <a href="https://www.smogon.com/tools/suspects/view/200">suspect thread</a>.</strong></div>
|j|☆BFromTheMFBay
|j|☆arturohdez
|t:|1776058531
|gametype|singles
|player|p1|BFromTheMFBay|265|1441
|player|p2|arturohdez|lucas|1555
|gen|9
|tier|[Gen 9] OU
|rated|
|rule|HP Percentage Mod: HP is shown in percentages
|rule|Endless Battle Clause: Forcing endless battles is banned
|rule|Species Clause: Limit one of each Pokémon
|rule|OHKO Clause: OHKO moves are banned
|rule|Evasion Items Clause: Evasion items are banned
|rule|Evasion Moves Clause: Evasion moves are banned
|rule|Evasion Abilities Clause: Evasion abilities are banned
|rule|Sleep Moves Clause: Sleep-inducing moves are banned
|clearpoke
|poke|p1|Garganacl, M|
|poke|p1|Darkrai|
|poke|p1|Great Tusk|
|poke|p1|Hatterene, F|
|poke|p1|Tornadus-Therian, M|
|poke|p1|Dragonite, M|
|poke|p2|Iron Boulder|
|poke|p2|Darkrai|
|poke|p2|Manaphy|
|poke|p2|Landorus-Therian, M|
|poke|p2|Gholdengo|
|poke|p2|Raging Bolt|
|teampreview
|
|t:|1776058550
|teamsize|p1|6
|teamsize|p2|6
|start
|switch|p1a: Garganacl|Garganacl, M|100/100
|switch|p2a: Darkrai|Darkrai|100/100
|turn|1
|c|☆BFromTheMFBay|hf
|inactive|Battle timer is ON: inactive players will automatically lose when time's up. (requested by BFromTheMFBay)
|
|t:|1776058567
|move|p2a: Darkrai|Knock Off|p1a: Garganacl
|-damage|p1a: Garganacl|83/100
|-enditem|p1a: Garganacl|Leftovers|[from] move: Knock Off|[of] p2a: Darkrai
|move|p1a: Garganacl|Stealth Rock|p2a: Darkrai
|-sidestart|p2: arturohdez|move: Stealth Rock
|
|upkeep
|turn|2
|
|t:|1776058586
|switch|p2a: Landorus|Landorus-Therian, M|100/100
|-damage|p2a: Landorus|88/100|[from] Stealth Rock
|-ability|p2a: Landorus|Intimidate|boost
|-unboost|p1a: Garganacl|atk|1
|move|p1a: Garganacl|Salt Cure|p2a: Landorus
|-damage|p2a: Landorus|80/100
|-start|p2a: Landorus|Salt Cure
|
|-damage|p2a: Landorus|68/100|[from] Salt Cure
|upkeep
|turn|3
|
|t:|1776058605
|switch|p1a: Hatterene|Hatterene, F|100/100
|move|p2a: Landorus|Stealth Rock|p1a: Hatterene
|move|p1a: Hatterene|Stealth Rock||[from] ability: Magic Bounce|[still]
|-fail|p1a: Hatterene
|
|-damage|p2a: Landorus|55/100|[from] Salt Cure
|upkeep
|turn|4
|
|t:|1776058622
|switch|p2a: Manaphy|Manaphy|100/100
|-damage|p2a: Manaphy|88/100|[from] Stealth Rock
|move|p1a: Hatterene|Dazzling Gleam|p2a: Manaphy
|-damage|p2a: Manaphy|52/100
|
|upkeep
|turn|5
|inactive|BFromTheMFBay has 120 seconds left.
|
|t:|1776058641
|switch|p1a: Darkrai|Darkrai|100/100
|move|p2a: Manaphy|Tail Glow|p2a: Manaphy
|-boost|p2a: Manaphy|spa|3
|
|upkeep
|turn|6
|inactive|BFromTheMFBay has 120 seconds left.
|
|t:|1776058658
|move|p1a: Darkrai|Dark Pulse|p2a: Manaphy
|-damage|p2a: Manaphy|0 fnt
|faint|p2a: Manaphy
|
|upkeep
|
|t:|1776058662
|switch|p2a: Darkrai|Darkrai|100/100
|turn|7
|inactive|BFromTheMFBay has 120 seconds left.
|
|t:|1776058679
|move|p1a: Darkrai|Dark Pulse|p2a: Darkrai
|-resisted|p2a: Darkrai
|-damage|p2a: Darkrai|59/100
|move|p2a: Darkrai|Knock Off|p1a: Darkrai
|-resisted|p1a: Darkrai
|-damage|p1a: Darkrai|83/100
|-enditem|p1a: Darkrai|Choice Specs|[from] move: Knock Off|[of] p2a: Darkrai
|
|upkeep
|turn|8
|inactive|BFromTheMFBay has 120 seconds left.
|
|t:|1776058707
|switch|p2a: Raging Bolt|Raging Bolt|100/100
|-damage|p2a: Raging Bolt|88/100|[from] Stealth Rock
|-enditem|p2a: Raging Bolt|Booster Energy
|-activate|p2a: Raging Bolt|ability: Protosynthesis|[fromitem]
|-start|p2a: Raging Bolt|protosynthesisspa
|move|p1a: Darkrai|Focus Blast|p2a: Raging Bolt
|-damage|p2a: Raging Bolt|50/100
|-unboost|p2a: Raging Bolt|spd|1
|
|upkeep
|turn|9
|inactive|arturohdez has 120 seconds left.
|
|t:|1776058726
|move|p2a: Raging Bolt|Thunderclap|p1a: Darkrai
|-damage|p1a: Darkrai|13/100
|move|p1a: Darkrai|Dark Pulse|p2a: Raging Bolt
|-damage|p2a: Raging Bolt|0 fnt
|faint|p2a: Raging Bolt
|-end|p2a: Raging Bolt|Protosynthesis|[silent]
|
|upkeep
|inactive|arturohdez has 120 seconds left.
|
|t:|1776058734
|switch|p2a: Darkrai|Darkrai|59/100
|turn|10
|
|t:|1776058751
|move|p2a: Darkrai|Dark Pulse|p1a: Darkrai
|-resisted|p1a: Darkrai
|-damage|p1a: Darkrai|0 fnt
|faint|p1a: Darkrai
|
|upkeep
|
|t:|1776058768
|switch|p1a: Garganacl|Garganacl, M|83/100
|turn|11
|inactive|BFromTheMFBay has 90 seconds left.
|
|t:|1776058784
|switch|p2a: Landorus|Landorus-Therian, M|55/100
|-damage|p2a: Landorus|43/100|[from] Stealth Rock
|-ability|p2a: Landorus|Intimidate|boost
|-unboost|p1a: Garganacl|atk|1
|move|p1a: Garganacl|Salt Cure|p2a: Landorus
|-damage|p2a: Landorus|34/100
|-start|p2a: Landorus|Salt Cure
|
|-damage|p2a: Landorus|22/100|[from] Salt Cure
|upkeep
|turn|12
|inactive|BFromTheMFBay has 90 seconds left.
|
|t:|1776058801
|switch|p1a: Hatterene|Hatterene, F|100/100
|move|p2a: Landorus|Earth Power|p1a: Hatterene
|-damage|p1a: Hatterene|66/100
|
|-damage|p2a: Landorus|10/100|[from] Salt Cure
|upkeep
|turn|13
|inactive|BFromTheMFBay has 90 seconds left.
|
|t:|1776058818
|move|p2a: Landorus|Earth Power|p1a: Hatterene
|-damage|p1a: Hatterene|30/100
|move|p1a: Hatterene|Future Sight|p2a: Landorus
|-start|p1a: Hatterene|move: Future Sight
|
|-damage|p2a: Landorus|0 fnt|[from] Salt Cure
|faint|p2a: Landorus
|upkeep
|
|t:|1776058824
|switch|p2a: Darkrai|Darkrai|59/100
|turn|14
|inactive|BFromTheMFBay has 90 seconds left.
|
|t:|1776058841
|switch|p1a: Garganacl|Garganacl, M|83/100
|move|p2a: Darkrai|Sludge Bomb|p1a: Garganacl
|-resisted|p1a: Garganacl
|-damage|p1a: Garganacl|71/100
|
|upkeep
|turn|15
|
|t:|1776058850
|move|p2a: Darkrai|Dark Pulse|p1a: Garganacl
|-damage|p1a: Garganacl|41/100
|cant|p1a: Garganacl|flinch
|
|-end|p2a: Darkrai|move: Future Sight
|-immune|p2a: Darkrai
|upkeep
|turn|16
|inactive|BFromTheMFBay has 90 seconds left.
|
|t:|1776058859
|move|p2a: Darkrai|Dark Pulse|p1a: Garganacl
|-damage|p1a: Garganacl|10/100
|move|p1a: Garganacl|Recover|p1a: Garganacl
|-heal|p1a: Garganacl|60/100
|
|upkeep
|turn|17
|
|t:|1776058869
|switch|p2a: Gholdengo|Gholdengo|100/100
|-damage|p2a: Gholdengo|94/100|[from] Stealth Rock
|-item|p2a: Gholdengo|Air Balloon
|move|p1a: Garganacl|Salt Cure|p2a: Gholdengo
|-resisted|p2a: Gholdengo
|-damage|p2a: Gholdengo|90/100
|-start|p2a: Gholdengo|Salt Cure
|-enditem|p2a: Gholdengo|Air Balloon
|
|-damage|p2a: Gholdengo|65/100|[from] Salt Cure
|upkeep
|turn|18
|inactive|BFromTheMFBay has 90 seconds left.
|
|t:|1776058886
|move|p2a: Gholdengo|Recover|p2a: Gholdengo
|-heal|p2a: Gholdengo|100/100
|move|p1a: Garganacl|Recover|p1a: Garganacl
|-heal|p1a: Garganacl|100/100
|
|-damage|p2a: Gholdengo|76/100|[from] Salt Cure
|upkeep
|turn|19
|inactive|BFromTheMFBay has 90 seconds left.
|
|t:|1776058903
|move|p2a: Gholdengo|Make It Rain|p1a: Garganacl
|-supereffective|p1a: Garganacl
|-damage|p1a: Garganacl|23/100
|-unboost|p2a: Gholdengo|spa|1
|move|p1a: Garganacl|Salt Cure|p2a: Gholdengo
|-resisted|p2a: Gholdengo
|-damage|p2a: Gholdengo|70/100
|
|-damage|p2a: Gholdengo|45/100|[from] Salt Cure
|upkeep
|turn|20
|inactive|BFromTheMFBay has 90 seconds left.
|
|t:|1776058920
|move|p2a: Gholdengo|Make It Rain|p1a: Garganacl
|-supereffective|p1a: Garganacl
|-damage|p1a: Garganacl|0 fnt
|-unboost|p2a: Gholdengo|spa|1
|faint|p1a: Garganacl
|
|-damage|p2a: Gholdengo|20/100|[from] Salt Cure
|upkeep
|
|t:|1776058936
|switch|p1a: Dragonite|Dragonite, M|100/100
|turn|21
|
|t:|1776058953
|move|p2a: Gholdengo|Thunder Wave|p1a: Dragonite
|-status|p1a: Dragonite|par
|move|p1a: Dragonite|Dragon Dance|p1a: Dragonite
|-boost|p1a: Dragonite|atk|1
|-boost|p1a: Dragonite|spe|1
|
|-damage|p2a: Gholdengo|0 fnt|[from] Salt Cure
|faint|p2a: Gholdengo
|upkeep
|
|t:|1776058958
|switch|p2a: Iron Boulder|Iron Boulder|100/100
|-damage|p2a: Iron Boulder|88/100|[from] Stealth Rock
|-enditem|p2a: Iron Boulder|Booster Energy
|-activate|p2a: Iron Boulder|ability: Quark Drive|[fromitem]
|-start|p2a: Iron Boulder|quarkdrivespe
|turn|22
|
|t:|1776058974
|move|p2a: Iron Boulder|Mighty Cleave|p1a: Dragonite
|-supereffective|p1a: Dragonite
|-damage|p1a: Dragonite|54/100 par
|cant|p1a: Dragonite|par
|
|upkeep
|turn|23
|inactive|BFromTheMFBay has 60 seconds left.
|
|t:|1776058991
|move|p2a: Iron Boulder|Mighty Cleave|p1a: Dragonite
|-supereffective|p1a: Dragonite
|-damage|p1a: Dragonite|0 fnt
|faint|p1a: Dragonite
|
|upkeep
|inactive|BFromTheMFBay has 60 seconds left.
|
|t:|1776059007
|switch|p1a: Great Tusk|Great Tusk|100/100
|-enditem|p1a: Great Tusk|Booster Energy
|-activate|p1a: Great Tusk|ability: Protosynthesis|[fromitem]
|-start|p1a: Great Tusk|protosynthesisatk
|turn|24
|
|t:|1776059022
|-terastallize|p2a: Iron Boulder|Fairy
|move|p2a: Iron Boulder|Tera Blast|p1a: Great Tusk|[anim] Tera Blast Fairy
|-supereffective|p1a: Great Tusk
|-damage|p1a: Great Tusk|39/100
|move|p1a: Great Tusk|Rapid Spin|p2a: Iron Boulder
|-damage|p2a: Iron Boulder|61/100
|-boost|p1a: Great Tusk|spe|1
|
|upkeep
|turn|25
|
|t:|1776059031
|-end|p1a: Great Tusk|Protosynthesis|[silent]
|switch|p1a: Tornadus|Tornadus-Therian, M, shiny|100/100
|move|p2a: Iron Boulder|Tera Blast|p1a: Tornadus|[anim] Tera Blast Fairy
|-damage|p1a: Tornadus|54/100
|
|upkeep
|turn|26
|
|t:|1776059040
|switch|p1a: Great Tusk|Great Tusk|39/100
|move|p2a: Iron Boulder|Mighty Cleave|p1a: Great Tusk
|-resisted|p1a: Great Tusk
|-damage|p1a: Great Tusk|30/100
|
|upkeep
|turn|27
|inactive|BFromTheMFBay has 60 seconds left.
|
|t:|1776059048
|-end|p1a: Great Tusk|Protosynthesis|[silent]
|switch|p1a: Tornadus|Tornadus-Therian, M, shiny|87/100
|move|p2a: Iron Boulder|Earthquake|p1a: Tornadus
|-immune|p1a: Tornadus
|
|upkeep
|turn|28
|
|t:|1776059058
|switch|p1a: Great Tusk|Great Tusk|30/100
|move|p2a: Iron Boulder|Swords Dance|p2a: Iron Boulder
|-boost|p2a: Iron Boulder|atk|2
|
|upkeep
|turn|29
|
|t:|1776059066
|-end|p1a: Great Tusk|Protosynthesis|[silent]
|switch|p1a: Tornadus|Tornadus-Therian, M, shiny|100/100
|move|p2a: Iron Boulder|Tera Blast|p1a: Tornadus|[anim] Tera Blast Fairy
|-damage|p1a: Tornadus|3/100
|
|upkeep
|turn|30
|
|t:|1776059074
|move|p2a: Iron Boulder|Mighty Cleave|p1a: Tornadus
|-supereffective|p1a: Tornadus
|-damage|p1a: Tornadus|0 fnt
|faint|p1a: Tornadus
|
|upkeep
|
|t:|1776059082
|switch|p1a: Great Tusk|Great Tusk|30/100
|turn|31
|inactive|arturohdez has 120 seconds left.
|
|t:|1776059115
|move|p2a: Iron Boulder|Earthquake|p1a: Great Tusk
|-damage|p1a: Great Tusk|0 fnt
|faint|p1a: Great Tusk
|-end|p1a: Great Tusk|Protosynthesis|[silent]
|
|upkeep
|
|t:|1776059121
|switch|p1a: Hatterene|Hatterene, F|30/100
|turn|32
|
|t:|1776059124
|move|p2a: Iron Boulder|Mighty Cleave|p1a: Hatterene
|-damage|p1a: Hatterene|0 fnt
|-damage|p2a: Iron Boulder|45/100|[from] item: Rocky Helmet|[of] p1a: Hatterene
|faint|p1a: Hatterene
|
|win|arturohdez
|raw|BFromTheMFBay's rating: 1441 &rarr; <strong>1427</strong><br />(-14 for losing)
|raw|arturohdez's rating: 1555 &rarr; <strong>1569</strong><br />(+14 for winning)
|c|☆BFromTheMFBay|gg
|l|☆BFromTheMFBay
|player|p1|
|l|☆arturohdez
|player|p2|
