|html|<div class="broadcast-blue"><strong>[Gen 9] OU is currently suspecting Tera Blast! For information on how to participate check out the <a href="https://www.smogon.com/tools/suspects/view/200">suspect thread</a>.</strong></div>
|j|☆FreeMoonNVolc
|j|☆dracometeor7
|t:|1776184969
|gametype|singles
|player|p1|FreeMoonNVolc|clair|1000
|player|p2|dracometeor7|n|1000
|gen|9
|tier|[Gen 9] OU
|rated|
|rule|HP Percentage Mod: HP is shown in percentages
|rule|Endless Battle Clause: Forcing endless battles is banned
|rule|Species Clause: Limit one of each Pokémon
|rule|OHKO Clause: OHKO moves are banned
|rule|Evasion Items Clause: Evasion items are banned
|rule|Evasion Moves Clause: Evasion moves are banned
|rule|Evasion Abilities Clause: Evasion abilities are banned
|rule|Sleep Moves Clause: Sleep-inducing moves are banned
|clearpoke
|poke|p1|Dragapult, F|
|poke|p1|Samurott-Hisui, F|
|poke|p1|Garganacl, F|
|poke|p1|Slither Wing|
|poke|p1|Iron Treads|
|poke|p1|Enamorus, F|
|poke|p2|Dragonite, M|
|poke|p2|Great Tusk|
|poke|p2|Gholdengo|
|poke|p2|Rotom-Wash|
|poke|p2|Rillaboom, M|
|poke|p2|Heatran, M|
|teampreview
|inactive|Battle timer is ON: inactive players will automatically lose when time's up. (requested by FreeMoonNVolc)
|
|t:|1776184982
|teamsize|p1|6
|teamsize|p2|6
|start
|switch|p1a: Slither Wing|Slither Wing|100/100
|switch|p2a: Great Tusk|Great Tusk|100/100
|turn|1
|
|t:|1776184989
|move|p2a: Great Tusk|Stealth Rock|p1a: Slither Wing
|-sidestart|p1: FreeMoonNVolc|move: Stealth Rock
|move|p1a: Slither Wing|Will-O-Wisp|p2a: Great Tusk
|-status|p2a: Great Tusk|brn
|
|-damage|p2a: Great Tusk|94/100 brn|[from] brn
|upkeep
|turn|2
|
|t:|1776184999
|move|p2a: Great Tusk|Knock Off|p1a: Slither Wing
|-resisted|p1a: Slither Wing
|-damage|p1a: Slither Wing|94/100
|-damage|p2a: Great Tusk|78/100 brn|[from] item: Rocky Helmet|[of] p1a: Slither Wing
|-enditem|p1a: Slither Wing|Rocky Helmet|[from] move: Knock Off|[of] p2a: Great Tusk
|move|p1a: Slither Wing|U-turn|p2a: Great Tusk
|-resisted|p2a: Great Tusk
|-damage|p2a: Great Tusk|67/100 brn
|
|t:|1776185007
|-end|p1a: Slither Wing|Protosynthesis|[silent]
|switch|p1a: Samurott|Samurott-Hisui, F, shiny|100/100|[from] U-turn
|-damage|p1a: Samurott|88/100|[from] Stealth Rock
|
|-heal|p2a: Great Tusk|73/100 brn|[from] item: Leftovers
|-damage|p2a: Great Tusk|67/100 brn|[from] brn
|upkeep
|turn|3
|
|t:|1776185020
|-end|p2a: Great Tusk|Protosynthesis|[silent]
|switch|p2a: Rotom|Rotom-Wash, shiny|100/100
|move|p1a: Samurott|Ceaseless Edge|p2a: Rotom
|-damage|p2a: Rotom|58/100
|-sidestart|p2: dracometeor7|Spikes
|
|-heal|p2a: Rotom|64/100|[from] item: Leftovers
|upkeep
|turn|4
|
|t:|1776185032
|move|p1a: Samurott|Ceaseless Edge|p2a: Rotom
|-damage|p2a: Rotom|21/100
|-sidestart|p2: dracometeor7|Spikes
|move|p2a: Rotom|Volt Switch|p1a: Samurott
|-supereffective|p1a: Samurott
|-damage|p1a: Samurott|27/100
|
|t:|1776185044
|switch|p2a: Gholdengo|Gholdengo|100/100|[from] Volt Switch
|-damage|p2a: Gholdengo|84/100|[from] Spikes
|
|upkeep
|turn|5
|
|t:|1776185061
|move|p2a: Gholdengo|Focus Blast|p1a: Samurott
|-supereffective|p1a: Samurott
|-damage|p1a: Samurott|0 fnt
|faint|p1a: Samurott
|
|upkeep
|
|t:|1776185068
|switch|p1a: Iron Treads|Iron Treads|100/100
|-damage|p1a: Iron Treads|97/100|[from] Stealth Rock
|turn|6
|
|t:|1776185072
|move|p2a: Gholdengo|Focus Blast|p1a: Iron Treads
|-supereffective|p1a: Iron Treads
|-damage|p1a: Iron Treads|4/100
|move|p1a: Iron Treads|Earthquake|p2a: Gholdengo
|-supereffective|p2a: Gholdengo
|-damage|p2a: Gholdengo|0 fnt
|faint|p2a: Gholdengo
|
|upkeep
|
|t:|1776185085
|switch|p2a: Dragonite|Dragonite, M|100/100
|turn|7
|
|t:|1776185093
|-end|p1a: Iron Treads|Quark Drive|[silent]
|switch|p1a: Dragapult|Dragapult, F, shiny|100/100
|-damage|p1a: Dragapult|88/100|[from] Stealth Rock
|move|p2a: Dragonite|Extreme Speed|p1a: Dragapult
|-immune|p1a: Dragapult
|
|upkeep
|turn|8
|
|t:|1776185111
|-terastallize|p2a: Dragonite|Normal
|move|p1a: Dragapult|Dragon Darts|p2a: Dragonite
|-damage|p2a: Dragonite|79/100
|-anim|p1a: Dragapult|Dragon Darts|p2a: Dragonite
|-damage|p2a: Dragonite|41/100
|move|p2a: Dragonite|Dragon Dance|p2a: Dragonite
|-boost|p2a: Dragonite|atk|1
|-boost|p2a: Dragonite|spe|1
|
|upkeep
|turn|9
|inactive|FreeMoonNVolc has 120 seconds left.
|
|t:|1776185158
|move|p1a: Dragapult|Dragon Darts|p2a: Dragonite
|-crit|p2a: Dragonite
|-damage|p2a: Dragonite|0 fnt
|faint|p2a: Dragonite
|
|upkeep
|
|t:|1776185167
|switch|p2a: Great Tusk|Great Tusk|67/100 brn
|-damage|p2a: Great Tusk|50/100 brn|[from] Spikes
|turn|10
|
|t:|1776185172
|move|p1a: Dragapult|Dragon Darts|p2a: Great Tusk
|-damage|p2a: Great Tusk|21/100 brn
|-anim|p1a: Dragapult|Dragon Darts|p2a: Great Tusk
|-damage|p2a: Great Tusk|0 fnt
|faint|p2a: Great Tusk
|-end|p2a: Great Tusk|Protosynthesis|[silent]
|
|upkeep
|
|t:|1776185177
|switch|p2a: Rillaboom|Rillaboom, M|100/100
|-damage|p2a: Rillaboom|84/100|[from] Spikes
|-fieldstart|move: Grassy Terrain|[from] ability: Grassy Surge|[of] p2a: Rillaboom
|turn|11
|
|t:|1776185183
|switch|p1a: Slither Wing|Slither Wing|94/100
|-damage|p1a: Slither Wing|82/100|[from] Stealth Rock
|move|p2a: Rillaboom|Knock Off|p1a: Slither Wing
|-resisted|p1a: Slither Wing
|-damage|p1a: Slither Wing|73/100
|
|-heal|p2a: Rillaboom|90/100|[from] Grassy Terrain
|-heal|p1a: Slither Wing|79/100|[from] Grassy Terrain
|upkeep
|turn|12
|
|t:|1776185193
|move|p2a: Rillaboom|U-turn|p1a: Slither Wing
|-resisted|p1a: Slither Wing
|-damage|p1a: Slither Wing|71/100
|
|t:|1776185197
|switch|p2a: Heatran|Heatran, M|100/100|[from] U-turn
|-damage|p2a: Heatran|84/100|[from] Spikes
|move|p1a: Slither Wing|U-turn|p2a: Heatran
|-resisted|p2a: Heatran
|-damage|p2a: Heatran|78/100
|
|t:|1776185200
|-end|p1a: Slither Wing|Protosynthesis|[silent]
|switch|p1a: Iron Treads|Iron Treads|4/100|[from] U-turn
|-damage|p1a: Iron Treads|1/100|[from] Stealth Rock
|
|-heal|p1a: Iron Treads|7/100|[from] Grassy Terrain
|-heal|p2a: Heatran|84/100|[from] Grassy Terrain
|-heal|p2a: Heatran|90/100|[from] item: Leftovers
|upkeep
|turn|13
|
|t:|1776185214
|move|p2a: Heatran|Protect|p2a: Heatran
|-singleturn|p2a: Heatran|Protect
|move|p1a: Iron Treads|Rapid Spin|p2a: Heatran
|-activate|p2a: Heatran|move: Protect
|
|-heal|p1a: Iron Treads|13/100|[from] Grassy Terrain
|-heal|p2a: Heatran|96/100|[from] Grassy Terrain
|-heal|p2a: Heatran|100/100|[from] item: Leftovers
|upkeep
|turn|14
|
|t:|1776185225
|move|p1a: Iron Treads|Rapid Spin|p2a: Heatran
|-resisted|p2a: Heatran
|-damage|p2a: Heatran|95/100
|-boost|p1a: Iron Treads|spe|1
|-sideend|p1: FreeMoonNVolc|Stealth Rock|[from] move: Rapid Spin|[of] p1a: Iron Treads
|move|p2a: Heatran|Earth Power|p1a: Iron Treads
|-supereffective|p1a: Iron Treads
|-damage|p1a: Iron Treads|0 fnt
|faint|p1a: Iron Treads
|-end|p1a: Iron Treads|Quark Drive|[silent]
|
|-heal|p2a: Heatran|100/100|[from] Grassy Terrain
|upkeep
|
|t:|1776185228
|switch|p1a: Garganacl|Garganacl, F|100/100
|turn|15
|
|t:|1776185240
|move|p2a: Heatran|Earth Power|p1a: Garganacl
|-supereffective|p1a: Garganacl
|-damage|p1a: Garganacl|63/100
|move|p1a: Garganacl|Stealth Rock|p2a: Heatran
|-sidestart|p2: dracometeor7|move: Stealth Rock
|
|-heal|p1a: Garganacl|69/100|[from] Grassy Terrain
|-heal|p1a: Garganacl|76/100|[from] item: Leftovers
|-fieldend|move: Grassy Terrain
|upkeep
|turn|16
|
|t:|1776185248
|move|p2a: Heatran|Will-O-Wisp|p1a: Garganacl
|-immune|p1a: Garganacl|[from] ability: Purifying Salt
|move|p1a: Garganacl|Recover|p1a: Garganacl
|-heal|p1a: Garganacl|100/100
|
|upkeep
|turn|17
|
|t:|1776185259
|move|p2a: Heatran|Protect|p2a: Heatran
|-singleturn|p2a: Heatran|Protect
|move|p1a: Garganacl|Salt Cure|p2a: Heatran
|-activate|p2a: Heatran|move: Protect
|
|upkeep
|turn|18
|
|t:|1776185290
|move|p2a: Heatran|Earth Power|p1a: Garganacl
|-supereffective|p1a: Garganacl
|-damage|p1a: Garganacl|65/100
|move|p1a: Garganacl|Salt Cure|p2a: Heatran
|-damage|p2a: Heatran|89/100
|-start|p2a: Heatran|Salt Cure
|
|-heal|p2a: Heatran|95/100|[from] item: Leftovers
|-heal|p1a: Garganacl|71/100|[from] item: Leftovers
|-damage|p2a: Heatran|70/100|[from] Salt Cure
|upkeep
|turn|19
|
|t:|1776185304
|move|p1a: Garganacl|Protect|p1a: Garganacl
|-singleturn|p1a: Garganacl|Protect
|move|p2a: Heatran|Earth Power|p1a: Garganacl
|-activate|p1a: Garganacl|move: Protect
|
|-heal|p2a: Heatran|76/100|[from] item: Leftovers
|-heal|p1a: Garganacl|78/100|[from] item: Leftovers
|-damage|p2a: Heatran|52/100|[from] Salt Cure
|upkeep
|turn|20
|
|t:|1776185313
|move|p2a: Heatran|Earth Power|p1a: Garganacl
|-supereffective|p1a: Garganacl
|-damage|p1a: Garganacl|45/100
|move|p1a: Garganacl|Recover|p1a: Garganacl
|-heal|p1a: Garganacl|95/100
|
|-heal|p2a: Heatran|58/100|[from] item: Leftovers
|-heal|p1a: Garganacl|100/100|[from] item: Leftovers
|-damage|p2a: Heatran|33/100|[from] Salt Cure
|upkeep
|turn|21
|
|t:|1776185322
|move|p1a: Garganacl|Protect|p1a: Garganacl
|-singleturn|p1a: Garganacl|Protect
|move|p2a: Heatran|Magma Storm|p1a: Garganacl
|-activate|p1a: Garganacl|move: Protect
|
|-heal|p2a: Heatran|39/100|[from] item: Leftovers
|-damage|p2a: Heatran|14/100|[from] Salt Cure
|upkeep
|turn|22
|
|t:|1776185330
|move|p1a: Garganacl|Protect||[still]
|-fail|p1a: Garganacl
|move|p2a: Heatran|Magma Storm|p1a: Garganacl
|-resisted|p1a: Garganacl
|-damage|p1a: Garganacl|86/100
|-activate|p1a: Garganacl|move: Magma Storm|[of] p2a: Heatran
|
|-heal|p2a: Heatran|20/100|[from] item: Leftovers
|-heal|p1a: Garganacl|92/100|[from] item: Leftovers
|-damage|p2a: Heatran|0 fnt|[from] Salt Cure
|faint|p2a: Heatran
|-end|p1a: Garganacl|Magma Storm|[partiallytrapped]|[silent]
|upkeep
|
|t:|1776185347
|switch|p2a: Rillaboom|Rillaboom, M|90/100
|-damage|p2a: Rillaboom|74/100|[from] Spikes
|-damage|p2a: Rillaboom|61/100|[from] Stealth Rock
|-fieldstart|move: Grassy Terrain|[from] ability: Grassy Surge|[of] p2a: Rillaboom
|turn|23
|inactive|FreeMoonNVolc has 120 seconds left.
|inactive|FreeMoonNVolc has 90 seconds left.
|
|t:|1776185420
|switch|p1a: Slither Wing|Slither Wing|71/100
|move|p2a: Rillaboom|Grassy Glide|p1a: Slither Wing
|-resisted|p1a: Slither Wing
|-damage|p1a: Slither Wing|57/100
|
|-heal|p2a: Rillaboom|68/100|[from] Grassy Terrain
|-heal|p1a: Slither Wing|63/100|[from] Grassy Terrain
|upkeep
|turn|24
|
|t:|1776185436
|move|p2a: Rillaboom|U-turn|p1a: Slither Wing
|-resisted|p1a: Slither Wing
|-damage|p1a: Slither Wing|55/100
|
|t:|1776185439
|switch|p2a: Rotom|Rotom-Wash, shiny|21/100|[from] U-turn
|-damage|p2a: Rotom|8/100|[from] Stealth Rock
|move|p1a: Slither Wing|Morning Sun|p1a: Slither Wing
|-heal|p1a: Slither Wing|100/100
|
|-heal|p2a: Rotom|15/100|[from] item: Leftovers
|upkeep
|turn|25
|
|t:|1776185453
|-end|p1a: Slither Wing|Protosynthesis|[silent]
|switch|p1a: Garganacl|Garganacl, F|92/100
|move|p2a: Rotom|Pain Split|p1a: Garganacl
|-sethp|p1a: Garganacl|51/100|[from] move: Pain Split|[silent]
|-sethp|p2a: Rotom|68/100|[from] move: Pain Split
|
|-heal|p2a: Rotom|74/100|[from] item: Leftovers
|-heal|p1a: Garganacl|58/100|[from] Grassy Terrain
|-heal|p1a: Garganacl|64/100|[from] item: Leftovers
|upkeep
|turn|26
|
|t:|1776185469
|move|p2a: Rotom|Hydro Pump|p1a: Garganacl
|-supereffective|p1a: Garganacl
|-damage|p1a: Garganacl|0 fnt
|faint|p1a: Garganacl
|
|-heal|p2a: Rotom|80/100|[from] item: Leftovers
|upkeep
|
|t:|1776185473
|switch|p1a: Dragapult|Dragapult, F, shiny|88/100
|turn|27
|
|t:|1776185479
|move|p1a: Dragapult|U-turn|p2a: Rotom
|-damage|p2a: Rotom|41/100
|
|t:|1776185482
|switch|p1a: Enamorus|Enamorus, F|100/100|[from] U-turn
|move|p2a: Rotom|Will-O-Wisp|p1a: Enamorus
|-status|p1a: Enamorus|brn
|
|-heal|p2a: Rotom|47/100|[from] item: Leftovers
|-damage|p1a: Enamorus|94/100 brn|[from] brn
|-fieldend|move: Grassy Terrain
|upkeep
|turn|28
|
|t:|1776185493
|move|p1a: Enamorus|Moonblast|p2a: Rotom
|-damage|p2a: Rotom|0 fnt
|faint|p2a: Rotom
|
|-damage|p1a: Enamorus|88/100 brn|[from] brn
|upkeep
|
|t:|1776185498
|switch|p2a: Rillaboom|Rillaboom, M|68/100
|-damage|p2a: Rillaboom|51/100|[from] Spikes
|-damage|p2a: Rillaboom|39/100|[from] Stealth Rock
|-fieldstart|move: Grassy Terrain|[from] ability: Grassy Surge|[of] p2a: Rillaboom
|turn|29
|
|t:|1776185507
|move|p2a: Rillaboom|Grassy Glide|p1a: Enamorus
|-resisted|p1a: Enamorus
|-damage|p1a: Enamorus|58/100 brn
|move|p1a: Enamorus|Moonblast|p2a: Rillaboom
|-damage|p2a: Rillaboom|0 fnt
|faint|p2a: Rillaboom
|
|win|FreeMoonNVolc
|raw|FreeMoonNVolc's rating: 1000 &rarr; <strong>1040</strong><br />(+40 for winning)
|raw|dracometeor7's rating: 1000 &rarr; <strong>1000</strong><br />(+0 for losing)
|l|☆dracometeor7
|player|p2|
