|html|<div class="broadcast-blue"><strong>[Gen 9] OU is currently suspecting Tera Blast! For information on how to participate check out the <a href="https://www.smogon.com/tools/suspects/view/200">suspect thread</a>.</strong></div>
|j|☆icylikedecember
|j|☆TroubleFindsMe
|t:|1776044825
|gametype|singles
|player|p1|icylikedecember|skierf|1750
|player|p2|TroubleFindsMe|rika|1671
|gen|9
|tier|[Gen 9] OU
|rated|
|rule|HP Percentage Mod: HP is shown in percentages
|rule|Endless Battle Clause: Forcing endless battles is banned
|rule|Species Clause: Limit one of each Pokémon
|rule|OHKO Clause: OHKO moves are banned
|rule|Evasion Items Clause: Evasion items are banned
|rule|Evasion Moves Clause: Evasion moves are banned
|rule|Evasion Abilities Clause: Evasion abilities are banned
|rule|Sleep Moves Clause: Sleep-inducing moves are banned
|clearpoke
|poke|p1|Landorus-Therian, M|
|poke|p1|Corviknight, M|
|poke|p1|Slowking-Galar, F|
|poke|p1|Crawdaunt, F|
|poke|p1|Darkrai|
|poke|p1|Gholdengo|
|poke|p2|Cloyster, M|
|poke|p2|Iron Valiant|
|poke|p2|Moltres|
|poke|p2|Dragonite, M|
|poke|p2|Zamazenta-*|
|poke|p2|Ogerpon-Cornerstone, F|
|teampreview
|
|t:|1776044858
|teamsize|p1|6
|teamsize|p2|6
|start
|switch|p1a: Corviknight|Corviknight, M, shiny|100/100
|switch|p2a: o_o|Cloyster, M|100/100
|-ability|p1a: Corviknight|Pressure
|turn|1
|
|t:|1776044860
|move|p2a: o_o|Shell Smash|p2a: o_o
|-unboost|p2a: o_o|def|1
|-unboost|p2a: o_o|spd|1
|-boost|p2a: o_o|atk|2
|-boost|p2a: o_o|spa|2
|-boost|p2a: o_o|spe|2
|move|p1a: Corviknight|Body Press|p2a: o_o
|-supereffective|p2a: o_o
|-damage|p2a: o_o|34/100
|
|upkeep
|turn|2
|
|t:|1776044864
|move|p2a: o_o|Icicle Spear|p1a: Corviknight
|-damage|p1a: Corviknight|87/100
|-damage|p1a: Corviknight|73/100
|-damage|p1a: Corviknight|59/100
|-damage|p1a: Corviknight|45/100
|-damage|p1a: Corviknight|32/100
|-hitcount|p1a: Corviknight|5
|move|p1a: Corviknight|Body Press|p2a: o_o
|-supereffective|p2a: o_o
|-damage|p2a: o_o|0 fnt
|faint|p2a: o_o
|
|-heal|p1a: Corviknight|38/100|[from] item: Leftovers
|upkeep
|
|t:|1776044867
|switch|p2a: AHHHH IM ON FIRE|Moltres|100/100
|turn|3
|
|t:|1776044870
|switch|p1a: Slowking|Slowking-Galar, F, shiny|100/100
|move|p2a: AHHHH IM ON FIRE|U-turn|p1a: Slowking
|-damage|p1a: Slowking|85/100
|
|t:|1776044872
|switch|p2a: #Girl|Ogerpon-Cornerstone, F|100/100|[from] U-turn
|
|upkeep
|turn|4
|
|t:|1776044875
|switch|p1a: Landorus|Landorus-Therian, M|100/100
|-ability|p1a: Landorus|Intimidate|boost
|-unboost|p2a: #Girl|atk|1
|move|p2a: #Girl|Swords Dance|p2a: #Girl
|-boost|p2a: #Girl|atk|2
|
|upkeep
|turn|5
|
|t:|1776044882
|move|p2a: #Girl|Ivy Cudgel|p1a: Landorus|[anim] Ivy Cudgel Rock
|-crit|p1a: Landorus
|-damage|p1a: Landorus|0 fnt
|faint|p1a: Landorus
|
|upkeep
|
|t:|1776044891
|switch|p1a: Crawdaunt|Crawdaunt, F|100/100
|turn|6
|
|t:|1776044893
|move|p1a: Crawdaunt|Aqua Jet|p2a: #Girl
|-damage|p2a: #Girl|40/100
|move|p2a: #Girl|Horn Leech|p1a: Crawdaunt
|-supereffective|p1a: Crawdaunt
|-damage|p1a: Crawdaunt|0 fnt
|-heal|p2a: #Girl|85/100|[from] drain|[of] p1a: Crawdaunt
|faint|p1a: Crawdaunt
|
|upkeep
|
|t:|1776044898
|switch|p1a: Gholdengo|Gholdengo|100/100
|turn|7
|
|t:|1776044901
|move|p1a: Gholdengo|Make It Rain|p2a: #Girl
|-supereffective|p2a: #Girl
|-damage|p2a: #Girl|0 fnt
|-unboost|p1a: Gholdengo|spa|1
|faint|p2a: #Girl
|
|upkeep
|
|t:|1776044903
|switch|p2a: BarneyFromDinosaur|Dragonite, M|100/100
|turn|8
|
|t:|1776044909
|move|p1a: Gholdengo|Make It Rain|p2a: BarneyFromDinosaur
|-damage|p2a: BarneyFromDinosaur|78/100
|-unboost|p1a: Gholdengo|spa|1
|move|p2a: BarneyFromDinosaur|Dragon Dance|p2a: BarneyFromDinosaur
|-boost|p2a: BarneyFromDinosaur|atk|1
|-boost|p2a: BarneyFromDinosaur|spe|1
|
|upkeep
|turn|9
|
|t:|1776044915
|switch|p1a: Corviknight|Corviknight, M, shiny|38/100
|-ability|p1a: Corviknight|Pressure
|move|p2a: BarneyFromDinosaur|Dragon Dance|p2a: BarneyFromDinosaur
|-boost|p2a: BarneyFromDinosaur|atk|1
|-boost|p2a: BarneyFromDinosaur|spe|1
|
|-heal|p1a: Corviknight|44/100|[from] item: Leftovers
|upkeep
|turn|10
|
|t:|1776044917
|move|p2a: BarneyFromDinosaur|Fire Punch|p1a: Corviknight
|-supereffective|p1a: Corviknight
|-damage|p1a: Corviknight|0 fnt
|faint|p1a: Corviknight
|
|upkeep
|
|t:|1776044920
|switch|p1a: Gholdengo|Gholdengo|100/100
|turn|11
|
|t:|1776044923
|-terastallize|p1a: Gholdengo|Fairy
|move|p2a: BarneyFromDinosaur|Earthquake|p1a: Gholdengo
|-damage|p1a: Gholdengo|6/100
|move|p1a: Gholdengo|Make It Rain|p2a: BarneyFromDinosaur
|-damage|p2a: BarneyFromDinosaur|8/100
|-unboost|p1a: Gholdengo|spa|1
|
|upkeep
|turn|12
|
|t:|1776044932
|move|p2a: BarneyFromDinosaur|Extreme Speed|p1a: Gholdengo
|-damage|p1a: Gholdengo|0 fnt
|faint|p1a: Gholdengo
|
|upkeep
|
|t:|1776044935
|switch|p1a: Darkrai|Darkrai|100/100
|turn|13
|
|t:|1776044938
|-terastallize|p2a: BarneyFromDinosaur|Normal
|move|p2a: BarneyFromDinosaur|Extreme Speed|p1a: Darkrai
|-damage|p1a: Darkrai|0 fnt
|faint|p1a: Darkrai
|
|upkeep
|
|t:|1776044941
|switch|p1a: Slowking|Slowking-Galar, F, shiny|100/100
|turn|14
|
|t:|1776044943
|move|p2a: BarneyFromDinosaur|Earthquake|p1a: Slowking
|-supereffective|p1a: Slowking
|-damage|p1a: Slowking|0 fnt
|faint|p1a: Slowking
|
|win|TroubleFindsMe
|raw|icylikedecember's rating: 1750 &rarr; <strong>1726</strong><br />(-24 for losing)
|raw|TroubleFindsMe's rating: 1671 &rarr; <strong>1695</strong><br />(+24 for winning)
|l|☆TroubleFindsMe
|player|p2|
|l|☆icylikedecember
|player|p1|
