|html|<div class="broadcast-blue"><strong>[Gen 9] OU is currently suspecting Tera Blast! For information on how to participate check out the <a href="https://www.smogon.com/tools/suspects/view/200">suspect thread</a>.</strong></div>
|j|☆arturohdez
|j|☆Bordercauley
|t:|1776101115
|gametype|singles
|player|p1|arturohdez|lucas|1558
|player|p2|Bordercauley|bugsy|1555
|gen|9
|tier|[Gen 9] OU
|rated|
|rule|HP Percentage Mod: HP is shown in percentages
|rule|Endless Battle Clause: Forcing endless battles is banned
|rule|Species Clause: Limit one of each Pokémon
|rule|OHKO Clause: OHKO moves are banned
|rule|Evasion Items Clause: Evasion items are banned
|rule|Evasion Moves Clause: Evasion moves are banned
|rule|Evasion Abilities Clause: Evasion abilities are banned
|rule|Sleep Moves Clause: Sleep-inducing moves are banned
|clearpoke
|poke|p1|Rillaboom, M|
|poke|p1|Ting-Lu|
|poke|p1|Gholdengo|
|poke|p1|Manaphy|
|poke|p1|Zamazenta-*|
|poke|p1|Hawlucha, M|
|poke|p2|Meowscarada, F|
|poke|p2|Pelipper, M|
|poke|p2|Quaquaval, M|
|poke|p2|Sinistcha|
|poke|p2|Kilowattrel, F|
|poke|p2|Kingdra, M|
|teampreview
|
|t:|1776101136
|teamsize|p1|6
|teamsize|p2|6
|start
|switch|p1a: Zamazenta|Zamazenta|100/100
|switch|p2a: Cat|Meowscarada, F|100/100
|-ability|p1a: Zamazenta|Dauntless Shield|boost
|-boost|p1a: Zamazenta|def|1
|turn|1
|inactive|Battle timer is ON: inactive players will automatically lose when time's up. (requested by arturohdez)
|
|t:|1776101143
|move|p2a: Cat|Spikes|p1a: Zamazenta
|-sidestart|p1: arturohdez|Spikes
|move|p1a: Zamazenta|Stone Edge|p2a: Cat
|-damage|p2a: Cat|22/100
|-damage|p1a: Zamazenta|91/100|[from] item: Life Orb
|
|upkeep
|turn|2
|
|t:|1776101151
|move|p2a: Cat|Leaf Storm|p1a: Zamazenta
|-damage|p1a: Zamazenta|16/100
|-unboost|p2a: Cat|spa|2
|move|p1a: Zamazenta|Crunch|p2a: Cat
|-resisted|p2a: Cat
|-damage|p2a: Cat|0 fnt
|faint|p2a: Cat
|-damage|p1a: Zamazenta|7/100|[from] item: Life Orb
|
|upkeep
|
|t:|1776101168
|switch|p2a: Bird|Pelipper, M|100/100
|-weather|RainDance|[from] ability: Drizzle|[of] p2a: Bird
|turn|3
|
|t:|1776101172
|switch|p2a: Tea|Sinistcha|100/100
|move|p1a: Zamazenta|Stone Edge|p2a: Tea|[miss]
|-miss|p1a: Zamazenta|p2a: Tea
|
|-weather|RainDance|[upkeep]
|upkeep
|turn|4
|
|t:|1776101180
|move|p1a: Zamazenta|Crunch|p2a: Tea
|-supereffective|p2a: Tea
|-damage|p2a: Tea|43/100
|-unboost|p2a: Tea|def|1
|-damage|p1a: Zamazenta|0 fnt|[from] item: Life Orb
|faint|p1a: Zamazenta
|move|p2a: Tea|Calm Mind|p2a: Tea
|-boost|p2a: Tea|spa|1
|-boost|p2a: Tea|spd|1
|
|-weather|RainDance|[upkeep]
|-heal|p2a: Tea|49/100|[from] item: Leftovers
|upkeep
|
|t:|1776101189
|switch|p1a: Gholdengo|Gholdengo|100/100
|-damage|p1a: Gholdengo|88/100|[from] Spikes
|turn|5
|
|t:|1776101196
|move|p1a: Gholdengo|Shadow Ball|p2a: Tea
|-supereffective|p2a: Tea
|-damage|p2a: Tea|0 fnt
|faint|p2a: Tea
|
|-weather|RainDance|[upkeep]
|upkeep
|
|t:|1776101200
|switch|p2a: Duck|Quaquaval, M|100/100
|turn|6
|
|t:|1776101203
|switch|p1a: Rillaboom|Rillaboom, M|100/100
|-fieldstart|move: Grassy Terrain|[from] ability: Grassy Surge|[of] p1a: Rillaboom
|move|p2a: Duck|Aqua Step|p1a: Rillaboom
|-resisted|p1a: Rillaboom
|-damage|p1a: Rillaboom|75/100
|-boost|p2a: Duck|spe|1
|
|-weather|RainDance|[upkeep]
|-heal|p1a: Rillaboom|81/100|[from] Grassy Terrain
|upkeep
|turn|7
|
|t:|1776101211
|-terastallize|p2a: Duck|Fairy
|move|p2a: Duck|Ice Spinner|p1a: Rillaboom
|-supereffective|p1a: Rillaboom
|-damage|p1a: Rillaboom|33/100
|-fieldend|move: Grassy Terrain
|move|p1a: Rillaboom|Knock Off|p2a: Duck
|-resisted|p2a: Duck
|-damage|p2a: Duck|78/100
|-enditem|p2a: Duck|Leftovers|[from] move: Knock Off|[of] p1a: Rillaboom
|
|-weather|RainDance|[upkeep]
|upkeep
|turn|8
|
|t:|1776101221
|switch|p1a: Manaphy|Manaphy|100/100
|move|p2a: Duck|Bulk Up|p2a: Duck
|-boost|p2a: Duck|atk|1
|-boost|p2a: Duck|def|1
|
|-weather|RainDance|[upkeep]
|upkeep
|turn|9
|
|t:|1776101227
|move|p2a: Duck|Close Combat|p1a: Manaphy
|-damage|p1a: Manaphy|7/100
|-unboost|p2a: Duck|def|1
|-unboost|p2a: Duck|spd|1
|move|p1a: Manaphy|Surf|p2a: Duck
|-damage|p2a: Duck|0 fnt
|faint|p2a: Duck
|
|-weather|RainDance|[upkeep]
|upkeep
|
|t:|1776101235
|switch|p2a: Seahorse|Kingdra, M|100/100
|turn|10
|
|t:|1776101240
|move|p2a: Seahorse|Flip Turn|p1a: Manaphy
|-resisted|p1a: Manaphy
|-damage|p1a: Manaphy|0 fnt
|faint|p1a: Manaphy
|-damage|p2a: Seahorse|91/100|[from] item: Life Orb
|
|t:|1776101245
|switch|p2a: Bird2|Kilowattrel, F|100/100|[from] Flip Turn
|
|-weather|none
|upkeep
|
|t:|1776101248
|switch|p1a: Ting-Lu|Ting-Lu|100/100
|-damage|p1a: Ting-Lu|88/100|[from] Spikes
|-ability|p1a: Ting-Lu|Vessel of Ruin
|turn|11
|
|t:|1776101253
|move|p2a: Bird2|U-turn|p1a: Ting-Lu
|-supereffective|p1a: Ting-Lu
|-damage|p1a: Ting-Lu|77/100
|-enditem|p1a: Ting-Lu|Red Card|[of] p2a: Bird2
|drag|p2a: Seahorse|Kingdra, M|91/100
|move|p1a: Ting-Lu|Stealth Rock|p2a: Seahorse
|-sidestart|p2: Bordercauley|move: Stealth Rock
|
|upkeep
|turn|12
|
|t:|1776101261
|switch|p2a: Bird|Pelipper, M|100/100
|-damage|p2a: Bird|76/100|[from] Stealth Rock
|-weather|RainDance|[from] ability: Drizzle|[of] p2a: Bird
|move|p1a: Ting-Lu|Spikes|p2a: Bird
|-sidestart|p2: Bordercauley|Spikes
|
|-weather|RainDance|[upkeep]
|upkeep
|turn|13
|
|t:|1776101267
|move|p2a: Bird|Surf|p1a: Ting-Lu
|-supereffective|p1a: Ting-Lu
|-damage|p1a: Ting-Lu|39/100
|move|p1a: Ting-Lu|Ruination|p2a: Bird
|-damage|p2a: Bird|38/100
|
|-weather|RainDance|[upkeep]
|upkeep
|turn|14
|
|t:|1776101272
|move|p2a: Bird|Surf|p1a: Ting-Lu
|-supereffective|p1a: Ting-Lu
|-damage|p1a: Ting-Lu|4/100
|move|p1a: Ting-Lu|Spikes|p2a: Bird
|-sidestart|p2: Bordercauley|Spikes
|
|-weather|RainDance|[upkeep]
|upkeep
|turn|15
|
|t:|1776101279
|move|p2a: Bird|U-turn|p1a: Ting-Lu
|-supereffective|p1a: Ting-Lu
|-damage|p1a: Ting-Lu|0 fnt
|faint|p1a: Ting-Lu
|
|t:|1776101282
|switch|p2a: Bird2|Kilowattrel, F|100/100|[from] U-turn
|-damage|p2a: Bird2|76/100|[from] Stealth Rock
|
|-weather|RainDance|[upkeep]
|upkeep
|
|t:|1776101294
|switch|p1a: Gholdengo|Gholdengo|88/100
|-damage|p1a: Gholdengo|76/100|[from] Spikes
|turn|16
|
|t:|1776101297
|move|p1a: Gholdengo|Shadow Ball|p2a: Bird2
|-damage|p2a: Bird2|5/100
|move|p2a: Bird2|Thunder|p1a: Gholdengo
|-damage|p1a: Gholdengo|1/100
|-status|p1a: Gholdengo|par
|
|-weather|RainDance|[upkeep]
|upkeep
|turn|17
|
|t:|1776101303
|move|p2a: Bird2|Thunder|p1a: Gholdengo
|-damage|p1a: Gholdengo|0 fnt
|faint|p1a: Gholdengo
|
|-weather|RainDance|[upkeep]
|upkeep
|
|t:|1776101305
|switch|p1a: Rillaboom|Rillaboom, M|33/100
|-fieldstart|move: Grassy Terrain|[from] ability: Grassy Surge|[of] p1a: Rillaboom
|turn|18
|inactive|arturohdez has 120 seconds left.
|l|☆arturohdez
|inactive|arturohdez disconnected and has a minute to reconnect!
|player|p1|
|inactive|arturohdez has 30 seconds to reconnect!
|inactive|arturohdez has 20 seconds to reconnect!
|inactive|arturohdez has 15 seconds to reconnect!
|inactive|arturohdez has 10 seconds to reconnect!
|inactive|arturohdez has 5 seconds to reconnect!
|-message|arturohdez lost due to inactivity.
|
|win|Bordercauley
|raw|arturohdez's rating: 1558 &rarr; <strong>1538</strong><br />(-20 for losing)
|raw|Bordercauley's rating: 1555 &rarr; <strong>1575</strong><br />(+20 for winning)
|c|☆Bordercauley|gg
|l|☆Bordercauley
|player|p2|
|j|☆arturohdez
|player|p1|arturohdez|lucas|
|l|☆arturohdez
|player|p1|
