|html|<div class="broadcast-blue"><strong>[Gen 9] OU is currently suspecting Tera Blast! For information on how to participate check out the <a href="https://www.smogon.com/tools/suspects/view/200">suspect thread</a>.</strong></div>
|j|☆Dumbosk
|j|☆tasthebot
|t:|1776125262
|gametype|singles
|player|p1|Dumbosk|ltsurge|1170
|player|p2|tasthebot|collector|1133
|gen|9
|tier|[Gen 9] OU
|rated|
|rule|HP Percentage Mod: HP is shown in percentages
|rule|Endless Battle Clause: Forcing endless battles is banned
|rule|Species Clause: Limit one of each Pokémon
|rule|OHKO Clause: OHKO moves are banned
|rule|Evasion Items Clause: Evasion items are banned
|rule|Evasion Moves Clause: Evasion moves are banned
|rule|Evasion Abilities Clause: Evasion abilities are banned
|rule|Sleep Moves Clause: Sleep-inducing moves are banned
|clearpoke
|poke|p1|Corviknight, M|
|poke|p1|Ceruledge, M|
|poke|p1|Landorus-Therian, M|
|poke|p1|Ogerpon-Wellspring, F|
|poke|p1|Iron Valiant|
|poke|p1|Raging Bolt|
|poke|p2|Tornadus-Therian, M|
|poke|p2|Hoopa-Unbound|
|poke|p2|Rampardos, F|
|poke|p2|Iron Treads|
|poke|p2|Dragapult, M|
|poke|p2|Ogerpon-Wellspring, F|
|teampreview
|inactive|Battle timer is ON: inactive players will automatically lose when time's up. (requested by tasthebot)
|
|t:|1776125279
|teamsize|p1|6
|teamsize|p2|6
|start
|switch|p1a: DL DEMON|Ogerpon-Wellspring, F|100/100
|switch|p2a: Dragapult|Dragapult, M|100/100
|turn|1
|
|t:|1776125288
|switch|p1a: Second GOAT|Landorus-Therian, M|100/100
|-ability|p1a: Second GOAT|Intimidate|boost
|-fail|p2a: Dragapult|unboost|[from] ability: Clear Body|[of] p2a: Dragapult
|move|p2a: Dragapult|Will-O-Wisp|p1a: Second GOAT
|-status|p1a: Second GOAT|brn
|
|-damage|p1a: Second GOAT|94/100 brn|[from] brn
|upkeep
|turn|2
|
|t:|1776125296
|move|p2a: Dragapult|Dragon Darts|p1a: Second GOAT
|-damage|p1a: Second GOAT|68/100 brn
|-anim|p2a: Dragapult|Dragon Darts|p1a: Second GOAT
|-damage|p1a: Second GOAT|42/100 brn
|move|p1a: Second GOAT|Stealth Rock|p2a: Dragapult
|-sidestart|p2: tasthebot|move: Stealth Rock
|
|-damage|p1a: Second GOAT|36/100 brn|[from] brn
|upkeep
|turn|3
|
|t:|1776125304
|move|p2a: Dragapult|Dragon Darts|p1a: Second GOAT
|-damage|p1a: Second GOAT|10/100 brn
|-anim|p2a: Dragapult|Dragon Darts|p1a: Second GOAT
|-damage|p1a: Second GOAT|0 fnt
|faint|p1a: Second GOAT
|
|upkeep
|
|t:|1776125314
|switch|p1a: Giraffe|Raging Bolt|100/100
|-enditem|p1a: Giraffe|Booster Energy
|-activate|p1a: Giraffe|ability: Protosynthesis|[fromitem]
|-start|p1a: Giraffe|protosynthesisspa
|turn|4
|
|t:|1776125323
|-terastallize|p1a: Giraffe|Fairy
|move|p2a: Dragapult|U-turn|p1a: Giraffe
|-resisted|p1a: Giraffe
|-damage|p1a: Giraffe|88/100
|
|t:|1776125329
|switch|p2a: Iron Treads|Iron Treads|100/100|[from] U-turn
|-damage|p2a: Iron Treads|97/100|[from] Stealth Rock
|-enditem|p2a: Iron Treads|Booster Energy
|-activate|p2a: Iron Treads|ability: Quark Drive|[fromitem]
|-start|p2a: Iron Treads|quarkdriveatk
|move|p1a: Giraffe|Dragon Pulse|p2a: Iron Treads
|-resisted|p2a: Iron Treads
|-damage|p2a: Iron Treads|59/100
|
|upkeep
|turn|5
|
|t:|1776125337
|move|p2a: Iron Treads|Earthquake|p1a: Giraffe
|-damage|p1a: Giraffe|28/100
|move|p1a: Giraffe|Dragon Pulse|p2a: Iron Treads
|-resisted|p2a: Iron Treads
|-damage|p2a: Iron Treads|16/100
|
|upkeep
|turn|6
|
|t:|1776125344
|-end|p1a: Giraffe|Protosynthesis|[silent]
|switch|p1a: The GOAT|Corviknight, M|100/100
|move|p2a: Iron Treads|Rapid Spin|p1a: The GOAT
|-resisted|p1a: The GOAT
|-damage|p1a: The GOAT|94/100
|-boost|p2a: Iron Treads|spe|1
|-sideend|p2: tasthebot|Stealth Rock|[from] move: Rapid Spin|[of] p2a: Iron Treads
|
|-heal|p1a: The GOAT|99/100|[from] item: Leftovers
|upkeep
|turn|7
|
|t:|1776125349
|move|p2a: Iron Treads|Supercell Slam|p1a: The GOAT
|-supereffective|p1a: The GOAT
|-damage|p1a: The GOAT|47/100
|move|p1a: The GOAT|Body Press|p2a: Iron Treads
|-supereffective|p2a: Iron Treads
|-damage|p2a: Iron Treads|0 fnt
|faint|p2a: Iron Treads
|-end|p2a: Iron Treads|Quark Drive|[silent]
|
|-heal|p1a: The GOAT|53/100|[from] item: Leftovers
|upkeep
|
|t:|1776125362
|switch|p2a: Dragapult|Dragapult, M|100/100
|turn|8
|
|t:|1776125372
|switch|p1a: Surprise!|Ceruledge, M|100/100
|-item|p1a: Surprise!|Air Balloon
|move|p2a: Dragapult|Thunder Wave|p1a: Surprise!
|-status|p1a: Surprise!|par
|
|upkeep
|turn|9
|
|t:|1776125384
|move|p2a: Dragapult|Dragon Darts|p1a: Surprise!
|-damage|p1a: Surprise!|61/100 par
|-enditem|p1a: Surprise!|Air Balloon
|-anim|p2a: Dragapult|Dragon Darts|p1a: Surprise!
|-damage|p1a: Surprise!|22/100 par
|cant|p1a: Surprise!|par
|
|upkeep
|turn|10
|
|t:|1776125394
|move|p1a: Surprise!|Shadow Sneak|p2a: Dragapult
|-supereffective|p2a: Dragapult
|-damage|p2a: Dragapult|52/100
|move|p2a: Dragapult|Dragon Darts|p1a: Surprise!
|-damage|p1a: Surprise!|0 fnt
|faint|p1a: Surprise!
|
|-heal|p2a: Dragapult|58/100|[from] item: Leftovers
|upkeep
|
|t:|1776125400
|switch|p1a: The GOAT|Corviknight, M|53/100
|turn|11
|
|t:|1776125402
|move|p2a: Dragapult|U-turn|p1a: The GOAT
|-resisted|p1a: The GOAT
|-damage|p1a: The GOAT|49/100
|
|t:|1776125406
|switch|p2a: Hoopa|Hoopa-Unbound|100/100|[from] U-turn
|move|p1a: The GOAT|Bulk Up|p1a: The GOAT
|-boost|p1a: The GOAT|atk|1
|-boost|p1a: The GOAT|def|1
|
|-heal|p1a: The GOAT|56/100|[from] item: Leftovers
|upkeep
|turn|12
|
|t:|1776125413
|move|p2a: Hoopa|Dark Pulse|p1a: The GOAT
|-damage|p1a: The GOAT|4/100
|move|p1a: The GOAT|Roost|p1a: The GOAT
|-heal|p1a: The GOAT|54/100
|-singleturn|p1a: The GOAT|move: Roost
|
|-heal|p1a: The GOAT|61/100|[from] item: Leftovers
|upkeep
|turn|13
|
|t:|1776125419
|move|p2a: Hoopa|Psyshock|p1a: The GOAT
|-resisted|p1a: The GOAT
|-damage|p1a: The GOAT|50/100
|move|p1a: The GOAT|Roost|p1a: The GOAT
|-heal|p1a: The GOAT|99/100
|-singleturn|p1a: The GOAT|move: Roost
|
|-heal|p1a: The GOAT|100/100|[from] item: Leftovers
|upkeep
|turn|14
|
|t:|1776125425
|switch|p2a: Tornadus|Tornadus-Therian, M|100/100
|move|p1a: The GOAT|Bulk Up|p1a: The GOAT
|-boost|p1a: The GOAT|atk|1
|-boost|p1a: The GOAT|def|1
|
|upkeep
|turn|15
|
|t:|1776125431
|move|p2a: Tornadus|Dark Pulse|p1a: The GOAT
|-damage|p1a: The GOAT|76/100
|cant|p1a: The GOAT|flinch
|
|-heal|p1a: The GOAT|82/100|[from] item: Leftovers
|upkeep
|turn|16
|
|t:|1776125439
|move|p2a: Tornadus|Dark Pulse|p1a: The GOAT
|-damage|p1a: The GOAT|57/100
|cant|p1a: The GOAT|flinch
|
|-heal|p1a: The GOAT|63/100|[from] item: Leftovers
|upkeep
|turn|17
|
|t:|1776125444
|move|p2a: Tornadus|Dark Pulse|p1a: The GOAT
|-damage|p1a: The GOAT|38/100
|move|p1a: The GOAT|Roost|p1a: The GOAT
|-heal|p1a: The GOAT|88/100
|-singleturn|p1a: The GOAT|move: Roost
|
|-heal|p1a: The GOAT|95/100|[from] item: Leftovers
|upkeep
|turn|18
|
|t:|1776125451
|move|p2a: Tornadus|Dark Pulse|p1a: The GOAT
|-damage|p1a: The GOAT|70/100
|move|p1a: The GOAT|Bulk Up|p1a: The GOAT
|-boost|p1a: The GOAT|atk|1
|-boost|p1a: The GOAT|def|1
|
|-heal|p1a: The GOAT|76/100|[from] item: Leftovers
|upkeep
|turn|19
|
|t:|1776125455
|move|p2a: Tornadus|Dark Pulse|p1a: The GOAT
|-damage|p1a: The GOAT|52/100
|move|p1a: The GOAT|Bulk Up|p1a: The GOAT
|-boost|p1a: The GOAT|atk|1
|-boost|p1a: The GOAT|def|1
|
|-heal|p1a: The GOAT|58/100|[from] item: Leftovers
|upkeep
|turn|20
|
|t:|1776125458
|move|p2a: Tornadus|Psychic|p1a: The GOAT
|-resisted|p1a: The GOAT
|-damage|p1a: The GOAT|44/100
|-ability|p1a: The GOAT|Mirror Armor
|-unboost|p2a: Tornadus|spd|1
|move|p1a: The GOAT|Bulk Up|p1a: The GOAT
|-boost|p1a: The GOAT|atk|1
|-boost|p1a: The GOAT|def|1
|
|-heal|p1a: The GOAT|50/100|[from] item: Leftovers
|upkeep
|turn|21
|
|t:|1776125463
|move|p2a: Tornadus|Dark Pulse|p1a: The GOAT
|-damage|p1a: The GOAT|25/100
|move|p1a: The GOAT|Roost|p1a: The GOAT
|-heal|p1a: The GOAT|75/100
|-singleturn|p1a: The GOAT|move: Roost
|
|-heal|p1a: The GOAT|82/100|[from] item: Leftovers
|upkeep
|turn|22
|
|t:|1776125467
|move|p2a: Tornadus|Dark Pulse|p1a: The GOAT
|-damage|p1a: The GOAT|57/100
|move|p1a: The GOAT|Bulk Up|p1a: The GOAT
|-boost|p1a: The GOAT|atk|1
|-boost|p1a: The GOAT|def|1
|
|-heal|p1a: The GOAT|63/100|[from] item: Leftovers
|upkeep
|turn|23
|
|t:|1776125470
|move|p2a: Tornadus|Dark Pulse|p1a: The GOAT
|-damage|p1a: The GOAT|39/100
|move|p1a: The GOAT|Roost|p1a: The GOAT
|-heal|p1a: The GOAT|89/100
|-singleturn|p1a: The GOAT|move: Roost
|
|-heal|p1a: The GOAT|95/100|[from] item: Leftovers
|upkeep
|turn|24
|
|t:|1776125472
|move|p2a: Tornadus|Tailwind|p2a: Tornadus
|-sidestart|p2: tasthebot|move: Tailwind
|move|p1a: The GOAT|Brave Bird|p2a: Tornadus
|-damage|p2a: Tornadus|0 fnt
|faint|p2a: Tornadus
|-damage|p1a: The GOAT|70/100|[from] Recoil
|
|-heal|p1a: The GOAT|76/100|[from] item: Leftovers
|upkeep
|
|t:|1776125482
|switch|p2a: Ogerpon|Ogerpon-Wellspring, F|100/100
|turn|25
|
|t:|1776125490
|move|p2a: Ogerpon|Spiky Shield|p2a: Ogerpon
|-singleturn|p2a: Ogerpon|move: Protect
|move|p1a: The GOAT|Brave Bird|p2a: Ogerpon
|-activate|p2a: Ogerpon|move: Protect
|-damage|p1a: The GOAT|64/100|[from] Spiky Shield|[of] p2a: Ogerpon
|
|-heal|p1a: The GOAT|70/100|[from] item: Leftovers
|upkeep
|turn|26
|
|t:|1776125495
|move|p2a: Ogerpon|Leech Seed|p1a: The GOAT
|-start|p1a: The GOAT|move: Leech Seed
|move|p1a: The GOAT|Roost|p1a: The GOAT
|-heal|p1a: The GOAT|100/100
|-singleturn|p1a: The GOAT|move: Roost
|
|-damage|p1a: The GOAT|88/100|[from] Leech Seed|[of] p2a: Ogerpon
|upkeep
|turn|27
|
|t:|1776125500
|move|p2a: Ogerpon|Spiky Shield|p2a: Ogerpon
|-singleturn|p2a: Ogerpon|move: Protect
|move|p1a: The GOAT|Brave Bird|p2a: Ogerpon
|-activate|p2a: Ogerpon|move: Protect
|-damage|p1a: The GOAT|75/100|[from] Spiky Shield|[of] p2a: Ogerpon
|
|-heal|p1a: The GOAT|82/100|[from] item: Leftovers
|-damage|p1a: The GOAT|69/100|[from] Leech Seed|[of] p2a: Ogerpon
|-sideend|p2: tasthebot|move: Tailwind
|upkeep
|turn|28
|
|t:|1776125505
|move|p2a: Ogerpon|Ivy Cudgel|p1a: The GOAT|[anim] Ivy Cudgel Water
|-damage|p1a: The GOAT|62/100
|move|p1a: The GOAT|Brave Bird|p2a: Ogerpon
|-supereffective|p2a: Ogerpon
|-damage|p2a: Ogerpon|0 fnt
|faint|p2a: Ogerpon
|-damage|p1a: The GOAT|32/100|[from] Recoil
|
|-heal|p1a: The GOAT|38/100|[from] item: Leftovers
|upkeep
|
|t:|1776125515
|switch|p2a: Dragapult|Dragapult, M|58/100
|turn|29
|
|t:|1776125519
|move|p2a: Dragapult|Will-O-Wisp|p1a: The GOAT|[miss]
|-miss|p2a: Dragapult|p1a: The GOAT
|move|p1a: The GOAT|Roost|p1a: The GOAT
|-heal|p1a: The GOAT|88/100
|-singleturn|p1a: The GOAT|move: Roost
|
|-heal|p2a: Dragapult|64/100|[from] item: Leftovers
|-heal|p1a: The GOAT|94/100|[from] item: Leftovers
|-damage|p1a: The GOAT|82/100|[from] Leech Seed|[of] p2a: Dragapult
|-heal|p2a: Dragapult|78/100|[silent]
|upkeep
|turn|30
|
|t:|1776125533
|move|p2a: Dragapult|Will-O-Wisp|p1a: The GOAT|[miss]
|-miss|p2a: Dragapult|p1a: The GOAT
|move|p1a: The GOAT|Brave Bird|p2a: Dragapult
|-crit|p2a: Dragapult
|-damage|p2a: Dragapult|0 fnt
|faint|p2a: Dragapult
|-damage|p1a: The GOAT|59/100|[from] Recoil
|
|-heal|p1a: The GOAT|66/100|[from] item: Leftovers
|upkeep
|
|t:|1776125538
|switch|p2a: Rampardos|Rampardos, F|100/100
|turn|31
|c|☆Dumbosk|why r u doing willo
|
|t:|1776125552
|move|p2a: Rampardos|Rock Slide|p1a: The GOAT
|-damage|p1a: The GOAT|52/100
|move|p1a: The GOAT|Body Press|p2a: Rampardos
|-supereffective|p2a: Rampardos
|-damage|p2a: Rampardos|0 fnt
|faint|p2a: Rampardos
|
|-heal|p1a: The GOAT|58/100|[from] item: Leftovers
|upkeep
|c|☆tasthebot|because burn cuts your attack?
|
|t:|1776125559
|switch|p2a: Hoopa|Hoopa-Unbound|100/100
|turn|32
|c|☆Dumbosk|i have 4x atk
|c|☆tasthebot|all physical moves
|c|☆Dumbosk|just ff
|c|☆tasthebot|Yeah so it would be 2x
|c|☆tasthebot|fuckin asshole
|-message|tasthebot forfeited.
|
|win|Dumbosk
