|html|<div class="broadcast-blue"><strong>[Gen 9] OU is currently suspecting Tera Blast! For information on how to participate check out the <a href="https://www.smogon.com/tools/suspects/view/200">suspect thread</a>.</strong></div>
|j|☆sanity1907
|j|☆FoolishAngel
|t:|1776292828
|gametype|singles
|player|p1|sanity1907|lucas|1202
|player|p2|FoolishAngel|n-masters3|1151
|gen|9
|tier|[Gen 9] OU
|rated|
|rule|HP Percentage Mod: HP is shown in percentages
|rule|Endless Battle Clause: Forcing endless battles is banned
|rule|Species Clause: Limit one of each Pokémon
|rule|OHKO Clause: OHKO moves are banned
|rule|Evasion Items Clause: Evasion items are banned
|rule|Evasion Moves Clause: Evasion moves are banned
|rule|Evasion Abilities Clause: Evasion abilities are banned
|rule|Sleep Moves Clause: Sleep-inducing moves are banned
|clearpoke
|poke|p1|Duraludon, M|
|poke|p1|Hydrapple, F|
|poke|p1|Iron Crown|
|poke|p1|Enamorus, F|
|poke|p1|Samurott-Hisui, F|
|poke|p1|Iron Treads|
|poke|p2|Iron Moth|
|poke|p2|Gliscor, F|
|poke|p2|Hatterene, F|
|poke|p2|Ogerpon-Wellspring, F|
|poke|p2|Raging Bolt|
|poke|p2|Zamazenta-*|
|teampreview
|
|t:|1776292866
|teamsize|p1|6
|teamsize|p2|6
|start
|switch|p1a: Samurott|Samurott-Hisui, F|100/100
|switch|p2a: Iron Moth|Iron Moth|100/100
|-enditem|p2a: Iron Moth|Booster Energy
|-activate|p2a: Iron Moth|ability: Quark Drive|[fromitem]
|-start|p2a: Iron Moth|quarkdrivespe
|turn|1
|
|t:|1776292892
|-end|p2a: Iron Moth|Quark Drive|[silent]
|switch|p2a: Ogerpon|Ogerpon-Wellspring, F|100/100
|move|p1a: Samurott|Flip Turn|p2a: Ogerpon
|-immune|p2a: Ogerpon|[from] ability: Water Absorb
|
|upkeep
|turn|2
|
|t:|1776292906
|switch|p1a: Duraludon|Duraludon, M|100/100
|move|p2a: Ogerpon|Trailblaze|p1a: Duraludon
|-resisted|p1a: Duraludon
|-crit|p1a: Duraludon
|-damage|p1a: Duraludon|94/100
|-boost|p2a: Ogerpon|spe|1
|
|upkeep
|turn|3
|
|t:|1776292922
|switch|p2a: Gliscor|Gliscor, F|100/100
|move|p1a: Duraludon|Draco Meteor|p2a: Gliscor
|-damage|p2a: Gliscor|16/100
|-unboost|p1a: Duraludon|spa|2
|
|-status|p2a: Gliscor|tox|[from] item: Toxic Orb
|upkeep
|turn|4
|
|t:|1776292930
|move|p2a: Gliscor|Earthquake|p1a: Duraludon
|-supereffective|p1a: Duraludon
|-damage|p1a: Duraludon|43/100
|move|p1a: Duraludon|Light Screen|p1a: Duraludon
|-sidestart|p1: sanity1907|move: Light Screen
|
|-heal|p2a: Gliscor|28/100 tox|[from] ability: Poison Heal
|upkeep
|turn|5
|
|t:|1776292943
|switch|p1a: Hydrapple|Hydrapple, F|100/100
|move|p2a: Gliscor|Earthquake|p1a: Hydrapple
|-resisted|p1a: Hydrapple
|-damage|p1a: Hydrapple|88/100
|
|-heal|p2a: Gliscor|40/100 tox|[from] ability: Poison Heal
|upkeep
|turn|6
|
|t:|1776292951
|switch|p2a: Iron Moth|Iron Moth|100/100
|move|p1a: Hydrapple|Nasty Plot|p1a: Hydrapple
|-boost|p1a: Hydrapple|spa|2
|
|upkeep
|turn|7
|
|t:|1776292959
|move|p2a: Iron Moth|Sludge Wave|p1a: Hydrapple
|-supereffective|p1a: Hydrapple
|-damage|p1a: Hydrapple|42/100
|-status|p1a: Hydrapple|psn
|move|p1a: Hydrapple|Earth Power|p2a: Iron Moth
|-supereffective|p2a: Iron Moth
|-damage|p2a: Iron Moth|0 fnt
|faint|p2a: Iron Moth
|-end|p2a: Iron Moth|Quark Drive|[silent]
|
|-damage|p1a: Hydrapple|30/100 psn|[from] psn
|upkeep
|
|t:|1776292968
|switch|p2a: Gliscor|Gliscor, F|40/100 tox
|turn|8
|
|t:|1776292991
|switch|p1a: Iron Treads|Iron Treads|100/100
|-item|p1a: Iron Treads|Air Balloon
|move|p2a: Gliscor|Facade|p1a: Iron Treads
|-resisted|p1a: Iron Treads
|-damage|p1a: Iron Treads|81/100
|-enditem|p1a: Iron Treads|Air Balloon
|
|-heal|p2a: Gliscor|53/100 tox|[from] ability: Poison Heal
|-sideend|p1: sanity1907|move: Light Screen
|upkeep
|turn|9
|l|☆FoolishAngel
|player|p2|
|-message|sanity1907 forfeited.
|
|win|FoolishAngel
|raw|sanity1907's rating: 1202 &rarr; <strong>1173</strong><br />(-29 for losing)
|raw|FoolishAngel's rating: 1151 &rarr; <strong>1180</strong><br />(+29 for winning)
|l|☆sanity1907
|player|p1|
|j|☆FoolishAngel
|player|p2|FoolishAngel|n-masters3|
