|html|<div class="broadcast-blue"><strong>[Gen 9] OU is currently suspecting Tera Blast! For information on how to participate check out the <a href="https://www.smogon.com/tools/suspects/view/200">suspect thread</a>.</strong></div>
|j|☆rilladih
|j|☆Anchor9
|t:|1776099787
|gametype|singles
|player|p1|rilladih|265|1461
|player|p2|Anchor9|silver|1521
|gen|9
|tier|[Gen 9] OU
|rated|
|rule|HP Percentage Mod: HP is shown in percentages
|rule|Endless Battle Clause: Forcing endless battles is banned
|rule|Species Clause: Limit one of each Pokémon
|rule|OHKO Clause: OHKO moves are banned
|rule|Evasion Items Clause: Evasion items are banned
|rule|Evasion Moves Clause: Evasion moves are banned
|rule|Evasion Abilities Clause: Evasion abilities are banned
|rule|Sleep Moves Clause: Sleep-inducing moves are banned
|clearpoke
|poke|p1|Darkrai|
|poke|p1|Great Tusk|
|poke|p1|Ogerpon-Wellspring, F|
|poke|p1|Gholdengo|
|poke|p1|Dragonite, F|
|poke|p1|Ting-Lu|
|poke|p2|Araquanid, F|
|poke|p2|Ampharos, M|
|poke|p2|Dragonite, F|
|poke|p2|Gholdengo|
|poke|p2|Kyurem|
|poke|p2|Great Tusk|
|teampreview
|inactive|Battle timer is ON: inactive players will automatically lose when time's up. (requested by rilladih)
|j| ohko_smeargle
|inactive|Anchor9 also wants the timer to be on.
|
|t:|1776099797
|teamsize|p1|6
|teamsize|p2|6
|start
|switch|p1a: Darkrai|Darkrai|100/100
|switch|p2a: Araquanid|Araquanid, F|100/100
|turn|1
|
|t:|1776099807
|switch|p1a: Great Tusk|Great Tusk|100/100
|move|p2a: Araquanid|Sticky Web|p1a: Great Tusk
|-sidestart|p1: rilladih|move: Sticky Web
|
|upkeep
|turn|2
|
|t:|1776099826
|move|p1a: Great Tusk|Rapid Spin|p2a: Araquanid
|-damage|p2a: Araquanid|83/100
|-boost|p1a: Great Tusk|spe|1
|-sideend|p1: rilladih|Sticky Web|[from] move: Rapid Spin|[of] p1a: Great Tusk
|move|p2a: Araquanid|Surf|p1a: Great Tusk
|-supereffective|p1a: Great Tusk
|-damage|p1a: Great Tusk|0 fnt
|faint|p1a: Great Tusk
|-end|p1a: Great Tusk|Protosynthesis|[silent]
|
|upkeep
|
|t:|1776099831
|switch|p1a: Ogerpon|Ogerpon-Wellspring, F|100/100
|turn|3
|inactive|Anchor9 has 120 seconds left.
|
|t:|1776099871
|move|p1a: Ogerpon|Power Whip|p2a: Araquanid
|-damage|p2a: Araquanid|7/100
|move|p2a: Araquanid|Sticky Web|p1a: Ogerpon
|-sidestart|p1: rilladih|move: Sticky Web
|
|upkeep
|turn|4
|-enditem|p2a: Araquanid|Custap Berry|[eat]
|-activate|p2a: Araquanid|item: Custap Berry|[consumed]
|
|t:|1776099878
|move|p2a: Araquanid|Endeavor|p1a: Ogerpon
|-damage|p1a: Ogerpon|8/100
|move|p1a: Ogerpon|U-turn|p2a: Araquanid
|-damage|p2a: Araquanid|0 fnt
|faint|p2a: Araquanid
|
|t:|1776099887
|switch|p1a: Darkrai|Darkrai|100/100|[from] U-turn
|-activate|p1a: Darkrai|move: Sticky Web
|-unboost|p1a: Darkrai|spe|1
|
|upkeep
|inactive|Anchor9 has 120 seconds left.
|
|t:|1776099911
|switch|p2a: Kyurem|Kyurem|100/100
|-ability|p2a: Kyurem|Pressure
|turn|5
|
|t:|1776099914
|move|p2a: Kyurem|Dragon Dance|p2a: Kyurem
|-boost|p2a: Kyurem|atk|1
|-boost|p2a: Kyurem|spe|1
|move|p1a: Darkrai|Will-O-Wisp|p2a: Kyurem
|-status|p2a: Kyurem|brn
|
|-damage|p2a: Kyurem|94/100 brn|[from] brn
|upkeep
|turn|6
|inactive|Anchor9 has 120 seconds left.
|inactive|Anchor9 has 90 seconds left.
|
|t:|1776099968
|move|p2a: Kyurem|Freeze-Dry|p1a: Darkrai
|-damage|p1a: Darkrai|56/100
|move|p1a: Darkrai|Nasty Plot|p1a: Darkrai
|-boost|p1a: Darkrai|spa|2
|
|-heal|p1a: Darkrai|62/100|[from] item: Leftovers
|-damage|p2a: Kyurem|88/100 brn|[from] brn
|upkeep
|turn|7
|
|t:|1776099973
|move|p2a: Kyurem|Freeze-Dry|p1a: Darkrai
|-damage|p1a: Darkrai|23/100
|move|p1a: Darkrai|Dark Pulse|p2a: Kyurem
|-damage|p2a: Kyurem|24/100 brn
|
|-heal|p1a: Darkrai|29/100|[from] item: Leftovers
|-damage|p2a: Kyurem|18/100 brn|[from] brn
|upkeep
|turn|8
|inactive|Anchor9 has 90 seconds left.
|l|☆Anchor9
|inactive|Anchor9 disconnected and has a minute to reconnect!
|player|p2|
|j|☆Anchor9
|inactive|Anchor9 reconnected and has 60 seconds left.
|player|p2|Anchor9|silver|
|
|t:|1776100026
|switch|p1a: Ting-Lu|Ting-Lu|100/100
|-activate|p1a: Ting-Lu|move: Sticky Web
|-unboost|p1a: Ting-Lu|spe|1
|-ability|p1a: Ting-Lu|Vessel of Ruin
|move|p2a: Kyurem|Freeze-Dry|p1a: Ting-Lu
|-supereffective|p1a: Ting-Lu
|-damage|p1a: Ting-Lu|69/100
|
|-heal|p1a: Ting-Lu|75/100|[from] item: Leftovers
|-damage|p2a: Kyurem|12/100 brn|[from] brn
|upkeep
|turn|9
|
|t:|1776100035
|move|p2a: Kyurem|Icicle Spear|p1a: Ting-Lu
|-supereffective|p1a: Ting-Lu
|-damage|p1a: Ting-Lu|63/100
|-supereffective|p1a: Ting-Lu
|-damage|p1a: Ting-Lu|51/100
|-supereffective|p1a: Ting-Lu
|-damage|p1a: Ting-Lu|39/100
|-supereffective|p1a: Ting-Lu
|-damage|p1a: Ting-Lu|26/100
|-supereffective|p1a: Ting-Lu
|-damage|p1a: Ting-Lu|14/100
|-hitcount|p1a: Ting-Lu|5
|move|p1a: Ting-Lu|Earthquake|p2a: Kyurem
|-damage|p2a: Kyurem|0 fnt
|faint|p2a: Kyurem
|
|-heal|p1a: Ting-Lu|21/100|[from] item: Leftovers
|upkeep
|inactive|Anchor9 has 60 seconds left.
|
|t:|1776100048
|switch|p2a: Dragonite|Dragonite, F|100/100
|turn|10
|
|t:|1776100050
|move|p2a: Dragonite|Dragon Dance|p2a: Dragonite
|-boost|p2a: Dragonite|atk|1
|-boost|p2a: Dragonite|spe|1
|move|p1a: Ting-Lu|Whirlwind|p2a: Dragonite
|drag|p2a: Gholdengo|Gholdengo|100/100
|-item|p2a: Gholdengo|Air Balloon
|
|-heal|p1a: Ting-Lu|27/100|[from] item: Leftovers
|upkeep
|turn|11
|inactive|Anchor9 has 60 seconds left.
|l|☆Anchor9
|inactive|Anchor9 disconnected and has a minute to reconnect!
|player|p2|
|inactive|Anchor9 has 30 seconds left.
|inactive|Anchor9 has 20 seconds left.
|j|☆Anchor9
|inactive|Anchor9 reconnected and has 20 seconds left.
|player|p2|Anchor9|silver|
|
|t:|1776100111
|move|p2a: Gholdengo|Focus Blast|p1a: Ting-Lu
|-supereffective|p1a: Ting-Lu
|-damage|p1a: Ting-Lu|0 fnt
|faint|p1a: Ting-Lu
|
|upkeep
|
|t:|1776100130
|switch|p1a: Darkrai|Darkrai|29/100
|-activate|p1a: Darkrai|move: Sticky Web
|-unboost|p1a: Darkrai|spe|1
|turn|12
|
|t:|1776100133
|move|p2a: Gholdengo|Focus Blast|p1a: Darkrai
|-supereffective|p1a: Darkrai
|-damage|p1a: Darkrai|0 fnt
|faint|p1a: Darkrai
|
|upkeep
|
|t:|1776100137
|switch|p1a: Dragonite|Dragonite, F|100/100
|turn|13
|
|t:|1776100141
|move|p2a: Gholdengo|Shadow Ball|p1a: Dragonite
|-damage|p1a: Dragonite|83/100
|-unboost|p1a: Dragonite|spd|1
|move|p1a: Dragonite|Dragon Tail|p2a: Gholdengo
|-resisted|p2a: Gholdengo
|-damage|p2a: Gholdengo|81/100
|-enditem|p2a: Gholdengo|Air Balloon
|drag|p2a: Ampharos|Ampharos, M|100/100
|
|upkeep
|turn|14
|
|t:|1776100153
|switch|p1a: Ogerpon|Ogerpon-Wellspring, F|8/100
|-activate|p1a: Ogerpon|move: Sticky Web
|-unboost|p1a: Ogerpon|spe|1
|move|p2a: Ampharos|Meteor Beam||[still]
|-prepare|p2a: Ampharos|Meteor Beam
|-boost|p2a: Ampharos|spa|1
|-enditem|p2a: Ampharos|Power Herb
|-anim|p2a: Ampharos|Meteor Beam|p1a: Ogerpon
|-damage|p1a: Ogerpon|0 fnt
|faint|p1a: Ogerpon
|
|upkeep
|
|t:|1776100162
|switch|p1a: Dragonite|Dragonite, F|83/100
|turn|15
|
|t:|1776100166
|-terastallize|p1a: Dragonite|Normal
|move|p2a: Ampharos|Dazzling Gleam|p1a: Dragonite
|-damage|p1a: Dragonite|46/100
|move|p1a: Dragonite|Earthquake|p2a: Ampharos
|-supereffective|p2a: Ampharos
|-damage|p2a: Ampharos|5/100
|
|upkeep
|turn|16
|
|t:|1776100170
|move|p1a: Dragonite|Extreme Speed|p2a: Ampharos
|-damage|p2a: Ampharos|0 fnt
|faint|p2a: Ampharos
|
|upkeep
|
|t:|1776100174
|switch|p2a: Great Tusk|Great Tusk|100/100
|-enditem|p2a: Great Tusk|Booster Energy
|-activate|p2a: Great Tusk|ability: Protosynthesis|[fromitem]
|-start|p2a: Great Tusk|protosynthesisspe
|turn|17
|
|t:|1776100181
|move|p2a: Great Tusk|Headlong Rush|p1a: Dragonite
|-damage|p1a: Dragonite|0 fnt
|-unboost|p2a: Great Tusk|def|1
|-unboost|p2a: Great Tusk|spd|1
|faint|p1a: Dragonite
|
|upkeep
|
|t:|1776100183
|switch|p1a: Gholdengo|Gholdengo|100/100
|-item|p1a: Gholdengo|Air Balloon
|turn|18
|
|t:|1776100189
|move|p2a: Great Tusk|Ice Spinner|p1a: Gholdengo
|-resisted|p1a: Gholdengo
|-damage|p1a: Gholdengo|92/100
|-enditem|p1a: Gholdengo|Air Balloon
|move|p1a: Gholdengo|Dazzling Gleam|p2a: Great Tusk
|-supereffective|p2a: Great Tusk
|-damage|p2a: Great Tusk|3/100
|
|upkeep
|turn|19
|
|t:|1776100195
|move|p2a: Great Tusk|Headlong Rush|p1a: Gholdengo
|-supereffective|p1a: Gholdengo
|-damage|p1a: Gholdengo|13/100
|-unboost|p2a: Great Tusk|def|1
|-unboost|p2a: Great Tusk|spd|1
|move|p1a: Gholdengo|Dazzling Gleam|p2a: Great Tusk
|-supereffective|p2a: Great Tusk
|-damage|p2a: Great Tusk|0 fnt
|faint|p2a: Great Tusk
|-end|p2a: Great Tusk|Protosynthesis|[silent]
|
|upkeep
|
|t:|1776100197
|switch|p2a: Dragonite|Dragonite, F|100/100
|turn|20
|
|t:|1776100200
|move|p2a: Dragonite|Earthquake|p1a: Gholdengo
|-supereffective|p1a: Gholdengo
|-damage|p1a: Gholdengo|0 fnt
|faint|p1a: Gholdengo
|
|win|Anchor9
|raw|rilladih's rating: 1461 &rarr; <strong>1444</strong><br />(-17 for losing)
|raw|Anchor9's rating: 1521 &rarr; <strong>1538</strong><br />(+17 for winning)
|l|☆Anchor9
|player|p2|
|l| ohko_smeargle
|l|☆rilladih
|player|p1|
