|html|<div class="broadcast-blue"><strong>[Gen 9] OU is currently suspecting Tera Blast! For information on how to participate check out the <a href="https://www.smogon.com/tools/suspects/view/200">suspect thread</a>.</strong></div>
|j|☆feeeeed225615
|j|☆p8tience
|t:|1776058558
|gametype|singles
|player|p1|feeeeed225615|cyclist-gen4|1078
|player|p2|p8tience|scientist|1101
|gen|9
|tier|[Gen 9] OU
|rated|
|rule|HP Percentage Mod: HP is shown in percentages
|rule|Endless Battle Clause: Forcing endless battles is banned
|rule|Species Clause: Limit one of each Pokémon
|rule|OHKO Clause: OHKO moves are banned
|rule|Evasion Items Clause: Evasion items are banned
|rule|Evasion Moves Clause: Evasion moves are banned
|rule|Evasion Abilities Clause: Evasion abilities are banned
|rule|Sleep Moves Clause: Sleep-inducing moves are banned
|clearpoke
|poke|p1|Volbeat, M|
|poke|p1|Torkoal, F|
|poke|p1|Blaziken, M|
|poke|p1|Mew|
|poke|p1|Gallade, M|
|poke|p1|Magnezone|
|poke|p2|Hydrapple, M|
|poke|p2|Tyranitar, F|
|poke|p2|Moltres|
|poke|p2|Zamazenta-*|
|poke|p2|Slowking-Galar, M|
|poke|p2|Excadrill, F|
|teampreview
|
|t:|1776058563
|teamsize|p1|6
|teamsize|p2|6
|start
|switch|p1a: Volbeat|Volbeat, M, shiny|100/100
|switch|p2a: Tyranitar|Tyranitar, F|100/100
|-weather|Sandstorm|[from] ability: Sand Stream|[of] p2a: Tyranitar
|turn|1
|
|t:|1776058573
|move|p1a: Volbeat|Tail Glow|p1a: Volbeat
|-boost|p1a: Volbeat|spa|3
|move|p2a: Tyranitar|Stealth Rock|p1a: Volbeat
|-sidestart|p1: feeeeed225615|move: Stealth Rock
|
|-weather|Sandstorm|[upkeep]
|-damage|p1a: Volbeat|94/100|[from] Sandstorm
|upkeep
|turn|2
|
|t:|1776058587
|move|p1a: Volbeat|Encore|p2a: Tyranitar
|-hint|Since gen 7, Dark is immune to Prankster moves.
|-immune|p2a: Tyranitar
|move|p2a: Tyranitar|Thunder Wave|p1a: Volbeat
|-status|p1a: Volbeat|par
|
|-weather|Sandstorm|[upkeep]
|-damage|p1a: Volbeat|88/100 par|[from] Sandstorm
|upkeep
|turn|3
|
|t:|1776058594
|move|p2a: Tyranitar|Knock Off|p1a: Volbeat
|-damage|p1a: Volbeat|31/100 par
|-enditem|p1a: Volbeat|Mirror Herb|[from] move: Knock Off|[of] p2a: Tyranitar
|move|p1a: Volbeat|Bug Buzz|p2a: Tyranitar
|-supereffective|p2a: Tyranitar
|-damage|p2a: Tyranitar|58/100
|
|-weather|Sandstorm|[upkeep]
|-damage|p1a: Volbeat|24/100 par|[from] Sandstorm
|upkeep
|turn|4
|
|t:|1776058602
|move|p2a: Tyranitar|Knock Off|p1a: Volbeat
|-damage|p1a: Volbeat|0 fnt
|faint|p1a: Volbeat
|
|-weather|Sandstorm|[upkeep]
|upkeep
|
|t:|1776058626
|switch|p1a: Torkoal|Torkoal, F|100/100
|-damage|p1a: Torkoal|76/100|[from] Stealth Rock
|-weather|SunnyDay|[from] ability: Drought|[of] p1a: Torkoal
|turn|5
|
|t:|1776058640
|switch|p2a: Moltres|Moltres|100/100
|move|p1a: Torkoal|Stealth Rock|p2a: Moltres
|-sidestart|p2: p8tience|move: Stealth Rock
|
|-weather|SunnyDay|[upkeep]
|upkeep
|turn|6
|
|t:|1776058647
|move|p1a: Torkoal|Rapid Spin|p2a: Moltres
|-damage|p2a: Moltres|93/100
|-boost|p1a: Torkoal|spe|1
|-sideend|p1: feeeeed225615|Stealth Rock|[from] move: Rapid Spin|[of] p1a: Torkoal
|move|p2a: Moltres|Roar|p1a: Torkoal
|drag|p1a: Magnezone|Magnezone|100/100
|
|-weather|SunnyDay|[upkeep]
|upkeep
|turn|7
|
|t:|1776058660
|move|p2a: Moltres|Flamethrower|p1a: Magnezone
|-supereffective|p1a: Magnezone
|-damage|p1a: Magnezone|0 fnt
|faint|p1a: Magnezone
|
|-weather|SunnyDay|[upkeep]
|upkeep
|
|t:|1776058671
|switch|p1a: Gallade|Gallade, M|100/100
|turn|8
|
|t:|1776058677
|move|p1a: Gallade|Psycho Cut|p2a: Moltres
|-damage|p2a: Moltres|54/100
|-damage|p1a: Gallade|91/100|[from] item: Life Orb
|move|p2a: Moltres|Flamethrower|p1a: Gallade
|-damage|p1a: Gallade|38/100
|
|-weather|SunnyDay|[upkeep]
|upkeep
|turn|9
|
|t:|1776058686
|move|p1a: Gallade|Solar Blade||[still]
|-prepare|p1a: Gallade|Solar Blade
|-anim|p1a: Gallade|Solar Blade|p2a: Moltres
|-resisted|p2a: Moltres
|-damage|p2a: Moltres|42/100
|-status|p1a: Gallade|brn|[from] ability: Flame Body|[of] p2a: Moltres
|-damage|p1a: Gallade|29/100 brn|[from] item: Life Orb
|move|p2a: Moltres|Roost|p2a: Moltres
|-heal|p2a: Moltres|92/100
|-singleturn|p2a: Moltres|move: Roost
|
|-weather|SunnyDay|[upkeep]
|-damage|p1a: Gallade|23/100 brn|[from] brn
|upkeep
|turn|10
|
|t:|1776058700
|switch|p1a: Mew|Mew|100/100
|move|p2a: Moltres|Flamethrower|p1a: Mew
|-damage|p1a: Mew|52/100
|-status|p1a: Mew|brn
|-activate|p1a: Mew|ability: Synchronize
|-immune|p2a: Moltres
|
|-weather|SunnyDay|[upkeep]
|-heal|p1a: Mew|58/100 brn|[from] item: Leftovers
|-damage|p1a: Mew|52/100 brn|[from] brn
|upkeep
|turn|11
|
|t:|1776058718
|move|p1a: Mew|Imprison|p1a: Mew
|-start|p1a: Mew|move: Imprison
|move|p2a: Moltres|Flamethrower|p1a: Mew
|-damage|p1a: Mew|8/100 brn
|
|-weather|SunnyDay|[upkeep]
|-heal|p1a: Mew|14/100 brn|[from] item: Leftovers
|-damage|p1a: Mew|8/100 brn|[from] brn
|upkeep
|turn|12
|
|t:|1776058727
|move|p1a: Mew|Transform|p2a: Moltres
|-transform|p1a: Mew|p2a: Moltres
|cant|p2a: Moltres|move: Imprison|Flamethrower
|
|-weather|none
|-heal|p1a: Mew|14/100 brn|[from] item: Leftovers
|-damage|p1a: Mew|8/100 brn|[from] brn
|upkeep
|turn|13
|
|t:|1776058735
|-activate|p2a: Moltres|move: Struggle
|move|p2a: Moltres|Struggle|p1a: Mew
|-damage|p1a: Mew|1/100 brn
|-damage|p2a: Moltres|67/100|[from] recoil
|move|p1a: Mew|Roost|p1a: Mew
|-heal|p1a: Mew|51/100 brn
|-singleturn|p1a: Mew|move: Roost
|
|-heal|p1a: Mew|57/100 brn|[from] item: Leftovers
|-damage|p1a: Mew|51/100 brn|[from] brn
|upkeep
|turn|14
|
|t:|1776058747
|-activate|p2a: Moltres|move: Struggle
|move|p2a: Moltres|Struggle|p1a: Mew
|-damage|p1a: Mew|43/100 brn
|-damage|p2a: Moltres|42/100|[from] recoil
|move|p1a: Mew|Roost|p1a: Mew
|-heal|p1a: Mew|93/100 brn
|-singleturn|p1a: Mew|move: Roost
|
|-heal|p1a: Mew|99/100 brn|[from] item: Leftovers
|-damage|p1a: Mew|93/100 brn|[from] brn
|upkeep
|turn|15
|
|t:|1776058768
|-activate|p2a: Moltres|move: Struggle
|move|p2a: Moltres|Struggle|p1a: Mew
|-damage|p1a: Mew|86/100 brn
|-damage|p2a: Moltres|17/100|[from] recoil
|move|p1a: Mew|Flamethrower|p2a: Moltres
|-resisted|p2a: Moltres
|-damage|p2a: Moltres|0 fnt
|faint|p2a: Moltres
|
|-heal|p1a: Mew|92/100 brn|[from] item: Leftovers
|-damage|p1a: Mew|86/100 brn|[from] brn
|upkeep
|
|t:|1776058770
|switch|p2a: Tyranitar|Tyranitar, F|58/100
|-damage|p2a: Tyranitar|46/100|[from] Stealth Rock
|-weather|Sandstorm|[from] ability: Sand Stream|[of] p2a: Tyranitar
|turn|16
|
|t:|1776058792
|move|p1a: Mew|U-turn|p2a: Tyranitar
|-supereffective|p2a: Tyranitar
|-damage|p2a: Tyranitar|35/100
|
|t:|1776058797
|switch|p1a: Torkoal|Torkoal, F|76/100|[from] U-turn
|-weather|SunnyDay|[from] ability: Drought|[of] p1a: Torkoal
|move|p2a: Tyranitar|Stealth Rock|p1a: Torkoal
|-sidestart|p1: feeeeed225615|move: Stealth Rock
|
|-weather|SunnyDay|[upkeep]
|upkeep
|turn|17
|
|t:|1776058807
|switch|p2a: Slowking|Slowking-Galar, M|100/100
|-damage|p2a: Slowking|88/100|[from] Stealth Rock
|move|p1a: Torkoal|Earth Power|p2a: Slowking
|-supereffective|p2a: Slowking
|-damage|p2a: Slowking|66/100
|
|-weather|SunnyDay|[upkeep]
|upkeep
|turn|18
|
|t:|1776058818
|move|p2a: Slowking|Psyshock|p1a: Torkoal
|-damage|p1a: Torkoal|53/100
|move|p1a: Torkoal|Rapid Spin|p2a: Slowking
|-damage|p2a: Slowking|58/100
|-boost|p1a: Torkoal|spe|1
|-sideend|p1: feeeeed225615|Stealth Rock|[from] move: Rapid Spin|[of] p1a: Torkoal
|
|-weather|SunnyDay|[upkeep]
|upkeep
|turn|19
|
|t:|1776058827
|move|p1a: Torkoal|Temper Flare|p2a: Slowking
|-damage|p2a: Slowking|29/100
|move|p2a: Slowking|Sludge Bomb|p1a: Torkoal
|-damage|p1a: Torkoal|4/100
|
|-weather|SunnyDay|[upkeep]
|upkeep
|turn|20
|
|t:|1776058834
|switch|p2a: Tyranitar|Tyranitar, F|35/100
|-damage|p2a: Tyranitar|23/100|[from] Stealth Rock
|-weather|Sandstorm|[from] ability: Sand Stream|[of] p2a: Tyranitar
|move|p1a: Torkoal|Temper Flare|p2a: Tyranitar
|-resisted|p2a: Tyranitar
|-damage|p2a: Tyranitar|14/100
|
|-weather|Sandstorm|[upkeep]
|-damage|p1a: Torkoal|0 fnt|[from] Sandstorm
|faint|p1a: Torkoal
|upkeep
|
|t:|1776058852
|switch|p1a: Blaziken|Blaziken, M|100/100
|turn|21
|
|t:|1776058856
|move|p1a: Blaziken|Protect|p1a: Blaziken
|-singleturn|p1a: Blaziken|Protect
|move|p2a: Tyranitar|Thunder Wave|p1a: Blaziken
|-activate|p1a: Blaziken|move: Protect
|
|-weather|Sandstorm|[upkeep]
|-damage|p1a: Blaziken|95/100|[from] Sandstorm
|-ability|p1a: Blaziken|Speed Boost|boost
|-boost|p1a: Blaziken|spe|1
|upkeep
|turn|22
|
|t:|1776058867
|move|p1a: Blaziken|U-turn|p2a: Tyranitar
|-supereffective|p2a: Tyranitar
|-damage|p2a: Tyranitar|0 fnt
|faint|p2a: Tyranitar
|
|t:|1776058880
|switch|p1a: Mew|Mew|86/100 brn|[from] U-turn
|
|-weather|Sandstorm|[upkeep]
|-damage|p1a: Mew|79/100 brn|[from] Sandstorm
|-heal|p1a: Mew|86/100 brn|[from] item: Leftovers
|-damage|p1a: Mew|79/100 brn|[from] brn
|upkeep
|
|t:|1776058899
|switch|p2a: Slowking|Slowking-Galar, M|63/100
|-damage|p2a: Slowking|50/100|[from] Stealth Rock
|turn|23
|
|t:|1776058926
|move|p1a: Mew|Earthquake|p2a: Slowking
|-supereffective|p2a: Slowking
|-damage|p2a: Slowking|31/100
|move|p2a: Slowking|Sludge Bomb|p1a: Mew
|-crit|p1a: Mew
|-damage|p1a: Mew|36/100 brn
|
|-weather|Sandstorm|[upkeep]
|-damage|p1a: Mew|30/100 brn|[from] Sandstorm
|-damage|p2a: Slowking|25/100|[from] Sandstorm
|-heal|p1a: Mew|36/100 brn|[from] item: Leftovers
|-damage|p1a: Mew|30/100 brn|[from] brn
|upkeep
|turn|24
|
|t:|1776058937
|move|p1a: Mew|Earthquake|p2a: Slowking
|-supereffective|p2a: Slowking
|-damage|p2a: Slowking|8/100
|move|p2a: Slowking|Psyshock|p1a: Mew
|-resisted|p1a: Mew
|-damage|p1a: Mew|17/100 brn
|
|-weather|Sandstorm|[upkeep]
|-damage|p1a: Mew|11/100 brn|[from] Sandstorm
|-damage|p2a: Slowking|2/100|[from] Sandstorm
|-heal|p1a: Mew|17/100 brn|[from] item: Leftovers
|-damage|p1a: Mew|11/100 brn|[from] brn
|upkeep
|turn|25
|
|t:|1776058951
|switch|p2a: Hydrapple|Hydrapple, M|100/100
|move|p1a: Mew|Earthquake|p2a: Hydrapple
|-resisted|p2a: Hydrapple
|-damage|p2a: Hydrapple|97/100
|
|-weather|Sandstorm|[upkeep]
|-damage|p1a: Mew|5/100 brn|[from] Sandstorm
|-damage|p2a: Hydrapple|91/100|[from] Sandstorm
|-heal|p1a: Mew|11/100 brn|[from] item: Leftovers
|-damage|p1a: Mew|5/100 brn|[from] brn
|upkeep
|turn|26
|
|t:|1776058971
|switch|p1a: Blaziken|Blaziken, M|95/100
|switch|p2a: Slowking|Slowking-Galar, M|36/100
|-damage|p2a: Slowking|23/100|[from] Stealth Rock
|
|-weather|Sandstorm|[upkeep]
|-damage|p1a: Blaziken|89/100|[from] Sandstorm
|-damage|p2a: Slowking|17/100|[from] Sandstorm
|upkeep
|turn|27
|
|t:|1776058979
|move|p1a: Blaziken|Protect|p1a: Blaziken
|-singleturn|p1a: Blaziken|Protect
|move|p2a: Slowking|Psyshock|p1a: Blaziken
|-activate|p1a: Blaziken|move: Protect
|
|-weather|none
|-ability|p1a: Blaziken|Speed Boost|boost
|-boost|p1a: Blaziken|spe|1
|upkeep
|turn|28
|
|t:|1776058991
|move|p1a: Blaziken|Overheat|p2a: Slowking
|-damage|p2a: Slowking|0 fnt
|-unboost|p1a: Blaziken|spa|2
|faint|p2a: Slowking
|
|-ability|p1a: Blaziken|Speed Boost|boost
|-boost|p1a: Blaziken|spe|1
|upkeep
|
|t:|1776059000
|switch|p2a: Excadrill|Excadrill, F|100/100
|-damage|p2a: Excadrill|97/100|[from] Stealth Rock
|-item|p2a: Excadrill|Air Balloon
|turn|29
|
|t:|1776059059
|move|p1a: Blaziken|U-turn|p2a: Excadrill
|-resisted|p2a: Excadrill
|-damage|p2a: Excadrill|84/100
|-enditem|p2a: Excadrill|Air Balloon
|
|t:|1776059067
|switch|p1a: Mew|Mew|5/100 brn|[from] U-turn
|move|p2a: Excadrill|Earthquake|p1a: Mew
|-damage|p1a: Mew|0 fnt
|faint|p1a: Mew
|
|upkeep
|
|t:|1776059075
|switch|p1a: Blaziken|Blaziken, M|89/100
|turn|30
|
|t:|1776059082
|move|p1a: Blaziken|Protect|p1a: Blaziken
|-singleturn|p1a: Blaziken|Protect
|move|p2a: Excadrill|Earthquake|p1a: Blaziken
|-activate|p1a: Blaziken|move: Protect
|
|-ability|p1a: Blaziken|Speed Boost|boost
|-boost|p1a: Blaziken|spe|1
|upkeep
|turn|31
|
|t:|1776059099
|-terastallize|p1a: Blaziken|Flying
|-terastallize|p2a: Excadrill|Fire
|move|p1a: Blaziken|Close Combat|p2a: Excadrill
|-crit|p2a: Excadrill
|-damage|p2a: Excadrill|0 fnt
|-unboost|p1a: Blaziken|def|1
|-unboost|p1a: Blaziken|spd|1
|faint|p2a: Excadrill
|
|-ability|p1a: Blaziken|Speed Boost|boost
|-boost|p1a: Blaziken|spe|1
|upkeep
|
|t:|1776059107
|switch|p2a: Hydrapple|Hydrapple, M|100/100
|turn|32
|
|t:|1776059112
|move|p1a: Blaziken|Overheat|p2a: Hydrapple
|-damage|p2a: Hydrapple|41/100
|-unboost|p1a: Blaziken|spa|2
|move|p2a: Hydrapple|Fickle Beam|p1a: Blaziken
|-damage|p1a: Blaziken|21/100
|
|-ability|p1a: Blaziken|Speed Boost|boost
|-boost|p1a: Blaziken|spe|1
|upkeep
|turn|33
|
|t:|1776059126
|move|p1a: Blaziken|Overheat|p2a: Hydrapple|[miss]
|-miss|p1a: Blaziken|p2a: Hydrapple
|move|p2a: Hydrapple|Fickle Beam|p1a: Blaziken|[anim] Fickle Beam All Out
|-activate|p2a: Hydrapple|move: Fickle Beam
|-damage|p1a: Blaziken|0 fnt
|faint|p1a: Blaziken
|
|upkeep
|
|t:|1776059132
|switch|p1a: Gallade|Gallade, M|23/100 brn
|turn|34
|
|t:|1776059145
|switch|p2a: Zamazenta|Zamazenta|100/100
|-damage|p2a: Zamazenta|94/100|[from] Stealth Rock
|-ability|p2a: Zamazenta|Dauntless Shield|boost
|-boost|p2a: Zamazenta|def|1
|move|p1a: Gallade|Sacred Sword|p2a: Zamazenta
|-damage|p2a: Zamazenta|67/100
|-damage|p1a: Gallade|13/100 brn|[from] item: Life Orb
|
|-heal|p2a: Zamazenta|73/100|[from] item: Leftovers
|-damage|p1a: Gallade|7/100 brn|[from] brn
|upkeep
|turn|35
|
|t:|1776059156
|move|p2a: Zamazenta|Crunch|p1a: Gallade
|-damage|p1a: Gallade|0 fnt
|faint|p1a: Gallade
|
|win|p8tience
|raw|feeeeed225615's rating: 1078 &rarr; <strong>1058</strong><br />(-20 for losing)
|raw|p8tience's rating: 1101 &rarr; <strong>1124</strong><br />(+23 for winning)
|l|☆feeeeed225615
|player|p1|
