|html|<div class="broadcast-blue"><strong>[Gen 9] OU is currently suspecting Tera Blast! For information on how to participate check out the <a href="https://www.smogon.com/tools/suspects/view/200">suspect thread</a>.</strong></div>
|j|☆TheMutanabbi
|j|☆pinapog2
|t:|1776273731
|gametype|singles
|player|p1|TheMutanabbi|lucas|1428
|player|p2|pinapog2|170|1368
|gen|9
|tier|[Gen 9] OU
|rated|
|rule|HP Percentage Mod: HP is shown in percentages
|rule|Endless Battle Clause: Forcing endless battles is banned
|rule|Species Clause: Limit one of each Pokémon
|rule|OHKO Clause: OHKO moves are banned
|rule|Evasion Items Clause: Evasion items are banned
|rule|Evasion Moves Clause: Evasion moves are banned
|rule|Evasion Abilities Clause: Evasion abilities are banned
|rule|Sleep Moves Clause: Sleep-inducing moves are banned
|clearpoke
|poke|p1|Arcanine-Hisui, M|
|poke|p1|Slowking-Galar, F|
|poke|p1|Corviknight, M|
|poke|p1|Primarina, M|
|poke|p1|Meowscarada, F|
|poke|p1|Great Tusk|
|poke|p2|Gliscor, F|
|poke|p2|Heatran, F|
|poke|p2|Sinistcha|
|poke|p2|Corviknight, M|
|poke|p2|Tentacruel, F|
|poke|p2|Darkrai|
|teampreview
|inactive|Battle timer is ON: inactive players will automatically lose when time's up. (requested by pinapog2)
|
|t:|1776273741
|teamsize|p1|6
|teamsize|p2|6
|start
|switch|p1a: Meowscarada|Meowscarada, F|100/100
|switch|p2a: Klaw|Gliscor, F|100/100
|turn|1
|
|t:|1776273747
|move|p2a: Klaw|Protect|p2a: Klaw
|-singleturn|p2a: Klaw|Protect
|move|p1a: Meowscarada|Triple Axel|p2a: Klaw
|-start|p1a: Meowscarada|typechange|Ice|[from] ability: Protean
|-activate|p2a: Klaw|move: Protect
|
|-status|p2a: Klaw|tox|[from] item: Toxic Orb
|upkeep
|turn|2
|
|t:|1776273753
|switch|p2a: MEGA KNIGHT|Corviknight, M|100/100
|-ability|p2a: MEGA KNIGHT|Pressure
|move|p1a: Meowscarada|Triple Axel|p2a: MEGA KNIGHT
|-crit|p2a: MEGA KNIGHT
|-damage|p2a: MEGA KNIGHT|92/100
|-damage|p1a: Meowscarada|84/100|[from] item: Rocky Helmet|[of] p2a: MEGA KNIGHT
|-damage|p2a: MEGA KNIGHT|80/100
|-damage|p1a: Meowscarada|68/100|[from] item: Rocky Helmet|[of] p2a: MEGA KNIGHT
|-damage|p2a: MEGA KNIGHT|62/100
|-damage|p1a: Meowscarada|51/100|[from] item: Rocky Helmet|[of] p2a: MEGA KNIGHT
|-hitcount|p2a: MEGA KNIGHT|3
|
|upkeep
|turn|3
|
|t:|1776273764
|switch|p1a: Corviknight|Corviknight, M|100/100
|-ability|p1a: Corviknight|Pressure
|move|p2a: MEGA KNIGHT|U-turn|p1a: Corviknight
|-resisted|p1a: Corviknight
|-damage|p1a: Corviknight|98/100
|-damage|p2a: MEGA KNIGHT|46/100|[from] item: Rocky Helmet|[of] p1a: Corviknight
|
|t:|1776273767
|switch|p2a: Klaw|Gliscor, F|100/100 tox|[from] U-turn
|
|upkeep
|turn|4
|
|t:|1776273773
|move|p2a: Klaw|Spikes|p1a: Corviknight
|-sidestart|p1: TheMutanabbi|Spikes
|move|p1a: Corviknight|U-turn|p2a: Klaw
|-resisted|p2a: Klaw
|-damage|p2a: Klaw|94/100 tox
|
|t:|1776273786
|switch|p1a: Primarina|Primarina, M|100/100|[from] U-turn
|-damage|p1a: Primarina|88/100|[from] Spikes
|
|-heal|p2a: Klaw|100/100 tox|[from] ability: Poison Heal
|upkeep
|turn|5
|
|t:|1776273794
|switch|p2a: Ludwig|Tentacruel, F, shiny|100/100
|move|p1a: Primarina|Surf|p2a: Ludwig
|-resisted|p2a: Ludwig
|-damage|p2a: Ludwig|77/100
|
|upkeep
|turn|6
|
|t:|1776273801
|move|p2a: Ludwig|Sludge Bomb|p1a: Primarina
|-supereffective|p1a: Primarina
|-damage|p1a: Primarina|44/100
|move|p1a: Primarina|Psychic Noise|p2a: Ludwig
|-supereffective|p2a: Ludwig
|-damage|p2a: Ludwig|22/100
|-start|p2a: Ludwig|move: Heal Block
|
|upkeep
|turn|7
|
|t:|1776273811
|switch|p1a: Corviknight|Corviknight, M|98/100
|-ability|p1a: Corviknight|Pressure
|move|p2a: Ludwig|Sludge Bomb|p1a: Corviknight
|-immune|p1a: Corviknight
|
|-end|p2a: Ludwig|move: Heal Block
|upkeep
|turn|8
|
|t:|1776273819
|move|p2a: Ludwig|Knock Off|p1a: Corviknight
|-damage|p1a: Corviknight|90/100
|-damage|p2a: Ludwig|5/100|[from] item: Rocky Helmet|[of] p1a: Corviknight
|-enditem|p1a: Corviknight|Rocky Helmet|[from] move: Knock Off|[of] p2a: Ludwig
|move|p1a: Corviknight|Brave Bird|p2a: Ludwig
|-damage|p2a: Ludwig|0 fnt
|faint|p2a: Ludwig
|-damage|p1a: Corviknight|89/100|[from] Recoil
|
|upkeep
|
|t:|1776273825
|switch|p2a: Lumian|Heatran, F|100/100
|turn|9
|
|t:|1776273834
|switch|p1a: Primarina|Primarina, M|44/100
|-damage|p1a: Primarina|32/100|[from] Spikes
|move|p2a: Lumian|Stealth Rock|p1a: Primarina
|-sidestart|p1: TheMutanabbi|move: Stealth Rock
|
|upkeep
|turn|10
|
|t:|1776273853
|move|p2a: Lumian|Magma Storm|p1a: Primarina
|-resisted|p1a: Primarina
|-damage|p1a: Primarina|20/100
|-activate|p1a: Primarina|move: Magma Storm|[of] p2a: Lumian
|move|p1a: Primarina|Flip Turn|p2a: Lumian
|-supereffective|p2a: Lumian
|-damage|p2a: Lumian|63/100
|
|t:|1776273873
|switch|p1a: Great Tusk|Great Tusk|100/100|[from] Flip Turn
|
|-heal|p2a: Lumian|69/100|[from] item: Leftovers
|upkeep
|turn|11
|
|t:|1776273885
|switch|p2a: Charlie Kirsch|Sinistcha|100/100
|move|p1a: Great Tusk|Headlong Rush|p2a: Charlie Kirsch
|-resisted|p2a: Charlie Kirsch
|-damage|p2a: Charlie Kirsch|77/100
|-unboost|p1a: Great Tusk|def|1
|-unboost|p1a: Great Tusk|spd|1
|
|upkeep
|turn|12
|
|t:|1776273896
|-end|p1a: Great Tusk|Protosynthesis|[silent]
|switch|p1a: Primarina|Primarina, M|20/100
|-damage|p1a: Primarina|7/100|[from] Spikes
|-damage|p1a: Primarina|0 fnt|[from] Stealth Rock
|faint|p1a: Primarina
|move|p2a: Charlie Kirsch|Strength Sap|p1: Primarina|[notarget]
|-fail|p2a: Charlie Kirsch
|
|upkeep
|inactive|TheMutanabbi has 120 seconds left.
|
|t:|1776273912
|switch|p1a: Arcanine|Arcanine-Hisui, M|100/100
|-damage|p1a: Arcanine|88/100|[from] Spikes
|-damage|p1a: Arcanine|63/100|[from] Stealth Rock
|turn|13
|
|t:|1776273917
|switch|p2a: Lumian|Heatran, F|69/100
|move|p1a: Arcanine|Head Smash|p2a: Lumian
|-damage|p2a: Lumian|0 fnt
|faint|p2a: Lumian
|
|upkeep
|
|t:|1776273920
|switch|p2a: Klaw|Gliscor, F|100/100 tox
|turn|14
|
|t:|1776273935
|switch|p1a: Corviknight|Corviknight, M|89/100
|-damage|p1a: Corviknight|77/100|[from] Stealth Rock
|-ability|p1a: Corviknight|Pressure
|move|p2a: Klaw|Knock Off|p1a: Corviknight
|-damage|p1a: Corviknight|68/100
|
|upkeep
|turn|15
|
|t:|1776273943
|move|p2a: Klaw|Spikes|p1a: Corviknight
|-sidestart|p1: TheMutanabbi|Spikes
|move|p1a: Corviknight|Roost|p1a: Corviknight
|-heal|p1a: Corviknight|100/100
|-singleturn|p1a: Corviknight|move: Roost
|
|upkeep
|turn|16
|
|t:|1776273950
|move|p2a: Klaw|Spikes|p1a: Corviknight
|-sidestart|p1: TheMutanabbi|Spikes
|move|p1a: Corviknight|U-turn|p2a: Klaw
|-resisted|p2a: Klaw
|-damage|p2a: Klaw|95/100 tox
|
|t:|1776273959
|switch|p1a: Great Tusk|Great Tusk|100/100|[from] U-turn
|
|-heal|p2a: Klaw|100/100 tox|[from] ability: Poison Heal
|upkeep
|turn|17
|
|t:|1776273963
|switch|p2a: Charlie Kirsch|Sinistcha|77/100
|move|p1a: Great Tusk|Stealth Rock|p2a: Charlie Kirsch
|-sidestart|p2: pinapog2|move: Stealth Rock
|
|upkeep
|turn|18
|
|t:|1776273975
|-end|p1a: Great Tusk|Protosynthesis|[silent]
|switch|p1a: Slowking|Slowking-Galar, F|100/100
|move|p2a: Charlie Kirsch|Calm Mind|p2a: Charlie Kirsch
|-boost|p2a: Charlie Kirsch|spa|1
|-boost|p2a: Charlie Kirsch|spd|1
|
|upkeep
|turn|19
|
|t:|1776273986
|move|p2a: Charlie Kirsch|Shadow Ball|p1a: Slowking
|-supereffective|p1a: Slowking
|-damage|p1a: Slowking|45/100
|-unboost|p1a: Slowking|spd|1
|move|p1a: Slowking|Sludge Bomb|p2a: Charlie Kirsch
|-damage|p2a: Charlie Kirsch|52/100
|
|upkeep
|turn|20
|
|t:|1776274006
|switch|p1a: Corviknight|Corviknight, M|100/100
|-damage|p1a: Corviknight|88/100|[from] Stealth Rock
|-ability|p1a: Corviknight|Pressure
|move|p2a: Charlie Kirsch|Strength Sap|p1a: Corviknight
|-unboost|p1a: Corviknight|atk|1
|-heal|p2a: Charlie Kirsch|100/100
|
|upkeep
|turn|21
|
|t:|1776274018
|move|p2a: Charlie Kirsch|Shadow Ball|p1a: Corviknight
|-damage|p1a: Corviknight|39/100
|-unboost|p1a: Corviknight|spd|1
|move|p1a: Corviknight|U-turn|p2a: Charlie Kirsch
|-damage|p2a: Charlie Kirsch|94/100
|
|t:|1776274033
|switch|p1a: Arcanine|Arcanine-Hisui, M|63/100|[from] U-turn
|-damage|p1a: Arcanine|38/100|[from] Spikes
|-damage|p1a: Arcanine|13/100|[from] Stealth Rock
|
|upkeep
|turn|22
|
|t:|1776274041
|move|p1a: Arcanine|Flare Blitz|p2a: Charlie Kirsch
|-supereffective|p2a: Charlie Kirsch
|-damage|p2a: Charlie Kirsch|33/100
|move|p2a: Charlie Kirsch|Shadow Ball|p1a: Arcanine
|-damage|p1a: Arcanine|0 fnt
|faint|p1a: Arcanine
|
|upkeep
|
|t:|1776274065
|switch|p1a: Meowscarada|Meowscarada, F|51/100
|-damage|p1a: Meowscarada|26/100|[from] Spikes
|-damage|p1a: Meowscarada|14/100|[from] Stealth Rock
|turn|23
|
|t:|1776274071
|switch|p2a: MEGA KNIGHT|Corviknight, M|46/100
|-damage|p2a: MEGA KNIGHT|34/100|[from] Stealth Rock
|-ability|p2a: MEGA KNIGHT|Pressure
|move|p1a: Meowscarada|Knock Off|p2a: MEGA KNIGHT
|-start|p1a: Meowscarada|typechange|Dark|[from] ability: Protean
|-damage|p2a: MEGA KNIGHT|8/100
|-damage|p1a: Meowscarada|0 fnt|[from] item: Rocky Helmet|[of] p2a: MEGA KNIGHT
|faint|p1a: Meowscarada
|
|upkeep
|
|t:|1776274080
|switch|p1a: Great Tusk|Great Tusk|100/100
|turn|24
|
|t:|1776274087
|move|p1a: Great Tusk|Headlong Rush|p2a: MEGA KNIGHT
|-immune|p2a: MEGA KNIGHT
|move|p2a: MEGA KNIGHT|Roost|p2a: MEGA KNIGHT
|-heal|p2a: MEGA KNIGHT|58/100
|-singleturn|p2a: MEGA KNIGHT|move: Roost
|
|upkeep
|turn|25
|
|t:|1776274094
|move|p1a: Great Tusk|Headlong Rush|p2a: MEGA KNIGHT
|-immune|p2a: MEGA KNIGHT
|move|p2a: MEGA KNIGHT|Roost|p2a: MEGA KNIGHT
|-heal|p2a: MEGA KNIGHT|100/100
|-singleturn|p2a: MEGA KNIGHT|move: Roost
|
|upkeep
|turn|26
|
|t:|1776274098
|move|p1a: Great Tusk|Headlong Rush|p2a: MEGA KNIGHT
|-immune|p2a: MEGA KNIGHT
|move|p2a: MEGA KNIGHT|Iron Defense|p2a: MEGA KNIGHT
|-boost|p2a: MEGA KNIGHT|def|2
|
|upkeep
|turn|27
|
|t:|1776274101
|move|p1a: Great Tusk|Rapid Spin|p2a: MEGA KNIGHT
|-resisted|p2a: MEGA KNIGHT
|-damage|p2a: MEGA KNIGHT|98/100
|-boost|p1a: Great Tusk|spe|1
|-damage|p1a: Great Tusk|84/100|[from] item: Rocky Helmet|[of] p2a: MEGA KNIGHT
|-sideend|p1: TheMutanabbi|Spikes|[from] move: Rapid Spin|[of] p1a: Great Tusk
|-sideend|p1: TheMutanabbi|Stealth Rock|[from] move: Rapid Spin|[of] p1a: Great Tusk
|move|p2a: MEGA KNIGHT|Brave Bird|p1a: Great Tusk
|-supereffective|p1a: Great Tusk
|-damage|p1a: Great Tusk|32/100
|-damage|p2a: MEGA KNIGHT|82/100|[from] Recoil
|
|upkeep
|turn|28
|
|t:|1776274110
|move|p1a: Great Tusk|Close Combat|p2a: MEGA KNIGHT
|-damage|p2a: MEGA KNIGHT|61/100
|-unboost|p1a: Great Tusk|def|1
|-unboost|p1a: Great Tusk|spd|1
|-damage|p1a: Great Tusk|16/100|[from] item: Rocky Helmet|[of] p2a: MEGA KNIGHT
|move|p2a: MEGA KNIGHT|Brave Bird|p1a: Great Tusk
|-supereffective|p1a: Great Tusk
|-damage|p1a: Great Tusk|0 fnt
|faint|p1a: Great Tusk
|-end|p1a: Great Tusk|Protosynthesis|[silent]
|-damage|p2a: MEGA KNIGHT|56/100|[from] Recoil
|
|upkeep
|
|t:|1776274115
|switch|p1a: Slowking|Slowking-Galar, F|78/100
|turn|29
|
|t:|1776274117
|move|p2a: MEGA KNIGHT|Brave Bird|p1a: Slowking
|-damage|p1a: Slowking|39/100
|-damage|p2a: MEGA KNIGHT|43/100|[from] Recoil
|move|p1a: Slowking|Thunder Wave|p2a: MEGA KNIGHT
|-status|p2a: MEGA KNIGHT|par
|
|upkeep
|turn|30
|
|t:|1776274124
|move|p2a: MEGA KNIGHT|Roost|p2a: MEGA KNIGHT
|-heal|p2a: MEGA KNIGHT|93/100 par
|-singleturn|p2a: MEGA KNIGHT|move: Roost
|move|p1a: Slowking|Future Sight|p2a: MEGA KNIGHT
|-start|p1a: Slowking|move: Future Sight
|
|upkeep
|turn|31
|
|t:|1776274129
|move|p2a: MEGA KNIGHT|Brave Bird|p1a: Slowking
|-damage|p1a: Slowking|2/100
|-damage|p2a: MEGA KNIGHT|81/100 par|[from] Recoil
|-prepare|p1a: Slowking|Chilly Reception|[premajor]
|move|p1a: Slowking|Chilly Reception|p1a: Slowking
|-weather|Snowscape
|
|t:|1776274136
|switch|p1a: Corviknight|Corviknight, M|39/100|[from] Chilly Reception
|-ability|p1a: Corviknight|Pressure
|
|-weather|Snowscape|[upkeep]
|upkeep
|turn|32
|
|t:|1776274140
|switch|p2a: Amanises|Darkrai|100/100
|-damage|p2a: Amanises|88/100|[from] Stealth Rock
|move|p1a: Corviknight|Roost|p1a: Corviknight
|-heal|p1a: Corviknight|89/100
|-singleturn|p1a: Corviknight|move: Roost
|
|-weather|Snowscape|[upkeep]
|-end|p2a: Amanises|move: Future Sight
|-immune|p2a: Amanises
|upkeep
|turn|33
|
|t:|1776274147
|-terastallize|p2a: Amanises|Dark
|move|p2a: Amanises|Dark Pulse|p1a: Corviknight
|-damage|p1a: Corviknight|27/100
|cant|p1a: Corviknight|flinch
|
|-weather|Snowscape|[upkeep]
|upkeep
|turn|34
|
|t:|1776274156
|move|p2a: Amanises|Dark Pulse|p1a: Corviknight
|-damage|p1a: Corviknight|0 fnt
|faint|p1a: Corviknight
|
|-weather|Snowscape|[upkeep]
|upkeep
|
|t:|1776274159
|switch|p1a: Slowking|Slowking-Galar, F|35/100
|turn|35
|
|t:|1776274163
|-terastallize|p1a: Slowking|Water
|move|p2a: Amanises|Dark Pulse|p1a: Slowking
|-damage|p1a: Slowking|0 fnt
|faint|p1a: Slowking
|
|win|pinapog2
|raw|TheMutanabbi's rating: 1428 &rarr; <strong>1405</strong><br />(-23 for losing)
|raw|pinapog2's rating: 1368 &rarr; <strong>1391</strong><br />(+23 for winning)
|l|☆pinapog2
|player|p2|
|l|☆TheMutanabbi
|player|p1|
|j|☆pinapog2
|player|p2|pinapog2|170|
