|html|<div class="broadcast-blue"><strong>[Gen 9] OU is currently suspecting Tera Blast! For information on how to participate check out the <a href="https://www.smogon.com/tools/suspects/view/200">suspect thread</a>.</strong></div>
|j|☆alexis dipoalo
|j|☆Dued03
|t:|1776094080
|gametype|singles
|player|p1|alexis dipoalo|pokemonbreederf|1431
|player|p2|Dued03|acetrainersnow|1375
|gen|9
|tier|[Gen 9] OU
|rated|
|rule|HP Percentage Mod: HP is shown in percentages
|rule|Endless Battle Clause: Forcing endless battles is banned
|rule|Species Clause: Limit one of each Pokémon
|rule|OHKO Clause: OHKO moves are banned
|rule|Evasion Items Clause: Evasion items are banned
|rule|Evasion Moves Clause: Evasion moves are banned
|rule|Evasion Abilities Clause: Evasion abilities are banned
|rule|Sleep Moves Clause: Sleep-inducing moves are banned
|clearpoke
|poke|p1|Dondozo, M|
|poke|p1|Blissey, F|
|poke|p1|Gliscor, M|
|poke|p1|Toxapex, F|
|poke|p1|Mandibuzz, F|
|poke|p1|Talonflame, F|
|poke|p2|Skarmory, F|
|poke|p2|Clefable, M|
|poke|p2|Blastoise, M|
|poke|p2|Latias, F|
|poke|p2|Bisharp, M|
|poke|p2|Gholdengo|
|teampreview
|inactive|Battle timer is ON: inactive players will automatically lose when time's up. (requested by alexis dipoalo)
|
|t:|1776094088
|teamsize|p1|6
|teamsize|p2|6
|start
|switch|p1a: Gliscor|Gliscor, M|100/100
|switch|p2a: Clefable|Clefable, M|100/100
|turn|1
|
|t:|1776094092
|move|p1a: Gliscor|Protect|p1a: Gliscor
|-singleturn|p1a: Gliscor|Protect
|move|p2a: Clefable|Knock Off|p1a: Gliscor
|-activate|p1a: Gliscor|move: Protect
|
|-status|p1a: Gliscor|tox|[from] item: Toxic Orb
|upkeep
|turn|2
|
|t:|1776094101
|switch|p2a: Skarmory|Skarmory, F|100/100
|move|p1a: Gliscor|Knock Off|p2a: Skarmory
|-damage|p2a: Skarmory|88/100
|-enditem|p2a: Skarmory|Aguav Berry|[from] move: Knock Off|[of] p1a: Gliscor
|
|upkeep
|turn|3
|
|t:|1776094106
|move|p1a: Gliscor|Spikes|p2a: Skarmory
|-sidestart|p2: Dued03|Spikes
|move|p2a: Skarmory|Stealth Rock|p1a: Gliscor
|-sidestart|p1: alexis dipoalo|move: Stealth Rock
|
|upkeep
|turn|4
|
|t:|1776094111
|switch|p2a: Clefable|Clefable, M|100/100
|move|p1a: Gliscor|Knock Off|p2a: Clefable
|-resisted|p2a: Clefable
|-damage|p2a: Clefable|90/100
|-enditem|p2a: Clefable|Choice Specs|[from] move: Knock Off|[of] p1a: Gliscor
|
|upkeep
|turn|5
|
|t:|1776094121
|switch|p1a: Toxapex|Toxapex, F|100/100
|-damage|p1a: Toxapex|88/100|[from] Stealth Rock
|move|p2a: Clefable|Trick|p1a: Toxapex
|-activate|p2a: Clefable|move: Trick|[of] p1a: Toxapex
|-enditem|p1a: Toxapex|Black Sludge|[silent]|[from] move: Trick
|-item|p2a: Clefable|Black Sludge|[from] move: Trick
|
|upkeep
|turn|6
|
|t:|1776094132
|switch|p2a: Skarmory|Skarmory, F|88/100
|move|p1a: Toxapex|Sludge Bomb|p2a: Skarmory
|-immune|p2a: Skarmory
|
|upkeep
|turn|7
|
|t:|1776094136
|move|p2a: Skarmory|Spikes|p1a: Toxapex
|-sidestart|p1: alexis dipoalo|Spikes
|move|p1a: Toxapex|Toxic Spikes|p2a: Skarmory
|-sidestart|p2: Dued03|move: Toxic Spikes
|
|upkeep
|turn|8
|
|t:|1776094141
|switch|p1a: Talonflame|Talonflame, F|100/100
|move|p2a: Skarmory|Spikes|p1a: Talonflame
|-sidestart|p1: alexis dipoalo|Spikes
|
|upkeep
|turn|9
|
|t:|1776094144
|switch|p2a: Clefable|Clefable, M|90/100
|-status|p2a: Clefable|psn
|move|p1a: Talonflame|Defog|p2a: Clefable
|-unboost|p2a: Clefable|evasion|1
|-sideend|p2: Dued03|Spikes|[from] move: Defog|[of] p1a: Talonflame
|-sideend|p2: Dued03|Toxic Spikes|[from] move: Defog|[of] p1a: Talonflame
|-sideend|p1: alexis dipoalo|Spikes|[from] move: Defog|[of] p1a: Talonflame
|-sideend|p1: alexis dipoalo|Stealth Rock|[from] move: Defog|[of] p1a: Talonflame
|
|upkeep
|turn|10
|
|t:|1776094150
|switch|p1a: Toxapex|Toxapex, F|100/100
|move|p2a: Clefable|Moonblast|p1a: Toxapex
|-resisted|p1a: Toxapex
|-damage|p1a: Toxapex|90/100
|
|upkeep
|turn|11
|
|t:|1776094160
|switch|p2a: Gholdengo|Gholdengo|100/100
|move|p1a: Toxapex|Toxic Spikes|p2a: Gholdengo
|-sidestart|p2: Dued03|move: Toxic Spikes
|
|upkeep
|turn|12
|
|t:|1776094168
|move|p2a: Gholdengo|Shadow Ball|p1a: Toxapex
|-damage|p1a: Toxapex|57/100
|move|p1a: Toxapex|Surf|p2a: Gholdengo
|-damage|p2a: Gholdengo|79/100
|
|upkeep
|turn|13
|
|t:|1776094174
|switch|p2a: Skarmory|Skarmory, F|88/100
|switch|p1a: Blissey|Blissey, F|100/100
|
|upkeep
|turn|14
|
|t:|1776094178
|switch|p1a: Talonflame|Talonflame, F|100/100
|move|p2a: Skarmory|Stealth Rock|p1a: Talonflame
|-sidestart|p1: alexis dipoalo|move: Stealth Rock
|
|upkeep
|turn|15
|
|t:|1776094183
|switch|p2a: Blastoise|Blastoise, M|100/100
|move|p1a: Talonflame|Defog|p2a: Blastoise
|-unboost|p2a: Blastoise|evasion|1
|-sideend|p2: Dued03|Toxic Spikes|[from] move: Defog|[of] p1a: Talonflame
|-sideend|p1: alexis dipoalo|Stealth Rock|[from] move: Defog|[of] p1a: Talonflame
|
|upkeep
|turn|16
|
|t:|1776094189
|switch|p1a: Toxapex|Toxapex, F|90/100
|move|p2a: Blastoise|Ice Beam|p1a: Toxapex
|-resisted|p1a: Toxapex
|-damage|p1a: Toxapex|82/100
|
|upkeep
|turn|17
|
|t:|1776094194
|switch|p2a: Skarmory|Skarmory, F|88/100
|move|p1a: Toxapex|Surf|p2a: Skarmory
|-damage|p2a: Skarmory|61/100
|
|upkeep
|turn|18
|
|t:|1776094198
|switch|p1a: Talonflame|Talonflame, F|100/100
|move|p2a: Skarmory|Stealth Rock|p1a: Talonflame
|-sidestart|p1: alexis dipoalo|move: Stealth Rock
|
|upkeep
|turn|19
|
|t:|1776094200
|move|p1a: Talonflame|Defog|p2a: Skarmory
|-unboost|p2a: Skarmory|evasion|1
|-sideend|p1: alexis dipoalo|Stealth Rock|[from] move: Defog|[of] p1a: Talonflame
|move|p2a: Skarmory|Whirlwind|p1a: Talonflame
|drag|p1a: Toxapex|Toxapex, F|100/100
|
|upkeep
|turn|20
|
|t:|1776094205
|switch|p1a: Talonflame|Talonflame, F|100/100
|move|p2a: Skarmory|Stealth Rock|p1a: Talonflame
|-sidestart|p1: alexis dipoalo|move: Stealth Rock
|
|upkeep
|turn|21
|
|t:|1776094207
|switch|p2a: Bisharp|Bisharp, M|100/100
|move|p1a: Talonflame|Defog|p2a: Bisharp
|-unboost|p2a: Bisharp|evasion|1
|-ability|p2a: Bisharp|Defiant|boost
|-boost|p2a: Bisharp|atk|2
|-sideend|p1: alexis dipoalo|Stealth Rock|[from] move: Defog|[of] p1a: Talonflame
|
|upkeep
|turn|22
|
|t:|1776094215
|switch|p1a: Dondozo|Dondozo, M|100/100
|switch|p2a: Clefable|Clefable, M|90/100 psn
|
|upkeep
|turn|23
|
|t:|1776094220
|switch|p1a: Toxapex|Toxapex, F|100/100
|move|p2a: Clefable|Knock Off|p1a: Toxapex
|-damage|p1a: Toxapex|93/100
|
|upkeep
|turn|24
|
|t:|1776094228
|move|p2a: Clefable|Moonblast|p1a: Toxapex
|-resisted|p1a: Toxapex
|-damage|p1a: Toxapex|83/100
|move|p1a: Toxapex|Surf|p2a: Clefable
|-damage|p2a: Clefable|77/100 psn
|
|upkeep
|turn|25
|
|t:|1776094233
|move|p2a: Clefable|Moonblast|p1a: Toxapex
|-resisted|p1a: Toxapex
|-damage|p1a: Toxapex|72/100
|move|p1a: Toxapex|Toxic Spikes|p2a: Clefable
|-sidestart|p2: Dued03|move: Toxic Spikes
|
|upkeep
|turn|26
|
|t:|1776094238
|move|p2a: Clefable|Moonblast|p1a: Toxapex
|-resisted|p1a: Toxapex
|-damage|p1a: Toxapex|60/100
|move|p1a: Toxapex|Surf|p2a: Clefable
|-damage|p2a: Clefable|63/100 psn
|
|upkeep
|turn|27
|
|t:|1776094246
|move|p2a: Clefable|Moonlight|p2a: Clefable
|-heal|p2a: Clefable|100/100 psn
|move|p1a: Toxapex|Sludge Bomb|p2a: Clefable
|-supereffective|p2a: Clefable
|-damage|p2a: Clefable|77/100 psn
|
|upkeep
|turn|28
|
|t:|1776094254
|switch|p2a: Skarmory|Skarmory, F|61/100
|move|p1a: Toxapex|Surf|p2a: Skarmory
|-damage|p2a: Skarmory|34/100
|
|upkeep
|turn|29
|
|t:|1776094257
|switch|p1a: Talonflame|Talonflame, F|100/100
|move|p2a: Skarmory|Roost|p2a: Skarmory
|-heal|p2a: Skarmory|84/100
|-singleturn|p2a: Skarmory|move: Roost
|
|upkeep
|turn|30
|
|t:|1776094264
|switch|p2a: Clefable|Clefable, M|77/100 psn
|move|p1a: Talonflame|Will-O-Wisp||[still]
|-fail|p1a: Talonflame
|
|upkeep
|turn|31
|
|t:|1776094286
|switch|p1a: Toxapex|Toxapex, F|94/100
|move|p2a: Clefable|Knock Off|p1a: Toxapex
|-damage|p1a: Toxapex|87/100
|
|upkeep
|turn|32
|
|t:|1776094297
|switch|p2a: Latias|Latias, F|100/100
|move|p1a: Toxapex|Surf|p2a: Latias
|-resisted|p2a: Latias
|-damage|p2a: Latias|96/100
|
|-heal|p2a: Latias|100/100|[from] item: Leftovers
|upkeep
|turn|33
|
|t:|1776094305
|move|p2a: Latias|Calm Mind|p2a: Latias
|-boost|p2a: Latias|spa|1
|-boost|p2a: Latias|spd|1
|move|p1a: Toxapex|Sludge Bomb|p2a: Latias
|-damage|p2a: Latias|94/100
|
|-heal|p2a: Latias|99/100|[from] item: Leftovers
|upkeep
|turn|34
|
|t:|1776094311
|switch|p1a: Mandibuzz|Mandibuzz, F|100/100
|move|p2a: Latias|Mist Ball|p1a: Mandibuzz
|-immune|p1a: Mandibuzz
|
|-heal|p2a: Latias|100/100|[from] item: Leftovers
|upkeep
|turn|35
|
|t:|1776094314
|switch|p2a: Skarmory|Skarmory, F|84/100
|move|p1a: Mandibuzz|Toxic|p2a: Skarmory
|-immune|p2a: Skarmory
|
|upkeep
|turn|36
|
|t:|1776094318
|switch|p1a: Talonflame|Talonflame, F|100/100
|move|p2a: Skarmory|Stealth Rock|p1a: Talonflame
|-sidestart|p1: alexis dipoalo|move: Stealth Rock
|
|upkeep
|turn|37
|
|t:|1776094324
|switch|p2a: Clefable|Clefable, M|77/100 psn
|move|p1a: Talonflame|Defog|p2a: Clefable
|-unboost|p2a: Clefable|evasion|1
|-sideend|p2: Dued03|Toxic Spikes|[from] move: Defog|[of] p1a: Talonflame
|-sideend|p1: alexis dipoalo|Stealth Rock|[from] move: Defog|[of] p1a: Talonflame
|
|upkeep
|turn|38
|-message|Dued03 forfeited.
|
|win|alexis dipoalo
|raw|alexis dipoalo's rating: 1431 &rarr; <strong>1448</strong><br />(+17 for winning)
|raw|Dued03's rating: 1375 &rarr; <strong>1358</strong><br />(-17 for losing)
|l|☆Dued03
|player|p2|
|l|☆alexis dipoalo
|player|p1|
