|html|<div class="broadcast-blue"><strong>[Gen 9] OU is currently suspecting Tera Blast! For information on how to participate check out the <a href="https://www.smogon.com/tools/suspects/view/200">suspect thread</a>.</strong></div>
|j|☆nucl
|j|☆noodles20000
|t:|1776249012
|gametype|singles
|player|p1|nucl|102|1188
|player|p2|noodles20000|pokekid|1174
|gen|9
|tier|[Gen 9] OU
|rated|
|rule|HP Percentage Mod: HP is shown in percentages
|rule|Endless Battle Clause: Forcing endless battles is banned
|rule|Species Clause: Limit one of each Pokémon
|rule|OHKO Clause: OHKO moves are banned
|rule|Evasion Items Clause: Evasion items are banned
|rule|Evasion Moves Clause: Evasion moves are banned
|rule|Evasion Abilities Clause: Evasion abilities are banned
|rule|Sleep Moves Clause: Sleep-inducing moves are banned
|clearpoke
|poke|p1|Kingambit, F|
|poke|p1|Samurott-Hisui, M|
|poke|p1|Great Tusk|
|poke|p1|Iron Valiant|
|poke|p1|Zamazenta-*|
|poke|p1|Corviknight, M|
|poke|p2|Hatterene, F|
|poke|p2|Cresselia, F|
|poke|p2|Ursaluna, M|
|poke|p2|Iron Hands|
|poke|p2|Hoopa-Unbound|
|poke|p2|Porygon2|
|teampreview
|inactive|Battle timer is ON: inactive players will automatically lose when time's up. (requested by noodles20000)
|
|t:|1776249017
|teamsize|p1|6
|teamsize|p2|6
|start
|switch|p1a: Samurott|Samurott-Hisui, M|100/100
|switch|p2a: Hatterene|Hatterene, F|100/100
|turn|1
|
|t:|1776249021
|move|p1a: Samurott|Ceaseless Edge|p2a: Hatterene
|-damage|p2a: Hatterene|43/100
|-sidestart|p2: noodles20000|Spikes
|move|p2a: Hatterene|Trick Room|p2a: Hatterene
|-fieldstart|move: Trick Room|[of] p2a: Hatterene
|
|upkeep
|turn|2
|
|t:|1776249032
|switch|p1a: Corviknight|Corviknight, M|100/100
|-ability|p1a: Corviknight|Pressure
|move|p2a: Hatterene|Misty Explosion|p1a: Corviknight
|-resisted|p1a: Corviknight
|-crit|p1a: Corviknight
|-damage|p1a: Corviknight|60/100
|faint|p2a: Hatterene
|
|upkeep
|
|t:|1776249042
|switch|p2a: Ursaluna|Ursaluna, M|100/100
|-damage|p2a: Ursaluna|88/100|[from] Spikes
|turn|3
|
|t:|1776249068
|switch|p1a: Samurott|Samurott-Hisui, M|100/100
|move|p2a: Ursaluna|Fire Punch|p1a: Samurott
|-resisted|p1a: Samurott
|-damage|p1a: Samurott|80/100
|
|-status|p2a: Ursaluna|brn|[from] item: Flame Orb
|upkeep
|turn|4
|inactive|nucl has 120 seconds left.
|
|t:|1776249087
|move|p2a: Ursaluna|Facade|p1a: Samurott
|-damage|p1a: Samurott|0 fnt
|faint|p1a: Samurott
|
|-damage|p2a: Ursaluna|82/100 brn|[from] brn
|upkeep
|
|t:|1776249091
|switch|p1a: Zamazenta|Zamazenta|100/100
|-ability|p1a: Zamazenta|Dauntless Shield|boost
|-boost|p1a: Zamazenta|def|1
|turn|5
|
|t:|1776249098
|move|p2a: Ursaluna|Headlong Rush|p1a: Zamazenta
|-damage|p1a: Zamazenta|44/100
|-unboost|p2a: Ursaluna|def|1
|-unboost|p2a: Ursaluna|spd|1
|move|p1a: Zamazenta|Body Press|p2a: Ursaluna
|-supereffective|p2a: Ursaluna
|-damage|p2a: Ursaluna|0 fnt
|faint|p2a: Ursaluna
|
|-heal|p1a: Zamazenta|50/100|[from] item: Leftovers
|-fieldend|move: Trick Room
|upkeep
|
|t:|1776249107
|switch|p2a: Hoopa|Hoopa-Unbound|100/100
|turn|6
|
|t:|1776249115
|switch|p1a: Corviknight|Corviknight, M|60/100
|-ability|p1a: Corviknight|Pressure
|move|p2a: Hoopa|Trick Room|p2a: Hoopa
|-fieldstart|move: Trick Room|[of] p2a: Hoopa
|
|upkeep
|turn|7
|
|t:|1776249120
|move|p2a: Hoopa|Focus Blast|p1a: Corviknight
|-damage|p1a: Corviknight|11/100
|move|p1a: Corviknight|Roost|p1a: Corviknight
|-heal|p1a: Corviknight|61/100
|-singleturn|p1a: Corviknight|move: Roost
|
|upkeep
|turn|8
|
|t:|1776249126
|move|p2a: Hoopa|Psychic Noise|p1a: Corviknight
|-resisted|p1a: Corviknight
|-damage|p1a: Corviknight|39/100
|-start|p1a: Corviknight|move: Heal Block
|cant|p1a: Corviknight|move: Heal Block|Roost
|
|upkeep
|turn|9
|inactive|nucl has 120 seconds left.
|
|t:|1776249163
|switch|p1a: Zamazenta|Zamazenta|50/100
|move|p2a: Hoopa|Focus Blast|p1a: Zamazenta
|-damage|p1a: Zamazenta|12/100
|
|-heal|p1a: Zamazenta|18/100|[from] item: Leftovers
|upkeep
|turn|10
|inactive|nucl has 120 seconds left.
|
|t:|1776249173
|move|p2a: Hoopa|Psychic Noise|p1a: Zamazenta
|-supereffective|p1a: Zamazenta
|-damage|p1a: Zamazenta|0 fnt
|faint|p1a: Zamazenta
|
|-fieldend|move: Trick Room
|upkeep
|inactive|nucl has 120 seconds left.
|
|t:|1776249184
|switch|p1a: Iron Valiant|Iron Valiant|100/100
|turn|11
|
|t:|1776249197
|-terastallize|p2a: Hoopa|Fairy
|move|p1a: Iron Valiant|Moonblast|p2a: Hoopa
|-damage|p2a: Hoopa|45/100
|move|p2a: Hoopa|Trick Room|p2a: Hoopa
|-fieldstart|move: Trick Room|[of] p2a: Hoopa
|
|upkeep
|turn|12
|
|t:|1776249207
|move|p2a: Hoopa|Psychic Noise|p1a: Iron Valiant
|-supereffective|p1a: Iron Valiant
|-crit|p1a: Iron Valiant
|-damage|p1a: Iron Valiant|0 fnt
|faint|p1a: Iron Valiant
|-end|p1a: Iron Valiant|Quark Drive|[silent]
|
|upkeep
|
|t:|1776249210
|switch|p1a: Kingambit|Kingambit, F|100/100
|-activate|p1a: Kingambit|ability: Supreme Overlord
|-start|p1a: Kingambit|fallen3|[silent]
|turn|13
|
|t:|1776249213
|move|p1a: Kingambit|Sucker Punch|p2a: Hoopa
|-resisted|p2a: Hoopa
|-damage|p2a: Hoopa|17/100
|move|p2a: Hoopa|Focus Blast|p1a: Kingambit
|-supereffective|p1a: Kingambit
|-damage|p1a: Kingambit|0 fnt
|faint|p1a: Kingambit
|-end|p1a: Kingambit|fallen3|[silent]
|
|upkeep
|-message|nucl forfeited.
|
|win|noodles20000
|raw|nucl's rating: 1188 &rarr; <strong>1162</strong><br />(-26 for losing)
|raw|noodles20000's rating: 1174 &rarr; <strong>1200</strong><br />(+26 for winning)
|l|☆nucl
|player|p1|
