|html|<div class="broadcast-blue"><strong>[Gen 9] OU is currently suspecting Tera Blast! For information on how to participate check out the <a href="https://www.smogon.com/tools/suspects/view/200">suspect thread</a>.</strong></div>
|j|☆Epizgamer
|j|☆almostcarter
|t:|1776036689
|gametype|singles
|player|p1|Epizgamer|cynthia-gen4|
|player|p2|almostcarter|102|
|gen|9
|tier|[Gen 9] OU
|rule|HP Percentage Mod: HP is shown in percentages
|rule|Endless Battle Clause: Forcing endless battles is banned
|rule|Species Clause: Limit one of each Pokémon
|rule|OHKO Clause: OHKO moves are banned
|rule|Evasion Items Clause: Evasion items are banned
|rule|Evasion Moves Clause: Evasion moves are banned
|rule|Evasion Abilities Clause: Evasion abilities are banned
|rule|Sleep Moves Clause: Sleep-inducing moves are banned
|clearpoke
|poke|p1|Kingambit, M|
|poke|p1|Rotom-Wash|
|poke|p1|Amoonguss, F|
|poke|p1|Quagsire, F|
|poke|p1|Noivern, F|
|poke|p1|Salazzle, F|
|poke|p2|Polteageist-Antique|
|poke|p2|Feraligatr, F|
|poke|p2|Lokix, F|
|poke|p2|Tinkaton, F|
|poke|p2|Avalugg, F|
|poke|p2|Dondozo, M|
|teampreview
|j| Manmeet122502
|j| BigNutJr
|j| MauGzz2003
|
|t:|1776036789
|teamsize|p1|6
|teamsize|p2|6
|start
|switch|p1a: Amoonguss|Amoonguss, F, shiny|100/100
|switch|p2a: Tinkaton|Tinkaton, F, shiny|100/100
|-ability|p2a: Tinkaton|Mold Breaker
|-item|p2a: Tinkaton|Air Balloon
|turn|1
|c| Manmeet122502|turn 1 explosion
|c| BigNutJr|he thinkin
|
|t:|1776036855
|switch|p1a: Salazzle|Salazzle, F, shiny|100/100
|move|p2a: Tinkaton|Stealth Rock|p1a: Salazzle
|-sidestart|p1: Epizgamer|move: Stealth Rock
|
|upkeep
|turn|2
|c|☆Epizgamer|im sweating bro
|
|t:|1776036898
|switch|p2a: Feraligatr|Feraligatr, F|100/100
|move|p1a: Salazzle|Toxic|p2a: Feraligatr
|-status|p2a: Feraligatr|tox
|
|-damage|p2a: Feraligatr|94/100 tox|[from] psn
|upkeep
|turn|3
|
|t:|1776036921
|switch|p1a: Rotom|Rotom-Wash, shiny|100/100
|-damage|p1a: Rotom|88/100|[from] Stealth Rock
|move|p2a: Feraligatr|Dragon Dance|p2a: Feraligatr
|-boost|p2a: Feraligatr|atk|1
|-boost|p2a: Feraligatr|spe|1
|
|-heal|p1a: Rotom|94/100|[from] item: Leftovers
|-damage|p2a: Feraligatr|82/100 tox|[from] psn
|upkeep
|turn|4
|
|t:|1776036939
|move|p2a: Feraligatr|Crunch|p1a: Rotom
|-damage|p1a: Rotom|39/100
|move|p1a: Rotom|Volt Switch|p2a: Feraligatr
|-supereffective|p2a: Feraligatr
|-damage|p2a: Feraligatr|20/100 tox
|
|t:|1776036970
|switch|p1a: Quagsire|Quagsire, F, shiny|100/100|[from] Volt Switch
|-damage|p1a: Quagsire|94/100|[from] Stealth Rock
|
|-damage|p2a: Feraligatr|1/100 tox|[from] psn
|upkeep
|turn|5
|c| BigNutJr|super effective is hard to pass up
|
|t:|1776036979
|move|p2a: Feraligatr|Ice Punch|p1a: Quagsire
|-damage|p1a: Quagsire|63/100
|move|p1a: Quagsire|Recover|p1a: Quagsire
|-heal|p1a: Quagsire|100/100
|
|-damage|p2a: Feraligatr|0 fnt|[from] psn
|faint|p2a: Feraligatr
|upkeep
|c| BigNutJr|w quag
|c|☆Epizgamer|yessir
|
|t:|1776037050
|switch|p2a: Lokix|Lokix, F|100/100
|turn|6
|
|t:|1776037124
|move|p2a: Lokix|First Impression|p1a: Quagsire
|-damage|p1a: Quagsire|64/100
|move|p1a: Quagsire|Toxic|p2a: Lokix
|-status|p2a: Lokix|tox
|
|-damage|p2a: Lokix|94/100 tox|[from] psn
|upkeep
|turn|7
|c|☆Epizgamer|ngl
|c|☆Epizgamer|idk what that dude does
|c|☆Epizgamer|im on smogon rn
|
|t:|1776037182
|move|p2a: Lokix|U-turn|p1a: Quagsire
|-damage|p1a: Quagsire|34/100
|
|t:|1776037222
|switch|p2a: Dondoodoo|Dondozo, M|100/100|[from] U-turn
|move|p1a: Quagsire|Recover|p1a: Quagsire
|-heal|p1a: Quagsire|84/100
|
|upkeep
|turn|8
|
|t:|1776037239
|switch|p2a: Tinkaton|Tinkaton, F, shiny|100/100
|-ability|p2a: Tinkaton|Mold Breaker
|-item|p2a: Tinkaton|Air Balloon
|move|p1a: Quagsire|Toxic|p2a: Tinkaton
|-immune|p2a: Tinkaton
|
|upkeep
|turn|9
|c| Manmeet122502|W bait
|c|☆Epizgamer|I got fucked
|c| BigNutJr|-1 pp
|c|☆Epizgamer|can you guys see what command I input
|c| Manmeet122502|not sure
|c| MauGzz2003|nah
|
|t:|1776037328
|switch|p1a: Salazzle|Salazzle, F, shiny|100/100
|-damage|p1a: Salazzle|76/100|[from] Stealth Rock
|move|p2a: Tinkaton|Thunder Wave|p1a: Salazzle
|-status|p1a: Salazzle|par
|
|-heal|p1a: Salazzle|82/100 par|[from] item: Black Sludge
|upkeep
|turn|10
|c|☆Epizgamer|this dude thinking so much im scared
|
|t:|1776037346
|move|p2a: Tinkaton|Gigaton Hammer|p1a: Salazzle
|-resisted|p1a: Salazzle
|-damage|p1a: Salazzle|43/100 par
|move|p1a: Salazzle|Substitute|p1a: Salazzle
|-start|p1a: Salazzle|Substitute
|-damage|p1a: Salazzle|19/100 par
|
|-heal|p1a: Salazzle|25/100 par|[from] item: Black Sludge
|upkeep
|turn|11
|
|t:|1776037364
|move|p2a: Tinkaton|Encore|p1a: Salazzle
|-start|p1a: Salazzle|Encore
|cant|p1a: Salazzle|par
|
|-heal|p1a: Salazzle|31/100 par|[from] item: Black Sludge
|upkeep
|turn|12
|c| BigNutJr|holy cook
|c| BigNutJr|encore the substitute
|
|t:|1776037427
|switch|p1a: Rotom|Rotom-Wash, shiny|39/100
|-damage|p1a: Rotom|26/100|[from] Stealth Rock
|move|p2a: Tinkaton|Gigaton Hammer|p1a: Rotom
|-resisted|p1a: Rotom
|-damage|p1a: Rotom|17/100
|
|-heal|p1a: Rotom|23/100|[from] item: Leftovers
|upkeep
|turn|13
|c|☆Epizgamer|bro
|
|t:|1776037510
|move|p2a: Tinkaton|Encore||[still]
|-fail|p2a: Tinkaton
|move|p1a: Rotom|Will-O-Wisp|p2a: Tinkaton
|-status|p2a: Tinkaton|brn
|
|-heal|p1a: Rotom|29/100|[from] item: Leftovers
|-damage|p2a: Tinkaton|94/100 brn|[from] brn
|upkeep
|turn|14
|c|☆Epizgamer|he thinking again im scared
|
|t:|1776037623
|switch|p2a: Dondoodoo|Dondozo, M|100/100
|move|p1a: Rotom|Pain Split|p2a: Dondoodoo
|-sethp|p2a: Dondoodoo|59/100|[from] move: Pain Split|[silent]
|-sethp|p1a: Rotom|98/100|[from] move: Pain Split
|
|-heal|p1a: Rotom|100/100|[from] item: Leftovers
|-heal|p2a: Dondoodoo|65/100|[from] item: Leftovers
|upkeep
|turn|15
|c| BigNutJr|wow
|c|☆Epizgamer|THATS BIG
|
|t:|1776037712
|move|p1a: Rotom|Volt Switch|p2a: Dondoodoo
|-supereffective|p2a: Dondoodoo
|-damage|p2a: Dondoodoo|17/100
|
|t:|1776037751
|switch|p1a: Amoonguss|Amoonguss, F, shiny|100/100|[from] Volt Switch
|-damage|p1a: Amoonguss|88/100|[from] Stealth Rock
|move|p2a: Dondoodoo|Rest|p2a: Dondoodoo
|-status|p2a: Dondoodoo|slp|[from] move: Rest
|-heal|p2a: Dondoodoo|100/100 slp|[silent]
|
|upkeep
|turn|16
|
|t:|1776037789
|cant|p2a: Dondoodoo|slp
|move|p2a: Dondoodoo|Sleep Talk|p2a: Dondoodoo
|move|p2a: Dondoodoo|Rest||[from] move: Sleep Talk|[still]
|-fail|p2a: Dondoodoo
|move|p1a: Amoonguss|Giga Drain|p2a: Dondoodoo
|-supereffective|p2a: Dondoodoo
|-damage|p2a: Dondoodoo|56/100 slp
|-heal|p1a: Amoonguss|100/100|[from] drain|[of] p2a: Dondoodoo
|
|-heal|p2a: Dondoodoo|63/100 slp|[from] item: Leftovers
|upkeep
|turn|17
|c| MauGzz2003|caster's curse sorry carter
|c|☆almostcarter|:(
|
|t:|1776037821
|cant|p2a: Dondoodoo|slp
|move|p2a: Dondoodoo|Sleep Talk|p2a: Dondoodoo
|move|p2a: Dondoodoo|Curse|p2a: Dondoodoo|[from] move: Sleep Talk
|-unboost|p2a: Dondoodoo|spe|1
|-boost|p2a: Dondoodoo|atk|1
|-boost|p2a: Dondoodoo|def|1
|move|p1a: Amoonguss|Sludge Bomb|p2a: Dondoodoo
|-damage|p2a: Dondoodoo|36/100 slp
|
|-heal|p2a: Dondoodoo|42/100 slp|[from] item: Leftovers
|upkeep
|turn|18
|
|t:|1776037841
|move|p1a: Amoonguss|Clear Smog|p2a: Dondoodoo
|-damage|p2a: Dondoodoo|28/100 slp
|-clearboost|p2a: Dondoodoo
|-curestatus|p2a: Dondoodoo|slp|[msg]
|move|p2a: Dondoodoo|Rest|p2a: Dondoodoo
|-status|p2a: Dondoodoo|slp|[from] move: Rest
|-heal|p2a: Dondoodoo|100/100 slp|[silent]
|
|upkeep
|turn|19
|
|t:|1776037851
|cant|p2a: Dondoodoo|slp
|move|p2a: Dondoodoo|Sleep Talk|p2a: Dondoodoo
|move|p2a: Dondoodoo|Wave Crash|p1a: Amoonguss|[from] move: Sleep Talk
|-resisted|p1a: Amoonguss
|-damage|p1a: Amoonguss|85/100
|-damage|p2a: Dondoodoo|84/100 slp|[from] item: Rocky Helmet|[of] p1a: Amoonguss
|-damage|p2a: Dondoodoo|80/100 slp|[from] Recoil
|move|p1a: Amoonguss|Sludge Bomb|p2a: Dondoodoo
|-damage|p2a: Dondoodoo|51/100 slp
|
|-heal|p2a: Dondoodoo|58/100 slp|[from] item: Leftovers
|upkeep
|turn|20
|
|t:|1776037866
|switch|p2a: Tinkaton|Tinkaton, F, shiny|94/100 brn
|-ability|p2a: Tinkaton|Mold Breaker
|-item|p2a: Tinkaton|Air Balloon
|move|p1a: Amoonguss|Giga Drain|p2a: Tinkaton
|-resisted|p2a: Tinkaton
|-damage|p2a: Tinkaton|85/100 brn
|-heal|p1a: Amoonguss|90/100|[from] drain|[of] p2a: Tinkaton
|-enditem|p2a: Tinkaton|Air Balloon
|
|-damage|p2a: Tinkaton|79/100 brn|[from] brn
|upkeep
|turn|21
|
|t:|1776037908
|switch|p2a: Avalugg|Avalugg, F, shiny|100/100
|switch|p1a: Rotom|Rotom-Wash, shiny|100/100
|-damage|p1a: Rotom|88/100|[from] Stealth Rock
|
|-heal|p1a: Rotom|94/100|[from] item: Leftovers
|upkeep
|turn|22
|c| BigNutJr|how has nothing happened yet
|j| notaverageumar
|
|t:|1776037995
|move|p1a: Rotom|Will-O-Wisp|p2a: Avalugg
|-status|p2a: Avalugg|brn
|move|p2a: Avalugg|Body Press|p1a: Rotom
|-damage|p1a: Rotom|79/100
|
|-heal|p1a: Rotom|85/100|[from] item: Leftovers
|-damage|p2a: Avalugg|94/100 brn|[from] brn
|upkeep
|turn|23
|c|☆almostcarter|idk
|c|☆almostcarter|lol
|
|t:|1776038084
|switch|p2a: Lokix|Lokix, F|94/100 tox
|move|p1a: Rotom|Hydro Pump|p2a: Lokix
|-damage|p2a: Lokix|23/100 tox
|
|-heal|p1a: Rotom|92/100|[from] item: Leftovers
|-damage|p2a: Lokix|17/100 tox|[from] psn
|upkeep
|turn|24
|
|t:|1776038094
|move|p2a: Lokix|First Impression|p1a: Rotom
|-damage|p1a: Rotom|46/100
|move|p1a: Rotom|Volt Switch|p2a: Lokix
|-damage|p2a: Lokix|0 fnt
|faint|p2a: Lokix
|
|t:|1776038123
|switch|p1a: Salazzle|Salazzle, F, shiny|31/100 par|[from] Volt Switch
|-damage|p1a: Salazzle|6/100 par|[from] Stealth Rock
|
|-heal|p1a: Salazzle|12/100 par|[from] item: Black Sludge
|upkeep
|l| notaverageumar
|j| notaverageumar
|c|☆Epizgamer|salazzle got fried so bad early smh
|
|t:|1776038184
|switch|p2a: Dondoodoo|Dondozo, M|58/100 slp
|turn|25
|
|t:|1776038192
|move|p1a: Salazzle|Toxic||[still]
|-fail|p1a: Salazzle
|cant|p2a: Dondoodoo|slp
|move|p2a: Dondoodoo|Sleep Talk|p2a: Dondoodoo
|move|p2a: Dondoodoo|Curse|p2a: Dondoodoo|[from] move: Sleep Talk
|-unboost|p2a: Dondoodoo|spe|1
|-boost|p2a: Dondoodoo|atk|1
|-boost|p2a: Dondoodoo|def|1
|
|-heal|p1a: Salazzle|18/100 par|[from] item: Black Sludge
|-heal|p2a: Dondoodoo|64/100 slp|[from] item: Leftovers
|upkeep
|turn|26
|c|☆Epizgamer|im an idiot
|
|t:|1776038258
|switch|p1a: Amoonguss|Amoonguss, F, shiny|100/100
|-damage|p1a: Amoonguss|88/100|[from] Stealth Rock
|-curestatus|p2a: Dondoodoo|slp|[msg]
|move|p2a: Dondoodoo|Wave Crash|p1a: Amoonguss
|-resisted|p1a: Amoonguss
|-damage|p1a: Amoonguss|63/100
|-damage|p2a: Dondoodoo|47/100|[from] item: Rocky Helmet|[of] p1a: Amoonguss
|-damage|p2a: Dondoodoo|40/100|[from] Recoil
|
|-heal|p2a: Dondoodoo|46/100|[from] item: Leftovers
|upkeep
|turn|27
|
|t:|1776038280
|switch|p2a: Tinkaton|Tinkaton, F, shiny|79/100 brn
|-ability|p2a: Tinkaton|Mold Breaker
|move|p1a: Amoonguss|Giga Drain|p2a: Tinkaton
|-resisted|p2a: Tinkaton
|-damage|p2a: Tinkaton|68/100 brn
|-heal|p1a: Amoonguss|68/100|[from] drain|[of] p2a: Tinkaton
|
|-damage|p2a: Tinkaton|62/100 brn|[from] brn
|upkeep
|turn|28
|
|t:|1776038306
|switch|p1a: Rotom|Rotom-Wash, shiny|46/100
|-damage|p1a: Rotom|33/100|[from] Stealth Rock
|move|p2a: Tinkaton|Gigaton Hammer|p1a: Rotom
|-resisted|p1a: Rotom
|-damage|p1a: Rotom|29/100
|
|-heal|p1a: Rotom|35/100|[from] item: Leftovers
|-damage|p2a: Tinkaton|56/100 brn|[from] brn
|upkeep
|turn|29
|l| BigNutJr
|
|t:|1776038415
|switch|p2a: Dondoodoo|Dondozo, M|46/100
|move|p1a: Rotom|Pain Split|p2a: Dondoodoo
|-sethp|p2a: Dondoodoo|34/100|[from] move: Pain Split|[silent]
|-sethp|p1a: Rotom|55/100|[from] move: Pain Split
|
|-heal|p1a: Rotom|62/100|[from] item: Leftovers
|-heal|p2a: Dondoodoo|40/100|[from] item: Leftovers
|upkeep
|turn|30
|
|t:|1776038433
|move|p1a: Rotom|Volt Switch|p2a: Dondoodoo
|-supereffective|p2a: Dondoodoo
|-damage|p2a: Dondoodoo|0 fnt
|faint|p2a: Dondoodoo
|
|t:|1776038459
|switch|p1a: Quagsire|Quagsire, F, shiny|84/100|[from] Volt Switch
|-damage|p1a: Quagsire|78/100|[from] Stealth Rock
|
|upkeep
|
|t:|1776038461
|switch|p2a: Polteageist|Polteageist-Antique|100/100
|turn|31
|
|t:|1776038497
|switch|p2a: Avalugg|Avalugg, F, shiny|94/100 brn
|move|p1a: Quagsire|Toxic||[still]
|-fail|p1a: Quagsire
|
|-damage|p2a: Avalugg|88/100 brn|[from] brn
|upkeep
|turn|32
|
|t:|1776038553
|-terastallize|p2a: Avalugg|Fighting
|move|p1a: Quagsire|Earthquake|p2a: Avalugg
|-damage|p2a: Avalugg|76/100 brn
|move|p2a: Avalugg|Body Press|p1a: Quagsire
|-damage|p1a: Quagsire|57/100
|
|-damage|p2a: Avalugg|70/100 brn|[from] brn
|upkeep
|turn|33
|
|t:|1776038585
|move|p1a: Quagsire|Recover|p1a: Quagsire
|-heal|p1a: Quagsire|100/100
|move|p2a: Avalugg|Body Press|p1a: Quagsire
|-damage|p1a: Quagsire|79/100
|
|-damage|p2a: Avalugg|64/100 brn|[from] brn
|upkeep
|turn|34
|
|t:|1776038593
|move|p1a: Quagsire|Earthquake|p2a: Avalugg
|-damage|p2a: Avalugg|52/100 brn
|move|p2a: Avalugg|Ice Spinner|p1a: Quagsire
|-damage|p1a: Quagsire|69/100
|
|-damage|p2a: Avalugg|46/100 brn|[from] brn
|upkeep
|turn|35
|j| BigNutJr
|
|t:|1776038601
|move|p1a: Quagsire|Earthquake|p2a: Avalugg
|-damage|p2a: Avalugg|33/100 brn
|move|p2a: Avalugg|Recover|p2a: Avalugg
|-heal|p2a: Avalugg|83/100 brn
|
|-damage|p2a: Avalugg|77/100 brn|[from] brn
|upkeep
|turn|36
|
|t:|1776038620
|move|p1a: Quagsire|Earthquake|p2a: Avalugg
|-damage|p2a: Avalugg|66/100 brn
|move|p2a: Avalugg|Body Press|p1a: Quagsire
|-damage|p1a: Quagsire|46/100
|
|-damage|p2a: Avalugg|60/100 brn|[from] brn
|upkeep
|turn|37
|
|t:|1776038627
|move|p1a: Quagsire|Recover|p1a: Quagsire
|-heal|p1a: Quagsire|96/100
|move|p2a: Avalugg|Body Press|p1a: Quagsire
|-damage|p1a: Quagsire|76/100
|
|-damage|p2a: Avalugg|54/100 brn|[from] brn
|upkeep
|turn|38
|c| Manmeet122502|battle between a moveable object and a stoppable force
|
|t:|1776038686
|switch|p1a: Salazzle|Salazzle, F, shiny|18/100 par
|-damage|p1a: Salazzle|0 fnt|[from] Stealth Rock
|faint|p1a: Salazzle
|move|p2a: Avalugg|Body Press|p1: Salazzle|[notarget]
|-fail|p2a: Avalugg
|
|-damage|p2a: Avalugg|47/100 brn|[from] brn
|upkeep
|
|t:|1776038702
|switch|p1a: Noivern|Noivern, F, shiny|100/100
|turn|39
|l| notaverageumar
|j| notaverageumar
|
|t:|1776038723
|switch|p2a: Tinkaton|Tinkaton, F, shiny|56/100 brn
|-ability|p2a: Tinkaton|Mold Breaker
|move|p1a: Noivern|Defog|p2a: Tinkaton
|-unboost|p2a: Tinkaton|evasion|1
|-sideend|p1: Epizgamer|Stealth Rock|[from] move: Defog|[of] p1a: Noivern
|
|-damage|p2a: Tinkaton|50/100 brn|[from] brn
|upkeep
|turn|40
|c| BigNutJr|im so glad I missed the entire quagsire avalugg era
|l| notaverageumar
|j| notaverageumar
|
|t:|1776038753
|move|p1a: Noivern|Taunt|p2a: Tinkaton
|-start|p2a: Tinkaton|move: Taunt
|cant|p2a: Tinkaton|move: Taunt|Stealth Rock
|
|-damage|p2a: Tinkaton|44/100 brn|[from] brn
|upkeep
|turn|41
|
|t:|1776038771
|move|p1a: Noivern|Hurricane|p2a: Tinkaton
|-resisted|p2a: Tinkaton
|-damage|p2a: Tinkaton|27/100 brn
|move|p2a: Tinkaton|Gigaton Hammer|p1a: Noivern
|-damage|p1a: Noivern|76/100
|
|-damage|p2a: Tinkaton|21/100 brn|[from] brn
|upkeep
|turn|42
|
|t:|1776038794
|move|p1a: Noivern|Hurricane|p2a: Tinkaton
|-resisted|p2a: Tinkaton
|-damage|p2a: Tinkaton|4/100 brn
|-activate|p2a: Tinkaton|move: Struggle
|move|p2a: Tinkaton|Struggle|p1a: Noivern
|-damage|p1a: Noivern|71/100
|-damage|p2a: Tinkaton|0 fnt|[from] recoil
|faint|p2a: Tinkaton
|
|upkeep
|
|t:|1776038799
|switch|p2a: Polteageist|Polteageist-Antique|100/100
|turn|43
|c|☆Epizgamer|lets fucking go
|
|t:|1776038806
|switch|p1a: Quagsire|Quagsire, F, shiny|76/100
|move|p2a: Polteageist|Shell Smash|p2a: Polteageist
|-unboost|p2a: Polteageist|def|1
|-unboost|p2a: Polteageist|spd|1
|-boost|p2a: Polteageist|atk|2
|-boost|p2a: Polteageist|spa|2
|-boost|p2a: Polteageist|spe|2
|
|upkeep
|turn|44
|
|t:|1776038818
|move|p2a: Polteageist|Shadow Ball|p1a: Quagsire
|-damage|p1a: Quagsire|20/100
|move|p1a: Quagsire|Haze|p1a: Quagsire
|-clearallboost
|
|upkeep
|turn|45
|c| BigNutJr|damn
|c| BigNutJr|this quagsire so tuff
|
|t:|1776038843
|move|p2a: Polteageist|Shadow Ball|p1a: Quagsire
|-damage|p1a: Quagsire|0 fnt
|faint|p1a: Quagsire
|
|upkeep
|c| BigNutJr|rip to a real one
|
|t:|1776038899
|switch|p1a: Kingambit|Kingambit, M, shiny|100/100
|-activate|p1a: Kingambit|ability: Supreme Overlord
|-start|p1a: Kingambit|fallen2|[silent]
|turn|46
|
|t:|1776038907
|switch|p2a: Avalugg|Avalugg, F, shiny, tera:Fighting|47/100 brn
|move|p1a: Kingambit|Swords Dance|p1a: Kingambit
|-boost|p1a: Kingambit|atk|2
|
|-damage|p2a: Avalugg|41/100 brn|[from] brn
|upkeep
|turn|47
|c| BigNutJr|\weakness avalugg
|c| BigNutJr|fuck
|c|☆almostcarter|no
|c|☆almostcarter|no weakness
|c| BigNutJr|oh im stupid it doesnt do it based on tera
|
|t:|1776038978
|-terastallize|p1a: Kingambit|Flying
|move|p1a: Kingambit|Swords Dance|p1a: Kingambit
|-boost|p1a: Kingambit|atk|2
|move|p2a: Avalugg|Body Press|p1a: Kingambit
|-resisted|p1a: Kingambit
|-damage|p1a: Kingambit|90/100
|
|-damage|p2a: Avalugg|35/100 brn|[from] brn
|upkeep
|turn|48
|
|t:|1776039002
|move|p1a: Kingambit|Iron Head|p2a: Avalugg
|-damage|p2a: Avalugg|0 fnt
|faint|p2a: Avalugg
|
|upkeep
|
|t:|1776039006
|switch|p2a: Polteageist|Polteageist-Antique|100/100
|turn|49
|
|t:|1776039013
|move|p2a: Polteageist|Shell Smash|p2a: Polteageist
|-unboost|p2a: Polteageist|def|1
|-unboost|p2a: Polteageist|spd|1
|-boost|p2a: Polteageist|atk|2
|-boost|p2a: Polteageist|spa|2
|-boost|p2a: Polteageist|spe|2
|move|p1a: Kingambit|Kowtow Cleave|p2a: Polteageist
|-supereffective|p2a: Polteageist
|-enditem|p2a: Polteageist|Focus Sash
|-damage|p2a: Polteageist|1/100
|-ability|p2a: Polteageist|Weak Armor|boost
|-unboost|p2a: Polteageist|def|1
|-boost|p2a: Polteageist|spe|2
|
|upkeep
|turn|50
|c| BigNutJr|sweep incoming?
|c|☆Epizgamer|shit
|
|t:|1776039034
|move|p1a: Kingambit|Sucker Punch|p2a: Polteageist
|-supereffective|p2a: Polteageist
|-damage|p2a: Polteageist|0 fnt
|faint|p2a: Polteageist
|
|win|Epizgamer
|c| BigNutJr|ayyy
|c|☆Epizgamer|LMAO
|c| Manmeet122502|ggs
