|html|<div class="broadcast-blue"><strong>[Gen 9] OU is currently suspecting Tera Blast! For information on how to participate check out the <a href="https://www.smogon.com/tools/suspects/view/200">suspect thread</a>.</strong></div>
|j|☆Zakru_7
|j|☆kantola
|t:|1776331705
|gametype|singles
|player|p1|Zakru_7|n|
|player|p2|kantola|wallace|
|gen|9
|tier|[Gen 9] OU
|rule|HP Percentage Mod: HP is shown in percentages
|rule|Endless Battle Clause: Forcing endless battles is banned
|rule|Species Clause: Limit one of each Pokémon
|rule|OHKO Clause: OHKO moves are banned
|rule|Evasion Items Clause: Evasion items are banned
|rule|Evasion Moves Clause: Evasion moves are banned
|rule|Evasion Abilities Clause: Evasion abilities are banned
|rule|Sleep Moves Clause: Sleep-inducing moves are banned
|clearpoke
|poke|p1|Samurott-Hisui, F|
|poke|p1|Garchomp, F|
|poke|p1|Iron Moth|
|poke|p1|Vaporeon, F|
|poke|p1|Ceruledge, F|
|poke|p1|Skarmory, F|
|poke|p2|Kingdra, F|
|poke|p2|Pelipper, M|
|poke|p2|Basculegion, M|
|poke|p2|Zapdos|
|poke|p2|Great Tusk|
|poke|p2|Amoonguss, F|
|teampreview
|inactive|Battle timer is ON: inactive players will automatically lose when time's up. (requested by kantola)
|
|t:|1776331716
|teamsize|p1|6
|teamsize|p2|6
|start
|switch|p1a: Aria|Garchomp, F|100/100
|switch|p2a: Amoonguss|Amoonguss, F, shiny|100/100
|turn|1
|
|t:|1776331739
|move|p1a: Aria|Scale Shot|p2a: Amoonguss
|-damage|p2a: Amoonguss|87/100
|-damage|p2a: Amoonguss|74/100
|-damage|p2a: Amoonguss|61/100
|-damage|p2a: Amoonguss|48/100
|-damage|p2a: Amoonguss|34/100
|-hitcount|p2a: Amoonguss|5
|-unboost|p1a: Aria|def|1
|-boost|p1a: Aria|spe|1
|move|p2a: Amoonguss|Stun Spore|p1a: Aria
|-status|p1a: Aria|par
|
|upkeep
|turn|2
|inactive|kantola has 270 seconds left.
|
|t:|1776331771
|move|p1a: Aria|Scale Shot|p2a: Amoonguss
|-damage|p2a: Amoonguss|19/100
|-damage|p2a: Amoonguss|6/100
|-damage|p2a: Amoonguss|0 fnt
|faint|p2a: Amoonguss
|-hitcount|p2: Amoonguss|3
|-unboost|p1a: Aria|def|1
|-boost|p1a: Aria|spe|1
|
|upkeep
|inactive|kantola has 270 seconds left.
|
|t:|1776331782
|switch|p2a: Pelipper|Pelipper, M|100/100
|-weather|RainDance|[from] ability: Drizzle|[of] p2a: Pelipper
|turn|3
|
|t:|1776331784
|cant|p1a: Aria|par
|move|p2a: Pelipper|U-turn|p1a: Aria
|-damage|p1a: Aria|82/100 par
|-damage|p2a: Pelipper|88/100|[from] ability: Rough Skin|[of] p1a: Aria
|inactive|kantola has 270 seconds left.
|inactive|kantola has 240 seconds left.
|
|t:|1776331825
|switch|p2a: Basculegion|Basculegion, M|100/100|[from] U-turn
|
|-weather|RainDance|[upkeep]
|upkeep
|turn|4
|
|t:|1776331842
|move|p2a: Basculegion|Phantom Force||[still]
|-prepare|p2a: Basculegion|Phantom Force
|move|p1a: Aria|Scale Shot|p2a: Basculegion|[miss]
|-miss|p1a: Aria|p2a: Basculegion
|
|-weather|RainDance|[upkeep]
|upkeep
|turn|5
|
|t:|1776331852
|move|p2a: Basculegion|Phantom Force|p1a: Aria|[from] lockedmove
|-damage|p1a: Aria|0 fnt
|-damage|p2a: Basculegion|88/100|[from] ability: Rough Skin|[of] p1a: Aria
|faint|p1a: Aria
|
|-weather|RainDance|[upkeep]
|upkeep
|
|t:|1776331857
|switch|p1a: Luna|Ceruledge, F|100/100
|turn|6
|inactive|kantola has 270 seconds left.
|
|t:|1776331867
|switch|p2a: Zapdos|Zapdos|100/100
|move|p1a: Luna|Shadow Sneak|p2a: Zapdos
|-damage|p2a: Zapdos|64/100
|-damage|p1a: Luna|91/100|[from] item: Life Orb
|
|-weather|RainDance|[upkeep]
|upkeep
|turn|7
|
|t:|1776331878
|switch|p1a: Lillie|Skarmory, F|100/100
|move|p2a: Zapdos|Thunder|p1a: Lillie
|-supereffective|p1a: Lillie
|-ability|p1a: Lillie|Sturdy
|-damage|p1a: Lillie|1/100
|-status|p1a: Lillie|par
|
|-weather|RainDance|[upkeep]
|upkeep
|turn|8
|
|t:|1776331888
|switch|p2a: Great Tusk|Great Tusk|100/100
|cant|p1a: Lillie|par
|
|-weather|RainDance|[upkeep]
|upkeep
|turn|9
|
|t:|1776331894
|move|p2a: Great Tusk|Headlong Rush|p1a: Lillie
|-immune|p1a: Lillie
|move|p1a: Lillie|Stealth Rock|p2a: Great Tusk
|-sidestart|p2: kantola|move: Stealth Rock
|
|-weather|RainDance|[upkeep]
|upkeep
|turn|10
|
|t:|1776331901
|move|p2a: Great Tusk|Stealth Rock|p1a: Lillie
|-sidestart|p1: Zakru_7|move: Stealth Rock
|move|p1a: Lillie|Stealth Rock||[still]
|-fail|p1a: Lillie
|
|-weather|none
|upkeep
|turn|11
|
|t:|1776331910
|move|p2a: Great Tusk|Rapid Spin|p1a: Lillie
|-resisted|p1a: Lillie
|-damage|p1a: Lillie|0 fnt
|-boost|p2a: Great Tusk|spe|1
|-damage|p2a: Great Tusk|84/100|[from] item: Rocky Helmet|[of] p1a: Lillie
|-sideend|p2: kantola|Stealth Rock|[from] move: Rapid Spin|[of] p2a: Great Tusk
|faint|p1a: Lillie
|
|upkeep
|inactive|Zakru_7 has 270 seconds left.
|
|t:|1776331943
|switch|p1a: Lila|Samurott-Hisui, F|100/100
|-damage|p1a: Lila|88/100|[from] Stealth Rock
|turn|12
|inactive|Zakru_7 has 270 seconds left.
|
|t:|1776331955
|move|p2a: Great Tusk|Close Combat|p1a: Lila
|-supereffective|p1a: Lila
|-damage|p1a: Lila|0 fnt
|-unboost|p2a: Great Tusk|def|1
|-unboost|p2a: Great Tusk|spd|1
|faint|p1a: Lila
|
|upkeep
|inactive|Zakru_7 has 270 seconds left.
|
|t:|1776331961
|switch|p1a: Luna|Ceruledge, F|91/100
|-damage|p1a: Luna|66/100|[from] Stealth Rock
|turn|13
|
|t:|1776331967
|move|p1a: Luna|Shadow Sneak|p2a: Great Tusk
|-damage|p2a: Great Tusk|50/100
|-damage|p1a: Luna|56/100|[from] item: Life Orb
|move|p2a: Great Tusk|Headlong Rush|p1a: Luna
|-supereffective|p1a: Luna
|-damage|p1a: Luna|0 fnt
|-unboost|p2a: Great Tusk|def|1
|-unboost|p2a: Great Tusk|spd|1
|faint|p1a: Luna
|
|upkeep
|
|t:|1776331971
|switch|p1a: Atlas|Iron Moth|100/100
|-damage|p1a: Atlas|76/100|[from] Stealth Rock
|-enditem|p1a: Atlas|Booster Energy
|-activate|p1a: Atlas|ability: Quark Drive|[fromitem]
|-start|p1a: Atlas|quarkdrivespe
|turn|14
|
|t:|1776331978
|-terastallize|p1a: Atlas|Grass
|move|p1a: Atlas|Energy Ball|p2a: Great Tusk
|-supereffective|p2a: Great Tusk
|-damage|p2a: Great Tusk|0 fnt
|faint|p2a: Great Tusk
|-end|p2a: Great Tusk|Protosynthesis|[silent]
|
|upkeep
|
|t:|1776331982
|switch|p2a: Pelipper|Pelipper, M|88/100
|-weather|RainDance|[from] ability: Drizzle|[of] p2a: Pelipper
|turn|15
|
|t:|1776331994
|move|p1a: Atlas|Sludge Wave|p2a: Pelipper
|-damage|p2a: Pelipper|18/100
|move|p2a: Pelipper|U-turn|p1a: Atlas
|-supereffective|p1a: Atlas
|-damage|p1a: Atlas|53/100
|
|t:|1776332001
|switch|p2a: Kashimo|Kingdra, F, shiny|100/100|[from] U-turn
|
|-weather|RainDance|[upkeep]
|upkeep
|turn|16
|
|t:|1776332013
|move|p2a: Kashimo|Hurricane|p1a: Atlas
|-supereffective|p1a: Atlas
|-damage|p1a: Atlas|0 fnt
|faint|p1a: Atlas
|-end|p1a: Atlas|Quark Drive|[silent]
|
|-weather|RainDance|[upkeep]
|upkeep
|
|t:|1776332028
|switch|p1a: Bertha|Vaporeon, F, shiny|100/100
|-damage|p1a: Bertha|88/100|[from] Stealth Rock
|turn|17
|
|t:|1776332037
|move|p2a: Kashimo|Hurricane|p1a: Bertha
|-damage|p1a: Bertha|58/100
|move|p1a: Bertha|Calm Mind|p1a: Bertha
|-boost|p1a: Bertha|spa|1
|-boost|p1a: Bertha|spd|1
|
|-weather|RainDance|[upkeep]
|-heal|p1a: Bertha|64/100|[from] item: Leftovers
|upkeep
|turn|18
|
|t:|1776332044
|move|p2a: Kashimo|Hurricane|p1a: Bertha
|-damage|p1a: Bertha|45/100
|move|p1a: Bertha|Calm Mind|p1a: Bertha
|-boost|p1a: Bertha|spa|1
|-boost|p1a: Bertha|spd|1
|
|-weather|RainDance|[upkeep]
|-heal|p1a: Bertha|52/100|[from] item: Leftovers
|upkeep
|turn|19
|
|t:|1776332049
|move|p2a: Kashimo|Hurricane|p1a: Bertha
|-damage|p1a: Bertha|38/100
|move|p1a: Bertha|Calm Mind|p1a: Bertha
|-boost|p1a: Bertha|spa|1
|-boost|p1a: Bertha|spd|1
|
|-weather|RainDance|[upkeep]
|-heal|p1a: Bertha|45/100|[from] item: Leftovers
|upkeep
|turn|20
|
|t:|1776332052
|move|p2a: Kashimo|Hurricane|p1a: Bertha
|-damage|p1a: Bertha|33/100
|move|p1a: Bertha|Calm Mind|p1a: Bertha
|-boost|p1a: Bertha|spa|1
|-boost|p1a: Bertha|spd|1
|
|-weather|RainDance|[upkeep]
|-heal|p1a: Bertha|39/100|[from] item: Leftovers
|upkeep
|turn|21
|
|t:|1776332056
|move|p2a: Kashimo|Hurricane|p1a: Bertha
|-damage|p1a: Bertha|31/100
|-start|p1a: Bertha|confusion
|-activate|p1a: Bertha|confusion
|move|p1a: Bertha|Calm Mind|p1a: Bertha
|-boost|p1a: Bertha|spa|1
|-boost|p1a: Bertha|spd|1
|
|-weather|RainDance|[upkeep]
|-heal|p1a: Bertha|37/100|[from] item: Leftovers
|upkeep
|turn|22
|
|t:|1776332059
|move|p2a: Kashimo|Hurricane|p1a: Bertha
|-damage|p1a: Bertha|29/100
|-activate|p1a: Bertha|confusion
|-damage|p1a: Bertha|23/100|[from] confusion
|
|-weather|none
|-heal|p1a: Bertha|29/100|[from] item: Leftovers
|upkeep
|turn|23
|
|t:|1776332063
|move|p2a: Kashimo|Hurricane|p1a: Bertha
|-crit|p1a: Bertha
|-damage|p1a: Bertha|0 fnt
|faint|p1a: Bertha
|
|win|kantola
|l|☆Zakru_7
|player|p1|
