|html|<div class="broadcast-blue"><strong>[Gen 9] OU is currently suspecting Tera Blast! For information on how to participate check out the <a href="https://www.smogon.com/tools/suspects/view/200">suspect thread</a>.</strong></div>
|j|☆BAzz Barge
|j|☆PufferPheesh
|t:|1776284629
|gametype|singles
|player|p1|BAzz Barge|benga|1293
|player|p2|PufferPheesh|crasherwake|1290
|gen|9
|tier|[Gen 9] OU
|rated|
|rule|HP Percentage Mod: HP is shown in percentages
|rule|Endless Battle Clause: Forcing endless battles is banned
|rule|Species Clause: Limit one of each Pokémon
|rule|OHKO Clause: OHKO moves are banned
|rule|Evasion Items Clause: Evasion items are banned
|rule|Evasion Moves Clause: Evasion moves are banned
|rule|Evasion Abilities Clause: Evasion abilities are banned
|rule|Sleep Moves Clause: Sleep-inducing moves are banned
|clearpoke
|poke|p1|Tyranitar, F|
|poke|p1|Excadrill, M|
|poke|p1|Ogerpon-Cornerstone, F|
|poke|p1|Dragapult, M|
|poke|p1|Moltres|
|poke|p1|Corviknight, M|
|poke|p2|Tyranitar, M|
|poke|p2|Iron Treads|
|poke|p2|Primarina, F|
|poke|p2|Dragapult, F|
|poke|p2|Hydrapple, M|
|poke|p2|Corviknight, M|
|teampreview
|
|t:|1776284639
|teamsize|p1|6
|teamsize|p2|6
|start
|switch|p1a: Excadrill|Excadrill, M|100/100
|switch|p2a: Tary Soprano|Tyranitar, M|100/100
|-weather|Sandstorm|[from] ability: Sand Stream|[of] p2a: Tary Soprano
|turn|1
|
|t:|1776284649
|-terastallize|p2a: Tary Soprano|Flying
|move|p1a: Excadrill|Swords Dance|p1a: Excadrill
|-boost|p1a: Excadrill|atk|2
|move|p2a: Tary Soprano|Knock Off|p1a: Excadrill
|-damage|p1a: Excadrill|0 fnt
|-enditem|p1a: Excadrill|Life Orb|[from] move: Knock Off|[of] p2a: Tary Soprano
|faint|p1a: Excadrill
|
|-weather|Sandstorm|[upkeep]
|-damage|p2a: Tary Soprano|94/100|[from] Sandstorm
|upkeep
|
|t:|1776284659
|switch|p1a: Ogerpon|Ogerpon-Cornerstone, F|100/100
|turn|2
|
|t:|1776284667
|switch|p2a: Doctor's nightmare|Hydrapple, M|100/100
|move|p1a: Ogerpon|Swords Dance|p1a: Ogerpon
|-boost|p1a: Ogerpon|atk|2
|
|-weather|Sandstorm|[upkeep]
|-damage|p2a: Doctor's nightmare|94/100|[from] Sandstorm
|upkeep
|turn|3
|
|t:|1776284676
|-terastallize|p1a: Ogerpon|Rock
|detailschange|p1a: Ogerpon|Ogerpon-Cornerstone-Tera, F, tera:Rock
|-ability|p1a: Ogerpon|Embody Aspect (Cornerstone)|boost
|-boost|p1a: Ogerpon|def|1
|move|p1a: Ogerpon|Ivy Cudgel|p2a: Doctor's nightmare|[anim] Ivy Cudgel Rock
|-damage|p2a: Doctor's nightmare|2/100
|move|p2a: Doctor's nightmare|Nasty Plot|p2a: Doctor's nightmare
|-boost|p2a: Doctor's nightmare|spa|2
|
|-weather|Sandstorm|[upkeep]
|-damage|p2a: Doctor's nightmare|0 fnt|[from] Sandstorm
|faint|p2a: Doctor's nightmare
|upkeep
|
|t:|1776284695
|switch|p2a: Donphan Neo|Iron Treads|100/100
|-enditem|p2a: Donphan Neo|Booster Energy
|-activate|p2a: Donphan Neo|ability: Quark Drive|[fromitem]
|-start|p2a: Donphan Neo|quarkdrivedef
|turn|4
|
|t:|1776284705
|move|p1a: Ogerpon|Power Whip|p2a: Donphan Neo
|-damage|p2a: Donphan Neo|23/100
|move|p2a: Donphan Neo|Earthquake|p1a: Ogerpon
|-supereffective|p1a: Ogerpon
|-damage|p1a: Ogerpon|29/100
|
|-weather|Sandstorm|[upkeep]
|upkeep
|turn|5
|
|t:|1776284717
|-end|p2a: Donphan Neo|Quark Drive|[silent]
|switch|p2a: Trebuche|Dragapult, F|100/100
|move|p1a: Ogerpon|Power Whip|p2a: Trebuche
|-resisted|p2a: Trebuche
|-damage|p2a: Trebuche|0 fnt
|faint|p2a: Trebuche
|
|-weather|none
|upkeep
|
|t:|1776284722
|switch|p2a: Waifu|Primarina, F|100/100
|turn|6
|
|t:|1776284728
|move|p1a: Ogerpon|Power Whip|p2a: Waifu
|-supereffective|p2a: Waifu
|-crit|p2a: Waifu
|-damage|p2a: Waifu|0 fnt
|faint|p2a: Waifu
|
|upkeep
|-message|PufferPheesh forfeited.
|
|win|BAzz Barge
|raw|BAzz Barge's rating: 1293 &rarr; <strong>1318</strong><br />(+25 for winning)
|raw|PufferPheesh's rating: 1290 &rarr; <strong>1265</strong><br />(-25 for losing)
|l|☆PufferPheesh
|player|p2|
