|html|<div class="broadcast-blue"><strong>[Gen 9] OU is currently suspecting Tera Blast! For information on how to participate check out the <a href="https://www.smogon.com/tools/suspects/view/200">suspect thread</a>.</strong></div>
|j|☆Omega Principle
|j|☆leshawnfr
|t:|1776098119
|gametype|singles
|player|p1|Omega Principle|policeman|1253
|player|p2|leshawnfr|giovanni|1297
|gen|9
|tier|[Gen 9] OU
|rated|
|rule|HP Percentage Mod: HP is shown in percentages
|rule|Endless Battle Clause: Forcing endless battles is banned
|rule|Species Clause: Limit one of each Pokémon
|rule|OHKO Clause: OHKO moves are banned
|rule|Evasion Items Clause: Evasion items are banned
|rule|Evasion Moves Clause: Evasion moves are banned
|rule|Evasion Abilities Clause: Evasion abilities are banned
|rule|Sleep Moves Clause: Sleep-inducing moves are banned
|clearpoke
|poke|p1|Ribombee, F|
|poke|p1|Gholdengo|
|poke|p1|Rampardos, F|
|poke|p1|Carbink, L1|
|poke|p1|Raging Bolt|
|poke|p1|Hoopa-Unbound|
|poke|p2|Snorlax, M|
|poke|p2|Greedent, M|
|poke|p2|Blissey, F|
|poke|p2|Arboliva, M|
|poke|p2|Klawf, F|
|poke|p2|Jirachi|
|teampreview
|inactive|Battle timer is ON: inactive players will automatically lose when time's up. (requested by Omega Principle)
|
|t:|1776098145
|teamsize|p1|6
|teamsize|p2|6
|start
|switch|p1a: Ribombee|Ribombee, F|100/100
|switch|p2a: Klawf|Klawf, F|100/100
|turn|1
|
|t:|1776098150
|move|p1a: Ribombee|Switcheroo|p2a: Klawf
|-activate|p1a: Ribombee|move: Trick|[of] p2a: Klawf
|-item|p2a: Klawf|Choice Scarf|[from] move: Switcheroo
|-item|p1a: Ribombee|Weakness Policy|[from] move: Switcheroo
|move|p2a: Klawf|Stealth Rock|p1a: Ribombee
|-sidestart|p1: Omega Principle|move: Stealth Rock
|
|upkeep
|turn|2
|
|t:|1776098161
|switch|p1a: Hoopa|Hoopa-Unbound|100/100
|-damage|p1a: Hoopa|88/100|[from] Stealth Rock
|switch|p2a: Jirachi|Jirachi|100/100
|
|upkeep
|turn|3
|
|t:|1776098174
|switch|p2a: Blissey|Blissey, F|100/100
|switch|p1a: Ribombee|Ribombee, F|100/100
|-damage|p1a: Ribombee|76/100|[from] Stealth Rock
|
|upkeep
|turn|4
|
|t:|1776098183
|move|p1a: Ribombee|Switcheroo|p2a: Blissey
|-activate|p1a: Ribombee|move: Trick|[of] p2a: Blissey
|-item|p2a: Blissey|Weakness Policy|[from] move: Switcheroo
|-item|p1a: Ribombee|Leftovers|[from] move: Switcheroo
|move|p2a: Blissey|Thunder|p1a: Ribombee|[miss]
|-miss|p2a: Blissey|p1a: Ribombee
|
|-heal|p1a: Ribombee|82/100|[from] item: Leftovers
|upkeep
|turn|5
|
|t:|1776098204
|switch|p1a: Hoopa|Hoopa-Unbound|88/100
|-damage|p1a: Hoopa|76/100|[from] Stealth Rock
|move|p2a: Blissey|Thunder|p1a: Hoopa
|-damage|p1a: Hoopa|57/100
|-status|p1a: Hoopa|par
|
|upkeep
|turn|6
|
|t:|1776098210
|move|p2a: Blissey|Seismic Toss|p1a: Hoopa
|-damage|p1a: Hoopa|24/100 par
|move|p1a: Hoopa|Hyperspace Fury|p2a: Blissey
|-damage|p2a: Blissey|40/100
|-unboost|p1a: Hoopa|def|1
|
|upkeep
|turn|7
|
|t:|1776098219
|move|p2a: Blissey|Seismic Toss|p1a: Hoopa
|-damage|p1a: Hoopa|0 fnt
|faint|p1a: Hoopa
|
|upkeep
|
|t:|1776098244
|switch|p1a: Paul|Gholdengo|100/100
|-damage|p1a: Paul|94/100|[from] Stealth Rock
|turn|8
|
|t:|1776098255
|move|p1a: Paul|Nasty Plot|p1a: Paul
|-boost|p1a: Paul|spa|2
|move|p2a: Blissey|Soft-Boiled|p2a: Blissey
|-heal|p2a: Blissey|90/100
|
|upkeep
|turn|9
|
|t:|1776098262
|move|p1a: Paul|Nasty Plot|p1a: Paul
|-boost|p1a: Paul|spa|2
|move|p2a: Blissey|Thunder|p1a: Paul
|-damage|p1a: Paul|76/100
|-status|p1a: Paul|par
|
|upkeep
|turn|10
|
|t:|1776098271
|move|p2a: Blissey|Chilling Water|p1a: Paul
|-damage|p1a: Paul|67/100 par
|-unboost|p1a: Paul|atk|1
|move|p1a: Paul|Nasty Plot|p1a: Paul
|-boost|p1a: Paul|spa|2
|
|upkeep
|turn|11
|
|t:|1776098276
|move|p2a: Blissey|Chilling Water|p1a: Paul
|-damage|p1a: Paul|59/100 par
|-unboost|p1a: Paul|atk|1
|cant|p1a: Paul|par
|
|upkeep
|turn|12
|
|t:|1776098283
|move|p2a: Blissey|Thunder|p1a: Paul|[miss]
|-miss|p2a: Blissey|p1a: Paul
|cant|p1a: Paul|par
|
|upkeep
|turn|13
|
|t:|1776098289
|move|p2a: Blissey|Thunder|p1a: Paul
|-damage|p1a: Paul|39/100 par
|move|p1a: Paul|Psyshock|p2a: Blissey
|-damage|p2a: Blissey|0 fnt
|faint|p2a: Blissey
|
|upkeep
|
|t:|1776098302
|switch|p2a: Klawf|Klawf, F|100/100
|turn|14
|
|t:|1776098311
|move|p2a: Klawf|High Horsepower|p1a: Paul|[miss]
|-miss|p2a: Klawf|p1a: Paul
|move|p1a: Paul|Make It Rain|p2a: Klawf
|-supereffective|p2a: Klawf
|-damage|p2a: Klawf|0 fnt
|-unboost|p1a: Paul|spa|1
|faint|p2a: Klawf
|
|upkeep
|c|☆leshawnfr|Son...
|
|t:|1776098339
|switch|p2a: Snorlax|Snorlax, M|100/100
|turn|15
|
|t:|1776098344
|move|p2a: Snorlax|Earthquake|p1a: Paul
|-supereffective|p1a: Paul
|-crit|p1a: Paul
|-damage|p1a: Paul|0 fnt
|faint|p1a: Paul
|
|upkeep
|
|t:|1776098354
|switch|p1a: Raging Bolt|Raging Bolt|100/100
|-damage|p1a: Raging Bolt|88/100|[from] Stealth Rock
|-enditem|p1a: Raging Bolt|Booster Energy
|-activate|p1a: Raging Bolt|ability: Protosynthesis|[fromitem]
|-start|p1a: Raging Bolt|protosynthesisspa
|turn|16
|
|t:|1776098363
|move|p1a: Raging Bolt|Draco Meteor|p2a: Snorlax
|-damage|p2a: Snorlax|42/100
|-unboost|p1a: Raging Bolt|spa|2
|-enditem|p2a: Snorlax|Sitrus Berry|[eat]
|-heal|p2a: Snorlax|67/100|[from] item: Sitrus Berry
|move|p2a: Snorlax|Earthquake|p1a: Raging Bolt
|-supereffective|p1a: Raging Bolt
|-damage|p1a: Raging Bolt|30/100
|
|upkeep
|turn|17
|
|t:|1776098373
|move|p1a: Raging Bolt|Volt Switch|p2a: Snorlax
|-damage|p2a: Snorlax|51/100
|
|t:|1776098380
|-end|p1a: Raging Bolt|Protosynthesis|[silent]
|switch|p1a: Ribombee|Ribombee, F|82/100|[from] Volt Switch
|-damage|p1a: Ribombee|57/100|[from] Stealth Rock
|move|p2a: Snorlax|Trailblaze|p1a: Ribombee
|-resisted|p1a: Ribombee
|-damage|p1a: Ribombee|41/100
|-boost|p2a: Snorlax|spe|1
|
|-heal|p1a: Ribombee|47/100|[from] item: Leftovers
|upkeep
|turn|18
|
|t:|1776098390
|move|p1a: Ribombee|Moonblast|p2a: Snorlax
|-damage|p2a: Snorlax|29/100
|move|p2a: Snorlax|Body Slam|p1a: Ribombee
|-damage|p1a: Ribombee|0 fnt
|faint|p1a: Ribombee
|
|upkeep
|
|t:|1776098396
|switch|p1a: Raging Bolt|Raging Bolt|30/100
|-damage|p1a: Raging Bolt|18/100|[from] Stealth Rock
|turn|19
|
|t:|1776098401
|move|p1a: Raging Bolt|Draco Meteor|p2a: Snorlax
|-damage|p2a: Snorlax|0 fnt
|-unboost|p1a: Raging Bolt|spa|2
|faint|p2a: Snorlax
|
|upkeep
|
|t:|1776098410
|switch|p2a: Greedent|Greedent, M|100/100
|turn|20
|
|t:|1776098414
|move|p1a: Raging Bolt|Volt Switch|p2a: Greedent
|-crit|p2a: Greedent
|-damage|p2a: Greedent|44/100
|
|t:|1776098418
|-end|p1a: Raging Bolt|Protosynthesis|[silent]
|switch|p1a: Carbink|Carbink, L1|100/100|[from] Volt Switch
|-damage|p1a: Carbink|92/100|[from] Stealth Rock
|move|p2a: Greedent|Trailblaze|p1a: Carbink
|-supereffective|p1a: Carbink
|-damage|p1a: Carbink|0 fnt
|-boost|p2a: Greedent|spe|1
|faint|p1a: Carbink
|
|upkeep
|
|t:|1776098426
|switch|p1a: Raging Bolt|Raging Bolt|18/100
|-damage|p1a: Raging Bolt|6/100|[from] Stealth Rock
|turn|21
|
|t:|1776098431
|switch|p2a: Jirachi|Jirachi|100/100
|move|p1a: Raging Bolt|Draco Meteor|p2a: Jirachi
|-resisted|p2a: Jirachi
|-damage|p2a: Jirachi|75/100
|-unboost|p1a: Raging Bolt|spa|2
|
|-heal|p2a: Jirachi|81/100|[from] item: Leftovers
|upkeep
|turn|22
|
|t:|1776098436
|move|p2a: Jirachi|Cosmic Power|p2a: Jirachi
|-boost|p2a: Jirachi|def|1
|-boost|p2a: Jirachi|spd|1
|move|p1a: Raging Bolt|Thunderbolt|p2a: Jirachi
|-crit|p2a: Jirachi
|-damage|p2a: Jirachi|31/100
|
|-heal|p2a: Jirachi|38/100|[from] item: Leftovers
|upkeep
|turn|23
|
|t:|1776098445
|-terastallize|p1a: Raging Bolt|Electric
|move|p2a: Jirachi|Wish|p2a: Jirachi
|move|p1a: Raging Bolt|Thunderbolt|p2a: Jirachi
|-damage|p2a: Jirachi|21/100
|
|-heal|p2a: Jirachi|27/100|[from] item: Leftovers
|upkeep
|turn|24
|
|t:|1776098453
|-end|p1a: Raging Bolt|Protosynthesis|[silent]
|switch|p1a: Rampardos|Rampardos, F|100/100
|-damage|p1a: Rampardos|88/100|[from] Stealth Rock
|move|p2a: Jirachi|Cosmic Power|p2a: Jirachi
|-boost|p2a: Jirachi|def|1
|-boost|p2a: Jirachi|spd|1
|
|-heal|p2a: Jirachi|77/100|[from] move: Wish|[wisher] Jirachi
|-heal|p2a: Jirachi|84/100|[from] item: Leftovers
|upkeep
|turn|25
|
|t:|1776098456
|move|p2a: Jirachi|Doom Desire|p1a: Rampardos
|-start|p2a: Jirachi|Doom Desire
|move|p1a: Rampardos|Fire Punch|p2a: Jirachi
|-supereffective|p2a: Jirachi
|-damage|p2a: Jirachi|37/100
|
|-heal|p2a: Jirachi|44/100|[from] item: Leftovers
|upkeep
|turn|26
|
|t:|1776098462
|move|p2a: Jirachi|Wish|p2a: Jirachi
|move|p1a: Rampardos|Earthquake|p2a: Jirachi
|-supereffective|p2a: Jirachi
|-damage|p2a: Jirachi|0 fnt
|faint|p2a: Jirachi
|-damage|p1a: Rampardos|78/100|[from] item: Life Orb
|
|upkeep
|
|t:|1776098468
|switch|p2a: Greedent|Greedent, M|44/100
|turn|27
|
|t:|1776098472
|switch|p1a: Raging Bolt|Raging Bolt, tera:Electric|6/100
|-damage|p1a: Raging Bolt|0 fnt|[from] Stealth Rock
|faint|p1a: Raging Bolt
|-end|p1a: Raging Bolt|Protosynthesis|[silent]
|move|p2a: Greedent|Trailblaze|p1: Raging Bolt|[notarget]
|-fail|p2a: Greedent
|
|-hint|Doom Desire did not hit because the target is fainted.
|-heal|p2a: Greedent|89/100|[from] move: Wish|[wisher] Jirachi
|upkeep
|
|t:|1776098482
|switch|p1a: Rampardos|Rampardos, F|78/100
|-damage|p1a: Rampardos|66/100|[from] Stealth Rock
|turn|28
|
|t:|1776098492
|move|p1a: Rampardos|Rock Slide|p2a: Greedent
|-damage|p2a: Greedent|16/100
|-enditem|p2a: Greedent|Liechi Berry|[eat]
|-boost|p2a: Greedent|atk|1|[from] item: Liechi Berry
|-heal|p2a: Greedent|49/100|[from] ability: Cheek Pouch
|move|p2a: Greedent|Body Press|p1a: Rampardos
|-supereffective|p1a: Rampardos
|-damage|p1a: Rampardos|22/100
|
|upkeep
|turn|29
|
|t:|1776098501
|move|p1a: Rampardos|Rock Slide|p2a: Greedent
|-damage|p2a: Greedent|0 fnt
|faint|p2a: Greedent
|
|upkeep
|
|t:|1776098503
|switch|p2a: Arboliva|Arboliva, M|100/100
|turn|30
|
|t:|1776098513
|-terastallize|p2a: Arboliva|Fairy
|move|p2a: Arboliva|Alluring Voice|p1a: Rampardos
|-damage|p1a: Rampardos|0 fnt
|faint|p1a: Rampardos
|
|win|leshawnfr
|raw|Omega Principle's rating: 1253 &rarr; <strong>1229</strong><br />(-24 for losing)
|raw|leshawnfr's rating: 1272 &rarr; <strong>1296</strong><br />(+24 for winning)
