|html|<div class="broadcast-blue"><strong>[Gen 9] OU is currently suspecting Volcarona! For information on how to participate check out the <a href="https://www.smogon.com/tools/suspects/view/208">suspect thread</a>.</strong></div>
|j|☆Stealthalo
|j|☆youriboyka
|t:|1778496537
|gametype|singles
|player|p1|Stealthalo|101|1441
|player|p2|youriboyka|alder|1457
|gen|9
|tier|[Gen 9] OU
|rated|
|rule|HP Percentage Mod: HP is shown in percentages
|rule|Endless Battle Clause: Forcing endless battles is banned
|rule|Species Clause: Limit one of each Pokémon
|rule|OHKO Clause: OHKO moves are banned
|rule|Evasion Items Clause: Evasion items are banned
|rule|Evasion Moves Clause: Evasion moves are banned
|rule|Evasion Abilities Clause: Evasion abilities are banned
|rule|Sleep Moves Clause: Sleep-inducing moves are banned
|clearpoke
|poke|p1|Mamoswine, F|
|poke|p1|Weezing-Galar, M|
|poke|p1|Moltres|
|poke|p1|Glimmora, F|
|poke|p1|Dragapult, M|
|poke|p1|Ogerpon-Wellspring, F|
|poke|p2|Iron Moth|
|poke|p2|Kingambit, F|
|poke|p2|Dragonite, F|
|poke|p2|Ogerpon-Cornerstone, F|
|poke|p2|Iron Valiant|
|poke|p2|Raging Bolt|
|teampreview
|c|☆youriboyka|hf
|inactive|Battle timer is ON: inactive players will automatically lose when time's up. (requested by youriboyka)
|
|t:|1778496543
|teamsize|p1|6
|teamsize|p2|6
|start
|switch|p1a: Ogerpon|Ogerpon-Wellspring, F|100/100
|switch|p2a: Ogerpon|Ogerpon-Cornerstone, F|100/100
|turn|1
|
|t:|1778496549
|move|p2a: Ogerpon|Ivy Cudgel|p1a: Ogerpon|[anim] Ivy Cudgel Rock
|-damage|p1a: Ogerpon|25/100
|move|p1a: Ogerpon|Ivy Cudgel|p2a: Ogerpon|[anim] Ivy Cudgel Water
|-damage|p2a: Ogerpon|20/100
|
|upkeep
|turn|2
|
|t:|1778496556
|move|p1a: Ogerpon|Horn Leech|p2a: Ogerpon
|-damage|p2a: Ogerpon|0 fnt
|-heal|p1a: Ogerpon|35/100|[from] drain|[of] p2a: Ogerpon
|faint|p2a: Ogerpon
|
|upkeep
|
|t:|1778496557
|switch|p2a: Kingambit|Kingambit, F|100/100
|-activate|p2a: Kingambit|ability: Supreme Overlord
|-start|p2a: Kingambit|fallen1|[silent]
|turn|3
|
|t:|1778496566
|switch|p1a: Moltres|Moltres|100/100
|move|p2a: Kingambit|Kowtow Cleave|p1a: Moltres
|-damage|p1a: Moltres|57/100
|-status|p2a: Kingambit|brn|[from] ability: Flame Body|[of] p1a: Moltres
|
|-damage|p2a: Kingambit|94/100 brn|[from] brn
|upkeep
|turn|4
|
|t:|1778496576
|-end|p2a: Kingambit|fallen1|[silent]
|switch|p2a: Raging Bolt|Raging Bolt|100/100
|-enditem|p2a: Raging Bolt|Booster Energy
|-activate|p2a: Raging Bolt|ability: Protosynthesis|[fromitem]
|-start|p2a: Raging Bolt|protosynthesisspa
|move|p1a: Moltres|U-turn|p2a: Raging Bolt
|-damage|p2a: Raging Bolt|87/100
|
|t:|1778496584
|switch|p1a: Mamoswine|Mamoswine, F|100/100|[from] U-turn
|
|upkeep
|turn|5
|
|t:|1778496588
|-terastallize|p2a: Raging Bolt|Fairy
|move|p1a: Mamoswine|Earthquake|p2a: Raging Bolt
|-damage|p2a: Raging Bolt|37/100
|move|p2a: Raging Bolt|Dragon Pulse|p1a: Mamoswine
|-damage|p1a: Mamoswine|0 fnt
|faint|p1a: Mamoswine
|
|upkeep
|
|t:|1778496602
|switch|p1a: Dragapult|Dragapult, M|100/100
|turn|6
|
|t:|1778496606
|move|p2a: Raging Bolt|Thunderclap|p1a: Dragapult
|-resisted|p1a: Dragapult
|-damage|p1a: Dragapult|65/100
|move|p1a: Dragapult|Phantom Force||[still]
|-prepare|p1a: Dragapult|Phantom Force
|
|-heal|p1a: Dragapult|71/100|[from] item: Leftovers
|upkeep
|turn|7
|
|t:|1778496613
|move|p1a: Dragapult|Phantom Force|p2a: Raging Bolt|[from] lockedmove
|-damage|p2a: Raging Bolt|0 fnt
|faint|p2a: Raging Bolt
|-end|p2a: Raging Bolt|Protosynthesis|[silent]
|
|-heal|p1a: Dragapult|77/100|[from] item: Leftovers
|upkeep
|
|t:|1778496616
|switch|p2a: Iron Valiant|Iron Valiant|100/100
|-enditem|p2a: Iron Valiant|Booster Energy
|-activate|p2a: Iron Valiant|ability: Quark Drive|[fromitem]
|-start|p2a: Iron Valiant|quarkdrivespe
|turn|8
|
|t:|1778496624
|switch|p1a: Glimmora|Glimmora, F|100/100
|move|p2a: Iron Valiant|Moonblast|p1a: Glimmora
|-resisted|p1a: Glimmora
|-damage|p1a: Glimmora|78/100
|
|-heal|p1a: Glimmora|85/100|[from] item: Leftovers
|upkeep
|turn|9
|
|t:|1778496635
|move|p2a: Iron Valiant|Calm Mind|p2a: Iron Valiant
|-boost|p2a: Iron Valiant|spa|1
|-boost|p2a: Iron Valiant|spd|1
|move|p1a: Glimmora|Earth Power|p2a: Iron Valiant
|-damage|p2a: Iron Valiant|63/100
|
|-heal|p1a: Glimmora|91/100|[from] item: Leftovers
|upkeep
|turn|10
|
|t:|1778496644
|move|p2a: Iron Valiant|Shadow Ball|p1a: Glimmora
|-crit|p1a: Glimmora
|-damage|p1a: Glimmora|35/100
|move|p1a: Glimmora|Sludge Bomb|p2a: Iron Valiant
|-supereffective|p2a: Iron Valiant
|-damage|p2a: Iron Valiant|0 fnt
|faint|p2a: Iron Valiant
|-end|p2a: Iron Valiant|Quark Drive|[silent]
|
|-heal|p1a: Glimmora|42/100|[from] item: Leftovers
|upkeep
|
|t:|1778496645
|switch|p2a: Dragonite|Dragonite, F|100/100
|turn|11
|
|t:|1778496657
|switch|p1a: Weezing|Weezing-Galar, M|100/100
|move|p2a: Dragonite|Earthquake|p1a: Weezing
|-immune|p1a: Weezing|[from] ability: Levitate
|
|upkeep
|turn|12
|
|t:|1778496666
|move|p2a: Dragonite|Dragon Dance|p2a: Dragonite
|-boost|p2a: Dragonite|atk|1
|-boost|p2a: Dragonite|spe|1
|move|p1a: Weezing|Strange Steam|p2a: Dragonite
|-supereffective|p2a: Dragonite
|-damage|p2a: Dragonite|72/100
|
|upkeep
|turn|13
|
|t:|1778496673
|move|p2a: Dragonite|Ice Spinner|p1a: Weezing
|-damage|p1a: Weezing|68/100
|move|p1a: Weezing|Strange Steam|p2a: Dragonite
|-supereffective|p2a: Dragonite
|-damage|p2a: Dragonite|18/100
|
|-heal|p1a: Weezing|74/100|[from] item: Leftovers
|upkeep
|turn|14
|
|t:|1778496681
|move|p2a: Dragonite|Ice Spinner|p1a: Weezing
|-damage|p1a: Weezing|37/100
|move|p1a: Weezing|Strange Steam|p2a: Dragonite
|-supereffective|p2a: Dragonite
|-damage|p2a: Dragonite|0 fnt
|faint|p2a: Dragonite
|
|-heal|p1a: Weezing|43/100|[from] item: Leftovers
|upkeep
|
|t:|1778496684
|switch|p2a: Iron Moth|Iron Moth|100/100
|-enditem|p2a: Iron Moth|Booster Energy
|-activate|p2a: Iron Moth|ability: Quark Drive|[fromitem]
|-start|p2a: Iron Moth|quarkdrivespe
|turn|15
|
|t:|1778496695
|move|p2a: Iron Moth|Fiery Dance|p1a: Weezing
|-damage|p1a: Weezing|3/100
|-boost|p2a: Iron Moth|spa|1
|move|p1a: Weezing|Pain Split|p2a: Iron Moth
|-sethp|p2a: Iron Moth|52/100|[from] move: Pain Split|[silent]
|-sethp|p1a: Weezing|47/100|[from] move: Pain Split
|
|-heal|p1a: Weezing|53/100|[from] item: Leftovers
|upkeep
|turn|16
|
|t:|1778496705
|move|p2a: Iron Moth|Fiery Dance|p1a: Weezing
|-damage|p1a: Weezing|0 fnt
|-boost|p2a: Iron Moth|spa|1
|faint|p1a: Weezing
|
|upkeep
|
|t:|1778496714
|switch|p1a: Glimmora|Glimmora, F|42/100
|turn|17
|
|t:|1778496717
|move|p2a: Iron Moth|Fiery Dance|p1a: Glimmora
|-resisted|p1a: Glimmora
|-damage|p1a: Glimmora|6/100
|-boost|p2a: Iron Moth|spa|1
|move|p1a: Glimmora|Earth Power|p2a: Iron Moth
|-supereffective|p2a: Iron Moth
|-damage|p2a: Iron Moth|0 fnt
|faint|p2a: Iron Moth
|-end|p2a: Iron Moth|Quark Drive|[silent]
|
|-heal|p1a: Glimmora|12/100|[from] item: Leftovers
|upkeep
|
|t:|1778496718
|switch|p2a: Kingambit|Kingambit, F|94/100 brn
|-activate|p2a: Kingambit|ability: Supreme Overlord
|-start|p2a: Kingambit|fallen5|[silent]
|turn|18
|
|t:|1778496732
|move|p1a: Glimmora|Earth Power|p2a: Kingambit
|-supereffective|p2a: Kingambit
|-damage|p2a: Kingambit|25/100 brn
|move|p2a: Kingambit|Kowtow Cleave|p1a: Glimmora
|-damage|p1a: Glimmora|0 fnt
|-activate|p1a: Glimmora|ability: Toxic Debris
|-sidestart|p2: youriboyka|move: Toxic Spikes
|faint|p1a: Glimmora
|
|-damage|p2a: Kingambit|19/100 brn|[from] brn
|upkeep
|
|t:|1778496744
|switch|p1a: Moltres|Moltres|57/100
|turn|19
|
|t:|1778496747
|move|p1a: Moltres|Flamethrower|p2a: Kingambit
|-supereffective|p2a: Kingambit
|-damage|p2a: Kingambit|0 fnt
|faint|p2a: Kingambit
|-end|p2a: Kingambit|fallen5|[silent]
|
|win|Stealthalo
|raw|Stealthalo's rating: 1441 &rarr; <strong>1462</strong><br />(+21 for winning)
|raw|youriboyka's rating: 1457 &rarr; <strong>1436</strong><br />(-21 for losing)
|c|☆youriboyka|gg
|l|☆youriboyka
|player|p2|
|l|☆Stealthalo
|player|p1|
