|html|<div class="broadcast-blue"><strong>[Gen 9] OU is currently suspecting Volcarona! For information on how to participate check out the <a href="https://www.smogon.com/tools/suspects/view/208">suspect thread</a>.</strong></div>
|j|☆Magicsalt
|j|☆vegetoez
|t:|1778506300
|gametype|singles
|player|p1|Magicsalt|102|1085
|player|p2|vegetoez|170|1047
|gen|9
|tier|[Gen 9] OU
|rated|
|rule|HP Percentage Mod: HP is shown in percentages
|rule|Endless Battle Clause: Forcing endless battles is banned
|rule|Species Clause: Limit one of each Pokémon
|rule|OHKO Clause: OHKO moves are banned
|rule|Evasion Items Clause: Evasion items are banned
|rule|Evasion Moves Clause: Evasion moves are banned
|rule|Evasion Abilities Clause: Evasion abilities are banned
|rule|Sleep Moves Clause: Sleep-inducing moves are banned
|clearpoke
|poke|p1|Glimmora, F|
|poke|p1|Tinkaton, F|
|poke|p1|Gliscor, F|
|poke|p1|Blaziken, F|
|poke|p1|Clefable, F|
|poke|p1|Samurott-Hisui, F|
|poke|p2|Iron Crown|
|poke|p2|Walking Wake|
|poke|p2|Enamorus, F|
|poke|p2|Ceruledge, F|
|poke|p2|Meowscarada, F|
|poke|p2|Zamazenta-*|
|teampreview
|inactive|Battle timer is ON: inactive players will automatically lose when time's up. (requested by Magicsalt)
|
|t:|1778506324
|teamsize|p1|6
|teamsize|p2|6
|start
|switch|p1a: Yolo|Samurott-Hisui, F|100/100
|switch|p2a: Meowscarada|Meowscarada, F|100/100
|turn|1
|
|t:|1778506335
|switch|p1a: Grown ahh chicken|Blaziken, F|100/100
|move|p2a: Meowscarada|Flower Trick|p1a: Grown ahh chicken
|-start|p2a: Meowscarada|typechange|Grass|[from] ability: Protean
|-resisted|p1a: Grown ahh chicken
|-crit|p1a: Grown ahh chicken
|-damage|p1a: Grown ahh chicken|49/100
|
|upkeep
|turn|2
|
|t:|1778506358
|switch|p2a: Walking Wake|Walking Wake|100/100
|move|p1a: Grown ahh chicken|Swords Dance|p1a: Grown ahh chicken
|-boost|p1a: Grown ahh chicken|atk|2
|
|-ability|p1a: Grown ahh chicken|Speed Boost|boost
|-boost|p1a: Grown ahh chicken|spe|1
|upkeep
|turn|3
|
|t:|1778506366
|move|p1a: Grown ahh chicken|Protect|p1a: Grown ahh chicken
|-singleturn|p1a: Grown ahh chicken|Protect
|move|p2a: Walking Wake|Hydro Steam|p1a: Grown ahh chicken
|-activate|p1a: Grown ahh chicken|move: Protect
|
|-ability|p1a: Grown ahh chicken|Speed Boost|boost
|-boost|p1a: Grown ahh chicken|spe|1
|upkeep
|turn|4
|
|t:|1778506376
|move|p1a: Grown ahh chicken|Close Combat|p2a: Walking Wake
|-damage|p2a: Walking Wake|0 fnt
|-unboost|p1a: Grown ahh chicken|def|1
|-unboost|p1a: Grown ahh chicken|spd|1
|faint|p2a: Walking Wake
|-end|p2a: Walking Wake|Protosynthesis|[silent]
|
|-ability|p1a: Grown ahh chicken|Speed Boost|boost
|-boost|p1a: Grown ahh chicken|spe|1
|upkeep
|
|t:|1778506384
|switch|p2a: Ceruledge|Ceruledge, F|100/100
|turn|5
|
|t:|1778506391
|move|p1a: Grown ahh chicken|Protect|p1a: Grown ahh chicken
|-singleturn|p1a: Grown ahh chicken|Protect
|move|p2a: Ceruledge|Shadow Sneak|p1a: Grown ahh chicken
|-activate|p1a: Grown ahh chicken|move: Protect
|
|-ability|p1a: Grown ahh chicken|Speed Boost|boost
|-boost|p1a: Grown ahh chicken|spe|1
|upkeep
|turn|6
|
|t:|1778506398
|move|p2a: Ceruledge|Shadow Sneak|p1a: Grown ahh chicken
|-damage|p1a: Grown ahh chicken|2/100
|move|p1a: Grown ahh chicken|Blaze Kick|p2a: Ceruledge
|-resisted|p2a: Ceruledge
|-damage|p2a: Ceruledge|43/100
|-ability|p2a: Ceruledge|Weak Armor|boost
|-unboost|p2a: Ceruledge|def|1
|-boost|p2a: Ceruledge|spe|2
|
|-ability|p1a: Grown ahh chicken|Speed Boost|boost
|-boost|p1a: Grown ahh chicken|spe|1
|upkeep
|turn|7
|
|t:|1778506409
|move|p1a: Grown ahh chicken|Protect|p1a: Grown ahh chicken
|-singleturn|p1a: Grown ahh chicken|Protect
|move|p2a: Ceruledge|Shadow Sneak|p1a: Grown ahh chicken
|-activate|p1a: Grown ahh chicken|move: Protect
|
|-ability|p1a: Grown ahh chicken|Speed Boost|boost
|-boost|p1a: Grown ahh chicken|spe|1
|upkeep
|turn|8
|
|t:|1778506416
|move|p2a: Ceruledge|Shadow Sneak|p1a: Grown ahh chicken
|-crit|p1a: Grown ahh chicken
|-damage|p1a: Grown ahh chicken|0 fnt
|faint|p1a: Grown ahh chicken
|
|upkeep
|
|t:|1778506425
|switch|p1a: A rock|Glimmora, F, shiny|100/100
|turn|9
|
|t:|1778506436
|move|p2a: Ceruledge|Poltergeist|p1a: A rock
|-activate|p1a: A rock|move: Poltergeist|Focus Sash
|-damage|p1a: A rock|42/100
|-activate|p1a: A rock|ability: Toxic Debris
|-sidestart|p2: vegetoez|move: Toxic Spikes
|move|p1a: A rock|Mortal Spin|p2a: Ceruledge
|-resisted|p2a: Ceruledge
|-damage|p2a: Ceruledge|36/100
|-status|p2a: Ceruledge|psn
|-ability|p2a: Ceruledge|Weak Armor|boost
|-unboost|p2a: Ceruledge|def|1
|-boost|p2a: Ceruledge|spe|2
|
|-damage|p2a: Ceruledge|23/100 psn|[from] psn
|upkeep
|turn|10
|
|t:|1778506450
|move|p1a: A rock|Protect|p1a: A rock
|-singleturn|p1a: A rock|Protect
|move|p2a: Ceruledge|Bitter Blade|p1a: A rock
|-activate|p1a: A rock|move: Protect
|
|-damage|p2a: Ceruledge|11/100 psn|[from] psn
|upkeep
|turn|11
|
|t:|1778506460
|switch|p1a: Yolo|Samurott-Hisui, F|100/100
|move|p2a: Ceruledge|Bitter Blade|p1a: Yolo
|-resisted|p1a: Yolo
|-damage|p1a: Yolo|72/100
|-heal|p2a: Ceruledge|27/100 psn|[from] drain|[of] p1a: Yolo
|
|-heal|p1a: Yolo|78/100|[from] item: Leftovers
|-damage|p2a: Ceruledge|15/100 psn|[from] psn
|upkeep
|turn|12
|
|t:|1778506471
|move|p2a: Ceruledge|Shadow Sneak|p1a: Yolo
|-resisted|p1a: Yolo
|-damage|p1a: Yolo|65/100
|move|p1a: Yolo|Ceaseless Edge|p2a: Ceruledge
|-supereffective|p2a: Ceruledge
|-damage|p2a: Ceruledge|0 fnt
|-sidestart|p2: vegetoez|Spikes
|faint|p2a: Ceruledge
|
|-heal|p1a: Yolo|72/100|[from] item: Leftovers
|upkeep
|
|t:|1778506481
|switch|p2a: Enamorus|Enamorus, F|100/100
|turn|13
|
|t:|1778506490
|move|p2a: Enamorus|Moonblast|p1a: Yolo
|-supereffective|p1a: Yolo
|-damage|p1a: Yolo|0 fnt
|faint|p1a: Yolo
|
|upkeep
|
|t:|1778506495
|switch|p1a: A rock|Glimmora, F, shiny|42/100
|turn|14
|
|t:|1778506505
|move|p2a: Enamorus|Moonblast|p1a: A rock
|-resisted|p1a: A rock
|-damage|p1a: A rock|13/100
|-unboost|p1a: A rock|spa|1
|move|p1a: A rock|Stealth Rock|p2a: Enamorus
|-sidestart|p2: vegetoez|move: Stealth Rock
|
|upkeep
|turn|15
|
|t:|1778506513
|move|p2a: Enamorus|Moonblast|p1a: A rock
|-resisted|p1a: A rock
|-damage|p1a: A rock|0 fnt
|faint|p1a: A rock
|
|upkeep
|
|t:|1778506529
|switch|p1a: Big ahh hammer|Tinkaton, F|100/100
|-ability|p1a: Big ahh hammer|Mold Breaker
|turn|16
|
|t:|1778506537
|switch|p2a: Zamazenta|Zamazenta|100/100
|-status|p2a: Zamazenta|psn
|-damage|p2a: Zamazenta|88/100 psn|[from] Spikes
|-damage|p2a: Zamazenta|82/100 psn|[from] Stealth Rock
|-ability|p2a: Zamazenta|Dauntless Shield|boost
|-boost|p2a: Zamazenta|def|1
|move|p1a: Big ahh hammer|Gigaton Hammer|p2a: Zamazenta
|-damage|p2a: Zamazenta|48/100 psn
|
|-heal|p2a: Zamazenta|55/100 psn|[from] item: Leftovers
|-damage|p2a: Zamazenta|42/100 psn|[from] psn
|upkeep
|turn|17
|
|t:|1778506552
|switch|p1a: Flying ahh thing|Gliscor, F, shiny|100/100
|move|p2a: Zamazenta|Body Press|p1a: Flying ahh thing
|-resisted|p1a: Flying ahh thing
|-damage|p1a: Flying ahh thing|80/100
|
|-heal|p2a: Zamazenta|48/100 psn|[from] item: Leftovers
|-damage|p2a: Zamazenta|36/100 psn|[from] psn
|-status|p1a: Flying ahh thing|tox|[from] item: Toxic Orb
|upkeep
|turn|18
|
|t:|1778506565
|move|p2a: Zamazenta|Crunch|p1a: Flying ahh thing
|-damage|p1a: Flying ahh thing|57/100 tox
|move|p1a: Flying ahh thing|Swords Dance|p1a: Flying ahh thing
|-boost|p1a: Flying ahh thing|atk|2
|
|-heal|p2a: Zamazenta|42/100 psn|[from] item: Leftovers
|-damage|p2a: Zamazenta|30/100 psn|[from] psn
|-heal|p1a: Flying ahh thing|70/100 tox|[from] ability: Poison Heal
|upkeep
|turn|19
|
|t:|1778506581
|move|p1a: Flying ahh thing|Facade|p2a: Zamazenta
|-damage|p2a: Zamazenta|0 fnt
|faint|p2a: Zamazenta
|
|-heal|p1a: Flying ahh thing|82/100 tox|[from] ability: Poison Heal
|upkeep
|
|t:|1778506600
|switch|p2a: Meowscarada|Meowscarada, F|100/100
|-status|p2a: Meowscarada|psn
|-damage|p2a: Meowscarada|88/100 psn|[from] Spikes
|-damage|p2a: Meowscarada|76/100 psn|[from] Stealth Rock
|turn|20
|
|t:|1778506612
|move|p2a: Meowscarada|Triple Axel|p1a: Flying ahh thing
|-start|p2a: Meowscarada|typechange|Ice|[from] ability: Protean
|-supereffective|p1a: Flying ahh thing
|-damage|p1a: Flying ahh thing|28/100 tox
|-supereffective|p1a: Flying ahh thing
|-damage|p1a: Flying ahh thing|0 fnt
|faint|p1a: Flying ahh thing
|-hitcount|p1: Flying ahh thing|2
|
|-damage|p2a: Meowscarada|64/100 psn|[from] psn
|upkeep
|
|t:|1778506622
|switch|p1a: Big ahh hammer|Tinkaton, F|100/100
|-ability|p1a: Big ahh hammer|Mold Breaker
|turn|21
|
|t:|1778506632
|move|p2a: Meowscarada|Triple Axel|p1a: Big ahh hammer
|-resisted|p1a: Big ahh hammer
|-crit|p1a: Big ahh hammer
|-damage|p1a: Big ahh hammer|85/100
|-resisted|p1a: Big ahh hammer
|-damage|p1a: Big ahh hammer|65/100
|-hitcount|p1a: Big ahh hammer|2
|move|p1a: Big ahh hammer|Encore|p2a: Meowscarada
|-start|p2a: Meowscarada|Encore
|
|-damage|p2a: Meowscarada|51/100 psn|[from] psn
|upkeep
|turn|22
|
|t:|1778506642
|move|p2a: Meowscarada|Triple Axel|p1a: Big ahh hammer
|-resisted|p1a: Big ahh hammer
|-damage|p1a: Big ahh hammer|55/100
|-resisted|p1a: Big ahh hammer
|-damage|p1a: Big ahh hammer|36/100
|-resisted|p1a: Big ahh hammer
|-damage|p1a: Big ahh hammer|10/100
|-hitcount|p1a: Big ahh hammer|3
|move|p1a: Big ahh hammer|Swords Dance|p1a: Big ahh hammer
|-boost|p1a: Big ahh hammer|atk|2
|
|-damage|p2a: Meowscarada|39/100 psn|[from] psn
|upkeep
|turn|23
|
|t:|1778506654
|move|p2a: Meowscarada|Triple Axel|p1a: Big ahh hammer
|-resisted|p1a: Big ahh hammer
|-damage|p1a: Big ahh hammer|0 fnt
|faint|p1a: Big ahh hammer
|-hitcount|p1: Big ahh hammer|1
|
|-damage|p2a: Meowscarada|27/100 psn|[from] psn
|upkeep
|
|t:|1778506661
|switch|p1a: Big back|Clefable, F, shiny|100/100
|turn|24
|
|t:|1778506673
|move|p2a: Meowscarada|Triple Axel|p1a: Big back
|-damage|p1a: Big back|90/100
|-damage|p1a: Big back|67/100
|-damage|p1a: Big back|36/100
|-hitcount|p1a: Big back|3
|move|p1a: Big back|Wish|p1a: Big back
|
|-heal|p1a: Big back|42/100|[from] item: Leftovers
|-damage|p2a: Meowscarada|14/100 psn|[from] psn
|-end|p2a: Meowscarada|Encore
|upkeep
|turn|25
|
|t:|1778506687
|move|p1a: Big back|Protect|p1a: Big back
|-singleturn|p1a: Big back|Protect
|move|p2a: Meowscarada|Triple Axel|p1a: Big back
|-activate|p1a: Big back|move: Protect
|
|-heal|p1a: Big back|92/100|[from] move: Wish|[wisher] Big back
|-heal|p1a: Big back|98/100|[from] item: Leftovers
|-damage|p2a: Meowscarada|2/100 psn|[from] psn
|upkeep
|turn|26
|
|t:|1778506697
|move|p2a: Meowscarada|Triple Axel|p1a: Big back|[miss]
|-miss|p2a: Meowscarada|p1a: Big back
|move|p1a: Big back|Wish|p1a: Big back
|
|-heal|p1a: Big back|100/100|[from] item: Leftovers
|-damage|p2a: Meowscarada|0 fnt|[from] psn
|faint|p2a: Meowscarada
|upkeep
|
|t:|1778506705
|switch|p2a: Iron Crown|Iron Crown|100/100
|-damage|p2a: Iron Crown|88/100|[from] Spikes
|-damage|p2a: Iron Crown|82/100|[from] Stealth Rock
|-enditem|p2a: Iron Crown|Booster Energy
|-activate|p2a: Iron Crown|ability: Quark Drive|[fromitem]
|-start|p2a: Iron Crown|quarkdrivespe
|turn|27
|
|t:|1778506717
|-terastallize|p1a: Big back|Normal
|move|p2a: Iron Crown|Psyshock|p1a: Big back
|-damage|p1a: Big back|74/100
|move|p1a: Big back|Calm Mind|p1a: Big back
|-boost|p1a: Big back|spa|1
|-boost|p1a: Big back|spd|1
|
|-heal|p1a: Big back|100/100|[from] move: Wish|[wisher] Big back
|upkeep
|turn|28
|
|t:|1778506729
|move|p2a: Iron Crown|Focus Blast|p1a: Big back
|-supereffective|p1a: Big back
|-damage|p1a: Big back|50/100
|move|p1a: Big back|Wish|p1a: Big back
|
|-heal|p1a: Big back|56/100|[from] item: Leftovers
|upkeep
|turn|29
|
|t:|1778506737
|move|p2a: Iron Crown|Focus Blast|p1a: Big back|[miss]
|-miss|p2a: Iron Crown|p1a: Big back
|move|p1a: Big back|Calm Mind|p1a: Big back
|-boost|p1a: Big back|spa|1
|-boost|p1a: Big back|spd|1
|
|-heal|p1a: Big back|100/100|[from] move: Wish|[wisher] Big back
|upkeep
|turn|30
|
|t:|1778506745
|move|p2a: Iron Crown|Calm Mind|p2a: Iron Crown
|-boost|p2a: Iron Crown|spa|1
|-boost|p2a: Iron Crown|spd|1
|move|p1a: Big back|Wish|p1a: Big back
|
|upkeep
|turn|31
|
|t:|1778506756
|move|p2a: Iron Crown|Calm Mind|p2a: Iron Crown
|-boost|p2a: Iron Crown|spa|1
|-boost|p2a: Iron Crown|spd|1
|move|p1a: Big back|Calm Mind|p1a: Big back
|-boost|p1a: Big back|spa|1
|-boost|p1a: Big back|spd|1
|
|upkeep
|turn|32
|
|t:|1778506763
|move|p2a: Iron Crown|Calm Mind|p2a: Iron Crown
|-boost|p2a: Iron Crown|spa|1
|-boost|p2a: Iron Crown|spd|1
|move|p1a: Big back|Calm Mind|p1a: Big back
|-boost|p1a: Big back|spa|1
|-boost|p1a: Big back|spd|1
|
|upkeep
|turn|33
|
|t:|1778506772
|move|p2a: Iron Crown|Calm Mind|p2a: Iron Crown
|-boost|p2a: Iron Crown|spa|1
|-boost|p2a: Iron Crown|spd|1
|move|p1a: Big back|Calm Mind|p1a: Big back
|-boost|p1a: Big back|spa|1
|-boost|p1a: Big back|spd|1
|
|upkeep
|turn|34
|
|t:|1778506778
|move|p2a: Iron Crown|Calm Mind|p2a: Iron Crown
|-boost|p2a: Iron Crown|spa|1
|-boost|p2a: Iron Crown|spd|1
|move|p1a: Big back|Wish|p1a: Big back
|
|upkeep
|turn|35
|
|t:|1778506783
|move|p2a: Iron Crown|Calm Mind|p2a: Iron Crown
|-boost|p2a: Iron Crown|spa|1
|-boost|p2a: Iron Crown|spd|1
|move|p1a: Big back|Calm Mind|p1a: Big back
|-boost|p1a: Big back|spa|1
|-boost|p1a: Big back|spd|1
|
|upkeep
|turn|36
|
|t:|1778506793
|move|p2a: Iron Crown|Focus Blast|p1a: Big back
|-supereffective|p1a: Big back
|-damage|p1a: Big back|83/100
|move|p1a: Big back|Moonblast|p2a: Iron Crown
|-resisted|p2a: Iron Crown
|-damage|p2a: Iron Crown|17/100
|
|-heal|p1a: Big back|89/100|[from] item: Leftovers
|upkeep
|turn|37
|inactive|vegetoez has 120 seconds left.
|
|t:|1778506825
|move|p2a: Iron Crown|Psyshock|p1a: Big back
|-damage|p1a: Big back|60/100
|move|p1a: Big back|Wish|p1a: Big back
|
|-heal|p1a: Big back|66/100|[from] item: Leftovers
|upkeep
|turn|38
|
|t:|1778506831
|move|p2a: Iron Crown|Psyshock|p1a: Big back
|-damage|p1a: Big back|37/100
|move|p1a: Big back|Moonblast|p2a: Iron Crown
|-resisted|p2a: Iron Crown
|-damage|p2a: Iron Crown|0 fnt
|faint|p2a: Iron Crown
|-end|p2a: Iron Crown|Quark Drive|[silent]
|
|-heal|p1a: Big back|87/100|[from] move: Wish|[wisher] Big back
|-heal|p1a: Big back|93/100|[from] item: Leftovers
|upkeep
|
|t:|1778506841
|switch|p2a: Enamorus|Enamorus, F|100/100
|-damage|p2a: Enamorus|76/100|[from] Stealth Rock
|turn|39
|
|t:|1778506856
|move|p2a: Enamorus|Mystical Fire|p1a: Big back
|-crit|p1a: Big back
|-damage|p1a: Big back|57/100
|-unboost|p1a: Big back|spa|1
|move|p1a: Big back|Moonblast|p2a: Enamorus
|-damage|p2a: Enamorus|0 fnt
|faint|p2a: Enamorus
|
|win|Magicsalt
|raw|Magicsalt's rating: 1085 &rarr; <strong>1109</strong><br />(+24 for winning)
|raw|vegetoez's rating: 1047 &rarr; <strong>1032</strong><br />(-15 for losing)
|l|☆vegetoez
|player|p2|
