|html|<div class="broadcast-blue"><strong>[Gen 9] OU is currently suspecting Tera Blast! For information on how to participate check out the <a href="https://www.smogon.com/tools/suspects/view/200">suspect thread</a>.</strong></div>
|j|☆Rascior4
|j|☆ryry_mick
|t:|1776246414
|gametype|singles
|player|p1|Rascior4|rood|1130
|player|p2|ryry_mick|elesa|1229
|gen|9
|tier|[Gen 9] OU
|rated|
|rule|HP Percentage Mod: HP is shown in percentages
|rule|Endless Battle Clause: Forcing endless battles is banned
|rule|Species Clause: Limit one of each Pokémon
|rule|OHKO Clause: OHKO moves are banned
|rule|Evasion Items Clause: Evasion items are banned
|rule|Evasion Moves Clause: Evasion moves are banned
|rule|Evasion Abilities Clause: Evasion abilities are banned
|rule|Sleep Moves Clause: Sleep-inducing moves are banned
|clearpoke
|poke|p1|Dragonite, M|
|poke|p1|Gholdengo|
|poke|p1|Gliscor, F|
|poke|p1|Hatterene, F|
|poke|p1|Dondozo, F|
|poke|p1|Alomomola, F|
|poke|p2|Tsareena, F|
|poke|p2|Gallade, M|
|poke|p2|Whimsicott, M|
|poke|p2|Araquanid, M|
|poke|p2|Dragonite, F|
|poke|p2|Deoxys-Defense|
|teampreview
|
|t:|1776246429
|teamsize|p1|6
|teamsize|p2|6
|start
|switch|p1a: Hatterene|Hatterene, F|100/100
|switch|p2a: Patriot|Deoxys-Defense|100/100
|-ability|p2a: Patriot|Pressure
|turn|1
|
|t:|1776246439
|move|p2a: Patriot|Cosmic Power|p2a: Patriot
|-boost|p2a: Patriot|def|1
|-boost|p2a: Patriot|spd|1
|move|p1a: Hatterene|Calm Mind|p1a: Hatterene
|-boost|p1a: Hatterene|spa|1
|-boost|p1a: Hatterene|spd|1
|
|upkeep
|turn|2
|
|t:|1776246447
|move|p2a: Patriot|Cosmic Power|p2a: Patriot
|-boost|p2a: Patriot|def|1
|-boost|p2a: Patriot|spd|1
|move|p1a: Hatterene|Calm Mind|p1a: Hatterene
|-boost|p1a: Hatterene|spa|1
|-boost|p1a: Hatterene|spd|1
|
|upkeep
|turn|3
|
|t:|1776246455
|move|p2a: Patriot|Cosmic Power|p2a: Patriot
|-boost|p2a: Patriot|def|1
|-boost|p2a: Patriot|spd|1
|move|p1a: Hatterene|Draining Kiss|p2a: Patriot
|-damage|p2a: Patriot|86/100
|
|-heal|p2a: Patriot|93/100|[from] item: Leftovers
|upkeep
|turn|4
|
|t:|1776246464
|move|p2a: Patriot|Cosmic Power|p2a: Patriot
|-boost|p2a: Patriot|def|1
|-boost|p2a: Patriot|spd|1
|move|p1a: Hatterene|Light Screen|p1a: Hatterene
|-sidestart|p1: Rascior4|move: Light Screen
|
|-heal|p2a: Patriot|99/100|[from] item: Leftovers
|upkeep
|turn|5
|
|t:|1776246468
|move|p2a: Patriot|Cosmic Power|p2a: Patriot
|-boost|p2a: Patriot|def|1
|-boost|p2a: Patriot|spd|1
|move|p1a: Hatterene|Calm Mind|p1a: Hatterene
|-boost|p1a: Hatterene|spa|1
|-boost|p1a: Hatterene|spd|1
|
|-heal|p2a: Patriot|100/100|[from] item: Leftovers
|upkeep
|turn|6
|
|t:|1776246471
|move|p2a: Patriot|Cosmic Power|p2a: Patriot
|-boost|p2a: Patriot|def|1
|-boost|p2a: Patriot|spd|1
|move|p1a: Hatterene|Draining Kiss|p2a: Patriot
|-damage|p2a: Patriot|90/100
|
|-heal|p2a: Patriot|97/100|[from] item: Leftovers
|upkeep
|turn|7
|
|t:|1776246473
|move|p2a: Patriot|Stored Power|p1a: Hatterene
|-resisted|p1a: Hatterene
|-damage|p1a: Hatterene|94/100
|move|p1a: Hatterene|Calm Mind|p1a: Hatterene
|-boost|p1a: Hatterene|spa|1
|-boost|p1a: Hatterene|spd|1
|
|-heal|p2a: Patriot|100/100|[from] item: Leftovers
|-heal|p1a: Hatterene|99/100|[from] item: Leftovers
|upkeep
|turn|8
|
|t:|1776246487
|move|p2a: Patriot|Extreme Speed|p1a: Hatterene
|-damage|p1a: Hatterene|85/100
|move|p1a: Hatterene|Calm Mind|p1a: Hatterene
|-boost|p1a: Hatterene|spa|1
|-boost|p1a: Hatterene|spd|1
|
|-heal|p1a: Hatterene|91/100|[from] item: Leftovers
|-sideend|p1: Rascior4|move: Light Screen
|upkeep
|turn|9
|
|t:|1776246498
|move|p2a: Patriot|Extreme Speed|p1a: Hatterene
|-damage|p1a: Hatterene|75/100
|move|p1a: Hatterene|Mystical Fire|p2a: Patriot
|-damage|p2a: Patriot|86/100
|-unboost|p2a: Patriot|spa|1
|
|-heal|p2a: Patriot|93/100|[from] item: Leftovers
|-heal|p1a: Hatterene|81/100|[from] item: Leftovers
|upkeep
|turn|10
|
|t:|1776246507
|move|p2a: Patriot|Extreme Speed|p1a: Hatterene
|-damage|p1a: Hatterene|67/100
|move|p1a: Hatterene|Draining Kiss|p2a: Patriot
|-damage|p2a: Patriot|78/100
|-heal|p1a: Hatterene|77/100|[from] drain|[of] p2a: Patriot
|
|-heal|p2a: Patriot|85/100|[from] item: Leftovers
|-heal|p1a: Hatterene|83/100|[from] item: Leftovers
|upkeep
|turn|11
|
|t:|1776246517
|move|p2a: Patriot|Stored Power|p1a: Hatterene
|-resisted|p1a: Hatterene
|-damage|p1a: Hatterene|76/100
|move|p1a: Hatterene|Calm Mind|p1a: Hatterene
|-boost|p1a: Hatterene|spa|1
|-boost|p1a: Hatterene|spd|1
|
|-heal|p2a: Patriot|91/100|[from] item: Leftovers
|-heal|p1a: Hatterene|82/100|[from] item: Leftovers
|upkeep
|turn|12
|
|t:|1776246523
|move|p2a: Patriot|Stored Power|p1a: Hatterene
|-resisted|p1a: Hatterene
|-damage|p1a: Hatterene|76/100
|move|p1a: Hatterene|Light Screen|p1a: Hatterene
|-sidestart|p1: Rascior4|move: Light Screen
|
|-heal|p2a: Patriot|97/100|[from] item: Leftovers
|-heal|p1a: Hatterene|82/100|[from] item: Leftovers
|upkeep
|turn|13
|
|t:|1776246532
|move|p2a: Patriot|Stored Power|p1a: Hatterene
|-resisted|p1a: Hatterene
|-damage|p1a: Hatterene|79/100
|move|p1a: Hatterene|Draining Kiss|p2a: Patriot
|-damage|p2a: Patriot|80/100
|-heal|p1a: Hatterene|91/100|[from] drain|[of] p2a: Patriot
|
|-heal|p2a: Patriot|87/100|[from] item: Leftovers
|-heal|p1a: Hatterene|97/100|[from] item: Leftovers
|upkeep
|turn|14
|
|t:|1776246542
|move|p2a: Patriot|Extreme Speed|p1a: Hatterene
|-crit|p1a: Hatterene
|-damage|p1a: Hatterene|74/100
|move|p1a: Hatterene|Draining Kiss|p2a: Patriot
|-damage|p2a: Patriot|70/100
|-heal|p1a: Hatterene|86/100|[from] drain|[of] p2a: Patriot
|
|-heal|p2a: Patriot|76/100|[from] item: Leftovers
|-heal|p1a: Hatterene|92/100|[from] item: Leftovers
|upkeep
|turn|15
|
|t:|1776246552
|move|p2a: Patriot|Extreme Speed|p1a: Hatterene
|-damage|p1a: Hatterene|78/100
|move|p1a: Hatterene|Draining Kiss|p2a: Patriot
|-damage|p2a: Patriot|57/100
|-heal|p1a: Hatterene|91/100|[from] drain|[of] p2a: Patriot
|
|-heal|p2a: Patriot|63/100|[from] item: Leftovers
|-heal|p1a: Hatterene|97/100|[from] item: Leftovers
|upkeep
|turn|16
|
|t:|1776246566
|move|p2a: Patriot|Cosmic Power|p2a: Patriot
|-boost|p2a: Patriot|def|0
|-boost|p2a: Patriot|spd|0
|move|p1a: Hatterene|Mystical Fire|p2a: Patriot
|-damage|p2a: Patriot|47/100
|-unboost|p2a: Patriot|spa|1
|
|-heal|p2a: Patriot|53/100|[from] item: Leftovers
|-heal|p1a: Hatterene|100/100|[from] item: Leftovers
|-sideend|p1: Rascior4|move: Light Screen
|upkeep
|turn|17
|
|t:|1776246576
|move|p2a: Patriot|Stored Power|p1a: Hatterene
|-resisted|p1a: Hatterene
|-damage|p1a: Hatterene|96/100
|move|p1a: Hatterene|Mystical Fire|p2a: Patriot
|-damage|p2a: Patriot|36/100
|-unboost|p2a: Patriot|spa|1
|
|-heal|p2a: Patriot|42/100|[from] item: Leftovers
|-heal|p1a: Hatterene|100/100|[from] item: Leftovers
|upkeep
|turn|18
|
|t:|1776246583
|move|p2a: Patriot|Recover|p2a: Patriot
|-heal|p2a: Patriot|92/100
|move|p1a: Hatterene|Mystical Fire|p2a: Patriot
|-damage|p2a: Patriot|76/100
|-unboost|p2a: Patriot|spa|1
|
|-heal|p2a: Patriot|82/100|[from] item: Leftovers
|upkeep
|turn|19
|
|t:|1776246591
|move|p2a: Patriot|Cosmic Power|p2a: Patriot
|-boost|p2a: Patriot|def|0
|-boost|p2a: Patriot|spd|0
|move|p1a: Hatterene|Light Screen|p1a: Hatterene
|-sidestart|p1: Rascior4|move: Light Screen
|
|-heal|p2a: Patriot|88/100|[from] item: Leftovers
|upkeep
|turn|20
|
|t:|1776246599
|move|p2a: Patriot|Cosmic Power|p2a: Patriot
|-boost|p2a: Patriot|def|0
|-boost|p2a: Patriot|spd|0
|move|p1a: Hatterene|Light Screen||[still]
|-fail|p1a: Hatterene
|
|-heal|p2a: Patriot|95/100|[from] item: Leftovers
|upkeep
|turn|21
|
|t:|1776246603
|move|p2a: Patriot|Cosmic Power|p2a: Patriot
|-boost|p2a: Patriot|def|0
|-boost|p2a: Patriot|spd|0
|move|p1a: Hatterene|Light Screen||[still]
|-fail|p1a: Hatterene
|
|-heal|p2a: Patriot|100/100|[from] item: Leftovers
|upkeep
|turn|22
|
|t:|1776246610
|move|p2a: Patriot|Cosmic Power|p2a: Patriot
|-boost|p2a: Patriot|def|0
|-boost|p2a: Patriot|spd|0
|move|p1a: Hatterene|Light Screen||[still]
|-fail|p1a: Hatterene
|
|upkeep
|turn|23
|
|t:|1776246616
|move|p2a: Patriot|Cosmic Power|p2a: Patriot
|-boost|p2a: Patriot|def|0
|-boost|p2a: Patriot|spd|0
|move|p1a: Hatterene|Light Screen||[still]
|-fail|p1a: Hatterene
|
|-sideend|p1: Rascior4|move: Light Screen
|upkeep
|turn|24
|
|t:|1776246618
|move|p2a: Patriot|Cosmic Power|p2a: Patriot
|-boost|p2a: Patriot|def|0
|-boost|p2a: Patriot|spd|0
|move|p1a: Hatterene|Light Screen|p1a: Hatterene
|-sidestart|p1: Rascior4|move: Light Screen
|
|upkeep
|turn|25
|
|t:|1776246622
|move|p2a: Patriot|Cosmic Power|p2a: Patriot
|-boost|p2a: Patriot|def|0
|-boost|p2a: Patriot|spd|0
|move|p1a: Hatterene|Light Screen||[still]
|-fail|p1a: Hatterene
|
|upkeep
|turn|26
|
|t:|1776246640
|move|p2a: Patriot|Cosmic Power|p2a: Patriot
|-boost|p2a: Patriot|def|0
|-boost|p2a: Patriot|spd|0
|move|p1a: Hatterene|Light Screen||[still]
|-fail|p1a: Hatterene
|
|upkeep
|turn|27
|
|t:|1776246647
|move|p2a: Patriot|Cosmic Power|p2a: Patriot
|-boost|p2a: Patriot|def|0
|-boost|p2a: Patriot|spd|0
|move|p1a: Hatterene|Light Screen||[still]
|-fail|p1a: Hatterene
|
|upkeep
|turn|28
|
|t:|1776246681
|move|p2a: Patriot|Cosmic Power|p2a: Patriot
|-boost|p2a: Patriot|def|0
|-boost|p2a: Patriot|spd|0
|move|p1a: Hatterene|Light Screen||[still]
|-fail|p1a: Hatterene
|
|-sideend|p1: Rascior4|move: Light Screen
|upkeep
|turn|29
|inactive|Battle timer is ON: inactive players will automatically lose when time's up. (requested by Rascior4)
|c|☆Rascior4|Dog
|
|t:|1776246713
|move|p2a: Patriot|Cosmic Power|p2a: Patriot
|-boost|p2a: Patriot|def|0
|-boost|p2a: Patriot|spd|0
|move|p1a: Hatterene|Light Screen|p1a: Hatterene
|-sidestart|p1: Rascior4|move: Light Screen
|
|upkeep
|turn|30
|
|t:|1776246722
|move|p2a: Patriot|Cosmic Power|p2a: Patriot
|-boost|p2a: Patriot|def|0
|-boost|p2a: Patriot|spd|0
|move|p1a: Hatterene|Light Screen||[still]
|-fail|p1a: Hatterene
|
|upkeep
|turn|31
|
|t:|1776246743
|move|p2a: Patriot|Cosmic Power|p2a: Patriot
|-boost|p2a: Patriot|def|0
|-boost|p2a: Patriot|spd|0
|move|p1a: Hatterene|Light Screen||[still]
|-fail|p1a: Hatterene
|
|upkeep
|turn|32
|inactive|ryry_mick has 120 seconds left.
|
|t:|1776246765
|move|p2a: Patriot|Cosmic Power|p2a: Patriot
|-boost|p2a: Patriot|def|0
|-boost|p2a: Patriot|spd|0
|move|p1a: Hatterene|Light Screen||[still]
|-fail|p1a: Hatterene
|
|upkeep
|turn|33
|inactive|ryry_mick has 120 seconds left.
|c|☆Rascior4|Math aint mathing
|
|t:|1776246785
|move|p2a: Patriot|Cosmic Power|p2a: Patriot
|-boost|p2a: Patriot|def|0
|-boost|p2a: Patriot|spd|0
|move|p1a: Hatterene|Light Screen||[still]
|-fail|p1a: Hatterene
|
|-sideend|p1: Rascior4|move: Light Screen
|upkeep
|turn|34
|c|☆Rascior4|You wont stall my pps
|inactive|ryry_mick has 120 seconds left.
|
|t:|1776246805
|move|p2a: Patriot|Cosmic Power|p2a: Patriot
|-boost|p2a: Patriot|def|0
|-boost|p2a: Patriot|spd|0
|move|p1a: Hatterene|Light Screen|p1a: Hatterene
|-sidestart|p1: Rascior4|move: Light Screen
|
|upkeep
|turn|35
|
|t:|1776246821
|move|p2a: Patriot|Cosmic Power|p2a: Patriot
|-boost|p2a: Patriot|def|0
|-boost|p2a: Patriot|spd|0
|move|p1a: Hatterene|Light Screen||[still]
|-fail|p1a: Hatterene
|
|upkeep
|turn|36
|
|t:|1776246838
|switch|p2a: Saphira|Dragonite, F|100/100
|move|p1a: Hatterene|Calm Mind|p1a: Hatterene
|-boost|p1a: Hatterene|spa|0
|-boost|p1a: Hatterene|spd|0
|
|upkeep
|turn|37
|
|t:|1776246845
|move|p2a: Saphira|Dragon Dance|p2a: Saphira
|-boost|p2a: Saphira|atk|1
|-boost|p2a: Saphira|spe|1
|move|p1a: Hatterene|Mystical Fire|p2a: Saphira
|-resisted|p2a: Saphira
|-damage|p2a: Saphira|68/100
|-unboost|p2a: Saphira|spa|1
|
|upkeep
|turn|38
|
|t:|1776246857
|move|p2a: Saphira|Earthquake|p1a: Hatterene
|-damage|p1a: Hatterene|39/100
|move|p1a: Hatterene|Draining Kiss|p2a: Saphira
|-supereffective|p2a: Saphira
|-damage|p2a: Saphira|0 fnt
|-heal|p1a: Hatterene|91/100|[from] drain|[of] p2a: Saphira
|faint|p2a: Saphira
|
|-heal|p1a: Hatterene|97/100|[from] item: Leftovers
|-sideend|p1: Rascior4|move: Light Screen
|upkeep
|
|t:|1776246864
|switch|p2a: Crawli|Araquanid, M|100/100
|turn|39
|
|t:|1776246881
|-terastallize|p1a: Hatterene|Steel
|move|p1a: Hatterene|Draining Kiss|p2a: Crawli
|-damage|p2a: Crawli|40/100
|-heal|p1a: Hatterene|100/100|[from] drain|[of] p2a: Crawli
|move|p2a: Crawli|Mirror Coat|p1a: Hatterene
|-damage|p1a: Hatterene|0 fnt
|faint|p1a: Hatterene
|
|upkeep
|inactive|Rascior4 has 120 seconds left.
|
|t:|1776246910
|switch|p1a: Dondozo|Dondozo, F|100/100
|turn|40
|inactive|Rascior4 has 120 seconds left.
|inactive|ryry_mick has 120 seconds left.
|
|t:|1776246947
|switch|p2a: Patriot|Deoxys-Defense|100/100
|-ability|p2a: Patriot|Pressure
|move|p1a: Dondozo|Curse|p1a: Dondozo
|-unboost|p1a: Dondozo|spe|1
|-boost|p1a: Dondozo|atk|1
|-boost|p1a: Dondozo|def|1
|
|upkeep
|turn|41
|inactive|Rascior4 has 120 seconds left.
|
|t:|1776246975
|move|p2a: Patriot|Cosmic Power|p2a: Patriot
|-boost|p2a: Patriot|def|1
|-boost|p2a: Patriot|spd|1
|move|p1a: Dondozo|Body Press|p2a: Patriot
|-resisted|p2a: Patriot
|-damage|p2a: Patriot|85/100
|
|-heal|p2a: Patriot|92/100|[from] item: Leftovers
|upkeep
|turn|42
|
|t:|1776246982
|switch|p1a: Dragonite|Dragonite, M|100/100
|move|p2a: Patriot|Cosmic Power|p2a: Patriot
|-boost|p2a: Patriot|def|1
|-boost|p2a: Patriot|spd|1
|
|-heal|p2a: Patriot|98/100|[from] item: Leftovers
|upkeep
|turn|43
|
|t:|1776246988
|move|p1a: Dragonite|Dragon Dance|p1a: Dragonite
|-boost|p1a: Dragonite|atk|1
|-boost|p1a: Dragonite|spe|1
|move|p2a: Patriot|Cosmic Power|p2a: Patriot
|-boost|p2a: Patriot|def|1
|-boost|p2a: Patriot|spd|1
|
|-heal|p2a: Patriot|100/100|[from] item: Leftovers
|upkeep
|turn|44
|
|t:|1776246991
|move|p1a: Dragonite|Dragon Dance|p1a: Dragonite
|-boost|p1a: Dragonite|atk|1
|-boost|p1a: Dragonite|spe|1
|move|p2a: Patriot|Stored Power|p1a: Dragonite
|-damage|p1a: Dragonite|82/100
|
|upkeep
|turn|45
|inactive|ryry_mick has 120 seconds left.
|
|t:|1776246996
|move|p1a: Dragonite|Dragon Dance|p1a: Dragonite
|-boost|p1a: Dragonite|atk|1
|-boost|p1a: Dragonite|spe|1
|move|p2a: Patriot|Stored Power|p1a: Dragonite
|-damage|p1a: Dragonite|43/100
|
|upkeep
|turn|46
|
|t:|1776247002
|move|p1a: Dragonite|Outrage|p2a: Patriot
|-damage|p2a: Patriot|49/100
|move|p2a: Patriot|Stored Power|p1a: Dragonite
|-damage|p1a: Dragonite|2/100
|
|-heal|p2a: Patriot|55/100|[from] item: Leftovers
|upkeep
|turn|47
|
|t:|1776247006
|move|p2a: Patriot|Extreme Speed|p1a: Dragonite
|-damage|p1a: Dragonite|0 fnt
|faint|p1a: Dragonite
|
|-heal|p2a: Patriot|61/100|[from] item: Leftovers
|upkeep
|
|t:|1776247011
|switch|p1a: Gholdengo|Gholdengo|100/100
|-item|p1a: Gholdengo|Air Balloon
|turn|48
|
|t:|1776247016
|move|p1a: Gholdengo|Shadow Ball|p2a: Patriot
|-supereffective|p2a: Patriot
|-damage|p2a: Patriot|39/100
|move|p2a: Patriot|Recover|p2a: Patriot
|-heal|p2a: Patriot|89/100
|
|-heal|p2a: Patriot|95/100|[from] item: Leftovers
|upkeep
|turn|49
|
|t:|1776247023
|move|p1a: Gholdengo|Nasty Plot|p1a: Gholdengo
|-boost|p1a: Gholdengo|spa|2
|move|p2a: Patriot|Cosmic Power|p2a: Patriot
|-boost|p2a: Patriot|def|1
|-boost|p2a: Patriot|spd|1
|
|-heal|p2a: Patriot|100/100|[from] item: Leftovers
|upkeep
|turn|50
|
|t:|1776247037
|move|p1a: Gholdengo|Shadow Ball|p2a: Patriot
|-supereffective|p2a: Patriot
|-damage|p2a: Patriot|67/100
|move|p2a: Patriot|Cosmic Power|p2a: Patriot
|-boost|p2a: Patriot|def|1
|-boost|p2a: Patriot|spd|1
|
|-heal|p2a: Patriot|73/100|[from] item: Leftovers
|upkeep
|turn|51
|
|t:|1776247045
|move|p1a: Gholdengo|Nasty Plot|p1a: Gholdengo
|-boost|p1a: Gholdengo|spa|2
|move|p2a: Patriot|Cosmic Power|p2a: Patriot
|-boost|p2a: Patriot|def|1
|-boost|p2a: Patriot|spd|1
|
|-heal|p2a: Patriot|79/100|[from] item: Leftovers
|upkeep
|turn|52
|
|t:|1776247048
|move|p1a: Gholdengo|Shadow Ball|p2a: Patriot
|-supereffective|p2a: Patriot
|-damage|p2a: Patriot|42/100
|move|p2a: Patriot|Stored Power|p1a: Gholdengo
|-resisted|p1a: Gholdengo
|-damage|p1a: Gholdengo|62/100
|-enditem|p1a: Gholdengo|Air Balloon
|
|-heal|p2a: Patriot|48/100|[from] item: Leftovers
|upkeep
|turn|53
|
|t:|1776247052
|move|p1a: Gholdengo|Shadow Ball|p2a: Patriot
|-supereffective|p2a: Patriot
|-damage|p2a: Patriot|14/100
|move|p2a: Patriot|Recover|p2a: Patriot
|-heal|p2a: Patriot|64/100
|
|-heal|p2a: Patriot|70/100|[from] item: Leftovers
|upkeep
|turn|54
|
|t:|1776247056
|move|p1a: Gholdengo|Shadow Ball|p2a: Patriot
|-supereffective|p2a: Patriot
|-damage|p2a: Patriot|36/100
|move|p2a: Patriot|Recover|p2a: Patriot
|-heal|p2a: Patriot|86/100
|
|-heal|p2a: Patriot|92/100|[from] item: Leftovers
|upkeep
|turn|55
|
|t:|1776247060
|move|p1a: Gholdengo|Shadow Ball|p2a: Patriot
|-supereffective|p2a: Patriot
|-damage|p2a: Patriot|55/100
|move|p2a: Patriot|Stored Power|p1a: Gholdengo
|-resisted|p1a: Gholdengo
|-damage|p1a: Gholdengo|25/100
|
|-heal|p2a: Patriot|61/100|[from] item: Leftovers
|upkeep
|turn|56
|
|t:|1776247063
|move|p1a: Gholdengo|Shadow Ball|p2a: Patriot
|-supereffective|p2a: Patriot
|-damage|p2a: Patriot|25/100
|move|p2a: Patriot|Recover|p2a: Patriot
|-heal|p2a: Patriot|75/100
|
|-heal|p2a: Patriot|82/100|[from] item: Leftovers
|upkeep
|turn|57
|
|t:|1776247068
|move|p1a: Gholdengo|Shadow Ball|p2a: Patriot
|-supereffective|p2a: Patriot
|-damage|p2a: Patriot|46/100
|move|p2a: Patriot|Stored Power|p1a: Gholdengo
|-resisted|p1a: Gholdengo
|-damage|p1a: Gholdengo|0 fnt
|faint|p1a: Gholdengo
|
|-heal|p2a: Patriot|52/100|[from] item: Leftovers
|upkeep
|
|t:|1776247079
|switch|p1a: Alomomola|Alomomola, F|100/100
|turn|58
|
|t:|1776247083
|move|p2a: Patriot|Stored Power|p1a: Alomomola
|-damage|p1a: Alomomola|28/100
|move|p1a: Alomomola|Scald|p2a: Patriot
|-damage|p2a: Patriot|50/100
|
|-heal|p2a: Patriot|56/100|[from] item: Leftovers
|-heal|p1a: Alomomola|34/100|[from] item: Leftovers
|upkeep
|turn|59
|
|t:|1776247090
|move|p1a: Alomomola|Protect|p1a: Alomomola
|-singleturn|p1a: Alomomola|Protect
|move|p2a: Patriot|Stored Power|p1a: Alomomola
|-activate|p1a: Alomomola|move: Protect
|
|-heal|p2a: Patriot|63/100|[from] item: Leftovers
|-heal|p1a: Alomomola|40/100|[from] item: Leftovers
|upkeep
|turn|60
|
|t:|1776247101
|move|p2a: Patriot|Stored Power|p1a: Alomomola
|-damage|p1a: Alomomola|0 fnt
|faint|p1a: Alomomola
|
|-heal|p2a: Patriot|69/100|[from] item: Leftovers
|upkeep
|
|t:|1776247105
|switch|p1a: Dondozo|Dondozo, F|100/100
|turn|61
|
|t:|1776247109
|move|p2a: Patriot|Stored Power|p1a: Dondozo
|-damage|p1a: Dondozo|36/100
|move|p1a: Dondozo|Curse|p1a: Dondozo
|-unboost|p1a: Dondozo|spe|1
|-boost|p1a: Dondozo|atk|1
|-boost|p1a: Dondozo|def|1
|
|-heal|p2a: Patriot|75/100|[from] item: Leftovers
|-heal|p1a: Dondozo|42/100|[from] item: Leftovers
|upkeep
|turn|62
|
|t:|1776247112
|move|p2a: Patriot|Stored Power|p1a: Dondozo
|-damage|p1a: Dondozo|0 fnt
|faint|p1a: Dondozo
|
|-heal|p2a: Patriot|81/100|[from] item: Leftovers
|upkeep
|-message|Rascior4 forfeited.
|
|win|ryry_mick
|raw|Rascior4's rating: 1130 &rarr; <strong>1112</strong><br />(-18 for losing)
|raw|ryry_mick's rating: 1229 &rarr; <strong>1247</strong><br />(+18 for winning)
|l|☆Rascior4
|player|p1|
