|html|<div class="broadcast-blue"><strong>[Gen 9] OU is currently suspecting Tera Blast! For information on how to participate check out the <a href="https://www.smogon.com/tools/suspects/view/200">suspect thread</a>.</strong></div>
|j|‽mohitraj0507
|j|☆Tanato23
|t:|1776086426
|gametype|singles
|player|p1|mohitraj0507|169|1254
|player|p2|Tanato23|pokemonranger-gen4|1270
|gen|9
|tier|[Gen 9] OU
|rated|
|rule|HP Percentage Mod: HP is shown in percentages
|rule|Endless Battle Clause: Forcing endless battles is banned
|rule|Species Clause: Limit one of each Pokémon
|rule|OHKO Clause: OHKO moves are banned
|rule|Evasion Items Clause: Evasion items are banned
|rule|Evasion Moves Clause: Evasion moves are banned
|rule|Evasion Abilities Clause: Evasion abilities are banned
|rule|Sleep Moves Clause: Sleep-inducing moves are banned
|clearpoke
|poke|p1|Garchomp, F|
|poke|p1|Dragapult, F|
|poke|p1|Corviknight, M|
|poke|p1|Greninja-*, F|
|poke|p1|Heatran, F|
|poke|p1|Thundurus-Therian, M|
|poke|p2|Walking Wake|
|poke|p2|Typhlosion-Hisui, M|
|poke|p2|Hatterene, F|
|poke|p2|Torkoal, M|
|poke|p2|Great Tusk|
|poke|p2|Leavanny, F|
|teampreview
|inactive|Battle timer is ON: inactive players will automatically lose when time's up. (requested by Tanato23)
|inactive|mohitraj0507 also wants the timer to be on.
|
|t:|1776086435
|teamsize|p1|6
|teamsize|p2|6
|start
|switch|p1a: Garchomp|Garchomp, F|100/100
|switch|p2a: Torkoal|Torkoal, M|100/100
|-weather|SunnyDay|[from] ability: Drought|[of] p2a: Torkoal
|turn|1
|
|t:|1776086446
|switch|p2a: Hatterene|Hatterene, F|100/100
|move|p1a: Garchomp|Stealth Rock|p2a: Hatterene
|move|p2a: Hatterene|Stealth Rock|p1a: Garchomp|[from] ability: Magic Bounce
|-sidestart|p1: mohitraj0507|move: Stealth Rock
|
|-weather|SunnyDay|[upkeep]
|upkeep
|turn|2
|
|t:|1776086458
|switch|p1a: Heatran|Heatran, F|100/100
|-damage|p1a: Heatran|88/100|[from] Stealth Rock
|move|p2a: Hatterene|Psychic Noise|p1a: Heatran
|-resisted|p1a: Heatran
|-damage|p1a: Heatran|79/100
|-start|p1a: Heatran|move: Heal Block
|
|-weather|SunnyDay|[upkeep]
|upkeep
|turn|3
|
|t:|1776086469
|move|p1a: Heatran|Flash Cannon|p2a: Hatterene
|-supereffective|p2a: Hatterene
|-damage|p2a: Hatterene|23/100
|-enditem|p2a: Hatterene|Eject Button
|
|t:|1776086483
|switch|p2a: Great Tusk|Great Tusk|100/100
|-activate|p2a: Great Tusk|ability: Protosynthesis
|-start|p2a: Great Tusk|protosynthesisatk
|
|-weather|SunnyDay|[upkeep]
|-end|p1a: Heatran|move: Heal Block
|upkeep
|turn|4
|
|t:|1776086501
|move|p1a: Heatran|Protect|p1a: Heatran
|-singleturn|p1a: Heatran|Protect
|move|p2a: Great Tusk|Rock Slide|p1a: Heatran
|-activate|p1a: Heatran|move: Protect
|
|-weather|SunnyDay|[upkeep]
|-heal|p1a: Heatran|85/100|[from] item: Leftovers
|upkeep
|turn|5
|
|t:|1776086524
|move|p2a: Great Tusk|Headlong Rush|p1a: Heatran
|-supereffective|p1a: Heatran
|-damage|p1a: Heatran|0 fnt
|-unboost|p2a: Great Tusk|def|1
|-unboost|p2a: Great Tusk|spd|1
|faint|p1a: Heatran
|
|-weather|SunnyDay|[upkeep]
|upkeep
|inactive|mohitraj0507 has 120 seconds left.
|
|t:|1776086540
|switch|p1a: Greninja|Greninja, F|100/100
|-damage|p1a: Greninja|88/100|[from] Stealth Rock
|turn|6
|inactive|mohitraj0507 has 120 seconds left.
|
|t:|1776086554
|-end|p2a: Great Tusk|Protosynthesis|[silent]
|switch|p2a: Leavanny|Leavanny, F|100/100
|move|p1a: Greninja|Hydro Pump|p2a: Leavanny
|-start|p1a: Greninja|typechange|Water|[from] ability: Protean
|-resisted|p2a: Leavanny
|-damage|p2a: Leavanny|76/100
|-damage|p1a: Greninja|78/100|[from] item: Life Orb
|
|-weather|SunnyDay|[upkeep]
|upkeep
|turn|7
|inactive|mohitraj0507 has 120 seconds left.
|
|t:|1776086564
|move|p2a: Leavanny|Leaf Storm|p1a: Greninja
|-supereffective|p1a: Greninja
|-damage|p1a: Greninja|0 fnt
|-unboost|p2a: Leavanny|spa|2
|faint|p1a: Greninja
|-enditem|p2a: Leavanny|Eject Pack
|
|t:|1776086573
|switch|p2a: Walking Wake|Walking Wake|100/100
|-activate|p2a: Walking Wake|ability: Protosynthesis
|-start|p2a: Walking Wake|protosynthesisspe
|
|-weather|SunnyDay|[upkeep]
|upkeep
|inactive|mohitraj0507 has 120 seconds left.
|
|t:|1776086588
|switch|p1a: Dragapult|Dragapult, F|100/100
|-damage|p1a: Dragapult|88/100|[from] Stealth Rock
|turn|8
|
|t:|1776086593
|-terastallize|p2a: Walking Wake|Fairy
|move|p2a: Walking Wake|Draco Meteor|p1a: Dragapult
|-supereffective|p1a: Dragapult
|-damage|p1a: Dragapult|0 fnt
|-unboost|p2a: Walking Wake|spa|2
|faint|p1a: Dragapult
|
|-weather|none
|-end|p2a: Walking Wake|Protosynthesis
|upkeep
|
|t:|1776086603
|switch|p1a: Garchomp|Garchomp, F|100/100
|-damage|p1a: Garchomp|94/100|[from] Stealth Rock
|turn|9
|-message|mohitraj0507 forfeited.
|
|win|Tanato23
|raw|mohitraj0507's rating: 1254 &rarr; <strong>1230</strong><br />(-24 for losing)
|raw|Tanato23's rating: 1270 &rarr; <strong>1294</strong><br />(+24 for winning)
|l|‽mohitraj0507
|player|p1|
|l|☆Tanato23
|player|p2|
