|html|<div class="broadcast-blue"><strong>[Gen 9] OU is currently suspecting Tera Blast! For information on how to participate check out the <a href="https://www.smogon.com/tools/suspects/view/200">suspect thread</a>.</strong></div>
|j|☆mo-ii-kai
|j|☆greedman456
|t:|1776106555
|gametype|singles
|player|p1|mo-ii-kai|janine|1500
|player|p2|greedman456|brock|1572
|gen|9
|tier|[Gen 9] OU
|rated|
|rule|HP Percentage Mod: HP is shown in percentages
|rule|Endless Battle Clause: Forcing endless battles is banned
|rule|Species Clause: Limit one of each Pokémon
|rule|OHKO Clause: OHKO moves are banned
|rule|Evasion Items Clause: Evasion items are banned
|rule|Evasion Moves Clause: Evasion moves are banned
|rule|Evasion Abilities Clause: Evasion abilities are banned
|rule|Sleep Moves Clause: Sleep-inducing moves are banned
|clearpoke
|poke|p1|Ninetales, F|
|poke|p1|Walking Wake|
|poke|p1|Typhlosion-Hisui, M|
|poke|p1|Great Tusk|
|poke|p1|Rillaboom, M|
|poke|p1|Raging Bolt|
|poke|p2|Pelipper, F|
|poke|p2|Slowking-Galar, F|
|poke|p2|Ogerpon-Wellspring, F|
|poke|p2|Iron Treads|
|poke|p2|Alomomola, F|
|poke|p2|Basculegion-F, F|
|teampreview
|inactive|Battle timer is ON: inactive players will automatically lose when time's up. (requested by mo-ii-kai)
|
|t:|1776106562
|teamsize|p1|6
|teamsize|p2|6
|start
|switch|p1a: Raging Bolt|Raging Bolt|100/100
|switch|p2a: Ogerpon|Ogerpon-Wellspring, F|100/100
|turn|1
|
|t:|1776106567
|switch|p2a: Iron Treads|Iron Treads|100/100
|move|p1a: Raging Bolt|Volt Switch|p2a: Iron Treads
|-immune|p2a: Iron Treads
|
|upkeep
|turn|2
|
|t:|1776106576
|-end|p1a: Raging Bolt|Protosynthesis|[silent]
|switch|p1a: Rillaboom|Rillaboom, M|100/100
|-fieldstart|move: Grassy Terrain|[from] ability: Grassy Surge|[of] p1a: Rillaboom
|move|p2a: Iron Treads|Ice Spinner|p1a: Rillaboom
|-supereffective|p1a: Rillaboom
|-crit|p1a: Rillaboom
|-damage|p1a: Rillaboom|24/100
|-fieldend|move: Grassy Terrain
|
|upkeep
|turn|3
|
|t:|1776106585
|move|p2a: Iron Treads|Earthquake|p1a: Rillaboom
|-resisted|p1a: Rillaboom
|-damage|p1a: Rillaboom|1/100
|move|p1a: Rillaboom|Wood Hammer|p2a: Iron Treads
|-damage|p2a: Iron Treads|6/100
|-damage|p1a: Rillaboom|0 fnt|[from] Recoil
|faint|p1a: Rillaboom
|
|upkeep
|
|t:|1776106606
|switch|p1a: Typhlosion|Typhlosion-Hisui, M|100/100
|turn|4
|
|t:|1776106610
|-end|p2a: Iron Treads|Quark Drive|[silent]
|switch|p2a: Pelipper|Pelipper, F|100/100
|-weather|RainDance|[from] ability: Drizzle|[of] p2a: Pelipper
|move|p1a: Typhlosion|Eruption|p2a: Pelipper
|-resisted|p2a: Pelipper
|-damage|p2a: Pelipper|73/100
|
|-weather|RainDance|[upkeep]
|upkeep
|turn|5
|
|t:|1776106619
|switch|p1a: Raging Bolt|Raging Bolt|100/100
|move|p2a: Pelipper|Hurricane|p1a: Raging Bolt
|-resisted|p1a: Raging Bolt
|-crit|p1a: Raging Bolt
|-damage|p1a: Raging Bolt|81/100
|
|-weather|RainDance|[upkeep]
|upkeep
|turn|6
|
|t:|1776106626
|switch|p2a: Slowking|Slowking-Galar, F|100/100
|move|p1a: Raging Bolt|Weather Ball|p2a: Slowking
|-damage|p2a: Slowking|77/100
|
|-weather|RainDance|[upkeep]
|upkeep
|turn|7
|
|t:|1776106635
|move|p1a: Raging Bolt|Volt Switch|p2a: Slowking
|-damage|p2a: Slowking|60/100
|
|t:|1776106650
|-end|p1a: Raging Bolt|Protosynthesis|[silent]
|switch|p1a: Ninetales|Ninetales, F|100/100|[from] Volt Switch
|-weather|SunnyDay|[from] ability: Drought|[of] p1a: Ninetales
|move|p2a: Slowking|Psychic|p1a: Ninetales
|-damage|p1a: Ninetales|62/100
|
|-weather|SunnyDay|[upkeep]
|upkeep
|turn|8
|
|t:|1776106658
|switch|p1a: Raging Bolt|Raging Bolt|81/100
|-activate|p1a: Raging Bolt|ability: Protosynthesis
|-start|p1a: Raging Bolt|protosynthesisspa
|switch|p2a: Alomomola|Alomomola, F|100/100
|
|-weather|SunnyDay|[upkeep]
|upkeep
|turn|9
|
|t:|1776106685
|-terastallize|p2a: Alomomola|Fairy
|move|p1a: Raging Bolt|Weather Ball|p2a: Alomomola
|-damage|p2a: Alomomola|27/100
|-enditem|p2a: Alomomola|Eject Button
|
|t:|1776106694
|switch|p2a: Pelipper|Pelipper, F|73/100
|-weather|RainDance|[from] ability: Drizzle|[of] p2a: Pelipper
|-end|p1a: Raging Bolt|Protosynthesis
|
|-weather|RainDance|[upkeep]
|upkeep
|turn|10
|
|t:|1776106706
|switch|p2a: Alomomola|Alomomola, F, tera:Fairy|60/100
|move|p1a: Raging Bolt|Volt Switch|p2a: Alomomola
|-damage|p2a: Alomomola|20/100
|inactive|mo-ii-kai has 120 seconds left.
|
|t:|1776106742
|-end|p1a: Raging Bolt|Protosynthesis|[silent]
|switch|p1a: Walking Wake|Walking Wake|100/100|[from] Volt Switch
|
|-weather|RainDance|[upkeep]
|upkeep
|turn|11
|
|t:|1776106749
|switch|p2a: Slowking|Slowking-Galar, F|93/100
|move|p1a: Walking Wake|Flamethrower|p2a: Slowking
|-damage|p2a: Slowking|83/100
|
|-weather|RainDance|[upkeep]
|upkeep
|turn|12
|
|t:|1776106758
|-end|p1a: Walking Wake|Protosynthesis|[silent]
|switch|p1a: Raging Bolt|Raging Bolt|81/100
|move|p2a: Slowking|Psychic|p1a: Raging Bolt
|-damage|p1a: Raging Bolt|60/100
|
|-weather|RainDance|[upkeep]
|upkeep
|turn|13
|
|t:|1776106765
|move|p1a: Raging Bolt|Weather Ball|p2a: Slowking
|-damage|p2a: Slowking|58/100
|move|p2a: Slowking|Ice Beam|p1a: Raging Bolt
|-supereffective|p1a: Raging Bolt
|-damage|p1a: Raging Bolt|25/100
|
|-weather|RainDance|[upkeep]
|upkeep
|turn|14
|
|t:|1776106773
|move|p1a: Raging Bolt|Volt Switch|p2a: Slowking
|-damage|p2a: Slowking|42/100
|
|t:|1776106776
|-end|p1a: Raging Bolt|Protosynthesis|[silent]
|switch|p1a: Walking Wake|Walking Wake|100/100|[from] Volt Switch
|move|p2a: Slowking|Psychic|p1a: Walking Wake
|-damage|p1a: Walking Wake|60/100
|
|-weather|RainDance|[upkeep]
|upkeep
|turn|15
|
|t:|1776106787
|switch|p2a: Alomomola|Alomomola, F, tera:Fairy|53/100
|move|p1a: Walking Wake|Draco Meteor|p2a: Alomomola
|-immune|p2a: Alomomola
|
|-weather|RainDance|[upkeep]
|upkeep
|turn|16
|
|t:|1776106795
|-end|p1a: Walking Wake|Protosynthesis|[silent]
|switch|p1a: Raging Bolt|Raging Bolt|25/100
|move|p2a: Alomomola|Wish|p2a: Alomomola
|
|-weather|none
|upkeep
|turn|17
|
|t:|1776106810
|-end|p1a: Raging Bolt|Protosynthesis|[silent]
|switch|p1a: Ninetales|Ninetales, F|62/100
|-weather|SunnyDay|[from] ability: Drought|[of] p1a: Ninetales
|switch|p2a: Slowking|Slowking-Galar, F|75/100
|
|-weather|SunnyDay|[upkeep]
|-heal|p2a: Slowking|100/100|[from] move: Wish|[wisher] Alomomola
|upkeep
|turn|18
|
|t:|1776106829
|switch|p1a: Walking Wake|Walking Wake|60/100
|-activate|p1a: Walking Wake|ability: Protosynthesis
|-start|p1a: Walking Wake|protosynthesisspa
|move|p2a: Slowking|Psychic|p1a: Walking Wake
|-damage|p1a: Walking Wake|15/100
|
|-weather|SunnyDay|[upkeep]
|upkeep
|turn|19
|
|t:|1776106844
|move|p1a: Walking Wake|Flamethrower|p2a: Slowking
|-crit|p2a: Slowking
|-damage|p2a: Slowking|38/100
|move|p2a: Slowking|Psychic|p1a: Walking Wake
|-damage|p1a: Walking Wake|0 fnt
|faint|p1a: Walking Wake
|-end|p1a: Walking Wake|Protosynthesis|[silent]
|
|-weather|SunnyDay|[upkeep]
|upkeep
|
|t:|1776106850
|switch|p1a: Typhlosion|Typhlosion-Hisui, M|100/100
|turn|20
|
|t:|1776106852
|switch|p2a: Pelipper|Pelipper, F|73/100
|-weather|RainDance|[from] ability: Drizzle|[of] p2a: Pelipper
|move|p1a: Typhlosion|Eruption|p2a: Pelipper
|-resisted|p2a: Pelipper
|-damage|p2a: Pelipper|46/100
|
|-weather|RainDance|[upkeep]
|upkeep
|turn|21
|
|t:|1776106862
|switch|p1a: Raging Bolt|Raging Bolt|25/100
|move|p2a: Pelipper|Weather Ball|p1a: Raging Bolt
|-resisted|p1a: Raging Bolt
|-damage|p1a: Raging Bolt|10/100
|
|-weather|RainDance|[upkeep]
|upkeep
|turn|22
|
|t:|1776106871
|switch|p2a: Slowking|Slowking-Galar, F|72/100
|move|p1a: Raging Bolt|Volt Switch|p2a: Slowking
|-damage|p2a: Slowking|54/100
|
|t:|1776106881
|-end|p1a: Raging Bolt|Protosynthesis|[silent]
|switch|p1a: Great Tusk|Great Tusk|100/100|[from] Volt Switch
|
|-weather|RainDance|[upkeep]
|upkeep
|turn|23
|
|t:|1776106888
|switch|p2a: Alomomola|Alomomola, F, tera:Fairy|87/100
|move|p1a: Great Tusk|Stealth Rock|p2a: Alomomola
|-sidestart|p2: greedman456|move: Stealth Rock
|
|-weather|RainDance|[upkeep]
|upkeep
|turn|24
|
|t:|1776106896
|-end|p1a: Great Tusk|Protosynthesis|[silent]
|switch|p1a: Ninetales|Ninetales, F|62/100
|-weather|SunnyDay|[from] ability: Drought|[of] p1a: Ninetales
|move|p2a: Alomomola|Wish|p2a: Alomomola
|
|-weather|SunnyDay|[upkeep]
|upkeep
|turn|25
|
|t:|1776106904
|move|p1a: Ninetales|Encore|p2a: Alomomola
|-start|p2a: Alomomola|Encore
|move|p2a: Alomomola|Wish||[still]
|-fail|p2a: Alomomola
|
|-weather|SunnyDay|[upkeep]
|-heal|p2a: Alomomola|100/100|[from] move: Wish|[wisher] Alomomola
|upkeep
|turn|26
|
|t:|1776106916
|switch|p1a: Raging Bolt|Raging Bolt|10/100
|-activate|p1a: Raging Bolt|ability: Protosynthesis
|-start|p1a: Raging Bolt|protosynthesisspa
|move|p2a: Alomomola|Wish|p2a: Alomomola
|
|-weather|SunnyDay|[upkeep]
|upkeep
|turn|27
|
|t:|1776106930
|switch|p2a: Slowking|Slowking-Galar, F|87/100
|-damage|p2a: Slowking|74/100|[from] Stealth Rock
|move|p1a: Raging Bolt|Weather Ball|p2a: Slowking
|-damage|p2a: Slowking|44/100
|
|-weather|SunnyDay|[upkeep]
|-heal|p2a: Slowking|100/100|[from] move: Wish|[wisher] Alomomola
|upkeep
|turn|28
|
|t:|1776106942
|move|p1a: Raging Bolt|Volt Switch|p2a: Slowking
|-damage|p2a: Slowking|78/100
|
|t:|1776106949
|-end|p1a: Raging Bolt|Protosynthesis|[silent]
|switch|p1a: Typhlosion|Typhlosion-Hisui, M|100/100|[from] Volt Switch
|move|p2a: Slowking|Psychic|p1a: Typhlosion
|-crit|p1a: Typhlosion
|-damage|p1a: Typhlosion|28/100
|
|-weather|SunnyDay|[upkeep]
|upkeep
|turn|29
|
|t:|1776106961
|switch|p2a: Iron Treads|Iron Treads|6/100
|-damage|p2a: Iron Treads|3/100|[from] Stealth Rock
|-terastallize|p1a: Typhlosion|Fire
|move|p1a: Typhlosion|Flamethrower|p2a: Iron Treads
|-supereffective|p2a: Iron Treads
|-damage|p2a: Iron Treads|0 fnt
|faint|p2a: Iron Treads
|-end|p2a: Iron Treads|Quark Drive|[silent]
|
|-weather|SunnyDay|[upkeep]
|upkeep
|
|t:|1776106968
|switch|p2a: Pelipper|Pelipper, F|46/100
|-damage|p2a: Pelipper|21/100|[from] Stealth Rock
|-weather|RainDance|[from] ability: Drizzle|[of] p2a: Pelipper
|turn|30
|
|t:|1776106985
|switch|p2a: Alomomola|Alomomola, F, tera:Fairy|100/100
|-damage|p2a: Alomomola|88/100|[from] Stealth Rock
|move|p1a: Typhlosion|Flamethrower|p2a: Alomomola
|-damage|p2a: Alomomola|47/100
|
|-weather|RainDance|[upkeep]
|upkeep
|turn|31
|
|t:|1776107010
|switch|p1a: Ninetales|Ninetales, F|62/100
|-weather|SunnyDay|[from] ability: Drought|[of] p1a: Ninetales
|move|p2a: Alomomola|Flip Turn|p1a: Ninetales
|-supereffective|p1a: Ninetales
|-damage|p1a: Ninetales|41/100
|
|t:|1776107020
|switch|p2a: Slowking|Slowking-Galar, F|100/100|[from] Flip Turn
|-damage|p2a: Slowking|88/100|[from] Stealth Rock
|
|-weather|SunnyDay|[upkeep]
|upkeep
|turn|32
|
|t:|1776107036
|switch|p1a: Great Tusk|Great Tusk|100/100
|-activate|p1a: Great Tusk|ability: Protosynthesis
|-start|p1a: Great Tusk|protosynthesisspe
|move|p2a: Slowking|Psychic|p1a: Great Tusk
|-supereffective|p1a: Great Tusk
|-damage|p1a: Great Tusk|1/100
|
|-weather|SunnyDay|[upkeep]
|upkeep
|turn|33
|
|t:|1776107048
|switch|p2a: Alomomola|Alomomola, F, tera:Fairy|80/100
|-damage|p2a: Alomomola|68/100|[from] Stealth Rock
|move|p1a: Great Tusk|Headlong Rush|p2a: Alomomola
|-damage|p2a: Alomomola|33/100
|-unboost|p1a: Great Tusk|def|1
|-unboost|p1a: Great Tusk|spd|1
|
|-weather|SunnyDay|[upkeep]
|upkeep
|turn|34
|
|t:|1776107058
|move|p2a: Alomomola|Protect|p2a: Alomomola
|-singleturn|p2a: Alomomola|Protect
|move|p1a: Great Tusk|Headlong Rush|p2a: Alomomola
|-activate|p2a: Alomomola|move: Protect
|
|-weather|SunnyDay|[upkeep]
|upkeep
|turn|35
|
|t:|1776107075
|switch|p2a: Ogerpon|Ogerpon-Wellspring, F|100/100
|-damage|p2a: Ogerpon|88/100|[from] Stealth Rock
|move|p1a: Great Tusk|Headlong Rush|p2a: Ogerpon
|-resisted|p2a: Ogerpon
|-crit|p2a: Ogerpon
|-damage|p2a: Ogerpon|37/100
|-unboost|p1a: Great Tusk|def|1
|-unboost|p1a: Great Tusk|spd|1
|
|-weather|SunnyDay|[upkeep]
|upkeep
|turn|36
|
|t:|1776107085
|move|p1a: Great Tusk|Headlong Rush|p2a: Ogerpon
|-resisted|p2a: Ogerpon
|-damage|p2a: Ogerpon|5/100
|-unboost|p1a: Great Tusk|def|1
|-unboost|p1a: Great Tusk|spd|1
|move|p2a: Ogerpon|Trailblaze|p1a: Great Tusk
|-supereffective|p1a: Great Tusk
|-damage|p1a: Great Tusk|0 fnt
|-boost|p2a: Ogerpon|spe|1
|faint|p1a: Great Tusk
|-end|p1a: Great Tusk|Protosynthesis|[silent]
|
|-weather|SunnyDay|[upkeep]
|upkeep
|
|t:|1776107091
|switch|p1a: Raging Bolt|Raging Bolt|10/100
|-activate|p1a: Raging Bolt|ability: Protosynthesis
|-start|p1a: Raging Bolt|protosynthesisspa
|turn|37
|
|t:|1776107100
|switch|p2a: Slowking|Slowking-Galar, F|100/100
|-damage|p2a: Slowking|88/100|[from] Stealth Rock
|move|p1a: Raging Bolt|Thunderclap||[still]
|-fail|p1a: Raging Bolt
|
|-weather|SunnyDay|[upkeep]
|upkeep
|turn|38
|
|t:|1776107111
|move|p1a: Raging Bolt|Weather Ball|p2a: Slowking
|-damage|p2a: Slowking|54/100
|move|p2a: Slowking|Psychic|p1a: Raging Bolt
|-damage|p1a: Raging Bolt|0 fnt
|faint|p1a: Raging Bolt
|-end|p1a: Raging Bolt|Protosynthesis|[silent]
|
|-weather|none
|upkeep
|
|t:|1776107122
|switch|p1a: Ninetales|Ninetales, F|41/100
|-weather|SunnyDay|[from] ability: Drought|[of] p1a: Ninetales
|turn|39
|
|t:|1776107124
|move|p1a: Ninetales|Healing Wish|p1a: Ninetales
|faint|p1a: Ninetales
|move|p2a: Slowking|Psychic|p1: Ninetales|[notarget]
|-fail|p2a: Slowking
|
|-weather|SunnyDay|[upkeep]
|upkeep
|
|t:|1776107127
|switch|p1a: Typhlosion|Typhlosion-Hisui, M, tera:Fire|28/100
|-heal|p1a: Typhlosion|100/100|[from] move: Healing Wish
|turn|40
|
|t:|1776107132
|switch|p2a: Ogerpon|Ogerpon-Wellspring, F|5/100
|-damage|p2a: Ogerpon|0 fnt|[from] Stealth Rock
|faint|p2a: Ogerpon
|move|p1a: Typhlosion|Eruption|p2: Ogerpon|[notarget]
|-fail|p1a: Typhlosion
|
|-weather|SunnyDay|[upkeep]
|upkeep
|
|t:|1776107138
|switch|p2a: Alomomola|Alomomola, F, tera:Fairy|67/100
|-damage|p2a: Alomomola|54/100|[from] Stealth Rock
|turn|41
|
|t:|1776107141
|move|p2a: Alomomola|Protect|p2a: Alomomola
|-singleturn|p2a: Alomomola|Protect
|move|p1a: Typhlosion|Eruption|p2a: Alomomola
|-activate|p2a: Alomomola|move: Protect
|
|-weather|SunnyDay|[upkeep]
|upkeep
|turn|42
|
|t:|1776107164
|switch|p2a: Basculegion|Basculegion-F, F|100/100
|-damage|p2a: Basculegion|88/100|[from] Stealth Rock
|move|p1a: Typhlosion|Eruption|p2a: Basculegion
|-resisted|p2a: Basculegion
|-damage|p2a: Basculegion|6/100
|
|-weather|SunnyDay|[upkeep]
|upkeep
|turn|43
|
|t:|1776107181
|move|p1a: Typhlosion|Eruption|p2a: Basculegion
|-resisted|p2a: Basculegion
|-damage|p2a: Basculegion|0 fnt
|faint|p2a: Basculegion
|
|-weather|SunnyDay|[upkeep]
|upkeep
|
|t:|1776107185
|switch|p2a: Alomomola|Alomomola, F, tera:Fairy|88/100
|-damage|p2a: Alomomola|75/100|[from] Stealth Rock
|turn|44
|
|t:|1776107188
|move|p2a: Alomomola|Protect|p2a: Alomomola
|-singleturn|p2a: Alomomola|Protect
|move|p1a: Typhlosion|Eruption|p2a: Alomomola
|-activate|p2a: Alomomola|move: Protect
|
|-weather|SunnyDay|[upkeep]
|upkeep
|turn|45
|
|t:|1776107202
|switch|p2a: Pelipper|Pelipper, F|21/100
|-damage|p2a: Pelipper|0 fnt|[from] Stealth Rock
|faint|p2a: Pelipper
|move|p1a: Typhlosion|Eruption|p2: Pelipper|[notarget]
|-fail|p1a: Typhlosion
|
|-weather|SunnyDay|[upkeep]
|upkeep
|c|☆mo-ii-kai|welp
|
|t:|1776107211
|switch|p2a: Alomomola|Alomomola, F, tera:Fairy|100/100
|-damage|p2a: Alomomola|88/100|[from] Stealth Rock
|turn|46
|c|☆mo-ii-kai|that was really close
|c|☆mo-ii-kai|i really thought i would be able to clutch uop
|
|t:|1776107225
|-activate|p1a: Typhlosion|move: Struggle
|move|p1a: Typhlosion|Struggle|p2a: Alomomola
|-damage|p2a: Alomomola|84/100
|-damage|p1a: Typhlosion|75/100|[from] recoil
|move|p2a: Alomomola|Wish|p2a: Alomomola
|
|-weather|none
|upkeep
|turn|47
|
|t:|1776107231
|-activate|p1a: Typhlosion|move: Struggle
|move|p1a: Typhlosion|Struggle|p2a: Alomomola
|-damage|p2a: Alomomola|79/100
|-damage|p1a: Typhlosion|50/100|[from] recoil
|move|p2a: Alomomola|Flip Turn|p1a: Typhlosion
|-supereffective|p1a: Typhlosion
|-damage|p1a: Typhlosion|4/100
|
|t:|1776107239
|switch|p2a: Slowking|Slowking-Galar, F|87/100|[from] Flip Turn
|-damage|p2a: Slowking|75/100|[from] Stealth Rock
|
|-heal|p2a: Slowking|100/100|[from] move: Wish|[wisher] Alomomola
|upkeep
|turn|48
|c|☆greedman456|Gg
|
|t:|1776107245
|-activate|p1a: Typhlosion|move: Struggle
|move|p1a: Typhlosion|Struggle|p2a: Slowking
|-damage|p2a: Slowking|92/100
|-damage|p1a: Typhlosion|0 fnt|[from] recoil
|faint|p1a: Typhlosion
|
|win|greedman456
|raw|mo-ii-kai's rating: 1500 &rarr; <strong>1484</strong><br />(-16 for losing)
|raw|greedman456's rating: 1572 &rarr; <strong>1588</strong><br />(+16 for winning)
|c|☆mo-ii-kai|gg
