|html|<div class="broadcast-blue"><strong>[Gen 9] OU is currently suspecting Tera Blast! For information on how to participate check out the <a href="https://www.smogon.com/tools/suspects/view/200">suspect thread</a>.</strong></div>
|j|☆vzn.exe
|j|☆Efrain.9
|t:|1776094096
|gametype|singles
|player|p1|vzn.exe|lusamine-nihilego|1489
|player|p2|Efrain.9|hilbert-wonderlauncher|1527
|gen|9
|tier|[Gen 9] OU
|rated|
|rule|HP Percentage Mod: HP is shown in percentages
|rule|Endless Battle Clause: Forcing endless battles is banned
|rule|Species Clause: Limit one of each Pokémon
|rule|OHKO Clause: OHKO moves are banned
|rule|Evasion Items Clause: Evasion items are banned
|rule|Evasion Moves Clause: Evasion moves are banned
|rule|Evasion Abilities Clause: Evasion abilities are banned
|rule|Sleep Moves Clause: Sleep-inducing moves are banned
|clearpoke
|poke|p1|Ting-Lu|
|poke|p1|Zamazenta-*|
|poke|p1|Ogerpon-Wellspring, F|
|poke|p1|Dragonite, F|
|poke|p1|Gholdengo|
|poke|p1|Iron Treads|
|poke|p2|Gholdengo|
|poke|p2|Kingambit, M|
|poke|p2|Weezing-Galar, M|
|poke|p2|Great Tusk|
|poke|p2|Raging Bolt|
|poke|p2|Ogerpon-Wellspring, F|
|teampreview
|
|t:|1776094115
|teamsize|p1|6
|teamsize|p2|6
|start
|switch|p1a: Zamazenta|Zamazenta|100/100
|switch|p2a: Ogerpon|Ogerpon-Wellspring, F|100/100
|-ability|p1a: Zamazenta|Dauntless Shield|boost
|-boost|p1a: Zamazenta|def|1
|turn|1
|inactive|Battle timer is ON: inactive players will automatically lose when time's up. (requested by vzn.exe)
|
|t:|1776094132
|switch|p2a: Weezing|Weezing-Galar, M|100/100
|move|p1a: Zamazenta|Body Press|p2a: Weezing
|-resisted|p2a: Weezing
|-damage|p2a: Weezing|91/100
|
|-heal|p2a: Weezing|97/100|[from] item: Leftovers
|upkeep
|turn|2
|
|t:|1776094150
|switch|p1a: Gholdengo|Gholdengo|100/100
|move|p2a: Weezing|Strange Steam|p1a: Gholdengo
|-resisted|p1a: Gholdengo
|-damage|p1a: Gholdengo|85/100
|
|-heal|p2a: Weezing|100/100|[from] item: Leftovers
|upkeep
|turn|3
|
|t:|1776094168
|switch|p2a: Kingambit|Kingambit, M|100/100
|move|p1a: Gholdengo|Shadow Ball|p2a: Kingambit
|-resisted|p2a: Kingambit
|-damage|p2a: Kingambit|77/100
|
|upkeep
|turn|4
|
|t:|1776094187
|switch|p1a: Zamazenta|Zamazenta|100/100
|move|p2a: Kingambit|Swords Dance|p2a: Kingambit
|-boost|p2a: Kingambit|atk|2
|
|upkeep
|turn|5
|inactive|vzn.exe has 120 seconds left.
|
|t:|1776094204
|-terastallize|p2a: Kingambit|Flying
|move|p1a: Zamazenta|Body Press|p2a: Kingambit
|-resisted|p2a: Kingambit
|-damage|p2a: Kingambit|63/100
|move|p2a: Kingambit|Tera Blast|p1a: Zamazenta|[anim] Tera Blast Flying
|-supereffective|p1a: Zamazenta
|-damage|p1a: Zamazenta|0 fnt
|faint|p1a: Zamazenta
|
|upkeep
|inactive|vzn.exe has 120 seconds left.
|
|t:|1776094223
|switch|p1a: Ting-Lu|Ting-Lu|100/100
|-ability|p1a: Ting-Lu|Vessel of Ruin
|turn|6
|
|t:|1776094241
|move|p2a: Kingambit|Low Kick|p1a: Ting-Lu
|-supereffective|p1a: Ting-Lu
|-damage|p1a: Ting-Lu|17/100
|-enditem|p1a: Ting-Lu|Red Card|[of] p2a: Kingambit
|drag|p2a: Gholdengo|Gholdengo|100/100
|move|p1a: Ting-Lu|Whirlwind|p2a: Gholdengo
|-immune|p2a: Gholdengo|[from] ability: Good as Gold
|
|upkeep
|turn|7
|
|t:|1776094259
|move|p2a: Gholdengo|Make It Rain|p1a: Ting-Lu
|-damage|p1a: Ting-Lu|0 fnt
|-unboost|p2a: Gholdengo|spa|1
|faint|p1a: Ting-Lu
|
|upkeep
|inactive|vzn.exe has 90 seconds left.
|
|t:|1776094276
|switch|p1a: Gholdengo|Gholdengo|85/100
|turn|8
|inactive|vzn.exe has 90 seconds left.
|
|t:|1776094293
|switch|p2a: Great Tusk|Great Tusk|100/100
|move|p1a: Gholdengo|Shadow Ball|p2a: Great Tusk
|-damage|p2a: Great Tusk|38/100
|
|upkeep
|turn|9
|inactive|vzn.exe has 90 seconds left.
|
|t:|1776094311
|move|p1a: Gholdengo|Shadow Ball|p2a: Great Tusk
|-damage|p2a: Great Tusk|0 fnt
|faint|p2a: Great Tusk
|-end|p2a: Great Tusk|Protosynthesis|[silent]
|
|upkeep
|
|t:|1776094321
|switch|p2a: Gholdengo|Gholdengo|100/100
|turn|10
|inactive|vzn.exe has 90 seconds left.
|
|t:|1776094338
|move|p1a: Gholdengo|Shadow Ball|p2a: Gholdengo
|-supereffective|p2a: Gholdengo
|-damage|p2a: Gholdengo|22/100
|-unboost|p2a: Gholdengo|spd|1
|move|p2a: Gholdengo|Shadow Ball|p1a: Gholdengo
|-supereffective|p1a: Gholdengo
|-damage|p1a: Gholdengo|0 fnt
|faint|p1a: Gholdengo
|
|upkeep
|
|t:|1776094355
|switch|p1a: Ogerpon|Ogerpon-Wellspring, F|100/100
|turn|11
|
|t:|1776094372
|move|p1a: Ogerpon|Ivy Cudgel|p2a: Gholdengo|[anim] Ivy Cudgel Water
|-damage|p2a: Gholdengo|0 fnt
|faint|p2a: Gholdengo
|
|upkeep
|
|t:|1776094378
|switch|p2a: Weezing|Weezing-Galar, M|100/100
|turn|12
|
|t:|1776094395
|move|p1a: Ogerpon|Ivy Cudgel|p2a: Weezing|[anim] Ivy Cudgel Water
|-damage|p2a: Weezing|62/100
|move|p2a: Weezing|Will-O-Wisp|p1a: Ogerpon
|-status|p1a: Ogerpon|brn
|
|-heal|p2a: Weezing|68/100|[from] item: Leftovers
|-damage|p1a: Ogerpon|95/100 brn|[from] brn
|upkeep
|turn|13
|inactive|vzn.exe has 60 seconds left.
|
|t:|1776094413
|move|p1a: Ogerpon|Ivy Cudgel|p2a: Weezing|[anim] Ivy Cudgel Water
|-damage|p2a: Weezing|47/100
|move|p2a: Weezing|Sludge Bomb|p1a: Ogerpon
|-supereffective|p1a: Ogerpon
|-damage|p1a: Ogerpon|27/100 brn
|
|-heal|p2a: Weezing|53/100|[from] item: Leftovers
|-damage|p1a: Ogerpon|21/100 brn|[from] brn
|upkeep
|turn|14
|
|t:|1776094424
|switch|p1a: Iron Treads|Iron Treads|100/100
|-item|p1a: Iron Treads|Air Balloon
|move|p2a: Weezing|Strange Steam|p1a: Iron Treads
|-resisted|p1a: Iron Treads
|-damage|p1a: Iron Treads|85/100
|-start|p1a: Iron Treads|confusion
|-enditem|p1a: Iron Treads|Air Balloon
|
|-heal|p2a: Weezing|59/100|[from] item: Leftovers
|upkeep
|turn|15
|
|t:|1776094436
|-end|p1a: Iron Treads|Quark Drive|[silent]
|switch|p1a: Ogerpon|Ogerpon-Wellspring, F|21/100 brn
|switch|p2a: Ogerpon|Ogerpon-Wellspring, F|100/100
|
|-damage|p1a: Ogerpon|15/100 brn|[from] brn
|upkeep
|turn|16
|
|t:|1776094453
|move|p2a: Ogerpon|Swords Dance|p2a: Ogerpon
|-boost|p2a: Ogerpon|atk|2
|move|p1a: Ogerpon|Taunt|p2a: Ogerpon
|-start|p2a: Ogerpon|move: Taunt
|
|-damage|p1a: Ogerpon|9/100 brn|[from] brn
|upkeep
|turn|17
|inactive|vzn.exe has 60 seconds left.
|
|t:|1776094470
|move|p2a: Ogerpon|Horn Leech|p1a: Ogerpon
|-damage|p1a: Ogerpon|0 fnt
|faint|p1a: Ogerpon
|
|upkeep
|inactive|vzn.exe has 60 seconds left.
|
|t:|1776094487
|switch|p1a: Dragonite|Dragonite, F|100/100
|turn|18
|
|t:|1776094503
|move|p2a: Ogerpon|Play Rough|p1a: Dragonite
|-supereffective|p1a: Dragonite
|-damage|p1a: Dragonite|51/100
|move|p1a: Dragonite|Roost|p1a: Dragonite
|-heal|p1a: Dragonite|100/100
|-singleturn|p1a: Dragonite|move: Roost
|
|upkeep
|turn|19
|
|t:|1776094513
|switch|p1a: Iron Treads|Iron Treads|85/100
|move|p2a: Ogerpon|Play Rough|p1a: Iron Treads
|-resisted|p1a: Iron Treads
|-damage|p1a: Iron Treads|51/100
|
|-end|p2a: Ogerpon|move: Taunt
|upkeep
|turn|20
|
|t:|1776094522
|-end|p1a: Iron Treads|Quark Drive|[silent]
|switch|p1a: Dragonite|Dragonite, F|100/100
|move|p2a: Ogerpon|Ivy Cudgel|p1a: Dragonite|[anim] Ivy Cudgel Water
|-resisted|p1a: Dragonite
|-damage|p1a: Dragonite|79/100
|
|upkeep
|turn|21
|inactive|vzn.exe has 60 seconds left.
|
|t:|1776094530
|move|p2a: Ogerpon|Play Rough|p1a: Dragonite|[miss]
|-miss|p2a: Ogerpon|p1a: Dragonite
|move|p1a: Dragonite|Roost|p1a: Dragonite
|-heal|p1a: Dragonite|100/100
|-singleturn|p1a: Dragonite|move: Roost
|
|upkeep
|turn|22
|
|t:|1776094538
|move|p2a: Ogerpon|Play Rough|p1a: Dragonite
|-supereffective|p1a: Dragonite
|-damage|p1a: Dragonite|47/100
|move|p1a: Dragonite|Roost|p1a: Dragonite
|-heal|p1a: Dragonite|97/100
|-singleturn|p1a: Dragonite|move: Roost
|
|upkeep
|turn|23
|
|t:|1776094547
|switch|p1a: Iron Treads|Iron Treads|51/100
|move|p2a: Ogerpon|Play Rough|p1a: Iron Treads
|-resisted|p1a: Iron Treads
|-damage|p1a: Iron Treads|21/100
|
|upkeep
|turn|24
|
|t:|1776094554
|move|p2a: Ogerpon|Ivy Cudgel|p1a: Iron Treads|[anim] Ivy Cudgel Water
|-supereffective|p1a: Iron Treads
|-damage|p1a: Iron Treads|0 fnt
|faint|p1a: Iron Treads
|-end|p1a: Iron Treads|Quark Drive|[silent]
|
|upkeep
|
|t:|1776094559
|switch|p1a: Dragonite|Dragonite, F|97/100
|turn|25
|
|t:|1776094563
|move|p2a: Ogerpon|Play Rough|p1a: Dragonite
|-supereffective|p1a: Dragonite
|-damage|p1a: Dragonite|0 fnt
|faint|p1a: Dragonite
|
|win|Efrain.9
|raw|vzn.exe's rating: 1489 &rarr; <strong>1471</strong><br />(-18 for losing)
|raw|Efrain.9's rating: 1527 &rarr; <strong>1545</strong><br />(+18 for winning)
