|html|<div class="broadcast-blue"><strong>[Gen 9] OU is currently suspecting Tera Blast! For information on how to participate check out the <a href="https://www.smogon.com/tools/suspects/view/200">suspect thread</a>.</strong></div>
|j|☆fatheralex909
|j|☆tbiscool
|t:|1776102011
|gametype|singles
|player|p1|fatheralex909|265|1581
|player|p2|tbiscool|chuck|1596
|gen|9
|tier|[Gen 9] OU
|rated|
|rule|HP Percentage Mod: HP is shown in percentages
|rule|Endless Battle Clause: Forcing endless battles is banned
|rule|Species Clause: Limit one of each Pokémon
|rule|OHKO Clause: OHKO moves are banned
|rule|Evasion Items Clause: Evasion items are banned
|rule|Evasion Moves Clause: Evasion moves are banned
|rule|Evasion Abilities Clause: Evasion abilities are banned
|rule|Sleep Moves Clause: Sleep-inducing moves are banned
|clearpoke
|poke|p1|Dragapult, F|
|poke|p1|Samurott-Hisui, F|
|poke|p1|Iron Treads|
|poke|p1|Iron Valiant|
|poke|p1|Gholdengo|
|poke|p1|Ogerpon-Wellspring, F|
|poke|p2|Indeedee, M|
|poke|p2|Hoopa-Unbound|
|poke|p2|Ceruledge, F|
|poke|p2|Polteageist-Antique|
|poke|p2|Cinderace, F|
|poke|p2|Iron Valiant|
|teampreview
|inactive|Battle timer is ON: inactive players will automatically lose when time's up. (requested by tbiscool)
|
|t:|1776102021
|teamsize|p1|6
|teamsize|p2|6
|start
|switch|p1a: Samurott|Samurott-Hisui, F|100/100
|switch|p2a: Cinderace|Cinderace, F|100/100
|turn|1
|
|t:|1776102025
|move|p2a: Cinderace|High Jump Kick|p1a: Samurott
|-start|p2a: Cinderace|typechange|Fighting|[from] ability: Libero
|-supereffective|p1a: Samurott
|-damage|p1a: Samurott|0 fnt
|faint|p1a: Samurott
|
|upkeep
|
|t:|1776102029
|switch|p1a: Iron Treads|Iron Treads|100/100
|turn|2
|
|t:|1776102034
|move|p2a: Cinderace|High Jump Kick|p1a: Iron Treads
|-supereffective|p1a: Iron Treads
|-damage|p1a: Iron Treads|10/100
|-damage|p2a: Cinderace|84/100|[from] item: Rocky Helmet|[of] p1a: Iron Treads
|move|p1a: Iron Treads|Stealth Rock|p2a: Cinderace
|-sidestart|p2: tbiscool|move: Stealth Rock
|
|upkeep
|turn|3
|
|t:|1776102042
|switch|p2a: Indeedee|Indeedee, M|100/100
|-damage|p2a: Indeedee|88/100|[from] Stealth Rock
|-fieldstart|move: Psychic Terrain|[from] ability: Psychic Surge|[of] p2a: Indeedee
|move|p1a: Iron Treads|Earthquake|p2a: Indeedee
|-damage|p2a: Indeedee|2/100
|
|upkeep
|turn|4
|
|t:|1776102047
|move|p2a: Indeedee|Expanding Force|p1a: Iron Treads
|-resisted|p1a: Iron Treads
|-damage|p1a: Iron Treads|0 fnt
|faint|p1a: Iron Treads
|-end|p1a: Iron Treads|Quark Drive|[silent]
|
|upkeep
|
|t:|1776102063
|switch|p1a: Dragapult|Dragapult, F|100/100
|turn|5
|
|t:|1776102068
|switch|p2a: Cinderace|Cinderace, F|84/100
|-damage|p2a: Cinderace|59/100|[from] Stealth Rock
|move|p1a: Dragapult|Substitute|p1a: Dragapult
|-start|p1a: Dragapult|Substitute
|-damage|p1a: Dragapult|76/100
|
|-heal|p1a: Dragapult|82/100|[from] item: Leftovers
|upkeep
|turn|6
|
|t:|1776102074
|move|p2a: Cinderace|Court Change|p2a: Cinderace
|-start|p2a: Cinderace|typechange|Normal|[from] ability: Libero
|-swapsideconditions
|-activate|p2a: Cinderace|move: Court Change
|move|p1a: Dragapult|Dragon Darts|p2a: Cinderace
|-damage|p2a: Cinderace|22/100
|-anim|p1a: Dragapult|Dragon Darts|p2a: Cinderace
|-damage|p2a: Cinderace|0 fnt
|faint|p2a: Cinderace
|
|-heal|p1a: Dragapult|88/100|[from] item: Leftovers
|upkeep
|
|t:|1776102081
|switch|p2a: Iron Valiant|Iron Valiant|100/100
|-enditem|p2a: Iron Valiant|Booster Energy
|-activate|p2a: Iron Valiant|ability: Quark Drive|[fromitem]
|-start|p2a: Iron Valiant|quarkdrivespe
|turn|7
|
|t:|1776102087
|-terastallize|p1a: Dragapult|Ghost
|move|p2a: Iron Valiant|Moonblast|p1a: Dragapult
|-end|p1a: Dragapult|Substitute
|move|p1a: Dragapult|Dragon Dance|p1a: Dragapult
|-boost|p1a: Dragapult|atk|1
|-boost|p1a: Dragapult|spe|1
|
|-heal|p1a: Dragapult|94/100|[from] item: Leftovers
|upkeep
|turn|8
|
|t:|1776102093
|move|p1a: Dragapult|Tera Blast|p2a: Iron Valiant|[anim] Tera Blast Ghost
|-damage|p2a: Iron Valiant|0 fnt
|faint|p2a: Iron Valiant
|-end|p2a: Iron Valiant|Quark Drive|[silent]
|
|-heal|p1a: Dragapult|99/100|[from] item: Leftovers
|upkeep
|
|t:|1776102102
|switch|p2a: Ceruledge|Ceruledge, F|100/100
|turn|9
|
|t:|1776102106
|move|p1a: Dragapult|Tera Blast|p2a: Ceruledge|[anim] Tera Blast Ghost
|-supereffective|p2a: Ceruledge
|-enditem|p2a: Ceruledge|Focus Sash
|-damage|p2a: Ceruledge|1/100
|-ability|p2a: Ceruledge|Weak Armor|boost
|-unboost|p2a: Ceruledge|def|1
|-boost|p2a: Ceruledge|spe|2
|move|p2a: Ceruledge|Poltergeist|p1a: Dragapult
|-activate|p1a: Dragapult|move: Poltergeist|Leftovers
|-supereffective|p1a: Dragapult
|-damage|p1a: Dragapult|0 fnt
|faint|p1a: Dragapult
|
|upkeep
|
|t:|1776102110
|switch|p1a: Ogerpon|Ogerpon-Wellspring, F|100/100
|-damage|p1a: Ogerpon|88/100|[from] Stealth Rock
|turn|10
|
|t:|1776102115
|move|p2a: Ceruledge|Poltergeist|p1a: Ogerpon
|-activate|p1a: Ogerpon|move: Poltergeist|Wellspring Mask
|-damage|p1a: Ogerpon|1/100
|move|p1a: Ogerpon|Ivy Cudgel|p2a: Ceruledge|[anim] Ivy Cudgel Water
|-supereffective|p2a: Ceruledge
|-damage|p2a: Ceruledge|0 fnt
|faint|p2a: Ceruledge
|
|-fieldend|move: Psychic Terrain
|upkeep
|
|t:|1776102126
|switch|p2a: Polteageist|Polteageist-Antique|100/100
|turn|11
|
|t:|1776102128
|move|p1a: Ogerpon|Ivy Cudgel|p2a: Polteageist|[anim] Ivy Cudgel Water
|-crit|p2a: Polteageist
|-enditem|p2a: Polteageist|Focus Sash
|-damage|p2a: Polteageist|1/100
|-ability|p2a: Polteageist|Weak Armor|boost
|-unboost|p2a: Polteageist|def|1
|-boost|p2a: Polteageist|spe|2
|move|p2a: Polteageist|Shell Smash|p2a: Polteageist
|-unboost|p2a: Polteageist|def|1
|-unboost|p2a: Polteageist|spd|1
|-boost|p2a: Polteageist|atk|2
|-boost|p2a: Polteageist|spa|2
|-boost|p2a: Polteageist|spe|2
|
|upkeep
|turn|12
|
|t:|1776102131
|move|p2a: Polteageist|Shadow Ball|p1a: Ogerpon
|-damage|p1a: Ogerpon|0 fnt
|faint|p1a: Ogerpon
|
|upkeep
|-message|fatheralex909 forfeited.
|
|win|tbiscool
|raw|fatheralex909's rating: 1581 &rarr; <strong>1562</strong><br />(-19 for losing)
|raw|tbiscool's rating: 1596 &rarr; <strong>1615</strong><br />(+19 for winning)
|c|☆tbiscool|Ggs
|l|☆fatheralex909
|player|p1|
|l|☆tbiscool
|player|p2|
