|html|<div class="broadcast-blue"><strong>[Gen 9] OU is currently suspecting Tera Blast! For information on how to participate check out the <a href="https://www.smogon.com/tools/suspects/view/200">suspect thread</a>.</strong></div>
|j|☆timehux
|j|☆yey331
|t:|1776259671
|gametype|singles
|player|p1|timehux|fisherman|1342
|player|p2|yey331|elesa|1373
|gen|9
|tier|[Gen 9] OU
|rated|
|rule|HP Percentage Mod: HP is shown in percentages
|rule|Endless Battle Clause: Forcing endless battles is banned
|rule|Species Clause: Limit one of each Pokémon
|rule|OHKO Clause: OHKO moves are banned
|rule|Evasion Items Clause: Evasion items are banned
|rule|Evasion Moves Clause: Evasion moves are banned
|rule|Evasion Abilities Clause: Evasion abilities are banned
|rule|Sleep Moves Clause: Sleep-inducing moves are banned
|clearpoke
|poke|p1|Zapdos|
|poke|p1|Garchomp, M|
|poke|p1|Samurott-Hisui, F|
|poke|p1|Heatran, F|
|poke|p1|Great Tusk|
|poke|p1|Rillaboom, F|
|poke|p2|Hatterene, F|
|poke|p2|Pelipper, M|
|poke|p2|Hariyama, F|
|poke|p2|Cresselia, F|
|poke|p2|Ursaluna, F|
|poke|p2|Porygon2|
|teampreview
|inactive|Battle timer is ON: inactive players will automatically lose when time's up. (requested by yey331)
|
|t:|1776259699
|teamsize|p1|6
|teamsize|p2|6
|start
|switch|p1a: Samurott|Samurott-Hisui, F|100/100
|switch|p2a: Hariyama|Hariyama, F|100/100
|turn|1
|
|t:|1776259711
|move|p1a: Samurott|Flip Turn|p2a: Hariyama
|-damage|p2a: Hariyama|75/100
|
|t:|1776259715
|switch|p1a: Zapdos|Zapdos|100/100|[from] Flip Turn
|move|p2a: Hariyama|Drain Punch|p1a: Zapdos
|-resisted|p1a: Zapdos
|-damage|p1a: Zapdos|74/100
|-heal|p2a: Hariyama|85/100|[from] drain|[of] p1a: Zapdos
|
|upkeep
|turn|2
|
|t:|1776259730
|switch|p2a: Ursaluna|Ursaluna, F|100/100
|move|p1a: Zapdos|Hurricane|p2a: Ursaluna|[miss]
|-miss|p1a: Zapdos|p2a: Ursaluna
|
|-status|p2a: Ursaluna|brn|[from] item: Flame Orb
|upkeep
|turn|3
|
|t:|1776259752
|switch|p1a: Heatran|Heatran, F|100/100
|-item|p1a: Heatran|Air Balloon
|move|p2a: Ursaluna|Headlong Rush|p1a: Heatran
|-immune|p1a: Heatran
|
|-damage|p2a: Ursaluna|94/100 brn|[from] brn
|upkeep
|turn|4
|
|t:|1776259766
|move|p1a: Heatran|Magma Storm|p2a: Ursaluna|[miss]
|-miss|p1a: Heatran|p2a: Ursaluna
|move|p2a: Ursaluna|Facade|p1a: Heatran
|-resisted|p1a: Heatran
|-damage|p1a: Heatran|62/100
|-enditem|p1a: Heatran|Air Balloon
|
|-damage|p2a: Ursaluna|88/100 brn|[from] brn
|upkeep
|turn|5
|
|t:|1776259775
|move|p1a: Heatran|Magma Storm|p2a: Ursaluna|[miss]
|-miss|p1a: Heatran|p2a: Ursaluna
|move|p2a: Ursaluna|Facade|p1a: Heatran
|-resisted|p1a: Heatran
|-damage|p1a: Heatran|24/100
|
|-damage|p2a: Ursaluna|82/100 brn|[from] brn
|upkeep
|turn|6
|
|t:|1776259783
|move|p1a: Heatran|Magma Storm|p2a: Ursaluna|[miss]
|-miss|p1a: Heatran|p2a: Ursaluna
|move|p2a: Ursaluna|Facade|p1a: Heatran
|-resisted|p1a: Heatran
|-damage|p1a: Heatran|0 fnt
|faint|p1a: Heatran
|
|-damage|p2a: Ursaluna|76/100 brn|[from] brn
|upkeep
|c|☆yey331|Unlucky 🥀
|
|t:|1776259799
|switch|p1a: Rillaboom|Rillaboom, F|100/100
|-fieldstart|move: Grassy Terrain|[from] ability: Grassy Surge|[of] p1a: Rillaboom
|turn|7
|c|☆timehux|is pokemon
|
|t:|1776259815
|switch|p2a: Cresselia|Cresselia, F|100/100
|move|p1a: Rillaboom|Wood Hammer|p2a: Cresselia
|-crit|p2a: Cresselia
|-damage|p2a: Cresselia|0 fnt
|faint|p2a: Cresselia
|-damage|p1a: Rillaboom|57/100|[from] Recoil
|
|-heal|p1a: Rillaboom|64/100|[from] Grassy Terrain
|upkeep
|
|t:|1776259828
|switch|p2a: Porygon2|Porygon2|100/100
|-ability|p2a: Porygon2|Download|boost
|-boost|p2a: Porygon2|spa|1
|turn|8
|
|t:|1776259838
|switch|p1a: Samurott|Samurott-Hisui, F|100/100
|move|p2a: Porygon2|Trick Room|p2a: Porygon2
|-fieldstart|move: Trick Room|[of] p2a: Porygon2
|
|upkeep
|turn|9
|
|t:|1776259848
|move|p2a: Porygon2|Thunder|p1a: Samurott|[miss]
|-miss|p2a: Porygon2|p1a: Samurott
|move|p1a: Samurott|Ceaseless Edge|p2a: Porygon2
|-damage|p2a: Porygon2|68/100
|-sidestart|p2: yey331|Spikes
|
|-heal|p2a: Porygon2|74/100|[from] Grassy Terrain
|upkeep
|turn|10
|
|t:|1776259857
|switch|p1a: Great Tusk|Great Tusk|100/100
|move|p2a: Porygon2|Ice Beam|p1a: Great Tusk
|-supereffective|p1a: Great Tusk
|-damage|p1a: Great Tusk|0 fnt
|faint|p1a: Great Tusk
|-end|p1a: Great Tusk|Protosynthesis|[silent]
|
|-heal|p2a: Porygon2|80/100|[from] Grassy Terrain
|upkeep
|
|t:|1776259871
|switch|p1a: Samurott|Samurott-Hisui, F|100/100
|turn|11
|
|t:|1776259881
|move|p2a: Porygon2|Thunder|p1a: Samurott
|-supereffective|p1a: Samurott
|-damage|p1a: Samurott|0 fnt
|faint|p1a: Samurott
|
|-heal|p2a: Porygon2|87/100|[from] Grassy Terrain
|-fieldend|move: Grassy Terrain
|upkeep
|
|t:|1776259888
|switch|p1a: Zapdos|Zapdos|74/100
|turn|12
|
|t:|1776259895
|move|p2a: Porygon2|Ice Beam|p1a: Zapdos
|-supereffective|p1a: Zapdos
|-damage|p1a: Zapdos|0 fnt
|faint|p1a: Zapdos
|
|-fieldend|move: Trick Room
|upkeep
|
|t:|1776259902
|switch|p1a: Rillaboom|Rillaboom, F|64/100
|-fieldstart|move: Grassy Terrain|[from] ability: Grassy Surge|[of] p1a: Rillaboom
|turn|13
|
|t:|1776259913
|-terastallize|p1a: Rillaboom|Grass
|move|p1a: Rillaboom|Wood Hammer|p2a: Porygon2
|-damage|p2a: Porygon2|0 fnt
|faint|p2a: Porygon2
|-damage|p1a: Rillaboom|32/100|[from] Recoil
|
|-heal|p1a: Rillaboom|39/100|[from] Grassy Terrain
|upkeep
|
|t:|1776259929
|switch|p2a: Hariyama|Hariyama, F|85/100
|-damage|p2a: Hariyama|73/100|[from] Spikes
|turn|14
|
|t:|1776259934
|-terastallize|p2a: Hariyama|Steel
|move|p2a: Hariyama|Bullet Punch|p1a: Rillaboom
|-damage|p1a: Rillaboom|13/100
|move|p1a: Rillaboom|Wood Hammer|p2a: Hariyama
|-resisted|p2a: Hariyama
|-damage|p2a: Hariyama|0 fnt
|faint|p2a: Hariyama
|-damage|p1a: Rillaboom|0 fnt|[from] Recoil
|faint|p1a: Rillaboom
|
|upkeep
|
|t:|1776259951
|switch|p1a: Garchomp|Garchomp, M|100/100
|switch|p2a: Big Gulp|Pelipper, M|100/100
|-weather|RainDance|[from] ability: Drizzle|[of] p2a: Big Gulp
|turn|15
|
|t:|1776259959
|move|p1a: Garchomp|Swords Dance|p1a: Garchomp
|-boost|p1a: Garchomp|atk|2
|move|p2a: Big Gulp|Weather Ball|p1a: Garchomp
|-damage|p1a: Garchomp|0 fnt
|faint|p1a: Garchomp
|
|win|yey331
|raw|timehux's rating: 1342 &rarr; <strong>1324</strong><br />(-18 for losing)
|raw|yey331's rating: 1373 &rarr; <strong>1391</strong><br />(+18 for winning)
|c|☆yey331|Ggs
|c|☆timehux|gg
