|html|<div class="broadcast-blue"><strong>[Gen 9] OU is currently suspecting Tera Blast! For information on how to participate check out the <a href="https://www.smogon.com/tools/suspects/view/200">suspect thread</a>.</strong></div>
|badge|p1|silver|gen9ou|30-9
|uhtml|medal-msg|<div class="broadcast-blue">Curious what those medals under the avatar are? PS now has Ladder Seasons! For more information, check out the <a href="https://www.smogon.com/forums/threads/3740067/">thread on Smogon.</a></div>
|j|☆sv gurt
|j|☆a jellyfish
|t:|1776031421
|gametype|singles
|player|p1|sv gurt|bugsy-masters|1901
|player|p2|a jellyfish|bianca|1796
|gen|9
|tier|[Gen 9] OU
|rated|
|rule|HP Percentage Mod: HP is shown in percentages
|rule|Endless Battle Clause: Forcing endless battles is banned
|rule|Species Clause: Limit one of each Pokémon
|rule|OHKO Clause: OHKO moves are banned
|rule|Evasion Items Clause: Evasion items are banned
|rule|Evasion Moves Clause: Evasion moves are banned
|rule|Evasion Abilities Clause: Evasion abilities are banned
|rule|Sleep Moves Clause: Sleep-inducing moves are banned
|clearpoke
|poke|p1|Chesnaught, M|
|poke|p1|Rotom-Heat|
|poke|p1|Muk-Alola, M|
|poke|p1|Avalugg, F|
|poke|p1|Quagsire, F|
|poke|p1|Chansey, F|
|poke|p2|Tyranitar, F|
|poke|p2|Landorus-Therian, M|
|poke|p2|Muk-Alola, M|
|poke|p2|Ogerpon-Wellspring, F|
|poke|p2|Hatterene, F|
|poke|p2|Dragapult, M|
|teampreview
|inactive|Battle timer is ON: inactive players will automatically lose when time's up. (requested by a jellyfish)
|
|t:|1776031446
|teamsize|p1|6
|teamsize|p2|6
|start
|switch|p1a: Rotom|Rotom-Heat|100/100
|switch|p2a: muk punch|Muk-Alola, M, shiny|100/100
|turn|1
|
|t:|1776031457
|move|p1a: Rotom|Will-O-Wisp|p2a: muk punch
|-status|p2a: muk punch|brn
|move|p2a: muk punch|Poison Fang|p1a: Rotom
|-damage|p1a: Rotom|91/100
|
|-damage|p2a: muk punch|94/100 brn|[from] brn
|upkeep
|turn|2
|
|t:|1776031460
|move|p1a: Rotom|Volt Switch|p2a: muk punch
|-damage|p2a: muk punch|85/100 brn
|
|t:|1776031477
|switch|p1a: Muk|Muk-Alola, M|100/100|[from] Volt Switch
|move|p2a: muk punch|Knock Off|p1a: Muk
|-resisted|p1a: Muk
|-damage|p1a: Muk|91/100
|-enditem|p1a: Muk|Leftovers|[from] move: Knock Off|[of] p2a: muk punch
|
|-damage|p2a: muk punch|79/100 brn|[from] brn
|upkeep
|turn|3
|
|t:|1776031480
|switch|p2a: Landorus|Landorus-Therian, M|100/100
|-ability|p2a: Landorus|Intimidate|boost
|-unboost|p1a: Muk|atk|1
|move|p1a: Muk|Knock Off|p2a: Landorus
|-damage|p2a: Landorus|78/100
|-damage|p1a: Muk|74/100|[from] item: Rocky Helmet|[of] p2a: Landorus
|-enditem|p2a: Landorus|Rocky Helmet|[from] move: Knock Off|[of] p1a: Muk
|
|upkeep
|turn|4
|j| kindnessalwayswins
|
|t:|1776031492
|switch|p1a: Avalugg|Avalugg, F|100/100
|move|p2a: Landorus|Stealth Rock|p1a: Avalugg
|-sidestart|p1: sv gurt|move: Stealth Rock
|
|upkeep
|turn|5
|
|t:|1776031494
|move|p2a: Landorus|U-turn|p1a: Avalugg
|-damage|p1a: Avalugg|93/100
|
|t:|1776031497
|switch|p2a: Tyranitar|Tyranitar, F, shiny|100/100|[from] U-turn
|-weather|Sandstorm|[from] ability: Sand Stream|[of] p2a: Tyranitar
|move|p1a: Avalugg|Avalanche|p2a: Tyranitar
|-crit|p2a: Tyranitar
|-damage|p2a: Tyranitar|69/100
|
|-weather|Sandstorm|[upkeep]
|-damage|p1a: Avalugg|87/100|[from] Sandstorm
|upkeep
|turn|6
|
|t:|1776031505
|switch|p1a: Chesnaught|Chesnaught, M|100/100
|-damage|p1a: Chesnaught|94/100|[from] Stealth Rock
|move|p2a: Tyranitar|Knock Off|p1a: Chesnaught
|-resisted|p1a: Chesnaught
|-damage|p1a: Chesnaught|71/100
|-damage|p2a: Tyranitar|52/100|[from] item: Rocky Helmet|[of] p1a: Chesnaught
|-enditem|p1a: Chesnaught|Rocky Helmet|[from] move: Knock Off|[of] p2a: Tyranitar
|
|-weather|Sandstorm|[upkeep]
|-damage|p1a: Chesnaught|65/100|[from] Sandstorm
|upkeep
|turn|7
|
|t:|1776031511
|switch|p2a: Hatterene|Hatterene, F, shiny|100/100
|switch|p1a: Muk|Muk-Alola, M|74/100
|-damage|p1a: Muk|62/100|[from] Stealth Rock
|
|-weather|Sandstorm|[upkeep]
|-damage|p1a: Muk|56/100|[from] Sandstorm
|-damage|p2a: Hatterene|95/100|[from] Sandstorm
|-heal|p2a: Hatterene|100/100|[from] item: Leftovers
|upkeep
|turn|8
|j| volbeatluvr
|
|t:|1776031524
|switch|p2a: Landorus|Landorus-Therian, M|78/100
|-ability|p2a: Landorus|Intimidate|boost
|-unboost|p1a: Muk|atk|1
|move|p1a: Muk|Poison Jab|p2a: Landorus
|-resisted|p2a: Landorus
|-damage|p2a: Landorus|70/100
|-status|p2a: Landorus|psn|[from] ability: Poison Touch|[of] p1a: Muk
|
|-weather|Sandstorm|[upkeep]
|-damage|p1a: Muk|50/100|[from] Sandstorm
|-damage|p2a: Landorus|58/100 psn|[from] psn
|upkeep
|turn|9
|
|t:|1776031527
|move|p1a: Muk|Protect|p1a: Muk
|-singleturn|p1a: Muk|Protect
|move|p2a: Landorus|Earth Power|p1a: Muk
|-activate|p1a: Muk|move: Protect
|
|-weather|none
|-damage|p2a: Landorus|45/100 psn|[from] psn
|upkeep
|turn|10
|inactive|sv gurt has 120 seconds left.
|
|t:|1776031574
|switch|p1a: Rotom|Rotom-Heat|91/100
|move|p2a: Landorus|U-turn|p1a: Rotom
|-resisted|p1a: Rotom
|-damage|p1a: Rotom|80/100
|
|t:|1776031577
|switch|p2a: Ogerpon|Ogerpon-Wellspring, F|100/100|[from] U-turn
|
|upkeep
|turn|11
|
|t:|1776031612
|switch|p1a: Chesnaught|Chesnaught, M|65/100
|-damage|p1a: Chesnaught|59/100|[from] Stealth Rock
|move|p2a: Ogerpon|Ivy Cudgel|p1a: Chesnaught|[anim] Ivy Cudgel Water
|-resisted|p1a: Chesnaught
|-damage|p1a: Chesnaught|41/100
|
|upkeep
|turn|12
|
|t:|1776031616
|move|p2a: Ogerpon|U-turn|p1a: Chesnaught
|-damage|p1a: Chesnaught|25/100
|
|t:|1776031622
|switch|p2a: Dragapult|Dragapult, M|100/100|[from] U-turn
|move|p1a: Chesnaught|Synthesis|p1a: Chesnaught
|-heal|p1a: Chesnaught|75/100
|
|upkeep
|turn|13
|
|t:|1776031627
|switch|p1a: Chansey|Chansey, F|100/100
|-damage|p1a: Chansey|88/100|[from] Stealth Rock
|move|p2a: Dragapult|Dragon Darts|p1a: Chansey
|-damage|p1a: Chansey|70/100
|-anim|p2a: Dragapult|Dragon Darts|p1a: Chansey
|-damage|p1a: Chansey|54/100
|
|upkeep
|turn|14
|
|t:|1776031630
|move|p2a: Dragapult|U-turn|p1a: Chansey
|-damage|p1a: Chansey|39/100
|
|t:|1776031633
|switch|p2a: Ogerpon|Ogerpon-Wellspring, F|100/100|[from] U-turn
|move|p1a: Chansey|Soft-Boiled|p1a: Chansey
|-heal|p1a: Chansey|89/100
|
|upkeep
|turn|15
|
|t:|1776031638
|move|p2a: Ogerpon|U-turn|p1a: Chansey
|-damage|p1a: Chansey|67/100
|
|t:|1776031641
|switch|p2a: Dragapult|Dragapult, M|100/100|[from] U-turn
|move|p1a: Chansey|Stealth Rock|p2a: Dragapult
|-sidestart|p2: a jellyfish|move: Stealth Rock
|
|upkeep
|turn|16
|
|t:|1776031646
|move|p2a: Dragapult|U-turn|p1a: Chansey
|-damage|p1a: Chansey|50/100
|
|t:|1776031647
|switch|p2a: Ogerpon|Ogerpon-Wellspring, F|100/100|[from] U-turn
|-damage|p2a: Ogerpon|88/100|[from] Stealth Rock
|move|p1a: Chansey|Soft-Boiled|p1a: Chansey
|-heal|p1a: Chansey|99/100
|
|upkeep
|turn|17
|
|t:|1776031651
|switch|p1a: Avalugg|Avalugg, F|87/100
|move|p2a: Ogerpon|Encore||[still]
|-fail|p2a: Ogerpon
|
|upkeep
|turn|18
|
|t:|1776031656
|move|p2a: Ogerpon|U-turn|p1a: Avalugg
|-damage|p1a: Avalugg|76/100
|
|t:|1776031657
|switch|p2a: Dragapult|Dragapult, M|100/100|[from] U-turn
|move|p1a: Avalugg|Rapid Spin|p2a: Dragapult
|-immune|p2a: Dragapult
|
|upkeep
|turn|19
|
|t:|1776031666
|move|p2a: Dragapult|Will-O-Wisp|p1a: Avalugg
|-status|p1a: Avalugg|brn
|move|p1a: Avalugg|Avalanche|p2a: Dragapult
|-supereffective|p2a: Dragapult
|-damage|p2a: Dragapult|70/100
|
|-damage|p1a: Avalugg|70/100 brn|[from] brn
|upkeep
|turn|20
|
|t:|1776031673
|switch|p1a: Chansey|Chansey, F|99/100
|-damage|p1a: Chansey|87/100|[from] Stealth Rock
|move|p2a: Dragapult|Dragon Darts|p1a: Chansey
|-damage|p1a: Chansey|69/100
|-anim|p2a: Dragapult|Dragon Darts|p1a: Chansey
|-damage|p1a: Chansey|52/100
|
|upkeep
|turn|21
|
|t:|1776031675
|move|p2a: Dragapult|U-turn|p1a: Chansey
|-damage|p1a: Chansey|36/100
|
|t:|1776031677
|switch|p2a: Tyranitar|Tyranitar, F, shiny|52/100|[from] U-turn
|-damage|p2a: Tyranitar|40/100|[from] Stealth Rock
|-weather|Sandstorm|[from] ability: Sand Stream|[of] p2a: Tyranitar
|move|p1a: Chansey|Soft-Boiled|p1a: Chansey
|-heal|p1a: Chansey|86/100
|
|-weather|Sandstorm|[upkeep]
|-damage|p1a: Chansey|79/100|[from] Sandstorm
|upkeep
|turn|22
|
|t:|1776031691
|switch|p1a: Avalugg|Avalugg, F|70/100 brn
|move|p2a: Tyranitar|Ice Punch|p1a: Avalugg
|-resisted|p1a: Avalugg
|-damage|p1a: Avalugg|61/100 brn
|
|-weather|Sandstorm|[upkeep]
|-damage|p1a: Avalugg|55/100 brn|[from] Sandstorm
|-damage|p1a: Avalugg|49/100 brn|[from] brn
|upkeep
|turn|23
|inactive|sv gurt has 120 seconds left.
|
|t:|1776031726
|switch|p2a: Hatterene|Hatterene, F, shiny|100/100
|-damage|p2a: Hatterene|88/100|[from] Stealth Rock
|move|p1a: Avalugg|Avalanche|p2a: Hatterene
|-damage|p2a: Hatterene|78/100
|
|-weather|Sandstorm|[upkeep]
|-damage|p2a: Hatterene|73/100|[from] Sandstorm
|-damage|p1a: Avalugg|43/100 brn|[from] Sandstorm
|-heal|p2a: Hatterene|78/100|[from] item: Leftovers
|-damage|p1a: Avalugg|37/100 brn|[from] brn
|upkeep
|turn|24
|
|t:|1776031730
|switch|p1a: Muk|Muk-Alola, M|50/100
|-damage|p1a: Muk|38/100|[from] Stealth Rock
|move|p2a: Hatterene|Psychic Noise|p1a: Muk
|-immune|p1a: Muk
|
|-weather|Sandstorm|[upkeep]
|-damage|p1a: Muk|32/100|[from] Sandstorm
|-damage|p2a: Hatterene|73/100|[from] Sandstorm
|-heal|p2a: Hatterene|78/100|[from] item: Leftovers
|upkeep
|turn|25
|
|t:|1776031745
|switch|p2a: Landorus|Landorus-Therian, M|45/100 psn
|-damage|p2a: Landorus|33/100 psn|[from] Stealth Rock
|-ability|p2a: Landorus|Intimidate|boost
|-unboost|p1a: Muk|atk|1
|move|p1a: Muk|Poison Jab|p2a: Landorus
|-resisted|p2a: Landorus
|-damage|p2a: Landorus|24/100 psn
|
|-weather|none
|-damage|p2a: Landorus|12/100 psn|[from] psn
|upkeep
|turn|26
|
|t:|1776031754
|switch|p2a: Dragapult|Dragapult, M|70/100
|move|p1a: Muk|Protect||[still]
|-fail|p1a: Muk
|
|upkeep
|turn|27
|
|t:|1776031758
|switch|p1a: Quagsire|Quagsire, F|100/100
|-damage|p1a: Quagsire|94/100|[from] Stealth Rock
|move|p2a: Dragapult|Dragon Darts|p1a: Quagsire
|-damage|p1a: Quagsire|77/100
|-anim|p2a: Dragapult|Dragon Darts|p1a: Quagsire
|-damage|p1a: Quagsire|61/100
|
|-heal|p1a: Quagsire|68/100|[from] item: Leftovers
|upkeep
|turn|28
|
|t:|1776031762
|move|p2a: Dragapult|U-turn|p1a: Quagsire
|-damage|p1a: Quagsire|54/100
|
|t:|1776031763
|switch|p2a: Hatterene|Hatterene, F, shiny|78/100|[from] U-turn
|-damage|p2a: Hatterene|66/100|[from] Stealth Rock
|move|p1a: Quagsire|Toxic|p2a: Hatterene
|move|p2a: Hatterene|Toxic|p1a: Quagsire|[from] ability: Magic Bounce
|-status|p1a: Quagsire|tox
|
|-heal|p2a: Hatterene|72/100|[from] item: Leftovers
|-heal|p1a: Quagsire|60/100 tox|[from] item: Leftovers
|-damage|p1a: Quagsire|54/100 tox|[from] psn
|upkeep
|turn|29
|
|t:|1776031766
|move|p2a: Hatterene|Draining Kiss|p1a: Quagsire
|-damage|p1a: Quagsire|26/100 tox
|-heal|p2a: Hatterene|98/100|[from] drain|[of] p1a: Quagsire
|move|p1a: Quagsire|Recover|p1a: Quagsire
|-heal|p1a: Quagsire|76/100 tox
|
|-heal|p2a: Hatterene|100/100|[from] item: Leftovers
|-heal|p1a: Quagsire|82/100 tox|[from] item: Leftovers
|-damage|p1a: Quagsire|70/100 tox|[from] psn
|upkeep
|turn|30
|
|t:|1776031769
|switch|p1a: Rotom|Rotom-Heat|80/100
|move|p2a: Hatterene|Psychic Noise|p1a: Rotom
|-damage|p1a: Rotom|52/100
|-start|p1a: Rotom|move: Heal Block
|
|upkeep
|turn|31
|inactive|a jellyfish has 120 seconds left.
|
|t:|1776031823
|switch|p2a: Landorus|Landorus-Therian, M|12/100 psn
|-damage|p2a: Landorus|0 fnt|[from] Stealth Rock
|faint|p2a: Landorus
|move|p1a: Rotom|Pain Split|p2: Landorus|[notarget]
|-fail|p1a: Rotom
|
|-end|p1a: Rotom|move: Heal Block
|upkeep
|
|t:|1776031824
|switch|p2a: Ogerpon|Ogerpon-Wellspring, F|88/100
|-damage|p2a: Ogerpon|76/100|[from] Stealth Rock
|turn|32
|inactive|sv gurt has 120 seconds left.
|
|t:|1776031855
|switch|p1a: Chesnaught|Chesnaught, M|75/100
|-damage|p1a: Chesnaught|69/100|[from] Stealth Rock
|move|p2a: Ogerpon|Ivy Cudgel|p1a: Chesnaught|[anim] Ivy Cudgel Water
|-resisted|p1a: Chesnaught
|-damage|p1a: Chesnaught|53/100
|
|upkeep
|turn|33
|
|t:|1776031857
|move|p2a: Ogerpon|U-turn|p1a: Chesnaught
|-damage|p1a: Chesnaught|36/100
|
|t:|1776031858
|switch|p2a: Hatterene|Hatterene, F, shiny|100/100|[from] U-turn
|-damage|p2a: Hatterene|88/100|[from] Stealth Rock
|move|p1a: Chesnaught|Synthesis|p1a: Chesnaught
|-heal|p1a: Chesnaught|86/100
|
|-heal|p2a: Hatterene|94/100|[from] item: Leftovers
|upkeep
|turn|34
|j| hdhdjdjjfds
|
|t:|1776031878
|switch|p1a: Rotom|Rotom-Heat|52/100
|move|p2a: Hatterene|Psychic Noise|p1a: Rotom
|-damage|p1a: Rotom|27/100
|-start|p1a: Rotom|move: Heal Block
|
|-heal|p2a: Hatterene|99/100|[from] item: Leftovers
|upkeep
|turn|35
|
|t:|1776031893
|switch|p2a: Tyranitar|Tyranitar, F, shiny|40/100
|-damage|p2a: Tyranitar|28/100|[from] Stealth Rock
|-weather|Sandstorm|[from] ability: Sand Stream|[of] p2a: Tyranitar
|move|p1a: Rotom|Pain Split|p2a: Tyranitar
|-sethp|p2a: Tyranitar|26/100|[from] move: Pain Split|[silent]
|-sethp|p1a: Rotom|29/100|[from] move: Pain Split
|
|-weather|Sandstorm|[upkeep]
|-damage|p1a: Rotom|23/100|[from] Sandstorm
|-end|p1a: Rotom|move: Heal Block
|upkeep
|turn|36
|
|t:|1776031911
|move|p2a: Tyranitar|Knock Off|p1a: Rotom
|-damage|p1a: Rotom|0 fnt
|-enditem|p1a: Rotom|Heavy-Duty Boots|[from] move: Knock Off|[of] p2a: Tyranitar
|faint|p1a: Rotom
|
|-weather|Sandstorm|[upkeep]
|upkeep
|-message|sv gurt forfeited.
|
|win|a jellyfish
|raw|sv gurt's rating: 1887 &rarr; <strong>1862</strong><br />(-25 for losing)
|raw|a jellyfish's rating: 1796 &rarr; <strong>1821</strong><br />(+25 for winning)
|l|☆sv gurt
|player|p1|
|l|☆a jellyfish
|player|p2|
|l| hdhdjdjjfds
|l| kindnessalwayswins
|l| volbeatluvr
