|html|<div class="broadcast-blue"><strong>[Gen 9] OU is currently suspecting Tera Blast! For information on how to participate check out the <a href="https://www.smogon.com/tools/suspects/view/200">suspect thread</a>.</strong></div>
|j|☆Donnie585
|j|☆fuckdhelmis000
|t:|1776278036
|gametype|singles
|player|p1|Donnie585|101|1174
|player|p2|fuckdhelmis000|dawn|1204
|gen|9
|tier|[Gen 9] OU
|rated|
|rule|HP Percentage Mod: HP is shown in percentages
|rule|Endless Battle Clause: Forcing endless battles is banned
|rule|Species Clause: Limit one of each Pokémon
|rule|OHKO Clause: OHKO moves are banned
|rule|Evasion Items Clause: Evasion items are banned
|rule|Evasion Moves Clause: Evasion moves are banned
|rule|Evasion Abilities Clause: Evasion abilities are banned
|rule|Sleep Moves Clause: Sleep-inducing moves are banned
|clearpoke
|poke|p1|Clodsire, M|
|poke|p1|Reuniclus, M|
|poke|p1|Indeedee, M|
|poke|p1|Dondozo, M|
|poke|p1|Corviknight, M|
|poke|p1|Haxorus, F|
|poke|p2|Ceruledge, M|
|poke|p2|Indeedee, M|
|poke|p2|Hatterene, F|
|poke|p2|Great Tusk|
|poke|p2|Dragonite, F|
|poke|p2|Deoxys-Speed|
|teampreview
|inactive|Battle timer is ON: inactive players will automatically lose when time's up. (requested by fuckdhelmis000)
|
|t:|1776278046
|teamsize|p1|6
|teamsize|p2|6
|start
|switch|p1a: Clodsire|Clodsire, M|100/100
|switch|p2a: Indeedee|Indeedee, M|100/100
|-fieldstart|move: Psychic Terrain|[from] ability: Psychic Surge|[of] p2a: Indeedee
|turn|1
|
|t:|1776278063
|switch|p2a: Hatterene|Hatterene, F|100/100
|move|p1a: Clodsire|Stealth Rock|p2a: Hatterene
|move|p2a: Hatterene|Stealth Rock|p1a: Clodsire|[from] ability: Magic Bounce
|-sidestart|p1: Donnie585|move: Stealth Rock
|
|upkeep
|turn|2
|
|t:|1776278081
|move|p2a: Hatterene|Psychic Noise|p1a: Clodsire
|-supereffective|p1a: Clodsire
|-damage|p1a: Clodsire|50/100
|-start|p1a: Clodsire|move: Heal Block
|move|p1a: Clodsire|Earthquake|p2a: Hatterene
|-damage|p2a: Hatterene|80/100
|-enditem|p2a: Hatterene|Eject Button
|
|t:|1776278085
|switch|p2a: Deoxys|Deoxys-Speed|100/100
|-ability|p2a: Deoxys|Pressure
|
|upkeep
|turn|3
|
|t:|1776278093
|move|p2a: Deoxys|Nasty Plot|p2a: Deoxys
|-boost|p2a: Deoxys|spa|2
|move|p1a: Clodsire|Toxic|p2a: Deoxys
|-status|p2a: Deoxys|tox
|
|-damage|p2a: Deoxys|94/100 tox|[from] psn
|-end|p1a: Clodsire|move: Heal Block
|upkeep
|turn|4
|
|t:|1776278105
|move|p2a: Deoxys|Expanding Force|p1a: Clodsire
|-supereffective|p1a: Clodsire
|-damage|p1a: Clodsire|0 fnt
|faint|p1a: Clodsire
|-damage|p2a: Deoxys|84/100 tox|[from] item: Life Orb
|
|-damage|p2a: Deoxys|72/100 tox|[from] psn
|upkeep
|
|t:|1776278120
|switch|p1a: Corviknight|Corviknight, M, shiny|100/100
|-damage|p1a: Corviknight|88/100|[from] Stealth Rock
|-ability|p1a: Corviknight|Pressure
|turn|5
|
|t:|1776278126
|move|p2a: Deoxys|Thunderbolt|p1a: Corviknight
|-supereffective|p1a: Corviknight
|-damage|p1a: Corviknight|0 fnt
|faint|p1a: Corviknight
|-damage|p2a: Deoxys|62/100 tox|[from] item: Life Orb
|
|-damage|p2a: Deoxys|43/100 tox|[from] psn
|upkeep
|inactive|Donnie585 has 120 seconds left.
|
|t:|1776278156
|switch|p1a: Haxorus|Haxorus, F, shiny|100/100
|-damage|p1a: Haxorus|88/100|[from] Stealth Rock
|-ability|p1a: Haxorus|Mold Breaker
|turn|6
|
|t:|1776278169
|move|p2a: Deoxys|Expanding Force|p1a: Haxorus
|-damage|p1a: Haxorus|0 fnt
|faint|p1a: Haxorus
|-damage|p2a: Deoxys|33/100 tox|[from] item: Life Orb
|
|-damage|p2a: Deoxys|8/100 tox|[from] psn
|upkeep
|inactive|Donnie585 has 120 seconds left.
|
|t:|1776278182
|switch|p1a: Reuniclus|Reuniclus, M, shiny|100/100
|turn|7
|
|t:|1776278190
|switch|p2a: Hatterene|Hatterene, F|80/100
|move|p1a: Reuniclus|Calm Mind|p1a: Reuniclus
|-boost|p1a: Reuniclus|spa|1
|-boost|p1a: Reuniclus|spd|1
|
|upkeep
|turn|8
|inactive|Donnie585 has 120 seconds left.
|
|t:|1776278210
|move|p1a: Reuniclus|Shadow Ball|p2a: Hatterene
|-supereffective|p2a: Hatterene
|-damage|p2a: Hatterene|0 fnt
|faint|p2a: Hatterene
|
|-fieldend|move: Psychic Terrain
|upkeep
|
|t:|1776278221
|switch|p2a: Ceruledge|Ceruledge, M|100/100
|turn|9
|
|t:|1776278229
|move|p2a: Ceruledge|Poltergeist|p1a: Reuniclus
|-activate|p1a: Reuniclus|move: Poltergeist|Life Orb
|-supereffective|p1a: Reuniclus
|-damage|p1a: Reuniclus|27/100
|move|p1a: Reuniclus|Expanding Force|p2a: Ceruledge
|-damage|p2a: Ceruledge|20/100
|
|upkeep
|turn|10
|inactive|Donnie585 has 120 seconds left.
|
|t:|1776278249
|switch|p1a: Dondozo|Dondozo, M|100/100
|-damage|p1a: Dondozo|88/100|[from] Stealth Rock
|move|p2a: Ceruledge|Bitter Blade|p1a: Dondozo
|-resisted|p1a: Dondozo
|-damage|p1a: Dondozo|78/100
|-heal|p2a: Ceruledge|28/100|[from] drain|[of] p1a: Dondozo
|-damage|p2a: Ceruledge|12/100|[from] item: Rocky Helmet|[of] p1a: Dondozo
|
|upkeep
|turn|11
|inactive|Donnie585 has 120 seconds left.
|
|t:|1776278260
|switch|p2a: Indeedee|Indeedee, M|100/100
|-fieldstart|move: Psychic Terrain|[from] ability: Psychic Surge|[of] p2a: Indeedee
|move|p1a: Dondozo|Wave Crash|p2a: Indeedee
|-damage|p2a: Indeedee|12/100
|-damage|p1a: Dondozo|63/100|[from] Recoil
|
|upkeep
|turn|12
|inactive|Donnie585 has 120 seconds left.
|
|t:|1776278278
|move|p2a: Indeedee|Expanding Force|p1a: Dondozo
|-damage|p1a: Dondozo|0 fnt
|faint|p1a: Dondozo
|
|upkeep
|
|t:|1776278283
|switch|p1a: Indeedee|Indeedee, M|100/100
|-damage|p1a: Indeedee|88/100|[from] Stealth Rock
|turn|13
|inactive|Donnie585 has 120 seconds left.
|
|t:|1776278299
|move|p2a: Indeedee|Healing Wish|p2a: Indeedee
|faint|p2a: Indeedee
|move|p1a: Indeedee|Expanding Force|p2: Indeedee|[notarget]
|-fail|p1a: Indeedee
|
|upkeep
|
|t:|1776278301
|switch|p2a: Ceruledge|Ceruledge, M|12/100
|-heal|p2a: Ceruledge|100/100|[from] move: Healing Wish
|turn|14
|
|t:|1776278311
|move|p1a: Indeedee|Expanding Force|p2a: Ceruledge
|-damage|p2a: Ceruledge|14/100
|move|p2a: Ceruledge|Bitter Blade|p1a: Indeedee
|-damage|p1a: Indeedee|0 fnt
|-heal|p2a: Ceruledge|53/100|[from] drain|[of] p1a: Indeedee
|faint|p1a: Indeedee
|
|upkeep
|
|t:|1776278318
|switch|p1a: Reuniclus|Reuniclus, M, shiny|27/100
|turn|15
|
|t:|1776278325
|-terastallize|p1a: Reuniclus|Fairy
|move|p2a: Ceruledge|Bitter Blade|p1a: Reuniclus
|-damage|p1a: Reuniclus|0 fnt
|-heal|p2a: Ceruledge|72/100|[from] drain|[of] p1a: Reuniclus
|faint|p1a: Reuniclus
|
|win|fuckdhelmis000
|raw|Donnie585's rating: 1174 &rarr; <strong>1149</strong><br />(-25 for losing)
|raw|fuckdhelmis000's rating: 1180 &rarr; <strong>1205</strong><br />(+25 for winning)
|l|☆Donnie585
|player|p1|
