|html|<div class="broadcast-blue"><strong>[Gen 9] OU is currently suspecting Tera Blast! For information on how to participate check out the <a href="https://www.smogon.com/tools/suspects/view/200">suspect thread</a>.</strong></div>
|j|☆cyndaquilhat
|j|☆bigdannymason
|t:|1776138805
|gametype|singles
|player|p1|cyndaquilhat|backpackerf|1365
|player|p2|bigdannymason|265|1480
|gen|9
|tier|[Gen 9] OU
|rated|
|rule|HP Percentage Mod: HP is shown in percentages
|rule|Endless Battle Clause: Forcing endless battles is banned
|rule|Species Clause: Limit one of each Pokémon
|rule|OHKO Clause: OHKO moves are banned
|rule|Evasion Items Clause: Evasion items are banned
|rule|Evasion Moves Clause: Evasion moves are banned
|rule|Evasion Abilities Clause: Evasion abilities are banned
|rule|Sleep Moves Clause: Sleep-inducing moves are banned
|clearpoke
|poke|p1|Gloom, F|
|poke|p1|Torkoal, F|
|poke|p1|Great Tusk|
|poke|p1|Alomomola, F|
|poke|p1|Ceruledge, M|
|poke|p1|Zamazenta-*|
|poke|p2|Enamorus, F|
|poke|p2|Kyurem|
|poke|p2|Landorus-Therian, M|
|poke|p2|Kingambit, F|
|poke|p2|Ogerpon-Wellspring, F|
|poke|p2|Glimmora, F|
|teampreview
|inactive|Battle timer is ON: inactive players will automatically lose when time's up. (requested by cyndaquilhat)
|
|t:|1776138816
|teamsize|p1|6
|teamsize|p2|6
|start
|switch|p1a: Torkoal|Torkoal, F|100/100
|switch|p2a: Glimmora|Glimmora, F|100/100
|-weather|SunnyDay|[from] ability: Drought|[of] p1a: Torkoal
|turn|1
|
|t:|1776138828
|switch|p1a: Gloom|Gloom, F|100/100
|move|p2a: Glimmora|Earth Power|p1a: Gloom
|-damage|p1a: Gloom|79/100
|
|-weather|SunnyDay|[upkeep]
|upkeep
|turn|2
|
|t:|1776138842
|switch|p2a: Kyurem|Kyurem|100/100
|-ability|p2a: Kyurem|Pressure
|move|p1a: Gloom|Leech Seed|p2a: Kyurem|[miss]
|-miss|p1a: Gloom|p2a: Kyurem
|
|-weather|SunnyDay|[upkeep]
|upkeep
|turn|3
|
|t:|1776138855
|move|p2a: Kyurem|Draco Meteor|p1a: Gloom
|-damage|p1a: Gloom|8/100
|-unboost|p2a: Kyurem|spa|2
|move|p1a: Gloom|Toxic|p2a: Kyurem
|-status|p2a: Kyurem|tox
|
|-weather|SunnyDay|[upkeep]
|-damage|p2a: Kyurem|94/100 tox|[from] psn
|upkeep
|turn|4
|
|t:|1776138865
|switch|p2a: Ogerpon|Ogerpon-Wellspring, F|100/100
|switch|p1a: Torkoal|Torkoal, F|100/100
|
|-weather|SunnyDay|[upkeep]
|upkeep
|turn|5
|
|t:|1776138875
|move|p2a: Ogerpon|U-turn|p1a: Torkoal
|-resisted|p1a: Torkoal
|-damage|p1a: Torkoal|89/100
|
|t:|1776138878
|switch|p2a: Kyurem|Kyurem|94/100 tox|[from] U-turn
|-ability|p2a: Kyurem|Pressure
|move|p1a: Torkoal|Will-O-Wisp||[still]
|-fail|p1a: Torkoal
|
|-weather|none
|-damage|p2a: Kyurem|88/100 tox|[from] psn
|upkeep
|turn|6
|
|t:|1776138892
|move|p2a: Kyurem|Draco Meteor|p1a: Torkoal
|-damage|p1a: Torkoal|17/100
|-unboost|p2a: Kyurem|spa|2
|move|p1a: Torkoal|Stealth Rock|p2a: Kyurem
|-sidestart|p2: bigdannymason|move: Stealth Rock
|
|-damage|p2a: Kyurem|76/100 tox|[from] psn
|upkeep
|turn|7
|
|t:|1776138903
|switch|p2a: Glimmora|Glimmora, F|100/100
|-damage|p2a: Glimmora|88/100|[from] Stealth Rock
|switch|p1a: Alomomola|Alomomola, F|100/100
|
|upkeep
|turn|8
|
|t:|1776138910
|move|p2a: Glimmora|Mortal Spin|p1a: Alomomola
|-crit|p1a: Alomomola
|-damage|p1a: Alomomola|95/100
|-status|p1a: Alomomola|psn
|-damage|p2a: Glimmora|71/100|[from] item: Rocky Helmet|[of] p1a: Alomomola
|-sideend|p2: bigdannymason|Stealth Rock|[from] move: Mortal Spin|[of] p2a: Glimmora
|move|p1a: Alomomola|Wish|p1a: Alomomola
|
|-damage|p1a: Alomomola|83/100 psn|[from] psn
|upkeep
|turn|9
|
|t:|1776138928
|switch|p2a: Ogerpon|Ogerpon-Wellspring, F|100/100
|move|p1a: Alomomola|Flip Turn|p2a: Ogerpon
|-immune|p2a: Ogerpon|[from] ability: Water Absorb
|
|-heal|p1a: Alomomola|100/100 psn|[from] move: Wish|[wisher] Alomomola
|-damage|p1a: Alomomola|88/100 psn|[from] psn
|upkeep
|turn|10
|
|t:|1776138941
|switch|p1a: Torkoal|Torkoal, F|17/100
|-weather|SunnyDay|[from] ability: Drought|[of] p1a: Torkoal
|move|p2a: Ogerpon|Taunt|p1a: Torkoal
|-start|p1a: Torkoal|move: Taunt
|
|-weather|SunnyDay|[upkeep]
|upkeep
|turn|11
|
|t:|1776138949
|move|p2a: Ogerpon|Knock Off|p1a: Torkoal
|-damage|p1a: Torkoal|0 fnt
|-enditem|p1a: Torkoal|Heavy-Duty Boots|[from] move: Knock Off|[of] p2a: Ogerpon
|faint|p1a: Torkoal
|
|-weather|SunnyDay|[upkeep]
|upkeep
|
|t:|1776138950
|switch|p1a: Gloom|Gloom, F|8/100
|turn|12
|
|t:|1776138958
|move|p1a: Gloom|Strength Sap|p2a: Ogerpon
|-unboost|p2a: Ogerpon|atk|1
|-heal|p1a: Gloom|100/100
|move|p2a: Ogerpon|U-turn|p1a: Gloom
|-damage|p1a: Gloom|83/100
|
|t:|1776138978
|switch|p2a: Glimmora|Glimmora, F|71/100|[from] U-turn
|
|-weather|SunnyDay|[upkeep]
|upkeep
|turn|13
|
|t:|1776138983
|move|p1a: Gloom|Leech Seed|p2a: Glimmora
|-start|p2a: Glimmora|move: Leech Seed
|move|p2a: Glimmora|Spikes|p1a: Gloom
|-sidestart|p1: cyndaquilhat|Spikes
|
|-weather|SunnyDay|[upkeep]
|-damage|p2a: Glimmora|59/100|[from] Leech Seed|[of] p1a: Gloom
|-heal|p1a: Gloom|97/100|[silent]
|upkeep
|turn|14
|
|t:|1776138990
|switch|p2a: Enamorus|Enamorus, F|100/100
|move|p1a: Gloom|Substitute|p1a: Gloom
|-start|p1a: Gloom|Substitute
|-damage|p1a: Gloom|72/100
|
|-weather|none
|upkeep
|turn|15
|
|t:|1776139014
|switch|p2a: Ogerpon|Ogerpon-Wellspring, F|100/100
|move|p1a: Gloom|Toxic|p2a: Ogerpon
|-status|p2a: Ogerpon|tox
|
|-damage|p2a: Ogerpon|95/100 tox|[from] psn
|upkeep
|turn|16
|
|t:|1776139023
|switch|p1a: Great Tusk|Great Tusk|100/100
|-damage|p1a: Great Tusk|88/100|[from] Spikes
|move|p2a: Ogerpon|Taunt|p1a: Great Tusk
|-start|p1a: Great Tusk|move: Taunt
|
|-damage|p2a: Ogerpon|83/100 tox|[from] psn
|upkeep
|turn|17
|
|t:|1776139031
|move|p1a: Great Tusk|Close Combat|p2a: Ogerpon
|-damage|p2a: Ogerpon|6/100 tox
|-unboost|p1a: Great Tusk|def|1
|-unboost|p1a: Great Tusk|spd|1
|move|p2a: Ogerpon|Ivy Cudgel|p1a: Great Tusk|[anim] Ivy Cudgel Water
|-supereffective|p1a: Great Tusk
|-damage|p1a: Great Tusk|0 fnt
|faint|p1a: Great Tusk
|-end|p1a: Great Tusk|Protosynthesis|[silent]
|
|-damage|p2a: Ogerpon|0 fnt|[from] psn
|faint|p2a: Ogerpon
|upkeep
|
|t:|1776139046
|switch|p2a: Landorus|Landorus-Therian, M|100/100
|switch|p1a: Ceruledge|Ceruledge, M|100/100
|-ability|p2a: Landorus|Intimidate|boost
|-unboost|p1a: Ceruledge|atk|1
|-damage|p1a: Ceruledge|88/100|[from] Spikes
|turn|18
|
|t:|1776139052
|move|p1a: Ceruledge|Endure|p1a: Ceruledge
|-singleturn|p1a: Ceruledge|move: Endure
|move|p2a: Landorus|Earthquake|p1a: Ceruledge
|-supereffective|p1a: Ceruledge
|-activate|p1a: Ceruledge|move: Endure
|-damage|p1a: Ceruledge|1/100
|-ability|p1a: Ceruledge|Weak Armor|boost
|-unboost|p1a: Ceruledge|def|1
|-boost|p1a: Ceruledge|spe|2
|-enditem|p1a: Ceruledge|Weakness Policy
|-boost|p1a: Ceruledge|atk|2|[from] item: Weakness Policy
|-boost|p1a: Ceruledge|spa|2|[from] item: Weakness Policy
|
|upkeep
|turn|19
|
|t:|1776139066
|move|p1a: Ceruledge|Poltergeist|p2a: Landorus
|-activate|p2a: Landorus|move: Poltergeist|Rocky Helmet
|-damage|p2a: Landorus|23/100
|move|p2a: Landorus|Stealth Rock|p1a: Ceruledge
|-sidestart|p1: cyndaquilhat|move: Stealth Rock
|
|upkeep
|turn|20
|
|t:|1776139085
|switch|p2a: Glimmora|Glimmora, F|59/100
|move|p1a: Ceruledge|Poltergeist|p2a: Glimmora|[miss]
|-miss|p1a: Ceruledge|p2a: Glimmora
|
|upkeep
|turn|21
|
|t:|1776139091
|move|p1a: Ceruledge|Close Combat|p2a: Glimmora
|-crit|p2a: Glimmora
|-damage|p2a: Glimmora|0 fnt
|-unboost|p1a: Ceruledge|def|1
|-unboost|p1a: Ceruledge|spd|1
|-activate|p2a: Glimmora|ability: Toxic Debris
|-sidestart|p1: cyndaquilhat|move: Toxic Spikes
|faint|p2a: Glimmora
|
|upkeep
|
|t:|1776139100
|switch|p2a: Kingambit|Kingambit, F|100/100
|-activate|p2a: Kingambit|ability: Supreme Overlord
|-start|p2a: Kingambit|fallen2|[silent]
|-item|p2a: Kingambit|Air Balloon
|turn|22
|
|t:|1776139107
|move|p1a: Ceruledge|Bitter Blade|p2a: Kingambit
|-supereffective|p2a: Kingambit
|-damage|p2a: Kingambit|0 fnt
|-heal|p1a: Ceruledge|56/100|[from] drain|[of] p2a: Kingambit
|-enditem|p2a: Kingambit|Air Balloon
|faint|p2a: Kingambit
|-end|p2a: Kingambit|fallen2|[silent]
|
|upkeep
|-message|bigdannymason forfeited.
|
|win|cyndaquilhat
|raw|cyndaquilhat's rating: 1365 &rarr; <strong>1391</strong><br />(+26 for winning)
|raw|bigdannymason's rating: 1480 &rarr; <strong>1454</strong><br />(-26 for losing)
|l|☆bigdannymason
|player|p2|
