|html|<div class="broadcast-blue"><strong>[Gen 9] OU is currently suspecting Tera Blast! For information on how to participate check out the <a href="https://www.smogon.com/tools/suspects/view/200">suspect thread</a>.</strong></div>
|j|☆Chaincrush
|j|☆nico2121
|t:|1776116982
|gametype|singles
|player|p1|Chaincrush|2|1421
|player|p2|nico2121|2|1423
|gen|9
|tier|[Gen 9] OU
|rated|
|rule|HP Percentage Mod: HP is shown in percentages
|rule|Endless Battle Clause: Forcing endless battles is banned
|rule|Species Clause: Limit one of each Pokémon
|rule|OHKO Clause: OHKO moves are banned
|rule|Evasion Items Clause: Evasion items are banned
|rule|Evasion Moves Clause: Evasion moves are banned
|rule|Evasion Abilities Clause: Evasion abilities are banned
|rule|Sleep Moves Clause: Sleep-inducing moves are banned
|clearpoke
|poke|p1|Rillaboom, F|
|poke|p1|Hawlucha, F|
|poke|p1|Virizion|
|poke|p1|Slowking-Galar, F|
|poke|p1|Kyurem|
|poke|p1|Hoopa-Unbound|
|poke|p2|Corviknight, F|
|poke|p2|Dondozo, F|
|poke|p2|Dragapult, M|
|poke|p2|Gholdengo|
|poke|p2|Ting-Lu|
|poke|p2|Tinkaton, F|
|teampreview
|inactive|Battle timer is ON: inactive players will automatically lose when time's up. (requested by nico2121)
|
|t:|1776116989
|teamsize|p1|6
|teamsize|p2|6
|start
|switch|p1a: Rillaboom|Rillaboom, F|100/100
|switch|p2a: Tinkaton|Tinkaton, F|100/100
|-ability|p2a: Tinkaton|Mold Breaker
|-fieldstart|move: Grassy Terrain|[from] ability: Grassy Surge|[of] p1a: Rillaboom
|turn|1
|
|t:|1776117003
|switch|p2a: Corviknight|Corviknight, F|100/100
|-ability|p2a: Corviknight|Pressure
|switch|p1a: Slowking|Slowking-Galar, F|100/100
|
|upkeep
|turn|2
|
|t:|1776117014
|move|p2a: Corviknight|U-turn|p1a: Slowking
|-damage|p1a: Slowking|84/100
|
|t:|1776117018
|switch|p2a: Tinkaton|Tinkaton, F|100/100|[from] U-turn
|-ability|p2a: Tinkaton|Mold Breaker
|-prepare|p1a: Slowking|Chilly Reception|[premajor]
|move|p1a: Slowking|Chilly Reception|p1a: Slowking
|-weather|Snowscape
|
|t:|1776117031
|switch|p1a: Kyurem|Kyurem|100/100|[from] Chilly Reception
|-ability|p1a: Kyurem|Pressure
|
|-weather|Snowscape|[upkeep]
|upkeep
|turn|3
|
|t:|1776117037
|move|p1a: Kyurem|Earth Power|p2a: Tinkaton
|-supereffective|p2a: Tinkaton
|-damage|p2a: Tinkaton|20/100
|move|p2a: Tinkaton|Knock Off|p1a: Kyurem
|-damage|p1a: Kyurem|89/100
|-enditem|p1a: Kyurem|Choice Specs|[from] move: Knock Off|[of] p2a: Tinkaton
|
|-weather|Snowscape|[upkeep]
|-heal|p1a: Kyurem|95/100|[from] Grassy Terrain
|-heal|p2a: Tinkaton|26/100|[from] Grassy Terrain
|-heal|p2a: Tinkaton|32/100|[from] item: Leftovers
|upkeep
|turn|4
|
|t:|1776117058
|switch|p2a: Ting-Lu|Ting-Lu|100/100
|-ability|p2a: Ting-Lu|Vessel of Ruin
|move|p1a: Kyurem|Earth Power|p2a: Ting-Lu
|-damage|p2a: Ting-Lu|87/100
|
|-weather|Snowscape|[upkeep]
|-heal|p1a: Kyurem|100/100|[from] Grassy Terrain
|-heal|p2a: Ting-Lu|94/100|[from] Grassy Terrain
|-heal|p2a: Ting-Lu|99/100|[from] item: Leftovers
|upkeep
|turn|5
|
|t:|1776117070
|move|p1a: Kyurem|Blizzard|p2a: Ting-Lu
|-supereffective|p2a: Ting-Lu
|-damage|p2a: Ting-Lu|53/100
|move|p2a: Ting-Lu|Whirlwind|p1a: Kyurem
|drag|p1a: Hawlucha|Hawlucha, F|100/100
|-enditem|p1a: Hawlucha|Grassy Seed
|-boost|p1a: Hawlucha|def|1|[from] item: Grassy Seed
|
|-weather|Snowscape|[upkeep]
|-heal|p2a: Ting-Lu|59/100|[from] Grassy Terrain
|-heal|p2a: Ting-Lu|66/100|[from] item: Leftovers
|-fieldend|move: Grassy Terrain
|upkeep
|turn|6
|
|t:|1776117081
|switch|p2a: Corviknight|Corviknight, F|100/100
|-ability|p2a: Corviknight|Pressure
|move|p1a: Hawlucha|Close Combat|p2a: Corviknight
|-damage|p2a: Corviknight|67/100
|-unboost|p1a: Hawlucha|def|1
|-unboost|p1a: Hawlucha|spd|1
|-damage|p1a: Hawlucha|84/100|[from] item: Rocky Helmet|[of] p2a: Corviknight
|
|-weather|none
|upkeep
|turn|7
|
|t:|1776117092
|switch|p1a: Slowking|Slowking-Galar, F|100/100
|move|p2a: Corviknight|Roost|p2a: Corviknight
|-heal|p2a: Corviknight|100/100
|-singleturn|p2a: Corviknight|move: Roost
|
|upkeep
|turn|8
|
|t:|1776117097
|switch|p2a: Ting-Lu|Ting-Lu|66/100
|-ability|p2a: Ting-Lu|Vessel of Ruin
|-prepare|p1a: Slowking|Chilly Reception|[premajor]
|move|p1a: Slowking|Chilly Reception|p1a: Slowking
|-weather|Snowscape
|
|t:|1776117104
|switch|p1a: Rillaboom|Rillaboom, F|100/100|[from] Chilly Reception
|-fieldstart|move: Grassy Terrain|[from] ability: Grassy Surge|[of] p1a: Rillaboom
|
|-weather|Snowscape|[upkeep]
|-heal|p2a: Ting-Lu|72/100|[from] Grassy Terrain
|-heal|p2a: Ting-Lu|78/100|[from] item: Leftovers
|upkeep
|turn|9
|
|t:|1776117118
|switch|p2a: Corviknight|Corviknight, F|100/100
|-ability|p2a: Corviknight|Pressure
|move|p1a: Rillaboom|Wood Hammer|p2a: Corviknight
|-resisted|p2a: Corviknight
|-damage|p2a: Corviknight|83/100
|-damage|p1a: Rillaboom|84/100|[from] item: Rocky Helmet|[of] p2a: Corviknight
|-damage|p1a: Rillaboom|78/100|[from] Recoil
|
|-weather|Snowscape|[upkeep]
|-heal|p1a: Rillaboom|84/100|[from] Grassy Terrain
|upkeep
|turn|10
|
|t:|1776117129
|switch|p1a: Kyurem|Kyurem|100/100
|-ability|p1a: Kyurem|Pressure
|move|p2a: Corviknight|U-turn|p1a: Kyurem
|-damage|p1a: Kyurem|91/100
|
|t:|1776117144
|switch|p2a: Dragapult|Dragapult, M|100/100|[from] U-turn
|
|-weather|Snowscape|[upkeep]
|-heal|p1a: Kyurem|97/100|[from] Grassy Terrain
|upkeep
|turn|11
|
|t:|1776117160
|switch|p2a: Tinkaton|Tinkaton, F|32/100
|-ability|p2a: Tinkaton|Mold Breaker
|switch|p1a: Slowking|Slowking-Galar, F|100/100
|
|-weather|Snowscape|[upkeep]
|-heal|p2a: Tinkaton|38/100|[from] Grassy Terrain
|-heal|p2a: Tinkaton|44/100|[from] item: Leftovers
|upkeep
|turn|12
|
|t:|1776117170
|move|p2a: Tinkaton|Knock Off|p1a: Slowking
|-supereffective|p1a: Slowking
|-damage|p1a: Slowking|65/100
|-enditem|p1a: Slowking|Heavy-Duty Boots|[from] move: Knock Off|[of] p2a: Tinkaton
|-prepare|p1a: Slowking|Chilly Reception|[premajor]
|move|p1a: Slowking|Chilly Reception|p1a: Slowking
|
|t:|1776117181
|switch|p1a: Kyurem|Kyurem|97/100|[from] Chilly Reception
|-ability|p1a: Kyurem|Pressure
|
|-weather|none
|-heal|p1a: Kyurem|100/100|[from] Grassy Terrain
|-heal|p2a: Tinkaton|50/100|[from] Grassy Terrain
|-heal|p2a: Tinkaton|57/100|[from] item: Leftovers
|-fieldend|move: Grassy Terrain
|upkeep
|turn|13
|
|t:|1776117199
|switch|p2a: Ting-Lu|Ting-Lu|78/100
|-ability|p2a: Ting-Lu|Vessel of Ruin
|move|p1a: Kyurem|Earth Power|p2a: Ting-Lu
|-damage|p2a: Ting-Lu|64/100
|
|-heal|p2a: Ting-Lu|71/100|[from] item: Leftovers
|upkeep
|turn|14
|
|t:|1776117213
|move|p1a: Kyurem|Blizzard|p2a: Ting-Lu
|-supereffective|p2a: Ting-Lu
|-crit|p2a: Ting-Lu
|-damage|p2a: Ting-Lu|2/100
|move|p2a: Ting-Lu|Whirlwind|p1a: Kyurem
|drag|p1a: Virizion|Virizion|100/100
|
|-heal|p2a: Ting-Lu|9/100|[from] item: Leftovers
|upkeep
|turn|15
|
|t:|1776117224
|switch|p2a: Corviknight|Corviknight, F|83/100
|-ability|p2a: Corviknight|Pressure
|move|p1a: Virizion|Sacred Sword|p2a: Corviknight
|-damage|p2a: Corviknight|57/100
|-damage|p1a: Virizion|84/100|[from] item: Rocky Helmet|[of] p2a: Corviknight
|
|upkeep
|turn|16
|
|t:|1776117233
|move|p1a: Virizion|Swords Dance|p1a: Virizion
|-boost|p1a: Virizion|atk|2
|move|p2a: Corviknight|Roost|p2a: Corviknight
|-heal|p2a: Corviknight|100/100
|-singleturn|p2a: Corviknight|move: Roost
|
|upkeep
|turn|17
|
|t:|1776117244
|switch|p1a: Slowking|Slowking-Galar, F|99/100
|move|p2a: Corviknight|Brave Bird|p1a: Slowking
|-damage|p1a: Slowking|60/100
|-damage|p2a: Corviknight|88/100|[from] Recoil
|
|upkeep
|turn|18
|
|t:|1776117252
|move|p2a: Corviknight|Brave Bird|p1a: Slowking
|-damage|p1a: Slowking|19/100
|-damage|p2a: Corviknight|74/100|[from] Recoil
|-prepare|p1a: Slowking|Chilly Reception|[premajor]
|move|p1a: Slowking|Chilly Reception|p1a: Slowking
|-weather|Snowscape
|
|t:|1776117259
|switch|p1a: Kyurem|Kyurem|100/100|[from] Chilly Reception
|-ability|p1a: Kyurem|Pressure
|
|-weather|Snowscape|[upkeep]
|upkeep
|turn|19
|
|t:|1776117268
|switch|p2a: Ting-Lu|Ting-Lu|9/100
|-ability|p2a: Ting-Lu|Vessel of Ruin
|move|p1a: Kyurem|Blizzard|p2a: Ting-Lu
|-supereffective|p2a: Ting-Lu
|-damage|p2a: Ting-Lu|0 fnt
|faint|p2a: Ting-Lu
|
|-weather|Snowscape|[upkeep]
|upkeep
|
|t:|1776117274
|switch|p2a: Dragapult|Dragapult, M|100/100
|turn|20
|
|t:|1776117291
|-terastallize|p1a: Kyurem|Ice
|move|p2a: Dragapult|Dragon Darts|p1a: Kyurem
|-damage|p1a: Kyurem|80/100
|-anim|p2a: Dragapult|Dragon Darts|p1a: Kyurem
|-damage|p1a: Kyurem|58/100
|-damage|p2a: Dragapult|91/100|[from] item: Life Orb
|move|p1a: Kyurem|Blizzard|p2a: Dragapult
|-supereffective|p2a: Dragapult
|-damage|p2a: Dragapult|0 fnt
|faint|p2a: Dragapult
|
|-weather|Snowscape|[upkeep]
|upkeep
|
|t:|1776117300
|switch|p2a: Tinkaton|Tinkaton, F|57/100
|-ability|p2a: Tinkaton|Mold Breaker
|turn|21
|
|t:|1776117309
|switch|p2a: Corviknight|Corviknight, F|74/100
|-ability|p2a: Corviknight|Pressure
|move|p1a: Kyurem|Earth Power|p2a: Corviknight
|-immune|p2a: Corviknight
|
|-weather|Snowscape|[upkeep]
|upkeep
|turn|22
|
|t:|1776117319
|switch|p2a: Dondozo|Dondozo, F|100/100
|move|p1a: Kyurem|Blizzard|p2a: Dondozo
|-resisted|p2a: Dondozo
|-damage|p2a: Dondozo|65/100
|
|-weather|none
|-heal|p2a: Dondozo|71/100|[from] item: Leftovers
|upkeep
|turn|23
|
|t:|1776117338
|switch|p2a: Corviknight|Corviknight, F|74/100
|-ability|p2a: Corviknight|Pressure
|move|p1a: Kyurem|Freeze-Dry|p2a: Corviknight
|-damage|p2a: Corviknight|27/100
|
|upkeep
|turn|24
|
|t:|1776117345
|move|p1a: Kyurem|Freeze-Dry|p2a: Corviknight
|-damage|p2a: Corviknight|0 fnt
|faint|p2a: Corviknight
|
|upkeep
|
|t:|1776117351
|switch|p2a: Tinkaton|Tinkaton, F|57/100
|-ability|p2a: Tinkaton|Mold Breaker
|turn|25
|c|☆Chaincrush|The lack of specs is kinda doin it for me here
|
|t:|1776117364
|switch|p1a: Hawlucha|Hawlucha, F|84/100
|move|p2a: Tinkaton|Thunder Wave|p1a: Hawlucha
|-status|p1a: Hawlucha|par
|
|-heal|p2a: Tinkaton|63/100|[from] item: Leftovers
|upkeep
|turn|26
|
|t:|1776117392
|switch|p2a: Gholdengo|Gholdengo|100/100
|switch|p1a: Rillaboom|Rillaboom, F|84/100
|-fieldstart|move: Grassy Terrain|[from] ability: Grassy Surge|[of] p1a: Rillaboom
|
|-heal|p1a: Rillaboom|90/100|[from] Grassy Terrain
|upkeep
|turn|27
|inactive|nico2121 has 120 seconds left.
|-message|nico2121 forfeited.
|
|win|Chaincrush
|raw|Chaincrush's rating: 1421 &rarr; <strong>1441</strong><br />(+20 for winning)
|raw|nico2121's rating: 1423 &rarr; <strong>1403</strong><br />(-20 for losing)
|l|☆nico2121
|player|p2|
|l|☆Chaincrush
|player|p1|
