|html|<div class="broadcast-blue"><strong>[Gen 9] OU is currently suspecting Tera Blast! For information on how to participate check out the <a href="https://www.smogon.com/tools/suspects/view/200">suspect thread</a>.</strong></div>
|j|☆TheRegisAreCool
|j|☆bloogi
|t:|1776046319
|gametype|singles
|player|p1|TheRegisAreCool|fisherman-gen4|1271
|player|p2|bloogi|169|1296
|gen|9
|tier|[Gen 9] OU
|rated|
|rule|HP Percentage Mod: HP is shown in percentages
|rule|Endless Battle Clause: Forcing endless battles is banned
|rule|Species Clause: Limit one of each Pokémon
|rule|OHKO Clause: OHKO moves are banned
|rule|Evasion Items Clause: Evasion items are banned
|rule|Evasion Moves Clause: Evasion moves are banned
|rule|Evasion Abilities Clause: Evasion abilities are banned
|rule|Sleep Moves Clause: Sleep-inducing moves are banned
|clearpoke
|poke|p1|Donphan, F|
|poke|p1|Dragonite, M|
|poke|p1|Iron Valiant|
|poke|p1|Raging Bolt|
|poke|p1|Deoxys-Speed|
|poke|p1|Lokix, F|
|poke|p2|Indeedee, M|
|poke|p2|Deoxys-Speed|
|poke|p2|Ceruledge, F|
|poke|p2|Cinderace, M|
|poke|p2|Iron Treads|
|poke|p2|Alomomola, M|
|teampreview
|
|t:|1776046326
|teamsize|p1|6
|teamsize|p2|6
|start
|switch|p1a: Giraffe cat|Raging Bolt|100/100
|switch|p2a: Indeedee|Indeedee, M|100/100
|-fieldstart|move: Psychic Terrain|[from] ability: Psychic Surge|[of] p2a: Indeedee
|-enditem|p1a: Giraffe cat|Booster Energy
|-activate|p1a: Giraffe cat|ability: Protosynthesis|[fromitem]
|-start|p1a: Giraffe cat|protosynthesisspa
|turn|1
|inactive|Battle timer is ON: inactive players will automatically lose when time's up. (requested by TheRegisAreCool)
|inactive|bloogi also wants the timer to be on.
|
|t:|1776046335
|move|p2a: Indeedee|Expanding Force|p1a: Giraffe cat
|-damage|p1a: Giraffe cat|28/100
|move|p1a: Giraffe cat|Thunderbolt|p2a: Indeedee
|-damage|p2a: Indeedee|1/100
|
|upkeep
|turn|2
|
|t:|1776046344
|switch|p2a: Cinderace|Cinderace, M|100/100
|move|p1a: Giraffe cat|Dragon Pulse|p2a: Cinderace
|-damage|p2a: Cinderace|10/100
|
|upkeep
|turn|3
|
|t:|1776046347
|move|p2a: Cinderace|Pyro Ball|p1a: Giraffe cat
|-resisted|p1a: Giraffe cat
|-damage|p1a: Giraffe cat|2/100
|move|p1a: Giraffe cat|Thunderbolt|p2a: Cinderace
|-damage|p2a: Cinderace|0 fnt
|faint|p2a: Cinderace
|
|upkeep
|
|t:|1776046350
|switch|p2a: Ceruledge|Ceruledge, F|100/100
|turn|4
|
|t:|1776046353
|move|p2a: Ceruledge|Bitter Blade|p1a: Giraffe cat
|-resisted|p1a: Giraffe cat
|-damage|p1a: Giraffe cat|0 fnt
|faint|p1a: Giraffe cat
|-end|p1a: Giraffe cat|Protosynthesis|[silent]
|
|upkeep
|
|t:|1776046359
|switch|p1a: Donphan|Donphan, F|100/100
|turn|5
|
|t:|1776046363
|switch|p2a: Alomomola|Alomomola, M|100/100
|move|p1a: Donphan|Earthquake|p2a: Alomomola
|-damage|p2a: Alomomola|59/100
|
|-fieldend|move: Psychic Terrain
|upkeep
|turn|6
|
|t:|1776046367
|move|p1a: Donphan|Earthquake|p2a: Alomomola
|-damage|p2a: Alomomola|18/100
|move|p2a: Alomomola|Scald|p1a: Donphan
|-supereffective|p1a: Donphan
|-damage|p1a: Donphan|67/100
|
|upkeep
|turn|7
|
|t:|1776046372
|switch|p2a: Deoxys|Deoxys-Speed|100/100
|-ability|p2a: Deoxys|Pressure
|move|p1a: Donphan|Earthquake|p2a: Deoxys
|-damage|p2a: Deoxys|22/100
|
|upkeep
|turn|8
|
|t:|1776046375
|move|p1a: Donphan|Ice Shard|p2a: Deoxys
|-damage|p2a: Deoxys|0 fnt
|faint|p2a: Deoxys
|
|upkeep
|
|t:|1776046378
|switch|p2a: Indeedee|Indeedee, M|1/100
|-fieldstart|move: Psychic Terrain|[from] ability: Psychic Surge|[of] p2a: Indeedee
|turn|9
|
|t:|1776046382
|move|p2a: Indeedee|Dazzling Gleam|p1a: Donphan
|-damage|p1a: Donphan|32/100
|move|p1a: Donphan|Earthquake|p2a: Indeedee
|-damage|p2a: Indeedee|0 fnt
|faint|p2a: Indeedee
|
|upkeep
|
|t:|1776046385
|switch|p2a: Ceruledge|Ceruledge, F|100/100
|turn|10
|
|t:|1776046389
|move|p2a: Ceruledge|Swords Dance|p2a: Ceruledge
|-boost|p2a: Ceruledge|atk|2
|move|p1a: Donphan|Earthquake|p2a: Ceruledge
|-supereffective|p2a: Ceruledge
|-enditem|p2a: Ceruledge|Focus Sash
|-damage|p2a: Ceruledge|1/100
|-ability|p2a: Ceruledge|Weak Armor|boost
|-unboost|p2a: Ceruledge|def|1
|-boost|p2a: Ceruledge|spe|2
|
|upkeep
|turn|11
|
|t:|1776046393
|move|p2a: Ceruledge|Poltergeist|p1a: Donphan
|-activate|p1a: Donphan|move: Poltergeist|Heavy-Duty Boots
|-damage|p1a: Donphan|0 fnt
|faint|p1a: Donphan
|
|upkeep
|
|t:|1776046402
|switch|p1a: Deoxys|Deoxys-Speed|100/100
|-ability|p1a: Deoxys|Pressure
|turn|12
|
|t:|1776046408
|move|p2a: Ceruledge|Bitter Blade|p1a: Deoxys
|-enditem|p1a: Deoxys|Focus Sash
|-damage|p1a: Deoxys|1/100
|-heal|p2a: Ceruledge|42/100|[from] drain|[of] p1a: Deoxys
|move|p1a: Deoxys|Psycho Boost|p2a: Ceruledge
|-damage|p2a: Ceruledge|0 fnt
|-unboost|p1a: Deoxys|spa|2
|faint|p2a: Ceruledge
|
|upkeep
|
|t:|1776046413
|switch|p2a: Alomomola|Alomomola, M|52/100
|turn|13
|
|t:|1776046416
|move|p1a: Deoxys|Thunder|p2a: Alomomola|[miss]
|-miss|p1a: Deoxys|p2a: Alomomola
|move|p2a: Alomomola|Flip Turn|p1a: Deoxys
|-damage|p1a: Deoxys|0 fnt
|faint|p1a: Deoxys
|-message|bloogi forfeited.
|
|win|TheRegisAreCool
|raw|TheRegisAreCool's rating: 1271 &rarr; <strong>1298</strong><br />(+27 for winning)
|raw|bloogi's rating: 1296 &rarr; <strong>1269</strong><br />(-27 for losing)
