|html|<div class="broadcast-blue"><strong>[Gen 9] OU is currently suspecting Tera Blast! For information on how to participate check out the <a href="https://www.smogon.com/tools/suspects/view/200">suspect thread</a>.</strong></div>
|j|☆Blastoise_Choice
|j|☆aislinn4eva247
|t:|1776119345
|gametype|singles
|player|p1|Blastoise_Choice|101|1575
|player|p2|aislinn4eva247|scientist-gen4dp|1528
|gen|9
|tier|[Gen 9] OU
|rated|
|rule|HP Percentage Mod: HP is shown in percentages
|rule|Endless Battle Clause: Forcing endless battles is banned
|rule|Species Clause: Limit one of each Pokémon
|rule|OHKO Clause: OHKO moves are banned
|rule|Evasion Items Clause: Evasion items are banned
|rule|Evasion Moves Clause: Evasion moves are banned
|rule|Evasion Abilities Clause: Evasion abilities are banned
|rule|Sleep Moves Clause: Sleep-inducing moves are banned
|clearpoke
|poke|p1|Hydrapple, M|
|poke|p1|Tyranitar, F|
|poke|p1|Moltres|
|poke|p1|Zamazenta-*|
|poke|p1|Slowking-Galar, F|
|poke|p1|Excadrill, F|
|poke|p2|Rillaboom, F|
|poke|p2|Dragapult, F|
|poke|p2|Samurott-Hisui, F|
|poke|p2|Hoopa-Unbound|
|poke|p2|Darkrai|
|poke|p2|Kingambit, F|
|teampreview
|
|t:|1776119354
|teamsize|p1|6
|teamsize|p2|6
|start
|switch|p1a: Zamazenta|Zamazenta|100/100
|switch|p2a: Hoopa|Hoopa-Unbound|100/100
|-ability|p1a: Zamazenta|Dauntless Shield|boost
|-boost|p1a: Zamazenta|def|1
|turn|1
|c|☆Blastoise_Choice|hf
|inactive|Battle timer is ON: inactive players will automatically lose when time's up. (requested by Blastoise_Choice)
|
|t:|1776119360
|move|p1a: Zamazenta|Crunch|p2a: Hoopa
|-damage|p2a: Hoopa|61/100
|move|p2a: Hoopa|Psychic Noise|p1a: Zamazenta
|-supereffective|p1a: Zamazenta
|-damage|p1a: Zamazenta|21/100
|-start|p1a: Zamazenta|move: Heal Block
|
|upkeep
|turn|2
|
|t:|1776119371
|move|p1a: Zamazenta|Crunch|p2a: Hoopa
|-damage|p2a: Hoopa|19/100
|move|p2a: Hoopa|Psychic Noise|p1a: Zamazenta
|-supereffective|p1a: Zamazenta
|-damage|p1a: Zamazenta|0 fnt
|faint|p1a: Zamazenta
|
|upkeep
|
|t:|1776119377
|switch|p1a: Excadrill|Excadrill, F|100/100
|-item|p1a: Excadrill|Air Balloon
|turn|3
|
|t:|1776119384
|move|p1a: Excadrill|Iron Head|p2a: Hoopa
|-damage|p2a: Hoopa|0 fnt
|faint|p2a: Hoopa
|
|upkeep
|
|t:|1776119387
|switch|p2a: Samurott|Samurott-Hisui, F|100/100
|turn|4
|
|t:|1776119393
|switch|p1a: Hydrapple|Hydrapple, M|100/100
|move|p2a: Samurott|Ceaseless Edge|p1a: Hydrapple
|-damage|p1a: Hydrapple|73/100
|-sidestart|p1: Blastoise_Choice|Spikes
|
|upkeep
|turn|5
|
|t:|1776119401
|move|p2a: Samurott|Ceaseless Edge|p1a: Hydrapple
|-damage|p1a: Hydrapple|48/100
|-sidestart|p1: Blastoise_Choice|Spikes
|move|p1a: Hydrapple|Fickle Beam|p2a: Samurott|[anim] Fickle Beam All Out
|-activate|p1a: Hydrapple|move: Fickle Beam
|-enditem|p2a: Samurott|Focus Sash
|-damage|p2a: Samurott|1/100
|
|upkeep
|turn|6
|
|t:|1776119409
|switch|p1a: Moltres|Moltres|100/100
|move|p2a: Samurott|Ceaseless Edge|p1a: Moltres|[miss]
|-miss|p2a: Samurott|p1a: Moltres
|
|upkeep
|turn|7
|
|t:|1776119416
|switch|p1a: Hydrapple|Hydrapple, M|81/100
|move|p2a: Samurott|Razor Shell|p1a: Hydrapple
|-resisted|p1a: Hydrapple
|-damage|p1a: Hydrapple|74/100
|-unboost|p1a: Hydrapple|def|1
|
|upkeep
|turn|8
|
|t:|1776119422
|switch|p1a: Moltres|Moltres|100/100
|move|p2a: Samurott|Ceaseless Edge|p1a: Moltres
|-damage|p1a: Moltres|71/100
|-sidestart|p1: Blastoise_Choice|Spikes
|
|upkeep
|turn|9
|
|t:|1776119429
|switch|p1a: Hydrapple|Hydrapple, M|100/100
|move|p2a: Samurott|Razor Shell|p1a: Hydrapple
|-resisted|p1a: Hydrapple
|-damage|p1a: Hydrapple|93/100
|-unboost|p1a: Hydrapple|def|1
|
|upkeep
|turn|10
|
|t:|1776119435
|switch|p1a: Moltres|Moltres|71/100
|move|p2a: Samurott|Ceaseless Edge|p1a: Moltres
|-damage|p1a: Moltres|38/100
|
|upkeep
|turn|11
|
|t:|1776119442
|switch|p1a: Hydrapple|Hydrapple, M|100/100
|move|p2a: Samurott|Ceaseless Edge|p1a: Hydrapple
|-damage|p1a: Hydrapple|73/100
|
|upkeep
|turn|12
|
|t:|1776119448
|switch|p1a: Moltres|Moltres|38/100
|move|p2a: Samurott|Ceaseless Edge|p1a: Moltres
|-damage|p1a: Moltres|8/100
|
|upkeep
|turn|13
|
|t:|1776119454
|switch|p1a: Hydrapple|Hydrapple, M|100/100
|move|p2a: Samurott|Ceaseless Edge|p1a: Hydrapple
|-damage|p1a: Hydrapple|75/100
|
|upkeep
|turn|14
|
|t:|1776119461
|switch|p1a: Moltres|Moltres|8/100
|move|p2a: Samurott|Ceaseless Edge|p1a: Moltres
|-damage|p1a: Moltres|0 fnt
|faint|p1a: Moltres
|
|upkeep
|
|t:|1776119467
|switch|p1a: Excadrill|Excadrill, F|100/100
|-item|p1a: Excadrill|Air Balloon
|turn|15
|
|t:|1776119474
|switch|p1a: Hydrapple|Hydrapple, M|100/100
|move|p2a: Samurott|Sucker Punch||[still]
|-fail|p2a: Samurott
|
|upkeep
|turn|16
|
|t:|1776119480
|move|p2a: Samurott|Razor Shell|p1a: Hydrapple
|-resisted|p1a: Hydrapple
|-crit|p1a: Hydrapple
|-damage|p1a: Hydrapple|90/100
|move|p1a: Hydrapple|Nasty Plot|p1a: Hydrapple
|-boost|p1a: Hydrapple|spa|2
|
|upkeep
|turn|17
|
|t:|1776119485
|-terastallize|p1a: Hydrapple|Poison
|move|p2a: Samurott|Ceaseless Edge|p1a: Hydrapple
|-damage|p1a: Hydrapple|63/100
|move|p1a: Hydrapple|Fickle Beam|p2a: Samurott
|-damage|p2a: Samurott|0 fnt
|faint|p2a: Samurott
|
|upkeep
|
|t:|1776119493
|switch|p2a: Dragapult|Dragapult, F|100/100
|turn|18
|
|t:|1776119500
|move|p2a: Dragapult|Dragon Darts|p1a: Hydrapple
|-damage|p1a: Hydrapple|39/100
|-anim|p2a: Dragapult|Dragon Darts|p1a: Hydrapple
|-damage|p1a: Hydrapple|12/100
|move|p1a: Hydrapple|Giga Drain|p2a: Dragapult
|-resisted|p2a: Dragapult
|-crit|p2a: Dragapult
|-damage|p2a: Dragapult|32/100
|-heal|p1a: Hydrapple|38/100|[from] drain|[of] p2a: Dragapult
|
|upkeep
|turn|19
|
|t:|1776119507
|switch|p1a: Tyranitar|Tyranitar, F|100/100
|-damage|p1a: Tyranitar|76/100|[from] Spikes
|-weather|Sandstorm|[from] ability: Sand Stream|[of] p1a: Tyranitar
|move|p2a: Dragapult|Dragon Darts|p1a: Tyranitar
|-damage|p1a: Tyranitar|45/100
|-anim|p2a: Dragapult|Dragon Darts|p1a: Tyranitar
|-damage|p1a: Tyranitar|16/100
|
|-weather|Sandstorm|[upkeep]
|-damage|p2a: Dragapult|26/100|[from] Sandstorm
|upkeep
|turn|20
|
|t:|1776119514
|move|p2a: Dragapult|Dragon Darts|p1a: Tyranitar
|-damage|p1a: Tyranitar|0 fnt
|faint|p1a: Tyranitar
|
|-weather|Sandstorm|[upkeep]
|-damage|p2a: Dragapult|20/100|[from] Sandstorm
|upkeep
|
|t:|1776119520
|switch|p1a: Hydrapple|Hydrapple, M, tera:Poison|72/100
|turn|21
|
|t:|1776119526
|switch|p1a: Excadrill|Excadrill, F|100/100
|-item|p1a: Excadrill|Air Balloon
|move|p2a: Dragapult|Dragon Darts|p1a: Excadrill
|-resisted|p1a: Excadrill
|-damage|p1a: Excadrill|70/100
|-enditem|p1a: Excadrill|Air Balloon
|-anim|p2a: Dragapult|Dragon Darts|p1a: Excadrill
|-resisted|p1a: Excadrill
|-damage|p1a: Excadrill|43/100
|
|-weather|Sandstorm|[upkeep]
|-damage|p2a: Dragapult|14/100|[from] Sandstorm
|upkeep
|turn|22
|
|t:|1776119533
|switch|p2a: Rillaboom|Rillaboom, F|100/100
|-fieldstart|move: Grassy Terrain|[from] ability: Grassy Surge|[of] p2a: Rillaboom
|move|p1a: Excadrill|Iron Head|p2a: Rillaboom
|-damage|p2a: Rillaboom|57/100
|
|-weather|Sandstorm|[upkeep]
|-damage|p2a: Rillaboom|51/100|[from] Sandstorm
|-heal|p1a: Excadrill|50/100|[from] Grassy Terrain
|-heal|p2a: Rillaboom|57/100|[from] Grassy Terrain
|upkeep
|turn|23
|
|t:|1776119541
|move|p2a: Rillaboom|Grassy Glide|p1a: Excadrill
|-damage|p1a: Excadrill|0 fnt
|faint|p1a: Excadrill
|
|-weather|Sandstorm|[upkeep]
|-damage|p2a: Rillaboom|51/100|[from] Sandstorm
|-heal|p2a: Rillaboom|57/100|[from] Grassy Terrain
|upkeep
|
|t:|1776119547
|switch|p1a: Hydrapple|Hydrapple, M, tera:Poison|100/100
|turn|24
|
|t:|1776119554
|switch|p1a: Slowking|Slowking-Galar, F|100/100
|-damage|p1a: Slowking|76/100|[from] Spikes
|move|p2a: Rillaboom|Knock Off|p1a: Slowking
|-supereffective|p1a: Slowking
|-damage|p1a: Slowking|17/100
|-enditem|p1a: Slowking|Assault Vest|[from] move: Knock Off|[of] p2a: Rillaboom
|
|-weather|Sandstorm|[upkeep]
|-damage|p2a: Rillaboom|51/100|[from] Sandstorm
|-damage|p1a: Slowking|10/100|[from] Sandstorm
|-heal|p2a: Rillaboom|57/100|[from] Grassy Terrain
|-heal|p1a: Slowking|17/100|[from] Grassy Terrain
|upkeep
|turn|25
|
|t:|1776119560
|switch|p1a: Hydrapple|Hydrapple, M, tera:Poison|100/100
|move|p2a: Rillaboom|Knock Off|p1a: Hydrapple
|-damage|p1a: Hydrapple|77/100
|-enditem|p1a: Hydrapple|Heavy-Duty Boots|[from] move: Knock Off|[of] p2a: Rillaboom
|
|-weather|Sandstorm|[upkeep]
|-damage|p2a: Rillaboom|51/100|[from] Sandstorm
|-damage|p1a: Hydrapple|70/100|[from] Sandstorm
|-heal|p2a: Rillaboom|57/100|[from] Grassy Terrain
|-heal|p1a: Hydrapple|77/100|[from] Grassy Terrain
|upkeep
|turn|26
|
|t:|1776119570
|move|p2a: Rillaboom|U-turn|p1a: Hydrapple
|-resisted|p1a: Hydrapple
|-damage|p1a: Hydrapple|69/100
|
|t:|1776119573
|switch|p2a: Dragapult|Dragapult, F|14/100|[from] U-turn
|move|p1a: Hydrapple|Fickle Beam|p2a: Dragapult
|-supereffective|p2a: Dragapult
|-damage|p2a: Dragapult|0 fnt
|faint|p2a: Dragapult
|
|-weather|none
|-heal|p1a: Hydrapple|75/100|[from] Grassy Terrain
|upkeep
|
|t:|1776119582
|switch|p2a: Darkrai|Darkrai|100/100
|turn|27
|
|t:|1776119588
|move|p2a: Darkrai|Dark Pulse|p1a: Hydrapple
|-damage|p1a: Hydrapple|15/100
|move|p1a: Hydrapple|Giga Drain|p2a: Darkrai
|-damage|p2a: Darkrai|46/100
|-heal|p1a: Hydrapple|34/100|[from] drain|[of] p2a: Darkrai
|
|-heal|p2a: Darkrai|52/100|[from] Grassy Terrain
|-heal|p1a: Hydrapple|40/100|[from] Grassy Terrain
|upkeep
|turn|28
|
|t:|1776119595
|move|p2a: Darkrai|Dark Pulse|p1a: Hydrapple
|-damage|p1a: Hydrapple|0 fnt
|faint|p1a: Hydrapple
|
|-heal|p2a: Darkrai|58/100|[from] Grassy Terrain
|upkeep
|
|t:|1776119601
|switch|p1a: Slowking|Slowking-Galar, F|50/100
|-damage|p1a: Slowking|25/100|[from] Spikes
|turn|29
|
|t:|1776119606
|move|p2a: Darkrai|Dark Pulse|p1a: Slowking
|-supereffective|p1a: Slowking
|-damage|p1a: Slowking|0 fnt
|faint|p1a: Slowking
|
|win|aislinn4eva247
|raw|Blastoise_Choice's rating: 1575 &rarr; <strong>1552</strong><br />(-23 for losing)
|raw|aislinn4eva247's rating: 1528 &rarr; <strong>1551</strong><br />(+23 for winning)
|c|☆Blastoise_Choice|gg
