|html|<div class="broadcast-blue"><strong>[Gen 9] OU is currently suspecting Tera Blast! For information on how to participate check out the <a href="https://www.smogon.com/tools/suspects/view/200">suspect thread</a>.</strong></div>
|j|☆michelangelo1717
|j|☆magistermilitum420
|t:|1776098398
|gametype|singles
|player|p1|michelangelo1717|cynthia-gen4|1142
|player|p2|magistermilitum420|blue|1175
|gen|9
|tier|[Gen 9] OU
|rated|
|rule|HP Percentage Mod: HP is shown in percentages
|rule|Endless Battle Clause: Forcing endless battles is banned
|rule|Species Clause: Limit one of each Pokémon
|rule|OHKO Clause: OHKO moves are banned
|rule|Evasion Items Clause: Evasion items are banned
|rule|Evasion Moves Clause: Evasion moves are banned
|rule|Evasion Abilities Clause: Evasion abilities are banned
|rule|Sleep Moves Clause: Sleep-inducing moves are banned
|clearpoke
|poke|p1|Politoed, M|
|poke|p1|Torkoal, M|
|poke|p1|Ninetales-Alola, F|
|poke|p1|Tyranitar, F|
|poke|p1|Pelipper, F|
|poke|p1|Hippowdon, F|
|poke|p2|Meowscarada, F|
|poke|p2|Great Tusk|
|poke|p2|Alomomola, M|
|poke|p2|Slowking-Galar, F|
|poke|p2|Dragonite, F|
|poke|p2|Heatran, M|
|teampreview
|inactive|Battle timer is ON: inactive players will automatically lose when time's up. (requested by michelangelo1717)
|
|t:|1776098406
|teamsize|p1|6
|teamsize|p2|6
|start
|switch|p1a: Tyranitar|Tyranitar, F|100/100
|switch|p2a: Mahad|Meowscarada, F, shiny|100/100
|-weather|Sandstorm|[from] ability: Sand Stream|[of] p1a: Tyranitar
|turn|1
|
|t:|1776098411
|move|p2a: Mahad|U-turn|p1a: Tyranitar
|-start|p2a: Mahad|typechange|Bug|[from] ability: Protean
|-supereffective|p1a: Tyranitar
|-damage|p1a: Tyranitar|45/100
|
|t:|1776098416
|switch|p2a: Charybdis|Alomomola, M, shiny|100/100|[from] U-turn
|move|p1a: Tyranitar|Stealth Rock|p2a: Charybdis
|-sidestart|p2: magistermilitum420|move: Stealth Rock
|
|-weather|Sandstorm|[upkeep]
|-damage|p2a: Charybdis|94/100|[from] Sandstorm
|upkeep
|turn|2
|
|t:|1776098422
|move|p1a: Tyranitar|Crunch|p2a: Charybdis
|-damage|p2a: Charybdis|68/100
|move|p2a: Charybdis|Scald|p1a: Tyranitar
|-supereffective|p1a: Tyranitar
|-crit|p1a: Tyranitar
|-damage|p1a: Tyranitar|22/100
|-status|p1a: Tyranitar|brn
|
|-weather|Sandstorm|[upkeep]
|-damage|p2a: Charybdis|62/100|[from] Sandstorm
|-damage|p1a: Tyranitar|16/100 brn|[from] brn
|upkeep
|turn|3
|
|t:|1776098432
|move|p1a: Tyranitar|Stone Edge|p2a: Charybdis
|-damage|p2a: Charybdis|47/100
|move|p2a: Charybdis|Wish|p2a: Charybdis
|
|-weather|Sandstorm|[upkeep]
|-damage|p2a: Charybdis|40/100|[from] Sandstorm
|-damage|p1a: Tyranitar|10/100 brn|[from] brn
|upkeep
|turn|4
|
|t:|1776098442
|move|p1a: Tyranitar|Stone Edge|p2a: Charybdis
|-crit|p2a: Charybdis
|-damage|p2a: Charybdis|15/100
|move|p2a: Charybdis|Flip Turn|p1a: Tyranitar
|-supereffective|p1a: Tyranitar
|-damage|p1a: Tyranitar|0 fnt
|faint|p1a: Tyranitar
|
|t:|1776098451
|switch|p2a: Barca|Great Tusk|100/100|[from] Flip Turn
|
|-weather|Sandstorm|[upkeep]
|upkeep
|
|t:|1776098464
|switch|p1a: Ninetales|Ninetales-Alola, F|100/100
|-weather|Snowscape|[from] ability: Snow Warning|[of] p1a: Ninetales
|turn|5
|
|t:|1776098474
|-terastallize|p2a: Barca|Water
|move|p1a: Ninetales|Blizzard|p2a: Barca
|-resisted|p2a: Barca
|-damage|p2a: Barca|70/100
|move|p2a: Barca|Rapid Spin|p1a: Ninetales
|-damage|p1a: Ninetales|83/100
|-boost|p2a: Barca|spe|1
|-sideend|p2: magistermilitum420|Stealth Rock|[from] move: Rapid Spin|[of] p2a: Barca
|
|-weather|Snowscape|[upkeep]
|upkeep
|turn|6
|
|t:|1776098485
|move|p2a: Barca|Stealth Rock|p1a: Ninetales
|-sidestart|p1: michelangelo1717|move: Stealth Rock
|move|p1a: Ninetales|Aurora Veil|p1a: Ninetales
|-sidestart|p1: michelangelo1717|move: Aurora Veil
|
|-weather|Snowscape|[upkeep]
|upkeep
|turn|7
|
|t:|1776098489
|move|p2a: Barca|Knock Off|p1a: Ninetales
|-resisted|p1a: Ninetales
|-damage|p1a: Ninetales|75/100
|-enditem|p1a: Ninetales|Light Clay|[from] move: Knock Off|[of] p2a: Barca
|move|p1a: Ninetales|Moonblast|p2a: Barca
|-damage|p2a: Barca|13/100
|-unboost|p2a: Barca|spa|1
|
|-weather|Snowscape|[upkeep]
|upkeep
|turn|8
|
|t:|1776098506
|-end|p2a: Barca|Protosynthesis|[silent]
|switch|p2a: Mithridates|Slowking-Galar, F|100/100
|move|p1a: Ninetales|Moonblast|p2a: Mithridates
|-resisted|p2a: Mithridates
|-damage|p2a: Mithridates|92/100
|
|-weather|Snowscape|[upkeep]
|upkeep
|turn|9
|
|t:|1776098515
|switch|p1a: Hippowdon|Hippowdon, F|100/100
|-damage|p1a: Hippowdon|94/100|[from] Stealth Rock
|-weather|Sandstorm|[from] ability: Sand Stream|[of] p1a: Hippowdon
|move|p2a: Mithridates|Sludge Bomb|p1a: Hippowdon
|-resisted|p1a: Hippowdon
|-damage|p1a: Hippowdon|84/100
|
|-weather|Sandstorm|[upkeep]
|-damage|p2a: Mithridates|86/100|[from] Sandstorm
|-heal|p1a: Hippowdon|90/100|[from] item: Leftovers
|upkeep
|turn|10
|
|t:|1776098531
|switch|p2a: Mahad|Meowscarada, F, shiny|100/100
|move|p1a: Hippowdon|Earthquake|p2a: Mahad
|-resisted|p2a: Mahad
|-damage|p2a: Mahad|59/100
|
|-weather|Sandstorm|[upkeep]
|-damage|p2a: Mahad|53/100|[from] Sandstorm
|-heal|p1a: Hippowdon|96/100|[from] item: Leftovers
|upkeep
|turn|11
|
|t:|1776098544
|move|p2a: Mahad|U-turn|p1a: Hippowdon
|-start|p2a: Mahad|typechange|Bug|[from] ability: Protean
|-damage|p1a: Hippowdon|85/100
|
|t:|1776098556
|switch|p2a: Charybdis|Alomomola, M, shiny|49/100|[from] U-turn
|move|p1a: Hippowdon|Ice Fang|p2a: Charybdis
|-resisted|p2a: Charybdis
|-damage|p2a: Charybdis|43/100
|
|-weather|Sandstorm|[upkeep]
|-damage|p2a: Charybdis|36/100|[from] Sandstorm
|-heal|p1a: Hippowdon|91/100|[from] item: Leftovers
|upkeep
|turn|12
|
|t:|1776098566
|move|p2a: Charybdis|Wish|p2a: Charybdis
|move|p1a: Hippowdon|Roar|p2a: Charybdis
|drag|p2a: Barca|Great Tusk, tera:Water|13/100
|
|-weather|Sandstorm|[upkeep]
|-damage|p2a: Barca|7/100|[from] Sandstorm
|-heal|p1a: Hippowdon|97/100|[from] item: Leftovers
|upkeep
|turn|13
|
|t:|1776098578
|-end|p2a: Barca|Protosynthesis|[silent]
|switch|p2a: Charybdis|Alomomola, M, shiny|70/100
|move|p1a: Hippowdon|Earthquake|p2a: Charybdis
|-damage|p2a: Charybdis|42/100
|
|-weather|none
|-heal|p2a: Charybdis|92/100|[from] move: Wish|[wisher] Charybdis
|-heal|p1a: Hippowdon|100/100|[from] item: Leftovers
|-sideend|p1: michelangelo1717|move: Aurora Veil
|upkeep
|turn|14
|
|t:|1776098589
|move|p2a: Charybdis|Flip Turn|p1a: Hippowdon
|-supereffective|p1a: Hippowdon
|-damage|p1a: Hippowdon|78/100
|
|t:|1776098597
|switch|p2a: Mahad|Meowscarada, F, shiny|53/100|[from] Flip Turn
|move|p1a: Hippowdon|Roar|p2a: Mahad
|drag|p2a: Charybdis|Alomomola, M, shiny|100/100
|
|-heal|p1a: Hippowdon|84/100|[from] item: Leftovers
|upkeep
|turn|15
|
|t:|1776098604
|move|p1a: Hippowdon|Slack Off|p1a: Hippowdon
|-heal|p1a: Hippowdon|100/100
|move|p2a: Charybdis|Scald|p1a: Hippowdon
|-supereffective|p1a: Hippowdon
|-damage|p1a: Hippowdon|73/100
|-status|p1a: Hippowdon|brn
|
|-heal|p1a: Hippowdon|80/100 brn|[from] item: Leftovers
|-damage|p1a: Hippowdon|73/100 brn|[from] brn
|upkeep
|turn|16
|
|t:|1776098615
|move|p2a: Charybdis|Wish|p2a: Charybdis
|move|p1a: Hippowdon|Roar|p2a: Charybdis
|drag|p2a: Mahad|Meowscarada, F, shiny|53/100
|
|-heal|p1a: Hippowdon|80/100 brn|[from] item: Leftovers
|-damage|p1a: Hippowdon|73/100 brn|[from] brn
|upkeep
|turn|17
|
|t:|1776098625
|move|p2a: Mahad|Knock Off|p1a: Hippowdon
|-start|p2a: Mahad|typechange|Dark|[from] ability: Protean
|-damage|p1a: Hippowdon|42/100 brn
|-enditem|p1a: Hippowdon|Leftovers|[from] move: Knock Off|[of] p2a: Mahad
|move|p1a: Hippowdon|Roar|p2a: Mahad
|drag|p2a: Ladon|Dragonite, F, shiny|100/100
|
|-damage|p1a: Hippowdon|36/100 brn|[from] brn
|upkeep
|turn|18
|
|t:|1776098639
|switch|p2a: Charybdis|Alomomola, M, shiny|100/100
|move|p1a: Hippowdon|Ice Fang|p2a: Charybdis
|-resisted|p2a: Charybdis
|-damage|p2a: Charybdis|98/100
|
|-damage|p1a: Hippowdon|30/100 brn|[from] brn
|upkeep
|turn|19
|
|t:|1776098646
|move|p2a: Charybdis|Wish|p2a: Charybdis
|move|p1a: Hippowdon|Roar|p2a: Charybdis
|drag|p2a: Ladon|Dragonite, F, shiny|100/100
|
|-damage|p1a: Hippowdon|23/100 brn|[from] brn
|upkeep
|turn|20
|
|t:|1776098654
|switch|p2a: Charybdis|Alomomola, M, shiny|100/100
|move|p1a: Hippowdon|Ice Fang|p2a: Charybdis
|-resisted|p2a: Charybdis
|-damage|p2a: Charybdis|98/100
|
|-heal|p2a: Charybdis|100/100|[from] move: Wish|[wisher] Charybdis
|-damage|p1a: Hippowdon|17/100 brn|[from] brn
|upkeep
|turn|21
|
|t:|1776098663
|move|p2a: Charybdis|Wish|p2a: Charybdis
|move|p1a: Hippowdon|Roar|p2a: Charybdis
|drag|p2a: Ladon|Dragonite, F, shiny|100/100
|
|-damage|p1a: Hippowdon|11/100 brn|[from] brn
|upkeep
|turn|22
|
|t:|1776098670
|switch|p2a: Charybdis|Alomomola, M, shiny|100/100
|move|p1a: Hippowdon|Ice Fang|p2a: Charybdis
|-resisted|p2a: Charybdis
|-damage|p2a: Charybdis|98/100
|-status|p2a: Charybdis|frz
|
|-heal|p2a: Charybdis|100/100 frz|[from] move: Wish|[wisher] Charybdis
|-damage|p1a: Hippowdon|5/100 brn|[from] brn
|upkeep
|turn|23
|
|t:|1776098679
|-curestatus|p2a: Charybdis|frz|[from] move: Scald
|move|p2a: Charybdis|Scald|p1a: Hippowdon
|-supereffective|p1a: Hippowdon
|-damage|p1a: Hippowdon|0 fnt
|faint|p1a: Hippowdon
|
|upkeep
|
|t:|1776098689
|switch|p1a: Pelipper|Pelipper, F|100/100
|-damage|p1a: Pelipper|76/100|[from] Stealth Rock
|-weather|RainDance|[from] ability: Drizzle|[of] p1a: Pelipper
|turn|24
|
|t:|1776098698
|move|p1a: Pelipper|Hydro Pump|p2a: Charybdis|[miss]
|-miss|p1a: Pelipper|p2a: Charybdis
|move|p2a: Charybdis|Wish|p2a: Charybdis
|
|-weather|RainDance|[upkeep]
|upkeep
|turn|25
|
|t:|1776098708
|move|p1a: Pelipper|Hydro Pump|p2a: Charybdis
|-resisted|p2a: Charybdis
|-damage|p2a: Charybdis|36/100
|move|p2a: Charybdis|Flip Turn|p1a: Pelipper
|-resisted|p1a: Pelipper
|-damage|p1a: Pelipper|62/100
|
|t:|1776098717
|switch|p2a: Mahad|Meowscarada, F, shiny|53/100|[from] Flip Turn
|
|-weather|RainDance|[upkeep]
|-heal|p2a: Mahad|100/100|[from] move: Wish|[wisher] Charybdis
|upkeep
|turn|26
|
|t:|1776098723
|move|p2a: Mahad|U-turn|p1a: Pelipper
|-start|p2a: Mahad|typechange|Bug|[from] ability: Protean
|-resisted|p1a: Pelipper
|-damage|p1a: Pelipper|44/100
|
|t:|1776098728
|switch|p2a: Mithridates|Slowking-Galar, F|100/100|[from] U-turn
|move|p1a: Pelipper|Hydro Pump|p2a: Mithridates|[miss]
|-miss|p1a: Pelipper|p2a: Mithridates
|
|-weather|RainDance|[upkeep]
|upkeep
|turn|27
|
|t:|1776098738
|move|p1a: Pelipper|Hydro Pump|p2a: Mithridates
|-damage|p2a: Mithridates|42/100
|move|p2a: Mithridates|Future Sight|p1a: Pelipper
|-start|p2a: Mithridates|move: Future Sight
|
|-weather|RainDance|[upkeep]
|upkeep
|turn|28
|
|t:|1776098746
|switch|p2a: Charybdis|Alomomola, M, shiny|69/100
|move|p1a: Pelipper|Hydro Pump|p2a: Charybdis|[miss]
|-miss|p1a: Pelipper|p2a: Charybdis
|
|-weather|none
|upkeep
|turn|29
|
|t:|1776098759
|switch|p1a: Ninetales|Ninetales-Alola, F|75/100
|-damage|p1a: Ninetales|50/100|[from] Stealth Rock
|-weather|Snowscape|[from] ability: Snow Warning|[of] p1a: Ninetales
|move|p2a: Charybdis|Wish|p2a: Charybdis
|
|-weather|Snowscape|[upkeep]
|-end|p1a: Ninetales|move: Future Sight
|-crit|p1a: Ninetales
|-damage|p1a: Ninetales|0 fnt
|faint|p1a: Ninetales
|upkeep
|
|t:|1776098769
|switch|p1a: Torkoal|Torkoal, M|100/100
|-damage|p1a: Torkoal|76/100|[from] Stealth Rock
|-weather|SunnyDay|[from] ability: Drought|[of] p1a: Torkoal
|turn|30
|
|t:|1776098776
|move|p2a: Charybdis|Flip Turn|p1a: Torkoal
|-supereffective|p1a: Torkoal
|-damage|p1a: Torkoal|65/100
|
|t:|1776098779
|switch|p2a: Vulcanus|Heatran, M, shiny|100/100|[from] Flip Turn
|move|p1a: Torkoal|Solar Beam||[still]
|-prepare|p1a: Torkoal|Solar Beam
|-anim|p1a: Torkoal|Solar Beam|p2a: Vulcanus
|-resisted|p2a: Vulcanus
|-damage|p2a: Vulcanus|88/100
|
|-weather|SunnyDay|[upkeep]
|-heal|p2a: Vulcanus|100/100|[from] move: Wish|[wisher] Charybdis
|upkeep
|turn|31
|
|t:|1776098790
|switch|p1a: Pelipper|Pelipper, F|44/100
|-damage|p1a: Pelipper|19/100|[from] Stealth Rock
|-weather|RainDance|[from] ability: Drizzle|[of] p1a: Pelipper
|move|p2a: Vulcanus|Overheat|p1a: Pelipper
|-resisted|p1a: Pelipper
|-damage|p1a: Pelipper|0 fnt
|-unboost|p2a: Vulcanus|spa|2
|faint|p1a: Pelipper
|
|-weather|RainDance|[upkeep]
|upkeep
|
|t:|1776098796
|switch|p1a: Politoed|Politoed, M|100/100
|-damage|p1a: Politoed|88/100|[from] Stealth Rock
|turn|32
|
|t:|1776098805
|switch|p2a: Charybdis|Alomomola, M, shiny|100/100
|move|p1a: Politoed|Hydro Pump|p2a: Charybdis
|-resisted|p2a: Charybdis
|-damage|p2a: Charybdis|39/100
|
|-weather|RainDance|[upkeep]
|upkeep
|turn|33
|
|t:|1776098815
|move|p1a: Politoed|Hydro Pump|p2a: Charybdis
|-resisted|p2a: Charybdis
|-damage|p2a: Charybdis|0 fnt
|faint|p2a: Charybdis
|
|-weather|RainDance|[upkeep]
|upkeep
|
|t:|1776098821
|switch|p2a: Mahad|Meowscarada, F, shiny|100/100
|turn|34
|
|t:|1776098828
|switch|p1a: Torkoal|Torkoal, M|65/100
|-damage|p1a: Torkoal|40/100|[from] Stealth Rock
|-weather|SunnyDay|[from] ability: Drought|[of] p1a: Torkoal
|move|p2a: Mahad|Flower Trick|p1a: Torkoal
|-start|p2a: Mahad|typechange|Grass|[from] ability: Protean
|-resisted|p1a: Torkoal
|-crit|p1a: Torkoal
|-damage|p1a: Torkoal|21/100
|
|-weather|SunnyDay|[upkeep]
|upkeep
|turn|35
|
|t:|1776098841
|switch|p2a: Vulcanus|Heatran, M, shiny|100/100
|move|p1a: Torkoal|Fire Blast|p2a: Vulcanus
|-start|p2a: Vulcanus|ability: Flash Fire
|
|-weather|SunnyDay|[upkeep]
|upkeep
|turn|36
|
|t:|1776098849
|move|p2a: Vulcanus|Overheat|p1a: Torkoal
|-resisted|p1a: Torkoal
|-damage|p1a: Torkoal|0 fnt
|-unboost|p2a: Vulcanus|spa|2
|faint|p1a: Torkoal
|
|-weather|SunnyDay|[upkeep]
|upkeep
|
|t:|1776098855
|switch|p1a: Politoed|Politoed, M|88/100
|-damage|p1a: Politoed|76/100|[from] Stealth Rock
|-weather|RainDance|[from] ability: Drizzle|[of] p1a: Politoed
|turn|37
|l|☆michelangelo1717
|inactive|michelangelo1717 disconnected and has a minute to reconnect!
|player|p1|
|
|t:|1776098876
|move|p2a: Vulcanus|Overheat|p1a: Politoed
|-resisted|p1a: Politoed
|-damage|p1a: Politoed|59/100
|-unboost|p2a: Vulcanus|spa|2
|move|p1a: Politoed|Hydro Pump|p2a: Vulcanus|[miss]
|-miss|p1a: Politoed|p2a: Vulcanus
|
|-weather|RainDance|[upkeep]
|upkeep
|turn|38
|j|☆michelangelo1717
|inactive|michelangelo1717 reconnected and has 145 seconds left.
|player|p1|michelangelo1717|cynthia-gen4|
|
|t:|1776098885
|move|p2a: Vulcanus|Overheat|p1a: Politoed
|-resisted|p1a: Politoed
|-damage|p1a: Politoed|47/100
|-unboost|p2a: Vulcanus|spa|2
|move|p1a: Politoed|Hydro Pump|p2a: Vulcanus
|-supereffective|p2a: Vulcanus
|-damage|p2a: Vulcanus|0 fnt
|faint|p2a: Vulcanus
|
|-weather|RainDance|[upkeep]
|upkeep
|
|t:|1776098894
|switch|p2a: Mahad|Meowscarada, F, shiny|100/100
|turn|39
|
|t:|1776098897
|move|p2a: Mahad|Flower Trick|p1a: Politoed
|-start|p2a: Mahad|typechange|Grass|[from] ability: Protean
|-supereffective|p1a: Politoed
|-crit|p1a: Politoed
|-damage|p1a: Politoed|0 fnt
|faint|p1a: Politoed
|
|win|magistermilitum420
|raw|michelangelo1717's rating: 1142 &rarr; <strong>1119</strong><br />(-23 for losing)
|raw|magistermilitum420's rating: 1175 &rarr; <strong>1198</strong><br />(+23 for winning)
|l|☆michelangelo1717
|player|p1|
