|html|<div class="broadcast-blue"><strong>[Gen 9] OU is currently suspecting Volcarona! For information on how to participate check out the <a href="https://www.smogon.com/tools/suspects/view/208">suspect thread</a>.</strong></div>
|j|☆karmasiren
|j|☆vartholomeus
|t:|1778507773
|gametype|singles
|player|p1|karmasiren|skyla|1526
|player|p2|vartholomeus|gambler|1569
|gen|9
|tier|[Gen 9] OU
|rated|
|rule|HP Percentage Mod: HP is shown in percentages
|rule|Endless Battle Clause: Forcing endless battles is banned
|rule|Species Clause: Limit one of each Pokémon
|rule|OHKO Clause: OHKO moves are banned
|rule|Evasion Items Clause: Evasion items are banned
|rule|Evasion Moves Clause: Evasion moves are banned
|rule|Evasion Abilities Clause: Evasion abilities are banned
|rule|Sleep Moves Clause: Sleep-inducing moves are banned
|clearpoke
|poke|p1|Staraptor, M|
|poke|p1|Alomomola, F|
|poke|p1|Clodsire, F|
|poke|p1|Corviknight, M|
|poke|p1|Gliscor, M|
|poke|p1|Goodra-Hisui, F|
|poke|p2|Landorus-Therian, M|
|poke|p2|Kleavor, F|
|poke|p2|Greninja-*, M|
|poke|p2|Rillaboom, F|
|poke|p2|Iron Hands|
|poke|p2|Gholdengo|
|teampreview
|inactive|Battle timer is ON: inactive players will automatically lose when time's up. (requested by vartholomeus)
|
|t:|1778507784
|teamsize|p1|6
|teamsize|p2|6
|start
|switch|p1a: Staraptor|Staraptor, M|100/100
|switch|p2a: Klingk|Kleavor, F|100/100
|turn|1
|
|t:|1778507790
|switch|p1a: Gliscor|Gliscor, M|100/100
|move|p2a: Klingk|Stone Axe|p1a: Gliscor|[miss]
|-miss|p2a: Klingk|p1a: Gliscor
|
|-status|p1a: Gliscor|tox|[from] item: Toxic Orb
|upkeep
|turn|2
|
|t:|1778507794
|move|p2a: Klingk|Swords Dance|p2a: Klingk
|-boost|p2a: Klingk|atk|2
|move|p1a: Gliscor|Toxic|p2a: Klingk
|-status|p2a: Klingk|tox
|
|-damage|p2a: Klingk|94/100 tox|[from] psn
|upkeep
|turn|3
|
|t:|1778507798
|move|p2a: Klingk|Swords Dance|p2a: Klingk
|-boost|p2a: Klingk|atk|2
|move|p1a: Gliscor|Spikes|p2a: Klingk
|-sidestart|p2: vartholomeus|Spikes
|
|-damage|p2a: Klingk|82/100 tox|[from] psn
|upkeep
|turn|4
|
|t:|1778507802
|switch|p1a: Clodsire|Clodsire, F|100/100
|move|p2a: Klingk|Stone Axe|p1a: Clodsire
|-resisted|p1a: Clodsire
|-damage|p1a: Clodsire|68/100
|-sidestart|p1: karmasiren|move: Stealth Rock
|
|-damage|p2a: Klingk|64/100 tox|[from] psn
|upkeep
|turn|5
|
|t:|1778507806
|switch|p2a: Landa|Landorus-Therian, M|100/100
|-ability|p2a: Landa|Intimidate|boost
|-unboost|p1a: Clodsire|atk|1
|switch|p1a: Gliscor|Gliscor, M|100/100 tox
|-damage|p1a: Gliscor|88/100 tox|[from] Stealth Rock
|
|-heal|p1a: Gliscor|100/100 tox|[from] ability: Poison Heal
|upkeep
|turn|6
|
|t:|1778507812
|move|p2a: Landa|U-turn|p1a: Gliscor
|-resisted|p1a: Gliscor
|-damage|p1a: Gliscor|94/100 tox
|j| Fat_Yogi
|
|t:|1778507815
|switch|p2a: Klingk|Kleavor, F|64/100 tox|[from] U-turn
|-damage|p2a: Klingk|52/100 tox|[from] Spikes
|move|p1a: Gliscor|Toxic|p2a: Klingk
|-fail|p2a: Klingk|tox
|
|-damage|p2a: Klingk|46/100 tox|[from] psn
|-heal|p1a: Gliscor|100/100 tox|[from] ability: Poison Heal
|upkeep
|turn|7
|
|t:|1778507817
|move|p2a: Klingk|Swords Dance|p2a: Klingk
|-boost|p2a: Klingk|atk|2
|move|p1a: Gliscor|Spikes|p2a: Klingk
|-sidestart|p2: vartholomeus|Spikes
|
|-damage|p2a: Klingk|34/100 tox|[from] psn
|upkeep
|turn|8
|
|t:|1778507821
|switch|p2a: Suke|Greninja, M|100/100
|-damage|p2a: Suke|84/100|[from] Spikes
|move|p1a: Gliscor|Spikes|p2a: Suke
|-sidestart|p2: vartholomeus|Spikes
|
|upkeep
|turn|9
|
|t:|1778507826
|switch|p1a: Shnarl|Goodra-Hisui, F|100/100
|-damage|p1a: Shnarl|94/100|[from] Stealth Rock
|move|p2a: Suke|Ice Beam|p1a: Shnarl
|-damage|p1a: Shnarl|82/100
|-damage|p2a: Suke|74/100|[from] item: Life Orb
|
|upkeep
|turn|10
|
|t:|1778507829
|switch|p2a: Landa|Landorus-Therian, M|100/100
|-ability|p2a: Landa|Intimidate|boost
|-unboost|p1a: Shnarl|atk|1
|move|p1a: Shnarl|Knock Off|p2a: Landa
|-damage|p2a: Landa|81/100
|-enditem|p2a: Landa|Choice Scarf|[from] move: Knock Off|[of] p1a: Shnarl
|
|upkeep
|turn|11
|
|t:|1778507835
|switch|p1a: Corviknight|Corviknight, M|100/100
|-damage|p1a: Corviknight|88/100|[from] Stealth Rock
|-ability|p1a: Corviknight|Pressure
|move|p2a: Landa|Earth Power|p1a: Corviknight
|-immune|p1a: Corviknight
|
|upkeep
|turn|12
|
|t:|1778507840
|move|p2a: Landa|U-turn|p1a: Corviknight
|-resisted|p1a: Corviknight
|-damage|p1a: Corviknight|84/100
|-damage|p2a: Landa|64/100|[from] item: Rocky Helmet|[of] p1a: Corviknight
|
|t:|1778507844
|switch|p2a: Mantequillo|Gholdengo|100/100|[from] U-turn
|-damage|p2a: Mantequillo|76/100|[from] Spikes
|move|p1a: Corviknight|Iron Defense|p1a: Corviknight
|-boost|p1a: Corviknight|def|2
|
|upkeep
|turn|13
|
|t:|1778507854
|switch|p1a: Staraptor|Staraptor, M|100/100
|-damage|p1a: Staraptor|76/100|[from] Stealth Rock
|move|p2a: Mantequillo|Trick|p1a: Staraptor
|-activate|p2a: Mantequillo|move: Trick|[of] p1a: Staraptor
|-item|p1a: Staraptor|Choice Scarf|[from] move: Trick
|-item|p2a: Mantequillo|Choice Band|[from] move: Trick
|
|upkeep
|turn|14
|
|t:|1778507862
|move|p1a: Staraptor|Brave Bird|p2a: Mantequillo
|-resisted|p2a: Mantequillo
|-damage|p2a: Mantequillo|34/100
|-damage|p1a: Staraptor|62/100|[from] Recoil
|move|p2a: Mantequillo|Make It Rain|p1a: Staraptor
|-damage|p1a: Staraptor|0 fnt
|-unboost|p2a: Mantequillo|spa|1
|faint|p1a: Staraptor
|
|upkeep
|
|t:|1778507870
|switch|p1a: Clodsire|Clodsire, F|68/100
|turn|15
|
|t:|1778507873
|move|p2a: Mantequillo|Make It Rain|p1a: Clodsire
|-damage|p1a: Clodsire|35/100
|-unboost|p2a: Mantequillo|spa|1
|move|p1a: Clodsire|Stealth Rock|p2a: Mantequillo
|-sidestart|p2: vartholomeus|move: Stealth Rock
|
|upkeep
|turn|16
|
|t:|1778507879
|switch|p2a: Landa|Landorus-Therian, M|64/100
|-damage|p2a: Landa|52/100|[from] Stealth Rock
|-ability|p2a: Landa|Intimidate|boost
|-unboost|p1a: Clodsire|atk|1
|switch|p1a: Alomomola|Alomomola, F|100/100
|
|upkeep
|turn|17
|
|t:|1778507883
|move|p2a: Landa|Earth Power|p1a: Alomomola
|-damage|p1a: Alomomola|50/100
|move|p1a: Alomomola|Wish|p1a: Alomomola
|
|upkeep
|turn|18
|
|t:|1778507890
|switch|p1a: Corviknight|Corviknight, M|84/100
|-damage|p1a: Corviknight|71/100|[from] Stealth Rock
|-ability|p1a: Corviknight|Pressure
|move|p2a: Landa|Earth Power|p1a: Corviknight
|-immune|p1a: Corviknight
|
|-heal|p1a: Corviknight|100/100|[from] move: Wish|[wisher] Alomomola
|upkeep
|turn|19
|
|t:|1778507897
|move|p2a: Landa|U-turn|p1a: Corviknight
|-resisted|p1a: Corviknight
|-damage|p1a: Corviknight|97/100
|-damage|p2a: Landa|36/100|[from] item: Rocky Helmet|[of] p1a: Corviknight
|l| Fat_Yogi
|
|t:|1778507905
|switch|p2a: Mantequillo|Gholdengo|34/100|[from] U-turn
|-damage|p2a: Mantequillo|9/100|[from] Spikes
|-damage|p2a: Mantequillo|3/100|[from] Stealth Rock
|move|p1a: Corviknight|Iron Defense|p1a: Corviknight
|-boost|p1a: Corviknight|def|2
|
|upkeep
|turn|20
|j| Fat_Yogi
|l| Fat_Yogi
|
|t:|1778507913
|switch|p1a: Clodsire|Clodsire, F|35/100
|move|p2a: Mantequillo|Trick|p1a: Clodsire
|-activate|p2a: Mantequillo|move: Trick|[of] p1a: Clodsire
|-item|p1a: Clodsire|Choice Band|[from] move: Trick
|-item|p2a: Mantequillo|Heavy-Duty Boots|[from] move: Trick
|
|upkeep
|turn|21
|
|t:|1778507919
|move|p2a: Mantequillo|Make It Rain|p1a: Clodsire
|-damage|p1a: Clodsire|2/100
|-unboost|p2a: Mantequillo|spa|1
|move|p1a: Clodsire|Recover|p1a: Clodsire
|-heal|p1a: Clodsire|52/100
|
|upkeep
|turn|22
|
|t:|1778507923
|move|p2a: Mantequillo|Make It Rain|p1a: Clodsire
|-damage|p1a: Clodsire|17/100
|-unboost|p2a: Mantequillo|spa|1
|move|p1a: Clodsire|Recover|p1a: Clodsire
|-heal|p1a: Clodsire|67/100
|
|upkeep
|turn|23
|
|t:|1778507929
|switch|p1a: Alomomola|Alomomola, F|83/100
|move|p2a: Mantequillo|Shadow Ball|p1a: Alomomola
|-damage|p1a: Alomomola|58/100
|
|upkeep
|turn|24
|
|t:|1778507932
|move|p2a: Mantequillo|Shadow Ball|p1a: Alomomola
|-damage|p1a: Alomomola|34/100
|move|p1a: Alomomola|Wish|p1a: Alomomola
|
|upkeep
|turn|25
|
|t:|1778507939
|move|p2a: Mantequillo|Shadow Ball|p1a: Alomomola
|-damage|p1a: Alomomola|10/100
|move|p1a: Alomomola|Scald|p2a: Mantequillo
|-damage|p2a: Mantequillo|0 fnt
|faint|p2a: Mantequillo
|
|-heal|p1a: Alomomola|60/100|[from] move: Wish|[wisher] Alomomola
|upkeep
|
|t:|1778507944
|switch|p2a: Rolla|Rillaboom, F|100/100
|-damage|p2a: Rolla|75/100|[from] Spikes
|-damage|p2a: Rolla|63/100|[from] Stealth Rock
|-fieldstart|move: Grassy Terrain|[from] ability: Grassy Surge|[of] p2a: Rolla
|turn|26
|
|t:|1778507947
|switch|p1a: Corviknight|Corviknight, M|97/100
|-damage|p1a: Corviknight|84/100|[from] Stealth Rock
|-ability|p1a: Corviknight|Pressure
|move|p2a: Rolla|Knock Off|p1a: Corviknight
|-damage|p1a: Corviknight|62/100
|-damage|p2a: Rolla|46/100|[from] item: Rocky Helmet|[of] p1a: Corviknight
|-enditem|p1a: Corviknight|Rocky Helmet|[from] move: Knock Off|[of] p2a: Rolla
|
|-heal|p2a: Rolla|53/100|[from] Grassy Terrain
|upkeep
|turn|27
|
|t:|1778507953
|move|p2a: Rolla|U-turn|p1a: Corviknight
|-resisted|p1a: Corviknight
|-damage|p1a: Corviknight|58/100
|
|t:|1778507956
|switch|p2a: E.Honda|Iron Hands|100/100|[from] U-turn
|-damage|p2a: E.Honda|76/100|[from] Spikes
|-damage|p2a: E.Honda|69/100|[from] Stealth Rock
|-enditem|p2a: E.Honda|Booster Energy
|-activate|p2a: E.Honda|ability: Quark Drive|[fromitem]
|-start|p2a: E.Honda|quarkdriveatk
|move|p1a: Corviknight|Roost|p1a: Corviknight
|-heal|p1a: Corviknight|100/100
|-singleturn|p1a: Corviknight|move: Roost
|
|-heal|p2a: E.Honda|76/100|[from] Grassy Terrain
|upkeep
|turn|28
|
|t:|1778507967
|switch|p1a: Clodsire|Clodsire, F|67/100
|-damage|p1a: Clodsire|60/100|[from] Stealth Rock
|move|p2a: E.Honda|Swords Dance|p2a: E.Honda
|-boost|p2a: E.Honda|atk|2
|
|-heal|p2a: E.Honda|82/100|[from] Grassy Terrain
|-heal|p1a: Clodsire|67/100|[from] Grassy Terrain
|upkeep
|turn|29
|
|t:|1778507971
|move|p2a: E.Honda|Ice Punch|p1a: Clodsire
|-supereffective|p1a: Clodsire
|-damage|p1a: Clodsire|0 fnt
|faint|p1a: Clodsire
|
|-heal|p2a: E.Honda|88/100|[from] Grassy Terrain
|upkeep
|
|t:|1778507977
|switch|p1a: Gliscor|Gliscor, M|100/100 tox
|-damage|p1a: Gliscor|88/100 tox|[from] Stealth Rock
|turn|30
|
|t:|1778507980
|-terastallize|p1a: Gliscor|Ghost
|move|p1a: Gliscor|Toxic|p2a: E.Honda
|-status|p2a: E.Honda|tox
|move|p2a: E.Honda|Ice Punch|p1a: Gliscor
|-damage|p1a: Gliscor|45/100 tox
|
|-heal|p1a: Gliscor|51/100 tox|[from] Grassy Terrain
|-heal|p2a: E.Honda|94/100 tox|[from] Grassy Terrain
|-heal|p1a: Gliscor|63/100 tox|[from] ability: Poison Heal
|-damage|p2a: E.Honda|88/100 tox|[from] psn
|upkeep
|turn|31
|
|t:|1778507985
|move|p1a: Gliscor|Protect|p1a: Gliscor
|-singleturn|p1a: Gliscor|Protect
|move|p2a: E.Honda|Thunder Punch|p1a: Gliscor
|-activate|p1a: Gliscor|move: Protect
|
|-heal|p1a: Gliscor|70/100 tox|[from] Grassy Terrain
|-heal|p2a: E.Honda|94/100 tox|[from] Grassy Terrain
|-heal|p1a: Gliscor|82/100 tox|[from] ability: Poison Heal
|-damage|p2a: E.Honda|82/100 tox|[from] psn
|upkeep
|turn|32
|
|t:|1778507992
|move|p1a: Gliscor|Knock Off|p2a: E.Honda
|-resisted|p2a: E.Honda
|-damage|p2a: E.Honda|77/100 tox
|move|p2a: E.Honda|Thunder Punch|p1a: Gliscor
|-damage|p1a: Gliscor|12/100 tox
|
|-heal|p1a: Gliscor|19/100 tox|[from] Grassy Terrain
|-heal|p2a: E.Honda|83/100 tox|[from] Grassy Terrain
|-heal|p1a: Gliscor|31/100 tox|[from] ability: Poison Heal
|-damage|p2a: E.Honda|65/100 tox|[from] psn
|upkeep
|turn|33
|
|t:|1778507995
|move|p1a: Gliscor|Protect|p1a: Gliscor
|-singleturn|p1a: Gliscor|Protect
|move|p2a: E.Honda|Swords Dance|p2a: E.Honda
|-boost|p2a: E.Honda|atk|2
|
|-heal|p1a: Gliscor|37/100 tox|[from] Grassy Terrain
|-heal|p2a: E.Honda|71/100 tox|[from] Grassy Terrain
|-heal|p1a: Gliscor|50/100 tox|[from] ability: Poison Heal
|-damage|p2a: E.Honda|46/100 tox|[from] psn
|-fieldend|move: Grassy Terrain
|upkeep
|turn|34
|
|t:|1778508005
|move|p1a: Gliscor|Protect|p1a: Gliscor
|-singleturn|p1a: Gliscor|Protect
|move|p2a: E.Honda|Thunder Punch|p1a: Gliscor
|-activate|p1a: Gliscor|move: Protect
|
|-heal|p1a: Gliscor|62/100 tox|[from] ability: Poison Heal
|-damage|p2a: E.Honda|15/100 tox|[from] psn
|upkeep
|turn|35
|
|t:|1778508009
|move|p1a: Gliscor|Knock Off|p2a: E.Honda
|-resisted|p2a: E.Honda
|-damage|p2a: E.Honda|10/100 tox
|move|p2a: E.Honda|Thunder Punch|p1a: Gliscor
|-damage|p1a: Gliscor|0 fnt
|faint|p1a: Gliscor
|
|-damage|p2a: E.Honda|0 fnt|[from] psn
|faint|p2a: E.Honda
|-end|p2a: E.Honda|Quark Drive|[silent]
|upkeep
|
|t:|1778508018
|switch|p1a: Corviknight|Corviknight, M|100/100
|switch|p2a: Rolla|Rillaboom, F|53/100
|-damage|p2a: Rolla|28/100|[from] Spikes
|-damage|p2a: Rolla|15/100|[from] Stealth Rock
|-fieldstart|move: Grassy Terrain|[from] ability: Grassy Surge|[of] p2a: Rolla
|-damage|p1a: Corviknight|88/100|[from] Stealth Rock
|-ability|p1a: Corviknight|Pressure
|turn|36
|
|t:|1778508022
|move|p2a: Rolla|Low Kick|p1a: Corviknight
|-damage|p1a: Corviknight|70/100
|move|p1a: Corviknight|Roost|p1a: Corviknight
|-heal|p1a: Corviknight|100/100
|-singleturn|p1a: Corviknight|move: Roost
|
|-heal|p2a: Rolla|21/100|[from] Grassy Terrain
|upkeep
|turn|37
|
|t:|1778508026
|move|p2a: Rolla|Knock Off|p1a: Corviknight
|-damage|p1a: Corviknight|85/100
|move|p1a: Corviknight|Iron Defense|p1a: Corviknight
|-boost|p1a: Corviknight|def|2
|
|-heal|p2a: Rolla|27/100|[from] Grassy Terrain
|upkeep
|turn|38
|
|t:|1778508033
|switch|p2a: Landa|Landorus-Therian, M|36/100
|-damage|p2a: Landa|23/100|[from] Stealth Rock
|-ability|p2a: Landa|Intimidate|boost
|-unboost|p1a: Corviknight|atk|1
|move|p1a: Corviknight|Body Press|p2a: Landa
|-resisted|p2a: Landa
|-damage|p2a: Landa|0 fnt
|faint|p2a: Landa
|
|upkeep
|
|t:|1778508042
|switch|p2a: Suke|Greninja, M|74/100
|-damage|p2a: Suke|49/100|[from] Spikes
|-damage|p2a: Suke|37/100|[from] Stealth Rock
|turn|39
|
|t:|1778508046
|move|p2a: Suke|Dark Pulse|p1a: Corviknight
|-damage|p1a: Corviknight|38/100
|-damage|p2a: Suke|27/100|[from] item: Life Orb
|cant|p1a: Corviknight|flinch
|
|-heal|p2a: Suke|33/100|[from] Grassy Terrain
|upkeep
|turn|40
|
|t:|1778508054
|switch|p1a: Alomomola|Alomomola, F|94/100
|move|p2a: Suke|Dark Pulse|p1a: Alomomola
|-damage|p1a: Alomomola|40/100
|-damage|p2a: Suke|23/100|[from] item: Life Orb
|
|-heal|p2a: Suke|29/100|[from] Grassy Terrain
|-heal|p1a: Alomomola|47/100|[from] Grassy Terrain
|upkeep
|turn|41
|
|t:|1778508060
|switch|p1a: Shnarl|Goodra-Hisui, F|82/100
|-damage|p1a: Shnarl|76/100|[from] Stealth Rock
|-terastallize|p2a: Suke|Poison
|move|p2a: Suke|Sludge Wave|p1a: Shnarl
|-immune|p1a: Shnarl
|
|-heal|p2a: Suke|35/100|[from] Grassy Terrain
|-heal|p1a: Shnarl|82/100|[from] Grassy Terrain
|upkeep
|turn|42
|
|t:|1778508063
|move|p2a: Suke|Dark Pulse|p1a: Shnarl
|-damage|p1a: Shnarl|65/100
|-damage|p2a: Suke|25/100|[from] item: Life Orb
|move|p1a: Shnarl|Earthquake|p2a: Suke
|-supereffective|p2a: Suke
|-damage|p2a: Suke|0 fnt
|faint|p2a: Suke
|
|-heal|p1a: Shnarl|71/100|[from] Grassy Terrain
|upkeep
|
|t:|1778508068
|switch|p2a: Klingk|Kleavor, F|34/100 tox
|-damage|p2a: Klingk|9/100 tox|[from] Spikes
|-damage|p2a: Klingk|0 fnt|[from] Stealth Rock
|faint|p2a: Klingk
|
|t:|1778508071
|switch|p2a: Rolla|Rillaboom, F|27/100
|-damage|p2a: Rolla|2/100|[from] Spikes
|-damage|p2a: Rolla|0 fnt|[from] Stealth Rock
|faint|p2a: Rolla
|
|win|karmasiren
|raw|karmasiren's rating: 1526 &rarr; <strong>1548</strong><br />(+22 for winning)
|raw|vartholomeus's rating: 1569 &rarr; <strong>1547</strong><br />(-22 for losing)
|c|☆karmasiren|gg
|l|☆vartholomeus
|player|p2|
|l|☆karmasiren
|player|p1|
