|html|<div class="broadcast-blue"><strong>[Gen 9] OU is currently suspecting Tera Blast! For information on how to participate check out the <a href="https://www.smogon.com/tools/suspects/view/200">suspect thread</a>.</strong></div>
|j|☆Noahaustin
|j|☆areithous
|t:|1776250140
|gametype|singles
|player|p1|Noahaustin|hiker-gen4|1111
|player|p2|areithous|giovanni|1068
|gen|9
|tier|[Gen 9] OU
|rated|
|rule|HP Percentage Mod: HP is shown in percentages
|rule|Endless Battle Clause: Forcing endless battles is banned
|rule|Species Clause: Limit one of each Pokémon
|rule|OHKO Clause: OHKO moves are banned
|rule|Evasion Items Clause: Evasion items are banned
|rule|Evasion Moves Clause: Evasion moves are banned
|rule|Evasion Abilities Clause: Evasion abilities are banned
|rule|Sleep Moves Clause: Sleep-inducing moves are banned
|clearpoke
|poke|p1|Ursaluna, M|
|poke|p1|Dragonite, F|
|poke|p1|Primarina, F|
|poke|p1|Scizor, M|
|poke|p1|Moltres|
|poke|p1|Glimmora, F|
|poke|p2|Scyther, M|
|poke|p2|Staraptor, F|
|poke|p2|Flygon, F|
|poke|p2|Gyarados, F|
|poke|p2|Hawlucha, F|
|poke|p2|Talonflame, F|
|teampreview
|
|t:|1776250145
|teamsize|p1|6
|teamsize|p2|6
|start
|switch|p1a: Glimmora|Glimmora, F|100/100
|switch|p2a: Gyarados|Gyarados, F|100/100
|turn|1
|
|t:|1776250156
|move|p2a: Gyarados|Dragon Dance|p2a: Gyarados
|-boost|p2a: Gyarados|atk|1
|-boost|p2a: Gyarados|spe|1
|move|p1a: Glimmora|Reflect|p1a: Glimmora
|-sidestart|p1: Noahaustin|Reflect
|
|upkeep
|turn|2
|
|t:|1776250162
|move|p1a: Glimmora|Spiky Shield|p1a: Glimmora
|-singleturn|p1a: Glimmora|move: Protect
|move|p2a: Gyarados|Dragon Dance|p2a: Gyarados
|-boost|p2a: Gyarados|atk|1
|-boost|p2a: Gyarados|spe|1
|
|upkeep
|turn|3
|
|t:|1776250173
|move|p2a: Gyarados|Dragon Dance|p2a: Gyarados
|-boost|p2a: Gyarados|atk|1
|-boost|p2a: Gyarados|spe|1
|move|p1a: Glimmora|Light Screen|p1a: Glimmora
|-sidestart|p1: Noahaustin|move: Light Screen
|
|upkeep
|turn|4
|
|t:|1776250179
|move|p2a: Gyarados|Dragon Dance|p2a: Gyarados
|-boost|p2a: Gyarados|atk|1
|-boost|p2a: Gyarados|spe|1
|move|p1a: Glimmora|Reflect||[still]
|-fail|p1a: Glimmora
|
|upkeep
|turn|5
|
|t:|1776250186
|move|p1a: Glimmora|Spiky Shield|p1a: Glimmora
|-singleturn|p1a: Glimmora|move: Protect
|move|p2a: Gyarados|Dragon Dance|p2a: Gyarados
|-boost|p2a: Gyarados|atk|1
|-boost|p2a: Gyarados|spe|1
|
|-sideend|p1: Noahaustin|Reflect
|upkeep
|turn|6
|
|t:|1776250200
|move|p2a: Gyarados|Waterfall|p1a: Glimmora
|-supereffective|p1a: Glimmora
|-damage|p1a: Glimmora|0 fnt
|-activate|p1a: Glimmora|ability: Toxic Debris
|-sidestart|p2: areithous|move: Toxic Spikes
|faint|p1a: Glimmora
|-ability|p2a: Gyarados|Moxie|boost
|-boost|p2a: Gyarados|atk|1
|
|upkeep
|
|t:|1776250212
|switch|p1a: Dragonite|Dragonite, F|100/100
|turn|7
|
|t:|1776250222
|move|p1a: Dragonite|Extreme Speed|p2a: Gyarados
|-damage|p2a: Gyarados|65/100
|move|p2a: Gyarados|Ice Fang|p1a: Dragonite
|-supereffective|p1a: Dragonite
|-damage|p1a: Dragonite|0 fnt
|faint|p1a: Dragonite
|
|-sideend|p1: Noahaustin|move: Light Screen
|upkeep
|
|t:|1776250231
|switch|p1a: Scizor|Scizor, M|100/100
|turn|8
|
|t:|1776250237
|move|p2a: Gyarados|Waterfall|p1a: Scizor
|-damage|p1a: Scizor|0 fnt
|faint|p1a: Scizor
|
|upkeep
|
|t:|1776250242
|switch|p1a: Primarina|Primarina, F|100/100
|turn|9
|
|t:|1776250256
|move|p2a: Gyarados|Waterfall|p1a: Primarina
|-resisted|p1a: Primarina
|-damage|p1a: Primarina|0 fnt
|faint|p1a: Primarina
|
|upkeep
|
|t:|1776250268
|switch|p1a: Moltres|Moltres|100/100
|turn|10
|
|t:|1776250278
|move|p2a: Gyarados|Waterfall|p1a: Moltres
|-supereffective|p1a: Moltres
|-damage|p1a: Moltres|0 fnt
|faint|p1a: Moltres
|
|upkeep
|
|t:|1776250283
|switch|p1a: Ursaluna|Ursaluna, M|100/100
|turn|11
|
|t:|1776250288
|move|p2a: Gyarados|Waterfall|p1a: Ursaluna
|-supereffective|p1a: Ursaluna
|-damage|p1a: Ursaluna|0 fnt
|faint|p1a: Ursaluna
|
|win|areithous
|raw|Noahaustin's rating: 1111 &rarr; <strong>1083</strong><br />(-28 for losing)
|raw|areithous's rating: 1068 &rarr; <strong>1101</strong><br />(+33 for winning)
|l|☆Noahaustin
|player|p1|
