|html|<div class="broadcast-blue"><strong>[Gen 9] OU is currently suspecting Tera Blast! For information on how to participate check out the <a href="https://www.smogon.com/tools/suspects/view/200">suspect thread</a>.</strong></div>
|j|☆plshelpme37
|j|☆tripleaxellover
|t:|1776063330
|gametype|singles
|player|p1|plshelpme37|harlequin|1281
|player|p2|tripleaxellover|barry|1260
|gen|9
|tier|[Gen 9] OU
|rated|
|rule|HP Percentage Mod: HP is shown in percentages
|rule|Endless Battle Clause: Forcing endless battles is banned
|rule|Species Clause: Limit one of each Pokémon
|rule|OHKO Clause: OHKO moves are banned
|rule|Evasion Items Clause: Evasion items are banned
|rule|Evasion Moves Clause: Evasion moves are banned
|rule|Evasion Abilities Clause: Evasion abilities are banned
|rule|Sleep Moves Clause: Sleep-inducing moves are banned
|clearpoke
|poke|p1|Hatterene, F|
|poke|p1|Garchomp, F|
|poke|p1|Talonflame, M|
|poke|p1|Tyranitar, M|
|poke|p1|Zamazenta-*|
|poke|p1|Slowking-Galar, M|
|poke|p2|Meowscarada, M|
|poke|p2|Pecharunt|
|poke|p2|Iron Treads|
|poke|p2|Slowking, F|
|poke|p2|Skarmory, M|
|poke|p2|Enamorus, F|
|teampreview
|inactive|Battle timer is ON: inactive players will automatically lose when time's up. (requested by plshelpme37)
|
|t:|1776063350
|teamsize|p1|6
|teamsize|p2|6
|start
|switch|p1a: Johnathan|Talonflame, M|100/100
|switch|p2a: Skarmory|Skarmory, M|100/100
|turn|1
|
|t:|1776063366
|switch|p2a: Slowking|Slowking, F|100/100
|move|p1a: Johnathan|Will-O-Wisp|p2a: Slowking
|-status|p2a: Slowking|brn
|
|-damage|p2a: Slowking|94/100 brn|[from] brn
|upkeep
|turn|2
|
|t:|1776063373
|move|p1a: Johnathan|U-turn|p2a: Slowking
|-supereffective|p2a: Slowking
|-damage|p2a: Slowking|74/100 brn
|
|t:|1776063378
|switch|p1a: Joab|Tyranitar, M|100/100|[from] U-turn
|-weather|Sandstorm|[from] ability: Sand Stream|[of] p1a: Joab
|move|p2a: Slowking|Scald|p1a: Joab
|-supereffective|p1a: Joab
|-damage|p1a: Joab|65/100
|
|-weather|Sandstorm|[upkeep]
|-damage|p2a: Slowking|67/100 brn|[from] Sandstorm
|-heal|p1a: Joab|71/100|[from] item: Leftovers
|-damage|p2a: Slowking|61/100 brn|[from] brn
|upkeep
|turn|3
|
|t:|1776063396
|switch|p2a: Skarmory|Skarmory, M|100/100
|move|p1a: Joab|Knock Off|p2a: Skarmory
|-damage|p2a: Skarmory|63/100
|-enditem|p2a: Skarmory|Covert Cloak|[from] move: Knock Off|[of] p1a: Joab
|
|-weather|Sandstorm|[upkeep]
|-heal|p1a: Joab|77/100|[from] item: Leftovers
|upkeep
|turn|4
|
|t:|1776063405
|switch|p1a: Johnathan|Talonflame, M|100/100
|move|p2a: Skarmory|Spikes|p1a: Johnathan
|-sidestart|p1: plshelpme37|Spikes
|
|-weather|Sandstorm|[upkeep]
|-damage|p1a: Johnathan|94/100|[from] Sandstorm
|upkeep
|turn|5
|inactive|tripleaxellover has 120 seconds left.
|
|t:|1776063437
|switch|p2a: Slowking|Slowking, F|95/100 brn
|move|p1a: Johnathan|Defog|p2a: Slowking
|-unboost|p2a: Slowking|evasion|1
|-sideend|p1: plshelpme37|Spikes|[from] move: Defog|[of] p1a: Johnathan
|
|-weather|Sandstorm|[upkeep]
|-damage|p1a: Johnathan|88/100|[from] Sandstorm
|-damage|p2a: Slowking|89/100 brn|[from] Sandstorm
|-damage|p2a: Slowking|82/100 brn|[from] brn
|upkeep
|turn|6
|
|t:|1776063443
|move|p1a: Johnathan|U-turn|p2a: Slowking
|-supereffective|p2a: Slowking
|-damage|p2a: Slowking|59/100 brn
|
|t:|1776063454
|switch|p1a: Joab|Tyranitar, M|77/100|[from] U-turn
|move|p2a: Slowking|Scald|p1a: Joab
|-supereffective|p1a: Joab
|-damage|p1a: Joab|40/100
|
|-weather|none
|-heal|p1a: Joab|46/100|[from] item: Leftovers
|-damage|p2a: Slowking|52/100 brn|[from] brn
|upkeep
|turn|7
|
|t:|1776063466
|switch|p2a: Skarmory|Skarmory, M|63/100
|move|p1a: Joab|Stone Edge|p2a: Skarmory
|-damage|p2a: Skarmory|28/100
|
|-heal|p1a: Joab|52/100|[from] item: Leftovers
|upkeep
|turn|8
|
|t:|1776063482
|switch|p2a: Slowking|Slowking, F|86/100 brn
|switch|p1a: Garchomp|Garchomp, F|100/100
|
|-damage|p2a: Slowking|80/100 brn|[from] brn
|upkeep
|turn|9
|
|t:|1776063494
|switch|p2a: Meowscarada|Meowscarada, M|100/100
|move|p1a: Garchomp|Earthquake|p2a: Meowscarada
|-resisted|p2a: Meowscarada
|-damage|p2a: Meowscarada|59/100
|-damage|p1a: Garchomp|91/100|[from] item: Life Orb
|
|upkeep
|turn|10
|
|t:|1776063501
|switch|p1a: Johnathan|Talonflame, M|88/100
|move|p2a: Meowscarada|Triple Axel|p1a: Johnathan
|-start|p2a: Meowscarada|typechange|Ice|[from] ability: Protean
|-damage|p1a: Johnathan|70/100
|-damage|p1a: Johnathan|35/100
|-crit|p1a: Johnathan
|-damage|p1a: Johnathan|0 fnt
|faint|p1a: Johnathan
|-hitcount|p1: Johnathan|3
|
|upkeep
|
|t:|1776063520
|switch|p1a: David|Zamazenta|100/100
|-ability|p1a: David|Dauntless Shield|boost
|-boost|p1a: David|def|1
|turn|11
|
|t:|1776063532
|switch|p2a: Slowking|Slowking, F|100/100 brn
|move|p1a: David|Howl|p1a: David
|-boost|p1a: David|atk|1
|
|-damage|p2a: Slowking|94/100 brn|[from] brn
|upkeep
|turn|12
|
|t:|1776063549
|switch|p1a: Mary|Hatterene, F|100/100
|move|p2a: Slowking|Scald|p1a: Mary
|-damage|p1a: Mary|62/100
|-status|p1a: Mary|brn
|
|-heal|p1a: Mary|68/100 brn|[from] item: Leftovers
|-damage|p1a: Mary|62/100 brn|[from] brn
|-damage|p2a: Slowking|88/100 brn|[from] brn
|upkeep
|turn|13
|
|t:|1776063555
|switch|p2a: Skarmory|Skarmory, M|28/100
|move|p1a: Mary|Agility|p1a: Mary
|-boost|p1a: Mary|spe|2
|
|-heal|p1a: Mary|68/100 brn|[from] item: Leftovers
|-damage|p1a: Mary|62/100 brn|[from] brn
|upkeep
|turn|14
|
|t:|1776063560
|move|p1a: Mary|Calm Mind|p1a: Mary
|-boost|p1a: Mary|spa|1
|-boost|p1a: Mary|spd|1
|move|p2a: Skarmory|Roost|p2a: Skarmory
|-heal|p2a: Skarmory|78/100
|-singleturn|p2a: Skarmory|move: Roost
|
|-heal|p1a: Mary|68/100 brn|[from] item: Leftovers
|-damage|p1a: Mary|62/100 brn|[from] brn
|upkeep
|turn|15
|
|t:|1776063585
|switch|p2a: Pecharunt|Pecharunt|100/100
|move|p1a: Mary|Agility|p1a: Mary
|-boost|p1a: Mary|spe|2
|
|-heal|p1a: Mary|68/100 brn|[from] item: Leftovers
|-damage|p1a: Mary|62/100 brn|[from] brn
|upkeep
|turn|16
|
|t:|1776063601
|-terastallize|p1a: Mary|Steel
|move|p1a: Mary|Agility|p1a: Mary
|-boost|p1a: Mary|spe|2
|move|p2a: Pecharunt|Malignant Chain|p1a: Mary
|-immune|p1a: Mary
|
|-heal|p1a: Mary|68/100 brn|[from] item: Leftovers
|-damage|p1a: Mary|62/100 brn|[from] brn
|upkeep
|turn|17
|
|t:|1776063609
|move|p1a: Mary|Stored Power|p2a: Pecharunt
|-supereffective|p2a: Pecharunt
|-damage|p2a: Pecharunt|0 fnt
|faint|p2a: Pecharunt
|
|-heal|p1a: Mary|68/100 brn|[from] item: Leftovers
|-damage|p1a: Mary|62/100 brn|[from] brn
|upkeep
|
|t:|1776063619
|switch|p2a: Iron Treads|Iron Treads|100/100
|turn|18
|
|t:|1776063628
|-terastallize|p2a: Iron Treads|Dark
|move|p1a: Mary|Stored Power|p2a: Iron Treads
|-immune|p2a: Iron Treads
|move|p2a: Iron Treads|Earthquake|p1a: Mary
|-supereffective|p1a: Mary
|-damage|p1a: Mary|0 fnt
|faint|p1a: Mary
|
|upkeep
|
|t:|1776063632
|switch|p1a: David|Zamazenta|100/100
|turn|19
|
|t:|1776063643
|-end|p2a: Iron Treads|Quark Drive|[silent]
|switch|p2a: Slowking|Slowking, F|100/100 brn
|move|p1a: David|Howl|p1a: David
|-boost|p1a: David|atk|1
|
|-damage|p2a: Slowking|94/100 brn|[from] brn
|upkeep
|turn|20
|
|t:|1776063657
|switch|p1a: Slowking|Slowking-Galar, M|100/100
|move|p2a: Slowking|Scald|p1a: Slowking
|-damage|p1a: Slowking|85/100
|-status|p1a: Slowking|brn
|
|-damage|p2a: Slowking|88/100 brn|[from] brn
|-damage|p1a: Slowking|79/100 brn|[from] brn
|upkeep
|turn|21
|inactive|tripleaxellover has 120 seconds left.
|
|t:|1776063715
|switch|p2a: Iron Treads|Iron Treads, tera:Dark|100/100
|move|p1a: Slowking|Sludge Bomb|p2a: Iron Treads
|-damage|p2a: Iron Treads|66/100
|
|-heal|p2a: Iron Treads|72/100|[from] item: Leftovers
|-damage|p1a: Slowking|73/100 brn|[from] brn
|upkeep
|turn|22
|
|t:|1776063728
|switch|p1a: David|Zamazenta|100/100
|move|p2a: Iron Treads|Knock Off|p1a: David
|-resisted|p1a: David
|-damage|p1a: David|83/100
|-enditem|p1a: David|Leftovers|[from] move: Knock Off|[of] p2a: Iron Treads
|
|-heal|p2a: Iron Treads|78/100|[from] item: Leftovers
|upkeep
|turn|23
|
|t:|1776063737
|switch|p1a: Joab|Tyranitar, M|52/100
|-weather|Sandstorm|[from] ability: Sand Stream|[of] p1a: Joab
|move|p2a: Iron Treads|Stealth Rock|p1a: Joab
|-sidestart|p1: plshelpme37|move: Stealth Rock
|
|-weather|Sandstorm|[upkeep]
|-damage|p2a: Iron Treads|72/100|[from] Sandstorm
|-heal|p2a: Iron Treads|78/100|[from] item: Leftovers
|-heal|p1a: Joab|59/100|[from] item: Leftovers
|upkeep
|turn|24
|
|t:|1776063746
|switch|p1a: David|Zamazenta|83/100
|-damage|p1a: David|77/100|[from] Stealth Rock
|move|p2a: Iron Treads|Earthquake|p1a: David
|-damage|p1a: David|40/100
|
|-weather|Sandstorm|[upkeep]
|-damage|p1a: David|34/100|[from] Sandstorm
|-damage|p2a: Iron Treads|72/100|[from] Sandstorm
|-heal|p2a: Iron Treads|78/100|[from] item: Leftovers
|upkeep
|turn|25
|
|t:|1776063754
|move|p1a: David|Howl|p1a: David
|-boost|p1a: David|atk|1
|move|p2a: Iron Treads|Earthquake|p1a: David
|-damage|p1a: David|0 fnt
|faint|p1a: David
|
|-weather|Sandstorm|[upkeep]
|-damage|p2a: Iron Treads|72/100|[from] Sandstorm
|-heal|p2a: Iron Treads|78/100|[from] item: Leftovers
|upkeep
|-message|plshelpme37 forfeited.
|
|win|tripleaxellover
|raw|plshelpme37's rating: 1281 &rarr; <strong>1254</strong><br />(-27 for losing)
|raw|tripleaxellover's rating: 1260 &rarr; <strong>1287</strong><br />(+27 for winning)
|l|☆plshelpme37
|player|p1|
|l|☆tripleaxellover
|player|p2|
