|html|<div class="broadcast-blue"><strong>[Gen 9] OU is currently suspecting Tera Blast! For information on how to participate check out the <a href="https://www.smogon.com/tools/suspects/view/200">suspect thread</a>.</strong></div>
|j|☆regalecidae
|j|☆HildaBeast23
|t:|1776301232
|gametype|singles
|player|p1|regalecidae|policeman-gen4|1140
|player|p2|HildaBeast23|hilda-wonderlauncher|1156
|gen|9
|tier|[Gen 9] OU
|rated|
|rule|HP Percentage Mod: HP is shown in percentages
|rule|Endless Battle Clause: Forcing endless battles is banned
|rule|Species Clause: Limit one of each Pokémon
|rule|OHKO Clause: OHKO moves are banned
|rule|Evasion Items Clause: Evasion items are banned
|rule|Evasion Moves Clause: Evasion moves are banned
|rule|Evasion Abilities Clause: Evasion abilities are banned
|rule|Sleep Moves Clause: Sleep-inducing moves are banned
|clearpoke
|poke|p1|Alomomola, M|
|poke|p1|Corviknight, M|
|poke|p1|Pecharunt|
|poke|p1|Primarina, F|
|poke|p1|Dondozo, F|
|poke|p1|Glimmora, M|
|poke|p2|Corviknight, M|
|poke|p2|Lycanroc-Midnight, M|
|poke|p2|Salazzle, F|
|poke|p2|Weezing-Galar, M|
|poke|p2|Gothitelle, M|
|poke|p2|Krookodile, M|
|teampreview
|c|☆regalecidae|Gl hf
|
|t:|1776301274
|teamsize|p1|6
|teamsize|p2|6
|start
|switch|p1a: Glimmora|Glimmora, M|100/100
|switch|p2a: Corviknight|Corviknight, M|100/100
|turn|1
|
|t:|1776301281
|move|p2a: Corviknight|Agility|p2a: Corviknight
|-boost|p2a: Corviknight|spe|2
|move|p1a: Glimmora|Stealth Rock|p2a: Corviknight
|-sidestart|p2: HildaBeast23|move: Stealth Rock
|
|upkeep
|turn|2
|
|t:|1776301290
|switch|p1a: Alomomola|Alomomola, M|100/100
|move|p2a: Corviknight|Bulk Up|p2a: Corviknight
|-boost|p2a: Corviknight|atk|1
|-boost|p2a: Corviknight|def|1
|
|upkeep
|turn|3
|
|t:|1776301299
|move|p2a: Corviknight|Power Trip|p1a: Alomomola
|-damage|p1a: Alomomola|78/100
|move|p1a: Alomomola|Scald|p2a: Corviknight
|-crit|p2a: Corviknight
|-damage|p2a: Corviknight|84/100
|
|-heal|p2a: Corviknight|90/100|[from] item: Leftovers
|upkeep
|turn|4
|
|t:|1776301310
|move|p2a: Corviknight|Bulk Up|p2a: Corviknight
|-boost|p2a: Corviknight|atk|1
|-boost|p2a: Corviknight|def|1
|move|p1a: Alomomola|Scald|p2a: Corviknight
|-damage|p2a: Corviknight|77/100
|
|-heal|p2a: Corviknight|84/100|[from] item: Leftovers
|upkeep
|turn|5
|
|t:|1776301323
|switch|p2a: Weezing|Weezing-Galar, M|100/100
|-damage|p2a: Weezing|88/100|[from] Stealth Rock
|-fieldstart|move: Misty Terrain|[from] ability: Misty Surge|[of] p2a: Weezing
|move|p1a: Alomomola|Protect||[still]
|-fail|p1a: Alomomola
|
|upkeep
|turn|6
|
|t:|1776301333
|move|p1a: Alomomola|Flip Turn|p2a: Weezing
|-damage|p2a: Weezing|74/100
|
|t:|1776301339
|switch|p1a: Corviknight|Corviknight, M|100/100|[from] Flip Turn
|move|p2a: Weezing|Defog|p1a: Corviknight
|-ability|p1a: Corviknight|Mirror Armor
|-unboost|p2a: Weezing|evasion|1
|-sideend|p2: HildaBeast23|Stealth Rock|[from] move: Defog|[of] p2a: Weezing
|-fieldend|Misty Terrain
|
|upkeep
|turn|7
|
|t:|1776301359
|switch|p2a: Salazzle|Salazzle, F|100/100
|move|p1a: Corviknight|Iron Head|p2a: Salazzle
|-resisted|p2a: Salazzle
|-damage|p2a: Salazzle|72/100
|
|-heal|p2a: Salazzle|78/100|[from] item: Black Sludge
|upkeep
|turn|8
|
|t:|1776301368
|switch|p1a: Alomomola|Alomomola, M|100/100
|move|p2a: Salazzle|Agility|p2a: Salazzle
|-boost|p2a: Salazzle|spe|2
|
|-heal|p2a: Salazzle|84/100|[from] item: Black Sludge
|upkeep
|turn|9
|
|t:|1776301381
|switch|p2a: Weezing|Weezing-Galar, M|74/100
|-fieldstart|move: Misty Terrain|[from] ability: Misty Surge|[of] p2a: Weezing
|move|p1a: Alomomola|Flip Turn|p2a: Weezing
|-damage|p2a: Weezing|62/100
|inactive|Battle timer is ON: inactive players will automatically lose when time's up. (requested by HildaBeast23)
|
|t:|1776301388
|switch|p1a: Corviknight|Corviknight, M|100/100|[from] Flip Turn
|
|upkeep
|turn|10
|
|t:|1776301397
|switch|p2a: Gothitelle|Gothitelle, M|100/100
|-item|p1a: Corviknight|Rocky Helmet|[from] ability: Frisk|[of] p2a: Gothitelle
|-enditem|p2a: Gothitelle|Misty Seed
|-boost|p2a: Gothitelle|spd|1|[from] item: Misty Seed
|move|p1a: Corviknight|Iron Head|p2a: Gothitelle
|-damage|p2a: Gothitelle|70/100
|
|upkeep
|turn|11
|
|t:|1776301408
|move|p1a: Corviknight|Brave Bird|p2a: Gothitelle
|-crit|p2a: Gothitelle
|-damage|p2a: Gothitelle|0 fnt
|faint|p2a: Gothitelle
|-damage|p1a: Corviknight|79/100|[from] Recoil
|
|upkeep
|
|t:|1776301429
|switch|p2a: Krookodile|Krookodile, M|100/100
|turn|12
|
|t:|1776301435
|switch|p1a: Alomomola|Alomomola, M|100/100
|move|p2a: Krookodile|Hone Claws|p2a: Krookodile
|-boost|p2a: Krookodile|atk|1
|-boost|p2a: Krookodile|accuracy|1
|
|upkeep
|turn|13
|
|t:|1776301446
|move|p2a: Krookodile|Hone Claws|p2a: Krookodile
|-boost|p2a: Krookodile|atk|1
|-boost|p2a: Krookodile|accuracy|1
|move|p1a: Alomomola|Flip Turn|p2a: Krookodile
|-supereffective|p2a: Krookodile
|-damage|p2a: Krookodile|69/100
|
|t:|1776301453
|switch|p1a: Dondozo|Dondozo, F|100/100|[from] Flip Turn
|
|upkeep
|turn|14
|
|t:|1776301461
|move|p2a: Krookodile|Scale Shot|p1a: Dondozo|[miss]
|-miss|p2a: Krookodile|p1a: Dondozo
|move|p1a: Dondozo|Liquidation|p2a: Krookodile
|-supereffective|p2a: Krookodile
|-damage|p2a: Krookodile|0 fnt
|faint|p2a: Krookodile
|
|upkeep
|
|t:|1776301465
|switch|p2a: Weezing|Weezing-Galar, M|62/100
|turn|15
|
|t:|1776301473
|move|p2a: Weezing|Strange Steam|p1a: Dondozo
|-damage|p1a: Dondozo|85/100
|move|p1a: Dondozo|Liquidation|p2a: Weezing
|-damage|p2a: Weezing|34/100
|
|upkeep
|turn|16
|
|t:|1776301482
|move|p2a: Weezing|Strange Steam|p1a: Dondozo
|-damage|p1a: Dondozo|70/100
|move|p1a: Dondozo|Liquidation|p2a: Weezing
|-damage|p2a: Weezing|8/100
|-unboost|p2a: Weezing|def|1
|
|-fieldend|Misty Terrain
|upkeep
|turn|17
|
|t:|1776301491
|move|p2a: Weezing|Explosion|p1a: Dondozo
|-damage|p1a: Dondozo|39/100
|faint|p2a: Weezing
|move|p1a: Dondozo|Liquidation|p2: Weezing|[notarget]
|-fail|p1a: Dondozo
|
|upkeep
|
|t:|1776301500
|switch|p2a: Lycanroc|Lycanroc-Midnight, M|100/100
|turn|18
|
|t:|1776301507
|move|p2a: Lycanroc|Stone Edge|p1a: Dondozo
|-crit|p1a: Dondozo
|-damage|p1a: Dondozo|0 fnt
|faint|p1a: Dondozo
|
|upkeep
|
|t:|1776301513
|switch|p1a: Glimmora|Glimmora, M|100/100
|turn|19
|
|t:|1776301518
|move|p1a: Glimmora|Stealth Rock|p2a: Lycanroc
|-sidestart|p2: HildaBeast23|move: Stealth Rock
|move|p2a: Lycanroc|Trailblaze|p1a: Glimmora
|-damage|p1a: Glimmora|86/100
|-boost|p2a: Lycanroc|spe|1
|-activate|p1a: Glimmora|ability: Toxic Debris
|-sidestart|p2: HildaBeast23|move: Toxic Spikes
|
|upkeep
|turn|20
|
|t:|1776301527
|move|p2a: Lycanroc|Trailblaze|p1a: Glimmora
|-damage|p1a: Glimmora|71/100
|-boost|p2a: Lycanroc|spe|1
|-activate|p1a: Glimmora|ability: Toxic Debris
|-sidestart|p2: HildaBeast23|move: Toxic Spikes
|move|p1a: Glimmora|Mortal Spin|p2a: Lycanroc
|-resisted|p2a: Lycanroc
|-damage|p2a: Lycanroc|98/100
|-status|p2a: Lycanroc|psn
|
|-damage|p2a: Lycanroc|85/100 psn|[from] psn
|upkeep
|turn|21
|
|t:|1776301546
|move|p2a: Lycanroc|Close Combat|p1a: Glimmora
|-damage|p1a: Glimmora|37/100
|-unboost|p2a: Lycanroc|def|1
|-unboost|p2a: Lycanroc|spd|1
|move|p1a: Glimmora|Power Gem|p2a: Lycanroc
|-damage|p2a: Lycanroc|38/100 psn
|
|-damage|p2a: Lycanroc|26/100 psn|[from] psn
|upkeep
|turn|22
|
|t:|1776301557
|move|p2a: Lycanroc|Stone Edge|p1a: Glimmora
|-damage|p1a: Glimmora|0 fnt
|faint|p1a: Glimmora
|
|-damage|p2a: Lycanroc|14/100 psn|[from] psn
|upkeep
|
|t:|1776301564
|switch|p1a: Primarina|Primarina, F, shiny|100/100
|turn|23
|
|t:|1776301568
|-terastallize|p1a: Primarina|Water
|move|p2a: Lycanroc|Stone Edge|p1a: Primarina
|-crit|p1a: Primarina
|-damage|p1a: Primarina|24/100
|move|p1a: Primarina|Hyper Voice|p2a: Lycanroc
|-supereffective|p2a: Lycanroc
|-damage|p2a: Lycanroc|0 fnt
|faint|p2a: Lycanroc
|
|upkeep
|
|t:|1776301585
|switch|p2a: Corviknight|Corviknight, M|84/100
|-damage|p2a: Corviknight|71/100|[from] Stealth Rock
|turn|24
|
|t:|1776301590
|move|p2a: Corviknight|Agility|p2a: Corviknight
|-boost|p2a: Corviknight|spe|2
|move|p1a: Primarina|Hyper Voice|p2a: Corviknight
|-damage|p2a: Corviknight|18/100
|
|-heal|p2a: Corviknight|25/100|[from] item: Leftovers
|upkeep
|turn|25
|
|t:|1776301600
|move|p2a: Corviknight|Power Trip|p1a: Primarina
|-damage|p1a: Primarina|11/100
|move|p1a: Primarina|Hyper Voice|p2a: Corviknight
|-damage|p2a: Corviknight|0 fnt
|faint|p2a: Corviknight
|
|upkeep
|
|t:|1776301603
|switch|p2a: Salazzle|Salazzle, F|84/100
|-damage|p2a: Salazzle|59/100|[from] Stealth Rock
|-sideend|p2: HildaBeast23|move: Toxic Spikes|[of] p2a: Salazzle
|turn|26
|
|t:|1776301613
|move|p2a: Salazzle|Sludge Wave|p1a: Primarina
|-damage|p1a: Primarina|0 fnt
|faint|p1a: Primarina
|
|-heal|p2a: Salazzle|65/100|[from] item: Black Sludge
|upkeep
|
|t:|1776301620
|switch|p1a: Pecharunt|Pecharunt|100/100
|turn|27
|
|t:|1776301634
|move|p2a: Salazzle|Flamethrower|p1a: Pecharunt
|-damage|p1a: Pecharunt|57/100
|move|p1a: Pecharunt|Nasty Plot|p1a: Pecharunt
|-boost|p1a: Pecharunt|spa|2
|
|-heal|p2a: Salazzle|71/100|[from] item: Black Sludge
|upkeep
|turn|28
|
|t:|1776301643
|move|p2a: Salazzle|Flamethrower|p1a: Pecharunt
|-damage|p1a: Pecharunt|20/100
|-enditem|p1a: Pecharunt|Aguav Berry|[eat]
|-heal|p1a: Pecharunt|53/100|[from] item: Aguav Berry
|move|p1a: Pecharunt|Poltergeist|p2a: Salazzle
|-activate|p2a: Salazzle|move: Poltergeist|Black Sludge
|-damage|p2a: Salazzle|22/100
|
|-heal|p2a: Salazzle|28/100|[from] item: Black Sludge
|upkeep
|turn|29
|
|t:|1776301654
|move|p2a: Salazzle|Flamethrower|p1a: Pecharunt
|-damage|p1a: Pecharunt|10/100
|move|p1a: Pecharunt|Poltergeist|p2a: Salazzle
|-activate|p2a: Salazzle|move: Poltergeist|Black Sludge
|-damage|p2a: Salazzle|0 fnt
|faint|p2a: Salazzle
|
|win|regalecidae
|raw|regalecidae's rating: 1140 &rarr; <strong>1166</strong><br />(+26 for winning)
|raw|HildaBeast23's rating: 1156 &rarr; <strong>1130</strong><br />(-26 for losing)
|l|☆HildaBeast23
|player|p2|
