|html|<div class="broadcast-blue"><strong>[Gen 9] OU is currently suspecting Tera Blast! For information on how to participate check out the <a href="https://www.smogon.com/tools/suspects/view/200">suspect thread</a>.</strong></div>
|j|☆mothfox
|j|☆blanca09
|t:|1776188159
|gametype|singles
|player|p1|mothfox|colress|1267
|player|p2|blanca09|marlon|1223
|gen|9
|tier|[Gen 9] OU
|rated|
|rule|HP Percentage Mod: HP is shown in percentages
|rule|Endless Battle Clause: Forcing endless battles is banned
|rule|Species Clause: Limit one of each Pokémon
|rule|OHKO Clause: OHKO moves are banned
|rule|Evasion Items Clause: Evasion items are banned
|rule|Evasion Moves Clause: Evasion moves are banned
|rule|Evasion Abilities Clause: Evasion abilities are banned
|rule|Sleep Moves Clause: Sleep-inducing moves are banned
|clearpoke
|poke|p1|Corviknight, F|
|poke|p1|Gliscor, F|
|poke|p1|Blissey, F|
|poke|p1|Dondozo, M|
|poke|p1|Toxapex, M|
|poke|p1|Weezing-Galar, M|
|poke|p2|Ninetales, M|
|poke|p2|Blaziken, F|
|poke|p2|Walking Wake|
|poke|p2|Whimsicott, F|
|poke|p2|Great Tusk|
|poke|p2|Iron Moth|
|teampreview
|inactive|Battle timer is ON: inactive players will automatically lose when time's up. (requested by mothfox)
|c|☆mothfox|glhf
|
|t:|1776188177
|teamsize|p1|6
|teamsize|p2|6
|start
|switch|p1a: Smokestack|Weezing-Galar, M|100/100
|switch|p2a: borutodad|Ninetales, M|100/100
|-ability|p1a: Smokestack|Neutralizing Gas
|turn|1
|c|☆blanca09|against stall is hard to have fun but hf u too
|c|☆mothfox|fair enough
|
|t:|1776188194
|move|p2a: borutodad|Scorching Sands|p1a: Smokestack
|-supereffective|p1a: Smokestack
|-damage|p1a: Smokestack|54/100
|move|p1a: Smokestack|Sludge Bomb|p2a: borutodad
|-damage|p2a: borutodad|72/100
|
|upkeep
|turn|2
|
|t:|1776188202
|-end|p1a: Smokestack|ability: Neutralizing Gas
|-weather|SunnyDay|[from] ability: Drought|[of] p2a: borutodad
|switch|p1a: Gliscor|Gliscor, F|100/100
|move|p2a: borutodad|Overheat|p1a: Gliscor|[miss]
|-miss|p2a: borutodad|p1a: Gliscor
|
|-weather|SunnyDay|[upkeep]
|-status|p1a: Gliscor|tox|[from] item: Toxic Orb
|upkeep
|turn|3
|
|t:|1776188222
|move|p2a: borutodad|Overheat|p1a: Gliscor
|-damage|p1a: Gliscor|41/100 tox
|-unboost|p2a: borutodad|spa|2
|move|p1a: Gliscor|Knock Off|p2a: borutodad
|-damage|p2a: borutodad|42/100
|-enditem|p2a: borutodad|Heat Rock|[from] move: Knock Off|[of] p1a: Gliscor
|
|-weather|SunnyDay|[upkeep]
|-heal|p1a: Gliscor|53/100 tox|[from] ability: Poison Heal
|upkeep
|turn|4
|
|t:|1776188233
|switch|p2a: Dubya|Walking Wake|100/100
|-activate|p2a: Dubya|ability: Protosynthesis
|-start|p2a: Dubya|protosynthesisspe
|move|p1a: Gliscor|Protect||[still]
|-fail|p1a: Gliscor
|
|-weather|SunnyDay|[upkeep]
|-heal|p1a: Gliscor|66/100 tox|[from] ability: Poison Heal
|upkeep
|turn|5
|
|t:|1776188241
|move|p1a: Gliscor|Protect|p1a: Gliscor
|-singleturn|p1a: Gliscor|Protect
|move|p2a: Dubya|Hydro Steam|p1a: Gliscor
|-activate|p1a: Gliscor|move: Protect
|
|-weather|SunnyDay|[upkeep]
|-heal|p1a: Gliscor|78/100 tox|[from] ability: Poison Heal
|upkeep
|turn|6
|
|t:|1776188251
|switch|p1a: Blob|Blissey, F|100/100
|move|p2a: Dubya|Hydro Steam|p1a: Blob
|-damage|p1a: Blob|82/100
|
|-weather|SunnyDay|[upkeep]
|upkeep
|turn|7
|
|t:|1776188258
|move|p2a: Dubya|Knock Off|p1a: Blob
|-damage|p1a: Blob|65/100
|-enditem|p1a: Blob|Heavy-Duty Boots|[from] move: Knock Off|[of] p2a: Dubya
|move|p1a: Blob|Stealth Rock|p2a: Dubya
|-sidestart|p2: blanca09|move: Stealth Rock
|
|-weather|SunnyDay|[upkeep]
|upkeep
|turn|8
|
|t:|1776188268
|move|p2a: Dubya|Hydro Steam|p1a: Blob
|-damage|p1a: Blob|45/100
|move|p1a: Blob|Soft-Boiled|p1a: Blob
|-heal|p1a: Blob|95/100
|
|-weather|SunnyDay|[upkeep]
|upkeep
|turn|9
|
|t:|1776188279
|-end|p2a: Dubya|Protosynthesis|[silent]
|switch|p2a: kenshiro|Blaziken, F|100/100
|-damage|p2a: kenshiro|88/100|[from] Stealth Rock
|move|p1a: Blob|Shadow Ball|p2a: kenshiro
|-damage|p2a: kenshiro|66/100
|-unboost|p2a: kenshiro|spd|1
|
|-weather|none
|-heal|p2a: kenshiro|72/100|[from] item: Leftovers
|upkeep
|turn|10
|c|☆mothfox|no speed boost?
|
|t:|1776188298
|switch|p1a: Dondozo|Dondozo, M|100/100
|move|p2a: kenshiro|Swords Dance|p2a: kenshiro
|-boost|p2a: kenshiro|atk|2
|
|-heal|p2a: kenshiro|78/100|[from] item: Leftovers
|-ability|p2a: kenshiro|Speed Boost|boost
|-boost|p2a: kenshiro|spe|1
|upkeep
|turn|11
|c|☆mothfox|oh
|c|☆mothfox|no it needs a full turn
|c|☆mothfox|i'm dumb
|
|t:|1776188314
|switch|p2a: Treevis Scott|Whimsicott, F|100/100
|-damage|p2a: Treevis Scott|88/100|[from] Stealth Rock
|move|p1a: Dondozo|Body Press|p2a: Treevis Scott
|-resisted|p2a: Treevis Scott
|-damage|p2a: Treevis Scott|69/100
|
|upkeep
|turn|12
|
|t:|1776188329
|switch|p1a: Blob|Blissey, F|95/100
|move|p2a: Treevis Scott|Growth|p2a: Treevis Scott
|-boost|p2a: Treevis Scott|atk|1
|-boost|p2a: Treevis Scott|spa|1
|
|upkeep
|turn|13
|c|☆mothfox|Treevis Scot is a good nick
|
|t:|1776188346
|-terastallize|p2a: Treevis Scott|Ghost
|move|p2a: Treevis Scott|Growth|p2a: Treevis Scott
|-boost|p2a: Treevis Scott|atk|1
|-boost|p2a: Treevis Scott|spa|1
|move|p1a: Blob|Calm Mind|p1a: Blob
|-boost|p1a: Blob|spa|1
|-boost|p1a: Blob|spd|1
|
|upkeep
|turn|14
|c|☆blanca09|thanks bro
|
|t:|1776188356
|move|p2a: Treevis Scott|Moonblast|p1a: Blob
|-damage|p1a: Blob|72/100
|-damage|p2a: Treevis Scott|59/100|[from] item: Life Orb
|move|p1a: Blob|Shadow Ball|p2a: Treevis Scott
|-supereffective|p2a: Treevis Scott
|-damage|p2a: Treevis Scott|0 fnt
|faint|p2a: Treevis Scott
|
|upkeep
|
|t:|1776188361
|switch|p2a: borutodad|Ninetales, M|42/100
|-damage|p2a: borutodad|17/100|[from] Stealth Rock
|-weather|SunnyDay|[from] ability: Drought|[of] p2a: borutodad
|turn|15
|
|t:|1776188368
|move|p2a: borutodad|Overheat|p1a: Blob
|-damage|p1a: Blob|54/100
|-unboost|p2a: borutodad|spa|2
|move|p1a: Blob|Shadow Ball|p2a: borutodad
|-damage|p2a: borutodad|0 fnt
|faint|p2a: borutodad
|
|-weather|SunnyDay|[upkeep]
|upkeep
|
|t:|1776188371
|switch|p2a: kenshiro|Blaziken, F|78/100
|-damage|p2a: kenshiro|66/100|[from] Stealth Rock
|turn|16
|
|t:|1776188384
|switch|p1a: Dondozo|Dondozo, M|100/100
|move|p2a: kenshiro|Swords Dance|p2a: kenshiro
|-boost|p2a: kenshiro|atk|2
|
|-weather|SunnyDay|[upkeep]
|-heal|p2a: kenshiro|72/100|[from] item: Leftovers
|-ability|p2a: kenshiro|Speed Boost|boost
|-boost|p2a: kenshiro|spe|1
|upkeep
|turn|17
|
|t:|1776188394
|move|p2a: kenshiro|Protect|p2a: kenshiro
|-singleturn|p2a: kenshiro|Protect
|move|p1a: Dondozo|Avalanche|p2a: kenshiro
|-activate|p2a: kenshiro|move: Protect
|
|-weather|SunnyDay|[upkeep]
|-heal|p2a: kenshiro|78/100|[from] item: Leftovers
|-ability|p2a: kenshiro|Speed Boost|boost
|-boost|p2a: kenshiro|spe|1
|upkeep
|turn|18
|
|t:|1776188403
|move|p2a: kenshiro|Swords Dance|p2a: kenshiro
|-boost|p2a: kenshiro|atk|2
|move|p1a: Dondozo|Avalanche|p2a: kenshiro
|-resisted|p2a: kenshiro
|-damage|p2a: kenshiro|68/100
|
|-weather|SunnyDay|[upkeep]
|-heal|p2a: kenshiro|74/100|[from] item: Leftovers
|-ability|p2a: kenshiro|Speed Boost|boost
|-boost|p2a: kenshiro|spe|1
|upkeep
|turn|19
|
|t:|1776188412
|move|p2a: kenshiro|Close Combat|p1a: Dondozo
|-damage|p1a: Dondozo|71/100
|-unboost|p2a: kenshiro|def|1
|-unboost|p2a: kenshiro|spd|1
|move|p1a: Dondozo|Body Press|p2a: kenshiro
|-damage|p2a: kenshiro|29/100
|
|-weather|none
|-heal|p2a: kenshiro|35/100|[from] item: Leftovers
|-ability|p2a: kenshiro|Speed Boost|boost
|-boost|p2a: kenshiro|spe|1
|upkeep
|turn|20
|
|t:|1776188426
|move|p2a: kenshiro|Close Combat|p1a: Dondozo
|-damage|p1a: Dondozo|41/100
|-unboost|p2a: kenshiro|def|1
|-unboost|p2a: kenshiro|spd|1
|move|p1a: Dondozo|Body Press|p2a: kenshiro
|-damage|p2a: kenshiro|0 fnt
|faint|p2a: kenshiro
|
|upkeep
|
|t:|1776188433
|switch|p2a: Dubya|Walking Wake|100/100
|-damage|p2a: Dubya|88/100|[from] Stealth Rock
|turn|21
|
|t:|1776188441
|switch|p1a: Blob|Blissey, F|54/100
|move|p2a: Dubya|Knock Off|p1a: Blob
|-damage|p1a: Blob|44/100
|
|upkeep
|turn|22
|
|t:|1776188448
|move|p2a: Dubya|Draco Meteor|p1a: Blob
|-damage|p1a: Blob|23/100
|-unboost|p2a: Dubya|spa|2
|move|p1a: Blob|Soft-Boiled|p1a: Blob
|-heal|p1a: Blob|73/100
|
|upkeep
|turn|23
|
|t:|1776188459
|move|p2a: Dubya|Flip Turn|p1a: Blob
|-damage|p1a: Blob|58/100
|
|t:|1776188463
|-end|p2a: Dubya|Protosynthesis|[silent]
|switch|p2a: Address Me|Great Tusk|100/100|[from] Flip Turn
|-damage|p2a: Address Me|98/100|[from] Stealth Rock
|move|p1a: Blob|Shadow Ball|p2a: Address Me
|-damage|p2a: Address Me|78/100
|
|upkeep
|turn|24
|c|☆mothfox|i'm 100% stealing that nick name
|c|☆mothfox|that's so good
|inactive|mothfox has 120 seconds left.
|
|t:|1776188496
|switch|p1a: Corviknight|Corviknight, F|100/100
|-ability|p1a: Corviknight|Pressure
|move|p2a: Address Me|Stealth Rock|p1a: Corviknight
|-sidestart|p1: mothfox|move: Stealth Rock
|
|upkeep
|turn|25
|c|☆blanca09|dude ur a nice
|inactive|mothfox has 120 seconds left.
|c|☆blanca09|plz stop playing with stall
|c|☆blanca09|hahaha
|
|t:|1776188514
|move|p2a: Address Me|Rapid Spin|p1a: Corviknight
|-resisted|p1a: Corviknight
|-damage|p1a: Corviknight|94/100
|-boost|p2a: Address Me|spe|1
|-damage|p2a: Address Me|62/100|[from] item: Rocky Helmet|[of] p1a: Corviknight
|-sideend|p2: blanca09|Stealth Rock|[from] move: Rapid Spin|[of] p2a: Address Me
|move|p1a: Corviknight|Defog|p2a: Address Me
|-unboost|p2a: Address Me|evasion|1
|-sideend|p1: mothfox|Stealth Rock|[from] move: Defog|[of] p1a: Corviknight
|
|upkeep
|turn|26
|inactive|mothfox has 120 seconds left.
|c|☆mothfox|unfortunately i really like playing with stall
|
|t:|1776188539
|move|p2a: Address Me|Ice Spinner|p1a: Corviknight
|-damage|p1a: Corviknight|74/100
|-damage|p2a: Address Me|45/100|[from] item: Rocky Helmet|[of] p1a: Corviknight
|move|p1a: Corviknight|Body Press|p2a: Address Me
|-damage|p2a: Address Me|33/100
|-damage|p1a: Corviknight|58/100|[from] item: Rocky Helmet|[of] p2a: Address Me
|
|upkeep
|turn|27
|
|t:|1776188548
|-end|p2a: Address Me|Protosynthesis|[silent]
|switch|p2a: Kokushibo|Iron Moth|100/100
|-enditem|p2a: Kokushibo|Booster Energy
|-activate|p2a: Kokushibo|ability: Quark Drive|[fromitem]
|-start|p2a: Kokushibo|quarkdrivespa
|move|p1a: Corviknight|Roost|p1a: Corviknight
|-heal|p1a: Corviknight|100/100
|-singleturn|p1a: Corviknight|move: Roost
|
|upkeep
|turn|28
|inactive|mothfox has 120 seconds left.
|
|t:|1776188559
|switch|p1a: Blob|Blissey, F|58/100
|move|p2a: Kokushibo|Fiery Dance|p1a: Blob
|-damage|p1a: Blob|39/100
|-boost|p2a: Kokushibo|spa|1
|
|upkeep
|turn|29
|inactive|mothfox has 120 seconds left.
|
|t:|1776188566
|move|p2a: Kokushibo|Sludge Wave|p1a: Blob
|-damage|p1a: Blob|3/100
|move|p1a: Blob|Soft-Boiled|p1a: Blob
|-heal|p1a: Blob|53/100
|
|upkeep
|turn|30
|
|t:|1776188573
|move|p2a: Kokushibo|Fiery Dance|p1a: Blob
|-damage|p1a: Blob|22/100
|-boost|p2a: Kokushibo|spa|1
|move|p1a: Blob|Soft-Boiled|p1a: Blob
|-heal|p1a: Blob|72/100
|
|upkeep
|turn|31
|
|t:|1776188584
|move|p2a: Kokushibo|Fiery Dance|p1a: Blob
|-damage|p1a: Blob|31/100
|-boost|p2a: Kokushibo|spa|1
|move|p1a: Blob|Calm Mind|p1a: Blob
|-boost|p1a: Blob|spa|1
|-boost|p1a: Blob|spd|1
|
|upkeep
|turn|32
|inactive|mothfox has 120 seconds left.
|
|t:|1776188611
|switch|p1a: Smokestack|Weezing-Galar, M|54/100
|-ability|p1a: Smokestack|Neutralizing Gas
|move|p2a: Kokushibo|Fiery Dance|p1a: Smokestack
|-damage|p1a: Smokestack|0 fnt
|-boost|p2a: Kokushibo|spa|1
|faint|p1a: Smokestack
|-end|p1a: Smokestack|ability: Neutralizing Gas
|
|upkeep
|
|t:|1776188620
|switch|p1a: Toxapex|Toxapex, M|100/100
|turn|33
|
|t:|1776188625
|move|p2a: Kokushibo|Overheat|p1a: Toxapex
|-resisted|p1a: Toxapex
|-damage|p1a: Toxapex|0 fnt
|-unboost|p2a: Kokushibo|spa|2
|faint|p1a: Toxapex
|
|upkeep
|c|☆mothfox|fuck
|
|t:|1776188638
|switch|p1a: Blob|Blissey, F|31/100
|turn|34
|
|t:|1776188643
|move|p2a: Kokushibo|Fiery Dance|p1a: Blob
|-crit|p1a: Blob
|-damage|p1a: Blob|0 fnt
|-boost|p2a: Kokushibo|spa|1
|faint|p1a: Blob
|
|upkeep
|inactive|mothfox has 120 seconds left.
|
|t:|1776188650
|switch|p1a: Gliscor|Gliscor, F|78/100 tox
|turn|35
|inactive|mothfox has 120 seconds left.
|
|t:|1776188664
|-terastallize|p1a: Gliscor|Water
|move|p2a: Kokushibo|Overheat|p1a: Gliscor
|-resisted|p1a: Gliscor
|-damage|p1a: Gliscor|0 fnt
|-unboost|p2a: Kokushibo|spa|2
|faint|p1a: Gliscor
|
|upkeep
|inactive|mothfox has 120 seconds left.
|c|☆mothfox|gg
|-message|mothfox forfeited.
|
|win|blanca09
|raw|mothfox's rating: 1267 &rarr; <strong>1239</strong><br />(-28 for losing)
|raw|blanca09's rating: 1223 &rarr; <strong>1251</strong><br />(+28 for winning)
|c|☆blanca09|thx bro
