|html|<div class="broadcast-blue"><strong>[Gen 9] OU is currently suspecting Volcarona! For information on how to participate check out the <a href="https://www.smogon.com/tools/suspects/view/208">suspect thread</a>.</strong></div>
|j|☆LeftoversForlunch
|j|☆Squilliam2g
|t:|1778500346
|gametype|singles
|player|p1|LeftoversForlunch|170|1075
|player|p2|Squilliam2g|ingo|1072
|gen|9
|tier|[Gen 9] OU
|rated|
|rule|HP Percentage Mod: HP is shown in percentages
|rule|Endless Battle Clause: Forcing endless battles is banned
|rule|Species Clause: Limit one of each Pokémon
|rule|OHKO Clause: OHKO moves are banned
|rule|Evasion Items Clause: Evasion items are banned
|rule|Evasion Moves Clause: Evasion moves are banned
|rule|Evasion Abilities Clause: Evasion abilities are banned
|rule|Sleep Moves Clause: Sleep-inducing moves are banned
|clearpoke
|poke|p1|Spidops, M|
|poke|p1|Pikachu, F|
|poke|p1|Spiritomb, F|
|poke|p1|Meowscarada, F|
|poke|p1|Flygon, F|
|poke|p1|Lucario, M|
|poke|p2|Mandibuzz, F|
|poke|p2|Alomomola, M|
|poke|p2|Hatterene, F|
|poke|p2|Tornadus-Therian, M|
|poke|p2|Landorus-Therian, M|
|poke|p2|Deoxys-Speed|
|teampreview
|
|t:|1778500351
|teamsize|p1|6
|teamsize|p2|6
|start
|switch|p1a: Spidops|Spidops, M|100/100
|switch|p2a: Landorus|Landorus-Therian, M|100/100
|-ability|p2a: Landorus|Intimidate|boost
|-unboost|p1a: Spidops|atk|1
|turn|1
|inactive|Battle timer is ON: inactive players will automatically lose when time's up. (requested by Squilliam2g)
|
|t:|1778500364
|move|p1a: Spidops|Silk Trap|p1a: Spidops
|-singleturn|p1a: Spidops|Protect
|move|p2a: Landorus|U-turn|p1a: Spidops
|-activate|p1a: Spidops|move: Protect
|-unboost|p2a: Landorus|spe|1
|
|upkeep
|turn|2
|
|t:|1778500377
|move|p2a: Landorus|U-turn|p1a: Spidops
|-damage|p1a: Spidops|57/100
|
|t:|1778500379
|switch|p2a: Hatterene|Hatterene, F|100/100|[from] U-turn
|move|p1a: Spidops|Sticky Web|p2a: Hatterene
|move|p2a: Hatterene|Sticky Web|p1a: Spidops|[from] ability: Magic Bounce
|-sidestart|p1: LeftoversForlunch|move: Sticky Web
|
|upkeep
|turn|3
|
|t:|1778500394
|move|p2a: Hatterene|Mystical Fire|p1a: Spidops
|-supereffective|p1a: Spidops
|-damage|p1a: Spidops|4/100
|-unboost|p1a: Spidops|spa|1
|move|p1a: Spidops|Circle Throw|p2a: Hatterene
|-resisted|p2a: Hatterene
|-damage|p2a: Hatterene|98/100
|drag|p2a: Landorus|Landorus-Therian, M|100/100
|-ability|p2a: Landorus|Intimidate|boost
|-unboost|p1a: Spidops|atk|1
|
|upkeep
|turn|4
|
|t:|1778500409
|move|p2a: Landorus|U-turn|p1a: Spidops
|-damage|p1a: Spidops|0 fnt
|faint|p1a: Spidops
|
|t:|1778500413
|switch|p2a: Deoxys|Deoxys-Speed|100/100|[from] U-turn
|-ability|p2a: Deoxys|Pressure
|
|upkeep
|inactive|LeftoversForlunch has 120 seconds left.
|
|t:|1778500441
|switch|p1a: Flygon|Flygon, F|100/100
|turn|5
|
|t:|1778500446
|move|p1a: Flygon|First Impression|p2a: Deoxys
|-supereffective|p2a: Deoxys
|-damage|p2a: Deoxys|11/100
|-damage|p1a: Flygon|91/100|[from] item: Life Orb
|move|p2a: Deoxys|Ice Beam|p1a: Flygon
|-supereffective|p1a: Flygon
|-damage|p1a: Flygon|0 fnt
|faint|p1a: Flygon
|
|upkeep
|
|t:|1778500456
|switch|p1a: Lucario|Lucario, M|100/100
|-item|p1a: Lucario|Air Balloon
|turn|6
|
|t:|1778500462
|switch|p2a: Alomomola|Alomomola, M|100/100
|move|p1a: Lucario|Swords Dance|p1a: Lucario
|-boost|p1a: Lucario|atk|2
|
|upkeep
|turn|7
|
|t:|1778500475
|move|p1a: Lucario|Swords Dance|p1a: Lucario
|-boost|p1a: Lucario|atk|2
|move|p2a: Alomomola|Flip Turn|p1a: Lucario
|-damage|p1a: Lucario|74/100
|-enditem|p1a: Lucario|Air Balloon
|
|t:|1778500482
|switch|p2a: Landorus|Landorus-Therian, M|100/100|[from] Flip Turn
|-ability|p2a: Landorus|Intimidate|boost
|-fail|p1a: Lucario|unboost|Attack|[from] ability: Inner Focus|[of] p1a: Lucario
|
|upkeep
|turn|8
|
|t:|1778500495
|-terastallize|p1a: Lucario|Normal
|move|p1a: Lucario|Extreme Speed|p2a: Landorus
|-damage|p2a: Landorus|0 fnt
|faint|p2a: Landorus
|
|upkeep
|
|t:|1778500502
|switch|p2a: Mandibuzz|Mandibuzz, F|100/100
|turn|9
|
|t:|1778500508
|move|p1a: Lucario|Meteor Mash|p2a: Mandibuzz
|-damage|p2a: Mandibuzz|26/100
|-boost|p1a: Lucario|atk|1
|-damage|p1a: Lucario|57/100|[from] item: Rocky Helmet|[of] p2a: Mandibuzz
|move|p2a: Mandibuzz|Foul Play|p1a: Lucario
|-damage|p1a: Lucario|0 fnt
|faint|p1a: Lucario
|
|upkeep
|
|t:|1778500524
|switch|p1a: Pikachu|Pikachu, F|100/100
|-activate|p1a: Pikachu|move: Sticky Web
|-unboost|p1a: Pikachu|spe|1
|turn|10
|
|t:|1778500537
|switch|p2a: Hatterene|Hatterene, F|98/100
|move|p1a: Pikachu|Volt Switch|p2a: Hatterene
|-damage|p2a: Hatterene|70/100
|
|t:|1778500543
|switch|p1a: Meowscarada|Meowscarada, F|100/100|[from] Volt Switch
|-activate|p1a: Meowscarada|move: Sticky Web
|-unboost|p1a: Meowscarada|spe|1
|
|upkeep
|turn|11
|
|t:|1778500557
|move|p1a: Meowscarada|Flower Trick|p2a: Hatterene
|-start|p1a: Meowscarada|typechange|Grass|[from] ability: Protean
|-crit|p2a: Hatterene
|-damage|p2a: Hatterene|0 fnt
|faint|p2a: Hatterene
|
|upkeep
|
|t:|1778500569
|switch|p2a: Mandibuzz|Mandibuzz, F|26/100
|turn|12
|
|t:|1778500574
|move|p1a: Meowscarada|Flower Trick|p2a: Mandibuzz
|-resisted|p2a: Mandibuzz
|-crit|p2a: Mandibuzz
|-damage|p2a: Mandibuzz|4/100
|move|p2a: Mandibuzz|Foul Play|p1a: Meowscarada
|-damage|p1a: Meowscarada|32/100
|
|upkeep
|turn|13
|
|t:|1778500583
|move|p1a: Meowscarada|Flower Trick|p2a: Mandibuzz
|-resisted|p2a: Mandibuzz
|-crit|p2a: Mandibuzz
|-damage|p2a: Mandibuzz|0 fnt
|faint|p2a: Mandibuzz
|
|upkeep
|
|t:|1778500590
|switch|p2a: Tornadus|Tornadus-Therian, M|100/100
|turn|14
|
|t:|1778500596
|switch|p1a: iritomb|Spiritomb, F|100/100
|-activate|p1a: iritomb|move: Sticky Web
|-unboost|p1a: iritomb|spe|1
|-ability|p1a: iritomb|Pressure
|move|p2a: Tornadus|U-turn|p1a: iritomb
|-damage|p1a: iritomb|85/100
|
|t:|1778500604
|switch|p2a: Alomomola|Alomomola, M|100/100|[from] U-turn
|
|-heal|p1a: iritomb|91/100|[from] item: Leftovers
|upkeep
|turn|15
|
|t:|1778500615
|move|p2a: Alomomola|Flip Turn|p1a: iritomb
|-damage|p1a: iritomb|73/100
|
|t:|1778500618
|switch|p2a: Tornadus|Tornadus-Therian, M|100/100|[from] Flip Turn
|move|p1a: iritomb|Will-O-Wisp|p2a: Tornadus
|-status|p2a: Tornadus|brn
|
|-heal|p1a: iritomb|79/100|[from] item: Leftovers
|-damage|p2a: Tornadus|94/100 brn|[from] brn
|upkeep
|turn|16
|
|t:|1778500630
|move|p2a: Tornadus|Knock Off|p1a: iritomb
|-damage|p1a: iritomb|68/100
|-enditem|p1a: iritomb|Leftovers|[from] move: Knock Off|[of] p2a: Tornadus
|move|p1a: iritomb|Pain Split|p2a: Tornadus
|-sethp|p2a: Tornadus|82/100 brn|[from] move: Pain Split|[silent]
|-sethp|p1a: iritomb|81/100|[from] move: Pain Split
|
|-damage|p2a: Tornadus|76/100 brn|[from] brn
|upkeep
|turn|17
|
|t:|1778500647
|move|p1a: iritomb|Protect|p1a: iritomb
|-singleturn|p1a: iritomb|Protect
|move|p2a: Tornadus|Bleakwind Storm|p1a: iritomb
|-activate|p1a: iritomb|move: Protect
|
|-damage|p2a: Tornadus|70/100 brn|[from] brn
|upkeep
|turn|18
|
|t:|1778500656
|move|p2a: Tornadus|Bleakwind Storm|p1a: iritomb
|-damage|p1a: iritomb|46/100
|move|p1a: iritomb|Curse|p2a: Tornadus
|-start|p2a: Tornadus|Curse|[of] p1a: iritomb
|-damage|p1a: iritomb|0 fnt
|faint|p1a: iritomb
|
|-damage|p2a: Tornadus|64/100 brn|[from] brn
|-damage|p2a: Tornadus|39/100 brn|[from] Curse
|upkeep
|
|t:|1778500675
|switch|p1a: Meowscarada|Meowscarada, F|32/100
|-activate|p1a: Meowscarada|move: Sticky Web
|-unboost|p1a: Meowscarada|spe|1
|turn|19
|
|t:|1778500681
|switch|p2a: Alomomola|Alomomola, M|100/100
|move|p1a: Meowscarada|Triple Axel|p2a: Alomomola
|-start|p1a: Meowscarada|typechange|Ice|[from] ability: Protean
|-resisted|p2a: Alomomola
|-damage|p2a: Alomomola|97/100
|-resisted|p2a: Alomomola
|-damage|p2a: Alomomola|89/100
|-resisted|p2a: Alomomola
|-damage|p2a: Alomomola|79/100
|-hitcount|p2a: Alomomola|3
|
|upkeep
|turn|20
|
|t:|1778500694
|switch|p1a: Pikachu|Pikachu, F|100/100
|-activate|p1a: Pikachu|move: Sticky Web
|-unboost|p1a: Pikachu|spe|1
|move|p2a: Alomomola|Flip Turn|p1a: Pikachu
|-damage|p1a: Pikachu|51/100
|
|t:|1778500701
|switch|p2a: Tornadus|Tornadus-Therian, M|72/100 brn|[from] Flip Turn
|
|-damage|p2a: Tornadus|66/100 brn|[from] brn
|upkeep
|turn|21
|
|t:|1778500719
|-terastallize|p2a: Tornadus|Fairy
|move|p2a: Tornadus|Bleakwind Storm|p1a: Pikachu
|-resisted|p1a: Pikachu
|-damage|p1a: Pikachu|0 fnt
|faint|p1a: Pikachu
|
|-damage|p2a: Tornadus|60/100 brn|[from] brn
|upkeep
|
|t:|1778500725
|switch|p1a: Meowscarada|Meowscarada, F|32/100
|-activate|p1a: Meowscarada|move: Sticky Web
|-unboost|p1a: Meowscarada|spe|1
|turn|22
|
|t:|1778500734
|move|p2a: Tornadus|U-turn|p1a: Meowscarada
|-supereffective|p1a: Meowscarada
|-damage|p1a: Meowscarada|0 fnt
|faint|p1a: Meowscarada
|
|win|Squilliam2g
|raw|LeftoversForlunch's rating: 1075 &rarr; <strong>1054</strong><br />(-21 for losing)
|raw|Squilliam2g's rating: 1072 &rarr; <strong>1101</strong><br />(+29 for winning)
|l|☆LeftoversForlunch
|player|p1|
