|html|<div class="broadcast-blue"><strong>[Gen 9] OU is currently suspecting Tera Blast! For information on how to participate check out the <a href="https://www.smogon.com/tools/suspects/view/200">suspect thread</a>.</strong></div>
|j|☆electric_spyder
|j|☆Fee3h
|t:|1776267287
|gametype|singles
|player|p1|electric_spyder|cynthia|1383
|player|p2|Fee3h|169|1345
|gen|9
|tier|[Gen 9] OU
|rated|
|rule|HP Percentage Mod: HP is shown in percentages
|rule|Endless Battle Clause: Forcing endless battles is banned
|rule|Species Clause: Limit one of each Pokémon
|rule|OHKO Clause: OHKO moves are banned
|rule|Evasion Items Clause: Evasion items are banned
|rule|Evasion Moves Clause: Evasion moves are banned
|rule|Evasion Abilities Clause: Evasion abilities are banned
|rule|Sleep Moves Clause: Sleep-inducing moves are banned
|clearpoke
|poke|p1|Dragapult, F|
|poke|p1|Ting-Lu|
|poke|p1|Alomomola, M|
|poke|p1|Hatterene, F|
|poke|p1|Enamorus, F|
|poke|p1|Pecharunt|
|poke|p2|Deoxys-Speed|
|poke|p2|Glimmora, F|
|poke|p2|Dragonite, F|
|poke|p2|Ceruledge, M|
|poke|p2|Zamazenta-*|
|poke|p2|Darkrai|
|teampreview
|inactive|Battle timer is ON: inactive players will automatically lose when time's up. (requested by Fee3h)
|inactive|Fee3h has 120 seconds left.
|
|t:|1776267335
|teamsize|p1|6
|teamsize|p2|6
|start
|switch|p1a: Ting-Lu|Ting-Lu|100/100
|switch|p2a: Ceruledge|Ceruledge, M|100/100
|-ability|p1a: Ting-Lu|Vessel of Ruin
|turn|1
|
|t:|1776267342
|switch|p2a: Glimmora|Glimmora, F|100/100
|move|p1a: Ting-Lu|Stealth Rock|p2a: Glimmora
|-sidestart|p2: Fee3h|move: Stealth Rock
|
|upkeep
|turn|2
|
|t:|1776267350
|switch|p1a: Pecharunt|Pecharunt|100/100
|move|p2a: Glimmora|Mortal Spin|p1a: Pecharunt
|-resisted|p1a: Pecharunt
|-damage|p1a: Pecharunt|99/100
|-damage|p2a: Glimmora|84/100|[from] item: Rocky Helmet|[of] p1a: Pecharunt
|-sideend|p2: Fee3h|Stealth Rock|[from] move: Mortal Spin|[of] p2a: Glimmora
|
|upkeep
|turn|3
|
|t:|1776267359
|move|p2a: Glimmora|Meteor Beam||[still]
|-prepare|p2a: Glimmora|Meteor Beam
|-boost|p2a: Glimmora|spa|1
|-enditem|p2a: Glimmora|Power Herb
|-anim|p2a: Glimmora|Meteor Beam|p1a: Pecharunt
|-damage|p1a: Pecharunt|3/100
|move|p1a: Pecharunt|Parting Shot|p2a: Glimmora
|-unboost|p2a: Glimmora|atk|1
|-unboost|p2a: Glimmora|spa|1
|
|t:|1776267372
|switch|p1a: Dragapult|Dragapult, F|100/100|[from] Parting Shot
|
|upkeep
|turn|4
|
|t:|1776267381
|move|p1a: Dragapult|Dragon Darts|p2a: Glimmora
|-damage|p2a: Glimmora|39/100
|-activate|p2a: Glimmora|ability: Toxic Debris
|-sidestart|p1: electric_spyder|move: Toxic Spikes
|-anim|p1a: Dragapult|Dragon Darts|p2a: Glimmora
|-damage|p2a: Glimmora|0 fnt
|-activate|p2a: Glimmora|ability: Toxic Debris
|-sidestart|p1: electric_spyder|move: Toxic Spikes
|faint|p2a: Glimmora
|
|upkeep
|
|t:|1776267393
|switch|p2a: Deoxys|Deoxys-Speed|100/100
|-ability|p2a: Deoxys|Pressure
|turn|5
|
|t:|1776267395
|move|p2a: Deoxys|Reflect|p2a: Deoxys
|-sidestart|p2: Fee3h|Reflect
|move|p1a: Dragapult|Dragon Darts|p2a: Deoxys
|-damage|p2a: Deoxys|76/100
|-anim|p1a: Dragapult|Dragon Darts|p2a: Deoxys
|-damage|p2a: Deoxys|54/100
|
|upkeep
|turn|6
|
|t:|1776267401
|switch|p1a: Pecharunt|Pecharunt|3/100
|-sideend|p1: electric_spyder|move: Toxic Spikes|[of] p1a: Pecharunt
|move|p2a: Deoxys|Light Screen|p2a: Deoxys
|-sidestart|p2: Fee3h|move: Light Screen
|
|upkeep
|turn|7
|
|t:|1776267405
|move|p2a: Deoxys|Psycho Boost|p1a: Pecharunt
|-supereffective|p1a: Pecharunt
|-damage|p1a: Pecharunt|0 fnt
|-unboost|p2a: Deoxys|spa|2
|faint|p1a: Pecharunt
|
|upkeep
|
|t:|1776267418
|switch|p1a: Alomomola|Alomomola, M|100/100
|turn|8
|
|t:|1776267424
|switch|p2a: Darkrai|Darkrai|100/100
|move|p1a: Alomomola|Flip Turn|p2a: Darkrai
|-damage|p2a: Darkrai|90/100
|
|t:|1776267431
|switch|p1a: Ting-Lu|Ting-Lu|100/100|[from] Flip Turn
|-ability|p1a: Ting-Lu|Vessel of Ruin
|
|-heal|p2a: Darkrai|96/100|[from] item: Leftovers
|upkeep
|turn|9
|
|t:|1776267446
|move|p2a: Darkrai|Nasty Plot|p2a: Darkrai
|-boost|p2a: Darkrai|spa|2
|move|p1a: Ting-Lu|Whirlwind|p2a: Darkrai
|drag|p2a: Zamazenta|Zamazenta|100/100
|-ability|p2a: Zamazenta|Dauntless Shield|boost
|-boost|p2a: Zamazenta|def|1
|
|upkeep
|turn|10
|
|t:|1776267458
|move|p2a: Zamazenta|Iron Defense|p2a: Zamazenta
|-boost|p2a: Zamazenta|def|2
|move|p1a: Ting-Lu|Whirlwind|p2a: Zamazenta
|drag|p2a: Deoxys|Deoxys-Speed|54/100
|-ability|p2a: Deoxys|Pressure
|
|upkeep
|turn|11
|
|t:|1776267462
|switch|p1a: Hatterene|Hatterene, F|100/100
|move|p2a: Deoxys|Taunt|p1a: Hatterene
|move|p1a: Hatterene|Taunt|p2a: Deoxys|[from] ability: Magic Bounce
|-start|p2a: Deoxys|move: Taunt
|
|upkeep
|turn|12
|
|t:|1776267474
|switch|p2a: Ceruledge|Ceruledge, M|100/100
|switch|p1a: Ting-Lu|Ting-Lu|100/100
|-ability|p1a: Ting-Lu|Vessel of Ruin
|
|-sideend|p2: Fee3h|Reflect
|upkeep
|turn|13
|
|t:|1776267485
|move|p2a: Ceruledge|Swords Dance|p2a: Ceruledge
|-boost|p2a: Ceruledge|atk|2
|move|p1a: Ting-Lu|Stealth Rock|p2a: Ceruledge
|-sidestart|p2: Fee3h|move: Stealth Rock
|
|-sideend|p2: Fee3h|move: Light Screen
|upkeep
|turn|14
|
|t:|1776267496
|move|p2a: Ceruledge|Poltergeist|p1a: Ting-Lu
|-activate|p1a: Ting-Lu|move: Poltergeist|Leftovers
|-resisted|p1a: Ting-Lu
|-damage|p1a: Ting-Lu|73/100
|-damage|p2a: Ceruledge|91/100|[from] item: Life Orb
|move|p1a: Ting-Lu|Whirlwind|p2a: Ceruledge
|drag|p2a: Darkrai|Darkrai|96/100
|-damage|p2a: Darkrai|83/100|[from] Stealth Rock
|
|-heal|p2a: Darkrai|89/100|[from] item: Leftovers
|-heal|p1a: Ting-Lu|79/100|[from] item: Leftovers
|upkeep
|turn|15
|
|t:|1776267507
|move|p2a: Darkrai|Will-O-Wisp|p1a: Ting-Lu
|-status|p1a: Ting-Lu|brn
|move|p1a: Ting-Lu|Whirlwind|p2a: Darkrai
|drag|p2a: Zamazenta|Zamazenta|100/100
|-damage|p2a: Zamazenta|94/100|[from] Stealth Rock
|
|-heal|p2a: Zamazenta|100/100|[from] item: Leftovers
|-heal|p1a: Ting-Lu|85/100 brn|[from] item: Leftovers
|-damage|p1a: Ting-Lu|79/100 brn|[from] brn
|upkeep
|turn|16
|
|t:|1776267522
|-terastallize|p1a: Ting-Lu|Ghost
|move|p2a: Zamazenta|Iron Defense|p2a: Zamazenta
|-boost|p2a: Zamazenta|def|2
|move|p1a: Ting-Lu|Spikes|p2a: Zamazenta
|-sidestart|p2: Fee3h|Spikes
|
|-heal|p1a: Ting-Lu|85/100 brn|[from] item: Leftovers
|-damage|p1a: Ting-Lu|79/100 brn|[from] brn
|upkeep
|turn|17
|
|t:|1776267541
|switch|p2a: Darkrai|Darkrai|89/100
|-damage|p2a: Darkrai|77/100|[from] Stealth Rock
|-damage|p2a: Darkrai|65/100|[from] Spikes
|move|p1a: Ting-Lu|Spikes|p2a: Darkrai
|-sidestart|p2: Fee3h|Spikes
|
|-heal|p2a: Darkrai|71/100|[from] item: Leftovers
|-heal|p1a: Ting-Lu|85/100 brn|[from] item: Leftovers
|-damage|p1a: Ting-Lu|79/100 brn|[from] brn
|upkeep
|turn|18
|
|t:|1776267549
|move|p2a: Darkrai|Dark Pulse|p1a: Ting-Lu
|-supereffective|p1a: Ting-Lu
|-damage|p1a: Ting-Lu|26/100 brn
|move|p1a: Ting-Lu|Whirlwind|p2a: Darkrai
|drag|p2a: Ceruledge|Ceruledge, M|91/100
|-damage|p2a: Ceruledge|66/100|[from] Stealth Rock
|-damage|p2a: Ceruledge|49/100|[from] Spikes
|
|-heal|p1a: Ting-Lu|33/100 brn|[from] item: Leftovers
|-damage|p1a: Ting-Lu|26/100 brn|[from] brn
|upkeep
|turn|19
|
|t:|1776267565
|move|p2a: Ceruledge|Poltergeist|p1a: Ting-Lu
|-activate|p1a: Ting-Lu|move: Poltergeist|Leftovers
|-supereffective|p1a: Ting-Lu
|-damage|p1a: Ting-Lu|0 fnt
|faint|p1a: Ting-Lu
|-damage|p2a: Ceruledge|39/100|[from] item: Life Orb
|
|upkeep
|
|t:|1776267567
|switch|p1a: Alomomola|Alomomola, M|100/100
|turn|20
|
|t:|1776267580
|move|p2a: Ceruledge|Poltergeist|p1a: Alomomola
|-activate|p1a: Alomomola|move: Poltergeist|Assault Vest
|-damage|p1a: Alomomola|48/100
|-damage|p2a: Ceruledge|29/100|[from] item: Life Orb
|move|p1a: Alomomola|Scald|p2a: Ceruledge
|-supereffective|p2a: Ceruledge
|-damage|p2a: Ceruledge|0 fnt
|faint|p2a: Ceruledge
|
|upkeep
|
|t:|1776267603
|switch|p2a: Deoxys|Deoxys-Speed|54/100
|-damage|p2a: Deoxys|41/100|[from] Stealth Rock
|-damage|p2a: Deoxys|25/100|[from] Spikes
|-ability|p2a: Deoxys|Pressure
|turn|21
|
|t:|1776267614
|move|p1a: Alomomola|Aqua Jet|p2a: Deoxys
|-damage|p2a: Deoxys|11/100
|move|p2a: Deoxys|Reflect|p2a: Deoxys
|-sidestart|p2: Fee3h|Reflect
|
|upkeep
|turn|22
|
|t:|1776267618
|move|p2a: Deoxys|Light Screen|p2a: Deoxys
|-sidestart|p2: Fee3h|move: Light Screen
|move|p1a: Alomomola|Flip Turn|p2a: Deoxys
|-damage|p2a: Deoxys|1/100
|
|t:|1776267628
|switch|p1a: Dragapult|Dragapult, F|100/100|[from] Flip Turn
|
|upkeep
|turn|23
|
|t:|1776267631
|switch|p1a: Alomomola|Alomomola, M|81/100
|move|p2a: Deoxys|Psycho Boost|p1a: Alomomola
|-damage|p1a: Alomomola|59/100
|-unboost|p2a: Deoxys|spa|2
|
|upkeep
|turn|24
|
|t:|1776267646
|switch|p1a: Hatterene|Hatterene, F|100/100
|move|p2a: Deoxys|Psycho Boost|p1a: Hatterene
|-resisted|p1a: Hatterene
|-damage|p1a: Hatterene|89/100
|-unboost|p2a: Deoxys|spa|2
|
|-heal|p1a: Hatterene|95/100|[from] item: Leftovers
|upkeep
|turn|25
|
|t:|1776267656
|switch|p2a: Darkrai|Darkrai|71/100
|-damage|p2a: Darkrai|58/100|[from] Stealth Rock
|-damage|p2a: Darkrai|42/100|[from] Spikes
|switch|p1a: Alomomola|Alomomola, M|93/100
|
|-heal|p2a: Darkrai|48/100|[from] item: Leftovers
|upkeep
|turn|26
|
|t:|1776267662
|move|p2a: Darkrai|Nasty Plot|p2a: Darkrai
|-boost|p2a: Darkrai|spa|2
|move|p1a: Alomomola|Flip Turn|p2a: Darkrai
|-damage|p2a: Darkrai|38/100
|
|t:|1776267667
|switch|p1a: Enamorus|Enamorus, F|100/100|[from] Flip Turn
|
|-heal|p2a: Darkrai|44/100|[from] item: Leftovers
|upkeep
|turn|27
|
|t:|1776267678
|move|p1a: Enamorus|Earth Power|p2a: Darkrai
|-damage|p2a: Darkrai|21/100
|-unboost|p2a: Darkrai|spd|1
|move|p2a: Darkrai|Ice Beam|p1a: Enamorus
|-supereffective|p1a: Enamorus
|-damage|p1a: Enamorus|0 fnt
|faint|p1a: Enamorus
|
|-heal|p2a: Darkrai|28/100|[from] item: Leftovers
|upkeep
|
|t:|1776267681
|switch|p1a: Alomomola|Alomomola, M|100/100
|turn|28
|
|t:|1776267690
|move|p2a: Darkrai|Dark Pulse|p1a: Alomomola
|-damage|p1a: Alomomola|58/100
|move|p1a: Alomomola|Scald|p2a: Darkrai
|-damage|p2a: Darkrai|16/100
|
|-heal|p2a: Darkrai|22/100|[from] item: Leftovers
|-sideend|p2: Fee3h|Reflect
|upkeep
|turn|29
|
|t:|1776267700
|move|p1a: Alomomola|Aqua Jet|p2a: Darkrai
|-damage|p2a: Darkrai|8/100
|move|p2a: Darkrai|Dark Pulse|p1a: Alomomola
|-damage|p1a: Alomomola|13/100
|
|-heal|p2a: Darkrai|14/100|[from] item: Leftovers
|-sideend|p2: Fee3h|move: Light Screen
|upkeep
|turn|30
|
|t:|1776267707
|move|p1a: Alomomola|Aqua Jet|p2a: Darkrai
|-damage|p2a: Darkrai|0 fnt
|faint|p2a: Darkrai
|
|upkeep
|
|t:|1776267728
|switch|p2a: Dragonite|Dragonite, F|100/100
|-damage|p2a: Dragonite|75/100|[from] Stealth Rock
|turn|31
|
|t:|1776267734
|move|p2a: Dragonite|Dragon Dance|p2a: Dragonite
|-boost|p2a: Dragonite|atk|1
|-boost|p2a: Dragonite|spe|1
|move|p1a: Alomomola|Flip Turn|p2a: Dragonite
|-resisted|p2a: Dragonite
|-damage|p2a: Dragonite|66/100
|
|t:|1776267736
|switch|p1a: Hatterene|Hatterene, F|95/100|[from] Flip Turn
|
|-heal|p1a: Hatterene|100/100|[from] item: Leftovers
|upkeep
|turn|32
|
|t:|1776267746
|-terastallize|p2a: Dragonite|Electric
|move|p2a: Dragonite|Roost|p2a: Dragonite
|-heal|p2a: Dragonite|100/100
|move|p1a: Hatterene|Draining Kiss|p2a: Dragonite
|-damage|p2a: Dragonite|89/100
|
|upkeep
|turn|33
|
|t:|1776267756
|move|p2a: Dragonite|Dragon Dance|p2a: Dragonite
|-boost|p2a: Dragonite|atk|1
|-boost|p2a: Dragonite|spe|1
|move|p1a: Hatterene|Draining Kiss|p2a: Dragonite
|-damage|p2a: Dragonite|65/100
|
|upkeep
|turn|34
|
|t:|1776267762
|move|p2a: Dragonite|Roost|p2a: Dragonite
|-heal|p2a: Dragonite|100/100
|move|p1a: Hatterene|Draining Kiss|p2a: Dragonite
|-damage|p2a: Dragonite|88/100
|
|upkeep
|turn|35
|
|t:|1776267768
|move|p2a: Dragonite|Dragon Dance|p2a: Dragonite
|-boost|p2a: Dragonite|atk|1
|-boost|p2a: Dragonite|spe|1
|move|p1a: Hatterene|Draining Kiss|p2a: Dragonite
|-damage|p2a: Dragonite|63/100
|
|upkeep
|turn|36
|
|t:|1776267770
|move|p2a: Dragonite|Roost|p2a: Dragonite
|-heal|p2a: Dragonite|100/100
|move|p1a: Hatterene|Draining Kiss|p2a: Dragonite
|-damage|p2a: Dragonite|88/100
|
|upkeep
|turn|37
|
|t:|1776267775
|move|p2a: Dragonite|Dragon Dance|p2a: Dragonite
|-boost|p2a: Dragonite|atk|1
|-boost|p2a: Dragonite|spe|1
|move|p1a: Hatterene|Mystical Fire|p2a: Dragonite
|-damage|p2a: Dragonite|65/100
|-unboost|p2a: Dragonite|spa|1
|
|upkeep
|turn|38
|
|t:|1776267781
|move|p2a: Dragonite|Roost|p2a: Dragonite
|-heal|p2a: Dragonite|100/100
|move|p1a: Hatterene|Mystical Fire|p2a: Dragonite
|-damage|p2a: Dragonite|88/100
|-unboost|p2a: Dragonite|spa|1
|
|upkeep
|turn|39
|
|t:|1776267788
|move|p2a: Dragonite|Dragon Dance|p2a: Dragonite
|-boost|p2a: Dragonite|atk|1
|-boost|p2a: Dragonite|spe|1
|move|p1a: Hatterene|Mystical Fire|p2a: Dragonite
|-damage|p2a: Dragonite|64/100
|-unboost|p2a: Dragonite|spa|1
|
|upkeep
|turn|40
|
|t:|1776267793
|move|p2a: Dragonite|Roost|p2a: Dragonite
|-heal|p2a: Dragonite|100/100
|move|p1a: Hatterene|Mystical Fire|p2a: Dragonite
|-damage|p2a: Dragonite|88/100
|-unboost|p2a: Dragonite|spa|1
|
|upkeep
|turn|41
|
|t:|1776267796
|move|p2a: Dragonite|Dragon Dance|p2a: Dragonite
|-boost|p2a: Dragonite|atk|1
|-boost|p2a: Dragonite|spe|1
|move|p1a: Hatterene|Mystical Fire|p2a: Dragonite
|-damage|p2a: Dragonite|67/100
|-unboost|p2a: Dragonite|spa|1
|
|upkeep
|turn|42
|
|t:|1776267799
|move|p2a: Dragonite|Roost|p2a: Dragonite
|-heal|p2a: Dragonite|100/100
|move|p1a: Hatterene|Mystical Fire|p2a: Dragonite
|-damage|p2a: Dragonite|88/100
|-unboost|p2a: Dragonite|spa|1
|
|upkeep
|turn|43
|
|t:|1776267804
|move|p2a: Dragonite|Tera Blast|p1a: Hatterene|[anim] Tera Blast Electric
|-damage|p1a: Hatterene|0 fnt
|faint|p1a: Hatterene
|
|upkeep
|
|t:|1776267806
|switch|p1a: Dragapult|Dragapult, F|100/100
|turn|44
|
|t:|1776267809
|move|p1a: Dragapult|Sucker Punch|p2a: Dragonite
|-damage|p2a: Dragonite|52/100
|move|p2a: Dragonite|Ice Spinner|p1a: Dragapult
|-supereffective|p1a: Dragapult
|-damage|p1a: Dragapult|0 fnt
|faint|p1a: Dragapult
|
|upkeep
|-message|electric_spyder forfeited.
|
|win|Fee3h
|raw|electric_spyder's rating: 1383 &rarr; <strong>1361</strong><br />(-22 for losing)
|raw|Fee3h's rating: 1345 &rarr; <strong>1367</strong><br />(+22 for winning)
|l|☆electric_spyder
|player|p1|
