|html|<div class="broadcast-blue"><strong>[Gen 9] OU is currently suspecting Tera Blast! For information on how to participate check out the <a href="https://www.smogon.com/tools/suspects/view/200">suspect thread</a>.</strong></div>
|j|☆Winterchillz
|j|☆SquilliamTG
|t:|1776050225
|gametype|singles
|player|p1|Winterchillz|wallace|1544
|player|p2|SquilliamTG|266|1655
|gen|9
|tier|[Gen 9] OU
|rated|
|rule|HP Percentage Mod: HP is shown in percentages
|rule|Endless Battle Clause: Forcing endless battles is banned
|rule|Species Clause: Limit one of each Pokémon
|rule|OHKO Clause: OHKO moves are banned
|rule|Evasion Items Clause: Evasion items are banned
|rule|Evasion Moves Clause: Evasion moves are banned
|rule|Evasion Abilities Clause: Evasion abilities are banned
|rule|Sleep Moves Clause: Sleep-inducing moves are banned
|clearpoke
|poke|p1|Pecharunt|
|poke|p1|Great Tusk|
|poke|p1|Kyurem|
|poke|p1|Primarina, M|
|poke|p1|Dragonite, F|
|poke|p1|Cinderace, M|
|poke|p2|Excadrill, M|
|poke|p2|Tyranitar, M|
|poke|p2|Hydrapple, M|
|poke|p2|Alomomola, F|
|poke|p2|Hatterene, F|
|poke|p2|Zapdos|
|teampreview
|inactive|Battle timer is ON: inactive players will automatically lose when time's up. (requested by SquilliamTG)
|j| Shucklepilled
|
|t:|1776050248
|teamsize|p1|6
|teamsize|p2|6
|start
|switch|p1a: Cinderace|Cinderace, M|100/100
|switch|p2a: Tyranitar|Tyranitar, M|100/100
|-weather|Sandstorm|[from] ability: Sand Stream|[of] p2a: Tyranitar
|turn|1
|
|t:|1776050255
|switch|p2a: Alomomola|Alomomola, F|100/100
|move|p1a: Cinderace|Will-O-Wisp|p2a: Alomomola
|-status|p2a: Alomomola|brn
|
|-weather|Sandstorm|[upkeep]
|-damage|p1a: Cinderace|94/100|[from] Sandstorm
|-damage|p2a: Alomomola|94/100 brn|[from] Sandstorm
|-damage|p2a: Alomomola|88/100 brn|[from] brn
|upkeep
|turn|2
|
|t:|1776050265
|move|p1a: Cinderace|U-turn|p2a: Alomomola
|-damage|p2a: Alomomola|79/100 brn
|
|t:|1776050269
|switch|p1a: Great Tusk|Great Tusk|100/100|[from] U-turn
|move|p2a: Alomomola|Flip Turn|p1a: Great Tusk
|-supereffective|p1a: Great Tusk
|-damage|p1a: Great Tusk|88/100
|-damage|p2a: Alomomola|62/100 brn|[from] item: Rocky Helmet|[of] p1a: Great Tusk
|
|t:|1776050277
|switch|p2a: Zapdos|Zapdos|100/100|[from] Flip Turn
|
|-weather|Sandstorm|[upkeep]
|-damage|p2a: Zapdos|94/100|[from] Sandstorm
|upkeep
|turn|3
|
|t:|1776050284
|-end|p1a: Great Tusk|Protosynthesis|[silent]
|switch|p1a: Primarina|Primarina, M|100/100
|move|p2a: Zapdos|Hurricane|p1a: Primarina
|-damage|p1a: Primarina|57/100
|-start|p1a: Primarina|confusion
|
|-weather|Sandstorm|[upkeep]
|-damage|p2a: Zapdos|88/100|[from] Sandstorm
|-damage|p1a: Primarina|51/100|[from] Sandstorm
|upkeep
|turn|4
|
|t:|1776050296
|switch|p2a: Hatterene|Hatterene, F|100/100
|switch|p1a: Cinderace|Cinderace, M|94/100
|
|-weather|Sandstorm|[upkeep]
|-damage|p1a: Cinderace|88/100|[from] Sandstorm
|-damage|p2a: Hatterene|95/100|[from] Sandstorm
|upkeep
|turn|5
|
|t:|1776050310
|move|p1a: Cinderace|Pyro Ball|p2a: Hatterene
|-damage|p2a: Hatterene|52/100
|move|p2a: Hatterene|Psychic Noise|p1a: Cinderace
|-damage|p1a: Cinderace|47/100
|-start|p1a: Cinderace|move: Heal Block
|
|-weather|none
|upkeep
|turn|6
|
|t:|1776050319
|switch|p2a: Alomomola|Alomomola, F|95/100 brn
|move|p1a: Cinderace|Pyro Ball|p2a: Alomomola
|-resisted|p2a: Alomomola
|-damage|p2a: Alomomola|82/100 brn
|
|-damage|p2a: Alomomola|76/100 brn|[from] brn
|-end|p1a: Cinderace|move: Heal Block
|upkeep
|turn|7
|
|t:|1776050329
|move|p1a: Cinderace|U-turn|p2a: Alomomola
|-damage|p2a: Alomomola|65/100 brn
|
|t:|1776050330
|switch|p1a: Kyurem|Kyurem|100/100|[from] U-turn
|-ability|p1a: Kyurem|Pressure
|move|p2a: Alomomola|Flip Turn|p1a: Kyurem
|-resisted|p1a: Kyurem
|-damage|p1a: Kyurem|97/100
|
|t:|1776050338
|switch|p2a: Tyranitar|Tyranitar, M|100/100|[from] Flip Turn
|-weather|Sandstorm|[from] ability: Sand Stream|[of] p2a: Tyranitar
|
|-weather|Sandstorm|[upkeep]
|-damage|p1a: Kyurem|91/100|[from] Sandstorm
|upkeep
|turn|8
|
|t:|1776050348
|switch|p1a: Great Tusk|Great Tusk|88/100
|move|p2a: Tyranitar|Stone Edge|p1a: Great Tusk
|-resisted|p1a: Great Tusk
|-damage|p1a: Great Tusk|72/100
|
|-weather|Sandstorm|[upkeep]
|upkeep
|turn|9
|
|t:|1776050356
|switch|p2a: Alomomola|Alomomola, F|98/100 brn
|move|p1a: Great Tusk|Stealth Rock|p2a: Alomomola
|-sidestart|p2: SquilliamTG|move: Stealth Rock
|
|-weather|Sandstorm|[upkeep]
|-damage|p2a: Alomomola|92/100 brn|[from] Sandstorm
|-damage|p2a: Alomomola|86/100 brn|[from] brn
|upkeep
|turn|10
|
|t:|1776050368
|-end|p1a: Great Tusk|Protosynthesis|[silent]
|switch|p1a: Kyurem|Kyurem|91/100
|-ability|p1a: Kyurem|Pressure
|move|p2a: Alomomola|Wish|p2a: Alomomola
|
|-weather|Sandstorm|[upkeep]
|-damage|p1a: Kyurem|84/100|[from] Sandstorm
|-damage|p2a: Alomomola|80/100 brn|[from] Sandstorm
|-damage|p2a: Alomomola|74/100 brn|[from] brn
|upkeep
|turn|11
|
|t:|1776050380
|switch|p2a: Tyranitar|Tyranitar, M|100/100
|-damage|p2a: Tyranitar|88/100|[from] Stealth Rock
|move|p1a: Kyurem|Ice Beam|p2a: Tyranitar
|-damage|p2a: Tyranitar|42/100
|
|-weather|none
|-heal|p2a: Tyranitar|100/100|[from] move: Wish|[wisher] Alomomola
|upkeep
|turn|12
|
|t:|1776050398
|switch|p1a: Great Tusk|Great Tusk|72/100
|move|p2a: Tyranitar|Ice Punch|p1a: Great Tusk
|-supereffective|p1a: Great Tusk
|-damage|p1a: Great Tusk|11/100
|-damage|p2a: Tyranitar|84/100|[from] item: Rocky Helmet|[of] p1a: Great Tusk
|
|upkeep
|turn|13
|
|t:|1776050406
|switch|p2a: Alomomola|Alomomola, F|100/100 brn
|move|p1a: Great Tusk|Earthquake|p2a: Alomomola
|-damage|p2a: Alomomola|74/100 brn
|
|-damage|p2a: Alomomola|67/100 brn|[from] brn
|upkeep
|turn|14
|
|t:|1776050422
|move|p1a: Great Tusk|Earthquake|p2a: Alomomola
|-damage|p2a: Alomomola|39/100 brn
|move|p2a: Alomomola|Wish|p2a: Alomomola
|
|-damage|p2a: Alomomola|33/100 brn|[from] brn
|upkeep
|turn|15
|
|t:|1776050431
|switch|p2a: Zapdos|Zapdos|88/100
|-damage|p2a: Zapdos|63/100|[from] Stealth Rock
|move|p1a: Great Tusk|Earthquake|p2a: Zapdos
|-immune|p2a: Zapdos
|
|-heal|p2a: Zapdos|100/100|[from] move: Wish|[wisher] Alomomola
|upkeep
|turn|16
|
|t:|1776050442
|move|p1a: Great Tusk|Ice Spinner|p2a: Zapdos
|-supereffective|p2a: Zapdos
|-damage|p2a: Zapdos|34/100
|move|p2a: Zapdos|Hurricane|p1a: Great Tusk
|-supereffective|p1a: Great Tusk
|-damage|p1a: Great Tusk|0 fnt
|faint|p1a: Great Tusk
|-end|p1a: Great Tusk|Protosynthesis|[silent]
|
|upkeep
|
|t:|1776050446
|switch|p1a: Cinderace|Cinderace, M|47/100
|turn|17
|
|t:|1776050451
|switch|p2a: Alomomola|Alomomola, F|66/100 brn
|move|p1a: Cinderace|Pyro Ball|p2a: Alomomola
|-resisted|p2a: Alomomola
|-damage|p2a: Alomomola|52/100 brn
|
|-damage|p2a: Alomomola|46/100 brn|[from] brn
|upkeep
|turn|18
|
|t:|1776050461
|move|p1a: Cinderace|U-turn|p2a: Alomomola
|-damage|p2a: Alomomola|35/100 brn
|
|t:|1776050463
|switch|p1a: Kyurem|Kyurem|84/100|[from] U-turn
|-ability|p1a: Kyurem|Pressure
|move|p2a: Alomomola|Wish|p2a: Alomomola
|
|-damage|p2a: Alomomola|29/100 brn|[from] brn
|upkeep
|turn|19
|
|t:|1776050481
|switch|p2a: Tyranitar|Tyranitar, M|84/100
|-damage|p2a: Tyranitar|72/100|[from] Stealth Rock
|-weather|Sandstorm|[from] ability: Sand Stream|[of] p2a: Tyranitar
|move|p1a: Kyurem|Draco Meteor|p2a: Tyranitar
|-damage|p2a: Tyranitar|8/100
|-unboost|p1a: Kyurem|spa|2
|
|-weather|Sandstorm|[upkeep]
|-damage|p1a: Kyurem|78/100|[from] Sandstorm
|-heal|p2a: Tyranitar|86/100|[from] move: Wish|[wisher] Alomomola
|upkeep
|turn|20
|
|t:|1776050495
|switch|p1a: Pecharunt|Pecharunt|100/100
|move|p2a: Tyranitar|Knock Off|p1a: Pecharunt
|-supereffective|p1a: Pecharunt
|-damage|p1a: Pecharunt|0 fnt
|-enditem|p1a: Pecharunt|Heavy-Duty Boots|[from] move: Knock Off|[of] p2a: Tyranitar
|faint|p1a: Pecharunt
|
|-weather|Sandstorm|[upkeep]
|upkeep
|
|t:|1776050504
|switch|p1a: Cinderace|Cinderace, M|47/100
|turn|21
|
|t:|1776050513
|switch|p2a: Alomomola|Alomomola, F|62/100 brn
|move|p1a: Cinderace|Will-O-Wisp|p2a: Alomomola
|-fail|p2a: Alomomola|brn
|
|-weather|Sandstorm|[upkeep]
|-damage|p1a: Cinderace|41/100|[from] Sandstorm
|-damage|p2a: Alomomola|56/100 brn|[from] Sandstorm
|-damage|p2a: Alomomola|50/100 brn|[from] brn
|upkeep
|turn|22
|
|t:|1776050522
|move|p1a: Cinderace|U-turn|p2a: Alomomola
|-damage|p2a: Alomomola|41/100 brn
|
|t:|1776050525
|switch|p1a: Kyurem|Kyurem|78/100|[from] U-turn
|-ability|p1a: Kyurem|Pressure
|move|p2a: Alomomola|Flip Turn|p1a: Kyurem
|-resisted|p1a: Kyurem
|-crit|p1a: Kyurem
|-damage|p1a: Kyurem|73/100
|
|t:|1776050535
|switch|p2a: Excadrill|Excadrill, M|100/100|[from] Flip Turn
|-damage|p2a: Excadrill|97/100|[from] Stealth Rock
|
|-weather|Sandstorm|[upkeep]
|-damage|p1a: Kyurem|66/100|[from] Sandstorm
|upkeep
|turn|23
|
|t:|1776050543
|switch|p1a: Primarina|Primarina, M|51/100
|move|p2a: Excadrill|Iron Head|p1a: Primarina
|-damage|p1a: Primarina|0 fnt
|faint|p1a: Primarina
|
|-weather|none
|upkeep
|
|t:|1776050549
|switch|p1a: Dragonite|Dragonite, F|100/100
|turn|24
|
|t:|1776050554
|move|p2a: Excadrill|Iron Head|p1a: Dragonite
|-damage|p1a: Dragonite|67/100
|move|p1a: Dragonite|Dragon Dance|p1a: Dragonite
|-boost|p1a: Dragonite|atk|1
|-boost|p1a: Dragonite|spe|1
|
|upkeep
|turn|25
|
|t:|1776050562
|-terastallize|p1a: Dragonite|Fire
|-terastallize|p2a: Excadrill|Grass
|move|p1a: Dragonite|Encore|p2a: Excadrill
|-start|p2a: Excadrill|Encore
|move|p2a: Excadrill|Iron Head|p1a: Dragonite
|-resisted|p1a: Dragonite
|-crit|p1a: Dragonite
|-damage|p1a: Dragonite|11/100
|
|upkeep
|turn|26
|
|t:|1776050575
|switch|p2a: Tyranitar|Tyranitar, M|86/100
|-damage|p2a: Tyranitar|74/100|[from] Stealth Rock
|-weather|Sandstorm|[from] ability: Sand Stream|[of] p2a: Tyranitar
|move|p1a: Dragonite|Scale Shot|p2a: Tyranitar
|-damage|p2a: Tyranitar|53/100
|-damage|p2a: Tyranitar|34/100
|-damage|p2a: Tyranitar|15/100
|-damage|p2a: Tyranitar|0 fnt
|faint|p2a: Tyranitar
|-hitcount|p2: Tyranitar|4
|-unboost|p1a: Dragonite|def|1
|-boost|p1a: Dragonite|spe|1
|
|-weather|Sandstorm|[upkeep]
|-damage|p1a: Dragonite|5/100|[from] Sandstorm
|upkeep
|
|t:|1776050591
|switch|p2a: Excadrill|Excadrill, M, tera:Grass|97/100
|-damage|p2a: Excadrill|85/100|[from] Stealth Rock
|turn|27
|
|t:|1776050596
|move|p2a: Excadrill|Earthquake|p1a: Dragonite
|-supereffective|p1a: Dragonite
|-damage|p1a: Dragonite|0 fnt
|faint|p1a: Dragonite
|
|-weather|Sandstorm|[upkeep]
|upkeep
|-message|Winterchillz forfeited.
|
|win|SquilliamTG
|raw|Winterchillz's rating: 1544 &rarr; <strong>1530</strong><br />(-14 for losing)
|raw|SquilliamTG's rating: 1655 &rarr; <strong>1669</strong><br />(+14 for winning)
|l|☆Winterchillz
|player|p1|
|c|☆SquilliamTG|damn they leave to quickly
|c|☆SquilliamTG|I'm pretty baked rn so i think I'm hoppin off for a bit bro, I just wanted to see if this team could work
|c|☆SquilliamTG|have fun watching other games tho!
