|j|☆RUMYMOME
|j|☆Rgb69rgb
|inactive|Battle timer is ON: inactive players will automatically lose when time's up.
|t:|1776162688
|gametype|singles
|player|p1|RUMYMOME|marshal|
|player|p2|Rgb69rgb|n|
|gen|9
|tier|[Gen 9] OU
|rated|Tournament battle
|rule|HP Percentage Mod: HP is shown in percentages
|rule|Endless Battle Clause: Forcing endless battles is banned
|rule|Species Clause: Limit one of each Pokémon
|rule|OHKO Clause: OHKO moves are banned
|rule|Evasion Items Clause: Evasion items are banned
|rule|Evasion Moves Clause: Evasion moves are banned
|rule|Evasion Abilities Clause: Evasion abilities are banned
|rule|Sleep Moves Clause: Sleep-inducing moves are banned
|rule|Inverse Mod: Weaknesses become resistances, while resistances and immunities become weaknesses.
|rule|Camomons Mod: Pokémon have their types set to match their first two moves.
|raw|<div class="infobox"><details class="readmore" open><summary><strong>2 custom rules:</strong></summary> inverse mod, camomons mod</details></div>
|clearpoke
|poke|p1|Ambipom, M|
|poke|p1|Porygon2|
|poke|p1|Ursaluna, M|
|poke|p1|Indeedee, M|
|poke|p1|Porygon-Z|
|poke|p1|Maushold-Four|
|poke|p2|Feraligatr, M|
|poke|p2|Ludicolo, F|
|poke|p2|Pawmot, M|
|poke|p2|Diancie|
|poke|p2|Latios, M|
|poke|p2|Cramorant, M|
|teampreview
|j|*Lady Monita 
|inactive|Rgb69rgb also wants the timer to be on.
|c|☆Rgb69rgb|Srry i did not see we cpuld start
|inactive|RUMYMOME has 120 seconds left.
|
|t:|1776162719
|teamsize|p1|6
|teamsize|p2|6
|start
|switch|p1a: Maushold|Maushold-Four|100/100
|switch|p2a: Ludicolo|Ludicolo, F|100/100
|-start|p1a: Maushold|typechange|Normal|[silent]
|-start|p2a: Ludicolo|typechange|Water|[silent]
|-start|p2a: Ludicolo|typechange|Water|[silent]
|turn|1
|
|t:|1776162728
|move|p1a: Maushold|Tidy Up|p1a: Maushold
|-boost|p1a: Maushold|atk|1
|-boost|p1a: Maushold|spe|1
|move|p2a: Ludicolo|Rain Dance|p2a: Ludicolo
|-weather|RainDance
|
|-weather|RainDance|[upkeep]
|upkeep
|turn|2
|
|t:|1776162757
|move|p1a: Maushold|Encore|p2a: Ludicolo
|-start|p2a: Ludicolo|Encore
|move|p2a: Ludicolo|Rain Dance||[still]
|-fail|p2a: Ludicolo
|
|-weather|RainDance|[upkeep]
|upkeep
|turn|3
|
|t:|1776162771
|switch|p2a: Cramorant|Cramorant, M|100/100
|-start|p2a: Cramorant|typechange|Water/Ice|[silent]
|move|p1a: Maushold|Tidy Up|p1a: Maushold
|-boost|p1a: Maushold|atk|1
|-boost|p1a: Maushold|spe|1
|
|-weather|RainDance|[upkeep]
|upkeep
|-start|p2a: Cramorant|typechange|Water/Ice|[silent]
|turn|4
|
|t:|1776162779
|move|p1a: Maushold|Population Bomb|p2a: Cramorant
|-damage|p2a: Cramorant|54/100
|-damage|p2a: Cramorant|7/100
|-damage|p2a: Cramorant|0 fnt
|faint|p2a: Cramorant
|-hitcount|p2: Cramorant|3
|
|-weather|RainDance|[upkeep]
|upkeep
|
|t:|1776162790
|switch|p2a: Pawmot|Pawmot, M|100/100
|-start|p2a: Pawmot|typechange|Fire/Ice|[silent]
|-start|p2a: Pawmot|typechange|Fire/Ice|[silent]
|turn|5
|
|t:|1776162801
|move|p1a: Maushold|Bullet Seed|p2a: Pawmot
|-supereffective|p2a: Pawmot
|-damage|p2a: Pawmot|40/100
|-supereffective|p2a: Pawmot
|-crit|p2a: Pawmot
|-damage|p2a: Pawmot|0 fnt
|faint|p2a: Pawmot
|-hitcount|p2: Pawmot|2
|
|-weather|none
|upkeep
|
|t:|1776162807
|switch|p2a: Diancie|Diancie|100/100
|-start|p2a: Diancie|typechange|Rock/Fighting|[silent]
|-start|p2a: Diancie|typechange|Rock/Fighting|[silent]
|turn|6
|
|t:|1776162812
|move|p1a: Maushold|Population Bomb|p2a: Diancie|[miss]
|-miss|p1a: Maushold|p2a: Diancie
|move|p2a: Diancie|Diamond Storm|p1a: Maushold
|-damage|p1a: Maushold|47/100
|-boost|p2a: Diancie|def|2
|
|upkeep
|turn|7
|
|t:|1776162814
|move|p1a: Maushold|Population Bomb|p2a: Diancie|[miss]
|-miss|p1a: Maushold|p2a: Diancie
|move|p2a: Diancie|Diamond Storm|p1a: Maushold|[miss]
|-miss|p2a: Diancie|p1a: Maushold
|
|upkeep
|turn|8
|
|t:|1776162823
|move|p1a: Maushold|Population Bomb|p2a: Diancie
|-supereffective|p2a: Diancie
|-damage|p2a: Diancie|83/100
|-supereffective|p2a: Diancie
|-damage|p2a: Diancie|65/100
|-supereffective|p2a: Diancie
|-damage|p2a: Diancie|48/100
|-supereffective|p2a: Diancie
|-damage|p2a: Diancie|32/100
|-hitcount|p2a: Diancie|4
|move|p2a: Diancie|Diamond Storm|p1a: Maushold
|-damage|p1a: Maushold|0 fnt
|faint|p1a: Maushold
|
|-heal|p2a: Diancie|38/100|[from] item: Leftovers
|upkeep
|
|t:|1776162839
|switch|p1a: Porygon2|Porygon2|100/100
|-start|p1a: Porygon2|typechange|Normal/Ice|[silent]
|-ability|p1a: Porygon2|Download|boost
|-boost|p1a: Porygon2|spa|1
|-start|p1a: Porygon2|typechange|Normal/Ice|[silent]
|turn|9
|
|t:|1776162853
|move|p1a: Porygon2|Tri Attack|p2a: Diancie
|-supereffective|p2a: Diancie
|-damage|p2a: Diancie|0 fnt
|faint|p2a: Diancie
|
|upkeep
|
|t:|1776162860
|switch|p2a: Feraligatr|Feraligatr, M|100/100
|-start|p2a: Feraligatr|typechange|Dark/Dragon|[silent]
|-start|p2a: Feraligatr|typechange|Dark/Dragon|[silent]
|turn|10
|
|t:|1776162884
|move|p2a: Feraligatr|Ice Fang|p1a: Porygon2
|-supereffective|p1a: Porygon2
|-damage|p1a: Porygon2|61/100
|move|p1a: Porygon2|Trick Room|p1a: Porygon2
|-fieldstart|move: Trick Room|[of] p1a: Porygon2
|
|upkeep
|turn|11
|
|t:|1776162889
|move|p1a: Porygon2|Thunderbolt|p2a: Feraligatr
|-supereffective|p2a: Feraligatr
|-damage|p2a: Feraligatr|0 fnt
|faint|p2a: Feraligatr
|
|upkeep
|
|t:|1776162898
|switch|p2a: Ludicolo|Ludicolo, F|100/100
|-start|p2a: Ludicolo|typechange|Water|[silent]
|-start|p2a: Ludicolo|typechange|Water|[silent]
|turn|12
|inactive|Rgb69rgb has 120 seconds left.
|
|t:|1776162935
|move|p1a: Porygon2|Ice Beam|p2a: Ludicolo
|-supereffective|p2a: Ludicolo
|-damage|p2a: Ludicolo|0 fnt
|faint|p2a: Ludicolo
|
|upkeep
|
|t:|1776162939
|switch|p2a: Latios|Latios, M|100/100
|-start|p2a: Latios|typechange|Psychic/Dragon|[silent]
|-start|p2a: Latios|typechange|Psychic/Dragon|[silent]
|turn|13
|
|t:|1776162953
|move|p1a: Porygon2|Thunderbolt|p2a: Latios
|-supereffective|p2a: Latios
|-damage|p2a: Latios|11/100
|move|p2a: Latios|Dragon Pulse|p1a: Porygon2
|-damage|p1a: Porygon2|25/100
|
|upkeep
|turn|14
|
|t:|1776162964
|move|p1a: Porygon2|Thunderbolt|p2a: Latios
|-supereffective|p2a: Latios
|-damage|p2a: Latios|0 fnt
|faint|p2a: Latios
|
|win|RUMYMOME
|n|☆RUMYMOME|rumymome
|n|☆Rgb69rgb|rgb69rgb
|n|*Lady Monita |ladymonita
