|html|<div class="broadcast-blue"><strong>[Gen 9] OU is currently suspecting Tera Blast! For information on how to participate check out the <a href="https://www.smogon.com/tools/suspects/view/200">suspect thread</a>.</strong></div>
|j|☆synergeticenergy
|j|☆Edward Wang
|t:|1776058373
|gametype|singles
|player|p1|synergeticenergy|unknown|1311
|player|p2|Edward Wang|preschooler|1269
|gen|9
|tier|[Gen 9] OU
|rated|
|rule|HP Percentage Mod: HP is shown in percentages
|rule|Endless Battle Clause: Forcing endless battles is banned
|rule|Species Clause: Limit one of each Pokémon
|rule|OHKO Clause: OHKO moves are banned
|rule|Evasion Items Clause: Evasion items are banned
|rule|Evasion Moves Clause: Evasion moves are banned
|rule|Evasion Abilities Clause: Evasion abilities are banned
|rule|Sleep Moves Clause: Sleep-inducing moves are banned
|clearpoke
|poke|p1|Zoroark-Hisui, M|
|poke|p1|Great Tusk|
|poke|p1|Slowking-Galar, M|
|poke|p1|Kingambit, M|
|poke|p1|Darkrai|
|poke|p1|Gliscor, M|
|poke|p2|Jirachi|
|poke|p2|Serperior, M|
|poke|p2|Landorus-Therian, M|
|poke|p2|Heatran, F|
|poke|p2|Ting-Lu|
|poke|p2|Araquanid, F|
|teampreview
|inactive|Battle timer is ON: inactive players will automatically lose when time's up. (requested by synergeticenergy)
|
|t:|1776058380
|teamsize|p1|6
|teamsize|p2|6
|start
|switch|p1a: Gliscor|Gliscor, M|100/100
|switch|p2a: Landorus|Landorus-Therian, M|100/100
|-ability|p2a: Landorus|Intimidate|boost
|-unboost|p1a: Gliscor|atk|1
|turn|1
|
|t:|1776058384
|move|p2a: Landorus|U-turn|p1a: Gliscor
|-resisted|p1a: Gliscor
|-damage|p1a: Gliscor|91/100
|
|t:|1776058391
|switch|p2a: Jirachi|Jirachi, shiny|100/100|[from] U-turn
|move|p1a: Gliscor|Toxic|p2a: Jirachi
|-immune|p2a: Jirachi
|
|-status|p1a: Gliscor|tox|[from] item: Toxic Orb
|upkeep
|turn|2
|
|t:|1776058395
|move|p2a: Jirachi|Cosmic Power|p2a: Jirachi
|-boost|p2a: Jirachi|def|1
|-boost|p2a: Jirachi|spd|1
|move|p1a: Gliscor|Spikes|p2a: Jirachi
|-sidestart|p2: Edward Wang|Spikes
|
|-heal|p1a: Gliscor|100/100 tox|[from] ability: Poison Heal
|upkeep
|turn|3
|
|t:|1776058400
|move|p2a: Jirachi|Cosmic Power|p2a: Jirachi
|-boost|p2a: Jirachi|def|1
|-boost|p2a: Jirachi|spd|1
|move|p1a: Gliscor|Earthquake|p2a: Jirachi
|-supereffective|p2a: Jirachi
|-damage|p2a: Jirachi|82/100
|-enditem|p2a: Jirachi|Weakness Policy
|-boost|p2a: Jirachi|atk|2|[from] item: Weakness Policy
|-boost|p2a: Jirachi|spa|2|[from] item: Weakness Policy
|
|upkeep
|turn|4
|
|t:|1776058405
|move|p2a: Jirachi|Ice Punch|p1a: Gliscor
|-supereffective|p1a: Gliscor
|-damage|p1a: Gliscor|8/100 tox
|move|p1a: Gliscor|Earthquake|p2a: Jirachi
|-supereffective|p2a: Jirachi
|-damage|p2a: Jirachi|62/100
|
|-heal|p1a: Gliscor|20/100 tox|[from] ability: Poison Heal
|upkeep
|turn|5
|
|t:|1776058409
|move|p1a: Gliscor|Protect|p1a: Gliscor
|-singleturn|p1a: Gliscor|Protect
|move|p2a: Jirachi|Cosmic Power|p2a: Jirachi
|-boost|p2a: Jirachi|def|1
|-boost|p2a: Jirachi|spd|1
|
|-heal|p1a: Gliscor|33/100 tox|[from] ability: Poison Heal
|upkeep
|turn|6
|
|t:|1776058412
|move|p2a: Jirachi|Drain Punch|p1a: Gliscor
|-resisted|p1a: Gliscor
|-damage|p1a: Gliscor|22/100 tox
|-heal|p2a: Jirachi|67/100|[from] drain|[of] p1a: Gliscor
|move|p1a: Gliscor|Spikes|p2a: Jirachi
|-sidestart|p2: Edward Wang|Spikes
|
|-heal|p1a: Gliscor|35/100 tox|[from] ability: Poison Heal
|upkeep
|turn|7
|
|t:|1776058418
|move|p2a: Jirachi|Stored Power|p1a: Gliscor
|-damage|p1a: Gliscor|0 fnt
|faint|p1a: Gliscor
|
|upkeep
|
|t:|1776058426
|switch|p1a: Darkrai|Darkrai|100/100
|turn|8
|
|t:|1776058429
|-terastallize|p2a: Jirachi|Fighting
|move|p1a: Darkrai|Shadow Ball|p2a: Jirachi
|-damage|p2a: Jirachi|51/100
|move|p2a: Jirachi|Drain Punch|p1a: Darkrai
|-immune|p1a: Darkrai
|
|upkeep
|turn|9
|
|t:|1776058444
|move|p1a: Darkrai|U-turn|p2a: Jirachi
|-resisted|p2a: Jirachi
|-damage|p2a: Jirachi|48/100
|
|t:|1776058450
|switch|p1a: Slowking|Slowking-Galar, M|100/100|[from] U-turn
|move|p2a: Jirachi|Stored Power|p1a: Slowking
|-damage|p1a: Slowking|12/100
|
|upkeep
|turn|10
|
|t:|1776058458
|move|p2a: Jirachi|Drain Punch|p1a: Slowking
|-resisted|p1a: Slowking
|-damage|p1a: Slowking|0 fnt
|-heal|p2a: Jirachi|54/100|[from] drain|[of] p1a: Slowking
|faint|p1a: Slowking
|
|upkeep
|
|t:|1776058462
|switch|p1a: Darkrai|Darkrai|100/100
|turn|11
|
|t:|1776058468
|move|p1a: Darkrai|Sludge Bomb|p2a: Jirachi
|-damage|p2a: Jirachi|41/100
|move|p2a: Jirachi|Ice Punch|p1a: Darkrai
|-damage|p1a: Darkrai|48/100
|-status|p1a: Darkrai|frz
|
|upkeep
|turn|12
|
|t:|1776058474
|cant|p1a: Darkrai|frz
|move|p2a: Jirachi|Drain Punch|p1a: Darkrai
|-supereffective|p1a: Darkrai
|-damage|p1a: Darkrai|0 fnt
|-heal|p2a: Jirachi|58/100|[from] drain|[of] p1a: Darkrai
|faint|p1a: Darkrai
|
|upkeep
|-message|synergeticenergy forfeited.
|
|win|Edward Wang
|raw|synergeticenergy's rating: 1311 &rarr; <strong>1289</strong><br />(-22 for losing)
|raw|Edward Wang's rating: 1269 &rarr; <strong>1297</strong><br />(+28 for winning)
|l|☆synergeticenergy
|player|p1|
|l|☆Edward Wang
|player|p2|
