|html|<div class="broadcast-blue"><strong>[Gen 9] OU is currently suspecting Tera Blast! For information on how to participate check out the <a href="https://www.smogon.com/tools/suspects/view/200">suspect thread</a>.</strong></div>
|j|☆mo-ii-kai
|j|☆King.owenjr
|t:|1776053890
|gametype|singles
|player|p1|mo-ii-kai|janine|1431
|player|p2|King.owenjr|veteran|1505
|gen|9
|tier|[Gen 9] OU
|rated|
|rule|HP Percentage Mod: HP is shown in percentages
|rule|Endless Battle Clause: Forcing endless battles is banned
|rule|Species Clause: Limit one of each Pokémon
|rule|OHKO Clause: OHKO moves are banned
|rule|Evasion Items Clause: Evasion items are banned
|rule|Evasion Moves Clause: Evasion moves are banned
|rule|Evasion Abilities Clause: Evasion abilities are banned
|rule|Sleep Moves Clause: Sleep-inducing moves are banned
|clearpoke
|poke|p1|Ninetales, F|
|poke|p1|Walking Wake|
|poke|p1|Typhlosion-Hisui, M|
|poke|p1|Great Tusk|
|poke|p1|Rillaboom, F|
|poke|p1|Raging Bolt|
|poke|p2|Arcanine-Hisui, M|
|poke|p2|Decidueye-Hisui, M|
|poke|p2|Gyarados, M|
|poke|p2|Hydreigon, M|
|poke|p2|Ribombee, F|
|poke|p2|Excadrill, M|
|teampreview
|inactive|Battle timer is ON: inactive players will automatically lose when time's up. (requested by mo-ii-kai)
|
|t:|1776053907
|teamsize|p1|6
|teamsize|p2|6
|start
|switch|p1a: Typhlosion|Typhlosion-Hisui, M|100/100
|switch|p2a: Arcanine|Arcanine-Hisui, M, shiny|100/100
|turn|1
|
|t:|1776053927
|switch|p1a: Great Tusk|Great Tusk|100/100
|move|p2a: Arcanine|Flare Blitz|p1a: Great Tusk
|-damage|p1a: Great Tusk|62/100
|-status|p1a: Great Tusk|brn
|
|-damage|p1a: Great Tusk|56/100 brn|[from] brn
|upkeep
|turn|2
|
|t:|1776053937
|switch|p2a: Hydreigon|Hydreigon, M|100/100
|move|p1a: Great Tusk|Rapid Spin|p2a: Hydreigon
|-damage|p2a: Hydreigon|92/100
|-boost|p1a: Great Tusk|spe|1
|
|-damage|p1a: Great Tusk|50/100 brn|[from] brn
|upkeep
|turn|3
|
|t:|1776053949
|move|p1a: Great Tusk|Stealth Rock|p2a: Hydreigon
|-sidestart|p2: King.owenjr|move: Stealth Rock
|move|p2a: Hydreigon|Earth Power|p1a: Great Tusk
|-damage|p1a: Great Tusk|0 fnt
|faint|p1a: Great Tusk
|-end|p1a: Great Tusk|Protosynthesis|[silent]
|-damage|p2a: Hydreigon|82/100|[from] item: Life Orb
|
|upkeep
|inactive|mo-ii-kai has 120 seconds left.
|
|t:|1776053980
|switch|p1a: Typhlosion|Typhlosion-Hisui, M|100/100
|turn|4
|
|t:|1776053983
|move|p1a: Typhlosion|Focus Blast|p2a: Hydreigon
|-supereffective|p2a: Hydreigon
|-damage|p2a: Hydreigon|0 fnt
|faint|p2a: Hydreigon
|
|upkeep
|
|t:|1776053989
|switch|p2a: Ribombee|Ribombee, F|100/100
|-damage|p2a: Ribombee|76/100|[from] Stealth Rock
|turn|5
|
|t:|1776053996
|switch|p1a: Ninetales|Ninetales, F|100/100
|-weather|SunnyDay|[from] ability: Drought|[of] p1a: Ninetales
|move|p2a: Ribombee|Sticky Web|p1a: Ninetales
|-sidestart|p1: mo-ii-kai|move: Sticky Web
|
|-weather|SunnyDay|[upkeep]
|upkeep
|turn|6
|
|t:|1776054007
|switch|p2a: Arcanine|Arcanine-Hisui, M, shiny|100/100
|move|p1a: Ninetales|Weather Ball|p2a: Arcanine
|-resisted|p2a: Arcanine
|-damage|p2a: Arcanine|86/100
|
|-weather|SunnyDay|[upkeep]
|upkeep
|turn|7
|
|t:|1776054018
|switch|p1a: Raging Bolt|Raging Bolt|100/100
|-activate|p1a: Raging Bolt|move: Sticky Web
|-unboost|p1a: Raging Bolt|spe|1
|-activate|p1a: Raging Bolt|ability: Protosynthesis
|-start|p1a: Raging Bolt|protosynthesisspa
|move|p2a: Arcanine|Head Smash|p1a: Raging Bolt
|-damage|p1a: Raging Bolt|30/100
|
|-weather|SunnyDay|[upkeep]
|upkeep
|turn|8
|
|t:|1776054029
|switch|p2a: Excadrill|Excadrill, M|100/100
|-damage|p2a: Excadrill|97/100|[from] Stealth Rock
|-ability|p2a: Excadrill|Mold Breaker
|move|p1a: Raging Bolt|Thunderclap||[still]
|-fail|p1a: Raging Bolt
|
|-weather|SunnyDay|[upkeep]
|upkeep
|turn|9
|
|t:|1776054038
|-end|p1a: Raging Bolt|Protosynthesis|[silent]
|switch|p1a: Rillaboom|Rillaboom, F|100/100
|-activate|p1a: Rillaboom|move: Sticky Web
|-unboost|p1a: Rillaboom|spe|1
|-fieldstart|move: Grassy Terrain|[from] ability: Grassy Surge|[of] p1a: Rillaboom
|move|p2a: Excadrill|Rapid Spin|p1a: Rillaboom
|-damage|p1a: Rillaboom|78/100
|-boost|p2a: Excadrill|spe|1
|-sideend|p2: King.owenjr|Stealth Rock|[from] move: Rapid Spin|[of] p2a: Excadrill
|
|-weather|SunnyDay|[upkeep]
|-heal|p2a: Excadrill|100/100|[from] Grassy Terrain
|-heal|p1a: Rillaboom|84/100|[from] Grassy Terrain
|upkeep
|turn|10
|
|t:|1776054051
|move|p2a: Excadrill|Iron Head|p1a: Rillaboom
|-damage|p1a: Rillaboom|32/100
|cant|p1a: Rillaboom|flinch
|
|-weather|SunnyDay|[upkeep]
|-heal|p1a: Rillaboom|38/100|[from] Grassy Terrain
|upkeep
|turn|11
|
|t:|1776054066
|-terastallize|p1a: Rillaboom|Grass
|move|p1a: Rillaboom|Grassy Glide|p2a: Excadrill
|-damage|p2a: Excadrill|0 fnt
|faint|p2a: Excadrill
|
|-weather|SunnyDay|[upkeep]
|-heal|p1a: Rillaboom|44/100|[from] Grassy Terrain
|upkeep
|
|t:|1776054077
|switch|p2a: Decidueye|Decidueye-Hisui, M|100/100
|turn|12
|
|t:|1776054089
|switch|p1a: Typhlosion|Typhlosion-Hisui, M|100/100
|-activate|p1a: Typhlosion|move: Sticky Web
|-unboost|p1a: Typhlosion|spe|1
|move|p2a: Decidueye|Triple Arrows|p1a: Typhlosion
|-damage|p1a: Typhlosion|35/100
|-unboost|p1a: Typhlosion|def|1
|
|-weather|none
|-heal|p1a: Typhlosion|41/100|[from] Grassy Terrain
|upkeep
|turn|13
|c|☆mo-ii-kai|forgot it had scrappy
|
|t:|1776054101
|move|p2a: Decidueye|Shadow Sneak|p1a: Typhlosion
|-supereffective|p1a: Typhlosion
|-damage|p1a: Typhlosion|0 fnt
|faint|p1a: Typhlosion
|
|-fieldend|move: Grassy Terrain
|upkeep
|
|t:|1776054105
|switch|p1a: Ninetales|Ninetales, F|100/100
|-activate|p1a: Ninetales|move: Sticky Web
|-unboost|p1a: Ninetales|spe|1
|-weather|SunnyDay|[from] ability: Drought|[of] p1a: Ninetales
|turn|14
|
|t:|1776054113
|switch|p1a: Walking Wake|Walking Wake|100/100
|-activate|p1a: Walking Wake|move: Sticky Web
|-unboost|p1a: Walking Wake|spe|1
|-activate|p1a: Walking Wake|ability: Protosynthesis
|-start|p1a: Walking Wake|protosynthesisspa
|switch|p2a: Ribombee|Ribombee, F|76/100
|
|-weather|SunnyDay|[upkeep]
|upkeep
|turn|15
|
|t:|1776054123
|move|p2a: Ribombee|Moonblast|p1a: Walking Wake
|-supereffective|p1a: Walking Wake
|-damage|p1a: Walking Wake|0 fnt
|faint|p1a: Walking Wake
|-end|p1a: Walking Wake|Protosynthesis|[silent]
|
|-weather|SunnyDay|[upkeep]
|upkeep
|
|t:|1776054128
|switch|p1a: Ninetales|Ninetales, F|100/100
|-activate|p1a: Ninetales|move: Sticky Web
|-unboost|p1a: Ninetales|spe|1
|turn|16
|
|t:|1776054133
|move|p2a: Ribombee|Psychic Noise|p1a: Ninetales
|-damage|p1a: Ninetales|78/100
|-start|p1a: Ninetales|move: Heal Block
|move|p1a: Ninetales|Weather Ball|p2a: Ribombee
|-supereffective|p2a: Ribombee
|-damage|p2a: Ribombee|0 fnt
|faint|p2a: Ribombee
|
|-weather|SunnyDay|[upkeep]
|upkeep
|-message|mo-ii-kai forfeited.
|
|win|King.owenjr
|raw|mo-ii-kai's rating: 1431 &rarr; <strong>1415</strong><br />(-16 for losing)
|raw|King.owenjr's rating: 1505 &rarr; <strong>1521</strong><br />(+16 for winning)
|l|☆mo-ii-kai
|player|p1|
|l|☆King.owenjr
|player|p2|
