|html|<div class="broadcast-blue"><strong>[Gen 9] OU is currently suspecting Tera Blast! For information on how to participate check out the <a href="https://www.smogon.com/tools/suspects/view/200">suspect thread</a>.</strong></div>
|j|☆DonovanIsNotHere
|j|☆Opey44
|t:|1776204680
|gametype|singles
|player|p1|DonovanIsNotHere|101|1347
|player|p2|Opey44|169|1359
|gen|9
|tier|[Gen 9] OU
|rated|
|rule|HP Percentage Mod: HP is shown in percentages
|rule|Endless Battle Clause: Forcing endless battles is banned
|rule|Species Clause: Limit one of each Pokémon
|rule|OHKO Clause: OHKO moves are banned
|rule|Evasion Items Clause: Evasion items are banned
|rule|Evasion Moves Clause: Evasion moves are banned
|rule|Evasion Abilities Clause: Evasion abilities are banned
|rule|Sleep Moves Clause: Sleep-inducing moves are banned
|clearpoke
|poke|p1|Venusaur, M|
|poke|p1|Magnezone|
|poke|p1|Samurott-Hisui, M|
|poke|p1|Pecharunt|
|poke|p1|Heatran, F|
|poke|p1|Corviknight, F|
|poke|p2|Dragonite, M|
|poke|p2|Zamazenta-*|
|poke|p2|Polteageist-Antique|
|poke|p2|Garganacl, F|
|poke|p2|Sinistcha-Masterpiece|
|poke|p2|Quaquaval, M|
|teampreview
|inactive|Battle timer is ON: inactive players will automatically lose when time's up. (requested by Opey44)
|
|t:|1776204688
|teamsize|p1|6
|teamsize|p2|6
|start
|switch|p1a: King Slayer|Samurott-Hisui, M|100/100
|switch|p2a: Zamazenta|Zamazenta|100/100
|-ability|p2a: Zamazenta|Dauntless Shield|boost
|-boost|p2a: Zamazenta|def|1
|turn|1
|
|t:|1776204696
|move|p2a: Zamazenta|Body Press|p1a: King Slayer
|-supereffective|p1a: King Slayer
|-damage|p1a: King Slayer|0 fnt
|faint|p1a: King Slayer
|
|upkeep
|
|t:|1776204699
|switch|p1a: Pecharunt|Pecharunt|100/100
|turn|2
|
|t:|1776204704
|switch|p2a: Garganacl|Garganacl, F|100/100
|move|p1a: Pecharunt|Malignant Chain|p2a: Garganacl
|-resisted|p2a: Garganacl
|-damage|p2a: Garganacl|90/100
|
|upkeep
|turn|3
|
|t:|1776204712
|move|p1a: Pecharunt|Parting Shot|p2a: Garganacl
|-unboost|p2a: Garganacl|atk|1
|-unboost|p2a: Garganacl|spa|1
|
|t:|1776204714
|switch|p1a: Flytrap|Venusaur, M|100/100|[from] Parting Shot
|move|p2a: Garganacl|Salt Cure|p1a: Flytrap
|-damage|p1a: Flytrap|90/100
|-start|p1a: Flytrap|Salt Cure
|
|-heal|p1a: Flytrap|96/100|[from] item: Leftovers
|-damage|p1a: Flytrap|83/100|[from] Salt Cure
|upkeep
|turn|4
|
|t:|1776204725
|switch|p2a: Sinistcha|Sinistcha-Masterpiece|100/100
|move|p1a: Flytrap|Giga Drain|p2a: Sinistcha
|-resisted|p2a: Sinistcha
|-damage|p2a: Sinistcha|88/100
|-heal|p1a: Flytrap|88/100|[from] drain|[of] p2a: Sinistcha
|
|-heal|p1a: Flytrap|94/100|[from] item: Leftovers
|-damage|p1a: Flytrap|82/100|[from] Salt Cure
|upkeep
|turn|5
|
|t:|1776204736
|switch|p1a: Egg trap|Heatran, F|100/100
|-item|p1a: Egg trap|Air Balloon
|move|p2a: Sinistcha|Calm Mind|p2a: Sinistcha
|-boost|p2a: Sinistcha|spa|1
|-boost|p2a: Sinistcha|spd|1
|
|upkeep
|turn|6
|
|t:|1776204744
|move|p1a: Egg trap|Magma Storm|p2a: Sinistcha
|-supereffective|p2a: Sinistcha
|-damage|p2a: Sinistcha|60/100
|-activate|p2a: Sinistcha|move: Magma Storm|[of] p1a: Egg trap
|move|p2a: Sinistcha|Calm Mind|p2a: Sinistcha
|-boost|p2a: Sinistcha|spa|1
|-boost|p2a: Sinistcha|spd|1
|
|-damage|p2a: Sinistcha|48/100|[from] move: Magma Storm|[partiallytrapped]
|upkeep
|turn|7
|
|t:|1776204756
|move|p1a: Egg trap|Magma Storm|p2a: Sinistcha|[miss]
|-miss|p1a: Egg trap|p2a: Sinistcha
|move|p2a: Sinistcha|Strength Sap|p1a: Egg trap
|-unboost|p1a: Egg trap|atk|1
|-heal|p2a: Sinistcha|100/100
|
|-damage|p2a: Sinistcha|88/100|[from] move: Magma Storm|[partiallytrapped]
|upkeep
|turn|8
|
|t:|1776204767
|move|p1a: Egg trap|Taunt|p2a: Sinistcha
|-start|p2a: Sinistcha|move: Taunt
|-enditem|p2a: Sinistcha|Mental Herb
|-end|p2a: Sinistcha|move: Taunt
|move|p2a: Sinistcha|Hex|p1a: Egg trap
|-damage|p1a: Egg trap|70/100
|-enditem|p1a: Egg trap|Air Balloon
|
|-damage|p2a: Sinistcha|76/100|[from] move: Magma Storm|[partiallytrapped]
|upkeep
|turn|9
|
|t:|1776204778
|move|p1a: Egg trap|Magma Storm|p2a: Sinistcha
|-supereffective|p2a: Sinistcha
|-damage|p2a: Sinistcha|55/100
|move|p2a: Sinistcha|Hex|p1a: Egg trap
|-crit|p1a: Egg trap
|-damage|p1a: Egg trap|24/100
|
|-damage|p2a: Sinistcha|42/100|[from] move: Magma Storm|[partiallytrapped]
|upkeep
|turn|10
|
|t:|1776204789
|move|p1a: Egg trap|Magma Storm|p2a: Sinistcha
|-supereffective|p2a: Sinistcha
|-damage|p2a: Sinistcha|21/100
|move|p2a: Sinistcha|Hex|p1a: Egg trap
|-damage|p1a: Egg trap|0 fnt
|faint|p1a: Egg trap
|
|-end|p2a: Sinistcha|Magma Storm|[partiallytrapped]|[silent]
|upkeep
|
|t:|1776204799
|switch|p1a: Bird Trap|Magnezone|100/100
|turn|11
|
|t:|1776204805
|-terastallize|p2a: Sinistcha|Steel
|move|p1a: Bird Trap|Flash Cannon|p2a: Sinistcha
|-resisted|p2a: Sinistcha
|-damage|p2a: Sinistcha|5/100
|move|p2a: Sinistcha|Strength Sap|p1a: Bird Trap
|-unboost|p1a: Bird Trap|atk|1
|-heal|p2a: Sinistcha|60/100
|
|upkeep
|turn|12
|
|t:|1776204815
|switch|p1a: Flytrap|Venusaur, M|82/100
|move|p2a: Sinistcha|Matcha Gotcha|p1a: Flytrap
|-resisted|p1a: Flytrap
|-damage|p1a: Flytrap|72/100
|-heal|p2a: Sinistcha|67/100|[from] drain|[of] p1a: Flytrap
|
|-heal|p1a: Flytrap|78/100|[from] item: Leftovers
|upkeep
|turn|13
|
|t:|1776204826
|move|p1a: Flytrap|Leech Seed|p2a: Sinistcha
|-start|p2a: Sinistcha|move: Leech Seed
|move|p2a: Sinistcha|Hex|p1a: Flytrap
|-damage|p1a: Flytrap|44/100
|
|-heal|p1a: Flytrap|50/100|[from] item: Leftovers
|-damage|p2a: Sinistcha|55/100|[from] Leech Seed|[of] p1a: Flytrap
|-heal|p1a: Flytrap|60/100|[silent]
|upkeep
|turn|14
|
|t:|1776204845
|switch|p2a: Polteageist|Polteageist-Antique|100/100
|move|p1a: Flytrap|Earth Power|p2a: Polteageist
|-damage|p2a: Polteageist|78/100
|
|-heal|p1a: Flytrap|66/100|[from] item: Leftovers
|upkeep
|turn|15
|
|t:|1776204854
|move|p2a: Polteageist|Shell Smash|p2a: Polteageist
|-unboost|p2a: Polteageist|def|1
|-unboost|p2a: Polteageist|spd|1
|-boost|p2a: Polteageist|atk|2
|-boost|p2a: Polteageist|spa|2
|-boost|p2a: Polteageist|spe|2
|move|p1a: Flytrap|Leech Seed|p2a: Polteageist
|-start|p2a: Polteageist|move: Leech Seed
|
|-heal|p1a: Flytrap|72/100|[from] item: Leftovers
|-damage|p2a: Polteageist|66/100|[from] Leech Seed|[of] p1a: Flytrap
|-heal|p1a: Flytrap|81/100|[silent]
|upkeep
|turn|16
|
|t:|1776204866
|move|p2a: Polteageist|Stored Power|p1a: Flytrap
|-supereffective|p1a: Flytrap
|-damage|p1a: Flytrap|0 fnt
|faint|p1a: Flytrap
|
|upkeep
|
|t:|1776204868
|switch|p1a: Corviknight|Corviknight, F|100/100
|-ability|p1a: Corviknight|Pressure
|turn|17
|
|t:|1776204874
|move|p2a: Polteageist|Shadow Ball|p1a: Corviknight
|-damage|p1a: Corviknight|28/100
|move|p1a: Corviknight|Brave Bird|p2a: Polteageist
|-damage|p2a: Polteageist|0 fnt
|faint|p2a: Polteageist
|-damage|p1a: Corviknight|14/100|[from] Recoil
|
|upkeep
|
|t:|1776204884
|switch|p2a: Garganacl|Garganacl, F|90/100
|turn|18
|
|t:|1776204897
|move|p1a: Corviknight|U-turn|p2a: Garganacl
|-damage|p2a: Garganacl|80/100
|-damage|p1a: Corviknight|0 fnt|[from] item: Rocky Helmet|[of] p2a: Garganacl
|faint|p1a: Corviknight
|move|p2a: Garganacl|Curse|p2a: Garganacl
|-unboost|p2a: Garganacl|spe|1
|-boost|p2a: Garganacl|atk|1
|-boost|p2a: Garganacl|def|1
|
|upkeep
|
|t:|1776204902
|switch|p1a: Bird Trap|Magnezone|100/100
|turn|19
|
|t:|1776204908
|move|p1a: Bird Trap|Flash Cannon|p2a: Garganacl
|-supereffective|p2a: Garganacl
|-damage|p2a: Garganacl|0 fnt
|faint|p2a: Garganacl
|
|upkeep
|
|t:|1776204914
|switch|p2a: Sinistcha|Sinistcha-Masterpiece, tera:Steel|55/100
|turn|20
|
|t:|1776204918
|move|p1a: Bird Trap|Flash Cannon|p2a: Sinistcha
|-resisted|p2a: Sinistcha
|-damage|p2a: Sinistcha|18/100
|move|p2a: Sinistcha|Strength Sap|p1a: Bird Trap
|-unboost|p1a: Bird Trap|atk|1
|-heal|p2a: Sinistcha|73/100
|
|upkeep
|turn|21
|
|t:|1776204933
|move|p1a: Bird Trap|Flash Cannon|p2a: Sinistcha
|-resisted|p2a: Sinistcha
|-crit|p2a: Sinistcha
|-damage|p2a: Sinistcha|21/100
|move|p2a: Sinistcha|Calm Mind|p2a: Sinistcha
|-boost|p2a: Sinistcha|spa|1
|-boost|p2a: Sinistcha|spd|1
|
|upkeep
|turn|22
|
|t:|1776204941
|move|p1a: Bird Trap|Flash Cannon|p2a: Sinistcha
|-resisted|p2a: Sinistcha
|-damage|p2a: Sinistcha|0 fnt
|faint|p2a: Sinistcha
|
|upkeep
|
|t:|1776204947
|switch|p2a: Zamazenta|Zamazenta|100/100
|turn|23
|
|t:|1776204951
|move|p2a: Zamazenta|Substitute|p2a: Zamazenta
|-start|p2a: Zamazenta|Substitute
|-damage|p2a: Zamazenta|76/100
|move|p1a: Bird Trap|Flash Cannon|p2a: Zamazenta
|-end|p2a: Zamazenta|Substitute
|
|-heal|p2a: Zamazenta|82/100|[from] item: Leftovers
|upkeep
|turn|24
|
|t:|1776204960
|move|p2a: Zamazenta|Iron Defense|p2a: Zamazenta
|-boost|p2a: Zamazenta|def|2
|move|p1a: Bird Trap|Flash Cannon|p2a: Zamazenta
|-damage|p2a: Zamazenta|22/100
|
|-heal|p2a: Zamazenta|28/100|[from] item: Leftovers
|upkeep
|turn|25
|
|t:|1776204968
|move|p2a: Zamazenta|Body Press|p1a: Bird Trap
|-supereffective|p1a: Bird Trap
|-damage|p1a: Bird Trap|0 fnt
|faint|p1a: Bird Trap
|
|-heal|p2a: Zamazenta|35/100|[from] item: Leftovers
|upkeep
|
|t:|1776204971
|switch|p1a: Pecharunt|Pecharunt|100/100
|turn|26
|
|t:|1776204978
|move|p2a: Zamazenta|Crunch|p1a: Pecharunt
|-supereffective|p1a: Pecharunt
|-damage|p1a: Pecharunt|80/100
|move|p1a: Pecharunt|Malignant Chain|p2a: Zamazenta
|-damage|p2a: Zamazenta|3/100
|
|-heal|p2a: Zamazenta|9/100|[from] item: Leftovers
|upkeep
|turn|27
|
|t:|1776204987
|move|p2a: Zamazenta|Crunch|p1a: Pecharunt
|-supereffective|p1a: Pecharunt
|-damage|p1a: Pecharunt|59/100
|move|p1a: Pecharunt|Shadow Ball|p2a: Zamazenta
|-damage|p2a: Zamazenta|0 fnt
|faint|p2a: Zamazenta
|
|upkeep
|
|t:|1776204996
|switch|p2a: Quaquaval|Quaquaval, M|100/100
|turn|28
|
|t:|1776205002
|move|p2a: Quaquaval|Aqua Step|p1a: Pecharunt
|-damage|p1a: Pecharunt|39/100
|-boost|p2a: Quaquaval|spe|1
|move|p1a: Pecharunt|Recover|p1a: Pecharunt
|-heal|p1a: Pecharunt|89/100
|
|upkeep
|turn|29
|
|t:|1776205010
|move|p2a: Quaquaval|Aqua Step|p1a: Pecharunt
|-damage|p1a: Pecharunt|71/100
|-boost|p2a: Quaquaval|spe|1
|move|p1a: Pecharunt|Malignant Chain|p2a: Quaquaval
|-damage|p2a: Quaquaval|54/100
|
|upkeep
|turn|30
|
|t:|1776205018
|-terastallize|p1a: Pecharunt|Ghost
|move|p2a: Quaquaval|Aqua Step|p1a: Pecharunt
|-damage|p1a: Pecharunt|53/100
|-boost|p2a: Quaquaval|spe|1
|move|p1a: Pecharunt|Shadow Ball|p2a: Quaquaval
|-damage|p2a: Quaquaval|9/100
|
|upkeep
|turn|31
|
|t:|1776205029
|move|p2a: Quaquaval|Aqua Step|p1a: Pecharunt
|-damage|p1a: Pecharunt|34/100
|-boost|p2a: Quaquaval|spe|1
|move|p1a: Pecharunt|Recover|p1a: Pecharunt
|-heal|p1a: Pecharunt|84/100
|
|upkeep
|turn|32
|
|t:|1776205037
|move|p2a: Quaquaval|Aqua Step|p1a: Pecharunt
|-damage|p1a: Pecharunt|65/100
|-boost|p2a: Quaquaval|spe|1
|move|p1a: Pecharunt|Shadow Ball|p2a: Quaquaval
|-damage|p2a: Quaquaval|0 fnt
|faint|p2a: Quaquaval
|
|upkeep
|
|t:|1776205046
|switch|p2a: Dragonite|Dragonite, M|100/100
|turn|33
|
|t:|1776205059
|move|p2a: Dragonite|Dragon Dance|p2a: Dragonite
|-boost|p2a: Dragonite|atk|1
|-boost|p2a: Dragonite|spe|1
|move|p1a: Pecharunt|Malignant Chain|p2a: Dragonite
|-damage|p2a: Dragonite|84/100
|
|upkeep
|turn|34
|
|t:|1776205066
|move|p2a: Dragonite|Earthquake|p1a: Pecharunt
|-damage|p1a: Pecharunt|41/100
|move|p1a: Pecharunt|Malignant Chain|p2a: Dragonite
|-damage|p2a: Dragonite|53/100
|
|upkeep
|turn|35
|
|t:|1776205073
|move|p2a: Dragonite|Earthquake|p1a: Pecharunt
|-damage|p1a: Pecharunt|15/100
|move|p1a: Pecharunt|Recover|p1a: Pecharunt
|-heal|p1a: Pecharunt|65/100
|
|upkeep
|turn|36
|
|t:|1776205091
|move|p2a: Dragonite|Earthquake|p1a: Pecharunt
|-damage|p1a: Pecharunt|39/100
|move|p1a: Pecharunt|Malignant Chain|p2a: Dragonite
|-crit|p2a: Dragonite
|-damage|p2a: Dragonite|10/100
|-status|p2a: Dragonite|tox
|-start|p2a: Dragonite|confusion|[from] ability: Poison Puppeteer|[of] p1a: Pecharunt
|
|-damage|p2a: Dragonite|4/100 tox|[from] psn
|upkeep
|turn|37
|
|t:|1776205103
|-activate|p2a: Dragonite|confusion
|-damage|p2a: Dragonite|0 fnt|[from] confusion
|faint|p2a: Dragonite
|
|win|DonovanIsNotHere
|raw|DonovanIsNotHere's rating: 1371 &rarr; <strong>1390</strong><br />(+19 for winning)
|raw|Opey44's rating: 1359 &rarr; <strong>1340</strong><br />(-19 for losing)
