|html|<div class="broadcast-blue"><strong>[Gen 9] OU is currently suspecting Tera Blast! For information on how to participate check out the <a href="https://www.smogon.com/tools/suspects/view/200">suspect thread</a>.</strong></div>
|j|☆midnightz0ne
|j|‽CroftHeda
|t:|1776125324
|gametype|singles
|player|p1|midnightz0ne|swimmerf-gen4dp|
|player|p2|CroftHeda|ethan|
|gen|9
|tier|[Gen 9] OU
|rule|HP Percentage Mod: HP is shown in percentages
|rule|Endless Battle Clause: Forcing endless battles is banned
|rule|Species Clause: Limit one of each Pokémon
|rule|OHKO Clause: OHKO moves are banned
|rule|Evasion Items Clause: Evasion items are banned
|rule|Evasion Moves Clause: Evasion moves are banned
|rule|Evasion Abilities Clause: Evasion abilities are banned
|rule|Sleep Moves Clause: Sleep-inducing moves are banned
|clearpoke
|poke|p1|Skarmory, F|
|poke|p1|Goodra-Hisui, F|
|poke|p1|Hatterene, F|
|poke|p1|Glimmora, F|
|poke|p1|Mimikyu, F|
|poke|p1|Cinccino, F|
|poke|p2|Clodsire, M|
|poke|p2|Corviknight, M|
|poke|p2|Azumarill, M|
|poke|p2|Raging Bolt|
|poke|p2|Blissey, F|
|poke|p2|Magnezone|
|teampreview
|
|t:|1776125386
|teamsize|p1|6
|teamsize|p2|6
|start
|switch|p1a: Almond Joy|Glimmora, F|100/100
|switch|p2a: Clodsire|Clodsire, M|100/100
|turn|1
|
|t:|1776125394
|move|p1a: Almond Joy|Spikes|p2a: Clodsire
|-sidestart|p2: CroftHeda|Spikes
|move|p2a: Clodsire|Stealth Rock|p1a: Almond Joy
|-sidestart|p1: midnightz0ne|move: Stealth Rock
|
|upkeep
|turn|2
|j| ADouglas18
|j| UrMumIsAPikachu
|
|t:|1776125440
|-terastallize|p1a: Almond Joy|Ghost
|move|p1a: Almond Joy|Earth Power|p2a: Clodsire
|-supereffective|p2a: Clodsire
|-damage|p2a: Clodsire|70/100
|move|p2a: Clodsire|Earthquake|p1a: Almond Joy
|-damage|p1a: Almond Joy|68/100
|-activate|p1a: Almond Joy|ability: Toxic Debris
|-sidestart|p2: CroftHeda|move: Toxic Spikes
|
|upkeep
|turn|3
|
|t:|1776125453
|move|p1a: Almond Joy|Earth Power|p2a: Clodsire
|-supereffective|p2a: Clodsire
|-damage|p2a: Clodsire|38/100
|move|p2a: Clodsire|Earthquake|p1a: Almond Joy
|-damage|p1a: Almond Joy|36/100
|-activate|p1a: Almond Joy|ability: Toxic Debris
|-sidestart|p2: CroftHeda|move: Toxic Spikes
|
|upkeep
|turn|4
|
|t:|1776125462
|move|p1a: Almond Joy|Earth Power|p2a: Clodsire
|-supereffective|p2a: Clodsire
|-damage|p2a: Clodsire|5/100
|move|p2a: Clodsire|Recover|p2a: Clodsire
|-heal|p2a: Clodsire|55/100
|
|upkeep
|turn|5
|
|t:|1776125470
|move|p1a: Almond Joy|Earth Power|p2a: Clodsire
|-supereffective|p2a: Clodsire
|-damage|p2a: Clodsire|20/100
|-unboost|p2a: Clodsire|spd|1
|move|p2a: Clodsire|Earthquake|p1a: Almond Joy
|-damage|p1a: Almond Joy|2/100
|
|upkeep
|turn|6
|
|t:|1776125483
|move|p1a: Almond Joy|Earth Power|p2a: Clodsire
|-supereffective|p2a: Clodsire
|-damage|p2a: Clodsire|0 fnt
|faint|p2a: Clodsire
|
|upkeep
|
|t:|1776125493
|switch|p2a: Azumarill|Azumarill, M|100/100
|-damage|p2a: Azumarill|88/100|[from] Spikes
|-status|p2a: Azumarill|tox
|turn|7
|
|t:|1776125498
|move|p2a: Azumarill|Aqua Jet|p1a: Almond Joy
|-damage|p1a: Almond Joy|0 fnt
|faint|p1a: Almond Joy
|
|-damage|p2a: Azumarill|82/100 tox|[from] psn
|upkeep
|
|t:|1776125519
|switch|p1a: Pukeko|Skarmory, F|100/100
|-damage|p1a: Pukeko|88/100|[from] Stealth Rock
|turn|8
|
|t:|1776125545
|move|p2a: Azumarill|Knock Off|p1a: Pukeko
|-damage|p1a: Pukeko|62/100
|-damage|p2a: Azumarill|65/100 tox|[from] item: Rocky Helmet|[of] p1a: Pukeko
|-enditem|p1a: Pukeko|Rocky Helmet|[from] move: Knock Off|[of] p2a: Azumarill
|move|p1a: Pukeko|Stealth Rock|p2a: Azumarill
|-sidestart|p2: CroftHeda|move: Stealth Rock
|
|-damage|p2a: Azumarill|53/100 tox|[from] psn
|upkeep
|turn|9
|
|t:|1776125555
|move|p2a: Azumarill|Aqua Jet|p1a: Pukeko
|-damage|p1a: Pukeko|48/100
|move|p1a: Pukeko|Whirlwind|p2a: Azumarill
|drag|p2a: Blissey|Blissey, F|100/100
|
|upkeep
|turn|10
|
|t:|1776125584
|move|p1a: Pukeko|Body Press|p2a: Blissey
|-supereffective|p2a: Blissey
|-damage|p2a: Blissey|47/100
|move|p2a: Blissey|Thunder Wave|p1a: Pukeko
|-status|p1a: Pukeko|par
|
|upkeep
|turn|11
|
|t:|1776125596
|move|p2a: Blissey|Soft-Boiled|p2a: Blissey
|-heal|p2a: Blissey|97/100
|cant|p1a: Pukeko|par
|
|upkeep
|turn|12
|
|t:|1776125606
|move|p2a: Blissey|Seismic Toss|p1a: Pukeko
|-damage|p1a: Pukeko|18/100 par
|move|p1a: Pukeko|Whirlwind|p2a: Blissey
|drag|p2a: Raging Bolt|Raging Bolt|100/100
|-damage|p2a: Raging Bolt|88/100|[from] Spikes
|-status|p2a: Raging Bolt|tox
|-damage|p2a: Raging Bolt|76/100 tox|[from] Stealth Rock
|-enditem|p2a: Raging Bolt|Booster Energy
|-activate|p2a: Raging Bolt|ability: Protosynthesis|[fromitem]
|-start|p2a: Raging Bolt|protosynthesisspa
|
|-damage|p2a: Raging Bolt|70/100 tox|[from] psn
|upkeep
|turn|13
|
|t:|1776125624
|move|p2a: Raging Bolt|Thunderbolt|p1a: Pukeko
|-supereffective|p1a: Pukeko
|-damage|p1a: Pukeko|0 fnt
|faint|p1a: Pukeko
|
|-damage|p2a: Raging Bolt|58/100 tox|[from] psn
|upkeep
|
|t:|1776125653
|switch|p1a: Socky|Mimikyu, F, shiny|100/100
|-damage|p1a: Socky|88/100|[from] Stealth Rock
|turn|14
|
|t:|1776125673
|move|p2a: Raging Bolt|Thunderbolt|p1a: Socky
|-activate|p1a: Socky|ability: Disguise
|-damage|p1a: Socky|88/100
|detailschange|p1a: Socky|Mimikyu-Busted, F, shiny
|-damage|p1a: Socky|76/100|[from] pokemon: Mimikyu-Busted
|-enditem|p1a: Socky|Red Card|[of] p2a: Raging Bolt
|-end|p2a: Raging Bolt|Protosynthesis|[silent]
|drag|p2a: Azumarill|Azumarill, M|53/100 tox
|-damage|p2a: Azumarill|41/100 tox|[from] Spikes
|-damage|p2a: Azumarill|29/100 tox|[from] Stealth Rock
|-enditem|p2a: Azumarill|Sitrus Berry|[eat]
|-heal|p2a: Azumarill|53/100 tox|[from] item: Sitrus Berry
|move|p1a: Socky|Trick Room|p1a: Socky
|-fieldstart|move: Trick Room|[of] p1a: Socky
|
|-damage|p2a: Azumarill|47/100 tox|[from] psn
|upkeep
|turn|15
|
|t:|1776125690
|move|p2a: Azumarill|Play Rough|p1a: Socky
|-damage|p1a: Socky|0 fnt
|faint|p1a: Socky
|
|-damage|p2a: Azumarill|35/100 tox|[from] psn
|upkeep
|
|t:|1776125700
|switch|p1a: ComicTungstenCube|Goodra-Hisui, F|100/100
|-damage|p1a: ComicTungstenCube|94/100|[from] Stealth Rock
|turn|16
|
|t:|1776125733
|move|p1a: ComicTungstenCube|Flash Cannon|p2a: Azumarill
|-damage|p2a: Azumarill|0 fnt
|faint|p2a: Azumarill
|
|upkeep
|
|t:|1776125750
|switch|p2a: Blissey|Blissey, F|97/100
|turn|17
|
|t:|1776125765
|move|p1a: ComicTungstenCube|Knock Off|p2a: Blissey
|-damage|p2a: Blissey|78/100
|-enditem|p2a: Blissey|Heavy-Duty Boots|[from] move: Knock Off|[of] p1a: ComicTungstenCube
|move|p2a: Blissey|Heal Bell|p2a: Blissey
|-activate|p2a: Blissey|move: Heal Bell
|-curestatus|p2: Raging Bolt|tox|[msg]
|
|upkeep
|turn|18
|
|t:|1776125778
|move|p2a: Blissey|Thunder Wave|p1a: ComicTungstenCube|[miss]
|-miss|p2a: Blissey|p1a: ComicTungstenCube
|move|p1a: ComicTungstenCube|Dragon Tail|p2a: Blissey
|-damage|p2a: Blissey|61/100
|drag|p2a: Raging Bolt|Raging Bolt|58/100
|-damage|p2a: Raging Bolt|45/100|[from] Spikes
|-status|p2a: Raging Bolt|tox
|-damage|p2a: Raging Bolt|33/100 tox|[from] Stealth Rock
|
|-damage|p2a: Raging Bolt|27/100 tox|[from] psn
|-fieldend|move: Trick Room
|upkeep
|turn|19
|
|t:|1776125795
|move|p2a: Raging Bolt|Draco Meteor|p1a: ComicTungstenCube
|-damage|p1a: ComicTungstenCube|60/100
|-unboost|p2a: Raging Bolt|spa|2
|move|p1a: ComicTungstenCube|Dragon Tail|p2a: Raging Bolt|[miss]
|-miss|p1a: ComicTungstenCube|p2a: Raging Bolt
|
|-damage|p2a: Raging Bolt|15/100 tox|[from] psn
|upkeep
|turn|20
|
|t:|1776125816
|move|p2a: Raging Bolt|Draco Meteor|p1a: ComicTungstenCube
|-damage|p1a: ComicTungstenCube|41/100
|-unboost|p2a: Raging Bolt|spa|2
|move|p1a: ComicTungstenCube|Dragon Tail|p2a: Raging Bolt
|-supereffective|p2a: Raging Bolt
|-damage|p2a: Raging Bolt|0 fnt
|faint|p2a: Raging Bolt
|-end|p2a: Raging Bolt|Protosynthesis|[silent]
|
|upkeep
|
|t:|1776125847
|switch|p2a: Blissey|Blissey, F|61/100
|-damage|p2a: Blissey|48/100|[from] Spikes
|-status|p2a: Blissey|tox
|-damage|p2a: Blissey|36/100 tox|[from] Stealth Rock
|turn|21
|
|t:|1776125862
|switch|p1a: Ninki Minjaj|Hatterene, F, shiny|100/100
|-damage|p1a: Ninki Minjaj|88/100|[from] Stealth Rock
|move|p2a: Blissey|Seismic Toss|p1a: Ninki Minjaj
|-damage|p1a: Ninki Minjaj|57/100
|
|-heal|p1a: Ninki Minjaj|63/100|[from] item: Leftovers
|-damage|p2a: Blissey|29/100 tox|[from] psn
|upkeep
|turn|22
|
|t:|1776125872
|move|p2a: Blissey|Soft-Boiled|p2a: Blissey
|-heal|p2a: Blissey|79/100 tox
|move|p1a: Ninki Minjaj|Psychic Noise|p2a: Blissey
|-damage|p2a: Blissey|68/100 tox
|-start|p2a: Blissey|move: Heal Block
|
|-heal|p1a: Ninki Minjaj|69/100|[from] item: Leftovers
|-damage|p2a: Blissey|56/100 tox|[from] psn
|upkeep
|turn|23
|
|t:|1776125889
|move|p2a: Blissey|Thunder Wave|p1a: Ninki Minjaj
|move|p1a: Ninki Minjaj|Thunder Wave||[from] ability: Magic Bounce|[still]
|-fail|p1a: Ninki Minjaj
|move|p1a: Ninki Minjaj|Draining Kiss|p2a: Blissey
|-damage|p2a: Blissey|47/100 tox
|-heal|p1a: Ninki Minjaj|83/100|[from] drain|[of] p2a: Blissey
|
|-heal|p1a: Ninki Minjaj|89/100|[from] item: Leftovers
|-damage|p2a: Blissey|29/100 tox|[from] psn
|-end|p2a: Blissey|move: Heal Block
|upkeep
|turn|24
|
|t:|1776125902
|move|p2a: Blissey|Soft-Boiled|p2a: Blissey
|-heal|p2a: Blissey|79/100 tox
|move|p1a: Ninki Minjaj|Psychic Noise|p2a: Blissey
|-crit|p2a: Blissey
|-damage|p2a: Blissey|60/100 tox
|-start|p2a: Blissey|move: Heal Block
|
|-heal|p1a: Ninki Minjaj|95/100|[from] item: Leftovers
|-damage|p2a: Blissey|35/100 tox|[from] psn
|upkeep
|turn|25
|
|t:|1776125913
|move|p2a: Blissey|Seismic Toss|p1a: Ninki Minjaj
|-damage|p1a: Ninki Minjaj|63/100
|move|p1a: Ninki Minjaj|Draining Kiss|p2a: Blissey
|-damage|p2a: Blissey|27/100 tox
|-heal|p1a: Ninki Minjaj|77/100|[from] drain|[of] p2a: Blissey
|
|-heal|p1a: Ninki Minjaj|83/100|[from] item: Leftovers
|-damage|p2a: Blissey|0 fnt|[from] psn
|faint|p2a: Blissey
|upkeep
|
|t:|1776125929
|switch|p2a: Magnezone|Magnezone|100/100
|-damage|p2a: Magnezone|88/100|[from] Spikes
|-damage|p2a: Magnezone|82/100|[from] Stealth Rock
|turn|26
|
|t:|1776125944
|move|p2a: Magnezone|Flash Cannon|p1a: Ninki Minjaj
|-supereffective|p1a: Ninki Minjaj
|-damage|p1a: Ninki Minjaj|0 fnt
|faint|p1a: Ninki Minjaj
|
|upkeep
|
|t:|1776125951
|switch|p1a: ComicTungstenCube|Goodra-Hisui, F|41/100
|-damage|p1a: ComicTungstenCube|35/100|[from] Stealth Rock
|turn|27
|
|t:|1776125962
|move|p2a: Magnezone|Volt Switch|p1a: ComicTungstenCube
|-resisted|p1a: ComicTungstenCube
|-damage|p1a: ComicTungstenCube|26/100
|
|t:|1776125966
|switch|p2a: Corviknight|Corviknight, M|100/100|[from] Volt Switch
|-damage|p2a: Corviknight|88/100|[from] Stealth Rock
|-ability|p2a: Corviknight|Pressure
|move|p1a: ComicTungstenCube|Flash Cannon|p2a: Corviknight
|-resisted|p2a: Corviknight
|-damage|p2a: Corviknight|69/100
|
|upkeep
|turn|28
|
|t:|1776125978
|move|p2a: Corviknight|Body Press|p1a: ComicTungstenCube
|-supereffective|p1a: ComicTungstenCube
|-damage|p1a: ComicTungstenCube|0 fnt
|-ability|p1a: ComicTungstenCube|Gooey
|-unboost|p2a: Corviknight|spe|1
|faint|p1a: ComicTungstenCube
|
|upkeep
|
|t:|1776125989
|switch|p1a: Cleanup Crew|Cinccino, F|100/100
|-damage|p1a: Cleanup Crew|88/100|[from] Stealth Rock
|turn|29
|
|t:|1776125997
|move|p1a: Cleanup Crew|Triple Axel|p2a: Corviknight
|-damage|p2a: Corviknight|65/100
|-damage|p1a: Cleanup Crew|72/100|[from] item: Rocky Helmet|[of] p2a: Corviknight
|-damage|p2a: Corviknight|58/100
|-damage|p1a: Cleanup Crew|55/100|[from] item: Rocky Helmet|[of] p2a: Corviknight
|-damage|p2a: Corviknight|48/100
|-damage|p1a: Cleanup Crew|39/100|[from] item: Rocky Helmet|[of] p2a: Corviknight
|-hitcount|p2a: Corviknight|3
|move|p2a: Corviknight|Body Press|p1a: Cleanup Crew
|-supereffective|p1a: Cleanup Crew
|-damage|p1a: Cleanup Crew|0 fnt
|faint|p1a: Cleanup Crew
|
|win|CroftHeda
