|html|<div class="broadcast-blue"><strong>[Gen 9] OU is currently suspecting Tera Blast! For information on how to participate check out the <a href="https://www.smogon.com/tools/suspects/view/200">suspect thread</a>.</strong></div>
|j|☆thepokechemist
|j|☆acequickpoopybutt
|t:|1776110969
|gametype|singles
|player|p1|thepokechemist|scientist|1349
|player|p2|acequickpoopybutt|swimmerf|1377
|gen|9
|tier|[Gen 9] OU
|rated|
|rule|HP Percentage Mod: HP is shown in percentages
|rule|Endless Battle Clause: Forcing endless battles is banned
|rule|Species Clause: Limit one of each Pokémon
|rule|OHKO Clause: OHKO moves are banned
|rule|Evasion Items Clause: Evasion items are banned
|rule|Evasion Moves Clause: Evasion moves are banned
|rule|Evasion Abilities Clause: Evasion abilities are banned
|rule|Sleep Moves Clause: Sleep-inducing moves are banned
|clearpoke
|poke|p1|Pelipper, M|
|poke|p1|Barraskewda, M|
|poke|p1|Iron Treads|
|poke|p1|Goodra-Hisui, F|
|poke|p1|Ting-Lu|
|poke|p1|Basculegion-F, F|
|poke|p2|Flamigo, M|
|poke|p2|Landorus-Therian, M|
|poke|p2|Blissey, F|
|poke|p2|Pecharunt|
|poke|p2|Samurott-Hisui, M|
|poke|p2|Latios, M|
|teampreview
|
|t:|1776110995
|teamsize|p1|6
|teamsize|p2|6
|start
|switch|p1a: Pelipper|Pelipper, M|100/100
|switch|p2a: you tell eddy mon|Latios, M, shiny|100/100
|-weather|RainDance|[from] ability: Drizzle|[of] p1a: Pelipper
|turn|1
|
|t:|1776110999
|move|p2a: you tell eddy mon|Draco Meteor|p1a: Pelipper
|-damage|p1a: Pelipper|4/100
|-unboost|p2a: you tell eddy mon|spa|2
|move|p1a: Pelipper|U-turn|p2a: you tell eddy mon
|-supereffective|p2a: you tell eddy mon
|-damage|p2a: you tell eddy mon|75/100
|
|t:|1776111004
|switch|p1a: Goodra|Goodra-Hisui, F|100/100|[from] U-turn
|
|-weather|RainDance|[upkeep]
|upkeep
|turn|2
|
|t:|1776111020
|switch|p1a: Ting-Lu|Ting-Lu|100/100
|-ability|p1a: Ting-Lu|Vessel of Ruin
|move|p2a: you tell eddy mon|Flip Turn|p1a: Ting-Lu
|-supereffective|p1a: Ting-Lu
|-damage|p1a: Ting-Lu|82/100
|
|t:|1776111031
|switch|p2a: brawlstar vapelord|Flamigo, M, shiny|100/100|[from] Flip Turn
|
|-weather|RainDance|[upkeep]
|-heal|p1a: Ting-Lu|88/100|[from] item: Leftovers
|upkeep
|turn|3
|
|t:|1776111038
|move|p2a: brawlstar vapelord|Close Combat|p1a: Ting-Lu
|-supereffective|p1a: Ting-Lu
|-damage|p1a: Ting-Lu|0 fnt
|-unboost|p2a: brawlstar vapelord|def|1
|-unboost|p2a: brawlstar vapelord|spd|1
|faint|p1a: Ting-Lu
|
|-weather|RainDance|[upkeep]
|upkeep
|
|t:|1776111042
|switch|p1a: Barraskewda|Barraskewda, M|100/100
|turn|4
|
|t:|1776111045
|switch|p2a: piss thumb tack d|Pecharunt|100/100
|-terastallize|p1a: Barraskewda|Water
|move|p1a: Barraskewda|Liquidation|p2a: piss thumb tack d
|-damage|p2a: piss thumb tack d|30/100
|
|-weather|RainDance|[upkeep]
|upkeep
|turn|5
|
|t:|1776111051
|move|p1a: Barraskewda|Liquidation|p2a: piss thumb tack d
|-damage|p2a: piss thumb tack d|0 fnt
|faint|p2a: piss thumb tack d
|
|-weather|RainDance|[upkeep]
|upkeep
|
|t:|1776111059
|switch|p2a: PophelFTW|Samurott-Hisui, M, shiny|100/100
|turn|6
|
|t:|1776111068
|move|p1a: Barraskewda|Liquidation|p2a: PophelFTW
|-resisted|p2a: PophelFTW
|-damage|p2a: PophelFTW|9/100
|move|p2a: PophelFTW|Ceaseless Edge|p1a: Barraskewda
|-damage|p1a: Barraskewda|8/100
|-sidestart|p1: thepokechemist|Spikes
|
|-weather|RainDance|[upkeep]
|upkeep
|turn|7
|
|t:|1776111073
|move|p2a: PophelFTW|Sucker Punch|p1a: Barraskewda
|-crit|p1a: Barraskewda
|-damage|p1a: Barraskewda|0 fnt
|faint|p1a: Barraskewda
|
|-weather|RainDance|[upkeep]
|upkeep
|
|t:|1776111077
|switch|p1a: Iron Treads|Iron Treads|100/100
|-damage|p1a: Iron Treads|88/100|[from] Spikes
|turn|8
|
|t:|1776111089
|switch|p2a: Landorus|Landorus-Therian, M, shiny|100/100
|-ability|p2a: Landorus|Intimidate|boost
|-unboost|p1a: Iron Treads|atk|1
|move|p1a: Iron Treads|Rapid Spin|p2a: Landorus
|-damage|p2a: Landorus|91/100
|-boost|p1a: Iron Treads|spe|1
|-sideend|p1: thepokechemist|Spikes|[from] move: Rapid Spin|[of] p1a: Iron Treads
|
|-weather|none
|-heal|p1a: Iron Treads|94/100|[from] item: Leftovers
|upkeep
|turn|9
|
|t:|1776111102
|-end|p1a: Iron Treads|Quark Drive|[silent]
|switch|p1a: Pelipper|Pelipper, M|4/100
|-weather|RainDance|[from] ability: Drizzle|[of] p1a: Pelipper
|move|p2a: Landorus|U-turn|p1a: Pelipper
|-resisted|p1a: Pelipper
|-damage|p1a: Pelipper|0 fnt
|faint|p1a: Pelipper
|
|t:|1776111137
|switch|p2a: you tell eddy mon|Latios, M, shiny|75/100|[from] U-turn
|
|-weather|RainDance|[upkeep]
|upkeep
|
|t:|1776111141
|switch|p1a: Basculegion|Basculegion-F, F|100/100
|turn|10
|
|t:|1776111147
|switch|p2a: spit thumb tack d|Blissey, F, shiny|100/100
|move|p1a: Basculegion|Ice Beam|p2a: spit thumb tack d
|-damage|p2a: spit thumb tack d|87/100
|
|-weather|RainDance|[upkeep]
|upkeep
|turn|11
|
|t:|1776111152
|switch|p1a: Iron Treads|Iron Treads|94/100
|move|p2a: spit thumb tack d|Stealth Rock|p1a: Iron Treads
|-sidestart|p1: thepokechemist|move: Stealth Rock
|
|-weather|RainDance|[upkeep]
|-heal|p1a: Iron Treads|100/100|[from] item: Leftovers
|upkeep
|turn|12
|
|t:|1776111163
|switch|p2a: brawlstar vapelord|Flamigo, M, shiny|100/100
|move|p1a: Iron Treads|Stealth Rock|p2a: brawlstar vapelord
|-sidestart|p2: acequickpoopybutt|move: Stealth Rock
|
|-weather|RainDance|[upkeep]
|upkeep
|turn|13
|
|t:|1776111170
|-end|p1a: Iron Treads|Quark Drive|[silent]
|switch|p1a: Basculegion|Basculegion-F, F|100/100
|-damage|p1a: Basculegion|88/100|[from] Stealth Rock
|move|p2a: brawlstar vapelord|Close Combat|p1a: Basculegion
|-damage|p1a: Basculegion|0 fnt
|-unboost|p2a: brawlstar vapelord|def|1
|-unboost|p2a: brawlstar vapelord|spd|1
|faint|p1a: Basculegion
|
|-weather|RainDance|[upkeep]
|upkeep
|c|☆thepokechemist|ahhh shit forgot about scrap
|-message|thepokechemist forfeited.
|
|win|acequickpoopybutt
|raw|thepokechemist's rating: 1349 &rarr; <strong>1331</strong><br />(-18 for losing)
|raw|acequickpoopybutt's rating: 1377 &rarr; <strong>1395</strong><br />(+18 for winning)
|l|☆thepokechemist
|player|p1|
|l|☆acequickpoopybutt
|player|p2|
