|html|<div class="broadcast-blue"><strong>[Gen 9] OU is currently suspecting Tera Blast! For information on how to participate check out the <a href="https://www.smogon.com/tools/suspects/view/200">suspect thread</a>.</strong></div>
|j|☆davemincho
|j|☆CortsKkaos
|t:|1776068972
|gametype|singles
|player|p1|davemincho|red|1098
|player|p2|CortsKkaos|brawly|1114
|gen|9
|tier|[Gen 9] OU
|rated|
|rule|HP Percentage Mod: HP is shown in percentages
|rule|Endless Battle Clause: Forcing endless battles is banned
|rule|Species Clause: Limit one of each Pokémon
|rule|OHKO Clause: OHKO moves are banned
|rule|Evasion Items Clause: Evasion items are banned
|rule|Evasion Moves Clause: Evasion moves are banned
|rule|Evasion Abilities Clause: Evasion abilities are banned
|rule|Sleep Moves Clause: Sleep-inducing moves are banned
|clearpoke
|poke|p1|Gengar, M|
|poke|p1|Arcanine, M|
|poke|p1|Garchomp, F|
|poke|p1|Umbreon, M|
|poke|p1|Torterra, M|
|poke|p1|Scizor, M|
|poke|p2|Hatterene, F|
|poke|p2|Araquanid, F|
|poke|p2|Bellibolt, F|
|poke|p2|Morpeko, F|
|poke|p2|Excadrill, M|
|poke|p2|Eelektross, M|
|teampreview
|inactive|Battle timer is ON: inactive players will automatically lose when time's up. (requested by CortsKkaos)
|
|t:|1776068981
|teamsize|p1|6
|teamsize|p2|6
|start
|switch|p1a: Torterra|Torterra, M|100/100
|switch|p2a: Morpeko|Morpeko, F|100/100
|turn|1
|
|t:|1776068992
|move|p2a: Morpeko|Parting Shot|p1a: Torterra
|-unboost|p1a: Torterra|atk|1
|-unboost|p1a: Torterra|spa|1
|
|t:|1776068996
|switch|p2a: Hatterene|Hatterene, F|100/100|[from] Parting Shot
|move|p1a: Torterra|Earthquake|p2a: Hatterene
|-damage|p2a: Hatterene|78/100
|
|-heal|p2a: Hatterene|84/100|[from] item: Leftovers
|upkeep
|turn|2
|
|t:|1776069006
|move|p1a: Torterra|Stealth Rock|p2a: Hatterene
|move|p2a: Hatterene|Stealth Rock|p1a: Torterra|[from] ability: Magic Bounce
|-sidestart|p1: davemincho|move: Stealth Rock
|move|p2a: Hatterene|Calm Mind|p2a: Hatterene
|-boost|p2a: Hatterene|spa|1
|-boost|p2a: Hatterene|spd|1
|
|-heal|p2a: Hatterene|90/100|[from] item: Leftovers
|upkeep
|turn|3
|
|t:|1776069024
|move|p1a: Torterra|Earthquake|p2a: Hatterene
|-damage|p2a: Hatterene|70/100
|move|p2a: Hatterene|Mystical Fire|p1a: Torterra
|-supereffective|p1a: Torterra
|-damage|p1a: Torterra|37/100
|-unboost|p1a: Torterra|spa|1
|
|-heal|p1a: Torterra|43/100|[from] item: Leftovers
|-heal|p2a: Hatterene|76/100|[from] item: Leftovers
|upkeep
|turn|4
|
|t:|1776069033
|switch|p1a: Umbreon|Umbreon, M|100/100
|-damage|p1a: Umbreon|88/100|[from] Stealth Rock
|move|p2a: Hatterene|Mystical Fire|p1a: Umbreon
|-damage|p1a: Umbreon|69/100
|-unboost|p1a: Umbreon|spa|1
|
|-heal|p1a: Umbreon|75/100|[from] item: Leftovers
|-heal|p2a: Hatterene|82/100|[from] item: Leftovers
|upkeep
|turn|5
|
|t:|1776069046
|switch|p2a: Bellibolt|Bellibolt, F|100/100
|move|p1a: Umbreon|Toxic|p2a: Bellibolt
|-status|p2a: Bellibolt|tox
|
|-heal|p1a: Umbreon|81/100|[from] item: Leftovers
|-damage|p2a: Bellibolt|94/100 tox|[from] psn
|upkeep
|turn|6
|
|t:|1776069056
|move|p1a: Umbreon|Wish|p1a: Umbreon
|move|p2a: Bellibolt|Parabolic Charge|p1a: Umbreon
|-damage|p1a: Umbreon|71/100
|-heal|p2a: Bellibolt|99/100 tox|[from] drain|[of] p1a: Umbreon
|
|-heal|p1a: Umbreon|77/100|[from] item: Leftovers
|-damage|p2a: Bellibolt|87/100 tox|[from] psn
|upkeep
|turn|7
|
|t:|1776069063
|move|p1a: Umbreon|Protect|p1a: Umbreon
|-singleturn|p1a: Umbreon|Protect
|move|p2a: Bellibolt|Soak|p1a: Umbreon
|-activate|p1a: Umbreon|move: Protect
|
|-heal|p1a: Umbreon|100/100|[from] move: Wish|[wisher] Umbreon
|-damage|p2a: Bellibolt|69/100 tox|[from] psn
|upkeep
|turn|8
|
|t:|1776069074
|move|p1a: Umbreon|Foul Play|p2a: Bellibolt
|-damage|p2a: Bellibolt|58/100 tox
|-start|p2a: Bellibolt|Charge|Foul Play|[from] ability: Electromorphosis
|-damage|p1a: Umbreon|84/100|[from] item: Rocky Helmet|[of] p2a: Bellibolt
|move|p2a: Bellibolt|Toxic|p1a: Umbreon|[miss]
|-miss|p2a: Bellibolt|p1a: Umbreon
|
|-heal|p1a: Umbreon|90/100|[from] item: Leftovers
|-damage|p2a: Bellibolt|33/100 tox|[from] psn
|upkeep
|turn|9
|-message|CortsKkaos forfeited.
|
|win|davemincho
|raw|davemincho's rating: 1098 &rarr; <strong>1124</strong><br />(+26 for winning)
|raw|CortsKkaos's rating: 1114 &rarr; <strong>1088</strong><br />(-26 for losing)
|l|☆CortsKkaos
|player|p2|
|l|☆davemincho
|player|p1|
