|html|<div class="broadcast-blue"><strong>[Gen 9] OU is currently suspecting Tera Blast! For information on how to participate check out the <a href="https://www.smogon.com/tools/suspects/view/200">suspect thread</a>.</strong></div>
|j|☆kilobyt3
|j|☆limmingtons
|t:|1776311949
|gametype|singles
|player|p1|kilobyt3|gambler|1306
|player|p2|limmingtons|hiker|1312
|gen|9
|tier|[Gen 9] OU
|rated|
|rule|HP Percentage Mod: HP is shown in percentages
|rule|Endless Battle Clause: Forcing endless battles is banned
|rule|Species Clause: Limit one of each Pokémon
|rule|OHKO Clause: OHKO moves are banned
|rule|Evasion Items Clause: Evasion items are banned
|rule|Evasion Moves Clause: Evasion moves are banned
|rule|Evasion Abilities Clause: Evasion abilities are banned
|rule|Sleep Moves Clause: Sleep-inducing moves are banned
|clearpoke
|poke|p1|Magnezone|
|poke|p1|Pelipper, M|
|poke|p1|Barraskewda, F|
|poke|p1|Goodra-Hisui, F|
|poke|p1|Quaquaval, F|
|poke|p1|Alomomola, M|
|poke|p2|Great Tusk|
|poke|p2|Kingambit, F|
|poke|p2|Primarina, M|
|poke|p2|Raging Bolt|
|poke|p2|Tornadus-Therian, M|
|poke|p2|Pecharunt|
|teampreview
|inactive|Battle timer is ON: inactive players will automatically lose when time's up. (requested by kilobyt3)
|
|t:|1776311963
|teamsize|p1|6
|teamsize|p2|6
|start
|switch|p1a: Pelipper|Pelipper, M|100/100
|switch|p2a: Raging Bolt|Raging Bolt|100/100
|-weather|RainDance|[from] ability: Drizzle|[of] p1a: Pelipper
|-enditem|p2a: Raging Bolt|Booster Energy
|-activate|p2a: Raging Bolt|ability: Protosynthesis|[fromitem]
|-start|p2a: Raging Bolt|protosynthesisspa
|turn|1
|
|t:|1776311972
|switch|p1a: Goodra|Goodra-Hisui, F|100/100
|move|p2a: Raging Bolt|Calm Mind|p2a: Raging Bolt
|-boost|p2a: Raging Bolt|spa|1
|-boost|p2a: Raging Bolt|spd|1
|
|-weather|RainDance|[upkeep]
|upkeep
|turn|2
|
|t:|1776311979
|-terastallize|p2a: Raging Bolt|Fairy
|move|p2a: Raging Bolt|Calm Mind|p2a: Raging Bolt
|-boost|p2a: Raging Bolt|spa|1
|-boost|p2a: Raging Bolt|spd|1
|move|p1a: Goodra|Dragon Tail|p2a: Raging Bolt
|-immune|p2a: Raging Bolt
|
|-weather|RainDance|[upkeep]
|upkeep
|turn|3
|
|t:|1776311991
|move|p2a: Raging Bolt|Dragon Pulse|p1a: Goodra
|-damage|p1a: Goodra|56/100
|move|p1a: Goodra|Flash Cannon|p2a: Raging Bolt
|-supereffective|p2a: Raging Bolt
|-damage|p2a: Raging Bolt|72/100
|
|-weather|RainDance|[upkeep]
|upkeep
|turn|4
|
|t:|1776311998
|move|p2a: Raging Bolt|Dragon Pulse|p1a: Goodra
|-damage|p1a: Goodra|8/100
|move|p1a: Goodra|Flash Cannon|p2a: Raging Bolt
|-supereffective|p2a: Raging Bolt
|-damage|p2a: Raging Bolt|40/100
|-unboost|p2a: Raging Bolt|spd|1
|
|-weather|RainDance|[upkeep]
|upkeep
|turn|5
|
|t:|1776312007
|move|p2a: Raging Bolt|Dragon Pulse|p1a: Goodra
|-damage|p1a: Goodra|0 fnt
|faint|p1a: Goodra
|
|-weather|RainDance|[upkeep]
|upkeep
|
|t:|1776312008
|switch|p1a: Magnezone|Magnezone|100/100
|turn|6
|
|t:|1776312017
|-end|p2a: Raging Bolt|Protosynthesis|[silent]
|switch|p2a: Great Tusk|Great Tusk|100/100
|-enditem|p2a: Great Tusk|Booster Energy
|-activate|p2a: Great Tusk|ability: Protosynthesis|[fromitem]
|-start|p2a: Great Tusk|protosynthesisatk
|move|p1a: Magnezone|Flash Cannon|p2a: Great Tusk
|-damage|p2a: Great Tusk|0 fnt
|faint|p2a: Great Tusk
|-end|p2a: Great Tusk|Protosynthesis|[silent]
|
|-weather|RainDance|[upkeep]
|upkeep
|c|☆limmingtons|whoops
|c|☆kilobyt3|lol
|c|☆limmingtons|might be cooked
|inactive|limmingtons has 120 seconds left.
|
|t:|1776312057
|switch|p2a: Pecharunt|Pecharunt|100/100
|turn|7
|
|t:|1776312069
|switch|p1a: Alomomola|Alomomola, M|100/100
|move|p2a: Pecharunt|Parting Shot|p1a: Alomomola
|-unboost|p1a: Alomomola|atk|1
|-unboost|p1a: Alomomola|spa|1
|
|t:|1776312074
|switch|p2a: Raging Bolt|Raging Bolt, tera:Fairy|40/100|[from] Parting Shot
|
|-weather|RainDance|[upkeep]
|upkeep
|turn|8
|
|t:|1776312079
|move|p2a: Raging Bolt|Calm Mind|p2a: Raging Bolt
|-boost|p2a: Raging Bolt|spa|1
|-boost|p2a: Raging Bolt|spd|1
|move|p1a: Alomomola|Flip Turn|p2a: Raging Bolt
|-damage|p2a: Raging Bolt|26/100
|
|t:|1776312083
|switch|p1a: Magnezone|Magnezone|100/100|[from] Flip Turn
|
|-weather|none
|upkeep
|turn|9
|
|t:|1776312090
|move|p2a: Raging Bolt|Thunderbolt|p1a: Magnezone
|-resisted|p1a: Magnezone
|-damage|p1a: Magnezone|58/100
|move|p1a: Magnezone|Flash Cannon|p2a: Raging Bolt
|-supereffective|p2a: Raging Bolt
|-crit|p2a: Raging Bolt
|-damage|p2a: Raging Bolt|0 fnt
|faint|p2a: Raging Bolt
|-end|p2a: Raging Bolt|Protosynthesis|[silent]
|
|upkeep
|
|t:|1776312098
|switch|p2a: Pecharunt|Pecharunt|100/100
|turn|10
|
|t:|1776312101
|switch|p1a: Pelipper|Pelipper, M|100/100
|-weather|RainDance|[from] ability: Drizzle|[of] p1a: Pelipper
|move|p2a: Pecharunt|Shadow Ball|p1a: Pelipper
|-damage|p1a: Pelipper|64/100
|
|-weather|RainDance|[upkeep]
|upkeep
|turn|11
|
|t:|1776312108
|switch|p1a: Alomomola|Alomomola, M|100/100
|move|p2a: Pecharunt|Malignant Chain|p1a: Alomomola
|-damage|p1a: Alomomola|61/100
|-status|p1a: Alomomola|tox
|-start|p1a: Alomomola|confusion|[from] ability: Poison Puppeteer|[of] p2a: Pecharunt
|
|-weather|RainDance|[upkeep]
|-damage|p1a: Alomomola|55/100 tox|[from] psn
|upkeep
|turn|12
|
|t:|1776312119
|move|p2a: Pecharunt|Malignant Chain|p1a: Alomomola
|-damage|p1a: Alomomola|20/100 tox
|-activate|p1a: Alomomola|confusion
|move|p1a: Alomomola|Wish|p1a: Alomomola
|
|-weather|RainDance|[upkeep]
|-damage|p1a: Alomomola|8/100 tox|[from] psn
|upkeep
|turn|13
|
|t:|1776312127
|switch|p1a: Magnezone|Magnezone|58/100
|move|p2a: Pecharunt|Malignant Chain|p1a: Magnezone
|-immune|p1a: Magnezone
|
|-weather|RainDance|[upkeep]
|-heal|p1a: Magnezone|100/100|[from] move: Wish|[wisher] Alomomola
|upkeep
|turn|14
|
|t:|1776312135
|-terastallize|p1a: Magnezone|Electric
|move|p2a: Pecharunt|Shadow Ball|p1a: Magnezone
|-damage|p1a: Magnezone|74/100
|move|p1a: Magnezone|Thunder|p2a: Pecharunt
|-damage|p2a: Pecharunt|0 fnt
|faint|p2a: Pecharunt
|
|-weather|RainDance|[upkeep]
|upkeep
|
|t:|1776312144
|switch|p2a: Kingambit|Kingambit, F|100/100
|-activate|p2a: Kingambit|ability: Supreme Overlord
|-start|p2a: Kingambit|fallen3|[silent]
|-item|p2a: Kingambit|Air Balloon
|turn|15
|
|t:|1776312155
|move|p2a: Kingambit|Sucker Punch|p1a: Magnezone
|-damage|p1a: Magnezone|24/100
|move|p1a: Magnezone|Thunder|p2a: Kingambit
|-damage|p2a: Kingambit|0 fnt
|-enditem|p2a: Kingambit|Air Balloon
|faint|p2a: Kingambit
|-end|p2a: Kingambit|fallen3|[silent]
|
|-weather|RainDance|[upkeep]
|upkeep
|
|t:|1776312165
|switch|p2a: Tornadus|Tornadus-Therian, M|100/100
|turn|16
|
|t:|1776312177
|move|p2a: Tornadus|Heat Wave|p1a: Magnezone
|-damage|p1a: Magnezone|12/100
|move|p1a: Magnezone|Thunder|p2a: Tornadus
|-supereffective|p2a: Tornadus
|-damage|p2a: Tornadus|0 fnt
|faint|p2a: Tornadus
|
|-weather|RainDance|[upkeep]
|upkeep
|-message|limmingtons forfeited.
|
|win|kilobyt3
|raw|kilobyt3's rating: 1306 &rarr; <strong>1326</strong><br />(+20 for winning)
|raw|limmingtons's rating: 1312 &rarr; <strong>1292</strong><br />(-20 for losing)
|l|☆limmingtons
|player|p2|
