|html|<div class="broadcast-blue"><strong>[Gen 9] OU is currently suspecting Tera Blast! For information on how to participate check out the <a href="https://www.smogon.com/tools/suspects/view/200">suspect thread</a>.</strong></div>
|j|☆Megai'Sa
|j|☆ULT_violet12
|t:|1776081691
|gametype|singles
|player|p1|Megai'Sa|101|1062
|player|p2|ULT_violet12|veteran|1017
|gen|9
|tier|[Gen 9] OU
|rated|
|rule|HP Percentage Mod: HP is shown in percentages
|rule|Endless Battle Clause: Forcing endless battles is banned
|rule|Species Clause: Limit one of each Pokémon
|rule|OHKO Clause: OHKO moves are banned
|rule|Evasion Items Clause: Evasion items are banned
|rule|Evasion Moves Clause: Evasion moves are banned
|rule|Evasion Abilities Clause: Evasion abilities are banned
|rule|Sleep Moves Clause: Sleep-inducing moves are banned
|clearpoke
|poke|p1|Ninetales-Alola, F|
|poke|p1|Mandibuzz, F|
|poke|p1|Heatran, M|
|poke|p1|Sylveon, M|
|poke|p1|Mamoswine, M|
|poke|p1|Sandslash-Alola, M|
|poke|p2|Toxapex, F|
|poke|p2|Zoroark-Hisui, F|
|poke|p2|Gholdengo|
|poke|p2|Dragapult, F|
|poke|p2|Garganacl, F|
|poke|p2|Ceruledge, F|
|teampreview
|
|t:|1776081702
|teamsize|p1|6
|teamsize|p2|6
|start
|switch|p1a: Ninetales|Ninetales-Alola, F|100/100
|switch|p2a: Toxapex|Toxapex, F, shiny|100/100
|-weather|Snowscape|[from] ability: Snow Warning|[of] p1a: Ninetales
|turn|1
|
|t:|1776081721
|move|p1a: Ninetales|Freeze-Dry|p2a: Toxapex
|-supereffective|p2a: Toxapex
|-damage|p2a: Toxapex|62/100
|move|p2a: Toxapex|Toxic Spikes|p1a: Ninetales
|-sidestart|p1: Megai'Sa|move: Toxic Spikes
|
|-weather|Snowscape|[upkeep]
|upkeep
|turn|2
|
|t:|1776081731
|switch|p2a: Ceruledge|Ceruledge, F|100/100
|-item|p2a: Ceruledge|Air Balloon
|move|p1a: Ninetales|Aurora Veil|p1a: Ninetales
|-sidestart|p1: Megai'Sa|move: Aurora Veil
|
|-weather|Snowscape|[upkeep]
|upkeep
|turn|3
|
|t:|1776081750
|switch|p1a: Mamoswine|Mamoswine, M|100/100
|-status|p1a: Mamoswine|psn
|move|p2a: Ceruledge|Bitter Blade|p1a: Mamoswine
|-supereffective|p1a: Mamoswine
|-damage|p1a: Mamoswine|81/100 psn
|
|-weather|Snowscape|[upkeep]
|-damage|p1a: Mamoswine|69/100 psn|[from] psn
|upkeep
|turn|4
|
|t:|1776081769
|move|p2a: Ceruledge|Poltergeist|p1a: Mamoswine|[miss]
|-miss|p2a: Ceruledge|p1a: Mamoswine
|move|p1a: Mamoswine|Icicle Crash|p2a: Ceruledge
|-resisted|p2a: Ceruledge
|-damage|p2a: Ceruledge|57/100
|-ability|p2a: Ceruledge|Weak Armor|boost
|-unboost|p2a: Ceruledge|def|1
|-boost|p2a: Ceruledge|spe|2
|-enditem|p2a: Ceruledge|Air Balloon
|-damage|p1a: Mamoswine|59/100 psn|[from] item: Life Orb
|
|-weather|Snowscape|[upkeep]
|-damage|p1a: Mamoswine|46/100 psn|[from] psn
|upkeep
|turn|5
|
|t:|1776081785
|move|p2a: Ceruledge|Brick Break|p1a: Mamoswine
|-sideend|p1: Megai'Sa|move: Aurora Veil
|-supereffective|p1a: Mamoswine
|-damage|p1a: Mamoswine|0 fnt
|faint|p1a: Mamoswine
|
|-weather|none
|upkeep
|
|t:|1776081799
|switch|p1a: Heatran|Heatran, M|100/100
|turn|6
|
|t:|1776081809
|switch|p2a: Garganacl|Garganacl, F|100/100
|move|p1a: Heatran|Earth Power|p2a: Garganacl
|-supereffective|p2a: Garganacl
|-damage|p2a: Garganacl|52/100
|
|-heal|p2a: Garganacl|58/100|[from] item: Leftovers
|upkeep
|turn|7
|
|t:|1776081823
|move|p1a: Heatran|Taunt|p2a: Garganacl
|-start|p2a: Garganacl|move: Taunt
|move|p2a: Garganacl|Salt Cure|p1a: Heatran
|-damage|p1a: Heatran|87/100
|-start|p1a: Heatran|Salt Cure
|
|-heal|p1a: Heatran|93/100|[from] item: Leftovers
|-heal|p2a: Garganacl|64/100|[from] item: Leftovers
|-damage|p1a: Heatran|69/100|[from] Salt Cure
|upkeep
|turn|8
|
|t:|1776081843
|move|p1a: Heatran|Earth Power|p2a: Garganacl
|-supereffective|p2a: Garganacl
|-damage|p2a: Garganacl|14/100
|move|p2a: Garganacl|Earthquake|p1a: Heatran
|-supereffective|p1a: Heatran
|-damage|p1a: Heatran|0 fnt
|faint|p1a: Heatran
|
|-heal|p2a: Garganacl|21/100|[from] item: Leftovers
|upkeep
|
|t:|1776081851
|switch|p1a: Ninetales|Ninetales-Alola, F|100/100
|-status|p1a: Ninetales|psn
|-weather|Snowscape|[from] ability: Snow Warning|[of] p1a: Ninetales
|turn|9
|
|t:|1776081864
|move|p1a: Ninetales|Aurora Veil|p1a: Ninetales
|-sidestart|p1: Megai'Sa|move: Aurora Veil
|move|p2a: Garganacl|Earthquake|p1a: Ninetales
|-damage|p1a: Ninetales|91/100 psn
|
|-weather|Snowscape|[upkeep]
|-heal|p2a: Garganacl|27/100|[from] item: Leftovers
|-damage|p1a: Ninetales|79/100 psn|[from] psn
|-end|p2a: Garganacl|move: Taunt
|upkeep
|turn|10
|
|t:|1776081878
|switch|p2a: Ceruledge|Ceruledge, F|57/100
|move|p1a: Ninetales|Freeze-Dry|p2a: Ceruledge
|-resisted|p2a: Ceruledge
|-damage|p2a: Ceruledge|46/100
|
|-weather|Snowscape|[upkeep]
|-damage|p1a: Ninetales|66/100 psn|[from] psn
|upkeep
|turn|11
|
|t:|1776081893
|switch|p1a: Mandibuzz|Mandibuzz, F|100/100
|move|p2a: Ceruledge|Brick Break|p1a: Mandibuzz
|-sideend|p1: Megai'Sa|move: Aurora Veil
|-damage|p1a: Mandibuzz|85/100
|
|-weather|Snowscape|[upkeep]
|upkeep
|turn|12
|
|t:|1776081916
|switch|p2a: Dragapult|Dragapult, F, shiny|100/100
|-terastallize|p1a: Mandibuzz|Steel
|move|p1a: Mandibuzz|Foul Play|p2a: Dragapult
|-supereffective|p2a: Dragapult
|-damage|p2a: Dragapult|0 fnt
|faint|p2a: Dragapult
|
|-weather|Snowscape|[upkeep]
|upkeep
|
|t:|1776081929
|switch|p2a: Toxapex|Toxapex, F, shiny|62/100
|turn|13
|
|t:|1776081947
|move|p1a: Mandibuzz|U-turn|p2a: Toxapex
|-resisted|p2a: Toxapex
|-damage|p2a: Toxapex|58/100
|-damage|p1a: Mandibuzz|68/100|[from] item: Rocky Helmet|[of] p2a: Toxapex
|
|t:|1776081955
|switch|p1a: Ninetales|Ninetales-Alola, F|66/100 psn|[from] U-turn
|move|p2a: Toxapex|Hydro Pump|p1a: Ninetales|[miss]
|-miss|p2a: Toxapex|p1a: Ninetales
|
|-weather|none
|-damage|p1a: Ninetales|54/100 psn|[from] psn
|upkeep
|turn|14
|
|t:|1776081967
|switch|p2a: Garganacl|Garganacl, F|100/100
|move|p1a: Ninetales|Freeze-Dry|p2a: Garganacl
|-damage|p2a: Garganacl|61/100
|replace|p2a: Zoroark|Zoroark-Hisui, F
|-end|p2a: Zoroark|Illusion
|
|-damage|p1a: Ninetales|42/100 psn|[from] psn
|upkeep
|turn|15
|
|t:|1776081984
|switch|p1a: Sylveon|Sylveon, M|100/100
|-status|p1a: Sylveon|psn
|move|p2a: Zoroark|Bitter Malice|p1a: Sylveon
|-damage|p1a: Sylveon|68/100 psn
|-unboost|p1a: Sylveon|atk|1
|
|-damage|p1a: Sylveon|56/100 psn|[from] psn
|upkeep
|turn|16
|
|t:|1776082006
|move|p2a: Zoroark|Nasty Plot|p2a: Zoroark
|-boost|p2a: Zoroark|spa|2
|move|p1a: Sylveon|Moonblast|p2a: Zoroark
|-damage|p2a: Zoroark|0 fnt
|faint|p2a: Zoroark
|
|-damage|p1a: Sylveon|44/100 psn|[from] psn
|upkeep
|
|t:|1776082019
|switch|p2a: Ceruledge|Ceruledge, F|46/100
|turn|17
|
|t:|1776082036
|switch|p1a: Mandibuzz|Mandibuzz, F, tera:Steel|68/100
|move|p2a: Ceruledge|Shadow Sneak|p1a: Mandibuzz
|-damage|p1a: Mandibuzz|55/100
|
|upkeep
|turn|18
|
|t:|1776082059
|move|p2a: Ceruledge|Poltergeist|p1a: Mandibuzz
|-activate|p1a: Mandibuzz|move: Poltergeist|Heavy-Duty Boots
|-damage|p1a: Mandibuzz|22/100
|move|p1a: Mandibuzz|Foul Play|p2a: Ceruledge
|-supereffective|p2a: Ceruledge
|-damage|p2a: Ceruledge|0 fnt
|faint|p2a: Ceruledge
|
|upkeep
|
|t:|1776082071
|switch|p2a: Gholdengo|Gholdengo, shiny|100/100
|turn|19
|
|t:|1776082085
|-terastallize|p2a: Gholdengo|Steel
|move|p2a: Gholdengo|Make It Rain|p1a: Mandibuzz
|-resisted|p1a: Mandibuzz
|-damage|p1a: Mandibuzz|0 fnt
|-unboost|p2a: Gholdengo|spa|1
|faint|p1a: Mandibuzz
|
|upkeep
|
|t:|1776082092
|switch|p1a: Ninetales|Ninetales-Alola, F|42/100 psn
|-weather|Snowscape|[from] ability: Snow Warning|[of] p1a: Ninetales
|turn|20
|
|t:|1776082098
|move|p1a: Ninetales|Aurora Veil|p1a: Ninetales
|-sidestart|p1: Megai'Sa|move: Aurora Veil
|move|p2a: Gholdengo|Make It Rain|p1a: Ninetales
|-supereffective|p1a: Ninetales
|-damage|p1a: Ninetales|0 fnt
|-unboost|p2a: Gholdengo|spa|1
|faint|p1a: Ninetales
|
|-weather|Snowscape|[upkeep]
|upkeep
|
|t:|1776082107
|switch|p1a: Sandslash|Sandslash-Alola, M|100/100
|turn|21
|
|t:|1776082116
|move|p1a: Sandslash|Earthquake|p2a: Gholdengo
|-supereffective|p2a: Gholdengo
|-damage|p2a: Gholdengo|33/100
|move|p2a: Gholdengo|Make It Rain|p1a: Sandslash
|-damage|p1a: Sandslash|39/100
|-unboost|p2a: Gholdengo|spa|1
|
|-weather|Snowscape|[upkeep]
|upkeep
|turn|22
|
|t:|1776082128
|switch|p2a: Garganacl|Garganacl, F|27/100
|move|p1a: Sandslash|Earthquake|p2a: Garganacl
|-supereffective|p2a: Garganacl
|-damage|p2a: Garganacl|0 fnt
|faint|p2a: Garganacl
|
|-weather|Snowscape|[upkeep]
|upkeep
|
|t:|1776082137
|switch|p2a: Toxapex|Toxapex, F, shiny|58/100
|turn|23
|
|t:|1776082142
|move|p1a: Sandslash|Earthquake|p2a: Toxapex
|-supereffective|p2a: Toxapex
|-damage|p2a: Toxapex|13/100
|move|p2a: Toxapex|Recover|p2a: Toxapex
|-heal|p2a: Toxapex|63/100
|
|-weather|Snowscape|[upkeep]
|upkeep
|turn|24
|
|t:|1776082151
|move|p1a: Sandslash|Earthquake|p2a: Toxapex
|-supereffective|p2a: Toxapex
|-damage|p2a: Toxapex|13/100
|move|p2a: Toxapex|Recover|p2a: Toxapex
|-heal|p2a: Toxapex|63/100
|
|-weather|none
|upkeep
|turn|25
|
|t:|1776082174
|move|p1a: Sandslash|Earthquake|p2a: Toxapex
|-supereffective|p2a: Toxapex
|-crit|p2a: Toxapex
|-damage|p2a: Toxapex|0 fnt
|faint|p2a: Toxapex
|
|upkeep
|
|t:|1776082180
|switch|p2a: Gholdengo|Gholdengo, shiny, tera:Steel|33/100
|turn|26
|
|t:|1776082190
|move|p2a: Gholdengo|Make It Rain|p1a: Sandslash
|-damage|p1a: Sandslash|0 fnt
|-unboost|p2a: Gholdengo|spa|1
|faint|p1a: Sandslash
|
|upkeep
|
|t:|1776082196
|switch|p1a: Sylveon|Sylveon, M|44/100 psn
|turn|27
|
|t:|1776082201
|move|p2a: Gholdengo|Make It Rain|p1a: Sylveon
|-supereffective|p1a: Sylveon
|-damage|p1a: Sylveon|0 fnt
|-unboost|p2a: Gholdengo|spa|1
|faint|p1a: Sylveon
|
|win|ULT_violet12
|raw|Megai&apos;Sa's rating: 1062 &rarr; <strong>1040</strong><br />(-22 for losing)
|raw|ULT_violet12's rating: 1017 &rarr; <strong>1059</strong><br />(+42 for winning)
