|html|<div class="broadcast-blue"><strong>[Gen 9] OU is currently suspecting Tera Blast! For information on how to participate check out the <a href="https://www.smogon.com/tools/suspects/view/200">suspect thread</a>.</strong></div>
|j|☆KungFuCutman1
|j|☆The Alexbest
|t:|1776090285
|gametype|singles
|player|p1|KungFuCutman1|ethan|1453
|player|p2|The Alexbest|101|1406
|gen|9
|tier|[Gen 9] OU
|rated|
|rule|HP Percentage Mod: HP is shown in percentages
|rule|Endless Battle Clause: Forcing endless battles is banned
|rule|Species Clause: Limit one of each Pokémon
|rule|OHKO Clause: OHKO moves are banned
|rule|Evasion Items Clause: Evasion items are banned
|rule|Evasion Moves Clause: Evasion moves are banned
|rule|Evasion Abilities Clause: Evasion abilities are banned
|rule|Sleep Moves Clause: Sleep-inducing moves are banned
|clearpoke
|poke|p1|Meowscarada, F|
|poke|p1|Great Tusk|
|poke|p1|Ting-Lu|
|poke|p1|Moltres|
|poke|p1|Raging Bolt|
|poke|p1|Slowking-Galar, F|
|poke|p2|Mamoswine, M|
|poke|p2|Alomomola, F|
|poke|p2|Corviknight, F|
|poke|p2|Iron Valiant|
|poke|p2|Heatran, F|
|poke|p2|Darkrai|
|teampreview
|inactive|Battle timer is ON: inactive players will automatically lose when time's up. (requested by KungFuCutman1)
|inactive|The Alexbest has 120 seconds left.
|
|t:|1776090336
|teamsize|p1|6
|teamsize|p2|6
|start
|switch|p1a: Meowscarada|Meowscarada, F|100/100
|switch|p2a: Mamoswine|Mamoswine, M|100/100
|turn|1
|
|t:|1776090342
|move|p2a: Mamoswine|Ice Shard|p1a: Meowscarada
|-supereffective|p1a: Meowscarada
|-damage|p1a: Meowscarada|0 fnt
|faint|p1a: Meowscarada
|
|upkeep
|
|t:|1776090348
|switch|p1a: Moltres|Moltres|100/100
|turn|2
|
|t:|1776090351
|switch|p2a: Heatran|Heatran, F|100/100
|move|p1a: Moltres|Will-O-Wisp|p2a: Heatran
|-start|p2a: Heatran|ability: Flash Fire
|
|upkeep
|turn|3
|
|t:|1776090366
|move|p1a: Moltres|U-turn|p2a: Heatran
|-resisted|p2a: Heatran
|-damage|p2a: Heatran|98/100
|
|t:|1776090369
|switch|p1a: Ting-Lu|Ting-Lu|100/100|[from] U-turn
|-ability|p1a: Ting-Lu|Vessel of Ruin
|move|p2a: Heatran|Stealth Rock|p1a: Ting-Lu
|-sidestart|p1: KungFuCutman1|move: Stealth Rock
|
|-heal|p2a: Heatran|100/100|[from] item: Leftovers
|upkeep
|turn|4
|
|t:|1776090374
|-terastallize|p2a: Heatran|Grass
|move|p2a: Heatran|Magma Storm|p1a: Ting-Lu|[miss]
|-miss|p2a: Heatran|p1a: Ting-Lu
|move|p1a: Ting-Lu|Spikes|p2a: Heatran
|-sidestart|p2: The Alexbest|Spikes
|
|upkeep
|turn|5
|
|t:|1776090383
|move|p2a: Heatran|Magma Storm|p1a: Ting-Lu|[miss]
|-miss|p2a: Heatran|p1a: Ting-Lu
|move|p1a: Ting-Lu|Ruination|p2a: Heatran
|-damage|p2a: Heatran|50/100
|
|-heal|p2a: Heatran|57/100|[from] item: Leftovers
|upkeep
|turn|6
|
|t:|1776090386
|move|p2a: Heatran|Magma Storm|p1a: Ting-Lu
|-damage|p1a: Ting-Lu|73/100
|-activate|p1a: Ting-Lu|move: Magma Storm|[of] p2a: Heatran
|move|p1a: Ting-Lu|Spikes|p2a: Heatran
|-sidestart|p2: The Alexbest|Spikes
|
|-heal|p2a: Heatran|63/100|[from] item: Leftovers
|-heal|p1a: Ting-Lu|79/100|[from] item: Leftovers
|-damage|p1a: Ting-Lu|67/100|[from] move: Magma Storm|[partiallytrapped]
|upkeep
|turn|7
|
|t:|1776090389
|move|p2a: Heatran|Taunt|p1a: Ting-Lu
|-start|p1a: Ting-Lu|move: Taunt
|cant|p1a: Ting-Lu|move: Taunt|Whirlwind
|
|-heal|p2a: Heatran|69/100|[from] item: Leftovers
|-heal|p1a: Ting-Lu|73/100|[from] item: Leftovers
|-damage|p1a: Ting-Lu|61/100|[from] move: Magma Storm|[partiallytrapped]
|upkeep
|turn|8
|
|t:|1776090394
|move|p2a: Heatran|Earth Power|p1a: Ting-Lu
|-damage|p1a: Ting-Lu|50/100
|move|p1a: Ting-Lu|Ruination|p2a: Heatran
|-damage|p2a: Heatran|35/100
|
|-heal|p2a: Heatran|41/100|[from] item: Leftovers
|-heal|p1a: Ting-Lu|56/100|[from] item: Leftovers
|-damage|p1a: Ting-Lu|43/100|[from] move: Magma Storm|[partiallytrapped]
|upkeep
|turn|9
|
|t:|1776090398
|move|p2a: Heatran|Magma Storm|p1a: Ting-Lu
|-damage|p1a: Ting-Lu|15/100
|move|p1a: Ting-Lu|Ruination|p2a: Heatran
|-damage|p2a: Heatran|21/100
|
|-heal|p2a: Heatran|27/100|[from] item: Leftovers
|-heal|p1a: Ting-Lu|21/100|[from] item: Leftovers
|-damage|p1a: Ting-Lu|8/100|[from] move: Magma Storm|[partiallytrapped]
|-end|p1a: Ting-Lu|move: Taunt
|upkeep
|turn|10
|
|t:|1776090400
|move|p2a: Heatran|Earth Power|p1a: Ting-Lu
|-damage|p1a: Ting-Lu|0 fnt
|faint|p1a: Ting-Lu
|
|-heal|p2a: Heatran|33/100|[from] item: Leftovers
|upkeep
|
|t:|1776090403
|switch|p1a: Great Tusk|Great Tusk|100/100
|turn|11
|
|t:|1776090412
|-end|p2a: Heatran|ability: Flash Fire|[silent]
|switch|p2a: Corviknight|Corviknight, F|100/100
|-ability|p2a: Corviknight|Pressure
|move|p1a: Great Tusk|Ice Spinner|p2a: Corviknight
|-damage|p2a: Corviknight|83/100
|-damage|p1a: Great Tusk|84/100|[from] item: Rocky Helmet|[of] p2a: Corviknight
|
|upkeep
|turn|12
|
|t:|1776090418
|move|p1a: Great Tusk|Stealth Rock|p2a: Corviknight
|-sidestart|p2: The Alexbest|move: Stealth Rock
|move|p2a: Corviknight|Defog|p1a: Great Tusk
|-unboost|p1a: Great Tusk|evasion|1
|-sideend|p1: KungFuCutman1|Stealth Rock|[from] move: Defog|[of] p2a: Corviknight
|-sideend|p2: The Alexbest|Spikes|[from] move: Defog|[of] p2a: Corviknight
|-sideend|p2: The Alexbest|Stealth Rock|[from] move: Defog|[of] p2a: Corviknight
|
|upkeep
|turn|13
|
|t:|1776090435
|-end|p1a: Great Tusk|Protosynthesis|[silent]
|switch|p1a: Moltres|Moltres|100/100
|switch|p2a: Alomomola|Alomomola, F|100/100
|
|upkeep
|turn|14
|
|t:|1776090441
|move|p1a: Moltres|Will-O-Wisp|p2a: Alomomola
|-status|p2a: Alomomola|brn
|move|p2a: Alomomola|Flip Turn|p1a: Moltres
|-supereffective|p1a: Moltres
|-damage|p1a: Moltres|88/100
|
|t:|1776090455
|switch|p2a: Darkrai|Darkrai|100/100|[from] Flip Turn
|
|upkeep
|turn|15
|
|t:|1776090458
|move|p2a: Darkrai|Nasty Plot|p2a: Darkrai
|-boost|p2a: Darkrai|spa|2
|move|p1a: Moltres|U-turn|p2a: Darkrai
|-supereffective|p2a: Darkrai
|-damage|p2a: Darkrai|66/100
|
|t:|1776090466
|switch|p1a: Raging Bolt|Raging Bolt|100/100|[from] U-turn
|
|-heal|p2a: Darkrai|72/100|[from] item: Leftovers
|upkeep
|turn|16
|
|t:|1776090471
|move|p1a: Raging Bolt|Thunderclap|p2a: Darkrai
|-damage|p2a: Darkrai|24/100
|move|p2a: Darkrai|Ice Beam|p1a: Raging Bolt
|-supereffective|p1a: Raging Bolt
|-damage|p1a: Raging Bolt|0 fnt
|faint|p1a: Raging Bolt
|-end|p1a: Raging Bolt|Protosynthesis|[silent]
|
|-heal|p2a: Darkrai|30/100|[from] item: Leftovers
|upkeep
|
|t:|1776090475
|switch|p1a: Great Tusk|Great Tusk|84/100
|turn|17
|
|t:|1776090482
|-terastallize|p1a: Great Tusk|Ice
|move|p2a: Darkrai|Ice Beam|p1a: Great Tusk
|-resisted|p1a: Great Tusk
|-damage|p1a: Great Tusk|36/100
|move|p1a: Great Tusk|Rapid Spin|p2a: Darkrai
|-damage|p2a: Darkrai|4/100
|-boost|p1a: Great Tusk|spe|1
|
|-heal|p2a: Darkrai|10/100|[from] item: Leftovers
|upkeep
|turn|18
|
|t:|1776090488
|move|p1a: Great Tusk|Ice Spinner|p2a: Darkrai
|-damage|p2a: Darkrai|0 fnt
|faint|p2a: Darkrai
|
|upkeep
|
|t:|1776090496
|switch|p2a: Iron Valiant|Iron Valiant|100/100
|-enditem|p2a: Iron Valiant|Booster Energy
|-activate|p2a: Iron Valiant|ability: Quark Drive|[fromitem]
|-start|p2a: Iron Valiant|quarkdrivespe
|turn|19
|
|t:|1776090504
|-end|p1a: Great Tusk|Protosynthesis|[silent]
|switch|p1a: Slowking|Slowking-Galar, F|100/100
|move|p2a: Iron Valiant|Moonblast|p1a: Slowking
|-resisted|p1a: Slowking
|-damage|p1a: Slowking|88/100
|
|upkeep
|turn|20
|
|t:|1776090507
|move|p2a: Iron Valiant|Knock Off|p1a: Slowking
|-supereffective|p1a: Slowking
|-damage|p1a: Slowking|27/100
|-enditem|p1a: Slowking|Assault Vest|[from] move: Knock Off|[of] p2a: Iron Valiant
|move|p1a: Slowking|Sludge Bomb|p2a: Iron Valiant
|-supereffective|p2a: Iron Valiant
|-damage|p2a: Iron Valiant|0 fnt
|faint|p2a: Iron Valiant
|-end|p2a: Iron Valiant|Quark Drive|[silent]
|
|upkeep
|
|t:|1776090513
|switch|p2a: Mamoswine|Mamoswine, M|100/100
|turn|21
|
|t:|1776090519
|move|p2a: Mamoswine|Icicle Crash|p1a: Slowking
|-damage|p1a: Slowking|0 fnt
|faint|p1a: Slowking
|
|upkeep
|
|t:|1776090521
|switch|p1a: Moltres|Moltres|88/100
|turn|22
|
|t:|1776090524
|switch|p2a: Heatran|Heatran, F, tera:Grass|33/100
|move|p1a: Moltres|U-turn|p2a: Heatran
|-supereffective|p2a: Heatran
|-damage|p2a: Heatran|14/100
|
|t:|1776090526
|switch|p1a: Great Tusk|Great Tusk, tera:Ice|36/100|[from] U-turn
|
|-heal|p2a: Heatran|20/100|[from] item: Leftovers
|upkeep
|turn|23
|
|t:|1776090530
|move|p1a: Great Tusk|Ice Spinner|p2a: Heatran
|-supereffective|p2a: Heatran
|-damage|p2a: Heatran|0 fnt
|faint|p2a: Heatran
|
|upkeep
|
|t:|1776090537
|switch|p2a: Alomomola|Alomomola, F|100/100 brn
|turn|24
|
|t:|1776090540
|move|p1a: Great Tusk|Stealth Rock|p2a: Alomomola
|-sidestart|p2: The Alexbest|move: Stealth Rock
|move|p2a: Alomomola|Scald|p1a: Great Tusk
|-damage|p1a: Great Tusk|16/100
|
|-damage|p2a: Alomomola|94/100 brn|[from] brn
|upkeep
|turn|25
|
|t:|1776090544
|move|p1a: Great Tusk|Headlong Rush|p2a: Alomomola
|-damage|p2a: Alomomola|46/100 brn
|-unboost|p1a: Great Tusk|def|1
|-unboost|p1a: Great Tusk|spd|1
|move|p2a: Alomomola|Scald|p1a: Great Tusk
|-damage|p1a: Great Tusk|0 fnt
|faint|p1a: Great Tusk
|-end|p1a: Great Tusk|Protosynthesis|[silent]
|
|-damage|p2a: Alomomola|40/100 brn|[from] brn
|upkeep
|
|t:|1776090548
|switch|p1a: Moltres|Moltres|88/100
|turn|26
|
|t:|1776090553
|move|p1a: Moltres|Flamethrower|p2a: Alomomola
|-resisted|p2a: Alomomola
|-damage|p2a: Alomomola|32/100 brn
|move|p2a: Alomomola|Mirror Coat|p1a: Moltres
|-damage|p1a: Moltres|64/100
|
|-damage|p2a: Alomomola|25/100 brn|[from] brn
|upkeep
|turn|27
|
|t:|1776090559
|move|p1a: Moltres|U-turn|p2a: Alomomola
|-damage|p2a: Alomomola|16/100 brn
|move|p2a: Alomomola|Scald|p1a: Moltres
|-supereffective|p1a: Moltres
|-crit|p1a: Moltres
|-damage|p1a: Moltres|25/100
|
|-damage|p2a: Alomomola|10/100 brn|[from] brn
|upkeep
|turn|28
|
|t:|1776090563
|switch|p2a: Corviknight|Corviknight, F|83/100
|-damage|p2a: Corviknight|71/100|[from] Stealth Rock
|-ability|p2a: Corviknight|Pressure
|move|p1a: Moltres|Roost|p1a: Moltres
|-heal|p1a: Moltres|75/100
|-singleturn|p1a: Moltres|move: Roost
|
|upkeep
|turn|29
|
|t:|1776090567
|move|p1a: Moltres|Flamethrower|p2a: Corviknight
|-supereffective|p2a: Corviknight
|-damage|p2a: Corviknight|1/100
|move|p2a: Corviknight|Defog|p1a: Moltres
|-unboost|p1a: Moltres|evasion|1
|-sideend|p2: The Alexbest|Stealth Rock|[from] move: Defog|[of] p2a: Corviknight
|
|upkeep
|turn|30
|
|t:|1776090573
|move|p1a: Moltres|U-turn|p2a: Corviknight
|-resisted|p2a: Corviknight
|-damage|p2a: Corviknight|0 fnt
|-damage|p1a: Moltres|59/100|[from] item: Rocky Helmet|[of] p2a: Corviknight
|faint|p2a: Corviknight
|
|upkeep
|
|t:|1776090576
|switch|p2a: Mamoswine|Mamoswine, M|100/100
|turn|31
|
|t:|1776090579
|move|p2a: Mamoswine|Icicle Crash|p1a: Moltres
|-damage|p1a: Moltres|6/100
|move|p1a: Moltres|Roost|p1a: Moltres
|-heal|p1a: Moltres|56/100
|-singleturn|p1a: Moltres|move: Roost
|
|upkeep
|turn|32
|
|t:|1776090582
|move|p2a: Mamoswine|Icicle Crash|p1a: Moltres
|-damage|p1a: Moltres|4/100
|move|p1a: Moltres|Roost|p1a: Moltres
|-heal|p1a: Moltres|55/100
|-singleturn|p1a: Moltres|move: Roost
|
|upkeep
|turn|33
|
|t:|1776090585
|move|p2a: Mamoswine|Icicle Crash|p1a: Moltres
|-damage|p1a: Moltres|0 fnt
|faint|p1a: Moltres
|
|win|The Alexbest
|raw|KungFuCutman1's rating: 1453 &rarr; <strong>1430</strong><br />(-23 for losing)
|raw|The Alexbest's rating: 1406 &rarr; <strong>1429</strong><br />(+23 for winning)
|l|☆KungFuCutman1
|player|p1|
|c|☆The Alexbest|gg
|l|☆The Alexbest
|player|p2|
