|html|<div class="broadcast-blue"><strong>[Gen 9] OU is currently suspecting Volcarona! For information on how to participate check out the <a href="https://www.smogon.com/tools/suspects/view/208">suspect thread</a>.</strong></div>
|j|☆blooflazh
|j|☆TheRoadRunner24/7
|t:|1778511892
|gametype|singles
|player|p1|blooflazh|rood|1169
|player|p2|TheRoadRunner24/7|hugh|1182
|gen|9
|tier|[Gen 9] OU
|rated|
|rule|HP Percentage Mod: HP is shown in percentages
|rule|Endless Battle Clause: Forcing endless battles is banned
|rule|Species Clause: Limit one of each Pokémon
|rule|OHKO Clause: OHKO moves are banned
|rule|Evasion Items Clause: Evasion items are banned
|rule|Evasion Moves Clause: Evasion moves are banned
|rule|Evasion Abilities Clause: Evasion abilities are banned
|rule|Sleep Moves Clause: Sleep-inducing moves are banned
|clearpoke
|poke|p1|Gyarados, F|
|poke|p1|Zapdos|
|poke|p1|Volcarona, M|
|poke|p1|Mew|
|poke|p1|Scizor, F|
|poke|p1|Cryogonal|
|poke|p2|Skeledirge, F|
|poke|p2|Meowscarada, F|
|poke|p2|Diancie|
|poke|p2|Gliscor, F|
|poke|p2|Blastoise, F|
|poke|p2|Raging Bolt|
|teampreview
|
|t:|1778511907
|teamsize|p1|6
|teamsize|p2|6
|start
|switch|p1a: shen long|Gyarados, F, shiny|100/100
|switch|p2a: Meowscarada|Meowscarada, F|100/100
|turn|1
|
|t:|1778511924
|switch|p2a: Raging Bolt|Raging Bolt|100/100
|-enditem|p2a: Raging Bolt|Booster Energy
|-activate|p2a: Raging Bolt|ability: Protosynthesis|[fromitem]
|-start|p2a: Raging Bolt|protosynthesisspa
|move|p1a: shen long|Dragon Dance|p1a: shen long
|-boost|p1a: shen long|atk|1
|-boost|p1a: shen long|spe|1
|
|upkeep
|turn|2
|
|t:|1778511934
|-terastallize|p1a: shen long|Ground
|move|p2a: Raging Bolt|Thunderclap||[still]
|-fail|p2a: Raging Bolt
|move|p1a: shen long|Dragon Dance|p1a: shen long
|-boost|p1a: shen long|atk|1
|-boost|p1a: shen long|spe|1
|
|upkeep
|turn|3
|inactive|Battle timer is ON: inactive players will automatically lose when time's up. (requested by blooflazh)
|
|t:|1778511946
|move|p1a: shen long|Ice Fang|p2a: Raging Bolt|[miss]
|-miss|p1a: shen long|p2a: Raging Bolt
|move|p2a: Raging Bolt|Draco Meteor|p1a: shen long
|-damage|p1a: shen long|2/100
|-unboost|p2a: Raging Bolt|spa|2
|
|upkeep
|turn|4
|c|☆blooflazh|the fuck
|
|t:|1778511954
|move|p1a: shen long|Earthquake|p2a: Raging Bolt
|-supereffective|p2a: Raging Bolt
|-damage|p2a: Raging Bolt|0 fnt
|faint|p2a: Raging Bolt
|-end|p2a: Raging Bolt|Protosynthesis|[silent]
|-ability|p1a: shen long|Moxie|boost
|-boost|p1a: shen long|atk|1
|
|upkeep
|
|t:|1778511969
|switch|p2a: Meowscarada|Meowscarada, F|100/100
|turn|5
|
|t:|1778511973
|move|p2a: Meowscarada|Sucker Punch|p1a: shen long
|-start|p2a: Meowscarada|typechange|Dark|[from] ability: Protean
|-damage|p1a: shen long|0 fnt
|faint|p1a: shen long
|
|upkeep
|
|t:|1778511989
|switch|p1a: flying orange dog|Volcarona, M, shiny|100/100
|turn|6
|
|t:|1778512016
|switch|p2a: Diancie|Diancie|100/100
|move|p1a: flying orange dog|Quiver Dance|p1a: flying orange dog
|-boost|p1a: flying orange dog|spa|1
|-boost|p1a: flying orange dog|spd|1
|-boost|p1a: flying orange dog|spe|1
|
|upkeep
|turn|7
|
|t:|1778512026
|move|p1a: flying orange dog|Giga Drain|p2a: Diancie
|-supereffective|p2a: Diancie
|-damage|p2a: Diancie|25/100
|move|p2a: Diancie|Diamond Storm|p1a: flying orange dog
|-supereffective|p1a: flying orange dog
|-damage|p1a: flying orange dog|0 fnt
|faint|p1a: flying orange dog
|
|-heal|p2a: Diancie|31/100|[from] item: Leftovers
|upkeep
|
|t:|1778512030
|switch|p1a: bug robit|Scizor, F, shiny|100/100
|turn|8
|
|t:|1778512046
|switch|p2a: Skeledirge|Skeledirge, F|100/100
|move|p1a: bug robit|Bullet Punch|p2a: Skeledirge
|-resisted|p2a: Skeledirge
|-damage|p2a: Skeledirge|86/100
|
|-heal|p2a: Skeledirge|92/100|[from] item: Leftovers
|upkeep
|turn|9
|
|t:|1778512056
|switch|p1a: onGODBRIIH|Zapdos|100/100
|move|p2a: Skeledirge|Torch Song|p1a: onGODBRIIH
|-damage|p1a: onGODBRIIH|51/100
|-boost|p2a: Skeledirge|spa|1
|
|-heal|p2a: Skeledirge|98/100|[from] item: Leftovers
|upkeep
|turn|10
|
|t:|1778512068
|move|p1a: onGODBRIIH|Roost|p1a: onGODBRIIH
|-heal|p1a: onGODBRIIH|100/100
|-singleturn|p1a: onGODBRIIH|move: Roost
|move|p2a: Skeledirge|Torch Song|p1a: onGODBRIIH
|-damage|p1a: onGODBRIIH|33/100
|-boost|p2a: Skeledirge|spa|1
|
|-heal|p2a: Skeledirge|100/100|[from] item: Leftovers
|upkeep
|turn|11
|
|t:|1778512078
|move|p1a: onGODBRIIH|Thunderbolt|p2a: Skeledirge
|-damage|p2a: Skeledirge|32/100
|-damage|p1a: onGODBRIIH|23/100|[from] item: Life Orb
|move|p2a: Skeledirge|Torch Song|p1a: onGODBRIIH
|-damage|p1a: onGODBRIIH|0 fnt
|-boost|p2a: Skeledirge|spa|1
|faint|p1a: onGODBRIIH
|
|-heal|p2a: Skeledirge|38/100|[from] item: Leftovers
|upkeep
|
|t:|1778512084
|switch|p1a: moo2|Mew|100/100
|turn|12
|
|t:|1778512114
|move|p1a: moo2|Ice Beam|p2a: Skeledirge
|-resisted|p2a: Skeledirge
|-damage|p2a: Skeledirge|26/100
|-status|p2a: Skeledirge|frz
|-curestatus|p2a: Skeledirge|frz|[msg]
|move|p2a: Skeledirge|Torch Song|p1a: moo2
|-damage|p1a: moo2|0 fnt
|-boost|p2a: Skeledirge|spa|1
|faint|p1a: moo2
|
|-heal|p2a: Skeledirge|33/100|[from] item: Leftovers
|upkeep
|-message|blooflazh forfeited.
|
|win|TheRoadRunner24/7
|raw|blooflazh's rating: 1169 &rarr; <strong>1145</strong><br />(-24 for losing)
|raw|TheRoadRunner24&#x2f;7's rating: 1182 &rarr; <strong>1206</strong><br />(+24 for winning)
|l|☆blooflazh
|player|p1|
