|html|<div class="broadcast-blue"><strong>[Gen 9] OU is currently suspecting Tera Blast! For information on how to participate check out the <a href="https://www.smogon.com/tools/suspects/view/200">suspect thread</a>.</strong></div>
|j|☆draco211210
|j|☆CilenTreeco
|t:|1776091956
|gametype|singles
|player|p1|draco211210|ethan|1244
|player|p2|CilenTreeco|101|1226
|gen|9
|tier|[Gen 9] OU
|rated|
|rule|HP Percentage Mod: HP is shown in percentages
|rule|Endless Battle Clause: Forcing endless battles is banned
|rule|Species Clause: Limit one of each Pokémon
|rule|OHKO Clause: OHKO moves are banned
|rule|Evasion Items Clause: Evasion items are banned
|rule|Evasion Moves Clause: Evasion moves are banned
|rule|Evasion Abilities Clause: Evasion abilities are banned
|rule|Sleep Moves Clause: Sleep-inducing moves are banned
|clearpoke
|poke|p1|Great Tusk|
|poke|p1|Iron Moth|
|poke|p1|Raging Bolt|
|poke|p1|Iron Valiant|
|poke|p1|Arcanine-Hisui, F|
|poke|p1|Greninja-*, M|
|poke|p2|Quaquaval, M|
|poke|p2|Sinistcha-Masterpiece|
|poke|p2|Armarouge, F|
|poke|p2|Goodra-Hisui, F|
|poke|p2|Enamorus, F|
|poke|p2|Persian, F|
|teampreview
|
|t:|1776091962
|teamsize|p1|6
|teamsize|p2|6
|start
|switch|p1a: Great Tusk|Great Tusk, shiny|100/100
|switch|p2a: Quaquaval|Quaquaval, M, shiny|100/100
|-enditem|p1a: Great Tusk|Booster Energy
|-activate|p1a: Great Tusk|ability: Protosynthesis|[fromitem]
|-start|p1a: Great Tusk|protosynthesisspe
|turn|1
|
|t:|1776091967
|move|p1a: Great Tusk|Supercell Slam|p2a: Quaquaval
|-supereffective|p2a: Quaquaval
|-damage|p2a: Quaquaval|25/100
|move|p2a: Quaquaval|Aqua Step|p1a: Great Tusk
|-supereffective|p1a: Great Tusk
|-damage|p1a: Great Tusk|42/100
|-boost|p2a: Quaquaval|spe|1
|
|upkeep
|turn|2
|
|t:|1776091971
|move|p1a: Great Tusk|Supercell Slam|p2a: Quaquaval
|-supereffective|p2a: Quaquaval
|-damage|p2a: Quaquaval|0 fnt
|faint|p2a: Quaquaval
|
|upkeep
|
|t:|1776091974
|switch|p2a: Enamorus|Enamorus, F|100/100
|turn|3
|
|t:|1776091979
|move|p2a: Enamorus|Springtide Storm|p1a: Great Tusk
|-supereffective|p1a: Great Tusk
|-damage|p1a: Great Tusk|0 fnt
|faint|p1a: Great Tusk
|-end|p1a: Great Tusk|Protosynthesis|[silent]
|
|upkeep
|
|t:|1776091997
|switch|p1a: Arcanine|Arcanine-Hisui, F, shiny|100/100
|turn|4
|
|t:|1776092002
|switch|p2a: Persian|Persian, F, shiny|100/100
|move|p1a: Arcanine|Head Smash|p2a: Persian|[miss]
|-miss|p1a: Arcanine|p2a: Persian
|
|upkeep
|turn|5
|
|t:|1776092007
|move|p2a: Persian|Switcheroo|p1a: Arcanine
|-activate|p2a: Persian|move: Trick|[of] p1a: Arcanine
|-item|p1a: Arcanine|Choice Scarf|[from] move: Switcheroo
|-item|p2a: Persian|Stone Plate|[from] move: Switcheroo
|move|p1a: Arcanine|Head Smash|p2a: Persian|[miss]
|-miss|p1a: Arcanine|p2a: Persian
|
|upkeep
|turn|6
|
|t:|1776092018
|move|p1a: Arcanine|Head Smash|p2a: Persian
|-damage|p2a: Persian|21/100
|move|p2a: Persian|Thunder Wave|p1a: Arcanine
|-status|p1a: Arcanine|par
|
|upkeep
|turn|7
|
|t:|1776092030
|switch|p2a: Sinistcha|Sinistcha-Masterpiece, shiny|100/100
|move|p1a: Arcanine|Head Smash|p2a: Sinistcha
|-damage|p2a: Sinistcha|44/100
|
|upkeep
|turn|8
|
|t:|1776092035
|move|p1a: Arcanine|Head Smash|p2a: Sinistcha
|-damage|p2a: Sinistcha|0 fnt
|faint|p2a: Sinistcha
|
|upkeep
|
|t:|1776092042
|switch|p2a: Armarouge|Armarouge, F, shiny|100/100
|turn|9
|
|t:|1776092049
|-terastallize|p2a: Armarouge|Grass
|move|p2a: Armarouge|Meteor Beam||[still]
|-prepare|p2a: Armarouge|Meteor Beam
|-boost|p2a: Armarouge|spa|1
|-enditem|p2a: Armarouge|Power Herb
|-anim|p2a: Armarouge|Meteor Beam|p1a: Arcanine
|-supereffective|p1a: Arcanine
|-damage|p1a: Arcanine|0 fnt
|faint|p1a: Arcanine
|
|upkeep
|inactive|Battle timer is ON: inactive players will automatically lose when time's up. (requested by draco211210)
|
|t:|1776092059
|switch|p1a: Lamp|Iron Moth, shiny|100/100
|-enditem|p1a: Lamp|Booster Energy
|-activate|p1a: Lamp|ability: Quark Drive|[fromitem]
|-start|p1a: Lamp|quarkdrivespe
|turn|10
|
|t:|1776092062
|switch|p2a: Goodra|Goodra-Hisui, F, shiny|100/100
|move|p1a: Lamp|Fiery Dance|p2a: Goodra
|-damage|p2a: Goodra|86/100
|
|upkeep
|turn|11
|
|t:|1776092070
|move|p1a: Lamp|Fiery Dance|p2a: Goodra
|-damage|p2a: Goodra|72/100
|move|p2a: Goodra|Dragon Tail|p1a: Lamp
|-damage|p1a: Lamp|67/100
|-end|p1a: Lamp|Quark Drive|[silent]
|drag|p1a: Greninja|Greninja, M|100/100
|
|upkeep
|turn|12
|
|t:|1776092076
|move|p1a: Greninja|Ice Beam|p2a: Goodra
|-damage|p2a: Goodra|62/100
|move|p2a: Goodra|Dragon Tail|p1a: Greninja
|-damage|p1a: Greninja|66/100
|drag|p1a: Lamp|Iron Moth, shiny|67/100
|
|upkeep
|turn|13
|
|t:|1776092086
|-end|p1a: Lamp|Quark Drive|[silent]
|switch|p1a: Iron Valiant|Iron Valiant, shiny|100/100
|-enditem|p1a: Iron Valiant|Booster Energy
|-activate|p1a: Iron Valiant|ability: Quark Drive|[fromitem]
|-start|p1a: Iron Valiant|quarkdrivespe
|move|p2a: Goodra|Breaking Swipe|p1a: Iron Valiant
|-immune|p1a: Iron Valiant
|
|upkeep
|turn|14
|
|t:|1776092090
|move|p1a: Iron Valiant|Drain Punch|p2a: Goodra
|-supereffective|p2a: Goodra
|-damage|p2a: Goodra|0 fnt
|faint|p2a: Goodra
|
|upkeep
|
|t:|1776092096
|switch|p2a: Enamorus|Enamorus, F|100/100
|turn|15
|
|t:|1776092100
|move|p1a: Iron Valiant|Poison Jab|p2a: Enamorus
|-supereffective|p2a: Enamorus
|-damage|p2a: Enamorus|9/100
|move|p2a: Enamorus|Springtide Storm|p1a: Iron Valiant
|-supereffective|p1a: Iron Valiant
|-damage|p1a: Iron Valiant|0 fnt
|faint|p1a: Iron Valiant
|-end|p1a: Iron Valiant|Quark Drive|[silent]
|
|upkeep
|
|t:|1776092105
|switch|p1a: Raging Bolt|Raging Bolt|100/100
|-enditem|p1a: Raging Bolt|Booster Energy
|-activate|p1a: Raging Bolt|ability: Protosynthesis|[fromitem]
|-start|p1a: Raging Bolt|protosynthesisspa
|turn|16
|
|t:|1776092110
|move|p1a: Raging Bolt|Thunderclap|p2a: Enamorus
|-supereffective|p2a: Enamorus
|-damage|p2a: Enamorus|0 fnt
|faint|p2a: Enamorus
|
|upkeep
|
|t:|1776092113
|switch|p2a: Persian|Persian, F, shiny|21/100
|turn|17
|
|t:|1776092121
|move|p1a: Raging Bolt|Thunderbolt|p2a: Persian
|-damage|p2a: Persian|0 fnt
|faint|p2a: Persian
|
|upkeep
|
|t:|1776092123
|switch|p2a: Armarouge|Armarouge, F, shiny, tera:Grass|100/100
|turn|18
|
|t:|1776092128
|move|p1a: Raging Bolt|Dragon Pulse|p2a: Armarouge
|-damage|p2a: Armarouge|25/100
|move|p2a: Armarouge|Destiny Bond|p2a: Armarouge
|-singlemove|p2a: Armarouge|Destiny Bond
|
|upkeep
|turn|19
|
|t:|1776092135
|move|p1a: Raging Bolt|Dragon Pulse|p2a: Armarouge
|-damage|p2a: Armarouge|0 fnt
|faint|p2a: Armarouge
|-activate|p2a: Armarouge|move: Destiny Bond
|faint|p1a: Raging Bolt
|-end|p1a: Raging Bolt|Protosynthesis|[silent]
|
|win|draco211210
|raw|draco211210's rating: 1244 &rarr; <strong>1268</strong><br />(+24 for winning)
|raw|CilenTreeco's rating: 1226 &rarr; <strong>1202</strong><br />(-24 for losing)
|l|☆CilenTreeco
|player|p2|
|l|☆draco211210
|player|p1|
