|html|<div class="broadcast-blue"><strong>[Gen 9] OU is currently suspecting Tera Blast! For information on how to participate check out the <a href="https://www.smogon.com/tools/suspects/view/200">suspect thread</a>.</strong></div>
|j|☆Meowscarada_0907
|j|☆Harxton
|t:|1776079082
|gametype|singles
|player|p1|Meowscarada_0907|hilda-masters3|
|player|p2|Harxton|hilbert-wonderlauncher|
|gen|9
|tier|[Gen 9] OU
|rule|HP Percentage Mod: HP is shown in percentages
|rule|Endless Battle Clause: Forcing endless battles is banned
|rule|Species Clause: Limit one of each Pokémon
|rule|OHKO Clause: OHKO moves are banned
|rule|Evasion Items Clause: Evasion items are banned
|rule|Evasion Moves Clause: Evasion moves are banned
|rule|Evasion Abilities Clause: Evasion abilities are banned
|rule|Sleep Moves Clause: Sleep-inducing moves are banned
|clearpoke
|poke|p1|Raging Bolt|
|poke|p1|Iron Valiant|
|poke|p1|Corviknight, M|
|poke|p1|Landorus-Therian, M|
|poke|p1|Kingambit, M|
|poke|p1|Hatterene, F|
|poke|p2|Dragapult, F|
|poke|p2|Iron Valiant|
|poke|p2|Great Tusk|
|poke|p2|Gholdengo|
|poke|p2|Walking Wake|
|poke|p2|Kingambit, F|
|teampreview
|c|☆Meowscarada_0907|hmm..
|
|t:|1776079121
|teamsize|p1|6
|teamsize|p2|6
|start
|switch|p1a: HILF|Hatterene, F|100/100
|switch|p2a: Dragapult|Dragapult, F|100/100
|turn|1
|
|t:|1776079182
|switch|p2a: Gholdengo|Gholdengo|100/100
|move|p1a: HILF|Draining Kiss|p2a: Gholdengo
|-resisted|p2a: Gholdengo
|-damage|p2a: Gholdengo|85/100
|
|upkeep
|turn|2
|
|t:|1776079205
|switch|p1a: Cringe gambit|Kingambit, M, shiny|100/100
|move|p2a: Gholdengo|Make It Rain|p1a: Cringe gambit
|-resisted|p1a: Cringe gambit
|-damage|p1a: Cringe gambit|69/100
|-unboost|p2a: Gholdengo|spa|1
|
|upkeep
|turn|3
|
|t:|1776079235
|switch|p2a: Great Tusk|Great Tusk|100/100
|-end|p1a: Cringe gambit|fallenundefined|[silent]
|switch|p1a: HILF|Hatterene, F|100/100
|
|upkeep
|turn|4
|c|☆Meowscarada_0907|gotcha
|
|t:|1776079245
|move|p2a: Great Tusk|Close Combat|p1a: HILF
|-resisted|p1a: HILF
|-damage|p1a: HILF|89/100
|-unboost|p2a: Great Tusk|def|1
|-unboost|p2a: Great Tusk|spd|1
|move|p1a: HILF|Nuzzle|p2a: Great Tusk
|-immune|p2a: Great Tusk
|
|upkeep
|turn|5
|c|☆Meowscarada_0907|hmm..
|
|t:|1776079283
|move|p2a: Great Tusk|Earthquake|p1a: HILF
|-damage|p1a: HILF|46/100
|move|p1a: HILF|Mystical Fire|p2a: Great Tusk
|-damage|p2a: Great Tusk|52/100
|-unboost|p2a: Great Tusk|spa|1
|
|-heal|p2a: Great Tusk|58/100|[from] item: Leftovers
|upkeep
|turn|6
|
|t:|1776079295
|switch|p1a: Sam's Dad|Landorus-Therian, M|100/100
|-ability|p1a: Sam's Dad|Intimidate|boost
|-unboost|p2a: Great Tusk|atk|1
|move|p2a: Great Tusk|Earthquake|p1a: Sam's Dad
|-immune|p1a: Sam's Dad
|
|-heal|p2a: Great Tusk|65/100|[from] item: Leftovers
|upkeep
|turn|7
|
|t:|1776079329
|-end|p2a: Great Tusk|Protosynthesis|[silent]
|switch|p2a: Dragapult|Dragapult, F|100/100
|move|p1a: Sam's Dad|U-turn|p2a: Dragapult
|-resisted|p2a: Dragapult
|-damage|p2a: Dragapult|84/100
|
|t:|1776079341
|switch|p1a: HILF|Hatterene, F|46/100|[from] U-turn
|
|upkeep
|turn|8
|
|t:|1776079368
|move|p2a: Dragapult|Shadow Ball|p1a: HILF
|-supereffective|p1a: HILF
|-damage|p1a: HILF|0 fnt
|faint|p1a: HILF
|
|upkeep
|
|t:|1776079395
|switch|p1a: Enby Idol|Iron Valiant|100/100
|-enditem|p1a: Enby Idol|Booster Energy
|-activate|p1a: Enby Idol|ability: Quark Drive|[fromitem]
|-start|p1a: Enby Idol|quarkdrivespe
|turn|9
|
|t:|1776079424
|switch|p2a: Gholdengo|Gholdengo|85/100
|move|p1a: Enby Idol|Calm Mind|p1a: Enby Idol
|-boost|p1a: Enby Idol|spa|1
|-boost|p1a: Enby Idol|spd|1
|
|upkeep
|turn|10
|
|t:|1776079447
|move|p1a: Enby Idol|Shadow Ball|p2a: Gholdengo
|-supereffective|p2a: Gholdengo
|-damage|p2a: Gholdengo|0 fnt
|faint|p2a: Gholdengo
|
|upkeep
|c|☆Meowscarada_0907|hmm..
|
|t:|1776079485
|switch|p2a: Dragapult|Dragapult, F|84/100
|turn|11
|
|t:|1776079501
|move|p1a: Enby Idol|Moonblast|p2a: Dragapult
|-supereffective|p2a: Dragapult
|-damage|p2a: Dragapult|0 fnt
|faint|p2a: Dragapult
|
|upkeep
|c|☆Meowscarada_0907|your team is cooked against a booster energy valiant kido
|
|t:|1776079526
|switch|p2a: Kingambit|Kingambit, F|100/100
|-activate|p2a: Kingambit|ability: Supreme Overlord
|-start|p2a: Kingambit|fallen2|[silent]
|turn|12
|
|t:|1776079534
|move|p2a: Kingambit|Sucker Punch|p1a: Enby Idol
|-resisted|p1a: Enby Idol
|-damage|p1a: Enby Idol|81/100
|move|p1a: Enby Idol|Aura Sphere|p2a: Kingambit
|-supereffective|p2a: Kingambit
|-damage|p2a: Kingambit|0 fnt
|faint|p2a: Kingambit
|-end|p2a: Kingambit|fallen2|[silent]
|
|upkeep
|
|t:|1776079560
|switch|p2a: Great Tusk|Great Tusk|65/100
|turn|13
|
|t:|1776079569
|move|p1a: Enby Idol|Moonblast|p2a: Great Tusk
|-supereffective|p2a: Great Tusk
|-damage|p2a: Great Tusk|0 fnt
|faint|p2a: Great Tusk
|-end|p2a: Great Tusk|Protosynthesis|[silent]
|
|upkeep
|
|t:|1776079591
|switch|p2a: Iron Valiant|Iron Valiant|100/100
|-enditem|p2a: Iron Valiant|Booster Energy
|-activate|p2a: Iron Valiant|ability: Quark Drive|[fromitem]
|-start|p2a: Iron Valiant|quarkdrivespe
|turn|14
|
|t:|1776079602
|-terastallize|p1a: Enby Idol|Fairy
|move|p2a: Iron Valiant|Psyshock|p1a: Enby Idol
|-damage|p1a: Enby Idol|46/100
|move|p1a: Enby Idol|Moonblast|p2a: Iron Valiant
|-supereffective|p2a: Iron Valiant
|-damage|p2a: Iron Valiant|0 fnt
|faint|p2a: Iron Valiant
|-end|p2a: Iron Valiant|Quark Drive|[silent]
|
|upkeep
|c|☆Meowscarada_0907|sike
|
|t:|1776079613
|switch|p2a: Walking Wake|Walking Wake|100/100
|turn|15
|
|t:|1776079623
|-terastallize|p2a: Walking Wake|Water
|move|p1a: Enby Idol|Moonblast|p2a: Walking Wake
|-damage|p2a: Walking Wake|0 fnt
|faint|p2a: Walking Wake
|-end|p2a: Walking Wake|Protosynthesis|[silent]
|
|win|Meowscarada_0907
|c|☆Meowscarada_0907|ggs
