|html|<div class="broadcast-blue"><strong>[Gen 9] OU is currently suspecting Tera Blast! For information on how to participate check out the <a href="https://www.smogon.com/tools/suspects/view/200">suspect thread</a>.</strong></div>
|j|☆Dymazo
|j|☆fat chuds inc.
|t:|1776091990
|gametype|singles
|player|p1|Dymazo|beauty-gen4dp|1498
|player|p2|fat chuds inc.|collector|1499
|gen|9
|tier|[Gen 9] OU
|rated|
|rule|HP Percentage Mod: HP is shown in percentages
|rule|Endless Battle Clause: Forcing endless battles is banned
|rule|Species Clause: Limit one of each Pokémon
|rule|OHKO Clause: OHKO moves are banned
|rule|Evasion Items Clause: Evasion items are banned
|rule|Evasion Moves Clause: Evasion moves are banned
|rule|Evasion Abilities Clause: Evasion abilities are banned
|rule|Sleep Moves Clause: Sleep-inducing moves are banned
|clearpoke
|poke|p1|Kingambit, M|
|poke|p1|Gallade, M|
|poke|p1|Primarina, F|
|poke|p1|Corviknight, F|
|poke|p1|Landorus-Therian, M|
|poke|p1|Slowking-Galar, F|
|poke|p2|Maushold|
|poke|p2|Incineroar, F|
|poke|p2|Landorus-Therian, M|
|poke|p2|Azumarill, F|
|poke|p2|Slowking-Galar, F|
|poke|p2|Zamazenta-*|
|teampreview
|
|t:|1776092010
|teamsize|p1|6
|teamsize|p2|6
|start
|switch|p1a: kitty|Landorus-Therian, M|100/100
|switch|p2a: Landorus|Landorus-Therian, M|100/100
|-ability|p2a: Landorus|Intimidate|boost
|-unboost|p1a: kitty|atk|1
|-ability|p1a: kitty|Intimidate|boost
|-unboost|p2a: Landorus|atk|1
|turn|1
|
|t:|1776092020
|move|p2a: Landorus|Stealth Rock|p1a: kitty
|-sidestart|p1: Dymazo|move: Stealth Rock
|move|p1a: kitty|Stealth Rock|p2a: Landorus
|-sidestart|p2: fat chuds inc.|move: Stealth Rock
|
|upkeep
|turn|2
|
|t:|1776092027
|switch|p2a: Azumarill|Azumarill, F|100/100
|-damage|p2a: Azumarill|88/100|[from] Stealth Rock
|move|p1a: kitty|U-turn|p2a: Azumarill
|-resisted|p2a: Azumarill
|-damage|p2a: Azumarill|80/100
|
|t:|1776092050
|switch|p1a: Performative|Primarina, F|100/100|[from] U-turn
|-damage|p1a: Performative|88/100|[from] Stealth Rock
|
|upkeep
|turn|3
|inactive|Battle timer is ON: inactive players will automatically lose when time's up. (requested by Dymazo)
|
|t:|1776092067
|move|p1a: Performative|Energy Ball|p2a: Azumarill
|-supereffective|p2a: Azumarill
|-damage|p2a: Azumarill|17/100
|move|p2a: Azumarill|Play Rough|p1a: Performative
|-damage|p1a: Performative|2/100
|
|upkeep
|turn|4
|
|t:|1776092075
|move|p2a: Azumarill|Aqua Jet|p1a: Performative
|-resisted|p1a: Performative
|-damage|p1a: Performative|0 fnt
|faint|p1a: Performative
|
|upkeep
|
|t:|1776092086
|switch|p1a: Tungsten|Corviknight, F|100/100
|-damage|p1a: Tungsten|88/100|[from] Stealth Rock
|-ability|p1a: Tungsten|Pressure
|turn|5
|
|t:|1776092097
|move|p1a: Tungsten|Brave Bird|p2a: Azumarill
|-damage|p2a: Azumarill|0 fnt
|faint|p2a: Azumarill
|-damage|p1a: Tungsten|82/100|[from] Recoil
|
|upkeep
|
|t:|1776092102
|switch|p2a: Slowking|Slowking-Galar, F|100/100
|-damage|p2a: Slowking|88/100|[from] Stealth Rock
|turn|6
|
|t:|1776092109
|move|p1a: Tungsten|Defog|p2a: Slowking
|-unboost|p2a: Slowking|evasion|1
|-sideend|p2: fat chuds inc.|Stealth Rock|[from] move: Defog|[of] p1a: Tungsten
|-sideend|p1: Dymazo|Stealth Rock|[from] move: Defog|[of] p1a: Tungsten
|move|p2a: Slowking|Flamethrower|p1a: Tungsten
|-supereffective|p1a: Tungsten
|-damage|p1a: Tungsten|36/100
|
|upkeep
|turn|7
|
|t:|1776092118
|move|p1a: Tungsten|Roost|p1a: Tungsten
|-heal|p1a: Tungsten|86/100
|-singleturn|p1a: Tungsten|move: Roost
|move|p2a: Slowking|Flamethrower|p1a: Tungsten
|-supereffective|p1a: Tungsten
|-damage|p1a: Tungsten|34/100
|
|upkeep
|turn|8
|
|t:|1776092127
|move|p1a: Tungsten|Roost|p1a: Tungsten
|-heal|p1a: Tungsten|84/100
|-singleturn|p1a: Tungsten|move: Roost
|move|p2a: Slowking|Psyshock|p1a: Tungsten
|-resisted|p1a: Tungsten
|-damage|p1a: Tungsten|72/100
|
|upkeep
|turn|9
|
|t:|1776092137
|move|p1a: Tungsten|U-turn|p2a: Slowking
|-damage|p2a: Slowking|73/100
|
|t:|1776092142
|switch|p1a: Danny|Slowking-Galar, F|100/100|[from] U-turn
|move|p2a: Slowking|Flamethrower|p1a: Danny
|-damage|p1a: Danny|87/100
|
|upkeep
|turn|10
|
|t:|1776092154
|switch|p2a: Incineroar|Incineroar, F|100/100
|-ability|p2a: Incineroar|Intimidate|boost
|-unboost|p1a: Danny|atk|1
|move|p1a: Danny|Future Sight|p2a: Incineroar
|-start|p1a: Danny|move: Future Sight
|
|upkeep
|turn|11
|
|t:|1776092163
|switch|p1a: kitty|Landorus-Therian, M|100/100
|-ability|p1a: kitty|Intimidate|boost
|-unboost|p2a: Incineroar|atk|1
|move|p2a: Incineroar|Will-O-Wisp|p1a: kitty
|-status|p1a: kitty|brn
|
|-damage|p1a: kitty|94/100 brn|[from] brn
|upkeep
|turn|12
|
|t:|1776092173
|switch|p2a: Slowking|Slowking-Galar, F|100/100
|move|p1a: kitty|Earthquake|p2a: Slowking
|-supereffective|p2a: Slowking
|-damage|p2a: Slowking|55/100
|
|-end|p2a: Slowking|move: Future Sight
|-damage|p2a: Slowking|25/100
|-damage|p1a: kitty|88/100 brn|[from] brn
|upkeep
|turn|13
|
|t:|1776092186
|switch|p2a: Landorus|Landorus-Therian, M|100/100
|-ability|p2a: Landorus|Intimidate|boost
|-unboost|p1a: kitty|atk|1
|move|p1a: kitty|Stealth Rock|p2a: Landorus
|-sidestart|p2: fat chuds inc.|move: Stealth Rock
|
|-damage|p1a: kitty|82/100 brn|[from] brn
|upkeep
|turn|14
|
|t:|1776092196
|move|p2a: Landorus|Stealth Rock|p1a: kitty
|-sidestart|p1: Dymazo|move: Stealth Rock
|move|p1a: kitty|U-turn|p2a: Landorus
|-resisted|p2a: Landorus
|-damage|p2a: Landorus|96/100
|
|t:|1776092215
|switch|p1a: Danny|Slowking-Galar, F|100/100|[from] U-turn
|-damage|p1a: Danny|88/100|[from] Stealth Rock
|
|upkeep
|turn|15
|
|t:|1776092226
|switch|p2a: Incineroar|Incineroar, F|100/100
|-ability|p2a: Incineroar|Intimidate|boost
|-unboost|p1a: Danny|atk|1
|-terastallize|p1a: Danny|Water
|move|p1a: Danny|Future Sight|p2a: Incineroar
|-start|p1a: Danny|move: Future Sight
|
|upkeep
|turn|16
|
|t:|1776092235
|move|p2a: Incineroar|Knock Off|p1a: Danny
|-damage|p1a: Danny|50/100
|-enditem|p1a: Danny|Assault Vest|[from] move: Knock Off|[of] p2a: Incineroar
|move|p1a: Danny|Sludge Bomb|p2a: Incineroar
|-damage|p2a: Incineroar|70/100
|
|upkeep
|turn|17
|
|t:|1776092243
|move|p2a: Incineroar|Knock Off|p1a: Danny
|-damage|p1a: Danny|25/100
|move|p1a: Danny|Sludge Bomb|p2a: Incineroar
|-damage|p2a: Incineroar|41/100
|
|-end|p2a: Incineroar|move: Future Sight
|-immune|p2a: Incineroar
|upkeep
|turn|18
|
|t:|1776092253
|switch|p1a: Tungsten|Corviknight, F|72/100
|-damage|p1a: Tungsten|59/100|[from] Stealth Rock
|-ability|p1a: Tungsten|Pressure
|move|p2a: Incineroar|Knock Off|p1a: Tungsten
|-damage|p1a: Tungsten|35/100
|-damage|p2a: Incineroar|25/100|[from] item: Rocky Helmet|[of] p1a: Tungsten
|-enditem|p1a: Tungsten|Rocky Helmet|[from] move: Knock Off|[of] p2a: Incineroar
|
|upkeep
|turn|19
|
|t:|1776092266
|switch|p1a: Danny|Slowking-Galar, F, tera:Water|59/100
|-damage|p1a: Danny|46/100|[from] Stealth Rock
|move|p2a: Incineroar|Will-O-Wisp|p1a: Danny
|-status|p1a: Danny|brn
|
|-damage|p1a: Danny|40/100 brn|[from] brn
|upkeep
|turn|20
|
|t:|1776092275
|move|p2a: Incineroar|Knock Off|p1a: Danny
|-damage|p1a: Danny|15/100 brn
|move|p1a: Danny|Sludge Bomb|p2a: Incineroar
|-damage|p2a: Incineroar|0 fnt
|faint|p2a: Incineroar
|
|-damage|p1a: Danny|9/100 brn|[from] brn
|upkeep
|
|t:|1776092284
|switch|p2a: Slowking|Slowking-Galar, F|59/100
|-damage|p2a: Slowking|46/100|[from] Stealth Rock
|turn|21
|
|t:|1776092291
|switch|p1a: kitty|Landorus-Therian, M|82/100 brn
|-damage|p1a: kitty|70/100 brn|[from] Stealth Rock
|-ability|p1a: kitty|Intimidate|boost
|-unboost|p2a: Slowking|atk|1
|move|p2a: Slowking|Flamethrower|p1a: kitty
|-damage|p1a: kitty|39/100 brn
|-enditem|p1a: kitty|Sitrus Berry|[eat]
|-heal|p1a: kitty|64/100 brn|[from] item: Sitrus Berry
|
|-damage|p1a: kitty|58/100 brn|[from] brn
|upkeep
|turn|22
|
|t:|1776092311
|switch|p1a: Danny|Slowking-Galar, F, tera:Water|43/100 brn
|-damage|p1a: Danny|30/100 brn|[from] Stealth Rock
|switch|p2a: Landorus|Landorus-Therian, M|96/100
|-damage|p2a: Landorus|84/100|[from] Stealth Rock
|-ability|p2a: Landorus|Intimidate|boost
|-unboost|p1a: Danny|atk|1
|
|-damage|p1a: Danny|24/100 brn|[from] brn
|upkeep
|turn|23
|
|t:|1776092322
|switch|p1a: Tungsten|Corviknight, F|35/100
|-damage|p1a: Tungsten|22/100|[from] Stealth Rock
|-ability|p1a: Tungsten|Pressure
|move|p2a: Landorus|U-turn|p1a: Tungsten
|-resisted|p1a: Tungsten
|-damage|p1a: Tungsten|18/100
|
|t:|1776092337
|switch|p2a: Maushold|Maushold|100/100|[from] U-turn
|-damage|p2a: Maushold|88/100|[from] Stealth Rock
|
|upkeep
|turn|24
|
|t:|1776092343
|move|p2a: Maushold|Tidy Up|p2a: Maushold
|-sideend|p2: fat chuds inc.|Stealth Rock
|-sideend|p1: Dymazo|Stealth Rock
|-activate|p2a: Maushold|move: Tidy Up
|-boost|p2a: Maushold|atk|1
|-boost|p2a: Maushold|spe|1
|move|p1a: Tungsten|Roost|p1a: Tungsten
|-heal|p1a: Tungsten|68/100
|-singleturn|p1a: Tungsten|move: Roost
|
|upkeep
|turn|25
|
|t:|1776092354
|move|p2a: Maushold|Encore|p1a: Tungsten
|-start|p1a: Tungsten|Encore
|move|p1a: Tungsten|Roost|p1a: Tungsten
|-heal|p1a: Tungsten|100/100
|-singleturn|p1a: Tungsten|move: Roost
|
|upkeep
|turn|26
|
|t:|1776092362
|switch|p1a: kitty|Landorus-Therian, M|58/100 brn
|-ability|p1a: kitty|Intimidate|boost
|-unboost|p2a: Maushold|atk|1
|move|p2a: Maushold|Tidy Up|p2a: Maushold
|-boost|p2a: Maushold|atk|1
|-boost|p2a: Maushold|spe|1
|
|-damage|p1a: kitty|52/100 brn|[from] brn
|upkeep
|turn|27
|
|t:|1776092372
|move|p2a: Maushold|Population Bomb|p1a: kitty
|-damage|p1a: kitty|41/100 brn
|-damage|p1a: kitty|29/100 brn
|-damage|p1a: kitty|18/100 brn
|-damage|p1a: kitty|6/100 brn
|-damage|p1a: kitty|0 fnt
|faint|p1a: kitty
|-hitcount|p1: kitty|5
|
|upkeep
|
|t:|1776092388
|switch|p1a: Tungsten|Corviknight, F|100/100
|-ability|p1a: Tungsten|Pressure
|turn|28
|
|t:|1776092392
|move|p2a: Maushold|Population Bomb|p1a: Tungsten
|-resisted|p1a: Tungsten
|-damage|p1a: Tungsten|95/100
|-resisted|p1a: Tungsten
|-damage|p1a: Tungsten|90/100
|-resisted|p1a: Tungsten
|-damage|p1a: Tungsten|84/100
|-resisted|p1a: Tungsten
|-damage|p1a: Tungsten|79/100
|-resisted|p1a: Tungsten
|-damage|p1a: Tungsten|74/100
|-resisted|p1a: Tungsten
|-damage|p1a: Tungsten|68/100
|-resisted|p1a: Tungsten
|-damage|p1a: Tungsten|63/100
|-resisted|p1a: Tungsten
|-damage|p1a: Tungsten|58/100
|-resisted|p1a: Tungsten
|-damage|p1a: Tungsten|52/100
|-resisted|p1a: Tungsten
|-damage|p1a: Tungsten|47/100
|-hitcount|p1a: Tungsten|10
|move|p1a: Tungsten|Brave Bird|p2a: Maushold
|-damage|p2a: Maushold|32/100
|-damage|p1a: Tungsten|34/100|[from] Recoil
|
|upkeep
|turn|29
|
|t:|1776092414
|move|p2a: Maushold|Population Bomb|p1a: Tungsten
|-resisted|p1a: Tungsten
|-damage|p1a: Tungsten|29/100
|-resisted|p1a: Tungsten
|-damage|p1a: Tungsten|24/100
|-resisted|p1a: Tungsten
|-damage|p1a: Tungsten|19/100
|-resisted|p1a: Tungsten
|-crit|p1a: Tungsten
|-damage|p1a: Tungsten|11/100
|-resisted|p1a: Tungsten
|-damage|p1a: Tungsten|6/100
|-resisted|p1a: Tungsten
|-crit|p1a: Tungsten
|-damage|p1a: Tungsten|0 fnt
|faint|p1a: Tungsten
|-hitcount|p1: Tungsten|6
|
|upkeep
|
|t:|1776092428
|switch|p1a: Knife|Kingambit, M|100/100
|-activate|p1a: Knife|ability: Supreme Overlord
|-start|p1a: Knife|fallen3|[silent]
|turn|30
|
|t:|1776092432
|move|p2a: Maushold|Population Bomb|p1a: Knife
|-resisted|p1a: Knife
|-damage|p1a: Knife|94/100
|-resisted|p1a: Knife
|-damage|p1a: Knife|88/100
|-resisted|p1a: Knife
|-damage|p1a: Knife|83/100
|-resisted|p1a: Knife
|-damage|p1a: Knife|77/100
|-resisted|p1a: Knife
|-damage|p1a: Knife|71/100
|-resisted|p1a: Knife
|-damage|p1a: Knife|65/100
|-resisted|p1a: Knife
|-damage|p1a: Knife|59/100
|-resisted|p1a: Knife
|-damage|p1a: Knife|53/100
|-resisted|p1a: Knife
|-damage|p1a: Knife|47/100
|-resisted|p1a: Knife
|-damage|p1a: Knife|40/100
|-hitcount|p1a: Knife|10
|move|p1a: Knife|Kowtow Cleave|p2a: Maushold
|-damage|p2a: Maushold|0 fnt
|faint|p2a: Maushold
|
|-heal|p1a: Knife|46/100|[from] item: Leftovers
|upkeep
|
|t:|1776092436
|switch|p2a: Landorus|Landorus-Therian, M|84/100
|-ability|p2a: Landorus|Intimidate|boost
|-unboost|p1a: Knife|atk|1
|turn|31
|
|t:|1776092463
|-end|p1a: Knife|fallen3|[silent]
|switch|p1a: Twink|Gallade, M|100/100
|move|p2a: Landorus|Earthquake|p1a: Twink
|-damage|p1a: Twink|10/100
|
|upkeep
|turn|32
|
|t:|1776092472
|move|p2a: Landorus|Earthquake|p1a: Twink
|-damage|p1a: Twink|0 fnt
|faint|p1a: Twink
|
|upkeep
|
|t:|1776092477
|switch|p1a: Knife|Kingambit, M|46/100
|-activate|p1a: Knife|ability: Supreme Overlord
|-start|p1a: Knife|fallen4|[silent]
|turn|33
|
|t:|1776092485
|switch|p2a: Slowking|Slowking-Galar, F|80/100
|move|p1a: Knife|Sucker Punch||[still]
|-fail|p1a: Knife
|
|-heal|p1a: Knife|52/100|[from] item: Leftovers
|upkeep
|turn|34
|
|t:|1776092493
|move|p1a: Knife|Sucker Punch|p2a: Slowking
|-supereffective|p2a: Slowking
|-crit|p2a: Slowking
|-damage|p2a: Slowking|0 fnt
|faint|p2a: Slowking
|
|-heal|p1a: Knife|58/100|[from] item: Leftovers
|upkeep
|
|t:|1776092496
|switch|p2a: Landorus|Landorus-Therian, M|84/100
|-ability|p2a: Landorus|Intimidate|boost
|-unboost|p1a: Knife|atk|1
|turn|35
|
|t:|1776092503
|-end|p1a: Knife|fallen4|[silent]
|switch|p1a: Danny|Slowking-Galar, F, tera:Water|57/100 brn
|move|p2a: Landorus|Earthquake|p1a: Danny
|-damage|p1a: Danny|2/100 brn
|
|-damage|p1a: Danny|0 fnt|[from] brn
|faint|p1a: Danny
|upkeep
|
|t:|1776092512
|switch|p1a: Knife|Kingambit, M|58/100
|-activate|p1a: Knife|ability: Supreme Overlord
|-start|p1a: Knife|fallen5|[silent]
|turn|36
|inactive|fat chuds inc. has 120 seconds left.
|inactive|Dymazo has 120 seconds left.
|
|t:|1776092557
|move|p2a: Landorus|Earthquake|p1a: Knife
|-supereffective|p1a: Knife
|-damage|p1a: Knife|0 fnt
|faint|p1a: Knife
|-end|p1a: Knife|fallen5|[silent]
|
|win|fat chuds inc.
|raw|Dymazo's rating: 1498 &rarr; <strong>1478</strong><br />(-20 for losing)
|raw|fat chuds inc.'s rating: 1499 &rarr; <strong>1519</strong><br />(+20 for winning)
|l|☆Dymazo
|player|p1|
|l|☆fat chuds inc.
|player|p2|
