|html|<div class="broadcast-blue"><strong>[Gen 9] OU is currently suspecting Volcarona! For information on how to participate check out the <a href="https://www.smogon.com/tools/suspects/view/208">suspect thread</a>.</strong></div>
|j|☆SWAGGER_W2F
|j|☆Nobodyandno-one
|t:|1778504891
|gametype|singles
|player|p1|SWAGGER_W2F|flint|1555
|player|p2|Nobodyandno-one|lady-gen4|1576
|gen|9
|tier|[Gen 9] OU
|rated|
|rule|HP Percentage Mod: HP is shown in percentages
|rule|Endless Battle Clause: Forcing endless battles is banned
|rule|Species Clause: Limit one of each Pokémon
|rule|OHKO Clause: OHKO moves are banned
|rule|Evasion Items Clause: Evasion items are banned
|rule|Evasion Moves Clause: Evasion moves are banned
|rule|Evasion Abilities Clause: Evasion abilities are banned
|rule|Sleep Moves Clause: Sleep-inducing moves are banned
|clearpoke
|poke|p1|Raging Bolt|
|poke|p1|Iron Valiant|
|poke|p1|Ceruledge, F|
|poke|p1|Iron Boulder|
|poke|p1|Ogerpon-Wellspring, F|
|poke|p1|Corviknight, M|
|poke|p2|Ogerpon-Wellspring, F|
|poke|p2|Samurott-Hisui, M|
|poke|p2|Gholdengo|
|poke|p2|Iron Treads|
|poke|p2|Volcarona, F|
|poke|p2|Zapdos|
|teampreview
|inactive|Battle timer is ON: inactive players will automatically lose when time's up. (requested by Nobodyandno-one)
|inactive|Nobodyandno-one has 120 seconds left.
|
|t:|1778504925
|teamsize|p1|6
|teamsize|p2|6
|start
|switch|p1a: Iron Valiant|Iron Valiant|100/100
|switch|p2a: iTs NoTa PhAsE mOm|Samurott-Hisui, M|100/100
|turn|1
|
|t:|1778504932
|switch|p2a: Noodle Guy|Gholdengo|100/100
|move|p1a: Iron Valiant|Moonblast|p2a: Noodle Guy
|-resisted|p2a: Noodle Guy
|-damage|p2a: Noodle Guy|73/100
|
|upkeep
|turn|2
|
|t:|1778504939
|-end|p1a: Iron Valiant|Quark Drive|[silent]
|switch|p1a: Corviknight|Corviknight, M|100/100
|-ability|p1a: Corviknight|Pressure
|move|p2a: Noodle Guy|Make It Rain|p1a: Corviknight
|-resisted|p1a: Corviknight
|-damage|p1a: Corviknight|73/100
|-unboost|p2a: Noodle Guy|spa|1
|
|-heal|p1a: Corviknight|79/100|[from] item: Leftovers
|upkeep
|turn|3
|
|t:|1778504952
|switch|p2a: Zappy Boi|Zapdos|100/100
|move|p1a: Corviknight|U-turn|p2a: Zappy Boi
|-resisted|p2a: Zappy Boi
|-damage|p2a: Zappy Boi|95/100
|
|t:|1778504957
|switch|p1a: Iron Boulder|Iron Boulder|100/100|[from] U-turn
|
|upkeep
|turn|4
|inactive|Nobodyandno-one has 120 seconds left.
|inactive|Nobodyandno-one has 90 seconds left.
|
|t:|1778505019
|-terastallize|p2a: Zappy Boi|Steel
|move|p1a: Iron Boulder|Mighty Cleave|p2a: Zappy Boi
|-resisted|p2a: Zappy Boi
|-damage|p2a: Zappy Boi|71/100
|move|p2a: Zappy Boi|Thunder Wave|p1a: Iron Boulder
|-status|p1a: Iron Boulder|par
|
|upkeep
|turn|5
|
|t:|1778505032
|-end|p1a: Iron Boulder|Quark Drive|[silent]
|switch|p1a: Raging Bolt|Raging Bolt|100/100
|move|p2a: Zappy Boi|Volt Switch|p1a: Raging Bolt
|-resisted|p1a: Raging Bolt
|-damage|p1a: Raging Bolt|95/100
|inactive|Nobodyandno-one has 90 seconds left.
|
|t:|1778505068
|switch|p2a: Mr. Fuck Face|Iron Treads|100/100|[from] Volt Switch
|
|-heal|p1a: Raging Bolt|100/100|[from] item: Leftovers
|upkeep
|turn|6
|
|t:|1778505079
|-end|p1a: Raging Bolt|Protosynthesis|[silent]
|switch|p1a: Ogerpon|Ogerpon-Wellspring, F|100/100
|move|p2a: Mr. Fuck Face|Stealth Rock|p1a: Ogerpon
|-sidestart|p1: SWAGGER_W2F|move: Stealth Rock
|
|upkeep
|turn|7
|
|t:|1778505088
|-end|p2a: Mr. Fuck Face|Quark Drive|[silent]
|switch|p2a: Absolute Buns|Ogerpon-Wellspring, F|100/100
|move|p1a: Ogerpon|Swords Dance|p1a: Ogerpon
|-boost|p1a: Ogerpon|atk|2
|
|upkeep
|turn|8
|
|t:|1778505094
|move|p2a: Absolute Buns|Encore|p1a: Ogerpon
|-start|p1a: Ogerpon|Encore
|move|p1a: Ogerpon|Swords Dance|p1a: Ogerpon
|-boost|p1a: Ogerpon|atk|2
|
|upkeep
|turn|9
|
|t:|1778505102
|switch|p1a: Raging Bolt|Raging Bolt|100/100
|-damage|p1a: Raging Bolt|88/100|[from] Stealth Rock
|move|p2a: Absolute Buns|Play Rough|p1a: Raging Bolt
|-supereffective|p1a: Raging Bolt
|-damage|p1a: Raging Bolt|41/100
|-unboost|p1a: Raging Bolt|atk|1
|
|-heal|p1a: Raging Bolt|48/100|[from] item: Leftovers
|upkeep
|turn|10
|
|t:|1778505114
|switch|p2a: Mr. Fuck Face|Iron Treads|100/100
|-end|p1a: Raging Bolt|Protosynthesis|[silent]
|switch|p1a: Corviknight|Corviknight, M|79/100
|-damage|p1a: Corviknight|67/100|[from] Stealth Rock
|-ability|p1a: Corviknight|Pressure
|
|-heal|p1a: Corviknight|73/100|[from] item: Leftovers
|upkeep
|turn|11
|
|t:|1778505124
|-end|p2a: Mr. Fuck Face|Quark Drive|[silent]
|switch|p2a: Noodle Guy|Gholdengo|73/100
|move|p1a: Corviknight|U-turn|p2a: Noodle Guy
|-resisted|p2a: Noodle Guy
|-damage|p2a: Noodle Guy|69/100
|
|t:|1778505132
|switch|p1a: Ceruledge|Ceruledge, F|100/100|[from] U-turn
|-damage|p1a: Ceruledge|76/100|[from] Stealth Rock
|
|upkeep
|turn|12
|inactive|Nobodyandno-one has 120 seconds left.
|
|t:|1778505163
|switch|p2a: iTs NoTa PhAsE mOm|Samurott-Hisui, M|100/100
|move|p1a: Ceruledge|Bitter Blade|p2a: iTs NoTa PhAsE mOm
|-resisted|p2a: iTs NoTa PhAsE mOm
|-damage|p2a: iTs NoTa PhAsE mOm|74/100
|-heal|p1a: Ceruledge|90/100|[from] drain|[of] p2a: iTs NoTa PhAsE mOm
|
|upkeep
|turn|13
|
|t:|1778505182
|switch|p1a: Raging Bolt|Raging Bolt|48/100
|-damage|p1a: Raging Bolt|35/100|[from] Stealth Rock
|move|p2a: iTs NoTa PhAsE mOm|Ceaseless Edge|p1a: Raging Bolt
|-damage|p1a: Raging Bolt|6/100
|-sidestart|p1: SWAGGER_W2F|Spikes
|
|-heal|p1a: Raging Bolt|12/100|[from] item: Leftovers
|upkeep
|turn|14
|
|t:|1778505192
|move|p2a: iTs NoTa PhAsE mOm|Ceaseless Edge|p1a: Raging Bolt
|-damage|p1a: Raging Bolt|0 fnt
|-sidestart|p1: SWAGGER_W2F|Spikes
|faint|p1a: Raging Bolt
|-end|p1a: Raging Bolt|Protosynthesis|[silent]
|
|upkeep
|
|t:|1778505198
|switch|p1a: Ogerpon|Ogerpon-Wellspring, F|100/100
|-damage|p1a: Ogerpon|88/100|[from] Stealth Rock
|-damage|p1a: Ogerpon|72/100|[from] Spikes
|turn|15
|
|t:|1778505203
|move|p1a: Ogerpon|Trailblaze|p2a: iTs NoTa PhAsE mOm
|-supereffective|p2a: iTs NoTa PhAsE mOm
|-damage|p2a: iTs NoTa PhAsE mOm|6/100
|-boost|p1a: Ogerpon|spe|1
|move|p2a: iTs NoTa PhAsE mOm|Ceaseless Edge|p1a: Ogerpon
|-damage|p1a: Ogerpon|19/100
|-sidestart|p1: SWAGGER_W2F|Spikes
|
|upkeep
|turn|16
|
|t:|1778505213
|move|p2a: iTs NoTa PhAsE mOm|Sucker Punch|p1a: Ogerpon
|-damage|p1a: Ogerpon|0 fnt
|faint|p1a: Ogerpon
|
|upkeep
|-message|SWAGGER_W2F forfeited.
|
|win|Nobodyandno-one
|raw|SWAGGER_W2F's rating: 1555 &rarr; <strong>1536</strong><br />(-19 for losing)
|raw|Nobodyandno-one's rating: 1576 &rarr; <strong>1595</strong><br />(+19 for winning)
|l|☆SWAGGER_W2F
|player|p1|
|l|☆Nobodyandno-one
|player|p2|
|j|☆Nobodyandno-one
|player|p2|Nobodyandno-one|lady-gen4|
