|html|<div class="broadcast-blue"><strong>[Gen 9] OU is currently suspecting Tera Blast! For information on how to participate check out the <a href="https://www.smogon.com/tools/suspects/view/200">suspect thread</a>.</strong></div>
|j|☆GamerBred
|j|☆thatpronewb
|t:|1776112347
|gametype|singles
|player|p1|GamerBred|blue|1045
|player|p2|thatpronewb|veteran|1054
|gen|9
|tier|[Gen 9] OU
|rated|
|rule|HP Percentage Mod: HP is shown in percentages
|rule|Endless Battle Clause: Forcing endless battles is banned
|rule|Species Clause: Limit one of each Pokémon
|rule|OHKO Clause: OHKO moves are banned
|rule|Evasion Items Clause: Evasion items are banned
|rule|Evasion Moves Clause: Evasion moves are banned
|rule|Evasion Abilities Clause: Evasion abilities are banned
|rule|Sleep Moves Clause: Sleep-inducing moves are banned
|clearpoke
|poke|p1|Cinderace, M|
|poke|p1|Gardevoir, F|
|poke|p1|Mienshao, M|
|poke|p1|Flygon, M|
|poke|p1|Feraligatr, F|
|poke|p1|Serperior, F|
|poke|p2|Kingambit, M|
|poke|p2|Iron Treads|
|poke|p2|Sinistcha|
|poke|p2|Excadrill, F|
|poke|p2|Fezandipiti, M|
|poke|p2|Scizor, F|
|teampreview
|j| ohko_smeargle
|c|☆GamerBred|not this guy again
|
|t:|1776112361
|teamsize|p1|6
|teamsize|p2|6
|start
|switch|p1a: Mienshao|Mienshao, M|100/100
|switch|p2a: Excadrill|Excadrill, F|100/100
|-ability|p2a: Excadrill|Mold Breaker
|turn|1
|c|☆GamerBred|ohko has been watching most my games T-T
|
|t:|1776112381
|move|p1a: Mienshao|Fake Out|p2a: Excadrill
|-resisted|p2a: Excadrill
|-damage|p2a: Excadrill|91/100
|cant|p2a: Excadrill|flinch
|
|-heal|p2a: Excadrill|97/100|[from] item: Leftovers
|upkeep
|turn|2
|
|t:|1776112387
|move|p1a: Mienshao|Close Combat|p2a: Excadrill
|-supereffective|p2a: Excadrill
|-damage|p2a: Excadrill|0 fnt
|-unboost|p1a: Mienshao|def|1
|-unboost|p1a: Mienshao|spd|1
|faint|p2a: Excadrill
|
|upkeep
|
|t:|1776112395
|switch|p2a: Fezandipiti|Fezandipiti, M|100/100
|turn|3
|
|t:|1776112401
|switch|p1a: Gardevoir|Gardevoir, F|100/100
|move|p2a: Fezandipiti|Poison Jab|p1a: Gardevoir
|-supereffective|p1a: Gardevoir
|-damage|p1a: Gardevoir|0 fnt
|faint|p1a: Gardevoir
|
|upkeep
|
|t:|1776112409
|switch|p1a: Flygon|Flygon, M|100/100
|turn|4
|
|t:|1776112418
|-terastallize|p1a: Flygon|Ground
|move|p1a: Flygon|Earthquake|p2a: Fezandipiti
|-supereffective|p2a: Fezandipiti
|-damage|p2a: Fezandipiti|0 fnt
|faint|p2a: Fezandipiti
|-damage|p1a: Flygon|91/100|[from] item: Life Orb
|
|upkeep
|
|t:|1776112435
|switch|p2a: Sinistcha|Sinistcha|100/100
|turn|5
|
|t:|1776112446
|switch|p1a: Feraligatr|Feraligatr, F|100/100
|move|p2a: Sinistcha|Matcha Gotcha|p1a: Feraligatr
|-supereffective|p1a: Feraligatr
|-damage|p1a: Feraligatr|0 fnt
|faint|p1a: Feraligatr
|
|upkeep
|
|t:|1776112455
|switch|p1a: Cinderace|Cinderace, M|100/100
|turn|6
|
|t:|1776112460
|move|p1a: Cinderace|Pyro Ball|p2a: Sinistcha
|-supereffective|p2a: Sinistcha
|-damage|p2a: Sinistcha|44/100
|-status|p2a: Sinistcha|brn
|move|p2a: Sinistcha|Scald|p1a: Cinderace
|-supereffective|p1a: Cinderace
|-damage|p1a: Cinderace|24/100
|
|-damage|p2a: Sinistcha|42/100 brn|[from] brn
|upkeep
|turn|7
|
|t:|1776112471
|move|p1a: Cinderace|Pyro Ball|p2a: Sinistcha
|-supereffective|p2a: Sinistcha
|-damage|p2a: Sinistcha|0 fnt
|faint|p2a: Sinistcha
|
|upkeep
|
|t:|1776112473
|switch|p2a: Scizor|Scizor, F|100/100
|turn|8
|
|t:|1776112479
|move|p1a: Cinderace|Pyro Ball|p2a: Scizor
|-supereffective|p2a: Scizor
|-enditem|p2a: Scizor|Occa Berry|[eat]
|-enditem|p2a: Scizor|Occa Berry|[weaken]
|-damage|p2a: Scizor|0 fnt
|faint|p2a: Scizor
|
|upkeep
|
|t:|1776112487
|switch|p2a: Iron Treads|Iron Treads|100/100
|-enditem|p2a: Iron Treads|Booster Energy
|-activate|p2a: Iron Treads|ability: Quark Drive|[fromitem]
|-start|p2a: Iron Treads|quarkdrivespe
|turn|9
|
|t:|1776112495
|move|p2a: Iron Treads|Knock Off|p1a: Cinderace
|-damage|p1a: Cinderace|0 fnt
|faint|p1a: Cinderace
|
|upkeep
|
|t:|1776112500
|switch|p1a: Serperior|Serperior, F|100/100
|turn|10
|
|t:|1776112503
|move|p2a: Iron Treads|Ice Spinner|p1a: Serperior
|-supereffective|p1a: Serperior
|-damage|p1a: Serperior|40/100
|move|p1a: Serperior|Leaf Storm|p2a: Iron Treads
|-damage|p2a: Iron Treads|32/100
|-boost|p1a: Serperior|spa|2
|
|-heal|p1a: Serperior|46/100|[from] item: Leftovers
|upkeep
|turn|11
|
|t:|1776112514
|move|p2a: Iron Treads|Ice Spinner|p1a: Serperior
|-supereffective|p1a: Serperior
|-damage|p1a: Serperior|0 fnt
|faint|p1a: Serperior
|
|upkeep
|
|t:|1776112519
|switch|p1a: Mienshao|Mienshao, M|100/100
|turn|12
|
|t:|1776112534
|move|p1a: Mienshao|Fake Out|p2a: Iron Treads
|-resisted|p2a: Iron Treads
|-damage|p2a: Iron Treads|25/100
|cant|p2a: Iron Treads|flinch
|
|upkeep
|turn|13
|
|t:|1776112540
|move|p2a: Iron Treads|Iron Head|p1a: Mienshao
|-damage|p1a: Mienshao|35/100
|-enditem|p1a: Mienshao|Sitrus Berry|[eat]
|-heal|p1a: Mienshao|60/100|[from] item: Sitrus Berry
|move|p1a: Mienshao|Close Combat|p2a: Iron Treads
|-supereffective|p2a: Iron Treads
|-damage|p2a: Iron Treads|0 fnt
|-unboost|p1a: Mienshao|def|1
|-unboost|p1a: Mienshao|spd|1
|faint|p2a: Iron Treads
|-end|p2a: Iron Treads|Quark Drive|[silent]
|
|upkeep
|
|t:|1776112543
|switch|p2a: Kingambit|Kingambit, M|100/100
|-activate|p2a: Kingambit|ability: Supreme Overlord
|-start|p2a: Kingambit|fallen5|[silent]
|turn|14
|
|t:|1776112554
|switch|p1a: Flygon|Flygon, M, tera:Ground|91/100
|-terastallize|p2a: Kingambit|Flying
|move|p2a: Kingambit|Swords Dance|p2a: Kingambit
|-boost|p2a: Kingambit|atk|2
|
|upkeep
|turn|15
|
|t:|1776112569
|move|p2a: Kingambit|Sucker Punch|p1a: Flygon
|-damage|p1a: Flygon|0 fnt
|faint|p1a: Flygon
|
|upkeep
|
|t:|1776112573
|switch|p1a: Mienshao|Mienshao, M|60/100
|turn|16
|
|t:|1776112579
|move|p1a: Mienshao|Fake Out|p2a: Kingambit
|-damage|p2a: Kingambit|91/100
|cant|p2a: Kingambit|flinch
|
|upkeep
|turn|17
|
|t:|1776112586
|move|p1a: Mienshao|Stone Edge|p2a: Kingambit
|-supereffective|p2a: Kingambit
|-damage|p2a: Kingambit|39/100
|move|p2a: Kingambit|Iron Head|p1a: Mienshao
|-damage|p1a: Mienshao|0 fnt
|faint|p1a: Mienshao
|
|win|thatpronewb
|raw|GamerBred's rating: 1045 &rarr; <strong>1029</strong><br />(-16 for losing)
|raw|thatpronewb's rating: 1054 &rarr; <strong>1085</strong><br />(+31 for winning)
|l| ohko_smeargle
