|html|<div class="broadcast-blue"><strong>[Gen 9] OU is currently suspecting Tera Blast! For information on how to participate check out the <a href="https://www.smogon.com/tools/suspects/view/200">suspect thread</a>.</strong></div>
|j|☆LLCDoubleOG
|j|☆piunicoulours
|t:|1776285366
|gametype|singles
|player|p1|LLCDoubleOG|dancer|1369
|player|p2|piunicoulours|102|1358
|gen|9
|tier|[Gen 9] OU
|rated|
|rule|HP Percentage Mod: HP is shown in percentages
|rule|Endless Battle Clause: Forcing endless battles is banned
|rule|Species Clause: Limit one of each Pokémon
|rule|OHKO Clause: OHKO moves are banned
|rule|Evasion Items Clause: Evasion items are banned
|rule|Evasion Moves Clause: Evasion moves are banned
|rule|Evasion Abilities Clause: Evasion abilities are banned
|rule|Sleep Moves Clause: Sleep-inducing moves are banned
|clearpoke
|poke|p1|Ogerpon-Wellspring, F|
|poke|p1|Hatterene, F|
|poke|p1|Kyurem|
|poke|p1|Landorus-Therian, M|
|poke|p1|Iron Crown|
|poke|p1|Clefable, M|
|poke|p2|Latias, F|
|poke|p2|Weavile, F|
|poke|p2|Dragonite, F|
|poke|p2|Great Tusk|
|poke|p2|Slowking-Galar, F|
|poke|p2|Meowscarada, F|
|teampreview
|inactive|Battle timer is ON: inactive players will automatically lose when time's up. (requested by LLCDoubleOG)
|j| couchthulhu
|
|t:|1776285380
|teamsize|p1|6
|teamsize|p2|6
|start
|switch|p1a: Kyurem|Kyurem, shiny|100/100
|switch|p2a: Meowscarada|Meowscarada, F|100/100
|-ability|p1a: Kyurem|Pressure
|turn|1
|
|t:|1776285386
|move|p1a: Kyurem|Ice Beam|p2a: Meowscarada
|-supereffective|p2a: Meowscarada
|-damage|p2a: Meowscarada|0 fnt
|faint|p2a: Meowscarada
|
|upkeep
|
|t:|1776285390
|switch|p2a: Weavile|Weavile, F|100/100
|-ability|p2a: Weavile|Pressure
|turn|2
|
|t:|1776285394
|switch|p1a: Clefable|Clefable, M|100/100
|move|p2a: Weavile|Swords Dance|p2a: Weavile
|-boost|p2a: Weavile|atk|2
|
|upkeep
|turn|3
|
|t:|1776285398
|move|p2a: Weavile|Triple Axel|p1a: Clefable|[miss]
|-miss|p2a: Weavile|p1a: Clefable
|move|p1a: Clefable|Moonblast|p2a: Weavile
|-supereffective|p2a: Weavile
|-damage|p2a: Weavile|0 fnt
|faint|p2a: Weavile
|
|upkeep
|
|t:|1776285403
|switch|p2a: Slowking|Slowking-Galar, F|100/100
|turn|4
|
|t:|1776285405
|move|p1a: Clefable|Thunder Wave|p2a: Slowking
|-status|p2a: Slowking|par
|move|p2a: Slowking|Sludge Wave|p1a: Clefable
|-supereffective|p1a: Clefable
|-damage|p1a: Clefable|39/100
|
|upkeep
|turn|5
|
|t:|1776285409
|switch|p1a: Iron Crown|Iron Crown|100/100
|move|p2a: Slowking|Future Sight|p1a: Iron Crown
|-start|p2a: Slowking|move: Future Sight
|
|upkeep
|turn|6
|
|t:|1776285414
|move|p1a: Iron Crown|Future Sight|p2a: Slowking
|-start|p1a: Iron Crown|move: Future Sight
|move|p2a: Slowking|Flamethrower|p1a: Iron Crown
|-supereffective|p1a: Iron Crown
|-damage|p1a: Iron Crown|55/100
|
|upkeep
|turn|7
|
|t:|1776285419
|move|p1a: Iron Crown|Calm Mind|p1a: Iron Crown
|-boost|p1a: Iron Crown|spa|1
|-boost|p1a: Iron Crown|spd|1
|move|p2a: Slowking|Flamethrower|p1a: Iron Crown
|-supereffective|p1a: Iron Crown
|-damage|p1a: Iron Crown|23/100
|
|-end|p1a: Iron Crown|move: Future Sight
|-resisted|p1a: Iron Crown
|-damage|p1a: Iron Crown|15/100
|upkeep
|turn|8
|
|t:|1776285426
|move|p1a: Iron Crown|Tachyon Cutter|p2a: Slowking
|-damage|p2a: Slowking|83/100 par
|-damage|p2a: Slowking|66/100 par
|-hitcount|p2a: Slowking|2
|cant|p2a: Slowking|par
|
|-end|p2a: Slowking|move: Future Sight
|-damage|p2a: Slowking|31/100 par
|upkeep
|turn|9
|
|t:|1776285433
|move|p1a: Iron Crown|Future Sight|p2a: Slowking
|-start|p1a: Iron Crown|move: Future Sight
|move|p2a: Slowking|Future Sight|p1a: Iron Crown
|-start|p2a: Slowking|move: Future Sight
|
|upkeep
|turn|10
|
|t:|1776285437
|move|p1a: Iron Crown|Tachyon Cutter|p2a: Slowking
|-damage|p2a: Slowking|13/100 par
|-damage|p2a: Slowking|0 fnt
|faint|p2a: Slowking
|-hitcount|p2: Slowking|2
|
|upkeep
|
|t:|1776285445
|switch|p2a: Latias|Latias, F|100/100
|turn|11
|
|t:|1776285449
|move|p1a: Iron Crown|Tachyon Cutter|p2a: Latias
|-damage|p2a: Latias|78/100
|-damage|p2a: Latias|55/100
|-hitcount|p2a: Latias|2
|move|p2a: Latias|Agility|p2a: Latias
|-boost|p2a: Latias|spe|2
|
|-end|p2a: Latias|move: Future Sight
|-resisted|p2a: Latias
|-damage|p2a: Latias|30/100
|-end|p1a: Iron Crown|move: Future Sight
|-resisted|p1a: Iron Crown
|-damage|p1a: Iron Crown|9/100
|-heal|p2a: Latias|36/100|[from] item: Leftovers
|upkeep
|turn|12
|
|t:|1776285461
|move|p2a: Latias|Calm Mind|p2a: Latias
|-boost|p2a: Latias|spa|1
|-boost|p2a: Latias|spd|1
|move|p1a: Iron Crown|Tachyon Cutter|p2a: Latias
|-damage|p2a: Latias|22/100
|-damage|p2a: Latias|7/100
|-hitcount|p2a: Latias|2
|
|-heal|p2a: Latias|13/100|[from] item: Leftovers
|upkeep
|turn|13
|
|t:|1776285470
|-end|p1a: Iron Crown|Quark Drive|[silent]
|switch|p1a: Hatterene|Hatterene, F|100/100
|move|p2a: Latias|Draining Kiss|p1a: Hatterene
|-damage|p1a: Hatterene|83/100
|-heal|p2a: Latias|24/100|[from] drain|[of] p1a: Hatterene
|-enditem|p1a: Hatterene|Red Card|[of] p2a: Latias
|drag|p2a: Dragonite|Dragonite, F|100/100
|
|upkeep
|turn|14
|
|t:|1776285480
|move|p2a: Dragonite|Dragon Dance|p2a: Dragonite
|-boost|p2a: Dragonite|atk|1
|-boost|p2a: Dragonite|spe|1
|move|p1a: Hatterene|Nuzzle|p2a: Dragonite
|-damage|p2a: Dragonite|98/100
|-status|p2a: Dragonite|par
|
|upkeep
|turn|15
|
|t:|1776285484
|move|p2a: Dragonite|Earthquake|p1a: Hatterene
|-damage|p1a: Hatterene|35/100
|move|p1a: Hatterene|Draining Kiss|p2a: Dragonite
|-supereffective|p2a: Dragonite
|-damage|p2a: Dragonite|45/100 par
|-heal|p1a: Hatterene|75/100|[from] drain|[of] p2a: Dragonite
|
|upkeep
|turn|16
|
|t:|1776285489
|move|p2a: Dragonite|Earthquake|p1a: Hatterene
|-damage|p1a: Hatterene|23/100
|move|p1a: Hatterene|Draining Kiss|p2a: Dragonite
|-supereffective|p2a: Dragonite
|-damage|p2a: Dragonite|0 fnt
|-heal|p1a: Hatterene|58/100|[from] drain|[of] p2a: Dragonite
|faint|p2a: Dragonite
|
|upkeep
|
|t:|1776285493
|switch|p2a: Latias|Latias, F|24/100
|turn|17
|
|t:|1776285497
|-terastallize|p2a: Latias|Fairy
|move|p2a: Latias|Agility|p2a: Latias
|-boost|p2a: Latias|spe|2
|move|p1a: Hatterene|Nuzzle|p2a: Latias
|-damage|p2a: Latias|20/100
|-status|p2a: Latias|par
|
|-heal|p2a: Latias|26/100 par|[from] item: Leftovers
|upkeep
|turn|18
|
|t:|1776285503
|switch|p1a: Ogerpon|Ogerpon-Wellspring, F|100/100
|cant|p2a: Latias|par
|
|-heal|p2a: Latias|32/100 par|[from] item: Leftovers
|upkeep
|turn|19
|
|t:|1776285508
|move|p1a: Ogerpon|Ivy Cudgel|p2a: Latias|[anim] Ivy Cudgel Water
|-damage|p2a: Latias|0 fnt
|faint|p2a: Latias
|
|upkeep
|
|t:|1776285510
|switch|p2a: Great Tusk|Great Tusk|100/100
|turn|20
|
|t:|1776285513
|-terastallize|p1a: Ogerpon|Water
|detailschange|p1a: Ogerpon|Ogerpon-Wellspring-Tera, F, tera:Water
|-ability|p1a: Ogerpon|Embody Aspect (Wellspring)|boost
|-boost|p1a: Ogerpon|spd|1
|move|p1a: Ogerpon|Ivy Cudgel|p2a: Great Tusk|[anim] Ivy Cudgel Water
|-supereffective|p2a: Great Tusk
|-crit|p2a: Great Tusk
|-damage|p2a: Great Tusk|0 fnt
|faint|p2a: Great Tusk
|-end|p2a: Great Tusk|Protosynthesis|[silent]
|
|win|LLCDoubleOG
|raw|LLCDoubleOG's rating: 1369 &rarr; <strong>1388</strong><br />(+19 for winning)
|raw|piunicoulours's rating: 1358 &rarr; <strong>1339</strong><br />(-19 for losing)
|l|☆piunicoulours
|player|p2|
