|html|<div class="broadcast-blue"><strong>[Gen 9] OU is currently suspecting Tera Blast! For information on how to participate check out the <a href="https://www.smogon.com/tools/suspects/view/200">suspect thread</a>.</strong></div>
|j|☆songgea
|j|☆KingKaido65
|t:|1776034865
|gametype|singles
|player|p1|songgea|aromalady|1801
|player|p2|KingKaido65|dragontamer-gen6|1840
|gen|9
|tier|[Gen 9] OU
|rated|
|rule|HP Percentage Mod: HP is shown in percentages
|rule|Endless Battle Clause: Forcing endless battles is banned
|rule|Species Clause: Limit one of each Pokémon
|rule|OHKO Clause: OHKO moves are banned
|rule|Evasion Items Clause: Evasion items are banned
|rule|Evasion Moves Clause: Evasion moves are banned
|rule|Evasion Abilities Clause: Evasion abilities are banned
|rule|Sleep Moves Clause: Sleep-inducing moves are banned
|clearpoke
|poke|p1|Glimmora, F|
|poke|p1|Ting-Lu|
|poke|p1|Zamazenta-*|
|poke|p1|Goodra-Hisui, F|
|poke|p1|Ogerpon-Wellspring, F|
|poke|p1|Enamorus, F|
|poke|p2|Primarina, F|
|poke|p2|Dragapult, M|
|poke|p2|Garganacl, F|
|poke|p2|Kingambit, M|
|poke|p2|Zapdos|
|poke|p2|Iron Treads|
|teampreview
|inactive|Battle timer is ON: inactive players will automatically lose when time's up. (requested by KingKaido65)
|
|t:|1776034877
|teamsize|p1|6
|teamsize|p2|6
|start
|switch|p1a: Goodra|Goodra-Hisui, F|100/100
|switch|p2a: Gundari Ryuseigun|Dragapult, M|100/100
|turn|1
|
|t:|1776034884
|move|p2a: Gundari Ryuseigun|Dragon Darts|p1a: Goodra
|-damage|p1a: Goodra|65/100
|-anim|p2a: Gundari Ryuseigun|Dragon Darts|p1a: Goodra
|-damage|p1a: Goodra|30/100
|move|p1a: Goodra|Knock Off|p2a: Gundari Ryuseigun
|-supereffective|p2a: Gundari Ryuseigun
|-damage|p2a: Gundari Ryuseigun|19/100
|-enditem|p2a: Gundari Ryuseigun|Choice Band|[from] move: Knock Off|[of] p1a: Goodra
|
|upkeep
|turn|2
|
|t:|1776034897
|switch|p1a: Ting-Lu|Ting-Lu|100/100
|-ability|p1a: Ting-Lu|Vessel of Ruin
|move|p2a: Gundari Ryuseigun|Dragon Darts|p1a: Ting-Lu
|-damage|p1a: Ting-Lu|86/100
|-anim|p2a: Gundari Ryuseigun|Dragon Darts|p1a: Ting-Lu
|-damage|p1a: Ting-Lu|71/100
|
|upkeep
|turn|3
|
|t:|1776034906
|move|p2a: Gundari Ryuseigun|Dragon Darts|p1a: Ting-Lu
|-damage|p1a: Ting-Lu|55/100
|-anim|p2a: Gundari Ryuseigun|Dragon Darts|p1a: Ting-Lu
|-damage|p1a: Ting-Lu|40/100
|move|p1a: Ting-Lu|Earthquake|p2a: Gundari Ryuseigun
|-crit|p2a: Gundari Ryuseigun
|-damage|p2a: Gundari Ryuseigun|0 fnt
|faint|p2a: Gundari Ryuseigun
|
|upkeep
|
|t:|1776034911
|switch|p2a: Kingambit|Kingambit, M|100/100
|-activate|p2a: Kingambit|ability: Supreme Overlord
|-start|p2a: Kingambit|fallen1|[silent]
|turn|4
|
|t:|1776034927
|-terastallize|p1a: Ting-Lu|Ghost
|move|p2a: Kingambit|Iron Head|p1a: Ting-Lu
|-damage|p1a: Ting-Lu|14/100
|-damage|p2a: Kingambit|84/100|[from] item: Rocky Helmet|[of] p1a: Ting-Lu
|move|p1a: Ting-Lu|Stealth Rock|p2a: Kingambit
|-sidestart|p2: KingKaido65|move: Stealth Rock
|
|-heal|p2a: Kingambit|90/100|[from] item: Leftovers
|upkeep
|turn|5
|
|t:|1776034940
|switch|p1a: Glimmora|Glimmora, F|100/100
|move|p2a: Kingambit|Iron Head|p1a: Glimmora
|-supereffective|p1a: Glimmora
|-damage|p1a: Glimmora|0 fnt
|-activate|p1a: Glimmora|ability: Toxic Debris
|-sidestart|p2: KingKaido65|move: Toxic Spikes
|faint|p1a: Glimmora
|
|-heal|p2a: Kingambit|96/100|[from] item: Leftovers
|upkeep
|
|t:|1776034951
|switch|p1a: Ogerpon|Ogerpon-Wellspring, F|100/100
|turn|6
|
|t:|1776034958
|-end|p2a: Kingambit|fallen1|[silent]
|switch|p2a: Laughing Drunk|Zapdos|100/100
|move|p1a: Ogerpon|Encore||[still]
|-fail|p1a: Ogerpon
|
|upkeep
|turn|7
|j| dsgss
|
|t:|1776034967
|move|p1a: Ogerpon|Knock Off|p2a: Laughing Drunk
|-damage|p2a: Laughing Drunk|72/100
|-enditem|p2a: Laughing Drunk|Heavy-Duty Boots|[from] move: Knock Off|[of] p1a: Ogerpon
|move|p2a: Laughing Drunk|Hurricane|p1a: Ogerpon
|-supereffective|p1a: Ogerpon
|-damage|p1a: Ogerpon|0 fnt
|faint|p1a: Ogerpon
|
|upkeep
|
|t:|1776034976
|switch|p1a: Enamorus|Enamorus, F|100/100
|turn|8
|
|t:|1776034985
|switch|p2a: Raging Drunk|Iron Treads|100/100
|-damage|p2a: Raging Drunk|97/100|[from] Stealth Rock
|move|p1a: Enamorus|Healing Wish|p1a: Enamorus
|faint|p1a: Enamorus
|
|-heal|p2a: Raging Drunk|100/100|[from] item: Leftovers
|upkeep
|
|t:|1776034994
|switch|p1a: Zamazenta|Zamazenta|100/100
|-ability|p1a: Zamazenta|Dauntless Shield|boost
|-boost|p1a: Zamazenta|def|1
|turn|9
|
|t:|1776034999
|-terastallize|p2a: Raging Drunk|Ghost
|move|p1a: Zamazenta|Iron Defense|p1a: Zamazenta
|-boost|p1a: Zamazenta|def|2
|move|p2a: Raging Drunk|Rapid Spin|p1a: Zamazenta
|-damage|p1a: Zamazenta|97/100
|-boost|p2a: Raging Drunk|spe|1
|-sideend|p2: KingKaido65|Toxic Spikes|[from] move: Rapid Spin|[of] p2a: Raging Drunk
|-sideend|p2: KingKaido65|Stealth Rock|[from] move: Rapid Spin|[of] p2a: Raging Drunk
|
|-heal|p1a: Zamazenta|100/100|[from] item: Leftovers
|upkeep
|turn|10
|
|t:|1776035011
|move|p2a: Raging Drunk|Knock Off|p1a: Zamazenta
|-resisted|p1a: Zamazenta
|-damage|p1a: Zamazenta|97/100
|-enditem|p1a: Zamazenta|Leftovers|[from] move: Knock Off|[of] p2a: Raging Drunk
|move|p1a: Zamazenta|Iron Defense|p1a: Zamazenta
|-boost|p1a: Zamazenta|def|2
|
|upkeep
|turn|11
|
|t:|1776035018
|move|p2a: Raging Drunk|Earth Power|p1a: Zamazenta
|-damage|p1a: Zamazenta|66/100
|move|p1a: Zamazenta|Iron Defense|p1a: Zamazenta
|-boost|p1a: Zamazenta|def|1
|
|upkeep
|turn|12
|-message|songgea forfeited.
|
|win|KingKaido65
|raw|songgea's rating: 1801 &rarr; <strong>1783</strong><br />(-18 for losing)
|raw|KingKaido65's rating: 1840 &rarr; <strong>1858</strong><br />(+18 for winning)
|l|☆songgea
|player|p1|
|l| dsgss
