|html|<div class="broadcast-blue"><strong>[Gen 9] OU is currently suspecting Tera Blast! For information on how to participate check out the <a href="https://www.smogon.com/tools/suspects/view/200">suspect thread</a>.</strong></div>
|j|☆Marvin gaye y
|j|☆chibsu
|t:|1776043164
|gametype|singles
|player|p1|Marvin gaye y|265|1266
|player|p2|chibsu|2|1289
|gen|9
|tier|[Gen 9] OU
|rated|
|rule|HP Percentage Mod: HP is shown in percentages
|rule|Endless Battle Clause: Forcing endless battles is banned
|rule|Species Clause: Limit one of each Pokémon
|rule|OHKO Clause: OHKO moves are banned
|rule|Evasion Items Clause: Evasion items are banned
|rule|Evasion Moves Clause: Evasion moves are banned
|rule|Evasion Abilities Clause: Evasion abilities are banned
|rule|Sleep Moves Clause: Sleep-inducing moves are banned
|clearpoke
|poke|p1|Glimmora, F|
|poke|p1|Heatran, F|
|poke|p1|Iron Boulder|
|poke|p1|Garganacl, F|
|poke|p1|Dragapult, F|
|poke|p1|Incineroar, F|
|poke|p2|Zamazenta-*|
|poke|p2|Gliscor, M|
|poke|p2|Rotom-Heat|
|poke|p2|Rillaboom, M|
|poke|p2|Samurott-Hisui, M|
|poke|p2|Iron Treads|
|teampreview
|inactive|Battle timer is ON: inactive players will automatically lose when time's up. (requested by chibsu)
|
|t:|1776043180
|teamsize|p1|6
|teamsize|p2|6
|start
|switch|p1a: Incineroar|Incineroar, F|100/100
|switch|p2a: Rotom|Rotom-Heat|100/100
|-ability|p1a: Incineroar|Intimidate|boost
|-unboost|p2a: Rotom|atk|1
|turn|1
|
|t:|1776043189
|move|p2a: Rotom|Trick|p1a: Incineroar
|-activate|p2a: Rotom|move: Trick|[of] p1a: Incineroar
|-item|p1a: Incineroar|Choice Specs|[from] move: Trick
|-item|p2a: Rotom|Rocky Helmet|[from] move: Trick
|move|p1a: Incineroar|Parting Shot|p2a: Rotom
|-unboost|p2a: Rotom|atk|1
|-unboost|p2a: Rotom|spa|1
|
|t:|1776043199
|switch|p1a: Garganacl|Garganacl, F|100/100|[from] Parting Shot
|
|upkeep
|turn|2
|
|t:|1776043209
|move|p2a: Rotom|Volt Switch|p1a: Garganacl
|-damage|p1a: Garganacl|84/100
|
|t:|1776043216
|switch|p2a: Rillaboom|Rillaboom, M|100/100|[from] Volt Switch
|-fieldstart|move: Grassy Terrain|[from] ability: Grassy Surge|[of] p2a: Rillaboom
|move|p1a: Garganacl|Iron Defense|p1a: Garganacl
|-boost|p1a: Garganacl|def|2
|
|-heal|p1a: Garganacl|91/100|[from] Grassy Terrain
|-heal|p1a: Garganacl|97/100|[from] item: Leftovers
|upkeep
|turn|3
|
|t:|1776043228
|move|p2a: Rillaboom|Knock Off|p1a: Garganacl
|-damage|p1a: Garganacl|85/100
|-enditem|p1a: Garganacl|Leftovers|[from] move: Knock Off|[of] p2a: Rillaboom
|move|p1a: Garganacl|Salt Cure|p2a: Rillaboom
|-damage|p2a: Rillaboom|87/100
|-start|p2a: Rillaboom|Salt Cure
|
|-heal|p2a: Rillaboom|93/100|[from] Grassy Terrain
|-heal|p1a: Garganacl|91/100|[from] Grassy Terrain
|-damage|p2a: Rillaboom|80/100|[from] Salt Cure
|upkeep
|turn|4
|
|t:|1776043240
|switch|p1a: Heatran|Heatran, F|100/100
|move|p2a: Rillaboom|Low Kick|p1a: Heatran
|-supereffective|p1a: Heatran
|-damage|p1a: Heatran|17/100
|
|-heal|p2a: Rillaboom|86/100|[from] Grassy Terrain
|-heal|p1a: Heatran|23/100|[from] Grassy Terrain
|-damage|p2a: Rillaboom|74/100|[from] Salt Cure
|upkeep
|turn|5
|
|t:|1776043251
|switch|p1a: Dragapult|Dragapult, F|100/100
|move|p2a: Rillaboom|Low Kick|p1a: Dragapult
|-immune|p1a: Dragapult
|
|-heal|p2a: Rillaboom|80/100|[from] Grassy Terrain
|-damage|p2a: Rillaboom|68/100|[from] Salt Cure
|upkeep
|turn|6
|
|t:|1776043262
|move|p1a: Dragapult|Fire Blast|p2a: Rillaboom
|-supereffective|p2a: Rillaboom
|-crit|p2a: Rillaboom
|-damage|p2a: Rillaboom|0 fnt
|faint|p2a: Rillaboom
|
|upkeep
|
|t:|1776043277
|switch|p2a: Samurott|Samurott-Hisui, M|100/100
|turn|7
|
|t:|1776043281
|switch|p1a: Incineroar|Incineroar, F|100/100
|-ability|p1a: Incineroar|Intimidate|boost
|-unboost|p2a: Samurott|atk|1
|move|p2a: Samurott|Ceaseless Edge|p1a: Incineroar
|-resisted|p1a: Incineroar
|-damage|p1a: Incineroar|80/100
|-sidestart|p1: Marvin gaye y|Spikes
|
|-heal|p1a: Incineroar|86/100|[from] Grassy Terrain
|upkeep
|turn|8
|
|t:|1776043293
|move|p2a: Samurott|Swords Dance|p2a: Samurott
|-boost|p2a: Samurott|atk|2
|move|p1a: Incineroar|Parting Shot|p2a: Samurott
|-unboost|p2a: Samurott|atk|1
|-unboost|p2a: Samurott|spa|1
|
|t:|1776043300
|switch|p1a: Glimmora|Glimmora, F|100/100|[from] Parting Shot
|-item|p1a: Glimmora|Air Balloon
|
|upkeep
|turn|9
|
|t:|1776043306
|move|p1a: Glimmora|Energy Ball|p2a: Samurott
|-supereffective|p2a: Samurott
|-damage|p2a: Samurott|26/100
|-unboost|p2a: Samurott|spd|1
|move|p2a: Samurott|Ceaseless Edge|p1a: Glimmora|[miss]
|-miss|p2a: Samurott|p1a: Glimmora
|
|-heal|p2a: Samurott|32/100|[from] Grassy Terrain
|-fieldend|move: Grassy Terrain
|upkeep
|turn|10
|
|t:|1776043320
|switch|p2a: Zamazenta|Zamazenta|100/100
|-ability|p2a: Zamazenta|Dauntless Shield|boost
|-boost|p2a: Zamazenta|def|1
|move|p1a: Glimmora|Energy Ball|p2a: Zamazenta
|-damage|p2a: Zamazenta|80/100
|-unboost|p2a: Zamazenta|spd|1
|
|upkeep
|turn|11
|
|t:|1776043330
|switch|p2a: Gliscor|Gliscor, M|100/100
|move|p1a: Glimmora|Mortal Spin|p2a: Gliscor
|-resisted|p2a: Gliscor
|-damage|p2a: Gliscor|98/100
|-status|p2a: Gliscor|psn
|-sideend|p1: Marvin gaye y|Spikes|[from] move: Mortal Spin|[of] p1a: Glimmora
|
|-heal|p2a: Gliscor|100/100 psn|[from] ability: Poison Heal
|upkeep
|turn|12
|
|t:|1776043342
|move|p1a: Glimmora|Energy Ball|p2a: Gliscor
|-damage|p2a: Gliscor|78/100 psn
|move|p2a: Gliscor|Knock Off|p1a: Glimmora
|-damage|p1a: Glimmora|79/100
|-activate|p1a: Glimmora|ability: Toxic Debris
|-sidestart|p2: chibsu|move: Toxic Spikes
|-enditem|p1a: Glimmora|Air Balloon
|
|-heal|p2a: Gliscor|90/100 psn|[from] ability: Poison Heal
|upkeep
|turn|13
|
|t:|1776043354
|switch|p1a: Dragapult|Dragapult, F|100/100
|switch|p2a: Iron Treads|Iron Treads|100/100
|
|upkeep
|turn|14
|
|t:|1776043375
|-end|p2a: Iron Treads|Quark Drive|[silent]
|switch|p2a: Gliscor|Gliscor, M|90/100 psn
|move|p1a: Dragapult|Hydro Pump|p2a: Gliscor
|-supereffective|p2a: Gliscor
|-damage|p2a: Gliscor|7/100 psn
|
|-heal|p2a: Gliscor|20/100 psn|[from] ability: Poison Heal
|upkeep
|turn|15
|
|t:|1776043384
|move|p1a: Dragapult|Hydro Pump|p2a: Gliscor
|-supereffective|p2a: Gliscor
|-damage|p2a: Gliscor|0 fnt
|faint|p2a: Gliscor
|
|upkeep
|l|☆chibsu
|inactive|chibsu disconnected and has a minute to reconnect!
|player|p2|
|inactive|chibsu has 30 seconds to reconnect!
|inactive|chibsu has 20 seconds to reconnect!
|inactive|chibsu has 15 seconds to reconnect!
|inactive|chibsu has 10 seconds to reconnect!
|inactive|chibsu has 5 seconds to reconnect!
|-message|chibsu lost due to inactivity.
|
|win|Marvin gaye y
|raw|Marvin gaye y's rating: 1235 &rarr; <strong>1264</strong><br />(+29 for winning)
|raw|chibsu's rating: 1289 &rarr; <strong>1260</strong><br />(-29 for losing)
|l|☆Marvin gaye y
|player|p1|
