|html|<div class="broadcast-blue"><strong>[Gen 9] OU is currently suspecting Volcarona! For information on how to participate check out the <a href="https://www.smogon.com/tools/suspects/view/208">suspect thread</a>.</strong></div>
|j|☆a19a19
|j|☆sus req
|t:|1778517517
|gametype|singles
|player|p1|a19a19|red|1509
|player|p2|sus req|hilbert|1556
|gen|9
|tier|[Gen 9] OU
|rated|
|rule|HP Percentage Mod: HP is shown in percentages
|rule|Endless Battle Clause: Forcing endless battles is banned
|rule|Species Clause: Limit one of each Pokémon
|rule|OHKO Clause: OHKO moves are banned
|rule|Evasion Items Clause: Evasion items are banned
|rule|Evasion Moves Clause: Evasion moves are banned
|rule|Evasion Abilities Clause: Evasion abilities are banned
|rule|Sleep Moves Clause: Sleep-inducing moves are banned
|clearpoke
|poke|p1|Kyurem|
|poke|p1|Great Tusk|
|poke|p1|Entei|
|poke|p1|Ting-Lu|
|poke|p1|Tornadus-Therian, M|
|poke|p1|Dragapult, F|
|poke|p2|Excadrill, F|
|poke|p2|Blaziken, M|
|poke|p2|Tyranitar, M|
|poke|p2|Ogerpon-Wellspring, F|
|poke|p2|Zapdos|
|poke|p2|Dragapult, F|
|teampreview
|
|t:|1778517537
|teamsize|p1|6
|teamsize|p2|6
|start
|switch|p1a: Great Tusk|Great Tusk|100/100
|switch|p2a: Tyranitar|Tyranitar, M|100/100
|-weather|Sandstorm|[from] ability: Sand Stream|[of] p2a: Tyranitar
|-enditem|p1a: Great Tusk|Booster Energy
|-activate|p1a: Great Tusk|ability: Protosynthesis|[fromitem]
|-start|p1a: Great Tusk|protosynthesisatk
|turn|1
|
|t:|1778517548
|switch|p2a: Zapdos|Zapdos|100/100
|move|p1a: Great Tusk|Rapid Spin|p2a: Zapdos
|-damage|p2a: Zapdos|81/100
|-boost|p1a: Great Tusk|spe|1
|-damage|p1a: Great Tusk|84/100|[from] item: Rocky Helmet|[of] p2a: Zapdos
|-status|p1a: Great Tusk|par|[from] ability: Static|[of] p2a: Zapdos
|
|-weather|Sandstorm|[upkeep]
|-damage|p2a: Zapdos|75/100|[from] Sandstorm
|upkeep
|turn|2
|
|t:|1778517561
|move|p2a: Zapdos|Hurricane|p1a: Great Tusk
|-supereffective|p1a: Great Tusk
|-damage|p1a: Great Tusk|0 fnt
|faint|p1a: Great Tusk
|-end|p1a: Great Tusk|Protosynthesis|[silent]
|
|-weather|Sandstorm|[upkeep]
|-damage|p2a: Zapdos|68/100|[from] Sandstorm
|upkeep
|c|☆sus req|Head smash.?
|
|t:|1778517575
|switch|p1a: Kyurem|Kyurem|100/100
|-ability|p1a: Kyurem|Pressure
|turn|3
|
|t:|1778517583
|switch|p2a: Tyranitar|Tyranitar, M|100/100
|move|p1a: Kyurem|Freeze-Dry|p2a: Tyranitar
|-damage|p2a: Tyranitar|83/100
|-status|p2a: Tyranitar|frz
|
|-weather|Sandstorm|[upkeep]
|-damage|p1a: Kyurem|94/100|[from] Sandstorm
|upkeep
|turn|4
|
|t:|1778517594
|move|p1a: Kyurem|Icicle Spear|p2a: Tyranitar
|-damage|p2a: Tyranitar|73/100 frz
|-crit|p2a: Tyranitar
|-damage|p2a: Tyranitar|58/100 frz
|-damage|p2a: Tyranitar|49/100 frz
|-hitcount|p2a: Tyranitar|3
|cant|p2a: Tyranitar|frz
|
|-weather|Sandstorm|[upkeep]
|-damage|p1a: Kyurem|88/100|[from] Sandstorm
|upkeep
|turn|5
|
|t:|1778517605
|move|p1a: Kyurem|Dragon Dance|p1a: Kyurem
|-boost|p1a: Kyurem|atk|1
|-boost|p1a: Kyurem|spe|1
|cant|p2a: Tyranitar|frz
|
|-weather|none
|upkeep
|turn|6
|
|t:|1778517613
|move|p1a: Kyurem|Icicle Spear|p2a: Tyranitar
|-damage|p2a: Tyranitar|34/100 frz
|-damage|p2a: Tyranitar|18/100 frz
|-hitcount|p2a: Tyranitar|2
|cant|p2a: Tyranitar|frz
|
|upkeep
|turn|7
|
|t:|1778517620
|move|p1a: Kyurem|Icicle Spear|p2a: Tyranitar
|-damage|p2a: Tyranitar|2/100 frz
|-damage|p2a: Tyranitar|0 fnt
|faint|p2a: Tyranitar
|-hitcount|p2: Tyranitar|2
|
|upkeep
|c|☆sus req|Now....
|inactive|Battle timer is ON: inactive players will automatically lose when time's up. (requested by a19a19)
|
|t:|1778517626
|switch|p2a: Blaziken|Blaziken, M|100/100
|-item|p2a: Blaziken|Air Balloon
|turn|8
|
|t:|1778517634
|move|p1a: Kyurem|Dragon Dance|p1a: Kyurem
|-boost|p1a: Kyurem|atk|1
|-boost|p1a: Kyurem|spe|1
|move|p2a: Blaziken|Close Combat|p1a: Kyurem
|-supereffective|p1a: Kyurem
|-damage|p1a: Kyurem|0 fnt
|-unboost|p2a: Blaziken|def|1
|-unboost|p2a: Blaziken|spd|1
|faint|p1a: Kyurem
|
|-ability|p2a: Blaziken|Speed Boost|boost
|-boost|p2a: Blaziken|spe|1
|upkeep
|
|t:|1778517650
|switch|p1a: Tornadus|Tornadus-Therian, M|100/100
|turn|9
|
|t:|1778517654
|switch|p2a: Zapdos|Zapdos|68/100
|move|p1a: Tornadus|Bleakwind Storm|p2a: Zapdos
|-resisted|p2a: Zapdos
|-damage|p2a: Zapdos|50/100
|-unboost|p2a: Zapdos|spe|1
|
|upkeep
|turn|10
|
|t:|1778517662
|move|p1a: Tornadus|Taunt|p2a: Zapdos
|-start|p2a: Zapdos|move: Taunt
|cant|p2a: Zapdos|move: Taunt|Roost
|
|upkeep
|turn|11
|
|t:|1778517680
|move|p1a: Tornadus|Bleakwind Storm|p2a: Zapdos
|-resisted|p2a: Zapdos
|-damage|p2a: Zapdos|33/100
|move|p2a: Zapdos|U-turn|p1a: Tornadus
|-resisted|p1a: Tornadus
|-damage|p1a: Tornadus|93/100
|
|t:|1778517683
|switch|p2a: Dragapult|Dragapult, F|100/100|[from] U-turn
|
|upkeep
|turn|12
|
|t:|1778517691
|move|p2a: Dragapult|U-turn|p1a: Tornadus
|-resisted|p1a: Tornadus
|-damage|p1a: Tornadus|84/100
|
|t:|1778517693
|switch|p2a: Zapdos|Zapdos|33/100|[from] U-turn
|move|p1a: Tornadus|U-turn|p2a: Zapdos
|-resisted|p2a: Zapdos
|-damage|p2a: Zapdos|28/100
|-damage|p1a: Tornadus|68/100|[from] item: Rocky Helmet|[of] p2a: Zapdos
|
|t:|1778517701
|switch|p1a: Dragapult|Dragapult, F|100/100|[from] U-turn
|
|upkeep
|turn|13
|
|t:|1778517706
|move|p1a: Dragapult|Shadow Ball|p2a: Zapdos
|-damage|p2a: Zapdos|0 fnt
|faint|p2a: Zapdos
|
|upkeep
|
|t:|1778517711
|switch|p2a: Ogerpon|Ogerpon-Wellspring, F|100/100
|turn|14
|
|t:|1778517719
|-terastallize|p2a: Ogerpon|Water
|detailschange|p2a: Ogerpon|Ogerpon-Wellspring-Tera, F, tera:Water
|-ability|p2a: Ogerpon|Embody Aspect (Wellspring)|boost
|-boost|p2a: Ogerpon|spd|1
|move|p1a: Dragapult|Shadow Ball|p2a: Ogerpon
|-damage|p2a: Ogerpon|57/100
|move|p2a: Ogerpon|Ivy Cudgel|p1a: Dragapult|[anim] Ivy Cudgel Water
|-resisted|p1a: Dragapult
|-damage|p1a: Dragapult|41/100
|
|upkeep
|turn|15
|
|t:|1778517737
|move|p1a: Dragapult|Shadow Ball|p2a: Ogerpon
|-damage|p2a: Ogerpon|19/100
|move|p2a: Ogerpon|Ivy Cudgel|p1a: Dragapult|[anim] Ivy Cudgel Water
|-resisted|p1a: Dragapult
|-crit|p1a: Dragapult
|-damage|p1a: Dragapult|0 fnt
|faint|p1a: Dragapult
|
|upkeep
|
|t:|1778517746
|switch|p1a: Entei|Entei|100/100
|turn|16
|
|t:|1778517750
|switch|p2a: Dragapult|Dragapult, F|100/100
|-terastallize|p1a: Entei|Grass
|move|p1a: Entei|Trailblaze|p2a: Dragapult
|-resisted|p2a: Dragapult
|-damage|p2a: Dragapult|81/100
|-boost|p1a: Entei|spe|1
|
|upkeep
|turn|17
|
|t:|1778517762
|switch|p1a: Tornadus|Tornadus-Therian, M|100/100
|move|p2a: Dragapult|Will-O-Wisp|p1a: Tornadus
|-status|p1a: Tornadus|brn
|
|-damage|p1a: Tornadus|94/100 brn|[from] brn
|upkeep
|turn|18
|
|t:|1778517772
|move|p2a: Dragapult|U-turn|p1a: Tornadus
|-resisted|p1a: Tornadus
|-damage|p1a: Tornadus|86/100 brn
|
|t:|1778517779
|switch|p2a: Ogerpon|Ogerpon-Wellspring-Tera, F, tera:Water|19/100|[from] U-turn
|-ability|p2a: Ogerpon|Embody Aspect (Wellspring)|boost
|-boost|p2a: Ogerpon|spd|1
|move|p1a: Tornadus|U-turn|p2a: Ogerpon
|-damage|p2a: Ogerpon|10/100
|
|t:|1778517795
|switch|p1a: Entei|Entei, tera:Grass|100/100|[from] U-turn
|
|upkeep
|turn|19
|
|t:|1778517810
|move|p2a: Ogerpon|Ivy Cudgel|p1a: Entei|[anim] Ivy Cudgel Water
|-resisted|p1a: Entei
|-damage|p1a: Entei|62/100
|move|p1a: Entei|Trailblaze|p2a: Ogerpon
|-supereffective|p2a: Ogerpon
|-damage|p2a: Ogerpon|0 fnt
|-boost|p1a: Entei|spe|1
|faint|p2a: Ogerpon
|detailschange|p2: Ogerpon|Ogerpon-Wellspring, F|[silent]
|
|upkeep
|
|t:|1778517815
|switch|p2a: Dragapult|Dragapult, F|81/100
|turn|20
|
|t:|1778517823
|switch|p1a: Tornadus|Tornadus-Therian, M|100/100 brn
|move|p2a: Dragapult|U-turn|p1a: Tornadus
|-resisted|p1a: Tornadus
|-damage|p1a: Tornadus|91/100 brn
|
|t:|1778517826
|switch|p2a: Excadrill|Excadrill, F|100/100|[from] U-turn
|-item|p2a: Excadrill|Air Balloon
|
|-damage|p1a: Tornadus|85/100 brn|[from] brn
|upkeep
|turn|21
|
|t:|1778517836
|move|p1a: Tornadus|U-turn|p2a: Excadrill
|-resisted|p2a: Excadrill
|-damage|p2a: Excadrill|96/100
|-enditem|p2a: Excadrill|Air Balloon
|
|t:|1778517840
|switch|p1a: Up Bowl On Em|Ting-Lu|100/100|[from] U-turn
|-ability|p1a: Up Bowl On Em|Vessel of Ruin
|move|p2a: Excadrill|Iron Head|p1a: Up Bowl On Em
|-damage|p1a: Up Bowl On Em|75/100
|
|-heal|p1a: Up Bowl On Em|81/100|[from] item: Leftovers
|upkeep
|turn|22
|
|t:|1778517853
|move|p2a: Excadrill|Swords Dance|p2a: Excadrill
|-boost|p2a: Excadrill|atk|2
|move|p1a: Up Bowl On Em|Spikes|p2a: Excadrill
|-sidestart|p2: sus req|Spikes
|
|-heal|p1a: Up Bowl On Em|87/100|[from] item: Leftovers
|upkeep
|turn|23
|
|t:|1778517861
|move|p2a: Excadrill|Iron Head|p1a: Up Bowl On Em
|-damage|p1a: Up Bowl On Em|37/100
|cant|p1a: Up Bowl On Em|flinch
|
|-heal|p1a: Up Bowl On Em|43/100|[from] item: Leftovers
|upkeep
|turn|24
|
|t:|1778517869
|move|p2a: Excadrill|Iron Head|p1a: Up Bowl On Em
|-damage|p1a: Up Bowl On Em|0 fnt
|faint|p1a: Up Bowl On Em
|
|upkeep
|
|t:|1778517874
|switch|p1a: Entei|Entei, tera:Grass|62/100
|turn|25
|
|t:|1778517880
|move|p1a: Entei|Sacred Fire|p2a: Excadrill|[miss]
|-miss|p1a: Entei|p2a: Excadrill
|move|p2a: Excadrill|Iron Head|p1a: Entei
|-damage|p1a: Entei|0 fnt
|faint|p1a: Entei
|
|upkeep
|-message|a19a19 forfeited.
|
|win|sus req
|raw|a19a19's rating: 1509 &rarr; <strong>1492</strong><br />(-17 for losing)
|raw|sus req's rating: 1556 &rarr; <strong>1573</strong><br />(+17 for winning)
|l|☆a19a19
|player|p1|
