|html|<div class="broadcast-blue"><strong>[Gen 9] OU is currently suspecting Tera Blast! For information on how to participate check out the <a href="https://www.smogon.com/tools/suspects/view/200">suspect thread</a>.</strong></div>
|j|☆gnarledfangs
|j|☆akarmy17
|t:|1776209330
|gametype|singles
|player|p1|gnarledfangs|harlequin|1000
|player|p2|akarmy17|ghetsis|1045
|gen|9
|tier|[Gen 9] OU
|rated|
|rule|HP Percentage Mod: HP is shown in percentages
|rule|Endless Battle Clause: Forcing endless battles is banned
|rule|Species Clause: Limit one of each Pokémon
|rule|OHKO Clause: OHKO moves are banned
|rule|Evasion Items Clause: Evasion items are banned
|rule|Evasion Moves Clause: Evasion moves are banned
|rule|Evasion Abilities Clause: Evasion abilities are banned
|rule|Sleep Moves Clause: Sleep-inducing moves are banned
|clearpoke
|poke|p1|Grafaiai, M|
|poke|p1|Hawlucha, M|
|poke|p1|Houndoom, M|
|poke|p1|Dachsbun, F|
|poke|p1|Tsareena, F|
|poke|p1|Dragalge, F|
|poke|p2|Pecharunt|
|poke|p2|Gliscor, M|
|poke|p2|Hatterene, F|
|poke|p2|Porygon-Z|
|poke|p2|Clefable, M|
|poke|p2|Heatran, M|
|teampreview
|inactive|Battle timer is ON: inactive players will automatically lose when time's up. (requested by akarmy17)
|
|t:|1776209334
|teamsize|p1|6
|teamsize|p2|6
|start
|switch|p1a: frank|Grafaiai, M|100/100
|switch|p2a: Pecharunt|Pecharunt|100/100
|turn|1
|
|t:|1776209353
|move|p1a: frank|Parting Shot|p2a: Pecharunt
|-unboost|p2a: Pecharunt|atk|1
|-unboost|p2a: Pecharunt|spa|1
|
|t:|1776209357
|switch|p1a: bubby|Houndoom, M|100/100|[from] Parting Shot
|move|p2a: Pecharunt|Parting Shot|p1a: bubby
|-unboost|p1a: bubby|atk|1
|-unboost|p1a: bubby|spa|1
|
|t:|1776209367
|switch|p2a: Clefable|Clefable, M|100/100|[from] Parting Shot
|
|upkeep
|turn|2
|
|t:|1776209379
|switch|p1a: frank|Grafaiai, M|100/100
|move|p2a: Clefable|Reflect|p2a: Clefable
|-sidestart|p2: akarmy17|Reflect
|
|upkeep
|turn|3
|
|t:|1776209391
|move|p1a: frank|Poison Jab|p2a: Clefable
|-supereffective|p2a: Clefable
|-damage|p2a: Clefable|65/100
|-status|p2a: Clefable|psn
|move|p2a: Clefable|Thunder Wave|p1a: frank
|-status|p1a: frank|par
|
|-heal|p2a: Clefable|72/100 psn|[from] item: Leftovers
|upkeep
|turn|4
|
|t:|1776209404
|cant|p1a: frank|par
|move|p2a: Clefable|Light Screen|p2a: Clefable
|-sidestart|p2: akarmy17|move: Light Screen
|
|-heal|p2a: Clefable|78/100 psn|[from] item: Leftovers
|upkeep
|turn|5
|
|t:|1776209409
|move|p1a: frank|Poison Jab|p2a: Clefable
|-supereffective|p2a: Clefable
|-damage|p2a: Clefable|41/100 psn
|move|p2a: Clefable|Body Slam|p1a: frank
|-damage|p1a: frank|73/100 par
|
|-heal|p2a: Clefable|47/100 psn|[from] item: Leftovers
|upkeep
|turn|6
|
|t:|1776209421
|switch|p2a: Heatran|Heatran, M|100/100
|-item|p2a: Heatran|Air Balloon
|move|p1a: frank|Parting Shot|p2a: Heatran
|-unboost|p2a: Heatran|atk|1
|-unboost|p2a: Heatran|spa|1
|
|t:|1776209434
|switch|p1a: apple fritter|Dachsbun, F, shiny|100/100|[from] Parting Shot
|
|-sideend|p2: akarmy17|Reflect
|upkeep
|turn|7
|
|t:|1776209439
|move|p1a: apple fritter|Body Press|p2a: Heatran
|-supereffective|p2a: Heatran
|-damage|p2a: Heatran|56/100
|-enditem|p2a: Heatran|Air Balloon
|move|p2a: Heatran|Flash Cannon|p1a: apple fritter
|-supereffective|p1a: apple fritter
|-damage|p1a: apple fritter|16/100
|
|-heal|p1a: apple fritter|22/100|[from] item: Leftovers
|upkeep
|turn|8
|
|t:|1776209455
|move|p1a: apple fritter|Protect|p1a: apple fritter
|-singleturn|p1a: apple fritter|Protect
|move|p2a: Heatran|Lava Plume|p1a: apple fritter
|-activate|p1a: apple fritter|move: Protect
|
|-heal|p1a: apple fritter|28/100|[from] item: Leftovers
|-sideend|p2: akarmy17|move: Light Screen
|upkeep
|turn|9
|
|t:|1776209470
|switch|p1a: bubby|Houndoom, M|100/100
|move|p2a: Heatran|Flash Cannon|p1a: bubby
|-resisted|p1a: bubby
|-damage|p1a: bubby|78/100
|
|upkeep
|turn|10
|
|t:|1776209479
|move|p1a: bubby|Dark Pulse|p2a: Heatran
|-damage|p2a: Heatran|23/100
|cant|p2a: Heatran|flinch
|
|upkeep
|turn|11
|
|t:|1776209489
|move|p1a: bubby|Flamethrower|p2a: Heatran
|-damage|p2a: Heatran|0 fnt
|faint|p2a: Heatran
|
|upkeep
|
|t:|1776209493
|switch|p2a: Gliscor|Gliscor, M|100/100
|turn|12
|
|t:|1776209502
|switch|p1a: frank|Grafaiai, M|73/100 par
|move|p2a: Gliscor|Toxic Spikes|p1a: frank
|-sidestart|p1: gnarledfangs|move: Toxic Spikes
|
|-status|p2a: Gliscor|tox|[from] item: Toxic Orb
|upkeep
|turn|13
|
|t:|1776209512
|-terastallize|p1a: frank|Flying
|move|p2a: Gliscor|Toxic Spikes|p1a: frank
|-sidestart|p1: gnarledfangs|move: Toxic Spikes
|move|p1a: frank|Acrobatics|p2a: Gliscor
|-damage|p2a: Gliscor|56/100 tox
|
|-heal|p2a: Gliscor|68/100 tox|[from] ability: Poison Heal
|upkeep
|turn|14
|
|t:|1776209523
|move|p2a: Gliscor|Facade|p1a: frank
|-damage|p1a: frank|1/100 par
|cant|p1a: frank|par
|
|-heal|p2a: Gliscor|81/100 tox|[from] ability: Poison Heal
|upkeep
|turn|15
|
|t:|1776209533
|switch|p1a: mysterio|Hawlucha, M|100/100
|-ability|p1a: mysterio|Mold Breaker
|move|p2a: Gliscor|Facade|p1a: mysterio
|-damage|p1a: mysterio|50/100
|
|-heal|p2a: Gliscor|93/100 tox|[from] ability: Poison Heal
|upkeep
|turn|16
|
|t:|1776209543
|move|p1a: mysterio|Brave Bird|p2a: Gliscor
|-damage|p2a: Gliscor|48/100 tox
|-damage|p1a: mysterio|38/100|[from] Recoil
|move|p2a: Gliscor|Facade|p1a: mysterio
|-damage|p1a: mysterio|0 fnt
|faint|p1a: mysterio
|
|-heal|p2a: Gliscor|60/100 tox|[from] ability: Poison Heal
|upkeep
|
|t:|1776209556
|switch|p1a: chachki|Tsareena, F|100/100
|-status|p1a: chachki|tox
|turn|17
|
|t:|1776209565
|move|p2a: Gliscor|U-turn|p1a: chachki
|-supereffective|p1a: chachki
|-damage|p1a: chachki|53/100 tox
|
|t:|1776209575
|switch|p2a: Clefable|Clefable, M|47/100 psn|[from] U-turn
|move|p1a: chachki|Trailblaze|p2a: Clefable
|-damage|p2a: Clefable|21/100 psn
|-boost|p1a: chachki|spe|1
|
|-heal|p2a: Clefable|27/100 psn|[from] item: Leftovers
|-damage|p1a: chachki|48/100 tox|[from] psn
|upkeep
|turn|18
|
|t:|1776209595
|move|p1a: chachki|Triple Axel|p2a: Clefable
|-damage|p2a: Clefable|19/100 psn
|-hitcount|p2a: Clefable|1
|move|p2a: Clefable|Body Slam|p1a: chachki
|-damage|p1a: chachki|30/100 tox
|
|-heal|p2a: Clefable|25/100 psn|[from] item: Leftovers
|-damage|p1a: chachki|18/100 tox|[from] psn
|upkeep
|turn|19
|
|t:|1776209607
|move|p1a: chachki|Seed Bomb|p2a: Clefable
|-damage|p2a: Clefable|0 fnt
|faint|p2a: Clefable
|
|-damage|p1a: chachki|0 fnt|[from] psn
|faint|p1a: chachki
|upkeep
|
|t:|1776209624
|switch|p1a: frank|Grafaiai, M, tera:Flying|1/100 par
|switch|p2a: Gliscor|Gliscor, M|60/100 tox
|turn|20
|
|t:|1776209632
|move|p2a: Gliscor|Facade|p1a: frank
|-damage|p1a: frank|0 fnt
|faint|p1a: frank
|
|-heal|p2a: Gliscor|72/100 tox|[from] ability: Poison Heal
|upkeep
|
|t:|1776209638
|switch|p1a: seagrass|Dragalge, F|100/100
|-sideend|p1: gnarledfangs|move: Toxic Spikes|[of] p1a: seagrass
|turn|21
|
|t:|1776209651
|move|p2a: Gliscor|High Horsepower|p1a: seagrass|[miss]
|-miss|p2a: Gliscor|p1a: seagrass
|move|p1a: seagrass|Scald|p2a: Gliscor
|-supereffective|p2a: Gliscor
|-damage|p2a: Gliscor|4/100 tox
|
|-heal|p2a: Gliscor|17/100 tox|[from] ability: Poison Heal
|upkeep
|turn|22
|
|t:|1776209663
|move|p2a: Gliscor|High Horsepower|p1a: seagrass
|-supereffective|p1a: seagrass
|-damage|p1a: seagrass|30/100
|move|p1a: seagrass|Sludge Wave|p2a: Gliscor
|-resisted|p2a: Gliscor
|-damage|p2a: Gliscor|0 fnt
|faint|p2a: Gliscor
|
|upkeep
|l|☆gnarledfangs
|inactive|gnarledfangs disconnected and has a minute to reconnect!
|player|p1|
|j|☆gnarledfangs
|inactive|gnarledfangs reconnected.
|player|p1|gnarledfangs|harlequin|
|
|t:|1776209687
|switch|p2a: Hatterene|Hatterene, F|100/100
|turn|23
|
|t:|1776209700
|-terastallize|p2a: Hatterene|Steel
|move|p1a: seagrass|Sludge Wave|p2a: Hatterene
|-immune|p2a: Hatterene
|move|p2a: Hatterene|Psychic Noise|p1a: seagrass
|-supereffective|p1a: seagrass
|-damage|p1a: seagrass|0 fnt
|faint|p1a: seagrass
|
|upkeep
|
|t:|1776209710
|switch|p1a: apple fritter|Dachsbun, F, shiny|28/100
|turn|24
|
|t:|1776209716
|move|p1a: apple fritter|Wish|p1a: apple fritter
|move|p2a: Hatterene|Psychic Noise|p1a: apple fritter
|-damage|p1a: apple fritter|0 fnt
|faint|p1a: apple fritter
|
|upkeep
|
|t:|1776209721
|switch|p1a: bubby|Houndoom, M|78/100
|turn|25
|
|t:|1776209726
|move|p1a: bubby|Flamethrower|p2a: Hatterene
|-supereffective|p2a: Hatterene
|-damage|p2a: Hatterene|15/100
|move|p2a: Hatterene|Dazzling Gleam|p1a: bubby
|-damage|p1a: bubby|12/100
|
|-heal|p1a: bubby|66/100|[from] move: Wish|[wisher] apple fritter
|-heal|p2a: Hatterene|21/100|[from] item: Leftovers
|upkeep
|turn|26
|
|t:|1776209738
|move|p1a: bubby|Flamethrower|p2a: Hatterene
|-supereffective|p2a: Hatterene
|-crit|p2a: Hatterene
|-damage|p2a: Hatterene|0 fnt
|faint|p2a: Hatterene
|
|upkeep
|
|t:|1776209745
|switch|p2a: Porygon-Z|Porygon-Z|100/100
|-ability|p2a: Porygon-Z|Download|boost
|-boost|p2a: Porygon-Z|atk|1
|turn|27
|
|t:|1776209753
|move|p2a: Porygon-Z|Tri Attack|p1a: bubby
|-damage|p1a: bubby|6/100
|move|p1a: bubby|Flamethrower|p2a: Porygon-Z
|-crit|p2a: Porygon-Z
|-damage|p2a: Porygon-Z|9/100
|-status|p2a: Porygon-Z|brn
|
|-damage|p2a: Porygon-Z|2/100 brn|[from] brn
|upkeep
|turn|28
|
|t:|1776209766
|move|p2a: Porygon-Z|Tri Attack|p1a: bubby
|-damage|p1a: bubby|0 fnt
|faint|p1a: bubby
|
|win|akarmy17
|raw|gnarledfangs's rating: 1000 &rarr; <strong>1000</strong><br />(+0 for losing)
|raw|akarmy17's rating: 1045 &rarr; <strong>1074</strong><br />(+29 for winning)
|l|☆akarmy17
|player|p2|
|c|☆gnarledfangs|gg
