|html|<div class="broadcast-blue"><strong>[Gen 9] OU is currently suspecting Tera Blast! For information on how to participate check out the <a href="https://www.smogon.com/tools/suspects/view/200">suspect thread</a>.</strong></div>
|j|☆owenlai8570
|j|☆fuckdhelmis000
|t:|1776275811
|gametype|singles
|player|p1|owenlai8570|170|1058
|player|p2|fuckdhelmis000|dawn|1111
|gen|9
|tier|[Gen 9] OU
|rated|
|rule|HP Percentage Mod: HP is shown in percentages
|rule|Endless Battle Clause: Forcing endless battles is banned
|rule|Species Clause: Limit one of each Pokémon
|rule|OHKO Clause: OHKO moves are banned
|rule|Evasion Items Clause: Evasion items are banned
|rule|Evasion Moves Clause: Evasion moves are banned
|rule|Evasion Abilities Clause: Evasion abilities are banned
|rule|Sleep Moves Clause: Sleep-inducing moves are banned
|clearpoke
|poke|p1|Rotom-Wash|
|poke|p1|Milotic, F|
|poke|p1|Kingdra, F|
|poke|p1|Ogerpon-Wellspring, F|
|poke|p1|Walking Wake|
|poke|p1|Primarina, F|
|poke|p2|Ceruledge, M|
|poke|p2|Indeedee, M|
|poke|p2|Hatterene, F|
|poke|p2|Great Tusk|
|poke|p2|Dragonite, M|
|poke|p2|Deoxys-Speed|
|teampreview
|
|t:|1776275819
|teamsize|p1|6
|teamsize|p2|6
|start
|switch|p1a: Kingdra|Kingdra, F|100/100
|switch|p2a: Indeedee|Indeedee, M|100/100
|-fieldstart|move: Psychic Terrain|[from] ability: Psychic Surge|[of] p2a: Indeedee
|turn|1
|inactive|Battle timer is ON: inactive players will automatically lose when time's up. (requested by fuckdhelmis000)
|
|t:|1776275824
|move|p2a: Indeedee|Expanding Force|p1a: Kingdra
|-damage|p1a: Kingdra|19/100
|move|p1a: Kingdra|Agility|p1a: Kingdra
|-boost|p1a: Kingdra|spe|2
|
|upkeep
|turn|2
|
|t:|1776275835
|move|p1a: Kingdra|Draco Meteor|p2a: Indeedee
|-damage|p2a: Indeedee|21/100
|-unboost|p1a: Kingdra|spa|2
|move|p2a: Indeedee|Expanding Force|p1a: Kingdra
|-damage|p1a: Kingdra|0 fnt
|faint|p1a: Kingdra
|
|upkeep
|
|t:|1776275845
|switch|p1a: Rotom|Rotom-Wash|100/100
|turn|3
|
|t:|1776275847
|move|p2a: Indeedee|Expanding Force|p1a: Rotom
|-damage|p1a: Rotom|13/100
|move|p1a: Rotom|Volt Switch|p2a: Indeedee
|-crit|p2a: Indeedee
|-damage|p2a: Indeedee|0 fnt
|faint|p2a: Indeedee
|
|t:|1776275858
|switch|p1a: Primarina|Primarina, F|100/100|[from] Volt Switch
|
|upkeep
|
|t:|1776275882
|switch|p2a: Deoxys|Deoxys-Speed|100/100
|-ability|p2a: Deoxys|Pressure
|turn|4
|
|t:|1776275890
|move|p2a: Deoxys|Expanding Force|p1a: Primarina
|-damage|p1a: Primarina|27/100
|-damage|p2a: Deoxys|91/100|[from] item: Life Orb
|move|p1a: Primarina|Hyper Voice|p2a: Deoxys
|-damage|p2a: Deoxys|18/100
|-enditem|p1a: Primarina|Throat Spray
|-boost|p1a: Primarina|spa|1|[from] item: Throat Spray
|
|upkeep
|turn|5
|
|t:|1776275902
|move|p2a: Deoxys|Expanding Force|p1a: Primarina
|-damage|p1a: Primarina|0 fnt
|faint|p1a: Primarina
|-damage|p2a: Deoxys|8/100|[from] item: Life Orb
|
|upkeep
|
|t:|1776275906
|switch|p1a: Milotic|Milotic, F|100/100
|turn|6
|
|t:|1776275913
|move|p2a: Deoxys|Expanding Force|p1a: Milotic
|-damage|p1a: Milotic|41/100
|-damage|p2a: Deoxys|0 fnt|[from] item: Life Orb
|faint|p2a: Deoxys
|move|p1a: Milotic|Dragon Tail|p2: Deoxys|[notarget]
|-fail|p1a: Milotic
|
|-status|p1a: Milotic|brn|[from] item: Flame Orb
|upkeep
|
|t:|1776275916
|switch|p2a: Ceruledge|Ceruledge, M|100/100
|turn|7
|
|t:|1776275920
|move|p2a: Ceruledge|Poltergeist|p1a: Milotic
|-activate|p1a: Milotic|move: Poltergeist|Flame Orb
|-damage|p1a: Milotic|10/100 brn
|move|p1a: Milotic|Recover|p1a: Milotic
|-heal|p1a: Milotic|60/100 brn
|
|-damage|p1a: Milotic|54/100 brn|[from] brn
|upkeep
|turn|8
|
|t:|1776275927
|move|p2a: Ceruledge|Swords Dance|p2a: Ceruledge
|-boost|p2a: Ceruledge|atk|2
|move|p1a: Milotic|Recover|p1a: Milotic
|-heal|p1a: Milotic|100/100 brn
|
|-damage|p1a: Milotic|94/100 brn|[from] brn
|-fieldend|move: Psychic Terrain
|upkeep
|turn|9
|
|t:|1776275937
|-terastallize|p2a: Ceruledge|Fairy
|move|p2a: Ceruledge|Poltergeist|p1a: Milotic
|-activate|p1a: Milotic|move: Poltergeist|Flame Orb
|-damage|p1a: Milotic|36/100 brn
|move|p1a: Milotic|Dragon Tail|p2a: Ceruledge
|-immune|p2a: Ceruledge
|
|-damage|p1a: Milotic|29/100 brn|[from] brn
|upkeep
|turn|10
|
|t:|1776275945
|move|p2a: Ceruledge|Tera Blast|p1a: Milotic|[anim] Tera Blast Fairy
|-damage|p1a: Milotic|0 fnt
|faint|p1a: Milotic
|
|upkeep
|
|t:|1776275949
|switch|p1a: Ogerpon|Ogerpon-Wellspring, F|100/100
|turn|11
|
|t:|1776275958
|move|p1a: Ogerpon|Swords Dance|p1a: Ogerpon
|-boost|p1a: Ogerpon|atk|2
|move|p2a: Ceruledge|Bitter Blade|p1a: Ogerpon
|-damage|p1a: Ogerpon|0 fnt
|faint|p1a: Ogerpon
|
|upkeep
|
|t:|1776275961
|switch|p1a: Walking Wake|Walking Wake|100/100
|turn|12
|
|t:|1776275966
|move|p1a: Walking Wake|Hydro Steam|p2a: Ceruledge
|-damage|p2a: Ceruledge|33/100
|move|p2a: Ceruledge|Tera Blast|p1a: Walking Wake|[anim] Tera Blast Fairy
|-supereffective|p1a: Walking Wake
|-damage|p1a: Walking Wake|0 fnt
|faint|p1a: Walking Wake
|-end|p1a: Walking Wake|Protosynthesis|[silent]
|
|upkeep
|
|t:|1776275969
|switch|p1a: Rotom|Rotom-Wash|13/100
|turn|13
|
|t:|1776275981
|move|p1a: Rotom|Hydro Pump|p2a: Ceruledge
|-damage|p2a: Ceruledge|0 fnt
|faint|p2a: Ceruledge
|
|-heal|p1a: Rotom|20/100|[from] item: Leftovers
|upkeep
|
|t:|1776275983
|switch|p2a: Great Tusk|Great Tusk|100/100
|turn|14
|
|t:|1776275986
|move|p2a: Great Tusk|Knock Off|p1a: Rotom
|-damage|p1a: Rotom|0 fnt
|-enditem|p1a: Rotom|Leftovers|[from] move: Knock Off|[of] p2a: Great Tusk
|faint|p1a: Rotom
|
|win|fuckdhelmis000
|raw|owenlai8570's rating: 1058 &rarr; <strong>1042</strong><br />(-16 for losing)
|raw|fuckdhelmis000's rating: 1111 &rarr; <strong>1132</strong><br />(+21 for winning)
|l|☆owenlai8570
|player|p1|
