|html|<div class="broadcast-blue"><strong>[Gen 9] OU is currently suspecting Tera Blast! For information on how to participate check out the <a href="https://www.smogon.com/tools/suspects/view/200">suspect thread</a>.</strong></div>
|j|☆FireSide_01
|j|☆maxezzz
|t:|1776206302
|gametype|singles
|player|p1|FireSide_01|janine|1444
|player|p2|maxezzz|waitress|1486
|gen|9
|tier|[Gen 9] OU
|rated|
|rule|HP Percentage Mod: HP is shown in percentages
|rule|Endless Battle Clause: Forcing endless battles is banned
|rule|Species Clause: Limit one of each Pokémon
|rule|OHKO Clause: OHKO moves are banned
|rule|Evasion Items Clause: Evasion items are banned
|rule|Evasion Moves Clause: Evasion moves are banned
|rule|Evasion Abilities Clause: Evasion abilities are banned
|rule|Sleep Moves Clause: Sleep-inducing moves are banned
|clearpoke
|poke|p1|Ninetales, F|
|poke|p1|Walking Wake|
|poke|p1|Typhlosion-Hisui, F|
|poke|p1|Great Tusk|
|poke|p1|Rillaboom, F|
|poke|p1|Raging Bolt|
|poke|p2|Hydreigon, F|
|poke|p2|Ogerpon, F|
|poke|p2|Tinkaton, F|
|poke|p2|Great Tusk|
|poke|p2|Alomomola, F|
|poke|p2|Pecharunt|
|teampreview
|inactive|Battle timer is ON: inactive players will automatically lose when time's up. (requested by maxezzz)
|j| ohko_smeargle
|inactive|FireSide_01 has 120 seconds left.
|
|t:|1776206344
|teamsize|p1|6
|teamsize|p2|6
|start
|switch|p1a: Typhlosion|Typhlosion-Hisui, F|100/100
|switch|p2a: Alomomola|Alomomola, F, shiny|100/100
|turn|1
|
|t:|1776206350
|switch|p1a: Ninetales|Ninetales, F|100/100
|-weather|SunnyDay|[from] ability: Drought|[of] p1a: Ninetales
|move|p2a: Alomomola|Flip Turn|p1a: Ninetales
|-supereffective|p1a: Ninetales
|-damage|p1a: Ninetales|80/100
|
|t:|1776206366
|switch|p2a: Hydreigon|Hydreigon, F, shiny|100/100|[from] Flip Turn
|
|-weather|SunnyDay|[upkeep]
|upkeep
|turn|2
|
|t:|1776206376
|switch|p1a: Raging Bolt|Raging Bolt|100/100
|-activate|p1a: Raging Bolt|ability: Protosynthesis
|-start|p1a: Raging Bolt|protosynthesisspa
|move|p2a: Hydreigon|Dark Pulse|p1a: Raging Bolt
|-damage|p1a: Raging Bolt|64/100
|
|-weather|SunnyDay|[upkeep]
|upkeep
|turn|3
|
|t:|1776206386
|switch|p2a: Tinkaton|Tinkaton, F|100/100
|-ability|p2a: Tinkaton|Mold Breaker
|-item|p2a: Tinkaton|Air Balloon
|move|p1a: Raging Bolt|Dragon Pulse|p2a: Tinkaton
|-immune|p2a: Tinkaton
|
|-weather|SunnyDay|[upkeep]
|upkeep
|turn|4
|
|t:|1776206393
|move|p2a: Tinkaton|Encore|p1a: Raging Bolt
|-start|p1a: Raging Bolt|Encore
|move|p1a: Raging Bolt|Dragon Pulse|p2a: Tinkaton
|-immune|p2a: Tinkaton
|
|-weather|SunnyDay|[upkeep]
|upkeep
|turn|5
|
|t:|1776206403
|-end|p1a: Raging Bolt|Protosynthesis|[silent]
|switch|p1a: Typhlosion|Typhlosion-Hisui, F|100/100
|move|p2a: Tinkaton|Stealth Rock|p1a: Typhlosion
|-sidestart|p1: FireSide_01|move: Stealth Rock
|
|-weather|SunnyDay|[upkeep]
|upkeep
|turn|6
|
|t:|1776206415
|switch|p2a: Alomomola|Alomomola, F, shiny|100/100
|move|p1a: Typhlosion|Eruption|p2a: Alomomola
|-resisted|p2a: Alomomola
|-damage|p2a: Alomomola|70/100
|
|-weather|SunnyDay|[upkeep]
|upkeep
|turn|7
|
|t:|1776206422
|switch|p1a: Great Tusk|Great Tusk|100/100
|-activate|p1a: Great Tusk|ability: Protosynthesis
|-start|p1a: Great Tusk|protosynthesisspe
|move|p2a: Alomomola|Flip Turn|p1a: Great Tusk
|-supereffective|p1a: Great Tusk
|-damage|p1a: Great Tusk|90/100
|inactive|maxezzz has 120 seconds left.
|
|t:|1776206461
|switch|p2a: Tinkaton|Tinkaton, F|100/100|[from] Flip Turn
|-ability|p2a: Tinkaton|Mold Breaker
|-item|p2a: Tinkaton|Air Balloon
|
|-weather|SunnyDay|[upkeep]
|upkeep
|turn|8
|
|t:|1776206470
|move|p1a: Great Tusk|Rapid Spin|p2a: Tinkaton
|-resisted|p2a: Tinkaton
|-damage|p2a: Tinkaton|91/100
|-boost|p1a: Great Tusk|spe|1
|-enditem|p2a: Tinkaton|Air Balloon
|-sideend|p1: FireSide_01|Stealth Rock|[from] move: Rapid Spin|[of] p1a: Great Tusk
|move|p2a: Tinkaton|Encore|p1a: Great Tusk
|-start|p1a: Great Tusk|Encore
|
|-weather|none
|-end|p1a: Great Tusk|Protosynthesis
|upkeep
|turn|9
|
|t:|1776206481
|-end|p1a: Great Tusk|Protosynthesis|[silent]
|switch|p1a: Ninetales|Ninetales, F|80/100
|-weather|SunnyDay|[from] ability: Drought|[of] p1a: Ninetales
|switch|p2a: Hydreigon|Hydreigon, F, shiny|100/100
|
|-weather|SunnyDay|[upkeep]
|upkeep
|turn|10
|
|t:|1776206490
|switch|p1a: Raging Bolt|Raging Bolt|64/100
|-activate|p1a: Raging Bolt|ability: Protosynthesis
|-start|p1a: Raging Bolt|protosynthesisspa
|move|p2a: Hydreigon|Draco Meteor|p1a: Raging Bolt
|-supereffective|p1a: Raging Bolt
|-damage|p1a: Raging Bolt|0 fnt
|-unboost|p2a: Hydreigon|spa|2
|faint|p1a: Raging Bolt
|-end|p1a: Raging Bolt|Protosynthesis|[silent]
|
|-weather|SunnyDay|[upkeep]
|upkeep
|
|t:|1776206511
|switch|p1a: Typhlosion|Typhlosion-Hisui, F|100/100
|turn|11
|
|t:|1776206513
|switch|p2a: Alomomola|Alomomola, F, shiny|100/100
|move|p1a: Typhlosion|Focus Blast|p2a: Alomomola
|-damage|p2a: Alomomola|77/100
|
|-weather|SunnyDay|[upkeep]
|upkeep
|turn|12
|
|t:|1776206519
|switch|p1a: Rillaboom|Rillaboom, F|100/100
|-fieldstart|move: Grassy Terrain|[from] ability: Grassy Surge|[of] p1a: Rillaboom
|move|p2a: Alomomola|Flip Turn|p1a: Rillaboom
|-resisted|p1a: Rillaboom
|-damage|p1a: Rillaboom|96/100
|
|t:|1776206524
|switch|p2a: Pecharunt|Pecharunt|100/100|[from] Flip Turn
|
|-weather|SunnyDay|[upkeep]
|-heal|p1a: Rillaboom|100/100|[from] Grassy Terrain
|upkeep
|turn|13
|
|t:|1776206528
|move|p1a: Rillaboom|Knock Off|p2a: Pecharunt
|-supereffective|p2a: Pecharunt
|-damage|p2a: Pecharunt|53/100
|-enditem|p2a: Pecharunt|Heavy-Duty Boots|[from] move: Knock Off|[of] p1a: Rillaboom
|move|p2a: Pecharunt|Toxic|p1a: Rillaboom
|-status|p1a: Rillaboom|tox
|-start|p1a: Rillaboom|confusion|[from] ability: Poison Puppeteer|[of] p2a: Pecharunt
|
|-weather|SunnyDay|[upkeep]
|-heal|p2a: Pecharunt|59/100|[from] Grassy Terrain
|-damage|p1a: Rillaboom|94/100 tox|[from] psn
|upkeep
|turn|14
|
|t:|1776206541
|switch|p1a: Walking Wake|Walking Wake|100/100
|-activate|p1a: Walking Wake|ability: Protosynthesis
|-start|p1a: Walking Wake|protosynthesisspa
|move|p2a: Pecharunt|Recover|p2a: Pecharunt
|-heal|p2a: Pecharunt|100/100
|
|-weather|SunnyDay|[upkeep]
|upkeep
|turn|15
|
|t:|1776206545
|switch|p2a: Alomomola|Alomomola, F, shiny|100/100
|move|p1a: Walking Wake|Hydro Steam|p2a: Alomomola
|-resisted|p2a: Alomomola
|-damage|p2a: Alomomola|67/100
|
|-weather|SunnyDay|[upkeep]
|-heal|p2a: Alomomola|73/100|[from] Grassy Terrain
|upkeep
|turn|16
|
|t:|1776206554
|move|p1a: Walking Wake|Hydro Steam|p2a: Alomomola
|-resisted|p2a: Alomomola
|-damage|p2a: Alomomola|39/100
|move|p2a: Alomomola|Mirror Coat|p1a: Walking Wake
|-damage|p1a: Walking Wake|6/100
|
|-weather|none
|-end|p1a: Walking Wake|Protosynthesis
|-heal|p1a: Walking Wake|12/100|[from] Grassy Terrain
|-heal|p2a: Alomomola|45/100|[from] Grassy Terrain
|-fieldend|move: Grassy Terrain
|upkeep
|turn|17
|c|☆FireSide_01|I feel like every shiny Alomomola I see is AV
|
|t:|1776206569
|-end|p1a: Walking Wake|Protosynthesis|[silent]
|switch|p1a: Ninetales|Ninetales, F|80/100
|-weather|SunnyDay|[from] ability: Drought|[of] p1a: Ninetales
|move|p2a: Alomomola|Flip Turn|p1a: Ninetales
|-supereffective|p1a: Ninetales
|-damage|p1a: Ninetales|59/100
|
|t:|1776206585
|switch|p2a: Hydreigon|Hydreigon, F, shiny|100/100|[from] Flip Turn
|
|-weather|SunnyDay|[upkeep]
|upkeep
|turn|18
|
|t:|1776206611
|switch|p1a: Walking Wake|Walking Wake|12/100
|-activate|p1a: Walking Wake|ability: Protosynthesis
|-start|p1a: Walking Wake|protosynthesisspa
|move|p2a: Hydreigon|Draco Meteor|p1a: Walking Wake
|-supereffective|p1a: Walking Wake
|-damage|p1a: Walking Wake|0 fnt
|-unboost|p2a: Hydreigon|spa|2
|faint|p1a: Walking Wake
|-end|p1a: Walking Wake|Protosynthesis|[silent]
|
|-weather|SunnyDay|[upkeep]
|upkeep
|inactive|FireSide_01 has 120 seconds left.
|
|t:|1776206646
|switch|p1a: Rillaboom|Rillaboom, F|94/100 tox
|-fieldstart|move: Grassy Terrain|[from] ability: Grassy Surge|[of] p1a: Rillaboom
|turn|19
|
|t:|1776206652
|switch|p2a: Pecharunt|Pecharunt|100/100
|move|p1a: Rillaboom|U-turn|p2a: Pecharunt
|-resisted|p2a: Pecharunt
|-damage|p2a: Pecharunt|96/100
|
|t:|1776206656
|switch|p1a: Typhlosion|Typhlosion-Hisui, F|100/100|[from] U-turn
|
|-weather|SunnyDay|[upkeep]
|-heal|p2a: Pecharunt|100/100|[from] Grassy Terrain
|upkeep
|turn|20
|
|t:|1776206668
|switch|p2a: Alomomola|Alomomola, F, shiny|79/100
|-terastallize|p1a: Typhlosion|Fire
|move|p1a: Typhlosion|Eruption|p2a: Alomomola
|-resisted|p2a: Alomomola
|-damage|p2a: Alomomola|33/100
|
|-weather|SunnyDay|[upkeep]
|-heal|p2a: Alomomola|39/100|[from] Grassy Terrain
|upkeep
|turn|21
|inactive|FireSide_01 has 120 seconds left.
|
|t:|1776206689
|switch|p2a: Great Tusk|Great Tusk, shiny|100/100
|-activate|p2a: Great Tusk|ability: Protosynthesis
|-start|p2a: Great Tusk|protosynthesisatk
|move|p1a: Typhlosion|Eruption|p2a: Great Tusk
|-damage|p2a: Great Tusk|0 fnt
|faint|p2a: Great Tusk
|-end|p2a: Great Tusk|Protosynthesis|[silent]
|
|-weather|SunnyDay|[upkeep]
|upkeep
|
|t:|1776206697
|switch|p2a: Alomomola|Alomomola, F, shiny|72/100
|turn|22
|
|t:|1776206699
|switch|p1a: Rillaboom|Rillaboom, F|94/100 tox
|move|p2a: Alomomola|Mirror Coat||[still]
|-fail|p2a: Alomomola
|
|-weather|SunnyDay|[upkeep]
|-heal|p1a: Rillaboom|100/100 tox|[from] Grassy Terrain
|-heal|p2a: Alomomola|78/100|[from] Grassy Terrain
|-damage|p1a: Rillaboom|94/100 tox|[from] psn
|upkeep
|turn|23
|
|t:|1776206715
|move|p1a: Rillaboom|Knock Off|p2a: Alomomola
|-damage|p2a: Alomomola|39/100
|-enditem|p2a: Alomomola|Assault Vest|[from] move: Knock Off|[of] p1a: Rillaboom
|move|p2a: Alomomola|Flip Turn|p1a: Rillaboom
|-resisted|p1a: Rillaboom
|-damage|p1a: Rillaboom|90/100 tox
|
|t:|1776206737
|switch|p2a: Tinkaton|Tinkaton, F|91/100|[from] Flip Turn
|-ability|p2a: Tinkaton|Mold Breaker
|
|-weather|SunnyDay|[upkeep]
|-heal|p2a: Tinkaton|98/100|[from] Grassy Terrain
|-heal|p1a: Rillaboom|96/100 tox|[from] Grassy Terrain
|-damage|p1a: Rillaboom|84/100 tox|[from] psn
|-fieldend|move: Grassy Terrain
|upkeep
|turn|24
|
|t:|1776206744
|switch|p1a: Great Tusk|Great Tusk|90/100
|-activate|p1a: Great Tusk|ability: Protosynthesis
|-start|p1a: Great Tusk|protosynthesisspe
|move|p2a: Tinkaton|Stealth Rock|p1a: Great Tusk
|-sidestart|p1: FireSide_01|move: Stealth Rock
|
|-weather|none
|-end|p1a: Great Tusk|Protosynthesis
|upkeep
|turn|25
|
|t:|1776206755
|switch|p2a: Pecharunt|Pecharunt|100/100
|move|p1a: Great Tusk|Stealth Rock|p2a: Pecharunt
|-sidestart|p2: maxezzz|move: Stealth Rock
|
|upkeep
|turn|26
|
|t:|1776206767
|move|p1a: Great Tusk|Headlong Rush|p2a: Pecharunt
|-supereffective|p2a: Pecharunt
|-damage|p2a: Pecharunt|53/100
|-unboost|p1a: Great Tusk|def|1
|-unboost|p1a: Great Tusk|spd|1
|move|p2a: Pecharunt|Parting Shot|p1a: Great Tusk
|-unboost|p1a: Great Tusk|atk|1
|-unboost|p1a: Great Tusk|spa|1
|inactive|maxezzz has 120 seconds left.
|
|t:|1776206807
|switch|p2a: Hydreigon|Hydreigon, F, shiny|100/100|[from] Parting Shot
|-damage|p2a: Hydreigon|88/100|[from] Stealth Rock
|
|upkeep
|turn|27
|
|t:|1776206823
|-end|p1a: Great Tusk|Protosynthesis|[silent]
|switch|p1a: Rillaboom|Rillaboom, F|84/100 tox
|-damage|p1a: Rillaboom|71/100 tox|[from] Stealth Rock
|-fieldstart|move: Grassy Terrain|[from] ability: Grassy Surge|[of] p1a: Rillaboom
|move|p2a: Hydreigon|Dark Pulse|p1a: Rillaboom
|-damage|p1a: Rillaboom|0 fnt
|faint|p1a: Rillaboom
|
|upkeep
|
|t:|1776206827
|switch|p1a: Ninetales|Ninetales, F|59/100
|-damage|p1a: Ninetales|34/100|[from] Stealth Rock
|-weather|SunnyDay|[from] ability: Drought|[of] p1a: Ninetales
|turn|28
|
|t:|1776206834
|switch|p1a: Great Tusk|Great Tusk|90/100
|-activate|p1a: Great Tusk|ability: Protosynthesis
|-start|p1a: Great Tusk|protosynthesisspe
|move|p2a: Hydreigon|Dark Pulse|p1a: Great Tusk
|-resisted|p1a: Great Tusk
|-damage|p1a: Great Tusk|50/100
|
|-weather|SunnyDay|[upkeep]
|-heal|p1a: Great Tusk|56/100|[from] Grassy Terrain
|upkeep
|turn|29
|inactive|maxezzz has 120 seconds left.
|
|t:|1776206885
|switch|p2a: Pecharunt|Pecharunt|53/100
|-damage|p2a: Pecharunt|41/100|[from] Stealth Rock
|move|p1a: Great Tusk|Rapid Spin|p2a: Pecharunt
|-immune|p2a: Pecharunt
|
|-weather|SunnyDay|[upkeep]
|-heal|p1a: Great Tusk|62/100|[from] Grassy Terrain
|-heal|p2a: Pecharunt|47/100|[from] Grassy Terrain
|upkeep
|turn|30
|inactive|maxezzz has 90 seconds left.
|
|t:|1776206901
|-terastallize|p2a: Pecharunt|Dark
|move|p1a: Great Tusk|Headlong Rush|p2a: Pecharunt
|-damage|p2a: Pecharunt|24/100
|-unboost|p1a: Great Tusk|def|1
|-unboost|p1a: Great Tusk|spd|1
|move|p2a: Pecharunt|Recover|p2a: Pecharunt
|-heal|p2a: Pecharunt|74/100
|
|-weather|SunnyDay|[upkeep]
|-heal|p1a: Great Tusk|68/100|[from] Grassy Terrain
|-heal|p2a: Pecharunt|80/100|[from] Grassy Terrain
|upkeep
|turn|31
|
|t:|1776206905
|move|p1a: Great Tusk|Rapid Spin|p2a: Pecharunt
|-damage|p2a: Pecharunt|73/100
|-boost|p1a: Great Tusk|spe|1
|-sideend|p1: FireSide_01|Stealth Rock|[from] move: Rapid Spin|[of] p1a: Great Tusk
|move|p2a: Pecharunt|Toxic|p1a: Great Tusk
|-status|p1a: Great Tusk|tox
|-start|p1a: Great Tusk|confusion|[from] ability: Poison Puppeteer|[of] p2a: Pecharunt
|
|-weather|SunnyDay|[upkeep]
|-heal|p1a: Great Tusk|74/100 tox|[from] Grassy Terrain
|-heal|p2a: Pecharunt|79/100|[from] Grassy Terrain
|-damage|p1a: Great Tusk|68/100 tox|[from] psn
|-fieldend|move: Grassy Terrain
|upkeep
|turn|32
|
|t:|1776206924
|-activate|p1a: Great Tusk|confusion
|-damage|p1a: Great Tusk|58/100 tox|[from] confusion
|move|p2a: Pecharunt|Parting Shot|p1a: Great Tusk
|-unboost|p1a: Great Tusk|atk|1
|-unboost|p1a: Great Tusk|spa|1
|inactive|maxezzz has 90 seconds left.
|
|t:|1776206947
|switch|p2a: Alomomola|Alomomola, F, shiny|73/100|[from] Parting Shot
|-damage|p2a: Alomomola|60/100|[from] Stealth Rock
|
|-weather|SunnyDay|[upkeep]
|-damage|p1a: Great Tusk|45/100 tox|[from] psn
|upkeep
|turn|33
|
|t:|1776206952
|-activate|p1a: Great Tusk|confusion
|-damage|p1a: Great Tusk|38/100 tox|[from] confusion
|move|p2a: Alomomola|Flip Turn|p1a: Great Tusk
|-supereffective|p1a: Great Tusk
|-damage|p1a: Great Tusk|23/100 tox
|inactive|maxezzz has 90 seconds left.
|
|t:|1776206989
|switch|p2a: Pecharunt|Pecharunt, tera:Dark|79/100|[from] Flip Turn
|-damage|p2a: Pecharunt|66/100|[from] Stealth Rock
|
|-weather|SunnyDay|[upkeep]
|-damage|p1a: Great Tusk|4/100 tox|[from] psn
|upkeep
|turn|34
|
|t:|1776206999
|-activate|p1a: Great Tusk|confusion
|move|p1a: Great Tusk|Headlong Rush|p2a: Pecharunt
|-damage|p2a: Pecharunt|50/100
|-unboost|p1a: Great Tusk|def|1
|-unboost|p1a: Great Tusk|spd|1
|move|p2a: Pecharunt|Recover|p2a: Pecharunt
|-heal|p2a: Pecharunt|99/100
|
|-weather|SunnyDay|[upkeep]
|-damage|p1a: Great Tusk|0 fnt|[from] psn
|faint|p1a: Great Tusk
|-end|p1a: Great Tusk|Protosynthesis|[silent]
|upkeep
|
|t:|1776207006
|switch|p1a: Typhlosion|Typhlosion-Hisui, F, tera:Fire|100/100
|turn|35
|
|t:|1776207012
|switch|p2a: Alomomola|Alomomola, F, shiny|93/100
|-damage|p2a: Alomomola|81/100|[from] Stealth Rock
|move|p1a: Typhlosion|Eruption|p2a: Alomomola
|-resisted|p2a: Alomomola
|-damage|p2a: Alomomola|11/100
|
|-weather|none
|upkeep
|turn|36
|inactive|maxezzz has 90 seconds left.
|
|t:|1776207021
|switch|p1a: Ninetales|Ninetales, F|34/100
|-weather|SunnyDay|[from] ability: Drought|[of] p1a: Ninetales
|move|p2a: Alomomola|Flip Turn|p1a: Ninetales
|-supereffective|p1a: Ninetales
|-damage|p1a: Ninetales|15/100
|inactive|maxezzz has 90 seconds left.
|inactive|maxezzz has 60 seconds left.
|
|t:|1776207057
|switch|p2a: Ogerpon|Ogerpon, F|100/100|[from] Flip Turn
|-damage|p2a: Ogerpon|88/100|[from] Stealth Rock
|
|-weather|SunnyDay|[upkeep]
|upkeep
|turn|37
|inactive|maxezzz has 60 seconds left.
|
|t:|1776207093
|move|p2a: Ogerpon|Ivy Cudgel|p1a: Ninetales
|-resisted|p1a: Ninetales
|-damage|p1a: Ninetales|0 fnt
|faint|p1a: Ninetales
|
|-weather|SunnyDay|[upkeep]
|upkeep
|
|t:|1776207097
|switch|p1a: Typhlosion|Typhlosion-Hisui, F, tera:Fire|100/100
|turn|38
|inactive|maxezzz has 30 seconds left.
|
|t:|1776207124
|switch|p2a: Tinkaton|Tinkaton, F|98/100
|-damage|p2a: Tinkaton|91/100|[from] Stealth Rock
|-ability|p2a: Tinkaton|Mold Breaker
|move|p1a: Typhlosion|Flamethrower|p2a: Tinkaton
|-supereffective|p2a: Tinkaton
|-damage|p2a: Tinkaton|0 fnt
|faint|p2a: Tinkaton
|
|-weather|SunnyDay|[upkeep]
|upkeep
|inactive|maxezzz has 30 seconds left this turn.
|inactive|maxezzz has 20 seconds left.
|
|t:|1776207137
|switch|p2a: Pecharunt|Pecharunt, tera:Dark|99/100
|-damage|p2a: Pecharunt|87/100|[from] Stealth Rock
|turn|39
|inactive|maxezzz has 30 seconds left this turn.
|
|t:|1776207139
|move|p1a: Typhlosion|Flamethrower|p2a: Pecharunt
|-damage|p2a: Pecharunt|0 fnt
|faint|p2a: Pecharunt
|
|-weather|SunnyDay|[upkeep]
|upkeep
|inactive|maxezzz has 30 seconds left.
|
|t:|1776207152
|switch|p2a: Alomomola|Alomomola, F, shiny|44/100
|-damage|p2a: Alomomola|32/100|[from] Stealth Rock
|turn|40
|inactive|maxezzz has 30 seconds left.
|
|t:|1776207158
|move|p1a: Typhlosion|Flamethrower|p2a: Alomomola
|-resisted|p2a: Alomomola
|-damage|p2a: Alomomola|0 fnt
|faint|p2a: Alomomola
|
|-weather|SunnyDay|[upkeep]
|upkeep
|
|t:|1776207163
|switch|p2a: Hydreigon|Hydreigon, F, shiny|88/100
|-damage|p2a: Hydreigon|76/100|[from] Stealth Rock
|turn|41
|
|t:|1776207166
|move|p1a: Typhlosion|Flamethrower|p2a: Hydreigon
|-resisted|p2a: Hydreigon
|-damage|p2a: Hydreigon|23/100
|move|p2a: Hydreigon|Earth Power|p1a: Typhlosion
|-supereffective|p1a: Typhlosion
|-damage|p1a: Typhlosion|0 fnt
|faint|p1a: Typhlosion
|
|win|maxezzz
|raw|FireSide_01's rating: 1444 &rarr; <strong>1425</strong><br />(-19 for losing)
|raw|maxezzz's rating: 1467 &rarr; <strong>1486</strong><br />(+19 for winning)
|l| ohko_smeargle
|c|☆FireSide_01|gg
