|html|<div class="broadcast-blue"><strong>[Gen 9] OU is currently suspecting Tera Blast! For information on how to participate check out the <a href="https://www.smogon.com/tools/suspects/view/200">suspect thread</a>.</strong></div>
|j|☆Batman340
|j|☆mikefeo25
|t:|1776116717
|gametype|singles
|player|p1|Batman340|2|1342
|player|p2|mikefeo25|169|1376
|gen|9
|tier|[Gen 9] OU
|rated|
|rule|HP Percentage Mod: HP is shown in percentages
|rule|Endless Battle Clause: Forcing endless battles is banned
|rule|Species Clause: Limit one of each Pokémon
|rule|OHKO Clause: OHKO moves are banned
|rule|Evasion Items Clause: Evasion items are banned
|rule|Evasion Moves Clause: Evasion moves are banned
|rule|Evasion Abilities Clause: Evasion abilities are banned
|rule|Sleep Moves Clause: Sleep-inducing moves are banned
|clearpoke
|poke|p1|Moltres|
|poke|p1|Grimmsnarl, M|
|poke|p1|Kyurem|
|poke|p1|Iron Crown|
|poke|p1|Great Tusk|
|poke|p1|Dragonite, F|
|poke|p2|Great Tusk|
|poke|p2|Braviary-Hisui, M|
|poke|p2|Darkrai|
|poke|p2|Dragapult, M|
|poke|p2|Kingambit, M|
|poke|p2|Dragonite, M|
|teampreview
|inactive|Battle timer is ON: inactive players will automatically lose when time's up. (requested by Batman340)
|
|t:|1776116729
|teamsize|p1|6
|teamsize|p2|6
|start
|switch|p1a: Grimmsnarl|Grimmsnarl, M, shiny|100/100
|switch|p2a: Leviathan|Dragapult, M, shiny|100/100
|turn|1
|
|t:|1776116738
|move|p2a: Leviathan|U-turn|p1a: Grimmsnarl
|-damage|p1a: Grimmsnarl|62/100
|
|t:|1776116742
|switch|p2a: Overgod|Kingambit, M, shiny|100/100|[from] U-turn
|-item|p2a: Overgod|Air Balloon
|move|p1a: Grimmsnarl|Spirit Break|p2a: Overgod
|-damage|p2a: Overgod|68/100
|-unboost|p2a: Overgod|spa|1
|-enditem|p2a: Overgod|Air Balloon
|
|upkeep
|turn|2
|
|t:|1776116758
|-end|p2a: Overgod|fallenundefined|[silent]
|switch|p2a: Cosmic Owl|Braviary-Hisui, M|100/100
|switch|p1a: Moltres|Moltres|100/100
|
|upkeep
|turn|3
|
|t:|1776116766
|move|p2a: Cosmic Owl|Esper Wing|p1a: Moltres
|-damage|p1a: Moltres|43/100
|-boost|p2a: Cosmic Owl|spe|1
|move|p1a: Moltres|Flamethrower|p2a: Cosmic Owl
|-damage|p2a: Cosmic Owl|38/100
|
|upkeep
|turn|4
|
|t:|1776116775
|switch|p1a: Grimmsnarl|Grimmsnarl, M, shiny|62/100
|move|p2a: Cosmic Owl|Esper Wing|p1a: Grimmsnarl
|-immune|p1a: Grimmsnarl
|
|upkeep
|turn|5
|
|t:|1776116782
|switch|p2a: Overgod|Kingambit, M, shiny|68/100
|move|p1a: Grimmsnarl|Light Screen|p1a: Grimmsnarl
|-sidestart|p1: Batman340|move: Light Screen
|
|upkeep
|turn|6
|
|t:|1776116788
|move|p1a: Grimmsnarl|Reflect|p1a: Grimmsnarl
|-sidestart|p1: Batman340|Reflect
|move|p2a: Overgod|Iron Head|p1a: Grimmsnarl
|-supereffective|p1a: Grimmsnarl
|-damage|p1a: Grimmsnarl|5/100
|
|upkeep
|turn|7
|
|t:|1776116795
|switch|p1a: Moltres|Moltres|43/100
|move|p2a: Overgod|Iron Head|p1a: Moltres
|-resisted|p1a: Moltres
|-damage|p1a: Moltres|31/100
|
|upkeep
|turn|8
|
|t:|1776116804
|-end|p2a: Overgod|fallenundefined|[silent]
|switch|p2a: Leviathan|Dragapult, M, shiny|100/100
|move|p1a: Moltres|Roost|p1a: Moltres
|-heal|p1a: Moltres|81/100
|-singleturn|p1a: Moltres|move: Roost
|
|upkeep
|turn|9
|
|t:|1776116812
|move|p2a: Leviathan|Dragon Darts|p1a: Moltres
|-damage|p1a: Moltres|62/100
|-anim|p2a: Leviathan|Dragon Darts|p1a: Moltres
|-damage|p1a: Moltres|42/100
|move|p1a: Moltres|Will-O-Wisp|p2a: Leviathan
|-status|p2a: Leviathan|brn
|
|-damage|p2a: Leviathan|95/100 brn|[from] brn
|upkeep
|turn|10
|-message|mikefeo25 forfeited.
|
|win|Batman340
|raw|Batman340's rating: 1342 &rarr; <strong>1364</strong><br />(+22 for winning)
|raw|mikefeo25's rating: 1376 &rarr; <strong>1354</strong><br />(-22 for losing)
|l|☆mikefeo25
|player|p2|
|l|☆Batman340
|player|p1|
|j|☆Batman340
|player|p1|Batman340|2|
|l|☆Batman340
|player|p1|
