|html|<div class="broadcast-blue"><strong>[Gen 9] OU is currently suspecting Tera Blast! For information on how to participate check out the <a href="https://www.smogon.com/tools/suspects/view/200">suspect thread</a>.</strong></div>
|j|☆Jsparxs
|j|☆t10zin
|t:|1776097354
|gametype|singles
|player|p1|Jsparxs|265|1416
|player|p2|t10zin|1|1396
|gen|9
|tier|[Gen 9] OU
|rated|
|rule|HP Percentage Mod: HP is shown in percentages
|rule|Endless Battle Clause: Forcing endless battles is banned
|rule|Species Clause: Limit one of each Pokémon
|rule|OHKO Clause: OHKO moves are banned
|rule|Evasion Items Clause: Evasion items are banned
|rule|Evasion Moves Clause: Evasion moves are banned
|rule|Evasion Abilities Clause: Evasion abilities are banned
|rule|Sleep Moves Clause: Sleep-inducing moves are banned
|clearpoke
|poke|p1|Cobalion|
|poke|p1|Zamazenta-*|
|poke|p1|Iron Valiant|
|poke|p1|Gallade, M|
|poke|p1|Kommo-o, F|
|poke|p1|Okidogi, M|
|poke|p2|Cinderace, M|
|poke|p2|Great Tusk|
|poke|p2|Hatterene, F|
|poke|p2|Iron Valiant|
|poke|p2|Ogerpon-Wellspring, F|
|poke|p2|Kingambit, M|
|teampreview
|c|☆Jsparxs|glhf
|
|t:|1776097381
|teamsize|p1|6
|teamsize|p2|6
|start
|switch|p1a: Iron Valiant|Iron Valiant|100/100
|switch|p2a: Cinderace|Cinderace, M|100/100
|turn|1
|
|t:|1776097392
|move|p2a: Cinderace|Gunk Shot|p1a: Iron Valiant|[miss]
|-start|p2a: Cinderace|typechange|Poison|[from] ability: Libero
|-miss|p2a: Cinderace|p1a: Iron Valiant
|move|p1a: Iron Valiant|Trick|p2a: Cinderace
|-activate|p1a: Iron Valiant|move: Trick|[of] p2a: Cinderace
|-item|p2a: Cinderace|Choice Specs|[from] move: Trick
|-item|p1a: Iron Valiant|Choice Scarf|[from] move: Trick
|
|upkeep
|turn|2
|
|t:|1776097407
|-end|p1a: Iron Valiant|Quark Drive|[silent]
|switch|p1a: Cobalion|Cobalion|100/100
|move|p2a: Cinderace|U-turn|p1a: Cobalion
|-resisted|p1a: Cobalion
|-damage|p1a: Cobalion|96/100
|-damage|p2a: Cinderace|84/100|[from] item: Rocky Helmet|[of] p1a: Cobalion
|
|t:|1776097417
|switch|p2a: Hatterene|Hatterene, F|100/100|[from] U-turn
|
|upkeep
|turn|3
|
|t:|1776097422
|move|p1a: Cobalion|Iron Head|p2a: Hatterene
|-supereffective|p2a: Hatterene
|-damage|p2a: Hatterene|53/100
|cant|p2a: Hatterene|flinch
|
|upkeep
|turn|4
|
|t:|1776097430
|switch|p2a: Cinderace|Cinderace, M|84/100
|move|p1a: Cobalion|Iron Head|p2a: Cinderace
|-resisted|p2a: Cinderace
|-damage|p2a: Cinderace|60/100
|
|upkeep
|turn|5
|
|t:|1776097448
|-terastallize|p1a: Cobalion|Dragon
|move|p2a: Cinderace|Pyro Ball|p1a: Cobalion
|-resisted|p1a: Cobalion
|-damage|p1a: Cobalion|73/100
|move|p1a: Cobalion|Thunder Wave|p2a: Cinderace|[miss]
|-miss|p1a: Cobalion|p2a: Cinderace
|
|upkeep
|turn|6
|
|t:|1776097456
|switch|p2a: Kingambit|Kingambit, M|100/100
|move|p1a: Cobalion|Stealth Rock|p2a: Kingambit
|-sidestart|p2: t10zin|move: Stealth Rock
|
|upkeep
|turn|7
|
|t:|1776097462
|move|p1a: Cobalion|Thunder Wave|p2a: Kingambit
|-status|p2a: Kingambit|par
|move|p2a: Kingambit|Kowtow Cleave|p1a: Cobalion
|-damage|p1a: Cobalion|22/100
|-damage|p2a: Kingambit|84/100 par|[from] item: Rocky Helmet|[of] p1a: Cobalion
|-ability|p1a: Cobalion|Justified|boost
|-boost|p1a: Cobalion|atk|1
|
|upkeep
|turn|8
|
|t:|1776097470
|move|p2a: Kingambit|Sucker Punch||[still]
|-fail|p2a: Kingambit
|move|p1a: Cobalion|Stealth Rock||[still]
|-fail|p1a: Cobalion
|
|upkeep
|turn|9
|
|t:|1776097476
|move|p1a: Cobalion|Stealth Rock||[still]
|-fail|p1a: Cobalion
|move|p2a: Kingambit|Kowtow Cleave|p1a: Cobalion
|-damage|p1a: Cobalion|0 fnt
|-damage|p2a: Kingambit|67/100 par|[from] item: Rocky Helmet|[of] p1a: Cobalion
|faint|p1a: Cobalion
|
|upkeep
|
|t:|1776097499
|switch|p1a: Okidogi|Okidogi, M|100/100
|turn|10
|
|t:|1776097509
|-end|p2a: Kingambit|fallenundefined|[silent]
|switch|p2a: Great Tusk|Great Tusk|100/100
|move|p1a: Okidogi|Drain Punch|p2a: Great Tusk
|-damage|p2a: Great Tusk|76/100
|-status|p2a: Great Tusk|tox|[from] ability: Toxic Chain|[of] p1a: Okidogi
|
|-damage|p2a: Great Tusk|70/100 tox|[from] psn
|upkeep
|turn|11
|
|t:|1776097514
|move|p2a: Great Tusk|Rapid Spin|p1a: Okidogi
|-damage|p1a: Okidogi|86/100
|-boost|p2a: Great Tusk|spe|1
|-sideend|p2: t10zin|Stealth Rock|[from] move: Rapid Spin|[of] p2a: Great Tusk
|move|p1a: Okidogi|Psychic Fangs|p2a: Great Tusk
|-supereffective|p2a: Great Tusk
|-damage|p2a: Great Tusk|22/100 tox
|
|-damage|p2a: Great Tusk|9/100 tox|[from] psn
|upkeep
|turn|12
|
|t:|1776097518
|switch|p1a: Zamazenta|Zamazenta|100/100
|-ability|p1a: Zamazenta|Dauntless Shield|boost
|-boost|p1a: Zamazenta|def|1
|move|p2a: Great Tusk|Headlong Rush|p1a: Zamazenta
|-damage|p1a: Zamazenta|74/100
|-unboost|p2a: Great Tusk|def|1
|-unboost|p2a: Great Tusk|spd|1
|
|-heal|p1a: Zamazenta|80/100|[from] item: Leftovers
|-damage|p2a: Great Tusk|0 fnt|[from] psn
|faint|p2a: Great Tusk
|-end|p2a: Great Tusk|Protosynthesis|[silent]
|upkeep
|
|t:|1776097545
|switch|p2a: Iron Valiant|Iron Valiant|100/100
|turn|13
|
|t:|1776097566
|move|p1a: Zamazenta|Body Press|p2a: Iron Valiant
|-resisted|p2a: Iron Valiant
|-damage|p2a: Iron Valiant|63/100
|move|p2a: Iron Valiant|Moonblast|p1a: Zamazenta
|-supereffective|p1a: Zamazenta
|-damage|p1a: Zamazenta|0 fnt
|faint|p1a: Zamazenta
|
|upkeep
|
|t:|1776097582
|switch|p1a: Gallade|Gallade, M|100/100
|turn|14
|
|t:|1776097594
|-end|p2a: Iron Valiant|Quark Drive|[silent]
|switch|p2a: Kingambit|Kingambit, M|67/100 par
|-activate|p2a: Kingambit|ability: Supreme Overlord
|-start|p2a: Kingambit|fallen1|[silent]
|move|p1a: Gallade|Sacred Sword|p2a: Kingambit
|-supereffective|p2a: Kingambit
|-damage|p2a: Kingambit|0 fnt
|faint|p2a: Kingambit
|-end|p2a: Kingambit|fallen1|[silent]
|
|upkeep
|
|t:|1776097604
|switch|p2a: Hatterene|Hatterene, F|53/100
|turn|15
|
|t:|1776097614
|move|p1a: Gallade|Night Slash|p2a: Hatterene
|-damage|p2a: Hatterene|23/100
|move|p2a: Hatterene|Psychic Noise|p1a: Gallade
|-damage|p1a: Gallade|81/100
|-start|p1a: Gallade|move: Heal Block
|
|upkeep
|turn|16
|
|t:|1776097623
|move|p1a: Gallade|Night Slash|p2a: Hatterene
|-damage|p2a: Hatterene|0 fnt
|faint|p2a: Hatterene
|
|-end|p1a: Gallade|move: Heal Block
|upkeep
|
|t:|1776097629
|switch|p2a: Iron Valiant|Iron Valiant|63/100
|turn|17
|c|☆Jsparxs|??
|
|t:|1776097641
|move|p2a: Iron Valiant|Moonblast|p1a: Gallade
|-supereffective|p1a: Gallade
|-damage|p1a: Gallade|1/100
|move|p1a: Gallade|Psycho Cut|p2a: Iron Valiant
|-supereffective|p2a: Iron Valiant
|-damage|p2a: Iron Valiant|0 fnt
|faint|p2a: Iron Valiant
|-end|p2a: Iron Valiant|Quark Drive|[silent]
|
|upkeep
|c|☆Jsparxs|Close
|
|t:|1776097660
|switch|p2a: Ogerpon|Ogerpon-Wellspring, F|100/100
|turn|18
|
|t:|1776097669
|move|p2a: Ogerpon|Swords Dance|p2a: Ogerpon
|-boost|p2a: Ogerpon|atk|2
|move|p1a: Gallade|Psycho Cut|p2a: Ogerpon
|-damage|p2a: Ogerpon|18/100
|
|upkeep
|turn|19
|
|t:|1776097674
|move|p2a: Ogerpon|Knock Off|p1a: Gallade
|-damage|p1a: Gallade|0 fnt
|-enditem|p1a: Gallade|Assault Vest|[from] move: Knock Off|[of] p2a: Ogerpon
|faint|p1a: Gallade
|
|upkeep
|
|t:|1776097682
|switch|p1a: Iron Valiant|Iron Valiant|100/100
|turn|20
|
|t:|1776097685
|-terastallize|p2a: Ogerpon|Water
|detailschange|p2a: Ogerpon|Ogerpon-Wellspring-Tera, F, tera:Water
|-ability|p2a: Ogerpon|Embody Aspect (Wellspring)|boost
|-boost|p2a: Ogerpon|spd|1
|move|p1a: Iron Valiant|Vacuum Wave|p2a: Ogerpon
|-damage|p2a: Ogerpon|2/100
|move|p2a: Ogerpon|Ivy Cudgel|p1a: Iron Valiant|[anim] Ivy Cudgel Water
|-damage|p1a: Iron Valiant|0 fnt
|faint|p1a: Iron Valiant
|-end|p1a: Iron Valiant|Quark Drive|[silent]
|
|upkeep
|c|☆t10zin|?
|c|☆Jsparxs|Yeah that was poor game knowledge
|c|☆Jsparxs|no excuse
|
|t:|1776097717
|switch|p1a: Kommo-o|Kommo-o, F|100/100
|turn|21
|c|☆t10zin|yeah
|c|☆t10zin|I lost because I have the wrong moveset; it doesn't have a playthrough.
|
|t:|1776097809
|move|p2a: Ogerpon|Ivy Cudgel|p1a: Kommo-o|[anim] Ivy Cudgel Water
|-resisted|p1a: Kommo-o
|-damage|p1a: Kommo-o|24/100
|move|p1a: Kommo-o|Boomburst|p2a: Ogerpon
|-damage|p2a: Ogerpon|0 fnt
|faint|p2a: Ogerpon
|detailschange|p2: Ogerpon|Ogerpon-Wellspring, F|[silent]
|-enditem|p1a: Kommo-o|Throat Spray
|-boost|p1a: Kommo-o|spa|1|[from] item: Throat Spray
|
|upkeep
|c|☆Jsparxs|Good problem to have
|c|☆Jsparxs|you can at least make sure it doesn’t happen twice
|
|t:|1776097838
|switch|p2a: Cinderace|Cinderace, M|60/100
|turn|22
|
|t:|1776097844
|move|p2a: Cinderace|High Jump Kick|p1a: Kommo-o
|-start|p2a: Cinderace|typechange|Fighting|[from] ability: Libero
|-damage|p1a: Kommo-o|0 fnt
|faint|p1a: Kommo-o
|
|upkeep
|
|t:|1776097848
|switch|p1a: Okidogi|Okidogi, M|86/100
|turn|23
|
|t:|1776097851
|move|p2a: Cinderace|High Jump Kick|p1a: Okidogi
|-resisted|p1a: Okidogi
|-damage|p1a: Okidogi|59/100
|move|p1a: Okidogi|Psychic Fangs|p2a: Cinderace
|-supereffective|p2a: Cinderace
|-damage|p2a: Cinderace|0 fnt
|faint|p2a: Cinderace
|
|win|Jsparxs
|raw|Jsparxs's rating: 1416 &rarr; <strong>1435</strong><br />(+19 for winning)
|raw|t10zin's rating: 1396 &rarr; <strong>1377</strong><br />(-19 for losing)
|c|☆Jsparxs|gg
|c|☆t10zin|gg
|l|☆t10zin
|player|p2|
|l|☆Jsparxs
|player|p1|
