|html|<div class="broadcast-blue"><strong>[Gen 9] OU is currently suspecting Volcarona! For information on how to participate check out the <a href="https://www.smogon.com/tools/suspects/view/208">suspect thread</a>.</strong></div>
|j|☆silverjay#2240
|j|☆chetthankz
|t:|1778508321
|gametype|singles
|player|p1|silverjay#2240|101|1407
|player|p2|chetthankz|rood|1458
|gen|9
|tier|[Gen 9] OU
|rated|
|rule|HP Percentage Mod: HP is shown in percentages
|rule|Endless Battle Clause: Forcing endless battles is banned
|rule|Species Clause: Limit one of each Pokémon
|rule|OHKO Clause: OHKO moves are banned
|rule|Evasion Items Clause: Evasion items are banned
|rule|Evasion Moves Clause: Evasion moves are banned
|rule|Evasion Abilities Clause: Evasion abilities are banned
|rule|Sleep Moves Clause: Sleep-inducing moves are banned
|clearpoke
|poke|p1|Excadrill, M|
|poke|p1|Tyranitar, M|
|poke|p1|Kyurem|
|poke|p1|Hawlucha, M|
|poke|p1|Pawmot, F|
|poke|p1|Flamigo, M|
|poke|p2|Magnezone|
|poke|p2|Cinderace, F|
|poke|p2|Regieleki|
|poke|p2|Great Tusk|
|poke|p2|Gholdengo|
|poke|p2|Kyurem|
|teampreview
|inactive|Battle timer is ON: inactive players will automatically lose when time's up. (requested by chetthankz)
|inactive|silverjay#2240 has 120 seconds left.
|
|t:|1778508357
|teamsize|p1|6
|teamsize|p2|6
|start
|switch|p1a: The sandstorm|Tyranitar, M, shiny|100/100
|switch|p2a: Poo Chainz|Cinderace, F|100/100
|-weather|Sandstorm|[from] ability: Sand Stream|[of] p1a: The sandstorm
|turn|1
|
|t:|1778508371
|switch|p1a: Itachi|Hawlucha, M, shiny|100/100
|-ability|p1a: Itachi|Mold Breaker
|move|p2a: Poo Chainz|U-turn|p1a: Itachi
|-start|p2a: Poo Chainz|typechange|Bug|[from] ability: Libero
|-resisted|p1a: Itachi
|-damage|p1a: Itachi|81/100
|-enditem|p1a: Itachi|Red Card|[of] p2a: Poo Chainz
|drag|p2a: Magnum Jones|Magnezone|100/100
|
|-weather|Sandstorm|[upkeep]
|-damage|p1a: Itachi|75/100|[from] Sandstorm
|upkeep
|turn|2
|
|t:|1778508383
|switch|p1a: OP|Excadrill, M|100/100
|-terastallize|p2a: Magnum Jones|Flying
|move|p2a: Magnum Jones|Flash Cannon|p1a: OP
|-resisted|p1a: OP
|-damage|p1a: OP|44/100
|
|-weather|Sandstorm|[upkeep]
|-damage|p2a: Magnum Jones|94/100|[from] Sandstorm
|upkeep
|turn|3
|
|t:|1778508397
|move|p1a: OP|Iron Head|p2a: Magnum Jones
|-damage|p2a: Magnum Jones|36/100
|move|p2a: Magnum Jones|Flash Cannon|p1a: OP
|-resisted|p1a: OP
|-damage|p1a: OP|0 fnt
|faint|p1a: OP
|
|-weather|Sandstorm|[upkeep]
|-damage|p2a: Magnum Jones|30/100|[from] Sandstorm
|upkeep
|
|t:|1778508409
|switch|p1a: Yuji|Flamigo, M|100/100
|turn|4
|
|t:|1778508414
|move|p1a: Yuji|Close Combat|p2a: Magnum Jones
|-resisted|p2a: Magnum Jones
|-damage|p2a: Magnum Jones|4/100
|-unboost|p1a: Yuji|def|1
|-unboost|p1a: Yuji|spd|1
|move|p2a: Magnum Jones|Flash Cannon|p1a: Yuji
|-damage|p1a: Yuji|0 fnt
|faint|p1a: Yuji
|
|-weather|Sandstorm|[upkeep]
|-damage|p2a: Magnum Jones|0 fnt|[from] Sandstorm
|faint|p2a: Magnum Jones
|upkeep
|
|t:|1778508425
|switch|p1a: Porunga|Pawmot, F|100/100
|switch|p2a: Regieleki|Regieleki|100/100
|turn|5
|
|t:|1778508431
|move|p2a: Regieleki|Volt Switch|p1a: Porunga
|-immune|p1a: Porunga|[from] ability: Volt Absorb
|move|p1a: Porunga|Revival Blessing|p1a: Porunga
|-enditem|p1a: Porunga|Leppa Berry|[eat]
|-activate|p1a: Porunga|item: Leppa Berry|Revival Blessing|[consumed]
|inactive|silverjay#2240 has 120 seconds left.
|j| spiderkitty410
|j| Honourial
|
|t:|1778508479
|-heal|p1: OP|50/100|[from] move: Revival Blessing
|
|-weather|Sandstorm|[upkeep]
|-damage|p2a: Regieleki|95/100|[from] Sandstorm
|-damage|p1a: Porunga|95/100|[from] Sandstorm
|upkeep
|turn|6
|l| Honourial
|
|t:|1778508501
|switch|p2a: Poo Chainz|Cinderace, F|100/100
|move|p1a: Porunga|Revival Blessing|p1a: Porunga
|inactive|silverjay#2240 has 120 seconds left.
|
|t:|1778508508
|-heal|p1: Yuji|50/100|[from] move: Revival Blessing
|
|-weather|Sandstorm|[upkeep]
|-damage|p2a: Poo Chainz|95/100|[from] Sandstorm
|-damage|p1a: Porunga|89/100|[from] Sandstorm
|upkeep
|turn|7
|inactive|silverjay#2240 has 120 seconds left.
|inactive|chetthankz has 120 seconds left.
|
|t:|1778508556
|move|p2a: Poo Chainz|Pyro Ball|p1a: Porunga
|-damage|p1a: Porunga|0 fnt
|faint|p1a: Porunga
|
|-weather|Sandstorm|[upkeep]
|-damage|p2a: Poo Chainz|89/100|[from] Sandstorm
|upkeep
|
|t:|1778508563
|switch|p1a: OP|Excadrill, M|50/100
|turn|8
|
|t:|1778508583
|switch|p2a: Big Tuskackus|Great Tusk|100/100
|-enditem|p2a: Big Tuskackus|Booster Energy
|-activate|p2a: Big Tuskackus|ability: Protosynthesis|[fromitem]
|-start|p2a: Big Tuskackus|protosynthesisspe
|move|p1a: OP|Earthquake|p2a: Big Tuskackus
|-damage|p2a: Big Tuskackus|48/100
|
|-weather|none
|upkeep
|turn|9
|
|t:|1778508596
|switch|p1a: Itachi|Hawlucha, M, shiny|75/100
|-ability|p1a: Itachi|Mold Breaker
|move|p2a: Big Tuskackus|Stealth Rock|p1a: Itachi
|-sidestart|p1: silverjay#2240|move: Stealth Rock
|
|upkeep
|turn|10
|inactive|silverjay#2240 has 120 seconds left.
|inactive|chetthankz has 90 seconds left.
|
|t:|1778508614
|move|p2a: Big Tuskackus|Knock Off|p1a: Itachi
|-resisted|p1a: Itachi
|-damage|p1a: Itachi|62/100
|move|p1a: Itachi|Brave Bird|p2a: Big Tuskackus
|-supereffective|p2a: Big Tuskackus
|-damage|p2a: Big Tuskackus|0 fnt
|faint|p2a: Big Tuskackus
|-end|p2a: Big Tuskackus|Protosynthesis|[silent]
|-damage|p1a: Itachi|39/100|[from] Recoil
|
|upkeep
|
|t:|1778508618
|switch|p2a: Regieleki|Regieleki|95/100
|turn|11
|
|t:|1778508626
|switch|p2a: Poo Chainz|Cinderace, F|89/100
|switch|p1a: The sandstorm|Tyranitar, M, shiny|100/100
|-damage|p1a: The sandstorm|88/100|[from] Stealth Rock
|-weather|Sandstorm|[from] ability: Sand Stream|[of] p1a: The sandstorm
|
|-weather|Sandstorm|[upkeep]
|-damage|p2a: Poo Chainz|83/100|[from] Sandstorm
|upkeep
|turn|12
|inactive|silverjay#2240 has 120 seconds left.
|
|t:|1778508642
|switch|p1a: Yuji|Flamigo, M|50/100
|-damage|p1a: Yuji|38/100|[from] Stealth Rock
|move|p2a: Poo Chainz|U-turn|p1a: Yuji
|-start|p2a: Poo Chainz|typechange|Bug|[from] ability: Libero
|-resisted|p1a: Yuji
|-damage|p1a: Yuji|20/100
|inactive|chetthankz has 90 seconds left.
|
|t:|1778508665
|switch|p2a: Victor Krum|Kyurem|100/100|[from] U-turn
|-ability|p2a: Victor Krum|Pressure
|
|-weather|Sandstorm|[upkeep]
|-damage|p1a: Yuji|14/100|[from] Sandstorm
|-damage|p2a: Victor Krum|94/100|[from] Sandstorm
|upkeep
|turn|13
|inactive|silverjay#2240 has 120 seconds left.
|
|t:|1778508685
|move|p1a: Yuji|Close Combat|p2a: Victor Krum
|-supereffective|p2a: Victor Krum
|-damage|p2a: Victor Krum|0 fnt
|-unboost|p1a: Yuji|def|1
|-unboost|p1a: Yuji|spd|1
|faint|p2a: Victor Krum
|
|-weather|Sandstorm|[upkeep]
|-damage|p1a: Yuji|7/100|[from] Sandstorm
|upkeep
|inactive|chetthankz has 90 seconds left.
|
|t:|1778508698
|switch|p2a: Regieleki|Regieleki|95/100
|turn|14
|inactive|silverjay#2240 has 120 seconds left.
|
|t:|1778508717
|switch|p1a: Frieza|Kyurem, shiny|100/100
|-damage|p1a: Frieza|76/100|[from] Stealth Rock
|-ability|p1a: Frieza|Pressure
|move|p2a: Regieleki|Volt Switch|p1a: Frieza
|-resisted|p1a: Frieza
|-damage|p1a: Frieza|50/100
|
|t:|1778508722
|switch|p2a: Poo Chainz|Cinderace, F|83/100|[from] Volt Switch
|
|-weather|Sandstorm|[upkeep]
|-damage|p2a: Poo Chainz|77/100|[from] Sandstorm
|-damage|p1a: Frieza|44/100|[from] Sandstorm
|upkeep
|turn|15
|
|t:|1778508732
|-terastallize|p1a: Frieza|Ghost
|move|p2a: Poo Chainz|Pyro Ball|p1a: Frieza|[miss]
|-miss|p2a: Poo Chainz|p1a: Frieza
|move|p1a: Frieza|Shadow Ball|p2a: Poo Chainz
|-damage|p2a: Poo Chainz|15/100
|
|-weather|Sandstorm|[upkeep]
|-damage|p2a: Poo Chainz|9/100|[from] Sandstorm
|-damage|p1a: Frieza|38/100|[from] Sandstorm
|upkeep
|turn|16
|
|t:|1778508745
|move|p2a: Poo Chainz|Pyro Ball|p1a: Frieza
|-damage|p1a: Frieza|0 fnt
|faint|p1a: Frieza
|
|-weather|Sandstorm|[upkeep]
|-damage|p2a: Poo Chainz|3/100|[from] Sandstorm
|upkeep
|
|t:|1778508751
|switch|p1a: Itachi|Hawlucha, M, shiny|39/100
|-damage|p1a: Itachi|27/100|[from] Stealth Rock
|-ability|p1a: Itachi|Mold Breaker
|turn|17
|
|t:|1778508755
|switch|p2a: Gholdengo|Gholdengo|100/100
|-item|p2a: Gholdengo|Air Balloon
|move|p1a: Itachi|Defog|p2a: Gholdengo
|-unboost|p2a: Gholdengo|evasion|1
|-sideend|p1: silverjay#2240|Stealth Rock|[from] move: Defog|[of] p1a: Itachi
|
|-weather|Sandstorm|[upkeep]
|-damage|p1a: Itachi|21/100|[from] Sandstorm
|upkeep
|turn|18
|inactive|chetthankz has 120 seconds left.
|
|t:|1778508768
|move|p1a: Itachi|Brave Bird|p2a: Gholdengo
|-resisted|p2a: Gholdengo
|-crit|p2a: Gholdengo
|-damage|p2a: Gholdengo|66/100
|-enditem|p2a: Gholdengo|Air Balloon
|-damage|p1a: Itachi|6/100|[from] Recoil
|move|p2a: Gholdengo|Nasty Plot|p2a: Gholdengo
|-boost|p2a: Gholdengo|spa|2
|
|-weather|none
|upkeep
|turn|19
|
|t:|1778508775
|move|p1a: Itachi|Encore|p2a: Gholdengo
|-start|p2a: Gholdengo|Encore
|move|p2a: Gholdengo|Nasty Plot|p2a: Gholdengo
|-boost|p2a: Gholdengo|spa|2
|
|upkeep
|turn|20
|inactive|chetthankz has 120 seconds left.
|
|t:|1778508817
|switch|p2a: Regieleki|Regieleki|95/100
|move|p1a: Itachi|Brave Bird|p2a: Regieleki
|-resisted|p2a: Regieleki
|-damage|p2a: Regieleki|42/100
|-damage|p1a: Itachi|0 fnt|[from] Recoil
|faint|p1a: Itachi
|
|upkeep
|inactive|silverjay#2240 has 120 seconds left.
|
|t:|1778508852
|switch|p1a: The sandstorm|Tyranitar, M, shiny|88/100
|-weather|Sandstorm|[from] ability: Sand Stream|[of] p1a: The sandstorm
|turn|21
|inactive|silverjay#2240 has 120 seconds left.
|
|t:|1778508866
|switch|p2a: Poo Chainz|Cinderace, F|3/100
|move|p1a: The sandstorm|Ice Beam|p2a: Poo Chainz
|-resisted|p2a: Poo Chainz
|-damage|p2a: Poo Chainz|0 fnt
|faint|p2a: Poo Chainz
|
|-weather|Sandstorm|[upkeep]
|upkeep
|
|t:|1778508869
|switch|p2a: Gholdengo|Gholdengo|66/100
|turn|22
|inactive|silverjay#2240 has 120 seconds left.
|
|t:|1778508887
|switch|p1a: Yuji|Flamigo, M|7/100
|move|p2a: Gholdengo|Make It Rain|p1a: Yuji
|-damage|p1a: Yuji|0 fnt
|-unboost|p2a: Gholdengo|spa|1
|faint|p1a: Yuji
|
|-weather|Sandstorm|[upkeep]
|upkeep
|
|t:|1778508890
|switch|p1a: OP|Excadrill, M|50/100
|turn|23
|
|t:|1778508896
|move|p1a: OP|Earthquake|p2a: Gholdengo
|-supereffective|p2a: Gholdengo
|-damage|p2a: Gholdengo|0 fnt
|faint|p2a: Gholdengo
|
|-weather|Sandstorm|[upkeep]
|upkeep
|
|t:|1778508898
|switch|p2a: Regieleki|Regieleki|42/100
|turn|24
|-message|chetthankz forfeited.
|
|win|silverjay#2240
|raw|silverjay#2240's rating: 1407 &rarr; <strong>1430</strong><br />(+23 for winning)
|raw|chetthankz's rating: 1458 &rarr; <strong>1435</strong><br />(-23 for losing)
|l|☆chetthankz
|player|p2|
|l|☆silverjay#2240
|player|p1|
