|html|<div class="broadcast-blue"><strong>[Gen 9] OU is currently suspecting Volcarona! For information on how to participate check out the <a href="https://www.smogon.com/tools/suspects/view/208">suspect thread</a>.</strong></div>
|j|☆Dr Gaster PHD
|j|☆Six10lol twitch
|t:|1778497555
|gametype|singles
|player|p1|Dr Gaster PHD|ghetsis|1564
|player|p2|Six10lol twitch|266|1577
|gen|9
|tier|[Gen 9] OU
|rated|
|rule|HP Percentage Mod: HP is shown in percentages
|rule|Endless Battle Clause: Forcing endless battles is banned
|rule|Species Clause: Limit one of each Pokémon
|rule|OHKO Clause: OHKO moves are banned
|rule|Evasion Items Clause: Evasion items are banned
|rule|Evasion Moves Clause: Evasion moves are banned
|rule|Evasion Abilities Clause: Evasion abilities are banned
|rule|Sleep Moves Clause: Sleep-inducing moves are banned
|clearpoke
|poke|p1|Moltres-Galar|
|poke|p1|Gholdengo|
|poke|p1|Samurott-Hisui, M|
|poke|p1|Smeargle, F|
|poke|p1|Zamazenta-*|
|poke|p1|Deoxys-Speed|
|poke|p2|Iron Treads|
|poke|p2|Ceruledge, M|
|poke|p2|Latias, F|
|poke|p2|Grimmsnarl, M|
|poke|p2|Ogerpon-Wellspring, F|
|poke|p2|Volcarona, F|
|teampreview
|inactive|Battle timer is ON: inactive players will automatically lose when time's up. (requested by Six10lol twitch)
|
|t:|1778497580
|teamsize|p1|6
|teamsize|p2|6
|start
|switch|p1a: Deoxys|Deoxys-Speed|100/100
|switch|p2a: Alice|Ogerpon-Wellspring, F|100/100
|-ability|p1a: Deoxys|Pressure
|turn|1
|
|t:|1778497582
|move|p1a: Deoxys|Reflect|p1a: Deoxys
|-sidestart|p1: Dr Gaster PHD|Reflect
|move|p2a: Alice|Knock Off|p1a: Deoxys
|-supereffective|p1a: Deoxys
|-damage|p1a: Deoxys|58/100
|-enditem|p1a: Deoxys|Light Clay|[from] move: Knock Off|[of] p2a: Alice
|
|upkeep
|turn|2
|
|t:|1778497588
|move|p1a: Deoxys|Psycho Boost|p2a: Alice
|-damage|p2a: Alice|50/100
|-unboost|p1a: Deoxys|spa|2
|move|p2a: Alice|Taunt|p1a: Deoxys
|-start|p1a: Deoxys|move: Taunt
|
|upkeep
|turn|3
|j| Puyu paz
|
|t:|1778497607
|switch|p1a: Moltres|Moltres-Galar|100/100
|move|p2a: Alice|Ivy Cudgel|p1a: Moltres|[anim] Ivy Cudgel Water
|-crit|p1a: Moltres
|-damage|p1a: Moltres|0 fnt
|faint|p1a: Moltres
|
|upkeep
|
|t:|1778497615
|switch|p1a: Deoxys|Deoxys-Speed|58/100
|-ability|p1a: Deoxys|Pressure
|turn|4
|
|t:|1778497621
|switch|p2a: Grimace|Grimmsnarl, M, shiny|100/100
|move|p1a: Deoxys|Psycho Boost|p2a: Grimace
|-immune|p2a: Grimace
|
|upkeep
|turn|5
|
|t:|1778497626
|move|p2a: Grimace|Taunt|p1a: Deoxys
|-start|p1a: Deoxys|move: Taunt
|cant|p1a: Deoxys|move: Taunt|Taunt
|
|upkeep
|turn|6
|
|t:|1778497636
|switch|p1a: Samurott|Samurott-Hisui, M|100/100
|move|p2a: Grimace|Low Kick|p1a: Samurott
|-supereffective|p1a: Samurott
|-damage|p1a: Samurott|67/100
|
|upkeep
|turn|7
|
|t:|1778497644
|move|p2a: Grimace|Reflect|p2a: Grimace
|-sidestart|p2: Six10lol twitch|Reflect
|move|p1a: Samurott|Ceaseless Edge|p2a: Grimace
|-resisted|p2a: Grimace
|-damage|p2a: Grimace|92/100
|-sidestart|p2: Six10lol twitch|Spikes
|
|upkeep
|turn|8
|
|t:|1778497653
|move|p2a: Grimace|Light Screen|p2a: Grimace
|-sidestart|p2: Six10lol twitch|move: Light Screen
|move|p1a: Samurott|Encore|p2a: Grimace
|-start|p2a: Grimace|Encore
|
|-sideend|p1: Dr Gaster PHD|Reflect
|upkeep
|turn|9
|
|t:|1778497673
|switch|p2a: Alice|Ogerpon-Wellspring, F|50/100
|-damage|p2a: Alice|37/100|[from] Spikes
|move|p1a: Samurott|Ceaseless Edge|p2a: Alice
|-damage|p2a: Alice|9/100
|-sidestart|p2: Six10lol twitch|Spikes
|
|upkeep
|turn|10
|
|t:|1778497685
|move|p2a: Alice|Power Whip|p1a: Samurott|[miss]
|-miss|p2a: Alice|p1a: Samurott
|move|p1a: Samurott|Ceaseless Edge|p2a: Alice
|-damage|p2a: Alice|0 fnt
|-sidestart|p2: Six10lol twitch|Spikes
|faint|p2a: Alice
|
|upkeep
|
|t:|1778497692
|switch|p2a: Avalon|Latias, F, shiny|100/100
|turn|11
|
|t:|1778497696
|move|p2a: Avalon|Agility|p2a: Avalon
|-boost|p2a: Avalon|spe|2
|move|p1a: Samurott|Encore|p2a: Avalon
|-start|p2a: Avalon|Encore
|
|upkeep
|turn|12
|
|t:|1778497705
|switch|p2a: Grimace|Grimmsnarl, M, shiny|92/100
|-damage|p2a: Grimace|67/100|[from] Spikes
|move|p1a: Samurott|Knock Off|p2a: Grimace
|-resisted|p2a: Grimace
|-damage|p2a: Grimace|59/100
|-enditem|p2a: Grimace|Light Clay|[from] move: Knock Off|[of] p1a: Samurott
|
|upkeep
|turn|13
|
|t:|1778497715
|move|p2a: Grimace|Taunt|p1a: Samurott
|-hint|Since gen 7, Dark is immune to Prankster moves.
|-immune|p1a: Samurott
|move|p1a: Samurott|Razor Shell|p2a: Grimace
|-damage|p2a: Grimace|21/100
|
|upkeep
|turn|14
|
|t:|1778497723
|move|p1a: Samurott|Encore|p2a: Grimace
|-start|p2a: Grimace|Encore
|move|p2a: Grimace|Taunt|p1a: Samurott
|-start|p1a: Samurott|move: Taunt
|
|-sideend|p2: Six10lol twitch|Reflect
|upkeep
|turn|15
|
|t:|1778497735
|move|p2a: Grimace|Taunt|p1a: Samurott
|-hint|Since gen 7, Dark is immune to Prankster moves.
|-immune|p1a: Samurott
|move|p1a: Samurott|Razor Shell|p2a: Grimace|[miss]
|-miss|p1a: Samurott|p2a: Grimace
|
|-sideend|p2: Six10lol twitch|move: Light Screen
|upkeep
|turn|16
|
|t:|1778497738
|move|p2a: Grimace|Taunt|p1a: Samurott
|-hint|Since gen 7, Dark is immune to Prankster moves.
|-immune|p1a: Samurott
|move|p1a: Samurott|Razor Shell|p2a: Grimace
|-damage|p2a: Grimace|0 fnt
|faint|p2a: Grimace
|
|upkeep
|inactive|Six10lol twitch has 120 seconds left.
|-message|Six10lol twitch forfeited.
|
|win|Dr Gaster PHD
|raw|Dr Gaster PHD's rating: 1564 &rarr; <strong>1585</strong><br />(+21 for winning)
|raw|Six10lol twitch's rating: 1577 &rarr; <strong>1556</strong><br />(-21 for losing)
|l|☆Six10lol twitch
|player|p2|
|l| Puyu paz
|l|☆Dr Gaster PHD
|player|p1|
