|html|<div class="broadcast-blue"><strong>[Gen 9] OU is currently suspecting Tera Blast! For information on how to participate check out the <a href="https://www.smogon.com/tools/suspects/view/200">suspect thread</a>.</strong></div>
|j|☆JuniorSharks34
|j|☆Praise mee
|t:|1776085718
|gametype|singles
|player|p1|JuniorSharks34|magmagrunt|1263
|player|p2|Praise mee|dawn|1337
|gen|9
|tier|[Gen 9] OU
|rated|
|rule|HP Percentage Mod: HP is shown in percentages
|rule|Endless Battle Clause: Forcing endless battles is banned
|rule|Species Clause: Limit one of each Pokémon
|rule|OHKO Clause: OHKO moves are banned
|rule|Evasion Items Clause: Evasion items are banned
|rule|Evasion Moves Clause: Evasion moves are banned
|rule|Evasion Abilities Clause: Evasion abilities are banned
|rule|Sleep Moves Clause: Sleep-inducing moves are banned
|clearpoke
|poke|p1|Slither Wing|
|poke|p1|Ninetales, F|
|poke|p1|Walking Wake|
|poke|p1|Iron Moth|
|poke|p1|Hatterene, F|
|poke|p1|Kingambit, M|
|poke|p2|Ribombee, M|
|poke|p2|Cobalion|
|poke|p2|Dragonite, M|
|poke|p2|Gholdengo|
|poke|p2|Deoxys-Speed|
|poke|p2|Excadrill, M|
|teampreview
|inactive|Battle timer is ON: inactive players will automatically lose when time's up. (requested by JuniorSharks34)
|inactive|Praise mee has 120 seconds left.
|
|t:|1776085764
|teamsize|p1|6
|teamsize|p2|6
|start
|switch|p1a: "Nine" "Tails"|Ninetales, F, shiny|100/100
|switch|p2a: Ribombee|Ribombee, M|100/100
|-weather|SunnyDay|[from] ability: Drought|[of] p1a: "Nine" "Tails"
|turn|1
|
|t:|1776085774
|move|p2a: Ribombee|Sticky Web|p1a: "Nine" "Tails"
|-sidestart|p1: JuniorSharks34|move: Sticky Web
|move|p1a: "Nine" "Tails"|Overheat|p2a: Ribombee
|-supereffective|p2a: Ribombee
|-enditem|p2a: Ribombee|Focus Sash
|-damage|p2a: Ribombee|1/100
|-unboost|p1a: "Nine" "Tails"|spa|2
|
|-weather|SunnyDay|[upkeep]
|upkeep
|turn|2
|
|t:|1776085788
|switch|p1a: Square Up|Slither Wing|100/100
|-activate|p1a: Square Up|move: Sticky Web
|-unboost|p1a: Square Up|spe|1
|-activate|p1a: Square Up|ability: Protosynthesis
|-start|p1a: Square Up|protosynthesisatk
|move|p2a: Ribombee|Moonblast|p1a: Square Up
|-supereffective|p1a: Square Up
|-crit|p1a: Square Up
|-damage|p1a: Square Up|0 fnt
|faint|p1a: Square Up
|-end|p1a: Square Up|Protosynthesis|[silent]
|
|-weather|SunnyDay|[upkeep]
|upkeep
|
|t:|1776085791
|switch|p1a: Robot|Iron Moth, shiny|100/100
|-activate|p1a: Robot|move: Sticky Web
|-unboost|p1a: Robot|spe|1
|-enditem|p1a: Robot|Booster Energy
|-activate|p1a: Robot|ability: Quark Drive|[fromitem]
|-start|p1a: Robot|quarkdrivespa
|turn|3
|
|t:|1776085795
|move|p2a: Ribombee|Stun Spore|p1a: Robot|[miss]
|-miss|p2a: Ribombee|p1a: Robot
|move|p1a: Robot|Fiery Dance|p2a: Ribombee
|-supereffective|p2a: Ribombee
|-damage|p2a: Ribombee|0 fnt
|faint|p2a: Ribombee
|
|-weather|SunnyDay|[upkeep]
|upkeep
|
|t:|1776085799
|switch|p2a: Excadrill|Excadrill, M|100/100
|-ability|p2a: Excadrill|Mold Breaker
|turn|4
|
|t:|1776085803
|-terastallize|p2a: Excadrill|Ground
|-terastallize|p1a: Robot|Fairy
|move|p2a: Excadrill|Earthquake|p1a: Robot
|-damage|p1a: Robot|4/100
|move|p1a: Robot|Fiery Dance|p2a: Excadrill
|-damage|p2a: Excadrill|0 fnt
|-boost|p1a: Robot|spa|1
|faint|p2a: Excadrill
|
|-weather|SunnyDay|[upkeep]
|upkeep
|
|t:|1776085807
|switch|p2a: Dragonite|Dragonite, M|100/100
|turn|5
|
|t:|1776085812
|move|p2a: Dragonite|Extreme Speed|p1a: Robot
|-damage|p1a: Robot|0 fnt
|faint|p1a: Robot
|-end|p1a: Robot|Quark Drive|[silent]
|
|-weather|SunnyDay|[upkeep]
|upkeep
|
|t:|1776085814
|switch|p1a: It Girl|Hatterene, F|100/100
|-activate|p1a: It Girl|move: Sticky Web
|-unboost|p1a: It Girl|spe|1
|turn|6
|
|t:|1776085820
|switch|p2a: Gholdengo|Gholdengo|100/100
|-item|p2a: Gholdengo|Air Balloon
|move|p1a: It Girl|Nuzzle|p2a: Gholdengo
|-damage|p2a: Gholdengo|96/100
|-status|p2a: Gholdengo|par
|-enditem|p2a: Gholdengo|Air Balloon
|
|-weather|SunnyDay|[upkeep]
|upkeep
|turn|7
|
|t:|1776085824
|move|p2a: Gholdengo|Nasty Plot|p2a: Gholdengo
|-boost|p2a: Gholdengo|spa|2
|move|p1a: It Girl|Mystical Fire|p2a: Gholdengo
|-supereffective|p2a: Gholdengo
|-damage|p2a: Gholdengo|23/100 par
|-unboost|p2a: Gholdengo|spa|1
|
|-weather|SunnyDay|[upkeep]
|upkeep
|turn|8
|
|t:|1776085829
|cant|p2a: Gholdengo|par
|move|p1a: It Girl|Mystical Fire|p2a: Gholdengo
|-supereffective|p2a: Gholdengo
|-damage|p2a: Gholdengo|0 fnt
|faint|p2a: Gholdengo
|
|-weather|none
|upkeep
|
|t:|1776085833
|switch|p2a: Deoxys|Deoxys-Speed|100/100
|-ability|p2a: Deoxys|Pressure
|turn|9
|
|t:|1776085837
|move|p2a: Deoxys|Psycho Boost|p1a: It Girl|[miss]
|-miss|p2a: Deoxys|p1a: It Girl
|move|p1a: It Girl|Nuzzle|p2a: Deoxys
|-damage|p2a: Deoxys|94/100
|-status|p2a: Deoxys|par
|-damage|p1a: It Girl|84/100|[from] item: Rocky Helmet|[of] p2a: Deoxys
|
|upkeep
|turn|10
|
|t:|1776085840
|move|p2a: Deoxys|Psycho Boost|p1a: It Girl
|-resisted|p1a: It Girl
|-damage|p1a: It Girl|55/100
|-unboost|p2a: Deoxys|spa|2
|-enditem|p1a: It Girl|Eject Button
|
|t:|1776085845
|switch|p1a: "Nine" "Tails"|Ninetales, F, shiny|100/100
|-activate|p1a: "Nine" "Tails"|move: Sticky Web
|-unboost|p1a: "Nine" "Tails"|spe|1
|-weather|SunnyDay|[from] ability: Drought|[of] p1a: "Nine" "Tails"
|
|-weather|SunnyDay|[upkeep]
|upkeep
|turn|11
|inactive|Praise mee has 120 seconds left.
|
|t:|1776085877
|move|p2a: Deoxys|Spikes|p1a: "Nine" "Tails"
|-sidestart|p1: JuniorSharks34|Spikes
|move|p1a: "Nine" "Tails"|Overheat|p2a: Deoxys
|-damage|p2a: Deoxys|3/100 par
|-unboost|p1a: "Nine" "Tails"|spa|2
|
|-weather|SunnyDay|[upkeep]
|upkeep
|turn|12
|
|t:|1776085882
|move|p2a: Deoxys|Pain Split|p1a: "Nine" "Tails"
|-sethp|p1a: "Nine" "Tails"|51/100|[from] move: Pain Split|[silent]
|-sethp|p2a: Deoxys|74/100 par|[from] move: Pain Split
|move|p1a: "Nine" "Tails"|Overheat|p2a: Deoxys
|-damage|p2a: Deoxys|29/100 par
|-unboost|p1a: "Nine" "Tails"|spa|2
|
|-weather|SunnyDay|[upkeep]
|upkeep
|turn|13
|
|t:|1776085887
|move|p2a: Deoxys|Spikes|p1a: "Nine" "Tails"
|-sidestart|p1: JuniorSharks34|Spikes
|move|p1a: "Nine" "Tails"|Encore|p2a: Deoxys
|-start|p2a: Deoxys|Encore
|
|-weather|SunnyDay|[upkeep]
|upkeep
|turn|14
|
|t:|1776085890
|switch|p1a: It Girl|Hatterene, F|55/100
|-activate|p1a: It Girl|move: Sticky Web
|-unboost|p1a: It Girl|spe|1
|-damage|p1a: It Girl|39/100|[from] Spikes
|move|p2a: Deoxys|Spikes|p1a: It Girl
|move|p1a: It Girl|Spikes|p2a: Deoxys|[from] ability: Magic Bounce
|-sidestart|p2: Praise mee|Spikes
|
|-weather|SunnyDay|[upkeep]
|upkeep
|turn|15
|
|t:|1776085894
|switch|p2a: Cobalion|Cobalion|100/100
|-damage|p2a: Cobalion|88/100|[from] Spikes
|move|p1a: It Girl|Draining Kiss|p2a: Cobalion
|-damage|p2a: Cobalion|57/100
|-heal|p1a: It Girl|62/100|[from] drain|[of] p2a: Cobalion
|
|-weather|SunnyDay|[upkeep]
|-heal|p2a: Cobalion|64/100|[from] item: Leftovers
|upkeep
|turn|16
|
|t:|1776085898
|move|p2a: Cobalion|Flash Cannon|p1a: It Girl
|-supereffective|p1a: It Girl
|-damage|p1a: It Girl|0 fnt
|faint|p1a: It Girl
|
|-weather|SunnyDay|[upkeep]
|-heal|p2a: Cobalion|70/100|[from] item: Leftovers
|upkeep
|
|t:|1776085907
|switch|p1a: Trotting Tide|Walking Wake|100/100
|-activate|p1a: Trotting Tide|move: Sticky Web
|-unboost|p1a: Trotting Tide|spe|1
|-damage|p1a: Trotting Tide|84/100|[from] Spikes
|-activate|p1a: Trotting Tide|ability: Protosynthesis
|-start|p1a: Trotting Tide|protosynthesisspa
|turn|17
|
|t:|1776085912
|move|p2a: Cobalion|Aura Sphere|p1a: Trotting Tide
|-damage|p1a: Trotting Tide|43/100
|move|p1a: Trotting Tide|Hydro Steam|p2a: Cobalion
|-damage|p2a: Cobalion|0 fnt
|faint|p2a: Cobalion
|
|-weather|none
|-end|p1a: Trotting Tide|Protosynthesis
|upkeep
|
|t:|1776085916
|switch|p2a: Dragonite|Dragonite, M|100/100
|turn|18
|
|t:|1776085919
|-end|p1a: Trotting Tide|Protosynthesis|[silent]
|switch|p1a: "Nine" "Tails"|Ninetales, F, shiny|51/100
|-activate|p1a: "Nine" "Tails"|move: Sticky Web
|-unboost|p1a: "Nine" "Tails"|spe|1
|-damage|p1a: "Nine" "Tails"|34/100|[from] Spikes
|-weather|SunnyDay|[from] ability: Drought|[of] p1a: "Nine" "Tails"
|move|p2a: Dragonite|Dragon Dance|p2a: Dragonite
|-boost|p2a: Dragonite|atk|1
|-boost|p2a: Dragonite|spe|1
|
|-weather|SunnyDay|[upkeep]
|upkeep
|turn|19
|
|t:|1776085923
|move|p2a: Dragonite|Earthquake|p1a: "Nine" "Tails"
|-supereffective|p1a: "Nine" "Tails"
|-damage|p1a: "Nine" "Tails"|0 fnt
|faint|p1a: "Nine" "Tails"
|
|-weather|SunnyDay|[upkeep]
|upkeep
|
|t:|1776085926
|switch|p1a: Trotting Tide|Walking Wake|43/100
|-activate|p1a: Trotting Tide|move: Sticky Web
|-unboost|p1a: Trotting Tide|spe|1
|-damage|p1a: Trotting Tide|26/100|[from] Spikes
|-activate|p1a: Trotting Tide|ability: Protosynthesis
|-start|p1a: Trotting Tide|protosynthesisspa
|turn|20
|
|t:|1776085929
|move|p2a: Dragonite|Extreme Speed|p1a: Trotting Tide
|-damage|p1a: Trotting Tide|0 fnt
|faint|p1a: Trotting Tide
|-end|p1a: Trotting Tide|Protosynthesis|[silent]
|
|-weather|SunnyDay|[upkeep]
|upkeep
|-message|JuniorSharks34 forfeited.
|
|win|Praise mee
|raw|JuniorSharks34's rating: 1263 &rarr; <strong>1243</strong><br />(-20 for losing)
|raw|Praise mee's rating: 1337 &rarr; <strong>1353</strong><br />(+16 for winning)
|l|☆JuniorSharks34
|player|p1|
|l|☆Praise mee
|player|p2|
