|html|<div class="broadcast-blue"><strong>[Gen 9] OU is currently suspecting Tera Blast! For information on how to participate check out the <a href="https://www.smogon.com/tools/suspects/view/200">suspect thread</a>.</strong></div>
|j|☆SeasonedToxapexual
|j|☆1papaya2papaya
|t:|1776106469
|gametype|singles
|player|p1|SeasonedToxapexual|clerk-boss|1077
|player|p2|1papaya2papaya|wallace|1125
|gen|9
|tier|[Gen 9] OU
|rated|
|rule|HP Percentage Mod: HP is shown in percentages
|rule|Endless Battle Clause: Forcing endless battles is banned
|rule|Species Clause: Limit one of each Pokémon
|rule|OHKO Clause: OHKO moves are banned
|rule|Evasion Items Clause: Evasion items are banned
|rule|Evasion Moves Clause: Evasion moves are banned
|rule|Evasion Abilities Clause: Evasion abilities are banned
|rule|Sleep Moves Clause: Sleep-inducing moves are banned
|clearpoke
|poke|p1|Iron Valiant|
|poke|p1|Great Tusk|
|poke|p1|Dragonite, M|
|poke|p1|Deoxys-Speed|
|poke|p1|Glimmora, M|
|poke|p1|Kingambit, M|
|poke|p2|Slowking-Galar, F|
|poke|p2|Darkrai|
|poke|p2|Rillaboom, M|
|poke|p2|Primarina, F|
|poke|p2|Zamazenta-*|
|poke|p2|Moltres|
|teampreview
|inactive|Battle timer is ON: inactive players will automatically lose when time's up. (requested by SeasonedToxapexual)
|
|t:|1776106481
|teamsize|p1|6
|teamsize|p2|6
|start
|switch|p1a: Glimmora|Glimmora, M|100/100
|switch|p2a: Moltres|Moltres|100/100
|turn|1
|
|t:|1776106488
|move|p1a: Glimmora|Meteor Beam||[still]
|-prepare|p1a: Glimmora|Meteor Beam
|-boost|p1a: Glimmora|spa|1
|-enditem|p1a: Glimmora|Power Herb
|-anim|p1a: Glimmora|Meteor Beam|p2a: Moltres
|-supereffective|p2a: Moltres
|-damage|p2a: Moltres|0 fnt
|faint|p2a: Moltres
|
|upkeep
|
|t:|1776106497
|switch|p2a: Slowking|Slowking-Galar, F|100/100
|turn|2
|
|t:|1776106502
|move|p1a: Glimmora|Stealth Rock|p2a: Slowking
|-sidestart|p2: 1papaya2papaya|move: Stealth Rock
|move|p2a: Slowking|Future Sight|p1a: Glimmora
|-start|p2a: Slowking|move: Future Sight
|
|upkeep
|turn|3
|j| nautillect
|
|t:|1776106511
|move|p1a: Glimmora|Earth Power|p2a: Slowking
|-supereffective|p2a: Slowking
|-damage|p2a: Slowking|14/100
|-prepare|p2a: Slowking|Chilly Reception|[premajor]
|move|p2a: Slowking|Chilly Reception|p2a: Slowking
|-weather|Snowscape
|
|t:|1776106517
|switch|p2a: Primarina|Primarina, F|100/100|[from] Chilly Reception
|-damage|p2a: Primarina|88/100|[from] Stealth Rock
|
|-weather|Snowscape|[upkeep]
|-heal|p2a: Primarina|94/100|[from] item: Leftovers
|upkeep
|turn|4
|
|t:|1776106528
|move|p1a: Glimmora|Mortal Spin|p2a: Primarina
|-supereffective|p2a: Primarina
|-damage|p2a: Primarina|79/100
|-status|p2a: Primarina|psn
|move|p2a: Primarina|Surf|p1a: Glimmora
|-supereffective|p1a: Glimmora
|-damage|p1a: Glimmora|0 fnt
|faint|p1a: Glimmora
|
|-weather|Snowscape|[upkeep]
|-hint|Future Sight did not hit because the target is fainted.
|-heal|p2a: Primarina|86/100 psn|[from] item: Leftovers
|-damage|p2a: Primarina|73/100 psn|[from] psn
|upkeep
|
|t:|1776106536
|switch|p1a: Deoxys|Deoxys-Speed|100/100
|-ability|p1a: Deoxys|Pressure
|turn|5
|
|t:|1776106547
|switch|p2a: Slowking|Slowking-Galar, F|47/100
|move|p1a: Deoxys|Light Screen|p1a: Deoxys
|-sidestart|p1: SeasonedToxapexual|move: Light Screen
|
|-weather|Snowscape|[upkeep]
|upkeep
|turn|6
|
|t:|1776106553
|move|p1a: Deoxys|Taunt|p2a: Slowking
|-start|p2a: Slowking|move: Taunt
|cant|p2a: Slowking|move: Taunt|Thunder Wave
|
|-weather|Snowscape|[upkeep]
|upkeep
|turn|7
|
|t:|1776106560
|switch|p1a: Great Tusk|Great Tusk|100/100
|-enditem|p1a: Great Tusk|Booster Energy
|-activate|p1a: Great Tusk|ability: Protosynthesis|[fromitem]
|-start|p1a: Great Tusk|protosynthesisspe
|switch|p2a: Darkrai|Darkrai|100/100
|-damage|p2a: Darkrai|88/100|[from] Stealth Rock
|
|-weather|none
|upkeep
|turn|8
|
|t:|1776106573
|switch|p2a: Primarina|Primarina, F|73/100 psn
|-damage|p2a: Primarina|61/100 psn|[from] Stealth Rock
|move|p1a: Great Tusk|Bulk Up|p1a: Great Tusk
|-boost|p1a: Great Tusk|atk|1
|-boost|p1a: Great Tusk|def|1
|
|-heal|p2a: Primarina|67/100 psn|[from] item: Leftovers
|-damage|p2a: Primarina|54/100 psn|[from] psn
|upkeep
|turn|9
|
|t:|1776106585
|move|p1a: Great Tusk|Headlong Rush|p2a: Primarina
|-damage|p2a: Primarina|0 fnt
|-unboost|p1a: Great Tusk|def|1
|-unboost|p1a: Great Tusk|spd|1
|faint|p2a: Primarina
|
|upkeep
|
|t:|1776106591
|switch|p2a: Rillaboom|Rillaboom, M|100/100
|-damage|p2a: Rillaboom|88/100|[from] Stealth Rock
|-fieldstart|move: Grassy Terrain|[from] ability: Grassy Surge|[of] p2a: Rillaboom
|turn|10
|
|t:|1776106599
|move|p1a: Great Tusk|Head Smash|p2a: Rillaboom
|-damage|p2a: Rillaboom|19/100
|-damage|p1a: Great Tusk|73/100|[from] Recoil
|move|p2a: Rillaboom|Wood Hammer|p1a: Great Tusk
|-supereffective|p1a: Great Tusk
|-damage|p1a: Great Tusk|0 fnt
|faint|p1a: Great Tusk
|-end|p1a: Great Tusk|Protosynthesis|[silent]
|-damage|p2a: Rillaboom|0 fnt|[from] Recoil
|faint|p2a: Rillaboom
|
|upkeep
|
|t:|1776106612
|switch|p1a: Kingambit|Kingambit, M|100/100
|switch|p2a: Slowking|Slowking-Galar, F|80/100
|-activate|p1a: Kingambit|ability: Supreme Overlord
|-start|p1a: Kingambit|fallen2|[silent]
|turn|11
|
|t:|1776106631
|switch|p2a: Zamazenta|Zamazenta|100/100
|-damage|p2a: Zamazenta|94/100|[from] Stealth Rock
|-ability|p2a: Zamazenta|Dauntless Shield|boost
|-boost|p2a: Zamazenta|def|1
|move|p1a: Kingambit|Iron Head|p2a: Zamazenta
|-damage|p2a: Zamazenta|66/100
|
|-heal|p2a: Zamazenta|72/100|[from] Grassy Terrain
|-heal|p2a: Zamazenta|79/100|[from] item: Leftovers
|upkeep
|turn|12
|
|t:|1776106641
|-end|p1a: Kingambit|fallen2|[silent]
|switch|p1a: Deoxys|Deoxys-Speed|100/100
|-ability|p1a: Deoxys|Pressure
|move|p2a: Zamazenta|Iron Defense|p2a: Zamazenta
|-boost|p2a: Zamazenta|def|2
|
|-heal|p2a: Zamazenta|85/100|[from] Grassy Terrain
|-heal|p2a: Zamazenta|91/100|[from] item: Leftovers
|-sideend|p1: SeasonedToxapexual|move: Light Screen
|upkeep
|turn|13
|
|t:|1776106651
|move|p1a: Deoxys|Reflect|p1a: Deoxys
|-sidestart|p1: SeasonedToxapexual|Reflect
|move|p2a: Zamazenta|Crunch|p1a: Deoxys
|-supereffective|p1a: Deoxys
|-damage|p1a: Deoxys|74/100
|
|-heal|p1a: Deoxys|80/100|[from] Grassy Terrain
|-heal|p2a: Zamazenta|97/100|[from] Grassy Terrain
|-heal|p2a: Zamazenta|100/100|[from] item: Leftovers
|upkeep
|turn|14
|
|t:|1776106661
|move|p1a: Deoxys|Psycho Boost|p2a: Zamazenta
|-supereffective|p2a: Zamazenta
|-damage|p2a: Zamazenta|19/100
|-unboost|p1a: Deoxys|spa|2
|move|p2a: Zamazenta|Iron Defense|p2a: Zamazenta
|-boost|p2a: Zamazenta|def|2
|
|-heal|p1a: Deoxys|86/100|[from] Grassy Terrain
|-heal|p2a: Zamazenta|25/100|[from] Grassy Terrain
|-heal|p2a: Zamazenta|31/100|[from] item: Leftovers
|-fieldend|move: Grassy Terrain
|upkeep
|turn|15
|
|t:|1776106681
|switch|p2a: Darkrai|Darkrai|88/100
|-damage|p2a: Darkrai|76/100|[from] Stealth Rock
|move|p1a: Deoxys|Psycho Boost|p2a: Darkrai
|-immune|p2a: Darkrai
|
|upkeep
|turn|16
|
|t:|1776106696
|switch|p1a: Kingambit|Kingambit, M|100/100
|-activate|p1a: Kingambit|ability: Supreme Overlord
|-start|p1a: Kingambit|fallen2|[silent]
|move|p2a: Darkrai|Dark Pulse|p1a: Kingambit
|-resisted|p1a: Kingambit
|-damage|p1a: Kingambit|62/100
|
|upkeep
|turn|17
|
|t:|1776106707
|switch|p2a: Zamazenta|Zamazenta|31/100
|-damage|p2a: Zamazenta|25/100|[from] Stealth Rock
|move|p1a: Kingambit|Swords Dance|p1a: Kingambit
|-boost|p1a: Kingambit|atk|2
|
|-heal|p2a: Zamazenta|31/100|[from] item: Leftovers
|upkeep
|turn|18
|
|t:|1776106715
|move|p1a: Kingambit|Sucker Punch|p2a: Zamazenta
|-resisted|p2a: Zamazenta
|-damage|p2a: Zamazenta|0 fnt
|faint|p2a: Zamazenta
|
|upkeep
|
|t:|1776106718
|switch|p2a: Darkrai|Darkrai|76/100
|-damage|p2a: Darkrai|63/100|[from] Stealth Rock
|turn|19
|
|t:|1776106724
|-terastallize|p1a: Kingambit|Fighting
|move|p2a: Darkrai|Focus Blast|p1a: Kingambit|[miss]
|-miss|p2a: Darkrai|p1a: Kingambit
|move|p1a: Kingambit|Iron Head|p2a: Darkrai
|-damage|p2a: Darkrai|0 fnt
|faint|p2a: Darkrai
|
|upkeep
|
|t:|1776106731
|switch|p2a: Slowking|Slowking-Galar, F|100/100
|turn|20
|
|t:|1776106737
|move|p1a: Kingambit|Iron Head|p2a: Slowking
|-damage|p2a: Slowking|26/100
|cant|p2a: Slowking|flinch
|
|-sideend|p1: SeasonedToxapexual|Reflect
|upkeep
|turn|21
|inactive|SeasonedToxapexual has 120 seconds left.
|inactive|SeasonedToxapexual has 90 seconds left.
|
|t:|1776106808
|move|p1a: Kingambit|Iron Head|p2a: Slowking
|-damage|p2a: Slowking|0 fnt
|faint|p2a: Slowking
|
|win|SeasonedToxapexual
|raw|SeasonedToxapexual's rating: 1077 &rarr; <strong>1109</strong><br />(+32 for winning)
|raw|1papaya2papaya's rating: 1125 &rarr; <strong>1097</strong><br />(-28 for losing)
