|html|<div class="broadcast-blue"><strong>[Gen 9] OU is currently suspecting Tera Blast! For information on how to participate check out the <a href="https://www.smogon.com/tools/suspects/view/200">suspect thread</a>.</strong></div>
|j|☆Garch0Z5
|j|☆Yazek
|t:|1776095348
|gametype|singles
|player|p1|Garch0Z5|benga|1000
|player|p2|Yazek|170|1000
|gen|9
|tier|[Gen 9] OU
|rated|
|rule|HP Percentage Mod: HP is shown in percentages
|rule|Endless Battle Clause: Forcing endless battles is banned
|rule|Species Clause: Limit one of each Pokémon
|rule|OHKO Clause: OHKO moves are banned
|rule|Evasion Items Clause: Evasion items are banned
|rule|Evasion Moves Clause: Evasion moves are banned
|rule|Evasion Abilities Clause: Evasion abilities are banned
|rule|Sleep Moves Clause: Sleep-inducing moves are banned
|clearpoke
|poke|p1|Great Tusk|
|poke|p1|Kingambit, F|
|poke|p1|Raging Bolt|
|poke|p1|Walking Wake|
|poke|p1|Ninetales, M|
|poke|p1|Ceruledge, F|
|poke|p2|Vikavolt, M|
|poke|p2|Glimmora, M|
|poke|p2|Samurott-Hisui, M|
|poke|p2|Clodsire, M|
|poke|p2|Clefable, F|
|poke|p2|Enamorus, F|
|teampreview
|
|t:|1776095366
|teamsize|p1|6
|teamsize|p2|6
|start
|switch|p1a: Kingambit|Kingambit, F|100/100
|switch|p2a: Vikavolt|Vikavolt, M|100/100
|-item|p1a: Kingambit|Air Balloon
|turn|1
|
|t:|1776095373
|move|p2a: Vikavolt|Sticky Web|p1a: Kingambit
|-sidestart|p1: Garch0Z5|move: Sticky Web
|move|p1a: Kingambit|Swords Dance|p1a: Kingambit
|-boost|p1a: Kingambit|atk|2
|
|upkeep
|turn|2
|
|t:|1776095382
|move|p2a: Vikavolt|Volt Switch|p1a: Kingambit
|-damage|p1a: Kingambit|56/100
|-enditem|p1a: Kingambit|Air Balloon
|
|t:|1776095409
|switch|p2a: Enamorus|Enamorus, F|100/100|[from] Volt Switch
|move|p1a: Kingambit|Kowtow Cleave|p2a: Enamorus
|-resisted|p2a: Enamorus
|-damage|p2a: Enamorus|20/100
|
|upkeep
|turn|3
|
|t:|1776095417
|move|p1a: Kingambit|Sucker Punch|p2a: Enamorus
|-resisted|p2a: Enamorus
|-damage|p2a: Enamorus|0 fnt
|faint|p2a: Enamorus
|
|upkeep
|
|t:|1776095430
|switch|p2a: Clefable|Clefable, F|100/100
|turn|4
|
|t:|1776095442
|move|p1a: Kingambit|Kowtow Cleave|p2a: Clefable
|-resisted|p2a: Clefable
|-damage|p2a: Clefable|65/100
|move|p2a: Clefable|Moonblast|p1a: Kingambit
|-damage|p1a: Kingambit|21/100
|
|-heal|p2a: Clefable|72/100|[from] item: Leftovers
|upkeep
|turn|5
|
|t:|1776095451
|move|p1a: Kingambit|Kowtow Cleave|p2a: Clefable
|-resisted|p2a: Clefable
|-damage|p2a: Clefable|35/100
|move|p2a: Clefable|Moonblast|p1a: Kingambit
|-crit|p1a: Kingambit
|-damage|p1a: Kingambit|0 fnt
|faint|p1a: Kingambit
|-end|p1a: Kingambit|fallenundefined|[silent]
|
|-heal|p2a: Clefable|41/100|[from] item: Leftovers
|upkeep
|
|t:|1776095462
|switch|p1a: Ceruledge|Ceruledge, F|100/100
|turn|6
|
|t:|1776095474
|switch|p2a: Glimmora|Glimmora, M|100/100
|move|p1a: Ceruledge|Swords Dance|p1a: Ceruledge
|-boost|p1a: Ceruledge|atk|2
|
|upkeep
|turn|7
|
|t:|1776095484
|move|p2a: Glimmora|Mortal Spin|p1a: Ceruledge
|-resisted|p1a: Ceruledge
|-damage|p1a: Ceruledge|97/100
|-status|p1a: Ceruledge|psn
|-ability|p1a: Ceruledge|Weak Armor|boost
|-unboost|p1a: Ceruledge|def|1
|-boost|p1a: Ceruledge|spe|2
|move|p1a: Ceruledge|Poltergeist|p2a: Glimmora
|-activate|p2a: Glimmora|move: Poltergeist|Red Card
|-damage|p2a: Glimmora|0 fnt
|-activate|p2a: Glimmora|ability: Toxic Debris
|-sidestart|p1: Garch0Z5|move: Toxic Spikes
|faint|p2a: Glimmora
|
|-damage|p1a: Ceruledge|85/100 psn|[from] psn
|upkeep
|
|t:|1776095501
|switch|p2a: Vikavolt|Vikavolt, M|100/100
|turn|8
|
|t:|1776095508
|move|p1a: Ceruledge|Bitter Blade|p2a: Vikavolt
|-supereffective|p2a: Vikavolt
|-enditem|p2a: Vikavolt|Focus Sash
|-damage|p2a: Vikavolt|1/100
|-heal|p1a: Ceruledge|100/100 psn|[from] drain|[of] p2a: Vikavolt
|move|p2a: Vikavolt|Volt Switch|p1a: Ceruledge
|-damage|p1a: Ceruledge|62/100 psn
|
|t:|1776095522
|switch|p2a: Samurott|Samurott-Hisui, M|100/100|[from] Volt Switch
|
|-damage|p1a: Ceruledge|49/100 psn|[from] psn
|upkeep
|turn|9
|
|t:|1776095530
|switch|p1a: Raging Bolt|Raging Bolt|100/100
|-activate|p1a: Raging Bolt|move: Sticky Web
|-unboost|p1a: Raging Bolt|spe|1
|-status|p1a: Raging Bolt|psn
|move|p2a: Samurott|Aqua Jet|p1a: Raging Bolt
|-resisted|p1a: Raging Bolt
|-crit|p1a: Raging Bolt
|-damage|p1a: Raging Bolt|88/100 psn
|
|-damage|p1a: Raging Bolt|76/100 psn|[from] psn
|upkeep
|turn|10
|
|t:|1776095543
|switch|p2a: Clodsire|Clodsire, M|100/100
|move|p1a: Raging Bolt|Thunderclap||[still]
|-fail|p1a: Raging Bolt
|
|-damage|p1a: Raging Bolt|63/100 psn|[from] psn
|upkeep
|turn|11
|
|t:|1776095555
|-end|p1a: Raging Bolt|Protosynthesis|[silent]
|switch|p1a: Great Tusk|Great Tusk|100/100
|-activate|p1a: Great Tusk|move: Sticky Web
|-unboost|p1a: Great Tusk|spe|1
|-status|p1a: Great Tusk|psn
|move|p2a: Clodsire|Amnesia|p2a: Clodsire
|-boost|p2a: Clodsire|spd|2
|
|-damage|p1a: Great Tusk|88/100 psn|[from] psn
|upkeep
|turn|12
|
|t:|1776095565
|move|p1a: Great Tusk|Rapid Spin|p2a: Clodsire
|-damage|p2a: Clodsire|78/100
|-boost|p1a: Great Tusk|spe|1
|-sideend|p1: Garch0Z5|Toxic Spikes|[from] move: Rapid Spin|[of] p1a: Great Tusk
|-sideend|p1: Garch0Z5|Sticky Web|[from] move: Rapid Spin|[of] p1a: Great Tusk
|move|p2a: Clodsire|Earthquake|p1a: Great Tusk
|-damage|p1a: Great Tusk|70/100 psn
|
|-damage|p1a: Great Tusk|57/100 psn|[from] psn
|upkeep
|turn|13
|
|t:|1776095576
|move|p1a: Great Tusk|Ice Spinner|p2a: Clodsire
|-supereffective|p2a: Clodsire
|-damage|p2a: Clodsire|16/100
|move|p2a: Clodsire|Earthquake|p1a: Great Tusk
|-damage|p1a: Great Tusk|39/100 psn
|
|-damage|p1a: Great Tusk|27/100 psn|[from] psn
|upkeep
|turn|14
|
|t:|1776095584
|move|p1a: Great Tusk|Ice Spinner|p2a: Clodsire
|-supereffective|p2a: Clodsire
|-damage|p2a: Clodsire|0 fnt
|faint|p2a: Clodsire
|
|-damage|p1a: Great Tusk|14/100 psn|[from] psn
|upkeep
|
|t:|1776095591
|switch|p2a: Vikavolt|Vikavolt, M|1/100
|turn|15
|
|t:|1776095596
|move|p1a: Great Tusk|Rapid Spin|p2a: Vikavolt
|-damage|p2a: Vikavolt|0 fnt
|-boost|p1a: Great Tusk|spe|1
|faint|p2a: Vikavolt
|
|-damage|p1a: Great Tusk|2/100 psn|[from] psn
|upkeep
|c|☆Garch0Z5|GG
|
|t:|1776095603
|switch|p2a: Samurott|Samurott-Hisui, M|100/100
|turn|16
|
|t:|1776095607
|move|p1a: Great Tusk|Headlong Rush|p2a: Samurott
|-damage|p2a: Samurott|11/100
|-unboost|p1a: Great Tusk|def|1
|-unboost|p1a: Great Tusk|spd|1
|move|p2a: Samurott|Ceaseless Edge|p1a: Great Tusk
|-resisted|p1a: Great Tusk
|-damage|p1a: Great Tusk|0 fnt
|-sidestart|p1: Garch0Z5|Spikes
|faint|p1a: Great Tusk
|-end|p1a: Great Tusk|Protosynthesis|[silent]
|
|upkeep
|
|t:|1776095617
|switch|p1a: Raging Bolt|Raging Bolt|63/100 psn
|-damage|p1a: Raging Bolt|51/100 psn|[from] Spikes
|turn|17
|
|t:|1776095624
|move|p1a: Raging Bolt|Thunderclap|p2a: Samurott
|-supereffective|p2a: Samurott
|-damage|p2a: Samurott|0 fnt
|faint|p2a: Samurott
|-damage|p1a: Raging Bolt|41/100 psn|[from] item: Life Orb
|
|-damage|p1a: Raging Bolt|29/100 psn|[from] psn
|upkeep
|
|t:|1776095631
|switch|p2a: Clefable|Clefable, F|41/100
|turn|18
|
|t:|1776095635
|-end|p1a: Raging Bolt|Protosynthesis|[silent]
|switch|p1a: Ninetales|Ninetales, M|100/100
|-damage|p1a: Ninetales|88/100|[from] Spikes
|-weather|SunnyDay|[from] ability: Drought|[of] p1a: Ninetales
|move|p2a: Clefable|Calm Mind|p2a: Clefable
|-boost|p2a: Clefable|spa|1
|-boost|p2a: Clefable|spd|1
|
|-weather|SunnyDay|[upkeep]
|-heal|p2a: Clefable|47/100|[from] item: Leftovers
|upkeep
|turn|19
|
|t:|1776095647
|move|p1a: Ninetales|Encore|p2a: Clefable
|-start|p2a: Clefable|Encore
|move|p2a: Clefable|Calm Mind|p2a: Clefable
|-boost|p2a: Clefable|spa|1
|-boost|p2a: Clefable|spd|1
|
|-weather|SunnyDay|[upkeep]
|-heal|p2a: Clefable|53/100|[from] item: Leftovers
|upkeep
|turn|20
|
|t:|1776095655
|switch|p1a: Ceruledge|Ceruledge, F|49/100 psn
|move|p2a: Clefable|Calm Mind|p2a: Clefable
|-boost|p2a: Clefable|spa|1
|-boost|p2a: Clefable|spd|1
|
|-weather|SunnyDay|[upkeep]
|-heal|p2a: Clefable|59/100|[from] item: Leftovers
|-damage|p1a: Ceruledge|37/100 psn|[from] psn
|upkeep
|turn|21
|
|t:|1776095664
|move|p1a: Ceruledge|Bitter Blade|p2a: Clefable
|-damage|p2a: Clefable|5/100
|-heal|p1a: Ceruledge|68/100 psn|[from] drain|[of] p2a: Clefable
|move|p2a: Clefable|Calm Mind|p2a: Clefable
|-boost|p2a: Clefable|spa|1
|-boost|p2a: Clefable|spd|1
|
|-weather|SunnyDay|[upkeep]
|-heal|p2a: Clefable|11/100|[from] item: Leftovers
|-damage|p1a: Ceruledge|55/100 psn|[from] psn
|-end|p2a: Clefable|Encore
|upkeep
|turn|22
|-message|Yazek forfeited.
|
|win|Garch0Z5
|raw|Garch0Z5's rating: 1000 &rarr; <strong>1040</strong><br />(+40 for winning)
|raw|Yazek's rating: 1000 &rarr; <strong>1000</strong><br />(+0 for losing)
|l|☆Yazek
|player|p2|
