|html|<div class="broadcast-blue"><strong>[Gen 9] OU is currently suspecting Tera Blast! For information on how to participate check out the <a href="https://www.smogon.com/tools/suspects/view/200">suspect thread</a>.</strong></div>
|j|☆dc1ldn
|j|☆Veragheral
|t:|1776084494
|gametype|singles
|player|p1|dc1ldn|ethan|1117
|player|p2|Veragheral|170|1173
|gen|9
|tier|[Gen 9] OU
|rated|
|rule|HP Percentage Mod: HP is shown in percentages
|rule|Endless Battle Clause: Forcing endless battles is banned
|rule|Species Clause: Limit one of each Pokémon
|rule|OHKO Clause: OHKO moves are banned
|rule|Evasion Items Clause: Evasion items are banned
|rule|Evasion Moves Clause: Evasion moves are banned
|rule|Evasion Abilities Clause: Evasion abilities are banned
|rule|Sleep Moves Clause: Sleep-inducing moves are banned
|clearpoke
|poke|p1|Gallade, M|
|poke|p1|Dragapult, F|
|poke|p1|Kingambit, M|
|poke|p1|Torterra, M|
|poke|p1|Kingdra, F|
|poke|p1|Infernape, M|
|poke|p2|Kyurem|
|poke|p2|Cinderace, M|
|poke|p2|Hatterene, F|
|poke|p2|Great Tusk|
|poke|p2|Dragalge, F|
|poke|p2|Lokix, M|
|teampreview
|inactive|Battle timer is ON: inactive players will automatically lose when time's up. (requested by dc1ldn)
|
|t:|1776084506
|teamsize|p1|6
|teamsize|p2|6
|start
|switch|p1a: Torterra|Torterra, M|100/100
|switch|p2a: Great Tusk|Great Tusk|100/100
|turn|1
|
|t:|1776084511
|move|p2a: Great Tusk|Ice Spinner|p1a: Torterra
|-supereffective|p1a: Torterra
|-damage|p1a: Torterra|7/100
|move|p1a: Torterra|Shell Smash|p1a: Torterra
|-unboost|p1a: Torterra|def|1
|-unboost|p1a: Torterra|spd|1
|-boost|p1a: Torterra|atk|2
|-boost|p1a: Torterra|spa|2
|-boost|p1a: Torterra|spe|2
|
|upkeep
|turn|2
|
|t:|1776084521
|move|p1a: Torterra|Bullet Seed|p2a: Great Tusk
|-supereffective|p2a: Great Tusk
|-damage|p2a: Great Tusk|71/100
|-supereffective|p2a: Great Tusk
|-damage|p2a: Great Tusk|42/100
|-supereffective|p2a: Great Tusk
|-damage|p2a: Great Tusk|12/100
|-supereffective|p2a: Great Tusk
|-damage|p2a: Great Tusk|0 fnt
|faint|p2a: Great Tusk
|-end|p2a: Great Tusk|Protosynthesis|[silent]
|-hitcount|p2: Great Tusk|4
|
|upkeep
|
|t:|1776084526
|switch|p2a: Lokix|Lokix, M|100/100
|turn|3
|
|t:|1776084535
|move|p2a: Lokix|First Impression|p1a: Torterra
|-supereffective|p1a: Torterra
|-damage|p1a: Torterra|0 fnt
|faint|p1a: Torterra
|
|upkeep
|
|t:|1776084556
|switch|p1a: Infernape|Infernape, M|100/100
|turn|4
|
|t:|1776084585
|switch|p2a: Cinderace|Cinderace, M|100/100
|move|p1a: Infernape|Flare Blitz|p2a: Cinderace
|-resisted|p2a: Cinderace
|-damage|p2a: Cinderace|55/100
|-damage|p1a: Infernape|85/100|[from] Recoil
|
|upkeep
|turn|5
|inactive|dc1ldn has 120 seconds left.
|
|t:|1776084611
|switch|p1a: Kingdra|Kingdra, F|100/100
|move|p2a: Cinderace|Gunk Shot|p1a: Kingdra
|-start|p2a: Cinderace|typechange|Poison|[from] ability: Libero
|-crit|p1a: Kingdra
|-damage|p1a: Kingdra|0 fnt
|faint|p1a: Kingdra
|
|upkeep
|
|t:|1776084618
|switch|p1a: Dragapult|Dragapult, F, shiny|100/100
|turn|6
|
|t:|1776084625
|move|p1a: Dragapult|Psychic Fangs|p2a: Cinderace
|-supereffective|p2a: Cinderace
|-damage|p2a: Cinderace|0 fnt
|faint|p2a: Cinderace
|
|upkeep
|
|t:|1776084630
|switch|p2a: Hatterene|Hatterene, F, shiny|100/100
|turn|7
|inactive|dc1ldn has 120 seconds left.
|
|t:|1776084653
|switch|p1a: Kingambit|Kingambit, M|100/100
|-activate|p1a: Kingambit|ability: Supreme Overlord
|-start|p1a: Kingambit|fallen2|[silent]
|move|p2a: Hatterene|Trick Room|p2a: Hatterene
|-fieldstart|move: Trick Room|[of] p2a: Hatterene
|
|upkeep
|turn|8
|inactive|dc1ldn has 120 seconds left.
|
|t:|1776084683
|move|p2a: Hatterene|Draining Kiss|p1a: Kingambit
|-damage|p1a: Kingambit|69/100
|move|p1a: Kingambit|Iron Head|p2a: Hatterene
|-supereffective|p2a: Hatterene
|-enditem|p2a: Hatterene|Focus Sash
|-damage|p2a: Hatterene|1/100
|
|upkeep
|turn|9
|
|t:|1776084692
|move|p1a: Kingambit|Sucker Punch|p2a: Hatterene
|-damage|p2a: Hatterene|0 fnt
|faint|p2a: Hatterene
|
|upkeep
|
|t:|1776084699
|switch|p2a: Lokix|Lokix, M|100/100
|turn|10
|inactive|dc1ldn has 120 seconds left.
|
|t:|1776084707
|move|p2a: Lokix|First Impression|p1a: Kingambit
|-damage|p1a: Kingambit|33/100
|move|p1a: Kingambit|Iron Head|p2a: Lokix
|-crit|p2a: Lokix
|-damage|p2a: Lokix|0 fnt
|faint|p2a: Lokix
|
|upkeep
|
|t:|1776084713
|switch|p2a: Dragalge|Dragalge, F|100/100
|turn|11
|
|t:|1776084720
|move|p2a: Dragalge|Dragon Pulse|p1a: Kingambit
|-resisted|p1a: Kingambit
|-damage|p1a: Kingambit|7/100
|move|p1a: Kingambit|Kowtow Cleave|p2a: Dragalge
|-damage|p2a: Dragalge|10/100
|
|-fieldend|move: Trick Room
|upkeep
|turn|12
|
|t:|1776084729
|move|p1a: Kingambit|Sucker Punch|p2a: Dragalge
|-damage|p2a: Dragalge|0 fnt
|faint|p2a: Dragalge
|
|upkeep
|
|t:|1776084732
|switch|p2a: Kyurem|Kyurem|100/100
|-ability|p2a: Kyurem|Pressure
|turn|13
|inactive|dc1ldn has 120 seconds left.
|inactive|Veragheral has 120 seconds left.
|inactive|dc1ldn has 90 seconds left.
|inactive|dc1ldn has 60 seconds left.
|inactive|dc1ldn has 30 seconds left.
|inactive|dc1ldn has 20 seconds left.
|inactive|dc1ldn has 15 seconds left.
|inactive|dc1ldn has 10 seconds left.
|inactive|dc1ldn has 5 seconds left.
|-message|dc1ldn lost due to inactivity.
|
|win|Veragheral
|raw|dc1ldn's rating: 1117 &rarr; <strong>1096</strong><br />(-21 for losing)
|raw|Veragheral's rating: 1173 &rarr; <strong>1194</strong><br />(+21 for winning)
|l|☆Veragheral
|player|p2|
