|html|<div class="broadcast-blue"><strong>[Gen 9] OU is currently suspecting Tera Blast! For information on how to participate check out the <a href="https://www.smogon.com/tools/suspects/view/200">suspect thread</a>.</strong></div>
|j|☆yey331
|j|☆s3ssotron
|t:|1776060094
|gametype|singles
|player|p1|yey331|elesa|1367
|player|p2|s3ssotron|101|1387
|gen|9
|tier|[Gen 9] OU
|rated|
|rule|HP Percentage Mod: HP is shown in percentages
|rule|Endless Battle Clause: Forcing endless battles is banned
|rule|Species Clause: Limit one of each Pokémon
|rule|OHKO Clause: OHKO moves are banned
|rule|Evasion Items Clause: Evasion items are banned
|rule|Evasion Moves Clause: Evasion moves are banned
|rule|Evasion Abilities Clause: Evasion abilities are banned
|rule|Sleep Moves Clause: Sleep-inducing moves are banned
|clearpoke
|poke|p1|Hatterene, F|
|poke|p1|Pelipper, M|
|poke|p1|Hariyama, F|
|poke|p1|Cresselia, F|
|poke|p1|Ursaluna, M|
|poke|p1|Porygon2|
|poke|p2|Blaziken, F|
|poke|p2|Suicune|
|poke|p2|Kyurem|
|poke|p2|Deoxys-Defense|
|poke|p2|Maushold-Four|
|poke|p2|Zoroark-Hisui, F|
|teampreview
|inactive|Battle timer is ON: inactive players will automatically lose when time's up. (requested by yey331)
|
|t:|1776060109
|teamsize|p1|6
|teamsize|p2|6
|start
|switch|p1a: Cresselia|Cresselia, F|100/100
|switch|p2a: Maushold|Maushold-Four|100/100
|turn|1
|
|t:|1776060117
|move|p2a: Maushold|Trick|p1a: Cresselia
|-activate|p2a: Maushold|move: Trick|[of] p1a: Cresselia
|-item|p1a: Cresselia|Choice Specs|[from] move: Trick
|-item|p2a: Maushold|Mental Herb|[from] move: Trick
|move|p1a: Cresselia|Trick Room|p1a: Cresselia
|-fieldstart|move: Trick Room|[of] p1a: Cresselia
|
|upkeep
|turn|2
|
|t:|1776060129
|switch|p1a: Hariyama|Hariyama, F|100/100
|move|p2a: Maushold|Flamethrower|p1a: Hariyama
|-crit|p1a: Hariyama
|-damage|p1a: Hariyama|57/100
|
|upkeep
|turn|3
|
|t:|1776060137
|move|p1a: Hariyama|Drain Punch|p2a: Maushold
|-immune|p2a: Maushold
|move|p2a: Maushold|Flamethrower|p1a: Hariyama
|-damage|p1a: Hariyama|25/100
|-enditem|p1a: Hariyama|Sitrus Berry|[eat]
|-heal|p1a: Hariyama|50/100|[from] item: Sitrus Berry
|
|upkeep
|turn|4
|
|t:|1776060143
|move|p1a: Hariyama|Knock Off|p2a: Maushold
|-supereffective|p2a: Maushold
|-damage|p2a: Maushold|0 fnt
|replace|p2a: Zoroark|Zoroark-Hisui, F
|-end|p2a: Zoroark|Illusion
|-enditem|p2a: Zoroark|Mental Herb|[from] move: Knock Off|[of] p1a: Hariyama
|faint|p2a: Zoroark
|
|upkeep
|
|t:|1776060150
|switch|p2a: Maushold|Maushold-Four|100/100
|turn|5
|
|t:|1776060153
|-terastallize|p2a: Maushold|Ghost
|move|p1a: Hariyama|Drain Punch|p2a: Maushold
|-immune|p2a: Maushold
|move|p2a: Maushold|Tidy Up|p2a: Maushold
|-boost|p2a: Maushold|atk|1
|-boost|p2a: Maushold|spe|1
|
|-fieldend|move: Trick Room
|upkeep
|turn|6
|
|t:|1776060158
|switch|p1a: Porygon2|Porygon2|100/100
|-ability|p1a: Porygon2|Download|boost
|-boost|p1a: Porygon2|atk|1
|move|p2a: Maushold|Encore||[still]
|-fail|p2a: Maushold
|
|upkeep
|turn|7
|
|t:|1776060162
|move|p2a: Maushold|Population Bomb|p1a: Porygon2
|-damage|p1a: Porygon2|89/100
|-crit|p1a: Porygon2
|-damage|p1a: Porygon2|72/100
|-hitcount|p1a: Porygon2|2
|move|p1a: Porygon2|Trick Room|p1a: Porygon2
|-fieldstart|move: Trick Room|[of] p1a: Porygon2
|
|upkeep
|turn|8
|
|t:|1776060171
|move|p1a: Porygon2|Ice Beam|p2a: Maushold
|-damage|p2a: Maushold|58/100
|-status|p2a: Maushold|frz
|-curestatus|p2a: Maushold|frz|[msg]
|move|p2a: Maushold|Population Bomb|p1a: Porygon2
|-damage|p1a: Porygon2|61/100
|-crit|p1a: Porygon2
|-damage|p1a: Porygon2|44/100
|-damage|p1a: Porygon2|32/100
|-damage|p1a: Porygon2|21/100
|-damage|p1a: Porygon2|9/100
|-damage|p1a: Porygon2|0 fnt
|faint|p1a: Porygon2
|-hitcount|p1: Porygon2|6
|
|upkeep
|
|t:|1776060173
|switch|p1a: Hariyama|Hariyama, F|50/100
|turn|9
|
|t:|1776060180
|move|p1a: Hariyama|Knock Off|p2a: Maushold
|-supereffective|p2a: Maushold
|-damage|p2a: Maushold|0 fnt
|-enditem|p2a: Maushold|Focus Sash|[from] move: Knock Off|[of] p1a: Hariyama
|faint|p2a: Maushold
|
|upkeep
|
|t:|1776060187
|switch|p2a: Blaziken|Blaziken, F|100/100
|turn|10
|
|t:|1776060192
|switch|p1a: Big Gulp|Pelipper, M|100/100
|-weather|RainDance|[from] ability: Drizzle|[of] p1a: Big Gulp
|move|p2a: Blaziken|Swords Dance|p2a: Blaziken
|-boost|p2a: Blaziken|atk|2
|
|-weather|RainDance|[upkeep]
|-ability|p2a: Blaziken|Speed Boost|boost
|-boost|p2a: Blaziken|spe|1
|upkeep
|turn|11
|
|t:|1776060199
|move|p1a: Big Gulp|Hurricane|p2a: Blaziken
|-supereffective|p2a: Blaziken
|-enditem|p2a: Blaziken|Focus Sash
|-damage|p2a: Blaziken|1/100
|-start|p2a: Blaziken|confusion
|-activate|p2a: Blaziken|confusion
|move|p2a: Blaziken|Knock Off|p1a: Big Gulp
|-damage|p1a: Big Gulp|27/100
|-enditem|p1a: Big Gulp|Choice Specs|[from] move: Knock Off|[of] p2a: Blaziken
|
|-weather|RainDance|[upkeep]
|-fieldend|move: Trick Room
|-ability|p2a: Blaziken|Speed Boost|boost
|-boost|p2a: Blaziken|spe|1
|upkeep
|turn|12
|
|t:|1776060205
|switch|p1a: Cresselia|Cresselia, F|100/100
|-activate|p2a: Blaziken|confusion
|move|p2a: Blaziken|Knock Off|p1a: Cresselia
|-supereffective|p1a: Cresselia
|-crit|p1a: Cresselia
|-damage|p1a: Cresselia|0 fnt
|-enditem|p1a: Cresselia|Choice Specs|[from] move: Knock Off|[of] p2a: Blaziken
|faint|p1a: Cresselia
|
|-weather|RainDance|[upkeep]
|-ability|p2a: Blaziken|Speed Boost|boost
|-boost|p2a: Blaziken|spe|1
|upkeep
|
|t:|1776060208
|switch|p1a: Hariyama|Hariyama, F|50/100
|turn|13
|
|t:|1776060226
|move|p1a: Hariyama|Bullet Punch|p2a: Blaziken
|-resisted|p2a: Blaziken
|-damage|p2a: Blaziken|0 fnt
|faint|p2a: Blaziken
|
|-weather|RainDance|[upkeep]
|upkeep
|
|t:|1776060233
|switch|p2a: Suicune|Suicune|100/100
|-ability|p2a: Suicune|Pressure
|turn|14
|
|t:|1776060244
|move|p1a: Hariyama|Bullet Punch|p2a: Suicune
|-resisted|p2a: Suicune
|-damage|p2a: Suicune|96/100
|move|p2a: Suicune|Calm Mind|p2a: Suicune
|-boost|p2a: Suicune|spa|1
|-boost|p2a: Suicune|spd|1
|
|-weather|none
|upkeep
|turn|15
|
|t:|1776060248
|move|p2a: Suicune|Scald|p1a: Hariyama
|-damage|p1a: Hariyama|10/100
|-status|p1a: Hariyama|brn
|move|p1a: Hariyama|Knock Off|p2a: Suicune
|-damage|p2a: Suicune|66/100
|-enditem|p2a: Suicune|Chesto Berry|[from] move: Knock Off|[of] p1a: Hariyama
|
|-damage|p1a: Hariyama|4/100 brn|[from] brn
|upkeep
|turn|16
|
|t:|1776060254
|move|p2a: Suicune|Calm Mind|p2a: Suicune
|-boost|p2a: Suicune|spa|1
|-boost|p2a: Suicune|spd|1
|move|p1a: Hariyama|Drain Punch|p2a: Suicune
|-damage|p2a: Suicune|31/100
|-heal|p1a: Hariyama|20/100 brn|[from] drain|[of] p2a: Suicune
|
|-damage|p1a: Hariyama|14/100 brn|[from] brn
|upkeep
|turn|17
|
|t:|1776060258
|move|p2a: Suicune|Rest|p2a: Suicune
|-status|p2a: Suicune|slp|[from] move: Rest
|-heal|p2a: Suicune|100/100 slp|[silent]
|move|p1a: Hariyama|Drain Punch|p2a: Suicune
|-damage|p2a: Suicune|67/100 slp
|-heal|p1a: Hariyama|30/100 brn|[from] drain|[of] p2a: Suicune
|
|-damage|p1a: Hariyama|24/100 brn|[from] brn
|upkeep
|turn|18
|
|t:|1776060263
|switch|p1a: Hatterene|Hatterene, F|100/100
|cant|p2a: Suicune|slp
|
|upkeep
|turn|19
|
|t:|1776060267
|cant|p2a: Suicune|slp
|move|p1a: Hatterene|Trick Room|p1a: Hatterene
|-fieldstart|move: Trick Room|[of] p1a: Hatterene
|
|upkeep
|turn|20
|
|t:|1776060279
|move|p1a: Hatterene|Psychic Noise|p2a: Suicune
|-damage|p2a: Suicune|50/100 slp
|-start|p2a: Suicune|move: Heal Block
|-curestatus|p2a: Suicune|slp|[msg]
|move|p2a: Suicune|Sleep Talk||[still]
|-fail|p2a: Suicune
|
|upkeep
|turn|21
|
|t:|1776060285
|switch|p1a: Hariyama|Hariyama, F|24/100 brn
|move|p2a: Suicune|Scald|p1a: Hariyama
|-crit|p1a: Hariyama
|-damage|p1a: Hariyama|0 fnt
|faint|p1a: Hariyama
|
|-end|p2a: Suicune|move: Heal Block
|upkeep
|
|t:|1776060287
|switch|p1a: Ursaluna|Ursaluna, M|100/100
|turn|22
|
|t:|1776060292
|move|p1a: Ursaluna|Headlong Rush|p2a: Suicune
|-damage|p2a: Suicune|13/100
|-unboost|p1a: Ursaluna|def|1
|-unboost|p1a: Ursaluna|spd|1
|move|p2a: Suicune|Scald|p1a: Ursaluna
|-supereffective|p1a: Ursaluna
|-damage|p1a: Ursaluna|0 fnt
|faint|p1a: Ursaluna
|
|upkeep
|
|t:|1776060295
|switch|p1a: Big Gulp|Pelipper, M|27/100
|-weather|RainDance|[from] ability: Drizzle|[of] p1a: Big Gulp
|turn|23
|
|t:|1776060304
|move|p1a: Big Gulp|Weather Ball|p2a: Suicune
|-resisted|p2a: Suicune
|-damage|p2a: Suicune|0 fnt
|faint|p2a: Suicune
|
|-weather|RainDance|[upkeep]
|-fieldend|move: Trick Room
|upkeep
|
|t:|1776060309
|switch|p2a: Kyurem|Kyurem|100/100
|-ability|p2a: Kyurem|Pressure
|turn|24
|
|t:|1776060318
|move|p2a: Kyurem|Freeze-Dry|p1a: Big Gulp
|-supereffective|p1a: Big Gulp
|-damage|p1a: Big Gulp|0 fnt
|faint|p1a: Big Gulp
|
|-weather|RainDance|[upkeep]
|upkeep
|
|t:|1776060321
|switch|p1a: Hatterene|Hatterene, F|100/100
|turn|25
|
|t:|1776060337
|move|p2a: Kyurem|Freeze-Dry|p1a: Hatterene
|-damage|p1a: Hatterene|57/100
|move|p1a: Hatterene|Trick Room|p1a: Hatterene
|-fieldstart|move: Trick Room|[of] p1a: Hatterene
|
|-weather|RainDance|[upkeep]
|upkeep
|turn|26
|
|t:|1776060346
|-terastallize|p1a: Hatterene|Steel
|move|p1a: Hatterene|Dazzling Gleam|p2a: Kyurem
|-supereffective|p2a: Kyurem
|-damage|p2a: Kyurem|7/100
|move|p2a: Kyurem|Freeze-Dry|p1a: Hatterene
|-resisted|p1a: Hatterene
|-damage|p1a: Hatterene|36/100
|
|-weather|RainDance|[upkeep]
|upkeep
|turn|27
|inactive|s3ssotron has 120 seconds left.
|l|☆s3ssotron
|inactive|s3ssotron disconnected and has a minute to reconnect!
|player|p2|
|inactive|s3ssotron has 30 seconds to reconnect!
|inactive|s3ssotron has 20 seconds to reconnect!
|inactive|s3ssotron has 15 seconds to reconnect!
|inactive|s3ssotron has 10 seconds to reconnect!
|inactive|s3ssotron has 5 seconds to reconnect!
|-message|s3ssotron lost due to inactivity.
|
|win|yey331
|raw|yey331's rating: 1367 &rarr; <strong>1388</strong><br />(+21 for winning)
|raw|s3ssotron's rating: 1387 &rarr; <strong>1366</strong><br />(-21 for losing)
|l|☆yey331
|player|p1|
