|html|<div class="broadcast-blue"><strong>[Gen 9] OU is currently suspecting Tera Blast! For information on how to participate check out the <a href="https://www.smogon.com/tools/suspects/view/200">suspect thread</a>.</strong></div>
|j|☆cybernarwhal
|j|☆TOXICccccccccccccc
|t:|1776124397
|gametype|singles
|player|p1|cybernarwhal|170|1389
|player|p2|TOXICccccccccccccc|preschooler|1375
|gen|9
|tier|[Gen 9] OU
|rated|
|rule|HP Percentage Mod: HP is shown in percentages
|rule|Endless Battle Clause: Forcing endless battles is banned
|rule|Species Clause: Limit one of each Pokémon
|rule|OHKO Clause: OHKO moves are banned
|rule|Evasion Items Clause: Evasion items are banned
|rule|Evasion Moves Clause: Evasion moves are banned
|rule|Evasion Abilities Clause: Evasion abilities are banned
|rule|Sleep Moves Clause: Sleep-inducing moves are banned
|clearpoke
|poke|p1|Walking Wake|
|poke|p1|Ninetales, M|
|poke|p1|Great Tusk|
|poke|p1|Talonflame, M|
|poke|p1|Kingambit, F|
|poke|p1|Iron Moth|
|poke|p2|Ogerpon-Wellspring, F|
|poke|p2|Heatran, M|
|poke|p2|Goodra-Hisui, F|
|poke|p2|Thundurus-Therian, M|
|poke|p2|Orthworm, M|
|poke|p2|Grimmsnarl, M|
|teampreview
|inactive|Battle timer is ON: inactive players will automatically lose when time's up. (requested by TOXICccccccccccccc)
|
|t:|1776124407
|teamsize|p1|6
|teamsize|p2|6
|start
|switch|p1a: Ninetales|Ninetales, M|100/100
|switch|p2a: Grimmsnarl|Grimmsnarl, M|100/100
|-weather|SunnyDay|[from] ability: Drought|[of] p1a: Ninetales
|turn|1
|
|t:|1776124412
|switch|p1a: Great Tusk|Great Tusk|100/100
|-activate|p1a: Great Tusk|ability: Protosynthesis
|-start|p1a: Great Tusk|protosynthesisatk
|move|p2a: Grimmsnarl|Parting Shot|p1a: Great Tusk
|-unboost|p1a: Great Tusk|atk|1
|-unboost|p1a: Great Tusk|spa|1
|
|t:|1776124422
|switch|p2a: Orthworm|Orthworm, M|100/100|[from] Parting Shot
|
|-weather|SunnyDay|[upkeep]
|upkeep
|turn|2
|
|t:|1776124425
|-terastallize|p2a: Orthworm|Ghost
|move|p1a: Great Tusk|Close Combat|p2a: Orthworm
|-immune|p2a: Orthworm
|move|p2a: Orthworm|Sand Tomb|p1a: Great Tusk
|-damage|p1a: Great Tusk|96/100
|-activate|p1a: Great Tusk|move: Sand Tomb|[of] p2a: Orthworm
|
|-weather|SunnyDay|[upkeep]
|-damage|p1a: Great Tusk|83/100|[from] move: Sand Tomb|[partiallytrapped]
|upkeep
|turn|3
|
|t:|1776124429
|move|p1a: Great Tusk|Close Combat|p2a: Orthworm
|-immune|p2a: Orthworm
|move|p2a: Orthworm|Spikes|p1a: Great Tusk
|-sidestart|p1: cybernarwhal|Spikes
|
|-weather|SunnyDay|[upkeep]
|-damage|p1a: Great Tusk|71/100|[from] move: Sand Tomb|[partiallytrapped]
|upkeep
|turn|4
|
|t:|1776124431
|move|p1a: Great Tusk|Close Combat|p2a: Orthworm
|-immune|p2a: Orthworm
|move|p2a: Orthworm|Spikes|p1a: Great Tusk
|-sidestart|p1: cybernarwhal|Spikes
|
|-weather|SunnyDay|[upkeep]
|-damage|p1a: Great Tusk|58/100|[from] move: Sand Tomb|[partiallytrapped]
|upkeep
|turn|5
|
|t:|1776124434
|move|p1a: Great Tusk|Close Combat|p2a: Orthworm
|-immune|p2a: Orthworm
|move|p2a: Orthworm|Spikes|p1a: Great Tusk
|-sidestart|p1: cybernarwhal|Spikes
|
|-weather|SunnyDay|[upkeep]
|-damage|p1a: Great Tusk|46/100|[from] move: Sand Tomb|[partiallytrapped]
|upkeep
|turn|6
|
|t:|1776124437
|move|p1a: Great Tusk|Close Combat|p2a: Orthworm
|-immune|p2a: Orthworm
|move|p2a: Orthworm|Iron Defense|p2a: Orthworm
|-boost|p2a: Orthworm|def|2
|
|-weather|SunnyDay|[upkeep]
|-damage|p1a: Great Tusk|34/100|[from] move: Sand Tomb|[partiallytrapped]
|upkeep
|turn|7
|
|t:|1776124441
|move|p1a: Great Tusk|Close Combat|p2a: Orthworm
|-immune|p2a: Orthworm
|move|p2a: Orthworm|Body Press|p1a: Great Tusk
|-damage|p1a: Great Tusk|0 fnt
|faint|p1a: Great Tusk
|-end|p1a: Great Tusk|Protosynthesis|[silent]
|
|-weather|SunnyDay|[upkeep]
|upkeep
|
|t:|1776124444
|switch|p1a: Talonflame|Talonflame, M|100/100
|turn|8
|
|t:|1776124448
|switch|p2a: Heatran|Heatran, M|100/100
|move|p1a: Talonflame|Will-O-Wisp|p2a: Heatran
|-start|p2a: Heatran|ability: Flash Fire
|
|-weather|none
|upkeep
|turn|9
|
|t:|1776124453
|move|p1a: Talonflame|Defog|p2a: Heatran
|-unboost|p2a: Heatran|evasion|1
|-sideend|p1: cybernarwhal|Spikes|[from] move: Defog|[of] p1a: Talonflame
|move|p2a: Heatran|Stealth Rock|p1a: Talonflame
|-sidestart|p1: cybernarwhal|move: Stealth Rock
|
|upkeep
|turn|10
|
|t:|1776124457
|move|p1a: Talonflame|Defog|p2a: Heatran
|-unboost|p2a: Heatran|evasion|1
|-sideend|p1: cybernarwhal|Stealth Rock|[from] move: Defog|[of] p1a: Talonflame
|move|p2a: Heatran|Magma Storm|p1a: Talonflame
|-resisted|p1a: Talonflame
|-damage|p1a: Talonflame|48/100
|-activate|p1a: Talonflame|move: Magma Storm|[of] p2a: Heatran
|
|-damage|p1a: Talonflame|36/100|[from] move: Magma Storm|[partiallytrapped]
|upkeep
|turn|11
|c|☆cybernarwhal|stop it
|c|☆cybernarwhal|lol
|
|t:|1776124466
|move|p2a: Heatran|Protect|p2a: Heatran
|-singleturn|p2a: Heatran|Protect
|move|p1a: Talonflame|Brave Bird|p2a: Heatran
|-activate|p2a: Heatran|move: Protect
|
|-damage|p1a: Talonflame|23/100|[from] move: Magma Storm|[partiallytrapped]
|upkeep
|turn|12
|
|t:|1776124468
|move|p1a: Talonflame|Brave Bird|p2a: Heatran
|-resisted|p2a: Heatran
|-damage|p2a: Heatran|80/100
|-damage|p1a: Talonflame|14/100|[from] Recoil
|move|p2a: Heatran|Stealth Rock|p1a: Talonflame
|-sidestart|p1: cybernarwhal|move: Stealth Rock
|
|-heal|p2a: Heatran|87/100|[from] item: Leftovers
|-damage|p1a: Talonflame|2/100|[from] move: Magma Storm|[partiallytrapped]
|upkeep
|turn|13
|
|t:|1776124471
|move|p2a: Heatran|Protect|p2a: Heatran
|-singleturn|p2a: Heatran|Protect
|move|p1a: Talonflame|Defog|p2a: Heatran
|-activate|p2a: Heatran|move: Protect
|
|-heal|p2a: Heatran|93/100|[from] item: Leftovers
|-damage|p1a: Talonflame|0 fnt|[from] move: Magma Storm|[partiallytrapped]
|faint|p1a: Talonflame
|upkeep
|
|t:|1776124477
|switch|p1a: Ninetales|Ninetales, M|100/100
|-damage|p1a: Ninetales|76/100|[from] Stealth Rock
|-weather|SunnyDay|[from] ability: Drought|[of] p1a: Ninetales
|turn|14
|
|t:|1776124486
|move|p1a: Ninetales|Healing Wish|p1a: Ninetales
|faint|p1a: Ninetales
|move|p2a: Heatran|Earth Power|p1: Ninetales|[notarget]
|-fail|p2a: Heatran
|
|-weather|SunnyDay|[upkeep]
|-heal|p2a: Heatran|99/100|[from] item: Leftovers
|upkeep
|
|t:|1776124489
|switch|p1a: Walking Wake|Walking Wake|100/100
|-damage|p1a: Walking Wake|88/100|[from] Stealth Rock
|-activate|p1a: Walking Wake|ability: Protosynthesis
|-start|p1a: Walking Wake|protosynthesisspa
|turn|15
|
|t:|1776124493
|move|p2a: Heatran|Protect|p2a: Heatran
|-singleturn|p2a: Heatran|Protect
|move|p1a: Walking Wake|Dragon Pulse|p2a: Heatran
|-activate|p2a: Heatran|move: Protect
|
|-weather|SunnyDay|[upkeep]
|-heal|p2a: Heatran|100/100|[from] item: Leftovers
|upkeep
|turn|16
|
|t:|1776124498
|-end|p2a: Heatran|ability: Flash Fire|[silent]
|switch|p2a: Grimmsnarl|Grimmsnarl, M|100/100
|move|p1a: Walking Wake|Dragon Pulse|p2a: Grimmsnarl
|-immune|p2a: Grimmsnarl
|
|-weather|SunnyDay|[upkeep]
|upkeep
|turn|17
|
|t:|1776124502
|-end|p1a: Walking Wake|Protosynthesis|[silent]
|switch|p1a: Iron Moth|Iron Moth|100/100
|-damage|p1a: Iron Moth|76/100|[from] Stealth Rock
|move|p2a: Grimmsnarl|Light Screen|p2a: Grimmsnarl
|-sidestart|p2: TOXICccccccccccccc|move: Light Screen
|
|-weather|SunnyDay|[upkeep]
|upkeep
|turn|18
|
|t:|1776124509
|move|p2a: Grimmsnarl|Parting Shot|p1a: Iron Moth
|-unboost|p1a: Iron Moth|atk|1
|-unboost|p1a: Iron Moth|spa|1
|
|t:|1776124511
|switch|p2a: Heatran|Heatran, M|100/100|[from] Parting Shot
|move|p1a: Iron Moth|Sludge Wave|p2a: Heatran
|-immune|p2a: Heatran
|
|-weather|SunnyDay|[upkeep]
|upkeep
|turn|19
|
|t:|1776124514
|-end|p1a: Iron Moth|Quark Drive|[silent]
|switch|p1a: Kingambit|Kingambit, F|100/100
|-damage|p1a: Kingambit|94/100|[from] Stealth Rock
|-activate|p1a: Kingambit|ability: Supreme Overlord
|-start|p1a: Kingambit|fallen3|[silent]
|move|p2a: Heatran|Earth Power|p1a: Kingambit
|-supereffective|p1a: Kingambit
|-damage|p1a: Kingambit|44/100
|
|-weather|SunnyDay|[upkeep]
|-heal|p1a: Kingambit|50/100|[from] item: Leftovers
|upkeep
|turn|20
|
|t:|1776124521
|move|p2a: Heatran|Magma Storm|p1a: Kingambit
|-supereffective|p1a: Kingambit
|-damage|p1a: Kingambit|0 fnt
|faint|p1a: Kingambit
|-end|p1a: Kingambit|fallen3|[silent]
|
|-weather|SunnyDay|[upkeep]
|upkeep
|
|t:|1776124524
|switch|p1a: Iron Moth|Iron Moth|76/100
|-heal|p1a: Iron Moth|100/100|[from] move: Healing Wish
|-damage|p1a: Iron Moth|76/100|[from] Stealth Rock
|turn|21
|
|t:|1776124527
|move|p2a: Heatran|Protect|p2a: Heatran
|-singleturn|p2a: Heatran|Protect
|move|p1a: Iron Moth|U-turn|p2a: Heatran
|-activate|p2a: Heatran|move: Protect
|
|-weather|none
|upkeep
|turn|22
|-message|cybernarwhal forfeited.
|
|win|TOXICccccccccccccc
|raw|cybernarwhal's rating: 1389 &rarr; <strong>1368</strong><br />(-21 for losing)
|raw|TOXICccccccccccccc's rating: 1375 &rarr; <strong>1396</strong><br />(+21 for winning)
|l|☆cybernarwhal
|player|p1|
