|html|<div class="broadcast-blue"><strong>[Gen 9] OU is currently suspecting Tera Blast! For information on how to participate check out the <a href="https://www.smogon.com/tools/suspects/view/200">suspect thread</a>.</strong></div>
|j|☆waffles41
|j|☆YukkiNanamura
|t:|1776210495
|gametype|singles
|player|p1|waffles41|266|1046
|player|p2|YukkiNanamura|rosa|1103
|gen|9
|tier|[Gen 9] OU
|rated|
|rule|HP Percentage Mod: HP is shown in percentages
|rule|Endless Battle Clause: Forcing endless battles is banned
|rule|Species Clause: Limit one of each Pokémon
|rule|OHKO Clause: OHKO moves are banned
|rule|Evasion Items Clause: Evasion items are banned
|rule|Evasion Moves Clause: Evasion moves are banned
|rule|Evasion Abilities Clause: Evasion abilities are banned
|rule|Sleep Moves Clause: Sleep-inducing moves are banned
|clearpoke
|poke|p1|Ogerpon-Wellspring, F|
|poke|p1|Rillaboom, M|
|poke|p1|Scizor, M|
|poke|p1|Toxapex, M|
|poke|p1|Cinderace, F|
|poke|p1|Amoonguss, M|
|poke|p2|Cinderace, F|
|poke|p2|Garganacl, F|
|poke|p2|Garchomp, M|
|poke|p2|Enamorus, F|
|poke|p2|Coalossal, M|
|poke|p2|Staraptor, M|
|teampreview
|
|t:|1776210523
|teamsize|p1|6
|teamsize|p2|6
|start
|switch|p1a: Toxapex|Toxapex, M|100/100
|switch|p2a: Staraptor|Staraptor, M|100/100
|-ability|p2a: Staraptor|Intimidate|boost
|-unboost|p1a: Toxapex|atk|1
|turn|1
|
|t:|1776210542
|move|p2a: Staraptor|Endeavor|p1a: Toxapex
|-immune|p1a: Toxapex
|move|p1a: Toxapex|Toxic Spikes|p2a: Staraptor
|-sidestart|p2: YukkiNanamura|move: Toxic Spikes
|
|upkeep
|turn|2
|
|t:|1776210548
|move|p2a: Staraptor|Brave Bird|p1a: Toxapex
|-crit|p1a: Toxapex
|-damage|p1a: Toxapex|47/100
|-damage|p2a: Staraptor|85/100|[from] Recoil
|move|p1a: Toxapex|Toxic Spikes|p2a: Staraptor
|-sidestart|p2: YukkiNanamura|move: Toxic Spikes
|
|-heal|p1a: Toxapex|53/100|[from] item: Leftovers
|upkeep
|turn|3
|
|t:|1776210558
|move|p1a: Toxapex|Baneful Bunker|p1a: Toxapex
|-singleturn|p1a: Toxapex|move: Protect
|move|p2a: Staraptor|Brave Bird|p1a: Toxapex
|-activate|p1a: Toxapex|move: Protect
|-status|p2a: Staraptor|psn
|
|-heal|p1a: Toxapex|59/100|[from] item: Leftovers
|-damage|p2a: Staraptor|73/100 psn|[from] psn
|upkeep
|turn|4
|
|t:|1776210587
|move|p2a: Staraptor|Brave Bird|p1a: Toxapex
|-damage|p1a: Toxapex|29/100
|-damage|p2a: Staraptor|65/100 psn|[from] Recoil
|move|p1a: Toxapex|Rest|p1a: Toxapex
|-status|p1a: Toxapex|slp|[from] move: Rest
|-heal|p1a: Toxapex|100/100 slp|[silent]
|
|-damage|p2a: Staraptor|52/100 psn|[from] psn
|upkeep
|turn|5
|
|t:|1776210601
|move|p2a: Staraptor|Brave Bird|p1a: Toxapex
|-damage|p1a: Toxapex|68/100 slp
|-damage|p2a: Staraptor|43/100 psn|[from] Recoil
|cant|p1a: Toxapex|slp
|
|-heal|p1a: Toxapex|74/100 slp|[from] item: Leftovers
|-damage|p2a: Staraptor|31/100 psn|[from] psn
|upkeep
|turn|6
|
|t:|1776210620
|move|p2a: Staraptor|Endeavor|p1a: Toxapex
|-damage|p1a: Toxapex|36/100 slp
|cant|p1a: Toxapex|slp
|
|-heal|p1a: Toxapex|42/100 slp|[from] item: Leftovers
|-damage|p2a: Staraptor|19/100 psn|[from] psn
|upkeep
|turn|7
|
|t:|1776210628
|-curestatus|p1a: Toxapex|slp|[msg]
|move|p1a: Toxapex|Baneful Bunker|p1a: Toxapex
|-singleturn|p1a: Toxapex|move: Protect
|move|p2a: Staraptor|Endeavor|p1a: Toxapex
|-activate|p1a: Toxapex|move: Protect
|
|-heal|p1a: Toxapex|48/100|[from] item: Leftovers
|-damage|p2a: Staraptor|6/100 psn|[from] psn
|upkeep
|turn|8
|
|t:|1776210641
|switch|p1a: Cinderace|Cinderace, F|100/100
|move|p2a: Staraptor|Endeavor|p1a: Cinderace
|-damage|p1a: Cinderace|7/100
|
|-damage|p2a: Staraptor|0 fnt|[from] psn
|faint|p2a: Staraptor
|upkeep
|
|t:|1776210658
|switch|p2a: Garganacl|Garganacl, F|100/100
|-status|p2a: Garganacl|tox
|turn|9
|
|t:|1776210672
|move|p1a: Cinderace|High Jump Kick|p2a: Garganacl
|-start|p1a: Cinderace|typechange|Fighting|[from] ability: Libero
|-supereffective|p2a: Garganacl
|-crit|p2a: Garganacl
|-ability|p2a: Garganacl|Sturdy
|-damage|p2a: Garganacl|1/100 tox
|-damage|p1a: Cinderace|0 fnt|[from] item: Life Orb
|faint|p1a: Cinderace
|move|p2a: Garganacl|Salt Cure|p1: Cinderace|[notarget]
|-fail|p2a: Garganacl
|
|-damage|p2a: Garganacl|0 fnt|[from] psn
|faint|p2a: Garganacl
|upkeep
|
|t:|1776210691
|switch|p1a: Toxapex|Toxapex, M|82/100
|switch|p2a: Keef Chief|Garchomp, M|100/100
|-status|p2a: Keef Chief|tox
|turn|10
|
|t:|1776210708
|move|p2a: Keef Chief|Earthquake|p1a: Toxapex
|-supereffective|p1a: Toxapex
|-damage|p1a: Toxapex|11/100
|move|p1a: Toxapex|Toxic|p2a: Keef Chief
|-fail|p2a: Keef Chief|tox
|
|-heal|p1a: Toxapex|17/100|[from] item: Leftovers
|-damage|p2a: Keef Chief|94/100 tox|[from] psn
|upkeep
|turn|11
|
|t:|1776210716
|move|p1a: Toxapex|Baneful Bunker|p1a: Toxapex
|-singleturn|p1a: Toxapex|move: Protect
|move|p2a: Keef Chief|Earthquake|p1a: Toxapex
|-activate|p1a: Toxapex|move: Protect
|
|-heal|p1a: Toxapex|23/100|[from] item: Leftovers
|-damage|p2a: Keef Chief|82/100 tox|[from] psn
|upkeep
|turn|12
|
|t:|1776210726
|switch|p1a: Ogerpon|Ogerpon-Wellspring, F|100/100
|move|p2a: Keef Chief|Earthquake|p1a: Ogerpon
|-resisted|p1a: Ogerpon
|-damage|p1a: Ogerpon|69/100
|
|-damage|p2a: Keef Chief|64/100 tox|[from] psn
|upkeep
|turn|13
|
|t:|1776210746
|-terastallize|p2a: Keef Chief|Steel
|move|p2a: Keef Chief|Earthquake|p1a: Ogerpon
|-resisted|p1a: Ogerpon
|-damage|p1a: Ogerpon|38/100
|move|p1a: Ogerpon|Horn Leech|p2a: Keef Chief
|-resisted|p2a: Keef Chief
|-damage|p2a: Keef Chief|37/100 tox
|-heal|p1a: Ogerpon|54/100|[from] drain|[of] p2a: Keef Chief
|-damage|p1a: Ogerpon|42/100|[from] ability: Rough Skin|[of] p2a: Keef Chief
|
|-damage|p2a: Keef Chief|13/100 tox|[from] psn
|upkeep
|turn|14
|
|t:|1776210759
|move|p1a: Ogerpon|Spiky Shield|p1a: Ogerpon
|-singleturn|p1a: Ogerpon|move: Protect
|move|p2a: Keef Chief|Earthquake|p1a: Ogerpon
|-activate|p1a: Ogerpon|move: Protect
|
|-damage|p2a: Keef Chief|0 fnt|[from] psn
|faint|p2a: Keef Chief
|upkeep
|n|!YukkiNanamura|yukkinanamura
|
|t:|1776210784
|switch|p2a: Annie|Cinderace, F|100/100
|-status|p2a: Annie|tox
|turn|15
|
|t:|1776210805
|switch|p1a: Toxapex|Toxapex, M|56/100
|move|p2a: Annie|Sucker Punch||[still]
|-fail|p2a: Annie
|
|-heal|p1a: Toxapex|62/100|[from] item: Leftovers
|-damage|p2a: Annie|95/100 tox|[from] psn
|upkeep
|turn|16
|
|t:|1776210822
|move|p1a: Toxapex|Baneful Bunker|p1a: Toxapex
|-singleturn|p1a: Toxapex|move: Protect
|move|p2a: Annie|Sucker Punch||[still]
|-fail|p2a: Annie
|
|-heal|p1a: Toxapex|68/100|[from] item: Leftovers
|-damage|p2a: Annie|83/100 tox|[from] psn
|upkeep
|turn|17
|
|t:|1776210834
|switch|p1a: Scizor|Scizor, M|100/100
|move|p2a: Annie|High Jump Kick|p1a: Scizor
|-start|p2a: Annie|typechange|Fighting|[from] ability: Libero
|-damage|p1a: Scizor|0 fnt
|faint|p1a: Scizor
|-damage|p2a: Annie|73/100 tox|[from] item: Life Orb
|
|-damage|p2a: Annie|55/100 tox|[from] psn
|upkeep
|
|t:|1776210846
|switch|p1a: Toxapex|Toxapex, M|100/100
|turn|18
|
|t:|1776210857
|move|p1a: Toxapex|Baneful Bunker|p1a: Toxapex
|-singleturn|p1a: Toxapex|move: Protect
|move|p2a: Annie|Sucker Punch||[still]
|-fail|p2a: Annie
|
|-damage|p2a: Annie|31/100 tox|[from] psn
|upkeep
|turn|19
|-message|YukkiNanamura forfeited.
|
|win|waffles41
