|html|<div class="broadcast-blue"><strong>[Gen 9] OU is currently suspecting Tera Blast! For information on how to participate check out the <a href="https://www.smogon.com/tools/suspects/view/200">suspect thread</a>.</strong></div>
|j|☆nfyhsueryfgius
|j|☆Blastoise_Choice
|t:|1776087780
|gametype|singles
|player|p1|nfyhsueryfgius|ghetsis|1575
|player|p2|Blastoise_Choice|benga|1631
|gen|9
|tier|[Gen 9] OU
|rated|
|rule|HP Percentage Mod: HP is shown in percentages
|rule|Endless Battle Clause: Forcing endless battles is banned
|rule|Species Clause: Limit one of each Pokémon
|rule|OHKO Clause: OHKO moves are banned
|rule|Evasion Items Clause: Evasion items are banned
|rule|Evasion Moves Clause: Evasion moves are banned
|rule|Evasion Abilities Clause: Evasion abilities are banned
|rule|Sleep Moves Clause: Sleep-inducing moves are banned
|clearpoke
|poke|p1|Kyurem|
|poke|p1|Cinderace, F|
|poke|p1|Tornadus-Therian, M|
|poke|p1|Hatterene, F|
|poke|p1|Great Tusk|
|poke|p1|Kingambit, F|
|poke|p2|Hydrapple, M|
|poke|p2|Tyranitar, F|
|poke|p2|Moltres|
|poke|p2|Zamazenta-*|
|poke|p2|Slowking-Galar, F|
|poke|p2|Excadrill, F|
|teampreview
|j| ohko_smeargle
|j| bollibig
|
|t:|1776087789
|teamsize|p1|6
|teamsize|p2|6
|start
|switch|p1a: Tornadus|Tornadus-Therian, M|100/100
|switch|p2a: Slowking|Slowking-Galar, F|100/100
|turn|1
|c|☆Blastoise_Choice|hf
|inactive|Battle timer is ON: inactive players will automatically lose when time's up. (requested by Blastoise_Choice)
|
|t:|1776087796
|move|p1a: Tornadus|Knock Off|p2a: Slowking
|-supereffective|p2a: Slowking
|-damage|p2a: Slowking|71/100
|-enditem|p2a: Slowking|Assault Vest|[from] move: Knock Off|[of] p1a: Tornadus
|move|p2a: Slowking|Ice Beam|p1a: Tornadus
|-supereffective|p1a: Tornadus
|-damage|p1a: Tornadus|69/100
|
|upkeep
|turn|2
|
|t:|1776087803
|move|p1a: Tornadus|U-turn|p2a: Slowking
|-damage|p2a: Slowking|59/100
|
|t:|1776087806
|switch|p1a: Kingambit|Kingambit, F|100/100|[from] U-turn
|move|p2a: Slowking|Sludge Bomb|p1a: Kingambit
|-immune|p1a: Kingambit
|
|upkeep
|turn|3
|
|t:|1776087812
|-end|p1a: Kingambit|fallenundefined|[silent]
|switch|p1a: Kyurem|Kyurem|100/100
|-ability|p1a: Kyurem|Pressure
|switch|p2a: Zamazenta|Zamazenta|100/100
|-ability|p2a: Zamazenta|Dauntless Shield|boost
|-boost|p2a: Zamazenta|def|1
|
|upkeep
|turn|4
|
|t:|1776087819
|switch|p1a: Tornadus|Tornadus-Therian, M|100/100
|move|p2a: Zamazenta|Body Press|p1a: Tornadus
|-resisted|p1a: Tornadus
|-damage|p1a: Tornadus|66/100
|
|upkeep
|turn|5
|
|t:|1776087826
|-terastallize|p2a: Zamazenta|Fire
|move|p2a: Zamazenta|Iron Defense|p2a: Zamazenta
|-boost|p2a: Zamazenta|def|2
|move|p1a: Tornadus|Bleakwind Storm|p2a: Zamazenta
|-damage|p2a: Zamazenta|65/100
|
|-heal|p2a: Zamazenta|72/100|[from] item: Leftovers
|upkeep
|turn|6
|
|t:|1776087831
|switch|p1a: Hatterene|Hatterene, F|100/100
|move|p2a: Zamazenta|Body Press|p1a: Hatterene
|-resisted|p1a: Hatterene
|-damage|p1a: Hatterene|81/100
|
|-heal|p2a: Zamazenta|78/100|[from] item: Leftovers
|-heal|p1a: Hatterene|87/100|[from] item: Leftovers
|upkeep
|turn|7
|
|t:|1776087839
|move|p1a: Hatterene|Nuzzle|p2a: Zamazenta
|-damage|p2a: Zamazenta|76/100
|-status|p2a: Zamazenta|par
|move|p2a: Zamazenta|Roar|p1a: Hatterene
|move|p1a: Hatterene|Roar|p2a: Zamazenta|[from] ability: Magic Bounce
|drag|p2a: Excadrill|Excadrill, F|100/100
|-item|p2a: Excadrill|Air Balloon
|
|-heal|p1a: Hatterene|93/100|[from] item: Leftovers
|upkeep
|turn|8
|
|t:|1776087847
|switch|p1a: Tornadus|Tornadus-Therian, M|99/100
|move|p2a: Excadrill|Iron Head|p1a: Tornadus
|-damage|p1a: Tornadus|47/100
|
|upkeep
|turn|9
|
|t:|1776087851
|move|p1a: Tornadus|U-turn|p2a: Excadrill
|-resisted|p2a: Excadrill
|-crit|p2a: Excadrill
|-damage|p2a: Excadrill|85/100
|-enditem|p2a: Excadrill|Air Balloon
|
|t:|1776087853
|switch|p1a: Great Tusk|Great Tusk|100/100|[from] U-turn
|move|p2a: Excadrill|Iron Head|p1a: Great Tusk
|-damage|p1a: Great Tusk|74/100
|-damage|p2a: Excadrill|68/100|[from] item: Rocky Helmet|[of] p1a: Great Tusk
|
|upkeep
|turn|10
|
|t:|1776087860
|move|p2a: Excadrill|Earthquake|p1a: Great Tusk
|-damage|p1a: Great Tusk|40/100
|move|p1a: Great Tusk|Stealth Rock|p2a: Excadrill
|-sidestart|p2: Blastoise_Choice|move: Stealth Rock
|
|upkeep
|turn|11
|
|t:|1776087867
|switch|p2a: Moltres|Moltres|100/100
|move|p1a: Great Tusk|Headlong Rush|p2a: Moltres
|-immune|p2a: Moltres
|
|upkeep
|turn|12
|
|t:|1776087873
|-end|p1a: Great Tusk|Protosynthesis|[silent]
|switch|p1a: Tornadus|Tornadus-Therian, M|80/100
|move|p2a: Moltres|Flamethrower|p1a: Tornadus
|-damage|p1a: Tornadus|56/100
|
|upkeep
|turn|13
|
|t:|1776087877
|move|p1a: Tornadus|Knock Off|p2a: Moltres
|-damage|p2a: Moltres|87/100
|-enditem|p2a: Moltres|Heavy-Duty Boots|[from] move: Knock Off|[of] p1a: Tornadus
|move|p2a: Moltres|Flamethrower|p1a: Tornadus
|-damage|p1a: Tornadus|32/100
|
|upkeep
|turn|14
|
|t:|1776087882
|move|p1a: Tornadus|U-turn|p2a: Moltres
|-resisted|p2a: Moltres
|-damage|p2a: Moltres|84/100
|-status|p1a: Tornadus|brn|[from] ability: Flame Body|[of] p2a: Moltres
|
|t:|1776087883
|switch|p1a: Kyurem|Kyurem|100/100|[from] U-turn
|-ability|p1a: Kyurem|Pressure
|move|p2a: Moltres|Flamethrower|p1a: Kyurem
|-damage|p1a: Kyurem|64/100
|
|upkeep
|turn|15
|j| DT_Star
|
|t:|1776087891
|move|p1a: Kyurem|Ice Beam|p2a: Moltres
|-damage|p2a: Moltres|10/100
|move|p2a: Moltres|Flamethrower|p1a: Kyurem
|-damage|p1a: Kyurem|31/100
|
|upkeep
|turn|16
|
|t:|1776087898
|move|p1a: Kyurem|Ice Beam|p2a: Moltres
|-crit|p2a: Moltres
|-damage|p2a: Moltres|0 fnt
|faint|p2a: Moltres
|
|upkeep
|
|t:|1776087904
|switch|p2a: Excadrill|Excadrill, F|68/100
|-damage|p2a: Excadrill|65/100|[from] Stealth Rock
|turn|17
|
|t:|1776087910
|switch|p2a: Tyranitar|Tyranitar, F|100/100
|-damage|p2a: Tyranitar|88/100|[from] Stealth Rock
|-weather|Sandstorm|[from] ability: Sand Stream|[of] p2a: Tyranitar
|move|p1a: Kyurem|Ice Beam|p2a: Tyranitar
|-damage|p2a: Tyranitar|57/100
|
|-weather|Sandstorm|[upkeep]
|-damage|p1a: Kyurem|25/100|[from] Sandstorm
|upkeep
|turn|18
|
|t:|1776087917
|switch|p1a: Hatterene|Hatterene, F|93/100
|move|p2a: Tyranitar|Stealth Rock|p1a: Hatterene
|move|p1a: Hatterene|Stealth Rock||[from] ability: Magic Bounce|[still]
|-fail|p1a: Hatterene
|
|-weather|Sandstorm|[upkeep]
|-damage|p1a: Hatterene|87/100|[from] Sandstorm
|-heal|p1a: Hatterene|93/100|[from] item: Leftovers
|upkeep
|turn|19
|
|t:|1776087925
|move|p2a: Tyranitar|Knock Off|p1a: Hatterene
|-crit|p1a: Hatterene
|-damage|p1a: Hatterene|42/100
|-enditem|p1a: Hatterene|Leftovers|[from] move: Knock Off|[of] p2a: Tyranitar
|move|p1a: Hatterene|Psychic Noise|p2a: Tyranitar
|-immune|p2a: Tyranitar
|
|-weather|Sandstorm|[upkeep]
|-damage|p1a: Hatterene|36/100|[from] Sandstorm
|upkeep
|turn|20
|
|t:|1776087933
|switch|p2a: Excadrill|Excadrill, F|65/100
|-damage|p2a: Excadrill|62/100|[from] Stealth Rock
|move|p1a: Hatterene|Draining Kiss|p2a: Excadrill
|-resisted|p2a: Excadrill
|-crit|p2a: Excadrill
|-damage|p2a: Excadrill|41/100
|-heal|p1a: Hatterene|54/100|[from] drain|[of] p2a: Excadrill
|
|-weather|Sandstorm|[upkeep]
|-damage|p1a: Hatterene|48/100|[from] Sandstorm
|upkeep
|turn|21
|
|t:|1776087941
|switch|p1a: Kingambit|Kingambit, F|100/100
|move|p2a: Excadrill|Rapid Spin|p1a: Kingambit
|-resisted|p1a: Kingambit
|-damage|p1a: Kingambit|94/100
|-boost|p2a: Excadrill|spe|1
|-sideend|p2: Blastoise_Choice|Stealth Rock|[from] move: Rapid Spin|[of] p2a: Excadrill
|
|-weather|Sandstorm|[upkeep]
|-heal|p1a: Kingambit|100/100|[from] item: Leftovers
|upkeep
|turn|22
|
|t:|1776087949
|switch|p2a: Zamazenta|Zamazenta, tera:Fire|76/100 par
|move|p1a: Kingambit|Sucker Punch||[still]
|-fail|p1a: Kingambit
|
|-weather|Sandstorm|[upkeep]
|-damage|p2a: Zamazenta|70/100 par|[from] Sandstorm
|-heal|p2a: Zamazenta|76/100 par|[from] item: Leftovers
|upkeep
|turn|23
|
|t:|1776087956
|-end|p1a: Kingambit|fallenundefined|[silent]
|switch|p1a: Hatterene|Hatterene, F|48/100
|move|p2a: Zamazenta|Roar|p1a: Hatterene
|move|p1a: Hatterene|Roar|p2a: Zamazenta|[from] ability: Magic Bounce
|drag|p2a: Hydrapple|Hydrapple, M|100/100
|
|-weather|Sandstorm|[upkeep]
|-damage|p2a: Hydrapple|94/100|[from] Sandstorm
|-damage|p1a: Hatterene|42/100|[from] Sandstorm
|upkeep
|turn|24
|
|t:|1776087960
|switch|p2a: Excadrill|Excadrill, F|41/100
|switch|p1a: Tornadus|Tornadus-Therian, M|65/100 brn
|
|-weather|none
|-damage|p1a: Tornadus|59/100 brn|[from] brn
|upkeep
|turn|25
|
|t:|1776087963
|switch|p2a: Slowking|Slowking-Galar, F|93/100
|move|p1a: Tornadus|Heat Wave|p2a: Slowking
|-damage|p2a: Slowking|74/100
|
|-damage|p1a: Tornadus|53/100 brn|[from] brn
|upkeep
|turn|26
|
|t:|1776087968
|move|p1a: Tornadus|U-turn|p2a: Slowking
|-damage|p2a: Slowking|68/100
|
|t:|1776087970
|switch|p1a: Cinderace|Cinderace, F|100/100|[from] U-turn
|move|p2a: Slowking|Flamethrower|p1a: Cinderace
|-resisted|p1a: Cinderace
|-damage|p1a: Cinderace|85/100
|
|upkeep
|turn|27
|
|t:|1776087978
|move|p1a: Cinderace|U-turn|p2a: Slowking
|-start|p1a: Cinderace|typechange|Bug|[from] ability: Libero
|-damage|p2a: Slowking|40/100
|
|t:|1776087980
|switch|p1a: Kingambit|Kingambit, F|100/100|[from] U-turn
|move|p2a: Slowking|Ice Beam|p1a: Kingambit
|-resisted|p1a: Kingambit
|-damage|p1a: Kingambit|90/100
|
|-heal|p1a: Kingambit|96/100|[from] item: Leftovers
|upkeep
|turn|28
|
|t:|1776087988
|switch|p2a: Zamazenta|Zamazenta, tera:Fire|76/100 par
|move|p1a: Kingambit|Kowtow Cleave|p2a: Zamazenta
|-damage|p2a: Zamazenta|39/100 par
|
|-heal|p2a: Zamazenta|45/100 par|[from] item: Leftovers
|-heal|p1a: Kingambit|100/100|[from] item: Leftovers
|upkeep
|turn|29
|
|t:|1776087996
|-end|p1a: Kingambit|fallenundefined|[silent]
|switch|p1a: Tornadus|Tornadus-Therian, M|86/100 brn
|move|p2a: Zamazenta|Body Press|p1a: Tornadus
|-resisted|p1a: Tornadus
|-damage|p1a: Tornadus|63/100 brn
|
|-heal|p2a: Zamazenta|51/100 par|[from] item: Leftovers
|-damage|p1a: Tornadus|57/100 brn|[from] brn
|upkeep
|turn|30
|
|t:|1776088000
|move|p1a: Tornadus|Knock Off|p2a: Zamazenta
|-damage|p2a: Zamazenta|44/100 par
|-enditem|p2a: Zamazenta|Leftovers|[from] move: Knock Off|[of] p1a: Tornadus
|move|p2a: Zamazenta|Body Press|p1a: Tornadus
|-resisted|p1a: Tornadus
|-damage|p1a: Tornadus|34/100 brn
|
|-damage|p1a: Tornadus|28/100 brn|[from] brn
|upkeep
|turn|31
|l| DT_Star
|
|t:|1776088003
|move|p1a: Tornadus|U-turn|p2a: Zamazenta
|-resisted|p2a: Zamazenta
|-damage|p2a: Zamazenta|41/100 par
|
|t:|1776088005
|switch|p1a: Hatterene|Hatterene, F|42/100|[from] U-turn
|move|p2a: Zamazenta|Body Press|p1a: Hatterene
|-resisted|p1a: Hatterene
|-damage|p1a: Hatterene|35/100
|
|upkeep
|turn|32
|
|t:|1776088010
|switch|p2a: Slowking|Slowking-Galar, F|73/100
|move|p1a: Hatterene|Psychic Noise|p2a: Slowking
|-damage|p2a: Slowking|47/100
|-start|p2a: Slowking|move: Heal Block
|
|upkeep
|turn|33
|
|t:|1776088026
|move|p1a: Hatterene|Psychic Noise|p2a: Slowking
|-damage|p2a: Slowking|21/100
|move|p2a: Slowking|Flamethrower|p1a: Hatterene
|-damage|p1a: Hatterene|11/100
|-status|p1a: Hatterene|brn
|
|-damage|p1a: Hatterene|5/100 brn|[from] brn
|-end|p2a: Slowking|move: Heal Block
|upkeep
|turn|34
|
|t:|1776088031
|switch|p2a: Tyranitar|Tyranitar, F|57/100
|-weather|Sandstorm|[from] ability: Sand Stream|[of] p2a: Tyranitar
|move|p1a: Hatterene|Draining Kiss|p2a: Tyranitar
|-supereffective|p2a: Tyranitar
|-damage|p2a: Tyranitar|38/100
|-heal|p1a: Hatterene|23/100 brn|[from] drain|[of] p2a: Tyranitar
|
|-weather|Sandstorm|[upkeep]
|-damage|p1a: Hatterene|17/100 brn|[from] Sandstorm
|-damage|p1a: Hatterene|11/100 brn|[from] brn
|upkeep
|turn|35
|
|t:|1776088036
|move|p2a: Tyranitar|Knock Off|p1a: Hatterene
|-damage|p1a: Hatterene|0 fnt
|faint|p1a: Hatterene
|
|-weather|Sandstorm|[upkeep]
|upkeep
|
|t:|1776088039
|switch|p1a: Cinderace|Cinderace, F|85/100
|turn|36
|
|t:|1776088045
|switch|p2a: Zamazenta|Zamazenta, tera:Fire|41/100 par
|move|p1a: Cinderace|U-turn|p2a: Zamazenta
|-start|p1a: Cinderace|typechange|Bug|[from] ability: Libero
|-resisted|p2a: Zamazenta
|-damage|p2a: Zamazenta|28/100 par
|
|t:|1776088048
|switch|p1a: Kyurem|Kyurem|25/100|[from] U-turn
|-ability|p1a: Kyurem|Pressure
|
|-weather|Sandstorm|[upkeep]
|-damage|p1a: Kyurem|18/100|[from] Sandstorm
|-damage|p2a: Zamazenta|22/100 par|[from] Sandstorm
|upkeep
|turn|37
|
|t:|1776088055
|move|p1a: Kyurem|Ice Beam|p2a: Zamazenta
|-resisted|p2a: Zamazenta
|-damage|p2a: Zamazenta|0 fnt
|faint|p2a: Zamazenta
|
|-weather|Sandstorm|[upkeep]
|-damage|p1a: Kyurem|12/100|[from] Sandstorm
|upkeep
|
|t:|1776088061
|switch|p2a: Excadrill|Excadrill, F|41/100
|turn|38
|
|t:|1776088068
|move|p2a: Excadrill|Earthquake|p1a: Kyurem
|-damage|p1a: Kyurem|0 fnt
|faint|p1a: Kyurem
|
|-weather|Sandstorm|[upkeep]
|upkeep
|
|t:|1776088073
|switch|p1a: Kingambit|Kingambit, F|100/100
|-activate|p1a: Kingambit|ability: Supreme Overlord
|-start|p1a: Kingambit|fallen2|[silent]
|turn|39
|
|t:|1776088080
|move|p1a: Kingambit|Sucker Punch||[still]
|-fail|p1a: Kingambit
|move|p2a: Excadrill|Swords Dance|p2a: Excadrill
|-boost|p2a: Excadrill|atk|2
|
|-weather|Sandstorm|[upkeep]
|upkeep
|turn|40
|
|t:|1776088087
|move|p1a: Kingambit|Sucker Punch||[still]
|-fail|p1a: Kingambit
|move|p2a: Excadrill|Swords Dance|p2a: Excadrill
|-boost|p2a: Excadrill|atk|2
|
|-weather|Sandstorm|[upkeep]
|upkeep
|turn|41
|
|t:|1776088093
|move|p1a: Kingambit|Sucker Punch||[still]
|-fail|p1a: Kingambit
|move|p2a: Excadrill|Swords Dance|p2a: Excadrill
|-boost|p2a: Excadrill|atk|2
|
|-weather|none
|upkeep
|turn|42
|
|t:|1776088099
|-end|p1a: Kingambit|fallen2|[silent]
|switch|p1a: Cinderace|Cinderace, F|85/100
|move|p2a: Excadrill|Swords Dance|p2a: Excadrill
|-boost|p2a: Excadrill|atk|0
|
|upkeep
|turn|43
|
|t:|1776088106
|switch|p2a: Hydrapple|Hydrapple, M|100/100
|move|p1a: Cinderace|Pyro Ball|p2a: Hydrapple
|-damage|p2a: Hydrapple|62/100
|
|upkeep
|turn|44
|
|t:|1776088113
|switch|p2a: Excadrill|Excadrill, F|41/100
|move|p1a: Cinderace|U-turn|p2a: Excadrill
|-start|p1a: Cinderace|typechange|Bug|[from] ability: Libero
|-resisted|p2a: Excadrill
|-damage|p2a: Excadrill|17/100
|
|t:|1776088116
|switch|p1a: Tornadus|Tornadus-Therian, M|61/100 brn|[from] U-turn
|
|-damage|p1a: Tornadus|55/100 brn|[from] brn
|upkeep
|turn|45
|
|t:|1776088122
|switch|p2a: Tyranitar|Tyranitar, F|38/100
|-weather|Sandstorm|[from] ability: Sand Stream|[of] p2a: Tyranitar
|move|p1a: Tornadus|Heat Wave|p2a: Tyranitar
|-resisted|p2a: Tyranitar
|-damage|p2a: Tyranitar|33/100
|
|-weather|Sandstorm|[upkeep]
|-damage|p1a: Tornadus|49/100 brn|[from] Sandstorm
|-damage|p1a: Tornadus|43/100 brn|[from] brn
|upkeep
|turn|46
|
|t:|1776088125
|move|p1a: Tornadus|U-turn|p2a: Tyranitar
|-supereffective|p2a: Tyranitar
|-damage|p2a: Tyranitar|22/100
|
|t:|1776088127
|switch|p1a: Great Tusk|Great Tusk|40/100|[from] U-turn
|move|p2a: Tyranitar|Thunder Wave|p1a: Great Tusk
|-immune|p1a: Great Tusk
|
|-weather|Sandstorm|[upkeep]
|upkeep
|turn|47
|
|t:|1776088134
|move|p1a: Great Tusk|Headlong Rush|p2a: Tyranitar
|-supereffective|p2a: Tyranitar
|-damage|p2a: Tyranitar|0 fnt
|-unboost|p1a: Great Tusk|def|1
|-unboost|p1a: Great Tusk|spd|1
|faint|p2a: Tyranitar
|
|-weather|Sandstorm|[upkeep]
|upkeep
|
|t:|1776088141
|switch|p2a: Excadrill|Excadrill, F|17/100
|turn|48
|
|t:|1776088148
|move|p2a: Excadrill|Earthquake|p1a: Great Tusk
|-damage|p1a: Great Tusk|0 fnt
|faint|p1a: Great Tusk
|-end|p1a: Great Tusk|Protosynthesis|[silent]
|
|-weather|Sandstorm|[upkeep]
|upkeep
|
|t:|1776088149
|switch|p1a: Tornadus|Tornadus-Therian, M|76/100 brn
|turn|49
|
|t:|1776088153
|move|p2a: Excadrill|Iron Head|p1a: Tornadus
|-damage|p1a: Tornadus|27/100 brn
|move|p1a: Tornadus|Heat Wave|p2a: Excadrill
|-supereffective|p2a: Excadrill
|-damage|p2a: Excadrill|0 fnt
|faint|p2a: Excadrill
|
|-weather|Sandstorm|[upkeep]
|-damage|p1a: Tornadus|21/100 brn|[from] Sandstorm
|-damage|p1a: Tornadus|15/100 brn|[from] brn
|upkeep
|
|t:|1776088156
|switch|p2a: Hydrapple|Hydrapple, M|96/100
|turn|50
|
|t:|1776088160
|switch|p2a: Slowking|Slowking-Galar, F|55/100
|move|p1a: Tornadus|Bleakwind Storm|p2a: Slowking
|-damage|p2a: Slowking|22/100
|
|-weather|Sandstorm|[upkeep]
|-damage|p1a: Tornadus|9/100 brn|[from] Sandstorm
|-damage|p2a: Slowking|16/100|[from] Sandstorm
|-damage|p1a: Tornadus|3/100 brn|[from] brn
|upkeep
|turn|51
|
|t:|1776088164
|move|p1a: Tornadus|Bleakwind Storm|p2a: Slowking
|-damage|p2a: Slowking|0 fnt
|faint|p2a: Slowking
|
|-weather|Sandstorm|[upkeep]
|-damage|p1a: Tornadus|0 fnt|[from] Sandstorm
|faint|p1a: Tornadus
|upkeep
|
|t:|1776088168
|switch|p1a: Cinderace|Cinderace, F|85/100
|switch|p2a: Hydrapple|Hydrapple, M|100/100
|turn|52
|
|t:|1776088174
|move|p1a: Cinderace|Gunk Shot|p2a: Hydrapple
|-start|p1a: Cinderace|typechange|Poison|[from] ability: Libero
|-supereffective|p2a: Hydrapple
|-damage|p2a: Hydrapple|26/100
|move|p2a: Hydrapple|Giga Drain|p1a: Cinderace
|-resisted|p1a: Cinderace
|-damage|p1a: Cinderace|61/100
|-heal|p2a: Hydrapple|35/100|[from] drain|[of] p1a: Cinderace
|
|-weather|none
|upkeep
|turn|53
|
|t:|1776088178
|move|p1a: Cinderace|Gunk Shot|p2a: Hydrapple
|-supereffective|p2a: Hydrapple
|-damage|p2a: Hydrapple|0 fnt
|faint|p2a: Hydrapple
|
|win|nfyhsueryfgius
|raw|nfyhsueryfgius's rating: 1575 &rarr; <strong>1598</strong><br />(+23 for winning)
|raw|Blastoise_Choice's rating: 1631 &rarr; <strong>1608</strong><br />(-23 for losing)
|c|☆Blastoise_Choice|gg
