|html|<div class="broadcast-blue"><strong>[Gen 9] OU is currently suspecting Tera Blast! For information on how to participate check out the <a href="https://www.smogon.com/tools/suspects/view/200">suspect thread</a>.</strong></div>
|j|☆icylikedecember
|j|☆OP Earthquakes
|t:|1776148872
|gametype|singles
|player|p1|icylikedecember|skierf|1649
|player|p2|OP Earthquakes|giovanni-masters|1738
|gen|9
|tier|[Gen 9] OU
|rated|
|rule|HP Percentage Mod: HP is shown in percentages
|rule|Endless Battle Clause: Forcing endless battles is banned
|rule|Species Clause: Limit one of each Pokémon
|rule|OHKO Clause: OHKO moves are banned
|rule|Evasion Items Clause: Evasion items are banned
|rule|Evasion Moves Clause: Evasion moves are banned
|rule|Evasion Abilities Clause: Evasion abilities are banned
|rule|Sleep Moves Clause: Sleep-inducing moves are banned
|clearpoke
|poke|p1|Landorus-Therian, M|
|poke|p1|Corviknight, F|
|poke|p1|Slowking-Galar, F|
|poke|p1|Crawdaunt, F|
|poke|p1|Darkrai|
|poke|p1|Gholdengo|
|poke|p2|Excadrill, M|
|poke|p2|Tyranitar, M|
|poke|p2|Hawlucha, F|
|poke|p2|Pawmot, F|
|poke|p2|Enamorus, F|
|poke|p2|Ninetales-Alola, M|
|teampreview
|inactive|Battle timer is ON: inactive players will automatically lose when time's up. (requested by OP Earthquakes)
|c|☆OP Earthquakes|GLHF
|c|☆icylikedecember|u2
|
|t:|1776148885
|teamsize|p1|6
|teamsize|p2|6
|start
|switch|p1a: Darkrai|Darkrai|100/100
|switch|p2a: Ninetales|Ninetales-Alola, M|100/100
|-weather|Snowscape|[from] ability: Snow Warning|[of] p2a: Ninetales
|turn|1
|
|t:|1776148898
|switch|p2a: The sandstorm|Tyranitar, M, shiny|100/100
|-weather|Sandstorm|[from] ability: Sand Stream|[of] p2a: The sandstorm
|move|p1a: Darkrai|Sludge Bomb|p2a: The sandstorm
|-resisted|p2a: The sandstorm
|-damage|p2a: The sandstorm|91/100
|
|-weather|Sandstorm|[upkeep]
|-damage|p1a: Darkrai|94/100|[from] Sandstorm
|upkeep
|turn|2
|
|t:|1776148906
|move|p1a: Darkrai|Focus Blast|p2a: The sandstorm
|-supereffective|p2a: The sandstorm
|-damage|p2a: The sandstorm|0 fnt
|faint|p2a: The sandstorm
|
|-weather|Sandstorm|[upkeep]
|-damage|p1a: Darkrai|88/100|[from] Sandstorm
|upkeep
|
|t:|1776148910
|switch|p2a: OP|Excadrill, M|100/100
|turn|3
|
|t:|1776148914
|switch|p1a: Corviknight|Corviknight, F, shiny|100/100
|-ability|p1a: Corviknight|Pressure
|move|p2a: OP|Iron Head|p1a: Corviknight
|-resisted|p1a: Corviknight
|-damage|p1a: Corviknight|78/100
|
|-weather|Sandstorm|[upkeep]
|-heal|p1a: Corviknight|84/100|[from] item: Leftovers
|upkeep
|turn|4
|
|t:|1776148919
|switch|p2a: Itachi|Hawlucha, F, shiny|100/100
|-ability|p2a: Itachi|Mold Breaker
|move|p1a: Corviknight|Body Press|p2a: Itachi
|-resisted|p2a: Itachi
|-damage|p2a: Itachi|81/100
|-enditem|p2a: Itachi|Red Card|[of] p1a: Corviknight
|drag|p1a: Landorus|Landorus-Therian, M|100/100
|-ability|p1a: Landorus|Intimidate|boost
|-unboost|p2a: Itachi|atk|1
|
|-weather|Sandstorm|[upkeep]
|-damage|p2a: Itachi|75/100|[from] Sandstorm
|upkeep
|turn|5
|
|t:|1776148928
|switch|p2a: Ninetales|Ninetales-Alola, M|100/100
|-weather|Snowscape|[from] ability: Snow Warning|[of] p2a: Ninetales
|move|p1a: Landorus|Stone Edge|p2a: Ninetales
|-supereffective|p2a: Ninetales
|-crit|p2a: Ninetales
|-damage|p2a: Ninetales|2/100
|
|-weather|Snowscape|[upkeep]
|upkeep
|turn|6
|
|t:|1776148939
|move|p2a: Ninetales|Aurora Veil|p2a: Ninetales
|-sidestart|p2: OP Earthquakes|move: Aurora Veil
|move|p1a: Landorus|U-turn|p2a: Ninetales
|-resisted|p2a: Ninetales
|-damage|p2a: Ninetales|0 fnt
|faint|p2a: Ninetales
|
|t:|1776148945
|switch|p1a: Corviknight|Corviknight, F, shiny|84/100|[from] U-turn
|-ability|p1a: Corviknight|Pressure
|
|-weather|Snowscape|[upkeep]
|-heal|p1a: Corviknight|90/100|[from] item: Leftovers
|upkeep
|
|t:|1776148949
|switch|p2a: Enamorus|Enamorus, F|100/100
|turn|7
|
|t:|1776148956
|-terastallize|p2a: Enamorus|Stellar
|move|p2a: Enamorus|Tera Blast|p1a: Corviknight|[anim] Tera Blast Stellar
|-damage|p1a: Corviknight|44/100
|-boost|p2a: Enamorus|atk|1
|-boost|p2a: Enamorus|spa|1
|move|p1a: Corviknight|Defog|p2a: Enamorus
|-boost|p2a: Enamorus|evasion|1
|-sideend|p2: OP Earthquakes|move: Aurora Veil
|
|-weather|Snowscape|[upkeep]
|-heal|p1a: Corviknight|50/100|[from] item: Leftovers
|upkeep
|turn|8
|c|☆OP Earthquakes|Huge
|
|t:|1776148972
|move|p2a: Enamorus|Tailwind|p2a: Enamorus
|-sidestart|p2: OP Earthquakes|move: Tailwind
|move|p1a: Corviknight|U-turn|p2a: Enamorus
|-resisted|p2a: Enamorus
|-damage|p2a: Enamorus|96/100
|
|t:|1776148975
|switch|p1a: Slowking|Slowking-Galar, F, shiny|100/100|[from] U-turn
|
|-weather|Snowscape|[upkeep]
|upkeep
|turn|9
|
|t:|1776148983
|move|p2a: Enamorus|Tera Blast|p1a: Slowking|[anim] Tera Blast Stellar
|-damage|p1a: Slowking|75/100
|-boost|p2a: Enamorus|atk|1
|-boost|p2a: Enamorus|spa|1
|move|p1a: Slowking|Sludge Bomb|p2a: Enamorus
|-supereffective|p2a: Enamorus
|-damage|p2a: Enamorus|0 fnt
|faint|p2a: Enamorus
|
|-weather|none
|upkeep
|c|☆OP Earthquakes|Specs??
|c|☆OP Earthquakes|Crazy
|inactive|OP Earthquakes has 120 seconds left.
|
|t:|1776149019
|switch|p2a: Porunga|Pawmot, F|100/100
|turn|10
|
|t:|1776149023
|move|p2a: Porunga|Revival Blessing|p2a: Porunga
|-enditem|p2a: Porunga|Leppa Berry|[eat]
|-activate|p2a: Porunga|item: Leppa Berry|Revival Blessing|[consumed]
|
|t:|1776149026
|-heal|p2: Enamorus|50/100|[from] move: Revival Blessing
|move|p1a: Slowking|Psyshock|p2a: Porunga
|-supereffective|p2a: Porunga
|-damage|p2a: Porunga|0 fnt
|faint|p2a: Porunga
|
|upkeep
|inactive|OP Earthquakes has 120 seconds left.
|c|☆icylikedecember|av
|c|☆OP Earthquakes|AV max spa
|c|☆OP Earthquakes|lmao
|
|t:|1776149068
|switch|p2a: OP|Excadrill, M|100/100
|turn|11
|c|☆icylikedecember|no
|c|☆icylikedecember|enam is frail
|c|☆icylikedecember|still super effective while stellar
|inactive|icylikedecember has 120 seconds left.
|
|t:|1776149099
|switch|p2a: Enamorus|Enamorus, F|50/100
|switch|p1a: Landorus|Landorus-Therian, M|100/100
|-ability|p1a: Landorus|Intimidate|boost
|-boost|p2a: Enamorus|atk|1
|
|-sideend|p2: OP Earthquakes|move: Tailwind
|upkeep
|turn|12
|inactive|icylikedecember has 120 seconds left.
|inactive|OP Earthquakes has 90 seconds left.
|c|☆OP Earthquakes|Got me wondering if I should run a safety move for glow
|
|t:|1776149146
|move|p1a: Landorus|Stealth Rock|p2a: Enamorus
|-sidestart|p2: OP Earthquakes|move: Stealth Rock
|move|p2a: Enamorus|Superpower|p1a: Landorus
|-resisted|p1a: Landorus
|-damage|p1a: Landorus|80/100
|-boost|p2a: Enamorus|atk|1
|-boost|p2a: Enamorus|def|1
|-damage|p2a: Enamorus|34/100|[from] item: Rocky Helmet|[of] p1a: Landorus
|
|upkeep
|turn|13
|
|t:|1776149155
|move|p1a: Landorus|Stone Edge|p2a: Enamorus
|-supereffective|p2a: Enamorus
|-crit|p2a: Enamorus
|-damage|p2a: Enamorus|0 fnt
|faint|p2a: Enamorus
|
|upkeep
|
|t:|1776149159
|switch|p2a: Itachi|Hawlucha, F, shiny|75/100
|-damage|p2a: Itachi|63/100|[from] Stealth Rock
|-ability|p2a: Itachi|Mold Breaker
|turn|14
|c|☆icylikedecember|very hard to kill with enam
|inactive|icylikedecember has 120 seconds left.
|c|☆icylikedecember|unless tera ground
|
|t:|1776149183
|move|p2a: Itachi|Swords Dance|p2a: Itachi
|-boost|p2a: Itachi|atk|2
|move|p1a: Landorus|Stone Edge|p2a: Itachi|[miss]
|-miss|p1a: Landorus|p2a: Itachi
|
|upkeep
|turn|15
|inactive|OP Earthquakes has 90 seconds left.
|c|☆OP Earthquakes|Maybe.. knock off
|c|☆OP Earthquakes|hmmmmm
|
|t:|1776149212
|move|p2a: Itachi|Brave Bird|p1a: Landorus
|-damage|p1a: Landorus|0 fnt
|-damage|p2a: Itachi|46/100|[from] item: Rocky Helmet|[of] p1a: Landorus
|faint|p1a: Landorus
|-damage|p2a: Itachi|12/100|[from] Recoil
|
|upkeep
|c|☆icylikedecember|didn't know it got it, never seen it
|
|t:|1776149220
|switch|p1a: Crawdaunt|Crawdaunt, F|100/100
|turn|16
|c|☆OP Earthquakes|Ikr
|
|t:|1776149226
|-terastallize|p1a: Crawdaunt|Water
|move|p1a: Crawdaunt|Aqua Jet|p2a: Itachi
|-damage|p2a: Itachi|0 fnt
|faint|p2a: Itachi
|
|upkeep
|c|☆OP Earthquakes|Gg
|c|☆icylikedecember|gg
|-message|OP Earthquakes forfeited.
|
|win|icylikedecember
|raw|icylikedecember's rating: 1649 &rarr; <strong>1674</strong><br />(+25 for winning)
|raw|OP Earthquakes's rating: 1738 &rarr; <strong>1713</strong><br />(-25 for losing)
|l|☆OP Earthquakes
|player|p2|
