|html|<div class="broadcast-blue"><strong>[Gen 9] OU is currently suspecting Tera Blast! For information on how to participate check out the <a href="https://www.smogon.com/tools/suspects/view/200">suspect thread</a>.</strong></div>
|j|☆dk10993
|j|☆kjojon
|t:|1776096532
|gametype|singles
|player|p1|dk10993|1|1137
|player|p2|kjojon|brock|1169
|gen|9
|tier|[Gen 9] OU
|rated|
|rule|HP Percentage Mod: HP is shown in percentages
|rule|Endless Battle Clause: Forcing endless battles is banned
|rule|Species Clause: Limit one of each Pokémon
|rule|OHKO Clause: OHKO moves are banned
|rule|Evasion Items Clause: Evasion items are banned
|rule|Evasion Moves Clause: Evasion moves are banned
|rule|Evasion Abilities Clause: Evasion abilities are banned
|rule|Sleep Moves Clause: Sleep-inducing moves are banned
|clearpoke
|poke|p1|Heatran, M|
|poke|p1|Kingambit, M|
|poke|p1|Scizor, F|
|poke|p1|Slowking-Galar, M|
|poke|p1|Corviknight, M|
|poke|p1|Gastrodon, M|
|poke|p2|Gardevoir, F|
|poke|p2|Lurantis, F|
|poke|p2|Duraludon, M|
|poke|p2|Hitmontop, M|
|poke|p2|Necrozma|
|poke|p2|Porygon-Z|
|teampreview
|inactive|Battle timer is ON: inactive players will automatically lose when time's up. (requested by kjojon)
|
|t:|1776096553
|teamsize|p1|6
|teamsize|p2|6
|start
|switch|p1a: Heatran|Heatran, M|100/100
|switch|p2a: PoyPee|Porygon-Z, shiny|100/100
|turn|1
|
|t:|1776096562
|move|p2a: PoyPee|Nasty Plot|p2a: PoyPee
|-boost|p2a: PoyPee|spa|2
|move|p1a: Heatran|Stealth Rock|p2a: PoyPee
|-sidestart|p2: kjojon|move: Stealth Rock
|
|upkeep
|turn|2
|
|t:|1776096575
|move|p2a: PoyPee|Tri Attack|p1a: Heatran
|-resisted|p1a: Heatran
|-damage|p1a: Heatran|60/100
|move|p1a: Heatran|Magma Storm|p2a: PoyPee
|-damage|p2a: PoyPee|41/100
|-activate|p2a: PoyPee|move: Magma Storm|[of] p1a: Heatran
|
|-damage|p2a: PoyPee|29/100|[from] move: Magma Storm|[partiallytrapped]
|upkeep
|turn|3
|
|t:|1776096587
|move|p2a: PoyPee|Tri Attack|p1a: Heatran
|-resisted|p1a: Heatran
|-damage|p1a: Heatran|24/100
|move|p1a: Heatran|Flash Cannon|p2a: PoyPee
|-damage|p2a: PoyPee|0 fnt
|faint|p2a: PoyPee
|
|upkeep
|
|t:|1776096596
|switch|p2a: Garfiel|Hitmontop, M|100/100
|-damage|p2a: Garfiel|94/100|[from] Stealth Rock
|turn|4
|
|t:|1776096600
|switch|p1a: Corviknight|Corviknight, M|100/100
|-ability|p1a: Corviknight|Pressure
|move|p2a: Garfiel|Fake Out|p1a: Corviknight
|-resisted|p1a: Corviknight
|-crit|p1a: Corviknight
|-damage|p1a: Corviknight|90/100
|
|-heal|p1a: Corviknight|96/100|[from] item: Leftovers
|upkeep
|turn|5
|
|t:|1776096621
|move|p2a: Garfiel|Rapid Spin|p1a: Corviknight
|-resisted|p1a: Corviknight
|-damage|p1a: Corviknight|88/100
|-boost|p2a: Garfiel|spe|1
|-sideend|p2: kjojon|Stealth Rock|[from] move: Rapid Spin|[of] p2a: Garfiel
|move|p1a: Corviknight|Bulk Up|p1a: Corviknight
|-boost|p1a: Corviknight|atk|1
|-boost|p1a: Corviknight|def|1
|
|-heal|p1a: Corviknight|94/100|[from] item: Leftovers
|upkeep
|turn|6
|
|t:|1776096632
|switch|p2a: Babylon|Duraludon, M, shiny|100/100
|move|p1a: Corviknight|Bulk Up|p1a: Corviknight
|-boost|p1a: Corviknight|atk|1
|-boost|p1a: Corviknight|def|1
|
|-heal|p1a: Corviknight|100/100|[from] item: Leftovers
|upkeep
|turn|7
|
|t:|1776096639
|move|p2a: Babylon|Thunderbolt|p1a: Corviknight
|-supereffective|p1a: Corviknight
|-damage|p1a: Corviknight|47/100
|-status|p1a: Corviknight|par
|cant|p1a: Corviknight|par
|
|-heal|p1a: Corviknight|54/100 par|[from] item: Leftovers
|upkeep
|turn|8
|
|t:|1776096648
|switch|p1a: Gastrodon|Gastrodon, M|100/100
|move|p2a: Babylon|Thunderbolt|p1a: Gastrodon
|-immune|p1a: Gastrodon
|
|upkeep
|turn|9
|
|t:|1776096658
|switch|p2a: Libra|Lurantis, F, shiny|100/100
|move|p1a: Gastrodon|Earth Power|p2a: Libra
|-resisted|p2a: Libra
|-damage|p2a: Libra|90/100
|
|upkeep
|turn|10
|
|t:|1776096672
|switch|p1a: Slowking|Slowking-Galar, M|100/100
|move|p2a: Libra|Leaf Storm|p1a: Slowking
|-resisted|p1a: Slowking
|-damage|p1a: Slowking|90/100
|-boost|p2a: Libra|spa|2
|
|-heal|p1a: Slowking|96/100|[from] item: Black Sludge
|upkeep
|turn|11
|
|t:|1776096687
|move|p2a: Libra|Superpower|p1a: Slowking
|-resisted|p1a: Slowking
|-damage|p1a: Slowking|87/100
|-boost|p2a: Libra|atk|1
|-boost|p2a: Libra|def|1
|move|p1a: Slowking|Future Sight|p2a: Libra
|-start|p1a: Slowking|move: Future Sight
|
|-heal|p1a: Slowking|93/100|[from] item: Black Sludge
|upkeep
|turn|12
|
|t:|1776096695
|move|p2a: Libra|Night Slash|p1a: Slowking
|-supereffective|p1a: Slowking
|-damage|p1a: Slowking|30/100
|move|p1a: Slowking|Sludge Bomb|p2a: Libra
|-supereffective|p2a: Libra
|-damage|p2a: Libra|33/100
|-status|p2a: Libra|psn
|
|-heal|p1a: Slowking|36/100|[from] item: Black Sludge
|-damage|p2a: Libra|21/100 psn|[from] psn
|upkeep
|turn|13
|
|t:|1776096710
|switch|p1a: Corviknight|Corviknight, M|54/100 par
|-ability|p1a: Corviknight|Pressure
|move|p2a: Libra|Leaf Storm|p1a: Corviknight
|-resisted|p1a: Corviknight
|-damage|p1a: Corviknight|39/100 par
|-boost|p2a: Libra|spa|2
|
|-end|p2a: Libra|move: Future Sight
|-damage|p2a: Libra|0 fnt
|faint|p2a: Libra
|-heal|p1a: Corviknight|45/100 par|[from] item: Leftovers
|upkeep
|
|t:|1776096726
|switch|p2a: Babylon|Duraludon, M, shiny|100/100
|turn|14
|
|t:|1776096733
|switch|p1a: Gastrodon|Gastrodon, M|100/100
|move|p2a: Babylon|Focus Energy|p2a: Babylon
|-start|p2a: Babylon|move: Focus Energy
|
|upkeep
|turn|15
|
|t:|1776096748
|move|p2a: Babylon|Dragon Pulse|p1a: Gastrodon
|-crit|p1a: Gastrodon
|-damage|p1a: Gastrodon|56/100
|move|p1a: Gastrodon|Earth Power|p2a: Babylon
|-supereffective|p2a: Babylon
|-damage|p2a: Babylon|28/100
|
|-heal|p1a: Gastrodon|62/100|[from] item: Leftovers
|upkeep
|turn|16
|
|t:|1776096756
|move|p2a: Babylon|Dragon Pulse|p1a: Gastrodon
|-crit|p1a: Gastrodon
|-damage|p1a: Gastrodon|20/100
|move|p1a: Gastrodon|Earth Power|p2a: Babylon
|-supereffective|p2a: Babylon
|-damage|p2a: Babylon|0 fnt
|faint|p2a: Babylon
|
|-heal|p1a: Gastrodon|27/100|[from] item: Leftovers
|upkeep
|
|t:|1776096784
|switch|p2a: R-Pyrite|Necrozma, shiny|100/100
|turn|17
|
|t:|1776096795
|switch|p1a: Slowking|Slowking-Galar, M|69/100
|move|p2a: R-Pyrite|Dragon Dance|p2a: R-Pyrite
|-boost|p2a: R-Pyrite|atk|1
|-boost|p2a: R-Pyrite|spe|1
|
|-heal|p1a: Slowking|75/100|[from] item: Black Sludge
|upkeep
|turn|18
|
|t:|1776096806
|move|p2a: R-Pyrite|Photon Geyser|p1a: Slowking
|-damage|p1a: Slowking|0 fnt
|faint|p1a: Slowking
|
|upkeep
|
|t:|1776096822
|switch|p1a: Heatran|Heatran, M|24/100
|turn|19
|
|t:|1776096826
|move|p2a: R-Pyrite|Brick Break|p1a: Heatran
|-supereffective|p1a: Heatran
|-damage|p1a: Heatran|0 fnt
|faint|p1a: Heatran
|
|upkeep
|
|t:|1776096835
|switch|p1a: Corviknight|Corviknight, M|45/100 par
|-ability|p1a: Corviknight|Pressure
|turn|20
|
|t:|1776096839
|move|p2a: R-Pyrite|Photon Geyser|p1a: Corviknight
|-resisted|p1a: Corviknight
|-damage|p1a: Corviknight|19/100 par
|move|p1a: Corviknight|Roost|p1a: Corviknight
|-heal|p1a: Corviknight|69/100 par
|-singleturn|p1a: Corviknight|move: Roost
|
|-heal|p1a: Corviknight|75/100 par|[from] item: Leftovers
|upkeep
|turn|21
|
|t:|1776096849
|move|p2a: R-Pyrite|Dragon Dance|p2a: R-Pyrite
|-boost|p2a: R-Pyrite|atk|1
|-boost|p2a: R-Pyrite|spe|1
|cant|p1a: Corviknight|par
|
|-heal|p1a: Corviknight|81/100 par|[from] item: Leftovers
|upkeep
|turn|22
|
|t:|1776096863
|move|p2a: R-Pyrite|Dragon Dance|p2a: R-Pyrite
|-boost|p2a: R-Pyrite|atk|1
|-boost|p2a: R-Pyrite|spe|1
|cant|p1a: Corviknight|par
|
|-heal|p1a: Corviknight|88/100 par|[from] item: Leftovers
|upkeep
|turn|23
|
|t:|1776096869
|move|p2a: R-Pyrite|Brick Break|p1a: Corviknight
|-crit|p1a: Corviknight
|-damage|p1a: Corviknight|23/100 par
|cant|p1a: Corviknight|par
|
|-heal|p1a: Corviknight|29/100 par|[from] item: Leftovers
|upkeep
|turn|24
|
|t:|1776096877
|move|p2a: R-Pyrite|Brick Break|p1a: Corviknight
|-damage|p1a: Corviknight|0 fnt
|faint|p1a: Corviknight
|
|upkeep
|
|t:|1776096899
|switch|p1a: Scizor|Scizor, F|100/100
|turn|25
|
|t:|1776096904
|move|p2a: R-Pyrite|Brick Break|p1a: Scizor
|-damage|p1a: Scizor|37/100
|move|p1a: Scizor|U-turn|p2a: R-Pyrite
|-supereffective|p2a: R-Pyrite
|-damage|p2a: R-Pyrite|28/100
|-enditem|p2a: R-Pyrite|Weakness Policy
|-boost|p2a: R-Pyrite|atk|2|[from] item: Weakness Policy
|-boost|p2a: R-Pyrite|spa|2|[from] item: Weakness Policy
|
|t:|1776096911
|switch|p1a: Gastrodon|Gastrodon, M|27/100|[from] U-turn
|
|-heal|p1a: Gastrodon|33/100|[from] item: Leftovers
|upkeep
|turn|26
|
|t:|1776096917
|move|p2a: R-Pyrite|Photon Geyser|p1a: Gastrodon
|-damage|p1a: Gastrodon|0 fnt
|faint|p1a: Gastrodon
|
|upkeep
|
|t:|1776096930
|switch|p1a: Kingambit|Kingambit, M, shiny|100/100
|-activate|p1a: Kingambit|ability: Supreme Overlord
|-start|p1a: Kingambit|fallen4|[silent]
|turn|27
|
|t:|1776096937
|move|p1a: Kingambit|Sucker Punch|p2a: R-Pyrite
|-supereffective|p2a: R-Pyrite
|-damage|p2a: R-Pyrite|0 fnt
|faint|p2a: R-Pyrite
|
|upkeep
|
|t:|1776096941
|switch|p2a: Garfiel|Hitmontop, M|94/100
|turn|28
|
|t:|1776096948
|-end|p1a: Kingambit|fallen4|[silent]
|switch|p1a: Scizor|Scizor, F|37/100
|move|p2a: Garfiel|Fake Out|p1a: Scizor
|-resisted|p1a: Scizor
|-damage|p1a: Scizor|27/100
|
|upkeep
|turn|29
|
|t:|1776096963
|move|p2a: Garfiel|Mach Punch|p1a: Scizor
|-damage|p1a: Scizor|0 fnt
|faint|p1a: Scizor
|
|upkeep
|
|t:|1776096967
|switch|p1a: Kingambit|Kingambit, M, shiny|100/100
|-activate|p1a: Kingambit|ability: Supreme Overlord
|-start|p1a: Kingambit|fallen5|[silent]
|turn|30
|
|t:|1776096977
|move|p2a: Garfiel|Mach Punch|p1a: Kingambit
|-supereffective|p1a: Kingambit
|-damage|p1a: Kingambit|13/100
|move|p1a: Kingambit|Swords Dance|p1a: Kingambit
|-boost|p1a: Kingambit|atk|2
|
|upkeep
|turn|31
|
|t:|1776096982
|move|p2a: Garfiel|Mach Punch|p1a: Kingambit
|-supereffective|p1a: Kingambit
|-damage|p1a: Kingambit|0 fnt
|faint|p1a: Kingambit
|-end|p1a: Kingambit|fallen5|[silent]
|
|win|kjojon
|raw|dk10993's rating: 1137 &rarr; <strong>1114</strong><br />(-23 for losing)
|raw|kjojon's rating: 1169 &rarr; <strong>1192</strong><br />(+23 for winning)
|c|☆kjojon|gg'a
|l|☆dk10993
|player|p1|
|c|☆kjojon|gg's*
|l|☆kjojon
|player|p2|
