|html|<div class="broadcast-blue"><strong>[Gen 9] OU is currently suspecting Tera Blast! For information on how to participate check out the <a href="https://www.smogon.com/tools/suspects/view/200">suspect thread</a>.</strong></div>
|j|☆dasdadawdasdad
|j|☆Stnkr
|t:|1776049848
|gametype|singles
|player|p1|dasdadawdasdad|preschooler|1250
|player|p2|Stnkr|169|1238
|gen|9
|tier|[Gen 9] OU
|rated|
|rule|HP Percentage Mod: HP is shown in percentages
|rule|Endless Battle Clause: Forcing endless battles is banned
|rule|Species Clause: Limit one of each Pokémon
|rule|OHKO Clause: OHKO moves are banned
|rule|Evasion Items Clause: Evasion items are banned
|rule|Evasion Moves Clause: Evasion moves are banned
|rule|Evasion Abilities Clause: Evasion abilities are banned
|rule|Sleep Moves Clause: Sleep-inducing moves are banned
|clearpoke
|poke|p1|Dondozo, M|
|poke|p1|Alomomola, F|
|poke|p1|Gliscor, M|
|poke|p1|Corviknight, M|
|poke|p1|Garganacl, F|
|poke|p1|Clodsire, F|
|poke|p2|Samurott-Hisui, M|
|poke|p2|Zapdos|
|poke|p2|Iron Treads|
|poke|p2|Ceruledge, M|
|poke|p2|Gholdengo|
|poke|p2|Kingambit, M|
|teampreview
|inactive|Battle timer is ON: inactive players will automatically lose when time's up. (requested by Stnkr)
|
|t:|1776049902
|teamsize|p1|6
|teamsize|p2|6
|start
|switch|p1a: Garganacl|Garganacl, F|100/100
|switch|p2a: Zapdos|Zapdos|100/100
|turn|1
|
|t:|1776049908
|move|p2a: Zapdos|Volt Switch|p1a: Garganacl
|-damage|p1a: Garganacl|79/100
|
|t:|1776049917
|switch|p2a: Samurott|Samurott-Hisui, M|100/100|[from] Volt Switch
|move|p1a: Garganacl|Stealth Rock|p2a: Samurott
|-sidestart|p2: Stnkr|move: Stealth Rock
|
|upkeep
|turn|2
|
|t:|1776049930
|move|p2a: Samurott|Ceaseless Edge|p1a: Garganacl|[miss]
|-miss|p2a: Samurott|p1a: Garganacl
|move|p1a: Garganacl|Salt Cure|p2a: Samurott
|-damage|p2a: Samurott|86/100
|-start|p2a: Samurott|Salt Cure
|
|-damage|p2a: Samurott|62/100|[from] Salt Cure
|upkeep
|turn|3
|inactive|Stnkr has 120 seconds left.
|
|t:|1776049970
|switch|p2a: Zapdos|Zapdos|100/100
|move|p1a: Garganacl|Protect||[still]
|-fail|p1a: Garganacl
|
|upkeep
|turn|4
|inactive|Stnkr has 120 seconds left.
|
|t:|1776049989
|switch|p1a: Clodsire|Clodsire, F|100/100
|move|p2a: Zapdos|Hurricane|p1a: Clodsire
|-damage|p1a: Clodsire|77/100
|
|-heal|p1a: Clodsire|83/100|[from] item: Black Sludge
|upkeep
|turn|5
|
|t:|1776050003
|switch|p2a: Gholdengo|Gholdengo|100/100
|-damage|p2a: Gholdengo|94/100|[from] Stealth Rock
|-item|p2a: Gholdengo|Air Balloon
|move|p1a: Clodsire|Toxic|p2a: Gholdengo
|-immune|p2a: Gholdengo|[from] ability: Good as Gold
|
|-heal|p1a: Clodsire|90/100|[from] item: Black Sludge
|upkeep
|turn|6
|
|t:|1776050018
|switch|p1a: Alomomola|Alomomola, F|100/100
|move|p2a: Gholdengo|Hex|p1a: Alomomola
|-damage|p1a: Alomomola|67/100
|
|upkeep
|turn|7
|inactive|Stnkr has 120 seconds left.
|inactive|Stnkr has 90 seconds left.
|
|t:|1776050056
|move|p2a: Gholdengo|Thunder Wave|p1a: Alomomola
|-status|p1a: Alomomola|par
|-enditem|p1a: Alomomola|Lum Berry|[eat]
|-curestatus|p1a: Alomomola|par|[msg]
|move|p1a: Alomomola|Mirror Coat||[still]
|-fail|p1a: Alomomola
|
|upkeep
|turn|8
|
|t:|1776050065
|move|p2a: Gholdengo|Thunder Wave|p1a: Alomomola
|-status|p1a: Alomomola|par
|cant|p1a: Alomomola|par
|
|upkeep
|turn|9
|inactive|Stnkr has 90 seconds left.
|
|t:|1776050088
|switch|p2a: Samurott|Samurott-Hisui, M|62/100
|-damage|p2a: Samurott|49/100|[from] Stealth Rock
|move|p1a: Alomomola|Mirror Coat||[still]
|-fail|p1a: Alomomola
|
|upkeep
|turn|10
|inactive|Stnkr has 90 seconds left.
|
|t:|1776050097
|switch|p1a: Garganacl|Garganacl, F|79/100
|move|p2a: Samurott|Ceaseless Edge|p1a: Garganacl
|-damage|p1a: Garganacl|55/100
|-sidestart|p1: dasdadawdasdad|Spikes
|
|upkeep
|turn|11
|
|t:|1776050109
|-terastallize|p1a: Garganacl|Flying
|move|p2a: Samurott|Razor Shell|p1a: Garganacl
|-damage|p1a: Garganacl|26/100
|move|p1a: Garganacl|Recover|p1a: Garganacl
|-heal|p1a: Garganacl|76/100
|
|upkeep
|turn|12
|
|t:|1776050120
|switch|p2a: Zapdos|Zapdos|100/100
|move|p1a: Garganacl|Salt Cure|p2a: Zapdos
|-supereffective|p2a: Zapdos
|-crit|p2a: Zapdos
|-damage|p2a: Zapdos|69/100
|-start|p2a: Zapdos|Salt Cure
|
|-damage|p2a: Zapdos|56/100|[from] Salt Cure
|upkeep
|turn|13
|
|t:|1776050129
|move|p1a: Garganacl|Protect|p1a: Garganacl
|-singleturn|p1a: Garganacl|Protect
|move|p2a: Zapdos|Volt Switch|p1a: Garganacl
|-activate|p1a: Garganacl|move: Protect
|
|-damage|p2a: Zapdos|44/100|[from] Salt Cure
|upkeep
|turn|14
|
|t:|1776050137
|switch|p1a: Clodsire|Clodsire, F|90/100
|-damage|p1a: Clodsire|77/100|[from] Spikes
|move|p2a: Zapdos|Roost|p2a: Zapdos
|-heal|p2a: Zapdos|94/100
|-singleturn|p2a: Zapdos|move: Roost
|
|-heal|p1a: Clodsire|83/100|[from] item: Black Sludge
|-damage|p2a: Zapdos|82/100|[from] Salt Cure
|upkeep
|turn|15
|
|t:|1776050148
|switch|p2a: Gholdengo|Gholdengo|94/100
|-damage|p2a: Gholdengo|88/100|[from] Stealth Rock
|-item|p2a: Gholdengo|Air Balloon
|move|p1a: Clodsire|Toxic|p2a: Gholdengo
|-immune|p2a: Gholdengo|[from] ability: Good as Gold
|
|-heal|p1a: Clodsire|90/100|[from] item: Black Sludge
|upkeep
|turn|16
|
|t:|1776050165
|switch|p1a: Garganacl|Garganacl, F, tera:Flying|76/100
|move|p2a: Gholdengo|Hex|p1a: Garganacl
|-damage|p1a: Garganacl|64/100
|
|upkeep
|turn|17
|
|t:|1776050182
|switch|p2a: Zapdos|Zapdos|82/100
|move|p1a: Garganacl|Salt Cure|p2a: Zapdos
|-supereffective|p2a: Zapdos
|-damage|p2a: Zapdos|61/100
|-start|p2a: Zapdos|Salt Cure
|
|-damage|p2a: Zapdos|49/100|[from] Salt Cure
|upkeep
|turn|18
|
|t:|1776050196
|switch|p1a: Gliscor|Gliscor, M|100/100
|move|p2a: Zapdos|Roost|p2a: Zapdos
|-heal|p2a: Zapdos|99/100
|-singleturn|p2a: Zapdos|move: Roost
|
|-damage|p2a: Zapdos|87/100|[from] Salt Cure
|-status|p1a: Gliscor|tox|[from] item: Toxic Orb
|upkeep
|turn|19
|
|t:|1776050212
|move|p1a: Gliscor|Knock Off|p2a: Zapdos
|-damage|p2a: Zapdos|71/100
|-enditem|p2a: Zapdos|Heavy-Duty Boots|[from] move: Knock Off|[of] p1a: Gliscor
|move|p2a: Zapdos|Hurricane|p1a: Gliscor
|-damage|p1a: Gliscor|57/100 tox
|
|-heal|p1a: Gliscor|70/100 tox|[from] ability: Poison Heal
|-damage|p2a: Zapdos|59/100|[from] Salt Cure
|upkeep
|turn|20
|
|t:|1776050226
|switch|p2a: Samurott|Samurott-Hisui, M|49/100
|-damage|p2a: Samurott|37/100|[from] Stealth Rock
|move|p1a: Gliscor|Protect||[still]
|-fail|p1a: Gliscor
|
|-heal|p1a: Gliscor|82/100 tox|[from] ability: Poison Heal
|upkeep
|turn|21
|
|t:|1776050238
|move|p1a: Gliscor|Substitute|p1a: Gliscor
|-start|p1a: Gliscor|Substitute
|-damage|p1a: Gliscor|57/100 tox
|move|p2a: Samurott|Razor Shell|p1a: Gliscor
|-supereffective|p1a: Gliscor
|-end|p1a: Gliscor|Substitute
|
|-heal|p1a: Gliscor|70/100 tox|[from] ability: Poison Heal
|upkeep
|turn|22
|
|t:|1776050246
|move|p1a: Gliscor|Protect|p1a: Gliscor
|-singleturn|p1a: Gliscor|Protect
|move|p2a: Samurott|Razor Shell|p1a: Gliscor
|-activate|p1a: Gliscor|move: Protect
|
|-heal|p1a: Gliscor|82/100 tox|[from] ability: Poison Heal
|upkeep
|turn|23
|
|t:|1776050259
|switch|p1a: Corviknight|Corviknight, M|100/100
|-ability|p1a: Corviknight|Pressure
|move|p2a: Samurott|Razor Shell|p1a: Corviknight
|-damage|p1a: Corviknight|71/100
|-unboost|p1a: Corviknight|def|1
|-damage|p2a: Samurott|21/100|[from] item: Rocky Helmet|[of] p1a: Corviknight
|
|upkeep
|turn|24
|
|t:|1776050269
|move|p2a: Samurott|Ceaseless Edge|p1a: Corviknight
|-damage|p1a: Corviknight|35/100
|-damage|p2a: Samurott|4/100|[from] item: Rocky Helmet|[of] p1a: Corviknight
|-sidestart|p1: dasdadawdasdad|Spikes
|move|p1a: Corviknight|Roost|p1a: Corviknight
|-heal|p1a: Corviknight|85/100
|-singleturn|p1a: Corviknight|move: Roost
|
|upkeep
|turn|25
|
|t:|1776050280
|move|p2a: Samurott|Knock Off|p1a: Corviknight
|-damage|p1a: Corviknight|50/100
|-damage|p2a: Samurott|0 fnt|[from] item: Rocky Helmet|[of] p1a: Corviknight
|faint|p2a: Samurott
|move|p1a: Corviknight|Iron Defense|p1a: Corviknight
|-boost|p1a: Corviknight|def|2
|
|upkeep
|
|t:|1776050290
|switch|p2a: Iron Treads|Iron Treads|100/100
|-damage|p2a: Iron Treads|97/100|[from] Stealth Rock
|turn|26
|
|t:|1776050297
|switch|p1a: Garganacl|Garganacl, F, tera:Flying|64/100
|move|p2a: Iron Treads|Rapid Spin|p1a: Garganacl
|-damage|p1a: Garganacl|54/100
|-boost|p2a: Iron Treads|spe|1
|-sideend|p2: Stnkr|Stealth Rock|[from] move: Rapid Spin|[of] p2a: Iron Treads
|
|-heal|p2a: Iron Treads|100/100|[from] item: Leftovers
|upkeep
|turn|27
|
|t:|1776050312
|move|p2a: Iron Treads|Knock Off|p1a: Garganacl
|-damage|p1a: Garganacl|35/100
|-enditem|p1a: Garganacl|Iapapa Berry|[from] move: Knock Off|[of] p2a: Iron Treads
|move|p1a: Garganacl|Recover|p1a: Garganacl
|-heal|p1a: Garganacl|86/100
|
|upkeep
|turn|28
|
|t:|1776050318
|move|p2a: Iron Treads|Stealth Rock|p1a: Garganacl
|-sidestart|p1: dasdadawdasdad|move: Stealth Rock
|move|p1a: Garganacl|Salt Cure|p2a: Iron Treads
|-resisted|p2a: Iron Treads
|-damage|p2a: Iron Treads|98/100
|-start|p2a: Iron Treads|Salt Cure
|
|-heal|p2a: Iron Treads|100/100|[from] item: Leftovers
|-damage|p2a: Iron Treads|76/100|[from] Salt Cure
|upkeep
|turn|29
|
|t:|1776050327
|-end|p2a: Iron Treads|Quark Drive|[silent]
|switch|p2a: Zapdos|Zapdos|59/100
|move|p1a: Garganacl|Protect||[still]
|-fail|p1a: Garganacl
|
|upkeep
|turn|30
|
|t:|1776050348
|switch|p2a: Gholdengo|Gholdengo|88/100
|-item|p2a: Gholdengo|Air Balloon
|move|p1a: Garganacl|Protect||[still]
|-fail|p1a: Garganacl
|
|upkeep
|turn|31
|
|t:|1776050361
|switch|p2a: Ceruledge|Ceruledge, M|100/100
|move|p1a: Garganacl|Salt Cure|p2a: Ceruledge
|-supereffective|p2a: Ceruledge
|-damage|p2a: Ceruledge|67/100
|-start|p2a: Ceruledge|Salt Cure
|-ability|p2a: Ceruledge|Weak Armor|boost
|-unboost|p2a: Ceruledge|def|1
|-boost|p2a: Ceruledge|spe|2
|
|-damage|p2a: Ceruledge|55/100|[from] Salt Cure
|upkeep
|turn|32
|-message|Stnkr forfeited.
|
|win|dasdadawdasdad
|raw|dasdadawdasdad's rating: 1250 &rarr; <strong>1274</strong><br />(+24 for winning)
|raw|Stnkr's rating: 1238 &rarr; <strong>1214</strong><br />(-24 for losing)
|l|☆Stnkr
|player|p2|
