|html|<div class="broadcast-blue"><strong>[Gen 9] OU is currently suspecting Tera Blast! For information on how to participate check out the <a href="https://www.smogon.com/tools/suspects/view/200">suspect thread</a>.</strong></div>
|j|‽RissyL
|j|☆BuffCacture
|t:|1776061792
|gametype|singles
|player|p1|RissyL|skyla|1116
|player|p2|BuffCacture|2|1146
|gen|9
|tier|[Gen 9] OU
|rated|
|rule|HP Percentage Mod: HP is shown in percentages
|rule|Endless Battle Clause: Forcing endless battles is banned
|rule|Species Clause: Limit one of each Pokémon
|rule|OHKO Clause: OHKO moves are banned
|rule|Evasion Items Clause: Evasion items are banned
|rule|Evasion Moves Clause: Evasion moves are banned
|rule|Evasion Abilities Clause: Evasion abilities are banned
|rule|Sleep Moves Clause: Sleep-inducing moves are banned
|clearpoke
|poke|p1|Lucario, M|
|poke|p1|Regidrago|
|poke|p1|Volcanion|
|poke|p1|Zapdos-Galar|
|poke|p1|Oricorio-Sensu, F|
|poke|p1|Goodra-Hisui, M|
|poke|p2|Tinkaton, F|
|poke|p2|Cacturne, F|
|poke|p2|Slowbro, M|
|poke|p2|Rotom-Wash|
|poke|p2|Emboar, M|
|poke|p2|Noivern, M|
|teampreview
|inactive|Battle timer is ON: inactive players will automatically lose when time's up. (requested by RissyL)
|
|t:|1776061812
|teamsize|p1|6
|teamsize|p2|6
|start
|switch|p1a: Volcanion|Volcanion|100/100
|switch|p2a: Tinkaton|Tinkaton, F|100/100
|-ability|p2a: Tinkaton|Mold Breaker
|turn|1
|
|t:|1776061827
|move|p2a: Tinkaton|Thunder Wave|p1a: Volcanion
|-status|p1a: Volcanion|par
|move|p1a: Volcanion|Earth Power|p2a: Tinkaton
|-supereffective|p2a: Tinkaton
|-damage|p2a: Tinkaton|45/100
|
|upkeep
|turn|2
|
|t:|1776061846
|-terastallize|p2a: Tinkaton|Flying
|move|p2a: Tinkaton|Swords Dance|p2a: Tinkaton
|-boost|p2a: Tinkaton|atk|2
|cant|p1a: Volcanion|par
|
|upkeep
|turn|3
|
|t:|1776061856
|move|p2a: Tinkaton|Gigaton Hammer|p1a: Volcanion
|-resisted|p1a: Volcanion
|-damage|p1a: Volcanion|77/100 par
|move|p1a: Volcanion|Heat Wave|p2a: Tinkaton
|-damage|p2a: Tinkaton|5/100
|
|upkeep
|turn|4
|
|t:|1776061865
|move|p2a: Tinkaton|Play Rough|p1a: Volcanion|[miss]
|-miss|p2a: Tinkaton|p1a: Volcanion
|-enditem|p2a: Tinkaton|Blunder Policy
|-boost|p2a: Tinkaton|spe|2
|move|p1a: Volcanion|Steam Eruption|p2a: Tinkaton
|-damage|p2a: Tinkaton|0 fnt
|faint|p2a: Tinkaton
|
|upkeep
|
|t:|1776061877
|switch|p2a: Noivern|Noivern, M|100/100
|turn|5
|
|t:|1776061886
|switch|p1a: Goodra|Goodra-Hisui, M|100/100
|move|p2a: Noivern|Boomburst|p1a: Goodra
|-resisted|p1a: Goodra
|-damage|p1a: Goodra|88/100
|-enditem|p2a: Noivern|Throat Spray
|-boost|p2a: Noivern|spa|1|[from] item: Throat Spray
|
|-heal|p1a: Goodra|94/100|[from] item: Leftovers
|upkeep
|turn|6
|
|t:|1776061897
|move|p2a: Noivern|Dragon Pulse|p1a: Goodra
|-damage|p1a: Goodra|58/100
|move|p1a: Goodra|Dragon Tail|p2a: Noivern
|-supereffective|p2a: Noivern
|-damage|p2a: Noivern|62/100
|drag|p2a: Cacturne|Cacturne, F|100/100
|
|-heal|p1a: Goodra|64/100|[from] item: Leftovers
|upkeep
|turn|7
|
|t:|1776061914
|switch|p1a: Zapdos|Zapdos-Galar|100/100
|move|p2a: Cacturne|Swords Dance|p2a: Cacturne
|-boost|p2a: Cacturne|atk|2
|
|upkeep
|turn|8
|
|t:|1776061921
|move|p1a: Zapdos|Brave Bird|p2a: Cacturne
|-supereffective|p2a: Cacturne
|-enditem|p2a: Cacturne|Focus Sash
|-damage|p2a: Cacturne|1/100
|-damage|p1a: Zapdos|72/100|[from] Recoil
|move|p2a: Cacturne|Counter|p1a: Zapdos
|-damage|p1a: Zapdos|0 fnt
|faint|p1a: Zapdos
|
|upkeep
|
|t:|1776061936
|switch|p1a: Oricorio|Oricorio-Sensu, F|100/100
|turn|9
|
|t:|1776061940
|move|p2a: Cacturne|Sucker Punch||[still]
|-fail|p2a: Cacturne
|move|p1a: Oricorio|Defog|p2a: Cacturne
|-unboost|p2a: Cacturne|evasion|1
|
|upkeep
|turn|10
|
|t:|1776061946
|move|p2a: Cacturne|Sucker Punch||[still]
|-fail|p2a: Cacturne
|move|p1a: Oricorio|Quiver Dance|p1a: Oricorio
|-boost|p1a: Oricorio|spa|1
|-boost|p1a: Oricorio|spd|1
|-boost|p1a: Oricorio|spe|1
|
|upkeep
|turn|11
|
|t:|1776061957
|-terastallize|p1a: Oricorio|Dark
|move|p2a: Cacturne|Sucker Punch||[still]
|-fail|p2a: Cacturne
|move|p1a: Oricorio|Quiver Dance|p1a: Oricorio
|-boost|p1a: Oricorio|spa|1
|-boost|p1a: Oricorio|spd|1
|-boost|p1a: Oricorio|spe|1
|
|upkeep
|turn|12
|
|t:|1776061965
|move|p2a: Cacturne|Sucker Punch||[still]
|-fail|p2a: Cacturne
|move|p1a: Oricorio|Quiver Dance|p1a: Oricorio
|-boost|p1a: Oricorio|spa|1
|-boost|p1a: Oricorio|spd|1
|-boost|p1a: Oricorio|spe|1
|
|upkeep
|turn|13
|
|t:|1776061973
|move|p2a: Cacturne|Sucker Punch||[still]
|-fail|p2a: Cacturne
|move|p1a: Oricorio|Quiver Dance|p1a: Oricorio
|-boost|p1a: Oricorio|spa|1
|-boost|p1a: Oricorio|spd|1
|-boost|p1a: Oricorio|spe|1
|
|upkeep
|turn|14
|
|t:|1776061980
|move|p2a: Cacturne|Sucker Punch||[still]
|-fail|p2a: Cacturne
|move|p1a: Oricorio|Quiver Dance|p1a: Oricorio
|-boost|p1a: Oricorio|spa|1
|-boost|p1a: Oricorio|spd|1
|-boost|p1a: Oricorio|spe|1
|
|upkeep
|turn|15
|
|t:|1776061990
|move|p1a: Oricorio|Revelation Dance|p2a: Cacturne
|-resisted|p2a: Cacturne
|-damage|p2a: Cacturne|0 fnt
|faint|p2a: Cacturne
|
|upkeep
|
|t:|1776061997
|switch|p2a: Emboar|Emboar, M|100/100
|turn|16
|
|t:|1776062002
|move|p1a: Oricorio|Revelation Dance|p2a: Emboar
|-resisted|p2a: Emboar
|-damage|p2a: Emboar|0 fnt
|faint|p2a: Emboar
|
|upkeep
|
|t:|1776062014
|switch|p2a: Noivern|Noivern, M|62/100
|turn|17
|
|t:|1776062017
|move|p1a: Oricorio|Tera Blast|p2a: Noivern|[anim] Tera Blast Dark
|-damage|p2a: Noivern|0 fnt
|faint|p2a: Noivern
|
|upkeep
|-message|BuffCacture forfeited.
|
|win|RissyL
|raw|RissyL's rating: 1116 &rarr; <strong>1143</strong><br />(+27 for winning)
|raw|BuffCacture's rating: 1146 &rarr; <strong>1119</strong><br />(-27 for losing)
|l|☆BuffCacture
|player|p2|
|l|‽RissyL
|player|p1|
