|html|<div class="broadcast-blue"><strong>[Gen 9] OU is currently suspecting Tera Blast! For information on how to participate check out the <a href="https://www.smogon.com/tools/suspects/view/200">suspect thread</a>.</strong></div>
|j|☆mbetta1
|j|☆Efrain.9
|t:|1776111536
|gametype|singles
|player|p1|mbetta1|skier|1447
|player|p2|Efrain.9|hilbert-wonderlauncher|1423
|gen|9
|tier|[Gen 9] OU
|rated|
|rule|HP Percentage Mod: HP is shown in percentages
|rule|Endless Battle Clause: Forcing endless battles is banned
|rule|Species Clause: Limit one of each Pokémon
|rule|OHKO Clause: OHKO moves are banned
|rule|Evasion Items Clause: Evasion items are banned
|rule|Evasion Moves Clause: Evasion moves are banned
|rule|Evasion Abilities Clause: Evasion abilities are banned
|rule|Sleep Moves Clause: Sleep-inducing moves are banned
|clearpoke
|poke|p1|Blaziken, M|
|poke|p1|Ceruledge, F|
|poke|p1|Corviknight, F|
|poke|p1|Ribombee, F|
|poke|p1|Zoroark-Hisui, M|
|poke|p1|Toxtricity, F|
|poke|p2|Pelipper, F|
|poke|p2|Kingambit, M|
|poke|p2|Weezing-Galar, F|
|poke|p2|Great Tusk|
|poke|p2|Raging Bolt|
|poke|p2|Ogerpon-Wellspring, F|
|teampreview
|inactive|Battle timer is ON: inactive players will automatically lose when time's up. (requested by mbetta1)
|
|t:|1776111560
|teamsize|p1|6
|teamsize|p2|6
|start
|switch|p1a: Toxtricity|Toxtricity, F|100/100
|switch|p2a: Pelipper|Pelipper, F|100/100
|turn|1
|
|t:|1776111587
|switch|p2a: Kingambit|Kingambit, M|100/100
|move|p1a: Toxtricity|Boomburst|p2a: Kingambit
|-resisted|p2a: Kingambit
|-damage|p2a: Kingambit|70/100
|
|upkeep
|turn|2
|
|t:|1776111595
|switch|p1a: Corviknight|Corviknight, F|100/100
|-ability|p1a: Corviknight|Pressure
|move|p2a: Kingambit|Swords Dance|p2a: Kingambit
|-boost|p2a: Kingambit|atk|2
|
|upkeep
|turn|3
|
|t:|1776111602
|switch|p2a: Raging Bolt|Raging Bolt|100/100
|move|p1a: Corviknight|Body Press|p2a: Raging Bolt
|-damage|p2a: Raging Bolt|79/100
|
|upkeep
|turn|4
|
|t:|1776111623
|switch|p1a: Ribombee|Ribombee, F|100/100
|move|p2a: Raging Bolt|Volt Switch|p1a: Ribombee
|-crit|p1a: Ribombee
|-damage|p1a: Ribombee|0 fnt
|faint|p1a: Ribombee
|
|t:|1776111646
|-end|p2a: Raging Bolt|Protosynthesis|[silent]
|switch|p2a: Pelipper|Pelipper, F|100/100|[from] Volt Switch
|
|upkeep
|
|t:|1776111665
|switch|p1a: Toxtricity|Toxtricity, F|100/100
|turn|5
|inactive|Efrain.9 has 120 seconds left.
|
|t:|1776111691
|move|p1a: Toxtricity|Boomburst|p2a: Pelipper
|-damage|p2a: Pelipper|49/100
|move|p2a: Pelipper|Hurricane|p1a: Toxtricity
|-resisted|p1a: Toxtricity
|-damage|p1a: Toxtricity|69/100
|
|upkeep
|turn|6
|inactive|Efrain.9 has 120 seconds left.
|
|t:|1776111698
|switch|p2a: Kingambit|Kingambit, M|70/100
|move|p1a: Toxtricity|Boomburst|p2a: Kingambit
|-resisted|p2a: Kingambit
|-damage|p2a: Kingambit|40/100
|
|upkeep
|turn|7
|
|t:|1776111710
|switch|p1a: Corviknight|Corviknight, F|100/100
|-ability|p1a: Corviknight|Pressure
|switch|p2a: Raging Bolt|Raging Bolt|79/100
|
|upkeep
|turn|8
|
|t:|1776111717
|move|p2a: Raging Bolt|Volt Switch|p1a: Corviknight
|-supereffective|p1a: Corviknight
|-damage|p1a: Corviknight|0 fnt
|faint|p1a: Corviknight
|
|t:|1776111725
|-end|p2a: Raging Bolt|Protosynthesis|[silent]
|switch|p2a: Great Tusk|Great Tusk|100/100|[from] Volt Switch
|
|upkeep
|
|t:|1776111734
|switch|p1a: Toxtricity|Toxtricity, F|69/100
|turn|9
|
|t:|1776111738
|-terastallize|p1a: Toxtricity|Normal
|move|p1a: Toxtricity|Boomburst|p2a: Great Tusk
|-damage|p2a: Great Tusk|0 fnt
|faint|p2a: Great Tusk
|-end|p2a: Great Tusk|Protosynthesis|[silent]
|
|upkeep
|
|t:|1776111744
|switch|p2a: Raging Bolt|Raging Bolt|79/100
|turn|10
|
|t:|1776111749
|move|p1a: Toxtricity|Boomburst|p2a: Raging Bolt
|-damage|p2a: Raging Bolt|0 fnt
|faint|p2a: Raging Bolt
|-end|p2a: Raging Bolt|Protosynthesis|[silent]
|
|upkeep
|
|t:|1776111755
|switch|p2a: Ogerpon|Ogerpon-Wellspring, F|100/100
|turn|11
|inactive|mbetta1 has 120 seconds left.
|
|t:|1776111797
|move|p1a: Toxtricity|Boomburst|p2a: Ogerpon
|-damage|p2a: Ogerpon|0 fnt
|faint|p2a: Ogerpon
|
|upkeep
|-message|Efrain.9 forfeited.
|
|win|mbetta1
|raw|mbetta1's rating: 1447 &rarr; <strong>1466</strong><br />(+19 for winning)
|raw|Efrain.9's rating: 1423 &rarr; <strong>1404</strong><br />(-19 for losing)
|l|☆Efrain.9
|player|p2|
|l|☆mbetta1
|player|p1|
