|html|<div class="broadcast-blue"><strong>[Gen 9] OU is currently suspecting Tera Blast! For information on how to participate check out the <a href="https://www.smogon.com/tools/suspects/view/200">suspect thread</a>.</strong></div>
|j|☆CilenTreeco
|j|☆bjarnevp
|t:|1776091767
|gametype|singles
|player|p1|CilenTreeco|101|1254
|player|p2|bjarnevp|steven|1206
|gen|9
|tier|[Gen 9] OU
|rated|
|rule|HP Percentage Mod: HP is shown in percentages
|rule|Endless Battle Clause: Forcing endless battles is banned
|rule|Species Clause: Limit one of each Pokémon
|rule|OHKO Clause: OHKO moves are banned
|rule|Evasion Items Clause: Evasion items are banned
|rule|Evasion Moves Clause: Evasion moves are banned
|rule|Evasion Abilities Clause: Evasion abilities are banned
|rule|Sleep Moves Clause: Sleep-inducing moves are banned
|clearpoke
|poke|p1|Quaquaval, M|
|poke|p1|Sinistcha-Masterpiece|
|poke|p1|Armarouge, M|
|poke|p1|Goodra-Hisui, F|
|poke|p1|Enamorus, F|
|poke|p1|Persian, F|
|poke|p2|Dragapult, M|
|poke|p2|Iron Moth|
|poke|p2|Ambipom, M|
|poke|p2|Ceruledge, M|
|poke|p2|Moltres-Galar|
|poke|p2|Klefki, F|
|teampreview
|inactive|Battle timer is ON: inactive players will automatically lose when time's up. (requested by bjarnevp)
|
|t:|1776091773
|teamsize|p1|6
|teamsize|p2|6
|start
|switch|p1a: Quaquaval|Quaquaval, M, shiny|100/100
|switch|p2a: Ambipom|Ambipom, M, shiny|100/100
|turn|1
|
|t:|1776091780
|move|p2a: Ambipom|Fake Out|p1a: Quaquaval
|-damage|p1a: Quaquaval|60/100
|cant|p1a: Quaquaval|flinch
|
|upkeep
|turn|2
|
|t:|1776091792
|move|p2a: Ambipom|Covet|p1a: Quaquaval
|-damage|p1a: Quaquaval|1/100
|move|p1a: Quaquaval|Close Combat|p2a: Ambipom
|-supereffective|p2a: Ambipom
|-damage|p2a: Ambipom|0 fnt
|-unboost|p1a: Quaquaval|def|1
|-unboost|p1a: Quaquaval|spd|1
|faint|p2a: Ambipom
|-ability|p1a: Quaquaval|Moxie|boost
|-boost|p1a: Quaquaval|atk|1
|
|upkeep
|
|t:|1776091813
|switch|p2a: Dragapult|Dragapult, M, shiny|100/100
|turn|3
|
|t:|1776091820
|move|p2a: Dragapult|Shadow Ball|p1a: Quaquaval
|-damage|p1a: Quaquaval|0 fnt
|faint|p1a: Quaquaval
|
|upkeep
|
|t:|1776091823
|switch|p1a: Enamorus|Enamorus, F|100/100
|turn|4
|
|t:|1776091828
|switch|p2a: Klefki|Klefki, F, shiny|100/100
|move|p1a: Enamorus|Springtide Storm|p2a: Klefki
|-resisted|p2a: Klefki
|-damage|p2a: Klefki|71/100
|
|upkeep
|turn|5
|
|t:|1776091834
|switch|p1a: Persian|Persian, F, shiny|100/100
|move|p2a: Klefki|Light Screen|p2a: Klefki
|-sidestart|p2: bjarnevp|move: Light Screen
|
|upkeep
|turn|6
|
|t:|1776091838
|move|p2a: Klefki|Reflect|p2a: Klefki
|-sidestart|p2: bjarnevp|Reflect
|move|p1a: Persian|Switcheroo|p2a: Klefki
|-activate|p1a: Persian|move: Trick|[of] p2a: Klefki
|-item|p2a: Klefki|Choice Scarf|[from] move: Switcheroo
|-item|p1a: Persian|Light Clay|[from] move: Switcheroo
|
|upkeep
|turn|7
|
|t:|1776091853
|move|p2a: Klefki|Dazzling Gleam|p1a: Persian
|-damage|p1a: Persian|74/100
|move|p1a: Persian|Thunder Wave|p2a: Klefki
|-status|p2a: Klefki|par
|
|upkeep
|turn|8
|
|t:|1776091858
|move|p1a: Persian|Taunt|p2a: Klefki
|-start|p2a: Klefki|move: Taunt
|move|p2a: Klefki|Dazzling Gleam|p1a: Persian
|-damage|p1a: Persian|45/100
|
|upkeep
|turn|9
|
|t:|1776091862
|move|p1a: Persian|U-turn|p2a: Klefki
|-resisted|p2a: Klefki
|-damage|p2a: Klefki|69/100 par
|
|t:|1776091869
|switch|p1a: Armarouge|Armarouge, M, shiny|100/100|[from] U-turn
|move|p2a: Klefki|Dazzling Gleam|p1a: Armarouge
|-resisted|p1a: Armarouge
|-damage|p1a: Armarouge|86/100
|
|upkeep
|turn|10
|
|t:|1776091878
|move|p1a: Armarouge|Meteor Beam||[still]
|-prepare|p1a: Armarouge|Meteor Beam
|-boost|p1a: Armarouge|spa|1
|-enditem|p1a: Armarouge|Power Herb
|-anim|p1a: Armarouge|Meteor Beam|p2a: Klefki
|-resisted|p2a: Klefki
|-damage|p2a: Klefki|51/100 par
|cant|p2a: Klefki|par
|
|-end|p2a: Klefki|move: Taunt
|upkeep
|turn|11
|
|t:|1776091889
|switch|p2a: Dragapult|Dragapult, M, shiny|100/100
|move|p1a: Armarouge|Armor Cannon|p2a: Dragapult
|-resisted|p2a: Dragapult
|-damage|p2a: Dragapult|64/100
|-unboost|p1a: Armarouge|def|1
|-unboost|p1a: Armarouge|spd|1
|
|upkeep
|turn|12
|
|t:|1776091903
|switch|p1a: Enamorus|Enamorus, F|100/100
|move|p2a: Dragapult|Shadow Ball|p1a: Enamorus
|-damage|p1a: Enamorus|50/100
|-boost|p1a: Enamorus|spd|1
|
|-sideend|p2: bjarnevp|move: Light Screen
|upkeep
|turn|13
|
|t:|1776091912
|move|p2a: Dragapult|Shadow Ball|p1a: Enamorus
|-damage|p1a: Enamorus|15/100
|move|p1a: Enamorus|Springtide Storm|p2a: Dragapult|[miss]
|-miss|p1a: Enamorus|p2a: Dragapult
|
|-sideend|p2: bjarnevp|Reflect
|upkeep
|turn|14
|-message|CilenTreeco forfeited.
|
|win|bjarnevp
|raw|CilenTreeco's rating: 1254 &rarr; <strong>1226</strong><br />(-28 for losing)
|raw|bjarnevp's rating: 1206 &rarr; <strong>1234</strong><br />(+28 for winning)
|l|☆CilenTreeco
|player|p1|
|l|☆bjarnevp
|player|p2|
