|html|<div class="broadcast-blue"><strong>[Gen 9] OU is currently suspecting Volcarona! For information on how to participate check out the <a href="https://www.smogon.com/tools/suspects/view/208">suspect thread</a>.</strong></div>
|j|☆great friend
|j|☆critical_32
|t:|1778498682
|gametype|singles
|player|p1|great friend|backers|1375
|player|p2|critical_32|169|1400
|gen|9
|tier|[Gen 9] OU
|rated|
|rule|HP Percentage Mod: HP is shown in percentages
|rule|Endless Battle Clause: Forcing endless battles is banned
|rule|Species Clause: Limit one of each Pokémon
|rule|OHKO Clause: OHKO moves are banned
|rule|Evasion Items Clause: Evasion items are banned
|rule|Evasion Moves Clause: Evasion moves are banned
|rule|Evasion Abilities Clause: Evasion abilities are banned
|rule|Sleep Moves Clause: Sleep-inducing moves are banned
|clearpoke
|poke|p1|Arcanine-Hisui, M|
|poke|p1|Darkrai|
|poke|p1|Great Tusk|
|poke|p1|Hatterene, F|
|poke|p1|Ogerpon-Wellspring, F|
|poke|p1|Zapdos|
|poke|p2|Barraskewda, F|
|poke|p2|Overqwil, M|
|poke|p2|Goodra-Hisui, M|
|poke|p2|Basculegion, M|
|poke|p2|Kingdra, F|
|poke|p2|Pelipper, F|
|teampreview
|inactive|Battle timer is ON: inactive players will automatically lose when time's up. (requested by critical_32)
|
|t:|1778498689
|teamsize|p1|6
|teamsize|p2|6
|start
|switch|p1a: Arcanine|Arcanine-Hisui, M|100/100
|switch|p2a: Pelipper|Pelipper, F|100/100
|-weather|RainDance|[from] ability: Drizzle|[of] p2a: Pelipper
|turn|1
|
|t:|1778498711
|move|p1a: Arcanine|Head Smash|p2a: Pelipper
|-supereffective|p2a: Pelipper
|-damage|p2a: Pelipper|0 fnt
|faint|p2a: Pelipper
|
|-weather|RainDance|[upkeep]
|upkeep
|inactive|critical_32 has 120 seconds left.
|
|t:|1778498734
|switch|p2a: Overqwil|Overqwil, M|100/100
|turn|2
|
|t:|1778498742
|switch|p1a: Zapdos|Zapdos|100/100
|move|p2a: Overqwil|Swords Dance|p2a: Overqwil
|-boost|p2a: Overqwil|atk|2
|
|-weather|RainDance|[upkeep]
|upkeep
|turn|3
|
|t:|1778498751
|move|p2a: Overqwil|Crunch|p1a: Zapdos
|-damage|p1a: Zapdos|28/100
|-damage|p2a: Overqwil|91/100|[from] item: Life Orb
|move|p1a: Zapdos|Thunder Wave|p2a: Overqwil
|-status|p2a: Overqwil|par
|
|-weather|RainDance|[upkeep]
|upkeep
|turn|4
|
|t:|1778498755
|move|p2a: Overqwil|Crunch|p1a: Zapdos
|-damage|p1a: Zapdos|0 fnt
|faint|p1a: Zapdos
|-damage|p2a: Overqwil|81/100 par|[from] item: Life Orb
|
|-weather|RainDance|[upkeep]
|upkeep
|inactive|great friend has 120 seconds left.
|
|t:|1778498787
|switch|p1a: Arcanine|Arcanine-Hisui, M|100/100
|turn|5
|
|t:|1778498800
|move|p1a: Arcanine|Head Smash|p2a: Overqwil
|-damage|p2a: Overqwil|0 fnt
|faint|p2a: Overqwil
|
|-weather|RainDance|[upkeep]
|upkeep
|
|t:|1778498807
|switch|p2a: Kingdra|Kingdra, F|100/100
|turn|6
|
|t:|1778498811
|switch|p1a: Hatterene|Hatterene, F|100/100
|move|p2a: Kingdra|Hurricane|p1a: Hatterene
|-damage|p1a: Hatterene|68/100
|
|-weather|RainDance|[upkeep]
|upkeep
|turn|7
|
|t:|1778498816
|switch|p2a: Goodra|Goodra-Hisui, M|100/100
|move|p1a: Hatterene|Draining Kiss|p2a: Goodra
|-damage|p2a: Goodra|82/100
|-heal|p1a: Hatterene|84/100|[from] drain|[of] p2a: Goodra
|
|-weather|RainDance|[upkeep]
|upkeep
|turn|8
|
|t:|1778498828
|-terastallize|p1a: Hatterene|Water
|move|p2a: Goodra|Sludge Bomb|p1a: Hatterene
|-damage|p1a: Hatterene|57/100
|-status|p1a: Hatterene|psn
|move|p1a: Hatterene|Mystical Fire|p2a: Goodra
|-damage|p2a: Goodra|73/100
|-unboost|p2a: Goodra|spa|1
|
|-weather|none
|-damage|p1a: Hatterene|45/100 psn|[from] psn
|upkeep
|turn|9
|
|t:|1778498834
|move|p2a: Goodra|Sludge Bomb|p1a: Hatterene
|-damage|p1a: Hatterene|25/100 psn
|move|p1a: Hatterene|Draining Kiss|p2a: Goodra
|-damage|p2a: Goodra|54/100
|-heal|p1a: Hatterene|41/100 psn|[from] drain|[of] p2a: Goodra
|
|-damage|p1a: Hatterene|29/100 psn|[from] psn
|upkeep
|turn|10
|
|t:|1778498840
|move|p2a: Goodra|Sludge Bomb|p1a: Hatterene
|-damage|p1a: Hatterene|8/100 psn
|move|p1a: Hatterene|Draining Kiss|p2a: Goodra
|-damage|p2a: Goodra|36/100
|-heal|p1a: Hatterene|24/100 psn|[from] drain|[of] p2a: Goodra
|
|-damage|p1a: Hatterene|12/100 psn|[from] psn
|upkeep
|turn|11
|
|t:|1778498845
|move|p2a: Goodra|Sludge Bomb|p1a: Hatterene
|-damage|p1a: Hatterene|0 fnt
|faint|p1a: Hatterene
|
|upkeep
|
|t:|1778498854
|switch|p1a: Arcanine|Arcanine-Hisui, M|100/100
|turn|12
|
|t:|1778498859
|move|p1a: Arcanine|Flare Blitz|p2a: Goodra
|-damage|p2a: Goodra|0 fnt
|faint|p2a: Goodra
|
|upkeep
|
|t:|1778498871
|switch|p2a: Basculegion|Basculegion, M|100/100
|turn|13
|
|t:|1778498884
|switch|p1a: Great Tusk|Great Tusk|100/100
|move|p2a: Basculegion|Aqua Jet|p1a: Great Tusk
|-supereffective|p1a: Great Tusk
|-damage|p1a: Great Tusk|55/100
|-damage|p2a: Basculegion|84/100|[from] item: Rocky Helmet|[of] p1a: Great Tusk
|
|upkeep
|turn|14
|
|t:|1778498895
|switch|p2a: Kingdra|Kingdra, F|100/100
|move|p1a: Great Tusk|Headlong Rush|p2a: Kingdra
|-damage|p2a: Kingdra|18/100
|-unboost|p1a: Great Tusk|def|1
|-unboost|p1a: Great Tusk|spd|1
|
|upkeep
|turn|15
|
|t:|1778498899
|move|p1a: Great Tusk|Headlong Rush|p2a: Kingdra
|-crit|p2a: Kingdra
|-damage|p2a: Kingdra|0 fnt
|-unboost|p1a: Great Tusk|def|1
|-unboost|p1a: Great Tusk|spd|1
|faint|p2a: Kingdra
|
|upkeep
|
|t:|1778498908
|switch|p2a: Barraskewda|Barraskewda, F|100/100
|turn|16
|
|t:|1778498910
|move|p2a: Barraskewda|Poison Jab|p1a: Great Tusk
|-resisted|p1a: Great Tusk
|-damage|p1a: Great Tusk|22/100
|-damage|p2a: Barraskewda|84/100|[from] item: Rocky Helmet|[of] p1a: Great Tusk
|move|p1a: Great Tusk|Headlong Rush|p2a: Barraskewda
|-damage|p2a: Barraskewda|0 fnt
|-unboost|p1a: Great Tusk|def|1
|-unboost|p1a: Great Tusk|spd|1
|faint|p2a: Barraskewda
|
|upkeep
|
|t:|1778498914
|switch|p2a: Basculegion|Basculegion, M|84/100
|turn|17
|
|t:|1778498916
|move|p1a: Great Tusk|Headlong Rush|p2a: Basculegion
|-damage|p2a: Basculegion|0 fnt
|-unboost|p1a: Great Tusk|def|1
|-unboost|p1a: Great Tusk|spd|1
|faint|p2a: Basculegion
|
|win|great friend
|raw|great friend's rating: 1375 &rarr; <strong>1397</strong><br />(+22 for winning)
|raw|critical_32's rating: 1416 &rarr; <strong>1394</strong><br />(-22 for losing)
|l|☆great friend
|player|p1|
|l|☆critical_32
|player|p2|
