|html|<div class="broadcast-blue"><strong>[Gen 9] OU is currently suspecting Tera Blast! For information on how to participate check out the <a href="https://www.smogon.com/tools/suspects/view/200">suspect thread</a>.</strong></div>
|j|☆terrastaliize
|j|☆thebambi1234
|t:|1776106936
|gametype|singles
|player|p1|terrastaliize|parasollady-gen4|1720
|player|p2|thebambi1234|blackbelt-gen4dp|1633
|gen|9
|tier|[Gen 9] OU
|rated|
|rule|HP Percentage Mod: HP is shown in percentages
|rule|Endless Battle Clause: Forcing endless battles is banned
|rule|Species Clause: Limit one of each Pokémon
|rule|OHKO Clause: OHKO moves are banned
|rule|Evasion Items Clause: Evasion items are banned
|rule|Evasion Moves Clause: Evasion moves are banned
|rule|Evasion Abilities Clause: Evasion abilities are banned
|rule|Sleep Moves Clause: Sleep-inducing moves are banned
|clearpoke
|poke|p1|Deoxys-Speed|
|poke|p1|Glimmora, F|
|poke|p1|Zamazenta-*|
|poke|p1|Ceruledge, M|
|poke|p1|Ogerpon-Wellspring, F|
|poke|p1|Blastoise, M|
|poke|p2|Gliscor, M|
|poke|p2|Clefable, F|
|poke|p2|Dondozo, F|
|poke|p2|Corviknight, F|
|poke|p2|Blissey, F|
|poke|p2|Glimmora, F|
|teampreview
|inactive|Battle timer is ON: inactive players will automatically lose when time's up. (requested by thebambi1234)
|
|t:|1776106947
|teamsize|p1|6
|teamsize|p2|6
|start
|switch|p1a: Glimmora|Glimmora, F|100/100
|switch|p2a: Gliscor|Gliscor, M|100/100
|turn|1
|
|t:|1776106954
|switch|p1a: Ogerpon|Ogerpon-Wellspring, F|100/100
|move|p2a: Gliscor|Earthquake|p1a: Ogerpon
|-resisted|p1a: Ogerpon
|-damage|p1a: Ogerpon|81/100
|
|-status|p2a: Gliscor|tox|[from] item: Toxic Orb
|upkeep
|turn|2
|
|t:|1776106959
|move|p1a: Ogerpon|Horn Leech|p2a: Gliscor
|-crit|p2a: Gliscor
|-damage|p2a: Gliscor|62/100 tox
|-heal|p1a: Ogerpon|100/100|[from] drain|[of] p2a: Gliscor
|move|p2a: Gliscor|Toxic|p1a: Ogerpon
|-status|p1a: Ogerpon|tox
|
|-damage|p1a: Ogerpon|95/100 tox|[from] psn
|-heal|p2a: Gliscor|75/100 tox|[from] ability: Poison Heal
|upkeep
|turn|3
|
|t:|1776106983
|move|p2a: Gliscor|Protect|p2a: Gliscor
|-singleturn|p2a: Gliscor|Protect
|move|p1a: Ogerpon|Swords Dance|p1a: Ogerpon
|-boost|p1a: Ogerpon|atk|2
|
|-damage|p1a: Ogerpon|83/100 tox|[from] psn
|-heal|p2a: Gliscor|87/100 tox|[from] ability: Poison Heal
|upkeep
|turn|4
|
|t:|1776106986
|switch|p2a: Dondozo|Dondozo, F|100/100
|move|p1a: Ogerpon|Horn Leech|p2a: Dondozo
|-supereffective|p2a: Dondozo
|-damage|p2a: Dondozo|59/100
|-heal|p1a: Ogerpon|100/100 tox|[from] drain|[of] p2a: Dondozo
|
|-heal|p2a: Dondozo|65/100|[from] item: Leftovers
|-damage|p1a: Ogerpon|83/100 tox|[from] psn
|upkeep
|turn|5
|
|t:|1776106993
|switch|p1a: Glimmora|Glimmora, F|100/100
|move|p2a: Dondozo|Curse|p2a: Dondozo
|-unboost|p2a: Dondozo|spe|1
|-boost|p2a: Dondozo|atk|1
|-boost|p2a: Dondozo|def|1
|
|-heal|p2a: Dondozo|71/100|[from] item: Leftovers
|upkeep
|turn|6
|
|t:|1776106997
|switch|p2a: Corviknight|Corviknight, F|100/100
|-ability|p2a: Corviknight|Pressure
|move|p1a: Glimmora|Meteor Beam||[still]
|-prepare|p1a: Glimmora|Meteor Beam
|-boost|p1a: Glimmora|spa|1
|-enditem|p1a: Glimmora|Power Herb
|-anim|p1a: Glimmora|Meteor Beam|p2a: Corviknight
|-damage|p2a: Corviknight|11/100
|
|-heal|p2a: Corviknight|17/100|[from] item: Leftovers
|upkeep
|turn|7
|
|t:|1776107003
|switch|p2a: Blissey|Blissey, F|100/100
|move|p1a: Glimmora|Meteor Beam||[still]
|-prepare|p1a: Glimmora|Meteor Beam
|-boost|p1a: Glimmora|spa|1
|
|upkeep
|turn|8
|
|t:|1776107006
|move|p1a: Glimmora|Meteor Beam|p2a: Blissey|[from] lockedmove
|-damage|p2a: Blissey|64/100
|move|p2a: Blissey|Seismic Toss|p1a: Glimmora
|-damage|p1a: Glimmora|68/100
|-activate|p1a: Glimmora|ability: Toxic Debris
|-sidestart|p2: thebambi1234|move: Toxic Spikes
|
|-heal|p2a: Blissey|70/100|[from] item: Leftovers
|upkeep
|turn|9
|
|t:|1776107011
|move|p1a: Glimmora|Mortal Spin|p2a: Blissey
|-damage|p2a: Blissey|58/100
|-status|p2a: Blissey|psn
|move|p2a: Blissey|Seismic Toss|p1a: Glimmora
|-damage|p1a: Glimmora|35/100
|-activate|p1a: Glimmora|ability: Toxic Debris
|-sidestart|p2: thebambi1234|move: Toxic Spikes
|
|-heal|p2a: Blissey|65/100 psn|[from] item: Leftovers
|-damage|p2a: Blissey|52/100 psn|[from] psn
|upkeep
|turn|10
|
|t:|1776107014
|move|p1a: Glimmora|Stealth Rock|p2a: Blissey
|-sidestart|p2: thebambi1234|move: Stealth Rock
|move|p2a: Blissey|Soft-Boiled|p2a: Blissey
|-heal|p2a: Blissey|100/100 psn
|
|-damage|p2a: Blissey|88/100 psn|[from] psn
|upkeep
|turn|11
|
|t:|1776107022
|switch|p1a: Ceruledge|Ceruledge, M|100/100
|move|p2a: Blissey|Seismic Toss|p1a: Ceruledge
|-immune|p1a: Ceruledge
|
|-heal|p2a: Blissey|94/100 psn|[from] item: Leftovers
|-damage|p2a: Blissey|82/100 psn|[from] psn
|upkeep
|turn|12
|
|t:|1776107025
|-curestatus|p2a: Blissey|psn|[from] ability: Natural Cure
|switch|p2a: Glimmora|Glimmora, F|100/100
|-sideend|p2: thebambi1234|move: Toxic Spikes|[of] p2a: Glimmora
|-damage|p2a: Glimmora|88/100|[from] Stealth Rock
|move|p1a: Ceruledge|Poltergeist|p2a: Glimmora
|-activate|p2a: Glimmora|move: Poltergeist|Leftovers
|-damage|p2a: Glimmora|27/100
|-damage|p1a: Ceruledge|91/100|[from] item: Life Orb
|
|-heal|p2a: Glimmora|33/100|[from] item: Leftovers
|upkeep
|turn|13
|
|t:|1776107033
|move|p2a: Glimmora|Spiky Shield|p2a: Glimmora
|-singleturn|p2a: Glimmora|move: Protect
|move|p1a: Ceruledge|Poltergeist|p2a: Glimmora
|-activate|p2a: Glimmora|move: Protect
|
|-heal|p2a: Glimmora|39/100|[from] item: Leftovers
|upkeep
|turn|14
|
|t:|1776107045
|switch|p1a: Ogerpon|Ogerpon-Wellspring, F|83/100 tox
|switch|p2a: Dondozo|Dondozo, F|71/100
|-damage|p2a: Dondozo|59/100|[from] Stealth Rock
|
|-heal|p2a: Dondozo|65/100|[from] item: Leftovers
|-damage|p1a: Ogerpon|77/100 tox|[from] psn
|upkeep
|turn|15
|
|t:|1776107049
|move|p1a: Ogerpon|Horn Leech|p2a: Dondozo
|-supereffective|p2a: Dondozo
|-damage|p2a: Dondozo|26/100
|-heal|p1a: Ogerpon|100/100 tox|[from] drain|[of] p2a: Dondozo
|move|p2a: Dondozo|Rest|p2a: Dondozo
|-status|p2a: Dondozo|slp|[from] move: Rest
|-heal|p2a: Dondozo|100/100 slp|[silent]
|
|-damage|p1a: Ogerpon|89/100 tox|[from] psn
|upkeep
|turn|16
|
|t:|1776107060
|switch|p1a: Blastoise|Blastoise, M|100/100
|-terastallize|p2a: Dondozo|Dragon
|cant|p2a: Dondozo|slp
|move|p2a: Dondozo|Sleep Talk|p2a: Dondozo
|move|p2a: Dondozo|Rest||[from] move: Sleep Talk|[still]
|-fail|p2a: Dondozo
|
|upkeep
|turn|17
|
|t:|1776107063
|move|p1a: Blastoise|Shell Smash|p1a: Blastoise
|-unboost|p1a: Blastoise|def|1
|-unboost|p1a: Blastoise|spd|1
|-boost|p1a: Blastoise|atk|2
|-boost|p1a: Blastoise|spa|2
|-boost|p1a: Blastoise|spe|2
|-enditem|p1a: Blastoise|White Herb
|-clearnegativeboost|p1a: Blastoise|[silent]
|cant|p2a: Dondozo|slp
|move|p2a: Dondozo|Sleep Talk|p2a: Dondozo
|move|p2a: Dondozo|Curse|p2a: Dondozo|[from] move: Sleep Talk
|-unboost|p2a: Dondozo|spe|1
|-boost|p2a: Dondozo|atk|1
|-boost|p2a: Dondozo|def|1
|
|upkeep
|turn|18
|
|t:|1776107067
|move|p1a: Blastoise|Dragon Pulse|p2a: Dondozo
|-supereffective|p2a: Dondozo
|-damage|p2a: Dondozo|52/100 slp
|-curestatus|p2a: Dondozo|slp|[msg]
|move|p2a: Dondozo|Curse|p2a: Dondozo
|-unboost|p2a: Dondozo|spe|1
|-boost|p2a: Dondozo|atk|1
|-boost|p2a: Dondozo|def|1
|
|-heal|p2a: Dondozo|58/100|[from] item: Leftovers
|upkeep
|turn|19
|
|t:|1776107070
|move|p1a: Blastoise|Dragon Pulse|p2a: Dondozo
|-supereffective|p2a: Dondozo
|-damage|p2a: Dondozo|9/100
|move|p2a: Dondozo|Body Press|p1a: Blastoise
|-damage|p1a: Blastoise|26/100
|
|-heal|p2a: Dondozo|15/100|[from] item: Leftovers
|upkeep
|turn|20
|
|t:|1776107074
|switch|p2a: Clefable|Clefable, F|100/100
|-damage|p2a: Clefable|88/100|[from] Stealth Rock
|move|p1a: Blastoise|Dragon Pulse|p2a: Clefable
|-immune|p2a: Clefable
|
|upkeep
|turn|21
|
|t:|1776107078
|-terastallize|p1a: Blastoise|Water
|move|p1a: Blastoise|Hydro Pump|p2a: Clefable
|-damage|p2a: Clefable|29/100
|move|p2a: Clefable|Moonblast|p1a: Blastoise
|-damage|p1a: Blastoise|0 fnt
|faint|p1a: Blastoise
|
|upkeep
|
|t:|1776107086
|switch|p1a: Ceruledge|Ceruledge, M|91/100
|turn|22
|
|t:|1776107092
|move|p2a: Clefable|Moonblast|p1a: Ceruledge
|-resisted|p1a: Ceruledge
|-damage|p1a: Ceruledge|75/100
|move|p1a: Ceruledge|Bitter Blade|p2a: Clefable
|-damage|p2a: Clefable|0 fnt
|-heal|p1a: Ceruledge|92/100|[from] drain|[of] p2a: Clefable
|faint|p2a: Clefable
|-damage|p1a: Ceruledge|82/100|[from] item: Life Orb
|
|upkeep
|
|t:|1776107094
|switch|p2a: Gliscor|Gliscor, M|87/100 tox
|-damage|p2a: Gliscor|75/100 tox|[from] Stealth Rock
|turn|23
|
|t:|1776107100
|switch|p1a: Ogerpon|Ogerpon-Wellspring, F|89/100 tox
|move|p2a: Gliscor|Earthquake|p1a: Ogerpon
|-resisted|p1a: Ogerpon
|-damage|p1a: Ogerpon|67/100 tox
|
|-damage|p1a: Ogerpon|61/100 tox|[from] psn
|-heal|p2a: Gliscor|87/100 tox|[from] ability: Poison Heal
|upkeep
|turn|24
|
|t:|1776107102
|move|p2a: Gliscor|Protect|p2a: Gliscor
|-singleturn|p2a: Gliscor|Protect
|move|p1a: Ogerpon|Swords Dance|p1a: Ogerpon
|-boost|p1a: Ogerpon|atk|2
|
|-damage|p1a: Ogerpon|49/100 tox|[from] psn
|-heal|p2a: Gliscor|99/100 tox|[from] ability: Poison Heal
|upkeep
|turn|25
|
|t:|1776107106
|switch|p2a: Dondozo|Dondozo, F, tera:Dragon|15/100
|-damage|p2a: Dondozo|3/100|[from] Stealth Rock
|move|p1a: Ogerpon|Ivy Cudgel|p2a: Dondozo|[anim] Ivy Cudgel Water
|-resisted|p2a: Dondozo
|-damage|p2a: Dondozo|0 fnt
|faint|p2a: Dondozo
|
|-damage|p1a: Ogerpon|31/100 tox|[from] psn
|upkeep
|
|t:|1776107109
|switch|p2a: Gliscor|Gliscor, M|99/100 tox
|-damage|p2a: Gliscor|87/100 tox|[from] Stealth Rock
|turn|26
|
|t:|1776107138
|switch|p1a: Deoxys|Deoxys-Speed|100/100
|-ability|p1a: Deoxys|Pressure
|move|p2a: Gliscor|Protect||[still]
|-fail|p2a: Gliscor
|
|-heal|p2a: Gliscor|99/100 tox|[from] ability: Poison Heal
|upkeep
|turn|27
|
|t:|1776107141
|move|p1a: Deoxys|Taunt|p2a: Gliscor
|-start|p2a: Gliscor|move: Taunt
|move|p2a: Gliscor|Knock Off|p1a: Deoxys
|-supereffective|p1a: Deoxys
|-damage|p1a: Deoxys|49/100
|-enditem|p1a: Deoxys|Light Clay|[from] move: Knock Off|[of] p2a: Gliscor
|
|-heal|p2a: Gliscor|100/100 tox|[from] ability: Poison Heal
|upkeep
|turn|28
|
|t:|1776107160
|switch|p1a: Zamazenta|Zamazenta|100/100
|-ability|p1a: Zamazenta|Dauntless Shield|boost
|-boost|p1a: Zamazenta|def|1
|move|p2a: Gliscor|Earthquake|p1a: Zamazenta
|-damage|p1a: Zamazenta|83/100
|
|-heal|p1a: Zamazenta|89/100|[from] item: Leftovers
|upkeep
|turn|29
|j| gfitzy
|
|t:|1776107166
|move|p2a: Gliscor|Knock Off|p1a: Zamazenta
|-resisted|p1a: Zamazenta
|-damage|p1a: Zamazenta|83/100
|-enditem|p1a: Zamazenta|Leftovers|[from] move: Knock Off|[of] p2a: Gliscor
|move|p1a: Zamazenta|Roar|p2a: Gliscor
|drag|p2a: Blissey|Blissey, F|82/100
|-damage|p2a: Blissey|69/100|[from] Stealth Rock
|
|-heal|p2a: Blissey|75/100|[from] item: Leftovers
|upkeep
|turn|30
|
|t:|1776107172
|switch|p2a: Gliscor|Gliscor, M|100/100 tox
|-damage|p2a: Gliscor|88/100 tox|[from] Stealth Rock
|move|p1a: Zamazenta|Iron Defense|p1a: Zamazenta
|-boost|p1a: Zamazenta|def|2
|
|-heal|p2a: Gliscor|100/100 tox|[from] ability: Poison Heal
|upkeep
|turn|31
|
|t:|1776107180
|move|p1a: Zamazenta|Body Press|p2a: Gliscor
|-resisted|p2a: Gliscor
|-damage|p2a: Gliscor|69/100 tox
|move|p2a: Gliscor|Toxic|p1a: Zamazenta
|-status|p1a: Zamazenta|tox
|
|-damage|p1a: Zamazenta|77/100 tox|[from] psn
|-heal|p2a: Gliscor|82/100 tox|[from] ability: Poison Heal
|upkeep
|turn|32
|
|t:|1776107187
|move|p2a: Gliscor|Protect|p2a: Gliscor
|-singleturn|p2a: Gliscor|Protect
|move|p1a: Zamazenta|Body Press|p2a: Gliscor
|-activate|p2a: Gliscor|move: Protect
|
|-damage|p1a: Zamazenta|65/100 tox|[from] psn
|-heal|p2a: Gliscor|94/100 tox|[from] ability: Poison Heal
|upkeep
|turn|33
|
|t:|1776107190
|move|p1a: Zamazenta|Body Press|p2a: Gliscor
|-resisted|p2a: Gliscor
|-damage|p2a: Gliscor|66/100 tox
|move|p2a: Gliscor|Earthquake|p1a: Zamazenta
|-damage|p1a: Zamazenta|53/100 tox
|
|-damage|p1a: Zamazenta|35/100 tox|[from] psn
|-heal|p2a: Gliscor|78/100 tox|[from] ability: Poison Heal
|upkeep
|turn|34
|
|t:|1776107194
|move|p2a: Gliscor|Protect|p2a: Gliscor
|-singleturn|p2a: Gliscor|Protect
|move|p1a: Zamazenta|Roar|p2a: Gliscor
|drag|p2a: Blissey|Blissey, F|75/100
|-damage|p2a: Blissey|63/100|[from] Stealth Rock
|
|-heal|p2a: Blissey|69/100|[from] item: Leftovers
|-damage|p1a: Zamazenta|10/100 tox|[from] psn
|upkeep
|turn|35
|
|t:|1776107198
|switch|p2a: Corviknight|Corviknight, F|17/100
|-damage|p2a: Corviknight|5/100|[from] Stealth Rock
|-ability|p2a: Corviknight|Pressure
|move|p1a: Zamazenta|Body Press|p2a: Corviknight
|-damage|p2a: Corviknight|0 fnt
|faint|p2a: Corviknight
|
|-damage|p1a: Zamazenta|0 fnt|[from] psn
|faint|p1a: Zamazenta
|upkeep
|j| Too Many Caps
|
|t:|1776107206
|switch|p1a: Ogerpon|Ogerpon-Wellspring, F|31/100 tox
|switch|p2a: Glimmora|Glimmora, F|39/100
|-damage|p2a: Glimmora|27/100|[from] Stealth Rock
|turn|36
|
|t:|1776107210
|move|p1a: Ogerpon|Horn Leech|p2a: Glimmora
|-damage|p2a: Glimmora|0 fnt
|-heal|p1a: Ogerpon|47/100 tox|[from] drain|[of] p2a: Glimmora
|faint|p2a: Glimmora
|
|-damage|p1a: Ogerpon|41/100 tox|[from] psn
|upkeep
|
|t:|1776107212
|switch|p2a: Gliscor|Gliscor, M|78/100 tox
|-damage|p2a: Gliscor|66/100 tox|[from] Stealth Rock
|turn|37
|
|t:|1776107218
|move|p1a: Ogerpon|Horn Leech|p2a: Gliscor
|-damage|p2a: Gliscor|39/100 tox
|-heal|p1a: Ogerpon|57/100 tox|[from] drain|[of] p2a: Gliscor
|move|p2a: Gliscor|Earthquake|p1a: Ogerpon
|-resisted|p1a: Ogerpon
|-damage|p1a: Ogerpon|37/100 tox
|
|-damage|p1a: Ogerpon|25/100 tox|[from] psn
|-heal|p2a: Gliscor|51/100 tox|[from] ability: Poison Heal
|upkeep
|turn|38
|
|t:|1776107226
|move|p2a: Gliscor|Protect|p2a: Gliscor
|-singleturn|p2a: Gliscor|Protect
|move|p1a: Ogerpon|Swords Dance|p1a: Ogerpon
|-boost|p1a: Ogerpon|atk|2
|
|-damage|p1a: Ogerpon|7/100 tox|[from] psn
|-heal|p2a: Gliscor|64/100 tox|[from] ability: Poison Heal
|upkeep
|turn|39
|
|t:|1776107234
|move|p2a: Gliscor|Protect||[still]
|-fail|p2a: Gliscor
|move|p1a: Ogerpon|Horn Leech|p2a: Gliscor
|-damage|p2a: Gliscor|5/100 tox
|-heal|p1a: Ogerpon|42/100 tox|[from] drain|[of] p2a: Gliscor
|
|-damage|p1a: Ogerpon|18/100 tox|[from] psn
|-heal|p2a: Gliscor|17/100 tox|[from] ability: Poison Heal
|upkeep
|turn|40
|
|t:|1776107243
|switch|p1a: Deoxys|Deoxys-Speed|49/100
|-ability|p1a: Deoxys|Pressure
|move|p2a: Gliscor|Protect||[still]
|-fail|p2a: Gliscor
|
|-heal|p2a: Gliscor|30/100 tox|[from] ability: Poison Heal
|upkeep
|turn|41
|j| PepBaldFraud
|
|t:|1776107249
|move|p2a: Gliscor|Protect|p2a: Gliscor
|-singleturn|p2a: Gliscor|Protect
|move|p1a: Deoxys|Psycho Boost|p2a: Gliscor
|-activate|p2a: Gliscor|move: Protect
|
|-heal|p2a: Gliscor|42/100 tox|[from] ability: Poison Heal
|upkeep
|turn|42
|
|t:|1776107251
|switch|p2a: Blissey|Blissey, F|69/100
|-damage|p2a: Blissey|57/100|[from] Stealth Rock
|move|p1a: Deoxys|Psycho Boost|p2a: Blissey
|-damage|p2a: Blissey|43/100
|-unboost|p1a: Deoxys|spa|2
|
|-heal|p2a: Blissey|50/100|[from] item: Leftovers
|upkeep
|turn|43
|l| gfitzy
|
|t:|1776107258
|switch|p1a: Ceruledge|Ceruledge, M|82/100
|switch|p2a: Gliscor|Gliscor, M|42/100 tox
|-damage|p2a: Gliscor|30/100 tox|[from] Stealth Rock
|
|-heal|p2a: Gliscor|42/100 tox|[from] ability: Poison Heal
|upkeep
|turn|44
|
|t:|1776107262
|move|p2a: Gliscor|Protect|p2a: Gliscor
|-singleturn|p2a: Gliscor|Protect
|move|p1a: Ceruledge|Poltergeist|p2a: Gliscor
|-activate|p2a: Gliscor|move: Protect
|
|-heal|p2a: Gliscor|55/100 tox|[from] ability: Poison Heal
|upkeep
|turn|45
|
|t:|1776107266
|move|p2a: Gliscor|Earthquake|p1a: Ceruledge
|-supereffective|p1a: Ceruledge
|-damage|p1a: Ceruledge|4/100
|-ability|p1a: Ceruledge|Weak Armor|boost
|-unboost|p1a: Ceruledge|def|1
|-boost|p1a: Ceruledge|spe|2
|move|p1a: Ceruledge|Poltergeist|p2a: Gliscor
|-activate|p2a: Gliscor|move: Poltergeist|Toxic Orb
|-damage|p2a: Gliscor|4/100 tox
|-damage|p1a: Ceruledge|0 fnt|[from] item: Life Orb
|faint|p1a: Ceruledge
|
|-heal|p2a: Gliscor|17/100 tox|[from] ability: Poison Heal
|upkeep
|
|t:|1776107274
|switch|p1a: Ogerpon|Ogerpon-Wellspring, F|18/100 tox
|turn|46
|
|t:|1776107281
|move|p1a: Ogerpon|Ivy Cudgel|p2a: Gliscor|[anim] Ivy Cudgel Water
|-supereffective|p2a: Gliscor
|-damage|p2a: Gliscor|0 fnt
|faint|p2a: Gliscor
|
|-damage|p1a: Ogerpon|12/100 tox|[from] psn
|upkeep
|-message|thebambi1234 forfeited.
|
|win|terrastaliize
|raw|terrastaliize's rating: 1709 &rarr; <strong>1725</strong><br />(+16 for winning)
|raw|thebambi1234's rating: 1633 &rarr; <strong>1617</strong><br />(-16 for losing)
|l|☆thebambi1234
|player|p2|
|c| PepBaldFraud|goat
|c| PepBaldFraud|common stall L
|c|☆terrastaliize|yes
|c|☆terrastaliize|f stall
|l| PepBaldFraud
|l|☆terrastaliize
|player|p1|
