|html|<div class="broadcast-blue"><strong>[Gen 9] OU is currently suspecting Volcarona! For information on how to participate check out the <a href="https://www.smogon.com/tools/suspects/view/208">suspect thread</a>.</strong></div>
|j|☆gulp1
|j|☆Broutito
|t:|1778499009
|gametype|singles
|player|p1|gulp1|2|1219
|player|p2|Broutito|blaine|1285
|gen|9
|tier|[Gen 9] OU
|rated|
|rule|HP Percentage Mod: HP is shown in percentages
|rule|Endless Battle Clause: Forcing endless battles is banned
|rule|Species Clause: Limit one of each Pokémon
|rule|OHKO Clause: OHKO moves are banned
|rule|Evasion Items Clause: Evasion items are banned
|rule|Evasion Moves Clause: Evasion moves are banned
|rule|Evasion Abilities Clause: Evasion abilities are banned
|rule|Sleep Moves Clause: Sleep-inducing moves are banned
|clearpoke
|poke|p1|Glimmora, F|
|poke|p1|Bronzong|
|poke|p1|Ceruledge, F|
|poke|p1|Clefable, M|
|poke|p1|Lapras, F|
|poke|p1|Pawmot, M|
|poke|p2|Snorlax, F|
|poke|p2|Comfey, M|
|poke|p2|Dragapult, F|
|poke|p2|Great Tusk|
|poke|p2|Zarude|
|poke|p2|Goodra-Hisui, F|
|teampreview
|inactive|Battle timer is ON: inactive players will automatically lose when time's up. (requested by Broutito)
|
|t:|1778499019
|teamsize|p1|6
|teamsize|p2|6
|start
|switch|p1a: Bronzong|Bronzong, shiny|100/100
|switch|p2a: Bagheraj|Goodra-Hisui, F|100/100
|turn|1
|
|t:|1778499025
|move|p2a: Bagheraj|Flamethrower|p1a: Bronzong
|-supereffective|p1a: Bronzong
|-damage|p1a: Bronzong|52/100
|move|p1a: Bronzong|Trick|p2a: Bagheraj
|-activate|p1a: Bronzong|move: Trick|[of] p2a: Bagheraj
|-item|p2a: Bagheraj|Sticky Barb|[from] move: Trick
|-item|p1a: Bronzong|Assault Vest|[from] move: Trick
|
|-damage|p2a: Bagheraj|88/100|[from] item: Sticky Barb
|upkeep
|turn|2
|
|t:|1778499038
|switch|p1a: Lapras|Lapras, F, shiny|100/100
|move|p2a: Bagheraj|Flash Cannon|p1a: Lapras
|-damage|p1a: Lapras|71/100
|
|-heal|p1a: Lapras|77/100|[from] item: Leftovers
|-damage|p2a: Bagheraj|76/100|[from] item: Sticky Barb
|upkeep
|turn|3
|
|t:|1778499052
|switch|p2a: Broutito|Snorlax, F|100/100
|move|p1a: Lapras|Reflect|p1a: Lapras
|-sidestart|p1: gulp1|Reflect
|
|-heal|p1a: Lapras|83/100|[from] item: Leftovers
|upkeep
|turn|4
|
|t:|1778499060
|move|p1a: Lapras|Perish Song|p1a: Lapras
|-start|p1a: Lapras|perish3|[silent]
|-start|p2a: Broutito|perish3|[silent]
|-fieldactivate|move: Perish Song
|move|p2a: Broutito|Double-Edge|p1a: Lapras
|-damage|p1a: Lapras|62/100
|-damage|p2a: Broutito|95/100|[from] Recoil
|
|-heal|p1a: Lapras|68/100|[from] item: Leftovers
|-start|p1a: Lapras|perish3
|-start|p2a: Broutito|perish3
|upkeep
|turn|5
|
|t:|1778499072
|switch|p1a: Glimmora|Glimmora, F, shiny|100/100
|move|p2a: Broutito|Double-Edge|p1a: Glimmora
|-resisted|p1a: Glimmora
|-damage|p1a: Glimmora|84/100
|-activate|p1a: Glimmora|ability: Toxic Debris
|-sidestart|p2: Broutito|move: Toxic Spikes
|-damage|p2a: Broutito|92/100|[from] Recoil
|
|-start|p2a: Broutito|perish2
|upkeep
|turn|6
|
|t:|1778499085
|switch|p2a: Bagheraj|Goodra-Hisui, F|76/100
|move|p1a: Glimmora|Spikes|p2a: Bagheraj
|-sidestart|p2: Broutito|Spikes
|
|-damage|p2a: Bagheraj|64/100|[from] item: Sticky Barb
|upkeep
|turn|7
|
|t:|1778499095
|move|p1a: Glimmora|Light Screen|p1a: Glimmora
|-sidestart|p1: gulp1|move: Light Screen
|move|p2a: Bagheraj|Surf|p1a: Glimmora
|-supereffective|p1a: Glimmora
|-damage|p1a: Glimmora|49/100
|
|-sideend|p1: gulp1|Reflect
|-damage|p2a: Bagheraj|51/100|[from] item: Sticky Barb
|upkeep
|turn|8
|
|t:|1778499103
|move|p1a: Glimmora|Spikes|p2a: Bagheraj
|-sidestart|p2: Broutito|Spikes
|move|p2a: Bagheraj|Flash Cannon|p1a: Glimmora
|-supereffective|p1a: Glimmora
|-damage|p1a: Glimmora|6/100
|
|-damage|p2a: Bagheraj|39/100|[from] item: Sticky Barb
|upkeep
|turn|9
|
|t:|1778499111
|switch|p2a: Yhwachie|Great Tusk|100/100
|-status|p2a: Yhwachie|psn
|-damage|p2a: Yhwachie|84/100 psn|[from] Spikes
|move|p1a: Glimmora|Spikes|p2a: Yhwachie
|-sidestart|p2: Broutito|Spikes
|
|-damage|p2a: Yhwachie|71/100 psn|[from] psn
|upkeep
|turn|10
|
|t:|1778499125
|switch|p1a: Bronzong|Bronzong, shiny|52/100
|move|p2a: Yhwachie|Knock Off|p1a: Bronzong
|-supereffective|p1a: Bronzong
|-damage|p1a: Bronzong|11/100
|-enditem|p1a: Bronzong|Assault Vest|[from] move: Knock Off|[of] p2a: Yhwachie
|
|-damage|p2a: Yhwachie|59/100 psn|[from] psn
|upkeep
|turn|11
|
|t:|1778499137
|move|p2a: Yhwachie|Rapid Spin|p1a: Bronzong
|-resisted|p1a: Bronzong
|-damage|p1a: Bronzong|5/100
|-boost|p2a: Yhwachie|spe|1
|-sideend|p2: Broutito|Spikes|[from] move: Rapid Spin|[of] p2a: Yhwachie
|-sideend|p2: Broutito|Toxic Spikes|[from] move: Rapid Spin|[of] p2a: Yhwachie
|move|p1a: Bronzong|Stealth Rock|p2a: Yhwachie
|-sidestart|p2: Broutito|move: Stealth Rock
|
|-damage|p2a: Yhwachie|47/100 psn|[from] psn
|-sideend|p1: gulp1|move: Light Screen
|upkeep
|turn|12
|
|t:|1778499146
|switch|p1a: Clefable|Clefable, M, shiny|100/100
|move|p2a: Yhwachie|Knock Off|p1a: Clefable
|-resisted|p1a: Clefable
|-damage|p1a: Clefable|89/100
|-damage|p2a: Yhwachie|30/100 psn|[from] item: Rocky Helmet|[of] p1a: Clefable
|-enditem|p1a: Clefable|Rocky Helmet|[from] move: Knock Off|[of] p2a: Yhwachie
|
|-damage|p2a: Yhwachie|18/100 psn|[from] psn
|upkeep
|turn|13
|
|t:|1778499158
|-end|p2a: Yhwachie|Protosynthesis|[silent]
|switch|p2a: Broutito|Snorlax, F|92/100
|-damage|p2a: Broutito|80/100|[from] Stealth Rock
|move|p1a: Clefable|Calm Mind|p1a: Clefable
|-boost|p1a: Clefable|spa|1
|-boost|p1a: Clefable|spd|1
|
|upkeep
|turn|14
|
|t:|1778499168
|move|p1a: Clefable|Calm Mind|p1a: Clefable
|-boost|p1a: Clefable|spa|1
|-boost|p1a: Clefable|spd|1
|move|p2a: Broutito|Double-Edge|p1a: Clefable
|-damage|p1a: Clefable|46/100
|-damage|p2a: Broutito|69/100|[from] Recoil
|
|upkeep
|turn|15
|
|t:|1778499176
|move|p1a: Clefable|Moonlight|p1a: Clefable
|-heal|p1a: Clefable|96/100
|move|p2a: Broutito|Double-Edge|p1a: Clefable
|-damage|p1a: Clefable|48/100
|-damage|p2a: Broutito|57/100|[from] Recoil
|
|upkeep
|turn|16
|
|t:|1778499184
|move|p1a: Clefable|Moonlight|p1a: Clefable
|-heal|p1a: Clefable|98/100
|move|p2a: Broutito|Double-Edge|p1a: Clefable
|-damage|p1a: Clefable|52/100
|-damage|p2a: Broutito|46/100|[from] Recoil
|
|upkeep
|turn|17
|-enditem|p2a: Broutito|Custap Berry|[eat]
|-activate|p2a: Broutito|item: Custap Berry|[consumed]
|
|t:|1778499194
|move|p2a: Broutito|Double-Edge|p1a: Clefable
|-damage|p1a: Clefable|7/100
|-damage|p2a: Broutito|34/100|[from] Recoil
|move|p1a: Clefable|Moonblast|p2a: Broutito
|-damage|p2a: Broutito|0 fnt
|faint|p2a: Broutito
|
|upkeep
|
|t:|1778499206
|switch|p2a: Rinini|Dragapult, F|100/100
|-damage|p2a: Rinini|88/100|[from] Stealth Rock
|turn|18
|
|t:|1778499219
|move|p2a: Rinini|Shadow Ball|p1a: Clefable
|-damage|p1a: Clefable|0 fnt
|faint|p1a: Clefable
|
|upkeep
|
|t:|1778499224
|switch|p1a: Glimmora|Glimmora, F, shiny|6/100
|turn|19
|
|t:|1778499234
|-terastallize|p1a: Glimmora|Normal
|move|p2a: Rinini|Shadow Ball|p1a: Glimmora
|-immune|p1a: Glimmora
|move|p1a: Glimmora|Flash Cannon|p2a: Rinini
|-damage|p2a: Rinini|50/100
|
|upkeep
|turn|20
|
|t:|1778499249
|switch|p2a: Bagheraj|Goodra-Hisui, F|39/100
|-damage|p2a: Bagheraj|33/100|[from] Stealth Rock
|move|p1a: Glimmora|Spikes|p2a: Bagheraj
|-sidestart|p2: Broutito|Spikes
|
|-damage|p2a: Bagheraj|21/100|[from] item: Sticky Barb
|upkeep
|turn|21
|
|t:|1778499268
|move|p1a: Glimmora|Light Screen|p1a: Glimmora
|-sidestart|p1: gulp1|move: Light Screen
|move|p2a: Bagheraj|Surf|p1a: Glimmora
|-damage|p1a: Glimmora|0 fnt
|faint|p1a: Glimmora
|
|-damage|p2a: Bagheraj|8/100|[from] item: Sticky Barb
|upkeep
|
|t:|1778499274
|switch|p1a: Pawmot|Pawmot, M, shiny|100/100
|turn|22
|
|t:|1778499284
|move|p1a: Pawmot|Revival Blessing|p1a: Pawmot
|-enditem|p1a: Pawmot|Leppa Berry|[eat]
|-activate|p1a: Pawmot|item: Leppa Berry|Revival Blessing|[consumed]
|
|t:|1778499288
|-heal|p1: Clefable|50/100|[from] move: Revival Blessing
|move|p2a: Bagheraj|Draco Meteor|p1a: Pawmot
|-damage|p1a: Pawmot|51/100
|-unboost|p2a: Bagheraj|spa|2
|
|-damage|p2a: Bagheraj|0 fnt|[from] item: Sticky Barb
|faint|p2a: Bagheraj
|upkeep
|
|t:|1778499296
|switch|p2a: Yhwachie|Great Tusk|18/100 psn
|-damage|p2a: Yhwachie|15/100 psn|[from] Stealth Rock
|-damage|p2a: Yhwachie|2/100 psn|[from] Spikes
|turn|23
|
|t:|1778499307
|move|p1a: Pawmot|Revival Blessing|p1a: Pawmot
|
|t:|1778499309
|-heal|p1: Glimmora|50/100|[from] move: Revival Blessing
|move|p2a: Yhwachie|Rapid Spin|p1a: Pawmot
|-damage|p1a: Pawmot|27/100
|-boost|p2a: Yhwachie|spe|1
|-sideend|p2: Broutito|Spikes|[from] move: Rapid Spin|[of] p2a: Yhwachie
|-sideend|p2: Broutito|Stealth Rock|[from] move: Rapid Spin|[of] p2a: Yhwachie
|
|-damage|p2a: Yhwachie|0 fnt|[from] psn
|faint|p2a: Yhwachie
|-end|p2a: Yhwachie|Protosynthesis|[silent]
|upkeep
|
|t:|1778499323
|switch|p2a: Rinini|Dragapult, F|50/100
|turn|24
|
|t:|1778499334
|move|p2a: Rinini|Shadow Ball|p1a: Pawmot
|-damage|p1a: Pawmot|0 fnt
|faint|p1a: Pawmot
|
|upkeep
|
|t:|1778499338
|switch|p1a: Clefable|Clefable, M, shiny|50/100
|turn|25
|
|t:|1778499342
|-terastallize|p2a: Rinini|Ghost
|move|p2a: Rinini|Shadow Ball|p1a: Clefable
|-damage|p1a: Clefable|16/100
|move|p1a: Clefable|Moonlight|p1a: Clefable
|-heal|p1a: Clefable|66/100
|
|-sideend|p1: gulp1|move: Light Screen
|upkeep
|turn|26
|
|t:|1778499354
|move|p2a: Rinini|Shadow Ball|p1a: Clefable
|-damage|p1a: Clefable|0 fnt
|faint|p1a: Clefable
|
|upkeep
|
|t:|1778499360
|switch|p1a: Ceruledge|Ceruledge, F|100/100
|turn|27
|
|t:|1778499365
|switch|p2a: Rosita|Comfey, M, shiny|100/100
|move|p1a: Ceruledge|Shadow Sneak|p2a: Rosita
|-damage|p2a: Rosita|71/100
|
|upkeep
|turn|28
|
|t:|1778499373
|move|p2a: Rosita|Draining Kiss|p1a: Ceruledge
|-resisted|p1a: Ceruledge
|-damage|p1a: Ceruledge|88/100
|-heal|p2a: Rosita|85/100|[from] drain|[of] p1a: Ceruledge
|-damage|p2a: Rosita|69/100|[from] item: Rocky Helmet|[of] p1a: Ceruledge
|move|p1a: Ceruledge|Bitter Blade|p2a: Rosita
|-damage|p2a: Rosita|0 fnt
|-heal|p1a: Ceruledge|100/100|[from] drain|[of] p2a: Rosita
|faint|p2a: Rosita
|
|upkeep
|
|t:|1778499380
|switch|p2a: Zarude|Zarude|100/100
|turn|29
|
|t:|1778499392
|switch|p1a: Glimmora|Glimmora, F, shiny|50/100
|move|p2a: Zarude|Trailblaze|p1a: Glimmora
|-damage|p1a: Glimmora|27/100
|-boost|p2a: Zarude|spe|1
|-activate|p1a: Glimmora|ability: Toxic Debris
|-sidestart|p2: Broutito|move: Toxic Spikes
|
|upkeep
|turn|30
|
|t:|1778499402
|move|p2a: Zarude|Knock Off|p1a: Glimmora
|-damage|p1a: Glimmora|0 fnt
|-activate|p1a: Glimmora|ability: Toxic Debris
|-sidestart|p2: Broutito|move: Toxic Spikes
|-enditem|p1a: Glimmora|Focus Sash|[from] move: Knock Off|[of] p2a: Zarude
|faint|p1a: Glimmora
|
|upkeep
|
|t:|1778499426
|switch|p1a: Lapras|Lapras, F, shiny|68/100
|turn|31
|
|t:|1778499433
|move|p2a: Zarude|Swords Dance|p2a: Zarude
|-boost|p2a: Zarude|atk|2
|move|p1a: Lapras|Freeze-Dry|p2a: Zarude
|-supereffective|p2a: Zarude
|-damage|p2a: Zarude|54/100
|-status|p2a: Zarude|frz
|
|-heal|p2a: Zarude|60/100 frz|[from] item: Leftovers
|-heal|p1a: Lapras|75/100|[from] item: Leftovers
|upkeep
|turn|32
|
|t:|1778499442
|cant|p2a: Zarude|frz
|move|p1a: Lapras|Freeze-Dry|p2a: Zarude
|-supereffective|p2a: Zarude
|-damage|p2a: Zarude|15/100 frz
|
|-heal|p2a: Zarude|21/100 frz|[from] item: Leftovers
|-heal|p1a: Lapras|81/100|[from] item: Leftovers
|upkeep
|turn|33
|
|t:|1778499448
|cant|p2a: Zarude|frz
|move|p1a: Lapras|Freeze-Dry|p2a: Zarude
|-supereffective|p2a: Zarude
|-damage|p2a: Zarude|0 fnt
|faint|p2a: Zarude
|
|-heal|p1a: Lapras|87/100|[from] item: Leftovers
|upkeep
|-message|Broutito forfeited.
|
|win|gulp1
|raw|gulp1's rating: 1219 &rarr; <strong>1249</strong><br />(+30 for winning)
|raw|Broutito's rating: 1285 &rarr; <strong>1255</strong><br />(-30 for losing)
|l|☆Broutito
|player|p2|
|l|☆gulp1
|player|p1|
