|html|<div class="broadcast-blue"><strong>[Gen 9] OU is currently suspecting Tera Blast! For information on how to participate check out the <a href="https://www.smogon.com/tools/suspects/view/200">suspect thread</a>.</strong></div>
|j|☆xqcqca
|j|☆Days of the Past
|t:|1776061252
|gametype|singles
|player|p1|xqcqca|cynthia|1148
|player|p2|Days of the Past|red-gen2|1075
|gen|9
|tier|[Gen 9] OU
|rated|
|rule|HP Percentage Mod: HP is shown in percentages
|rule|Endless Battle Clause: Forcing endless battles is banned
|rule|Species Clause: Limit one of each Pokémon
|rule|OHKO Clause: OHKO moves are banned
|rule|Evasion Items Clause: Evasion items are banned
|rule|Evasion Moves Clause: Evasion moves are banned
|rule|Evasion Abilities Clause: Evasion abilities are banned
|rule|Sleep Moves Clause: Sleep-inducing moves are banned
|clearpoke
|poke|p1|Tornadus, M|
|poke|p1|Thundurus-Therian, M|
|poke|p1|Raging Bolt|
|poke|p1|Iron Treads|
|poke|p1|Kingambit, F|
|poke|p1|Barraskewda, M|
|poke|p2|Kingambit, M|
|poke|p2|Great Tusk|
|poke|p2|Dragapult, F|
|poke|p2|Moltres|
|poke|p2|Clefable, M|
|poke|p2|Volcanion|
|teampreview
|inactive|Battle timer is ON: inactive players will automatically lose when time's up. (requested by Days of the Past)
|
|t:|1776061272
|teamsize|p1|6
|teamsize|p2|6
|start
|switch|p1a: Fujin|Tornadus, M|100/100
|switch|p2a: Dragapult|Dragapult, F, shiny|100/100
|turn|1
|
|t:|1776061277
|move|p1a: Fujin|Tailwind|p1a: Fujin
|-sidestart|p1: xqcqca|move: Tailwind
|move|p2a: Dragapult|Dragon Darts|p1a: Fujin
|-damage|p1a: Fujin|58/100
|-anim|p2a: Dragapult|Dragon Darts|p1a: Fujin
|-damage|p1a: Fujin|9/100
|
|upkeep
|turn|2
|
|t:|1776061288
|switch|p1a: Talos|Iron Treads|100/100
|move|p2a: Dragapult|Dragon Darts|p1a: Talos
|-resisted|p1a: Talos
|-damage|p1a: Talos|87/100
|-anim|p2a: Dragapult|Dragon Darts|p1a: Talos
|-resisted|p1a: Talos
|-damage|p1a: Talos|72/100
|
|upkeep
|turn|3
|
|t:|1776061292
|switch|p2a: Great Tusk|Great Tusk|100/100
|move|p1a: Talos|Stealth Rock|p2a: Great Tusk
|-sidestart|p2: Days of the Past|move: Stealth Rock
|
|upkeep
|turn|4
|
|t:|1776061300
|move|p1a: Talos|Earthquake|p2a: Great Tusk
|-damage|p2a: Great Tusk|73/100
|move|p2a: Great Tusk|Rapid Spin|p1a: Talos
|-resisted|p1a: Talos
|-damage|p1a: Talos|66/100
|-boost|p2a: Great Tusk|spe|1
|-sideend|p2: Days of the Past|Stealth Rock|[from] move: Rapid Spin|[of] p2a: Great Tusk
|
|-sideend|p1: xqcqca|move: Tailwind
|upkeep
|turn|5
|
|t:|1776061303
|move|p2a: Great Tusk|Stealth Rock|p1a: Talos
|-sidestart|p1: xqcqca|move: Stealth Rock
|move|p1a: Talos|Earthquake|p2a: Great Tusk
|-crit|p2a: Great Tusk
|-damage|p2a: Great Tusk|29/100
|
|upkeep
|turn|6
|
|t:|1776061308
|move|p2a: Great Tusk|Headlong Rush|p1a: Talos
|-supereffective|p1a: Talos
|-damage|p1a: Talos|0 fnt
|-unboost|p2a: Great Tusk|def|1
|-unboost|p2a: Great Tusk|spd|1
|faint|p1a: Talos
|-end|p1a: Talos|Quark Drive|[silent]
|
|upkeep
|
|t:|1776061313
|switch|p1a: Fujin|Tornadus, M|9/100
|-damage|p1a: Fujin|0 fnt|[from] Stealth Rock
|faint|p1a: Fujin
|j| Kyurem
|
|t:|1776061318
|switch|p1a: Raijin|Thundurus-Therian, M|100/100
|-damage|p1a: Raijin|76/100|[from] Stealth Rock
|turn|7
|
|t:|1776061326
|move|p2a: Great Tusk|Ice Spinner|p1a: Raijin
|-supereffective|p1a: Raijin
|-damage|p1a: Raijin|0 fnt
|faint|p1a: Raijin
|
|upkeep
|inactive|xqcqca has 120 seconds left.
|
|t:|1776061360
|switch|p1a: mean fish >:(|Barraskewda, M|100/100
|-damage|p1a: mean fish >:(|88/100|[from] Stealth Rock
|turn|8
|
|t:|1776061364
|move|p1a: mean fish >:(|Aqua Jet|p2a: Great Tusk
|-supereffective|p2a: Great Tusk
|-crit|p2a: Great Tusk
|-damage|p2a: Great Tusk|0 fnt
|faint|p2a: Great Tusk
|-end|p2a: Great Tusk|Protosynthesis|[silent]
|
|upkeep
|
|t:|1776061368
|switch|p2a: Volcanion|Volcanion|100/100
|turn|9
|
|t:|1776061373
|switch|p1a: Taranis|Raging Bolt|100/100
|-damage|p1a: Taranis|88/100|[from] Stealth Rock
|-enditem|p1a: Taranis|Booster Energy
|-activate|p1a: Taranis|ability: Protosynthesis|[fromitem]
|-start|p1a: Taranis|protosynthesisspa
|move|p2a: Volcanion|Sludge Bomb|p1a: Taranis
|-damage|p1a: Taranis|66/100
|-status|p1a: Taranis|psn
|
|-damage|p1a: Taranis|54/100 psn|[from] psn
|upkeep
|turn|10
|
|t:|1776061378
|switch|p2a: Clefable|Clefable, M, shiny|100/100
|move|p1a: Taranis|Thunder|p2a: Clefable
|-damage|p2a: Clefable|25/100
|-status|p2a: Clefable|par
|
|-damage|p1a: Taranis|41/100 psn|[from] psn
|upkeep
|turn|11
|
|t:|1776061386
|move|p1a: Taranis|Thunder|p2a: Clefable|[miss]
|-miss|p1a: Taranis|p2a: Clefable
|move|p2a: Clefable|Moonblast|p1a: Taranis
|-supereffective|p1a: Taranis
|-damage|p1a: Taranis|0 fnt
|faint|p1a: Taranis
|-end|p1a: Taranis|Protosynthesis|[silent]
|
|upkeep
|
|t:|1776061389
|switch|p1a: mean fish >:(|Barraskewda, M|88/100
|-damage|p1a: mean fish >:(|76/100|[from] Stealth Rock
|turn|12
|
|t:|1776061393
|move|p1a: mean fish >:(|Close Combat|p2a: Clefable
|-resisted|p2a: Clefable
|-damage|p2a: Clefable|0 fnt
|-unboost|p1a: mean fish >:(|def|1
|-unboost|p1a: mean fish >:(|spd|1
|faint|p2a: Clefable
|
|upkeep
|
|t:|1776061396
|switch|p2a: Dragapult|Dragapult, F, shiny|100/100
|turn|13
|
|t:|1776061403
|move|p2a: Dragapult|U-turn|p1a: mean fish >:(
|-damage|p1a: mean fish >:(|0 fnt
|faint|p1a: mean fish >:(
|
|t:|1776061408
|switch|p2a: Moltres|Moltres, shiny|100/100|[from] U-turn
|
|upkeep
|
|t:|1776061410
|switch|p1a: Kusanagi|Kingambit, F|100/100
|-damage|p1a: Kusanagi|94/100|[from] Stealth Rock
|-activate|p1a: Kusanagi|ability: Supreme Overlord
|-start|p1a: Kusanagi|fallen5|[silent]
|turn|14
|
|t:|1776061418
|move|p1a: Kusanagi|Sucker Punch|p2a: Moltres
|-damage|p2a: Moltres|58/100
|move|p2a: Moltres|Flamethrower|p1a: Kusanagi
|-supereffective|p1a: Kusanagi
|-damage|p1a: Kusanagi|24/100
|
|upkeep
|turn|15
|
|t:|1776061421
|move|p1a: Kusanagi|Sucker Punch|p2a: Moltres
|-damage|p2a: Moltres|13/100
|-status|p1a: Kusanagi|brn|[from] ability: Flame Body|[of] p2a: Moltres
|-enditem|p1a: Kusanagi|Lum Berry|[eat]
|-curestatus|p1a: Kusanagi|brn|[msg]
|move|p2a: Moltres|Flamethrower|p1a: Kusanagi
|-supereffective|p1a: Kusanagi
|-damage|p1a: Kusanagi|0 fnt
|faint|p1a: Kusanagi
|-end|p1a: Kusanagi|fallen5|[silent]
|
|win|Days of the Past
|raw|xqcqca's rating: 1148 &rarr; <strong>1118</strong><br />(-30 for losing)
|raw|Days of the Past's rating: 1075 &rarr; <strong>1110</strong><br />(+35 for winning)
|l|☆Days of the Past
|player|p2|
|l|☆xqcqca
|player|p1|
