|html|<div class="broadcast-blue"><strong>[Gen 9] OU is currently suspecting Tera Blast! For information on how to participate check out the <a href="https://www.smogon.com/tools/suspects/view/200">suspect thread</a>.</strong></div>
|j|☆Pig Perfect
|j|☆Sandysuit
|t:|1776084915
|gametype|singles
|player|p1|Pig Perfect|workerice|1545
|player|p2|Sandysuit|102|1521
|gen|9
|tier|[Gen 9] OU
|rated|
|rule|HP Percentage Mod: HP is shown in percentages
|rule|Endless Battle Clause: Forcing endless battles is banned
|rule|Species Clause: Limit one of each Pokémon
|rule|OHKO Clause: OHKO moves are banned
|rule|Evasion Items Clause: Evasion items are banned
|rule|Evasion Moves Clause: Evasion moves are banned
|rule|Evasion Abilities Clause: Evasion abilities are banned
|rule|Sleep Moves Clause: Sleep-inducing moves are banned
|clearpoke
|poke|p1|Iron Leaves|
|poke|p1|Iron Treads|
|poke|p1|Kingambit, M|
|poke|p1|Pawmot, F|
|poke|p1|Pincurchin, F|
|poke|p1|Raging Bolt|
|poke|p2|Dragapult, M|
|poke|p2|Quaquaval, M|
|poke|p2|Samurott-Hisui, F|
|poke|p2|Maushold|
|poke|p2|Gholdengo|
|poke|p2|Scizor, F|
|teampreview
|inactive|Battle timer is ON: inactive players will automatically lose when time's up. (requested by Sandysuit)
|c|☆Sandysuit|Cool team and also I am soooo weak to bolt so there is that
|inactive|Pig Perfect has 120 seconds left.
|inactive|Pig Perfect has 90 seconds left.
|
|t:|1776084981
|teamsize|p1|6
|teamsize|p2|6
|start
|switch|p1a: Sew What?|Pincurchin, F|100/100
|switch|p2a: Maushold|Maushold|100/100
|-fieldstart|move: Electric Terrain|[from] ability: Electric Surge|[of] p1a: Sew What?
|turn|1
|
|t:|1776084995
|switch|p1a: Iron Trunk|Iron Treads|100/100
|-item|p1a: Iron Trunk|Air Balloon
|-activate|p1a: Iron Trunk|ability: Quark Drive
|-start|p1a: Iron Trunk|quarkdrivespe
|move|p2a: Maushold|Population Bomb|p1a: Iron Trunk
|-resisted|p1a: Iron Trunk
|-damage|p1a: Iron Trunk|96/100
|-enditem|p1a: Iron Trunk|Air Balloon
|-resisted|p1a: Iron Trunk
|-damage|p1a: Iron Trunk|91/100
|-resisted|p1a: Iron Trunk
|-damage|p1a: Iron Trunk|86/100
|-resisted|p1a: Iron Trunk
|-damage|p1a: Iron Trunk|81/100
|-resisted|p1a: Iron Trunk
|-damage|p1a: Iron Trunk|77/100
|-resisted|p1a: Iron Trunk
|-damage|p1a: Iron Trunk|72/100
|-resisted|p1a: Iron Trunk
|-damage|p1a: Iron Trunk|67/100
|-resisted|p1a: Iron Trunk
|-damage|p1a: Iron Trunk|62/100
|-resisted|p1a: Iron Trunk
|-damage|p1a: Iron Trunk|56/100
|-resisted|p1a: Iron Trunk
|-damage|p1a: Iron Trunk|51/100
|-hitcount|p1a: Iron Trunk|10
|
|upkeep
|turn|2
|
|t:|1776085013
|move|p1a: Iron Trunk|Rapid Spin|p2a: Maushold
|-damage|p2a: Maushold|84/100
|-boost|p1a: Iron Trunk|spe|1
|move|p2a: Maushold|Tidy Up|p2a: Maushold
|-boost|p2a: Maushold|atk|1
|-boost|p2a: Maushold|spe|1
|
|upkeep
|turn|3
|
|t:|1776085026
|move|p1a: Iron Trunk|Earth Power|p2a: Maushold
|-damage|p2a: Maushold|26/100
|move|p2a: Maushold|Population Bomb|p1a: Iron Trunk
|-resisted|p1a: Iron Trunk
|-damage|p1a: Iron Trunk|43/100
|-resisted|p1a: Iron Trunk
|-damage|p1a: Iron Trunk|36/100
|-resisted|p1a: Iron Trunk
|-damage|p1a: Iron Trunk|29/100
|-resisted|p1a: Iron Trunk
|-damage|p1a: Iron Trunk|21/100
|-resisted|p1a: Iron Trunk
|-damage|p1a: Iron Trunk|14/100
|-resisted|p1a: Iron Trunk
|-damage|p1a: Iron Trunk|7/100
|-resisted|p1a: Iron Trunk
|-damage|p1a: Iron Trunk|0 fnt
|faint|p1a: Iron Trunk
|-end|p1a: Iron Trunk|Quark Drive|[silent]
|-hitcount|p1: Iron Trunk|7
|
|upkeep
|
|t:|1776085039
|switch|p1a: Peak-Chu|Pawmot, F|100/100
|turn|4
|
|t:|1776085045
|switch|p2a: Dragapult|Dragapult, M|100/100
|switch|p1a: So ein Mist!|Kingambit, M|100/100
|-activate|p1a: So ein Mist!|ability: Supreme Overlord
|-start|p1a: So ein Mist!|fallen1|[silent]
|
|upkeep
|turn|5
|
|t:|1776085058
|switch|p2a: Quaquaval|Quaquaval, M|100/100
|-end|p1a: So ein Mist!|fallen1|[silent]
|switch|p1a: Sew What?|Pincurchin, F|100/100
|
|upkeep
|turn|6
|
|t:|1776085068
|switch|p2a: Maushold|Maushold|26/100
|move|p1a: Sew What?|Memento|p2a: Maushold
|-unboost|p2a: Maushold|atk|2
|-unboost|p2a: Maushold|spa|2
|faint|p1a: Sew What?
|
|upkeep
|
|t:|1776085080
|switch|p1a: Peak-Chu|Pawmot, F|100/100
|turn|7
|
|t:|1776085097
|switch|p2a: Dragapult|Dragapult, M|100/100
|move|p1a: Peak-Chu|Revival Blessing|p1a: Peak-Chu
|-enditem|p1a: Peak-Chu|Leppa Berry|[eat]
|-activate|p1a: Peak-Chu|item: Leppa Berry|Revival Blessing|[consumed]
|
|t:|1776085104
|-heal|p1: Sew What?|50/100|[from] move: Revival Blessing
|
|upkeep
|turn|8
|
|t:|1776085109
|switch|p1a: So ein Mist!|Kingambit, M|100/100
|-activate|p1a: So ein Mist!|ability: Supreme Overlord
|-start|p1a: So ein Mist!|fallen2|[silent]
|move|p2a: Dragapult|Draco Meteor|p1a: So ein Mist!
|-resisted|p1a: So ein Mist!
|-damage|p1a: So ein Mist!|60/100
|-unboost|p2a: Dragapult|spa|2
|
|-heal|p1a: So ein Mist!|66/100|[from] item: Leftovers
|-fieldend|move: Electric Terrain
|upkeep
|turn|9
|
|t:|1776085120
|switch|p2a: Quaquaval|Quaquaval, M|100/100
|-end|p1a: So ein Mist!|fallen2|[silent]
|switch|p1a: Sew What?|Pincurchin, F|50/100
|-fieldstart|move: Electric Terrain|[from] ability: Electric Surge|[of] p1a: Sew What?
|
|upkeep
|turn|10
|inactive|Pig Perfect has 120 seconds left.
|inactive|Pig Perfect has 90 seconds left.
|
|t:|1776085205
|switch|p2a: Maushold|Maushold|26/100
|move|p1a: Sew What?|Memento|p2a: Maushold
|-unboost|p2a: Maushold|atk|2
|-unboost|p2a: Maushold|spa|2
|faint|p1a: Sew What?
|
|upkeep
|
|t:|1776085208
|switch|p1a: *Leaves Game*|Iron Leaves|100/100
|-activate|p1a: *Leaves Game*|ability: Quark Drive
|-start|p1a: *Leaves Game*|quarkdriveatk
|turn|11
|inactive|Sandysuit has 120 seconds left.
|
|t:|1776085240
|move|p2a: Maushold|Population Bomb|p1a: *Leaves Game*
|-damage|p1a: *Leaves Game*|94/100
|-damage|p1a: *Leaves Game*|88/100
|-damage|p1a: *Leaves Game*|80/100
|-damage|p1a: *Leaves Game*|74/100
|-damage|p1a: *Leaves Game*|67/100
|-damage|p1a: *Leaves Game*|61/100
|-damage|p1a: *Leaves Game*|55/100
|-damage|p1a: *Leaves Game*|49/100
|-damage|p1a: *Leaves Game*|42/100
|-damage|p1a: *Leaves Game*|35/100
|-hitcount|p1a: *Leaves Game*|10
|move|p1a: *Leaves Game*|Trailblaze|p2a: Maushold
|-damage|p2a: Maushold|0 fnt
|-boost|p1a: *Leaves Game*|spe|1
|faint|p2a: Maushold
|
|upkeep
|inactive|Sandysuit has 120 seconds left.
|inactive|Sandysuit has 90 seconds left.
|inactive|Sandysuit has 60 seconds left.
|
|t:|1776085308
|switch|p2a: Gholdengo|Gholdengo|100/100
|turn|12
|inactive|Pig Perfect has 90 seconds left.
|inactive|Sandysuit has 60 seconds left.
|l|☆Sandysuit
|inactive|Sandysuit disconnected and has a minute to reconnect!
|player|p2|
|j|☆Sandysuit
|inactive|Sandysuit reconnected.
|player|p2|Sandysuit|102|
|inactive|Pig Perfect has 60 seconds left.
|c|☆Sandysuit|Tera blast dark, fire?
|
|t:|1776085354
|-end|p1a: *Leaves Game*|Quark Drive|[silent]
|switch|p1a: Necky's Nuts|Raging Bolt|100/100
|-enditem|p1a: Necky's Nuts|Booster Energy
|-activate|p1a: Necky's Nuts|ability: Protosynthesis|[fromitem]
|-start|p1a: Necky's Nuts|protosynthesisspa
|move|p2a: Gholdengo|Shadow Ball|p1a: Necky's Nuts
|-damage|p1a: Necky's Nuts|62/100
|
|upkeep
|turn|13
|inactive|Sandysuit has 60 seconds left.
|
|t:|1776085368
|move|p1a: Necky's Nuts|Rising Voltage|p2a: Gholdengo
|-hint|Rising Voltage's BP doubled on grounded target.
|-damage|p2a: Gholdengo|0 fnt
|faint|p2a: Gholdengo
|
|upkeep
|inactive|Sandysuit has 60 seconds left.
|
|t:|1776085385
|switch|p2a: Samurott|Samurott-Hisui, F|100/100
|turn|14
|
|t:|1776085398
|move|p1a: Necky's Nuts|Thunderclap|p2a: Samurott
|-supereffective|p2a: Samurott
|-damage|p2a: Samurott|0 fnt
|faint|p2a: Samurott
|
|upkeep
|inactive|Sandysuit has 60 seconds left.
|
|t:|1776085403
|switch|p2a: Dragapult|Dragapult, M|100/100
|turn|15
|
|t:|1776085415
|move|p1a: Necky's Nuts|Thunderclap|p2a: Dragapult
|-resisted|p2a: Dragapult
|-damage|p2a: Dragapult|55/100
|move|p2a: Dragapult|Shadow Ball|p1a: Necky's Nuts
|-damage|p1a: Necky's Nuts|10/100
|
|upkeep
|turn|16
|
|t:|1776085423
|move|p1a: Necky's Nuts|Thunderclap|p2a: Dragapult
|-resisted|p2a: Dragapult
|-damage|p2a: Dragapult|4/100
|move|p2a: Dragapult|Shadow Ball|p1a: Necky's Nuts
|-damage|p1a: Necky's Nuts|0 fnt
|faint|p1a: Necky's Nuts
|-end|p1a: Necky's Nuts|Protosynthesis|[silent]
|
|-fieldend|move: Electric Terrain
|upkeep
|
|t:|1776085433
|switch|p1a: So ein Mist!|Kingambit, M|66/100
|-activate|p1a: So ein Mist!|ability: Supreme Overlord
|-start|p1a: So ein Mist!|fallen4|[silent]
|turn|17
|
|t:|1776085438
|switch|p2a: Quaquaval|Quaquaval, M|100/100
|move|p1a: So ein Mist!|Low Kick|p2a: Quaquaval
|-damage|p2a: Quaquaval|52/100
|
|-heal|p2a: Quaquaval|58/100|[from] item: Leftovers
|-heal|p1a: So ein Mist!|73/100|[from] item: Leftovers
|upkeep
|turn|18
|inactive|Pig Perfect has 90 seconds left.
|inactive|Sandysuit has 90 seconds left.
|
|t:|1776085452
|-terastallize|p1a: So ein Mist!|Ghost
|move|p2a: Quaquaval|Aqua Step|p1a: So ein Mist!
|-damage|p1a: So ein Mist!|46/100
|-boost|p2a: Quaquaval|spe|1
|move|p1a: So ein Mist!|Low Kick|p2a: Quaquaval
|-damage|p2a: Quaquaval|8/100
|
|-heal|p2a: Quaquaval|14/100|[from] item: Leftovers
|-heal|p1a: So ein Mist!|52/100|[from] item: Leftovers
|upkeep
|turn|19
|inactive|Pig Perfect has 90 seconds left.
|inactive|Sandysuit has 90 seconds left.
|
|t:|1776085463
|move|p1a: So ein Mist!|Sucker Punch||[still]
|-fail|p1a: So ein Mist!
|move|p2a: Quaquaval|Roost|p2a: Quaquaval
|-heal|p2a: Quaquaval|64/100
|-singleturn|p2a: Quaquaval|move: Roost
|
|-heal|p2a: Quaquaval|70/100|[from] item: Leftovers
|-heal|p1a: So ein Mist!|59/100|[from] item: Leftovers
|upkeep
|turn|20
|inactive|Sandysuit has 90 seconds left.
|
|t:|1776085473
|move|p2a: Quaquaval|Aqua Step|p1a: So ein Mist!
|-damage|p1a: So ein Mist!|31/100
|-boost|p2a: Quaquaval|spe|1
|move|p1a: So ein Mist!|Low Kick|p2a: Quaquaval
|-damage|p2a: Quaquaval|20/100
|
|-heal|p2a: Quaquaval|27/100|[from] item: Leftovers
|-heal|p1a: So ein Mist!|37/100|[from] item: Leftovers
|upkeep
|turn|21
|
|t:|1776085484
|move|p2a: Quaquaval|Aqua Step|p1a: So ein Mist!
|-damage|p1a: So ein Mist!|12/100
|-boost|p2a: Quaquaval|spe|1
|move|p1a: So ein Mist!|Low Kick|p2a: Quaquaval
|-damage|p2a: Quaquaval|0 fnt
|faint|p2a: Quaquaval
|
|-heal|p1a: So ein Mist!|18/100|[from] item: Leftovers
|upkeep
|inactive|Sandysuit has 90 seconds left.
|
|t:|1776085495
|switch|p2a: Scizor|Scizor, F|100/100
|turn|22
|
|t:|1776085503
|-end|p1a: So ein Mist!|fallen4|[silent]
|switch|p1a: Peak-Chu|Pawmot, F|100/100
|move|p2a: Scizor|Swords Dance|p2a: Scizor
|-boost|p2a: Scizor|atk|2
|
|upkeep
|turn|23
|inactive|Sandysuit has 90 seconds left.
|
|t:|1776085518
|move|p1a: Peak-Chu|Revival Blessing|p1a: Peak-Chu
|
|t:|1776085521
|-heal|p1: Necky's Nuts|50/100|[from] move: Revival Blessing
|move|p2a: Scizor|Swords Dance|p2a: Scizor
|-boost|p2a: Scizor|atk|2
|
|upkeep
|turn|24
|
|t:|1776085534
|-terastallize|p2a: Scizor|Steel
|move|p2a: Scizor|Bullet Punch|p1a: Peak-Chu
|-resisted|p1a: Peak-Chu
|-damage|p1a: Peak-Chu|0 fnt
|faint|p1a: Peak-Chu
|
|upkeep
|
|t:|1776085543
|switch|p1a: Necky's Nuts|Raging Bolt|50/100
|turn|25
|inactive|Pig Perfect has 120 seconds left.
|c|☆Pig Perfect|wp
|inactive|Sandysuit has 90 seconds left.
|
|t:|1776085564
|move|p1a: Necky's Nuts|Thunderclap|p2a: Scizor
|-damage|p2a: Scizor|46/100
|move|p2a: Scizor|Bullet Punch|p1a: Necky's Nuts
|-resisted|p1a: Necky's Nuts
|-damage|p1a: Necky's Nuts|0 fnt
|faint|p1a: Necky's Nuts
|-end|p1a: Necky's Nuts|Protosynthesis|[silent]
|
|-heal|p2a: Scizor|52/100|[from] item: Leftovers
|upkeep
|inactive|Pig Perfect has 120 seconds left.
|
|t:|1776085571
|switch|p1a: So ein Mist!|Kingambit, M, tera:Ghost|18/100
|-activate|p1a: So ein Mist!|ability: Supreme Overlord
|-start|p1a: So ein Mist!|fallen5|[silent]
|turn|26
|c|☆Pig Perfect|gg
|
|t:|1776085577
|move|p2a: Scizor|Bullet Punch|p1a: So ein Mist!
|-damage|p1a: So ein Mist!|0 fnt
|faint|p1a: So ein Mist!
|-end|p1a: So ein Mist!|fallen5|[silent]
|
|-heal|p2a: Scizor|59/100|[from] item: Leftovers
|upkeep
|
|t:|1776085579
|switch|p1a: *Leaves Game*|Iron Leaves|35/100
|turn|27
|
|t:|1776085585
|move|p2a: Scizor|Bullet Punch|p1a: *Leaves Game*
|-crit|p1a: *Leaves Game*
|-damage|p1a: *Leaves Game*|0 fnt
|faint|p1a: *Leaves Game*
|-end|p1a: *Leaves Game*|Quark Drive|[silent]
|
|win|Sandysuit
|raw|Pig Perfect's rating: 1545 &rarr; <strong>1524</strong><br />(-21 for losing)
|raw|Sandysuit's rating: 1521 &rarr; <strong>1542</strong><br />(+21 for winning)
|l|☆Pig Perfect
|player|p1|
|l|☆Sandysuit
|player|p2|
