|html|<div class="broadcast-blue"><strong>[Gen 9] OU is currently suspecting Tera Blast! For information on how to participate check out the <a href="https://www.smogon.com/tools/suspects/view/200">suspect thread</a>.</strong></div>
|j|☆midnightz0ne
|j|‽CroftHeda
|t:|1776122891
|gametype|singles
|player|p1|midnightz0ne|swimmerf-gen4dp|
|player|p2|CroftHeda|ethan|
|gen|9
|tier|[Gen 9] OU
|rule|HP Percentage Mod: HP is shown in percentages
|rule|Endless Battle Clause: Forcing endless battles is banned
|rule|Species Clause: Limit one of each Pokémon
|rule|OHKO Clause: OHKO moves are banned
|rule|Evasion Items Clause: Evasion items are banned
|rule|Evasion Moves Clause: Evasion moves are banned
|rule|Evasion Abilities Clause: Evasion abilities are banned
|rule|Sleep Moves Clause: Sleep-inducing moves are banned
|clearpoke
|poke|p1|Skarmory, F|
|poke|p1|Sinistcha|
|poke|p1|Goodra-Hisui, F|
|poke|p1|Hatterene, F|
|poke|p1|Glimmora, F|
|poke|p1|Mimikyu, F|
|poke|p2|Clodsire, M|
|poke|p2|Corviknight, M|
|poke|p2|Raging Bolt|
|poke|p2|Cobalion|
|poke|p2|Blissey, F|
|poke|p2|Magnezone|
|teampreview
|j| ADouglas18
|
|t:|1776122920
|teamsize|p1|6
|teamsize|p2|6
|start
|switch|p1a: Socky|Mimikyu, F, shiny|100/100
|switch|p2a: Corviknight|Corviknight, M|100/100
|-ability|p2a: Corviknight|Pressure
|turn|1
|l| ADouglas18
|j| UrMumIsAPikachu
|
|t:|1776122940
|move|p2a: Corviknight|Iron Defense|p2a: Corviknight
|-boost|p2a: Corviknight|def|2
|move|p1a: Socky|Trick Room|p1a: Socky
|-fieldstart|move: Trick Room|[of] p1a: Socky
|
|upkeep
|turn|2
|
|t:|1776122961
|move|p2a: Corviknight|Body Press|p1a: Socky
|-immune|p1a: Socky
|move|p1a: Socky|Curse|p2a: Corviknight
|-start|p2a: Corviknight|Curse|[of] p1a: Socky
|-damage|p1a: Socky|50/100
|
|-damage|p2a: Corviknight|76/100|[from] Curse
|upkeep
|turn|3
|
|t:|1776123010
|move|p2a: Corviknight|U-turn|p1a: Socky
|-activate|p1a: Socky|ability: Disguise
|-damage|p1a: Socky|50/100
|detailschange|p1a: Socky|Mimikyu-Busted, F, shiny
|-damage|p1a: Socky|38/100|[from] pokemon: Mimikyu-Busted
|-enditem|p1a: Socky|Red Card|[of] p2a: Corviknight
|drag|p2a: Clodsire|Clodsire, M|100/100
|move|p1a: Socky|Play Rough|p2a: Clodsire
|-resisted|p2a: Clodsire
|-damage|p2a: Clodsire|84/100
|
|upkeep
|turn|4
|
|t:|1776123044
|move|p2a: Clodsire|Toxic|p1a: Socky
|-status|p1a: Socky|tox
|move|p1a: Socky|Destiny Bond|p1a: Socky
|-singlemove|p1a: Socky|Destiny Bond
|
|-damage|p1a: Socky|32/100 tox|[from] psn
|upkeep
|turn|5
|
|t:|1776123053
|move|p2a: Clodsire|Stealth Rock|p1a: Socky
|-sidestart|p1: midnightz0ne|move: Stealth Rock
|move|p1a: Socky|Trick Room|p1a: Socky
|-fieldend|move: Trick Room
|
|-damage|p1a: Socky|20/100 tox|[from] psn
|upkeep
|turn|6
|
|t:|1776123065
|move|p2a: Clodsire|Earthquake|p1a: Socky
|-damage|p1a: Socky|0 fnt
|faint|p1a: Socky
|
|upkeep
|j| ADouglas18
|
|t:|1776123103
|switch|p1a: Pukeko|Skarmory, F|100/100
|-damage|p1a: Pukeko|88/100|[from] Stealth Rock
|turn|7
|
|t:|1776123124
|switch|p2a: Magnezone|Magnezone|100/100
|move|p1a: Pukeko|Stealth Rock|p2a: Magnezone
|-sidestart|p2: CroftHeda|move: Stealth Rock
|
|upkeep
|turn|8
|c| UrMumIsAPikachu|o7
|
|t:|1776123145
|-terastallize|p1a: Pukeko|Fighting
|move|p2a: Magnezone|Discharge|p1a: Pukeko
|-damage|p1a: Pukeko|25/100
|move|p1a: Pukeko|Whirlwind|p2a: Magnezone
|drag|p2a: Raging Bolt|Raging Bolt|100/100
|-damage|p2a: Raging Bolt|88/100|[from] Stealth Rock
|-enditem|p2a: Raging Bolt|Booster Energy
|-activate|p2a: Raging Bolt|ability: Protosynthesis|[fromitem]
|-start|p2a: Raging Bolt|protosynthesisspa
|
|upkeep
|turn|9
|
|t:|1776123184
|move|p2a: Raging Bolt|Thunderclap||[still]
|-fail|p2a: Raging Bolt
|move|p1a: Pukeko|Whirlwind|p2a: Raging Bolt
|-end|p2a: Raging Bolt|Protosynthesis|[silent]
|drag|p2a: Cobalion|Cobalion|100/100
|-damage|p2a: Cobalion|98/100|[from] Stealth Rock
|
|upkeep
|turn|10
|
|t:|1776123208
|move|p2a: Cobalion|Body Press|p1a: Pukeko
|-damage|p1a: Pukeko|3/100
|-damage|p2a: Cobalion|81/100|[from] item: Rocky Helmet|[of] p1a: Pukeko
|move|p1a: Pukeko|Body Press|p2a: Cobalion
|-supereffective|p2a: Cobalion
|-damage|p2a: Cobalion|9/100
|-damage|p1a: Pukeko|0 fnt|[from] item: Rocky Helmet|[of] p2a: Cobalion
|faint|p1a: Pukeko
|
|upkeep
|j| Vincent Vile
|
|t:|1776123237
|switch|p1a: Almond Joy|Glimmora, F|100/100
|-damage|p1a: Almond Joy|88/100|[from] Stealth Rock
|turn|11
|
|t:|1776123276
|move|p2a: Cobalion|Body Press|p1a: Almond Joy
|-damage|p1a: Almond Joy|37/100
|-activate|p1a: Almond Joy|ability: Toxic Debris
|-sidestart|p2: CroftHeda|move: Toxic Spikes
|move|p1a: Almond Joy|Spikes|p2a: Cobalion
|-sidestart|p2: CroftHeda|Spikes
|
|upkeep
|turn|12
|
|t:|1776123292
|move|p2a: Cobalion|Body Press|p1a: Almond Joy
|-damage|p1a: Almond Joy|0 fnt
|-activate|p1a: Almond Joy|ability: Toxic Debris
|-sidestart|p2: CroftHeda|move: Toxic Spikes
|faint|p1a: Almond Joy
|
|upkeep
|
|t:|1776123306
|switch|p1a: ComicTungstenCube|Goodra-Hisui, F|100/100
|-damage|p1a: ComicTungstenCube|94/100|[from] Stealth Rock
|turn|13
|
|t:|1776123328
|move|p2a: Cobalion|Body Press|p1a: ComicTungstenCube
|-supereffective|p1a: ComicTungstenCube
|-damage|p1a: ComicTungstenCube|28/100
|-ability|p1a: ComicTungstenCube|Gooey
|-unboost|p2a: Cobalion|spe|1
|move|p1a: ComicTungstenCube|Dragon Tail|p2a: Cobalion
|-resisted|p2a: Cobalion
|-damage|p2a: Cobalion|2/100
|-damage|p1a: ComicTungstenCube|11/100|[from] item: Rocky Helmet|[of] p2a: Cobalion
|drag|p2a: Raging Bolt|Raging Bolt|88/100
|-damage|p2a: Raging Bolt|76/100|[from] Stealth Rock
|-status|p2a: Raging Bolt|tox
|-damage|p2a: Raging Bolt|64/100 tox|[from] Spikes
|
|-damage|p2a: Raging Bolt|58/100 tox|[from] psn
|upkeep
|turn|14
|
|t:|1776123370
|move|p2a: Raging Bolt|Draco Meteor|p1a: ComicTungstenCube
|-damage|p1a: ComicTungstenCube|0 fnt
|-unboost|p2a: Raging Bolt|spa|2
|faint|p1a: ComicTungstenCube
|
|-damage|p2a: Raging Bolt|45/100 tox|[from] psn
|upkeep
|
|t:|1776123392
|switch|p1a: Ninki Minjaj|Hatterene, F, shiny|100/100
|-damage|p1a: Ninki Minjaj|88/100|[from] Stealth Rock
|turn|15
|
|t:|1776123406
|move|p2a: Raging Bolt|Calm Mind|p2a: Raging Bolt
|-boost|p2a: Raging Bolt|spa|1
|-boost|p2a: Raging Bolt|spd|1
|move|p1a: Ninki Minjaj|Draining Kiss|p2a: Raging Bolt
|-supereffective|p2a: Raging Bolt
|-damage|p2a: Raging Bolt|16/100 tox
|-heal|p1a: Ninki Minjaj|100/100|[from] drain|[of] p2a: Raging Bolt
|
|-damage|p2a: Raging Bolt|0 fnt|[from] psn
|faint|p2a: Raging Bolt
|-end|p2a: Raging Bolt|Protosynthesis|[silent]
|upkeep
|
|t:|1776123428
|switch|p2a: Clodsire|Clodsire, M|84/100
|-sideend|p2: CroftHeda|move: Toxic Spikes|[of] p2a: Clodsire
|turn|16
|
|t:|1776123449
|move|p1a: Ninki Minjaj|Psychic Noise|p2a: Clodsire
|-supereffective|p2a: Clodsire
|-damage|p2a: Clodsire|50/100
|-start|p2a: Clodsire|move: Heal Block
|move|p2a: Clodsire|Toxic|p1a: Ninki Minjaj
|move|p1a: Ninki Minjaj|Toxic|p2a: Clodsire|[from] ability: Magic Bounce
|-immune|p2a: Clodsire
|
|upkeep
|turn|17
|
|t:|1776123460
|move|p1a: Ninki Minjaj|Psychic Noise|p2a: Clodsire
|-supereffective|p2a: Clodsire
|-damage|p2a: Clodsire|12/100
|move|p2a: Clodsire|Earthquake|p1a: Ninki Minjaj
|-damage|p1a: Ninki Minjaj|78/100
|
|-heal|p1a: Ninki Minjaj|84/100|[from] item: Leftovers
|-end|p2a: Clodsire|move: Heal Block
|upkeep
|turn|18
|
|t:|1776123470
|move|p1a: Ninki Minjaj|Psychic Noise|p2a: Clodsire
|-supereffective|p2a: Clodsire
|-damage|p2a: Clodsire|0 fnt
|faint|p2a: Clodsire
|
|-heal|p1a: Ninki Minjaj|90/100|[from] item: Leftovers
|upkeep
|
|t:|1776123477
|switch|p2a: Corviknight|Corviknight, M|76/100
|-damage|p2a: Corviknight|63/100|[from] Stealth Rock
|-ability|p2a: Corviknight|Pressure
|turn|19
|
|t:|1776123500
|move|p2a: Corviknight|Iron Defense|p2a: Corviknight
|-boost|p2a: Corviknight|def|2
|move|p1a: Ninki Minjaj|Nuzzle|p2a: Corviknight
|-supereffective|p2a: Corviknight
|-damage|p2a: Corviknight|61/100
|-status|p2a: Corviknight|par
|-damage|p1a: Ninki Minjaj|74/100|[from] item: Rocky Helmet|[of] p2a: Corviknight
|
|-heal|p1a: Ninki Minjaj|80/100|[from] item: Leftovers
|upkeep
|turn|20
|
|t:|1776123531
|move|p1a: Ninki Minjaj|Psychic Noise|p2a: Corviknight
|-resisted|p2a: Corviknight
|-damage|p2a: Corviknight|45/100 par
|-start|p2a: Corviknight|move: Heal Block
|move|p2a: Corviknight|Body Press|p1a: Ninki Minjaj
|-resisted|p1a: Ninki Minjaj
|-damage|p1a: Ninki Minjaj|69/100
|
|-heal|p1a: Ninki Minjaj|75/100|[from] item: Leftovers
|upkeep
|turn|21
|
|t:|1776123544
|move|p1a: Ninki Minjaj|Draining Kiss|p2a: Corviknight
|-resisted|p2a: Corviknight
|-damage|p2a: Corviknight|35/100 par
|-heal|p1a: Ninki Minjaj|85/100|[from] drain|[of] p2a: Corviknight
|-damage|p1a: Ninki Minjaj|68/100|[from] item: Rocky Helmet|[of] p2a: Corviknight
|move|p2a: Corviknight|U-turn|p1a: Ninki Minjaj
|-damage|p1a: Ninki Minjaj|56/100
|
|t:|1776123553
|switch|p2a: Blissey|Blissey, F|100/100|[from] U-turn
|
|-heal|p1a: Ninki Minjaj|62/100|[from] item: Leftovers
|upkeep
|turn|22
|
|t:|1776123594
|move|p2a: Blissey|Seismic Toss|p1a: Ninki Minjaj
|-damage|p1a: Ninki Minjaj|31/100
|move|p1a: Ninki Minjaj|Pain Split|p2a: Blissey
|-sethp|p2a: Blissey|57/100|[from] move: Pain Split|[silent]
|-sethp|p1a: Ninki Minjaj|100/100|[from] move: Pain Split
|
|upkeep
|turn|23
|
|t:|1776123604
|move|p2a: Blissey|Seismic Toss|p1a: Ninki Minjaj
|-damage|p1a: Ninki Minjaj|69/100
|move|p1a: Ninki Minjaj|Nuzzle|p2a: Blissey
|-damage|p2a: Blissey|54/100
|-status|p2a: Blissey|par
|
|-heal|p1a: Ninki Minjaj|75/100|[from] item: Leftovers
|upkeep
|turn|24
|l| Vincent Vile
|j| Vincent Vile
|
|t:|1776123627
|move|p1a: Ninki Minjaj|Draining Kiss|p2a: Blissey
|-damage|p2a: Blissey|45/100 par
|-heal|p1a: Ninki Minjaj|90/100|[from] drain|[of] p2a: Blissey
|move|p2a: Blissey|Thunder Wave|p1a: Ninki Minjaj
|move|p1a: Ninki Minjaj|Thunder Wave|p2a: Blissey|[from] ability: Magic Bounce
|-fail|p2a: Blissey|par
|
|-heal|p1a: Ninki Minjaj|96/100|[from] item: Leftovers
|upkeep
|turn|25
|
|t:|1776123640
|move|p1a: Ninki Minjaj|Psychic Noise|p2a: Blissey
|-damage|p2a: Blissey|32/100 par
|-start|p2a: Blissey|move: Heal Block
|cant|p2a: Blissey|par
|
|-heal|p1a: Ninki Minjaj|100/100|[from] item: Leftovers
|upkeep
|turn|26
|
|t:|1776123660
|move|p1a: Ninki Minjaj|Draining Kiss|p2a: Blissey
|-damage|p2a: Blissey|24/100 par
|cant|p2a: Blissey|par
|
|-end|p2a: Blissey|move: Heal Block
|upkeep
|turn|27
|
|t:|1776123666
|move|p1a: Ninki Minjaj|Psychic Noise|p2a: Blissey
|-damage|p2a: Blissey|12/100 par
|-start|p2a: Blissey|move: Heal Block
|cant|p2a: Blissey|par
|
|upkeep
|turn|28
|
|t:|1776123680
|move|p1a: Ninki Minjaj|Psychic Noise|p2a: Blissey
|-damage|p2a: Blissey|0 fnt
|faint|p2a: Blissey
|
|upkeep
|
|t:|1776123692
|switch|p2a: Magnezone|Magnezone|100/100
|-damage|p2a: Magnezone|94/100|[from] Stealth Rock
|-damage|p2a: Magnezone|82/100|[from] Spikes
|turn|29
|
|t:|1776123808
|move|p2a: Magnezone|Flash Cannon|p1a: Ninki Minjaj
|-supereffective|p1a: Ninki Minjaj
|-damage|p1a: Ninki Minjaj|0 fnt
|faint|p1a: Ninki Minjaj
|
|upkeep
|
|t:|1776123813
|switch|p1a: The Drink|Sinistcha|100/100
|turn|30
|
|t:|1776123833
|move|p2a: Magnezone|Flash Cannon|p1a: The Drink
|-damage|p1a: The Drink|48/100
|move|p1a: The Drink|Calm Mind|p1a: The Drink
|-boost|p1a: The Drink|spa|1
|-boost|p1a: The Drink|spd|1
|
|upkeep
|turn|31
|
|t:|1776123842
|move|p2a: Magnezone|Flash Cannon|p1a: The Drink
|-damage|p1a: The Drink|12/100
|-unboost|p1a: The Drink|spd|1
|move|p1a: The Drink|Matcha Gotcha|p2a: Magnezone
|-resisted|p2a: Magnezone
|-damage|p2a: Magnezone|64/100
|-heal|p1a: The Drink|21/100|[from] drain|[of] p2a: Magnezone
|
|upkeep
|turn|32
|
|t:|1776123854
|move|p2a: Magnezone|Flash Cannon|p1a: The Drink
|-damage|p1a: The Drink|0 fnt
|faint|p1a: The Drink
|
|win|CroftHeda
|l| Vincent Vile
|l| UrMumIsAPikachu
|j| UrMumIsAPikachu
