|html|<div class="broadcast-blue"><strong>[Gen 9] OU is currently suspecting Volcarona! For information on how to participate check out the <a href="https://www.smogon.com/tools/suspects/view/208">suspect thread</a>.</strong></div>
|j|☆rexa2
|j|☆incinefraud
|t:|1778508789
|gametype|singles
|player|p1|rexa2|brock|1382
|player|p2|incinefraud|guitarist-gen4|1358
|gen|9
|tier|[Gen 9] OU
|rated|
|rule|HP Percentage Mod: HP is shown in percentages
|rule|Endless Battle Clause: Forcing endless battles is banned
|rule|Species Clause: Limit one of each Pokémon
|rule|OHKO Clause: OHKO moves are banned
|rule|Evasion Items Clause: Evasion items are banned
|rule|Evasion Moves Clause: Evasion moves are banned
|rule|Evasion Abilities Clause: Evasion abilities are banned
|rule|Sleep Moves Clause: Sleep-inducing moves are banned
|clearpoke
|poke|p1|Glimmora, F|
|poke|p1|Ogerpon-Cornerstone, F|
|poke|p1|Tyranitar, F|
|poke|p1|Rhyperior, M|
|poke|p1|Minior|
|poke|p1|Arcanine-Hisui, M|
|poke|p2|Hatterene, F|
|poke|p2|Great Tusk|
|poke|p2|Ceruledge, M|
|poke|p2|Ting-Lu|
|poke|p2|Dragonite, M|
|poke|p2|Kyurem|
|teampreview
|inactive|Battle timer is ON: inactive players will automatically lose when time's up. (requested by incinefraud)
|
|t:|1778508810
|teamsize|p1|6
|teamsize|p2|6
|start
|switch|p1a: Ogerpon|Ogerpon-Cornerstone, F|100/100
|switch|p2a: Great Tusk|Great Tusk|100/100
|turn|1
|
|t:|1778508824
|move|p1a: Ogerpon|Horn Leech|p2a: Great Tusk
|-supereffective|p2a: Great Tusk
|-damage|p2a: Great Tusk|65/100
|move|p2a: Great Tusk|Rapid Spin|p1a: Ogerpon
|-resisted|p1a: Ogerpon
|-damage|p1a: Ogerpon|93/100
|-boost|p2a: Great Tusk|spe|1
|
|-heal|p2a: Great Tusk|72/100|[from] item: Leftovers
|upkeep
|turn|2
|
|t:|1778508831
|switch|p1a: Minior|Minior|100/100
|-formechange|p1a: Minior|Minior-Meteor||[from] ability: Shields Down
|move|p2a: Great Tusk|Ice Spinner|p1a: Minior
|-supereffective|p1a: Minior
|-damage|p1a: Minior|49/100
|
|-heal|p2a: Great Tusk|78/100|[from] item: Leftovers
|-formechange|p1a: Minior|Minior||[from] ability: Shields Down
|upkeep
|turn|3
|
|t:|1778508838
|move|p2a: Great Tusk|Ice Spinner|p1a: Minior
|-supereffective|p1a: Minior
|-damage|p1a: Minior|0 fnt
|faint|p1a: Minior
|
|-heal|p2a: Great Tusk|84/100|[from] item: Leftovers
|upkeep
|
|t:|1778508842
|switch|p1a: Rhyperior|Rhyperior, M|100/100
|turn|4
|
|t:|1778508845
|move|p2a: Great Tusk|Headlong Rush|p1a: Rhyperior
|-supereffective|p1a: Rhyperior
|-damage|p1a: Rhyperior|62/100
|-unboost|p2a: Great Tusk|def|1
|-unboost|p2a: Great Tusk|spd|1
|move|p1a: Rhyperior|Counter|p2a: Great Tusk
|-damage|p2a: Great Tusk|8/100
|
|-heal|p2a: Great Tusk|14/100|[from] item: Leftovers
|-heal|p1a: Rhyperior|68/100|[from] item: Leftovers
|upkeep
|turn|5
|
|t:|1778508859
|move|p2a: Great Tusk|Headlong Rush|p1a: Rhyperior
|-supereffective|p1a: Rhyperior
|-damage|p1a: Rhyperior|29/100
|-unboost|p2a: Great Tusk|def|1
|-unboost|p2a: Great Tusk|spd|1
|move|p1a: Rhyperior|Avalanche|p2a: Great Tusk
|-supereffective|p2a: Great Tusk
|-damage|p2a: Great Tusk|0 fnt
|faint|p2a: Great Tusk
|-end|p2a: Great Tusk|Protosynthesis|[silent]
|
|-heal|p1a: Rhyperior|35/100|[from] item: Leftovers
|upkeep
|
|t:|1778508881
|switch|p2a: Kyurem|Kyurem, shiny|100/100
|-ability|p2a: Kyurem|Pressure
|turn|6
|
|t:|1778508887
|switch|p1a: Tyranitar|Tyranitar, F|100/100
|-weather|Sandstorm|[from] ability: Sand Stream|[of] p1a: Tyranitar
|move|p2a: Kyurem|Earth Power|p1a: Tyranitar
|-supereffective|p1a: Tyranitar
|-damage|p1a: Tyranitar|84/100
|
|-weather|Sandstorm|[upkeep]
|-damage|p2a: Kyurem|94/100|[from] Sandstorm
|upkeep
|turn|7
|
|t:|1778508894
|switch|p2a: Ting-Lu|Ting-Lu, shiny|100/100
|-ability|p2a: Ting-Lu|Vessel of Ruin
|move|p1a: Tyranitar|Knock Off|p2a: Ting-Lu
|-resisted|p2a: Ting-Lu
|-damage|p2a: Ting-Lu|90/100
|-enditem|p2a: Ting-Lu|Leftovers|[from] move: Knock Off|[of] p1a: Tyranitar
|
|-weather|Sandstorm|[upkeep]
|upkeep
|turn|8
|
|t:|1778508902
|switch|p1a: Ogerpon|Ogerpon-Cornerstone, F|93/100
|move|p2a: Ting-Lu|Stealth Rock|p1a: Ogerpon
|-sidestart|p1: rexa2|move: Stealth Rock
|
|-weather|Sandstorm|[upkeep]
|upkeep
|turn|9
|
|t:|1778508913
|move|p1a: Ogerpon|Horn Leech|p2a: Ting-Lu
|-supereffective|p2a: Ting-Lu
|-damage|p2a: Ting-Lu|49/100
|-heal|p1a: Ogerpon|100/100|[from] drain|[of] p2a: Ting-Lu
|move|p2a: Ting-Lu|Ruination|p1a: Ogerpon
|-damage|p1a: Ogerpon|50/100
|
|-weather|Sandstorm|[upkeep]
|upkeep
|turn|10
|
|t:|1778508921
|switch|p2a: Ceruledge|Ceruledge, M|100/100
|move|p1a: Ogerpon|Ivy Cudgel|p2a: Ceruledge|[anim] Ivy Cudgel Rock
|-supereffective|p2a: Ceruledge
|-enditem|p2a: Ceruledge|Focus Sash
|-damage|p2a: Ceruledge|1/100
|-ability|p2a: Ceruledge|Weak Armor|boost
|-unboost|p2a: Ceruledge|def|1
|-boost|p2a: Ceruledge|spe|2
|
|-weather|none
|upkeep
|turn|11
|
|t:|1778508925
|switch|p1a: Tyranitar|Tyranitar, F|84/100
|-damage|p1a: Tyranitar|72/100|[from] Stealth Rock
|-weather|Sandstorm|[from] ability: Sand Stream|[of] p1a: Tyranitar
|move|p2a: Ceruledge|Bitter Blade|p1a: Tyranitar
|-resisted|p1a: Tyranitar
|-damage|p1a: Tyranitar|54/100
|-heal|p2a: Ceruledge|13/100|[from] drain|[of] p1a: Tyranitar
|
|-weather|Sandstorm|[upkeep]
|-damage|p2a: Ceruledge|7/100|[from] Sandstorm
|upkeep
|turn|12
|
|t:|1778508935
|switch|p1a: Rhyperior|Rhyperior, M|35/100
|-damage|p1a: Rhyperior|29/100|[from] Stealth Rock
|move|p2a: Ceruledge|Close Combat|p1a: Rhyperior
|-supereffective|p1a: Rhyperior
|-damage|p1a: Rhyperior|1/100
|-unboost|p2a: Ceruledge|def|1
|-unboost|p2a: Ceruledge|spd|1
|
|-weather|Sandstorm|[upkeep]
|-damage|p2a: Ceruledge|1/100|[from] Sandstorm
|-heal|p1a: Rhyperior|7/100|[from] item: Leftovers
|upkeep
|turn|13
|
|t:|1778508940
|move|p2a: Ceruledge|Bitter Blade|p1a: Rhyperior
|-resisted|p1a: Rhyperior
|-damage|p1a: Rhyperior|0 fnt
|-heal|p2a: Ceruledge|6/100|[from] drain|[of] p1a: Rhyperior
|faint|p1a: Rhyperior
|
|-weather|Sandstorm|[upkeep]
|-damage|p2a: Ceruledge|0 fnt|[from] Sandstorm
|faint|p2a: Ceruledge
|upkeep
|
|t:|1778508953
|switch|p2a: Ting-Lu|Ting-Lu, shiny|49/100
|switch|p1a: Ogerpon|Ogerpon-Cornerstone, F|50/100
|-damage|p1a: Ogerpon|38/100|[from] Stealth Rock
|-ability|p2a: Ting-Lu|Vessel of Ruin
|turn|14
|inactive|incinefraud has 120 seconds left.
|
|t:|1778508990
|switch|p2a: Kyurem|Kyurem, shiny|94/100
|-ability|p2a: Kyurem|Pressure
|move|p1a: Ogerpon|Horn Leech|p2a: Kyurem
|-resisted|p2a: Kyurem
|-damage|p2a: Kyurem|77/100
|-heal|p1a: Ogerpon|48/100|[from] drain|[of] p2a: Kyurem
|
|-weather|Sandstorm|[upkeep]
|-damage|p2a: Kyurem|71/100|[from] Sandstorm
|upkeep
|turn|15
|
|t:|1778508995
|move|p1a: Ogerpon|Ivy Cudgel|p2a: Kyurem|[anim] Ivy Cudgel Rock
|-supereffective|p2a: Kyurem
|-damage|p2a: Kyurem|0 fnt
|faint|p2a: Kyurem
|
|-weather|none
|upkeep
|inactive|incinefraud has 120 seconds left.
|
|t:|1778509006
|switch|p2a: Dragonite|Dragonite, M|100/100
|turn|16
|
|t:|1778509020
|-terastallize|p2a: Dragonite|Normal
|move|p1a: Ogerpon|Ivy Cudgel|p2a: Dragonite|[anim] Ivy Cudgel Rock
|-damage|p2a: Dragonite|76/100
|move|p2a: Dragonite|Dragon Dance|p2a: Dragonite
|-boost|p2a: Dragonite|atk|1
|-boost|p2a: Dragonite|spe|1
|
|-heal|p2a: Dragonite|82/100|[from] item: Leftovers
|upkeep
|turn|17
|
|t:|1778509029
|switch|p1a: Tyranitar|Tyranitar, F|54/100
|-damage|p1a: Tyranitar|42/100|[from] Stealth Rock
|-weather|Sandstorm|[from] ability: Sand Stream|[of] p1a: Tyranitar
|move|p2a: Dragonite|Dragon Dance|p2a: Dragonite
|-boost|p2a: Dragonite|atk|1
|-boost|p2a: Dragonite|spe|1
|
|-weather|Sandstorm|[upkeep]
|-damage|p2a: Dragonite|76/100|[from] Sandstorm
|-heal|p2a: Dragonite|82/100|[from] item: Leftovers
|upkeep
|turn|18
|
|t:|1778509033
|move|p2a: Dragonite|Earthquake|p1a: Tyranitar
|-supereffective|p1a: Tyranitar
|-damage|p1a: Tyranitar|0 fnt
|faint|p1a: Tyranitar
|
|-weather|Sandstorm|[upkeep]
|-damage|p2a: Dragonite|76/100|[from] Sandstorm
|-heal|p2a: Dragonite|82/100|[from] item: Leftovers
|upkeep
|
|t:|1778509035
|switch|p1a: Arcanine|Arcanine-Hisui, M|100/100
|-damage|p1a: Arcanine|76/100|[from] Stealth Rock
|turn|19
|
|t:|1778509042
|move|p1a: Arcanine|Extreme Speed|p2a: Dragonite
|-damage|p2a: Dragonite|43/100
|move|p2a: Dragonite|Earthquake|p1a: Arcanine
|-supereffective|p1a: Arcanine
|-crit|p1a: Arcanine
|-damage|p1a: Arcanine|0 fnt
|faint|p1a: Arcanine
|
|-weather|Sandstorm|[upkeep]
|-damage|p2a: Dragonite|37/100|[from] Sandstorm
|-heal|p2a: Dragonite|43/100|[from] item: Leftovers
|upkeep
|
|t:|1778509048
|switch|p1a: Glimmora|Glimmora, F|100/100
|-damage|p1a: Glimmora|88/100|[from] Stealth Rock
|turn|20
|
|t:|1778509053
|-terastallize|p1a: Glimmora|Grass
|move|p2a: Dragonite|Earthquake|p1a: Glimmora
|-resisted|p1a: Glimmora
|-damage|p1a: Glimmora|48/100
|-activate|p1a: Glimmora|ability: Toxic Debris
|-sidestart|p2: incinefraud|move: Toxic Spikes
|move|p1a: Glimmora|Sludge Wave|p2a: Dragonite
|-damage|p2a: Dragonite|0 fnt
|faint|p2a: Dragonite
|
|-weather|Sandstorm|[upkeep]
|-damage|p1a: Glimmora|42/100|[from] Sandstorm
|upkeep
|
|t:|1778509068
|switch|p2a: Ting-Lu|Ting-Lu, shiny|49/100
|-status|p2a: Ting-Lu|psn
|-ability|p2a: Ting-Lu|Vessel of Ruin
|turn|21
|
|t:|1778509087
|move|p1a: Glimmora|Sludge Wave|p2a: Ting-Lu
|-resisted|p2a: Ting-Lu
|-damage|p2a: Ting-Lu|39/100 psn
|move|p2a: Ting-Lu|Ruination|p1a: Glimmora
|-damage|p1a: Glimmora|21/100
|
|-weather|none
|-damage|p2a: Ting-Lu|26/100 psn|[from] psn
|upkeep
|turn|22
|
|t:|1778509093
|move|p1a: Glimmora|Sludge Wave|p2a: Ting-Lu
|-resisted|p2a: Ting-Lu
|-crit|p2a: Ting-Lu
|-damage|p2a: Ting-Lu|9/100 psn
|move|p2a: Ting-Lu|Earthquake|p1a: Glimmora
|-resisted|p1a: Glimmora
|-damage|p1a: Glimmora|0 fnt
|-activate|p1a: Glimmora|ability: Toxic Debris
|-sidestart|p2: incinefraud|move: Toxic Spikes
|faint|p1a: Glimmora
|
|-damage|p2a: Ting-Lu|0 fnt|[from] psn
|faint|p2a: Ting-Lu
|upkeep
|
|t:|1778509099
|switch|p1a: Ogerpon|Ogerpon-Cornerstone, F|48/100
|switch|p2a: Hatterene|Hatterene, F|100/100
|-damage|p1a: Ogerpon|35/100|[from] Stealth Rock
|-status|p2a: Hatterene|tox
|turn|23
|
|t:|1778509104
|move|p1a: Ogerpon|Horn Leech|p2a: Hatterene
|-damage|p2a: Hatterene|62/100 tox
|-heal|p1a: Ogerpon|52/100|[from] drain|[of] p2a: Hatterene
|move|p2a: Hatterene|Psychic Noise|p1a: Ogerpon
|-damage|p1a: Ogerpon|13/100
|-start|p1a: Ogerpon|move: Heal Block
|
|-damage|p2a: Hatterene|56/100 tox|[from] psn
|upkeep
|turn|24
|
|t:|1778509112
|move|p1a: Ogerpon|Ivy Cudgel|p2a: Hatterene|[anim] Ivy Cudgel Rock
|-damage|p2a: Hatterene|7/100 tox
|move|p2a: Hatterene|Draining Kiss|p1a: Ogerpon
|-damage|p1a: Ogerpon|0 fnt
|-heal|p2a: Hatterene|18/100 tox|[from] drain|[of] p1a: Ogerpon
|faint|p1a: Ogerpon
|
|win|incinefraud
|raw|rexa2's rating: 1382 &rarr; <strong>1361</strong><br />(-21 for losing)
|raw|incinefraud's rating: 1358 &rarr; <strong>1379</strong><br />(+21 for winning)
|l|☆incinefraud
|player|p2|
|l|☆rexa2
|player|p1|
