|html|<div class="broadcast-blue"><strong>[Gen 9] OU is currently suspecting Volcarona! For information on how to participate check out the <a href="https://www.smogon.com/tools/suspects/view/208">suspect thread</a>.</strong></div>
|j|☆bigene
|j|☆vartholomeus
|t:|1778508334
|gametype|singles
|player|p1|bigene|101|1524
|player|p2|vartholomeus|gambler|1529
|gen|9
|tier|[Gen 9] OU
|rated|
|rule|HP Percentage Mod: HP is shown in percentages
|rule|Endless Battle Clause: Forcing endless battles is banned
|rule|Species Clause: Limit one of each Pokémon
|rule|OHKO Clause: OHKO moves are banned
|rule|Evasion Items Clause: Evasion items are banned
|rule|Evasion Moves Clause: Evasion moves are banned
|rule|Evasion Abilities Clause: Evasion abilities are banned
|rule|Sleep Moves Clause: Sleep-inducing moves are banned
|clearpoke
|poke|p1|Zamazenta-*|
|poke|p1|Dragonite, M|
|poke|p1|Ting-Lu|
|poke|p1|Ogerpon-Wellspring, F|
|poke|p1|Gholdengo|
|poke|p1|Conkeldurr, F|
|poke|p2|Landorus-Therian, M|
|poke|p2|Kleavor, F|
|poke|p2|Greninja-*, M|
|poke|p2|Rillaboom, F|
|poke|p2|Iron Hands|
|poke|p2|Gholdengo|
|teampreview
|inactive|Battle timer is ON: inactive players will automatically lose when time's up. (requested by vartholomeus)
|
|t:|1778508356
|teamsize|p1|6
|teamsize|p2|6
|start
|switch|p1a: Ting-Lu|Ting-Lu|100/100
|switch|p2a: Klingk|Kleavor, F|100/100
|-ability|p1a: Ting-Lu|Vessel of Ruin
|turn|1
|
|t:|1778508363
|move|p2a: Klingk|Swords Dance|p2a: Klingk
|-boost|p2a: Klingk|atk|2
|move|p1a: Ting-Lu|Stealth Rock|p2a: Klingk
|-sidestart|p2: vartholomeus|move: Stealth Rock
|
|upkeep
|turn|2
|
|t:|1778508369
|move|p2a: Klingk|Stone Axe|p1a: Ting-Lu
|-resisted|p1a: Ting-Lu
|-damage|p1a: Ting-Lu|78/100
|-sidestart|p1: bigene|move: Stealth Rock
|-enditem|p1a: Ting-Lu|Red Card|[of] p2a: Klingk
|drag|p2a: E.Honda|Iron Hands|100/100
|-damage|p2a: E.Honda|94/100|[from] Stealth Rock
|-enditem|p2a: E.Honda|Booster Energy
|-activate|p2a: E.Honda|ability: Quark Drive|[fromitem]
|-start|p2a: E.Honda|quarkdriveatk
|move|p1a: Ting-Lu|Spikes|p2a: E.Honda
|-sidestart|p2: vartholomeus|Spikes
|
|upkeep
|turn|3
|
|t:|1778508379
|move|p2a: E.Honda|Drain Punch|p1a: Ting-Lu
|-supereffective|p1a: Ting-Lu
|-damage|p1a: Ting-Lu|29/100
|-heal|p2a: E.Honda|100/100|[from] drain|[of] p1a: Ting-Lu
|move|p1a: Ting-Lu|Spikes|p2a: E.Honda
|-sidestart|p2: vartholomeus|Spikes
|
|upkeep
|turn|4
|
|t:|1778508386
|move|p2a: E.Honda|Ice Punch|p1a: Ting-Lu
|-supereffective|p1a: Ting-Lu
|-damage|p1a: Ting-Lu|0 fnt
|faint|p1a: Ting-Lu
|
|upkeep
|
|t:|1778508396
|switch|p1a: Gholdengo|Gholdengo|100/100
|-damage|p1a: Gholdengo|94/100|[from] Stealth Rock
|turn|5
|
|t:|1778508401
|move|p1a: Gholdengo|Shadow Ball|p2a: E.Honda
|-damage|p2a: E.Honda|63/100
|move|p2a: E.Honda|Thunder Punch|p1a: Gholdengo
|-damage|p1a: Gholdengo|26/100
|
|upkeep
|turn|6
|j| Fat_Yogi
|
|t:|1778508410
|move|p1a: Gholdengo|Shadow Ball|p2a: E.Honda
|-damage|p2a: E.Honda|28/100
|move|p2a: E.Honda|Thunder Punch|p1a: Gholdengo
|-damage|p1a: Gholdengo|0 fnt
|faint|p1a: Gholdengo
|
|upkeep
|
|t:|1778508418
|switch|p1a: Ogerpon|Ogerpon-Wellspring, F|100/100
|-damage|p1a: Ogerpon|88/100|[from] Stealth Rock
|turn|7
|
|t:|1778508422
|move|p1a: Ogerpon|Ivy Cudgel|p2a: E.Honda|[anim] Ivy Cudgel Water
|-damage|p2a: E.Honda|0 fnt
|faint|p2a: E.Honda
|-end|p2a: E.Honda|Quark Drive|[silent]
|
|upkeep
|
|t:|1778508428
|switch|p2a: Rolla|Rillaboom, F|100/100
|-damage|p2a: Rolla|88/100|[from] Stealth Rock
|-damage|p2a: Rolla|71/100|[from] Spikes
|-fieldstart|move: Grassy Terrain|[from] ability: Grassy Surge|[of] p2a: Rolla
|turn|8
|
|t:|1778508435
|switch|p1a: Conkeldurr|Conkeldurr, F|100/100
|-damage|p1a: Conkeldurr|94/100|[from] Stealth Rock
|move|p2a: Rolla|U-turn|p1a: Conkeldurr
|-resisted|p1a: Conkeldurr
|-damage|p1a: Conkeldurr|84/100
|
|t:|1778508439
|switch|p2a: Mantequillo|Gholdengo|100/100|[from] U-turn
|-damage|p2a: Mantequillo|94/100|[from] Stealth Rock
|-damage|p2a: Mantequillo|78/100|[from] Spikes
|
|-heal|p2a: Mantequillo|84/100|[from] Grassy Terrain
|-heal|p1a: Conkeldurr|90/100|[from] Grassy Terrain
|-status|p1a: Conkeldurr|brn|[from] item: Flame Orb
|upkeep
|turn|9
|
|t:|1778508449
|move|p2a: Mantequillo|Make It Rain|p1a: Conkeldurr
|-damage|p1a: Conkeldurr|15/100 brn
|-unboost|p2a: Mantequillo|spa|1
|move|p1a: Conkeldurr|Knock Off|p2a: Mantequillo
|-supereffective|p2a: Mantequillo
|-damage|p2a: Mantequillo|0 fnt
|-enditem|p2a: Mantequillo|Choice Scarf|[from] move: Knock Off|[of] p1a: Conkeldurr
|faint|p2a: Mantequillo
|
|-heal|p1a: Conkeldurr|22/100 brn|[from] Grassy Terrain
|-damage|p1a: Conkeldurr|15/100 brn|[from] brn
|upkeep
|
|t:|1778508456
|switch|p2a: Suke|Greninja, M|100/100
|-damage|p2a: Suke|88/100|[from] Stealth Rock
|-damage|p2a: Suke|72/100|[from] Spikes
|turn|10
|
|t:|1778508464
|move|p2a: Suke|Water Shuriken|p1a: Conkeldurr
|-damage|p1a: Conkeldurr|4/100 brn
|-damage|p1a: Conkeldurr|0 fnt
|faint|p1a: Conkeldurr
|-ability|p2a: Suke|Battle Bond|boost
|-boost|p2a: Suke|atk|1
|-boost|p2a: Suke|spa|1
|-boost|p2a: Suke|spe|1
|-activate|p2a: Suke|ability: Battle Bond
|-hitcount|p1: Conkeldurr|2
|-damage|p2a: Suke|62/100|[from] item: Life Orb
|
|-heal|p2a: Suke|68/100|[from] Grassy Terrain
|upkeep
|
|t:|1778508484
|switch|p1a: Dragonite|Dragonite, M|100/100
|-damage|p1a: Dragonite|76/100|[from] Stealth Rock
|turn|11
|
|t:|1778508490
|-terastallize|p1a: Dragonite|Normal
|move|p2a: Suke|Ice Beam|p1a: Dragonite
|-damage|p1a: Dragonite|21/100
|-damage|p2a: Suke|58/100|[from] item: Life Orb
|move|p1a: Dragonite|Dragon Dance|p1a: Dragonite
|-boost|p1a: Dragonite|atk|1
|-boost|p1a: Dragonite|spe|1
|
|-heal|p2a: Suke|64/100|[from] Grassy Terrain
|-heal|p1a: Dragonite|27/100|[from] Grassy Terrain
|upkeep
|turn|12
|
|t:|1778508500
|move|p1a: Dragonite|Extreme Speed|p2a: Suke
|-damage|p2a: Suke|0 fnt
|faint|p2a: Suke
|
|-heal|p1a: Dragonite|33/100|[from] Grassy Terrain
|upkeep
|
|t:|1778508508
|switch|p2a: Landa|Landorus-Therian, M|100/100
|-damage|p2a: Landa|88/100|[from] Stealth Rock
|-ability|p2a: Landa|Intimidate|boost
|-unboost|p1a: Dragonite|atk|1
|turn|13
|
|t:|1778508513
|move|p1a: Dragonite|Extreme Speed|p2a: Landa
|-damage|p2a: Landa|23/100
|move|p2a: Landa|Earth Power|p1a: Dragonite
|-damage|p1a: Dragonite|0 fnt
|faint|p1a: Dragonite
|
|upkeep
|
|t:|1778508522
|switch|p1a: Ogerpon|Ogerpon-Wellspring, F|88/100
|-damage|p1a: Ogerpon|76/100|[from] Stealth Rock
|turn|14
|
|t:|1778508527
|switch|p2a: Rolla|Rillaboom, F|71/100
|-damage|p2a: Rolla|59/100|[from] Stealth Rock
|-damage|p2a: Rolla|42/100|[from] Spikes
|move|p1a: Ogerpon|Horn Leech|p2a: Rolla
|-resisted|p2a: Rolla
|-damage|p2a: Rolla|13/100
|-heal|p1a: Ogerpon|95/100|[from] drain|[of] p2a: Rolla
|
|-heal|p1a: Ogerpon|100/100|[from] Grassy Terrain
|-heal|p2a: Rolla|19/100|[from] Grassy Terrain
|upkeep
|turn|15
|
|t:|1778508540
|move|p2a: Rolla|Grassy Glide|p1a: Ogerpon
|-damage|p1a: Ogerpon|50/100
|move|p1a: Ogerpon|Ivy Cudgel|p2a: Rolla|[anim] Ivy Cudgel Water
|-resisted|p2a: Rolla
|-crit|p2a: Rolla
|-damage|p2a: Rolla|0 fnt
|faint|p2a: Rolla
|
|-heal|p1a: Ogerpon|56/100|[from] Grassy Terrain
|-fieldend|move: Grassy Terrain
|upkeep
|
|t:|1778508546
|switch|p2a: Landa|Landorus-Therian, M|23/100
|-damage|p2a: Landa|11/100|[from] Stealth Rock
|-ability|p2a: Landa|Intimidate|boost
|-unboost|p1a: Ogerpon|atk|1
|turn|16
|
|t:|1778508553
|move|p2a: Landa|U-turn|p1a: Ogerpon
|-supereffective|p1a: Ogerpon
|-damage|p1a: Ogerpon|0 fnt
|faint|p1a: Ogerpon
|
|t:|1778508556
|switch|p2a: Klingk|Kleavor, F|100/100|[from] U-turn
|-damage|p2a: Klingk|76/100|[from] Stealth Rock
|-damage|p2a: Klingk|59/100|[from] Spikes
|
|upkeep
|
|t:|1778508562
|switch|p1a: Zamazenta|Zamazenta|100/100
|-damage|p1a: Zamazenta|94/100|[from] Stealth Rock
|-ability|p1a: Zamazenta|Dauntless Shield|boost
|-boost|p1a: Zamazenta|def|1
|turn|17
|
|t:|1778508568
|move|p1a: Zamazenta|Body Press|p2a: Klingk
|-damage|p2a: Klingk|0 fnt
|faint|p2a: Klingk
|
|-heal|p1a: Zamazenta|100/100|[from] item: Leftovers
|upkeep
|
|t:|1778508572
|switch|p2a: Landa|Landorus-Therian, M|11/100
|-damage|p2a: Landa|0 fnt|[from] Stealth Rock
|faint|p2a: Landa
|
|win|bigene
|raw|bigene's rating: 1524 &rarr; <strong>1544</strong><br />(+20 for winning)
|raw|vartholomeus's rating: 1529 &rarr; <strong>1509</strong><br />(-20 for losing)
|l|☆vartholomeus
|player|p2|
|l| Fat_Yogi
