|html|<div class="broadcast-blue"><strong>[Gen 9] OU is currently suspecting Tera Blast! For information on how to participate check out the <a href="https://www.smogon.com/tools/suspects/view/200">suspect thread</a>.</strong></div>
|j|☆oddummm
|j|☆table_man_10293
|t:|1776093991
|gametype|singles
|player|p1|oddummm|shelly|1347
|player|p2|table_man_10293|101|1407
|gen|9
|tier|[Gen 9] OU
|rated|
|rule|HP Percentage Mod: HP is shown in percentages
|rule|Endless Battle Clause: Forcing endless battles is banned
|rule|Species Clause: Limit one of each Pokémon
|rule|OHKO Clause: OHKO moves are banned
|rule|Evasion Items Clause: Evasion items are banned
|rule|Evasion Moves Clause: Evasion moves are banned
|rule|Evasion Abilities Clause: Evasion abilities are banned
|rule|Sleep Moves Clause: Sleep-inducing moves are banned
|clearpoke
|poke|p1|Crawdaunt, M|
|poke|p1|Pelipper, M|
|poke|p1|Iron Treads|
|poke|p1|Pecharunt|
|poke|p1|Zapdos|
|poke|p1|Dragonite, F|
|poke|p2|Great Tusk|
|poke|p2|Zapdos|
|poke|p2|Meowscarada, F|
|poke|p2|Kingambit, M|
|poke|p2|Dragapult, M|
|poke|p2|Clefable, F|
|teampreview
|inactive|Battle timer is ON: inactive players will automatically lose when time's up. (requested by oddummm)
|j| GamerLandrick_
|c|☆table_man_10293|hf
|c|☆oddummm|u2
|c| GamerLandrick_|gamerlandrick_ is hype
|c|☆table_man_10293|classic
|c|☆oddummm|fact
|inactive|table_man_10293 has 120 seconds left.
|c|☆table_man_10293|is that the strongest knock off user i see 🥀
|c|☆oddummm|my goat
|c|☆oddummm|mr craw
|inactive|table_man_10293 has 90 seconds left.
|
|t:|1776094053
|teamsize|p1|6
|teamsize|p2|6
|start
|switch|p1a: Pelipper|Pelipper, M|100/100
|switch|p2a: Dragapult|Dragapult, M|100/100
|-weather|RainDance|[from] ability: Drizzle|[of] p1a: Pelipper
|turn|1
|c| GamerLandrick_|omg hype toilet bird
|
|t:|1776094072
|move|p2a: Dragapult|Substitute|p2a: Dragapult
|-start|p2a: Dragapult|Substitute
|-damage|p2a: Dragapult|76/100
|move|p1a: Pelipper|U-turn|p2a: Dragapult
|-resisted|p2a: Dragapult
|-activate|p2a: Dragapult|move: Substitute|[damage]
|
|t:|1776094080
|switch|p1a: Iron Treads|Iron Treads|100/100|[from] U-turn
|
|-weather|RainDance|[upkeep]
|-heal|p2a: Dragapult|82/100|[from] item: Leftovers
|upkeep
|turn|2
|
|t:|1776094088
|move|p2a: Dragapult|Hex|p1a: Iron Treads
|-crit|p1a: Iron Treads
|-damage|p1a: Iron Treads|38/100
|move|p1a: Iron Treads|Knock Off|p2a: Dragapult
|-supereffective|p2a: Dragapult
|-end|p2a: Dragapult|Substitute
|
|-weather|RainDance|[upkeep]
|-heal|p2a: Dragapult|88/100|[from] item: Leftovers
|-heal|p1a: Iron Treads|44/100|[from] item: Leftovers
|upkeep
|turn|3
|
|t:|1776094103
|switch|p2a: Great Tusk|Great Tusk|100/100
|move|p1a: Iron Treads|Knock Off|p2a: Great Tusk
|-resisted|p2a: Great Tusk
|-damage|p2a: Great Tusk|89/100
|-enditem|p2a: Great Tusk|Heavy-Duty Boots|[from] move: Knock Off|[of] p1a: Iron Treads
|
|-weather|RainDance|[upkeep]
|-heal|p1a: Iron Treads|50/100|[from] item: Leftovers
|upkeep
|turn|4
|c|☆table_man_10293|the strongest of history vs the strongest of today ahh 🥀
|inactive|table_man_10293 has 120 seconds left.
|
|t:|1776094133
|-end|p1a: Iron Treads|Quark Drive|[silent]
|switch|p1a: Zapdos|Zapdos|100/100
|move|p2a: Great Tusk|Headlong Rush|p1a: Zapdos
|-immune|p1a: Zapdos
|
|-weather|RainDance|[upkeep]
|upkeep
|turn|5
|
|t:|1776094139
|-end|p2a: Great Tusk|Protosynthesis|[silent]
|switch|p2a: Kingambit|Kingambit, M|100/100
|-item|p2a: Kingambit|Air Balloon
|move|p1a: Zapdos|Weather Ball|p2a: Kingambit
|-damage|p2a: Kingambit|10/100
|-enditem|p2a: Kingambit|Air Balloon
|
|-weather|RainDance|[upkeep]
|upkeep
|turn|6
|l| GamerLandrick_
|c|☆table_man_10293|🥀
|
|t:|1776094146
|move|p2a: Kingambit|Sucker Punch|p1a: Zapdos
|-damage|p1a: Zapdos|51/100
|move|p1a: Zapdos|Weather Ball|p2a: Kingambit
|-damage|p2a: Kingambit|0 fnt
|faint|p2a: Kingambit
|-end|p2a: Kingambit|fallenundefined|[silent]
|
|-weather|RainDance|[upkeep]
|upkeep
|
|t:|1776094152
|switch|p2a: Meowscarada|Meowscarada, F|100/100
|turn|7
|
|t:|1776094156
|switch|p1a: Pecharunt|Pecharunt|100/100
|move|p2a: Meowscarada|Knock Off|p1a: Pecharunt
|-start|p2a: Meowscarada|typechange|Dark|[from] ability: Protean
|-supereffective|p1a: Pecharunt
|-damage|p1a: Pecharunt|39/100
|-enditem|p1a: Pecharunt|Heavy-Duty Boots|[from] move: Knock Off|[of] p2a: Meowscarada
|
|-weather|RainDance|[upkeep]
|upkeep
|turn|8
|
|t:|1776094162
|move|p2a: Meowscarada|Knock Off|p1a: Pecharunt
|-supereffective|p1a: Pecharunt
|-damage|p1a: Pecharunt|0 fnt
|faint|p1a: Pecharunt
|
|-weather|none
|upkeep
|c|☆table_man_10293|thats my goat
|
|t:|1776094179
|switch|p1a: Dragonite|Dragonite, F|100/100
|turn|9
|c|☆table_man_10293|goatscrada
|
|t:|1776094190
|switch|p2a: Clefable|Clefable, F|100/100
|move|p1a: Dragonite|Dragon Dance|p1a: Dragonite
|-boost|p1a: Dragonite|atk|1
|-boost|p1a: Dragonite|spe|1
|
|upkeep
|turn|10
|
|t:|1776094197
|switch|p1a: Pelipper|Pelipper, M|100/100
|-weather|RainDance|[from] ability: Drizzle|[of] p1a: Pelipper
|move|p2a: Clefable|Thunder Wave|p1a: Pelipper
|-status|p1a: Pelipper|par
|
|-weather|RainDance|[upkeep]
|upkeep
|turn|11
|
|t:|1776094204
|move|p2a: Clefable|Stealth Rock|p1a: Pelipper
|-sidestart|p1: oddummm|move: Stealth Rock
|move|p1a: Pelipper|U-turn|p2a: Clefable
|-resisted|p2a: Clefable
|-damage|p2a: Clefable|95/100
|
|t:|1776094207
|switch|p1a: Crawdaunt|Crawdaunt, M|100/100|[from] U-turn
|-damage|p1a: Crawdaunt|88/100|[from] Stealth Rock
|
|-weather|RainDance|[upkeep]
|-heal|p2a: Clefable|100/100|[from] item: Leftovers
|upkeep
|turn|12
|c|☆table_man_10293|🥀
|c|☆oddummm|In.
|
|t:|1776094229
|-terastallize|p2a: Clefable|Water
|move|p1a: Crawdaunt|Crabhammer|p2a: Clefable
|-resisted|p2a: Clefable
|-crit|p2a: Clefable
|-damage|p2a: Clefable|0 fnt
|faint|p2a: Clefable
|
|-weather|RainDance|[upkeep]
|upkeep
|c|☆oddummm|LOL
|c|☆table_man_10293|THE FUCK
|c|☆table_man_10293|WHAT THE FUCK
|c|☆table_man_10293|AINT NO FUCKING WAY
|inactive|table_man_10293 has 120 seconds left.
|c|☆oddummm|im crying
|c|☆table_man_10293|BRO DA GOAT 🥀
|
|t:|1776094252
|switch|p2a: Meowscarada|Meowscarada, F|100/100
|turn|13
|inactive|table_man_10293 has 120 seconds left.
|
|t:|1776094266
|switch|p1a: Iron Treads|Iron Treads|50/100
|-damage|p1a: Iron Treads|47/100|[from] Stealth Rock
|move|p2a: Meowscarada|Flower Trick|p1a: Iron Treads
|-start|p2a: Meowscarada|typechange|Grass|[from] ability: Protean
|-crit|p1a: Iron Treads
|-damage|p1a: Iron Treads|0 fnt
|faint|p1a: Iron Treads
|-end|p1a: Iron Treads|Quark Drive|[silent]
|
|-weather|RainDance|[upkeep]
|upkeep
|
|t:|1776094269
|switch|p1a: Dragonite|Dragonite, F|100/100
|turn|14
|
|t:|1776094276
|switch|p2a: Dragapult|Dragapult, M|88/100
|move|p1a: Dragonite|Dragon Dance|p1a: Dragonite
|-boost|p1a: Dragonite|atk|1
|-boost|p1a: Dragonite|spe|1
|
|-weather|RainDance|[upkeep]
|-heal|p2a: Dragapult|94/100|[from] item: Leftovers
|upkeep
|turn|15
|
|t:|1776094283
|move|p2a: Dragapult|Thunder Wave|p1a: Dragonite
|-status|p1a: Dragonite|par
|cant|p1a: Dragonite|par
|
|-weather|RainDance|[upkeep]
|-heal|p2a: Dragapult|99/100|[from] item: Leftovers
|upkeep
|turn|16
|
|t:|1776094291
|move|p2a: Dragapult|Dragon Darts|p1a: Dragonite
|-supereffective|p1a: Dragonite
|-damage|p1a: Dragonite|79/100 par
|-anim|p2a: Dragapult|Dragon Darts|p1a: Dragonite
|-supereffective|p1a: Dragonite
|-damage|p1a: Dragonite|36/100 par
|move|p1a: Dragonite|Ice Spinner|p2a: Dragapult
|-supereffective|p2a: Dragapult
|-damage|p2a: Dragapult|0 fnt
|faint|p2a: Dragapult
|
|-weather|RainDance|[upkeep]
|upkeep
|c|☆oddummm|why is evertyhing twave.
|c|☆table_man_10293|banded meow + twave spam
|inactive|table_man_10293 has 120 seconds left.
|c|☆table_man_10293|oh fuck i told u item on my meow
|
|t:|1776094321
|switch|p2a: Meowscarada|Meowscarada, F|100/100
|turn|17
|inactive|table_man_10293 has 120 seconds left.
|c|☆oddummm|please dragonite i need this
|c|☆oddummm|my moms kinda homeless
|c|☆table_man_10293|🥀
|
|t:|1776094348
|move|p1a: Dragonite|Extreme Speed|p2a: Meowscarada
|-damage|p2a: Meowscarada|21/100
|move|p2a: Meowscarada|Knock Off|p1a: Dragonite
|-start|p2a: Meowscarada|typechange|Dark|[from] ability: Protean
|-damage|p1a: Dragonite|0 fnt
|-enditem|p1a: Dragonite|Heavy-Duty Boots|[from] move: Knock Off|[of] p2a: Meowscarada
|faint|p1a: Dragonite
|
|-weather|none
|upkeep
|
|t:|1776094358
|switch|p1a: Crawdaunt|Crawdaunt, M|88/100
|-damage|p1a: Crawdaunt|76/100|[from] Stealth Rock
|turn|18
|c|☆table_man_10293|meowscrada trying not to laugh 🥀
|
|t:|1776094366
|move|p1a: Crawdaunt|Aqua Jet|p2a: Meowscarada
|-damage|p2a: Meowscarada|0 fnt
|faint|p2a: Meowscarada
|
|upkeep
|
|t:|1776094369
|switch|p2a: Zapdos|Zapdos|100/100
|turn|19
|
|t:|1776094372
|switch|p1a: Pelipper|Pelipper, M|100/100 par
|-damage|p1a: Pelipper|76/100 par|[from] Stealth Rock
|-weather|RainDance|[from] ability: Drizzle|[of] p1a: Pelipper
|move|p2a: Zapdos|Volt Switch|p1a: Pelipper
|-supereffective|p1a: Pelipper
|-damage|p1a: Pelipper|0 fnt
|faint|p1a: Pelipper
|c|☆table_man_10293|ye gg
|c|☆oddummm|gg!
|inactive|table_man_10293 has 120 seconds left.
|c|☆table_man_10293|aqua jet cleans  🥀
|
|t:|1776094388
|switch|p2a: Great Tusk|Great Tusk|89/100|[from] Volt Switch
|
|-weather|RainDance|[upkeep]
|upkeep
|
|t:|1776094391
|switch|p1a: Zapdos|Zapdos|51/100
|-damage|p1a: Zapdos|26/100|[from] Stealth Rock
|turn|20
|
|t:|1776094398
|move|p1a: Zapdos|Weather Ball|p2a: Great Tusk
|-supereffective|p2a: Great Tusk
|-damage|p2a: Great Tusk|0 fnt
|faint|p2a: Great Tusk
|-end|p2a: Great Tusk|Protosynthesis|[silent]
|
|-weather|RainDance|[upkeep]
|upkeep
|
|t:|1776094401
|switch|p2a: Zapdos|Zapdos|100/100
|turn|21
|
|t:|1776094406
|move|p1a: Zapdos|Weather Ball|p2a: Zapdos
|-damage|p2a: Zapdos|25/100
|move|p2a: Zapdos|Volt Switch|p1a: Zapdos
|-damage|p1a: Zapdos|0 fnt
|faint|p1a: Zapdos
|
|-weather|RainDance|[upkeep]
|upkeep
|
|t:|1776094409
|switch|p1a: Crawdaunt|Crawdaunt, M|76/100
|-damage|p1a: Crawdaunt|64/100|[from] Stealth Rock
|turn|22
|c|☆table_man_10293|gg
|c|☆oddummm|gg
|c|☆table_man_10293|it was lovely fighting u
|c|☆oddummm|likewise <3
|c|☆table_man_10293|would u like to join our discord?
|
|t:|1776094426
|-terastallize|p1a: Crawdaunt|Water
|move|p1a: Crawdaunt|Aqua Jet|p2a: Zapdos
|-damage|p2a: Zapdos|0 fnt
|faint|p2a: Zapdos
|
|win|oddummm
|raw|oddummm's rating: 1347 &rarr; <strong>1370</strong><br />(+23 for winning)
|raw|table_man_10293's rating: 1407 &rarr; <strong>1384</strong><br />(-23 for losing)
|c|☆oddummm|nah im okay
|c|☆table_man_10293|oh ok
|c|☆table_man_10293|have a lovely day :D
|c|☆oddummm|was fun tho u2!
