|html|<div class="broadcast-blue"><strong>[Gen 9] OU is currently suspecting Tera Blast! For information on how to participate check out the <a href="https://www.smogon.com/tools/suspects/view/200">suspect thread</a>.</strong></div>
|j|☆the floorist
|j|☆icylikedecember
|t:|1776048946
|gametype|singles
|player|p1|the floorist|gambler-gen1|1703
|player|p2|icylikedecember|skierf|1727
|gen|9
|tier|[Gen 9] OU
|rated|
|rule|HP Percentage Mod: HP is shown in percentages
|rule|Endless Battle Clause: Forcing endless battles is banned
|rule|Species Clause: Limit one of each Pokémon
|rule|OHKO Clause: OHKO moves are banned
|rule|Evasion Items Clause: Evasion items are banned
|rule|Evasion Moves Clause: Evasion moves are banned
|rule|Evasion Abilities Clause: Evasion abilities are banned
|rule|Sleep Moves Clause: Sleep-inducing moves are banned
|clearpoke
|poke|p1|Vileplume, F|
|poke|p1|Kingambit, M|
|poke|p1|Great Tusk|
|poke|p1|Ting-Lu|
|poke|p1|Moltres|
|poke|p1|Iron Valiant|
|poke|p2|Landorus-Therian, M|
|poke|p2|Corviknight, F|
|poke|p2|Slowking-Galar, M|
|poke|p2|Crawdaunt, M|
|poke|p2|Darkrai|
|poke|p2|Gholdengo|
|teampreview
|inactive|Battle timer is ON: inactive players will automatically lose when time's up. (requested by the floorist)
|
|t:|1776048963
|teamsize|p1|6
|teamsize|p2|6
|start
|switch|p1a: plumey|Vileplume, F|100/100
|switch|p2a: Slowking|Slowking-Galar, M, shiny|100/100
|turn|1
|
|t:|1776048969
|move|p1a: plumey|Stun Spore|p2a: Slowking
|-status|p2a: Slowking|par
|move|p2a: Slowking|Psyshock|p1a: plumey
|-supereffective|p1a: plumey
|-damage|p1a: plumey|41/100
|
|upkeep
|turn|2
|
|t:|1776048982
|switch|p1a: The Professor|Ting-Lu|100/100
|-ability|p1a: The Professor|Vessel of Ruin
|move|p2a: Slowking|Ice Beam|p1a: The Professor
|-supereffective|p1a: The Professor
|-damage|p1a: The Professor|75/100
|
|-heal|p1a: The Professor|81/100|[from] item: Leftovers
|upkeep
|turn|3
|
|t:|1776048990
|switch|p2a: Crawdaunt|Crawdaunt, M|100/100
|move|p1a: The Professor|Ruination|p2a: Crawdaunt
|-damage|p2a: Crawdaunt|51/100
|
|-heal|p1a: The Professor|88/100|[from] item: Leftovers
|upkeep
|turn|4
|
|t:|1776048995
|switch|p1a: plumey|Vileplume, F|41/100
|move|p2a: Crawdaunt|Crabhammer|p1a: plumey
|-resisted|p1a: plumey
|-crit|p1a: plumey
|-damage|p1a: plumey|0 fnt
|-damage|p2a: Crawdaunt|34/100|[from] item: Rocky Helmet|[of] p1a: plumey
|faint|p1a: plumey
|
|upkeep
|
|t:|1776049017
|switch|p1a: spumoni|Iron Valiant|100/100
|-enditem|p1a: spumoni|Booster Energy
|-activate|p1a: spumoni|ability: Quark Drive|[fromitem]
|-start|p1a: spumoni|quarkdrivespe
|turn|5
|
|t:|1776049022
|switch|p2a: Corviknight|Corviknight, F, shiny|100/100
|-ability|p2a: Corviknight|Pressure
|move|p1a: spumoni|Moonblast|p2a: Corviknight
|-resisted|p2a: Corviknight
|-damage|p2a: Corviknight|79/100
|
|-heal|p2a: Corviknight|85/100|[from] item: Leftovers
|upkeep
|turn|6
|
|t:|1776049029
|-end|p1a: spumoni|Quark Drive|[silent]
|switch|p1a: julian fuego|Moltres|100/100
|move|p2a: Corviknight|U-turn|p1a: julian fuego
|-resisted|p1a: julian fuego
|-damage|p1a: julian fuego|97/100
|
|t:|1776049045
|switch|p2a: Crawdaunt|Crawdaunt, M|34/100|[from] U-turn
|
|upkeep
|turn|7
|
|t:|1776049048
|move|p2a: Crawdaunt|Aqua Jet|p1a: julian fuego
|-supereffective|p1a: julian fuego
|-damage|p1a: julian fuego|14/100
|move|p1a: julian fuego|U-turn|p2a: Crawdaunt
|-supereffective|p2a: Crawdaunt
|-damage|p2a: Crawdaunt|0 fnt
|faint|p2a: Crawdaunt
|
|t:|1776049061
|switch|p1a: clever husk|Great Tusk|100/100|[from] U-turn
|
|upkeep
|
|t:|1776049065
|switch|p2a: Darkrai|Darkrai|100/100
|turn|8
|
|t:|1776049069
|-end|p1a: clever husk|Protosynthesis|[silent]
|switch|p1a: The Professor|Ting-Lu|88/100
|-ability|p1a: The Professor|Vessel of Ruin
|move|p2a: Darkrai|Ice Beam|p1a: The Professor
|-supereffective|p1a: The Professor
|-damage|p1a: The Professor|54/100
|
|-heal|p1a: The Professor|60/100|[from] item: Leftovers
|upkeep
|turn|9
|
|t:|1776049081
|move|p2a: Darkrai|Focus Blast|p1a: The Professor
|-supereffective|p1a: The Professor
|-damage|p1a: The Professor|20/100
|move|p1a: The Professor|Ruination|p2a: Darkrai
|-damage|p2a: Darkrai|51/100
|
|-heal|p1a: The Professor|26/100|[from] item: Leftovers
|upkeep
|turn|10
|
|t:|1776049087
|move|p2a: Darkrai|Ice Beam|p1a: The Professor
|-supereffective|p1a: The Professor
|-damage|p1a: The Professor|0 fnt
|faint|p1a: The Professor
|
|upkeep
|
|t:|1776049099
|switch|p1a: spumoni|Iron Valiant|100/100
|turn|11
|
|t:|1776049106
|move|p2a: Darkrai|Sludge Bomb|p1a: spumoni
|-supereffective|p1a: spumoni
|-damage|p1a: spumoni|0 fnt
|faint|p1a: spumoni
|-end|p1a: spumoni|Quark Drive|[silent]
|
|upkeep
|
|t:|1776049125
|switch|p1a: piotr|Kingambit, M|100/100
|-activate|p1a: piotr|ability: Supreme Overlord
|-start|p1a: piotr|fallen3|[silent]
|turn|12
|
|t:|1776049139
|-terastallize|p1a: piotr|Dark
|move|p1a: piotr|Sucker Punch|p2a: Darkrai
|-resisted|p2a: Darkrai
|-damage|p2a: Darkrai|0 fnt
|faint|p2a: Darkrai
|
|upkeep
|
|t:|1776049150
|switch|p2a: Gholdengo|Gholdengo|100/100
|turn|13
|
|t:|1776049153
|-end|p1a: piotr|fallen3|[silent]
|switch|p1a: julian fuego|Moltres|14/100
|-terastallize|p2a: Gholdengo|Fairy
|move|p2a: Gholdengo|Dazzling Gleam|p1a: julian fuego
|-resisted|p1a: julian fuego
|-crit|p1a: julian fuego
|-damage|p1a: julian fuego|0 fnt
|faint|p1a: julian fuego
|
|upkeep
|
|t:|1776049165
|switch|p1a: piotr|Kingambit, M, tera:Dark|100/100
|-activate|p1a: piotr|ability: Supreme Overlord
|-start|p1a: piotr|fallen4|[silent]
|turn|14
|
|t:|1776049168
|switch|p2a: Landorus|Landorus-Therian, M|100/100
|-ability|p2a: Landorus|Intimidate|boost
|-unboost|p1a: piotr|atk|1
|move|p1a: piotr|Iron Head|p2a: Landorus
|-damage|p2a: Landorus|61/100
|-damage|p1a: piotr|84/100|[from] item: Rocky Helmet|[of] p2a: Landorus
|
|upkeep
|turn|15
|
|t:|1776049184
|move|p2a: Landorus|Earthquake|p1a: piotr
|-damage|p1a: piotr|42/100
|move|p1a: piotr|Swords Dance|p1a: piotr
|-boost|p1a: piotr|atk|2
|
|upkeep
|turn|16
|
|t:|1776049201
|move|p2a: Landorus|Stealth Rock|p1a: piotr
|-sidestart|p1: the floorist|move: Stealth Rock
|move|p1a: piotr|Swords Dance|p1a: piotr
|-boost|p1a: piotr|atk|2
|
|upkeep
|turn|17
|
|t:|1776049205
|move|p1a: piotr|Sucker Punch|p2a: Landorus
|-damage|p2a: Landorus|0 fnt
|-damage|p1a: piotr|25/100|[from] item: Rocky Helmet|[of] p2a: Landorus
|faint|p2a: Landorus
|
|upkeep
|
|t:|1776049207
|switch|p2a: Gholdengo|Gholdengo, tera:Fairy|100/100
|turn|18
|
|t:|1776049210
|move|p1a: piotr|Sucker Punch|p2a: Gholdengo
|-resisted|p2a: Gholdengo
|-damage|p2a: Gholdengo|0 fnt
|faint|p2a: Gholdengo
|
|upkeep
|
|t:|1776049219
|switch|p2a: Corviknight|Corviknight, F, shiny|85/100
|-ability|p2a: Corviknight|Pressure
|turn|19
|
|t:|1776049222
|move|p1a: piotr|Kowtow Cleave|p2a: Corviknight
|-damage|p2a: Corviknight|0 fnt
|faint|p2a: Corviknight
|
|upkeep
|
|t:|1776049225
|switch|p2a: Slowking|Slowking-Galar, M, shiny|100/100 par
|turn|20
|
|t:|1776049227
|move|p1a: piotr|Kowtow Cleave|p2a: Slowking
|-supereffective|p2a: Slowking
|-damage|p2a: Slowking|0 fnt
|faint|p2a: Slowking
|
|win|the floorist
|raw|the floorist's rating: 1703 &rarr; <strong>1724</strong><br />(+21 for winning)
|raw|icylikedecember's rating: 1727 &rarr; <strong>1706</strong><br />(-21 for losing)
|c|☆the floorist|gg
|l|☆icylikedecember
|player|p2|
|l|☆the floorist
|player|p1|
