|html|<div class="broadcast-blue"><strong>[Gen 9] OU is currently suspecting Tera Blast! For information on how to participate check out the <a href="https://www.smogon.com/tools/suspects/view/200">suspect thread</a>.</strong></div>
|j|☆vzn.exe
|j|☆MrPr1ce
|t:|1776083364
|gametype|singles
|player|p1|vzn.exe|lusamine-nihilego|1432
|player|p2|MrPr1ce|lance|1370
|gen|9
|tier|[Gen 9] OU
|rated|
|rule|HP Percentage Mod: HP is shown in percentages
|rule|Endless Battle Clause: Forcing endless battles is banned
|rule|Species Clause: Limit one of each Pokémon
|rule|OHKO Clause: OHKO moves are banned
|rule|Evasion Items Clause: Evasion items are banned
|rule|Evasion Moves Clause: Evasion moves are banned
|rule|Evasion Abilities Clause: Evasion abilities are banned
|rule|Sleep Moves Clause: Sleep-inducing moves are banned
|clearpoke
|poke|p1|Zamazenta-*|
|poke|p1|Kyurem|
|poke|p1|Iron Treads|
|poke|p1|Tornadus-Therian, M|
|poke|p1|Pecharunt|
|poke|p1|Ting-Lu|
|poke|p2|Gliscor, M|
|poke|p2|Dragonite, M|
|poke|p2|Iron Valiant|
|poke|p2|Slowking-Galar, F|
|poke|p2|Great Tusk|
|poke|p2|Primarina, F|
|teampreview
|inactive|Battle timer is ON: inactive players will automatically lose when time's up. (requested by MrPr1ce)
|
|t:|1776083383
|teamsize|p1|6
|teamsize|p2|6
|start
|switch|p1a: Pecharunt|Pecharunt|100/100
|switch|p2a: Boom|Slowking-Galar, F|100/100
|turn|1
|inactive|vzn.exe also wants the timer to be on.
|
|t:|1776083400
|move|p1a: Pecharunt|Nasty Plot|p1a: Pecharunt
|-boost|p1a: Pecharunt|spa|2
|move|p2a: Boom|Future Sight|p1a: Pecharunt
|-start|p2a: Boom|move: Future Sight
|
|upkeep
|turn|2
|
|t:|1776083417
|move|p1a: Pecharunt|Shadow Ball|p2a: Boom
|-supereffective|p2a: Boom
|-damage|p2a: Boom|44/100
|move|p2a: Boom|Surf|p1a: Pecharunt
|-damage|p1a: Pecharunt|68/100
|
|upkeep
|turn|3
|
|t:|1776083441
|switch|p1a: Ting-Lu|Ting-Lu|100/100
|-ability|p1a: Ting-Lu|Vessel of Ruin
|switch|p2a: 1st time|Primarina, F, shiny|100/100
|
|-end|p1a: Ting-Lu|move: Future Sight
|-immune|p1a: Ting-Lu
|upkeep
|turn|4
|inactive|vzn.exe has 120 seconds left.
|
|t:|1776083458
|move|p2a: 1st time|Moonblast|p1a: Ting-Lu
|-supereffective|p1a: Ting-Lu
|-damage|p1a: Ting-Lu|47/100
|-unboost|p1a: Ting-Lu|spa|1
|move|p1a: Ting-Lu|Ruination|p2a: 1st time
|-damage|p2a: 1st time|50/100
|
|-heal|p2a: 1st time|57/100|[from] item: Leftovers
|-heal|p1a: Ting-Lu|53/100|[from] item: Leftovers
|upkeep
|turn|5
|inactive|vzn.exe has 120 seconds left.
|
|t:|1776083477
|move|p2a: 1st time|Moonblast|p1a: Ting-Lu
|-supereffective|p1a: Ting-Lu
|-damage|p1a: Ting-Lu|0 fnt
|faint|p1a: Ting-Lu
|
|-heal|p2a: 1st time|63/100|[from] item: Leftovers
|upkeep
|
|t:|1776083494
|switch|p1a: Kyurem|Kyurem|100/100
|-ability|p1a: Kyurem|Pressure
|turn|6
|
|t:|1776083511
|move|p1a: Kyurem|Freeze-Dry|p2a: 1st time
|-supereffective|p2a: 1st time
|-damage|p2a: 1st time|0 fnt
|faint|p2a: 1st time
|
|upkeep
|
|t:|1776083517
|switch|p2a: Boom|Slowking-Galar, F|77/100
|turn|7
|
|t:|1776083534
|move|p1a: Kyurem|Earth Power|p2a: Boom
|-supereffective|p2a: Boom
|-damage|p2a: Boom|45/100
|move|p2a: Boom|Future Sight|p1a: Kyurem
|-start|p2a: Boom|move: Future Sight
|
|upkeep
|turn|8
|
|t:|1776083551
|move|p1a: Kyurem|Ice Beam|p2a: Boom
|-damage|p2a: Boom|22/100
|move|p2a: Boom|Sludge Bomb|p1a: Kyurem
|-damage|p1a: Kyurem|71/100
|
|upkeep
|turn|9
|l|☆MrPr1ce
|inactive|MrPr1ce disconnected and has a minute to reconnect!
|player|p2|
|j|☆MrPr1ce
|inactive|MrPr1ce reconnected and has 110 seconds left.
|player|p2|MrPr1ce|lance|
|
|t:|1776083599
|move|p1a: Kyurem|Ice Beam|p2a: Boom
|-damage|p2a: Boom|0 fnt
|faint|p2a: Boom
|
|-end|p1a: Kyurem|move: Future Sight
|-damage|p1a: Kyurem|34/100
|upkeep
|
|t:|1776083603
|switch|p2a: One shot ?|Iron Valiant, shiny|100/100
|-enditem|p2a: One shot ?|Booster Energy
|-activate|p2a: One shot ?|ability: Quark Drive|[fromitem]
|-start|p2a: One shot ?|quarkdrivespe
|turn|10
|
|t:|1776083620
|switch|p1a: Pecharunt|Pecharunt|68/100
|move|p2a: One shot ?|Moonblast|p1a: Pecharunt
|-resisted|p1a: Pecharunt
|-damage|p1a: Pecharunt|44/100
|
|upkeep
|turn|11
|
|t:|1776083637
|-terastallize|p2a: One shot ?|Ghost
|move|p2a: One shot ?|Calm Mind|p2a: One shot ?
|-boost|p2a: One shot ?|spa|1
|-boost|p2a: One shot ?|spd|1
|move|p1a: Pecharunt|Recover|p1a: Pecharunt
|-heal|p1a: Pecharunt|94/100
|
|upkeep
|turn|12
|inactive|vzn.exe has 90 seconds left.
|
|t:|1776083655
|switch|p1a: Kyurem|Kyurem|34/100
|-ability|p1a: Kyurem|Pressure
|move|p2a: One shot ?|Shadow Ball|p1a: Kyurem
|-damage|p1a: Kyurem|0 fnt
|faint|p1a: Kyurem
|
|upkeep
|inactive|vzn.exe has 90 seconds left.
|
|t:|1776083664
|switch|p1a: Tornadus|Tornadus-Therian, M|100/100
|turn|13
|
|t:|1776083673
|move|p2a: One shot ?|Thunderbolt|p1a: Tornadus
|-supereffective|p1a: Tornadus
|-damage|p1a: Tornadus|16/100
|move|p1a: Tornadus|Bleakwind Storm|p2a: One shot ?
|-crit|p2a: One shot ?
|-damage|p2a: One shot ?|0 fnt
|faint|p2a: One shot ?
|-end|p2a: One shot ?|Quark Drive|[silent]
|
|upkeep
|
|t:|1776083677
|switch|p2a: Wait|Gliscor, M, shiny|100/100
|turn|14
|
|t:|1776083693
|move|p1a: Tornadus|Knock Off|p2a: Wait
|-damage|p2a: Wait|89/100
|-enditem|p2a: Wait|Toxic Orb|[from] move: Knock Off|[of] p1a: Tornadus
|move|p2a: Wait|Spikes|p1a: Tornadus
|-sidestart|p1: vzn.exe|Spikes
|
|upkeep
|turn|15
|inactive|vzn.exe has 90 seconds left.
|
|t:|1776083711
|switch|p1a: Pecharunt|Pecharunt|94/100
|-damage|p1a: Pecharunt|82/100|[from] Spikes
|move|p2a: Wait|Toxic|p1a: Pecharunt
|-immune|p1a: Pecharunt
|
|upkeep
|turn|16
|inactive|vzn.exe has 90 seconds left.
|
|t:|1776083728
|move|p1a: Pecharunt|Nasty Plot|p1a: Pecharunt
|-boost|p1a: Pecharunt|spa|2
|move|p2a: Wait|Earthquake|p1a: Pecharunt
|-supereffective|p1a: Pecharunt
|-damage|p1a: Pecharunt|48/100
|
|upkeep
|turn|17
|inactive|vzn.exe has 90 seconds left.
|
|t:|1776083737
|move|p1a: Pecharunt|Recover|p1a: Pecharunt
|-heal|p1a: Pecharunt|98/100
|move|p2a: Wait|Spikes|p1a: Pecharunt
|-sidestart|p1: vzn.exe|Spikes
|
|upkeep
|turn|18
|
|t:|1776083746
|move|p1a: Pecharunt|Shadow Ball|p2a: Wait
|-damage|p2a: Wait|33/100
|move|p2a: Wait|Spikes|p1a: Pecharunt
|-sidestart|p1: vzn.exe|Spikes
|
|upkeep
|turn|19
|
|t:|1776083755
|switch|p2a: Turn turn|Great Tusk|100/100
|move|p1a: Pecharunt|Malignant Chain|p2a: Turn turn
|-resisted|p2a: Turn turn
|-damage|p2a: Turn turn|63/100
|
|upkeep
|turn|20
|
|t:|1776083773
|move|p1a: Pecharunt|Shadow Ball|p2a: Turn turn
|-damage|p2a: Turn turn|0 fnt
|faint|p2a: Turn turn
|-end|p2a: Turn turn|Protosynthesis|[silent]
|
|upkeep
|
|t:|1776083781
|switch|p2a: The "Savior"|Dragonite, M, shiny|100/100
|turn|21
|
|t:|1776083797
|switch|p2a: Wait|Gliscor, M, shiny|33/100
|move|p1a: Pecharunt|Malignant Chain|p2a: Wait
|-resisted|p2a: Wait
|-damage|p2a: Wait|0 fnt
|faint|p2a: Wait
|
|upkeep
|
|t:|1776083803
|switch|p2a: The "Savior"|Dragonite, M, shiny|100/100
|turn|22
|-message|MrPr1ce forfeited.
|
|win|vzn.exe
|raw|vzn.exe's rating: 1432 &rarr; <strong>1448</strong><br />(+16 for winning)
|raw|MrPr1ce's rating: 1370 &rarr; <strong>1354</strong><br />(-16 for losing)
|l|☆MrPr1ce
|player|p2|
