|html|<div class="broadcast-blue"><strong>[Gen 9] OU is currently suspecting Tera Blast! For information on how to participate check out the <a href="https://www.smogon.com/tools/suspects/view/200">suspect thread</a>.</strong></div>
|j|☆SquirtleSquad626
|j|☆glacia301003
|t:|1776056275
|gametype|singles
|player|p1|SquirtleSquad626|wattson|1158
|player|p2|glacia301003|2|1196
|gen|9
|tier|[Gen 9] OU
|rated|
|rule|HP Percentage Mod: HP is shown in percentages
|rule|Endless Battle Clause: Forcing endless battles is banned
|rule|Species Clause: Limit one of each Pokémon
|rule|OHKO Clause: OHKO moves are banned
|rule|Evasion Items Clause: Evasion items are banned
|rule|Evasion Moves Clause: Evasion moves are banned
|rule|Evasion Abilities Clause: Evasion abilities are banned
|rule|Sleep Moves Clause: Sleep-inducing moves are banned
|clearpoke
|poke|p1|Samurott-Hisui, F|
|poke|p1|Kleavor, M|
|poke|p1|Iron Moth|
|poke|p1|Gliscor, F|
|poke|p1|Darkrai|
|poke|p1|Dragonite, F|
|poke|p2|Greninja-*, M|
|poke|p2|Dragonite, M|
|poke|p2|Garchomp, M|
|poke|p2|Gardevoir, F|
|poke|p2|Lucario, M|
|poke|p2|Gliscor, M|
|teampreview
|
|t:|1776056289
|teamsize|p1|6
|teamsize|p2|6
|start
|switch|p1a: Samurott|Samurott-Hisui, F|100/100
|switch|p2a: Gardevoir|Gardevoir, F, shiny|100/100
|-ability|p2a: Gardevoir|Sharpness|Trace|[from] ability: Trace|[of] p1a: Samurott
|turn|1
|
|t:|1776056306
|move|p2a: Gardevoir|Moonblast|p1a: Samurott
|-supereffective|p1a: Samurott
|-enditem|p1a: Samurott|Focus Sash
|-damage|p1a: Samurott|1/100
|-unboost|p1a: Samurott|spa|1
|move|p1a: Samurott|Swords Dance|p1a: Samurott
|-boost|p1a: Samurott|atk|2
|
|upkeep
|turn|2
|
|t:|1776056316
|move|p1a: Samurott|Sucker Punch|p2a: Gardevoir
|-damage|p2a: Gardevoir|0 fnt
|faint|p2a: Gardevoir
|
|upkeep
|
|t:|1776056324
|switch|p2a: Lucario|Lucario, M|100/100
|turn|3
|
|t:|1776056330
|move|p2a: Lucario|Bullet Punch|p1a: Samurott
|-resisted|p1a: Samurott
|-damage|p1a: Samurott|0 fnt
|faint|p1a: Samurott
|-damage|p2a: Lucario|91/100|[from] item: Life Orb
|
|upkeep
|
|t:|1776056341
|switch|p1a: Gliscor|Gliscor, F|100/100
|turn|4
|
|t:|1776056345
|move|p1a: Gliscor|Substitute|p1a: Gliscor
|-start|p1a: Gliscor|Substitute
|-damage|p1a: Gliscor|76/100
|move|p2a: Lucario|Ice Punch|p1a: Gliscor
|-supereffective|p1a: Gliscor
|-end|p1a: Gliscor|Substitute
|-damage|p2a: Lucario|81/100|[from] item: Life Orb
|
|-status|p1a: Gliscor|tox|[from] item: Toxic Orb
|upkeep
|turn|5
|
|t:|1776056356
|move|p1a: Gliscor|Earthquake|p2a: Lucario
|-supereffective|p2a: Lucario
|-damage|p2a: Lucario|0 fnt
|faint|p2a: Lucario
|
|-heal|p1a: Gliscor|88/100 tox|[from] ability: Poison Heal
|upkeep
|
|t:|1776056365
|switch|p2a: Greninja|Greninja, M|100/100
|turn|6
|
|t:|1776056383
|move|p2a: Greninja|Ice Beam|p1a: Gliscor
|-start|p2a: Greninja|typechange|Ice|[from] ability: Protean
|-supereffective|p1a: Gliscor
|-damage|p1a: Gliscor|0 fnt
|faint|p1a: Gliscor
|-damage|p2a: Greninja|91/100|[from] item: Life Orb
|
|upkeep
|
|t:|1776056391
|switch|p1a: Kleavor|Kleavor, M|100/100
|turn|7
|
|t:|1776056399
|switch|p2a: Garchomp|Garchomp, M|100/100
|move|p1a: Kleavor|Stone Axe|p2a: Garchomp
|-resisted|p2a: Garchomp
|-damage|p2a: Garchomp|85/100
|-damage|p1a: Kleavor|88/100|[from] ability: Rough Skin|[of] p2a: Garchomp
|-damage|p1a: Kleavor|72/100|[from] item: Rocky Helmet|[of] p2a: Garchomp
|-sidestart|p2: glacia301003|move: Stealth Rock
|
|upkeep
|turn|8
|
|t:|1776056416
|switch|p1a: Dragonite|Dragonite, F|100/100
|move|p2a: Garchomp|Stealth Rock|p1a: Dragonite
|-sidestart|p1: SquirtleSquad626|move: Stealth Rock
|
|upkeep
|turn|9
|
|t:|1776056427
|switch|p2a: Greninja|Greninja, M|91/100
|-damage|p2a: Greninja|78/100|[from] Stealth Rock
|move|p1a: Dragonite|Dragon Dance|p1a: Dragonite
|-boost|p1a: Dragonite|atk|1
|-boost|p1a: Dragonite|spe|1
|
|upkeep
|turn|10
|
|t:|1776056447
|move|p1a: Dragonite|Dragon Dance|p1a: Dragonite
|-boost|p1a: Dragonite|atk|1
|-boost|p1a: Dragonite|spe|1
|move|p2a: Greninja|Ice Beam|p1a: Dragonite
|-start|p2a: Greninja|typechange|Ice|[from] ability: Protean
|-supereffective|p1a: Dragonite
|-damage|p1a: Dragonite|0 fnt
|faint|p1a: Dragonite
|-damage|p2a: Greninja|69/100|[from] item: Life Orb
|
|upkeep
|-message|SquirtleSquad626 forfeited.
|
|win|glacia301003
|raw|SquirtleSquad626's rating: 1158 &rarr; <strong>1136</strong><br />(-22 for losing)
|raw|glacia301003's rating: 1196 &rarr; <strong>1218</strong><br />(+22 for winning)
|l|☆SquirtleSquad626
|player|p1|
|l|☆glacia301003
|player|p2|
