|html|<div class="broadcast-blue"><strong>[Gen 9] OU is currently suspecting Tera Blast! For information on how to participate check out the <a href="https://www.smogon.com/tools/suspects/view/200">suspect thread</a>.</strong></div>
|j|☆pichulasio
|j|☆looniertunes
|t:|1776035283
|gametype|singles
|player|p1|pichulasio|battlegirl-gen4|1532
|player|p2|looniertunes|cynthia|1554
|gen|9
|tier|[Gen 9] OU
|rated|
|rule|HP Percentage Mod: HP is shown in percentages
|rule|Endless Battle Clause: Forcing endless battles is banned
|rule|Species Clause: Limit one of each Pokémon
|rule|OHKO Clause: OHKO moves are banned
|rule|Evasion Items Clause: Evasion items are banned
|rule|Evasion Moves Clause: Evasion moves are banned
|rule|Evasion Abilities Clause: Evasion abilities are banned
|rule|Sleep Moves Clause: Sleep-inducing moves are banned
|clearpoke
|poke|p1|Ninetales-Alola, M|
|poke|p1|Zamazenta-*|
|poke|p1|Latios, M|
|poke|p1|Ceruledge, F|
|poke|p1|Cloyster, F|
|poke|p1|Weezing-Galar, M|
|poke|p2|Sinistcha|
|poke|p2|Corviknight, F|
|poke|p2|Tyranitar, M|
|poke|p2|Excadrill, F|
|poke|p2|Ceruledge, F|
|poke|p2|Primarina, F|
|teampreview
|inactive|Battle timer is ON: inactive players will automatically lose when time's up. (requested by pichulasio)
|
|t:|1776035312
|teamsize|p1|6
|teamsize|p2|6
|start
|switch|p1a: Weezing|Weezing-Galar, M|100/100
|switch|p2a: Tyranitar|Tyranitar, M|100/100
|-ability|p1a: Weezing|Neutralizing Gas
|turn|1
|
|t:|1776035319
|switch|p2a: Ceruledge|Ceruledge, F|100/100
|move|p1a: Weezing|Toxic|p2a: Ceruledge
|-status|p2a: Ceruledge|tox
|
|-damage|p2a: Ceruledge|94/100 tox|[from] psn
|upkeep
|turn|2
|
|t:|1776035324
|-end|p1a: Weezing|ability: Neutralizing Gas
|switch|p1a: Ninetales|Ninetales-Alola, M|100/100
|-weather|Snowscape|[from] ability: Snow Warning|[of] p1a: Ninetales
|move|p2a: Ceruledge|Swords Dance|p2a: Ceruledge
|-boost|p2a: Ceruledge|atk|2
|
|-weather|Snowscape|[upkeep]
|-damage|p2a: Ceruledge|82/100 tox|[from] psn
|upkeep
|turn|3
|
|t:|1776035331
|move|p1a: Ninetales|Encore|p2a: Ceruledge
|-start|p2a: Ceruledge|Encore
|move|p2a: Ceruledge|Swords Dance|p2a: Ceruledge
|-boost|p2a: Ceruledge|atk|2
|
|-weather|Snowscape|[upkeep]
|-damage|p2a: Ceruledge|64/100 tox|[from] psn
|upkeep
|turn|4
|
|t:|1776035339
|switch|p1a: Cloyster|Cloyster, F, shiny|100/100
|switch|p2a: Tyranitar|Tyranitar, M|100/100
|-weather|Sandstorm|[from] ability: Sand Stream|[of] p2a: Tyranitar
|
|-weather|Sandstorm|[upkeep]
|-damage|p1a: Cloyster|94/100|[from] Sandstorm
|upkeep
|turn|5
|inactive|looniertunes has 120 seconds left.
|
|t:|1776035373
|switch|p1a: Weezing|Weezing-Galar, M|100/100
|-ability|p1a: Weezing|Neutralizing Gas
|move|p2a: Tyranitar|Thunder Wave|p1a: Weezing
|-status|p1a: Weezing|par
|
|-weather|Sandstorm|[upkeep]
|-damage|p1a: Weezing|94/100 par|[from] Sandstorm
|upkeep
|turn|6
|
|t:|1776035386
|switch|p2a: Corviknight|Corviknight, F|100/100
|-end|p1a: Weezing|ability: Neutralizing Gas
|-ability|p2a: Corviknight|Pressure
|switch|p1a: Ceruledge|Ceruledge, F|100/100
|
|-weather|Sandstorm|[upkeep]
|-damage|p1a: Ceruledge|94/100|[from] Sandstorm
|upkeep
|turn|7
|
|t:|1776035401
|switch|p2a: Tyranitar|Tyranitar, M|100/100
|move|p1a: Ceruledge|Swords Dance|p1a: Ceruledge
|-boost|p1a: Ceruledge|atk|2
|
|-weather|Sandstorm|[upkeep]
|-damage|p1a: Ceruledge|88/100|[from] Sandstorm
|upkeep
|turn|8
|
|t:|1776035406
|switch|p2a: Ceruledge|Ceruledge, F|64/100 tox
|move|p1a: Ceruledge|Bitter Blade|p2a: Ceruledge
|-start|p2a: Ceruledge|ability: Flash Fire
|
|-weather|Sandstorm|[upkeep]
|-damage|p2a: Ceruledge|57/100 tox|[from] Sandstorm
|-damage|p1a: Ceruledge|82/100|[from] Sandstorm
|-damage|p2a: Ceruledge|51/100 tox|[from] psn
|upkeep
|turn|9
|
|t:|1776035410
|move|p2a: Ceruledge|Shadow Sneak|p1a: Ceruledge
|-supereffective|p1a: Ceruledge
|-damage|p1a: Ceruledge|3/100
|-ability|p1a: Ceruledge|Weak Armor|boost
|-unboost|p1a: Ceruledge|def|1
|-boost|p1a: Ceruledge|spe|2
|-damage|p2a: Ceruledge|41/100 tox|[from] item: Life Orb
|move|p1a: Ceruledge|Shadow Sneak|p2a: Ceruledge
|-supereffective|p2a: Ceruledge
|-damage|p2a: Ceruledge|0 fnt
|faint|p2a: Ceruledge
|
|-weather|Sandstorm|[upkeep]
|-damage|p1a: Ceruledge|0 fnt|[from] Sandstorm
|faint|p1a: Ceruledge
|upkeep
|
|t:|1776035417
|switch|p2a: Primarina|Primarina, F|100/100
|switch|p1a: Ninetales|Ninetales-Alola, M|100/100
|-weather|Snowscape|[from] ability: Snow Warning|[of] p1a: Ninetales
|turn|10
|
|t:|1776035422
|switch|p2a: Tyranitar|Tyranitar, M|100/100
|-weather|Sandstorm|[from] ability: Sand Stream|[of] p2a: Tyranitar
|move|p1a: Ninetales|Aurora Veil||[still]
|-fail|p1a: Ninetales
|
|-weather|Sandstorm|[upkeep]
|-damage|p1a: Ninetales|94/100|[from] Sandstorm
|upkeep
|turn|11
|
|t:|1776035429
|move|p1a: Ninetales|Snowscape|p1a: Ninetales
|-weather|Snowscape
|move|p2a: Tyranitar|Stealth Rock|p1a: Ninetales
|-sidestart|p1: pichulasio|move: Stealth Rock
|
|-weather|Snowscape|[upkeep]
|upkeep
|turn|12
|
|t:|1776035433
|switch|p2a: Corviknight|Corviknight, F|100/100
|-ability|p2a: Corviknight|Pressure
|move|p1a: Ninetales|Aurora Veil|p1a: Ninetales
|-sidestart|p1: pichulasio|move: Aurora Veil
|
|-weather|Snowscape|[upkeep]
|upkeep
|turn|13
|
|t:|1776035441
|move|p1a: Ninetales|Freeze-Dry|p2a: Corviknight
|-damage|p2a: Corviknight|82/100
|move|p2a: Corviknight|Defog|p1a: Ninetales
|-unboost|p1a: Ninetales|evasion|1
|-sideend|p1: pichulasio|move: Aurora Veil
|-sideend|p1: pichulasio|Stealth Rock|[from] move: Defog|[of] p2a: Corviknight
|
|-weather|Snowscape|[upkeep]
|upkeep
|turn|14
|
|t:|1776035449
|move|p1a: Ninetales|Encore|p2a: Corviknight
|-start|p2a: Corviknight|Encore
|move|p2a: Corviknight|Defog|p1a: Ninetales
|-unboost|p1a: Ninetales|evasion|1
|
|-weather|Snowscape|[upkeep]
|upkeep
|turn|15
|
|t:|1776035457
|switch|p1a: Weezing|Weezing-Galar, M|94/100 par
|-ability|p1a: Weezing|Neutralizing Gas
|switch|p2a: Tyranitar|Tyranitar, M|100/100
|
|-weather|none
|upkeep
|turn|16
|
|t:|1776035468
|switch|p2a: Corviknight|Corviknight, F|82/100
|cant|p1a: Weezing|par
|
|upkeep
|turn|17
|
|t:|1776035477
|move|p2a: Corviknight|Brave Bird|p1a: Weezing
|-damage|p1a: Weezing|70/100 par
|-damage|p2a: Corviknight|66/100|[from] item: Rocky Helmet|[of] p1a: Weezing
|-damage|p2a: Corviknight|59/100|[from] Recoil
|cant|p1a: Weezing|par
|
|upkeep
|turn|18
|
|t:|1776035485
|move|p2a: Corviknight|Roost|p2a: Corviknight
|-heal|p2a: Corviknight|100/100
|-singleturn|p2a: Corviknight|move: Roost
|move|p1a: Weezing|Pain Split|p2a: Corviknight
|-sethp|p2a: Corviknight|79/100|[from] move: Pain Split|[silent]
|-sethp|p1a: Weezing|95/100 par|[from] move: Pain Split
|
|upkeep
|turn|19
|
|t:|1776035498
|move|p2a: Corviknight|U-turn|p1a: Weezing
|-resisted|p1a: Weezing
|-damage|p1a: Weezing|93/100 par
|-damage|p2a: Corviknight|63/100|[from] item: Rocky Helmet|[of] p1a: Weezing
|
|t:|1776035502
|switch|p2a: Excadrill|Excadrill, F|100/100|[from] U-turn
|-item|p2a: Excadrill|Air Balloon
|move|p1a: Weezing|Strange Steam|p2a: Excadrill
|-resisted|p2a: Excadrill
|-damage|p2a: Excadrill|81/100
|-start|p2a: Excadrill|confusion
|-enditem|p2a: Excadrill|Air Balloon
|
|upkeep
|turn|20
|
|t:|1776035517
|switch|p2a: Corviknight|Corviknight, F|63/100
|-end|p1a: Weezing|ability: Neutralizing Gas
|-ability|p2a: Corviknight|Pressure
|switch|p1a: Ninetales|Ninetales-Alola, M|94/100
|-weather|Snowscape|[from] ability: Snow Warning|[of] p1a: Ninetales
|
|-weather|Snowscape|[upkeep]
|upkeep
|turn|21
|
|t:|1776035524
|move|p1a: Ninetales|Aurora Veil|p1a: Ninetales
|-sidestart|p1: pichulasio|move: Aurora Veil
|move|p2a: Corviknight|Brave Bird|p1a: Ninetales
|-damage|p1a: Ninetales|80/100
|-damage|p2a: Corviknight|59/100|[from] Recoil
|
|-weather|Snowscape|[upkeep]
|upkeep
|turn|22
|
|t:|1776035529
|move|p1a: Ninetales|Encore|p2a: Corviknight
|-start|p2a: Corviknight|Encore
|move|p2a: Corviknight|Brave Bird|p1a: Ninetales
|-damage|p1a: Ninetales|65/100
|-damage|p2a: Corviknight|54/100|[from] Recoil
|
|-weather|Snowscape|[upkeep]
|upkeep
|turn|23
|
|t:|1776035532
|switch|p1a: Cloyster|Cloyster, F, shiny|94/100
|switch|p2a: Tyranitar|Tyranitar, M|100/100
|-weather|Sandstorm|[from] ability: Sand Stream|[of] p2a: Tyranitar
|
|-weather|Sandstorm|[upkeep]
|-damage|p1a: Cloyster|88/100|[from] Sandstorm
|upkeep
|turn|24
|
|t:|1776035544
|-terastallize|p1a: Cloyster|Ground
|move|p1a: Cloyster|Shell Smash|p1a: Cloyster
|-unboost|p1a: Cloyster|def|1
|-unboost|p1a: Cloyster|spd|1
|-boost|p1a: Cloyster|atk|2
|-boost|p1a: Cloyster|spa|2
|-boost|p1a: Cloyster|spe|2
|-enditem|p1a: Cloyster|White Herb
|-clearnegativeboost|p1a: Cloyster|[silent]
|move|p2a: Tyranitar|Thunder Wave|p1a: Cloyster
|-immune|p1a: Cloyster
|
|-weather|Sandstorm|[upkeep]
|upkeep
|turn|25
|
|t:|1776035570
|move|p1a: Cloyster|Drill Run|p2a: Tyranitar
|-supereffective|p2a: Tyranitar
|-crit|p2a: Tyranitar
|-damage|p2a: Tyranitar|0 fnt
|faint|p2a: Tyranitar
|
|-weather|Sandstorm|[upkeep]
|upkeep
|
|t:|1776035577
|switch|p2a: Sinistcha|Sinistcha|100/100
|turn|26
|
|t:|1776035583
|-terastallize|p2a: Sinistcha|Fairy
|move|p1a: Cloyster|Icicle Spear|p2a: Sinistcha
|-damage|p2a: Sinistcha|84/100
|-damage|p2a: Sinistcha|67/100
|-damage|p2a: Sinistcha|50/100
|-damage|p2a: Sinistcha|35/100
|-damage|p2a: Sinistcha|20/100
|-hitcount|p2a: Sinistcha|5
|move|p2a: Sinistcha|Strength Sap|p1a: Cloyster
|-unboost|p1a: Cloyster|atk|1
|-heal|p2a: Sinistcha|100/100
|
|-weather|Sandstorm|[upkeep]
|-damage|p2a: Sinistcha|94/100|[from] Sandstorm
|upkeep
|turn|27
|
|t:|1776035601
|switch|p1a: Weezing|Weezing-Galar, M|93/100 par
|-ability|p1a: Weezing|Neutralizing Gas
|move|p2a: Sinistcha|Matcha Gotcha|p1a: Weezing
|-resisted|p1a: Weezing
|-damage|p1a: Weezing|81/100 par
|-heal|p2a: Sinistcha|99/100|[from] drain|[of] p1a: Weezing
|
|-weather|Sandstorm|[upkeep]
|-damage|p2a: Sinistcha|94/100|[from] Sandstorm
|-damage|p1a: Weezing|75/100 par|[from] Sandstorm
|upkeep
|turn|28
|
|t:|1776035608
|switch|p2a: Corviknight|Corviknight, F|54/100
|move|p1a: Weezing|Toxic|p2a: Corviknight
|-immune|p2a: Corviknight
|
|-weather|Sandstorm|[upkeep]
|-damage|p1a: Weezing|69/100 par|[from] Sandstorm
|-sideend|p1: pichulasio|move: Aurora Veil
|upkeep
|turn|29
|
|t:|1776035615
|-end|p1a: Weezing|ability: Neutralizing Gas
|-ability|p2a: Corviknight|Pressure
|switch|p1a: Ninetales|Ninetales-Alola, M|65/100
|-weather|Snowscape|[from] ability: Snow Warning|[of] p1a: Ninetales
|move|p2a: Corviknight|U-turn|p1a: Ninetales
|-resisted|p1a: Ninetales
|-damage|p1a: Ninetales|59/100
|
|t:|1776035626
|switch|p2a: Sinistcha|Sinistcha, tera:Fairy|94/100|[from] U-turn
|
|-weather|Snowscape|[upkeep]
|upkeep
|turn|30
|
|t:|1776035635
|move|p1a: Ninetales|Aurora Veil|p1a: Ninetales
|-sidestart|p1: pichulasio|move: Aurora Veil
|move|p2a: Sinistcha|Matcha Gotcha|p1a: Ninetales
|-damage|p1a: Ninetales|44/100
|-heal|p2a: Sinistcha|100/100|[from] drain|[of] p1a: Ninetales
|
|-weather|Snowscape|[upkeep]
|upkeep
|turn|31
|
|t:|1776035652
|switch|p1a: Weezing|Weezing-Galar, M|69/100 par
|-ability|p1a: Weezing|Neutralizing Gas
|move|p2a: Sinistcha|Shadow Ball|p1a: Weezing
|-damage|p1a: Weezing|46/100 par
|
|-weather|Snowscape|[upkeep]
|upkeep
|turn|32
|
|t:|1776035665
|switch|p2a: Corviknight|Corviknight, F|54/100
|-end|p1a: Weezing|ability: Neutralizing Gas
|-ability|p2a: Corviknight|Pressure
|switch|p1a: Latios|Latios, M|100/100
|
|-weather|Snowscape|[upkeep]
|upkeep
|turn|33
|
|t:|1776035682
|move|p1a: Latios|Calm Mind|p1a: Latios
|-boost|p1a: Latios|spa|1
|-boost|p1a: Latios|spd|1
|move|p2a: Corviknight|Roost|p2a: Corviknight
|-heal|p2a: Corviknight|100/100
|-singleturn|p2a: Corviknight|move: Roost
|
|-weather|none
|upkeep
|turn|34
|
|t:|1776035700
|move|p1a: Latios|Calm Mind|p1a: Latios
|-boost|p1a: Latios|spa|1
|-boost|p1a: Latios|spd|1
|move|p2a: Corviknight|Defog|p1a: Latios
|-unboost|p1a: Latios|evasion|1
|-sideend|p1: pichulasio|move: Aurora Veil
|
|upkeep
|turn|35
|
|t:|1776035714
|move|p1a: Latios|Calm Mind|p1a: Latios
|-boost|p1a: Latios|spa|1
|-boost|p1a: Latios|spd|1
|move|p2a: Corviknight|U-turn|p1a: Latios
|-supereffective|p1a: Latios
|-damage|p1a: Latios|63/100
|
|t:|1776035732
|switch|p2a: Primarina|Primarina, F|100/100|[from] U-turn
|
|upkeep
|turn|36
|
|t:|1776035741
|move|p1a: Latios|Psychic Noise|p2a: Primarina
|-damage|p2a: Primarina|27/100
|-start|p2a: Primarina|move: Heal Block
|move|p2a: Primarina|Moonblast|p1a: Latios
|-supereffective|p1a: Latios
|-damage|p1a: Latios|16/100
|
|upkeep
|turn|37
|
|t:|1776035767
|move|p1a: Latios|Psychic Noise|p2a: Primarina
|-damage|p2a: Primarina|0 fnt
|faint|p2a: Primarina
|
|upkeep
|
|t:|1776035770
|switch|p2a: Sinistcha|Sinistcha, tera:Fairy|100/100
|turn|38
|
|t:|1776035786
|move|p1a: Latios|Psychic Noise|p2a: Sinistcha
|-damage|p2a: Sinistcha|0 fnt
|faint|p2a: Sinistcha
|
|upkeep
|
|t:|1776035793
|switch|p2a: Excadrill|Excadrill, F|81/100
|turn|39
|
|t:|1776035796
|move|p1a: Latios|Draco Meteor|p2a: Excadrill
|-resisted|p2a: Excadrill
|-damage|p2a: Excadrill|0 fnt
|-unboost|p1a: Latios|spa|2
|faint|p2a: Excadrill
|
|upkeep
|c|☆looniertunes|gg
|
|t:|1776035803
|switch|p2a: Corviknight|Corviknight, F|100/100
|-ability|p2a: Corviknight|Pressure
|turn|40
|
|t:|1776035809
|move|p1a: Latios|Recover|p1a: Latios
|-heal|p1a: Latios|66/100
|move|p2a: Corviknight|Brave Bird|p1a: Latios
|-crit|p1a: Latios
|-damage|p1a: Latios|0 fnt
|faint|p1a: Latios
|-damage|p2a: Corviknight|84/100|[from] Recoil
|
|upkeep
|
|t:|1776035823
|switch|p1a: Zamazenta|Zamazenta|100/100
|-ability|p1a: Zamazenta|Dauntless Shield|boost
|-boost|p1a: Zamazenta|def|1
|turn|41
|
|t:|1776035831
|move|p1a: Zamazenta|Iron Defense|p1a: Zamazenta
|-boost|p1a: Zamazenta|def|2
|move|p2a: Corviknight|Brave Bird|p1a: Zamazenta
|-supereffective|p1a: Zamazenta
|-damage|p1a: Zamazenta|78/100
|-damage|p2a: Corviknight|77/100|[from] Recoil
|
|-heal|p1a: Zamazenta|84/100|[from] item: Leftovers
|upkeep
|turn|42
|-message|looniertunes forfeited.
|
|win|pichulasio
|raw|pichulasio's rating: 1532 &rarr; <strong>1553</strong><br />(+21 for winning)
|raw|looniertunes's rating: 1554 &rarr; <strong>1533</strong><br />(-21 for losing)
|l|☆looniertunes
|player|p2|
|l|☆pichulasio
|player|p1|
