|html|<div class="broadcast-blue"><strong>[Gen 9] OU is currently suspecting Tera Blast! For information on how to participate check out the <a href="https://www.smogon.com/tools/suspects/view/200">suspect thread</a>.</strong></div>
|j|‽clorox man
|j|☆pinegoddess
|t:|1776049010
|gametype|singles
|player|p1|clorox man|clown|1710
|player|p2|pinegoddess|pokemonrangerf|1683
|gen|9
|tier|[Gen 9] OU
|rated|
|rule|HP Percentage Mod: HP is shown in percentages
|rule|Endless Battle Clause: Forcing endless battles is banned
|rule|Species Clause: Limit one of each Pokémon
|rule|OHKO Clause: OHKO moves are banned
|rule|Evasion Items Clause: Evasion items are banned
|rule|Evasion Moves Clause: Evasion moves are banned
|rule|Evasion Abilities Clause: Evasion abilities are banned
|rule|Sleep Moves Clause: Sleep-inducing moves are banned
|clearpoke
|poke|p1|Dragonite, M|
|poke|p1|Great Tusk|
|poke|p1|Gholdengo|
|poke|p1|Ting-Lu|
|poke|p1|Raging Bolt|
|poke|p1|Darkrai|
|poke|p2|Gholdengo|
|poke|p2|Iron Hands|
|poke|p2|Zamazenta-*|
|poke|p2|Great Tusk|
|poke|p2|Ogerpon-Wellspring, F|
|poke|p2|Samurott-Hisui, F|
|teampreview
|inactive|Battle timer is ON: inactive players will automatically lose when time's up. (requested by clorox man)
|inactive|pinegoddess has 120 seconds left.
|
|t:|1776049061
|teamsize|p1|6
|teamsize|p2|6
|start
|switch|p1a: Ting-Lu|Ting-Lu|100/100
|switch|p2a: Samurott|Samurott-Hisui, F|100/100
|-ability|p1a: Ting-Lu|Vessel of Ruin
|turn|1
|
|t:|1776049067
|move|p2a: Samurott|Swords Dance|p2a: Samurott
|-boost|p2a: Samurott|atk|2
|move|p1a: Ting-Lu|Spikes|p2a: Samurott
|-sidestart|p2: pinegoddess|Spikes
|
|upkeep
|turn|2
|
|t:|1776049073
|move|p2a: Samurott|Razor Shell|p1a: Ting-Lu
|-supereffective|p1a: Ting-Lu
|-damage|p1a: Ting-Lu|0 fnt
|faint|p1a: Ting-Lu
|
|upkeep
|
|t:|1776049084
|switch|p1a: Raging Bolt|Raging Bolt|100/100
|-enditem|p1a: Raging Bolt|Booster Energy
|-activate|p1a: Raging Bolt|ability: Protosynthesis|[fromitem]
|-start|p1a: Raging Bolt|protosynthesisspa
|turn|3
|
|t:|1776049113
|-terastallize|p2a: Samurott|Dark
|move|p2a: Samurott|Ceaseless Edge|p1a: Raging Bolt
|-damage|p1a: Raging Bolt|0 fnt
|-sidestart|p1: clorox man|Spikes
|faint|p1a: Raging Bolt
|-end|p1a: Raging Bolt|Protosynthesis|[silent]
|
|upkeep
|
|t:|1776049121
|switch|p1a: Darkrai|Darkrai|100/100
|turn|4
|
|t:|1776049140
|switch|p2a: Zamazenta|Zamazenta|100/100
|-damage|p2a: Zamazenta|88/100|[from] Spikes
|-ability|p2a: Zamazenta|Dauntless Shield|boost
|-boost|p2a: Zamazenta|def|1
|move|p1a: Darkrai|Will-O-Wisp|p2a: Zamazenta|[miss]
|-miss|p1a: Darkrai|p2a: Zamazenta
|
|upkeep
|turn|5
|
|t:|1776049147
|move|p1a: Darkrai|Will-O-Wisp|p2a: Zamazenta
|-status|p2a: Zamazenta|brn
|move|p2a: Zamazenta|Body Press|p1a: Darkrai
|-supereffective|p1a: Darkrai
|-damage|p1a: Darkrai|40/100
|
|-damage|p2a: Zamazenta|82/100 brn|[from] brn
|upkeep
|turn|6
|
|t:|1776049158
|move|p1a: Darkrai|Knock Off|p2a: Zamazenta
|-resisted|p2a: Zamazenta
|-crit|p2a: Zamazenta
|-damage|p2a: Zamazenta|63/100 brn
|-enditem|p2a: Zamazenta|Light Clay|[from] move: Knock Off|[of] p1a: Darkrai
|move|p2a: Zamazenta|Light Screen|p2a: Zamazenta
|-sidestart|p2: pinegoddess|move: Light Screen
|
|-damage|p2a: Zamazenta|57/100 brn|[from] brn
|upkeep
|turn|7
|
|t:|1776049171
|switch|p1a: Gholdengo|Gholdengo|100/100
|-item|p1a: Gholdengo|Air Balloon
|move|p2a: Zamazenta|Body Press|p1a: Gholdengo
|-immune|p1a: Gholdengo
|
|-damage|p2a: Zamazenta|51/100 brn|[from] brn
|upkeep
|turn|8
|
|t:|1776049179
|switch|p2a: Iron Hands|Iron Hands, shiny|100/100
|-damage|p2a: Iron Hands|88/100|[from] Spikes
|-enditem|p2a: Iron Hands|Booster Energy
|-activate|p2a: Iron Hands|ability: Quark Drive|[fromitem]
|-start|p2a: Iron Hands|quarkdriveatk
|move|p1a: Gholdengo|Nasty Plot|p1a: Gholdengo
|-boost|p1a: Gholdengo|spa|2
|
|upkeep
|turn|9
|
|t:|1776049188
|move|p1a: Gholdengo|Dazzling Gleam|p2a: Iron Hands
|-supereffective|p2a: Iron Hands
|-damage|p2a: Iron Hands|37/100
|move|p2a: Iron Hands|Thunder Punch|p1a: Gholdengo
|-damage|p1a: Gholdengo|38/100
|-enditem|p1a: Gholdengo|Air Balloon
|
|upkeep
|turn|10
|
|t:|1776049212
|move|p1a: Gholdengo|Shadow Ball|p2a: Iron Hands
|-damage|p2a: Iron Hands|3/100
|move|p2a: Iron Hands|Thunder Punch|p1a: Gholdengo
|-damage|p1a: Gholdengo|0 fnt
|faint|p1a: Gholdengo
|
|-sideend|p2: pinegoddess|move: Light Screen
|upkeep
|
|t:|1776049216
|switch|p1a: Darkrai|Darkrai|40/100
|turn|11
|
|t:|1776049220
|move|p1a: Darkrai|Dark Pulse|p2a: Iron Hands
|-resisted|p2a: Iron Hands
|-damage|p2a: Iron Hands|0 fnt
|faint|p2a: Iron Hands
|-end|p2a: Iron Hands|Quark Drive|[silent]
|
|upkeep
|
|t:|1776049226
|switch|p2a: Zamazenta|Zamazenta|51/100 brn
|-damage|p2a: Zamazenta|39/100 brn|[from] Spikes
|turn|12
|
|t:|1776049231
|move|p1a: Darkrai|Ice Beam|p2a: Zamazenta
|-damage|p2a: Zamazenta|18/100 brn
|move|p2a: Zamazenta|Body Press|p1a: Darkrai
|-supereffective|p1a: Darkrai
|-damage|p1a: Darkrai|0 fnt
|faint|p1a: Darkrai
|
|-damage|p2a: Zamazenta|12/100 brn|[from] brn
|upkeep
|
|t:|1776049236
|switch|p1a: Dragonite|Dragonite, M|100/100
|turn|13
|
|t:|1776049239
|move|p2a: Zamazenta|Reflect|p2a: Zamazenta
|-sidestart|p2: pinegoddess|Reflect
|move|p1a: Dragonite|Dragon Dance|p1a: Dragonite
|-boost|p1a: Dragonite|atk|1
|-boost|p1a: Dragonite|spe|1
|
|-damage|p2a: Zamazenta|6/100 brn|[from] brn
|upkeep
|turn|14
|
|t:|1776049242
|move|p1a: Dragonite|Dragon Dance|p1a: Dragonite
|-boost|p1a: Dragonite|atk|1
|-boost|p1a: Dragonite|spe|1
|move|p2a: Zamazenta|Roar|p1a: Dragonite
|drag|p1a: Great Tusk|Great Tusk|100/100
|-damage|p1a: Great Tusk|88/100|[from] Spikes
|-enditem|p1a: Great Tusk|Booster Energy
|-activate|p1a: Great Tusk|ability: Protosynthesis|[fromitem]
|-start|p1a: Great Tusk|protosynthesisspe
|
|-damage|p2a: Zamazenta|0 fnt|[from] brn
|faint|p2a: Zamazenta
|upkeep
|inactive|pinegoddess has 120 seconds left.
|
|t:|1776049278
|switch|p2a: Great Tusk|Great Tusk|100/100
|-damage|p2a: Great Tusk|88/100|[from] Spikes
|-enditem|p2a: Great Tusk|Booster Energy
|-activate|p2a: Great Tusk|ability: Protosynthesis|[fromitem]
|-start|p2a: Great Tusk|protosynthesisatk
|turn|15
|
|t:|1776049285
|move|p1a: Great Tusk|Bulk Up|p1a: Great Tusk
|-boost|p1a: Great Tusk|atk|1
|-boost|p1a: Great Tusk|def|1
|move|p2a: Great Tusk|Bulk Up|p2a: Great Tusk
|-boost|p2a: Great Tusk|atk|1
|-boost|p2a: Great Tusk|def|1
|
|upkeep
|turn|16
|
|t:|1776049290
|move|p1a: Great Tusk|Bulk Up|p1a: Great Tusk
|-boost|p1a: Great Tusk|atk|1
|-boost|p1a: Great Tusk|def|1
|move|p2a: Great Tusk|Rapid Spin|p1a: Great Tusk
|-damage|p1a: Great Tusk|77/100
|-boost|p2a: Great Tusk|spe|1
|-sideend|p2: pinegoddess|Spikes|[from] move: Rapid Spin|[of] p2a: Great Tusk
|
|upkeep
|turn|17
|
|t:|1776049296
|move|p2a: Great Tusk|Ice Spinner|p1a: Great Tusk
|-supereffective|p1a: Great Tusk
|-damage|p1a: Great Tusk|43/100
|move|p1a: Great Tusk|Rapid Spin|p2a: Great Tusk
|-damage|p2a: Great Tusk|81/100
|-boost|p1a: Great Tusk|spe|1
|-sideend|p1: clorox man|Spikes|[from] move: Rapid Spin|[of] p1a: Great Tusk
|
|-sideend|p2: pinegoddess|Reflect
|upkeep
|turn|18
|
|t:|1776049304
|move|p1a: Great Tusk|Bulk Up|p1a: Great Tusk
|-boost|p1a: Great Tusk|atk|1
|-boost|p1a: Great Tusk|def|1
|move|p2a: Great Tusk|Bulk Up|p2a: Great Tusk
|-boost|p2a: Great Tusk|atk|1
|-boost|p2a: Great Tusk|def|1
|
|upkeep
|turn|19
|
|t:|1776049331
|move|p1a: Great Tusk|Headlong Rush|p2a: Great Tusk
|-damage|p2a: Great Tusk|33/100
|-unboost|p1a: Great Tusk|def|1
|-unboost|p1a: Great Tusk|spd|1
|move|p2a: Great Tusk|Rapid Spin|p1a: Great Tusk
|-damage|p1a: Great Tusk|29/100
|-boost|p2a: Great Tusk|spe|1
|
|upkeep
|turn|20
|
|t:|1776049337
|move|p1a: Great Tusk|Headlong Rush|p2a: Great Tusk
|-damage|p2a: Great Tusk|0 fnt
|-unboost|p1a: Great Tusk|def|1
|-unboost|p1a: Great Tusk|spd|1
|faint|p2a: Great Tusk
|-end|p2a: Great Tusk|Protosynthesis|[silent]
|
|upkeep
|
|t:|1776049344
|switch|p2a: Ogerpon|Ogerpon-Wellspring, F|100/100
|turn|21
|
|t:|1776049351
|move|p1a: Great Tusk|Rapid Spin|p2a: Ogerpon
|-damage|p2a: Ogerpon|56/100
|-boost|p1a: Great Tusk|spe|1
|move|p2a: Ogerpon|Ivy Cudgel|p1a: Great Tusk|[anim] Ivy Cudgel Water
|-supereffective|p1a: Great Tusk
|-crit|p1a: Great Tusk
|-damage|p1a: Great Tusk|0 fnt
|faint|p1a: Great Tusk
|-end|p1a: Great Tusk|Protosynthesis|[silent]
|
|upkeep
|
|t:|1776049354
|switch|p1a: Dragonite|Dragonite, M|100/100
|turn|22
|
|t:|1776049357
|move|p2a: Ogerpon|Play Rough|p1a: Dragonite
|-supereffective|p1a: Dragonite
|-damage|p1a: Dragonite|59/100
|move|p1a: Dragonite|Dragon Dance|p1a: Dragonite
|-boost|p1a: Dragonite|atk|1
|-boost|p1a: Dragonite|spe|1
|
|upkeep
|turn|23
|
|t:|1776049364
|-terastallize|p1a: Dragonite|Flying
|move|p1a: Dragonite|Roost|p1a: Dragonite
|-heal|p1a: Dragonite|100/100
|-hint|If a Terastallized Pokemon uses Roost, it remains Flying-type.
|move|p2a: Ogerpon|Play Rough|p1a: Dragonite
|-damage|p1a: Dragonite|81/100
|
|upkeep
|turn|24
|
|t:|1776049372
|move|p1a: Dragonite|Tera Blast|p2a: Ogerpon|[anim] Tera Blast Flying
|-supereffective|p2a: Ogerpon
|-damage|p2a: Ogerpon|0 fnt
|faint|p2a: Ogerpon
|
|upkeep
|
|t:|1776049379
|switch|p2a: Samurott|Samurott-Hisui, F, tera:Dark|100/100
|turn|25
|
|t:|1776049384
|move|p1a: Dragonite|Tera Blast|p2a: Samurott|[anim] Tera Blast Flying
|-damage|p2a: Samurott|0 fnt
|faint|p2a: Samurott
|
|upkeep
|-message|pinegoddess forfeited.
|
|win|clorox man
|raw|clorox man's rating: 1710 &rarr; <strong>1728</strong><br />(+18 for winning)
|raw|pinegoddess's rating: 1683 &rarr; <strong>1665</strong><br />(-18 for losing)
|l|☆pinegoddess
|player|p2|
|l|‽clorox man
|player|p1|
