|html|<div class="broadcast-blue"><strong>[Gen 9] OU is currently suspecting Tera Blast! For information on how to participate check out the <a href="https://www.smogon.com/tools/suspects/view/200">suspect thread</a>.</strong></div>
|j|☆ghostokabaa
|j|☆Desmond25
|t:|1776033768
|gametype|singles
|player|p1|ghostokabaa|266|1130
|player|p2|Desmond25|sailor|1152
|gen|9
|tier|[Gen 9] OU
|rated|
|rule|HP Percentage Mod: HP is shown in percentages
|rule|Endless Battle Clause: Forcing endless battles is banned
|rule|Species Clause: Limit one of each Pokémon
|rule|OHKO Clause: OHKO moves are banned
|rule|Evasion Items Clause: Evasion items are banned
|rule|Evasion Moves Clause: Evasion moves are banned
|rule|Evasion Abilities Clause: Evasion abilities are banned
|rule|Sleep Moves Clause: Sleep-inducing moves are banned
|clearpoke
|poke|p1|Garganacl, M|
|poke|p1|Zapdos|
|poke|p1|Azumarill, F|
|poke|p1|Incineroar, M|
|poke|p1|Dragapult, F|
|poke|p1|Hitmontop, M|
|poke|p2|Glimmora, M|
|poke|p2|Meowscarada, M|
|poke|p2|Dragonite, M|
|poke|p2|Kingambit, M|
|poke|p2|Iron Valiant|
|poke|p2|Dragapult, F|
|teampreview
|
|t:|1776033775
|teamsize|p1|6
|teamsize|p2|6
|start
|switch|p1a: Garganacl|Garganacl, M, shiny|100/100
|switch|p2a: Glimmora|Glimmora, M|100/100
|turn|1
|
|t:|1776033786
|move|p2a: Glimmora|Spikes|p1a: Garganacl
|-sidestart|p1: ghostokabaa|Spikes
|move|p1a: Garganacl|Stealth Rock|p2a: Glimmora
|-sidestart|p2: Desmond25|move: Stealth Rock
|
|upkeep
|turn|2
|
|t:|1776033794
|move|p2a: Glimmora|Stealth Rock|p1a: Garganacl
|-sidestart|p1: ghostokabaa|move: Stealth Rock
|move|p1a: Garganacl|Salt Cure|p2a: Glimmora
|-damage|p2a: Glimmora|83/100
|-start|p2a: Glimmora|Salt Cure
|-activate|p2a: Glimmora|ability: Toxic Debris
|-sidestart|p1: ghostokabaa|move: Toxic Spikes
|
|-damage|p2a: Glimmora|71/100|[from] Salt Cure
|upkeep
|turn|3
|
|t:|1776033804
|switch|p1a: Azumarill|Azumarill, F, shiny|100/100
|-damage|p1a: Azumarill|88/100|[from] Spikes
|-damage|p1a: Azumarill|76/100|[from] Stealth Rock
|-status|p1a: Azumarill|psn
|move|p2a: Glimmora|Power Gem|p1a: Azumarill
|-damage|p1a: Azumarill|33/100 psn
|
|-heal|p1a: Azumarill|39/100 psn|[from] item: Leftovers
|-damage|p1a: Azumarill|26/100 psn|[from] psn
|-damage|p2a: Glimmora|58/100|[from] Salt Cure
|upkeep
|turn|4
|
|t:|1776033819
|move|p1a: Azumarill|Aqua Jet|p2a: Glimmora
|-supereffective|p2a: Glimmora
|-damage|p2a: Glimmora|0 fnt
|-activate|p2a: Glimmora|ability: Toxic Debris
|-sidestart|p1: ghostokabaa|move: Toxic Spikes
|faint|p2a: Glimmora
|
|-heal|p1a: Azumarill|33/100 psn|[from] item: Leftovers
|-damage|p1a: Azumarill|20/100 psn|[from] psn
|upkeep
|
|t:|1776033841
|switch|p2a: Dragonite|Dragonite, M|100/100
|-damage|p2a: Dragonite|76/100|[from] Stealth Rock
|turn|5
|
|t:|1776033849
|move|p2a: Dragonite|Extreme Speed|p1a: Azumarill
|-damage|p1a: Azumarill|0 fnt
|faint|p1a: Azumarill
|
|upkeep
|
|t:|1776033860
|switch|p1a: Garganacl|Garganacl, M, shiny|100/100
|-damage|p1a: Garganacl|88/100|[from] Spikes
|-damage|p1a: Garganacl|76/100|[from] Stealth Rock
|turn|6
|
|t:|1776033895
|move|p2a: Dragonite|Earthquake|p1a: Garganacl
|-supereffective|p1a: Garganacl
|-damage|p1a: Garganacl|40/100
|move|p1a: Garganacl|Salt Cure|p2a: Dragonite
|-supereffective|p2a: Dragonite
|-crit|p2a: Dragonite
|-damage|p2a: Dragonite|27/100
|-start|p2a: Dragonite|Salt Cure
|-enditem|p2a: Dragonite|Sitrus Berry|[eat]
|-heal|p2a: Dragonite|52/100|[from] item: Sitrus Berry
|
|-damage|p2a: Dragonite|39/100|[from] Salt Cure
|upkeep
|turn|7
|
|t:|1776033914
|move|p2a: Dragonite|Earthquake|p1a: Garganacl
|-supereffective|p1a: Garganacl
|-crit|p1a: Garganacl
|-damage|p1a: Garganacl|0 fnt
|faint|p1a: Garganacl
|
|-damage|p2a: Dragonite|27/100|[from] Salt Cure
|upkeep
|
|t:|1776033929
|switch|p1a: Hitmontop|Hitmontop, M, shiny|100/100
|-damage|p1a: Hitmontop|88/100|[from] Spikes
|-damage|p1a: Hitmontop|82/100|[from] Stealth Rock
|-status|p1a: Hitmontop|tox
|-ability|p1a: Hitmontop|Intimidate|boost
|-unboost|p2a: Dragonite|atk|1
|turn|8
|
|t:|1776033945
|move|p2a: Dragonite|Extreme Speed|p1a: Hitmontop
|-damage|p1a: Hitmontop|62/100 tox
|move|p1a: Hitmontop|Rapid Spin|p2a: Dragonite
|-damage|p2a: Dragonite|10/100
|-boost|p1a: Hitmontop|spe|1
|-sideend|p1: ghostokabaa|Spikes|[from] move: Rapid Spin|[of] p1a: Hitmontop
|-sideend|p1: ghostokabaa|Toxic Spikes|[from] move: Rapid Spin|[of] p1a: Hitmontop
|-sideend|p1: ghostokabaa|Stealth Rock|[from] move: Rapid Spin|[of] p1a: Hitmontop
|
|-damage|p1a: Hitmontop|55/100 tox|[from] psn
|-damage|p2a: Dragonite|0 fnt|[from] Salt Cure
|faint|p2a: Dragonite
|upkeep
|
|t:|1776033958
|switch|p2a: Iron Valiant|Iron Valiant|100/100
|-damage|p2a: Iron Valiant|94/100|[from] Stealth Rock
|-enditem|p2a: Iron Valiant|Booster Energy
|-activate|p2a: Iron Valiant|ability: Quark Drive|[fromitem]
|-start|p2a: Iron Valiant|quarkdrivespe
|turn|9
|inactive|Battle timer is ON: inactive players will automatically lose when time's up. (requested by Desmond25)
|
|t:|1776034004
|move|p2a: Iron Valiant|Moonblast|p1a: Hitmontop
|-supereffective|p1a: Hitmontop
|-damage|p1a: Hitmontop|0 fnt
|faint|p1a: Hitmontop
|
|upkeep
|
|t:|1776034012
|switch|p1a: Incineroar|Incineroar, M, shiny|100/100
|-ability|p1a: Incineroar|Intimidate|boost
|-unboost|p2a: Iron Valiant|atk|1
|turn|10
|
|t:|1776034025
|move|p1a: Incineroar|Fake Out|p2a: Iron Valiant
|-damage|p2a: Iron Valiant|81/100
|cant|p2a: Iron Valiant|flinch
|
|upkeep
|turn|11
|
|t:|1776034033
|move|p2a: Iron Valiant|Focus Blast|p1a: Incineroar
|-supereffective|p1a: Incineroar
|-damage|p1a: Incineroar|4/100
|move|p1a: Incineroar|Darkest Lariat|p2a: Iron Valiant
|-resisted|p2a: Iron Valiant
|-damage|p2a: Iron Valiant|69/100
|
|upkeep
|turn|12
|
|t:|1776034042
|move|p2a: Iron Valiant|Focus Blast|p1a: Incineroar|[miss]
|-miss|p2a: Iron Valiant|p1a: Incineroar
|move|p1a: Incineroar|Parting Shot|p2a: Iron Valiant
|-unboost|p2a: Iron Valiant|atk|1
|-unboost|p2a: Iron Valiant|spa|1
|
|t:|1776034050
|switch|p1a: Dragapult|Dragapult, F|100/100|[from] Parting Shot
|
|upkeep
|turn|13
|
|t:|1776034057
|move|p2a: Iron Valiant|Moonblast|p1a: Dragapult
|-supereffective|p1a: Dragapult
|-damage|p1a: Dragapult|15/100
|move|p1a: Dragapult|Phantom Force||[still]
|-prepare|p1a: Dragapult|Phantom Force
|
|upkeep
|turn|14
|
|t:|1776034078
|-end|p2a: Iron Valiant|Quark Drive|[silent]
|switch|p2a: Dragapult|Dragapult, F|100/100
|-damage|p2a: Dragapult|88/100|[from] Stealth Rock
|move|p1a: Dragapult|Phantom Force|p2a: Dragapult|[from] lockedmove
|-supereffective|p2a: Dragapult
|-damage|p2a: Dragapult|0 fnt
|faint|p2a: Dragapult
|-damage|p1a: Dragapult|6/100|[from] item: Life Orb
|
|upkeep
|
|t:|1776034088
|switch|p2a: Iron Valiant|Iron Valiant|69/100
|-damage|p2a: Iron Valiant|63/100|[from] Stealth Rock
|turn|15
|
|t:|1776034098
|switch|p1a: Incineroar|Incineroar, M, shiny|4/100
|-ability|p1a: Incineroar|Intimidate|boost
|-unboost|p2a: Iron Valiant|atk|1
|move|p2a: Iron Valiant|Moonblast|p1a: Incineroar
|-damage|p1a: Incineroar|0 fnt
|faint|p1a: Incineroar
|
|upkeep
|
|t:|1776034107
|switch|p1a: Zapdos|Zapdos|100/100
|turn|16
|
|t:|1776034116
|move|p2a: Iron Valiant|Moonblast|p1a: Zapdos
|-damage|p1a: Zapdos|46/100
|-unboost|p1a: Zapdos|spa|1
|move|p1a: Zapdos|Hurricane|p2a: Iron Valiant
|-supereffective|p2a: Iron Valiant
|-damage|p2a: Iron Valiant|0 fnt
|faint|p2a: Iron Valiant
|-end|p2a: Iron Valiant|Quark Drive|[silent]
|
|upkeep
|
|t:|1776034131
|switch|p2a: Kingambit|Kingambit, M|100/100
|-damage|p2a: Kingambit|94/100|[from] Stealth Rock
|-activate|p2a: Kingambit|ability: Supreme Overlord
|-start|p2a: Kingambit|fallen4|[silent]
|turn|17
|
|t:|1776034140
|move|p2a: Kingambit|Sucker Punch|p1a: Zapdos
|-damage|p1a: Zapdos|0 fnt
|-status|p2a: Kingambit|par|[from] ability: Static|[of] p1a: Zapdos
|faint|p1a: Zapdos
|
|upkeep
|
|t:|1776034147
|switch|p1a: Dragapult|Dragapult, F|6/100
|turn|18
|
|t:|1776034155
|move|p1a: Dragapult|U-turn|p2a: Kingambit
|-damage|p2a: Kingambit|74/100 par
|-damage|p1a: Dragapult|0 fnt|[from] item: Life Orb
|faint|p1a: Dragapult
|
|win|Desmond25
|raw|ghostokabaa's rating: 1130 &rarr; <strong>1107</strong><br />(-23 for losing)
|raw|Desmond25's rating: 1152 &rarr; <strong>1175</strong><br />(+23 for winning)
|l|☆ghostokabaa
|player|p1|
|c|☆Desmond25|gg
|l|☆Desmond25
|player|p2|
