|html|<div class="broadcast-blue"><strong>[Gen 9] OU is currently suspecting Tera Blast! For information on how to participate check out the <a href="https://www.smogon.com/tools/suspects/view/200">suspect thread</a>.</strong></div>
|j|☆touchieraunt
|j|☆magistermilitum420
|t:|1776095754
|gametype|singles
|player|p1|touchieraunt|169|1255
|player|p2|magistermilitum420|blue|1203
|gen|9
|tier|[Gen 9] OU
|rated|
|rule|HP Percentage Mod: HP is shown in percentages
|rule|Endless Battle Clause: Forcing endless battles is banned
|rule|Species Clause: Limit one of each Pokémon
|rule|OHKO Clause: OHKO moves are banned
|rule|Evasion Items Clause: Evasion items are banned
|rule|Evasion Moves Clause: Evasion moves are banned
|rule|Evasion Abilities Clause: Evasion abilities are banned
|rule|Sleep Moves Clause: Sleep-inducing moves are banned
|clearpoke
|poke|p1|Clodsire, F|
|poke|p1|Dondozo, F|
|poke|p1|Alomomola, M|
|poke|p1|Talonflame, F|
|poke|p1|Toxapex, M|
|poke|p1|Blissey, F|
|poke|p2|Meowscarada, F|
|poke|p2|Great Tusk|
|poke|p2|Alomomola, M|
|poke|p2|Slowking-Galar, F|
|poke|p2|Dragonite, M|
|poke|p2|Heatran, M|
|teampreview
|
|t:|1776095772
|teamsize|p1|6
|teamsize|p2|6
|start
|switch|p1a: Toxapex|Toxapex, M|100/100
|switch|p2a: Mahad|Meowscarada, F, shiny|100/100
|turn|1
|
|t:|1776095782
|switch|p2a: Mithridates|Slowking-Galar, F|100/100
|move|p1a: Toxapex|Toxic|p2a: Mithridates
|-immune|p2a: Mithridates
|
|upkeep
|turn|2
|
|t:|1776095789
|switch|p1a: Blissey|Blissey, F|100/100
|move|p2a: Mithridates|Future Sight|p1a: Blissey
|-start|p2a: Mithridates|move: Future Sight
|
|upkeep
|turn|3
|
|t:|1776095811
|switch|p2a: Barca|Great Tusk|100/100
|move|p1a: Blissey|Shadow Ball|p2a: Barca
|-damage|p2a: Barca|80/100
|
|upkeep
|turn|4
|
|t:|1776095833
|switch|p1a: Clodsire|Clodsire, F|100/100
|move|p2a: Barca|Stealth Rock|p1a: Clodsire
|-sidestart|p1: touchieraunt|move: Stealth Rock
|
|-end|p1a: Clodsire|move: Future Sight
|-supereffective|p1a: Clodsire
|-damage|p1a: Clodsire|37/100
|upkeep
|turn|5
|
|t:|1776095852
|switch|p1a: Talonflame|Talonflame, F|100/100
|move|p2a: Barca|Knock Off|p1a: Talonflame
|-damage|p1a: Talonflame|67/100
|-enditem|p1a: Talonflame|Heavy-Duty Boots|[from] move: Knock Off|[of] p2a: Barca
|
|upkeep
|turn|6
|
|t:|1776095861
|-end|p2a: Barca|Protosynthesis|[silent]
|switch|p2a: Charybdis|Alomomola, M, shiny|100/100
|move|p1a: Talonflame|Will-O-Wisp|p2a: Charybdis
|-status|p2a: Charybdis|brn
|
|-damage|p2a: Charybdis|94/100 brn|[from] brn
|upkeep
|turn|7
|
|t:|1776095875
|move|p1a: Talonflame|Roost|p1a: Talonflame
|-heal|p1a: Talonflame|100/100
|-singleturn|p1a: Talonflame|move: Roost
|move|p2a: Charybdis|Flip Turn|p1a: Talonflame
|-supereffective|p1a: Talonflame
|-damage|p1a: Talonflame|83/100
|
|t:|1776095893
|switch|p2a: Mahad|Meowscarada, F, shiny|100/100|[from] Flip Turn
|
|upkeep
|turn|8
|
|t:|1776095901
|switch|p1a: Toxapex|Toxapex, M|100/100
|move|p2a: Mahad|U-turn|p1a: Toxapex
|-start|p2a: Mahad|typechange|Bug|[from] ability: Protean
|-resisted|p1a: Toxapex
|-damage|p1a: Toxapex|90/100
|
|t:|1776095908
|switch|p2a: Mithridates|Slowking-Galar, F|100/100|[from] U-turn
|
|upkeep
|turn|9
|
|t:|1776095913
|switch|p1a: Blissey|Blissey, F|100/100
|move|p2a: Mithridates|Future Sight|p1a: Blissey
|-start|p2a: Mithridates|move: Future Sight
|
|upkeep
|turn|10
|
|t:|1776095924
|switch|p1a: Alomomola|Alomomola, M|100/100
|switch|p2a: Mahad|Meowscarada, F, shiny|100/100
|
|upkeep
|turn|11
|
|t:|1776095933
|move|p1a: Alomomola|Protect|p1a: Alomomola
|-singleturn|p1a: Alomomola|Protect
|move|p2a: Mahad|Flower Trick|p1a: Alomomola
|-start|p2a: Mahad|typechange|Grass|[from] ability: Protean
|-activate|p1a: Alomomola|move: Protect
|
|-end|p1a: Alomomola|move: Future Sight
|-damage|p1a: Alomomola|39/100
|upkeep
|turn|12
|
|t:|1776095948
|switch|p1a: Talonflame|Talonflame, F|83/100
|-damage|p1a: Talonflame|33/100|[from] Stealth Rock
|move|p2a: Mahad|Flower Trick|p1a: Talonflame
|-resisted|p1a: Talonflame
|-crit|p1a: Talonflame
|-damage|p1a: Talonflame|20/100
|
|upkeep
|turn|13
|
|t:|1776095967
|switch|p2a: Charybdis|Alomomola, M, shiny|100/100 brn
|move|p1a: Talonflame|Roost|p1a: Talonflame
|-heal|p1a: Talonflame|70/100
|-singleturn|p1a: Talonflame|move: Roost
|
|-damage|p2a: Charybdis|94/100 brn|[from] brn
|upkeep
|turn|14
|
|t:|1776095981
|switch|p1a: Alomomola|Alomomola, M|72/100
|move|p2a: Charybdis|Scald|p1a: Alomomola
|-resisted|p1a: Alomomola
|-damage|p1a: Alomomola|64/100
|
|-damage|p2a: Charybdis|88/100 brn|[from] brn
|upkeep
|turn|15
|
|t:|1776096012
|switch|p2a: Mithridates|Slowking-Galar, F|100/100
|move|p1a: Alomomola|Wish|p1a: Alomomola
|
|upkeep
|turn|16
|
|t:|1776096026
|switch|p1a: Clodsire|Clodsire, F|37/100
|move|p2a: Mithridates|Future Sight|p1a: Clodsire
|-start|p2a: Mithridates|move: Future Sight
|
|-heal|p1a: Clodsire|94/100|[from] move: Wish|[wisher] Alomomola
|upkeep
|turn|17
|
|t:|1776096041
|switch|p2a: Mahad|Meowscarada, F, shiny|100/100
|switch|p1a: Alomomola|Alomomola, M|98/100
|
|upkeep
|turn|18
|
|t:|1776096048
|move|p1a: Alomomola|Protect|p1a: Alomomola
|-singleturn|p1a: Alomomola|Protect
|move|p2a: Mahad|Knock Off|p1a: Alomomola
|-start|p2a: Mahad|typechange|Dark|[from] ability: Protean
|-activate|p1a: Alomomola|move: Protect
|
|-end|p1a: Alomomola|move: Future Sight
|-damage|p1a: Alomomola|28/100
|upkeep
|turn|19
|
|t:|1776096088
|switch|p1a: Dondozo|Dondozo, F|100/100
|move|p2a: Mahad|Knock Off|p1a: Dondozo
|-crit|p1a: Dondozo
|-damage|p1a: Dondozo|72/100
|-enditem|p1a: Dondozo|Heavy-Duty Boots|[from] move: Knock Off|[of] p2a: Mahad
|
|upkeep
|turn|20
|
|t:|1776096103
|switch|p2a: Charybdis|Alomomola, M, shiny|100/100 brn
|-terastallize|p1a: Dondozo|Dark
|move|p1a: Dondozo|Liquidation|p2a: Charybdis
|-resisted|p2a: Charybdis
|-damage|p2a: Charybdis|93/100 brn
|
|-damage|p2a: Charybdis|87/100 brn|[from] brn
|upkeep
|turn|21
|
|t:|1776096114
|switch|p1a: Alomomola|Alomomola, M|61/100
|move|p2a: Charybdis|Scald|p1a: Alomomola
|-resisted|p1a: Alomomola
|-damage|p1a: Alomomola|53/100
|
|-damage|p2a: Charybdis|81/100 brn|[from] brn
|upkeep
|turn|22
|
|t:|1776096128
|move|p1a: Alomomola|Wish|p1a: Alomomola
|move|p2a: Charybdis|Flip Turn|p1a: Alomomola
|-resisted|p1a: Alomomola
|-damage|p1a: Alomomola|51/100
|
|t:|1776096137
|switch|p2a: Mithridates|Slowking-Galar, F|100/100|[from] Flip Turn
|
|upkeep
|turn|23
|
|t:|1776096149
|move|p1a: Alomomola|Whirlpool|p2a: Mithridates
|-damage|p2a: Mithridates|97/100
|-activate|p2a: Mithridates|move: Whirlpool|[of] p1a: Alomomola
|move|p2a: Mithridates|Future Sight|p1a: Alomomola
|-start|p2a: Mithridates|move: Future Sight
|
|-heal|p1a: Alomomola|100/100|[from] move: Wish|[wisher] Alomomola
|-damage|p2a: Mithridates|85/100|[from] move: Whirlpool|[partiallytrapped]
|upkeep
|turn|24
|
|t:|1776096158
|switch|p1a: Blissey|Blissey, F|100/100
|move|p2a: Mithridates|Psychic Noise|p1a: Blissey
|-damage|p1a: Blissey|91/100
|-start|p1a: Blissey|move: Heal Block
|
|-end|p2a: Mithridates|Whirlpool|[partiallytrapped]|[silent]
|upkeep
|turn|25
|
|t:|1776096175
|switch|p2a: Mahad|Meowscarada, F, shiny|100/100
|move|p1a: Blissey|Shadow Ball|p2a: Mahad
|-resisted|p2a: Mahad
|-damage|p2a: Mahad|90/100
|
|-end|p1a: Blissey|move: Future Sight
|-damage|p1a: Blissey|74/100
|-end|p1a: Blissey|move: Heal Block
|upkeep
|turn|26
|
|t:|1776096194
|switch|p1a: Clodsire|Clodsire, F|94/100
|move|p2a: Mahad|Knock Off|p1a: Clodsire
|-start|p2a: Mahad|typechange|Dark|[from] ability: Protean
|-damage|p1a: Clodsire|47/100
|-enditem|p1a: Clodsire|Heavy-Duty Boots|[from] move: Knock Off|[of] p2a: Mahad
|
|upkeep
|turn|27
|
|t:|1776096210
|switch|p2a: Mithridates|Slowking-Galar, F|100/100
|switch|p1a: Dondozo|Dondozo, F, tera:Dark|72/100
|-damage|p1a: Dondozo|59/100|[from] Stealth Rock
|
|upkeep
|turn|28
|
|t:|1776096222
|switch|p2a: Charybdis|Alomomola, M, shiny|100/100 brn
|move|p1a: Dondozo|Rest|p1a: Dondozo
|-status|p1a: Dondozo|slp|[from] move: Rest
|-heal|p1a: Dondozo|100/100 slp|[silent]
|
|-damage|p2a: Charybdis|94/100 brn|[from] brn
|upkeep
|turn|29
|
|t:|1776096233
|switch|p1a: Alomomola|Alomomola, M|100/100
|move|p2a: Charybdis|Wish|p2a: Charybdis
|
|-damage|p2a: Charybdis|88/100 brn|[from] brn
|upkeep
|turn|30
|
|t:|1776096248
|move|p2a: Charybdis|Flip Turn|p1a: Alomomola
|-resisted|p1a: Alomomola
|-damage|p1a: Alomomola|98/100
|
|t:|1776096257
|switch|p2a: Mithridates|Slowking-Galar, F|100/100|[from] Flip Turn
|move|p1a: Alomomola|Wish|p1a: Alomomola
|
|upkeep
|turn|31
|
|t:|1776096265
|switch|p1a: Blissey|Blissey, F|74/100
|move|p2a: Mithridates|Psychic Noise|p1a: Blissey
|-damage|p1a: Blissey|63/100
|-start|p1a: Blissey|move: Heal Block
|
|upkeep
|turn|32
|
|t:|1776096281
|move|p1a: Blissey|Shadow Ball|p2a: Mithridates
|-supereffective|p2a: Mithridates
|-crit|p2a: Mithridates
|-damage|p2a: Mithridates|78/100
|move|p2a: Mithridates|Psychic Noise|p1a: Blissey
|-damage|p1a: Blissey|53/100
|
|-end|p1a: Blissey|move: Heal Block
|upkeep
|turn|33
|
|t:|1776096293
|move|p1a: Blissey|Soft-Boiled|p1a: Blissey
|-heal|p1a: Blissey|100/100
|move|p2a: Mithridates|Future Sight|p1a: Blissey
|-start|p2a: Mithridates|move: Future Sight
|
|upkeep
|turn|34
|
|t:|1776096300
|move|p1a: Blissey|Shadow Ball|p2a: Mithridates
|-supereffective|p2a: Mithridates
|-damage|p2a: Mithridates|65/100
|move|p2a: Mithridates|Sludge Bomb|p1a: Blissey
|-damage|p1a: Blissey|89/100
|
|upkeep
|turn|35
|
|t:|1776096308
|move|p1a: Blissey|Shadow Ball|p2a: Mithridates
|-supereffective|p2a: Mithridates
|-damage|p2a: Mithridates|50/100
|move|p2a: Mithridates|Psychic Noise|p1a: Blissey
|-damage|p1a: Blissey|79/100
|-start|p1a: Blissey|move: Heal Block
|
|-end|p1a: Blissey|move: Future Sight
|-damage|p1a: Blissey|63/100
|upkeep
|turn|36
|
|t:|1776096320
|switch|p2a: Barca|Great Tusk|80/100
|move|p1a: Blissey|Shadow Ball|p2a: Barca
|-damage|p2a: Barca|59/100
|
|-end|p1a: Blissey|move: Heal Block
|upkeep
|turn|37
|
|t:|1776096337
|switch|p1a: Dondozo|Dondozo, F, tera:Dark|100/100 slp
|-damage|p1a: Dondozo|88/100 slp|[from] Stealth Rock
|move|p2a: Barca|Knock Off|p1a: Dondozo
|-resisted|p1a: Dondozo
|-crit|p1a: Dondozo
|-damage|p1a: Dondozo|80/100 slp
|
|upkeep
|turn|38
|
|t:|1776096347
|move|p2a: Barca|Close Combat|p1a: Dondozo
|-supereffective|p1a: Dondozo
|-damage|p1a: Dondozo|21/100 slp
|-unboost|p2a: Barca|def|1
|-unboost|p2a: Barca|spd|1
|cant|p1a: Dondozo|slp
|
|upkeep
|turn|39
|
|t:|1776096372
|switch|p1a: Alomomola|Alomomola, M|100/100
|move|p2a: Barca|Close Combat|p1a: Alomomola
|-damage|p1a: Alomomola|69/100
|-unboost|p2a: Barca|def|1
|-unboost|p2a: Barca|spd|1
|
|upkeep
|turn|40
|inactive|Battle timer is ON: inactive players will automatically lose when time's up. (requested by touchieraunt)
|
|t:|1776096387
|move|p2a: Barca|Knock Off|p1a: Alomomola
|-damage|p1a: Alomomola|50/100
|-enditem|p1a: Alomomola|Heavy-Duty Boots|[from] move: Knock Off|[of] p2a: Barca
|move|p1a: Alomomola|Wish|p1a: Alomomola
|
|upkeep
|turn|41
|
|t:|1776096411
|-end|p2a: Barca|Protosynthesis|[silent]
|switch|p2a: Charybdis|Alomomola, M, shiny|100/100 brn
|move|p1a: Alomomola|Protect||[still]
|-fail|p1a: Alomomola
|
|-heal|p1a: Alomomola|99/100|[from] move: Wish|[wisher] Alomomola
|-damage|p2a: Charybdis|94/100 brn|[from] brn
|upkeep
|turn|42
|
|t:|1776096420
|move|p1a: Alomomola|Wish|p1a: Alomomola
|move|p2a: Charybdis|Wish|p2a: Charybdis
|
|-damage|p2a: Charybdis|88/100 brn|[from] brn
|upkeep
|turn|43
|
|t:|1776096426
|switch|p1a: Dondozo|Dondozo, F, tera:Dark|21/100 slp
|-damage|p1a: Dondozo|9/100 slp|[from] Stealth Rock
|switch|p2a: Barca|Great Tusk|59/100
|
|-heal|p2a: Barca|100/100|[from] move: Wish|[wisher] Charybdis
|-heal|p1a: Dondozo|62/100 slp|[from] move: Wish|[wisher] Alomomola
|upkeep
|turn|44
|
|t:|1776096441
|move|p2a: Barca|Close Combat|p1a: Dondozo
|-supereffective|p1a: Dondozo
|-damage|p1a: Dondozo|2/100 slp
|-unboost|p2a: Barca|def|1
|-unboost|p2a: Barca|spd|1
|cant|p1a: Dondozo|slp
|
|upkeep
|turn|45
|
|t:|1776096456
|switch|p1a: Alomomola|Alomomola, M|100/100
|-damage|p1a: Alomomola|88/100|[from] Stealth Rock
|move|p2a: Barca|Knock Off|p1a: Alomomola
|-damage|p1a: Alomomola|75/100
|
|upkeep
|turn|46
|
|t:|1776096472
|-end|p2a: Barca|Protosynthesis|[silent]
|switch|p2a: Mahad|Meowscarada, F, shiny|90/100
|move|p1a: Alomomola|Wish|p1a: Alomomola
|
|upkeep
|turn|47
|
|t:|1776096483
|switch|p1a: Talonflame|Talonflame, F|70/100
|-damage|p1a: Talonflame|20/100|[from] Stealth Rock
|move|p2a: Mahad|U-turn|p1a: Talonflame
|-start|p2a: Mahad|typechange|Bug|[from] ability: Protean
|-resisted|p1a: Talonflame
|-damage|p1a: Talonflame|12/100
|-status|p2a: Mahad|brn|[from] ability: Flame Body|[of] p1a: Talonflame
|
|t:|1776096498
|switch|p2a: Charybdis|Alomomola, M, shiny|100/100 brn|[from] U-turn
|
|-heal|p1a: Talonflame|87/100|[from] move: Wish|[wisher] Alomomola
|-damage|p2a: Charybdis|94/100 brn|[from] brn
|upkeep
|turn|48
|
|t:|1776096507
|move|p1a: Talonflame|Defog|p2a: Charybdis
|-unboost|p2a: Charybdis|evasion|1
|-sideend|p1: touchieraunt|Stealth Rock|[from] move: Defog|[of] p1a: Talonflame
|move|p2a: Charybdis|Scald|p1a: Talonflame
|-supereffective|p1a: Talonflame
|-damage|p1a: Talonflame|50/100
|
|-damage|p2a: Charybdis|88/100 brn|[from] brn
|upkeep
|turn|49
|
|t:|1776096515
|move|p1a: Talonflame|Roost|p1a: Talonflame
|-heal|p1a: Talonflame|99/100
|-singleturn|p1a: Talonflame|move: Roost
|move|p2a: Charybdis|Scald|p1a: Talonflame
|-supereffective|p1a: Talonflame
|-damage|p1a: Talonflame|62/100
|
|-damage|p2a: Charybdis|82/100 brn|[from] brn
|upkeep
|turn|50
|
|t:|1776096526
|switch|p1a: Alomomola|Alomomola, M|100/100
|move|p2a: Charybdis|Scald|p1a: Alomomola
|-resisted|p1a: Alomomola
|-damage|p1a: Alomomola|92/100
|-status|p1a: Alomomola|brn
|
|-damage|p2a: Charybdis|76/100 brn|[from] brn
|-damage|p1a: Alomomola|86/100 brn|[from] brn
|upkeep
|turn|51
|
|t:|1776096535
|move|p2a: Charybdis|Wish|p2a: Charybdis
|move|p1a: Alomomola|Wish|p1a: Alomomola
|
|-damage|p2a: Charybdis|70/100 brn|[from] brn
|-damage|p1a: Alomomola|80/100 brn|[from] brn
|upkeep
|turn|52
|
|t:|1776096550
|switch|p2a: Barca|Great Tusk|100/100
|switch|p1a: Clodsire|Clodsire, F|47/100
|
|-heal|p1a: Clodsire|100/100|[from] move: Wish|[wisher] Alomomola
|upkeep
|turn|53
|
|t:|1776096561
|-end|p2a: Barca|Protosynthesis|[silent]
|switch|p2a: Mithridates|Slowking-Galar, F|83/100
|move|p1a: Clodsire|Toxic|p2a: Mithridates
|-immune|p2a: Mithridates
|
|upkeep
|turn|54
|
|t:|1776096572
|move|p2a: Mithridates|Psychic Noise|p1a: Clodsire
|-supereffective|p1a: Clodsire
|-damage|p1a: Clodsire|62/100
|-start|p1a: Clodsire|move: Heal Block
|move|p1a: Clodsire|Earthquake|p2a: Mithridates
|-supereffective|p2a: Mithridates
|-damage|p2a: Mithridates|29/100
|
|upkeep
|turn|55
|
|t:|1776096598
|switch|p2a: Charybdis|Alomomola, M, shiny|100/100 brn
|move|p1a: Clodsire|Earthquake|p2a: Charybdis
|-damage|p2a: Charybdis|86/100 brn
|
|-damage|p2a: Charybdis|80/100 brn|[from] brn
|-end|p1a: Clodsire|move: Heal Block
|upkeep
|turn|56
|
|t:|1776096610
|switch|p1a: Alomomola|Alomomola, M|100/100 brn
|move|p2a: Charybdis|Scald|p1a: Alomomola
|-resisted|p1a: Alomomola
|-damage|p1a: Alomomola|92/100 brn
|
|-damage|p1a: Alomomola|86/100 brn|[from] brn
|-damage|p2a: Charybdis|74/100 brn|[from] brn
|upkeep
|turn|57
|inactive|touchieraunt has 120 seconds left.
|
|t:|1776096627
|move|p1a: Alomomola|Whirlpool|p2a: Charybdis
|-resisted|p2a: Charybdis
|-damage|p2a: Charybdis|70/100 brn
|-activate|p2a: Charybdis|move: Whirlpool|[of] p1a: Alomomola
|move|p2a: Charybdis|Flip Turn|p1a: Alomomola
|-resisted|p1a: Alomomola
|-damage|p1a: Alomomola|84/100 brn
|inactive|magistermilitum420 has 120 seconds left.
|
|t:|1776096638
|switch|p2a: Mahad|Meowscarada, F, shiny|90/100 brn|[from] Flip Turn
|
|-damage|p2a: Mahad|84/100 brn|[from] brn
|-damage|p1a: Alomomola|77/100 brn|[from] brn
|upkeep
|turn|58
|
|t:|1776096649
|switch|p1a: Toxapex|Toxapex, M|100/100
|move|p2a: Mahad|Flower Trick|p1a: Toxapex
|-start|p2a: Mahad|typechange|Grass|[from] ability: Protean
|-crit|p1a: Toxapex
|-damage|p1a: Toxapex|86/100
|
|-damage|p2a: Mahad|78/100 brn|[from] brn
|upkeep
|turn|59
|
|t:|1776096659
|switch|p2a: Mithridates|Slowking-Galar, F|62/100
|move|p1a: Toxapex|Infestation|p2a: Mithridates
|-damage|p2a: Mithridates|60/100
|-activate|p2a: Mithridates|move: Infestation|[of] p1a: Toxapex
|
|-damage|p2a: Mithridates|48/100|[from] move: Infestation|[partiallytrapped]
|upkeep
|turn|60
|
|t:|1776096670
|switch|p1a: Blissey|Blissey, F|63/100
|move|p2a: Mithridates|Psychic Noise|p1a: Blissey
|-damage|p1a: Blissey|53/100
|-start|p1a: Blissey|move: Heal Block
|
|-end|p2a: Mithridates|Infestation|[partiallytrapped]|[silent]
|upkeep
|turn|61
|
|t:|1776096680
|switch|p2a: Barca|Great Tusk|100/100
|move|p1a: Blissey|Shadow Ball|p2a: Barca
|-damage|p2a: Barca|80/100
|
|-end|p1a: Blissey|move: Heal Block
|upkeep
|turn|62
|
|t:|1776096692
|switch|p1a: Alomomola|Alomomola, M|100/100 brn
|move|p2a: Barca|Close Combat|p1a: Alomomola
|-damage|p1a: Alomomola|64/100 brn
|-unboost|p2a: Barca|def|1
|-unboost|p2a: Barca|spd|1
|
|-damage|p1a: Alomomola|58/100 brn|[from] brn
|upkeep
|turn|63
|
|t:|1776096711
|-terastallize|p2a: Barca|Water
|move|p2a: Barca|Stealth Rock|p1a: Alomomola
|-sidestart|p1: touchieraunt|move: Stealth Rock
|move|p1a: Alomomola|Whirlpool|p2a: Barca
|-resisted|p2a: Barca
|-damage|p2a: Barca|74/100
|-activate|p2a: Barca|move: Whirlpool|[of] p1a: Alomomola
|
|-damage|p1a: Alomomola|52/100 brn|[from] brn
|-damage|p2a: Barca|61/100|[from] move: Whirlpool|[partiallytrapped]
|upkeep
|turn|64
|
|t:|1776096727
|move|p1a: Alomomola|Protect|p1a: Alomomola
|-singleturn|p1a: Alomomola|Protect
|move|p2a: Barca|Rapid Spin|p1a: Alomomola
|-activate|p1a: Alomomola|move: Protect
|
|-damage|p1a: Alomomola|45/100 brn|[from] brn
|-damage|p2a: Barca|49/100|[from] move: Whirlpool|[partiallytrapped]
|upkeep
|turn|65
|inactive|touchieraunt has 120 seconds left.
|
|t:|1776096758
|switch|p1a: Clodsire|Clodsire, F|62/100
|-damage|p1a: Clodsire|55/100|[from] Stealth Rock
|move|p2a: Barca|Rapid Spin|p1a: Clodsire
|-damage|p1a: Clodsire|34/100
|-boost|p2a: Barca|spe|1
|-end|p2a: Barca|Whirlpool|[partiallytrapped]
|
|upkeep
|turn|66
|
|t:|1776096774
|-end|p2a: Barca|Protosynthesis|[silent]
|switch|p2a: Mithridates|Slowking-Galar, F|81/100
|move|p1a: Clodsire|Recover|p1a: Clodsire
|-heal|p1a: Clodsire|84/100
|
|upkeep
|turn|67
|
|t:|1776096783
|move|p2a: Mithridates|Psychic Noise|p1a: Clodsire
|-supereffective|p1a: Clodsire
|-damage|p1a: Clodsire|46/100
|-start|p1a: Clodsire|move: Heal Block
|move|p1a: Clodsire|Earthquake|p2a: Mithridates
|-supereffective|p2a: Mithridates
|-crit|p2a: Mithridates
|-damage|p2a: Mithridates|0 fnt
|faint|p2a: Mithridates
|
|upkeep
|
|t:|1776096797
|switch|p2a: Vulcanus|Heatran, M, shiny|100/100
|turn|68
|inactive|touchieraunt has 120 seconds left.
|
|t:|1776096812
|switch|p1a: Alomomola|Alomomola, M|79/100 brn
|-damage|p1a: Alomomola|66/100 brn|[from] Stealth Rock
|move|p2a: Vulcanus|Earth Power|p1a: Alomomola
|-damage|p1a: Alomomola|11/100 brn
|
|-damage|p1a: Alomomola|4/100 brn|[from] brn
|upkeep
|turn|69
|inactive|touchieraunt has 120 seconds left.
|
|t:|1776096823
|switch|p1a: Toxapex|Toxapex, M|100/100
|move|p2a: Vulcanus|Earth Power|p1a: Toxapex
|-supereffective|p1a: Toxapex
|-damage|p1a: Toxapex|20/100
|
|upkeep
|turn|70
|inactive|touchieraunt has 120 seconds left.
|
|t:|1776096840
|switch|p1a: Talonflame|Talonflame, F|62/100
|-damage|p1a: Talonflame|12/100|[from] Stealth Rock
|move|p2a: Vulcanus|Earth Power|p1a: Talonflame
|-immune|p1a: Talonflame
|
|upkeep
|turn|71
|
|t:|1776096850
|switch|p2a: Charybdis|Alomomola, M, shiny|100/100 brn
|move|p1a: Talonflame|Defog|p2a: Charybdis
|-unboost|p2a: Charybdis|evasion|1
|-sideend|p1: touchieraunt|Stealth Rock|[from] move: Defog|[of] p1a: Talonflame
|
|-damage|p2a: Charybdis|94/100 brn|[from] brn
|upkeep
|turn|72
|
|t:|1776096860
|move|p1a: Talonflame|Roost|p1a: Talonflame
|-heal|p1a: Talonflame|62/100
|-singleturn|p1a: Talonflame|move: Roost
|move|p2a: Charybdis|Scald|p1a: Talonflame
|-supereffective|p1a: Talonflame
|-damage|p1a: Talonflame|26/100
|
|-damage|p2a: Charybdis|88/100 brn|[from] brn
|upkeep
|turn|73
|
|t:|1776096873
|move|p1a: Talonflame|Roost|p1a: Talonflame
|-heal|p1a: Talonflame|76/100
|-singleturn|p1a: Talonflame|move: Roost
|move|p2a: Charybdis|Scald|p1a: Talonflame
|-supereffective|p1a: Talonflame
|-damage|p1a: Talonflame|39/100
|
|-damage|p2a: Charybdis|82/100 brn|[from] brn
|upkeep
|turn|74
|
|t:|1776096887
|switch|p1a: Alomomola|Alomomola, M|38/100 brn
|move|p2a: Charybdis|Scald|p1a: Alomomola
|-resisted|p1a: Alomomola
|-damage|p1a: Alomomola|30/100 brn
|
|-damage|p2a: Charybdis|76/100 brn|[from] brn
|-damage|p1a: Alomomola|23/100 brn|[from] brn
|upkeep
|turn|75
|
|t:|1776096896
|move|p1a: Alomomola|Wish|p1a: Alomomola
|move|p2a: Charybdis|Wish|p2a: Charybdis
|
|-damage|p1a: Alomomola|17/100 brn|[from] brn
|-damage|p2a: Charybdis|70/100 brn|[from] brn
|upkeep
|turn|76
|
|t:|1776096903
|move|p1a: Alomomola|Protect|p1a: Alomomola
|-singleturn|p1a: Alomomola|Protect
|move|p2a: Charybdis|Flip Turn|p1a: Alomomola
|-activate|p1a: Alomomola|move: Protect
|
|-heal|p2a: Charybdis|100/100 brn|[from] move: Wish|[wisher] Charybdis
|-heal|p1a: Alomomola|67/100 brn|[from] move: Wish|[wisher] Alomomola
|-damage|p1a: Alomomola|61/100 brn|[from] brn
|-damage|p2a: Charybdis|94/100 brn|[from] brn
|upkeep
|turn|77
|
|t:|1776096914
|move|p1a: Alomomola|Wish|p1a: Alomomola
|move|p2a: Charybdis|Wish|p2a: Charybdis
|
|-damage|p2a: Charybdis|88/100 brn|[from] brn
|-damage|p1a: Alomomola|55/100 brn|[from] brn
|upkeep
|turn|78
|
|t:|1776096930
|switch|p2a: Barca|Great Tusk, tera:Water|49/100
|switch|p1a: Dondozo|Dondozo, F, tera:Dark|2/100 slp
|
|-heal|p2a: Barca|100/100|[from] move: Wish|[wisher] Charybdis
|-heal|p1a: Dondozo|55/100 slp|[from] move: Wish|[wisher] Alomomola
|upkeep
|turn|79
|
|t:|1776096946
|move|p2a: Barca|Close Combat|p1a: Dondozo
|-supereffective|p1a: Dondozo
|-damage|p1a: Dondozo|0 fnt
|-unboost|p2a: Barca|def|1
|-unboost|p2a: Barca|spd|1
|faint|p1a: Dondozo
|
|upkeep
|
|t:|1776096958
|switch|p1a: Talonflame|Talonflame, F|39/100
|turn|80
|
|t:|1776096966
|move|p1a: Talonflame|Will-O-Wisp|p2a: Barca
|-status|p2a: Barca|brn
|move|p2a: Barca|Rapid Spin|p1a: Talonflame
|-damage|p1a: Talonflame|30/100
|-boost|p2a: Barca|spe|1
|
|-damage|p2a: Barca|94/100 brn|[from] brn
|upkeep
|turn|81
|
|t:|1776096978
|move|p2a: Barca|Stealth Rock|p1a: Talonflame
|-sidestart|p1: touchieraunt|move: Stealth Rock
|move|p1a: Talonflame|Roost|p1a: Talonflame
|-heal|p1a: Talonflame|80/100
|-singleturn|p1a: Talonflame|move: Roost
|
|-damage|p2a: Barca|88/100 brn|[from] brn
|upkeep
|turn|82
|
|t:|1776096988
|-end|p2a: Barca|Protosynthesis|[silent]
|switch|p2a: Vulcanus|Heatran, M, shiny|100/100
|move|p1a: Talonflame|Defog|p2a: Vulcanus
|-unboost|p2a: Vulcanus|evasion|1
|-sideend|p1: touchieraunt|Stealth Rock|[from] move: Defog|[of] p1a: Talonflame
|
|upkeep
|turn|83
|
|t:|1776096999
|switch|p1a: Alomomola|Alomomola, M|88/100 brn
|move|p2a: Vulcanus|Flash Cannon|p1a: Alomomola
|-resisted|p1a: Alomomola
|-crit|p1a: Alomomola
|-damage|p1a: Alomomola|34/100 brn
|
|-damage|p1a: Alomomola|27/100 brn|[from] brn
|upkeep
|turn|84
|
|t:|1776097015
|switch|p1a: Blissey|Blissey, F|53/100
|move|p2a: Vulcanus|Flash Cannon|p1a: Blissey
|-damage|p1a: Blissey|36/100
|
|upkeep
|turn|85
|
|t:|1776097027
|move|p2a: Vulcanus|Flash Cannon|p1a: Blissey
|-damage|p1a: Blissey|19/100
|move|p1a: Blissey|Soft-Boiled|p1a: Blissey
|-heal|p1a: Blissey|69/100
|
|upkeep
|turn|86
|
|t:|1776097043
|switch|p2a: Barca|Great Tusk, tera:Water|88/100 brn
|move|p1a: Blissey|Seismic Toss|p2a: Barca
|-damage|p2a: Barca|61/100 brn
|
|-damage|p2a: Barca|55/100 brn|[from] brn
|upkeep
|turn|87
|
|t:|1776097055
|switch|p1a: Talonflame|Talonflame, F|80/100
|move|p2a: Barca|Knock Off|p1a: Talonflame
|-damage|p1a: Talonflame|68/100
|
|-damage|p2a: Barca|49/100 brn|[from] brn
|upkeep
|turn|88
|
|t:|1776097064
|move|p1a: Talonflame|Flamethrower|p2a: Barca
|-resisted|p2a: Barca
|-damage|p2a: Barca|31/100 brn
|move|p2a: Barca|Stealth Rock|p1a: Talonflame
|-sidestart|p1: touchieraunt|move: Stealth Rock
|
|-damage|p2a: Barca|25/100 brn|[from] brn
|upkeep
|turn|89
|
|t:|1776097072
|-end|p2a: Barca|Protosynthesis|[silent]
|switch|p2a: Vulcanus|Heatran, M, shiny|100/100
|move|p1a: Talonflame|Defog|p2a: Vulcanus
|-unboost|p2a: Vulcanus|evasion|1
|-sideend|p1: touchieraunt|Stealth Rock|[from] move: Defog|[of] p1a: Talonflame
|
|upkeep
|turn|90
|
|t:|1776097085
|switch|p1a: Alomomola|Alomomola, M|61/100 brn
|move|p2a: Vulcanus|Overheat|p1a: Alomomola
|-resisted|p1a: Alomomola
|-damage|p1a: Alomomola|3/100 brn
|-unboost|p2a: Vulcanus|spa|2
|
|-damage|p1a: Alomomola|0 fnt|[from] brn
|faint|p1a: Alomomola
|upkeep
|
|t:|1776097096
|switch|p1a: Blissey|Blissey, F|69/100
|turn|91
|
|t:|1776097102
|switch|p2a: Charybdis|Alomomola, M, shiny|100/100 brn
|move|p1a: Blissey|Seismic Toss|p2a: Charybdis
|-damage|p2a: Charybdis|82/100 brn
|
|-damage|p2a: Charybdis|76/100 brn|[from] brn
|upkeep
|turn|92
|
|t:|1776097114
|move|p1a: Blissey|Seismic Toss|p2a: Charybdis
|-damage|p2a: Charybdis|57/100 brn
|move|p2a: Charybdis|Wish|p2a: Charybdis
|
|-damage|p2a: Charybdis|51/100 brn|[from] brn
|upkeep
|turn|93
|
|t:|1776097121
|move|p1a: Blissey|Stealth Rock|p2a: Charybdis
|-sidestart|p2: magistermilitum420|move: Stealth Rock
|move|p2a: Charybdis|Flip Turn|p1a: Blissey
|-damage|p1a: Blissey|54/100
|
|t:|1776097125
|switch|p2a: Barca|Great Tusk, tera:Water|25/100 brn|[from] Flip Turn
|
|-heal|p2a: Barca|97/100 brn|[from] move: Wish|[wisher] Charybdis
|-damage|p2a: Barca|91/100 brn|[from] brn
|upkeep
|turn|94
|
|t:|1776097133
|switch|p1a: Talonflame|Talonflame, F|68/100
|move|p2a: Barca|Rapid Spin|p1a: Talonflame
|-damage|p1a: Talonflame|59/100
|-boost|p2a: Barca|spe|1
|-sideend|p2: magistermilitum420|Stealth Rock|[from] move: Rapid Spin|[of] p2a: Barca
|
|-damage|p2a: Barca|84/100 brn|[from] brn
|upkeep
|turn|95
|
|t:|1776097143
|move|p2a: Barca|Stealth Rock|p1a: Talonflame
|-sidestart|p1: touchieraunt|move: Stealth Rock
|move|p1a: Talonflame|Flamethrower|p2a: Barca
|-resisted|p2a: Barca
|-damage|p2a: Barca|65/100 brn
|
|-damage|p2a: Barca|59/100 brn|[from] brn
|upkeep
|turn|96
|
|t:|1776097152
|move|p2a: Barca|Close Combat|p1a: Talonflame
|-resisted|p1a: Talonflame
|-damage|p1a: Talonflame|44/100
|-unboost|p2a: Barca|def|1
|-unboost|p2a: Barca|spd|1
|move|p1a: Talonflame|Defog|p2a: Barca
|-unboost|p2a: Barca|evasion|1
|-sideend|p1: touchieraunt|Stealth Rock|[from] move: Defog|[of] p1a: Talonflame
|
|-damage|p2a: Barca|53/100 brn|[from] brn
|upkeep
|turn|97
|
|t:|1776097163
|-end|p2a: Barca|Protosynthesis|[silent]
|switch|p2a: Vulcanus|Heatran, M, shiny|100/100
|move|p1a: Talonflame|Roost|p1a: Talonflame
|-heal|p1a: Talonflame|94/100
|-singleturn|p1a: Talonflame|move: Roost
|
|upkeep
|turn|98
|
|t:|1776097170
|switch|p1a: Blissey|Blissey, F|54/100
|move|p2a: Vulcanus|Overheat|p1a: Blissey
|-damage|p1a: Blissey|24/100
|-unboost|p2a: Vulcanus|spa|2
|
|upkeep
|turn|99
|
|t:|1776097177
|move|p2a: Vulcanus|Overheat|p1a: Blissey
|-damage|p1a: Blissey|11/100
|-unboost|p2a: Vulcanus|spa|2
|move|p1a: Blissey|Soft-Boiled|p1a: Blissey
|-heal|p1a: Blissey|61/100
|
|upkeep
|turn|100
|
|t:|1776097189
|switch|p2a: Mahad|Meowscarada, F, shiny|78/100 brn
|move|p1a: Blissey|Seismic Toss|p2a: Mahad
|-damage|p2a: Mahad|44/100 brn
|
|-damage|p2a: Mahad|38/100 brn|[from] brn
|upkeep
|turn|101
|
|t:|1776097203
|switch|p1a: Toxapex|Toxapex, M|53/100
|move|p2a: Mahad|Knock Off|p1a: Toxapex
|-start|p2a: Mahad|typechange|Dark|[from] ability: Protean
|-damage|p1a: Toxapex|41/100
|-enditem|p1a: Toxapex|Heavy-Duty Boots|[from] move: Knock Off|[of] p2a: Mahad
|
|-damage|p2a: Mahad|31/100 brn|[from] brn
|upkeep
|turn|102
|
|t:|1776097215
|switch|p2a: Vulcanus|Heatran, M, shiny|100/100
|move|p1a: Toxapex|Recover|p1a: Toxapex
|-heal|p1a: Toxapex|91/100
|
|upkeep
|turn|103
|inactive|touchieraunt has 120 seconds left.
|
|t:|1776097237
|switch|p1a: Blissey|Blissey, F|61/100
|move|p2a: Vulcanus|Flash Cannon|p1a: Blissey
|-damage|p1a: Blissey|43/100
|
|upkeep
|turn|104
|inactive|touchieraunt has 120 seconds left.
|
|t:|1776097247
|move|p2a: Vulcanus|Flash Cannon|p1a: Blissey
|-damage|p1a: Blissey|26/100
|move|p1a: Blissey|Soft-Boiled|p1a: Blissey
|-heal|p1a: Blissey|76/100
|
|upkeep
|turn|105
|inactive|touchieraunt has 120 seconds left.
|
|t:|1776097258
|switch|p2a: Charybdis|Alomomola, M, shiny|84/100 brn
|move|p1a: Blissey|Seismic Toss|p2a: Charybdis
|-damage|p2a: Charybdis|65/100 brn
|
|-damage|p2a: Charybdis|59/100 brn|[from] brn
|upkeep
|turn|106
|
|t:|1776097270
|switch|p1a: Clodsire|Clodsire, F|46/100
|move|p2a: Charybdis|Wish|p2a: Charybdis
|
|-damage|p2a: Charybdis|53/100 brn|[from] brn
|upkeep
|turn|107
|
|t:|1776097277
|switch|p2a: Vulcanus|Heatran, M, shiny|100/100
|move|p1a: Clodsire|Toxic|p2a: Vulcanus
|-immune|p2a: Vulcanus
|
|upkeep
|turn|108
|inactive|magistermilitum420 has 120 seconds left.
|
|t:|1776097299
|switch|p1a: Blissey|Blissey, F|76/100
|move|p2a: Vulcanus|Overheat|p1a: Blissey
|-damage|p1a: Blissey|46/100
|-unboost|p2a: Vulcanus|spa|2
|
|upkeep
|turn|109
|
|t:|1776097320
|switch|p2a: Charybdis|Alomomola, M, shiny|86/100 brn
|move|p1a: Blissey|Soft-Boiled|p1a: Blissey
|-heal|p1a: Blissey|96/100
|
|-damage|p2a: Charybdis|80/100 brn|[from] brn
|upkeep
|turn|110
|inactive|touchieraunt has 90 seconds left.
|
|t:|1776097341
|switch|p1a: Clodsire|Clodsire, F|46/100
|move|p2a: Charybdis|Scald|p1a: Clodsire
|-supereffective|p1a: Clodsire
|-damage|p1a: Clodsire|30/100
|
|-damage|p2a: Charybdis|74/100 brn|[from] brn
|upkeep
|turn|111
|
|t:|1776097352
|move|p2a: Charybdis|Scald|p1a: Clodsire
|-supereffective|p1a: Clodsire
|-damage|p1a: Clodsire|15/100
|move|p1a: Clodsire|Recover|p1a: Clodsire
|-heal|p1a: Clodsire|65/100
|
|-damage|p2a: Charybdis|68/100 brn|[from] brn
|upkeep
|turn|112
|
|t:|1776097364
|move|p2a: Charybdis|Wish|p2a: Charybdis
|move|p1a: Clodsire|Earthquake|p2a: Charybdis
|-damage|p2a: Charybdis|52/100 brn
|
|-damage|p2a: Charybdis|46/100 brn|[from] brn
|upkeep
|turn|113
|inactive|touchieraunt has 60 seconds left.
|
|t:|1776097384
|switch|p1a: Talonflame|Talonflame, F|94/100
|move|p2a: Charybdis|Scald|p1a: Talonflame
|-supereffective|p1a: Talonflame
|-damage|p1a: Talonflame|62/100
|
|-heal|p2a: Charybdis|96/100 brn|[from] move: Wish|[wisher] Charybdis
|-damage|p2a: Charybdis|89/100 brn|[from] brn
|upkeep
|turn|114
|inactive|touchieraunt has 60 seconds left.
|
|t:|1776097399
|switch|p1a: Clodsire|Clodsire, F|65/100
|move|p2a: Charybdis|Scald|p1a: Clodsire
|-supereffective|p1a: Clodsire
|-damage|p1a: Clodsire|49/100
|-status|p1a: Clodsire|brn
|
|-damage|p2a: Charybdis|83/100 brn|[from] brn
|-damage|p1a: Clodsire|43/100 brn|[from] brn
|upkeep
|turn|115
|
|t:|1776097410
|move|p2a: Charybdis|Scald|p1a: Clodsire
|-supereffective|p1a: Clodsire
|-damage|p1a: Clodsire|27/100 brn
|move|p1a: Clodsire|Recover|p1a: Clodsire
|-heal|p1a: Clodsire|77/100 brn
|
|-damage|p2a: Charybdis|77/100 brn|[from] brn
|-damage|p1a: Clodsire|71/100 brn|[from] brn
|upkeep
|turn|116
|inactive|magistermilitum420 has 90 seconds left.
|
|t:|1776097438
|switch|p1a: Toxapex|Toxapex, M|100/100
|move|p2a: Charybdis|Scald|p1a: Toxapex
|-resisted|p1a: Toxapex
|-damage|p1a: Toxapex|94/100
|-status|p1a: Toxapex|brn
|
|-damage|p2a: Charybdis|71/100 brn|[from] brn
|-damage|p1a: Toxapex|88/100 brn|[from] brn
|upkeep
|turn|117
|
|t:|1776097450
|move|p2a: Charybdis|Wish|p2a: Charybdis
|move|p1a: Toxapex|Infestation|p2a: Charybdis
|-damage|p2a: Charybdis|68/100 brn
|-activate|p2a: Charybdis|move: Infestation|[of] p1a: Toxapex
|
|-damage|p2a: Charybdis|62/100 brn|[from] brn
|-damage|p1a: Toxapex|82/100 brn|[from] brn
|-damage|p2a: Charybdis|49/100 brn|[from] move: Infestation|[partiallytrapped]
|upkeep
|turn|118
|
|t:|1776097459
|move|p2a: Charybdis|Flip Turn|p1a: Toxapex
|-resisted|p1a: Toxapex
|-damage|p1a: Toxapex|79/100 brn
|
|t:|1776097464
|switch|p2a: Barca|Great Tusk, tera:Water|53/100 brn|[from] Flip Turn
|move|p1a: Toxapex|Infestation|p2a: Barca
|-damage|p2a: Barca|48/100 brn
|-activate|p2a: Barca|move: Infestation|[of] p1a: Toxapex
|
|-heal|p2a: Barca|100/100 brn|[from] move: Wish|[wisher] Charybdis
|-damage|p2a: Barca|94/100 brn|[from] brn
|-damage|p1a: Toxapex|73/100 brn|[from] brn
|-damage|p2a: Barca|82/100 brn|[from] move: Infestation|[partiallytrapped]
|upkeep
|turn|119
|
|t:|1776097475
|switch|p1a: Talonflame|Talonflame, F|62/100
|move|p2a: Barca|Stealth Rock|p1a: Talonflame
|-sidestart|p1: touchieraunt|move: Stealth Rock
|
|-damage|p2a: Barca|76/100 brn|[from] brn
|-end|p2a: Barca|Infestation|[partiallytrapped]|[silent]
|upkeep
|turn|120
|
|t:|1776097490
|-end|p2a: Barca|Protosynthesis|[silent]
|switch|p2a: Vulcanus|Heatran, M, shiny|100/100
|move|p1a: Talonflame|Defog|p2a: Vulcanus
|-unboost|p2a: Vulcanus|evasion|1
|-sideend|p1: touchieraunt|Stealth Rock|[from] move: Defog|[of] p1a: Talonflame
|
|upkeep
|turn|121
|
|t:|1776097501
|switch|p1a: Blissey|Blissey, F|96/100
|move|p2a: Vulcanus|Flash Cannon|p1a: Blissey
|-damage|p1a: Blissey|78/100
|
|upkeep
|turn|122
|inactive|touchieraunt has 30 seconds left.
|inactive|magistermilitum420 has 60 seconds left.
|
|t:|1776097518
|switch|p2a: Charybdis|Alomomola, M, shiny|83/100 brn
|move|p1a: Blissey|Seismic Toss|p2a: Charybdis
|-damage|p2a: Charybdis|64/100 brn
|
|-damage|p2a: Charybdis|58/100 brn|[from] brn
|upkeep
|turn|123
|inactive|touchieraunt has 30 seconds left.
|
|t:|1776097530
|switch|p1a: Toxapex|Toxapex, M|100/100 brn
|move|p2a: Charybdis|Wish|p2a: Charybdis
|
|-damage|p2a: Charybdis|51/100 brn|[from] brn
|-damage|p1a: Toxapex|94/100 brn|[from] brn
|upkeep
|turn|124
|inactive|touchieraunt has 30 seconds left.
|
|t:|1776097539
|move|p2a: Charybdis|Flip Turn|p1a: Toxapex
|-resisted|p1a: Toxapex
|-damage|p1a: Toxapex|92/100 brn
|
|t:|1776097543
|switch|p2a: Vulcanus|Heatran, M, shiny|100/100|[from] Flip Turn
|move|p1a: Toxapex|Infestation|p2a: Vulcanus
|-resisted|p2a: Vulcanus
|-crit|p2a: Vulcanus
|-damage|p2a: Vulcanus|99/100
|-activate|p2a: Vulcanus|move: Infestation|[of] p1a: Toxapex
|
|-heal|p2a: Vulcanus|100/100|[from] move: Wish|[wisher] Charybdis
|-damage|p1a: Toxapex|86/100 brn|[from] brn
|-damage|p2a: Vulcanus|88/100|[from] move: Infestation|[partiallytrapped]
|upkeep
|turn|125
|inactive|touchieraunt has 30 seconds left.
|
|t:|1776097556
|switch|p1a: Blissey|Blissey, F|78/100
|move|p2a: Vulcanus|Earth Power|p1a: Blissey
|-damage|p1a: Blissey|65/100
|
|-end|p2a: Vulcanus|Infestation|[partiallytrapped]|[silent]
|upkeep
|turn|126
|inactive|touchieraunt has 30 seconds left.
|
|t:|1776097568
|switch|p2a: Ladon|Dragonite, M, shiny|100/100
|move|p1a: Blissey|Seismic Toss|p2a: Ladon
|-damage|p2a: Ladon|70/100
|
|upkeep
|turn|127
|inactive|touchieraunt has 30 seconds left.
|inactive|touchieraunt has 20 seconds left.
|inactive|touchieraunt has 15 seconds left.
|
|t:|1776097590
|switch|p1a: Toxapex|Toxapex, M|100/100 brn
|move|p2a: Ladon|Dragon Dance|p2a: Ladon
|-boost|p2a: Ladon|atk|1
|-boost|p2a: Ladon|spe|1
|
|-damage|p1a: Toxapex|94/100 brn|[from] brn
|upkeep
|turn|128
|inactive|touchieraunt has 20 seconds left this turn.
|inactive|touchieraunt has 15 seconds left.
|
|t:|1776097605
|move|p2a: Ladon|Dragon Dance|p2a: Ladon
|-boost|p2a: Ladon|atk|1
|-boost|p2a: Ladon|spe|1
|move|p1a: Toxapex|Toxic|p2a: Ladon
|-status|p2a: Ladon|tox
|
|-damage|p2a: Ladon|63/100 tox|[from] psn
|-damage|p1a: Toxapex|88/100 brn|[from] brn
|upkeep
|turn|129
|inactive|touchieraunt has 20 seconds left this turn.
|inactive|touchieraunt has 15 seconds left.
|inactive|touchieraunt has 10 seconds left.
|
|t:|1776097617
|switch|p1a: Clodsire|Clodsire, F|71/100 brn
|move|p2a: Ladon|Earthquake|p1a: Clodsire
|-supereffective|p1a: Clodsire
|-damage|p1a: Clodsire|0 fnt
|faint|p1a: Clodsire
|
|-damage|p2a: Ladon|51/100 tox|[from] psn
|upkeep
|inactive|touchieraunt has 15 seconds left this turn.
|inactive|touchieraunt has 10 seconds left.
|
|t:|1776097627
|switch|p1a: Talonflame|Talonflame, F|62/100
|turn|130
|inactive|touchieraunt has 15 seconds left this turn.
|inactive|touchieraunt has 10 seconds left.
|
|t:|1776097633
|switch|p1a: Toxapex|Toxapex, M|100/100 brn
|move|p2a: Ladon|Extreme Speed|p1a: Toxapex
|-damage|p1a: Toxapex|69/100 brn
|
|-damage|p2a: Ladon|32/100 tox|[from] psn
|-damage|p1a: Toxapex|63/100 brn|[from] brn
|upkeep
|turn|131
|inactive|touchieraunt has 15 seconds left this turn.
|inactive|touchieraunt has 10 seconds left.
|
|t:|1776097643
|switch|p2a: Charybdis|Alomomola, M, shiny|85/100 brn
|move|p1a: Toxapex|Recover|p1a: Toxapex
|-heal|p1a: Toxapex|100/100 brn
|
|-damage|p2a: Charybdis|79/100 brn|[from] brn
|-damage|p1a: Toxapex|94/100 brn|[from] brn
|upkeep
|turn|132
|inactive|touchieraunt has 15 seconds left this turn.
|inactive|touchieraunt has 10 seconds left.
|
|t:|1776097654
|move|p2a: Charybdis|Wish|p2a: Charybdis
|move|p1a: Toxapex|Infestation|p2a: Charybdis
|-damage|p2a: Charybdis|75/100 brn
|-activate|p2a: Charybdis|move: Infestation|[of] p1a: Toxapex
|
|-damage|p2a: Charybdis|69/100 brn|[from] brn
|-damage|p1a: Toxapex|88/100 brn|[from] brn
|-damage|p2a: Charybdis|57/100 brn|[from] move: Infestation|[partiallytrapped]
|upkeep
|turn|133
|inactive|touchieraunt has 15 seconds left this turn.
|inactive|touchieraunt has 10 seconds left.
|inactive|touchieraunt has 5 seconds left.
|
|t:|1776097664
|move|p2a: Charybdis|Flip Turn|p1a: Toxapex
|-resisted|p1a: Toxapex
|-damage|p1a: Toxapex|86/100 brn
|
|t:|1776097668
|switch|p2a: Vulcanus|Heatran, M, shiny|88/100|[from] Flip Turn
|move|p1a: Toxapex|Infestation|p2a: Vulcanus
|-resisted|p2a: Vulcanus
|-damage|p2a: Vulcanus|87/100
|-activate|p2a: Vulcanus|move: Infestation|[of] p1a: Toxapex
|
|-heal|p2a: Vulcanus|100/100|[from] move: Wish|[wisher] Charybdis
|-damage|p1a: Toxapex|79/100 brn|[from] brn
|-damage|p2a: Vulcanus|88/100|[from] move: Infestation|[partiallytrapped]
|upkeep
|turn|134
|inactive|touchieraunt has 15 seconds left this turn.
|inactive|touchieraunt has 10 seconds left.
|inactive|touchieraunt has 5 seconds left.
|
|t:|1776097679
|switch|p1a: Blissey|Blissey, F|65/100
|move|p2a: Vulcanus|Earth Power|p1a: Blissey
|-damage|p1a: Blissey|53/100
|
|-end|p2a: Vulcanus|Infestation|[partiallytrapped]|[silent]
|upkeep
|turn|135
|inactive|touchieraunt has 10 seconds left this turn.
|inactive|touchieraunt has 5 seconds left.
|
|t:|1776097688
|switch|p2a: Charybdis|Alomomola, M, shiny|90/100 brn
|move|p1a: Blissey|Soft-Boiled|p1a: Blissey
|-heal|p1a: Blissey|100/100
|
|-damage|p2a: Charybdis|84/100 brn|[from] brn
|upkeep
|turn|136
|inactive|touchieraunt has 10 seconds left this turn.
|inactive|touchieraunt has 5 seconds left.
|
|t:|1776097695
|switch|p1a: Toxapex|Toxapex, M|100/100 brn
|move|p2a: Charybdis|Wish|p2a: Charybdis
|
|-damage|p2a: Charybdis|78/100 brn|[from] brn
|-damage|p1a: Toxapex|94/100 brn|[from] brn
|upkeep
|turn|137
|inactive|touchieraunt has 10 seconds left this turn.
|inactive|magistermilitum420 has 30 seconds left.
|
|t:|1776097716
|move|p2a: Charybdis|Flip Turn|p1a: Toxapex
|-resisted|p1a: Toxapex
|-damage|p1a: Toxapex|92/100 brn
|inactive|magistermilitum420 has 30 seconds left this turn.
|
|t:|1776097719
|switch|p2a: Barca|Great Tusk, tera:Water|76/100 brn|[from] Flip Turn
|move|p1a: Toxapex|Infestation|p2a: Barca
|-damage|p2a: Barca|72/100 brn
|-activate|p2a: Barca|move: Infestation|[of] p1a: Toxapex
|
|-heal|p2a: Barca|100/100 brn|[from] move: Wish|[wisher] Charybdis
|-damage|p2a: Barca|94/100 brn|[from] brn
|-damage|p1a: Toxapex|86/100 brn|[from] brn
|-damage|p2a: Barca|82/100 brn|[from] move: Infestation|[partiallytrapped]
|upkeep
|turn|138
|inactive|touchieraunt has 20 seconds left this turn.
|inactive|touchieraunt has 15 seconds left.
|inactive|magistermilitum420 has 30 seconds left.
|inactive|touchieraunt has 10 seconds left.
|
|t:|1776097732
|switch|p1a: Talonflame|Talonflame, F|62/100
|move|p2a: Barca|Stealth Rock|p1a: Talonflame
|-sidestart|p1: touchieraunt|move: Stealth Rock
|
|-damage|p2a: Barca|76/100 brn|[from] brn
|-end|p2a: Barca|Infestation|[partiallytrapped]|[silent]
|upkeep
|turn|139
|inactive|touchieraunt has 15 seconds left this turn.
|inactive|magistermilitum420 has 30 seconds left this turn.
|inactive|touchieraunt has 10 seconds left.
|inactive|magistermilitum420 has 20 seconds left.
|inactive|magistermilitum420 has 15 seconds left.
|
|t:|1776097748
|-end|p2a: Barca|Protosynthesis|[silent]
|switch|p2a: Charybdis|Alomomola, M, shiny|100/100 brn
|move|p1a: Talonflame|Defog|p2a: Charybdis
|-unboost|p2a: Charybdis|evasion|1
|-sideend|p1: touchieraunt|Stealth Rock|[from] move: Defog|[of] p1a: Talonflame
|
|-damage|p2a: Charybdis|94/100 brn|[from] brn
|upkeep
|turn|140
|inactive|touchieraunt has 15 seconds left this turn.
|inactive|magistermilitum420 has 20 seconds left this turn.
|inactive|touchieraunt has 10 seconds left.
|inactive|magistermilitum420 has 15 seconds left.
|
|t:|1776097755
|switch|p1a: Toxapex|Toxapex, M|100/100 brn
|move|p2a: Charybdis|Scald|p1a: Toxapex
|-resisted|p1a: Toxapex
|-crit|p1a: Toxapex
|-damage|p1a: Toxapex|93/100 brn
|
|-damage|p2a: Charybdis|88/100 brn|[from] brn
|-damage|p1a: Toxapex|86/100 brn|[from] brn
|upkeep
|turn|141
|inactive|touchieraunt has 15 seconds left this turn.
|inactive|magistermilitum420 has 20 seconds left this turn.
|inactive|touchieraunt has 10 seconds left.
|inactive|magistermilitum420 has 15 seconds left.
|inactive|touchieraunt has 5 seconds left.
|inactive|magistermilitum420 has 10 seconds left.
|
|t:|1776097766
|move|p2a: Charybdis|Wish|p2a: Charybdis
|move|p1a: Toxapex|Infestation|p2a: Charybdis
|-damage|p2a: Charybdis|85/100 brn
|-activate|p2a: Charybdis|move: Infestation|[of] p1a: Toxapex
|
|-damage|p2a: Charybdis|79/100 brn|[from] brn
|-damage|p1a: Toxapex|80/100 brn|[from] brn
|-damage|p2a: Charybdis|66/100 brn|[from] move: Infestation|[partiallytrapped]
|upkeep
|turn|142
|inactive|touchieraunt has 10 seconds left this turn.
|inactive|magistermilitum420 has 15 seconds left this turn.
|inactive|touchieraunt has 5 seconds left.
|inactive|magistermilitum420 has 10 seconds left.
|
|t:|1776097773
|move|p2a: Charybdis|Flip Turn|p1a: Toxapex
|-resisted|p1a: Toxapex
|-damage|p1a: Toxapex|77/100 brn
|inactive|magistermilitum420 has 15 seconds left this turn.
|
|t:|1776097777
|switch|p2a: Vulcanus|Heatran, M, shiny|88/100|[from] Flip Turn
|move|p1a: Toxapex|Infestation|p2a: Vulcanus
|-resisted|p2a: Vulcanus
|-crit|p2a: Vulcanus
|-damage|p2a: Vulcanus|87/100
|-activate|p2a: Vulcanus|move: Infestation|[of] p1a: Toxapex
|
|-heal|p2a: Vulcanus|100/100|[from] move: Wish|[wisher] Charybdis
|-damage|p1a: Toxapex|71/100 brn|[from] brn
|-damage|p2a: Vulcanus|88/100|[from] move: Infestation|[partiallytrapped]
|upkeep
|turn|143
|inactive|touchieraunt has 15 seconds left this turn.
|inactive|magistermilitum420 has 20 seconds left this turn.
|inactive|touchieraunt has 10 seconds left.
|inactive|magistermilitum420 has 15 seconds left.
|inactive|magistermilitum420 has 10 seconds left.
|
|t:|1776097788
|switch|p1a: Blissey|Blissey, F|100/100
|move|p2a: Vulcanus|Overheat|p1a: Blissey
|-damage|p1a: Blissey|74/100
|-unboost|p2a: Vulcanus|spa|2
|
|-end|p2a: Vulcanus|Infestation|[partiallytrapped]|[silent]
|upkeep
|turn|144
|inactive|touchieraunt has 15 seconds left this turn.
|inactive|magistermilitum420 has 15 seconds left this turn.
|inactive|touchieraunt has 10 seconds left.
|inactive|magistermilitum420 has 10 seconds left.
|inactive|touchieraunt has 5 seconds left.
|inactive|magistermilitum420 has 5 seconds left.
|-message|magistermilitum420 lost due to inactivity.
|
|win|touchieraunt
|raw|touchieraunt's rating: 1255 &rarr; <strong>1276</strong><br />(+21 for winning)
|raw|magistermilitum420's rating: 1203 &rarr; <strong>1182</strong><br />(-21 for losing)
|l|☆touchieraunt
|player|p1|
