|html|<div class="broadcast-blue"><strong>[Gen 9] OU is currently suspecting Tera Blast! For information on how to participate check out the <a href="https://www.smogon.com/tools/suspects/view/200">suspect thread</a>.</strong></div>
|j|☆Ember&Corey
|j|☆Bulumusslos
|t:|1776090054
|gametype|singles
|player|p1|Ember&Corey|gardenia|1510
|player|p2|Bulumusslos|sailor-gen1rb|1516
|gen|9
|tier|[Gen 9] OU
|rated|
|rule|HP Percentage Mod: HP is shown in percentages
|rule|Endless Battle Clause: Forcing endless battles is banned
|rule|Species Clause: Limit one of each Pokémon
|rule|OHKO Clause: OHKO moves are banned
|rule|Evasion Items Clause: Evasion items are banned
|rule|Evasion Moves Clause: Evasion moves are banned
|rule|Evasion Abilities Clause: Evasion abilities are banned
|rule|Sleep Moves Clause: Sleep-inducing moves are banned
|clearpoke
|poke|p1|Araquanid, M|
|poke|p1|Ceruledge, M|
|poke|p1|Enamorus, F|
|poke|p1|Glimmora, F|
|poke|p1|Gholdengo|
|poke|p1|Kingambit, M|
|poke|p2|Greninja-*, M|
|poke|p2|Zapdos|
|poke|p2|Pelipper, M|
|poke|p2|Azumarill, F|
|poke|p2|Overqwil, F|
|poke|p2|Ogerpon-Wellspring, F|
|teampreview
|
|t:|1776090063
|teamsize|p1|6
|teamsize|p2|6
|start
|switch|p1a: Spooderman|Araquanid, M|100/100
|switch|p2a: Meta|Zapdos, shiny|100/100
|turn|1
|
|t:|1776090071
|move|p2a: Meta|Volt Switch|p1a: Spooderman
|-supereffective|p1a: Spooderman
|-damage|p1a: Spooderman|56/100
|
|t:|1776090078
|switch|p2a: tariffs courier|Pelipper, M, shiny|100/100|[from] Volt Switch
|-weather|RainDance|[from] ability: Drizzle|[of] p2a: tariffs courier
|move|p1a: Spooderman|Sticky Web|p2a: tariffs courier
|-sidestart|p2: Bulumusslos|move: Sticky Web
|
|-weather|RainDance|[upkeep]
|upkeep
|turn|2
|inactive|Battle timer is ON: inactive players will automatically lose when time's up. (requested by Bulumusslos)
|c|☆Bulumusslos|hows the matchup
|inactive|Ember&Corey has 120 seconds left.
|
|t:|1776090121
|move|p2a: tariffs courier|U-turn|p1a: Spooderman
|-damage|p1a: Spooderman|48/100
|
|t:|1776090128
|switch|p2a: Eggman Nega|Azumarill, F, shiny|100/100|[from] U-turn
|-activate|p2a: Eggman Nega|move: Sticky Web
|-unboost|p2a: Eggman Nega|spe|1
|move|p1a: Spooderman|Surf|p2a: Eggman Nega
|-resisted|p2a: Eggman Nega
|-damage|p2a: Eggman Nega|74/100
|
|-weather|RainDance|[upkeep]
|upkeep
|turn|3
|
|t:|1776090137
|move|p1a: Spooderman|Endeavor|p2a: Eggman Nega
|-damage|p2a: Eggman Nega|40/100
|-enditem|p2a: Eggman Nega|Sitrus Berry|[eat]
|-heal|p2a: Eggman Nega|65/100|[from] item: Sitrus Berry
|move|p2a: Eggman Nega|Play Rough|p1a: Spooderman
|-damage|p1a: Spooderman|0 fnt
|faint|p1a: Spooderman
|
|-weather|RainDance|[upkeep]
|upkeep
|
|t:|1776090150
|switch|p1a: Jealousy|Enamorus, F|100/100
|turn|4
|
|t:|1776090154
|move|p2a: Eggman Nega|Aqua Jet|p1a: Jealousy
|-damage|p1a: Jealousy|39/100
|move|p1a: Jealousy|Moonblast|p2a: Eggman Nega
|-damage|p2a: Eggman Nega|0 fnt
|faint|p2a: Eggman Nega
|-damage|p1a: Jealousy|30/100|[from] item: Life Orb
|
|-weather|RainDance|[upkeep]
|upkeep
|
|t:|1776090164
|switch|p2a: Deepseek|Greninja, M|100/100
|-activate|p2a: Deepseek|move: Sticky Web
|-unboost|p2a: Deepseek|spe|1
|turn|5
|
|t:|1776090174
|switch|p1a: El Gambito|Kingambit, M|100/100
|-activate|p1a: El Gambito|ability: Supreme Overlord
|-start|p1a: El Gambito|fallen1|[silent]
|move|p2a: Deepseek|Water Shuriken|p1a: El Gambito
|-damage|p1a: El Gambito|88/100
|-damage|p1a: El Gambito|74/100
|-damage|p1a: El Gambito|62/100
|-crit|p1a: El Gambito
|-damage|p1a: El Gambito|43/100
|-damage|p1a: El Gambito|30/100
|-hitcount|p1a: El Gambito|5
|
|-weather|RainDance|[upkeep]
|upkeep
|turn|6
|
|t:|1776090179
|move|p2a: Deepseek|Water Shuriken|p1a: El Gambito
|-damage|p1a: El Gambito|17/100
|-damage|p1a: El Gambito|3/100
|-damage|p1a: El Gambito|0 fnt
|faint|p1a: El Gambito
|-end|p1a: El Gambito|fallen1|[silent]
|-ability|p2a: Deepseek|Battle Bond|boost
|-boost|p2a: Deepseek|atk|1
|-boost|p2a: Deepseek|spa|1
|-boost|p2a: Deepseek|spe|1
|-activate|p2a: Deepseek|ability: Battle Bond
|-hitcount|p1: El Gambito|3
|
|-weather|RainDance|[upkeep]
|upkeep
|
|t:|1776090186
|switch|p1a: Greed|Gholdengo|100/100
|-item|p1a: Greed|Air Balloon
|turn|7
|
|t:|1776090193
|-terastallize|p2a: Deepseek|Water
|-terastallize|p1a: Greed|Water
|move|p2a: Deepseek|Water Shuriken|p1a: Greed
|-resisted|p1a: Greed
|-damage|p1a: Greed|88/100
|-enditem|p1a: Greed|Air Balloon
|-resisted|p1a: Greed
|-damage|p1a: Greed|75/100
|-resisted|p1a: Greed
|-damage|p1a: Greed|63/100
|-resisted|p1a: Greed
|-damage|p1a: Greed|49/100
|-resisted|p1a: Greed
|-damage|p1a: Greed|36/100
|-hitcount|p1a: Greed|5
|move|p1a: Greed|Focus Blast|p2a: Deepseek
|-damage|p2a: Deepseek|35/100
|
|-weather|RainDance|[upkeep]
|upkeep
|turn|8
|
|t:|1776090211
|move|p2a: Deepseek|Water Shuriken|p1a: Greed
|-resisted|p1a: Greed
|-damage|p1a: Greed|21/100
|-resisted|p1a: Greed
|-damage|p1a: Greed|9/100
|-resisted|p1a: Greed
|-damage|p1a: Greed|0 fnt
|faint|p1a: Greed
|-hitcount|p1: Greed|3
|
|-weather|none
|upkeep
|
|t:|1776090213
|switch|p1a: Erebu|Ceruledge, M|100/100
|turn|9
|c|☆Bulumusslos|thats not good
|
|t:|1776090220
|move|p2a: Deepseek|Water Shuriken|p1a: Erebu
|-supereffective|p1a: Erebu
|-damage|p1a: Erebu|63/100
|-supereffective|p1a: Erebu
|-damage|p1a: Erebu|26/100
|-supereffective|p1a: Erebu
|-damage|p1a: Erebu|0 fnt
|faint|p1a: Erebu
|-hitcount|p1: Erebu|3
|
|upkeep
|-message|Ember&Corey forfeited.
|
|win|Bulumusslos
|raw|Ember&amp;Corey's rating: 1510 &rarr; <strong>1490</strong><br />(-20 for losing)
|raw|Bulumusslos's rating: 1516 &rarr; <strong>1536</strong><br />(+20 for winning)
|l|☆Ember&Corey
|player|p1|
