|html|<div class="broadcast-blue"><strong>[Gen 9] OU is currently suspecting Tera Blast! For information on how to participate check out the <a href="https://www.smogon.com/tools/suspects/view/200">suspect thread</a>.</strong></div>
|j|‽rank 1 greninja
|j|☆dewottsoldier370
|t:|1776105373
|gametype|singles
|player|p1|rank 1 greninja|169|1441
|player|p2|dewottsoldier370|1|1382
|gen|9
|tier|[Gen 9] OU
|rated|
|rule|HP Percentage Mod: HP is shown in percentages
|rule|Endless Battle Clause: Forcing endless battles is banned
|rule|Species Clause: Limit one of each Pokémon
|rule|OHKO Clause: OHKO moves are banned
|rule|Evasion Items Clause: Evasion items are banned
|rule|Evasion Moves Clause: Evasion moves are banned
|rule|Evasion Abilities Clause: Evasion abilities are banned
|rule|Sleep Moves Clause: Sleep-inducing moves are banned
|clearpoke
|poke|p1|Pelipper, M|
|poke|p1|Tornadus-Therian, M|
|poke|p1|Barraskewda, F|
|poke|p1|Iron Treads|
|poke|p1|Ogerpon-Wellspring, F|
|poke|p1|Bronzong|
|poke|p2|Meowscarada, M|
|poke|p2|Pecharunt|
|poke|p2|Enamorus, F|
|poke|p2|Iron Treads|
|poke|p2|Skarmory, F|
|poke|p2|Slowking, M|
|teampreview
|inactive|Battle timer is ON: inactive players will automatically lose when time's up. (requested by rank 1 greninja)
|inactive|dewottsoldier370 has 120 seconds left.
|inactive|dewottsoldier370 has 90 seconds left.
|
|t:|1776105452
|teamsize|p1|6
|teamsize|p2|6
|start
|switch|p1a: Pelipper|Pelipper, M|100/100
|switch|p2a: Meowscarada|Meowscarada, M|100/100
|-weather|RainDance|[from] ability: Drizzle|[of] p1a: Pelipper
|turn|1
|
|t:|1776105459
|move|p2a: Meowscarada|Knock Off|p1a: Pelipper
|-start|p2a: Meowscarada|typechange|Dark|[from] ability: Protean
|-damage|p1a: Pelipper|48/100
|-enditem|p1a: Pelipper|Damp Rock|[from] move: Knock Off|[of] p2a: Meowscarada
|move|p1a: Pelipper|U-turn|p2a: Meowscarada
|-supereffective|p2a: Meowscarada
|-damage|p2a: Meowscarada|70/100
|
|t:|1776105468
|switch|p1a: Barraskewda|Barraskewda, F|100/100|[from] U-turn
|
|-weather|RainDance|[upkeep]
|upkeep
|turn|2
|inactive|dewottsoldier370 has 120 seconds left.
|inactive|dewottsoldier370 has 90 seconds left.
|inactive|dewottsoldier370 has 60 seconds left.
|
|t:|1776105568
|switch|p2a: Skarmory|Skarmory, F|100/100
|move|p1a: Barraskewda|Flip Turn|p2a: Skarmory
|-damage|p2a: Skarmory|52/100
|
|t:|1776105573
|switch|p1a: Tornadus|Tornadus-Therian, M|100/100|[from] Flip Turn
|
|-weather|RainDance|[upkeep]
|upkeep
|turn|3
|inactive|dewottsoldier370 has 60 seconds left.
|inactive|dewottsoldier370 has 30 seconds left.
|inactive|dewottsoldier370 has 20 seconds left.
|inactive|dewottsoldier370 has 15 seconds left.
|inactive|dewottsoldier370 has 10 seconds left.
|
|t:|1776105637
|move|p1a: Tornadus|Nasty Plot|p1a: Tornadus
|-boost|p1a: Tornadus|spa|2
|move|p2a: Skarmory|Spikes|p1a: Tornadus
|-sidestart|p1: rank 1 greninja|Spikes
|
|-weather|RainDance|[upkeep]
|upkeep
|turn|4
|inactive|dewottsoldier370 has 20 seconds left this turn.
|
|t:|1776105641
|switch|p2a: Slowking|Slowking, M|100/100
|move|p1a: Tornadus|Weather Ball|p2a: Slowking
|-resisted|p2a: Slowking
|-crit|p2a: Slowking
|-damage|p2a: Slowking|57/100
|-damage|p1a: Tornadus|91/100|[from] item: Life Orb
|
|-weather|RainDance|[upkeep]
|upkeep
|turn|5
|inactive|dewottsoldier370 has 30 seconds left this turn.
|
|t:|1776105649
|move|p1a: Tornadus|Hurricane|p2a: Slowking
|-damage|p2a: Slowking|0 fnt
|faint|p2a: Slowking
|-damage|p1a: Tornadus|81/100|[from] item: Life Orb
|
|-weather|RainDance|[upkeep]
|upkeep
|inactive|dewottsoldier370 has 30 seconds left this turn.
|
|t:|1776105653
|switch|p2a: Meowscarada|Meowscarada, M|70/100
|turn|6
|
|t:|1776105659
|-terastallize|p1a: Tornadus|Steel
|move|p2a: Meowscarada|Triple Axel|p1a: Tornadus
|-start|p2a: Meowscarada|typechange|Ice|[from] ability: Protean
|-resisted|p1a: Tornadus
|-damage|p1a: Tornadus|71/100
|-resisted|p1a: Tornadus
|-damage|p1a: Tornadus|51/100
|-resisted|p1a: Tornadus
|-damage|p1a: Tornadus|22/100
|-hitcount|p1a: Tornadus|3
|move|p1a: Tornadus|Hurricane|p2a: Meowscarada
|-damage|p2a: Meowscarada|0 fnt
|faint|p2a: Meowscarada
|-damage|p1a: Tornadus|12/100|[from] item: Life Orb
|
|-weather|RainDance|[upkeep]
|upkeep
|
|t:|1776105669
|switch|p2a: Enamorus|Enamorus, F|100/100
|turn|7
|
|t:|1776105674
|switch|p1a: Iron Treads|Iron Treads|100/100
|-damage|p1a: Iron Treads|88/100|[from] Spikes
|move|p2a: Enamorus|Moonblast|p1a: Iron Treads
|-resisted|p1a: Iron Treads
|-damage|p1a: Iron Treads|74/100
|
|-weather|RainDance|[upkeep]
|upkeep
|turn|8
|
|t:|1776105677
|switch|p2a: Skarmory|Skarmory, F|52/100
|move|p1a: Iron Treads|Volt Switch|p2a: Skarmory
|-supereffective|p2a: Skarmory
|-damage|p2a: Skarmory|21/100
|
|t:|1776105682
|-end|p1a: Iron Treads|Quark Drive|[silent]
|switch|p1a: Tornadus|Tornadus-Therian, M, tera:Steel|45/100|[from] Volt Switch
|-damage|p1a: Tornadus|33/100|[from] Spikes
|
|-weather|none
|upkeep
|turn|9
|inactive|dewottsoldier370 has 60 seconds left.
|
|t:|1776105706
|move|p1a: Tornadus|Taunt|p2a: Skarmory
|-start|p2a: Skarmory|move: Taunt
|cant|p2a: Skarmory|move: Taunt|Roost
|
|upkeep
|turn|10
|inactive|dewottsoldier370 has 60 seconds left.
|
|t:|1776105718
|switch|p1a: Pelipper|Pelipper, M|48/100
|-weather|RainDance|[from] ability: Drizzle|[of] p1a: Pelipper
|move|p2a: Skarmory|Body Press|p1a: Pelipper
|-resisted|p1a: Pelipper
|-damage|p1a: Pelipper|36/100
|
|-weather|RainDance|[upkeep]
|upkeep
|turn|11
|inactive|dewottsoldier370 has 60 seconds left.
|
|t:|1776105729
|switch|p2a: Pecharunt|Pecharunt|100/100
|move|p1a: Pelipper|U-turn|p2a: Pecharunt
|-resisted|p2a: Pecharunt
|-damage|p2a: Pecharunt|99/100
|-damage|p1a: Pelipper|19/100|[from] item: Rocky Helmet|[of] p2a: Pecharunt
|
|t:|1776105745
|switch|p1a: Tornadus|Tornadus-Therian, M, tera:Steel|66/100|[from] U-turn
|-damage|p1a: Tornadus|53/100|[from] Spikes
|
|-weather|RainDance|[upkeep]
|upkeep
|turn|12
|inactive|dewottsoldier370 has 60 seconds left.
|inactive|dewottsoldier370 has 30 seconds left.
|
|t:|1776105796
|move|p1a: Tornadus|Hurricane|p2a: Pecharunt
|-damage|p2a: Pecharunt|31/100
|-damage|p1a: Tornadus|44/100|[from] item: Life Orb
|move|p2a: Pecharunt|Malignant Chain|p1a: Tornadus
|-immune|p1a: Tornadus
|
|-weather|RainDance|[upkeep]
|upkeep
|turn|13
|inactive|dewottsoldier370 has 30 seconds left.
|-message|dewottsoldier370 forfeited.
|
|win|rank 1 greninja
|raw|rank 1 greninja's rating: 1441 &rarr; <strong>1457</strong><br />(+16 for winning)
|raw|dewottsoldier370's rating: 1363 &rarr; <strong>1347</strong><br />(-16 for losing)
