|html|<div class="broadcast-blue"><strong>[Gen 9] OU is currently suspecting Tera Blast! For information on how to participate check out the <a href="https://www.smogon.com/tools/suspects/view/200">suspect thread</a>.</strong></div>
|j|☆alex12381723898
|j|☆Palm X
|t:|1776052820
|gametype|singles
|player|p1|alex12381723898|266|1744
|player|p2|Palm X|caitlin|1639
|gen|9
|tier|[Gen 9] OU
|rated|
|rule|HP Percentage Mod: HP is shown in percentages
|rule|Endless Battle Clause: Forcing endless battles is banned
|rule|Species Clause: Limit one of each Pokémon
|rule|OHKO Clause: OHKO moves are banned
|rule|Evasion Items Clause: Evasion items are banned
|rule|Evasion Moves Clause: Evasion moves are banned
|rule|Evasion Abilities Clause: Evasion abilities are banned
|rule|Sleep Moves Clause: Sleep-inducing moves are banned
|clearpoke
|poke|p1|Landorus-Therian, M|
|poke|p1|Sinistcha|
|poke|p1|Tinkaton, F|
|poke|p1|Moltres|
|poke|p1|Samurott-Hisui, M|
|poke|p1|Hydreigon, M|
|poke|p2|Great Tusk|
|poke|p2|Slowking-Galar, M|
|poke|p2|Cinderace, M|
|poke|p2|Kyurem|
|poke|p2|Enamorus, F|
|poke|p2|Kingambit, M|
|teampreview
|inactive|Battle timer is ON: inactive players will automatically lose when time's up. (requested by Palm X)
|
|t:|1776052837
|teamsize|p1|6
|teamsize|p2|6
|start
|switch|p1a: Enten|Landorus-Therian, M, shiny|100/100
|switch|p2a: Enamorus|Enamorus, F|100/100
|-ability|p1a: Enten|Intimidate|boost
|-boost|p2a: Enamorus|atk|1
|turn|1
|
|t:|1776052861
|move|p2a: Enamorus|Moonblast|p1a: Enten
|-damage|p1a: Enten|26/100
|-unboost|p1a: Enten|spa|1
|move|p1a: Enten|Stone Edge|p2a: Enamorus
|-supereffective|p2a: Enamorus
|-damage|p2a: Enamorus|0 fnt
|faint|p2a: Enamorus
|
|upkeep
|
|t:|1776052867
|switch|p2a: Cinderace|Cinderace, M|100/100
|turn|2
|
|t:|1776052870
|move|p1a: Enten|Stone Edge|p2a: Cinderace|[miss]
|-miss|p1a: Enten|p2a: Cinderace
|move|p2a: Cinderace|U-turn|p1a: Enten
|-resisted|p1a: Enten
|-damage|p1a: Enten|15/100
|
|t:|1776052873
|switch|p2a: Great Tusk|Great Tusk|100/100|[from] U-turn
|
|upkeep
|turn|3
|
|t:|1776052878
|switch|p1a: Sagittarius|Sinistcha, shiny|100/100
|move|p2a: Great Tusk|Knock Off|p1a: Sagittarius
|-supereffective|p1a: Sagittarius
|-damage|p1a: Sagittarius|63/100
|-enditem|p1a: Sagittarius|Heavy-Duty Boots|[from] move: Knock Off|[of] p2a: Great Tusk
|
|upkeep
|turn|4
|
|t:|1776052881
|-end|p2a: Great Tusk|Protosynthesis|[silent]
|switch|p2a: Slowking|Slowking-Galar, M|100/100
|move|p1a: Sagittarius|Strength Sap|p2a: Slowking
|-unboost|p2a: Slowking|atk|1
|-heal|p1a: Sagittarius|100/100
|
|upkeep
|turn|5
|
|t:|1776052886
|move|p1a: Sagittarius|Shadow Ball|p2a: Slowking
|-supereffective|p2a: Slowking
|-damage|p2a: Slowking|65/100
|move|p2a: Slowking|Thunder Wave|p1a: Sagittarius
|-status|p1a: Sagittarius|par
|
|upkeep
|turn|6
|
|t:|1776052888
|switch|p1a: Jack Sparrow|Samurott-Hisui, M, shiny|100/100
|-prepare|p2a: Slowking|Chilly Reception|[premajor]
|move|p2a: Slowking|Chilly Reception|p2a: Slowking
|-weather|Snowscape
|
|t:|1776052891
|switch|p2a: Kyurem|Kyurem|100/100|[from] Chilly Reception
|-ability|p2a: Kyurem|Pressure
|
|-weather|Snowscape|[upkeep]
|upkeep
|turn|7
|
|t:|1776052910
|switch|p1a: Smile.exe|Tinkaton, F, shiny|100/100
|-item|p1a: Smile.exe|Air Balloon
|move|p2a: Kyurem|Substitute|p2a: Kyurem
|-start|p2a: Kyurem|Substitute
|-damage|p2a: Kyurem|75/100
|
|-weather|Snowscape|[upkeep]
|-heal|p2a: Kyurem|82/100|[from] item: Leftovers
|upkeep
|turn|8
|
|t:|1776052915
|switch|p2a: Cinderace|Cinderace, M|100/100
|move|p1a: Smile.exe|Encore||[still]
|-fail|p1a: Smile.exe
|
|-weather|Snowscape|[upkeep]
|upkeep
|turn|9
|
|t:|1776052919
|switch|p1a: Phoenix|Moltres, shiny|100/100
|move|p2a: Cinderace|Will-O-Wisp|p1a: Phoenix
|-immune|p1a: Phoenix
|
|-weather|Snowscape|[upkeep]
|upkeep
|turn|10
|
|t:|1776052922
|move|p2a: Cinderace|Will-O-Wisp|p1a: Phoenix
|-immune|p1a: Phoenix
|move|p1a: Phoenix|U-turn|p2a: Cinderace
|-resisted|p2a: Cinderace
|-damage|p2a: Cinderace|92/100
|
|t:|1776052924
|switch|p1a: Enten|Landorus-Therian, M, shiny|15/100|[from] U-turn
|-ability|p1a: Enten|Intimidate|boost
|-unboost|p2a: Cinderace|atk|1
|
|-weather|none
|upkeep
|turn|11
|
|t:|1776052927
|switch|p2a: Great Tusk|Great Tusk|100/100
|move|p1a: Enten|U-turn|p2a: Great Tusk
|-resisted|p2a: Great Tusk
|-damage|p2a: Great Tusk|93/100
|
|t:|1776052931
|switch|p1a: Hybrid|Hydreigon, M, shiny|100/100|[from] U-turn
|
|-heal|p2a: Great Tusk|99/100|[from] item: Leftovers
|upkeep
|turn|12
|
|t:|1776052936
|-end|p2a: Great Tusk|Protosynthesis|[silent]
|switch|p2a: Kingambit|Kingambit, M|100/100
|-activate|p2a: Kingambit|ability: Supreme Overlord
|-start|p2a: Kingambit|fallen1|[silent]
|move|p1a: Hybrid|Draco Meteor|p2a: Kingambit
|-resisted|p2a: Kingambit
|-damage|p2a: Kingambit|49/100
|-unboost|p1a: Hybrid|spa|2
|
|-heal|p2a: Kingambit|56/100|[from] item: Leftovers
|upkeep
|turn|13
|
|t:|1776052942
|switch|p1a: Phoenix|Moltres, shiny|100/100
|-end|p2a: Kingambit|fallen1|[silent]
|switch|p2a: Slowking|Slowking-Galar, M|99/100
|
|upkeep
|turn|14
|
|t:|1776052945
|move|p1a: Phoenix|U-turn|p2a: Slowking
|-damage|p2a: Slowking|83/100
|
|t:|1776052947
|switch|p1a: Jack Sparrow|Samurott-Hisui, M, shiny|100/100|[from] U-turn
|-prepare|p2a: Slowking|Chilly Reception|[premajor]
|move|p2a: Slowking|Chilly Reception|p2a: Slowking
|-weather|Snowscape
|
|t:|1776052950
|switch|p2a: Kyurem|Kyurem|82/100|[from] Chilly Reception
|-ability|p2a: Kyurem|Pressure
|
|-weather|Snowscape|[upkeep]
|-heal|p2a: Kyurem|88/100|[from] item: Leftovers
|upkeep
|turn|15
|
|t:|1776052954
|switch|p1a: Smile.exe|Tinkaton, F, shiny|100/100
|-item|p1a: Smile.exe|Air Balloon
|move|p2a: Kyurem|Freeze-Dry|p1a: Smile.exe
|-resisted|p1a: Smile.exe
|-damage|p1a: Smile.exe|82/100
|-enditem|p1a: Smile.exe|Air Balloon
|
|-weather|Snowscape|[upkeep]
|-heal|p2a: Kyurem|94/100|[from] item: Leftovers
|upkeep
|turn|16
|
|t:|1776052961
|switch|p1a: Hybrid|Hydreigon, M, shiny|100/100
|move|p2a: Kyurem|Earth Power|p1a: Hybrid
|-immune|p1a: Hybrid|[from] ability: Levitate
|
|-weather|Snowscape|[upkeep]
|-heal|p2a: Kyurem|99/100|[from] item: Leftovers
|upkeep
|turn|17
|
|t:|1776052964
|-terastallize|p1a: Hybrid|Steel
|move|p2a: Kyurem|Protect|p2a: Kyurem
|-singleturn|p2a: Kyurem|Protect
|move|p1a: Hybrid|Dark Pulse|p2a: Kyurem
|-activate|p2a: Kyurem|move: Protect
|
|-weather|Snowscape|[upkeep]
|-heal|p2a: Kyurem|100/100|[from] item: Leftovers
|upkeep
|turn|18
|
|t:|1776052977
|move|p1a: Hybrid|Dark Pulse|p2a: Kyurem
|-damage|p2a: Kyurem|44/100
|cant|p2a: Kyurem|flinch
|
|-weather|none
|-heal|p2a: Kyurem|50/100|[from] item: Leftovers
|upkeep
|turn|19
|
|t:|1776052982
|move|p2a: Kyurem|Protect|p2a: Kyurem
|-singleturn|p2a: Kyurem|Protect
|move|p1a: Hybrid|Dark Pulse|p2a: Kyurem
|-activate|p2a: Kyurem|move: Protect
|
|-heal|p2a: Kyurem|56/100|[from] item: Leftovers
|upkeep
|turn|20
|
|t:|1776052990
|switch|p1a: Phoenix|Moltres, shiny|100/100
|switch|p2a: Great Tusk|Great Tusk|99/100
|
|-heal|p2a: Great Tusk|100/100|[from] item: Leftovers
|upkeep
|turn|21
|
|t:|1776052995
|move|p2a: Great Tusk|Bulk Up|p2a: Great Tusk
|-boost|p2a: Great Tusk|atk|1
|-boost|p2a: Great Tusk|def|1
|move|p1a: Phoenix|Flamethrower|p2a: Great Tusk
|-damage|p2a: Great Tusk|51/100
|
|-heal|p2a: Great Tusk|57/100|[from] item: Leftovers
|upkeep
|turn|22
|
|t:|1776052999
|move|p2a: Great Tusk|Knock Off|p1a: Phoenix
|-damage|p1a: Phoenix|68/100
|-status|p2a: Great Tusk|brn|[from] ability: Flame Body|[of] p1a: Phoenix
|-enditem|p1a: Phoenix|Heavy-Duty Boots|[from] move: Knock Off|[of] p2a: Great Tusk
|move|p1a: Phoenix|Flamethrower|p2a: Great Tusk
|-damage|p2a: Great Tusk|10/100 brn
|
|-heal|p2a: Great Tusk|17/100 brn|[from] item: Leftovers
|-damage|p2a: Great Tusk|10/100 brn|[from] brn
|upkeep
|turn|23
|
|t:|1776053002
|move|p2a: Great Tusk|Knock Off|p1a: Phoenix
|-damage|p1a: Phoenix|56/100
|move|p1a: Phoenix|Roost|p1a: Phoenix
|-heal|p1a: Phoenix|100/100
|-singleturn|p1a: Phoenix|move: Roost
|
|-heal|p2a: Great Tusk|17/100 brn|[from] item: Leftovers
|-damage|p2a: Great Tusk|10/100 brn|[from] brn
|upkeep
|turn|24
|
|t:|1776053005
|move|p2a: Great Tusk|Knock Off|p1a: Phoenix
|-damage|p1a: Phoenix|88/100
|move|p1a: Phoenix|Roost|p1a: Phoenix
|-heal|p1a: Phoenix|100/100
|-singleturn|p1a: Phoenix|move: Roost
|
|-heal|p2a: Great Tusk|17/100 brn|[from] item: Leftovers
|-damage|p2a: Great Tusk|10/100 brn|[from] brn
|upkeep
|turn|25
|
|t:|1776053008
|move|p2a: Great Tusk|Bulk Up|p2a: Great Tusk
|-boost|p2a: Great Tusk|atk|1
|-boost|p2a: Great Tusk|def|1
|move|p1a: Phoenix|Flamethrower|p2a: Great Tusk
|-damage|p2a: Great Tusk|0 fnt
|faint|p2a: Great Tusk
|-end|p2a: Great Tusk|Protosynthesis|[silent]
|
|upkeep
|
|t:|1776053009
|switch|p2a: Slowking|Slowking-Galar, M|100/100
|turn|26
|
|t:|1776053018
|move|p1a: Phoenix|U-turn|p2a: Slowking
|-damage|p2a: Slowking|87/100
|
|t:|1776053019
|switch|p1a: Smile.exe|Tinkaton, F, shiny|82/100|[from] U-turn
|move|p2a: Slowking|Thunder Wave|p1a: Smile.exe
|-status|p1a: Smile.exe|par
|
|upkeep
|turn|27
|
|t:|1776053023
|move|p1a: Smile.exe|Stealth Rock|p2a: Slowking
|-sidestart|p2: Palm X|move: Stealth Rock
|-prepare|p2a: Slowking|Chilly Reception|[premajor]
|move|p2a: Slowking|Chilly Reception|p2a: Slowking
|-weather|Snowscape
|
|t:|1776053026
|switch|p2a: Cinderace|Cinderace, M|92/100|[from] Chilly Reception
|
|-weather|Snowscape|[upkeep]
|upkeep
|turn|28
|
|t:|1776053030
|move|p2a: Cinderace|Pyro Ball|p1a: Smile.exe
|-supereffective|p1a: Smile.exe
|-damage|p1a: Smile.exe|0 fnt
|faint|p1a: Smile.exe
|
|-weather|Snowscape|[upkeep]
|upkeep
|
|t:|1776053032
|switch|p1a: Enten|Landorus-Therian, M, shiny|15/100
|-ability|p1a: Enten|Intimidate|boost
|-unboost|p2a: Cinderace|atk|1
|turn|29
|
|t:|1776053038
|switch|p2a: Slowking|Slowking-Galar, M|100/100
|-damage|p2a: Slowking|88/100|[from] Stealth Rock
|move|p1a: Enten|Earthquake|p2a: Slowking
|-supereffective|p2a: Slowking
|-damage|p2a: Slowking|0 fnt
|faint|p2a: Slowking
|
|-weather|Snowscape|[upkeep]
|upkeep
|
|t:|1776053041
|switch|p2a: Kingambit|Kingambit, M|56/100
|-damage|p2a: Kingambit|49/100|[from] Stealth Rock
|-activate|p2a: Kingambit|ability: Supreme Overlord
|-start|p2a: Kingambit|fallen3|[silent]
|turn|30
|
|t:|1776053048
|switch|p1a: Phoenix|Moltres, shiny|100/100
|move|p2a: Kingambit|Kowtow Cleave|p1a: Phoenix
|-damage|p1a: Phoenix|44/100
|
|-weather|Snowscape|[upkeep]
|-heal|p2a: Kingambit|56/100|[from] item: Leftovers
|upkeep
|turn|31
|
|t:|1776053053
|-end|p2a: Kingambit|fallen3|[silent]
|switch|p2a: Kyurem|Kyurem|56/100
|-damage|p2a: Kyurem|31/100|[from] Stealth Rock
|-ability|p2a: Kyurem|Pressure
|move|p1a: Phoenix|Flamethrower|p2a: Kyurem
|-damage|p2a: Kyurem|0 fnt
|faint|p2a: Kyurem
|
|-weather|none
|upkeep
|
|t:|1776053058
|switch|p2a: Kingambit|Kingambit, M|56/100
|-damage|p2a: Kingambit|49/100|[from] Stealth Rock
|-activate|p2a: Kingambit|ability: Supreme Overlord
|-start|p2a: Kingambit|fallen4|[silent]
|turn|32
|
|t:|1776053065
|-terastallize|p2a: Kingambit|Ghost
|move|p1a: Phoenix|Flamethrower|p2a: Kingambit
|-damage|p2a: Kingambit|12/100
|move|p2a: Kingambit|Swords Dance|p2a: Kingambit
|-boost|p2a: Kingambit|atk|2
|
|-heal|p2a: Kingambit|18/100|[from] item: Leftovers
|upkeep
|turn|33
|
|t:|1776053073
|move|p1a: Phoenix|Roost|p1a: Phoenix
|-heal|p1a: Phoenix|94/100
|-singleturn|p1a: Phoenix|move: Roost
|move|p2a: Kingambit|Kowtow Cleave|p1a: Phoenix
|-damage|p1a: Phoenix|0 fnt
|faint|p1a: Phoenix
|
|-heal|p2a: Kingambit|24/100|[from] item: Leftovers
|upkeep
|l|☆alex12381723898
|inactive|alex12381723898 disconnected and has a minute to reconnect!
|player|p1|
|inactive|alex12381723898 has 30 seconds to reconnect!
|inactive|alex12381723898 has 20 seconds to reconnect!
|inactive|alex12381723898 has 15 seconds to reconnect!
|inactive|alex12381723898 has 10 seconds to reconnect!
|inactive|alex12381723898 has 5 seconds to reconnect!
|-message|alex12381723898 lost due to inactivity.
|
|win|Palm X
|raw|alex12381723898's rating: 1744 &rarr; <strong>1718</strong><br />(-26 for losing)
|raw|Palm X's rating: 1639 &rarr; <strong>1665</strong><br />(+26 for winning)
|l|☆Palm X
|player|p2|
