|html|<div class="broadcast-blue"><strong>[Gen 9] OU is currently suspecting Tera Blast! For information on how to participate check out the <a href="https://www.smogon.com/tools/suspects/view/200">suspect thread</a>.</strong></div>
|j|☆pinegoddess
|j|☆Estreul
|t:|1776064123
|gametype|singles
|player|p1|pinegoddess|aromalady|1646
|player|p2|Estreul|lucas|1491
|gen|9
|tier|[Gen 9] OU
|rated|
|rule|HP Percentage Mod: HP is shown in percentages
|rule|Endless Battle Clause: Forcing endless battles is banned
|rule|Species Clause: Limit one of each Pokémon
|rule|OHKO Clause: OHKO moves are banned
|rule|Evasion Items Clause: Evasion items are banned
|rule|Evasion Moves Clause: Evasion moves are banned
|rule|Evasion Abilities Clause: Evasion abilities are banned
|rule|Sleep Moves Clause: Sleep-inducing moves are banned
|clearpoke
|poke|p1|Gholdengo|
|poke|p1|Iron Hands|
|poke|p1|Zamazenta-*|
|poke|p1|Great Tusk|
|poke|p1|Ogerpon-Wellspring, F|
|poke|p1|Samurott-Hisui, M|
|poke|p2|Hoopa-Unbound|
|poke|p2|Landorus-Therian, M|
|poke|p2|Kyurem|
|poke|p2|Alomomola, M|
|poke|p2|Weezing-Galar, M|
|poke|p2|Zamazenta-*|
|teampreview
|inactive|Battle timer is ON: inactive players will automatically lose when time's up. (requested by Estreul)
|
|t:|1776064152
|teamsize|p1|6
|teamsize|p2|6
|start
|switch|p1a: Zamazenta|Zamazenta|100/100
|switch|p2a: Landorus|Landorus-Therian, M|100/100
|-ability|p1a: Zamazenta|Dauntless Shield|boost
|-boost|p1a: Zamazenta|def|1
|-ability|p2a: Landorus|Intimidate|boost
|-unboost|p1a: Zamazenta|atk|1
|turn|1
|
|t:|1776064175
|move|p1a: Zamazenta|Reflect|p1a: Zamazenta
|-sidestart|p1: pinegoddess|Reflect
|move|p2a: Landorus|Stealth Rock|p1a: Zamazenta
|-sidestart|p1: pinegoddess|move: Stealth Rock
|
|upkeep
|turn|2
|
|t:|1776064190
|move|p1a: Zamazenta|Light Screen|p1a: Zamazenta
|-sidestart|p1: pinegoddess|move: Light Screen
|move|p2a: Landorus|U-turn|p1a: Zamazenta
|-resisted|p1a: Zamazenta
|-damage|p1a: Zamazenta|97/100
|
|t:|1776064208
|switch|p2a: Weezing|Weezing-Galar, M|100/100|[from] U-turn
|-ability|p2a: Weezing|Neutralizing Gas
|
|upkeep
|turn|3
|
|t:|1776064213
|switch|p1a: Gholdengo|Gholdengo|100/100
|-damage|p1a: Gholdengo|94/100|[from] Stealth Rock
|move|p2a: Weezing|Will-O-Wisp|p1a: Gholdengo|[miss]
|-miss|p2a: Weezing|p1a: Gholdengo
|
|upkeep
|turn|4
|
|t:|1776064221
|-end|p2a: Weezing|ability: Neutralizing Gas
|switch|p2a: Hoopa|Hoopa-Unbound|100/100
|move|p1a: Gholdengo|Nasty Plot|p1a: Gholdengo
|-boost|p1a: Gholdengo|spa|2
|
|upkeep
|turn|5
|
|t:|1776064234
|switch|p1a: Samurott|Samurott-Hisui, M|100/100
|-damage|p1a: Samurott|88/100|[from] Stealth Rock
|move|p2a: Hoopa|Knock Off|p1a: Samurott
|-resisted|p1a: Samurott
|-damage|p1a: Samurott|71/100
|-enditem|p1a: Samurott|Black Glasses|[from] move: Knock Off|[of] p2a: Hoopa
|
|upkeep
|turn|6
|
|t:|1776064245
|switch|p2a: Weezing|Weezing-Galar, M|100/100
|-ability|p2a: Weezing|Neutralizing Gas
|move|p1a: Samurott|Ceaseless Edge|p2a: Weezing
|-resisted|p2a: Weezing
|-damage|p2a: Weezing|90/100
|-sidestart|p2: Estreul|Spikes
|
|upkeep
|turn|7
|
|t:|1776064249
|switch|p1a: Gholdengo|Gholdengo|94/100
|-damage|p1a: Gholdengo|88/100|[from] Stealth Rock
|move|p2a: Weezing|Will-O-Wisp|p1a: Gholdengo
|-status|p1a: Gholdengo|brn
|
|-damage|p1a: Gholdengo|82/100 brn|[from] brn
|upkeep
|turn|8
|inactive|Estreul has 120 seconds left.
|
|t:|1776064280
|-end|p2a: Weezing|ability: Neutralizing Gas
|switch|p2a: Hoopa|Hoopa-Unbound|100/100
|-damage|p2a: Hoopa|88/100|[from] Spikes
|move|p1a: Gholdengo|Make It Rain|p2a: Hoopa
|-damage|p2a: Hoopa|46/100
|-unboost|p1a: Gholdengo|spa|1
|
|-damage|p1a: Gholdengo|76/100 brn|[from] brn
|-sideend|p1: pinegoddess|Reflect
|upkeep
|turn|9
|inactive|Estreul has 120 seconds left.
|
|t:|1776064295
|switch|p1a: Samurott|Samurott-Hisui, M|71/100
|-damage|p1a: Samurott|59/100|[from] Stealth Rock
|move|p2a: Hoopa|Drain Punch|p1a: Samurott
|-supereffective|p1a: Samurott
|-damage|p1a: Samurott|0 fnt
|-heal|p2a: Hoopa|72/100|[from] drain|[of] p1a: Samurott
|faint|p1a: Samurott
|
|-sideend|p1: pinegoddess|move: Light Screen
|upkeep
|
|t:|1776064317
|switch|p1a: Ogerpon|Ogerpon-Wellspring, F|100/100
|-damage|p1a: Ogerpon|88/100|[from] Stealth Rock
|turn|10
|
|t:|1776064324
|switch|p2a: Kyurem|Kyurem|100/100
|-damage|p2a: Kyurem|88/100|[from] Spikes
|-ability|p2a: Kyurem|Pressure
|move|p1a: Ogerpon|Play Rough|p2a: Kyurem
|-supereffective|p2a: Kyurem
|-damage|p2a: Kyurem|26/100
|
|upkeep
|turn|11
|
|t:|1776064336
|move|p1a: Ogerpon|Ivy Cudgel|p2a: Kyurem|[anim] Ivy Cudgel Water
|-resisted|p2a: Kyurem
|-damage|p2a: Kyurem|0 fnt
|faint|p2a: Kyurem
|
|upkeep
|
|t:|1776064342
|switch|p2a: Weezing|Weezing-Galar, M|90/100
|-ability|p2a: Weezing|Neutralizing Gas
|turn|12
|
|t:|1776064359
|switch|p1a: Gholdengo|Gholdengo|76/100 brn
|-damage|p1a: Gholdengo|70/100 brn|[from] Stealth Rock
|-end|p2a: Weezing|ability: Neutralizing Gas
|switch|p2a: Landorus|Landorus-Therian, M|100/100
|-ability|p2a: Landorus|Intimidate|boost
|-unboost|p1a: Gholdengo|atk|1
|
|-damage|p1a: Gholdengo|64/100 brn|[from] brn
|upkeep
|turn|13
|
|t:|1776064365
|switch|p1a: Zamazenta|Zamazenta|97/100
|-damage|p1a: Zamazenta|91/100|[from] Stealth Rock
|move|p2a: Landorus|Earthquake|p1a: Zamazenta
|-damage|p1a: Zamazenta|44/100
|
|upkeep
|turn|14
|
|t:|1776064378
|move|p1a: Zamazenta|Reflect|p1a: Zamazenta
|-sidestart|p1: pinegoddess|Reflect
|move|p2a: Landorus|U-turn|p1a: Zamazenta
|-resisted|p1a: Zamazenta
|-damage|p1a: Zamazenta|39/100
|
|t:|1776064381
|switch|p2a: Hoopa|Hoopa-Unbound|72/100|[from] U-turn
|-damage|p2a: Hoopa|60/100|[from] Spikes
|
|upkeep
|turn|15
|
|t:|1776064387
|move|p1a: Zamazenta|Light Screen|p1a: Zamazenta
|-sidestart|p1: pinegoddess|move: Light Screen
|move|p2a: Hoopa|Knock Off|p1a: Zamazenta
|-resisted|p1a: Zamazenta
|-damage|p1a: Zamazenta|28/100
|-enditem|p1a: Zamazenta|Light Clay|[from] move: Knock Off|[of] p2a: Hoopa
|
|upkeep
|turn|16
|
|t:|1776064393
|move|p1a: Zamazenta|Body Press|p2a: Hoopa
|-damage|p2a: Hoopa|25/100
|move|p2a: Hoopa|Psychic Noise|p1a: Zamazenta
|-supereffective|p1a: Zamazenta
|-damage|p1a: Zamazenta|0 fnt
|faint|p1a: Zamazenta
|
|upkeep
|
|t:|1776064401
|switch|p1a: Ogerpon|Ogerpon-Wellspring, F|88/100
|-damage|p1a: Ogerpon|76/100|[from] Stealth Rock
|turn|17
|
|t:|1776064408
|move|p1a: Ogerpon|Trailblaze|p2a: Hoopa
|-damage|p2a: Hoopa|0 fnt
|-boost|p1a: Ogerpon|spe|1
|faint|p2a: Hoopa
|
|upkeep
|
|t:|1776064413
|switch|p2a: Zamazenta|Zamazenta|100/100
|-damage|p2a: Zamazenta|88/100|[from] Spikes
|-ability|p2a: Zamazenta|Dauntless Shield|boost
|-boost|p2a: Zamazenta|def|1
|turn|18
|
|t:|1776064429
|switch|p1a: Gholdengo|Gholdengo|64/100 brn
|-damage|p1a: Gholdengo|58/100 brn|[from] Stealth Rock
|move|p2a: Zamazenta|Iron Defense|p2a: Zamazenta
|-boost|p2a: Zamazenta|def|2
|
|-heal|p2a: Zamazenta|94/100|[from] item: Leftovers
|-damage|p1a: Gholdengo|52/100 brn|[from] brn
|upkeep
|turn|19
|
|t:|1776064435
|move|p2a: Zamazenta|Crunch|p1a: Gholdengo
|-supereffective|p1a: Gholdengo
|-damage|p1a: Gholdengo|29/100 brn
|move|p1a: Gholdengo|Make It Rain|p2a: Zamazenta
|-damage|p2a: Zamazenta|37/100
|-unboost|p1a: Gholdengo|spa|1
|
|-heal|p2a: Zamazenta|43/100|[from] item: Leftovers
|-damage|p1a: Gholdengo|23/100 brn|[from] brn
|upkeep
|turn|20
|
|t:|1776064446
|-terastallize|p1a: Gholdengo|Fairy
|move|p2a: Zamazenta|Crunch|p1a: Gholdengo
|-resisted|p1a: Gholdengo
|-damage|p1a: Gholdengo|17/100 brn
|move|p1a: Gholdengo|Make It Rain|p2a: Zamazenta
|-damage|p2a: Zamazenta|4/100
|-unboost|p1a: Gholdengo|spa|1
|
|-heal|p2a: Zamazenta|11/100|[from] item: Leftovers
|-damage|p1a: Gholdengo|11/100 brn|[from] brn
|upkeep
|turn|21
|
|t:|1776064452
|move|p2a: Zamazenta|Body Press|p1a: Gholdengo
|-resisted|p1a: Gholdengo
|-damage|p1a: Gholdengo|0 fnt
|faint|p1a: Gholdengo
|
|-heal|p2a: Zamazenta|17/100|[from] item: Leftovers
|-sideend|p1: pinegoddess|Reflect
|upkeep
|
|t:|1776064468
|switch|p1a: Great Tusk|Great Tusk|100/100
|-damage|p1a: Great Tusk|98/100|[from] Stealth Rock
|-enditem|p1a: Great Tusk|Booster Energy
|-activate|p1a: Great Tusk|ability: Protosynthesis|[fromitem]
|-start|p1a: Great Tusk|protosynthesisatk
|turn|22
|inactive|Estreul has 120 seconds left.
|
|t:|1776064501
|move|p2a: Zamazenta|Body Press|p1a: Great Tusk
|-damage|p1a: Great Tusk|37/100
|move|p1a: Great Tusk|Headlong Rush|p2a: Zamazenta
|-damage|p2a: Zamazenta|0 fnt
|-unboost|p1a: Great Tusk|def|1
|-unboost|p1a: Great Tusk|spd|1
|faint|p2a: Zamazenta
|
|-sideend|p1: pinegoddess|move: Light Screen
|upkeep
|inactive|Estreul has 120 seconds left.
|
|t:|1776064513
|switch|p2a: Landorus|Landorus-Therian, M|100/100
|-ability|p2a: Landorus|Intimidate|boost
|-unboost|p1a: Great Tusk|atk|1
|turn|23
|
|t:|1776064518
|move|p2a: Landorus|Earthquake|p1a: Great Tusk
|-damage|p1a: Great Tusk|0 fnt
|faint|p1a: Great Tusk
|-end|p1a: Great Tusk|Protosynthesis|[silent]
|
|upkeep
|
|t:|1776064526
|switch|p1a: Ogerpon|Ogerpon-Wellspring, F|76/100
|-damage|p1a: Ogerpon|64/100|[from] Stealth Rock
|turn|24
|
|t:|1776064538
|switch|p2a: Weezing|Weezing-Galar, M|90/100
|-ability|p2a: Weezing|Neutralizing Gas
|move|p1a: Ogerpon|Swords Dance|p1a: Ogerpon
|-boost|p1a: Ogerpon|atk|2
|
|upkeep
|turn|25
|inactive|Estreul has 120 seconds left.
|
|t:|1776064563
|-terastallize|p2a: Weezing|Grass
|move|p1a: Ogerpon|Ivy Cudgel|p2a: Weezing|[anim] Ivy Cudgel Water
|-resisted|p2a: Weezing
|-damage|p2a: Weezing|50/100
|move|p2a: Weezing|Sludge Bomb|p1a: Ogerpon
|-supereffective|p1a: Ogerpon
|-damage|p1a: Ogerpon|3/100
|
|upkeep
|turn|26
|inactive|Estreul has 120 seconds left.
|
|t:|1776064573
|move|p1a: Ogerpon|Play Rough|p2a: Weezing
|-damage|p2a: Weezing|7/100
|move|p2a: Weezing|Sludge Bomb|p1a: Ogerpon
|-supereffective|p1a: Ogerpon
|-damage|p1a: Ogerpon|0 fnt
|faint|p1a: Ogerpon
|
|upkeep
|
|t:|1776064578
|switch|p1a: Iron Hands|Iron Hands, shiny|100/100
|-damage|p1a: Iron Hands|94/100|[from] Stealth Rock
|turn|27
|l|☆pinegoddess
|inactive|pinegoddess disconnected and has a minute to reconnect!
|player|p1|
|inactive|pinegoddess has 30 seconds to reconnect!
|inactive|pinegoddess has 20 seconds to reconnect!
|inactive|pinegoddess has 15 seconds to reconnect!
|inactive|pinegoddess has 10 seconds to reconnect!
|inactive|pinegoddess has 5 seconds to reconnect!
|-message|pinegoddess lost due to inactivity.
|
|win|Estreul
|raw|pinegoddess's rating: 1646 &rarr; <strong>1618</strong><br />(-28 for losing)
|raw|Estreul's rating: 1491 &rarr; <strong>1519</strong><br />(+28 for winning)
