|html|<div class="broadcast-blue"><strong>[Gen 9] OU is currently suspecting Volcarona! For information on how to participate check out the <a href="https://www.smogon.com/tools/suspects/view/208">suspect thread</a>.</strong></div>
|j|☆overheat xyz
|j|☆arturohdez
|t:|1778506128
|gametype|singles
|player|p1|overheat xyz|170|1691
|player|p2|arturohdez|lucas|1743
|gen|9
|tier|[Gen 9] OU
|rated|
|rule|HP Percentage Mod: HP is shown in percentages
|rule|Endless Battle Clause: Forcing endless battles is banned
|rule|Species Clause: Limit one of each Pokémon
|rule|OHKO Clause: OHKO moves are banned
|rule|Evasion Items Clause: Evasion items are banned
|rule|Evasion Moves Clause: Evasion moves are banned
|rule|Evasion Abilities Clause: Evasion abilities are banned
|rule|Sleep Moves Clause: Sleep-inducing moves are banned
|clearpoke
|poke|p1|Dragapult, F|
|poke|p1|Garganacl, F|
|poke|p1|Rillaboom, M|
|poke|p1|Slowking-Galar, M|
|poke|p1|Kingambit, M|
|poke|p1|Corviknight, F|
|poke|p2|Hatterene, F|
|poke|p2|Dragonite, M|
|poke|p2|Kingambit, M|
|poke|p2|Ogerpon-Cornerstone, F|
|poke|p2|Iron Treads|
|poke|p2|Volcarona, M|
|teampreview
|j| drivac
|inactive|Battle timer is ON: inactive players will automatically lose when time's up. (requested by arturohdez)
|
|t:|1778506171
|teamsize|p1|6
|teamsize|p2|6
|start
|switch|p1a: Rillaboom|Rillaboom, M|100/100
|switch|p2a: Iron Treads|Iron Treads|100/100
|-fieldstart|move: Grassy Terrain|[from] ability: Grassy Surge|[of] p1a: Rillaboom
|-enditem|p2a: Iron Treads|Booster Energy
|-activate|p2a: Iron Treads|ability: Quark Drive|[fromitem]
|-start|p2a: Iron Treads|quarkdrivespe
|turn|1
|
|t:|1778506190
|move|p2a: Iron Treads|Ice Spinner|p1a: Rillaboom
|-supereffective|p1a: Rillaboom
|-damage|p1a: Rillaboom|49/100
|-fieldend|move: Grassy Terrain
|move|p1a: Rillaboom|Wood Hammer|p2a: Iron Treads
|-damage|p2a: Iron Treads|10/100
|-damage|p1a: Rillaboom|21/100|[from] Recoil
|
|upkeep
|turn|2
|
|t:|1778506198
|move|p2a: Iron Treads|Stealth Rock|p1a: Rillaboom
|-sidestart|p1: overheat xyz|move: Stealth Rock
|move|p1a: Rillaboom|Wood Hammer|p2a: Iron Treads
|-damage|p2a: Iron Treads|0 fnt
|faint|p2a: Iron Treads
|-end|p2a: Iron Treads|Quark Drive|[silent]
|-damage|p1a: Rillaboom|18/100|[from] Recoil
|
|upkeep
|
|t:|1778506206
|switch|p2a: Volcarona|Volcarona, M|100/100
|turn|3
|
|t:|1778506210
|switch|p1a: Garganacl|Garganacl, F|100/100
|-damage|p1a: Garganacl|88/100|[from] Stealth Rock
|move|p2a: Volcarona|Quiver Dance|p2a: Volcarona
|-boost|p2a: Volcarona|spa|1
|-boost|p2a: Volcarona|spd|1
|-boost|p2a: Volcarona|spe|1
|
|-heal|p1a: Garganacl|94/100|[from] item: Leftovers
|upkeep
|turn|4
|
|t:|1778506216
|-terastallize|p2a: Volcarona|Steel
|move|p2a: Volcarona|Substitute|p2a: Volcarona
|-start|p2a: Volcarona|Substitute
|-damage|p2a: Volcarona|76/100
|move|p1a: Garganacl|Salt Cure|p2a: Volcarona
|-resisted|p2a: Volcarona
|-activate|p2a: Volcarona|move: Substitute|[damage]
|
|-heal|p2a: Volcarona|82/100|[from] item: Leftovers
|-heal|p1a: Garganacl|100/100|[from] item: Leftovers
|upkeep
|turn|5
|
|t:|1778506224
|switch|p1a: Dragapult|Dragapult, F|100/100
|-damage|p1a: Dragapult|88/100|[from] Stealth Rock
|move|p2a: Volcarona|Quiver Dance|p2a: Volcarona
|-boost|p2a: Volcarona|spa|1
|-boost|p2a: Volcarona|spd|1
|-boost|p2a: Volcarona|spe|1
|
|-heal|p2a: Volcarona|88/100|[from] item: Leftovers
|upkeep
|turn|6
|
|t:|1778506235
|move|p2a: Volcarona|Bug Buzz|p1a: Dragapult
|-resisted|p1a: Dragapult
|-damage|p1a: Dragapult|18/100
|move|p1a: Dragapult|Fire Blast|p2a: Volcarona|[miss]
|-miss|p1a: Dragapult|p2a: Volcarona
|
|-heal|p2a: Volcarona|94/100|[from] item: Leftovers
|upkeep
|turn|7
|
|t:|1778506242
|move|p2a: Volcarona|Bug Buzz|p1a: Dragapult
|-resisted|p1a: Dragapult
|-damage|p1a: Dragapult|0 fnt
|faint|p1a: Dragapult
|
|-heal|p2a: Volcarona|99/100|[from] item: Leftovers
|upkeep
|
|t:|1778506244
|switch|p1a: Slowking|Slowking-Galar, M|100/100
|-damage|p1a: Slowking|88/100|[from] Stealth Rock
|turn|8
|
|t:|1778506249
|move|p2a: Volcarona|Quiver Dance|p2a: Volcarona
|-boost|p2a: Volcarona|spa|1
|-boost|p2a: Volcarona|spd|1
|-boost|p2a: Volcarona|spe|1
|move|p1a: Slowking|Fire Blast|p2a: Volcarona
|-supereffective|p2a: Volcarona
|-end|p2a: Volcarona|Substitute
|
|-heal|p2a: Volcarona|100/100|[from] item: Leftovers
|upkeep
|turn|9
|
|t:|1778506257
|move|p2a: Volcarona|Substitute|p2a: Volcarona
|-start|p2a: Volcarona|Substitute
|-damage|p2a: Volcarona|76/100
|move|p1a: Slowking|Fire Blast|p2a: Volcarona|[miss]
|-miss|p1a: Slowking|p2a: Volcarona
|
|-heal|p2a: Volcarona|82/100|[from] item: Leftovers
|upkeep
|turn|10
|j| flamewing_phoenix
|-message|overheat xyz forfeited.
|
|win|arturohdez
|raw|overheat xyz's rating: 1691 &rarr; <strong>1674</strong><br />(-17 for losing)
|raw|arturohdez's rating: 1743 &rarr; <strong>1760</strong><br />(+17 for winning)
|l|☆overheat xyz
|player|p1|
|l| drivac
|l|☆arturohdez
|player|p2|
