|html|<div class="broadcast-blue"><strong>[Gen 9] OU is currently suspecting Volcarona! For information on how to participate check out the <a href="https://www.smogon.com/tools/suspects/view/208">suspect thread</a>.</strong></div>
|j|☆phap'a
|j|☆Mrhda
|t:|1778512906
|gametype|singles
|player|p1|phap'a|dawn|1172
|player|p2|Mrhda|lucas|1108
|gen|9
|tier|[Gen 9] OU
|rated|
|rule|HP Percentage Mod: HP is shown in percentages
|rule|Endless Battle Clause: Forcing endless battles is banned
|rule|Species Clause: Limit one of each Pokémon
|rule|OHKO Clause: OHKO moves are banned
|rule|Evasion Items Clause: Evasion items are banned
|rule|Evasion Moves Clause: Evasion moves are banned
|rule|Evasion Abilities Clause: Evasion abilities are banned
|rule|Sleep Moves Clause: Sleep-inducing moves are banned
|clearpoke
|poke|p1|Tyranitar, F|
|poke|p1|Ceruledge, F|
|poke|p1|Lycanroc, M|
|poke|p1|Great Tusk|
|poke|p1|Zapdos|
|poke|p1|Hydrapple, M|
|poke|p2|Cinderace, F|
|poke|p2|Gliscor, F|
|poke|p2|Weezing-Galar, F|
|poke|p2|Garganacl, F|
|poke|p2|Heatran, F|
|poke|p2|Primarina, F|
|teampreview
|inactive|Battle timer is ON: inactive players will automatically lose when time's up. (requested by Mrhda)
|c|☆phap'a|GLHF
|
|t:|1778512923
|teamsize|p1|6
|teamsize|p2|6
|start
|switch|p1a: Zapdos|Zapdos, shiny|100/100
|switch|p2a: Cinderace|Cinderace, F|100/100
|turn|1
|inactive|Mrhda has 120 seconds left.
|
|t:|1778512972
|move|p2a: Cinderace|Pyro Ball|p1a: Zapdos
|-damage|p1a: Zapdos|61/100
|move|p1a: Zapdos|Thunder Wave|p2a: Cinderace
|-status|p2a: Cinderace|par
|
|upkeep
|turn|2
|
|t:|1778512979
|switch|p2a: Gliscor|Gliscor, F|100/100
|move|p1a: Zapdos|Volt Switch|p2a: Gliscor
|-immune|p2a: Gliscor
|
|-status|p2a: Gliscor|tox|[from] item: Toxic Orb
|upkeep
|turn|3
|
|t:|1778512988
|switch|p1a: Tyranitar|Tyranitar, F|100/100
|-weather|Sandstorm|[from] ability: Sand Stream|[of] p1a: Tyranitar
|move|p2a: Gliscor|Toxic|p1a: Tyranitar|[miss]
|-miss|p2a: Gliscor|p1a: Tyranitar
|
|-weather|Sandstorm|[upkeep]
|upkeep
|turn|4
|
|t:|1778512994
|move|p2a: Gliscor|Substitute|p2a: Gliscor
|-start|p2a: Gliscor|Substitute
|-damage|p2a: Gliscor|76/100 tox
|move|p1a: Tyranitar|Ice Beam|p2a: Gliscor
|-supereffective|p2a: Gliscor
|-end|p2a: Gliscor|Substitute
|
|-weather|Sandstorm|[upkeep]
|-heal|p2a: Gliscor|88/100 tox|[from] ability: Poison Heal
|upkeep
|turn|5
|
|t:|1778513001
|-terastallize|p2a: Gliscor|Water
|move|p2a: Gliscor|Toxic|p1a: Tyranitar
|-status|p1a: Tyranitar|tox
|move|p1a: Tyranitar|Ice Beam|p2a: Gliscor
|-resisted|p2a: Gliscor
|-damage|p2a: Gliscor|75/100 tox
|
|-weather|Sandstorm|[upkeep]
|-damage|p2a: Gliscor|69/100 tox|[from] Sandstorm
|-heal|p2a: Gliscor|81/100 tox|[from] ability: Poison Heal
|-damage|p1a: Tyranitar|94/100 tox|[from] psn
|upkeep
|turn|6
|
|t:|1778513006
|move|p2a: Gliscor|Substitute|p2a: Gliscor
|-start|p2a: Gliscor|Substitute
|-damage|p2a: Gliscor|56/100 tox
|move|p1a: Tyranitar|Knock Off|p2a: Gliscor
|-end|p2a: Gliscor|Substitute
|
|-weather|Sandstorm|[upkeep]
|-damage|p2a: Gliscor|50/100 tox|[from] Sandstorm
|-heal|p2a: Gliscor|63/100 tox|[from] ability: Poison Heal
|-damage|p1a: Tyranitar|82/100 tox|[from] psn
|upkeep
|turn|7
|
|t:|1778513027
|switch|p1a: Ceruledge|Ceruledge, F|100/100
|-item|p1a: Ceruledge|Air Balloon
|move|p2a: Gliscor|Protect||[still]
|-fail|p2a: Gliscor
|
|-weather|none
|-heal|p2a: Gliscor|75/100 tox|[from] ability: Poison Heal
|upkeep
|turn|8
|inactive|phap'a has 120 seconds left.
|c|☆phap'a|man, stall-scor is impossible to beat
|
|t:|1778513064
|move|p1a: Ceruledge|Poltergeist|p2a: Gliscor|[miss]
|-miss|p1a: Ceruledge|p2a: Gliscor
|move|p2a: Gliscor|Toxic|p1a: Ceruledge
|-status|p1a: Ceruledge|tox
|
|-damage|p1a: Ceruledge|94/100 tox|[from] psn
|-heal|p2a: Gliscor|88/100 tox|[from] ability: Poison Heal
|upkeep
|turn|9
|
|t:|1778513077
|move|p2a: Gliscor|Protect|p2a: Gliscor
|-singleturn|p2a: Gliscor|Protect
|move|p1a: Ceruledge|Poltergeist|p2a: Gliscor
|-activate|p2a: Gliscor|move: Protect
|
|-damage|p1a: Ceruledge|82/100 tox|[from] psn
|-heal|p2a: Gliscor|99/100 tox|[from] ability: Poison Heal
|upkeep
|turn|10
|inactive|phap'a has 120 seconds left.
|
|t:|1778513088
|switch|p2a: Garganacl|Garganacl, F|100/100
|move|p1a: Ceruledge|Poltergeist|p2a: Garganacl
|-activate|p2a: Garganacl|move: Poltergeist|Leftovers
|-damage|p2a: Garganacl|87/100
|
|-heal|p2a: Garganacl|93/100|[from] item: Leftovers
|-damage|p1a: Ceruledge|63/100 tox|[from] psn
|upkeep
|turn|11
|
|t:|1778513095
|move|p1a: Ceruledge|Bitter Blade|p2a: Garganacl
|-resisted|p2a: Garganacl
|-damage|p2a: Garganacl|82/100
|-heal|p1a: Ceruledge|71/100 tox|[from] drain|[of] p2a: Garganacl
|move|p2a: Garganacl|Salt Cure|p1a: Ceruledge
|-supereffective|p1a: Ceruledge
|-damage|p1a: Ceruledge|32/100 tox
|-start|p1a: Ceruledge|Salt Cure
|-ability|p1a: Ceruledge|Weak Armor|boost
|-unboost|p1a: Ceruledge|def|1
|-boost|p1a: Ceruledge|spe|2
|-enditem|p1a: Ceruledge|Air Balloon
|
|-heal|p2a: Garganacl|88/100|[from] item: Leftovers
|-damage|p1a: Ceruledge|7/100 tox|[from] psn
|-damage|p1a: Ceruledge|0 fnt|[from] Salt Cure
|faint|p1a: Ceruledge
|upkeep
|
|t:|1778513105
|switch|p1a: Great Tusk|Great Tusk|100/100
|-enditem|p1a: Great Tusk|Booster Energy
|-activate|p1a: Great Tusk|ability: Protosynthesis|[fromitem]
|-start|p1a: Great Tusk|protosynthesisatk
|turn|12
|
|t:|1778513130
|-terastallize|p1a: Great Tusk|Fighting
|move|p1a: Great Tusk|Close Combat|p2a: Garganacl
|-supereffective|p2a: Garganacl
|-damage|p2a: Garganacl|0 fnt
|-unboost|p1a: Great Tusk|def|1
|-unboost|p1a: Great Tusk|spd|1
|faint|p2a: Garganacl
|
|upkeep
|
|t:|1778513144
|switch|p2a: Primarina|Primarina, F|100/100
|turn|13
|
|t:|1778513150
|-end|p1a: Great Tusk|Protosynthesis|[silent]
|switch|p1a: Hydrapple|Hydrapple, M|100/100
|move|p2a: Primarina|Ice Beam|p1a: Hydrapple
|-supereffective|p1a: Hydrapple
|-damage|p1a: Hydrapple|0 fnt
|faint|p1a: Hydrapple
|
|upkeep
|c|☆phap'a|how did you know?
|
|t:|1778513163
|switch|p1a: Tyranitar|Tyranitar, F|82/100 tox
|-weather|Sandstorm|[from] ability: Sand Stream|[of] p1a: Tyranitar
|turn|14
|
|t:|1778513175
|switch|p2a: Gliscor|Gliscor, F, tera:Water|99/100 tox
|move|p1a: Tyranitar|Roar|p2a: Gliscor
|drag|p2a: Primarina|Primarina, F|100/100
|
|-weather|Sandstorm|[upkeep]
|-damage|p2a: Primarina|94/100|[from] Sandstorm
|-damage|p1a: Tyranitar|76/100 tox|[from] psn
|upkeep
|turn|15
|
|t:|1778513182
|move|p2a: Primarina|Hyper Voice|p1a: Tyranitar
|-supereffective|p1a: Tyranitar
|-damage|p1a: Tyranitar|9/100 tox
|move|p1a: Tyranitar|Stealth Rock|p2a: Primarina
|-sidestart|p2: Mrhda|move: Stealth Rock
|
|-weather|Sandstorm|[upkeep]
|-damage|p2a: Primarina|88/100|[from] Sandstorm
|-damage|p1a: Tyranitar|0 fnt|[from] psn
|faint|p1a: Tyranitar
|upkeep
|c|☆phap'a|my team get's completely walled by primarina
|inactive|phap'a has 120 seconds left.
|
|t:|1778513218
|switch|p1a: Lycanroc|Lycanroc, M|100/100
|turn|16
|inactive|phap'a has 120 seconds left.
|
|t:|1778513225
|move|p1a: Lycanroc|Swords Dance|p1a: Lycanroc
|-boost|p1a: Lycanroc|atk|2
|move|p2a: Primarina|Hyper Voice|p1a: Lycanroc
|-supereffective|p1a: Lycanroc
|-damage|p1a: Lycanroc|0 fnt
|faint|p1a: Lycanroc
|
|-weather|Sandstorm|[upkeep]
|-damage|p2a: Primarina|82/100|[from] Sandstorm
|upkeep
|inactive|phap'a has 120 seconds left.
|
|t:|1778513237
|switch|p1a: Great Tusk|Great Tusk, tera:Fighting|100/100
|turn|17
|inactive|phap'a has 120 seconds left.
|
|t:|1778513246
|move|p1a: Great Tusk|Headlong Rush|p2a: Primarina
|-damage|p2a: Primarina|2/100
|-unboost|p1a: Great Tusk|def|1
|-unboost|p1a: Great Tusk|spd|1
|move|p2a: Primarina|Hyper Voice|p1a: Great Tusk
|-damage|p1a: Great Tusk|0 fnt
|faint|p1a: Great Tusk
|-end|p1a: Great Tusk|Protosynthesis|[silent]
|
|-weather|Sandstorm|[upkeep]
|-damage|p2a: Primarina|0 fnt|[from] Sandstorm
|faint|p2a: Primarina
|upkeep
|inactive|phap'a has 120 seconds left.
|c|☆phap'a|uncle auntie double ko
|
|t:|1778513270
|switch|p1a: Zapdos|Zapdos, shiny|61/100
|switch|p2a: Gliscor|Gliscor, F, tera:Water|99/100 tox
|-damage|p2a: Gliscor|88/100 tox|[from] Stealth Rock
|turn|18
|c|☆phap'a|gg
|
|t:|1778513278
|move|p2a: Gliscor|Toxic|p1a: Zapdos
|-status|p1a: Zapdos|tox
|move|p1a: Zapdos|Hurricane|p2a: Gliscor|[miss]
|-miss|p1a: Zapdos|p2a: Gliscor
|
|-weather|none
|-heal|p2a: Gliscor|99/100 tox|[from] ability: Poison Heal
|-damage|p1a: Zapdos|55/100 tox|[from] psn
|upkeep
|turn|19
|inactive|phap'a has 120 seconds left.
|
|t:|1778513283
|switch|p2a: Cinderace|Cinderace, F|100/100 par
|-damage|p2a: Cinderace|76/100 par|[from] Stealth Rock
|move|p1a: Zapdos|Hurricane|p2a: Cinderace
|-damage|p2a: Cinderace|6/100 par
|
|-damage|p1a: Zapdos|43/100 tox|[from] psn
|upkeep
|turn|20
|
|t:|1778513289
|move|p2a: Cinderace|Pyro Ball|p1a: Zapdos
|-damage|p1a: Zapdos|2/100 tox
|move|p1a: Zapdos|Roost|p1a: Zapdos
|-heal|p1a: Zapdos|52/100 tox
|-singleturn|p1a: Zapdos|move: Roost
|
|-damage|p1a: Zapdos|34/100 tox|[from] psn
|upkeep
|turn|21
|
|t:|1778513295
|move|p2a: Cinderace|Pyro Ball|p1a: Zapdos
|-damage|p1a: Zapdos|0 fnt
|faint|p1a: Zapdos
|
|win|Mrhda
|raw|phap&apos;a's rating: 1172 &rarr; <strong>1142</strong><br />(-30 for losing)
|raw|Mrhda's rating: 1108 &rarr; <strong>1138</strong><br />(+30 for winning)
|l|☆Mrhda
|player|p2|
|c|☆phap'a|gg
