|html|<div class="broadcast-blue"><strong>[Gen 9] OU is currently suspecting Tera Blast! For information on how to participate check out the <a href="https://www.smogon.com/tools/suspects/view/200">suspect thread</a>.</strong></div>
|j|☆elRami20
|j|☆solrack117
|t:|1776067752
|gametype|singles
|player|p1|elRami20|fisherman-gen4|1082
|player|p2|solrack117|medium|1109
|gen|9
|tier|[Gen 9] OU
|rated|
|rule|HP Percentage Mod: HP is shown in percentages
|rule|Endless Battle Clause: Forcing endless battles is banned
|rule|Species Clause: Limit one of each Pokémon
|rule|OHKO Clause: OHKO moves are banned
|rule|Evasion Items Clause: Evasion items are banned
|rule|Evasion Moves Clause: Evasion moves are banned
|rule|Evasion Abilities Clause: Evasion abilities are banned
|rule|Sleep Moves Clause: Sleep-inducing moves are banned
|clearpoke
|poke|p1|Ninetales-Alola, M|
|poke|p1|Great Tusk|
|poke|p1|Fezandipiti, M|
|poke|p1|Iron Valiant|
|poke|p1|Gholdengo|
|poke|p1|Greninja-*, M|
|poke|p2|Garchomp, F|
|poke|p2|Umbreon, M|
|poke|p2|Mimikyu, F|
|poke|p2|Lycanroc-Dusk, M|
|poke|p2|Zoroark-Hisui, F|
|poke|p2|Corviknight, M|
|teampreview
|inactive|Battle timer is ON: inactive players will automatically lose when time's up. (requested by solrack117)
|j| ohko_smeargle
|
|t:|1776067765
|teamsize|p1|6
|teamsize|p2|6
|start
|switch|p1a: Ninetales|Ninetales-Alola, M|100/100
|switch|p2a: Lycanroc|Lycanroc-Dusk, M|100/100
|-weather|Snowscape|[from] ability: Snow Warning|[of] p1a: Ninetales
|turn|1
|
|t:|1776067783
|switch|p1a: Great Tusk|Great Tusk|100/100
|move|p2a: Lycanroc|Stealth Rock|p1a: Great Tusk
|-sidestart|p1: elRami20|move: Stealth Rock
|
|-weather|Snowscape|[upkeep]
|upkeep
|turn|2
|
|t:|1776067790
|move|p1a: Great Tusk|Knock Off|p2a: Lycanroc
|-damage|p2a: Lycanroc|52/100
|-enditem|p2a: Lycanroc|Focus Sash|[from] move: Knock Off|[of] p1a: Great Tusk
|move|p2a: Lycanroc|Counter|p1a: Great Tusk
|-damage|p1a: Great Tusk|35/100
|
|-weather|Snowscape|[upkeep]
|-heal|p1a: Great Tusk|41/100|[from] item: Leftovers
|upkeep
|turn|3
|
|t:|1776067814
|switch|p2a: Corviknight|Corviknight, M, shiny|100/100
|-ability|p2a: Corviknight|Pressure
|move|p1a: Great Tusk|Stealth Rock|p2a: Corviknight
|-sidestart|p2: solrack117|move: Stealth Rock
|
|-weather|Snowscape|[upkeep]
|-heal|p1a: Great Tusk|48/100|[from] item: Leftovers
|upkeep
|turn|4
|
|t:|1776067823
|move|p1a: Great Tusk|Rapid Spin|p2a: Corviknight
|-resisted|p2a: Corviknight
|-damage|p2a: Corviknight|96/100
|-boost|p1a: Great Tusk|spe|1
|-damage|p1a: Great Tusk|31/100|[from] item: Rocky Helmet|[of] p2a: Corviknight
|-sideend|p1: elRami20|Stealth Rock|[from] move: Rapid Spin|[of] p1a: Great Tusk
|move|p2a: Corviknight|Brave Bird|p1a: Great Tusk
|-supereffective|p1a: Great Tusk
|-damage|p1a: Great Tusk|0 fnt
|faint|p1a: Great Tusk
|-end|p1a: Great Tusk|Protosynthesis|[silent]
|-damage|p2a: Corviknight|85/100|[from] Recoil
|
|-weather|Snowscape|[upkeep]
|upkeep
|
|t:|1776067835
|switch|p1a: Gholdengo|Gholdengo|100/100
|turn|5
|
|t:|1776067843
|move|p1a: Gholdengo|Shadow Ball|p2a: Corviknight
|-damage|p2a: Corviknight|39/100
|-unboost|p2a: Corviknight|spd|1
|move|p2a: Corviknight|U-turn|p1a: Gholdengo
|-resisted|p1a: Gholdengo
|-damage|p1a: Gholdengo|96/100
|
|t:|1776067852
|switch|p2a: Umbreon|Umbreon, M, shiny|100/100|[from] U-turn
|-damage|p2a: Umbreon|88/100|[from] Stealth Rock
|
|-weather|none
|upkeep
|turn|6
|-message|elRami20 forfeited.
|
|win|solrack117
|raw|elRami20's rating: 1082 &rarr; <strong>1061</strong><br />(-21 for losing)
|raw|solrack117's rating: 1109 &rarr; <strong>1132</strong><br />(+23 for winning)
|l|☆elRami20
|player|p1|
|l| ohko_smeargle
|l|☆solrack117
|player|p2|
