|html|<div class="broadcast-blue"><strong>[Gen 9] OU is currently suspecting Tera Blast! For information on how to participate check out the <a href="https://www.smogon.com/tools/suspects/view/200">suspect thread</a>.</strong></div>
|j|☆Nahlokin
|j|☆no1 fun haver
|t:|1776104520
|gametype|singles
|player|p1|Nahlokin|hilbert|1502
|player|p2|no1 fun haver|170|1496
|gen|9
|tier|[Gen 9] OU
|rated|
|rule|HP Percentage Mod: HP is shown in percentages
|rule|Endless Battle Clause: Forcing endless battles is banned
|rule|Species Clause: Limit one of each Pokémon
|rule|OHKO Clause: OHKO moves are banned
|rule|Evasion Items Clause: Evasion items are banned
|rule|Evasion Moves Clause: Evasion moves are banned
|rule|Evasion Abilities Clause: Evasion abilities are banned
|rule|Sleep Moves Clause: Sleep-inducing moves are banned
|clearpoke
|poke|p1|Trevenant, M|
|poke|p1|Torkoal, M|
|poke|p1|Walking Wake|
|poke|p1|Great Tusk|
|poke|p1|Heatran, F|
|poke|p1|Clefable, M|
|poke|p2|Lokix, F|
|poke|p2|Alomomola, M|
|poke|p2|Pecharunt|
|poke|p2|Zapdos|
|poke|p2|Great Tusk|
|poke|p2|Kyurem|
|teampreview
|inactive|Battle timer is ON: inactive players will automatically lose when time's up. (requested by Nahlokin)
|
|t:|1776104533
|teamsize|p1|6
|teamsize|p2|6
|start
|switch|p1a: END KALI YUGA|Torkoal, M|100/100
|switch|p2a: Kyurem|Kyurem|100/100
|-ability|p2a: Kyurem|Pressure
|-weather|SunnyDay|[from] ability: Drought|[of] p1a: END KALI YUGA
|turn|1
|
|t:|1776104545
|switch|p1a: ANNUNAKI PROJECT|Clefable, M|100/100
|move|p2a: Kyurem|Substitute|p2a: Kyurem
|-start|p2a: Kyurem|Substitute
|-damage|p2a: Kyurem|76/100
|
|-weather|SunnyDay|[upkeep]
|-heal|p2a: Kyurem|82/100|[from] item: Leftovers
|upkeep
|turn|2
|
|t:|1776104555
|move|p2a: Kyurem|Freeze-Dry|p1a: ANNUNAKI PROJECT
|-damage|p1a: ANNUNAKI PROJECT|63/100
|move|p1a: ANNUNAKI PROJECT|Moonblast|p2a: Kyurem
|-supereffective|p2a: Kyurem
|-end|p2a: Kyurem|Substitute
|
|-weather|SunnyDay|[upkeep]
|-heal|p2a: Kyurem|88/100|[from] item: Leftovers
|-heal|p1a: ANNUNAKI PROJECT|69/100|[from] item: Leftovers
|upkeep
|turn|3
|
|t:|1776104563
|move|p2a: Kyurem|Protect|p2a: Kyurem
|-singleturn|p2a: Kyurem|Protect
|move|p1a: ANNUNAKI PROJECT|Moonblast|p2a: Kyurem
|-activate|p2a: Kyurem|move: Protect
|
|-weather|SunnyDay|[upkeep]
|-heal|p2a: Kyurem|94/100|[from] item: Leftovers
|-heal|p1a: ANNUNAKI PROJECT|75/100|[from] item: Leftovers
|upkeep
|turn|4
|
|t:|1776104573
|-terastallize|p2a: Kyurem|Ice
|move|p2a: Kyurem|Freeze-Dry|p1a: ANNUNAKI PROJECT
|-damage|p1a: ANNUNAKI PROJECT|31/100
|move|p1a: ANNUNAKI PROJECT|Moonblast|p2a: Kyurem
|-damage|p2a: Kyurem|64/100
|-unboost|p2a: Kyurem|spa|1
|
|-weather|SunnyDay|[upkeep]
|-heal|p2a: Kyurem|70/100|[from] item: Leftovers
|-heal|p1a: ANNUNAKI PROJECT|37/100|[from] item: Leftovers
|upkeep
|turn|5
|
|t:|1776104584
|move|p2a: Kyurem|Freeze-Dry|p1a: ANNUNAKI PROJECT
|-damage|p1a: ANNUNAKI PROJECT|0 fnt
|faint|p1a: ANNUNAKI PROJECT
|
|-weather|SunnyDay|[upkeep]
|-heal|p2a: Kyurem|76/100|[from] item: Leftovers
|upkeep
|
|t:|1776104589
|switch|p1a: MATHEMATICAL CHEST|Walking Wake|100/100
|-activate|p1a: MATHEMATICAL CHEST|ability: Protosynthesis
|-start|p1a: MATHEMATICAL CHEST|protosynthesisspe
|turn|6
|
|t:|1776104593
|switch|p2a: Alomomola|Alomomola, M|100/100
|-terastallize|p1a: MATHEMATICAL CHEST|Water
|move|p1a: MATHEMATICAL CHEST|Hydro Steam|p2a: Alomomola
|-resisted|p2a: Alomomola
|-damage|p2a: Alomomola|72/100
|
|-weather|SunnyDay|[upkeep]
|upkeep
|turn|7
|
|t:|1776104601
|-end|p1a: MATHEMATICAL CHEST|Protosynthesis|[silent]
|switch|p1a: MINERAL AWARENESS|Great Tusk|100/100
|-activate|p1a: MINERAL AWARENESS|ability: Protosynthesis
|-start|p1a: MINERAL AWARENESS|protosynthesisatk
|move|p2a: Alomomola|Mirror Coat||[still]
|-fail|p2a: Alomomola
|
|-weather|SunnyDay|[upkeep]
|upkeep
|turn|8
|
|t:|1776104608
|switch|p2a: Pecharunt|Pecharunt|100/100
|move|p1a: MINERAL AWARENESS|Knock Off|p2a: Pecharunt
|-supereffective|p2a: Pecharunt
|-crit|p2a: Pecharunt
|-damage|p2a: Pecharunt|36/100
|-enditem|p2a: Pecharunt|Heavy-Duty Boots|[from] move: Knock Off|[of] p1a: MINERAL AWARENESS
|
|-weather|none
|-end|p1a: MINERAL AWARENESS|Protosynthesis
|upkeep
|turn|9
|
|t:|1776104616
|move|p1a: MINERAL AWARENESS|Headlong Rush|p2a: Pecharunt
|-supereffective|p2a: Pecharunt
|-damage|p2a: Pecharunt|0 fnt
|-unboost|p1a: MINERAL AWARENESS|def|1
|-unboost|p1a: MINERAL AWARENESS|spd|1
|faint|p2a: Pecharunt
|
|upkeep
|
|t:|1776104621
|switch|p2a: Kyurem|Kyurem, tera:Ice|76/100
|-ability|p2a: Kyurem|Pressure
|turn|10
|
|t:|1776104626
|-end|p1a: MINERAL AWARENESS|Protosynthesis|[silent]
|switch|p1a: END KALI YUGA|Torkoal, M|100/100
|-weather|SunnyDay|[from] ability: Drought|[of] p1a: END KALI YUGA
|move|p2a: Kyurem|Freeze-Dry|p1a: END KALI YUGA
|-resisted|p1a: END KALI YUGA
|-damage|p1a: END KALI YUGA|68/100
|
|-weather|SunnyDay|[upkeep]
|-heal|p2a: Kyurem|82/100|[from] item: Leftovers
|upkeep
|turn|11
|
|t:|1776104640
|switch|p1a: I'LL MISS|Heatran, F|100/100
|move|p2a: Kyurem|Substitute|p2a: Kyurem
|-start|p2a: Kyurem|Substitute
|-damage|p2a: Kyurem|58/100
|
|-weather|SunnyDay|[upkeep]
|-heal|p2a: Kyurem|64/100|[from] item: Leftovers
|upkeep
|turn|12
|
|t:|1776104648
|move|p2a: Kyurem|Protect|p2a: Kyurem
|-singleturn|p2a: Kyurem|Protect
|move|p1a: I'LL MISS|Magma Storm|p2a: Kyurem
|-activate|p2a: Kyurem|move: Protect
|
|-weather|SunnyDay|[upkeep]
|-heal|p2a: Kyurem|70/100|[from] item: Leftovers
|upkeep
|turn|13
|
|t:|1776104655
|move|p2a: Kyurem|Earth Power|p1a: I'LL MISS
|-supereffective|p1a: I'LL MISS
|-damage|p1a: I'LL MISS|22/100
|-unboost|p1a: I'LL MISS|spd|1
|move|p1a: I'LL MISS|Magma Storm|p2a: Kyurem
|-supereffective|p2a: Kyurem
|-end|p2a: Kyurem|Substitute
|
|-weather|SunnyDay|[upkeep]
|-heal|p2a: Kyurem|76/100|[from] item: Leftovers
|-heal|p1a: I'LL MISS|28/100|[from] item: Leftovers
|upkeep
|turn|14
|
|t:|1776104669
|switch|p1a: GOLEMS NOT READY|Trevenant, M|100/100
|move|p2a: Kyurem|Protect||[still]
|-fail|p2a: Kyurem
|
|-weather|SunnyDay|[upkeep]
|-heal|p2a: Kyurem|82/100|[from] item: Leftovers
|upkeep
|turn|15
|
|t:|1776104674
|move|p2a: Kyurem|Substitute|p2a: Kyurem
|-start|p2a: Kyurem|Substitute
|-damage|p2a: Kyurem|57/100
|move|p1a: GOLEMS NOT READY|Curse|p2a: Kyurem
|-start|p2a: Kyurem|Curse|[of] p1a: GOLEMS NOT READY
|-damage|p1a: GOLEMS NOT READY|50/100
|-enditem|p1a: GOLEMS NOT READY|Sitrus Berry|[eat]
|-heal|p1a: GOLEMS NOT READY|75/100|[from] item: Sitrus Berry
|
|-weather|SunnyDay|[upkeep]
|-heal|p2a: Kyurem|63/100|[from] item: Leftovers
|-damage|p2a: Kyurem|39/100|[from] Curse
|-item|p1a: GOLEMS NOT READY|Sitrus Berry|[from] ability: Harvest
|upkeep
|turn|16
|
|t:|1776104686
|move|p1a: GOLEMS NOT READY|Protect|p1a: GOLEMS NOT READY
|-singleturn|p1a: GOLEMS NOT READY|Protect
|move|p2a: Kyurem|Freeze-Dry|p1a: GOLEMS NOT READY
|-activate|p1a: GOLEMS NOT READY|move: Protect
|
|-weather|SunnyDay|[upkeep]
|-heal|p2a: Kyurem|45/100|[from] item: Leftovers
|-damage|p2a: Kyurem|20/100|[from] Curse
|upkeep
|turn|17
|
|t:|1776104695
|switch|p2a: Zapdos|Zapdos|100/100
|move|p1a: GOLEMS NOT READY|Leech Seed|p2a: Zapdos
|-start|p2a: Zapdos|move: Leech Seed
|
|-weather|none
|-damage|p2a: Zapdos|88/100|[from] Leech Seed|[of] p1a: GOLEMS NOT READY
|-heal|p1a: GOLEMS NOT READY|86/100|[silent]
|upkeep
|turn|18
|
|t:|1776104702
|move|p2a: Zapdos|Hurricane|p1a: GOLEMS NOT READY
|-supereffective|p1a: GOLEMS NOT READY
|-damage|p1a: GOLEMS NOT READY|0 fnt
|faint|p1a: GOLEMS NOT READY
|
|upkeep
|
|t:|1776104707
|switch|p1a: END KALI YUGA|Torkoal, M|68/100
|-weather|SunnyDay|[from] ability: Drought|[of] p1a: END KALI YUGA
|turn|19
|
|t:|1776104711
|switch|p1a: I'LL MISS|Heatran, F|28/100
|move|p2a: Zapdos|Volt Switch|p1a: I'LL MISS
|-damage|p1a: I'LL MISS|7/100
|
|t:|1776104717
|switch|p2a: Kyurem|Kyurem, tera:Ice|20/100|[from] Volt Switch
|-ability|p2a: Kyurem|Pressure
|
|-weather|SunnyDay|[upkeep]
|-heal|p2a: Kyurem|26/100|[from] item: Leftovers
|-heal|p1a: I'LL MISS|13/100|[from] item: Leftovers
|upkeep
|turn|20
|
|t:|1776104724
|move|p2a: Kyurem|Protect|p2a: Kyurem
|-singleturn|p2a: Kyurem|Protect
|move|p1a: I'LL MISS|Magma Storm|p2a: Kyurem
|-activate|p2a: Kyurem|move: Protect
|
|-weather|SunnyDay|[upkeep]
|-heal|p2a: Kyurem|32/100|[from] item: Leftovers
|-heal|p1a: I'LL MISS|19/100|[from] item: Leftovers
|upkeep
|turn|21
|
|t:|1776104733
|move|p2a: Kyurem|Substitute|p2a: Kyurem
|-start|p2a: Kyurem|Substitute
|-damage|p2a: Kyurem|7/100
|move|p1a: I'LL MISS|Magma Storm|p2a: Kyurem
|-supereffective|p2a: Kyurem
|-end|p2a: Kyurem|Substitute
|
|-weather|SunnyDay|[upkeep]
|-heal|p2a: Kyurem|14/100|[from] item: Leftovers
|-heal|p1a: I'LL MISS|25/100|[from] item: Leftovers
|upkeep
|turn|22
|
|t:|1776104741
|switch|p1a: MATHEMATICAL CHEST|Walking Wake, tera:Water|100/100
|-activate|p1a: MATHEMATICAL CHEST|ability: Protosynthesis
|-start|p1a: MATHEMATICAL CHEST|protosynthesisspe
|move|p2a: Kyurem|Earth Power|p1a: MATHEMATICAL CHEST
|-damage|p1a: MATHEMATICAL CHEST|64/100
|
|-weather|SunnyDay|[upkeep]
|-heal|p2a: Kyurem|20/100|[from] item: Leftovers
|upkeep
|turn|23
|
|t:|1776104749
|switch|p2a: Alomomola|Alomomola, M|100/100
|move|p1a: MATHEMATICAL CHEST|Knock Off|p2a: Alomomola
|-damage|p2a: Alomomola|87/100
|-enditem|p2a: Alomomola|Assault Vest|[from] move: Knock Off|[of] p1a: MATHEMATICAL CHEST
|
|-weather|SunnyDay|[upkeep]
|upkeep
|turn|24
|
|t:|1776104757
|-end|p1a: MATHEMATICAL CHEST|Protosynthesis|[silent]
|switch|p1a: END KALI YUGA|Torkoal, M|68/100
|move|p2a: Alomomola|Flip Turn|p1a: END KALI YUGA
|-supereffective|p1a: END KALI YUGA
|-damage|p1a: END KALI YUGA|59/100
|
|t:|1776104760
|switch|p2a: Kyurem|Kyurem, tera:Ice|20/100|[from] Flip Turn
|-ability|p2a: Kyurem|Pressure
|
|-weather|SunnyDay|[upkeep]
|-heal|p2a: Kyurem|26/100|[from] item: Leftovers
|upkeep
|turn|25
|
|t:|1776104767
|move|p2a: Kyurem|Protect|p2a: Kyurem
|-singleturn|p2a: Kyurem|Protect
|move|p1a: END KALI YUGA|Lava Plume|p2a: Kyurem
|-activate|p2a: Kyurem|move: Protect
|
|-weather|SunnyDay|[upkeep]
|-heal|p2a: Kyurem|32/100|[from] item: Leftovers
|upkeep
|turn|26
|
|t:|1776104775
|switch|p1a: I'LL MISS|Heatran, F|25/100
|move|p2a: Kyurem|Earth Power|p1a: I'LL MISS
|-supereffective|p1a: I'LL MISS
|-damage|p1a: I'LL MISS|0 fnt
|faint|p1a: I'LL MISS
|
|-weather|none
|-heal|p2a: Kyurem|38/100|[from] item: Leftovers
|upkeep
|
|t:|1776104783
|switch|p1a: MATHEMATICAL CHEST|Walking Wake, tera:Water|64/100
|turn|27
|
|t:|1776104786
|switch|p2a: Alomomola|Alomomola, M|100/100
|move|p1a: MATHEMATICAL CHEST|Dragon Pulse|p2a: Alomomola
|-damage|p2a: Alomomola|55/100
|
|upkeep
|turn|28
|
|t:|1776104791
|move|p1a: MATHEMATICAL CHEST|Dragon Pulse|p2a: Alomomola
|-damage|p2a: Alomomola|6/100
|move|p2a: Alomomola|Mirror Coat|p1a: MATHEMATICAL CHEST
|-damage|p1a: MATHEMATICAL CHEST|0 fnt
|faint|p1a: MATHEMATICAL CHEST
|-end|p1a: MATHEMATICAL CHEST|Protosynthesis|[silent]
|
|upkeep
|-message|Nahlokin forfeited.
|
|win|no1 fun haver
|raw|Nahlokin's rating: 1502 &rarr; <strong>1482</strong><br />(-20 for losing)
|raw|no1 fun haver's rating: 1496 &rarr; <strong>1516</strong><br />(+20 for winning)
|l|☆Nahlokin
|player|p1|
