|html|<div class="broadcast-blue"><strong>[Gen 9] OU is currently suspecting Tera Blast! For information on how to participate check out the <a href="https://www.smogon.com/tools/suspects/view/200">suspect thread</a>.</strong></div>
|j|☆Silent1ine
|j|☆American_Snail
|t:|1776130837
|gametype|singles
|player|p1|Silent1ine|pryce|1533
|player|p2|American_Snail|102|1433
|gen|9
|tier|[Gen 9] OU
|rated|
|rule|HP Percentage Mod: HP is shown in percentages
|rule|Endless Battle Clause: Forcing endless battles is banned
|rule|Species Clause: Limit one of each Pokémon
|rule|OHKO Clause: OHKO moves are banned
|rule|Evasion Items Clause: Evasion items are banned
|rule|Evasion Moves Clause: Evasion moves are banned
|rule|Evasion Abilities Clause: Evasion abilities are banned
|rule|Sleep Moves Clause: Sleep-inducing moves are banned
|clearpoke
|poke|p1|Thundurus, M|
|poke|p1|Great Tusk|
|poke|p1|Scizor, M|
|poke|p1|Ogerpon-Wellspring, F|
|poke|p1|Hatterene, F|
|poke|p1|Gholdengo|
|poke|p2|Ribombee, M|
|poke|p2|Kingambit, M|
|poke|p2|Cloyster, F|
|poke|p2|Raging Bolt|
|poke|p2|Gholdengo|
|poke|p2|Dragonite, M|
|teampreview
|inactive|Battle timer is ON: inactive players will automatically lose when time's up. (requested by American_Snail)
|
|t:|1776130852
|teamsize|p1|6
|teamsize|p2|6
|start
|switch|p1a: Gholdengo|Gholdengo|100/100
|switch|p2a: Ribombee|Ribombee, M, shiny|100/100
|turn|1
|
|t:|1776130858
|move|p1a: Gholdengo|Trick|p2a: Ribombee
|-activate|p1a: Gholdengo|move: Trick|[of] p2a: Ribombee
|-item|p2a: Ribombee|Choice Scarf|[from] move: Trick
|-item|p1a: Gholdengo|Focus Sash|[from] move: Trick
|move|p2a: Ribombee|Moonblast|p1a: Gholdengo
|-resisted|p1a: Gholdengo
|-damage|p1a: Gholdengo|79/100
|
|upkeep
|turn|2
|
|t:|1776130872
|move|p2a: Ribombee|Moonblast|p1a: Gholdengo
|-resisted|p1a: Gholdengo
|-damage|p1a: Gholdengo|54/100
|move|p1a: Gholdengo|Shadow Ball|p2a: Ribombee
|-damage|p2a: Ribombee|27/100
|
|upkeep
|turn|3
|
|t:|1776130879
|move|p2a: Ribombee|Moonblast|p1a: Gholdengo
|-resisted|p1a: Gholdengo
|-damage|p1a: Gholdengo|30/100
|-unboost|p1a: Gholdengo|spa|1
|move|p1a: Gholdengo|Dazzling Gleam|p2a: Ribombee
|-damage|p2a: Ribombee|0 fnt
|faint|p2a: Ribombee
|
|upkeep
|
|t:|1776130885
|switch|p2a: Dragonite|Dragonite, M, shiny|100/100
|turn|4
|
|t:|1776130893
|switch|p1a: Thundurus|Thundurus, M|100/100
|move|p2a: Dragonite|Dragon Dance|p2a: Dragonite
|-boost|p2a: Dragonite|atk|1
|-boost|p2a: Dragonite|spe|1
|
|upkeep
|turn|5
|
|t:|1776130901
|move|p1a: Thundurus|Thunder Wave|p2a: Dragonite
|-status|p2a: Dragonite|par
|move|p2a: Dragonite|Ice Spinner|p1a: Thundurus
|-supereffective|p1a: Thundurus
|-damage|p1a: Thundurus|0 fnt
|faint|p1a: Thundurus
|
|upkeep
|
|t:|1776130908
|switch|p1a: Hatterene|Hatterene, F|100/100
|turn|6
|
|t:|1776130914
|cant|p2a: Dragonite|par
|move|p1a: Hatterene|Draining Kiss|p2a: Dragonite
|-supereffective|p2a: Dragonite
|-damage|p2a: Dragonite|73/100 par
|
|upkeep
|turn|7
|
|t:|1776130920
|move|p2a: Dragonite|Earthquake|p1a: Hatterene
|-damage|p1a: Hatterene|39/100
|move|p1a: Hatterene|Draining Kiss|p2a: Dragonite
|-supereffective|p2a: Dragonite
|-damage|p2a: Dragonite|13/100 par
|-heal|p1a: Hatterene|84/100|[from] drain|[of] p2a: Dragonite
|
|upkeep
|turn|8
|
|t:|1776130945
|switch|p2a: Kingambit|Kingambit, M, shiny|100/100
|-activate|p2a: Kingambit|ability: Supreme Overlord
|-start|p2a: Kingambit|fallen1|[silent]
|move|p1a: Hatterene|Draining Kiss|p2a: Kingambit
|-damage|p2a: Kingambit|72/100
|-heal|p1a: Hatterene|100/100|[from] drain|[of] p2a: Kingambit
|
|upkeep
|turn|9
|
|t:|1776130954
|switch|p1a: Gholdengo|Gholdengo|30/100
|move|p2a: Kingambit|Kowtow Cleave|p1a: Gholdengo
|-supereffective|p1a: Gholdengo
|-damage|p1a: Gholdengo|0 fnt
|faint|p1a: Gholdengo
|-damage|p2a: Kingambit|62/100|[from] item: Life Orb
|
|upkeep
|
|t:|1776130958
|switch|p1a: Great Tusk|Great Tusk|100/100
|turn|10
|
|t:|1776130967
|move|p1a: Great Tusk|Headlong Rush|p2a: Kingambit
|-supereffective|p2a: Kingambit
|-damage|p2a: Kingambit|0 fnt
|-unboost|p1a: Great Tusk|def|1
|-unboost|p1a: Great Tusk|spd|1
|faint|p2a: Kingambit
|-end|p2a: Kingambit|fallen1|[silent]
|
|upkeep
|
|t:|1776130978
|switch|p2a: Cloyster|Cloyster, F, shiny|100/100
|turn|11
|
|t:|1776130981
|move|p1a: Great Tusk|Close Combat|p2a: Cloyster
|-supereffective|p2a: Cloyster
|-damage|p2a: Cloyster|3/100
|-unboost|p1a: Great Tusk|def|1
|-unboost|p1a: Great Tusk|spd|1
|move|p2a: Cloyster|Shell Smash|p2a: Cloyster
|-unboost|p2a: Cloyster|def|1
|-unboost|p2a: Cloyster|spd|1
|-boost|p2a: Cloyster|atk|2
|-boost|p2a: Cloyster|spa|2
|-boost|p2a: Cloyster|spe|2
|
|upkeep
|turn|12
|
|t:|1776130990
|-end|p1a: Great Tusk|Protosynthesis|[silent]
|switch|p1a: Hatterene|Hatterene, F|100/100
|move|p2a: Cloyster|Icicle Spear|p1a: Hatterene
|-damage|p1a: Hatterene|65/100
|-damage|p1a: Hatterene|31/100
|-damage|p1a: Hatterene|0 fnt
|faint|p1a: Hatterene
|-hitcount|p1: Hatterene|3
|-damage|p2a: Cloyster|0 fnt|[from] item: Life Orb
|faint|p2a: Cloyster
|
|upkeep
|
|t:|1776131002
|switch|p2a: Gholdengo|Gholdengo, shiny|100/100
|switch|p1a: Ogerpon|Ogerpon-Wellspring, F|100/100
|-item|p2a: Gholdengo|Air Balloon
|turn|13
|
|t:|1776131011
|move|p1a: Ogerpon|Ivy Cudgel|p2a: Gholdengo|[anim] Ivy Cudgel Water
|-damage|p2a: Gholdengo|34/100
|-enditem|p2a: Gholdengo|Air Balloon
|move|p2a: Gholdengo|Shadow Ball|p1a: Ogerpon
|-damage|p1a: Ogerpon|54/100
|
|upkeep
|turn|14
|
|t:|1776131023
|switch|p2a: Dragonite|Dragonite, M, shiny|13/100 par
|move|p1a: Ogerpon|Ivy Cudgel|p2a: Dragonite|[anim] Ivy Cudgel Water
|-resisted|p2a: Dragonite
|-damage|p2a: Dragonite|0 fnt
|faint|p2a: Dragonite
|
|upkeep
|
|t:|1776131028
|switch|p2a: Raging Bolt|Raging Bolt|100/100
|-enditem|p2a: Raging Bolt|Booster Energy
|-activate|p2a: Raging Bolt|ability: Protosynthesis|[fromitem]
|-start|p2a: Raging Bolt|protosynthesisspa
|turn|15
|
|t:|1776131035
|move|p1a: Ogerpon|Play Rough|p2a: Raging Bolt
|-supereffective|p2a: Raging Bolt
|-damage|p2a: Raging Bolt|33/100
|move|p2a: Raging Bolt|Dragon Pulse|p1a: Ogerpon
|-damage|p1a: Ogerpon|0 fnt
|faint|p1a: Ogerpon
|
|upkeep
|
|t:|1776131039
|switch|p1a: Great Tusk|Great Tusk|100/100
|turn|16
|
|t:|1776131046
|move|p1a: Great Tusk|Close Combat|p2a: Raging Bolt
|-damage|p2a: Raging Bolt|0 fnt
|-unboost|p1a: Great Tusk|def|1
|-unboost|p1a: Great Tusk|spd|1
|faint|p2a: Raging Bolt
|-end|p2a: Raging Bolt|Protosynthesis|[silent]
|
|upkeep
|
|t:|1776131050
|switch|p2a: Gholdengo|Gholdengo, shiny|34/100
|turn|17
|
|t:|1776131054
|move|p1a: Great Tusk|Knock Off|p2a: Gholdengo
|-supereffective|p2a: Gholdengo
|-damage|p2a: Gholdengo|0 fnt
|faint|p2a: Gholdengo
|
|win|Silent1ine
|raw|Silent1ine's rating: 1533 &rarr; <strong>1547</strong><br />(+14 for winning)
|raw|American_Snail's rating: 1433 &rarr; <strong>1419</strong><br />(-14 for losing)
