|html|<div class="broadcast-blue"><strong>[Gen 9] OU is currently suspecting Tera Blast! For information on how to participate check out the <a href="https://www.smogon.com/tools/suspects/view/200">suspect thread</a>.</strong></div>
|j|☆jetleiroi
|j|☆Soul24125
|t:|1776114552
|gametype|singles
|player|p1|jetleiroi|ghetsis|1181
|player|p2|Soul24125|dawn-gen4pt|1180
|gen|9
|tier|[Gen 9] OU
|rated|
|rule|HP Percentage Mod: HP is shown in percentages
|rule|Endless Battle Clause: Forcing endless battles is banned
|rule|Species Clause: Limit one of each Pokémon
|rule|OHKO Clause: OHKO moves are banned
|rule|Evasion Items Clause: Evasion items are banned
|rule|Evasion Moves Clause: Evasion moves are banned
|rule|Evasion Abilities Clause: Evasion abilities are banned
|rule|Sleep Moves Clause: Sleep-inducing moves are banned
|clearpoke
|poke|p1|Indeedee, M|
|poke|p1|Diancie|
|poke|p1|Garchomp, M|
|poke|p1|Ogerpon-Wellspring, F|
|poke|p1|Pecharunt|
|poke|p1|Corviknight, M|
|poke|p2|Cinderace, F|
|poke|p2|Kingambit, M|
|poke|p2|Slowking-Galar, M|
|poke|p2|Corviknight, M|
|poke|p2|Landorus-Therian, M|
|poke|p2|Enamorus, F|
|teampreview
|inactive|Battle timer is ON: inactive players will automatically lose when time's up. (requested by jetleiroi)
|
|t:|1776114563
|teamsize|p1|6
|teamsize|p2|6
|start
|switch|p1a: BBL Drizzy|Indeedee, M|100/100
|switch|p2a: Cinderace|Cinderace, F, shiny|100/100
|-fieldstart|move: Psychic Terrain|[from] ability: Psychic Surge|[of] p1a: BBL Drizzy
|turn|1
|
|t:|1776114572
|move|p1a: BBL Drizzy|Expanding Force|p2a: Cinderace
|-damage|p2a: Cinderace|0 fnt
|faint|p2a: Cinderace
|
|upkeep
|
|t:|1776114584
|switch|p2a: Landorus|Landorus-Therian, M|100/100
|-ability|p2a: Landorus|Intimidate|boost
|-unboost|p1a: BBL Drizzy|atk|1
|turn|2
|
|t:|1776114593
|switch|p1a: Birdman|Corviknight, M|100/100
|move|p2a: Landorus|Earthquake|p1a: Birdman
|-immune|p1a: Birdman
|
|upkeep
|turn|3
|
|t:|1776114601
|move|p2a: Landorus|U-turn|p1a: Birdman
|-resisted|p1a: Birdman
|-damage|p1a: Birdman|96/100
|-damage|p2a: Landorus|84/100|[from] item: Rocky Helmet|[of] p1a: Birdman
|
|t:|1776114609
|switch|p2a: Corviknight|Corviknight, M|100/100|[from] U-turn
|-ability|p2a: Corviknight|Pressure
|move|p1a: Birdman|Bulk Up|p1a: Birdman
|-boost|p1a: Birdman|atk|1
|-boost|p1a: Birdman|def|1
|
|upkeep
|turn|4
|
|t:|1776114619
|move|p2a: Corviknight|Iron Defense|p2a: Corviknight
|-boost|p2a: Corviknight|def|2
|move|p1a: Birdman|Bulk Up|p1a: Birdman
|-boost|p1a: Birdman|atk|1
|-boost|p1a: Birdman|def|1
|
|upkeep
|turn|5
|
|t:|1776114630
|move|p1a: Birdman|Bulk Up|p1a: Birdman
|-boost|p1a: Birdman|atk|1
|-boost|p1a: Birdman|def|1
|move|p2a: Corviknight|Iron Defense|p2a: Corviknight
|-boost|p2a: Corviknight|def|2
|
|-fieldend|move: Psychic Terrain
|upkeep
|turn|6
|
|t:|1776114639
|move|p1a: Birdman|Bulk Up|p1a: Birdman
|-boost|p1a: Birdman|atk|1
|-boost|p1a: Birdman|def|1
|move|p2a: Corviknight|Body Press|p1a: Birdman
|-damage|p1a: Birdman|79/100
|-damage|p2a: Corviknight|84/100|[from] item: Rocky Helmet|[of] p1a: Birdman
|
|upkeep
|turn|7
|c|☆jetleiroi|a game of chicken
|
|t:|1776114650
|move|p1a: Birdman|Bulk Up|p1a: Birdman
|-boost|p1a: Birdman|atk|1
|-boost|p1a: Birdman|def|1
|move|p2a: Corviknight|Body Press|p1a: Birdman
|-damage|p1a: Birdman|63/100
|-damage|p2a: Corviknight|67/100|[from] item: Rocky Helmet|[of] p1a: Birdman
|
|upkeep
|turn|8
|
|t:|1776114660
|move|p2a: Corviknight|Iron Defense|p2a: Corviknight
|-boost|p2a: Corviknight|def|2
|move|p1a: Birdman|Bulk Up|p1a: Birdman
|-boost|p1a: Birdman|atk|1
|-boost|p1a: Birdman|def|1
|
|upkeep
|turn|9
|
|t:|1776114668
|move|p1a: Birdman|Roost|p1a: Birdman
|-heal|p1a: Birdman|100/100
|-singleturn|p1a: Birdman|move: Roost
|move|p2a: Corviknight|Body Press|p1a: Birdman
|-supereffective|p1a: Birdman
|-damage|p1a: Birdman|66/100
|-damage|p2a: Corviknight|51/100|[from] item: Rocky Helmet|[of] p1a: Birdman
|
|upkeep
|turn|10
|c|☆jetleiroi|winner take all lol
|
|t:|1776114678
|move|p2a: Corviknight|Body Press|p1a: Birdman
|-damage|p1a: Birdman|47/100
|-damage|p2a: Corviknight|34/100|[from] item: Rocky Helmet|[of] p1a: Birdman
|move|p1a: Birdman|Power Trip|p2a: Corviknight
|-damage|p2a: Corviknight|0 fnt
|-damage|p1a: Birdman|31/100|[from] item: Rocky Helmet|[of] p2a: Corviknight
|faint|p2a: Corviknight
|
|upkeep
|
|t:|1776114690
|switch|p2a: Enamorus|Enamorus, F|100/100
|turn|11
|
|t:|1776114696
|move|p2a: Enamorus|Mystical Fire|p1a: Birdman
|-supereffective|p1a: Birdman
|-damage|p1a: Birdman|0 fnt
|faint|p1a: Birdman
|
|upkeep
|
|t:|1776114707
|switch|p1a: BBL Drizzy|Indeedee, M|100/100
|-fieldstart|move: Psychic Terrain|[from] ability: Psychic Surge|[of] p1a: BBL Drizzy
|turn|12
|
|t:|1776114715
|move|p2a: Enamorus|Mystical Fire|p1a: BBL Drizzy
|-damage|p1a: BBL Drizzy|63/100
|-unboost|p1a: BBL Drizzy|spa|1
|move|p1a: BBL Drizzy|Expanding Force|p2a: Enamorus
|-crit|p2a: Enamorus
|-damage|p2a: Enamorus|0 fnt
|faint|p2a: Enamorus
|
|upkeep
|
|t:|1776114725
|switch|p2a: Kingambit|Kingambit, M, shiny|100/100
|-activate|p2a: Kingambit|ability: Supreme Overlord
|-start|p2a: Kingambit|fallen3|[silent]
|turn|13
|
|t:|1776114738
|switch|p1a: Ghostface Killah|Pecharunt|100/100
|move|p2a: Kingambit|Swords Dance|p2a: Kingambit
|-boost|p2a: Kingambit|atk|2
|
|upkeep
|turn|14
|
|t:|1776114746
|move|p1a: Ghostface Killah|Parting Shot|p2a: Kingambit
|-unboost|p2a: Kingambit|atk|1
|-unboost|p2a: Kingambit|spa|1
|
|t:|1776114756
|switch|p1a: BBL Drizzy|Indeedee, M|63/100|[from] Parting Shot
|move|p2a: Kingambit|Kowtow Cleave|p1a: BBL Drizzy
|-supereffective|p1a: BBL Drizzy
|-damage|p1a: BBL Drizzy|0 fnt
|faint|p1a: BBL Drizzy
|
|upkeep
|
|t:|1776114762
|switch|p1a: Dragonball|Garchomp, M|100/100
|turn|15
|
|t:|1776114772
|move|p2a: Kingambit|Swords Dance|p2a: Kingambit
|-boost|p2a: Kingambit|atk|2
|move|p1a: Dragonball|Dragon Tail|p2a: Kingambit
|-resisted|p2a: Kingambit
|-crit|p2a: Kingambit
|-damage|p2a: Kingambit|83/100
|-damage|p1a: Dragonball|84/100|[from] item: Rocky Helmet|[of] p2a: Kingambit
|-end|p2a: Kingambit|fallen3|[silent]
|drag|p2a: Landorus|Landorus-Therian, M|84/100
|-ability|p2a: Landorus|Intimidate|boost
|-unboost|p1a: Dragonball|atk|1
|
|-heal|p1a: Dragonball|90/100|[from] item: Leftovers
|upkeep
|turn|16
|
|t:|1776114793
|move|p2a: Landorus|Earthquake|p1a: Dragonball
|-damage|p1a: Dragonball|41/100
|move|p1a: Dragonball|Stealth Rock|p2a: Landorus
|-sidestart|p2: Soul24125|move: Stealth Rock
|
|-heal|p1a: Dragonball|47/100|[from] item: Leftovers
|-fieldend|move: Psychic Terrain
|upkeep
|turn|17
|
|t:|1776114801
|switch|p1a: Aquaman|Ogerpon-Wellspring, F|100/100
|move|p2a: Landorus|Earthquake|p1a: Aquaman
|-resisted|p1a: Aquaman
|-damage|p1a: Aquaman|65/100
|
|upkeep
|turn|18
|
|t:|1776114811
|move|p1a: Aquaman|Ivy Cudgel|p2a: Landorus|[anim] Ivy Cudgel Water
|-supereffective|p2a: Landorus
|-damage|p2a: Landorus|0 fnt
|faint|p2a: Landorus
|
|upkeep
|
|t:|1776114820
|switch|p2a: Kingambit|Kingambit, M, shiny|83/100
|-damage|p2a: Kingambit|77/100|[from] Stealth Rock
|-activate|p2a: Kingambit|ability: Supreme Overlord
|-start|p2a: Kingambit|fallen4|[silent]
|turn|19
|
|t:|1776114831
|move|p1a: Aquaman|Ivy Cudgel|p2a: Kingambit|[anim] Ivy Cudgel Water
|-damage|p2a: Kingambit|36/100
|move|p2a: Kingambit|Kowtow Cleave|p1a: Aquaman
|-damage|p1a: Aquaman|0 fnt
|faint|p1a: Aquaman
|
|upkeep
|
|t:|1776114837
|switch|p1a: Dragonball|Garchomp, M|47/100
|turn|20
|
|t:|1776114843
|move|p2a: Kingambit|Sucker Punch|p1a: Dragonball
|-damage|p1a: Dragonball|0 fnt
|-damage|p2a: Kingambit|24/100|[from] ability: Rough Skin|[of] p1a: Dragonball
|faint|p1a: Dragonball
|
|upkeep
|
|t:|1776114851
|switch|p1a: Ghostface Killah|Pecharunt|100/100
|turn|21
|
|t:|1776114858
|move|p2a: Kingambit|Sucker Punch||[still]
|-fail|p2a: Kingambit
|move|p1a: Ghostface Killah|Parting Shot|p2a: Kingambit
|-unboost|p2a: Kingambit|atk|1
|-unboost|p2a: Kingambit|spa|1
|
|t:|1776114862
|switch|p1a: Diamonds Are 4Ever|Diancie|100/100|[from] Parting Shot
|
|upkeep
|turn|22
|
|t:|1776114869
|move|p2a: Kingambit|Iron Head|p1a: Diamonds Are 4Ever
|-supereffective|p1a: Diamonds Are 4Ever
|-damage|p1a: Diamonds Are 4Ever|0 fnt
|faint|p1a: Diamonds Are 4Ever
|
|upkeep
|c|☆jetleiroi|gg
|
|t:|1776114874
|switch|p1a: Ghostface Killah|Pecharunt|100/100
|turn|23
|
|t:|1776114882
|move|p2a: Kingambit|Sucker Punch|p1a: Ghostface Killah
|-supereffective|p1a: Ghostface Killah
|-damage|p1a: Ghostface Killah|67/100
|-damage|p2a: Kingambit|7/100|[from] item: Rocky Helmet|[of] p1a: Ghostface Killah
|move|p1a: Ghostface Killah|Hex|p2a: Kingambit
|-resisted|p2a: Kingambit
|-damage|p2a: Kingambit|0 fnt
|faint|p2a: Kingambit
|-end|p2a: Kingambit|fallen4|[silent]
|
|upkeep
|
|t:|1776114891
|switch|p2a: Slowking|Slowking-Galar, M|100/100
|-damage|p2a: Slowking|88/100|[from] Stealth Rock
|turn|24
|c|☆jetleiroi|but not for me wahahahahahahaha
|c|☆jetleiroi|lets go peachies
|
|t:|1776114906
|-terastallize|p2a: Slowking|Grass
|move|p1a: Ghostface Killah|Hex|p2a: Slowking
|-damage|p2a: Slowking|79/100
|move|p2a: Slowking|Psychic Noise|p1a: Ghostface Killah
|-supereffective|p1a: Ghostface Killah
|-damage|p1a: Ghostface Killah|0 fnt
|faint|p1a: Ghostface Killah
|
|win|Soul24125
|raw|jetleiroi's rating: 1181 &rarr; <strong>1156</strong><br />(-25 for losing)
|raw|Soul24125's rating: 1180 &rarr; <strong>1205</strong><br />(+25 for winning)
|l|☆jetleiroi
|player|p1|
