|html|<div class="broadcast-blue"><strong>[Gen 9] OU is currently suspecting Tera Blast! For information on how to participate check out the <a href="https://www.smogon.com/tools/suspects/view/200">suspect thread</a>.</strong></div>
|j|☆jakepauler1
|j|☆jglassx
|t:|1776273501
|gametype|singles
|player|p1|jakepauler1|giovanni|1454
|player|p2|jglassx|shelly-gen3|1493
|gen|9
|tier|[Gen 9] OU
|rated|
|rule|HP Percentage Mod: HP is shown in percentages
|rule|Endless Battle Clause: Forcing endless battles is banned
|rule|Species Clause: Limit one of each Pokémon
|rule|OHKO Clause: OHKO moves are banned
|rule|Evasion Items Clause: Evasion items are banned
|rule|Evasion Moves Clause: Evasion moves are banned
|rule|Evasion Abilities Clause: Evasion abilities are banned
|rule|Sleep Moves Clause: Sleep-inducing moves are banned
|clearpoke
|poke|p1|Iron Moth|
|poke|p1|Kyurem|
|poke|p1|Hatterene, F|
|poke|p1|Ogerpon-Wellspring, F|
|poke|p1|Raging Bolt|
|poke|p1|Zamazenta-*|
|poke|p2|Iron Moth|
|poke|p2|Gliscor, F|
|poke|p2|Hatterene, F|
|poke|p2|Ogerpon-Wellspring, F|
|poke|p2|Raging Bolt|
|poke|p2|Zamazenta-*|
|teampreview
|inactive|Battle timer is ON: inactive players will automatically lose when time's up. (requested by jglassx)
|c|☆jglassx|HMMM
|c|☆jakepauler1|HMMM
|c|☆jglassx|I don't like my chances here
|c|☆jakepauler1|is it because i have lebron
|
|t:|1776273531
|teamsize|p1|6
|teamsize|p2|6
|start
|switch|p1a: suspicious cabbage|Zamazenta|100/100
|switch|p2a: Zamazenta|Zamazenta|100/100
|-ability|p2a: Zamazenta|Dauntless Shield|boost
|-boost|p2a: Zamazenta|def|1
|-ability|p1a: suspicious cabbage|Dauntless Shield|boost
|-boost|p1a: suspicious cabbage|def|1
|turn|1
|c|☆jglassx|no it's because I'm suspicious of your cabbage
|c|☆jakepauler1|nah trust lebron carries my team
|
|t:|1776273552
|move|p1a: suspicious cabbage|Reflect|p1a: suspicious cabbage
|-sidestart|p1: jakepauler1|Reflect
|move|p2a: Zamazenta|Light Screen|p2a: Zamazenta
|-sidestart|p2: jglassx|move: Light Screen
|
|upkeep
|turn|2
|
|t:|1776273555
|move|p2a: Zamazenta|Reflect|p2a: Zamazenta
|-sidestart|p2: jglassx|Reflect
|move|p1a: suspicious cabbage|Light Screen|p1a: suspicious cabbage
|-sidestart|p1: jakepauler1|move: Light Screen
|
|upkeep
|turn|3
|c|☆jglassx|lmao
|
|t:|1776273563
|switch|p1a: Neckquisha|Raging Bolt|100/100
|-enditem|p1a: Neckquisha|Booster Energy
|-activate|p1a: Neckquisha|ability: Protosynthesis|[fromitem]
|-start|p1a: Neckquisha|protosynthesisspa
|switch|p2a: Ogerpon|Ogerpon-Wellspring, F|100/100
|
|upkeep
|turn|4
|c|☆jglassx|I think I lose lmao
|c|☆jakepauler1|lebron is shiest
|c|☆jakepauler1|LOL
|c|☆jakepauler1|i matchup won u
|c|☆jglassx|won on the first switch
|
|t:|1776273586
|switch|p2a: Hatterene|Hatterene, F, shiny|100/100
|move|p1a: Neckquisha|Calm Mind|p1a: Neckquisha
|-boost|p1a: Neckquisha|spa|1
|-boost|p1a: Neckquisha|spd|1
|
|upkeep
|turn|5
|c|☆jakepauler1|neckquisha
|
|t:|1776273591
|move|p1a: Neckquisha|Thunderbolt|p2a: Hatterene
|-damage|p2a: Hatterene|52/100
|move|p2a: Hatterene|Calm Mind|p2a: Hatterene
|-boost|p2a: Hatterene|spa|1
|-boost|p2a: Hatterene|spd|1
|
|-heal|p2a: Hatterene|58/100|[from] item: Leftovers
|upkeep
|turn|6
|
|t:|1776273596
|move|p1a: Neckquisha|Thunderbolt|p2a: Hatterene
|-damage|p2a: Hatterene|24/100
|move|p2a: Hatterene|Draining Kiss|p1a: Neckquisha
|-supereffective|p1a: Neckquisha
|-damage|p1a: Neckquisha|77/100
|-heal|p2a: Hatterene|45/100|[from] drain|[of] p1a: Neckquisha
|
|-heal|p2a: Hatterene|51/100|[from] item: Leftovers
|upkeep
|turn|7
|
|t:|1776273600
|move|p1a: Neckquisha|Calm Mind|p1a: Neckquisha
|-boost|p1a: Neckquisha|spa|1
|-boost|p1a: Neckquisha|spd|1
|move|p2a: Hatterene|Draining Kiss|p1a: Neckquisha
|-supereffective|p1a: Neckquisha
|-damage|p1a: Neckquisha|60/100
|-heal|p2a: Hatterene|67/100|[from] drain|[of] p1a: Neckquisha
|
|-heal|p2a: Hatterene|73/100|[from] item: Leftovers
|upkeep
|turn|8
|
|t:|1776273605
|move|p1a: Neckquisha|Calm Mind|p1a: Neckquisha
|-boost|p1a: Neckquisha|spa|1
|-boost|p1a: Neckquisha|spd|1
|move|p2a: Hatterene|Draining Kiss|p1a: Neckquisha
|-supereffective|p1a: Neckquisha
|-damage|p1a: Neckquisha|47/100
|-heal|p2a: Hatterene|85/100|[from] drain|[of] p1a: Neckquisha
|
|-heal|p2a: Hatterene|91/100|[from] item: Leftovers
|-sideend|p1: jakepauler1|Reflect
|-sideend|p2: jglassx|move: Light Screen
|upkeep
|turn|9
|c|☆jakepauler1|this hat saving ur life rn
|
|t:|1776273638
|switch|p2a: Gliscor|Gliscor, F|100/100
|move|p1a: Neckquisha|Dragon Pulse|p2a: Gliscor
|-damage|p2a: Gliscor|0 fnt
|faint|p2a: Gliscor
|
|-sideend|p2: jglassx|Reflect
|-sideend|p1: jakepauler1|move: Light Screen
|upkeep
|c|☆jglassx|wow
|c|☆jglassx|the predict
|
|t:|1776273648
|switch|p2a: Zamazenta|Zamazenta|100/100
|turn|10
|c|☆jakepauler1|PLAY OF ALL TIME
|c|☆jakepauler1|genghis khan gave me this
|
|t:|1776273658
|move|p1a: Neckquisha|Thunderclap||[still]
|-fail|p1a: Neckquisha
|move|p2a: Zamazenta|Light Screen|p2a: Zamazenta
|-sidestart|p2: jglassx|move: Light Screen
|
|upkeep
|turn|11
|
|t:|1776273662
|move|p2a: Zamazenta|Close Combat|p1a: Neckquisha
|-crit|p1a: Neckquisha
|-damage|p1a: Neckquisha|0 fnt
|-unboost|p2a: Zamazenta|def|1
|-unboost|p2a: Zamazenta|spd|1
|faint|p1a: Neckquisha
|-end|p1a: Neckquisha|Protosynthesis|[silent]
|
|upkeep
|c|☆jglassx|Genghis Khan a bitch
|
|t:|1776273673
|switch|p1a: justin waller|Hatterene, F|100/100
|turn|12
|
|t:|1776273685
|switch|p2a: Ogerpon|Ogerpon-Wellspring, F|100/100
|move|p1a: justin waller|Calm Mind|p1a: justin waller
|-boost|p1a: justin waller|spa|1
|-boost|p1a: justin waller|spd|1
|
|upkeep
|turn|13
|c|☆jakepauler1|genghis my top shoota
|
|t:|1776273692
|move|p2a: Ogerpon|Swords Dance|p2a: Ogerpon
|-boost|p2a: Ogerpon|atk|2
|move|p1a: justin waller|Calm Mind|p1a: justin waller
|-boost|p1a: justin waller|spa|1
|-boost|p1a: justin waller|spd|1
|
|upkeep
|turn|14
|
|t:|1776273694
|move|p2a: Ogerpon|Ivy Cudgel|p1a: justin waller|[anim] Ivy Cudgel Water
|-damage|p1a: justin waller|0 fnt
|faint|p1a: justin waller
|
|upkeep
|
|t:|1776273700
|switch|p1a: chadwick|Ogerpon-Wellspring, F|100/100
|turn|15
|
|t:|1776273705
|move|p1a: chadwick|Encore|p2a: Ogerpon
|-start|p2a: Ogerpon|Encore
|move|p2a: Ogerpon|Ivy Cudgel|p1a: chadwick|[anim] Ivy Cudgel Water
|-immune|p1a: chadwick|[from] ability: Water Absorb
|
|upkeep
|turn|16
|c|☆jglassx|:O
|
|t:|1776273711
|switch|p2a: Zamazenta|Zamazenta|100/100
|move|p1a: chadwick|Trailblaze|p2a: Zamazenta
|-damage|p2a: Zamazenta|73/100
|-boost|p1a: chadwick|spe|1
|
|upkeep
|turn|17
|c|☆jakepauler1|the speed win xdddd
|
|t:|1776273718
|move|p1a: chadwick|Swords Dance|p1a: chadwick
|-boost|p1a: chadwick|atk|2
|move|p2a: Zamazenta|Reflect|p2a: Zamazenta
|-sidestart|p2: jglassx|Reflect
|
|-sideend|p2: jglassx|move: Light Screen
|upkeep
|turn|18
|
|t:|1776273721
|move|p1a: chadwick|Swords Dance|p1a: chadwick
|-boost|p1a: chadwick|atk|2
|move|p2a: Zamazenta|Close Combat|p1a: chadwick
|-damage|p1a: chadwick|40/100
|-unboost|p2a: Zamazenta|def|1
|-unboost|p2a: Zamazenta|spd|1
|
|upkeep
|turn|19
|
|t:|1776273724
|move|p1a: chadwick|Ivy Cudgel|p2a: Zamazenta|[anim] Ivy Cudgel Water
|-damage|p2a: Zamazenta|0 fnt
|faint|p2a: Zamazenta
|
|upkeep
|
|t:|1776273730
|switch|p2a: Ogerpon|Ogerpon-Wellspring, F|100/100
|turn|20
|
|t:|1776273734
|move|p1a: chadwick|Trailblaze|p2a: Ogerpon
|-damage|p2a: Ogerpon|40/100
|-boost|p1a: chadwick|spe|1
|move|p2a: Ogerpon|Trailblaze|p1a: chadwick
|-damage|p1a: chadwick|0 fnt
|-boost|p2a: Ogerpon|spe|1
|faint|p1a: chadwick
|
|upkeep
|
|t:|1776273739
|switch|p1a: MOTHSEELIGHT|Iron Moth|100/100
|-enditem|p1a: MOTHSEELIGHT|Booster Energy
|-activate|p1a: MOTHSEELIGHT|ability: Quark Drive|[fromitem]
|-start|p1a: MOTHSEELIGHT|quarkdrivespe
|turn|21
|
|t:|1776273747
|-terastallize|p2a: Ogerpon|Water
|detailschange|p2a: Ogerpon|Ogerpon-Wellspring-Tera, F, tera:Water
|-ability|p2a: Ogerpon|Embody Aspect (Wellspring)|boost
|-boost|p2a: Ogerpon|spd|1
|move|p1a: MOTHSEELIGHT|Sludge Wave|p2a: Ogerpon
|-damage|p2a: Ogerpon|5/100
|move|p2a: Ogerpon|Ivy Cudgel|p1a: MOTHSEELIGHT|[anim] Ivy Cudgel Water
|-supereffective|p1a: MOTHSEELIGHT
|-damage|p1a: MOTHSEELIGHT|0 fnt
|faint|p1a: MOTHSEELIGHT
|-end|p1a: MOTHSEELIGHT|Quark Drive|[silent]
|
|upkeep
|c|☆jglassx|yessss
|c|☆jakepauler1|oh nah
|
|t:|1776273762
|switch|p1a: Lebron|Kyurem|100/100
|-ability|p1a: Lebron|Pressure
|turn|22
|c|☆jglassx|here's LeBron
|c|☆jakepauler1|lebron
|c|☆jglassx|we've been preparing for this moment
|c|☆jakepauler1|oh nell nah
|
|t:|1776273775
|move|p2a: Ogerpon|Ivy Cudgel|p1a: Lebron|[anim] Ivy Cudgel Water
|-resisted|p1a: Lebron
|-damage|p1a: Lebron|57/100
|move|p1a: Lebron|Dragon Dance|p1a: Lebron
|-boost|p1a: Lebron|atk|1
|-boost|p1a: Lebron|spe|1
|
|upkeep
|turn|23
|
|t:|1776273785
|move|p2a: Ogerpon|Encore|p1a: Lebron
|-start|p1a: Lebron|Encore
|move|p1a: Lebron|Dragon Dance|p1a: Lebron
|-boost|p1a: Lebron|atk|1
|-boost|p1a: Lebron|spe|1
|
|upkeep
|turn|24
|c|☆jglassx|Idk why you did that
|
|t:|1776273794
|move|p1a: Lebron|Dragon Dance|p1a: Lebron
|-boost|p1a: Lebron|atk|1
|-boost|p1a: Lebron|spe|1
|move|p2a: Ogerpon|Swords Dance|p2a: Ogerpon
|-boost|p2a: Ogerpon|atk|2
|
|-sideend|p2: jglassx|Reflect
|upkeep
|turn|25
|c|☆jakepauler1|i needed it
|
|t:|1776273799
|move|p1a: Lebron|Dragon Dance|p1a: Lebron
|-boost|p1a: Lebron|atk|1
|-boost|p1a: Lebron|spe|1
|move|p2a: Ogerpon|Ivy Cudgel|p1a: Lebron|[anim] Ivy Cudgel Water
|-resisted|p1a: Lebron
|-damage|p1a: Lebron|0 fnt
|faint|p1a: Lebron
|
|upkeep
|
|t:|1776273802
|switch|p1a: suspicious cabbage|Zamazenta|100/100
|turn|26
|c|☆jglassx|probably
|
|t:|1776273805
|move|p2a: Ogerpon|Ivy Cudgel|p1a: suspicious cabbage|[anim] Ivy Cudgel Water
|-damage|p1a: suspicious cabbage|0 fnt
|faint|p1a: suspicious cabbage
|
|win|jglassx
|raw|jakepauler1's rating: 1454 &rarr; <strong>1436</strong><br />(-18 for losing)
|raw|jglassx's rating: 1493 &rarr; <strong>1511</strong><br />(+18 for winning)
|c|☆jakepauler1|ggs
|c|☆jglassx|I can't believe iwon
|c|☆jglassx|gg
|c|☆jakepauler1|ur gooder
|l|☆jakepauler1
|player|p1|
|c|☆jglassx|thanks Jake
