|html|<div class="broadcast-blue"><strong>[Gen 9] OU is currently suspecting Tera Blast! For information on how to participate check out the <a href="https://www.smogon.com/tools/suspects/view/200">suspect thread</a>.</strong></div>
|j|☆Diepnogc
|j|☆brimas22
|t:|1776074746
|gametype|singles
|player|p1|Diepnogc|elesa|1118
|player|p2|brimas22|cynthia-gen4|1137
|gen|9
|tier|[Gen 9] OU
|rated|
|rule|HP Percentage Mod: HP is shown in percentages
|rule|Endless Battle Clause: Forcing endless battles is banned
|rule|Species Clause: Limit one of each Pokémon
|rule|OHKO Clause: OHKO moves are banned
|rule|Evasion Items Clause: Evasion items are banned
|rule|Evasion Moves Clause: Evasion moves are banned
|rule|Evasion Abilities Clause: Evasion abilities are banned
|rule|Sleep Moves Clause: Sleep-inducing moves are banned
|clearpoke
|poke|p1|Ninetales-Alola, F|
|poke|p1|Sylveon, F|
|poke|p1|Corviknight, M|
|poke|p1|Arcanine, M|
|poke|p1|Swampert, M|
|poke|p1|Goodra-Hisui, F|
|poke|p2|Sableye, F|
|poke|p2|Darkrai|
|poke|p2|Ceruledge, F|
|poke|p2|Corviknight, M|
|poke|p2|Mamoswine, F|
|poke|p2|Lanturn, M|
|teampreview
|inactive|Battle timer is ON: inactive players will automatically lose when time's up. (requested by brimas22)
|
|t:|1776074750
|teamsize|p1|6
|teamsize|p2|6
|start
|switch|p1a: Ninetales|Ninetales-Alola, F|100/100
|switch|p2a: Corviknight|Corviknight, M|100/100
|-weather|Snowscape|[from] ability: Snow Warning|[of] p1a: Ninetales
|-ability|p2a: Corviknight|Pressure
|turn|1
|
|t:|1776074760
|move|p1a: Ninetales|Aurora Veil|p1a: Ninetales
|-sidestart|p1: Diepnogc|move: Aurora Veil
|move|p2a: Corviknight|Iron Head|p1a: Ninetales
|-supereffective|p1a: Ninetales
|-damage|p1a: Ninetales|65/100
|
|-weather|Snowscape|[upkeep]
|upkeep
|turn|2
|
|t:|1776074768
|switch|p1a: Goodra|Goodra-Hisui, F|100/100
|move|p2a: Corviknight|Defog|p1a: Goodra
|-unboost|p1a: Goodra|evasion|1
|-sideend|p1: Diepnogc|move: Aurora Veil
|
|-weather|Snowscape|[upkeep]
|upkeep
|turn|3
|
|t:|1776074772
|move|p2a: Corviknight|U-turn|p1a: Goodra
|-resisted|p1a: Goodra
|-damage|p1a: Goodra|95/100
|
|t:|1776074780
|switch|p2a: Sableye|Sableye, F, shiny|100/100|[from] U-turn
|move|p1a: Goodra|Flamethrower|p2a: Sableye
|-damage|p2a: Sableye|53/100
|
|-weather|Snowscape|[upkeep]
|upkeep
|turn|4
|
|t:|1776074789
|move|p2a: Sableye|Will-O-Wisp|p1a: Goodra
|-status|p1a: Goodra|brn
|move|p1a: Goodra|Flash Cannon|p2a: Sableye
|-damage|p2a: Sableye|0 fnt
|faint|p2a: Sableye
|
|-weather|Snowscape|[upkeep]
|-damage|p1a: Goodra|89/100 brn|[from] brn
|upkeep
|
|t:|1776074795
|switch|p2a: Lanturn|Lanturn, M|100/100
|turn|5
|
|t:|1776074801
|move|p1a: Goodra|Thunderbolt|p2a: Lanturn
|-damage|p2a: Lanturn|86/100
|move|p2a: Lanturn|Dazzling Gleam|p1a: Goodra
|-damage|p1a: Goodra|81/100 brn
|
|-weather|none
|-damage|p1a: Goodra|75/100 brn|[from] brn
|upkeep
|turn|6
|c|☆brimas22|Lol
|
|t:|1776074810
|switch|p1a: Swampert|Swampert, M|100/100
|move|p2a: Lanturn|Volt Switch|p1a: Swampert
|-immune|p1a: Swampert
|
|upkeep
|turn|7
|
|t:|1776074815
|switch|p2a: Corviknight|Corviknight, M|100/100
|-ability|p2a: Corviknight|Pressure
|move|p1a: Swampert|Earthquake|p2a: Corviknight
|-immune|p2a: Corviknight
|
|upkeep
|turn|8
|
|t:|1776074821
|move|p2a: Corviknight|U-turn|p1a: Swampert
|-damage|p1a: Swampert|87/100
|
|t:|1776074844
|switch|p2a: Ceruledge|Ceruledge, F|100/100|[from] U-turn
|move|p1a: Swampert|Flip Turn|p2a: Ceruledge
|-supereffective|p2a: Ceruledge
|-damage|p2a: Ceruledge|19/100
|-ability|p2a: Ceruledge|Weak Armor|boost
|-unboost|p2a: Ceruledge|def|1
|-boost|p2a: Ceruledge|spe|2
|
|t:|1776074852
|switch|p1a: Arcanine|Arcanine, M|100/100|[from] Flip Turn
|-ability|p1a: Arcanine|Intimidate|boost
|-unboost|p2a: Ceruledge|atk|1
|
|upkeep
|turn|9
|
|t:|1776074860
|move|p2a: Ceruledge|Destiny Bond|p2a: Ceruledge
|-singlemove|p2a: Ceruledge|Destiny Bond
|move|p1a: Arcanine|Crunch|p2a: Ceruledge
|-supereffective|p2a: Ceruledge
|-damage|p2a: Ceruledge|0 fnt
|faint|p2a: Ceruledge
|-activate|p2a: Ceruledge|move: Destiny Bond
|faint|p1a: Arcanine
|
|upkeep
|
|t:|1776074876
|switch|p1a: Ninetales|Ninetales-Alola, F|65/100
|switch|p2a: Darkrai|Darkrai, shiny|100/100
|-weather|Snowscape|[from] ability: Snow Warning|[of] p1a: Ninetales
|turn|10
|
|t:|1776074879
|move|p2a: Darkrai|Sludge Bomb|p1a: Ninetales
|-supereffective|p1a: Ninetales
|-damage|p1a: Ninetales|0 fnt
|faint|p1a: Ninetales
|-damage|p2a: Darkrai|91/100|[from] item: Life Orb
|
|-weather|Snowscape|[upkeep]
|upkeep
|
|t:|1776074886
|switch|p1a: Corviknight|Corviknight, M, shiny|100/100
|-ability|p1a: Corviknight|Unnerve
|turn|11
|
|t:|1776074891
|-terastallize|p2a: Darkrai|Ghost
|move|p2a: Darkrai|Nasty Plot|p2a: Darkrai
|-boost|p2a: Darkrai|spa|2
|move|p1a: Corviknight|Brave Bird|p2a: Darkrai
|-damage|p2a: Darkrai|17/100
|-damage|p1a: Corviknight|80/100|[from] Recoil
|
|-weather|Snowscape|[upkeep]
|upkeep
|turn|12
|
|t:|1776074899
|move|p2a: Darkrai|Focus Blast|p1a: Corviknight
|-damage|p1a: Corviknight|0 fnt
|faint|p1a: Corviknight
|-damage|p2a: Darkrai|7/100|[from] item: Life Orb
|
|-weather|Snowscape|[upkeep]
|upkeep
|
|t:|1776074906
|switch|p1a: Swampert|Swampert, M|87/100
|turn|13
|
|t:|1776074908
|move|p2a: Darkrai|Dark Pulse|p1a: Swampert
|-damage|p1a: Swampert|0 fnt
|faint|p1a: Swampert
|-damage|p2a: Darkrai|0 fnt|[from] item: Life Orb
|faint|p2a: Darkrai
|
|-weather|Snowscape|[upkeep]
|upkeep
|
|t:|1776074913
|switch|p2a: Mamoswine|Mamoswine, F|100/100
|switch|p1a: Sylveon|Sylveon, F|100/100
|turn|14
|
|t:|1776074921
|move|p1a: Sylveon|Hyper Voice|p2a: Mamoswine
|-damage|p2a: Mamoswine|33/100
|move|p2a: Mamoswine|Avalanche|p1a: Sylveon
|-damage|p1a: Sylveon|13/100
|-damage|p2a: Mamoswine|23/100|[from] item: Life Orb
|
|-weather|none
|-heal|p1a: Sylveon|20/100|[from] item: Leftovers
|upkeep
|turn|15
|
|t:|1776074930
|switch|p2a: Lanturn|Lanturn, M|86/100
|move|p1a: Sylveon|Hyper Voice|p2a: Lanturn
|-damage|p2a: Lanturn|62/100
|
|-heal|p1a: Sylveon|26/100|[from] item: Leftovers
|upkeep
|turn|16
|
|t:|1776074935
|move|p1a: Sylveon|Wish|p1a: Sylveon
|move|p2a: Lanturn|Thunderbolt|p1a: Sylveon
|-damage|p1a: Sylveon|7/100
|
|-heal|p1a: Sylveon|13/100|[from] item: Leftovers
|upkeep
|turn|17
|
|t:|1776074940
|move|p1a: Sylveon|Protect|p1a: Sylveon
|-singleturn|p1a: Sylveon|Protect
|move|p2a: Lanturn|Volt Switch|p1a: Sylveon
|-activate|p1a: Sylveon|move: Protect
|
|-heal|p1a: Sylveon|63/100|[from] move: Wish|[wisher] Sylveon
|-heal|p1a: Sylveon|69/100|[from] item: Leftovers
|upkeep
|turn|18
|
|t:|1776074947
|move|p1a: Sylveon|Wish|p1a: Sylveon
|move|p2a: Lanturn|Volt Switch|p1a: Sylveon
|-damage|p1a: Sylveon|54/100
|
|t:|1776074949
|switch|p2a: Corviknight|Corviknight, M|100/100|[from] Volt Switch
|-ability|p2a: Corviknight|Pressure
|
|-heal|p1a: Sylveon|60/100|[from] item: Leftovers
|upkeep
|turn|19
|
|t:|1776074955
|move|p1a: Sylveon|Protect|p1a: Sylveon
|-singleturn|p1a: Sylveon|Protect
|move|p2a: Corviknight|Iron Head|p1a: Sylveon
|-activate|p1a: Sylveon|move: Protect
|
|-heal|p1a: Sylveon|100/100|[from] move: Wish|[wisher] Sylveon
|upkeep
|turn|20
|
|t:|1776074966
|switch|p1a: Goodra|Goodra-Hisui, F|75/100 brn
|move|p2a: Corviknight|U-turn|p1a: Goodra
|-resisted|p1a: Goodra
|-damage|p1a: Goodra|69/100 brn
|
|t:|1776074968
|switch|p2a: Mamoswine|Mamoswine, F|23/100|[from] U-turn
|
|-damage|p1a: Goodra|63/100 brn|[from] brn
|upkeep
|turn|21
|
|t:|1776074979
|-terastallize|p1a: Goodra|Flying
|move|p2a: Mamoswine|Earthquake|p1a: Goodra
|-immune|p1a: Goodra
|move|p1a: Goodra|Flamethrower|p2a: Mamoswine
|-supereffective|p2a: Mamoswine
|-damage|p2a: Mamoswine|0 fnt
|faint|p2a: Mamoswine
|
|-damage|p1a: Goodra|57/100 brn|[from] brn
|upkeep
|
|t:|1776074987
|switch|p2a: Lanturn|Lanturn, M|62/100
|turn|22
|
|t:|1776074992
|move|p1a: Goodra|Draco Meteor|p2a: Lanturn
|-damage|p2a: Lanturn|35/100
|-unboost|p1a: Goodra|spa|2
|move|p2a: Lanturn|Thunderbolt|p1a: Goodra
|-supereffective|p1a: Goodra
|-damage|p1a: Goodra|30/100 brn
|
|-damage|p1a: Goodra|24/100 brn|[from] brn
|upkeep
|turn|23
|
|t:|1776074998
|switch|p1a: Sylveon|Sylveon, F|100/100
|move|p2a: Lanturn|Volt Switch|p1a: Sylveon
|-damage|p1a: Sylveon|86/100
|
|t:|1776075000
|switch|p2a: Corviknight|Corviknight, M|100/100|[from] Volt Switch
|-ability|p2a: Corviknight|Pressure
|
|-heal|p1a: Sylveon|92/100|[from] item: Leftovers
|upkeep
|turn|24
|
|t:|1776075005
|move|p1a: Sylveon|Protect|p1a: Sylveon
|-singleturn|p1a: Sylveon|Protect
|move|p2a: Corviknight|Iron Head|p1a: Sylveon
|-activate|p1a: Sylveon|move: Protect
|
|-heal|p1a: Sylveon|98/100|[from] item: Leftovers
|upkeep
|turn|25
|
|t:|1776075017
|switch|p1a: Goodra|Goodra-Hisui, F, tera:Flying|24/100 brn
|move|p2a: Corviknight|Iron Head|p1a: Goodra
|-damage|p1a: Goodra|3/100 brn
|
|-damage|p1a: Goodra|0 fnt|[from] brn
|faint|p1a: Goodra
|upkeep
|
|t:|1776075022
|switch|p1a: Sylveon|Sylveon, F|98/100
|turn|26
|
|t:|1776075026
|move|p2a: Corviknight|Iron Head|p1a: Sylveon
|-supereffective|p1a: Sylveon
|-damage|p1a: Sylveon|47/100
|move|p1a: Sylveon|Hyper Voice|p2a: Corviknight
|-resisted|p2a: Corviknight
|-damage|p2a: Corviknight|77/100
|
|-heal|p1a: Sylveon|53/100|[from] item: Leftovers
|upkeep
|turn|27
|
|t:|1776075031
|move|p2a: Corviknight|Iron Head|p1a: Sylveon
|-supereffective|p1a: Sylveon
|-damage|p1a: Sylveon|1/100
|cant|p1a: Sylveon|flinch
|
|-heal|p1a: Sylveon|7/100|[from] item: Leftovers
|upkeep
|turn|28
|
|t:|1776075036
|move|p1a: Sylveon|Protect|p1a: Sylveon
|-singleturn|p1a: Sylveon|Protect
|move|p2a: Corviknight|Iron Head|p1a: Sylveon
|-activate|p1a: Sylveon|move: Protect
|
|-heal|p1a: Sylveon|13/100|[from] item: Leftovers
|upkeep
|turn|29
|c|☆brimas22|Gg
|
|t:|1776075046
|move|p2a: Corviknight|Iron Head|p1a: Sylveon
|-supereffective|p1a: Sylveon
|-damage|p1a: Sylveon|0 fnt
|faint|p1a: Sylveon
|
|win|brimas22
|raw|Diepnogc's rating: 1118 &rarr; <strong>1094</strong><br />(-24 for losing)
|raw|brimas22's rating: 1137 &rarr; <strong>1161</strong><br />(+24 for winning)
|l|☆brimas22
|player|p2|
|l|☆Diepnogc
|player|p1|
