|html|<div class="broadcast-blue"><strong>[Gen 9] OU is currently suspecting Tera Blast! For information on how to participate check out the <a href="https://www.smogon.com/tools/suspects/view/200">suspect thread</a>.</strong></div>
|j|☆looniertunes
|j|☆owtblastre Emily
|t:|1776113040
|gametype|singles
|player|p1|looniertunes|cynthia|1525
|player|p2|owtblastre Emily|marley-masters|1492
|gen|9
|tier|[Gen 9] OU
|rated|
|rule|HP Percentage Mod: HP is shown in percentages
|rule|Endless Battle Clause: Forcing endless battles is banned
|rule|Species Clause: Limit one of each Pokémon
|rule|OHKO Clause: OHKO moves are banned
|rule|Evasion Items Clause: Evasion items are banned
|rule|Evasion Moves Clause: Evasion moves are banned
|rule|Evasion Abilities Clause: Evasion abilities are banned
|rule|Sleep Moves Clause: Sleep-inducing moves are banned
|clearpoke
|poke|p1|Sinistcha|
|poke|p1|Corviknight, F|
|poke|p1|Tyranitar, F|
|poke|p1|Excadrill, M|
|poke|p1|Ceruledge, M|
|poke|p1|Primarina, M|
|poke|p2|Dondozo, M|
|poke|p2|Blissey, F|
|poke|p2|Gliscor, M|
|poke|p2|Toxapex, M|
|poke|p2|Mandibuzz, F|
|poke|p2|Talonflame, M|
|teampreview
|inactive|Battle timer is ON: inactive players will automatically lose when time's up. (requested by owtblastre Emily)
|j| Yamhard
|
|t:|1776113058
|teamsize|p1|6
|teamsize|p2|6
|start
|switch|p1a: Primarina|Primarina, M|100/100
|switch|p2a: Gliscor|Gliscor, M|100/100
|turn|1
|c| Yamhard|Fuck stall
|
|t:|1776113069
|move|p2a: Gliscor|Protect|p2a: Gliscor
|-singleturn|p2a: Gliscor|Protect
|move|p1a: Primarina|Surf|p2a: Gliscor
|-activate|p2a: Gliscor|move: Protect
|
|-status|p2a: Gliscor|tox|[from] item: Toxic Orb
|upkeep
|turn|2
|
|t:|1776113083
|switch|p2a: Toxapex|Toxapex, M|100/100
|move|p1a: Primarina|Flip Turn|p2a: Toxapex
|-resisted|p2a: Toxapex
|-damage|p2a: Toxapex|96/100
|
|t:|1776113094
|switch|p1a: Excadrill|Excadrill, M|100/100|[from] Flip Turn
|-item|p1a: Excadrill|Air Balloon
|
|-heal|p2a: Toxapex|100/100|[from] item: Black Sludge
|upkeep
|turn|3
|
|t:|1776113103
|switch|p2a: Talonflame|Talonflame, M|100/100
|move|p1a: Excadrill|Rock Slide|p2a: Talonflame
|-supereffective|p2a: Talonflame
|-damage|p2a: Talonflame|0 fnt
|faint|p2a: Talonflame
|
|upkeep
|c|☆owtblastre Emily|good lord
|j| OUZ Quavo
|c| Yamhard|Good shit
|c|☆owtblastre Emily|bad shit
|c|☆owtblastre Emily|bad pokemon
|c| Yamhard|No u
|c|☆looniertunes|lmfao
|c|☆owtblastre Emily|been bad for over 10 years
|c|☆owtblastre Emily|feel bad
|
|t:|1776113129
|switch|p2a: Gliscor|Gliscor, M|100/100 tox
|turn|4
|
|t:|1776113138
|switch|p1a: Corviknight|Corviknight, F|100/100
|-ability|p1a: Corviknight|Pressure
|move|p2a: Gliscor|Knock Off|p1a: Corviknight
|-damage|p1a: Corviknight|88/100
|-damage|p2a: Gliscor|84/100 tox|[from] item: Rocky Helmet|[of] p1a: Corviknight
|-enditem|p1a: Corviknight|Rocky Helmet|[from] move: Knock Off|[of] p2a: Gliscor
|
|-heal|p2a: Gliscor|97/100 tox|[from] ability: Poison Heal
|upkeep
|turn|5
|
|t:|1776113142
|switch|p2a: Toxapex|Toxapex, M|100/100
|move|p1a: Corviknight|Brave Bird|p2a: Toxapex
|-damage|p2a: Toxapex|73/100
|-damage|p1a: Corviknight|81/100|[from] Recoil
|
|-heal|p2a: Toxapex|79/100|[from] item: Black Sludge
|upkeep
|turn|6
|
|t:|1776113146
|move|p1a: Corviknight|U-turn|p2a: Toxapex
|-resisted|p2a: Toxapex
|-damage|p2a: Toxapex|73/100
|j| US West
|l| US West
|
|t:|1776113156
|switch|p1a: Primarina|Primarina, M|100/100|[from] U-turn
|move|p2a: Toxapex|Surf|p1a: Primarina
|-resisted|p1a: Primarina
|-damage|p1a: Primarina|94/100
|
|-heal|p2a: Toxapex|79/100|[from] item: Black Sludge
|upkeep
|turn|7
|
|t:|1776113163
|move|p1a: Primarina|Flip Turn|p2a: Toxapex
|-resisted|p2a: Toxapex
|-damage|p2a: Toxapex|75/100
|inactive|looniertunes has 120 seconds left.
|
|t:|1776113208
|switch|p1a: Corviknight|Corviknight, F|81/100|[from] Flip Turn
|-ability|p1a: Corviknight|Pressure
|move|p2a: Toxapex|Toxic Spikes|p1a: Corviknight
|-sidestart|p1: looniertunes|move: Toxic Spikes
|
|-heal|p2a: Toxapex|81/100|[from] item: Black Sludge
|upkeep
|turn|8
|inactive|looniertunes has 120 seconds left.
|
|t:|1776113222
|switch|p2a: Gliscor|Gliscor, M|97/100 tox
|move|p1a: Corviknight|Defog|p2a: Gliscor
|-unboost|p2a: Gliscor|evasion|1
|-sideend|p1: looniertunes|Toxic Spikes|[from] move: Defog|[of] p1a: Corviknight
|
|-heal|p2a: Gliscor|100/100 tox|[from] ability: Poison Heal
|upkeep
|turn|9
|inactive|looniertunes has 120 seconds left.
|
|t:|1776113240
|move|p2a: Gliscor|Spikes|p1a: Corviknight
|-sidestart|p1: looniertunes|Spikes
|move|p1a: Corviknight|Brave Bird|p2a: Gliscor
|-damage|p2a: Gliscor|70/100 tox
|-damage|p1a: Corviknight|72/100|[from] Recoil
|
|-heal|p2a: Gliscor|82/100 tox|[from] ability: Poison Heal
|upkeep
|turn|10
|
|t:|1776113244
|switch|p2a: Blissey|Blissey, F|100/100
|move|p1a: Corviknight|Defog|p2a: Blissey
|-unboost|p2a: Blissey|evasion|1
|-sideend|p1: looniertunes|Spikes|[from] move: Defog|[of] p1a: Corviknight
|
|upkeep
|turn|11
|
|t:|1776113249
|move|p1a: Corviknight|Brave Bird|p2a: Blissey
|-damage|p2a: Blissey|60/100
|-damage|p1a: Corviknight|50/100|[from] Recoil
|move|p2a: Blissey|Stealth Rock|p1a: Corviknight
|-sidestart|p1: looniertunes|move: Stealth Rock
|
|-heal|p2a: Blissey|66/100|[from] item: Leftovers
|upkeep
|turn|12
|
|t:|1776113258
|move|p1a: Corviknight|Defog|p2a: Blissey
|-unboost|p2a: Blissey|evasion|1
|-sideend|p1: looniertunes|Stealth Rock|[from] move: Defog|[of] p1a: Corviknight
|move|p2a: Blissey|Soft-Boiled|p2a: Blissey
|-heal|p2a: Blissey|100/100
|
|upkeep
|turn|13
|inactive|looniertunes has 120 seconds left.
|
|t:|1776113291
|switch|p2a: Gliscor|Gliscor, M|82/100 tox
|move|p1a: Corviknight|Roost|p1a: Corviknight
|-heal|p1a: Corviknight|99/100
|-singleturn|p1a: Corviknight|move: Roost
|
|-heal|p2a: Gliscor|95/100 tox|[from] ability: Poison Heal
|upkeep
|turn|14
|
|t:|1776113298
|move|p2a: Gliscor|Spikes|p1a: Corviknight
|-sidestart|p1: looniertunes|Spikes
|move|p1a: Corviknight|Brave Bird|p2a: Gliscor
|-damage|p2a: Gliscor|66/100 tox
|-damage|p1a: Corviknight|91/100|[from] Recoil
|
|-heal|p2a: Gliscor|79/100 tox|[from] ability: Poison Heal
|upkeep
|turn|15
|
|t:|1776113302
|switch|p2a: Toxapex|Toxapex, M|100/100
|move|p1a: Corviknight|Brave Bird|p2a: Toxapex
|-damage|p2a: Toxapex|74/100
|-damage|p1a: Corviknight|85/100|[from] Recoil
|
|-heal|p2a: Toxapex|80/100|[from] item: Black Sludge
|upkeep
|turn|16
|
|t:|1776113306
|move|p1a: Corviknight|U-turn|p2a: Toxapex
|-resisted|p2a: Toxapex
|-crit|p2a: Toxapex
|-damage|p2a: Toxapex|72/100
|inactive|looniertunes has 120 seconds left.
|c| Yamhard|He might not be running toxic if he’s running toxic spikes
|
|t:|1776113347
|switch|p1a: Excadrill|Excadrill, M|100/100|[from] U-turn
|-item|p1a: Excadrill|Air Balloon
|move|p2a: Toxapex|Surf|p1a: Excadrill
|-supereffective|p1a: Excadrill
|-damage|p1a: Excadrill|49/100
|-enditem|p1a: Excadrill|Air Balloon
|
|-heal|p2a: Toxapex|78/100|[from] item: Black Sludge
|upkeep
|turn|17
|c|☆owtblastre Emily|yeah but you can never be sure can you
|
|t:|1776113364
|switch|p2a: Gliscor|Gliscor, M|79/100 tox
|move|p1a: Excadrill|Earthquake|p2a: Gliscor
|-immune|p2a: Gliscor
|
|-heal|p2a: Gliscor|91/100 tox|[from] ability: Poison Heal
|upkeep
|turn|18
|
|t:|1776113371
|switch|p1a: Corviknight|Corviknight, F|85/100
|-ability|p1a: Corviknight|Pressure
|switch|p2a: Toxapex|Toxapex, M|100/100
|
|upkeep
|turn|19
|
|t:|1776113376
|move|p1a: Corviknight|Defog|p2a: Toxapex
|-unboost|p2a: Toxapex|evasion|1
|-sideend|p1: looniertunes|Spikes|[from] move: Defog|[of] p1a: Corviknight
|move|p2a: Toxapex|Surf|p1a: Corviknight
|-damage|p1a: Corviknight|65/100
|
|upkeep
|turn|20
|c|☆looniertunes|im having a blast btw
|inactive|looniertunes has 120 seconds left.
|c|☆owtblastre Emily|a *tera* blast
|
|t:|1776113396
|move|p1a: Corviknight|U-turn|p2a: Toxapex
|-resisted|p2a: Toxapex
|-damage|p2a: Toxapex|95/100
|
|t:|1776113403
|switch|p1a: Tyranitar|Tyranitar, F|100/100|[from] U-turn
|-weather|Sandstorm|[from] ability: Sand Stream|[of] p1a: Tyranitar
|move|p2a: Toxapex|Toxic Spikes|p1a: Tyranitar
|-sidestart|p1: looniertunes|move: Toxic Spikes
|
|-weather|Sandstorm|[upkeep]
|-damage|p2a: Toxapex|89/100|[from] Sandstorm
|-heal|p2a: Toxapex|95/100|[from] item: Black Sludge
|upkeep
|turn|21
|c| Yamhard|Revolving door that is stall
|inactive|looniertunes has 120 seconds left.
|c|☆owtblastre Emily|surely this is not band eq clueless
|
|t:|1776113422
|move|p1a: Tyranitar|Knock Off|p2a: Toxapex
|-damage|p2a: Toxapex|63/100
|-enditem|p2a: Toxapex|Black Sludge|[from] move: Knock Off|[of] p1a: Tyranitar
|move|p2a: Toxapex|Recover|p2a: Toxapex
|-heal|p2a: Toxapex|100/100
|
|-weather|Sandstorm|[upkeep]
|-damage|p2a: Toxapex|94/100|[from] Sandstorm
|upkeep
|turn|22
|inactive|looniertunes has 120 seconds left.
|
|t:|1776113429
|move|p1a: Tyranitar|Stealth Rock|p2a: Toxapex
|-sidestart|p2: owtblastre Emily|move: Stealth Rock
|move|p2a: Toxapex|Sludge Bomb|p1a: Tyranitar
|-resisted|p1a: Tyranitar
|-damage|p1a: Tyranitar|97/100
|-status|p1a: Tyranitar|psn
|
|-weather|Sandstorm|[upkeep]
|-damage|p2a: Toxapex|88/100|[from] Sandstorm
|-damage|p1a: Tyranitar|84/100 psn|[from] psn
|upkeep
|turn|23
|
|t:|1776113434
|switch|p1a: Corviknight|Corviknight, F|65/100
|-ability|p1a: Corviknight|Pressure
|move|p2a: Toxapex|Surf|p1a: Corviknight
|-damage|p1a: Corviknight|46/100
|
|-weather|Sandstorm|[upkeep]
|-damage|p2a: Toxapex|82/100|[from] Sandstorm
|upkeep
|turn|24
|
|t:|1776113437
|switch|p2a: Gliscor|Gliscor, M|91/100 tox
|-damage|p2a: Gliscor|79/100 tox|[from] Stealth Rock
|move|p1a: Corviknight|Roost|p1a: Corviknight
|-heal|p1a: Corviknight|96/100
|-singleturn|p1a: Corviknight|move: Roost
|
|-weather|Sandstorm|[upkeep]
|-heal|p2a: Gliscor|91/100 tox|[from] ability: Poison Heal
|upkeep
|turn|25
|
|t:|1776113442
|move|p2a: Gliscor|Knock Off|p1a: Corviknight
|-damage|p1a: Corviknight|88/100
|move|p1a: Corviknight|U-turn|p2a: Gliscor
|-resisted|p2a: Gliscor
|-damage|p2a: Gliscor|85/100 tox
|
|t:|1776113444
|switch|p1a: Tyranitar|Tyranitar, F|84/100 psn|[from] U-turn
|
|-weather|Sandstorm|[upkeep]
|-heal|p2a: Gliscor|98/100 tox|[from] ability: Poison Heal
|-damage|p1a: Tyranitar|72/100 psn|[from] psn
|upkeep
|turn|26
|
|t:|1776113449
|switch|p2a: Toxapex|Toxapex, M|100/100
|-damage|p2a: Toxapex|88/100|[from] Stealth Rock
|move|p1a: Tyranitar|Knock Off|p2a: Toxapex
|-damage|p2a: Toxapex|67/100
|
|-weather|Sandstorm|[upkeep]
|-damage|p2a: Toxapex|61/100|[from] Sandstorm
|-damage|p1a: Tyranitar|60/100 psn|[from] psn
|upkeep
|turn|27
|
|t:|1776113453
|move|p1a: Tyranitar|Thunder Wave|p2a: Toxapex|[miss]
|-miss|p1a: Tyranitar|p2a: Toxapex
|move|p2a: Toxapex|Surf|p1a: Tyranitar
|-supereffective|p1a: Tyranitar
|-damage|p1a: Tyranitar|43/100 psn
|
|-weather|none
|-damage|p1a: Tyranitar|30/100 psn|[from] psn
|upkeep
|turn|28
|
|t:|1776113459
|switch|p1a: Corviknight|Corviknight, F|88/100
|-ability|p1a: Corviknight|Pressure
|move|p2a: Toxapex|Surf|p1a: Corviknight
|-damage|p1a: Corviknight|68/100
|
|upkeep
|turn|29
|
|t:|1776113462
|switch|p2a: Gliscor|Gliscor, M|98/100 tox
|-damage|p2a: Gliscor|85/100 tox|[from] Stealth Rock
|move|p1a: Corviknight|Brave Bird|p2a: Gliscor
|-damage|p2a: Gliscor|59/100 tox
|-damage|p1a: Corviknight|60/100|[from] Recoil
|
|-heal|p2a: Gliscor|71/100 tox|[from] ability: Poison Heal
|upkeep
|turn|30
|
|t:|1776113469
|switch|p2a: Mandibuzz|Mandibuzz, F|100/100
|move|p1a: Corviknight|Defog|p2a: Mandibuzz
|-unboost|p2a: Mandibuzz|evasion|1
|-sideend|p2: owtblastre Emily|Stealth Rock|[from] move: Defog|[of] p1a: Corviknight
|-sideend|p1: looniertunes|Toxic Spikes|[from] move: Defog|[of] p1a: Corviknight
|
|upkeep
|turn|31
|
|t:|1776113476
|switch|p2a: Toxapex|Toxapex, M|94/100
|move|p1a: Corviknight|U-turn|p2a: Toxapex
|-resisted|p2a: Toxapex
|-crit|p2a: Toxapex
|-damage|p2a: Toxapex|87/100
|
|t:|1776113483
|switch|p1a: Tyranitar|Tyranitar, F|30/100 psn|[from] U-turn
|-weather|Sandstorm|[from] ability: Sand Stream|[of] p1a: Tyranitar
|
|-weather|Sandstorm|[upkeep]
|-damage|p2a: Toxapex|80/100|[from] Sandstorm
|-damage|p1a: Tyranitar|18/100 psn|[from] psn
|upkeep
|turn|32
|
|t:|1776113487
|switch|p1a: Corviknight|Corviknight, F|60/100
|-ability|p1a: Corviknight|Pressure
|switch|p2a: Mandibuzz|Mandibuzz, F|100/100
|
|-weather|Sandstorm|[upkeep]
|-damage|p2a: Mandibuzz|94/100|[from] Sandstorm
|upkeep
|turn|33
|
|t:|1776113496
|switch|p2a: Gliscor|Gliscor, M|71/100 tox
|move|p1a: Corviknight|Brave Bird|p2a: Gliscor
|-damage|p2a: Gliscor|41/100 tox
|-damage|p1a: Corviknight|52/100|[from] Recoil
|
|-weather|Sandstorm|[upkeep]
|-heal|p2a: Gliscor|54/100 tox|[from] ability: Poison Heal
|upkeep
|turn|34
|
|t:|1776113501
|move|p2a: Gliscor|Spikes|p1a: Corviknight
|-sidestart|p1: looniertunes|Spikes
|move|p1a: Corviknight|Roost|p1a: Corviknight
|-heal|p1a: Corviknight|100/100
|-singleturn|p1a: Corviknight|move: Roost
|
|-weather|Sandstorm|[upkeep]
|-heal|p2a: Gliscor|66/100 tox|[from] ability: Poison Heal
|upkeep
|turn|35
|
|t:|1776113505
|switch|p2a: Blissey|Blissey, F|100/100
|move|p1a: Corviknight|Brave Bird|p2a: Blissey
|-damage|p2a: Blissey|65/100
|-damage|p1a: Corviknight|81/100|[from] Recoil
|
|-weather|Sandstorm|[upkeep]
|-damage|p2a: Blissey|59/100|[from] Sandstorm
|-heal|p2a: Blissey|65/100|[from] item: Leftovers
|upkeep
|turn|36
|
|t:|1776113512
|move|p1a: Corviknight|Brave Bird|p2a: Blissey
|-damage|p2a: Blissey|28/100
|-damage|p1a: Corviknight|61/100|[from] Recoil
|move|p2a: Blissey|Soft-Boiled|p2a: Blissey
|-heal|p2a: Blissey|78/100
|
|-weather|Sandstorm|[upkeep]
|-damage|p2a: Blissey|71/100|[from] Sandstorm
|-heal|p2a: Blissey|78/100|[from] item: Leftovers
|upkeep
|turn|37
|
|t:|1776113525
|switch|p2a: Gliscor|Gliscor, M|66/100 tox
|move|p1a: Corviknight|Brave Bird|p2a: Gliscor
|-damage|p2a: Gliscor|39/100 tox
|-damage|p1a: Corviknight|53/100|[from] Recoil
|
|-weather|Sandstorm|[upkeep]
|-heal|p2a: Gliscor|51/100 tox|[from] ability: Poison Heal
|upkeep
|turn|38
|
|t:|1776113530
|switch|p2a: Toxapex|Toxapex, M|100/100
|move|p1a: Corviknight|Roost|p1a: Corviknight
|-heal|p1a: Corviknight|100/100
|-singleturn|p1a: Corviknight|move: Roost
|
|-weather|none
|upkeep
|turn|39
|
|t:|1776113533
|switch|p2a: Gliscor|Gliscor, M|51/100 tox
|move|p1a: Corviknight|Defog|p2a: Gliscor
|-unboost|p2a: Gliscor|evasion|1
|-sideend|p1: looniertunes|Spikes|[from] move: Defog|[of] p1a: Corviknight
|
|-heal|p2a: Gliscor|64/100 tox|[from] ability: Poison Heal
|upkeep
|turn|40
|
|t:|1776113536
|move|p2a: Gliscor|Spikes|p1a: Corviknight
|-sidestart|p1: looniertunes|Spikes
|move|p1a: Corviknight|Brave Bird|p2a: Gliscor
|-damage|p2a: Gliscor|35/100 tox
|-damage|p1a: Corviknight|92/100|[from] Recoil
|
|-heal|p2a: Gliscor|47/100 tox|[from] ability: Poison Heal
|upkeep
|turn|41
|
|t:|1776113540
|move|p2a: Gliscor|Protect|p2a: Gliscor
|-singleturn|p2a: Gliscor|Protect
|move|p1a: Corviknight|Defog|p2a: Gliscor
|-activate|p2a: Gliscor|move: Protect
|
|-heal|p2a: Gliscor|60/100 tox|[from] ability: Poison Heal
|upkeep
|turn|42
|
|t:|1776113547
|switch|p2a: Toxapex|Toxapex, M|100/100
|move|p1a: Corviknight|Defog|p2a: Toxapex
|-unboost|p2a: Toxapex|evasion|1
|-sideend|p1: looniertunes|Spikes|[from] move: Defog|[of] p1a: Corviknight
|
|upkeep
|turn|43
|
|t:|1776113549
|move|p1a: Corviknight|U-turn|p2a: Toxapex
|-resisted|p2a: Toxapex
|-damage|p2a: Toxapex|95/100
|
|t:|1776113555
|switch|p1a: Tyranitar|Tyranitar, F|18/100 psn|[from] U-turn
|-weather|Sandstorm|[from] ability: Sand Stream|[of] p1a: Tyranitar
|move|p2a: Toxapex|Toxic Spikes|p1a: Tyranitar
|-sidestart|p1: looniertunes|move: Toxic Spikes
|
|-weather|Sandstorm|[upkeep]
|-damage|p2a: Toxapex|89/100|[from] Sandstorm
|-damage|p1a: Tyranitar|6/100 psn|[from] psn
|upkeep
|turn|44
|
|t:|1776113562
|switch|p2a: Gliscor|Gliscor, M|60/100 tox
|move|p1a: Tyranitar|Ice Beam|p2a: Gliscor
|-supereffective|p2a: Gliscor
|-damage|p2a: Gliscor|0 fnt
|faint|p2a: Gliscor
|
|-weather|Sandstorm|[upkeep]
|-damage|p1a: Tyranitar|0 fnt|[from] psn
|faint|p1a: Tyranitar
|upkeep
|c|☆looniertunes|YES
|c|☆owtblastre Emily|ballsack
|
|t:|1776113573
|switch|p2a: Blissey|Blissey, F|78/100
|switch|p1a: Corviknight|Corviknight, F|92/100
|-ability|p1a: Corviknight|Pressure
|turn|45
|
|t:|1776113583
|move|p1a: Corviknight|Brave Bird|p2a: Blissey
|-damage|p2a: Blissey|41/100
|-damage|p1a: Corviknight|72/100|[from] Recoil
|move|p2a: Blissey|Seismic Toss|p1a: Corviknight
|-damage|p1a: Corviknight|47/100
|
|-weather|Sandstorm|[upkeep]
|-damage|p2a: Blissey|35/100|[from] Sandstorm
|-heal|p2a: Blissey|41/100|[from] item: Leftovers
|upkeep
|turn|46
|
|t:|1776113587
|move|p1a: Corviknight|Roost|p1a: Corviknight
|-heal|p1a: Corviknight|97/100
|-singleturn|p1a: Corviknight|move: Roost
|move|p2a: Blissey|Soft-Boiled|p2a: Blissey
|-heal|p2a: Blissey|91/100
|
|-weather|Sandstorm|[upkeep]
|-damage|p2a: Blissey|85/100|[from] Sandstorm
|-heal|p2a: Blissey|91/100|[from] item: Leftovers
|upkeep
|turn|47
|
|t:|1776113593
|move|p1a: Corviknight|Defog|p2a: Blissey
|-unboost|p2a: Blissey|evasion|1
|-sideend|p1: looniertunes|Toxic Spikes|[from] move: Defog|[of] p1a: Corviknight
|move|p2a: Blissey|Stealth Rock|p1a: Corviknight
|-sidestart|p1: looniertunes|move: Stealth Rock
|
|-weather|Sandstorm|[upkeep]
|-damage|p2a: Blissey|85/100|[from] Sandstorm
|-heal|p2a: Blissey|91/100|[from] item: Leftovers
|upkeep
|turn|48
|
|t:|1776113596
|move|p1a: Corviknight|Defog|p2a: Blissey
|-unboost|p2a: Blissey|evasion|1
|-sideend|p1: looniertunes|Stealth Rock|[from] move: Defog|[of] p1a: Corviknight
|move|p2a: Blissey|Seismic Toss|p1a: Corviknight
|-damage|p1a: Corviknight|72/100
|
|-weather|Sandstorm|[upkeep]
|-damage|p2a: Blissey|85/100|[from] Sandstorm
|-heal|p2a: Blissey|91/100|[from] item: Leftovers
|upkeep
|turn|49
|
|t:|1776113600
|move|p1a: Corviknight|Brave Bird|p2a: Blissey
|-damage|p2a: Blissey|52/100
|-damage|p1a: Corviknight|51/100|[from] Recoil
|move|p2a: Blissey|Stealth Rock|p1a: Corviknight
|-sidestart|p1: looniertunes|move: Stealth Rock
|
|-weather|Sandstorm|[upkeep]
|-damage|p2a: Blissey|45/100|[from] Sandstorm
|-heal|p2a: Blissey|52/100|[from] item: Leftovers
|upkeep
|turn|50
|
|t:|1776113603
|move|p1a: Corviknight|Defog|p2a: Blissey
|-unboost|p2a: Blissey|evasion|1
|-sideend|p1: looniertunes|Stealth Rock|[from] move: Defog|[of] p1a: Corviknight
|move|p2a: Blissey|Soft-Boiled|p2a: Blissey
|-heal|p2a: Blissey|100/100
|
|-weather|none
|upkeep
|turn|51
|
|t:|1776113608
|move|p1a: Corviknight|U-turn|p2a: Blissey
|-damage|p2a: Blissey|86/100
|
|t:|1776113613
|switch|p1a: Excadrill|Excadrill, M|49/100|[from] U-turn
|move|p2a: Blissey|Stealth Rock|p1a: Excadrill
|-sidestart|p1: looniertunes|move: Stealth Rock
|
|-heal|p2a: Blissey|93/100|[from] item: Leftovers
|upkeep
|turn|52
|
|t:|1776113619
|switch|p2a: Toxapex|Toxapex, M|100/100
|move|p1a: Excadrill|Rapid Spin|p2a: Toxapex
|-damage|p2a: Toxapex|85/100
|-boost|p1a: Excadrill|spe|1
|-sideend|p1: looniertunes|Stealth Rock|[from] move: Rapid Spin|[of] p1a: Excadrill
|
|upkeep
|turn|53
|
|t:|1776113623
|switch|p2a: Mandibuzz|Mandibuzz, F|94/100
|move|p1a: Excadrill|Earthquake|p2a: Mandibuzz
|-immune|p2a: Mandibuzz
|
|upkeep
|turn|54
|
|t:|1776113627
|move|p1a: Excadrill|Rock Slide|p2a: Mandibuzz|[miss]
|-miss|p1a: Excadrill|p2a: Mandibuzz
|move|p2a: Mandibuzz|Knock Off|p1a: Excadrill
|-damage|p1a: Excadrill|28/100
|
|upkeep
|turn|55
|
|t:|1776113629
|move|p1a: Excadrill|Rock Slide|p2a: Mandibuzz
|-supereffective|p2a: Mandibuzz
|-damage|p2a: Mandibuzz|54/100
|move|p2a: Mandibuzz|Knock Off|p1a: Excadrill
|-damage|p1a: Excadrill|6/100
|
|upkeep
|turn|56
|
|t:|1776113632
|move|p1a: Excadrill|Rock Slide|p2a: Mandibuzz
|-supereffective|p2a: Mandibuzz
|-damage|p2a: Mandibuzz|10/100
|move|p2a: Mandibuzz|Roost|p2a: Mandibuzz
|-heal|p2a: Mandibuzz|60/100
|-singleturn|p2a: Mandibuzz|move: Roost
|
|upkeep
|turn|57
|
|t:|1776113636
|switch|p2a: Dondozo|Dondozo, M|100/100
|move|p1a: Excadrill|Rock Slide|p2a: Dondozo
|-damage|p2a: Dondozo|88/100
|
|-heal|p2a: Dondozo|94/100|[from] item: Leftovers
|upkeep
|turn|58
|
|t:|1776113641
|switch|p1a: Corviknight|Corviknight, F|51/100
|-ability|p1a: Corviknight|Pressure
|move|p2a: Dondozo|Avalanche|p1a: Corviknight
|-damage|p1a: Corviknight|42/100
|
|-heal|p2a: Dondozo|99/100|[from] item: Leftovers
|upkeep
|turn|59
|
|t:|1776113644
|switch|p2a: Blissey|Blissey, F|93/100
|move|p1a: Corviknight|Roost|p1a: Corviknight
|-heal|p1a: Corviknight|92/100
|-singleturn|p1a: Corviknight|move: Roost
|
|-heal|p2a: Blissey|99/100|[from] item: Leftovers
|upkeep
|turn|60
|inactive|looniertunes has 120 seconds left.
|
|t:|1776113691
|move|p1a: Corviknight|Brave Bird|p2a: Blissey
|-damage|p2a: Blissey|64/100
|-damage|p1a: Corviknight|73/100|[from] Recoil
|move|p2a: Blissey|Stealth Rock|p1a: Corviknight
|-sidestart|p1: looniertunes|move: Stealth Rock
|
|-heal|p2a: Blissey|70/100|[from] item: Leftovers
|upkeep
|turn|61
|
|t:|1776113697
|move|p1a: Corviknight|Defog|p2a: Blissey
|-unboost|p2a: Blissey|evasion|1
|-sideend|p1: looniertunes|Stealth Rock|[from] move: Defog|[of] p1a: Corviknight
|move|p2a: Blissey|Soft-Boiled|p2a: Blissey
|-heal|p2a: Blissey|100/100
|
|upkeep
|turn|62
|inactive|looniertunes has 120 seconds left.
|
|t:|1776113707
|move|p1a: Corviknight|U-turn|p2a: Blissey
|-damage|p2a: Blissey|84/100
|inactive|looniertunes has 120 seconds left.
|
|t:|1776113717
|switch|p1a: Excadrill|Excadrill, M|6/100|[from] U-turn
|move|p2a: Blissey|Stealth Rock|p1a: Excadrill
|-sidestart|p1: looniertunes|move: Stealth Rock
|
|-heal|p2a: Blissey|91/100|[from] item: Leftovers
|upkeep
|turn|63
|inactive|looniertunes has 120 seconds left.
|
|t:|1776113736
|move|p1a: Excadrill|Rock Slide|p2a: Blissey
|-damage|p2a: Blissey|58/100
|move|p2a: Blissey|Seismic Toss|p1a: Excadrill
|-damage|p1a: Excadrill|0 fnt
|faint|p1a: Excadrill
|
|-heal|p2a: Blissey|65/100|[from] item: Leftovers
|upkeep
|
|t:|1776113742
|switch|p1a: Sinistcha|Sinistcha|100/100
|turn|64
|
|t:|1776113747
|switch|p2a: Mandibuzz|Mandibuzz, F|60/100
|move|p1a: Sinistcha|Calm Mind|p1a: Sinistcha
|-boost|p1a: Sinistcha|spa|1
|-boost|p1a: Sinistcha|spd|1
|
|upkeep
|turn|65
|
|t:|1776113751
|move|p2a: Mandibuzz|Roost|p2a: Mandibuzz
|-heal|p2a: Mandibuzz|100/100
|-singleturn|p2a: Mandibuzz|move: Roost
|move|p1a: Sinistcha|Matcha Gotcha|p2a: Mandibuzz|[miss]
|-miss|p1a: Sinistcha|p2a: Mandibuzz
|
|upkeep
|turn|66
|
|t:|1776113757
|move|p2a: Mandibuzz|Toxic|p1a: Sinistcha|[miss]
|-miss|p2a: Mandibuzz|p1a: Sinistcha
|move|p1a: Sinistcha|Matcha Gotcha|p2a: Mandibuzz
|-resisted|p2a: Mandibuzz
|-damage|p2a: Mandibuzz|85/100
|
|upkeep
|turn|67
|
|t:|1776113760
|switch|p1a: Corviknight|Corviknight, F|73/100
|-damage|p1a: Corviknight|61/100|[from] Stealth Rock
|-ability|p1a: Corviknight|Pressure
|move|p2a: Mandibuzz|Knock Off|p1a: Corviknight
|-damage|p1a: Corviknight|51/100
|
|upkeep
|turn|68
|
|t:|1776113765
|switch|p2a: Toxapex|Toxapex, M|100/100
|move|p1a: Corviknight|Defog|p2a: Toxapex
|-unboost|p2a: Toxapex|evasion|1
|-sideend|p1: looniertunes|Stealth Rock|[from] move: Defog|[of] p1a: Corviknight
|
|upkeep
|turn|69
|
|t:|1776113779
|move|p1a: Corviknight|U-turn|p2a: Toxapex
|-resisted|p2a: Toxapex
|-damage|p2a: Toxapex|96/100
|
|t:|1776113797
|switch|p1a: Primarina|Primarina, M|94/100|[from] U-turn
|move|p2a: Toxapex|Toxic Spikes|p1a: Primarina
|-sidestart|p1: looniertunes|move: Toxic Spikes
|
|upkeep
|turn|70
|
|t:|1776113803
|move|p1a: Primarina|Psychic Noise|p2a: Toxapex
|-supereffective|p2a: Toxapex
|-damage|p2a: Toxapex|57/100
|-start|p2a: Toxapex|move: Heal Block
|move|p2a: Toxapex|Sludge Bomb|p1a: Primarina
|-supereffective|p1a: Primarina
|-crit|p1a: Primarina
|-damage|p1a: Primarina|60/100
|
|upkeep
|turn|71
|
|t:|1776113809
|move|p1a: Primarina|Psychic Noise|p2a: Toxapex
|-supereffective|p2a: Toxapex
|-damage|p2a: Toxapex|16/100
|move|p2a: Toxapex|Sludge Bomb|p1a: Primarina
|-supereffective|p1a: Primarina
|-damage|p1a: Primarina|38/100
|
|-end|p2a: Toxapex|move: Heal Block
|upkeep
|turn|72
|
|t:|1776113818
|switch|p2a: Blissey|Blissey, F|65/100
|move|p1a: Primarina|Moonblast|p2a: Blissey
|-damage|p2a: Blissey|47/100
|
|-heal|p2a: Blissey|54/100|[from] item: Leftovers
|upkeep
|turn|73
|
|t:|1776113825
|move|p1a: Primarina|Flip Turn|p2a: Blissey
|-damage|p2a: Blissey|38/100
|
|t:|1776113827
|switch|p1a: Corviknight|Corviknight, F|51/100|[from] Flip Turn
|-ability|p1a: Corviknight|Pressure
|move|p2a: Blissey|Seismic Toss|p1a: Corviknight
|-damage|p1a: Corviknight|26/100
|
|-heal|p2a: Blissey|44/100|[from] item: Leftovers
|upkeep
|turn|74
|
|t:|1776113833
|move|p1a: Corviknight|Brave Bird|p2a: Blissey
|-damage|p2a: Blissey|4/100
|-damage|p1a: Corviknight|4/100|[from] Recoil
|move|p2a: Blissey|Soft-Boiled|p2a: Blissey
|-heal|p2a: Blissey|54/100
|
|-heal|p2a: Blissey|60/100|[from] item: Leftovers
|upkeep
|turn|75
|
|t:|1776113844
|move|p1a: Corviknight|Roost|p1a: Corviknight
|-heal|p1a: Corviknight|54/100
|-singleturn|p1a: Corviknight|move: Roost
|move|p2a: Blissey|Seismic Toss|p1a: Corviknight
|-damage|p1a: Corviknight|29/100
|
|-heal|p2a: Blissey|67/100|[from] item: Leftovers
|upkeep
|turn|76
|
|t:|1776113870
|move|p1a: Corviknight|Roost|p1a: Corviknight
|-heal|p1a: Corviknight|79/100
|-singleturn|p1a: Corviknight|move: Roost
|move|p2a: Blissey|Seismic Toss|p1a: Corviknight
|-damage|p1a: Corviknight|54/100
|
|-heal|p2a: Blissey|73/100|[from] item: Leftovers
|upkeep
|turn|77
|
|t:|1776113875
|switch|p2a: Toxapex|Toxapex, M|49/100
|move|p1a: Corviknight|Defog|p2a: Toxapex
|-unboost|p2a: Toxapex|evasion|1
|-sideend|p1: looniertunes|Toxic Spikes|[from] move: Defog|[of] p1a: Corviknight
|
|upkeep
|turn|78
|
|t:|1776113878
|move|p1a: Corviknight|Brave Bird|p2a: Toxapex
|-damage|p2a: Toxapex|25/100
|-damage|p1a: Corviknight|48/100|[from] Recoil
|move|p2a: Toxapex|Toxic Spikes|p1a: Corviknight
|-sidestart|p1: looniertunes|move: Toxic Spikes
|
|upkeep
|turn|79
|
|t:|1776113881
|switch|p2a: Mandibuzz|Mandibuzz, F|85/100
|move|p1a: Corviknight|Brave Bird|p2a: Mandibuzz
|-damage|p2a: Mandibuzz|59/100
|-damage|p1a: Corviknight|39/100|[from] Recoil
|
|upkeep
|turn|80
|
|t:|1776113888
|move|p2a: Mandibuzz|Roost|p2a: Mandibuzz
|-heal|p2a: Mandibuzz|100/100
|-singleturn|p2a: Mandibuzz|move: Roost
|move|p1a: Corviknight|Brave Bird|p2a: Mandibuzz
|-damage|p2a: Mandibuzz|74/100
|-damage|p1a: Corviknight|29/100|[from] Recoil
|
|upkeep
|turn|81
|
|t:|1776113892
|switch|p2a: Toxapex|Toxapex, M|58/100
|move|p1a: Corviknight|Defog|p2a: Toxapex
|-unboost|p2a: Toxapex|evasion|1
|-sideend|p1: looniertunes|Toxic Spikes|[from] move: Defog|[of] p1a: Corviknight
|
|upkeep
|turn|82
|
|t:|1776113895
|move|p1a: Corviknight|Brave Bird|p2a: Toxapex
|-damage|p2a: Toxapex|30/100
|-damage|p1a: Corviknight|22/100|[from] Recoil
|move|p2a: Toxapex|Toxic Spikes|p1a: Corviknight
|-sidestart|p1: looniertunes|move: Toxic Spikes
|
|upkeep
|turn|83
|
|t:|1776113900
|move|p1a: Corviknight|Brave Bird|p2a: Toxapex
|-damage|p2a: Toxapex|2/100
|-damage|p1a: Corviknight|15/100|[from] Recoil
|move|p2a: Toxapex|Recover|p2a: Toxapex
|-heal|p2a: Toxapex|52/100
|
|upkeep
|turn|84
|
|t:|1776113904
|move|p1a: Corviknight|Brave Bird|p2a: Toxapex
|-damage|p2a: Toxapex|24/100
|-damage|p1a: Corviknight|8/100|[from] Recoil
|move|p2a: Toxapex|Recover|p2a: Toxapex
|-heal|p2a: Toxapex|74/100
|
|upkeep
|turn|85
|
|t:|1776113913
|move|p1a: Corviknight|Defog|p2a: Toxapex
|-unboost|p2a: Toxapex|evasion|1
|-sideend|p1: looniertunes|Toxic Spikes|[from] move: Defog|[of] p1a: Corviknight
|move|p2a: Toxapex|Sludge Bomb|p1a: Corviknight
|-immune|p1a: Corviknight
|
|upkeep
|turn|86
|
|t:|1776113921
|move|p1a: Corviknight|Brave Bird|p2a: Toxapex
|-damage|p2a: Toxapex|46/100
|-damage|p1a: Corviknight|1/100|[from] Recoil
|move|p2a: Toxapex|Toxic Spikes|p1a: Corviknight
|-sidestart|p1: looniertunes|move: Toxic Spikes
|
|upkeep
|turn|87
|
|t:|1776113925
|move|p1a: Corviknight|Defog|p2a: Toxapex
|-unboost|p2a: Toxapex|evasion|1
|-sideend|p1: looniertunes|Toxic Spikes|[from] move: Defog|[of] p1a: Corviknight
|move|p2a: Toxapex|Recover|p2a: Toxapex
|-heal|p2a: Toxapex|96/100
|
|upkeep
|turn|88
|
|t:|1776113927
|move|p1a: Corviknight|Brave Bird|p2a: Toxapex
|-damage|p2a: Toxapex|69/100
|-damage|p1a: Corviknight|0 fnt|[from] Recoil
|faint|p1a: Corviknight
|move|p2a: Toxapex|Toxic Spikes|p1: Corviknight
|-sidestart|p1: looniertunes|move: Toxic Spikes
|
|upkeep
|
|t:|1776113934
|switch|p1a: Sinistcha|Sinistcha|100/100
|turn|89
|
|t:|1776113938
|switch|p2a: Mandibuzz|Mandibuzz, F|74/100
|move|p1a: Sinistcha|Shadow Ball|p2a: Mandibuzz
|-resisted|p2a: Mandibuzz
|-damage|p2a: Mandibuzz|62/100
|
|upkeep
|turn|90
|
|t:|1776113941
|move|p2a: Mandibuzz|Toxic|p1a: Sinistcha
|-status|p1a: Sinistcha|tox
|move|p1a: Sinistcha|Matcha Gotcha|p2a: Mandibuzz
|-resisted|p2a: Mandibuzz
|-damage|p2a: Mandibuzz|51/100
|-status|p2a: Mandibuzz|brn
|
|-damage|p1a: Sinistcha|94/100 tox|[from] psn
|-damage|p2a: Mandibuzz|45/100 brn|[from] brn
|upkeep
|turn|91
|
|t:|1776113944
|move|p2a: Mandibuzz|Knock Off|p1a: Sinistcha
|-supereffective|p1a: Sinistcha
|-damage|p1a: Sinistcha|78/100 tox
|-enditem|p1a: Sinistcha|Heavy-Duty Boots|[from] move: Knock Off|[of] p2a: Mandibuzz
|move|p1a: Sinistcha|Calm Mind|p1a: Sinistcha
|-boost|p1a: Sinistcha|spa|1
|-boost|p1a: Sinistcha|spd|1
|
|-damage|p1a: Sinistcha|66/100 tox|[from] psn
|-damage|p2a: Mandibuzz|39/100 brn|[from] brn
|upkeep
|turn|92
|
|t:|1776113949
|move|p2a: Mandibuzz|Roost|p2a: Mandibuzz
|-heal|p2a: Mandibuzz|89/100 brn
|-singleturn|p2a: Mandibuzz|move: Roost
|move|p1a: Sinistcha|Matcha Gotcha|p2a: Mandibuzz
|-damage|p2a: Mandibuzz|58/100 brn
|-heal|p1a: Sinistcha|85/100 tox|[from] drain|[of] p2a: Mandibuzz
|
|-damage|p1a: Sinistcha|67/100 tox|[from] psn
|-damage|p2a: Mandibuzz|52/100 brn|[from] brn
|upkeep
|turn|93
|
|t:|1776113958
|move|p2a: Mandibuzz|Roost|p2a: Mandibuzz
|-heal|p2a: Mandibuzz|100/100 brn
|-singleturn|p2a: Mandibuzz|move: Roost
|move|p1a: Sinistcha|Matcha Gotcha|p2a: Mandibuzz
|-damage|p2a: Mandibuzz|71/100 brn
|-heal|p1a: Sinistcha|85/100 tox|[from] drain|[of] p2a: Mandibuzz
|
|-damage|p1a: Sinistcha|61/100 tox|[from] psn
|-damage|p2a: Mandibuzz|65/100 brn|[from] brn
|upkeep
|turn|94
|
|t:|1776113977
|switch|p2a: Blissey|Blissey, F|73/100
|move|p1a: Sinistcha|Strength Sap|p2a: Blissey
|-unboost|p2a: Blissey|atk|1
|-heal|p1a: Sinistcha|67/100 tox
|
|-heal|p2a: Blissey|79/100|[from] item: Leftovers
|-damage|p1a: Sinistcha|37/100 tox|[from] psn
|upkeep
|turn|95
|
|t:|1776113986
|switch|p1a: Primarina|Primarina, M|38/100
|-status|p1a: Primarina|psn
|move|p2a: Blissey|Stealth Rock|p1a: Primarina
|-sidestart|p1: looniertunes|move: Stealth Rock
|
|-heal|p2a: Blissey|85/100|[from] item: Leftovers
|-damage|p1a: Primarina|25/100 psn|[from] psn
|upkeep
|turn|96
|
|t:|1776113990
|move|p1a: Primarina|Psychic Noise|p2a: Blissey
|-crit|p2a: Blissey
|-damage|p2a: Blissey|71/100
|-start|p2a: Blissey|move: Heal Block
|move|p2a: Blissey|Seismic Toss|p1a: Primarina
|-damage|p1a: Primarina|0 fnt
|faint|p1a: Primarina
|
|upkeep
|
|t:|1776113994
|switch|p1a: Ceruledge|Ceruledge, M|100/100
|-status|p1a: Ceruledge|psn
|-damage|p1a: Ceruledge|75/100 psn|[from] Stealth Rock
|turn|97
|
|t:|1776114002
|switch|p2a: Toxapex|Toxapex, M|100/100
|move|p1a: Ceruledge|Swords Dance|p1a: Ceruledge
|-boost|p1a: Ceruledge|atk|2
|
|-damage|p1a: Ceruledge|63/100 psn|[from] psn
|upkeep
|turn|98
|
|t:|1776114030
|move|p1a: Ceruledge|Bitter Blade|p2a: Toxapex
|-resisted|p2a: Toxapex
|-damage|p2a: Toxapex|59/100
|-heal|p1a: Ceruledge|85/100 psn|[from] drain|[of] p2a: Toxapex
|-damage|p1a: Ceruledge|75/100 psn|[from] item: Life Orb
|move|p2a: Toxapex|Surf|p1a: Ceruledge
|-supereffective|p1a: Ceruledge
|-damage|p1a: Ceruledge|32/100 psn
|
|-damage|p1a: Ceruledge|20/100 psn|[from] psn
|upkeep
|turn|99
|
|t:|1776114038
|move|p1a: Ceruledge|Bitter Blade|p2a: Toxapex
|-resisted|p2a: Toxapex
|-damage|p2a: Toxapex|18/100
|-heal|p1a: Ceruledge|41/100 psn|[from] drain|[of] p2a: Toxapex
|-damage|p1a: Ceruledge|31/100 psn|[from] item: Life Orb
|move|p2a: Toxapex|Surf|p1a: Ceruledge
|-supereffective|p1a: Ceruledge
|-damage|p1a: Ceruledge|0 fnt
|faint|p1a: Ceruledge
|
|upkeep
|c|☆owtblastre Emily|goodg
|c|☆looniertunes|that was agonizing
|c|☆looniertunes|gg
|
|t:|1776114050
|switch|p1a: Sinistcha|Sinistcha|37/100 tox
|-damage|p1a: Sinistcha|24/100 tox|[from] Stealth Rock
|turn|100
|
|t:|1776114052
|switch|p2a: Blissey|Blissey, F|71/100
|move|p1a: Sinistcha|Matcha Gotcha|p2a: Blissey
|-damage|p2a: Blissey|61/100
|-heal|p1a: Sinistcha|34/100 tox|[from] drain|[of] p2a: Blissey
|
|-heal|p2a: Blissey|67/100|[from] item: Leftovers
|-damage|p1a: Sinistcha|28/100 tox|[from] psn
|upkeep
|turn|101
|
|t:|1776114055
|move|p1a: Sinistcha|Matcha Gotcha|p2a: Blissey
|-damage|p2a: Blissey|56/100
|-heal|p1a: Sinistcha|38/100 tox|[from] drain|[of] p2a: Blissey
|move|p2a: Blissey|Seismic Toss|p1a: Sinistcha
|-immune|p1a: Sinistcha
|
|-heal|p2a: Blissey|63/100|[from] item: Leftovers
|-damage|p1a: Sinistcha|26/100 tox|[from] psn
|upkeep
|turn|102
|c| Yamhard|Fuck stall
|
|t:|1776114078
|move|p1a: Sinistcha|Matcha Gotcha|p2a: Blissey
|-damage|p2a: Blissey|53/100
|-heal|p1a: Sinistcha|35/100 tox|[from] drain|[of] p2a: Blissey
|-status|p2a: Blissey|brn
|move|p2a: Blissey|Seismic Toss|p1a: Sinistcha
|-immune|p1a: Sinistcha
|
|-heal|p2a: Blissey|59/100 brn|[from] item: Leftovers
|-damage|p1a: Sinistcha|17/100 tox|[from] psn
|-damage|p2a: Blissey|53/100 brn|[from] brn
|upkeep
|turn|103
|l| Yamhard
|
|t:|1776114082
|move|p1a: Sinistcha|Strength Sap|p2a: Blissey
|-unboost|p2a: Blissey|atk|1
|-heal|p1a: Sinistcha|24/100 tox
|move|p2a: Blissey|Soft-Boiled|p2a: Blissey
|-heal|p2a: Blissey|100/100 brn
|
|-damage|p1a: Sinistcha|0 fnt|[from] psn
|faint|p1a: Sinistcha
|
|win|owtblastre Emily
|raw|looniertunes's rating: 1525 &rarr; <strong>1503</strong><br />(-22 for losing)
|raw|owtblastre Emily's rating: 1492 &rarr; <strong>1514</strong><br />(+22 for winning)
|l|☆looniertunes
|player|p1|
|l|☆owtblastre Emily
|player|p2|
