|html|<div class="broadcast-blue"><strong>[Gen 9] OU is currently suspecting Tera Blast! For information on how to participate check out the <a href="https://www.smogon.com/tools/suspects/view/200">suspect thread</a>.</strong></div>
|j|☆A Voice Behind Me
|j|☆sekairo
|t:|1776151338
|gametype|singles
|player|p1|A Voice Behind Me|clair|1369
|player|p2|sekairo|drayden|1347
|gen|9
|tier|[Gen 9] OU
|rated|
|rule|HP Percentage Mod: HP is shown in percentages
|rule|Endless Battle Clause: Forcing endless battles is banned
|rule|Species Clause: Limit one of each Pokémon
|rule|OHKO Clause: OHKO moves are banned
|rule|Evasion Items Clause: Evasion items are banned
|rule|Evasion Moves Clause: Evasion moves are banned
|rule|Evasion Abilities Clause: Evasion abilities are banned
|rule|Sleep Moves Clause: Sleep-inducing moves are banned
|clearpoke
|poke|p1|Deoxys-Speed|
|poke|p1|Iron Valiant|
|poke|p1|Ogerpon-Wellspring, F|
|poke|p1|Ting-Lu|
|poke|p1|Iron Moth|
|poke|p1|Kingambit, M|
|poke|p2|Glimmora, F|
|poke|p2|Iron Valiant|
|poke|p2|Raging Bolt|
|poke|p2|Ogerpon-Wellspring, F|
|poke|p2|Kingambit, M|
|poke|p2|Ceruledge, F|
|teampreview
|inactive|Battle timer is ON: inactive players will automatically lose when time's up. (requested by A Voice Behind Me)
|
|t:|1776151353
|teamsize|p1|6
|teamsize|p2|6
|start
|switch|p1a: diced pineapples|Deoxys-Speed|100/100
|switch|p2a: Fleur de Cuivre|Glimmora, F|100/100
|-ability|p1a: diced pineapples|Pressure
|turn|1
|
|t:|1776151370
|switch|p2a: Général 50/50|Kingambit, M|100/100
|move|p1a: diced pineapples|Psycho Boost|p2a: Général 50/50
|-immune|p2a: Général 50/50
|
|upkeep
|turn|2
|
|t:|1776151378
|-end|p2a: Général 50/50|fallenundefined|[silent]
|switch|p2a: Fleur de Cuivre|Glimmora, F|100/100
|move|p1a: diced pineapples|Spikes|p2a: Fleur de Cuivre
|-sidestart|p2: sekairo|Spikes
|
|upkeep
|turn|3
|
|t:|1776151385
|switch|p1a: wgft|Kingambit, M, shiny|100/100
|-item|p1a: wgft|Air Balloon
|move|p2a: Fleur de Cuivre|Meteor Beam||[still]
|-prepare|p2a: Fleur de Cuivre|Meteor Beam
|-boost|p2a: Fleur de Cuivre|spa|1
|-enditem|p2a: Fleur de Cuivre|Power Herb
|-anim|p2a: Fleur de Cuivre|Meteor Beam|p1a: wgft
|-resisted|p1a: wgft
|-damage|p1a: wgft|49/100
|-enditem|p1a: wgft|Air Balloon
|
|upkeep
|turn|4
|
|t:|1776151395
|-end|p1a: wgft|fallenundefined|[silent]
|switch|p1a: diced pineapples|Deoxys-Speed|100/100
|-ability|p1a: diced pineapples|Pressure
|move|p2a: Fleur de Cuivre|Earth Power|p1a: diced pineapples
|-damage|p1a: diced pineapples|21/100
|
|upkeep
|turn|5
|
|t:|1776151399
|move|p1a: diced pineapples|Psycho Boost|p2a: Fleur de Cuivre|[miss]
|-miss|p1a: diced pineapples|p2a: Fleur de Cuivre
|move|p2a: Fleur de Cuivre|Stealth Rock|p1a: diced pineapples
|-sidestart|p1: A Voice Behind Me|move: Stealth Rock
|
|upkeep
|turn|6
|
|t:|1776151403
|move|p1a: diced pineapples|Psycho Boost|p2a: Fleur de Cuivre
|-supereffective|p2a: Fleur de Cuivre
|-damage|p2a: Fleur de Cuivre|0 fnt
|-unboost|p1a: diced pineapples|spa|2
|faint|p2a: Fleur de Cuivre
|-damage|p1a: diced pineapples|11/100|[from] item: Life Orb
|
|upkeep
|
|t:|1776151410
|switch|p2a: Escrameur|Ceruledge, F|100/100
|-damage|p2a: Escrameur|88/100|[from] Spikes
|turn|7
|
|t:|1776151413
|move|p1a: diced pineapples|Knock Off|p2a: Escrameur
|-supereffective|p2a: Escrameur
|-damage|p2a: Escrameur|0 fnt
|-enditem|p2a: Escrameur|Focus Sash|[from] move: Knock Off|[of] p1a: diced pineapples
|faint|p2a: Escrameur
|-damage|p1a: diced pineapples|1/100|[from] item: Life Orb
|
|upkeep
|
|t:|1776151420
|switch|p2a: Terminator|Iron Valiant|100/100
|-damage|p2a: Terminator|88/100|[from] Spikes
|-enditem|p2a: Terminator|Booster Energy
|-activate|p2a: Terminator|ability: Quark Drive|[fromitem]
|-start|p2a: Terminator|quarkdrivespe
|turn|8
|
|t:|1776151425
|move|p2a: Terminator|Moonblast|p1a: diced pineapples
|-damage|p1a: diced pineapples|0 fnt
|faint|p1a: diced pineapples
|
|upkeep
|
|t:|1776151427
|switch|p1a: two words|Iron Moth, shiny|100/100
|-damage|p1a: two words|76/100|[from] Stealth Rock
|-enditem|p1a: two words|Booster Energy
|-activate|p1a: two words|ability: Quark Drive|[fromitem]
|-start|p1a: two words|quarkdrivespe
|turn|9
|
|t:|1776151432
|move|p2a: Terminator|Psyshock|p1a: two words
|-supereffective|p1a: two words
|-damage|p1a: two words|4/100
|move|p1a: two words|Fiery Dance|p2a: Terminator
|-damage|p2a: Terminator|20/100
|
|upkeep
|turn|10
|
|t:|1776151441
|move|p2a: Terminator|Psyshock|p1a: two words
|-supereffective|p1a: two words
|-damage|p1a: two words|0 fnt
|faint|p1a: two words
|-end|p1a: two words|Quark Drive|[silent]
|
|upkeep
|
|t:|1776151443
|switch|p1a: the resistance|Ting-Lu|100/100
|-damage|p1a: the resistance|94/100|[from] Stealth Rock
|-ability|p1a: the resistance|Vessel of Ruin
|turn|11
|
|t:|1776151446
|move|p2a: Terminator|Moonblast|p1a: the resistance
|-supereffective|p1a: the resistance
|-damage|p1a: the resistance|47/100
|-enditem|p1a: the resistance|Weakness Policy
|-boost|p1a: the resistance|atk|2|[from] item: Weakness Policy
|-boost|p1a: the resistance|spa|2|[from] item: Weakness Policy
|move|p1a: the resistance|Heavy Slam|p2a: Terminator
|-supereffective|p2a: Terminator
|-crit|p2a: Terminator
|-damage|p2a: Terminator|0 fnt
|faint|p2a: Terminator
|-end|p2a: Terminator|Quark Drive|[silent]
|
|upkeep
|
|t:|1776151454
|switch|p2a: Masqurécage|Ogerpon-Wellspring, F|100/100
|-damage|p2a: Masqurécage|88/100|[from] Spikes
|turn|12
|
|t:|1776151458
|move|p2a: Masqurécage|Power Whip|p1a: the resistance
|-supereffective|p1a: the resistance
|-damage|p1a: the resistance|0 fnt
|faint|p1a: the resistance
|
|upkeep
|
|t:|1776151464
|switch|p1a: neon guts|Iron Valiant|100/100
|-damage|p1a: neon guts|94/100|[from] Stealth Rock
|-enditem|p1a: neon guts|Booster Energy
|-activate|p1a: neon guts|ability: Quark Drive|[fromitem]
|-start|p1a: neon guts|quarkdrivespe
|turn|13
|
|t:|1776151472
|move|p1a: neon guts|Moonblast|p2a: Masqurécage
|-damage|p2a: Masqurécage|36/100
|move|p2a: Masqurécage|Encore|p1a: neon guts
|-start|p1a: neon guts|Encore
|
|upkeep
|turn|14
|
|t:|1776151476
|switch|p2a: Général 50/50|Kingambit, M|100/100
|-damage|p2a: Général 50/50|88/100|[from] Spikes
|-activate|p2a: Général 50/50|ability: Supreme Overlord
|-start|p2a: Général 50/50|fallen3|[silent]
|move|p1a: neon guts|Moonblast|p2a: Général 50/50
|-damage|p2a: Général 50/50|32/100
|-unboost|p2a: Général 50/50|spa|1
|
|upkeep
|turn|15
|-message|sekairo forfeited.
|
|win|A Voice Behind Me
|raw|A Voice Behind Me's rating: 1369 &rarr; <strong>1388</strong><br />(+19 for winning)
|raw|sekairo's rating: 1347 &rarr; <strong>1328</strong><br />(-19 for losing)
|l|☆sekairo
|player|p2|
