|html|<div class="broadcast-blue"><strong>[Gen 9] OU is currently suspecting Tera Blast! For information on how to participate check out the <a href="https://www.smogon.com/tools/suspects/view/200">suspect thread</a>.</strong></div>
|j|☆Mitilos
|j|☆d1burner
|t:|1776289347
|gametype|singles
|player|p1|Mitilos|clerkf|1139
|player|p2|d1burner|aquagruntf|1102
|gen|9
|tier|[Gen 9] OU
|rated|
|rule|HP Percentage Mod: HP is shown in percentages
|rule|Endless Battle Clause: Forcing endless battles is banned
|rule|Species Clause: Limit one of each Pokémon
|rule|OHKO Clause: OHKO moves are banned
|rule|Evasion Items Clause: Evasion items are banned
|rule|Evasion Moves Clause: Evasion moves are banned
|rule|Evasion Abilities Clause: Evasion abilities are banned
|rule|Sleep Moves Clause: Sleep-inducing moves are banned
|clearpoke
|poke|p1|Gholdengo|
|poke|p1|Raging Bolt|
|poke|p1|Great Tusk|
|poke|p1|Iron Valiant|
|poke|p1|Kingambit, F|
|poke|p1|Primarina, F|
|poke|p2|Kyurem|
|poke|p2|Great Tusk|
|poke|p2|Corviknight, M|
|poke|p2|Slowking-Galar, M|
|poke|p2|Cinderace, F|
|poke|p2|Kingambit, M|
|teampreview
|inactive|Battle timer is ON: inactive players will automatically lose when time's up. (requested by d1burner)
|
|t:|1776289369
|teamsize|p1|6
|teamsize|p2|6
|start
|switch|p1a: Primarina|Primarina, F|100/100
|switch|p2a: Cinderace|Cinderace, F|100/100
|turn|1
|
|t:|1776289387
|move|p2a: Cinderace|U-turn|p1a: Primarina
|-start|p2a: Cinderace|typechange|Bug|[from] ability: Libero
|-resisted|p1a: Primarina
|-damage|p1a: Primarina|83/100
|
|t:|1776289392
|switch|p2a: Slowking|Slowking-Galar, M|100/100|[from] U-turn
|move|p1a: Primarina|Sparkling Aria|p2a: Slowking
|-damage|p2a: Slowking|71/100
|
|upkeep
|turn|2
|
|t:|1776289400
|move|p1a: Primarina|Psychic Noise|p2a: Slowking
|-damage|p2a: Slowking|55/100
|-start|p2a: Slowking|move: Heal Block
|move|p2a: Slowking|Sludge Bomb|p1a: Primarina
|-supereffective|p1a: Primarina
|-damage|p1a: Primarina|51/100
|
|upkeep
|turn|3
|
|t:|1776289410
|move|p1a: Primarina|Flip Turn|p2a: Slowking
|-damage|p2a: Slowking|39/100
|
|t:|1776289421
|switch|p1a: Kingambit|Kingambit, F|100/100|[from] Flip Turn
|move|p2a: Slowking|Sludge Bomb|p1a: Kingambit
|-immune|p1a: Kingambit
|
|-end|p2a: Slowking|move: Heal Block
|upkeep
|turn|4
|
|t:|1776289430
|switch|p2a: Corviknight|Corviknight, M|100/100
|-ability|p2a: Corviknight|Pressure
|move|p1a: Kingambit|Kowtow Cleave|p2a: Corviknight
|-damage|p2a: Corviknight|69/100
|-damage|p1a: Kingambit|84/100|[from] item: Rocky Helmet|[of] p2a: Corviknight
|
|upkeep
|turn|5
|
|t:|1776289452
|-end|p1a: Kingambit|fallenundefined|[silent]
|switch|p1a: Gholdengo|Gholdengo|100/100
|move|p2a: Corviknight|Roost|p2a: Corviknight
|-heal|p2a: Corviknight|100/100
|-singleturn|p2a: Corviknight|move: Roost
|
|upkeep
|turn|6
|
|t:|1776289458
|move|p1a: Gholdengo|Nasty Plot|p1a: Gholdengo
|-boost|p1a: Gholdengo|spa|2
|move|p2a: Corviknight|U-turn|p1a: Gholdengo
|-resisted|p1a: Gholdengo
|-damage|p1a: Gholdengo|97/100
|
|t:|1776289463
|switch|p2a: Cinderace|Cinderace, F|100/100|[from] U-turn
|
|-heal|p1a: Gholdengo|100/100|[from] item: Leftovers
|upkeep
|turn|7
|
|t:|1776289469
|-terastallize|p1a: Gholdengo|Flying
|move|p2a: Cinderace|Pyro Ball|p1a: Gholdengo
|-crit|p1a: Gholdengo
|-damage|p1a: Gholdengo|6/100
|move|p1a: Gholdengo|Shadow Ball|p2a: Cinderace
|-damage|p2a: Cinderace|0 fnt
|faint|p2a: Cinderace
|
|-heal|p1a: Gholdengo|12/100|[from] item: Leftovers
|upkeep
|
|t:|1776289487
|switch|p2a: Great Tusk|Great Tusk|100/100
|turn|8
|
|t:|1776289493
|move|p2a: Great Tusk|Rapid Spin|p1a: Gholdengo
|-damage|p1a: Gholdengo|0 fnt
|-boost|p2a: Great Tusk|spe|1
|faint|p1a: Gholdengo
|
|upkeep
|
|t:|1776289497
|switch|p1a: Primarina|Primarina, F|51/100
|turn|9
|
|t:|1776289501
|move|p2a: Great Tusk|Headlong Rush|p1a: Primarina
|-damage|p1a: Primarina|0 fnt
|-unboost|p2a: Great Tusk|def|1
|-unboost|p2a: Great Tusk|spd|1
|faint|p1a: Primarina
|
|upkeep
|
|t:|1776289521
|switch|p1a: Great Tusk|Great Tusk|100/100
|turn|10
|
|t:|1776289529
|move|p2a: Great Tusk|Stealth Rock|p1a: Great Tusk
|-sidestart|p1: Mitilos|move: Stealth Rock
|move|p1a: Great Tusk|Ice Spinner|p2a: Great Tusk
|-supereffective|p2a: Great Tusk
|-damage|p2a: Great Tusk|41/100
|
|upkeep
|turn|11
|
|t:|1776289541
|move|p2a: Great Tusk|Ice Spinner|p1a: Great Tusk
|-supereffective|p1a: Great Tusk
|-damage|p1a: Great Tusk|58/100
|move|p1a: Great Tusk|Ice Spinner|p2a: Great Tusk
|-supereffective|p2a: Great Tusk
|-damage|p2a: Great Tusk|0 fnt
|faint|p2a: Great Tusk
|-end|p2a: Great Tusk|Protosynthesis|[silent]
|
|upkeep
|
|t:|1776289557
|switch|p2a: Kyurem|Kyurem|100/100
|-ability|p2a: Kyurem|Pressure
|turn|12
|
|t:|1776289565
|move|p2a: Kyurem|Earth Power|p1a: Great Tusk
|-damage|p1a: Great Tusk|0 fnt
|faint|p1a: Great Tusk
|-end|p1a: Great Tusk|Protosynthesis|[silent]
|
|upkeep
|
|t:|1776289571
|switch|p1a: Iron Valiant|Iron Valiant|100/100
|-damage|p1a: Iron Valiant|94/100|[from] Stealth Rock
|turn|13
|
|t:|1776289578
|-terastallize|p2a: Kyurem|Ground
|move|p1a: Iron Valiant|Moonblast|p2a: Kyurem
|-damage|p2a: Kyurem|35/100
|-unboost|p2a: Kyurem|spa|1
|move|p2a: Kyurem|Earth Power|p1a: Iron Valiant
|-damage|p1a: Iron Valiant|4/100
|
|upkeep
|turn|14
|
|t:|1776289592
|switch|p2a: Slowking|Slowking-Galar, M|72/100
|move|p1a: Iron Valiant|Moonblast|p2a: Slowking
|-resisted|p2a: Slowking
|-damage|p2a: Slowking|53/100
|
|upkeep
|turn|15
|
|t:|1776289598
|move|p1a: Iron Valiant|Moonblast|p2a: Slowking
|-resisted|p2a: Slowking
|-damage|p2a: Slowking|32/100
|-unboost|p2a: Slowking|spa|1
|move|p2a: Slowking|Sludge Bomb|p1a: Iron Valiant
|-supereffective|p1a: Iron Valiant
|-damage|p1a: Iron Valiant|0 fnt
|faint|p1a: Iron Valiant
|-end|p1a: Iron Valiant|Quark Drive|[silent]
|
|upkeep
|
|t:|1776289608
|switch|p1a: Raging Bolt|Raging Bolt|100/100
|-damage|p1a: Raging Bolt|88/100|[from] Stealth Rock
|-enditem|p1a: Raging Bolt|Booster Energy
|-activate|p1a: Raging Bolt|ability: Protosynthesis|[fromitem]
|-start|p1a: Raging Bolt|protosynthesisspa
|turn|16
|
|t:|1776289618
|move|p1a: Raging Bolt|Calm Mind|p1a: Raging Bolt
|-boost|p1a: Raging Bolt|spa|1
|-boost|p1a: Raging Bolt|spd|1
|-prepare|p2a: Slowking|Chilly Reception|[premajor]
|move|p2a: Slowking|Chilly Reception|p2a: Slowking
|-weather|Snowscape
|
|t:|1776289620
|switch|p2a: Kyurem|Kyurem, tera:Ground|35/100|[from] Chilly Reception
|-ability|p2a: Kyurem|Pressure
|
|-weather|Snowscape|[upkeep]
|upkeep
|turn|17
|
|t:|1776289626
|move|p2a: Kyurem|Earth Power|p1a: Raging Bolt
|-supereffective|p1a: Raging Bolt
|-damage|p1a: Raging Bolt|0 fnt
|faint|p1a: Raging Bolt
|-end|p1a: Raging Bolt|Protosynthesis|[silent]
|
|-weather|Snowscape|[upkeep]
|upkeep
|
|t:|1776289629
|switch|p1a: Kingambit|Kingambit, F|84/100
|-damage|p1a: Kingambit|78/100|[from] Stealth Rock
|-activate|p1a: Kingambit|ability: Supreme Overlord
|-start|p1a: Kingambit|fallen5|[silent]
|turn|18
|
|t:|1776289646
|switch|p2a: Kingambit|Kingambit, M|100/100
|-activate|p2a: Kingambit|ability: Supreme Overlord
|-start|p2a: Kingambit|fallen2|[silent]
|move|p1a: Kingambit|Sucker Punch||[still]
|-fail|p1a: Kingambit
|
|-weather|Snowscape|[upkeep]
|upkeep
|turn|19
|
|t:|1776289650
|move|p1a: Kingambit|Kowtow Cleave|p2a: Kingambit
|-resisted|p2a: Kingambit
|-damage|p2a: Kingambit|74/100
|move|p2a: Kingambit|Low Kick|p1a: Kingambit
|-supereffective|p1a: Kingambit
|-damage|p1a: Kingambit|0 fnt
|faint|p1a: Kingambit
|-end|p1a: Kingambit|fallen5|[silent]
|
|win|d1burner
|raw|Mitilos's rating: 1139 &rarr; <strong>1111</strong><br />(-28 for losing)
|raw|d1burner's rating: 1102 &rarr; <strong>1130</strong><br />(+28 for winning)
|l|☆Mitilos
|player|p1|
