|html|<div class="broadcast-blue"><strong>[Gen 9] OU is currently suspecting Tera Blast! For information on how to participate check out the <a href="https://www.smogon.com/tools/suspects/view/200">suspect thread</a>.</strong></div>
|j|☆jadenyng
|j|☆lololooopp
|t:|1776111960
|gametype|singles
|player|p1|jadenyng|brawly|1221
|player|p2|lololooopp|cyrus|1198
|gen|9
|tier|[Gen 9] OU
|rated|
|rule|HP Percentage Mod: HP is shown in percentages
|rule|Endless Battle Clause: Forcing endless battles is banned
|rule|Species Clause: Limit one of each Pokémon
|rule|OHKO Clause: OHKO moves are banned
|rule|Evasion Items Clause: Evasion items are banned
|rule|Evasion Moves Clause: Evasion moves are banned
|rule|Evasion Abilities Clause: Evasion abilities are banned
|rule|Sleep Moves Clause: Sleep-inducing moves are banned
|clearpoke
|poke|p1|Tornadus, M|
|poke|p1|Toxtricity, M|
|poke|p1|Iron Valiant|
|poke|p1|Arcanine-Hisui, M|
|poke|p1|Brambleghast, M|
|poke|p1|Hydreigon, M|
|poke|p2|Tyranitar, F|
|poke|p2|Iron Valiant|
|poke|p2|Garchomp, F|
|poke|p2|Kingambit, F|
|poke|p2|Scizor, F|
|poke|p2|Sceptile, M|
|teampreview
|inactive|Battle timer is ON: inactive players will automatically lose when time's up. (requested by jadenyng)
|
|t:|1776111966
|teamsize|p1|6
|teamsize|p2|6
|start
|switch|p1a: Iron Valiant|Iron Valiant, shiny|100/100
|switch|p2a: Sceptile|Sceptile, M|100/100
|turn|1
|
|t:|1776111975
|move|p2a: Sceptile|Acrobatics|p1a: Iron Valiant
|-supereffective|p1a: Iron Valiant
|-damage|p1a: Iron Valiant|71/100
|move|p1a: Iron Valiant|Moonblast|p2a: Sceptile
|-damage|p2a: Sceptile|0 fnt
|faint|p2a: Sceptile
|
|upkeep
|
|t:|1776111985
|switch|p2a: Scizor|Scizor, F|100/100
|turn|2
|
|t:|1776111999
|-end|p1a: Iron Valiant|Quark Drive|[silent]
|switch|p1a: Tornadus|Tornadus, M, shiny|100/100
|move|p2a: Scizor|Swords Dance|p2a: Scizor
|-boost|p2a: Scizor|atk|2
|
|upkeep
|turn|3
|
|t:|1776112009
|move|p2a: Scizor|Bullet Punch|p1a: Tornadus
|-damage|p1a: Tornadus|0 fnt
|faint|p1a: Tornadus
|
|upkeep
|
|t:|1776112015
|switch|p1a: Toxtricity|Toxtricity, M, shiny|100/100
|turn|4
|
|t:|1776112017
|move|p2a: Scizor|Bullet Punch|p1a: Toxtricity
|-resisted|p1a: Toxtricity
|-damage|p1a: Toxtricity|48/100
|move|p1a: Toxtricity|Overdrive|p2a: Scizor
|-damage|p2a: Scizor|0 fnt
|faint|p2a: Scizor
|
|upkeep
|
|t:|1776112024
|switch|p2a: Tyranitar|Tyranitar, F|100/100
|-weather|Sandstorm|[from] ability: Sand Stream|[of] p2a: Tyranitar
|turn|5
|
|t:|1776112033
|switch|p1a: Hydreigon|Hydreigon, M, shiny|100/100
|move|p2a: Tyranitar|Dragon Dance|p2a: Tyranitar
|-boost|p2a: Tyranitar|atk|1
|-boost|p2a: Tyranitar|spe|1
|
|-weather|Sandstorm|[upkeep]
|-damage|p1a: Hydreigon|94/100|[from] Sandstorm
|upkeep
|turn|6
|
|t:|1776112037
|-terastallize|p2a: Tyranitar|Ice
|move|p1a: Hydreigon|Tailwind|p1a: Hydreigon
|-sidestart|p1: jadenyng|move: Tailwind
|move|p2a: Tyranitar|Ice Punch|p1a: Hydreigon
|-supereffective|p1a: Hydreigon
|-damage|p1a: Hydreigon|0 fnt
|faint|p1a: Hydreigon
|
|-weather|Sandstorm|[upkeep]
|-damage|p2a: Tyranitar|94/100|[from] Sandstorm
|-heal|p2a: Tyranitar|100/100|[from] item: Leftovers
|upkeep
|
|t:|1776112041
|switch|p1a: Brambleghast|Brambleghast, M, shiny|100/100
|-ability|p1a: Brambleghast|Wind Rider|boost
|-boost|p1a: Brambleghast|atk|1
|turn|7
|
|t:|1776112045
|move|p1a: Brambleghast|Power Whip|p2a: Tyranitar
|-damage|p2a: Tyranitar|5/100
|-damage|p1a: Brambleghast|91/100|[from] item: Life Orb
|move|p2a: Tyranitar|Ice Punch|p1a: Brambleghast
|-supereffective|p1a: Brambleghast
|-damage|p1a: Brambleghast|0 fnt
|faint|p1a: Brambleghast
|
|-weather|Sandstorm|[upkeep]
|-damage|p2a: Tyranitar|0 fnt|[from] Sandstorm
|faint|p2a: Tyranitar
|upkeep
|
|t:|1776112053
|switch|p1a: Iron Valiant|Iron Valiant, shiny|71/100
|switch|p2a: Garchomp|Garchomp, F|100/100
|turn|8
|
|t:|1776112056
|switch|p2a: Iron Valiant|Iron Valiant|100/100
|-enditem|p2a: Iron Valiant|Booster Energy
|-activate|p2a: Iron Valiant|ability: Quark Drive|[fromitem]
|-start|p2a: Iron Valiant|quarkdrivespa
|move|p1a: Iron Valiant|Moonblast|p2a: Iron Valiant
|-supereffective|p2a: Iron Valiant
|-damage|p2a: Iron Valiant|0 fnt
|faint|p2a: Iron Valiant
|-end|p2a: Iron Valiant|Quark Drive|[silent]
|
|-weather|Sandstorm|[upkeep]
|-damage|p1a: Iron Valiant|65/100|[from] Sandstorm
|upkeep
|
|t:|1776112058
|switch|p2a: Kingambit|Kingambit, F|100/100
|-activate|p2a: Kingambit|ability: Supreme Overlord
|-start|p2a: Kingambit|fallen4|[silent]
|-item|p2a: Kingambit|Air Balloon
|turn|9
|
|t:|1776112062
|-terastallize|p1a: Iron Valiant|Fairy
|move|p1a: Iron Valiant|Moonblast|p2a: Kingambit
|-damage|p2a: Kingambit|12/100
|-unboost|p2a: Kingambit|spa|1
|-enditem|p2a: Kingambit|Air Balloon
|move|p2a: Kingambit|Iron Head|p1a: Iron Valiant
|-supereffective|p1a: Iron Valiant
|-damage|p1a: Iron Valiant|0 fnt
|faint|p1a: Iron Valiant
|-end|p1a: Iron Valiant|Quark Drive|[silent]
|
|-weather|none
|-sideend|p1: jadenyng|move: Tailwind
|upkeep
|
|t:|1776112077
|switch|p1a: Arcanine|Arcanine-Hisui, M, shiny|100/100
|turn|10
|
|t:|1776112084
|move|p1a: Arcanine|Extreme Speed|p2a: Kingambit
|-resisted|p2a: Kingambit
|-damage|p2a: Kingambit|0 fnt
|faint|p2a: Kingambit
|-end|p2a: Kingambit|fallen4|[silent]
|
|upkeep
|
|t:|1776112086
|switch|p2a: Garchomp|Garchomp, F|100/100
|turn|11
|
|t:|1776112092
|move|p1a: Arcanine|Extreme Speed|p2a: Garchomp
|-damage|p2a: Garchomp|61/100
|-damage|p1a: Arcanine|88/100|[from] ability: Rough Skin|[of] p2a: Garchomp
|move|p2a: Garchomp|Earthquake|p1a: Arcanine
|-supereffective|p1a: Arcanine
|-damage|p1a: Arcanine|0 fnt
|faint|p1a: Arcanine
|
|-heal|p2a: Garchomp|67/100|[from] item: Leftovers
|upkeep
|-message|jadenyng forfeited.
|
|win|lololooopp
|raw|jadenyng's rating: 1221 &rarr; <strong>1194</strong><br />(-27 for losing)
|raw|lololooopp's rating: 1198 &rarr; <strong>1225</strong><br />(+27 for winning)
|l|☆jadenyng
|player|p1|
|l|☆lololooopp
|player|p2|
