|html|<div class="broadcast-blue"><strong>[Gen 9] OU is currently suspecting Tera Blast! For information on how to participate check out the <a href="https://www.smogon.com/tools/suspects/view/200">suspect thread</a>.</strong></div>
|j|☆Titanos_Mosura
|j|☆Shejdhud
|t:|1776274715
|gametype|singles
|player|p1|Titanos_Mosura|bellelba|1070
|player|p2|Shejdhud|170|1000
|gen|9
|tier|[Gen 9] OU
|rated|
|rule|HP Percentage Mod: HP is shown in percentages
|rule|Endless Battle Clause: Forcing endless battles is banned
|rule|Species Clause: Limit one of each Pokémon
|rule|OHKO Clause: OHKO moves are banned
|rule|Evasion Items Clause: Evasion items are banned
|rule|Evasion Moves Clause: Evasion moves are banned
|rule|Evasion Abilities Clause: Evasion abilities are banned
|rule|Sleep Moves Clause: Sleep-inducing moves are banned
|clearpoke
|poke|p1|Deoxys-Defense|
|poke|p1|Hawlucha, M|
|poke|p1|Salazzle, F|
|poke|p1|Yanmega, M|
|poke|p1|Diancie|
|poke|p1|Grimmsnarl, M|
|poke|p2|Charizard, M|
|poke|p2|Walking Wake|
|poke|p2|Torkoal, M|
|poke|p2|Hatterene, F|
|poke|p2|Great Tusk|
|poke|p2|Vileplume, F|
|teampreview
|
|t:|1776274735
|teamsize|p1|6
|teamsize|p2|6
|start
|switch|p1a: COVID|Salazzle, F|100/100
|switch|p2a: Torkoal|Torkoal, M|100/100
|-weather|SunnyDay|[from] ability: Drought|[of] p2a: Torkoal
|turn|1
|inactive|Battle timer is ON: inactive players will automatically lose when time's up. (requested by Shejdhud)
|
|t:|1776274742
|move|p1a: COVID|Toxic|p2a: Torkoal
|-status|p2a: Torkoal|tox
|move|p2a: Torkoal|Stealth Rock|p1a: COVID
|-sidestart|p1: Titanos_Mosura|move: Stealth Rock
|
|-weather|SunnyDay|[upkeep]
|-damage|p2a: Torkoal|94/100 tox|[from] psn
|upkeep
|turn|2
|inactive|Shejdhud has 120 seconds left.
|
|t:|1776274781
|switch|p2a: Walking Wake|Walking Wake|100/100
|-activate|p2a: Walking Wake|ability: Protosynthesis
|-start|p2a: Walking Wake|protosynthesisspa
|move|p1a: COVID|Sludge Wave|p2a: Walking Wake
|-damage|p2a: Walking Wake|45/100
|
|-weather|SunnyDay|[upkeep]
|upkeep
|turn|3
|inactive|Shejdhud has 120 seconds left.
|
|t:|1776274791
|-end|p2a: Walking Wake|Protosynthesis|[silent]
|switch|p2a: Hatterene|Hatterene, F|100/100
|move|p1a: COVID|Sludge Wave|p2a: Hatterene
|-supereffective|p2a: Hatterene
|-damage|p2a: Hatterene|34/100
|-enditem|p2a: Hatterene|Eject Button
|inactive|Shejdhud has 120 seconds left.
|
|t:|1776274797
|switch|p2a: Charizard|Charizard, M, shiny|100/100
|
|-weather|SunnyDay|[upkeep]
|-damage|p2a: Charizard|88/100|[from] ability: Solar Power|[of] p2a: Charizard
|upkeep
|turn|4
|
|t:|1776274805
|move|p2a: Charizard|Overheat|p1a: COVID
|-resisted|p1a: COVID
|-enditem|p1a: COVID|Focus Sash
|-damage|p1a: COVID|1/100
|-unboost|p2a: Charizard|spa|2
|move|p1a: COVID|Sludge Wave|p2a: Charizard
|-damage|p2a: Charizard|26/100
|
|-weather|SunnyDay|[upkeep]
|-damage|p2a: Charizard|14/100|[from] ability: Solar Power|[of] p2a: Charizard
|upkeep
|turn|5
|
|t:|1776274817
|move|p1a: COVID|Protect|p1a: COVID
|-singleturn|p1a: COVID|Protect
|move|p2a: Charizard|Overheat|p1a: COVID
|-activate|p1a: COVID|move: Protect
|
|-weather|SunnyDay|[upkeep]
|-damage|p2a: Charizard|2/100|[from] ability: Solar Power|[of] p2a: Charizard
|upkeep
|turn|6
|
|t:|1776274832
|switch|p2a: Vileplume|Vileplume, F|100/100
|move|p1a: COVID|Protect||[still]
|-fail|p1a: COVID
|
|-weather|SunnyDay|[upkeep]
|upkeep
|turn|7
|
|t:|1776274840
|move|p2a: Vileplume|Weather Ball|p1a: COVID
|-resisted|p1a: COVID
|-damage|p1a: COVID|0 fnt
|faint|p1a: COVID
|
|-weather|SunnyDay|[upkeep]
|upkeep
|inactive|Titanos_Mosura has 120 seconds left.
|
|t:|1776274879
|switch|p1a: Mini|Yanmega, M, shiny|100/100
|turn|8
|inactive|Titanos_Mosura has 120 seconds left.
|
|t:|1776274889
|move|p1a: Mini|Protect|p1a: Mini
|-singleturn|p1a: Mini|Protect
|move|p2a: Vileplume|Weather Ball|p1a: Mini
|-activate|p1a: Mini|move: Protect
|
|-weather|none
|-ability|p1a: Mini|Speed Boost|boost
|-boost|p1a: Mini|spe|1
|upkeep
|turn|9
|inactive|Titanos_Mosura has 120 seconds left.
|
|t:|1776274899
|move|p1a: Mini|Air Slash|p2a: Vileplume
|-supereffective|p2a: Vileplume
|-damage|p2a: Vileplume|19/100
|move|p2a: Vileplume|Toxic|p1a: Mini
|-status|p1a: Mini|tox
|
|-heal|p2a: Vileplume|26/100|[from] item: Leftovers
|-damage|p1a: Mini|94/100 tox|[from] psn
|-ability|p1a: Mini|Speed Boost|boost
|-boost|p1a: Mini|spe|1
|upkeep
|turn|10
|inactive|Titanos_Mosura has 120 seconds left.
|
|t:|1776274910
|switch|p2a: Torkoal|Torkoal, M|94/100 tox
|-weather|SunnyDay|[from] ability: Drought|[of] p2a: Torkoal
|move|p1a: Mini|Air Slash|p2a: Torkoal
|-damage|p2a: Torkoal|51/100 tox
|
|-weather|SunnyDay|[upkeep]
|-damage|p1a: Mini|82/100 tox|[from] psn
|-damage|p2a: Torkoal|45/100 tox|[from] psn
|-ability|p1a: Mini|Speed Boost|boost
|-boost|p1a: Mini|spe|1
|upkeep
|turn|11
|inactive|Titanos_Mosura has 120 seconds left.
|
|t:|1776274923
|move|p1a: Mini|Air Slash|p2a: Torkoal
|-crit|p2a: Torkoal
|-damage|p2a: Torkoal|0 fnt
|faint|p2a: Torkoal
|
|-weather|SunnyDay|[upkeep]
|-damage|p1a: Mini|64/100 tox|[from] psn
|-ability|p1a: Mini|Speed Boost|boost
|-boost|p1a: Mini|spe|1
|upkeep
|inactive|Shejdhud has 120 seconds left.
|
|t:|1776274967
|switch|p2a: Hatterene|Hatterene, F|34/100
|turn|12
|
|t:|1776274971
|move|p1a: Mini|Bug Buzz|p2a: Hatterene
|-damage|p2a: Hatterene|1/100
|move|p2a: Hatterene|Pain Split|p1a: Mini
|-sethp|p1a: Mini|32/100 tox|[from] move: Pain Split|[silent]
|-sethp|p2a: Hatterene|32/100|[from] move: Pain Split
|
|-weather|SunnyDay|[upkeep]
|-damage|p1a: Mini|8/100 tox|[from] psn
|-ability|p1a: Mini|Speed Boost|boost
|-boost|p1a: Mini|spe|1
|upkeep
|turn|13
|inactive|Shejdhud has 120 seconds left.
|
|t:|1776274982
|move|p1a: Mini|Air Slash|p2a: Hatterene|[miss]
|-miss|p1a: Mini|p2a: Hatterene
|move|p2a: Hatterene|Pain Split|p1a: Mini
|-sethp|p1a: Mini|20/100 tox|[from] move: Pain Split|[silent]
|-sethp|p2a: Hatterene|20/100|[from] move: Pain Split
|
|-weather|SunnyDay|[upkeep]
|-damage|p1a: Mini|0 fnt|[from] psn
|faint|p1a: Mini
|upkeep
|
|t:|1776274998
|switch|p1a: Dyende|Diancie, shiny|100/100
|-damage|p1a: Dyende|88/100|[from] Stealth Rock
|turn|14
|
|t:|1776275003
|move|p1a: Dyende|Diamond Storm|p2a: Hatterene
|-damage|p2a: Hatterene|0 fnt
|-boost|p1a: Dyende|def|2
|faint|p2a: Hatterene
|
|-weather|SunnyDay|[upkeep]
|-heal|p1a: Dyende|94/100|[from] item: Leftovers
|upkeep
|inactive|Shejdhud has 120 seconds left.
|
|t:|1776275029
|switch|p2a: Walking Wake|Walking Wake|45/100
|-activate|p2a: Walking Wake|ability: Protosynthesis
|-start|p2a: Walking Wake|protosynthesisspa
|turn|15
|
|t:|1776275040
|-terastallize|p1a: Dyende|Fighting
|move|p2a: Walking Wake|Hydro Steam|p1a: Dyende
|-damage|p1a: Dyende|0 fnt
|faint|p1a: Dyende
|
|-weather|SunnyDay|[upkeep]
|upkeep
|
|t:|1776275049
|switch|p1a: Gremly|Grimmsnarl, M|100/100
|-damage|p1a: Gremly|88/100|[from] Stealth Rock
|turn|16
|
|t:|1776275053
|move|p1a: Gremly|Thunder Wave|p2a: Walking Wake
|-status|p2a: Walking Wake|par
|move|p2a: Walking Wake|Hydro Steam|p1a: Gremly
|-damage|p1a: Gremly|0 fnt
|faint|p1a: Gremly
|
|-weather|SunnyDay|[upkeep]
|upkeep
|
|t:|1776275062
|switch|p1a: El Fuerte|Hawlucha, M, shiny|100/100
|-damage|p1a: El Fuerte|88/100|[from] Stealth Rock
|turn|17
|
|t:|1776275078
|move|p1a: El Fuerte|Detect|p1a: El Fuerte
|-singleturn|p1a: El Fuerte|Protect
|move|p2a: Walking Wake|Hydro Steam|p1a: El Fuerte
|-activate|p1a: El Fuerte|move: Protect
|
|-weather|none
|-end|p2a: Walking Wake|Protosynthesis
|upkeep
|turn|18
|
|t:|1776275088
|move|p1a: El Fuerte|Swords Dance|p1a: El Fuerte
|-boost|p1a: El Fuerte|atk|2
|cant|p2a: Walking Wake|par
|
|upkeep
|turn|19
|
|t:|1776275103
|move|p1a: El Fuerte|Close Combat|p2a: Walking Wake
|-damage|p2a: Walking Wake|0 fnt
|-unboost|p1a: El Fuerte|def|1
|-unboost|p1a: El Fuerte|spd|1
|faint|p2a: Walking Wake
|-end|p2a: Walking Wake|Protosynthesis|[silent]
|
|upkeep
|
|t:|1776275128
|switch|p2a: Charizard|Charizard, M, shiny|2/100
|turn|20
|
|t:|1776275133
|switch|p1a: Tanque|Deoxys-Defense|100/100
|-damage|p1a: Tanque|88/100|[from] Stealth Rock
|-ability|p1a: Tanque|Pressure
|move|p2a: Charizard|Overheat|p1a: Tanque
|-damage|p1a: Tanque|35/100
|-unboost|p2a: Charizard|spa|2
|
|-heal|p1a: Tanque|41/100|[from] item: Leftovers
|upkeep
|turn|21
|
|t:|1776275145
|switch|p2a: Vileplume|Vileplume, F|26/100
|move|p1a: Tanque|Recover|p1a: Tanque
|-heal|p1a: Tanque|91/100
|
|-heal|p1a: Tanque|98/100|[from] item: Leftovers
|-heal|p2a: Vileplume|32/100|[from] item: Leftovers
|upkeep
|turn|22
|
|t:|1776275153
|switch|p1a: El Fuerte|Hawlucha, M, shiny|88/100
|-damage|p1a: El Fuerte|75/100|[from] Stealth Rock
|move|p2a: Vileplume|Strength Sap|p1a: El Fuerte
|-unboost|p1a: El Fuerte|atk|1
|-heal|p2a: Vileplume|100/100
|
|upkeep
|turn|23
|
|t:|1776275162
|move|p1a: El Fuerte|Swords Dance|p1a: El Fuerte
|-boost|p1a: El Fuerte|atk|2
|move|p2a: Vileplume|Toxic|p1a: El Fuerte
|-status|p1a: El Fuerte|tox
|
|-damage|p1a: El Fuerte|69/100 tox|[from] psn
|upkeep
|turn|24
|
|t:|1776275170
|move|p1a: El Fuerte|Swords Dance|p1a: El Fuerte
|-boost|p1a: El Fuerte|atk|2
|move|p2a: Vileplume|Strength Sap|p1a: El Fuerte
|-unboost|p1a: El Fuerte|atk|1
|
|-damage|p1a: El Fuerte|57/100 tox|[from] psn
|upkeep
|turn|25
|
|t:|1776275182
|move|p1a: El Fuerte|Swords Dance|p1a: El Fuerte
|-boost|p1a: El Fuerte|atk|2
|move|p2a: Vileplume|Strength Sap|p1a: El Fuerte
|-unboost|p1a: El Fuerte|atk|1
|
|-damage|p1a: El Fuerte|38/100 tox|[from] psn
|upkeep
|-enditem|p1a: El Fuerte|Sitrus Berry|[eat]
|-heal|p1a: El Fuerte|63/100 tox|[from] item: Sitrus Berry
|turn|26
|
|t:|1776275193
|move|p1a: El Fuerte|Brave Bird|p2a: Vileplume
|-supereffective|p2a: Vileplume
|-damage|p2a: Vileplume|0 fnt
|faint|p2a: Vileplume
|-damage|p1a: El Fuerte|31/100 tox|[from] Recoil
|
|-damage|p1a: El Fuerte|6/100 tox|[from] psn
|upkeep
|
|t:|1776275217
|switch|p2a: Charizard|Charizard, M, shiny|2/100
|turn|27
|
|t:|1776275227
|move|p1a: El Fuerte|Close Combat|p2a: Charizard
|-resisted|p2a: Charizard
|-damage|p2a: Charizard|0 fnt
|-unboost|p1a: El Fuerte|def|1
|-unboost|p1a: El Fuerte|spd|1
|faint|p2a: Charizard
|
|-damage|p1a: El Fuerte|0 fnt|[from] psn
|faint|p1a: El Fuerte
|upkeep
|
|t:|1776275237
|switch|p1a: Tanque|Deoxys-Defense|98/100
|switch|p2a: Great Tusk|Great Tusk|100/100
|-damage|p1a: Tanque|85/100|[from] Stealth Rock
|-ability|p1a: Tanque|Pressure
|turn|28
|
|t:|1776275245
|-terastallize|p2a: Great Tusk|Ice
|move|p2a: Great Tusk|Ice Spinner|p1a: Tanque
|-damage|p1a: Tanque|55/100
|move|p1a: Tanque|Cosmic Power|p1a: Tanque
|-boost|p1a: Tanque|def|1
|-boost|p1a: Tanque|spd|1
|
|-heal|p1a: Tanque|61/100|[from] item: Leftovers
|upkeep
|turn|29
|
|t:|1776275256
|move|p2a: Great Tusk|Headlong Rush|p1a: Tanque
|-damage|p1a: Tanque|30/100
|-unboost|p2a: Great Tusk|def|1
|-unboost|p2a: Great Tusk|spd|1
|move|p1a: Tanque|Cosmic Power|p1a: Tanque
|-boost|p1a: Tanque|def|1
|-boost|p1a: Tanque|spd|1
|
|-heal|p1a: Tanque|37/100|[from] item: Leftovers
|upkeep
|turn|30
|
|t:|1776275267
|move|p2a: Great Tusk|Headlong Rush|p1a: Tanque
|-damage|p1a: Tanque|13/100
|-unboost|p2a: Great Tusk|def|1
|-unboost|p2a: Great Tusk|spd|1
|move|p1a: Tanque|Recover|p1a: Tanque
|-heal|p1a: Tanque|63/100
|
|-heal|p1a: Tanque|69/100|[from] item: Leftovers
|upkeep
|turn|31
|
|t:|1776275277
|move|p2a: Great Tusk|Headlong Rush|p1a: Tanque
|-damage|p1a: Tanque|44/100
|-unboost|p2a: Great Tusk|def|1
|-unboost|p2a: Great Tusk|spd|1
|move|p1a: Tanque|Recover|p1a: Tanque
|-heal|p1a: Tanque|94/100
|
|-heal|p1a: Tanque|99/100|[from] item: Leftovers
|upkeep
|turn|32
|-message|Shejdhud forfeited.
|
|win|Titanos_Mosura
|raw|Titanos_Mosura's rating: 1070 &rarr; <strong>1097</strong><br />(+27 for winning)
|raw|Shejdhud's rating: 1041 &rarr; <strong>1026</strong><br />(-15 for losing)
|l|☆Shejdhud
|player|p2|
