|html|<div class="broadcast-blue"><strong>[Gen 9] OU is currently suspecting Tera Blast! For information on how to participate check out the <a href="https://www.smogon.com/tools/suspects/view/200">suspect thread</a>.</strong></div>
|j|☆Coldwiii
|j|☆Hittite Jumpscare
|t:|1776107993
|gametype|singles
|player|p1|Coldwiii|102|1665
|player|p2|Hittite Jumpscare|nate|1733
|gen|9
|tier|[Gen 9] OU
|rated|
|rule|HP Percentage Mod: HP is shown in percentages
|rule|Endless Battle Clause: Forcing endless battles is banned
|rule|Species Clause: Limit one of each Pokémon
|rule|OHKO Clause: OHKO moves are banned
|rule|Evasion Items Clause: Evasion items are banned
|rule|Evasion Moves Clause: Evasion moves are banned
|rule|Evasion Abilities Clause: Evasion abilities are banned
|rule|Sleep Moves Clause: Sleep-inducing moves are banned
|clearpoke
|poke|p1|Moltres|
|poke|p1|Zamazenta-*|
|poke|p1|Dragapult, F|
|poke|p1|Iron Treads|
|poke|p1|Alomomola, F|
|poke|p1|Weezing-Galar, F|
|poke|p2|Heatran, F|
|poke|p2|Dragonite, F|
|poke|p2|Ting-Lu|
|poke|p2|Hatterene, F|
|poke|p2|Ogerpon-Wellspring, F|
|poke|p2|Corviknight, F|
|teampreview
|inactive|Battle timer is ON: inactive players will automatically lose when time's up. (requested by Hittite Jumpscare)
|c|☆Coldwiii|glhf
|c|☆Hittite Jumpscare|u2
|
|t:|1776108015
|teamsize|p1|6
|teamsize|p2|6
|start
|switch|p1a: Iron Treads|Iron Treads|100/100
|switch|p2a: Ogerpon|Ogerpon-Wellspring, F|100/100
|turn|1
|
|t:|1776108024
|-end|p1a: Iron Treads|Quark Drive|[silent]
|switch|p1a: Weezing|Weezing-Galar, F|100/100
|-ability|p1a: Weezing|Neutralizing Gas
|move|p2a: Ogerpon|Knock Off|p1a: Weezing
|-resisted|p1a: Weezing
|-damage|p1a: Weezing|87/100
|-enditem|p1a: Weezing|Leftovers|[from] move: Knock Off|[of] p2a: Ogerpon
|
|upkeep
|turn|2
|
|t:|1776108033
|move|p2a: Ogerpon|U-turn|p1a: Weezing
|-resisted|p1a: Weezing
|-damage|p1a: Weezing|82/100
|
|t:|1776108036
|switch|p2a: Heatran|Heatran, F|100/100|[from] U-turn
|move|p1a: Weezing|Toxic|p2a: Heatran
|-immune|p2a: Heatran
|
|upkeep
|turn|3
|
|t:|1776108040
|-end|p1a: Weezing|ability: Neutralizing Gas
|switch|p1a: Alomomola|Alomomola, F, shiny|100/100
|move|p2a: Heatran|Lava Plume|p1a: Alomomola
|-resisted|p1a: Alomomola
|-damage|p1a: Alomomola|92/100
|
|upkeep
|turn|4
|
|t:|1776108047
|move|p2a: Heatran|Lava Plume|p1a: Alomomola
|-resisted|p1a: Alomomola
|-damage|p1a: Alomomola|83/100
|move|p1a: Alomomola|Play Rough|p2a: Heatran
|-resisted|p2a: Heatran
|-damage|p2a: Heatran|98/100
|
|upkeep
|turn|5
|
|t:|1776108053
|move|p2a: Heatran|Lava Plume|p1a: Alomomola
|-resisted|p1a: Alomomola
|-damage|p1a: Alomomola|74/100
|-status|p1a: Alomomola|brn
|move|p1a: Alomomola|Flip Turn|p2a: Heatran
|-supereffective|p2a: Heatran
|-damage|p2a: Heatran|87/100
|
|t:|1776108059
|switch|p1a: Zamazenta|Zamazenta|100/100|[from] Flip Turn
|-ability|p1a: Zamazenta|Dauntless Shield|boost
|-boost|p1a: Zamazenta|def|1
|
|upkeep
|turn|6
|
|t:|1776108064
|switch|p2a: Hatterene|Hatterene, F|100/100
|move|p1a: Zamazenta|Close Combat|p2a: Hatterene
|-resisted|p2a: Hatterene
|-damage|p2a: Hatterene|74/100
|-unboost|p1a: Zamazenta|def|1
|-unboost|p1a: Zamazenta|spd|1
|
|upkeep
|turn|7
|
|t:|1776108073
|switch|p1a: Iron Treads|Iron Treads|100/100
|move|p2a: Hatterene|Mystical Fire|p1a: Iron Treads
|-supereffective|p1a: Iron Treads
|-damage|p1a: Iron Treads|48/100
|-unboost|p1a: Iron Treads|spa|1
|
|-heal|p1a: Iron Treads|54/100|[from] item: Leftovers
|upkeep
|turn|8
|j| h2little
|
|t:|1776108088
|switch|p2a: Ogerpon|Ogerpon-Wellspring, F|100/100
|move|p1a: Iron Treads|Knock Off|p2a: Ogerpon
|-damage|p2a: Ogerpon|79/100
|
|-heal|p1a: Iron Treads|60/100|[from] item: Leftovers
|upkeep
|turn|9
|c| h2little|if you use moltres you deserve death
|
|t:|1776108097
|-end|p1a: Iron Treads|Quark Drive|[silent]
|switch|p1a: Weezing|Weezing-Galar, F|82/100
|-ability|p1a: Weezing|Neutralizing Gas
|move|p2a: Ogerpon|Ivy Cudgel|p1a: Weezing|[anim] Ivy Cudgel Water
|-damage|p1a: Weezing|46/100
|
|upkeep
|turn|10
|
|t:|1776108109
|-terastallize|p1a: Weezing|Grass
|move|p2a: Ogerpon|U-turn|p1a: Weezing
|-supereffective|p1a: Weezing
|-damage|p1a: Weezing|11/100
|
|t:|1776108116
|switch|p2a: Heatran|Heatran, F|87/100|[from] U-turn
|move|p1a: Weezing|Toxic|p2a: Heatran
|-immune|p2a: Heatran
|
|upkeep
|turn|11
|
|t:|1776108120
|-end|p1a: Weezing|ability: Neutralizing Gas
|switch|p1a: Alomomola|Alomomola, F, shiny|100/100 brn
|move|p2a: Heatran|Lava Plume|p1a: Alomomola
|-resisted|p1a: Alomomola
|-damage|p1a: Alomomola|92/100 brn
|
|-damage|p1a: Alomomola|86/100 brn|[from] brn
|upkeep
|turn|12
|
|t:|1776108125
|switch|p2a: Ogerpon|Ogerpon-Wellspring, F|79/100
|switch|p1a: Zamazenta|Zamazenta|100/100
|
|upkeep
|turn|13
|
|t:|1776108133
|switch|p2a: Corviknight|Corviknight, F|100/100
|-ability|p2a: Corviknight|Pressure
|move|p1a: Zamazenta|Heavy Slam|p2a: Corviknight
|-resisted|p2a: Corviknight
|-damage|p2a: Corviknight|91/100
|-damage|p1a: Zamazenta|84/100|[from] item: Rocky Helmet|[of] p2a: Corviknight
|
|upkeep
|turn|14
|
|t:|1776108144
|switch|p1a: Moltres|Moltres, shiny|100/100
|move|p2a: Corviknight|U-turn|p1a: Moltres
|-resisted|p1a: Moltres
|-damage|p1a: Moltres|98/100
|-status|p2a: Corviknight|brn|[from] ability: Flame Body|[of] p1a: Moltres
|c|☆Coldwiii|you are using woger btw
|c|☆Hittite Jumpscare|I didn't say anything
|inactive|Hittite Jumpscare has 120 seconds left.
|c|☆Coldwiii|my bad saw the other message
|
|t:|1776108183
|switch|p2a: Ogerpon|Ogerpon-Wellspring, F|79/100|[from] U-turn
|
|upkeep
|turn|15
|c|☆Coldwiii|forgot other people can join the matches lol
|c|☆Hittite Jumpscare|all good
|
|t:|1776108213
|-terastallize|p2a: Ogerpon|Water
|detailschange|p2a: Ogerpon|Ogerpon-Wellspring-Tera, F, tera:Water
|-ability|p2a: Ogerpon|Embody Aspect (Wellspring)|boost
|-boost|p2a: Ogerpon|spd|1
|move|p2a: Ogerpon|Ivy Cudgel|p1a: Moltres|[anim] Ivy Cudgel Water
|-supereffective|p1a: Moltres
|-damage|p1a: Moltres|0 fnt
|faint|p1a: Moltres
|
|upkeep
|
|t:|1776108216
|switch|p1a: Zamazenta|Zamazenta|84/100
|turn|16
|
|t:|1776108224
|switch|p2a: Hatterene|Hatterene, F|74/100
|move|p1a: Zamazenta|Close Combat|p2a: Hatterene
|-resisted|p2a: Hatterene
|-damage|p2a: Hatterene|45/100
|-unboost|p1a: Zamazenta|def|1
|-unboost|p1a: Zamazenta|spd|1
|
|upkeep
|turn|17
|
|t:|1776108230
|switch|p1a: Weezing|Weezing-Galar, F, tera:Grass|11/100
|-ability|p1a: Weezing|Neutralizing Gas
|move|p2a: Hatterene|Draining Kiss|p1a: Weezing
|-damage|p1a: Weezing|0 fnt
|-heal|p2a: Hatterene|53/100|[from] drain|[of] p1a: Weezing
|faint|p1a: Weezing
|-end|p1a: Weezing|ability: Neutralizing Gas
|
|upkeep
|l| h2little
|
|t:|1776108244
|switch|p1a: Iron Treads|Iron Treads|60/100
|turn|18
|
|t:|1776108252
|switch|p2a: Corviknight|Corviknight, F|91/100 brn
|-ability|p2a: Corviknight|Pressure
|move|p1a: Iron Treads|Earthquake|p2a: Corviknight
|-immune|p2a: Corviknight
|
|-heal|p1a: Iron Treads|66/100|[from] item: Leftovers
|-damage|p2a: Corviknight|85/100 brn|[from] brn
|upkeep
|turn|19
|
|t:|1776108261
|move|p1a: Iron Treads|Stealth Rock|p2a: Corviknight
|-sidestart|p2: Hittite Jumpscare|move: Stealth Rock
|move|p2a: Corviknight|U-turn|p1a: Iron Treads
|-resisted|p1a: Iron Treads
|-damage|p1a: Iron Treads|63/100
|
|t:|1776108265
|switch|p2a: Ting-Lu|Ting-Lu|100/100|[from] U-turn
|-damage|p2a: Ting-Lu|94/100|[from] Stealth Rock
|-ability|p2a: Ting-Lu|Vessel of Ruin
|
|-heal|p1a: Iron Treads|69/100|[from] item: Leftovers
|-heal|p2a: Ting-Lu|100/100|[from] item: Leftovers
|upkeep
|turn|20
|
|t:|1776108271
|move|p1a: Iron Treads|Knock Off|p2a: Ting-Lu
|-resisted|p2a: Ting-Lu
|-damage|p2a: Ting-Lu|94/100
|-enditem|p2a: Ting-Lu|Leftovers|[from] move: Knock Off|[of] p1a: Iron Treads
|move|p2a: Ting-Lu|Stealth Rock|p1a: Iron Treads
|-sidestart|p1: Coldwiii|move: Stealth Rock
|
|-heal|p1a: Iron Treads|75/100|[from] item: Leftovers
|upkeep
|turn|21
|
|t:|1776108275
|move|p1a: Iron Treads|Rapid Spin|p2a: Ting-Lu
|-damage|p2a: Ting-Lu|87/100
|-boost|p1a: Iron Treads|spe|1
|-sideend|p1: Coldwiii|Stealth Rock|[from] move: Rapid Spin|[of] p1a: Iron Treads
|move|p2a: Ting-Lu|Earthquake|p1a: Iron Treads
|-supereffective|p1a: Iron Treads
|-damage|p1a: Iron Treads|15/100
|
|-heal|p1a: Iron Treads|21/100|[from] item: Leftovers
|upkeep
|turn|22
|
|t:|1776108281
|move|p1a: Iron Treads|Earthquake|p2a: Ting-Lu
|-damage|p2a: Ting-Lu|66/100
|move|p2a: Ting-Lu|Stealth Rock|p1a: Iron Treads
|-sidestart|p1: Coldwiii|move: Stealth Rock
|
|-heal|p1a: Iron Treads|27/100|[from] item: Leftovers
|upkeep
|turn|23
|
|t:|1776108285
|move|p1a: Iron Treads|Rapid Spin|p2a: Ting-Lu
|-damage|p2a: Ting-Lu|59/100
|-boost|p1a: Iron Treads|spe|1
|-sideend|p1: Coldwiii|Stealth Rock|[from] move: Rapid Spin|[of] p1a: Iron Treads
|move|p2a: Ting-Lu|Earthquake|p1a: Iron Treads
|-supereffective|p1a: Iron Treads
|-damage|p1a: Iron Treads|0 fnt
|faint|p1a: Iron Treads
|-end|p1a: Iron Treads|Quark Drive|[silent]
|
|upkeep
|
|t:|1776108290
|switch|p1a: Zamazenta|Zamazenta|84/100
|turn|24
|
|t:|1776108295
|move|p1a: Zamazenta|Close Combat|p2a: Ting-Lu
|-supereffective|p2a: Ting-Lu
|-damage|p2a: Ting-Lu|0 fnt
|-unboost|p1a: Zamazenta|def|1
|-unboost|p1a: Zamazenta|spd|1
|faint|p2a: Ting-Lu
|
|upkeep
|
|t:|1776108298
|switch|p2a: Hatterene|Hatterene, F|53/100
|-damage|p2a: Hatterene|41/100|[from] Stealth Rock
|turn|25
|
|t:|1776108316
|switch|p1a: Alomomola|Alomomola, F, shiny|100/100 brn
|move|p2a: Hatterene|Draining Kiss|p1a: Alomomola
|-damage|p1a: Alomomola|89/100 brn
|-heal|p2a: Hatterene|56/100|[from] drain|[of] p1a: Alomomola
|
|-damage|p1a: Alomomola|82/100 brn|[from] brn
|upkeep
|turn|26
|
|t:|1776108323
|move|p1a: Alomomola|Flip Turn|p2a: Hatterene
|-damage|p2a: Hatterene|46/100
|
|t:|1776108329
|switch|p1a: Dragapult|Dragapult, F, shiny|100/100|[from] Flip Turn
|move|p2a: Hatterene|Draining Kiss|p1a: Dragapult
|-supereffective|p1a: Dragapult
|-damage|p1a: Dragapult|32/100
|-heal|p2a: Hatterene|97/100|[from] drain|[of] p1a: Dragapult
|
|upkeep
|turn|27
|
|t:|1776108337
|move|p1a: Dragapult|Hex|p2a: Hatterene
|-supereffective|p2a: Hatterene
|-damage|p2a: Hatterene|65/100
|move|p2a: Hatterene|Draining Kiss|p1a: Dragapult
|-supereffective|p1a: Dragapult
|-damage|p1a: Dragapult|0 fnt
|-heal|p2a: Hatterene|89/100|[from] drain|[of] p1a: Dragapult
|faint|p1a: Dragapult
|
|upkeep
|
|t:|1776108342
|switch|p1a: Zamazenta|Zamazenta|84/100
|turn|28
|
|t:|1776108345
|switch|p2a: Corviknight|Corviknight, F|85/100 brn
|-damage|p2a: Corviknight|73/100 brn|[from] Stealth Rock
|-ability|p2a: Corviknight|Pressure
|move|p1a: Zamazenta|Close Combat|p2a: Corviknight
|-damage|p2a: Corviknight|12/100 brn
|-unboost|p1a: Zamazenta|def|1
|-unboost|p1a: Zamazenta|spd|1
|-damage|p1a: Zamazenta|67/100|[from] item: Rocky Helmet|[of] p2a: Corviknight
|
|-damage|p2a: Corviknight|6/100 brn|[from] brn
|upkeep
|turn|29
|
|t:|1776108352
|switch|p2a: Hatterene|Hatterene, F|89/100
|-damage|p2a: Hatterene|76/100|[from] Stealth Rock
|move|p1a: Zamazenta|Close Combat|p2a: Hatterene
|-resisted|p2a: Hatterene
|-damage|p2a: Hatterene|51/100
|-unboost|p1a: Zamazenta|def|1
|-unboost|p1a: Zamazenta|spd|1
|
|upkeep
|turn|30
|
|t:|1776108357
|switch|p1a: Alomomola|Alomomola, F, shiny|100/100 brn
|move|p2a: Hatterene|Draining Kiss|p1a: Alomomola
|-damage|p1a: Alomomola|87/100 brn
|-heal|p2a: Hatterene|68/100|[from] drain|[of] p1a: Alomomola
|
|-damage|p1a: Alomomola|81/100 brn|[from] brn
|upkeep
|turn|31
|
|t:|1776108360
|move|p1a: Alomomola|Scald|p2a: Hatterene
|-damage|p2a: Hatterene|59/100
|move|p2a: Hatterene|Draining Kiss|p1a: Alomomola
|-damage|p1a: Alomomola|67/100 brn
|-heal|p2a: Hatterene|77/100|[from] drain|[of] p1a: Alomomola
|
|-damage|p1a: Alomomola|61/100 brn|[from] brn
|upkeep
|turn|32
|
|t:|1776108365
|switch|p2a: Ogerpon|Ogerpon-Wellspring-Tera, F, tera:Water|79/100
|-damage|p2a: Ogerpon|67/100|[from] Stealth Rock
|-ability|p2a: Ogerpon|Embody Aspect (Wellspring)|boost
|-boost|p2a: Ogerpon|spd|1
|move|p1a: Alomomola|Mirror Coat||[still]
|-fail|p1a: Alomomola
|
|-damage|p1a: Alomomola|54/100 brn|[from] brn
|upkeep
|turn|33
|
|t:|1776108369
|move|p2a: Ogerpon|Knock Off|p1a: Alomomola
|-damage|p1a: Alomomola|23/100 brn
|-enditem|p1a: Alomomola|Assault Vest|[from] move: Knock Off|[of] p2a: Ogerpon
|move|p1a: Alomomola|Flip Turn|p2a: Ogerpon
|-resisted|p2a: Ogerpon
|-damage|p2a: Ogerpon|62/100
|
|t:|1776108372
|switch|p1a: Zamazenta|Zamazenta|67/100|[from] Flip Turn
|
|upkeep
|turn|34
|
|t:|1776108379
|move|p1a: Zamazenta|Heavy Slam|p2a: Ogerpon
|-resisted|p2a: Ogerpon
|-damage|p2a: Ogerpon|16/100
|move|p2a: Ogerpon|Ivy Cudgel|p1a: Zamazenta|[anim] Ivy Cudgel Water
|-damage|p1a: Zamazenta|0 fnt
|faint|p1a: Zamazenta
|
|upkeep
|
|t:|1776108381
|switch|p1a: Alomomola|Alomomola, F, shiny|56/100 brn
|turn|35
|
|t:|1776108388
|move|p2a: Ogerpon|Ivy Cudgel|p1a: Alomomola|[anim] Ivy Cudgel Water
|-resisted|p1a: Alomomola
|-damage|p1a: Alomomola|25/100 brn
|move|p1a: Alomomola|Scald|p2a: Ogerpon
|-resisted|p2a: Ogerpon
|-damage|p2a: Ogerpon|11/100
|-status|p2a: Ogerpon|brn
|
|-damage|p2a: Ogerpon|5/100 brn|[from] brn
|-damage|p1a: Alomomola|19/100 brn|[from] brn
|upkeep
|turn|36
|c|☆Coldwiii|gg
|c|☆Hittite Jumpscare|gg
|-message|Coldwiii forfeited.
|
|win|Hittite Jumpscare
|raw|Coldwiii's rating: 1665 &rarr; <strong>1649</strong><br />(-16 for losing)
|raw|Hittite Jumpscare's rating: 1733 &rarr; <strong>1749</strong><br />(+16 for winning)
|l|☆Coldwiii
|player|p1|
|l|☆Hittite Jumpscare
|player|p2|
