|html|<div class="broadcast-blue"><strong>[Gen 9] OU is currently suspecting Tera Blast! For information on how to participate check out the <a href="https://www.smogon.com/tools/suspects/view/200">suspect thread</a>.</strong></div>
|j|☆shash
|j|☆neverpivot
|t:|1776057932
|gametype|singles
|player|p1|shash|parasollady|1145
|player|p2|neverpivot|101|1223
|gen|9
|tier|[Gen 9] OU
|rated|
|rule|HP Percentage Mod: HP is shown in percentages
|rule|Endless Battle Clause: Forcing endless battles is banned
|rule|Species Clause: Limit one of each Pokémon
|rule|OHKO Clause: OHKO moves are banned
|rule|Evasion Items Clause: Evasion items are banned
|rule|Evasion Moves Clause: Evasion moves are banned
|rule|Evasion Abilities Clause: Evasion abilities are banned
|rule|Sleep Moves Clause: Sleep-inducing moves are banned
|clearpoke
|poke|p1|Toxapex, M|
|poke|p1|Chansey, F|
|poke|p1|Dragonite, M|
|poke|p1|Glimmora, F|
|poke|p1|Corviknight, M|
|poke|p1|Thundurus-Therian, M|
|poke|p2|Clefable, M|
|poke|p2|Garchomp, M|
|poke|p2|Dragonite, F|
|poke|p2|Deoxys-Speed|
|poke|p2|Glimmora, F|
|poke|p2|Kingambit, F|
|teampreview
|inactive|Battle timer is ON: inactive players will automatically lose when time's up. (requested by neverpivot)
|
|t:|1776057942
|teamsize|p1|6
|teamsize|p2|6
|start
|switch|p1a: Penitent|Glimmora, F, shiny|100/100
|switch|p2a: Deoxys|Deoxys-Speed|100/100
|-ability|p2a: Deoxys|Pressure
|turn|1
|
|t:|1776057961
|move|p2a: Deoxys|Light Screen|p2a: Deoxys
|-sidestart|p2: neverpivot|move: Light Screen
|move|p1a: Penitent|Toxic Spikes|p2a: Deoxys
|-sidestart|p2: neverpivot|move: Toxic Spikes
|
|upkeep
|turn|2
|
|t:|1776057966
|move|p2a: Deoxys|Psycho Boost|p1a: Penitent
|-supereffective|p1a: Penitent
|-crit|p1a: Penitent
|-damage|p1a: Penitent|0 fnt
|-unboost|p2a: Deoxys|spa|2
|faint|p1a: Penitent
|
|upkeep
|
|t:|1776057973
|switch|p1a: Sorry|Toxapex, M|100/100
|turn|3
|
|t:|1776057983
|move|p2a: Deoxys|Psycho Boost|p1a: Sorry
|-supereffective|p1a: Sorry
|-damage|p1a: Sorry|56/100
|-unboost|p2a: Deoxys|spa|2
|move|p1a: Sorry|Toxic Spikes|p2a: Deoxys
|-sidestart|p2: neverpivot|move: Toxic Spikes
|
|-heal|p1a: Sorry|63/100|[from] item: Leftovers
|upkeep
|turn|4
|
|t:|1776057996
|move|p2a: Deoxys|Reflect|p2a: Deoxys
|-sidestart|p2: neverpivot|Reflect
|move|p1a: Sorry|Chilling Water|p2a: Deoxys
|-damage|p2a: Deoxys|94/100
|-unboost|p2a: Deoxys|atk|1
|
|-heal|p1a: Sorry|69/100|[from] item: Leftovers
|upkeep
|turn|5
|
|t:|1776058005
|move|p2a: Deoxys|Taunt|p1a: Sorry
|-start|p1a: Sorry|move: Taunt
|move|p1a: Sorry|Chilling Water|p2a: Deoxys
|-damage|p2a: Deoxys|88/100
|-unboost|p2a: Deoxys|atk|1
|
|-heal|p1a: Sorry|75/100|[from] item: Leftovers
|upkeep
|turn|6
|
|t:|1776058021
|switch|p2a: Glimmora|Glimmora, F|100/100
|-sideend|p2: neverpivot|move: Toxic Spikes|[of] p2a: Glimmora
|move|p1a: Sorry|Chilling Water|p2a: Glimmora
|-supereffective|p2a: Glimmora
|-damage|p2a: Glimmora|87/100
|-unboost|p2a: Glimmora|atk|1
|
|-heal|p1a: Sorry|81/100|[from] item: Leftovers
|upkeep
|turn|7
|
|t:|1776058033
|move|p2a: Glimmora|Earth Power|p1a: Sorry
|-supereffective|p1a: Sorry
|-damage|p1a: Sorry|29/100
|-unboost|p1a: Sorry|spd|1
|move|p1a: Sorry|Chilling Water|p2a: Glimmora
|-supereffective|p2a: Glimmora
|-damage|p2a: Glimmora|72/100
|-unboost|p2a: Glimmora|atk|1
|
|-heal|p1a: Sorry|36/100|[from] item: Leftovers
|-end|p1a: Sorry|move: Taunt
|upkeep
|turn|8
|
|t:|1776058047
|switch|p1a: Dragonite|Dragonite, M|100/100
|move|p2a: Glimmora|Stealth Rock|p1a: Dragonite
|-sidestart|p1: shash|move: Stealth Rock
|
|-sideend|p2: neverpivot|move: Light Screen
|upkeep
|turn|9
|
|t:|1776058057
|move|p2a: Glimmora|Meteor Beam||[still]
|-prepare|p2a: Glimmora|Meteor Beam
|-boost|p2a: Glimmora|spa|1
|-enditem|p2a: Glimmora|Power Herb
|-anim|p2a: Glimmora|Meteor Beam|p1a: Dragonite
|-supereffective|p1a: Dragonite
|-damage|p1a: Dragonite|44/100
|move|p1a: Dragonite|Earthquake|p2a: Glimmora
|-supereffective|p2a: Glimmora
|-crit|p2a: Glimmora
|-damage|p2a: Glimmora|0 fnt
|-activate|p2a: Glimmora|ability: Toxic Debris
|-sidestart|p1: shash|move: Toxic Spikes
|faint|p2a: Glimmora
|
|-heal|p1a: Dragonite|50/100|[from] item: Leftovers
|upkeep
|inactive|neverpivot has 120 seconds left.
|
|t:|1776058095
|switch|p2a: Clefable|Clefable, M|100/100
|turn|10
|
|t:|1776058113
|switch|p1a: Regretful|Corviknight, M|100/100
|-damage|p1a: Regretful|88/100|[from] Stealth Rock
|-ability|p1a: Regretful|Pressure
|move|p2a: Clefable|Knock Off|p1a: Regretful
|-damage|p1a: Regretful|80/100
|-enditem|p1a: Regretful|Light Clay|[from] move: Knock Off|[of] p2a: Clefable
|
|upkeep
|turn|11
|inactive|neverpivot has 90 seconds left.
|
|t:|1776058152
|switch|p2a: Dragonite|Dragonite, F|100/100
|move|p1a: Regretful|Defog|p2a: Dragonite
|-unboost|p2a: Dragonite|evasion|1
|-sideend|p2: neverpivot|Reflect
|-sideend|p1: shash|Toxic Spikes|[from] move: Defog|[of] p1a: Regretful
|-sideend|p1: shash|Stealth Rock|[from] move: Defog|[of] p1a: Regretful
|
|upkeep
|turn|12
|inactive|neverpivot has 90 seconds left.
|
|t:|1776058177
|move|p2a: Dragonite|Substitute|p2a: Dragonite
|-start|p2a: Dragonite|Substitute
|-damage|p2a: Dragonite|76/100
|move|p1a: Regretful|Reflect|p1a: Regretful
|-sidestart|p1: shash|Reflect
|
|-heal|p2a: Dragonite|82/100|[from] item: Leftovers
|upkeep
|turn|13
|
|t:|1776058185
|switch|p1a: Dragonite|Dragonite, M|50/100
|move|p2a: Dragonite|Dragon Dance|p2a: Dragonite
|-boost|p2a: Dragonite|atk|1
|-boost|p2a: Dragonite|spe|1
|
|-heal|p2a: Dragonite|88/100|[from] item: Leftovers
|-heal|p1a: Dragonite|57/100|[from] item: Leftovers
|upkeep
|turn|14
|
|t:|1776058200
|-terastallize|p2a: Dragonite|Normal
|-terastallize|p1a: Dragonite|Normal
|move|p2a: Dragonite|Tera Blast|p1a: Dragonite|[anim] Tera Blast Normal
|-damage|p1a: Dragonite|25/100
|move|p1a: Dragonite|Roar|p2a: Dragonite
|drag|p2a: Deoxys|Deoxys-Speed|88/100
|-ability|p2a: Deoxys|Pressure
|
|-heal|p1a: Dragonite|31/100|[from] item: Leftovers
|upkeep
|turn|15
|
|t:|1776058214
|switch|p1a: Apologetic|Chansey, F|100/100
|move|p2a: Deoxys|Psycho Boost|p1a: Apologetic
|-damage|p1a: Apologetic|83/100
|-unboost|p2a: Deoxys|spa|2
|
|upkeep
|turn|16
|
|t:|1776058226
|move|p2a: Deoxys|Taunt|p1a: Apologetic
|-start|p1a: Apologetic|move: Taunt
|move|p1a: Apologetic|Seismic Toss|p2a: Deoxys
|-damage|p2a: Deoxys|55/100
|
|-sideend|p1: shash|Reflect
|upkeep
|turn|17
|
|t:|1776058233
|move|p2a: Deoxys|Reflect|p2a: Deoxys
|-sidestart|p2: neverpivot|Reflect
|move|p1a: Apologetic|Seismic Toss|p2a: Deoxys
|-damage|p2a: Deoxys|22/100
|
|upkeep
|turn|18
|
|t:|1776058255
|switch|p2a: Dragonite|Dragonite, F, tera:Normal|88/100
|move|p1a: Apologetic|Seismic Toss|p2a: Dragonite
|-damage|p2a: Dragonite|57/100
|
|-heal|p2a: Dragonite|63/100|[from] item: Leftovers
|-end|p1a: Apologetic|move: Taunt
|upkeep
|turn|19
|
|t:|1776058265
|switch|p1a: Sorry|Toxapex, M|69/100
|move|p2a: Dragonite|Substitute|p2a: Dragonite
|-start|p2a: Dragonite|Substitute
|-damage|p2a: Dragonite|39/100
|
|-heal|p2a: Dragonite|45/100|[from] item: Leftovers
|-heal|p1a: Sorry|75/100|[from] item: Leftovers
|upkeep
|turn|20
|
|t:|1776058275
|move|p2a: Dragonite|Dragon Dance|p2a: Dragonite
|-boost|p2a: Dragonite|atk|1
|-boost|p2a: Dragonite|spe|1
|move|p1a: Sorry|Toxic Spikes|p2a: Dragonite
|-sidestart|p2: neverpivot|move: Toxic Spikes
|
|-heal|p2a: Dragonite|51/100|[from] item: Leftovers
|-heal|p1a: Sorry|81/100|[from] item: Leftovers
|upkeep
|turn|21
|
|t:|1776058283
|move|p1a: Sorry|Baneful Bunker|p1a: Sorry
|-singleturn|p1a: Sorry|move: Protect
|move|p2a: Dragonite|Earthquake|p1a: Sorry
|-activate|p1a: Sorry|move: Protect
|
|-heal|p2a: Dragonite|57/100|[from] item: Leftovers
|-heal|p1a: Sorry|88/100|[from] item: Leftovers
|upkeep
|turn|22
|
|t:|1776058296
|switch|p1a: Regretful|Corviknight, M|80/100
|-ability|p1a: Regretful|Pressure
|move|p2a: Dragonite|Dragon Dance|p2a: Dragonite
|-boost|p2a: Dragonite|atk|1
|-boost|p2a: Dragonite|spe|1
|
|-heal|p2a: Dragonite|63/100|[from] item: Leftovers
|upkeep
|turn|23
|
|t:|1776058305
|move|p2a: Dragonite|Tera Blast|p1a: Regretful|[anim] Tera Blast Normal
|-resisted|p1a: Regretful
|-damage|p1a: Regretful|52/100
|move|p1a: Regretful|Reflect|p1a: Regretful
|-sidestart|p1: shash|Reflect
|
|-heal|p2a: Dragonite|70/100|[from] item: Leftovers
|upkeep
|turn|24
|
|t:|1776058330
|move|p2a: Dragonite|Tera Blast|p1a: Regretful|[anim] Tera Blast Normal
|-resisted|p1a: Regretful
|-damage|p1a: Regretful|39/100
|move|p1a: Regretful|Roost|p1a: Regretful
|-heal|p1a: Regretful|89/100
|-singleturn|p1a: Regretful|move: Roost
|
|-heal|p2a: Dragonite|76/100|[from] item: Leftovers
|-sideend|p2: neverpivot|Reflect
|upkeep
|turn|25
|
|t:|1776058339
|move|p2a: Dragonite|Dragon Dance|p2a: Dragonite
|-boost|p2a: Dragonite|atk|1
|-boost|p2a: Dragonite|spe|1
|move|p1a: Regretful|Light Screen|p1a: Regretful
|-sidestart|p1: shash|move: Light Screen
|
|-heal|p2a: Dragonite|82/100|[from] item: Leftovers
|upkeep
|turn|26
|
|t:|1776058350
|move|p2a: Dragonite|Dragon Dance|p2a: Dragonite
|-boost|p2a: Dragonite|atk|1
|-boost|p2a: Dragonite|spe|1
|move|p1a: Regretful|Light Screen||[still]
|-fail|p1a: Regretful
|
|-heal|p2a: Dragonite|88/100|[from] item: Leftovers
|upkeep
|turn|27
|
|t:|1776058361
|switch|p1a: Dragonite|Dragonite, M, tera:Normal|31/100
|move|p2a: Dragonite|Dragon Dance|p2a: Dragonite
|-boost|p2a: Dragonite|atk|1
|-boost|p2a: Dragonite|spe|1
|
|-heal|p2a: Dragonite|94/100|[from] item: Leftovers
|-heal|p1a: Dragonite|37/100|[from] item: Leftovers
|-sideend|p1: shash|Reflect
|upkeep
|turn|28
|inactive|neverpivot has 90 seconds left.
|
|t:|1776058375
|switch|p1a: Regretful|Corviknight, M|89/100
|-ability|p1a: Regretful|Pressure
|move|p2a: Dragonite|Earthquake|p1a: Regretful
|-immune|p1a: Regretful
|
|-heal|p2a: Dragonite|100/100|[from] item: Leftovers
|upkeep
|turn|29
|inactive|neverpivot has 90 seconds left.
|
|t:|1776058385
|move|p2a: Dragonite|Tera Blast|p1a: Regretful|[anim] Tera Blast Normal
|-resisted|p1a: Regretful
|-damage|p1a: Regretful|42/100
|move|p1a: Regretful|Reflect|p1a: Regretful
|-sidestart|p1: shash|Reflect
|
|-sideend|p1: shash|move: Light Screen
|upkeep
|turn|30
|inactive|neverpivot has 90 seconds left.
|
|t:|1776058393
|move|p2a: Dragonite|Tera Blast|p1a: Regretful|[anim] Tera Blast Normal
|-resisted|p1a: Regretful
|-damage|p1a: Regretful|19/100
|move|p1a: Regretful|Roost|p1a: Regretful
|-heal|p1a: Regretful|69/100
|-singleturn|p1a: Regretful|move: Roost
|
|upkeep
|turn|31
|inactive|neverpivot has 90 seconds left.
|
|t:|1776058412
|move|p2a: Dragonite|Dragon Dance|p2a: Dragonite
|-boost|p2a: Dragonite|atk|1
|-boost|p2a: Dragonite|spe|1
|move|p1a: Regretful|Roost|p1a: Regretful
|-heal|p1a: Regretful|100/100
|-singleturn|p1a: Regretful|move: Roost
|
|upkeep
|turn|32
|inactive|neverpivot has 90 seconds left.
|
|t:|1776058446
|switch|p2a: Garchomp|Garchomp, M|100/100
|-status|p2a: Garchomp|psn
|move|p1a: Regretful|Roost||[still]
|-fail|p1a: Regretful|heal
|
|-damage|p2a: Garchomp|88/100 psn|[from] psn
|upkeep
|turn|33
|
|t:|1776058458
|move|p2a: Garchomp|Spikes|p1a: Regretful
|-sidestart|p1: shash|Spikes
|move|p1a: Regretful|Light Screen|p1a: Regretful
|-sidestart|p1: shash|move: Light Screen
|
|-damage|p2a: Garchomp|76/100 psn|[from] psn
|-sideend|p1: shash|Reflect
|upkeep
|turn|34
|
|t:|1776058464
|move|p2a: Garchomp|Spikes|p1a: Regretful
|-sidestart|p1: shash|Spikes
|move|p1a: Regretful|Reflect|p1a: Regretful
|-sidestart|p1: shash|Reflect
|
|-damage|p2a: Garchomp|63/100 psn|[from] psn
|upkeep
|turn|35
|
|t:|1776058469
|move|p1a: Regretful|Defog|p2a: Garchomp
|-unboost|p2a: Garchomp|evasion|1
|-sideend|p2: neverpivot|Toxic Spikes|[from] move: Defog|[of] p1a: Regretful
|-sideend|p1: shash|Spikes|[from] move: Defog|[of] p1a: Regretful
|move|p2a: Garchomp|Dragon Tail|p1a: Regretful
|-resisted|p1a: Regretful
|-damage|p1a: Regretful|97/100
|drag|p1a: Apologetic|Chansey, F|83/100
|
|-damage|p2a: Garchomp|51/100 psn|[from] psn
|upkeep
|turn|36
|
|t:|1776058494
|move|p2a: Garchomp|Spikes|p1a: Apologetic
|-sidestart|p1: shash|Spikes
|move|p1a: Apologetic|Stealth Rock|p2a: Garchomp
|-sidestart|p2: neverpivot|move: Stealth Rock
|
|-damage|p2a: Garchomp|39/100 psn|[from] psn
|upkeep
|turn|37
|
|t:|1776058501
|move|p2a: Garchomp|Spikes|p1a: Apologetic
|-sidestart|p1: shash|Spikes
|move|p1a: Apologetic|Seismic Toss|p2a: Garchomp
|-damage|p2a: Garchomp|15/100 psn
|-damage|p1a: Apologetic|71/100|[from] ability: Rough Skin|[of] p2a: Garchomp
|-damage|p1a: Apologetic|54/100|[from] item: Rocky Helmet|[of] p2a: Garchomp
|
|-damage|p2a: Garchomp|2/100 psn|[from] psn
|-sideend|p1: shash|move: Light Screen
|upkeep
|turn|38
|
|t:|1776058516
|move|p2a: Garchomp|Earthquake|p1a: Apologetic
|-damage|p1a: Apologetic|41/100
|move|p1a: Apologetic|Soft-Boiled|p1a: Apologetic
|-heal|p1a: Apologetic|91/100
|
|-damage|p2a: Garchomp|0 fnt|[from] psn
|faint|p2a: Garchomp
|-sideend|p1: shash|Reflect
|upkeep
|
|t:|1776058530
|switch|p2a: Clefable|Clefable, M|100/100
|turn|39
|
|t:|1776058537
|move|p2a: Clefable|Knock Off|p1a: Apologetic
|-damage|p1a: Apologetic|80/100
|-enditem|p1a: Apologetic|Eviolite|[from] move: Knock Off|[of] p2a: Clefable
|move|p1a: Apologetic|Calm Mind|p1a: Apologetic
|-boost|p1a: Apologetic|spa|1
|-boost|p1a: Apologetic|spd|1
|
|upkeep
|turn|40
|
|t:|1776058549
|move|p2a: Clefable|Calm Mind|p2a: Clefable
|-boost|p2a: Clefable|spa|1
|-boost|p2a: Clefable|spd|1
|move|p1a: Apologetic|Calm Mind|p1a: Apologetic
|-boost|p1a: Apologetic|spa|1
|-boost|p1a: Apologetic|spd|1
|
|upkeep
|turn|41
|
|t:|1776058555
|move|p2a: Clefable|Calm Mind|p2a: Clefable
|-boost|p2a: Clefable|spa|1
|-boost|p2a: Clefable|spd|1
|move|p1a: Apologetic|Calm Mind|p1a: Apologetic
|-boost|p1a: Apologetic|spa|1
|-boost|p1a: Apologetic|spd|1
|
|upkeep
|turn|42
|
|t:|1776058565
|move|p2a: Clefable|Calm Mind|p2a: Clefable
|-boost|p2a: Clefable|spa|1
|-boost|p2a: Clefable|spd|1
|move|p1a: Apologetic|Calm Mind|p1a: Apologetic
|-boost|p1a: Apologetic|spa|1
|-boost|p1a: Apologetic|spd|1
|
|upkeep
|turn|43
|inactive|neverpivot has 90 seconds left.
|
|t:|1776058588
|move|p2a: Clefable|Calm Mind|p2a: Clefable
|-boost|p2a: Clefable|spa|1
|-boost|p2a: Clefable|spd|1
|move|p1a: Apologetic|Calm Mind|p1a: Apologetic
|-boost|p1a: Apologetic|spa|1
|-boost|p1a: Apologetic|spd|1
|
|upkeep
|turn|44
|
|t:|1776058595
|move|p2a: Clefable|Calm Mind|p2a: Clefable
|-boost|p2a: Clefable|spa|1
|-boost|p2a: Clefable|spd|1
|move|p1a: Apologetic|Seismic Toss|p2a: Clefable
|-damage|p2a: Clefable|75/100
|
|-heal|p2a: Clefable|81/100|[from] item: Leftovers
|upkeep
|turn|45
|
|t:|1776058603
|move|p2a: Clefable|Calm Mind|p2a: Clefable
|-boost|p2a: Clefable|spa|1
|-boost|p2a: Clefable|spd|1
|move|p1a: Apologetic|Seismic Toss|p2a: Clefable
|-damage|p2a: Clefable|56/100
|
|-heal|p2a: Clefable|62/100|[from] item: Leftovers
|upkeep
|turn|46
|inactive|neverpivot has 90 seconds left.
|
|t:|1776058611
|move|p2a: Clefable|Moonlight|p2a: Clefable
|-heal|p2a: Clefable|100/100
|move|p1a: Apologetic|Seismic Toss|p2a: Clefable
|-damage|p2a: Clefable|75/100
|
|-heal|p2a: Clefable|81/100|[from] item: Leftovers
|upkeep
|turn|47
|
|t:|1776058620
|move|p2a: Clefable|Moonblast|p1a: Apologetic
|-damage|p1a: Apologetic|65/100
|move|p1a: Apologetic|Calm Mind|p1a: Apologetic
|-boost|p1a: Apologetic|spa|1
|-boost|p1a: Apologetic|spd|1
|
|-heal|p2a: Clefable|87/100|[from] item: Leftovers
|upkeep
|turn|48
|
|t:|1776058628
|move|p2a: Clefable|Knock Off|p1a: Apologetic
|-damage|p1a: Apologetic|54/100
|move|p1a: Apologetic|Seismic Toss|p2a: Clefable
|-damage|p2a: Clefable|62/100
|
|-heal|p2a: Clefable|68/100|[from] item: Leftovers
|upkeep
|turn|49
|
|t:|1776058636
|move|p2a: Clefable|Moonblast|p1a: Apologetic
|-damage|p1a: Apologetic|40/100
|move|p1a: Apologetic|Seismic Toss|p2a: Clefable
|-damage|p2a: Clefable|43/100
|
|-heal|p2a: Clefable|49/100|[from] item: Leftovers
|upkeep
|turn|50
|
|t:|1776058643
|move|p2a: Clefable|Moonlight|p2a: Clefable
|-heal|p2a: Clefable|99/100
|move|p1a: Apologetic|Soft-Boiled|p1a: Apologetic
|-heal|p1a: Apologetic|90/100
|
|-heal|p2a: Clefable|100/100|[from] item: Leftovers
|upkeep
|turn|51
|
|t:|1776058661
|move|p2a: Clefable|Knock Off|p1a: Apologetic
|-damage|p1a: Apologetic|80/100
|move|p1a: Apologetic|Seismic Toss|p2a: Clefable
|-damage|p2a: Clefable|75/100
|
|-heal|p2a: Clefable|81/100|[from] item: Leftovers
|upkeep
|turn|52
|
|t:|1776058668
|move|p2a: Clefable|Moonblast|p1a: Apologetic
|-damage|p1a: Apologetic|66/100
|move|p1a: Apologetic|Seismic Toss|p2a: Clefable
|-damage|p2a: Clefable|56/100
|
|-heal|p2a: Clefable|62/100|[from] item: Leftovers
|upkeep
|turn|53
|
|t:|1776058677
|move|p2a: Clefable|Moonblast|p1a: Apologetic
|-damage|p1a: Apologetic|52/100
|move|p1a: Apologetic|Seismic Toss|p2a: Clefable
|-damage|p2a: Clefable|37/100
|
|-heal|p2a: Clefable|43/100|[from] item: Leftovers
|upkeep
|turn|54
|inactive|neverpivot has 120 seconds left.
|
|t:|1776058685
|move|p2a: Clefable|Moonlight|p2a: Clefable
|-heal|p2a: Clefable|93/100
|move|p1a: Apologetic|Seismic Toss|p2a: Clefable
|-damage|p2a: Clefable|67/100
|
|-heal|p2a: Clefable|73/100|[from] item: Leftovers
|upkeep
|turn|55
|
|t:|1776058693
|move|p2a: Clefable|Moonblast|p1a: Apologetic
|-crit|p1a: Apologetic
|-damage|p1a: Apologetic|0 fnt
|faint|p1a: Apologetic
|
|-heal|p2a: Clefable|79/100|[from] item: Leftovers
|upkeep
|c|☆shash|:(
|
|t:|1776058708
|switch|p1a: Dragonite|Dragonite, M, tera:Normal|37/100
|-damage|p1a: Dragonite|21/100|[from] Spikes
|turn|56
|
|t:|1776058717
|move|p1a: Dragonite|Extreme Speed|p2a: Clefable
|-damage|p2a: Clefable|50/100
|move|p2a: Clefable|Moonblast|p1a: Dragonite
|-damage|p1a: Dragonite|0 fnt
|faint|p1a: Dragonite
|
|-heal|p2a: Clefable|57/100|[from] item: Leftovers
|upkeep
|
|t:|1776058722
|switch|p1a: Thundurus|Thundurus-Therian, M|100/100
|turn|57
|c|☆shash|im ded
|
|t:|1776058737
|move|p1a: Thundurus|Sludge Wave|p2a: Clefable
|-supereffective|p2a: Clefable
|-damage|p2a: Clefable|40/100
|move|p2a: Clefable|Moonblast|p1a: Thundurus
|-damage|p1a: Thundurus|21/100
|
|-heal|p2a: Clefable|46/100|[from] item: Leftovers
|upkeep
|turn|58
|
|t:|1776058747
|move|p1a: Thundurus|Sludge Wave|p2a: Clefable
|-supereffective|p2a: Clefable
|-damage|p2a: Clefable|31/100
|move|p2a: Clefable|Moonblast|p1a: Thundurus
|-damage|p1a: Thundurus|0 fnt
|faint|p1a: Thundurus
|
|-heal|p2a: Clefable|37/100|[from] item: Leftovers
|upkeep
|
|t:|1776058759
|switch|p1a: Sorry|Toxapex, M|100/100
|-damage|p1a: Sorry|84/100|[from] Spikes
|turn|59
|
|t:|1776058769
|move|p2a: Clefable|Moonlight|p2a: Clefable
|-heal|p2a: Clefable|87/100
|move|p1a: Sorry|Chilling Water|p2a: Clefable
|-damage|p2a: Clefable|85/100
|-unboost|p2a: Clefable|atk|1
|
|-heal|p2a: Clefable|91/100|[from] item: Leftovers
|-heal|p1a: Sorry|90/100|[from] item: Leftovers
|upkeep
|turn|60
|
|t:|1776058778
|move|p2a: Clefable|Moonblast|p1a: Sorry
|-resisted|p1a: Sorry
|-damage|p1a: Sorry|38/100
|-unboost|p1a: Sorry|spa|1
|move|p1a: Sorry|Chilling Water|p2a: Clefable
|-damage|p2a: Clefable|89/100
|-unboost|p2a: Clefable|atk|1
|
|-heal|p2a: Clefable|95/100|[from] item: Leftovers
|-heal|p1a: Sorry|44/100|[from] item: Leftovers
|upkeep
|turn|61
|-message|shash forfeited.
|
|win|neverpivot
|raw|shash's rating: 1145 &rarr; <strong>1126</strong><br />(-19 for losing)
|raw|neverpivot's rating: 1223 &rarr; <strong>1242</strong><br />(+19 for winning)
|l|☆shash
|player|p1|
|l|☆neverpivot
|player|p2|
