|html|<div class="broadcast-blue"><strong>[Gen 9] OU is currently suspecting Tera Blast! For information on how to participate check out the <a href="https://www.smogon.com/tools/suspects/view/200">suspect thread</a>.</strong></div>
|j|☆sminey
|j|☆Sz_dS
|t:|1776042183
|gametype|singles
|player|p1|sminey|palmer|1757
|player|p2|Sz_dS|169|1806
|gen|9
|tier|[Gen 9] OU
|rated|
|rule|HP Percentage Mod: HP is shown in percentages
|rule|Endless Battle Clause: Forcing endless battles is banned
|rule|Species Clause: Limit one of each Pokémon
|rule|OHKO Clause: OHKO moves are banned
|rule|Evasion Items Clause: Evasion items are banned
|rule|Evasion Moves Clause: Evasion moves are banned
|rule|Evasion Abilities Clause: Evasion abilities are banned
|rule|Sleep Moves Clause: Sleep-inducing moves are banned
|clearpoke
|poke|p1|Cinderace, M|
|poke|p1|Zapdos|
|poke|p1|Latios, M|
|poke|p1|Weavile, M|
|poke|p1|Clefable, F|
|poke|p1|Slowking-Galar, F|
|poke|p2|Grimmsnarl, M|
|poke|p2|Iron Treads|
|poke|p2|Raging Bolt|
|poke|p2|Deoxys-Speed|
|poke|p2|Ogerpon-Wellspring, F|
|poke|p2|Ceruledge, M|
|teampreview
|j| raditzisthebest
|inactive|Battle timer is ON: inactive players will automatically lose when time's up. (requested by sminey)
|
|t:|1776042201
|teamsize|p1|6
|teamsize|p2|6
|start
|switch|p1a: Zapdos|Zapdos|100/100
|switch|p2a: Grimmsnarl|Grimmsnarl, M, shiny|100/100
|turn|1
|
|t:|1776042209
|move|p2a: Grimmsnarl|Light Screen|p2a: Grimmsnarl
|-sidestart|p2: Sz_dS|move: Light Screen
|move|p1a: Zapdos|Hurricane|p2a: Grimmsnarl
|-damage|p2a: Grimmsnarl|72/100
|
|upkeep
|turn|2
|
|t:|1776042213
|move|p2a: Grimmsnarl|Reflect|p2a: Grimmsnarl
|-sidestart|p2: Sz_dS|Reflect
|move|p1a: Zapdos|Hurricane|p2a: Grimmsnarl
|-damage|p2a: Grimmsnarl|40/100
|-start|p2a: Grimmsnarl|confusion
|
|upkeep
|turn|3
|
|t:|1776042219
|switch|p1a: Weavile|Weavile, M|100/100
|-ability|p1a: Weavile|Pressure
|switch|p2a: Raging Bolt|Raging Bolt|100/100
|-enditem|p2a: Raging Bolt|Booster Energy
|-activate|p2a: Raging Bolt|ability: Protosynthesis|[fromitem]
|-start|p2a: Raging Bolt|protosynthesisspa
|
|upkeep
|turn|4
|
|t:|1776042228
|switch|p1a: Slowking|Slowking-Galar, F|100/100
|move|p2a: Raging Bolt|Thunderbolt|p1a: Slowking
|-damage|p1a: Slowking|71/100
|
|upkeep
|turn|5
|
|t:|1776042236
|move|p2a: Raging Bolt|Calm Mind|p2a: Raging Bolt
|-boost|p2a: Raging Bolt|spa|1
|-boost|p2a: Raging Bolt|spd|1
|move|p1a: Slowking|Ice Beam|p2a: Raging Bolt
|-supereffective|p2a: Raging Bolt
|-damage|p2a: Raging Bolt|87/100
|
|upkeep
|turn|6
|
|t:|1776042239
|move|p2a: Raging Bolt|Calm Mind|p2a: Raging Bolt
|-boost|p2a: Raging Bolt|spa|1
|-boost|p2a: Raging Bolt|spd|1
|move|p1a: Slowking|Psyshock|p2a: Raging Bolt
|-damage|p2a: Raging Bolt|72/100
|
|upkeep
|turn|7
|
|t:|1776042247
|move|p2a: Raging Bolt|Thunderbolt|p1a: Slowking
|-damage|p1a: Slowking|10/100
|move|p1a: Slowking|Psyshock|p2a: Raging Bolt
|-damage|p2a: Raging Bolt|58/100
|
|upkeep
|turn|8
|
|t:|1776042257
|move|p2a: Raging Bolt|Dragon Pulse|p1a: Slowking
|-damage|p1a: Slowking|0 fnt
|faint|p1a: Slowking
|
|-sideend|p2: Sz_dS|move: Light Screen
|upkeep
|
|t:|1776042259
|switch|p1a: Clefable|Clefable, F|100/100
|turn|9
|
|t:|1776042261
|move|p2a: Raging Bolt|Thunderbolt|p1a: Clefable
|-damage|p1a: Clefable|37/100
|move|p1a: Clefable|Moonblast|p2a: Raging Bolt
|-supereffective|p2a: Raging Bolt
|-crit|p2a: Raging Bolt
|-damage|p2a: Raging Bolt|0 fnt
|faint|p2a: Raging Bolt
|-end|p2a: Raging Bolt|Protosynthesis|[silent]
|
|-sideend|p2: Sz_dS|Reflect
|upkeep
|
|t:|1776042268
|switch|p2a: Ogerpon|Ogerpon-Wellspring, F|100/100
|turn|10
|
|t:|1776042271
|switch|p1a: Zapdos|Zapdos|100/100
|move|p2a: Ogerpon|Swords Dance|p2a: Ogerpon
|-boost|p2a: Ogerpon|atk|2
|
|upkeep
|turn|11
|
|t:|1776042275
|-terastallize|p1a: Zapdos|Water
|move|p2a: Ogerpon|Ivy Cudgel|p1a: Zapdos|[anim] Ivy Cudgel Water
|-resisted|p1a: Zapdos
|-damage|p1a: Zapdos|49/100
|move|p1a: Zapdos|Hurricane|p2a: Ogerpon
|-supereffective|p2a: Ogerpon
|-damage|p2a: Ogerpon|1/100
|
|upkeep
|turn|12
|
|t:|1776042289
|switch|p1a: Latios|Latios, M|100/100
|move|p2a: Ogerpon|Ivy Cudgel|p1a: Latios|[anim] Ivy Cudgel Water
|-resisted|p1a: Latios
|-damage|p1a: Latios|12/100
|
|upkeep
|turn|13
|
|t:|1776042294
|move|p1a: Latios|Luster Purge|p2a: Ogerpon
|-damage|p2a: Ogerpon|0 fnt
|faint|p2a: Ogerpon
|
|upkeep
|
|t:|1776042297
|switch|p2a: Grimmsnarl|Grimmsnarl, M, shiny|40/100
|turn|14
|
|t:|1776042303
|switch|p1a: Zapdos|Zapdos, tera:Water|49/100
|move|p2a: Grimmsnarl|Light Screen|p2a: Grimmsnarl
|-sidestart|p2: Sz_dS|move: Light Screen
|
|upkeep
|turn|15
|
|t:|1776042305
|move|p2a: Grimmsnarl|Taunt|p1a: Zapdos
|-start|p1a: Zapdos|move: Taunt
|cant|p1a: Zapdos|move: Taunt|Roost
|
|upkeep
|turn|16
|
|t:|1776042311
|switch|p1a: Cinderace|Cinderace, M|100/100
|move|p2a: Grimmsnarl|Reflect|p2a: Grimmsnarl
|-sidestart|p2: Sz_dS|Reflect
|
|upkeep
|turn|17
|
|t:|1776042313
|move|p2a: Grimmsnarl|Taunt|p1a: Cinderace
|-start|p1a: Cinderace|move: Taunt
|move|p1a: Cinderace|U-turn|p2a: Grimmsnarl
|-start|p1a: Cinderace|typechange|Bug|[from] ability: Libero
|-damage|p2a: Grimmsnarl|16/100
|
|t:|1776042316
|switch|p1a: Zapdos|Zapdos, tera:Water|49/100|[from] U-turn
|
|upkeep
|turn|18
|
|t:|1776042318
|move|p2a: Grimmsnarl|Taunt|p1a: Zapdos
|-start|p1a: Zapdos|move: Taunt
|cant|p1a: Zapdos|move: Taunt|Roost
|
|upkeep
|turn|19
|
|t:|1776042322
|move|p1a: Zapdos|Volt Switch|p2a: Grimmsnarl
|-damage|p2a: Grimmsnarl|0 fnt
|faint|p2a: Grimmsnarl
|
|t:|1776042326
|switch|p1a: Cinderace|Cinderace, M|100/100|[from] Volt Switch
|
|upkeep
|
|t:|1776042328
|switch|p2a: Ceruledge|Ceruledge, M, shiny|100/100
|turn|20
|
|t:|1776042334
|move|p1a: Cinderace|Court Change|p1a: Cinderace
|-start|p1a: Cinderace|typechange|Normal|[from] ability: Libero
|-swapsideconditions
|-activate|p1a: Cinderace|move: Court Change
|move|p2a: Ceruledge|Swords Dance|p2a: Ceruledge
|-boost|p2a: Ceruledge|atk|2
|
|upkeep
|turn|21
|
|t:|1776042342
|move|p1a: Cinderace|Pyro Ball|p2a: Ceruledge
|-resisted|p2a: Ceruledge
|-damage|p2a: Ceruledge|77/100
|-ability|p2a: Ceruledge|Weak Armor|boost
|-unboost|p2a: Ceruledge|def|1
|-boost|p2a: Ceruledge|spe|2
|move|p2a: Ceruledge|Bitter Blade|p1a: Cinderace
|-damage|p1a: Cinderace|9/100
|-heal|p2a: Ceruledge|100/100|[from] drain|[of] p1a: Cinderace
|-damage|p2a: Ceruledge|91/100|[from] item: Life Orb
|
|-sideend|p1: sminey|move: Light Screen
|upkeep
|turn|22
|
|t:|1776042352
|move|p1a: Cinderace|Sucker Punch|p2a: Ceruledge
|-supereffective|p2a: Ceruledge
|-damage|p2a: Ceruledge|6/100
|-ability|p2a: Ceruledge|Weak Armor|boost
|-unboost|p2a: Ceruledge|def|1
|-boost|p2a: Ceruledge|spe|2
|move|p2a: Ceruledge|Bitter Blade|p1a: Cinderace
|-damage|p1a: Cinderace|0 fnt
|-heal|p2a: Ceruledge|10/100|[from] drain|[of] p1a: Cinderace
|faint|p1a: Cinderace
|-damage|p2a: Ceruledge|0 fnt|[from] item: Life Orb
|faint|p2a: Ceruledge
|
|upkeep
|
|t:|1776042362
|switch|p1a: Latios|Latios, M|12/100
|switch|p2a: Iron Treads|Iron Treads, shiny|100/100
|-enditem|p2a: Iron Treads|Booster Energy
|-activate|p2a: Iron Treads|ability: Quark Drive|[fromitem]
|-start|p2a: Iron Treads|quarkdrivespe
|turn|23
|
|t:|1776042366
|move|p1a: Latios|Flip Turn|p2a: Iron Treads
|-supereffective|p2a: Iron Treads
|-damage|p2a: Iron Treads|80/100
|
|t:|1776042369
|switch|p1a: Zapdos|Zapdos, tera:Water|49/100|[from] Flip Turn
|move|p2a: Iron Treads|Rapid Spin|p1a: Zapdos
|-damage|p1a: Zapdos|45/100
|-boost|p2a: Iron Treads|spe|1
|-status|p2a: Iron Treads|par|[from] ability: Static|[of] p1a: Zapdos
|
|-sideend|p1: sminey|Reflect
|upkeep
|turn|24
|
|t:|1776042385
|move|p2a: Iron Treads|Earth Power|p1a: Zapdos
|-damage|p1a: Zapdos|17/100
|move|p1a: Zapdos|Roost|p1a: Zapdos
|-heal|p1a: Zapdos|67/100
|
|upkeep
|turn|25
|
|t:|1776042389
|move|p2a: Iron Treads|Stealth Rock|p1a: Zapdos
|-sidestart|p1: sminey|move: Stealth Rock
|move|p1a: Zapdos|Hurricane|p2a: Iron Treads
|-resisted|p2a: Iron Treads
|-damage|p2a: Iron Treads|47/100 par
|-start|p2a: Iron Treads|confusion
|
|upkeep
|turn|26
|
|t:|1776042395
|-activate|p2a: Iron Treads|confusion
|move|p2a: Iron Treads|Earth Power|p1a: Zapdos
|-damage|p1a: Zapdos|35/100
|move|p1a: Zapdos|Roost|p1a: Zapdos
|-heal|p1a: Zapdos|85/100
|
|upkeep
|turn|27
|
|t:|1776042398
|-activate|p2a: Iron Treads|confusion
|-damage|p2a: Iron Treads|39/100 par|[from] confusion
|move|p1a: Zapdos|Hurricane|p2a: Iron Treads|[miss]
|-miss|p1a: Zapdos|p2a: Iron Treads
|
|upkeep
|turn|28
|
|t:|1776042401
|-activate|p2a: Iron Treads|confusion
|-damage|p2a: Iron Treads|30/100 par|[from] confusion
|move|p1a: Zapdos|Hurricane|p2a: Iron Treads|[miss]
|-miss|p1a: Zapdos|p2a: Iron Treads
|
|upkeep
|turn|29
|
|t:|1776042404
|-end|p2a: Iron Treads|confusion
|move|p2a: Iron Treads|Earth Power|p1a: Zapdos
|-damage|p1a: Zapdos|55/100
|-unboost|p1a: Zapdos|spd|1
|move|p1a: Zapdos|Hurricane|p2a: Iron Treads
|-resisted|p2a: Iron Treads
|-damage|p2a: Iron Treads|0 fnt
|faint|p2a: Iron Treads
|-end|p2a: Iron Treads|Quark Drive|[silent]
|
|upkeep
|
|t:|1776042406
|switch|p2a: Deoxys|Deoxys-Speed, shiny|100/100
|-ability|p2a: Deoxys|Pressure
|turn|30
|
|t:|1776042408
|move|p2a: Deoxys|Substitute|p2a: Deoxys
|-start|p2a: Deoxys|Substitute
|-damage|p2a: Deoxys|76/100
|move|p1a: Zapdos|Thunder Wave||[still]
|-fail|p1a: Zapdos
|
|-heal|p2a: Deoxys|82/100|[from] item: Leftovers
|upkeep
|turn|31
|
|t:|1776042415
|move|p2a: Deoxys|Focus Blast|p1a: Zapdos|[miss]
|-miss|p2a: Deoxys|p1a: Zapdos
|move|p1a: Zapdos|Volt Switch|p2a: Deoxys
|-end|p2a: Deoxys|Substitute
|j| North Ryder
|l| North Ryder
|
|t:|1776042432
|switch|p1a: Clefable|Clefable, F|37/100|[from] Volt Switch
|
|-heal|p2a: Deoxys|88/100|[from] item: Leftovers
|upkeep
|turn|32
|
|t:|1776042436
|move|p2a: Deoxys|Psycho Boost|p1a: Clefable
|-damage|p1a: Clefable|0 fnt
|-unboost|p2a: Deoxys|spa|2
|faint|p1a: Clefable
|
|-heal|p2a: Deoxys|94/100|[from] item: Leftovers
|upkeep
|
|t:|1776042447
|switch|p1a: Zapdos|Zapdos, tera:Water|55/100
|turn|33
|
|t:|1776042455
|move|p2a: Deoxys|Substitute|p2a: Deoxys
|-start|p2a: Deoxys|Substitute
|-damage|p2a: Deoxys|69/100
|move|p1a: Zapdos|Volt Switch|p2a: Deoxys
|-end|p2a: Deoxys|Substitute
|
|t:|1776042457
|switch|p1a: Weavile|Weavile, M|100/100|[from] Volt Switch
|-ability|p1a: Weavile|Pressure
|
|-heal|p2a: Deoxys|76/100|[from] item: Leftovers
|upkeep
|turn|34
|
|t:|1776042464
|switch|p1a: Zapdos|Zapdos, tera:Water|55/100
|move|p2a: Deoxys|Focus Blast|p1a: Zapdos
|-damage|p1a: Zapdos|37/100
|
|-heal|p2a: Deoxys|82/100|[from] item: Leftovers
|upkeep
|turn|35
|
|t:|1776042470
|move|p2a: Deoxys|Substitute|p2a: Deoxys
|-start|p2a: Deoxys|Substitute
|-damage|p2a: Deoxys|57/100
|move|p1a: Zapdos|Roost|p1a: Zapdos
|-heal|p1a: Zapdos|87/100
|
|-heal|p2a: Deoxys|63/100|[from] item: Leftovers
|upkeep
|turn|36
|
|t:|1776042474
|move|p2a: Deoxys|Nasty Plot|p2a: Deoxys
|-boost|p2a: Deoxys|spa|2
|move|p1a: Zapdos|Volt Switch|p2a: Deoxys
|-end|p2a: Deoxys|Substitute
|
|t:|1776042476
|switch|p1a: Weavile|Weavile, M|100/100|[from] Volt Switch
|-ability|p1a: Weavile|Pressure
|
|-heal|p2a: Deoxys|69/100|[from] item: Leftovers
|upkeep
|turn|37
|
|t:|1776042495
|switch|p1a: Latios|Latios, M|12/100
|-damage|p1a: Latios|0 fnt|[from] Stealth Rock
|faint|p1a: Latios
|move|p2a: Deoxys|Focus Blast|p1: Latios|[notarget]
|-fail|p2a: Deoxys
|
|-heal|p2a: Deoxys|76/100|[from] item: Leftovers
|upkeep
|
|t:|1776042497
|switch|p1a: Zapdos|Zapdos, tera:Water|87/100
|turn|38
|
|t:|1776042504
|move|p2a: Deoxys|Nasty Plot|p2a: Deoxys
|-boost|p2a: Deoxys|spa|2
|move|p1a: Zapdos|Hurricane|p2a: Deoxys
|-damage|p2a: Deoxys|0 fnt
|faint|p2a: Deoxys
|
|win|sminey
|raw|sminey's rating: 1757 &rarr; <strong>1780</strong><br />(+23 for winning)
|raw|Sz_dS's rating: 1806 &rarr; <strong>1783</strong><br />(-23 for losing)
|l|☆Sz_dS
|player|p2|
|l|☆sminey
|player|p1|
|l| raditzisthebest
