|html|<div class="broadcast-blue"><strong>[Gen 9] OU is currently suspecting Volcarona! For information on how to participate check out the <a href="https://www.smogon.com/tools/suspects/view/208">suspect thread</a>.</strong></div>
|j|☆24iomxx
|j|☆Doloris114
|t:|1778496506
|gametype|singles
|player|p1|24iomxx|hilbert-masters|1167
|player|p2|Doloris114|102|1162
|gen|9
|tier|[Gen 9] OU
|rated|
|rule|HP Percentage Mod: HP is shown in percentages
|rule|Endless Battle Clause: Forcing endless battles is banned
|rule|Species Clause: Limit one of each Pokémon
|rule|OHKO Clause: OHKO moves are banned
|rule|Evasion Items Clause: Evasion items are banned
|rule|Evasion Moves Clause: Evasion moves are banned
|rule|Evasion Abilities Clause: Evasion abilities are banned
|rule|Sleep Moves Clause: Sleep-inducing moves are banned
|clearpoke
|poke|p1|Hydreigon, M|
|poke|p1|Excadrill, F|
|poke|p1|Galvantula, F|
|poke|p1|Chandelure, M|
|poke|p1|Amoonguss, M|
|poke|p1|Braviary, M|
|poke|p2|Pelipper, F|
|poke|p2|Basculegion, M|
|poke|p2|Zapdos|
|poke|p2|Sandy Shocks|
|poke|p2|Scizor, M|
|poke|p2|Greninja-*, M|
|teampreview
|inactive|Battle timer is ON: inactive players will automatically lose when time's up. (requested by 24iomxx)
|
|t:|1778496516
|teamsize|p1|6
|teamsize|p2|6
|start
|switch|p1a: Galvantula|Galvantula, F|100/100
|switch|p2a: Sandy Shocks|Sandy Shocks|100/100
|-enditem|p2a: Sandy Shocks|Booster Energy
|-activate|p2a: Sandy Shocks|ability: Protosynthesis|[fromitem]
|-start|p2a: Sandy Shocks|protosynthesisspe
|turn|1
|
|t:|1778496529
|move|p2a: Sandy Shocks|Earth Power|p1a: Galvantula
|-damage|p1a: Galvantula|20/100
|move|p1a: Galvantula|Sticky Web|p2a: Sandy Shocks
|-sidestart|p2: Doloris114|move: Sticky Web
|
|upkeep
|turn|2
|
|t:|1778496545
|switch|p1a: Excadrill|Excadrill, F|100/100
|-ability|p1a: Excadrill|Mold Breaker
|-item|p1a: Excadrill|Air Balloon
|move|p2a: Sandy Shocks|Thunderbolt|p1a: Excadrill
|-immune|p1a: Excadrill
|
|upkeep
|turn|3
|
|t:|1778496558
|move|p2a: Sandy Shocks|Stealth Rock|p1a: Excadrill
|-sidestart|p1: 24iomxx|move: Stealth Rock
|move|p1a: Excadrill|Rapid Spin|p2a: Sandy Shocks
|-damage|p2a: Sandy Shocks|82/100
|-boost|p1a: Excadrill|spe|1
|-sideend|p1: 24iomxx|Stealth Rock|[from] move: Rapid Spin|[of] p1a: Excadrill
|
|upkeep
|turn|4
|
|t:|1778496567
|-end|p2a: Sandy Shocks|Protosynthesis|[silent]
|switch|p2a: Pelipper|Pelipper, F|100/100
|-weather|RainDance|[from] ability: Drizzle|[of] p2a: Pelipper
|move|p1a: Excadrill|Swords Dance|p1a: Excadrill
|-boost|p1a: Excadrill|atk|2
|
|-weather|RainDance|[upkeep]
|upkeep
|turn|5
|
|t:|1778496579
|move|p1a: Excadrill|Iron Head|p2a: Pelipper
|-resisted|p2a: Pelipper
|-crit|p2a: Pelipper
|-damage|p2a: Pelipper|30/100
|move|p2a: Pelipper|Weather Ball|p1a: Excadrill
|-supereffective|p1a: Excadrill
|-damage|p1a: Excadrill|0 fnt
|-enditem|p1a: Excadrill|Air Balloon
|faint|p1a: Excadrill
|
|-weather|RainDance|[upkeep]
|upkeep
|
|t:|1778496588
|switch|p1a: Galvantula|Galvantula, F|20/100
|turn|6
|
|t:|1778496600
|move|p1a: Galvantula|Bug Buzz|p2a: Pelipper
|-resisted|p2a: Pelipper
|-damage|p2a: Pelipper|0 fnt
|faint|p2a: Pelipper
|
|-weather|RainDance|[upkeep]
|upkeep
|
|t:|1778496607
|switch|p2a: Greninja|Greninja, M|100/100
|-activate|p2a: Greninja|move: Sticky Web
|-unboost|p2a: Greninja|spe|1
|turn|7
|
|t:|1778496613
|move|p1a: Galvantula|Thunder|p2a: Greninja
|-supereffective|p2a: Greninja
|-damage|p2a: Greninja|0 fnt
|faint|p2a: Greninja
|
|-weather|RainDance|[upkeep]
|upkeep
|
|t:|1778496623
|switch|p2a: Scizor|Scizor, M|100/100
|-activate|p2a: Scizor|move: Sticky Web
|-unboost|p2a: Scizor|spe|1
|turn|8
|
|t:|1778496630
|switch|p1a: Chandelure|Chandelure, M|100/100
|move|p2a: Scizor|Bullet Punch|p1a: Chandelure
|-resisted|p1a: Chandelure
|-damage|p1a: Chandelure|76/100
|
|-weather|RainDance|[upkeep]
|upkeep
|turn|9
|-message|Doloris114 forfeited.
|
|win|24iomxx
|raw|24iomxx's rating: 1167 &rarr; <strong>1192</strong><br />(+25 for winning)
|raw|Doloris114's rating: 1162 &rarr; <strong>1137</strong><br />(-25 for losing)
|l|☆Doloris114
|player|p2|
|l|☆24iomxx
|player|p1|
