|html|<div class="broadcast-blue"><strong>[Gen 9] OU is currently suspecting Tera Blast! For information on how to participate check out the <a href="https://www.smogon.com/tools/suspects/view/200">suspect thread</a>.</strong></div>
|j|☆Anchor9
|j|☆thebacchusbraviary
|t:|1776113839
|gametype|singles
|player|p1|Anchor9|silver|1381
|player|p2|thebacchusbraviary|winona|1377
|gen|9
|tier|[Gen 9] OU
|rated|
|rule|HP Percentage Mod: HP is shown in percentages
|rule|Endless Battle Clause: Forcing endless battles is banned
|rule|Species Clause: Limit one of each Pokémon
|rule|OHKO Clause: OHKO moves are banned
|rule|Evasion Items Clause: Evasion items are banned
|rule|Evasion Moves Clause: Evasion moves are banned
|rule|Evasion Abilities Clause: Evasion abilities are banned
|rule|Sleep Moves Clause: Sleep-inducing moves are banned
|clearpoke
|poke|p1|Araquanid, F|
|poke|p1|Ampharos, F|
|poke|p1|Dragonite, F|
|poke|p1|Gholdengo|
|poke|p1|Kyurem|
|poke|p1|Great Tusk|
|poke|p2|Talonflame, M|
|poke|p2|Latios, M|
|poke|p2|Magnezone|
|poke|p2|Regice|
|poke|p2|Tauros-Paldea-Aqua, M|
|poke|p2|Tyranitar, F|
|teampreview
|inactive|Battle timer is ON: inactive players will automatically lose when time's up. (requested by thebacchusbraviary)
|inactive|Anchor9 also wants the timer to be on.
|
|t:|1776113843
|teamsize|p1|6
|teamsize|p2|6
|start
|switch|p1a: Araquanid|Araquanid, F|100/100
|switch|p2a: Magnezone|Magnezone|100/100
|turn|1
|
|t:|1776113844
|move|p2a: Magnezone|Volt Switch|p1a: Araquanid
|-supereffective|p1a: Araquanid
|-damage|p1a: Araquanid|8/100
|
|t:|1776113846
|switch|p2a: Talonflame|Talonflame, M|100/100|[from] Volt Switch
|move|p1a: Araquanid|Sticky Web|p2a: Talonflame
|-sidestart|p2: thebacchusbraviary|move: Sticky Web
|
|upkeep
|turn|2
|-enditem|p1a: Araquanid|Custap Berry|[eat]
|-activate|p1a: Araquanid|item: Custap Berry|[consumed]
|
|t:|1776113850
|move|p1a: Araquanid|Surf|p2a: Talonflame
|-supereffective|p2a: Talonflame
|-crit|p2a: Talonflame
|-damage|p2a: Talonflame|0 fnt
|faint|p2a: Talonflame
|
|upkeep
|
|t:|1776113854
|switch|p2a: Latios|Latios, M|100/100
|turn|3
|
|t:|1776113860
|move|p2a: Latios|Thunderbolt|p1a: Araquanid
|-supereffective|p1a: Araquanid
|-damage|p1a: Araquanid|0 fnt
|faint|p1a: Araquanid
|
|upkeep
|
|t:|1776113866
|switch|p1a: Gholdengo|Gholdengo|100/100
|-item|p1a: Gholdengo|Air Balloon
|turn|4
|
|t:|1776113873
|move|p2a: Latios|Shadow Ball|p1a: Gholdengo
|-supereffective|p1a: Gholdengo
|-damage|p1a: Gholdengo|37/100
|-enditem|p1a: Gholdengo|Air Balloon
|move|p1a: Gholdengo|Shadow Ball|p2a: Latios
|-supereffective|p2a: Latios
|-damage|p2a: Latios|8/100
|-unboost|p2a: Latios|spd|1
|
|upkeep
|turn|5
|
|t:|1776113878
|move|p2a: Latios|Shadow Ball|p1a: Gholdengo
|-supereffective|p1a: Gholdengo
|-damage|p1a: Gholdengo|0 fnt
|faint|p1a: Gholdengo
|
|upkeep
|
|t:|1776113879
|switch|p1a: Dragonite|Dragonite, F|100/100
|turn|6
|
|t:|1776113882
|switch|p2a: Tyranitar|Tyranitar, F|100/100
|-activate|p2a: Tyranitar|move: Sticky Web
|-unboost|p2a: Tyranitar|spe|1
|-weather|Sandstorm|[from] ability: Sand Stream|[of] p2a: Tyranitar
|move|p1a: Dragonite|Extreme Speed|p2a: Tyranitar
|-resisted|p2a: Tyranitar
|-damage|p2a: Tyranitar|89/100
|
|-weather|Sandstorm|[upkeep]
|-damage|p1a: Dragonite|94/100|[from] Sandstorm
|-heal|p2a: Tyranitar|95/100|[from] item: Leftovers
|upkeep
|turn|7
|
|t:|1776113885
|move|p1a: Dragonite|Earthquake|p2a: Tyranitar
|-supereffective|p2a: Tyranitar
|-damage|p2a: Tyranitar|36/100
|move|p2a: Tyranitar|Ice Beam|p1a: Dragonite
|-supereffective|p1a: Dragonite
|-damage|p1a: Dragonite|18/100
|
|-weather|Sandstorm|[upkeep]
|-damage|p1a: Dragonite|11/100|[from] Sandstorm
|-heal|p2a: Tyranitar|42/100|[from] item: Leftovers
|upkeep
|turn|8
|
|t:|1776113888
|switch|p2a: Latios|Latios, M|8/100
|move|p1a: Dragonite|Earthquake|p2a: Latios
|-immune|p2a: Latios|[from] ability: Levitate
|
|-weather|Sandstorm|[upkeep]
|-damage|p2a: Latios|2/100|[from] Sandstorm
|-damage|p1a: Dragonite|5/100|[from] Sandstorm
|upkeep
|turn|9
|
|t:|1776113891
|switch|p2a: Tyranitar|Tyranitar, F|42/100
|-activate|p2a: Tyranitar|move: Sticky Web
|-unboost|p2a: Tyranitar|spe|1
|move|p1a: Dragonite|Extreme Speed|p2a: Tyranitar
|-resisted|p2a: Tyranitar
|-damage|p2a: Tyranitar|30/100
|
|-weather|Sandstorm|[upkeep]
|-damage|p1a: Dragonite|0 fnt|[from] Sandstorm
|faint|p1a: Dragonite
|-heal|p2a: Tyranitar|36/100|[from] item: Leftovers
|upkeep
|
|t:|1776113894
|switch|p1a: Great Tusk|Great Tusk|100/100
|-enditem|p1a: Great Tusk|Booster Energy
|-activate|p1a: Great Tusk|ability: Protosynthesis|[fromitem]
|-start|p1a: Great Tusk|protosynthesisspe
|turn|10
|
|t:|1776113896
|move|p1a: Great Tusk|Bulk Up|p1a: Great Tusk
|-boost|p1a: Great Tusk|atk|1
|-boost|p1a: Great Tusk|def|1
|move|p2a: Tyranitar|Ice Beam|p1a: Great Tusk
|-supereffective|p1a: Great Tusk
|-damage|p1a: Great Tusk|44/100
|
|-weather|none
|-heal|p2a: Tyranitar|43/100|[from] item: Leftovers
|upkeep
|turn|11
|
|t:|1776113899
|move|p1a: Great Tusk|Headlong Rush|p2a: Tyranitar
|-supereffective|p2a: Tyranitar
|-damage|p2a: Tyranitar|0 fnt
|-unboost|p1a: Great Tusk|def|1
|-unboost|p1a: Great Tusk|spd|1
|faint|p2a: Tyranitar
|
|upkeep
|
|t:|1776113916
|switch|p2a: Regice|Regice|100/100
|-activate|p2a: Regice|move: Sticky Web
|-fail|p2a: Regice|unboost|[from] ability: Clear Body|[of] p2a: Regice
|turn|12
|
|t:|1776113920
|-terastallize|p2a: Regice|Ghost
|move|p1a: Great Tusk|Headlong Rush|p2a: Regice
|-damage|p2a: Regice|21/100
|-unboost|p1a: Great Tusk|def|1
|-unboost|p1a: Great Tusk|spd|1
|move|p2a: Regice|Ice Beam|p1a: Great Tusk
|-supereffective|p1a: Great Tusk
|-damage|p1a: Great Tusk|0 fnt
|faint|p1a: Great Tusk
|-end|p1a: Great Tusk|Protosynthesis|[silent]
|
|-heal|p2a: Regice|27/100|[from] item: Leftovers
|upkeep
|
|t:|1776113929
|switch|p1a: Kyurem|Kyurem|100/100
|-ability|p1a: Kyurem|Pressure
|turn|13
|
|t:|1776113932
|move|p1a: Kyurem|Freeze-Dry|p2a: Regice
|-damage|p2a: Regice|9/100
|move|p2a: Regice|Focus Blast|p1a: Kyurem
|-supereffective|p1a: Kyurem
|-damage|p1a: Kyurem|33/100
|
|-heal|p2a: Regice|15/100|[from] item: Leftovers
|upkeep
|turn|14
|
|t:|1776113935
|move|p1a: Kyurem|Freeze-Dry|p2a: Regice
|-damage|p2a: Regice|0 fnt
|faint|p2a: Regice
|
|upkeep
|
|t:|1776113938
|switch|p2a: Latios|Latios, M|2/100
|turn|15
|
|t:|1776113941
|move|p2a: Latios|Luster Purge|p1a: Kyurem
|-damage|p1a: Kyurem|0 fnt
|faint|p1a: Kyurem
|
|upkeep
|
|t:|1776113942
|switch|p1a: Ampharos|Ampharos, F|100/100
|turn|16
|
|t:|1776113944
|move|p2a: Latios|Luster Purge|p1a: Ampharos
|-damage|p1a: Ampharos|27/100
|move|p1a: Ampharos|Agility|p1a: Ampharos
|-boost|p1a: Ampharos|spe|2
|
|upkeep
|turn|17
|
|t:|1776113946
|move|p1a: Ampharos|Meteor Beam||[still]
|-prepare|p1a: Ampharos|Meteor Beam
|-boost|p1a: Ampharos|spa|1
|-enditem|p1a: Ampharos|Power Herb
|-anim|p1a: Ampharos|Meteor Beam|p2a: Latios|[miss]
|-miss|p1a: Ampharos|p2a: Latios
|move|p2a: Latios|Luster Purge|p1a: Ampharos
|-damage|p1a: Ampharos|0 fnt
|faint|p1a: Ampharos
|
|win|thebacchusbraviary
|raw|Anchor9's rating: 1381 &rarr; <strong>1361</strong><br />(-20 for losing)
|raw|thebacchusbraviary's rating: 1377 &rarr; <strong>1397</strong><br />(+20 for winning)
|l|☆Anchor9
|player|p1|
|l|☆thebacchusbraviary
|player|p2|
