|html|<div class="broadcast-blue"><strong>[Gen 9] OU is currently suspecting Tera Blast! For information on how to participate check out the <a href="https://www.smogon.com/tools/suspects/view/200">suspect thread</a>.</strong></div>
|j|☆perfunctory0
|j|☆magistermilitum420
|t:|1776099582
|gametype|singles
|player|p1|perfunctory0|265|1176
|player|p2|magistermilitum420|blue|1197
|gen|9
|tier|[Gen 9] OU
|rated|
|rule|HP Percentage Mod: HP is shown in percentages
|rule|Endless Battle Clause: Forcing endless battles is banned
|rule|Species Clause: Limit one of each Pokémon
|rule|OHKO Clause: OHKO moves are banned
|rule|Evasion Items Clause: Evasion items are banned
|rule|Evasion Moves Clause: Evasion moves are banned
|rule|Evasion Abilities Clause: Evasion abilities are banned
|rule|Sleep Moves Clause: Sleep-inducing moves are banned
|clearpoke
|poke|p1|Tyranitar, M|
|poke|p1|Gliscor, M|
|poke|p1|Gholdengo|
|poke|p1|Zamazenta-*|
|poke|p1|Tentacruel, M|
|poke|p1|Clefable, F|
|poke|p2|Meowscarada, M|
|poke|p2|Great Tusk|
|poke|p2|Alomomola, F|
|poke|p2|Slowking-Galar, M|
|poke|p2|Dragonite, F|
|poke|p2|Heatran, F|
|teampreview
|
|t:|1776099587
|teamsize|p1|6
|teamsize|p2|6
|start
|switch|p1a: Tentacruel|Tentacruel, M|100/100
|switch|p2a: Mahad|Meowscarada, M, shiny|100/100
|turn|1
|
|t:|1776099594
|move|p2a: Mahad|Knock Off|p1a: Tentacruel
|-start|p2a: Mahad|typechange|Dark|[from] ability: Protean
|-damage|p1a: Tentacruel|35/100
|-enditem|p1a: Tentacruel|Assault Vest|[from] move: Knock Off|[of] p2a: Mahad
|move|p1a: Tentacruel|Sludge Wave|p2a: Mahad
|-damage|p2a: Mahad|60/100
|
|upkeep
|turn|2
|
|t:|1776099608
|switch|p2a: Mithridates|Slowking-Galar, M|100/100
|move|p1a: Tentacruel|Toxic Spikes|p2a: Mithridates
|-sidestart|p2: magistermilitum420|move: Toxic Spikes
|
|upkeep
|turn|3
|
|t:|1776099617
|switch|p1a: Gliscor|Gliscor, M|100/100
|move|p2a: Mithridates|Future Sight|p1a: Gliscor
|-start|p2a: Mithridates|move: Future Sight
|
|-status|p1a: Gliscor|tox|[from] item: Toxic Orb
|upkeep
|turn|4
|
|t:|1776099633
|switch|p2a: Charybdis|Alomomola, F, shiny|100/100
|move|p1a: Gliscor|Facade|p2a: Charybdis
|-damage|p2a: Charybdis|78/100
|
|upkeep
|turn|5
|
|t:|1776099640
|switch|p1a: Tyranitar|Tyranitar, M, shiny|100/100
|-weather|Sandstorm|[from] ability: Sand Stream|[of] p1a: Tyranitar
|move|p2a: Charybdis|Scald|p1a: Tyranitar
|-supereffective|p1a: Tyranitar
|-damage|p1a: Tyranitar|83/100
|
|-weather|Sandstorm|[upkeep]
|-damage|p2a: Charybdis|72/100|[from] Sandstorm
|-end|p1a: Tyranitar|move: Future Sight
|-immune|p1a: Tyranitar
|upkeep
|turn|6
|
|t:|1776099651
|move|p1a: Tyranitar|Knock Off|p2a: Charybdis
|-damage|p2a: Charybdis|27/100
|-enditem|p2a: Charybdis|Heavy-Duty Boots|[from] move: Knock Off|[of] p1a: Tyranitar
|move|p2a: Charybdis|Scald|p1a: Tyranitar
|-supereffective|p1a: Tyranitar
|-damage|p1a: Tyranitar|65/100
|
|-weather|Sandstorm|[upkeep]
|-damage|p2a: Charybdis|20/100|[from] Sandstorm
|upkeep
|turn|7
|
|t:|1776099670
|move|p2a: Charybdis|Protect|p2a: Charybdis
|-singleturn|p2a: Charybdis|Protect
|move|p1a: Tyranitar|Knock Off|p2a: Charybdis
|-activate|p2a: Charybdis|move: Protect
|
|-weather|Sandstorm|[upkeep]
|-damage|p2a: Charybdis|14/100|[from] Sandstorm
|upkeep
|turn|8
|
|t:|1776099678
|switch|p2a: Mahad|Meowscarada, M, shiny|60/100
|-status|p2a: Mahad|psn
|move|p1a: Tyranitar|Knock Off|p2a: Mahad
|-resisted|p2a: Mahad
|-damage|p2a: Mahad|0 fnt
|-enditem|p2a: Mahad|Choice Scarf|[from] move: Knock Off|[of] p1a: Tyranitar
|faint|p2a: Mahad
|
|-weather|Sandstorm|[upkeep]
|upkeep
|
|t:|1776099688
|switch|p2a: Barca|Great Tusk|100/100
|turn|9
|
|t:|1776099693
|switch|p1a: Tentacruel|Tentacruel, M|35/100
|move|p2a: Barca|Close Combat|p1a: Tentacruel
|-resisted|p1a: Tentacruel
|-damage|p1a: Tentacruel|0 fnt
|-unboost|p2a: Barca|def|1
|-unboost|p2a: Barca|spd|1
|faint|p1a: Tentacruel
|
|-weather|none
|upkeep
|
|t:|1776099697
|switch|p1a: Clefable|Clefable, F|100/100
|turn|10
|
|t:|1776099708
|-end|p2a: Barca|Protosynthesis|[silent]
|switch|p2a: Mithridates|Slowking-Galar, M|100/100
|-sideend|p2: magistermilitum420|move: Toxic Spikes|[of] p2a: Mithridates
|move|p1a: Clefable|Reflect|p1a: Clefable
|-sidestart|p1: perfunctory0|Reflect
|
|upkeep
|turn|11
|
|t:|1776099713
|move|p1a: Clefable|Calm Mind|p1a: Clefable
|-boost|p1a: Clefable|spa|1
|-boost|p1a: Clefable|spd|1
|move|p2a: Mithridates|Sludge Bomb|p1a: Clefable
|-supereffective|p1a: Clefable
|-damage|p1a: Clefable|48/100
|
|-heal|p1a: Clefable|54/100|[from] item: Leftovers
|upkeep
|turn|12
|
|t:|1776099720
|move|p1a: Clefable|Flamethrower|p2a: Mithridates
|-damage|p2a: Mithridates|81/100
|move|p2a: Mithridates|Sludge Bomb|p1a: Clefable
|-supereffective|p1a: Clefable
|-damage|p1a: Clefable|0 fnt
|faint|p1a: Clefable
|
|upkeep
|
|t:|1776099726
|switch|p1a: Gliscor|Gliscor, M|100/100 tox
|turn|13
|
|t:|1776099734
|switch|p2a: Charybdis|Alomomola, F, shiny|48/100
|move|p1a: Gliscor|Swords Dance|p1a: Gliscor
|-boost|p1a: Gliscor|atk|2
|
|upkeep
|turn|14
|
|t:|1776099749
|move|p1a: Gliscor|Earthquake|p2a: Charybdis
|-damage|p2a: Charybdis|5/100
|move|p2a: Charybdis|Wish|p2a: Charybdis
|
|-sideend|p1: perfunctory0|Reflect
|upkeep
|turn|15
|inactive|Battle timer is ON: inactive players will automatically lose when time's up. (requested by perfunctory0)
|
|t:|1776099755
|move|p2a: Charybdis|Protect|p2a: Charybdis
|-singleturn|p2a: Charybdis|Protect
|move|p1a: Gliscor|Earthquake|p2a: Charybdis
|-activate|p2a: Charybdis|move: Protect
|
|-heal|p2a: Charybdis|55/100|[from] move: Wish|[wisher] Charybdis
|upkeep
|turn|16
|
|t:|1776099767
|move|p1a: Gliscor|Swords Dance|p1a: Gliscor
|-boost|p1a: Gliscor|atk|2
|move|p2a: Charybdis|Wish|p2a: Charybdis
|
|upkeep
|turn|17
|
|t:|1776099775
|move|p1a: Gliscor|Swords Dance|p1a: Gliscor
|-boost|p1a: Gliscor|atk|2
|move|p2a: Charybdis|Flip Turn|p1a: Gliscor
|-supereffective|p1a: Gliscor
|-damage|p1a: Gliscor|69/100 tox
|
|t:|1776099788
|switch|p2a: Ladon|Dragonite, F, shiny|100/100|[from] Flip Turn
|
|-heal|p1a: Gliscor|81/100 tox|[from] ability: Poison Heal
|upkeep
|turn|18
|
|t:|1776099797
|move|p1a: Gliscor|Swords Dance|p1a: Gliscor
|-boost|p1a: Gliscor|atk|0
|move|p2a: Ladon|Dragon Dance|p2a: Ladon
|-boost|p2a: Ladon|atk|1
|-boost|p2a: Ladon|spe|1
|
|-heal|p1a: Gliscor|94/100 tox|[from] ability: Poison Heal
|upkeep
|turn|19
|
|t:|1776099804
|move|p2a: Ladon|Dragon Dance|p2a: Ladon
|-boost|p2a: Ladon|atk|1
|-boost|p2a: Ladon|spe|1
|move|p1a: Gliscor|Facade|p2a: Ladon
|-damage|p2a: Ladon|8/100
|
|-heal|p1a: Gliscor|100/100 tox|[from] ability: Poison Heal
|upkeep
|turn|20
|
|t:|1776099812
|-terastallize|p2a: Ladon|Normal
|move|p2a: Ladon|Extreme Speed|p1a: Gliscor
|-damage|p1a: Gliscor|11/100 tox
|move|p1a: Gliscor|Facade|p2a: Ladon
|-damage|p2a: Ladon|0 fnt
|faint|p2a: Ladon
|
|-heal|p1a: Gliscor|23/100 tox|[from] ability: Poison Heal
|upkeep
|
|t:|1776099822
|switch|p2a: Charybdis|Alomomola, F, shiny|89/100
|turn|21
|
|t:|1776099826
|-terastallize|p1a: Gliscor|Normal
|move|p1a: Gliscor|Facade|p2a: Charybdis
|-damage|p2a: Charybdis|0 fnt
|faint|p2a: Charybdis
|
|-heal|p1a: Gliscor|36/100 tox|[from] ability: Poison Heal
|upkeep
|
|t:|1776099836
|switch|p2a: Barca|Great Tusk|100/100
|turn|22
|
|t:|1776099839
|move|p1a: Gliscor|Facade|p2a: Barca
|-damage|p2a: Barca|0 fnt
|faint|p2a: Barca
|-end|p2a: Barca|Protosynthesis|[silent]
|
|-heal|p1a: Gliscor|48/100 tox|[from] ability: Poison Heal
|upkeep
|
|t:|1776099844
|switch|p2a: Vulcanus|Heatran, F, shiny|100/100
|turn|23
|
|t:|1776099849
|move|p1a: Gliscor|Facade|p2a: Vulcanus
|-resisted|p2a: Vulcanus
|-damage|p2a: Vulcanus|0 fnt
|faint|p2a: Vulcanus
|
|-heal|p1a: Gliscor|60/100 tox|[from] ability: Poison Heal
|upkeep
|
|t:|1776099855
|switch|p2a: Mithridates|Slowking-Galar, M|100/100
|turn|24
|
|t:|1776099858
|move|p1a: Gliscor|Earthquake|p2a: Mithridates
|-supereffective|p2a: Mithridates
|-damage|p2a: Mithridates|0 fnt
|faint|p2a: Mithridates
|
|win|perfunctory0
|raw|perfunctory0's rating: 1176 &rarr; <strong>1203</strong><br />(+27 for winning)
|raw|magistermilitum420's rating: 1197 &rarr; <strong>1170</strong><br />(-27 for losing)
|l|☆perfunctory0
|player|p1|
