|html|<div class="broadcast-blue"><strong>[Gen 9] OU is currently suspecting Volcarona! For information on how to participate check out the <a href="https://www.smogon.com/tools/suspects/view/208">suspect thread</a>.</strong></div>
|j|☆dadudeman44
|j|☆Sl1ck1
|t:|1778516666
|gametype|singles
|player|p1|dadudeman44|ghetsis-gen5bw|1238
|player|p2|Sl1ck1|red|1196
|gen|9
|tier|[Gen 9] OU
|rated|
|rule|HP Percentage Mod: HP is shown in percentages
|rule|Endless Battle Clause: Forcing endless battles is banned
|rule|Species Clause: Limit one of each Pokémon
|rule|OHKO Clause: OHKO moves are banned
|rule|Evasion Items Clause: Evasion items are banned
|rule|Evasion Moves Clause: Evasion moves are banned
|rule|Evasion Abilities Clause: Evasion abilities are banned
|rule|Sleep Moves Clause: Sleep-inducing moves are banned
|clearpoke
|poke|p1|Scrafty, F|
|poke|p1|Cloyster, M|
|poke|p1|Salamence, M|
|poke|p1|Iron Moth|
|poke|p1|Porygon-Z|
|poke|p1|Great Tusk|
|poke|p2|Deoxys-Speed|
|poke|p2|Iron Valiant|
|poke|p2|Ceruledge, F|
|poke|p2|Zamazenta-*|
|poke|p2|Greninja-*, M|
|poke|p2|Great Tusk|
|teampreview
|inactive|Battle timer is ON: inactive players will automatically lose when time's up. (requested by Sl1ck1)
|inactive|dadudeman44 also wants the timer to be on.
|
|t:|1778516674
|teamsize|p1|6
|teamsize|p2|6
|start
|switch|p1a: Glitch|Porygon-Z, shiny|100/100
|switch|p2a: Greninja|Greninja, M|100/100
|-ability|p1a: Glitch|Download|boost
|-boost|p1a: Glitch|atk|1
|turn|1
|
|t:|1778516685
|move|p2a: Greninja|Sludge Wave|p1a: Glitch
|-damage|p1a: Glitch|63/100
|move|p1a: Glitch|Tri Attack|p2a: Greninja
|-damage|p2a: Greninja|12/100
|-status|p2a: Greninja|frz
|
|upkeep
|turn|2
|
|t:|1778516693
|switch|p1a: Great Tusk|Great Tusk|100/100
|cant|p2a: Greninja|frz
|
|upkeep
|turn|3
|
|t:|1778516696
|cant|p2a: Greninja|frz
|move|p1a: Great Tusk|Rapid Spin|p2a: Greninja
|-crit|p2a: Greninja
|-damage|p2a: Greninja|0 fnt
|-boost|p1a: Great Tusk|spe|1
|faint|p2a: Greninja
|
|upkeep
|
|t:|1778516704
|switch|p2a: Deoxys|Deoxys-Speed|100/100
|-ability|p2a: Deoxys|Pressure
|turn|4
|
|t:|1778516709
|move|p2a: Deoxys|Psychic|p1a: Great Tusk
|-supereffective|p1a: Great Tusk
|-damage|p1a: Great Tusk|20/100
|move|p1a: Great Tusk|Rapid Spin|p2a: Deoxys
|-damage|p2a: Deoxys|71/100
|-boost|p1a: Great Tusk|spe|1
|
|upkeep
|turn|5
|
|t:|1778516723
|move|p1a: Great Tusk|Headlong Rush|p2a: Deoxys
|-damage|p2a: Deoxys|0 fnt
|-unboost|p1a: Great Tusk|def|1
|-unboost|p1a: Great Tusk|spd|1
|faint|p2a: Deoxys
|
|upkeep
|
|t:|1778516728
|switch|p2a: Ceruledge|Ceruledge, F|100/100
|turn|6
|
|t:|1778516732
|move|p1a: Great Tusk|Headlong Rush|p2a: Ceruledge
|-supereffective|p2a: Ceruledge
|-enditem|p2a: Ceruledge|Focus Sash
|-damage|p2a: Ceruledge|1/100
|-unboost|p1a: Great Tusk|def|1
|-unboost|p1a: Great Tusk|spd|1
|-ability|p2a: Ceruledge|Weak Armor|boost
|-unboost|p2a: Ceruledge|def|1
|-boost|p2a: Ceruledge|spe|2
|move|p2a: Ceruledge|Swords Dance|p2a: Ceruledge
|-boost|p2a: Ceruledge|atk|2
|
|upkeep
|turn|7
|
|t:|1778516740
|move|p2a: Ceruledge|Shadow Sneak|p1a: Great Tusk
|-damage|p1a: Great Tusk|0 fnt
|faint|p1a: Great Tusk
|-end|p1a: Great Tusk|Protosynthesis|[silent]
|
|upkeep
|
|t:|1778516743
|switch|p1a: Glitch|Porygon-Z, shiny|63/100
|-ability|p1a: Glitch|Download|boost
|-boost|p1a: Glitch|atk|1
|turn|8
|
|t:|1778516750
|move|p2a: Ceruledge|Bitter Blade|p1a: Glitch
|-damage|p1a: Glitch|0 fnt
|-heal|p2a: Ceruledge|35/100|[from] drain|[of] p1a: Glitch
|faint|p1a: Glitch
|
|upkeep
|
|t:|1778516755
|switch|p1a: Henchman|Scrafty, F, shiny|100/100
|turn|9
|
|t:|1778516765
|move|p2a: Ceruledge|Close Combat|p1a: Henchman
|-supereffective|p1a: Henchman
|-damage|p1a: Henchman|0 fnt
|-unboost|p2a: Ceruledge|def|1
|-unboost|p2a: Ceruledge|spd|1
|faint|p1a: Henchman
|
|upkeep
|
|t:|1778516771
|switch|p1a: Clanker|Iron Moth|100/100
|-enditem|p1a: Clanker|Booster Energy
|-activate|p1a: Clanker|ability: Quark Drive|[fromitem]
|-start|p1a: Clanker|quarkdrivespa
|turn|10
|
|t:|1778516785
|move|p2a: Ceruledge|Shadow Sneak|p1a: Clanker
|-damage|p1a: Clanker|30/100
|move|p1a: Clanker|Fiery Dance|p2a: Ceruledge
|-resisted|p2a: Ceruledge
|-damage|p2a: Ceruledge|0 fnt
|faint|p2a: Ceruledge
|
|upkeep
|
|t:|1778516792
|switch|p2a: Iron Valiant|Iron Valiant|100/100
|-enditem|p2a: Iron Valiant|Booster Energy
|-activate|p2a: Iron Valiant|ability: Quark Drive|[fromitem]
|-start|p2a: Iron Valiant|quarkdrivespe
|turn|11
|
|t:|1778516807
|move|p2a: Iron Valiant|Psychic|p1a: Clanker
|-supereffective|p1a: Clanker
|-damage|p1a: Clanker|0 fnt
|faint|p1a: Clanker
|-end|p1a: Clanker|Quark Drive|[silent]
|
|upkeep
|
|t:|1778516816
|switch|p1a: Anger Management|Salamence, M, shiny|100/100
|turn|12
|
|t:|1778516824
|-terastallize|p1a: Anger Management|Fire
|move|p2a: Iron Valiant|Moonblast|p1a: Anger Management
|-resisted|p1a: Anger Management
|-damage|p1a: Anger Management|76/100
|-unboost|p1a: Anger Management|spa|1
|move|p1a: Anger Management|Dual Wingbeat|p2a: Iron Valiant
|-supereffective|p2a: Iron Valiant
|-damage|p2a: Iron Valiant|35/100
|-supereffective|p2a: Iron Valiant
|-damage|p2a: Iron Valiant|0 fnt
|faint|p2a: Iron Valiant
|-end|p2a: Iron Valiant|Quark Drive|[silent]
|-ability|p1a: Anger Management|Moxie|boost
|-boost|p1a: Anger Management|atk|1
|-hitcount|p2: Iron Valiant|2
|
|upkeep
|
|t:|1778516834
|switch|p2a: Great Tusk|Great Tusk|100/100
|-enditem|p2a: Great Tusk|Booster Energy
|-activate|p2a: Great Tusk|ability: Protosynthesis|[fromitem]
|-start|p2a: Great Tusk|protosynthesisatk
|turn|13
|
|t:|1778516843
|move|p1a: Anger Management|Dual Wingbeat|p2a: Great Tusk
|-supereffective|p2a: Great Tusk
|-damage|p2a: Great Tusk|48/100
|-supereffective|p2a: Great Tusk
|-damage|p2a: Great Tusk|1/100
|-hitcount|p2a: Great Tusk|2
|move|p2a: Great Tusk|Headlong Rush|p1a: Anger Management
|-supereffective|p1a: Anger Management
|-damage|p1a: Anger Management|0 fnt
|-unboost|p2a: Great Tusk|def|1
|-unboost|p2a: Great Tusk|spd|1
|faint|p1a: Anger Management
|
|upkeep
|
|t:|1778516850
|switch|p1a: Black Pearl|Cloyster, M|100/100
|turn|14
|
|t:|1778516855
|move|p2a: Great Tusk|Close Combat|p1a: Black Pearl
|-supereffective|p1a: Black Pearl
|-damage|p1a: Black Pearl|0 fnt
|-unboost|p2a: Great Tusk|def|1
|-unboost|p2a: Great Tusk|spd|1
|faint|p1a: Black Pearl
|
|win|Sl1ck1
|raw|dadudeman44's rating: 1238 &rarr; <strong>1210</strong><br />(-28 for losing)
|raw|Sl1ck1's rating: 1196 &rarr; <strong>1224</strong><br />(+28 for winning)
|l|☆dadudeman44
|player|p1|
|l|☆Sl1ck1
|player|p2|
