|html|<div class="broadcast-blue"><strong>[Gen 9] OU is currently suspecting Tera Blast! For information on how to participate check out the <a href="https://www.smogon.com/tools/suspects/view/200">suspect thread</a>.</strong></div>
|j|☆pixel_dragon9
|j|☆baakrisht
|t:|1776241534
|gametype|singles
|player|p1|pixel_dragon9|170|1270
|player|p2|baakrisht|266|1305
|gen|9
|tier|[Gen 9] OU
|rated|
|rule|HP Percentage Mod: HP is shown in percentages
|rule|Endless Battle Clause: Forcing endless battles is banned
|rule|Species Clause: Limit one of each Pokémon
|rule|OHKO Clause: OHKO moves are banned
|rule|Evasion Items Clause: Evasion items are banned
|rule|Evasion Moves Clause: Evasion moves are banned
|rule|Evasion Abilities Clause: Evasion abilities are banned
|rule|Sleep Moves Clause: Sleep-inducing moves are banned
|clearpoke
|poke|p1|Talonflame, M|
|poke|p1|Iron Valiant|
|poke|p1|Raging Bolt|
|poke|p1|Great Tusk|
|poke|p1|Hatterene, F|
|poke|p1|Ogerpon-Wellspring, F|
|poke|p2|Espeon, F|
|poke|p2|Goodra, F|
|poke|p2|Weezing-Galar, F|
|poke|p2|Orthworm, F|
|poke|p2|Suicune|
|poke|p2|Blissey, F|
|teampreview
|inactive|Battle timer is ON: inactive players will automatically lose when time's up. (requested by pixel_dragon9)
|
|t:|1776241548
|teamsize|p1|6
|teamsize|p2|6
|start
|switch|p1a: Talonflame|Talonflame, M|100/100
|switch|p2a: बिलाई मौसी|Espeon, F|100/100
|turn|1
|
|t:|1776241552
|switch|p2a: Suicune|Suicune|100/100
|-ability|p2a: Suicune|Pressure
|move|p1a: Talonflame|U-turn|p2a: Suicune
|-damage|p2a: Suicune|83/100
|-damage|p1a: Talonflame|84/100|[from] item: Rocky Helmet|[of] p2a: Suicune
|
|t:|1776241564
|switch|p1a: Ogerpon|Ogerpon-Wellspring, F|100/100|[from] U-turn
|
|upkeep
|turn|2
|
|t:|1776241569
|move|p1a: Ogerpon|Knock Off|p2a: Suicune
|-damage|p2a: Suicune|63/100
|-damage|p1a: Ogerpon|84/100|[from] item: Rocky Helmet|[of] p2a: Suicune
|-enditem|p2a: Suicune|Rocky Helmet|[from] move: Knock Off|[of] p1a: Ogerpon
|move|p2a: Suicune|Roar|p1a: Ogerpon
|drag|p1a: Talonflame|Talonflame, M|84/100
|
|upkeep
|turn|3
|
|t:|1776241580
|switch|p2a: दील दो 💖|Orthworm, F|100/100
|move|p1a: Talonflame|U-turn|p2a: दील दो 💖
|-resisted|p2a: दील दो 💖
|-damage|p2a: दील दो 💖|92/100
|
|t:|1776241585
|switch|p1a: Great Tusk|Great Tusk|100/100|[from] U-turn
|
|-heal|p2a: दील दो 💖|98/100|[from] item: Leftovers
|upkeep
|turn|4
|
|t:|1776241588
|move|p1a: Great Tusk|Close Combat|p2a: दील दो 💖
|-supereffective|p2a: दील दो 💖
|-damage|p2a: दील दो 💖|23/100
|-unboost|p1a: Great Tusk|def|1
|-unboost|p1a: Great Tusk|spd|1
|move|p2a: दील दो 💖|Iron Defense|p2a: दील दो 💖
|-boost|p2a: दील दो 💖|def|2
|
|-heal|p2a: दील दो 💖|29/100|[from] item: Leftovers
|upkeep
|turn|5
|
|t:|1776241597
|-terastallize|p2a: दील दो 💖|Fighting
|move|p1a: Great Tusk|Close Combat|p2a: दील दो 💖
|-damage|p2a: दील दो 💖|10/100
|-unboost|p1a: Great Tusk|def|1
|-unboost|p1a: Great Tusk|spd|1
|move|p2a: दील दो 💖|Body Press|p1a: Great Tusk
|-damage|p1a: Great Tusk|0 fnt
|faint|p1a: Great Tusk
|-end|p1a: Great Tusk|Protosynthesis|[silent]
|
|-heal|p2a: दील दो 💖|16/100|[from] item: Leftovers
|upkeep
|
|t:|1776241620
|switch|p1a: Iron Valiant|Iron Valiant|100/100
|-enditem|p1a: Iron Valiant|Booster Energy
|-activate|p1a: Iron Valiant|ability: Quark Drive|[fromitem]
|-start|p1a: Iron Valiant|quarkdrivespe
|turn|6
|
|t:|1776241638
|switch|p2a: बिलाई मौसी|Espeon, F|100/100
|move|p1a: Iron Valiant|Moonblast|p2a: बिलाई मौसी
|-damage|p2a: बिलाई मौसी|62/100
|
|upkeep
|turn|7
|
|t:|1776241644
|move|p1a: Iron Valiant|Calm Mind|p1a: Iron Valiant
|-boost|p1a: Iron Valiant|spa|1
|-boost|p1a: Iron Valiant|spd|1
|move|p2a: बिलाई मौसी|Psychic|p1a: Iron Valiant
|-supereffective|p1a: Iron Valiant
|-damage|p1a: Iron Valiant|0 fnt
|faint|p1a: Iron Valiant
|-end|p1a: Iron Valiant|Quark Drive|[silent]
|
|upkeep
|
|t:|1776241651
|switch|p1a: Talonflame|Talonflame, M|84/100
|turn|8
|
|t:|1776241661
|switch|p2a: Suicune|Suicune|63/100
|-ability|p2a: Suicune|Pressure
|move|p1a: Talonflame|U-turn|p2a: Suicune
|-crit|p2a: Suicune
|-damage|p2a: Suicune|39/100
|
|t:|1776241665
|switch|p1a: Raging Bolt|Raging Bolt|100/100|[from] U-turn
|
|upkeep
|turn|9
|
|t:|1776241676
|switch|p2a: Ms.बप्पी लहरी|Blissey, F|100/100
|move|p1a: Raging Bolt|Volt Switch|p2a: Ms.बप्पी लहरी
|-damage|p2a: Ms.बप्पी लहरी|89/100
|
|t:|1776241682
|-end|p1a: Raging Bolt|Protosynthesis|[silent]
|switch|p1a: Ogerpon|Ogerpon-Wellspring, F|84/100|[from] Volt Switch
|
|-heal|p2a: Ms.बप्पी लहरी|95/100|[from] item: Leftovers
|upkeep
|turn|10
|
|t:|1776241684
|move|p1a: Ogerpon|Ivy Cudgel|p2a: Ms.बप्पी लहरी|[anim] Ivy Cudgel Water
|-damage|p2a: Ms.बप्पी लहरी|0 fnt
|faint|p2a: Ms.बप्पी लहरी
|
|upkeep
|
|t:|1776241692
|switch|p2a: लाठ साहब|Weezing-Galar, F|100/100
|turn|11
|
|t:|1776241695
|move|p1a: Ogerpon|U-turn|p2a: लाठ साहब
|-resisted|p2a: लाठ साहब
|-damage|p2a: लाठ साहब|96/100
|-damage|p1a: Ogerpon|67/100|[from] item: Rocky Helmet|[of] p2a: लाठ साहब
|
|t:|1776241698
|switch|p1a: Raging Bolt|Raging Bolt|100/100|[from] U-turn
|move|p2a: लाठ साहब|Destiny Bond|p2a: लाठ साहब
|-singlemove|p2a: लाठ साहब|Destiny Bond
|
|upkeep
|turn|12
|
|t:|1776241701
|move|p1a: Raging Bolt|Volt Switch|p2a: लाठ साहब
|-damage|p2a: लाठ साहब|35/100
|
|t:|1776241704
|-end|p1a: Raging Bolt|Protosynthesis|[silent]
|switch|p1a: Hatterene|Hatterene, F|100/100|[from] Volt Switch
|move|p2a: लाठ साहब|Toxic Spikes|p1a: Hatterene
|move|p1a: Hatterene|Toxic Spikes|p2a: लाठ साहब|[from] ability: Magic Bounce
|-sidestart|p2: baakrisht|move: Toxic Spikes
|
|upkeep
|turn|13
|-message|baakrisht forfeited.
|
|win|pixel_dragon9
|raw|pixel_dragon9's rating: 1270 &rarr; <strong>1298</strong><br />(+28 for winning)
|raw|baakrisht's rating: 1305 &rarr; <strong>1283</strong><br />(-22 for losing)
