|html|<div class="broadcast-blue"><strong>[Gen 9] OU is currently suspecting Volcarona! For information on how to participate check out the <a href="https://www.smogon.com/tools/suspects/view/208">suspect thread</a>.</strong></div>
|j|☆lapunchmonke
|j|☆gym_leader_cthulhu
|t:|1778496659
|gametype|singles
|player|p1|lapunchmonke|palmer|1128
|player|p2|gym_leader_cthulhu|hiker-gen4|1150
|gen|9
|tier|[Gen 9] OU
|rated|
|rule|HP Percentage Mod: HP is shown in percentages
|rule|Endless Battle Clause: Forcing endless battles is banned
|rule|Species Clause: Limit one of each Pokémon
|rule|OHKO Clause: OHKO moves are banned
|rule|Evasion Items Clause: Evasion items are banned
|rule|Evasion Moves Clause: Evasion moves are banned
|rule|Evasion Abilities Clause: Evasion abilities are banned
|rule|Sleep Moves Clause: Sleep-inducing moves are banned
|clearpoke
|poke|p1|Cinccino, M|
|poke|p1|Enamorus, F|
|poke|p1|Salamence, M|
|poke|p1|Serperior, M|
|poke|p1|Garganacl, F|
|poke|p1|Gholdengo|
|poke|p2|Blaziken, F|
|poke|p2|Corviknight, F|
|poke|p2|Gliscor, F|
|poke|p2|Dondozo, M|
|poke|p2|Blissey, F|
|poke|p2|Iron Valiant|
|teampreview
|
|t:|1778496665
|teamsize|p1|6
|teamsize|p2|6
|start
|switch|p1a: MILE|Cinccino, M, shiny|100/100
|switch|p2a: KFC|Blaziken, F|100/100
|turn|1
|
|t:|1778496675
|switch|p1a: LOUBEL|Salamence, M, shiny|100/100
|move|p2a: KFC|Protect||[still]
|-fail|p2a: KFC
|
|-ability|p2a: KFC|Speed Boost|boost
|-boost|p2a: KFC|spe|1
|upkeep
|turn|2
|
|t:|1778496690
|switch|p2a: Cash Money|Dondozo, M|100/100
|move|p1a: LOUBEL|Dual Wingbeat|p2a: Cash Money
|-damage|p2a: Cash Money|90/100
|-damage|p2a: Cash Money|79/100
|-hitcount|p2a: Cash Money|2
|
|-heal|p2a: Cash Money|85/100|[from] item: Leftovers
|upkeep
|turn|3
|
|t:|1778496700
|switch|p1a: ALAN|Serperior, M, shiny|100/100
|move|p2a: Cash Money|Chilling Water|p1a: ALAN
|-resisted|p1a: ALAN
|-damage|p1a: ALAN|93/100
|-boost|p1a: ALAN|atk|1
|
|-heal|p1a: ALAN|99/100|[from] item: Leftovers
|-heal|p2a: Cash Money|91/100|[from] item: Leftovers
|upkeep
|turn|4
|inactive|Battle timer is ON: inactive players will automatically lose when time's up. (requested by gym_leader_cthulhu)
|
|t:|1778496708
|switch|p2a: Iron Valiant|Iron Valiant|100/100
|-enditem|p2a: Iron Valiant|Booster Energy
|-activate|p2a: Iron Valiant|ability: Quark Drive|[fromitem]
|-start|p2a: Iron Valiant|quarkdrivespe
|move|p1a: ALAN|Leaf Storm|p2a: Iron Valiant
|-damage|p2a: Iron Valiant|4/100
|-boost|p1a: ALAN|spa|2
|
|-heal|p1a: ALAN|100/100|[from] item: Leftovers
|upkeep
|turn|5
|
|t:|1778496720
|move|p2a: Iron Valiant|Destiny Bond|p2a: Iron Valiant
|-singlemove|p2a: Iron Valiant|Destiny Bond
|move|p1a: ALAN|Leaf Storm|p2a: Iron Valiant|[miss]
|-miss|p1a: ALAN|p2a: Iron Valiant
|
|upkeep
|turn|6
|
|t:|1778496730
|switch|p1a: JONT|Enamorus, F, shiny|100/100
|move|p2a: Iron Valiant|Poison Jab|p1a: JONT
|-supereffective|p1a: JONT
|-damage|p1a: JONT|13/100
|
|upkeep
|turn|7
|
|t:|1778496737
|move|p2a: Iron Valiant|Poison Jab|p1a: JONT
|-supereffective|p1a: JONT
|-damage|p1a: JONT|0 fnt
|faint|p1a: JONT
|
|upkeep
|
|t:|1778496741
|switch|p1a: LIME|Gholdengo, shiny|100/100
|-item|p1a: LIME|Air Balloon
|turn|8
|
|t:|1778496746
|move|p2a: Iron Valiant|Destiny Bond|p2a: Iron Valiant
|-singlemove|p2a: Iron Valiant|Destiny Bond
|move|p1a: LIME|Hex|p2a: Iron Valiant
|-damage|p2a: Iron Valiant|0 fnt
|faint|p2a: Iron Valiant
|-activate|p2a: Iron Valiant|move: Destiny Bond
|-end|p2a: Iron Valiant|Quark Drive|[silent]
|faint|p1a: LIME
|
|upkeep
|
|t:|1778496756
|switch|p2a: KFC|Blaziken, F|100/100
|switch|p1a: MILE|Cinccino, M, shiny|100/100
|turn|9
|
|t:|1778496761
|switch|p1a: LOUBEL|Salamence, M, shiny|100/100
|move|p2a: KFC|Swords Dance|p2a: KFC
|-boost|p2a: KFC|atk|2
|
|-ability|p2a: KFC|Speed Boost|boost
|-boost|p2a: KFC|spe|1
|upkeep
|turn|10
|
|t:|1778496778
|move|p2a: KFC|Swords Dance|p2a: KFC
|-boost|p2a: KFC|atk|2
|move|p1a: LOUBEL|Dual Wingbeat|p2a: KFC
|-supereffective|p2a: KFC
|-damage|p2a: KFC|26/100
|-supereffective|p2a: KFC
|-damage|p2a: KFC|0 fnt
|faint|p2a: KFC
|-ability|p1a: LOUBEL|Moxie|boost
|-boost|p1a: LOUBEL|atk|1
|-hitcount|p2: KFC|2
|
|upkeep
|inactive|gym_leader_cthulhu has 120 seconds left.
|
|t:|1778496802
|switch|p2a: Cash Money|Dondozo, M|91/100
|turn|11
|
|t:|1778496807
|switch|p1a: ALAN|Serperior, M, shiny|100/100
|move|p2a: Cash Money|Chilling Water|p1a: ALAN
|-resisted|p1a: ALAN
|-damage|p1a: ALAN|94/100
|-boost|p1a: ALAN|atk|1
|
|-heal|p1a: ALAN|99/100|[from] item: Leftovers
|-heal|p2a: Cash Money|97/100|[from] item: Leftovers
|upkeep
|turn|12
|
|t:|1778496816
|switch|p2a: Birb|Corviknight, F|100/100
|move|p1a: ALAN|Leaf Storm|p2a: Birb
|-resisted|p2a: Birb
|-damage|p2a: Birb|92/100
|-boost|p1a: ALAN|spa|2
|
|-heal|p1a: ALAN|100/100|[from] item: Leftovers
|upkeep
|turn|13
|
|t:|1778496825
|move|p2a: Birb|Drill Peck|p1a: ALAN
|-supereffective|p1a: ALAN
|-damage|p1a: ALAN|44/100
|move|p1a: ALAN|Dragon Tail|p2a: Birb
|-resisted|p2a: Birb
|-damage|p2a: Birb|88/100
|drag|p2a: Cash Money|Dondozo, M|97/100
|
|-heal|p1a: ALAN|50/100|[from] item: Leftovers
|-heal|p2a: Cash Money|100/100|[from] item: Leftovers
|upkeep
|turn|14
|
|t:|1778496834
|switch|p2a: Birb|Corviknight, F|88/100
|move|p1a: ALAN|Leaf Storm|p2a: Birb
|-resisted|p2a: Birb
|-damage|p2a: Birb|70/100
|-boost|p1a: ALAN|spa|2
|
|-heal|p1a: ALAN|57/100|[from] item: Leftovers
|upkeep
|turn|15
|
|t:|1778496842
|move|p1a: ALAN|Leaf Storm|p2a: Birb
|-resisted|p2a: Birb
|-damage|p2a: Birb|45/100
|-boost|p1a: ALAN|spa|2
|move|p2a: Birb|Drill Peck|p1a: ALAN
|-supereffective|p1a: ALAN
|-damage|p1a: ALAN|0 fnt
|faint|p1a: ALAN
|
|upkeep
|
|t:|1778496849
|switch|p1a: CHARLIE|Garganacl, F, shiny|100/100
|turn|16
|
|t:|1778496867
|-terastallize|p2a: Birb|Steel
|move|p2a: Birb|Iron Head|p1a: CHARLIE
|-supereffective|p1a: CHARLIE
|-damage|p1a: CHARLIE|67/100
|cant|p1a: CHARLIE|flinch
|
|upkeep
|turn|17
|
|t:|1778496875
|move|p2a: Birb|Body Press|p1a: CHARLIE
|-supereffective|p1a: CHARLIE
|-damage|p1a: CHARLIE|38/100
|move|p1a: CHARLIE|Iron Defense|p1a: CHARLIE
|-boost|p1a: CHARLIE|def|2
|
|upkeep
|turn|18
|
|t:|1778496884
|move|p2a: Birb|Iron Head|p1a: CHARLIE
|-supereffective|p1a: CHARLIE
|-damage|p1a: CHARLIE|19/100
|cant|p1a: CHARLIE|flinch
|
|upkeep
|turn|19
|
|t:|1778496889
|move|p2a: Birb|Iron Head|p1a: CHARLIE
|-supereffective|p1a: CHARLIE
|-damage|p1a: CHARLIE|0 fnt
|faint|p1a: CHARLIE
|
|upkeep
|
|t:|1778496893
|switch|p1a: LOUBEL|Salamence, M, shiny|100/100
|turn|20
|
|t:|1778496899
|move|p1a: LOUBEL|Flamethrower|p2a: Birb
|-supereffective|p2a: Birb
|-damage|p2a: Birb|16/100
|move|p2a: Birb|Drill Peck|p1a: LOUBEL
|-damage|p1a: LOUBEL|69/100
|
|-heal|p1a: LOUBEL|75/100|[from] item: Leftovers
|upkeep
|turn|21
|
|t:|1778496906
|move|p1a: LOUBEL|Flamethrower|p2a: Birb
|-supereffective|p2a: Birb
|-damage|p2a: Birb|0 fnt
|faint|p2a: Birb
|-ability|p1a: LOUBEL|Moxie|boost
|-boost|p1a: LOUBEL|atk|1
|
|-heal|p1a: LOUBEL|81/100|[from] item: Leftovers
|upkeep
|
|t:|1778496914
|switch|p2a: Cash Money|Dondozo, M|100/100
|turn|22
|
|t:|1778496921
|switch|p1a: MILE|Cinccino, M, shiny|100/100
|move|p2a: Cash Money|Chilling Water|p1a: MILE
|-damage|p1a: MILE|80/100
|-unboost|p1a: MILE|atk|1
|
|upkeep
|turn|23
|
|t:|1778496931
|move|p1a: MILE|Bullet Seed|p2a: Cash Money
|-supereffective|p2a: Cash Money
|-damage|p2a: Cash Money|91/100
|-supereffective|p2a: Cash Money
|-damage|p2a: Cash Money|80/100
|-supereffective|p2a: Cash Money
|-damage|p2a: Cash Money|70/100
|-supereffective|p2a: Cash Money
|-damage|p2a: Cash Money|59/100
|-hitcount|p2a: Cash Money|4
|move|p2a: Cash Money|Chilling Water|p1a: MILE
|-damage|p1a: MILE|59/100
|-unboost|p1a: MILE|atk|1
|
|-heal|p2a: Cash Money|65/100|[from] item: Leftovers
|upkeep
|turn|24
|
|t:|1778496944
|move|p1a: MILE|Bullet Seed|p2a: Cash Money
|-supereffective|p2a: Cash Money
|-damage|p2a: Cash Money|54/100
|-supereffective|p2a: Cash Money
|-damage|p2a: Cash Money|44/100
|-supereffective|p2a: Cash Money
|-damage|p2a: Cash Money|33/100
|-supereffective|p2a: Cash Money
|-damage|p2a: Cash Money|23/100
|-hitcount|p2a: Cash Money|4
|move|p2a: Cash Money|Rest|p2a: Cash Money
|-status|p2a: Cash Money|slp|[from] move: Rest
|-heal|p2a: Cash Money|100/100 slp|[silent]
|
|upkeep
|turn|25
|
|t:|1778496958
|move|p1a: MILE|Bullet Seed|p2a: Cash Money
|-supereffective|p2a: Cash Money
|-damage|p2a: Cash Money|90/100 slp
|-supereffective|p2a: Cash Money
|-damage|p2a: Cash Money|80/100 slp
|-supereffective|p2a: Cash Money
|-damage|p2a: Cash Money|69/100 slp
|-supereffective|p2a: Cash Money
|-damage|p2a: Cash Money|58/100 slp
|-hitcount|p2a: Cash Money|4
|cant|p2a: Cash Money|slp
|move|p2a: Cash Money|Sleep Talk|p2a: Cash Money
|move|p2a: Cash Money|Liquidation|p1a: MILE|[from] move: Sleep Talk
|-damage|p1a: MILE|8/100
|
|-heal|p2a: Cash Money|64/100 slp|[from] item: Leftovers
|upkeep
|turn|26
|
|t:|1778496973
|move|p1a: MILE|Bullet Seed|p2a: Cash Money
|-supereffective|p2a: Cash Money
|-damage|p2a: Cash Money|53/100 slp
|-supereffective|p2a: Cash Money
|-damage|p2a: Cash Money|44/100 slp
|-supereffective|p2a: Cash Money
|-damage|p2a: Cash Money|34/100 slp
|-supereffective|p2a: Cash Money
|-damage|p2a: Cash Money|23/100 slp
|-supereffective|p2a: Cash Money
|-damage|p2a: Cash Money|14/100 slp
|-hitcount|p2a: Cash Money|5
|cant|p2a: Cash Money|slp
|move|p2a: Cash Money|Sleep Talk|p2a: Cash Money
|move|p2a: Cash Money|Rest||[from] move: Sleep Talk|[still]
|-fail|p2a: Cash Money
|
|-heal|p2a: Cash Money|20/100 slp|[from] item: Leftovers
|upkeep
|turn|27
|
|t:|1778496989
|switch|p2a: Blissey|Blissey, F|100/100
|move|p1a: MILE|Bullet Seed|p2a: Blissey
|-damage|p2a: Blissey|95/100
|-damage|p2a: Blissey|90/100
|-damage|p2a: Blissey|85/100
|-damage|p2a: Blissey|80/100
|-hitcount|p2a: Blissey|4
|
|-heal|p2a: Blissey|86/100|[from] item: Leftovers
|upkeep
|turn|28
|
|t:|1778497001
|switch|p1a: LOUBEL|Salamence, M, shiny|81/100
|move|p2a: Blissey|Calm Mind|p2a: Blissey
|-boost|p2a: Blissey|spa|1
|-boost|p2a: Blissey|spd|1
|
|-heal|p1a: LOUBEL|87/100|[from] item: Leftovers
|-heal|p2a: Blissey|92/100|[from] item: Leftovers
|upkeep
|turn|29
|
|t:|1778497009
|-terastallize|p1a: LOUBEL|Steel
|move|p1a: LOUBEL|Dragon Dance|p1a: LOUBEL
|-boost|p1a: LOUBEL|atk|1
|-boost|p1a: LOUBEL|spe|1
|move|p2a: Blissey|Calm Mind|p2a: Blissey
|-boost|p2a: Blissey|spa|1
|-boost|p2a: Blissey|spd|1
|
|-heal|p1a: LOUBEL|93/100|[from] item: Leftovers
|-heal|p2a: Blissey|98/100|[from] item: Leftovers
|upkeep
|turn|30
|
|t:|1778497021
|move|p1a: LOUBEL|Dragon Dance|p1a: LOUBEL
|-boost|p1a: LOUBEL|atk|1
|-boost|p1a: LOUBEL|spe|1
|move|p2a: Blissey|Chilling Water|p1a: LOUBEL
|-damage|p1a: LOUBEL|70/100
|-unboost|p1a: LOUBEL|atk|1
|
|-heal|p1a: LOUBEL|76/100|[from] item: Leftovers
|-heal|p2a: Blissey|100/100|[from] item: Leftovers
|upkeep
|turn|31
|
|t:|1778497030
|move|p1a: LOUBEL|Outrage|p2a: Blissey
|-damage|p2a: Blissey|2/100
|move|p2a: Blissey|Chilling Water|p1a: LOUBEL
|-damage|p1a: LOUBEL|56/100
|-unboost|p1a: LOUBEL|atk|1
|
|-heal|p1a: LOUBEL|62/100|[from] item: Leftovers
|-heal|p2a: Blissey|9/100|[from] item: Leftovers
|upkeep
|turn|32
|
|t:|1778497042
|move|p1a: LOUBEL|Outrage|p2a: Blissey|[from] lockedmove
|-damage|p2a: Blissey|0 fnt
|faint|p2a: Blissey
|-ability|p1a: LOUBEL|Moxie|boost
|-boost|p1a: LOUBEL|atk|1
|
|-heal|p1a: LOUBEL|68/100|[from] item: Leftovers
|upkeep
|
|t:|1778497046
|switch|p2a: Cash Money|Dondozo, M|20/100 slp
|turn|33
|
|t:|1778497051
|move|p1a: LOUBEL|Outrage|p2a: Cash Money|[from] lockedmove
|-damage|p2a: Cash Money|0 fnt
|faint|p2a: Cash Money
|-ability|p1a: LOUBEL|Moxie|boost
|-boost|p1a: LOUBEL|atk|1
|-start|p1a: LOUBEL|confusion|[fatigue]
|
|-heal|p1a: LOUBEL|74/100|[from] item: Leftovers
|upkeep
|
|t:|1778497054
|switch|p2a: Chipmunk|Gliscor, F|100/100
|turn|34
|
|t:|1778497068
|move|p2a: Chipmunk|Protect|p2a: Chipmunk
|-singleturn|p2a: Chipmunk|Protect
|-activate|p1a: LOUBEL|confusion
|move|p1a: LOUBEL|Outrage|p2a: Chipmunk
|-activate|p2a: Chipmunk|move: Protect
|
|-heal|p1a: LOUBEL|80/100|[from] item: Leftovers
|-status|p2a: Chipmunk|tox|[from] item: Toxic Orb
|upkeep
|turn|35
|
|t:|1778497071
|-activate|p1a: LOUBEL|confusion
|-damage|p1a: LOUBEL|41/100|[from] confusion
|move|p2a: Chipmunk|Substitute|p2a: Chipmunk
|-start|p2a: Chipmunk|Substitute
|-damage|p2a: Chipmunk|76/100 tox
|
|-heal|p1a: LOUBEL|47/100|[from] item: Leftovers
|-heal|p2a: Chipmunk|88/100 tox|[from] ability: Poison Heal
|upkeep
|turn|36
|
|t:|1778497080
|move|p2a: Chipmunk|Protect|p2a: Chipmunk
|-singleturn|p2a: Chipmunk|Protect
|-activate|p1a: LOUBEL|confusion
|-damage|p1a: LOUBEL|8/100|[from] confusion
|
|-heal|p1a: LOUBEL|14/100|[from] item: Leftovers
|-heal|p2a: Chipmunk|100/100 tox|[from] ability: Poison Heal
|upkeep
|turn|37
|
|t:|1778497083
|-activate|p1a: LOUBEL|confusion
|-damage|p1a: LOUBEL|0 fnt|[from] confusion
|faint|p1a: LOUBEL
|move|p2a: Chipmunk|Crabhammer|p1: LOUBEL|[notarget]
|-fail|p2a: Chipmunk
|
|upkeep
|
|t:|1778497088
|switch|p1a: MILE|Cinccino, M, shiny|8/100
|turn|38
|
|t:|1778497092
|move|p1a: MILE|Triple Axel|p2a: Chipmunk
|-supereffective|p2a: Chipmunk
|-end|p2a: Chipmunk|Substitute
|-supereffective|p2a: Chipmunk
|-damage|p2a: Chipmunk|35/100 tox
|-supereffective|p2a: Chipmunk
|-damage|p2a: Chipmunk|0 fnt
|faint|p2a: Chipmunk
|-hitcount|p2: Chipmunk|3
|
|win|lapunchmonke
|raw|lapunchmonke's rating: 1128 &rarr; <strong>1155</strong><br />(+27 for winning)
|raw|gym_leader_cthulhu's rating: 1150 &rarr; <strong>1123</strong><br />(-27 for losing)
|l|☆gym_leader_cthulhu
|player|p2|
|l|☆lapunchmonke
|player|p1|
