|html|<div class="broadcast-blue"><strong>[Gen 9] OU is currently suspecting Tera Blast! For information on how to participate check out the <a href="https://www.smogon.com/tools/suspects/view/200">suspect thread</a>.</strong></div>
|j|☆tapeonastick
|j|☆mradvisor
|t:|1776043129
|gametype|singles
|player|p1|tapeonastick|101|1200
|player|p2|mradvisor|hilbert-wonderlauncher|1145
|gen|9
|tier|[Gen 9] OU
|rated|
|rule|HP Percentage Mod: HP is shown in percentages
|rule|Endless Battle Clause: Forcing endless battles is banned
|rule|Species Clause: Limit one of each Pokémon
|rule|OHKO Clause: OHKO moves are banned
|rule|Evasion Items Clause: Evasion items are banned
|rule|Evasion Moves Clause: Evasion moves are banned
|rule|Evasion Abilities Clause: Evasion abilities are banned
|rule|Sleep Moves Clause: Sleep-inducing moves are banned
|clearpoke
|poke|p1|Samurott-Hisui, F|
|poke|p1|Iron Valiant|
|poke|p1|Pecharunt|
|poke|p1|Reuniclus, F|
|poke|p1|Darkrai|
|poke|p1|Kingambit, F|
|poke|p2|Slowking-Galar, F|
|poke|p2|Gholdengo|
|poke|p2|Zarude-Dada|
|poke|p2|Dragonite, F|
|poke|p2|Iron Valiant|
|poke|p2|Ting-Lu|
|teampreview
|inactive|Battle timer is ON: inactive players will automatically lose when time's up. (requested by tapeonastick)
|inactive|mradvisor has 120 seconds left.
|
|t:|1776043166
|teamsize|p1|6
|teamsize|p2|6
|start
|switch|p1a: Valediction|Samurott-Hisui, F|100/100
|switch|p2a: Gholdengo|Gholdengo|100/100
|-item|p2a: Gholdengo|Air Balloon
|turn|1
|inactive|mradvisor has 120 seconds left.
|
|t:|1776043197
|switch|p2a: Ting-Lu|Ting-Lu|100/100
|-ability|p2a: Ting-Lu|Vessel of Ruin
|move|p1a: Valediction|Ceaseless Edge|p2a: Ting-Lu
|-resisted|p2a: Ting-Lu
|-damage|p2a: Ting-Lu|89/100
|-sidestart|p2: mradvisor|Spikes
|
|upkeep
|turn|2
|inactive|mradvisor has 120 seconds left.
|
|t:|1776043214
|-terastallize|p2a: Ting-Lu|Water
|move|p1a: Valediction|Taunt|p2a: Ting-Lu
|-start|p2a: Ting-Lu|move: Taunt
|move|p2a: Ting-Lu|Earthquake|p1a: Valediction
|-damage|p1a: Valediction|46/100
|
|upkeep
|turn|3
|inactive|mradvisor has 120 seconds left.
|
|t:|1776043225
|move|p1a: Valediction|Ceaseless Edge|p2a: Ting-Lu|[miss]
|-miss|p1a: Valediction|p2a: Ting-Lu
|move|p2a: Ting-Lu|Earthquake|p1a: Valediction
|-damage|p1a: Valediction|0 fnt
|faint|p1a: Valediction
|
|upkeep
|
|t:|1776043249
|switch|p1a: Metastasis|Reuniclus, F|100/100
|turn|4
|
|t:|1776043256
|move|p2a: Ting-Lu|Throat Chop|p1a: Metastasis
|-supereffective|p1a: Metastasis
|-damage|p1a: Metastasis|29/100
|-start|p1a: Metastasis|Throat Chop|[silent]
|move|p1a: Metastasis|Trick Room|p1a: Metastasis
|-fieldstart|move: Trick Room|[of] p1a: Metastasis
|
|-end|p2a: Ting-Lu|move: Taunt
|upkeep
|turn|5
|
|t:|1776043266
|move|p1a: Metastasis|Recover|p1a: Metastasis
|-heal|p1a: Metastasis|79/100
|move|p2a: Ting-Lu|Throat Chop|p1a: Metastasis
|-supereffective|p1a: Metastasis
|-damage|p1a: Metastasis|13/100
|
|-end|p1a: Metastasis|Throat Chop|[silent]
|upkeep
|turn|6
|
|t:|1776043286
|-terastallize|p1a: Metastasis|Fighting
|move|p1a: Metastasis|Recover|p1a: Metastasis
|-heal|p1a: Metastasis|63/100
|move|p2a: Ting-Lu|Throat Chop|p1a: Metastasis
|-resisted|p1a: Metastasis
|-damage|p1a: Metastasis|46/100
|-start|p1a: Metastasis|Throat Chop|[silent]
|
|upkeep
|turn|7
|
|t:|1776043294
|move|p1a: Metastasis|Recover|p1a: Metastasis
|-heal|p1a: Metastasis|96/100
|move|p2a: Ting-Lu|Zen Headbutt|p1a: Metastasis
|-supereffective|p1a: Metastasis
|-damage|p1a: Metastasis|49/100
|
|-end|p1a: Metastasis|Throat Chop|[silent]
|upkeep
|turn|8
|
|t:|1776043317
|move|p1a: Metastasis|Recover|p1a: Metastasis
|-heal|p1a: Metastasis|99/100
|move|p2a: Ting-Lu|Zen Headbutt|p1a: Metastasis
|-supereffective|p1a: Metastasis
|-damage|p1a: Metastasis|55/100
|
|-fieldend|move: Trick Room
|upkeep
|turn|9
|
|t:|1776043329
|switch|p1a: Scarlet Devil|Darkrai|100/100
|move|p2a: Ting-Lu|Zen Headbutt|p1a: Scarlet Devil
|-immune|p1a: Scarlet Devil
|
|upkeep
|turn|10
|
|t:|1776043339
|switch|p1a: Mani Katti|Iron Valiant|100/100
|-enditem|p1a: Mani Katti|Booster Energy
|-activate|p1a: Mani Katti|ability: Quark Drive|[fromitem]
|-start|p1a: Mani Katti|quarkdrivespa
|move|p2a: Ting-Lu|Earthquake|p1a: Mani Katti
|-damage|p1a: Mani Katti|43/100
|
|upkeep
|turn|11
|
|t:|1776043349
|move|p1a: Mani Katti|Moonblast|p2a: Ting-Lu
|-damage|p2a: Ting-Lu|60/100
|move|p2a: Ting-Lu|Zen Headbutt|p1a: Mani Katti
|-supereffective|p1a: Mani Katti
|-damage|p1a: Mani Katti|0 fnt
|faint|p1a: Mani Katti
|-end|p1a: Mani Katti|Quark Drive|[silent]
|
|upkeep
|
|t:|1776043354
|switch|p1a: Scarlet Devil|Darkrai|100/100
|turn|12
|
|t:|1776043358
|move|p1a: Scarlet Devil|Knock Off|p2a: Ting-Lu
|-damage|p2a: Ting-Lu|39/100
|-enditem|p2a: Ting-Lu|Assault Vest|[from] move: Knock Off|[of] p1a: Scarlet Devil
|move|p2a: Ting-Lu|Earthquake|p1a: Scarlet Devil
|-damage|p1a: Scarlet Devil|37/100
|
|upkeep
|turn|13
|
|t:|1776043365
|move|p1a: Scarlet Devil|Dark Pulse|p2a: Ting-Lu
|-damage|p2a: Ting-Lu|8/100
|move|p2a: Ting-Lu|Earthquake|p1a: Scarlet Devil
|-damage|p1a: Scarlet Devil|0 fnt
|faint|p1a: Scarlet Devil
|
|upkeep
|
|t:|1776043381
|switch|p1a: Azathoth|Pecharunt|100/100
|turn|14
|
|t:|1776043391
|move|p1a: Azathoth|Malignant Chain|p2a: Ting-Lu
|-damage|p2a: Ting-Lu|0 fnt
|faint|p2a: Ting-Lu
|
|upkeep
|
|t:|1776043402
|switch|p2a: Slowking|Slowking-Galar, F|100/100
|-damage|p2a: Slowking|88/100|[from] Spikes
|turn|15
|
|t:|1776043421
|move|p1a: Azathoth|Shadow Ball|p2a: Slowking
|-supereffective|p2a: Slowking
|-damage|p2a: Slowking|40/100
|move|p2a: Slowking|Thunder Wave|p1a: Azathoth
|-status|p1a: Azathoth|par
|
|-heal|p2a: Slowking|46/100|[from] item: Black Sludge
|upkeep
|turn|16
|
|t:|1776043441
|switch|p2a: Zarude|Zarude-Dada|100/100
|-damage|p2a: Zarude|88/100|[from] Spikes
|move|p1a: Azathoth|Shadow Ball|p2a: Zarude
|-resisted|p2a: Zarude
|-damage|p2a: Zarude|72/100
|-unboost|p2a: Zarude|spd|1
|
|upkeep
|turn|17
|
|t:|1776043456
|switch|p1a: Murasama|Kingambit, F|100/100
|-activate|p1a: Murasama|ability: Supreme Overlord
|-start|p1a: Murasama|fallen3|[silent]
|move|p2a: Zarude|Knock Off|p1a: Murasama
|-resisted|p1a: Murasama
|-damage|p1a: Murasama|83/100
|-enditem|p1a: Murasama|Weakness Policy|[from] move: Knock Off|[of] p2a: Zarude
|
|upkeep
|turn|18
|
|t:|1776043469
|move|p2a: Zarude|Drain Punch|p1a: Murasama
|-supereffective|p1a: Murasama
|-damage|p1a: Murasama|14/100
|-heal|p2a: Zarude|100/100|[from] drain|[of] p1a: Murasama
|move|p1a: Murasama|Iron Head|p2a: Zarude
|-damage|p2a: Zarude|45/100
|
|upkeep
|turn|19
|
|t:|1776043477
|-end|p1a: Murasama|fallen3|[silent]
|switch|p1a: Azathoth|Pecharunt|100/100 par
|move|p2a: Zarude|Drain Punch|p1a: Azathoth
|-immune|p1a: Azathoth
|
|upkeep
|turn|20
|
|t:|1776043483
|move|p2a: Zarude|Knock Off|p1a: Azathoth
|-supereffective|p1a: Azathoth
|-damage|p1a: Azathoth|34/100 par
|-enditem|p1a: Azathoth|Shuca Berry|[from] move: Knock Off|[of] p2a: Zarude
|move|p1a: Azathoth|Malignant Chain|p2a: Zarude
|-supereffective|p2a: Zarude
|-damage|p2a: Zarude|0 fnt
|faint|p2a: Zarude
|
|upkeep
|
|t:|1776043506
|switch|p2a: Dragonite|Dragonite, F|100/100
|turn|21
|
|t:|1776043523
|move|p2a: Dragonite|Dragon Dance|p2a: Dragonite
|-boost|p2a: Dragonite|atk|1
|-boost|p2a: Dragonite|spe|1
|cant|p1a: Azathoth|par
|
|upkeep
|turn|22
|
|t:|1776043531
|move|p2a: Dragonite|Scale Shot|p1a: Azathoth
|-damage|p1a: Azathoth|23/100 par
|-damage|p1a: Azathoth|12/100 par
|-damage|p1a: Azathoth|0 fnt
|faint|p1a: Azathoth
|-hitcount|p1: Azathoth|3
|-unboost|p2a: Dragonite|def|1
|-boost|p2a: Dragonite|spe|1
|
|upkeep
|
|t:|1776043535
|switch|p1a: Murasama|Kingambit, F|14/100
|-activate|p1a: Murasama|ability: Supreme Overlord
|-start|p1a: Murasama|fallen4|[silent]
|turn|23
|
|t:|1776043545
|move|p2a: Dragonite|Aqua Jet|p1a: Murasama
|-damage|p1a: Murasama|2/100
|move|p1a: Murasama|Sucker Punch||[still]
|-fail|p1a: Murasama
|
|upkeep
|turn|24
|
|t:|1776043564
|move|p2a: Dragonite|Aqua Jet|p1a: Murasama
|-damage|p1a: Murasama|0 fnt
|faint|p1a: Murasama
|-end|p1a: Murasama|fallen4|[silent]
|
|upkeep
|c|☆tapeonastick|whoa
|c|☆tapeonastick|did not know it got that
|
|t:|1776043574
|switch|p1a: Metastasis|Reuniclus, F, tera:Fighting|55/100
|turn|25
|
|t:|1776043586
|move|p2a: Dragonite|Scale Shot|p1a: Metastasis
|-damage|p1a: Metastasis|37/100
|-damage|p1a: Metastasis|19/100
|-damage|p1a: Metastasis|4/100
|-damage|p1a: Metastasis|0 fnt
|faint|p1a: Metastasis
|-hitcount|p1: Metastasis|4
|
|win|mradvisor
|raw|tapeonastick's rating: 1200 &rarr; <strong>1171</strong><br />(-29 for losing)
|raw|mradvisor's rating: 1145 &rarr; <strong>1174</strong><br />(+29 for winning)
|l|☆tapeonastick
|player|p1|
|c|☆mradvisor|gg
|l|☆mradvisor
|player|p2|
|j| kjfbvsjf.
|l| kjfbvsjf.
|j| Tullpukuna
|j| irhb
|j|☆mradvisor
|player|p2|mradvisor|hilbert-wonderlauncher|
|j| Shucklepilled
|j| Pikachyyy
|l| Pikachyyy
