|html|<div class="broadcast-blue"><strong>[Gen 9] OU is currently suspecting Tera Blast! For information on how to participate check out the <a href="https://www.smogon.com/tools/suspects/view/200">suspect thread</a>.</strong></div>
|j|☆rivnar
|j|‽MegaMHX
|t:|1776101807
|gametype|singles
|player|p1|rivnar|benga|1489
|player|p2|MegaMHX|miku-ground|1447
|gen|9
|tier|[Gen 9] OU
|rated|
|rule|HP Percentage Mod: HP is shown in percentages
|rule|Endless Battle Clause: Forcing endless battles is banned
|rule|Species Clause: Limit one of each Pokémon
|rule|OHKO Clause: OHKO moves are banned
|rule|Evasion Items Clause: Evasion items are banned
|rule|Evasion Moves Clause: Evasion moves are banned
|rule|Evasion Abilities Clause: Evasion abilities are banned
|rule|Sleep Moves Clause: Sleep-inducing moves are banned
|clearpoke
|poke|p1|Tinkaton, F|
|poke|p1|Ogerpon, F|
|poke|p1|Great Tusk|
|poke|p1|Pecharunt|
|poke|p1|Alomomola, M|
|poke|p1|Hydreigon, F|
|poke|p2|Keldeo-Resolute|
|poke|p2|Ceruledge, F|
|poke|p2|Electrode-Hisui|
|poke|p2|Hydreigon, F|
|poke|p2|Iron Treads|
|poke|p2|Pecharunt|
|teampreview
|inactive|Battle timer is ON: inactive players will automatically lose when time's up. (requested by rivnar)
|
|t:|1776101823
|teamsize|p1|6
|teamsize|p2|6
|start
|switch|p1a: Smile.exe|Tinkaton, F, shiny|100/100
|switch|p2a: Electrode|Electrode-Hisui|100/100
|-item|p1a: Smile.exe|Air Balloon
|turn|1
|
|t:|1776101834
|move|p2a: Electrode|Thunderbolt|p1a: Smile.exe
|-damage|p1a: Smile.exe|53/100
|-status|p1a: Smile.exe|par
|-enditem|p1a: Smile.exe|Air Balloon
|-damage|p2a: Electrode|91/100|[from] item: Life Orb
|move|p1a: Smile.exe|Stealth Rock|p2a: Electrode
|-sidestart|p2: MegaMHX|move: Stealth Rock
|
|upkeep
|turn|2
|
|t:|1776101850
|move|p2a: Electrode|Thunderbolt|p1a: Smile.exe
|-damage|p1a: Smile.exe|7/100 par
|-damage|p2a: Electrode|81/100|[from] item: Life Orb
|move|p1a: Smile.exe|Ice Hammer|p2a: Electrode
|-supereffective|p2a: Electrode
|-damage|p2a: Electrode|0 fnt
|-unboost|p1a: Smile.exe|spe|1
|-damage|p1a: Smile.exe|0 fnt|[from] ability: Aftermath|[of] p2a: Electrode
|faint|p2a: Electrode
|faint|p1a: Smile.exe
|
|upkeep
|
|t:|1776101870
|switch|p2a: Pecharunt|Pecharunt|100/100
|switch|p1a: Anonymous|Ogerpon, F|100/100
|-damage|p2a: Pecharunt|88/100|[from] Stealth Rock
|turn|3
|
|t:|1776101879
|move|p1a: Anonymous|U-turn|p2a: Pecharunt
|-resisted|p2a: Pecharunt
|-damage|p2a: Pecharunt|84/100
|-damage|p1a: Anonymous|84/100|[from] item: Rocky Helmet|[of] p2a: Pecharunt
|
|t:|1776101883
|switch|p1a: Pisces|Alomomola, M, shiny|100/100|[from] U-turn
|move|p2a: Pecharunt|Parting Shot|p1a: Pisces
|-unboost|p1a: Pisces|atk|1
|-unboost|p1a: Pisces|spa|1
|
|t:|1776101892
|switch|p2a: Hydreigon|Hydreigon, F|100/100|[from] Parting Shot
|-damage|p2a: Hydreigon|88/100|[from] Stealth Rock
|
|upkeep
|turn|4
|
|t:|1776101898
|move|p2a: Hydreigon|Substitute|p2a: Hydreigon
|-start|p2a: Hydreigon|Substitute
|-damage|p2a: Hydreigon|63/100
|move|p1a: Pisces|Flip Turn|p2a: Hydreigon
|-resisted|p2a: Hydreigon
|-activate|p2a: Hydreigon|move: Substitute|[damage]
|
|t:|1776101906
|switch|p1a: Anonymous|Ogerpon, F|84/100|[from] Flip Turn
|
|upkeep
|turn|5
|
|t:|1776101912
|move|p1a: Anonymous|U-turn|p2a: Hydreigon
|-supereffective|p2a: Hydreigon
|-end|p2a: Hydreigon|Substitute
|
|t:|1776101915
|switch|p1a: Pisces|Alomomola, M, shiny|100/100|[from] U-turn
|move|p2a: Hydreigon|Stealth Rock|p1a: Pisces
|-sidestart|p1: rivnar|move: Stealth Rock
|
|upkeep
|turn|6
|
|t:|1776101919
|move|p2a: Hydreigon|Substitute|p2a: Hydreigon
|-start|p2a: Hydreigon|Substitute
|-damage|p2a: Hydreigon|38/100
|move|p1a: Pisces|Flip Turn|p2a: Hydreigon
|-resisted|p2a: Hydreigon
|-activate|p2a: Hydreigon|move: Substitute|[damage]
|
|t:|1776101926
|switch|p1a: Anonymous|Ogerpon, F|84/100|[from] Flip Turn
|-damage|p1a: Anonymous|72/100|[from] Stealth Rock
|
|upkeep
|turn|7
|
|t:|1776101943
|move|p1a: Anonymous|U-turn|p2a: Hydreigon
|-supereffective|p2a: Hydreigon
|-end|p2a: Hydreigon|Substitute
|
|t:|1776101946
|switch|p1a: Pisces|Alomomola, M, shiny|100/100|[from] U-turn
|-damage|p1a: Pisces|88/100|[from] Stealth Rock
|move|p2a: Hydreigon|Flamethrower|p1a: Pisces
|-resisted|p1a: Pisces
|-damage|p1a: Pisces|81/100
|
|upkeep
|turn|8
|
|t:|1776101954
|move|p2a: Hydreigon|Substitute|p2a: Hydreigon
|-start|p2a: Hydreigon|Substitute
|-damage|p2a: Hydreigon|13/100
|move|p1a: Pisces|Play Rough|p2a: Hydreigon
|-supereffective|p2a: Hydreigon
|-end|p2a: Hydreigon|Substitute
|
|upkeep
|turn|9
|
|t:|1776101964
|move|p1a: Pisces|Aqua Jet|p2a: Hydreigon
|-resisted|p2a: Hydreigon
|-damage|p2a: Hydreigon|7/100
|move|p2a: Hydreigon|Draco Meteor|p1a: Pisces
|-damage|p1a: Pisces|49/100
|-unboost|p2a: Hydreigon|spa|2
|-enditem|p2a: Hydreigon|Eject Pack
|
|t:|1776101977
|switch|p2a: Pecharunt|Pecharunt|84/100
|-damage|p2a: Pecharunt|72/100|[from] Stealth Rock
|
|upkeep
|turn|10
|
|t:|1776101987
|move|p2a: Pecharunt|Malignant Chain|p1a: Pisces
|-damage|p1a: Pisces|33/100
|move|p1a: Pisces|Mirror Coat|p2a: Pecharunt
|-damage|p2a: Pecharunt|29/100
|
|upkeep
|turn|11
|
|t:|1776101994
|switch|p1a: Hydreigon|Hydreigon, F|100/100
|-damage|p1a: Hydreigon|88/100|[from] Stealth Rock
|move|p2a: Pecharunt|Recover|p2a: Pecharunt
|-heal|p2a: Pecharunt|79/100
|
|upkeep
|turn|12
|
|t:|1776102004
|switch|p2a: Iron Treads|Iron Treads|100/100
|-damage|p2a: Iron Treads|97/100|[from] Stealth Rock
|move|p1a: Hydreigon|Dark Pulse|p2a: Iron Treads
|-damage|p2a: Iron Treads|59/100
|
|upkeep
|turn|13
|
|t:|1776102024
|switch|p1a: Overseer|Pecharunt|100/100
|-damage|p1a: Overseer|88/100|[from] Stealth Rock
|move|p2a: Iron Treads|Volt Switch|p1a: Overseer
|-damage|p1a: Overseer|78/100
|
|t:|1776102034
|-end|p2a: Iron Treads|Quark Drive|[silent]
|switch|p2a: Keldeo|Keldeo-Resolute|100/100|[from] Volt Switch
|-damage|p2a: Keldeo|94/100|[from] Stealth Rock
|
|upkeep
|turn|14
|
|t:|1776102041
|switch|p1a: Pisces|Alomomola, M, shiny|66/100
|-damage|p1a: Pisces|54/100|[from] Stealth Rock
|move|p2a: Keldeo|Surf|p1a: Pisces
|-resisted|p1a: Pisces
|-damage|p1a: Pisces|38/100
|
|upkeep
|turn|15
|
|t:|1776102051
|switch|p2a: Pecharunt|Pecharunt|79/100
|-damage|p2a: Pecharunt|67/100|[from] Stealth Rock
|switch|p1a: Overseer|Pecharunt|78/100
|-damage|p1a: Overseer|65/100|[from] Stealth Rock
|
|upkeep
|turn|16
|
|t:|1776102058
|switch|p1a: Hydreigon|Hydreigon, F|88/100
|-damage|p1a: Hydreigon|76/100|[from] Stealth Rock
|move|p2a: Pecharunt|Parting Shot|p1a: Hydreigon
|-unboost|p1a: Hydreigon|atk|1
|-unboost|p1a: Hydreigon|spa|1
|
|t:|1776102076
|switch|p2a: Keldeo|Keldeo-Resolute|94/100|[from] Parting Shot
|-damage|p2a: Keldeo|88/100|[from] Stealth Rock
|
|upkeep
|turn|17
|
|t:|1776102091
|switch|p1a: Pisces|Alomomola, M, shiny|71/100
|-damage|p1a: Pisces|59/100|[from] Stealth Rock
|move|p2a: Keldeo|Secret Sword|p1a: Pisces
|-damage|p1a: Pisces|8/100
|
|upkeep
|turn|18
|
|t:|1776102106
|switch|p2a: Iron Treads|Iron Treads|59/100
|-damage|p2a: Iron Treads|56/100|[from] Stealth Rock
|switch|p1a: Overseer|Pecharunt|65/100
|-damage|p1a: Overseer|53/100|[from] Stealth Rock
|
|upkeep
|turn|19
|
|t:|1776102118
|switch|p1a: Hydreigon|Hydreigon, F|76/100
|-damage|p1a: Hydreigon|64/100|[from] Stealth Rock
|move|p2a: Iron Treads|Earthquake|p1a: Hydreigon
|-immune|p1a: Hydreigon|[from] ability: Levitate
|
|upkeep
|turn|20
|
|t:|1776102126
|move|p1a: Hydreigon|Earth Power|p2a: Iron Treads
|-supereffective|p2a: Iron Treads
|-damage|p2a: Iron Treads|0 fnt
|faint|p2a: Iron Treads
|-end|p2a: Iron Treads|Quark Drive|[silent]
|
|upkeep
|
|t:|1776102138
|switch|p2a: Keldeo|Keldeo-Resolute|88/100
|-damage|p2a: Keldeo|82/100|[from] Stealth Rock
|turn|21
|
|t:|1776102146
|switch|p1a: Overseer|Pecharunt|53/100
|-damage|p1a: Overseer|40/100|[from] Stealth Rock
|move|p2a: Keldeo|Flip Turn|p1a: Overseer
|-damage|p1a: Overseer|33/100
|-damage|p2a: Keldeo|66/100|[from] item: Rocky Helmet|[of] p1a: Overseer
|
|t:|1776102156
|switch|p2a: Hydreigon|Hydreigon, F|7/100|[from] Flip Turn
|-damage|p2a: Hydreigon|0 fnt|[from] Stealth Rock
|faint|p2a: Hydreigon
|
|upkeep
|
|t:|1776102165
|switch|p2a: Keldeo|Keldeo-Resolute|66/100
|-damage|p2a: Keldeo|59/100|[from] Stealth Rock
|turn|22
|inactive|rivnar has 120 seconds left.
|
|t:|1776102203
|switch|p1a: Behemoth|Great Tusk, shiny|100/100
|move|p2a: Keldeo|Surf|p1a: Behemoth
|-supereffective|p1a: Behemoth
|-damage|p1a: Behemoth|0 fnt
|faint|p1a: Behemoth
|-end|p1a: Behemoth|Protosynthesis|[silent]
|
|upkeep
|
|t:|1776102211
|switch|p1a: Pisces|Alomomola, M, shiny|42/100
|-damage|p1a: Pisces|29/100|[from] Stealth Rock
|turn|23
|
|t:|1776102218
|move|p2a: Keldeo|Surf|p1a: Pisces
|-resisted|p1a: Pisces
|-damage|p1a: Pisces|13/100
|move|p1a: Pisces|Flip Turn|p2a: Keldeo
|-resisted|p2a: Keldeo
|-damage|p2a: Keldeo|49/100
|inactive|rivnar has 120 seconds left.
|
|t:|1776102230
|switch|p1a: Anonymous|Ogerpon, F|72/100|[from] Flip Turn
|-damage|p1a: Anonymous|59/100|[from] Stealth Rock
|
|upkeep
|turn|24
|inactive|rivnar has 120 seconds left.
|
|t:|1776102243
|switch|p2a: Pecharunt|Pecharunt|67/100
|-damage|p2a: Pecharunt|54/100|[from] Stealth Rock
|move|p1a: Anonymous|U-turn|p2a: Pecharunt
|-resisted|p2a: Pecharunt
|-damage|p2a: Pecharunt|50/100
|-damage|p1a: Anonymous|43/100|[from] item: Rocky Helmet|[of] p2a: Pecharunt
|inactive|rivnar has 120 seconds left.
|
|t:|1776102250
|switch|p1a: Hydreigon|Hydreigon, F|64/100|[from] U-turn
|-damage|p1a: Hydreigon|51/100|[from] Stealth Rock
|
|upkeep
|turn|25
|
|t:|1776102265
|move|p1a: Hydreigon|Dark Pulse|p2a: Pecharunt
|-supereffective|p2a: Pecharunt
|-damage|p2a: Pecharunt|0 fnt
|faint|p2a: Pecharunt
|
|upkeep
|
|t:|1776102272
|switch|p2a: Keldeo|Keldeo-Resolute|49/100
|-damage|p2a: Keldeo|43/100|[from] Stealth Rock
|turn|26
|
|t:|1776102281
|switch|p1a: Overseer|Pecharunt|33/100
|-damage|p1a: Overseer|21/100|[from] Stealth Rock
|move|p2a: Keldeo|Secret Sword|p1a: Overseer
|-immune|p1a: Overseer
|
|upkeep
|turn|27
|
|t:|1776102294
|switch|p2a: Ceruledge|Ceruledge, F|100/100
|-damage|p2a: Ceruledge|75/100|[from] Stealth Rock
|move|p1a: Overseer|Shadow Ball|p2a: Ceruledge
|-supereffective|p2a: Ceruledge
|-damage|p2a: Ceruledge|16/100
|
|upkeep
|turn|28
|
|t:|1776102304
|switch|p1a: Pisces|Alomomola, M, shiny|46/100
|-damage|p1a: Pisces|34/100|[from] Stealth Rock
|move|p2a: Ceruledge|Bitter Blade|p1a: Pisces
|-resisted|p1a: Pisces
|-damage|p1a: Pisces|10/100
|-heal|p2a: Ceruledge|37/100|[from] drain|[of] p1a: Pisces
|-damage|p2a: Ceruledge|28/100|[from] item: Life Orb
|
|upkeep
|turn|29
|
|t:|1776102320
|move|p1a: Pisces|Aqua Jet|p2a: Ceruledge
|-supereffective|p2a: Ceruledge
|-damage|p2a: Ceruledge|0 fnt
|faint|p2a: Ceruledge
|
|upkeep
|
|t:|1776102323
|switch|p2a: Keldeo|Keldeo-Resolute|43/100
|-damage|p2a: Keldeo|37/100|[from] Stealth Rock
|turn|30
|
|t:|1776102333
|-terastallize|p2a: Keldeo|Water
|move|p1a: Pisces|Aqua Jet|p2a: Keldeo
|-resisted|p2a: Keldeo
|-damage|p2a: Keldeo|31/100
|move|p2a: Keldeo|Surf|p1a: Pisces
|-resisted|p1a: Pisces
|-damage|p1a: Pisces|0 fnt
|faint|p1a: Pisces
|
|upkeep
|
|t:|1776102358
|switch|p1a: Anonymous|Ogerpon, F|43/100
|-damage|p1a: Anonymous|30/100|[from] Stealth Rock
|turn|31
|
|t:|1776102363
|-terastallize|p1a: Anonymous|Grass
|detailschange|p1a: Anonymous|Ogerpon-Teal-Tera, F, tera:Grass
|-ability|p1a: Anonymous|Embody Aspect (Teal)|boost
|-boost|p1a: Anonymous|spe|1
|move|p1a: Anonymous|Ivy Cudgel|p2a: Keldeo
|-supereffective|p2a: Keldeo
|-crit|p2a: Keldeo
|-damage|p2a: Keldeo|0 fnt
|faint|p2a: Keldeo
|
|win|rivnar
|raw|rivnar's rating: 1489 &rarr; <strong>1507</strong><br />(+18 for winning)
|raw|MegaMHX's rating: 1447 &rarr; <strong>1429</strong><br />(-18 for losing)
|l|‽MegaMHX
|player|p2|
|l|☆rivnar
|player|p1|
