|html|<div class="broadcast-blue"><strong>[Gen 9] OU is currently suspecting Tera Blast! For information on how to participate check out the <a href="https://www.smogon.com/tools/suspects/view/200">suspect thread</a>.</strong></div>
|j|☆clouddaearth
|j|☆ArthurowVidal
|t:|1776085868
|gametype|singles
|player|p1|clouddaearth|1|1391
|player|p2|ArthurowVidal|2|1397
|gen|9
|tier|[Gen 9] OU
|rated|
|rule|HP Percentage Mod: HP is shown in percentages
|rule|Endless Battle Clause: Forcing endless battles is banned
|rule|Species Clause: Limit one of each Pokémon
|rule|OHKO Clause: OHKO moves are banned
|rule|Evasion Items Clause: Evasion items are banned
|rule|Evasion Moves Clause: Evasion moves are banned
|rule|Evasion Abilities Clause: Evasion abilities are banned
|rule|Sleep Moves Clause: Sleep-inducing moves are banned
|clearpoke
|poke|p1|Gengar, F|
|poke|p1|Weavile, F|
|poke|p1|Iron Treads|
|poke|p1|Blaziken, M|
|poke|p1|Azumarill, F|
|poke|p1|Dragonite, F|
|poke|p2|Gholdengo|
|poke|p2|Glimmora, M|
|poke|p2|Zamazenta-*|
|poke|p2|Grimmsnarl, M|
|poke|p2|Polteageist|
|poke|p2|Ogerpon-Wellspring, F|
|teampreview
|
|t:|1776085880
|teamsize|p1|6
|teamsize|p2|6
|start
|switch|p1a: Weavile|Weavile, F|100/100
|switch|p2a: Glimmora|Glimmora, M, shiny|100/100
|turn|1
|
|t:|1776085887
|move|p1a: Weavile|Triple Axel|p2a: Glimmora|[miss]
|-miss|p1a: Weavile|p2a: Glimmora
|move|p2a: Glimmora|Stealth Rock|p1a: Weavile
|-sidestart|p1: clouddaearth|move: Stealth Rock
|
|upkeep
|turn|2
|
|t:|1776085892
|move|p1a: Weavile|Triple Axel|p2a: Glimmora
|-damage|p2a: Glimmora|92/100
|-activate|p2a: Glimmora|ability: Toxic Debris
|-sidestart|p1: clouddaearth|move: Toxic Spikes
|-damage|p2a: Glimmora|74/100
|-activate|p2a: Glimmora|ability: Toxic Debris
|-sidestart|p1: clouddaearth|move: Toxic Spikes
|-damage|p2a: Glimmora|46/100
|-hitcount|p2a: Glimmora|3
|-enditem|p2a: Glimmora|Red Card|[of] p1a: Weavile
|drag|p1a: Dragonite|Dragonite, F|100/100
|-damage|p1a: Dragonite|76/100|[from] Stealth Rock
|move|p2a: Glimmora|Spikes|p1a: Dragonite
|-sidestart|p1: clouddaearth|Spikes
|
|upkeep
|turn|3
|
|t:|1776085910
|switch|p2a: Gholdengo|Gholdengo, shiny|100/100
|-item|p2a: Gholdengo|Air Balloon
|move|p1a: Dragonite|Dragon Dance|p1a: Dragonite
|-boost|p1a: Dragonite|atk|1
|-boost|p1a: Dragonite|spe|1
|
|upkeep
|turn|4
|
|t:|1776085918
|move|p1a: Dragonite|Ice Spinner|p2a: Gholdengo
|-resisted|p2a: Gholdengo
|-damage|p2a: Gholdengo|75/100
|-enditem|p2a: Gholdengo|Air Balloon
|move|p2a: Gholdengo|Dazzling Gleam|p1a: Dragonite
|-supereffective|p1a: Dragonite
|-damage|p1a: Dragonite|14/100
|
|upkeep
|turn|5
|
|t:|1776085926
|move|p1a: Dragonite|Earthquake|p2a: Gholdengo
|-supereffective|p2a: Gholdengo
|-damage|p2a: Gholdengo|0 fnt
|faint|p2a: Gholdengo
|
|upkeep
|
|t:|1776085933
|switch|p2a: Zamazenta|Zamazenta, shiny|100/100
|-ability|p2a: Zamazenta|Dauntless Shield|boost
|-boost|p2a: Zamazenta|def|1
|turn|6
|
|t:|1776085942
|move|p1a: Dragonite|Extreme Speed|p2a: Zamazenta
|-damage|p2a: Zamazenta|74/100
|move|p2a: Zamazenta|Iron Defense|p2a: Zamazenta
|-boost|p2a: Zamazenta|def|2
|
|-heal|p2a: Zamazenta|80/100|[from] item: Leftovers
|upkeep
|turn|7
|
|t:|1776085952
|move|p1a: Dragonite|Extreme Speed|p2a: Zamazenta
|-crit|p2a: Zamazenta
|-damage|p2a: Zamazenta|29/100
|move|p2a: Zamazenta|Substitute|p2a: Zamazenta
|-start|p2a: Zamazenta|Substitute
|-damage|p2a: Zamazenta|5/100
|
|-heal|p2a: Zamazenta|11/100|[from] item: Leftovers
|upkeep
|turn|8
|
|t:|1776085960
|move|p1a: Dragonite|Extreme Speed|p2a: Zamazenta
|-activate|p2a: Zamazenta|move: Substitute|[damage]
|move|p2a: Zamazenta|Crunch|p1a: Dragonite
|-damage|p1a: Dragonite|0 fnt
|faint|p1a: Dragonite
|
|-heal|p2a: Zamazenta|17/100|[from] item: Leftovers
|upkeep
|
|t:|1776085969
|switch|p1a: Iron Treads|Iron Treads|100/100
|-damage|p1a: Iron Treads|97/100|[from] Stealth Rock
|-damage|p1a: Iron Treads|85/100|[from] Spikes
|-enditem|p1a: Iron Treads|Booster Energy
|-activate|p1a: Iron Treads|ability: Quark Drive|[fromitem]
|-start|p1a: Iron Treads|quarkdrivespe
|turn|9
|
|t:|1776085976
|move|p1a: Iron Treads|Rapid Spin|p2a: Zamazenta
|-activate|p2a: Zamazenta|move: Substitute|[damage]
|-sideend|p1: clouddaearth|Spikes|[from] move: Rapid Spin|[of] p1a: Iron Treads
|-sideend|p1: clouddaearth|Toxic Spikes|[from] move: Rapid Spin|[of] p1a: Iron Treads
|-sideend|p1: clouddaearth|Stealth Rock|[from] move: Rapid Spin|[of] p1a: Iron Treads
|-boost|p1a: Iron Treads|spe|1
|move|p2a: Zamazenta|Body Press|p1a: Iron Treads
|-supereffective|p1a: Iron Treads
|-damage|p1a: Iron Treads|0 fnt
|faint|p1a: Iron Treads
|-end|p1a: Iron Treads|Quark Drive|[silent]
|
|-heal|p2a: Zamazenta|23/100|[from] item: Leftovers
|upkeep
|
|t:|1776085981
|switch|p1a: Gengar|Gengar, F|100/100
|turn|10
|
|t:|1776085999
|move|p1a: Gengar|Encore|p2a: Zamazenta
|-start|p2a: Zamazenta|Encore
|move|p2a: Zamazenta|Body Press|p1a: Gengar
|-immune|p1a: Gengar
|
|-heal|p2a: Zamazenta|29/100|[from] item: Leftovers
|upkeep
|turn|11
|
|t:|1776086003
|switch|p1a: Azumarill|Azumarill, F|100/100
|switch|p2a: Grimmsnarl|Grimmsnarl, M, shiny|100/100
|
|upkeep
|turn|12
|
|t:|1776086008
|move|p2a: Grimmsnarl|Taunt|p1a: Azumarill
|-start|p1a: Azumarill|move: Taunt
|move|p1a: Azumarill|Play Rough|p2a: Grimmsnarl
|-supereffective|p2a: Grimmsnarl
|-damage|p2a: Grimmsnarl|0 fnt
|faint|p2a: Grimmsnarl
|
|upkeep
|
|t:|1776086025
|switch|p2a: Ogerpon|Ogerpon-Wellspring, F|100/100
|turn|13
|
|t:|1776086030
|switch|p1a: Weavile|Weavile, F|100/100
|move|p2a: Ogerpon|Power Whip|p1a: Weavile
|-enditem|p1a: Weavile|Focus Sash
|-damage|p1a: Weavile|1/100
|
|upkeep
|turn|14
|inactive|Battle timer is ON: inactive players will automatically lose when time's up. (requested by clouddaearth)
|
|t:|1776086049
|-terastallize|p2a: Ogerpon|Water
|detailschange|p2a: Ogerpon|Ogerpon-Wellspring-Tera, F, tera:Water
|-ability|p2a: Ogerpon|Embody Aspect (Wellspring)|boost
|-boost|p2a: Ogerpon|spd|1
|move|p1a: Weavile|Triple Axel|p2a: Ogerpon
|-resisted|p2a: Ogerpon
|-damage|p2a: Ogerpon|94/100
|-resisted|p2a: Ogerpon
|-crit|p2a: Ogerpon
|-damage|p2a: Ogerpon|73/100
|-hitcount|p2a: Ogerpon|2
|move|p2a: Ogerpon|Knock Off|p1a: Weavile
|-resisted|p1a: Weavile
|-damage|p1a: Weavile|0 fnt
|faint|p1a: Weavile
|
|upkeep
|
|t:|1776086055
|switch|p1a: Blaziken|Blaziken, M|100/100
|turn|15
|
|t:|1776086069
|move|p1a: Blaziken|Protect|p1a: Blaziken
|-singleturn|p1a: Blaziken|Protect
|move|p2a: Ogerpon|Ivy Cudgel|p1a: Blaziken|[anim] Ivy Cudgel Water
|-activate|p1a: Blaziken|move: Protect
|
|-ability|p1a: Blaziken|Speed Boost|boost
|-boost|p1a: Blaziken|spe|1
|upkeep
|turn|16
|inactive|ArthurowVidal has 120 seconds left.
|inactive|ArthurowVidal has 90 seconds left.
|
|t:|1776086146
|move|p1a: Blaziken|Close Combat|p2a: Ogerpon
|-damage|p2a: Ogerpon|0 fnt
|-unboost|p1a: Blaziken|def|1
|-unboost|p1a: Blaziken|spd|1
|faint|p2a: Ogerpon
|detailschange|p2: Ogerpon|Ogerpon-Wellspring, F|[silent]
|-damage|p1a: Blaziken|91/100|[from] item: Life Orb
|
|-ability|p1a: Blaziken|Speed Boost|boost
|-boost|p1a: Blaziken|spe|1
|upkeep
|c|☆clouddaearth|Bruh
|
|t:|1776086157
|switch|p2a: Glimmora|Glimmora, M, shiny|46/100
|turn|17
|
|t:|1776086161
|move|p1a: Blaziken|Close Combat|p2a: Glimmora
|-damage|p2a: Glimmora|0 fnt
|-unboost|p1a: Blaziken|def|1
|-unboost|p1a: Blaziken|spd|1
|-activate|p2a: Glimmora|ability: Toxic Debris
|-sidestart|p1: clouddaearth|move: Toxic Spikes
|faint|p2a: Glimmora
|-damage|p1a: Blaziken|81/100|[from] item: Life Orb
|
|-ability|p1a: Blaziken|Speed Boost|boost
|-boost|p1a: Blaziken|spe|1
|upkeep
|inactive|ArthurowVidal has 60 seconds left.
|c|☆clouddaearth|Gg
|
|t:|1776086189
|switch|p2a: Polteageist|Polteageist, shiny|100/100
|turn|18
|
|t:|1776086193
|move|p1a: Blaziken|Flare Blitz|p2a: Polteageist
|-damage|p2a: Polteageist|0 fnt
|faint|p2a: Polteageist
|-damage|p1a: Blaziken|52/100|[from] Recoil
|-damage|p1a: Blaziken|42/100|[from] item: Life Orb
|
|-ability|p1a: Blaziken|Speed Boost|boost
|-boost|p1a: Blaziken|spe|1
|upkeep
|
|t:|1776086197
|switch|p2a: Zamazenta|Zamazenta, shiny|29/100
|turn|19
|inactive|ArthurowVidal has 60 seconds left.
|inactive|ArthurowVidal has 30 seconds left.
|inactive|ArthurowVidal has 20 seconds left.
|inactive|ArthurowVidal has 15 seconds left.
|inactive|ArthurowVidal has 10 seconds left.
|inactive|ArthurowVidal has 5 seconds left.
|-message|ArthurowVidal lost due to inactivity.
|
|win|clouddaearth
|raw|clouddaearth's rating: 1391 &rarr; <strong>1411</strong><br />(+20 for winning)
|raw|ArthurowVidal's rating: 1397 &rarr; <strong>1377</strong><br />(-20 for losing)
|l|☆clouddaearth
|player|p1|
|l|☆ArthurowVidal
|player|p2|
