|html|<div class="broadcast-blue"><strong>[Gen 9] OU is currently suspecting Tera Blast! For information on how to participate check out the <a href="https://www.smogon.com/tools/suspects/view/200">suspect thread</a>.</strong></div>
|j|☆new human two
|j|☆64wasian
|t:|1776178756
|gametype|singles
|player|p1|new human two|lucas|1347
|player|p2|64wasian|steven|1409
|gen|9
|tier|[Gen 9] OU
|rated|
|rule|HP Percentage Mod: HP is shown in percentages
|rule|Endless Battle Clause: Forcing endless battles is banned
|rule|Species Clause: Limit one of each Pokémon
|rule|OHKO Clause: OHKO moves are banned
|rule|Evasion Items Clause: Evasion items are banned
|rule|Evasion Moves Clause: Evasion moves are banned
|rule|Evasion Abilities Clause: Evasion abilities are banned
|rule|Sleep Moves Clause: Sleep-inducing moves are banned
|clearpoke
|poke|p1|Mienshao, F|
|poke|p1|Blissey, F|
|poke|p1|Gengar, M|
|poke|p1|Slowbro, M|
|poke|p1|Krookodile, M|
|poke|p1|Talonflame, M|
|poke|p2|Mew|
|poke|p2|Glimmora, M|
|poke|p2|Raging Bolt|
|poke|p2|Goodra-Hisui, M|
|poke|p2|Ceruledge, F|
|poke|p2|Deoxys-Speed|
|teampreview
|inactive|Battle timer is ON: inactive players will automatically lose when time's up. (requested by 64wasian)
|inactive|new human two also wants the timer to be on.
|
|t:|1776178769
|teamsize|p1|6
|teamsize|p2|6
|start
|switch|p1a: Gengar|Gengar, M|100/100
|switch|p2a: Deoxys|Deoxys-Speed|100/100
|-ability|p2a: Deoxys|Pressure
|turn|1
|
|t:|1776178781
|switch|p1a: Slowbro|Slowbro, M|100/100
|move|p2a: Deoxys|Shadow Ball|p1a: Slowbro
|-supereffective|p1a: Slowbro
|-damage|p1a: Slowbro|54/100
|
|upkeep
|turn|2
|
|t:|1776178795
|switch|p1a: Blissey|Blissey, F|100/100
|move|p2a: Deoxys|Thunderbolt|p1a: Blissey
|-damage|p1a: Blissey|92/100
|
|upkeep
|turn|3
|
|t:|1776178803
|switch|p2a: Glimmora|Glimmora, M|100/100
|move|p1a: Blissey|Stealth Rock|p2a: Glimmora
|-sidestart|p2: 64wasian|move: Stealth Rock
|
|upkeep
|turn|4
|
|t:|1776178815
|switch|p1a: Gengar|Gengar, M|100/100
|move|p2a: Glimmora|Mortal Spin|p1a: Gengar
|-resisted|p1a: Gengar
|-damage|p1a: Gengar|98/100
|-sideend|p2: 64wasian|Stealth Rock|[from] move: Mortal Spin|[of] p2a: Glimmora
|
|upkeep
|turn|5
|
|t:|1776178821
|-terastallize|p1a: Gengar|Ghost
|move|p1a: Gengar|Shadow Ball|p2a: Glimmora
|-enditem|p2a: Glimmora|Focus Sash
|-damage|p2a: Glimmora|1/100
|-unboost|p2a: Glimmora|spd|1
|move|p2a: Glimmora|Earth Power|p1a: Gengar
|-damage|p1a: Gengar|47/100
|
|upkeep
|turn|6
|
|t:|1776178833
|move|p1a: Gengar|Shadow Ball|p2a: Glimmora
|-damage|p2a: Glimmora|0 fnt
|faint|p2a: Glimmora
|
|upkeep
|
|t:|1776178843
|switch|p2a: Ceruledge|Ceruledge, F|100/100
|turn|7
|
|t:|1776178852
|move|p2a: Ceruledge|Shadow Sneak|p1a: Gengar
|-supereffective|p1a: Gengar
|-damage|p1a: Gengar|0 fnt
|-start|p2a: Ceruledge|Disable|Shadow Sneak|[from] ability: Cursed Body|[of] p1a: Gengar
|faint|p1a: Gengar
|
|upkeep
|
|t:|1776178858
|switch|p1a: Krookodile|Krookodile, M|100/100
|-ability|p1a: Krookodile|Intimidate|boost
|-unboost|p2a: Ceruledge|atk|1
|turn|8
|
|t:|1776178869
|switch|p2a: Goodra|Goodra-Hisui, M|100/100
|move|p1a: Krookodile|Earthquake|p2a: Goodra
|-supereffective|p2a: Goodra
|-damage|p2a: Goodra|0 fnt
|faint|p2a: Goodra
|
|upkeep
|
|t:|1776178876
|switch|p2a: Deoxys|Deoxys-Speed|100/100
|-ability|p2a: Deoxys|Pressure
|turn|9
|
|t:|1776178883
|switch|p1a: Blissey|Blissey, F|92/100
|move|p2a: Deoxys|Ice Beam|p1a: Blissey
|-damage|p1a: Blissey|85/100
|
|upkeep
|turn|10
|
|t:|1776178896
|switch|p2a: Mew|Mew|100/100
|move|p1a: Blissey|Thunder Wave|p2a: Mew
|-status|p2a: Mew|par
|-activate|p2a: Mew|ability: Synchronize
|-status|p1a: Blissey|par
|
|upkeep
|turn|11
|
|t:|1776178913
|-curestatus|p1a: Blissey|par|[from] ability: Natural Cure
|switch|p1a: Slowbro|Slowbro, M|88/100
|move|p2a: Mew|Dragon Dance|p2a: Mew
|-boost|p2a: Mew|atk|1
|-boost|p2a: Mew|spe|1
|
|upkeep
|turn|12
|
|t:|1776178930
|cant|p2a: Mew|par
|move|p1a: Slowbro|Scald|p2a: Mew
|-damage|p2a: Mew|71/100 par
|
|upkeep
|turn|13
|
|t:|1776178946
|move|p2a: Mew|Dragon Dance|p2a: Mew
|-boost|p2a: Mew|atk|1
|-boost|p2a: Mew|spe|1
|move|p1a: Slowbro|Scald|p2a: Mew
|-damage|p2a: Mew|44/100 par
|
|upkeep
|turn|14
|
|t:|1776178957
|cant|p2a: Mew|par
|move|p1a: Slowbro|Scald|p2a: Mew
|-damage|p2a: Mew|16/100 par
|
|upkeep
|turn|15
|
|t:|1776178966
|move|p2a: Mew|Knock Off|p1a: Slowbro
|-supereffective|p1a: Slowbro
|-enditem|p1a: Slowbro|Colbur Berry|[eat]
|-enditem|p1a: Slowbro|Colbur Berry|[weaken]
|-damage|p1a: Slowbro|49/100
|move|p1a: Slowbro|Scald|p2a: Mew
|-damage|p2a: Mew|0 fnt
|faint|p2a: Mew
|
|upkeep
|
|t:|1776178977
|switch|p2a: Raging Bolt|Raging Bolt|100/100
|-enditem|p2a: Raging Bolt|Booster Energy
|-activate|p2a: Raging Bolt|ability: Protosynthesis|[fromitem]
|-start|p2a: Raging Bolt|protosynthesisspa
|turn|16
|
|t:|1776178990
|switch|p1a: Krookodile|Krookodile, M|100/100
|-ability|p1a: Krookodile|Intimidate|boost
|-unboost|p2a: Raging Bolt|atk|1
|move|p2a: Raging Bolt|Calm Mind|p2a: Raging Bolt
|-boost|p2a: Raging Bolt|spa|1
|-boost|p2a: Raging Bolt|spd|1
|
|upkeep
|turn|17
|
|t:|1776178997
|-terastallize|p2a: Raging Bolt|Fairy
|move|p1a: Krookodile|Earthquake|p2a: Raging Bolt
|-damage|p2a: Raging Bolt|21/100
|move|p2a: Raging Bolt|Dragon Pulse|p1a: Krookodile
|-damage|p1a: Krookodile|0 fnt
|faint|p1a: Krookodile
|
|upkeep
|
|t:|1776179009
|switch|p1a: Blissey|Blissey, F|85/100
|turn|18
|
|t:|1776179028
|move|p2a: Raging Bolt|Thunderbolt|p1a: Blissey
|-damage|p1a: Blissey|54/100
|-status|p1a: Blissey|par
|move|p1a: Blissey|Seismic Toss|p2a: Raging Bolt
|-damage|p2a: Raging Bolt|0 fnt
|faint|p2a: Raging Bolt
|-end|p2a: Raging Bolt|Protosynthesis|[silent]
|
|upkeep
|
|t:|1776179036
|switch|p2a: Ceruledge|Ceruledge, F|100/100
|turn|19
|
|t:|1776179046
|-curestatus|p1a: Blissey|par|[from] ability: Natural Cure
|switch|p1a: Slowbro|Slowbro, M|83/100
|move|p2a: Ceruledge|Swords Dance|p2a: Ceruledge
|-boost|p2a: Ceruledge|atk|2
|
|upkeep
|turn|20
|
|t:|1776179053
|move|p2a: Ceruledge|Poltergeist||[still]
|-fail|p2a: Ceruledge
|move|p1a: Slowbro|Scald|p2a: Ceruledge
|-supereffective|p2a: Ceruledge
|-damage|p2a: Ceruledge|37/100
|
|upkeep
|turn|21
|
|t:|1776179059
|move|p2a: Ceruledge|Shadow Sneak|p1a: Slowbro
|-supereffective|p1a: Slowbro
|-damage|p1a: Slowbro|31/100
|move|p1a: Slowbro|Scald|p2a: Ceruledge
|-supereffective|p2a: Ceruledge
|-damage|p2a: Ceruledge|0 fnt
|faint|p2a: Ceruledge
|
|upkeep
|l|☆64wasian
|inactive|64wasian disconnected and has a minute to reconnect!
|player|p2|
|inactive|64wasian has 30 seconds to reconnect!
|inactive|64wasian has 20 seconds to reconnect!
|inactive|64wasian has 15 seconds to reconnect!
|inactive|64wasian has 10 seconds to reconnect!
|inactive|64wasian has 5 seconds to reconnect!
|-message|64wasian lost due to inactivity.
|
|win|new human two
|raw|new human two's rating: 1347 &rarr; <strong>1371</strong><br />(+24 for winning)
|raw|64wasian's rating: 1409 &rarr; <strong>1385</strong><br />(-24 for losing)
