|html|<div class="broadcast-blue"><strong>[Gen 9] OU is currently suspecting Tera Blast! For information on how to participate check out the <a href="https://www.smogon.com/tools/suspects/view/200">suspect thread</a>.</strong></div>
|j|☆pressacanadagoose
|j|☆OP Earthquakes
|t:|1776161130
|gametype|singles
|player|p1|pressacanadagoose|swimmerf|1679
|player|p2|OP Earthquakes|giovanni-masters|1663
|gen|9
|tier|[Gen 9] OU
|rated|
|rule|HP Percentage Mod: HP is shown in percentages
|rule|Endless Battle Clause: Forcing endless battles is banned
|rule|Species Clause: Limit one of each Pokémon
|rule|OHKO Clause: OHKO moves are banned
|rule|Evasion Items Clause: Evasion items are banned
|rule|Evasion Moves Clause: Evasion moves are banned
|rule|Evasion Abilities Clause: Evasion abilities are banned
|rule|Sleep Moves Clause: Sleep-inducing moves are banned
|clearpoke
|poke|p1|Tyranitar, M|
|poke|p1|Tornadus-Therian, M|
|poke|p1|Excadrill, F|
|poke|p1|Toxapex, M|
|poke|p1|Tinkaton, F|
|poke|p1|Sinistcha|
|poke|p2|Excadrill, M|
|poke|p2|Tyranitar, M|
|poke|p2|Kyurem|
|poke|p2|Hawlucha, M|
|poke|p2|Pawmot, F|
|poke|p2|Grimmsnarl, M|
|teampreview
|inactive|Battle timer is ON: inactive players will automatically lose when time's up. (requested by OP Earthquakes)
|inactive|OP Earthquakes has 120 seconds left.
|inactive|OP Earthquakes has 90 seconds left.
|inactive|OP Earthquakes has 60 seconds left.
|j| iwnsjsisjsj
|
|t:|1776161236
|teamsize|p1|6
|teamsize|p2|6
|start
|switch|p1a: Tinkaton|Tinkaton, F|100/100
|switch|p2a: OP|Excadrill, M|100/100
|-item|p1a: Tinkaton|Air Balloon
|turn|1
|
|t:|1776161250
|move|p1a: Tinkaton|Ice Hammer|p2a: OP
|-crit|p2a: OP
|-damage|p2a: OP|62/100
|-unboost|p1a: Tinkaton|spe|1
|move|p2a: OP|Iron Head|p1a: Tinkaton
|-damage|p1a: Tinkaton|28/100
|-enditem|p1a: Tinkaton|Air Balloon
|-enditem|p2a: OP|Choice Band|[silent]|[from] ability: Pickpocket|[of] p2a: OP
|-item|p1a: Tinkaton|Choice Band|[from] ability: Pickpocket|[of] p2a: OP
|
|upkeep
|turn|2
|inactive|OP Earthquakes has 120 seconds left.
|
|t:|1776161279
|switch|p1a: Sinistcha|Sinistcha|100/100
|move|p2a: OP|Iron Head|p1a: Sinistcha
|-damage|p1a: Sinistcha|64/100
|
|-heal|p1a: Sinistcha|71/100|[from] item: Leftovers
|upkeep
|turn|3
|
|t:|1776161294
|switch|p2a: Frieza|Kyurem, shiny|100/100
|-ability|p2a: Frieza|Pressure
|move|p1a: Sinistcha|Strength Sap|p2a: Frieza
|-unboost|p2a: Frieza|atk|1
|-heal|p1a: Sinistcha|100/100
|
|upkeep
|turn|4
|
|t:|1776161301
|switch|p1a: Tyranitar|Tyranitar, M|100/100
|-weather|Sandstorm|[from] ability: Sand Stream|[of] p1a: Tyranitar
|move|p2a: Frieza|Earth Power|p1a: Tyranitar
|-supereffective|p1a: Tyranitar
|-damage|p1a: Tyranitar|49/100
|
|-weather|Sandstorm|[upkeep]
|-damage|p2a: Frieza|94/100|[from] Sandstorm
|upkeep
|turn|5
|
|t:|1776161322
|switch|p1a: Tornadus|Tornadus-Therian, M|100/100
|move|p2a: Frieza|Freeze-Dry|p1a: Tornadus
|-supereffective|p1a: Tornadus
|-damage|p1a: Tornadus|0 fnt
|faint|p1a: Tornadus
|
|-weather|Sandstorm|[upkeep]
|-damage|p2a: Frieza|88/100|[from] Sandstorm
|upkeep
|
|t:|1776161326
|switch|p1a: Excadrill|Excadrill, F|100/100
|turn|6
|
|t:|1776161329
|-terastallize|p2a: Frieza|Ghost
|move|p1a: Excadrill|Rock Blast|p2a: Frieza|[miss]
|-miss|p1a: Excadrill|p2a: Frieza
|move|p2a: Frieza|Earth Power|p1a: Excadrill
|-supereffective|p1a: Excadrill
|-damage|p1a: Excadrill|0 fnt
|faint|p1a: Excadrill
|
|-weather|Sandstorm|[upkeep]
|-damage|p2a: Frieza|82/100|[from] Sandstorm
|upkeep
|
|t:|1776161347
|switch|p1a: Toxapex|Toxapex, M, shiny|100/100
|turn|7
|
|t:|1776161353
|switch|p2a: OP|Excadrill, M|62/100
|-terastallize|p1a: Toxapex|Fairy
|move|p1a: Toxapex|Toxic|p2a: OP
|-immune|p2a: OP
|
|-weather|Sandstorm|[upkeep]
|-damage|p1a: Toxapex|95/100|[from] Sandstorm
|upkeep
|turn|8
|
|t:|1776161358
|switch|p1a: Sinistcha|Sinistcha|100/100
|move|p2a: OP|Swords Dance|p2a: OP
|-boost|p2a: OP|atk|2
|
|-weather|none
|upkeep
|turn|9
|
|t:|1776161369
|move|p2a: OP|Iron Head|p1a: Sinistcha
|-damage|p1a: Sinistcha|30/100
|move|p1a: Sinistcha|Strength Sap|p2a: OP
|-unboost|p2a: OP|atk|1
|-heal|p1a: Sinistcha|100/100
|
|upkeep
|turn|10
|
|t:|1776161385
|move|p2a: OP|Swords Dance|p2a: OP
|-boost|p2a: OP|atk|2
|move|p1a: Sinistcha|Shadow Ball|p2a: OP
|-damage|p2a: OP|18/100
|
|upkeep
|turn|11
|
|t:|1776161391
|move|p2a: OP|Iron Head|p1a: Sinistcha
|-damage|p1a: Sinistcha|12/100
|move|p1a: Sinistcha|Strength Sap|p2a: OP
|-unboost|p2a: OP|atk|1
|-heal|p1a: Sinistcha|100/100
|
|upkeep
|turn|12
|inactive|pressacanadagoose has 120 seconds left.
|l|☆pressacanadagoose
|inactive|pressacanadagoose disconnected and has a minute to reconnect!
|player|p1|
|j|☆pressacanadagoose
|inactive|pressacanadagoose reconnected and has 100 seconds left.
|player|p1|pressacanadagoose|swimmerf|
|
|t:|1776161447
|move|p2a: OP|Iron Head|p1a: Sinistcha
|-damage|p1a: Sinistcha|30/100
|cant|p1a: Sinistcha|flinch
|
|-heal|p1a: Sinistcha|36/100|[from] item: Leftovers
|upkeep
|turn|13
|-message|pressacanadagoose forfeited.
|
|win|OP Earthquakes
|raw|pressacanadagoose's rating: 1679 &rarr; <strong>1658</strong><br />(-21 for losing)
|raw|OP Earthquakes's rating: 1663 &rarr; <strong>1684</strong><br />(+21 for winning)
|l|☆pressacanadagoose
|player|p1|
