|html|<div class="broadcast-blue"><strong>[Gen 9] OU is currently suspecting Tera Blast! For information on how to participate check out the <a href="https://www.smogon.com/tools/suspects/view/200">suspect thread</a>.</strong></div>
|j|☆fwhiioo
|j|☆Noodlezzzzzzzz
|t:|1776056874
|gametype|singles
|player|p1|fwhiioo|swimmerf-gen4|1130
|player|p2|Noodlezzzzzzzz|pokekid|1164
|gen|9
|tier|[Gen 9] OU
|rated|
|rule|HP Percentage Mod: HP is shown in percentages
|rule|Endless Battle Clause: Forcing endless battles is banned
|rule|Species Clause: Limit one of each Pokémon
|rule|OHKO Clause: OHKO moves are banned
|rule|Evasion Items Clause: Evasion items are banned
|rule|Evasion Moves Clause: Evasion moves are banned
|rule|Evasion Abilities Clause: Evasion abilities are banned
|rule|Sleep Moves Clause: Sleep-inducing moves are banned
|clearpoke
|poke|p1|Hatterene, F|
|poke|p1|Gastrodon-East, M|
|poke|p1|Tyranitar, F|
|poke|p1|Bisharp, M|
|poke|p1|Mandibuzz, F|
|poke|p1|Pawmot, F|
|poke|p2|Dondozo, M|
|poke|p2|Ting-Lu|
|poke|p2|Moltres|
|poke|p2|Kleavor, M|
|poke|p2|Snorlax, F|
|poke|p2|Darkrai|
|teampreview
|j| ohko_smeargle
|inactive|Battle timer is ON: inactive players will automatically lose when time's up. (requested by fwhiioo)
|
|t:|1776056887
|teamsize|p1|6
|teamsize|p2|6
|start
|switch|p1a: Mandibuzz|Mandibuzz, F|100/100
|switch|p2a: Kleavor|Kleavor, M|100/100
|turn|1
|
|t:|1776056899
|switch|p1a: Bisharp|Bisharp, M|100/100
|move|p2a: Kleavor|Stone Axe|p1a: Bisharp
|-resisted|p1a: Bisharp
|-damage|p1a: Bisharp|79/100
|-sidestart|p1: fwhiioo|move: Stealth Rock
|
|upkeep
|turn|2
|
|t:|1776056907
|switch|p2a: Moltres|Moltres|100/100
|move|p1a: Bisharp|Thunder Wave|p2a: Moltres
|-status|p2a: Moltres|par
|
|upkeep
|turn|3
|
|t:|1776056913
|switch|p1a: Mandibuzz|Mandibuzz, F|100/100
|-damage|p1a: Mandibuzz|76/100|[from] Stealth Rock
|cant|p2a: Moltres|par
|
|upkeep
|turn|4
|
|t:|1776056917
|move|p1a: Mandibuzz|Defog|p2a: Moltres
|-unboost|p2a: Moltres|evasion|1
|-sideend|p1: fwhiioo|Stealth Rock|[from] move: Defog|[of] p1a: Mandibuzz
|move|p2a: Moltres|Will-O-Wisp|p1a: Mandibuzz
|-status|p1a: Mandibuzz|brn
|
|-damage|p1a: Mandibuzz|69/100 brn|[from] brn
|upkeep
|turn|5
|
|t:|1776056923
|switch|p2a: Kleavor|Kleavor, M|100/100
|move|p1a: Mandibuzz|Knock Off|p2a: Kleavor
|-damage|p2a: Kleavor|77/100
|-enditem|p2a: Kleavor|Choice Scarf|[from] move: Knock Off|[of] p1a: Mandibuzz
|
|-damage|p1a: Mandibuzz|63/100 brn|[from] brn
|upkeep
|turn|6
|
|t:|1776056933
|switch|p1a: Bisharp|Bisharp, M|79/100
|move|p2a: Kleavor|Brick Break|p1a: Bisharp
|-supereffective|p1a: Bisharp
|-damage|p1a: Bisharp|0 fnt
|faint|p1a: Bisharp
|
|upkeep
|
|t:|1776056942
|switch|p1a: Pawmot|Pawmot, F|100/100
|turn|7
|
|t:|1776056959
|-terastallize|p1a: Pawmot|Ghost
|move|p1a: Pawmot|Mach Punch|p2a: Kleavor
|-damage|p2a: Kleavor|47/100
|move|p2a: Kleavor|U-turn|p1a: Pawmot
|-resisted|p1a: Pawmot
|-damage|p1a: Pawmot|70/100
|
|t:|1776056967
|switch|p2a: Darkrai|Darkrai|100/100|[from] U-turn
|
|upkeep
|turn|8
|
|t:|1776056976
|-terastallize|p2a: Darkrai|Fairy
|move|p2a: Darkrai|Dark Pulse|p1a: Pawmot
|-supereffective|p1a: Pawmot
|-damage|p1a: Pawmot|0 fnt
|faint|p1a: Pawmot
|-damage|p2a: Darkrai|91/100|[from] item: Life Orb
|
|upkeep
|
|t:|1776056983
|switch|p1a: Tyranitar|Tyranitar, F|100/100
|-weather|Sandstorm|[from] ability: Sand Stream|[of] p1a: Tyranitar
|turn|9
|
|t:|1776056991
|switch|p2a: Moltres|Moltres|100/100 par
|move|p1a: Tyranitar|Dragon Dance|p1a: Tyranitar
|-boost|p1a: Tyranitar|atk|1
|-boost|p1a: Tyranitar|spe|1
|
|-weather|Sandstorm|[upkeep]
|-damage|p2a: Moltres|94/100 par|[from] Sandstorm
|upkeep
|turn|10
|
|t:|1776057000
|move|p1a: Tyranitar|Crunch|p2a: Moltres
|-crit|p2a: Moltres
|-damage|p2a: Moltres|21/100 par
|-status|p1a: Tyranitar|brn|[from] ability: Flame Body|[of] p2a: Moltres
|cant|p2a: Moltres|par
|
|-weather|Sandstorm|[upkeep]
|-damage|p2a: Moltres|15/100 par|[from] Sandstorm
|-damage|p1a: Tyranitar|94/100 brn|[from] brn
|upkeep
|turn|11
|
|t:|1776057013
|switch|p2a: Kleavor|Kleavor, M|47/100
|move|p1a: Tyranitar|Iron Head|p2a: Kleavor
|-supereffective|p2a: Kleavor
|-damage|p2a: Kleavor|0 fnt
|faint|p2a: Kleavor
|
|-weather|Sandstorm|[upkeep]
|-damage|p1a: Tyranitar|88/100 brn|[from] brn
|upkeep
|
|t:|1776057019
|switch|p2a: Dondozo|Dondozo, M|100/100
|turn|12
|
|t:|1776057025
|switch|p1a: Hatterene|Hatterene, F|100/100
|switch|p2a: Darkrai|Darkrai, tera:Fairy|91/100
|
|-weather|Sandstorm|[upkeep]
|-damage|p2a: Darkrai|85/100|[from] Sandstorm
|-damage|p1a: Hatterene|95/100|[from] Sandstorm
|upkeep
|turn|13
|
|t:|1776057039
|move|p2a: Darkrai|Nasty Plot|p2a: Darkrai
|-boost|p2a: Darkrai|spa|2
|move|p1a: Hatterene|Trick Room|p1a: Hatterene
|-fieldstart|move: Trick Room|[of] p1a: Hatterene
|
|-weather|none
|upkeep
|turn|14
|
|t:|1776057047
|move|p1a: Hatterene|Mystical Fire|p2a: Darkrai
|-damage|p2a: Darkrai|53/100
|-unboost|p2a: Darkrai|spa|1
|move|p2a: Darkrai|Sludge Bomb|p1a: Hatterene
|-supereffective|p1a: Hatterene
|-damage|p1a: Hatterene|0 fnt
|faint|p1a: Hatterene
|-damage|p2a: Darkrai|43/100|[from] item: Life Orb
|
|upkeep
|
|t:|1776057059
|switch|p1a: Gastrodon|Gastrodon-East, M|100/100
|turn|15
|
|t:|1776057065
|switch|p2a: Snorlax|Snorlax, F, shiny|100/100
|move|p1a: Gastrodon|Earth Power|p2a: Snorlax
|-damage|p2a: Snorlax|81/100
|
|upkeep
|turn|16
|
|t:|1776057074
|switch|p1a: Mandibuzz|Mandibuzz, F|63/100 brn
|move|p2a: Snorlax|Amnesia|p2a: Snorlax
|-boost|p2a: Snorlax|spd|2
|
|-damage|p1a: Mandibuzz|57/100 brn|[from] brn
|upkeep
|turn|17
|
|t:|1776057087
|move|p2a: Snorlax|Curse|p2a: Snorlax
|-unboost|p2a: Snorlax|spe|1
|-boost|p2a: Snorlax|atk|1
|-boost|p2a: Snorlax|def|1
|move|p1a: Mandibuzz|Roost|p1a: Mandibuzz
|-heal|p1a: Mandibuzz|100/100 brn
|-singleturn|p1a: Mandibuzz|move: Roost
|
|-damage|p1a: Mandibuzz|94/100 brn|[from] brn
|-fieldend|move: Trick Room
|upkeep
|turn|18
|
|t:|1776057093
|move|p1a: Mandibuzz|Toxic|p2a: Snorlax
|-status|p2a: Snorlax|tox
|move|p2a: Snorlax|Curse|p2a: Snorlax
|-unboost|p2a: Snorlax|spe|1
|-boost|p2a: Snorlax|atk|1
|-boost|p2a: Snorlax|def|1
|
|-damage|p2a: Snorlax|75/100 tox|[from] psn
|-damage|p1a: Mandibuzz|88/100 brn|[from] brn
|upkeep
|turn|19
|
|t:|1776057098
|move|p1a: Mandibuzz|Knock Off|p2a: Snorlax
|-damage|p2a: Snorlax|66/100 tox
|-enditem|p2a: Snorlax|Chesto Berry|[from] move: Knock Off|[of] p1a: Mandibuzz
|move|p2a: Snorlax|Curse|p2a: Snorlax
|-unboost|p2a: Snorlax|spe|1
|-boost|p2a: Snorlax|atk|1
|-boost|p2a: Snorlax|def|1
|
|-damage|p2a: Snorlax|54/100 tox|[from] psn
|-damage|p1a: Mandibuzz|82/100 brn|[from] brn
|upkeep
|turn|20
|
|t:|1776057109
|move|p1a: Mandibuzz|Knock Off|p2a: Snorlax
|-damage|p2a: Snorlax|49/100 tox
|move|p2a: Snorlax|Curse|p2a: Snorlax
|-unboost|p2a: Snorlax|spe|1
|-boost|p2a: Snorlax|atk|1
|-boost|p2a: Snorlax|def|1
|
|-damage|p2a: Snorlax|31/100 tox|[from] psn
|-damage|p1a: Mandibuzz|76/100 brn|[from] brn
|upkeep
|turn|21
|
|t:|1776057114
|move|p1a: Mandibuzz|Knock Off|p2a: Snorlax
|-damage|p2a: Snorlax|27/100 tox
|move|p2a: Snorlax|Rest|p2a: Snorlax
|-status|p2a: Snorlax|slp|[from] move: Rest
|-heal|p2a: Snorlax|100/100 slp|[silent]
|
|-damage|p1a: Mandibuzz|70/100 brn|[from] brn
|upkeep
|turn|22
|
|t:|1776057129
|move|p1a: Mandibuzz|Roost|p1a: Mandibuzz
|-heal|p1a: Mandibuzz|100/100 brn
|-singleturn|p1a: Mandibuzz|move: Roost
|cant|p2a: Snorlax|slp
|
|-damage|p1a: Mandibuzz|94/100 brn|[from] brn
|upkeep
|turn|23
|
|t:|1776057135
|switch|p1a: Gastrodon|Gastrodon-East, M|100/100
|cant|p2a: Snorlax|slp
|
|upkeep
|turn|24
|
|t:|1776057139
|move|p1a: Gastrodon|Earth Power|p2a: Snorlax
|-damage|p2a: Snorlax|90/100 slp
|-curestatus|p2a: Snorlax|slp|[msg]
|move|p2a: Snorlax|Body Slam|p1a: Gastrodon
|-damage|p1a: Gastrodon|0 fnt
|-damage|p2a: Snorlax|73/100|[from] item: Rocky Helmet|[of] p1a: Gastrodon
|faint|p1a: Gastrodon
|
|upkeep
|
|t:|1776057148
|switch|p1a: Mandibuzz|Mandibuzz, F|94/100 brn
|turn|25
|
|t:|1776057153
|move|p1a: Mandibuzz|Toxic|p2a: Snorlax
|-status|p2a: Snorlax|tox
|move|p2a: Snorlax|Body Slam|p1a: Mandibuzz
|-damage|p1a: Mandibuzz|2/100 brn
|-enditem|p1a: Mandibuzz|Figy Berry|[eat]
|-heal|p1a: Mandibuzz|35/100 brn|[from] item: Figy Berry
|
|-damage|p2a: Snorlax|67/100 tox|[from] psn
|-damage|p1a: Mandibuzz|29/100 brn|[from] brn
|upkeep
|turn|26
|
|t:|1776057169
|move|p1a: Mandibuzz|Roost|p1a: Mandibuzz
|-heal|p1a: Mandibuzz|79/100 brn
|-singleturn|p1a: Mandibuzz|move: Roost
|move|p2a: Snorlax|Body Slam|p1a: Mandibuzz
|-damage|p1a: Mandibuzz|0 fnt
|faint|p1a: Mandibuzz
|
|-damage|p2a: Snorlax|55/100 tox|[from] psn
|upkeep
|
|t:|1776057176
|switch|p1a: Tyranitar|Tyranitar, F|88/100 brn
|-weather|Sandstorm|[from] ability: Sand Stream|[of] p1a: Tyranitar
|turn|27
|
|t:|1776057181
|move|p1a: Tyranitar|Crunch|p2a: Snorlax
|-damage|p2a: Snorlax|49/100 tox
|move|p2a: Snorlax|Body Slam|p1a: Tyranitar
|-resisted|p1a: Tyranitar
|-damage|p1a: Tyranitar|38/100 brn
|
|-weather|Sandstorm|[upkeep]
|-damage|p2a: Snorlax|43/100 tox|[from] Sandstorm
|-damage|p2a: Snorlax|24/100 tox|[from] psn
|-damage|p1a: Tyranitar|32/100 brn|[from] brn
|upkeep
|turn|28
|
|t:|1776057185
|move|p1a: Tyranitar|Crunch|p2a: Snorlax
|-damage|p2a: Snorlax|18/100 tox
|move|p2a: Snorlax|Body Slam|p1a: Tyranitar
|-resisted|p1a: Tyranitar
|-damage|p1a: Tyranitar|0 fnt
|faint|p1a: Tyranitar
|
|win|Noodlezzzzzzzz
|raw|fwhiioo's rating: 1130 &rarr; <strong>1107</strong><br />(-23 for losing)
|raw|Noodlezzzzzzzz's rating: 1164 &rarr; <strong>1187</strong><br />(+23 for winning)
|l|☆fwhiioo
|player|p1|
|l| ohko_smeargle
|l|☆Noodlezzzzzzzz
|player|p2|
