|html|<div class="broadcast-blue"><strong>[Gen 9] OU is currently suspecting Tera Blast! For information on how to participate check out the <a href="https://www.smogon.com/tools/suspects/view/200">suspect thread</a>.</strong></div>
|j|☆Mrweston
|j|☆Chrisfeb1992
|t:|1776171161
|gametype|singles
|player|p1|Mrweston|ghetsis-gen5bw|1371
|player|p2|Chrisfeb1992|266|1448
|gen|9
|tier|[Gen 9] OU
|rated|
|rule|HP Percentage Mod: HP is shown in percentages
|rule|Endless Battle Clause: Forcing endless battles is banned
|rule|Species Clause: Limit one of each Pokémon
|rule|OHKO Clause: OHKO moves are banned
|rule|Evasion Items Clause: Evasion items are banned
|rule|Evasion Moves Clause: Evasion moves are banned
|rule|Evasion Abilities Clause: Evasion abilities are banned
|rule|Sleep Moves Clause: Sleep-inducing moves are banned
|clearpoke
|poke|p1|Hawlucha, F|
|poke|p1|Blaziken, M|
|poke|p1|Magnezone|
|poke|p1|Haunter, F|
|poke|p1|Donphan, M|
|poke|p1|Haxorus, F|
|poke|p2|Torkoal, F|
|poke|p2|Walking Wake|
|poke|p2|Deoxys-Speed|
|poke|p2|Zamazenta-*|
|poke|p2|Cinderace, F|
|poke|p2|Ceruledge, F|
|teampreview
|inactive|Battle timer is ON: inactive players will automatically lose when time's up. (requested by Mrweston)
|
|t:|1776171184
|teamsize|p1|6
|teamsize|p2|6
|start
|switch|p1a: Donphan|Donphan, M|100/100
|switch|p2a: Torkoal|Torkoal, F|100/100
|-weather|SunnyDay|[from] ability: Drought|[of] p2a: Torkoal
|turn|1
|
|t:|1776171192
|move|p1a: Donphan|Knock Off|p2a: Torkoal
|-damage|p2a: Torkoal|82/100
|-enditem|p2a: Torkoal|Heat Rock|[from] move: Knock Off|[of] p1a: Donphan
|move|p2a: Torkoal|Will-O-Wisp|p1a: Donphan
|-status|p1a: Donphan|brn
|
|-weather|SunnyDay|[upkeep]
|-damage|p1a: Donphan|94/100 brn|[from] brn
|upkeep
|turn|2
|
|t:|1776171203
|move|p1a: Donphan|Earthquake|p2a: Torkoal
|-supereffective|p2a: Torkoal
|-damage|p2a: Torkoal|53/100
|move|p2a: Torkoal|Stealth Rock|p1a: Donphan
|-sidestart|p1: Mrweston|move: Stealth Rock
|
|-weather|SunnyDay|[upkeep]
|-damage|p1a: Donphan|88/100 brn|[from] brn
|upkeep
|turn|3
|
|t:|1776171212
|switch|p2a: Walking Wake|Walking Wake|100/100
|-activate|p2a: Walking Wake|ability: Protosynthesis
|-start|p2a: Walking Wake|protosynthesisspe
|move|p1a: Donphan|Knock Off|p2a: Walking Wake
|-damage|p2a: Walking Wake|82/100
|-enditem|p2a: Walking Wake|Choice Specs|[from] move: Knock Off|[of] p1a: Donphan
|
|-weather|SunnyDay|[upkeep]
|-damage|p1a: Donphan|82/100 brn|[from] brn
|upkeep
|turn|4
|
|t:|1776171224
|move|p1a: Donphan|Ice Shard|p2a: Walking Wake
|-damage|p2a: Walking Wake|74/100
|move|p2a: Walking Wake|Hydro Steam|p1a: Donphan
|-supereffective|p1a: Donphan
|-damage|p1a: Donphan|0 fnt
|faint|p1a: Donphan
|
|-weather|SunnyDay|[upkeep]
|upkeep
|inactive|Mrweston has 120 seconds left.
|
|t:|1776171265
|switch|p1a: Hawlucha|Hawlucha, F, shiny|100/100
|-damage|p1a: Hawlucha|88/100|[from] Stealth Rock
|-ability|p1a: Hawlucha|Mold Breaker
|turn|5
|
|t:|1776171271
|move|p1a: Hawlucha|Defog|p2a: Walking Wake
|-unboost|p2a: Walking Wake|evasion|1
|-sideend|p1: Mrweston|Stealth Rock|[from] move: Defog|[of] p1a: Hawlucha
|move|p2a: Walking Wake|Hydro Steam|p1a: Hawlucha
|-damage|p1a: Hawlucha|0 fnt
|faint|p1a: Hawlucha
|
|-weather|SunnyDay|[upkeep]
|upkeep
|inactive|Mrweston has 120 seconds left.
|
|t:|1776171280
|switch|p1a: Haxorus|Haxorus, F, shiny|100/100
|-ability|p1a: Haxorus|Mold Breaker
|turn|6
|
|t:|1776171285
|move|p2a: Walking Wake|Hydro Steam|p1a: Haxorus
|-resisted|p1a: Haxorus
|-damage|p1a: Haxorus|50/100
|move|p1a: Haxorus|Dragon Claw|p2a: Walking Wake
|-supereffective|p2a: Walking Wake
|-damage|p2a: Walking Wake|0 fnt
|faint|p2a: Walking Wake
|-end|p2a: Walking Wake|Protosynthesis|[silent]
|
|-weather|SunnyDay|[upkeep]
|upkeep
|
|t:|1776171296
|switch|p2a: Ceruledge|Ceruledge, F|100/100
|turn|7
|
|t:|1776171301
|move|p2a: Ceruledge|Swords Dance|p2a: Ceruledge
|-boost|p2a: Ceruledge|atk|2
|move|p1a: Haxorus|Swords Dance|p1a: Haxorus
|-boost|p1a: Haxorus|atk|2
|
|-weather|SunnyDay|[upkeep]
|upkeep
|turn|8
|
|t:|1776171310
|-terastallize|p2a: Ceruledge|Ghost
|move|p2a: Ceruledge|Shadow Sneak|p1a: Haxorus
|-damage|p1a: Haxorus|0 fnt
|faint|p1a: Haxorus
|
|-weather|none
|upkeep
|
|t:|1776171332
|switch|p1a: Haunter|Haunter, F|100/100
|turn|9
|
|t:|1776171336
|move|p1a: Haunter|Will-O-Wisp|p2a: Ceruledge
|-status|p2a: Ceruledge|brn
|move|p2a: Ceruledge|Bitter Blade|p1a: Haunter
|-enditem|p1a: Haunter|Focus Sash
|-damage|p1a: Haunter|1/100
|
|-damage|p2a: Ceruledge|94/100 brn|[from] brn
|upkeep
|turn|10
|
|t:|1776171346
|move|p1a: Haunter|Hex|p2a: Ceruledge
|-supereffective|p2a: Ceruledge
|-damage|p2a: Ceruledge|0 fnt
|faint|p2a: Ceruledge
|
|upkeep
|
|t:|1776171355
|switch|p2a: Zamazenta|Zamazenta|100/100
|-ability|p2a: Zamazenta|Dauntless Shield|boost
|-boost|p2a: Zamazenta|def|1
|turn|11
|
|t:|1776171364
|move|p2a: Zamazenta|Crunch|p1a: Haunter
|-supereffective|p1a: Haunter
|-damage|p1a: Haunter|0 fnt
|faint|p1a: Haunter
|
|upkeep
|
|t:|1776171368
|switch|p1a: Magnezone|Magnezone, shiny|100/100
|turn|12
|
|t:|1776171373
|move|p2a: Zamazenta|Body Press|p1a: Magnezone
|-supereffective|p1a: Magnezone
|-damage|p1a: Magnezone|14/100
|move|p1a: Magnezone|Thunderbolt|p2a: Zamazenta
|-damage|p2a: Zamazenta|58/100
|
|upkeep
|turn|13
|
|t:|1776171380
|move|p2a: Zamazenta|Crunch|p1a: Magnezone
|-damage|p1a: Magnezone|0 fnt
|faint|p1a: Magnezone
|
|upkeep
|
|t:|1776171382
|switch|p1a: Blaziken|Blaziken, M|100/100
|turn|14
|
|t:|1776171395
|-terastallize|p1a: Blaziken|Flying
|move|p2a: Zamazenta|Iron Defense|p2a: Zamazenta
|-boost|p2a: Zamazenta|def|2
|move|p1a: Blaziken|Swords Dance|p1a: Blaziken
|-boost|p1a: Blaziken|atk|2
|-enditem|p2a: Zamazenta|Mirror Herb
|-boost|p2a: Zamazenta|atk|2|[from] item: Mirror Herb
|
|-ability|p1a: Blaziken|Speed Boost|boost
|-boost|p1a: Blaziken|spe|1
|upkeep
|turn|15
|
|t:|1776171410
|move|p2a: Zamazenta|Stone Edge|p1a: Blaziken
|-supereffective|p1a: Blaziken
|-enditem|p1a: Blaziken|Focus Sash
|-damage|p1a: Blaziken|1/100
|move|p1a: Blaziken|Blaze Kick|p2a: Zamazenta
|-damage|p2a: Zamazenta|29/100
|-status|p2a: Zamazenta|brn
|
|-damage|p2a: Zamazenta|23/100 brn|[from] brn
|-ability|p1a: Blaziken|Speed Boost|boost
|-boost|p1a: Blaziken|spe|1
|upkeep
|turn|16
|
|t:|1776171423
|move|p1a: Blaziken|Close Combat|p2a: Zamazenta
|-damage|p2a: Zamazenta|0 fnt
|-unboost|p1a: Blaziken|def|1
|-unboost|p1a: Blaziken|spd|1
|faint|p2a: Zamazenta
|
|-ability|p1a: Blaziken|Speed Boost|boost
|-boost|p1a: Blaziken|spe|1
|upkeep
|
|t:|1776171431
|switch|p2a: Deoxys|Deoxys-Speed|100/100
|-ability|p2a: Deoxys|Pressure
|turn|17
|
|t:|1776171441
|move|p1a: Blaziken|Blaze Kick|p2a: Deoxys|[miss]
|-miss|p1a: Blaziken|p2a: Deoxys
|move|p2a: Deoxys|Psycho Boost|p1a: Blaziken
|-damage|p1a: Blaziken|0 fnt
|-unboost|p2a: Deoxys|spa|2
|faint|p1a: Blaziken
|
|win|Chrisfeb1992
|raw|Mrweston's rating: 1371 &rarr; <strong>1355</strong><br />(-16 for losing)
|raw|Chrisfeb1992's rating: 1448 &rarr; <strong>1464</strong><br />(+16 for winning)
|l|☆Mrweston
|player|p1|
