|html|<div class="broadcast-blue"><strong>[Gen 9] OU is currently suspecting Tera Blast! For information on how to participate check out the <a href="https://www.smogon.com/tools/suspects/view/200">suspect thread</a>.</strong></div>
|j|‽fddfdf
|j|☆Maxime.1010
|t:|1776070689
|gametype|singles
|player|p1|fddfdf|cynthia|1306
|player|p2|Maxime.1010|elesa|1245
|gen|9
|tier|[Gen 9] OU
|rated|
|rule|HP Percentage Mod: HP is shown in percentages
|rule|Endless Battle Clause: Forcing endless battles is banned
|rule|Species Clause: Limit one of each Pokémon
|rule|OHKO Clause: OHKO moves are banned
|rule|Evasion Items Clause: Evasion items are banned
|rule|Evasion Moves Clause: Evasion moves are banned
|rule|Evasion Abilities Clause: Evasion abilities are banned
|rule|Sleep Moves Clause: Sleep-inducing moves are banned
|clearpoke
|poke|p1|Lycanroc-Dusk, F|
|poke|p1|Gholdengo|
|poke|p1|Ribombee, F|
|poke|p1|Alomomola, M|
|poke|p1|Glimmora, M|
|poke|p1|Zamazenta-*|
|poke|p2|Latias, F|
|poke|p2|Ting-Lu|
|poke|p2|Alomomola, F|
|poke|p2|Meowscarada, F|
|poke|p2|Iron Treads|
|poke|p2|Pecharunt|
|teampreview
|inactive|Battle timer is ON: inactive players will automatically lose when time's up. (requested by fddfdf)
|
|t:|1776070700
|teamsize|p1|6
|teamsize|p2|6
|start
|switch|p1a: Ribombee|Ribombee, F|100/100
|switch|p2a: Latias|Latias, F, shiny|100/100
|turn|1
|
|t:|1776070707
|move|p1a: Ribombee|Moonblast|p2a: Latias
|-supereffective|p2a: Latias
|-damage|p2a: Latias|41/100
|-enditem|p2a: Latias|Weakness Policy
|-boost|p2a: Latias|atk|2|[from] item: Weakness Policy
|-boost|p2a: Latias|spa|2|[from] item: Weakness Policy
|move|p2a: Latias|Agility|p2a: Latias
|-boost|p2a: Latias|spe|2
|
|upkeep
|turn|2
|
|t:|1776070722
|-terastallize|p2a: Latias|Fairy
|move|p2a: Latias|Draining Kiss|p1a: Ribombee
|-damage|p1a: Ribombee|24/100
|-heal|p2a: Latias|83/100|[from] drain|[of] p1a: Ribombee
|move|p1a: Ribombee|Moonblast|p2a: Latias
|-damage|p2a: Latias|54/100
|-unboost|p2a: Latias|spa|1
|
|upkeep
|turn|3
|
|t:|1776070734
|move|p2a: Latias|Calm Mind|p2a: Latias
|-boost|p2a: Latias|spa|1
|-boost|p2a: Latias|spd|1
|move|p1a: Ribombee|Moonblast|p2a: Latias
|-damage|p2a: Latias|34/100
|
|upkeep
|turn|4
|
|t:|1776070740
|move|p2a: Latias|Draining Kiss|p1a: Ribombee
|-damage|p1a: Ribombee|0 fnt
|-heal|p2a: Latias|47/100|[from] drain|[of] p1a: Ribombee
|faint|p1a: Ribombee
|
|upkeep
|
|t:|1776070746
|switch|p1a: Lycanroc|Lycanroc-Dusk, F|100/100
|turn|5
|
|t:|1776070751
|-terastallize|p1a: Lycanroc|Rock
|move|p1a: Lycanroc|Accelerock|p2a: Latias
|-damage|p2a: Latias|12/100
|-damage|p1a: Lycanroc|91/100|[from] item: Life Orb
|move|p2a: Latias|Draining Kiss|p1a: Lycanroc
|-damage|p1a: Lycanroc|10/100
|-heal|p2a: Latias|60/100|[from] drain|[of] p1a: Lycanroc
|
|upkeep
|turn|6
|
|t:|1776070761
|move|p1a: Lycanroc|Accelerock|p2a: Latias
|-damage|p2a: Latias|25/100
|-damage|p1a: Lycanroc|0 fnt|[from] item: Life Orb
|faint|p1a: Lycanroc
|move|p2a: Latias|Draining Kiss|p1: Lycanroc|[notarget]
|-fail|p2a: Latias
|
|upkeep
|
|t:|1776070773
|switch|p1a: Alomomola|Alomomola, M|100/100
|turn|7
|
|t:|1776070777
|move|p2a: Latias|Draining Kiss|p1a: Alomomola
|-crit|p1a: Alomomola
|-damage|p1a: Alomomola|66/100
|-heal|p2a: Latias|59/100|[from] drain|[of] p1a: Alomomola
|move|p1a: Alomomola|Mirror Coat|p2a: Latias
|-damage|p2a: Latias|0 fnt
|faint|p2a: Latias
|
|upkeep
|
|t:|1776070787
|switch|p2a: Meowscarada|Meowscarada, F, shiny|100/100
|turn|8
|
|t:|1776070796
|switch|p1a: Zamazenta|Zamazenta|100/100
|-ability|p1a: Zamazenta|Dauntless Shield|boost
|-boost|p1a: Zamazenta|def|1
|move|p2a: Meowscarada|Knock Off|p1a: Zamazenta
|-start|p2a: Meowscarada|typechange|Dark|[from] ability: Protean
|-resisted|p1a: Zamazenta
|-damage|p1a: Zamazenta|88/100
|-enditem|p1a: Zamazenta|Leftovers|[from] move: Knock Off|[of] p2a: Meowscarada
|
|upkeep
|turn|9
|
|t:|1776070809
|switch|p2a: Pecharunt|Pecharunt|100/100
|-item|p2a: Pecharunt|Air Balloon
|move|p1a: Zamazenta|Heavy Slam|p2a: Pecharunt
|-damage|p2a: Pecharunt|78/100
|-enditem|p2a: Pecharunt|Air Balloon
|
|upkeep
|turn|10
|
|t:|1776070819
|move|p1a: Zamazenta|Crunch|p2a: Pecharunt
|-supereffective|p2a: Pecharunt
|-damage|p2a: Pecharunt|47/100
|move|p2a: Pecharunt|Destiny Bond|p2a: Pecharunt
|-singlemove|p2a: Pecharunt|Destiny Bond
|
|upkeep
|turn|11
|
|t:|1776070826
|switch|p1a: Glimmora|Glimmora, M|100/100
|-item|p1a: Glimmora|Air Balloon
|move|p2a: Pecharunt|Malignant Chain|p1a: Glimmora
|-resisted|p1a: Glimmora
|-damage|p1a: Glimmora|89/100
|-enditem|p1a: Glimmora|Air Balloon
|
|upkeep
|turn|12
|
|t:|1776070838
|move|p2a: Pecharunt|Recover|p2a: Pecharunt
|-heal|p2a: Pecharunt|97/100
|move|p1a: Glimmora|Stealth Rock|p2a: Pecharunt
|-sidestart|p2: Maxime.1010|move: Stealth Rock
|
|upkeep
|turn|13
|
|t:|1776070844
|move|p2a: Pecharunt|Parting Shot|p1a: Glimmora
|-unboost|p1a: Glimmora|atk|1
|-unboost|p1a: Glimmora|spa|1
|
|t:|1776070853
|switch|p2a: Ting-Lu|Ting-Lu, shiny|100/100|[from] Parting Shot
|-damage|p2a: Ting-Lu|94/100|[from] Stealth Rock
|-ability|p2a: Ting-Lu|Vessel of Ruin
|move|p1a: Glimmora|Earth Power|p2a: Ting-Lu
|-damage|p2a: Ting-Lu|85/100
|
|-heal|p2a: Ting-Lu|91/100|[from] item: Leftovers
|upkeep
|turn|14
|
|t:|1776070864
|move|p1a: Glimmora|Mortal Spin|p2a: Ting-Lu
|-resisted|p2a: Ting-Lu
|-damage|p2a: Ting-Lu|90/100
|-status|p2a: Ting-Lu|psn
|move|p2a: Ting-Lu|Stealth Rock|p1a: Glimmora
|-sidestart|p1: fddfdf|move: Stealth Rock
|
|-heal|p2a: Ting-Lu|96/100 psn|[from] item: Leftovers
|-damage|p2a: Ting-Lu|84/100 psn|[from] psn
|upkeep
|turn|15
|
|t:|1776070879
|move|p1a: Glimmora|Mortal Spin|p2a: Ting-Lu
|-resisted|p2a: Ting-Lu
|-damage|p2a: Ting-Lu|83/100 psn
|-sideend|p1: fddfdf|Stealth Rock|[from] move: Mortal Spin|[of] p1a: Glimmora
|move|p2a: Ting-Lu|Earthquake|p1a: Glimmora
|-supereffective|p1a: Glimmora
|-damage|p1a: Glimmora|0 fnt
|-activate|p1a: Glimmora|ability: Toxic Debris
|-sidestart|p2: Maxime.1010|move: Toxic Spikes
|faint|p1a: Glimmora
|
|-heal|p2a: Ting-Lu|89/100 psn|[from] item: Leftovers
|-damage|p2a: Ting-Lu|76/100 psn|[from] psn
|upkeep
|
|t:|1776070892
|switch|p1a: Zamazenta|Zamazenta|88/100
|turn|16
|
|t:|1776070900
|move|p1a: Zamazenta|Crunch|p2a: Ting-Lu
|-resisted|p2a: Ting-Lu
|-damage|p2a: Ting-Lu|70/100 psn
|move|p2a: Ting-Lu|Stealth Rock|p1a: Zamazenta
|-sidestart|p1: fddfdf|move: Stealth Rock
|
|-heal|p2a: Ting-Lu|76/100 psn|[from] item: Leftovers
|-damage|p2a: Ting-Lu|64/100 psn|[from] psn
|upkeep
|turn|17
|
|t:|1776070909
|move|p1a: Zamazenta|Body Press|p2a: Ting-Lu
|-supereffective|p2a: Ting-Lu
|-damage|p2a: Ting-Lu|20/100 psn
|move|p2a: Ting-Lu|Whirlwind|p1a: Zamazenta
|drag|p1a: Alomomola|Alomomola, M|99/100
|-damage|p1a: Alomomola|87/100|[from] Stealth Rock
|
|-heal|p2a: Ting-Lu|26/100 psn|[from] item: Leftovers
|-damage|p2a: Ting-Lu|14/100 psn|[from] psn
|upkeep
|turn|18
|
|t:|1776070923
|switch|p2a: Meowscarada|Meowscarada, F, shiny|100/100
|move|p1a: Alomomola|Play Rough|p2a: Meowscarada
|-supereffective|p2a: Meowscarada
|-damage|p2a: Meowscarada|45/100
|
|upkeep
|turn|19
|
|t:|1776070932
|move|p2a: Meowscarada|Flower Trick|p1a: Alomomola
|-start|p2a: Meowscarada|typechange|Grass|[from] ability: Protean
|-supereffective|p1a: Alomomola
|-crit|p1a: Alomomola
|-damage|p1a: Alomomola|21/100
|move|p1a: Alomomola|Flip Turn|p2a: Meowscarada
|-resisted|p2a: Meowscarada
|-damage|p2a: Meowscarada|32/100
|
|t:|1776070941
|switch|p1a: Zamazenta|Zamazenta|88/100|[from] Flip Turn
|-damage|p1a: Zamazenta|82/100|[from] Stealth Rock
|
|upkeep
|turn|20
|
|t:|1776070954
|switch|p2a: Alomomola|Alomomola, F|100/100
|move|p1a: Zamazenta|Crunch|p2a: Alomomola
|-damage|p2a: Alomomola|83/100
|
|upkeep
|turn|21
|
|t:|1776070960
|move|p1a: Zamazenta|Iron Defense|p1a: Zamazenta
|-boost|p1a: Zamazenta|def|2
|move|p2a: Alomomola|Healing Wish|p2a: Alomomola
|faint|p2a: Alomomola
|
|upkeep
|
|t:|1776070963
|switch|p2a: Ting-Lu|Ting-Lu, shiny|14/100 psn
|-heal|p2a: Ting-Lu|100/100|[from] move: Healing Wish
|-damage|p2a: Ting-Lu|94/100|[from] Stealth Rock
|-status|p2a: Ting-Lu|psn
|-ability|p2a: Ting-Lu|Vessel of Ruin
|turn|22
|
|t:|1776070973
|move|p1a: Zamazenta|Body Press|p2a: Ting-Lu
|-supereffective|p2a: Ting-Lu
|-damage|p2a: Ting-Lu|11/100 psn
|move|p2a: Ting-Lu|Whirlwind|p1a: Zamazenta
|drag|p1a: Gholdengo|Gholdengo|100/100
|-damage|p1a: Gholdengo|94/100|[from] Stealth Rock
|
|-heal|p2a: Ting-Lu|17/100 psn|[from] item: Leftovers
|-damage|p2a: Ting-Lu|5/100 psn|[from] psn
|upkeep
|turn|23
|
|t:|1776070985
|move|p1a: Gholdengo|Shadow Ball|p2a: Ting-Lu
|-resisted|p2a: Ting-Lu
|-damage|p2a: Ting-Lu|0 fnt
|faint|p2a: Ting-Lu
|
|upkeep
|
|t:|1776070997
|switch|p2a: Iron Treads|Iron Treads, shiny|100/100
|-damage|p2a: Iron Treads|97/100|[from] Stealth Rock
|turn|24
|
|t:|1776071003
|switch|p1a: Alomomola|Alomomola, M|55/100
|-damage|p1a: Alomomola|42/100|[from] Stealth Rock
|move|p2a: Iron Treads|Knock Off|p1a: Alomomola
|-damage|p1a: Alomomola|27/100
|-enditem|p1a: Alomomola|Assault Vest|[from] move: Knock Off|[of] p2a: Iron Treads
|
|upkeep
|turn|25
|
|t:|1776071011
|move|p2a: Iron Treads|Knock Off|p1a: Alomomola
|-crit|p1a: Alomomola
|-damage|p1a: Alomomola|11/100
|move|p1a: Alomomola|Flip Turn|p2a: Iron Treads
|-supereffective|p2a: Iron Treads
|-damage|p2a: Iron Treads|72/100
|-damage|p1a: Alomomola|0 fnt|[from] item: Rocky Helmet|[of] p2a: Iron Treads
|faint|p1a: Alomomola
|
|upkeep
|
|t:|1776071021
|switch|p1a: Zamazenta|Zamazenta|82/100
|-damage|p1a: Zamazenta|76/100|[from] Stealth Rock
|turn|26
|
|t:|1776071029
|move|p1a: Zamazenta|Iron Defense|p1a: Zamazenta
|-boost|p1a: Zamazenta|def|2
|move|p2a: Iron Treads|Rapid Spin|p1a: Zamazenta
|-damage|p1a: Zamazenta|72/100
|-boost|p2a: Iron Treads|spe|1
|-sideend|p2: Maxime.1010|Toxic Spikes|[from] move: Rapid Spin|[of] p2a: Iron Treads
|-sideend|p2: Maxime.1010|Stealth Rock|[from] move: Rapid Spin|[of] p2a: Iron Treads
|
|upkeep
|turn|27
|
|t:|1776071039
|move|p2a: Iron Treads|Volt Switch|p1a: Zamazenta
|-damage|p1a: Zamazenta|61/100
|
|t:|1776071042
|-end|p2a: Iron Treads|Quark Drive|[silent]
|switch|p2a: Pecharunt|Pecharunt|97/100|[from] Volt Switch
|move|p1a: Zamazenta|Body Press|p2a: Pecharunt
|-immune|p2a: Pecharunt
|
|upkeep
|turn|28
|
|t:|1776071050
|switch|p1a: Gholdengo|Gholdengo|94/100
|-damage|p1a: Gholdengo|88/100|[from] Stealth Rock
|move|p2a: Pecharunt|Malignant Chain|p1a: Gholdengo
|-immune|p1a: Gholdengo
|
|upkeep
|turn|29
|
|t:|1776071059
|move|p2a: Pecharunt|Destiny Bond|p2a: Pecharunt
|-singlemove|p2a: Pecharunt|Destiny Bond
|move|p1a: Gholdengo|Shadow Ball|p2a: Pecharunt
|-supereffective|p2a: Pecharunt
|-damage|p2a: Pecharunt|0 fnt
|faint|p2a: Pecharunt
|-activate|p2a: Pecharunt|move: Destiny Bond
|faint|p1a: Gholdengo
|
|upkeep
|
|t:|1776071069
|switch|p2a: Meowscarada|Meowscarada, F, shiny|32/100
|switch|p1a: Zamazenta|Zamazenta|61/100
|-damage|p1a: Zamazenta|55/100|[from] Stealth Rock
|turn|30
|
|t:|1776071077
|move|p2a: Meowscarada|Flower Trick|p1a: Zamazenta
|-start|p2a: Meowscarada|typechange|Grass|[from] ability: Protean
|-crit|p1a: Zamazenta
|-damage|p1a: Zamazenta|16/100
|move|p1a: Zamazenta|Body Press|p2a: Meowscarada
|-damage|p2a: Meowscarada|0 fnt
|faint|p2a: Meowscarada
|
|upkeep
|
|t:|1776071082
|switch|p2a: Iron Treads|Iron Treads, shiny|72/100
|turn|31
|
|t:|1776071090
|move|p1a: Zamazenta|Body Press|p2a: Iron Treads
|-supereffective|p2a: Iron Treads
|-damage|p2a: Iron Treads|16/100
|-damage|p1a: Zamazenta|0 fnt|[from] item: Rocky Helmet|[of] p2a: Iron Treads
|faint|p1a: Zamazenta
|
|win|Maxime.1010
|raw|fddfdf's rating: 1306 &rarr; <strong>1283</strong><br />(-23 for losing)
|raw|Maxime.1010's rating: 1245 &rarr; <strong>1274</strong><br />(+29 for winning)
|l|‽fddfdf
|player|p1|
|l|☆Maxime.1010
|player|p2|
