|html|<div class="broadcast-blue"><strong>[Gen 9] OU is currently suspecting Tera Blast! For information on how to participate check out the <a href="https://www.smogon.com/tools/suspects/view/200">suspect thread</a>.</strong></div>
|j|☆alwaysserious
|j|☆Baba Y4ga
|t:|1776342429
|gametype|singles
|player|p1|alwaysserious|marlon|1143
|player|p2|Baba Y4ga|pilot|1155
|gen|9
|tier|[Gen 9] OU
|rated|
|rule|HP Percentage Mod: HP is shown in percentages
|rule|Endless Battle Clause: Forcing endless battles is banned
|rule|Species Clause: Limit one of each Pokémon
|rule|OHKO Clause: OHKO moves are banned
|rule|Evasion Items Clause: Evasion items are banned
|rule|Evasion Moves Clause: Evasion moves are banned
|rule|Evasion Abilities Clause: Evasion abilities are banned
|rule|Sleep Moves Clause: Sleep-inducing moves are banned
|clearpoke
|poke|p1|Kleavor, M|
|poke|p1|Raging Bolt|
|poke|p1|Deoxys-Defense|
|poke|p1|Quaquaval, M|
|poke|p1|Cinderace, M|
|poke|p1|Gliscor, M|
|poke|p2|Moltres-Galar|
|poke|p2|Gholdengo|
|poke|p2|Samurott-Hisui, F|
|poke|p2|Smeargle, F|
|poke|p2|Zamazenta-*|
|poke|p2|Deoxys-Speed|
|teampreview
|inactive|Battle timer is ON: inactive players will automatically lose when time's up. (requested by Baba Y4ga)
|
|t:|1776342436
|teamsize|p1|6
|teamsize|p2|6
|start
|switch|p1a: Deku|Kleavor, M, shiny|100/100
|switch|p2a: Samurott|Samurott-Hisui, F|100/100
|turn|1
|
|t:|1776342446
|move|p2a: Samurott|Ceaseless Edge|p1a: Deku
|-damage|p1a: Deku|43/100
|-sidestart|p1: alwaysserious|Spikes
|move|p1a: Deku|Stone Axe|p2a: Samurott
|-damage|p2a: Samurott|33/100
|-sidestart|p2: Baba Y4ga|move: Stealth Rock
|
|upkeep
|turn|2
|
|t:|1776342456
|move|p1a: Deku|Quick Attack|p2a: Samurott
|-damage|p2a: Samurott|15/100
|move|p2a: Samurott|Ceaseless Edge|p1a: Deku
|-damage|p1a: Deku|0 fnt
|-sidestart|p1: alwaysserious|Spikes
|faint|p1a: Deku
|
|upkeep
|
|t:|1776342476
|switch|p1a: All Might|Quaquaval, M|100/100
|turn|3
|
|t:|1776342491
|switch|p2a: Gholdengo|Gholdengo|100/100
|-damage|p2a: Gholdengo|94/100|[from] Stealth Rock
|move|p1a: All Might|Close Combat|p2a: Gholdengo
|-immune|p2a: Gholdengo
|
|upkeep
|turn|4
|
|t:|1776342507
|switch|p1a: Shoji|Deoxys-Defense, shiny|100/100
|-damage|p1a: Shoji|84/100|[from] Spikes
|-ability|p1a: Shoji|Pressure
|move|p2a: Gholdengo|Shadow Ball|p1a: Shoji
|-supereffective|p1a: Shoji
|-damage|p1a: Shoji|52/100
|
|upkeep
|turn|5
|
|t:|1776342518
|switch|p2a: Deoxys|Deoxys-Speed|100/100
|-damage|p2a: Deoxys|88/100|[from] Stealth Rock
|-ability|p2a: Deoxys|Pressure
|-terastallize|p1a: Shoji|Steel
|move|p1a: Shoji|Fire Punch|p2a: Deoxys
|-damage|p2a: Deoxys|72/100
|
|upkeep
|turn|6
|
|t:|1776342529
|move|p2a: Deoxys|Reflect|p2a: Deoxys
|-sidestart|p2: Baba Y4ga|Reflect
|move|p1a: Shoji|Knock Off|p2a: Deoxys
|-supereffective|p2a: Deoxys
|-damage|p2a: Deoxys|52/100
|-enditem|p2a: Deoxys|Light Clay|[from] move: Knock Off|[of] p1a: Shoji
|
|upkeep
|turn|7
|
|t:|1776342541
|switch|p1a: Koichi|Gliscor, M|100/100
|move|p2a: Deoxys|Light Screen|p2a: Deoxys
|-sidestart|p2: Baba Y4ga|move: Light Screen
|
|-status|p1a: Koichi|tox|[from] item: Toxic Orb
|upkeep
|turn|8
|
|t:|1776342550
|move|p2a: Deoxys|Taunt|p1a: Koichi
|-start|p1a: Koichi|move: Taunt
|cant|p1a: Koichi|move: Taunt|Toxic
|
|upkeep
|turn|9
|
|t:|1776342558
|move|p2a: Deoxys|Psycho Boost|p1a: Koichi
|-damage|p1a: Koichi|47/100 tox
|-unboost|p2a: Deoxys|spa|2
|move|p1a: Koichi|Lunge|p2a: Deoxys
|-supereffective|p2a: Deoxys
|-damage|p2a: Deoxys|32/100
|-unboost|p2a: Deoxys|atk|1
|
|-heal|p1a: Koichi|60/100 tox|[from] ability: Poison Heal
|upkeep
|turn|10
|
|t:|1776342584
|switch|p2a: Gholdengo|Gholdengo|94/100
|-damage|p2a: Gholdengo|88/100|[from] Stealth Rock
|move|p1a: Koichi|Lunge|p2a: Gholdengo
|-resisted|p2a: Gholdengo
|-damage|p2a: Gholdengo|86/100
|-unboost|p2a: Gholdengo|atk|1
|
|-heal|p1a: Koichi|72/100 tox|[from] ability: Poison Heal
|-end|p1a: Koichi|move: Taunt
|upkeep
|turn|11
|
|t:|1776342597
|move|p2a: Gholdengo|Trick|p1a: Koichi
|-activate|p2a: Gholdengo|move: Trick|[of] p1a: Koichi
|-item|p1a: Koichi|Choice Scarf|[from] move: Trick
|-item|p2a: Gholdengo|Toxic Orb|[from] move: Trick
|move|p1a: Koichi|Earthquake|p2a: Gholdengo
|-supereffective|p2a: Gholdengo
|-damage|p2a: Gholdengo|48/100
|
|-heal|p1a: Koichi|84/100 tox|[from] ability: Poison Heal
|-sideend|p2: Baba Y4ga|move: Light Screen
|upkeep
|turn|12
|
|t:|1776342607
|move|p1a: Koichi|Earthquake|p2a: Gholdengo
|-supereffective|p2a: Gholdengo
|-damage|p2a: Gholdengo|11/100
|move|p2a: Gholdengo|Memento|p1a: Koichi
|-unboost|p1a: Koichi|atk|2
|-unboost|p1a: Koichi|spa|2
|faint|p2a: Gholdengo
|
|-heal|p1a: Koichi|97/100 tox|[from] ability: Poison Heal
|upkeep
|
|t:|1776342610
|switch|p2a: Smeargle|Smeargle, F|100/100
|-damage|p2a: Smeargle|88/100|[from] Stealth Rock
|turn|13
|
|t:|1776342623
|move|p1a: Koichi|Earthquake|p2a: Smeargle
|-damage|p2a: Smeargle|67/100
|move|p2a: Smeargle|Jaw Lock|p1a: Koichi
|-damage|p1a: Koichi|89/100 tox
|-activate|p2a: Smeargle|trapped
|-activate|p1a: Koichi|trapped
|
|-heal|p1a: Koichi|100/100 tox|[from] ability: Poison Heal
|-sideend|p2: Baba Y4ga|Reflect
|upkeep
|turn|14
|
|t:|1776342632
|-terastallize|p2a: Smeargle|Flying
|move|p1a: Koichi|Earthquake|p2a: Smeargle
|-immune|p2a: Smeargle
|move|p2a: Smeargle|No Retreat|p2a: Smeargle
|-boost|p2a: Smeargle|atk|1
|-boost|p2a: Smeargle|def|1
|-boost|p2a: Smeargle|spa|1
|-boost|p2a: Smeargle|spd|1
|-boost|p2a: Smeargle|spe|1
|
|upkeep
|turn|15
|c|☆Baba Y4ga|gg
|
|t:|1776342643
|move|p1a: Koichi|Earthquake|p2a: Smeargle
|-immune|p2a: Smeargle
|move|p2a: Smeargle|No Retreat|p2a: Smeargle
|-boost|p2a: Smeargle|atk|1
|-boost|p2a: Smeargle|def|1
|-boost|p2a: Smeargle|spa|1
|-boost|p2a: Smeargle|spd|1
|-boost|p2a: Smeargle|spe|1
|
|upkeep
|turn|16
|
|t:|1776342651
|move|p2a: Smeargle|No Retreat|p2a: Smeargle
|-boost|p2a: Smeargle|atk|1
|-boost|p2a: Smeargle|def|1
|-boost|p2a: Smeargle|spa|1
|-boost|p2a: Smeargle|spd|1
|-boost|p2a: Smeargle|spe|1
|move|p1a: Koichi|Earthquake|p2a: Smeargle
|-immune|p2a: Smeargle
|
|upkeep
|turn|17
|
|t:|1776342660
|move|p2a: Smeargle|No Retreat|p2a: Smeargle
|-boost|p2a: Smeargle|atk|1
|-boost|p2a: Smeargle|def|1
|-boost|p2a: Smeargle|spa|1
|-boost|p2a: Smeargle|spd|1
|-boost|p2a: Smeargle|spe|1
|move|p1a: Koichi|Earthquake|p2a: Smeargle
|-immune|p2a: Smeargle
|
|upkeep
|turn|18
|
|t:|1776342668
|move|p2a: Smeargle|No Retreat|p2a: Smeargle
|-boost|p2a: Smeargle|atk|1
|-boost|p2a: Smeargle|def|1
|-boost|p2a: Smeargle|spa|1
|-boost|p2a: Smeargle|spd|1
|-boost|p2a: Smeargle|spe|1
|move|p1a: Koichi|Earthquake|p2a: Smeargle
|-immune|p2a: Smeargle
|
|upkeep
|turn|19
|
|t:|1776342675
|move|p2a: Smeargle|No Retreat|p2a: Smeargle
|-boost|p2a: Smeargle|atk|1
|-boost|p2a: Smeargle|def|1
|-boost|p2a: Smeargle|spa|1
|-boost|p2a: Smeargle|spd|1
|-boost|p2a: Smeargle|spe|1
|move|p1a: Koichi|Earthquake|p2a: Smeargle
|-immune|p2a: Smeargle
|
|upkeep
|turn|20
|
|t:|1776342683
|move|p2a: Smeargle|No Retreat|p2a: Smeargle
|-boost|p2a: Smeargle|atk|0
|-boost|p2a: Smeargle|def|0
|-boost|p2a: Smeargle|spa|0
|-boost|p2a: Smeargle|spd|0
|-boost|p2a: Smeargle|spe|0
|move|p1a: Koichi|Earthquake|p2a: Smeargle
|-immune|p2a: Smeargle
|
|upkeep
|turn|21
|
|t:|1776342690
|move|p2a: Smeargle|Power Trip|p1a: Koichi
|-damage|p1a: Koichi|0 fnt
|faint|p1a: Koichi
|
|upkeep
|
|t:|1776342702
|switch|p1a: Kaminari|Raging Bolt|100/100
|turn|22
|
|t:|1776342707
|move|p2a: Smeargle|Population Bomb|p1a: Kaminari
|-damage|p1a: Kaminari|74/100
|-damage|p1a: Kaminari|51/100
|-damage|p1a: Kaminari|27/100
|-damage|p1a: Kaminari|4/100
|-damage|p1a: Kaminari|0 fnt
|faint|p1a: Kaminari
|-end|p1a: Kaminari|Protosynthesis|[silent]
|-hitcount|p1: Kaminari|5
|
|upkeep
|
|t:|1776342735
|switch|p1a: Dabi|Cinderace, M, shiny|100/100
|turn|23
|
|t:|1776342739
|move|p2a: Smeargle|Population Bomb|p1a: Dabi
|-damage|p1a: Dabi|62/100
|-damage|p1a: Dabi|24/100
|-damage|p1a: Dabi|0 fnt
|faint|p1a: Dabi
|-hitcount|p1: Dabi|3
|
|upkeep
|
|t:|1776342750
|switch|p1a: All Might|Quaquaval, M|100/100
|turn|24
|
|t:|1776342761
|move|p1a: All Might|Aqua Jet|p2a: Smeargle
|-damage|p2a: Smeargle|54/100
|move|p2a: Smeargle|Population Bomb|p1a: All Might
|-damage|p1a: All Might|67/100
|-damage|p1a: All Might|29/100
|-damage|p1a: All Might|0 fnt
|faint|p1a: All Might
|-hitcount|p1: All Might|3
|
|upkeep
|c|☆Baba Y4ga|nice
|c|☆Baba Y4ga|try
|
|t:|1776342774
|switch|p1a: Shoji|Deoxys-Defense, shiny, tera:Steel|52/100
|-damage|p1a: Shoji|35/100|[from] Spikes
|-ability|p1a: Shoji|Pressure
|turn|25
|
|t:|1776342783
|move|p2a: Smeargle|Power Trip|p1a: Shoji
|-damage|p1a: Shoji|0 fnt
|faint|p1a: Shoji
|
|win|Baba Y4ga
|raw|alwaysserious's rating: 1143 &rarr; <strong>1119</strong><br />(-24 for losing)
|raw|Baba Y4ga's rating: 1155 &rarr; <strong>1179</strong><br />(+24 for winning)
