|html|<div class="broadcast-blue"><strong>[Gen 9] OU is currently suspecting Tera Blast! For information on how to participate check out the <a href="https://www.smogon.com/tools/suspects/view/200">suspect thread</a>.</strong></div>
|j|☆nappy
|j|☆PokeBlaze17
|t:|1776052976
|gametype|singles
|player|p1|nappy|102|1067
|player|p2|PokeBlaze17|cheren-gen5bw2|1102
|gen|9
|tier|[Gen 9] OU
|rated|
|rule|HP Percentage Mod: HP is shown in percentages
|rule|Endless Battle Clause: Forcing endless battles is banned
|rule|Species Clause: Limit one of each Pokémon
|rule|OHKO Clause: OHKO moves are banned
|rule|Evasion Items Clause: Evasion items are banned
|rule|Evasion Moves Clause: Evasion moves are banned
|rule|Evasion Abilities Clause: Evasion abilities are banned
|rule|Sleep Moves Clause: Sleep-inducing moves are banned
|clearpoke
|poke|p1|Dragonite, F|
|poke|p1|Darkrai|
|poke|p1|Moltres|
|poke|p1|Slowking-Galar, F|
|poke|p1|Glimmora, F|
|poke|p1|Landorus-Therian, M|
|poke|p2|Venusaur, F|
|poke|p2|Arcanine, M|
|poke|p2|Clefable, F|
|poke|p2|Gyarados, F|
|poke|p2|Hitmonchan, M|
|poke|p2|Dragonite, M|
|teampreview
|inactive|Battle timer is ON: inactive players will automatically lose when time's up. (requested by PokeBlaze17)
|inactive|nappy has 120 seconds left.
|inactive|nappy has 90 seconds left.
|inactive|nappy has 60 seconds left.
|
|t:|1776053074
|teamsize|p1|6
|teamsize|p2|6
|start
|switch|p1a: Landorus|Landorus-Therian, M|100/100
|switch|p2a: Hitmonchan|Hitmonchan, M|100/100
|-ability|p1a: Landorus|Intimidate|boost
|-unboost|p2a: Hitmonchan|atk|1
|turn|1
|
|t:|1776053099
|move|p1a: Landorus|U-turn|p2a: Hitmonchan
|-resisted|p2a: Hitmonchan
|-damage|p2a: Hitmonchan|76/100
|inactive|nappy has 120 seconds left.
|
|t:|1776053121
|switch|p1a: Glimmora|Glimmora, F|100/100|[from] U-turn
|move|p2a: Hitmonchan|Ice Punch|p1a: Glimmora
|-damage|p1a: Glimmora|76/100
|-activate|p1a: Glimmora|ability: Toxic Debris
|-sidestart|p2: PokeBlaze17|move: Toxic Spikes
|
|upkeep
|turn|2
|
|t:|1776053131
|move|p1a: Glimmora|Stealth Rock|p2a: Hitmonchan
|-sidestart|p2: PokeBlaze17|move: Stealth Rock
|move|p2a: Hitmonchan|Rapid Spin|p1a: Glimmora
|-resisted|p1a: Glimmora
|-damage|p1a: Glimmora|70/100
|-boost|p2a: Hitmonchan|spe|1
|-activate|p1a: Glimmora|ability: Toxic Debris
|-sidestart|p2: PokeBlaze17|move: Toxic Spikes
|-sideend|p2: PokeBlaze17|Toxic Spikes|[from] move: Rapid Spin|[of] p2a: Hitmonchan
|-sideend|p2: PokeBlaze17|Stealth Rock|[from] move: Rapid Spin|[of] p2a: Hitmonchan
|
|upkeep
|turn|3
|inactive|nappy has 120 seconds left.
|inactive|nappy has 90 seconds left.
|inactive|nappy has 60 seconds left.
|
|t:|1776053222
|switch|p2a: Venusaur|Venusaur, F, shiny|100/100
|move|p1a: Glimmora|Stealth Rock|p2a: Venusaur
|-sidestart|p2: PokeBlaze17|move: Stealth Rock
|
|upkeep
|turn|4
|
|t:|1776053242
|move|p1a: Glimmora|Earth Power|p2a: Venusaur
|-damage|p2a: Venusaur|68/100
|move|p2a: Venusaur|Sunny Day|p2a: Venusaur
|-weather|SunnyDay
|
|-weather|SunnyDay|[upkeep]
|upkeep
|turn|5
|inactive|nappy has 60 seconds left.
|
|t:|1776053263
|move|p2a: Venusaur|Solar Beam||[still]
|-prepare|p2a: Venusaur|Solar Beam
|-anim|p2a: Venusaur|Solar Beam|p1a: Glimmora
|-damage|p1a: Glimmora|0 fnt
|faint|p1a: Glimmora
|
|-weather|SunnyDay|[upkeep]
|upkeep
|
|t:|1776053267
|switch|p1a: Moltres|Moltres|100/100
|turn|6
|
|t:|1776053282
|move|p2a: Venusaur|Sludge Bomb|p1a: Moltres
|-damage|p1a: Moltres|57/100
|move|p1a: Moltres|Flamethrower|p2a: Venusaur
|-supereffective|p2a: Venusaur
|-damage|p2a: Venusaur|0 fnt
|faint|p2a: Venusaur
|
|-weather|SunnyDay|[upkeep]
|upkeep
|inactive|PokeBlaze17 has 120 seconds left.
|
|t:|1776053305
|switch|p2a: Gyarados|Gyarados, F, shiny|100/100
|-ability|p2a: Gyarados|Intimidate|boost
|-unboost|p1a: Moltres|atk|1
|turn|7
|inactive|PokeBlaze17 has 120 seconds left.
|inactive|nappy has 60 seconds left.
|inactive|nappy has 30 seconds left.
|inactive|nappy has 20 seconds left.
|inactive|nappy has 15 seconds left.
|
|t:|1776053369
|move|p1a: Moltres|Will-O-Wisp|p2a: Gyarados
|-status|p2a: Gyarados|brn
|move|p2a: Gyarados|Dragon Dance|p2a: Gyarados
|-boost|p2a: Gyarados|atk|1
|-boost|p2a: Gyarados|spe|1
|
|-weather|SunnyDay|[upkeep]
|-damage|p2a: Gyarados|94/100 brn|[from] brn
|upkeep
|turn|8
|inactive|nappy has 25 seconds left this turn.
|inactive|PokeBlaze17 has 120 seconds left.
|
|t:|1776053381
|move|p2a: Gyarados|Dragon Dance|p2a: Gyarados
|-boost|p2a: Gyarados|atk|1
|-boost|p2a: Gyarados|spe|1
|move|p1a: Moltres|Roost|p1a: Moltres
|-heal|p1a: Moltres|100/100
|-singleturn|p1a: Moltres|move: Roost
|
|-weather|SunnyDay|[upkeep]
|-damage|p2a: Gyarados|88/100 brn|[from] brn
|upkeep
|turn|9
|inactive|nappy has 30 seconds left.
|inactive|PokeBlaze17 has 120 seconds left.
|inactive|nappy has 20 seconds left.
|
|t:|1776053397
|move|p2a: Gyarados|Dragon Dance|p2a: Gyarados
|-boost|p2a: Gyarados|atk|1
|-boost|p2a: Gyarados|spe|1
|move|p1a: Moltres|U-turn|p2a: Gyarados
|-resisted|p2a: Gyarados
|-damage|p2a: Gyarados|85/100 brn
|inactive|nappy has 25 seconds left this turn.
|inactive|nappy has 20 seconds left.
|inactive|nappy has 15 seconds left.
|inactive|nappy has 10 seconds left.
|inactive|nappy has 5 seconds left.
|-message|nappy lost due to inactivity.
|
|win|PokeBlaze17
|raw|nappy's rating: 1067 &rarr; <strong>1049</strong><br />(-18 for losing)
|raw|PokeBlaze17's rating: 1102 &rarr; <strong>1124</strong><br />(+22 for winning)
|l|☆nappy
|player|p1|
|l|☆PokeBlaze17
|player|p2|
