|html|<div class="broadcast-blue"><strong>[Gen 9] OU is currently suspecting Volcarona! For information on how to participate check out the <a href="https://www.smogon.com/tools/suspects/view/208">suspect thread</a>.</strong></div>
|j|☆chuddyholly
|j|☆Sir Pitulio
|t:|1778513995
|gametype|singles
|player|p1|chuddyholly|265|1546
|player|p2|Sir Pitulio|cyrus|1543
|gen|9
|tier|[Gen 9] OU
|rated|
|rule|HP Percentage Mod: HP is shown in percentages
|rule|Endless Battle Clause: Forcing endless battles is banned
|rule|Species Clause: Limit one of each Pokémon
|rule|OHKO Clause: OHKO moves are banned
|rule|Evasion Items Clause: Evasion items are banned
|rule|Evasion Moves Clause: Evasion moves are banned
|rule|Evasion Abilities Clause: Evasion abilities are banned
|rule|Sleep Moves Clause: Sleep-inducing moves are banned
|clearpoke
|poke|p1|Darkrai|
|poke|p1|Garchomp, F|
|poke|p1|Alomomola, M|
|poke|p1|Corviknight, M|
|poke|p1|Weezing-Galar, F|
|poke|p1|Ogerpon, F|
|poke|p2|Keldeo-Resolute|
|poke|p2|Ceruledge, F|
|poke|p2|Iron Valiant|
|poke|p2|Avalugg-Hisui, F|
|poke|p2|Latias, F|
|poke|p2|Cinderace, M|
|teampreview
|
|t:|1778514008
|teamsize|p1|6
|teamsize|p2|6
|start
|switch|p1a: Garchomp|Garchomp, F|100/100
|switch|p2a: Cinderace|Cinderace, M|100/100
|turn|1
|
|t:|1778514014
|switch|p1a: Alomomola|Alomomola, M|100/100
|move|p2a: Cinderace|Pyro Ball|p1a: Alomomola
|-resisted|p1a: Alomomola
|-damage|p1a: Alomomola|78/100
|
|upkeep
|turn|2
|j| foxi4
|c|☆chuddyholly|An incredibly strange play
|
|t:|1778514051
|move|p2a: Cinderace|High Jump Kick|p1a: Alomomola
|-start|p2a: Cinderace|typechange|Fighting|[from] ability: Libero
|-damage|p1a: Alomomola|27/100
|move|p1a: Alomomola|Flip Turn|p2a: Cinderace
|-damage|p2a: Cinderace|79/100
|
|t:|1778514056
|switch|p1a: Garchomp|Garchomp, F|100/100|[from] Flip Turn
|
|upkeep
|turn|3
|
|t:|1778514061
|move|p2a: Cinderace|High Jump Kick|p1a: Garchomp
|-damage|p1a: Garchomp|61/100
|-damage|p2a: Cinderace|66/100|[from] ability: Rough Skin|[of] p1a: Garchomp
|-damage|p2a: Cinderace|50/100|[from] item: Rocky Helmet|[of] p1a: Garchomp
|move|p1a: Garchomp|Earthquake|p2a: Cinderace
|-damage|p2a: Cinderace|0 fnt
|faint|p2a: Cinderace
|
|upkeep
|
|t:|1778514085
|switch|p2a: Keldeo|Keldeo-Resolute|100/100
|turn|4
|
|t:|1778514095
|switch|p1a: Alomomola|Alomomola, M|60/100
|move|p2a: Keldeo|Calm Mind|p2a: Keldeo
|-boost|p2a: Keldeo|spa|1
|-boost|p2a: Keldeo|spd|1
|
|upkeep
|turn|5
|
|t:|1778514105
|move|p2a: Keldeo|Secret Sword|p1a: Alomomola
|-damage|p1a: Alomomola|11/100
|move|p1a: Alomomola|Mirror Coat|p2a: Keldeo
|-damage|p2a: Keldeo|0 fnt
|faint|p2a: Keldeo
|
|upkeep
|inactive|Battle timer is ON: inactive players will automatically lose when time's up. (requested by chuddyholly)
|
|t:|1778514149
|switch|p2a: Ceruledge|Ceruledge, F, shiny|100/100
|turn|6
|
|t:|1778514159
|move|p2a: Ceruledge|Swords Dance|p2a: Ceruledge
|-boost|p2a: Ceruledge|atk|2
|move|p1a: Alomomola|Flip Turn|p2a: Ceruledge
|-supereffective|p2a: Ceruledge
|-damage|p2a: Ceruledge|57/100
|-ability|p2a: Ceruledge|Weak Armor|boost
|-unboost|p2a: Ceruledge|def|1
|-boost|p2a: Ceruledge|spe|2
|
|t:|1778514166
|switch|p1a: Weezing|Weezing-Galar, F|100/100|[from] Flip Turn
|-ability|p1a: Weezing|Neutralizing Gas
|
|upkeep
|turn|7
|inactive|Sir Pitulio has 120 seconds left.
|c|☆chuddyholly|Baby's first calc
|inactive|Sir Pitulio has 90 seconds left.
|
|t:|1778514238
|move|p2a: Ceruledge|Bitter Blade|p1a: Weezing
|-damage|p1a: Weezing|32/100
|-heal|p2a: Ceruledge|96/100|[from] drain|[of] p1a: Weezing
|move|p1a: Weezing|Sludge Bomb|p2a: Ceruledge
|-resisted|p2a: Ceruledge
|-damage|p2a: Ceruledge|81/100
|-status|p2a: Ceruledge|psn
|
|-heal|p1a: Weezing|38/100|[from] item: Leftovers
|-damage|p2a: Ceruledge|69/100 psn|[from] psn
|upkeep
|turn|8
|
|t:|1778514250
|-terastallize|p1a: Weezing|Dragon
|move|p2a: Ceruledge|Poltergeist|p1a: Weezing
|-activate|p1a: Weezing|move: Poltergeist|Leftovers
|-damage|p1a: Weezing|0 fnt
|faint|p1a: Weezing
|-end|p1a: Weezing|ability: Neutralizing Gas
|
|-damage|p2a: Ceruledge|56/100 psn|[from] psn
|upkeep
|
|t:|1778514258
|switch|p1a: Corviknight|Corviknight, M|100/100
|-ability|p1a: Corviknight|Pressure
|turn|9
|
|t:|1778514262
|switch|p1a: Garchomp|Garchomp, F|61/100
|move|p2a: Ceruledge|Bitter Blade|p1a: Garchomp
|-resisted|p1a: Garchomp
|-damage|p1a: Garchomp|27/100
|-heal|p2a: Ceruledge|81/100 psn|[from] drain|[of] p1a: Garchomp
|-damage|p2a: Ceruledge|68/100 psn|[from] ability: Rough Skin|[of] p1a: Garchomp
|-damage|p2a: Ceruledge|52/100 psn|[from] item: Rocky Helmet|[of] p1a: Garchomp
|
|-damage|p2a: Ceruledge|39/100 psn|[from] psn
|upkeep
|turn|10
|
|t:|1778514274
|move|p2a: Ceruledge|Bitter Blade|p1a: Garchomp
|-resisted|p1a: Garchomp
|-damage|p1a: Garchomp|0 fnt
|-heal|p2a: Ceruledge|59/100 psn|[from] drain|[of] p1a: Garchomp
|-damage|p2a: Ceruledge|46/100 psn|[from] ability: Rough Skin|[of] p1a: Garchomp
|-damage|p2a: Ceruledge|30/100 psn|[from] item: Rocky Helmet|[of] p1a: Garchomp
|faint|p1a: Garchomp
|
|-damage|p2a: Ceruledge|17/100 psn|[from] psn
|upkeep
|
|t:|1778514282
|switch|p1a: Alomomola|Alomomola, M|44/100
|turn|11
|
|t:|1778514287
|move|p1a: Alomomola|Aqua Jet|p2a: Ceruledge
|-supereffective|p2a: Ceruledge
|-damage|p2a: Ceruledge|0 fnt
|faint|p2a: Ceruledge
|
|upkeep
|inactive|Sir Pitulio has 90 seconds left.
|
|t:|1778514319
|switch|p2a: Latias|Latias, F|100/100
|turn|12
|
|t:|1778514323
|move|p2a: Latias|Agility|p2a: Latias
|-boost|p2a: Latias|spe|2
|move|p1a: Alomomola|Flip Turn|p2a: Latias
|-resisted|p2a: Latias
|-damage|p2a: Latias|94/100
|
|t:|1778514329
|switch|p1a: Ogerpon|Ogerpon, F|100/100|[from] Flip Turn
|
|upkeep
|turn|13
|
|t:|1778514334
|move|p2a: Latias|Calm Mind|p2a: Latias
|-boost|p2a: Latias|spa|1
|-boost|p2a: Latias|spd|1
|move|p1a: Ogerpon|Encore|p2a: Latias
|-start|p2a: Latias|Encore
|
|upkeep
|turn|14
|
|t:|1778514340
|switch|p2a: Avalugg|Avalugg-Hisui, F|100/100
|move|p1a: Ogerpon|Knock Off|p2a: Avalugg
|-damage|p2a: Avalugg|81/100
|-enditem|p2a: Avalugg|Custap Berry|[from] move: Knock Off|[of] p1a: Ogerpon
|
|upkeep
|turn|15
|inactive|Sir Pitulio has 120 seconds left.
|
|t:|1778514348
|move|p1a: Ogerpon|Swords Dance|p1a: Ogerpon
|-boost|p1a: Ogerpon|atk|2
|move|p2a: Avalugg|Mountain Gale|p1a: Ogerpon
|-supereffective|p1a: Ogerpon
|-damage|p1a: Ogerpon|0 fnt
|faint|p1a: Ogerpon
|
|upkeep
|
|t:|1778514355
|switch|p1a: Darkrai|Darkrai|100/100
|turn|16
|c|☆Sir Pitulio|An incredibly strange play
|inactive|Sir Pitulio has 120 seconds left.
|l| foxi4
|
|t:|1778514392
|move|p1a: Darkrai|Dark Pulse|p2a: Avalugg
|-damage|p2a: Avalugg|0 fnt
|faint|p2a: Avalugg
|
|upkeep
|c|☆chuddyholly|I thought you were going to set up
|c|☆chuddyholly|You were sacking your cinder turn 1
|
|t:|1778514400
|switch|p2a: Iron Valiant|Iron Valiant|100/100
|-enditem|p2a: Iron Valiant|Booster Energy
|-activate|p2a: Iron Valiant|ability: Quark Drive|[fromitem]
|-start|p2a: Iron Valiant|quarkdrivespe
|turn|17
|c|☆chuddyholly|So yeah, u tell me
|
|t:|1778514414
|switch|p1a: Corviknight|Corviknight, M|100/100
|-ability|p1a: Corviknight|Pressure
|move|p2a: Iron Valiant|Moonblast|p1a: Corviknight
|-resisted|p1a: Corviknight
|-damage|p1a: Corviknight|83/100
|
|-heal|p1a: Corviknight|89/100|[from] item: Leftovers
|upkeep
|turn|18
|
|t:|1778514425
|move|p2a: Iron Valiant|Calm Mind|p2a: Iron Valiant
|-boost|p2a: Iron Valiant|spa|1
|-boost|p2a: Iron Valiant|spd|1
|move|p1a: Corviknight|Brave Bird|p2a: Iron Valiant
|-supereffective|p2a: Iron Valiant
|-damage|p2a: Iron Valiant|3/100
|-damage|p1a: Corviknight|66/100|[from] Recoil
|
|-heal|p1a: Corviknight|72/100|[from] item: Leftovers
|upkeep
|turn|19
|
|t:|1778514436
|move|p2a: Iron Valiant|Thunderbolt|p1a: Corviknight
|-supereffective|p1a: Corviknight
|-damage|p1a: Corviknight|14/100
|move|p1a: Corviknight|U-turn|p2a: Iron Valiant
|-resisted|p2a: Iron Valiant
|-damage|p2a: Iron Valiant|0 fnt
|faint|p2a: Iron Valiant
|-end|p2a: Iron Valiant|Quark Drive|[silent]
|
|t:|1778514439
|switch|p1a: Darkrai|Darkrai|100/100|[from] U-turn
|
|upkeep
|
|t:|1778514442
|switch|p2a: Latias|Latias, F|94/100
|turn|20
|c|☆chuddyholly|Like get real bro
|
|t:|1778514455
|-terastallize|p2a: Latias|Fairy
|move|p1a: Darkrai|Trick|p2a: Latias
|-activate|p1a: Darkrai|move: Trick|[of] p2a: Latias
|-item|p2a: Latias|Choice Specs|[from] move: Trick
|-item|p1a: Darkrai|Weakness Policy|[from] move: Trick
|move|p2a: Latias|Agility|p2a: Latias
|-boost|p2a: Latias|spe|2
|
|upkeep
|turn|21
|-message|Sir Pitulio forfeited.
|
|win|chuddyholly
|raw|chuddyholly's rating: 1546 &rarr; <strong>1566</strong><br />(+20 for winning)
|raw|Sir Pitulio's rating: 1543 &rarr; <strong>1523</strong><br />(-20 for losing)
|l|☆Sir Pitulio
|player|p2|
|c|☆chuddyholly|Lol
|l|☆chuddyholly
|player|p1|
