|j|☆encore21768768
|j|☆Abyssal Bot
|t:|1776077383
|gametype|singles
|player|p1|encore21768768|265|
|player|p2|Abyssal Bot|supernerd|
|teamsize|p1|6
|teamsize|p2|6
|gen|9
|tier|[Gen 9] OU
|rule|Species Clause: Limit one of each Pokémon
|rule|OHKO Clause: OHKO moves are banned
|rule|Evasion Items Clause: Evasion items are banned
|rule|Evasion Moves Clause: Evasion moves are banned
|rule|Endless Battle Clause: Forcing endless battles is banned
|rule|HP Percentage Mod: HP is shown in percentages
|rule|Sleep Moves Clause: Sleep-inducing moves are banned
|clearpoke
|poke|p1|Smeargle, F|
|poke|p1|Garganacl, M|
|poke|p1|Gholdengo|
|poke|p1|Houndstone, F|
|poke|p1|Excadrill, F|
|poke|p1|Zamazenta-*|
|poke|p2|Iron Treads|
|poke|p2|Skeledirge, M|
|poke|p2|Ogerpon-Wellspring, F|
|poke|p2|Enamorus, F|
|poke|p2|Zamazenta-*|
|poke|p2|Roaring Moon|
|teampreview
|c|☆Abyssal Bot|Good Luck and Have Fun my Friend!
|inactive|Battle timer is ON: inactive players will automatically lose when time's up. (requested by Abyssal Bot)
|j|*Turbo Bottttt
|
|t:|1776077386
|start
|switch|p1a: Garganacl|Garganacl, M|100/100
|switch|p2a: Skeledirge|Skeledirge, M|100/100
|turn|1
|
|t:|1776077389
|switch|p2a: Iron Treads|Iron Treads|100/100
|-enditem|p2a: Iron Treads|Booster Energy
|-activate|p2a: Iron Treads|ability: Quark Drive|[fromitem]
|-start|p2a: Iron Treads|quarkdrivespe
|move|p1a: Garganacl|Stealth Rock|p2a: Iron Treads
|-sidestart|p2: Abyssal Bot|move: Stealth Rock
|
|upkeep
|turn|2
|
|t:|1776077392
|move|p2a: Iron Treads|Steel Beam|p1a: Garganacl
|-supereffective|p1a: Garganacl
|-damage|p1a: Garganacl|35/100
|-damage|p2a: Iron Treads|50/100|[from] steelbeam
|move|p1a: Garganacl|Salt Cure|p2a: Iron Treads
|-resisted|p2a: Iron Treads
|-damage|p2a: Iron Treads|48/100
|-start|p2a: Iron Treads|Salt Cure
|
|-damage|p2a: Iron Treads|23/100|[from] Salt Cure|[of] p1a: Garganacl
|upkeep
|turn|3
|
|t:|1776077395
|move|p2a: Iron Treads|Earth Power|p1a: Garganacl
|-supereffective|p1a: Garganacl
|-damage|p1a: Garganacl|0
|faint|p1a: Garganacl
|
|-damage|p2a: Iron Treads|0|[from] Salt Cure|[of] p1: Garganacl
|faint|p2a: Iron Treads
|-end|p2a: Iron Treads|Quark Drive|[silent]
|upkeep
|
|t:|1776077400
|switch|p2a: Skeledirge|Skeledirge, M|100/100
|switch|p1a: Zamazenta|Zamazenta|100/100
|-ability|p1a: Zamazenta|Dauntless Shield|boost
|-boost|p1a: Zamazenta|def|1
|turn|4
|
|t:|1776077404
|switch|p1a: Gholdengo|Gholdengo|100/100
|move|p2a: Skeledirge|Will-O-Wisp|p1a: Gholdengo
|-immune|p1a: Gholdengo|[from] ability: Good as Gold
|
|upkeep
|turn|5
|
|t:|1776077407
|move|p1a: Gholdengo|Thunder Wave|p2a: Skeledirge
|-status|p2a: Skeledirge|par
|move|p2a: Skeledirge|Will-O-Wisp|p1a: Gholdengo
|-immune|p1a: Gholdengo|[from] ability: Good as Gold
|
|upkeep
|turn|6
|
|t:|1776077410
|move|p1a: Gholdengo|Shadow Ball|p2a: Skeledirge
|-supereffective|p2a: Skeledirge
|-damage|p2a: Skeledirge|36/100 par
|move|p2a: Skeledirge|Torch Song|p1a: Gholdengo
|-supereffective|p1a: Gholdengo
|-damage|p1a: Gholdengo|28/100
|-boost|p2a: Skeledirge|spa|1
|
|upkeep
|turn|7
|
|t:|1776077413
|move|p1a: Gholdengo|Shadow Ball|p2a: Skeledirge
|-supereffective|p2a: Skeledirge
|-damage|p2a: Skeledirge|0 par
|faint|p2a: Skeledirge
|
|upkeep
|
|t:|1776077413
|switch|p2a: Roaring Moon|Roaring Moon|100/100
|-damage|p2a: Roaring Moon|88/100|[from] Stealth Rock|[of] p1: Garganacl
|-enditem|p2a: Roaring Moon|Booster Energy
|-activate|p2a: Roaring Moon|ability: Protosynthesis|[fromitem]
|-start|p2a: Roaring Moon|protosynthesisatk
|turn|8
|
|t:|1776077415
|move|p2a: Roaring Moon|Knock Off|p1a: Gholdengo
|-supereffective|p1a: Gholdengo
|-damage|p1a: Gholdengo|0
|-enditem|p1a: Gholdengo|Heavy-Duty Boots|[from] move: Knock Off|[of] p2a: Roaring Moon
|faint|p1a: Gholdengo
|
|upkeep
|
|t:|1776077432
|switch|p1a: Zamazenta|Zamazenta|100/100
|turn|9
|
|t:|1776077433
|move|p1a: Zamazenta|Iron Defense|p1a: Zamazenta
|-boost|p1a: Zamazenta|def|2
|move|p2a: Roaring Moon|Earthquake|p1a: Zamazenta
|-damage|p1a: Zamazenta|80/100
|
|upkeep
|turn|10
|
|t:|1776077437
|-end|p2a: Roaring Moon|Protosynthesis|[silent]
|switch|p2a: Enamorus|Enamorus, F|100/100
|-damage|p2a: Enamorus|76/100|[from] Stealth Rock|[of] p1: Garganacl
|move|p1a: Zamazenta|Body Press|p2a: Enamorus
|-resisted|p2a: Enamorus
|-damage|p2a: Enamorus|50/100
|
|upkeep
|turn|11
|
|t:|1776077441
|move|p1a: Zamazenta|Stone Edge|p2a: Enamorus
|-supereffective|p2a: Enamorus
|-damage|p2a: Enamorus|0
|faint|p2a: Enamorus
|
|upkeep
|
|t:|1776077442
|switch|p2a: Ogerpon|Ogerpon-Wellspring, F|100/100
|-damage|p2a: Ogerpon|88/100|[from] Stealth Rock|[of] p1: Garganacl
|turn|12
|
|t:|1776077444
|move|p1a: Zamazenta|Body Press|p2a: Ogerpon
|-damage|p2a: Ogerpon|0
|faint|p2a: Ogerpon
|
|upkeep
|
|t:|1776077444
|switch|p2a: Zamazenta|Zamazenta|100/100
|-damage|p2a: Zamazenta|94/100|[from] Stealth Rock|[of] p1: Garganacl
|-ability|p2a: Zamazenta|Dauntless Shield|boost
|-boost|p2a: Zamazenta|def|1
|turn|13
|
|t:|1776077447
|move|p1a: Zamazenta|Iron Defense|p1a: Zamazenta
|-boost|p1a: Zamazenta|def|2
|move|p2a: Zamazenta|Body Press|p1a: Zamazenta
|-damage|p1a: Zamazenta|64/100
|
|-heal|p2a: Zamazenta|100/100|[from] item: Leftovers
|upkeep
|turn|14
|
|t:|1776077449
|move|p1a: Zamazenta|Body Press|p2a: Zamazenta
|-damage|p2a: Zamazenta|50/100
|move|p2a: Zamazenta|Iron Defense|p2a: Zamazenta
|-boost|p2a: Zamazenta|def|2
|
|-heal|p2a: Zamazenta|56/100|[from] item: Leftovers
|upkeep
|turn|15
|
|t:|1776077450
|move|p1a: Zamazenta|Body Press|p2a: Zamazenta
|-damage|p2a: Zamazenta|27/100
|move|p2a: Zamazenta|Crunch|p1a: Zamazenta
|-resisted|p1a: Zamazenta
|-damage|p1a: Zamazenta|61/100
|-unboost|p1a: Zamazenta|def|1
|
|-heal|p2a: Zamazenta|33/100|[from] item: Leftovers
|upkeep
|turn|16
|
|t:|1776077454
|move|p1a: Zamazenta|Body Press|p2a: Zamazenta
|-damage|p2a: Zamazenta|9/100
|move|p2a: Zamazenta|Crunch|p1a: Zamazenta
|-resisted|p1a: Zamazenta
|-damage|p1a: Zamazenta|57/100
|
|-heal|p2a: Zamazenta|15/100|[from] item: Leftovers
|upkeep
|turn|17
|
|t:|1776077457
|move|p1a: Zamazenta|Body Press|p2a: Zamazenta
|-damage|p2a: Zamazenta|0
|faint|p2a: Zamazenta
|
|upkeep
|
|t:|1776077457
|switch|p2a: Roaring Moon|Roaring Moon|88/100
|-damage|p2a: Roaring Moon|76/100|[from] Stealth Rock|[of] p1: Garganacl
|turn|18
|
|t:|1776077460
|move|p1a: Zamazenta|Body Press|p2a: Roaring Moon
|-supereffective|p2a: Roaring Moon
|-damage|p2a: Roaring Moon|0
|faint|p2a: Roaring Moon
|-end|p2a: Roaring Moon|Protosynthesis|[silent]
|
|win|encore21768768
|c|☆Abyssal Bot|Oh, I lost. Good Game.
|l|☆Abyssal Bot
|player|p2|
|l|*Turbo Bottttt
