|html|<div class="broadcast-blue"><strong>[Gen 9] OU is currently suspecting Tera Blast! For information on how to participate check out the <a href="https://www.smogon.com/tools/suspects/view/200">suspect thread</a>.</strong></div>
|j|☆Jsparxs
|j|☆TeraBlastGardevoir
|t:|1776097899
|gametype|singles
|player|p1|Jsparxs|265|1435
|player|p2|TeraBlastGardevoir|giovanni|1478
|gen|9
|tier|[Gen 9] OU
|rated|
|rule|HP Percentage Mod: HP is shown in percentages
|rule|Endless Battle Clause: Forcing endless battles is banned
|rule|Species Clause: Limit one of each Pokémon
|rule|OHKO Clause: OHKO moves are banned
|rule|Evasion Items Clause: Evasion items are banned
|rule|Evasion Moves Clause: Evasion moves are banned
|rule|Evasion Abilities Clause: Evasion abilities are banned
|rule|Sleep Moves Clause: Sleep-inducing moves are banned
|clearpoke
|poke|p1|Cobalion|
|poke|p1|Zamazenta-*|
|poke|p1|Iron Valiant|
|poke|p1|Gallade, M|
|poke|p1|Kommo-o, M|
|poke|p1|Okidogi, M|
|poke|p2|Gardevoir, F|
|poke|p2|Rillaboom, F|
|poke|p2|Hawlucha, F|
|poke|p2|Iron Moth|
|poke|p2|Landorus-Therian, M|
|poke|p2|Kingambit, F|
|teampreview
|c|☆Jsparxs|glhf
|
|t:|1776097935
|teamsize|p1|6
|teamsize|p2|6
|start
|switch|p1a: Cobalion|Cobalion|100/100
|switch|p2a: Landorus|Landorus-Therian, M|100/100
|-ability|p2a: Landorus|Intimidate|boost
|-unboost|p1a: Cobalion|atk|1
|turn|1
|
|t:|1776097940
|move|p1a: Cobalion|Stealth Rock|p2a: Landorus
|-sidestart|p2: TeraBlastGardevoir|move: Stealth Rock
|move|p2a: Landorus|Stealth Rock|p1a: Cobalion
|-sidestart|p1: Jsparxs|move: Stealth Rock
|
|upkeep
|turn|2
|
|t:|1776097972
|switch|p1a: Iron Valiant|Iron Valiant|100/100
|-damage|p1a: Iron Valiant|94/100|[from] Stealth Rock
|move|p2a: Landorus|Earth Power|p1a: Iron Valiant
|-damage|p1a: Iron Valiant|39/100
|
|upkeep
|turn|3
|
|t:|1776097988
|move|p1a: Iron Valiant|Trick|p2a: Landorus
|-activate|p1a: Iron Valiant|move: Trick|[of] p2a: Landorus
|-item|p2a: Landorus|Choice Specs|[from] move: Trick
|-item|p1a: Iron Valiant|Rocky Helmet|[from] move: Trick
|move|p2a: Landorus|Earth Power|p1a: Iron Valiant
|-damage|p1a: Iron Valiant|0 fnt
|faint|p1a: Iron Valiant
|-end|p1a: Iron Valiant|Quark Drive|[silent]
|
|upkeep
|c|☆TeraBlastGardevoir|dont mind if I do
|c|☆TeraBlastGardevoir|specs lando new meta
|
|t:|1776098006
|switch|p1a: Gallade|Gallade, M|100/100
|-damage|p1a: Gallade|94/100|[from] Stealth Rock
|turn|4
|
|t:|1776098015
|move|p2a: Landorus|Earth Power|p1a: Gallade
|-damage|p1a: Gallade|66/100
|move|p1a: Gallade|Triple Axel|p2a: Landorus
|-supereffective|p2a: Landorus
|-damage|p2a: Landorus|74/100
|-supereffective|p2a: Landorus
|-crit|p2a: Landorus
|-damage|p2a: Landorus|0 fnt
|faint|p2a: Landorus
|-hitcount|p2: Landorus|2
|
|upkeep
|c|☆Jsparxs|Yeah this is what I get for not looking at chat
|c|☆Jsparxs|mobile gaming
|c|☆Jsparxs|The things I do not to get hit by oncoming traffic
|
|t:|1776098114
|switch|p2a: Kingambitch|Kingambit, F|100/100
|-damage|p2a: Kingambitch|94/100|[from] Stealth Rock
|-activate|p2a: Kingambitch|ability: Supreme Overlord
|-start|p2a: Kingambitch|fallen1|[silent]
|turn|5
|
|t:|1776098122
|switch|p1a: Cobalion|Cobalion|100/100
|-damage|p1a: Cobalion|97/100|[from] Stealth Rock
|move|p2a: Kingambitch|Sucker Punch||[still]
|-fail|p2a: Kingambitch
|
|upkeep
|turn|6
|
|t:|1776098164
|move|p1a: Cobalion|Thunder Wave|p2a: Kingambitch
|-status|p2a: Kingambitch|par
|move|p2a: Kingambitch|Kowtow Cleave|p1a: Cobalion
|-resisted|p1a: Cobalion
|-damage|p1a: Cobalion|70/100
|-damage|p2a: Kingambitch|78/100 par|[from] item: Rocky Helmet|[of] p1a: Cobalion
|-ability|p1a: Cobalion|Justified|boost
|-boost|p1a: Cobalion|atk|1
|
|upkeep
|turn|7
|
|t:|1776098178
|move|p1a: Cobalion|Iron Head|p2a: Kingambitch
|-resisted|p2a: Kingambitch
|-damage|p2a: Kingambitch|60/100 par
|cant|p2a: Kingambitch|par
|
|upkeep
|turn|8
|
|t:|1776098190
|move|p1a: Cobalion|Close Combat|p2a: Kingambitch
|-supereffective|p2a: Kingambitch
|-damage|p2a: Kingambitch|0 fnt
|-unboost|p1a: Cobalion|def|1
|-unboost|p1a: Cobalion|spd|1
|faint|p2a: Kingambitch
|-end|p2a: Kingambitch|fallen1|[silent]
|
|upkeep
|
|t:|1776098195
|switch|p2a: Dopamine Dorito|Iron Moth|100/100
|-damage|p2a: Dopamine Dorito|76/100|[from] Stealth Rock
|-enditem|p2a: Dopamine Dorito|Booster Energy
|-activate|p2a: Dopamine Dorito|ability: Quark Drive|[fromitem]
|-start|p2a: Dopamine Dorito|quarkdrivespe
|turn|9
|
|t:|1776098209
|-terastallize|p1a: Cobalion|Dragon
|move|p2a: Dopamine Dorito|Fiery Dance|p1a: Cobalion
|-resisted|p1a: Cobalion
|-damage|p1a: Cobalion|27/100
|-boost|p2a: Dopamine Dorito|spa|1
|move|p1a: Cobalion|Thunder Wave|p2a: Dopamine Dorito
|-status|p2a: Dopamine Dorito|par
|
|upkeep
|turn|10
|
|t:|1776098229
|move|p1a: Cobalion|Iron Head|p2a: Dopamine Dorito
|-resisted|p2a: Dopamine Dorito
|-damage|p2a: Dopamine Dorito|41/100 par
|move|p2a: Dopamine Dorito|Fiery Dance|p1a: Cobalion
|-resisted|p1a: Cobalion
|-damage|p1a: Cobalion|0 fnt
|faint|p1a: Cobalion
|
|upkeep
|
|t:|1776098245
|switch|p1a: Gallade|Gallade, M|66/100
|-damage|p1a: Gallade|60/100|[from] Stealth Rock
|turn|11
|
|t:|1776098251
|move|p2a: Dopamine Dorito|Sludge Wave|p1a: Gallade
|-damage|p1a: Gallade|15/100
|move|p1a: Gallade|Psycho Cut|p2a: Dopamine Dorito
|-supereffective|p2a: Dopamine Dorito
|-damage|p2a: Dopamine Dorito|0 fnt
|faint|p2a: Dopamine Dorito
|-end|p2a: Dopamine Dorito|Quark Drive|[silent]
|
|upkeep
|
|t:|1776098260
|switch|p2a: Rillaboom|Rillaboom, F|100/100
|-damage|p2a: Rillaboom|88/100|[from] Stealth Rock
|-fieldstart|move: Grassy Terrain|[from] ability: Grassy Surge|[of] p2a: Rillaboom
|turn|12
|
|t:|1776098266
|move|p2a: Rillaboom|Grassy Glide|p1a: Gallade
|-damage|p1a: Gallade|0 fnt
|faint|p1a: Gallade
|
|-heal|p2a: Rillaboom|94/100|[from] Grassy Terrain
|upkeep
|
|t:|1776098273
|switch|p1a: Okidogi|Okidogi, M|100/100
|-damage|p1a: Okidogi|95/100|[from] Stealth Rock
|turn|13
|
|t:|1776098277
|move|p1a: Okidogi|Gunk Shot|p2a: Rillaboom
|-supereffective|p2a: Rillaboom
|-damage|p2a: Rillaboom|0 fnt
|faint|p2a: Rillaboom
|
|-heal|p1a: Okidogi|100/100|[from] Grassy Terrain
|upkeep
|
|t:|1776098287
|switch|p2a: El Contrabandista|Hawlucha, F|100/100
|-damage|p2a: El Contrabandista|88/100|[from] Stealth Rock
|-enditem|p2a: El Contrabandista|Grassy Seed
|-boost|p2a: El Contrabandista|def|1|[from] item: Grassy Seed
|turn|14
|
|t:|1776098316
|-terastallize|p2a: El Contrabandista|Ground
|move|p2a: El Contrabandista|Swords Dance|p2a: El Contrabandista
|-boost|p2a: El Contrabandista|atk|2
|move|p1a: Okidogi|Psychic Fangs|p2a: El Contrabandista
|-damage|p2a: El Contrabandista|58/100
|-status|p2a: El Contrabandista|tox|[from] ability: Toxic Chain|[of] p1a: Okidogi
|
|-heal|p2a: El Contrabandista|64/100 tox|[from] Grassy Terrain
|-damage|p2a: El Contrabandista|58/100 tox|[from] psn
|upkeep
|turn|15
|
|t:|1776098326
|move|p2a: El Contrabandista|Acrobatics|p1a: Okidogi
|-supereffective|p1a: Okidogi
|-damage|p1a: Okidogi|0 fnt
|faint|p1a: Okidogi
|
|-heal|p2a: El Contrabandista|64/100 tox|[from] Grassy Terrain
|-damage|p2a: El Contrabandista|52/100 tox|[from] psn
|upkeep
|
|t:|1776098329
|switch|p1a: Zamazenta|Zamazenta|100/100
|-damage|p1a: Zamazenta|94/100|[from] Stealth Rock
|-ability|p1a: Zamazenta|Dauntless Shield|boost
|-boost|p1a: Zamazenta|def|1
|turn|16
|
|t:|1776098340
|move|p2a: El Contrabandista|Acrobatics|p1a: Zamazenta
|-supereffective|p1a: Zamazenta
|-damage|p1a: Zamazenta|1/100
|move|p1a: Zamazenta|Roar|p2a: El Contrabandista
|drag|p2a: Rhapsodie|Gardevoir, F, shiny|100/100
|-damage|p2a: Rhapsodie|88/100|[from] Stealth Rock
|-ability|p2a: Rhapsodie|Dauntless Shield|Trace|[from] ability: Trace|[of] p1a: Zamazenta
|-ability|p2a: Rhapsodie|Dauntless Shield|boost
|-boost|p2a: Rhapsodie|def|1
|-enditem|p2a: Rhapsodie|Grassy Seed
|-boost|p2a: Rhapsodie|def|1|[from] item: Grassy Seed
|
|-heal|p1a: Zamazenta|8/100|[from] Grassy Terrain
|-heal|p1a: Zamazenta|14/100|[from] item: Leftovers
|-heal|p2a: Rhapsodie|94/100|[from] Grassy Terrain
|-fieldend|move: Grassy Terrain
|upkeep
|turn|17
|c|☆Jsparxs|MonkaS
|
|t:|1776098360
|move|p1a: Zamazenta|Crunch|p2a: Rhapsodie
|-damage|p2a: Rhapsodie|82/100
|move|p2a: Rhapsodie|Draining Kiss|p1a: Zamazenta
|-supereffective|p1a: Zamazenta
|-damage|p1a: Zamazenta|0 fnt
|-heal|p2a: Rhapsodie|92/100|[from] drain|[of] p1a: Zamazenta
|faint|p1a: Zamazenta
|
|upkeep
|
|t:|1776098363
|switch|p1a: Kommo-o|Kommo-o, M|100/100
|-damage|p1a: Kommo-o|94/100|[from] Stealth Rock
|turn|18
|
|t:|1776098370
|move|p1a: Kommo-o|Clangorous Soul|p1a: Kommo-o
|-boost|p1a: Kommo-o|atk|1
|-boost|p1a: Kommo-o|def|1
|-boost|p1a: Kommo-o|spa|1
|-boost|p1a: Kommo-o|spd|1
|-boost|p1a: Kommo-o|spe|1
|-damage|p1a: Kommo-o|61/100
|-enditem|p1a: Kommo-o|Throat Spray
|-boost|p1a: Kommo-o|spa|1|[from] item: Throat Spray
|move|p2a: Rhapsodie|Draining Kiss|p1a: Kommo-o
|-supereffective|p1a: Kommo-o
|-damage|p1a: Kommo-o|0 fnt
|-heal|p2a: Rhapsodie|100/100|[from] drain|[of] p1a: Kommo-o
|faint|p1a: Kommo-o
|
|win|TeraBlastGardevoir
|raw|Jsparxs's rating: 1435 &rarr; <strong>1417</strong><br />(-18 for losing)
|raw|TeraBlastGardevoir's rating: 1478 &rarr; <strong>1496</strong><br />(+18 for winning)
|c|☆Jsparxs|gg
|c|☆TeraBlastGardevoir|gg
|l|☆TeraBlastGardevoir
|player|p2|
|l|☆Jsparxs
|player|p1|
