|html|<div class="broadcast-blue"><strong>[Gen 9] OU is currently suspecting Tera Blast! For information on how to participate check out the <a href="https://www.smogon.com/tools/suspects/view/200">suspect thread</a>.</strong></div>
|j|☆Fermin59
|j|☆Burner81828
|t:|1776210068
|gametype|singles
|player|p1|Fermin59|lucas|1091
|player|p2|Burner81828|ethan|1040
|gen|9
|tier|[Gen 9] OU
|rated|
|rule|HP Percentage Mod: HP is shown in percentages
|rule|Endless Battle Clause: Forcing endless battles is banned
|rule|Species Clause: Limit one of each Pokémon
|rule|OHKO Clause: OHKO moves are banned
|rule|Evasion Items Clause: Evasion items are banned
|rule|Evasion Moves Clause: Evasion moves are banned
|rule|Evasion Abilities Clause: Evasion abilities are banned
|rule|Sleep Moves Clause: Sleep-inducing moves are banned
|clearpoke
|poke|p1|Scizor, M|
|poke|p1|Heracross, F|
|poke|p1|Rotom-Wash|
|poke|p1|Gliscor, M|
|poke|p1|Zoroark, F|
|poke|p1|Yanmega, M|
|poke|p2|Dragapult, F|
|poke|p2|Hoopa-Unbound|
|poke|p2|Great Tusk|
|poke|p2|Heatran, F|
|poke|p2|Zapdos|
|poke|p2|Toxapex, F|
|teampreview
|inactive|Battle timer is ON: inactive players will automatically lose when time's up. (requested by Burner81828)
|
|t:|1776210088
|teamsize|p1|6
|teamsize|p2|6
|start
|switch|p1a: Scyth3r|Scizor, M, shiny|100/100
|switch|p2a: Zapdos|Zapdos|100/100
|turn|1
|
|t:|1776210096
|move|p1a: Scyth3r|Nasty Plot|p1a: Scyth3r
|-boost|p1a: Scyth3r|spa|2
|move|p2a: Zapdos|Discharge|p1a: Scyth3r
|-damage|p1a: Scyth3r|20/100
|replace|p1a: Zorrón|Zoroark, F
|-end|p1a: Zorrón|Illusion
|
|upkeep
|turn|2
|
|t:|1776210106
|switch|p2a: Heatran|Heatran, F|100/100
|move|p1a: Zorrón|Dark Pulse|p2a: Heatran
|-damage|p2a: Heatran|38/100
|-damage|p1a: Zorrón|10/100|[from] item: Life Orb
|
|-heal|p2a: Heatran|44/100|[from] item: Leftovers
|upkeep
|turn|3
|
|t:|1776210118
|switch|p2a: Toxapex|Toxapex, F|100/100
|move|p1a: Zorrón|Dark Pulse|p2a: Toxapex
|-damage|p2a: Toxapex|26/100
|-damage|p1a: Zorrón|0 fnt|[from] item: Life Orb
|faint|p1a: Zorrón
|
|-heal|p2a: Toxapex|32/100|[from] item: Leftovers
|upkeep
|
|t:|1776210130
|switch|p1a: Gligy|Gliscor, M|100/100
|turn|4
|
|t:|1776210139
|switch|p2a: Zapdos|Zapdos|100/100
|move|p1a: Gligy|Earthquake|p2a: Zapdos
|-immune|p2a: Zapdos
|
|-status|p1a: Gligy|tox|[from] item: Toxic Orb
|upkeep
|turn|5
|
|t:|1776210143
|move|p2a: Zapdos|Hurricane|p1a: Gligy|[miss]
|-miss|p2a: Zapdos|p1a: Gligy
|move|p1a: Gligy|Toxic|p2a: Zapdos
|-status|p2a: Zapdos|tox
|
|-damage|p2a: Zapdos|94/100 tox|[from] psn
|upkeep
|turn|6
|
|t:|1776210150
|move|p2a: Zapdos|Hurricane|p1a: Gligy
|-damage|p1a: Gligy|34/100 tox
|-start|p1a: Gligy|confusion
|-activate|p1a: Gligy|confusion
|move|p1a: Gligy|Spikes|p2a: Zapdos
|-sidestart|p2: Burner81828|Spikes
|
|-damage|p2a: Zapdos|82/100 tox|[from] psn
|-heal|p1a: Gligy|46/100 tox|[from] ability: Poison Heal
|upkeep
|turn|7
|
|t:|1776210163
|switch|p2a: Great Tusk|Great Tusk|100/100
|-damage|p2a: Great Tusk|88/100|[from] Spikes
|switch|p1a: ESTÁ ROTO|Rotom-Wash|100/100
|
|-heal|p2a: Great Tusk|94/100|[from] item: Leftovers
|upkeep
|turn|8
|
|t:|1776210175
|-end|p2a: Great Tusk|Protosynthesis|[silent]
|switch|p2a: Toxapex|Toxapex, F|65/100
|-damage|p2a: Toxapex|53/100|[from] Spikes
|move|p1a: ESTÁ ROTO|Hydro Pump|p2a: Toxapex
|-resisted|p2a: Toxapex
|-damage|p2a: Toxapex|37/100
|
|-heal|p2a: Toxapex|43/100|[from] item: Leftovers
|upkeep
|turn|9
|
|t:|1776210191
|switch|p2a: Zapdos|Zapdos|82/100 tox
|move|p1a: ESTÁ ROTO|Volt Switch|p2a: Zapdos
|-damage|p2a: Zapdos|57/100 tox
|
|t:|1776210202
|switch|p1a: Scyth3r|Scizor, M, shiny|100/100|[from] Volt Switch
|
|-damage|p2a: Zapdos|51/100 tox|[from] psn
|upkeep
|turn|10
|
|t:|1776210208
|move|p2a: Zapdos|Heat Wave|p1a: Scyth3r
|-supereffective|p1a: Scyth3r
|-damage|p1a: Scyth3r|0 fnt
|faint|p1a: Scyth3r
|
|-damage|p2a: Zapdos|38/100 tox|[from] psn
|upkeep
|
|t:|1776210213
|switch|p1a: Heracross|Heracross, F, shiny|100/100
|turn|11
|
|t:|1776210220
|move|p1a: Heracross|Stone Edge|p2a: Zapdos
|-supereffective|p2a: Zapdos
|-damage|p2a: Zapdos|0 fnt
|faint|p2a: Zapdos
|
|upkeep
|
|t:|1776210225
|switch|p2a: Great Tusk|Great Tusk|94/100
|-damage|p2a: Great Tusk|82/100|[from] Spikes
|turn|12
|
|t:|1776210233
|switch|p1a: Gligy|Gliscor, M|46/100 tox
|move|p2a: Great Tusk|Rapid Spin|p1a: Gligy
|-damage|p1a: Gligy|36/100 tox
|-boost|p2a: Great Tusk|spe|1
|-sideend|p2: Burner81828|Spikes|[from] move: Rapid Spin|[of] p2a: Great Tusk
|
|-heal|p2a: Great Tusk|88/100|[from] item: Leftovers
|-heal|p1a: Gligy|49/100 tox|[from] ability: Poison Heal
|upkeep
|turn|13
|
|t:|1776210243
|move|p1a: Gligy|Protect|p1a: Gligy
|-singleturn|p1a: Gligy|Protect
|move|p2a: Great Tusk|Ice Spinner|p1a: Gligy
|-activate|p1a: Gligy|move: Protect
|
|-heal|p2a: Great Tusk|94/100|[from] item: Leftovers
|-heal|p1a: Gligy|61/100 tox|[from] ability: Poison Heal
|upkeep
|turn|14
|
|t:|1776210248
|move|p2a: Great Tusk|Ice Spinner|p1a: Gligy
|-supereffective|p1a: Gligy
|-damage|p1a: Gligy|0 fnt
|faint|p1a: Gligy
|
|-heal|p2a: Great Tusk|99/100|[from] item: Leftovers
|upkeep
|
|t:|1776210252
|switch|p1a: ESTÁ ROTO|Rotom-Wash|100/100
|turn|15
|
|t:|1776210262
|move|p2a: Great Tusk|Knock Off|p1a: ESTÁ ROTO
|-damage|p1a: ESTÁ ROTO|73/100
|-enditem|p1a: ESTÁ ROTO|Leftovers|[from] move: Knock Off|[of] p2a: Great Tusk
|move|p1a: ESTÁ ROTO|Hydro Pump|p2a: Great Tusk
|-supereffective|p2a: Great Tusk
|-damage|p2a: Great Tusk|0 fnt
|faint|p2a: Great Tusk
|-end|p2a: Great Tusk|Protosynthesis|[silent]
|
|upkeep
|
|t:|1776210270
|switch|p2a: Hoopa|Hoopa-Unbound|100/100
|turn|16
|
|t:|1776210276
|move|p2a: Hoopa|Dark Pulse|p1a: ESTÁ ROTO
|-damage|p1a: ESTÁ ROTO|29/100
|move|p1a: ESTÁ ROTO|Pain Split|p2a: Hoopa
|-sethp|p2a: Hoopa|65/100|[from] move: Pain Split|[silent]
|-sethp|p1a: ESTÁ ROTO|64/100|[from] move: Pain Split
|
|upkeep
|turn|17
|
|t:|1776210284
|move|p2a: Hoopa|Dark Pulse|p1a: ESTÁ ROTO
|-damage|p1a: ESTÁ ROTO|23/100
|move|p1a: ESTÁ ROTO|Hydro Pump|p2a: Hoopa
|-damage|p2a: Hoopa|29/100
|
|upkeep
|turn|18
|
|t:|1776210294
|move|p2a: Hoopa|Dark Pulse|p1a: ESTÁ ROTO
|-damage|p1a: ESTÁ ROTO|0 fnt
|faint|p1a: ESTÁ ROTO
|
|upkeep
|
|t:|1776210299
|switch|p1a: Heracross|Heracross, F, shiny|100/100
|turn|19
|
|t:|1776210306
|move|p1a: Heracross|Megahorn|p2a: Hoopa
|-supereffective|p2a: Hoopa
|-damage|p2a: Hoopa|0 fnt
|faint|p2a: Hoopa
|
|upkeep
|
|t:|1776210310
|switch|p2a: Dragapult|Dragapult, F|100/100
|turn|20
|
|t:|1776210328
|switch|p1a: Yanmierda|Yanmega, M, shiny|100/100
|move|p2a: Dragapult|Dragon Darts|p1a: Yanmierda
|-damage|p1a: Yanmierda|72/100
|-anim|p2a: Dragapult|Dragon Darts|p1a: Yanmierda
|-damage|p1a: Yanmierda|44/100
|
|upkeep
|turn|21
|
|t:|1776210338
|move|p1a: Yanmierda|Protect|p1a: Yanmierda
|-singleturn|p1a: Yanmierda|Protect
|move|p2a: Dragapult|Dragon Darts|p1a: Yanmierda
|-activate|p1a: Yanmierda|move: Protect
|
|-ability|p1a: Yanmierda|Speed Boost|boost
|-boost|p1a: Yanmierda|spe|1
|upkeep
|turn|22
|
|t:|1776210347
|move|p1a: Yanmierda|Air Slash|p2a: Dragapult
|-damage|p2a: Dragapult|48/100
|move|p2a: Dragapult|Dragon Darts|p1a: Yanmierda
|-damage|p1a: Yanmierda|17/100
|-anim|p2a: Dragapult|Dragon Darts|p1a: Yanmierda
|-damage|p1a: Yanmierda|0 fnt
|faint|p1a: Yanmierda
|
|-heal|p2a: Dragapult|53/100|[from] item: Leftovers
|upkeep
|
|t:|1776210352
|switch|p1a: Heracross|Heracross, F, shiny|100/100
|turn|23
|
|t:|1776210358
|move|p1a: Heracross|Stone Edge|p2a: Dragapult
|-damage|p2a: Dragapult|11/100
|move|p2a: Dragapult|Dragon Darts|p1a: Heracross
|-damage|p1a: Heracross|67/100
|-anim|p2a: Dragapult|Dragon Darts|p1a: Heracross
|-damage|p1a: Heracross|34/100
|
|-heal|p2a: Dragapult|17/100|[from] item: Leftovers
|upkeep
|turn|24
|
|t:|1776210367
|move|p1a: Heracross|Stone Edge|p2a: Dragapult
|-damage|p2a: Dragapult|0 fnt
|faint|p2a: Dragapult
|
|upkeep
|
|t:|1776210375
|switch|p2a: Heatran|Heatran, F|44/100
|turn|25
|
|t:|1776210380
|move|p1a: Heracross|Stone Edge|p2a: Heatran
|-damage|p2a: Heatran|16/100
|move|p2a: Heatran|Magma Storm|p1a: Heracross
|-supereffective|p1a: Heracross
|-damage|p1a: Heracross|0 fnt
|faint|p1a: Heracross
|
|win|Burner81828
|raw|Fermin59's rating: 1091 &rarr; <strong>1064</strong><br />(-27 for losing)
|raw|Burner81828's rating: 1040 &rarr; <strong>1079</strong><br />(+39 for winning)
|l|☆Fermin59
|player|p1|
