|html|<div class="broadcast-blue"><strong>[Gen 9] OU is currently suspecting Volcarona! For information on how to participate check out the <a href="https://www.smogon.com/tools/suspects/view/208">suspect thread</a>.</strong></div>
|j|☆party girl 2004
|j|☆chadoswine
|t:|1778503984
|gametype|singles
|player|p1|party girl 2004|lass-gen4dp|1373
|player|p2|chadoswine|266|1379
|gen|9
|tier|[Gen 9] OU
|rated|
|rule|HP Percentage Mod: HP is shown in percentages
|rule|Endless Battle Clause: Forcing endless battles is banned
|rule|Species Clause: Limit one of each Pokémon
|rule|OHKO Clause: OHKO moves are banned
|rule|Evasion Items Clause: Evasion items are banned
|rule|Evasion Moves Clause: Evasion moves are banned
|rule|Evasion Abilities Clause: Evasion abilities are banned
|rule|Sleep Moves Clause: Sleep-inducing moves are banned
|clearpoke
|poke|p1|Whimsicott, F|
|poke|p1|Emboar, F|
|poke|p1|Kyurem|
|poke|p1|Iron Moth|
|poke|p1|Dragonite, F|
|poke|p1|Iron Valiant|
|poke|p2|Volcarona, M|
|poke|p2|Rillaboom, F|
|poke|p2|Hatterene, F|
|poke|p2|Great Tusk|
|poke|p2|Ogerpon-Wellspring, F|
|poke|p2|Glimmora, M|
|teampreview
|inactive|Battle timer is ON: inactive players will automatically lose when time's up. (requested by party girl 2004)
|
|t:|1778503991
|teamsize|p1|6
|teamsize|p2|6
|start
|switch|p1a: Whimsicott|Whimsicott, F|100/100
|switch|p2a: Rillaboom|Rillaboom, F|100/100
|-fieldstart|move: Grassy Terrain|[from] ability: Grassy Surge|[of] p2a: Rillaboom
|turn|1
|
|t:|1778504001
|move|p1a: Whimsicott|Tailwind|p1a: Whimsicott
|-sidestart|p1: party girl 2004|move: Tailwind
|move|p2a: Rillaboom|U-turn|p1a: Whimsicott
|-damage|p1a: Whimsicott|59/100
|
|t:|1778504012
|switch|p2a: Hatterene|Hatterene, F|100/100|[from] U-turn
|-enditem|p2a: Hatterene|Grassy Seed
|-boost|p2a: Hatterene|def|1|[from] item: Grassy Seed
|
|-heal|p1a: Whimsicott|65/100|[from] Grassy Terrain
|upkeep
|turn|2
|
|t:|1778504020
|move|p1a: Whimsicott|Memento|p2a: Hatterene
|-unboost|p2a: Hatterene|atk|2
|-unboost|p2a: Hatterene|spa|2
|faint|p1a: Whimsicott
|move|p2a: Hatterene|Calm Mind|p2a: Hatterene
|-boost|p2a: Hatterene|spa|1
|-boost|p2a: Hatterene|spd|1
|
|upkeep
|
|t:|1778504031
|switch|p1a: Emboar|Emboar, F, shiny|100/100
|turn|3
|
|t:|1778504040
|move|p1a: Emboar|Flare Blitz|p2a: Hatterene
|-damage|p2a: Hatterene|59/100
|-damage|p1a: Emboar|88/100|[from] Recoil
|move|p2a: Hatterene|Calm Mind|p2a: Hatterene
|-boost|p2a: Hatterene|spa|1
|-boost|p2a: Hatterene|spd|1
|
|-heal|p1a: Emboar|94/100|[from] Grassy Terrain
|-heal|p2a: Hatterene|65/100|[from] Grassy Terrain
|upkeep
|turn|4
|
|t:|1778504050
|move|p1a: Emboar|Flare Blitz|p2a: Hatterene
|-damage|p2a: Hatterene|20/100
|-damage|p1a: Emboar|81/100|[from] Recoil
|move|p2a: Hatterene|Stored Power|p1a: Emboar
|-supereffective|p1a: Emboar
|-damage|p1a: Emboar|0 fnt
|faint|p1a: Emboar
|
|-heal|p2a: Hatterene|26/100|[from] Grassy Terrain
|-sideend|p1: party girl 2004|move: Tailwind
|upkeep
|
|t:|1778504062
|switch|p1a: Iron Moth|Iron Moth|100/100
|-enditem|p1a: Iron Moth|Booster Energy
|-activate|p1a: Iron Moth|ability: Quark Drive|[fromitem]
|-start|p1a: Iron Moth|quarkdrivespa
|turn|5
|
|t:|1778504068
|move|p1a: Iron Moth|Fiery Dance|p2a: Hatterene
|-crit|p2a: Hatterene
|-damage|p2a: Hatterene|0 fnt
|faint|p2a: Hatterene
|
|upkeep
|
|t:|1778504093
|switch|p2a: Glimmora|Glimmora, M|100/100
|turn|6
|
|t:|1778504120
|move|p1a: Iron Moth|Psychic|p2a: Glimmora
|-supereffective|p2a: Glimmora
|-damage|p2a: Glimmora|0 fnt
|faint|p2a: Glimmora
|
|upkeep
|
|t:|1778504125
|switch|p2a: Volcarona|Volcarona, M|100/100
|-enditem|p2a: Volcarona|Grassy Seed
|-boost|p2a: Volcarona|def|1|[from] item: Grassy Seed
|turn|7
|
|t:|1778504132
|move|p1a: Iron Moth|Overheat|p2a: Volcarona
|-crit|p2a: Volcarona
|-damage|p2a: Volcarona|0 fnt
|-unboost|p1a: Iron Moth|spa|2
|faint|p2a: Volcarona
|
|upkeep
|
|t:|1778504139
|switch|p2a: Ogerpon|Ogerpon-Wellspring, F|100/100
|turn|8
|
|t:|1778504154
|move|p1a: Iron Moth|Energy Ball|p2a: Ogerpon
|-damage|p2a: Ogerpon|69/100
|-unboost|p2a: Ogerpon|spd|1
|move|p2a: Ogerpon|Ivy Cudgel|p1a: Iron Moth|[anim] Ivy Cudgel Water
|-supereffective|p1a: Iron Moth
|-crit|p1a: Iron Moth
|-damage|p1a: Iron Moth|0 fnt
|faint|p1a: Iron Moth
|-end|p1a: Iron Moth|Quark Drive|[silent]
|
|-heal|p2a: Ogerpon|75/100|[from] Grassy Terrain
|-fieldend|move: Grassy Terrain
|upkeep
|
|t:|1778504167
|switch|p1a: Dragonite|Dragonite, F|100/100
|turn|9
|
|t:|1778504176
|move|p2a: Ogerpon|Ivy Cudgel|p1a: Dragonite|[anim] Ivy Cudgel Water
|-resisted|p1a: Dragonite
|-damage|p1a: Dragonite|82/100
|move|p1a: Dragonite|Dragon Dance|p1a: Dragonite
|-boost|p1a: Dragonite|atk|1
|-boost|p1a: Dragonite|spe|1
|
|upkeep
|turn|10
|
|t:|1778504183
|move|p1a: Dragonite|Roost|p1a: Dragonite
|-heal|p1a: Dragonite|100/100
|-singleturn|p1a: Dragonite|move: Roost
|move|p2a: Ogerpon|Ivy Cudgel|p1a: Dragonite|[anim] Ivy Cudgel Water
|-resisted|p1a: Dragonite
|-damage|p1a: Dragonite|83/100
|
|upkeep
|turn|11
|
|t:|1778504201
|switch|p2a: Great Tusk|Great Tusk|100/100
|-enditem|p2a: Great Tusk|Booster Energy
|-activate|p2a: Great Tusk|ability: Protosynthesis|[fromitem]
|-start|p2a: Great Tusk|protosynthesisspe
|move|p1a: Dragonite|Dragon Dance|p1a: Dragonite
|-boost|p1a: Dragonite|atk|1
|-boost|p1a: Dragonite|spe|1
|
|upkeep
|turn|12
|
|t:|1778504216
|-terastallize|p1a: Dragonite|Fire
|-terastallize|p2a: Great Tusk|Rock
|move|p1a: Dragonite|Roost|p1a: Dragonite
|-heal|p1a: Dragonite|100/100
|move|p2a: Great Tusk|Stone Edge|p1a: Dragonite
|-supereffective|p1a: Dragonite
|-crit|p1a: Dragonite
|-damage|p1a: Dragonite|33/100
|
|upkeep
|turn|13
|
|t:|1778504227
|move|p1a: Dragonite|Roost|p1a: Dragonite
|-heal|p1a: Dragonite|83/100
|move|p2a: Great Tusk|Stone Edge|p1a: Dragonite
|-supereffective|p1a: Dragonite
|-damage|p1a: Dragonite|0 fnt
|faint|p1a: Dragonite
|
|upkeep
|
|t:|1778504236
|switch|p1a: Kyurem|Kyurem|100/100
|-ability|p1a: Kyurem|Pressure
|turn|14
|
|t:|1778504249
|move|p2a: Great Tusk|Headlong Rush|p1a: Kyurem
|-damage|p1a: Kyurem|58/100
|-unboost|p2a: Great Tusk|def|1
|-unboost|p2a: Great Tusk|spd|1
|move|p1a: Kyurem|Earth Power|p2a: Great Tusk
|-supereffective|p2a: Great Tusk
|-damage|p2a: Great Tusk|0 fnt
|faint|p2a: Great Tusk
|-end|p2a: Great Tusk|Protosynthesis|[silent]
|
|upkeep
|l|☆chadoswine
|inactive|chadoswine disconnected and has a minute to reconnect!
|player|p2|
|j|☆chadoswine
|inactive|chadoswine reconnected and has 120 seconds left.
|player|p2|chadoswine|266|
|
|t:|1778504286
|switch|p2a: Ogerpon|Ogerpon-Wellspring, F|75/100
|turn|15
|
|t:|1778504300
|move|p2a: Ogerpon|Swords Dance|p2a: Ogerpon
|-boost|p2a: Ogerpon|atk|2
|move|p1a: Kyurem|Freeze-Dry|p2a: Ogerpon
|-supereffective|p2a: Ogerpon
|-damage|p2a: Ogerpon|0 fnt
|faint|p2a: Ogerpon
|
|upkeep
|
|t:|1778504308
|switch|p2a: Rillaboom|Rillaboom, F|100/100
|-fieldstart|move: Grassy Terrain|[from] ability: Grassy Surge|[of] p2a: Rillaboom
|turn|16
|
|t:|1778504320
|move|p2a: Rillaboom|Grassy Glide|p1a: Kyurem
|-resisted|p1a: Kyurem
|-damage|p1a: Kyurem|41/100
|move|p1a: Kyurem|Ice Beam|p2a: Rillaboom
|-supereffective|p2a: Rillaboom
|-damage|p2a: Rillaboom|0 fnt
|faint|p2a: Rillaboom
|
|win|party girl 2004
|raw|party girl 2004's rating: 1373 &rarr; <strong>1393</strong><br />(+20 for winning)
|raw|chadoswine's rating: 1379 &rarr; <strong>1359</strong><br />(-20 for losing)
|l|☆party girl 2004
|player|p1|
|l|☆chadoswine
|player|p2|
