|html|<div class="broadcast-blue"><strong>[Gen 9] OU is currently suspecting Tera Blast! For information on how to participate check out the <a href="https://www.smogon.com/tools/suspects/view/200">suspect thread</a>.</strong></div>
|j|☆b0nboii
|j|☆plshelpme37
|t:|1776110460
|gametype|singles
|player|p1|b0nboii|iris-gen5bw2|1241
|player|p2|plshelpme37|harlequin|1278
|gen|9
|tier|[Gen 9] OU
|rated|
|rule|HP Percentage Mod: HP is shown in percentages
|rule|Endless Battle Clause: Forcing endless battles is banned
|rule|Species Clause: Limit one of each Pokémon
|rule|OHKO Clause: OHKO moves are banned
|rule|Evasion Items Clause: Evasion items are banned
|rule|Evasion Moves Clause: Evasion moves are banned
|rule|Evasion Abilities Clause: Evasion abilities are banned
|rule|Sleep Moves Clause: Sleep-inducing moves are banned
|clearpoke
|poke|p1|Scrafty, F|
|poke|p1|Great Tusk|
|poke|p1|Greninja-*, M|
|poke|p1|Gholdengo|
|poke|p1|Toxtricity-Low-Key, F|
|poke|p1|Iron Moth|
|poke|p2|Hatterene, F|
|poke|p2|Garchomp, F|
|poke|p2|Talonflame, M|
|poke|p2|Tyranitar, M|
|poke|p2|Zamazenta-*|
|poke|p2|Slowking-Galar, F|
|teampreview
|
|t:|1776110467
|teamsize|p1|6
|teamsize|p2|6
|start
|switch|p1a: hoodlum|Scrafty, F|100/100
|switch|p2a: Johnathan|Talonflame, M|100/100
|turn|1
|
|t:|1776110474
|-terastallize|p1a: hoodlum|Fairy
|move|p2a: Johnathan|Will-O-Wisp|p1a: hoodlum
|-status|p1a: hoodlum|brn
|move|p1a: hoodlum|Bulk Up|p1a: hoodlum
|-boost|p1a: hoodlum|atk|1
|-boost|p1a: hoodlum|def|1
|
|-damage|p1a: hoodlum|95/100 brn|[from] brn
|upkeep
|turn|2
|
|t:|1776110483
|move|p2a: Johnathan|Overheat|p1a: hoodlum
|-damage|p1a: hoodlum|64/100 brn
|-unboost|p2a: Johnathan|spa|2
|move|p1a: hoodlum|Bulk Up|p1a: hoodlum
|-boost|p1a: hoodlum|atk|1
|-boost|p1a: hoodlum|def|1
|
|-heal|p1a: hoodlum|70/100 brn|[from] item: Leftovers
|-damage|p1a: hoodlum|64/100 brn|[from] brn
|upkeep
|turn|3
|
|t:|1776110495
|move|p2a: Johnathan|U-turn|p1a: hoodlum
|-resisted|p1a: hoodlum
|-damage|p1a: hoodlum|61/100 brn
|
|t:|1776110500
|switch|p2a: Garchomp|Garchomp, F|100/100|[from] U-turn
|move|p1a: hoodlum|Knock Off|p2a: Garchomp
|-damage|p2a: Garchomp|57/100
|-damage|p1a: hoodlum|49/100 brn|[from] ability: Rough Skin|[of] p2a: Garchomp
|-enditem|p2a: Garchomp|Life Orb|[from] move: Knock Off|[of] p1a: hoodlum
|
|-heal|p1a: hoodlum|55/100 brn|[from] item: Leftovers
|-damage|p1a: hoodlum|49/100 brn|[from] brn
|upkeep
|turn|4
|
|t:|1776110519
|move|p2a: Garchomp|Fire Blast|p1a: hoodlum
|-damage|p1a: hoodlum|23/100 brn
|move|p1a: hoodlum|Ice Punch|p2a: Garchomp
|-supereffective|p2a: Garchomp
|-crit|p2a: Garchomp
|-damage|p2a: Garchomp|0 fnt
|-damage|p1a: hoodlum|11/100 brn|[from] ability: Rough Skin|[of] p2a: Garchomp
|faint|p2a: Garchomp
|
|-activate|p1a: hoodlum|ability: Shed Skin
|-curestatus|p1a: hoodlum|brn|[msg]
|-heal|p1a: hoodlum|17/100|[from] item: Leftovers
|upkeep
|
|t:|1776110536
|switch|p2a: Johnathan|Talonflame, M|100/100
|turn|5
|
|t:|1776110541
|move|p2a: Johnathan|Overheat|p1a: hoodlum
|-damage|p1a: hoodlum|0 fnt
|-unboost|p2a: Johnathan|spa|2
|faint|p1a: hoodlum
|
|upkeep
|
|t:|1776110544
|switch|p1a: grigga|Greninja, M|100/100
|turn|6
|
|t:|1776110551
|move|p1a: grigga|Water Shuriken|p2a: Johnathan
|-supereffective|p2a: Johnathan
|-damage|p2a: Johnathan|84/100
|-supereffective|p2a: Johnathan
|-damage|p2a: Johnathan|65/100
|-supereffective|p2a: Johnathan
|-damage|p2a: Johnathan|46/100
|-supereffective|p2a: Johnathan
|-damage|p2a: Johnathan|28/100
|-supereffective|p2a: Johnathan
|-damage|p2a: Johnathan|10/100
|-hitcount|p2a: Johnathan|5
|move|p2a: Johnathan|U-turn|p1a: grigga
|-supereffective|p1a: grigga
|-damage|p1a: grigga|58/100
|
|t:|1776110565
|switch|p2a: Joab|Tyranitar, M|100/100|[from] U-turn
|-weather|Sandstorm|[from] ability: Sand Stream|[of] p2a: Joab
|
|-weather|Sandstorm|[upkeep]
|-damage|p1a: grigga|52/100|[from] Sandstorm
|upkeep
|turn|7
|
|t:|1776110569
|move|p1a: grigga|Water Shuriken|p2a: Joab
|-supereffective|p2a: Joab
|-damage|p2a: Joab|93/100
|-supereffective|p2a: Joab
|-damage|p2a: Joab|85/100
|-supereffective|p2a: Joab
|-damage|p2a: Joab|77/100
|-supereffective|p2a: Joab
|-damage|p2a: Joab|69/100
|-supereffective|p2a: Joab
|-damage|p2a: Joab|62/100
|-hitcount|p2a: Joab|5
|move|p2a: Joab|Stone Edge|p1a: grigga|[miss]
|-miss|p2a: Joab|p1a: grigga
|
|-weather|Sandstorm|[upkeep]
|-damage|p1a: grigga|46/100|[from] Sandstorm
|-heal|p2a: Joab|68/100|[from] item: Leftovers
|upkeep
|turn|8
|inactive|Battle timer is ON: inactive players will automatically lose when time's up. (requested by plshelpme37)
|
|t:|1776110600
|move|p1a: grigga|Water Shuriken|p2a: Joab
|-supereffective|p2a: Joab
|-damage|p2a: Joab|60/100
|-supereffective|p2a: Joab
|-damage|p2a: Joab|53/100
|-supereffective|p2a: Joab
|-damage|p2a: Joab|45/100
|-supereffective|p2a: Joab
|-damage|p2a: Joab|38/100
|-supereffective|p2a: Joab
|-damage|p2a: Joab|30/100
|-hitcount|p2a: Joab|5
|move|p2a: Joab|Knock Off|p1a: grigga
|-resisted|p1a: grigga
|-damage|p1a: grigga|3/100
|-enditem|p1a: grigga|Loaded Dice|[from] move: Knock Off|[of] p2a: Joab
|
|-weather|Sandstorm|[upkeep]
|-damage|p1a: grigga|0 fnt|[from] Sandstorm
|faint|p1a: grigga
|-heal|p2a: Joab|37/100|[from] item: Leftovers
|upkeep
|
|t:|1776110628
|switch|p1a: gerb|Great Tusk|100/100
|-enditem|p1a: gerb|Booster Energy
|-activate|p1a: gerb|ability: Protosynthesis|[fromitem]
|-start|p1a: gerb|protosynthesisatk
|turn|9
|
|t:|1776110636
|switch|p2a: Johnathan|Talonflame, M|10/100
|move|p1a: gerb|Headlong Rush|p2a: Johnathan
|-immune|p2a: Johnathan
|
|-weather|Sandstorm|[upkeep]
|-damage|p2a: Johnathan|4/100|[from] Sandstorm
|upkeep
|turn|10
|
|t:|1776110641
|move|p2a: Johnathan|Will-O-Wisp|p1a: gerb
|-status|p1a: gerb|brn
|move|p1a: gerb|Rapid Spin|p2a: Johnathan
|-damage|p2a: Johnathan|0 fnt
|-boost|p1a: gerb|spe|1
|faint|p2a: Johnathan
|
|-weather|none
|-damage|p1a: gerb|94/100 brn|[from] brn
|upkeep
|
|t:|1776110647
|switch|p2a: Mary|Hatterene, F|100/100
|turn|11
|
|t:|1776110657
|move|p1a: gerb|Headlong Rush|p2a: Mary
|-damage|p2a: Mary|60/100
|-unboost|p1a: gerb|def|1
|-unboost|p1a: gerb|spd|1
|move|p2a: Mary|Draining Kiss|p1a: gerb
|-supereffective|p1a: gerb
|-damage|p1a: gerb|0 fnt
|-heal|p2a: Mary|100/100|[from] drain|[of] p1a: gerb
|faint|p1a: gerb
|-end|p1a: gerb|Protosynthesis|[silent]
|
|upkeep
|
|t:|1776110663
|switch|p1a: da moth|Iron Moth|100/100
|-enditem|p1a: da moth|Booster Energy
|-activate|p1a: da moth|ability: Quark Drive|[fromitem]
|-start|p1a: da moth|quarkdrivespa
|turn|12
|
|t:|1776110671
|switch|p2a: Slowking|Slowking-Galar, F|100/100
|move|p1a: da moth|Sludge Wave|p2a: Slowking
|-resisted|p2a: Slowking
|-damage|p2a: Slowking|82/100
|
|upkeep
|turn|13
|
|t:|1776110678
|move|p1a: da moth|Fiery Dance|p2a: Slowking
|-damage|p2a: Slowking|49/100
|move|p2a: Slowking|Future Sight|p1a: da moth
|-start|p2a: Slowking|move: Future Sight
|
|upkeep
|turn|14
|
|t:|1776110693
|move|p1a: da moth|Fiery Dance|p2a: Slowking
|-damage|p2a: Slowking|17/100
|-boost|p1a: da moth|spa|1
|move|p2a: Slowking|Fire Blast|p1a: da moth|[miss]
|-miss|p2a: Slowking|p1a: da moth
|
|upkeep
|turn|15
|
|t:|1776110707
|-end|p1a: da moth|Quark Drive|[silent]
|switch|p1a: juice wrld|Gholdengo|100/100
|switch|p2a: Joab|Tyranitar, M|37/100
|-weather|Sandstorm|[from] ability: Sand Stream|[of] p2a: Joab
|
|-weather|Sandstorm|[upkeep]
|-end|p1a: juice wrld|move: Future Sight
|-resisted|p1a: juice wrld
|-damage|p1a: juice wrld|68/100
|-heal|p1a: juice wrld|74/100|[from] item: Leftovers
|-heal|p2a: Joab|43/100|[from] item: Leftovers
|upkeep
|turn|16
|
|t:|1776110723
|move|p1a: juice wrld|Make It Rain|p2a: Joab
|-supereffective|p2a: Joab
|-damage|p2a: Joab|0 fnt
|-unboost|p1a: juice wrld|spa|1
|faint|p2a: Joab
|
|-weather|Sandstorm|[upkeep]
|-heal|p1a: juice wrld|80/100|[from] item: Leftovers
|upkeep
|
|t:|1776110731
|switch|p2a: Mary|Hatterene, F|100/100
|turn|17
|
|t:|1776110737
|-terastallize|p2a: Mary|Steel
|move|p1a: juice wrld|Nasty Plot|p1a: juice wrld
|-boost|p1a: juice wrld|spa|2
|move|p2a: Mary|Agility|p2a: Mary
|-boost|p2a: Mary|spe|2
|
|-weather|Sandstorm|[upkeep]
|-heal|p1a: juice wrld|86/100|[from] item: Leftovers
|upkeep
|turn|18
|
|t:|1776110744
|move|p2a: Mary|Calm Mind|p2a: Mary
|-boost|p2a: Mary|spa|1
|-boost|p2a: Mary|spd|1
|move|p1a: juice wrld|Shadow Ball|p2a: Mary
|-damage|p2a: Mary|43/100
|-unboost|p2a: Mary|spd|1
|
|-weather|Sandstorm|[upkeep]
|-heal|p2a: Mary|49/100|[from] item: Leftovers
|-heal|p1a: juice wrld|93/100|[from] item: Leftovers
|upkeep
|turn|19
|
|t:|1776110753
|move|p2a: Mary|Stored Power|p1a: juice wrld
|-resisted|p1a: juice wrld
|-damage|p1a: juice wrld|66/100
|move|p1a: juice wrld|Shadow Ball|p2a: Mary
|-damage|p2a: Mary|0 fnt
|faint|p2a: Mary
|
|-weather|none
|-heal|p1a: juice wrld|72/100|[from] item: Leftovers
|upkeep
|
|t:|1776110759
|switch|p2a: David|Zamazenta|100/100
|-ability|p2a: David|Dauntless Shield|boost
|-boost|p2a: David|def|1
|turn|20
|-message|plshelpme37 forfeited.
|
|win|b0nboii
|raw|b0nboii's rating: 1241 &rarr; <strong>1269</strong><br />(+28 for winning)
|raw|plshelpme37's rating: 1278 &rarr; <strong>1250</strong><br />(-28 for losing)
|l|☆plshelpme37
|player|p2|
|l|☆b0nboii
|player|p1|
