|html|<div class="broadcast-blue"><strong>[Gen 9] OU is currently suspecting Tera Blast! For information on how to participate check out the <a href="https://www.smogon.com/tools/suspects/view/200">suspect thread</a>.</strong></div>
|j|‽fautser
|j|☆maxmrnn
|t:|1776259750
|gametype|singles
|player|p1|fautser|kimonogirl|1155
|player|p2|maxmrnn|wattson|1130
|gen|9
|tier|[Gen 9] OU
|rated|
|rule|HP Percentage Mod: HP is shown in percentages
|rule|Endless Battle Clause: Forcing endless battles is banned
|rule|Species Clause: Limit one of each Pokémon
|rule|OHKO Clause: OHKO moves are banned
|rule|Evasion Items Clause: Evasion items are banned
|rule|Evasion Moves Clause: Evasion moves are banned
|rule|Evasion Abilities Clause: Evasion abilities are banned
|rule|Sleep Moves Clause: Sleep-inducing moves are banned
|clearpoke
|poke|p1|Zamazenta-*|
|poke|p1|Pecharunt|
|poke|p1|Great Tusk|
|poke|p1|Tornadus-Therian, M|
|poke|p1|Kyurem|
|poke|p1|Darkrai|
|poke|p2|Kyurem|
|poke|p2|Rillaboom, F|
|poke|p2|Gholdengo|
|poke|p2|Cinderace, F|
|poke|p2|Iron Valiant|
|poke|p2|Gliscor, M|
|teampreview
|inactive|Battle timer is ON: inactive players will automatically lose when time's up. (requested by maxmrnn)
|
|t:|1776259771
|teamsize|p1|6
|teamsize|p2|6
|start
|switch|p1a: Great Tusk|Great Tusk|100/100
|switch|p2a: Rillaboom|Rillaboom, F, shiny|100/100
|-fieldstart|move: Grassy Terrain|[from] ability: Grassy Surge|[of] p2a: Rillaboom
|-enditem|p2a: Rillaboom|Grassy Seed
|-boost|p2a: Rillaboom|def|1|[from] item: Grassy Seed
|-enditem|p1a: Great Tusk|Booster Energy
|-activate|p1a: Great Tusk|ability: Protosynthesis|[fromitem]
|-start|p1a: Great Tusk|protosynthesisatk
|turn|1
|
|t:|1776259783
|-terastallize|p1a: Great Tusk|Electric
|move|p2a: Rillaboom|Drum Beating|p1a: Great Tusk
|-damage|p1a: Great Tusk|75/100
|-unboost|p1a: Great Tusk|spe|1
|move|p1a: Great Tusk|Stealth Rock|p2a: Rillaboom
|-sidestart|p2: maxmrnn|move: Stealth Rock
|
|-heal|p1a: Great Tusk|82/100|[from] Grassy Terrain
|upkeep
|turn|2
|
|t:|1776259797
|-end|p1a: Great Tusk|Protosynthesis|[silent]
|switch|p1a: Tornadus|Tornadus-Therian, M|100/100
|move|p2a: Rillaboom|Drum Beating|p1a: Tornadus
|-resisted|p1a: Tornadus
|-damage|p1a: Tornadus|79/100
|-unboost|p1a: Tornadus|spe|1
|
|upkeep
|turn|3
|
|t:|1776259809
|-terastallize|p2a: Rillaboom|Water
|move|p2a: Rillaboom|Tera Blast|p1a: Tornadus|[anim] Tera Blast Water
|-damage|p1a: Tornadus|46/100
|move|p1a: Tornadus|Bleakwind Storm|p2a: Rillaboom
|-crit|p2a: Rillaboom
|-damage|p2a: Rillaboom|21/100
|
|-heal|p2a: Rillaboom|27/100|[from] Grassy Terrain
|upkeep
|turn|4
|
|t:|1776259826
|switch|p1a: Pecharunt|Pecharunt|100/100
|move|p2a: Rillaboom|Tera Blast|p1a: Pecharunt|[anim] Tera Blast Water
|-damage|p1a: Pecharunt|82/100
|
|-heal|p2a: Rillaboom|33/100|[from] Grassy Terrain
|-heal|p1a: Pecharunt|88/100|[from] Grassy Terrain
|upkeep
|turn|5
|
|t:|1776259838
|move|p2a: Rillaboom|Drum Beating|p1a: Pecharunt
|-resisted|p1a: Pecharunt
|-damage|p1a: Pecharunt|75/100
|-unboost|p1a: Pecharunt|spe|1
|move|p1a: Pecharunt|Malignant Chain|p2a: Rillaboom
|-damage|p2a: Rillaboom|0 fnt
|faint|p2a: Rillaboom
|
|-heal|p1a: Pecharunt|81/100|[from] Grassy Terrain
|-fieldend|move: Grassy Terrain
|upkeep
|
|t:|1776259844
|switch|p2a: Gholdengo|Gholdengo, shiny|100/100
|-damage|p2a: Gholdengo|94/100|[from] Stealth Rock
|turn|6
|
|t:|1776259869
|move|p2a: Gholdengo|Shadow Ball|p1a: Pecharunt
|-supereffective|p1a: Pecharunt
|-damage|p1a: Pecharunt|0 fnt
|faint|p1a: Pecharunt
|
|upkeep
|
|t:|1776259874
|switch|p1a: Darkrai|Darkrai|100/100
|turn|7
|
|t:|1776259878
|switch|p2a: Iron Valiant|Iron Valiant, shiny|100/100
|-damage|p2a: Iron Valiant|94/100|[from] Stealth Rock
|-enditem|p2a: Iron Valiant|Booster Energy
|-activate|p2a: Iron Valiant|ability: Quark Drive|[fromitem]
|-start|p2a: Iron Valiant|quarkdrivespe
|move|p1a: Darkrai|Dark Pulse|p2a: Iron Valiant
|-resisted|p2a: Iron Valiant
|-damage|p2a: Iron Valiant|70/100
|-damage|p1a: Darkrai|91/100|[from] item: Life Orb
|
|upkeep
|turn|8
|
|t:|1776259894
|switch|p1a: Great Tusk|Great Tusk, tera:Electric|82/100
|move|p2a: Iron Valiant|Thunder Wave|p1a: Great Tusk
|-immune|p1a: Great Tusk
|
|upkeep
|turn|9
|
|t:|1776259902
|move|p2a: Iron Valiant|Dazzling Gleam|p1a: Great Tusk
|-damage|p1a: Great Tusk|38/100
|move|p1a: Great Tusk|Headlong Rush|p2a: Iron Valiant
|-damage|p2a: Iron Valiant|0 fnt
|-unboost|p1a: Great Tusk|def|1
|-unboost|p1a: Great Tusk|spd|1
|faint|p2a: Iron Valiant
|-end|p2a: Iron Valiant|Quark Drive|[silent]
|
|upkeep
|
|t:|1776259911
|switch|p2a: Gliscor|Gliscor, M, shiny|100/100
|-damage|p2a: Gliscor|88/100|[from] Stealth Rock
|turn|10
|
|t:|1776259918
|move|p2a: Gliscor|Swords Dance|p2a: Gliscor
|-boost|p2a: Gliscor|atk|2
|move|p1a: Great Tusk|Ice Spinner|p2a: Gliscor
|-supereffective|p2a: Gliscor
|-damage|p2a: Gliscor|0 fnt
|faint|p2a: Gliscor
|
|upkeep
|
|t:|1776259928
|switch|p2a: Kyurem|Kyurem, shiny|100/100
|-damage|p2a: Kyurem|75/100|[from] Stealth Rock
|-ability|p2a: Kyurem|Pressure
|turn|11
|inactive|fautser has 120 seconds left.
|
|t:|1776259964
|move|p2a: Kyurem|Icicle Spear|p1a: Great Tusk
|-damage|p1a: Great Tusk|30/100
|-damage|p1a: Great Tusk|20/100
|-damage|p1a: Great Tusk|11/100
|-damage|p1a: Great Tusk|1/100
|-damage|p1a: Great Tusk|0 fnt
|faint|p1a: Great Tusk
|-end|p1a: Great Tusk|Protosynthesis|[silent]
|-hitcount|p1: Great Tusk|5
|
|upkeep
|
|t:|1776259973
|switch|p1a: Zamazenta|Zamazenta, shiny|100/100
|-ability|p1a: Zamazenta|Dauntless Shield|boost
|-boost|p1a: Zamazenta|def|1
|turn|12
|inactive|fautser has 120 seconds left.
|
|t:|1776259979
|switch|p2a: Gholdengo|Gholdengo, shiny|94/100
|-damage|p2a: Gholdengo|88/100|[from] Stealth Rock
|move|p1a: Zamazenta|Body Press|p2a: Gholdengo
|-immune|p2a: Gholdengo
|
|upkeep
|turn|13
|inactive|fautser has 120 seconds left.
|
|t:|1776259993
|move|p1a: Zamazenta|Crunch|p2a: Gholdengo
|-supereffective|p2a: Gholdengo
|-damage|p2a: Gholdengo|38/100
|move|p2a: Gholdengo|Dazzling Gleam|p1a: Zamazenta
|-supereffective|p1a: Zamazenta
|-damage|p1a: Zamazenta|38/100
|
|-heal|p1a: Zamazenta|44/100|[from] item: Leftovers
|upkeep
|turn|14
|inactive|fautser has 120 seconds left.
|
|t:|1776260005
|move|p1a: Zamazenta|Crunch|p2a: Gholdengo
|-supereffective|p2a: Gholdengo
|-damage|p2a: Gholdengo|0 fnt
|faint|p2a: Gholdengo
|
|-heal|p1a: Zamazenta|50/100|[from] item: Leftovers
|upkeep
|
|t:|1776260007
|switch|p2a: Cinderace|Cinderace, F, shiny|100/100
|-damage|p2a: Cinderace|76/100|[from] Stealth Rock
|turn|15
|inactive|fautser has 120 seconds left.
|
|t:|1776260023
|move|p2a: Cinderace|Iron Head|p1a: Zamazenta
|-start|p2a: Cinderace|typechange|Steel|[from] ability: Libero
|-damage|p1a: Zamazenta|34/100
|move|p1a: Zamazenta|Iron Defense|p1a: Zamazenta
|-boost|p1a: Zamazenta|def|2
|
|-heal|p2a: Cinderace|82/100|[from] item: Leftovers
|-heal|p1a: Zamazenta|40/100|[from] item: Leftovers
|upkeep
|turn|16
|
|t:|1776260032
|move|p2a: Cinderace|Acrobatics|p1a: Zamazenta
|-supereffective|p1a: Zamazenta
|-damage|p1a: Zamazenta|31/100
|move|p1a: Zamazenta|Body Press|p2a: Cinderace
|-supereffective|p2a: Cinderace
|-damage|p2a: Cinderace|0 fnt
|faint|p2a: Cinderace
|
|-heal|p1a: Zamazenta|38/100|[from] item: Leftovers
|upkeep
|
|t:|1776260034
|switch|p2a: Kyurem|Kyurem, shiny|75/100
|-damage|p2a: Kyurem|50/100|[from] Stealth Rock
|-ability|p2a: Kyurem|Pressure
|turn|17
|-message|maxmrnn forfeited.
|
|win|fautser
|raw|fautser's rating: 1155 &rarr; <strong>1178</strong><br />(+23 for winning)
|raw|maxmrnn's rating: 1130 &rarr; <strong>1107</strong><br />(-23 for losing)
|l|☆maxmrnn
|player|p2|
