|html|<div class="broadcast-blue"><strong>[Gen 9] OU is currently suspecting Tera Blast! For information on how to participate check out the <a href="https://www.smogon.com/tools/suspects/view/200">suspect thread</a>.</strong></div>
|j|☆SS D Venerable
|j|☆soulesstm303
|t:|1776087248
|gametype|singles
|player|p1|SS D Venerable|medium|1444
|player|p2|soulesstm303|dawn|1446
|gen|9
|tier|[Gen 9] OU
|rated|
|rule|HP Percentage Mod: HP is shown in percentages
|rule|Endless Battle Clause: Forcing endless battles is banned
|rule|Species Clause: Limit one of each Pokémon
|rule|OHKO Clause: OHKO moves are banned
|rule|Evasion Items Clause: Evasion items are banned
|rule|Evasion Moves Clause: Evasion moves are banned
|rule|Evasion Abilities Clause: Evasion abilities are banned
|rule|Sleep Moves Clause: Sleep-inducing moves are banned
|clearpoke
|poke|p1|Araquanid, M|
|poke|p1|Raging Bolt|
|poke|p1|Great Tusk|
|poke|p1|Kingambit, M|
|poke|p1|Slowking-Galar, M|
|poke|p1|Pecharunt|
|poke|p2|Veluza, F|
|poke|p2|Indeedee, M|
|poke|p2|Maushold|
|poke|p2|Hawlucha, M|
|poke|p2|Hatterene, F|
|poke|p2|Polteageist|
|teampreview
|
|t:|1776087268
|teamsize|p1|6
|teamsize|p2|6
|start
|switch|p1a: Slowking|Slowking-Galar, M|100/100
|switch|p2a: Indeedee|Indeedee, M|100/100
|-fieldstart|move: Psychic Terrain|[from] ability: Psychic Surge|[of] p2a: Indeedee
|turn|1
|
|t:|1776087278
|move|p2a: Indeedee|Substitute|p2a: Indeedee
|-start|p2a: Indeedee|Substitute
|-damage|p2a: Indeedee|76/100
|move|p1a: Slowking|Sludge Bomb|p2a: Indeedee
|-end|p2a: Indeedee|Substitute
|
|upkeep
|turn|2
|
|t:|1776087283
|move|p2a: Indeedee|Expanding Force|p1a: Slowking
|-damage|p1a: Slowking|41/100
|move|p1a: Slowking|Sludge Bomb|p2a: Indeedee
|-damage|p2a: Indeedee|11/100
|
|upkeep
|turn|3
|
|t:|1776087290
|switch|p1a: Kingambit|Kingambit, M|100/100
|move|p2a: Indeedee|Expanding Force|p1a: Kingambit
|-immune|p1a: Kingambit
|
|upkeep
|turn|4
|
|t:|1776087296
|switch|p2a: Hatterene|Hatterene, F|100/100
|-end|p1a: Kingambit|fallenundefined|[silent]
|switch|p1a: Slowking|Slowking-Galar, M|74/100
|
|upkeep
|turn|5
|
|t:|1776087302
|move|p2a: Hatterene|Nuzzle|p1a: Slowking
|-damage|p1a: Slowking|70/100
|-status|p1a: Slowking|par
|move|p1a: Slowking|Sludge Bomb|p2a: Hatterene
|-supereffective|p2a: Hatterene
|-damage|p2a: Hatterene|0 fnt
|faint|p2a: Hatterene
|
|upkeep
|
|t:|1776087306
|switch|p2a: Maushold|Maushold|100/100
|turn|6
|
|t:|1776087322
|switch|p1a: Great Tusk|Great Tusk|100/100
|move|p2a: Maushold|Tidy Up|p2a: Maushold
|-boost|p2a: Maushold|atk|1
|-boost|p2a: Maushold|spe|1
|
|upkeep
|turn|7
|
|t:|1776087329
|move|p2a: Maushold|Population Bomb|p1a: Great Tusk
|-crit|p1a: Great Tusk
|-damage|p1a: Great Tusk|84/100
|-damage|p2a: Maushold|84/100|[from] item: Rocky Helmet|[of] p1a: Great Tusk
|-damage|p1a: Great Tusk|73/100
|-damage|p2a: Maushold|67/100|[from] item: Rocky Helmet|[of] p1a: Great Tusk
|-damage|p1a: Great Tusk|63/100
|-damage|p2a: Maushold|51/100|[from] item: Rocky Helmet|[of] p1a: Great Tusk
|-damage|p1a: Great Tusk|53/100
|-damage|p2a: Maushold|34/100|[from] item: Rocky Helmet|[of] p1a: Great Tusk
|-damage|p1a: Great Tusk|42/100
|-damage|p2a: Maushold|17/100|[from] item: Rocky Helmet|[of] p1a: Great Tusk
|-hitcount|p1a: Great Tusk|5
|move|p1a: Great Tusk|Stealth Rock|p2a: Maushold
|-sidestart|p2: soulesstm303|move: Stealth Rock
|
|upkeep
|turn|8
|
|t:|1776087346
|move|p2a: Maushold|Tidy Up|p2a: Maushold
|-sideend|p2: soulesstm303|Stealth Rock
|-activate|p2a: Maushold|move: Tidy Up
|-boost|p2a: Maushold|atk|1
|-boost|p2a: Maushold|spe|1
|move|p1a: Great Tusk|Ice Spinner|p2a: Maushold
|-damage|p2a: Maushold|0 fnt
|-fieldend|move: Psychic Terrain
|faint|p2a: Maushold
|
|upkeep
|
|t:|1776087352
|switch|p2a: Indeedee|Indeedee, M|11/100
|-fieldstart|move: Psychic Terrain|[from] ability: Psychic Surge|[of] p2a: Indeedee
|turn|9
|
|t:|1776087364
|-end|p1a: Great Tusk|Protosynthesis|[silent]
|switch|p1a: Kingambit|Kingambit, M|100/100
|move|p2a: Indeedee|Expanding Force|p1a: Kingambit
|-immune|p1a: Kingambit
|
|upkeep
|turn|10
|
|t:|1776087372
|switch|p2a: Hawlucha|Hawlucha, M|100/100
|-enditem|p2a: Hawlucha|Psychic Seed
|-boost|p2a: Hawlucha|spd|1|[from] item: Psychic Seed
|-end|p1a: Kingambit|fallenundefined|[silent]
|switch|p1a: Slowking|Slowking-Galar, M|100/100 par
|
|upkeep
|turn|11
|
|t:|1776087380
|move|p2a: Hawlucha|Swords Dance|p2a: Hawlucha
|-boost|p2a: Hawlucha|atk|2
|move|p1a: Slowking|Psychic Noise|p2a: Hawlucha
|-supereffective|p2a: Hawlucha
|-damage|p2a: Hawlucha|0 fnt
|faint|p2a: Hawlucha
|
|upkeep
|inactive|Battle timer is ON: inactive players will automatically lose when time's up. (requested by SS D Venerable)
|inactive|soulesstm303 has 120 seconds left.
|inactive|soulesstm303 has 90 seconds left.
|inactive|soulesstm303 has 60 seconds left.
|
|t:|1776087549
|switch|p2a: Polteageist|Polteageist|100/100
|turn|12
|
|t:|1776087558
|move|p2a: Polteageist|Shell Smash|p2a: Polteageist
|-unboost|p2a: Polteageist|def|1
|-unboost|p2a: Polteageist|spd|1
|-boost|p2a: Polteageist|atk|2
|-boost|p2a: Polteageist|spa|2
|-boost|p2a: Polteageist|spe|2
|cant|p1a: Slowking|par
|
|upkeep
|turn|13
|
|t:|1776087568
|move|p2a: Polteageist|Shadow Ball|p1a: Slowking
|-supereffective|p1a: Slowking
|-damage|p1a: Slowking|0 fnt
|faint|p1a: Slowking
|
|upkeep
|inactive|SS D Venerable has 120 seconds left.
|
|t:|1776087611
|switch|p1a: Kingambit|Kingambit, M|100/100
|-activate|p1a: Kingambit|ability: Supreme Overlord
|-start|p1a: Kingambit|fallen1|[silent]
|turn|14
|
|t:|1776087624
|-terastallize|p2a: Polteageist|Fighting
|-terastallize|p1a: Kingambit|Fairy
|move|p2a: Polteageist|Tera Blast|p1a: Kingambit|[anim] Tera Blast Fighting
|-resisted|p1a: Kingambit
|-damage|p1a: Kingambit|62/100
|move|p1a: Kingambit|Kowtow Cleave|p2a: Polteageist
|-resisted|p2a: Polteageist
|-damage|p2a: Polteageist|23/100
|-ability|p2a: Polteageist|Weak Armor|boost
|-unboost|p2a: Polteageist|def|1
|-boost|p2a: Polteageist|spe|2
|
|upkeep
|turn|15
|
|t:|1776087639
|-end|p1a: Kingambit|fallen1|[silent]
|switch|p1a: Great Tusk|Great Tusk|42/100
|move|p2a: Polteageist|Stored Power|p1a: Great Tusk
|-supereffective|p1a: Great Tusk
|-damage|p1a: Great Tusk|0 fnt
|faint|p1a: Great Tusk
|-end|p1a: Great Tusk|Protosynthesis|[silent]
|
|upkeep
|
|t:|1776087649
|switch|p1a: Araquanid|Araquanid, M|100/100
|turn|16
|
|t:|1776087657
|move|p2a: Polteageist|Stored Power|p1a: Araquanid
|-damage|p1a: Araquanid|0 fnt
|faint|p1a: Araquanid
|
|-fieldend|move: Psychic Terrain
|upkeep
|
|t:|1776087663
|switch|p1a: Kingambit|Kingambit, M, tera:Fairy|62/100
|-activate|p1a: Kingambit|ability: Supreme Overlord
|-start|p1a: Kingambit|fallen3|[silent]
|turn|17
|
|t:|1776087667
|move|p1a: Kingambit|Sucker Punch|p2a: Polteageist
|-resisted|p2a: Polteageist
|-damage|p2a: Polteageist|0 fnt
|faint|p2a: Polteageist
|
|upkeep
|
|t:|1776087674
|switch|p2a: Indeedee|Indeedee, M|11/100
|-fieldstart|move: Psychic Terrain|[from] ability: Psychic Surge|[of] p2a: Indeedee
|turn|18
|
|t:|1776087681
|move|p2a: Indeedee|Expanding Force|p1a: Kingambit
|-damage|p1a: Kingambit|0 fnt
|faint|p1a: Kingambit
|-end|p1a: Kingambit|fallen3|[silent]
|
|upkeep
|
|t:|1776087689
|switch|p1a: Raging Bolt|Raging Bolt|100/100
|turn|19
|
|t:|1776087703
|move|p2a: Indeedee|Expanding Force|p1a: Raging Bolt
|-damage|p1a: Raging Bolt|63/100
|move|p1a: Raging Bolt|Thunderbolt|p2a: Indeedee
|-damage|p2a: Indeedee|0 fnt
|faint|p2a: Indeedee
|
|upkeep
|
|t:|1776087708
|switch|p2a: Veluza|Veluza, F|100/100
|turn|20
|
|t:|1776087711
|move|p2a: Veluza|Psycho Cut|p1a: Raging Bolt
|-damage|p1a: Raging Bolt|4/100
|move|p1a: Raging Bolt|Thunderbolt|p2a: Veluza
|-supereffective|p2a: Veluza
|-damage|p2a: Veluza|0 fnt
|faint|p2a: Veluza
|
|win|SS D Venerable
|raw|SS D Venerable's rating: 1444 &rarr; <strong>1464</strong><br />(+20 for winning)
|raw|soulesstm303's rating: 1446 &rarr; <strong>1426</strong><br />(-20 for losing)
|l|☆soulesstm303
|player|p2|
|l|☆SS D Venerable
|player|p1|
