|html|<div class="broadcast-blue"><strong>[Gen 9] OU is currently suspecting Tera Blast! For information on how to participate check out the <a href="https://www.smogon.com/tools/suspects/view/200">suspect thread</a>.</strong></div>
|j|☆1200s chud
|j|☆A Welcome Guest
|t:|1776043657
|gametype|singles
|player|p1|1200s chud|drayton|1620
|player|p2|A Welcome Guest|pokemaniac|1757
|gen|9
|tier|[Gen 9] OU
|rated|
|rule|HP Percentage Mod: HP is shown in percentages
|rule|Endless Battle Clause: Forcing endless battles is banned
|rule|Species Clause: Limit one of each Pokémon
|rule|OHKO Clause: OHKO moves are banned
|rule|Evasion Items Clause: Evasion items are banned
|rule|Evasion Moves Clause: Evasion moves are banned
|rule|Evasion Abilities Clause: Evasion abilities are banned
|rule|Sleep Moves Clause: Sleep-inducing moves are banned
|clearpoke
|poke|p1|Araquanid, F|
|poke|p1|Gholdengo|
|poke|p1|Rillaboom, M|
|poke|p1|Zamazenta-*|
|poke|p1|Glimmora, M|
|poke|p1|Heatran, M|
|poke|p2|Deoxys-Speed|
|poke|p2|Walking Wake|
|poke|p2|Moltres-Galar|
|poke|p2|Glimmora, M|
|poke|p2|Ursaluna, F|
|poke|p2|Zamazenta-*|
|teampreview
|inactive|Battle timer is ON: inactive players will automatically lose when time's up. (requested by 1200s chud)
|j| ohko_smeargle
|
|t:|1776043677
|teamsize|p1|6
|teamsize|p2|6
|start
|switch|p1a: Araquanid|Araquanid, F|100/100
|switch|p2a: Deoxys|Deoxys-Speed|100/100
|-ability|p2a: Deoxys|Pressure
|turn|1
|
|t:|1776043681
|move|p1a: Araquanid|Liquidation|p2a: Deoxys
|-damage|p2a: Deoxys|0 fnt
|faint|p2a: Deoxys
|
|upkeep
|
|t:|1776043692
|switch|p2a: Walking Wake|Walking Wake|100/100
|-enditem|p2a: Walking Wake|Booster Energy
|-activate|p2a: Walking Wake|ability: Protosynthesis|[fromitem]
|-start|p2a: Walking Wake|protosynthesisspa
|turn|2
|
|t:|1776043702
|switch|p1a: Rillaboom|Rillaboom, M|100/100
|-fieldstart|move: Grassy Terrain|[from] ability: Grassy Surge|[of] p1a: Rillaboom
|move|p2a: Walking Wake|Agility|p2a: Walking Wake
|-boost|p2a: Walking Wake|spe|2
|
|upkeep
|turn|3
|
|t:|1776043716
|move|p2a: Walking Wake|Dragon Pulse|p1a: Rillaboom
|-damage|p1a: Rillaboom|30/100
|move|p1a: Rillaboom|U-turn|p2a: Walking Wake
|-damage|p2a: Walking Wake|77/100
|
|t:|1776043723
|switch|p1a: Araquanid|Araquanid, F|100/100|[from] U-turn
|
|-heal|p2a: Walking Wake|83/100|[from] Grassy Terrain
|upkeep
|turn|4
|
|t:|1776043729
|move|p2a: Walking Wake|Dragon Pulse|p1a: Araquanid
|-damage|p1a: Araquanid|48/100
|move|p1a: Araquanid|Leech Life|p2a: Walking Wake
|-damage|p2a: Walking Wake|34/100
|-heal|p1a: Araquanid|73/100|[from] drain|[of] p2a: Walking Wake
|
|-heal|p2a: Walking Wake|40/100|[from] Grassy Terrain
|-heal|p1a: Araquanid|79/100|[from] Grassy Terrain
|upkeep
|turn|5
|
|t:|1776043743
|move|p2a: Walking Wake|Dragon Pulse|p1a: Araquanid
|-damage|p1a: Araquanid|28/100
|move|p1a: Araquanid|Leech Life|p2a: Walking Wake
|-damage|p2a: Walking Wake|0 fnt
|-heal|p1a: Araquanid|48/100|[from] drain|[of] p2a: Walking Wake
|faint|p2a: Walking Wake
|-end|p2a: Walking Wake|Protosynthesis|[silent]
|
|-heal|p1a: Araquanid|54/100|[from] Grassy Terrain
|upkeep
|inactive|A Welcome Guest has 120 seconds left.
|
|t:|1776043786
|switch|p2a: Glimmora|Glimmora, M|100/100
|turn|6
|inactive|1200s chud has 120 seconds left.
|
|t:|1776043821
|switch|p1a: Glimmora|Glimmora, M|100/100
|move|p2a: Glimmora|Stealth Rock|p1a: Glimmora
|-sidestart|p1: 1200s chud|move: Stealth Rock
|
|upkeep
|turn|7
|inactive|A Welcome Guest has 120 seconds left.
|
|t:|1776043829
|switch|p2a: Ursaluna|Ursaluna, F|100/100
|move|p1a: Glimmora|Earth Power|p2a: Ursaluna
|-damage|p2a: Ursaluna|67/100
|
|-heal|p2a: Ursaluna|73/100|[from] Grassy Terrain
|-status|p2a: Ursaluna|brn|[from] item: Flame Orb
|upkeep
|turn|8
|
|t:|1776043845
|move|p1a: Glimmora|Stealth Rock|p2a: Ursaluna
|-sidestart|p2: A Welcome Guest|move: Stealth Rock
|move|p2a: Ursaluna|Headlong Rush|p1a: Glimmora
|-supereffective|p1a: Glimmora
|-damage|p1a: Glimmora|0 fnt
|-unboost|p2a: Ursaluna|def|1
|-unboost|p2a: Ursaluna|spd|1
|-activate|p1a: Glimmora|ability: Toxic Debris
|-sidestart|p2: A Welcome Guest|move: Toxic Spikes
|faint|p1a: Glimmora
|
|-heal|p2a: Ursaluna|80/100 brn|[from] Grassy Terrain
|-damage|p2a: Ursaluna|73/100 brn|[from] brn
|upkeep
|
|t:|1776043854
|switch|p1a: Zamazenta|Zamazenta|100/100
|-damage|p1a: Zamazenta|94/100|[from] Stealth Rock
|-ability|p1a: Zamazenta|Dauntless Shield|boost
|-boost|p1a: Zamazenta|def|1
|turn|9
|
|t:|1776043858
|switch|p2a: Glimmora|Glimmora, M|100/100
|-damage|p2a: Glimmora|88/100|[from] Stealth Rock
|-sideend|p2: A Welcome Guest|move: Toxic Spikes|[of] p2a: Glimmora
|move|p1a: Zamazenta|Iron Defense|p1a: Zamazenta
|-boost|p1a: Zamazenta|def|2
|
|-heal|p1a: Zamazenta|100/100|[from] Grassy Terrain
|-heal|p2a: Glimmora|94/100|[from] Grassy Terrain
|-fieldend|move: Grassy Terrain
|upkeep
|turn|10
|
|t:|1776043865
|move|p1a: Zamazenta|Body Press|p2a: Glimmora
|-damage|p2a: Glimmora|22/100
|-activate|p2a: Glimmora|ability: Toxic Debris
|-sidestart|p1: 1200s chud|move: Toxic Spikes
|-enditem|p2a: Glimmora|Red Card|[of] p1a: Zamazenta
|drag|p1a: Gholdengo|Gholdengo|100/100
|-damage|p1a: Gholdengo|94/100|[from] Stealth Rock
|move|p2a: Glimmora|Mortal Spin|p1a: Gholdengo
|-immune|p1a: Gholdengo
|
|upkeep
|turn|11
|
|t:|1776043887
|move|p2a: Glimmora|Earth Power|p1a: Gholdengo
|-supereffective|p1a: Gholdengo
|-damage|p1a: Gholdengo|44/100
|move|p1a: Gholdengo|Psyshock|p2a: Glimmora
|-supereffective|p2a: Glimmora
|-damage|p2a: Glimmora|0 fnt
|faint|p2a: Glimmora
|
|upkeep
|
|t:|1776043898
|switch|p2a: Ursaluna|Ursaluna, F|73/100 brn
|-damage|p2a: Ursaluna|67/100 brn|[from] Stealth Rock
|turn|12
|
|t:|1776043906
|move|p1a: Gholdengo|Make It Rain|p2a: Ursaluna
|-damage|p2a: Ursaluna|0 fnt
|-unboost|p1a: Gholdengo|spa|1
|faint|p2a: Ursaluna
|
|upkeep
|
|t:|1776043911
|switch|p2a: Moltres|Moltres-Galar|100/100
|-damage|p2a: Moltres|76/100|[from] Stealth Rock
|turn|13
|
|t:|1776043930
|move|p2a: Moltres|Agility|p2a: Moltres
|-boost|p2a: Moltres|spe|2
|move|p1a: Gholdengo|Nasty Plot|p1a: Gholdengo
|-boost|p1a: Gholdengo|spa|2
|
|upkeep
|turn|14
|
|t:|1776043940
|-terastallize|p1a: Gholdengo|Steel
|move|p2a: Moltres|Fiery Wrath|p1a: Gholdengo
|-damage|p1a: Gholdengo|3/100
|move|p1a: Gholdengo|Make It Rain|p2a: Moltres
|-damage|p2a: Moltres|0 fnt
|-unboost|p1a: Gholdengo|spa|1
|faint|p2a: Moltres
|
|upkeep
|
|t:|1776043946
|switch|p2a: Zamazenta|Zamazenta|100/100
|-damage|p2a: Zamazenta|94/100|[from] Stealth Rock
|-ability|p2a: Zamazenta|Dauntless Shield|boost
|-boost|p2a: Zamazenta|def|1
|turn|15
|
|t:|1776043949
|move|p2a: Zamazenta|Body Press|p1a: Gholdengo
|-supereffective|p1a: Gholdengo
|-damage|p1a: Gholdengo|0 fnt
|faint|p1a: Gholdengo
|
|-heal|p2a: Zamazenta|100/100|[from] item: Leftovers
|upkeep
|
|t:|1776043951
|switch|p1a: Zamazenta|Zamazenta|100/100
|-damage|p1a: Zamazenta|94/100|[from] Stealth Rock
|-status|p1a: Zamazenta|psn
|turn|16
|
|t:|1776043952
|move|p2a: Zamazenta|Iron Defense|p2a: Zamazenta
|-boost|p2a: Zamazenta|def|2
|move|p1a: Zamazenta|Iron Defense|p1a: Zamazenta
|-boost|p1a: Zamazenta|def|2
|
|-damage|p1a: Zamazenta|82/100 psn|[from] psn
|upkeep
|turn|17
|
|t:|1776043955
|move|p2a: Zamazenta|Iron Defense|p2a: Zamazenta
|-boost|p2a: Zamazenta|def|2
|move|p1a: Zamazenta|Iron Defense|p1a: Zamazenta
|-boost|p1a: Zamazenta|def|2
|
|-damage|p1a: Zamazenta|69/100 psn|[from] psn
|upkeep
|turn|18
|
|t:|1776043958
|move|p2a: Zamazenta|Iron Defense|p2a: Zamazenta
|-boost|p2a: Zamazenta|def|1
|move|p1a: Zamazenta|Iron Defense|p1a: Zamazenta
|-boost|p1a: Zamazenta|def|2
|
|-damage|p1a: Zamazenta|57/100 psn|[from] psn
|upkeep
|turn|19
|
|t:|1776043971
|move|p1a: Zamazenta|Body Press|p2a: Zamazenta
|-damage|p2a: Zamazenta|73/100
|move|p2a: Zamazenta|Roar|p1a: Zamazenta
|drag|p1a: Araquanid|Araquanid, F|54/100
|-damage|p1a: Araquanid|29/100|[from] Stealth Rock
|-status|p1a: Araquanid|psn
|
|-heal|p2a: Zamazenta|79/100|[from] item: Leftovers
|-damage|p1a: Araquanid|17/100 psn|[from] psn
|upkeep
|turn|20
|c|☆A Welcome Guest|gg
|
|t:|1776043977
|move|p2a: Zamazenta|Body Press|p1a: Araquanid
|-resisted|p1a: Araquanid
|-damage|p1a: Araquanid|0 fnt
|faint|p1a: Araquanid
|
|-heal|p2a: Zamazenta|85/100|[from] item: Leftovers
|upkeep
|
|t:|1776043980
|switch|p1a: Rillaboom|Rillaboom, M|30/100
|-damage|p1a: Rillaboom|17/100|[from] Stealth Rock
|-status|p1a: Rillaboom|psn
|-fieldstart|move: Grassy Terrain|[from] ability: Grassy Surge|[of] p1a: Rillaboom
|turn|21
|
|t:|1776043982
|move|p1a: Rillaboom|Grassy Glide|p2a: Zamazenta
|-damage|p2a: Zamazenta|79/100
|move|p2a: Zamazenta|Body Press|p1a: Rillaboom
|-damage|p1a: Rillaboom|0 fnt
|faint|p1a: Rillaboom
|
|-heal|p2a: Zamazenta|85/100|[from] Grassy Terrain
|-heal|p2a: Zamazenta|92/100|[from] item: Leftovers
|upkeep
|inactive|1200s chud has 120 seconds left.
|-message|1200s chud forfeited.
|
|win|A Welcome Guest
|raw|1200s chud's rating: 1620 &rarr; <strong>1608</strong><br />(-12 for losing)
|raw|A Welcome Guest's rating: 1757 &rarr; <strong>1769</strong><br />(+12 for winning)
|l|☆1200s chud
|player|p1|
|l| ohko_smeargle
|l|☆A Welcome Guest
|player|p2|
