|html|<div class="broadcast-blue"><strong>[Gen 9] OU is currently suspecting Tera Blast! For information on how to participate check out the <a href="https://www.smogon.com/tools/suspects/view/200">suspect thread</a>.</strong></div>
|j|☆swjt
|j|‽pzzatime
|t:|1776133703
|gametype|singles
|player|p1|swjt|medium|1406
|player|p2|pzzatime|170|1448
|gen|9
|tier|[Gen 9] OU
|rated|
|rule|HP Percentage Mod: HP is shown in percentages
|rule|Endless Battle Clause: Forcing endless battles is banned
|rule|Species Clause: Limit one of each Pokémon
|rule|OHKO Clause: OHKO moves are banned
|rule|Evasion Items Clause: Evasion items are banned
|rule|Evasion Moves Clause: Evasion moves are banned
|rule|Evasion Abilities Clause: Evasion abilities are banned
|rule|Sleep Moves Clause: Sleep-inducing moves are banned
|clearpoke
|poke|p1|Torkoal, M|
|poke|p1|Landorus-Therian, M|
|poke|p1|Hatterene, F|
|poke|p1|Walking Wake|
|poke|p1|Slither Wing|
|poke|p1|Cinderace, F|
|poke|p2|Tinkaton, F|
|poke|p2|Great Tusk|
|poke|p2|Pecharunt|
|poke|p2|Alomomola, M|
|poke|p2|Hydreigon, M|
|poke|p2|Meowscarada, M|
|teampreview
|
|t:|1776133714
|teamsize|p1|6
|teamsize|p2|6
|start
|switch|p1a: Torkoal|Torkoal, M|100/100
|switch|p2a: Meowscarada|Meowscarada, M|100/100
|-weather|SunnyDay|[from] ability: Drought|[of] p1a: Torkoal
|turn|1
|
|t:|1776133722
|move|p2a: Meowscarada|Knock Off|p1a: Torkoal
|-damage|p1a: Torkoal|73/100
|-enditem|p1a: Torkoal|Heat Rock|[from] move: Knock Off|[of] p2a: Meowscarada
|move|p1a: Torkoal|Lava Plume|p2a: Meowscarada
|-supereffective|p2a: Meowscarada
|-damage|p2a: Meowscarada|0 fnt
|faint|p2a: Meowscarada
|
|-weather|SunnyDay|[upkeep]
|upkeep
|
|t:|1776133740
|switch|p2a: Tinkaton|Tinkaton, F, shiny|100/100
|-item|p2a: Tinkaton|Air Balloon
|turn|2
|
|t:|1776133744
|switch|p1a: Hatterene|Hatterene, F|100/100
|move|p2a: Tinkaton|Stealth Rock|p1a: Hatterene
|move|p1a: Hatterene|Stealth Rock|p2a: Tinkaton|[from] ability: Magic Bounce
|-sidestart|p2: pzzatime|move: Stealth Rock
|
|-weather|SunnyDay|[upkeep]
|upkeep
|turn|3
|
|t:|1776133749
|switch|p1a: Landorus|Landorus-Therian, M|100/100
|-ability|p1a: Landorus|Intimidate|boost
|-unboost|p2a: Tinkaton|atk|1
|move|p2a: Tinkaton|Gigaton Hammer|p1a: Landorus
|-damage|p1a: Landorus|62/100
|
|-weather|SunnyDay|[upkeep]
|upkeep
|turn|4
|
|t:|1776133763
|move|p2a: Tinkaton|Ice Hammer|p1a: Landorus
|-supereffective|p1a: Landorus
|-damage|p1a: Landorus|0 fnt
|-unboost|p2a: Tinkaton|spe|1
|-damage|p2a: Tinkaton|84/100|[from] item: Rocky Helmet|[of] p1a: Landorus
|faint|p1a: Landorus
|
|-weather|SunnyDay|[upkeep]
|upkeep
|
|t:|1776133771
|switch|p1a: Cinderace|Cinderace, F|100/100
|turn|5
|
|t:|1776133786
|switch|p2a: Pecharunt|Pecharunt|100/100
|-damage|p2a: Pecharunt|88/100|[from] Stealth Rock
|move|p1a: Cinderace|Pyro Ball|p2a: Pecharunt
|-damage|p2a: Pecharunt|50/100
|
|-weather|SunnyDay|[upkeep]
|upkeep
|turn|6
|
|t:|1776133793
|move|p1a: Cinderace|U-turn|p2a: Pecharunt
|-start|p1a: Cinderace|typechange|Bug|[from] ability: Libero
|-resisted|p2a: Pecharunt
|-damage|p2a: Pecharunt|46/100
|-damage|p1a: Cinderace|84/100|[from] item: Rocky Helmet|[of] p2a: Pecharunt
|
|t:|1776133798
|switch|p1a: Walking Wake|Walking Wake|100/100|[from] U-turn
|-activate|p1a: Walking Wake|ability: Protosynthesis
|-start|p1a: Walking Wake|protosynthesisspe
|move|p2a: Pecharunt|Recover|p2a: Pecharunt
|-heal|p2a: Pecharunt|96/100
|
|-weather|SunnyDay|[upkeep]
|upkeep
|turn|7
|
|t:|1776133810
|switch|p2a: Alomomola|Alomomola, M, shiny|100/100
|-damage|p2a: Alomomola|88/100|[from] Stealth Rock
|move|p1a: Walking Wake|Draco Meteor|p2a: Alomomola
|-damage|p2a: Alomomola|40/100
|-unboost|p1a: Walking Wake|spa|2
|
|-weather|SunnyDay|[upkeep]
|upkeep
|turn|8
|
|t:|1776133815
|move|p1a: Walking Wake|Draco Meteor|p2a: Alomomola
|-damage|p2a: Alomomola|15/100
|-unboost|p1a: Walking Wake|spa|2
|move|p2a: Alomomola|Mirror Coat|p1a: Walking Wake
|-damage|p1a: Walking Wake|23/100
|
|-weather|none
|-end|p1a: Walking Wake|Protosynthesis
|upkeep
|turn|9
|
|t:|1776133821
|-end|p1a: Walking Wake|Protosynthesis|[silent]
|switch|p1a: Torkoal|Torkoal, M|73/100
|-weather|SunnyDay|[from] ability: Drought|[of] p1a: Torkoal
|switch|p2a: Tinkaton|Tinkaton, F, shiny|84/100
|-damage|p2a: Tinkaton|78/100|[from] Stealth Rock
|-item|p2a: Tinkaton|Air Balloon
|
|-weather|SunnyDay|[upkeep]
|upkeep
|turn|10
|
|t:|1776133827
|move|p2a: Tinkaton|Stealth Rock|p1a: Torkoal
|-sidestart|p1: swjt|move: Stealth Rock
|move|p1a: Torkoal|Lava Plume|p2a: Tinkaton
|-supereffective|p2a: Tinkaton
|-damage|p2a: Tinkaton|4/100
|-enditem|p2a: Tinkaton|Air Balloon
|
|-weather|SunnyDay|[upkeep]
|upkeep
|turn|11
|
|t:|1776133831
|move|p2a: Tinkaton|Encore|p1a: Torkoal
|-start|p1a: Torkoal|Encore
|move|p1a: Torkoal|Lava Plume|p2a: Tinkaton
|-supereffective|p2a: Tinkaton
|-damage|p2a: Tinkaton|0 fnt
|faint|p2a: Tinkaton
|
|-weather|SunnyDay|[upkeep]
|upkeep
|
|t:|1776133842
|switch|p2a: Alomomola|Alomomola, M, shiny|48/100
|-damage|p2a: Alomomola|36/100|[from] Stealth Rock
|turn|12
|
|t:|1776133847
|move|p2a: Alomomola|Flip Turn|p1a: Torkoal
|-supereffective|p1a: Torkoal
|-damage|p1a: Torkoal|64/100
|
|t:|1776133850
|switch|p2a: Pecharunt|Pecharunt|96/100|[from] Flip Turn
|-damage|p2a: Pecharunt|84/100|[from] Stealth Rock
|move|p1a: Torkoal|Lava Plume|p2a: Pecharunt
|-damage|p2a: Pecharunt|48/100
|-status|p2a: Pecharunt|brn
|
|-weather|SunnyDay|[upkeep]
|-damage|p2a: Pecharunt|42/100 brn|[from] brn
|upkeep
|turn|13
|
|t:|1776133854
|switch|p1a: Hatterene|Hatterene, F|100/100
|-damage|p1a: Hatterene|88/100|[from] Stealth Rock
|move|p2a: Pecharunt|Recover|p2a: Pecharunt
|-heal|p2a: Pecharunt|92/100 brn
|
|-weather|none
|-damage|p2a: Pecharunt|86/100 brn|[from] brn
|upkeep
|turn|14
|
|t:|1776133863
|move|p2a: Pecharunt|Parting Shot|p1a: Hatterene
|move|p1a: Hatterene|Parting Shot|p2a: Pecharunt|[from] ability: Magic Bounce
|-unboost|p2a: Pecharunt|atk|1
|-unboost|p2a: Pecharunt|spa|1
|
|t:|1776133874
|switch|p1a: Walking Wake|Walking Wake|23/100|[from] Parting Shot
|-damage|p1a: Walking Wake|10/100|[from] Stealth Rock
|
|-damage|p2a: Pecharunt|80/100 brn|[from] brn
|upkeep
|turn|15
|
|t:|1776133881
|switch|p2a: Alomomola|Alomomola, M, shiny|69/100
|-damage|p2a: Alomomola|57/100|[from] Stealth Rock
|move|p1a: Walking Wake|Draco Meteor|p2a: Alomomola
|-damage|p2a: Alomomola|12/100
|-unboost|p1a: Walking Wake|spa|2
|
|upkeep
|turn|16
|
|t:|1776133890
|switch|p2a: Pecharunt|Pecharunt|80/100 brn
|-damage|p2a: Pecharunt|67/100 brn|[from] Stealth Rock
|move|p1a: Walking Wake|Draco Meteor|p2a: Pecharunt
|-damage|p2a: Pecharunt|17/100 brn
|-unboost|p1a: Walking Wake|spa|2
|
|-damage|p2a: Pecharunt|11/100 brn|[from] brn
|upkeep
|turn|17
|
|t:|1776133901
|switch|p2a: Alomomola|Alomomola, M, shiny|45/100
|-damage|p2a: Alomomola|32/100|[from] Stealth Rock
|move|p1a: Walking Wake|Draco Meteor|p2a: Alomomola
|-damage|p2a: Alomomola|16/100
|-unboost|p1a: Walking Wake|spa|2
|
|upkeep
|turn|18
|
|t:|1776133907
|-end|p1a: Walking Wake|Protosynthesis|[silent]
|switch|p1a: Torkoal|Torkoal, M|64/100
|-damage|p1a: Torkoal|39/100|[from] Stealth Rock
|-weather|SunnyDay|[from] ability: Drought|[of] p1a: Torkoal
|move|p2a: Alomomola|Flip Turn|p1a: Torkoal
|-supereffective|p1a: Torkoal
|-damage|p1a: Torkoal|30/100
|
|t:|1776133924
|switch|p2a: Great Tusk|Great Tusk, shiny|100/100|[from] Flip Turn
|-damage|p2a: Great Tusk|98/100|[from] Stealth Rock
|-activate|p2a: Great Tusk|ability: Protosynthesis
|-start|p2a: Great Tusk|protosynthesisdef
|
|-weather|SunnyDay|[upkeep]
|-heal|p2a: Great Tusk|100/100|[from] item: Leftovers
|upkeep
|turn|19
|
|t:|1776133927
|move|p2a: Great Tusk|Rapid Spin|p1a: Torkoal
|-damage|p1a: Torkoal|22/100
|-boost|p2a: Great Tusk|spe|1
|-sideend|p2: pzzatime|Stealth Rock|[from] move: Rapid Spin|[of] p2a: Great Tusk
|move|p1a: Torkoal|Solar Beam||[still]
|-prepare|p1a: Torkoal|Solar Beam
|-anim|p1a: Torkoal|Solar Beam|p2a: Great Tusk
|-supereffective|p2a: Great Tusk
|-damage|p2a: Great Tusk|36/100
|
|-weather|SunnyDay|[upkeep]
|-heal|p2a: Great Tusk|42/100|[from] item: Leftovers
|upkeep
|turn|20
|
|t:|1776133952
|move|p2a: Great Tusk|Rapid Spin|p1a: Torkoal
|-damage|p1a: Torkoal|14/100
|-boost|p2a: Great Tusk|spe|1
|move|p1a: Torkoal|Solar Beam||[still]
|-prepare|p1a: Torkoal|Solar Beam
|-anim|p1a: Torkoal|Solar Beam|p2a: Great Tusk
|-supereffective|p2a: Great Tusk
|-damage|p2a: Great Tusk|0 fnt
|faint|p2a: Great Tusk
|-end|p2a: Great Tusk|Protosynthesis|[silent]
|
|-weather|SunnyDay|[upkeep]
|upkeep
|
|t:|1776133956
|switch|p2a: Alomomola|Alomomola, M, shiny|49/100
|turn|21
|
|t:|1776133962
|switch|p1a: Hatterene|Hatterene, F|88/100
|-damage|p1a: Hatterene|76/100|[from] Stealth Rock
|move|p2a: Alomomola|Flip Turn|p1a: Hatterene
|-damage|p1a: Hatterene|68/100
|-enditem|p1a: Hatterene|Eject Button
|
|t:|1776133971
|switch|p1a: Slither Wing|Slither Wing|100/100
|-damage|p1a: Slither Wing|88/100|[from] Stealth Rock
|-activate|p1a: Slither Wing|ability: Protosynthesis
|-start|p1a: Slither Wing|protosynthesisatk
|
|-weather|SunnyDay|[upkeep]
|upkeep
|turn|22
|
|t:|1776133978
|switch|p2a: Pecharunt|Pecharunt|11/100 brn
|move|p1a: Slither Wing|U-turn|p2a: Pecharunt
|-resisted|p2a: Pecharunt
|-damage|p2a: Pecharunt|1/100 brn
|-damage|p1a: Slither Wing|72/100|[from] item: Rocky Helmet|[of] p2a: Pecharunt
|
|t:|1776133981
|-end|p1a: Slither Wing|Protosynthesis|[silent]
|switch|p1a: Hatterene|Hatterene, F|68/100|[from] U-turn
|-damage|p1a: Hatterene|56/100|[from] Stealth Rock
|
|-weather|none
|-damage|p2a: Pecharunt|0 fnt|[from] brn
|faint|p2a: Pecharunt
|upkeep
|
|t:|1776133984
|switch|p2a: Hydreigon|Hydreigon, M, shiny|100/100
|turn|23
|
|t:|1776133991
|-terastallize|p2a: Hydreigon|Poison
|move|p2a: Hydreigon|Nasty Plot|p2a: Hydreigon
|-boost|p2a: Hydreigon|spa|2
|move|p1a: Hatterene|Dazzling Gleam|p2a: Hydreigon
|-resisted|p2a: Hydreigon
|-damage|p2a: Hydreigon|81/100
|
|-heal|p2a: Hydreigon|87/100|[from] item: Leftovers
|upkeep
|turn|24
|
|t:|1776133996
|-terastallize|p1a: Hatterene|Steel
|move|p2a: Hydreigon|Flash Cannon|p1a: Hatterene
|-resisted|p1a: Hatterene
|-damage|p1a: Hatterene|27/100
|move|p1a: Hatterene|Nuzzle|p2a: Hydreigon
|-damage|p2a: Hydreigon|83/100
|-status|p2a: Hydreigon|par
|
|-heal|p2a: Hydreigon|89/100 par|[from] item: Leftovers
|upkeep
|turn|25
|
|t:|1776134000
|move|p2a: Hydreigon|Dark Pulse|p1a: Hatterene
|-damage|p1a: Hatterene|0 fnt
|faint|p1a: Hatterene
|
|-heal|p2a: Hydreigon|95/100 par|[from] item: Leftovers
|upkeep
|
|t:|1776134019
|switch|p1a: Cinderace|Cinderace, F|84/100
|turn|26
|
|t:|1776134023
|move|p1a: Cinderace|Pyro Ball|p2a: Hydreigon
|-damage|p2a: Hydreigon|25/100 par
|move|p2a: Hydreigon|Dark Pulse|p1a: Cinderace
|-damage|p1a: Cinderace|0 fnt
|faint|p1a: Cinderace
|
|-heal|p2a: Hydreigon|32/100 par|[from] item: Leftovers
|upkeep
|
|t:|1776134029
|switch|p1a: Slither Wing|Slither Wing|72/100
|-damage|p1a: Slither Wing|60/100|[from] Stealth Rock
|turn|27
|
|t:|1776134041
|move|p1a: Slither Wing|First Impression|p2a: Hydreigon
|-resisted|p2a: Hydreigon
|-damage|p2a: Hydreigon|0 fnt
|faint|p2a: Hydreigon
|
|upkeep
|
|t:|1776134043
|switch|p2a: Alomomola|Alomomola, M, shiny|82/100
|turn|28
|
|t:|1776134051
|-end|p1a: Slither Wing|Protosynthesis|[silent]
|switch|p1a: Torkoal|Torkoal, M|14/100
|-damage|p1a: Torkoal|0 fnt|[from] Stealth Rock
|faint|p1a: Torkoal
|move|p2a: Alomomola|Flip Turn|p1: Torkoal|[notarget]
|-fail|p2a: Alomomola
|
|upkeep
|
|t:|1776134055
|switch|p1a: Walking Wake|Walking Wake|10/100
|-damage|p1a: Walking Wake|0 fnt|[from] Stealth Rock
|faint|p1a: Walking Wake
|-end|p1a: Walking Wake|Protosynthesis|[silent]
|
|t:|1776134057
|switch|p1a: Slither Wing|Slither Wing|60/100
|-damage|p1a: Slither Wing|47/100|[from] Stealth Rock
|turn|29
|
|t:|1776134073
|move|p1a: Slither Wing|Close Combat|p2a: Alomomola
|-damage|p2a: Alomomola|5/100
|-unboost|p1a: Slither Wing|def|1
|-unboost|p1a: Slither Wing|spd|1
|move|p2a: Alomomola|Play Rough|p1a: Slither Wing
|-supereffective|p1a: Slither Wing
|-damage|p1a: Slither Wing|0 fnt
|faint|p1a: Slither Wing
|-end|p1a: Slither Wing|Protosynthesis|[silent]
|
|win|pzzatime
|raw|swjt's rating: 1406 &rarr; <strong>1388</strong><br />(-18 for losing)
|raw|pzzatime's rating: 1448 &rarr; <strong>1466</strong><br />(+18 for winning)
