|html|<div class="broadcast-blue"><strong>[Gen 9] OU is currently suspecting Tera Blast! For information on how to participate check out the <a href="https://www.smogon.com/tools/suspects/view/200">suspect thread</a>.</strong></div>
|j|☆somenessmain
|j|☆Blastoise_Choice
|t:|1776126234
|gametype|singles
|player|p1|somenessmain|camper|1483
|player|p2|Blastoise_Choice|101|1548
|gen|9
|tier|[Gen 9] OU
|rated|
|rule|HP Percentage Mod: HP is shown in percentages
|rule|Endless Battle Clause: Forcing endless battles is banned
|rule|Species Clause: Limit one of each Pokémon
|rule|OHKO Clause: OHKO moves are banned
|rule|Evasion Items Clause: Evasion items are banned
|rule|Evasion Moves Clause: Evasion moves are banned
|rule|Evasion Abilities Clause: Evasion abilities are banned
|rule|Sleep Moves Clause: Sleep-inducing moves are banned
|clearpoke
|poke|p1|Regidrago|
|poke|p1|Slowking-Galar, M|
|poke|p1|Ting-Lu|
|poke|p1|Corviknight, M|
|poke|p1|Lokix, F|
|poke|p1|Cinderace, F|
|poke|p2|Hydrapple, M|
|poke|p2|Tyranitar, F|
|poke|p2|Moltres|
|poke|p2|Zamazenta-*|
|poke|p2|Slowking-Galar, M|
|poke|p2|Excadrill, F|
|teampreview
|c|☆somenessmain|hf
|
|t:|1776126242
|teamsize|p1|6
|teamsize|p2|6
|start
|switch|p1a: Cinderace|Cinderace, F|100/100
|switch|p2a: Tyranitar|Tyranitar, F|100/100
|-weather|Sandstorm|[from] ability: Sand Stream|[of] p2a: Tyranitar
|turn|1
|c|☆Blastoise_Choice|hf
|inactive|Battle timer is ON: inactive players will automatically lose when time's up. (requested by Blastoise_Choice)
|
|t:|1776126253
|move|p1a: Cinderace|U-turn|p2a: Tyranitar
|-supereffective|p2a: Tyranitar
|-damage|p2a: Tyranitar|63/100
|
|t:|1776126256
|switch|p1a: Corviknight|Corviknight, M|100/100|[from] U-turn
|-ability|p1a: Corviknight|Pressure
|move|p2a: Tyranitar|Stealth Rock|p1a: Corviknight
|-sidestart|p1: somenessmain|move: Stealth Rock
|
|-weather|Sandstorm|[upkeep]
|upkeep
|turn|2
|
|t:|1776126262
|switch|p2a: Excadrill|Excadrill, F|100/100
|-item|p2a: Excadrill|Air Balloon
|move|p1a: Corviknight|Defog|p2a: Excadrill
|-unboost|p2a: Excadrill|evasion|1
|-sideend|p1: somenessmain|Stealth Rock|[from] move: Defog|[of] p1a: Corviknight
|
|-weather|Sandstorm|[upkeep]
|upkeep
|turn|3
|
|t:|1776126269
|switch|p2a: Zamazenta|Zamazenta|100/100
|-ability|p2a: Zamazenta|Dauntless Shield|boost
|-boost|p2a: Zamazenta|def|1
|move|p1a: Corviknight|Body Press|p2a: Zamazenta
|-damage|p2a: Zamazenta|88/100
|
|-weather|Sandstorm|[upkeep]
|-damage|p2a: Zamazenta|82/100|[from] Sandstorm
|-heal|p2a: Zamazenta|88/100|[from] item: Leftovers
|upkeep
|turn|4
|
|t:|1776126276
|move|p1a: Corviknight|U-turn|p2a: Zamazenta
|-resisted|p2a: Zamazenta
|-damage|p2a: Zamazenta|84/100
|
|t:|1776126281
|switch|p1a: Slowking|Slowking-Galar, M|100/100|[from] U-turn
|move|p2a: Zamazenta|Roar|p1a: Slowking
|drag|p1a: Corviknight|Corviknight, M|100/100
|-ability|p1a: Corviknight|Pressure
|
|-weather|Sandstorm|[upkeep]
|-damage|p2a: Zamazenta|78/100|[from] Sandstorm
|-heal|p2a: Zamazenta|84/100|[from] item: Leftovers
|upkeep
|turn|5
|
|t:|1776126285
|move|p2a: Zamazenta|Iron Defense|p2a: Zamazenta
|-boost|p2a: Zamazenta|def|2
|move|p1a: Corviknight|U-turn|p2a: Zamazenta
|-resisted|p2a: Zamazenta
|-damage|p2a: Zamazenta|82/100
|
|t:|1776126287
|switch|p1a: Slowking|Slowking-Galar, M|100/100|[from] U-turn
|
|-weather|Sandstorm|[upkeep]
|-damage|p2a: Zamazenta|76/100|[from] Sandstorm
|-damage|p1a: Slowking|94/100|[from] Sandstorm
|-heal|p2a: Zamazenta|82/100|[from] item: Leftovers
|upkeep
|turn|6
|
|t:|1776126293
|move|p1a: Slowking|Psychic Noise|p2a: Zamazenta
|-supereffective|p2a: Zamazenta
|-damage|p2a: Zamazenta|32/100
|-start|p2a: Zamazenta|move: Heal Block
|move|p2a: Zamazenta|Roar|p1a: Slowking
|drag|p1a: Lokix|Lokix, F|100/100
|
|-weather|Sandstorm|[upkeep]
|-damage|p2a: Zamazenta|26/100|[from] Sandstorm
|-damage|p1a: Lokix|94/100|[from] Sandstorm
|upkeep
|turn|7
|
|t:|1776126301
|switch|p1a: Slowking|Slowking-Galar, M|100/100
|move|p2a: Zamazenta|Roar|p1a: Slowking
|drag|p1a: Corviknight|Corviknight, M|100/100
|-ability|p1a: Corviknight|Pressure
|
|-weather|Sandstorm|[upkeep]
|-damage|p2a: Zamazenta|20/100|[from] Sandstorm
|-end|p2a: Zamazenta|move: Heal Block
|upkeep
|turn|8
|
|t:|1776126306
|switch|p1a: Slowking|Slowking-Galar, M|100/100
|move|p2a: Zamazenta|Roar|p1a: Slowking
|drag|p1a: Regidrago|Regidrago|100/100
|
|-weather|none
|-heal|p2a: Zamazenta|26/100|[from] item: Leftovers
|upkeep
|turn|9
|
|t:|1776126312
|switch|p1a: Corviknight|Corviknight, M|100/100
|-ability|p1a: Corviknight|Pressure
|move|p2a: Zamazenta|Body Press|p1a: Corviknight
|-damage|p1a: Corviknight|48/100
|-damage|p2a: Zamazenta|9/100|[from] item: Rocky Helmet|[of] p1a: Corviknight
|
|-heal|p2a: Zamazenta|16/100|[from] item: Leftovers
|upkeep
|turn|10
|
|t:|1776126317
|switch|p1a: Slowking|Slowking-Galar, M|100/100
|move|p2a: Zamazenta|Body Press|p1a: Slowking
|-resisted|p1a: Slowking
|-damage|p1a: Slowking|76/100
|
|-heal|p2a: Zamazenta|22/100|[from] item: Leftovers
|upkeep
|turn|11
|
|t:|1776126324
|move|p2a: Zamazenta|Crunch|p1a: Slowking
|-supereffective|p1a: Slowking
|-damage|p1a: Slowking|35/100
|move|p1a: Slowking|Psychic Noise|p2a: Zamazenta
|-supereffective|p2a: Zamazenta
|-damage|p2a: Zamazenta|0 fnt
|faint|p2a: Zamazenta
|
|upkeep
|
|t:|1776126332
|switch|p2a: Tyranitar|Tyranitar, F|63/100
|-weather|Sandstorm|[from] ability: Sand Stream|[of] p2a: Tyranitar
|turn|12
|
|t:|1776126338
|switch|p2a: Hydrapple|Hydrapple, M|100/100
|switch|p1a: Ting-Lu|Ting-Lu|100/100
|-ability|p1a: Ting-Lu|Vessel of Ruin
|
|-weather|Sandstorm|[upkeep]
|-damage|p2a: Hydrapple|94/100|[from] Sandstorm
|upkeep
|turn|13
|
|t:|1776126345
|switch|p1a: Slowking|Slowking-Galar, M|68/100
|move|p2a: Hydrapple|Fickle Beam|p1a: Slowking|[anim] Fickle Beam All Out
|-activate|p2a: Hydrapple|move: Fickle Beam
|-damage|p1a: Slowking|24/100
|
|-weather|Sandstorm|[upkeep]
|-damage|p2a: Hydrapple|88/100|[from] Sandstorm
|-damage|p1a: Slowking|18/100|[from] Sandstorm
|upkeep
|turn|14
|
|t:|1776126351
|switch|p2a: Tyranitar|Tyranitar, F|63/100
|switch|p1a: Corviknight|Corviknight, M|48/100
|-ability|p1a: Corviknight|Pressure
|
|-weather|Sandstorm|[upkeep]
|upkeep
|turn|15
|
|t:|1776126355
|move|p1a: Corviknight|Roost|p1a: Corviknight
|-heal|p1a: Corviknight|98/100
|-singleturn|p1a: Corviknight|move: Roost
|move|p2a: Tyranitar|Stealth Rock|p1a: Corviknight
|-sidestart|p1: somenessmain|move: Stealth Rock
|
|-weather|Sandstorm|[upkeep]
|upkeep
|turn|16
|
|t:|1776126359
|switch|p2a: Hydrapple|Hydrapple, M|100/100
|move|p1a: Corviknight|Defog|p2a: Hydrapple
|-unboost|p2a: Hydrapple|evasion|1
|-sideend|p1: somenessmain|Stealth Rock|[from] move: Defog|[of] p1a: Corviknight
|
|-weather|Sandstorm|[upkeep]
|-damage|p2a: Hydrapple|94/100|[from] Sandstorm
|upkeep
|turn|17
|
|t:|1776126362
|move|p1a: Corviknight|U-turn|p2a: Hydrapple
|-supereffective|p2a: Hydrapple
|-damage|p2a: Hydrapple|76/100
|
|t:|1776126365
|switch|p1a: Slowking|Slowking-Galar, M|51/100|[from] U-turn
|move|p2a: Hydrapple|Fickle Beam|p1a: Slowking
|-damage|p1a: Slowking|32/100
|
|-weather|Sandstorm|[upkeep]
|-damage|p2a: Hydrapple|70/100|[from] Sandstorm
|-damage|p1a: Slowking|26/100|[from] Sandstorm
|upkeep
|turn|18
|
|t:|1776126371
|switch|p2a: Excadrill|Excadrill, F|100/100
|-item|p2a: Excadrill|Air Balloon
|switch|p1a: Corviknight|Corviknight, M|98/100
|-ability|p1a: Corviknight|Pressure
|
|-weather|Sandstorm|[upkeep]
|upkeep
|turn|19
|
|t:|1776126374
|switch|p2a: Moltres|Moltres|100/100
|move|p1a: Corviknight|Body Press|p2a: Moltres
|-resisted|p2a: Moltres
|-damage|p2a: Moltres|92/100
|
|-weather|none
|upkeep
|turn|20
|
|t:|1776126378
|switch|p1a: Ting-Lu|Ting-Lu|100/100
|-ability|p1a: Ting-Lu|Vessel of Ruin
|move|p2a: Moltres|Flamethrower|p1a: Ting-Lu
|-damage|p1a: Ting-Lu|85/100
|
|-heal|p1a: Ting-Lu|91/100|[from] item: Leftovers
|upkeep
|turn|21
|
|t:|1776126385
|move|p2a: Moltres|U-turn|p1a: Ting-Lu
|-supereffective|p1a: Ting-Lu
|-damage|p1a: Ting-Lu|73/100
|
|t:|1776126392
|switch|p2a: Excadrill|Excadrill, F|100/100|[from] U-turn
|-item|p2a: Excadrill|Air Balloon
|move|p1a: Ting-Lu|Stealth Rock|p2a: Excadrill
|-sidestart|p2: Blastoise_Choice|move: Stealth Rock
|
|-heal|p1a: Ting-Lu|79/100|[from] item: Leftovers
|upkeep
|turn|22
|inactive|somenessmain has 120 seconds left.
|
|t:|1776126433
|move|p2a: Excadrill|Iron Head|p1a: Ting-Lu
|-damage|p1a: Ting-Lu|56/100
|move|p1a: Ting-Lu|Ruination|p2a: Excadrill
|-damage|p2a: Excadrill|51/100
|-enditem|p2a: Excadrill|Air Balloon
|
|-heal|p1a: Ting-Lu|62/100|[from] item: Leftovers
|upkeep
|turn|23
|
|t:|1776126440
|switch|p2a: Hydrapple|Hydrapple, M|100/100
|switch|p1a: Corviknight|Corviknight, M|98/100
|-ability|p1a: Corviknight|Pressure
|
|upkeep
|turn|24
|inactive|somenessmain has 120 seconds left.
|
|t:|1776126472
|move|p1a: Corviknight|U-turn|p2a: Hydrapple
|-supereffective|p2a: Hydrapple
|-damage|p2a: Hydrapple|84/100
|
|t:|1776126475
|switch|p1a: Slowking|Slowking-Galar, M|59/100|[from] U-turn
|move|p2a: Hydrapple|Fickle Beam|p1a: Slowking
|-damage|p1a: Slowking|40/100
|
|upkeep
|turn|25
|
|t:|1776126481
|switch|p2a: Excadrill|Excadrill, F|51/100
|-damage|p2a: Excadrill|48/100|[from] Stealth Rock
|-prepare|p1a: Slowking|Chilly Reception|[premajor]
|move|p1a: Slowking|Chilly Reception|p1a: Slowking
|-weather|Snowscape
|
|t:|1776126492
|switch|p1a: Cinderace|Cinderace, F|100/100|[from] Chilly Reception
|
|-weather|Snowscape|[upkeep]
|upkeep
|turn|26
|
|t:|1776126498
|move|p1a: Cinderace|Pyro Ball|p2a: Excadrill
|-supereffective|p2a: Excadrill
|-damage|p2a: Excadrill|0 fnt
|faint|p2a: Excadrill
|
|-weather|Snowscape|[upkeep]
|upkeep
|
|t:|1776126506
|switch|p2a: Tyranitar|Tyranitar, F|63/100
|-damage|p2a: Tyranitar|50/100|[from] Stealth Rock
|-weather|Sandstorm|[from] ability: Sand Stream|[of] p2a: Tyranitar
|turn|27
|
|t:|1776126520
|switch|p2a: Moltres|Moltres|92/100
|move|p1a: Cinderace|U-turn|p2a: Moltres
|-resisted|p2a: Moltres
|-damage|p2a: Moltres|88/100
|
|t:|1776126522
|switch|p1a: Slowking|Slowking-Galar, M|73/100|[from] U-turn
|
|-weather|Sandstorm|[upkeep]
|-damage|p2a: Moltres|82/100|[from] Sandstorm
|-damage|p1a: Slowking|67/100|[from] Sandstorm
|upkeep
|turn|28
|
|t:|1776126529
|move|p2a: Moltres|U-turn|p1a: Slowking
|-damage|p1a: Slowking|52/100
|
|t:|1776126536
|switch|p2a: Slowking|Slowking-Galar, M|100/100|[from] U-turn
|-damage|p2a: Slowking|88/100|[from] Stealth Rock
|-prepare|p1a: Slowking|Chilly Reception|[premajor]
|move|p1a: Slowking|Chilly Reception|p1a: Slowking
|-weather|Snowscape
|
|t:|1776126542
|switch|p1a: Lokix|Lokix, F|94/100|[from] Chilly Reception
|
|-weather|Snowscape|[upkeep]
|upkeep
|turn|29
|
|t:|1776126548
|switch|p2a: Moltres|Moltres|82/100
|move|p1a: Lokix|Knock Off|p2a: Moltres
|-damage|p2a: Moltres|40/100
|-enditem|p2a: Moltres|Heavy-Duty Boots|[from] move: Knock Off|[of] p1a: Lokix
|
|-weather|Snowscape|[upkeep]
|upkeep
|turn|30
|
|t:|1776126555
|switch|p1a: Slowking|Slowking-Galar, M|85/100
|move|p2a: Moltres|Roost|p2a: Moltres
|-heal|p2a: Moltres|91/100
|-singleturn|p2a: Moltres|move: Roost
|
|-weather|Snowscape|[upkeep]
|upkeep
|turn|31
|
|t:|1776126562
|-prepare|p1a: Slowking|Chilly Reception|[premajor]
|move|p1a: Slowking|Chilly Reception|p1a: Slowking
|
|t:|1776126565
|switch|p1a: Corviknight|Corviknight, M|98/100|[from] Chilly Reception
|-ability|p1a: Corviknight|Pressure
|move|p2a: Moltres|Roar|p1a: Corviknight
|drag|p1a: Ting-Lu|Ting-Lu|62/100
|-ability|p1a: Ting-Lu|Vessel of Ruin
|
|-weather|Snowscape|[upkeep]
|-heal|p1a: Ting-Lu|68/100|[from] item: Leftovers
|upkeep
|turn|32
|
|t:|1776126571
|move|p2a: Moltres|Flamethrower|p1a: Ting-Lu
|-damage|p1a: Ting-Lu|54/100
|-status|p1a: Ting-Lu|brn
|move|p1a: Ting-Lu|Ruination|p2a: Moltres|[miss]
|-miss|p1a: Ting-Lu|p2a: Moltres
|
|-weather|none
|-heal|p1a: Ting-Lu|60/100 brn|[from] item: Leftovers
|-damage|p1a: Ting-Lu|54/100 brn|[from] brn
|upkeep
|turn|33
|
|t:|1776126577
|move|p2a: Moltres|U-turn|p1a: Ting-Lu
|-supereffective|p1a: Ting-Lu
|-damage|p1a: Ting-Lu|37/100 brn
|
|t:|1776126584
|switch|p2a: Hydrapple|Hydrapple, M|100/100|[from] U-turn
|move|p1a: Ting-Lu|Ruination|p2a: Hydrapple
|-damage|p2a: Hydrapple|51/100
|
|-heal|p1a: Ting-Lu|43/100 brn|[from] item: Leftovers
|-damage|p1a: Ting-Lu|37/100 brn|[from] brn
|upkeep
|turn|34
|
|t:|1776126600
|switch|p1a: Slowking|Slowking-Galar, M|100/100
|move|p2a: Hydrapple|Fickle Beam|p1a: Slowking
|-damage|p1a: Slowking|78/100
|
|upkeep
|turn|35
|
|t:|1776126607
|switch|p2a: Slowking|Slowking-Galar, M|100/100
|-damage|p2a: Slowking|88/100|[from] Stealth Rock
|-prepare|p1a: Slowking|Chilly Reception|[premajor]
|move|p1a: Slowking|Chilly Reception|p1a: Slowking
|-weather|Snowscape
|
|t:|1776126609
|switch|p1a: Regidrago|Regidrago|100/100|[from] Chilly Reception
|
|-weather|Snowscape|[upkeep]
|upkeep
|turn|36
|
|t:|1776126616
|-terastallize|p1a: Regidrago|Dragon
|move|p1a: Regidrago|Dragon Energy|p2a: Slowking
|-damage|p2a: Slowking|0 fnt
|faint|p2a: Slowking
|
|-weather|Snowscape|[upkeep]
|upkeep
|
|t:|1776126623
|switch|p2a: Moltres|Moltres|91/100
|-damage|p2a: Moltres|41/100|[from] Stealth Rock
|turn|37
|
|t:|1776126629
|-terastallize|p2a: Moltres|Fairy
|move|p1a: Regidrago|Dragon Energy|p2a: Moltres
|-immune|p2a: Moltres
|move|p2a: Moltres|Roost|p2a: Moltres
|-heal|p2a: Moltres|91/100
|
|-weather|Snowscape|[upkeep]
|upkeep
|turn|38
|
|t:|1776126635
|switch|p1a: Slowking|Slowking-Galar, M|100/100
|move|p2a: Moltres|U-turn|p1a: Slowking
|-damage|p1a: Slowking|86/100
|
|t:|1776126642
|switch|p2a: Tyranitar|Tyranitar, F|50/100|[from] U-turn
|-damage|p2a: Tyranitar|38/100|[from] Stealth Rock
|-weather|Sandstorm|[from] ability: Sand Stream|[of] p2a: Tyranitar
|
|-weather|Sandstorm|[upkeep]
|-damage|p1a: Slowking|80/100|[from] Sandstorm
|upkeep
|turn|39
|
|t:|1776126648
|switch|p1a: Corviknight|Corviknight, M|98/100
|-ability|p1a: Corviknight|Pressure
|move|p2a: Tyranitar|Stealth Rock|p1a: Corviknight
|-sidestart|p1: somenessmain|move: Stealth Rock
|
|-weather|Sandstorm|[upkeep]
|upkeep
|turn|40
|
|t:|1776126652
|switch|p2a: Moltres|Moltres, tera:Fairy|91/100
|-damage|p2a: Moltres|79/100|[from] Stealth Rock
|move|p1a: Corviknight|Defog|p2a: Moltres
|-unboost|p2a: Moltres|evasion|1
|-sideend|p2: Blastoise_Choice|Stealth Rock|[from] move: Defog|[of] p1a: Corviknight
|-sideend|p1: somenessmain|Stealth Rock|[from] move: Defog|[of] p1a: Corviknight
|
|-weather|Sandstorm|[upkeep]
|-damage|p2a: Moltres|73/100|[from] Sandstorm
|upkeep
|turn|41
|
|t:|1776126655
|switch|p1a: Slowking|Slowking-Galar, M|100/100
|move|p2a: Moltres|Roost|p2a: Moltres
|-heal|p2a: Moltres|100/100
|
|-weather|Sandstorm|[upkeep]
|-damage|p2a: Moltres|94/100|[from] Sandstorm
|-damage|p1a: Slowking|94/100|[from] Sandstorm
|upkeep
|turn|42
|
|t:|1776126662
|move|p2a: Moltres|U-turn|p1a: Slowking
|-damage|p1a: Slowking|79/100
|
|t:|1776126668
|switch|p2a: Tyranitar|Tyranitar, F|38/100|[from] U-turn
|-prepare|p1a: Slowking|Chilly Reception|[premajor]
|move|p1a: Slowking|Chilly Reception|p1a: Slowking
|-weather|Snowscape
|
|t:|1776126675
|switch|p1a: Regidrago|Regidrago, tera:Dragon|100/100|[from] Chilly Reception
|
|-weather|Snowscape|[upkeep]
|upkeep
|turn|43
|
|t:|1776126681
|switch|p2a: Moltres|Moltres, tera:Fairy|94/100
|move|p1a: Regidrago|Draco Meteor|p2a: Moltres
|-immune|p2a: Moltres
|
|-weather|Snowscape|[upkeep]
|upkeep
|turn|44
|
|t:|1776126687
|switch|p1a: Slowking|Slowking-Galar, M|100/100
|move|p2a: Moltres|Flamethrower|p1a: Slowking
|-damage|p1a: Slowking|80/100
|-status|p1a: Slowking|brn
|
|-weather|Snowscape|[upkeep]
|-damage|p1a: Slowking|74/100 brn|[from] brn
|upkeep
|turn|45
|
|t:|1776126694
|move|p2a: Moltres|U-turn|p1a: Slowking
|-damage|p1a: Slowking|60/100 brn
|
|t:|1776126700
|switch|p2a: Tyranitar|Tyranitar, F|38/100|[from] U-turn
|-weather|Sandstorm|[from] ability: Sand Stream|[of] p2a: Tyranitar
|move|p1a: Slowking|Sludge Bomb|p2a: Tyranitar
|-resisted|p2a: Tyranitar
|-damage|p2a: Tyranitar|31/100
|-status|p2a: Tyranitar|psn
|
|-weather|Sandstorm|[upkeep]
|-damage|p1a: Slowking|54/100 brn|[from] Sandstorm
|-damage|p2a: Tyranitar|18/100 psn|[from] psn
|-damage|p1a: Slowking|48/100 brn|[from] brn
|upkeep
|turn|46
|
|t:|1776126708
|switch|p1a: Corviknight|Corviknight, M|98/100
|-ability|p1a: Corviknight|Pressure
|move|p2a: Tyranitar|Knock Off|p1a: Corviknight
|-damage|p1a: Corviknight|74/100
|-damage|p2a: Tyranitar|1/100 psn|[from] item: Rocky Helmet|[of] p1a: Corviknight
|-enditem|p1a: Corviknight|Rocky Helmet|[from] move: Knock Off|[of] p2a: Tyranitar
|
|-weather|Sandstorm|[upkeep]
|-damage|p2a: Tyranitar|0 fnt|[from] psn
|faint|p2a: Tyranitar
|upkeep
|
|t:|1776126711
|switch|p2a: Hydrapple|Hydrapple, M|84/100
|turn|47
|
|t:|1776126715
|move|p1a: Corviknight|U-turn|p2a: Hydrapple
|-supereffective|p2a: Hydrapple
|-damage|p2a: Hydrapple|67/100
|
|t:|1776126717
|switch|p1a: Slowking|Slowking-Galar, M|81/100 brn|[from] U-turn
|move|p2a: Hydrapple|Earth Power|p1a: Slowking
|-supereffective|p1a: Slowking
|-damage|p1a: Slowking|49/100 brn
|-unboost|p1a: Slowking|spd|1
|
|-weather|Sandstorm|[upkeep]
|-damage|p2a: Hydrapple|60/100|[from] Sandstorm
|-damage|p1a: Slowking|43/100 brn|[from] Sandstorm
|-damage|p1a: Slowking|37/100 brn|[from] brn
|upkeep
|turn|48
|
|t:|1776126722
|switch|p1a: Ting-Lu|Ting-Lu|37/100 brn
|-ability|p1a: Ting-Lu|Vessel of Ruin
|move|p2a: Hydrapple|Earth Power|p1a: Ting-Lu
|-damage|p1a: Ting-Lu|26/100 brn
|
|-weather|Sandstorm|[upkeep]
|-damage|p2a: Hydrapple|54/100|[from] Sandstorm
|-heal|p1a: Ting-Lu|32/100 brn|[from] item: Leftovers
|-damage|p1a: Ting-Lu|26/100 brn|[from] brn
|upkeep
|turn|49
|
|t:|1776126729
|move|p2a: Hydrapple|Nasty Plot|p2a: Hydrapple
|-boost|p2a: Hydrapple|spa|2
|move|p1a: Ting-Lu|Stealth Rock|p2a: Hydrapple
|-sidestart|p2: Blastoise_Choice|move: Stealth Rock
|
|-weather|Sandstorm|[upkeep]
|-damage|p2a: Hydrapple|48/100|[from] Sandstorm
|-heal|p1a: Ting-Lu|32/100 brn|[from] item: Leftovers
|-damage|p1a: Ting-Lu|26/100 brn|[from] brn
|upkeep
|turn|50
|
|t:|1776126736
|move|p2a: Hydrapple|Giga Drain|p1a: Ting-Lu
|-supereffective|p1a: Ting-Lu
|-damage|p1a: Ting-Lu|0 fnt
|-heal|p2a: Hydrapple|64/100|[from] drain|[of] p1a: Ting-Lu
|faint|p1a: Ting-Lu
|
|-weather|Sandstorm|[upkeep]
|-damage|p2a: Hydrapple|58/100|[from] Sandstorm
|upkeep
|
|t:|1776126738
|switch|p1a: Lokix|Lokix, F|94/100
|turn|51
|
|t:|1776126744
|switch|p2a: Moltres|Moltres, tera:Fairy|94/100
|-damage|p2a: Moltres|82/100|[from] Stealth Rock
|move|p1a: Lokix|U-turn|p2a: Moltres
|-resisted|p2a: Moltres
|-damage|p2a: Moltres|48/100
|
|t:|1776126748
|switch|p1a: Cinderace|Cinderace, F|100/100|[from] U-turn
|
|-weather|Sandstorm|[upkeep]
|-damage|p1a: Cinderace|95/100|[from] Sandstorm
|-damage|p2a: Moltres|42/100|[from] Sandstorm
|upkeep
|turn|52
|
|t:|1776126754
|switch|p2a: Hydrapple|Hydrapple, M|92/100
|move|p1a: Cinderace|Pyro Ball|p2a: Hydrapple
|-damage|p2a: Hydrapple|56/100
|
|-weather|none
|upkeep
|turn|53
|
|t:|1776126761
|move|p1a: Cinderace|U-turn|p2a: Hydrapple
|-supereffective|p2a: Hydrapple
|-damage|p2a: Hydrapple|27/100
|
|t:|1776126767
|switch|p1a: Slowking|Slowking-Galar, M|70/100 brn|[from] U-turn
|move|p2a: Hydrapple|Earth Power|p1a: Slowking
|-supereffective|p1a: Slowking
|-damage|p1a: Slowking|39/100 brn
|-unboost|p1a: Slowking|spd|1
|
|-damage|p1a: Slowking|32/100 brn|[from] brn
|upkeep
|turn|54
|
|t:|1776126771
|switch|p1a: Corviknight|Corviknight, M|74/100
|-ability|p1a: Corviknight|Pressure
|move|p2a: Hydrapple|Earth Power|p1a: Corviknight
|-immune|p1a: Corviknight
|
|upkeep
|turn|55
|
|t:|1776126774
|switch|p2a: Moltres|Moltres, tera:Fairy|42/100
|-damage|p2a: Moltres|30/100|[from] Stealth Rock
|move|p1a: Corviknight|U-turn|p2a: Moltres
|-resisted|p2a: Moltres
|-damage|p2a: Moltres|25/100
|
|t:|1776126777
|switch|p1a: Cinderace|Cinderace, F|95/100|[from] U-turn
|
|upkeep
|turn|56
|
|t:|1776126783
|switch|p2a: Hydrapple|Hydrapple, M|60/100
|move|p1a: Cinderace|Pyro Ball|p2a: Hydrapple
|-damage|p2a: Hydrapple|28/100
|
|upkeep
|turn|57
|
|t:|1776126790
|move|p1a: Cinderace|Pyro Ball|p2a: Hydrapple
|-damage|p2a: Hydrapple|0 fnt
|faint|p2a: Hydrapple
|
|upkeep
|
|t:|1776126796
|switch|p2a: Moltres|Moltres, tera:Fairy|25/100
|-damage|p2a: Moltres|13/100|[from] Stealth Rock
|turn|58
|
|t:|1776126803
|move|p1a: Cinderace|Pyro Ball|p2a: Moltres
|-damage|p2a: Moltres|0 fnt
|faint|p2a: Moltres
|
|win|somenessmain
|raw|somenessmain's rating: 1483 &rarr; <strong>1507</strong><br />(+24 for winning)
|raw|Blastoise_Choice's rating: 1548 &rarr; <strong>1524</strong><br />(-24 for losing)
|c|☆Blastoise_Choice|gg
