|html|<div class="broadcast-blue"><strong>[Gen 9] OU is currently suspecting Tera Blast! For information on how to participate check out the <a href="https://www.smogon.com/tools/suspects/view/200">suspect thread</a>.</strong></div>
|j|☆Mikifp
|j|☆ir0nv4l14nt
|t:|1776071370
|gametype|singles
|player|p1|Mikifp|riley|1440
|player|p2|ir0nv4l14nt|ethan|1421
|gen|9
|tier|[Gen 9] OU
|rated|
|rule|HP Percentage Mod: HP is shown in percentages
|rule|Endless Battle Clause: Forcing endless battles is banned
|rule|Species Clause: Limit one of each Pokémon
|rule|OHKO Clause: OHKO moves are banned
|rule|Evasion Items Clause: Evasion items are banned
|rule|Evasion Moves Clause: Evasion moves are banned
|rule|Evasion Abilities Clause: Evasion abilities are banned
|rule|Sleep Moves Clause: Sleep-inducing moves are banned
|clearpoke
|poke|p1|Gliscor, M|
|poke|p1|Kingambit, M|
|poke|p1|Iron Valiant|
|poke|p1|Slowking-Galar, M|
|poke|p1|Kyurem|
|poke|p1|Talonflame, M|
|poke|p2|Tornadus-Therian, M|
|poke|p2|Kleavor, F|
|poke|p2|Great Tusk|
|poke|p2|Dragapult, F|
|poke|p2|Kingambit, M|
|poke|p2|Iron Moth|
|teampreview
|inactive|Battle timer is ON: inactive players will automatically lose when time's up. (requested by ir0nv4l14nt)
|
|t:|1776071383
|teamsize|p1|6
|teamsize|p2|6
|start
|switch|p1a: Queelag|Talonflame, M|100/100
|switch|p2a: Kleavor|Kleavor, F|100/100
|turn|1
|
|t:|1776071386
|move|p1a: Queelag|U-turn|p2a: Kleavor
|-damage|p2a: Kleavor|86/100
|
|t:|1776071389
|switch|p1a: Demon Prince|Gliscor, M|100/100|[from] U-turn
|move|p2a: Kleavor|Stone Axe|p1a: Demon Prince
|-damage|p1a: Demon Prince|70/100
|-sidestart|p1: Mikifp|move: Stealth Rock
|
|-status|p1a: Demon Prince|tox|[from] item: Toxic Orb
|upkeep
|turn|2
|
|t:|1776071400
|switch|p2a: Kingambit|Kingambit, M|100/100
|move|p1a: Demon Prince|Knock Off|p2a: Kingambit
|-resisted|p2a: Kingambit
|-damage|p2a: Kingambit|93/100
|-enditem|p2a: Kingambit|Life Orb|[from] move: Knock Off|[of] p1a: Demon Prince
|
|-heal|p1a: Demon Prince|83/100 tox|[from] ability: Poison Heal
|upkeep
|turn|3
|
|t:|1776071411
|move|p1a: Demon Prince|Toxic|p2a: Kingambit|[miss]
|-miss|p1a: Demon Prince|p2a: Kingambit
|move|p2a: Kingambit|Swords Dance|p2a: Kingambit
|-boost|p2a: Kingambit|atk|2
|
|-heal|p1a: Demon Prince|95/100 tox|[from] ability: Poison Heal
|upkeep
|turn|4
|
|t:|1776071417
|move|p1a: Demon Prince|Earthquake|p2a: Kingambit
|-supereffective|p2a: Kingambit
|-damage|p2a: Kingambit|44/100
|move|p2a: Kingambit|Iron Head|p1a: Demon Prince
|-damage|p1a: Demon Prince|35/100 tox
|
|-heal|p1a: Demon Prince|48/100 tox|[from] ability: Poison Heal
|upkeep
|turn|5
|
|t:|1776071426
|move|p1a: Demon Prince|Protect|p1a: Demon Prince
|-singleturn|p1a: Demon Prince|Protect
|move|p2a: Kingambit|Sucker Punch||[still]
|-fail|p2a: Kingambit
|
|-heal|p1a: Demon Prince|60/100 tox|[from] ability: Poison Heal
|upkeep
|turn|6
|
|t:|1776071432
|move|p2a: Kingambit|Sucker Punch|p1a: Demon Prince
|-damage|p1a: Demon Prince|10/100 tox
|move|p1a: Demon Prince|Earthquake|p2a: Kingambit
|-supereffective|p2a: Kingambit
|-damage|p2a: Kingambit|0 fnt
|faint|p2a: Kingambit
|-end|p2a: Kingambit|fallenundefined|[silent]
|
|-heal|p1a: Demon Prince|23/100 tox|[from] ability: Poison Heal
|upkeep
|
|t:|1776071439
|switch|p2a: Iron Moth|Iron Moth|100/100
|-enditem|p2a: Iron Moth|Booster Energy
|-activate|p2a: Iron Moth|ability: Quark Drive|[fromitem]
|-start|p2a: Iron Moth|quarkdrivespe
|turn|7
|
|t:|1776071443
|move|p1a: Demon Prince|Protect|p1a: Demon Prince
|-singleturn|p1a: Demon Prince|Protect
|move|p2a: Iron Moth|Fiery Dance|p1a: Demon Prince
|-activate|p1a: Demon Prince|move: Protect
|
|-heal|p1a: Demon Prince|35/100 tox|[from] ability: Poison Heal
|upkeep
|turn|8
|
|t:|1776071452
|-terastallize|p1a: Demon Prince|Water
|move|p2a: Iron Moth|Fiery Dance|p1a: Demon Prince
|-resisted|p1a: Demon Prince
|-damage|p1a: Demon Prince|11/100 tox
|-boost|p2a: Iron Moth|spa|1
|move|p1a: Demon Prince|Earthquake|p2a: Iron Moth
|-supereffective|p2a: Iron Moth
|-damage|p2a: Iron Moth|0 fnt
|faint|p2a: Iron Moth
|-end|p2a: Iron Moth|Quark Drive|[silent]
|
|-heal|p1a: Demon Prince|23/100 tox|[from] ability: Poison Heal
|upkeep
|
|t:|1776071464
|switch|p2a: Tornadus|Tornadus-Therian, M|100/100
|turn|9
|
|t:|1776071468
|move|p1a: Demon Prince|Protect|p1a: Demon Prince
|-singleturn|p1a: Demon Prince|Protect
|move|p2a: Tornadus|Nasty Plot|p2a: Tornadus
|-boost|p2a: Tornadus|spa|2
|
|-heal|p1a: Demon Prince|36/100 tox|[from] ability: Poison Heal
|upkeep
|turn|10
|
|t:|1776071490
|switch|p1a: Pontiff Sulyvahn|Slowking-Galar, M|100/100
|-damage|p1a: Pontiff Sulyvahn|88/100|[from] Stealth Rock
|move|p2a: Tornadus|Bleakwind Storm|p1a: Pontiff Sulyvahn
|-damage|p1a: Pontiff Sulyvahn|34/100
|
|-heal|p1a: Pontiff Sulyvahn|40/100|[from] item: Leftovers
|upkeep
|turn|11
|
|t:|1776071496
|move|p2a: Tornadus|Bleakwind Storm|p1a: Pontiff Sulyvahn
|-damage|p1a: Pontiff Sulyvahn|0 fnt
|faint|p1a: Pontiff Sulyvahn
|
|upkeep
|
|t:|1776071506
|switch|p1a: Darkeater Midir|Kyurem|100/100
|-damage|p1a: Darkeater Midir|76/100|[from] Stealth Rock
|-ability|p1a: Darkeater Midir|Pressure
|turn|12
|
|t:|1776071510
|move|p2a: Tornadus|Focus Blast|p1a: Darkeater Midir
|-supereffective|p1a: Darkeater Midir
|-damage|p1a: Darkeater Midir|0 fnt
|faint|p1a: Darkeater Midir
|
|upkeep
|
|t:|1776071514
|switch|p1a: Ornstein|Iron Valiant|100/100
|-damage|p1a: Ornstein|94/100|[from] Stealth Rock
|-enditem|p1a: Ornstein|Booster Energy
|-activate|p1a: Ornstein|ability: Quark Drive|[fromitem]
|-start|p1a: Ornstein|quarkdrivespe
|turn|13
|
|t:|1776071517
|move|p1a: Ornstein|Moonblast|p2a: Tornadus
|-damage|p2a: Tornadus|43/100
|-unboost|p2a: Tornadus|spa|1
|move|p2a: Tornadus|Bleakwind Storm|p1a: Ornstein
|-supereffective|p1a: Ornstein
|-damage|p1a: Ornstein|0 fnt
|faint|p1a: Ornstein
|-end|p1a: Ornstein|Quark Drive|[silent]
|
|upkeep
|
|t:|1776071529
|switch|p1a: Knight Artorias|Kingambit, M, shiny|100/100
|-damage|p1a: Knight Artorias|94/100|[from] Stealth Rock
|-activate|p1a: Knight Artorias|ability: Supreme Overlord
|-start|p1a: Knight Artorias|fallen3|[silent]
|turn|14
|
|t:|1776071531
|move|p2a: Tornadus|Heat Wave|p1a: Knight Artorias
|-supereffective|p1a: Knight Artorias
|-damage|p1a: Knight Artorias|0 fnt
|faint|p1a: Knight Artorias
|-end|p1a: Knight Artorias|fallen3|[silent]
|
|upkeep
|
|t:|1776071535
|switch|p1a: Queelag|Talonflame, M|100/100
|turn|15
|
|t:|1776071538
|move|p2a: Tornadus|Bleakwind Storm|p1a: Queelag
|-damage|p1a: Queelag|12/100
|move|p1a: Queelag|Flamethrower|p2a: Tornadus
|-damage|p2a: Tornadus|10/100
|
|upkeep
|turn|16
|
|t:|1776071543
|move|p2a: Tornadus|Bleakwind Storm|p1a: Queelag
|-damage|p1a: Queelag|0 fnt
|faint|p1a: Queelag
|
|upkeep
|
|t:|1776071545
|switch|p1a: Demon Prince|Gliscor, M, tera:Water|36/100 tox
|-damage|p1a: Demon Prince|23/100 tox|[from] Stealth Rock
|turn|17
|
|t:|1776071547
|move|p1a: Demon Prince|Protect|p1a: Demon Prince
|-singleturn|p1a: Demon Prince|Protect
|move|p2a: Tornadus|Bleakwind Storm|p1a: Demon Prince
|-activate|p1a: Demon Prince|move: Protect
|
|-heal|p1a: Demon Prince|36/100 tox|[from] ability: Poison Heal
|upkeep
|turn|18
|
|t:|1776071549
|move|p2a: Tornadus|Bleakwind Storm|p1a: Demon Prince
|-damage|p1a: Demon Prince|0 fnt
|faint|p1a: Demon Prince
|
|win|ir0nv4l14nt
|raw|Mikifp's rating: 1440 &rarr; <strong>1419</strong><br />(-21 for losing)
|raw|ir0nv4l14nt's rating: 1421 &rarr; <strong>1442</strong><br />(+21 for winning)
|l|☆Mikifp
|player|p1|
