|html|<div class="broadcast-blue"><strong>[Gen 9] OU is currently suspecting Tera Blast! For information on how to participate check out the <a href="https://www.smogon.com/tools/suspects/view/200">suspect thread</a>.</strong></div>
|j|☆mlbebek
|j|☆DumpyTrouble
|t:|1776059238
|gametype|singles
|player|p1|mlbebek|policeman|1153
|player|p2|DumpyTrouble|steven|1076
|gen|9
|tier|[Gen 9] OU
|rated|
|rule|HP Percentage Mod: HP is shown in percentages
|rule|Endless Battle Clause: Forcing endless battles is banned
|rule|Species Clause: Limit one of each Pokémon
|rule|OHKO Clause: OHKO moves are banned
|rule|Evasion Items Clause: Evasion items are banned
|rule|Evasion Moves Clause: Evasion moves are banned
|rule|Evasion Abilities Clause: Evasion abilities are banned
|rule|Sleep Moves Clause: Sleep-inducing moves are banned
|clearpoke
|poke|p1|Feraligatr, M|
|poke|p1|Grimmsnarl, M|
|poke|p1|Walking Wake|
|poke|p1|Bisharp, M|
|poke|p1|Meowscarada, F|
|poke|p1|Iron Moth|
|poke|p2|Hatterene, F|
|poke|p2|Pecharunt|
|poke|p2|Ogerpon-Wellspring, F|
|poke|p2|Garchomp, F|
|poke|p2|Jolteon, M|
|poke|p2|Kingambit, M|
|teampreview
|inactive|Battle timer is ON: inactive players will automatically lose when time's up. (requested by DumpyTrouble)
|
|t:|1776059259
|teamsize|p1|6
|teamsize|p2|6
|start
|switch|p1a: Bisharp|Bisharp, M, shiny|100/100
|switch|p2a: Hat|Hatterene, F|100/100
|turn|1
|
|t:|1776059271
|move|p1a: Bisharp|Swords Dance|p1a: Bisharp
|-boost|p1a: Bisharp|atk|2
|move|p2a: Hat|Calm Mind|p2a: Hat
|-boost|p2a: Hat|spa|1
|-boost|p2a: Hat|spd|1
|
|upkeep
|turn|2
|
|t:|1776059276
|move|p1a: Bisharp|Iron Head|p2a: Hat
|-supereffective|p2a: Hat
|-damage|p2a: Hat|0 fnt
|faint|p2a: Hat
|
|upkeep
|
|t:|1776059289
|switch|p2a: Alejandro|Garchomp, F|100/100
|turn|3
|
|t:|1776059296
|move|p2a: Alejandro|Brick Break|p1a: Bisharp
|-supereffective|p1a: Bisharp
|-damage|p1a: Bisharp|22/100
|move|p1a: Bisharp|Iron Head|p2a: Alejandro
|-damage|p2a: Alejandro|18/100
|-damage|p1a: Bisharp|10/100|[from] ability: Rough Skin|[of] p2a: Alejandro
|
|upkeep
|turn|4
|
|t:|1776059302
|move|p1a: Bisharp|Sucker Punch|p2a: Alejandro
|-damage|p2a: Alejandro|0 fnt
|-damage|p1a: Bisharp|0 fnt|[from] ability: Rough Skin|[of] p2a: Alejandro
|faint|p2a: Alejandro
|faint|p1a: Bisharp
|
|upkeep
|c|☆mlbebek|How did bishard survived that
|
|t:|1776059317
|switch|p2a: The Fast|Jolteon, M|100/100
|switch|p1a: Grimmsnarl|Grimmsnarl, M|100/100
|turn|5
|c|☆DumpyTrouble|idek man
|inactive|DumpyTrouble has 120 seconds left.
|
|t:|1776059355
|move|p1a: Grimmsnarl|Light Screen|p1a: Grimmsnarl
|-sidestart|p1: mlbebek|move: Light Screen
|move|p2a: The Fast|Thunderbolt|p1a: Grimmsnarl
|-damage|p1a: Grimmsnarl|86/100
|
|upkeep
|turn|6
|inactive|DumpyTrouble has 120 seconds left.
|
|t:|1776059369
|move|p1a: Grimmsnarl|Reflect|p1a: Grimmsnarl
|-sidestart|p1: mlbebek|Reflect
|move|p2a: The Fast|Thunderbolt|p1a: Grimmsnarl
|-damage|p1a: Grimmsnarl|71/100
|
|upkeep
|turn|7
|inactive|DumpyTrouble has 120 seconds left.
|
|t:|1776059376
|move|p2a: The Fast|Thunderbolt|p1a: Grimmsnarl
|-damage|p1a: Grimmsnarl|56/100
|move|p1a: Grimmsnarl|Spirit Break|p2a: The Fast
|-damage|p2a: The Fast|46/100
|-unboost|p2a: The Fast|spa|1
|
|upkeep
|turn|8
|
|t:|1776059382
|move|p2a: The Fast|Volt Switch|p1a: Grimmsnarl
|-damage|p1a: Grimmsnarl|48/100
|
|t:|1776059390
|switch|p2a: MoistCr1TiKaL|Ogerpon-Wellspring, F|100/100|[from] Volt Switch
|move|p1a: Grimmsnarl|Spirit Break|p2a: MoistCr1TiKaL
|-damage|p2a: MoistCr1TiKaL|63/100
|-unboost|p2a: MoistCr1TiKaL|spa|1
|
|upkeep
|turn|9
|inactive|DumpyTrouble has 120 seconds left.
|
|t:|1776059409
|move|p1a: Grimmsnarl|Parting Shot|p2a: MoistCr1TiKaL
|-unboost|p2a: MoistCr1TiKaL|atk|1
|-unboost|p2a: MoistCr1TiKaL|spa|1
|
|t:|1776059412
|switch|p1a: Feraligatr|Feraligatr, M, shiny|100/100|[from] Parting Shot
|move|p2a: MoistCr1TiKaL|Ivy Cudgel|p1a: Feraligatr|[anim] Ivy Cudgel Water
|-resisted|p1a: Feraligatr
|-crit|p1a: Feraligatr
|-damage|p1a: Feraligatr|51/100
|
|upkeep
|turn|10
|
|t:|1776059421
|move|p2a: MoistCr1TiKaL|Power Whip|p1a: Feraligatr
|-supereffective|p1a: Feraligatr
|-damage|p1a: Feraligatr|0 fnt
|faint|p1a: Feraligatr
|
|upkeep
|inactive|mlbebek has 120 seconds left.
|
|t:|1776059470
|switch|p1a: Meowscarada|Meowscarada, F|100/100
|turn|11
|
|t:|1776059479
|move|p1a: Meowscarada|U-turn|p2a: MoistCr1TiKaL
|-start|p1a: Meowscarada|typechange|Bug|[from] ability: Protean
|-supereffective|p2a: MoistCr1TiKaL
|-damage|p2a: MoistCr1TiKaL|0 fnt
|faint|p2a: MoistCr1TiKaL
|inactive|mlbebek has 120 seconds left.
|
|t:|1776059485
|switch|p1a: Grimmsnarl|Grimmsnarl, M|48/100|[from] U-turn
|
|upkeep
|
|t:|1776059489
|switch|p2a: Pat|Pecharunt|100/100
|turn|12
|
|t:|1776059495
|move|p1a: Grimmsnarl|Parting Shot|p2a: Pat
|-unboost|p2a: Pat|atk|1
|-unboost|p2a: Pat|spa|1
|
|t:|1776059497
|switch|p1a: Meowscarada|Meowscarada, F|100/100|[from] Parting Shot
|move|p2a: Pat|Malignant Chain|p1a: Meowscarada
|-supereffective|p1a: Meowscarada
|-damage|p1a: Meowscarada|69/100
|-status|p1a: Meowscarada|tox
|-start|p1a: Meowscarada|confusion|[from] ability: Poison Puppeteer|[of] p2a: Pat
|
|-damage|p1a: Meowscarada|63/100 tox|[from] psn
|-sideend|p1: mlbebek|move: Light Screen
|upkeep
|turn|13
|
|t:|1776059518
|-activate|p1a: Meowscarada|confusion
|move|p1a: Meowscarada|U-turn|p2a: Pat
|-start|p1a: Meowscarada|typechange|Bug|[from] ability: Protean
|-resisted|p2a: Pat
|-damage|p2a: Pat|96/100
|
|t:|1776059521
|switch|p1a: Iron Moth|Iron Moth|100/100|[from] U-turn
|move|p2a: Pat|Malignant Chain|p1a: Iron Moth
|-resisted|p1a: Iron Moth
|-damage|p1a: Iron Moth|90/100
|
|-sideend|p1: mlbebek|Reflect
|upkeep
|turn|14
|
|t:|1776059533
|move|p1a: Iron Moth|Fiery Dance|p2a: Pat
|-damage|p2a: Pat|48/100
|move|p2a: Pat|Parting Shot|p1a: Iron Moth
|-unboost|p1a: Iron Moth|atk|1
|-unboost|p1a: Iron Moth|spa|1
|
|t:|1776059541
|switch|p2a: The Fast|Jolteon, M|46/100|[from] Parting Shot
|
|upkeep
|turn|15
|
|t:|1776059550
|-end|p1a: Iron Moth|Quark Drive|[silent]
|switch|p1a: Meowscarada|Meowscarada, F|63/100 tox
|move|p2a: The Fast|Thunderbolt|p1a: Meowscarada
|-resisted|p1a: Meowscarada
|-damage|p1a: Meowscarada|28/100 tox
|
|-damage|p1a: Meowscarada|22/100 tox|[from] psn
|upkeep
|turn|16
|
|t:|1776059564
|move|p2a: The Fast|Thunderbolt|p1a: Meowscarada
|-resisted|p1a: Meowscarada
|-crit|p1a: Meowscarada
|-damage|p1a: Meowscarada|0 fnt
|faint|p1a: Meowscarada
|
|upkeep
|
|t:|1776059582
|switch|p1a: Grimmsnarl|Grimmsnarl, M|48/100
|turn|17
|
|t:|1776059599
|move|p1a: Grimmsnarl|Light Screen|p1a: Grimmsnarl
|-sidestart|p1: mlbebek|move: Light Screen
|move|p2a: The Fast|Thunderbolt|p1a: Grimmsnarl
|-damage|p1a: Grimmsnarl|32/100
|
|upkeep
|turn|18
|
|t:|1776059610
|move|p2a: The Fast|Thunderbolt|p1a: Grimmsnarl
|-damage|p1a: Grimmsnarl|18/100
|move|p1a: Grimmsnarl|Spirit Break|p2a: The Fast
|-damage|p2a: The Fast|0 fnt
|faint|p2a: The Fast
|
|upkeep
|
|t:|1776059616
|switch|p2a: Pat|Pecharunt|48/100
|turn|19
|
|t:|1776059622
|move|p1a: Grimmsnarl|Reflect|p1a: Grimmsnarl
|-sidestart|p1: mlbebek|Reflect
|move|p2a: Pat|Recover|p2a: Pat
|-heal|p2a: Pat|98/100
|
|upkeep
|turn|20
|
|t:|1776059628
|move|p1a: Grimmsnarl|Parting Shot|p2a: Pat
|-unboost|p2a: Pat|atk|1
|-unboost|p2a: Pat|spa|1
|
|t:|1776059630
|switch|p1a: Iron Moth|Iron Moth|90/100|[from] Parting Shot
|move|p2a: Pat|Malignant Chain|p1a: Iron Moth
|-resisted|p1a: Iron Moth
|-damage|p1a: Iron Moth|85/100
|
|upkeep
|turn|21
|
|t:|1776059654
|-terastallize|p2a: Pat|Dark
|move|p1a: Iron Moth|Sunny Day|p1a: Iron Moth
|-weather|SunnyDay
|move|p2a: Pat|Foul Play|p1a: Iron Moth
|-damage|p1a: Iron Moth|69/100
|
|-weather|SunnyDay|[upkeep]
|upkeep
|turn|22
|
|t:|1776059665
|move|p1a: Iron Moth|Fiery Dance|p2a: Pat
|-damage|p2a: Pat|35/100
|move|p2a: Pat|Foul Play|p1a: Iron Moth
|-damage|p1a: Iron Moth|54/100
|
|-weather|SunnyDay|[upkeep]
|upkeep
|turn|23
|
|t:|1776059672
|move|p1a: Iron Moth|Fiery Dance|p2a: Pat
|-damage|p2a: Pat|0 fnt
|-boost|p1a: Iron Moth|spa|1
|faint|p2a: Pat
|
|-weather|SunnyDay|[upkeep]
|upkeep
|
|t:|1776059678
|switch|p2a: The Guy!|Kingambit, M|100/100
|-activate|p2a: The Guy!|ability: Supreme Overlord
|-start|p2a: The Guy!|fallen5|[silent]
|turn|24
|
|t:|1776059683
|move|p2a: The Guy!|Sucker Punch|p1a: Iron Moth
|-damage|p1a: Iron Moth|0 fnt
|faint|p1a: Iron Moth
|-end|p1a: Iron Moth|Quark Drive|[silent]
|
|-weather|SunnyDay|[upkeep]
|-sideend|p1: mlbebek|move: Light Screen
|upkeep
|
|t:|1776059687
|switch|p1a: Grimmsnarl|Grimmsnarl, M|18/100
|turn|25
|
|t:|1776059693
|move|p2a: The Guy!|Iron Head|p1a: Grimmsnarl
|-supereffective|p1a: Grimmsnarl
|-damage|p1a: Grimmsnarl|0 fnt
|faint|p1a: Grimmsnarl
|
|-weather|SunnyDay|[upkeep]
|upkeep
|
|t:|1776059694
|switch|p1a: Walking Wake|Walking Wake|100/100
|-activate|p1a: Walking Wake|ability: Protosynthesis
|-start|p1a: Walking Wake|protosynthesisspe
|turn|26
|
|t:|1776059709
|-terastallize|p1a: Walking Wake|Fairy
|move|p1a: Walking Wake|Flamethrower|p2a: The Guy!
|-supereffective|p2a: The Guy!
|-damage|p2a: The Guy!|0 fnt
|faint|p2a: The Guy!
|-end|p2a: The Guy!|fallen5|[silent]
|
|win|mlbebek
|raw|mlbebek's rating: 1153 &rarr; <strong>1173</strong><br />(+20 for winning)
|raw|DumpyTrouble's rating: 1076 &rarr; <strong>1059</strong><br />(-17 for losing)
|l|☆mlbebek
|player|p1|
|l|☆DumpyTrouble
|player|p2|
