|html|<div class="broadcast-blue"><strong>[Gen 9] OU is currently suspecting Tera Blast! For information on how to participate check out the <a href="https://www.smogon.com/tools/suspects/view/200">suspect thread</a>.</strong></div>
|j|☆mathismathin
|j|☆nfyhsueryfgius
|t:|1776135887
|gametype|singles
|player|p1|mathismathin|bugsy-masters|1639
|player|p2|nfyhsueryfgius|ghetsis|1542
|gen|9
|tier|[Gen 9] OU
|rated|
|rule|HP Percentage Mod: HP is shown in percentages
|rule|Endless Battle Clause: Forcing endless battles is banned
|rule|Species Clause: Limit one of each Pokémon
|rule|OHKO Clause: OHKO moves are banned
|rule|Evasion Items Clause: Evasion items are banned
|rule|Evasion Moves Clause: Evasion moves are banned
|rule|Evasion Abilities Clause: Evasion abilities are banned
|rule|Sleep Moves Clause: Sleep-inducing moves are banned
|clearpoke
|poke|p1|Ribombee, M|
|poke|p1|Ogerpon-Wellspring, F|
|poke|p1|Lycanroc-Dusk, F|
|poke|p1|Gholdengo|
|poke|p1|Cinderace, F|
|poke|p1|Glimmora, F|
|poke|p2|Gholdengo|
|poke|p2|Darkrai|
|poke|p2|Clefable, F|
|poke|p2|Ting-Lu|
|poke|p2|Dragonite, F|
|poke|p2|Pecharunt|
|teampreview
|
|t:|1776135934
|teamsize|p1|6
|teamsize|p2|6
|start
|switch|p1a: Ogerpon|Ogerpon-Wellspring, F|100/100
|switch|p2a: Gholdengo|Gholdengo|100/100
|turn|1
|
|t:|1776135945
|switch|p2a: Pecharunt|Pecharunt|100/100
|move|p1a: Ogerpon|Ivy Cudgel|p2a: Pecharunt|[anim] Ivy Cudgel Water
|-damage|p2a: Pecharunt|63/100
|
|upkeep
|turn|2
|
|t:|1776135957
|move|p1a: Ogerpon|Ivy Cudgel|p2a: Pecharunt|[anim] Ivy Cudgel Water
|-damage|p2a: Pecharunt|27/100
|move|p2a: Pecharunt|Recover|p2a: Pecharunt
|-heal|p2a: Pecharunt|77/100
|
|upkeep
|turn|3
|
|t:|1776135961
|switch|p1a: Gholdengo|Gholdengo|100/100
|-item|p1a: Gholdengo|Air Balloon
|switch|p2a: Darkrai|Darkrai|100/100
|
|upkeep
|turn|4
|
|t:|1776135965
|switch|p1a: Ribombee|Ribombee, M|100/100
|move|p2a: Darkrai|Dark Pulse|p1a: Ribombee
|-resisted|p1a: Ribombee
|-damage|p1a: Ribombee|62/100
|
|upkeep
|turn|5
|
|t:|1776135970
|switch|p2a: Gholdengo|Gholdengo|100/100
|move|p1a: Ribombee|Moonblast|p2a: Gholdengo
|-resisted|p2a: Gholdengo
|-damage|p2a: Gholdengo|79/100
|
|upkeep
|turn|6
|
|t:|1776135974
|move|p2a: Gholdengo|Shadow Ball|p1a: Ribombee
|-damage|p1a: Ribombee|0 fnt
|faint|p1a: Ribombee
|
|upkeep
|
|t:|1776135979
|switch|p1a: Cinderace|Cinderace, F|100/100
|turn|7
|
|t:|1776136005
|switch|p2a: Dragonite|Dragonite, F|100/100
|move|p1a: Cinderace|Swords Dance|p1a: Cinderace
|-boost|p1a: Cinderace|atk|2
|
|upkeep
|turn|8
|
|t:|1776136025
|move|p1a: Cinderace|Pyro Ball|p2a: Dragonite
|-resisted|p2a: Dragonite
|-damage|p2a: Dragonite|69/100
|move|p2a: Dragonite|Earthquake|p1a: Cinderace
|-supereffective|p1a: Cinderace
|-damage|p1a: Cinderace|0 fnt
|faint|p1a: Cinderace
|
|upkeep
|
|t:|1776136033
|switch|p1a: Lycanroc|Lycanroc-Dusk, F|100/100
|turn|9
|
|t:|1776136036
|switch|p2a: Ting-Lu|Ting-Lu|100/100
|-ability|p2a: Ting-Lu|Vessel of Ruin
|move|p1a: Lycanroc|Swords Dance|p1a: Lycanroc
|-boost|p1a: Lycanroc|atk|2
|
|upkeep
|turn|10
|
|t:|1776136040
|move|p1a: Lycanroc|Close Combat|p2a: Ting-Lu
|-supereffective|p2a: Ting-Lu
|-damage|p2a: Ting-Lu|0 fnt
|-unboost|p1a: Lycanroc|def|1
|-unboost|p1a: Lycanroc|spd|1
|faint|p2a: Ting-Lu
|-damage|p1a: Lycanroc|91/100|[from] item: Life Orb
|
|upkeep
|
|t:|1776136046
|switch|p2a: Gholdengo|Gholdengo|79/100
|turn|11
|
|t:|1776136048
|move|p1a: Lycanroc|Sucker Punch|p2a: Gholdengo
|-supereffective|p2a: Gholdengo
|-damage|p2a: Gholdengo|0 fnt
|faint|p2a: Gholdengo
|-damage|p1a: Lycanroc|81/100|[from] item: Life Orb
|
|upkeep
|
|t:|1776136053
|switch|p2a: Darkrai|Darkrai|100/100
|turn|12
|
|t:|1776136055
|move|p1a: Lycanroc|Accelerock|p2a: Darkrai
|-damage|p2a: Darkrai|1/100
|-damage|p1a: Lycanroc|71/100|[from] item: Life Orb
|move|p2a: Darkrai|Dark Pulse|p1a: Lycanroc
|-damage|p1a: Lycanroc|0 fnt
|faint|p1a: Lycanroc
|
|upkeep
|
|t:|1776136061
|switch|p1a: Ogerpon|Ogerpon-Wellspring, F|100/100
|turn|13
|
|t:|1776136075
|move|p2a: Darkrai|Thunder Wave|p1a: Ogerpon
|-status|p1a: Ogerpon|par
|move|p1a: Ogerpon|Ivy Cudgel|p2a: Darkrai|[anim] Ivy Cudgel Water
|-damage|p2a: Darkrai|0 fnt
|faint|p2a: Darkrai
|
|upkeep
|
|t:|1776136078
|switch|p2a: Pecharunt|Pecharunt|77/100
|turn|14
|
|t:|1776136082
|switch|p1a: Glimmora|Glimmora, F|100/100
|move|p2a: Pecharunt|Nasty Plot|p2a: Pecharunt
|-boost|p2a: Pecharunt|spa|2
|
|upkeep
|turn|15
|
|t:|1776136087
|switch|p2a: Clefable|Clefable, F|100/100
|move|p1a: Glimmora|Meteor Beam||[still]
|-prepare|p1a: Glimmora|Meteor Beam
|-boost|p1a: Glimmora|spa|1
|-enditem|p1a: Glimmora|Power Herb
|-anim|p1a: Glimmora|Meteor Beam|p2a: Clefable
|-damage|p2a: Clefable|11/100
|
|upkeep
|turn|16
|
|t:|1776136098
|move|p1a: Glimmora|Sludge Wave|p2a: Clefable
|-supereffective|p2a: Clefable
|-damage|p2a: Clefable|0 fnt
|faint|p2a: Clefable
|
|upkeep
|
|t:|1776136099
|switch|p2a: Dragonite|Dragonite, F|69/100
|turn|17
|
|t:|1776136101
|-terastallize|p2a: Dragonite|Normal
|move|p1a: Glimmora|Sludge Wave|p2a: Dragonite
|-damage|p2a: Dragonite|0 fnt
|faint|p2a: Dragonite
|
|upkeep
|-message|nfyhsueryfgius forfeited.
|
|win|mathismathin
|raw|mathismathin's rating: 1639 &rarr; <strong>1654</strong><br />(+15 for winning)
|raw|nfyhsueryfgius's rating: 1542 &rarr; <strong>1527</strong><br />(-15 for losing)
|l|☆nfyhsueryfgius
|player|p2|
