|html|<div class="broadcast-blue"><strong>[Gen 9] OU is currently suspecting Tera Blast! For information on how to participate check out the <a href="https://www.smogon.com/tools/suspects/view/200">suspect thread</a>.</strong></div>
|j|☆ZarrHaka
|j|☆Unscripted tbtest
|t:|1776044485
|gametype|singles
|player|p1|ZarrHaka|pokemaniac|1205
|player|p2|Unscripted tbtest|caitlin-masters|1192
|gen|9
|tier|[Gen 9] OU
|rated|
|rule|HP Percentage Mod: HP is shown in percentages
|rule|Endless Battle Clause: Forcing endless battles is banned
|rule|Species Clause: Limit one of each Pokémon
|rule|OHKO Clause: OHKO moves are banned
|rule|Evasion Items Clause: Evasion items are banned
|rule|Evasion Moves Clause: Evasion moves are banned
|rule|Evasion Abilities Clause: Evasion abilities are banned
|rule|Sleep Moves Clause: Sleep-inducing moves are banned
|clearpoke
|poke|p1|Thundurus-Therian, M|
|poke|p1|Iron Crown|
|poke|p1|Meowscarada, M|
|poke|p1|Lycanroc-Midnight, M|
|poke|p1|Polteageist-Antique|
|poke|p1|Talonflame, F|
|poke|p2|Iron Treads|
|poke|p2|Landorus-Therian, M|
|poke|p2|Iron Valiant|
|poke|p2|Kingambit, F|
|poke|p2|Zamazenta-*|
|poke|p2|Primarina, F|
|teampreview
|
|t:|1776044502
|teamsize|p1|6
|teamsize|p2|6
|start
|switch|p1a: Meowscarada|Meowscarada, M|100/100
|switch|p2a: Landorus|Landorus-Therian, M|100/100
|-ability|p2a: Landorus|Intimidate|boost
|-unboost|p1a: Meowscarada|atk|1
|turn|1
|
|t:|1776044512
|move|p1a: Meowscarada|Knock Off|p2a: Landorus
|-start|p1a: Meowscarada|typechange|Dark|[from] ability: Protean
|-damage|p2a: Landorus|69/100
|-damage|p1a: Meowscarada|84/100|[from] item: Rocky Helmet|[of] p2a: Landorus
|-enditem|p2a: Landorus|Rocky Helmet|[from] move: Knock Off|[of] p1a: Meowscarada
|move|p2a: Landorus|Stealth Rock|p1a: Meowscarada
|-sidestart|p1: ZarrHaka|move: Stealth Rock
|
|upkeep
|turn|2
|inactive|Battle timer is ON: inactive players will automatically lose when time's up. (requested by Unscripted tbtest)
|
|t:|1776044522
|switch|p1a: Talonflame|Talonflame, F|100/100
|move|p2a: Landorus|U-turn|p1a: Talonflame
|-resisted|p1a: Talonflame
|-crit|p1a: Talonflame
|-damage|p1a: Talonflame|93/100
|
|t:|1776044527
|switch|p2a: Primarina|Primarina, F|100/100|[from] U-turn
|
|upkeep
|turn|3
|
|t:|1776044529
|move|p1a: Talonflame|Defog|p2a: Primarina
|-unboost|p2a: Primarina|evasion|1
|-sideend|p1: ZarrHaka|Stealth Rock|[from] move: Defog|[of] p1a: Talonflame
|move|p2a: Primarina|Surf|p1a: Talonflame
|-supereffective|p1a: Talonflame
|-damage|p1a: Talonflame|0 fnt
|faint|p1a: Talonflame
|
|upkeep
|
|t:|1776044533
|switch|p1a: Meowscarada|Meowscarada, M|84/100
|turn|4
|
|t:|1776044538
|switch|p2a: Landorus|Landorus-Therian, M|69/100
|-ability|p2a: Landorus|Intimidate|boost
|-unboost|p1a: Meowscarada|atk|1
|move|p1a: Meowscarada|Triple Axel|p2a: Landorus
|-start|p1a: Meowscarada|typechange|Ice|[from] ability: Protean
|-supereffective|p2a: Landorus
|-damage|p2a: Landorus|40/100
|-supereffective|p2a: Landorus
|-damage|p2a: Landorus|0 fnt
|faint|p2a: Landorus
|-hitcount|p2: Landorus|2
|
|upkeep
|
|t:|1776044547
|switch|p2a: Iron Valiant|Iron Valiant|100/100
|turn|5
|
|t:|1776044552
|switch|p1a: Iron Crown|Iron Crown|100/100
|-enditem|p1a: Iron Crown|Booster Energy
|-activate|p1a: Iron Crown|ability: Quark Drive|[fromitem]
|-start|p1a: Iron Crown|quarkdrivedef
|move|p2a: Iron Valiant|Knock Off|p1a: Iron Crown
|-supereffective|p1a: Iron Crown
|-damage|p1a: Iron Crown|72/100
|
|upkeep
|turn|6
|
|t:|1776044563
|-end|p2a: Iron Valiant|Quark Drive|[silent]
|switch|p2a: Primarina|Primarina, F|100/100
|move|p1a: Iron Crown|Calm Mind|p1a: Iron Crown
|-boost|p1a: Iron Crown|spa|1
|-boost|p1a: Iron Crown|spd|1
|
|upkeep
|turn|7
|
|t:|1776044580
|move|p1a: Iron Crown|Tachyon Cutter|p2a: Primarina
|-damage|p2a: Primarina|77/100
|-damage|p2a: Primarina|53/100
|-hitcount|p2a: Primarina|2
|move|p2a: Primarina|Surf|p1a: Iron Crown
|-damage|p1a: Iron Crown|41/100
|
|upkeep
|turn|8
|
|t:|1776044591
|move|p1a: Iron Crown|Calm Mind|p1a: Iron Crown
|-boost|p1a: Iron Crown|spa|1
|-boost|p1a: Iron Crown|spd|1
|move|p2a: Primarina|Surf|p1a: Iron Crown
|-damage|p1a: Iron Crown|18/100
|
|upkeep
|turn|9
|
|t:|1776044595
|move|p1a: Iron Crown|Tachyon Cutter|p2a: Primarina
|-damage|p2a: Primarina|23/100
|-damage|p2a: Primarina|0 fnt
|faint|p2a: Primarina
|-hitcount|p2: Primarina|2
|
|upkeep
|
|t:|1776044598
|switch|p2a: Iron Treads|Iron Treads|100/100
|-enditem|p2a: Iron Treads|Booster Energy
|-activate|p2a: Iron Treads|ability: Quark Drive|[fromitem]
|-start|p2a: Iron Treads|quarkdrivespe
|turn|10
|
|t:|1776044612
|move|p2a: Iron Treads|Earthquake|p1a: Iron Crown
|-supereffective|p1a: Iron Crown
|-damage|p1a: Iron Crown|0 fnt
|faint|p1a: Iron Crown
|-end|p1a: Iron Crown|Quark Drive|[silent]
|
|upkeep
|
|t:|1776044620
|switch|p1a: Lycanroc|Lycanroc-Midnight, M, shiny|100/100
|turn|11
|
|t:|1776044626
|-terastallize|p1a: Lycanroc|Bug
|move|p2a: Iron Treads|Iron Head|p1a: Lycanroc
|-damage|p1a: Lycanroc|71/100
|move|p1a: Lycanroc|Bulk Up|p1a: Lycanroc
|-boost|p1a: Lycanroc|atk|1
|-boost|p1a: Lycanroc|def|1
|
|upkeep
|turn|12
|
|t:|1776044632
|-end|p2a: Iron Treads|Quark Drive|[silent]
|switch|p2a: Zamazenta|Zamazenta|100/100
|-ability|p2a: Zamazenta|Dauntless Shield|boost
|-boost|p2a: Zamazenta|def|1
|move|p1a: Lycanroc|Bulk Up|p1a: Lycanroc
|-boost|p1a: Lycanroc|atk|1
|-boost|p1a: Lycanroc|def|1
|
|upkeep
|turn|13
|
|t:|1776044646
|move|p1a: Lycanroc|Bulk Up|p1a: Lycanroc
|-boost|p1a: Lycanroc|atk|1
|-boost|p1a: Lycanroc|def|1
|move|p2a: Zamazenta|Roar|p1a: Lycanroc
|drag|p1a: Meowscarada|Meowscarada, M|84/100
|
|upkeep
|turn|14
|
|t:|1776044652
|move|p2a: Zamazenta|Body Press|p1a: Meowscarada
|-supereffective|p1a: Meowscarada
|-damage|p1a: Meowscarada|0 fnt
|faint|p1a: Meowscarada
|
|upkeep
|
|t:|1776044655
|switch|p1a: Polteageist|Polteageist-Antique|100/100
|turn|15
|
|t:|1776044658
|move|p1a: Polteageist|Psychic|p2a: Zamazenta
|-supereffective|p2a: Zamazenta
|-crit|p2a: Zamazenta
|-damage|p2a: Zamazenta|20/100
|move|p2a: Zamazenta|Roar|p1a: Polteageist
|drag|p1a: Lycanroc|Lycanroc-Midnight, M, shiny, tera:Bug|71/100
|
|-heal|p2a: Zamazenta|26/100|[from] item: Leftovers
|upkeep
|turn|16
|
|t:|1776044664
|move|p2a: Zamazenta|Body Press|p1a: Lycanroc
|-resisted|p1a: Lycanroc
|-damage|p1a: Lycanroc|50/100
|move|p1a: Lycanroc|Stone Edge|p2a: Zamazenta
|-resisted|p2a: Zamazenta
|-damage|p2a: Zamazenta|17/100
|
|-heal|p2a: Zamazenta|23/100|[from] item: Leftovers
|upkeep
|turn|17
|
|t:|1776044671
|move|p2a: Zamazenta|Iron Defense|p2a: Zamazenta
|-boost|p2a: Zamazenta|def|2
|move|p1a: Lycanroc|Counter||[still]
|-fail|p1a: Lycanroc
|
|-heal|p2a: Zamazenta|29/100|[from] item: Leftovers
|upkeep
|turn|18
|
|t:|1776044675
|switch|p1a: Polteageist|Polteageist-Antique|100/100
|move|p2a: Zamazenta|Body Press|p1a: Polteageist
|-immune|p1a: Polteageist
|
|-heal|p2a: Zamazenta|36/100|[from] item: Leftovers
|upkeep
|turn|19
|
|t:|1776044680
|move|p2a: Zamazenta|Crunch|p1a: Polteageist
|-supereffective|p1a: Polteageist
|-crit|p1a: Polteageist
|-damage|p1a: Polteageist|3/100
|move|p1a: Polteageist|Psychic|p2a: Zamazenta
|-supereffective|p2a: Zamazenta
|-damage|p2a: Zamazenta|0 fnt
|faint|p2a: Zamazenta
|
|upkeep
|
|t:|1776044685
|switch|p2a: Iron Valiant|Iron Valiant|100/100
|turn|20
|
|t:|1776044688
|switch|p1a: Lycanroc|Lycanroc-Midnight, M, shiny, tera:Bug|50/100
|move|p2a: Iron Valiant|Moonblast|p1a: Lycanroc
|-damage|p1a: Lycanroc|0 fnt
|faint|p1a: Lycanroc
|
|upkeep
|
|t:|1776044692
|switch|p1a: Thundurus|Thundurus-Therian, M|100/100
|turn|21
|
|t:|1776044711
|move|p1a: Thundurus|Flash Cannon|p2a: Iron Valiant
|-supereffective|p2a: Iron Valiant
|-damage|p2a: Iron Valiant|0 fnt
|faint|p2a: Iron Valiant
|-end|p2a: Iron Valiant|Quark Drive|[silent]
|
|upkeep
|
|t:|1776044712
|switch|p2a: Iron Treads|Iron Treads|100/100
|turn|22
|
|t:|1776044715
|switch|p1a: Polteageist|Polteageist-Antique|3/100
|move|p2a: Iron Treads|Ice Spinner|p1a: Polteageist
|-damage|p1a: Polteageist|0 fnt
|faint|p1a: Polteageist
|
|upkeep
|
|t:|1776044720
|switch|p1a: Thundurus|Thundurus-Therian, M|100/100
|turn|23
|
|t:|1776044721
|move|p1a: Thundurus|Focus Blast|p2a: Iron Treads|[miss]
|-miss|p1a: Thundurus|p2a: Iron Treads
|move|p2a: Iron Treads|Ice Spinner|p1a: Thundurus
|-supereffective|p1a: Thundurus
|-damage|p1a: Thundurus|27/100
|
|upkeep
|turn|24
|
|t:|1776044724
|move|p1a: Thundurus|Focus Blast|p2a: Iron Treads
|-supereffective|p2a: Iron Treads
|-damage|p2a: Iron Treads|0 fnt
|faint|p2a: Iron Treads
|-end|p2a: Iron Treads|Quark Drive|[silent]
|
|upkeep
|
|t:|1776044726
|switch|p2a: Kingambit|Kingambit, F|100/100
|-activate|p2a: Kingambit|ability: Supreme Overlord
|-start|p2a: Kingambit|fallen5|[silent]
|turn|25
|
|t:|1776044730
|move|p2a: Kingambit|Sucker Punch|p1a: Thundurus
|-crit|p1a: Thundurus
|-damage|p1a: Thundurus|0 fnt
|faint|p1a: Thundurus
|
|win|Unscripted tbtest
|raw|ZarrHaka's rating: 1205 &rarr; <strong>1181</strong><br />(-24 for losing)
|raw|Unscripted tbtest's rating: 1219 &rarr; <strong>1243</strong><br />(+24 for winning)
|l|☆ZarrHaka
|player|p1|
|l|☆Unscripted tbtest
|player|p2|
