|html|<div class="broadcast-blue"><strong>[Gen 9] OU is currently suspecting Tera Blast! For information on how to participate check out the <a href="https://www.smogon.com/tools/suspects/view/200">suspect thread</a>.</strong></div>
|j|☆Underquill
|j|☆Anchor9
|t:|1776110398
|gametype|singles
|player|p1|Underquill|101|1463
|player|p2|Anchor9|silver|1479
|gen|9
|tier|[Gen 9] OU
|rated|
|rule|HP Percentage Mod: HP is shown in percentages
|rule|Endless Battle Clause: Forcing endless battles is banned
|rule|Species Clause: Limit one of each Pokémon
|rule|OHKO Clause: OHKO moves are banned
|rule|Evasion Items Clause: Evasion items are banned
|rule|Evasion Moves Clause: Evasion moves are banned
|rule|Evasion Abilities Clause: Evasion abilities are banned
|rule|Sleep Moves Clause: Sleep-inducing moves are banned
|clearpoke
|poke|p1|Lapras, M|
|poke|p1|Dragapult, M|
|poke|p1|Glimmora, M|
|poke|p1|Moltres|
|poke|p1|Scizor, F|
|poke|p1|Great Tusk|
|poke|p2|Araquanid, F|
|poke|p2|Ampharos, F|
|poke|p2|Dragonite, F|
|poke|p2|Gholdengo|
|poke|p2|Kyurem|
|poke|p2|Great Tusk|
|teampreview
|inactive|Battle timer is ON: inactive players will automatically lose when time's up. (requested by Anchor9)
|inactive|Underquill also wants the timer to be on.
|
|t:|1776110414
|teamsize|p1|6
|teamsize|p2|6
|start
|switch|p1a: Glimmora|Glimmora, M|100/100
|switch|p2a: Araquanid|Araquanid, F|100/100
|turn|1
|
|t:|1776110422
|move|p2a: Araquanid|Endure|p2a: Araquanid
|-singleturn|p2a: Araquanid|move: Endure
|move|p1a: Glimmora|Stealth Rock|p2a: Araquanid
|-sidestart|p2: Anchor9|move: Stealth Rock
|
|upkeep
|turn|2
|
|t:|1776110428
|move|p1a: Glimmora|Power Gem|p2a: Araquanid
|-supereffective|p2a: Araquanid
|-damage|p2a: Araquanid|36/100
|move|p2a: Araquanid|Sticky Web|p1a: Glimmora
|-sidestart|p1: Underquill|move: Sticky Web
|
|upkeep
|turn|3
|
|t:|1776110435
|switch|p2a: Gholdengo|Gholdengo|100/100
|-damage|p2a: Gholdengo|94/100|[from] Stealth Rock
|-item|p2a: Gholdengo|Air Balloon
|move|p1a: Glimmora|Mortal Spin|p2a: Gholdengo
|-immune|p2a: Gholdengo
|
|upkeep
|turn|4
|
|t:|1776110441
|move|p1a: Glimmora|Power Gem|p2a: Gholdengo
|-resisted|p2a: Gholdengo
|-damage|p2a: Gholdengo|71/100
|-enditem|p2a: Gholdengo|Air Balloon
|move|p2a: Gholdengo|Shadow Ball|p1a: Glimmora
|-damage|p1a: Glimmora|35/100
|-unboost|p1a: Glimmora|spd|1
|
|upkeep
|turn|5
|
|t:|1776110455
|switch|p1a: Moltres|Moltres|100/100
|move|p2a: Gholdengo|Shadow Ball|p1a: Moltres
|-damage|p1a: Moltres|67/100
|
|upkeep
|turn|6
|
|t:|1776110461
|switch|p2a: Araquanid|Araquanid, F|36/100
|-damage|p2a: Araquanid|11/100|[from] Stealth Rock
|move|p1a: Moltres|Flamethrower|p2a: Araquanid
|-damage|p2a: Araquanid|0 fnt
|faint|p2a: Araquanid
|
|upkeep
|
|t:|1776110467
|switch|p2a: Ampharos|Ampharos, F|100/100
|-damage|p2a: Ampharos|88/100|[from] Stealth Rock
|turn|7
|
|t:|1776110476
|switch|p1a: Great Tusk|Great Tusk|100/100
|-activate|p1a: Great Tusk|move: Sticky Web
|-unboost|p1a: Great Tusk|spe|1
|-enditem|p1a: Great Tusk|Booster Energy
|-activate|p1a: Great Tusk|ability: Protosynthesis|[fromitem]
|-start|p1a: Great Tusk|protosynthesisatk
|move|p2a: Ampharos|Meteor Beam||[still]
|-prepare|p2a: Ampharos|Meteor Beam
|-boost|p2a: Ampharos|spa|1
|-enditem|p2a: Ampharos|Power Herb
|-anim|p2a: Ampharos|Meteor Beam|p1a: Great Tusk
|-resisted|p1a: Great Tusk
|-damage|p1a: Great Tusk|85/100
|
|upkeep
|turn|8
|
|t:|1776110482
|move|p2a: Ampharos|Dazzling Gleam|p1a: Great Tusk
|-supereffective|p1a: Great Tusk
|-damage|p1a: Great Tusk|0 fnt
|faint|p1a: Great Tusk
|-end|p1a: Great Tusk|Protosynthesis|[silent]
|
|upkeep
|
|t:|1776110507
|switch|p1a: Dragapult|Dragapult, M|100/100
|-activate|p1a: Dragapult|move: Sticky Web
|-fail|p1a: Dragapult|unboost|[from] ability: Clear Body|[of] p1a: Dragapult
|turn|9
|
|t:|1776110512
|-terastallize|p1a: Dragapult|Ghost
|-terastallize|p2a: Ampharos|Fairy
|move|p1a: Dragapult|Dragon Dance|p1a: Dragapult
|-boost|p1a: Dragapult|atk|1
|-boost|p1a: Dragapult|spe|1
|move|p2a: Ampharos|Agility|p2a: Ampharos
|-boost|p2a: Ampharos|spe|2
|
|upkeep
|turn|10
|
|t:|1776110528
|move|p1a: Dragapult|Phantom Force||[still]
|-prepare|p1a: Dragapult|Phantom Force
|move|p2a: Ampharos|Thunderbolt|p1a: Dragapult|[miss]
|-miss|p2a: Ampharos|p1a: Dragapult
|
|upkeep
|turn|11
|
|t:|1776110534
|move|p1a: Dragapult|Phantom Force|p2a: Ampharos|[from] lockedmove
|-damage|p2a: Ampharos|0 fnt
|faint|p2a: Ampharos
|
|upkeep
|
|t:|1776110560
|switch|p2a: Great Tusk|Great Tusk|100/100
|-damage|p2a: Great Tusk|98/100|[from] Stealth Rock
|-enditem|p2a: Great Tusk|Booster Energy
|-activate|p2a: Great Tusk|ability: Protosynthesis|[fromitem]
|-start|p2a: Great Tusk|protosynthesisspe
|turn|12
|
|t:|1776110581
|switch|p1a: Moltres|Moltres|67/100
|move|p2a: Great Tusk|Bulk Up|p2a: Great Tusk
|-boost|p2a: Great Tusk|atk|1
|-boost|p2a: Great Tusk|def|1
|
|upkeep
|turn|13
|
|t:|1776110590
|move|p2a: Great Tusk|Rapid Spin|p1a: Moltres
|-damage|p1a: Moltres|45/100
|-boost|p2a: Great Tusk|spe|1
|-sideend|p2: Anchor9|Stealth Rock|[from] move: Rapid Spin|[of] p2a: Great Tusk
|move|p1a: Moltres|Will-O-Wisp|p2a: Great Tusk
|-status|p2a: Great Tusk|brn
|
|-damage|p2a: Great Tusk|91/100 brn|[from] brn
|upkeep
|turn|14
|
|t:|1776110601
|move|p2a: Great Tusk|Bulk Up|p2a: Great Tusk
|-boost|p2a: Great Tusk|atk|1
|-boost|p2a: Great Tusk|def|1
|move|p1a: Moltres|Flamethrower|p2a: Great Tusk
|-damage|p2a: Great Tusk|39/100 brn
|
|-damage|p2a: Great Tusk|32/100 brn|[from] brn
|upkeep
|turn|15
|
|t:|1776110614
|move|p2a: Great Tusk|Ice Spinner|p1a: Moltres
|-damage|p1a: Moltres|20/100
|move|p1a: Moltres|Roost|p1a: Moltres
|-heal|p1a: Moltres|70/100
|-singleturn|p1a: Moltres|move: Roost
|
|-damage|p2a: Great Tusk|26/100 brn|[from] brn
|upkeep
|turn|16
|
|t:|1776110621
|move|p2a: Great Tusk|Ice Spinner|p1a: Moltres
|-damage|p1a: Moltres|46/100
|move|p1a: Moltres|Flamethrower|p2a: Great Tusk
|-damage|p2a: Great Tusk|0 fnt
|faint|p2a: Great Tusk
|-end|p2a: Great Tusk|Protosynthesis|[silent]
|
|upkeep
|
|t:|1776110636
|switch|p2a: Kyurem|Kyurem|100/100
|-ability|p2a: Kyurem|Pressure
|turn|17
|
|t:|1776110644
|move|p2a: Kyurem|Dragon Dance|p2a: Kyurem
|-boost|p2a: Kyurem|atk|1
|-boost|p2a: Kyurem|spe|1
|move|p1a: Moltres|Flamethrower|p2a: Kyurem
|-damage|p2a: Kyurem|62/100
|
|upkeep
|turn|18
|
|t:|1776110650
|move|p2a: Kyurem|Freeze-Dry|p1a: Moltres
|-damage|p1a: Moltres|15/100
|move|p1a: Moltres|Will-O-Wisp|p2a: Kyurem
|-status|p2a: Kyurem|brn
|
|-damage|p2a: Kyurem|56/100 brn|[from] brn
|upkeep
|turn|19
|
|t:|1776110658
|move|p2a: Kyurem|Freeze-Dry|p1a: Moltres
|-damage|p1a: Moltres|0 fnt
|faint|p1a: Moltres
|
|-damage|p2a: Kyurem|50/100 brn|[from] brn
|upkeep
|
|t:|1776110663
|switch|p1a: Scizor|Scizor, F|100/100
|-activate|p1a: Scizor|move: Sticky Web
|-unboost|p1a: Scizor|spe|1
|turn|20
|
|t:|1776110677
|move|p1a: Scizor|Bullet Punch|p2a: Kyurem
|-supereffective|p2a: Kyurem
|-damage|p2a: Kyurem|0 fnt
|faint|p2a: Kyurem
|
|upkeep
|
|t:|1776110691
|switch|p2a: Dragonite|Dragonite, F|100/100
|turn|21
|
|t:|1776110701
|switch|p1a: Glimmora|Glimmora, M|35/100
|-activate|p1a: Glimmora|move: Sticky Web
|-unboost|p1a: Glimmora|spe|1
|move|p2a: Dragonite|Dragon Dance|p2a: Dragonite
|-boost|p2a: Dragonite|atk|1
|-boost|p2a: Dragonite|spe|1
|
|upkeep
|turn|22
|
|t:|1776110707
|move|p2a: Dragonite|Earthquake|p1a: Glimmora
|-supereffective|p1a: Glimmora
|-damage|p1a: Glimmora|0 fnt
|-activate|p1a: Glimmora|ability: Toxic Debris
|-sidestart|p2: Anchor9|move: Toxic Spikes
|faint|p1a: Glimmora
|
|upkeep
|
|t:|1776110710
|switch|p1a: Lapras|Lapras, M|100/100
|-activate|p1a: Lapras|move: Sticky Web
|-unboost|p1a: Lapras|spe|1
|turn|23
|
|t:|1776110713
|move|p2a: Dragonite|Dragon Dance|p2a: Dragonite
|-boost|p2a: Dragonite|atk|1
|-boost|p2a: Dragonite|spe|1
|move|p1a: Lapras|Ice Beam|p2a: Dragonite
|-supereffective|p2a: Dragonite
|-damage|p2a: Dragonite|17/100
|
|upkeep
|turn|24
|
|t:|1776110716
|move|p2a: Dragonite|Earthquake|p1a: Lapras
|-damage|p1a: Lapras|28/100
|move|p1a: Lapras|Ice Beam|p2a: Dragonite
|-supereffective|p2a: Dragonite
|-damage|p2a: Dragonite|0 fnt
|faint|p2a: Dragonite
|
|-heal|p1a: Lapras|35/100|[from] item: Leftovers
|upkeep
|
|t:|1776110718
|switch|p2a: Gholdengo|Gholdengo|71/100
|turn|25
|-message|Anchor9 forfeited.
|
|win|Underquill
|raw|Underquill's rating: 1463 &rarr; <strong>1483</strong><br />(+20 for winning)
|raw|Anchor9's rating: 1463 &rarr; <strong>1443</strong><br />(-20 for losing)
|l|☆Anchor9
|player|p2|
|l|☆Underquill
|player|p1|
