|html|<div class="broadcast-blue"><strong>[Gen 9] OU is currently suspecting Tera Blast! For information on how to participate check out the <a href="https://www.smogon.com/tools/suspects/view/200">suspect thread</a>.</strong></div>
|j|☆erennotyaeger
|j|☆mathismathin
|t:|1776101998
|gametype|singles
|player|p1|erennotyaeger|102|1702
|player|p2|mathismathin|bugsy-masters|1826
|gen|9
|tier|[Gen 9] OU
|rated|
|rule|HP Percentage Mod: HP is shown in percentages
|rule|Endless Battle Clause: Forcing endless battles is banned
|rule|Species Clause: Limit one of each Pokémon
|rule|OHKO Clause: OHKO moves are banned
|rule|Evasion Items Clause: Evasion items are banned
|rule|Evasion Moves Clause: Evasion moves are banned
|rule|Evasion Abilities Clause: Evasion abilities are banned
|rule|Sleep Moves Clause: Sleep-inducing moves are banned
|clearpoke
|poke|p1|Dragapult, F|
|poke|p1|Alomomola, F|
|poke|p1|Ting-Lu|
|poke|p1|Kyurem|
|poke|p1|Weezing-Galar, F|
|poke|p1|Corviknight, F|
|poke|p2|Enamorus, F|
|poke|p2|Scizor, F|
|poke|p2|Alomomola, M|
|poke|p2|Ditto|
|poke|p2|Maushold-Four|
|poke|p2|Great Tusk|
|teampreview
|j| loen_64
|
|t:|1776102023
|teamsize|p1|6
|teamsize|p2|6
|start
|switch|p1a: Moody Blues|Dragapult, F|100/100
|switch|p2a: Enamorus|Enamorus, F|100/100
|turn|1
|inactive|Battle timer is ON: inactive players will automatically lose when time's up. (requested by erennotyaeger)
|
|t:|1776102031
|switch|p1a: Corviknight|Corviknight, F|100/100
|-ability|p1a: Corviknight|Pressure
|-terastallize|p2a: Enamorus|Fairy
|move|p2a: Enamorus|Moonblast|p1a: Corviknight
|-resisted|p1a: Corviknight
|-crit|p1a: Corviknight
|-damage|p1a: Corviknight|52/100
|
|-heal|p1a: Corviknight|59/100|[from] item: Leftovers
|upkeep
|turn|2
|
|t:|1776102042
|switch|p2a: Scizor|Scizor, F|100/100
|move|p1a: Corviknight|U-turn|p2a: Scizor
|-resisted|p2a: Scizor
|-damage|p2a: Scizor|92/100
|
|t:|1776102049
|switch|p1a: Fogbound Lake|Alomomola, F|100/100|[from] U-turn
|
|upkeep
|turn|3
|
|t:|1776102063
|move|p2a: Scizor|Knock Off|p1a: Fogbound Lake
|-damage|p1a: Fogbound Lake|68/100
|-damage|p2a: Scizor|76/100|[from] item: Rocky Helmet|[of] p1a: Fogbound Lake
|-enditem|p1a: Fogbound Lake|Rocky Helmet|[from] move: Knock Off|[of] p2a: Scizor
|move|p1a: Fogbound Lake|Flip Turn|p2a: Scizor
|-damage|p2a: Scizor|57/100
|
|t:|1776102068
|switch|p1a: Corviknight|Corviknight, F|59/100|[from] Flip Turn
|-ability|p1a: Corviknight|Pressure
|
|-heal|p1a: Corviknight|65/100|[from] item: Leftovers
|upkeep
|turn|4
|
|t:|1776102072
|switch|p1a: Fogbound Lake|Alomomola, F|100/100
|move|p2a: Scizor|Knock Off|p1a: Fogbound Lake
|-damage|p1a: Fogbound Lake|79/100
|
|upkeep
|turn|5
|
|t:|1776102077
|switch|p2a: Alomomola|Alomomola, M|100/100
|move|p1a: Fogbound Lake|Flip Turn|p2a: Alomomola
|-resisted|p2a: Alomomola
|-crit|p2a: Alomomola
|-damage|p2a: Alomomola|92/100
|
|t:|1776102079
|switch|p1a: Tiffany BlueStones|Kyurem, shiny|100/100|[from] Flip Turn
|-ability|p1a: Tiffany BlueStones|Pressure
|
|upkeep
|turn|6
|
|t:|1776102089
|move|p1a: Tiffany BlueStones|Substitute|p1a: Tiffany BlueStones
|-start|p1a: Tiffany BlueStones|Substitute
|-damage|p1a: Tiffany BlueStones|76/100
|move|p2a: Alomomola|Mirror Coat||[still]
|-fail|p2a: Alomomola
|
|-heal|p1a: Tiffany BlueStones|82/100|[from] item: Leftovers
|upkeep
|turn|7
|
|t:|1776102098
|move|p1a: Tiffany BlueStones|Freeze-Dry|p2a: Alomomola
|-supereffective|p2a: Alomomola
|-damage|p2a: Alomomola|52/100
|move|p2a: Alomomola|Mirror Coat|p1a: Tiffany BlueStones
|-end|p1a: Tiffany BlueStones|Substitute
|
|-heal|p1a: Tiffany BlueStones|88/100|[from] item: Leftovers
|upkeep
|turn|8
|
|t:|1776102103
|move|p1a: Tiffany BlueStones|Substitute|p1a: Tiffany BlueStones
|-start|p1a: Tiffany BlueStones|Substitute
|-damage|p1a: Tiffany BlueStones|63/100
|move|p2a: Alomomola|Flip Turn|p1a: Tiffany BlueStones
|-resisted|p1a: Tiffany BlueStones
|-activate|p1a: Tiffany BlueStones|move: Substitute|[damage]
|
|t:|1776102105
|switch|p2a: Maushold|Maushold-Four|100/100|[from] Flip Turn
|
|-heal|p1a: Tiffany BlueStones|69/100|[from] item: Leftovers
|upkeep
|turn|9
|inactive|erennotyaeger has 120 seconds left.
|inactive|erennotyaeger has 90 seconds left.
|
|t:|1776102179
|switch|p1a: Fogbound Lake|Alomomola, F|100/100
|move|p2a: Maushold|Tidy Up|p2a: Maushold
|-boost|p2a: Maushold|atk|1
|-boost|p2a: Maushold|spe|1
|
|upkeep
|turn|10
|
|t:|1776102183
|move|p2a: Maushold|Population Bomb|p1a: Fogbound Lake
|-damage|p1a: Fogbound Lake|92/100
|-damage|p1a: Fogbound Lake|84/100
|-damage|p1a: Fogbound Lake|76/100
|-damage|p1a: Fogbound Lake|67/100
|-damage|p1a: Fogbound Lake|59/100
|-damage|p1a: Fogbound Lake|50/100
|-damage|p1a: Fogbound Lake|42/100
|-crit|p1a: Fogbound Lake
|-damage|p1a: Fogbound Lake|30/100
|-damage|p1a: Fogbound Lake|22/100
|-damage|p1a: Fogbound Lake|12/100
|-hitcount|p1a: Fogbound Lake|10
|move|p1a: Fogbound Lake|Flip Turn|p2a: Maushold
|-damage|p2a: Maushold|75/100
|inactive|erennotyaeger has 90 seconds left.
|
|t:|1776102201
|switch|p1a: Tiffany BlueStones|Kyurem, shiny|69/100|[from] Flip Turn
|-ability|p1a: Tiffany BlueStones|Pressure
|
|-heal|p1a: Tiffany BlueStones|75/100|[from] item: Leftovers
|upkeep
|turn|11
|
|t:|1776102206
|-terastallize|p1a: Tiffany BlueStones|Steel
|move|p2a: Maushold|Tidy Up|p2a: Maushold
|-boost|p2a: Maushold|atk|1
|-boost|p2a: Maushold|spe|1
|move|p1a: Tiffany BlueStones|Flash Cannon|p2a: Maushold
|-damage|p2a: Maushold|14/100
|
|-heal|p1a: Tiffany BlueStones|82/100|[from] item: Leftovers
|upkeep
|turn|12
|
|t:|1776102214
|move|p2a: Maushold|Population Bomb|p1a: Tiffany BlueStones
|-resisted|p1a: Tiffany BlueStones
|-damage|p1a: Tiffany BlueStones|72/100
|-resisted|p1a: Tiffany BlueStones
|-damage|p1a: Tiffany BlueStones|63/100
|-resisted|p1a: Tiffany BlueStones
|-damage|p1a: Tiffany BlueStones|54/100
|-resisted|p1a: Tiffany BlueStones
|-damage|p1a: Tiffany BlueStones|44/100
|-resisted|p1a: Tiffany BlueStones
|-damage|p1a: Tiffany BlueStones|35/100
|-resisted|p1a: Tiffany BlueStones
|-crit|p1a: Tiffany BlueStones
|-damage|p1a: Tiffany BlueStones|21/100
|-resisted|p1a: Tiffany BlueStones
|-damage|p1a: Tiffany BlueStones|10/100
|-resisted|p1a: Tiffany BlueStones
|-damage|p1a: Tiffany BlueStones|1/100
|-resisted|p1a: Tiffany BlueStones
|-damage|p1a: Tiffany BlueStones|0 fnt
|faint|p1a: Tiffany BlueStones
|-hitcount|p1: Tiffany BlueStones|9
|
|upkeep
|
|t:|1776102223
|switch|p1a: Weezing|Weezing-Galar, F|100/100
|-ability|p1a: Weezing|Neutralizing Gas
|turn|13
|
|t:|1776102229
|move|p2a: Maushold|Population Bomb|p1a: Weezing
|-damage|p1a: Weezing|91/100
|-damage|p1a: Weezing|80/100
|-damage|p1a: Weezing|70/100
|-damage|p1a: Weezing|59/100
|-damage|p1a: Weezing|49/100
|-damage|p1a: Weezing|39/100
|-damage|p1a: Weezing|28/100
|-damage|p1a: Weezing|19/100
|-damage|p1a: Weezing|7/100
|-damage|p1a: Weezing|0 fnt
|faint|p1a: Weezing
|-end|p1a: Weezing|ability: Neutralizing Gas
|-hitcount|p1: Weezing|10
|
|upkeep
|-message|erennotyaeger forfeited.
|
|win|mathismathin
|raw|erennotyaeger's rating: 1702 &rarr; <strong>1689</strong><br />(-13 for losing)
|raw|mathismathin's rating: 1826 &rarr; <strong>1839</strong><br />(+13 for winning)
|l|☆erennotyaeger
|player|p1|
|l| loen_64
