|html|<div class="broadcast-blue"><strong>[Gen 9] OU is currently suspecting Tera Blast! For information on how to participate check out the <a href="https://www.smogon.com/tools/suspects/view/200">suspect thread</a>.</strong></div>
|j|☆ItzNotTranq
|j|☆sixludicolos
|t:|1776065666
|gametype|singles
|player|p1|ItzNotTranq|265|1102
|player|p2|sixludicolos|roxie|1157
|gen|9
|tier|[Gen 9] OU
|rated|
|rule|HP Percentage Mod: HP is shown in percentages
|rule|Endless Battle Clause: Forcing endless battles is banned
|rule|Species Clause: Limit one of each Pokémon
|rule|OHKO Clause: OHKO moves are banned
|rule|Evasion Items Clause: Evasion items are banned
|rule|Evasion Moves Clause: Evasion moves are banned
|rule|Evasion Abilities Clause: Evasion abilities are banned
|rule|Sleep Moves Clause: Sleep-inducing moves are banned
|clearpoke
|poke|p1|Raging Bolt|
|poke|p1|Great Tusk|
|poke|p1|Walking Wake|
|poke|p1|Kingambit, F|
|poke|p1|Venusaur, F|
|poke|p1|Ninetales, M|
|poke|p2|Pelipper, M|
|poke|p2|Hatterene, F|
|poke|p2|Iron Treads|
|poke|p2|Toxicroak, M|
|poke|p2|Barraskewda, M|
|poke|p2|Zapdos|
|teampreview
|c|☆sixludicolos|god i hate you
|c|☆ItzNotTranq|ur playing rain
|c|☆ItzNotTranq|weather battle
|c|☆sixludicolos|like not as a person but as an achetype
|c|☆ItzNotTranq|its ok dry skin toxi
|c|☆ItzNotTranq|swift swim barra
|c|☆sixludicolos|stfu
|
|t:|1776065714
|teamsize|p1|6
|teamsize|p2|6
|start
|switch|p1a: Walking Wake|Walking Wake|100/100
|switch|p2a: Abram|Iron Treads|100/100
|turn|1
|
|t:|1776065737
|move|p1a: Walking Wake|Hydro Steam|p2a: Abram
|-supereffective|p2a: Abram
|-damage|p2a: Abram|29/100
|move|p2a: Abram|Stealth Rock|p1a: Walking Wake
|-sidestart|p1: ItzNotTranq|move: Stealth Rock
|
|-heal|p2a: Abram|35/100|[from] item: Leftovers
|upkeep
|turn|2
|
|t:|1776065749
|-end|p2a: Abram|Quark Drive|[silent]
|switch|p2a: Tajiri|Toxicroak, M, shiny|100/100
|move|p1a: Walking Wake|Hydro Steam|p2a: Tajiri
|-immune|p2a: Tajiri|[from] ability: Dry Skin
|
|upkeep
|turn|3
|
|t:|1776065755
|move|p1a: Walking Wake|Draco Meteor|p2a: Tajiri
|-damage|p2a: Tajiri|13/100
|-unboost|p1a: Walking Wake|spa|2
|move|p2a: Tajiri|Toxic|p1a: Walking Wake
|-status|p1a: Walking Wake|tox
|
|-heal|p2a: Tajiri|19/100|[from] item: Leftovers
|-damage|p1a: Walking Wake|94/100 tox|[from] psn
|upkeep
|turn|4
|
|t:|1776065768
|-end|p1a: Walking Wake|Protosynthesis|[silent]
|switch|p1a: Ninetales|Ninetales, M|100/100
|-damage|p1a: Ninetales|76/100|[from] Stealth Rock
|-weather|SunnyDay|[from] ability: Drought|[of] p1a: Ninetales
|switch|p2a: Nigel|Pelipper, M, shiny|100/100
|-weather|RainDance|[from] ability: Drizzle|[of] p2a: Nigel
|
|-weather|RainDance|[upkeep]
|upkeep
|turn|5
|
|t:|1776065779
|switch|p1a: Raging Bolt|Raging Bolt|100/100
|-damage|p1a: Raging Bolt|88/100|[from] Stealth Rock
|-item|p1a: Raging Bolt|Air Balloon
|move|p2a: Nigel|U-turn|p1a: Raging Bolt
|-damage|p1a: Raging Bolt|79/100
|-enditem|p1a: Raging Bolt|Air Balloon
|c|☆ItzNotTranq|frick
|
|t:|1776065804
|switch|p2a: Tajiri|Toxicroak, M, shiny|19/100|[from] U-turn
|
|-weather|RainDance|[upkeep]
|-heal|p2a: Tajiri|32/100|[from] ability: Dry Skin
|-heal|p2a: Tajiri|38/100|[from] item: Leftovers
|upkeep
|turn|6
|
|t:|1776065814
|move|p2a: Tajiri|Protect|p2a: Tajiri
|-singleturn|p2a: Tajiri|Protect
|move|p1a: Raging Bolt|Thunderclap||[still]
|-fail|p1a: Raging Bolt
|
|-weather|RainDance|[upkeep]
|-heal|p2a: Tajiri|51/100|[from] ability: Dry Skin
|-heal|p2a: Tajiri|57/100|[from] item: Leftovers
|upkeep
|turn|7
|
|t:|1776065826
|move|p1a: Raging Bolt|Calm Mind|p1a: Raging Bolt
|-boost|p1a: Raging Bolt|spa|1
|-boost|p1a: Raging Bolt|spd|1
|move|p2a: Tajiri|Toxic|p1a: Raging Bolt
|-status|p1a: Raging Bolt|tox
|
|-weather|RainDance|[upkeep]
|-heal|p2a: Tajiri|69/100|[from] ability: Dry Skin
|-heal|p2a: Tajiri|76/100|[from] item: Leftovers
|-damage|p1a: Raging Bolt|73/100 tox|[from] psn
|upkeep
|turn|8
|
|t:|1776065838
|move|p1a: Raging Bolt|Calm Mind|p1a: Raging Bolt
|-boost|p1a: Raging Bolt|spa|1
|-boost|p1a: Raging Bolt|spd|1
|move|p2a: Tajiri|Drain Punch|p1a: Raging Bolt
|-damage|p1a: Raging Bolt|49/100 tox
|-heal|p2a: Tajiri|88/100|[from] drain|[of] p1a: Raging Bolt
|
|-weather|RainDance|[upkeep]
|-heal|p2a: Tajiri|100/100|[from] ability: Dry Skin
|-damage|p1a: Raging Bolt|37/100 tox|[from] psn
|upkeep
|turn|9
|
|t:|1776065855
|move|p1a: Raging Bolt|Thunderbolt|p2a: Tajiri
|-damage|p2a: Tajiri|0 fnt
|faint|p2a: Tajiri
|
|-weather|RainDance|[upkeep]
|-damage|p1a: Raging Bolt|19/100 tox|[from] psn
|upkeep
|
|t:|1776065867
|switch|p2a: Aguilar|Barraskewda, M, shiny|100/100
|turn|10
|
|t:|1776065872
|switch|p2a: Virgil|Zapdos|100/100
|move|p1a: Raging Bolt|Thunderclap||[still]
|-fail|p1a: Raging Bolt
|
|-weather|RainDance|[upkeep]
|-damage|p1a: Raging Bolt|0 fnt|[from] psn
|faint|p1a: Raging Bolt
|-end|p1a: Raging Bolt|Protosynthesis|[silent]
|upkeep
|c|☆sixludicolos|ha
|
|t:|1776065885
|switch|p1a: Ninetales|Ninetales, M|76/100
|-damage|p1a: Ninetales|51/100|[from] Stealth Rock
|-weather|SunnyDay|[from] ability: Drought|[of] p1a: Ninetales
|turn|11
|c|☆ItzNotTranq|wpwpwp
|c|☆ItzNotTranq|im js bunions
|
|t:|1776065907
|move|p2a: Virgil|Volt Switch|p1a: Ninetales
|-damage|p1a: Ninetales|0 fnt
|faint|p1a: Ninetales
|c|☆sixludicolos|man there's just so many mons now that are just
|c|☆sixludicolos|sun mons, suddenly
|c|☆ItzNotTranq|ahhh
|c|☆ItzNotTranq|yeah
|c|☆ItzNotTranq|im playing like ahh
|c|☆ItzNotTranq|js go into pelliper and win
|c|☆ItzNotTranq|i can't set up sun anymore
|c|☆sixludicolos|People flock to them, but they don't know how to use them
|c|☆sixludicolos|You can relate.
|c|☆ItzNotTranq|yeah i can
|c|☆ItzNotTranq|ik im bad
|c|☆ItzNotTranq|its ok
|
|t:|1776065965
|switch|p2a: Nigel|Pelipper, M, shiny|100/100|[from] Volt Switch
|-weather|RainDance|[from] ability: Drizzle|[of] p2a: Nigel
|
|-weather|RainDance|[upkeep]
|upkeep
|
|t:|1776065979
|switch|p1a: Walking Wake|Walking Wake|94/100 tox
|-damage|p1a: Walking Wake|82/100 tox|[from] Stealth Rock
|turn|12
|
|t:|1776065989
|move|p1a: Walking Wake|Hydro Steam|p2a: Nigel
|-resisted|p2a: Nigel
|-damage|p2a: Nigel|68/100
|move|p2a: Nigel|U-turn|p1a: Walking Wake
|-damage|p1a: Walking Wake|72/100 tox
|
|t:|1776065998
|switch|p2a: Aguilar|Barraskewda, M, shiny|100/100|[from] U-turn
|
|-weather|RainDance|[upkeep]
|-damage|p1a: Walking Wake|65/100 tox|[from] psn
|upkeep
|turn|13
|
|t:|1776066012
|-end|p1a: Walking Wake|Protosynthesis|[silent]
|switch|p1a: Venusaur|Venusaur, F|100/100
|-damage|p1a: Venusaur|88/100|[from] Stealth Rock
|move|p2a: Aguilar|Close Combat|p1a: Venusaur
|-resisted|p1a: Venusaur
|-damage|p1a: Venusaur|46/100
|-unboost|p2a: Aguilar|def|1
|-unboost|p2a: Aguilar|spd|1
|
|-weather|RainDance|[upkeep]
|upkeep
|turn|14
|
|t:|1776066029
|switch|p2a: Cipher|Hatterene, F|100/100
|move|p1a: Venusaur|Giga Drain|p2a: Cipher
|-damage|p2a: Cipher|56/100
|-heal|p1a: Venusaur|69/100|[from] drain|[of] p2a: Cipher
|-enditem|p2a: Cipher|Eject Button
|-damage|p1a: Venusaur|59/100|[from] item: Life Orb
|
|t:|1776066037
|switch|p2a: Virgil|Zapdos|100/100
|
|-weather|RainDance|[upkeep]
|upkeep
|turn|15
|
|t:|1776066051
|move|p2a: Virgil|Hurricane|p1a: Venusaur
|-supereffective|p1a: Venusaur
|-damage|p1a: Venusaur|0 fnt
|faint|p1a: Venusaur
|
|-weather|RainDance|[upkeep]
|upkeep
|
|t:|1776066064
|switch|p1a: Walking Wake|Walking Wake|65/100 tox
|-damage|p1a: Walking Wake|53/100 tox|[from] Stealth Rock
|turn|16
|c|☆sixludicolos|Rain is serperior.
|
|t:|1776066081
|move|p1a: Walking Wake|Draco Meteor|p2a: Virgil
|-damage|p2a: Virgil|12/100
|-unboost|p1a: Walking Wake|spa|2
|move|p2a: Virgil|Hurricane|p1a: Walking Wake
|-damage|p1a: Walking Wake|0 fnt
|faint|p1a: Walking Wake
|-end|p1a: Walking Wake|Protosynthesis|[silent]
|
|-weather|RainDance|[upkeep]
|upkeep
|c|☆ItzNotTranq|yeah
|c|☆ItzNotTranq|it is
|c|☆ItzNotTranq|bc idk what im doing
|
|t:|1776066098
|switch|p1a: Great Tusk|Great Tusk|100/100
|-damage|p1a: Great Tusk|98/100|[from] Stealth Rock
|turn|17
|c|☆sixludicolos|Nah nah nah
|c|☆sixludicolos|You don't know what you're doing, keep running sun
|c|☆sixludicolos|Cause if you run rain and you don't know what you're doing?
|c|☆sixludicolos|Ogerpon W fucks you.
|c|☆ItzNotTranq|ts low elo its not that deep
|
|t:|1776066151
|move|p2a: Virgil|Hurricane|p1a: Great Tusk
|-supereffective|p1a: Great Tusk
|-damage|p1a: Great Tusk|0 fnt
|faint|p1a: Great Tusk
|-end|p1a: Great Tusk|Protosynthesis|[silent]
|
|-weather|RainDance|[upkeep]
|upkeep
|
|t:|1776066156
|switch|p1a: Kingambit|Kingambit, F|100/100
|-damage|p1a: Kingambit|94/100|[from] Stealth Rock
|-activate|p1a: Kingambit|ability: Supreme Overlord
|-start|p1a: Kingambit|fallen5|[silent]
|-item|p1a: Kingambit|Air Balloon
|turn|18
|c|☆sixludicolos|It's as deep as I make it.
|c|☆ItzNotTranq|yo pause
|
|t:|1776066175
|switch|p2a: Cipher|Hatterene, F|56/100
|move|p1a: Kingambit|Swords Dance|p1a: Kingambit
|-boost|p1a: Kingambit|atk|2
|
|-weather|none
|upkeep
|turn|19
|
|t:|1776066197
|move|p1a: Kingambit|Iron Head|p2a: Cipher
|-supereffective|p2a: Cipher
|-damage|p2a: Cipher|0 fnt
|faint|p2a: Cipher
|
|upkeep
|
|t:|1776066206
|switch|p2a: Nigel|Pelipper, M, shiny|68/100
|-weather|RainDance|[from] ability: Drizzle|[of] p2a: Nigel
|turn|20
|
|t:|1776066222
|move|p1a: Kingambit|Sucker Punch|p2a: Nigel
|-damage|p2a: Nigel|0 fnt
|faint|p2a: Nigel
|
|-weather|RainDance|[upkeep]
|upkeep
|
|t:|1776066234
|switch|p2a: Aguilar|Barraskewda, M, shiny|100/100
|turn|21
|
|t:|1776066245
|-terastallize|p2a: Aguilar|Water
|move|p2a: Aguilar|Aqua Jet|p1a: Kingambit
|-damage|p1a: Kingambit|40/100
|-enditem|p1a: Kingambit|Air Balloon
|move|p1a: Kingambit|Swords Dance|p1a: Kingambit
|-boost|p1a: Kingambit|atk|2
|
|-weather|RainDance|[upkeep]
|upkeep
|turn|22
|
|t:|1776066254
|move|p2a: Aguilar|Aqua Jet|p1a: Kingambit
|-damage|p1a: Kingambit|0 fnt
|faint|p1a: Kingambit
|-end|p1a: Kingambit|fallen5|[silent]
|
|win|sixludicolos
