|html|<div class="broadcast-blue"><strong>[Gen 9] OU is currently suspecting Tera Blast! For information on how to participate check out the <a href="https://www.smogon.com/tools/suspects/view/200">suspect thread</a>.</strong></div>
|j|☆jakepauler1
|j|☆QuranListener91
|t:|1776233979
|gametype|singles
|player|p1|jakepauler1|giovanni|1463
|player|p2|QuranListener91|unknown|1392
|gen|9
|tier|[Gen 9] OU
|rated|
|rule|HP Percentage Mod: HP is shown in percentages
|rule|Endless Battle Clause: Forcing endless battles is banned
|rule|Species Clause: Limit one of each Pokémon
|rule|OHKO Clause: OHKO moves are banned
|rule|Evasion Items Clause: Evasion items are banned
|rule|Evasion Moves Clause: Evasion moves are banned
|rule|Evasion Abilities Clause: Evasion abilities are banned
|rule|Sleep Moves Clause: Sleep-inducing moves are banned
|clearpoke
|poke|p1|Iron Moth|
|poke|p1|Kyurem|
|poke|p1|Hatterene, F|
|poke|p1|Ogerpon-Wellspring, F|
|poke|p1|Raging Bolt|
|poke|p1|Zamazenta-*|
|poke|p2|Iron Hands|
|poke|p2|Glimmora, M|
|poke|p2|Landorus-Therian, M|
|poke|p2|Dragapult, F|
|poke|p2|Primarina, M|
|poke|p2|Kingambit, M|
|teampreview
|inactive|Battle timer is ON: inactive players will automatically lose when time's up. (requested by QuranListener91)
|
|t:|1776234001
|teamsize|p1|6
|teamsize|p2|6
|start
|switch|p1a: suspicious cabbage|Zamazenta|100/100
|switch|p2a: Iron Hands|Iron Hands|100/100
|-ability|p1a: suspicious cabbage|Dauntless Shield|boost
|-boost|p1a: suspicious cabbage|def|1
|-enditem|p2a: Iron Hands|Booster Energy
|-activate|p2a: Iron Hands|ability: Quark Drive|[fromitem]
|-start|p2a: Iron Hands|quarkdriveatk
|turn|1
|
|t:|1776234007
|move|p1a: suspicious cabbage|Reflect|p1a: suspicious cabbage
|-sidestart|p1: jakepauler1|Reflect
|move|p2a: Iron Hands|Supercell Slam|p1a: suspicious cabbage
|-damage|p1a: suspicious cabbage|82/100
|
|upkeep
|turn|2
|
|t:|1776234011
|move|p1a: suspicious cabbage|Light Screen|p1a: suspicious cabbage
|-sidestart|p1: jakepauler1|move: Light Screen
|move|p2a: Iron Hands|Supercell Slam|p1a: suspicious cabbage
|-damage|p1a: suspicious cabbage|60/100
|
|upkeep
|turn|3
|
|t:|1776234038
|switch|p1a: justin waller|Hatterene, F|100/100
|move|p2a: Iron Hands|Supercell Slam|p1a: justin waller
|-damage|p1a: justin waller|66/100
|
|-heal|p1a: justin waller|72/100|[from] item: Leftovers
|upkeep
|turn|4
|
|t:|1776234045
|move|p2a: Iron Hands|Supercell Slam|p1a: justin waller
|-damage|p1a: justin waller|39/100
|move|p1a: justin waller|Calm Mind|p1a: justin waller
|-boost|p1a: justin waller|spa|1
|-boost|p1a: justin waller|spd|1
|
|-heal|p1a: justin waller|45/100|[from] item: Leftovers
|upkeep
|turn|5
|
|t:|1776234050
|move|p2a: Iron Hands|Supercell Slam|p1a: justin waller
|-damage|p1a: justin waller|13/100
|move|p1a: justin waller|Draining Kiss|p2a: Iron Hands
|-supereffective|p2a: Iron Hands
|-damage|p2a: Iron Hands|42/100
|-heal|p1a: justin waller|77/100|[from] drain|[of] p2a: Iron Hands
|
|-heal|p1a: justin waller|83/100|[from] item: Leftovers
|upkeep
|turn|6
|
|t:|1776234055
|move|p2a: Iron Hands|Supercell Slam|p1a: justin waller
|-damage|p1a: justin waller|52/100
|move|p1a: justin waller|Calm Mind|p1a: justin waller
|-boost|p1a: justin waller|spa|1
|-boost|p1a: justin waller|spd|1
|
|-heal|p1a: justin waller|58/100|[from] item: Leftovers
|upkeep
|turn|7
|
|t:|1776234059
|move|p2a: Iron Hands|Supercell Slam|p1a: justin waller
|-damage|p1a: justin waller|27/100
|move|p1a: justin waller|Draining Kiss|p2a: Iron Hands
|-supereffective|p2a: Iron Hands
|-damage|p2a: Iron Hands|0 fnt
|-heal|p1a: justin waller|73/100|[from] drain|[of] p2a: Iron Hands
|faint|p2a: Iron Hands
|-end|p2a: Iron Hands|Quark Drive|[silent]
|
|-heal|p1a: justin waller|79/100|[from] item: Leftovers
|upkeep
|
|t:|1776234083
|switch|p2a: Primarina|Primarina, M|100/100
|turn|8
|
|t:|1776234086
|move|p2a: Primarina|Flip Turn|p1a: justin waller
|-damage|p1a: justin waller|73/100
|
|t:|1776234089
|switch|p2a: Glimmora|Glimmora, M|100/100|[from] Flip Turn
|move|p1a: justin waller|Calm Mind|p1a: justin waller
|-boost|p1a: justin waller|spa|1
|-boost|p1a: justin waller|spd|1
|
|-heal|p1a: justin waller|79/100|[from] item: Leftovers
|-sideend|p1: jakepauler1|Reflect
|upkeep
|turn|9
|
|t:|1776234099
|switch|p2a: Primarina|Primarina, M|100/100
|move|p1a: justin waller|Stored Power|p2a: Primarina
|-damage|p2a: Primarina|15/100
|
|-heal|p1a: justin waller|85/100|[from] item: Leftovers
|-sideend|p1: jakepauler1|move: Light Screen
|upkeep
|turn|10
|
|t:|1776234106
|move|p2a: Primarina|Moonblast|p1a: justin waller
|-damage|p1a: justin waller|68/100
|-unboost|p1a: justin waller|spa|1
|move|p1a: justin waller|Calm Mind|p1a: justin waller
|-boost|p1a: justin waller|spa|1
|-boost|p1a: justin waller|spd|1
|
|-heal|p1a: justin waller|74/100|[from] item: Leftovers
|upkeep
|turn|11
|
|t:|1776234113
|move|p2a: Primarina|Moonblast|p1a: justin waller
|-damage|p1a: justin waller|59/100
|move|p1a: justin waller|Calm Mind|p1a: justin waller
|-boost|p1a: justin waller|spa|1
|-boost|p1a: justin waller|spd|1
|
|-heal|p1a: justin waller|65/100|[from] item: Leftovers
|upkeep
|turn|12
|
|t:|1776234115
|move|p2a: Primarina|Moonblast|p1a: justin waller
|-damage|p1a: justin waller|51/100
|move|p1a: justin waller|Draining Kiss|p2a: Primarina
|-damage|p2a: Primarina|0 fnt
|-heal|p1a: justin waller|63/100|[from] drain|[of] p2a: Primarina
|faint|p2a: Primarina
|
|-heal|p1a: justin waller|69/100|[from] item: Leftovers
|upkeep
|
|t:|1776234126
|switch|p2a: Dragapult|Dragapult, F|100/100
|turn|13
|
|t:|1776234129
|-terastallize|p2a: Dragapult|Ghost
|move|p2a: Dragapult|Tera Blast|p1a: justin waller|[anim] Tera Blast Ghost
|-supereffective|p1a: justin waller
|-damage|p1a: justin waller|0 fnt
|faint|p1a: justin waller
|
|upkeep
|
|t:|1776234135
|switch|p1a: suspicious cabbage|Zamazenta|60/100
|turn|14
|
|t:|1776234138
|move|p2a: Dragapult|Tera Blast|p1a: suspicious cabbage|[anim] Tera Blast Ghost
|-damage|p1a: suspicious cabbage|0 fnt
|faint|p1a: suspicious cabbage
|
|upkeep
|
|t:|1776234156
|switch|p1a: MOTHSEELIGHT|Iron Moth|100/100
|-enditem|p1a: MOTHSEELIGHT|Booster Energy
|-activate|p1a: MOTHSEELIGHT|ability: Quark Drive|[fromitem]
|-start|p1a: MOTHSEELIGHT|quarkdrivespe
|turn|15
|
|t:|1776234161
|move|p1a: MOTHSEELIGHT|Fiery Dance|p2a: Dragapult
|-damage|p2a: Dragapult|49/100
|move|p2a: Dragapult|Tera Blast|p1a: MOTHSEELIGHT|[anim] Tera Blast Ghost
|-damage|p1a: MOTHSEELIGHT|0 fnt
|faint|p1a: MOTHSEELIGHT
|-end|p1a: MOTHSEELIGHT|Quark Drive|[silent]
|
|upkeep
|
|t:|1776234167
|switch|p1a: Neckquisha|Raging Bolt|100/100
|-enditem|p1a: Neckquisha|Booster Energy
|-activate|p1a: Neckquisha|ability: Protosynthesis|[fromitem]
|-start|p1a: Neckquisha|protosynthesisspa
|turn|16
|
|t:|1776234172
|switch|p2a: Landorus|Landorus-Therian, M|100/100
|-ability|p2a: Landorus|Intimidate|boost
|-unboost|p1a: Neckquisha|atk|1
|move|p1a: Neckquisha|Dragon Pulse|p2a: Landorus
|-damage|p2a: Landorus|27/100
|
|upkeep
|turn|17
|
|t:|1776234178
|-end|p1a: Neckquisha|Protosynthesis|[silent]
|switch|p1a: chadwick|Ogerpon-Wellspring, F|100/100
|move|p2a: Landorus|Stealth Rock|p1a: chadwick
|-sidestart|p1: jakepauler1|move: Stealth Rock
|
|upkeep
|turn|18
|
|t:|1776234181
|move|p1a: chadwick|Trailblaze|p2a: Landorus
|-damage|p2a: Landorus|0 fnt
|-boost|p1a: chadwick|spe|1
|-damage|p1a: chadwick|84/100|[from] item: Rocky Helmet|[of] p2a: Landorus
|faint|p2a: Landorus
|
|upkeep
|
|t:|1776234185
|switch|p2a: Glimmora|Glimmora, M|100/100
|turn|19
|
|t:|1776234187
|move|p1a: chadwick|Ivy Cudgel|p2a: Glimmora|[anim] Ivy Cudgel Water
|-supereffective|p2a: Glimmora
|-damage|p2a: Glimmora|0 fnt
|-activate|p2a: Glimmora|ability: Toxic Debris
|-sidestart|p1: jakepauler1|move: Toxic Spikes
|faint|p2a: Glimmora
|
|upkeep
|
|t:|1776234191
|switch|p2a: Kingambit|Kingambit, M|100/100
|-activate|p2a: Kingambit|ability: Supreme Overlord
|-start|p2a: Kingambit|fallen4|[silent]
|turn|20
|
|t:|1776234199
|move|p1a: chadwick|Swords Dance|p1a: chadwick
|-boost|p1a: chadwick|atk|2
|move|p2a: Kingambit|Kowtow Cleave|p1a: chadwick
|-damage|p1a: chadwick|0 fnt
|faint|p1a: chadwick
|
|upkeep
|
|t:|1776234212
|switch|p1a: Lebron|Kyurem|100/100
|-damage|p1a: Lebron|75/100|[from] Stealth Rock
|-status|p1a: Lebron|psn
|-ability|p1a: Lebron|Pressure
|turn|21
|
|t:|1776234221
|-terastallize|p1a: Lebron|Ground
|move|p1a: Lebron|Substitute|p1a: Lebron
|-start|p1a: Lebron|Substitute
|-damage|p1a: Lebron|50/100 psn
|move|p2a: Kingambit|Swords Dance|p2a: Kingambit
|-boost|p2a: Kingambit|atk|2
|
|-damage|p1a: Lebron|38/100 psn|[from] psn
|upkeep
|turn|22
|
|t:|1776234231
|move|p1a: Lebron|Dragon Dance|p1a: Lebron
|-boost|p1a: Lebron|atk|1
|-boost|p1a: Lebron|spe|1
|move|p2a: Kingambit|Kowtow Cleave|p1a: Lebron
|-end|p1a: Lebron|Substitute
|
|-damage|p1a: Lebron|25/100 psn|[from] psn
|upkeep
|turn|23
|
|t:|1776234242
|move|p1a: Lebron|Tera Blast|p2a: Kingambit|[anim] Tera Blast Ground
|-supereffective|p2a: Kingambit
|-damage|p2a: Kingambit|8/100
|move|p2a: Kingambit|Kowtow Cleave|p1a: Lebron
|-damage|p1a: Lebron|0 fnt
|faint|p1a: Lebron
|
|-heal|p2a: Kingambit|14/100|[from] item: Leftovers
|upkeep
|c|☆QuranListener91|??
|
|t:|1776234245
|switch|p1a: Neckquisha|Raging Bolt|100/100
|-damage|p1a: Neckquisha|88/100|[from] Stealth Rock
|-status|p1a: Neckquisha|psn
|turn|24
|
|t:|1776234252
|move|p1a: Neckquisha|Thunderclap||[still]
|-fail|p1a: Neckquisha
|move|p2a: Kingambit|Swords Dance|p2a: Kingambit
|-boost|p2a: Kingambit|atk|2
|
|-heal|p2a: Kingambit|20/100|[from] item: Leftovers
|-damage|p1a: Neckquisha|76/100 psn|[from] psn
|upkeep
|turn|25
|
|t:|1776234256
|move|p1a: Neckquisha|Thunderclap|p2a: Kingambit
|-damage|p2a: Kingambit|0 fnt
|faint|p2a: Kingambit
|-end|p2a: Kingambit|fallen4|[silent]
|
|-damage|p1a: Neckquisha|64/100 psn|[from] psn
|upkeep
|
|t:|1776234259
|switch|p2a: Dragapult|Dragapult, F, tera:Ghost|49/100
|turn|26
|
|t:|1776234271
|move|p1a: Neckquisha|Thunderclap|p2a: Dragapult
|-damage|p2a: Dragapult|0 fnt
|faint|p2a: Dragapult
|
|win|jakepauler1
|raw|jakepauler1's rating: 1463 &rarr; <strong>1479</strong><br />(+16 for winning)
|raw|QuranListener91's rating: 1392 &rarr; <strong>1376</strong><br />(-16 for losing)
|l|☆QuranListener91
|player|p2|
