|html|<div class="broadcast-blue"><strong>[Gen 9] OU is currently suspecting Tera Blast! For information on how to participate check out the <a href="https://www.smogon.com/tools/suspects/view/200">suspect thread</a>.</strong></div>
|j|☆kakabre
|j|☆maxezzz
|t:|1776214116
|gametype|singles
|player|p1|kakabre|265|1431
|player|p2|maxezzz|waitress|1485
|gen|9
|tier|[Gen 9] OU
|rated|
|rule|HP Percentage Mod: HP is shown in percentages
|rule|Endless Battle Clause: Forcing endless battles is banned
|rule|Species Clause: Limit one of each Pokémon
|rule|OHKO Clause: OHKO moves are banned
|rule|Evasion Items Clause: Evasion items are banned
|rule|Evasion Moves Clause: Evasion moves are banned
|rule|Evasion Abilities Clause: Evasion abilities are banned
|rule|Sleep Moves Clause: Sleep-inducing moves are banned
|clearpoke
|poke|p1|Deoxys-Speed|
|poke|p1|Great Tusk|
|poke|p1|Corviknight, F|
|poke|p1|Primarina, M|
|poke|p1|Raging Bolt|
|poke|p1|Rillaboom, M|
|poke|p2|Hydreigon, F|
|poke|p2|Ogerpon, F|
|poke|p2|Tinkaton, F|
|poke|p2|Great Tusk|
|poke|p2|Alomomola, F|
|poke|p2|Pecharunt|
|teampreview
|inactive|Battle timer is ON: inactive players will automatically lose when time's up. (requested by maxezzz)
|
|t:|1776214148
|teamsize|p1|6
|teamsize|p2|6
|start
|switch|p1a: space patrol|Deoxys-Speed|100/100
|switch|p2a: Hydreigon|Hydreigon, F, shiny|100/100
|-ability|p1a: space patrol|Pressure
|turn|1
|
|t:|1776214164
|move|p1a: space patrol|Superpower|p2a: Hydreigon
|-supereffective|p2a: Hydreigon
|-crit|p2a: Hydreigon
|-damage|p2a: Hydreigon|11/100
|-unboost|p1a: space patrol|atk|1
|-unboost|p1a: space patrol|def|1
|-enditem|p1a: space patrol|Eject Pack
|
|t:|1776214171
|switch|p1a: neal the seal|Primarina, M|100/100
|move|p2a: Hydreigon|Dark Pulse|p1a: neal the seal
|-resisted|p1a: neal the seal
|-damage|p1a: neal the seal|83/100
|
|upkeep
|turn|2
|
|t:|1776214177
|switch|p2a: Alomomola|Alomomola, F, shiny|100/100
|move|p1a: neal the seal|Moonblast|p2a: Alomomola
|-damage|p2a: Alomomola|70/100
|-unboost|p2a: Alomomola|spa|1
|
|upkeep
|turn|3
|
|t:|1776214182
|move|p1a: neal the seal|Moonblast|p2a: Alomomola
|-damage|p2a: Alomomola|40/100
|-unboost|p2a: Alomomola|spa|1
|move|p2a: Alomomola|Flip Turn|p1a: neal the seal
|-resisted|p1a: neal the seal
|-damage|p1a: neal the seal|73/100
|
|t:|1776214189
|switch|p2a: Ogerpon|Ogerpon, F|100/100|[from] Flip Turn
|
|upkeep
|turn|4
|
|t:|1776214194
|switch|p1a: glizzy gobbler|Corviknight, F, shiny|100/100
|-ability|p1a: glizzy gobbler|Pressure
|move|p2a: Ogerpon|U-turn|p1a: glizzy gobbler
|-resisted|p1a: glizzy gobbler
|-damage|p1a: glizzy gobbler|95/100
|
|t:|1776214217
|switch|p2a: Hydreigon|Hydreigon, F, shiny|11/100|[from] U-turn
|
|-heal|p1a: glizzy gobbler|100/100|[from] item: Leftovers
|upkeep
|turn|5
|
|t:|1776214246
|switch|p1a: neal the seal|Primarina, M|73/100
|move|p2a: Hydreigon|Dark Pulse|p1a: neal the seal
|-resisted|p1a: neal the seal
|-damage|p1a: neal the seal|55/100
|
|upkeep
|turn|6
|
|t:|1776214270
|move|p2a: Hydreigon|Dark Pulse|p1a: neal the seal
|-resisted|p1a: neal the seal
|-damage|p1a: neal the seal|38/100
|move|p1a: neal the seal|Moonblast|p2a: Hydreigon
|-supereffective|p2a: Hydreigon
|-damage|p2a: Hydreigon|0 fnt
|faint|p2a: Hydreigon
|
|upkeep
|
|t:|1776214282
|switch|p2a: Tinkaton|Tinkaton, F|100/100
|-ability|p2a: Tinkaton|Mold Breaker
|-item|p2a: Tinkaton|Air Balloon
|turn|7
|inactive|kakabre has 120 seconds left.
|
|t:|1776214308
|switch|p1a: glizzy gobbler|Corviknight, F, shiny|100/100
|-ability|p1a: glizzy gobbler|Pressure
|move|p2a: Tinkaton|Stealth Rock|p1a: glizzy gobbler
|-sidestart|p1: kakabre|move: Stealth Rock
|
|upkeep
|turn|8
|
|t:|1776214314
|switch|p2a: Pecharunt|Pecharunt|100/100
|move|p1a: glizzy gobbler|U-turn|p2a: Pecharunt
|-resisted|p2a: Pecharunt
|-damage|p2a: Pecharunt|99/100
|
|t:|1776214323
|switch|p1a: space patrol|Deoxys-Speed|100/100|[from] U-turn
|-damage|p1a: space patrol|88/100|[from] Stealth Rock
|-ability|p1a: space patrol|Pressure
|
|upkeep
|turn|9
|
|t:|1776214332
|switch|p2a: Alomomola|Alomomola, F, shiny|73/100
|move|p1a: space patrol|Psycho Boost|p2a: Alomomola
|-damage|p2a: Alomomola|40/100
|-unboost|p1a: space patrol|spa|2
|
|upkeep
|turn|10
|
|t:|1776214336
|switch|p1a: big booty judy|Raging Bolt|100/100
|move|p2a: Alomomola|Flip Turn|p1a: big booty judy
|-resisted|p1a: big booty judy
|-damage|p1a: big booty judy|93/100
|
|t:|1776214356
|switch|p2a: Great Tusk|Great Tusk, shiny|100/100|[from] Flip Turn
|
|upkeep
|turn|11
|
|t:|1776214362
|-end|p2a: Great Tusk|Protosynthesis|[silent]
|switch|p2a: Tinkaton|Tinkaton, F|100/100
|-ability|p2a: Tinkaton|Mold Breaker
|-item|p2a: Tinkaton|Air Balloon
|-end|p1a: big booty judy|Protosynthesis|[silent]
|switch|p1a: glizzy gobbler|Corviknight, F, shiny|100/100
|-damage|p1a: glizzy gobbler|88/100|[from] Stealth Rock
|-ability|p1a: glizzy gobbler|Pressure
|
|-heal|p1a: glizzy gobbler|94/100|[from] item: Leftovers
|upkeep
|turn|12
|
|t:|1776214392
|move|p2a: Tinkaton|Thunder Wave|p1a: glizzy gobbler
|-status|p1a: glizzy gobbler|par
|move|p1a: glizzy gobbler|U-turn|p2a: Tinkaton
|-resisted|p2a: Tinkaton
|-damage|p2a: Tinkaton|95/100
|-enditem|p2a: Tinkaton|Air Balloon
|
|t:|1776214396
|switch|p1a: ricky spanish|Great Tusk|100/100|[from] U-turn
|-damage|p1a: ricky spanish|98/100|[from] Stealth Rock
|-enditem|p1a: ricky spanish|Booster Energy
|-activate|p1a: ricky spanish|ability: Protosynthesis|[fromitem]
|-start|p1a: ricky spanish|protosynthesisatk
|
|upkeep
|turn|13
|inactive|maxezzz has 120 seconds left.
|
|t:|1776214443
|move|p2a: Tinkaton|Gigaton Hammer|p1a: ricky spanish
|-damage|p1a: ricky spanish|59/100
|move|p1a: ricky spanish|Close Combat|p2a: Tinkaton
|-damage|p2a: Tinkaton|0 fnt
|-unboost|p1a: ricky spanish|def|1
|-unboost|p1a: ricky spanish|spd|1
|faint|p2a: Tinkaton
|
|upkeep
|inactive|maxezzz has 90 seconds left.
|
|t:|1776214459
|switch|p2a: Ogerpon|Ogerpon, F|100/100
|turn|14
|inactive|maxezzz has 90 seconds left.
|
|t:|1776214481
|-end|p1a: ricky spanish|Protosynthesis|[silent]
|switch|p1a: big booty judy|Raging Bolt|93/100
|move|p2a: Ogerpon|Ivy Cudgel|p1a: big booty judy
|-resisted|p1a: big booty judy
|-damage|p1a: big booty judy|56/100
|
|upkeep
|turn|15
|inactive|maxezzz has 90 seconds left.
|inactive|maxezzz has 60 seconds left.
|
|t:|1776214522
|switch|p2a: Alomomola|Alomomola, F, shiny|73/100
|move|p1a: big booty judy|Draco Meteor|p2a: Alomomola
|-damage|p2a: Alomomola|28/100
|-unboost|p1a: big booty judy|spa|2
|
|upkeep
|turn|16
|inactive|maxezzz has 60 seconds left.
|
|t:|1776214544
|-end|p1a: big booty judy|Protosynthesis|[silent]
|switch|p1a: ur ass is grass|Rillaboom, M|100/100
|-damage|p1a: ur ass is grass|88/100|[from] Stealth Rock
|-fieldstart|move: Grassy Terrain|[from] ability: Grassy Surge|[of] p1a: ur ass is grass
|move|p2a: Alomomola|Flip Turn|p1a: ur ass is grass
|-resisted|p1a: ur ass is grass
|-damage|p1a: ur ass is grass|79/100
|inactive|maxezzz has 60 seconds left.
|
|t:|1776214555
|switch|p2a: Ogerpon|Ogerpon, F|100/100|[from] Flip Turn
|
|-heal|p1a: ur ass is grass|85/100|[from] Grassy Terrain
|upkeep
|turn|17
|
|t:|1776214559
|move|p2a: Ogerpon|U-turn|p1a: ur ass is grass
|-supereffective|p1a: ur ass is grass
|-damage|p1a: ur ass is grass|9/100
|
|t:|1776214563
|switch|p2a: Pecharunt|Pecharunt|99/100|[from] U-turn
|move|p1a: ur ass is grass|U-turn|p2a: Pecharunt
|-resisted|p2a: Pecharunt
|-damage|p2a: Pecharunt|95/100
|-damage|p1a: ur ass is grass|0 fnt|[from] item: Life Orb
|faint|p1a: ur ass is grass
|
|-heal|p2a: Pecharunt|100/100|[from] Grassy Terrain
|upkeep
|
|t:|1776214580
|switch|p1a: space patrol|Deoxys-Speed|88/100
|-damage|p1a: space patrol|76/100|[from] Stealth Rock
|-ability|p1a: space patrol|Pressure
|turn|18
|inactive|maxezzz has 60 seconds left.
|
|t:|1776214613
|switch|p2a: Alomomola|Alomomola, F, shiny|61/100
|move|p1a: space patrol|Stealth Rock|p2a: Alomomola
|-sidestart|p2: maxezzz|move: Stealth Rock
|
|-heal|p1a: space patrol|82/100|[from] Grassy Terrain
|-heal|p2a: Alomomola|67/100|[from] Grassy Terrain
|upkeep
|turn|19
|
|t:|1776214619
|move|p1a: space patrol|Spikes|p2a: Alomomola
|-sidestart|p2: maxezzz|Spikes
|move|p2a: Alomomola|Flip Turn|p1a: space patrol
|-damage|p1a: space patrol|58/100
|
|t:|1776214622
|switch|p2a: Pecharunt|Pecharunt|100/100|[from] Flip Turn
|
|-heal|p1a: space patrol|64/100|[from] Grassy Terrain
|upkeep
|turn|20
|
|t:|1776214629
|switch|p2a: Alomomola|Alomomola, F, shiny|99/100
|-damage|p2a: Alomomola|88/100|[from] Stealth Rock
|-damage|p2a: Alomomola|75/100|[from] Spikes
|move|p1a: space patrol|Psycho Boost|p2a: Alomomola
|-damage|p2a: Alomomola|42/100
|-unboost|p1a: space patrol|spa|2
|
|-heal|p1a: space patrol|71/100|[from] Grassy Terrain
|-heal|p2a: Alomomola|48/100|[from] Grassy Terrain
|-fieldend|move: Grassy Terrain
|upkeep
|turn|21
|
|t:|1776214635
|move|p1a: space patrol|Spikes|p2a: Alomomola
|-sidestart|p2: maxezzz|Spikes
|move|p2a: Alomomola|Flip Turn|p1a: space patrol
|-damage|p1a: space patrol|46/100
|inactive|maxezzz has 60 seconds left.
|
|t:|1776214666
|switch|p2a: Pecharunt|Pecharunt|100/100|[from] Flip Turn
|
|upkeep
|turn|22
|inactive|maxezzz has 60 seconds left.
|
|t:|1776214687
|switch|p1a: neal the seal|Primarina, M|38/100
|-damage|p1a: neal the seal|25/100|[from] Stealth Rock
|move|p2a: Pecharunt|Recover||[still]
|-fail|p2a: Pecharunt|heal
|
|upkeep
|turn|23
|inactive|maxezzz has 60 seconds left.
|
|t:|1776214702
|move|p2a: Pecharunt|Parting Shot|p1a: neal the seal
|-unboost|p1a: neal the seal|atk|1
|-unboost|p1a: neal the seal|spa|1
|
|t:|1776214704
|switch|p2a: Alomomola|Alomomola, F, shiny|81/100|[from] Parting Shot
|-damage|p2a: Alomomola|69/100|[from] Stealth Rock
|-damage|p2a: Alomomola|52/100|[from] Spikes
|move|p1a: neal the seal|Hydro Pump|p2a: Alomomola
|-resisted|p2a: Alomomola
|-damage|p2a: Alomomola|36/100
|
|upkeep
|turn|24
|
|t:|1776214713
|move|p1a: neal the seal|Moonblast|p2a: Alomomola
|-damage|p2a: Alomomola|16/100
|move|p2a: Alomomola|Flip Turn|p1a: neal the seal
|-resisted|p1a: neal the seal
|-damage|p1a: neal the seal|15/100
|
|t:|1776214716
|switch|p2a: Great Tusk|Great Tusk, shiny|100/100|[from] Flip Turn
|
|upkeep
|turn|25
|
|t:|1776214726
|move|p2a: Great Tusk|Rapid Spin|p1a: neal the seal
|-damage|p1a: neal the seal|0 fnt
|-boost|p2a: Great Tusk|spe|1
|-sideend|p2: maxezzz|Spikes|[from] move: Rapid Spin|[of] p2a: Great Tusk
|-sideend|p2: maxezzz|Stealth Rock|[from] move: Rapid Spin|[of] p2a: Great Tusk
|faint|p1a: neal the seal
|
|upkeep
|
|t:|1776214737
|switch|p1a: space patrol|Deoxys-Speed|46/100
|-damage|p1a: space patrol|33/100|[from] Stealth Rock
|-ability|p1a: space patrol|Pressure
|turn|26
|inactive|maxezzz has 90 seconds left.
|inactive|maxezzz has 60 seconds left.
|
|t:|1776214785
|-end|p2a: Great Tusk|Protosynthesis|[silent]
|switch|p2a: Alomomola|Alomomola, F, shiny|49/100
|move|p1a: space patrol|Psycho Boost|p2a: Alomomola
|-damage|p2a: Alomomola|16/100
|-unboost|p1a: space patrol|spa|2
|
|upkeep
|turn|27
|
|t:|1776214796
|move|p1a: space patrol|Psycho Boost|p2a: Alomomola|[miss]
|-miss|p1a: space patrol|p2a: Alomomola
|move|p2a: Alomomola|Flip Turn|p1a: space patrol
|-damage|p1a: space patrol|8/100
|inactive|maxezzz has 60 seconds left.
|
|t:|1776214822
|switch|p2a: Ogerpon|Ogerpon, F|100/100|[from] Flip Turn
|
|upkeep
|turn|28
|
|t:|1776214833
|move|p1a: space patrol|Stealth Rock|p2a: Ogerpon
|-sidestart|p2: maxezzz|move: Stealth Rock
|move|p2a: Ogerpon|U-turn|p1a: space patrol
|-supereffective|p1a: space patrol
|-damage|p1a: space patrol|0 fnt
|faint|p1a: space patrol
|
|t:|1776214840
|switch|p2a: Pecharunt|Pecharunt|100/100|[from] U-turn
|
|upkeep
|
|t:|1776214845
|switch|p1a: ricky spanish|Great Tusk|59/100
|-damage|p1a: ricky spanish|56/100|[from] Stealth Rock
|turn|29
|
|t:|1776214850
|move|p1a: ricky spanish|Headlong Rush|p2a: Pecharunt
|-supereffective|p2a: Pecharunt
|-damage|p2a: Pecharunt|39/100
|-unboost|p1a: ricky spanish|def|1
|-unboost|p1a: ricky spanish|spd|1
|move|p2a: Pecharunt|Toxic|p1a: ricky spanish
|-status|p1a: ricky spanish|tox
|-start|p1a: ricky spanish|confusion|[from] ability: Poison Puppeteer|[of] p2a: Pecharunt
|
|-damage|p1a: ricky spanish|50/100 tox|[from] psn
|upkeep
|turn|30
|
|t:|1776214860
|-terastallize|p2a: Pecharunt|Dark
|-activate|p1a: ricky spanish|confusion
|move|p1a: ricky spanish|Headlong Rush|p2a: Pecharunt
|-damage|p2a: Pecharunt|12/100
|-unboost|p1a: ricky spanish|def|1
|-unboost|p1a: ricky spanish|spd|1
|move|p2a: Pecharunt|Recover|p2a: Pecharunt
|-heal|p2a: Pecharunt|62/100
|
|-damage|p1a: ricky spanish|37/100 tox|[from] psn
|upkeep
|turn|31
|inactive|maxezzz has 60 seconds left.
|
|t:|1776214869
|-activate|p1a: ricky spanish|confusion
|move|p1a: ricky spanish|Close Combat|p2a: Pecharunt
|-supereffective|p2a: Pecharunt
|-damage|p2a: Pecharunt|0 fnt
|-unboost|p1a: ricky spanish|def|1
|-unboost|p1a: ricky spanish|spd|1
|faint|p2a: Pecharunt
|
|-damage|p1a: ricky spanish|19/100 tox|[from] psn
|upkeep
|inactive|maxezzz has 60 seconds left.
|
|t:|1776214883
|switch|p2a: Alomomola|Alomomola, F, shiny|49/100
|-damage|p2a: Alomomola|37/100|[from] Stealth Rock
|turn|32
|
|t:|1776214889
|switch|p2a: Great Tusk|Great Tusk, shiny|100/100
|-activate|p1a: ricky spanish|confusion
|-damage|p1a: ricky spanish|0 fnt|[from] confusion
|faint|p1a: ricky spanish
|-end|p1a: ricky spanish|Protosynthesis|[silent]
|
|upkeep
|
|t:|1776214895
|switch|p1a: glizzy gobbler|Corviknight, F, shiny|94/100 par
|-damage|p1a: glizzy gobbler|82/100 par|[from] Stealth Rock
|-ability|p1a: glizzy gobbler|Pressure
|turn|33
|
|t:|1776214898
|move|p2a: Great Tusk|Close Combat|p1a: glizzy gobbler
|-damage|p1a: glizzy gobbler|45/100 par
|-unboost|p2a: Great Tusk|def|1
|-unboost|p2a: Great Tusk|spd|1
|move|p1a: glizzy gobbler|Brave Bird|p2a: Great Tusk
|-supereffective|p2a: Great Tusk
|-damage|p2a: Great Tusk|15/100
|-damage|p1a: glizzy gobbler|19/100 par|[from] Recoil
|
|-heal|p1a: glizzy gobbler|25/100 par|[from] item: Leftovers
|upkeep
|turn|34
|
|t:|1776214914
|move|p2a: Great Tusk|Close Combat|p1a: glizzy gobbler
|-damage|p1a: glizzy gobbler|0 fnt
|-unboost|p2a: Great Tusk|def|1
|-unboost|p2a: Great Tusk|spd|1
|faint|p1a: glizzy gobbler
|
|upkeep
|
|t:|1776214916
|switch|p1a: big booty judy|Raging Bolt|56/100
|turn|35
|
|t:|1776214934
|-end|p2a: Great Tusk|Protosynthesis|[silent]
|switch|p2a: Ogerpon|Ogerpon, F|100/100
|-damage|p2a: Ogerpon|88/100|[from] Stealth Rock
|move|p1a: big booty judy|Draco Meteor|p2a: Ogerpon
|-damage|p2a: Ogerpon|1/100
|-unboost|p1a: big booty judy|spa|2
|
|upkeep
|turn|36
|
|t:|1776214951
|move|p2a: Ogerpon|Superpower|p1a: big booty judy
|-damage|p1a: big booty judy|0 fnt
|-unboost|p2a: Ogerpon|atk|1
|-unboost|p2a: Ogerpon|def|1
|faint|p1a: big booty judy
|-end|p1a: big booty judy|Protosynthesis|[silent]
|
|win|maxezzz
|raw|kakabre's rating: 1431 &rarr; <strong>1414</strong><br />(-17 for losing)
|raw|maxezzz's rating: 1485 &rarr; <strong>1502</strong><br />(+17 for winning)
|l|☆kakabre
|player|p1|
