|html|<div class="broadcast-blue"><strong>[Gen 9] OU is currently suspecting Tera Blast! For information on how to participate check out the <a href="https://www.smogon.com/tools/suspects/view/200">suspect thread</a>.</strong></div>
|j|☆amikasa
|j|☆oreo_532
|t:|1776139173
|gametype|singles
|player|p1|amikasa|265|1278
|player|p2|oreo_532|pokemaniac|1285
|gen|9
|tier|[Gen 9] OU
|rated|
|rule|HP Percentage Mod: HP is shown in percentages
|rule|Endless Battle Clause: Forcing endless battles is banned
|rule|Species Clause: Limit one of each Pokémon
|rule|OHKO Clause: OHKO moves are banned
|rule|Evasion Items Clause: Evasion items are banned
|rule|Evasion Moves Clause: Evasion moves are banned
|rule|Evasion Abilities Clause: Evasion abilities are banned
|rule|Sleep Moves Clause: Sleep-inducing moves are banned
|clearpoke
|poke|p1|Skeledirge, M|
|poke|p1|Rillaboom, F|
|poke|p1|Enamorus, F|
|poke|p1|Weavile, F|
|poke|p1|Great Tusk|
|poke|p1|Slowking-Galar, F|
|poke|p2|Hatterene, F|
|poke|p2|Ursaluna, F|
|poke|p2|Iron Hands|
|poke|p2|Hoopa-Unbound|
|poke|p2|Porygon2|
|poke|p2|Slowking-Galar, F|
|teampreview
|inactive|Battle timer is ON: inactive players will automatically lose when time's up. (requested by oreo_532)
|j| ohko_smeargle
|
|t:|1776139183
|teamsize|p1|6
|teamsize|p2|6
|start
|switch|p1a: DAAAMN LES GENS!!!|Rillaboom, F|100/100
|switch|p2a: Buh Pluh|Hatterene, F, shiny|100/100
|-fieldstart|move: Grassy Terrain|[from] ability: Grassy Surge|[of] p1a: DAAAMN LES GENS!!!
|turn|1
|
|t:|1776139204
|-terastallize|p1a: DAAAMN LES GENS!!!|Grass
|move|p1a: DAAAMN LES GENS!!!|Wood Hammer|p2a: Buh Pluh
|-enditem|p2a: Buh Pluh|Focus Sash
|-damage|p2a: Buh Pluh|1/100
|-damage|p1a: DAAAMN LES GENS!!!|73/100|[from] Recoil
|move|p2a: Buh Pluh|Misty Explosion|p1a: DAAAMN LES GENS!!!
|-damage|p1a: DAAAMN LES GENS!!!|5/100
|faint|p2a: Buh Pluh
|
|-heal|p1a: DAAAMN LES GENS!!!|11/100|[from] Grassy Terrain
|upkeep
|inactive|oreo_532 has 120 seconds left.
|
|t:|1776139219
|switch|p2a: Buh Pluh 2?|Porygon2, shiny|100/100
|-ability|p2a: Buh Pluh 2?|Download|boost
|-boost|p2a: Buh Pluh 2?|spa|1
|turn|2
|inactive|oreo_532 has 120 seconds left.
|
|t:|1776139232
|switch|p1a: PopGoesTheWeavile|Weavile, F|100/100
|-ability|p1a: PopGoesTheWeavile|Pressure
|move|p2a: Buh Pluh 2?|Shadow Ball|p1a: PopGoesTheWeavile
|-resisted|p1a: PopGoesTheWeavile
|-damage|p1a: PopGoesTheWeavile|81/100
|
|-heal|p1a: PopGoesTheWeavile|87/100|[from] Grassy Terrain
|upkeep
|turn|3
|inactive|oreo_532 has 120 seconds left.
|
|t:|1776139246
|move|p1a: PopGoesTheWeavile|Knock Off|p2a: Buh Pluh 2?
|-damage|p2a: Buh Pluh 2?|79/100
|-enditem|p2a: Buh Pluh 2?|Eviolite|[from] move: Knock Off|[of] p1a: PopGoesTheWeavile
|move|p2a: Buh Pluh 2?|Tera Blast|p1a: PopGoesTheWeavile
|-damage|p1a: PopGoesTheWeavile|29/100
|
|-heal|p1a: PopGoesTheWeavile|35/100|[from] Grassy Terrain
|-heal|p2a: Buh Pluh 2?|85/100|[from] Grassy Terrain
|upkeep
|turn|4
|
|t:|1776139256
|move|p1a: PopGoesTheWeavile|Triple Axel|p2a: Buh Pluh 2?
|-damage|p2a: Buh Pluh 2?|77/100
|-damage|p2a: Buh Pluh 2?|64/100
|-damage|p2a: Buh Pluh 2?|44/100
|-hitcount|p2a: Buh Pluh 2?|3
|move|p2a: Buh Pluh 2?|Trick Room|p2a: Buh Pluh 2?
|-fieldstart|move: Trick Room|[of] p2a: Buh Pluh 2?
|
|-heal|p2a: Buh Pluh 2?|50/100|[from] Grassy Terrain
|-heal|p1a: PopGoesTheWeavile|41/100|[from] Grassy Terrain
|upkeep
|turn|5
|
|t:|1776139265
|switch|p1a: Kev Adams|Slowking-Galar, F|100/100
|move|p2a: Buh Pluh 2?|Tera Blast|p1a: Kev Adams
|-crit|p1a: Kev Adams
|-damage|p1a: Kev Adams|65/100
|
|-heal|p1a: Kev Adams|71/100|[from] Grassy Terrain
|-heal|p2a: Buh Pluh 2?|57/100|[from] Grassy Terrain
|-fieldend|move: Grassy Terrain
|upkeep
|turn|6
|
|t:|1776139276
|switch|p2a: Chocolate Starfish|Ursaluna, F|100/100
|-prepare|p1a: Kev Adams|Chilly Reception|[premajor]
|move|p1a: Kev Adams|Chilly Reception|p1a: Kev Adams
|-weather|Snowscape
|
|t:|1776139291
|switch|p1a: Allumer le feu!!!!|Skeledirge, M|100/100|[from] Chilly Reception
|
|-weather|Snowscape|[upkeep]
|-status|p2a: Chocolate Starfish|brn|[from] item: Flame Orb
|upkeep
|turn|7
|
|t:|1776139298
|move|p2a: Chocolate Starfish|Headlong Rush|p1a: Allumer le feu!!!!
|-supereffective|p1a: Allumer le feu!!!!
|-damage|p1a: Allumer le feu!!!!|0 fnt
|-unboost|p2a: Chocolate Starfish|def|1
|-unboost|p2a: Chocolate Starfish|spd|1
|faint|p1a: Allumer le feu!!!!
|
|-weather|Snowscape|[upkeep]
|-damage|p2a: Chocolate Starfish|94/100 brn|[from] brn
|upkeep
|
|t:|1776139308
|switch|p1a: DAAAMN LES GENS!!!|Rillaboom, F, tera:Grass|11/100
|-fieldstart|move: Grassy Terrain|[from] ability: Grassy Surge|[of] p1a: DAAAMN LES GENS!!!
|turn|8
|
|t:|1776139316
|move|p1a: DAAAMN LES GENS!!!|Grassy Glide|p2a: Chocolate Starfish
|-supereffective|p2a: Chocolate Starfish
|-damage|p2a: Chocolate Starfish|0 fnt
|faint|p2a: Chocolate Starfish
|
|-weather|Snowscape|[upkeep]
|-heal|p1a: DAAAMN LES GENS!!!|17/100|[from] Grassy Terrain
|-fieldend|move: Trick Room
|upkeep
|
|t:|1776139338
|switch|p2a: Buh Pluh 3|Slowking-Galar, F|100/100
|turn|9
|
|t:|1776139360
|switch|p1a: PopGoesTheWeavile|Weavile, F|41/100
|-ability|p1a: PopGoesTheWeavile|Pressure
|move|p2a: Buh Pluh 3|Sludge Bomb|p1a: PopGoesTheWeavile
|-damage|p1a: PopGoesTheWeavile|0 fnt
|faint|p1a: PopGoesTheWeavile
|
|-weather|Snowscape|[upkeep]
|upkeep
|
|t:|1776139369
|switch|p1a: Greater Than Lando|Great Tusk|100/100
|turn|10
|
|t:|1776139383
|move|p1a: Greater Than Lando|Headlong Rush|p2a: Buh Pluh 3
|-supereffective|p2a: Buh Pluh 3
|-damage|p2a: Buh Pluh 3|0 fnt
|-unboost|p1a: Greater Than Lando|def|1
|-unboost|p1a: Greater Than Lando|spd|1
|faint|p2a: Buh Pluh 3
|
|-weather|none
|upkeep
|
|t:|1776139394
|switch|p2a: Prostate Check|Hoopa-Unbound|100/100
|turn|11
|
|t:|1776139403
|move|p1a: Greater Than Lando|Headlong Rush|p2a: Prostate Check
|-damage|p2a: Prostate Check|47/100
|-unboost|p1a: Greater Than Lando|def|1
|-unboost|p1a: Greater Than Lando|spd|1
|move|p2a: Prostate Check|Trick Room|p2a: Prostate Check
|-fieldstart|move: Trick Room|[of] p2a: Prostate Check
|
|-heal|p2a: Prostate Check|53/100|[from] Grassy Terrain
|upkeep
|turn|12
|
|t:|1776139413
|-end|p1a: Greater Than Lando|Protosynthesis|[silent]
|switch|p1a: Kev Adams|Slowking-Galar, F|100/100
|move|p2a: Prostate Check|Expanding Force|p1a: Kev Adams
|-damage|p1a: Kev Adams|73/100
|
|-heal|p1a: Kev Adams|79/100|[from] Grassy Terrain
|-heal|p2a: Prostate Check|59/100|[from] Grassy Terrain
|-fieldend|move: Grassy Terrain
|upkeep
|turn|13
|
|t:|1776139425
|move|p1a: Kev Adams|Thunder Wave|p2a: Prostate Check
|-status|p2a: Prostate Check|par
|move|p2a: Prostate Check|Hyperspace Fury|p1a: Kev Adams
|-supereffective|p1a: Kev Adams
|-damage|p1a: Kev Adams|0 fnt
|-unboost|p2a: Prostate Check|def|1
|faint|p1a: Kev Adams
|-enditem|p2a: Prostate Check|Eject Pack
|
|t:|1776139446
|switch|p2a: Contraception|Iron Hands|100/100
|-enditem|p2a: Contraception|Booster Energy
|-activate|p2a: Contraception|ability: Quark Drive|[fromitem]
|-start|p2a: Contraception|quarkdriveatk
|
|upkeep
|
|t:|1776139451
|switch|p1a: Greater Than Lando|Great Tusk|100/100
|turn|14
|
|t:|1776139462
|-terastallize|p2a: Contraception|Flying
|move|p2a: Contraception|Swords Dance|p2a: Contraception
|-boost|p2a: Contraception|atk|2
|move|p1a: Greater Than Lando|Headlong Rush|p2a: Contraception
|-immune|p2a: Contraception
|
|upkeep
|turn|15
|
|t:|1776139473
|move|p2a: Contraception|Ice Punch|p1a: Greater Than Lando
|-supereffective|p1a: Greater Than Lando
|-damage|p1a: Greater Than Lando|3/100
|move|p1a: Greater Than Lando|Ice Spinner|p2a: Contraception
|-supereffective|p2a: Contraception
|-damage|p2a: Contraception|70/100
|
|-fieldend|move: Trick Room
|upkeep
|turn|16
|
|t:|1776139486
|move|p1a: Greater Than Lando|Ice Spinner|p2a: Contraception
|-supereffective|p2a: Contraception
|-damage|p2a: Contraception|39/100
|move|p2a: Contraception|Ice Punch|p1a: Greater Than Lando
|-supereffective|p1a: Greater Than Lando
|-damage|p1a: Greater Than Lando|0 fnt
|faint|p1a: Greater Than Lando
|-end|p1a: Greater Than Lando|Protosynthesis|[silent]
|
|upkeep
|
|t:|1776139498
|switch|p1a: Ugly Thing|Enamorus, F|100/100
|turn|17
|
|t:|1776139515
|move|p1a: Ugly Thing|Moonblast|p2a: Contraception
|-damage|p2a: Contraception|0 fnt
|faint|p2a: Contraception
|-end|p2a: Contraception|Quark Drive|[silent]
|
|upkeep
|
|t:|1776139522
|switch|p2a: Buh Pluh 2?|Porygon2, shiny|57/100
|-ability|p2a: Buh Pluh 2?|Download|boost
|-boost|p2a: Buh Pluh 2?|atk|1
|turn|18
|
|t:|1776139528
|move|p1a: Ugly Thing|Moonblast|p2a: Buh Pluh 2?
|-damage|p2a: Buh Pluh 2?|7/100
|move|p2a: Buh Pluh 2?|Trick Room|p2a: Buh Pluh 2?
|-fieldstart|move: Trick Room|[of] p2a: Buh Pluh 2?
|
|upkeep
|turn|19
|
|t:|1776139536
|move|p2a: Buh Pluh 2?|Tera Blast|p1a: Ugly Thing
|-damage|p1a: Ugly Thing|57/100
|move|p1a: Ugly Thing|Moonblast|p2a: Buh Pluh 2?
|-damage|p2a: Buh Pluh 2?|0 fnt
|faint|p2a: Buh Pluh 2?
|
|upkeep
|
|t:|1776139542
|switch|p2a: Prostate Check|Hoopa-Unbound|59/100 par
|turn|20
|
|t:|1776139546
|move|p2a: Prostate Check|Expanding Force|p1a: Ugly Thing
|-damage|p1a: Ugly Thing|0 fnt
|faint|p1a: Ugly Thing
|-item|p2a: Prostate Check|Choice Scarf|[from] ability: Magician|[of] p1: Ugly Thing
|
|upkeep
|
|t:|1776139547
|switch|p1a: DAAAMN LES GENS!!!|Rillaboom, F, tera:Grass|17/100
|-fieldstart|move: Grassy Terrain|[from] ability: Grassy Surge|[of] p1a: DAAAMN LES GENS!!!
|turn|21
|
|t:|1776139560
|move|p1a: DAAAMN LES GENS!!!|Grassy Glide|p2a: Prostate Check
|-damage|p2a: Prostate Check|0 fnt
|faint|p2a: Prostate Check
|
|win|amikasa
|raw|amikasa's rating: 1278 &rarr; <strong>1304</strong><br />(+26 for winning)
|raw|oreo_532's rating: 1285 &rarr; <strong>1259</strong><br />(-26 for losing)
|l| ohko_smeargle
|l|☆amikasa
|player|p1|
