|html|<div class="broadcast-blue"><strong>[Gen 9] OU is currently suspecting Tera Blast! For information on how to participate check out the <a href="https://www.smogon.com/tools/suspects/view/200">suspect thread</a>.</strong></div>
|j|☆kingofdondons
|j|☆Otiplay
|t:|1776113319
|gametype|singles
|player|p1|kingofdondons|skyla|1485
|player|p2|Otiplay|101|1433
|gen|9
|tier|[Gen 9] OU
|rated|
|rule|HP Percentage Mod: HP is shown in percentages
|rule|Endless Battle Clause: Forcing endless battles is banned
|rule|Species Clause: Limit one of each Pokémon
|rule|OHKO Clause: OHKO moves are banned
|rule|Evasion Items Clause: Evasion items are banned
|rule|Evasion Moves Clause: Evasion moves are banned
|rule|Evasion Abilities Clause: Evasion abilities are banned
|rule|Sleep Moves Clause: Sleep-inducing moves are banned
|clearpoke
|poke|p1|Zamazenta-*|
|poke|p1|Cresselia, F|
|poke|p1|Darkrai|
|poke|p1|Iron Treads|
|poke|p1|Raging Bolt|
|poke|p1|Iron Valiant|
|poke|p2|Thundurus-Therian, M|
|poke|p2|Tauros-Paldea-Blaze, M|
|poke|p2|Araquanid, F|
|poke|p2|Dragapult, F|
|poke|p2|Landorus-Therian, M|
|poke|p2|Kingambit, F|
|teampreview
|inactive|Battle timer is ON: inactive players will automatically lose when time's up. (requested by kingofdondons)
|
|t:|1776113341
|teamsize|p1|6
|teamsize|p2|6
|start
|switch|p1a: Raging Bolt|Raging Bolt|100/100
|switch|p2a: Blunderus-Therian|Thundurus-Therian, M|100/100
|-enditem|p1a: Raging Bolt|Booster Energy
|-activate|p1a: Raging Bolt|ability: Protosynthesis|[fromitem]
|-start|p1a: Raging Bolt|protosynthesisspa
|turn|1
|
|t:|1776113351
|move|p2a: Blunderus-Therian|Volt Switch|p1a: Raging Bolt
|-resisted|p1a: Raging Bolt
|-damage|p1a: Raging Bolt|89/100
|
|t:|1776113370
|switch|p2a: Belladonna|Kingambit, F, shiny|100/100|[from] Volt Switch
|move|p1a: Raging Bolt|Dragon Pulse|p2a: Belladonna
|-resisted|p2a: Belladonna
|-damage|p2a: Belladonna|62/100
|
|upkeep
|turn|2
|
|t:|1776113384
|move|p2a: Belladonna|Kowtow Cleave|p1a: Raging Bolt
|-damage|p1a: Raging Bolt|42/100
|move|p1a: Raging Bolt|Dragon Pulse|p2a: Belladonna
|-resisted|p2a: Belladonna
|-damage|p2a: Belladonna|27/100
|
|upkeep
|turn|3
|
|t:|1776113392
|move|p2a: Belladonna|Kowtow Cleave|p1a: Raging Bolt
|-damage|p1a: Raging Bolt|0 fnt
|faint|p1a: Raging Bolt
|-end|p1a: Raging Bolt|Protosynthesis|[silent]
|
|upkeep
|
|t:|1776113396
|switch|p1a: Zamazenta|Zamazenta|100/100
|-ability|p1a: Zamazenta|Dauntless Shield|boost
|-boost|p1a: Zamazenta|def|1
|turn|4
|
|t:|1776113403
|-end|p2a: Belladonna|fallenundefined|[silent]
|switch|p2a: Sticky Wote|Araquanid, F|100/100
|move|p1a: Zamazenta|Iron Defense|p1a: Zamazenta
|-boost|p1a: Zamazenta|def|2
|
|upkeep
|turn|5
|
|t:|1776113416
|move|p1a: Zamazenta|Iron Defense|p1a: Zamazenta
|-boost|p1a: Zamazenta|def|2
|move|p2a: Sticky Wote|Sticky Web|p1a: Zamazenta
|-sidestart|p1: kingofdondons|move: Sticky Web
|
|upkeep
|turn|6
|
|t:|1776113430
|move|p1a: Zamazenta|Body Press|p2a: Sticky Wote
|-resisted|p2a: Sticky Wote
|-damage|p2a: Sticky Wote|35/100
|move|p2a: Sticky Wote|Surf|p1a: Zamazenta
|-damage|p1a: Zamazenta|54/100
|
|-heal|p1a: Zamazenta|60/100|[from] item: Leftovers
|upkeep
|turn|7
|
|t:|1776113437
|move|p1a: Zamazenta|Body Press|p2a: Sticky Wote
|-resisted|p2a: Sticky Wote
|-damage|p2a: Sticky Wote|0 fnt
|faint|p2a: Sticky Wote
|
|-heal|p1a: Zamazenta|66/100|[from] item: Leftovers
|upkeep
|
|t:|1776113461
|switch|p2a: Blunderus-Therian|Thundurus-Therian, M|100/100
|turn|8
|
|t:|1776113468
|move|p1a: Zamazenta|Body Press|p2a: Blunderus-Therian
|-resisted|p2a: Blunderus-Therian
|-damage|p2a: Blunderus-Therian|5/100
|move|p2a: Blunderus-Therian|Volt Switch|p1a: Zamazenta
|-damage|p1a: Zamazenta|10/100
|
|t:|1776113478
|switch|p2a: Belladonna|Kingambit, F, shiny|27/100|[from] Volt Switch
|-activate|p2a: Belladonna|ability: Supreme Overlord
|-start|p2a: Belladonna|fallen1|[silent]
|
|-heal|p1a: Zamazenta|16/100|[from] item: Leftovers
|upkeep
|turn|9
|
|t:|1776113489
|move|p1a: Zamazenta|Body Press|p2a: Belladonna
|-supereffective|p2a: Belladonna
|-damage|p2a: Belladonna|0 fnt
|faint|p2a: Belladonna
|-end|p2a: Belladonna|fallen1|[silent]
|
|-heal|p1a: Zamazenta|22/100|[from] item: Leftovers
|upkeep
|
|t:|1776113492
|switch|p2a: Nightwing|Dragapult, F|100/100
|turn|10
|
|t:|1776113495
|move|p1a: Zamazenta|Crunch|p2a: Nightwing
|-supereffective|p2a: Nightwing
|-damage|p2a: Nightwing|42/100
|move|p2a: Nightwing|Dragon Dance|p2a: Nightwing
|-boost|p2a: Nightwing|atk|1
|-boost|p2a: Nightwing|spe|1
|
|-heal|p1a: Zamazenta|28/100|[from] item: Leftovers
|upkeep
|turn|11
|
|t:|1776113504
|move|p2a: Nightwing|Dragon Darts|p1a: Zamazenta
|-damage|p1a: Zamazenta|20/100
|-anim|p2a: Nightwing|Dragon Darts|p1a: Zamazenta
|-damage|p1a: Zamazenta|10/100
|move|p1a: Zamazenta|Crunch|p2a: Nightwing
|-supereffective|p2a: Nightwing
|-damage|p2a: Nightwing|0 fnt
|faint|p2a: Nightwing
|
|-heal|p1a: Zamazenta|16/100|[from] item: Leftovers
|upkeep
|
|t:|1776113511
|switch|p2a: Chudorus-Therian|Landorus-Therian, M|100/100
|-ability|p2a: Chudorus-Therian|Intimidate|boost
|-unboost|p1a: Zamazenta|atk|1
|turn|12
|
|t:|1776113518
|move|p1a: Zamazenta|Body Press|p2a: Chudorus-Therian
|-resisted|p2a: Chudorus-Therian
|-damage|p2a: Chudorus-Therian|17/100
|-damage|p1a: Zamazenta|0 fnt|[from] item: Rocky Helmet|[of] p2a: Chudorus-Therian
|faint|p1a: Zamazenta
|move|p2a: Chudorus-Therian|Earthquake|p1: Zamazenta|[notarget]
|-fail|p2a: Chudorus-Therian
|
|upkeep
|inactive|kingofdondons has 120 seconds left.
|
|t:|1776113554
|switch|p1a: Cresselia|Cresselia, F|100/100
|turn|13
|
|t:|1776113571
|move|p2a: Chudorus-Therian|U-turn|p1a: Cresselia
|-supereffective|p1a: Cresselia
|-damage|p1a: Cresselia|62/100
|
|t:|1776113574
|switch|p2a: Red Bull|Tauros-Paldea-Blaze, M|100/100|[from] U-turn
|-ability|p2a: Red Bull|Intimidate|boost
|-unboost|p1a: Cresselia|atk|1
|move|p1a: Cresselia|Ice Beam|p2a: Red Bull
|-resisted|p2a: Red Bull
|-damage|p2a: Red Bull|87/100
|
|-heal|p2a: Red Bull|93/100|[from] item: Leftovers
|upkeep
|turn|14
|
|t:|1776113586
|move|p2a: Red Bull|Flare Blitz|p1a: Cresselia
|-damage|p1a: Cresselia|20/100
|-damage|p2a: Red Bull|72/100|[from] Recoil
|move|p1a: Cresselia|Reflect|p1a: Cresselia
|-sidestart|p1: kingofdondons|Reflect
|
|-heal|p2a: Red Bull|78/100|[from] item: Leftovers
|upkeep
|turn|15
|
|t:|1776113598
|move|p2a: Red Bull|Flare Blitz|p1a: Cresselia
|-damage|p1a: Cresselia|1/100
|-damage|p2a: Red Bull|68/100|[from] Recoil
|move|p1a: Cresselia|Light Screen|p1a: Cresselia
|-sidestart|p1: kingofdondons|move: Light Screen
|
|-heal|p2a: Red Bull|74/100|[from] item: Leftovers
|upkeep
|turn|16
|
|t:|1776113603
|move|p2a: Red Bull|Flare Blitz|p1a: Cresselia
|-damage|p1a: Cresselia|0 fnt
|faint|p1a: Cresselia
|-damage|p2a: Red Bull|74/100|[from] Recoil
|
|-heal|p2a: Red Bull|80/100|[from] item: Leftovers
|upkeep
|
|t:|1776113612
|switch|p1a: Iron Treads|Iron Treads|100/100
|-activate|p1a: Iron Treads|move: Sticky Web
|-unboost|p1a: Iron Treads|spe|1
|turn|17
|
|t:|1776113625
|move|p2a: Red Bull|Will-O-Wisp|p1a: Iron Treads
|-status|p1a: Iron Treads|brn
|move|p1a: Iron Treads|Earthquake|p2a: Red Bull
|-supereffective|p2a: Red Bull
|-damage|p2a: Red Bull|12/100
|
|-heal|p2a: Red Bull|18/100|[from] item: Leftovers
|-damage|p1a: Iron Treads|94/100 brn|[from] brn
|upkeep
|turn|18
|
|t:|1776113633
|move|p2a: Red Bull|Flare Blitz|p1a: Iron Treads
|-supereffective|p1a: Iron Treads
|-damage|p1a: Iron Treads|47/100 brn
|-damage|p2a: Red Bull|1/100|[from] Recoil
|move|p1a: Iron Treads|Steel Beam|p2a: Red Bull
|-resisted|p2a: Red Bull
|-damage|p2a: Red Bull|0 fnt
|-damage|p1a: Iron Treads|0 fnt|[from] steelbeam
|faint|p1a: Iron Treads
|-end|p1a: Iron Treads|Quark Drive|[silent]
|faint|p2a: Red Bull
|
|-sideend|p1: kingofdondons|Reflect
|upkeep
|
|t:|1776113637
|switch|p1a: Darkrai|Darkrai|100/100
|switch|p2a: Chudorus-Therian|Landorus-Therian, M|17/100
|-activate|p1a: Darkrai|move: Sticky Web
|-unboost|p1a: Darkrai|spe|1
|-ability|p2a: Chudorus-Therian|Intimidate|boost
|-unboost|p1a: Darkrai|atk|1
|turn|19
|
|t:|1776113657
|move|p2a: Chudorus-Therian|Earthquake|p1a: Darkrai
|-damage|p1a: Darkrai|19/100
|move|p1a: Darkrai|Dark Pulse|p2a: Chudorus-Therian
|-damage|p2a: Chudorus-Therian|0 fnt
|faint|p2a: Chudorus-Therian
|
|-heal|p1a: Darkrai|25/100|[from] item: Leftovers
|-sideend|p1: kingofdondons|move: Light Screen
|upkeep
|
|t:|1776113662
|switch|p2a: Blunderus-Therian|Thundurus-Therian, M|5/100
|turn|20
|
|t:|1776113670
|move|p2a: Blunderus-Therian|Thunderbolt|p1a: Darkrai
|-damage|p1a: Darkrai|0 fnt
|faint|p1a: Darkrai
|
|upkeep
|
|t:|1776113671
|switch|p1a: Iron Valiant|Iron Valiant|100/100
|-activate|p1a: Iron Valiant|move: Sticky Web
|-unboost|p1a: Iron Valiant|spe|1
|-enditem|p1a: Iron Valiant|Booster Energy
|-activate|p1a: Iron Valiant|ability: Quark Drive|[fromitem]
|-start|p1a: Iron Valiant|quarkdriveatk
|turn|21
|
|t:|1776113682
|-terastallize|p1a: Iron Valiant|Dark
|move|p2a: Blunderus-Therian|Thunderbolt|p1a: Iron Valiant
|-damage|p1a: Iron Valiant|0 fnt
|faint|p1a: Iron Valiant
|-end|p1a: Iron Valiant|Quark Drive|[silent]
|
|win|Otiplay
|raw|kingofdondons's rating: 1485 &rarr; <strong>1462</strong><br />(-23 for losing)
|raw|Otiplay's rating: 1433 &rarr; <strong>1456</strong><br />(+23 for winning)
|l|☆kingofdondons
|player|p1|
|c|☆Otiplay|ggggg
|l|☆Otiplay
|player|p2|
