|html|<div class="broadcast-blue"><strong>[Gen 9] OU is currently suspecting Tera Blast! For information on how to participate check out the <a href="https://www.smogon.com/tools/suspects/view/200">suspect thread</a>.</strong></div>
|j|☆ir0nv4l14nt
|j|☆Enchidio
|t:|1776076190
|gametype|singles
|player|p1|ir0nv4l14nt|ethan|1338
|player|p2|Enchidio|gambler|1314
|gen|9
|tier|[Gen 9] OU
|rated|
|rule|HP Percentage Mod: HP is shown in percentages
|rule|Endless Battle Clause: Forcing endless battles is banned
|rule|Species Clause: Limit one of each Pokémon
|rule|OHKO Clause: OHKO moves are banned
|rule|Evasion Items Clause: Evasion items are banned
|rule|Evasion Moves Clause: Evasion moves are banned
|rule|Evasion Abilities Clause: Evasion abilities are banned
|rule|Sleep Moves Clause: Sleep-inducing moves are banned
|clearpoke
|poke|p1|Frosmoth, F|
|poke|p1|Ninetales-Alola, M|
|poke|p1|Ceruledge, F|
|poke|p1|Darkrai|
|poke|p1|Landorus-Therian, M|
|poke|p1|Iron Crown|
|poke|p2|Kyurem|
|poke|p2|Dragapult, F|
|poke|p2|Gliscor, F|
|poke|p2|Gholdengo|
|poke|p2|Clefable, M|
|poke|p2|Slowking-Galar, F|
|teampreview
|inactive|Battle timer is ON: inactive players will automatically lose when time's up. (requested by ir0nv4l14nt)
|c|☆Enchidio|glhf
|
|t:|1776076201
|teamsize|p1|6
|teamsize|p2|6
|start
|switch|p1a: Ninetales|Ninetales-Alola, M|100/100
|switch|p2a: Gholdengo|Gholdengo|100/100
|-weather|Snowscape|[from] ability: Snow Warning|[of] p1a: Ninetales
|-item|p2a: Gholdengo|Air Balloon
|turn|1
|
|t:|1776076210
|switch|p1a: Darkrai|Darkrai|100/100
|move|p2a: Gholdengo|Make It Rain|p1a: Darkrai
|-damage|p1a: Darkrai|15/100
|-unboost|p2a: Gholdengo|spa|1
|
|-weather|Snowscape|[upkeep]
|-heal|p1a: Darkrai|21/100|[from] item: Leftovers
|upkeep
|turn|2
|
|t:|1776076218
|switch|p2a: Clefable|Clefable, M|100/100
|move|p1a: Darkrai|Dark Pulse|p2a: Clefable
|-resisted|p2a: Clefable
|-damage|p2a: Clefable|80/100
|
|-weather|Snowscape|[upkeep]
|-heal|p1a: Darkrai|27/100|[from] item: Leftovers
|-heal|p2a: Clefable|86/100|[from] item: Leftovers
|upkeep
|turn|3
|
|t:|1776076223
|switch|p1a: Ninetales|Ninetales-Alola, M|100/100
|move|p2a: Clefable|Moonblast|p1a: Ninetales
|-damage|p1a: Ninetales|65/100
|
|-weather|Snowscape|[upkeep]
|-heal|p2a: Clefable|92/100|[from] item: Leftovers
|upkeep
|turn|4
|
|t:|1776076229
|move|p1a: Ninetales|Aurora Veil|p1a: Ninetales
|-sidestart|p1: ir0nv4l14nt|move: Aurora Veil
|move|p2a: Clefable|Knock Off|p1a: Ninetales
|-resisted|p1a: Ninetales
|-damage|p1a: Ninetales|61/100
|-enditem|p1a: Ninetales|Light Clay|[from] move: Knock Off|[of] p2a: Clefable
|
|-weather|Snowscape|[upkeep]
|-heal|p2a: Clefable|98/100|[from] item: Leftovers
|upkeep
|turn|5
|
|t:|1776076244
|switch|p1a: Ceruledge|Ceruledge, F|100/100
|move|p2a: Clefable|Stealth Rock|p1a: Ceruledge
|-sidestart|p1: ir0nv4l14nt|move: Stealth Rock
|
|-weather|none
|-heal|p2a: Clefable|100/100|[from] item: Leftovers
|upkeep
|turn|6
|
|t:|1776076251
|switch|p2a: Gliscor|Gliscor, F|100/100
|move|p1a: Ceruledge|Bulk Up|p1a: Ceruledge
|-boost|p1a: Ceruledge|atk|1
|-boost|p1a: Ceruledge|def|1
|
|-status|p2a: Gliscor|tox|[from] item: Toxic Orb
|upkeep
|turn|7
|
|t:|1776076255
|move|p1a: Ceruledge|Flame Charge|p2a: Gliscor
|-damage|p2a: Gliscor|72/100 tox
|-boost|p1a: Ceruledge|spe|1
|move|p2a: Gliscor|Swords Dance|p2a: Gliscor
|-boost|p2a: Gliscor|atk|2
|
|-heal|p2a: Gliscor|84/100 tox|[from] ability: Poison Heal
|upkeep
|turn|8
|
|t:|1776076261
|move|p1a: Ceruledge|Bulk Up|p1a: Ceruledge
|-boost|p1a: Ceruledge|atk|1
|-boost|p1a: Ceruledge|def|1
|move|p2a: Gliscor|Swords Dance|p2a: Gliscor
|-boost|p2a: Gliscor|atk|2
|
|-heal|p2a: Gliscor|97/100 tox|[from] ability: Poison Heal
|upkeep
|turn|9
|
|t:|1776076270
|move|p1a: Ceruledge|Poltergeist|p2a: Gliscor|[miss]
|-miss|p1a: Ceruledge|p2a: Gliscor
|move|p2a: Gliscor|Swords Dance|p2a: Gliscor
|-boost|p2a: Gliscor|atk|2
|
|-heal|p2a: Gliscor|100/100 tox|[from] ability: Poison Heal
|upkeep
|turn|10
|
|t:|1776076276
|move|p1a: Ceruledge|Poltergeist|p2a: Gliscor
|-activate|p2a: Gliscor|move: Poltergeist|Toxic Orb
|-damage|p2a: Gliscor|18/100 tox
|move|p2a: Gliscor|Knock Off|p1a: Ceruledge
|-supereffective|p1a: Ceruledge
|-damage|p1a: Ceruledge|37/100
|-enditem|p1a: Ceruledge|Heavy-Duty Boots|[from] move: Knock Off|[of] p2a: Gliscor
|
|-heal|p2a: Gliscor|31/100 tox|[from] ability: Poison Heal
|upkeep
|turn|11
|
|t:|1776076287
|move|p2a: Gliscor|Protect|p2a: Gliscor
|-singleturn|p2a: Gliscor|Protect
|move|p1a: Ceruledge|Bitter Blade|p2a: Gliscor
|-activate|p2a: Gliscor|move: Protect
|
|-heal|p2a: Gliscor|43/100 tox|[from] ability: Poison Heal
|-sideend|p1: ir0nv4l14nt|move: Aurora Veil
|upkeep
|turn|12
|
|t:|1776076296
|move|p1a: Ceruledge|Bitter Blade|p2a: Gliscor
|-damage|p2a: Gliscor|0 fnt
|-heal|p1a: Ceruledge|63/100|[from] drain|[of] p2a: Gliscor
|faint|p2a: Gliscor
|
|upkeep
|
|t:|1776076302
|switch|p2a: Kyurem|Kyurem|100/100
|-ability|p2a: Kyurem|Pressure
|turn|13
|
|t:|1776076307
|-terastallize|p2a: Kyurem|Ground
|move|p1a: Ceruledge|Bitter Blade|p2a: Kyurem
|-damage|p2a: Kyurem|21/100
|-heal|p1a: Ceruledge|100/100|[from] drain|[of] p2a: Kyurem
|move|p2a: Kyurem|Dragon Dance|p2a: Kyurem
|-boost|p2a: Kyurem|atk|1
|-boost|p2a: Kyurem|spe|1
|
|upkeep
|turn|14
|
|t:|1776076323
|move|p2a: Kyurem|Tera Blast|p1a: Ceruledge|[anim] Tera Blast Ground
|-supereffective|p1a: Ceruledge
|-damage|p1a: Ceruledge|14/100
|move|p1a: Ceruledge|Flame Charge|p2a: Kyurem
|-damage|p2a: Kyurem|0 fnt
|-boost|p1a: Ceruledge|spe|1
|faint|p2a: Kyurem
|
|upkeep
|
|t:|1776076332
|switch|p2a: Dragapult|Dragapult, F|100/100
|turn|15
|
|t:|1776076335
|move|p1a: Ceruledge|Poltergeist|p2a: Dragapult
|-activate|p2a: Dragapult|move: Poltergeist|Heavy-Duty Boots
|-supereffective|p2a: Dragapult
|-damage|p2a: Dragapult|0 fnt
|faint|p2a: Dragapult
|
|upkeep
|c|☆Enchidio|gg
|
|t:|1776076344
|switch|p2a: Slowking|Slowking-Galar, F|100/100
|turn|16
|
|t:|1776076346
|move|p1a: Ceruledge|Bitter Blade|p2a: Slowking
|-damage|p2a: Slowking|9/100
|-heal|p1a: Ceruledge|76/100|[from] drain|[of] p2a: Slowking
|move|p2a: Slowking|Thunder Wave|p1a: Ceruledge
|-status|p1a: Ceruledge|par
|
|upkeep
|turn|17
|
|t:|1776076352
|cant|p1a: Ceruledge|par
|move|p2a: Slowking|Future Sight|p1a: Ceruledge
|-start|p2a: Slowking|move: Future Sight
|
|upkeep
|turn|18
|inactive|Enchidio has 120 seconds left.
|c|☆ir0nv4l14nt|GG
|
|t:|1776076388
|switch|p2a: Clefable|Clefable, M|100/100
|move|p1a: Ceruledge|Bitter Blade|p2a: Clefable
|-damage|p2a: Clefable|31/100
|-heal|p1a: Ceruledge|100/100 par|[from] drain|[of] p2a: Clefable
|
|-heal|p2a: Clefable|37/100|[from] item: Leftovers
|upkeep
|turn|19
|inactive|Enchidio has 120 seconds left.
|
|t:|1776076394
|move|p1a: Ceruledge|Bitter Blade|p2a: Clefable
|-damage|p2a: Clefable|0 fnt
|faint|p2a: Clefable
|
|-end|p1a: Ceruledge|move: Future Sight
|-damage|p1a: Ceruledge|52/100 par
|upkeep
|
|t:|1776076396
|switch|p2a: Gholdengo|Gholdengo|100/100
|-item|p2a: Gholdengo|Air Balloon
|turn|20
|
|t:|1776076399
|move|p1a: Ceruledge|Bitter Blade|p2a: Gholdengo
|-supereffective|p2a: Gholdengo
|-damage|p2a: Gholdengo|0 fnt
|-heal|p1a: Ceruledge|100/100 par|[from] drain|[of] p2a: Gholdengo
|-enditem|p2a: Gholdengo|Air Balloon
|faint|p2a: Gholdengo
|
|upkeep
|
|t:|1776076401
|switch|p2a: Slowking|Slowking-Galar, F|42/100
|turn|21
|
|t:|1776076404
|move|p1a: Ceruledge|Bitter Blade|p2a: Slowking
|-damage|p2a: Slowking|0 fnt
|faint|p2a: Slowking
|
|win|ir0nv4l14nt
|raw|ir0nv4l14nt's rating: 1338 &rarr; <strong>1357</strong><br />(+19 for winning)
|raw|Enchidio's rating: 1314 &rarr; <strong>1295</strong><br />(-19 for losing)
|l|☆Enchidio
|player|p2|
