|html|<div class="broadcast-blue"><strong>[Gen 9] OU is currently suspecting Tera Blast! For information on how to participate check out the <a href="https://www.smogon.com/tools/suspects/view/200">suspect thread</a>.</strong></div>
|j|☆happyliodestroyer
|j|☆ming nao
|t:|1776054727
|gametype|singles
|player|p1|happyliodestroyer|lucas|1147
|player|p2|ming nao|palmer|1104
|gen|9
|tier|[Gen 9] OU
|rated|
|rule|HP Percentage Mod: HP is shown in percentages
|rule|Endless Battle Clause: Forcing endless battles is banned
|rule|Species Clause: Limit one of each Pokémon
|rule|OHKO Clause: OHKO moves are banned
|rule|Evasion Items Clause: Evasion items are banned
|rule|Evasion Moves Clause: Evasion moves are banned
|rule|Evasion Abilities Clause: Evasion abilities are banned
|rule|Sleep Moves Clause: Sleep-inducing moves are banned
|clearpoke
|poke|p1|Garchomp, M|
|poke|p1|Clodsire, M|
|poke|p1|Corviknight, M|
|poke|p1|Rotom-Wash|
|poke|p1|Iron Moth|
|poke|p1|Tornadus-Therian, M|
|poke|p2|Zangoose, F|
|poke|p2|Quaquaval, M|
|poke|p2|Forretress, M|
|poke|p2|Clodsire, F|
|poke|p2|Skeledirge, M|
|poke|p2|Lokix, M|
|teampreview
|
|t:|1776054735
|teamsize|p1|6
|teamsize|p2|6
|start
|switch|p1a: Tornadus|Tornadus-Therian, M, shiny|100/100
|switch|p2a: Forretress|Forretress, M|100/100
|turn|1
|
|t:|1776054744
|move|p1a: Tornadus|Taunt|p2a: Forretress
|-start|p2a: Forretress|move: Taunt
|cant|p2a: Forretress|move: Taunt|Stealth Rock
|
|upkeep
|turn|2
|
|t:|1776054756
|switch|p2a: Skeledirge|Skeledirge, M|100/100
|move|p1a: Tornadus|Hurricane|p2a: Skeledirge|[miss]
|-miss|p1a: Tornadus|p2a: Skeledirge
|
|upkeep
|turn|3
|
|t:|1776054764
|move|p1a: Tornadus|Knock Off|p2a: Skeledirge
|-supereffective|p2a: Skeledirge
|-damage|p2a: Skeledirge|60/100
|-enditem|p2a: Skeledirge|Heavy-Duty Boots|[from] move: Knock Off|[of] p1a: Tornadus
|move|p2a: Skeledirge|Torch Song|p1a: Tornadus
|-damage|p1a: Tornadus|60/100
|-boost|p2a: Skeledirge|spa|1
|
|upkeep
|turn|4
|
|t:|1776054776
|switch|p1a: Clodsire|Clodsire, M|100/100
|move|p2a: Skeledirge|Torch Song|p1a: Clodsire
|-damage|p1a: Clodsire|82/100
|-boost|p2a: Skeledirge|spa|1
|
|-heal|p1a: Clodsire|89/100|[from] item: Leftovers
|upkeep
|turn|5
|
|t:|1776054785
|move|p2a: Skeledirge|Earth Power|p1a: Clodsire
|-supereffective|p1a: Clodsire
|-damage|p1a: Clodsire|63/100
|move|p1a: Clodsire|Haze|p1a: Clodsire
|-clearallboost
|
|-heal|p1a: Clodsire|69/100|[from] item: Leftovers
|upkeep
|turn|6
|
|t:|1776054793
|switch|p2a: Forretress|Forretress, M|100/100
|move|p1a: Clodsire|Toxic|p2a: Forretress
|-immune|p2a: Forretress
|
|-heal|p1a: Clodsire|76/100|[from] item: Leftovers
|upkeep
|turn|7
|
|t:|1776054803
|switch|p1a: Corviknight|Corviknight, M, shiny|100/100
|move|p2a: Forretress|Stealth Rock|p1a: Corviknight
|-sidestart|p1: happyliodestroyer|move: Stealth Rock
|
|upkeep
|turn|8
|
|t:|1776054812
|switch|p2a: Skeledirge|Skeledirge, M|60/100
|move|p1a: Corviknight|Defog|p2a: Skeledirge
|-unboost|p2a: Skeledirge|evasion|1
|-sideend|p1: happyliodestroyer|Stealth Rock|[from] move: Defog|[of] p1a: Corviknight
|
|upkeep
|turn|9
|
|t:|1776054821
|switch|p1a: Tornadus|Tornadus-Therian, M, shiny|93/100
|move|p2a: Skeledirge|Will-O-Wisp|p1a: Tornadus
|-status|p1a: Tornadus|brn
|
|-damage|p1a: Tornadus|87/100 brn|[from] brn
|upkeep
|turn|10
|
|t:|1776054831
|move|p1a: Tornadus|U-turn|p2a: Skeledirge
|-resisted|p2a: Skeledirge
|-damage|p2a: Skeledirge|59/100
|
|t:|1776054844
|switch|p1a: Clodsire|Clodsire, M|76/100|[from] U-turn
|move|p2a: Skeledirge|Hex|p1a: Clodsire
|-damage|p1a: Clodsire|61/100
|
|-heal|p1a: Clodsire|68/100|[from] item: Leftovers
|upkeep
|turn|11
|inactive|Battle timer is ON: inactive players will automatically lose when time's up. (requested by ming nao)
|
|t:|1776054852
|move|p2a: Skeledirge|Will-O-Wisp|p1a: Clodsire
|-status|p1a: Clodsire|brn
|move|p1a: Clodsire|Stealth Rock|p2a: Skeledirge
|-sidestart|p2: ming nao|move: Stealth Rock
|
|-heal|p1a: Clodsire|74/100 brn|[from] item: Leftovers
|-damage|p1a: Clodsire|68/100 brn|[from] brn
|upkeep
|turn|12
|
|t:|1776054864
|switch|p2a: Zangoose|Zangoose, F|100/100
|-damage|p2a: Zangoose|88/100|[from] Stealth Rock
|move|p1a: Clodsire|Toxic|p2a: Zangoose
|-status|p2a: Zangoose|tox
|
|-heal|p1a: Clodsire|74/100 brn|[from] item: Leftovers
|-damage|p2a: Zangoose|82/100 tox|[from] psn
|-damage|p1a: Clodsire|68/100 brn|[from] brn
|upkeep
|turn|13
|
|t:|1776054884
|switch|p1a: Corviknight|Corviknight, M, shiny|100/100
|move|p2a: Zangoose|Facade|p1a: Corviknight
|-resisted|p1a: Corviknight
|-damage|p1a: Corviknight|67/100
|
|-damage|p2a: Zangoose|69/100 tox|[from] psn
|upkeep
|turn|14
|
|t:|1776054898
|move|p2a: Zangoose|Knock Off|p1a: Corviknight
|-damage|p1a: Corviknight|39/100
|-enditem|p1a: Corviknight|Heavy-Duty Boots|[from] move: Knock Off|[of] p2a: Zangoose
|move|p1a: Corviknight|Iron Defense|p1a: Corviknight
|-boost|p1a: Corviknight|def|2
|
|-damage|p2a: Zangoose|50/100 tox|[from] psn
|upkeep
|turn|15
|
|t:|1776054912
|switch|p2a: Skeledirge|Skeledirge, M|59/100
|-damage|p2a: Skeledirge|34/100|[from] Stealth Rock
|move|p1a: Corviknight|Roost|p1a: Corviknight
|-heal|p1a: Corviknight|89/100
|-singleturn|p1a: Corviknight|move: Roost
|
|upkeep
|turn|16
|
|t:|1776054927
|switch|p1a: Rotom|Rotom-Wash, shiny|100/100
|move|p2a: Skeledirge|Torch Song|p1a: Rotom
|-resisted|p1a: Rotom
|-damage|p1a: Rotom|83/100
|-boost|p2a: Skeledirge|spa|1
|
|-heal|p1a: Rotom|89/100|[from] item: Leftovers
|upkeep
|turn|17
|
|t:|1776054938
|move|p1a: Rotom|Hydro Pump|p2a: Skeledirge
|-supereffective|p2a: Skeledirge
|-damage|p2a: Skeledirge|0 fnt
|faint|p2a: Skeledirge
|
|-heal|p1a: Rotom|95/100|[from] item: Leftovers
|upkeep
|
|t:|1776054949
|switch|p2a: Clodsire|Clodsire, F|100/100
|-damage|p2a: Clodsire|94/100|[from] Stealth Rock
|turn|18
|
|t:|1776054956
|move|p1a: Rotom|Hydro Pump|p2a: Clodsire
|-heal|p2a: Clodsire|100/100|[from] ability: Water Absorb|[of] p1a: Rotom
|move|p2a: Clodsire|Toxic|p1a: Rotom
|-status|p1a: Rotom|tox
|
|-heal|p1a: Rotom|100/100 tox|[from] item: Leftovers
|-damage|p1a: Rotom|95/100 tox|[from] psn
|upkeep
|turn|19
|
|t:|1776054974
|switch|p1a: Tornadus|Tornadus-Therian, M, shiny|100/100 brn
|switch|p2a: Zangoose|Zangoose, F|50/100 tox
|-damage|p2a: Zangoose|38/100 tox|[from] Stealth Rock
|
|-damage|p2a: Zangoose|32/100 tox|[from] psn
|-damage|p1a: Tornadus|94/100 brn|[from] brn
|upkeep
|turn|20
|
|t:|1776054985
|move|p1a: Tornadus|U-turn|p2a: Zangoose
|-damage|p2a: Zangoose|17/100 tox
|
|t:|1776054991
|switch|p1a: Corviknight|Corviknight, M, shiny|89/100|[from] U-turn
|move|p2a: Zangoose|Facade|p1a: Corviknight
|-resisted|p1a: Corviknight
|-damage|p1a: Corviknight|55/100
|
|-damage|p2a: Zangoose|4/100 tox|[from] psn
|upkeep
|turn|21
|
|t:|1776055002
|move|p2a: Zangoose|Close Combat|p1a: Corviknight
|-damage|p1a: Corviknight|16/100
|-unboost|p2a: Zangoose|def|1
|-unboost|p2a: Zangoose|spd|1
|move|p1a: Corviknight|Iron Defense|p1a: Corviknight
|-boost|p1a: Corviknight|def|2
|
|-damage|p2a: Zangoose|0 fnt|[from] psn
|faint|p2a: Zangoose
|upkeep
|
|t:|1776055009
|switch|p2a: Quaquaval|Quaquaval, M|100/100
|-damage|p2a: Quaquaval|94/100|[from] Stealth Rock
|turn|22
|
|t:|1776055026
|switch|p1a: Rotom|Rotom-Wash, shiny|95/100 tox
|-terastallize|p2a: Quaquaval|Water
|move|p2a: Quaquaval|Aqua Step|p1a: Rotom
|-resisted|p1a: Rotom
|-damage|p1a: Rotom|64/100 tox
|-boost|p2a: Quaquaval|spe|1
|-damage|p2a: Quaquaval|85/100|[from] item: Life Orb
|
|-heal|p1a: Rotom|70/100 tox|[from] item: Leftovers
|-damage|p1a: Rotom|64/100 tox|[from] psn
|upkeep
|turn|23
|
|t:|1776055045
|move|p2a: Quaquaval|Flip Turn|p1a: Rotom
|-resisted|p1a: Rotom
|-damage|p1a: Rotom|43/100 tox
|-damage|p2a: Quaquaval|75/100|[from] item: Life Orb
|
|t:|1776055047
|switch|p2a: Clodsire|Clodsire, F|100/100|[from] Flip Turn
|-damage|p2a: Clodsire|94/100|[from] Stealth Rock
|move|p1a: Rotom|Volt Switch|p2a: Clodsire
|-immune|p2a: Clodsire
|
|-heal|p1a: Rotom|49/100 tox|[from] item: Leftovers
|-heal|p2a: Clodsire|100/100|[from] item: Leftovers
|-damage|p1a: Rotom|37/100 tox|[from] psn
|upkeep
|turn|24
|
|t:|1776055061
|move|p1a: Rotom|Will-O-Wisp|p2a: Clodsire|[miss]
|-miss|p1a: Rotom|p2a: Clodsire
|move|p2a: Clodsire|Chilling Water|p1a: Rotom
|-resisted|p1a: Rotom
|-damage|p1a: Rotom|34/100 tox
|-unboost|p1a: Rotom|atk|1
|
|-heal|p1a: Rotom|39/100 tox|[from] item: Leftovers
|-damage|p1a: Rotom|22/100 tox|[from] psn
|upkeep
|turn|25
|
|t:|1776055078
|switch|p2a: Forretress|Forretress, M|100/100
|-damage|p2a: Forretress|88/100|[from] Stealth Rock
|move|p1a: Rotom|Will-O-Wisp|p2a: Forretress
|-status|p2a: Forretress|brn
|
|-heal|p1a: Rotom|28/100 tox|[from] item: Leftovers
|-heal|p2a: Forretress|94/100 brn|[from] item: Leftovers
|-damage|p1a: Rotom|4/100 tox|[from] psn
|-damage|p2a: Forretress|88/100 brn|[from] brn
|upkeep
|turn|26
|
|t:|1776055090
|switch|p2a: Clodsire|Clodsire, F|100/100
|-damage|p2a: Clodsire|94/100|[from] Stealth Rock
|move|p1a: Rotom|Volt Switch|p2a: Clodsire
|-immune|p2a: Clodsire
|
|-heal|p1a: Rotom|10/100 tox|[from] item: Leftovers
|-heal|p2a: Clodsire|100/100|[from] item: Leftovers
|-damage|p1a: Rotom|0 fnt|[from] psn
|faint|p1a: Rotom
|upkeep
|
|t:|1776055110
|switch|p1a: Garchomp|Garchomp, M|100/100
|turn|27
|
|t:|1776055117
|move|p1a: Garchomp|Swords Dance|p1a: Garchomp
|-boost|p1a: Garchomp|atk|2
|move|p2a: Clodsire|Chilling Water|p1a: Garchomp
|-damage|p1a: Garchomp|93/100
|-unboost|p1a: Garchomp|atk|1
|
|upkeep
|turn|28
|
|t:|1776055125
|switch|p2a: Forretress|Forretress, M|88/100 brn
|-damage|p2a: Forretress|76/100 brn|[from] Stealth Rock
|move|p1a: Garchomp|Swords Dance|p1a: Garchomp
|-boost|p1a: Garchomp|atk|2
|
|-heal|p2a: Forretress|82/100 brn|[from] item: Leftovers
|-damage|p2a: Forretress|76/100 brn|[from] brn
|upkeep
|turn|29
|
|t:|1776055137
|move|p1a: Garchomp|Earthquake|p2a: Forretress
|-damage|p2a: Forretress|0 fnt
|faint|p2a: Forretress
|
|upkeep
|
|t:|1776055144
|switch|p2a: Lokix|Lokix, M|100/100
|-damage|p2a: Lokix|75/100|[from] Stealth Rock
|turn|30
|
|t:|1776055152
|move|p2a: Lokix|First Impression|p1a: Garchomp
|-damage|p1a: Garchomp|49/100
|-damage|p2a: Lokix|63/100|[from] ability: Rough Skin|[of] p1a: Garchomp
|move|p1a: Garchomp|Scale Shot|p2a: Lokix
|-damage|p2a: Lokix|13/100
|-damage|p2a: Lokix|0 fnt
|faint|p2a: Lokix
|-hitcount|p2: Lokix|2
|-unboost|p1a: Garchomp|def|1
|-boost|p1a: Garchomp|spe|1
|
|upkeep
|
|t:|1776055158
|switch|p2a: Quaquaval|Quaquaval, M, tera:Water|75/100
|-damage|p2a: Quaquaval|63/100|[from] Stealth Rock
|turn|31
|
|t:|1776055167
|-terastallize|p1a: Garchomp|Steel
|move|p1a: Garchomp|Scale Shot|p2a: Quaquaval
|-damage|p2a: Quaquaval|29/100
|-damage|p2a: Quaquaval|0 fnt
|faint|p2a: Quaquaval
|-hitcount|p2: Quaquaval|2
|-unboost|p1a: Garchomp|def|1
|-boost|p1a: Garchomp|spe|1
|
|upkeep
|-message|ming nao forfeited.
|
|win|happyliodestroyer
|raw|happyliodestroyer's rating: 1147 &rarr; <strong>1169</strong><br />(+22 for winning)
|raw|ming nao's rating: 1104 &rarr; <strong>1082</strong><br />(-22 for losing)
|l|☆ming nao
|player|p2|
|l|☆happyliodestroyer
|player|p1|
