|html|<div class="broadcast-blue"><strong>[Gen 9] OU is currently suspecting Tera Blast! For information on how to participate check out the <a href="https://www.smogon.com/tools/suspects/view/200">suspect thread</a>.</strong></div>
|badge|p2|bronze|gen9randombattle|100-9
|uhtml|medal-msg|<div class="broadcast-blue">Curious what those medals under the avatar are? PS now has Ladder Seasons! For more information, check out the <a href="https://www.smogon.com/forums/threads/3740067/">thread on Smogon.</a></div>
|j|☆Blastoise_Choice
|j|‽LT_Alt1
|t:|1776061175
|gametype|singles
|player|p1|Blastoise_Choice|benga|1599
|player|p2|LT_Alt1|101|1719
|gen|9
|tier|[Gen 9] OU
|rated|
|rule|HP Percentage Mod: HP is shown in percentages
|rule|Endless Battle Clause: Forcing endless battles is banned
|rule|Species Clause: Limit one of each Pokémon
|rule|OHKO Clause: OHKO moves are banned
|rule|Evasion Items Clause: Evasion items are banned
|rule|Evasion Moves Clause: Evasion moves are banned
|rule|Evasion Abilities Clause: Evasion abilities are banned
|rule|Sleep Moves Clause: Sleep-inducing moves are banned
|clearpoke
|poke|p1|Hydrapple, M|
|poke|p1|Tyranitar, F|
|poke|p1|Moltres|
|poke|p1|Zamazenta-*|
|poke|p1|Slowking-Galar, F|
|poke|p1|Excadrill, F|
|poke|p2|Garganacl, F|
|poke|p2|Slowking-Galar, F|
|poke|p2|Kyurem|
|poke|p2|Weezing-Galar, F|
|poke|p2|Moltres|
|poke|p2|Iron Treads|
|teampreview
|c|☆Blastoise_Choice|hf
|inactive|Battle timer is ON: inactive players will automatically lose when time's up. (requested by Blastoise_Choice)
|
|t:|1776061189
|teamsize|p1|6
|teamsize|p2|6
|start
|switch|p1a: Tyranitar|Tyranitar, F|100/100
|switch|p2a: Garganacl|Garganacl, F|100/100
|-weather|Sandstorm|[from] ability: Sand Stream|[of] p1a: Tyranitar
|turn|1
|
|t:|1776061195
|move|p1a: Tyranitar|Stealth Rock|p2a: Garganacl
|-sidestart|p2: LT_Alt1|move: Stealth Rock
|move|p2a: Garganacl|Body Press|p1a: Tyranitar
|-supereffective|p1a: Tyranitar
|-damage|p1a: Tyranitar|17/100
|
|-weather|Sandstorm|[upkeep]
|upkeep
|turn|2
|
|t:|1776061203
|move|p1a: Tyranitar|Knock Off|p2a: Garganacl
|-damage|p2a: Garganacl|76/100
|-enditem|p2a: Garganacl|Leftovers|[from] move: Knock Off|[of] p1a: Tyranitar
|move|p2a: Garganacl|Salt Cure|p1a: Tyranitar
|-damage|p1a: Tyranitar|7/100
|-start|p1a: Tyranitar|Salt Cure
|
|-weather|Sandstorm|[upkeep]
|-damage|p1a: Tyranitar|0 fnt|[from] Salt Cure
|faint|p1a: Tyranitar
|upkeep
|
|t:|1776061211
|switch|p1a: Zamazenta|Zamazenta|100/100
|-ability|p1a: Zamazenta|Dauntless Shield|boost
|-boost|p1a: Zamazenta|def|1
|turn|3
|
|t:|1776061218
|switch|p2a: Weezing|Weezing-Galar, F|100/100
|-ability|p2a: Weezing|Neutralizing Gas
|-damage|p2a: Weezing|88/100|[from] Stealth Rock
|move|p1a: Zamazenta|Roar|p2a: Weezing
|-end|p2a: Weezing|ability: Neutralizing Gas
|drag|p2a: Slowking|Slowking-Galar, F|100/100
|-damage|p2a: Slowking|88/100|[from] Stealth Rock
|
|-weather|Sandstorm|[upkeep]
|-damage|p1a: Zamazenta|94/100|[from] Sandstorm
|-damage|p2a: Slowking|82/100|[from] Sandstorm
|-heal|p1a: Zamazenta|100/100|[from] item: Leftovers
|upkeep
|turn|4
|
|t:|1776061230
|move|p1a: Zamazenta|Crunch|p2a: Slowking
|-supereffective|p2a: Slowking
|-enditem|p2a: Slowking|Colbur Berry|[eat]
|-enditem|p2a: Slowking|Colbur Berry|[weaken]
|-damage|p2a: Slowking|61/100
|move|p2a: Slowking|Thunder Wave|p1a: Zamazenta
|-status|p1a: Zamazenta|par
|
|-weather|Sandstorm|[upkeep]
|-damage|p1a: Zamazenta|94/100 par|[from] Sandstorm
|-damage|p2a: Slowking|55/100|[from] Sandstorm
|-heal|p1a: Zamazenta|100/100 par|[from] item: Leftovers
|upkeep
|turn|5
|
|t:|1776061238
|switch|p2a: Weezing|Weezing-Galar, F|88/100
|-ability|p2a: Weezing|Neutralizing Gas
|-damage|p2a: Weezing|75/100|[from] Stealth Rock
|move|p1a: Zamazenta|Crunch|p2a: Weezing
|-resisted|p2a: Weezing
|-damage|p2a: Weezing|67/100
|
|-weather|Sandstorm|[upkeep]
|-damage|p1a: Zamazenta|94/100 par|[from] Sandstorm
|-damage|p2a: Weezing|61/100|[from] Sandstorm
|-heal|p1a: Zamazenta|100/100 par|[from] item: Leftovers
|-heal|p2a: Weezing|67/100|[from] item: Leftovers
|upkeep
|turn|6
|
|t:|1776061246
|switch|p1a: Hydrapple|Hydrapple, M|100/100
|move|p2a: Weezing|Defog|p1a: Hydrapple
|-unboost|p1a: Hydrapple|evasion|1
|-sideend|p2: LT_Alt1|Stealth Rock|[from] move: Defog|[of] p2a: Weezing
|
|-weather|Sandstorm|[upkeep]
|-damage|p2a: Weezing|61/100|[from] Sandstorm
|-damage|p1a: Hydrapple|94/100|[from] Sandstorm
|-heal|p2a: Weezing|67/100|[from] item: Leftovers
|upkeep
|turn|7
|
|t:|1776061253
|move|p2a: Weezing|Strange Steam|p1a: Hydrapple
|-supereffective|p1a: Hydrapple
|-damage|p1a: Hydrapple|35/100
|move|p1a: Hydrapple|Earth Power|p2a: Weezing
|-supereffective|p2a: Weezing
|-damage|p2a: Weezing|0 fnt
|faint|p2a: Weezing
|-end|p2a: Weezing|ability: Neutralizing Gas
|
|-weather|Sandstorm|[upkeep]
|-damage|p1a: Hydrapple|29/100|[from] Sandstorm
|upkeep
|
|t:|1776061260
|switch|p2a: Kyurem|Kyurem|100/100
|-ability|p2a: Kyurem|Pressure
|turn|8
|
|t:|1776061269
|switch|p1a: Zamazenta|Zamazenta|100/100 par
|move|p2a: Kyurem|Scale Shot|p1a: Zamazenta
|-damage|p1a: Zamazenta|94/100 par
|-damage|p1a: Zamazenta|87/100 par
|-damage|p1a: Zamazenta|79/100 par
|-damage|p1a: Zamazenta|72/100 par
|-damage|p1a: Zamazenta|64/100 par
|-hitcount|p1a: Zamazenta|5
|-unboost|p2a: Kyurem|def|1
|-boost|p2a: Kyurem|spe|1
|
|-weather|none
|-heal|p1a: Zamazenta|71/100 par|[from] item: Leftovers
|upkeep
|turn|9
|
|t:|1776061277
|switch|p2a: Moltres|Moltres|100/100
|move|p1a: Zamazenta|Body Press|p2a: Moltres
|-resisted|p2a: Moltres
|-damage|p2a: Moltres|86/100
|
|-heal|p1a: Zamazenta|77/100 par|[from] item: Leftovers
|upkeep
|turn|10
|
|t:|1776061284
|switch|p1a: Slowking|Slowking-Galar, F|100/100
|move|p2a: Moltres|U-turn|p1a: Slowking
|-damage|p1a: Slowking|90/100
|
|t:|1776061287
|switch|p2a: Iron Treads|Iron Treads|100/100|[from] U-turn
|
|upkeep
|turn|11
|
|t:|1776061293
|switch|p1a: Hydrapple|Hydrapple, M|62/100
|move|p2a: Iron Treads|Knock Off|p1a: Hydrapple
|-damage|p1a: Hydrapple|47/100
|-enditem|p1a: Hydrapple|Heavy-Duty Boots|[from] move: Knock Off|[of] p2a: Iron Treads
|
|upkeep
|turn|12
|
|t:|1776061300
|switch|p1a: Zamazenta|Zamazenta|77/100 par
|move|p2a: Iron Treads|Stealth Rock|p1a: Zamazenta
|-sidestart|p1: Blastoise_Choice|move: Stealth Rock
|
|-heal|p1a: Zamazenta|83/100 par|[from] item: Leftovers
|upkeep
|turn|13
|
|t:|1776061307
|-end|p2a: Iron Treads|Quark Drive|[silent]
|switch|p2a: Slowking|Slowking-Galar, F|89/100
|move|p1a: Zamazenta|Body Press|p2a: Slowking
|-resisted|p2a: Slowking
|-damage|p2a: Slowking|79/100
|
|-heal|p1a: Zamazenta|89/100 par|[from] item: Leftovers
|upkeep
|turn|14
|
|t:|1776061313
|move|p1a: Zamazenta|Crunch|p2a: Slowking
|-supereffective|p2a: Slowking
|-damage|p2a: Slowking|37/100
|move|p2a: Slowking|Future Sight|p1a: Zamazenta
|-start|p2a: Slowking|move: Future Sight
|
|-heal|p1a: Zamazenta|95/100 par|[from] item: Leftovers
|upkeep
|turn|15
|
|t:|1776061320
|switch|p1a: Slowking|Slowking-Galar, F|100/100
|-damage|p1a: Slowking|88/100|[from] Stealth Rock
|switch|p2a: Moltres|Moltres|86/100
|
|upkeep
|turn|16
|
|t:|1776061326
|move|p2a: Moltres|Will-O-Wisp|p1a: Slowking
|-status|p1a: Slowking|brn
|move|p1a: Slowking|Psyshock|p2a: Moltres
|-damage|p2a: Moltres|65/100
|
|-end|p1a: Slowking|move: Future Sight
|-damage|p1a: Slowking|63/100 brn
|-damage|p1a: Slowking|56/100 brn|[from] brn
|upkeep
|turn|17
|
|t:|1776061333
|switch|p1a: Zamazenta|Zamazenta|95/100 par
|-damage|p1a: Zamazenta|89/100 par|[from] Stealth Rock
|move|p2a: Moltres|U-turn|p1a: Zamazenta
|-resisted|p1a: Zamazenta
|-damage|p1a: Zamazenta|84/100 par
|
|t:|1776061336
|switch|p2a: Slowking|Slowking-Galar, F|70/100|[from] U-turn
|
|-heal|p1a: Zamazenta|90/100 par|[from] item: Leftovers
|upkeep
|turn|18
|
|t:|1776061343
|move|p1a: Zamazenta|Crunch|p2a: Slowking
|-supereffective|p2a: Slowking
|-damage|p2a: Slowking|29/100
|move|p2a: Slowking|Future Sight|p1a: Zamazenta
|-start|p2a: Slowking|move: Future Sight
|
|-heal|p1a: Zamazenta|96/100 par|[from] item: Leftovers
|upkeep
|turn|19
|
|t:|1776061349
|switch|p1a: Excadrill|Excadrill, F|100/100
|-damage|p1a: Excadrill|97/100|[from] Stealth Rock
|-item|p1a: Excadrill|Air Balloon
|switch|p2a: Moltres|Moltres|65/100
|
|upkeep
|turn|20
|
|t:|1776061356
|-terastallize|p2a: Moltres|Dragon
|move|p1a: Excadrill|Rapid Spin|p2a: Moltres
|-damage|p2a: Moltres|52/100
|-boost|p1a: Excadrill|spe|1
|-sideend|p1: Blastoise_Choice|Stealth Rock|[from] move: Rapid Spin|[of] p1a: Excadrill
|move|p2a: Moltres|Flamethrower|p1a: Excadrill
|-supereffective|p1a: Excadrill
|-damage|p1a: Excadrill|0 fnt
|-enditem|p1a: Excadrill|Air Balloon
|faint|p1a: Excadrill
|
|-hint|Future Sight did not hit because the target is fainted.
|upkeep
|
|t:|1776061360
|switch|p1a: Hydrapple|Hydrapple, M|81/100
|turn|21
|
|t:|1776061364
|move|p2a: Moltres|U-turn|p1a: Hydrapple
|-supereffective|p1a: Hydrapple
|-damage|p1a: Hydrapple|62/100
|
|t:|1776061366
|switch|p2a: Slowking|Slowking-Galar, F|62/100|[from] U-turn
|move|p1a: Hydrapple|Fickle Beam|p2a: Slowking|[anim] Fickle Beam All Out
|-activate|p1a: Hydrapple|move: Fickle Beam
|-damage|p2a: Slowking|20/100
|
|upkeep
|turn|22
|
|t:|1776061383
|switch|p2a: Iron Treads|Iron Treads|100/100
|move|p1a: Hydrapple|Fickle Beam|p2a: Iron Treads
|-resisted|p2a: Iron Treads
|-damage|p2a: Iron Treads|80/100
|
|-heal|p2a: Iron Treads|86/100|[from] item: Leftovers
|upkeep
|turn|23
|
|t:|1776061389
|switch|p1a: Zamazenta|Zamazenta|96/100 par
|move|p2a: Iron Treads|Stealth Rock|p1a: Zamazenta
|-sidestart|p1: Blastoise_Choice|move: Stealth Rock
|
|-heal|p2a: Iron Treads|93/100|[from] item: Leftovers
|-heal|p1a: Zamazenta|100/100 par|[from] item: Leftovers
|upkeep
|turn|24
|
|t:|1776061396
|-end|p2a: Iron Treads|Quark Drive|[silent]
|switch|p2a: Moltres|Moltres, tera:Dragon|52/100
|move|p1a: Zamazenta|Iron Defense|p1a: Zamazenta
|-boost|p1a: Zamazenta|def|2
|
|upkeep
|turn|25
|
|t:|1776061405
|move|p2a: Moltres|U-turn|p1a: Zamazenta
|-resisted|p1a: Zamazenta
|-crit|p1a: Zamazenta
|-damage|p1a: Zamazenta|92/100 par
|
|t:|1776061407
|switch|p2a: Slowking|Slowking-Galar, F|53/100|[from] U-turn
|cant|p1a: Zamazenta|par
|
|-heal|p1a: Zamazenta|98/100 par|[from] item: Leftovers
|upkeep
|turn|26
|
|t:|1776061413
|cant|p1a: Zamazenta|par
|move|p2a: Slowking|Future Sight|p1a: Zamazenta
|-start|p2a: Slowking|move: Future Sight
|
|-heal|p1a: Zamazenta|100/100 par|[from] item: Leftovers
|upkeep
|turn|27
|
|t:|1776061419
|switch|p2a: Moltres|Moltres, tera:Dragon|52/100
|cant|p1a: Zamazenta|par
|
|upkeep
|turn|28
|
|t:|1776061423
|-terastallize|p1a: Zamazenta|Fire
|move|p2a: Moltres|Flamethrower|p1a: Zamazenta
|-resisted|p1a: Zamazenta
|-damage|p1a: Zamazenta|82/100 par
|move|p1a: Zamazenta|Body Press|p2a: Moltres
|-damage|p2a: Moltres|0 fnt
|faint|p2a: Moltres
|
|-end|p1a: Zamazenta|move: Future Sight
|-damage|p1a: Zamazenta|36/100 par
|-heal|p1a: Zamazenta|43/100 par|[from] item: Leftovers
|upkeep
|
|t:|1776061426
|switch|p2a: Kyurem|Kyurem|100/100
|-ability|p2a: Kyurem|Pressure
|turn|29
|
|t:|1776061433
|switch|p1a: Moltres|Moltres|100/100
|move|p2a: Kyurem|Earth Power|p1a: Moltres
|-immune|p1a: Moltres
|
|upkeep
|turn|30
|
|t:|1776061439
|move|p2a: Kyurem|Ice Beam|p1a: Moltres
|-damage|p1a: Moltres|49/100
|move|p1a: Moltres|Roost|p1a: Moltres
|-heal|p1a: Moltres|99/100
|-singleturn|p1a: Moltres|move: Roost
|
|upkeep
|turn|31
|
|t:|1776061448
|switch|p2a: Garganacl|Garganacl, F|76/100
|move|p1a: Moltres|Roost|p1a: Moltres
|-heal|p1a: Moltres|100/100
|-singleturn|p1a: Moltres|move: Roost
|
|upkeep
|turn|32
|
|t:|1776061454
|move|p1a: Moltres|U-turn|p2a: Garganacl
|-damage|p2a: Garganacl|68/100
|
|t:|1776061461
|switch|p1a: Hydrapple|Hydrapple, M|95/100|[from] U-turn
|-damage|p1a: Hydrapple|83/100|[from] Stealth Rock
|move|p2a: Garganacl|Salt Cure|p1a: Hydrapple
|-damage|p1a: Hydrapple|74/100
|-start|p1a: Hydrapple|Salt Cure
|
|-damage|p1a: Hydrapple|62/100|[from] Salt Cure
|upkeep
|turn|33
|
|t:|1776061468
|move|p1a: Hydrapple|Earth Power|p2a: Garganacl
|-supereffective|p2a: Garganacl
|-damage|p2a: Garganacl|32/100
|move|p2a: Garganacl|Salt Cure|p1a: Hydrapple
|-damage|p1a: Hydrapple|54/100
|
|-damage|p1a: Hydrapple|41/100|[from] Salt Cure
|upkeep
|turn|34
|
|t:|1776061475
|switch|p2a: Slowking|Slowking-Galar, F|86/100
|move|p1a: Hydrapple|Earth Power|p2a: Slowking
|-supereffective|p2a: Slowking
|-damage|p2a: Slowking|54/100
|
|-damage|p1a: Hydrapple|29/100|[from] Salt Cure
|upkeep
|turn|35
|
|t:|1776061482
|switch|p1a: Slowking|Slowking-Galar, F|90/100 brn
|-damage|p1a: Slowking|77/100 brn|[from] Stealth Rock
|-prepare|p2a: Slowking|Chilly Reception|[premajor]
|move|p2a: Slowking|Chilly Reception|p2a: Slowking
|-weather|Snowscape
|
|t:|1776061484
|switch|p2a: Iron Treads|Iron Treads|93/100|[from] Chilly Reception
|
|-weather|Snowscape|[upkeep]
|-heal|p2a: Iron Treads|99/100|[from] item: Leftovers
|-damage|p1a: Slowking|71/100 brn|[from] brn
|upkeep
|turn|36
|
|t:|1776061492
|-end|p2a: Iron Treads|Quark Drive|[silent]
|switch|p2a: Kyurem|Kyurem|100/100
|-ability|p2a: Kyurem|Pressure
|switch|p1a: Hydrapple|Hydrapple, M|62/100
|-damage|p1a: Hydrapple|50/100|[from] Stealth Rock
|
|-weather|Snowscape|[upkeep]
|upkeep
|turn|37
|
|t:|1776061495
|switch|p1a: Slowking|Slowking-Galar, F|100/100 brn
|-damage|p1a: Slowking|88/100 brn|[from] Stealth Rock
|move|p2a: Kyurem|Ice Beam|p1a: Slowking
|-damage|p1a: Slowking|60/100 brn
|
|-weather|Snowscape|[upkeep]
|-damage|p1a: Slowking|53/100 brn|[from] brn
|upkeep
|turn|38
|
|t:|1776061499
|move|p2a: Kyurem|Scale Shot|p1a: Slowking
|-damage|p1a: Slowking|45/100 brn
|-damage|p1a: Slowking|37/100 brn
|-damage|p1a: Slowking|28/100 brn
|-damage|p1a: Slowking|21/100 brn
|-hitcount|p1a: Slowking|4
|-unboost|p2a: Kyurem|def|1
|-boost|p2a: Kyurem|spe|1
|move|p1a: Slowking|Sludge Bomb|p2a: Kyurem
|-damage|p2a: Kyurem|68/100
|-status|p2a: Kyurem|psn
|
|-weather|Snowscape|[upkeep]
|-damage|p2a: Kyurem|55/100 psn|[from] psn
|-damage|p1a: Slowking|15/100 brn|[from] brn
|upkeep
|turn|39
|
|t:|1776061504
|switch|p1a: Moltres|Moltres|100/100
|move|p2a: Kyurem|Ice Beam|p1a: Moltres
|-damage|p1a: Moltres|43/100
|
|-weather|none
|-damage|p2a: Kyurem|43/100 psn|[from] psn
|upkeep
|turn|40
|
|t:|1776061508
|switch|p1a: Zamazenta|Zamazenta, tera:Fire|43/100 par
|-damage|p1a: Zamazenta|18/100 par|[from] Stealth Rock
|move|p2a: Kyurem|Ice Beam|p1a: Zamazenta
|-resisted|p1a: Zamazenta
|-crit|p1a: Zamazenta
|-damage|p1a: Zamazenta|0 fnt
|faint|p1a: Zamazenta
|
|-damage|p2a: Kyurem|31/100 psn|[from] psn
|upkeep
|
|t:|1776061511
|switch|p1a: Slowking|Slowking-Galar, F|48/100 brn
|-damage|p1a: Slowking|36/100 brn|[from] Stealth Rock
|turn|41
|
|t:|1776061517
|switch|p1a: Moltres|Moltres|43/100
|move|p2a: Kyurem|Scale Shot|p1a: Moltres|[miss]
|-miss|p2a: Kyurem|p1a: Moltres
|
|-damage|p2a: Kyurem|18/100 psn|[from] psn
|upkeep
|turn|42
|
|t:|1776061520
|switch|p1a: Slowking|Slowking-Galar, F|69/100 brn
|-damage|p1a: Slowking|57/100 brn|[from] Stealth Rock
|move|p2a: Kyurem|Ice Beam|p1a: Slowking
|-damage|p1a: Slowking|31/100 brn
|
|-damage|p2a: Kyurem|6/100 psn|[from] psn
|-damage|p1a: Slowking|25/100 brn|[from] brn
|upkeep
|turn|43
|
|t:|1776061524
|switch|p1a: Moltres|Moltres|43/100
|move|p2a: Kyurem|Ice Beam|p1a: Moltres
|-damage|p1a: Moltres|0 fnt
|faint|p1a: Moltres
|
|-damage|p2a: Kyurem|0 fnt|[from] psn
|faint|p2a: Kyurem
|upkeep
|
|t:|1776061530
|switch|p2a: Slowking|Slowking-Galar, F|87/100
|switch|p1a: Hydrapple|Hydrapple, M|83/100
|-damage|p1a: Hydrapple|71/100|[from] Stealth Rock
|turn|44
|
|t:|1776061534
|move|p1a: Hydrapple|Earth Power|p2a: Slowking
|-supereffective|p2a: Slowking
|-damage|p2a: Slowking|57/100
|move|p2a: Slowking|Future Sight|p1a: Hydrapple
|-start|p2a: Slowking|move: Future Sight
|
|upkeep
|turn|45
|
|t:|1776061537
|switch|p1a: Slowking|Slowking-Galar, F|59/100 brn
|-damage|p1a: Slowking|46/100 brn|[from] Stealth Rock
|move|p2a: Slowking|Sludge Bomb|p1a: Slowking
|-resisted|p1a: Slowking
|-damage|p1a: Slowking|37/100 brn
|
|-damage|p1a: Slowking|31/100 brn|[from] brn
|upkeep
|turn|46
|
|t:|1776061542
|move|p1a: Slowking|Psyshock|p2a: Slowking
|-damage|p2a: Slowking|25/100
|-prepare|p2a: Slowking|Chilly Reception|[premajor]
|move|p2a: Slowking|Chilly Reception|p2a: Slowking
|-weather|Snowscape
|
|t:|1776061546
|switch|p2a: Garganacl|Garganacl, F|32/100|[from] Chilly Reception
|
|-weather|Snowscape|[upkeep]
|-end|p1a: Slowking|move: Future Sight
|-damage|p1a: Slowking|6/100 brn
|-damage|p1a: Slowking|0 fnt|[from] brn
|faint|p1a: Slowking
|upkeep
|
|t:|1776061552
|switch|p1a: Hydrapple|Hydrapple, M|100/100
|-damage|p1a: Hydrapple|88/100|[from] Stealth Rock
|turn|47
|
|t:|1776061559
|move|p1a: Hydrapple|Nasty Plot|p1a: Hydrapple
|-boost|p1a: Hydrapple|spa|2
|move|p2a: Garganacl|Salt Cure|p1a: Hydrapple
|-damage|p1a: Hydrapple|80/100
|-start|p1a: Hydrapple|Salt Cure
|
|-weather|Snowscape|[upkeep]
|-damage|p1a: Hydrapple|67/100|[from] Salt Cure
|upkeep
|turn|48
|
|t:|1776061566
|move|p1a: Hydrapple|Nasty Plot|p1a: Hydrapple
|-boost|p1a: Hydrapple|spa|2
|move|p2a: Garganacl|Body Press|p1a: Hydrapple
|-crit|p1a: Hydrapple
|-damage|p1a: Hydrapple|43/100
|
|-weather|Snowscape|[upkeep]
|-damage|p1a: Hydrapple|31/100|[from] Salt Cure
|upkeep
|turn|49
|
|t:|1776061572
|move|p1a: Hydrapple|Giga Drain|p2a: Garganacl
|-supereffective|p2a: Garganacl
|-damage|p2a: Garganacl|0 fnt
|-heal|p1a: Hydrapple|47/100|[from] drain|[of] p2a: Garganacl
|faint|p2a: Garganacl
|
|-weather|Snowscape|[upkeep]
|-damage|p1a: Hydrapple|35/100|[from] Salt Cure
|upkeep
|
|t:|1776061577
|switch|p2a: Slowking|Slowking-Galar, F|58/100
|turn|50
|
|t:|1776061580
|switch|p2a: Iron Treads|Iron Treads|99/100
|move|p1a: Hydrapple|Earth Power|p2a: Iron Treads
|-supereffective|p2a: Iron Treads
|-damage|p2a: Iron Treads|0 fnt
|faint|p2a: Iron Treads
|-end|p2a: Iron Treads|Quark Drive|[silent]
|
|-weather|none
|-damage|p1a: Hydrapple|22/100|[from] Salt Cure
|upkeep
|
|t:|1776061583
|switch|p2a: Slowking|Slowking-Galar, F|91/100
|turn|51
|
|t:|1776061587
|move|p1a: Hydrapple|Earth Power|p2a: Slowking
|-supereffective|p2a: Slowking
|-damage|p2a: Slowking|0 fnt
|faint|p2a: Slowking
|
|win|Blastoise_Choice
|raw|Blastoise_Choice's rating: 1599 &rarr; <strong>1626</strong><br />(+27 for winning)
|raw|LT_Alt1's rating: 1719 &rarr; <strong>1692</strong><br />(-27 for losing)
|c|☆Blastoise_Choice|gg
|l|‽LT_Alt1
|player|p2|
