|html|<div class="broadcast-blue"><strong>[Gen 9] OU is currently suspecting Tera Blast! For information on how to participate check out the <a href="https://www.smogon.com/tools/suspects/view/200">suspect thread</a>.</strong></div>
|j|☆TheGenosKun
|j|☆KING丶3266926956今余
|t:|1776054186
|gametype|singles
|player|p1|TheGenosKun|lance|1255
|player|p2|KING丶3266926956今余|dawn|1260
|gen|9
|tier|[Gen 9] OU
|rated|
|rule|HP Percentage Mod: HP is shown in percentages
|rule|Endless Battle Clause: Forcing endless battles is banned
|rule|Species Clause: Limit one of each Pokémon
|rule|OHKO Clause: OHKO moves are banned
|rule|Evasion Items Clause: Evasion items are banned
|rule|Evasion Moves Clause: Evasion moves are banned
|rule|Evasion Abilities Clause: Evasion abilities are banned
|rule|Sleep Moves Clause: Sleep-inducing moves are banned
|clearpoke
|poke|p1|Iron Moth|
|poke|p1|Rillaboom, M|
|poke|p1|Iron Treads|
|poke|p1|Alomomola, F|
|poke|p1|Dragapult, F|
|poke|p1|Kingambit, F|
|poke|p2|Luxray, M|
|poke|p2|Noctowl, M|
|poke|p2|Alomomola, F|
|poke|p2|Meowstic, M|
|poke|p2|Incineroar, F|
|poke|p2|Meowscarada, F|
|teampreview
|inactive|Battle timer is ON: inactive players will automatically lose when time's up. (requested by KING丶3266926956今余)
|
|t:|1776054209
|teamsize|p1|6
|teamsize|p2|6
|start
|switch|p1a: Air plane goes brr|Alomomola, F|100/100
|switch|p2a: Incineroar|Incineroar, F|100/100
|-ability|p2a: Incineroar|Intimidate|boost
|-unboost|p1a: Air plane goes brr|atk|1
|turn|1
|
|t:|1776054220
|move|p1a: Air plane goes brr|Protect|p1a: Air plane goes brr
|-singleturn|p1a: Air plane goes brr|Protect
|move|p2a: Incineroar|Will-O-Wisp|p1a: Air plane goes brr
|-activate|p1a: Air plane goes brr|move: Protect
|
|upkeep
|turn|2
|
|t:|1776054230
|move|p1a: Air plane goes brr|Wish|p1a: Air plane goes brr
|move|p2a: Incineroar|Parting Shot|p1a: Air plane goes brr
|-unboost|p1a: Air plane goes brr|atk|1
|-unboost|p1a: Air plane goes brr|spa|1
|
|t:|1776054240
|switch|p2a: Meowscarada|Meowscarada, F|100/100|[from] Parting Shot
|
|upkeep
|turn|3
|
|t:|1776054248
|switch|p1a: Fake out bro|Rillaboom, M|100/100
|-fieldstart|move: Grassy Terrain|[from] ability: Grassy Surge|[of] p1a: Fake out bro
|move|p2a: Meowscarada|Flower Trick|p1a: Fake out bro
|-start|p2a: Meowscarada|typechange|Grass|[from] ability: Protean
|-resisted|p1a: Fake out bro
|-crit|p1a: Fake out bro
|-damage|p1a: Fake out bro|48/100
|
|-heal|p1a: Fake out bro|100/100|[from] move: Wish|[wisher] Air plane goes brr
|upkeep
|turn|4
|
|t:|1776054261
|switch|p2a: Incineroar|Incineroar, F|100/100
|-ability|p2a: Incineroar|Intimidate|boost
|-unboost|p1a: Fake out bro|atk|1
|move|p1a: Fake out bro|U-turn|p2a: Incineroar
|-damage|p2a: Incineroar|82/100
|
|t:|1776054273
|switch|p1a: was ubers once|Iron Moth|100/100|[from] U-turn
|
|-heal|p2a: Incineroar|88/100|[from] Grassy Terrain
|upkeep
|turn|5
|
|t:|1776054287
|move|p1a: was ubers once|Sludge Wave|p2a: Incineroar
|-damage|p2a: Incineroar|25/100
|move|p2a: Incineroar|Parting Shot|p1a: was ubers once
|-unboost|p1a: was ubers once|atk|1
|-unboost|p1a: was ubers once|spa|1
|
|t:|1776054298
|switch|p2a: Alomomola|Alomomola, F|100/100|[from] Parting Shot
|
|upkeep
|turn|6
|
|t:|1776054305
|-end|p1a: was ubers once|Quark Drive|[silent]
|switch|p1a: Air plane goes brr|Alomomola, F|100/100
|move|p2a: Alomomola|Mirror Coat||[still]
|-fail|p2a: Alomomola
|
|upkeep
|turn|7
|
|t:|1776054314
|move|p1a: Air plane goes brr|Wish|p1a: Air plane goes brr
|move|p2a: Alomomola|Wish|p2a: Alomomola
|
|-fieldend|move: Grassy Terrain
|upkeep
|turn|8
|
|t:|1776054327
|move|p1a: Air plane goes brr|Flip Turn|p2a: Alomomola
|-resisted|p2a: Alomomola
|-damage|p2a: Alomomola|94/100
|
|t:|1776054341
|switch|p1a: Gosh powercreep|Iron Treads|100/100|[from] Flip Turn
|move|p2a: Alomomola|Flip Turn|p1a: Gosh powercreep
|-supereffective|p1a: Gosh powercreep
|-damage|p1a: Gosh powercreep|73/100
|
|t:|1776054349
|switch|p2a: Incineroar|Incineroar, F|25/100|[from] Flip Turn
|-ability|p2a: Incineroar|Intimidate|boost
|-unboost|p1a: Gosh powercreep|atk|1
|
|-heal|p1a: Gosh powercreep|100/100|[from] move: Wish|[wisher] Air plane goes brr
|-heal|p2a: Incineroar|93/100|[from] move: Wish|[wisher] Alomomola
|upkeep
|turn|9
|
|t:|1776054361
|move|p1a: Gosh powercreep|Stealth Rock|p2a: Incineroar
|-sidestart|p2: KING丶3266926956今余|move: Stealth Rock
|move|p2a: Incineroar|Parting Shot|p1a: Gosh powercreep
|-unboost|p1a: Gosh powercreep|atk|1
|-unboost|p1a: Gosh powercreep|spa|1
|
|t:|1776054376
|switch|p2a: Alomomola|Alomomola, F|100/100|[from] Parting Shot
|-damage|p2a: Alomomola|88/100|[from] Stealth Rock
|
|upkeep
|turn|10
|
|t:|1776054382
|move|p1a: Gosh powercreep|Volt Switch|p2a: Alomomola
|-supereffective|p2a: Alomomola
|-damage|p2a: Alomomola|77/100
|
|t:|1776054393
|-end|p1a: Gosh powercreep|Quark Drive|[silent]
|switch|p1a: Fake out bro|Rillaboom, M|100/100|[from] Volt Switch
|-fieldstart|move: Grassy Terrain|[from] ability: Grassy Surge|[of] p1a: Fake out bro
|move|p2a: Alomomola|Flip Turn|p1a: Fake out bro
|-resisted|p1a: Fake out bro
|-damage|p1a: Fake out bro|92/100
|
|t:|1776054397
|switch|p2a: Meowscarada|Meowscarada, F|100/100|[from] Flip Turn
|-damage|p2a: Meowscarada|88/100|[from] Stealth Rock
|
|-heal|p2a: Meowscarada|94/100|[from] Grassy Terrain
|-heal|p1a: Fake out bro|98/100|[from] Grassy Terrain
|upkeep
|turn|11
|
|t:|1776054411
|move|p2a: Meowscarada|U-turn|p1a: Fake out bro
|-start|p2a: Meowscarada|typechange|Bug|[from] ability: Protean
|-supereffective|p1a: Fake out bro
|-damage|p1a: Fake out bro|0 fnt
|faint|p1a: Fake out bro
|
|t:|1776054421
|switch|p2a: Alomomola|Alomomola, F|100/100|[from] U-turn
|-damage|p2a: Alomomola|88/100|[from] Stealth Rock
|
|-heal|p2a: Alomomola|94/100|[from] Grassy Terrain
|upkeep
|inactive|TheGenosKun has 120 seconds left.
|
|t:|1776054453
|switch|p1a: was ubers once|Iron Moth|100/100
|turn|12
|
|t:|1776054462
|move|p2a: Alomomola|Protect|p2a: Alomomola
|-singleturn|p2a: Alomomola|Protect
|move|p1a: was ubers once|Energy Ball|p2a: Alomomola
|-activate|p2a: Alomomola|move: Protect
|
|-heal|p2a: Alomomola|100/100|[from] Grassy Terrain
|upkeep
|turn|13
|
|t:|1776054472
|switch|p2a: Incineroar|Incineroar, F|93/100
|-ability|p2a: Incineroar|Intimidate|boost
|-unboost|p1a: was ubers once|atk|1
|move|p1a: was ubers once|Energy Ball|p2a: Incineroar
|-resisted|p2a: Incineroar
|-damage|p2a: Incineroar|64/100
|
|-heal|p2a: Incineroar|71/100|[from] Grassy Terrain
|upkeep
|turn|14
|
|t:|1776054485
|move|p1a: was ubers once|Energy Ball|p2a: Incineroar
|-resisted|p2a: Incineroar
|-damage|p2a: Incineroar|44/100
|move|p2a: Incineroar|Will-O-Wisp|p1a: was ubers once
|-immune|p1a: was ubers once
|
|-heal|p2a: Incineroar|50/100|[from] Grassy Terrain
|-fieldend|move: Grassy Terrain
|upkeep
|turn|15
|
|t:|1776054495
|move|p1a: was ubers once|Energy Ball|p2a: Incineroar
|-resisted|p2a: Incineroar
|-damage|p2a: Incineroar|27/100
|move|p2a: Incineroar|Parting Shot|p1a: was ubers once
|-unboost|p1a: was ubers once|atk|1
|-unboost|p1a: was ubers once|spa|1
|
|t:|1776054504
|switch|p2a: Meowstic|Meowstic, M|100/100|[from] Parting Shot
|-damage|p2a: Meowstic|88/100|[from] Stealth Rock
|
|upkeep
|turn|16
|
|t:|1776054520
|-end|p1a: was ubers once|Quark Drive|[silent]
|switch|p1a: Queengambit|Kingambit, F|100/100
|-activate|p1a: Queengambit|ability: Supreme Overlord
|-start|p1a: Queengambit|fallen1|[silent]
|move|p2a: Meowstic|Light Screen|p2a: Meowstic
|-sidestart|p2: KING丶3266926956今余|move: Light Screen
|
|upkeep
|turn|17
|
|t:|1776054536
|switch|p2a: Alomomola|Alomomola, F|100/100
|-damage|p2a: Alomomola|88/100|[from] Stealth Rock
|move|p1a: Queengambit|Kowtow Cleave|p2a: Alomomola
|-damage|p2a: Alomomola|48/100
|
|upkeep
|turn|18
|
|t:|1776054547
|move|p1a: Queengambit|Kowtow Cleave|p2a: Alomomola
|-damage|p2a: Alomomola|3/100
|move|p2a: Alomomola|Flip Turn|p1a: Queengambit
|-damage|p1a: Queengambit|89/100
|
|t:|1776054552
|switch|p2a: Incineroar|Incineroar, F|27/100|[from] Flip Turn
|-ability|p2a: Incineroar|Intimidate|boost
|-unboost|p1a: Queengambit|atk|1
|
|-heal|p1a: Queengambit|95/100|[from] item: Leftovers
|upkeep
|turn|19
|
|t:|1776054563
|-terastallize|p2a: Incineroar|Fairy
|move|p1a: Queengambit|Kowtow Cleave|p2a: Incineroar
|-resisted|p2a: Incineroar
|-damage|p2a: Incineroar|13/100
|move|p2a: Incineroar|Will-O-Wisp|p1a: Queengambit
|-status|p1a: Queengambit|brn
|
|-heal|p1a: Queengambit|100/100 brn|[from] item: Leftovers
|-damage|p1a: Queengambit|94/100 brn|[from] brn
|upkeep
|turn|20
|
|t:|1776054577
|switch|p2a: Alomomola|Alomomola, F|36/100
|-damage|p2a: Alomomola|24/100|[from] Stealth Rock
|move|p1a: Queengambit|Iron Head|p2a: Alomomola
|-resisted|p2a: Alomomola
|-damage|p2a: Alomomola|17/100
|
|-heal|p1a: Queengambit|100/100 brn|[from] item: Leftovers
|-damage|p1a: Queengambit|94/100 brn|[from] brn
|-sideend|p2: KING丶3266926956今余|move: Light Screen
|upkeep
|turn|21
|
|t:|1776054595
|move|p1a: Queengambit|Kowtow Cleave|p2a: Alomomola
|-damage|p2a: Alomomola|3/100
|move|p2a: Alomomola|Wish|p2a: Alomomola
|
|-heal|p1a: Queengambit|100/100 brn|[from] item: Leftovers
|-damage|p1a: Queengambit|94/100 brn|[from] brn
|upkeep
|turn|22
|
|t:|1776054606
|move|p2a: Alomomola|Protect|p2a: Alomomola
|-singleturn|p2a: Alomomola|Protect
|move|p1a: Queengambit|Kowtow Cleave|p2a: Alomomola
|-activate|p2a: Alomomola|move: Protect
|
|-heal|p2a: Alomomola|53/100|[from] move: Wish|[wisher] Alomomola
|-heal|p1a: Queengambit|100/100 brn|[from] item: Leftovers
|-damage|p1a: Queengambit|94/100 brn|[from] brn
|upkeep
|turn|23
|
|t:|1776054630
|-end|p1a: Queengambit|fallen1|[silent]
|switch|p1a: was ubers once|Iron Moth|100/100
|move|p2a: Alomomola|Wish|p2a: Alomomola
|
|upkeep
|turn|24
|
|t:|1776054640
|move|p2a: Alomomola|Protect|p2a: Alomomola
|-singleturn|p2a: Alomomola|Protect
|move|p1a: was ubers once|Sludge Wave|p2a: Alomomola
|-activate|p2a: Alomomola|move: Protect
|
|-heal|p2a: Alomomola|100/100|[from] move: Wish|[wisher] Alomomola
|upkeep
|turn|25
|
|t:|1776054649
|move|p1a: was ubers once|Sludge Wave|p2a: Alomomola
|-damage|p2a: Alomomola|48/100
|move|p2a: Alomomola|Mirror Coat|p1a: was ubers once
|-damage|p1a: was ubers once|0 fnt
|faint|p1a: was ubers once
|-end|p1a: was ubers once|Quark Drive|[silent]
|
|upkeep
|
|t:|1776054661
|switch|p1a: Dragapult|Dragapult, F|100/100
|turn|26
|
|t:|1776054673
|switch|p2a: Luxray|Luxray, M|100/100
|-damage|p2a: Luxray|88/100|[from] Stealth Rock
|-terastallize|p1a: Dragapult|Ghost
|move|p1a: Dragapult|Tera Blast|p2a: Luxray|[anim] Tera Blast Ghost
|-damage|p2a: Luxray|0 fnt
|faint|p2a: Luxray
|
|upkeep
|
|t:|1776054692
|switch|p2a: Meowscarada|Meowscarada, F|94/100
|-damage|p2a: Meowscarada|82/100|[from] Stealth Rock
|turn|27
|
|t:|1776054698
|move|p2a: Meowscarada|Sucker Punch|p1a: Dragapult
|-start|p2a: Meowscarada|typechange|Dark|[from] ability: Protean
|-supereffective|p1a: Dragapult
|-damage|p1a: Dragapult|0 fnt
|faint|p1a: Dragapult
|
|upkeep
|l|☆TheGenosKun
|inactive|TheGenosKun disconnected and has a minute to reconnect!
|player|p1|
|inactive|TheGenosKun has 30 seconds to reconnect!
|inactive|TheGenosKun has 20 seconds to reconnect!
|c|☆KING丶3266926956今余|hello
|inactive|TheGenosKun has 15 seconds to reconnect!
|inactive|TheGenosKun has 10 seconds to reconnect!
|inactive|TheGenosKun has 5 seconds to reconnect!
|-message|TheGenosKun lost due to inactivity.
|
|win|KING丶3266926956今余
|raw|TheGenosKun's rating: 1255 &rarr; <strong>1230</strong><br />(-25 for losing)
|raw|KING丶3266926956今余's rating: 1260 &rarr; <strong>1285</strong><br />(+25 for winning)
|l|☆KING丶3266926956今余
|player|p2|
|j|☆TheGenosKun
|player|p1|TheGenosKun|lance|
|l|☆TheGenosKun
|player|p1|
