|html|<div class="broadcast-blue"><strong>[Gen 9] OU is currently suspecting Tera Blast! For information on how to participate check out the <a href="https://www.smogon.com/tools/suspects/view/200">suspect thread</a>.</strong></div>
|j|☆loudclouds103
|j|☆neometalar
|t:|1776073935
|gametype|singles
|player|p1|loudclouds103|102|1132
|player|p2|neometalar|marlon|1142
|gen|9
|tier|[Gen 9] OU
|rated|
|rule|HP Percentage Mod: HP is shown in percentages
|rule|Endless Battle Clause: Forcing endless battles is banned
|rule|Species Clause: Limit one of each Pokémon
|rule|OHKO Clause: OHKO moves are banned
|rule|Evasion Items Clause: Evasion items are banned
|rule|Evasion Moves Clause: Evasion moves are banned
|rule|Evasion Abilities Clause: Evasion abilities are banned
|rule|Sleep Moves Clause: Sleep-inducing moves are banned
|clearpoke
|poke|p1|Gyarados, F|
|poke|p1|Luxray, M|
|poke|p1|Volcanion|
|poke|p1|Dipplin, M|
|poke|p1|Jirachi|
|poke|p1|Exeggutor, M|
|poke|p2|Dondozo, M|
|poke|p2|Pelipper, M|
|poke|p2|Gastrodon-East, M|
|poke|p2|Toxapex, M|
|poke|p2|Basculegion, M|
|poke|p2|Greninja-*, F|
|teampreview
|
|t:|1776073952
|teamsize|p1|6
|teamsize|p2|6
|start
|switch|p1a: Volcanion|Volcanion|100/100
|switch|p2a: Pelipper|Pelipper, M|100/100
|-weather|RainDance|[from] ability: Drizzle|[of] p2a: Pelipper
|turn|1
|
|t:|1776073965
|move|p1a: Volcanion|Steam Eruption|p2a: Pelipper
|-resisted|p2a: Pelipper
|-damage|p2a: Pelipper|35/100
|move|p2a: Pelipper|Hurricane|p1a: Volcanion
|-damage|p1a: Volcanion|65/100
|-start|p1a: Volcanion|confusion
|
|-weather|RainDance|[upkeep]
|upkeep
|turn|2
|
|t:|1776074016
|switch|p2a: Gastrodon|Gastrodon-East, M|100/100
|-activate|p1a: Volcanion|confusion
|move|p1a: Volcanion|Steam Eruption|p2a: Gastrodon
|-ability|p2a: Gastrodon|Storm Drain|boost
|-boost|p2a: Gastrodon|spa|1
|
|-weather|RainDance|[upkeep]
|upkeep
|turn|3
|
|t:|1776074023
|switch|p1a: Exeggutor|Exeggutor, M|100/100
|move|p2a: Gastrodon|Earth Power|p1a: Exeggutor
|-resisted|p1a: Exeggutor
|-damage|p1a: Exeggutor|78/100
|
|-weather|RainDance|[upkeep]
|upkeep
|turn|4
|
|t:|1776074026
|move|p1a: Exeggutor|Giga Drain|p2a: Gastrodon
|-supereffective|p2a: Gastrodon
|-damage|p2a: Gastrodon|0 fnt
|-heal|p1a: Exeggutor|100/100|[from] drain|[of] p2a: Gastrodon
|faint|p2a: Gastrodon
|
|-weather|RainDance|[upkeep]
|upkeep
|
|t:|1776074035
|switch|p2a: Greninja|Greninja, F|100/100
|turn|5
|
|t:|1776074039
|move|p2a: Greninja|Sludge Wave|p1a: Exeggutor
|-start|p2a: Greninja|typechange|Poison|[from] ability: Protean
|-supereffective|p1a: Exeggutor
|-damage|p1a: Exeggutor|0 fnt
|faint|p1a: Exeggutor
|-damage|p2a: Greninja|91/100|[from] item: Life Orb
|
|-weather|RainDance|[upkeep]
|upkeep
|
|t:|1776074051
|switch|p1a: Gyarados|Gyarados, F, shiny|100/100
|turn|6
|
|t:|1776074058
|move|p2a: Greninja|Sludge Wave|p1a: Gyarados
|-damage|p1a: Gyarados|48/100
|-damage|p2a: Greninja|81/100|[from] item: Life Orb
|move|p1a: Gyarados|Earthquake|p2a: Greninja
|-supereffective|p2a: Greninja
|-crit|p2a: Greninja
|-damage|p2a: Greninja|0 fnt
|faint|p2a: Greninja
|-ability|p1a: Gyarados|Moxie|boost
|-boost|p1a: Gyarados|atk|1
|-damage|p1a: Gyarados|38/100|[from] item: Life Orb
|
|-weather|RainDance|[upkeep]
|upkeep
|
|t:|1776074064
|switch|p2a: Dondozo|Dondozo, M|100/100
|turn|7
|
|t:|1776074074
|move|p2a: Dondozo|Curse|p2a: Dondozo
|-unboost|p2a: Dondozo|spe|1
|-boost|p2a: Dondozo|atk|1
|-boost|p2a: Dondozo|def|1
|move|p1a: Gyarados|Dragon Tail|p2a: Dondozo
|-damage|p2a: Dondozo|90/100
|-damage|p1a: Gyarados|21/100|[from] item: Rocky Helmet|[of] p2a: Dondozo
|-damage|p1a: Gyarados|11/100|[from] item: Life Orb
|drag|p2a: Toxapex|Toxapex, M|100/100
|
|-weather|RainDance|[upkeep]
|upkeep
|turn|8
|
|t:|1776074084
|move|p2a: Toxapex|Baneful Bunker|p2a: Toxapex
|-singleturn|p2a: Toxapex|move: Protect
|move|p1a: Gyarados|Earthquake|p2a: Toxapex
|-activate|p2a: Toxapex|move: Protect
|
|-weather|none
|upkeep
|turn|9
|
|t:|1776074090
|switch|p2a: Pelipper|Pelipper, M|35/100
|-weather|RainDance|[from] ability: Drizzle|[of] p2a: Pelipper
|move|p1a: Gyarados|Earthquake|p2a: Pelipper
|-immune|p2a: Pelipper
|
|-weather|RainDance|[upkeep]
|upkeep
|turn|10
|
|t:|1776074094
|move|p1a: Gyarados|Aqua Tail|p2a: Pelipper
|-resisted|p2a: Pelipper
|-damage|p2a: Pelipper|0 fnt
|faint|p2a: Pelipper
|-ability|p1a: Gyarados|Moxie|boost
|-boost|p1a: Gyarados|atk|1
|-damage|p1a: Gyarados|1/100|[from] item: Life Orb
|
|-weather|RainDance|[upkeep]
|upkeep
|
|t:|1776074097
|switch|p2a: Basculegion|Basculegion, M|100/100
|turn|11
|
|t:|1776074105
|move|p2a: Basculegion|Crunch|p1a: Gyarados
|-crit|p1a: Gyarados
|-damage|p1a: Gyarados|0 fnt
|faint|p1a: Gyarados
|
|-weather|RainDance|[upkeep]
|upkeep
|
|t:|1776074118
|switch|p1a: Luxray|Luxray, M|100/100
|turn|12
|
|t:|1776074122
|move|p2a: Basculegion|Crunch|p1a: Luxray
|-damage|p1a: Luxray|39/100
|move|p1a: Luxray|Trailblaze|p2a: Basculegion
|-supereffective|p2a: Basculegion
|-damage|p2a: Basculegion|56/100
|-boost|p1a: Luxray|spe|1
|
|-weather|RainDance|[upkeep]
|-status|p1a: Luxray|brn|[from] item: Flame Orb
|upkeep
|turn|13
|
|t:|1776074130
|move|p2a: Basculegion|Crunch|p1a: Luxray
|-damage|p1a: Luxray|0 fnt
|faint|p1a: Luxray
|
|-weather|RainDance|[upkeep]
|upkeep
|
|t:|1776074133
|switch|p1a: Dipplin|Dipplin, M|100/100
|turn|14
|
|t:|1776074140
|move|p2a: Basculegion|Crunch|p1a: Dipplin
|-damage|p1a: Dipplin|83/100
|move|p1a: Dipplin|Leaf Storm|p2a: Basculegion
|-supereffective|p2a: Basculegion
|-damage|p2a: Basculegion|0 fnt
|-unboost|p1a: Dipplin|spa|2
|faint|p2a: Basculegion
|
|-weather|RainDance|[upkeep]
|upkeep
|
|t:|1776074143
|switch|p2a: Toxapex|Toxapex, M|100/100
|turn|15
|
|t:|1776074148
|switch|p1a: Jirachi|Jirachi|100/100
|move|p2a: Toxapex|Poison Jab|p1a: Jirachi
|-immune|p1a: Jirachi
|
|-weather|RainDance|[upkeep]
|upkeep
|turn|16
|
|t:|1776074157
|move|p1a: Jirachi|Zen Headbutt|p2a: Toxapex|[miss]
|-miss|p1a: Jirachi|p2a: Toxapex
|move|p2a: Toxapex|Liquidation|p1a: Jirachi
|-damage|p1a: Jirachi|56/100
|
|-weather|none
|upkeep
|turn|17
|
|t:|1776074168
|switch|p2a: Dondozo|Dondozo, M|90/100
|move|p1a: Jirachi|Zen Headbutt|p2a: Dondozo
|-damage|p2a: Dondozo|68/100
|-damage|p1a: Jirachi|40/100|[from] item: Rocky Helmet|[of] p2a: Dondozo
|
|upkeep
|turn|18
|
|t:|1776074177
|switch|p1a: Dipplin|Dipplin, M|83/100
|move|p2a: Dondozo|Earthquake|p1a: Dipplin
|-resisted|p1a: Dipplin
|-damage|p1a: Dipplin|77/100
|
|upkeep
|turn|19
|
|t:|1776074185
|switch|p2a: Toxapex|Toxapex, M|100/100
|move|p1a: Dipplin|Leaf Storm|p2a: Toxapex
|-damage|p2a: Toxapex|68/100
|-unboost|p1a: Dipplin|spa|2
|
|-heal|p2a: Toxapex|74/100|[from] item: Black Sludge
|upkeep
|turn|20
|
|t:|1776074193
|switch|p1a: Volcanion|Volcanion|65/100
|move|p2a: Toxapex|Poison Jab|p1a: Volcanion
|-damage|p1a: Volcanion|40/100
|
|-heal|p2a: Toxapex|80/100|[from] item: Black Sludge
|upkeep
|turn|21
|
|t:|1776074202
|move|p2a: Toxapex|Baneful Bunker|p2a: Toxapex
|-singleturn|p2a: Toxapex|move: Protect
|move|p1a: Volcanion|Earth Power|p2a: Toxapex
|-activate|p2a: Toxapex|move: Protect
|
|-heal|p2a: Toxapex|86/100|[from] item: Black Sludge
|upkeep
|turn|22
|
|t:|1776074209
|switch|p2a: Dondozo|Dondozo, M|68/100
|move|p1a: Volcanion|Earth Power|p2a: Dondozo
|-damage|p2a: Dondozo|34/100
|
|upkeep
|turn|23
|
|t:|1776074215
|move|p1a: Volcanion|Earth Power|p2a: Dondozo
|-crit|p2a: Dondozo
|-damage|p2a: Dondozo|0 fnt
|faint|p2a: Dondozo
|
|upkeep
|
|t:|1776074218
|switch|p2a: Toxapex|Toxapex, M|100/100
|turn|24
|
|t:|1776074226
|move|p1a: Volcanion|Earth Power|p2a: Toxapex
|-supereffective|p2a: Toxapex
|-damage|p2a: Toxapex|43/100
|move|p2a: Toxapex|Poison Jab|p1a: Volcanion
|-damage|p1a: Volcanion|16/100
|
|-heal|p2a: Toxapex|49/100|[from] item: Black Sludge
|upkeep
|turn|25
|
|t:|1776074233
|move|p2a: Toxapex|Baneful Bunker|p2a: Toxapex
|-singleturn|p2a: Toxapex|move: Protect
|move|p1a: Volcanion|Earth Power|p2a: Toxapex
|-activate|p2a: Toxapex|move: Protect
|
|-heal|p2a: Toxapex|55/100|[from] item: Black Sludge
|upkeep
|turn|26
|
|t:|1776074235
|move|p1a: Volcanion|Earth Power|p2a: Toxapex
|-supereffective|p2a: Toxapex
|-damage|p2a: Toxapex|0 fnt
|faint|p2a: Toxapex
|
|win|loudclouds103
|raw|loudclouds103's rating: 1132 &rarr; <strong>1158</strong><br />(+26 for winning)
|raw|neometalar's rating: 1142 &rarr; <strong>1116</strong><br />(-26 for losing)
|l|☆neometalar
|player|p2|
|l|☆loudclouds103
|player|p1|
