|html|<div class="broadcast-blue"><strong>[Gen 9] OU is currently suspecting Tera Blast! For information on how to participate check out the <a href="https://www.smogon.com/tools/suspects/view/200">suspect thread</a>.</strong></div>
|j|☆Sudhanshu4364
|j|☆F0rtuna
|t:|1776059690
|gametype|singles
|player|p1|Sudhanshu4364|steven|1356
|player|p2|F0rtuna|101|1354
|gen|9
|tier|[Gen 9] OU
|rated|
|rule|HP Percentage Mod: HP is shown in percentages
|rule|Endless Battle Clause: Forcing endless battles is banned
|rule|Species Clause: Limit one of each Pokémon
|rule|OHKO Clause: OHKO moves are banned
|rule|Evasion Items Clause: Evasion items are banned
|rule|Evasion Moves Clause: Evasion moves are banned
|rule|Evasion Abilities Clause: Evasion abilities are banned
|rule|Sleep Moves Clause: Sleep-inducing moves are banned
|clearpoke
|poke|p1|Pelipper, M|
|poke|p1|Raging Bolt|
|poke|p1|Overqwil, M|
|poke|p1|Barraskewda, M|
|poke|p1|Iron Treads|
|poke|p1|Kingambit, M|
|poke|p2|Hydrapple, M|
|poke|p2|Tyranitar, F|
|poke|p2|Moltres|
|poke|p2|Zamazenta-*|
|poke|p2|Slowking-Galar, M|
|poke|p2|Excadrill, F|
|teampreview
|inactive|Battle timer is ON: inactive players will automatically lose when time's up. (requested by F0rtuna)
|
|t:|1776059699
|teamsize|p1|6
|teamsize|p2|6
|start
|switch|p1a: Iron Treads|Iron Treads|100/100
|switch|p2a: Tyranitar|Tyranitar, F|100/100
|-weather|Sandstorm|[from] ability: Sand Stream|[of] p2a: Tyranitar
|-enditem|p1a: Iron Treads|Booster Energy
|-activate|p1a: Iron Treads|ability: Quark Drive|[fromitem]
|-start|p1a: Iron Treads|quarkdrivespe
|turn|1
|
|t:|1776059712
|switch|p2a: Moltres|Moltres|100/100
|move|p1a: Iron Treads|Stealth Rock|p2a: Moltres
|-sidestart|p2: F0rtuna|move: Stealth Rock
|
|-weather|Sandstorm|[upkeep]
|-damage|p2a: Moltres|94/100|[from] Sandstorm
|upkeep
|turn|2
|
|t:|1776059738
|-end|p1a: Iron Treads|Quark Drive|[silent]
|switch|p1a: Pelipper|Pelipper, M|100/100
|-weather|RainDance|[from] ability: Drizzle|[of] p1a: Pelipper
|move|p2a: Moltres|Flamethrower|p1a: Pelipper
|-resisted|p1a: Pelipper
|-damage|p1a: Pelipper|87/100
|
|-weather|RainDance|[upkeep]
|upkeep
|turn|3
|
|t:|1776059759
|switch|p2a: Slowking|Slowking-Galar, M|100/100
|-damage|p2a: Slowking|88/100|[from] Stealth Rock
|move|p1a: Pelipper|Hurricane|p2a: Slowking
|-damage|p2a: Slowking|68/100
|
|-weather|RainDance|[upkeep]
|upkeep
|turn|4
|
|t:|1776059771
|switch|p1a: Kingambit|Kingambit, M|100/100
|move|p2a: Slowking|Sludge Bomb|p1a: Kingambit
|-immune|p1a: Kingambit
|
|-weather|RainDance|[upkeep]
|upkeep
|turn|5
|inactive|Sudhanshu4364 has 120 seconds left.
|
|t:|1776059804
|switch|p2a: Moltres|Moltres|94/100
|move|p1a: Kingambit|Iron Head|p2a: Moltres
|-resisted|p2a: Moltres
|-damage|p2a: Moltres|77/100
|
|-weather|RainDance|[upkeep]
|upkeep
|turn|6
|inactive|Sudhanshu4364 has 120 seconds left.
|
|t:|1776059831
|-end|p1a: Kingambit|fallenundefined|[silent]
|switch|p1a: Barraskewda|Barraskewda, M|100/100
|move|p2a: Moltres|U-turn|p1a: Barraskewda
|-damage|p1a: Barraskewda|72/100
|
|t:|1776059841
|switch|p2a: Tyranitar|Tyranitar, F|100/100|[from] U-turn
|-damage|p2a: Tyranitar|88/100|[from] Stealth Rock
|-weather|Sandstorm|[from] ability: Sand Stream|[of] p2a: Tyranitar
|
|-weather|Sandstorm|[upkeep]
|-damage|p1a: Barraskewda|66/100|[from] Sandstorm
|upkeep
|turn|7
|
|t:|1776059853
|switch|p2a: Hydrapple|Hydrapple, M|100/100
|move|p1a: Barraskewda|Flip Turn|p2a: Hydrapple
|-resisted|p2a: Hydrapple
|-damage|p2a: Hydrapple|93/100
|
|t:|1776059876
|switch|p1a: Raging Bolt|Raging Bolt|100/100|[from] Flip Turn
|-enditem|p1a: Raging Bolt|Booster Energy
|-activate|p1a: Raging Bolt|ability: Protosynthesis|[fromitem]
|-start|p1a: Raging Bolt|protosynthesisspa
|
|-weather|Sandstorm|[upkeep]
|-damage|p1a: Raging Bolt|94/100|[from] Sandstorm
|-damage|p2a: Hydrapple|87/100|[from] Sandstorm
|upkeep
|turn|8
|
|t:|1776059891
|switch|p2a: Excadrill|Excadrill, F|100/100
|-damage|p2a: Excadrill|97/100|[from] Stealth Rock
|-item|p2a: Excadrill|Air Balloon
|move|p1a: Raging Bolt|Draco Meteor|p2a: Excadrill
|-resisted|p2a: Excadrill
|-damage|p2a: Excadrill|35/100
|-unboost|p1a: Raging Bolt|spa|2
|-enditem|p2a: Excadrill|Air Balloon
|
|-weather|Sandstorm|[upkeep]
|-damage|p1a: Raging Bolt|88/100|[from] Sandstorm
|upkeep
|turn|9
|inactive|Sudhanshu4364 has 90 seconds left.
|
|t:|1776059912
|-end|p1a: Raging Bolt|Protosynthesis|[silent]
|switch|p1a: Pelipper|Pelipper, M|87/100
|-weather|RainDance|[from] ability: Drizzle|[of] p1a: Pelipper
|move|p2a: Excadrill|Rapid Spin|p1a: Pelipper
|-damage|p1a: Pelipper|73/100
|-boost|p2a: Excadrill|spe|1
|-sideend|p2: F0rtuna|Stealth Rock|[from] move: Rapid Spin|[of] p2a: Excadrill
|
|-weather|RainDance|[upkeep]
|upkeep
|turn|10
|inactive|Sudhanshu4364 has 90 seconds left.
|
|t:|1776059930
|switch|p2a: Tyranitar|Tyranitar, F|88/100
|-weather|Sandstorm|[from] ability: Sand Stream|[of] p2a: Tyranitar
|move|p1a: Pelipper|Weather Ball|p2a: Tyranitar
|-damage|p2a: Tyranitar|78/100
|
|-weather|Sandstorm|[upkeep]
|-damage|p1a: Pelipper|67/100|[from] Sandstorm
|upkeep
|turn|11
|inactive|Sudhanshu4364 has 90 seconds left.
|
|t:|1776059948
|switch|p1a: Iron Treads|Iron Treads|100/100
|move|p2a: Tyranitar|Stealth Rock|p1a: Iron Treads
|-sidestart|p1: Sudhanshu4364|move: Stealth Rock
|
|-weather|Sandstorm|[upkeep]
|upkeep
|turn|12
|
|t:|1776059962
|switch|p2a: Excadrill|Excadrill, F|35/100
|move|p1a: Iron Treads|Stealth Rock|p2a: Excadrill
|-sidestart|p2: F0rtuna|move: Stealth Rock
|
|-weather|Sandstorm|[upkeep]
|upkeep
|turn|13
|
|t:|1776059969
|move|p2a: Excadrill|Earthquake|p1a: Iron Treads
|-supereffective|p1a: Iron Treads
|-crit|p1a: Iron Treads
|-damage|p1a: Iron Treads|0 fnt
|faint|p1a: Iron Treads
|-end|p1a: Iron Treads|Quark Drive|[silent]
|
|-weather|Sandstorm|[upkeep]
|upkeep
|
|t:|1776059981
|switch|p1a: Pelipper|Pelipper, M|67/100
|-damage|p1a: Pelipper|42/100|[from] Stealth Rock
|-weather|RainDance|[from] ability: Drizzle|[of] p1a: Pelipper
|turn|14
|
|t:|1776059995
|switch|p2a: Tyranitar|Tyranitar, F|78/100
|-damage|p2a: Tyranitar|66/100|[from] Stealth Rock
|-weather|Sandstorm|[from] ability: Sand Stream|[of] p2a: Tyranitar
|move|p1a: Pelipper|Roost|p1a: Pelipper
|-heal|p1a: Pelipper|92/100
|-singleturn|p1a: Pelipper|move: Roost
|
|-weather|Sandstorm|[upkeep]
|-damage|p1a: Pelipper|86/100|[from] Sandstorm
|upkeep
|turn|15
|inactive|Sudhanshu4364 has 90 seconds left.
|
|t:|1776060017
|move|p2a: Tyranitar|Thunder Wave|p1a: Pelipper
|-status|p1a: Pelipper|par
|move|p1a: Pelipper|U-turn|p2a: Tyranitar
|-supereffective|p2a: Tyranitar
|-damage|p2a: Tyranitar|52/100
|
|t:|1776060034
|switch|p1a: Overqwil|Overqwil, M|100/100|[from] U-turn
|-damage|p1a: Overqwil|88/100|[from] Stealth Rock
|
|-weather|Sandstorm|[upkeep]
|-damage|p1a: Overqwil|82/100|[from] Sandstorm
|upkeep
|turn|16
|inactive|Sudhanshu4364 has 60 seconds left.
|
|t:|1776060067
|switch|p2a: Moltres|Moltres|77/100
|move|p1a: Overqwil|Gunk Shot|p2a: Moltres
|-damage|p2a: Moltres|24/100
|-damage|p1a: Overqwil|73/100|[from] item: Life Orb
|
|-weather|Sandstorm|[upkeep]
|-damage|p1a: Overqwil|67/100|[from] Sandstorm
|-damage|p2a: Moltres|18/100|[from] Sandstorm
|upkeep
|turn|17
|
|t:|1776060088
|switch|p2a: Excadrill|Excadrill, F|35/100
|-damage|p2a: Excadrill|32/100|[from] Stealth Rock
|move|p1a: Overqwil|Liquidation|p2a: Excadrill
|-supereffective|p2a: Excadrill
|-damage|p2a: Excadrill|0 fnt
|faint|p2a: Excadrill
|-damage|p1a: Overqwil|57/100|[from] item: Life Orb
|
|-weather|Sandstorm|[upkeep]
|-damage|p1a: Overqwil|51/100|[from] Sandstorm
|upkeep
|inactive|F0rtuna has 120 seconds left.
|
|t:|1776060111
|switch|p2a: Zamazenta|Zamazenta|100/100
|-damage|p2a: Zamazenta|94/100|[from] Stealth Rock
|-ability|p2a: Zamazenta|Dauntless Shield|boost
|-boost|p2a: Zamazenta|def|1
|turn|18
|
|t:|1776060120
|switch|p1a: Pelipper|Pelipper, M|86/100 par
|-damage|p1a: Pelipper|61/100 par|[from] Stealth Rock
|-weather|RainDance|[from] ability: Drizzle|[of] p1a: Pelipper
|move|p2a: Zamazenta|Body Press|p1a: Pelipper
|-resisted|p1a: Pelipper
|-damage|p1a: Pelipper|40/100 par
|
|-weather|RainDance|[upkeep]
|-heal|p2a: Zamazenta|100/100|[from] item: Leftovers
|upkeep
|turn|19
|
|t:|1776060130
|switch|p2a: Tyranitar|Tyranitar, F|52/100
|-damage|p2a: Tyranitar|39/100|[from] Stealth Rock
|-weather|Sandstorm|[from] ability: Sand Stream|[of] p2a: Tyranitar
|move|p1a: Pelipper|Roost|p1a: Pelipper
|-heal|p1a: Pelipper|90/100 par
|-singleturn|p1a: Pelipper|move: Roost
|
|-weather|Sandstorm|[upkeep]
|-damage|p1a: Pelipper|84/100 par|[from] Sandstorm
|upkeep
|turn|20
|inactive|F0rtuna has 120 seconds left.
|
|t:|1776060146
|move|p2a: Tyranitar|Knock Off|p1a: Pelipper
|-damage|p1a: Pelipper|53/100 par
|-enditem|p1a: Pelipper|Damp Rock|[from] move: Knock Off|[of] p2a: Tyranitar
|move|p1a: Pelipper|U-turn|p2a: Tyranitar
|-supereffective|p2a: Tyranitar
|-damage|p2a: Tyranitar|26/100
|
|t:|1776060164
|switch|p1a: Overqwil|Overqwil, M|51/100|[from] U-turn
|-damage|p1a: Overqwil|39/100|[from] Stealth Rock
|
|-weather|Sandstorm|[upkeep]
|-damage|p1a: Overqwil|33/100|[from] Sandstorm
|upkeep
|turn|21
|inactive|Sudhanshu4364 has 30 seconds left.
|
|t:|1776060181
|switch|p2a: Zamazenta|Zamazenta|100/100
|-damage|p2a: Zamazenta|94/100|[from] Stealth Rock
|move|p1a: Overqwil|Gunk Shot|p2a: Zamazenta
|-damage|p2a: Zamazenta|32/100
|-damage|p1a: Overqwil|23/100|[from] item: Life Orb
|
|-weather|Sandstorm|[upkeep]
|-damage|p2a: Zamazenta|25/100|[from] Sandstorm
|-damage|p1a: Overqwil|17/100|[from] Sandstorm
|-heal|p2a: Zamazenta|32/100|[from] item: Leftovers
|upkeep
|turn|22
|inactive|Sudhanshu4364 has 30 seconds left.
|
|t:|1776060198
|move|p2a: Zamazenta|Body Press|p1a: Overqwil
|-damage|p1a: Overqwil|0 fnt
|faint|p1a: Overqwil
|
|-weather|Sandstorm|[upkeep]
|-damage|p2a: Zamazenta|25/100|[from] Sandstorm
|-heal|p2a: Zamazenta|32/100|[from] item: Leftovers
|upkeep
|inactive|Sudhanshu4364 has 30 seconds left.
|inactive|Sudhanshu4364 has 20 seconds left.
|
|t:|1776060214
|switch|p1a: Barraskewda|Barraskewda, M|66/100
|-damage|p1a: Barraskewda|53/100|[from] Stealth Rock
|turn|23
|inactive|Sudhanshu4364 has 30 seconds left this turn.
|inactive|Sudhanshu4364 has 20 seconds left.
|
|t:|1776060228
|switch|p2a: Moltres|Moltres|18/100
|move|p1a: Barraskewda|Flip Turn|p2a: Moltres
|-supereffective|p2a: Moltres
|-damage|p2a: Moltres|0 fnt
|faint|p2a: Moltres
|inactive|Sudhanshu4364 has 25 seconds left this turn.
|inactive|Sudhanshu4364 has 20 seconds left.
|
|t:|1776060236
|switch|p1a: Pelipper|Pelipper, M|53/100 par|[from] Flip Turn
|-damage|p1a: Pelipper|28/100 par|[from] Stealth Rock
|-weather|RainDance|[from] ability: Drizzle|[of] p1a: Pelipper
|
|-weather|RainDance|[upkeep]
|upkeep
|
|t:|1776060244
|switch|p2a: Tyranitar|Tyranitar, F|26/100
|-damage|p2a: Tyranitar|13/100|[from] Stealth Rock
|-weather|Sandstorm|[from] ability: Sand Stream|[of] p2a: Tyranitar
|turn|24
|inactive|Sudhanshu4364 has 30 seconds left.
|
|t:|1776060253
|switch|p1a: Raging Bolt|Raging Bolt|88/100
|-damage|p1a: Raging Bolt|76/100|[from] Stealth Rock
|move|p2a: Tyranitar|Ice Beam|p1a: Raging Bolt
|-supereffective|p1a: Raging Bolt
|-damage|p1a: Raging Bolt|40/100
|
|-weather|Sandstorm|[upkeep]
|-damage|p1a: Raging Bolt|34/100|[from] Sandstorm
|upkeep
|turn|25
|
|t:|1776060262
|switch|p2a: Slowking|Slowking-Galar, M|100/100
|-damage|p2a: Slowking|88/100|[from] Stealth Rock
|move|p1a: Raging Bolt|Thunderclap||[still]
|-fail|p1a: Raging Bolt
|
|-weather|Sandstorm|[upkeep]
|-damage|p1a: Raging Bolt|28/100|[from] Sandstorm
|-damage|p2a: Slowking|82/100|[from] Sandstorm
|upkeep
|turn|26
|
|t:|1776060273
|move|p1a: Raging Bolt|Draco Meteor|p2a: Slowking|[miss]
|-miss|p1a: Raging Bolt|p2a: Slowking
|move|p2a: Slowking|Flamethrower|p1a: Raging Bolt
|-resisted|p1a: Raging Bolt
|-damage|p1a: Raging Bolt|18/100
|
|-weather|Sandstorm|[upkeep]
|-damage|p1a: Raging Bolt|12/100|[from] Sandstorm
|-damage|p2a: Slowking|76/100|[from] Sandstorm
|upkeep
|turn|27
|
|t:|1776060285
|move|p1a: Raging Bolt|Draco Meteor|p2a: Slowking|[miss]
|-miss|p1a: Raging Bolt|p2a: Slowking
|move|p2a: Slowking|Sludge Bomb|p1a: Raging Bolt
|-damage|p1a: Raging Bolt|0 fnt
|faint|p1a: Raging Bolt
|-end|p1a: Raging Bolt|Protosynthesis|[silent]
|
|-weather|Sandstorm|[upkeep]
|-damage|p2a: Slowking|70/100|[from] Sandstorm
|upkeep
|c|☆Sudhanshu4364|fck this game
|inactive|Sudhanshu4364 has 30 seconds left.
|
|t:|1776060301
|switch|p1a: Kingambit|Kingambit, M|100/100
|-damage|p1a: Kingambit|94/100|[from] Stealth Rock
|-activate|p1a: Kingambit|ability: Supreme Overlord
|-start|p1a: Kingambit|fallen3|[silent]
|turn|28
|
|t:|1776060310
|switch|p2a: Hydrapple|Hydrapple, M|100/100
|move|p1a: Kingambit|Swords Dance|p1a: Kingambit
|-boost|p1a: Kingambit|atk|2
|
|-weather|Sandstorm|[upkeep]
|-damage|p2a: Hydrapple|94/100|[from] Sandstorm
|-heal|p1a: Kingambit|100/100|[from] item: Leftovers
|upkeep
|turn|29
|inactive|Sudhanshu4364 has 30 seconds left.
|
|t:|1776060326
|move|p1a: Kingambit|Swords Dance|p1a: Kingambit
|-boost|p1a: Kingambit|atk|2
|move|p2a: Hydrapple|Earth Power|p1a: Kingambit
|-supereffective|p1a: Kingambit
|-damage|p1a: Kingambit|50/100
|
|-weather|Sandstorm|[upkeep]
|-damage|p2a: Hydrapple|88/100|[from] Sandstorm
|-heal|p1a: Kingambit|56/100|[from] item: Leftovers
|upkeep
|turn|30
|
|t:|1776060337
|-terastallize|p1a: Kingambit|Dark
|move|p1a: Kingambit|Sucker Punch|p2a: Hydrapple
|-damage|p2a: Hydrapple|0 fnt
|faint|p2a: Hydrapple
|
|-weather|Sandstorm|[upkeep]
|-damage|p1a: Kingambit|50/100|[from] Sandstorm
|-heal|p1a: Kingambit|56/100|[from] item: Leftovers
|upkeep
|
|t:|1776060341
|switch|p2a: Zamazenta|Zamazenta|32/100
|-damage|p2a: Zamazenta|25/100|[from] Stealth Rock
|turn|31
|
|t:|1776060346
|move|p1a: Kingambit|Sucker Punch||[still]
|-fail|p1a: Kingambit
|move|p2a: Zamazenta|Roar|p1a: Kingambit
|-end|p1a: Kingambit|fallen3|[silent]
|drag|p1a: Barraskewda|Barraskewda, M|53/100
|-damage|p1a: Barraskewda|41/100|[from] Stealth Rock
|
|-weather|none
|-heal|p2a: Zamazenta|32/100|[from] item: Leftovers
|upkeep
|turn|32
|
|t:|1776060355
|switch|p2a: Slowking|Slowking-Galar, M|100/100
|-damage|p2a: Slowking|88/100|[from] Stealth Rock
|move|p1a: Barraskewda|Aqua Jet|p2a: Slowking
|-damage|p2a: Slowking|64/100
|
|upkeep
|turn|33
|inactive|Sudhanshu4364 has 60 seconds left.
|
|t:|1776060370
|switch|p1a: Pelipper|Pelipper, M|28/100 par
|-damage|p1a: Pelipper|3/100 par|[from] Stealth Rock
|-weather|RainDance|[from] ability: Drizzle|[of] p1a: Pelipper
|move|p2a: Slowking|Sludge Bomb|p1a: Pelipper
|-crit|p1a: Pelipper
|-damage|p1a: Pelipper|0 fnt
|faint|p1a: Pelipper
|
|-weather|RainDance|[upkeep]
|upkeep
|
|t:|1776060378
|switch|p1a: Barraskewda|Barraskewda, M|41/100
|-damage|p1a: Barraskewda|28/100|[from] Stealth Rock
|turn|34
|inactive|Sudhanshu4364 has 60 seconds left.
|
|t:|1776060388
|switch|p2a: Tyranitar|Tyranitar, F|13/100
|-damage|p2a: Tyranitar|1/100|[from] Stealth Rock
|-weather|Sandstorm|[from] ability: Sand Stream|[of] p2a: Tyranitar
|move|p1a: Barraskewda|Liquidation|p2a: Tyranitar
|-supereffective|p2a: Tyranitar
|-damage|p2a: Tyranitar|0 fnt
|faint|p2a: Tyranitar
|
|-weather|Sandstorm|[upkeep]
|-damage|p1a: Barraskewda|22/100|[from] Sandstorm
|upkeep
|
|t:|1776060398
|switch|p2a: Slowking|Slowking-Galar, M|98/100
|-damage|p2a: Slowking|85/100|[from] Stealth Rock
|turn|35
|
|t:|1776060402
|move|p1a: Barraskewda|Liquidation|p2a: Slowking
|-damage|p2a: Slowking|30/100
|move|p2a: Slowking|Sludge Bomb|p1a: Barraskewda
|-damage|p1a: Barraskewda|0 fnt
|faint|p1a: Barraskewda
|
|-weather|Sandstorm|[upkeep]
|-damage|p2a: Slowking|24/100|[from] Sandstorm
|upkeep
|
|t:|1776060407
|switch|p1a: Kingambit|Kingambit, M, tera:Dark|56/100
|-damage|p1a: Kingambit|44/100|[from] Stealth Rock
|-activate|p1a: Kingambit|ability: Supreme Overlord
|-start|p1a: Kingambit|fallen5|[silent]
|turn|36
|
|t:|1776060421
|move|p1a: Kingambit|Kowtow Cleave|p2a: Slowking
|-supereffective|p2a: Slowking
|-crit|p2a: Slowking
|-damage|p2a: Slowking|0 fnt
|faint|p2a: Slowking
|
|-weather|Sandstorm|[upkeep]
|-damage|p1a: Kingambit|38/100|[from] Sandstorm
|-heal|p1a: Kingambit|44/100|[from] item: Leftovers
|upkeep
|
|t:|1776060424
|switch|p2a: Zamazenta|Zamazenta|32/100
|-damage|p2a: Zamazenta|25/100|[from] Stealth Rock
|turn|37
|
|t:|1776060449
|move|p1a: Kingambit|Sucker Punch|p2a: Zamazenta
|-resisted|p2a: Zamazenta
|-damage|p2a: Zamazenta|0 fnt
|faint|p2a: Zamazenta
|
|win|Sudhanshu4364
|raw|Sudhanshu4364's rating: 1356 &rarr; <strong>1376</strong><br />(+20 for winning)
|raw|F0rtuna's rating: 1354 &rarr; <strong>1334</strong><br />(-20 for losing)
|l|☆F0rtuna
|player|p2|
