|html|<div class="broadcast-blue"><strong>[Gen 9] OU is currently suspecting Tera Blast! For information on how to participate check out the <a href="https://www.smogon.com/tools/suspects/view/200">suspect thread</a>.</strong></div>
|j|☆Rabum Alal
|j|☆xXCapFreshXx
|t:|1776188755
|gametype|singles
|player|p1|Rabum Alal|brock-gen1|1134
|player|p2|xXCapFreshXx|gambler|1136
|gen|9
|tier|[Gen 9] OU
|rated|
|rule|HP Percentage Mod: HP is shown in percentages
|rule|Endless Battle Clause: Forcing endless battles is banned
|rule|Species Clause: Limit one of each Pokémon
|rule|OHKO Clause: OHKO moves are banned
|rule|Evasion Items Clause: Evasion items are banned
|rule|Evasion Moves Clause: Evasion moves are banned
|rule|Evasion Abilities Clause: Evasion abilities are banned
|rule|Sleep Moves Clause: Sleep-inducing moves are banned
|clearpoke
|poke|p1|Iron Treads|
|poke|p1|Ogerpon-Wellspring, F|
|poke|p1|Overqwil, F|
|poke|p1|Pelipper, M|
|poke|p1|Dragonite, M|
|poke|p1|Barraskewda, M|
|poke|p2|Gliscor, M|
|poke|p2|Iron Moth|
|poke|p2|Gholdengo|
|poke|p2|Dragonite, F|
|poke|p2|Gastrodon-East, M|
|poke|p2|Ogerpon-Wellspring, F|
|teampreview
|c|☆Rabum Alal|hi
|inactive|Battle timer is ON: inactive players will automatically lose when time's up. (requested by xXCapFreshXx)
|c|☆Rabum Alal|have fun
|c|☆xXCapFreshXx|nice rain team
|c|☆Rabum Alal|thanks
|inactive|xXCapFreshXx has 120 seconds left.
|
|t:|1776188800
|teamsize|p1|6
|teamsize|p2|6
|start
|switch|p1a: Iron Treads|Iron Treads|100/100
|switch|p2a: Gastrodon|Gastrodon-East, M|100/100
|turn|1
|
|t:|1776188808
|move|p1a: Iron Treads|Stealth Rock|p2a: Gastrodon
|-sidestart|p2: xXCapFreshXx|move: Stealth Rock
|move|p2a: Gastrodon|Spikes|p1a: Iron Treads
|-sidestart|p1: Rabum Alal|Spikes
|
|upkeep
|turn|2
|
|t:|1776188812
|move|p1a: Iron Treads|Rapid Spin|p2a: Gastrodon
|-damage|p2a: Gastrodon|89/100
|-boost|p1a: Iron Treads|spe|1
|-sideend|p1: Rabum Alal|Spikes|[from] move: Rapid Spin|[of] p1a: Iron Treads
|move|p2a: Gastrodon|Earth Power|p1a: Iron Treads
|-supereffective|p1a: Iron Treads
|-damage|p1a: Iron Treads|53/100
|
|-heal|p1a: Iron Treads|59/100|[from] item: Leftovers
|-heal|p2a: Gastrodon|95/100|[from] item: Leftovers
|upkeep
|turn|3
|
|t:|1776188816
|-end|p1a: Iron Treads|Quark Drive|[silent]
|switch|p1a: Pelipper|Pelipper, M|100/100
|-weather|RainDance|[from] ability: Drizzle|[of] p1a: Pelipper
|move|p2a: Gastrodon|Earth Power|p1a: Pelipper
|-immune|p1a: Pelipper
|
|-weather|RainDance|[upkeep]
|-heal|p2a: Gastrodon|100/100|[from] item: Leftovers
|upkeep
|turn|4
|
|t:|1776188820
|move|p1a: Pelipper|U-turn|p2a: Gastrodon
|-damage|p2a: Gastrodon|92/100
|
|t:|1776188825
|switch|p1a: Ogerpon|Ogerpon-Wellspring, F|100/100|[from] U-turn
|move|p2a: Gastrodon|Spikes|p1a: Ogerpon
|-sidestart|p1: Rabum Alal|Spikes
|
|-weather|RainDance|[upkeep]
|-heal|p2a: Gastrodon|98/100|[from] item: Leftovers
|upkeep
|turn|5
|
|t:|1776188829
|-terastallize|p2a: Gastrodon|Ice
|move|p1a: Ogerpon|Power Whip|p2a: Gastrodon
|-damage|p2a: Gastrodon|32/100
|move|p2a: Gastrodon|Ice Beam|p1a: Ogerpon
|-damage|p1a: Ogerpon|66/100
|
|-weather|RainDance|[upkeep]
|-heal|p2a: Gastrodon|38/100|[from] item: Leftovers
|upkeep
|turn|6
|inactive|Rabum Alal has 120 seconds left.
|
|t:|1776188865
|switch|p2a: Gliscor|Gliscor, M, shiny|100/100
|-damage|p2a: Gliscor|88/100|[from] Stealth Rock
|move|p1a: Ogerpon|Play Rough|p2a: Gliscor
|-damage|p2a: Gliscor|65/100
|
|-weather|RainDance|[upkeep]
|-status|p2a: Gliscor|tox|[from] item: Toxic Orb
|upkeep
|turn|7
|inactive|Rabum Alal has 120 seconds left.
|
|t:|1776188878
|switch|p2a: Ogerpon|Ogerpon-Wellspring, F|100/100
|-damage|p2a: Ogerpon|88/100|[from] Stealth Rock
|move|p1a: Ogerpon|Power Whip|p2a: Ogerpon
|-damage|p2a: Ogerpon|0 fnt
|faint|p2a: Ogerpon
|
|-weather|RainDance|[upkeep]
|upkeep
|
|t:|1776188898
|switch|p2a: Iron Moth|Iron Moth|100/100
|-damage|p2a: Iron Moth|76/100|[from] Stealth Rock
|-enditem|p2a: Iron Moth|Booster Energy
|-activate|p2a: Iron Moth|ability: Quark Drive|[fromitem]
|-start|p2a: Iron Moth|quarkdrivespe
|turn|8
|
|t:|1776188906
|move|p2a: Iron Moth|Sludge Wave|p1a: Ogerpon
|-supereffective|p1a: Ogerpon
|-damage|p1a: Ogerpon|0 fnt
|faint|p1a: Ogerpon
|
|-weather|RainDance|[upkeep]
|upkeep
|
|t:|1776188921
|switch|p1a: Overqwil|Overqwil, F|100/100
|-damage|p1a: Overqwil|88/100|[from] Spikes
|turn|9
|
|t:|1776188944
|-end|p2a: Iron Moth|Quark Drive|[silent]
|switch|p2a: Gastrodon|Gastrodon-East, M, tera:Ice|38/100
|-damage|p2a: Gastrodon|13/100|[from] Stealth Rock
|move|p1a: Overqwil|Liquidation|p2a: Gastrodon
|-ability|p2a: Gastrodon|Storm Drain|boost
|-boost|p2a: Gastrodon|spa|1
|
|-weather|RainDance|[upkeep]
|-heal|p2a: Gastrodon|19/100|[from] item: Leftovers
|upkeep
|turn|10
|
|t:|1776188953
|move|p1a: Overqwil|Crunch|p2a: Gastrodon
|-damage|p2a: Gastrodon|0 fnt
|faint|p2a: Gastrodon
|-damage|p1a: Overqwil|78/100|[from] item: Life Orb
|
|-weather|none
|upkeep
|
|t:|1776188957
|switch|p2a: Dragonite|Dragonite, F|100/100
|turn|11
|
|t:|1776188983
|switch|p1a: Iron Treads|Iron Treads|59/100
|-damage|p1a: Iron Treads|47/100|[from] Spikes
|move|p2a: Dragonite|Dragon Dance|p2a: Dragonite
|-boost|p2a: Dragonite|atk|1
|-boost|p2a: Dragonite|spe|1
|
|-heal|p1a: Iron Treads|53/100|[from] item: Leftovers
|upkeep
|turn|12
|c|☆xXCapFreshXx|Hey, you busybody, you can leave.
|
|t:|1776189010
|move|p2a: Dragonite|Fire Punch|p1a: Iron Treads
|-supereffective|p1a: Iron Treads
|-damage|p1a: Iron Treads|0 fnt
|faint|p1a: Iron Treads
|-end|p1a: Iron Treads|Quark Drive|[silent]
|
|upkeep
|
|t:|1776189019
|switch|p1a: Pelipper|Pelipper, M|100/100
|-weather|RainDance|[from] ability: Drizzle|[of] p1a: Pelipper
|turn|13
|
|t:|1776189025
|move|p2a: Dragonite|Extreme Speed|p1a: Pelipper
|-damage|p1a: Pelipper|53/100
|move|p1a: Pelipper|Hurricane|p2a: Dragonite
|-damage|p2a: Dragonite|82/100
|-start|p2a: Dragonite|confusion
|
|-weather|RainDance|[upkeep]
|upkeep
|turn|14
|
|t:|1776189031
|-activate|p2a: Dragonite|confusion
|move|p2a: Dragonite|Extreme Speed|p1a: Pelipper
|-damage|p1a: Pelipper|6/100
|move|p1a: Pelipper|U-turn|p2a: Dragonite
|-resisted|p2a: Dragonite
|-damage|p2a: Dragonite|76/100
|
|t:|1776189043
|switch|p1a: Overqwil|Overqwil, F|78/100|[from] U-turn
|-damage|p1a: Overqwil|66/100|[from] Spikes
|
|-weather|RainDance|[upkeep]
|upkeep
|turn|15
|
|t:|1776189053
|move|p1a: Overqwil|Gunk Shot|p2a: Dragonite|[miss]
|-miss|p1a: Overqwil|p2a: Dragonite
|-activate|p2a: Dragonite|confusion
|move|p2a: Dragonite|Earthquake|p1a: Overqwil
|-supereffective|p1a: Overqwil
|-damage|p1a: Overqwil|0 fnt
|faint|p1a: Overqwil
|
|-weather|RainDance|[upkeep]
|upkeep
|
|t:|1776189060
|switch|p1a: Dragonite|Dragonite, M|100/100
|turn|16
|
|t:|1776189062
|-activate|p2a: Dragonite|confusion
|move|p2a: Dragonite|Extreme Speed|p1a: Dragonite
|-damage|p1a: Dragonite|75/100
|move|p1a: Dragonite|Ice Spinner|p2a: Dragonite
|-supereffective|p2a: Dragonite
|-damage|p2a: Dragonite|0 fnt
|faint|p2a: Dragonite
|
|-weather|RainDance|[upkeep]
|upkeep
|
|t:|1776189066
|switch|p2a: Gholdengo|Gholdengo, shiny|100/100
|-damage|p2a: Gholdengo|94/100|[from] Stealth Rock
|turn|17
|
|t:|1776189069
|move|p2a: Gholdengo|Dazzling Gleam|p1a: Dragonite
|-supereffective|p1a: Dragonite
|-damage|p1a: Dragonite|20/100
|move|p1a: Dragonite|Earthquake|p2a: Gholdengo
|-supereffective|p2a: Gholdengo
|-damage|p2a: Gholdengo|4/100
|
|-weather|RainDance|[upkeep]
|upkeep
|turn|18
|
|t:|1776189076
|move|p2a: Gholdengo|Dazzling Gleam|p1a: Dragonite
|-supereffective|p1a: Dragonite
|-damage|p1a: Dragonite|0 fnt
|faint|p1a: Dragonite
|
|-weather|RainDance|[upkeep]
|upkeep
|
|t:|1776189079
|switch|p1a: Barraskewda|Barraskewda, M|100/100
|-damage|p1a: Barraskewda|88/100|[from] Spikes
|turn|19
|
|t:|1776189084
|switch|p2a: Gliscor|Gliscor, M, shiny|65/100 tox
|-damage|p2a: Gliscor|53/100 tox|[from] Stealth Rock
|move|p1a: Barraskewda|Liquidation|p2a: Gliscor
|-supereffective|p2a: Gliscor
|-damage|p2a: Gliscor|0 fnt
|faint|p2a: Gliscor
|
|-weather|RainDance|[upkeep]
|upkeep
|
|t:|1776189088
|switch|p2a: Gholdengo|Gholdengo, shiny|4/100
|-damage|p2a: Gholdengo|0 fnt|[from] Stealth Rock
|faint|p2a: Gholdengo
|
|t:|1776189089
|switch|p2a: Iron Moth|Iron Moth|76/100
|-damage|p2a: Iron Moth|51/100|[from] Stealth Rock
|turn|20
|c|☆xXCapFreshXx|Coward you dont win without rain team loser your team boring
|-message|xXCapFreshXx forfeited.
|
|win|Rabum Alal
|raw|Rabum Alal's rating: 1134 &rarr; <strong>1159</strong><br />(+25 for winning)
|raw|xXCapFreshXx's rating: 1136 &rarr; <strong>1111</strong><br />(-25 for losing)
|l|☆xXCapFreshXx
|player|p2|
