|html|<div class="broadcast-blue"><strong>[Gen 9] OU is currently suspecting Tera Blast! For information on how to participate check out the <a href="https://www.smogon.com/tools/suspects/view/200">suspect thread</a>.</strong></div>
|j|☆Blastoise_Choice
|j|☆erhai
|t:|1776108509
|gametype|singles
|player|p1|Blastoise_Choice|benga|1739
|player|p2|erhai|169|1732
|gen|9
|tier|[Gen 9] OU
|rated|
|rule|HP Percentage Mod: HP is shown in percentages
|rule|Endless Battle Clause: Forcing endless battles is banned
|rule|Species Clause: Limit one of each Pokémon
|rule|OHKO Clause: OHKO moves are banned
|rule|Evasion Items Clause: Evasion items are banned
|rule|Evasion Moves Clause: Evasion moves are banned
|rule|Evasion Abilities Clause: Evasion abilities are banned
|rule|Sleep Moves Clause: Sleep-inducing moves are banned
|clearpoke
|poke|p1|Hydrapple, M|
|poke|p1|Tyranitar, F|
|poke|p1|Moltres|
|poke|p1|Zamazenta-*|
|poke|p1|Slowking-Galar, F|
|poke|p1|Excadrill, F|
|poke|p2|Iron Jugulis|
|poke|p2|Ogerpon, F|
|poke|p2|Scizor, F|
|poke|p2|Sandy Shocks|
|poke|p2|Latios, M|
|poke|p2|Manaphy|
|teampreview
|c|☆Blastoise_Choice|hf
|inactive|Battle timer is ON: inactive players will automatically lose when time's up. (requested by erhai)
|inactive|Blastoise_Choice also wants the timer to be on.
|
|t:|1776108519
|teamsize|p1|6
|teamsize|p2|6
|start
|switch|p1a: Slowking|Slowking-Galar, F|100/100
|switch|p2a: Sandy Shocks|Sandy Shocks|100/100
|-enditem|p2a: Sandy Shocks|Booster Energy
|-activate|p2a: Sandy Shocks|ability: Protosynthesis|[fromitem]
|-start|p2a: Sandy Shocks|protosynthesisspe
|turn|1
|
|t:|1776108527
|move|p2a: Sandy Shocks|Stealth Rock|p1a: Slowking
|-sidestart|p1: Blastoise_Choice|move: Stealth Rock
|move|p1a: Slowking|Ice Beam|p2a: Sandy Shocks
|-supereffective|p2a: Sandy Shocks
|-damage|p2a: Sandy Shocks|44/100
|
|upkeep
|turn|2
|
|t:|1776108533
|move|p2a: Sandy Shocks|Earth Power|p1a: Slowking
|-supereffective|p1a: Slowking
|-damage|p1a: Slowking|55/100
|move|p1a: Slowking|Sludge Bomb|p2a: Sandy Shocks
|-resisted|p2a: Sandy Shocks
|-damage|p2a: Sandy Shocks|25/100
|
|upkeep
|turn|3
|
|t:|1776108550
|switch|p1a: Zamazenta|Zamazenta|100/100
|-damage|p1a: Zamazenta|94/100|[from] Stealth Rock
|-ability|p1a: Zamazenta|Dauntless Shield|boost
|-boost|p1a: Zamazenta|def|1
|move|p2a: Sandy Shocks|Earth Power|p1a: Zamazenta
|-damage|p1a: Zamazenta|56/100
|
|-heal|p1a: Zamazenta|62/100|[from] item: Leftovers
|upkeep
|turn|4
|
|t:|1776108556
|move|p2a: Sandy Shocks|Discharge|p1a: Zamazenta
|-damage|p1a: Zamazenta|28/100
|move|p1a: Zamazenta|Body Press|p2a: Sandy Shocks
|-damage|p2a: Sandy Shocks|0 fnt
|faint|p2a: Sandy Shocks
|-end|p2a: Sandy Shocks|Protosynthesis|[silent]
|
|-heal|p1a: Zamazenta|34/100|[from] item: Leftovers
|upkeep
|
|t:|1776108563
|switch|p2a: Latios|Latios, M|100/100
|turn|5
|
|t:|1776108569
|move|p1a: Zamazenta|Crunch|p2a: Latios
|-supereffective|p2a: Latios
|-damage|p2a: Latios|58/100
|-enditem|p2a: Latios|Weakness Policy
|-boost|p2a: Latios|atk|2|[from] item: Weakness Policy
|-boost|p2a: Latios|spa|2|[from] item: Weakness Policy
|move|p2a: Latios|Agility|p2a: Latios
|-boost|p2a: Latios|spe|2
|
|-heal|p1a: Zamazenta|40/100|[from] item: Leftovers
|upkeep
|turn|6
|
|t:|1776108580
|switch|p1a: Tyranitar|Tyranitar, F|100/100
|-damage|p1a: Tyranitar|88/100|[from] Stealth Rock
|-weather|Sandstorm|[from] ability: Sand Stream|[of] p1a: Tyranitar
|move|p2a: Latios|Stored Power|p1a: Tyranitar
|-immune|p1a: Tyranitar
|
|-weather|Sandstorm|[upkeep]
|-damage|p2a: Latios|52/100|[from] Sandstorm
|upkeep
|turn|7
|
|t:|1776108588
|move|p2a: Latios|Aura Sphere|p1a: Tyranitar
|-supereffective|p1a: Tyranitar
|-damage|p1a: Tyranitar|5/100
|move|p1a: Tyranitar|Knock Off|p2a: Latios
|-supereffective|p2a: Latios
|-damage|p2a: Latios|0 fnt
|faint|p2a: Latios
|
|-weather|Sandstorm|[upkeep]
|upkeep
|
|t:|1776108603
|switch|p2a: Iron Jugulis|Iron Jugulis|100/100
|-enditem|p2a: Iron Jugulis|Booster Energy
|-activate|p2a: Iron Jugulis|ability: Quark Drive|[fromitem]
|-start|p2a: Iron Jugulis|quarkdrivespe
|turn|8
|
|t:|1776108609
|move|p2a: Iron Jugulis|Dark Pulse|p1a: Tyranitar
|-resisted|p1a: Tyranitar
|-damage|p1a: Tyranitar|0 fnt
|faint|p1a: Tyranitar
|
|-weather|Sandstorm|[upkeep]
|-damage|p2a: Iron Jugulis|94/100|[from] Sandstorm
|upkeep
|
|t:|1776108616
|switch|p1a: Excadrill|Excadrill, F|100/100
|-damage|p1a: Excadrill|97/100|[from] Stealth Rock
|-item|p1a: Excadrill|Air Balloon
|turn|9
|
|t:|1776108632
|move|p1a: Excadrill|Swords Dance|p1a: Excadrill
|-boost|p1a: Excadrill|atk|2
|move|p2a: Iron Jugulis|Dark Pulse|p1a: Excadrill
|-damage|p1a: Excadrill|41/100
|-enditem|p1a: Excadrill|Air Balloon
|
|-weather|Sandstorm|[upkeep]
|-damage|p2a: Iron Jugulis|88/100|[from] Sandstorm
|upkeep
|turn|10
|
|t:|1776108639
|move|p1a: Excadrill|Iron Head|p2a: Iron Jugulis
|-damage|p2a: Iron Jugulis|0 fnt
|faint|p2a: Iron Jugulis
|-end|p2a: Iron Jugulis|Quark Drive|[silent]
|
|-weather|Sandstorm|[upkeep]
|upkeep
|
|t:|1776108641
|switch|p2a: Scizor|Scizor, F, shiny|100/100
|turn|11
|j| seaean
|
|t:|1776108647
|move|p1a: Excadrill|Earthquake|p2a: Scizor
|-damage|p2a: Scizor|0 fnt
|faint|p2a: Scizor
|
|-weather|Sandstorm|[upkeep]
|upkeep
|l| seaean
|
|t:|1776108665
|switch|p2a: Manaphy|Manaphy|100/100
|turn|12
|
|t:|1776108671
|-terastallize|p2a: Manaphy|Grass
|move|p1a: Excadrill|Earthquake|p2a: Manaphy
|-resisted|p2a: Manaphy
|-damage|p2a: Manaphy|44/100
|-enditem|p2a: Manaphy|Sitrus Berry|[eat]
|-heal|p2a: Manaphy|69/100|[from] item: Sitrus Berry
|move|p2a: Manaphy|Surf|p1a: Excadrill
|-supereffective|p1a: Excadrill
|-damage|p1a: Excadrill|0 fnt
|faint|p1a: Excadrill
|
|-weather|Sandstorm|[upkeep]
|-damage|p2a: Manaphy|63/100|[from] Sandstorm
|upkeep
|
|t:|1776108677
|switch|p1a: Slowking|Slowking-Galar, F|88/100
|-damage|p1a: Slowking|76/100|[from] Stealth Rock
|turn|13
|
|t:|1776108683
|-terastallize|p1a: Slowking|Grass
|move|p2a: Manaphy|Surf|p1a: Slowking
|-resisted|p1a: Slowking
|-damage|p1a: Slowking|65/100
|move|p1a: Slowking|Sludge Bomb|p2a: Manaphy
|-supereffective|p2a: Manaphy
|-damage|p2a: Manaphy|0 fnt
|faint|p2a: Manaphy
|
|-weather|none
|upkeep
|
|t:|1776108686
|switch|p2a: Ogerpon|Ogerpon, F|100/100
|turn|14
|
|t:|1776108692
|move|p2a: Ogerpon|Swords Dance|p2a: Ogerpon
|-boost|p2a: Ogerpon|atk|2
|move|p1a: Slowking|Sludge Bomb|p2a: Ogerpon
|-supereffective|p2a: Ogerpon
|-damage|p2a: Ogerpon|20/100
|-status|p2a: Ogerpon|psn
|
|-damage|p2a: Ogerpon|8/100 psn|[from] psn
|upkeep
|turn|15
|-message|erhai forfeited.
|
|win|Blastoise_Choice
|raw|Blastoise_Choice's rating: 1739 &rarr; <strong>1760</strong><br />(+21 for winning)
|raw|erhai's rating: 1755 &rarr; <strong>1734</strong><br />(-21 for losing)
|c|☆Blastoise_Choice|gg
|l|☆erhai
|player|p2|
