|html|<div class="broadcast-blue"><strong>[Gen 9] OU is currently suspecting Tera Blast! For information on how to participate check out the <a href="https://www.smogon.com/tools/suspects/view/200">suspect thread</a>.</strong></div>
|j|☆spookyboixd
|j|☆q1q1q110943
|t:|1776049710
|gametype|singles
|player|p1|spookyboixd|dana|1190
|player|p2|q1q1q110943|plasmagruntf-gen5bw|1243
|gen|9
|tier|[Gen 9] OU
|rated|
|rule|HP Percentage Mod: HP is shown in percentages
|rule|Endless Battle Clause: Forcing endless battles is banned
|rule|Species Clause: Limit one of each Pokémon
|rule|OHKO Clause: OHKO moves are banned
|rule|Evasion Items Clause: Evasion items are banned
|rule|Evasion Moves Clause: Evasion moves are banned
|rule|Evasion Abilities Clause: Evasion abilities are banned
|rule|Sleep Moves Clause: Sleep-inducing moves are banned
|clearpoke
|poke|p1|Ting-Lu|
|poke|p1|Zamazenta-*|
|poke|p1|Ogerpon-Wellspring, F|
|poke|p1|Dragonite, F|
|poke|p1|Gholdengo|
|poke|p1|Iron Treads|
|poke|p2|Falinks|
|poke|p2|Espeon, M|
|poke|p2|Iron Treads|
|poke|p2|Ogerpon-Cornerstone, F|
|poke|p2|Zapdos-Galar|
|poke|p2|Thundurus-Therian, M|
|teampreview
|inactive|Battle timer is ON: inactive players will automatically lose when time's up. (requested by q1q1q110943)
|
|t:|1776049723
|teamsize|p1|6
|teamsize|p2|6
|start
|switch|p1a: Rin|Ogerpon-Wellspring, F|100/100
|switch|p2a: Falinks|Falinks, shiny|100/100
|turn|1
|
|t:|1776049730
|move|p1a: Rin|Taunt|p2a: Falinks
|-start|p2a: Falinks|move: Taunt
|cant|p2a: Falinks|move: Taunt|No Retreat
|
|upkeep
|turn|2
|
|t:|1776049738
|move|p1a: Rin|Play Rough|p2a: Falinks|[miss]
|-miss|p1a: Rin|p2a: Falinks
|move|p2a: Falinks|Close Combat|p1a: Rin
|-crit|p1a: Rin
|-damage|p1a: Rin|0 fnt
|-unboost|p2a: Falinks|def|1
|-unboost|p2a: Falinks|spd|1
|faint|p1a: Rin
|
|upkeep
|inactive|spookyboixd has 120 seconds left.
|
|t:|1776049778
|switch|p1a: Shiner|Gholdengo, shiny|100/100
|turn|3
|
|t:|1776049782
|move|p1a: Shiner|Make It Rain|p2a: Falinks
|-damage|p2a: Falinks|0 fnt
|-unboost|p1a: Shiner|spa|1
|faint|p2a: Falinks
|
|upkeep
|
|t:|1776049789
|switch|p2a: Iron Treads|Iron Treads|100/100
|turn|4
|
|t:|1776049797
|switch|p1a: Spyro|Dragonite, F, shiny|100/100
|move|p2a: Iron Treads|Earthquake|p1a: Spyro
|-immune|p1a: Spyro
|
|upkeep
|turn|5
|
|t:|1776049811
|move|p2a: Iron Treads|Knock Off|p1a: Spyro
|-damage|p1a: Spyro|89/100
|-enditem|p1a: Spyro|Heavy-Duty Boots|[from] move: Knock Off|[of] p2a: Iron Treads
|move|p1a: Spyro|Earthquake|p2a: Iron Treads
|-supereffective|p2a: Iron Treads
|-damage|p2a: Iron Treads|49/100
|
|-heal|p2a: Iron Treads|55/100|[from] item: Leftovers
|upkeep
|turn|6
|
|t:|1776049826
|-end|p2a: Iron Treads|Quark Drive|[silent]
|switch|p2a: Zapdos|Zapdos-Galar|100/100
|switch|p1a: No Shield Doh|Zamazenta|100/100
|-ability|p1a: No Shield Doh|Dauntless Shield|boost
|-boost|p1a: No Shield Doh|def|1
|
|upkeep
|turn|7
|
|t:|1776049836
|move|p2a: Zapdos|Brave Bird|p1a: No Shield Doh
|-supereffective|p1a: No Shield Doh
|-damage|p1a: No Shield Doh|44/100
|-damage|p2a: Zapdos|81/100|[from] Recoil
|move|p1a: No Shield Doh|Roar|p2a: Zapdos
|drag|p2a: Ogerpon|Ogerpon-Cornerstone, F|100/100
|
|-heal|p1a: No Shield Doh|50/100|[from] item: Leftovers
|upkeep
|turn|8
|
|t:|1776049847
|switch|p2a: Zapdos|Zapdos-Galar|81/100
|move|p1a: No Shield Doh|Body Press|p2a: Zapdos
|-resisted|p2a: Zapdos
|-damage|p2a: Zapdos|48/100
|
|-heal|p1a: No Shield Doh|56/100|[from] item: Leftovers
|upkeep
|turn|9
|
|t:|1776049864
|switch|p1a: Shine|Iron Treads, shiny|100/100
|-item|p1a: Shine|Air Balloon
|move|p2a: Zapdos|Brave Bird|p1a: Shine
|-resisted|p1a: Shine
|-damage|p1a: Shine|72/100
|-enditem|p1a: Shine|Air Balloon
|-damage|p2a: Zapdos|38/100|[from] Recoil
|
|upkeep
|turn|10
|
|t:|1776049872
|switch|p2a: Thundurus|Thundurus-Therian, M|100/100
|move|p1a: Shine|Earthquake|p2a: Thundurus
|-immune|p2a: Thundurus
|
|upkeep
|turn|11
|
|t:|1776049877
|move|p2a: Thundurus|Nasty Plot|p2a: Thundurus
|-boost|p2a: Thundurus|spa|2
|move|p1a: Shine|Knock Off|p2a: Thundurus
|-damage|p2a: Thundurus|58/100
|-enditem|p2a: Thundurus|Heavy-Duty Boots|[from] move: Knock Off|[of] p1a: Shine
|
|upkeep
|turn|12
|
|t:|1776049884
|move|p2a: Thundurus|Grass Knot|p1a: Shine
|-crit|p1a: Shine
|-damage|p1a: Shine|0 fnt
|faint|p1a: Shine
|-end|p1a: Shine|Quark Drive|[silent]
|
|upkeep
|
|t:|1776049890
|switch|p1a: Shiner|Gholdengo, shiny|100/100
|turn|13
|
|t:|1776049895
|move|p1a: Shiner|Make It Rain|p2a: Thundurus
|-resisted|p2a: Thundurus
|-damage|p2a: Thundurus|15/100
|-unboost|p1a: Shiner|spa|1
|move|p2a: Thundurus|Thunderbolt|p1a: Shiner
|-damage|p1a: Shiner|0 fnt
|faint|p1a: Shiner
|
|upkeep
|
|t:|1776049905
|switch|p1a: No Shield Doh|Zamazenta|56/100
|turn|14
|
|t:|1776049911
|move|p1a: No Shield Doh|Body Press|p2a: Thundurus
|-resisted|p2a: Thundurus
|-damage|p2a: Thundurus|0 fnt
|faint|p2a: Thundurus
|
|-heal|p1a: No Shield Doh|62/100|[from] item: Leftovers
|upkeep
|
|t:|1776049915
|switch|p2a: Zapdos|Zapdos-Galar|38/100
|turn|15
|
|t:|1776049930
|switch|p1a: Spyro|Dragonite, F, shiny|89/100
|move|p2a: Zapdos|Brave Bird|p1a: Spyro
|-damage|p1a: Spyro|39/100
|-damage|p2a: Zapdos|19/100|[from] Recoil
|
|upkeep
|turn|16
|
|t:|1776049939
|move|p2a: Zapdos|Brave Bird|p1a: Spyro
|-damage|p1a: Spyro|0 fnt
|faint|p1a: Spyro
|-damage|p2a: Zapdos|3/100|[from] Recoil
|
|upkeep
|
|t:|1776049944
|switch|p1a: Crawn|Ting-Lu|100/100
|-ability|p1a: Crawn|Vessel of Ruin
|turn|17
|
|t:|1776049950
|move|p2a: Zapdos|Brave Bird|p1a: Crawn
|-damage|p1a: Crawn|72/100
|-damage|p2a: Zapdos|0 fnt|[from] Recoil
|faint|p2a: Zapdos
|move|p1a: Crawn|Stealth Rock|p2: Zapdos
|-sidestart|p2: q1q1q110943|move: Stealth Rock
|
|upkeep
|
|t:|1776049956
|switch|p2a: Espeon|Espeon, M, shiny|100/100
|-damage|p2a: Espeon|88/100|[from] Stealth Rock
|turn|18
|
|t:|1776049963
|move|p2a: Espeon|Trick|p1a: Crawn
|-activate|p2a: Espeon|move: Trick|[of] p1a: Crawn
|-item|p1a: Crawn|Choice Specs|[from] move: Trick
|-item|p2a: Espeon|Red Card|[from] move: Trick
|move|p1a: Crawn|Spikes|p2a: Espeon
|move|p2a: Espeon|Spikes|p1a: Crawn|[from] ability: Magic Bounce
|-sidestart|p1: spookyboixd|Spikes
|
|upkeep
|turn|19
|
|t:|1776049982
|move|p2a: Espeon|Shadow Ball|p1a: Crawn
|-resisted|p1a: Crawn
|-damage|p1a: Crawn|65/100
|-unboost|p1a: Crawn|spd|1
|move|p1a: Crawn|Spikes|p2a: Espeon
|move|p2a: Espeon|Spikes|p1a: Crawn|[from] ability: Magic Bounce
|-sidestart|p1: spookyboixd|Spikes
|
|upkeep
|turn|20
|
|t:|1776049987
|move|p2a: Espeon|Shadow Ball|p1a: Crawn
|-resisted|p1a: Crawn
|-damage|p1a: Crawn|54/100
|move|p1a: Crawn|Spikes|p2a: Espeon
|move|p2a: Espeon|Spikes|p1a: Crawn|[from] ability: Magic Bounce
|-sidestart|p1: spookyboixd|Spikes
|
|upkeep
|turn|21
|-message|spookyboixd forfeited.
|
|win|q1q1q110943
|raw|spookyboixd's rating: 1190 &rarr; <strong>1169</strong><br />(-21 for losing)
|raw|q1q1q110943's rating: 1243 &rarr; <strong>1264</strong><br />(+21 for winning)
|l|☆spookyboixd
|player|p1|
|l|☆q1q1q110943
|player|p2|
