|html|<div class="broadcast-blue"><strong>[Gen 9] OU is currently suspecting Tera Blast! For information on how to participate check out the <a href="https://www.smogon.com/tools/suspects/view/200">suspect thread</a>.</strong></div>
|j|☆Gabonian20
|j|☆kyonsmith
|t:|1776214917
|gametype|singles
|player|p1|Gabonian20|cynthia|1163
|player|p2|kyonsmith|burglar|1216
|gen|9
|tier|[Gen 9] OU
|rated|
|rule|HP Percentage Mod: HP is shown in percentages
|rule|Endless Battle Clause: Forcing endless battles is banned
|rule|Species Clause: Limit one of each Pokémon
|rule|OHKO Clause: OHKO moves are banned
|rule|Evasion Items Clause: Evasion items are banned
|rule|Evasion Moves Clause: Evasion moves are banned
|rule|Evasion Abilities Clause: Evasion abilities are banned
|rule|Sleep Moves Clause: Sleep-inducing moves are banned
|clearpoke
|poke|p1|Great Tusk|
|poke|p1|Dragapult, M|
|poke|p1|Kingambit, F|
|poke|p1|Gholdengo|
|poke|p1|Rotom-Wash|
|poke|p1|Dragonite, M|
|poke|p2|Ceruledge, M|
|poke|p2|Iron Treads|
|poke|p2|Slowking-Galar, M|
|poke|p2|Gliscor, M|
|poke|p2|Rillaboom, F|
|poke|p2|Garganacl, M|
|teampreview
|
|t:|1776214956
|teamsize|p1|6
|teamsize|p2|6
|start
|switch|p1a: Great Tusk|Great Tusk|100/100
|switch|p2a: Slowking|Slowking-Galar, M|100/100
|turn|1
|inactive|Battle timer is ON: inactive players will automatically lose when time's up. (requested by Gabonian20)
|
|t:|1776214970
|-end|p1a: Great Tusk|Protosynthesis|[silent]
|switch|p1a: Gholdengo|Gholdengo|100/100
|move|p2a: Slowking|Psychic Noise|p1a: Gholdengo
|-resisted|p1a: Gholdengo
|-damage|p1a: Gholdengo|77/100
|-start|p1a: Gholdengo|move: Heal Block
|
|upkeep
|turn|2
|
|t:|1776214978
|move|p1a: Gholdengo|Shadow Ball|p2a: Slowking
|-supereffective|p2a: Slowking
|-damage|p2a: Slowking|27/100
|move|p2a: Slowking|Toxic Spikes|p1a: Gholdengo
|-sidestart|p1: Gabonian20|move: Toxic Spikes
|
|-heal|p2a: Slowking|33/100|[from] item: Black Sludge
|-end|p1a: Gholdengo|move: Heal Block
|upkeep
|turn|3
|
|t:|1776214987
|switch|p2a: Iron Treads|Iron Treads|100/100
|move|p1a: Gholdengo|Shadow Ball|p2a: Iron Treads
|-damage|p2a: Iron Treads|36/100
|
|-heal|p2a: Iron Treads|42/100|[from] item: Leftovers
|upkeep
|turn|4
|
|t:|1776214996
|move|p1a: Gholdengo|Shadow Ball|p2a: Iron Treads
|-damage|p2a: Iron Treads|0 fnt
|faint|p2a: Iron Treads
|-end|p2a: Iron Treads|Quark Drive|[silent]
|
|upkeep
|
|t:|1776215007
|switch|p2a: Garganacl|Garganacl, M|100/100
|turn|5
|
|t:|1776215010
|switch|p1a: Great Tusk|Great Tusk|100/100
|-status|p1a: Great Tusk|psn
|move|p2a: Garganacl|Salt Cure|p1a: Great Tusk
|-resisted|p1a: Great Tusk
|-damage|p1a: Great Tusk|99/100 psn
|-start|p1a: Great Tusk|Salt Cure
|
|-heal|p1a: Great Tusk|100/100 psn|[from] item: Leftovers
|-damage|p1a: Great Tusk|88/100 psn|[from] psn
|-damage|p1a: Great Tusk|76/100 psn|[from] Salt Cure
|upkeep
|turn|6
|
|t:|1776215021
|move|p1a: Great Tusk|Rapid Spin|p2a: Garganacl
|-resisted|p2a: Garganacl
|-damage|p2a: Garganacl|95/100
|-boost|p1a: Great Tusk|spe|1
|-sideend|p1: Gabonian20|Toxic Spikes|[from] move: Rapid Spin|[of] p1a: Great Tusk
|move|p2a: Garganacl|Iron Defense|p2a: Garganacl
|-boost|p2a: Garganacl|def|2
|
|-heal|p1a: Great Tusk|82/100 psn|[from] item: Leftovers
|-heal|p2a: Garganacl|100/100|[from] item: Leftovers
|-damage|p1a: Great Tusk|69/100 psn|[from] psn
|-damage|p1a: Great Tusk|57/100 psn|[from] Salt Cure
|upkeep
|turn|7
|
|t:|1776215032
|move|p1a: Great Tusk|Earthquake|p2a: Garganacl
|-supereffective|p2a: Garganacl
|-damage|p2a: Garganacl|69/100
|move|p2a: Garganacl|Recover|p2a: Garganacl
|-heal|p2a: Garganacl|100/100
|
|-heal|p1a: Great Tusk|63/100 psn|[from] item: Leftovers
|-damage|p1a: Great Tusk|51/100 psn|[from] psn
|-damage|p1a: Great Tusk|38/100 psn|[from] Salt Cure
|upkeep
|turn|8
|
|t:|1776215045
|move|p1a: Great Tusk|Knock Off|p2a: Garganacl
|-damage|p2a: Garganacl|91/100
|-enditem|p2a: Garganacl|Leftovers|[from] move: Knock Off|[of] p1a: Great Tusk
|move|p2a: Garganacl|Salt Cure|p1a: Great Tusk
|-resisted|p1a: Great Tusk
|-damage|p1a: Great Tusk|37/100 psn
|
|-heal|p1a: Great Tusk|43/100 psn|[from] item: Leftovers
|-damage|p1a: Great Tusk|30/100 psn|[from] psn
|-damage|p1a: Great Tusk|18/100 psn|[from] Salt Cure
|upkeep
|turn|9
|
|t:|1776215055
|move|p1a: Great Tusk|Earthquake|p2a: Garganacl
|-supereffective|p2a: Garganacl
|-damage|p2a: Garganacl|61/100
|move|p2a: Garganacl|Iron Defense|p2a: Garganacl
|-boost|p2a: Garganacl|def|2
|
|-heal|p1a: Great Tusk|24/100 psn|[from] item: Leftovers
|-damage|p1a: Great Tusk|12/100 psn|[from] psn
|-damage|p1a: Great Tusk|0 fnt|[from] Salt Cure
|faint|p1a: Great Tusk
|-end|p1a: Great Tusk|Protosynthesis|[silent]
|upkeep
|
|t:|1776215065
|switch|p1a: Gholdengo|Gholdengo|77/100
|turn|10
|
|t:|1776215072
|-terastallize|p2a: Garganacl|Fire
|move|p1a: Gholdengo|Make It Rain|p2a: Garganacl
|-resisted|p2a: Garganacl
|-damage|p2a: Garganacl|40/100
|-unboost|p1a: Gholdengo|spa|1
|move|p2a: Garganacl|Recover|p2a: Garganacl
|-heal|p2a: Garganacl|90/100
|
|upkeep
|turn|11
|
|t:|1776215081
|switch|p1a: Rotom|Rotom-Wash|100/100
|move|p2a: Garganacl|Salt Cure|p1a: Rotom
|-damage|p1a: Rotom|89/100
|-start|p1a: Rotom|Salt Cure
|
|-heal|p1a: Rotom|96/100|[from] item: Leftovers
|-damage|p1a: Rotom|71/100|[from] Salt Cure
|upkeep
|turn|12
|
|t:|1776215090
|move|p1a: Rotom|Hydro Pump|p2a: Garganacl|[miss]
|-miss|p1a: Rotom|p2a: Garganacl
|move|p2a: Garganacl|Body Press|p1a: Rotom
|-damage|p1a: Rotom|20/100
|
|-heal|p1a: Rotom|26/100|[from] item: Leftovers
|-damage|p1a: Rotom|1/100|[from] Salt Cure
|upkeep
|turn|13
|
|t:|1776215101
|switch|p2a: Rillaboom|Rillaboom, F|100/100
|-fieldstart|move: Grassy Terrain|[from] ability: Grassy Surge|[of] p2a: Rillaboom
|move|p1a: Rotom|Pain Split|p2a: Rillaboom
|-sethp|p2a: Rillaboom|51/100|[from] move: Pain Split|[silent]
|-sethp|p1a: Rotom|57/100|[from] move: Pain Split
|
|-heal|p2a: Rillaboom|57/100|[from] Grassy Terrain
|-heal|p2a: Rillaboom|63/100|[from] item: Leftovers
|-heal|p1a: Rotom|63/100|[from] item: Leftovers
|-damage|p1a: Rotom|38/100|[from] Salt Cure
|upkeep
|turn|14
|
|t:|1776215112
|switch|p1a: Dragonite|Dragonite, M|100/100
|move|p2a: Rillaboom|Swords Dance|p2a: Rillaboom
|-boost|p2a: Rillaboom|atk|2
|
|-heal|p2a: Rillaboom|69/100|[from] Grassy Terrain
|-heal|p2a: Rillaboom|75/100|[from] item: Leftovers
|upkeep
|turn|15
|
|t:|1776215120
|move|p2a: Rillaboom|U-turn|p1a: Dragonite
|-resisted|p1a: Dragonite
|-damage|p1a: Dragonite|87/100
|
|t:|1776215124
|switch|p2a: Gliscor|Gliscor, M|100/100|[from] U-turn
|move|p1a: Dragonite|Dragon Dance|p1a: Dragonite
|-boost|p1a: Dragonite|atk|1
|-boost|p1a: Dragonite|spe|1
|
|-status|p2a: Gliscor|tox|[from] item: Toxic Orb
|upkeep
|turn|16
|
|t:|1776215132
|-terastallize|p1a: Dragonite|Normal
|move|p1a: Dragonite|Dragon Dance|p1a: Dragonite
|-boost|p1a: Dragonite|atk|1
|-boost|p1a: Dragonite|spe|1
|move|p2a: Gliscor|Toxic|p1a: Dragonite
|-status|p1a: Dragonite|tox
|
|-heal|p1a: Dragonite|93/100 tox|[from] Grassy Terrain
|-damage|p1a: Dragonite|87/100 tox|[from] psn
|upkeep
|turn|17
|
|t:|1776215142
|move|p1a: Dragonite|Dragon Dance|p1a: Dragonite
|-boost|p1a: Dragonite|atk|1
|-boost|p1a: Dragonite|spe|1
|move|p2a: Gliscor|Substitute|p2a: Gliscor
|-start|p2a: Gliscor|Substitute
|-damage|p2a: Gliscor|76/100 tox
|
|-heal|p1a: Dragonite|93/100 tox|[from] Grassy Terrain
|-damage|p1a: Dragonite|81/100 tox|[from] psn
|-heal|p2a: Gliscor|88/100 tox|[from] ability: Poison Heal
|-fieldend|move: Grassy Terrain
|upkeep
|turn|18
|
|t:|1776215152
|move|p2a: Gliscor|Protect|p2a: Gliscor
|-singleturn|p2a: Gliscor|Protect
|move|p1a: Dragonite|Extreme Speed|p2a: Gliscor
|-activate|p2a: Gliscor|move: Protect
|
|-damage|p1a: Dragonite|62/100 tox|[from] psn
|-heal|p2a: Gliscor|100/100 tox|[from] ability: Poison Heal
|upkeep
|turn|19
|
|t:|1776215161
|move|p1a: Dragonite|Extreme Speed|p2a: Gliscor
|-end|p2a: Gliscor|Substitute
|move|p2a: Gliscor|Substitute|p2a: Gliscor
|-start|p2a: Gliscor|Substitute
|-damage|p2a: Gliscor|76/100 tox
|
|-damage|p1a: Dragonite|38/100 tox|[from] psn
|-heal|p2a: Gliscor|88/100 tox|[from] ability: Poison Heal
|upkeep
|turn|20
|
|t:|1776215170
|move|p2a: Gliscor|Protect|p2a: Gliscor
|-singleturn|p2a: Gliscor|Protect
|move|p1a: Dragonite|Extreme Speed|p2a: Gliscor
|-activate|p2a: Gliscor|move: Protect
|
|-damage|p1a: Dragonite|7/100 tox|[from] psn
|-heal|p2a: Gliscor|100/100 tox|[from] ability: Poison Heal
|upkeep
|turn|21
|
|t:|1776215181
|move|p1a: Dragonite|Extreme Speed|p2a: Gliscor
|-end|p2a: Gliscor|Substitute
|move|p2a: Gliscor|Substitute|p2a: Gliscor
|-start|p2a: Gliscor|Substitute
|-damage|p2a: Gliscor|76/100 tox
|
|-damage|p1a: Dragonite|0 fnt|[from] psn
|faint|p1a: Dragonite
|-heal|p2a: Gliscor|88/100 tox|[from] ability: Poison Heal
|upkeep
|
|t:|1776215189
|switch|p1a: Dragapult|Dragapult, M|100/100
|turn|22
|
|t:|1776215193
|move|p1a: Dragapult|Shadow Ball|p2a: Gliscor
|-damage|p2a: Gliscor|21/100 tox
|-unboost|p2a: Gliscor|spd|1
|move|p2a: Gliscor|Toxic|p1a: Dragapult
|-status|p1a: Dragapult|tox
|
|-damage|p1a: Dragapult|95/100 tox|[from] psn
|-heal|p2a: Gliscor|33/100 tox|[from] ability: Poison Heal
|upkeep
|turn|23
|
|t:|1776215203
|move|p2a: Gliscor|Protect|p2a: Gliscor
|-singleturn|p2a: Gliscor|Protect
|move|p1a: Dragapult|Shadow Ball|p2a: Gliscor
|-activate|p2a: Gliscor|move: Protect
|
|-damage|p1a: Dragapult|83/100 tox|[from] psn
|-heal|p2a: Gliscor|46/100 tox|[from] ability: Poison Heal
|upkeep
|turn|24
|
|t:|1776215212
|switch|p2a: Rillaboom|Rillaboom, F|75/100
|-fieldstart|move: Grassy Terrain|[from] ability: Grassy Surge|[of] p2a: Rillaboom
|move|p1a: Dragapult|Shadow Ball|p2a: Rillaboom
|-damage|p2a: Rillaboom|0 fnt
|faint|p2a: Rillaboom
|
|-heal|p1a: Dragapult|89/100 tox|[from] Grassy Terrain
|-damage|p1a: Dragapult|71/100 tox|[from] psn
|upkeep
|
|t:|1776215228
|switch|p2a: Ceruledge|Ceruledge, M|100/100
|turn|25
|
|t:|1776215232
|move|p2a: Ceruledge|Shadow Sneak|p1a: Dragapult
|-supereffective|p1a: Dragapult
|-damage|p1a: Dragapult|0 fnt
|faint|p1a: Dragapult
|-damage|p2a: Ceruledge|91/100|[from] item: Life Orb
|
|-heal|p2a: Ceruledge|97/100|[from] Grassy Terrain
|upkeep
|
|t:|1776215239
|switch|p1a: Rotom|Rotom-Wash|38/100
|turn|26
|
|t:|1776215243
|move|p2a: Ceruledge|Shadow Sneak|p1a: Rotom
|-damage|p1a: Rotom|18/100
|-damage|p2a: Ceruledge|87/100|[from] item: Life Orb
|move|p1a: Rotom|Hydro Pump|p2a: Ceruledge
|-supereffective|p2a: Ceruledge
|-damage|p2a: Ceruledge|0 fnt
|faint|p2a: Ceruledge
|
|-heal|p1a: Rotom|24/100|[from] item: Leftovers
|upkeep
|
|t:|1776215254
|switch|p2a: Slowking|Slowking-Galar, M|67/100
|turn|27
|inactive|Gabonian20 has 120 seconds left.
|
|t:|1776215297
|move|p1a: Rotom|Pain Split|p2a: Slowking
|-sethp|p2a: Slowking|43/100|[from] move: Pain Split|[silent]
|-sethp|p1a: Rotom|55/100|[from] move: Pain Split
|move|p2a: Slowking|Sludge Wave|p1a: Rotom
|-damage|p1a: Rotom|2/100
|
|-heal|p1a: Rotom|9/100|[from] item: Leftovers
|-heal|p2a: Slowking|49/100|[from] Grassy Terrain
|-heal|p2a: Slowking|55/100|[from] item: Black Sludge
|upkeep
|turn|28
|
|t:|1776215307
|move|p1a: Rotom|Pain Split|p2a: Slowking
|-sethp|p2a: Slowking|31/100|[from] move: Pain Split|[silent]
|-sethp|p1a: Rotom|40/100|[from] move: Pain Split
|move|p2a: Slowking|Surf|p1a: Rotom
|-resisted|p1a: Rotom
|-damage|p1a: Rotom|24/100
|
|-heal|p1a: Rotom|30/100|[from] item: Leftovers
|-heal|p2a: Slowking|37/100|[from] Grassy Terrain
|-heal|p2a: Slowking|43/100|[from] item: Black Sludge
|-fieldend|move: Grassy Terrain
|upkeep
|turn|29
|inactive|Gabonian20 has 120 seconds left.
|
|t:|1776215317
|move|p1a: Rotom|Hydro Pump|p2a: Slowking|[miss]
|-miss|p1a: Rotom|p2a: Slowking
|move|p2a: Slowking|Sludge Wave|p1a: Rotom
|-damage|p1a: Rotom|0 fnt
|faint|p1a: Rotom
|
|-heal|p2a: Slowking|49/100|[from] item: Black Sludge
|upkeep
|inactive|Gabonian20 has 90 seconds left.
|
|t:|1776215374
|switch|p1a: Gholdengo|Gholdengo|77/100
|turn|30
|
|t:|1776215378
|move|p1a: Gholdengo|Shadow Ball|p2a: Slowking
|-supereffective|p2a: Slowking
|-damage|p2a: Slowking|0 fnt
|faint|p2a: Slowking
|
|upkeep
|
|t:|1776215383
|switch|p2a: Garganacl|Garganacl, M, tera:Fire|90/100
|turn|31
|
|t:|1776215387
|move|p1a: Gholdengo|Shadow Ball|p2a: Garganacl
|-damage|p2a: Garganacl|75/100
|move|p2a: Garganacl|Iron Defense|p2a: Garganacl
|-boost|p2a: Garganacl|def|2
|
|upkeep
|turn|32
|
|t:|1776215393
|move|p1a: Gholdengo|Shadow Ball|p2a: Garganacl
|-damage|p2a: Garganacl|63/100
|move|p2a: Garganacl|Iron Defense|p2a: Garganacl
|-boost|p2a: Garganacl|def|2
|
|upkeep
|turn|33
|inactive|Gabonian20 has 90 seconds left.
|
|t:|1776215427
|move|p1a: Gholdengo|Shadow Ball|p2a: Garganacl
|-crit|p2a: Garganacl
|-damage|p2a: Garganacl|43/100
|move|p2a: Garganacl|Recover|p2a: Garganacl
|-heal|p2a: Garganacl|93/100
|
|upkeep
|turn|34
|
|t:|1776215433
|move|p1a: Gholdengo|Shadow Ball|p2a: Garganacl
|-damage|p2a: Garganacl|80/100
|move|p2a: Garganacl|Salt Cure|p1a: Gholdengo
|-resisted|p1a: Gholdengo
|-damage|p1a: Gholdengo|69/100
|-start|p1a: Gholdengo|Salt Cure
|
|-damage|p1a: Gholdengo|45/100|[from] Salt Cure
|upkeep
|turn|35
|
|t:|1776215442
|move|p1a: Gholdengo|Shadow Ball|p2a: Garganacl
|-damage|p2a: Garganacl|67/100
|move|p2a: Garganacl|Salt Cure|p1a: Gholdengo
|-resisted|p1a: Gholdengo
|-damage|p1a: Gholdengo|37/100
|
|-damage|p1a: Gholdengo|12/100|[from] Salt Cure
|upkeep
|turn|36
|inactive|Gabonian20 has 90 seconds left.
|
|t:|1776215450
|move|p1a: Gholdengo|Shadow Ball|p2a: Garganacl
|-damage|p2a: Garganacl|52/100
|-unboost|p2a: Garganacl|spd|1
|move|p2a: Garganacl|Recover|p2a: Garganacl
|-heal|p2a: Garganacl|100/100
|
|-damage|p1a: Gholdengo|0 fnt|[from] Salt Cure
|faint|p1a: Gholdengo
|upkeep
|inactive|Gabonian20 has 90 seconds left.
|
|t:|1776215458
|switch|p1a: Kingambit|Kingambit, F|100/100
|-activate|p1a: Kingambit|ability: Supreme Overlord
|-start|p1a: Kingambit|fallen5|[silent]
|turn|37
|
|t:|1776215463
|move|p1a: Kingambit|Sucker Punch|p2a: Garganacl
|-damage|p2a: Garganacl|83/100
|move|p2a: Garganacl|Body Press|p1a: Kingambit
|-supereffective|p1a: Kingambit
|-damage|p1a: Kingambit|0 fnt
|faint|p1a: Kingambit
|-end|p1a: Kingambit|fallen5|[silent]
|
|win|kyonsmith
|raw|Gabonian20's rating: 1163 &rarr; <strong>1142</strong><br />(-21 for losing)
|raw|kyonsmith's rating: 1216 &rarr; <strong>1237</strong><br />(+21 for winning)
|c|☆Gabonian20|asco
|l|☆Gabonian20
|player|p1|
|c|☆kyonsmith|debiste lanzar primero a king gambite
