|html|<div class="broadcast-blue"><strong>[Gen 9] OU is currently suspecting Tera Blast! For information on how to participate check out the <a href="https://www.smogon.com/tools/suspects/view/200">suspect thread</a>.</strong></div>
|j|☆thoteh
|j|☆Thepalulumon
|t:|1776258681
|gametype|singles
|player|p1|thoteh|n|1113
|player|p2|Thepalulumon|bruno|1145
|gen|9
|tier|[Gen 9] OU
|rated|
|rule|HP Percentage Mod: HP is shown in percentages
|rule|Endless Battle Clause: Forcing endless battles is banned
|rule|Species Clause: Limit one of each Pokémon
|rule|OHKO Clause: OHKO moves are banned
|rule|Evasion Items Clause: Evasion items are banned
|rule|Evasion Moves Clause: Evasion moves are banned
|rule|Evasion Abilities Clause: Evasion abilities are banned
|rule|Sleep Moves Clause: Sleep-inducing moves are banned
|clearpoke
|poke|p1|Garganacl, F|
|poke|p1|Glimmora, F|
|poke|p1|Enamorus, F|
|poke|p1|Corviknight, F|
|poke|p1|Kingambit, F|
|poke|p1|Iron Jugulis|
|poke|p2|Forretress, F|
|poke|p2|Gastrodon-East, M|
|poke|p2|Blaziken, M|
|poke|p2|Comfey, F|
|poke|p2|Necrozma|
|poke|p2|Goodra-Hisui, F|
|teampreview
|
|t:|1776258685
|teamsize|p1|6
|teamsize|p2|6
|start
|switch|p1a: Glimmora|Glimmora, F, shiny|100/100
|switch|p2a: Forretress|Forretress, F|100/100
|turn|1
|
|t:|1776258692
|move|p1a: Glimmora|Stealth Rock|p2a: Forretress
|-sidestart|p2: Thepalulumon|move: Stealth Rock
|move|p2a: Forretress|Iron Defense|p2a: Forretress
|-boost|p2a: Forretress|def|2
|
|upkeep
|turn|2
|
|t:|1776258698
|move|p1a: Glimmora|Earth Power|p2a: Forretress
|-damage|p2a: Forretress|72/100
|move|p2a: Forretress|Rapid Spin|p1a: Glimmora
|-resisted|p1a: Glimmora
|-damage|p1a: Glimmora|94/100
|-boost|p2a: Forretress|spe|1
|-activate|p1a: Glimmora|ability: Toxic Debris
|-sidestart|p2: Thepalulumon|move: Toxic Spikes
|-sideend|p2: Thepalulumon|Toxic Spikes|[from] move: Rapid Spin|[of] p2a: Forretress
|-sideend|p2: Thepalulumon|Stealth Rock|[from] move: Rapid Spin|[of] p2a: Forretress
|
|-heal|p2a: Forretress|78/100|[from] item: Leftovers
|upkeep
|turn|3
|
|t:|1776258710
|move|p1a: Glimmora|Earth Power|p2a: Forretress
|-damage|p2a: Forretress|48/100
|move|p2a: Forretress|Body Press|p1a: Glimmora
|-damage|p1a: Glimmora|29/100
|-activate|p1a: Glimmora|ability: Toxic Debris
|-sidestart|p2: Thepalulumon|move: Toxic Spikes
|
|-heal|p2a: Forretress|54/100|[from] item: Leftovers
|upkeep
|turn|4
|
|t:|1776258723
|move|p1a: Glimmora|Stealth Rock|p2a: Forretress
|-sidestart|p2: Thepalulumon|move: Stealth Rock
|move|p2a: Forretress|Rapid Spin|p1a: Glimmora
|-resisted|p1a: Glimmora
|-damage|p1a: Glimmora|22/100
|-boost|p2a: Forretress|spe|1
|-activate|p1a: Glimmora|ability: Toxic Debris
|-sidestart|p2: Thepalulumon|move: Toxic Spikes
|-sideend|p2: Thepalulumon|Toxic Spikes|[from] move: Rapid Spin|[of] p2a: Forretress
|-sideend|p2: Thepalulumon|Stealth Rock|[from] move: Rapid Spin|[of] p2a: Forretress
|
|-heal|p2a: Forretress|61/100|[from] item: Leftovers
|upkeep
|turn|5
|
|t:|1776258737
|move|p1a: Glimmora|Stealth Rock|p2a: Forretress
|-sidestart|p2: Thepalulumon|move: Stealth Rock
|move|p2a: Forretress|Body Press|p1a: Glimmora
|-damage|p1a: Glimmora|0 fnt
|-activate|p1a: Glimmora|ability: Toxic Debris
|-sidestart|p2: Thepalulumon|move: Toxic Spikes
|faint|p1a: Glimmora
|
|-heal|p2a: Forretress|67/100|[from] item: Leftovers
|upkeep
|
|t:|1776258742
|switch|p1a: Iron Jugulis|Iron Jugulis|100/100
|-enditem|p1a: Iron Jugulis|Booster Energy
|-activate|p1a: Iron Jugulis|ability: Quark Drive|[fromitem]
|-start|p1a: Iron Jugulis|quarkdrivespa
|turn|6
|inactive|Battle timer is ON: inactive players will automatically lose when time's up. (requested by thoteh)
|
|t:|1776258759
|switch|p2a: Goodra|Goodra-Hisui, F|100/100
|-damage|p2a: Goodra|94/100|[from] Stealth Rock
|move|p1a: Iron Jugulis|Fire Blast|p2a: Goodra|[miss]
|-miss|p1a: Iron Jugulis|p2a: Goodra
|
|-heal|p2a: Goodra|100/100|[from] item: Leftovers
|upkeep
|turn|7
|
|t:|1776258774
|-end|p1a: Iron Jugulis|Quark Drive|[silent]
|switch|p1a: Garganacl|Garganacl, F, shiny|100/100
|move|p2a: Goodra|Flash Cannon|p1a: Garganacl
|-supereffective|p1a: Garganacl
|-damage|p1a: Garganacl|44/100
|
|-heal|p1a: Garganacl|50/100|[from] item: Leftovers
|upkeep
|turn|8
|
|t:|1776258786
|move|p1a: Garganacl|Protect|p1a: Garganacl
|-singleturn|p1a: Garganacl|Protect
|move|p2a: Goodra|Flash Cannon|p1a: Garganacl
|-activate|p1a: Garganacl|move: Protect
|
|-heal|p1a: Garganacl|57/100|[from] item: Leftovers
|upkeep
|turn|9
|
|t:|1776258794
|move|p2a: Goodra|Flash Cannon|p1a: Garganacl
|-supereffective|p1a: Garganacl
|-damage|p1a: Garganacl|1/100
|move|p1a: Garganacl|Salt Cure|p2a: Goodra
|-resisted|p2a: Goodra
|-damage|p2a: Goodra|95/100
|-start|p2a: Goodra|Salt Cure
|
|-heal|p2a: Goodra|100/100|[from] item: Leftovers
|-heal|p1a: Garganacl|8/100|[from] item: Leftovers
|-damage|p2a: Goodra|75/100|[from] Salt Cure
|upkeep
|turn|10
|
|t:|1776258805
|move|p1a: Garganacl|Protect|p1a: Garganacl
|-singleturn|p1a: Garganacl|Protect
|move|p2a: Goodra|Flash Cannon|p1a: Garganacl
|-activate|p1a: Garganacl|move: Protect
|
|-heal|p2a: Goodra|82/100|[from] item: Leftovers
|-heal|p1a: Garganacl|14/100|[from] item: Leftovers
|-damage|p2a: Goodra|57/100|[from] Salt Cure
|upkeep
|turn|11
|
|t:|1776258815
|move|p1a: Garganacl|Protect|p1a: Garganacl
|-singleturn|p1a: Garganacl|Protect
|move|p2a: Goodra|Flash Cannon|p1a: Garganacl
|-activate|p1a: Garganacl|move: Protect
|
|-heal|p2a: Goodra|63/100|[from] item: Leftovers
|-heal|p1a: Garganacl|20/100|[from] item: Leftovers
|-damage|p2a: Goodra|38/100|[from] Salt Cure
|upkeep
|turn|12
|
|t:|1776258824
|move|p2a: Goodra|Flash Cannon|p1a: Garganacl
|-supereffective|p1a: Garganacl
|-damage|p1a: Garganacl|0 fnt
|faint|p1a: Garganacl
|
|-heal|p2a: Goodra|44/100|[from] item: Leftovers
|-damage|p2a: Goodra|19/100|[from] Salt Cure
|upkeep
|
|t:|1776258830
|switch|p1a: Iron Jugulis|Iron Jugulis|100/100
|turn|13
|
|t:|1776258834
|move|p1a: Iron Jugulis|Dragon Pulse|p2a: Goodra
|-damage|p2a: Goodra|0 fnt
|faint|p2a: Goodra
|
|upkeep
|
|t:|1776258840
|switch|p2a: Comfey|Comfey, F, shiny|100/100
|-damage|p2a: Comfey|88/100|[from] Stealth Rock
|-status|p2a: Comfey|psn
|turn|14
|
|t:|1776258849
|-end|p1a: Iron Jugulis|Quark Drive|[silent]
|switch|p1a: Kingambit|Kingambit, F|100/100
|-activate|p1a: Kingambit|ability: Supreme Overlord
|-start|p1a: Kingambit|fallen2|[silent]
|move|p2a: Comfey|Draining Kiss|p1a: Kingambit
|-damage|p1a: Kingambit|70/100
|-heal|p2a: Comfey|100/100 psn|[from] drain|[of] p1a: Kingambit
|-damage|p2a: Comfey|91/100 psn|[from] item: Life Orb
|
|-heal|p1a: Kingambit|76/100|[from] item: Leftovers
|-damage|p2a: Comfey|78/100 psn|[from] psn
|upkeep
|turn|15
|
|t:|1776258863
|switch|p2a: Forretress|Forretress, F|67/100
|-damage|p2a: Forretress|54/100|[from] Stealth Rock
|move|p1a: Kingambit|Iron Head|p2a: Forretress
|-resisted|p2a: Forretress
|-damage|p2a: Forretress|33/100
|
|-heal|p1a: Kingambit|83/100|[from] item: Leftovers
|-heal|p2a: Forretress|39/100|[from] item: Leftovers
|upkeep
|turn|16
|
|t:|1776258881
|move|p1a: Kingambit|Kowtow Cleave|p2a: Forretress
|-damage|p2a: Forretress|0 fnt
|faint|p2a: Forretress
|
|-heal|p1a: Kingambit|89/100|[from] item: Leftovers
|upkeep
|
|t:|1776258888
|switch|p2a: Blaziken|Blaziken, M, shiny|100/100
|turn|17
|
|t:|1776258900
|-end|p1a: Kingambit|fallen2|[silent]
|switch|p1a: Enamorus|Enamorus, F, shiny|100/100
|move|p2a: Blaziken|Close Combat|p1a: Enamorus
|-resisted|p1a: Enamorus
|-damage|p1a: Enamorus|75/100
|-unboost|p2a: Blaziken|def|1
|-unboost|p2a: Blaziken|spd|1
|
|-ability|p2a: Blaziken|Speed Boost|boost
|-boost|p2a: Blaziken|spe|1
|upkeep
|turn|18
|
|t:|1776258913
|switch|p2a: Necrozma|Necrozma|100/100
|-damage|p2a: Necrozma|88/100|[from] Stealth Rock
|-status|p2a: Necrozma|psn
|move|p1a: Enamorus|Moonblast|p2a: Necrozma
|-damage|p2a: Necrozma|23/100 psn
|-unboost|p2a: Necrozma|spa|1
|
|-heal|p2a: Necrozma|29/100 psn|[from] item: Leftovers
|-damage|p2a: Necrozma|17/100 psn|[from] psn
|upkeep
|turn|19
|
|t:|1776258928
|move|p1a: Enamorus|Moonblast|p2a: Necrozma
|-damage|p2a: Necrozma|0 fnt
|faint|p2a: Necrozma
|
|upkeep
|
|t:|1776258933
|switch|p2a: Gastrodon|Gastrodon-East, M|100/100
|-damage|p2a: Gastrodon|94/100|[from] Stealth Rock
|-status|p2a: Gastrodon|psn
|turn|20
|
|t:|1776258946
|move|p1a: Enamorus|Moonblast|p2a: Gastrodon
|-damage|p2a: Gastrodon|20/100 psn
|-unboost|p2a: Gastrodon|spa|1
|move|p2a: Gastrodon|Ice Beam|p1a: Enamorus
|-supereffective|p1a: Enamorus
|-damage|p1a: Enamorus|36/100
|
|-heal|p2a: Gastrodon|27/100 psn|[from] item: Leftovers
|-damage|p2a: Gastrodon|14/100 psn|[from] psn
|upkeep
|turn|21
|-message|Thepalulumon forfeited.
|
|win|thoteh
|raw|thoteh's rating: 1113 &rarr; <strong>1140</strong><br />(+27 for winning)
|raw|Thepalulumon's rating: 1145 &rarr; <strong>1118</strong><br />(-27 for losing)
|l|☆Thepalulumon
|player|p2|
