|html|<div class="broadcast-blue"><strong>[Gen 9] OU is currently suspecting Tera Blast! For information on how to participate check out the <a href="https://www.smogon.com/tools/suspects/view/200">suspect thread</a>.</strong></div>
|j|☆ajjosh92
|j|☆Skotus
|t:|1776043950
|gametype|singles
|player|p1|ajjosh92|101|1315
|player|p2|Skotus|1|1424
|gen|9
|tier|[Gen 9] OU
|rated|
|rule|HP Percentage Mod: HP is shown in percentages
|rule|Endless Battle Clause: Forcing endless battles is banned
|rule|Species Clause: Limit one of each Pokémon
|rule|OHKO Clause: OHKO moves are banned
|rule|Evasion Items Clause: Evasion items are banned
|rule|Evasion Moves Clause: Evasion moves are banned
|rule|Evasion Abilities Clause: Evasion abilities are banned
|rule|Sleep Moves Clause: Sleep-inducing moves are banned
|clearpoke
|poke|p1|Darkrai|
|poke|p1|Dragonite, M|
|poke|p1|Kingambit, F|
|poke|p1|Zamazenta-*|
|poke|p1|Iron Valiant|
|poke|p1|Ceruledge, F|
|poke|p2|Mandibuzz, F|
|poke|p2|Cloyster, F|
|poke|p2|Polteageist-Antique|
|poke|p2|Blastoise, M|
|poke|p2|Torterra, F|
|poke|p2|Minior|
|teampreview
|
|t:|1776043971
|teamsize|p1|6
|teamsize|p2|6
|start
|switch|p1a: Dave|Darkrai|100/100
|switch|p2a: Torterra|Torterra, F|100/100
|turn|1
|
|t:|1776043978
|switch|p2a: Mandibuzz|Mandibuzz, F|100/100
|move|p1a: Dave|Ice Beam|p2a: Mandibuzz
|-supereffective|p2a: Mandibuzz
|-damage|p2a: Mandibuzz|33/100
|
|upkeep
|turn|2
|
|t:|1776043990
|move|p1a: Dave|Ice Beam|p2a: Mandibuzz
|-supereffective|p2a: Mandibuzz
|-damage|p2a: Mandibuzz|0 fnt
|faint|p2a: Mandibuzz
|
|upkeep
|
|t:|1776043995
|switch|p2a: Cloyster|Cloyster, F|100/100
|turn|3
|
|t:|1776044008
|switch|p1a: Jimmy|Zamazenta|100/100
|-ability|p1a: Jimmy|Dauntless Shield|boost
|-boost|p1a: Jimmy|def|1
|move|p2a: Cloyster|Shell Smash|p2a: Cloyster
|-unboost|p2a: Cloyster|def|1
|-unboost|p2a: Cloyster|spd|1
|-boost|p2a: Cloyster|atk|2
|-boost|p2a: Cloyster|spa|2
|-boost|p2a: Cloyster|spe|2
|
|upkeep
|turn|4
|
|t:|1776044017
|-terastallize|p2a: Cloyster|Ghost
|move|p2a: Cloyster|Shell Smash|p2a: Cloyster
|-unboost|p2a: Cloyster|def|1
|-unboost|p2a: Cloyster|spd|1
|-boost|p2a: Cloyster|atk|2
|-boost|p2a: Cloyster|spa|2
|-boost|p2a: Cloyster|spe|2
|move|p1a: Jimmy|Roar|p2a: Cloyster
|drag|p2a: Torterra|Torterra, F|100/100
|
|upkeep
|turn|5
|
|t:|1776044030
|move|p1a: Jimmy|Close Combat|p2a: Torterra
|-damage|p2a: Torterra|49/100
|-unboost|p1a: Jimmy|def|1
|-unboost|p1a: Jimmy|spd|1
|move|p2a: Torterra|Shell Smash|p2a: Torterra
|-unboost|p2a: Torterra|def|1
|-unboost|p2a: Torterra|spd|1
|-boost|p2a: Torterra|atk|2
|-boost|p2a: Torterra|spa|2
|-boost|p2a: Torterra|spe|2
|
|upkeep
|turn|6
|
|t:|1776044042
|move|p2a: Torterra|Bullet Seed|p1a: Jimmy
|-damage|p1a: Jimmy|83/100
|-damage|p1a: Jimmy|63/100
|-damage|p1a: Jimmy|44/100
|-damage|p1a: Jimmy|24/100
|-hitcount|p1a: Jimmy|4
|move|p1a: Jimmy|Close Combat|p2a: Torterra
|-damage|p2a: Torterra|0 fnt
|-unboost|p1a: Jimmy|def|1
|-unboost|p1a: Jimmy|spd|1
|faint|p2a: Torterra
|
|upkeep
|
|t:|1776044051
|switch|p2a: Cloyster|Cloyster, F, tera:Ghost|100/100
|turn|7
|
|t:|1776044068
|move|p1a: Jimmy|Crunch|p2a: Cloyster
|-supereffective|p2a: Cloyster
|-damage|p2a: Cloyster|63/100
|move|p2a: Cloyster|Icicle Spear|p1a: Jimmy
|-damage|p1a: Jimmy|9/100
|-damage|p1a: Jimmy|0 fnt
|faint|p1a: Jimmy
|-hitcount|p1: Jimmy|2
|
|upkeep
|
|t:|1776044078
|switch|p1a: Dave|Darkrai|100/100
|turn|8
|
|t:|1776044082
|move|p1a: Dave|Dark Pulse|p2a: Cloyster
|-supereffective|p2a: Cloyster
|-damage|p2a: Cloyster|0 fnt
|faint|p2a: Cloyster
|
|upkeep
|
|t:|1776044089
|switch|p2a: Minior|Minior|100/100
|-formechange|p2a: Minior|Minior-Meteor||[from] ability: Shields Down
|turn|9
|
|t:|1776044094
|move|p1a: Dave|Ice Beam|p2a: Minior
|-supereffective|p2a: Minior
|-crit|p2a: Minior
|-enditem|p2a: Minior|Focus Sash
|-damage|p2a: Minior|1/100
|move|p2a: Minior|Shell Smash|p2a: Minior
|-unboost|p2a: Minior|def|1
|-unboost|p2a: Minior|spd|1
|-boost|p2a: Minior|atk|2
|-boost|p2a: Minior|spa|2
|-boost|p2a: Minior|spe|2
|
|-formechange|p2a: Minior|Minior||[from] ability: Shields Down
|upkeep
|turn|10
|
|t:|1776044114
|move|p2a: Minior|Acrobatics|p1a: Dave
|-damage|p1a: Dave|0 fnt
|faint|p1a: Dave
|
|upkeep
|
|t:|1776044119
|switch|p1a: Bobby|Dragonite, M|100/100
|turn|11
|
|t:|1776044123
|switch|p2a: Polteageist|Polteageist-Antique|100/100
|move|p1a: Bobby|Extreme Speed|p2a: Polteageist
|-immune|p2a: Polteageist
|
|upkeep
|turn|12
|
|t:|1776044131
|switch|p2a: Minior|Minior|1/100
|move|p1a: Bobby|Scale Shot|p2a: Minior
|-damage|p2a: Minior|0 fnt
|faint|p2a: Minior
|-hitcount|p2: Minior|1
|-unboost|p1a: Bobby|def|1
|-boost|p1a: Bobby|spe|1
|
|upkeep
|
|t:|1776044139
|switch|p2a: Polteageist|Polteageist-Antique|100/100
|turn|13
|
|t:|1776044148
|move|p1a: Bobby|Scale Shot|p2a: Polteageist
|-damage|p2a: Polteageist|74/100
|-ability|p2a: Polteageist|Weak Armor|boost
|-unboost|p2a: Polteageist|def|1
|-boost|p2a: Polteageist|spe|2
|-damage|p2a: Polteageist|34/100
|-ability|p2a: Polteageist|Weak Armor|boost
|-unboost|p2a: Polteageist|def|1
|-boost|p2a: Polteageist|spe|2
|-damage|p2a: Polteageist|0 fnt
|faint|p2a: Polteageist
|-hitcount|p2: Polteageist|3
|-unboost|p1a: Bobby|def|1
|-boost|p1a: Bobby|spe|1
|
|upkeep
|
|t:|1776044156
|switch|p2a: Blastoise|Blastoise, M|100/100
|turn|14
|
|t:|1776044175
|switch|p1a: Melvin|Ceruledge, F|100/100
|move|p2a: Blastoise|Shell Smash|p2a: Blastoise
|-unboost|p2a: Blastoise|def|1
|-unboost|p2a: Blastoise|spd|1
|-boost|p2a: Blastoise|atk|2
|-boost|p2a: Blastoise|spa|2
|-boost|p2a: Blastoise|spe|2
|
|upkeep
|turn|15
|
|t:|1776044184
|move|p2a: Blastoise|Surf|p1a: Melvin
|-supereffective|p1a: Melvin
|-crit|p1a: Melvin
|-enditem|p1a: Melvin|Focus Sash
|-damage|p1a: Melvin|1/100
|move|p1a: Melvin|Poltergeist|p2a: Blastoise
|-activate|p2a: Blastoise|move: Poltergeist|Focus Sash
|-enditem|p2a: Blastoise|Focus Sash
|-damage|p2a: Blastoise|1/100
|
|upkeep
|turn|16
|
|t:|1776044195
|move|p2a: Blastoise|Surf|p1a: Melvin
|-supereffective|p1a: Melvin
|-damage|p1a: Melvin|0 fnt
|faint|p1a: Melvin
|
|upkeep
|
|t:|1776044200
|switch|p1a: Bobby|Dragonite, M|100/100
|turn|17
|
|t:|1776044204
|move|p1a: Bobby|Extreme Speed|p2a: Blastoise
|-damage|p2a: Blastoise|0 fnt
|faint|p2a: Blastoise
|
|win|ajjosh92
|raw|ajjosh92's rating: 1315 &rarr; <strong>1341</strong><br />(+26 for winning)
|raw|Skotus's rating: 1424 &rarr; <strong>1398</strong><br />(-26 for losing)
|l|☆Skotus
|player|p2|
|l|☆ajjosh92
|player|p1|
