|html|<div class="broadcast-blue"><strong>[Gen 9] OU is currently suspecting Tera Blast! For information on how to participate check out the <a href="https://www.smogon.com/tools/suspects/view/200">suspect thread</a>.</strong></div>
|j|☆paras999
|j|☆Kml60
|t:|1776068952
|gametype|singles
|player|p1|paras999|102|1222
|player|p2|Kml60|cynthia-gen4|1211
|gen|9
|tier|[Gen 9] OU
|rated|
|rule|HP Percentage Mod: HP is shown in percentages
|rule|Endless Battle Clause: Forcing endless battles is banned
|rule|Species Clause: Limit one of each Pokémon
|rule|OHKO Clause: OHKO moves are banned
|rule|Evasion Items Clause: Evasion items are banned
|rule|Evasion Moves Clause: Evasion moves are banned
|rule|Evasion Abilities Clause: Evasion abilities are banned
|rule|Sleep Moves Clause: Sleep-inducing moves are banned
|clearpoke
|poke|p1|Gliscor, M|
|poke|p1|Garganacl, F|
|poke|p1|Incineroar, M|
|poke|p1|Gholdengo|
|poke|p1|Dragapult, M|
|poke|p1|Kingambit, M|
|poke|p2|Cinderace, M|
|poke|p2|Darkrai|
|poke|p2|Landorus-Therian, M|
|poke|p2|Zamazenta-*|
|poke|p2|Pecharunt|
|poke|p2|Primarina, F|
|teampreview
|inactive|Battle timer is ON: inactive players will automatically lose when time's up. (requested by paras999)
|j| ohko_smeargle
|
|t:|1776068961
|teamsize|p1|6
|teamsize|p2|6
|start
|switch|p1a: Gliscor|Gliscor, M, shiny|100/100
|switch|p2a: Landorus|Landorus-Therian, M|100/100
|-ability|p2a: Landorus|Intimidate|boost
|-unboost|p1a: Gliscor|atk|1
|turn|1
|
|t:|1776068969
|move|p1a: Gliscor|Protect|p1a: Gliscor
|-singleturn|p1a: Gliscor|Protect
|move|p2a: Landorus|Stealth Rock|p1a: Gliscor
|-sidestart|p1: paras999|move: Stealth Rock
|
|-status|p1a: Gliscor|tox|[from] item: Toxic Orb
|upkeep
|turn|2
|
|t:|1776068987
|switch|p2a: Pecharunt|Pecharunt|100/100
|move|p1a: Gliscor|Toxic|p2a: Pecharunt
|-immune|p2a: Pecharunt
|
|upkeep
|turn|3
|
|t:|1776069002
|move|p2a: Pecharunt|Shadow Ball|p1a: Gliscor
|-damage|p1a: Gliscor|75/100 tox
|move|p1a: Gliscor|Substitute|p1a: Gliscor
|-start|p1a: Gliscor|Substitute
|-damage|p1a: Gliscor|50/100 tox
|
|-heal|p1a: Gliscor|63/100 tox|[from] ability: Poison Heal
|upkeep
|turn|4
|
|t:|1776069018
|move|p2a: Pecharunt|Shadow Ball|p1a: Gliscor
|-activate|p1a: Gliscor|move: Substitute|[damage]
|move|p1a: Gliscor|Earthquake|p2a: Pecharunt
|-supereffective|p2a: Pecharunt
|-damage|p2a: Pecharunt|75/100
|
|-heal|p1a: Gliscor|75/100 tox|[from] ability: Poison Heal
|upkeep
|turn|5
|
|t:|1776069028
|move|p2a: Pecharunt|Shadow Ball|p1a: Gliscor
|-end|p1a: Gliscor|Substitute
|move|p1a: Gliscor|Earthquake|p2a: Pecharunt
|-supereffective|p2a: Pecharunt
|-damage|p2a: Pecharunt|49/100
|
|-heal|p1a: Gliscor|87/100 tox|[from] ability: Poison Heal
|upkeep
|turn|6
|
|t:|1776069038
|move|p2a: Pecharunt|Recover|p2a: Pecharunt
|-heal|p2a: Pecharunt|99/100
|move|p1a: Gliscor|Earthquake|p2a: Pecharunt
|-supereffective|p2a: Pecharunt
|-damage|p2a: Pecharunt|72/100
|
|-heal|p1a: Gliscor|99/100 tox|[from] ability: Poison Heal
|upkeep
|turn|7
|
|t:|1776069053
|move|p2a: Pecharunt|Parting Shot|p1a: Gliscor
|-unboost|p1a: Gliscor|atk|1
|-unboost|p1a: Gliscor|spa|1
|
|t:|1776069065
|switch|p2a: Landorus|Landorus-Therian, M|100/100|[from] Parting Shot
|-ability|p2a: Landorus|Intimidate|boost
|-unboost|p1a: Gliscor|atk|1
|move|p1a: Gliscor|Earthquake|p2a: Landorus
|-immune|p2a: Landorus
|
|-heal|p1a: Gliscor|100/100 tox|[from] ability: Poison Heal
|upkeep
|turn|8
|
|t:|1776069080
|move|p2a: Landorus|Stone Edge|p1a: Gliscor|[miss]
|-miss|p2a: Landorus|p1a: Gliscor
|move|p1a: Gliscor|Toxic|p2a: Landorus
|-status|p2a: Landorus|tox
|
|-damage|p2a: Landorus|95/100 tox|[from] psn
|upkeep
|turn|9
|
|t:|1776069101
|switch|p1a: Gholdengo|Gholdengo|100/100
|-damage|p1a: Gholdengo|94/100|[from] Stealth Rock
|move|p2a: Landorus|Stone Edge|p1a: Gholdengo|[miss]
|-miss|p2a: Landorus|p1a: Gholdengo
|
|-damage|p2a: Landorus|83/100 tox|[from] psn
|upkeep
|turn|10
|inactive|Kml60 has 120 seconds left.
|
|t:|1776069133
|switch|p2a: Zamazenta|Zamazenta|100/100
|-ability|p2a: Zamazenta|Dauntless Shield|boost
|-boost|p2a: Zamazenta|def|1
|move|p1a: Gholdengo|Nasty Plot|p1a: Gholdengo
|-boost|p1a: Gholdengo|spa|2
|
|upkeep
|turn|11
|inactive|Kml60 has 120 seconds left.
|inactive|paras999 has 120 seconds left.
|
|t:|1776069162
|switch|p2a: Cinderace|Cinderace, M|100/100
|move|p1a: Gholdengo|Protect||[still]
|-fail|p1a: Gholdengo
|
|upkeep
|turn|12
|
|t:|1776069172
|switch|p1a: Incineroar|Incineroar, M|100/100
|-damage|p1a: Incineroar|76/100|[from] Stealth Rock
|-ability|p1a: Incineroar|Intimidate|boost
|-unboost|p2a: Cinderace|atk|1
|-terastallize|p2a: Cinderace|Fire
|move|p2a: Cinderace|Pyro Ball|p1a: Incineroar
|-resisted|p1a: Incineroar
|-damage|p1a: Incineroar|52/100
|
|upkeep
|turn|13
|
|t:|1776069186
|move|p1a: Incineroar|Fake Out|p2a: Cinderace
|-damage|p2a: Cinderace|84/100
|cant|p2a: Cinderace|flinch
|
|upkeep
|turn|14
|
|t:|1776069192
|move|p2a: Cinderace|U-turn|p1a: Incineroar
|-damage|p1a: Incineroar|39/100
|-enditem|p1a: Incineroar|Sitrus Berry|[eat]
|-heal|p1a: Incineroar|64/100|[from] item: Sitrus Berry
|
|t:|1776069201
|switch|p2a: Primarina|Primarina, F|100/100|[from] U-turn
|move|p1a: Incineroar|Parting Shot|p2a: Primarina
|-unboost|p2a: Primarina|atk|1
|-unboost|p2a: Primarina|spa|1
|
|t:|1776069210
|switch|p1a: Gholdengo|Gholdengo|94/100|[from] Parting Shot
|-damage|p1a: Gholdengo|88/100|[from] Stealth Rock
|
|upkeep
|turn|15
|inactive|Kml60 has 120 seconds left.
|
|t:|1776069225
|switch|p2a: Cinderace|Cinderace, M, tera:Fire|84/100
|move|p1a: Gholdengo|Nasty Plot|p1a: Gholdengo
|-boost|p1a: Gholdengo|spa|2
|
|upkeep
|turn|16
|inactive|Kml60 has 120 seconds left.
|
|t:|1776069233
|move|p2a: Cinderace|Pyro Ball|p1a: Gholdengo
|-supereffective|p1a: Gholdengo
|-damage|p1a: Gholdengo|0 fnt
|faint|p1a: Gholdengo
|
|upkeep
|
|t:|1776069239
|switch|p1a: Incineroar|Incineroar, M|64/100
|-damage|p1a: Incineroar|39/100|[from] Stealth Rock
|-ability|p1a: Incineroar|Intimidate|boost
|-unboost|p2a: Cinderace|atk|1
|turn|17
|
|t:|1776069247
|move|p1a: Incineroar|Fake Out|p2a: Cinderace
|-damage|p2a: Cinderace|70/100
|cant|p2a: Cinderace|flinch
|
|upkeep
|turn|18
|
|t:|1776069255
|move|p1a: Incineroar|Protect|p1a: Incineroar
|-singleturn|p1a: Incineroar|Protect
|move|p2a: Cinderace|U-turn|p1a: Incineroar
|-activate|p1a: Incineroar|move: Protect
|
|upkeep
|turn|19
|
|t:|1776069263
|move|p2a: Cinderace|Low Kick|p1a: Incineroar
|-supereffective|p1a: Incineroar
|-damage|p1a: Incineroar|10/100
|move|p1a: Incineroar|Knock Off|p2a: Cinderace
|-damage|p2a: Cinderace|19/100
|-enditem|p2a: Cinderace|Heavy-Duty Boots|[from] move: Knock Off|[of] p1a: Incineroar
|
|upkeep
|turn|20
|
|t:|1776069274
|move|p2a: Cinderace|U-turn|p1a: Incineroar
|-damage|p1a: Incineroar|0 fnt
|faint|p1a: Incineroar
|
|t:|1776069280
|switch|p2a: Landorus|Landorus-Therian, M|83/100 tox|[from] U-turn
|
|-damage|p2a: Landorus|77/100 tox|[from] psn
|upkeep
|inactive|paras999 has 120 seconds left.
|
|t:|1776069310
|switch|p1a: Gliscor|Gliscor, M, shiny|100/100 tox
|-damage|p1a: Gliscor|88/100 tox|[from] Stealth Rock
|turn|21
|
|t:|1776069319
|move|p2a: Landorus|Stone Edge|p1a: Gliscor
|-damage|p1a: Gliscor|59/100 tox
|move|p1a: Gliscor|Substitute|p1a: Gliscor
|-start|p1a: Gliscor|Substitute
|-damage|p1a: Gliscor|35/100 tox
|
|-damage|p2a: Landorus|65/100 tox|[from] psn
|-heal|p1a: Gliscor|47/100 tox|[from] ability: Poison Heal
|upkeep
|turn|22
|
|t:|1776069331
|switch|p2a: Pecharunt|Pecharunt|72/100
|move|p1a: Gliscor|Protect||[still]
|-fail|p1a: Gliscor
|
|-heal|p1a: Gliscor|59/100 tox|[from] ability: Poison Heal
|upkeep
|turn|23
|
|t:|1776069343
|move|p2a: Pecharunt|Shadow Ball|p1a: Gliscor
|-activate|p1a: Gliscor|move: Substitute|[damage]
|move|p1a: Gliscor|Earthquake|p2a: Pecharunt
|-supereffective|p2a: Pecharunt
|-damage|p2a: Pecharunt|30/100
|
|-heal|p1a: Gliscor|71/100 tox|[from] ability: Poison Heal
|upkeep
|turn|24
|
|t:|1776069353
|move|p2a: Pecharunt|Recover|p2a: Pecharunt
|-heal|p2a: Pecharunt|80/100
|move|p1a: Gliscor|Earthquake|p2a: Pecharunt
|-supereffective|p2a: Pecharunt
|-damage|p2a: Pecharunt|39/100
|
|-heal|p1a: Gliscor|84/100 tox|[from] ability: Poison Heal
|upkeep
|turn|25
|
|t:|1776069363
|move|p2a: Pecharunt|Recover|p2a: Pecharunt
|-heal|p2a: Pecharunt|89/100
|move|p1a: Gliscor|Earthquake|p2a: Pecharunt
|-supereffective|p2a: Pecharunt
|-damage|p2a: Pecharunt|51/100
|
|-heal|p1a: Gliscor|96/100 tox|[from] ability: Poison Heal
|upkeep
|turn|26
|
|t:|1776069373
|move|p2a: Pecharunt|Recover|p2a: Pecharunt
|-heal|p2a: Pecharunt|100/100
|move|p1a: Gliscor|Earthquake|p2a: Pecharunt
|-supereffective|p2a: Pecharunt
|-damage|p2a: Pecharunt|61/100
|
|-heal|p1a: Gliscor|100/100 tox|[from] ability: Poison Heal
|upkeep
|turn|27
|
|t:|1776069383
|move|p2a: Pecharunt|Shadow Ball|p1a: Gliscor
|-end|p1a: Gliscor|Substitute
|move|p1a: Gliscor|Earthquake|p2a: Pecharunt
|-supereffective|p2a: Pecharunt
|-damage|p2a: Pecharunt|16/100
|
|upkeep
|turn|28
|
|t:|1776069391
|move|p2a: Pecharunt|Recover|p2a: Pecharunt
|-heal|p2a: Pecharunt|66/100
|move|p1a: Gliscor|Earthquake|p2a: Pecharunt
|-supereffective|p2a: Pecharunt
|-damage|p2a: Pecharunt|26/100
|
|upkeep
|turn|29
|
|t:|1776069398
|move|p2a: Pecharunt|Recover|p2a: Pecharunt
|-heal|p2a: Pecharunt|76/100
|move|p1a: Gliscor|Earthquake|p2a: Pecharunt
|-supereffective|p2a: Pecharunt
|-damage|p2a: Pecharunt|35/100
|
|upkeep
|turn|30
|
|t:|1776069406
|move|p2a: Pecharunt|Recover|p2a: Pecharunt
|-heal|p2a: Pecharunt|85/100
|move|p1a: Gliscor|Earthquake|p2a: Pecharunt
|-supereffective|p2a: Pecharunt
|-damage|p2a: Pecharunt|40/100
|
|upkeep
|turn|31
|
|t:|1776069413
|move|p2a: Pecharunt|Recover|p2a: Pecharunt
|-heal|p2a: Pecharunt|90/100
|move|p1a: Gliscor|Earthquake|p2a: Pecharunt
|-supereffective|p2a: Pecharunt
|-damage|p2a: Pecharunt|49/100
|
|upkeep
|turn|32
|
|t:|1776069421
|switch|p2a: Landorus|Landorus-Therian, M|65/100 tox
|-ability|p2a: Landorus|Intimidate|boost
|-unboost|p1a: Gliscor|atk|1
|move|p1a: Gliscor|Substitute|p1a: Gliscor
|-start|p1a: Gliscor|Substitute
|-damage|p1a: Gliscor|76/100 tox
|
|-damage|p2a: Landorus|59/100 tox|[from] psn
|-heal|p1a: Gliscor|88/100 tox|[from] ability: Poison Heal
|upkeep
|turn|33
|
|t:|1776069446
|move|p1a: Gliscor|Protect|p1a: Gliscor
|-singleturn|p1a: Gliscor|Protect
|move|p2a: Landorus|Earthquake|p1a: Gliscor
|-activate|p1a: Gliscor|move: Protect
|
|-damage|p2a: Landorus|47/100 tox|[from] psn
|-heal|p1a: Gliscor|99/100 tox|[from] ability: Poison Heal
|upkeep
|turn|34
|
|t:|1776069460
|move|p2a: Landorus|Earthquake|p1a: Gliscor
|-immune|p1a: Gliscor
|move|p1a: Gliscor|Substitute|p1a: Gliscor
|-fail|p1a: Gliscor|move: Substitute
|
|-damage|p2a: Landorus|29/100 tox|[from] psn
|-heal|p1a: Gliscor|100/100 tox|[from] ability: Poison Heal
|upkeep
|turn|35
|inactive|Kml60 has 120 seconds left.
|
|t:|1776069485
|switch|p2a: Darkrai|Darkrai|100/100
|move|p1a: Gliscor|Toxic|p2a: Darkrai
|-status|p2a: Darkrai|tox
|
|-damage|p2a: Darkrai|94/100 tox|[from] psn
|upkeep
|turn|36
|inactive|Kml60 has 120 seconds left.
|
|t:|1776069498
|move|p1a: Gliscor|Protect|p1a: Gliscor
|-singleturn|p1a: Gliscor|Protect
|move|p2a: Darkrai|Ice Beam|p1a: Gliscor
|-activate|p1a: Gliscor|move: Protect
|
|-damage|p2a: Darkrai|82/100 tox|[from] psn
|upkeep
|turn|37
|
|t:|1776069520
|move|p2a: Darkrai|Ice Beam|p1a: Gliscor
|-supereffective|p1a: Gliscor
|-end|p1a: Gliscor|Substitute
|move|p1a: Gliscor|Substitute|p1a: Gliscor
|-start|p1a: Gliscor|Substitute
|-damage|p1a: Gliscor|76/100 tox
|
|-damage|p2a: Darkrai|64/100 tox|[from] psn
|-heal|p1a: Gliscor|88/100 tox|[from] ability: Poison Heal
|upkeep
|turn|38
|
|t:|1776069532
|move|p1a: Gliscor|Protect|p1a: Gliscor
|-singleturn|p1a: Gliscor|Protect
|move|p2a: Darkrai|Ice Beam|p1a: Gliscor
|-activate|p1a: Gliscor|move: Protect
|
|-damage|p2a: Darkrai|40/100 tox|[from] psn
|-heal|p1a: Gliscor|99/100 tox|[from] ability: Poison Heal
|upkeep
|turn|39
|
|t:|1776069546
|switch|p2a: Zamazenta|Zamazenta|100/100
|move|p1a: Gliscor|Substitute|p1a: Gliscor
|-fail|p1a: Gliscor|move: Substitute
|
|-heal|p1a: Gliscor|100/100 tox|[from] ability: Poison Heal
|upkeep
|turn|40
|
|t:|1776069560
|move|p2a: Zamazenta|Heavy Slam|p1a: Gliscor
|-end|p1a: Gliscor|Substitute
|move|p1a: Gliscor|Toxic|p2a: Zamazenta
|-status|p2a: Zamazenta|tox
|
|-damage|p2a: Zamazenta|94/100 tox|[from] psn
|upkeep
|turn|41
|
|t:|1776069569
|move|p1a: Gliscor|Protect|p1a: Gliscor
|-singleturn|p1a: Gliscor|Protect
|move|p2a: Zamazenta|Heavy Slam|p1a: Gliscor
|-activate|p1a: Gliscor|move: Protect
|
|-damage|p2a: Zamazenta|82/100 tox|[from] psn
|upkeep
|turn|42
|
|t:|1776069578
|move|p2a: Zamazenta|Heavy Slam|p1a: Gliscor
|-damage|p1a: Gliscor|72/100 tox
|move|p1a: Gliscor|Substitute|p1a: Gliscor
|-start|p1a: Gliscor|Substitute
|-damage|p1a: Gliscor|47/100 tox
|
|-damage|p2a: Zamazenta|64/100 tox|[from] psn
|-heal|p1a: Gliscor|59/100 tox|[from] ability: Poison Heal
|upkeep
|turn|43
|
|t:|1776069589
|move|p1a: Gliscor|Protect|p1a: Gliscor
|-singleturn|p1a: Gliscor|Protect
|move|p2a: Zamazenta|Heavy Slam|p1a: Gliscor
|-activate|p1a: Gliscor|move: Protect
|
|-damage|p2a: Zamazenta|39/100 tox|[from] psn
|-heal|p1a: Gliscor|72/100 tox|[from] ability: Poison Heal
|upkeep
|turn|44
|
|t:|1776069601
|move|p2a: Zamazenta|Heavy Slam|p1a: Gliscor
|-end|p1a: Gliscor|Substitute
|move|p1a: Gliscor|Substitute|p1a: Gliscor
|-start|p1a: Gliscor|Substitute
|-damage|p1a: Gliscor|47/100 tox
|
|-damage|p2a: Zamazenta|8/100 tox|[from] psn
|-heal|p1a: Gliscor|59/100 tox|[from] ability: Poison Heal
|upkeep
|turn|45
|
|t:|1776069611
|move|p1a: Gliscor|Protect|p1a: Gliscor
|-singleturn|p1a: Gliscor|Protect
|move|p2a: Zamazenta|Heavy Slam|p1a: Gliscor
|-activate|p1a: Gliscor|move: Protect
|
|-damage|p2a: Zamazenta|0 fnt|[from] psn
|faint|p2a: Zamazenta
|-heal|p1a: Gliscor|71/100 tox|[from] ability: Poison Heal
|upkeep
|
|t:|1776069623
|switch|p2a: Darkrai|Darkrai|40/100 tox
|turn|46
|
|t:|1776069635
|move|p2a: Darkrai|Ice Beam|p1a: Gliscor
|-supereffective|p1a: Gliscor
|-end|p1a: Gliscor|Substitute
|move|p1a: Gliscor|Substitute|p1a: Gliscor
|-start|p1a: Gliscor|Substitute
|-damage|p1a: Gliscor|47/100 tox
|
|-damage|p2a: Darkrai|34/100 tox|[from] psn
|-heal|p1a: Gliscor|59/100 tox|[from] ability: Poison Heal
|upkeep
|turn|47
|
|t:|1776069646
|move|p1a: Gliscor|Protect|p1a: Gliscor
|-singleturn|p1a: Gliscor|Protect
|move|p2a: Darkrai|Ice Beam|p1a: Gliscor
|-activate|p1a: Gliscor|move: Protect
|
|-damage|p2a: Darkrai|22/100 tox|[from] psn
|-heal|p1a: Gliscor|71/100 tox|[from] ability: Poison Heal
|upkeep
|turn|48
|
|t:|1776069657
|move|p2a: Darkrai|Ice Beam|p1a: Gliscor
|-supereffective|p1a: Gliscor
|-end|p1a: Gliscor|Substitute
|move|p1a: Gliscor|Substitute|p1a: Gliscor
|-start|p1a: Gliscor|Substitute
|-damage|p1a: Gliscor|46/100 tox
|
|-damage|p2a: Darkrai|4/100 tox|[from] psn
|-heal|p1a: Gliscor|58/100 tox|[from] ability: Poison Heal
|upkeep
|turn|49
|
|t:|1776069667
|move|p1a: Gliscor|Protect|p1a: Gliscor
|-singleturn|p1a: Gliscor|Protect
|move|p2a: Darkrai|Ice Beam|p1a: Gliscor
|-activate|p1a: Gliscor|move: Protect
|
|-damage|p2a: Darkrai|0 fnt|[from] psn
|faint|p2a: Darkrai
|-heal|p1a: Gliscor|71/100 tox|[from] ability: Poison Heal
|upkeep
|
|t:|1776069678
|switch|p2a: Primarina|Primarina, F|100/100
|turn|50
|
|t:|1776069683
|move|p1a: Gliscor|Toxic|p2a: Primarina
|-status|p2a: Primarina|tox
|move|p2a: Primarina|Flip Turn|p1a: Gliscor
|-supereffective|p1a: Gliscor
|-activate|p1a: Gliscor|move: Substitute|[damage]
|
|t:|1776069693
|switch|p2a: Pecharunt|Pecharunt|49/100|[from] Flip Turn
|
|-heal|p1a: Gliscor|83/100 tox|[from] ability: Poison Heal
|upkeep
|turn|51
|
|t:|1776069701
|move|p2a: Pecharunt|Shadow Ball|p1a: Gliscor
|-end|p1a: Gliscor|Substitute
|move|p1a: Gliscor|Earthquake|p2a: Pecharunt
|-supereffective|p2a: Pecharunt
|-damage|p2a: Pecharunt|22/100
|
|-heal|p1a: Gliscor|95/100 tox|[from] ability: Poison Heal
|upkeep
|turn|52
|
|t:|1776069711
|move|p2a: Pecharunt|Malignant Chain|p1a: Gliscor
|-resisted|p1a: Gliscor
|-damage|p1a: Gliscor|81/100 tox
|move|p1a: Gliscor|Earthquake|p2a: Pecharunt
|-supereffective|p2a: Pecharunt
|-damage|p2a: Pecharunt|0 fnt
|faint|p2a: Pecharunt
|
|-heal|p1a: Gliscor|93/100 tox|[from] ability: Poison Heal
|upkeep
|
|t:|1776069722
|switch|p2a: Cinderace|Cinderace, M, tera:Fire|19/100
|turn|53
|
|t:|1776069727
|-terastallize|p1a: Gliscor|Water
|move|p2a: Cinderace|Pyro Ball|p1a: Gliscor
|-resisted|p1a: Gliscor
|-damage|p1a: Gliscor|63/100 tox
|move|p1a: Gliscor|Toxic|p2a: Cinderace
|-status|p2a: Cinderace|tox
|
|-damage|p2a: Cinderace|13/100 tox|[from] psn
|-heal|p1a: Gliscor|75/100 tox|[from] ability: Poison Heal
|upkeep
|turn|54
|
|t:|1776069741
|move|p1a: Gliscor|Protect|p1a: Gliscor
|-singleturn|p1a: Gliscor|Protect
|move|p2a: Cinderace|Gunk Shot|p1a: Gliscor
|-activate|p1a: Gliscor|move: Protect
|
|-damage|p2a: Cinderace|1/100 tox|[from] psn
|-heal|p1a: Gliscor|87/100 tox|[from] ability: Poison Heal
|upkeep
|turn|55
|
|t:|1776069753
|move|p2a: Cinderace|Low Kick|p1a: Gliscor
|-damage|p1a: Gliscor|70/100 tox
|move|p1a: Gliscor|Substitute|p1a: Gliscor
|-start|p1a: Gliscor|Substitute
|-damage|p1a: Gliscor|45/100 tox
|
|-damage|p2a: Cinderace|0 fnt|[from] psn
|faint|p2a: Cinderace
|-heal|p1a: Gliscor|57/100 tox|[from] ability: Poison Heal
|upkeep
|
|t:|1776069757
|switch|p2a: Primarina|Primarina, F|100/100 tox
|turn|56
|
|t:|1776069771
|move|p1a: Gliscor|Protect|p1a: Gliscor
|-singleturn|p1a: Gliscor|Protect
|move|p2a: Primarina|Surf|p1a: Gliscor
|-activate|p1a: Gliscor|move: Protect
|
|-heal|p1a: Gliscor|69/100 tox|[from] ability: Poison Heal
|-damage|p2a: Primarina|95/100 tox|[from] psn
|upkeep
|turn|57
|
|t:|1776069781
|move|p1a: Gliscor|Earthquake|p2a: Primarina
|-damage|p2a: Primarina|64/100 tox
|move|p2a: Primarina|Moonblast|p1a: Gliscor
|-end|p1a: Gliscor|Substitute
|
|-heal|p1a: Gliscor|82/100 tox|[from] ability: Poison Heal
|-damage|p2a: Primarina|52/100 tox|[from] psn
|upkeep
|turn|58
|
|t:|1776069793
|move|p1a: Gliscor|Protect|p1a: Gliscor
|-singleturn|p1a: Gliscor|Protect
|move|p2a: Primarina|Psychic Noise|p1a: Gliscor
|-activate|p1a: Gliscor|move: Protect
|
|-heal|p1a: Gliscor|94/100 tox|[from] ability: Poison Heal
|-damage|p2a: Primarina|34/100 tox|[from] psn
|upkeep
|turn|59
|
|t:|1776069804
|move|p1a: Gliscor|Substitute|p1a: Gliscor
|-start|p1a: Gliscor|Substitute
|-damage|p1a: Gliscor|69/100 tox
|move|p2a: Primarina|Psychic Noise|p1a: Gliscor
|-damage|p1a: Gliscor|39/100 tox
|-start|p1a: Gliscor|move: Heal Block
|
|-damage|p2a: Primarina|11/100 tox|[from] psn
|upkeep
|turn|60
|
|t:|1776069815
|move|p1a: Gliscor|Protect|p1a: Gliscor
|-singleturn|p1a: Gliscor|Protect
|move|p2a: Primarina|Psychic Noise|p1a: Gliscor
|-activate|p1a: Gliscor|move: Protect
|
|-damage|p2a: Primarina|0 fnt|[from] psn
|faint|p2a: Primarina
|-end|p1a: Gliscor|move: Heal Block
|upkeep
|
|t:|1776069827
|switch|p2a: Landorus|Landorus-Therian, M|29/100 tox
|-ability|p2a: Landorus|Intimidate|boost
|-immune|p1a: Gliscor
|turn|61
|
|t:|1776069835
|move|p2a: Landorus|Stone Edge|p1a: Gliscor|[miss]
|-miss|p2a: Landorus|p1a: Gliscor
|move|p1a: Gliscor|Substitute|p1a: Gliscor
|-fail|p1a: Gliscor|move: Substitute
|
|-damage|p2a: Landorus|23/100 tox|[from] psn
|-heal|p1a: Gliscor|51/100 tox|[from] ability: Poison Heal
|upkeep
|turn|62
|
|t:|1776069846
|move|p1a: Gliscor|Protect|p1a: Gliscor
|-singleturn|p1a: Gliscor|Protect
|move|p2a: Landorus|Stone Edge|p1a: Gliscor
|-activate|p1a: Gliscor|move: Protect
|
|-damage|p2a: Landorus|11/100 tox|[from] psn
|-heal|p1a: Gliscor|64/100 tox|[from] ability: Poison Heal
|upkeep
|turn|63
|-message|Kml60 forfeited.
|
|win|paras999
|raw|paras999's rating: 1222 &rarr; <strong>1246</strong><br />(+24 for winning)
|raw|Kml60's rating: 1211 &rarr; <strong>1187</strong><br />(-24 for losing)
|l|☆Kml60
|player|p2|
|l| ohko_smeargle
