|html|<div class="broadcast-blue"><strong>[Gen 9] OU is currently suspecting Tera Blast! For information on how to participate check out the <a href="https://www.smogon.com/tools/suspects/view/200">suspect thread</a>.</strong></div>
|j|☆marcio 109
|j|☆peterraptor1
|t:|1776048422
|gametype|singles
|player|p1|marcio 109|swimmer-gen4dp|1325
|player|p2|peterraptor1|lance|1321
|gen|9
|tier|[Gen 9] OU
|rated|
|rule|HP Percentage Mod: HP is shown in percentages
|rule|Endless Battle Clause: Forcing endless battles is banned
|rule|Species Clause: Limit one of each Pokémon
|rule|OHKO Clause: OHKO moves are banned
|rule|Evasion Items Clause: Evasion items are banned
|rule|Evasion Moves Clause: Evasion moves are banned
|rule|Evasion Abilities Clause: Evasion abilities are banned
|rule|Sleep Moves Clause: Sleep-inducing moves are banned
|clearpoke
|poke|p1|Hatterene, F|
|poke|p1|Slowking, M|
|poke|p1|Ursaluna, M|
|poke|p1|Crawdaunt, M|
|poke|p1|Skeledirge, M|
|poke|p1|Kingambit, M|
|poke|p2|Haxorus, M|
|poke|p2|Dragapult, M|
|poke|p2|Metagross|
|poke|p2|Serperior, M|
|poke|p2|Hitmonlee, M|
|poke|p2|Kingambit, M|
|teampreview
|inactive|Battle timer is ON: inactive players will automatically lose when time's up. (requested by peterraptor1)
|
|t:|1776048443
|teamsize|p1|6
|teamsize|p2|6
|start
|switch|p1a: Hatterene|Hatterene, F|100/100
|switch|p2a: Metagross|Metagross, shiny|100/100
|turn|1
|
|t:|1776048451
|switch|p1a: Slowking|Slowking, M|100/100
|move|p2a: Metagross|Heavy Slam|p1a: Slowking
|-resisted|p1a: Slowking
|-damage|p1a: Slowking|66/100
|
|-heal|p1a: Slowking|73/100|[from] item: Leftovers
|upkeep
|turn|2
|
|t:|1776048458
|move|p2a: Metagross|Heavy Slam|p1a: Slowking
|-resisted|p1a: Slowking
|-damage|p1a: Slowking|39/100
|move|p1a: Slowking|Trick Room|p1a: Slowking
|-fieldstart|move: Trick Room|[of] p1a: Slowking
|
|-heal|p1a: Slowking|45/100|[from] item: Leftovers
|upkeep
|turn|3
|
|t:|1776048468
|switch|p1a: Skeledirge|Skeledirge, M|100/100
|move|p2a: Metagross|Heavy Slam|p1a: Skeledirge
|-resisted|p1a: Skeledirge
|-damage|p1a: Skeledirge|91/100
|
|upkeep
|turn|4
|
|t:|1776048476
|switch|p2a: Dragapult|Dragapult, M, shiny|100/100
|move|p1a: Skeledirge|Will-O-Wisp|p2a: Dragapult
|-status|p2a: Dragapult|brn
|
|-damage|p2a: Dragapult|95/100 brn|[from] brn
|upkeep
|turn|5
|
|t:|1776048484
|move|p1a: Skeledirge|Hex|p2a: Dragapult
|-supereffective|p2a: Dragapult
|-damage|p2a: Dragapult|0 fnt
|faint|p2a: Dragapult
|
|upkeep
|
|t:|1776048501
|switch|p2a: Serperior|Serperior, M, shiny|100/100
|turn|6
|
|t:|1776048508
|switch|p2a: Hitmonlee|Hitmonlee, M|100/100
|move|p1a: Skeledirge|Torch Song|p2a: Hitmonlee
|-damage|p2a: Hitmonlee|63/100
|-boost|p1a: Skeledirge|spa|1
|
|-fieldend|move: Trick Room
|upkeep
|turn|7
|
|t:|1776048519
|switch|p1a: Hatterene|Hatterene, F|100/100
|move|p2a: Hitmonlee|Stone Edge|p1a: Hatterene
|-damage|p1a: Hatterene|60/100
|
|upkeep
|turn|8
|
|t:|1776048524
|move|p2a: Hitmonlee|Stone Edge|p1a: Hatterene|[miss]
|-miss|p2a: Hitmonlee|p1a: Hatterene
|move|p1a: Hatterene|Trick Room|p1a: Hatterene
|-fieldstart|move: Trick Room|[of] p1a: Hatterene
|
|upkeep
|turn|9
|
|t:|1776048530
|move|p2a: Hitmonlee|Endure|p2a: Hitmonlee
|-singleturn|p2a: Hitmonlee|move: Endure
|move|p1a: Hatterene|Misty Explosion|p2a: Hitmonlee
|-supereffective|p2a: Hitmonlee
|-activate|p2a: Hitmonlee|move: Endure
|-damage|p2a: Hitmonlee|1/100
|-enditem|p2a: Hitmonlee|Liechi Berry|[eat]
|-boost|p2a: Hitmonlee|atk|1|[from] item: Liechi Berry
|faint|p1a: Hatterene
|
|upkeep
|
|t:|1776048541
|switch|p1a: Ursaluna|Ursaluna, M|100/100
|turn|10
|
|t:|1776048571
|move|p2a: Hitmonlee|Endure||[still]
|-fail|p2a: Hitmonlee
|move|p1a: Ursaluna|Facade|p2a: Hitmonlee
|-damage|p2a: Hitmonlee|0 fnt
|faint|p2a: Hitmonlee
|
|-status|p1a: Ursaluna|brn|[from] item: Flame Orb
|upkeep
|
|t:|1776048575
|switch|p2a: Serperior|Serperior, M, shiny|100/100
|turn|11
|
|t:|1776048581
|switch|p2a: Metagross|Metagross, shiny|100/100
|move|p1a: Ursaluna|Ice Punch|p2a: Metagross
|-resisted|p2a: Metagross
|-damage|p2a: Metagross|83/100
|
|-damage|p1a: Ursaluna|94/100 brn|[from] brn
|upkeep
|turn|12
|
|t:|1776048590
|switch|p2a: Serperior|Serperior, M, shiny|100/100
|move|p1a: Ursaluna|Ice Punch|p2a: Serperior
|-supereffective|p2a: Serperior
|-damage|p2a: Serperior|0 fnt
|faint|p2a: Serperior
|
|-damage|p1a: Ursaluna|88/100 brn|[from] brn
|-fieldend|move: Trick Room
|upkeep
|
|t:|1776048595
|switch|p2a: Haxorus|Haxorus, M, shiny|100/100
|-ability|p2a: Haxorus|Mold Breaker
|turn|13
|
|t:|1776048604
|-terastallize|p2a: Haxorus|Steel
|move|p2a: Haxorus|Dragon Dance|p2a: Haxorus
|-boost|p2a: Haxorus|atk|1
|-boost|p2a: Haxorus|spe|1
|move|p1a: Ursaluna|Ice Punch|p2a: Haxorus
|-resisted|p2a: Haxorus
|-damage|p2a: Haxorus|74/100
|-status|p2a: Haxorus|frz
|
|-damage|p1a: Ursaluna|82/100 brn|[from] brn
|upkeep
|turn|14
|c|☆peterraptor1|ARE YOU-
|
|t:|1776048614
|cant|p2a: Haxorus|frz
|move|p1a: Ursaluna|Earthquake|p2a: Haxorus
|-supereffective|p2a: Haxorus
|-damage|p2a: Haxorus|0 fnt
|faint|p2a: Haxorus
|
|-damage|p1a: Ursaluna|75/100 brn|[from] brn
|upkeep
|
|t:|1776048622
|switch|p2a: Metagross|Metagross, shiny|83/100
|turn|15
|
|t:|1776048629
|move|p2a: Metagross|Ice Punch|p1a: Ursaluna
|-supereffective|p1a: Ursaluna
|-damage|p1a: Ursaluna|34/100 brn
|move|p1a: Ursaluna|Earthquake|p2a: Metagross
|-supereffective|p2a: Metagross
|-damage|p2a: Metagross|0 fnt
|faint|p2a: Metagross
|
|-damage|p1a: Ursaluna|28/100 brn|[from] brn
|upkeep
|-message|peterraptor1 forfeited.
|
|win|marcio 109
|raw|marcio 109's rating: 1325 &rarr; <strong>1345</strong><br />(+20 for winning)
|raw|peterraptor1's rating: 1321 &rarr; <strong>1301</strong><br />(-20 for losing)
|l|☆peterraptor1
|player|p2|
|c|☆marcio 109|Gg
|l|☆marcio 109
|player|p1|
