|html|<div class="broadcast-blue"><strong>[Gen 9] OU is currently suspecting Tera Blast! For information on how to participate check out the <a href="https://www.smogon.com/tools/suspects/view/200">suspect thread</a>.</strong></div>
|j|☆urracq
|j|☆Ranta naoya
|t:|1776158170
|gametype|singles
|player|p1|urracq|101|1413
|player|p2|Ranta naoya|lucas|1350
|gen|9
|tier|[Gen 9] OU
|rated|
|rule|HP Percentage Mod: HP is shown in percentages
|rule|Endless Battle Clause: Forcing endless battles is banned
|rule|Species Clause: Limit one of each Pokémon
|rule|OHKO Clause: OHKO moves are banned
|rule|Evasion Items Clause: Evasion items are banned
|rule|Evasion Moves Clause: Evasion moves are banned
|rule|Evasion Abilities Clause: Evasion abilities are banned
|rule|Sleep Moves Clause: Sleep-inducing moves are banned
|clearpoke
|poke|p1|Kyurem|
|poke|p1|Ogerpon-Wellspring, F|
|poke|p1|Dragonite, F|
|poke|p1|Zapdos|
|poke|p1|Slowking-Galar, M|
|poke|p1|Iron Treads|
|poke|p2|Gliscor, F|
|poke|p2|Dondozo, M|
|poke|p2|Toxapex, M|
|poke|p2|Clodsire, F|
|poke|p2|Corviknight, F|
|poke|p2|Clefable, F|
|teampreview
|inactive|Battle timer is ON: inactive players will automatically lose when time's up. (requested by urracq)
|
|t:|1776158175
|teamsize|p1|6
|teamsize|p2|6
|start
|switch|p1a: Iron Treads|Iron Treads|100/100
|switch|p2a: Gliscor|Gliscor, F|100/100
|-item|p1a: Iron Treads|Air Balloon
|turn|1
|
|t:|1776158184
|move|p2a: Gliscor|Protect|p2a: Gliscor
|-singleturn|p2a: Gliscor|Protect
|move|p1a: Iron Treads|Stealth Rock|p2a: Gliscor
|-sidestart|p2: Ranta naoya|move: Stealth Rock
|
|-status|p2a: Gliscor|tox|[from] item: Toxic Orb
|upkeep
|turn|2
|
|t:|1776158192
|switch|p2a: Corviknight|Corviknight, F|100/100
|-damage|p2a: Corviknight|88/100|[from] Stealth Rock
|-ability|p2a: Corviknight|Pressure
|move|p1a: Iron Treads|Knock Off|p2a: Corviknight
|-damage|p2a: Corviknight|66/100
|-enditem|p2a: Corviknight|Leftovers|[from] move: Knock Off|[of] p1a: Iron Treads
|
|upkeep
|turn|3
|
|t:|1776158205
|move|p1a: Iron Treads|Rapid Spin|p2a: Corviknight
|-resisted|p2a: Corviknight
|-damage|p2a: Corviknight|61/100
|-boost|p1a: Iron Treads|spe|1
|move|p2a: Corviknight|Defog|p1a: Iron Treads
|-unboost|p1a: Iron Treads|evasion|1
|-sideend|p2: Ranta naoya|Stealth Rock|[from] move: Defog|[of] p2a: Corviknight
|
|upkeep
|turn|4
|
|t:|1776158213
|move|p1a: Iron Treads|Stealth Rock|p2a: Corviknight
|-sidestart|p2: Ranta naoya|move: Stealth Rock
|move|p2a: Corviknight|Brave Bird|p1a: Iron Treads
|-resisted|p1a: Iron Treads
|-damage|p1a: Iron Treads|87/100
|-enditem|p1a: Iron Treads|Air Balloon
|-damage|p2a: Corviknight|57/100|[from] Recoil
|
|upkeep
|turn|5
|
|t:|1776158222
|move|p1a: Iron Treads|Knock Off|p2a: Corviknight
|-damage|p2a: Corviknight|43/100
|move|p2a: Corviknight|Defog|p1a: Iron Treads
|-unboost|p1a: Iron Treads|evasion|1
|-sideend|p2: Ranta naoya|Stealth Rock|[from] move: Defog|[of] p2a: Corviknight
|
|upkeep
|turn|6
|
|t:|1776158230
|move|p1a: Iron Treads|Stealth Rock|p2a: Corviknight
|-sidestart|p2: Ranta naoya|move: Stealth Rock
|move|p2a: Corviknight|Roost|p2a: Corviknight
|-heal|p2a: Corviknight|93/100
|-singleturn|p2a: Corviknight|move: Roost
|
|upkeep
|turn|7
|
|t:|1776158249
|-end|p1a: Iron Treads|Quark Drive|[silent]
|switch|p1a: Zapdos|Zapdos|100/100
|move|p2a: Corviknight|Defog|p1a: Zapdos
|-unboost|p1a: Zapdos|evasion|1
|-sideend|p2: Ranta naoya|Stealth Rock|[from] move: Defog|[of] p2a: Corviknight
|
|upkeep
|turn|8
|
|t:|1776158261
|move|p2a: Corviknight|Protect|p2a: Corviknight
|-singleturn|p2a: Corviknight|Protect
|move|p1a: Zapdos|Heat Wave|p2a: Corviknight
|-activate|p2a: Corviknight|move: Protect
|
|upkeep
|turn|9
|
|t:|1776158269
|switch|p2a: Gliscor|Gliscor, F|100/100 tox
|move|p1a: Zapdos|Volt Switch|p2a: Gliscor
|-immune|p2a: Gliscor
|
|upkeep
|turn|10
|
|t:|1776158276
|move|p2a: Gliscor|Substitute|p2a: Gliscor
|-start|p2a: Gliscor|Substitute
|-damage|p2a: Gliscor|75/100 tox
|move|p1a: Zapdos|Hurricane|p2a: Gliscor
|-end|p2a: Gliscor|Substitute
|
|-heal|p2a: Gliscor|88/100 tox|[from] ability: Poison Heal
|upkeep
|turn|11
|
|t:|1776158285
|switch|p1a: Kyurem|Kyurem|100/100
|-ability|p1a: Kyurem|Pressure
|move|p2a: Gliscor|Protect||[still]
|-fail|p2a: Gliscor
|
|-heal|p2a: Gliscor|100/100 tox|[from] ability: Poison Heal
|upkeep
|turn|12
|
|t:|1776158295
|move|p2a: Gliscor|Protect|p2a: Gliscor
|-singleturn|p2a: Gliscor|Protect
|move|p1a: Kyurem|Freeze-Dry|p2a: Gliscor
|-activate|p2a: Gliscor|move: Protect
|
|upkeep
|turn|13
|
|t:|1776158302
|switch|p2a: Corviknight|Corviknight, F|93/100
|-ability|p2a: Corviknight|Pressure
|move|p1a: Kyurem|Freeze-Dry|p2a: Corviknight
|-damage|p2a: Corviknight|56/100
|
|upkeep
|turn|14
|
|t:|1776158311
|switch|p1a: Slowking|Slowking-Galar, M|100/100
|move|p2a: Corviknight|Roost|p2a: Corviknight
|-heal|p2a: Corviknight|100/100
|-singleturn|p2a: Corviknight|move: Roost
|
|upkeep
|turn|15
|
|t:|1776158319
|move|p2a: Corviknight|Brave Bird|p1a: Slowking
|-damage|p1a: Slowking|64/100
|-damage|p2a: Corviknight|88/100|[from] Recoil
|move|p1a: Slowking|Future Sight|p2a: Corviknight
|-start|p1a: Slowking|move: Future Sight
|
|upkeep
|turn|16
|
|t:|1776158327
|move|p2a: Corviknight|Brave Bird|p1a: Slowking
|-damage|p1a: Slowking|27/100
|-damage|p2a: Corviknight|76/100|[from] Recoil
|move|p1a: Slowking|Flamethrower|p2a: Corviknight
|-supereffective|p2a: Corviknight
|-damage|p2a: Corviknight|32/100
|
|upkeep
|turn|17
|
|t:|1776158337
|switch|p1a: Iron Treads|Iron Treads|87/100
|move|p2a: Corviknight|Roost|p2a: Corviknight
|-heal|p2a: Corviknight|82/100
|-singleturn|p2a: Corviknight|move: Roost
|
|-end|p2a: Corviknight|move: Future Sight
|-resisted|p2a: Corviknight
|-damage|p2a: Corviknight|63/100
|upkeep
|turn|18
|
|t:|1776158348
|move|p1a: Iron Treads|Stealth Rock|p2a: Corviknight
|-sidestart|p2: Ranta naoya|move: Stealth Rock
|move|p2a: Corviknight|Brave Bird|p1a: Iron Treads
|-resisted|p1a: Iron Treads
|-damage|p1a: Iron Treads|72/100
|-damage|p2a: Corviknight|58/100|[from] Recoil
|
|upkeep
|turn|19
|
|t:|1776158356
|move|p1a: Iron Treads|Knock Off|p2a: Corviknight
|-damage|p2a: Corviknight|46/100
|move|p2a: Corviknight|Defog|p1a: Iron Treads
|-unboost|p1a: Iron Treads|evasion|1
|-sideend|p2: Ranta naoya|Stealth Rock|[from] move: Defog|[of] p2a: Corviknight
|
|upkeep
|turn|20
|
|t:|1776158364
|move|p1a: Iron Treads|Knock Off|p2a: Corviknight
|-damage|p2a: Corviknight|31/100
|move|p2a: Corviknight|Roost|p2a: Corviknight
|-heal|p2a: Corviknight|81/100
|-singleturn|p2a: Corviknight|move: Roost
|
|upkeep
|turn|21
|
|t:|1776158372
|move|p2a: Corviknight|Protect|p2a: Corviknight
|-singleturn|p2a: Corviknight|Protect
|move|p1a: Iron Treads|Stealth Rock|p2a: Corviknight
|-sidestart|p2: Ranta naoya|move: Stealth Rock
|
|upkeep
|turn|22
|
|t:|1776158379
|-end|p1a: Iron Treads|Quark Drive|[silent]
|switch|p1a: Zapdos|Zapdos|100/100
|move|p2a: Corviknight|Defog|p1a: Zapdos
|-unboost|p1a: Zapdos|evasion|1
|-sideend|p2: Ranta naoya|Stealth Rock|[from] move: Defog|[of] p2a: Corviknight
|
|upkeep
|turn|23
|
|t:|1776158387
|move|p2a: Corviknight|Protect|p2a: Corviknight
|-singleturn|p2a: Corviknight|Protect
|move|p1a: Zapdos|Heat Wave|p2a: Corviknight
|-activate|p2a: Corviknight|move: Protect
|
|upkeep
|turn|24
|
|t:|1776158397
|switch|p2a: Gliscor|Gliscor, F|100/100 tox
|move|p1a: Zapdos|Volt Switch|p2a: Gliscor
|-immune|p2a: Gliscor
|
|upkeep
|turn|25
|
|t:|1776158410
|switch|p1a: Iron Treads|Iron Treads|72/100
|move|p2a: Gliscor|Toxic|p1a: Iron Treads|[miss]
|-miss|p2a: Gliscor|p1a: Iron Treads
|
|upkeep
|turn|26
|
|t:|1776158419
|move|p1a: Iron Treads|Stealth Rock|p2a: Gliscor
|-sidestart|p2: Ranta naoya|move: Stealth Rock
|move|p2a: Gliscor|Substitute|p2a: Gliscor
|-start|p2a: Gliscor|Substitute
|-damage|p2a: Gliscor|75/100 tox
|
|-heal|p2a: Gliscor|88/100 tox|[from] ability: Poison Heal
|upkeep
|turn|27
|
|t:|1776158427
|-end|p1a: Iron Treads|Quark Drive|[silent]
|switch|p1a: Dragonite|Dragonite, F|100/100
|move|p2a: Gliscor|Knock Off|p1a: Dragonite
|-damage|p1a: Dragonite|91/100
|-enditem|p1a: Dragonite|Heavy-Duty Boots|[from] move: Knock Off|[of] p2a: Gliscor
|
|-heal|p2a: Gliscor|100/100 tox|[from] ability: Poison Heal
|upkeep
|turn|28
|
|t:|1776158438
|move|p2a: Gliscor|Toxic|p1a: Dragonite
|-status|p1a: Dragonite|tox
|move|p1a: Dragonite|Roar|p2a: Gliscor
|drag|p2a: Dondozo|Dondozo, M|100/100
|-damage|p2a: Dondozo|88/100|[from] Stealth Rock
|
|-heal|p2a: Dondozo|94/100|[from] item: Leftovers
|-damage|p1a: Dragonite|85/100 tox|[from] psn
|upkeep
|turn|29
|
|t:|1776158454
|move|p1a: Dragonite|Thunder Wave|p2a: Dondozo
|-status|p2a: Dondozo|par
|cant|p2a: Dondozo|par
|
|-heal|p2a: Dondozo|100/100 par|[from] item: Leftovers
|-damage|p1a: Dragonite|73/100 tox|[from] psn
|upkeep
|turn|30
|
|t:|1776158464
|switch|p1a: Slowking|Slowking-Galar, M|60/100
|cant|p2a: Dondozo|par
|
|upkeep
|turn|31
|
|t:|1776158471
|move|p1a: Slowking|Future Sight|p2a: Dondozo
|-start|p1a: Slowking|move: Future Sight
|move|p2a: Dondozo|Rest|p2a: Dondozo
|-fail|p2a: Dondozo|heal
|
|upkeep
|turn|32
|
|t:|1776158485
|switch|p1a: Dragonite|Dragonite, F|73/100 tox
|switch|p2a: Corviknight|Corviknight, F|81/100
|-damage|p2a: Corviknight|69/100|[from] Stealth Rock
|-ability|p2a: Corviknight|Pressure
|
|-damage|p1a: Dragonite|66/100 tox|[from] psn
|upkeep
|turn|33
|
|t:|1776158496
|switch|p2a: Gliscor|Gliscor, F|100/100 tox
|-damage|p2a: Gliscor|88/100 tox|[from] Stealth Rock
|move|p1a: Dragonite|Roar|p2a: Gliscor
|drag|p2a: Dondozo|Dondozo, M|100/100 par
|-damage|p2a: Dondozo|88/100 par|[from] Stealth Rock
|
|-end|p2a: Dondozo|move: Future Sight
|-damage|p2a: Dondozo|27/100 par
|-heal|p2a: Dondozo|33/100 par|[from] item: Leftovers
|-damage|p1a: Dragonite|54/100 tox|[from] psn
|upkeep
|turn|34
|
|t:|1776158512
|move|p1a: Dragonite|Earthquake|p2a: Dondozo
|-damage|p2a: Dondozo|21/100 par
|move|p2a: Dondozo|Rest|p2a: Dondozo
|-status|p2a: Dondozo|slp|[from] move: Rest
|-heal|p2a: Dondozo|100/100 slp|[silent]
|
|-damage|p1a: Dragonite|35/100 tox|[from] psn
|upkeep
|turn|35
|
|t:|1776158521
|cant|p2a: Dondozo|slp
|move|p2a: Dondozo|Sleep Talk|p2a: Dondozo
|move|p2a: Dondozo|Rest||[from] move: Sleep Talk|[still]
|-fail|p2a: Dondozo
|move|p1a: Dragonite|Roar|p2a: Dondozo
|drag|p2a: Toxapex|Toxapex, M|100/100
|-damage|p2a: Toxapex|88/100|[from] Stealth Rock
|
|-damage|p1a: Dragonite|10/100 tox|[from] psn
|upkeep
|turn|36
|
|t:|1776158535
|move|p2a: Toxapex|Poison Jab|p1a: Dragonite
|-damage|p1a: Dragonite|0 fnt
|faint|p1a: Dragonite
|
|upkeep
|
|t:|1776158540
|switch|p1a: Slowking|Slowking-Galar, M|93/100
|turn|37
|
|t:|1776158545
|switch|p2a: Corviknight|Corviknight, F|69/100
|-damage|p2a: Corviknight|56/100|[from] Stealth Rock
|-ability|p2a: Corviknight|Pressure
|move|p1a: Slowking|Flamethrower|p2a: Corviknight
|-supereffective|p2a: Corviknight
|-damage|p2a: Corviknight|11/100
|
|upkeep
|turn|38
|
|t:|1776158560
|move|p2a: Corviknight|Roost|p2a: Corviknight
|-heal|p2a: Corviknight|61/100
|-singleturn|p2a: Corviknight|move: Roost
|move|p1a: Slowking|Future Sight|p2a: Corviknight
|-start|p1a: Slowking|move: Future Sight
|
|upkeep
|turn|39
|
|t:|1776158571
|move|p2a: Corviknight|Protect|p2a: Corviknight
|-singleturn|p2a: Corviknight|Protect
|move|p1a: Slowking|Flamethrower|p2a: Corviknight
|-activate|p2a: Corviknight|move: Protect
|
|upkeep
|turn|40
|
|t:|1776158577
|move|p2a: Corviknight|Roost|p2a: Corviknight
|-heal|p2a: Corviknight|100/100
|-singleturn|p2a: Corviknight|move: Roost
|move|p1a: Slowking|Flamethrower|p2a: Corviknight
|-supereffective|p2a: Corviknight
|-damage|p2a: Corviknight|57/100
|
|-end|p2a: Corviknight|move: Future Sight
|-resisted|p2a: Corviknight
|-damage|p2a: Corviknight|38/100
|upkeep
|turn|41
|
|t:|1776158589
|move|p2a: Corviknight|Roost|p2a: Corviknight
|-heal|p2a: Corviknight|88/100
|-singleturn|p2a: Corviknight|move: Roost
|move|p1a: Slowking|Future Sight|p2a: Corviknight
|-start|p1a: Slowking|move: Future Sight
|
|upkeep
|turn|42
|
|t:|1776158597
|move|p2a: Corviknight|Defog|p1a: Slowking
|-unboost|p1a: Slowking|evasion|1
|-sideend|p2: Ranta naoya|Stealth Rock|[from] move: Defog|[of] p2a: Corviknight
|move|p1a: Slowking|Flamethrower|p2a: Corviknight
|-supereffective|p2a: Corviknight
|-damage|p2a: Corviknight|47/100
|
|upkeep
|turn|43
|
|t:|1776158605
|move|p2a: Corviknight|Protect|p2a: Corviknight
|-singleturn|p2a: Corviknight|Protect
|move|p1a: Slowking|Chilling Water|p2a: Corviknight
|-activate|p2a: Corviknight|move: Protect
|
|-end|p2a: Corviknight|move: Future Sight
|-resisted|p2a: Corviknight
|-damage|p2a: Corviknight|28/100
|upkeep
|turn|44
|
|t:|1776158614
|switch|p2a: Gliscor|Gliscor, F|88/100 tox
|move|p1a: Slowking|Future Sight|p2a: Gliscor
|-start|p1a: Slowking|move: Future Sight
|
|-heal|p2a: Gliscor|100/100 tox|[from] ability: Poison Heal
|upkeep
|turn|45
|
|t:|1776158621
|move|p2a: Gliscor|Knock Off|p1a: Slowking
|-supereffective|p1a: Slowking
|-damage|p1a: Slowking|50/100
|-enditem|p1a: Slowking|Assault Vest|[from] move: Knock Off|[of] p2a: Gliscor
|move|p1a: Slowking|Chilling Water|p2a: Gliscor
|-supereffective|p2a: Gliscor
|-damage|p2a: Gliscor|58/100 tox
|-unboost|p2a: Gliscor|atk|1
|
|-heal|p2a: Gliscor|70/100 tox|[from] ability: Poison Heal
|upkeep
|turn|46
|
|t:|1776158635
|-terastallize|p2a: Gliscor|Dark
|move|p2a: Gliscor|Knock Off|p1a: Slowking
|-supereffective|p1a: Slowking
|-damage|p1a: Slowking|19/100
|move|p1a: Slowking|Chilling Water|p2a: Gliscor
|-damage|p2a: Gliscor|48/100 tox
|-unboost|p2a: Gliscor|atk|1
|
|-end|p2a: Gliscor|move: Future Sight
|-immune|p2a: Gliscor
|-heal|p2a: Gliscor|61/100 tox|[from] ability: Poison Heal
|upkeep
|turn|47
|
|t:|1776158649
|switch|p1a: Iron Treads|Iron Treads|72/100
|move|p2a: Gliscor|Substitute|p2a: Gliscor
|-start|p2a: Gliscor|Substitute
|-damage|p2a: Gliscor|36/100 tox
|
|-heal|p2a: Gliscor|48/100 tox|[from] ability: Poison Heal
|upkeep
|turn|48
|
|t:|1776158661
|move|p1a: Iron Treads|Earthquake|p2a: Gliscor
|-end|p2a: Gliscor|Substitute
|move|p2a: Gliscor|Knock Off|p1a: Iron Treads
|-damage|p1a: Iron Treads|63/100
|
|-heal|p2a: Gliscor|61/100 tox|[from] ability: Poison Heal
|upkeep
|turn|49
|
|t:|1776158670
|move|p1a: Iron Treads|Stealth Rock|p2a: Gliscor
|-sidestart|p2: Ranta naoya|move: Stealth Rock
|move|p2a: Gliscor|Knock Off|p1a: Iron Treads
|-damage|p1a: Iron Treads|55/100
|
|-heal|p2a: Gliscor|73/100 tox|[from] ability: Poison Heal
|upkeep
|turn|50
|
|t:|1776158678
|move|p2a: Gliscor|Protect|p2a: Gliscor
|-singleturn|p2a: Gliscor|Protect
|move|p1a: Iron Treads|Earthquake|p2a: Gliscor
|-activate|p2a: Gliscor|move: Protect
|
|-heal|p2a: Gliscor|86/100 tox|[from] ability: Poison Heal
|upkeep
|turn|51
|
|t:|1776158687
|move|p1a: Iron Treads|Earthquake|p2a: Gliscor
|-damage|p2a: Gliscor|54/100 tox
|move|p2a: Gliscor|Substitute|p2a: Gliscor
|-start|p2a: Gliscor|Substitute
|-damage|p2a: Gliscor|29/100 tox
|
|-heal|p2a: Gliscor|42/100 tox|[from] ability: Poison Heal
|upkeep
|turn|52
|
|t:|1776158697
|move|p2a: Gliscor|Protect|p2a: Gliscor
|-singleturn|p2a: Gliscor|Protect
|move|p1a: Iron Treads|Earthquake|p2a: Gliscor
|-activate|p2a: Gliscor|move: Protect
|
|-heal|p2a: Gliscor|54/100 tox|[from] ability: Poison Heal
|upkeep
|turn|53
|
|t:|1776158706
|move|p1a: Iron Treads|Earthquake|p2a: Gliscor
|-end|p2a: Gliscor|Substitute
|move|p2a: Gliscor|Knock Off|p1a: Iron Treads
|-damage|p1a: Iron Treads|46/100
|
|-heal|p2a: Gliscor|67/100 tox|[from] ability: Poison Heal
|upkeep
|turn|54
|
|t:|1776158716
|move|p2a: Gliscor|Protect|p2a: Gliscor
|-singleturn|p2a: Gliscor|Protect
|move|p1a: Iron Treads|Earthquake|p2a: Gliscor
|-activate|p2a: Gliscor|move: Protect
|
|-heal|p2a: Gliscor|79/100 tox|[from] ability: Poison Heal
|upkeep
|turn|55
|
|t:|1776158727
|switch|p2a: Dondozo|Dondozo, M|100/100 slp
|-damage|p2a: Dondozo|88/100 slp|[from] Stealth Rock
|move|p1a: Iron Treads|Earthquake|p2a: Dondozo
|-damage|p2a: Dondozo|71/100 slp
|
|-heal|p2a: Dondozo|78/100 slp|[from] item: Leftovers
|upkeep
|turn|56
|
|t:|1776158737
|-end|p1a: Iron Treads|Quark Drive|[silent]
|switch|p1a: Slowking|Slowking-Galar, M|53/100
|cant|p2a: Dondozo|slp
|move|p2a: Dondozo|Sleep Talk|p2a: Dondozo
|move|p2a: Dondozo|Rest||[from] move: Sleep Talk|[still]
|-fail|p2a: Dondozo
|
|-heal|p2a: Dondozo|84/100 slp|[from] item: Leftovers
|upkeep
|turn|57
|
|t:|1776158749
|switch|p2a: Gliscor|Gliscor, F, tera:Dark|79/100 tox
|-damage|p2a: Gliscor|67/100 tox|[from] Stealth Rock
|move|p1a: Slowking|Future Sight|p2a: Gliscor
|-start|p1a: Slowking|move: Future Sight
|
|-heal|p2a: Gliscor|79/100 tox|[from] ability: Poison Heal
|upkeep
|turn|58
|
|t:|1776158760
|switch|p1a: Zapdos|Zapdos|100/100
|move|p2a: Gliscor|Knock Off|p1a: Zapdos
|-damage|p1a: Zapdos|71/100
|-damage|p2a: Gliscor|63/100 tox|[from] item: Rocky Helmet|[of] p1a: Zapdos
|-enditem|p1a: Zapdos|Rocky Helmet|[from] move: Knock Off|[of] p2a: Gliscor
|
|-heal|p2a: Gliscor|75/100 tox|[from] ability: Poison Heal
|upkeep
|turn|59
|
|t:|1776158771
|move|p2a: Gliscor|Protect|p2a: Gliscor
|-singleturn|p2a: Gliscor|Protect
|move|p1a: Zapdos|Volt Switch|p2a: Gliscor
|-activate|p2a: Gliscor|move: Protect
|
|-end|p2a: Gliscor|move: Future Sight
|-immune|p2a: Gliscor
|-heal|p2a: Gliscor|88/100 tox|[from] ability: Poison Heal
|upkeep
|turn|60
|
|t:|1776158782
|switch|p1a: Iron Treads|Iron Treads|46/100
|move|p2a: Gliscor|Toxic|p1a: Iron Treads
|-immune|p1a: Iron Treads
|
|-heal|p2a: Gliscor|99/100 tox|[from] ability: Poison Heal
|upkeep
|turn|61
|
|t:|1776158791
|move|p1a: Iron Treads|Rapid Spin|p2a: Gliscor
|-damage|p2a: Gliscor|90/100 tox
|-boost|p1a: Iron Treads|spe|1
|move|p2a: Gliscor|Knock Off|p1a: Iron Treads
|-damage|p1a: Iron Treads|29/100
|
|-heal|p2a: Gliscor|100/100 tox|[from] ability: Poison Heal
|upkeep
|turn|62
|
|t:|1776158802
|move|p1a: Iron Treads|Earthquake|p2a: Gliscor
|-damage|p2a: Gliscor|72/100 tox
|move|p2a: Gliscor|Knock Off|p1a: Iron Treads
|-damage|p1a: Iron Treads|11/100
|
|-heal|p2a: Gliscor|85/100 tox|[from] ability: Poison Heal
|upkeep
|turn|63
|
|t:|1776158815
|move|p1a: Iron Treads|Earthquake|p2a: Gliscor
|-damage|p2a: Gliscor|53/100 tox
|move|p2a: Gliscor|Knock Off|p1a: Iron Treads
|-damage|p1a: Iron Treads|0 fnt
|faint|p1a: Iron Treads
|-end|p1a: Iron Treads|Quark Drive|[silent]
|
|-heal|p2a: Gliscor|66/100 tox|[from] ability: Poison Heal
|upkeep
|
|t:|1776158839
|switch|p1a: Slowking|Slowking-Galar, M|86/100
|turn|64
|
|t:|1776158848
|move|p2a: Gliscor|Knock Off|p1a: Slowking
|-supereffective|p1a: Slowking
|-damage|p1a: Slowking|40/100
|move|p1a: Slowking|Flamethrower|p2a: Gliscor
|-damage|p2a: Gliscor|29/100 tox
|
|-heal|p2a: Gliscor|41/100 tox|[from] ability: Poison Heal
|upkeep
|turn|65
|
|t:|1776158858
|switch|p1a: Kyurem|Kyurem|100/100
|-ability|p1a: Kyurem|Pressure
|move|p2a: Gliscor|Knock Off|p1a: Kyurem
|-damage|p1a: Kyurem|67/100
|-enditem|p1a: Kyurem|Choice Specs|[from] move: Knock Off|[of] p2a: Gliscor
|
|-heal|p2a: Gliscor|54/100 tox|[from] ability: Poison Heal
|upkeep
|turn|66
|
|t:|1776158871
|move|p2a: Gliscor|Protect|p2a: Gliscor
|-singleturn|p2a: Gliscor|Protect
|move|p1a: Kyurem|Ice Beam|p2a: Gliscor
|-activate|p2a: Gliscor|move: Protect
|
|-heal|p2a: Gliscor|66/100 tox|[from] ability: Poison Heal
|upkeep
|turn|67
|
|t:|1776158880
|switch|p2a: Toxapex|Toxapex, M|100/100
|-damage|p2a: Toxapex|88/100|[from] Stealth Rock
|move|p1a: Kyurem|Draco Meteor|p2a: Toxapex
|-crit|p2a: Toxapex
|-damage|p2a: Toxapex|21/100
|-unboost|p1a: Kyurem|spa|2
|
|upkeep
|turn|68
|
|t:|1776158891
|switch|p2a: Clefable|Clefable, F|100/100
|move|p1a: Kyurem|Freeze-Dry|p2a: Clefable
|-damage|p2a: Clefable|83/100
|
|upkeep
|turn|69
|
|t:|1776158898
|switch|p1a: Slowking|Slowking-Galar, M|73/100
|move|p2a: Clefable|Stealth Rock|p1a: Slowking
|-sidestart|p1: urracq|move: Stealth Rock
|
|upkeep
|turn|70
|
|t:|1776158907
|switch|p2a: Clodsire|Clodsire, F|100/100
|move|p1a: Slowking|Sludge Bomb|p2a: Clodsire
|-resisted|p2a: Clodsire
|-damage|p2a: Clodsire|94/100
|
|upkeep
|turn|71
|
|t:|1776158914
|move|p1a: Slowking|Future Sight|p2a: Clodsire
|-start|p1a: Slowking|move: Future Sight
|move|p2a: Clodsire|Toxic Spikes|p1a: Slowking
|-sidestart|p1: urracq|move: Toxic Spikes
|
|upkeep
|turn|72
|
|t:|1776158922
|move|p1a: Slowking|Flamethrower|p2a: Clodsire
|-damage|p2a: Clodsire|77/100
|move|p2a: Clodsire|Spikes|p1a: Slowking
|-sidestart|p1: urracq|Spikes
|
|upkeep
|turn|73
|
|t:|1776158930
|move|p1a: Slowking|Flamethrower|p2a: Clodsire
|-damage|p2a: Clodsire|61/100
|move|p2a: Clodsire|Recover|p2a: Clodsire
|-heal|p2a: Clodsire|100/100
|
|-end|p2a: Clodsire|move: Future Sight
|-supereffective|p2a: Clodsire
|-damage|p2a: Clodsire|35/100
|upkeep
|turn|74
|
|t:|1776158939
|move|p1a: Slowking|Future Sight|p2a: Clodsire
|-start|p1a: Slowking|move: Future Sight
|move|p2a: Clodsire|Recover|p2a: Clodsire
|-heal|p2a: Clodsire|85/100
|
|upkeep
|turn|75
|
|t:|1776158945
|move|p1a: Slowking|Chilling Water|p2a: Clodsire
|-supereffective|p2a: Clodsire
|-damage|p2a: Clodsire|68/100
|-unboost|p2a: Clodsire|atk|1
|move|p2a: Clodsire|Earthquake|p1a: Slowking
|-supereffective|p1a: Slowking
|-damage|p1a: Slowking|35/100
|
|upkeep
|turn|76
|
|t:|1776158953
|move|p1a: Slowking|Chilling Water|p2a: Clodsire
|-supereffective|p2a: Clodsire
|-damage|p2a: Clodsire|49/100
|-unboost|p2a: Clodsire|atk|1
|move|p2a: Clodsire|Recover|p2a: Clodsire
|-heal|p2a: Clodsire|99/100
|
|-end|p2a: Clodsire|move: Future Sight
|-supereffective|p2a: Clodsire
|-damage|p2a: Clodsire|38/100
|upkeep
|turn|77
|
|t:|1776158964
|switch|p1a: Zapdos|Zapdos|71/100
|-damage|p1a: Zapdos|46/100|[from] Stealth Rock
|switch|p2a: Gliscor|Gliscor, F, tera:Dark|66/100 tox
|-damage|p2a: Gliscor|54/100 tox|[from] Stealth Rock
|
|-heal|p2a: Gliscor|66/100 tox|[from] ability: Poison Heal
|upkeep
|turn|78
|
|t:|1776158976
|move|p2a: Gliscor|Protect|p2a: Gliscor
|-singleturn|p2a: Gliscor|Protect
|move|p1a: Zapdos|Hurricane|p2a: Gliscor
|-activate|p2a: Gliscor|move: Protect
|
|-heal|p2a: Gliscor|79/100 tox|[from] ability: Poison Heal
|upkeep
|turn|79
|
|t:|1776158985
|move|p2a: Gliscor|Toxic|p1a: Zapdos
|-status|p1a: Zapdos|tox
|move|p1a: Zapdos|Hurricane|p2a: Gliscor|[miss]
|-miss|p1a: Zapdos|p2a: Gliscor
|
|-heal|p2a: Gliscor|91/100 tox|[from] ability: Poison Heal
|-damage|p1a: Zapdos|40/100 tox|[from] psn
|upkeep
|turn|80
|-message|urracq forfeited.
|
|win|Ranta naoya
|raw|urracq's rating: 1413 &rarr; <strong>1389</strong><br />(-24 for losing)
|raw|Ranta naoya's rating: 1350 &rarr; <strong>1374</strong><br />(+24 for winning)
|l|☆urracq
|player|p1|
