|html|<div class="broadcast-blue"><strong>[Gen 9] OU is currently suspecting Tera Blast! For information on how to participate check out the <a href="https://www.smogon.com/tools/suspects/view/200">suspect thread</a>.</strong></div>
|j|☆bm666
|j|☆Oddsin
|t:|1776106474
|gametype|singles
|player|p1|bm666|2|1198
|player|p2|Oddsin|gambler|1209
|gen|9
|tier|[Gen 9] OU
|rated|
|rule|HP Percentage Mod: HP is shown in percentages
|rule|Endless Battle Clause: Forcing endless battles is banned
|rule|Species Clause: Limit one of each Pokémon
|rule|OHKO Clause: OHKO moves are banned
|rule|Evasion Items Clause: Evasion items are banned
|rule|Evasion Moves Clause: Evasion moves are banned
|rule|Evasion Abilities Clause: Evasion abilities are banned
|rule|Sleep Moves Clause: Sleep-inducing moves are banned
|clearpoke
|poke|p1|Hatterene, F|
|poke|p1|Great Tusk|
|poke|p1|Corviknight, M|
|poke|p1|Heatran, M|
|poke|p1|Ogerpon-Wellspring, F|
|poke|p1|Tornadus-Therian, M|
|poke|p2|Scizor, M|
|poke|p2|Iron Valiant|
|poke|p2|Salamence, F|
|poke|p2|Komala, M|
|poke|p2|Jolteon, F|
|poke|p2|Ceruledge, M|
|teampreview
|
|t:|1776106488
|teamsize|p1|6
|teamsize|p2|6
|start
|switch|p1a: Great Tusk|Great Tusk|100/100
|switch|p2a: Iron Valiant|Iron Valiant|100/100
|-enditem|p2a: Iron Valiant|Booster Energy
|-activate|p2a: Iron Valiant|ability: Quark Drive|[fromitem]
|-start|p2a: Iron Valiant|quarkdriveatk
|-enditem|p1a: Great Tusk|Booster Energy
|-activate|p1a: Great Tusk|ability: Protosynthesis|[fromitem]
|-start|p1a: Great Tusk|protosynthesisspe
|turn|1
|inactive|Battle timer is ON: inactive players will automatically lose when time's up. (requested by Oddsin)
|
|t:|1776106510
|move|p1a: Great Tusk|Headlong Rush|p2a: Iron Valiant
|-damage|p2a: Iron Valiant|32/100
|-unboost|p1a: Great Tusk|def|1
|-unboost|p1a: Great Tusk|spd|1
|move|p2a: Iron Valiant|Taunt|p1a: Great Tusk
|-start|p1a: Great Tusk|move: Taunt
|
|upkeep
|turn|2
|
|t:|1776106523
|move|p1a: Great Tusk|Headlong Rush|p2a: Iron Valiant
|-damage|p2a: Iron Valiant|0 fnt
|-unboost|p1a: Great Tusk|def|1
|-unboost|p1a: Great Tusk|spd|1
|faint|p2a: Iron Valiant
|-end|p2a: Iron Valiant|Quark Drive|[silent]
|
|upkeep
|inactive|Oddsin has 120 seconds left.
|
|t:|1776106554
|switch|p2a: Scizor|Scizor, M|100/100
|turn|3
|
|t:|1776106566
|-end|p1a: Great Tusk|Protosynthesis|[silent]
|switch|p1a: Heatran|Heatran, M|100/100
|-item|p1a: Heatran|Air Balloon
|move|p2a: Scizor|Swords Dance|p2a: Scizor
|-boost|p2a: Scizor|atk|2
|
|upkeep
|turn|4
|
|t:|1776106578
|-terastallize|p2a: Scizor|Fire
|move|p1a: Heatran|Flamethrower|p2a: Scizor
|-resisted|p2a: Scizor
|-damage|p2a: Scizor|70/100
|move|p2a: Scizor|Close Combat|p1a: Heatran
|-supereffective|p1a: Heatran
|-damage|p1a: Heatran|0 fnt
|-unboost|p2a: Scizor|def|1
|-unboost|p2a: Scizor|spd|1
|-enditem|p1a: Heatran|Air Balloon
|faint|p1a: Heatran
|
|upkeep
|
|t:|1776106602
|switch|p1a: Ogerpon|Ogerpon-Wellspring, F|100/100
|turn|5
|
|t:|1776106614
|move|p2a: Scizor|Bullet Punch|p1a: Ogerpon
|-resisted|p1a: Ogerpon
|-damage|p1a: Ogerpon|55/100
|move|p1a: Ogerpon|Ivy Cudgel|p2a: Scizor|[anim] Ivy Cudgel Water
|-supereffective|p2a: Scizor
|-damage|p2a: Scizor|0 fnt
|faint|p2a: Scizor
|
|upkeep
|
|t:|1776106633
|switch|p2a: Salamence|Salamence, F|100/100
|-ability|p2a: Salamence|Intimidate|boost
|-unboost|p1a: Ogerpon|atk|1
|turn|6
|inactive|bm666 has 120 seconds left.
|
|t:|1776106666
|switch|p1a: Hatterene|Hatterene, F|100/100
|move|p2a: Salamence|Tailwind|p2a: Salamence
|-sidestart|p2: Oddsin|move: Tailwind
|
|upkeep
|turn|7
|inactive|bm666 has 120 seconds left.
|
|t:|1776106691
|switch|p2a: Jolteon|Jolteon, F|100/100
|move|p1a: Hatterene|Nuzzle|p2a: Jolteon
|-resisted|p2a: Jolteon
|-damage|p2a: Jolteon|98/100
|
|-status|p2a: Jolteon|brn|[from] item: Flame Orb
|upkeep
|turn|8
|
|t:|1776106707
|switch|p1a: Great Tusk|Great Tusk|100/100
|move|p2a: Jolteon|Calm Mind|p2a: Jolteon
|-boost|p2a: Jolteon|spa|1
|-boost|p2a: Jolteon|spd|1
|
|-damage|p2a: Jolteon|92/100 brn|[from] brn
|upkeep
|turn|9
|
|t:|1776106718
|move|p2a: Jolteon|Alluring Voice|p1a: Great Tusk
|-supereffective|p1a: Great Tusk
|-damage|p1a: Great Tusk|19/100
|move|p1a: Great Tusk|Headlong Rush|p2a: Jolteon
|-supereffective|p2a: Jolteon
|-damage|p2a: Jolteon|0 fnt
|-unboost|p1a: Great Tusk|def|1
|-unboost|p1a: Great Tusk|spd|1
|faint|p2a: Jolteon
|
|-sideend|p2: Oddsin|move: Tailwind
|upkeep
|
|t:|1776106729
|switch|p2a: Ceruledge|Ceruledge, M|100/100
|turn|10
|
|t:|1776106745
|move|p2a: Ceruledge|Endure|p2a: Ceruledge
|-singleturn|p2a: Ceruledge|move: Endure
|move|p1a: Great Tusk|Headlong Rush|p2a: Ceruledge
|-supereffective|p2a: Ceruledge
|-activate|p2a: Ceruledge|move: Endure
|-damage|p2a: Ceruledge|1/100
|-unboost|p1a: Great Tusk|def|1
|-unboost|p1a: Great Tusk|spd|1
|-ability|p2a: Ceruledge|Weak Armor|boost
|-unboost|p2a: Ceruledge|def|1
|-boost|p2a: Ceruledge|spe|2
|-enditem|p2a: Ceruledge|Liechi Berry|[eat]
|-boost|p2a: Ceruledge|atk|1|[from] item: Liechi Berry
|
|upkeep
|turn|11
|
|t:|1776106758
|move|p2a: Ceruledge|Shadow Sneak|p1a: Great Tusk
|-damage|p1a: Great Tusk|0 fnt
|faint|p1a: Great Tusk
|-end|p1a: Great Tusk|Protosynthesis|[silent]
|
|upkeep
|
|t:|1776106778
|switch|p1a: Tornadus|Tornadus-Therian, M|100/100
|turn|12
|
|t:|1776106788
|move|p2a: Ceruledge|Poltergeist|p1a: Tornadus
|-activate|p1a: Tornadus|move: Poltergeist|Life Orb
|-damage|p1a: Tornadus|0 fnt
|faint|p1a: Tornadus
|
|upkeep
|inactive|bm666 has 90 seconds left.
|inactive|bm666 has 60 seconds left.
|
|t:|1776106853
|switch|p1a: Hatterene|Hatterene, F|100/100
|turn|13
|
|t:|1776106863
|move|p2a: Ceruledge|Poltergeist|p1a: Hatterene
|-activate|p1a: Hatterene|move: Poltergeist|Leftovers
|-supereffective|p1a: Hatterene
|-damage|p1a: Hatterene|0 fnt
|faint|p1a: Hatterene
|
|upkeep
|
|t:|1776106867
|switch|p1a: Corviknight|Corviknight, M|100/100
|turn|14
|
|t:|1776106871
|move|p2a: Ceruledge|Bitter Blade|p1a: Corviknight
|-supereffective|p1a: Corviknight
|-damage|p1a: Corviknight|6/100
|-heal|p2a: Ceruledge|66/100|[from] drain|[of] p1a: Corviknight
|-damage|p2a: Ceruledge|49/100|[from] item: Rocky Helmet|[of] p1a: Corviknight
|move|p1a: Corviknight|U-turn|p2a: Ceruledge
|-resisted|p2a: Ceruledge
|-damage|p2a: Ceruledge|42/100
|-ability|p2a: Ceruledge|Weak Armor|boost
|-unboost|p2a: Ceruledge|def|1
|-boost|p2a: Ceruledge|spe|2
|-message|bm666 forfeited.
|
|win|Oddsin
|raw|bm666's rating: 1198 &rarr; <strong>1174</strong><br />(-24 for losing)
|raw|Oddsin's rating: 1209 &rarr; <strong>1233</strong><br />(+24 for winning)
|l|☆bm666
|player|p1|
