|html|<div class="broadcast-blue"><strong>[Gen 9] OU is currently suspecting Tera Blast! For information on how to participate check out the <a href="https://www.smogon.com/tools/suspects/view/200">suspect thread</a>.</strong></div>
|j|☆AbsoluteDestroyer9
|j|☆Ak444me
|t:|1776078471
|gametype|singles
|player|p1|AbsoluteDestroyer9|willow|1146
|player|p2|Ak444me|bellelba|1162
|gen|9
|tier|[Gen 9] OU
|rated|
|rule|HP Percentage Mod: HP is shown in percentages
|rule|Endless Battle Clause: Forcing endless battles is banned
|rule|Species Clause: Limit one of each Pokémon
|rule|OHKO Clause: OHKO moves are banned
|rule|Evasion Items Clause: Evasion items are banned
|rule|Evasion Moves Clause: Evasion moves are banned
|rule|Evasion Abilities Clause: Evasion abilities are banned
|rule|Sleep Moves Clause: Sleep-inducing moves are banned
|clearpoke
|poke|p1|Skarmory, F|
|poke|p1|Persian-Alola, F|
|poke|p1|Mienshao, F|
|poke|p1|Deoxys-Defense|
|poke|p1|Skeledirge, F|
|poke|p1|Hoopa-Unbound|
|poke|p2|Pelipper, F|
|poke|p2|Basculegion, M|
|poke|p2|Sneasel-Hisui, M|
|poke|p2|Iron Treads|
|poke|p2|Barraskewda, M|
|poke|p2|Kilowattrel, M|
|teampreview
|j| ohko_smeargle
|inactive|Battle timer is ON: inactive players will automatically lose when time's up. (requested by AbsoluteDestroyer9)
|
|t:|1776078479
|teamsize|p1|6
|teamsize|p2|6
|start
|switch|p1a: Skarmory|Skarmory, F, shiny|100/100
|switch|p2a: Pelipper|Pelipper, F|100/100
|-weather|RainDance|[from] ability: Drizzle|[of] p2a: Pelipper
|turn|1
|
|t:|1776078484
|move|p1a: Skarmory|Swords Dance|p1a: Skarmory
|-boost|p1a: Skarmory|atk|2
|move|p2a: Pelipper|Tailwind|p2a: Pelipper
|-sidestart|p2: Ak444me|move: Tailwind
|
|-weather|RainDance|[upkeep]
|upkeep
|turn|2
|
|t:|1776078489
|move|p2a: Pelipper|U-turn|p1a: Skarmory
|-resisted|p1a: Skarmory
|-damage|p1a: Skarmory|99/100
|-ability|p1a: Skarmory|Weak Armor|boost
|-unboost|p1a: Skarmory|def|1
|-boost|p1a: Skarmory|spe|2
|
|t:|1776078497
|switch|p2a: Basculegion|Basculegion, M|100/100|[from] U-turn
|move|p1a: Skarmory|Swords Dance|p1a: Skarmory
|-boost|p1a: Skarmory|atk|2
|
|-weather|RainDance|[upkeep]
|upkeep
|turn|3
|
|t:|1776078507
|move|p2a: Basculegion|Flip Turn|p1a: Skarmory
|-damage|p1a: Skarmory|18/100
|-ability|p1a: Skarmory|Weak Armor|boost
|-unboost|p1a: Skarmory|def|1
|-boost|p1a: Skarmory|spe|2
|-damage|p2a: Basculegion|91/100|[from] item: Life Orb
|
|t:|1776078514
|switch|p2a: Sneasel|Sneasel-Hisui, M|100/100|[from] Flip Turn
|move|p1a: Skarmory|Brave Bird|p2a: Sneasel
|-supereffective|p2a: Sneasel
|-damage|p2a: Sneasel|0 fnt
|faint|p2a: Sneasel
|-damage|p1a: Skarmory|0 fnt|[from] Recoil
|faint|p1a: Skarmory
|
|-weather|RainDance|[upkeep]
|upkeep
|
|t:|1776078525
|switch|p2a: Kilowattrel|Kilowattrel, M|100/100
|switch|p1a: Mienshao|Mienshao, F, shiny|100/100
|turn|4
|
|t:|1776078531
|move|p1a: Mienshao|Fake Out|p2a: Kilowattrel
|-damage|p2a: Kilowattrel|66/100
|-damage|p1a: Mienshao|91/100|[from] item: Life Orb
|cant|p2a: Kilowattrel|flinch
|
|-weather|RainDance|[upkeep]
|-sideend|p2: Ak444me|move: Tailwind
|upkeep
|turn|5
|
|t:|1776078549
|switch|p1a: Hoopa|Hoopa-Unbound|100/100
|move|p2a: Kilowattrel|Tailwind|p2a: Kilowattrel
|-sidestart|p2: Ak444me|move: Tailwind
|-start|p2a: Kilowattrel|Charge|Tailwind|[from] ability: Wind Power
|
|-weather|RainDance|[upkeep]
|upkeep
|turn|6
|
|t:|1776078559
|switch|p1a: Deoxys|Deoxys-Defense, shiny|100/100
|-ability|p1a: Deoxys|Pressure
|-terastallize|p2a: Kilowattrel|Electric
|move|p2a: Kilowattrel|Thunderbolt|p1a: Deoxys
|-damage|p1a: Deoxys|21/100
|-end|p2a: Kilowattrel|Charge|[silent]
|
|-weather|RainDance|[upkeep]
|upkeep
|turn|7
|
|t:|1776078568
|move|p2a: Kilowattrel|Weather Ball|p1a: Deoxys
|-damage|p1a: Deoxys|0 fnt
|faint|p1a: Deoxys
|
|-weather|RainDance|[upkeep]
|upkeep
|
|t:|1776078585
|switch|p1a: Hoopa|Hoopa-Unbound|100/100
|turn|8
|
|t:|1776078588
|move|p2a: Kilowattrel|Thunderbolt|p1a: Hoopa
|-damage|p1a: Hoopa|49/100
|move|p1a: Hoopa|Hyperspace Fury|p2a: Kilowattrel
|-damage|p2a: Kilowattrel|0 fnt
|-unboost|p1a: Hoopa|def|1
|faint|p2a: Kilowattrel
|
|-weather|none
|-sideend|p2: Ak444me|move: Tailwind
|upkeep
|
|t:|1776078591
|switch|p2a: Pelipper|Pelipper, F|100/100
|-weather|RainDance|[from] ability: Drizzle|[of] p2a: Pelipper
|turn|9
|
|t:|1776078597
|move|p1a: Hoopa|Hyperspace Fury|p2a: Pelipper
|-damage|p2a: Pelipper|55/100
|-unboost|p1a: Hoopa|def|1
|move|p2a: Pelipper|Tailwind|p2a: Pelipper
|-sidestart|p2: Ak444me|move: Tailwind
|
|-weather|RainDance|[upkeep]
|upkeep
|turn|10
|
|t:|1776078602
|move|p1a: Hoopa|Hyperspace Fury|p2a: Pelipper
|-damage|p2a: Pelipper|5/100
|-unboost|p1a: Hoopa|def|1
|move|p2a: Pelipper|U-turn|p1a: Hoopa
|-supereffective|p1a: Hoopa
|-damage|p1a: Hoopa|0 fnt
|faint|p1a: Hoopa
|
|t:|1776078610
|switch|p2a: Barraskewda|Barraskewda, M, shiny|100/100|[from] U-turn
|
|-weather|RainDance|[upkeep]
|upkeep
|
|t:|1776078618
|switch|p1a: Mienshao|Mienshao, F, shiny|100/100
|turn|11
|
|t:|1776078622
|move|p1a: Mienshao|Fake Out|p2a: Barraskewda
|-damage|p2a: Barraskewda|66/100
|-damage|p1a: Mienshao|91/100|[from] item: Life Orb
|cant|p2a: Barraskewda|flinch
|
|-weather|RainDance|[upkeep]
|upkeep
|turn|12
|
|t:|1776078627
|move|p2a: Barraskewda|Liquidation|p1a: Mienshao
|-damage|p1a: Mienshao|0 fnt
|faint|p1a: Mienshao
|
|-weather|RainDance|[upkeep]
|-sideend|p2: Ak444me|move: Tailwind
|upkeep
|
|t:|1776078637
|switch|p1a: Persian|Persian-Alola, F, shiny|100/100
|turn|13
|
|t:|1776078646
|move|p2a: Barraskewda|Liquidation|p1a: Persian
|-enditem|p1a: Persian|Focus Sash
|-damage|p1a: Persian|1/100
|move|p1a: Persian|Thunder|p2a: Barraskewda
|-supereffective|p2a: Barraskewda
|-damage|p2a: Barraskewda|0 fnt
|faint|p2a: Barraskewda
|
|-weather|RainDance|[upkeep]
|upkeep
|
|t:|1776078650
|switch|p2a: Iron Treads|Iron Treads|100/100
|turn|14
|
|t:|1776078657
|move|p1a: Persian|Icy Wind|p2a: Iron Treads
|-damage|p2a: Iron Treads|73/100
|-unboost|p2a: Iron Treads|spe|1
|move|p2a: Iron Treads|Rapid Spin|p1a: Persian
|-damage|p1a: Persian|0 fnt
|-boost|p2a: Iron Treads|spe|1
|faint|p1a: Persian
|
|-weather|RainDance|[upkeep]
|upkeep
|
|t:|1776078666
|switch|p1a: Skeledirge|Skeledirge, F, shiny|100/100
|turn|15
|
|t:|1776078669
|-terastallize|p1a: Skeledirge|Fire
|move|p1a: Skeledirge|Overheat|p2a: Iron Treads|[miss]
|-miss|p1a: Skeledirge|p2a: Iron Treads
|move|p2a: Iron Treads|Knock Off|p1a: Skeledirge
|-damage|p1a: Skeledirge|77/100
|-enditem|p1a: Skeledirge|Choice Scarf|[from] move: Knock Off|[of] p2a: Iron Treads
|
|-weather|RainDance|[upkeep]
|upkeep
|turn|16
|
|t:|1776078675
|move|p2a: Iron Treads|Volt Switch|p1a: Skeledirge
|-damage|p1a: Skeledirge|63/100
|
|t:|1776078677
|-end|p2a: Iron Treads|Quark Drive|[silent]
|switch|p2a: Pelipper|Pelipper, F|5/100|[from] Volt Switch
|move|p1a: Skeledirge|Overheat|p2a: Pelipper
|-resisted|p2a: Pelipper
|-crit|p2a: Pelipper
|-damage|p2a: Pelipper|0 fnt
|-unboost|p1a: Skeledirge|spa|2
|faint|p2a: Pelipper
|
|-weather|none
|upkeep
|
|t:|1776078683
|switch|p2a: Basculegion|Basculegion, M|91/100
|turn|17
|
|t:|1776078687
|move|p2a: Basculegion|Flip Turn|p1a: Skeledirge
|-supereffective|p1a: Skeledirge
|-crit|p1a: Skeledirge
|-damage|p1a: Skeledirge|0 fnt
|faint|p1a: Skeledirge
|-damage|p2a: Basculegion|81/100|[from] item: Life Orb
|
|win|Ak444me
|raw|AbsoluteDestroyer9's rating: 1146 &rarr; <strong>1122</strong><br />(-24 for losing)
|raw|Ak444me's rating: 1162 &rarr; <strong>1186</strong><br />(+24 for winning)
|l| ohko_smeargle
|l|☆Ak444me
|player|p2|
|l|☆AbsoluteDestroyer9
|player|p1|
