|html|<div class="broadcast-blue"><strong>[Gen 9] OU is currently suspecting Tera Blast! For information on how to participate check out the <a href="https://www.smogon.com/tools/suspects/view/200">suspect thread</a>.</strong></div>
|j|☆FreeMoonBanTB
|j|☆Lucas Campeao
|t:|1776200746
|gametype|singles
|player|p1|FreeMoonBanTB|clair|1000
|player|p2|Lucas Campeao|n|1001
|gen|9
|tier|[Gen 9] OU
|rated|
|rule|HP Percentage Mod: HP is shown in percentages
|rule|Endless Battle Clause: Forcing endless battles is banned
|rule|Species Clause: Limit one of each Pokémon
|rule|OHKO Clause: OHKO moves are banned
|rule|Evasion Items Clause: Evasion items are banned
|rule|Evasion Moves Clause: Evasion moves are banned
|rule|Evasion Abilities Clause: Evasion abilities are banned
|rule|Sleep Moves Clause: Sleep-inducing moves are banned
|clearpoke
|poke|p1|Ting-Lu|
|poke|p1|Zamazenta-*|
|poke|p1|Ogerpon-Wellspring, F|
|poke|p1|Dragonite, F|
|poke|p1|Gholdengo|
|poke|p1|Iron Treads|
|poke|p2|Articuno|
|poke|p2|Zapdos|
|poke|p2|Moltres|
|teampreview
|inactive|Battle timer is ON: inactive players will automatically lose when time's up. (requested by Lucas Campeao)
|
|t:|1776200761
|teamsize|p1|6
|teamsize|p2|3
|start
|switch|p1a: Ting-Lu|Ting-Lu|100/100
|switch|p2a: Articuno|Articuno|100/100
|-ability|p2a: Articuno|Pressure
|-ability|p1a: Ting-Lu|Vessel of Ruin
|turn|1
|
|t:|1776200772
|move|p2a: Articuno|Blizzard|p1a: Ting-Lu
|-supereffective|p1a: Ting-Lu
|-damage|p1a: Ting-Lu|62/100
|-enditem|p1a: Ting-Lu|Red Card|[of] p2a: Articuno
|drag|p2a: Moltres|Moltres|100/100
|-ability|p2a: Moltres|Pressure
|move|p1a: Ting-Lu|Stealth Rock|p2a: Moltres
|-sidestart|p2: Lucas Campeao|move: Stealth Rock
|
|upkeep
|turn|2
|
|t:|1776200783
|move|p2a: Moltres|Solar Beam||[still]
|-prepare|p2a: Moltres|Solar Beam
|move|p1a: Ting-Lu|Whirlwind|p2a: Moltres
|drag|p2a: Zapdos|Zapdos|100/100
|-damage|p2a: Zapdos|76/100|[from] Stealth Rock
|-ability|p2a: Zapdos|Pressure
|
|upkeep
|turn|3
|
|t:|1776200797
|move|p2a: Zapdos|Heat Wave|p1a: Ting-Lu
|-damage|p1a: Ting-Lu|50/100
|move|p1a: Ting-Lu|Whirlwind|p2a: Zapdos
|drag|p2a: Articuno|Articuno|100/100
|-damage|p2a: Articuno|51/100|[from] Stealth Rock
|-ability|p2a: Articuno|Pressure
|
|upkeep
|turn|4
|
|t:|1776200813
|move|p2a: Articuno|Blizzard|p1a: Ting-Lu
|-supereffective|p1a: Ting-Lu
|-damage|p1a: Ting-Lu|13/100
|move|p1a: Ting-Lu|Whirlwind|p2a: Articuno
|drag|p2a: Moltres|Moltres|100/100
|-damage|p2a: Moltres|51/100|[from] Stealth Rock
|-ability|p2a: Moltres|Pressure
|
|upkeep
|turn|5
|
|t:|1776200827
|move|p2a: Moltres|Flamethrower|p1a: Ting-Lu
|-damage|p1a: Ting-Lu|0 fnt
|faint|p1a: Ting-Lu
|
|upkeep
|
|t:|1776200830
|switch|p1a: Ogerpon|Ogerpon-Wellspring, F|100/100
|turn|6
|
|t:|1776200836
|-terastallize|p1a: Ogerpon|Water
|detailschange|p1a: Ogerpon|Ogerpon-Wellspring-Tera, F, tera:Water
|-ability|p1a: Ogerpon|Embody Aspect (Wellspring)|boost
|-boost|p1a: Ogerpon|spd|1
|move|p1a: Ogerpon|Ivy Cudgel|p2a: Moltres|[anim] Ivy Cudgel Water
|-supereffective|p2a: Moltres
|-damage|p2a: Moltres|0 fnt
|faint|p2a: Moltres
|
|upkeep
|
|t:|1776200846
|switch|p2a: Zapdos|Zapdos|76/100
|-damage|p2a: Zapdos|51/100|[from] Stealth Rock
|-ability|p2a: Zapdos|Pressure
|turn|7
|
|t:|1776200852
|move|p1a: Ogerpon|Ivy Cudgel|p2a: Zapdos|[anim] Ivy Cudgel Water
|-damage|p2a: Zapdos|0 fnt
|faint|p2a: Zapdos
|
|upkeep
|
|t:|1776200858
|switch|p2a: Articuno|Articuno|51/100
|-damage|p2a: Articuno|1/100|[from] Stealth Rock
|-ability|p2a: Articuno|Pressure
|turn|8
|
|t:|1776200865
|move|p1a: Ogerpon|Ivy Cudgel|p2a: Articuno|[anim] Ivy Cudgel Water
|-damage|p2a: Articuno|0 fnt
|faint|p2a: Articuno
|
|win|FreeMoonBanTB
|raw|FreeMoonBanTB's rating: 1000 &rarr; <strong>1040</strong><br />(+40 for winning)
|raw|Lucas Campeao's rating: 1001 &rarr; <strong>1000</strong><br />(-1 for losing)
