|html|<div class="broadcast-blue"><strong>[Gen 9] OU is currently suspecting Tera Blast! For information on how to participate check out the <a href="https://www.smogon.com/tools/suspects/view/200">suspect thread</a>.</strong></div>
|j|☆bbruvakylee
|j|☆biskota1232
|t:|1776035242
|gametype|singles
|player|p1|bbruvakylee|flint|1129
|player|p2|biskota1232|medium|1159
|gen|9
|tier|[Gen 9] OU
|rated|
|rule|HP Percentage Mod: HP is shown in percentages
|rule|Endless Battle Clause: Forcing endless battles is banned
|rule|Species Clause: Limit one of each Pokémon
|rule|OHKO Clause: OHKO moves are banned
|rule|Evasion Items Clause: Evasion items are banned
|rule|Evasion Moves Clause: Evasion moves are banned
|rule|Evasion Abilities Clause: Evasion abilities are banned
|rule|Sleep Moves Clause: Sleep-inducing moves are banned
|clearpoke
|poke|p1|Sceptile, M|
|poke|p1|Blaziken, M|
|poke|p1|Swampert, F|
|poke|p1|Darkrai|
|poke|p1|Weezing-Galar, M|
|poke|p1|Iron Valiant|
|poke|p2|Tyranitar, M|
|poke|p2|Iron Valiant|
|poke|p2|Excadrill, F|
|poke|p2|Tornadus-Therian, M|
|poke|p2|Ogerpon-Cornerstone, F|
|poke|p2|Toxapex, M|
|teampreview
|inactive|Battle timer is ON: inactive players will automatically lose when time's up. (requested by bbruvakylee)
|j| ohko_smeargle
|
|t:|1776035263
|teamsize|p1|6
|teamsize|p2|6
|start
|switch|p1a: Darkrai|Darkrai|100/100
|switch|p2a: Tyranitar|Tyranitar, M|100/100
|-weather|Sandstorm|[from] ability: Sand Stream|[of] p2a: Tyranitar
|turn|1
|
|t:|1776035275
|-terastallize|p2a: Tyranitar|Bug
|move|p1a: Darkrai|Trick|p2a: Tyranitar
|-activate|p1a: Darkrai|move: Trick|[of] p2a: Tyranitar
|-item|p2a: Tyranitar|Choice Specs|[from] move: Trick
|-item|p1a: Darkrai|Smooth Rock|[from] move: Trick
|move|p2a: Tyranitar|Low Kick|p1a: Darkrai
|-supereffective|p1a: Darkrai
|-damage|p1a: Darkrai|21/100
|
|-weather|Sandstorm|[upkeep]
|-damage|p1a: Darkrai|15/100|[from] Sandstorm
|-damage|p2a: Tyranitar|94/100|[from] Sandstorm
|upkeep
|turn|2
|
|t:|1776035285
|move|p1a: Darkrai|Dark Pulse|p2a: Tyranitar
|-damage|p2a: Tyranitar|51/100
|move|p2a: Tyranitar|Low Kick|p1a: Darkrai
|-supereffective|p1a: Darkrai
|-damage|p1a: Darkrai|0 fnt
|faint|p1a: Darkrai
|
|-weather|Sandstorm|[upkeep]
|-damage|p2a: Tyranitar|45/100|[from] Sandstorm
|upkeep
|
|t:|1776035296
|switch|p1a: Weezing|Weezing-Galar, M|100/100
|-ability|p1a: Weezing|Neutralizing Gas
|turn|3
|
|t:|1776035313
|switch|p2a: Toxapex|Toxapex, M|100/100
|move|p1a: Weezing|Will-O-Wisp|p2a: Toxapex
|-status|p2a: Toxapex|brn
|
|-weather|Sandstorm|[upkeep]
|-damage|p1a: Weezing|95/100|[from] Sandstorm
|-damage|p2a: Toxapex|95/100 brn|[from] Sandstorm
|-heal|p1a: Weezing|100/100|[from] item: Black Sludge
|-damage|p2a: Toxapex|89/100 brn|[from] brn
|upkeep
|turn|4
|
|t:|1776035332
|-end|p1a: Weezing|ability: Neutralizing Gas
|switch|p1a: Anchor Arms|Swampert, F|100/100
|move|p2a: Toxapex|Toxic Spikes|p1a: Anchor Arms
|-sidestart|p1: bbruvakylee|move: Toxic Spikes
|
|-weather|Sandstorm|[upkeep]
|-damage|p2a: Toxapex|83/100 brn|[from] Sandstorm
|-damage|p2a: Toxapex|77/100 brn|[from] brn
|upkeep
|turn|5
|
|t:|1776035344
|switch|p2a: Tyranitar|Tyranitar, M, tera:Bug|45/100
|move|p1a: Anchor Arms|Earthquake|p2a: Tyranitar
|-resisted|p2a: Tyranitar
|-damage|p2a: Tyranitar|29/100
|
|-weather|Sandstorm|[upkeep]
|-damage|p2a: Tyranitar|22/100|[from] Sandstorm
|upkeep
|turn|6
|
|t:|1776035358
|move|p2a: Tyranitar|Knock Off|p1a: Anchor Arms
|-damage|p1a: Anchor Arms|52/100
|-enditem|p1a: Anchor Arms|Assault Vest|[from] move: Knock Off|[of] p2a: Tyranitar
|move|p1a: Anchor Arms|Liquidation|p2a: Tyranitar
|-damage|p2a: Tyranitar|0 fnt
|faint|p2a: Tyranitar
|
|-weather|Sandstorm|[upkeep]
|upkeep
|inactive|biskota1232 has 120 seconds left.
|
|t:|1776035392
|switch|p2a: Excadrill|Excadrill, F|100/100
|turn|7
|
|t:|1776035400
|move|p2a: Excadrill|Earthquake|p1a: Anchor Arms
|-damage|p1a: Anchor Arms|0 fnt
|faint|p1a: Anchor Arms
|
|-weather|Sandstorm|[upkeep]
|upkeep
|
|t:|1776035407
|switch|p1a: Weezing|Weezing-Galar, M|100/100
|-ability|p1a: Weezing|Neutralizing Gas
|-sideend|p1: bbruvakylee|move: Toxic Spikes|[of] p1a: Weezing
|turn|8
|
|t:|1776035412
|move|p2a: Excadrill|Earthquake|p1a: Weezing
|-supereffective|p1a: Weezing
|-damage|p1a: Weezing|17/100
|move|p1a: Weezing|Will-O-Wisp|p2a: Excadrill
|-status|p2a: Excadrill|brn
|
|-weather|none
|-heal|p1a: Weezing|23/100|[from] item: Black Sludge
|-damage|p2a: Excadrill|94/100 brn|[from] brn
|upkeep
|turn|9
|
|t:|1776035438
|-end|p1a: Weezing|ability: Neutralizing Gas
|switch|p1a: Sanders|Blaziken, M|100/100
|move|p2a: Excadrill|Earthquake|p1a: Sanders
|-supereffective|p1a: Sanders
|-damage|p1a: Sanders|13/100
|
|-heal|p2a: Excadrill|100/100 brn|[from] item: Leftovers
|-damage|p2a: Excadrill|94/100 brn|[from] brn
|upkeep
|turn|10
|
|t:|1776035450
|move|p1a: Sanders|Protect|p1a: Sanders
|-singleturn|p1a: Sanders|Protect
|move|p2a: Excadrill|Substitute|p2a: Excadrill
|-start|p2a: Excadrill|Substitute
|-damage|p2a: Excadrill|69/100 brn
|
|-heal|p2a: Excadrill|76/100 brn|[from] item: Leftovers
|-damage|p2a: Excadrill|69/100 brn|[from] brn
|-ability|p1a: Sanders|Speed Boost|boost
|-boost|p1a: Sanders|spe|1
|upkeep
|turn|11
|
|t:|1776035459
|move|p1a: Sanders|Close Combat|p2a: Excadrill
|-supereffective|p2a: Excadrill
|-end|p2a: Excadrill|Substitute
|-unboost|p1a: Sanders|def|1
|-unboost|p1a: Sanders|spd|1
|move|p2a: Excadrill|Earthquake|p1a: Sanders
|-supereffective|p1a: Sanders
|-damage|p1a: Sanders|0 fnt
|faint|p1a: Sanders
|
|-heal|p2a: Excadrill|76/100 brn|[from] item: Leftovers
|-damage|p2a: Excadrill|69/100 brn|[from] brn
|upkeep
|
|t:|1776035470
|switch|p1a: The Gecko|Sceptile, M|100/100
|turn|12
|
|t:|1776035473
|switch|p2a: Toxapex|Toxapex, M|100/100 brn
|move|p1a: The Gecko|Swords Dance|p1a: The Gecko
|-boost|p1a: The Gecko|atk|2
|
|-damage|p2a: Toxapex|95/100 brn|[from] brn
|upkeep
|turn|13
|
|t:|1776035483
|move|p1a: The Gecko|Swords Dance|p1a: The Gecko
|-boost|p1a: The Gecko|atk|2
|move|p2a: Toxapex|Haze|p2a: Toxapex
|-clearallboost
|
|-damage|p2a: Toxapex|89/100 brn|[from] brn
|upkeep
|turn|14
|
|t:|1776035498
|move|p1a: The Gecko|Thunder Punch|p2a: Toxapex
|-supereffective|p2a: Toxapex
|-damage|p2a: Toxapex|58/100 brn
|-enditem|p2a: Toxapex|Eject Button
|
|t:|1776035511
|switch|p2a: Tornadus|Tornadus-Therian, M|100/100
|
|upkeep
|turn|15
|
|t:|1776035516
|move|p2a: Tornadus|Bleakwind Storm|p1a: The Gecko
|-supereffective|p1a: The Gecko
|-enditem|p1a: The Gecko|Focus Sash
|-damage|p1a: The Gecko|1/100
|-unboost|p1a: The Gecko|spe|1
|move|p1a: The Gecko|Swords Dance|p1a: The Gecko
|-boost|p1a: The Gecko|atk|2
|
|upkeep
|turn|16
|
|t:|1776035533
|-terastallize|p1a: The Gecko|Flying
|move|p1a: The Gecko|Acrobatics|p2a: Tornadus
|-damage|p2a: Tornadus|0 fnt
|faint|p2a: Tornadus
|
|upkeep
|
|t:|1776035540
|switch|p2a: Iron Valiant|Iron Valiant|100/100
|turn|17
|
|t:|1776035543
|move|p2a: Iron Valiant|Vacuum Wave|p1a: The Gecko
|-resisted|p1a: The Gecko
|-damage|p1a: The Gecko|0 fnt
|faint|p1a: The Gecko
|
|upkeep
|
|t:|1776035547
|switch|p1a: Iron Valiant|Iron Valiant|100/100
|turn|18
|
|t:|1776035556
|-end|p2a: Iron Valiant|Quark Drive|[silent]
|switch|p2a: Toxapex|Toxapex, M|92/100 brn
|move|p1a: Iron Valiant|Moonblast|p2a: Toxapex
|-resisted|p2a: Toxapex
|-damage|p2a: Toxapex|70/100 brn
|-damage|p1a: Iron Valiant|91/100|[from] item: Life Orb
|
|-damage|p2a: Toxapex|64/100 brn|[from] brn
|upkeep
|turn|19
|
|t:|1776035565
|move|p1a: Iron Valiant|Thunderbolt|p2a: Toxapex
|-supereffective|p2a: Toxapex
|-damage|p2a: Toxapex|10/100 brn
|-damage|p1a: Iron Valiant|81/100|[from] item: Life Orb
|move|p2a: Toxapex|Recover|p2a: Toxapex
|-heal|p2a: Toxapex|60/100 brn
|
|-damage|p2a: Toxapex|54/100 brn|[from] brn
|upkeep
|turn|20
|
|t:|1776035576
|switch|p2a: Excadrill|Excadrill, F|69/100 brn
|move|p1a: Iron Valiant|Thunderbolt|p2a: Excadrill
|-immune|p2a: Excadrill
|
|-heal|p2a: Excadrill|76/100 brn|[from] item: Leftovers
|-damage|p2a: Excadrill|69/100 brn|[from] brn
|upkeep
|turn|21
|
|t:|1776035584
|switch|p2a: Toxapex|Toxapex, M|87/100 brn
|move|p1a: Iron Valiant|Close Combat|p2a: Toxapex
|-resisted|p2a: Toxapex
|-crit|p2a: Toxapex
|-damage|p2a: Toxapex|51/100 brn
|-unboost|p1a: Iron Valiant|def|1
|-unboost|p1a: Iron Valiant|spd|1
|-damage|p1a: Iron Valiant|71/100|[from] item: Life Orb
|
|-damage|p2a: Toxapex|45/100 brn|[from] brn
|upkeep
|turn|22
|inactive|biskota1232 has 120 seconds left.
|
|t:|1776035615
|switch|p2a: Excadrill|Excadrill, F|69/100 brn
|move|p1a: Iron Valiant|Moonblast|p2a: Excadrill
|-resisted|p2a: Excadrill
|-damage|p2a: Excadrill|31/100 brn
|-damage|p1a: Iron Valiant|62/100|[from] item: Life Orb
|
|-heal|p2a: Excadrill|37/100 brn|[from] item: Leftovers
|-damage|p2a: Excadrill|31/100 brn|[from] brn
|upkeep
|turn|23
|
|t:|1776035624
|switch|p2a: Toxapex|Toxapex, M|78/100 brn
|move|p1a: Iron Valiant|Vacuum Wave|p2a: Toxapex
|-resisted|p2a: Toxapex
|-damage|p2a: Toxapex|69/100 brn
|-damage|p1a: Iron Valiant|52/100|[from] item: Life Orb
|
|-damage|p2a: Toxapex|63/100 brn|[from] brn
|upkeep
|turn|24
|
|t:|1776035634
|-end|p1a: Iron Valiant|Quark Drive|[silent]
|switch|p1a: Weezing|Weezing-Galar, M|23/100
|-ability|p1a: Weezing|Neutralizing Gas
|switch|p2a: Excadrill|Excadrill, F|31/100 brn
|
|-heal|p2a: Excadrill|37/100 brn|[from] item: Leftovers
|-heal|p1a: Weezing|29/100|[from] item: Black Sludge
|-damage|p2a: Excadrill|31/100 brn|[from] brn
|upkeep
|turn|25
|
|t:|1776035644
|-end|p1a: Weezing|ability: Neutralizing Gas
|switch|p1a: Iron Valiant|Iron Valiant|52/100
|move|p2a: Excadrill|Earthquake|p1a: Iron Valiant
|-damage|p1a: Iron Valiant|15/100
|
|-heal|p2a: Excadrill|37/100 brn|[from] item: Leftovers
|-damage|p2a: Excadrill|31/100 brn|[from] brn
|upkeep
|turn|26
|
|t:|1776035657
|move|p1a: Iron Valiant|Thunderbolt|p2a: Excadrill
|-immune|p2a: Excadrill
|move|p2a: Excadrill|Earthquake|p1a: Iron Valiant
|-damage|p1a: Iron Valiant|0 fnt
|faint|p1a: Iron Valiant
|-end|p1a: Iron Valiant|Quark Drive|[silent]
|
|-heal|p2a: Excadrill|37/100 brn|[from] item: Leftovers
|-damage|p2a: Excadrill|31/100 brn|[from] brn
|upkeep
|
|t:|1776035665
|switch|p1a: Weezing|Weezing-Galar, M|29/100
|-ability|p1a: Weezing|Neutralizing Gas
|turn|27
|
|t:|1776035670
|move|p2a: Excadrill|Earthquake|p1a: Weezing
|-supereffective|p1a: Weezing
|-damage|p1a: Weezing|0 fnt
|faint|p1a: Weezing
|-end|p1a: Weezing|ability: Neutralizing Gas
|
|win|biskota1232
|raw|bbruvakylee's rating: 1129 &rarr; <strong>1106</strong><br />(-23 for losing)
|raw|biskota1232's rating: 1159 &rarr; <strong>1182</strong><br />(+23 for winning)
|l| ohko_smeargle
|l|☆bbruvakylee
|player|p1|
