|html|<div class="broadcast-blue"><strong>[Gen 9] OU is currently suspecting Tera Blast! For information on how to participate check out the <a href="https://www.smogon.com/tools/suspects/view/200">suspect thread</a>.</strong></div>
|j|☆bidofo
|j|☆HigherThanRotom-F
|t:|1776040747
|gametype|singles
|player|p1|bidofo|265|1692
|player|p2|HigherThanRotom-F|zinnia|1645
|gen|9
|tier|[Gen 9] OU
|rated|
|rule|HP Percentage Mod: HP is shown in percentages
|rule|Endless Battle Clause: Forcing endless battles is banned
|rule|Species Clause: Limit one of each Pokémon
|rule|OHKO Clause: OHKO moves are banned
|rule|Evasion Items Clause: Evasion items are banned
|rule|Evasion Moves Clause: Evasion moves are banned
|rule|Evasion Abilities Clause: Evasion abilities are banned
|rule|Sleep Moves Clause: Sleep-inducing moves are banned
|clearpoke
|poke|p1|Garganacl, F|
|poke|p1|Primarina, M|
|poke|p1|Dragapult, M|
|poke|p1|Corviknight, F|
|poke|p1|Gliscor, F|
|poke|p1|Darkrai|
|poke|p2|Pelipper, F|
|poke|p2|Raging Bolt|
|poke|p2|Overqwil, M|
|poke|p2|Barraskewda, F|
|poke|p2|Iron Treads|
|poke|p2|Kingambit, F|
|teampreview
|inactive|Battle timer is ON: inactive players will automatically lose when time's up. (requested by HigherThanRotom-F)
|
|t:|1776040779
|teamsize|p1|6
|teamsize|p2|6
|start
|switch|p1a: Primarina|Primarina, M|100/100
|switch|p2a: Iron Treads|Iron Treads|100/100
|-enditem|p2a: Iron Treads|Booster Energy
|-activate|p2a: Iron Treads|ability: Quark Drive|[fromitem]
|-start|p2a: Iron Treads|quarkdrivespe
|turn|1
|inactive|HigherThanRotom-F has 120 seconds left.
|
|t:|1776040821
|move|p2a: Iron Treads|Stealth Rock|p1a: Primarina
|-sidestart|p1: bidofo|move: Stealth Rock
|move|p1a: Primarina|Surf|p2a: Iron Treads
|-supereffective|p2a: Iron Treads
|-crit|p2a: Iron Treads
|-damage|p2a: Iron Treads|0 fnt
|faint|p2a: Iron Treads
|-end|p2a: Iron Treads|Quark Drive|[silent]
|
|upkeep
|
|t:|1776040827
|switch|p2a: Overqwil|Overqwil, M|100/100
|turn|2
|
|t:|1776040837
|switch|p2a: Pelipper|Pelipper, F|100/100
|-weather|RainDance|[from] ability: Drizzle|[of] p2a: Pelipper
|switch|p1a: Corviknight|Corviknight, F|100/100
|-damage|p1a: Corviknight|88/100|[from] Stealth Rock
|-ability|p1a: Corviknight|Pressure
|
|-weather|RainDance|[upkeep]
|-heal|p1a: Corviknight|94/100|[from] item: Leftovers
|upkeep
|turn|3
|
|t:|1776040842
|move|p1a: Corviknight|Defog|p2a: Pelipper
|-unboost|p2a: Pelipper|evasion|1
|-sideend|p1: bidofo|Stealth Rock|[from] move: Defog|[of] p1a: Corviknight
|move|p2a: Pelipper|U-turn|p1a: Corviknight
|-resisted|p1a: Corviknight
|-damage|p1a: Corviknight|92/100
|
|t:|1776040844
|switch|p2a: Raging Bolt|Raging Bolt|100/100|[from] U-turn
|-enditem|p2a: Raging Bolt|Booster Energy
|-activate|p2a: Raging Bolt|ability: Protosynthesis|[fromitem]
|-start|p2a: Raging Bolt|protosynthesisspa
|
|-weather|RainDance|[upkeep]
|-heal|p1a: Corviknight|98/100|[from] item: Leftovers
|upkeep
|turn|4
|
|t:|1776040849
|move|p2a: Raging Bolt|Weather Ball|p1a: Corviknight
|-damage|p1a: Corviknight|44/100
|move|p1a: Corviknight|U-turn|p2a: Raging Bolt
|-damage|p2a: Raging Bolt|88/100
|
|t:|1776040853
|switch|p1a: Dragapult|Dragapult, M|100/100|[from] U-turn
|
|-weather|RainDance|[upkeep]
|upkeep
|turn|5
|
|t:|1776040861
|-end|p2a: Raging Bolt|Protosynthesis|[silent]
|switch|p2a: Overqwil|Overqwil, M|100/100
|move|p1a: Dragapult|U-turn|p2a: Overqwil
|-damage|p2a: Overqwil|61/100
|
|t:|1776040874
|switch|p1a: Corviknight|Corviknight, F|44/100|[from] U-turn
|-ability|p1a: Corviknight|Pressure
|
|-weather|RainDance|[upkeep]
|-heal|p1a: Corviknight|50/100|[from] item: Leftovers
|upkeep
|turn|6
|
|t:|1776040879
|move|p2a: Overqwil|Swords Dance|p2a: Overqwil
|-boost|p2a: Overqwil|atk|2
|move|p1a: Corviknight|Brave Bird|p2a: Overqwil
|-damage|p2a: Overqwil|23/100
|-damage|p1a: Corviknight|40/100|[from] Recoil
|
|-weather|RainDance|[upkeep]
|-heal|p1a: Corviknight|46/100|[from] item: Leftovers
|upkeep
|turn|7
|j| Easontom
|
|t:|1776040883
|move|p2a: Overqwil|Crunch|p1a: Corviknight
|-crit|p1a: Corviknight
|-damage|p1a: Corviknight|0 fnt
|faint|p1a: Corviknight
|-damage|p2a: Overqwil|14/100|[from] item: Life Orb
|
|-weather|RainDance|[upkeep]
|upkeep
|
|t:|1776040894
|switch|p1a: Dragapult|Dragapult, M|100/100
|turn|8
|
|t:|1776040899
|move|p1a: Dragapult|Sucker Punch|p2a: Overqwil
|-resisted|p2a: Overqwil
|-damage|p2a: Overqwil|0 fnt
|faint|p2a: Overqwil
|
|-weather|RainDance|[upkeep]
|upkeep
|j| raditzisthebest
|
|t:|1776040904
|switch|p2a: Barraskewda|Barraskewda, F|100/100
|turn|9
|
|t:|1776040908
|switch|p1a: Primarina|Primarina, M|100/100
|move|p2a: Barraskewda|Liquidation|p1a: Primarina
|-resisted|p1a: Primarina
|-damage|p1a: Primarina|27/100
|-unboost|p1a: Primarina|def|1
|
|-weather|none
|-heal|p1a: Primarina|33/100|[from] item: Leftovers
|upkeep
|turn|10
|
|t:|1776040917
|switch|p1a: Dragapult|Dragapult, M|100/100
|move|p2a: Barraskewda|Liquidation|p1a: Dragapult
|-resisted|p1a: Dragapult
|-damage|p1a: Dragapult|56/100
|
|upkeep
|turn|11
|
|t:|1776040922
|switch|p2a: Pelipper|Pelipper, F|100/100
|-weather|RainDance|[from] ability: Drizzle|[of] p2a: Pelipper
|move|p1a: Dragapult|Dragon Darts|p2a: Pelipper
|-damage|p2a: Pelipper|74/100
|-anim|p1a: Dragapult|Dragon Darts|p2a: Pelipper
|-damage|p2a: Pelipper|45/100
|
|-weather|RainDance|[upkeep]
|upkeep
|turn|12
|
|t:|1776040932
|move|p1a: Dragapult|Dragon Darts|p2a: Pelipper
|-damage|p2a: Pelipper|18/100
|-anim|p1a: Dragapult|Dragon Darts|p2a: Pelipper
|-damage|p2a: Pelipper|0 fnt
|faint|p2a: Pelipper
|
|-weather|RainDance|[upkeep]
|upkeep
|
|t:|1776040934
|switch|p2a: Barraskewda|Barraskewda, F|100/100
|turn|13
|
|t:|1776040941
|move|p2a: Barraskewda|Liquidation|p1a: Dragapult
|-resisted|p1a: Dragapult
|-damage|p1a: Dragapult|0 fnt
|faint|p1a: Dragapult
|
|-weather|RainDance|[upkeep]
|upkeep
|
|t:|1776040948
|switch|p1a: Gliscor|Gliscor, F|100/100
|turn|14
|
|t:|1776040954
|move|p1a: Gliscor|Protect|p1a: Gliscor
|-singleturn|p1a: Gliscor|Protect
|move|p2a: Barraskewda|Liquidation|p1a: Gliscor
|-activate|p1a: Gliscor|move: Protect
|
|-weather|RainDance|[upkeep]
|-status|p1a: Gliscor|tox|[from] item: Toxic Orb
|upkeep
|turn|15
|j| tickle me girble
|
|t:|1776040959
|-terastallize|p1a: Gliscor|Water
|move|p2a: Barraskewda|Liquidation|p1a: Gliscor
|-resisted|p1a: Gliscor
|-damage|p1a: Gliscor|68/100 tox
|move|p1a: Gliscor|Earthquake|p2a: Barraskewda
|-damage|p2a: Barraskewda|39/100
|
|-weather|RainDance|[upkeep]
|-heal|p1a: Gliscor|81/100 tox|[from] ability: Poison Heal
|upkeep
|turn|16
|l| tickle me girble
|j| sharkerthantheteal
|
|t:|1776040976
|move|p1a: Gliscor|Protect|p1a: Gliscor
|-singleturn|p1a: Gliscor|Protect
|move|p2a: Barraskewda|Liquidation|p1a: Gliscor
|-activate|p1a: Gliscor|move: Protect
|
|-weather|RainDance|[upkeep]
|-heal|p1a: Gliscor|93/100 tox|[from] ability: Poison Heal
|upkeep
|turn|17
|
|t:|1776040978
|move|p2a: Barraskewda|Liquidation|p1a: Gliscor
|-resisted|p1a: Gliscor
|-damage|p1a: Gliscor|61/100 tox
|-unboost|p1a: Gliscor|def|1
|move|p1a: Gliscor|Earthquake|p2a: Barraskewda
|-damage|p2a: Barraskewda|0 fnt
|faint|p2a: Barraskewda
|
|-weather|RainDance|[upkeep]
|-heal|p1a: Gliscor|73/100 tox|[from] ability: Poison Heal
|upkeep
|
|t:|1776040980
|switch|p2a: Raging Bolt|Raging Bolt|88/100
|turn|18
|
|t:|1776040982
|switch|p1a: Primarina|Primarina, M|33/100
|move|p2a: Raging Bolt|Thunder|p1a: Primarina
|-supereffective|p1a: Primarina
|-damage|p1a: Primarina|0 fnt
|faint|p1a: Primarina
|
|-weather|none
|upkeep
|
|t:|1776040985
|switch|p1a: Garganacl|Garganacl, F|100/100
|turn|19
|
|t:|1776040988
|-end|p2a: Raging Bolt|Protosynthesis|[silent]
|switch|p2a: Kingambit|Kingambit, F|100/100
|-activate|p2a: Kingambit|ability: Supreme Overlord
|-start|p2a: Kingambit|fallen4|[silent]
|move|p1a: Garganacl|Salt Cure|p2a: Kingambit
|-resisted|p2a: Kingambit
|-damage|p2a: Kingambit|96/100
|-start|p2a: Kingambit|Salt Cure
|
|-heal|p2a: Kingambit|100/100|[from] item: Leftovers
|-damage|p2a: Kingambit|76/100|[from] Salt Cure
|upkeep
|turn|20
|j| muquito
|j| tickle me girble
|
|t:|1776040991
|switch|p1a: Darkrai|Darkrai|100/100
|move|p2a: Kingambit|Swords Dance|p2a: Kingambit
|-boost|p2a: Kingambit|atk|2
|
|-heal|p2a: Kingambit|82/100|[from] item: Leftovers
|-damage|p2a: Kingambit|57/100|[from] Salt Cure
|upkeep
|turn|21
|
|t:|1776040993
|move|p1a: Darkrai|Trick|p2a: Kingambit
|-activate|p1a: Darkrai|move: Trick|[of] p2a: Kingambit
|-item|p2a: Kingambit|Choice Scarf|[from] move: Trick
|-item|p1a: Darkrai|Leftovers|[from] move: Trick
|move|p2a: Kingambit|Iron Head|p1a: Darkrai
|-damage|p1a: Darkrai|0 fnt
|faint|p1a: Darkrai
|
|-damage|p2a: Kingambit|32/100|[from] Salt Cure
|upkeep
|
|t:|1776040996
|switch|p1a: Gliscor|Gliscor, F, tera:Water|73/100 tox
|turn|22
|
|t:|1776041003
|-end|p2a: Kingambit|fallen4|[silent]
|switch|p2a: Raging Bolt|Raging Bolt|88/100
|move|p1a: Gliscor|Earthquake|p2a: Raging Bolt
|-supereffective|p2a: Raging Bolt
|-damage|p2a: Raging Bolt|30/100
|
|-heal|p1a: Gliscor|86/100 tox|[from] ability: Poison Heal
|upkeep
|turn|23
|
|t:|1776041007
|move|p1a: Gliscor|Protect|p1a: Gliscor
|-singleturn|p1a: Gliscor|Protect
|move|p2a: Raging Bolt|Thunderclap||[still]
|-fail|p2a: Raging Bolt
|
|-heal|p1a: Gliscor|98/100 tox|[from] ability: Poison Heal
|upkeep
|turn|24
|
|t:|1776041010
|move|p2a: Raging Bolt|Thunderclap|p1a: Gliscor
|-supereffective|p1a: Gliscor
|-damage|p1a: Gliscor|0 fnt
|faint|p1a: Gliscor
|
|upkeep
|
|t:|1776041014
|switch|p1a: Garganacl|Garganacl, F|100/100
|turn|25
|
|t:|1776041019
|move|p2a: Raging Bolt|Thunder|p1a: Garganacl|[miss]
|-miss|p2a: Raging Bolt|p1a: Garganacl
|move|p1a: Garganacl|Salt Cure|p2a: Raging Bolt
|-damage|p2a: Raging Bolt|17/100
|-start|p2a: Raging Bolt|Salt Cure
|
|-damage|p2a: Raging Bolt|5/100|[from] Salt Cure
|upkeep
|turn|26
|
|t:|1776041021
|move|p1a: Garganacl|Protect|p1a: Garganacl
|-singleturn|p1a: Garganacl|Protect
|move|p2a: Raging Bolt|Thunder|p1a: Garganacl
|-activate|p1a: Garganacl|move: Protect
|
|-damage|p2a: Raging Bolt|0 fnt|[from] Salt Cure
|faint|p2a: Raging Bolt
|-end|p2a: Raging Bolt|Protosynthesis|[silent]
|upkeep
|
|t:|1776041023
|switch|p2a: Kingambit|Kingambit, F|32/100
|-activate|p2a: Kingambit|ability: Supreme Overlord
|-start|p2a: Kingambit|fallen5|[silent]
|turn|27
|
|t:|1776041028
|-terastallize|p2a: Kingambit|Dark
|move|p2a: Kingambit|Iron Head|p1a: Garganacl
|-supereffective|p1a: Garganacl
|-damage|p1a: Garganacl|9/100
|cant|p1a: Garganacl|flinch
|
|-heal|p1a: Garganacl|16/100|[from] item: Leftovers
|upkeep
|turn|28
|
|t:|1776041033
|move|p2a: Kingambit|Iron Head|p1a: Garganacl
|-supereffective|p1a: Garganacl
|-damage|p1a: Garganacl|0 fnt
|faint|p1a: Garganacl
|
|win|HigherThanRotom-F
|raw|bidofo's rating: 1692 &rarr; <strong>1669</strong><br />(-23 for losing)
|raw|HigherThanRotom-F's rating: 1645 &rarr; <strong>1668</strong><br />(+23 for winning)
|l|☆HigherThanRotom-F
|player|p2|
|l| Easontom
|l|☆bidofo
|player|p1|
|l| tickle me girble
|c| sharkerthantheteal|sweet
|l| raditzisthebest
|l| sharkerthantheteal
|j| sharkerthantheteal
|l| muquito
