|html|<div class="broadcast-blue"><strong>[Gen 9] OU is currently suspecting Tera Blast! For information on how to participate check out the <a href="https://www.smogon.com/tools/suspects/view/200">suspect thread</a>.</strong></div>
|j|☆gultyluxury
|j|☆magistermilitum420
|t:|1776306159
|gametype|singles
|player|p1|gultyluxury|bellelba|1380
|player|p2|magistermilitum420|blue|1340
|gen|9
|tier|[Gen 9] OU
|rated|
|rule|HP Percentage Mod: HP is shown in percentages
|rule|Endless Battle Clause: Forcing endless battles is banned
|rule|Species Clause: Limit one of each Pokémon
|rule|OHKO Clause: OHKO moves are banned
|rule|Evasion Items Clause: Evasion items are banned
|rule|Evasion Moves Clause: Evasion moves are banned
|rule|Evasion Abilities Clause: Evasion abilities are banned
|rule|Sleep Moves Clause: Sleep-inducing moves are banned
|clearpoke
|poke|p1|Cinderace, F|
|poke|p1|Gholdengo|
|poke|p1|Glimmora, F|
|poke|p1|Garganacl, F|
|poke|p1|Raging Bolt|
|poke|p1|Dragonite, F|
|poke|p2|Meowscarada, F|
|poke|p2|Great Tusk|
|poke|p2|Alomomola, M|
|poke|p2|Slowking-Galar, M|
|poke|p2|Iron Valiant|
|poke|p2|Heatran, F|
|teampreview
|inactive|Battle timer is ON: inactive players will automatically lose when time's up. (requested by magistermilitum420)
|
|t:|1776306208
|teamsize|p1|6
|teamsize|p2|6
|start
|switch|p1a: Gyaru|Cinderace, F, shiny|100/100
|switch|p2a: Barca|Great Tusk|100/100
|turn|1
|
|t:|1776306216
|-end|p2a: Barca|Protosynthesis|[silent]
|switch|p2a: Charybdis|Alomomola, M, shiny|100/100
|move|p1a: Gyaru|U-turn|p2a: Charybdis
|-start|p1a: Gyaru|typechange|Bug|[from] ability: Libero
|-damage|p2a: Charybdis|81/100
|-damage|p1a: Gyaru|84/100|[from] item: Rocky Helmet|[of] p2a: Charybdis
|
|t:|1776306241
|switch|p1a: Glimmora|Glimmora, F, shiny|100/100|[from] U-turn
|
|upkeep
|turn|2
|
|t:|1776306247
|switch|p2a: Mithridates|Slowking-Galar, M|100/100
|move|p1a: Glimmora|Stealth Rock|p2a: Mithridates
|-sidestart|p2: magistermilitum420|move: Stealth Rock
|
|upkeep
|turn|3
|
|t:|1776306253
|move|p1a: Glimmora|Earth Power|p2a: Mithridates
|-supereffective|p2a: Mithridates
|-damage|p2a: Mithridates|70/100
|move|p2a: Mithridates|Psychic Noise|p1a: Glimmora
|-supereffective|p1a: Glimmora
|-damage|p1a: Glimmora|14/100
|-start|p1a: Glimmora|move: Heal Block
|
|upkeep
|turn|4
|
|t:|1776306264
|switch|p1a: Gholdengo|Gholdengo|100/100
|move|p2a: Mithridates|Psychic Noise|p1a: Gholdengo
|-resisted|p1a: Gholdengo
|-damage|p1a: Gholdengo|79/100
|-start|p1a: Gholdengo|move: Heal Block
|
|upkeep
|turn|5
|
|t:|1776306276
|move|p1a: Gholdengo|Trick|p2a: Mithridates
|-activate|p1a: Gholdengo|move: Trick|[of] p2a: Mithridates
|-item|p2a: Mithridates|Choice Scarf|[from] move: Trick
|-item|p1a: Gholdengo|Assault Vest|[from] move: Trick
|move|p2a: Mithridates|Future Sight|p1a: Gholdengo
|-start|p2a: Mithridates|move: Future Sight
|
|-end|p1a: Gholdengo|move: Heal Block
|upkeep
|turn|6
|
|t:|1776306297
|switch|p2a: Mahad|Meowscarada, F, shiny|100/100
|-damage|p2a: Mahad|88/100|[from] Stealth Rock
|move|p1a: Gholdengo|Make It Rain|p2a: Mahad
|-damage|p2a: Mahad|0 fnt
|-unboost|p1a: Gholdengo|spa|1
|faint|p2a: Mahad
|
|upkeep
|
|t:|1776306312
|switch|p2a: Barca|Great Tusk|100/100
|-damage|p2a: Barca|98/100|[from] Stealth Rock
|turn|7
|
|t:|1776306315
|switch|p1a: Glimmora|Glimmora, F, shiny|14/100
|move|p2a: Barca|Earthquake|p1a: Glimmora
|-supereffective|p1a: Glimmora
|-damage|p1a: Glimmora|0 fnt
|-activate|p1a: Glimmora|ability: Toxic Debris
|-sidestart|p2: magistermilitum420|move: Toxic Spikes
|faint|p1a: Glimmora
|
|-hint|Future Sight did not hit because the target is fainted.
|-heal|p2a: Barca|100/100|[from] item: Leftovers
|upkeep
|inactive|gultyluxury has 120 seconds left.
|
|t:|1776306356
|switch|p1a: Garganacl|Garganacl, F|100/100
|turn|8
|
|t:|1776306364
|move|p2a: Barca|Rapid Spin|p1a: Garganacl
|-resisted|p1a: Garganacl
|-damage|p1a: Garganacl|97/100
|-boost|p2a: Barca|spe|1
|-sideend|p2: magistermilitum420|Toxic Spikes|[from] move: Rapid Spin|[of] p2a: Barca
|-sideend|p2: magistermilitum420|Stealth Rock|[from] move: Rapid Spin|[of] p2a: Barca
|move|p1a: Garganacl|Iron Defense|p1a: Garganacl
|-boost|p1a: Garganacl|def|2
|
|-heal|p1a: Garganacl|100/100|[from] item: Leftovers
|upkeep
|turn|9
|
|t:|1776306384
|-end|p2a: Barca|Protosynthesis|[silent]
|switch|p2a: Charybdis|Alomomola, M, shiny|100/100
|move|p1a: Garganacl|Salt Cure|p2a: Charybdis
|-damage|p2a: Charybdis|92/100
|-start|p2a: Charybdis|Salt Cure
|
|-damage|p2a: Charybdis|68/100|[from] Salt Cure
|upkeep
|turn|10
|
|t:|1776306392
|move|p2a: Charybdis|Scald|p1a: Garganacl
|-supereffective|p1a: Garganacl
|-damage|p1a: Garganacl|74/100
|move|p1a: Garganacl|Iron Defense|p1a: Garganacl
|-boost|p1a: Garganacl|def|2
|
|-heal|p1a: Garganacl|80/100|[from] item: Leftovers
|-damage|p2a: Charybdis|43/100|[from] Salt Cure
|upkeep
|turn|11
|
|t:|1776306400
|move|p2a: Charybdis|Flip Turn|p1a: Garganacl
|-supereffective|p1a: Garganacl
|-damage|p1a: Garganacl|75/100
|
|t:|1776306404
|switch|p2a: Barca|Great Tusk|100/100|[from] Flip Turn
|move|p1a: Garganacl|Iron Defense|p1a: Garganacl
|-boost|p1a: Garganacl|def|2
|
|-heal|p1a: Garganacl|81/100|[from] item: Leftovers
|upkeep
|turn|12
|
|t:|1776306413
|move|p2a: Barca|Knock Off|p1a: Garganacl
|-damage|p1a: Garganacl|77/100
|-enditem|p1a: Garganacl|Leftovers|[from] move: Knock Off|[of] p2a: Barca
|move|p1a: Garganacl|Salt Cure|p2a: Barca
|-resisted|p2a: Barca
|-damage|p2a: Barca|99/100
|-start|p2a: Barca|Salt Cure
|
|-heal|p2a: Barca|100/100|[from] item: Leftovers
|-damage|p2a: Barca|88/100|[from] Salt Cure
|upkeep
|turn|13
|
|t:|1776306424
|move|p2a: Barca|Stealth Rock|p1a: Garganacl
|-sidestart|p1: gultyluxury|move: Stealth Rock
|move|p1a: Garganacl|Body Press|p2a: Barca
|-damage|p2a: Barca|30/100
|
|-heal|p2a: Barca|36/100|[from] item: Leftovers
|-damage|p2a: Barca|23/100|[from] Salt Cure
|upkeep
|turn|14
|
|t:|1776306439
|-end|p2a: Barca|Protosynthesis|[silent]
|switch|p2a: Pallas|Iron Valiant, shiny|100/100
|-enditem|p2a: Pallas|Booster Energy
|-activate|p2a: Pallas|ability: Quark Drive|[fromitem]
|-start|p2a: Pallas|quarkdrivespe
|move|p1a: Garganacl|Recover|p1a: Garganacl
|-heal|p1a: Garganacl|100/100
|
|upkeep
|turn|15
|
|t:|1776306461
|-terastallize|p1a: Garganacl|Ghost
|move|p2a: Pallas|Encore|p1a: Garganacl
|-start|p1a: Garganacl|Encore
|move|p1a: Garganacl|Recover||[still]
|-fail|p1a: Garganacl|heal
|
|upkeep
|turn|16
|
|t:|1776306469
|switch|p1a: Gyaru|Cinderace, F, shiny|84/100
|-damage|p1a: Gyaru|59/100|[from] Stealth Rock
|move|p2a: Pallas|Moonblast|p1a: Gyaru
|-resisted|p1a: Gyaru
|-damage|p1a: Gyaru|27/100
|
|upkeep
|turn|17
|
|t:|1776306476
|move|p1a: Gyaru|Gunk Shot|p2a: Pallas|[miss]
|-start|p1a: Gyaru|typechange|Poison|[from] ability: Libero
|-miss|p1a: Gyaru|p2a: Pallas
|move|p2a: Pallas|Knock Off|p1a: Gyaru
|-damage|p1a: Gyaru|0 fnt
|-enditem|p1a: Gyaru|Choice Scarf|[from] move: Knock Off|[of] p2a: Pallas
|faint|p1a: Gyaru
|
|upkeep
|
|t:|1776306482
|switch|p1a: Gholdengo|Gholdengo|79/100
|-damage|p1a: Gholdengo|73/100|[from] Stealth Rock
|turn|18
|
|t:|1776306489
|move|p2a: Pallas|Knock Off|p1a: Gholdengo
|-supereffective|p1a: Gholdengo
|-damage|p1a: Gholdengo|5/100
|-enditem|p1a: Gholdengo|Assault Vest|[from] move: Knock Off|[of] p2a: Pallas
|move|p1a: Gholdengo|Shadow Ball|p2a: Pallas
|-damage|p2a: Pallas|15/100
|
|upkeep
|turn|19
|
|t:|1776306496
|move|p2a: Pallas|Knock Off|p1a: Gholdengo
|-supereffective|p1a: Gholdengo
|-damage|p1a: Gholdengo|0 fnt
|faint|p1a: Gholdengo
|
|upkeep
|
|t:|1776306499
|switch|p1a: Raging Bolt|Raging Bolt|100/100
|-damage|p1a: Raging Bolt|88/100|[from] Stealth Rock
|-enditem|p1a: Raging Bolt|Booster Energy
|-activate|p1a: Raging Bolt|ability: Protosynthesis|[fromitem]
|-start|p1a: Raging Bolt|protosynthesisspa
|turn|20
|
|t:|1776306509
|-end|p2a: Pallas|Quark Drive|[silent]
|switch|p2a: Mithridates|Slowking-Galar, M|100/100
|move|p1a: Raging Bolt|Draco Meteor|p2a: Mithridates
|-damage|p2a: Mithridates|27/100
|-unboost|p1a: Raging Bolt|spa|2
|
|upkeep
|turn|21
|
|t:|1776306535
|-end|p1a: Raging Bolt|Protosynthesis|[silent]
|switch|p1a: Garganacl|Garganacl, F, tera:Ghost|100/100
|-damage|p1a: Garganacl|88/100|[from] Stealth Rock
|switch|p2a: Pallas|Iron Valiant, shiny|15/100
|
|upkeep
|turn|22
|inactive|magistermilitum420 has 120 seconds left.
|
|t:|1776306555
|-end|p2a: Pallas|Quark Drive|[silent]
|switch|p2a: Charybdis|Alomomola, M, shiny|76/100
|move|p1a: Garganacl|Salt Cure|p2a: Charybdis
|-damage|p2a: Charybdis|68/100
|-start|p2a: Charybdis|Salt Cure
|
|-damage|p2a: Charybdis|44/100|[from] Salt Cure
|upkeep
|turn|23
|inactive|magistermilitum420 has 120 seconds left.
|
|t:|1776306570
|-terastallize|p2a: Charybdis|Ghost
|move|p2a: Charybdis|Wish|p2a: Charybdis
|move|p1a: Garganacl|Iron Defense|p1a: Garganacl
|-boost|p1a: Garganacl|def|2
|
|-damage|p2a: Charybdis|31/100|[from] Salt Cure
|upkeep
|turn|24
|inactive|magistermilitum420 has 120 seconds left.
|
|t:|1776306587
|move|p2a: Charybdis|Flip Turn|p1a: Garganacl
|-damage|p1a: Garganacl|84/100
|
|t:|1776306590
|switch|p2a: Pallas|Iron Valiant, shiny|15/100|[from] Flip Turn
|move|p1a: Garganacl|Salt Cure|p2a: Pallas
|-resisted|p2a: Pallas
|-damage|p2a: Pallas|7/100
|-start|p2a: Pallas|Salt Cure
|
|-heal|p2a: Pallas|99/100|[from] move: Wish|[wisher] Charybdis
|-damage|p2a: Pallas|87/100|[from] Salt Cure
|upkeep
|turn|25
|
|t:|1776306604
|move|p2a: Pallas|Moonblast|p1a: Garganacl
|-damage|p1a: Garganacl|43/100
|move|p1a: Garganacl|Salt Cure|p2a: Pallas
|-resisted|p2a: Pallas
|-damage|p2a: Pallas|78/100
|
|-damage|p2a: Pallas|65/100|[from] Salt Cure
|upkeep
|turn|26
|
|t:|1776306611
|move|p2a: Pallas|Moonblast|p1a: Garganacl
|-damage|p1a: Garganacl|0 fnt
|faint|p1a: Garganacl
|
|-damage|p2a: Pallas|53/100|[from] Salt Cure
|upkeep
|
|t:|1776306621
|switch|p1a: Raging Bolt|Raging Bolt|88/100
|-damage|p1a: Raging Bolt|76/100|[from] Stealth Rock
|turn|27
|
|t:|1776306629
|move|p1a: Raging Bolt|Thunderclap|p2a: Pallas
|-damage|p2a: Pallas|0 fnt
|faint|p2a: Pallas
|-end|p2a: Pallas|Quark Drive|[silent]
|
|upkeep
|
|t:|1776306642
|switch|p2a: Mithridates|Slowking-Galar, M|60/100
|turn|28
|
|t:|1776306663
|switch|p2a: Barca|Great Tusk|23/100
|move|p1a: Raging Bolt|Rising Voltage|p2a: Barca
|-immune|p2a: Barca
|
|-heal|p2a: Barca|30/100|[from] item: Leftovers
|upkeep
|turn|29
|inactive|magistermilitum420 has 120 seconds left.
|
|t:|1776306681
|move|p2a: Barca|Knock Off|p1a: Raging Bolt
|-damage|p1a: Raging Bolt|61/100
|move|p1a: Raging Bolt|Draco Meteor|p2a: Barca
|-crit|p2a: Barca
|-damage|p2a: Barca|0 fnt
|-unboost|p1a: Raging Bolt|spa|2
|faint|p2a: Barca
|-end|p2a: Barca|Protosynthesis|[silent]
|
|upkeep
|inactive|magistermilitum420 has 120 seconds left.
|
|t:|1776306689
|switch|p2a: Mithridates|Slowking-Galar, M|93/100
|turn|30
|
|t:|1776306693
|move|p1a: Raging Bolt|Calm Mind|p1a: Raging Bolt
|-boost|p1a: Raging Bolt|spa|1
|-boost|p1a: Raging Bolt|spd|1
|move|p2a: Mithridates|Sludge Bomb|p1a: Raging Bolt
|-damage|p1a: Raging Bolt|38/100
|
|upkeep
|turn|31
|
|t:|1776306699
|move|p1a: Raging Bolt|Calm Mind|p1a: Raging Bolt
|-boost|p1a: Raging Bolt|spa|1
|-boost|p1a: Raging Bolt|spd|1
|move|p2a: Mithridates|Sludge Bomb|p1a: Raging Bolt
|-crit|p1a: Raging Bolt
|-damage|p1a: Raging Bolt|0 fnt
|faint|p1a: Raging Bolt
|-end|p1a: Raging Bolt|Protosynthesis|[silent]
|
|upkeep
|c|☆gultyluxury|bruh
|
|t:|1776306705
|switch|p1a: Dragonite|Dragonite, F|100/100
|-damage|p1a: Dragonite|76/100|[from] Stealth Rock
|turn|32
|
|t:|1776306709
|move|p1a: Dragonite|Earthquake|p2a: Mithridates
|-supereffective|p2a: Mithridates
|-damage|p2a: Mithridates|0 fnt
|faint|p2a: Mithridates
|
|upkeep
|
|t:|1776306714
|switch|p2a: Charybdis|Alomomola, M, shiny, tera:Ghost|65/100
|turn|33
|
|t:|1776306717
|move|p1a: Dragonite|Earthquake|p2a: Charybdis
|-damage|p2a: Charybdis|32/100
|move|p2a: Charybdis|Scald|p1a: Dragonite
|-resisted|p1a: Dragonite
|-damage|p1a: Dragonite|70/100
|
|upkeep
|turn|34
|
|t:|1776306723
|move|p1a: Dragonite|Earthquake|p2a: Charybdis
|-damage|p2a: Charybdis|2/100
|move|p2a: Charybdis|Scald|p1a: Dragonite
|-resisted|p1a: Dragonite
|-damage|p1a: Dragonite|64/100
|-status|p1a: Dragonite|brn
|
|-damage|p1a: Dragonite|57/100 brn|[from] brn
|upkeep
|turn|35
|c|☆gultyluxury|fuuuck dude
|
|t:|1776306735
|move|p2a: Charybdis|Protect|p2a: Charybdis
|-singleturn|p2a: Charybdis|Protect
|move|p1a: Dragonite|Earthquake|p2a: Charybdis
|-activate|p2a: Charybdis|move: Protect
|
|-damage|p1a: Dragonite|51/100 brn|[from] brn
|upkeep
|turn|36
|c|☆gultyluxury|scald always feels like 100% when that happens to me
|
|t:|1776306743
|move|p1a: Dragonite|Earthquake|p2a: Charybdis
|-damage|p2a: Charybdis|0 fnt
|faint|p2a: Charybdis
|
|-damage|p1a: Dragonite|45/100 brn|[from] brn
|upkeep
|
|t:|1776306748
|switch|p2a: Vulcanus|Heatran, F, shiny|100/100
|turn|37
|
|t:|1776306752
|move|p2a: Vulcanus|Flash Cannon|p1a: Dragonite
|-damage|p1a: Dragonite|0 fnt
|faint|p1a: Dragonite
|
|win|magistermilitum420
|raw|gultyluxury's rating: 1380 &rarr; <strong>1358</strong><br />(-22 for losing)
|raw|magistermilitum420's rating: 1340 &rarr; <strong>1362</strong><br />(+22 for winning)
|l|☆gultyluxury
|player|p1|
