|html|<div class="broadcast-blue"><strong>[Gen 9] OU is currently suspecting Tera Blast! For information on how to participate check out the <a href="https://www.smogon.com/tools/suspects/view/200">suspect thread</a>.</strong></div>
|j|☆Garchomp_roxx
|j|☆ford24
|inactive|Battle timer is ON: inactive players will automatically lose when time's up.
|t:|1776139280
|gametype|singles
|player|p1|Garchomp_roxx|smasher|
|player|p2|ford24|wattson|
|gen|9
|tier|[Gen 9] OU
|rated|Tournament battle
|rule|HP Percentage Mod: HP is shown in percentages
|rule|Endless Battle Clause: Forcing endless battles is banned
|rule|Species Clause: Limit one of each Pokémon
|rule|OHKO Clause: OHKO moves are banned
|rule|Evasion Items Clause: Evasion items are banned
|rule|Evasion Moves Clause: Evasion moves are banned
|rule|Evasion Abilities Clause: Evasion abilities are banned
|rule|Sleep Moves Clause: Sleep-inducing moves are banned
|clearpoke
|poke|p1|Darkrai|
|poke|p1|Ninetales-Alola, M|
|poke|p1|Garchomp, M|
|poke|p1|Ceruledge, F|
|poke|p1|Kingambit, M|
|poke|p1|Araquanid, M|
|poke|p2|Kyurem|
|poke|p2|Rillaboom, M|
|poke|p2|Pecharunt|
|poke|p2|Iron Treads|
|poke|p2|Zamazenta-*|
|poke|p2|Glimmora, M|
|teampreview
|inactive|Garchomp_roxx also wants the timer to be on.
|j|*Lady Monita 
|j| pitterpatatbat
|j| Carloos
|j| Rats220
|inactive|ford24 has 120 seconds left.
|
|t:|1776139326
|teamsize|p1|6
|teamsize|p2|6
|start
|switch|p1a: Ninetales|Ninetales-Alola, M|100/100
|switch|p2a: Zamazenta|Zamazenta|100/100
|-ability|p2a: Zamazenta|Dauntless Shield|boost
|-boost|p2a: Zamazenta|def|1
|-weather|Snowscape|[from] ability: Snow Warning|[of] p1a: Ninetales
|turn|1
|
|t:|1776139334
|move|p2a: Zamazenta|Heavy Slam|p1a: Ninetales
|-supereffective|p1a: Ninetales
|-damage|p1a: Ninetales|0 fnt
|faint|p1a: Ninetales
|
|-weather|Snowscape|[upkeep]
|upkeep
|
|t:|1776139354
|switch|p1a: Ceruledge|Ceruledge, F|100/100
|turn|2
|
|t:|1776139361
|move|p2a: Zamazenta|Stone Edge|p1a: Ceruledge|[miss]
|-miss|p2a: Zamazenta|p1a: Ceruledge
|move|p1a: Ceruledge|Swords Dance|p1a: Ceruledge
|-boost|p1a: Ceruledge|atk|2
|
|-weather|Snowscape|[upkeep]
|upkeep
|turn|3
|j| SmilingTamamonomae
|
|t:|1776139366
|move|p2a: Zamazenta|Iron Defense|p2a: Zamazenta
|-boost|p2a: Zamazenta|def|2
|move|p1a: Ceruledge|Bitter Blade|p2a: Zamazenta
|-damage|p2a: Zamazenta|72/100
|
|-weather|Snowscape|[upkeep]
|-heal|p2a: Zamazenta|78/100|[from] item: Leftovers
|upkeep
|turn|4
|
|t:|1776139374
|move|p2a: Zamazenta|Iron Defense|p2a: Zamazenta
|-boost|p2a: Zamazenta|def|2
|move|p1a: Ceruledge|Swords Dance|p1a: Ceruledge
|-boost|p1a: Ceruledge|atk|2
|
|-weather|Snowscape|[upkeep]
|-heal|p2a: Zamazenta|84/100|[from] item: Leftovers
|upkeep
|turn|5
|
|t:|1776139379
|-terastallize|p2a: Zamazenta|Fire
|move|p2a: Zamazenta|Stone Edge|p1a: Ceruledge
|-supereffective|p1a: Ceruledge
|-damage|p1a: Ceruledge|28/100
|-ability|p1a: Ceruledge|Weak Armor|boost
|-unboost|p1a: Ceruledge|def|1
|-boost|p1a: Ceruledge|spe|2
|move|p1a: Ceruledge|Bitter Blade|p2a: Zamazenta
|-resisted|p2a: Zamazenta
|-damage|p2a: Zamazenta|70/100
|-heal|p1a: Ceruledge|37/100|[from] drain|[of] p2a: Zamazenta
|
|-weather|none
|-heal|p2a: Zamazenta|76/100|[from] item: Leftovers
|upkeep
|turn|6
|
|t:|1776139387
|move|p1a: Ceruledge|Close Combat|p2a: Zamazenta
|-damage|p2a: Zamazenta|51/100
|-unboost|p1a: Ceruledge|def|1
|-unboost|p1a: Ceruledge|spd|1
|move|p2a: Zamazenta|Stone Edge|p1a: Ceruledge|[miss]
|-miss|p2a: Zamazenta|p1a: Ceruledge
|
|-heal|p2a: Zamazenta|57/100|[from] item: Leftovers
|upkeep
|turn|7
|
|t:|1776139392
|move|p1a: Ceruledge|Close Combat|p2a: Zamazenta
|-damage|p2a: Zamazenta|31/100
|-unboost|p1a: Ceruledge|def|1
|-unboost|p1a: Ceruledge|spd|1
|move|p2a: Zamazenta|Stone Edge|p1a: Ceruledge
|-supereffective|p1a: Ceruledge
|-damage|p1a: Ceruledge|0 fnt
|faint|p1a: Ceruledge
|
|-heal|p2a: Zamazenta|37/100|[from] item: Leftovers
|upkeep
|
|t:|1776139397
|switch|p1a: Darkrai|Darkrai|100/100
|turn|8
|
|t:|1776139405
|-terastallize|p1a: Darkrai|Poison
|move|p2a: Zamazenta|Body Press|p1a: Darkrai
|-resisted|p1a: Darkrai
|-damage|p1a: Darkrai|19/100
|move|p1a: Darkrai|Dark Pulse|p2a: Zamazenta
|-damage|p2a: Zamazenta|0 fnt
|faint|p2a: Zamazenta
|-damage|p1a: Darkrai|9/100|[from] item: Life Orb
|
|upkeep
|
|t:|1776139418
|switch|p2a: Rillaboom|Rillaboom, M|100/100
|-fieldstart|move: Grassy Terrain|[from] ability: Grassy Surge|[of] p2a: Rillaboom
|turn|9
|
|t:|1776139421
|move|p2a: Rillaboom|Grassy Glide|p1a: Darkrai
|-resisted|p1a: Darkrai
|-damage|p1a: Darkrai|0 fnt
|faint|p1a: Darkrai
|
|upkeep
|
|t:|1776139425
|switch|p1a: Araquanid|Araquanid, M|100/100
|turn|10
|
|t:|1776139431
|switch|p2a: Pecharunt|Pecharunt|100/100
|move|p1a: Araquanid|Sticky Web|p2a: Pecharunt
|-sidestart|p2: ford24|move: Sticky Web
|
|upkeep
|turn|11
|
|t:|1776139440
|move|p2a: Pecharunt|Malignant Chain|p1a: Araquanid
|-damage|p1a: Araquanid|76/100
|move|p1a: Araquanid|Liquidation|p2a: Pecharunt
|-damage|p2a: Pecharunt|62/100
|
|-heal|p2a: Pecharunt|68/100|[from] Grassy Terrain
|-heal|p1a: Araquanid|82/100|[from] Grassy Terrain
|upkeep
|turn|12
|
|t:|1776139448
|switch|p1a: Kingambit|Kingambit, M|100/100
|-activate|p1a: Kingambit|ability: Supreme Overlord
|-start|p1a: Kingambit|fallen3|[silent]
|move|p2a: Pecharunt|Recover|p2a: Pecharunt
|-heal|p2a: Pecharunt|100/100
|
|upkeep
|turn|13
|
|t:|1776139452
|move|p2a: Pecharunt|Parting Shot|p1a: Kingambit
|-unboost|p1a: Kingambit|atk|1
|-unboost|p1a: Kingambit|spa|1
|
|t:|1776139460
|switch|p2a: Iron Treads|Iron Treads|100/100|[from] Parting Shot
|-activate|p2a: Iron Treads|move: Sticky Web
|-unboost|p2a: Iron Treads|spe|1
|move|p1a: Kingambit|Swords Dance|p1a: Kingambit
|-boost|p1a: Kingambit|atk|2
|
|-fieldend|move: Grassy Terrain
|upkeep
|turn|14
|l| pitterpatatbat
|
|t:|1776139484
|move|p1a: Kingambit|Sucker Punch|p2a: Iron Treads
|-damage|p2a: Iron Treads|12/100
|-damage|p1a: Kingambit|91/100|[from] item: Life Orb
|move|p2a: Iron Treads|Rapid Spin|p1a: Kingambit
|-resisted|p1a: Kingambit
|-damage|p1a: Kingambit|85/100
|-boost|p2a: Iron Treads|spe|1
|-sideend|p2: ford24|Sticky Web|[from] move: Rapid Spin|[of] p2a: Iron Treads
|
|upkeep
|turn|15
|
|t:|1776139495
|move|p1a: Kingambit|Sucker Punch|p2a: Iron Treads
|-damage|p2a: Iron Treads|0 fnt
|faint|p2a: Iron Treads
|-end|p2a: Iron Treads|Quark Drive|[silent]
|-damage|p1a: Kingambit|75/100|[from] item: Life Orb
|
|upkeep
|
|t:|1776139497
|switch|p2a: Glimmora|Glimmora, M|100/100
|turn|16
|
|t:|1776139505
|move|p1a: Kingambit|Sucker Punch|p2a: Glimmora
|-enditem|p2a: Glimmora|Focus Sash
|-damage|p2a: Glimmora|1/100
|-activate|p2a: Glimmora|ability: Toxic Debris
|-sidestart|p1: Garchomp_roxx|move: Toxic Spikes
|-damage|p1a: Kingambit|66/100|[from] item: Life Orb
|move|p2a: Glimmora|Earth Power|p1a: Kingambit
|-supereffective|p1a: Kingambit
|-crit|p1a: Kingambit
|-damage|p1a: Kingambit|0 fnt
|faint|p1a: Kingambit
|-end|p1a: Kingambit|fallen3|[silent]
|
|upkeep
|j| ihateclodsire
|
|t:|1776139525
|switch|p1a: Garchomp|Garchomp, M|100/100
|-status|p1a: Garchomp|psn
|turn|17
|
|t:|1776139534
|move|p1a: Garchomp|Earthquake|p2a: Glimmora
|-supereffective|p2a: Glimmora
|-damage|p2a: Glimmora|0 fnt
|-activate|p2a: Glimmora|ability: Toxic Debris
|-sidestart|p1: Garchomp_roxx|move: Toxic Spikes
|faint|p2a: Glimmora
|
|-damage|p1a: Garchomp|88/100 psn|[from] psn
|upkeep
|
|t:|1776139541
|switch|p2a: Rillaboom|Rillaboom, M|100/100
|-fieldstart|move: Grassy Terrain|[from] ability: Grassy Surge|[of] p2a: Rillaboom
|turn|18
|
|t:|1776139547
|switch|p2a: Pecharunt|Pecharunt|100/100
|move|p1a: Garchomp|Scale Shot|p2a: Pecharunt|[miss]
|-miss|p1a: Garchomp|p2a: Pecharunt
|
|-heal|p1a: Garchomp|94/100 psn|[from] Grassy Terrain
|-damage|p1a: Garchomp|82/100 psn|[from] psn
|upkeep
|turn|19
|
|t:|1776139552
|move|p1a: Garchomp|Swords Dance|p1a: Garchomp
|-boost|p1a: Garchomp|atk|2
|move|p2a: Pecharunt|Parting Shot|p1a: Garchomp
|-unboost|p1a: Garchomp|atk|1
|-unboost|p1a: Garchomp|spa|1
|
|t:|1776139558
|switch|p2a: Kyurem|Kyurem|100/100|[from] Parting Shot
|-ability|p2a: Kyurem|Pressure
|
|-heal|p1a: Garchomp|88/100 psn|[from] Grassy Terrain
|-damage|p1a: Garchomp|76/100 psn|[from] psn
|upkeep
|turn|20
|
|t:|1776139565
|move|p1a: Garchomp|Iron Head|p2a: Kyurem
|-supereffective|p2a: Kyurem
|-damage|p2a: Kyurem|29/100
|move|p2a: Kyurem|Freeze-Dry|p1a: Garchomp
|-supereffective|p1a: Garchomp
|-damage|p1a: Garchomp|0 fnt
|faint|p1a: Garchomp
|
|-heal|p2a: Kyurem|35/100|[from] Grassy Terrain
|-heal|p2a: Kyurem|41/100|[from] item: Leftovers
|upkeep
|
|t:|1776139572
|switch|p1a: Araquanid|Araquanid, M|82/100
|-status|p1a: Araquanid|tox
|turn|21
|c|☆Garchomp_roxx|GG
|
|t:|1776139578
|move|p2a: Kyurem|Freeze-Dry|p1a: Araquanid
|-supereffective|p1a: Araquanid
|-damage|p1a: Araquanid|21/100 tox
|move|p1a: Araquanid|Lunge|p2a: Kyurem
|-damage|p2a: Kyurem|12/100
|-unboost|p2a: Kyurem|atk|1
|
|-heal|p2a: Kyurem|19/100|[from] Grassy Terrain
|-heal|p2a: Kyurem|25/100|[from] item: Leftovers
|-heal|p1a: Araquanid|27/100 tox|[from] Grassy Terrain
|-damage|p1a: Araquanid|21/100 tox|[from] psn
|upkeep
|turn|22
|l| SmilingTamamonomae
|c|☆ford24|gg
|
|t:|1776139585
|move|p2a: Kyurem|Freeze-Dry|p1a: Araquanid
|-supereffective|p1a: Araquanid
|-damage|p1a: Araquanid|0 fnt
|faint|p1a: Araquanid
|
|win|ford24
|n|☆Garchomp_roxx|garchomproxx
|n|☆ford24|ford24
|n|*Lady Monita |ladymonita
|n| Carloos|carloos
|n| Rats220|rats220
|n| ihateclodsire|ihateclodsire
