|html|<div class="broadcast-blue"><strong>[Gen 9] OU is currently suspecting Volcarona! For information on how to participate check out the <a href="https://www.smogon.com/tools/suspects/view/208">suspect thread</a>.</strong></div>
|j|☆YooChiJin
|j|☆S_I_M_P_5
|t:|1778503410
|gametype|singles
|player|p1|YooChiJin|rancher|1117
|player|p2|S_I_M_P_5|266|1120
|gen|9
|tier|[Gen 9] OU
|rated|
|rule|HP Percentage Mod: HP is shown in percentages
|rule|Endless Battle Clause: Forcing endless battles is banned
|rule|Species Clause: Limit one of each Pokémon
|rule|OHKO Clause: OHKO moves are banned
|rule|Evasion Items Clause: Evasion items are banned
|rule|Evasion Moves Clause: Evasion moves are banned
|rule|Evasion Abilities Clause: Evasion abilities are banned
|rule|Sleep Moves Clause: Sleep-inducing moves are banned
|clearpoke
|poke|p1|Glimmora, M|
|poke|p1|Minior-Green|
|poke|p1|Corviknight, M|
|poke|p1|Kingambit, F|
|poke|p1|Garganacl, M|
|poke|p1|Ogerpon-Wellspring, F|
|poke|p2|Zapdos|
|poke|p2|Iron Treads|
|poke|p2|Samurott-Hisui, M|
|poke|p2|Ceruledge, M|
|poke|p2|Gholdengo|
|poke|p2|Kingambit, M|
|teampreview
|inactive|Battle timer is ON: inactive players will automatically lose when time's up. (requested by YooChiJin)
|inactive|S_I_M_P_5 has 120 seconds left.
|inactive|S_I_M_P_5 has 90 seconds left.
|
|t:|1778503494
|teamsize|p1|6
|teamsize|p2|6
|start
|switch|p1a: Glimmora|Glimmora, M|100/100
|switch|p2a: Iron Treads|Iron Treads, shiny|100/100
|turn|1
|
|t:|1778503500
|move|p2a: Iron Treads|Earthquake|p1a: Glimmora
|-supereffective|p1a: Glimmora
|-enditem|p1a: Glimmora|Focus Sash
|-damage|p1a: Glimmora|1/100
|-activate|p1a: Glimmora|ability: Toxic Debris
|-sidestart|p2: S_I_M_P_5|move: Toxic Spikes
|move|p1a: Glimmora|Earth Power|p2a: Iron Treads
|-supereffective|p2a: Iron Treads
|-damage|p2a: Iron Treads|9/100
|-unboost|p2a: Iron Treads|spd|1
|
|-heal|p2a: Iron Treads|15/100|[from] item: Leftovers
|upkeep
|turn|2
|
|t:|1778503512
|move|p2a: Iron Treads|Rapid Spin|p1a: Glimmora
|-resisted|p1a: Glimmora
|-damage|p1a: Glimmora|0 fnt
|-boost|p2a: Iron Treads|spe|1
|-activate|p1a: Glimmora|ability: Toxic Debris
|-sidestart|p2: S_I_M_P_5|move: Toxic Spikes
|-sideend|p2: S_I_M_P_5|Toxic Spikes|[from] move: Rapid Spin|[of] p2a: Iron Treads
|faint|p1a: Glimmora
|
|-heal|p2a: Iron Treads|21/100|[from] item: Leftovers
|upkeep
|
|t:|1778503520
|switch|p1a: Minior|Minior-Green|100/100
|-formechange|p1a: Minior|Minior-Meteor||[from] ability: Shields Down
|turn|3
|
|t:|1778503525
|move|p2a: Iron Treads|Knock Off|p1a: Minior
|-damage|p1a: Minior|60/100
|-enditem|p1a: Minior|Focus Sash|[from] move: Knock Off|[of] p2a: Iron Treads
|move|p1a: Minior|Shell Smash|p1a: Minior
|-unboost|p1a: Minior|def|1
|-unboost|p1a: Minior|spd|1
|-boost|p1a: Minior|atk|2
|-boost|p1a: Minior|spa|2
|-boost|p1a: Minior|spe|2
|
|-heal|p2a: Iron Treads|28/100|[from] item: Leftovers
|upkeep
|turn|4
|
|t:|1778503537
|move|p2a: Iron Treads|Knock Off|p1a: Minior
|-damage|p1a: Minior|23/100
|move|p1a: Minior|Earthquake|p2a: Iron Treads
|-supereffective|p2a: Iron Treads
|-damage|p2a: Iron Treads|0 fnt
|faint|p2a: Iron Treads
|-end|p2a: Iron Treads|Quark Drive|[silent]
|
|-formechange|p1a: Minior|Minior-Green||[from] ability: Shields Down
|upkeep
|
|t:|1778503542
|switch|p2a: Samurott|Samurott-Hisui, M, shiny|100/100
|turn|5
|
|t:|1778503550
|move|p2a: Samurott|Sucker Punch|p1a: Minior
|-damage|p1a: Minior|0 fnt
|faint|p1a: Minior
|
|upkeep
|
|t:|1778503556
|switch|p1a: Ogerpon|Ogerpon-Wellspring, F|100/100
|turn|6
|
|t:|1778503581
|switch|p2a: Zapdos|Zapdos, shiny|100/100
|move|p1a: Ogerpon|Swords Dance|p1a: Ogerpon
|-boost|p1a: Ogerpon|atk|2
|
|upkeep
|turn|7
|
|t:|1778503588
|move|p1a: Ogerpon|Ivy Cudgel|p2a: Zapdos|[anim] Ivy Cudgel Water
|-damage|p2a: Zapdos|22/100
|move|p2a: Zapdos|Thunder Wave|p1a: Ogerpon
|-status|p1a: Ogerpon|par
|
|upkeep
|turn|8
|-message|YooChiJin forfeited.
|
|win|S_I_M_P_5
|raw|YooChiJin's rating: 1117 &rarr; <strong>1092</strong><br />(-25 for losing)
|raw|S_I_M_P_5's rating: 1120 &rarr; <strong>1145</strong><br />(+25 for winning)
|l|☆YooChiJin
|player|p1|
|l|☆S_I_M_P_5
|player|p2|
