|html|<div class="broadcast-blue"><strong>[Gen 9] OU is currently suspecting Tera Blast! For information on how to participate check out the <a href="https://www.smogon.com/tools/suspects/view/200">suspect thread</a>.</strong></div>
|j|☆breauxdeaux
|j|☆Hike Mawk
|t:|1776281578
|gametype|singles
|player|p1|breauxdeaux|266|1162
|player|p2|Hike Mawk|riley|1130
|gen|9
|tier|[Gen 9] OU
|rated|
|rule|HP Percentage Mod: HP is shown in percentages
|rule|Endless Battle Clause: Forcing endless battles is banned
|rule|Species Clause: Limit one of each Pokémon
|rule|OHKO Clause: OHKO moves are banned
|rule|Evasion Items Clause: Evasion items are banned
|rule|Evasion Moves Clause: Evasion moves are banned
|rule|Evasion Abilities Clause: Evasion abilities are banned
|rule|Sleep Moves Clause: Sleep-inducing moves are banned
|clearpoke
|poke|p1|Hydrapple, M|
|poke|p1|Gliscor, M|
|poke|p1|Slowking-Galar, M|
|poke|p1|Cinderace, M|
|poke|p1|Kingambit, M|
|poke|p1|Iron Valiant|
|poke|p2|Gliscor, M|
|poke|p2|Clefable, F|
|poke|p2|Corviknight, M|
|poke|p2|Blissey, F|
|poke|p2|Forretress, F|
|poke|p2|Garganacl, F|
|teampreview
|inactive|Battle timer is ON: inactive players will automatically lose when time's up. (requested by breauxdeaux)
|
|t:|1776281584
|teamsize|p1|6
|teamsize|p2|6
|start
|switch|p1a: Gliscor|Gliscor, M|100/100
|switch|p2a: Rocki|Garganacl, F, shiny|100/100
|turn|1
|
|t:|1776281592
|move|p1a: Gliscor|Swords Dance|p1a: Gliscor
|-boost|p1a: Gliscor|atk|2
|move|p2a: Rocki|Stealth Rock|p1a: Gliscor
|-sidestart|p1: breauxdeaux|move: Stealth Rock
|
|-status|p1a: Gliscor|tox|[from] item: Toxic Orb
|upkeep
|turn|2
|
|t:|1776281608
|switch|p2a: Rookidon|Corviknight, M|100/100
|move|p1a: Gliscor|Swords Dance|p1a: Gliscor
|-boost|p1a: Gliscor|atk|2
|
|upkeep
|turn|3
|
|t:|1776281623
|switch|p1a: Cinderace|Cinderace, M|100/100
|move|p2a: Rookidon|Bulk Up|p2a: Rookidon
|-boost|p2a: Rookidon|atk|1
|-boost|p2a: Rookidon|def|1
|
|upkeep
|turn|4
|
|t:|1776281627
|move|p1a: Cinderace|Court Change|p1a: Cinderace
|-start|p1a: Cinderace|typechange|Normal|[from] ability: Libero
|-swapsideconditions
|-activate|p1a: Cinderace|move: Court Change
|move|p2a: Rookidon|Agility|p2a: Rookidon
|-boost|p2a: Rookidon|spe|2
|
|upkeep
|turn|5
|
|t:|1776281633
|move|p1a: Cinderace|Pyro Ball|p2a: Rookidon|[miss]
|-miss|p1a: Cinderace|p2a: Rookidon
|move|p2a: Rookidon|Agility|p2a: Rookidon
|-boost|p2a: Rookidon|spe|2
|
|upkeep
|turn|6
|
|t:|1776281641
|-terastallize|p1a: Cinderace|Fire
|move|p2a: Rookidon|Bulk Up|p2a: Rookidon
|-boost|p2a: Rookidon|atk|1
|-boost|p2a: Rookidon|def|1
|move|p1a: Cinderace|Pyro Ball|p2a: Rookidon
|-supereffective|p2a: Rookidon
|-damage|p2a: Rookidon|54/100
|-status|p2a: Rookidon|brn
|-enditem|p2a: Rookidon|Weakness Policy
|-boost|p2a: Rookidon|atk|2|[from] item: Weakness Policy
|-boost|p2a: Rookidon|spa|2|[from] item: Weakness Policy
|
|-damage|p2a: Rookidon|48/100 brn|[from] brn
|upkeep
|turn|7
|
|t:|1776281650
|move|p2a: Rookidon|Power Trip|p1a: Cinderace
|-damage|p1a: Cinderace|0 fnt
|faint|p1a: Cinderace
|
|-damage|p2a: Rookidon|41/100 brn|[from] brn
|upkeep
|
|t:|1776281661
|switch|p1a: Kingambit|Kingambit, M, shiny|100/100
|-activate|p1a: Kingambit|ability: Supreme Overlord
|-start|p1a: Kingambit|fallen1|[silent]
|-item|p1a: Kingambit|Air Balloon
|turn|8
|
|t:|1776281667
|-terastallize|p2a: Rookidon|Dark
|move|p1a: Kingambit|Sucker Punch||[still]
|-fail|p1a: Kingambit
|move|p2a: Rookidon|Roost|p2a: Rookidon
|-heal|p2a: Rookidon|91/100 brn
|
|-damage|p2a: Rookidon|85/100 brn|[from] brn
|upkeep
|turn|9
|
|t:|1776281683
|move|p2a: Rookidon|Power Trip|p1a: Kingambit
|-resisted|p1a: Kingambit
|-damage|p1a: Kingambit|24/100
|-enditem|p1a: Kingambit|Air Balloon
|move|p1a: Kingambit|Low Kick|p2a: Rookidon
|-supereffective|p2a: Rookidon
|-damage|p2a: Rookidon|60/100 brn
|
|-damage|p2a: Rookidon|53/100 brn|[from] brn
|upkeep
|turn|10
|
|t:|1776281693
|move|p1a: Kingambit|Sucker Punch||[still]
|-fail|p1a: Kingambit
|move|p2a: Rookidon|Roost|p2a: Rookidon
|-heal|p2a: Rookidon|100/100 brn
|
|-damage|p2a: Rookidon|94/100 brn|[from] brn
|upkeep
|turn|11
|-message|breauxdeaux forfeited.
|
|win|Hike Mawk
|raw|breauxdeaux's rating: 1162 &rarr; <strong>1135</strong><br />(-27 for losing)
|raw|Hike Mawk's rating: 1130 &rarr; <strong>1157</strong><br />(+27 for winning)
|l|☆breauxdeaux
|player|p1|
