|html|<div class="broadcast-blue"><strong>[Gen 9] OU is currently suspecting Tera Blast! For information on how to participate check out the <a href="https://www.smogon.com/tools/suspects/view/200">suspect thread</a>.</strong></div>
|j|‽bird trainer Riley
|j|☆BootyGoblin64
|t:|1776114771
|gametype|singles
|player|p1|bird trainer Riley|birdkeeper-gen4dp|1231
|player|p2|BootyGoblin64|brock|1205
|gen|9
|tier|[Gen 9] OU
|rated|
|rule|HP Percentage Mod: HP is shown in percentages
|rule|Endless Battle Clause: Forcing endless battles is banned
|rule|Species Clause: Limit one of each Pokémon
|rule|OHKO Clause: OHKO moves are banned
|rule|Evasion Items Clause: Evasion items are banned
|rule|Evasion Moves Clause: Evasion moves are banned
|rule|Evasion Abilities Clause: Evasion abilities are banned
|rule|Sleep Moves Clause: Sleep-inducing moves are banned
|clearpoke
|poke|p1|Corviknight, M|
|poke|p1|Moltres|
|poke|p1|Zapdos-Galar|
|poke|p1|Toucannon, M|
|poke|p1|Kilowattrel, F|
|poke|p1|Cramorant, M|
|poke|p2|Torterra, M|
|poke|p2|Darkrai|
|poke|p2|Rotom-Wash|
|poke|p2|Azelf|
|poke|p2|Drifblim, M|
|poke|p2|Infernape, M|
|teampreview
|
|t:|1776114774
|teamsize|p1|6
|teamsize|p2|6
|start
|switch|p1a: Toucannon|Toucannon, M|100/100
|switch|p2a: Azelf|Azelf|100/100
|turn|1
|inactive|Battle timer is ON: inactive players will automatically lose when time's up. (requested by BootyGoblin64)
|
|t:|1776114779
|move|p2a: Azelf|Light Screen|p2a: Azelf
|-sidestart|p2: BootyGoblin64|move: Light Screen
|move|p1a: Toucannon|Bullet Seed|p2a: Azelf
|-damage|p2a: Azelf|82/100
|-damage|p2a: Azelf|63/100
|-damage|p2a: Azelf|44/100
|-damage|p2a: Azelf|25/100
|-damage|p2a: Azelf|7/100
|-hitcount|p2a: Azelf|5
|-damage|p1a: Toucannon|91/100|[from] item: Life Orb
|
|upkeep
|turn|2
|inactive|bird trainer Riley has 120 seconds left.
|
|t:|1776114812
|move|p2a: Azelf|Reflect|p2a: Azelf
|-sidestart|p2: BootyGoblin64|Reflect
|move|p1a: Toucannon|Bullet Seed|p2a: Azelf
|-damage|p2a: Azelf|0 fnt
|faint|p2a: Azelf
|-hitcount|p2: Azelf|1
|-damage|p1a: Toucannon|81/100|[from] item: Life Orb
|
|upkeep
|
|t:|1776114818
|switch|p2a: Torterra|Torterra, M|100/100
|turn|3
|
|t:|1776114823
|-singleturn|p1a: Toucannon|move: Beak Blast
|move|p2a: Torterra|Shell Smash|p2a: Torterra
|-unboost|p2a: Torterra|def|1
|-unboost|p2a: Torterra|spd|1
|-boost|p2a: Torterra|atk|2
|-boost|p2a: Torterra|spa|2
|-boost|p2a: Torterra|spe|2
|-enditem|p2a: Torterra|White Herb
|-clearnegativeboost|p2a: Torterra|[silent]
|move|p1a: Toucannon|Beak Blast|p2a: Torterra
|-supereffective|p2a: Torterra
|-damage|p2a: Torterra|26/100
|-damage|p1a: Toucannon|71/100|[from] item: Life Orb
|
|upkeep
|turn|4
|
|t:|1776114835
|-singleturn|p1a: Toucannon|move: Beak Blast
|move|p2a: Torterra|Stone Edge|p1a: Toucannon|[miss]
|-miss|p2a: Torterra|p1a: Toucannon
|move|p1a: Toucannon|Beak Blast|p2a: Torterra
|-supereffective|p2a: Torterra
|-damage|p2a: Torterra|0 fnt
|faint|p2a: Torterra
|-damage|p1a: Toucannon|61/100|[from] item: Life Orb
|
|upkeep
|
|t:|1776114844
|switch|p2a: Darkrai|Darkrai|100/100
|turn|5
|
|t:|1776114847
|-singleturn|p1a: Toucannon|move: Beak Blast
|move|p2a: Darkrai|Ice Beam|p1a: Toucannon
|-supereffective|p1a: Toucannon
|-damage|p1a: Toucannon|0 fnt
|faint|p1a: Toucannon
|-damage|p2a: Darkrai|91/100|[from] item: Life Orb
|
|upkeep
|
|t:|1776114855
|switch|p1a: Cramorant|Cramorant, M|100/100
|turn|6
|
|t:|1776114859
|move|p2a: Darkrai|Dark Pulse|p1a: Cramorant
|-damage|p1a: Cramorant|56/100
|-damage|p2a: Darkrai|81/100|[from] item: Life Orb
|move|p1a: Cramorant|Surf|p2a: Darkrai
|-formechange|p1a: Cramorant|Cramorant-Gulping|
|-damage|p2a: Darkrai|61/100
|
|-heal|p1a: Cramorant|62/100|[from] item: Leftovers
|upkeep
|turn|7
|
|t:|1776114868
|move|p2a: Darkrai|Dark Pulse|p1a: Cramorant
|-damage|p1a: Cramorant|17/100
|-damage|p2a: Darkrai|36/100|[from] ability: Gulp Missile|[of] p1a: Cramorant
|-unboost|p2a: Darkrai|def|1
|-formechange|p1a: Cramorant|Cramorant|
|-damage|p2a: Darkrai|26/100|[from] item: Life Orb
|move|p1a: Cramorant|Roost|p1a: Cramorant
|-heal|p1a: Cramorant|67/100
|-singleturn|p1a: Cramorant|move: Roost
|
|-heal|p1a: Cramorant|73/100|[from] item: Leftovers
|upkeep
|turn|8
|
|t:|1776114884
|switch|p2a: Rotom|Rotom-Wash|100/100
|move|p1a: Cramorant|Surf|p2a: Rotom
|-formechange|p1a: Cramorant|Cramorant-Gulping|
|-resisted|p2a: Rotom
|-damage|p2a: Rotom|91/100
|
|-heal|p2a: Rotom|97/100|[from] item: Leftovers
|-heal|p1a: Cramorant|79/100|[from] item: Leftovers
|-sideend|p2: BootyGoblin64|move: Light Screen
|upkeep
|turn|9
|
|t:|1776114894
|switch|p1a: Kilowattrel|Kilowattrel, F|100/100
|-terastallize|p2a: Rotom|Electric
|move|p2a: Rotom|Thunderbolt|p1a: Kilowattrel
|-immune|p1a: Kilowattrel|[from] ability: Volt Absorb
|
|-heal|p2a: Rotom|100/100|[from] item: Leftovers
|-sideend|p2: BootyGoblin64|Reflect
|upkeep
|turn|10
|
|t:|1776114902
|move|p1a: Kilowattrel|Air Slash|p2a: Rotom
|-resisted|p2a: Rotom
|-damage|p2a: Rotom|61/100
|cant|p2a: Rotom|flinch
|
|-heal|p2a: Rotom|67/100|[from] item: Leftovers
|upkeep
|turn|11
|
|t:|1776114910
|move|p1a: Kilowattrel|Air Slash|p2a: Rotom
|-resisted|p2a: Rotom
|-damage|p2a: Rotom|27/100
|move|p2a: Rotom|Hydro Pump|p1a: Kilowattrel
|-damage|p1a: Kilowattrel|14/100
|
|-heal|p2a: Rotom|34/100|[from] item: Leftovers
|upkeep
|turn|12
|
|t:|1776114917
|switch|p2a: Drifblim|Drifblim, M|100/100
|move|p1a: Kilowattrel|Air Slash|p2a: Drifblim
|-damage|p2a: Drifblim|29/100
|
|upkeep
|turn|13
|
|t:|1776114924
|move|p1a: Kilowattrel|Air Slash|p2a: Drifblim
|-damage|p2a: Drifblim|0 fnt
|faint|p2a: Drifblim
|
|upkeep
|
|t:|1776114932
|switch|p2a: Infernape|Infernape, M|100/100
|turn|14
|
|t:|1776114937
|move|p2a: Infernape|U-turn|p1a: Kilowattrel
|-resisted|p1a: Kilowattrel
|-damage|p1a: Kilowattrel|0 fnt
|faint|p1a: Kilowattrel
|
|t:|1776114941
|switch|p2a: Rotom|Rotom-Wash, tera:Electric|34/100|[from] U-turn
|
|-heal|p2a: Rotom|40/100|[from] item: Leftovers
|upkeep
|
|t:|1776114947
|switch|p1a: Zapdos|Zapdos-Galar|100/100
|turn|15
|
|t:|1776114951
|move|p1a: Zapdos|Brave Bird|p2a: Rotom
|-resisted|p2a: Rotom
|-damage|p2a: Rotom|0 fnt
|faint|p2a: Rotom
|-damage|p1a: Zapdos|91/100|[from] Recoil
|
|upkeep
|
|t:|1776114956
|switch|p2a: Darkrai|Darkrai|26/100
|turn|16
|
|t:|1776114959
|move|p1a: Zapdos|Brave Bird|p2a: Darkrai
|-damage|p2a: Darkrai|0 fnt
|faint|p2a: Darkrai
|-damage|p1a: Zapdos|83/100|[from] Recoil
|
|upkeep
|
|t:|1776114964
|switch|p2a: Infernape|Infernape, M|100/100
|turn|17
|
|t:|1776114968
|move|p2a: Infernape|Flare Blitz|p1a: Zapdos
|-damage|p1a: Zapdos|16/100
|-damage|p2a: Infernape|76/100|[from] Recoil
|move|p1a: Zapdos|Brave Bird|p2a: Infernape
|-supereffective|p2a: Infernape
|-damage|p2a: Infernape|0 fnt
|faint|p2a: Infernape
|-damage|p1a: Zapdos|0 fnt|[from] Recoil
|faint|p1a: Zapdos
|
|win|bird trainer Riley
|raw|bird trainer Riley's rating: 1231 &rarr; <strong>1254</strong><br />(+23 for winning)
|raw|BootyGoblin64's rating: 1205 &rarr; <strong>1182</strong><br />(-23 for losing)
|l|☆BootyGoblin64
|player|p2|
|l|‽bird trainer Riley
|player|p1|
