|html|<div class="broadcast-blue"><strong>[Gen 9] OU is currently suspecting Tera Blast! For information on how to participate check out the <a href="https://www.smogon.com/tools/suspects/view/200">suspect thread</a>.</strong></div>
|j|☆Yttyhggvxxzz
|j|☆khetsis
|t:|1776033724
|gametype|singles
|player|p1|Yttyhggvxxzz|1|1116
|player|p2|khetsis|zinzolin|1102
|gen|9
|tier|[Gen 9] OU
|rated|
|rule|HP Percentage Mod: HP is shown in percentages
|rule|Endless Battle Clause: Forcing endless battles is banned
|rule|Species Clause: Limit one of each Pokémon
|rule|OHKO Clause: OHKO moves are banned
|rule|Evasion Items Clause: Evasion items are banned
|rule|Evasion Moves Clause: Evasion moves are banned
|rule|Evasion Abilities Clause: Evasion abilities are banned
|rule|Sleep Moves Clause: Sleep-inducing moves are banned
|clearpoke
|poke|p1|Araquanid, M|
|poke|p1|Camerupt, M|
|poke|p1|Tsareena, F|
|poke|p1|Sandslash-Alola, F|
|poke|p1|Chimecho, M|
|poke|p1|Toxtricity, M|
|poke|p2|Weezing-Galar, M|
|poke|p2|Dondozo, M|
|poke|p2|Garganacl, M|
|poke|p2|Kingambit, M|
|poke|p2|Landorus-Therian, M|
|poke|p2|Raging Bolt|
|teampreview
|
|t:|1776033739
|teamsize|p1|6
|teamsize|p2|6
|start
|switch|p1a: Araquanid|Araquanid, M|100/100
|switch|p2a: Pika|Garganacl, M, shiny|100/100
|turn|1
|
|t:|1776033745
|move|p1a: Araquanid|Liquidation|p2a: Pika
|-supereffective|p2a: Pika
|-damage|p2a: Pika|4/100
|-unboost|p2a: Pika|def|1
|move|p2a: Pika|Salt Cure|p1a: Araquanid
|-supereffective|p1a: Araquanid
|-damage|p1a: Araquanid|65/100
|-start|p1a: Araquanid|Salt Cure
|
|-heal|p2a: Pika|10/100|[from] item: Leftovers
|-damage|p1a: Araquanid|40/100|[from] Salt Cure
|upkeep
|turn|2
|inactive|Battle timer is ON: inactive players will automatically lose when time's up. (requested by Yttyhggvxxzz)
|
|t:|1776033772
|switch|p2a: #THECODFATHER|Dondozo, M, shiny|100/100
|move|p1a: Araquanid|Liquidation|p2a: #THECODFATHER
|-resisted|p2a: #THECODFATHER
|-damage|p2a: #THECODFATHER|83/100
|
|-heal|p2a: #THECODFATHER|89/100|[from] item: Leftovers
|-damage|p1a: Araquanid|16/100|[from] Salt Cure
|upkeep
|turn|3
|
|t:|1776033783
|move|p1a: Araquanid|Sticky Web|p2a: #THECODFATHER
|-sidestart|p2: khetsis|move: Sticky Web
|move|p2a: #THECODFATHER|Avalanche|p1a: Araquanid
|-resisted|p1a: Araquanid
|-damage|p1a: Araquanid|8/100
|
|-heal|p2a: #THECODFATHER|96/100|[from] item: Leftovers
|-damage|p1a: Araquanid|0 fnt|[from] Salt Cure
|faint|p1a: Araquanid
|upkeep
|
|t:|1776033792
|switch|p1a: Toxtricity|Toxtricity, M|100/100
|turn|4
|
|t:|1776033798
|move|p1a: Toxtricity|Overdrive|p2a: #THECODFATHER
|-supereffective|p2a: #THECODFATHER
|-damage|p2a: #THECODFATHER|0 fnt
|faint|p2a: #THECODFATHER
|-enditem|p1a: Toxtricity|Throat Spray
|-boost|p1a: Toxtricity|spa|1|[from] item: Throat Spray
|
|upkeep
|
|t:|1776033806
|switch|p2a: Pika|Garganacl, M, shiny|10/100
|-activate|p2a: Pika|move: Sticky Web
|-unboost|p2a: Pika|spe|1
|turn|5
|
|t:|1776033811
|move|p1a: Toxtricity|Overdrive|p2a: Pika
|-damage|p2a: Pika|0 fnt
|faint|p2a: Pika
|
|upkeep
|
|t:|1776033817
|switch|p2a: Nekomamushi|Landorus-Therian, M|100/100
|-ability|p2a: Nekomamushi|Intimidate|boost
|-unboost|p1a: Toxtricity|atk|1
|turn|6
|
|t:|1776033822
|move|p2a: Nekomamushi|Earthquake|p1a: Toxtricity
|-supereffective|p1a: Toxtricity
|-damage|p1a: Toxtricity|0 fnt
|faint|p1a: Toxtricity
|
|upkeep
|
|t:|1776033826
|switch|p1a: Chimecho|Chimecho, M|100/100
|turn|7
|
|t:|1776033830
|move|p2a: Nekomamushi|Earthquake|p1a: Chimecho
|-immune|p1a: Chimecho|[from] ability: Levitate
|move|p1a: Chimecho|Future Sight|p2a: Nekomamushi
|-start|p1a: Chimecho|move: Future Sight
|
|upkeep
|turn|8
|
|t:|1776033836
|move|p2a: Nekomamushi|Outrage|p1a: Chimecho
|-damage|p1a: Chimecho|44/100
|move|p1a: Chimecho|Wish|p1a: Chimecho
|
|upkeep
|turn|9
|
|t:|1776033853
|switch|p1a: Tsareena|Tsareena, F|100/100
|move|p2a: Nekomamushi|Outrage|p1a: Tsareena|[from] lockedmove
|-damage|p1a: Tsareena|37/100
|
|-end|p2a: Nekomamushi|move: Future Sight
|-damage|p2a: Nekomamushi|50/100
|-heal|p1a: Tsareena|99/100|[from] move: Wish|[wisher] Chimecho
|-heal|p2a: Nekomamushi|56/100|[from] item: Leftovers
|upkeep
|turn|10
|
|t:|1776033866
|move|p1a: Tsareena|Triple Axel|p2a: Nekomamushi
|-supereffective|p2a: Nekomamushi
|-damage|p2a: Nekomamushi|30/100
|-supereffective|p2a: Nekomamushi
|-damage|p2a: Nekomamushi|0 fnt
|faint|p2a: Nekomamushi
|-hitcount|p2: Nekomamushi|2
|
|upkeep
|
|t:|1776033875
|switch|p2a: Warcury|Weezing-Galar, M, shiny|100/100
|-ability|p2a: Warcury|Neutralizing Gas
|-activate|p2a: Warcury|move: Sticky Web
|-unboost|p2a: Warcury|spe|1
|turn|11
|
|t:|1776033881
|switch|p1a: Chimecho|Chimecho, M|44/100
|move|p2a: Warcury|Gunk Shot|p1a: Chimecho|[miss]
|-miss|p2a: Warcury|p1a: Chimecho
|
|upkeep
|turn|12
|
|t:|1776033889
|move|p1a: Chimecho|Recover|p1a: Chimecho
|-heal|p1a: Chimecho|94/100
|move|p2a: Warcury|Strange Steam|p1a: Chimecho
|-damage|p1a: Chimecho|66/100
|
|upkeep
|turn|13
|
|t:|1776033897
|move|p1a: Chimecho|Future Sight|p2a: Warcury
|-start|p1a: Chimecho|move: Future Sight
|move|p2a: Warcury|Gunk Shot|p1a: Chimecho
|-damage|p1a: Chimecho|28/100
|
|upkeep
|turn|14
|
|t:|1776033907
|move|p1a: Chimecho|Recover|p1a: Chimecho
|-heal|p1a: Chimecho|78/100
|move|p2a: Warcury|Strange Steam|p1a: Chimecho
|-crit|p1a: Chimecho
|-damage|p1a: Chimecho|37/100
|
|upkeep
|turn|15
|
|t:|1776033913
|switch|p1a: Camerupt|Camerupt, M|100/100
|move|p2a: Warcury|Strange Steam|p1a: Camerupt
|-resisted|p1a: Camerupt
|-damage|p1a: Camerupt|78/100
|
|-end|p2a: Warcury|move: Future Sight
|-supereffective|p2a: Warcury
|-damage|p2a: Warcury|0 fnt
|faint|p2a: Warcury
|-end|p2a: Warcury|ability: Neutralizing Gas
|-heal|p1a: Camerupt|84/100|[from] item: Leftovers
|upkeep
|
|t:|1776033928
|switch|p2a: Kogan|Kingambit, M|100/100
|-activate|p2a: Kogan|move: Sticky Web
|-unboost|p2a: Kogan|spe|1
|-activate|p2a: Kogan|ability: Supreme Overlord
|-start|p2a: Kogan|fallen4|[silent]
|turn|16
|
|t:|1776033942
|-terastallize|p2a: Kogan|Flying
|move|p2a: Kogan|Sucker Punch||[still]
|-fail|p2a: Kogan
|move|p1a: Camerupt|Stockpile|p1a: Camerupt
|-start|p1a: Camerupt|stockpile1
|-boost|p1a: Camerupt|def|1
|-boost|p1a: Camerupt|spd|1
|
|-heal|p1a: Camerupt|90/100|[from] item: Leftovers
|upkeep
|turn|17
|
|t:|1776033958
|-terastallize|p1a: Camerupt|Fire
|move|p2a: Kogan|Sucker Punch|p1a: Camerupt
|-damage|p1a: Camerupt|40/100
|move|p1a: Camerupt|Flamethrower|p2a: Kogan
|-crit|p2a: Kogan
|-damage|p2a: Kogan|44/100
|
|-heal|p1a: Camerupt|46/100|[from] item: Leftovers
|upkeep
|turn|18
|
|t:|1776033968
|move|p2a: Kogan|Sucker Punch||[still]
|-fail|p2a: Kogan
|move|p1a: Camerupt|Stockpile|p1a: Camerupt
|-start|p1a: Camerupt|stockpile2
|-boost|p1a: Camerupt|def|1
|-boost|p1a: Camerupt|spd|1
|
|-heal|p1a: Camerupt|52/100|[from] item: Leftovers
|upkeep
|turn|19
|
|t:|1776033983
|move|p1a: Camerupt|Flamethrower|p2a: Kogan
|-damage|p2a: Kogan|5/100
|-status|p2a: Kogan|brn
|move|p2a: Kogan|Foul Play|p1a: Camerupt
|-damage|p1a: Camerupt|40/100
|
|-heal|p1a: Camerupt|46/100|[from] item: Leftovers
|-damage|p2a: Kogan|0 fnt|[from] brn
|faint|p2a: Kogan
|-end|p2a: Kogan|fallen4|[silent]
|upkeep
|
|t:|1776033995
|switch|p2a: Eneru|Raging Bolt|100/100
|-activate|p2a: Eneru|move: Sticky Web
|-unboost|p2a: Eneru|spe|1
|-enditem|p2a: Eneru|Booster Energy
|-activate|p2a: Eneru|ability: Protosynthesis|[fromitem]
|-start|p2a: Eneru|protosynthesisspa
|turn|20
|
|t:|1776034004
|move|p2a: Eneru|Draco Meteor|p1a: Camerupt
|-damage|p1a: Camerupt|0 fnt
|-unboost|p2a: Eneru|spa|2
|faint|p1a: Camerupt
|
|upkeep
|
|t:|1776034010
|switch|p1a: Sandslash|Sandslash-Alola, F|100/100
|turn|21
|
|t:|1776034018
|move|p2a: Eneru|Thunderclap|p1a: Sandslash
|-damage|p1a: Sandslash|65/100
|move|p1a: Sandslash|Icicle Crash|p2a: Eneru
|-supereffective|p2a: Eneru
|-damage|p2a: Eneru|36/100
|
|upkeep
|turn|22
|
|t:|1776034024
|move|p1a: Sandslash|Icicle Crash|p2a: Eneru
|-supereffective|p2a: Eneru
|-damage|p2a: Eneru|0 fnt
|faint|p2a: Eneru
|-end|p2a: Eneru|Protosynthesis|[silent]
|
|win|Yttyhggvxxzz
|raw|Yttyhggvxxzz's rating: 1116 &rarr; <strong>1140</strong><br />(+24 for winning)
|raw|khetsis's rating: 1102 &rarr; <strong>1078</strong><br />(-24 for losing)
|l|☆Yttyhggvxxzz
|player|p1|
|l|☆khetsis
|player|p2|
