|html|<div class="broadcast-blue"><strong>[Gen 9] OU is currently suspecting Tera Blast! For information on how to participate check out the <a href="https://www.smogon.com/tools/suspects/view/200">suspect thread</a>.</strong></div>
|j|☆Littk16
|j|☆TheDarkzi_
|t:|1776117049
|gametype|singles
|player|p1|Littk16|cyrus|1053
|player|p2|TheDarkzi_|1|1100
|gen|9
|tier|[Gen 9] OU
|rated|
|rule|HP Percentage Mod: HP is shown in percentages
|rule|Endless Battle Clause: Forcing endless battles is banned
|rule|Species Clause: Limit one of each Pokémon
|rule|OHKO Clause: OHKO moves are banned
|rule|Evasion Items Clause: Evasion items are banned
|rule|Evasion Moves Clause: Evasion moves are banned
|rule|Evasion Abilities Clause: Evasion abilities are banned
|rule|Sleep Moves Clause: Sleep-inducing moves are banned
|clearpoke
|poke|p1|Toxtricity, F|
|poke|p1|Palossand, F|
|poke|p1|Clawitzer, M|
|poke|p1|Arcanine, M|
|poke|p1|Torterra, M|
|poke|p1|Altaria, M|
|poke|p2|Clefairy, F|
|poke|p2|Toxapex, F|
|poke|p2|Greninja-*, M|
|poke|p2|Gholdengo|
|poke|p2|Dragonite, M|
|poke|p2|Kingambit, F|
|teampreview
|j| ohko_smeargle
|inactive|Battle timer is ON: inactive players will automatically lose when time's up. (requested by TheDarkzi_)
|
|t:|1776117077
|teamsize|p1|6
|teamsize|p2|6
|start
|switch|p1a: Clawitzer|Clawitzer, M, shiny|100/100
|switch|p2a: Toxapex|Toxapex, F|100/100
|turn|1
|
|t:|1776117095
|move|p1a: Clawitzer|Dark Pulse|p2a: Toxapex
|-damage|p2a: Toxapex|70/100
|move|p2a: Toxapex|Toxic Spikes|p1a: Clawitzer
|-sidestart|p1: Littk16|move: Toxic Spikes
|
|-heal|p2a: Toxapex|76/100|[from] item: Black Sludge
|upkeep
|turn|2
|
|t:|1776117107
|move|p1a: Clawitzer|Dark Pulse|p2a: Toxapex
|-crit|p2a: Toxapex
|-damage|p2a: Toxapex|31/100
|cant|p2a: Toxapex|flinch
|
|-heal|p2a: Toxapex|37/100|[from] item: Black Sludge
|upkeep
|turn|3
|
|t:|1776117116
|move|p1a: Clawitzer|Dark Pulse|p2a: Toxapex
|-damage|p2a: Toxapex|7/100
|move|p2a: Toxapex|Recover|p2a: Toxapex
|-heal|p2a: Toxapex|57/100
|
|-heal|p2a: Toxapex|63/100|[from] item: Black Sludge
|upkeep
|turn|4
|
|t:|1776117124
|move|p1a: Clawitzer|Dark Pulse|p2a: Toxapex
|-damage|p2a: Toxapex|32/100
|cant|p2a: Toxapex|flinch
|
|-heal|p2a: Toxapex|38/100|[from] item: Black Sludge
|upkeep
|turn|5
|
|t:|1776117133
|switch|p2a: Kingambit|Kingambit, F|100/100
|move|p1a: Clawitzer|Dark Pulse|p2a: Kingambit
|-resisted|p2a: Kingambit
|-damage|p2a: Kingambit|81/100
|
|upkeep
|turn|6
|
|t:|1776117144
|move|p1a: Clawitzer|Aura Sphere|p2a: Kingambit
|-supereffective|p2a: Kingambit
|-damage|p2a: Kingambit|0 fnt
|faint|p2a: Kingambit
|-end|p2a: Kingambit|fallenundefined|[silent]
|
|upkeep
|
|t:|1776117159
|switch|p2a: Clefairy|Clefairy, F|100/100
|turn|7
|
|t:|1776117165
|move|p1a: Clawitzer|Dark Pulse|p2a: Clefairy
|-resisted|p2a: Clefairy
|-damage|p2a: Clefairy|81/100
|move|p2a: Clefairy|Thunder Wave|p1a: Clawitzer
|-status|p1a: Clawitzer|par
|
|upkeep
|turn|8
|
|t:|1776117176
|move|p2a: Clefairy|Stealth Rock|p1a: Clawitzer
|-sidestart|p1: Littk16|move: Stealth Rock
|move|p1a: Clawitzer|Water Pulse|p2a: Clefairy
|-damage|p2a: Clefairy|40/100
|-start|p2a: Clefairy|confusion
|
|upkeep
|turn|9
|
|t:|1776117199
|-activate|p2a: Clefairy|confusion
|move|p2a: Clefairy|Moonblast|p1a: Clawitzer
|-damage|p1a: Clawitzer|78/100 par
|-unboost|p1a: Clawitzer|spa|1
|move|p1a: Clawitzer|Water Pulse|p2a: Clefairy
|-damage|p2a: Clefairy|11/100
|
|upkeep
|turn|10
|
|t:|1776117208
|-activate|p2a: Clefairy|confusion
|-damage|p2a: Clefairy|6/100|[from] confusion
|move|p1a: Clawitzer|Water Pulse|p2a: Clefairy
|-damage|p2a: Clefairy|0 fnt
|faint|p2a: Clefairy
|
|upkeep
|
|t:|1776117213
|switch|p2a: Gholdengo|Gholdengo|100/100
|turn|11
|
|t:|1776117221
|move|p2a: Gholdengo|Trick|p1a: Clawitzer
|-activate|p2a: Gholdengo|move: Trick|[of] p1a: Clawitzer
|-item|p1a: Clawitzer|Choice Specs|[from] move: Trick
|-item|p2a: Gholdengo|Expert Belt|[from] move: Trick
|cant|p1a: Clawitzer|par
|
|upkeep
|turn|12
|
|t:|1776117227
|move|p2a: Gholdengo|Focus Blast|p1a: Clawitzer|[miss]
|-miss|p2a: Gholdengo|p1a: Clawitzer
|move|p1a: Clawitzer|Dark Pulse|p2a: Gholdengo
|-supereffective|p2a: Gholdengo
|-damage|p2a: Gholdengo|10/100
|
|upkeep
|turn|13
|
|t:|1776117235
|move|p2a: Gholdengo|Shadow Ball|p1a: Clawitzer
|-damage|p1a: Clawitzer|30/100 par
|cant|p1a: Clawitzer|par
|
|upkeep
|turn|14
|
|t:|1776117241
|move|p2a: Gholdengo|Shadow Ball|p1a: Clawitzer
|-damage|p1a: Clawitzer|0 fnt
|faint|p1a: Clawitzer
|
|upkeep
|
|t:|1776117246
|switch|p1a: Arcanine|Arcanine, M|100/100
|-status|p1a: Arcanine|psn
|-damage|p1a: Arcanine|76/100 psn|[from] Stealth Rock
|-ability|p1a: Arcanine|Intimidate|boost
|-unboost|p2a: Gholdengo|atk|1
|turn|15
|
|t:|1776117257
|move|p1a: Arcanine|Flare Blitz|p2a: Gholdengo
|-supereffective|p2a: Gholdengo
|-damage|p2a: Gholdengo|0 fnt
|faint|p2a: Gholdengo
|-damage|p1a: Arcanine|72/100 psn|[from] Recoil
|-damage|p1a: Arcanine|62/100 psn|[from] item: Life Orb
|
|-damage|p1a: Arcanine|50/100 psn|[from] psn
|upkeep
|
|t:|1776117260
|switch|p2a: Greninja|Greninja, M|100/100
|turn|16
|
|t:|1776117270
|switch|p1a: Toxtricity|Toxtricity, F|100/100
|-sideend|p1: Littk16|move: Toxic Spikes|[of] p1a: Toxtricity
|-damage|p1a: Toxtricity|88/100|[from] Stealth Rock
|move|p2a: Greninja|Hydro Pump|p1a: Toxtricity
|-start|p2a: Greninja|typechange|Water|[from] ability: Protean
|-damage|p1a: Toxtricity|0 fnt
|faint|p1a: Toxtricity
|-damage|p2a: Greninja|91/100|[from] item: Life Orb
|
|upkeep
|
|t:|1776117282
|switch|p1a: Palossand|Palossand, F, shiny|100/100
|-damage|p1a: Palossand|94/100|[from] Stealth Rock
|turn|17
|
|t:|1776117291
|move|p2a: Greninja|Dark Pulse|p1a: Palossand
|-supereffective|p1a: Palossand
|-damage|p1a: Palossand|22/100
|-damage|p2a: Greninja|81/100|[from] item: Life Orb
|cant|p1a: Palossand|flinch
|
|-heal|p1a: Palossand|28/100|[from] item: Leftovers
|upkeep
|turn|18
|
|t:|1776117300
|move|p2a: Greninja|Dark Pulse|p1a: Palossand
|-supereffective|p1a: Palossand
|-damage|p1a: Palossand|0 fnt
|faint|p1a: Palossand
|-damage|p2a: Greninja|71/100|[from] item: Life Orb
|
|upkeep
|
|t:|1776117307
|switch|p1a: Torterra|Torterra, M|100/100
|-damage|p1a: Torterra|94/100|[from] Stealth Rock
|turn|19
|
|t:|1776117317
|move|p2a: Greninja|U-turn|p1a: Torterra
|-supereffective|p1a: Torterra
|-damage|p1a: Torterra|73/100
|-damage|p2a: Greninja|61/100|[from] item: Life Orb
|
|t:|1776117321
|switch|p2a: Dragonite|Dragonite, M|100/100|[from] U-turn
|move|p1a: Torterra|Giga Drain|p2a: Dragonite
|-resisted|p2a: Dragonite
|-damage|p2a: Dragonite|98/100
|-heal|p1a: Torterra|74/100|[from] drain|[of] p2a: Dragonite
|
|-heal|p1a: Torterra|80/100|[from] item: Leftovers
|upkeep
|turn|20
|
|t:|1776117337
|move|p2a: Dragonite|Dragon Dance|p2a: Dragonite
|-boost|p2a: Dragonite|atk|1
|-boost|p2a: Dragonite|spe|1
|move|p1a: Torterra|Swords Dance|p1a: Torterra
|-boost|p1a: Torterra|atk|2
|
|-heal|p1a: Torterra|86/100|[from] item: Leftovers
|upkeep
|turn|21
|
|t:|1776117349
|move|p2a: Dragonite|Fire Punch|p1a: Torterra
|-supereffective|p1a: Torterra
|-damage|p1a: Torterra|39/100
|move|p1a: Torterra|Giga Drain|p2a: Dragonite
|-resisted|p2a: Dragonite
|-damage|p2a: Dragonite|94/100
|-heal|p1a: Torterra|41/100|[from] drain|[of] p2a: Dragonite
|
|-heal|p1a: Torterra|47/100|[from] item: Leftovers
|upkeep
|turn|22
|
|t:|1776117361
|switch|p1a: Altaria|Altaria, M|100/100
|move|p2a: Dragonite|Fire Punch|p1a: Altaria
|-resisted|p1a: Altaria
|-damage|p1a: Altaria|80/100
|
|upkeep
|turn|23
|
|t:|1776117372
|move|p2a: Dragonite|Dragon Dance|p2a: Dragonite
|-boost|p2a: Dragonite|atk|1
|-boost|p2a: Dragonite|spe|1
|move|p1a: Altaria|Dragon Rush|p2a: Dragonite|[miss]
|-miss|p1a: Altaria|p2a: Dragonite
|
|upkeep
|turn|24
|
|t:|1776117379
|move|p2a: Dragonite|Fire Punch|p1a: Altaria
|-resisted|p1a: Altaria
|-damage|p1a: Altaria|53/100
|move|p1a: Altaria|Dragon Rush|p2a: Dragonite
|-supereffective|p2a: Dragonite
|-damage|p2a: Dragonite|38/100
|
|upkeep
|turn|25
|
|t:|1776117387
|-terastallize|p2a: Dragonite|Normal
|move|p2a: Dragonite|Fire Punch|p1a: Altaria
|-resisted|p1a: Altaria
|-damage|p1a: Altaria|26/100
|move|p1a: Altaria|Roost|p1a: Altaria
|-heal|p1a: Altaria|76/100
|-singleturn|p1a: Altaria|move: Roost
|
|upkeep
|turn|26
|
|t:|1776117401
|move|p2a: Dragonite|Fire Punch|p1a: Altaria
|-resisted|p1a: Altaria
|-damage|p1a: Altaria|47/100
|move|p1a: Altaria|Dragon Rush|p2a: Dragonite|[miss]
|-miss|p1a: Altaria|p2a: Dragonite
|
|upkeep
|turn|27
|
|t:|1776117408
|move|p2a: Dragonite|Fire Punch|p1a: Altaria
|-resisted|p1a: Altaria
|-damage|p1a: Altaria|16/100
|move|p1a: Altaria|Roost|p1a: Altaria
|-heal|p1a: Altaria|66/100
|-singleturn|p1a: Altaria|move: Roost
|
|upkeep
|turn|28
|
|t:|1776117419
|switch|p2a: Greninja|Greninja, M|61/100
|move|p1a: Altaria|Dragon Dance|p1a: Altaria
|-boost|p1a: Altaria|atk|1
|-boost|p1a: Altaria|spe|1
|
|upkeep
|turn|29
|
|t:|1776117427
|move|p2a: Greninja|Ice Beam|p1a: Altaria
|-start|p2a: Greninja|typechange|Ice|[from] ability: Protean
|-supereffective|p1a: Altaria
|-damage|p1a: Altaria|0 fnt
|faint|p1a: Altaria
|-damage|p2a: Greninja|51/100|[from] item: Life Orb
|
|upkeep
|
|t:|1776117438
|switch|p1a: Torterra|Torterra, M|47/100
|-damage|p1a: Torterra|41/100|[from] Stealth Rock
|turn|30
|
|t:|1776117448
|move|p2a: Greninja|Dark Pulse|p1a: Torterra
|-damage|p1a: Torterra|10/100
|-damage|p2a: Greninja|42/100|[from] item: Life Orb
|move|p1a: Torterra|Giga Drain|p2a: Greninja
|-damage|p2a: Greninja|11/100
|-heal|p1a: Torterra|21/100|[from] drain|[of] p2a: Greninja
|
|-heal|p1a: Torterra|27/100|[from] item: Leftovers
|upkeep
|turn|31
|
|t:|1776117460
|move|p2a: Greninja|Dark Pulse|p1a: Torterra
|-damage|p1a: Torterra|0 fnt
|faint|p1a: Torterra
|-damage|p2a: Greninja|1/100|[from] item: Life Orb
|
|upkeep
|
|t:|1776117469
|switch|p1a: Arcanine|Arcanine, M|50/100 psn
|-damage|p1a: Arcanine|25/100 psn|[from] Stealth Rock
|-ability|p1a: Arcanine|Intimidate|boost
|-unboost|p2a: Greninja|atk|1
|turn|32
|
|t:|1776117475
|move|p1a: Arcanine|Extreme Speed|p2a: Greninja
|-damage|p2a: Greninja|0 fnt
|faint|p2a: Greninja
|-damage|p1a: Arcanine|15/100 psn|[from] item: Life Orb
|
|-damage|p1a: Arcanine|3/100 psn|[from] psn
|upkeep
|
|t:|1776117478
|switch|p2a: Toxapex|Toxapex, F|71/100
|turn|33
|
|t:|1776117487
|move|p1a: Arcanine|Wild Charge|p2a: Toxapex
|-supereffective|p2a: Toxapex
|-damage|p2a: Toxapex|26/100
|-damage|p1a: Arcanine|0 fnt|[from] Recoil
|faint|p1a: Arcanine
|
|win|TheDarkzi_
|raw|Littk16's rating: 1053 &rarr; <strong>1037</strong><br />(-16 for losing)
|raw|TheDarkzi_'s rating: 1100 &rarr; <strong>1122</strong><br />(+22 for winning)
|l| ohko_smeargle
|l|☆TheDarkzi_
|player|p2|
|l|☆Littk16
|player|p1|
