|html|<div class="broadcast-blue"><strong>[Gen 9] OU is currently suspecting Tera Blast! For information on how to participate check out the <a href="https://www.smogon.com/tools/suspects/view/200">suspect thread</a>.</strong></div>
|j|☆Agentrubii
|j|☆trickydick7
|t:|1776064198
|gametype|singles
|player|p1|Agentrubii|acetrainercouple|1088
|player|p2|trickydick7|cyrus|1085
|gen|9
|tier|[Gen 9] OU
|rated|
|rule|HP Percentage Mod: HP is shown in percentages
|rule|Endless Battle Clause: Forcing endless battles is banned
|rule|Species Clause: Limit one of each Pokémon
|rule|OHKO Clause: OHKO moves are banned
|rule|Evasion Items Clause: Evasion items are banned
|rule|Evasion Moves Clause: Evasion moves are banned
|rule|Evasion Abilities Clause: Evasion abilities are banned
|rule|Sleep Moves Clause: Sleep-inducing moves are banned
|clearpoke
|poke|p1|Samurott-Hisui, M|
|poke|p1|Inteleon, M|
|poke|p1|Gallade, M|
|poke|p1|Slaking, F|
|poke|p1|Blaziken, F|
|poke|p1|Conkeldurr, M|
|poke|p2|Landorus-Therian, M|
|poke|p2|Corviknight, M|
|poke|p2|Iron Valiant|
|poke|p2|Dragonite, F|
|poke|p2|Darkrai|
|poke|p2|Weezing-Galar, M|
|teampreview
|inactive|Battle timer is ON: inactive players will automatically lose when time's up. (requested by Agentrubii)
|
|t:|1776064213
|teamsize|p1|6
|teamsize|p2|6
|start
|switch|p1a: 7-3|Samurott-Hisui, M, shiny|100/100
|switch|p2a: Landorus|Landorus-Therian, M|100/100
|-ability|p2a: Landorus|Intimidate|boost
|-unboost|p1a: 7-3|atk|1
|turn|1
|
|t:|1776064223
|move|p2a: Landorus|Protect|p2a: Landorus
|-singleturn|p2a: Landorus|Protect
|move|p1a: 7-3|Ceaseless Edge|p2a: Landorus
|-activate|p2a: Landorus|move: Protect
|
|upkeep
|turn|2
|
|t:|1776064235
|switch|p2a: Corviknight|Corviknight, M|100/100
|move|p1a: 7-3|Ceaseless Edge|p2a: Corviknight
|-damage|p2a: Corviknight|81/100
|-sidestart|p2: trickydick7|Spikes
|
|upkeep
|turn|3
|
|t:|1776064253
|move|p1a: 7-3|Razor Shell|p2a: Corviknight
|-damage|p2a: Corviknight|59/100
|-ability|p2a: Corviknight|Mirror Armor
|-unboost|p1a: 7-3|def|1
|move|p2a: Corviknight|Reflect|p2a: Corviknight
|-sidestart|p2: trickydick7|Reflect
|
|upkeep
|turn|4
|
|t:|1776064271
|switch|p1a: Reluctant|Slaking, F|100/100
|move|p2a: Corviknight|Light Screen|p2a: Corviknight
|-sidestart|p2: trickydick7|move: Light Screen
|
|upkeep
|turn|5
|
|t:|1776064278
|move|p1a: Reluctant|Knock Off|p2a: Corviknight
|-damage|p2a: Corviknight|47/100
|-enditem|p2a: Corviknight|Light Clay|[from] move: Knock Off|[of] p1a: Reluctant
|move|p2a: Corviknight|Body Press|p1a: Reluctant
|-supereffective|p1a: Reluctant
|-damage|p1a: Reluctant|67/100
|
|upkeep
|turn|6
|
|t:|1776064287
|cant|p1a: Reluctant|ability: Truant
|move|p2a: Corviknight|Body Press|p1a: Reluctant
|-supereffective|p1a: Reluctant
|-crit|p1a: Reluctant
|-damage|p1a: Reluctant|13/100
|
|upkeep
|turn|7
|
|t:|1776064296
|move|p1a: Reluctant|Drain Punch|p2a: Corviknight
|-damage|p2a: Corviknight|37/100
|-heal|p1a: Reluctant|17/100|[from] drain|[of] p2a: Corviknight
|move|p2a: Corviknight|Body Press|p1a: Reluctant
|-supereffective|p1a: Reluctant
|-damage|p1a: Reluctant|0 fnt
|faint|p1a: Reluctant
|
|upkeep
|
|t:|1776064308
|switch|p1a: 7-3|Samurott-Hisui, M, shiny|100/100
|turn|8
|
|t:|1776064314
|move|p1a: 7-3|Ceaseless Edge|p2a: Corviknight
|-damage|p2a: Corviknight|23/100
|-sidestart|p2: trickydick7|Spikes
|move|p2a: Corviknight|Defog|p1a: 7-3
|-unboost|p1a: 7-3|evasion|1
|-sideend|p2: trickydick7|Spikes|[from] move: Defog|[of] p2a: Corviknight
|
|upkeep
|turn|9
|
|t:|1776064322
|move|p1a: 7-3|Ceaseless Edge|p2a: Corviknight
|-damage|p2a: Corviknight|10/100
|-sidestart|p2: trickydick7|Spikes
|move|p2a: Corviknight|Body Press|p1a: 7-3
|-supereffective|p1a: 7-3
|-damage|p1a: 7-3|42/100
|
|upkeep
|turn|10
|
|t:|1776064329
|move|p1a: 7-3|Ceaseless Edge|p2a: Corviknight
|-damage|p2a: Corviknight|0 fnt
|-sidestart|p2: trickydick7|Spikes
|faint|p2a: Corviknight
|
|-sideend|p2: trickydick7|Reflect
|upkeep
|
|t:|1776064344
|switch|p2a: Landorus|Landorus-Therian, M|100/100
|-ability|p2a: Landorus|Intimidate|boost
|-unboost|p1a: 7-3|atk|1
|turn|11
|
|t:|1776064355
|move|p2a: Landorus|Protect|p2a: Landorus
|-singleturn|p2a: Landorus|Protect
|move|p1a: 7-3|Razor Shell|p2a: Landorus
|-activate|p2a: Landorus|move: Protect
|
|-sideend|p2: trickydick7|move: Light Screen
|upkeep
|turn|12
|
|t:|1776064364
|move|p2a: Landorus|Brick Break|p1a: 7-3
|-supereffective|p1a: 7-3
|-damage|p1a: 7-3|0 fnt
|faint|p1a: 7-3
|
|upkeep
|
|t:|1776064371
|switch|p1a: Inteleon|Inteleon, M|100/100
|turn|13
|
|t:|1776064376
|move|p2a: Landorus|Protect|p2a: Landorus
|-singleturn|p2a: Landorus|Protect
|move|p1a: Inteleon|Ice Beam|p2a: Landorus
|-activate|p2a: Landorus|move: Protect
|
|upkeep
|turn|14
|
|t:|1776064384
|switch|p2a: Weezing|Weezing-Galar, M|100/100
|move|p1a: Inteleon|Ice Beam|p2a: Weezing
|-damage|p2a: Weezing|59/100
|
|-heal|p2a: Weezing|65/100|[from] item: Leftovers
|upkeep
|turn|15
|
|t:|1776064393
|move|p2a: Weezing|Protect|p2a: Weezing
|-singleturn|p2a: Weezing|Protect
|move|p1a: Inteleon|Snipe Shot|p2a: Weezing
|-activate|p2a: Weezing|move: Protect
|
|-heal|p2a: Weezing|71/100|[from] item: Leftovers
|upkeep
|turn|16
|
|t:|1776064400
|move|p1a: Inteleon|Snipe Shot|p2a: Weezing
|-damage|p2a: Weezing|13/100
|move|p2a: Weezing|Toxic|p1a: Inteleon
|-status|p1a: Inteleon|tox
|
|-heal|p2a: Weezing|19/100|[from] item: Leftovers
|-damage|p1a: Inteleon|94/100 tox|[from] psn
|upkeep
|turn|17
|
|t:|1776064408
|move|p2a: Weezing|Protect|p2a: Weezing
|-singleturn|p2a: Weezing|Protect
|move|p1a: Inteleon|Ice Beam|p2a: Weezing
|-activate|p2a: Weezing|move: Protect
|
|-heal|p2a: Weezing|25/100|[from] item: Leftovers
|-damage|p1a: Inteleon|82/100 tox|[from] psn
|upkeep
|turn|18
|
|t:|1776064420
|switch|p2a: Iron Valiant|Iron Valiant|100/100
|-damage|p2a: Iron Valiant|84/100|[from] Spikes
|-enditem|p2a: Iron Valiant|Booster Energy
|-activate|p2a: Iron Valiant|ability: Quark Drive|[fromitem]
|-start|p2a: Iron Valiant|quarkdriveatk
|move|p1a: Inteleon|Snipe Shot|p2a: Iron Valiant
|-crit|p2a: Iron Valiant
|-damage|p2a: Iron Valiant|0 fnt
|faint|p2a: Iron Valiant
|-end|p2a: Iron Valiant|Quark Drive|[silent]
|
|-damage|p1a: Inteleon|64/100 tox|[from] psn
|upkeep
|
|t:|1776064433
|switch|p2a: Dragonite|Dragonite, F|100/100
|turn|19
|
|t:|1776064439
|switch|p1a: Malaysia|Conkeldurr, M, shiny|100/100
|-terastallize|p2a: Dragonite|Normal
|move|p2a: Dragonite|Extreme Speed|p1a: Malaysia
|-damage|p1a: Malaysia|48/100
|
|-status|p1a: Malaysia|brn|[from] item: Flame Orb
|upkeep
|turn|20
|
|t:|1776064450
|move|p2a: Dragonite|Extreme Speed|p1a: Malaysia
|-damage|p1a: Malaysia|0 fnt
|faint|p1a: Malaysia
|
|upkeep
|
|t:|1776064457
|switch|p1a: Boxing|Gallade, M, shiny|100/100
|turn|21
|
|t:|1776064461
|move|p2a: Dragonite|Extreme Speed|p1a: Boxing
|-crit|p1a: Boxing
|-damage|p1a: Boxing|0 fnt
|faint|p1a: Boxing
|
|upkeep
|
|t:|1776064469
|switch|p1a: Overtime|Blaziken, F, shiny|100/100
|turn|22
|
|t:|1776064475
|-terastallize|p1a: Overtime|Dragon
|move|p2a: Dragonite|Extreme Speed|p1a: Overtime
|-damage|p1a: Overtime|8/100
|move|p1a: Overtime|Close Combat|p2a: Dragonite
|-supereffective|p2a: Dragonite
|-damage|p2a: Dragonite|32/100
|-unboost|p1a: Overtime|def|1
|-unboost|p1a: Overtime|spd|1
|-enditem|p1a: Overtime|White Herb
|-clearnegativeboost|p1a: Overtime|[silent]
|
|-ability|p1a: Overtime|Speed Boost|boost
|-boost|p1a: Overtime|spe|1
|upkeep
|turn|23
|
|t:|1776064491
|move|p2a: Dragonite|Extreme Speed|p1a: Overtime
|-damage|p1a: Overtime|0 fnt
|faint|p1a: Overtime
|
|upkeep
|-message|Agentrubii forfeited.
|
|win|trickydick7
|raw|Agentrubii's rating: 1088 &rarr; <strong>1065</strong><br />(-23 for losing)
|raw|trickydick7's rating: 1085 &rarr; <strong>1112</strong><br />(+27 for winning)
|l|☆Agentrubii
|player|p1|
|l|☆trickydick7
|player|p2|
