|html|<div class="broadcast-blue"><strong>[Gen 9] OU is currently suspecting Tera Blast! For information on how to participate check out the <a href="https://www.smogon.com/tools/suspects/view/200">suspect thread</a>.</strong></div>
|j|☆carson44game
|j|☆kauez
|t:|1776213485
|gametype|singles
|player|p1|carson44game|worker|1157
|player|p2|kauez|gentleman-gen4|1185
|gen|9
|tier|[Gen 9] OU
|rated|
|rule|HP Percentage Mod: HP is shown in percentages
|rule|Endless Battle Clause: Forcing endless battles is banned
|rule|Species Clause: Limit one of each Pokémon
|rule|OHKO Clause: OHKO moves are banned
|rule|Evasion Items Clause: Evasion items are banned
|rule|Evasion Moves Clause: Evasion moves are banned
|rule|Evasion Abilities Clause: Evasion abilities are banned
|rule|Sleep Moves Clause: Sleep-inducing moves are banned
|clearpoke
|poke|p1|Great Tusk|
|poke|p1|Walking Wake|
|poke|p1|Kingambit, M|
|poke|p1|Venusaur, M|
|poke|p1|Torkoal, M|
|poke|p1|Raging Bolt|
|poke|p2|Venusaur, F|
|poke|p2|Torkoal, F|
|poke|p2|Walking Wake|
|poke|p2|Lilligant-Hisui, F|
|poke|p2|Corviknight, F|
|poke|p2|Raging Bolt|
|teampreview
|inactive|Battle timer is ON: inactive players will automatically lose when time's up. (requested by carson44game)
|inactive|kauez also wants the timer to be on.
|
|t:|1776213501
|teamsize|p1|6
|teamsize|p2|6
|start
|switch|p1a: Raging Goat|Raging Bolt|100/100
|switch|p2a: Walking Wake|Walking Wake|100/100
|-enditem|p2a: Walking Wake|Booster Energy
|-activate|p2a: Walking Wake|ability: Protosynthesis|[fromitem]
|-start|p2a: Walking Wake|protosynthesisspa
|turn|1
|
|t:|1776213509
|-end|p2a: Walking Wake|Protosynthesis|[silent]
|switch|p2a: Torkoal|Torkoal, F|100/100
|-weather|SunnyDay|[from] ability: Drought|[of] p2a: Torkoal
|-activate|p1a: Raging Goat|ability: Protosynthesis
|-start|p1a: Raging Goat|protosynthesisspa
|-terastallize|p1a: Raging Goat|Fairy
|move|p1a: Raging Goat|Calm Mind|p1a: Raging Goat
|-boost|p1a: Raging Goat|spa|1
|-boost|p1a: Raging Goat|spd|1
|
|-weather|SunnyDay|[upkeep]
|upkeep
|turn|2
|
|t:|1776213523
|move|p1a: Raging Goat|Thunderbolt|p2a: Torkoal
|-damage|p2a: Torkoal|0 fnt
|faint|p2a: Torkoal
|
|-weather|SunnyDay|[upkeep]
|upkeep
|
|t:|1776213532
|switch|p2a: Walking Wake|Walking Wake|100/100
|-activate|p2a: Walking Wake|ability: Protosynthesis
|-start|p2a: Walking Wake|protosynthesisspa
|turn|3
|
|t:|1776213536
|move|p2a: Walking Wake|Hydro Steam|p1a: Raging Goat
|-damage|p1a: Raging Goat|45/100
|move|p1a: Raging Goat|Dragon Pulse|p2a: Walking Wake
|-supereffective|p2a: Walking Wake
|-damage|p2a: Walking Wake|0 fnt
|faint|p2a: Walking Wake
|-end|p2a: Walking Wake|Protosynthesis|[silent]
|
|-weather|SunnyDay|[upkeep]
|-heal|p1a: Raging Goat|52/100|[from] item: Leftovers
|upkeep
|
|t:|1776213539
|switch|p2a: Corviknight|Corviknight, F|100/100
|-ability|p2a: Corviknight|Pressure
|turn|4
|
|t:|1776213545
|move|p1a: Raging Goat|Thunderclap|p2a: Corviknight
|-supereffective|p2a: Corviknight
|-damage|p2a: Corviknight|0 fnt
|faint|p2a: Corviknight
|
|-weather|SunnyDay|[upkeep]
|-heal|p1a: Raging Goat|58/100|[from] item: Leftovers
|upkeep
|
|t:|1776213549
|switch|p2a: Lilligant|Lilligant-Hisui, F|100/100
|turn|5
|
|t:|1776213553
|move|p2a: Lilligant|Solar Blade||[still]
|-prepare|p2a: Lilligant|Solar Blade
|-anim|p2a: Lilligant|Solar Blade|p1a: Raging Goat
|-damage|p1a: Raging Goat|8/100
|move|p1a: Raging Goat|Dragon Pulse|p2a: Lilligant
|-damage|p2a: Lilligant|0 fnt
|faint|p2a: Lilligant
|
|-weather|SunnyDay|[upkeep]
|-heal|p1a: Raging Goat|14/100|[from] item: Leftovers
|upkeep
|
|t:|1776213558
|switch|p2a: Venusaur|Venusaur, F|100/100
|turn|6
|
|t:|1776213561
|move|p2a: Venusaur|Growth|p2a: Venusaur
|-boost|p2a: Venusaur|atk|2
|-boost|p2a: Venusaur|spa|2
|move|p1a: Raging Goat|Dragon Pulse|p2a: Venusaur
|-damage|p2a: Venusaur|12/100
|
|-weather|SunnyDay|[upkeep]
|-heal|p1a: Raging Goat|20/100|[from] item: Leftovers
|upkeep
|turn|7
|
|t:|1776213565
|move|p1a: Raging Goat|Thunderclap|p2a: Venusaur
|-resisted|p2a: Venusaur
|-damage|p2a: Venusaur|0 fnt
|faint|p2a: Venusaur
|
|-weather|SunnyDay|[upkeep]
|-heal|p1a: Raging Goat|26/100|[from] item: Leftovers
|upkeep
|
|t:|1776213570
|switch|p2a: Raging Bolt|Raging Bolt|100/100
|-activate|p2a: Raging Bolt|ability: Protosynthesis
|-start|p2a: Raging Bolt|protosynthesisspa
|turn|8
|
|t:|1776213576
|move|p1a: Raging Goat|Dragon Pulse|p2a: Raging Bolt
|-supereffective|p2a: Raging Bolt
|-damage|p2a: Raging Bolt|0 fnt
|faint|p2a: Raging Bolt
|-end|p2a: Raging Bolt|Protosynthesis|[silent]
|
|win|carson44game
|raw|carson44game's rating: 1157 &rarr; <strong>1184</strong><br />(+27 for winning)
|raw|kauez's rating: 1185 &rarr; <strong>1158</strong><br />(-27 for losing)
