|html|<div class="broadcast-blue"><strong>[Gen 9] OU is currently suspecting Tera Blast! For information on how to participate check out the <a href="https://www.smogon.com/tools/suspects/view/200">suspect thread</a>.</strong></div>
|j|☆snekuji
|j|☆Kindyy
|t:|1776337770
|gametype|singles
|player|p1|snekuji|red|
|player|p2|Kindyy|lillie-masters|
|gen|9
|tier|[Gen 9] OU
|rated|Tournament battle
|rule|HP Percentage Mod: HP is shown in percentages
|rule|Endless Battle Clause: Forcing endless battles is banned
|rule|Species Clause: Limit one of each Pokémon
|rule|OHKO Clause: OHKO moves are banned
|rule|Evasion Items Clause: Evasion items are banned
|rule|Evasion Moves Clause: Evasion moves are banned
|rule|Evasion Abilities Clause: Evasion abilities are banned
|rule|Sleep Moves Clause: Sleep-inducing moves are banned
|clearpoke
|poke|p1|Hatterene, F|
|poke|p1|Dragonite, F|
|poke|p1|Darkrai|
|poke|p1|Great Tusk|
|poke|p1|Heatran, F|
|poke|p1|Dragapult, F|
|poke|p2|Volcanion|
|poke|p2|Raging Bolt|
|poke|p2|Landorus-Therian, M|
|poke|p2|Meowscarada, F|
|poke|p2|Great Tusk|
|poke|p2|Kingambit, M|
|teampreview
|inactive|Battle timer is ON: inactive players will automatically lose when time's up. (requested by snekuji)
|c|☆snekuji|hf
|c|☆Kindyy|Hf
|inactive|snekuji has 120 seconds left.
|inactive|Kindyy has 120 seconds left.
|
|t:|1776337811
|teamsize|p1|6
|teamsize|p2|6
|start
|switch|p1a: Darkrai|Darkrai|100/100
|switch|p2a: Volcanion|Volcanion|100/100
|turn|1
|
|t:|1776337840
|move|p1a: Darkrai|Dark Pulse|p2a: Volcanion
|-damage|p2a: Volcanion|61/100
|move|p2a: Volcanion|Steam Eruption|p1a: Darkrai
|-damage|p1a: Darkrai|30/100
|
|upkeep
|turn|2
|j|+lemonstre1
|inactive|snekuji has 120 seconds left.
|
|t:|1776337870
|switch|p1a: Dragonite|Dragonite, F|100/100
|move|p2a: Volcanion|Steam Eruption|p1a: Dragonite
|-resisted|p1a: Dragonite
|-damage|p1a: Dragonite|85/100
|
|upkeep
|turn|3
|
|t:|1776337883
|switch|p1a: Darkrai|Darkrai|30/100
|switch|p2a: Meowscarada|Meowscarada, F|100/100
|
|upkeep
|turn|4
|
|t:|1776337889
|move|p1a: Darkrai|Ice Beam|p2a: Meowscarada
|-supereffective|p2a: Meowscarada
|-damage|p2a: Meowscarada|0 fnt
|faint|p2a: Meowscarada
|
|upkeep
|j|@Giga㋛Chandelure-☂
|
|t:|1776337899
|switch|p2a: Kingambit|Kingambit, M|100/100
|-activate|p2a: Kingambit|ability: Supreme Overlord
|-start|p2a: Kingambit|fallen1|[silent]
|turn|5
|
|t:|1776337905
|switch|p1a: Great Tusk|Great Tusk|100/100
|-enditem|p1a: Great Tusk|Booster Energy
|-activate|p1a: Great Tusk|ability: Protosynthesis|[fromitem]
|-start|p1a: Great Tusk|protosynthesisatk
|move|p2a: Kingambit|Swords Dance|p2a: Kingambit
|-boost|p2a: Kingambit|atk|2
|
|upkeep
|turn|6
|inactive|snekuji has 120 seconds left.
|
|t:|1776337923
|-terastallize|p2a: Kingambit|Flying
|move|p1a: Great Tusk|Close Combat|p2a: Kingambit
|-resisted|p2a: Kingambit
|-damage|p2a: Kingambit|61/100
|-unboost|p1a: Great Tusk|def|1
|-unboost|p1a: Great Tusk|spd|1
|move|p2a: Kingambit|Tera Blast|p1a: Great Tusk|[anim] Tera Blast Flying
|-supereffective|p1a: Great Tusk
|-damage|p1a: Great Tusk|0 fnt
|faint|p1a: Great Tusk
|-end|p1a: Great Tusk|Protosynthesis|[silent]
|
|upkeep
|inactive|snekuji has 120 seconds left.
|
|t:|1776337950
|switch|p1a: Darkrai|Darkrai|30/100
|turn|7
|
|t:|1776337968
|move|p1a: Darkrai|Will-O-Wisp|p2a: Kingambit
|-status|p2a: Kingambit|brn
|-enditem|p2a: Kingambit|Lum Berry|[eat]
|-curestatus|p2a: Kingambit|brn|[msg]
|move|p2a: Kingambit|Kowtow Cleave|p1a: Darkrai
|-resisted|p1a: Darkrai
|-damage|p1a: Darkrai|0 fnt
|faint|p1a: Darkrai
|
|upkeep
|inactive|snekuji has 90 seconds left.
|
|t:|1776337986
|switch|p1a: Heatran|Heatran, F|100/100
|turn|8
|
|t:|1776337993
|move|p1a: Heatran|Will-O-Wisp|p2a: Kingambit
|-status|p2a: Kingambit|brn
|move|p2a: Kingambit|Kowtow Cleave|p1a: Heatran
|-damage|p1a: Heatran|51/100
|
|-heal|p1a: Heatran|58/100|[from] item: Leftovers
|-damage|p2a: Kingambit|55/100 brn|[from] brn
|upkeep
|turn|9
|inactive|snekuji has 90 seconds left.
|
|t:|1776338009
|move|p1a: Heatran|Magma Storm|p2a: Kingambit|[miss]
|-miss|p1a: Heatran|p2a: Kingambit
|move|p2a: Kingambit|Kowtow Cleave|p1a: Heatran
|-damage|p1a: Heatran|9/100
|
|-heal|p1a: Heatran|16/100|[from] item: Leftovers
|-damage|p2a: Kingambit|49/100 brn|[from] brn
|upkeep
|turn|10
|
|t:|1776338021
|move|p1a: Heatran|Stealth Rock|p2a: Kingambit
|-sidestart|p2: Kindyy|move: Stealth Rock
|move|p2a: Kingambit|Kowtow Cleave|p1a: Heatran
|-damage|p1a: Heatran|0 fnt
|faint|p1a: Heatran
|
|-damage|p2a: Kingambit|43/100 brn|[from] brn
|upkeep
|
|t:|1776338029
|switch|p1a: Dragonite|Dragonite, F|85/100
|turn|11
|
|t:|1776338042
|move|p1a: Dragonite|Extreme Speed|p2a: Kingambit
|-damage|p2a: Kingambit|6/100 brn
|move|p2a: Kingambit|Kowtow Cleave|p1a: Dragonite
|-damage|p1a: Dragonite|30/100
|
|-damage|p2a: Kingambit|0 fnt|[from] brn
|faint|p2a: Kingambit
|-end|p2a: Kingambit|fallen1|[silent]
|upkeep
|j| CuboneAwaken
|
|t:|1776338057
|switch|p2a: Great Tusk|Great Tusk|100/100
|-damage|p2a: Great Tusk|98/100|[from] Stealth Rock
|turn|12
|
|t:|1776338064
|switch|p1a: Dragapult|Dragapult, F|100/100
|move|p2a: Great Tusk|Rapid Spin|p1a: Dragapult
|-immune|p1a: Dragapult
|
|upkeep
|turn|13
|inactive|snekuji has 120 seconds left.
|
|t:|1776338074
|-end|p2a: Great Tusk|Protosynthesis|[silent]
|switch|p2a: Volcanion|Volcanion|61/100
|-damage|p2a: Volcanion|37/100|[from] Stealth Rock
|-terastallize|p1a: Dragapult|Ghost
|move|p1a: Dragapult|Shadow Ball|p2a: Volcanion
|-damage|p2a: Volcanion|0 fnt
|faint|p2a: Volcanion
|
|upkeep
|
|t:|1776338084
|switch|p2a: Landorus|Landorus-Therian, M|100/100
|-damage|p2a: Landorus|88/100|[from] Stealth Rock
|-ability|p2a: Landorus|Intimidate|boost
|-unboost|p1a: Dragapult|atk|1
|turn|14
|
|t:|1776338093
|switch|p1a: Dragonite|Dragonite, F|30/100
|move|p2a: Landorus|Earth Power|p1a: Dragonite
|-immune|p1a: Dragonite
|
|upkeep
|turn|15
|
|t:|1776338102
|move|p2a: Landorus|Stealth Rock|p1a: Dragonite
|-sidestart|p1: snekuji|move: Stealth Rock
|move|p1a: Dragonite|Outrage|p2a: Landorus
|-damage|p2a: Landorus|0 fnt
|-damage|p1a: Dragonite|14/100|[from] item: Rocky Helmet|[of] p2a: Landorus
|faint|p2a: Landorus
|
|upkeep
|
|t:|1776338113
|switch|p2a: Raging Bolt|Raging Bolt|100/100
|-damage|p2a: Raging Bolt|88/100|[from] Stealth Rock
|-enditem|p2a: Raging Bolt|Booster Energy
|-activate|p2a: Raging Bolt|ability: Protosynthesis|[fromitem]
|-start|p2a: Raging Bolt|protosynthesisspa
|turn|16
|
|t:|1776338119
|move|p2a: Raging Bolt|Thunderclap|p1a: Dragonite
|-damage|p1a: Dragonite|0 fnt
|faint|p1a: Dragonite
|
|upkeep
|
|t:|1776338131
|switch|p1a: Hatterene|Hatterene, F|100/100
|-damage|p1a: Hatterene|88/100|[from] Stealth Rock
|turn|17
|inactive|Kindyy has 120 seconds left.
|
|t:|1776338162
|move|p2a: Raging Bolt|Thunderbolt|p1a: Hatterene
|-damage|p1a: Hatterene|48/100
|move|p1a: Hatterene|Draining Kiss|p2a: Raging Bolt
|-supereffective|p2a: Raging Bolt
|-damage|p2a: Raging Bolt|42/100
|-heal|p1a: Hatterene|92/100|[from] drain|[of] p2a: Raging Bolt
|
|upkeep
|turn|18
|
|t:|1776338170
|move|p2a: Raging Bolt|Calm Mind|p2a: Raging Bolt
|-boost|p2a: Raging Bolt|spa|1
|-boost|p2a: Raging Bolt|spd|1
|move|p1a: Hatterene|Draining Kiss|p2a: Raging Bolt
|-supereffective|p2a: Raging Bolt
|-damage|p2a: Raging Bolt|7/100
|-heal|p1a: Hatterene|100/100|[from] drain|[of] p2a: Raging Bolt
|
|upkeep
|turn|19
|
|t:|1776338183
|move|p2a: Raging Bolt|Thunderbolt|p1a: Hatterene
|-damage|p1a: Hatterene|31/100
|-status|p1a: Hatterene|par
|cant|p1a: Hatterene|par
|
|upkeep
|turn|20
|c| CuboneAwaken|Lol
|c|☆Kindyy|Damn
|c| CuboneAwaken|Ma vie ça
|
|t:|1776338199
|move|p2a: Raging Bolt|Thunderbolt|p1a: Hatterene
|-damage|p1a: Hatterene|0 fnt
|faint|p1a: Hatterene
|
|upkeep
|
|t:|1776338203
|switch|p1a: Dragapult|Dragapult, F, tera:Ghost|100/100
|-damage|p1a: Dragapult|88/100|[from] Stealth Rock
|turn|21
|j| ULT12VB WD Gaster
|
|t:|1776338213
|move|p2a: Raging Bolt|Thunderclap|p1a: Dragapult
|-damage|p1a: Dragapult|0 fnt
|faint|p1a: Dragapult
|
|win|Kindyy
|n|☆snekuji|snekuji
|n|☆Kindyy|kindyy
|n| lemonstre1|lemonstre1
|n| Giga㋛Chandelure-☂|gigachandelure
|n| CuboneAwaken|cuboneawaken
|n| ULT12VB WD Gaster|ult12vbwdgaster
