|html|<div class="broadcast-blue"><strong>[Gen 9] OU is currently suspecting Tera Blast! For information on how to participate check out the <a href="https://www.smogon.com/tools/suspects/view/200">suspect thread</a>.</strong></div>
|j|☆ThatEclipse
|j|☆Nocturnalcat
|t:|1776186712
|gametype|singles
|player|p1|ThatEclipse|swimmerf-gen4|1037
|player|p2|Nocturnalcat|scientist-gen4dp|1058
|gen|9
|tier|[Gen 9] OU
|rated|
|rule|HP Percentage Mod: HP is shown in percentages
|rule|Endless Battle Clause: Forcing endless battles is banned
|rule|Species Clause: Limit one of each Pokémon
|rule|OHKO Clause: OHKO moves are banned
|rule|Evasion Items Clause: Evasion items are banned
|rule|Evasion Moves Clause: Evasion moves are banned
|rule|Evasion Abilities Clause: Evasion abilities are banned
|rule|Sleep Moves Clause: Sleep-inducing moves are banned
|clearpoke
|poke|p1|Iron Moth|
|poke|p1|Decidueye, F|
|poke|p1|Landorus-Therian, M|
|poke|p1|Primarina, M|
|poke|p1|Lucario, M|
|poke|p1|Dragapult, M|
|poke|p2|Incineroar, F|
|poke|p2|Cinccino, F|
|poke|p2|Zoroark-Hisui, F|
|poke|p2|Garchomp, M|
|poke|p2|Kingambit, F|
|poke|p2|Cinderace, M|
|teampreview
|j| ohko_smeargle
|
|t:|1776186733
|teamsize|p1|6
|teamsize|p2|6
|start
|switch|p1a: Iron Moth|Iron Moth, shiny|100/100
|switch|p2a: Cinccino|Cinccino, F|100/100
|turn|1
|inactive|Battle timer is ON: inactive players will automatically lose when time's up. (requested by ThatEclipse)
|
|t:|1776186744
|move|p2a: Cinccino|Rock Blast|p1a: Iron Moth
|-supereffective|p1a: Iron Moth
|-damage|p1a: Iron Moth|78/100
|-supereffective|p1a: Iron Moth
|-damage|p1a: Iron Moth|55/100
|-supereffective|p1a: Iron Moth
|-damage|p1a: Iron Moth|32/100
|-supereffective|p1a: Iron Moth
|-damage|p1a: Iron Moth|9/100
|-supereffective|p1a: Iron Moth
|-damage|p1a: Iron Moth|0 fnt
|faint|p1a: Iron Moth
|-end|p1a: Iron Moth|Quark Drive|[silent]
|-hitcount|p1: Iron Moth|5
|
|upkeep
|
|t:|1776186755
|switch|p1a: Lucario|Lucario, M, shiny|100/100
|turn|2
|c|☆Nocturnalcat|Cinccino is king.
|
|t:|1776186771
|-terastallize|p2a: Cinccino|Ghost
|move|p2a: Cinccino|Tail Slap|p1a: Lucario
|-resisted|p1a: Lucario
|-damage|p1a: Lucario|91/100
|-resisted|p1a: Lucario
|-damage|p1a: Lucario|82/100
|-resisted|p1a: Lucario
|-damage|p1a: Lucario|72/100
|-resisted|p1a: Lucario
|-damage|p1a: Lucario|64/100
|-resisted|p1a: Lucario
|-damage|p1a: Lucario|54/100
|-hitcount|p1a: Lucario|5
|move|p1a: Lucario|Close Combat|p2a: Cinccino
|-immune|p2a: Cinccino
|
|-heal|p1a: Lucario|60/100|[from] item: Leftovers
|upkeep
|turn|3
|inactive|ThatEclipse has 120 seconds left.
|
|t:|1776186826
|move|p2a: Cinccino|Tail Slap|p1a: Lucario
|-resisted|p1a: Lucario
|-damage|p1a: Lucario|51/100
|-resisted|p1a: Lucario
|-damage|p1a: Lucario|42/100
|-resisted|p1a: Lucario
|-damage|p1a: Lucario|32/100
|-resisted|p1a: Lucario
|-damage|p1a: Lucario|22/100
|-resisted|p1a: Lucario
|-damage|p1a: Lucario|11/100
|-hitcount|p1a: Lucario|5
|move|p1a: Lucario|Swords Dance|p1a: Lucario
|-boost|p1a: Lucario|atk|2
|
|-heal|p1a: Lucario|18/100|[from] item: Leftovers
|upkeep
|turn|4
|
|t:|1776186843
|switch|p1a: Dragapult|Dragapult, M|100/100
|move|p2a: Cinccino|Triple Axel|p1a: Dragapult
|-supereffective|p1a: Dragapult
|-damage|p1a: Dragapult|85/100
|-supereffective|p1a: Dragapult
|-crit|p1a: Dragapult
|-damage|p1a: Dragapult|40/100
|-supereffective|p1a: Dragapult
|-damage|p1a: Dragapult|0 fnt
|faint|p1a: Dragapult
|-hitcount|p1: Dragapult|3
|
|upkeep
|inactive|ThatEclipse has 90 seconds left.
|c|☆ThatEclipse|Ngl
|c|☆ThatEclipse|gg
|c|☆Nocturnalcat|fr
|c|☆ThatEclipse|that is crazy op
|c|☆Nocturnalcat|RIGHT
|c|☆ThatEclipse|How did you even do that
|
|t:|1776186886
|switch|p1a: Decidueye|Decidueye, F, shiny|100/100
|turn|5
|c|☆Nocturnalcat|Skill link.
|c|☆Nocturnalcat|Plus adamant nature
|c|☆Nocturnalcat|and max attack
|
|t:|1776186912
|move|p2a: Cinccino|Triple Axel|p1a: Decidueye
|-supereffective|p1a: Decidueye
|-damage|p1a: Decidueye|86/100
|-supereffective|p1a: Decidueye
|-damage|p1a: Decidueye|57/100
|-supereffective|p1a: Decidueye
|-damage|p1a: Decidueye|14/100
|-hitcount|p1a: Decidueye|3
|move|p1a: Decidueye|Spirit Shackle|p2a: Cinccino
|-supereffective|p2a: Cinccino
|-damage|p2a: Cinccino|6/100
|
|-heal|p1a: Decidueye|20/100|[from] item: Leftovers
|upkeep
|turn|6
|
|t:|1776186931
|move|p2a: Cinccino|Triple Axel|p1a: Decidueye
|-supereffective|p1a: Decidueye
|-damage|p1a: Decidueye|6/100
|-supereffective|p1a: Decidueye
|-damage|p1a: Decidueye|0 fnt
|faint|p1a: Decidueye
|-hitcount|p1: Decidueye|2
|
|upkeep
|
|t:|1776186936
|switch|p1a: Primarina|Primarina, M, shiny|100/100
|turn|7
|c|☆Nocturnalcat|not to mention a focus sash just in case.
|
|t:|1776186945
|move|p2a: Cinccino|Bullet Seed|p1a: Primarina
|-supereffective|p1a: Primarina
|-damage|p1a: Primarina|79/100
|-supereffective|p1a: Primarina
|-damage|p1a: Primarina|57/100
|-supereffective|p1a: Primarina
|-crit|p1a: Primarina
|-damage|p1a: Primarina|21/100
|-supereffective|p1a: Primarina
|-damage|p1a: Primarina|0 fnt
|faint|p1a: Primarina
|-hitcount|p1: Primarina|4
|
|upkeep
|
|t:|1776186956
|switch|p1a: Landorus|Landorus-Therian, M, shiny|100/100
|-ability|p1a: Landorus|Intimidate|boost
|-unboost|p2a: Cinccino|atk|1
|turn|8
|c|☆ThatEclipse|I’m getting soloed by a fricking squirrel
|
|t:|1776186983
|move|p2a: Cinccino|Triple Axel|p1a: Landorus
|-supereffective|p1a: Landorus
|-damage|p1a: Landorus|82/100
|-supereffective|p1a: Landorus
|-damage|p1a: Landorus|44/100
|-supereffective|p1a: Landorus
|-damage|p1a: Landorus|0 fnt
|faint|p1a: Landorus
|-hitcount|p1: Landorus|3
|
|upkeep
|c|☆Nocturnalcat|Chinchilla
|
|t:|1776186993
|switch|p1a: Lucario|Lucario, M, shiny|18/100
|turn|9
|
|t:|1776186998
|move|p2a: Cinccino|Tail Slap|p1a: Lucario
|-resisted|p1a: Lucario
|-damage|p1a: Lucario|11/100
|-resisted|p1a: Lucario
|-crit|p1a: Lucario
|-damage|p1a: Lucario|0 fnt
|faint|p1a: Lucario
|-hitcount|p1: Lucario|2
|
|win|Nocturnalcat
|raw|ThatEclipse's rating: 1037 &rarr; <strong>1022</strong><br />(-15 for losing)
|raw|Nocturnalcat's rating: 1058 &rarr; <strong>1087</strong><br />(+29 for winning)
|l| ohko_smeargle
|c|☆ThatEclipse|Yea gg
|c|☆Nocturnalcat|gg
|c|☆ThatEclipse|that’s crazy
|l|☆Nocturnalcat
|player|p2|
|l|☆ThatEclipse
|player|p1|
|j|☆ThatEclipse
|player|p1|ThatEclipse|swimmerf-gen4|
