|html|<div class="broadcast-blue"><strong>[Gen 9] OU is currently suspecting Tera Blast! For information on how to participate check out the <a href="https://www.smogon.com/tools/suspects/view/200">suspect thread</a>.</strong></div>
|j|☆Marvin gaye y
|j|☆liberloliebhaber
|t:|1776041526
|gametype|singles
|player|p1|Marvin gaye y|265|1238
|player|p2|liberloliebhaber|infielder|1296
|gen|9
|tier|[Gen 9] OU
|rated|
|rule|HP Percentage Mod: HP is shown in percentages
|rule|Endless Battle Clause: Forcing endless battles is banned
|rule|Species Clause: Limit one of each Pokémon
|rule|OHKO Clause: OHKO moves are banned
|rule|Evasion Items Clause: Evasion items are banned
|rule|Evasion Moves Clause: Evasion moves are banned
|rule|Evasion Abilities Clause: Evasion abilities are banned
|rule|Sleep Moves Clause: Sleep-inducing moves are banned
|clearpoke
|poke|p1|Glimmora, F|
|poke|p1|Hippowdon, M|
|poke|p1|Iron Boulder|
|poke|p1|Garganacl, F|
|poke|p1|Dragapult, M|
|poke|p1|Incineroar, F|
|poke|p2|Great Tusk|
|poke|p2|Walking Wake|
|poke|p2|Kingambit, F|
|poke|p2|Venusaur, F|
|poke|p2|Ninetales, M|
|poke|p2|Raging Bolt|
|teampreview
|inactive|Battle timer is ON: inactive players will automatically lose when time's up. (requested by liberloliebhaber)
|
|t:|1776041530
|teamsize|p1|6
|teamsize|p2|6
|start
|switch|p1a: Incineroar|Incineroar, F|100/100
|switch|p2a: Ninetales|Ninetales, M|100/100
|-weather|SunnyDay|[from] ability: Drought|[of] p2a: Ninetales
|-ability|p1a: Incineroar|Intimidate|boost
|-unboost|p2a: Ninetales|atk|1
|turn|1
|
|t:|1776041544
|switch|p2a: Great Tusk|Great Tusk|100/100
|-activate|p2a: Great Tusk|ability: Protosynthesis
|-start|p2a: Great Tusk|protosynthesisatk
|move|p1a: Incineroar|Parting Shot|p2a: Great Tusk
|-unboost|p2a: Great Tusk|atk|1
|-unboost|p2a: Great Tusk|spa|1
|
|t:|1776041552
|switch|p1a: Hippowdon|Hippowdon, M|100/100|[from] Parting Shot
|-weather|Sandstorm|[from] ability: Sand Stream|[of] p1a: Hippowdon
|-end|p2a: Great Tusk|Protosynthesis
|
|-weather|Sandstorm|[upkeep]
|upkeep
|turn|2
|
|t:|1776041561
|-end|p2a: Great Tusk|Protosynthesis|[silent]
|switch|p2a: Walking Wake|Walking Wake|100/100
|move|p1a: Hippowdon|Ice Fang|p2a: Walking Wake
|-damage|p2a: Walking Wake|78/100
|
|-weather|Sandstorm|[upkeep]
|-damage|p2a: Walking Wake|72/100|[from] Sandstorm
|upkeep
|turn|3
|
|t:|1776041571
|move|p2a: Walking Wake|Hydro Steam|p1a: Hippowdon
|-supereffective|p1a: Hippowdon
|-damage|p1a: Hippowdon|29/100
|move|p1a: Hippowdon|Earthquake|p2a: Walking Wake
|-damage|p2a: Walking Wake|17/100
|
|-weather|Sandstorm|[upkeep]
|-damage|p2a: Walking Wake|10/100|[from] Sandstorm
|upkeep
|turn|4
|
|t:|1776041588
|switch|p1a: Dragapult|Dragapult, M|100/100
|move|p2a: Walking Wake|Hydro Steam|p1a: Dragapult
|-resisted|p1a: Dragapult
|-damage|p1a: Dragapult|75/100
|
|-weather|Sandstorm|[upkeep]
|-damage|p2a: Walking Wake|4/100|[from] Sandstorm
|-damage|p1a: Dragapult|68/100|[from] Sandstorm
|upkeep
|turn|5
|
|t:|1776041600
|-end|p2a: Walking Wake|Protosynthesis|[silent]
|switch|p2a: Kingambit|Kingambit, F|100/100
|-item|p2a: Kingambit|Air Balloon
|move|p1a: Dragapult|Shadow Ball|p2a: Kingambit
|-resisted|p2a: Kingambit
|-damage|p2a: Kingambit|70/100
|-enditem|p2a: Kingambit|Air Balloon
|
|-weather|none
|upkeep
|turn|6
|
|t:|1776041611
|switch|p1a: Incineroar|Incineroar, F|100/100
|-ability|p1a: Incineroar|Intimidate|boost
|-unboost|p2a: Kingambit|atk|1
|move|p2a: Kingambit|Sucker Punch||[still]
|-fail|p2a: Kingambit
|
|upkeep
|turn|7
|
|t:|1776041621
|move|p2a: Kingambit|Swords Dance|p2a: Kingambit
|-boost|p2a: Kingambit|atk|2
|move|p1a: Incineroar|Overheat|p2a: Kingambit
|-supereffective|p2a: Kingambit
|-damage|p2a: Kingambit|0 fnt
|-unboost|p1a: Incineroar|spa|2
|faint|p2a: Kingambit
|-end|p2a: Kingambit|fallenundefined|[silent]
|
|upkeep
|
|t:|1776041626
|switch|p2a: Great Tusk|Great Tusk|100/100
|turn|8
|
|t:|1776041635
|switch|p1a: Glimmora|Glimmora, F|100/100
|-item|p1a: Glimmora|Air Balloon
|move|p2a: Great Tusk|Headlong Rush|p1a: Glimmora
|-immune|p1a: Glimmora
|
|upkeep
|turn|9
|
|t:|1776041644
|move|p1a: Glimmora|Energy Ball|p2a: Great Tusk
|-supereffective|p2a: Great Tusk
|-damage|p2a: Great Tusk|53/100
|move|p2a: Great Tusk|Close Combat|p1a: Glimmora
|-damage|p1a: Glimmora|31/100
|-unboost|p2a: Great Tusk|def|1
|-unboost|p2a: Great Tusk|spd|1
|-activate|p1a: Glimmora|ability: Toxic Debris
|-sidestart|p2: liberloliebhaber|move: Toxic Spikes
|-enditem|p1a: Glimmora|Air Balloon
|
|upkeep
|turn|10
|
|t:|1776041655
|-end|p2a: Great Tusk|Protosynthesis|[silent]
|switch|p2a: Ninetales|Ninetales, M|100/100
|-status|p2a: Ninetales|psn
|-weather|SunnyDay|[from] ability: Drought|[of] p2a: Ninetales
|move|p1a: Glimmora|Energy Ball|p2a: Ninetales
|-resisted|p2a: Ninetales
|-damage|p2a: Ninetales|87/100 psn
|
|-weather|SunnyDay|[upkeep]
|-damage|p2a: Ninetales|74/100 psn|[from] psn
|upkeep
|turn|11
|
|t:|1776041668
|move|p2a: Ninetales|Weather Ball|p1a: Glimmora
|-resisted|p1a: Glimmora
|-damage|p1a: Glimmora|4/100
|move|p1a: Glimmora|Earth Power|p2a: Ninetales
|-supereffective|p2a: Ninetales
|-damage|p2a: Ninetales|23/100 psn
|
|-weather|SunnyDay|[upkeep]
|-damage|p2a: Ninetales|11/100 psn|[from] psn
|upkeep
|turn|12
|
|t:|1776041678
|switch|p2a: Great Tusk|Great Tusk|53/100
|-status|p2a: Great Tusk|psn
|-activate|p2a: Great Tusk|ability: Protosynthesis
|-start|p2a: Great Tusk|protosynthesisatk
|move|p1a: Glimmora|Spiky Shield||[still]
|-fail|p1a: Glimmora
|
|-weather|SunnyDay|[upkeep]
|-damage|p2a: Great Tusk|41/100 psn|[from] psn
|upkeep
|turn|13
|
|t:|1776041689
|move|p1a: Glimmora|Spiky Shield|p1a: Glimmora
|-singleturn|p1a: Glimmora|move: Protect
|move|p2a: Great Tusk|Rapid Spin|p1a: Glimmora
|-activate|p1a: Glimmora|move: Protect
|-damage|p2a: Great Tusk|28/100 psn|[from] Spiky Shield|[of] p1a: Glimmora
|
|-weather|SunnyDay|[upkeep]
|-damage|p2a: Great Tusk|16/100 psn|[from] psn
|upkeep
|turn|14
|
|t:|1776041700
|move|p1a: Glimmora|Spiky Shield|p1a: Glimmora
|-singleturn|p1a: Glimmora|move: Protect
|move|p2a: Great Tusk|Rapid Spin|p1a: Glimmora
|-activate|p1a: Glimmora|move: Protect
|-damage|p2a: Great Tusk|4/100 psn|[from] Spiky Shield|[of] p1a: Glimmora
|
|-weather|SunnyDay|[upkeep]
|-damage|p2a: Great Tusk|0 fnt|[from] psn
|faint|p2a: Great Tusk
|-end|p2a: Great Tusk|Protosynthesis|[silent]
|upkeep
|
|t:|1776041706
|switch|p2a: Walking Wake|Walking Wake|4/100
|-status|p2a: Walking Wake|psn
|-activate|p2a: Walking Wake|ability: Protosynthesis
|-start|p2a: Walking Wake|protosynthesisspe
|turn|15
|
|t:|1776041716
|move|p2a: Walking Wake|Hydro Steam|p1a: Glimmora
|-supereffective|p1a: Glimmora
|-damage|p1a: Glimmora|0 fnt
|faint|p1a: Glimmora
|
|-weather|SunnyDay|[upkeep]
|-damage|p2a: Walking Wake|0 fnt|[from] psn
|faint|p2a: Walking Wake
|-end|p2a: Walking Wake|Protosynthesis|[silent]
|upkeep
|
|t:|1776041729
|switch|p2a: Raging Bolt|Raging Bolt|100/100
|switch|p1a: Incineroar|Incineroar, F|100/100
|-item|p2a: Raging Bolt|Air Balloon
|-ability|p1a: Incineroar|Intimidate|boost
|-unboost|p2a: Raging Bolt|atk|1
|-activate|p2a: Raging Bolt|ability: Protosynthesis
|-start|p2a: Raging Bolt|protosynthesisspa
|turn|16
|
|t:|1776041742
|-terastallize|p2a: Raging Bolt|Fairy
|move|p1a: Incineroar|Fake Out|p2a: Raging Bolt
|-damage|p2a: Raging Bolt|92/100
|-enditem|p2a: Raging Bolt|Air Balloon
|cant|p2a: Raging Bolt|flinch
|
|-weather|SunnyDay|[upkeep]
|upkeep
|turn|17
|
|t:|1776041752
|move|p2a: Raging Bolt|Calm Mind|p2a: Raging Bolt
|-boost|p2a: Raging Bolt|spa|1
|-boost|p2a: Raging Bolt|spd|1
|move|p1a: Incineroar|Parting Shot|p2a: Raging Bolt
|-unboost|p2a: Raging Bolt|atk|1
|-unboost|p2a: Raging Bolt|spa|1
|
|t:|1776041759
|switch|p1a: Hippowdon|Hippowdon, M|29/100|[from] Parting Shot
|-weather|Sandstorm|[from] ability: Sand Stream|[of] p1a: Hippowdon
|-end|p2a: Raging Bolt|Protosynthesis
|
|-weather|Sandstorm|[upkeep]
|-damage|p2a: Raging Bolt|86/100|[from] Sandstorm
|upkeep
|turn|18
|
|t:|1776041769
|move|p2a: Raging Bolt|Dragon Pulse|p1a: Hippowdon
|-damage|p1a: Hippowdon|0 fnt
|faint|p1a: Hippowdon
|
|-weather|Sandstorm|[upkeep]
|-damage|p2a: Raging Bolt|80/100|[from] Sandstorm
|upkeep
|
|t:|1776041776
|switch|p1a: Garganacl|Garganacl, F|100/100
|turn|19
|
|t:|1776041780
|move|p2a: Raging Bolt|Thunderbolt|p1a: Garganacl
|-damage|p1a: Garganacl|72/100
|move|p1a: Garganacl|Salt Cure|p2a: Raging Bolt
|-damage|p2a: Raging Bolt|66/100
|-start|p2a: Raging Bolt|Salt Cure
|
|-weather|Sandstorm|[upkeep]
|-damage|p2a: Raging Bolt|60/100|[from] Sandstorm
|-heal|p1a: Garganacl|78/100|[from] item: Leftovers
|-damage|p2a: Raging Bolt|47/100|[from] Salt Cure
|upkeep
|turn|20
|
|t:|1776041791
|move|p2a: Raging Bolt|Thunderbolt|p1a: Garganacl
|-damage|p1a: Garganacl|49/100
|move|p1a: Garganacl|Iron Defense|p1a: Garganacl
|-boost|p1a: Garganacl|def|2
|
|-weather|Sandstorm|[upkeep]
|-damage|p2a: Raging Bolt|41/100|[from] Sandstorm
|-heal|p1a: Garganacl|55/100|[from] item: Leftovers
|-damage|p2a: Raging Bolt|29/100|[from] Salt Cure
|upkeep
|turn|21
|
|t:|1776041802
|move|p2a: Raging Bolt|Thunderbolt|p1a: Garganacl
|-crit|p1a: Garganacl
|-damage|p1a: Garganacl|11/100
|move|p1a: Garganacl|Recover|p1a: Garganacl
|-heal|p1a: Garganacl|61/100
|
|-weather|none
|-heal|p1a: Garganacl|67/100|[from] item: Leftovers
|-damage|p2a: Raging Bolt|16/100|[from] Salt Cure
|upkeep
|turn|22
|
|t:|1776041817
|move|p2a: Raging Bolt|Dragon Pulse|p1a: Garganacl
|-damage|p1a: Garganacl|26/100
|move|p1a: Garganacl|Recover|p1a: Garganacl
|-heal|p1a: Garganacl|76/100
|
|-heal|p1a: Garganacl|82/100|[from] item: Leftovers
|-damage|p2a: Raging Bolt|4/100|[from] Salt Cure
|upkeep
|turn|23
|
|t:|1776041828
|move|p2a: Raging Bolt|Thunderclap||[still]
|-fail|p2a: Raging Bolt
|move|p1a: Garganacl|Recover|p1a: Garganacl
|-heal|p1a: Garganacl|100/100
|
|-damage|p2a: Raging Bolt|0 fnt|[from] Salt Cure
|faint|p2a: Raging Bolt
|-end|p2a: Raging Bolt|Protosynthesis|[silent]
|upkeep
|
|t:|1776041833
|switch|p2a: Ninetales|Ninetales, M|11/100 psn
|-weather|SunnyDay|[from] ability: Drought|[of] p2a: Ninetales
|turn|24
|
|t:|1776041844
|switch|p1a: Incineroar|Incineroar, F|100/100
|-ability|p1a: Incineroar|Intimidate|boost
|-unboost|p2a: Ninetales|atk|1
|move|p2a: Ninetales|Will-O-Wisp|p1a: Incineroar
|-immune|p1a: Incineroar
|
|-weather|SunnyDay|[upkeep]
|-damage|p2a: Ninetales|0 fnt|[from] psn
|faint|p2a: Ninetales
|upkeep
|
|t:|1776041851
|switch|p2a: Venusaur|Venusaur, F|100/100
|-sideend|p2: liberloliebhaber|move: Toxic Spikes|[of] p2a: Venusaur
|turn|25
|
|t:|1776041859
|move|p2a: Venusaur|Sludge Bomb|p1a: Incineroar
|-damage|p1a: Incineroar|60/100
|-damage|p2a: Venusaur|91/100|[from] item: Life Orb
|move|p1a: Incineroar|Overheat|p2a: Venusaur
|-supereffective|p2a: Venusaur
|-damage|p2a: Venusaur|0 fnt
|-unboost|p1a: Incineroar|spa|2
|faint|p2a: Venusaur
|
|win|Marvin gaye y
|raw|Marvin gaye y's rating: 1216 &rarr; <strong>1247</strong><br />(+31 for winning)
|raw|liberloliebhaber's rating: 1296 &rarr; <strong>1265</strong><br />(-31 for losing)
|c|☆liberloliebhaber|gg
|l|☆liberloliebhaber
|player|p2|
