|html|<div class="broadcast-blue"><strong>[Gen 9] OU is currently suspecting Volcarona! For information on how to participate check out the <a href="https://www.smogon.com/tools/suspects/view/208">suspect thread</a>.</strong></div>
|j|‽FlintAndSteelType
|j|☆KenjiShiguma
|t:|1778505603
|gametype|singles
|player|p1|FlintAndSteelType|elesa|1261
|player|p2|KenjiShiguma|pokemonbreeder-gen4|1202
|gen|9
|tier|[Gen 9] OU
|rated|
|rule|HP Percentage Mod: HP is shown in percentages
|rule|Endless Battle Clause: Forcing endless battles is banned
|rule|Species Clause: Limit one of each Pokémon
|rule|OHKO Clause: OHKO moves are banned
|rule|Evasion Items Clause: Evasion items are banned
|rule|Evasion Moves Clause: Evasion moves are banned
|rule|Evasion Abilities Clause: Evasion abilities are banned
|rule|Sleep Moves Clause: Sleep-inducing moves are banned
|clearpoke
|poke|p1|Dondozo, M|
|poke|p1|Blissey, F|
|poke|p1|Corviknight, F|
|poke|p1|Weezing-Galar, F|
|poke|p1|Gliscor, F|
|poke|p1|Toxapex, F|
|poke|p2|Exeggutor, M|
|poke|p2|Torkoal, M|
|poke|p2|Farigiraf, F|
|poke|p2|Primeape, M|
|poke|p2|Furret, F|
|poke|p2|Skuntank, F|
|teampreview
|inactive|Battle timer is ON: inactive players will automatically lose when time's up. (requested by FlintAndSteelType)
|
|t:|1778505611
|teamsize|p1|6
|teamsize|p2|6
|start
|switch|p1a: Gliscor|Gliscor, F|100/100
|switch|p2a: Skuntank|Skuntank, F|100/100
|turn|1
|
|t:|1778505620
|switch|p2a: Furret|Furret, F|100/100
|-item|p1a: Gliscor|Toxic Orb|[from] ability: Frisk|[of] p2a: Furret
|move|p1a: Gliscor|Protect||[still]
|-fail|p1a: Gliscor
|
|-status|p1a: Gliscor|tox|[from] item: Toxic Orb
|upkeep
|turn|2
|
|t:|1778505629
|switch|p1a: Weezing|Weezing-Galar, F|100/100
|move|p2a: Furret|Trick|p1a: Weezing
|-activate|p2a: Furret|move: Trick|[of] p1a: Weezing
|-item|p1a: Weezing|Choice Scarf|[from] move: Trick
|-item|p2a: Furret|Heavy-Duty Boots|[from] move: Trick
|
|upkeep
|turn|3
|
|t:|1778505642
|move|p2a: Furret|U-turn|p1a: Weezing
|-resisted|p1a: Weezing
|-damage|p1a: Weezing|98/100
|
|t:|1778505645
|switch|p2a: Torkoal|Torkoal, M|100/100|[from] U-turn
|-weather|SunnyDay|[from] ability: Drought|[of] p2a: Torkoal
|move|p1a: Weezing|Will-O-Wisp|p2a: Torkoal|[miss]
|-miss|p1a: Weezing|p2a: Torkoal
|
|-weather|SunnyDay|[upkeep]
|upkeep
|turn|4
|
|t:|1778505655
|switch|p1a: Blissey|Blissey, F|100/100
|switch|p2a: Exeggutor|Exeggutor, M|100/100
|
|-weather|SunnyDay|[upkeep]
|upkeep
|turn|5
|
|t:|1778505663
|switch|p1a: Corviknight|Corviknight, F|100/100
|move|p2a: Exeggutor|Growth|p2a: Exeggutor
|-boost|p2a: Exeggutor|atk|2
|-boost|p2a: Exeggutor|spa|2
|
|-weather|SunnyDay|[upkeep]
|upkeep
|turn|6
|
|t:|1778505671
|-terastallize|p2a: Exeggutor|Water
|move|p1a: Corviknight|Brave Bird|p2a: Exeggutor
|-damage|p2a: Exeggutor|57/100
|-damage|p1a: Corviknight|86/100|[from] Recoil
|move|p2a: Exeggutor|Growth|p2a: Exeggutor
|-boost|p2a: Exeggutor|atk|2
|-boost|p2a: Exeggutor|spa|2
|
|-weather|SunnyDay|[upkeep]
|upkeep
|turn|7
|
|t:|1778505682
|move|p1a: Corviknight|Brave Bird|p2a: Exeggutor
|-damage|p2a: Exeggutor|18/100
|-enditem|p2a: Exeggutor|Sitrus Berry|[eat]
|-heal|p2a: Exeggutor|43/100|[from] item: Sitrus Berry
|-damage|p1a: Corviknight|74/100|[from] Recoil
|move|p2a: Exeggutor|Stored Power|p1a: Corviknight
|-resisted|p1a: Corviknight
|-damage|p1a: Corviknight|0 fnt
|faint|p1a: Corviknight
|
|-weather|none
|-item|p2a: Exeggutor|Sitrus Berry|[from] ability: Harvest
|upkeep
|-enditem|p2a: Exeggutor|Sitrus Berry|[eat]
|-heal|p2a: Exeggutor|68/100|[from] item: Sitrus Berry
|
|t:|1778505697
|switch|p1a: Dondozo|Dondozo, M|100/100
|turn|8
|
|t:|1778505705
|move|p2a: Exeggutor|Stored Power|p1a: Dondozo
|-damage|p1a: Dondozo|6/100
|move|p1a: Dondozo|Wave Crash|p2a: Exeggutor
|-resisted|p2a: Exeggutor
|-damage|p2a: Exeggutor|47/100
|-damage|p1a: Dondozo|0 fnt|[from] Recoil
|faint|p1a: Dondozo
|
|upkeep
|-message|FlintAndSteelType forfeited.
|
|win|KenjiShiguma
|raw|FlintAndSteelType's rating: 1261 &rarr; <strong>1232</strong><br />(-29 for losing)
|raw|KenjiShiguma's rating: 1202 &rarr; <strong>1231</strong><br />(+29 for winning)
|l|‽FlintAndSteelType
|player|p1|
|l|☆KenjiShiguma
|player|p2|
