|html|<div class="broadcast-blue"><strong>[Gen 9] OU is currently suspecting Tera Blast! For information on how to participate check out the <a href="https://www.smogon.com/tools/suspects/view/200">suspect thread</a>.</strong></div>
|j|☆Lano Del Rey2
|j|☆rlkmessi
|t:|1776060532
|gametype|singles
|player|p1|Lano Del Rey2|bugcatcher-gen4dp|1108
|player|p2|rlkmessi|lucas|1097
|gen|9
|tier|[Gen 9] OU
|rated|
|rule|HP Percentage Mod: HP is shown in percentages
|rule|Endless Battle Clause: Forcing endless battles is banned
|rule|Species Clause: Limit one of each Pokémon
|rule|OHKO Clause: OHKO moves are banned
|rule|Evasion Items Clause: Evasion items are banned
|rule|Evasion Moves Clause: Evasion moves are banned
|rule|Evasion Abilities Clause: Evasion abilities are banned
|rule|Sleep Moves Clause: Sleep-inducing moves are banned
|clearpoke
|poke|p1|Rotom-Wash|
|poke|p1|Dragonite, M|
|poke|p1|Heatran, F|
|poke|p1|Sinistcha-Masterpiece|
|poke|p1|Clefable, M|
|poke|p1|Excadrill, F|
|poke|p2|Tornadus-Therian, M|
|poke|p2|Gholdengo|
|poke|p2|Hydreigon, M|
|poke|p2|Gliscor, M|
|poke|p2|Great Tusk|
|poke|p2|Fezandipiti, M|
|teampreview
|inactive|Battle timer is ON: inactive players will automatically lose when time's up. (requested by Lano Del Rey2)
|l|☆Lano Del Rey2
|inactive|Lano Del Rey2 disconnected and has a minute to reconnect!
|player|p1|
|j|☆Lano Del Rey2
|inactive|Lano Del Rey2 reconnected and has 145 seconds left.
|player|p1|Lano Del Rey2|bugcatcher-gen4dp|
|
|t:|1776060547
|teamsize|p1|6
|teamsize|p2|6
|start
|switch|p1a: Heatran|Heatran, F, shiny|100/100
|switch|p2a: Tornadus|Tornadus-Therian, M|100/100
|turn|1
|
|t:|1776060560
|-terastallize|p1a: Heatran|Water
|move|p2a: Tornadus|U-turn|p1a: Heatran
|-damage|p1a: Heatran|88/100
|
|t:|1776060576
|switch|p2a: Gliscor|Gliscor, M|100/100|[from] U-turn
|move|p1a: Heatran|Stealth Rock|p2a: Gliscor
|-sidestart|p2: rlkmessi|move: Stealth Rock
|
|-heal|p1a: Heatran|94/100|[from] item: Leftovers
|-status|p2a: Gliscor|tox|[from] item: Toxic Orb
|upkeep
|turn|2
|
|t:|1776060592
|switch|p1a: Rotom|Rotom-Wash|100/100
|move|p2a: Gliscor|Stealth Rock|p1a: Rotom
|-sidestart|p1: Lano Del Rey2|move: Stealth Rock
|
|upkeep
|turn|3
|
|t:|1776060601
|move|p2a: Gliscor|Protect|p2a: Gliscor
|-singleturn|p2a: Gliscor|Protect
|move|p1a: Rotom|Hydro Pump|p2a: Gliscor
|-activate|p2a: Gliscor|move: Protect
|
|upkeep
|turn|4
|
|t:|1776060616
|switch|p2a: Hydreigon|Hydreigon, M|100/100
|-damage|p2a: Hydreigon|88/100|[from] Stealth Rock
|move|p1a: Rotom|Hydro Pump|p2a: Hydreigon|[miss]
|-miss|p1a: Rotom|p2a: Hydreigon
|
|upkeep
|turn|5
|
|t:|1776060627
|switch|p1a: Clefable|Clefable, M, shiny|100/100
|move|p2a: Hydreigon|U-turn|p1a: Clefable
|-resisted|p1a: Clefable
|-crit|p1a: Clefable
|-damage|p1a: Clefable|92/100
|
|t:|1776060639
|switch|p2a: Tornadus|Tornadus-Therian, M|100/100|[from] U-turn
|-damage|p2a: Tornadus|76/100|[from] Stealth Rock
|
|-heal|p1a: Clefable|98/100|[from] item: Leftovers
|upkeep
|turn|6
|
|t:|1776060648
|move|p2a: Tornadus|Taunt|p1a: Clefable
|-start|p1a: Clefable|move: Taunt
|move|p1a: Clefable|Moonblast|p2a: Tornadus
|-damage|p2a: Tornadus|47/100
|
|-heal|p1a: Clefable|100/100|[from] item: Leftovers
|upkeep
|turn|7
|
|t:|1776060661
|move|p2a: Tornadus|Bleakwind Storm|p1a: Clefable|[miss]
|-miss|p2a: Tornadus|p1a: Clefable
|move|p1a: Clefable|Moonblast|p2a: Tornadus
|-damage|p2a: Tornadus|20/100
|
|upkeep
|turn|8
|inactive|rlkmessi has 120 seconds left.
|-enditem|p2a: Tornadus|Custap Berry|[eat]
|-activate|p2a: Tornadus|item: Custap Berry|[consumed]
|
|t:|1776060682
|move|p2a: Tornadus|U-turn|p1a: Clefable
|-resisted|p1a: Clefable
|-damage|p1a: Clefable|95/100
|inactive|rlkmessi has 120 seconds left.
|
|t:|1776060690
|switch|p2a: Great Tusk|Great Tusk|100/100|[from] U-turn
|-damage|p2a: Great Tusk|98/100|[from] Stealth Rock
|-enditem|p2a: Great Tusk|Booster Energy
|-activate|p2a: Great Tusk|ability: Protosynthesis|[fromitem]
|-start|p2a: Great Tusk|protosynthesisatk
|move|p1a: Clefable|Moonblast|p2a: Great Tusk
|-supereffective|p2a: Great Tusk
|-damage|p2a: Great Tusk|41/100
|
|-heal|p1a: Clefable|100/100|[from] item: Leftovers
|-end|p1a: Clefable|move: Taunt
|upkeep
|turn|9
|inactive|rlkmessi has 120 seconds left.
|
|t:|1776060710
|switch|p1a: Sinistcha|Sinistcha-Masterpiece, shiny|100/100
|-damage|p1a: Sinistcha|88/100|[from] Stealth Rock
|-terastallize|p2a: Great Tusk|Ground
|move|p2a: Great Tusk|Rapid Spin|p1a: Sinistcha
|-immune|p1a: Sinistcha
|
|-heal|p1a: Sinistcha|94/100|[from] item: Leftovers
|upkeep
|turn|10
|
|t:|1776060723
|move|p2a: Great Tusk|Knock Off|p1a: Sinistcha
|-supereffective|p1a: Sinistcha
|-crit|p1a: Sinistcha
|-damage|p1a: Sinistcha|5/100
|-enditem|p1a: Sinistcha|Leftovers|[from] move: Knock Off|[of] p2a: Great Tusk
|move|p1a: Sinistcha|Strength Sap|p2a: Great Tusk
|-unboost|p2a: Great Tusk|atk|1
|-heal|p1a: Sinistcha|91/100
|
|upkeep
|turn|11
|
|t:|1776060736
|-end|p2a: Great Tusk|Protosynthesis|[silent]
|switch|p2a: Hydreigon|Hydreigon, M|88/100
|-damage|p2a: Hydreigon|76/100|[from] Stealth Rock
|move|p1a: Sinistcha|Strength Sap|p2a: Hydreigon
|-unboost|p2a: Hydreigon|atk|1
|-heal|p1a: Sinistcha|100/100
|
|upkeep
|turn|12
|
|t:|1776060747
|switch|p1a: Clefable|Clefable, M, shiny|100/100
|move|p2a: Hydreigon|Thunder Wave|p1a: Clefable
|-status|p1a: Clefable|par
|
|upkeep
|turn|13
|
|t:|1776060754
|move|p2a: Hydreigon|U-turn|p1a: Clefable
|-resisted|p1a: Clefable
|-damage|p1a: Clefable|97/100 par
|
|t:|1776060761
|switch|p2a: Great Tusk|Great Tusk, tera:Ground|41/100|[from] U-turn
|-damage|p2a: Great Tusk|35/100|[from] Stealth Rock
|cant|p1a: Clefable|par
|
|-heal|p1a: Clefable|100/100 par|[from] item: Leftovers
|upkeep
|turn|14
|inactive|rlkmessi has 120 seconds left.
|
|t:|1776060774
|move|p2a: Great Tusk|Ice Spinner|p1a: Clefable
|-crit|p1a: Clefable
|-damage|p1a: Clefable|72/100 par
|move|p1a: Clefable|Moonblast|p2a: Great Tusk
|-damage|p2a: Great Tusk|7/100
|-unboost|p2a: Great Tusk|spa|1
|
|-heal|p1a: Clefable|78/100 par|[from] item: Leftovers
|upkeep
|turn|15
|inactive|rlkmessi has 120 seconds left.
|j| ashchampionyessss
|
|t:|1776060794
|switch|p1a: Sinistcha|Sinistcha-Masterpiece, shiny|100/100
|-damage|p1a: Sinistcha|88/100|[from] Stealth Rock
|move|p2a: Great Tusk|Rapid Spin|p1a: Sinistcha
|-immune|p1a: Sinistcha
|
|upkeep
|turn|16
|inactive|rlkmessi has 120 seconds left.
|
|t:|1776060805
|move|p2a: Great Tusk|Ice Spinner|p1a: Sinistcha
|-supereffective|p1a: Sinistcha
|-damage|p1a: Sinistcha|52/100
|move|p1a: Sinistcha|Hex|p2a: Great Tusk
|-damage|p2a: Great Tusk|0 fnt
|faint|p2a: Great Tusk
|-end|p2a: Great Tusk|Protosynthesis|[silent]
|
|upkeep
|inactive|rlkmessi has 120 seconds left.
|
|t:|1776060820
|switch|p2a: Tornadus|Tornadus-Therian, M|53/100
|-damage|p2a: Tornadus|28/100|[from] Stealth Rock
|turn|17
|inactive|rlkmessi has 120 seconds left.
|
|t:|1776060828
|switch|p1a: Rotom|Rotom-Wash|100/100
|-damage|p1a: Rotom|88/100|[from] Stealth Rock
|move|p2a: Tornadus|Bleakwind Storm|p1a: Rotom
|-resisted|p1a: Rotom
|-damage|p1a: Rotom|67/100
|
|-heal|p1a: Rotom|73/100|[from] item: Leftovers
|upkeep
|turn|18
|inactive|rlkmessi has 120 seconds left.
|
|t:|1776060842
|move|p2a: Tornadus|Taunt|p1a: Rotom
|-start|p1a: Rotom|move: Taunt
|move|p1a: Rotom|Volt Switch|p2a: Tornadus
|-supereffective|p2a: Tornadus
|-damage|p2a: Tornadus|0 fnt
|faint|p2a: Tornadus
|l| ashchampionyessss
|
|t:|1776060855
|switch|p1a: Excadrill|Excadrill, F, shiny|100/100|[from] Volt Switch
|-damage|p1a: Excadrill|97/100|[from] Stealth Rock
|-ability|p1a: Excadrill|Mold Breaker
|-item|p1a: Excadrill|Air Balloon
|
|upkeep
|inactive|rlkmessi has 120 seconds left.
|
|t:|1776060868
|switch|p2a: Hydreigon|Hydreigon, M|76/100
|-damage|p2a: Hydreigon|64/100|[from] Stealth Rock
|turn|19
|
|t:|1776060875
|switch|p1a: Clefable|Clefable, M, shiny|78/100 par
|move|p2a: Hydreigon|U-turn|p1a: Clefable
|-resisted|p1a: Clefable
|-damage|p1a: Clefable|73/100 par
|inactive|rlkmessi has 120 seconds left.
|
|t:|1776060890
|switch|p2a: Gholdengo|Gholdengo|100/100|[from] U-turn
|-damage|p2a: Gholdengo|94/100|[from] Stealth Rock
|-item|p2a: Gholdengo|Air Balloon
|
|-heal|p1a: Clefable|79/100 par|[from] item: Leftovers
|upkeep
|turn|20
|
|t:|1776060898
|move|p2a: Gholdengo|Nasty Plot|p2a: Gholdengo
|-boost|p2a: Gholdengo|spa|2
|move|p1a: Clefable|Flamethrower|p2a: Gholdengo
|-supereffective|p2a: Gholdengo
|-damage|p2a: Gholdengo|49/100
|-enditem|p2a: Gholdengo|Air Balloon
|
|-heal|p1a: Clefable|85/100 par|[from] item: Leftovers
|upkeep
|turn|21
|
|t:|1776060922
|switch|p1a: Sinistcha|Sinistcha-Masterpiece, shiny|52/100
|-damage|p1a: Sinistcha|39/100|[from] Stealth Rock
|move|p2a: Gholdengo|Make It Rain|p1a: Sinistcha
|-damage|p1a: Sinistcha|0 fnt
|-unboost|p2a: Gholdengo|spa|1
|faint|p1a: Sinistcha
|
|upkeep
|
|t:|1776060936
|switch|p1a: Excadrill|Excadrill, F, shiny|97/100
|-damage|p1a: Excadrill|94/100|[from] Stealth Rock
|-ability|p1a: Excadrill|Mold Breaker
|-item|p1a: Excadrill|Air Balloon
|turn|22
|
|t:|1776060943
|move|p1a: Excadrill|Earthquake|p2a: Gholdengo
|-supereffective|p2a: Gholdengo
|-damage|p2a: Gholdengo|0 fnt
|faint|p2a: Gholdengo
|
|upkeep
|
|t:|1776060953
|switch|p2a: Hydreigon|Hydreigon, M|64/100
|-damage|p2a: Hydreigon|51/100|[from] Stealth Rock
|turn|23
|
|t:|1776060962
|move|p2a: Hydreigon|Dark Pulse|p1a: Excadrill
|-damage|p1a: Excadrill|45/100
|-enditem|p1a: Excadrill|Air Balloon
|cant|p1a: Excadrill|flinch
|
|upkeep
|turn|24
|
|t:|1776060971
|move|p2a: Hydreigon|Dark Pulse|p1a: Excadrill
|-damage|p1a: Excadrill|0 fnt
|faint|p1a: Excadrill
|
|upkeep
|
|t:|1776060979
|switch|p1a: Clefable|Clefable, M, shiny|85/100 par
|turn|25
|
|t:|1776060989
|move|p2a: Hydreigon|U-turn|p1a: Clefable
|-resisted|p1a: Clefable
|-damage|p1a: Clefable|79/100 par
|
|t:|1776060992
|switch|p2a: Fezandipiti|Fezandipiti, M|100/100|[from] U-turn
|-damage|p2a: Fezandipiti|88/100|[from] Stealth Rock
|move|p1a: Clefable|Calm Mind|p1a: Clefable
|-boost|p1a: Clefable|spa|1
|-boost|p1a: Clefable|spd|1
|
|-heal|p2a: Fezandipiti|94/100|[from] item: Black Sludge
|-heal|p1a: Clefable|85/100 par|[from] item: Leftovers
|upkeep
|turn|26
|
|t:|1776061005
|switch|p1a: Heatran|Heatran, F, shiny, tera:Water|94/100
|-damage|p1a: Heatran|81/100|[from] Stealth Rock
|move|p2a: Fezandipiti|Swords Dance|p2a: Fezandipiti
|-boost|p2a: Fezandipiti|atk|2
|
|-heal|p2a: Fezandipiti|99/100|[from] item: Black Sludge
|-heal|p1a: Heatran|88/100|[from] item: Leftovers
|upkeep
|turn|27
|
|t:|1776061018
|move|p2a: Fezandipiti|Swords Dance|p2a: Fezandipiti
|-boost|p2a: Fezandipiti|atk|2
|move|p1a: Heatran|Earth Power|p2a: Fezandipiti
|-supereffective|p2a: Fezandipiti
|-damage|p2a: Fezandipiti|70/100
|
|-heal|p2a: Fezandipiti|76/100|[from] item: Black Sludge
|-heal|p1a: Heatran|94/100|[from] item: Leftovers
|upkeep
|turn|28
|
|t:|1776061038
|move|p2a: Fezandipiti|Brave Bird|p1a: Heatran
|-damage|p1a: Heatran|26/100
|-damage|p2a: Fezandipiti|54/100|[from] Recoil
|move|p1a: Heatran|Earth Power|p2a: Fezandipiti
|-supereffective|p2a: Fezandipiti
|-damage|p2a: Fezandipiti|21/100
|
|-heal|p2a: Fezandipiti|27/100|[from] item: Black Sludge
|-heal|p1a: Heatran|32/100|[from] item: Leftovers
|upkeep
|turn|29
|
|t:|1776061054
|move|p2a: Fezandipiti|Roost|p2a: Fezandipiti
|-heal|p2a: Fezandipiti|77/100
|-singleturn|p2a: Fezandipiti|move: Roost
|move|p1a: Heatran|Earth Power|p2a: Fezandipiti
|-supereffective|p2a: Fezandipiti
|-damage|p2a: Fezandipiti|44/100
|
|-heal|p2a: Fezandipiti|50/100|[from] item: Black Sludge
|-heal|p1a: Heatran|39/100|[from] item: Leftovers
|upkeep
|turn|30
|
|t:|1776061065
|move|p2a: Fezandipiti|Roost|p2a: Fezandipiti
|-heal|p2a: Fezandipiti|99/100
|-singleturn|p2a: Fezandipiti|move: Roost
|move|p1a: Heatran|Earth Power|p2a: Fezandipiti
|-supereffective|p2a: Fezandipiti
|-damage|p2a: Fezandipiti|69/100
|
|-heal|p2a: Fezandipiti|75/100|[from] item: Black Sludge
|-heal|p1a: Heatran|45/100|[from] item: Leftovers
|upkeep
|turn|31
|
|t:|1776061075
|move|p2a: Fezandipiti|Play Rough|p1a: Heatran
|-damage|p1a: Heatran|0 fnt
|faint|p1a: Heatran
|
|-heal|p2a: Fezandipiti|82/100|[from] item: Black Sludge
|upkeep
|
|t:|1776061084
|switch|p1a: Clefable|Clefable, M, shiny|85/100 par
|turn|32
|-message|Lano Del Rey2 forfeited.
|
|win|rlkmessi
|raw|Lano Del Rey2's rating: 1108 &rarr; <strong>1082</strong><br />(-26 for losing)
|raw|rlkmessi's rating: 1097 &rarr; <strong>1123</strong><br />(+26 for winning)
|l|☆Lano Del Rey2
|player|p1|
|l|☆rlkmessi
|player|p2|
