|html|<div class="broadcast-blue"><strong>[Gen 9] OU is currently suspecting Tera Blast! For information on how to participate check out the <a href="https://www.smogon.com/tools/suspects/view/200">suspect thread</a>.</strong></div>
|j|☆bluebuckythepro
|j|☆oliwog
|t:|1776085811
|gametype|singles
|player|p1|bluebuckythepro|alder|1110
|player|p2|oliwog|benga|1123
|gen|9
|tier|[Gen 9] OU
|rated|
|rule|HP Percentage Mod: HP is shown in percentages
|rule|Endless Battle Clause: Forcing endless battles is banned
|rule|Species Clause: Limit one of each Pokémon
|rule|OHKO Clause: OHKO moves are banned
|rule|Evasion Items Clause: Evasion items are banned
|rule|Evasion Moves Clause: Evasion moves are banned
|rule|Evasion Abilities Clause: Evasion abilities are banned
|rule|Sleep Moves Clause: Sleep-inducing moves are banned
|clearpoke
|poke|p1|Swampert, M|
|poke|p1|Gholdengo|
|poke|p1|Arcanine-Hisui, M|
|poke|p1|Hawlucha, M|
|poke|p1|Raichu-Alola, M|
|poke|p1|Grimmsnarl, M|
|poke|p2|Haxorus, M|
|poke|p2|Ninetales-Alola, F|
|poke|p2|Alomomola, F|
|poke|p2|Scizor, M|
|poke|p2|Cinderace, M|
|poke|p2|Garganacl, F|
|teampreview
|inactive|Battle timer is ON: inactive players will automatically lose when time's up. (requested by oliwog)
|inactive|bluebuckythepro has 120 seconds left.
|
|t:|1776085891
|teamsize|p1|6
|teamsize|p2|6
|start
|switch|p1a: Hawlucha|Hawlucha, M|100/100
|switch|p2a: blow up NJ|Ninetales-Alola, F|100/100
|-ability|p1a: Hawlucha|Mold Breaker
|-weather|Snowscape|[from] ability: Snow Warning|[of] p2a: blow up NJ
|turn|1
|
|t:|1776085905
|move|p1a: Hawlucha|Swords Dance|p1a: Hawlucha
|-boost|p1a: Hawlucha|atk|2
|move|p2a: blow up NJ|Aurora Veil|p2a: blow up NJ
|-sidestart|p2: oliwog|move: Aurora Veil
|
|-weather|Snowscape|[upkeep]
|upkeep
|turn|2
|
|t:|1776085911
|move|p1a: Hawlucha|Defog|p2a: blow up NJ
|-unboost|p2a: blow up NJ|evasion|1
|-sideend|p2: oliwog|move: Aurora Veil
|move|p2a: blow up NJ|Encore|p1a: Hawlucha
|-start|p1a: Hawlucha|Encore
|
|-weather|Snowscape|[upkeep]
|upkeep
|turn|3
|
|t:|1776085923
|switch|p2a: Glave|Haxorus, M, shiny|100/100
|-ability|p2a: Glave|Mold Breaker
|move|p1a: Hawlucha|Defog|p2a: Glave
|-unboost|p2a: Glave|evasion|1
|
|-weather|Snowscape|[upkeep]
|upkeep
|turn|4
|
|t:|1776085930
|move|p1a: Hawlucha|Defog|p2a: Glave
|-unboost|p2a: Glave|evasion|1
|move|p2a: Glave|Swords Dance|p2a: Glave
|-boost|p2a: Glave|atk|2
|-enditem|p1a: Hawlucha|Mirror Herb
|-boost|p1a: Hawlucha|atk|2|[from] item: Mirror Herb
|
|-weather|Snowscape|[upkeep]
|upkeep
|turn|5
|
|t:|1776085942
|move|p1a: Hawlucha|Defog|p2a: Glave
|-unboost|p2a: Glave|evasion|1
|move|p2a: Glave|Scale Shot|p1a: Hawlucha|[miss]
|-miss|p2a: Glave|p1a: Hawlucha
|
|-weather|none
|-end|p1a: Hawlucha|Encore
|upkeep
|turn|6
|
|t:|1776085971
|move|p1a: Hawlucha|Flying Press|p2a: Glave
|-damage|p2a: Glave|0 fnt
|faint|p2a: Glave
|
|upkeep
|
|t:|1776085978
|switch|p2a: Alomomola|Alomomola, F|100/100
|turn|7
|
|t:|1776085997
|move|p1a: Hawlucha|Flying Press|p2a: Alomomola
|-damage|p2a: Alomomola|22/100
|-damage|p1a: Hawlucha|84/100|[from] item: Rocky Helmet|[of] p2a: Alomomola
|move|p2a: Alomomola|Flip Turn|p1a: Hawlucha
|-damage|p1a: Hawlucha|60/100
|
|t:|1776086004
|switch|p2a: jammy|Cinderace, M|100/100|[from] Flip Turn
|
|upkeep
|turn|8
|
|t:|1776086008
|move|p2a: jammy|Pyro Ball|p1a: Hawlucha
|-damage|p1a: Hawlucha|0 fnt
|faint|p1a: Hawlucha
|
|upkeep
|
|t:|1776086030
|switch|p1a: Grimmsnarl|Grimmsnarl, M|100/100
|turn|9
|
|t:|1776086037
|switch|p2a: Scizor|Scizor, M|100/100
|move|p1a: Grimmsnarl|Trick|p2a: Scizor
|-activate|p1a: Grimmsnarl|move: Trick|[of] p2a: Scizor
|-item|p2a: Scizor|Choice Scarf|[from] move: Trick
|-item|p1a: Grimmsnarl|Heavy-Duty Boots|[from] move: Trick
|
|upkeep
|turn|10
|inactive|bluebuckythepro has 120 seconds left.
|inactive|bluebuckythepro has 90 seconds left.
|inactive|bluebuckythepro has 60 seconds left.
|
|t:|1776086131
|move|p2a: Scizor|Bullet Punch|p1a: Grimmsnarl
|-supereffective|p1a: Grimmsnarl
|-damage|p1a: Grimmsnarl|3/100
|move|p1a: Grimmsnarl|Thunder Wave|p2a: Scizor
|-status|p2a: Scizor|par
|
|upkeep
|turn|11
|
|t:|1776086139
|cant|p2a: Scizor|par
|move|p1a: Grimmsnarl|False Surrender|p2a: Scizor
|-damage|p2a: Scizor|61/100 par
|
|upkeep
|turn|12
|
|t:|1776086144
|cant|p2a: Scizor|par
|move|p1a: Grimmsnarl|False Surrender|p2a: Scizor
|-damage|p2a: Scizor|18/100 par
|
|upkeep
|turn|13
|
|t:|1776086149
|move|p2a: Scizor|Bullet Punch|p1a: Grimmsnarl
|-supereffective|p1a: Grimmsnarl
|-damage|p1a: Grimmsnarl|0 fnt
|faint|p1a: Grimmsnarl
|
|upkeep
|inactive|bluebuckythepro has 60 seconds left.
|inactive|bluebuckythepro has 30 seconds left.
|
|t:|1776086210
|switch|p1a: Gholdengo|Gholdengo|100/100
|turn|14
|inactive|bluebuckythepro has 30 seconds left.
|inactive|bluebuckythepro has 20 seconds left.
|
|t:|1776086229
|switch|p2a: jammy|Cinderace, M|100/100
|move|p1a: Gholdengo|Shadow Ball|p2a: jammy
|-damage|p2a: jammy|22/100
|-damage|p1a: Gholdengo|91/100|[from] item: Life Orb
|
|upkeep
|turn|15
|inactive|bluebuckythepro has 30 seconds left this turn.
|inactive|bluebuckythepro has 20 seconds left.
|
|t:|1776086242
|switch|p1a: Swampert|Swampert, M|100/100
|move|p2a: jammy|Sucker Punch||[still]
|-fail|p2a: jammy
|
|upkeep
|turn|16
|inactive|bluebuckythepro has 30 seconds left this turn.
|
|t:|1776086250
|switch|p2a: blow up NJ|Ninetales-Alola, F|100/100
|-weather|Snowscape|[from] ability: Snow Warning|[of] p2a: blow up NJ
|move|p1a: Swampert|Earthquake|p2a: blow up NJ
|-crit|p2a: blow up NJ
|-damage|p2a: blow up NJ|17/100
|
|-weather|Snowscape|[upkeep]
|upkeep
|turn|17
|
|t:|1776086259
|move|p2a: blow up NJ|Freeze-Dry|p1a: Swampert
|-supereffective|p1a: Swampert
|-damage|p1a: Swampert|0 fnt
|faint|p1a: Swampert
|
|-weather|Snowscape|[upkeep]
|upkeep
|inactive|bluebuckythepro has 30 seconds left.
|inactive|bluebuckythepro has 20 seconds left.
|inactive|bluebuckythepro has 15 seconds left.
|inactive|bluebuckythepro has 10 seconds left.
|inactive|bluebuckythepro has 5 seconds left.
|
|t:|1776086298
|switch|p1a: Arcanine|Arcanine-Hisui, M|100/100
|turn|18
|inactive|bluebuckythepro has 15 seconds left this turn.
|inactiveoff|Battle timer is now OFF.
|
|t:|1776086309
|move|p1a: Arcanine|Extreme Speed|p2a: blow up NJ
|-damage|p2a: blow up NJ|0 fnt
|faint|p2a: blow up NJ
|
|-weather|Snowscape|[upkeep]
|upkeep
|
|t:|1776086341
|switch|p2a: Garganacl|Garganacl, F|100/100
|turn|19
|
|t:|1776086361
|switch|p1a: Raichu|Raichu-Alola, M|100/100
|move|p2a: Garganacl|Earthquake|p1a: Raichu
|-supereffective|p1a: Raichu
|-damage|p1a: Raichu|0 fnt
|faint|p1a: Raichu
|
|-weather|Snowscape|[upkeep]
|upkeep
|
|t:|1776086363
|switch|p1a: Gholdengo|Gholdengo|91/100
|turn|20
|
|t:|1776086372
|move|p1a: Gholdengo|Make It Rain|p2a: Garganacl
|-supereffective|p2a: Garganacl
|-damage|p2a: Garganacl|0 fnt
|-unboost|p1a: Gholdengo|spa|1
|faint|p2a: Garganacl
|-damage|p1a: Gholdengo|81/100|[from] item: Life Orb
|
|-weather|none
|upkeep
|
|t:|1776086381
|switch|p2a: Alomomola|Alomomola, F|55/100
|turn|21
|
|t:|1776086391
|move|p1a: Gholdengo|Nasty Plot|p1a: Gholdengo
|-boost|p1a: Gholdengo|spa|2
|move|p2a: Alomomola|Wish|p2a: Alomomola
|
|upkeep
|turn|22
|
|t:|1776086409
|move|p1a: Gholdengo|Make It Rain|p2a: Alomomola
|-resisted|p2a: Alomomola
|-damage|p2a: Alomomola|0 fnt
|-unboost|p1a: Gholdengo|spa|1
|faint|p2a: Alomomola
|-damage|p1a: Gholdengo|71/100|[from] item: Life Orb
|
|upkeep
|
|t:|1776086422
|switch|p2a: jammy|Cinderace, M|22/100
|turn|23
|
|t:|1776086431
|move|p2a: jammy|Sucker Punch|p1a: Gholdengo
|-start|p2a: jammy|typechange|Dark|[from] ability: Libero
|-supereffective|p1a: Gholdengo
|-damage|p1a: Gholdengo|0 fnt
|faint|p1a: Gholdengo
|
|upkeep
|
|t:|1776086457
|switch|p1a: Arcanine|Arcanine-Hisui, M|100/100
|turn|24
|
|t:|1776086465
|-terastallize|p1a: Arcanine|Normal
|move|p1a: Arcanine|Extreme Speed|p2a: jammy
|-damage|p2a: jammy|0 fnt
|faint|p2a: jammy
|
|upkeep
|
|t:|1776086471
|switch|p2a: Scizor|Scizor, M|18/100 par
|turn|25
|
|t:|1776086477
|-terastallize|p2a: Scizor|Steel
|move|p1a: Arcanine|Extreme Speed|p2a: Scizor
|-resisted|p2a: Scizor
|-damage|p2a: Scizor|0 fnt
|faint|p2a: Scizor
|
|win|bluebuckythepro
|raw|bluebuckythepro's rating: 1110 &rarr; <strong>1136</strong><br />(+26 for winning)
|raw|oliwog's rating: 1123 &rarr; <strong>1097</strong><br />(-26 for losing)
|c|☆bluebuckythepro|Gg
|c|☆oliwog|ggs
|l|☆oliwog
|player|p2|
|l|☆bluebuckythepro
|player|p1|
