|html|<div class="broadcast-blue"><strong>[Gen 9] OU is currently suspecting Tera Blast! For information on how to participate check out the <a href="https://www.smogon.com/tools/suspects/view/200">suspect thread</a>.</strong></div>
|j|☆c0sl0
|j|☆Sharpergamer
|t:|1776055375
|gametype|singles
|player|p1|c0sl0|ingo|1070
|player|p2|Sharpergamer|gentleman|1066
|gen|9
|tier|[Gen 9] OU
|rated|
|rule|HP Percentage Mod: HP is shown in percentages
|rule|Endless Battle Clause: Forcing endless battles is banned
|rule|Species Clause: Limit one of each Pokémon
|rule|OHKO Clause: OHKO moves are banned
|rule|Evasion Items Clause: Evasion items are banned
|rule|Evasion Moves Clause: Evasion moves are banned
|rule|Evasion Abilities Clause: Evasion abilities are banned
|rule|Sleep Moves Clause: Sleep-inducing moves are banned
|clearpoke
|poke|p1|Tyranitar, F|
|poke|p1|Excadrill, F|
|poke|p1|Skarmory, M|
|poke|p1|Rotom-Wash|
|poke|p1|Primarina, F|
|poke|p1|Garchomp, F|
|poke|p2|Conkeldurr, F|
|poke|p2|Kingambit, F|
|poke|p2|Spidops, M|
|poke|p2|Ursaluna, F|
|poke|p2|Cinderace, F|
|poke|p2|Gengar, F|
|teampreview
|
|t:|1776055383
|teamsize|p1|6
|teamsize|p2|6
|start
|switch|p1a: Tyranitar|Tyranitar, F|100/100
|switch|p2a: Cinderace|Cinderace, F|100/100
|-weather|Sandstorm|[from] ability: Sand Stream|[of] p1a: Tyranitar
|turn|1
|inactive|Battle timer is ON: inactive players will automatically lose when time's up. (requested by Sharpergamer)
|
|t:|1776055394
|switch|p1a: Rotom|Rotom-Wash|100/100
|move|p2a: Cinderace|High Jump Kick|p1a: Rotom
|-start|p2a: Cinderace|typechange|Fighting|[from] ability: Libero
|-damage|p1a: Rotom|12/100
|
|-weather|Sandstorm|[upkeep]
|-damage|p2a: Cinderace|95/100|[from] Sandstorm
|-damage|p1a: Rotom|6/100|[from] Sandstorm
|upkeep
|turn|2
|
|t:|1776055405
|move|p2a: Cinderace|High Jump Kick|p1a: Rotom
|-damage|p1a: Rotom|0 fnt
|faint|p1a: Rotom
|
|-weather|Sandstorm|[upkeep]
|-damage|p2a: Cinderace|89/100|[from] Sandstorm
|upkeep
|
|t:|1776055412
|switch|p1a: Primarina|Primarina, F|100/100
|turn|3
|
|t:|1776055421
|switch|p2a: Spidops|Spidops, M|100/100
|move|p1a: Primarina|Moonblast|p2a: Spidops
|-damage|p2a: Spidops|16/100
|-unboost|p2a: Spidops|spa|1
|
|-weather|Sandstorm|[upkeep]
|-damage|p1a: Primarina|94/100|[from] Sandstorm
|-damage|p2a: Spidops|10/100|[from] Sandstorm
|upkeep
|turn|4
|
|t:|1776055430
|move|p2a: Spidops|First Impression|p1a: Primarina
|-resisted|p1a: Primarina
|-damage|p1a: Primarina|78/100
|move|p1a: Primarina|Moonblast|p2a: Spidops
|-crit|p2a: Spidops
|-damage|p2a: Spidops|0 fnt
|faint|p2a: Spidops
|
|-weather|Sandstorm|[upkeep]
|-damage|p1a: Primarina|72/100|[from] Sandstorm
|upkeep
|
|t:|1776055439
|switch|p2a: Cinderace|Cinderace, F|89/100
|turn|5
|
|t:|1776055447
|switch|p1a: Garchomp|Garchomp, F|100/100
|move|p2a: Cinderace|Iron Head|p1a: Garchomp
|-start|p2a: Cinderace|typechange|Steel|[from] ability: Libero
|-damage|p1a: Garchomp|71/100
|-damage|p2a: Cinderace|76/100|[from] ability: Rough Skin|[of] p1a: Garchomp
|-damage|p2a: Cinderace|60/100|[from] item: Rocky Helmet|[of] p1a: Garchomp
|
|-weather|Sandstorm|[upkeep]
|upkeep
|turn|6
|
|t:|1776055459
|switch|p2a: Ursaluna|Ursaluna, F|100/100
|move|p1a: Garchomp|Earthquake|p2a: Ursaluna
|-damage|p2a: Ursaluna|71/100
|
|-weather|Sandstorm|[upkeep]
|-status|p2a: Ursaluna|brn|[from] item: Flame Orb
|upkeep
|turn|7
|
|t:|1776055470
|move|p2a: Ursaluna|Seed Bomb|p1a: Garchomp
|-damage|p1a: Garchomp|39/100
|move|p1a: Garchomp|Dragon Tail|p2a: Ursaluna|[miss]
|-miss|p1a: Garchomp|p2a: Ursaluna
|
|-weather|Sandstorm|[upkeep]
|-damage|p2a: Ursaluna|65/100 brn|[from] brn
|upkeep
|turn|8
|
|t:|1776055483
|switch|p1a: Primarina|Primarina, F|72/100
|-terastallize|p2a: Ursaluna|Grass
|move|p2a: Ursaluna|Seed Bomb|p1a: Primarina
|-supereffective|p1a: Primarina
|-damage|p1a: Primarina|0 fnt
|faint|p1a: Primarina
|
|-weather|none
|-damage|p2a: Ursaluna|59/100 brn|[from] brn
|upkeep
|
|t:|1776055493
|switch|p1a: Tyranitar|Tyranitar, F|100/100
|-weather|Sandstorm|[from] ability: Sand Stream|[of] p1a: Tyranitar
|turn|9
|
|t:|1776055499
|move|p1a: Tyranitar|Ice Punch|p2a: Ursaluna
|-supereffective|p2a: Ursaluna
|-damage|p2a: Ursaluna|26/100 brn
|move|p2a: Ursaluna|Seed Bomb|p1a: Tyranitar
|-supereffective|p1a: Tyranitar
|-damage|p1a: Tyranitar|0 fnt
|faint|p1a: Tyranitar
|
|-weather|Sandstorm|[upkeep]
|-damage|p2a: Ursaluna|19/100 brn|[from] Sandstorm
|-damage|p2a: Ursaluna|13/100 brn|[from] brn
|upkeep
|
|t:|1776055509
|switch|p1a: Skarmory|Skarmory, M|100/100
|turn|10
|
|t:|1776055513
|move|p1a: Skarmory|Spikes|p2a: Ursaluna
|-sidestart|p2: Sharpergamer|Spikes
|move|p2a: Ursaluna|Facade|p1a: Skarmory
|-resisted|p1a: Skarmory
|-crit|p1a: Skarmory
|-damage|p1a: Skarmory|41/100
|-damage|p2a: Ursaluna|0 fnt|[from] item: Rocky Helmet|[of] p1a: Skarmory
|faint|p2a: Ursaluna
|
|-weather|Sandstorm|[upkeep]
|upkeep
|
|t:|1776055521
|switch|p2a: Gengar|Gengar, F|100/100
|-damage|p2a: Gengar|88/100|[from] Spikes
|turn|11
|
|t:|1776055526
|move|p2a: Gengar|Trick|p1a: Skarmory
|-activate|p2a: Gengar|move: Trick|[of] p1a: Skarmory
|-item|p1a: Skarmory|Choice Scarf|[from] move: Trick
|-item|p2a: Gengar|Rocky Helmet|[from] move: Trick
|move|p1a: Skarmory|Roost|p1a: Skarmory
|-heal|p1a: Skarmory|91/100
|-singleturn|p1a: Skarmory|move: Roost
|
|-weather|Sandstorm|[upkeep]
|-damage|p2a: Gengar|82/100|[from] Sandstorm
|upkeep
|turn|12
|
|t:|1776055538
|switch|p2a: Conkeldurr|Conkeldurr, F|100/100
|-damage|p2a: Conkeldurr|88/100|[from] Spikes
|move|p1a: Skarmory|Roost|p1a: Skarmory
|-heal|p1a: Skarmory|100/100
|-singleturn|p1a: Skarmory|move: Roost
|
|-weather|Sandstorm|[upkeep]
|-damage|p2a: Conkeldurr|82/100|[from] Sandstorm
|-status|p2a: Conkeldurr|brn|[from] item: Flame Orb
|upkeep
|turn|13
|
|t:|1776055549
|move|p2a: Conkeldurr|Mach Punch|p1a: Skarmory
|-damage|p1a: Skarmory|80/100
|move|p1a: Skarmory|Roost|p1a: Skarmory
|-heal|p1a: Skarmory|100/100
|-singleturn|p1a: Skarmory|move: Roost
|
|-weather|Sandstorm|[upkeep]
|-damage|p2a: Conkeldurr|76/100 brn|[from] Sandstorm
|-damage|p2a: Conkeldurr|70/100 brn|[from] brn
|upkeep
|turn|14
|
|t:|1776055559
|switch|p1a: Garchomp|Garchomp, F|39/100
|move|p2a: Conkeldurr|Thunder Punch|p1a: Garchomp
|-immune|p1a: Garchomp
|
|-weather|Sandstorm|[upkeep]
|-damage|p2a: Conkeldurr|64/100 brn|[from] Sandstorm
|-damage|p2a: Conkeldurr|58/100 brn|[from] brn
|upkeep
|turn|15
|
|t:|1776055571
|move|p2a: Conkeldurr|Mach Punch|p1a: Garchomp
|-damage|p1a: Garchomp|14/100
|-damage|p2a: Conkeldurr|46/100 brn|[from] ability: Rough Skin|[of] p1a: Garchomp
|-damage|p2a: Conkeldurr|29/100 brn|[from] item: Rocky Helmet|[of] p1a: Garchomp
|move|p1a: Garchomp|Earthquake|p2a: Conkeldurr
|-damage|p2a: Conkeldurr|0 fnt
|faint|p2a: Conkeldurr
|
|-weather|Sandstorm|[upkeep]
|upkeep
|
|t:|1776055580
|switch|p2a: Gengar|Gengar, F|82/100
|-damage|p2a: Gengar|70/100|[from] Spikes
|turn|16
|
|t:|1776055585
|move|p2a: Gengar|Shadow Ball|p1a: Garchomp
|-damage|p1a: Garchomp|0 fnt
|faint|p1a: Garchomp
|
|-weather|none
|upkeep
|
|t:|1776055591
|switch|p1a: Excadrill|Excadrill, F|100/100
|turn|17
|
|t:|1776055593
|move|p2a: Gengar|Shadow Ball|p1a: Excadrill
|-damage|p1a: Excadrill|42/100
|move|p1a: Excadrill|Earthquake|p2a: Gengar
|-supereffective|p2a: Gengar
|-damage|p2a: Gengar|0 fnt
|-start|p1a: Excadrill|Disable|Earthquake|[from] ability: Cursed Body|[of] p2a: Gengar
|faint|p2a: Gengar
|-damage|p1a: Excadrill|32/100|[from] item: Life Orb
|
|upkeep
|
|t:|1776055602
|switch|p2a: Cinderace|Cinderace, F|60/100
|-damage|p2a: Cinderace|48/100|[from] Spikes
|turn|18
|
|t:|1776055609
|move|p2a: Cinderace|Pyro Ball|p1a: Excadrill
|-supereffective|p1a: Excadrill
|-damage|p1a: Excadrill|0 fnt
|faint|p1a: Excadrill
|
|upkeep
|
|t:|1776055613
|switch|p1a: Skarmory|Skarmory, M|100/100
|turn|19
|
|t:|1776055617
|move|p2a: Cinderace|Pyro Ball|p1a: Skarmory
|-supereffective|p1a: Skarmory
|-damage|p1a: Skarmory|26/100
|move|p1a: Skarmory|Body Press|p2a: Cinderace
|-damage|p2a: Cinderace|5/100
|
|upkeep
|turn|20
|
|t:|1776055625
|move|p2a: Cinderace|Pyro Ball|p1a: Skarmory
|-supereffective|p1a: Skarmory
|-damage|p1a: Skarmory|0 fnt
|faint|p1a: Skarmory
|
|win|Sharpergamer
|raw|c0sl0's rating: 1070 &rarr; <strong>1049</strong><br />(-21 for losing)
|raw|Sharpergamer's rating: 1066 &rarr; <strong>1096</strong><br />(+30 for winning)
|l|☆Sharpergamer
|player|p2|
