|html|<div class="broadcast-blue"><strong>[Gen 9] OU is currently suspecting Tera Blast! For information on how to participate check out the <a href="https://www.smogon.com/tools/suspects/view/200">suspect thread</a>.</strong></div>
|j|☆mlbebek
|j|☆Waldenjames
|t:|1776140816
|gametype|singles
|player|p1|mlbebek|policeman|1098
|player|p2|Waldenjames|2|1078
|gen|9
|tier|[Gen 9] OU
|rated|
|rule|HP Percentage Mod: HP is shown in percentages
|rule|Endless Battle Clause: Forcing endless battles is banned
|rule|Species Clause: Limit one of each Pokémon
|rule|OHKO Clause: OHKO moves are banned
|rule|Evasion Items Clause: Evasion items are banned
|rule|Evasion Moves Clause: Evasion moves are banned
|rule|Evasion Abilities Clause: Evasion abilities are banned
|rule|Sleep Moves Clause: Sleep-inducing moves are banned
|clearpoke
|poke|p1|Kommo-o, M|
|poke|p1|Weavile, M|
|poke|p1|Deoxys-Speed|
|poke|p1|Tentacruel, M|
|poke|p1|Sylveon, M|
|poke|p1|Magnezone|
|poke|p2|Dusknoir, M|
|poke|p2|Porygon2|
|poke|p2|Cinderace, F|
|poke|p2|Heracross, M|
|poke|p2|Greninja-*, M|
|poke|p2|Thundurus-Therian, M|
|teampreview
|inactive|Battle timer is ON: inactive players will automatically lose when time's up. (requested by Waldenjames)
|
|t:|1776140844
|teamsize|p1|6
|teamsize|p2|6
|start
|switch|p1a: Deoxys|Deoxys-Speed|100/100
|switch|p2a: Dusknoir|Dusknoir, M|100/100
|-ability|p1a: Deoxys|Pressure
|-item|p1a: Deoxys|Light Clay|[from] ability: Frisk|[of] p2a: Dusknoir
|turn|1
|
|t:|1776140850
|move|p1a: Deoxys|Reflect|p1a: Deoxys
|-sidestart|p1: mlbebek|Reflect
|move|p2a: Dusknoir|Poltergeist|p1a: Deoxys
|-activate|p1a: Deoxys|move: Poltergeist|Light Clay
|-supereffective|p1a: Deoxys
|-damage|p1a: Deoxys|0 fnt
|faint|p1a: Deoxys
|
|upkeep
|
|t:|1776140867
|switch|p1a: Weavile|Weavile, M|100/100
|-ability|p1a: Weavile|Pressure
|turn|2
|
|t:|1776140871
|move|p1a: Weavile|Hone Claws|p1a: Weavile
|-boost|p1a: Weavile|atk|1
|-boost|p1a: Weavile|accuracy|1
|move|p2a: Dusknoir|Poltergeist|p1a: Weavile
|-activate|p1a: Weavile|move: Poltergeist|Loaded Dice
|-resisted|p1a: Weavile
|-crit|p1a: Weavile
|-damage|p1a: Weavile|5/100
|
|upkeep
|turn|3
|
|t:|1776140881
|switch|p2a: Greninja|Greninja, M|100/100
|move|p1a: Weavile|Knock Off|p2a: Greninja
|-resisted|p2a: Greninja
|-damage|p2a: Greninja|45/100
|-enditem|p2a: Greninja|Loaded Dice|[from] move: Knock Off|[of] p1a: Weavile
|
|upkeep
|turn|4
|
|t:|1776140887
|move|p2a: Greninja|Water Shuriken|p1a: Weavile
|-damage|p1a: Weavile|0 fnt
|faint|p1a: Weavile
|-ability|p2a: Greninja|Battle Bond|boost
|-boost|p2a: Greninja|atk|1
|-boost|p2a: Greninja|spa|1
|-boost|p2a: Greninja|spe|1
|-activate|p2a: Greninja|ability: Battle Bond
|-hitcount|p1: Weavile|1
|
|upkeep
|
|t:|1776140890
|switch|p1a: Magnezone|Magnezone|100/100
|-item|p1a: Magnezone|Air Balloon
|turn|5
|
|t:|1776140896
|move|p2a: Greninja|Dark Pulse|p1a: Magnezone
|-damage|p1a: Magnezone|43/100
|-enditem|p1a: Magnezone|Air Balloon
|move|p1a: Magnezone|Thunder Wave|p2a: Greninja
|-status|p2a: Greninja|par
|
|upkeep
|turn|6
|
|t:|1776140901
|move|p2a: Greninja|Dark Pulse|p1a: Magnezone
|-damage|p1a: Magnezone|0 fnt
|faint|p1a: Magnezone
|
|upkeep
|
|t:|1776140903
|switch|p1a: Kommo-o|Kommo-o, M|100/100
|turn|7
|
|t:|1776140906
|move|p1a: Kommo-o|Clangorous Soul|p1a: Kommo-o
|-boost|p1a: Kommo-o|atk|1
|-boost|p1a: Kommo-o|def|1
|-boost|p1a: Kommo-o|spa|1
|-boost|p1a: Kommo-o|spd|1
|-boost|p1a: Kommo-o|spe|1
|-damage|p1a: Kommo-o|68/100
|-enditem|p1a: Kommo-o|Throat Spray
|-boost|p1a: Kommo-o|spa|1|[from] item: Throat Spray
|move|p2a: Greninja|Extrasensory|p1a: Kommo-o
|-supereffective|p1a: Kommo-o
|-damage|p1a: Kommo-o|5/100
|
|upkeep
|turn|8
|
|t:|1776140915
|move|p2a: Greninja|Water Shuriken|p1a: Kommo-o
|-resisted|p1a: Kommo-o
|-damage|p1a: Kommo-o|0 fnt
|faint|p1a: Kommo-o
|-hitcount|p1: Kommo-o|1
|
|-sideend|p1: mlbebek|Reflect
|upkeep
|-message|mlbebek forfeited.
|
|win|Waldenjames
|raw|mlbebek's rating: 1098 &rarr; <strong>1072</strong><br />(-26 for losing)
|raw|Waldenjames's rating: 1078 &rarr; <strong>1108</strong><br />(+30 for winning)
|l|☆mlbebek
|player|p1|
|j|☆mlbebek
|player|p1|mlbebek|policeman|
