|html|<div class="broadcast-blue"><strong>[Gen 9] OU is currently suspecting Volcarona! For information on how to participate check out the <a href="https://www.smogon.com/tools/suspects/view/208">suspect thread</a>.</strong></div>
|j|‽ihangwithbears
|j|☆Pelogrulla72
|t:|1778511989
|gametype|singles
|player|p1|ihangwithbears|ruinmaniac|1129
|player|p2|Pelogrulla72|erika|1165
|gen|9
|tier|[Gen 9] OU
|rated|
|rule|HP Percentage Mod: HP is shown in percentages
|rule|Endless Battle Clause: Forcing endless battles is banned
|rule|Species Clause: Limit one of each Pokémon
|rule|OHKO Clause: OHKO moves are banned
|rule|Evasion Items Clause: Evasion items are banned
|rule|Evasion Moves Clause: Evasion moves are banned
|rule|Evasion Abilities Clause: Evasion abilities are banned
|rule|Sleep Moves Clause: Sleep-inducing moves are banned
|clearpoke
|poke|p1|Kingdra, F|
|poke|p1|Grimmsnarl, M|
|poke|p1|Great Tusk|
|poke|p1|Pecharunt|
|poke|p1|Ogerpon-Wellspring, F|
|poke|p1|Dragonite, M|
|poke|p2|Ninetales, M|
|poke|p2|Victreebel, M|
|poke|p2|Venusaur, M|
|poke|p2|Great Tusk|
|poke|p2|Raging Bolt|
|poke|p2|Cinderace, M|
|teampreview
|
|t:|1778512006
|teamsize|p1|6
|teamsize|p2|6
|start
|switch|p1a: Grimmsnarl|Grimmsnarl, M|100/100
|switch|p2a: Lorenzo|Ninetales, M|100/100
|-weather|SunnyDay|[from] ability: Drought|[of] p2a: Lorenzo
|turn|1
|inactive|Battle timer is ON: inactive players will automatically lose when time's up. (requested by Pelogrulla72)
|
|t:|1778512016
|switch|p2a: The World|Victreebel, M, shiny|100/100
|move|p1a: Grimmsnarl|Light Screen|p1a: Grimmsnarl
|-sidestart|p1: ihangwithbears|move: Light Screen
|
|-weather|SunnyDay|[upkeep]
|upkeep
|turn|2
|
|t:|1778512023
|move|p1a: Grimmsnarl|Reflect|p1a: Grimmsnarl
|-sidestart|p1: ihangwithbears|Reflect
|move|p2a: The World|Growth|p2a: The World
|-boost|p2a: The World|atk|2
|-boost|p2a: The World|spa|2
|
|-weather|SunnyDay|[upkeep]
|upkeep
|turn|3
|
|t:|1778512026
|move|p1a: Grimmsnarl|Parting Shot|p2a: The World
|-unboost|p2a: The World|atk|1
|-unboost|p2a: The World|spa|1
|inactive|ihangwithbears has 120 seconds left.
|
|t:|1778512071
|switch|p1a: Pecharunt|Pecharunt|100/100|[from] Parting Shot
|move|p2a: The World|Sludge Bomb|p1a: Pecharunt
|-resisted|p1a: Pecharunt
|-damage|p1a: Pecharunt|90/100
|-damage|p2a: The World|91/100|[from] item: Life Orb
|
|-weather|SunnyDay|[upkeep]
|-heal|p1a: Pecharunt|96/100|[from] item: Leftovers
|upkeep
|turn|4
|inactive|ihangwithbears has 120 seconds left.
|
|t:|1778512081
|move|p2a: The World|Growth|p2a: The World
|-boost|p2a: The World|atk|2
|-boost|p2a: The World|spa|2
|move|p1a: Pecharunt|Nasty Plot|p1a: Pecharunt
|-boost|p1a: Pecharunt|spa|2
|
|-weather|SunnyDay|[upkeep]
|-heal|p1a: Pecharunt|100/100|[from] item: Leftovers
|upkeep
|turn|5
|
|t:|1778512090
|move|p2a: The World|Weather Ball|p1a: Pecharunt
|-damage|p1a: Pecharunt|22/100
|-damage|p2a: The World|81/100|[from] item: Life Orb
|move|p1a: Pecharunt|Malignant Chain|p2a: The World
|-damage|p2a: The World|0 fnt
|faint|p2a: The World
|
|-weather|SunnyDay|[upkeep]
|-heal|p1a: Pecharunt|28/100|[from] item: Leftovers
|upkeep
|
|t:|1778512101
|switch|p2a: Copernico|Venusaur, M, shiny|100/100
|turn|6
|inactive|ihangwithbears has 120 seconds left.
|
|t:|1778512142
|switch|p1a: Kingdra|Kingdra, F|100/100
|move|p2a: Copernico|Earth Power|p1a: Kingdra
|-damage|p1a: Kingdra|85/100
|
|-weather|SunnyDay|[upkeep]
|upkeep
|turn|7
|
|t:|1778512149
|move|p2a: Copernico|Growth|p2a: Copernico
|-boost|p2a: Copernico|atk|2
|-boost|p2a: Copernico|spa|2
|move|p1a: Kingdra|Focus Energy|p1a: Kingdra
|-start|p1a: Kingdra|move: Focus Energy
|
|-weather|SunnyDay|[upkeep]
|upkeep
|turn|8
|
|t:|1778512160
|move|p2a: Copernico|Giga Drain|p1a: Kingdra
|-damage|p1a: Kingdra|50/100
|move|p1a: Kingdra|Draco Meteor|p2a: Copernico
|-crit|p2a: Copernico
|-damage|p2a: Copernico|0 fnt
|-unboost|p1a: Kingdra|spa|2
|faint|p2a: Copernico
|
|-weather|none
|-sideend|p1: ihangwithbears|move: Light Screen
|upkeep
|
|t:|1778512166
|switch|p2a: Lorenzo|Ninetales, M|100/100
|-weather|SunnyDay|[from] ability: Drought|[of] p2a: Lorenzo
|turn|9
|
|t:|1778512180
|move|p2a: Lorenzo|Solar Beam||[still]
|-prepare|p2a: Lorenzo|Solar Beam
|-anim|p2a: Lorenzo|Solar Beam|p1a: Kingdra
|-crit|p1a: Kingdra
|-damage|p1a: Kingdra|0 fnt
|faint|p1a: Kingdra
|
|-weather|SunnyDay|[upkeep]
|-sideend|p1: ihangwithbears|Reflect
|upkeep
|
|t:|1778512191
|switch|p1a: Grimmsnarl|Grimmsnarl, M|100/100
|turn|10
|
|t:|1778512205
|switch|p2a: By Fer|Raging Bolt|100/100
|-activate|p2a: By Fer|ability: Protosynthesis
|-start|p2a: By Fer|protosynthesisspa
|move|p1a: Grimmsnarl|Light Screen|p1a: Grimmsnarl
|-sidestart|p1: ihangwithbears|move: Light Screen
|
|-weather|SunnyDay|[upkeep]
|upkeep
|turn|11
|
|t:|1778512214
|move|p2a: By Fer|Calm Mind|p2a: By Fer
|-boost|p2a: By Fer|spa|1
|-boost|p2a: By Fer|spd|1
|move|p1a: Grimmsnarl|Spirit Break|p2a: By Fer
|-supereffective|p2a: By Fer
|-damage|p2a: By Fer|53/100
|-unboost|p2a: By Fer|spa|1
|
|-weather|SunnyDay|[upkeep]
|-heal|p2a: By Fer|59/100|[from] item: Leftovers
|upkeep
|turn|12
|
|t:|1778512227
|move|p2a: By Fer|Thunderbolt|p1a: Grimmsnarl
|-damage|p1a: Grimmsnarl|75/100
|move|p1a: Grimmsnarl|Spirit Break|p2a: By Fer
|-supereffective|p2a: By Fer
|-damage|p2a: By Fer|13/100
|-unboost|p2a: By Fer|spa|1
|
|-weather|SunnyDay|[upkeep]
|-heal|p2a: By Fer|19/100|[from] item: Leftovers
|upkeep
|turn|13
|
|t:|1778512236
|-end|p2a: By Fer|Protosynthesis|[silent]
|switch|p2a: Lorenzo|Ninetales, M|100/100
|move|p1a: Grimmsnarl|Spirit Break|p2a: Lorenzo
|-resisted|p2a: Lorenzo
|-damage|p2a: Lorenzo|79/100
|-unboost|p2a: Lorenzo|spa|1
|
|-weather|SunnyDay|[upkeep]
|upkeep
|turn|14
|
|t:|1778512241
|switch|p2a: Pau Palacín|Cinderace, M, shiny|100/100
|move|p1a: Grimmsnarl|Reflect|p1a: Grimmsnarl
|-sidestart|p1: ihangwithbears|Reflect
|
|-weather|SunnyDay|[upkeep]
|upkeep
|turn|15
|
|t:|1778512251
|move|p1a: Grimmsnarl|Parting Shot|p2a: Pau Palacín
|-unboost|p2a: Pau Palacín|atk|1
|-unboost|p2a: Pau Palacín|spa|1
|
|t:|1778512256
|switch|p1a: Ogerpon|Ogerpon-Wellspring, F|100/100|[from] Parting Shot
|move|p2a: Pau Palacín|Court Change|p2a: Pau Palacín
|-start|p2a: Pau Palacín|typechange|Normal|[from] ability: Libero
|-swapsideconditions
|-activate|p2a: Pau Palacín|move: Court Change
|
|-weather|SunnyDay|[upkeep]
|upkeep
|turn|16
|
|t:|1778512269
|move|p1a: Ogerpon|Swords Dance|p1a: Ogerpon
|-boost|p1a: Ogerpon|atk|2
|move|p2a: Pau Palacín|U-turn|p1a: Ogerpon
|-supereffective|p1a: Ogerpon
|-damage|p1a: Ogerpon|63/100
|
|t:|1778512272
|switch|p2a: By Fer|Raging Bolt|19/100|[from] U-turn
|-activate|p2a: By Fer|ability: Protosynthesis
|-start|p2a: By Fer|protosynthesisspa
|
|-weather|none
|-end|p2a: By Fer|Protosynthesis
|-heal|p2a: By Fer|26/100|[from] item: Leftovers
|upkeep
|turn|17
|
|t:|1778512280
|move|p2a: By Fer|Thunderclap|p1a: Ogerpon
|-damage|p1a: Ogerpon|18/100
|move|p1a: Ogerpon|Ivy Cudgel|p2a: By Fer|[anim] Ivy Cudgel Water
|-resisted|p2a: By Fer
|-damage|p2a: By Fer|0 fnt
|faint|p2a: By Fer
|-end|p2a: By Fer|Protosynthesis|[silent]
|
|-sideend|p2: Pelogrulla72|move: Light Screen
|upkeep
|
|t:|1778512292
|switch|p2a: Lorenzo|Ninetales, M|79/100
|-weather|SunnyDay|[from] ability: Drought|[of] p2a: Lorenzo
|turn|18
|
|t:|1778512305
|-terastallize|p1a: Ogerpon|Water
|detailschange|p1a: Ogerpon|Ogerpon-Wellspring-Tera, F, tera:Water
|-ability|p1a: Ogerpon|Embody Aspect (Wellspring)|boost
|-boost|p1a: Ogerpon|spd|1
|move|p1a: Ogerpon|Swords Dance|p1a: Ogerpon
|-boost|p1a: Ogerpon|atk|2
|move|p2a: Lorenzo|Flamethrower|p1a: Ogerpon
|-resisted|p1a: Ogerpon
|-damage|p1a: Ogerpon|0 fnt
|faint|p1a: Ogerpon
|detailschange|p1: Ogerpon|Ogerpon-Wellspring, F|[silent]
|
|-weather|SunnyDay|[upkeep]
|upkeep
|inactive|ihangwithbears has 120 seconds left.
|
|t:|1778512341
|switch|p1a: Dragonite|Dragonite, M|100/100
|turn|19
|
|t:|1778512346
|switch|p2a: Extremoduro|Great Tusk, shiny|100/100
|-activate|p2a: Extremoduro|ability: Protosynthesis
|-start|p2a: Extremoduro|protosynthesisatk
|move|p1a: Dragonite|Dragon Dance|p1a: Dragonite
|-boost|p1a: Dragonite|atk|1
|-boost|p1a: Dragonite|spe|1
|
|-weather|SunnyDay|[upkeep]
|upkeep
|turn|20
|
|t:|1778512357
|switch|p1a: Pecharunt|Pecharunt|28/100
|move|p2a: Extremoduro|Ice Spinner|p1a: Pecharunt
|-damage|p1a: Pecharunt|4/100
|
|-weather|SunnyDay|[upkeep]
|-heal|p1a: Pecharunt|10/100|[from] item: Leftovers
|upkeep
|turn|21
|
|t:|1778512367
|move|p1a: Pecharunt|Shadow Ball|p2a: Extremoduro
|-damage|p2a: Extremoduro|65/100
|-unboost|p2a: Extremoduro|spd|1
|move|p2a: Extremoduro|Knock Off|p1a: Pecharunt
|-supereffective|p1a: Pecharunt
|-damage|p1a: Pecharunt|0 fnt
|-enditem|p1a: Pecharunt|Leftovers|[from] move: Knock Off|[of] p2a: Extremoduro
|faint|p1a: Pecharunt
|
|-weather|SunnyDay|[upkeep]
|-heal|p2a: Extremoduro|71/100|[from] item: Leftovers
|-sideend|p2: Pelogrulla72|Reflect
|upkeep
|
|t:|1778512371
|switch|p1a: Grimmsnarl|Grimmsnarl, M|75/100
|turn|22
|
|t:|1778512388
|-terastallize|p2a: Extremoduro|Ground
|move|p2a: Extremoduro|Earthquake|p1a: Grimmsnarl
|-damage|p1a: Grimmsnarl|0 fnt
|faint|p1a: Grimmsnarl
|
|-weather|SunnyDay|[upkeep]
|-heal|p2a: Extremoduro|78/100|[from] item: Leftovers
|upkeep
|
|t:|1778512393
|switch|p1a: Great Tusk|Great Tusk|100/100
|-activate|p1a: Great Tusk|ability: Protosynthesis
|-start|p1a: Great Tusk|protosynthesisspe
|turn|23
|
|t:|1778512400
|move|p1a: Great Tusk|Ice Spinner|p2a: Extremoduro
|-supereffective|p2a: Extremoduro
|-damage|p2a: Extremoduro|46/100
|move|p2a: Extremoduro|Ice Spinner|p1a: Great Tusk
|-supereffective|p1a: Great Tusk
|-damage|p1a: Great Tusk|52/100
|
|-weather|SunnyDay|[upkeep]
|-heal|p2a: Extremoduro|52/100|[from] item: Leftovers
|upkeep
|turn|24
|
|t:|1778512411
|move|p1a: Great Tusk|Ice Spinner|p2a: Extremoduro
|-supereffective|p2a: Extremoduro
|-damage|p2a: Extremoduro|19/100
|move|p2a: Extremoduro|Ice Spinner|p1a: Great Tusk
|-supereffective|p1a: Great Tusk
|-damage|p1a: Great Tusk|9/100
|
|-weather|SunnyDay|[upkeep]
|-heal|p2a: Extremoduro|25/100|[from] item: Leftovers
|upkeep
|turn|25
|
|t:|1778512430
|-end|p2a: Extremoduro|Protosynthesis|[silent]
|switch|p2a: Pau Palacín|Cinderace, M, shiny|100/100
|move|p1a: Great Tusk|Ice Spinner|p2a: Pau Palacín
|-resisted|p2a: Pau Palacín
|-damage|p2a: Pau Palacín|85/100
|
|-weather|none
|-end|p1a: Great Tusk|Protosynthesis
|upkeep
|-enditem|p1a: Great Tusk|Booster Energy
|-activate|p1a: Great Tusk|ability: Protosynthesis|[fromitem]
|-start|p1a: Great Tusk|protosynthesisspe
|turn|26
|
|t:|1778512440
|move|p2a: Pau Palacín|Sucker Punch|p1a: Great Tusk
|-start|p2a: Pau Palacín|typechange|Dark|[from] ability: Libero
|-resisted|p1a: Great Tusk
|-damage|p1a: Great Tusk|0 fnt
|faint|p1a: Great Tusk
|-end|p1a: Great Tusk|Protosynthesis|[silent]
|
|upkeep
|
|t:|1778512442
|switch|p1a: Dragonite|Dragonite, M|100/100
|turn|27
|
|t:|1778512446
|switch|p2a: Lorenzo|Ninetales, M|79/100
|-weather|SunnyDay|[from] ability: Drought|[of] p2a: Lorenzo
|move|p1a: Dragonite|Dragon Dance|p1a: Dragonite
|-boost|p1a: Dragonite|atk|1
|-boost|p1a: Dragonite|spe|1
|
|-weather|SunnyDay|[upkeep]
|upkeep
|turn|28
|
|t:|1778512453
|move|p1a: Dragonite|Earthquake|p2a: Lorenzo
|-supereffective|p2a: Lorenzo
|-damage|p2a: Lorenzo|0 fnt
|faint|p2a: Lorenzo
|
|-weather|SunnyDay|[upkeep]
|upkeep
|
|t:|1778512456
|switch|p2a: Extremoduro|Great Tusk, shiny, tera:Ground|25/100
|-activate|p2a: Extremoduro|ability: Protosynthesis
|-start|p2a: Extremoduro|protosynthesisatk
|turn|29
|
|t:|1778512461
|move|p1a: Dragonite|Earthquake|p2a: Extremoduro
|-damage|p2a: Extremoduro|0 fnt
|faint|p2a: Extremoduro
|-end|p2a: Extremoduro|Protosynthesis|[silent]
|
|-weather|SunnyDay|[upkeep]
|upkeep
|
|t:|1778512464
|switch|p2a: Pau Palacín|Cinderace, M, shiny|85/100
|turn|30
|
|t:|1778512467
|move|p1a: Dragonite|Earthquake|p2a: Pau Palacín
|-supereffective|p2a: Pau Palacín
|-damage|p2a: Pau Palacín|0 fnt
|faint|p2a: Pau Palacín
|
|win|ihangwithbears
|raw|ihangwithbears's rating: 1129 &rarr; <strong>1157</strong><br />(+28 for winning)
|raw|Pelogrulla72's rating: 1165 &rarr; <strong>1137</strong><br />(-28 for losing)
|l|☆Pelogrulla72
|player|p2|
|l|‽ihangwithbears
|player|p1|
