|html|<div class="broadcast-blue"><strong>[Gen 9] OU is currently suspecting Tera Blast! For information on how to participate check out the <a href="https://www.smogon.com/tools/suspects/view/200">suspect thread</a>.</strong></div>
|j|☆pokemon prefect
|j|☆Jpecoso
|t:|1776071148
|gametype|singles
|player|p1|pokemon prefect|170|1293
|player|p2|Jpecoso|cynthia-gen4|1268
|gen|9
|tier|[Gen 9] OU
|rated|
|rule|HP Percentage Mod: HP is shown in percentages
|rule|Endless Battle Clause: Forcing endless battles is banned
|rule|Species Clause: Limit one of each Pokémon
|rule|OHKO Clause: OHKO moves are banned
|rule|Evasion Items Clause: Evasion items are banned
|rule|Evasion Moves Clause: Evasion moves are banned
|rule|Evasion Abilities Clause: Evasion abilities are banned
|rule|Sleep Moves Clause: Sleep-inducing moves are banned
|clearpoke
|poke|p1|Samurott-Hisui, F|
|poke|p1|Iron Valiant|
|poke|p1|Zamazenta-*|
|poke|p1|Gholdengo|
|poke|p1|Dragonite, M|
|poke|p1|Iron Treads|
|poke|p2|Gliscor, M|
|poke|p2|Tentacruel, F|
|poke|p2|Infernape, F|
|poke|p2|Dragapult, M|
|poke|p2|Empoleon, F|
|poke|p2|Thundurus-Therian, M|
|teampreview
|inactive|Battle timer is ON: inactive players will automatically lose when time's up. (requested by Jpecoso)
|
|t:|1776071159
|teamsize|p1|6
|teamsize|p2|6
|start
|switch|p1a: Samurott|Samurott-Hisui, F|100/100
|switch|p2a: Thundurus|Thundurus-Therian, M|100/100
|turn|1
|
|t:|1776071169
|switch|p1a: Iron Treads|Iron Treads|100/100
|move|p2a: Thundurus|Volt Switch|p1a: Iron Treads
|-immune|p1a: Iron Treads
|
|upkeep
|turn|2
|
|t:|1776071187
|switch|p2a: Gliscor|Gliscor, M, shiny|100/100
|move|p1a: Iron Treads|Stealth Rock|p2a: Gliscor
|-sidestart|p2: Jpecoso|move: Stealth Rock
|
|-status|p2a: Gliscor|tox|[from] item: Toxic Orb
|upkeep
|turn|3
|inactive|Jpecoso has 120 seconds left.
|
|t:|1776071215
|move|p1a: Iron Treads|Ice Spinner|p2a: Gliscor
|-supereffective|p2a: Gliscor
|-damage|p2a: Gliscor|46/100 tox
|move|p2a: Gliscor|Stealth Rock|p1a: Iron Treads
|-sidestart|p1: pokemon prefect|move: Stealth Rock
|
|-heal|p2a: Gliscor|59/100 tox|[from] ability: Poison Heal
|upkeep
|turn|4
|
|t:|1776071224
|move|p2a: Gliscor|Protect|p2a: Gliscor
|-singleturn|p2a: Gliscor|Protect
|move|p1a: Iron Treads|Rapid Spin|p2a: Gliscor
|-activate|p2a: Gliscor|move: Protect
|
|-heal|p2a: Gliscor|71/100 tox|[from] ability: Poison Heal
|upkeep
|turn|5
|
|t:|1776071237
|move|p1a: Iron Treads|Ice Spinner|p2a: Gliscor
|-supereffective|p2a: Gliscor
|-damage|p2a: Gliscor|17/100 tox
|move|p2a: Gliscor|Earthquake|p1a: Iron Treads
|-supereffective|p1a: Iron Treads
|-damage|p1a: Iron Treads|54/100
|
|-heal|p1a: Iron Treads|60/100|[from] item: Leftovers
|-heal|p2a: Gliscor|29/100 tox|[from] ability: Poison Heal
|upkeep
|turn|6
|
|t:|1776071248
|move|p2a: Gliscor|Protect|p2a: Gliscor
|-singleturn|p2a: Gliscor|Protect
|move|p1a: Iron Treads|Rapid Spin|p2a: Gliscor
|-activate|p2a: Gliscor|move: Protect
|
|-heal|p1a: Iron Treads|66/100|[from] item: Leftovers
|-heal|p2a: Gliscor|42/100 tox|[from] ability: Poison Heal
|upkeep
|turn|7
|
|t:|1776071257
|-terastallize|p2a: Gliscor|Water
|move|p1a: Iron Treads|Rapid Spin|p2a: Gliscor
|-damage|p2a: Gliscor|34/100 tox
|-boost|p1a: Iron Treads|spe|1
|-sideend|p1: pokemon prefect|Stealth Rock|[from] move: Rapid Spin|[of] p1a: Iron Treads
|move|p2a: Gliscor|Earthquake|p1a: Iron Treads
|-supereffective|p1a: Iron Treads
|-crit|p1a: Iron Treads
|-damage|p1a: Iron Treads|0 fnt
|faint|p1a: Iron Treads
|-end|p1a: Iron Treads|Quark Drive|[silent]
|
|-heal|p2a: Gliscor|47/100 tox|[from] ability: Poison Heal
|upkeep
|
|t:|1776071277
|switch|p1a: Samurott|Samurott-Hisui, F|100/100
|turn|8
|
|t:|1776071298
|move|p2a: Gliscor|Protect|p2a: Gliscor
|-singleturn|p2a: Gliscor|Protect
|move|p1a: Samurott|Ceaseless Edge|p2a: Gliscor
|-activate|p2a: Gliscor|move: Protect
|
|-heal|p2a: Gliscor|59/100 tox|[from] ability: Poison Heal
|upkeep
|turn|9
|
|t:|1776071307
|move|p2a: Gliscor|Toxic|p1a: Samurott
|-status|p1a: Samurott|tox
|move|p1a: Samurott|Ceaseless Edge|p2a: Gliscor
|-damage|p2a: Gliscor|32/100 tox
|-sidestart|p2: Jpecoso|Spikes
|
|-heal|p2a: Gliscor|45/100 tox|[from] ability: Poison Heal
|-damage|p1a: Samurott|94/100 tox|[from] psn
|upkeep
|turn|10
|
|t:|1776071318
|move|p2a: Gliscor|Stealth Rock|p1a: Samurott
|-sidestart|p1: pokemon prefect|move: Stealth Rock
|move|p1a: Samurott|Ceaseless Edge|p2a: Gliscor|[miss]
|-miss|p1a: Samurott|p2a: Gliscor
|
|-heal|p2a: Gliscor|57/100 tox|[from] ability: Poison Heal
|-damage|p1a: Samurott|82/100 tox|[from] psn
|upkeep
|turn|11
|
|t:|1776071329
|move|p2a: Gliscor|Protect|p2a: Gliscor
|-singleturn|p2a: Gliscor|Protect
|move|p1a: Samurott|Ceaseless Edge|p2a: Gliscor
|-activate|p2a: Gliscor|move: Protect
|
|-heal|p2a: Gliscor|70/100 tox|[from] ability: Poison Heal
|-damage|p1a: Samurott|64/100 tox|[from] psn
|upkeep
|turn|12
|inactive|Jpecoso has 120 seconds left.
|
|t:|1776071360
|move|p2a: Gliscor|Earthquake|p1a: Samurott
|-damage|p1a: Samurott|29/100 tox
|move|p1a: Samurott|Ceaseless Edge|p2a: Gliscor
|-damage|p2a: Gliscor|45/100 tox
|-sidestart|p2: Jpecoso|Spikes
|
|-heal|p2a: Gliscor|58/100 tox|[from] ability: Poison Heal
|-damage|p1a: Samurott|5/100 tox|[from] psn
|upkeep
|turn|13
|
|t:|1776071373
|switch|p1a: Gholdengo|Gholdengo|100/100
|-damage|p1a: Gholdengo|94/100|[from] Stealth Rock
|-item|p1a: Gholdengo|Air Balloon
|move|p2a: Gliscor|Protect||[still]
|-fail|p2a: Gliscor
|
|-heal|p2a: Gliscor|70/100 tox|[from] ability: Poison Heal
|upkeep
|turn|14
|
|t:|1776071384
|switch|p2a: Tentacruel|Tentacruel, F|100/100
|-damage|p2a: Tentacruel|88/100|[from] Stealth Rock
|-damage|p2a: Tentacruel|72/100|[from] Spikes
|move|p1a: Gholdengo|Shadow Ball|p2a: Tentacruel
|-damage|p2a: Tentacruel|52/100
|
|-heal|p2a: Tentacruel|58/100|[from] item: Black Sludge
|upkeep
|turn|15
|
|t:|1776071403
|move|p2a: Tentacruel|Chilling Water|p1a: Gholdengo
|-damage|p1a: Gholdengo|81/100
|-unboost|p1a: Gholdengo|atk|1
|-enditem|p1a: Gholdengo|Air Balloon
|move|p1a: Gholdengo|Nasty Plot|p1a: Gholdengo
|-boost|p1a: Gholdengo|spa|2
|
|-heal|p2a: Tentacruel|64/100|[from] item: Black Sludge
|upkeep
|turn|16
|
|t:|1776071413
|move|p2a: Tentacruel|Toxic Spikes|p1a: Gholdengo
|-sidestart|p1: pokemon prefect|move: Toxic Spikes
|move|p1a: Gholdengo|Shadow Ball|p2a: Tentacruel
|-damage|p2a: Tentacruel|21/100
|
|-heal|p2a: Tentacruel|27/100|[from] item: Black Sludge
|upkeep
|turn|17
|
|t:|1776071421
|move|p2a: Tentacruel|Toxic Spikes|p1a: Gholdengo
|-sidestart|p1: pokemon prefect|move: Toxic Spikes
|move|p1a: Gholdengo|Shadow Ball|p2a: Tentacruel
|-damage|p2a: Tentacruel|0 fnt
|faint|p2a: Tentacruel
|
|upkeep
|
|t:|1776071433
|switch|p2a: Infernape|Infernape, F|100/100
|-damage|p2a: Infernape|88/100|[from] Stealth Rock
|-damage|p2a: Infernape|72/100|[from] Spikes
|turn|18
|
|t:|1776071439
|switch|p1a: Samurott|Samurott-Hisui, F|5/100 tox
|-damage|p1a: Samurott|0 fnt|[from] Stealth Rock
|faint|p1a: Samurott
|move|p2a: Infernape|Fire Punch|p1: Samurott|[notarget]
|-fail|p2a: Infernape
|
|upkeep
|
|t:|1776071450
|switch|p1a: Dragonite|Dragonite, M|100/100
|turn|19
|
|t:|1776071454
|switch|p2a: Gliscor|Gliscor, M, shiny, tera:Water|70/100 tox
|-damage|p2a: Gliscor|58/100 tox|[from] Stealth Rock
|-damage|p2a: Gliscor|41/100 tox|[from] Spikes
|move|p1a: Dragonite|Dragon Dance|p1a: Dragonite
|-boost|p1a: Dragonite|atk|1
|-boost|p1a: Dragonite|spe|1
|
|-heal|p2a: Gliscor|53/100 tox|[from] ability: Poison Heal
|upkeep
|turn|20
|
|t:|1776071471
|move|p1a: Dragonite|Extreme Speed|p2a: Gliscor
|-damage|p2a: Gliscor|23/100 tox
|move|p2a: Gliscor|Toxic|p1a: Dragonite
|-status|p1a: Dragonite|tox
|
|-damage|p1a: Dragonite|94/100 tox|[from] psn
|-heal|p2a: Gliscor|36/100 tox|[from] ability: Poison Heal
|upkeep
|turn|21
|
|t:|1776071481
|move|p2a: Gliscor|Protect|p2a: Gliscor
|-singleturn|p2a: Gliscor|Protect
|move|p1a: Dragonite|Dragon Dance|p1a: Dragonite
|-boost|p1a: Dragonite|atk|1
|-boost|p1a: Dragonite|spe|1
|
|-damage|p1a: Dragonite|82/100 tox|[from] psn
|-heal|p2a: Gliscor|48/100 tox|[from] ability: Poison Heal
|upkeep
|turn|22
|
|t:|1776071490
|move|p2a: Gliscor|Protect||[still]
|-fail|p2a: Gliscor
|move|p1a: Dragonite|Earthquake|p2a: Gliscor
|-damage|p2a: Gliscor|0 fnt
|faint|p2a: Gliscor
|
|-damage|p1a: Dragonite|63/100 tox|[from] psn
|upkeep
|
|t:|1776071496
|switch|p2a: Thundurus|Thundurus-Therian, M|100/100
|-damage|p2a: Thundurus|76/100|[from] Stealth Rock
|turn|23
|
|t:|1776071525
|move|p1a: Dragonite|Extreme Speed|p2a: Thundurus
|-damage|p2a: Thundurus|0 fnt
|faint|p2a: Thundurus
|
|-damage|p1a: Dragonite|39/100 tox|[from] psn
|upkeep
|
|t:|1776071531
|switch|p2a: Dragapult|Dragapult, M|100/100
|-damage|p2a: Dragapult|88/100|[from] Stealth Rock
|-damage|p2a: Dragapult|72/100|[from] Spikes
|turn|24
|
|t:|1776071537
|move|p1a: Dragonite|Ice Spinner|p2a: Dragapult
|-supereffective|p2a: Dragapult
|-damage|p2a: Dragapult|0 fnt
|faint|p2a: Dragapult
|
|-damage|p1a: Dragonite|8/100 tox|[from] psn
|upkeep
|
|t:|1776071540
|switch|p2a: Infernape|Infernape, F|72/100
|-damage|p2a: Infernape|60/100|[from] Stealth Rock
|-damage|p2a: Infernape|43/100|[from] Spikes
|turn|25
|
|t:|1776071548
|move|p1a: Dragonite|Extreme Speed|p2a: Infernape
|-damage|p2a: Infernape|0 fnt
|faint|p2a: Infernape
|
|-damage|p1a: Dragonite|0 fnt|[from] psn
|faint|p1a: Dragonite
|upkeep
|c|☆Jpecoso|Gg
|inactive|pokemon prefect has 120 seconds left.
|
|t:|1776071584
|switch|p2a: Empoleon|Empoleon, F|100/100
|switch|p1a: Iron Valiant|Iron Valiant|100/100
|-damage|p1a: Iron Valiant|94/100|[from] Stealth Rock
|-status|p1a: Iron Valiant|tox
|-damage|p2a: Empoleon|94/100|[from] Stealth Rock
|-damage|p2a: Empoleon|78/100|[from] Spikes
|-enditem|p1a: Iron Valiant|Booster Energy
|-activate|p1a: Iron Valiant|ability: Quark Drive|[fromitem]
|-start|p1a: Iron Valiant|quarkdrivespe
|turn|26
|inactive|pokemon prefect has 120 seconds left.
|
|t:|1776071598
|move|p1a: Iron Valiant|Close Combat|p2a: Empoleon
|-supereffective|p2a: Empoleon
|-damage|p2a: Empoleon|0 fnt
|-unboost|p1a: Iron Valiant|def|1
|-unboost|p1a: Iron Valiant|spd|1
|faint|p2a: Empoleon
|
|win|pokemon prefect
|raw|pokemon prefect's rating: 1293 &rarr; <strong>1316</strong><br />(+23 for winning)
|raw|Jpecoso's rating: 1268 &rarr; <strong>1245</strong><br />(-23 for losing)
|l|☆Jpecoso
|player|p2|
