|html|<div class="broadcast-blue"><strong>[Gen 9] OU is currently suspecting Tera Blast! For information on how to participate check out the <a href="https://www.smogon.com/tools/suspects/view/200">suspect thread</a>.</strong></div>
|j|☆pay gor
|j|☆tjthebread
|t:|1776256215
|gametype|singles
|player|p1|pay gor|pokemaniac|1040
|player|p2|tjthebread|cheren|1049
|gen|9
|tier|[Gen 9] OU
|rated|
|rule|HP Percentage Mod: HP is shown in percentages
|rule|Endless Battle Clause: Forcing endless battles is banned
|rule|Species Clause: Limit one of each Pokémon
|rule|OHKO Clause: OHKO moves are banned
|rule|Evasion Items Clause: Evasion items are banned
|rule|Evasion Moves Clause: Evasion moves are banned
|rule|Evasion Abilities Clause: Evasion abilities are banned
|rule|Sleep Moves Clause: Sleep-inducing moves are banned
|clearpoke
|poke|p1|Enamorus, F|
|poke|p2|Gliscor, M|
|poke|p2|Gholdengo|
|poke|p2|Great Tusk|
|poke|p2|Dragapult, F|
|poke|p2|Heatran, M|
|poke|p2|Ogerpon-Wellspring, F|
|teampreview
|inactive|Battle timer is ON: inactive players will automatically lose when time's up. (requested by pay gor)
|
|t:|1776256220
|teamsize|p1|1
|teamsize|p2|6
|start
|switch|p1a: Enamorus|Enamorus, F|100/100
|switch|p2a: Gliscor|Gliscor, M|100/100
|turn|1
|
|t:|1776256233
|-terastallize|p1a: Enamorus|Stellar
|move|p1a: Enamorus|Tera Blast|p2a: Gliscor|[anim] Tera Blast Stellar
|-crit|p2a: Gliscor
|-damage|p2a: Gliscor|10/100
|-boost|p1a: Enamorus|atk|1
|-boost|p1a: Enamorus|spa|1
|move|p2a: Gliscor|Toxic|p1a: Enamorus
|-status|p1a: Enamorus|tox
|
|-damage|p1a: Enamorus|94/100 tox|[from] psn
|-status|p2a: Gliscor|tox|[from] item: Toxic Orb
|upkeep
|turn|2
|c|☆pay gor|Ill hump ur mom until shes just a slushy pulp
|inactive|pay gor has 120 seconds left.
|c|☆pay gor|and harvest her organs
|
|t:|1776256270
|move|p2a: Gliscor|Protect|p2a: Gliscor
|-singleturn|p2a: Gliscor|Protect
|move|p1a: Enamorus|Tera Blast|p2a: Gliscor|[anim] Tera Blast Stellar
|-activate|p2a: Gliscor|move: Protect
|
|-damage|p1a: Enamorus|82/100 tox|[from] psn
|-heal|p2a: Gliscor|23/100 tox|[from] ability: Poison Heal
|upkeep
|turn|3
|inactive|pay gor has 120 seconds left.
|c|☆pay gor|gay imagine stalling
|
|t:|1776256298
|switch|p2a: Ogerpon|Ogerpon-Wellspring, F|100/100
|move|p1a: Enamorus|Tera Blast|p2a: Ogerpon|[anim] Tera Blast Stellar
|-damage|p2a: Ogerpon|29/100
|-boost|p1a: Enamorus|atk|1
|-boost|p1a: Enamorus|spa|1
|
|-damage|p1a: Enamorus|63/100 tox|[from] psn
|upkeep
|turn|4
|c|☆pay gor|i will find you and end you
|
|t:|1776256308
|-terastallize|p2a: Ogerpon|Water
|detailschange|p2a: Ogerpon|Ogerpon-Wellspring-Tera, F, tera:Water
|-ability|p2a: Ogerpon|Embody Aspect (Wellspring)|boost
|-boost|p2a: Ogerpon|spd|1
|move|p1a: Enamorus|Tera Blast|p2a: Ogerpon|[anim] Tera Blast Stellar
|-supereffective|p2a: Ogerpon
|-damage|p2a: Ogerpon|0 fnt
|-boost|p1a: Enamorus|atk|1
|-boost|p1a: Enamorus|spa|1
|faint|p2a: Ogerpon
|detailschange|p2: Ogerpon|Ogerpon-Wellspring, F|[silent]
|
|-damage|p1a: Enamorus|38/100 tox|[from] psn
|upkeep
|inactive|tjthebread has 120 seconds left.
|
|t:|1776256323
|switch|p2a: Gholdengo|Gholdengo|100/100
|turn|5
|
|t:|1776256328
|move|p1a: Enamorus|Tera Blast|p2a: Gholdengo|[anim] Tera Blast Stellar
|-damage|p2a: Gholdengo|0 fnt
|-boost|p1a: Enamorus|atk|1
|-boost|p1a: Enamorus|spa|1
|faint|p2a: Gholdengo
|
|-damage|p1a: Enamorus|7/100 tox|[from] psn
|upkeep
|
|t:|1776256335
|switch|p2a: Great Tusk|Great Tusk|100/100
|turn|6
|c|☆pay gor|Im gonna do unspeakable things to your entire famaly
|
|t:|1776256349
|move|p1a: Enamorus|Tera Blast|p2a: Great Tusk|[anim] Tera Blast Stellar
|-damage|p2a: Great Tusk|0 fnt
|-boost|p1a: Enamorus|atk|1
|-boost|p1a: Enamorus|spa|1
|faint|p2a: Great Tusk
|-end|p2a: Great Tusk|Protosynthesis|[silent]
|
|-damage|p1a: Enamorus|0 fnt|[from] psn
|faint|p1a: Enamorus
|
|win|tjthebread
