|html|<div class="broadcast-blue"><strong>[Gen 9] OU is currently suspecting Tera Blast! For information on how to participate check out the <a href="https://www.smogon.com/tools/suspects/view/200">suspect thread</a>.</strong></div>
|j|☆PROMMAFIGHTER
|j|☆Lyrick
|t:|1776060406
|gametype|singles
|player|p1|PROMMAFIGHTER|blackbelt|1087
|player|p2|Lyrick|101|1064
|gen|9
|tier|[Gen 9] OU
|rated|
|rule|HP Percentage Mod: HP is shown in percentages
|rule|Endless Battle Clause: Forcing endless battles is banned
|rule|Species Clause: Limit one of each Pokémon
|rule|OHKO Clause: OHKO moves are banned
|rule|Evasion Items Clause: Evasion items are banned
|rule|Evasion Moves Clause: Evasion moves are banned
|rule|Evasion Abilities Clause: Evasion abilities are banned
|rule|Sleep Moves Clause: Sleep-inducing moves are banned
|clearpoke
|poke|p1|Lurantis, F|
|poke|p1|Glimmora, M|
|poke|p1|Azumarill, F|
|poke|p1|Porygon-Z|
|poke|p1|Mesprit|
|poke|p1|Spidops, M|
|poke|p2|Misdreavus, F|
|poke|p2|Zoroark-Hisui, F|
|poke|p2|Grimmsnarl, M|
|poke|p2|Ursaring, F|
|poke|p2|Haxorus, M|
|poke|p2|Hydrapple, M|
|teampreview
|
|t:|1776060413
|teamsize|p1|6
|teamsize|p2|6
|start
|switch|p1a: Lurantis|Lurantis, F|100/100
|switch|p2a: Eren|Grimmsnarl, M|100/100
|turn|1
|inactive|Battle timer is ON: inactive players will automatically lose when time's up. (requested by Lyrick)
|
|t:|1776060420
|move|p2a: Eren|Reflect|p2a: Eren
|-sidestart|p2: Lyrick|Reflect
|move|p1a: Lurantis|Knock Off|p2a: Eren
|-resisted|p2a: Eren
|-damage|p2a: Eren|96/100
|-enditem|p2a: Eren|Eject Button|[from] move: Knock Off|[of] p1a: Lurantis
|
|upkeep
|turn|2
|
|t:|1776060426
|move|p2a: Eren|Light Screen|p2a: Eren
|-sidestart|p2: Lyrick|move: Light Screen
|move|p1a: Lurantis|Superpower|p2a: Eren
|-damage|p2a: Eren|79/100
|-boost|p1a: Lurantis|atk|1
|-boost|p1a: Lurantis|def|1
|
|upkeep
|turn|3
|
|t:|1776060443
|switch|p2a: Misdreavus|Misdreavus, F|100/100
|move|p1a: Lurantis|Leech Life|p2a: Misdreavus
|-resisted|p2a: Misdreavus
|-damage|p2a: Misdreavus|91/100
|
|upkeep
|turn|4
|
|t:|1776060450
|move|p2a: Misdreavus|Perish Song|p2a: Misdreavus
|-start|p1a: Lurantis|perish3|[silent]
|-start|p2a: Misdreavus|perish3|[silent]
|-fieldactivate|move: Perish Song
|move|p1a: Lurantis|Knock Off|p2a: Misdreavus
|-supereffective|p2a: Misdreavus
|-damage|p2a: Misdreavus|42/100
|-enditem|p2a: Misdreavus|Eviolite|[from] move: Knock Off|[of] p1a: Lurantis
|
|-start|p2a: Misdreavus|perish3
|-start|p1a: Lurantis|perish3
|upkeep
|turn|5
|
|t:|1776060460
|move|p2a: Misdreavus|Protect|p2a: Misdreavus
|-singleturn|p2a: Misdreavus|Protect
|move|p1a: Lurantis|Knock Off|p2a: Misdreavus
|-activate|p2a: Misdreavus|move: Protect
|
|-start|p2a: Misdreavus|perish2
|-start|p1a: Lurantis|perish2
|-sideend|p2: Lyrick|Reflect
|upkeep
|turn|6
|
|t:|1776060470
|move|p2a: Misdreavus|Destiny Bond|p2a: Misdreavus
|-singlemove|p2a: Misdreavus|Destiny Bond
|move|p1a: Lurantis|Knock Off|p2a: Misdreavus
|-supereffective|p2a: Misdreavus
|-damage|p2a: Misdreavus|0 fnt
|faint|p2a: Misdreavus
|-activate|p2a: Misdreavus|move: Destiny Bond
|faint|p1a: Lurantis
|
|-sideend|p2: Lyrick|move: Light Screen
|upkeep
|
|t:|1776060485
|switch|p2a: Ajaw|Hydrapple, M|100/100
|switch|p1a: Spidops|Spidops, M|100/100
|-ability|p2a: Ajaw|Supersweet Syrup
|-unboost|p1a: Spidops|evasion|1
|turn|7
|
|t:|1776060502
|move|p2a: Ajaw|Fickle Beam|p1a: Spidops|[anim] Fickle Beam All Out
|-activate|p2a: Ajaw|move: Fickle Beam
|-enditem|p1a: Spidops|Focus Sash
|-damage|p1a: Spidops|1/100
|move|p1a: Spidops|Sticky Web|p2a: Ajaw
|-sidestart|p2: Lyrick|move: Sticky Web
|
|upkeep
|turn|8
|
|t:|1776060509
|move|p2a: Ajaw|Fickle Beam|p1a: Spidops
|-damage|p1a: Spidops|0 fnt
|faint|p1a: Spidops
|
|upkeep
|
|t:|1776060515
|switch|p1a: Mesprit|Mesprit|100/100
|turn|9
|
|t:|1776060518
|move|p1a: Mesprit|Magic Room|p1a: Mesprit
|-fieldstart|move: Magic Room|[of] p1a: Mesprit
|move|p2a: Ajaw|Fickle Beam|p1a: Mesprit
|-crit|p1a: Mesprit
|-damage|p1a: Mesprit|44/100
|
|upkeep
|turn|10
|
|t:|1776060539
|move|p1a: Mesprit|U-turn|p2a: Ajaw
|-supereffective|p2a: Ajaw
|-damage|p2a: Ajaw|78/100
|
|t:|1776060542
|switch|p1a: Azumarill|Azumarill, F, shiny|100/100|[from] U-turn
|move|p2a: Ajaw|Fickle Beam|p1a: Azumarill
|-immune|p1a: Azumarill
|
|upkeep
|turn|11
|
|t:|1776060554
|move|p1a: Azumarill|Belly Drum|p1a: Azumarill
|-damage|p1a: Azumarill|50/100
|-setboost|p1a: Azumarill|atk|6|[from] move: Belly Drum
|move|p2a: Ajaw|Energy Ball|p1a: Azumarill
|-supereffective|p1a: Azumarill
|-damage|p1a: Azumarill|0 fnt
|faint|p1a: Azumarill
|
|upkeep
|
|t:|1776060569
|switch|p1a: Porygon-Z|Porygon-Z, shiny|100/100
|turn|12
|
|t:|1776060576
|move|p1a: Porygon-Z|Nasty Plot|p1a: Porygon-Z
|-boost|p1a: Porygon-Z|spa|2
|move|p2a: Ajaw|Fickle Beam|p1a: Porygon-Z
|-damage|p1a: Porygon-Z|42/100
|
|upkeep
|turn|13
|
|t:|1776060583
|move|p1a: Porygon-Z|Tera Blast|p2a: Ajaw
|-damage|p2a: Ajaw|0 fnt
|faint|p2a: Ajaw
|
|-fieldend|move: Magic Room|[of] p1: Mesprit
|upkeep
|
|t:|1776060597
|switch|p2a: Eren|Grimmsnarl, M|79/100
|-activate|p2a: Eren|move: Sticky Web
|-unboost|p2a: Eren|spe|1
|turn|14
|
|t:|1776060602
|move|p2a: Eren|Light Screen|p2a: Eren
|-sidestart|p2: Lyrick|move: Light Screen
|move|p1a: Porygon-Z|Tera Blast|p2a: Eren
|-damage|p2a: Eren|0 fnt
|faint|p2a: Eren
|
|upkeep
|
|t:|1776060613
|switch|p2a: Shrek|Ursaring, F, shiny|100/100
|-activate|p2a: Shrek|move: Sticky Web
|-unboost|p2a: Shrek|spe|1
|turn|15
|
|t:|1776060623
|-terastallize|p1a: Porygon-Z|Ground
|move|p1a: Porygon-Z|Tera Blast|p2a: Shrek|[anim] Tera Blast Ground
|-damage|p2a: Shrek|11/100
|move|p2a: Shrek|Earthquake|p1a: Porygon-Z
|-damage|p1a: Porygon-Z|0 fnt
|faint|p1a: Porygon-Z
|
|-status|p2a: Shrek|brn|[from] item: Flame Orb
|upkeep
|
|t:|1776060638
|switch|p1a: Glimmora|Glimmora, M|100/100
|turn|16
|
|t:|1776060642
|move|p1a: Glimmora|Spiky Shield|p1a: Glimmora
|-singleturn|p1a: Glimmora|move: Protect
|move|p2a: Shrek|Earthquake|p1a: Glimmora
|-activate|p1a: Glimmora|move: Protect
|
|-damage|p2a: Shrek|5/100 brn|[from] brn
|upkeep
|turn|17
|
|t:|1776060653
|switch|p1a: Mesprit|Mesprit|44/100
|move|p2a: Shrek|Earthquake|p1a: Mesprit
|-immune|p1a: Mesprit|[from] ability: Levitate
|
|-heal|p1a: Mesprit|50/100|[from] item: Leftovers
|-damage|p2a: Shrek|0 fnt|[from] brn
|faint|p2a: Shrek
|upkeep
|inactive|Lyrick has 120 seconds left.
|
|t:|1776060688
|switch|p2a: Haxorus|Haxorus, M|100/100
|-activate|p2a: Haxorus|move: Sticky Web
|-unboost|p2a: Haxorus|spe|1
|turn|18
|
|t:|1776060695
|move|p1a: Mesprit|U-turn|p2a: Haxorus
|-damage|p2a: Haxorus|83/100
|
|t:|1776060698
|switch|p1a: Glimmora|Glimmora, M|100/100|[from] U-turn
|move|p2a: Haxorus|Outrage|p1a: Glimmora
|-damage|p1a: Glimmora|0 fnt
|faint|p1a: Glimmora
|-damage|p2a: Haxorus|73/100|[from] item: Life Orb
|
|-sideend|p2: Lyrick|move: Light Screen
|upkeep
|-message|PROMMAFIGHTER forfeited.
|
|win|Lyrick
|raw|PROMMAFIGHTER's rating: 1087 &rarr; <strong>1062</strong><br />(-25 for losing)
|raw|Lyrick's rating: 1064 &rarr; <strong>1096</strong><br />(+32 for winning)
|l|☆PROMMAFIGHTER
|player|p1|
|j|☆PROMMAFIGHTER
|player|p1|PROMMAFIGHTER|blackbelt|
|l|☆PROMMAFIGHTER
|player|p1|
|l|☆Lyrick
|player|p2|
|j|☆PROMMAFIGHTER
|player|p1|PROMMAFIGHTER|blackbelt|
