|html|<div class="broadcast-blue"><strong>[Gen 9] OU is currently suspecting Tera Blast! For information on how to participate check out the <a href="https://www.smogon.com/tools/suspects/view/200">suspect thread</a>.</strong></div>
|j|☆Him221
|j|☆UVWttt60GK3bGPAT
|t:|1776266473
|gametype|singles
|player|p1|Him221|n|1031
|player|p2|UVWttt60GK3bGPAT|265|1000
|gen|9
|tier|[Gen 9] OU
|rated|
|rule|HP Percentage Mod: HP is shown in percentages
|rule|Endless Battle Clause: Forcing endless battles is banned
|rule|Species Clause: Limit one of each Pokémon
|rule|OHKO Clause: OHKO moves are banned
|rule|Evasion Items Clause: Evasion items are banned
|rule|Evasion Moves Clause: Evasion moves are banned
|rule|Evasion Abilities Clause: Evasion abilities are banned
|rule|Sleep Moves Clause: Sleep-inducing moves are banned
|clearpoke
|poke|p1|Quaquaval, M|
|poke|p1|Meowscarada, F|
|poke|p1|Azumarill, M|
|poke|p1|Chansey, F|
|poke|p1|Pawmot, F|
|poke|p2|Iron Moth|
|poke|p2|Gliscor, M|
|poke|p2|Hatterene, F|
|poke|p2|Ogerpon-Wellspring, F|
|poke|p2|Raging Bolt|
|poke|p2|Zamazenta-*|
|teampreview
|inactive|Battle timer is ON: inactive players will automatically lose when time's up. (requested by UVWttt60GK3bGPAT)
|inactive|Him221 also wants the timer to be on.
|
|t:|1776266482
|teamsize|p1|5
|teamsize|p2|6
|start
|switch|p1a: Azumarill|Azumarill, M|100/100
|switch|p2a: Zamazenta|Zamazenta|100/100
|-ability|p2a: Zamazenta|Dauntless Shield|boost
|-boost|p2a: Zamazenta|def|1
|turn|1
|
|t:|1776266490
|switch|p2a: Ogerpon|Ogerpon-Wellspring, F|100/100
|move|p1a: Azumarill|Belly Drum|p1a: Azumarill
|-damage|p1a: Azumarill|51/100
|-setboost|p1a: Azumarill|atk|6|[from] move: Belly Drum
|
|upkeep
|turn|2
|
|t:|1776266504
|-terastallize|p1a: Azumarill|Water
|move|p1a: Azumarill|Aqua Jet|p2a: Ogerpon
|-immune|p2a: Ogerpon|[from] ability: Water Absorb
|move|p2a: Ogerpon|Encore|p1a: Azumarill
|-start|p1a: Azumarill|Encore
|
|upkeep
|turn|3
|
|t:|1776266513
|switch|p1a: Pawmot|Pawmot, F|100/100
|move|p2a: Ogerpon|Swords Dance|p2a: Ogerpon
|-boost|p2a: Ogerpon|atk|2
|
|upkeep
|turn|4
|
|t:|1776266519
|move|p1a: Pawmot|Double Shock|p2a: Ogerpon
|-damage|p2a: Ogerpon|21/100
|-start|p1a: Pawmot|typechange|???/Fighting|[from] move: Double Shock
|move|p2a: Ogerpon|Trailblaze|p1a: Pawmot
|-damage|p1a: Pawmot|0 fnt
|-boost|p2a: Ogerpon|spe|1
|faint|p1a: Pawmot
|
|upkeep
|
|t:|1776266533
|switch|p1a: Meowscarada|Meowscarada, F|100/100
|turn|5
|
|t:|1776266538
|move|p1a: Meowscarada|Flower Trick|p2a: Ogerpon
|-start|p1a: Meowscarada|typechange|Grass|[from] ability: Protean
|-crit|p2a: Ogerpon
|-damage|p2a: Ogerpon|0 fnt
|faint|p2a: Ogerpon
|
|upkeep
|
|t:|1776266546
|switch|p2a: Iron Moth|Iron Moth|100/100
|-enditem|p2a: Iron Moth|Booster Energy
|-activate|p2a: Iron Moth|ability: Quark Drive|[fromitem]
|-start|p2a: Iron Moth|quarkdrivespe
|turn|6
|
|t:|1776266553
|switch|p1a: Chansey|Chansey, F|100/100
|move|p2a: Iron Moth|Toxic Spikes|p1a: Chansey
|-sidestart|p1: Him221|move: Toxic Spikes
|
|upkeep
|turn|7
|
|t:|1776266560
|move|p2a: Iron Moth|Toxic Spikes|p1a: Chansey
|-sidestart|p1: Him221|move: Toxic Spikes
|move|p1a: Chansey|Light Screen|p1a: Chansey
|-sidestart|p1: Him221|move: Light Screen
|
|upkeep
|turn|8
|
|t:|1776266565
|move|p1a: Chansey|Protect|p1a: Chansey
|-singleturn|p1a: Chansey|Protect
|move|p2a: Iron Moth|Whirlwind|p1a: Chansey
|drag|p1a: Azumarill|Azumarill, M, tera:Water|51/100
|-status|p1a: Azumarill|tox
|
|-damage|p1a: Azumarill|44/100 tox|[from] psn
|upkeep
|-enditem|p1a: Azumarill|Sitrus Berry|[eat]
|-heal|p1a: Azumarill|69/100 tox|[from] item: Sitrus Berry
|turn|9
|
|t:|1776266577
|move|p1a: Azumarill|Aqua Jet|p2a: Iron Moth
|-supereffective|p2a: Iron Moth
|-damage|p2a: Iron Moth|0 fnt
|faint|p2a: Iron Moth
|-end|p2a: Iron Moth|Quark Drive|[silent]
|
|-damage|p1a: Azumarill|57/100 tox|[from] psn
|upkeep
|
|t:|1776266583
|switch|p2a: Raging Bolt|Raging Bolt|100/100
|-enditem|p2a: Raging Bolt|Booster Energy
|-activate|p2a: Raging Bolt|ability: Protosynthesis|[fromitem]
|-start|p2a: Raging Bolt|protosynthesisspa
|turn|10
|
|t:|1776266592
|move|p2a: Raging Bolt|Calm Mind|p2a: Raging Bolt
|-boost|p2a: Raging Bolt|spa|1
|-boost|p2a: Raging Bolt|spd|1
|move|p1a: Azumarill|Ice Spinner|p2a: Raging Bolt
|-supereffective|p2a: Raging Bolt
|-damage|p2a: Raging Bolt|42/100
|
|-damage|p1a: Azumarill|38/100 tox|[from] psn
|upkeep
|turn|11
|
|t:|1776266600
|move|p2a: Raging Bolt|Thunderbolt|p1a: Azumarill
|-supereffective|p1a: Azumarill
|-damage|p1a: Azumarill|0 fnt
|faint|p1a: Azumarill
|
|-sideend|p1: Him221|move: Light Screen
|upkeep
|
|t:|1776266608
|switch|p1a: Meowscarada|Meowscarada, F|100/100
|-status|p1a: Meowscarada|tox
|turn|12
|
|t:|1776266612
|move|p2a: Raging Bolt|Thunderclap|p1a: Meowscarada
|-resisted|p1a: Meowscarada
|-crit|p1a: Meowscarada
|-damage|p1a: Meowscarada|11/100 tox
|move|p1a: Meowscarada|Triple Axel|p2a: Raging Bolt
|-start|p1a: Meowscarada|typechange|Ice|[from] ability: Protean
|-supereffective|p2a: Raging Bolt
|-damage|p2a: Raging Bolt|23/100
|-supereffective|p2a: Raging Bolt
|-damage|p2a: Raging Bolt|0 fnt
|faint|p2a: Raging Bolt
|-end|p2a: Raging Bolt|Protosynthesis|[silent]
|-hitcount|p2: Raging Bolt|2
|
|-damage|p1a: Meowscarada|5/100 tox|[from] psn
|upkeep
|
|t:|1776266624
|switch|p2a: Hatterene|Hatterene, F|100/100
|turn|13
|
|t:|1776266627
|switch|p1a: Chansey|Chansey, F|100/100
|-status|p1a: Chansey|tox
|move|p2a: Hatterene|Calm Mind|p2a: Hatterene
|-boost|p2a: Hatterene|spa|1
|-boost|p2a: Hatterene|spd|1
|
|-damage|p1a: Chansey|94/100 tox|[from] psn
|upkeep
|turn|14
|
|t:|1776266637
|move|p1a: Chansey|Heal Bell|p1a: Chansey
|-activate|p1a: Chansey|move: Heal Bell
|-curestatus|p1a: Chansey|tox|[msg]
|-curestatus|p1: Meowscarada|tox|[msg]
|move|p2a: Hatterene|Calm Mind|p2a: Hatterene
|-boost|p2a: Hatterene|spa|1
|-boost|p2a: Hatterene|spd|1
|
|upkeep
|turn|15
|
|t:|1776266645
|move|p1a: Chansey|Light Screen|p1a: Chansey
|-sidestart|p1: Him221|move: Light Screen
|move|p2a: Hatterene|Calm Mind|p2a: Hatterene
|-boost|p2a: Hatterene|spa|1
|-boost|p2a: Hatterene|spd|1
|
|upkeep
|turn|16
|
|t:|1776266651
|move|p1a: Chansey|Last Resort||[still]
|-fail|p1a: Chansey
|move|p2a: Hatterene|Calm Mind|p2a: Hatterene
|-boost|p2a: Hatterene|spa|1
|-boost|p2a: Hatterene|spd|1
|
|upkeep
|turn|17
|
|t:|1776266657
|switch|p1a: Quaquaval|Quaquaval, M|100/100
|-status|p1a: Quaquaval|tox
|move|p2a: Hatterene|Calm Mind|p2a: Hatterene
|-boost|p2a: Hatterene|spa|1
|-boost|p2a: Hatterene|spd|1
|
|-damage|p1a: Quaquaval|94/100 tox|[from] psn
|upkeep
|turn|18
|
|t:|1776266667
|move|p1a: Quaquaval|Ice Spinner|p2a: Hatterene
|-damage|p2a: Hatterene|77/100
|move|p2a: Hatterene|Draining Kiss|p1a: Quaquaval
|-supereffective|p1a: Quaquaval
|-damage|p1a: Quaquaval|0 fnt
|-heal|p2a: Hatterene|100/100|[from] drain|[of] p1a: Quaquaval
|faint|p1a: Quaquaval
|
|upkeep
|-message|Him221 forfeited.
|
|win|UVWttt60GK3bGPAT
|raw|Him221's rating: 1031 &rarr; <strong>1015</strong><br />(-16 for losing)
|raw|UVWttt60GK3bGPAT's rating: 1000 &rarr; <strong>1044</strong><br />(+44 for winning)
|l|☆Him221
|player|p1|
