|html|<div class="broadcast-blue"><strong>[Gen 9] OU is currently suspecting Tera Blast! For information on how to participate check out the <a href="https://www.smogon.com/tools/suspects/view/200">suspect thread</a>.</strong></div>
|j|☆geal_gray
|j|☆dyebberwacky
|t:|1776072851
|gametype|singles
|player|p1|geal_gray|cynthia|1148
|player|p2|dyebberwacky|hiker-gen4|1184
|gen|9
|tier|[Gen 9] OU
|rated|
|rule|HP Percentage Mod: HP is shown in percentages
|rule|Endless Battle Clause: Forcing endless battles is banned
|rule|Species Clause: Limit one of each Pokémon
|rule|OHKO Clause: OHKO moves are banned
|rule|Evasion Items Clause: Evasion items are banned
|rule|Evasion Moves Clause: Evasion moves are banned
|rule|Evasion Abilities Clause: Evasion abilities are banned
|rule|Sleep Moves Clause: Sleep-inducing moves are banned
|clearpoke
|poke|p1|Ceruledge, M|
|poke|p1|Great Tusk|
|poke|p1|Raging Bolt|
|poke|p1|Kingambit, M|
|poke|p1|Ogerpon-Wellspring, F|
|poke|p1|Garchomp, M|
|poke|p2|Dragonite, F|
|poke|p2|Sinistcha|
|poke|p2|Zapdos-Galar|
|poke|p2|Ting-Lu|
|poke|p2|Landorus-Therian, M|
|poke|p2|Orthworm, M|
|teampreview
|inactive|Battle timer is ON: inactive players will automatically lose when time's up. (requested by dyebberwacky)
|
|t:|1776072858
|teamsize|p1|6
|teamsize|p2|6
|start
|switch|p1a: Garchomp|Garchomp, M|100/100
|switch|p2a: Pacificst|Ting-Lu|100/100
|-ability|p2a: Pacificst|Vessel of Ruin
|turn|1
|
|t:|1776072875
|move|p1a: Garchomp|Earthquake|p2a: Pacificst
|-damage|p2a: Pacificst|77/100
|move|p2a: Pacificst|Stealth Rock|p1a: Garchomp
|-sidestart|p1: geal_gray|move: Stealth Rock
|
|-heal|p2a: Pacificst|83/100|[from] item: Leftovers
|upkeep
|turn|2
|
|t:|1776072891
|switch|p1a: Tuscan Leather|Great Tusk|100/100
|-damage|p1a: Tuscan Leather|98/100|[from] Stealth Rock
|-enditem|p1a: Tuscan Leather|Booster Energy
|-activate|p1a: Tuscan Leather|ability: Protosynthesis|[fromitem]
|-start|p1a: Tuscan Leather|protosynthesisatk
|move|p2a: Pacificst|Whirlwind|p1a: Tuscan Leather
|-end|p1a: Tuscan Leather|Protosynthesis|[silent]
|drag|p1a: Ogerpon|Ogerpon-Wellspring, F|100/100
|-damage|p1a: Ogerpon|88/100|[from] Stealth Rock
|
|-heal|p2a: Pacificst|89/100|[from] item: Leftovers
|upkeep
|turn|3
|
|t:|1776072904
|move|p1a: Ogerpon|Ivy Cudgel|p2a: Pacificst|[anim] Ivy Cudgel Water
|-supereffective|p2a: Pacificst
|-damage|p2a: Pacificst|27/100
|move|p2a: Pacificst|Whirlwind|p1a: Ogerpon
|drag|p1a: Zuko|Ceruledge, M|100/100
|-damage|p1a: Zuko|75/100|[from] Stealth Rock
|
|-heal|p2a: Pacificst|33/100|[from] item: Leftovers
|upkeep
|turn|4
|
|t:|1776072918
|move|p1a: Zuko|Bitter Blade|p2a: Pacificst
|-damage|p2a: Pacificst|5/100
|-heal|p1a: Zuko|100/100|[from] drain|[of] p2a: Pacificst
|-damage|p1a: Zuko|91/100|[from] item: Life Orb
|move|p2a: Pacificst|Earthquake|p1a: Zuko
|-supereffective|p1a: Zuko
|-damage|p1a: Zuko|0 fnt
|faint|p1a: Zuko
|
|-heal|p2a: Pacificst|11/100|[from] item: Leftovers
|upkeep
|
|t:|1776072933
|switch|p1a: Tuscan Leather|Great Tusk|98/100
|-damage|p1a: Tuscan Leather|95/100|[from] Stealth Rock
|turn|5
|
|t:|1776072943
|move|p1a: Tuscan Leather|Brick Break|p2a: Pacificst
|-supereffective|p2a: Pacificst
|-damage|p2a: Pacificst|0 fnt
|faint|p2a: Pacificst
|
|upkeep
|
|t:|1776072951
|switch|p2a: Green Pot ;)|Sinistcha|100/100
|turn|6
|
|t:|1776072958
|move|p1a: Tuscan Leather|Ice Spinner|p2a: Green Pot ;)
|-supereffective|p2a: Green Pot ;)
|-damage|p2a: Green Pot ;)|47/100
|move|p2a: Green Pot ;)|Shadow Ball|p1a: Tuscan Leather
|-crit|p1a: Tuscan Leather
|-damage|p1a: Tuscan Leather|20/100
|-unboost|p1a: Tuscan Leather|spd|1
|
|upkeep
|turn|7
|
|t:|1776072966
|switch|p2a: Vibrating|Orthworm, M|100/100
|-item|p2a: Vibrating|Air Balloon
|move|p1a: Tuscan Leather|Ice Spinner|p2a: Vibrating
|-resisted|p2a: Vibrating
|-damage|p2a: Vibrating|91/100
|-enditem|p2a: Vibrating|Air Balloon
|
|upkeep
|turn|8
|
|t:|1776072975
|move|p1a: Tuscan Leather|Brick Break|p2a: Vibrating
|-supereffective|p2a: Vibrating
|-damage|p2a: Vibrating|37/100
|move|p2a: Vibrating|Body Press|p1a: Tuscan Leather
|-damage|p1a: Tuscan Leather|0 fnt
|faint|p1a: Tuscan Leather
|-end|p1a: Tuscan Leather|Protosynthesis|[silent]
|
|upkeep
|
|t:|1776072987
|switch|p1a: Garchomp|Garchomp, M|100/100
|-damage|p1a: Garchomp|94/100|[from] Stealth Rock
|turn|9
|
|t:|1776072995
|move|p1a: Garchomp|Earthquake|p2a: Vibrating
|-heal|p2a: Vibrating|62/100|[from] ability: Earth Eater|[of] p1a: Garchomp
|move|p2a: Vibrating|Heavy Slam|p1a: Garchomp
|-damage|p1a: Garchomp|76/100
|-damage|p2a: Vibrating|49/100|[from] ability: Rough Skin|[of] p1a: Garchomp
|
|upkeep
|turn|10
|
|t:|1776073005
|switch|p1a: Long Cat|Raging Bolt|100/100
|-damage|p1a: Long Cat|88/100|[from] Stealth Rock
|-enditem|p1a: Long Cat|Booster Energy
|-activate|p1a: Long Cat|ability: Protosynthesis|[fromitem]
|-start|p1a: Long Cat|protosynthesisspa
|move|p2a: Vibrating|Body Press|p1a: Long Cat
|-damage|p1a: Long Cat|58/100
|
|upkeep
|turn|11
|
|t:|1776073020
|move|p1a: Long Cat|Thunderclap|p2a: Vibrating
|-damage|p2a: Vibrating|0 fnt
|faint|p2a: Vibrating
|
|upkeep
|
|t:|1776073026
|switch|p2a: Green Pot ;)|Sinistcha|47/100
|turn|12
|
|t:|1776073033
|move|p1a: Long Cat|Dragon Pulse|p2a: Green Pot ;)
|-damage|p2a: Green Pot ;)|0 fnt
|faint|p2a: Green Pot ;)
|
|upkeep
|
|t:|1776073036
|switch|p2a: We all hate gim|Landorus-Therian, M|100/100
|-ability|p2a: We all hate gim|Intimidate|boost
|-unboost|p1a: Long Cat|atk|1
|turn|13
|
|t:|1776073046
|-end|p1a: Long Cat|Protosynthesis|[silent]
|switch|p1a: Ogerpon|Ogerpon-Wellspring, F|88/100
|-damage|p1a: Ogerpon|76/100|[from] Stealth Rock
|move|p2a: We all hate gim|Earthquake|p1a: Ogerpon
|-resisted|p1a: Ogerpon
|-damage|p1a: Ogerpon|45/100
|
|upkeep
|turn|14
|
|t:|1776073058
|switch|p2a: Forest Gunk|Zapdos-Galar|100/100
|move|p1a: Ogerpon|Ivy Cudgel|p2a: Forest Gunk|[anim] Ivy Cudgel Water
|-damage|p2a: Forest Gunk|46/100
|
|upkeep
|turn|15
|
|t:|1776073065
|move|p1a: Ogerpon|Ivy Cudgel|p2a: Forest Gunk|[anim] Ivy Cudgel Water
|-damage|p2a: Forest Gunk|0 fnt
|faint|p2a: Forest Gunk
|
|upkeep
|
|t:|1776073069
|switch|p2a: We all hate gim|Landorus-Therian, M|100/100
|-ability|p2a: We all hate gim|Intimidate|boost
|-unboost|p1a: Ogerpon|atk|1
|turn|16
|
|t:|1776073075
|move|p1a: Ogerpon|Ivy Cudgel|p2a: We all hate gim|[anim] Ivy Cudgel Water
|-supereffective|p2a: We all hate gim
|-damage|p2a: We all hate gim|41/100
|move|p2a: We all hate gim|Earthquake|p1a: Ogerpon
|-resisted|p1a: Ogerpon
|-damage|p1a: Ogerpon|11/100
|
|upkeep
|turn|17
|
|t:|1776073083
|move|p1a: Ogerpon|Ivy Cudgel|p2a: We all hate gim|[anim] Ivy Cudgel Water
|-supereffective|p2a: We all hate gim
|-crit|p2a: We all hate gim
|-damage|p2a: We all hate gim|0 fnt
|faint|p2a: We all hate gim
|
|upkeep
|
|t:|1776073086
|switch|p2a: Dragooning|Dragonite, F|100/100
|turn|18
|
|t:|1776073101
|move|p1a: Ogerpon|Leech Seed|p2a: Dragooning
|-start|p2a: Dragooning|move: Leech Seed
|move|p2a: Dragooning|Dragon Dance|p2a: Dragooning
|-boost|p2a: Dragooning|atk|1
|-boost|p2a: Dragooning|spe|1
|
|-damage|p2a: Dragooning|88/100|[from] Leech Seed|[of] p1a: Ogerpon
|-heal|p1a: Ogerpon|25/100|[silent]
|upkeep
|turn|19
|
|t:|1776073109
|move|p2a: Dragooning|Dragon Dance|p2a: Dragooning
|-boost|p2a: Dragooning|atk|1
|-boost|p2a: Dragooning|spe|1
|move|p1a: Ogerpon|Play Rough|p2a: Dragooning
|-supereffective|p2a: Dragooning
|-crit|p2a: Dragooning
|-damage|p2a: Dragooning|0 fnt
|faint|p2a: Dragooning
|
|win|geal_gray
|raw|geal_gray's rating: 1148 &rarr; <strong>1176</strong><br />(+28 for winning)
|raw|dyebberwacky's rating: 1184 &rarr; <strong>1156</strong><br />(-28 for losing)
|l|☆dyebberwacky
|player|p2|
|l|☆geal_gray
|player|p1|
