|html|<div class="broadcast-blue"><strong>[Gen 9] OU is currently suspecting Volcarona! For information on how to participate check out the <a href="https://www.smogon.com/tools/suspects/view/208">suspect thread</a>.</strong></div>
|j|☆nepheli.jpg
|j|☆Hainzwurst67
|t:|1778498672
|gametype|singles
|player|p1|nepheli.jpg|swimmerf-gen4dp|1085
|player|p2|Hainzwurst67|gentleman-gen4|1099
|gen|9
|tier|[Gen 9] OU
|rated|
|rule|HP Percentage Mod: HP is shown in percentages
|rule|Endless Battle Clause: Forcing endless battles is banned
|rule|Species Clause: Limit one of each Pokémon
|rule|OHKO Clause: OHKO moves are banned
|rule|Evasion Items Clause: Evasion items are banned
|rule|Evasion Moves Clause: Evasion moves are banned
|rule|Evasion Abilities Clause: Evasion abilities are banned
|rule|Sleep Moves Clause: Sleep-inducing moves are banned
|clearpoke
|poke|p1|Rillaboom, F|
|poke|p1|Ogerpon-Wellspring, F|
|poke|p1|Great Tusk|
|poke|p1|Iron Valiant|
|poke|p1|Volcarona, M|
|poke|p1|Deoxys-Defense|
|poke|p2|Electabuzz, M|
|poke|p2|Croagunk, M|
|poke|p2|Blissey, F|
|poke|p2|Ursaluna, M|
|poke|p2|Samurott, M|
|poke|p2|Oricorio, M|
|teampreview
|inactive|Battle timer is ON: inactive players will automatically lose when time's up. (requested by nepheli.jpg)
|
|t:|1778498684
|teamsize|p1|6
|teamsize|p2|6
|start
|switch|p1a: Deoxys|Deoxys-Defense|100/100
|switch|p2a: Blissey|Blissey, F|100/100
|-ability|p1a: Deoxys|Pressure
|turn|1
|c|☆Hainzwurst67|Random number generator team is generational
|
|t:|1778498705
|move|p1a: Deoxys|Taunt|p2a: Blissey
|-start|p2a: Blissey|move: Taunt
|cant|p2a: Blissey|move: Taunt|Stealth Rock
|
|-status|p2a: Blissey|tox|[from] item: Toxic Orb
|upkeep
|turn|2
|c|☆nepheli.jpg|yo
|c|☆nepheli.jpg|what is this
|c|☆nepheli.jpg|😭
|inactive|Hainzwurst67 has 120 seconds left.
|
|t:|1778498734
|-curestatus|p2a: Blissey|tox|[from] ability: Natural Cure|[silent]
|switch|p2a: Oricorio|Oricorio, M|100/100
|move|p1a: Deoxys|Stealth Rock|p2a: Oricorio
|-sidestart|p2: Hainzwurst67|move: Stealth Rock
|
|upkeep
|turn|3
|inactive|Hainzwurst67 has 120 seconds left.
|c|☆Hainzwurst67|It’s peak
|
|t:|1778498754
|move|p2a: Oricorio|U-turn|p1a: Deoxys
|-supereffective|p1a: Deoxys
|-damage|p1a: Deoxys|82/100
|-enditem|p1a: Deoxys|Red Card|[of] p2a: Oricorio
|drag|p2a: Electabuzz|Electabuzz, M|100/100
|-damage|p2a: Electabuzz|88/100|[from] Stealth Rock
|move|p1a: Deoxys|Spikes|p2a: Electabuzz
|-sidestart|p2: Hainzwurst67|Spikes
|
|upkeep
|turn|4
|
|t:|1778498768
|move|p2a: Electabuzz|Thunder Wave|p1a: Deoxys
|-status|p1a: Deoxys|par
|move|p1a: Deoxys|Spikes|p2a: Electabuzz
|-sidestart|p2: Hainzwurst67|Spikes
|
|upkeep
|turn|5
|
|t:|1778498775
|move|p2a: Electabuzz|Thunderbolt|p1a: Deoxys
|-damage|p1a: Deoxys|51/100 par
|cant|p1a: Deoxys|par
|
|upkeep
|turn|6
|
|t:|1778498781
|move|p2a: Electabuzz|Thunderbolt|p1a: Deoxys
|-damage|p1a: Deoxys|16/100 par
|move|p1a: Deoxys|Spikes|p2a: Electabuzz
|-sidestart|p2: Hainzwurst67|Spikes
|
|upkeep
|turn|7
|inactive|Hainzwurst67 has 120 seconds left.
|
|t:|1778498787
|move|p2a: Electabuzz|Thunderbolt|p1a: Deoxys
|-crit|p1a: Deoxys
|-damage|p1a: Deoxys|0 fnt
|faint|p1a: Deoxys
|
|upkeep
|
|t:|1778498790
|switch|p1a: Ogerpon|Ogerpon-Wellspring, F|100/100
|turn|8
|
|t:|1778498803
|switch|p1a: Great Tusk|Great Tusk|100/100
|-enditem|p1a: Great Tusk|Booster Energy
|-activate|p1a: Great Tusk|ability: Protosynthesis|[fromitem]
|-start|p1a: Great Tusk|protosynthesisatk
|move|p2a: Electabuzz|Thunderbolt|p1a: Great Tusk
|-immune|p1a: Great Tusk
|
|upkeep
|turn|9
|inactive|Hainzwurst67 has 120 seconds left.
|
|t:|1778498822
|switch|p2a: Samurott|Samurott, M|100/100
|-damage|p2a: Samurott|88/100|[from] Stealth Rock
|-damage|p2a: Samurott|63/100|[from] Spikes
|move|p1a: Great Tusk|Headlong Rush|p2a: Samurott
|-crit|p2a: Samurott
|-damage|p2a: Samurott|0 fnt
|-unboost|p1a: Great Tusk|def|1
|-unboost|p1a: Great Tusk|spd|1
|faint|p2a: Samurott
|
|upkeep
|inactive|Hainzwurst67 has 120 seconds left.
|
|t:|1778498843
|switch|p2a: Oricorio|Oricorio, M|100/100
|turn|10
|
|t:|1778498856
|move|p2a: Oricorio|Quiver Dance|p2a: Oricorio
|-boost|p2a: Oricorio|spa|1
|-boost|p2a: Oricorio|spd|1
|-boost|p2a: Oricorio|spe|1
|move|p1a: Great Tusk|Head Smash|p2a: Oricorio|[miss]
|-miss|p1a: Great Tusk|p2a: Oricorio
|
|upkeep
|turn|11
|
|t:|1778498863
|move|p2a: Oricorio|Alluring Voice|p1a: Great Tusk
|-supereffective|p1a: Great Tusk
|-damage|p1a: Great Tusk|0 fnt
|faint|p1a: Great Tusk
|-end|p1a: Great Tusk|Protosynthesis|[silent]
|
|upkeep
|
|t:|1778498879
|switch|p1a: Rillaboom|Rillaboom, F|100/100
|-fieldstart|move: Grassy Terrain|[from] ability: Grassy Surge|[of] p1a: Rillaboom
|turn|12
|inactive|Hainzwurst67 has 120 seconds left.
|
|t:|1778498886
|move|p2a: Oricorio|Revelation Dance|p1a: Rillaboom
|-supereffective|p1a: Rillaboom
|-damage|p1a: Rillaboom|0 fnt
|faint|p1a: Rillaboom
|
|upkeep
|
|t:|1778498890
|switch|p1a: Ogerpon|Ogerpon-Wellspring, F|100/100
|turn|13
|
|t:|1778498899
|move|p2a: Oricorio|U-turn|p1a: Ogerpon
|-supereffective|p1a: Ogerpon
|-damage|p1a: Ogerpon|74/100
|
|t:|1778498905
|switch|p2a: Croagunk|Croagunk, M|100/100|[from] U-turn
|-damage|p2a: Croagunk|95/100|[from] Stealth Rock
|-damage|p2a: Croagunk|70/100|[from] Spikes
|move|p1a: Ogerpon|Ivy Cudgel|p2a: Croagunk|[anim] Ivy Cudgel Water
|-damage|p2a: Croagunk|0 fnt
|faint|p2a: Croagunk
|
|-heal|p1a: Ogerpon|80/100|[from] Grassy Terrain
|upkeep
|
|t:|1778498920
|switch|p2a: Blissey|Blissey, F|100/100
|-damage|p2a: Blissey|88/100|[from] Stealth Rock
|-damage|p2a: Blissey|63/100|[from] Spikes
|turn|14
|
|t:|1778498931
|switch|p1a: Volcarona|Volcarona, M|100/100
|-enditem|p1a: Volcarona|Grassy Seed
|-boost|p1a: Volcarona|def|1|[from] item: Grassy Seed
|move|p2a: Blissey|Trick|p1a: Volcarona
|-activate|p2a: Blissey|move: Trick|[of] p1a: Volcarona
|-item|p1a: Volcarona|Toxic Orb|[from] move: Trick
|-enditem|p2a: Blissey|Toxic Orb|[silent]|[from] move: Trick
|
|-heal|p2a: Blissey|69/100|[from] Grassy Terrain
|-status|p1a: Volcarona|tox|[from] item: Toxic Orb
|upkeep
|turn|15
|inactive|Hainzwurst67 has 120 seconds left.
|
|t:|1778498957
|move|p1a: Volcarona|Quiver Dance|p1a: Volcarona
|-boost|p1a: Volcarona|spa|1
|-boost|p1a: Volcarona|spd|1
|-boost|p1a: Volcarona|spe|1
|move|p2a: Blissey|Stealth Rock|p1a: Volcarona
|-sidestart|p1: nepheli.jpg|move: Stealth Rock
|
|-heal|p2a: Blissey|75/100|[from] Grassy Terrain
|-damage|p1a: Volcarona|94/100 tox|[from] psn
|upkeep
|turn|16
|
|t:|1778498971
|move|p1a: Volcarona|Quiver Dance|p1a: Volcarona
|-boost|p1a: Volcarona|spa|1
|-boost|p1a: Volcarona|spd|1
|-boost|p1a: Volcarona|spe|1
|move|p2a: Blissey|Alluring Voice|p1a: Volcarona
|-resisted|p1a: Volcarona
|-damage|p1a: Volcarona|91/100 tox
|-start|p1a: Volcarona|confusion
|
|-heal|p1a: Volcarona|97/100 tox|[from] Grassy Terrain
|-heal|p2a: Blissey|81/100|[from] Grassy Terrain
|-damage|p1a: Volcarona|85/100 tox|[from] psn
|-fieldend|move: Grassy Terrain
|upkeep
|turn|17
|
|t:|1778498985
|-activate|p1a: Volcarona|confusion
|move|p1a: Volcarona|Quiver Dance|p1a: Volcarona
|-boost|p1a: Volcarona|spa|1
|-boost|p1a: Volcarona|spd|1
|-boost|p1a: Volcarona|spe|1
|move|p2a: Blissey|Trick|p1a: Volcarona
|-activate|p2a: Blissey|move: Trick|[of] p1a: Volcarona
|-enditem|p1a: Volcarona|Toxic Orb|[silent]|[from] move: Trick
|-item|p2a: Blissey|Toxic Orb|[from] move: Trick
|
|-damage|p1a: Volcarona|66/100 tox|[from] psn
|-status|p2a: Blissey|tox|[from] item: Toxic Orb
|upkeep
|turn|18
|
|t:|1778499002
|-curestatus|p2a: Blissey|tox|[from] ability: Natural Cure|[silent]
|switch|p2a: Ursaluna|Ursaluna, M|100/100
|-damage|p2a: Ursaluna|94/100|[from] Stealth Rock
|-damage|p2a: Ursaluna|69/100|[from] Spikes
|-end|p1a: Volcarona|confusion
|move|p1a: Volcarona|Quiver Dance|p1a: Volcarona
|-boost|p1a: Volcarona|spa|1
|-boost|p1a: Volcarona|spd|1
|-boost|p1a: Volcarona|spe|1
|
|-damage|p1a: Volcarona|41/100 tox|[from] psn
|-status|p2a: Ursaluna|brn|[from] item: Flame Orb
|upkeep
|turn|19
|
|t:|1778499026
|move|p1a: Volcarona|Fiery Dance|p2a: Ursaluna
|-damage|p2a: Ursaluna|0 fnt
|-boost|p1a: Volcarona|spa|1
|faint|p2a: Ursaluna
|
|-damage|p1a: Volcarona|10/100 tox|[from] psn
|upkeep
|inactive|Hainzwurst67 has 90 seconds left.
|
|t:|1778499045
|switch|p2a: Oricorio|Oricorio, M|100/100
|turn|20
|inactive|Hainzwurst67 has 90 seconds left.
|
|t:|1778499058
|switch|p2a: Blissey|Blissey, F|81/100
|-damage|p2a: Blissey|69/100|[from] Stealth Rock
|-damage|p2a: Blissey|44/100|[from] Spikes
|move|p1a: Volcarona|Morning Sun|p1a: Volcarona
|-heal|p1a: Volcarona|60/100 tox
|
|-damage|p1a: Volcarona|23/100 tox|[from] psn
|-status|p2a: Blissey|tox|[from] item: Toxic Orb
|upkeep
|turn|21
|inactive|Hainzwurst67 has 90 seconds left.
|
|t:|1778499069
|move|p1a: Volcarona|Morning Sun|p1a: Volcarona
|-heal|p1a: Volcarona|73/100 tox
|move|p2a: Blissey|Soft-Boiled|p2a: Blissey
|-heal|p2a: Blissey|94/100 tox
|
|-damage|p1a: Volcarona|30/100 tox|[from] psn
|-damage|p2a: Blissey|88/100 tox|[from] psn
|upkeep
|turn|22
|inactive|Hainzwurst67 has 90 seconds left.
|c|☆nepheli.jpg|why the fuck does this do so much
|
|t:|1778499088
|move|p1a: Volcarona|Morning Sun|p1a: Volcarona
|-heal|p1a: Volcarona|79/100 tox
|move|p2a: Blissey|Alluring Voice|p1a: Volcarona
|-resisted|p1a: Volcarona
|-damage|p1a: Volcarona|77/100 tox
|
|-damage|p1a: Volcarona|28/100 tox|[from] psn
|-damage|p2a: Blissey|76/100 tox|[from] psn
|upkeep
|turn|23
|c|☆Hainzwurst67|I don’t actually know if it has a cap
|
|t:|1778499114
|move|p1a: Volcarona|Fiery Dance|p2a: Blissey
|-damage|p2a: Blissey|26/100 tox
|move|p2a: Blissey|Soft-Boiled|p2a: Blissey
|-heal|p2a: Blissey|76/100 tox
|
|-damage|p1a: Volcarona|0 fnt|[from] psn
|faint|p1a: Volcarona
|-damage|p2a: Blissey|58/100 tox|[from] psn
|upkeep
|
|t:|1778499120
|switch|p1a: Ogerpon|Ogerpon-Wellspring, F|80/100
|-damage|p1a: Ogerpon|68/100|[from] Stealth Rock
|turn|24
|
|t:|1778499132
|move|p1a: Ogerpon|Ivy Cudgel|p2a: Blissey|[anim] Ivy Cudgel Water
|-crit|p2a: Blissey
|-damage|p2a: Blissey|0 fnt
|faint|p2a: Blissey
|
|upkeep
|
|t:|1778499139
|switch|p2a: Electabuzz|Electabuzz, M|88/100
|-damage|p2a: Electabuzz|76/100|[from] Stealth Rock
|-damage|p2a: Electabuzz|51/100|[from] Spikes
|turn|25
|inactive|Hainzwurst67 has 60 seconds left.
|
|t:|1778499186
|move|p1a: Ogerpon|Ivy Cudgel|p2a: Electabuzz|[anim] Ivy Cudgel Water
|-crit|p2a: Electabuzz
|-damage|p2a: Electabuzz|0 fnt
|faint|p2a: Electabuzz
|
|upkeep
|
|t:|1778499190
|switch|p2a: Oricorio|Oricorio, M|100/100
|turn|26
|inactive|Hainzwurst67 has 30 seconds left.
|
|t:|1778499211
|-terastallize|p1a: Ogerpon|Water
|detailschange|p1a: Ogerpon|Ogerpon-Wellspring-Tera, F, tera:Water
|-ability|p1a: Ogerpon|Embody Aspect (Wellspring)|boost
|-boost|p1a: Ogerpon|spd|1
|move|p1a: Ogerpon|Ivy Cudgel|p2a: Oricorio|[anim] Ivy Cudgel Water
|-supereffective|p2a: Oricorio
|-damage|p2a: Oricorio|0 fnt
|faint|p2a: Oricorio
|
|win|nepheli.jpg
|raw|nepheli.jpg's rating: 1085 &rarr; <strong>1113</strong><br />(+28 for winning)
|raw|Hainzwurst67's rating: 1099 &rarr; <strong>1073</strong><br />(-26 for losing)
|l|☆nepheli.jpg
|player|p1|
|c|☆Hainzwurst67|I might need hazard removal
|l|☆Hainzwurst67
|player|p2|
