|html|<div class="broadcast-blue"><strong>[Gen 9] OU is currently suspecting Tera Blast! For information on how to participate check out the <a href="https://www.smogon.com/tools/suspects/view/200">suspect thread</a>.</strong></div>
|j|☆antogodolli
|j|☆NEON FLUXUS
|t:|1776134928
|gametype|singles
|player|p1|antogodolli|cynthia|1020
|player|p2|NEON FLUXUS|169|1079
|gen|9
|tier|[Gen 9] OU
|rated|
|rule|HP Percentage Mod: HP is shown in percentages
|rule|Endless Battle Clause: Forcing endless battles is banned
|rule|Species Clause: Limit one of each Pokémon
|rule|OHKO Clause: OHKO moves are banned
|rule|Evasion Items Clause: Evasion items are banned
|rule|Evasion Moves Clause: Evasion moves are banned
|rule|Evasion Abilities Clause: Evasion abilities are banned
|rule|Sleep Moves Clause: Sleep-inducing moves are banned
|clearpoke
|poke|p1|Lurantis, M|
|poke|p1|Overqwil, F|
|poke|p1|Vikavolt, M|
|poke|p1|Rampardos, M|
|poke|p1|Gastrodon, F|
|poke|p1|Dragapult, M|
|poke|p2|Charizard, M|
|poke|p2|Tyranitar, M|
|poke|p2|Grimmsnarl, M|
|poke|p2|Arcanine-Hisui, F|
|poke|p2|Ursaluna, F|
|poke|p2|Clawitzer, M|
|teampreview
|inactive|Battle timer is ON: inactive players will automatically lose when time's up. (requested by NEON FLUXUS)
|
|t:|1776134953
|teamsize|p1|6
|teamsize|p2|6
|start
|switch|p1a: Vikavolt|Vikavolt, M|100/100
|switch|p2a: C-1|Clawitzer, M, shiny|100/100
|turn|1
|
|t:|1776134962
|-terastallize|p2a: C-1|Ground
|move|p2a: C-1|Icy Wind|p1a: Vikavolt
|-damage|p1a: Vikavolt|68/100
|-unboost|p1a: Vikavolt|spe|1
|-damage|p2a: C-1|91/100|[from] item: Life Orb
|move|p1a: Vikavolt|Sticky Web|p2a: C-1
|-sidestart|p2: NEON FLUXUS|move: Sticky Web
|
|upkeep
|turn|2
|
|t:|1776134972
|move|p2a: C-1|Water Pulse|p1a: Vikavolt
|-damage|p1a: Vikavolt|0 fnt
|faint|p1a: Vikavolt
|-damage|p2a: C-1|81/100|[from] item: Life Orb
|
|upkeep
|c|☆antogodolli|lol?
|
|t:|1776134983
|switch|p1a: Overqwil|Overqwil, F|100/100
|-ability|p1a: Overqwil|Intimidate|boost
|-unboost|p2a: C-1|atk|1
|turn|3
|
|t:|1776134995
|move|p1a: Overqwil|Crunch|p2a: C-1
|-crit|p2a: C-1
|-damage|p2a: C-1|3/100
|-unboost|p2a: C-1|def|1
|move|p2a: C-1|Mud Shot|p1a: Overqwil
|-supereffective|p1a: Overqwil
|-damage|p1a: Overqwil|0 fnt
|faint|p1a: Overqwil
|-damage|p2a: C-1|0 fnt|[from] item: Life Orb
|faint|p2a: C-1
|
|upkeep
|
|t:|1776135009
|switch|p1a: Lurantis|Lurantis, M|100/100
|switch|p2a: Kakuzu|Grimmsnarl, M|100/100
|-activate|p2a: Kakuzu|move: Sticky Web
|-unboost|p2a: Kakuzu|spe|1
|-item|p1a: Lurantis|Life Orb|[from] ability: Frisk|[of] p2a: Kakuzu
|turn|4
|
|t:|1776135016
|move|p2a: Kakuzu|Trick|p1a: Lurantis
|-activate|p2a: Kakuzu|move: Trick|[of] p1a: Lurantis
|-item|p1a: Lurantis|Choice Scarf|[from] move: Trick
|-item|p2a: Kakuzu|Life Orb|[from] move: Trick
|move|p1a: Lurantis|Superpower|p2a: Kakuzu
|-damage|p2a: Kakuzu|64/100
|-boost|p1a: Lurantis|atk|1
|-boost|p1a: Lurantis|def|1
|
|upkeep
|turn|5
|
|t:|1776135026
|move|p1a: Lurantis|Superpower|p2a: Kakuzu
|-damage|p2a: Kakuzu|14/100
|-boost|p1a: Lurantis|atk|1
|-boost|p1a: Lurantis|def|1
|move|p2a: Kakuzu|False Surrender|p1a: Lurantis
|-damage|p1a: Lurantis|82/100
|-damage|p2a: Kakuzu|5/100|[from] item: Life Orb
|
|upkeep
|turn|6
|
|t:|1776135032
|move|p1a: Lurantis|Superpower|p2a: Kakuzu
|-damage|p2a: Kakuzu|0 fnt
|-boost|p1a: Lurantis|atk|1
|-boost|p1a: Lurantis|def|1
|faint|p2a: Kakuzu
|
|upkeep
|
|t:|1776135035
|switch|p2a: C-0|Arcanine-Hisui, F|100/100
|-activate|p2a: C-0|move: Sticky Web
|-unboost|p2a: C-0|spe|1
|turn|7
|
|t:|1776135040
|switch|p2a: C-2 Dragón|Charizard, M, shiny|100/100
|move|p1a: Lurantis|Superpower|p2a: C-2 Dragón
|-resisted|p2a: C-2 Dragón
|-damage|p2a: C-2 Dragón|53/100
|-boost|p1a: Lurantis|atk|1
|-boost|p1a: Lurantis|def|1
|
|upkeep
|turn|8
|
|t:|1776135050
|-terastallize|p1a: Lurantis|Poison
|move|p1a: Lurantis|Superpower|p2a: C-2 Dragón
|-resisted|p2a: C-2 Dragón
|-damage|p2a: C-2 Dragón|0 fnt
|-boost|p1a: Lurantis|atk|1
|-boost|p1a: Lurantis|def|1
|faint|p2a: C-2 Dragón
|
|upkeep
|
|t:|1776135055
|switch|p2a: C-0|Arcanine-Hisui, F|100/100
|-activate|p2a: C-0|move: Sticky Web
|-unboost|p2a: C-0|spe|1
|turn|9
|
|t:|1776135060
|move|p2a: C-0|Flare Blitz|p1a: Lurantis
|-crit|p1a: Lurantis
|-damage|p1a: Lurantis|0 fnt
|faint|p1a: Lurantis
|
|upkeep
|l|☆NEON FLUXUS
|inactive|NEON FLUXUS disconnected and has a minute to reconnect!
|player|p2|
|c|☆antogodolli|XD
|inactive|antogodolli has 120 seconds left.
|inactive|antogodolli has 90 seconds left.
|
|t:|1776135138
|switch|p1a: Rampardos|Rampardos, M|100/100
|-ability|p1a: Rampardos|Mold Breaker
|turn|10
|inactive|NEON FLUXUS has 30 seconds to reconnect!
|inactive|NEON FLUXUS has 20 seconds to reconnect!
|inactive|NEON FLUXUS has 15 seconds to reconnect!
|inactive|NEON FLUXUS has 10 seconds to reconnect!
|inactive|NEON FLUXUS has 5 seconds to reconnect!
|-message|NEON FLUXUS lost due to inactivity.
|
|win|antogodolli
|raw|antogodolli's rating: 1020 &rarr; <strong>1063</strong><br />(+43 for winning)
|raw|NEON FLUXUS's rating: 1079 &rarr; <strong>1053</strong><br />(-26 for losing)
