|html|<div class="broadcast-blue"><strong>[Gen 9] OU is currently suspecting Tera Blast! For information on how to participate check out the <a href="https://www.smogon.com/tools/suspects/view/200">suspect thread</a>.</strong></div>
|j|☆elementalbalance
|j|☆The Quaggie Boys
|t:|1776134710
|gametype|singles
|player|p1|elementalbalance|ghetsis|1106
|player|p2|The Quaggie Boys|ingo|1129
|gen|9
|tier|[Gen 9] OU
|rated|
|rule|HP Percentage Mod: HP is shown in percentages
|rule|Endless Battle Clause: Forcing endless battles is banned
|rule|Species Clause: Limit one of each Pokémon
|rule|OHKO Clause: OHKO moves are banned
|rule|Evasion Items Clause: Evasion items are banned
|rule|Evasion Moves Clause: Evasion moves are banned
|rule|Evasion Abilities Clause: Evasion abilities are banned
|rule|Sleep Moves Clause: Sleep-inducing moves are banned
|clearpoke
|poke|p1|Dragonite, M|
|poke|p1|Samurott-Hisui, M|
|poke|p1|Clefable, M|
|poke|p1|Gliscor, F|
|poke|p1|Gholdengo|
|poke|p1|Zamazenta-*|
|poke|p2|Quagsire, F|
|poke|p2|Camerupt, F|
|poke|p2|Hatterene, F|
|poke|p2|Hoopa-Unbound|
|poke|p2|Diancie|
|poke|p2|Necrozma|
|teampreview
|inactive|Battle timer is ON: inactive players will automatically lose when time's up. (requested by The Quaggie Boys)
|inactive|The Quaggie Boys has 120 seconds left.
|
|t:|1776134750
|teamsize|p1|6
|teamsize|p2|6
|start
|switch|p1a: Gliscor|Gliscor, F|100/100
|switch|p2a: Hoopa|Hoopa-Unbound|100/100
|turn|1
|
|t:|1776134764
|move|p1a: Gliscor|Protect|p1a: Gliscor
|-singleturn|p1a: Gliscor|Protect
|move|p2a: Hoopa|Trick Room|p2a: Hoopa
|-fieldstart|move: Trick Room|[of] p2a: Hoopa
|
|-status|p1a: Gliscor|tox|[from] item: Toxic Orb
|upkeep
|turn|2
|
|t:|1776134770
|move|p2a: Hoopa|Psychic|p1a: Gliscor
|-damage|p1a: Gliscor|38/100 tox
|-damage|p2a: Hoopa|91/100|[from] item: Life Orb
|move|p1a: Gliscor|Swords Dance|p1a: Gliscor
|-boost|p1a: Gliscor|atk|2
|
|-heal|p1a: Gliscor|50/100 tox|[from] ability: Poison Heal
|upkeep
|turn|3
|
|t:|1776134787
|switch|p1a: Samurott|Samurott-Hisui, M|100/100
|move|p2a: Hoopa|Hyperspace Fury|p1a: Samurott
|-resisted|p1a: Samurott
|-damage|p1a: Samurott|62/100
|-unboost|p2a: Hoopa|def|1
|-damage|p2a: Hoopa|81/100|[from] item: Life Orb
|
|upkeep
|turn|4
|inactive|elementalbalance has 120 seconds left.
|inactive|elementalbalance has 90 seconds left.
|
|t:|1776134851
|move|p1a: Samurott|Sucker Punch|p2a: Hoopa
|-damage|p2a: Hoopa|12/100
|move|p2a: Hoopa|Drain Punch|p1a: Samurott
|-supereffective|p1a: Samurott
|-damage|p1a: Samurott|0 fnt
|-heal|p2a: Hoopa|47/100|[from] drain|[of] p1a: Samurott
|faint|p1a: Samurott
|-damage|p2a: Hoopa|37/100|[from] item: Life Orb
|
|upkeep
|
|t:|1776134858
|switch|p1a: Clefable|Clefable, M, shiny|100/100
|turn|5
|
|t:|1776134867
|move|p1a: Clefable|Cosmic Power|p1a: Clefable
|-boost|p1a: Clefable|def|1
|-boost|p1a: Clefable|spd|1
|move|p2a: Hoopa|Psychic|p1a: Clefable
|-damage|p1a: Clefable|55/100
|-damage|p2a: Hoopa|27/100|[from] item: Life Orb
|
|-fieldend|move: Trick Room
|-status|p1a: Clefable|tox|[from] item: Toxic Orb
|upkeep
|turn|6
|
|t:|1776134894
|move|p2a: Hoopa|Psychic|p1a: Clefable
|-damage|p1a: Clefable|9/100 tox
|-damage|p2a: Hoopa|17/100|[from] item: Life Orb
|move|p1a: Clefable|Moonlight|p1a: Clefable
|-heal|p1a: Clefable|59/100 tox
|
|upkeep
|turn|7
|
|t:|1776134901
|move|p2a: Hoopa|Psychic|p1a: Clefable
|-damage|p1a: Clefable|12/100 tox
|-damage|p2a: Hoopa|7/100|[from] item: Life Orb
|move|p1a: Clefable|Moonlight|p1a: Clefable
|-heal|p1a: Clefable|62/100 tox
|
|upkeep
|turn|8
|
|t:|1776134919
|switch|p2a: Quagsire|Quagsire, F, shiny|100/100
|move|p1a: Clefable|Moonlight|p1a: Clefable
|-heal|p1a: Clefable|100/100 tox
|
|upkeep
|turn|9
|
|t:|1776134926
|move|p1a: Clefable|Cosmic Power|p1a: Clefable
|-boost|p1a: Clefable|def|1
|-boost|p1a: Clefable|spd|1
|move|p2a: Quagsire|Earthquake|p1a: Clefable
|-damage|p1a: Clefable|51/100 tox
|
|upkeep
|turn|10
|
|t:|1776134932
|move|p1a: Clefable|Cosmic Power|p1a: Clefable
|-boost|p1a: Clefable|def|1
|-boost|p1a: Clefable|spd|1
|move|p2a: Quagsire|Earthquake|p1a: Clefable
|-damage|p1a: Clefable|2/100 tox
|
|upkeep
|turn|11
|
|t:|1776134938
|move|p1a: Clefable|Moonlight|p1a: Clefable
|-heal|p1a: Clefable|52/100 tox
|move|p2a: Quagsire|Earthquake|p1a: Clefable
|-damage|p1a: Clefable|0 fnt
|faint|p1a: Clefable
|
|upkeep
|inactive|elementalbalance has 120 seconds left.
|
|t:|1776134953
|switch|p1a: Zamazenta|Zamazenta|100/100
|-ability|p1a: Zamazenta|Dauntless Shield|boost
|-boost|p1a: Zamazenta|def|1
|turn|12
|
|t:|1776134963
|move|p1a: Zamazenta|Iron Defense|p1a: Zamazenta
|-boost|p1a: Zamazenta|def|2
|move|p2a: Quagsire|Earthquake|p1a: Zamazenta
|-damage|p1a: Zamazenta|48/100
|
|-heal|p1a: Zamazenta|54/100|[from] item: Leftovers
|upkeep
|turn|13
|
|t:|1776134975
|move|p1a: Zamazenta|Body Press|p2a: Quagsire
|-damage|p2a: Quagsire|64/100
|move|p2a: Quagsire|Earthquake|p1a: Zamazenta
|-damage|p1a: Zamazenta|2/100
|
|-heal|p1a: Zamazenta|8/100|[from] item: Leftovers
|upkeep
|turn|14
|
|t:|1776134993
|move|p1a: Zamazenta|Body Press|p2a: Quagsire
|-damage|p2a: Quagsire|26/100
|move|p2a: Quagsire|Earthquake|p1a: Zamazenta
|-damage|p1a: Zamazenta|0 fnt
|faint|p1a: Zamazenta
|
|upkeep
|
|t:|1776135000
|switch|p1a: Gholdengo|Gholdengo|100/100
|turn|15
|
|t:|1776135005
|move|p1a: Gholdengo|Shadow Ball|p2a: Quagsire
|-damage|p2a: Quagsire|0 fnt
|faint|p2a: Quagsire
|
|upkeep
|
|t:|1776135015
|switch|p2a: Camerupt|Camerupt, F, shiny|100/100
|turn|16
|
|t:|1776135023
|-terastallize|p1a: Gholdengo|Ghost
|move|p1a: Gholdengo|Shadow Ball|p2a: Camerupt
|-damage|p2a: Camerupt|31/100
|move|p2a: Camerupt|Overheat|p1a: Gholdengo
|-damage|p1a: Gholdengo|9/100
|-unboost|p2a: Camerupt|spa|2
|
|upkeep
|turn|17
|
|t:|1776135032
|switch|p2a: Hoopa|Hoopa-Unbound|7/100
|move|p1a: Gholdengo|Shadow Ball|p2a: Hoopa
|-damage|p2a: Hoopa|0 fnt
|faint|p2a: Hoopa
|
|upkeep
|
|t:|1776135041
|switch|p2a: Necrozma|Necrozma|100/100
|turn|18
|
|t:|1776135046
|-terastallize|p2a: Necrozma|Fire
|move|p1a: Gholdengo|Shadow Ball|p2a: Necrozma
|-damage|p2a: Necrozma|47/100
|move|p2a: Necrozma|Trick Room|p2a: Necrozma
|-fieldstart|move: Trick Room|[of] p2a: Necrozma
|
|upkeep
|turn|19
|
|t:|1776135057
|switch|p1a: Gliscor|Gliscor, F|50/100 tox
|move|p2a: Necrozma|Meteor Beam||[still]
|-prepare|p2a: Necrozma|Meteor Beam
|-boost|p2a: Necrozma|spa|1
|-enditem|p2a: Necrozma|Power Herb
|-anim|p2a: Necrozma|Meteor Beam|p1a: Gliscor|[miss]
|-miss|p2a: Necrozma|p1a: Gliscor
|
|-heal|p1a: Gliscor|63/100 tox|[from] ability: Poison Heal
|upkeep
|turn|20
|
|t:|1776135068
|move|p1a: Gliscor|Protect|p1a: Gliscor
|-singleturn|p1a: Gliscor|Protect
|move|p2a: Necrozma|Photon Geyser|p1a: Gliscor
|-activate|p1a: Gliscor|move: Protect
|
|-heal|p1a: Gliscor|75/100 tox|[from] ability: Poison Heal
|upkeep
|turn|21
|
|t:|1776135077
|move|p2a: Necrozma|Photon Geyser|p1a: Gliscor
|-damage|p1a: Gliscor|4/100 tox
|move|p1a: Gliscor|Facade|p2a: Necrozma
|-damage|p2a: Necrozma|19/100
|
|-heal|p1a: Gliscor|16/100 tox|[from] ability: Poison Heal
|upkeep
|turn|22
|
|t:|1776135089
|move|p1a: Gliscor|Protect|p1a: Gliscor
|-singleturn|p1a: Gliscor|Protect
|move|p2a: Necrozma|Photon Geyser|p1a: Gliscor
|-activate|p1a: Gliscor|move: Protect
|
|-heal|p1a: Gliscor|29/100 tox|[from] ability: Poison Heal
|-fieldend|move: Trick Room
|upkeep
|turn|23
|
|t:|1776135100
|move|p1a: Gliscor|Facade|p2a: Necrozma
|-damage|p2a: Necrozma|0 fnt
|faint|p2a: Necrozma
|
|-heal|p1a: Gliscor|41/100 tox|[from] ability: Poison Heal
|upkeep
|
|t:|1776135106
|switch|p2a: Diancie|Diancie, shiny|100/100
|turn|24
|
|t:|1776135118
|move|p1a: Gliscor|Facade|p2a: Diancie
|-resisted|p2a: Diancie
|-damage|p2a: Diancie|88/100
|move|p2a: Diancie|Trick Room|p2a: Diancie
|-fieldstart|move: Trick Room|[of] p2a: Diancie
|
|-heal|p1a: Gliscor|54/100 tox|[from] ability: Poison Heal
|upkeep
|turn|25
|
|t:|1776135126
|move|p1a: Gliscor|Protect|p1a: Gliscor
|-singleturn|p1a: Gliscor|Protect
|move|p2a: Diancie|Moonblast|p1a: Gliscor
|-activate|p1a: Gliscor|move: Protect
|
|-heal|p1a: Gliscor|66/100 tox|[from] ability: Poison Heal
|upkeep
|turn|26
|
|t:|1776135137
|move|p1a: Gliscor|Protect||[still]
|-fail|p1a: Gliscor
|move|p2a: Diancie|Meteor Beam||[still]
|-prepare|p2a: Diancie|Meteor Beam
|-boost|p2a: Diancie|spa|1
|-enditem|p2a: Diancie|Power Herb
|-anim|p2a: Diancie|Meteor Beam|p1a: Gliscor
|-damage|p1a: Gliscor|0 fnt
|faint|p1a: Gliscor
|
|upkeep
|
|t:|1776135143
|switch|p1a: Gholdengo|Gholdengo, tera:Ghost|9/100
|turn|27
|
|t:|1776135154
|move|p2a: Diancie|Moonblast|p1a: Gholdengo
|-damage|p1a: Gholdengo|0 fnt
|faint|p1a: Gholdengo
|
|upkeep
|
|t:|1776135156
|switch|p1a: Dragonite|Dragonite, M|100/100
|turn|28
|
|t:|1776135160
|move|p2a: Diancie|Moonblast|p1a: Dragonite
|-supereffective|p1a: Dragonite
|-damage|p1a: Dragonite|37/100
|-unboost|p1a: Dragonite|spa|1
|move|p1a: Dragonite|Dragon Dance|p1a: Dragonite
|-boost|p1a: Dragonite|atk|1
|-boost|p1a: Dragonite|spe|1
|
|-fieldend|move: Trick Room
|upkeep
|turn|29
|
|t:|1776135170
|move|p1a: Dragonite|Earthquake|p2a: Diancie
|-supereffective|p2a: Diancie
|-damage|p2a: Diancie|0 fnt
|faint|p2a: Diancie
|
|upkeep
|
|t:|1776135175
|switch|p2a: Hatterene|Hatterene, F|100/100
|turn|30
|
|t:|1776135185
|move|p1a: Dragonite|Extreme Speed|p2a: Hatterene
|-damage|p2a: Hatterene|45/100
|move|p2a: Hatterene|Draining Kiss|p1a: Dragonite
|-supereffective|p1a: Dragonite
|-damage|p1a: Dragonite|0 fnt
|-heal|p2a: Hatterene|74/100|[from] drain|[of] p1a: Dragonite
|faint|p1a: Dragonite
|-damage|p2a: Hatterene|65/100|[from] item: Life Orb
|
|win|The Quaggie Boys
|raw|elementalbalance's rating: 1135 &rarr; <strong>1110</strong><br />(-25 for losing)
|raw|The Quaggie Boys's rating: 1129 &rarr; <strong>1154</strong><br />(+25 for winning)
|l|☆elementalbalance
|player|p1|
