|html|<div class="broadcast-blue"><strong>[Gen 9] OU is currently suspecting Tera Blast! For information on how to participate check out the <a href="https://www.smogon.com/tools/suspects/view/200">suspect thread</a>.</strong></div>
|j|☆dengo dollars
|j|☆vartholomeus
|t:|1776077560
|gametype|singles
|player|p1|dengo dollars|sage|1500
|player|p2|vartholomeus|ruinmaniac|1457
|gen|9
|tier|[Gen 9] OU
|rated|
|rule|HP Percentage Mod: HP is shown in percentages
|rule|Endless Battle Clause: Forcing endless battles is banned
|rule|Species Clause: Limit one of each Pokémon
|rule|OHKO Clause: OHKO moves are banned
|rule|Evasion Items Clause: Evasion items are banned
|rule|Evasion Moves Clause: Evasion moves are banned
|rule|Evasion Abilities Clause: Evasion abilities are banned
|rule|Sleep Moves Clause: Sleep-inducing moves are banned
|clearpoke
|poke|p1|Talonflame, M|
|poke|p1|Pelipper, M|
|poke|p1|Hydrapple, M|
|poke|p1|Tornadus-Therian, M|
|poke|p1|Hatterene, F|
|poke|p1|Quaquaval, M|
|poke|p2|Rillaboom, M|
|poke|p2|Iron Hands|
|poke|p2|Gholdengo|
|poke|p2|Greninja-*, M|
|poke|p2|Landorus-Therian, M|
|poke|p2|Arcanine-Hisui, M|
|teampreview
|inactive|Battle timer is ON: inactive players will automatically lose when time's up. (requested by vartholomeus)
|j| ohko_smeargle
|
|t:|1776077572
|teamsize|p1|6
|teamsize|p2|6
|start
|switch|p1a: Pelipper|Pelipper, M|100/100
|switch|p2a: Fyr|Arcanine-Hisui, M|100/100
|-weather|RainDance|[from] ability: Drizzle|[of] p1a: Pelipper
|turn|1
|
|t:|1776077594
|switch|p1a: Quaquaval|Quaquaval, M|100/100
|move|p2a: Fyr|Head Smash|p1a: Quaquaval
|-resisted|p1a: Quaquaval
|-damage|p1a: Quaquaval|33/100
|
|-weather|RainDance|[upkeep]
|upkeep
|turn|2
|
|t:|1776077601
|move|p2a: Fyr|Head Smash|p1a: Quaquaval
|-resisted|p1a: Quaquaval
|-damage|p1a: Quaquaval|0 fnt
|faint|p1a: Quaquaval
|
|-weather|RainDance|[upkeep]
|upkeep
|
|t:|1776077607
|switch|p1a: Tornadus|Tornadus-Therian, M|100/100
|turn|3
|
|t:|1776077610
|move|p1a: Tornadus|Weather Ball|p2a: Fyr
|-supereffective|p2a: Fyr
|-damage|p2a: Fyr|0 fnt
|faint|p2a: Fyr
|-damage|p1a: Tornadus|91/100|[from] item: Life Orb
|
|-weather|RainDance|[upkeep]
|upkeep
|
|t:|1776077619
|switch|p2a: Ehonda|Iron Hands|100/100
|-enditem|p2a: Ehonda|Booster Energy
|-activate|p2a: Ehonda|ability: Quark Drive|[fromitem]
|-start|p2a: Ehonda|quarkdriveatk
|turn|4
|
|t:|1776077624
|switch|p1a: Hydrapple|Hydrapple, M|100/100
|move|p2a: Ehonda|Thunder Punch|p1a: Hydrapple
|-resisted|p1a: Hydrapple
|-damage|p1a: Hydrapple|90/100
|
|-weather|RainDance|[upkeep]
|upkeep
|turn|5
|
|t:|1776077627
|move|p2a: Ehonda|Ice Punch|p1a: Hydrapple
|-supereffective|p1a: Hydrapple
|-damage|p1a: Hydrapple|0 fnt
|faint|p1a: Hydrapple
|
|-weather|none
|upkeep
|
|t:|1776077631
|switch|p1a: Hatterene|Hatterene, F|100/100
|turn|6
|
|t:|1776077634
|move|p2a: Ehonda|Thunder Punch|p1a: Hatterene
|-damage|p1a: Hatterene|36/100
|move|p1a: Hatterene|Psyshock|p2a: Ehonda
|-supereffective|p2a: Ehonda
|-damage|p2a: Ehonda|28/100
|
|upkeep
|turn|7
|
|t:|1776077641
|move|p2a: Ehonda|Thunder Punch|p1a: Hatterene
|-damage|p1a: Hatterene|0 fnt
|faint|p1a: Hatterene
|
|upkeep
|
|t:|1776077643
|switch|p1a: Pelipper|Pelipper, M|100/100
|-weather|RainDance|[from] ability: Drizzle|[of] p1a: Pelipper
|turn|8
|
|t:|1776077647
|move|p1a: Pelipper|Weather Ball|p2a: Ehonda
|-damage|p2a: Ehonda|0 fnt
|faint|p2a: Ehonda
|-end|p2a: Ehonda|Quark Drive|[silent]
|
|-weather|RainDance|[upkeep]
|upkeep
|
|t:|1776077652
|switch|p2a: Kesso|Gholdengo|100/100
|turn|9
|
|t:|1776077657
|move|p2a: Kesso|Shadow Ball|p1a: Pelipper
|-damage|p1a: Pelipper|21/100
|-unboost|p1a: Pelipper|spd|1
|move|p1a: Pelipper|Weather Ball|p2a: Kesso
|-damage|p2a: Kesso|0 fnt
|faint|p2a: Kesso
|
|-weather|RainDance|[upkeep]
|upkeep
|
|t:|1776077662
|switch|p2a: Gregg|Greninja, M|100/100
|turn|10
|
|t:|1776077669
|switch|p1a: Tornadus|Tornadus-Therian, M|100/100
|move|p2a: Gregg|Ice Beam|p1a: Tornadus
|-supereffective|p1a: Tornadus
|-damage|p1a: Tornadus|12/100
|-status|p1a: Tornadus|frz
|-damage|p2a: Gregg|91/100|[from] item: Life Orb
|
|-weather|RainDance|[upkeep]
|upkeep
|turn|11
|
|t:|1776077680
|move|p2a: Gregg|Dark Pulse|p1a: Tornadus
|-damage|p1a: Tornadus|0 fnt
|faint|p1a: Tornadus
|-ability|p2a: Gregg|Battle Bond|boost
|-boost|p2a: Gregg|atk|1
|-boost|p2a: Gregg|spa|1
|-boost|p2a: Gregg|spe|1
|-activate|p2a: Gregg|ability: Battle Bond
|-damage|p2a: Gregg|81/100|[from] item: Life Orb
|
|-weather|RainDance|[upkeep]
|upkeep
|
|t:|1776077682
|switch|p1a: Talonflame|Talonflame, M|100/100
|turn|12
|
|t:|1776077684
|-terastallize|p1a: Talonflame|Flying
|move|p2a: Gregg|Water Shuriken|p1a: Talonflame
|-damage|p1a: Talonflame|68/100
|-damage|p1a: Talonflame|39/100
|-hitcount|p1a: Talonflame|2
|-damage|p2a: Gregg|71/100|[from] item: Life Orb
|move|p1a: Talonflame|Hurricane|p2a: Gregg
|-damage|p2a: Gregg|0 fnt
|faint|p2a: Gregg
|
|-weather|none
|upkeep
|
|t:|1776077689
|switch|p2a: Lilo|Landorus-Therian, M|100/100
|-ability|p2a: Lilo|Intimidate|boost
|-unboost|p1a: Talonflame|atk|1
|turn|13
|
|t:|1776077693
|switch|p1a: Pelipper|Pelipper, M|21/100
|-weather|RainDance|[from] ability: Drizzle|[of] p1a: Pelipper
|move|p2a: Lilo|Sludge Bomb|p1a: Pelipper
|-damage|p1a: Pelipper|0 fnt
|faint|p1a: Pelipper
|
|-weather|RainDance|[upkeep]
|upkeep
|
|t:|1776077694
|switch|p1a: Talonflame|Talonflame, M, tera:Flying|39/100
|turn|14
|
|t:|1776077698
|move|p2a: Lilo|Sludge Bomb|p1a: Talonflame
|-damage|p1a: Talonflame|0 fnt
|faint|p1a: Talonflame
|
|win|vartholomeus
|raw|dengo dollars's rating: 1500 &rarr; <strong>1478</strong><br />(-22 for losing)
|raw|vartholomeus's rating: 1457 &rarr; <strong>1479</strong><br />(+22 for winning)
|l| ohko_smeargle
|l|☆dengo dollars
|player|p1|
|l|☆vartholomeus
|player|p2|
