|html|<div class="broadcast-blue"><strong>[Gen 9] OU is currently suspecting Tera Blast! For information on how to participate check out the <a href="https://www.smogon.com/tools/suspects/view/200">suspect thread</a>.</strong></div>
|j|☆NYC Red
|j|☆oficial matute
|t:|1776043425
|gametype|singles
|player|p1|NYC Red|red|1204
|player|p2|oficial matute|policeman|1205
|gen|9
|tier|[Gen 9] OU
|rated|
|rule|HP Percentage Mod: HP is shown in percentages
|rule|Endless Battle Clause: Forcing endless battles is banned
|rule|Species Clause: Limit one of each Pokémon
|rule|OHKO Clause: OHKO moves are banned
|rule|Evasion Items Clause: Evasion items are banned
|rule|Evasion Moves Clause: Evasion moves are banned
|rule|Evasion Abilities Clause: Evasion abilities are banned
|rule|Sleep Moves Clause: Sleep-inducing moves are banned
|clearpoke
|poke|p1|Meowscarada, M|
|poke|p1|Great Tusk|
|poke|p1|Slowking-Galar, M|
|poke|p1|Dragapult, F|
|poke|p1|Alomomola, F|
|poke|p1|Garchomp, M|
|poke|p2|Noivern, M|
|poke|p2|Tropius, F|
|poke|p2|Landorus-Therian, M|
|poke|p2|Garchomp, M|
|poke|p2|Hydrapple, M|
|poke|p2|Torterra, F|
|teampreview
|inactive|Battle timer is ON: inactive players will automatically lose when time's up. (requested by NYC Red)
|
|t:|1776043429
|teamsize|p1|6
|teamsize|p2|6
|start
|switch|p1a: Dragapult|Dragapult, F|100/100
|switch|p2a: 👁👅👁|Noivern, M|100/100
|-item|p1a: Dragapult|Choice Specs|[from] ability: Frisk|[of] p2a: 👁👅👁
|turn|1
|
|t:|1776043436
|move|p2a: 👁👅👁|Switcheroo|p1a: Dragapult
|-activate|p2a: 👁👅👁|move: Trick|[of] p1a: Dragapult
|-item|p1a: Dragapult|Choice Scarf|[from] move: Switcheroo
|-item|p2a: 👁👅👁|Choice Specs|[from] move: Switcheroo
|move|p1a: Dragapult|Draco Meteor|p2a: 👁👅👁|[miss]
|-miss|p1a: Dragapult|p2a: 👁👅👁
|
|upkeep
|turn|2
|
|t:|1776043445
|switch|p2a: 👁🐽👁|Tropius, F, shiny|100/100
|move|p1a: Dragapult|Draco Meteor|p2a: 👁🐽👁
|-damage|p2a: 👁🐽👁|62/100
|-unboost|p1a: Dragapult|spa|2
|
|upkeep
|turn|3
|
|t:|1776043454
|switch|p1a: Slowking|Slowking-Galar, M|100/100
|-terastallize|p2a: 👁🐽👁|Ghost
|move|p2a: 👁🐽👁|Substitute|p2a: 👁🐽👁
|-start|p2a: 👁🐽👁|Substitute
|-damage|p2a: 👁🐽👁|38/100
|-enditem|p2a: 👁🐽👁|Sitrus Berry|[eat]
|-heal|p2a: 👁🐽👁|62/100|[from] item: Sitrus Berry
|
|upkeep
|turn|4
|
|t:|1776043465
|move|p2a: 👁🐽👁|Substitute|p2a: 👁🐽👁
|-fail|p2a: 👁🐽👁|move: Substitute
|-prepare|p1a: Slowking|Chilly Reception|[premajor]
|move|p1a: Slowking|Chilly Reception|p1a: Slowking
|-weather|Snowscape
|
|t:|1776043470
|switch|p1a: Dragapult|Dragapult, F|100/100|[from] Chilly Reception
|
|-weather|Snowscape|[upkeep]
|upkeep
|turn|5
|
|t:|1776043476
|move|p2a: 👁🐽👁|Protect|p2a: 👁🐽👁
|-singleturn|p2a: 👁🐽👁|Protect
|move|p1a: Dragapult|Shadow Ball|p2a: 👁🐽👁
|-activate|p2a: 👁🐽👁|move: Protect
|
|-weather|Snowscape|[upkeep]
|upkeep
|turn|6
|
|t:|1776043486
|switch|p2a: 👁👄👁|Hydrapple, M|100/100
|move|p1a: Dragapult|Shadow Ball|p2a: 👁👄👁
|-damage|p2a: 👁👄👁|80/100
|
|-weather|Snowscape|[upkeep]
|upkeep
|turn|7
|
|t:|1776043493
|switch|p1a: Slowking|Slowking-Galar, M|100/100
|move|p2a: 👁👄👁|Dragon Breath|p1a: Slowking
|-damage|p1a: Slowking|79/100
|-status|p1a: Slowking|par
|
|-weather|Snowscape|[upkeep]
|upkeep
|turn|8
|
|t:|1776043502
|switch|p2a: 👁🐽👁|Tropius, F, shiny, tera:Ghost|62/100
|move|p1a: Slowking|Future Sight|p2a: 👁🐽👁
|-start|p1a: Slowking|move: Future Sight
|
|-weather|none
|-item|p2a: 👁🐽👁|Sitrus Berry|[from] ability: Harvest
|upkeep
|turn|9
|
|t:|1776043510
|move|p2a: 👁🐽👁|Substitute|p2a: 👁🐽👁
|-start|p2a: 👁🐽👁|Substitute
|-damage|p2a: 👁🐽👁|38/100
|-enditem|p2a: 👁🐽👁|Sitrus Berry|[eat]
|-heal|p2a: 👁🐽👁|62/100|[from] item: Sitrus Berry
|-prepare|p1a: Slowking|Chilly Reception|[premajor]
|move|p1a: Slowking|Chilly Reception|p1a: Slowking
|-weather|Snowscape
|
|t:|1776043513
|switch|p1a: Dragapult|Dragapult, F|100/100|[from] Chilly Reception
|
|-weather|Snowscape|[upkeep]
|-item|p2a: 👁🐽👁|Sitrus Berry|[from] ability: Harvest
|upkeep
|turn|10
|
|t:|1776043523
|move|p2a: 👁🐽👁|Protect|p2a: 👁🐽👁
|-singleturn|p2a: 👁🐽👁|Protect
|move|p1a: Dragapult|Shadow Ball|p2a: 👁🐽👁
|-activate|p2a: 👁🐽👁|move: Protect
|
|-weather|Snowscape|[upkeep]
|-end|p2a: 👁🐽👁|move: Future Sight
|-end|p2a: 👁🐽👁|Substitute
|upkeep
|turn|11
|
|t:|1776043533
|switch|p2a: 👁👄👁|Hydrapple, M|100/100
|move|p1a: Dragapult|Shadow Ball|p2a: 👁👄👁
|-damage|p2a: 👁👄👁|81/100
|-unboost|p2a: 👁👄👁|spd|1
|
|-weather|Snowscape|[upkeep]
|upkeep
|turn|12
|
|t:|1776043542
|switch|p1a: Slowking|Slowking-Galar, M|100/100 par
|switch|p2a: 👁👃👁|Landorus-Therian, M|100/100
|-ability|p2a: 👁👃👁|Intimidate|boost
|-unboost|p1a: Slowking|atk|1
|
|-weather|Snowscape|[upkeep]
|upkeep
|turn|13
|
|t:|1776043550
|switch|p1a: Alomomola|Alomomola, F|100/100
|move|p2a: 👁👃👁|Stealth Rock|p1a: Alomomola
|-sidestart|p1: NYC Red|move: Stealth Rock
|
|-weather|none
|upkeep
|turn|14
|
|t:|1776043558
|switch|p2a: 👁🐽👁|Tropius, F, shiny, tera:Ghost|62/100
|move|p1a: Alomomola|Flip Turn|p2a: 👁🐽👁
|-damage|p2a: 👁🐽👁|46/100
|-enditem|p2a: 👁🐽👁|Sitrus Berry|[eat]
|-heal|p2a: 👁🐽👁|71/100|[from] item: Sitrus Berry
|
|t:|1776043565
|switch|p1a: Meowscarada|Meowscarada, M|100/100|[from] Flip Turn
|-damage|p1a: Meowscarada|88/100|[from] Stealth Rock
|
|-item|p2a: 👁🐽👁|Sitrus Berry|[from] ability: Harvest
|upkeep
|turn|15
|
|t:|1776043572
|move|p2a: 👁🐽👁|Protect|p2a: 👁🐽👁
|-singleturn|p2a: 👁🐽👁|Protect
|move|p1a: Meowscarada|Knock Off|p2a: 👁🐽👁
|-start|p1a: Meowscarada|typechange|Dark|[from] ability: Protean
|-activate|p2a: 👁🐽👁|move: Protect
|
|upkeep
|turn|16
|
|t:|1776043581
|switch|p2a: 👁👅👁|Noivern, M|100/100
|-item|p1a: Meowscarada|Choice Scarf|[from] ability: Frisk|[of] p2a: 👁👅👁
|move|p1a: Meowscarada|Knock Off|p2a: 👁👅👁
|-damage|p2a: 👁👅👁|39/100
|-enditem|p2a: 👁👅👁|Choice Specs|[from] move: Knock Off|[of] p1a: Meowscarada
|
|upkeep
|turn|17
|
|t:|1776043590
|move|p1a: Meowscarada|Knock Off|p2a: 👁👅👁
|-damage|p2a: 👁👅👁|1/100
|move|p2a: 👁👅👁|Air Slash|p1a: Meowscarada
|-damage|p1a: Meowscarada|41/100
|
|upkeep
|turn|18
|
|t:|1776043596
|move|p1a: Meowscarada|Knock Off|p2a: 👁👅👁
|-damage|p2a: 👁👅👁|0 fnt
|faint|p2a: 👁👅👁
|
|upkeep
|
|t:|1776043600
|switch|p2a: 👁🫦👁|Garchomp, M|100/100
|turn|19
|
|t:|1776043608
|move|p1a: Meowscarada|Knock Off|p2a: 👁🫦👁
|-damage|p2a: 👁🫦👁|58/100
|-damage|p1a: Meowscarada|29/100|[from] ability: Rough Skin|[of] p2a: 👁🫦👁
|-enditem|p2a: 👁🫦👁|Loaded Dice|[from] move: Knock Off|[of] p1a: Meowscarada
|move|p2a: 👁🫦👁|Swords Dance|p2a: 👁🫦👁
|-boost|p2a: 👁🫦👁|atk|2
|
|upkeep
|turn|20
|
|t:|1776043625
|switch|p1a: Great Tusk|Great Tusk|100/100
|move|p2a: 👁🫦👁|Scale Shot|p1a: Great Tusk
|-damage|p1a: Great Tusk|82/100
|-damage|p1a: Great Tusk|64/100
|-damage|p1a: Great Tusk|46/100
|-hitcount|p1a: Great Tusk|3
|-unboost|p2a: 👁🫦👁|def|1
|-boost|p2a: 👁🫦👁|spe|1
|
|upkeep
|turn|21
|
|t:|1776043636
|move|p2a: 👁🫦👁|Scale Shot|p1a: Great Tusk
|-damage|p1a: Great Tusk|26/100
|-damage|p1a: Great Tusk|6/100
|-damage|p1a: Great Tusk|0 fnt
|faint|p1a: Great Tusk
|-end|p1a: Great Tusk|Protosynthesis|[silent]
|-hitcount|p1: Great Tusk|3
|-unboost|p2a: 👁🫦👁|def|1
|-boost|p2a: 👁🫦👁|spe|1
|
|upkeep
|
|t:|1776043643
|switch|p1a: Meowscarada|Meowscarada, M|29/100
|-damage|p1a: Meowscarada|17/100|[from] Stealth Rock
|turn|22
|
|t:|1776043649
|move|p2a: 👁🫦👁|Earthquake|p1a: Meowscarada
|-resisted|p1a: Meowscarada
|-damage|p1a: Meowscarada|0 fnt
|faint|p1a: Meowscarada
|
|upkeep
|
|t:|1776043653
|switch|p1a: Alomomola|Alomomola, F|100/100
|-damage|p1a: Alomomola|88/100|[from] Stealth Rock
|turn|23
|
|t:|1776043660
|-terastallize|p1a: Alomomola|Fairy
|move|p2a: 👁🫦👁|Earthquake|p1a: Alomomola
|-damage|p1a: Alomomola|20/100
|move|p1a: Alomomola|Ice Beam|p2a: 👁🫦👁
|-supereffective|p2a: 👁🫦👁
|-damage|p2a: 👁🫦👁|15/100
|
|upkeep
|turn|24
|
|t:|1776043668
|move|p2a: 👁🫦👁|Earthquake|p1a: Alomomola
|-damage|p1a: Alomomola|0 fnt
|faint|p1a: Alomomola
|
|upkeep
|
|t:|1776043671
|switch|p1a: Dragapult|Dragapult, F|100/100
|-damage|p1a: Dragapult|88/100|[from] Stealth Rock
|turn|25
|
|t:|1776043676
|move|p2a: 👁🫦👁|Earthquake|p1a: Dragapult
|-damage|p1a: Dragapult|0 fnt
|faint|p1a: Dragapult
|
|upkeep
|-message|NYC Red forfeited.
|
|win|oficial matute
|raw|NYC Red's rating: 1204 &rarr; <strong>1179</strong><br />(-25 for losing)
|raw|oficial matute's rating: 1205 &rarr; <strong>1230</strong><br />(+25 for winning)
|l|☆NYC Red
|player|p1|
|l|☆oficial matute
|player|p2|
