|html|<div class="broadcast-blue"><strong>[Gen 9] OU is currently suspecting Tera Blast! For information on how to participate check out the <a href="https://www.smogon.com/tools/suspects/view/200">suspect thread</a>.</strong></div>
|j|☆TherealOddman
|j|☆koyasandy
|t:|1776082647
|gametype|singles
|player|p1|TherealOddman|lance|1184
|player|p2|koyasandy|harlequin|1200
|gen|9
|tier|[Gen 9] OU
|rated|
|rule|HP Percentage Mod: HP is shown in percentages
|rule|Endless Battle Clause: Forcing endless battles is banned
|rule|Species Clause: Limit one of each Pokémon
|rule|OHKO Clause: OHKO moves are banned
|rule|Evasion Items Clause: Evasion items are banned
|rule|Evasion Moves Clause: Evasion moves are banned
|rule|Evasion Abilities Clause: Evasion abilities are banned
|rule|Sleep Moves Clause: Sleep-inducing moves are banned
|clearpoke
|poke|p1|Incineroar, M|
|poke|p1|Clodsire, F|
|poke|p1|Iron Valiant|
|poke|p1|Blastoise, M|
|poke|p1|Reuniclus, M|
|poke|p1|Regidrago|
|poke|p2|Gliscor, F|
|poke|p2|Walking Wake|
|poke|p2|Kingambit, F|
|poke|p2|Iron Valiant|
|poke|p2|Iron Crown|
|poke|p2|Indeedee, M|
|teampreview
|inactive|Battle timer is ON: inactive players will automatically lose when time's up. (requested by koyasandy)
|c|☆koyasandy|?
|inactive|TherealOddman has 120 seconds left.
|
|t:|1776082718
|teamsize|p1|6
|teamsize|p2|6
|start
|switch|p1a: Regidrago|Regidrago|100/100
|switch|p2a: Iron Valiant|Iron Valiant, shiny|100/100
|-enditem|p2a: Iron Valiant|Booster Energy
|-activate|p2a: Iron Valiant|ability: Quark Drive|[fromitem]
|-start|p2a: Iron Valiant|quarkdrivespe
|turn|1
|
|t:|1776082726
|-terastallize|p1a: Regidrago|Poison
|move|p2a: Iron Valiant|Moonblast|p1a: Regidrago
|-resisted|p1a: Regidrago
|-damage|p1a: Regidrago|73/100
|move|p1a: Regidrago|Tera Blast|p2a: Iron Valiant|[anim] Tera Blast Poison
|-supereffective|p2a: Iron Valiant
|-damage|p2a: Iron Valiant|0 fnt
|faint|p2a: Iron Valiant
|-end|p2a: Iron Valiant|Quark Drive|[silent]
|
|upkeep
|
|t:|1776082736
|switch|p2a: Gliscor|Gliscor, F, shiny|100/100
|turn|2
|
|t:|1776082739
|switch|p1a: Blastoise|Blastoise, M|100/100
|move|p2a: Gliscor|Earthquake|p1a: Blastoise
|-damage|p1a: Blastoise|55/100
|
|-status|p2a: Gliscor|tox|[from] item: Toxic Orb
|upkeep
|turn|3
|
|t:|1776082746
|move|p2a: Gliscor|Protect|p2a: Gliscor
|-singleturn|p2a: Gliscor|Protect
|move|p1a: Blastoise|Shell Smash|p1a: Blastoise
|-unboost|p1a: Blastoise|def|1
|-unboost|p1a: Blastoise|spd|1
|-boost|p1a: Blastoise|atk|2
|-boost|p1a: Blastoise|spa|2
|-boost|p1a: Blastoise|spe|2
|-enditem|p1a: Blastoise|White Herb
|-clearnegativeboost|p1a: Blastoise|[silent]
|
|upkeep
|turn|4
|
|t:|1776082760
|move|p1a: Blastoise|Surf|p2a: Gliscor
|-supereffective|p2a: Gliscor
|-damage|p2a: Gliscor|0 fnt
|faint|p2a: Gliscor
|
|upkeep
|
|t:|1776082764
|switch|p2a: Walking Wake|Walking Wake|100/100
|turn|5
|
|t:|1776082769
|move|p1a: Blastoise|Ice Beam|p2a: Walking Wake
|-crit|p2a: Walking Wake
|-damage|p2a: Walking Wake|21/100
|move|p2a: Walking Wake|Dragon Pulse|p1a: Blastoise
|-damage|p1a: Blastoise|0 fnt
|faint|p1a: Blastoise
|
|upkeep
|
|t:|1776082777
|switch|p1a: Iron Valiant|Iron Valiant|100/100
|-enditem|p1a: Iron Valiant|Booster Energy
|-activate|p1a: Iron Valiant|ability: Quark Drive|[fromitem]
|-start|p1a: Iron Valiant|quarkdrivespe
|turn|6
|
|t:|1776082784
|-end|p2a: Walking Wake|Protosynthesis|[silent]
|switch|p2a: Iron Crown|Iron Crown|100/100
|move|p1a: Iron Valiant|Spirit Break|p2a: Iron Crown
|-resisted|p2a: Iron Crown
|-damage|p2a: Iron Crown|81/100
|-unboost|p2a: Iron Crown|spa|1
|
|upkeep
|turn|7
|
|t:|1776082811
|-end|p1a: Iron Valiant|Quark Drive|[silent]
|switch|p1a: Clodsire|Clodsire, F|100/100
|move|p2a: Iron Crown|Tachyon Cutter|p1a: Clodsire
|-damage|p1a: Clodsire|73/100
|-damage|p1a: Clodsire|46/100
|-hitcount|p1a: Clodsire|2
|
|upkeep
|turn|8
|
|t:|1776082820
|move|p2a: Iron Crown|Tachyon Cutter|p1a: Clodsire
|-damage|p1a: Clodsire|17/100
|-damage|p1a: Clodsire|0 fnt
|faint|p1a: Clodsire
|-hitcount|p1: Clodsire|2
|
|upkeep
|
|t:|1776082831
|switch|p1a: Regidrago|Regidrago, tera:Poison|73/100
|turn|9
|
|t:|1776082846
|move|p1a: Regidrago|Earth Power|p2a: Iron Crown
|-supereffective|p2a: Iron Crown
|-damage|p2a: Iron Crown|27/100
|move|p2a: Iron Crown|Tachyon Cutter|p1a: Regidrago
|-damage|p1a: Regidrago|48/100
|-damage|p1a: Regidrago|23/100
|-hitcount|p1a: Regidrago|2
|
|upkeep
|turn|10
|
|t:|1776082861
|move|p1a: Regidrago|Earth Power|p2a: Iron Crown
|-supereffective|p2a: Iron Crown
|-damage|p2a: Iron Crown|0 fnt
|faint|p2a: Iron Crown
|-end|p2a: Iron Crown|Quark Drive|[silent]
|
|upkeep
|
|t:|1776082870
|switch|p2a: Walking Wake|Walking Wake|21/100
|turn|11
|inactive|koyasandy has 120 seconds left.
|
|t:|1776082888
|move|p1a: Regidrago|Earth Power|p2a: Walking Wake
|-damage|p2a: Walking Wake|0 fnt
|faint|p2a: Walking Wake
|-end|p2a: Walking Wake|Protosynthesis|[silent]
|
|upkeep
|inactive|koyasandy has 120 seconds left.
|
|t:|1776082897
|switch|p2a: Indeedee|Indeedee, M|100/100
|-fieldstart|move: Psychic Terrain|[from] ability: Psychic Surge|[of] p2a: Indeedee
|turn|12
|inactive|koyasandy has 120 seconds left.
|
|t:|1776082915
|switch|p1a: Incineroar|Incineroar, M|100/100
|-ability|p1a: Incineroar|Intimidate|boost
|-unboost|p2a: Indeedee|atk|1
|move|p2a: Indeedee|Dazzling Gleam|p1a: Incineroar
|-damage|p1a: Incineroar|75/100
|
|upkeep
|turn|13
|inactive|koyasandy has 120 seconds left.
|
|t:|1776082930
|-terastallize|p2a: Indeedee|Fairy
|move|p2a: Indeedee|Dazzling Gleam|p1a: Incineroar
|-damage|p1a: Incineroar|41/100
|-enditem|p1a: Incineroar|Sitrus Berry|[eat]
|-heal|p1a: Incineroar|65/100|[from] item: Sitrus Berry
|move|p1a: Incineroar|Knock Off|p2a: Indeedee
|-resisted|p2a: Indeedee
|-damage|p2a: Indeedee|47/100
|-enditem|p2a: Indeedee|Choice Scarf|[from] move: Knock Off|[of] p1a: Incineroar
|
|upkeep
|turn|14
|inactive|koyasandy has 120 seconds left.
|
|t:|1776082964
|switch|p1a: Reuniclus|Reuniclus, M|100/100
|move|p2a: Indeedee|Dazzling Gleam|p1a: Reuniclus
|-damage|p1a: Reuniclus|66/100
|
|upkeep
|turn|15
|inactive|koyasandy has 90 seconds left.
|
|t:|1776082984
|move|p2a: Indeedee|Trick|p1a: Reuniclus
|-activate|p2a: Indeedee|move: Trick|[of] p1a: Reuniclus
|-enditem|p1a: Reuniclus|Chesto Berry|[silent]|[from] move: Trick
|-item|p2a: Indeedee|Chesto Berry|[from] move: Trick
|move|p1a: Reuniclus|Energy Ball|p2a: Indeedee
|-damage|p2a: Indeedee|0 fnt
|faint|p2a: Indeedee
|
|upkeep
|
|t:|1776082990
|switch|p2a: Kingambit|Kingambit, F|100/100
|-activate|p2a: Kingambit|ability: Supreme Overlord
|-start|p2a: Kingambit|fallen5|[silent]
|turn|16
|inactive|koyasandy has 90 seconds left.
|
|t:|1776083006
|move|p2a: Kingambit|Swords Dance|p2a: Kingambit
|-boost|p2a: Kingambit|atk|2
|move|p1a: Reuniclus|Rest|p1a: Reuniclus
|-status|p1a: Reuniclus|slp|[from] move: Rest
|-heal|p1a: Reuniclus|100/100 slp|[silent]
|
|-fieldend|move: Psychic Terrain
|upkeep
|turn|17
|
|t:|1776083014
|switch|p1a: Incineroar|Incineroar, M|65/100
|-ability|p1a: Incineroar|Intimidate|boost
|-unboost|p2a: Kingambit|atk|1
|move|p2a: Kingambit|Swords Dance|p2a: Kingambit
|-boost|p2a: Kingambit|atk|2
|
|upkeep
|turn|18
|
|t:|1776083025
|move|p2a: Kingambit|Sucker Punch|p1a: Incineroar
|-resisted|p1a: Incineroar
|-damage|p1a: Incineroar|0 fnt
|faint|p1a: Incineroar
|
|upkeep
|
|t:|1776083027
|switch|p1a: Iron Valiant|Iron Valiant|100/100
|turn|19
|
|t:|1776083042
|move|p2a: Kingambit|Sucker Punch|p1a: Iron Valiant
|-resisted|p1a: Iron Valiant
|-crit|p1a: Iron Valiant
|-damage|p1a: Iron Valiant|21/100
|move|p1a: Iron Valiant|Close Combat|p2a: Kingambit
|-supereffective|p2a: Kingambit
|-damage|p2a: Kingambit|0 fnt
|-unboost|p1a: Iron Valiant|def|1
|-unboost|p1a: Iron Valiant|spd|1
|faint|p2a: Kingambit
|-end|p2a: Kingambit|fallen5|[silent]
|
|win|TherealOddman
|raw|TherealOddman's rating: 1184 &rarr; <strong>1210</strong><br />(+26 for winning)
|raw|koyasandy's rating: 1200 &rarr; <strong>1174</strong><br />(-26 for losing)
|l|☆koyasandy
|player|p2|
|l|☆TherealOddman
|player|p1|
