|html|<div class="broadcast-blue"><strong>[Gen 9] OU is currently suspecting Tera Blast! For information on how to participate check out the <a href="https://www.smogon.com/tools/suspects/view/200">suspect thread</a>.</strong></div>
|j|☆songgea
|j|☆takeyouout
|t:|1776091062
|gametype|singles
|player|p1|songgea|aromalady|1699
|player|p2|takeyouout|richboy|1663
|gen|9
|tier|[Gen 9] OU
|rated|
|rule|HP Percentage Mod: HP is shown in percentages
|rule|Endless Battle Clause: Forcing endless battles is banned
|rule|Species Clause: Limit one of each Pokémon
|rule|OHKO Clause: OHKO moves are banned
|rule|Evasion Items Clause: Evasion items are banned
|rule|Evasion Moves Clause: Evasion moves are banned
|rule|Evasion Abilities Clause: Evasion abilities are banned
|rule|Sleep Moves Clause: Sleep-inducing moves are banned
|clearpoke
|poke|p1|Dragapult, F|
|poke|p1|Kingambit, F|
|poke|p1|Ogerpon-Wellspring, F|
|poke|p1|Arcanine-Hisui, F|
|poke|p1|Scizor, M|
|poke|p1|Landorus-Therian, M|
|poke|p2|Tyranitar, F|
|poke|p2|Alomomola, F|
|poke|p2|Primarina, F|
|poke|p2|Amoonguss, F|
|poke|p2|Hoopa-Unbound|
|poke|p2|Tornadus-Therian, M|
|teampreview
|inactive|Battle timer is ON: inactive players will automatically lose when time's up. (requested by takeyouout)
|
|t:|1776091075
|teamsize|p1|6
|teamsize|p2|6
|start
|switch|p1a: Landorus|Landorus-Therian, M|100/100
|switch|p2a: PinkCannon|Alomomola, F, shiny|100/100
|-ability|p1a: Landorus|Intimidate|boost
|-unboost|p2a: PinkCannon|atk|1
|turn|1
|
|t:|1776091083
|move|p1a: Landorus|Stealth Rock|p2a: PinkCannon
|-sidestart|p2: takeyouout|move: Stealth Rock
|move|p2a: PinkCannon|Wish|p2a: PinkCannon
|
|upkeep
|turn|2
|
|t:|1776091089
|move|p1a: Landorus|U-turn|p2a: PinkCannon
|-damage|p2a: PinkCannon|91/100
|-damage|p1a: Landorus|84/100|[from] item: Rocky Helmet|[of] p2a: PinkCannon
|
|t:|1776091093
|switch|p1a: Ogerpon|Ogerpon-Wellspring, F|100/100|[from] U-turn
|move|p2a: PinkCannon|Flip Turn|p1a: Ogerpon
|-immune|p1a: Ogerpon|[from] ability: Water Absorb
|
|-heal|p2a: PinkCannon|100/100|[from] move: Wish|[wisher] PinkCannon
|upkeep
|turn|3
|
|t:|1776091103
|switch|p1a: Arcanine|Arcanine-Hisui, F|100/100
|switch|p2a: 66|Amoonguss, F|100/100
|-damage|p2a: 66|88/100|[from] Stealth Rock
|
|upkeep
|turn|4
|
|t:|1776091111
|move|p1a: Arcanine|Will-O-Wisp|p2a: 66
|-status|p2a: 66|brn
|move|p2a: 66|Foul Play|p1a: Arcanine
|-damage|p1a: Arcanine|81/100
|
|-damage|p2a: 66|82/100 brn|[from] brn
|upkeep
|turn|5
|
|t:|1776091120
|switch|p2a: PinkCannon|Alomomola, F, shiny|100/100
|-damage|p2a: PinkCannon|88/100|[from] Stealth Rock
|move|p1a: Arcanine|Will-O-Wisp|p2a: PinkCannon
|-status|p2a: PinkCannon|brn
|
|-damage|p2a: PinkCannon|82/100 brn|[from] brn
|upkeep
|turn|6
|
|t:|1776091130
|switch|p1a: Dragapult|Dragapult, F|100/100
|move|p2a: PinkCannon|Wish|p2a: PinkCannon
|
|-damage|p2a: PinkCannon|76/100 brn|[from] brn
|upkeep
|turn|7
|
|t:|1776091138
|switch|p2a: Broomhilda|Tyranitar, F, shiny|100/100
|-weather|Sandstorm|[from] ability: Sand Stream|[of] p2a: Broomhilda
|move|p1a: Dragapult|U-turn|p2a: Broomhilda
|-supereffective|p2a: Broomhilda
|-damage|p2a: Broomhilda|76/100
|
|t:|1776091145
|switch|p1a: Landorus|Landorus-Therian, M|84/100|[from] U-turn
|-ability|p1a: Landorus|Intimidate|boost
|-unboost|p2a: Broomhilda|atk|1
|
|-weather|Sandstorm|[upkeep]
|-heal|p2a: Broomhilda|100/100|[from] move: Wish|[wisher] PinkCannon
|upkeep
|turn|8
|
|t:|1776091154
|move|p1a: Landorus|Earth Power|p2a: Broomhilda
|-supereffective|p2a: Broomhilda
|-damage|p2a: Broomhilda|72/100
|move|p2a: Broomhilda|Stealth Rock|p1a: Landorus
|-sidestart|p1: songgea|move: Stealth Rock
|
|-weather|Sandstorm|[upkeep]
|upkeep
|turn|9
|
|t:|1776091162
|move|p1a: Landorus|U-turn|p2a: Broomhilda
|-supereffective|p2a: Broomhilda
|-damage|p2a: Broomhilda|39/100
|
|t:|1776091165
|switch|p1a: Scizor|Scizor, M|100/100|[from] U-turn
|-damage|p1a: Scizor|88/100|[from] Stealth Rock
|move|p2a: Broomhilda|Ice Beam|p1a: Scizor
|-resisted|p1a: Scizor
|-damage|p1a: Scizor|77/100
|-status|p1a: Scizor|frz
|
|-weather|Sandstorm|[upkeep]
|upkeep
|turn|10
|
|t:|1776091177
|cant|p1a: Scizor|frz
|move|p2a: Broomhilda|Knock Off|p1a: Scizor
|-damage|p1a: Scizor|46/100 frz
|-enditem|p1a: Scizor|Sitrus Berry|[from] move: Knock Off|[of] p2a: Broomhilda
|
|-weather|Sandstorm|[upkeep]
|upkeep
|turn|11
|
|t:|1776091186
|switch|p2a: PinkCannon|Alomomola, F, shiny|100/100 brn
|-damage|p2a: PinkCannon|88/100 brn|[from] Stealth Rock
|-curestatus|p1a: Scizor|frz|[msg]
|move|p1a: Scizor|U-turn|p2a: PinkCannon
|-damage|p2a: PinkCannon|66/100 brn
|-damage|p1a: Scizor|29/100|[from] item: Rocky Helmet|[of] p2a: PinkCannon
|
|t:|1776091195
|switch|p1a: Kingambit|Kingambit, F|100/100|[from] U-turn
|-damage|p1a: Kingambit|94/100|[from] Stealth Rock
|
|-weather|none
|-heal|p1a: Kingambit|100/100|[from] item: Leftovers
|-damage|p2a: PinkCannon|60/100 brn|[from] brn
|upkeep
|turn|12
|
|t:|1776091205
|move|p1a: Kingambit|Swords Dance|p1a: Kingambit
|-boost|p1a: Kingambit|atk|2
|move|p2a: PinkCannon|Flip Turn|p1a: Kingambit
|-damage|p1a: Kingambit|94/100
|
|t:|1776091207
|switch|p2a: Starscream|Hoopa-Unbound|100/100|[from] Flip Turn
|-damage|p2a: Starscream|88/100|[from] Stealth Rock
|
|-heal|p1a: Kingambit|99/100|[from] item: Leftovers
|upkeep
|turn|13
|
|t:|1776091218
|-terastallize|p1a: Kingambit|Fairy
|-terastallize|p2a: Starscream|Fighting
|move|p1a: Kingambit|Tera Blast|p2a: Starscream|[anim] Tera Blast Fairy
|-supereffective|p2a: Starscream
|-damage|p2a: Starscream|0 fnt
|faint|p2a: Starscream
|
|-heal|p1a: Kingambit|100/100|[from] item: Leftovers
|upkeep
|
|t:|1776091223
|switch|p2a: Barnaby|Primarina, F|100/100
|-damage|p2a: Barnaby|88/100|[from] Stealth Rock
|turn|14
|
|t:|1776091232
|move|p2a: Barnaby|Hydro Pump|p1a: Kingambit
|-damage|p1a: Kingambit|0 fnt
|faint|p1a: Kingambit
|-end|p1a: Kingambit|fallenundefined|[silent]
|
|upkeep
|
|t:|1776091238
|switch|p1a: Dragapult|Dragapult, F|100/100
|-damage|p1a: Dragapult|88/100|[from] Stealth Rock
|turn|15
|
|t:|1776091243
|switch|p2a: PinkCannon|Alomomola, F, shiny|93/100 brn
|-damage|p2a: PinkCannon|81/100 brn|[from] Stealth Rock
|move|p1a: Dragapult|Shadow Ball|p2a: PinkCannon
|-damage|p2a: PinkCannon|23/100 brn
|
|-damage|p2a: PinkCannon|16/100 brn|[from] brn
|upkeep
|turn|16
|
|t:|1776091253
|switch|p2a: Broomhilda|Tyranitar, F, shiny|39/100
|-weather|Sandstorm|[from] ability: Sand Stream|[of] p2a: Broomhilda
|move|p1a: Dragapult|Shadow Ball|p2a: Broomhilda
|-resisted|p2a: Broomhilda
|-damage|p2a: Broomhilda|29/100
|
|-weather|Sandstorm|[upkeep]
|-damage|p1a: Dragapult|82/100|[from] Sandstorm
|upkeep
|turn|17
|
|t:|1776091268
|switch|p1a: Ogerpon|Ogerpon-Wellspring, F|100/100
|-damage|p1a: Ogerpon|88/100|[from] Stealth Rock
|move|p2a: Broomhilda|Knock Off|p1a: Ogerpon
|-damage|p1a: Ogerpon|49/100
|
|-weather|Sandstorm|[upkeep]
|-damage|p1a: Ogerpon|43/100|[from] Sandstorm
|upkeep
|turn|18
|
|t:|1776091281
|switch|p1a: Dragapult|Dragapult, F|82/100
|-damage|p1a: Dragapult|70/100|[from] Stealth Rock
|switch|p2a: PinkCannon|Alomomola, F, shiny|50/100 brn
|-damage|p2a: PinkCannon|37/100 brn|[from] Stealth Rock
|
|-weather|Sandstorm|[upkeep]
|-damage|p1a: Dragapult|64/100|[from] Sandstorm
|-damage|p2a: PinkCannon|31/100 brn|[from] Sandstorm
|-damage|p2a: PinkCannon|25/100 brn|[from] brn
|upkeep
|turn|19
|
|t:|1776091293
|switch|p2a: Broomhilda|Tyranitar, F, shiny|29/100
|move|p1a: Dragapult|Shadow Ball|p2a: Broomhilda
|-resisted|p2a: Broomhilda
|-crit|p2a: Broomhilda
|-damage|p2a: Broomhilda|13/100
|
|-weather|Sandstorm|[upkeep]
|-damage|p1a: Dragapult|58/100|[from] Sandstorm
|upkeep
|turn|20
|
|t:|1776091303
|switch|p1a: Scizor|Scizor, M|29/100
|-damage|p1a: Scizor|17/100|[from] Stealth Rock
|move|p2a: Broomhilda|Ice Beam|p1a: Scizor
|-resisted|p1a: Scizor
|-damage|p1a: Scizor|6/100
|
|-weather|none
|upkeep
|turn|21
|
|t:|1776091312
|switch|p2a: 66|Amoonguss, F|100/100 brn
|-damage|p2a: 66|88/100 brn|[from] Stealth Rock
|move|p1a: Scizor|U-turn|p2a: 66
|-damage|p2a: 66|44/100 brn
|-damage|p1a: Scizor|0 fnt|[from] item: Rocky Helmet|[of] p2a: 66
|faint|p1a: Scizor
|
|-damage|p2a: 66|38/100 brn|[from] brn
|upkeep
|
|t:|1776091324
|switch|p1a: Dragapult|Dragapult, F|58/100
|-damage|p1a: Dragapult|46/100|[from] Stealth Rock
|turn|22
|
|t:|1776091337
|switch|p2a: Broomhilda|Tyranitar, F, shiny|13/100
|-weather|Sandstorm|[from] ability: Sand Stream|[of] p2a: Broomhilda
|move|p1a: Dragapult|Shadow Ball|p2a: Broomhilda
|-resisted|p2a: Broomhilda
|-damage|p2a: Broomhilda|3/100
|
|-weather|Sandstorm|[upkeep]
|-damage|p1a: Dragapult|40/100|[from] Sandstorm
|upkeep
|turn|23
|
|t:|1776091350
|move|p1a: Dragapult|Shadow Ball|p2a: Broomhilda
|-resisted|p2a: Broomhilda
|-damage|p2a: Broomhilda|0 fnt
|faint|p2a: Broomhilda
|
|-weather|Sandstorm|[upkeep]
|-damage|p1a: Dragapult|34/100|[from] Sandstorm
|upkeep
|
|t:|1776091359
|switch|p2a: 66|Amoonguss, F|71/100 brn
|-damage|p2a: 66|59/100 brn|[from] Stealth Rock
|turn|24
|
|t:|1776091364
|switch|p1a: Landorus|Landorus-Therian, M|84/100
|-damage|p1a: Landorus|72/100|[from] Stealth Rock
|-ability|p1a: Landorus|Intimidate|boost
|-unboost|p2a: 66|atk|1
|switch|p2a: PinkCannon|Alomomola, F, shiny|58/100 brn
|-damage|p2a: PinkCannon|46/100 brn|[from] Stealth Rock
|
|-weather|Sandstorm|[upkeep]
|-damage|p2a: PinkCannon|40/100 brn|[from] Sandstorm
|-damage|p2a: PinkCannon|34/100 brn|[from] brn
|upkeep
|turn|25
|
|t:|1776091377
|switch|p2a: 77|Tornadus-Therian, M|100/100
|-damage|p2a: 77|75/100|[from] Stealth Rock
|move|p1a: Landorus|Earth Power|p2a: 77
|-immune|p2a: 77
|
|-weather|Sandstorm|[upkeep]
|-damage|p2a: 77|69/100|[from] Sandstorm
|upkeep
|turn|26
|
|t:|1776091387
|move|p2a: 77|Bleakwind Storm|p1a: Landorus
|-crit|p1a: Landorus
|-damage|p1a: Landorus|0 fnt
|faint|p1a: Landorus
|-damage|p2a: 77|59/100|[from] item: Life Orb
|
|-weather|none
|upkeep
|
|t:|1776091396
|switch|p1a: Dragapult|Dragapult, F|34/100
|-damage|p1a: Dragapult|21/100|[from] Stealth Rock
|turn|27
|
|t:|1776091405
|switch|p2a: PinkCannon|Alomomola, F, shiny|67/100 brn
|-damage|p2a: PinkCannon|55/100 brn|[from] Stealth Rock
|move|p1a: Dragapult|Shadow Ball|p2a: PinkCannon
|-damage|p2a: PinkCannon|0 fnt
|faint|p2a: PinkCannon
|
|upkeep
|
|t:|1776091412
|switch|p2a: 66|Amoonguss, F|92/100 brn
|-damage|p2a: 66|79/100 brn|[from] Stealth Rock
|turn|28
|
|t:|1776091418
|switch|p1a: Arcanine|Arcanine-Hisui, F|81/100
|switch|p2a: 77|Tornadus-Therian, M|93/100
|-damage|p2a: 77|68/100|[from] Stealth Rock
|
|upkeep
|turn|29
|
|t:|1776091426
|move|p2a: 77|Focus Blast|p1a: Arcanine
|-supereffective|p1a: Arcanine
|-damage|p1a: Arcanine|0 fnt
|faint|p1a: Arcanine
|-damage|p2a: 77|58/100|[from] item: Life Orb
|
|upkeep
|j| Monkey D MinMin
|
|t:|1776091432
|switch|p1a: Dragapult|Dragapult, F|21/100
|-damage|p1a: Dragapult|9/100|[from] Stealth Rock
|turn|30
|
|t:|1776091449
|switch|p2a: Barnaby|Primarina, F|88/100
|-damage|p2a: Barnaby|76/100|[from] Stealth Rock
|move|p1a: Dragapult|Shadow Ball|p2a: Barnaby
|-damage|p2a: Barnaby|26/100
|
|upkeep
|turn|31
|
|t:|1776091457
|move|p1a: Dragapult|Shadow Ball|p2a: Barnaby
|-damage|p2a: Barnaby|0 fnt
|faint|p2a: Barnaby
|
|upkeep
|
|t:|1776091460
|switch|p2a: 66|Amoonguss, F|100/100 brn
|-damage|p2a: 66|88/100 brn|[from] Stealth Rock
|turn|32
|
|t:|1776091466
|move|p1a: Dragapult|Shadow Ball|p2a: 66
|-damage|p2a: 66|41/100 brn
|move|p2a: 66|Toxic|p1a: Dragapult
|-status|p1a: Dragapult|tox
|
|-damage|p1a: Dragapult|3/100 tox|[from] psn
|-damage|p2a: 66|34/100 brn|[from] brn
|upkeep
|turn|33
|
|t:|1776091475
|move|p1a: Dragapult|Shadow Ball|p2a: 66
|-damage|p2a: 66|0 fnt
|faint|p2a: 66
|
|-damage|p1a: Dragapult|0 fnt|[from] psn
|faint|p1a: Dragapult
|upkeep
|
|t:|1776091483
|switch|p1a: Ogerpon|Ogerpon-Wellspring, F|43/100
|switch|p2a: 77|Tornadus-Therian, M|91/100
|-damage|p2a: 77|66/100|[from] Stealth Rock
|-damage|p1a: Ogerpon|31/100|[from] Stealth Rock
|turn|34
|
|t:|1776091492
|move|p2a: 77|Bleakwind Storm|p1a: Ogerpon
|-supereffective|p1a: Ogerpon
|-damage|p1a: Ogerpon|0 fnt
|faint|p1a: Ogerpon
|-damage|p2a: 77|56/100|[from] item: Life Orb
|
|win|takeyouout
|raw|songgea's rating: 1699 &rarr; <strong>1677</strong><br />(-22 for losing)
|raw|takeyouout's rating: 1663 &rarr; <strong>1685</strong><br />(+22 for winning)
|c|☆takeyouout|gg
