|html|<div class="broadcast-blue"><strong>[Gen 9] OU is currently suspecting Tera Blast! For information on how to participate check out the <a href="https://www.smogon.com/tools/suspects/view/200">suspect thread</a>.</strong></div>
|j|☆jamussy1
|j|☆Thepalulumon
|t:|1776203153
|gametype|singles
|player|p1|jamussy1|cameraman|1126
|player|p2|Thepalulumon|bruno|1094
|gen|9
|tier|[Gen 9] OU
|rated|
|rule|HP Percentage Mod: HP is shown in percentages
|rule|Endless Battle Clause: Forcing endless battles is banned
|rule|Species Clause: Limit one of each Pokémon
|rule|OHKO Clause: OHKO moves are banned
|rule|Evasion Items Clause: Evasion items are banned
|rule|Evasion Moves Clause: Evasion moves are banned
|rule|Evasion Abilities Clause: Evasion abilities are banned
|rule|Sleep Moves Clause: Sleep-inducing moves are banned
|clearpoke
|poke|p1|Dragapult, F|
|poke|p1|Iron Valiant|
|poke|p1|Jolteon, F|
|poke|p1|Weavile, M|
|poke|p1|Cinderace, F|
|poke|p1|Gliscor, F|
|poke|p2|Forretress, M|
|poke|p2|Gastrodon-East, M|
|poke|p2|Blaziken, F|
|poke|p2|Comfey, M|
|poke|p2|Necrozma|
|poke|p2|Goodra-Hisui, F|
|teampreview
|
|t:|1776203167
|teamsize|p1|6
|teamsize|p2|6
|start
|switch|p1a: Gliscor|Gliscor, F|100/100
|switch|p2a: Gastrodon|Gastrodon-East, M|100/100
|turn|1
|
|t:|1776203179
|move|p1a: Gliscor|Stealth Rock|p2a: Gastrodon
|-sidestart|p2: Thepalulumon|move: Stealth Rock
|move|p2a: Gastrodon|Surf|p1a: Gliscor
|-supereffective|p1a: Gliscor
|-damage|p1a: Gliscor|23/100
|
|-status|p1a: Gliscor|tox|[from] item: Toxic Orb
|upkeep
|turn|2
|
|t:|1776203189
|move|p1a: Gliscor|U-turn|p2a: Gastrodon
|-damage|p2a: Gastrodon|83/100
|
|t:|1776203198
|switch|p1a: Iron Valiant|Iron Valiant, shiny|100/100|[from] U-turn
|-enditem|p1a: Iron Valiant|Booster Energy
|-activate|p1a: Iron Valiant|ability: Quark Drive|[fromitem]
|-start|p1a: Iron Valiant|quarkdrivespe
|move|p2a: Gastrodon|Surf|p1a: Iron Valiant
|-damage|p1a: Iron Valiant|40/100
|
|-heal|p2a: Gastrodon|89/100|[from] item: Leftovers
|upkeep
|turn|3
|
|t:|1776203215
|move|p1a: Iron Valiant|Moonblast|p2a: Gastrodon
|-damage|p2a: Gastrodon|53/100
|-unboost|p2a: Gastrodon|spa|1
|move|p2a: Gastrodon|Surf|p1a: Iron Valiant
|-damage|p1a: Iron Valiant|2/100
|
|-heal|p2a: Gastrodon|59/100|[from] item: Leftovers
|upkeep
|turn|4
|
|t:|1776203226
|move|p1a: Iron Valiant|Close Combat|p2a: Gastrodon
|-damage|p2a: Gastrodon|17/100
|-unboost|p1a: Iron Valiant|def|1
|-unboost|p1a: Iron Valiant|spd|1
|move|p2a: Gastrodon|Surf|p1a: Iron Valiant
|-damage|p1a: Iron Valiant|0 fnt
|faint|p1a: Iron Valiant
|-end|p1a: Iron Valiant|Quark Drive|[silent]
|
|-heal|p2a: Gastrodon|24/100|[from] item: Leftovers
|upkeep
|
|t:|1776203236
|switch|p1a: Cinderace|Cinderace, F|100/100
|turn|5
|
|t:|1776203242
|move|p1a: Cinderace|Sucker Punch|p2a: Gastrodon
|-start|p1a: Cinderace|typechange|Dark|[from] ability: Libero
|-damage|p2a: Gastrodon|0 fnt
|faint|p2a: Gastrodon
|
|upkeep
|
|t:|1776203249
|switch|p2a: Comfey|Comfey, M, shiny|100/100
|-damage|p2a: Comfey|88/100|[from] Stealth Rock
|turn|6
|
|t:|1776203256
|move|p2a: Comfey|Draining Kiss|p1a: Cinderace
|-supereffective|p1a: Cinderace
|-damage|p1a: Cinderace|36/100
|-heal|p2a: Comfey|100/100|[from] drain|[of] p1a: Cinderace
|-damage|p2a: Comfey|91/100|[from] item: Life Orb
|move|p1a: Cinderace|Pyro Ball|p2a: Comfey
|-damage|p2a: Comfey|48/100
|
|upkeep
|turn|7
|
|t:|1776203273
|move|p2a: Comfey|Draining Kiss|p1a: Cinderace
|-supereffective|p1a: Cinderace
|-damage|p1a: Cinderace|0 fnt
|-heal|p2a: Comfey|74/100|[from] drain|[of] p1a: Cinderace
|faint|p1a: Cinderace
|-damage|p2a: Comfey|64/100|[from] item: Life Orb
|
|upkeep
|
|t:|1776203280
|switch|p1a: Dragapult|Dragapult, F|100/100
|turn|8
|
|t:|1776203286
|move|p2a: Comfey|Draining Kiss|p1a: Dragapult
|-supereffective|p1a: Dragapult
|-damage|p1a: Dragapult|32/100
|-heal|p2a: Comfey|100/100|[from] drain|[of] p1a: Dragapult
|-damage|p2a: Comfey|91/100|[from] item: Life Orb
|move|p1a: Dragapult|Shadow Ball|p2a: Comfey
|-damage|p2a: Comfey|34/100
|
|upkeep
|turn|9
|
|t:|1776203296
|-terastallize|p1a: Dragapult|Ghost
|move|p2a: Comfey|Draining Kiss|p1a: Dragapult
|-damage|p1a: Dragapult|0 fnt
|-heal|p2a: Comfey|58/100|[from] drain|[of] p1a: Dragapult
|faint|p1a: Dragapult
|-damage|p2a: Comfey|48/100|[from] item: Life Orb
|
|upkeep
|
|t:|1776203304
|switch|p1a: Weavile|Weavile, M|100/100
|-ability|p1a: Weavile|Pressure
|turn|10
|inactive|Battle timer is ON: inactive players will automatically lose when time's up. (requested by Thepalulumon)
|
|t:|1776203311
|move|p2a: Comfey|Draining Kiss|p1a: Weavile
|-supereffective|p1a: Weavile
|-damage|p1a: Weavile|28/100
|-heal|p2a: Comfey|98/100|[from] drain|[of] p1a: Weavile
|-damage|p2a: Comfey|88/100|[from] item: Life Orb
|move|p1a: Weavile|Ice Shard|p2a: Comfey
|-damage|p2a: Comfey|67/100
|
|upkeep
|turn|11
|-message|jamussy1 forfeited.
|
|win|Thepalulumon
|raw|jamussy1's rating: 1126 &rarr; <strong>1099</strong><br />(-27 for losing)
|raw|Thepalulumon's rating: 1094 &rarr; <strong>1122</strong><br />(+28 for winning)
|l|☆jamussy1
|player|p1|
