|html|<div class="broadcast-blue"><strong>[Gen 9] OU is currently suspecting Tera Blast! For information on how to participate check out the <a href="https://www.smogon.com/tools/suspects/view/200">suspect thread</a>.</strong></div>
|j|☆galvantulaglazer2
|j|☆NTMF
|t:|1776044493
|gametype|singles
|player|p1|galvantulaglazer2|pokemaniac|1140
|player|p2|NTMF|palmer|1176
|gen|9
|tier|[Gen 9] OU
|rated|
|rule|HP Percentage Mod: HP is shown in percentages
|rule|Endless Battle Clause: Forcing endless battles is banned
|rule|Species Clause: Limit one of each Pokémon
|rule|OHKO Clause: OHKO moves are banned
|rule|Evasion Items Clause: Evasion items are banned
|rule|Evasion Moves Clause: Evasion moves are banned
|rule|Evasion Abilities Clause: Evasion abilities are banned
|rule|Sleep Moves Clause: Sleep-inducing moves are banned
|clearpoke
|poke|p1|Galvantula, M|
|poke|p1|Komala, M|
|poke|p1|Sinistcha|
|poke|p1|Mew|
|poke|p1|Rotom-Wash|
|poke|p1|Garchomp, F|
|poke|p2|Gholdengo|
|poke|p2|Ogerpon, F|
|poke|p2|Rillaboom, M|
|poke|p2|Samurott-Hisui, M|
|poke|p2|Glimmora, M|
|poke|p2|Raging Bolt|
|teampreview
|inactive|Battle timer is ON: inactive players will automatically lose when time's up. (requested by NTMF)
|inactive|galvantulaglazer2 also wants the timer to be on.
|
|t:|1776044502
|teamsize|p1|6
|teamsize|p2|6
|start
|switch|p1a: Galvantula|Galvantula, M, shiny|100/100
|switch|p2a: Glimmora|Glimmora, M, shiny|100/100
|turn|1
|
|t:|1776044506
|move|p1a: Galvantula|Thunder|p2a: Glimmora|[miss]
|-miss|p1a: Galvantula|p2a: Glimmora
|move|p2a: Glimmora|Stealth Rock|p1a: Galvantula
|-sidestart|p1: galvantulaglazer2|move: Stealth Rock
|
|upkeep
|turn|2
|
|t:|1776044512
|move|p1a: Galvantula|Thunder|p2a: Glimmora
|-damage|p2a: Glimmora|59/100
|-enditem|p2a: Glimmora|Red Card|[of] p1a: Galvantula
|drag|p1a: Mew|Mew|100/100
|-damage|p1a: Mew|88/100|[from] Stealth Rock
|move|p2a: Glimmora|Power Gem|p1a: Mew
|-damage|p1a: Mew|69/100
|
|-heal|p1a: Mew|75/100|[from] item: Leftovers
|upkeep
|turn|3
|
|t:|1776044523
|move|p1a: Mew|Light Screen|p1a: Mew
|-sidestart|p1: galvantulaglazer2|move: Light Screen
|move|p2a: Glimmora|Mortal Spin|p1a: Mew
|-damage|p1a: Mew|70/100
|-status|p1a: Mew|psn
|-activate|p1a: Mew|ability: Synchronize
|-immune|p2a: Glimmora
|
|-heal|p1a: Mew|76/100 psn|[from] item: Leftovers
|-damage|p1a: Mew|63/100 psn|[from] psn
|upkeep
|turn|4
|
|t:|1776044534
|switch|p1a: Rotom|Rotom-Wash|100/100
|-damage|p1a: Rotom|88/100|[from] Stealth Rock
|move|p2a: Glimmora|Earth Power|p1a: Rotom
|-immune|p1a: Rotom|[from] ability: Levitate
|
|-heal|p1a: Rotom|94/100|[from] item: Leftovers
|upkeep
|turn|5
|
|t:|1776044542
|move|p1a: Rotom|Hydro Pump|p2a: Glimmora
|-supereffective|p2a: Glimmora
|-damage|p2a: Glimmora|0 fnt
|faint|p2a: Glimmora
|
|-heal|p1a: Rotom|100/100|[from] item: Leftovers
|upkeep
|
|t:|1776044546
|switch|p2a: Rillaboom|Rillaboom, M, shiny|100/100
|-fieldstart|move: Grassy Terrain|[from] ability: Grassy Surge|[of] p2a: Rillaboom
|turn|6
|
|t:|1776044552
|move|p2a: Rillaboom|Swords Dance|p2a: Rillaboom
|-boost|p2a: Rillaboom|atk|2
|move|p1a: Rotom|Volt Switch|p2a: Rillaboom
|-resisted|p2a: Rillaboom
|-crit|p2a: Rillaboom
|-damage|p2a: Rillaboom|67/100
|
|t:|1776044561
|switch|p1a: Mew|Mew|63/100 psn|[from] Volt Switch
|-damage|p1a: Mew|51/100 psn|[from] Stealth Rock
|
|-heal|p2a: Rillaboom|73/100|[from] Grassy Terrain
|-heal|p1a: Mew|57/100 psn|[from] Grassy Terrain
|-heal|p1a: Mew|63/100 psn|[from] item: Leftovers
|-damage|p1a: Mew|51/100 psn|[from] psn
|upkeep
|turn|7
|
|t:|1776044576
|move|p2a: Rillaboom|Grassy Glide|p1a: Mew
|-damage|p1a: Mew|0 fnt
|faint|p1a: Mew
|-damage|p2a: Rillaboom|63/100|[from] item: Life Orb
|
|-heal|p2a: Rillaboom|69/100|[from] Grassy Terrain
|-sideend|p1: galvantulaglazer2|move: Light Screen
|upkeep
|
|t:|1776044585
|switch|p1a: Galvantula|Galvantula, M, shiny|100/100
|-damage|p1a: Galvantula|76/100|[from] Stealth Rock
|turn|8
|
|t:|1776044597
|move|p1a: Galvantula|Bug Buzz|p2a: Rillaboom
|-supereffective|p2a: Rillaboom
|-damage|p2a: Rillaboom|0 fnt
|faint|p2a: Rillaboom
|
|-heal|p1a: Galvantula|82/100|[from] Grassy Terrain
|upkeep
|
|t:|1776044606
|switch|p2a: Ogerpon|Ogerpon, F|100/100
|turn|9
|
|t:|1776044610
|move|p2a: Ogerpon|Rock Tomb|p1a: Galvantula
|-supereffective|p1a: Galvantula
|-damage|p1a: Galvantula|0 fnt
|faint|p1a: Galvantula
|
|upkeep
|
|t:|1776044615
|switch|p1a: Komala|Komala, M|100/100
|-damage|p1a: Komala|88/100|[from] Stealth Rock
|-ability|p1a: Komala|Comatose
|turn|10
|
|t:|1776044625
|switch|p2a: Samurott|Samurott-Hisui, M, shiny|100/100
|move|p1a: Komala|Rapid Spin|p2a: Samurott
|-damage|p2a: Samurott|66/100
|-boost|p1a: Komala|spe|1
|-sideend|p1: galvantulaglazer2|Stealth Rock|[from] move: Rapid Spin|[of] p1a: Komala
|
|-heal|p2a: Samurott|72/100|[from] Grassy Terrain
|-heal|p1a: Komala|94/100|[from] Grassy Terrain
|-heal|p1a: Komala|99/100|[from] item: Leftovers
|-fieldend|move: Grassy Terrain
|upkeep
|turn|11
|
|t:|1776044631
|move|p2a: Samurott|Knock Off|p1a: Komala
|-damage|p1a: Komala|15/100
|-enditem|p1a: Komala|Leftovers|[from] move: Knock Off|[of] p2a: Samurott
|move|p1a: Komala|Body Slam|p2a: Samurott
|-damage|p2a: Samurott|11/100
|
|upkeep
|turn|12
|
|t:|1776044638
|switch|p1a: Garchomp|Garchomp, F|100/100
|move|p2a: Samurott|Flip Turn|p1a: Garchomp
|-damage|p1a: Garchomp|80/100
|-damage|p2a: Samurott|0 fnt|[from] ability: Rough Skin|[of] p1a: Garchomp
|faint|p2a: Samurott
|
|upkeep
|
|t:|1776044646
|switch|p2a: Ogerpon|Ogerpon, F|100/100
|turn|13
|
|t:|1776044653
|move|p2a: Ogerpon|Ivy Cudgel|p1a: Garchomp
|-damage|p1a: Garchomp|31/100
|move|p1a: Garchomp|Dragon Tail|p2a: Ogerpon
|-damage|p2a: Ogerpon|69/100
|drag|p2a: Raging Bolt|Raging Bolt|100/100
|-enditem|p2a: Raging Bolt|Booster Energy
|-activate|p2a: Raging Bolt|ability: Protosynthesis|[fromitem]
|-start|p2a: Raging Bolt|protosynthesisspa
|
|upkeep
|turn|14
|
|t:|1776044664
|-terastallize|p2a: Raging Bolt|Fairy
|move|p1a: Garchomp|Earthquake|p2a: Raging Bolt
|-damage|p2a: Raging Bolt|60/100
|move|p2a: Raging Bolt|Dragon Pulse|p1a: Garchomp
|-supereffective|p1a: Garchomp
|-damage|p1a: Garchomp|0 fnt
|faint|p1a: Garchomp
|
|upkeep
|
|t:|1776044667
|switch|p1a: Sinistcha|Sinistcha|100/100
|turn|15
|
|t:|1776044675
|move|p2a: Raging Bolt|Dragon Pulse|p1a: Sinistcha
|-damage|p1a: Sinistcha|16/100
|move|p1a: Sinistcha|Calm Mind|p1a: Sinistcha
|-boost|p1a: Sinistcha|spa|1
|-boost|p1a: Sinistcha|spd|1
|
|upkeep
|turn|16
|-message|galvantulaglazer2 forfeited.
|
|win|NTMF
|raw|galvantulaglazer2's rating: 1140 &rarr; <strong>1118</strong><br />(-22 for losing)
|raw|NTMF's rating: 1176 &rarr; <strong>1198</strong><br />(+22 for winning)
|l|☆galvantulaglazer2
|player|p1|
|l|☆NTMF
|player|p2|
